<mjloggm ver="2.3"><GO type="169" lobby="0"/><UN n0="%E6%99%A8%E6%98%8F%E5%B0%8D%E5%B3%99" n1="%41%43%73" n2="%E7%A5%9E%E3%81%AE%E5%8F%B3%E5%B8%AD" n3="%E5%A7%AB%E7%95%99" dan="17,16,16,16" rate="2207.24,2126.20,2152.40,2120.03" sx="M,M,M,M"/><TAIKYOKU oya="0"/><INIT seed="0,0,0,3,0,74" ten="250,250,250,250" oya="0" hai0="10,53,45,0,2,46,110,119,114,133,128,20,106" hai1="57,96,49,54,38,97,134,50,90,6,32,103,8" hai2="62,131,82,88,121,30,116,9,109,40,42,63,41" hai3="55,66,135,36,83,48,17,99,132,113,58,65,16"/><T105/><D119/><U34/><E38/><V125/><F121/><W26/><G113/><T129/><D114/><U94/><E134/><N who="3" m="51242" /><G36/><T22/><D10/><U25/><E25/><V52/><F109/><W127/><G127/><T5/><D133/><U112/><E50/><V12/><F125/><W75/><G99/><T3/><D5/><U56/><E56/><N who="2" m="35079" /><F131/><N who="0" m="50250" /><D53/><U86/><E97/><V91/><F116/><W59/><G59/><T76/><D76/><U81/><REACH who="1" step="1"/><E112/><REACH who="1" ten="250,240,250,250" step="2"/><V39/><F39/><W101/><G101/><T104/><D110/><U60/><E60/><V35/><F63/><W93/><G26/><T1/><N who="0" m="0" /><DORA hai="69" /><T98/><D98/><U7/><E7/><N who="2" m="3135" /><F35/><W115/><G115/><T27/><D27/><U31/><E31/><V78/><F30/><W72/><G58/><T77/><D77/><U95/><E95/><V28/><F28/><W126/><G93/><T29/><D29/><U21/><E21/><AGARI ba="0,1" hai="20,21,22,45,46,104,105,106" m="0,50250" machi="21" ten="70,12000,1" yaku="28,2,19,1" doraHai="74,69" who="0" fromWho="1" sc="250,130,240,-120,250,0,250,0" /><INIT seed="0,1,0,2,0,104" ten="380,120,250,250" oya="0" hai0="19,70,74,23,102,75,56,55,134,127,119,52,105" hai1="125,110,71,83,31,61,89,131,10,5,34,78,117" hai2="35,112,111,59,41,93,92,65,28,66,58,17,47" hai3="84,116,126,62,25,24,135,49,86,128,76,0,18"/><T95/><D70/><U123/><E117/><V85/><F112/><W68/><G116/><T50/><D119/><U6/><E123/><V33/><F111/><W124/><G0/><T87/><D127/><N who="3" m="48681" /><G135/><T30/><D30/><U97/><E125/><V11/><F28/><W107/><G107/><T51/><D134/><U29/><E5/><V8/><F85/><N who="3" m="32875" /><G128/><T73/><D105/><U21/><E34/><V16/><REACH who="2" step="1"/><F47/><REACH who="2" ten="380,120,240,250" step="2"/><W32/><G32/><T114/><D114/><U39/><E110/><V12/><F12/><W79/><G25/><T37/><D37/><U38/><E39/><V57/><F57/><W54/><G68/><T80/><D80/><U45/><E131/><V72/><F72/><W96/><G96/><T100/><D51/><U132/><E132/><V20/><F20/><N who="3" m="13335" /><G62/><T129/><D129/><U88/><E97/><V94/><F94/><W36/><G36/><T103/><D73/><N who="1" m="43471" /><E71/><V120/><F120/><W115/><G115/><T42/><D74/><U113/><E113/><V13/><F13/><W133/><G133/><T7/><D75/><U15/><E61/><V99/><F99/><W9/><G9/><T46/><D87/><U4/><E31/><V26/><F26/><W106/><G106/><T3/><D95/><U121/><E121/><V44/><F44/><AGARI ba="1,1" hai="44,49,54,76,79" m="13335,32875,48681" machi="44" ten="30,1000,0" yaku="18,1" doraHai="104" who="3" fromWho="2" sc="380,0,120,0,240,-13,250,23" /><INIT seed="1,0,0,1,1,119" ten="380,120,227,273" oya="1" hai0="22,109,117,44,56,73,52,63,77,30,45,0,53" hai1="110,103,85,69,124,14,42,93,43,40,71,20,129" hai2="87,64,66,88,21,133,108,96,121,74,36,41,135" hai3="1,29,34,120,60,16,90,48,118,72,84,112,91"/><U130/><E124/><V123/><F74/><W126/><G126/><T33/><D0/><U75/><E75/><V92/><F108/><W80/><G112/><T95/><D33/><U97/><E110/><V47/><F21/><W9/><G1/><T23/><D109/><U128/><E85/><V26/><F26/><W31/><G118/><T134/><D134/><N who="2" m="51210" /><F87/><W54/><G60/><T65/><D117/><U79/><REACH who="1" step="1"/><E79/><REACH who="1" ten="380,110,227,273" step="2"/><V25/><F25/><W59/><G72/><T8/><D77/><U57/><E57/><V98/><F98/><W122/><G84/><T55/><D73/><U13/><E13/><V39/><F39/><W62/><G59/><T15/><D30/><U38/><E38/><V94/><F94/><W17/><G120/><AGARI ba="0,1" hai="36,41,47,64,66,88,92,96,120,121,123" m="51210" machi="120" ten="30,8000,1" yaku="20,1,52,3,54,1" doraHai="119" who="2" fromWho="3" sc="380,0,110,0,227,90,273,-80" /><INIT seed="2,0,0,2,0,78" ten="380,110,317,193" oya="2" hai0="44,36,103,90,22,6,31,19,93,49,106,121,37" hai1="60,17,95,80,54,126,104,13,40,18,2,14,77" hai2="79,129,94,119,21,25,42,85,7,87,67,97,24" hai3="12,131,33,47,0,28,124,91,32,3,27,52,71"/><V117/><F129/><W113/><G71/><T57/><D121/><U89/><E104/><V11/><F67/><W29/><G131/><T110/><D110/><U35/><E35/><V41/><F117/><W105/><G105/><T30/><D6/><U83/><E2/><V69/><F69/><W5/><G124/><T45/><D103/><U65/><E40/><V50/><F119/><W9/><G113/><T56/><D106/><U128/><E126/><V8/><F25/><W111/><G111/><T108/><D108/><U101/><E101/><V86/><F79/><W133/><G133/><T130/><D130/><U63/><E54/><V39/><F39/><W66/><G66/><T134/><D37/><U73/><E128/><V100/><F50/><W115/><G115/><T75/><D36/><U123/><E123/><V46/><F46/><N who="0" m="18026" /><D75/><U82/><E77/><V116/><F116/><W92/><G29/><N who="0" m="10763" /><D49/><U15/><E73/><V64/><F64/><W88/><G32/><T51/><D51/><U26/><E26/><V102/><F102/><W59/><G47/><T99/><D134/><U120/><E120/><V127/><F127/><W16/><G5/><T107/><D107/><U53/><E53/><V84/><N who="2" m="21504" /><DORA hai="132" /><V72/><F72/><W76/><G76/><T1/><D1/><U135/><E135/><V98/><F7/><W68/><G68/><T118/><D118/><U62/><E65/><V81/><F42/><W38/><G38/><T114/><D114/><U70/><E70/><V4/><F41/><W109/><G3/><T23/><D19/><U112/><E112/><RYUUKYOKU ba="0,0" sc="380,15,110,15,317,-15,193,-15" hai0="22,23,56,57,90,93,99" hai1="13,14,15,17,18,60,62,63,80,82,83,89,95" /><INIT seed="3,1,0,5,5,1" ten="395,125,302,178" oya="3" hai0="24,120,74,75,48,116,43,132,73,10,36,108,50" hai1="18,47,102,42,127,114,29,85,27,84,129,60,109" hai2="107,112,28,124,63,17,23,80,99,59,21,81,95" hai3="3,32,133,123,83,130,41,38,62,98,15,61,93"/><W105/><G3/><T71/><D120/><U57/><E114/><V111/><F107/><W82/><G123/><T76/><D116/><U35/><E127/><V131/><F111/><W4/><G105/><T110/><D71/><U22/><E102/><V67/><F131/><W89/><G32/><T77/><D132/><U134/><E109/><N who="0" m="42089" /><D24/><U2/><E2/><V113/><F124/><W121/><G121/><T100/><D100/><U94/><E94/><V65/><F65/><W104/><G104/><T44/><D10/><U69/><E69/><V64/><F64/><W96/><G133/><T20/><D20/><U135/><E129/><V16/><F112/><W45/><G98/><T11/><D11/><U97/><E97/><V13/><F28/><W40/><G40/><T128/><D128/><U125/><E125/><V5/><F5/><W66/><G130/><T126/><D126/><U30/><E30/><V118/><F118/><W49/><G38/><T119/><D119/><U54/><E135/><V34/><F34/><W79/><G66/><T14/><D14/><U92/><E92/><V6/><F6/><W33/><G33/><T19/><D19/><U8/><E134/><V53/><F67/><W72/><REACH who="3" step="1"/><G82/><REACH who="3" ten="395,125,302,168" step="2"/><T103/><D103/><U55/><E42/><V9/><F113/><W46/><G46/><N who="0" m="25695" /><D36/><U90/><E35/><V91/><F9/><AGARI ba="1,1" hai="4,9,15,41,45,49,61,62,72,79,83,89,93,96" machi="9" ten="40,12000,1" yaku="1,1,52,1,53,2" doraHai="1" doraHaiUra="56" who="3" fromWho="2" sc="395,0,125,0,302,-123,168,133" /><INIT seed="3,2,0,4,0,130" ten="395,125,179,301" oya="3" hai0="70,79,20,78,95,93,77,7,27,98,37,71,110" hai1="91,72,105,113,42,34,124,9,128,62,14,89,90" hai2="0,23,131,74,61,44,2,65,76,52,73,50,104" hai3="22,51,118,16,101,43,3,69,108,84,36,83,30"/><W18/><G118/><T11/><D37/><U107/><E113/><V100/><F131/><W86/><G69/><T80/><D80/><U125/><E34/><V133/><F133/><W1/><G36/><T103/><D93/><U115/><E42/><V66/><F66/><W47/><G108/><T58/><D58/><U99/><E128/><V123/><F123/><W5/><G5/><T26/><D26/><U59/><E72/><V67/><F67/><W29/><G18/><T41/><D41/><U126/><E99/><V85/><F85/><W40/><G1/><T119/><D110/><U17/><REACH who="1" step="1"/><E115/><REACH who="1" ten="395,115,179,301" step="2"/><V117/><F74/><W33/><G40/><T54/><D119/><U49/><E49/><V15/><F73/><W68/><G33/><T13/><REACH who="0" step="1"/><D54/><AGARI ba="2,1" hai="9,14,17,54,59,62,89,90,91,105,107,124,125,126" machi="54" ten="50,6400,0" yaku="1,1,18,1,53,1" doraHai="130" doraHaiUra="8" who="1" fromWho="0" sc="395,-70,115,80,179,0,301,0" /><INIT seed="4,0,0,1,1,123" ten="325,195,179,301" oya="0" hai0="24,98,135,6,16,50,120,71,112,134,104,18,121" hai1="89,45,81,8,57,73,51,5,99,111,118,127,59" hai2="19,13,116,32,77,84,7,52,122,103,58,42,131" hai3="25,113,69,92,126,117,133,14,128,85,17,110,82"/><T86/><D71/><U67/><E118/><V49/><F122/><N who="0" m="47210" /><D6/><U1/><E111/><V132/><F32/><W60/><G113/><T31/><D112/><U78/><E127/><V38/><F116/><W105/><G105/><T54/><D86/><U48/><E48/><V10/><F131/><W27/><G117/><T28/><D104/><U26/><E26/><V63/><F132/><N who="0" m="50730" /><D98/><U80/><E67/><V20/><F38/><W87/><G110/><T46/><D31/><U12/><E1/><V90/><F103/><W74/><G133/><T56/><D46/><U83/><E78/><V65/><F77/><W33/><G74/><T34/><AGARI ba="0,0" hai="16,18,24,28,34,50,54,56" m="50730,47210" machi="34" ten="30,3000,0" yaku="20,1,54,1" doraHai="123" who="0" fromWho="0" sc="325,30,195,-10,179,-10,301,-10" /><INIT seed="4,1,0,5,5,61" ten="355,185,169,291" oya="0" hai0="125,39,17,20,38,73,76,34,54,5,94,129,68" hai1="134,126,110,135,6,50,113,42,77,130,111,56,72" hai2="45,80,25,37,79,58,112,7,115,122,12,40,66" hai3="52,55,11,116,36,98,10,1,82,88,90,103,69"/><T22/><D34/><U87/><E72/><V120/><F25/><W86/><G116/><T60/><D125/><U70/><E87/><V24/><F24/><W16/><G36/><T63/><D129/><U96/><E77/><V74/><F12/><N who="3" m="7191" /><G69/><T71/><D5/><U30/><E96/><V47/><F7/><W109/><G1/><T133/><D133/><N who="1" m="50699" /><E30/><V75/><F75/><W67/><G109/><N who="1" m="41482" /><E6/><V46/><F40/><W3/><G3/><T84/><D73/><U127/><E70/><V62/><REACH who="2" step="1"/><F37/><REACH who="2" ten="355,185,159,291" step="2"/><W53/><G11/><T132/><D132/><U81/><E130/><V106/><F106/><W93/><G67/><T2/><D2/><U64/><E113/><AGARI ba="1,1" hai="45,46,47,58,62,66,74,79,80,112,113,115,120,122" machi="113" ten="40,5200,0" yaku="1,1,15,1,52,1,53,0" doraHai="61" doraHaiUra="27" who="2" fromWho="1" sc="355,0,185,-55,159,65,291,0" /><INIT seed="5,0,0,0,3,109" ten="355,130,224,291" oya="1" hai0="81,126,48,124,120,94,127,44,61,85,134,86,77" hai1="70,29,114,49,99,9,66,90,105,11,111,6,22" hai2="35,97,78,129,119,113,63,100,13,51,96,41,1" hai3="98,19,130,62,67,80,135,128,46,15,28,31,92"/><U7/><E111/><V12/><F119/><W132/><G80/><T27/><D134/><N who="3" m="51241" /><G46/><T115/><D115/><U125/><E114/><V93/><F1/><W52/><G98/><T2/><D2/><U91/><E125/><V37/><F37/><W82/><G82/><T104/><D104/><U107/><E70/><V73/><F35/><W23/><G92/><T64/><D120/><U36/><E36/><V112/><F129/><N who="3" m="49771" /><G52/><N who="0" m="29703" /><D27/><N who="1" m="16631" /><E107/><V45/><F97/><W106/><G106/><T79/><D94/><N who="1" m="56791" /><E105/><V40/><F73/><W116/><G116/><T25/><D25/><U34/><E34/><V101/><F101/><W54/><G54/><T56/><D79/><U122/><E122/><V5/><F78/><W58/><AGARI ba="0,0" hai="15,19,23,28,31,58,62,67" m="49771,51241" machi="58" ten="30,2000,0" yaku="20,1,19,1" doraHai="109" who="3" fromWho="3" sc="355,-5,130,-10,224,-5,291,20" /><INIT seed="6,0,0,4,3,126" ten="350,120,219,311" oya="2" hai0="108,25,55,28,14,42,27,107,20,105,75,89,112" hai1="48,47,78,90,85,86,120,39,117,127,8,40,93" hai2="33,49,9,135,12,81,5,134,50,83,99,26,115" hai3="31,131,62,30,44,125,61,34,103,53,15,104,111"/><V36/><F36/><W102/><G111/><T32/><D75/><U113/><E117/><V100/><F115/><W96/><G125/><T24/><D112/><U67/><E113/><V76/><F33/><W123/><G123/><T46/><D108/><U114/><E114/><V74/><F83/><W128/><G103/><T17/><D55/><U118/><E127/><V95/><REACH who="2" step="1"/><F26/><REACH who="2" ten="350,120,209,311" step="2"/><W54/><G34/><T41/><D25/><U79/><E118/><V88/><F88/><W72/><G102/><T21/><D89/><U97/><E120/><V101/><F101/><W23/><G128/><T37/><D41/><U56/><E39/><V109/><F109/><W0/><G131/><T51/><D37/><U71/><E71/><V130/><F130/><W52/><G0/><T98/><D98/><U124/><E124/><V10/><F10/><W91/><G96/><T22/><D32/><U3/><E3/><V84/><F84/><N who="1" m="32361" /><E8/><V92/><F92/><W94/><G94/><T116/><D116/><U132/><E132/><AGARI ba="0,1" hai="5,9,12,49,50,74,76,81,95,99,100,132,134,135" machi="132" ten="40,3900,0" yaku="1,1,20,1,53,0" doraHai="126" doraHaiUra="64" who="2" fromWho="1" sc="350,0,120,-39,209,49,311,0" /><INIT seed="6,1,0,0,1,67" ten="350,81,258,311" oya="2" hai0="112,46,51,83,14,117,34,104,99,130,107,88,7" hai1="114,52,33,47,131,128,58,30,24,120,55,16,32" hai2="74,121,108,60,90,127,13,44,72,89,4,103,53" hai3="116,26,95,15,19,123,35,10,3,12,109,9,122"/><V79/><F121/><W82/><G95/><N who="0" m="56807" /><D34/><U134/><E120/><V73/><F79/><W77/><G116/><T21/><D117/><U20/><E114/><V126/><F103/><W85/><G109/><T97/><D97/><U5/><E134/><V100/><F100/><W31/><REACH who="3" step="1"/><G3/><REACH who="3" ten="350,81,258,301" step="2"/><T29/><D112/><U28/><E5/><AGARI ba="1,1" hai="5,9,10,12,15,19,26,31,35,77,82,85,122,123" machi="5" ten="30,7700,0" yaku="1,1,2,1,7,1,53,1" doraHai="67" doraHaiUra="0" who="3" fromWho="1" sc="350,0,81,-80,258,0,301,90" /><INIT seed="7,0,0,5,5,105" ten="350,1,258,391" oya="3" hai0="92,72,102,46,86,42,26,52,115,91,119,0,62" hai1="1,122,13,55,19,43,58,2,5,20,24,69,54" hai2="40,57,4,3,14,87,31,68,100,47,8,80,128" hai3="73,27,97,21,49,108,76,135,16,111,88,18,35"/><W15/><G135/><T30/><D119/><U112/><E69/><V110/><F110/><N who="3" m="42027" /><G49/><T44/><D115/><U132/><E54/><V56/><F68/><W38/><G38/><T121/><D121/><U96/><E43/><V95/><F3/><W60/><G60/><T64/><D0/><U51/><E96/><V36/><F128/><W41/><G41/><T89/><D72/><U99/><E55/><V67/><F31/><W78/><G73/><T37/><D91/><U17/><E99/><V116/><F67/><W59/><G59/><T10/><D10/><U94/><E58/><V118/><F118/><W125/><G125/><T48/><D102/><U127/><E94/><V9/><F116/><W129/><G129/><T133/><D133/><U61/><E51/><V98/><F9/><N who="3" m="6511" /><G35/><T74/><D74/><U33/><E61/><V106/><F106/><W126/><G126/><T120/><D120/><U124/><E132/><V12/><F12/><W107/><G88/><AGARI ba="0,0" hai="4,8,14,36,40,47,56,57,80,87,88,95,98,100" machi="88" ten="30,2000,0" yaku="7,1,54,1" doraHai="105" who="2" fromWho="3" sc="350,0,1,0,258,20,391,-20" owari="350,15.0,1,-49.9,278,-12.2,371,47.1" /></mjloggm>