<mjloggm ver="2.3"><GO type="225" lobby="0"/><UN n0="%70%68%65%6E%6F%6D%65" n1="%E3%81%BF%E3%81%BF%E3%81%9A" n2="%E4%BF%BA%E3%81%A8%E5%A6%96%E5%A4%A2" n3="%E7%B4%94%E6%BD%94%E3%83%94%E3%83%A9%E3%83%8B%E3%82%A2" dan="16,17,16,16" rate="2185.86,2249.69,2115.36,2183.15" sx="M,M,F,M"/><TAIKYOKU oya="0"/><INIT seed="0,0,0,5,1,90" ten="250,250,250,250" oya="0" hai0="122,0,33,115,47,17,127,102,67,78,4,38,69" hai1="110,45,65,63,128,120,24,131,76,7,98,75,46" hai2="94,39,112,77,44,83,97,116,86,11,99,3,51" hai3="119,50,5,55,101,34,121,31,81,53,21,113,35"/><T108/><D115/><U72/><E120/><V58/><F112/><W43/><G5/><T118/><D122/><U89/><E7/><V123/><F123/><W28/><G119/><T107/><D118/><U40/><E110/><V96/><F116/><W88/><G101/><T84/><D33/><U60/><E24/><V56/><F39/><W62/><G43/><T66/><D67/><U26/><E26/><V61/><F3/><W42/><G42/><T49/><D38/><U1/><E1/><V111/><F11/><W106/><G106/><T27/><D66/><U16/><E16/><V135/><F135/><W57/><G21/><T8/><D69/><U19/><E19/><V103/><F111/><W70/><G70/><T95/><D107/><U91/><E98/><N who="2" m="37995" /><F61/><W59/><G113/><T79/><D102/><U20/><E40/><AGARI ba="0,0" hai="40,44,51,56,58,77,83,86,94,99,103" m="37995" machi="40" ten="30,2000,0" yaku="8,1,52,1" doraHai="90" who="2" fromWho="1" sc="250,0,250,-20,250,20,250,0" /><INIT seed="1,0,0,2,0,78" ten="250,230,270,250" oya="1" hai0="107,59,44,42,13,9,86,91,21,105,87,18,101" hai1="54,22,12,104,43,99,0,88,96,39,3,67,77" hai2="112,47,114,127,38,41,130,75,49,57,55,5,100" hai3="131,35,123,79,28,119,14,1,95,85,56,84,66"/><U121/><E121/><V45/><F75/><W68/><G1/><T102/><D105/><U24/><E67/><V74/><F74/><W70/><G131/><T80/><D107/><U48/><E39/><V60/><F100/><W111/><G111/><T113/><D113/><N who="2" m="43626" /><F5/><W76/><G14/><T6/><D59/><U116/><E43/><N who="2" m="22775" /><F130/><W40/><G40/><T63/><D63/><U19/><E77/><V115/><N who="2" m="43634" /><V31/><DORA hai="90" /><F31/><W26/><G56/><T108/><D87/><U8/><E116/><V30/><F30/><W20/><G119/><T27/><REACH who="0" step="1"/><D108/><REACH who="0" ten="240,230,270,250" step="2"/><U71/><E71/><V135/><F135/><W89/><G68/><T106/><D106/><U117/><E117/><V62/><F127/><W64/><G70/><T32/><D32/><U93/><E104/><V58/><F57/><W65/><G123/><T53/><D53/><U120/><E120/><V37/><AGARI ba="0,1" hai="37,41,47,49,55,58,60,62" m="22775,43634" machi="37" ten="40,5200,0" yaku="11,1,34,2" doraHai="78,90" who="2" fromWho="2" sc="240,-13,230,-26,270,62,250,-13" /><INIT seed="2,0,0,0,2,128" ten="227,204,332,237" oya="2" hai0="124,108,55,88,35,71,14,20,61,26,19,42,82" hai1="44,31,24,98,110,78,59,123,18,134,6,68,90" hai2="16,89,54,133,45,99,74,132,129,49,97,111,1" hai3="2,70,122,41,9,85,8,17,112,23,76,86,118"/><V10/><F74/><W127/><G70/><T120/><D120/><U80/><E68/><V100/><F129/><W95/><G118/><T40/><D108/><U115/><E115/><V107/><F107/><W63/><BYE who="2" /><G2/><T0/><D124/><U60/><E110/><V65/><F65/><W57/><G127/><UN n2="%E4%BF%BA%E3%81%A8%E5%A6%96%E5%A4%A2" /><T28/><D0/><U105/><E6/><V53/><F111/><W77/><G41/><T102/><D102/><U3/><E3/><V11/><F100/><W52/><G112/><T29/><D29/><U36/><E18/><V5/><F54/><W126/><G122/><T46/><D71/><U96/><E123/><V4/><F4/><W114/><BYE who="2" /><G114/><T93/><D82/><U130/><E130/><V27/><F27/><UN n2="%E4%BF%BA%E3%81%A8%E5%A6%96%E5%A4%A2" /><W38/><G38/><T81/><D81/><U79/><E105/><V15/><F89/><N who="3" m="53679" /><G126/><T62/><D55/><U37/><E134/><AGARI ba="0,0" hai="1,5,10,11,15,16,45,49,53,97,99,132,133,134" machi="134" ten="40,12000,1" yaku="20,1,52,3,54,1" doraHai="128" who="2" fromWho="1" sc="227,0,204,-120,332,120,237,0" /><INIT seed="2,1,0,0,5,86" ten="227,84,452,237" oya="2" hai0="134,122,112,94,119,95,107,2,29,100,24,66,63" hai1="23,82,108,7,115,113,91,90,131,34,9,88,21" hai2="78,59,79,50,47,135,48,118,27,3,126,73,70" hai3="125,116,64,127,36,18,33,60,71,11,99,1,58"/><V92/><F118/><W124/><G116/><T55/><D119/><U83/><E34/><V43/><F70/><W123/><G33/><T51/><D122/><U13/><E108/><V80/><F3/><W14/><G123/><T68/><D2/><U75/><E131/><V103/><F135/><W114/><G36/><T117/><D112/><U121/><E121/><V104/><F126/><W16/><G1/><T74/><D74/><U25/><E23/><V15/><F79/><W45/><G114/><T4/><D4/><U35/><E35/><V53/><F104/><W129/><G129/><T40/><D40/><U57/><E75/><V96/><F15/><N who="3" m="7295" /><G99/><N who="0" m="61855" /><D134/><U41/><E113/><V12/><F12/><W67/><G45/><N who="0" m="28143" /><D117/><U26/><E115/><V30/><F27/><W102/><G102/><T128/><D128/><U89/><E41/><V62/><REACH who="2" step="1"/><F30/><REACH who="2" ten="227,84,442,237" step="2"/><W105/><G105/><T130/><D130/><U76/><E76/><V120/><F120/><W85/><G71/><T101/><D24/><U19/><N who="1" m="22528" /><DORA hai="0" /><U46/><E26/><V111/><F111/><W84/><G127/><T87/><D29/><U44/><REACH who="1" step="1"/><E57/><REACH who="1" ten="227,74,442,237" step="2"/><V110/><F110/><W56/><G125/><T39/><D68/><U65/><E65/><V28/><F28/><W38/><G124/><T37/><D66/><U10/><E10/><V133/><F133/><W72/><G67/><T6/><D87/><N who="3" m="33353" /><G72/><T54/><D101/><U49/><E49/><AGARI ba="1,2" hai="43,47,48,49,50,53,59,62,73,78,80,92,96,103" machi="49" ten="30,5800,0" yaku="1,1,7,1,53,1" doraHai="86,0" doraHaiUra="98,5" who="2" fromWho="1" sc="227,0,74,-61,442,81,237,0" /><INIT seed="2,2,0,1,1,96" ten="227,13,523,237" oya="2" hai0="10,5,71,21,103,120,3,121,45,17,37,28,117" hai1="63,124,31,64,13,39,9,76,131,123,119,130,134" hai2="29,92,116,19,61,24,50,90,67,81,132,11,86" hai3="115,33,35,106,135,42,6,15,98,66,20,112,128"/><V43/><F116/><W44/><G66/><T111/><D71/><U99/><E119/><V78/><F132/><W27/><G135/><T100/><D117/><U4/><E134/><V1/><F43/><W59/><G59/><T62/><D28/><U80/><E39/><V60/><F50/><N who="3" m="26903" /><G128/><T16/><D17/><U47/><E123/><V22/><F67/><W72/><G72/><T101/><D111/><U8/><E124/><V51/><F51/><W56/><G56/><T53/><D62/><U114/><E114/><N who="3" m="43562" /><G98/><T129/><D129/><U40/><E31/><V88/><F90/><W82/><G82/><T125/><D125/><U109/><E109/><V102/><F60/><W14/><G106/><T127/><D127/><U65/><E9/><V97/><F61/><W36/><G36/><T105/><D105/><U26/><E26/><V49/><F49/><W108/><G108/><T93/><D93/><U69/><E65/><V57/><F57/><W58/><G58/><T18/><D18/><U52/><E52/><V41/><F41/><W0/><G0/><T48/><REACH who="0" step="1"/><D37/><REACH who="0" ten="217,13,523,237" step="2"/><U83/><E99/><V12/><F29/><N who="3" m="17639" /><G6/><T118/><D118/><U73/><REACH who="1" step="1"/><E80/><REACH who="1" ten="217,3,523,237" step="2"/><V74/><F81/><W75/><G75/><T126/><D126/><U84/><E84/><V2/><F74/><W104/><G104/><T30/><D30/><U94/><E94/><V70/><F86/><W122/><G122/><T95/><D95/><U79/><E79/><V23/><F78/><W85/><G85/><T77/><D77/><U55/><E55/><V68/><F92/><W110/><G110/><RYUUKYOKU ba="2,2" sc="217,10,3,10,523,-30,237,10" hai0="3,5,10,16,21,45,48,53,100,101,103,120,121" hai1="4,8,13,40,47,63,64,69,73,76,83,130,131" hai3="14,15,33,35" /><INIT seed="3,3,2,3,1,46" ten="227,13,493,247" oya="3" hai0="131,59,39,60,92,68,1,132,105,97,72,101,18" hai1="96,11,111,128,26,54,108,130,107,113,120,50,129" hai2="127,44,23,61,45,12,134,62,82,114,51,106,123" hai3="125,49,42,75,0,69,40,55,38,63,57,85,48"/><W8/><G75/><T65/><D39/><U53/><E26/><V2/><F2/><W93/><G125/><T86/><D1/><U100/><E11/><V74/><F114/><W4/><G69/><T7/><D7/><U71/><E71/><V14/><F127/><W33/><G33/><T10/><D72/><U95/><E113/><V58/><F106/><W22/><G22/><T76/><D131/><U98/><E120/><V35/><F123/><W122/><G122/><T117/><D117/><U52/><E107/><V112/><F134/><W30/><G30/><T126/><D132/><U102/><E95/><V36/><F36/><W88/><BYE who="2" /><REACH who="3" step="1"/><G38/><REACH who="3" ten="227,13,493,237" step="2"/><T80/><D126/><U5/><E5/><UN n2="%E4%BF%BA%E3%81%A8%E5%A6%96%E5%A4%A2" /><V90/><F35/><W89/><G89/><T34/><D34/><U119/><E119/><V15/><F90/><W66/><G66/><T3/><D68/><U17/><E17/><V81/><F23/><W9/><G9/><T47/><D18/><U99/><REACH who="1" step="1"/><E50/><AGARI ba="3,3" hai="0,4,8,40,42,48,49,50,55,57,63,85,88,93" machi="50" ten="40,12000,1" yaku="1,1,52,3,54,1,53,0" doraHai="46" doraHaiUra="135" who="3" fromWho="1" sc="227,0,13,-129,493,0,237,159" owari="227,-17.3,-116,-61.6,493,59.3,396,19.6" /></mjloggm>