<mjloggm ver="2.3"><GO type="169" lobby="0"/><UN n0="%4D%41%54%59%55%49%E2%98%86" n1="%E5%B7%A8%E6%BB%85" n2="%E5%A4%A7%E7%A9%BA%E3%82%B9%E3%83%90%E3%83%AB%E2%98%86" n3="%E3%81%A6%E3%82%93%E3%81%8F%E3%81%86" dan="17,16,16,16" rate="2198.21,2179.77,2103.46,2174.83" sx="M,F,F,M"/><TAIKYOKU oya="0"/><INIT seed="0,0,0,1,4,129" ten="250,250,250,250" oya="0" hai0="96,31,94,21,131,72,40,51,127,102,36,34,28" hai1="27,115,1,38,118,79,125,16,46,80,4,133,116" hai2="3,13,47,87,11,56,91,126,58,24,81,10,5" hai3="134,103,109,44,70,55,29,59,97,32,52,9,65"/><T101/><D72/><U82/><E125/><V19/><F126/><W108/><G9/><T74/><D74/><U123/><E123/><V37/><F37/><W92/><G29/><T84/><D127/><U71/><E71/><V26/><F26/><W6/><G6/><T45/><D34/><U33/><E115/><V124/><F124/><W60/><G32/><T35/><D35/><U12/><E82/><V76/><F24/><W111/><G44/><T112/><D112/><U95/><E95/><V64/><F64/><W63/><G55/><T22/><D131/><U107/><E107/><V100/><F100/><W15/><G15/><T17/><D36/><U69/><E69/><V23/><F23/><W18/><G18/><T130/><D130/><U73/><E4/><V54/><REACH who="2" step="1"/><F76/><REACH who="2" ten="250,250,240,250" step="2"/><W49/><REACH who="3" step="1"/><G60/><REACH who="3" ten="250,250,240,240" step="2"/><T78/><D22/><U121/><E33/><V89/><F89/><W39/><G39/><T41/><D102/><U86/><E27/><V122/><F122/><W77/><G77/><T114/><D114/><U120/><E79/><V53/><F53/><W7/><G7/><T98/><D40/><U128/><E38/><V43/><F43/><W113/><G113/><T85/><D78/><U83/><E128/><V57/><F57/><W106/><G106/><T8/><D21/><U2/><E120/><V117/><F117/><W62/><G62/><T135/><D41/><U132/><E121/><V68/><F68/><W104/><G104/><T88/><D101/><U75/><E118/><V50/><AGARI ba="0,2" hai="3,5,10,11,13,19,47,50,54,56,58,81,87,91" machi="50" ten="30,8000,1" yaku="1,1,0,1,25,2,53,1" doraHai="129" doraHaiUra="0" who="2" fromWho="2" sc="250,-40,250,-20,240,100,240,-20" /><INIT seed="1,0,0,5,1,72" ten="210,230,340,220" oya="1" hai0="37,26,132,8,44,50,133,64,54,116,134,23,106" hai1="85,135,80,59,128,9,17,53,120,122,41,115,2" hai2="98,1,52,105,0,14,74,117,112,21,24,113,18" hai3="125,104,93,48,51,15,71,81,124,129,67,78,25"/><U62/><E115/><N who="2" m="44107" /><F117/><W66/><G104/><T102/><D116/><U107/><E107/><V4/><F74/><W101/><G129/><T47/><D64/><U114/><E114/><V73/><F73/><W95/><G15/><T19/><D8/><U126/><E128/><V45/><F4/><W84/><G25/><T39/><REACH who="0" step="1"/><D47/><REACH who="0" ten="200,230,340,220" step="2"/><U123/><E9/><V27/><F1/><W65/><G71/><T63/><D63/><U3/><E3/><V46/><F46/><W76/><G65/><T36/><D36/><U77/><E2/><V56/><F45/><W90/><G66/><T58/><D58/><U35/><E123/><V99/><F0/><W110/><G67/><T12/><D12/><U88/><E122/><V16/><F27/><W68/><G68/><T96/><AGARI ba="0,1" hai="19,23,26,37,39,44,50,54,96,102,106,132,133,134" machi="96" ten="40,5200,0" yaku="1,1,0,1,20,1,53,0" doraHai="72" doraHaiUra="118" who="0" fromWho="0" sc="200,62,230,-26,340,-13,220,-13" /><INIT seed="2,0,0,1,0,38" ten="262,204,327,207" oya="2" hai0="78,118,43,113,117,14,100,124,5,22,44,93,40" hai1="28,95,79,17,59,92,10,119,133,26,84,49,7" hai2="108,70,56,104,123,34,53,85,52,98,128,86,39" hai3="50,24,101,35,25,58,74,65,99,80,71,9,107"/><V27/><F70/><W55/><G9/><T19/><D113/><U103/><E119/><N who="0" m="45577" /><D124/><U48/><E133/><V112/><F112/><W67/><G67/><T63/><D78/><U110/><E110/><V130/><F123/><W132/><G24/><T83/><D83/><U73/><E73/><V15/><F39/><W60/><G80/><T116/><N who="0" m="45585" /><T76/><DORA hai="20" /><D76/><U111/><E17/><V0/><F0/><W115/><G115/><T91/><D100/><U64/><E111/><V23/><F108/><W18/><G74/><T62/><D5/><U94/><E103/><N who="2" m="62583" /><F15/><W135/><REACH who="3" step="1"/><G18/><REACH who="3" ten="262,204,327,197" step="2"/><T37/><D19/><U33/><E10/><V36/><F27/><W134/><G134/><T68/><D14/><U32/><E7/><V29/><F23/><W90/><G90/><T114/><D22/><U51/><E64/><V21/><F21/><W31/><AGARI ba="0,1" hai="25,31,35,50,55,58,60,65,71,99,101,107,132,135" machi="31" ten="30,12000,2" yaku="1,1,0,1,25,2,52,1,53,2" doraHai="38,20" doraHaiUra="54,61" who="3" fromWho="3" sc="262,-30,204,-30,327,-60,197,130" /><INIT seed="3,0,0,1,2,119" ten="232,174,267,327" oya="3" hai0="128,18,85,114,37,102,44,22,106,25,3,7,58" hai1="11,62,27,98,63,12,93,10,121,113,57,9,31" hai2="81,96,47,116,14,13,95,100,129,99,55,107,53" hai3="28,92,118,4,132,52,77,124,45,33,23,21,112"/><W1/><G112/><T73/><D73/><U91/><E113/><V76/><F116/><W127/><G118/><T66/><D114/><U68/><E68/><V75/><F129/><W34/><G77/><T103/><D128/><U56/><E121/><V131/><F131/><W125/><G132/><T36/><D3/><U64/><E12/><V94/><F107/><W54/><G92/><T122/><D7/><U30/><REACH who="1" step="1"/><E27/><REACH who="1" ten="232,164,267,327" step="2"/><V69/><F69/><W130/><G130/><T104/><D122/><U120/><E120/><V87/><F14/><W74/><G1/><T6/><D25/><U79/><E79/><V17/><F75/><W48/><G74/><T50/><D6/><U35/><E35/><N who="3" m="13322" /><G4/><T46/><D36/><U109/><E109/><V61/><F61/><W51/><G28/><T115/><D37/><U38/><E38/><V82/><F13/><W19/><G19/><T32/><D18/><U40/><E40/><V80/><F17/><W2/><G2/><T60/><D32/><U43/><E43/><V126/><F76/><W86/><G86/><T49/><D85/><U5/><E5/><V65/><F87/><W123/><G123/><T105/><D115/><U117/><E117/><V71/><F71/><W0/><G0/><T59/><D60/><U88/><E88/><V70/><F70/><W135/><G135/><T42/><D42/><U89/><E89/><V26/><F26/><W8/><G125/><T24/><D24/><U111/><E111/><V41/><F126/><W90/><G124/><T108/><D108/><U16/><E16/><V133/><F133/><RYUUKYOKU ba="0,1" sc="232,-10,164,30,267,-10,327,-10" hai1="9,10,11,30,31,56,57,62,63,64,91,93,98" /><INIT seed="4,1,1,4,0,96" ten="222,194,257,317" oya="0" hai0="41,60,85,109,16,100,48,56,104,52,32,4,121" hai1="102,131,17,6,63,101,114,43,15,83,97,127,124" hai2="39,72,47,9,12,71,95,54,26,108,132,69,133" hai3="61,20,51,65,64,46,19,30,78,40,98,80,50"/><T87/><D121/><U23/><E131/><V59/><F72/><W90/><G30/><T53/><D32/><U11/><E114/><V31/><F108/><W113/><G113/><T68/><D4/><U49/><E97/><V44/><F95/><W0/><G0/><T35/><D35/><U67/><E83/><V22/><F71/><W62/><G62/><T79/><D41/><U86/><E86/><V36/><F69/><W116/><G116/><T120/><D120/><U135/><E135/><N who="2" m="51787" /><F39/><W57/><G90/><T37/><D37/><U45/><E127/><V75/><F75/><W94/><G94/><T123/><D123/><U89/><E89/><V130/><F130/><W88/><G98/><T129/><D129/><U74/><E74/><V77/><F77/><W117/><G78/><T13/><D109/><U14/><REACH who="1" step="1"/><E124/><REACH who="1" ten="222,184,257,317" step="2"/><V119/><F119/><W110/><G117/><T55/><D79/><U105/><E105/><V99/><F99/><W107/><G107/><T66/><D87/><U70/><AGARI ba="1,2" hai="6,11,14,15,17,23,43,45,49,63,67,70,101,102" machi="70" ten="20,8000,1" yaku="1,1,0,1,7,1,52,2,53,0" doraHai="96" doraHaiUra="92" who="1" fromWho="1" sc="222,-41,184,103,257,-21,317,-21" /><INIT seed="5,0,0,5,5,45" ten="181,287,236,296" oya="1" hai0="73,37,10,124,92,4,131,113,122,110,63,135,98" hai1="123,52,6,54,101,78,8,74,11,16,102,58,53" hai2="18,115,61,66,125,96,81,84,2,19,43,77,48" hai3="25,80,35,93,27,79,83,7,100,70,67,3,75"/><U97/><E123/><V118/><F2/><W82/><G70/><T21/><D110/><U129/><E129/><V56/><F118/><W103/><G67/><T1/><D131/><U69/><E69/><V17/><F125/><W132/><G132/><T51/><D37/><U88/><E74/><V38/><F38/><W99/><G103/><N who="1" m="39434" /><E78/><V111/><F111/><W89/><G3/><T13/><D73/><U106/><E106/><V0/><F0/><W121/><G7/><T39/><D39/><U117/><E6/><V114/><F96/><W120/><G25/><T60/><D135/><U71/><E71/><V91/><F77/><N who="3" m="44095" /><G27/><T5/><D124/><U40/><E40/><V20/><F20/><W119/><G35/><T47/><D122/><N who="3" m="47209" /><G119/><T134/><D134/><U34/><E34/><V65/><F65/><W50/><G50/><T42/><D4/><U57/><E117/><V23/><F23/><W36/><G36/><T44/><D1/><U87/><E97/><V22/><F22/><W49/><G49/><T12/><D21/><U31/><E31/><V107/><F107/><N who="3" m="63903" /><G79/><T46/><D12/><N who="1" m="7175" /><E11/><V26/><F26/><W109/><G109/><T68/><D68/><U95/><AGARI ba="0,0" hai="52,53,54,57,58,87,88,95" m="7175,39434" machi="95" ten="30,11700,0" yaku="8,1,54,3" doraHai="45" who="1" fromWho="1" sc="181,-39,287,117,236,-39,296,-39" /><INIT seed="5,1,0,5,5,59" ten="142,404,197,257" oya="1" hai0="27,28,7,100,104,4,57,102,93,81,52,12,5" hai1="73,77,41,83,116,113,56,111,30,105,43,38,14" hai2="115,10,40,125,32,88,25,118,121,97,0,130,135" hai3="1,126,61,9,47,46,26,80,109,37,36,131,42"/><U106/><E116/><V24/><F40/><W34/><G109/><T123/><D104/><U50/><E113/><V91/><F118/><W92/><G131/><T110/><D110/><U68/><E68/><V2/><F121/><W21/><G126/><T85/><D123/><U120/><E120/><V78/><F78/><W103/><G34/><T29/><D12/><U23/><E38/><V89/><F97/><W17/><G80/><T51/><D93/><U64/><E111/><V101/><F101/><W84/><G1/><T119/><D119/><U95/><E95/><V13/><F125/><W65/><G9/><T33/><REACH who="0" step="1"/><D29/><REACH who="0" ten="132,404,197,257" step="2"/><U44/><E30/><V76/><F13/><W79/><G92/><T20/><D20/><U8/><E23/><V132/><F2/><W60/><G103/><T134/><D134/><U45/><E14/><V62/><F0/><W129/><G129/><T75/><D75/><U86/><E73/><V54/><F130/><W69/><G21/><T6/><N who="0" m="1024" /><DORA hai="15" /><T99/><D99/><U127/><E127/><V112/><F135/><W22/><G79/><AGARI ba="1,1" hai="27,28,33,51,52,57,79,81,85,100,102" m="1024" machi="79" ten="50,3200,0" yaku="1,1,54,1,53,0" doraHai="59,15" doraHaiUra="122,124" who="0" fromWho="3" sc="132,45,404,0,197,0,257,-35" /><INIT seed="6,0,0,0,4,40" ten="177,404,197,222" oya="2" hai0="32,3,89,33,101,24,79,34,133,63,57,47,69" hai1="20,71,64,81,75,100,70,97,108,85,107,21,52" hai2="45,123,35,86,129,61,30,72,16,121,109,17,73" hai3="124,51,37,87,93,67,46,110,103,116,14,130,111"/><V53/><F129/><W23/><G116/><T95/><D3/><U15/><E108/><V36/><F109/><W11/><G130/><T98/><D133/><U94/><E52/><V118/><F118/><W10/><G124/><T59/><D79/><U92/><E92/><V31/><F86/><W7/><G37/><T114/><D114/><U76/><E64/><V134/><F53/><W8/><G67/><T78/><D78/><U90/><E15/><V105/><F105/><W19/><G7/><T41/><D24/><U5/><E5/><V132/><F61/><W39/><G39/><T125/><D125/><U9/><E9/><V44/><F36/><W2/><G2/><T65/><REACH who="0" step="1"/><D101/><REACH who="0" ten="167,404,197,222" step="2"/><U12/><E12/><V112/><F35/><W48/><G111/><T55/><D55/><U27/><E27/><V54/><F54/><W60/><G110/><T88/><D88/><U77/><E76/><V91/><F91/><W96/><G60/><T4/><D4/><U68/><AGARI ba="0,1" hai="20,21,68,70,71,75,77,81,85,90,94,97,100,107" machi="68" ten="30,4000,0" yaku="0,1,24,2" doraHai="40" who="1" fromWho="1" sc="167,-10,404,50,197,-20,222,-10" /><INIT seed="7,0,0,2,3,30" ten="157,454,177,212" oya="3" hai0="121,76,133,68,22,85,21,33,110,120,66,5,74" hai1="31,44,130,131,116,108,13,50,84,27,51,90,117" hai2="29,98,88,94,58,6,92,47,75,62,100,77,109" hai3="106,127,39,37,107,53,95,69,70,104,7,16,82"/><W34/><G127/><T111/><D85/><U99/><E99/><V73/><F109/><N who="0" m="41482" /><D21/><U102/><E102/><V57/><F57/><W81/><G53/><T123/><D22/><U128/><E13/><V45/><F29/><W36/><G7/><T112/><D5/><U125/><E125/><V12/><F77/><W105/><G105/><T60/><D133/><U1/><E1/><V46/><F12/><W38/><G38/><T101/><D101/><U97/><E97/><V8/><F8/><W86/><G16/><T63/><D60/><U48/><E44/><V113/><F6/><W103/><G34/><T91/><D91/><U43/><E43/><V114/><F94/><W19/><G19/><T35/><D112/><N who="2" m="43114" /><F100/><W124/><G124/><T59/><D59/><U89/><E108/><V126/><F126/><W119/><G103/><T4/><D4/><U9/><E9/><V41/><F41/><W132/><G95/><T14/><D14/><U115/><E115/><V23/><F23/><W2/><G2/><T56/><D56/><U24/><E89/><V18/><F18/><W3/><G3/><T71/><D71/><U67/><E67/><AGARI ba="0,0" hai="45,46,47,58,62,67,73,75,88,92,98" m="43114" machi="67" ten="30,2000,0" yaku="15,1,54,1" doraHai="30" who="2" fromWho="1" sc="157,0,454,-20,177,20,212,0" owari="157,-34.3,434,53.4,197,-20.3,212,1.2" /></mjloggm>