<mjloggm ver="2.3"><GO type="169" lobby="0"/><UN n0="%E6%89%8B%E6%8A%BC%E3%81%97%E8%BB%8A" n1="%E5%A7%AB%E7%95%99" n2="%68%69%72%6F%30%33%30%39" n3="%E5%81%BD%E9%80%A0%E6%8D%8F%E9%80%A0%E5%AE%89%E5%80%8D%E6%99%8B%E4%B8%89" dan="16,16,16,16" rate="2079.12,2121.07,2080.84,2137.03" sx="M,M,M,M"/><TAIKYOKU oya="0"/><INIT seed="0,0,0,5,1,39" ten="250,250,250,250" oya="0" hai0="120,25,17,16,93,99,37,121,82,50,53,60,126" hai1="58,65,73,133,122,130,92,34,106,97,22,108,102" hai2="47,63,115,12,72,124,49,24,123,18,69,89,35" hai3="43,112,5,59,94,127,74,110,52,84,131,45,104"/><T9/><D37/><U56/><E34/><V32/><F123/><W10/><G112/><T6/><D126/><U83/><E122/><V38/><F115/><W96/><G127/><T1/><D60/><U118/><E118/><V107/><F38/><W98/><G74/><T125/><D125/><U62/><E108/><V80/><F107/><W95/><G110/><T109/><D109/><U31/><E130/><V76/><F24/><W7/><G131/><T2/><D2/><U33/><E133/><V87/><F63/><W135/><G104/><T30/><D82/><U77/><E106/><V71/><F35/><W81/><G96/><T11/><D9/><U26/><REACH who="1" step="1"/><E56/><REACH who="1" ten="250,240,250,250" step="2"/><V8/><F32/><W90/><G135/><T114/><D114/><U70/><E70/><V103/><F124/><W48/><G10/><T15/><D120/><U134/><E134/><V78/><F69/><W51/><REACH who="3" step="1"/><G95/><REACH who="3" ten="250,240,250,240" step="2"/><T100/><D121/><U0/><E0/><V132/><F132/><W28/><G28/><T19/><D1/><U66/><E66/><V101/><F71/><W44/><G44/><N who="0" m="27847" /><D30/><U105/><E105/><V4/><F47/><W46/><G46/><T91/><D25/><U27/><E27/><V41/><F12/><W64/><G64/><T113/><D113/><U86/><E86/><V68/><F87/><W119/><G119/><T111/><D111/><U23/><AGARI ba="0,2" hai="22,23,26,31,33,58,62,65,73,77,83,92,97,102" machi="23" ten="30,2000,0" yaku="1,1,0,1,53,0" doraHai="39" doraHaiUra="42" who="1" fromWho="1" sc="250,-10,240,40,250,-5,240,-5" /><INIT seed="1,0,0,5,4,51" ten="240,280,245,235" oya="1" hai0="55,16,60,22,118,82,114,72,93,35,54,76,56" hai1="116,92,8,52,7,27,107,132,10,108,19,62,135" hai2="74,37,79,119,99,120,110,43,41,28,14,130,100" hai3="4,96,90,11,131,80,0,86,48,12,5,1,46"/><U111/><E116/><V67/><F119/><W21/><G131/><T13/><D118/><U125/><E107/><V53/><F120/><W134/><G134/><N who="1" m="51242" /><E125/><V30/><F130/><W88/><G5/><T45/><D35/><U15/><E92/><V98/><F67/><W50/><G50/><T36/><D114/><U97/><E97/><V71/><F71/><W81/><G21/><T122/><D122/><U127/><E127/><V66/><F66/><W121/><G121/><T105/><D105/><U61/><E27/><V117/><F14/><W126/><G126/><T18/><D18/><U95/><E95/><V64/><F64/><W123/><G123/><T9/><D9/><U26/><E26/><V128/><F37/><W103/><G90/><T39/><D93/><U32/><E32/><V59/><F79/><W124/><G81/><T91/><D91/><U112/><E112/><V58/><F100/><W70/><G70/><T113/><D113/><U38/><E38/><V89/><F89/><W42/><REACH who="3" step="1"/><G124/><REACH who="3" ten="240,280,245,225" step="2"/><T129/><D129/><U133/><E133/><V101/><F128/><W3/><G3/><T24/><D39/><U31/><E31/><V49/><F30/><W109/><G109/><T77/><D36/><U57/><E62/><V106/><F28/><W2/><G2/><AGARI ba="0,1" hai="2,7,8,10,15,19,52,57,61,108,111" m="51242" machi="2" ten="30,5800,0" yaku="20,1,52,1,54,1" doraHai="51" who="1" fromWho="3" sc="240,0,280,68,245,0,225,-58" /><INIT seed="1,1,0,4,4,74" ten="240,348,245,167" oya="1" hai0="104,30,1,35,20,36,57,47,134,88,107,96,111" hai1="73,40,52,26,6,19,0,95,58,71,98,41,70" hai2="126,109,66,85,133,28,49,53,120,128,100,7,62" hai3="24,69,135,18,45,75,44,67,123,68,93,87,39"/><U50/><E73/><V110/><F7/><W21/><G123/><T131/><D35/><U81/><E81/><V9/><F28/><W124/><G75/><T108/><D1/><U113/><E113/><V91/><F120/><W27/><G135/><T115/><D115/><U34/><E0/><V97/><F9/><W56/><G124/><T43/><D134/><U119/><E6/><V77/><F133/><W72/><G72/><T89/><D57/><U122/><E119/><V14/><F14/><W10/><G68/><T129/><D20/><U63/><E122/><V99/><F128/><N who="0" m="49226" /><D30/><U29/><E19/><V102/><F126/><W103/><G69/><T5/><D5/><U76/><E76/><V121/><F121/><W51/><G24/><T55/><D55/><U65/><REACH who="1" step="1"/><E70/><REACH who="1" ten="240,338,245,167" step="2"/><V101/><F77/><W32/><G18/><T59/><D59/><U12/><E12/><V46/><F110/><N who="0" m="42026" /><D107/><U79/><E79/><V11/><F109/><W3/><G56/><T2/><D2/><U17/><E17/><V130/><F130/><W4/><G3/><T83/><D83/><U22/><E22/><V125/><F125/><W23/><G23/><T92/><D104/><U38/><E38/><V61/><F11/><W114/><G39/><T25/><D25/><U48/><E48/><V116/><F49/><W33/><G51/><T86/><D86/><U13/><E13/><V78/><F85/><W117/><G87/><T31/><D31/><U16/><E16/><V90/><F78/><W105/><G105/><T64/><D89/><AGARI ba="1,1" hai="26,29,34,40,41,50,52,58,63,65,71,89,95,98" machi="89" ten="30,5800,0" yaku="1,1,7,1,54,1,53,0" doraHai="74" doraHaiUra="42" who="1" fromWho="0" sc="240,-61,338,71,245,0,167,0" /><INIT seed="1,2,0,2,1,61" ten="179,409,245,167" oya="1" hai0="57,79,114,84,77,6,100,70,96,129,68,110,11" hai1="18,131,113,17,73,67,93,82,55,63,121,90,99" hai2="135,80,35,5,128,71,47,109,36,44,97,83,31" hai3="118,65,14,58,40,92,21,98,86,26,10,89,81"/><U104/><E113/><V50/><F36/><W94/><G118/><T130/><D114/><U105/><E121/><V124/><F71/><W54/><G40/><T120/><D120/><U107/><E55/><V15/><F109/><W41/><G41/><T38/><D38/><U78/><REACH who="1" step="1"/><E131/><REACH who="1" ten="179,399,245,167" step="2"/><V60/><F128/><W20/><G54/><T7/><D110/><U30/><E30/><V39/><F31/><W48/><G65/><T122/><D122/><U33/><E33/><V4/><F35/><W32/><G32/><T24/><D129/><U88/><E88/><V23/><F135/><W101/><G89/><T9/><D130/><U117/><E117/><V116/><F116/><W106/><G21/><T46/><D100/><U134/><E134/><V62/><F23/><W111/><G20/><T102/><D102/><U0/><E0/><V22/><F22/><W29/><G29/><T56/><D79/><U64/><E64/><V115/><F15/><W127/><G14/><T95/><D77/><U2/><E2/><V25/><F115/><W28/><G28/><T19/><D24/><U133/><E133/><V13/><F25/><W91/><G26/><T51/><D11/><U74/><E74/><V75/><F13/><W49/><G10/><T72/><D72/><U69/><AGARI ba="2,1" hai="17,18,63,67,69,73,78,82,90,93,99,104,105,107" machi="69" ten="30,6000,0" yaku="1,1,0,1,52,1,53,0" doraHai="61" doraHaiUra="112" who="1" fromWho="1" sc="179,-22,399,76,245,-22,167,-22" /><INIT seed="1,3,0,3,3,135" ten="157,475,223,145" oya="1" hai0="75,13,123,64,72,27,110,65,31,91,80,29,22" hai1="117,82,2,133,42,14,39,120,45,47,88,107,55" hai2="109,41,126,89,83,118,23,102,77,61,19,84,51" hai3="12,81,98,7,101,49,104,115,134,71,128,130,62"/><U125/><E117/><V59/><F118/><W57/><G115/><T43/><D123/><U131/><E120/><V0/><F109/><W95/><G134/><T103/><D110/><U121/><E121/><V106/><F0/><W4/><G71/><T17/><D103/><U116/><E2/><V124/><F106/><W122/><G122/><T73/><D31/><U34/><E116/><V3/><F3/><W11/><G49/><T86/><REACH who="0" step="1"/><D43/><REACH who="0" ten="147,475,223,145" step="2"/><U48/><E133/><V36/><F102/><W5/><G104/><T105/><D105/><U20/><E107/><V21/><F41/><W32/><G32/><AGARI ba="3,1" hai="13,17,22,27,29,32,64,65,72,73,75,80,86,91" machi="32" ten="40,2600,0" yaku="1,1,53,1" doraHai="135" doraHaiUra="87" who="0" fromWho="3" sc="147,45,475,0,223,0,145,-35" /><INIT seed="2,0,0,2,1,92" ten="192,475,223,110" oya="2" hai0="15,48,14,31,90,81,41,107,59,69,58,86,6" hai1="79,124,18,46,33,110,20,19,72,119,120,100,64" hai2="8,105,93,54,94,35,104,109,70,16,73,128,96" hai3="36,66,56,75,76,65,106,10,29,9,3,52,129"/><V102/><F70/><W32/><G36/><T111/><D69/><U122/><E119/><V57/><F35/><W5/><G129/><T91/><D31/><U2/><E33/><V28/><F73/><W7/><G106/><T133/><D133/><U77/><E110/><V17/><F28/><W39/><G39/><T117/><D117/><U50/><E124/><V25/><F128/><W108/><G108/><T118/><D118/><U13/><E2/><V62/><F109/><W26/><G76/><T24/><D24/><U85/><E72/><V121/><F121/><N who="1" m="46697" /><E64/><V127/><F127/><W126/><G75/><T98/><D111/><U99/><E85/><V38/><F38/><W4/><G126/><T134/><D134/><U123/><E18/><V60/><F60/><W83/><G83/><T80/><D107/><N who="1" m="63903" /><E123/><V1/><F105/><W82/><G82/><T0/><D0/><U67/><E67/><V116/><F116/><W61/><REACH who="3" step="1"/><G5/><REACH who="3" ten="192,475,223,100" step="2"/><T74/><D6/><U40/><AGARI ba="0,1" hai="13,19,20,40,46,50,77,79" m="63903,46697" machi="40" ten="30,2000,0" yaku="13,1,52,1" doraHai="92" who="1" fromWho="1" sc="192,-5,475,30,223,-10,100,-5" /><INIT seed="3,0,0,4,4,98" ten="187,505,213,95" oya="3" hai0="97,9,10,121,48,41,134,133,17,44,50,65,45" hai1="18,88,81,125,119,71,117,31,52,11,135,3,84" hai2="22,46,73,66,86,47,130,40,2,123,126,63,116" hai3="102,35,124,57,8,1,80,36,104,129,103,4,67"/><W49/><G36/><T12/><D121/><U112/><E112/><V95/><F73/><W108/><G35/><T20/><D65/><U74/><E135/><N who="0" m="51721" /><D97/><U25/><E125/><V131/><F2/><W61/><G104/><T24/><D24/><U128/><E128/><N who="2" m="49195" /><F116/><N who="1" m="44617" /><E71/><V114/><F114/><W19/><G129/><T118/><D118/><U113/><E113/><V83/><F95/><W91/><G124/><T23/><D10/><U29/><E74/><V100/><F22/><W58/><G108/><T34/><D34/><U5/><E52/><AGARI ba="0,0" hai="9,12,17,20,23,41,44,45,48,50,52" m="51721" machi="52" ten="30,2000,0" yaku="20,1,54,1" doraHai="98" who="0" fromWho="1" sc="187,20,505,-20,213,0,95,0" /><INIT seed="4,0,0,4,0,101" ten="207,485,213,95" oya="0" hai0="61,22,19,104,21,77,97,33,9,66,67,38,53" hai1="0,27,30,48,10,65,115,58,17,84,116,41,11" hai2="8,89,46,135,29,134,106,95,73,4,32,39,82" hai3="92,47,24,23,2,70,88,71,131,108,40,81,124"/><T37/><D33/><U5/><E116/><V85/><F32/><W93/><G108/><T125/><D77/><U113/><E84/><V122/><F29/><W25/><G2/><T57/><D125/><U123/><E123/><V68/><F68/><W54/><G124/><T120/><D120/><U128/><E128/><V16/><F122/><W103/><G131/><T78/><D78/><U75/><E75/><V28/><F28/><W117/><G117/><T90/><D9/><N who="1" m="2215" /><E17/><V121/><F121/><W13/><G54/><T112/><D22/><N who="1" m="15735" /><E41/><V18/><F73/><W45/><G81/><T20/><D20/><U126/><E126/><V107/><F39/><W1/><G1/><T52/><D53/><N who="1" m="32039" /><E65/><V44/><F82/><W26/><G103/><T3/><D3/><U6/><E6/><V129/><F129/><W55/><G55/><T76/><D76/><U83/><E83/><V74/><F74/><W105/><G105/><N who="2" m="39945" /><F44/><W100/><G100/><T87/><D104/><U130/><E130/><V86/><F46/><W110/><G110/><T94/><D87/><U51/><E51/><V114/><F85/><W91/><G26/><N who="0" m="14655" /><D112/><AGARI ba="0,0" hai="10,11,112,113,115" m="32039,15735,2215" machi="112" ten="30,2000,0" yaku="15,1,11,1" doraHai="101" who="1" fromWho="0" sc="207,-20,485,20,213,0,95,0" /><INIT seed="5,0,0,0,5,121" ten="187,505,213,95" oya="1" hai0="56,97,135,98,69,123,29,95,25,93,32,58,72" hai1="100,57,128,129,44,94,40,14,82,81,10,78,126" hai2="92,59,113,117,124,19,7,122,31,38,52,87,111" hai3="131,55,53,74,37,130,62,6,28,22,110,34,13"/><U85/><E126/><V102/><F117/><W15/><G74/><T91/><D72/><U30/><E30/><V127/><F122/><W76/><G37/><T35/><D69/><U2/><E2/><V115/><F38/><W33/><G76/><T118/><D118/><U17/><E57/><V88/><F7/><W63/><G6/><T71/><D71/><U0/><E0/><V26/><F19/><W133/><G28/><T84/><D123/><U125/><E125/><N who="2" m="48203" /><F102/><W41/><G22/><T114/><D114/><N who="2" m="43530" /><F111/><W116/><G41/><T67/><D84/><U24/><E24/><V120/><F120/><W16/><G116/><T23/><D58/><U107/><E107/><V60/><F31/><W68/><G68/><T119/><D119/><U18/><E17/><V83/><F26/><W86/><G86/><T49/><D49/><U48/><E100/><V54/><F83/><W101/><G101/><N who="0" m="60591" /><D135/><U3/><E82/><V64/><AGARI ba="0,0" hai="52,54,59,60,64,87,88,92" m="43530,48203" machi="64" ten="30,8000,1" yaku="18,1,15,1,11,1,54,2" doraHai="121" who="2" fromWho="2" sc="187,-20,505,-40,213,80,95,-20" /><INIT seed="6,0,0,0,2,62" ten="167,465,293,75" oya="2" hai0="57,73,65,101,60,18,9,104,109,98,83,7,50" hai1="24,127,105,132,35,113,68,48,34,134,120,76,78" hai2="111,39,21,71,27,55,102,72,66,44,80,69,28" hai3="118,74,37,117,112,92,108,36,12,133,70,63,47"/><V52/><F111/><W100/><G74/><T3/><D109/><U99/><E113/><V97/><F69/><W91/><G108/><T56/><D18/><U82/><E127/><V45/><F72/><W8/><G100/><T115/><D115/><U67/><E120/><V88/><F102/><W94/><G112/><T93/><D104/><U106/><E76/><V103/><F103/><W38/><G133/><N who="1" m="51306" /><E99/><V29/><F29/><W13/><G47/><T2/><D2/><U81/><E81/><V61/><F97/><W41/><G41/><T107/><D107/><N who="1" m="40971" /><E48/><V42/><REACH who="2" step="1"/><F44/><REACH who="2" ten="167,465,283,75" step="2"/><W5/><G117/><T43/><D56/><U59/><E59/><V0/><F0/><W90/><G118/><T54/><D73/><N who="1" m="43343" /><E24/><V4/><F4/><W87/><G12/><T11/><D7/><U122/><E122/><V110/><F110/><W32/><G32/><T121/><D121/><U124/><E124/><V53/><F53/><W85/><REACH who="3" step="1"/><G37/><REACH who="3" ten="167,465,283,65" step="2"/><T15/><D15/><U1/><E1/><V135/><F135/><W89/><G89/><T51/><D3/><U128/><E34/><V31/><F31/><W23/><G23/><T25/><D101/><U96/><E35/><V79/><F79/><W6/><G6/><T86/><D9/><U30/><E30/><V126/><F126/><W10/><G10/><T116/><D11/><U16/><E68/><V40/><F40/><W49/><G49/><T20/><D116/><U58/><E58/><V26/><F26/><W129/><G129/><T14/><D57/><U64/><E128/><V33/><F33/><W46/><G46/><RYUUKYOKU ba="0,2" sc="167,-15,465,-15,283,15,65,15" hai2="21,27,28,39,42,45,52,55,61,66,71,80,88" hai3="5,8,13,36,38,63,70,85,87,90,91,92,94" /><INIT seed="6,1,2,3,0,11" ten="152,450,298,80" oya="2" hai0="45,118,80,98,35,84,109,119,120,87,28,37,65" hai1="41,8,79,39,38,135,125,72,113,32,57,85,82" hai2="43,70,123,19,134,128,69,103,101,63,133,1,106" hai3="14,10,34,59,71,73,100,130,131,86,21,77,117"/><V7/><F123/><W26/><G117/><N who="0" m="44555" /><D120/><U36/><E32/><V121/><F121/><W51/><G71/><N who="2" m="27145" /><F63/><W47/><G34/><T68/><D109/><U52/><E113/><V66/><F66/><W129/><G73/><T127/><D127/><U93/><E125/><V46/><F106/><W114/><G100/><T42/><D98/><U64/><E64/><V44/><F19/><W20/><G114/><T124/><D124/><U25/><E25/><V9/><F46/><W92/><G59/><T2/><D2/><U122/><E122/><V33/><F33/><W23/><G26/><N who="0" m="18839" /><D80/><U56/><E56/><V24/><F24/><W89/><G77/><T107/><D107/><U110/><E110/><V94/><F94/><W99/><G99/><T105/><D105/><U30/><E30/><V31/><F31/><W60/><G60/><AGARI ba="1,2" hai="37,42,45,60,65,68,84,87" m="18839,44555" machi="60" ten="30,1000,0" yaku="12,1" doraHai="11" who="0" fromWho="3" sc="152,33,450,0,298,0,80,-13" /><INIT seed="7,0,0,5,3,65" ten="185,450,298,67" oya="3" hai0="25,71,116,45,99,68,44,104,10,105,11,130,31" hai1="36,29,127,15,129,52,96,18,48,47,122,76,94" hai2="111,43,112,69,97,7,20,88,49,63,135,93,119" hai3="46,133,8,27,124,115,57,37,22,120,86,64,23"/><W66/><G120/><T91/><D116/><U126/><E122/><V35/><F119/><W106/><G106/><T70/><D130/><U107/><E129/><V2/><F111/><W14/><G115/><T108/><D108/><U118/><E118/><V32/><F112/><W87/><G133/><T72/><D72/><U75/><E29/><V34/><F135/><W103/><G124/><N who="1" m="47658" /><E107/><V85/><F20/><W131/><G103/><T128/><D128/><U39/><E76/><V98/><F7/><W101/><G101/><T13/><D105/><U121/><E75/><V24/><F2/><W28/><G131/><T78/><D78/><U26/><E26/><V55/><F43/><W16/><G37/><T83/><D104/><U54/><E54/><V42/><F42/><W5/><G46/><T53/><D53/><U109/><E109/><V134/><F24/><W102/><G102/><T50/><D50/><U84/><E84/><V117/><F134/><W33/><G64/><T60/><D60/><U79/><E79/><V9/><F9/><W17/><G33/><T114/><D11/><N who="1" m="6527" /><E121/><V61/><F117/><W132/><G132/><T12/><D12/><U41/><E41/><V1/><F63/><N who="3" m="38255" /><G5/><N who="0" m="3279" /><D114/><U67/><E67/><V80/><F35/><W92/><G92/><N who="0" m="56735" /><D83/><U51/><E48/><V56/><F93/><W62/><G62/><T0/><D0/><U30/><E36/><V21/><F61/><W38/><G38/><T81/><D81/><U58/><E39/><V125/><F34/><W82/><G82/><T40/><D40/><U113/><E113/><V123/><F32/><AGARI ba="0,0" hai="25,31,32,44,45,68,70,71" m="56735,3279" machi="32" ten="30,7700,0" yaku="6,1,52,3" doraHai="65" who="0" fromWho="2" sc="185,77,450,0,298,-77,67,0" owari="262,6.2,450,55.0,221,-17.9,67,-43.3" /></mjloggm>