<mjloggm ver="2.3"><GO type="169" lobby="0"/><UN n0="%62%73%64%5F%33" n1="%E3%82%BF%E3%82%A4%E4%BA%BA%EF%BC%A0%E3%83%90%E3%83%B3%E3%82%B3%E3%82%AF" n2="%E8%80%81%E6%A5%BD" n3="%E6%8E%A2%39" dan="17,16,17,17" rate="2109.89,2138.37,2236.31,2169.80" sx="F,M,M,M"/><TAIKYOKU oya="0"/><INIT seed="0,0,0,1,5,79" ten="250,250,250,250" oya="0" hai0="61,89,131,24,3,28,16,62,54,91,106,56,80" hai1="48,49,126,93,99,43,133,63,14,29,132,114,72" hai2="58,109,17,30,76,128,70,71,102,19,12,125,66" hai3="39,52,15,18,33,78,11,5,37,0,64,98,103"/><T20/><D106/><U13/><E72/><V35/><F58/><W129/><G129/><T117/><D117/><U74/><E74/><V81/><F128/><W121/><G121/><T6/><D131/><U68/><E29/><V94/><F109/><W83/><G33/><T96/><D62/><U112/><E126/><V23/><F125/><W46/><G64/><T134/><D134/><N who="1" m="51819" /><E63/><V120/><F120/><W104/><G46/><T9/><D96/><U42/><E68/><V8/><F66/><W110/><G110/><T32/><REACH who="0" step="1"/><D80/><REACH who="0" ten="240,250,250,250" step="2"/><U4/><E99/><V75/><F94/><W111/><G111/><T82/><D82/><U130/><E93/><V77/><F102/><W10/><REACH who="3" step="1"/><G52/><REACH who="3" ten="240,250,250,240" step="2"/><T26/><AGARI ba="0,2" hai="3,6,9,16,20,24,26,28,32,54,56,61,89,91" machi="26" ten="20,7800,0" yaku="1,1,0,1,7,1,54,1,53,0" doraHai="79" doraHaiUra="107" who="0" fromWho="0" sc="240,98,250,-26,250,-26,240,-26" /><INIT seed="0,1,0,1,5,91" ten="338,224,224,214" oya="0" hai0="124,13,47,76,112,89,52,79,92,8,27,31,38" hai1="30,6,17,65,90,118,55,67,110,48,5,82,51" hai2="120,127,66,60,93,35,29,94,15,96,129,0,19" hai3="68,72,98,56,102,113,44,36,108,41,115,123,14"/><T132/><D112/><U12/><E118/><V135/><F120/><W49/><G123/><T78/><D132/><U134/><E134/><V125/><F135/><W16/><G72/><T97/><D124/><N who="2" m="47690" /><F0/><W43/><G68/><T62/><D38/><U22/><E110/><V54/><F54/><W57/><G108/><T99/><D99/><U111/><E111/><V39/><F39/><W4/><G4/><N who="1" m="1642" /><E30/><V128/><F29/><W58/><G41/><T133/><D133/><U109/><E51/><V114/><F35/><W117/><G117/><T83/><D13/><U1/><E1/><V103/><F114/><W121/><G121/><T10/><D83/><U63/><E63/><V122/><F122/><W50/><G50/><N who="0" m="28767" /><D62/><U45/><E109/><V20/><F93/><W61/><G36/><T59/><D59/><AGARI ba="1,0" hai="15,19,20,59,60,66,94,96,103,128,129" m="47690" machi="59" ten="30,2000,0" yaku="18,1,52,1" doraHai="91" who="2" fromWho="0" sc="338,-23,224,0,224,23,214,0" /><INIT seed="1,0,0,1,0,49" ten="315,224,247,214" oya="1" hai0="48,72,56,123,39,83,46,42,19,95,106,70,126" hai1="40,104,85,9,58,41,33,92,98,57,14,13,51" hai2="23,76,119,125,128,94,87,60,5,120,54,25,63" hai3="55,82,62,109,36,96,2,1,22,37,86,108,18"/><U130/><E33/><V113/><F119/><W20/><G96/><T68/><D106/><U103/><E130/><V10/><F120/><W6/><G22/><T4/><D123/><U88/><E14/><V110/><F110/><N who="3" m="42603" /><G6/><T65/><D126/><U26/><E26/><V34/><F34/><W101/><G101/><T74/><D4/><U75/><E75/><V28/><F113/><W102/><G102/><T127/><D127/><U24/><E24/><V79/><F125/><W124/><G124/><T84/><D95/><U32/><E32/><V115/><F115/><W135/><G135/><T0/><D0/><N who="3" m="105" /><G55/><T3/><D3/><U53/><REACH who="1" step="1"/><E58/><REACH who="1" ten="315,214,247,214" step="2"/><V116/><F128/><W133/><G133/><T52/><D74/><U15/><E15/><V45/><F116/><W111/><G111/><T132/><D72/><U112/><E112/><V81/><F25/><N who="3" m="14487" /><G62/><T100/><D132/><U97/><E97/><V31/><F63/><W78/><AGARI ba="0,1" hai="36,37,78,82,86" m="14487,105,42603" machi="78" ten="30,1100,0" yaku="14,1" doraHai="49" who="3" fromWho="3" sc="315,-3,214,-5,247,-3,214,21" /><INIT seed="2,0,0,5,4,72" ten="312,209,244,235" oya="2" hai0="131,89,40,5,73,102,57,100,109,28,48,79,104" hai1="97,101,27,54,123,77,25,9,1,130,68,45,42" hai2="80,120,0,98,50,4,12,122,18,126,63,39,23" hai3="85,87,132,133,107,52,96,135,2,69,116,125,134"/><V7/><F39/><W62/><N who="3" m="33792" /><DORA hai="70" /><W67/><G116/><T110/><D131/><U128/><E123/><V61/><F126/><W117/><G117/><T51/><D28/><U11/><E54/><V13/><F0/><W66/><G2/><T103/><D104/><U17/><E68/><V105/><F50/><W31/><G125/><T59/><D5/><U19/><E1/><V46/><F46/><W3/><G3/><T24/><D24/><U33/><E33/><V47/><F47/><W111/><G111/><N who="0" m="42507" /><D89/><U129/><E77/><V34/><F34/><W65/><G31/><T91/><D91/><U108/><E108/><V118/><F118/><W37/><G37/><T71/><D71/><U15/><E9/><V86/><F105/><W127/><G127/><T94/><D94/><N who="1" m="58551" /><E17/><V53/><F98/><W114/><G114/><T90/><D90/><U119/><E119/><V36/><F36/><AGARI ba="0,0" hai="11,15,19,25,27,36,42,45,128,129,130" m="58551" machi="36" ten="30,2000,0" yaku="19,1,52,1" doraHai="72,70" who="1" fromWho="2" sc="312,0,209,20,244,-20,235,0" /><INIT seed="3,0,0,3,3,104" ten="312,229,224,235" oya="3" hai0="105,58,17,68,92,49,24,124,53,52,90,75,98" hai1="94,10,42,57,125,1,111,12,8,39,86,28,93" hai2="118,27,63,132,21,115,77,76,23,34,11,7,102" hai3="96,122,133,80,0,82,95,81,13,30,72,59,85"/><W37/><G0/><T43/><D124/><U66/><E111/><V60/><F115/><W91/><G37/><T41/><D68/><U113/><E113/><V18/><F118/><W40/><G40/><T112/><D112/><U74/><E74/><V109/><F34/><W46/><G46/><T22/><D105/><U84/><E1/><V114/><F114/><W129/><G122/><T100/><D75/><U117/><E28/><V6/><F102/><N who="3" m="60703" /><G30/><T62/><D100/><U33/><E33/><V108/><F11/><W83/><G13/><T78/><D78/><U123/><E12/><V4/><F132/><W103/><G59/><AGARI ba="0,0" hai="17,22,24,41,43,49,52,53,58,59,62,90,92,98" machi="59" ten="30,8000,1" yaku="7,1,25,2,8,1,54,1" doraHai="104" who="0" fromWho="3" sc="312,80,229,0,224,0,235,-80" /><INIT seed="4,0,0,5,5,48" ten="392,229,224,155" oya="0" hai0="34,7,14,82,117,15,87,6,97,33,32,0,51" hai1="128,67,22,105,106,63,107,88,69,64,26,77,57" hai2="65,47,54,126,78,133,134,101,59,86,29,96,44" hai3="80,20,98,95,90,72,9,3,58,31,127,4,19"/><T104/><D117/><U43/><E128/><V66/><F29/><W68/><G68/><T56/><D0/><U30/><E77/><V11/><F126/><W53/><G127/><T123/><D123/><U36/><E43/><V49/><F11/><W130/><G130/><T23/><D104/><U115/><E36/><V81/><F44/><W42/><G42/><T16/><D97/><U111/><E111/><V83/><F83/><W12/><G31/><T84/><D84/><U118/><E118/><V113/><F113/><W135/><G135/><N who="2" m="51721" /><F47/><W8/><G8/><T116/><D116/><U132/><E132/><V18/><F18/><W124/><G124/><T73/><D73/><U102/><E115/><V85/><F85/><W75/><REACH who="3" step="1"/><G80/><REACH who="3" ten="392,229,224,145" step="2"/><T50/><D82/><U10/><E10/><V79/><F79/><W39/><G39/><T41/><D41/><U120/><E69/><V17/><F17/><W38/><G38/><T60/><D16/><U25/><E30/><V103/><F103/><W45/><G45/><T2/><D6/><U35/><E25/><V112/><F112/><W129/><G129/><T114/><D7/><U40/><E26/><V28/><F28/><W131/><G131/><T93/><D114/><U61/><E40/><V55/><F101/><W5/><G5/><T100/><D100/><U74/><E102/><V46/><F96/><W89/><G89/><T62/><D34/><U108/><E107/><V37/><F37/><W70/><G70/><T71/><D33/><U92/><E106/><V52/><F46/><W94/><G94/><T99/><D71/><RYUUKYOKU ba="0,1" sc="392,-15,229,-15,224,15,145,15" hai2="49,52,54,55,59,65,66,78,81,86" hai3="3,4,9,12,19,20,53,58,72,75,90,95,98" /><INIT seed="5,1,1,5,5,63" ten="377,214,239,160" oya="1" hai0="35,66,76,7,45,28,119,100,8,98,49,61,104" hai1="23,12,70,107,29,91,51,109,56,84,80,133,74" hai2="25,4,120,40,125,94,124,14,121,53,134,106,55" hai3="43,97,19,128,108,113,116,67,131,77,92,129,132"/><U89/><E70/><V11/><F106/><W36/><G108/><T95/><D119/><U15/><E107/><V105/><F105/><W83/><G116/><T103/><D76/><U99/><E74/><V114/><F40/><W5/><G5/><T52/><D35/><U37/><E37/><V18/><F94/><W71/><G113/><T16/><D28/><U72/><E72/><V122/><F53/><W123/><G123/><T82/><D82/><U38/><E38/><V42/><F55/><W26/><G132/><T60/><D16/><U75/><E75/><V17/><F42/><W90/><G43/><T88/><D61/><U127/><E127/><N who="2" m="48715" /><F134/><W34/><G36/><T111/><D111/><U130/><E130/><V2/><F114/><W85/><G19/><N who="2" m="7177" /><F25/><W126/><G126/><T27/><D27/><N who="1" m="16639" /><E133/><V58/><F58/><W69/><REACH who="3" step="1"/><G67/><REACH who="3" ten="377,214,239,150" step="2"/><T102/><D66/><U0/><E109/><V41/><F41/><W73/><G73/><T9/><D52/><N who="1" m="31775" /><E0/><AGARI ba="1,2" hai="0,2,4,11,14,120,121,122" m="7177,48715" machi="0" ten="40,5200,0" yaku="18,1,34,2" doraHai="63" who="2" fromWho="1" sc="377,0,214,-55,239,75,150,0" /><INIT seed="6,0,0,5,3,134" ten="377,159,314,150" oya="2" hai0="37,32,41,14,85,88,48,84,111,96,17,26,52" hai1="74,61,107,53,116,23,135,1,36,119,132,39,2" hai2="54,6,55,80,99,30,77,124,104,40,18,79,71" hai3="59,117,89,63,31,24,125,25,73,33,35,42,68"/><V28/><F71/><W130/><G117/><N who="1" m="45130" /><E23/><V67/><F67/><W69/><G130/><T115/><D111/><U94/><E94/><V50/><F40/><W114/><G73/><T95/><D115/><U133/><E74/><V72/><F6/><W62/><G114/><T27/><D37/><N who="1" m="14411" /><E107/><V3/><F3/><N who="1" m="1033" /><E61/><V19/><F104/><W98/><G42/><T128/><D128/><U43/><E53/><V0/><F0/><W46/><G46/><N who="0" m="27671" /><D32/><U78/><E78/><V75/><F50/><W105/><G105/><T103/><D41/><AGARI ba="0,0" hai="41,43,132,133,135" m="1033,14411,45130" machi="41" ten="50,6400,0" yaku="28,2,20,1" doraHai="134" who="1" fromWho="0" sc="377,-64,159,64,314,0,150,0" /><INIT seed="7,0,0,0,3,78" ten="313,223,314,150" oya="3" hai0="111,85,50,121,120,31,75,2,74,97,96,72,48" hai1="135,59,122,69,133,77,68,107,60,83,91,13,100" hai2="94,43,67,14,88,132,86,66,8,55,123,29,125" hai3="106,57,6,84,98,49,36,129,116,134,30,1,108"/><W21/><G116/><T113/><D111/><U105/><E122/><V119/><F119/><W124/><G36/><T114/><D2/><U102/><E91/><V17/><F125/><W38/><G38/><T44/><D85/><N who="1" m="48367" /><E13/><V18/><F132/><N who="1" m="50761" /><E102/><V62/><F43/><W127/><G134/><T54/><D31/><U20/><E20/><V53/><F29/><W45/><G108/><T128/><D128/><U32/><E32/><V15/><F123/><N who="0" m="47178" /><D50/><U103/><E103/><V99/><F99/><W63/><G129/><T61/><D61/><U51/><E51/><V41/><F41/><W117/><G117/><T27/><D27/><U3/><E3/><V24/><F24/><N who="3" m="16655" /><G84/><T89/><D89/><U73/><E73/><V71/><F67/><N who="3" m="39407" /><G98/><T23/><D23/><AGARI ba="0,0" hai="8,14,15,17,18,23,53,55,62,66,71,86,88,94" machi="23" ten="30,2000,0" yaku="7,1,54,1" doraHai="78" who="2" fromWho="0" sc="313,-20,223,0,314,20,150,0" owari="293,9.3,223,-17.7,334,43.4,150,-35.0" /></mjloggm>