<mjloggm ver="2.3"><GO type="169" lobby="0"/><UN n0="%E8%99%9A%E6%B7%B5%E7%8E%84" n1="%E3%81%82%E3%82%8B%E8%A8%BC%E6%98%8E%EF%BF%A1" n2="%E3%81%82%E3%81%BE%E3%81%82%E3%82%93" n3="%E3%81%9B%E3%81%A9%E3%81%AA%E3%82%8A%E3%81%82%E3%82%93" dan="17,16,16,17" rate="2218.30,2082.04,2095.09,2200.23" sx="M,M,M,F"/><TAIKYOKU oya="0"/><INIT seed="0,0,0,2,4,20" ten="250,250,250,250" oya="0" hai0="1,52,55,51,105,8,65,39,24,111,100,82,119" hai1="67,15,114,101,77,34,106,128,53,23,56,19,92" hai2="5,117,60,108,94,74,62,22,36,17,35,85,110" hai3="64,27,16,41,80,33,18,49,116,89,12,54,69"/><T81/><D119/><U40/><E106/><V95/><F74/><W133/><G116/><T32/><D39/><U26/><E128/><V66/><F35/><W130/><G130/><T2/><D65/><U79/><E114/><V73/><F73/><W31/><G133/><T42/><D42/><U132/><E132/><V11/><F36/><W135/><G135/><T115/><D115/><U103/><E40/><V84/><F117/><W88/><G41/><T118/><D118/><U107/><E67/><V90/><F85/><W122/><G122/><T126/><D126/><U102/><E92/><V21/><F94/><W86/><G89/><T72/><D111/><N who="2" m="42538" /><F17/><W112/><G112/><T9/><D72/><U30/><REACH who="1" step="1"/><E107/><REACH who="1" ten="250,240,250,250" step="2"/><V76/><F66/><W87/><G87/><T83/><D105/><U120/><E120/><V75/><F75/><W43/><G43/><T7/><D55/><U68/><E68/><V28/><F76/><W13/><G64/><T96/><D52/><U63/><AGARI ba="0,1" hai="15,19,23,26,30,34,53,56,63,77,79,101,102,103" machi="63" ten="30,4000,0" yaku="1,1,0,1,52,1,53,0" doraHai="20" doraHaiUra="47" who="1" fromWho="1" sc="250,-20,240,50,250,-10,250,-10" /><INIT seed="1,0,0,4,0,28" ten="230,290,240,240" oya="1" hai0="40,103,70,57,41,125,10,13,1,117,115,81,100" hai1="134,46,64,111,73,38,80,124,130,84,14,97,23" hai2="25,112,79,52,8,69,104,37,63,24,106,66,116" hai3="109,105,120,7,114,126,54,90,133,31,127,72,86"/><U53/><E73/><V94/><F116/><W9/><G72/><T49/><D1/><U78/><E64/><V88/><F112/><W36/><G36/><T74/><D70/><U91/><E134/><V21/><F37/><W55/><G120/><T76/><D125/><N who="3" m="47625" /><G114/><T17/><D117/><U27/><E124/><V118/><F118/><W65/><G65/><T62/><D115/><U93/><E130/><V95/><F79/><W113/><G113/><T5/><D17/><U123/><E123/><V101/><F8/><W131/><G109/><T18/><D18/><U45/><E14/><V75/><F75/><W83/><G105/><T119/><D119/><U56/><E38/><V122/><F122/><W59/><G31/><T35/><D35/><U67/><E67/><V22/><F101/><W48/><G55/><T47/><REACH who="0" step="1"/><D41/><REACH who="0" ten="220,290,240,240" step="2"/><U50/><E111/><V2/><F2/><N who="3" m="247" /><G131/><T44/><D44/><U87/><E45/><V15/><F69/><W11/><G11/><T107/><D107/><U12/><E46/><V71/><F71/><W26/><G26/><T43/><D43/><U58/><E27/><V135/><F25/><W39/><G133/><T68/><D68/><U99/><E58/><V0/><F135/><W110/><G110/><T33/><D33/><U29/><E29/><V121/><F24/><W92/><G39/><T34/><D34/><U102/><E102/><V6/><F121/><W19/><G19/><AGARI ba="0,1" hai="12,19,23,50,53,56,78,80,84,87,91,93,97,99" machi="19" ten="40,7700,0" yaku="25,2,8,1" doraHai="28" who="1" fromWho="3" sc="220,0,290,87,240,0,240,-77" /><INIT seed="1,1,0,5,5,102" ten="220,377,240,163" oya="1" hai0="106,72,61,95,12,26,38,112,27,63,68,119,103" hai1="59,124,22,43,17,81,5,13,94,28,44,14,121" hai2="8,105,97,127,114,39,37,19,30,48,92,75,89" hai3="42,10,118,54,74,2,33,78,66,73,99,49,69"/><U77/><E121/><V56/><F75/><W6/><G33/><T23/><D112/><U84/><E124/><V15/><F127/><W83/><G118/><T128/><D38/><U130/><E130/><V57/><F114/><W96/><G42/><T133/><D72/><U60/><E28/><V41/><F30/><W107/><G73/><T80/><D133/><U71/><E71/><V79/><F79/><W51/><G51/><T40/><D40/><U32/><E32/><V36/><REACH who="2" step="1"/><F105/><REACH who="2" ten="220,377,230,163" step="2"/><W134/><G134/><T3/><D106/><U132/><E132/><V113/><F113/><W122/><G107/><T35/><D128/><U47/><E77/><V82/><F82/><W52/><G122/><T7/><D80/><U20/><E81/><V29/><F29/><W98/><REACH who="3" step="1"/><G49/><REACH who="3" ten="220,377,230,153" step="2"/><T62/><D119/><U34/><E34/><V88/><F88/><W50/><G50/><T9/><D35/><U25/><E43/><V46/><AGARI ba="1,2" hai="8,15,19,36,37,39,41,46,48,56,57,89,92,97" machi="46" ten="40,2700,0" yaku="1,1,0,1,53,0" doraHai="102" doraHaiUra="64" who="2" fromWho="2" sc="220,-8,377,-14,230,50,153,-8" /><INIT seed="2,0,0,2,5,28" ten="212,363,280,145" oya="2" hai0="49,68,121,131,109,124,45,65,132,7,50,116,55" hai1="18,98,61,33,100,119,13,4,34,108,117,76,69" hai2="125,103,77,93,104,79,91,14,60,128,83,16,40" hai3="37,63,80,133,85,48,22,24,57,99,90,2,23"/><V21/><F128/><W15/><G133/><T127/><D7/><U12/><E108/><V113/><F113/><W46/><G37/><T11/><D11/><U43/><E43/><V25/><F125/><N who="0" m="48202" /><D121/><U111/><E111/><V36/><F104/><W73/><G73/><T126/><D109/><U29/><E76/><V120/><F120/><W102/><G2/><T44/><N who="0" m="48210" /><T94/><DORA hai="67" /><D94/><U88/><E29/><V38/><F103/><W78/><G78/><T74/><D74/><U118/><E4/><V86/><F40/><W112/><G112/><T122/><D122/><U92/><E100/><V81/><F60/><W56/><G15/><T110/><D110/><U54/><E12/><V114/><F114/><W42/><G24/><T64/><D116/><U9/><REACH who="1" step="1"/><E54/><REACH who="1" ten="212,353,280,145" step="2"/><V105/><F14/><W8/><G102/><T107/><D131/><U82/><E82/><V47/><F105/><W134/><G80/><T35/><D107/><U52/><E52/><V1/><F1/><W58/><G90/><T51/><D55/><U66/><AGARI ba="0,1" hai="9,13,18,33,34,61,66,69,88,92,98,117,118,119" machi="66" ten="40,12000,2" yaku="1,1,0,1,52,3,54,1,53,1" doraHai="28,67" doraHaiUra="89,70" who="1" fromWho="1" sc="212,-30,353,130,280,-60,145,-30" /><INIT seed="3,0,0,0,4,84" ten="182,483,220,115" oya="3" hai0="88,9,2,52,8,41,111,127,4,116,14,103,129" hai1="55,75,74,72,64,114,20,46,12,120,131,19,50" hai2="119,45,32,100,48,81,126,108,79,25,17,59,115" hai3="95,92,60,11,69,83,10,23,66,101,54,134,91"/><W53/><G134/><T73/><D116/><U7/><E114/><V35/><F115/><W47/><G23/><T117/><D117/><U98/><E120/><V58/><F119/><W21/><G21/><T42/><D73/><U104/><E131/><V57/><F108/><W71/><G83/><T68/><D68/><U1/><E64/><V97/><F126/><W34/><G34/><T0/><D103/><U27/><E1/><V39/><F39/><W122/><G122/><T89/><D111/><U128/><E128/><V22/><F45/><W49/><G71/><T78/><D78/><U43/><E7/><V15/><F48/><W102/><G53/><T56/><D127/><U123/><E123/><V113/><F113/><W109/><G109/><T44/><D129/><U85/><E27/><V65/><F65/><W90/><G101/><T31/><D31/><U30/><E30/><V70/><F25/><W40/><G102/><T26/><D26/><U80/><E98/><V62/><F62/><W13/><G40/><N who="0" m="15467" /><D0/><U110/><E104/><V86/><REACH who="2" step="1"/><F70/><REACH who="2" ten="182,483,210,115" step="2"/><W87/><REACH who="3" step="1"/><G13/><REACH who="3" ten="182,483,210,105" step="2"/><N who="0" m="5255" /><D44/><U38/><E110/><V112/><F112/><W33/><G33/><T18/><D2/><U132/><E12/><V96/><F96/><AGARI ba="0,2" hai="10,11,47,49,54,60,66,69,87,90,91,92,95,96" machi="96" ten="30,12000,1" yaku="1,1,7,1,52,2,53,1" doraHai="84" doraHaiUra="61" who="3" fromWho="2" sc="182,0,483,0,210,-120,105,140" /><INIT seed="3,1,0,1,3,24" ten="182,483,90,245" oya="3" hai0="105,108,26,76,93,19,29,40,1,94,72,33,124" hai1="18,70,38,56,65,54,45,59,39,84,134,3,25" hai2="111,133,51,67,17,44,22,127,99,16,63,98,132" hai3="36,30,9,5,60,55,8,121,85,128,96,62,113"/><W87/><G113/><T28/><D105/><U77/><E3/><V7/><F111/><W42/><G121/><T104/><D104/><U23/><E134/><N who="2" m="51819" /><F7/><W126/><G36/><T88/><D1/><U32/><E32/><V89/><F127/><W80/><G42/><T91/><D108/><U69/><E38/><V82/><F82/><W107/><G128/><T79/><D40/><U50/><E39/><V97/><F89/><W41/><G41/><T27/><D19/><N who="2" m="7242" /><F22/><W0/><G80/><T48/><D48/><U35/><E35/><V120/><F120/><W10/><G5/><T11/><D11/><U53/><E77/><V37/><F37/><W130/><G126/><T57/><D33/><U123/><E123/><V135/><N who="2" m="51827" /><V95/><DORA hai="110" /><F95/><W116/><G8/><T86/><D124/><U90/><E90/><V61/><F67/><W49/><G107/><T34/><D34/><U100/><E65/><V14/><F14/><W21/><G21/><T64/><D64/><U122/><E122/><V75/><F75/><W6/><G6/><T4/><D4/><U117/><E23/><V46/><F51/><W109/><G49/><T81/><D72/><U68/><E50/><V31/><F31/><W115/><G30/><T78/><D81/><U103/><E18/><V74/><F74/><W131/><G109/><T129/><D29/><U118/><E25/><V12/><F12/><W112/><G0/><T106/><D28/><U58/><E84/><V15/><F15/><W102/><G87/><T43/><D86/><U71/><N who="1" m="17408" /><DORA hai="20" /><U92/><E92/><RYUUKYOKU ba="1,0" sc="182,-10,483,-10,90,30,245,-10" hai2="44,46,61,63,97,98,99" /><INIT seed="4,2,0,4,3,134" ten="172,473,120,235" oya="0" hai0="20,122,60,129,50,107,57,96,131,133,67,6,114" hai1="97,28,34,39,100,65,83,98,30,90,12,25,112" hai2="63,5,14,22,11,36,92,38,135,23,64,99,61" hai3="116,32,93,73,27,24,55,95,130,62,121,72,48"/><T117/><D122/><U44/><E112/><V82/><F135/><W33/><G116/><T91/><D117/><U16/><E30/><V108/><F108/><W21/><G62/><T75/><D75/><U2/><E2/><V102/><F61/><W123/><G48/><T19/><D6/><U8/><E65/><V87/><F38/><W46/><G46/><T18/><D114/><U105/><E39/><V29/><F36/><W81/><G21/><T66/><D133/><U47/><E98/><V110/><F110/><W115/><G115/><T94/><D107/><U35/><E35/><V40/><F40/><W111/><G81/><T106/><D106/><U9/><E9/><V3/><F3/><W80/><G80/><T71/><D67/><U119/><E119/><V13/><F13/><W70/><G55/><T79/><D79/><U1/><E1/><V15/><F15/><W126/><G130/><N who="0" m="49675" /><D20/><U69/><E69/><V132/><F29/><W31/><G70/><T59/><D71/><U43/><E43/><V101/><F102/><W53/><G31/><T84/><D96/><U113/><E113/><V17/><F5/><W58/><G111/><T76/><D76/><U85/><AGARI ba="2,0" hai="8,12,16,25,28,34,44,47,83,85,90,97,100,105" machi="85" ten="30,2000,0" yaku="0,1,54,1" doraHai="134" who="1" fromWho="1" sc="172,-12,473,26,120,-7,235,-7" /><INIT seed="5,0,0,4,5,86" ten="160,499,113,228" oya="1" hai0="10,35,44,57,84,130,53,11,49,42,95,13,88" hai1="102,132,91,32,113,107,9,0,54,121,26,120,70" hai2="134,90,40,56,98,119,2,125,124,67,76,62,106" hai3="85,33,99,63,7,36,97,60,89,135,22,129,110"/><U47/><E70/><V108/><F108/><W104/><G33/><T80/><D130/><U114/><E107/><V87/><F119/><W12/><G36/><T79/><D35/><U96/><E102/><V83/><F2/><W30/><G110/><T109/><D109/><U24/><E132/><V111/><F111/><W1/><G1/><T14/><D11/><U19/><E32/><V65/><F134/><W55/><G135/><T92/><D92/><U112/><E0/><V41/><F67/><W73/><G73/><T105/><D105/><U51/><E9/><V6/><F6/><W101/><G99/><T103/><D103/><U66/><E66/><V128/><F128/><W126/><G126/><N who="2" m="48745" /><F76/><W68/><G68/><T82/><D79/><U77/><E77/><V48/><F48/><W31/><G63/><N who="0" m="36271" /><D14/><U71/><E71/><V74/><F74/><W59/><G129/><T15/><D15/><U3/><E3/><V52/><F65/><W39/><G39/><T117/><D117/><U93/><E19/><AGARI ba="0,0" hai="10,13,19,42,44,49,80,82,84,88,95" m="36271" machi="19" ten="30,3900,0" yaku="8,1,52,1,54,1" doraHai="86" who="0" fromWho="1" sc="160,39,499,-39,113,0,228,0" /><INIT seed="6,0,0,5,2,94" ten="199,460,113,228" oya="2" hai0="23,96,27,92,97,84,41,75,20,131,134,1,91" hai1="80,130,59,33,62,115,72,90,43,119,71,26,36" hai2="104,35,70,135,45,50,6,57,113,114,88,37,108" hai3="78,49,124,132,85,12,19,122,38,127,32,133,87"/><V28/><F70/><W13/><G38/><T68/><D75/><U31/><E119/><V116/><F116/><W107/><G122/><T7/><D68/><U61/><E130/><V40/><F6/><W14/><G32/><T89/><D131/><U17/><E71/><V56/><F135/><N who="3" m="51787" /><G107/><T44/><D134/><U79/><E36/><V52/><F104/><W95/><G49/><N who="0" m="26767" /><D1/><U82/><E43/><V55/><F108/><W126/><G78/><T118/><D118/><U42/><E42/><V34/><F28/><W10/><G95/><N who="0" m="56431" /><D7/><U46/><E46/><V15/><F15/><AGARI ba="0,0" hai="10,12,13,14,15,19,85,87,124,126,127" m="51787" machi="15" ten="40,2600,0" yaku="18,1,20,1" doraHai="94" who="3" fromWho="2" sc="199,0,460,0,113,-26,228,26" /><INIT seed="7,0,0,2,1,130" ten="199,460,87,254" oya="3" hai0="114,64,58,15,43,20,0,107,85,133,17,62,69" hai1="110,74,77,109,14,111,41,99,1,71,135,93,16" hai2="102,97,119,47,89,57,100,129,73,122,116,54,83" hai3="79,124,118,36,38,76,82,128,113,42,106,108,53"/><W126/><G106/><T96/><D0/><U22/><E1/><V2/><F2/><W24/><G118/><T56/><D114/><U19/><E71/><V95/><F47/><W31/><G53/><T44/><D133/><U127/><E135/><V25/><F25/><W75/><G79/><T8/><D85/><U120/><E120/><V29/><F29/><W78/><G78/><T30/><D107/><U39/><E127/><V87/><F129/><W34/><G128/><T12/><D96/><U105/><E105/><V59/><F59/><W52/><G42/><T49/><D30/><U21/><E41/><V98/><F57/><W6/><G6/><AGARI ba="0,0" hai="6,8,12,15,17,20,43,44,49,56,58,62,64,69" machi="6" ten="30,1000,0" yaku="7,1" doraHai="130" who="0" fromWho="3" sc="199,10,460,0,87,0,254,-10" owari="209,-19.1,460,56.0,87,-41.3,244,4.4" /></mjloggm>