<mjloggm ver="2.3"><GO type="169" lobby="0"/><UN n0="%63%78%79%74%6D%6C" n1="%E8%91%B5%E3%81%A1%E3%82%83%E3%82%93" n2="%E3%81%93%E3%81%AB" n3="%E3%83%94%E3%83%B3%E3%82%B5%E3%83%AD%E5%BA%97%E5%93%A1" dan="16,18,16,17" rate="2205.02,2221.78,2146.26,2183.00" sx="M,F,M,M"/><TAIKYOKU oya="0"/><INIT seed="0,0,0,4,2,54" ten="250,250,250,250" oya="0" hai0="56,129,126,69,107,98,127,61,32,76,36,3,112" hai1="35,6,105,130,97,71,104,28,45,63,44,66,132" hai2="68,95,106,135,41,121,13,133,100,30,82,80,109" hai3="40,37,27,90,25,21,99,42,9,16,7,57,1"/><T38/><D112/><U83/><E130/><V10/><F68/><W91/><G37/><T96/><D32/><U67/><E132/><V78/><F106/><W117/><G117/><T22/><D3/><U50/><E67/><V31/><F121/><W86/><G27/><T122/><D69/><U11/><E83/><V46/><F109/><W89/><G86/><T77/><D122/><U58/><E71/><V65/><F65/><W85/><G85/><T59/><D22/><U84/><E84/><V47/><F95/><W19/><G19/><T128/><D107/><U2/><E97/><V51/><F100/><W111/><G111/><T33/><D33/><U43/><REACH who="1" step="1"/><E45/><REACH who="1" ten="250,240,250,250" step="2"/><V81/><F47/><W48/><REACH who="3" step="1"/><G99/><REACH who="3" ten="250,240,250,240" step="2"/><T88/><D88/><U8/><E8/><V34/><F10/><W103/><G103/><T74/><D74/><U12/><E12/><V120/><F13/><W114/><G114/><T93/><D93/><U62/><E62/><AGARI ba="0,2" hai="36,38,56,59,61,62,76,77,96,98,126,127,128,129" machi="62" ten="25,9600,0" yaku="22,2,52,2" doraHai="54" who="0" fromWho="1" sc="250,116,240,-96,250,0,240,0" /><INIT seed="0,1,0,1,5,130" ten="366,144,250,240" oya="0" hai0="39,81,116,115,73,11,118,55,102,48,78,1,103" hai1="50,70,46,38,2,98,100,62,64,79,13,69,54" hai2="134,42,97,56,127,123,131,63,67,29,57,135,31" hai3="43,109,71,68,133,107,129,19,18,5,65,92,91"/><T37/><D115/><U72/><E2/><V51/><F123/><W117/><G117/><T104/><D48/><U80/><E38/><N who="0" m="14345" /><D55/><U125/><E125/><V40/><F131/><W52/><G107/><T7/><D103/><U101/><E70/><V110/><F127/><W45/><G43/><N who="2" m="16425" /><F97/><AGARI ba="1,0" hai="1,7,11,73,78,81,97,102,104,116,118" m="14345" machi="97" ten="30,1500,0" yaku="23,1" doraHai="130" who="0" fromWho="2" sc="366,18,144,0,250,-18,240,0" /><INIT seed="0,2,0,3,1,56" ten="384,144,232,240" oya="0" hai0="8,116,58,27,112,5,74,40,122,1,13,126,3" hai1="24,47,29,64,97,7,91,37,28,10,51,115,38" hai2="83,76,52,75,127,9,120,73,89,135,4,14,55" hai3="21,123,67,72,86,79,6,113,42,104,78,93,107"/><T2/><D74/><U101/><E115/><V133/><F120/><W44/><G113/><T59/><D112/><U17/><E91/><V70/><F75/><W35/><G35/><T45/><D122/><U132/><E132/><N who="2" m="50763" /><F127/><W109/><G123/><T108/><D116/><U61/><E17/><V114/><F114/><W26/><G109/><T23/><D126/><U118/><E118/><V41/><F41/><W50/><G72/><T48/><REACH who="0" step="1"/><D108/><REACH who="0" ten="374,144,232,240" step="2"/><U63/><E38/><V16/><F70/><W15/><G107/><T106/><D106/><U54/><E37/><V98/><F4/><W102/><G104/><T20/><D20/><U43/><E7/><V32/><F32/><W84/><G6/><T30/><AGARI ba="2,1" hai="1,2,3,5,8,13,23,27,30,40,45,48,58,59" machi="30" ten="30,3000,0" yaku="1,1,0,1,53,0" doraHai="56" doraHaiUra="129" who="0" fromWho="0" sc="374,46,144,-12,232,-12,240,-12" /><INIT seed="0,3,0,4,3,64" ten="420,132,220,228" oya="0" hai0="19,67,58,41,65,106,59,13,81,101,62,107,84" hai1="127,27,1,34,22,90,110,55,18,20,28,16,6" hai2="72,17,7,47,80,134,122,15,112,71,128,135,121" hai3="125,70,88,92,109,45,103,87,9,73,37,32,31"/><T82/><D41/><U85/><E110/><V61/><F112/><W42/><G109/><T129/><D129/><U96/><E127/><V44/><F128/><W77/><G125/><T39/><D39/><U40/><E96/><V93/><F7/><W43/><G43/><T120/><D120/><U95/><E40/><V116/><F116/><W133/><G133/><N who="2" m="50697" /><F93/><W35/><G31/><T78/><D101/><U104/><E104/><V130/><F130/><W21/><G21/><T25/><D25/><U14/><E55/><V131/><F131/><W3/><G103/><T118/><D118/><U111/><E111/><V24/><F24/><W119/><G70/><T50/><D82/><U0/><REACH who="1" step="1"/><E6/><REACH who="1" ten="420,122,220,228" step="2"/><V4/><F4/><N who="3" m="1183" /><G119/><T12/><D107/><U91/><E91/><V38/><F121/><W33/><G33/><T60/><D106/><U117/><E117/><V100/><F122/><W2/><G2/><T53/><REACH who="0" step="1"/><D19/><REACH who="0" ten="410,122,220,228" step="2"/><U29/><E29/><V48/><F17/><W63/><G42/><T75/><D75/><U132/><E132/><V123/><F72/><W5/><G73/><T105/><D105/><U76/><E76/><V108/><F123/><W69/><G77/><T126/><D126/><U74/><E74/><V98/><F108/><W26/><G5/><T94/><D94/><U68/><E68/><AGARI ba="3,2" hai="12,13,50,53,58,59,60,62,65,67,68,78,81,84" machi="68" ten="30,11600,0" yaku="1,1,7,1,52,1,53,1" doraHai="64" doraHaiUra="66" who="0" fromWho="1" sc="410,145,122,-125,220,0,228,0" owari="555,65.5,-3,-50.3,220,-18.0,228,2.8" /></mjloggm>