<mjloggm ver="2.3"><GO type="169" lobby="0"/><UN n0="%31%74%61" n1="%E5%9C%A7%E5%80%92%E7%9A%84%E3%83%9D%E3%83%B3" n2="%E3%81%8D%E3%82%83%E3%82%82%E3%82%93%E3%81%AC" n3="%E3%81%AF%E3%81%AA%E3%81%B3%E3%81%AA%E3%81%B3" dan="17,17,16,17" rate="2232.61,2201.38,2115.10,2143.62" sx="M,M,M,M"/><TAIKYOKU oya="0"/><INIT seed="0,0,0,1,5,94" ten="250,250,250,250" oya="0" hai0="38,58,47,25,71,77,111,99,9,39,52,90,67" hai1="23,40,49,84,130,112,127,44,0,61,105,85,91" hai2="135,103,123,8,72,29,98,96,24,133,56,27,68" hai3="17,33,32,79,50,1,83,22,75,64,89,87,35"/><T65/><D77/><U20/><E0/><V73/><F68/><W63/><G1/><T30/><D9/><U41/><E105/><V5/><F123/><W12/><G50/><T128/><D128/><U104/><E104/><V3/><F56/><W26/><G12/><T107/><D111/><U86/><E130/><V11/><F103/><W13/><G13/><T109/><D109/><U36/><E127/><V131/><F131/><W78/><REACH who="3" step="1"/><G75/><REACH who="3" ten="250,250,250,240" step="2"/><N who="2" m="28745" /><F8/><W80/><G80/><T101/><D47/><U82/><E112/><V43/><F43/><W46/><G46/><T19/><D38/><U129/><E129/><V57/><F57/><AGARI ba="0,1" hai="17,22,26,32,33,35,57,63,64,78,79,83,87,89" machi="57" ten="40,1300,0" yaku="1,1,53,0" doraHai="94" doraHaiUra="6" who="3" fromWho="2" sc="250,0,250,0,250,-13,240,23" /><INIT seed="1,0,0,1,5,8" ten="250,250,237,263" oya="1" hai0="79,77,104,115,64,128,70,47,44,109,91,53,50" hai1="3,35,94,103,90,92,105,122,89,63,13,76,111" hai2="52,88,68,81,29,98,20,18,14,62,21,41,135" hai3="85,106,75,25,72,55,9,61,11,95,0,43,57"/><U56/><E3/><V71/><F135/><W116/><G106/><T100/><D115/><U4/><E35/><V51/><F41/><W34/><G116/><T39/><D109/><U60/><E122/><V117/><F117/><W120/><G120/><T7/><D128/><U6/><E105/><V19/><F29/><W126/><G126/><T69/><D91/><U86/><E76/><V93/><F81/><W5/><G11/><T40/><D7/><U129/><E103/><V33/><F33/><W30/><G43/><T82/><D64/><U31/><E31/><V131/><F62/><W74/><G95/><T24/><D24/><U12/><E111/><V15/><F131/><W49/><G85/><T121/><D79/><U80/><E80/><V59/><AGARI ba="0,0" hai="14,15,18,19,20,21,51,52,59,68,71,88,93,98" machi="59" ten="20,12000,2" yaku="0,1,7,1,9,1,52,2,54,2" doraHai="8" who="2" fromWho="2" sc="250,-30,250,-60,237,120,263,-30" /><INIT seed="2,0,0,1,5,110" ten="220,190,357,233" oya="2" hai0="33,51,66,100,74,77,52,113,118,80,58,39,102" hai1="92,123,4,120,91,111,124,69,87,25,19,104,6" hai2="57,13,106,34,96,64,5,62,78,99,18,45,127" hai3="42,55,36,75,9,60,121,54,125,43,59,2,23"/><V20/><F34/><W31/><G75/><T131/><D131/><U47/><E69/><V109/><F109/><W79/><G79/><T26/><D39/><U28/><E111/><V24/><F127/><W107/><G107/><T65/><D118/><U105/><E19/><V22/><F106/><N who="1" m="41065" /><E47/><V88/><F78/><W8/><G2/><T41/><D41/><U133/><E124/><V115/><F115/><W70/><G23/><T49/><D113/><U61/><E61/><V83/><F45/><W68/><G60/><T93/><D51/><U67/><E67/><V53/><F64/><W129/><G125/><T21/><D33/><N who="1" m="20623" /><E133/><V35/><F35/><W101/><G101/><T112/><D112/><U90/><E90/><V114/><F114/><W50/><G50/><T10/><D10/><U37/><E37/><V85/><F5/><W134/><G36/><T128/><D102/><U119/><E119/><V16/><AGARI ba="0,0" hai="13,16,18,20,22,24,53,57,62,83,85,88,96,99" machi="16" ten="20,12000,1" yaku="0,1,7,1,8,1,54,2" doraHai="110" who="2" fromWho="2" sc="220,-40,190,-40,357,120,233,-40" /><INIT seed="2,1,0,4,1,112" ten="180,150,477,193" oya="2" hai0="16,2,78,98,65,27,70,108,38,59,41,127,30" hai1="60,133,91,63,114,69,117,95,53,49,62,130,90" hai2="50,102,17,71,92,46,4,5,15,100,94,8,134" hai3="86,42,121,35,105,74,116,111,51,96,68,72,118"/><V131/><F134/><W58/><G58/><T109/><D2/><U55/><E114/><V119/><F71/><W93/><G51/><T52/><D127/><U113/><E113/><V135/><F135/><W85/><G42/><T21/><D78/><U13/><E133/><V33/><F33/><W34/><G68/><T19/><D98/><U28/><E28/><V1/><F131/><W39/><G39/><T126/><D126/><U103/><E69/><V123/><F119/><N who="3" m="45611" /><G35/><T89/><D89/><N who="1" m="33803" /><E117/><V11/><F123/><W115/><G34/><T73/><D73/><N who="3" m="28265" /><G115/><T29/><D65/><U43/><E130/><V47/><F17/><W36/><G36/><T122/><D122/><U32/><E32/><V0/><F15/><W84/><G121/><T106/><D70/><U132/><E132/><V61/><F50/><W87/><G111/><N who="0" m="42571" /><D106/><U44/><E13/><V81/><F61/><N who="1" m="15617" /><U6/><DORA hai="124" /><E6/><V9/><F5/><W14/><G14/><T23/><D38/><U26/><E26/><V75/><F4/><W66/><G66/><T40/><D29/><U125/><E125/><V18/><F18/><N who="0" m="6698" /><D23/><U79/><E79/><V88/><F1/><W67/><G67/><T104/><D104/><U48/><E48/><AGARI ba="1,0" hai="21,27,30,40,41,48,52,59" m="6698,42571" machi="48" ten="30,3900,0" yaku="14,1,54,2" doraHai="112,124" who="0" fromWho="1" sc="180,42,150,-42,477,0,193,0" /><INIT seed="3,0,0,2,5,119" ten="222,108,477,193" oya="3" hai0="19,101,24,8,51,84,43,102,69,70,99,47,75" hai1="55,113,68,106,116,109,53,122,126,134,1,11,100" hai2="128,59,132,104,31,111,74,48,127,50,41,2,18" hai3="6,94,76,30,56,60,63,23,107,10,79,80,124"/><W44/><G124/><T87/><D75/><U67/><E11/><V25/><F127/><W28/><G107/><T88/><D70/><U129/><E100/><N who="0" m="38505" /><D69/><U42/><E42/><V73/><F104/><W135/><G135/><T13/><D24/><U16/><E16/><V125/><F125/><W9/><G94/><AGARI ba="0,0" hai="8,13,19,43,47,51,84,87,88,94,99" m="38505" machi="94" ten="30,2000,0" yaku="8,1,54,1" doraHai="119" who="0" fromWho="3" sc="222,20,108,0,477,0,193,-20" /><INIT seed="4,0,0,3,5,125" ten="242,108,477,173" oya="0" hai0="98,48,0,56,20,14,96,113,23,128,92,133,99" hai1="8,5,91,90,119,85,105,45,59,94,34,84,26" hai2="122,72,88,89,29,49,118,112,9,83,87,30,3" hai3="126,131,19,107,10,43,50,1,86,70,55,18,100"/><T108/><D0/><U11/><E105/><V123/><F112/><W44/><G126/><T134/><D113/><U17/><E119/><V54/><F118/><W127/><G127/><T65/><D108/><U97/><E97/><V64/><F72/><W27/><G70/><T6/><D128/><U60/><E45/><V53/><F64/><W74/><G74/><T67/><D92/><U116/><E116/><V22/><F54/><W75/><G75/><T93/><D93/><U62/><E62/><V12/><F3/><W35/><G86/><T57/><D48/><U47/><E47/><V71/><F71/><W135/><G135/><T13/><D98/><U66/><E5/><AGARI ba="0,0" hai="5,6,13,14,20,23,56,57,65,67,96,99,133,134" machi="5" ten="25,2400,0" yaku="22,2" doraHai="125" who="0" fromWho="1" sc="242,24,108,-24,477,0,173,0" /><INIT seed="4,1,0,1,1,131" ten="266,84,477,173" oya="0" hai0="70,23,39,4,29,101,38,98,133,26,30,107,74" hai1="12,77,134,9,59,118,14,19,61,100,124,20,68" hai2="69,65,86,49,81,6,0,51,2,110,128,121,108" hai3="62,112,40,22,80,41,92,109,123,97,129,78,63"/><T111/><D74/><U35/><E118/><V3/><F121/><W135/><G109/><T47/><D111/><U28/><E68/><V52/><F51/><W103/><G129/><T33/><D4/><U71/><E71/><V10/><F128/><W83/><G123/><T119/><D119/><U87/><E100/><V99/><F99/><W82/><G112/><T45/><D70/><U60/><E124/><V85/><F85/><W122/><G122/><T5/><D5/><U104/><E104/><V120/><F120/><W37/><G78/><T95/><D107/><U113/><E113/><V54/><F54/><W16/><G37/><T18/><D133/><U48/><E134/><V115/><F115/><W46/><G135/><T11/><D11/><U79/><E35/><V76/><F110/><W53/><G53/><T57/><D57/><U32/><E32/><V15/><F108/><W66/><G46/><T84/><D84/><U132/><E132/><V91/><F65/><W50/><G50/><T44/><REACH who="0" step="1"/><D30/><REACH who="0" ten="256,84,477,173" step="2"/><U21/><E87/><V1/><F69/><W24/><REACH who="3" step="1"/><G66/><REACH who="3" ten="256,84,477,163" step="2"/><T55/><D55/><U56/><E61/><AGARI ba="1,2" hai="16,22,24,40,41,61,62,63,80,82,83,92,97,103" machi="61" ten="40,8000,1" yaku="1,1,2,1,8,1,54,1,53,0" doraHai="131" doraHaiUra="72" who="3" fromWho="1" sc="256,0,84,-83,477,0,163,103" /><INIT seed="5,0,0,2,5,67" ten="256,1,477,266" oya="1" hai0="131,52,57,95,101,113,73,12,128,53,61,133,109" hai1="134,132,35,0,4,78,45,14,30,27,59,103,89" hai2="91,9,6,81,28,49,16,107,20,19,40,100,104" hai3="80,124,106,42,126,47,97,60,112,17,29,77,39"/><U88/><E78/><V34/><F34/><W74/><G17/><T48/><D109/><U63/><E103/><V93/><F81/><W121/><G121/><T94/><D73/><U37/><E0/><V79/><F79/><W116/><G112/><T84/><D113/><U102/><E102/><V98/><F107/><W68/><G29/><T44/><D133/><N who="1" m="51307" /><E4/><V105/><F105/><W23/><G23/><T118/><D118/><U72/><E72/><V43/><F28/><W62/><G116/><T82/><D12/><U10/><E45/><V135/><F135/><W111/><G111/><T58/><D44/><U70/><E37/><V26/><F49/><W33/><G62/><T8/><D8/><U38/><E38/><V69/><F19/><W114/><G33/><T96/><REACH who="0" step="1"/><D95/><REACH who="0" ten="246,1,477,266" step="2"/><U32/><E32/><V56/><F93/><W7/><G114/><T31/><D31/><U108/><E108/><V22/><F9/><W24/><G47/><T117/><D117/><U5/><E70/><V119/><F69/><W129/><G68/><T90/><AGARI ba="0,1" hai="48,52,53,57,58,61,82,84,90,94,96,101,128,131" machi="90" ten="30,4000,0" yaku="1,1,0,1,54,1,53,0" doraHai="67" doraHaiUra="3" who="0" fromWho="0" sc="246,50,1,-20,477,-10,266,-10" owari="296,9.6,-19,-51.9,467,56.7,256,-14.4" /></mjloggm>