<mjloggm ver="2.3"><GO type="169" lobby="0"/><UN n0="%E6%84%9B%E3%81%AF%E6%AD%A3%E7%BE%A9" n1="%E4%B8%83%E7%94%9F%E5%A4%95" n2="%E5%A0%B4%E6%B3%81%E5%8E%A8" n3="%E7%B4%94%E6%BD%94%E3%83%94%E3%83%A9%E3%83%8B%E3%82%A2" dan="16,16,17,16" rate="2069.00,2096.71,2158.11,2185.68" sx="F,M,M,M"/><TAIKYOKU oya="0"/><INIT seed="0,0,0,3,4,45" ten="250,250,250,250" oya="0" hai0="57,132,127,111,4,2,46,126,14,12,31,33,101" hai1="65,37,66,103,21,96,73,55,123,58,16,108,84" hai2="11,106,1,77,36,56,22,24,38,133,94,90,19" hai3="7,15,71,87,81,70,131,39,52,47,91,116,98"/><T8/><D101/><U29/><E73/><V0/><F106/><W135/><G116/><T63/><D132/><U92/><E123/><V134/><F77/><W119/><G119/><T49/><D111/><U112/><E37/><V85/><F56/><W102/><G131/><T42/><D33/><U75/><E75/><V105/><F105/><W86/><G86/><T35/><D35/><U43/><E43/><V20/><F20/><W89/><G89/><T72/><D31/><U104/><E29/><V114/><F114/><W41/><G135/><N who="2" m="51721" /><F11/><W78/><G91/><T17/><D72/><U67/><E108/><V40/><F40/><W64/><G64/><T9/><REACH who="0" step="1"/><D2/><AGARI ba="0,0" hai="0,1,2,19,22,24,36,38,85,90,94" m="51721" machi="2" ten="30,1000,0" yaku="20,1" doraHai="45" who="2" fromWho="0" sc="250,-10,250,0,250,10,250,0" /><INIT seed="1,0,0,2,1,10" ten="240,250,260,250" oya="1" hai0="65,91,63,93,94,6,67,118,108,125,25,43,1" hai1="33,128,75,11,19,90,69,29,9,32,55,56,107" hai2="131,68,13,84,72,60,101,98,130,92,81,119,96" hai3="85,117,88,71,2,122,113,49,54,106,23,31,45"/><U36/><E69/><V123/><F68/><W30/><G2/><T20/><D108/><U44/><E75/><V99/><F60/><W80/><G113/><T126/><D118/><U89/><E107/><V47/><F47/><W57/><G71/><T109/><D109/><U74/><E74/><V3/><F3/><W48/><G106/><T18/><D43/><U0/><E128/><N who="2" m="49195" /><F119/><W28/><G122/><T39/><D39/><U15/><E36/><V120/><F13/><W133/><G133/><T37/><D37/><U121/><E44/><V52/><F52/><W79/><G117/><T110/><D110/><U114/><E114/><V134/><F134/><W77/><REACH who="3" step="1"/><G23/><REACH who="3" ten="240,250,260,240" step="2"/><T46/><D1/><U24/><E33/><V42/><F123/><W22/><G22/><T21/><D21/><U95/><E121/><V124/><F120/><W5/><G5/><T26/><D20/><U34/><E34/><V17/><F17/><W100/><G100/><T12/><D18/><U112/><E112/><V104/><F124/><W127/><G127/><T78/><D6/><U73/><E0/><V62/><F104/><W35/><G35/><T53/><D125/><U27/><E27/><V82/><F101/><W97/><G97/><T64/><D126/><U59/><E24/><V129/><F99/><W4/><G4/><T66/><D25/><U40/><E32/><V61/><F98/><W70/><G70/><T50/><D26/><U76/><E29/><V132/><F132/><W103/><G103/><T116/><N who="0" m="16384" /><DORA hai="7" /><T115/><D115/><U86/><E19/><V87/><F129/><RYUUKYOKU ba="0,1" sc="240,-10,250,-10,260,-10,240,30" hai3="28,30,31,45,48,49,54,57,77,79,80,85,88" /><INIT seed="2,1,1,1,1,124" ten="230,240,250,270" oya="2" hai0="131,55,47,102,16,29,62,20,113,129,27,74,112" hai1="48,23,36,52,123,119,78,58,45,30,75,100,53" hai2="135,66,44,2,77,42,26,10,101,120,125,95,134" hai3="70,127,133,76,9,11,3,116,24,54,97,21,50"/><V86/><F120/><W5/><G127/><T85/><D74/><U19/><E119/><V93/><F66/><W104/><G116/><T33/><D102/><U105/><E123/><V0/><F125/><W110/><G70/><T67/><D85/><U87/><E75/><V89/><F77/><W17/><G76/><T132/><D132/><N who="2" m="50730" /><F26/><W117/><G117/><T81/><D81/><N who="1" m="47543" /><E105/><V14/><F95/><W107/><G110/><T56/><D47/><U130/><E36/><N who="2" m="21575" /><F101/><W15/><G97/><T28/><D67/><U65/><E130/><N who="0" m="49673" /><D29/><U114/><E65/><V121/><F121/><W43/><G43/><T84/><D84/><U60/><E100/><V7/><AGARI ba="1,1" hai="0,2,7,10,14,86,89,93" m="21575,50730" machi="7" ten="30,1500,0" yaku="20,1" doraHai="124" who="2" fromWho="2" sc="230,-6,240,-6,250,28,270,-6" /><INIT seed="2,2,0,2,0,19" ten="224,234,278,264" oya="2" hai0="65,98,22,124,3,129,92,109,130,113,76,75,90" hai1="67,134,56,36,13,88,71,52,27,41,99,126,89" hai2="33,51,40,119,46,49,35,78,7,121,8,61,123" hai3="14,84,117,122,111,96,55,100,54,15,66,28,62"/><V83/><F119/><W74/><G74/><T103/><D113/><U31/><E126/><V127/><F127/><W12/><G122/><T63/><D124/><U17/><E134/><V16/><F123/><W24/><G84/><T133/><D3/><U108/><E108/><V112/><F112/><W86/><G86/><T116/><D133/><U37/><E71/><V91/><F91/><W21/><G111/><T43/><D109/><U95/><E67/><V58/><F51/><W48/><G48/><T45/><D116/><U59/><E59/><V5/><F5/><W102/><G102/><T29/><D76/><U0/><E0/><V87/><F121/><W57/><REACH who="3" step="1"/><G117/><REACH who="3" ten="224,234,278,254" step="2"/><T1/><D75/><U115/><E115/><V9/><F9/><W23/><G23/><T44/><D103/><U135/><E135/><V73/><F73/><W80/><G80/><T4/><D98/><U131/><E37/><V34/><F34/><W53/><G53/><T18/><D22/><N who="1" m="15863" /><E36/><V97/><F97/><W38/><G38/><T50/><D50/><N who="1" m="30743" /><E131/><V32/><F32/><W110/><G110/><T106/><D130/><U11/><E41/><V72/><F72/><W105/><AGARI ba="2,1" hai="12,14,15,21,24,28,54,55,57,62,66,96,100,105" machi="105" ten="30,4000,0" yaku="1,1,0,1,52,1,53,0" doraHai="19" doraHaiUra="39" who="3" fromWho="3" sc="224,-12,234,-12,278,-22,254,56" /><INIT seed="3,0,0,4,4,24" ten="212,222,256,310" oya="3" hai0="51,49,66,63,135,89,83,61,92,67,13,87,34" hai1="65,6,132,128,57,129,4,99,113,131,91,16,36" hai2="55,90,109,133,8,70,96,88,17,20,56,42,22" hai3="106,122,94,95,28,102,39,62,82,10,71,43,118"/><W86/><G118/><T18/><D135/><U117/><E113/><V31/><F70/><W114/><G114/><T74/><D34/><U111/><E36/><V85/><F109/><W9/><G122/><T58/><D74/><U84/><E111/><V30/><F42/><W134/><G134/><T52/><D67/><U41/><E41/><V68/><F68/><W101/><G43/><T72/><D72/><U60/><E132/><V46/><F46/><W1/><G39/><T119/><D119/><U0/><E0/><V44/><F44/><W7/><G9/><T12/><D12/><U130/><E99/><V64/><F64/><W14/><G1/><T78/><D66/><U107/><E107/><V120/><F120/><W27/><G62/><T25/><D25/><U19/><N who="1" m="32768" /><DORA hai="126" /><U93/><REACH who="1" step="1"/><E117/><REACH who="1" ten="212,212,256,310" step="2"/><V112/><F112/><W116/><G106/><T81/><D78/><U23/><E23/><V123/><F133/><W98/><G98/><T26/><D63/><U97/><E97/><V127/><F123/><W37/><G37/><T76/><D76/><U54/><E54/><V47/><F22/><N who="3" m="15479" /><G116/><T29/><D51/><U11/><E11/><V105/><F8/><W103/><G71/><T125/><D125/><U50/><E50/><N who="2" m="30839" /><F105/><W79/><AGARI ba="0,1" hai="7,10,14,79,82,86,94,95,101,102,103" m="15479" machi="79" ten="30,3000,0" yaku="8,1,52,1" doraHai="24,126" who="3" fromWho="3" sc="212,-10,212,-10,256,-10,310,40" /><INIT seed="3,1,0,5,2,94" ten="202,202,246,350" oya="3" hai0="127,50,40,63,48,114,78,102,74,51,47,81,89" hai1="21,32,132,18,41,11,45,86,134,33,28,75,121" hai2="31,106,91,23,119,61,1,15,129,99,70,110,43" hai3="4,60,7,90,109,34,118,113,116,125,93,55,115"/><W131/><G34/><N who="1" m="13418" /><E86/><V56/><F1/><W66/><G55/><T84/><D114/><U72/><E121/><V27/><F70/><W59/><G125/><T29/><D127/><U68/><E68/><V37/><F119/><W8/><G131/><T71/><D29/><U117/><E28/><V20/><F110/><W2/><G109/><T92/><D71/><U122/><E11/><V85/><F37/><W77/><G77/><T88/><D63/><U65/><E65/><V101/><F43/><W3/><G116/><T112/><D112/><U35/><N who="1" m="13426" /><U30/><DORA hai="100" /><E30/><V105/><F105/><W13/><G118/><T39/><D102/><U104/><E104/><V26/><F129/><W54/><G66/><T107/><D89/><U128/><E122/><V62/><F56/><W124/><G124/><T52/><REACH who="0" step="1"/><D107/><REACH who="0" ten="192,202,246,350" step="2"/><U36/><E117/><V49/><F62/><W22/><G113/><T9/><D9/><U76/><E128/><V126/><F61/><W53/><G115/><T24/><D24/><N who="1" m="14391" /><E76/><V79/><F79/><W57/><G90/><T25/><D25/><U80/><E80/><V64/><F126/><W133/><G8/><T95/><D95/><U111/><E111/><V135/><F106/><W103/><G93/><T123/><D123/><U83/><E83/><V58/><F101/><W73/><G103/><T97/><D97/><U82/><E82/><V130/><F99/><W0/><G60/><T46/><AGARI ba="1,1" hai="39,40,46,47,48,50,51,52,74,78,81,84,88,92" machi="46" ten="20,16000,3" yaku="1,1,0,1,7,1,54,2,53,3" doraHai="94,100" doraHaiUra="44,6" who="0" fromWho="0" sc="192,173,202,-41,246,-41,350,-81" /><INIT seed="4,0,0,4,4,4" ten="365,161,205,269" oya="0" hai0="80,37,75,76,0,113,116,12,71,9,97,57,106" hai1="50,119,5,92,54,107,74,62,29,13,3,86,16" hai2="49,15,19,72,94,125,89,10,53,90,133,39,32" hai3="87,100,8,20,40,61,64,48,17,67,82,38,36"/><T6/><D116/><U128/><E74/><V99/><F72/><W120/><G120/><T126/><D126/><U83/><E107/><V102/><F125/><W93/><G36/><T33/><D113/><U117/><E128/><V79/><F39/><W56/><G38/><T24/><D57/><U91/><E29/><V2/><F32/><W58/><G100/><T55/><D55/><U18/><E62/><V98/><F133/><W1/><G93/><T77/><D77/><U108/><E108/><V25/><F79/><W95/><G95/><T47/><D71/><U34/><E34/><V78/><F78/><W51/><G40/><N who="0" m="22927" /><D12/><U22/><E18/><V28/><F2/><W26/><G64/><T132/><D132/><U84/><E5/><V21/><REACH who="2" step="1"/><F99/><REACH who="2" ten="365,161,195,269" step="2"/><W46/><G1/><T41/><D41/><U115/><E3/><V35/><F35/><W123/><G123/><T114/><D114/><U14/><E115/><V30/><F30/><W7/><G87/><T65/><D65/><U122/><E122/><V110/><F110/><W52/><G82/><T118/><D118/><U43/><E117/><V131/><F131/><W70/><G51/><T23/><D33/><U45/><E119/><V69/><F69/><W130/><G130/><T135/><D135/><U81/><E81/><V121/><F121/><W105/><G105/><T60/><D97/><U101/><E83/><V127/><F127/><W42/><G42/><T27/><D106/><U59/><E86/><V44/><AGARI ba="0,1" hai="10,15,19,21,25,28,44,49,53,89,90,94,98,102" machi="44" ten="20,8000,1" yaku="1,1,0,1,7,1,8,1,52,1,53,0" doraHai="4" doraHaiUra="112" who="2" fromWho="2" sc="365,-40,161,-20,195,90,269,-20" /><INIT seed="5,0,0,5,1,113" ten="325,141,285,249" oya="1" hai0="6,38,81,46,76,115,102,62,60,9,42,61,86" hai1="1,36,45,123,53,134,109,71,72,65,20,0,12" hai2="35,32,7,79,19,22,63,59,43,91,49,90,122" hai3="21,129,101,116,24,31,48,39,133,5,69,132,40"/><U78/><E123/><V95/><F122/><W85/><G69/><T4/><D115/><U128/><E128/><V111/><F111/><W121/><G121/><T131/><D131/><U98/><E109/><V96/><F79/><W106/><G129/><T73/><D102/><U66/><E134/><N who="3" m="51818" /><G5/><T125/><D125/><U41/><E98/><V70/><F7/><W124/><G124/><T58/><D6/><U30/><E53/><N who="2" m="34287" /><F70/><W94/><G106/><T17/><D17/><U16/><E30/><V120/><F120/><W74/><G74/><T119/><D119/><U8/><E71/><V18/><F18/><W88/><G101/><T114/><D114/><U83/><REACH who="1" step="1"/><E20/><REACH who="1" ten="325,131,285,249" step="2"/><V100/><F35/><W47/><G116/><T3/><REACH who="0" step="1"/><D86/><REACH who="0" ten="315,131,285,249" step="2"/><U10/><E10/><V50/><F96/><W68/><G68/><T126/><D126/><U89/><E89/><V55/><F90/><W80/><G80/><T117/><D117/><U97/><E97/><V2/><F91/><W99/><G85/><T14/><D14/><U27/><E27/><V104/><F100/><W84/><G84/><T44/><D44/><U127/><E127/><V112/><F112/><W54/><G54/><AGARI ba="0,2" hai="3,4,9,38,42,46,54,58,60,61,62,73,76,81" machi="54" ten="30,7700,0" yaku="1,1,7,1,25,2,53,0" doraHai="113" doraHaiUra="130" who="0" fromWho="3" sc="315,97,131,0,285,0,249,-77" /><INIT seed="6,0,0,4,5,99" ten="412,131,285,172" oya="2" hai0="57,76,130,119,75,64,126,24,44,36,20,123,49" hai1="48,0,96,17,27,84,21,16,92,102,55,34,112" hai2="72,89,111,128,41,83,106,98,73,91,95,15,94" hai3="60,66,62,1,74,26,7,69,39,127,116,31,125"/><V85/><F41/><W42/><G116/><T133/><D123/><U4/><E112/><V81/><F15/><W78/><G62/><T22/><D119/><U63/><E34/><V54/><F54/><W25/><G25/><T110/><D110/><U51/><E0/><V107/><F111/><W68/><G68/><T19/><D126/><N who="3" m="48137" /><G78/><T114/><D114/><U53/><E4/><V120/><F128/><W61/><G61/><T43/><D130/><U65/><E84/><V108/><F108/><W40/><G74/><N who="2" m="28777" /><F120/><W117/><G117/><T77/><D133/><U70/><E55/><V93/><F93/><W2/><G7/><T8/><D8/><U18/><REACH who="1" step="1"/><E51/><REACH who="1" ten="412,121,285,172" step="2"/><V87/><F95/><W103/><G40/><T121/><D121/><U86/><E86/><V11/><F11/><W50/><G50/><T23/><D36/><U129/><E129/><V46/><F46/><AGARI ba="0,1" hai="16,17,18,21,27,46,48,53,63,65,70,92,96,102" machi="46" ten="30,7700,0" yaku="1,1,7,1,52,1,54,1,53,0" doraHai="99" doraHaiUra="109" who="1" fromWho="2" sc="412,0,121,87,285,-77,172,0" /><INIT seed="7,0,0,5,4,8" ten="412,208,208,172" oya="3" hai0="132,18,35,82,11,92,134,7,43,30,32,110,65" hai1="130,62,128,98,93,112,107,78,99,109,13,111,125" hai2="95,114,28,22,87,33,10,42,133,119,105,55,101" hai3="76,84,127,131,129,68,50,81,46,89,31,27,104"/><W53/><G68/><T9/><D110/><U71/><E112/><V74/><F74/><W38/><G104/><T83/><D65/><N who="1" m="41399" /><E78/><V58/><F119/><W69/><G69/><T73/><D43/><U48/><E125/><V118/><F133/><N who="0" m="51306" /><D73/><U3/><E13/><V17/><F105/><W19/><G127/><T91/><D18/><U64/><E3/><V6/><F42/><W47/><G38/><T113/><D113/><U41/><E64/><V121/><F121/><W108/><G108/><T102/><D102/><N who="1" m="62935" /><E48/><V44/><F44/><W51/><G19/><T94/><D94/><U96/><E96/><V20/><F33/><N who="0" m="12874" /><D30/><U5/><E41/><V2/><F28/><W61/><G61/><T39/><D39/><U37/><E93/><V126/><F95/><W90/><G129/><T45/><D45/><U16/><E37/><V25/><F25/><W70/><G131/><T52/><D52/><U63/><E128/><V88/><F101/><W49/><G70/><T115/><D115/><U117/><E130/><V103/><F103/><W56/><G56/><T29/><D29/><U34/><E16/><V120/><F58/><W21/><G50/><T14/><D11/><U23/><E111/><V66/><F2/><W4/><G4/><T123/><D123/><U135/><E5/><V122/><F6/><W77/><REACH who="3" step="1"/><G89/><REACH who="3" ten="412,208,208,162" step="2"/><T0/><D0/><U54/><E135/><V80/><F88/><W57/><G57/><T24/><D91/><U75/><E109/><V59/><F17/><W79/><G79/><T116/><D7/><U72/><E63/><V106/><F126/><RYUUKYOKU ba="0,1" sc="412,-10,208,-10,208,-10,162,30" hai3="21,27,31,46,47,49,51,53,76,77,81,84,90" /><INIT seed="7,1,1,5,3,56" ten="402,198,198,192" oya="3" hai0="66,87,115,42,46,97,35,111,44,5,25,69,118" hai1="64,112,52,41,18,73,105,20,67,84,39,49,26" hai2="109,33,91,114,113,59,120,8,98,130,93,22,76" hai3="68,6,131,36,78,71,117,0,132,124,14,62,24"/><W102/><G117/><T34/><D111/><U89/><E73/><V77/><F120/><W45/><G124/><T43/><D118/><U80/><E105/><V90/><F33/><W106/><G131/><T116/><D116/><U47/><E112/><N who="2" m="43115" /><F109/><W15/><G24/><T85/><D115/><U4/><E4/><V108/><F108/><W119/><G119/><T50/><D5/><U2/><E2/><V17/><F8/><W21/><G78/><N who="2" m="30313" /><F59/><AGARI ba="1,1" hai="18,20,26,39,41,47,49,52,59,64,67,80,84,89" machi="59" ten="30,2000,0" yaku="7,1,54,1" doraHai="56" who="1" fromWho="2" sc="402,0,198,33,198,-23,192,0" owari="402,50.2,231,3.1,175,-32.5,192,-20.8" /></mjloggm>