<mjloggm ver="2.3"><GO type="169" lobby="0"/><UN n0="%E5%BA%84%E5%8F%B8%E5%81%A5%E5%A4%AA%E6%9C%97" n1="%E6%8E%A2%39" n2="%E8%B5%A4%E6%AF%9B%E3%81%AE%E3%82%AD%E3%83%A7%E3%83%B3" n3="%41%6E%6B%6F%61%6E%6B%6F" dan="16,17,18,16" rate="2061.89,2177.87,2306.14,2147.72" sx="M,M,M,F"/><TAIKYOKU oya="0"/><INIT seed="0,0,0,2,2,55" ten="250,250,250,250" oya="0" hai0="63,73,134,116,86,105,53,64,79,130,66,98,9" hai1="18,49,123,30,10,92,23,83,115,38,51,46,36" hai2="133,33,94,77,131,62,45,42,15,13,99,85,104" hai3="54,34,128,65,127,107,93,97,24,126,27,106,80"/><T124/><D116/><U90/><E123/><V19/><F33/><W8/><G128/><T102/><D130/><U12/><E115/><V113/><F113/><W43/><G43/><T25/><D134/><U29/><E83/><V119/><F131/><W41/><G41/><T28/><D73/><U40/><E51/><V109/><F109/><W103/><G65/><T21/><D124/><N who="3" m="47657" /><G8/><T1/><D79/><U60/><E60/><V108/><F108/><W4/><G4/><T89/><D9/><U110/><E110/><V57/><F133/><W100/><G80/><T2/><D53/><U91/><E91/><V14/><F104/><W114/><G114/><T61/><D63/><U67/><E67/><V56/><F119/><W50/><G103/><T111/><D66/><U71/><E71/><V76/><F19/><W132/><G132/><T5/><D5/><U95/><E95/><V118/><F118/><W52/><G54/><T22/><D21/><U31/><REACH who="1" step="1"/><E23/><REACH who="1" ten="250,240,250,250" step="2"/><V135/><F135/><W70/><G70/><T78/><D111/><U120/><E120/><V121/><F121/><W96/><G34/><T125/><D78/><U88/><E88/><N who="2" m="53519" /><F62/><W117/><G117/><T74/><D125/><U112/><E112/><V16/><F77/><W75/><G107/><T101/><D74/><U48/><E48/><N who="2" m="26679" /><F76/><W20/><G75/><T129/><D129/><U11/><E11/><N who="2" m="6207" /><F99/><AGARI ba="0,1" hai="10,12,18,29,30,31,36,38,40,46,49,90,92,99" machi="99" ten="40,1300,0" yaku="1,1,53,0" doraHai="55" doraHaiUra="35" who="1" fromWho="2" sc="250,0,240,23,250,-13,250,0" /><INIT seed="1,0,0,0,0,99" ten="250,263,237,250" oya="1" hai0="114,107,122,41,15,71,111,78,69,32,51,110,13" hai1="96,7,56,64,103,31,86,109,10,45,3,129,25" hai2="33,130,67,22,132,116,52,0,16,29,113,134,82" hai3="97,65,26,11,43,50,123,53,133,105,63,60,6"/><U119/><E119/><V84/><F116/><W118/><G123/><T8/><D114/><U23/><E129/><V90/><F67/><W28/><G133/><N who="2" m="51305" /><F0/><W94/><G105/><T126/><D32/><U2/><E109/><V59/><F130/><W18/><G18/><T49/><D107/><U91/><E45/><V121/><F121/><W61/><G43/><T36/><D8/><U68/><E68/><V101/><F113/><W24/><G118/><T19/><D19/><U79/><E79/><V54/><F59/><W83/><G83/><T75/><D75/><U95/><E64/><V55/><F33/><W80/><G80/><T62/><D41/><U98/><E56/><V48/><F29/><W42/><G42/><T35/><D35/><U102/><REACH who="1" step="1"/><E2/><REACH who="1" ten="250,253,237,250" step="2"/><V87/><F48/><W88/><G65/><T44/><D44/><U73/><E73/><V106/><F87/><W127/><G50/><T117/><D117/><U30/><E30/><V92/><F106/><W89/><G28/><T104/><D104/><U100/><AGARI ba="0,1" hai="3,7,10,23,25,31,86,91,95,96,98,100,102,103" machi="100" ten="30,18000,2" yaku="1,1,0,1,52,3,53,1" doraHai="99" doraHaiUra="34" who="1" fromWho="1" sc="250,-60,253,190,237,-60,250,-60" /><INIT seed="1,1,0,3,2,61" ten="190,443,177,190" oya="1" hai0="77,115,97,6,124,18,39,135,43,111,1,132,23" hai1="19,11,110,98,71,133,66,17,123,83,88,35,99" hai2="20,100,84,74,68,31,57,64,38,58,101,81,59" hai3="89,80,116,129,52,131,21,118,72,79,40,126,51"/><U134/><E123/><V10/><F38/><W22/><G40/><T117/><D115/><U94/><E35/><V53/><F74/><W73/><G73/><T78/><D117/><N who="3" m="45161" /><G89/><T2/><D111/><U4/><E110/><V63/><F10/><W65/><G126/><T5/><D97/><U107/><E83/><V60/><F68/><W12/><G12/><T42/><D23/><N who="3" m="8713" /><G65/><T102/><D102/><N who="1" m="62935" /><E11/><V30/><F58/><AGARI ba="1,0" hai="51,52,58,72,79,80,129,131" m="8713,45161" machi="58" ten="30,2000,0" yaku="12,1,54,1" doraHai="61" who="3" fromWho="2" sc="190,0,443,0,177,-23,190,23" /><INIT seed="2,0,0,5,4,47" ten="190,443,154,213" oya="2" hai0="69,14,117,110,32,27,126,124,25,41,73,87,77" hai1="80,67,24,29,56,11,121,1,85,131,116,122,133" hai2="71,37,95,40,120,28,33,57,5,79,107,82,58" hai3="106,81,119,49,90,96,0,128,112,118,7,70,9"/><V13/><F120/><N who="1" m="46185" /><E116/><V91/><F107/><W10/><G128/><T129/><D27/><U52/><E131/><V64/><F37/><W4/><G70/><T18/><D14/><U21/><E133/><V100/><F100/><W62/><G62/><T20/><D18/><U45/><E45/><V36/><F36/><W15/><G112/><T115/><D20/><U74/><E67/><V66/><F40/><W8/><G8/><T101/><D87/><U6/><E74/><V104/><F104/><W109/><G109/><T94/><D77/><U75/><E75/><V55/><F71/><W39/><G39/><T92/><D94/><U34/><E34/><V83/><F28/><W86/><G106/><T19/><D92/><U68/><E68/><V42/><F42/><W97/><G119/><T63/><D101/><U127/><E127/><N who="0" m="48681" /><D69/><U135/><E135/><V98/><F33/><W43/><G118/><T17/><D41/><U46/><E85/><V130/><F130/><W113/><G113/><T12/><D129/><U61/><E46/><V22/><F83/><AGARI ba="0,0" hai="1,6,11,21,24,29,52,56,61,80,83" m="46185" machi="83" ten="30,2000,0" yaku="13,1,54,1" doraHai="47" who="1" fromWho="2" sc="190,0,443,20,154,-20,213,0" /><INIT seed="3,0,0,0,4,100" ten="190,463,134,213" oya="3" hai0="1,30,121,25,17,26,75,18,12,33,9,114,3" hai1="71,107,16,108,112,90,68,37,29,48,46,70,86" hai2="2,15,34,55,22,61,117,27,95,21,124,133,85" hai3="42,88,64,44,83,78,126,89,49,24,109,47,60"/><W130/><G130/><T65/><D75/><U58/><E112/><V19/><F117/><W93/><G126/><T135/><D65/><U52/><E108/><V98/><F124/><W11/><G109/><T28/><D121/><U115/><E115/><V32/><F2/><W122/><G122/><T73/><D73/><U92/><E29/><V63/><F133/><W111/><G111/><T4/><D114/><U87/><E107/><V106/><F85/><W128/><G128/><T104/><D104/><U38/><E87/><V102/><F95/><W101/><G11/><T125/><D135/><U51/><REACH who="1" step="1"/><E16/><REACH who="1" ten="190,453,134,213" step="2"/><N who="0" m="6249" /><D125/><U39/><E39/><V0/><F106/><W134/><G134/><T62/><D62/><U8/><E8/><V94/><F63/><W41/><G24/><T132/><D132/><U99/><E99/><V127/><F127/><W23/><G60/><T84/><D84/><U69/><N who="1" m="17408" /><DORA hai="120" /><U40/><AGARI ba="0,1" hai="37,38,40,46,48,51,52,58,86,90,92" m="17408" machi="40" ten="60,16000,3" yaku="1,1,4,1,0,1,54,1,53,4" doraHai="100,120" doraHaiUra="96,66" who="1" fromWho="1" sc="190,-40,453,170,134,-40,213,-80" /><INIT seed="4,0,0,3,4,42" ten="150,623,94,133" oya="0" hai0="131,109,50,93,83,66,41,35,91,75,100,110,15" hai1="40,55,90,24,3,127,8,81,13,7,51,85,118" hai2="54,97,48,17,65,125,16,64,52,105,47,79,78" hai3="134,124,1,22,128,56,59,114,34,121,25,111,46"/><T9/><D131/><U30/><E127/><V68/><F125/><W53/><G22/><T119/><D119/><U135/><E135/><V130/><F130/><W122/><G25/><T106/><D35/><U86/><E118/><V27/><F105/><W43/><G1/><T117/><D117/><U95/><E3/><V4/><F68/><W89/><G89/><T84/><D66/><N who="2" m="25706" /><F4/><W23/><G23/><T73/><D41/><U107/><E107/><V129/><F129/><W102/><G102/><T11/><D50/><U126/><E126/><V133/><F133/><W39/><G34/><T120/><D11/><U92/><E40/><V32/><F32/><W71/><G124/><T94/><D94/><U58/><E86/><V6/><F6/><W74/><G74/><T77/><D120/><N who="3" m="46185" /><G134/><T108/><D15/><U113/><E113/><V60/><F97/><W99/><G99/><N who="0" m="61727" /><D9/><U26/><E26/><V101/><F101/><W31/><G128/><T45/><D45/><U2/><E2/><V28/><F28/><W72/><G72/><AGARI ba="0,0" hai="72,73,75,77,83,84,91,93,108,109,110" m="61727" machi="72" ten="30,11600,0" yaku="24,1,10,1,34,2" doraHai="42" who="0" fromWho="3" sc="150,116,623,0,94,0,133,-116" /><INIT seed="4,1,0,5,3,105" ten="266,623,94,17" oya="0" hai0="21,1,119,22,15,92,35,69,113,39,115,114,9" hai1="31,73,103,87,25,72,4,93,50,24,89,86,13" hai2="30,122,42,120,0,90,64,51,61,68,96,57,117" hai3="110,58,45,8,95,53,11,131,75,123,7,10,71"/><T32/><D39/><U36/><E36/><V133/><F0/><W5/><G110/><T118/><D69/><U56/><E103/><V82/><F30/><W65/><G131/><T74/><D92/><U66/><E87/><V101/><F133/><W28/><G123/><T100/><D100/><U94/><E94/><V84/><F117/><N who="0" m="44554" /><D1/><U132/><E132/><V85/><F85/><W104/><G104/><T23/><D74/><U130/><E130/><V20/><F20/><W111/><G111/><T128/><D128/><U91/><E91/><V102/><F102/><W135/><G135/><T19/><AGARI ba="1,0" hai="9,15,19,21,22,23,32,35,113,114,115" m="44554" machi="19" ten="40,7800,0" yaku="15,1,34,2" doraHai="105" who="0" fromWho="0" sc="266,81,623,-27,94,-27,17,-27" owari="347,14.7,596,69.6,67,-33.3,-10,-51.0" /></mjloggm>