<mjloggm ver="2.3"><GO type="169" lobby="0"/><UN n0="%73%69%65%72%61%34%30%31" n1="%E9%B3%B3%E5%8D%97%E3%81%AE%E3%81%B6%E3%81%9F%E3%81%95%E3%82%93" n2="%E3%81%B1%E3%82%93%E3%81%AA%E3%81%93%E3%81%BE%E3%81%A3%E3%81%9F" n3="%E7%B8%A6%E9%B3%A5%E5%8D%83%E6%B3%A2" dan="16,18,17,16" rate="2207.09,2240.55,2194.47,2168.22" sx="F,M,M,F"/><TAIKYOKU oya="0"/><INIT seed="0,0,0,4,2,69" ten="250,250,250,250" oya="0" hai0="65,133,36,25,61,9,114,70,7,99,21,66,102" hai1="63,49,33,1,89,40,71,85,31,67,17,54,22" hai2="112,111,130,108,4,3,41,131,90,50,59,82,56" hai3="15,57,28,6,38,104,44,79,98,62,126,18,86"/><T35/><D114/><U101/><E1/><V81/><F90/><W45/><G126/><T12/><D133/><U135/><E135/><V46/><F4/><W132/><G132/><T13/><D65/><U122/><E122/><V29/><F29/><W53/><G6/><T0/><D36/><U97/><E40/><V23/><F23/><W88/><G28/><T118/><D118/><U110/><E110/><N who="2" m="42027" /><F82/><N who="3" m="47455" /><G38/><T30/><REACH who="0" step="1"/><D21/><REACH who="0" ten="240,250,250,250" step="2"/><U60/><E67/><V48/><F112/><W42/><G42/><T134/><D134/><U94/><E71/><V37/><F3/><W119/><G119/><T116/><D116/><U5/><E33/><V26/><F26/><W95/><G104/><AGARI ba="0,1" hai="0,7,9,12,13,25,30,35,61,66,70,99,102,104" machi="104" ten="30,12000,1" yaku="1,1,7,1,25,2,53,1" doraHai="69" doraHaiUra="34" who="0" fromWho="3" sc="240,130,250,0,250,0,250,-120" /><INIT seed="0,1,0,0,4,135" ten="370,250,250,130" oya="0" hai0="50,115,31,98,32,116,24,56,134,11,45,102,132" hai1="94,81,109,61,59,103,20,86,54,1,28,111,17" hai2="2,104,85,22,129,124,42,131,9,68,65,118,100" hai3="53,105,96,43,108,123,91,92,16,58,84,18,63"/><T88/><D115/><U10/><E28/><V106/><F118/><W3/><G108/><N who="1" m="41546" /><E10/><V90/><F42/><W15/><G3/><T69/><D69/><U75/><E75/><V127/><F22/><W35/><G123/><T26/><D116/><U40/><E1/><V30/><F30/><W38/><G35/><T57/><D26/><U60/><E40/><V19/><F65/><W37/><G43/><T41/><D11/><U77/><E94/><N who="2" m="54607" /><F68/><W119/><G119/><T83/><D132/><U76/><E103/><V70/><F70/><W82/><G105/><N who="2" m="40553" /><F100/><W29/><G29/><T23/><D32/><U62/><E77/><V74/><F74/><W99/><G99/><T13/><D134/><U12/><AGARI ba="1,0" hai="12,17,20,54,59,60,61,62,76,81,86" m="41546" machi="12" ten="30,1100,0" yaku="14,1" doraHai="135" who="1" fromWho="1" sc="370,-6,250,14,250,-4,130,-4" /><INIT seed="1,0,0,1,2,7" ten="364,264,246,126" oya="1" hai0="33,61,70,32,87,134,82,66,65,99,71,102,28" hai1="118,107,127,18,98,41,113,121,75,37,96,126,3" hai2="130,84,100,124,10,15,21,108,29,93,52,27,5" hai3="89,42,74,47,11,59,34,103,80,2,68,1,55"/><U116/><E18/><V85/><F108/><W78/><G68/><T105/><D134/><U86/><E3/><V106/><F124/><N who="1" m="47657" /><E41/><V13/><F130/><W20/><G34/><T94/><D105/><U83/><E37/><V88/><F106/><W36/><G103/><T4/><D28/><U16/><E113/><V76/><F100/><W97/><G20/><T58/><D4/><U43/><E43/><V17/><F76/><W54/><G59/><T135/><D135/><U131/><E121/><V30/><F52/><N who="3" m="20011" /><G2/><T56/><D70/><U90/><E75/><V35/><REACH who="2" step="1"/><F30/><REACH who="2" ten="364,264,236,126" step="2"/><W0/><G89/><T92/><D65/><U38/><E131/><V101/><F101/><W50/><G1/><T46/><D66/><U115/><E107/><V14/><F14/><W67/><G67/><T119/><D102/><U120/><E120/><V63/><F63/><W81/><G78/><T109/><D61/><U79/><E79/><V112/><F112/><W22/><G0/><T51/><D109/><U60/><E115/><V24/><F24/><W77/><G77/><T62/><D62/><U111/><E111/><V91/><F91/><W25/><G25/><T64/><D64/><U133/><E60/><V123/><F123/><W9/><G74/><T73/><D73/><U110/><E110/><V114/><F114/><W26/><G36/><T49/><D71/><U57/><E38/><V128/><F128/><W39/><G39/><T6/><D119/><N who="1" m="45611" /><E133/><V45/><F45/><W69/><G69/><T117/><D117/><U12/><E57/><V132/><F132/><W72/><G72/><RYUUKYOKU ba="0,1" sc="364,-15,264,15,236,15,126,-15" hai1="12,16,83,86,90,96,98" hai2="5,10,13,15,17,21,27,29,35,84,85,88,93" /><INIT seed="1,1,1,3,2,124" ten="349,279,251,111" oya="1" hai0="120,87,110,2,121,112,53,32,80,27,113,37,59" hai1="0,28,77,29,20,131,7,86,91,71,97,3,13" hai2="95,40,74,118,65,104,56,128,133,31,45,9,47" hai3="127,61,26,115,1,75,24,39,60,35,134,116,12"/><U73/><E71/><V52/><F104/><W51/><G115/><T19/><D37/><U4/><E73/><V70/><F74/><W108/><G39/><T14/><D2/><N who="1" m="555" /><E97/><V11/><F31/><N who="1" m="11849" /><E91/><V48/><F118/><W69/><G1/><T85/><D87/><U41/><E41/><V44/><F133/><W6/><G75/><T5/><D85/><U90/><E90/><V15/><F11/><N who="3" m="4215" /><G35/><T10/><D32/><U30/><E86/><V42/><F95/><W111/><G127/><T88/><D80/><U98/><E98/><V55/><F15/><W64/><G134/><T72/><D72/><U96/><E96/><V62/><F9/><W109/><G116/><T83/><D112/><U66/><E66/><V21/><F21/><W102/><G102/><T78/><D113/><U123/><E77/><V81/><F81/><W76/><G76/><T105/><D78/><U67/><E67/><V114/><F114/><W117/><G117/><T100/><D100/><U17/><E123/><V46/><F128/><W93/><G61/><AGARI ba="1,1" hai="40,42,44,45,46,47,48,52,55,56,61,62,65,70" machi="61" ten="40,12000,2" yaku="35,6,54,1" doraHai="124" who="2" fromWho="3" sc="349,0,279,0,251,133,111,-123" owari="349,14.9,279,-12.1,384,48.4,-12,-51.2" /></mjloggm>