<mjloggm ver="2.3"><GO type="169" lobby="0"/><UN n0="%E5%A4%A9%E7%A9%BA%E3%81%AE%E6%8A%80" n1="%E3%83%9D%E3%83%B3%E3%81%98%E3%81%84%E3%81%95%E3%82%93" n2="%E8%A3%8F%E7%9F%A5%E3%82%89%E3%81%9A" n3="%E3%81%9B%E3%81%A9%E3%81%AA%E3%82%8A%E3%81%82%E3%82%93" dan="16,16,17,17" rate="2138.17,2096.30,2211.60,2174.26" sx="M,F,M,F"/><TAIKYOKU oya="0"/><INIT seed="0,0,0,3,0,55" ten="250,250,250,250" oya="0" hai0="46,108,68,39,13,75,63,67,51,134,127,89,107" hai1="4,71,3,77,12,59,43,115,35,119,95,116,90" hai2="129,54,20,94,79,88,36,11,110,91,99,93,87" hai3="50,32,102,45,113,97,21,109,0,106,25,69,16"/><T7/><D107/><U10/><E71/><V15/><F36/><W19/><G113/><T130/><D75/><U30/><E115/><V26/><F110/><W24/><G0/><T132/><D7/><U124/><E124/><V76/><F129/><W58/><G69/><T81/><D13/><U49/><E77/><V14/><F14/><W29/><G109/><T80/><D108/><U57/><E3/><V122/><F122/><W65/><G19/><T41/><D130/><U53/><E43/><V23/><F23/><W117/><G117/><T84/><D127/><U2/><E12/><V92/><F92/><W135/><G135/><N who="0" m="51755" /><D80/><U70/><E70/><V82/><F54/><W22/><G32/><T101/><D101/><U85/><REACH who="1" step="1"/><E57/><REACH who="1" ten="250,240,250,250" step="2"/><V47/><F47/><W9/><G9/><T126/><D126/><U17/><E17/><V18/><REACH who="2" step="1"/><F82/><REACH who="2" ten="250,240,240,250" step="2"/><W131/><G131/><T64/><D64/><U118/><E118/><V52/><F52/><W38/><G65/><T128/><D128/><U120/><E120/><V114/><F114/><W121/><G121/><T60/><D60/><U74/><E74/><V42/><F42/><W73/><G73/><T27/><D27/><AGARI ba="0,2" hai="2,4,10,27,30,35,49,53,59,85,90,95,116,119" machi="27" ten="40,5200,0" yaku="1,1,52,1,53,1" doraHai="55" doraHaiUra="28" who="1" fromWho="0" sc="250,-52,240,72,240,0,250,0" /><INIT seed="1,0,0,5,3,72" ten="198,312,240,250" oya="1" hai0="22,14,78,29,126,87,77,47,129,128,94,96,124" hai1="34,71,43,121,49,105,104,101,17,64,11,46,26" hai2="110,115,30,118,38,93,106,92,75,15,13,108,23" hai3="39,51,45,12,19,134,60,28,117,63,107,76,24"/><U73/><E121/><V114/><F106/><W6/><G39/><T90/><D47/><U1/><E17/><V127/><F75/><W5/><G107/><T40/><D40/><U91/><E91/><V83/><F38/><W99/><G134/><T66/><D66/><U119/><E119/><V21/><F83/><W48/><G48/><T131/><D14/><N who="2" m="5130" /><F30/><W68/><G99/><T85/><D22/><N who="2" m="8202" /><F127/><N who="0" m="48682" /><D29/><U98/><E105/><V89/><F89/><W122/><G122/><T9/><D9/><U132/><E132/><V55/><F55/><W61/><G117/><T52/><D52/><U67/><E73/><V111/><F118/><W53/><G68/><T18/><D18/><U0/><E11/><V32/><F32/><W57/><G28/><T33/><D33/><U27/><E67/><V80/><F80/><W4/><G53/><T86/><AGARI ba="0,0" hai="77,78,85,86,87,90,94,96,128,129,131" m="48682" machi="86" ten="40,12000,2" yaku="19,1,18,1,34,2,52,2" doraHai="72" who="0" fromWho="0" sc="198,120,312,-60,240,-30,250,-30" /><INIT seed="2,0,0,4,1,15" ten="318,252,210,220" oya="2" hai0="129,19,20,99,111,60,1,32,102,8,21,122,86" hai1="83,52,93,95,63,56,39,105,49,85,76,119,100" hai2="58,113,117,25,59,80,114,50,35,38,108,98,43" hai3="41,7,130,44,110,14,92,0,68,94,72,78,121"/><V118/><F80/><W48/><G121/><T132/><D111/><U90/><E119/><N who="2" m="45579" /><F98/><W53/><G68/><T116/><D32/><U107/><E39/><V79/><F79/><W46/><G130/><T75/><D75/><U12/><E95/><V61/><F25/><W87/><G0/><T23/><D129/><U27/><E27/><V91/><F91/><W24/><G110/><T40/><D86/><U77/><E77/><V128/><F35/><W112/><G112/><N who="2" m="43113" /><F108/><W134/><G134/><T123/><D99/><U124/><E100/><V64/><F128/><W109/><G72/><T89/><D89/><U37/><E107/><V73/><F73/><W69/><G24/><T126/><D102/><U4/><E105/><V66/><F38/><W70/><G92/><T30/><D1/><U17/><E4/><V133/><F133/><W101/><G101/><T10/><D132/><U135/><E37/><V120/><F120/><W127/><G94/><T67/><D123/><U28/><E28/><V82/><F82/><W3/><G87/><T81/><D30/><U62/><E135/><V97/><F97/><W125/><G78/><T103/><D103/><U26/><E26/><V36/><F36/><N who="3" m="21543" /><G3/><T96/><D96/><N who="1" m="57399" /><E124/><N who="3" m="47690" /><G109/><T34/><D126/><U16/><E12/><V71/><F66/><W45/><G7/><T11/><D122/><U51/><E51/><V33/><F33/><W6/><G6/><T42/><D34/><U31/><E31/><V84/><F84/><W13/><G13/><N who="0" m="9327" /><D116/><U54/><E49/><V88/><F88/><W5/><G46/><AGARI ba="0,0" hai="43,46,50,58,59,61,64,71" m="43113,45579" machi="46" ten="30,2900,0" yaku="34,2" doraHai="15" who="2" fromWho="3" sc="318,0,252,0,210,29,220,-29" /><INIT seed="2,1,0,4,4,68" ten="318,252,239,191" oya="2" hai0="105,70,22,114,14,88,6,7,47,2,33,30,123" hai1="38,20,86,23,1,57,110,60,28,97,115,32,81" hai2="53,75,122,134,131,85,17,124,43,117,55,44,135" hai3="58,62,65,39,31,121,73,29,82,130,92,80,91"/><V51/><F75/><W24/><G121/><T45/><D105/><U89/><E115/><V95/><F17/><W3/><G3/><T119/><D70/><U125/><E1/><V40/><F85/><W25/><G130/><T94/><D123/><U96/><E125/><V12/><F12/><W59/><G73/><T93/><D2/><U61/><E38/><N who="2" m="21623" /><F95/><W10/><G10/><T128/><D128/><U90/><E32/><V79/><F79/><W84/><G39/><T72/><D72/><U87/><E61/><V67/><F122/><W77/><G59/><T118/><D33/><U64/><E110/><V48/><F131/><W56/><G56/><T109/><D14/><U78/><E78/><V126/><F67/><W76/><G76/><T83/><D109/><U19/><E28/><V15/><F15/><W41/><G77/><T102/><D30/><U13/><REACH who="1" step="1"/><E23/><REACH who="1" ten="318,242,239,191" step="2"/><V106/><F117/><W120/><G120/><T11/><D22/><U36/><E36/><V18/><F126/><W107/><G29/><T9/><D114/><U37/><E37/><V129/><F124/><W52/><G31/><T42/><D118/><U98/><E98/><V34/><F34/><W104/><G62/><T66/><D119/><U0/><E0/><V99/><F129/><W54/><G84/><T127/><D127/><U46/><E46/><V133/><F99/><W49/><G49/><T71/><D47/><U35/><E35/><V113/><F51/><W116/><G116/><T21/><D45/><U8/><E8/><V5/><F48/><W112/><G112/><T101/><D11/><RYUUKYOKU ba="1,1" sc="318,-10,242,30,239,-10,191,-10" hai1="13,19,20,57,60,64,81,86,87,89,90,96,97" /><INIT seed="3,2,1,0,4,33" ten="308,272,229,181" oya="3" hai0="75,68,8,15,50,116,103,43,57,61,134,12,14" hai1="122,35,40,27,58,89,118,44,123,66,65,101,83" hai2="106,20,23,37,51,63,47,38,77,32,126,41,31" hai3="117,46,112,124,87,16,100,55,54,11,22,105,76"/><W0/><G112/><T109/><D75/><U104/><E118/><V131/><F106/><W127/><G117/><T107/><D116/><U135/><E135/><V29/><F32/><W85/><G105/><T28/><D109/><U69/><E58/><V19/><F77/><W81/><G100/><T9/><D68/><U130/><E66/><V4/><F131/><W67/><G67/><T21/><D103/><U74/><E130/><V111/><F4/><N who="3" m="1415" /><G85/><T82/><D82/><U86/><E74/><V52/><F111/><W72/><G46/><N who="0" m="25951" /><D134/><U88/><E89/><V133/><F133/><W53/><G72/><T129/><D107/><U80/><E80/><V2/><F47/><W5/><G5/><T84/><D84/><U39/><E65/><V73/><F73/><W128/><G128/><T91/><D91/><U48/><E39/><V34/><F38/><W98/><G98/><T114/><D114/><U79/><E69/><V94/><F37/><W95/><G95/><T71/><D71/><U59/><E79/><V108/><F94/><W78/><G78/><T119/><D129/><U42/><E42/><V24/><F41/><W6/><G6/><T7/><D7/><U70/><E70/><V110/><F110/><W97/><G97/><T96/><D96/><U36/><E101/><V121/><F108/><W45/><G45/><T1/><D119/><U93/><E104/><V132/><F132/><W13/><G55/><N who="0" m="33983" /><D1/><U120/><E93/><V64/><F2/><W113/><G113/><T26/><AGARI ba="2,1" hai="8,9,12,14,15,21,26,28" m="33983,25951" machi="26" ten="30,1100,0" yaku="8,1" doraHai="33" who="0" fromWho="0" sc="308,27,272,-5,229,-5,181,-7" /><INIT seed="4,0,0,1,5,23" ten="335,267,224,174" oya="0" hai0="54,70,8,124,86,9,44,91,11,35,68,12,43" hai1="27,106,31,32,13,48,52,132,17,21,125,97,22" hai2="131,101,116,50,49,82,117,74,64,126,90,69,3" hai3="33,95,7,134,26,84,88,63,0,45,30,72,40"/><T130/><D130/><U6/><E132/><V89/><F3/><W112/><G72/><T98/><D124/><U75/><E75/><V105/><F105/><W55/><G134/><T109/><D35/><U107/><E125/><V53/><F101/><W119/><G119/><T129/><D98/><U133/><E133/><V127/><F74/><W92/><G112/><T37/><D12/><U1/><E97/><V28/><F82/><W123/><G123/><T113/><D113/><U111/><E111/><V47/><F47/><W103/><G7/><T38/><D38/><U100/><E100/><V46/><F46/><W57/><G0/><T122/><D122/><U120/><E22/><V4/><F4/><W34/><G34/><T104/><D104/><U96/><E96/><V15/><F15/><W78/><G78/><T108/><D54/><U58/><REACH who="1" step="1"/><E120/><REACH who="1" ten="335,257,224,174" step="2"/><V79/><F126/><W94/><REACH who="3" step="1"/><G103/><REACH who="3" ten="335,257,224,164" step="2"/><T71/><REACH who="0" step="1"/><D129/><REACH who="0" ten="325,257,224,164" step="2"/><U56/><E56/><N who="2" m="32815" /><F131/><W102/><G102/><T77/><D77/><U121/><E121/><V81/><F79/><W14/><G14/><T29/><D29/><U135/><E135/><V18/><F28/><W2/><G2/><T73/><D73/><U59/><E59/><V25/><F127/><W99/><G99/><T60/><D60/><U118/><E118/><V62/><F117/><W93/><G93/><AGARI ba="0,3" hai="8,9,11,37,43,44,68,70,71,86,91,93,108,109" machi="93" ten="50,2400,0" yaku="1,1,53,0" doraHai="23" doraHaiUra="10" who="0" fromWho="3" sc="325,54,257,0,224,0,164,-24" /><INIT seed="4,1,0,5,2,8" ten="379,257,224,140" oya="0" hai0="102,128,42,34,2,31,19,119,97,73,135,120,30" hai1="40,3,91,64,111,60,66,59,113,122,38,17,85" hai2="0,127,36,95,45,63,105,12,4,107,90,77,47" hai3="7,48,118,71,72,32,9,23,104,74,130,75,70"/><T50/><D73/><U83/><E111/><V132/><F0/><W115/><G32/><T89/><D2/><U37/><E122/><V100/><F77/><W43/><G118/><T110/><D119/><U124/><E3/><V21/><F132/><W94/><G104/><T24/><D120/><U10/><E124/><V101/><F63/><W11/><G115/><T22/><D135/><U114/><E66/><V35/><F35/><W108/><G108/><T33/><D89/><U123/><E123/><V18/><F4/><W87/><G130/><T68/><D68/><U28/><E28/><V55/><F55/><W5/><G23/><T25/><D128/><U44/><REACH who="1" step="1"/><E38/><REACH who="1" ten="379,247,224,140" step="2"/><V125/><F36/><W80/><G71/><T53/><D110/><U27/><E27/><V93/><F127/><W133/><G70/><T57/><D31/><U82/><E82/><V41/><F125/><W88/><G133/><T84/><D25/><U134/><E134/><V65/><F65/><W16/><G80/><T109/><D30/><U103/><E103/><V13/><F101/><W131/><G131/><T58/><D102/><U117/><E117/><V56/><F100/><W39/><G39/><T29/><D29/><U54/><E54/><V62/><F107/><W116/><G116/><T106/><D106/><U14/><AGARI ba="1,1" hai="10,14,17,37,40,44,59,60,64,83,85,91,113,114" machi="14" ten="30,4000,0" yaku="1,1,0,1,52,1,53,0" doraHai="8" doraHaiUra="99" who="1" fromWho="1" sc="379,-21,247,53,224,-11,140,-11" /><INIT seed="5,0,0,5,3,3" ten="358,300,213,129" oya="1" hai0="16,85,46,129,97,135,31,82,111,25,118,66,39" hai1="24,73,74,128,108,0,78,28,93,7,81,100,59" hai2="20,37,33,114,22,133,29,44,63,1,132,11,18" hai3="35,57,61,123,103,36,91,90,48,107,13,47,19"/><U95/><E128/><V65/><F114/><W112/><G123/><T104/><D111/><U99/><E108/><V41/><F18/><W54/><G35/><T79/><D135/><N who="2" m="51786" /><F29/><W124/><G124/><T27/><D66/><U131/><E131/><V53/><F53/><W26/><G36/><T121/><D118/><U58/><E74/><V69/><F33/><W76/><G112/><T67/><D67/><U120/><E120/><V32/><F32/><W55/><G76/><T17/><D31/><U72/><E72/><V87/><F87/><W30/><G103/><T23/><D121/><U14/><E0/><V40/><F41/><W42/><G107/><T62/><D104/><U109/><E109/><V5/><AGARI ba="0,0" hai="1,5,11,20,22,37,40,44,63,65,69" m="51786" machi="5" ten="30,2000,0" yaku="20,1,52,1" doraHai="3" who="2" fromWho="2" sc="358,-5,300,-10,213,20,129,-5" /><INIT seed="6,0,0,0,4,17" ten="353,290,233,124" oya="2" hai0="103,128,71,112,67,117,18,14,86,1,33,75,43" hai1="113,126,9,118,124,98,38,72,120,129,121,34,70" hai2="12,123,105,28,62,54,29,41,125,60,61,32,102" hai3="21,6,122,88,27,26,20,0,94,59,40,64,23"/><V133/><F123/><N who="1" m="47177" /><E70/><V8/><F133/><W4/><G122/><T30/><D71/><U44/><E72/><V74/><F74/><W69/><G69/><T51/><D75/><U25/><E118/><V110/><F125/><W31/><G40/><T68/><D68/><U47/><E113/><V78/><F78/><W2/><G2/><T39/><D67/><U53/><E129/><V77/><F77/><W15/><G0/><T46/><D1/><U119/><E119/><V131/><F32/><W5/><G15/><T83/><D128/><U87/><E87/><V73/><F73/><W81/><G81/><T79/><D112/><U13/><E98/><V76/><F76/><W106/><G106/><T135/><D103/><U91/><E91/><V49/><F102/><W127/><G127/><N who="1" m="48682" /><E53/><V96/><F54/><W95/><G27/><N who="0" m="18655" /><D86/><U89/><E89/><V111/><F96/><N who="3" m="57415" /><G95/><T65/><D65/><U19/><E38/><V58/><F105/><W63/><AGARI ba="0,0" hai="4,5,6,20,21,23,26,31,59,63,64" m="57415" machi="63" ten="30,8000,1" yaku="8,1,52,3,54,1" doraHai="17" who="3" fromWho="3" sc="353,-20,290,-20,233,-40,124,80" /><INIT seed="7,0,0,2,2,88" ten="333,270,193,204" oya="3" hai0="65,11,58,112,48,66,45,94,93,35,100,109,77" hai1="57,82,75,90,54,132,2,92,3,56,21,23,52" hai2="107,133,22,104,40,62,7,123,64,49,119,47,67" hai3="29,118,42,74,96,10,53,43,38,31,105,26,33"/><W114/><G118/><T25/><D109/><U124/><E124/><V32/><F32/><W34/><G74/><T0/><D77/><U71/><E71/><V13/><F119/><W17/><G114/><T46/><D100/><U84/><E132/><V59/><F133/><W134/><G134/><T4/><D45/><U128/><E128/><V9/><F123/><W8/><G53/><T15/><D0/><U55/><E2/><V1/><F67/><W20/><G38/><T97/><D97/><N who="1" m="57495" /><E3/><V70/><F70/><W24/><G96/><T6/><D6/><U121/><E75/><V19/><AGARI ba="0,0" hai="1,7,9,13,19,22,40,47,49,59,62,64,104,107" machi="19" ten="30,1100,0" yaku="0,1" doraHai="88" who="2" fromWho="2" sc="333,-3,270,-3,193,11,204,-5" owari="330,43.0,267,6.7,204,-19.6,199,-30.1" /></mjloggm>