<mjloggm ver="2.3"><GO type="225" lobby="0"/><UN n0="%E6%9C%88%E5%B3%B6%E5%9F%BA" n1="%33%74%72%65%65" n2="%E3%82%86%E3%81%86%E3%82%8C%E3%81%84%E3%81%84%E3%81%8B" n3="%E3%83%A9%E3%82%B9%E7%8E%87%EF%BC%93%E5%89%B2" dan="17,17,18,17" rate="2230.13,2155.56,2254.91,2204.47" sx="M,F,M,F"/><TAIKYOKU oya="0"/><INIT seed="0,0,0,2,3,71" ten="250,250,250,250" oya="0" hai0="72,84,127,88,22,54,85,15,10,63,38,82,111" hai1="35,87,94,3,36,70,9,115,75,95,86,27,19" hai2="40,89,119,120,118,77,108,67,103,114,123,91,51" hai3="17,126,69,24,14,116,5,102,122,68,90,96,23"/><T33/><D33/><U124/><E75/><V65/><F103/><W52/><G116/><N who="2" m="44585" /><F77/><W8/><G126/><T78/><D127/><U0/><E27/><V32/><F32/><W1/><G122/><N who="2" m="46633" /><F114/><W20/><G90/><N who="2" m="34313" /><F108/><W31/><REACH who="3" step="1"/><G52/><REACH who="3" ten="250,250,250,240" step="2"/><T105/><D54/><U62/><E124/><V29/><F29/><W80/><G80/><T43/><D82/><U97/><E115/><V55/><F40/><W61/><G61/><T128/><D43/><U7/><E62/><V106/><F106/><AGARI ba="0,1" hai="1,5,8,14,17,20,23,24,31,68,69,96,102,106" machi="106" ten="30,2000,0" yaku="1,1,7,1,53,0" doraHai="71" doraHaiUra="47" who="3" fromWho="2" sc="250,0,250,0,250,-20,240,30" /><INIT seed="1,0,0,0,1,21" ten="250,250,230,270" oya="1" hai0="128,1,5,39,28,27,52,62,24,86,100,36,22" hai1="69,97,55,16,93,31,66,26,73,116,3,126,23" hai2="104,67,33,37,122,35,130,90,98,44,61,13,32" hai3="51,117,10,30,131,96,25,9,47,119,82,50,15"/><U59/><E116/><N who="3" m="44618" /><G131/><T12/><D128/><U77/><E126/><V7/><F130/><W75/><G96/><T133/><D39/><U103/><E3/><V106/><F122/><W68/><G68/><T92/><D36/><U89/><E69/><V91/><F7/><W41/><G51/><T87/><D1/><U83/><E66/><V11/><F44/><W48/><G48/><T56/><D133/><U49/><REACH who="1" step="1"/><E31/><REACH who="1" ten="250,240,230,270" step="2"/><V2/><F2/><W112/><G112/><T65/><D65/><U42/><E42/><V43/><F43/><W57/><G41/><T64/><D64/><U78/><E78/><V101/><F37/><W60/><G30/><T105/><D28/><U8/><E8/><V84/><F11/><W70/><G10/><T74/><D52/><U135/><E135/><V110/><F67/><W40/><G9/><T53/><D5/><U17/><E17/><V29/><F29/><W80/><G70/><T76/><D76/><U20/><E20/><V99/><F33/><W127/><G127/><T72/><D22/><U63/><E63/><V14/><F61/><W124/><G124/><T54/><D54/><U18/><E18/><V120/><F120/><W71/><G71/><T85/><D53/><U45/><E45/><V108/><F101/><AGARI ba="0,1" hai="16,23,26,49,55,59,73,77,83,89,93,97,101,103" machi="101" ten="40,7700,0" yaku="1,1,52,1,54,1,53,0" doraHai="21" doraHaiUra="114" who="1" fromWho="2" sc="250,0,240,87,230,-77,270,0" /><INIT seed="1,1,0,2,3,86" ten="250,327,153,270" oya="1" hai0="26,44,47,76,45,77,22,133,7,105,112,28,131" hai1="128,33,68,107,38,125,35,122,94,21,98,91,9" hai2="15,20,123,16,101,84,52,87,17,72,70,83,129" hai3="3,8,14,34,61,78,48,115,6,69,39,103,19"/><U75/><E122/><V74/><F123/><W42/><G115/><T96/><D112/><U134/><E134/><V121/><F121/><W59/><G103/><T116/><D116/><U4/><E125/><V36/><F70/><W46/><G78/><N who="0" m="30315" /><D105/><U73/><E128/><V60/><F36/><W0/><G34/><T81/><D133/><U82/><E68/><V56/><F101/><W126/><G126/><T55/><D131/><U5/><E38/><V50/><F87/><W95/><G6/><T99/><D81/><U111/><E107/><V65/><F17/><W135/><G135/><T40/><D40/><U113/><E113/><V71/><REACH who="2" step="1"/><F129/><REACH who="2" ten="250,327,143,270" step="2"/><W58/><G39/><T29/><D29/><U97/><E75/><V31/><F31/><W93/><G69/><T13/><D28/><U110/><E73/><V90/><AGARI ba="1,1" hai="15,16,20,50,52,56,60,65,71,72,74,83,84,90" machi="90" ten="20,12000,2" yaku="1,1,0,1,7,1,52,1,54,2,53,0" doraHai="86" doraHaiUra="43" who="2" fromWho="2" sc="250,-31,327,-61,143,133,270,-31" /><INIT seed="2,0,0,0,3,19" ten="219,266,276,239" oya="2" hai0="82,127,130,7,90,126,104,51,131,20,23,84,120" hai1="114,76,64,111,81,72,42,123,35,71,95,21,37" hai2="83,15,74,69,116,28,47,110,33,30,91,59,96" hai3="132,57,16,22,12,46,25,10,102,27,118,1,50"/><V99/><F116/><W133/><G118/><T125/><D120/><U124/><E114/><V103/><F69/><W11/><G102/><T68/><D104/><U45/><E35/><V106/><F33/><W67/><G67/><T52/><D68/><U87/><E123/><V134/><F59/><W108/><G57/><N who="0" m="32927" /><D7/><U98/><E111/><V86/><F110/><W119/><G119/><T88/><D90/><U2/><E2/><V75/><F134/><N who="3" m="51819" /><G108/><T115/><D115/><U24/><E124/><V128/><F128/><AGARI ba="0,0" hai="20,23,82,84,88,125,126,127,128,130,131" m="32927" machi="128" ten="40,12000,2" yaku="18,1,19,1,52,2,54,2" doraHai="19" who="0" fromWho="2" sc="219,120,266,0,276,-120,239,0" /><INIT seed="3,0,0,4,3,44" ten="339,266,156,239" oya="3" hai0="54,91,26,66,79,60,2,75,46,113,78,67,8" hai1="99,93,134,116,25,121,17,27,57,83,53,88,123" hai2="3,52,106,61,19,30,48,32,86,6,96,109,18" hai3="24,37,130,14,133,69,56,4,111,7,77,102,1"/><W132/><G69/><T36/><D113/><U0/><E134/><N who="3" m="51818" /><G37/><T115/><D115/><U114/><E114/><V55/><F109/><W58/><G102/><T105/><D105/><U92/><E116/><V128/><F128/><W124/><G130/><T59/><D91/><U127/><E127/><V43/><F43/><W71/><G71/><T120/><D26/><U38/><E38/><V74/><F74/><W95/><G1/><T34/><D34/><U20/><E0/><V108/><F108/><W11/><G77/><T40/><D120/><U117/><E117/><V70/><F6/><W87/><G7/><N who="0" m="1143" /><D79/><U42/><E42/><V5/><F5/><W13/><G13/><T126/><D126/><U68/><E68/><V129/><F86/><W45/><G111/><T84/><D84/><N who="1" m="50207" /><E27/><N who="2" m="18527" /><F3/><W110/><G124/><T12/><D12/><U82/><E123/><V89/><F89/><N who="3" m="53695" /><G110/><T47/><D47/><U100/><E121/><V81/><F81/><AGARI ba="0,0" hai="36,40,46,54,59,60,66,67,75,78,81" m="1143" machi="81" ten="30,1000,0" yaku="25,1" doraHai="44" who="0" fromWho="2" sc="339,10,266,0,156,-10,239,0" owari="349,44.9,266,6.6,146,-35.4,239,-16.1" /></mjloggm>