<mjloggm ver="2.3"><GO type="169" lobby="0"/><UN n0="%E2%97%8E%E3%82%88%E3%81%97%E2%97%8E" n1="%53%6F%6C%69%64" n2="%69%6B%61%6D%6F%66%75%40" n3="%E7%8F%BE%E5%A0%B4%E3%81%AD%E3%81%93" dan="17,17,17,16" rate="2184.11,2151.01,2199.35,2093.89" sx="M,M,M,M"/><TAIKYOKU oya="0"/><INIT seed="0,0,0,3,5,88" ten="250,250,250,250" oya="0" hai0="91,63,77,26,21,46,71,62,83,120,123,59,110" hai1="60,7,107,43,57,54,118,75,45,133,97,82,65" hai2="99,121,56,9,122,70,12,0,3,18,124,73,116" hai3="112,125,92,42,49,58,69,103,111,30,10,127,95"/><T67/><D110/><U11/><E118/><V40/><F70/><W2/><G103/><T22/><D46/><U134/><E107/><V90/><F73/><W102/><G102/><T128/><D128/><U117/><E117/><V14/><F124/><N who="3" m="47691" /><G69/><T85/><D77/><U101/><E65/><V34/><F34/><W104/><G104/><T105/><D105/><U24/><E24/><V64/><F40/><W4/><G112/><T87/><D85/><U41/><E82/><V100/><F90/><W37/><G30/><T114/><D114/><U20/><E75/><V32/><F32/><W126/><G111/><T72/><D72/><U68/><E68/><V48/><F116/><W44/><N who="3" m="47699" /><W23/><DORA hai="36" /><G23/><T29/><REACH who="0" step="1"/><D21/><REACH who="0" ten="240,250,250,250" step="2"/><U76/><E20/><V27/><F99/><W39/><G39/><T50/><D50/><U89/><E76/><V35/><F48/><W52/><AGARI ba="0,1" hai="2,4,10,37,42,44,49,52,58,92,95" m="47699" machi="52" ten="40,8000,1" yaku="18,1,52,3,54,1" doraHai="88,36" who="3" fromWho="3" sc="240,-40,250,-20,250,-20,250,90" /><INIT seed="1,0,0,0,2,99" ten="200,230,230,340" oya="1" hai0="31,121,19,50,77,3,129,105,65,127,103,95,69" hai1="126,30,32,33,123,20,94,72,12,25,14,60,87" hai2="6,74,43,70,109,9,135,115,90,120,86,134,96" hai3="42,85,18,15,57,81,84,63,0,97,21,111,36"/><U40/><E123/><V37/><F120/><W113/><G111/><T47/><D121/><U44/><E72/><V27/><F74/><W71/><G113/><T80/><D3/><U91/><E126/><V101/><F70/><W79/><G0/><T66/><D127/><U38/><E33/><V93/><F109/><W75/><G71/><T23/><D105/><U17/><REACH who="1" step="1"/><E60/><REACH who="1" ten="200,220,230,340" step="2"/><V53/><F115/><W46/><REACH who="3" step="1"/><G97/><REACH who="3" ten="200,220,230,330" step="2"/><T78/><D69/><U54/><E54/><AGARI ba="0,2" hai="15,18,21,36,42,46,54,57,63,75,79,81,84,85" machi="54" ten="30,3900,0" yaku="1,1,2,1,7,1,53,0" doraHai="99" doraHaiUra="102" who="3" fromWho="1" sc="200,0,220,-39,230,0,330,59" /><INIT seed="2,0,0,2,4,93" ten="200,181,230,389" oya="2" hai0="16,64,126,60,23,61,20,120,45,15,40,77,101" hai1="31,68,9,121,26,82,69,1,112,29,5,73,37" hai2="85,79,50,49,104,18,74,114,135,91,47,78,34" hai3="56,109,19,72,10,81,62,42,118,32,0,51,65"/><V54/><F114/><W92/><G118/><T35/><D126/><U125/><E112/><V132/><F74/><W63/><G32/><T66/><D120/><U131/><E125/><V27/><F104/><W38/><G109/><T111/><D35/><U127/><E127/><V99/><F99/><W103/><G51/><T122/><D111/><U46/><E121/><V95/><F50/><W115/><G115/><T11/><D77/><N who="1" m="44335" /><E131/><V57/><F47/><W80/><G63/><T97/><D122/><U88/><E88/><V8/><F8/><W117/><G117/><T116/><D116/><U98/><E31/><V110/><F110/><W70/><G56/><T84/><D84/><U94/><E94/><V96/><F85/><W4/><G19/><T53/><D53/><U13/><E13/><V30/><REACH who="2" step="1"/><F18/><REACH who="2" ten="200,181,220,389" step="2"/><W44/><G72/><T87/><D87/><U24/><E98/><V6/><F6/><W28/><G44/><T36/><D61/><U7/><E7/><V75/><F75/><W102/><G62/><T2/><D64/><U83/><E46/><V39/><F39/><W133/><G38/><T43/><D43/><U71/><E37/><V14/><F14/><W76/><G42/><T119/><D119/><U22/><E26/><V123/><F123/><W90/><G4/><T21/><D2/><U52/><E52/><V107/><F107/><W59/><G0/><T12/><D12/><U17/><E17/><V33/><F33/><W130/><G10/><T100/><REACH who="0" step="1"/><D97/><REACH who="0" ten="190,181,220,389" step="2"/><U105/><E105/><V3/><F3/><W129/><G65/><T106/><D106/><RYUUKYOKU ba="0,2" sc="190,10,181,10,220,10,389,-30" hai0="11,15,16,20,21,23,36,40,45,60,66,100,101" hai1="1,5,9,22,24,29,68,69,71,83" hai2="27,30,34,49,54,57,78,79,91,95,96,132,135" /><INIT seed="2,1,2,4,0,34" ten="200,191,230,359" oya="2" hai0="117,115,35,110,66,50,97,84,59,21,57,38,20" hai1="96,128,40,29,26,70,64,25,7,67,32,73,133" hai2="14,79,28,9,47,55,48,33,51,130,116,3,131" hai3="1,36,74,105,65,30,126,77,44,53,39,92,99"/><V42/><F116/><W22/><G53/><N who="0" m="31927" /><D115/><U27/><E73/><V90/><F79/><W81/><G22/><N who="0" m="8811" /><D38/><U120/><E128/><N who="2" m="49195" /><F90/><W23/><G23/><T129/><D35/><U100/><E133/><V95/><F95/><W121/><G121/><T109/><D129/><U46/><E120/><V41/><F3/><W5/><G92/><T82/><D97/><U134/><E134/><V2/><F2/><W43/><G126/><T13/><D13/><U83/><E83/><V11/><F48/><W107/><G39/><T106/><D106/><N who="1" m="63751" /><E7/><N who="2" m="3391" /><F11/><W18/><G107/><T85/><D117/><U72/><E72/><V60/><F60/><W89/><G105/><T69/><D69/><U31/><E31/><V88/><F88/><W17/><G30/><T80/><D80/><U103/><E103/><V122/><F122/><W58/><G89/><T119/><D119/><U24/><E67/><V91/><F91/><W112/><G112/><T45/><D82/><U108/><E64/><V37/><F37/><W6/><G99/><T68/><D68/><U118/><E70/><V8/><F8/><N who="3" m="2095" /><G6/><T124/><D124/><U86/><E118/><V93/><F93/><W0/><G0/><T71/><D71/><U54/><E32/><V10/><F10/><W76/><G76/><T102/><D102/><U12/><E29/><V135/><F135/><W63/><AGARI ba="1,2" hai="17,18,36,43,44,58,63,65,74,77,81" m="2095" machi="63" ten="30,2000,0" yaku="25,1,52,1" doraHai="34" who="3" fromWho="3" sc="200,-6,191,-6,230,-11,359,43" /><INIT seed="3,0,0,3,2,69" ten="194,185,219,402" oya="3" hai0="88,133,50,52,18,101,123,53,110,87,117,61,83" hai1="51,13,126,29,37,39,80,96,76,102,82,84,67" hai2="94,10,25,44,104,9,15,111,47,8,108,24,54" hai3="0,31,81,65,56,59,91,48,119,11,28,121,98"/><W105/><G119/><T36/><D117/><U22/><E126/><V46/><F104/><W135/><G121/><T74/><D123/><U77/><E67/><V12/><F54/><W6/><G135/><T130/><D133/><U38/><E51/><V122/><F94/><W40/><G65/><T112/><D130/><U118/><E118/><V3/><F3/><W92/><G105/><T99/><D110/><N who="2" m="42026" /><F122/><W21/><G81/><T116/><D116/><U35/><E35/><V71/><F71/><W57/><REACH who="3" step="1"/><G21/><REACH who="3" ten="194,185,219,392" step="2"/><T17/><D112/><U32/><E32/><V23/><F23/><W132/><G132/><T86/><D83/><U93/><E82/><V62/><F62/><W49/><G49/><T134/><D134/><U120/><E120/><V5/><F5/><W26/><G26/><AGARI ba="0,1" hai="8,9,10,12,15,24,25,26,44,46,47" m="42026" machi="26" ten="40,5200,0" yaku="28,2,14,1" doraHai="69" who="2" fromWho="3" sc="194,0,185,0,219,62,392,-52" /><INIT seed="4,0,0,3,5,36" ten="194,185,281,340" oya="0" hai0="93,82,54,106,30,58,29,57,111,128,46,133,41" hai1="107,134,120,117,115,121,6,100,124,17,66,77,104" hai2="83,79,60,81,31,47,132,113,24,118,45,9,28" hai3="59,16,44,72,23,2,33,62,37,97,48,90,109"/><T32/><D106/><U119/><E6/><V70/><F113/><W102/><G109/><T56/><D111/><U80/><E66/><V98/><F132/><W38/><G33/><T3/><D133/><U96/><E17/><V7/><F118/><N who="1" m="45065" /><E134/><V43/><F98/><W108/><G90/><T34/><D3/><U8/><E8/><V84/><F70/><W123/><G72/><T129/><D54/><U89/><E124/><V92/><F92/><W0/><G0/><T10/><D10/><U11/><E11/><V25/><F81/><W78/><G78/><T112/><D112/><U26/><E26/><V88/><F79/><W42/><G2/><T5/><D5/><U68/><E68/><V110/><F47/><W67/><G123/><N who="1" m="47178" /><E115/><V21/><F110/><W125/><G125/><T101/><D32/><U135/><E135/><V69/><F60/><W40/><G40/><T35/><D35/><U103/><E89/><V64/><F69/><W39/><G108/><T86/><D34/><U51/><E51/><N who="2" m="27071" /><F64/><W75/><G75/><T14/><D14/><U85/><E103/><V53/><F53/><W12/><G38/><N who="0" m="21815" /><D29/><N who="2" m="11338" /><F21/><W71/><G71/><T18/><D30/><U126/><E126/><V63/><F63/><W94/><AGARI ba="0,0" hai="12,16,23,37,39,42,44,48,59,62,67,94,97,102" machi="94" ten="20,5200,0" yaku="0,1,7,1,52,1,54,1" doraHai="36" who="3" fromWho="3" sc="194,-26,185,-13,281,-13,340,52" /><INIT seed="5,0,0,2,3,4" ten="168,172,268,392" oya="1" hai0="28,40,21,25,133,24,63,8,64,13,90,58,0" hai1="62,66,37,3,111,132,19,6,80,12,75,103,56" hai2="117,15,14,51,43,67,108,57,36,79,22,16,83" hai3="50,107,59,23,102,42,128,33,87,98,85,93,97"/><U11/><E132/><V125/><F108/><W60/><G33/><T35/><D133/><U92/><E111/><V20/><F117/><W7/><G128/><T65/><D0/><U110/><E110/><V41/><F43/><W44/><G7/><T1/><D1/><U48/><E37/><V70/><F70/><W49/><G49/><T34/><D40/><U124/><E124/><V31/><F125/><W73/><G73/><T121/><D121/><U84/><E75/><V39/><F67/><W89/><G23/><T129/><D129/><U72/><E72/><V17/><F31/><W77/><G77/><T74/><D74/><U119/><E119/><V30/><F30/><W94/><G107/><T113/><D113/><U68/><E68/><V53/><F41/><W123/><G123/><T104/><D104/><U135/><E135/><V38/><F79/><W69/><G69/><T47/><D47/><U54/><E103/><V96/><F96/><W32/><G32/><T61/><D25/><U131/><E92/><V130/><F83/><W109/><G109/><T134/><D90/><N who="1" m="51463" /><E131/><AGARI ba="0,0" hai="14,15,16,17,20,22,36,38,39,51,53,57,130,131" machi="131" ten="50,3200,0" yaku="9,1,54,1" doraHai="4" who="2" fromWho="1" sc="168,0,172,-32,268,32,392,0" /><INIT seed="6,0,0,5,5,111" ten="168,140,300,392" oya="2" hai0="33,28,104,6,132,53,76,25,44,8,65,51,41" hai1="1,109,56,2,63,43,82,55,40,13,72,47,78" hai2="31,85,129,108,89,34,70,93,107,110,73,58,69" hai3="39,92,90,36,105,122,62,24,9,46,120,15,42"/><V113/><F107/><W52/><G36/><T86/><D132/><U84/><E109/><N who="2" m="42091" /><F73/><W61/><G105/><T54/><D104/><U98/><E43/><V118/><F118/><W87/><G24/><T94/><D65/><U97/><E72/><V77/><F77/><W68/><G68/><T38/><D38/><U131/><E131/><V45/><F45/><W17/><REACH who="3" step="1"/><G52/><REACH who="3" ten="168,140,300,382" step="2"/><T16/><D54/><U123/><E123/><AGARI ba="0,1" hai="9,15,17,39,42,46,61,62,87,90,92,120,122,123" machi="123" ten="40,2600,0" yaku="1,1,2,1,53,0" doraHai="111" doraHaiUra="3" who="3" fromWho="1" sc="168,0,140,-26,300,0,382,36" /><INIT seed="7,0,0,4,0,13" ten="168,114,300,418" oya="3" hai0="85,31,128,88,18,0,102,115,94,44,60,82,81" hai1="93,54,53,90,122,8,101,2,87,112,39,1,21" hai2="84,57,10,35,98,77,106,59,72,114,29,46,6" hai3="113,25,20,30,42,73,50,52,63,47,126,107,55"/><W78/><G113/><T24/><D0/><U75/><E122/><V48/><F114/><W118/><G107/><T129/><D115/><U37/><E112/><V121/><F72/><W26/><G126/><T104/><D104/><U117/><E75/><V132/><F132/><W36/><G63/><T51/><D60/><U5/><E117/><V16/><F121/><W15/><G15/><T135/><D135/><U17/><E2/><V123/><F123/><W124/><G124/><T105/><D105/><U22/><E22/><V23/><F29/><W83/><G118/><T125/><D102/><U74/><E74/><V80/><F35/><W110/><G110/><T69/><D69/><U76/><E76/><V3/><F98/><W97/><G97/><T33/><D18/><U64/><E64/><V91/><F77/><W62/><G62/><T7/><D7/><U45/><E101/><V40/><REACH who="2" step="1"/><F106/><REACH who="2" ten="168,114,290,418" step="2"/><W89/><G89/><T119/><D125/><U56/><E45/><V68/><F68/><W127/><G127/><T49/><D119/><U130/><E130/><V41/><F41/><W103/><G103/><T70/><D70/><U116/><E116/><V67/><F67/><W134/><G134/><T131/><D44/><U96/><E96/><V65/><F65/><W38/><G42/><T9/><D128/><U111/><E111/><V34/><F34/><W133/><G133/><T95/><D129/><U19/><E54/><V12/><AGARI ba="0,1" hai="3,6,10,12,16,23,40,46,48,57,59,80,84,91" machi="12" ten="20,8000,1" yaku="1,1,0,1,7,1,52,1,54,1,53,0" doraHai="13" doraHaiUra="100" who="2" fromWho="2" sc="168,-20,114,-20,290,90,418,-40" owari="148,-25.2,94,-40.6,380,48.0,378,17.8" /></mjloggm>