<mjloggm ver="2.3"><GO type="169" lobby="0"/><UN n0="%E4%B8%8B%E7%B4%9A%E5%9B%BD%E6%B0%91" n1="%53%74%65%69%6E%73" n2="%E3%81%82%E3%81%BE%E3%81%82%E3%82%93" n3="%E5%A4%A7%E7%A9%BA%E3%82%B9%E3%83%90%E3%83%AB%E2%98%86" dan="17,17,16,16" rate="2151.82,2228.26,2079.40,2101.77" sx="M,M,M,F"/><TAIKYOKU oya="0"/><INIT seed="0,0,0,1,1,28" ten="250,250,250,250" oya="0" hai0="132,98,15,122,77,6,14,114,60,72,0,87,26" hai1="70,35,108,40,133,131,86,110,30,91,113,18,96" hai2="17,121,79,124,21,8,120,134,125,20,54,105,95" hai3="52,102,66,33,38,82,4,36,117,65,41,101,44"/><T97/><D122/><N who="2" m="47210" /><F105/><W85/><G117/><T104/><D114/><U135/><E70/><V73/><F95/><W1/><G33/><T16/><D132/><N who="1" m="50763" /><E96/><V23/><F54/><W128/><G128/><T107/><D0/><U112/><E40/><V116/><F79/><W55/><G38/><T50/><D72/><U76/><E76/><V109/><F73/><W48/><G55/><T74/><D74/><U93/><E18/><V57/><F57/><W92/><G4/><T68/><D6/><U69/><E69/><V9/><F134/><W118/><G1/><T111/><D77/><U129/><E35/><V37/><F37/><W10/><G10/><N who="2" m="4201" /><F116/><W12/><G12/><T123/><D14/><U80/><E30/><V39/><F39/><W45/><G118/><T29/><D123/><U34/><E34/><V126/><F109/><N who="1" m="42089" /><E93/><V7/><F7/><W63/><G92/><T22/><D111/><U51/><E51/><V61/><F61/><W115/><G102/><T88/><D50/><U25/><E25/><AGARI ba="0,0" hai="17,20,21,23,25,124,125,126" m="4201,47210" machi="25" ten="40,5200,0" yaku="18,1,34,2" doraHai="28" who="2" fromWho="1" sc="250,0,250,-52,250,52,250,0" /><INIT seed="1,0,0,1,0,102" ten="250,198,302,250" oya="1" hai0="80,81,59,130,90,50,117,100,10,111,65,32,6" hai1="101,37,129,76,17,24,113,66,120,91,108,132,118" hai2="2,48,15,4,21,104,83,133,54,92,63,75,61" hai3="30,99,69,45,122,58,3,134,47,96,20,12,35"/><U105/><E37/><V95/><F133/><W115/><G69/><T79/><D117/><U36/><E36/><V103/><F2/><W44/><G3/><T49/><D32/><U128/><E66/><V1/><F1/><W11/><G122/><T109/><D100/><U19/><E118/><V107/><F75/><W93/><G35/><T127/><D127/><U73/><E120/><V25/><F83/><W119/><G115/><T125/><D125/><U40/><E40/><V56/><F63/><W52/><G93/><T123/><D90/><U60/><E60/><V33/><F33/><W0/><G0/><T126/><D126/><U112/><E91/><V31/><F61/><N who="3" m="36039" /><G134/><T9/><D123/><U43/><E43/><V41/><F41/><W42/><G42/><T97/><D65/><U131/><E132/><V86/><F95/><W29/><G119/><T13/><D59/><U8/><E108/><V7/><F86/><W34/><G34/><T72/><D97/><N who="3" m="37449" /><G20/><T23/><D23/><N who="1" m="13423" /><E101/><V27/><F103/><W77/><G77/><T46/><D79/><U106/><E76/><V82/><F92/><W64/><G64/><T68/><D68/><U39/><E73/><V62/><F82/><W51/><G51/><T71/><D71/><U85/><E85/><V26/><F48/><W5/><AGARI ba="0,0" hai="5,11,12,29,30,44,45,47" m="37449,36039" machi="5" ten="30,2000,0" yaku="8,1,54,1" doraHai="102" who="3" fromWho="3" sc="250,-5,198,-10,302,-5,250,20" /><INIT seed="2,0,0,5,4,106" ten="245,188,297,270" oya="2" hai0="121,41,101,43,120,99,49,47,82,33,16,24,78" hai1="63,64,59,30,97,100,14,107,113,86,19,133,46" hai2="81,76,84,131,53,20,130,90,0,71,38,4,67" hai3="102,55,89,119,45,56,42,2,29,118,103,13,125"/><V108/><F38/><W127/><G2/><T124/><D43/><U135/><E113/><V6/><F108/><W48/><G29/><T22/><D33/><U93/><E30/><V23/><F53/><W114/><G114/><T18/><D18/><U94/><E46/><V111/><F111/><W54/><G89/><T39/><D39/><U73/><E86/><V52/><F67/><W1/><G1/><T69/><D69/><U61/><E61/><V116/><F71/><W91/><G91/><T10/><D10/><U60/><E60/><V32/><F32/><W115/><G13/><T129/><D129/><N who="2" m="49162" /><F116/><W95/><G115/><T72/><REACH who="0" step="1"/><D124/><REACH who="0" ten="235,188,297,270" step="2"/><U37/><E37/><V92/><F4/><W70/><G42/><T5/><D5/><U3/><E3/><V35/><F35/><W62/><G70/><T85/><D85/><U68/><E68/><V31/><F31/><W87/><G125/><T34/><D34/><U9/><REACH who="1" step="1"/><E73/><REACH who="1" ten="235,178,297,270" step="2"/><V109/><F109/><W25/><G127/><T117/><D117/><U77/><E77/><V44/><F76/><W128/><G119/><T65/><D65/><U50/><E50/><V96/><F84/><W21/><G87/><T12/><D12/><U26/><E26/><V98/><F0/><W11/><G118/><T132/><D132/><AGARI ba="0,2" hai="9,14,19,59,63,64,93,94,97,100,107,132,133,135" machi="132" ten="40,2600,0" yaku="1,1,20,1,53,0" doraHai="106" doraHaiUra="134" who="1" fromWho="0" sc="235,-26,178,46,297,0,270,0" /><INIT seed="3,0,0,3,4,79" ten="209,224,297,270" oya="3" hai0="66,11,57,120,68,27,62,92,63,15,3,124,4" hai1="34,123,35,13,94,30,73,135,95,131,116,134,22" hai2="28,76,126,107,58,18,85,65,47,125,7,132,102" hai3="99,78,91,105,106,60,39,74,89,49,108,104,33"/><W87/><G39/><T127/><D120/><U44/><E123/><V36/><F28/><W52/><G33/><T72/><D72/><U42/><E131/><V129/><F7/><W59/><G108/><T17/><D92/><N who="1" m="35371" /><E73/><V93/><F132/><N who="1" m="50729" /><E116/><V84/><F129/><W69/><G99/><T1/><D27/><N who="1" m="16759" /><E13/><V12/><F12/><W0/><G0/><T16/><D17/><U77/><E77/><V90/><F18/><W97/><G97/><T24/><D24/><U117/><E117/><V122/><F122/><W31/><G31/><T32/><D32/><U82/><E82/><V133/><F133/><W54/><G74/><T41/><D41/><U96/><E96/><V51/><F76/><W111/><G111/><T50/><D50/><AGARI ba="0,0" hai="34,35,42,44,50" m="16759,50729,35371" machi="50" ten="30,1000,0" yaku="20,1" doraHai="79" who="1" fromWho="0" sc="209,-10,224,10,297,0,270,0" /><INIT seed="4,0,0,5,2,51" ten="199,234,297,270" oya="0" hai0="121,12,118,124,30,78,47,74,80,68,49,84,104" hai1="28,65,112,31,87,29,4,105,63,0,92,22,72" hai2="48,133,42,45,52,55,57,54,75,85,70,23,18" hai3="88,130,7,13,69,94,32,73,10,60,8,44,67"/><T122/><D118/><U89/><E105/><V34/><F75/><W64/><G73/><T82/><D68/><U39/><E72/><V81/><F34/><W90/><G130/><T99/><D124/><U3/><E39/><V135/><F70/><W37/><G32/><T35/><D12/><U86/><E112/><V27/><REACH who="2" step="1"/><F57/><REACH who="2" ten="199,234,287,270" step="2"/><W56/><G56/><T79/><D35/><U91/><E22/><V120/><F120/><W50/><G69/><T9/><D9/><U6/><E0/><V107/><F107/><W129/><G10/><T114/><D114/><U53/><E3/><V93/><F93/><W20/><G20/><T134/><D134/><U38/><E38/><V15/><F15/><W126/><G94/><T1/><D1/><U25/><E25/><V41/><F41/><W115/><G37/><T5/><D121/><U59/><E65/><V62/><F62/><W76/><G60/><T77/><D122/><U11/><E11/><V14/><F14/><W2/><G115/><T97/><D104/><U102/><REACH who="1" step="1"/><E102/><REACH who="1" ten="199,224,287,270" step="2"/><V103/><F103/><W71/><G2/><T19/><D74/><U123/><E123/><V40/><F40/><W106/><G67/><T17/><D17/><U100/><E100/><V132/><F132/><W131/><G64/><T119/><D19/><U16/><E16/><V116/><F116/><W26/><G106/><T108/><D119/><U110/><E110/><V43/><F43/><W111/><G8/><T58/><D108/><U117/><E117/><V66/><F66/><W101/><G111/><T127/><D127/><U113/><E113/><RYUUKYOKU ba="0,2" sc="199,-15,224,15,287,15,270,-15" hai1="4,6,28,29,31,53,59,63,86,87,89,91,92" hai2="18,23,27,42,45,48,52,54,55,81,85,133,135" /><INIT seed="5,1,2,0,1,132" ten="184,239,302,255" oya="1" hai0="87,18,79,39,112,5,4,88,62,35,21,83,15" hai1="90,20,110,11,27,133,126,107,38,53,46,95,48" hai2="12,118,10,24,25,54,67,86,104,26,98,89,52" hai3="119,57,121,73,116,1,45,111,70,122,71,120,41"/><U113/><E133/><V96/><F118/><N who="3" m="45099" /><G1/><T94/><D39/><U134/><E134/><V36/><F36/><N who="3" m="21671" /><G73/><T100/><D35/><U44/><E107/><V17/><F67/><W115/><G111/><T97/><D112/><U16/><E113/><V68/><F68/><N who="3" m="26155" /><G57/><T55/><D62/><U125/><E110/><V80/><REACH who="2" step="1"/><F104/><REACH who="2" ten="184,239,292,255" step="2"/><W13/><G115/><T22/><D55/><AGARI ba="1,3" hai="10,12,17,24,25,26,52,54,55,80,86,89,96,98" machi="55" ten="40,8000,1" yaku="1,1,2,1,8,1,54,1,53,0" doraHai="132" doraHaiUra="31" who="2" fromWho="0" sc="184,-83,239,0,292,113,255,0" /><INIT seed="6,0,0,1,0,75" ten="101,239,405,255" oya="2" hai0="23,48,25,122,132,37,82,124,77,116,14,30,5" hai1="34,130,101,63,44,95,84,58,26,17,24,40,59" hai2="54,11,87,15,38,88,86,107,115,114,55,135,102" hai3="79,61,0,83,112,126,128,33,74,106,72,120,21"/><V31/><F38/><W105/><G33/><T73/><D122/><U96/><E130/><V123/><F123/><W60/><G0/><T66/><D37/><U43/><E34/><V42/><F42/><W22/><G120/><T3/><D132/><U113/><E113/><N who="2" m="43019" /><F31/><W109/><G112/><T4/><D124/><U99/><E99/><N who="2" m="61919" /><F86/><W16/><G109/><T70/><D116/><U100/><E100/><V127/><F127/><W94/><G126/><T134/><D134/><U90/><E58/><V76/><F76/><W71/><G128/><T20/><D3/><U19/><E40/><V117/><F117/><W80/><G94/><T47/><D66/><U6/><E43/><V10/><F10/><W51/><G51/><T119/><D70/><U121/><E44/><V52/><F135/><W89/><G89/><T110/><D110/><U67/><E121/><V125/><F125/><W28/><G28/><T108/><D108/><U49/><E49/><V78/><F78/><W103/><G103/><T35/><D119/><U118/><E118/><V97/><F97/><W36/><G36/><T29/><D29/><U27/><REACH who="1" step="1"/><E6/><REACH who="1" ten="101,229,405,255" step="2"/><N who="2" m="3575" /><F54/><W93/><G106/><AGARI ba="0,1" hai="17,19,24,26,27,59,63,67,84,90,95,96,101,106" machi="106" ten="40,1300,0" yaku="1,1,53,0" doraHai="75" doraHaiUra="41" who="1" fromWho="3" sc="101,0,229,23,405,0,255,-13" /><INIT seed="7,0,0,2,1,98" ten="101,252,405,242" oya="3" hai0="132,69,24,117,15,9,106,85,17,79,48,39,28" hai1="112,109,123,94,73,42,124,110,2,0,13,14,131" hai2="1,11,80,83,121,19,26,82,16,58,125,116,122" hai3="128,23,37,62,60,29,50,34,10,61,32,59,27"/><W30/><G37/><T53/><D132/><U71/><E71/><V88/><F116/><W12/><G128/><T43/><D117/><U20/><E73/><V78/><F125/><W93/><G93/><T118/><D118/><U65/><E65/><V76/><F88/><W86/><G86/><T33/><D39/><U120/><E94/><V101/><F101/><W126/><G126/><T54/><D69/><U133/><E42/><V115/><F115/><W113/><G113/><T77/><D77/><N who="2" m="29802" /><F58/><W111/><G111/><T36/><D36/><U84/><E84/><V119/><F26/><W107/><G107/><T74/><D74/><U100/><E100/><V64/><F64/><W102/><G102/><T96/><D106/><U51/><E112/><V25/><F25/><W38/><G38/><T7/><D17/><U49/><E124/><V92/><F92/><W21/><G21/><T55/><D96/><U97/><E97/><V105/><F105/><W6/><G34/><T47/><REACH who="0" step="1"/><D55/><REACH who="0" ten="91,252,405,242" step="2"/><U114/><E114/><V90/><F119/><W31/><G6/><T3/><D3/><U81/><E0/><V8/><F1/><W91/><G31/><T66/><D66/><U18/><E18/><V103/><F19/><W99/><G30/><T129/><D129/><U41/><E2/><V72/><F16/><W134/><G99/><T4/><D4/><U22/><E131/><V68/><F72/><W44/><G29/><T57/><D57/><U135/><E135/><V5/><F5/><W67/><G59/><T35/><D35/><U40/><E133/><V108/><F68/><RYUUKYOKU ba="0,1" sc="91,15,252,15,405,-15,242,-15" hai0="7,9,15,24,28,33,43,47,48,53,54,79,85" hai1="13,14,20,22,40,41,49,51,81,109,110,120,123" owari="106,-39.4,267,6.7,400,50.0,227,-17.3" /></mjloggm>