<mjloggm ver="2.3"><GO type="169" lobby="0"/><UN n0="%67%78%7A" n1="%E3%81%AE%E3%81%AF%E3%81%A3%E3%81%A1" n2="%E4%B9%9D%E7%B4%8B%E9%BE%8D%E5%8F%B2%E9%80%B2" n3="%E3%81%BE%E3%81%88%E3%81%9F" dan="17,16,19,16" rate="2159.56,2146.64,2337.26,2183.13" sx="F,M,M,F"/><TAIKYOKU oya="0"/><INIT seed="0,0,0,4,1,70" ten="250,250,250,250" oya="0" hai0="92,36,102,23,57,88,89,61,74,66,14,17,6" hai1="111,53,76,35,126,44,16,37,39,63,84,55,3" hai2="67,42,2,122,110,85,95,123,26,47,33,43,38" hai3="119,86,41,106,103,10,48,97,115,71,75,135,59"/><T116/><D116/><U114/><E35/><V99/><F110/><W82/><G119/><T8/><D74/><U11/><E111/><V25/><F2/><W58/><G71/><T32/><D32/><U62/><E126/><V9/><F9/><W105/><G105/><T34/><D34/><U93/><E114/><V52/><F67/><W1/><G135/><T87/><D36/><U45/><E3/><V134/><F134/><W68/><G68/><T13/><REACH who="0" step="1"/><D87/><REACH who="0" ten="240,250,250,250" step="2"/><U129/><E84/><V69/><F85/><W117/><G75/><T49/><D49/><U113/><E37/><V12/><F33/><W100/><G117/><T19/><D19/><U28/><E16/><V64/><F38/><W77/><G115/><T96/><AGARI ba="0,1" hai="6,8,13,14,17,23,57,61,66,88,89,92,96,102" machi="96" ten="30,11700,0" yaku="1,1,0,1,8,1,54,1,53,0" doraHai="70" doraHaiUra="81" who="0" fromWho="0" sc="240,127,250,-39,250,-39,250,-39" /><INIT seed="0,1,0,5,5,118" ten="367,211,211,211" oya="0" hai0="38,41,127,76,129,25,71,28,6,121,96,42,9" hai1="69,48,62,108,33,31,60,110,5,4,87,22,34" hai2="51,80,120,94,53,122,0,49,123,36,74,10,20" hai3="107,29,83,97,61,92,77,47,119,16,45,26,44"/><T78/><D121/><U114/><E114/><V43/><F94/><W104/><G119/><T73/><D71/><U89/><E48/><V7/><F20/><W115/><G61/><T72/><D129/><U13/><E22/><V35/><F53/><W105/><G115/><T84/><D96/><U8/><E4/><V58/><F58/><W15/><G26/><T68/><D68/><U17/><E5/><V21/><F21/><W95/><G29/><T19/><D19/><U54/><E54/><V109/><F35/><W39/><G39/><T30/><D127/><U85/><E85/><V117/><F117/><W14/><G97/><T102/><D102/><U81/><E31/><V37/><F37/><W99/><G99/><T98/><D98/><U128/><E62/><V124/><F109/><N who="1" m="42089" /><E128/><V59/><F59/><W135/><G135/><T11/><D6/><U125/><E125/><V90/><F124/><W116/><G116/><T65/><D38/><U75/><E75/><V46/><F90/><W66/><G66/><AGARI ba="1,0" hai="8,13,17,33,34,60,66,69,81,87,89" m="42089" machi="66" ten="30,1000,0" yaku="14,1" doraHai="118" who="1" fromWho="3" sc="367,0,211,13,211,0,211,-13" /><INIT seed="1,0,0,3,3,22" ten="367,224,211,198" oya="1" hai0="104,78,102,33,3,126,111,70,87,85,2,77,54" hai1="37,32,43,49,84,16,98,105,108,53,91,115,1" hai2="19,47,124,118,13,20,21,122,73,67,92,59,128" hai3="24,132,4,100,25,50,130,120,79,51,29,96,18"/><U5/><E115/><V113/><F118/><W103/><G120/><T71/><D33/><U63/><E32/><V40/><F122/><W39/><G39/><T116/><D102/><U83/><E1/><V56/><F113/><W135/><G4/><T95/><D95/><U134/><E5/><V72/><F124/><W89/><G130/><T35/><D35/><U27/><E63/><V88/><F128/><W62/><G79/><T93/><D93/><U26/><E134/><N who="3" m="51242" /><G18/><T9/><D54/><U86/><E43/><V109/><F109/><W34/><G62/><T44/><D44/><U0/><E0/><V82/><F21/><W17/><G89/><T123/><D123/><U61/><E61/><V90/><F67/><W64/><G64/><T7/><D7/><U125/><E37/><V119/><F119/><W60/><G60/><T41/><D116/><U10/><E125/><V46/><F46/><W81/><G81/><T121/><D121/><U55/><E108/><V6/><F6/><W12/><G25/><T80/><D111/><U31/><E83/><V74/><F82/><W99/><G99/><T112/><D80/><U106/><E98/><V76/><F76/><W107/><G100/><T58/><D126/><U75/><E75/><V117/><F117/><W36/><G36/><T23/><D112/><U127/><E127/><V30/><F30/><W11/><AGARI ba="0,0" hai="11,12,17,24,29,34,50,51,96,103,107" m="51242" machi="11" ten="30,2000,0" yaku="20,1,52,1" doraHai="22" who="3" fromWho="3" sc="367,-5,224,-10,211,-5,198,20" /><INIT seed="2,0,0,0,2,110" ten="362,214,206,218" oya="2" hai0="37,32,120,60,10,117,38,9,100,14,73,25,105" hai1="23,19,12,62,108,39,41,3,72,106,113,75,88" hai2="46,121,20,47,126,102,125,49,128,7,79,95,26" hai3="101,22,52,115,109,43,57,74,69,36,27,24,18"/><V40/><F121/><W55/><G74/><T13/><D120/><U67/><E108/><V132/><F132/><W130/><G69/><T31/><D73/><U133/><E106/><V71/><F71/><W59/><G109/><T98/><D117/><U134/><E3/><V127/><F128/><W51/><G130/><T5/><REACH who="0" step="1"/><D60/><REACH who="0" ten="352,214,206,218" step="2"/><U131/><E75/><V70/><F127/><W85/><G101/><T118/><D118/><U78/><E131/><V76/><F125/><W124/><G124/><T0/><D0/><U90/><E72/><V87/><F126/><W68/><G68/><T82/><D82/><U16/><E133/><V45/><F70/><W1/><G1/><T116/><D116/><U66/><E134/><V61/><F61/><W94/><G115/><T30/><D30/><U35/><E62/><V111/><F111/><W83/><G83/><T15/><D15/><U135/><E113/><V112/><F112/><W21/><G27/><T65/><D65/><U58/><E66/><V84/><F7/><AGARI ba="0,1" hai="5,7,9,10,13,14,25,31,32,37,38,98,100,105" machi="7" ten="30,7700,0" yaku="1,1,7,1,9,1,53,1" doraHai="110" doraHaiUra="96" who="0" fromWho="2" sc="352,87,214,0,206,-77,218,0" /><INIT seed="3,0,0,1,1,66" ten="439,214,129,218" oya="3" hai0="5,53,106,83,34,28,56,9,35,7,98,59,20" hai1="119,134,125,32,51,97,101,40,84,88,122,70,15" hai2="131,11,6,127,92,52,65,99,110,41,0,67,46" hai3="29,75,72,10,123,23,8,49,95,13,113,12,132"/><W112/><G123/><T111/><D111/><U117/><E122/><V130/><F110/><W33/><G33/><T44/><D83/><U4/><E32/><V74/><F74/><W100/><G132/><T81/><D81/><U104/><E125/><V36/><F127/><W126/><G126/><T82/><D44/><U16/><E4/><V17/><F17/><W22/><G49/><T93/><D106/><U21/><E134/><V89/><REACH who="2" step="1"/><F52/><REACH who="2" ten="439,214,119,218" step="2"/><W3/><G112/><T86/><D53/><U58/><E117/><V116/><F116/><W18/><G18/><T57/><D28/><U50/><E119/><V39/><F39/><W96/><G29/><T47/><D47/><U62/><E40/><V102/><F102/><W128/><G100/><T78/><D5/><U63/><E63/><V71/><F71/><W30/><G30/><T121/><D121/><U77/><E70/><V38/><F38/><W73/><G75/><T19/><D19/><U60/><E60/><V91/><F91/><W120/><G73/><T1/><D7/><U79/><E50/><V85/><F85/><W27/><G72/><T24/><D86/><U68/><E68/><V135/><F135/><W90/><G113/><T109/><D109/><U94/><E51/><V37/><F37/><W118/><G118/><T14/><D57/><U48/><E48/><V115/><F115/><W107/><G90/><T61/><D61/><U69/><E69/><V2/><F2/><W55/><G3/><T25/><D1/><U54/><AGARI ba="0,1" hai="15,16,21,54,58,62,77,79,84,88,94,97,101,104" machi="54" ten="20,5200,0" yaku="0,1,7,1,54,2" doraHai="66" who="1" fromWho="1" sc="439,-13,214,62,119,-13,218,-26" /><INIT seed="4,0,0,5,0,11" ten="426,276,106,192" oya="0" hai0="119,124,44,34,31,81,64,40,87,70,13,96,68" hai1="23,36,110,33,79,25,72,73,113,99,94,47,80" hai2="100,4,76,122,117,38,27,135,24,71,125,51,6" hai3="116,85,90,45,56,15,128,49,42,20,28,127,58"/><T52/><D119/><U67/><E110/><V8/><F38/><W83/><G128/><T14/><D124/><U26/><E67/><V62/><F122/><W66/><G127/><T65/><D96/><U98/><E98/><V84/><F125/><W75/><G75/><T48/><D68/><U88/><E113/><V129/><F100/><W101/><G101/><T82/><D82/><U2/><E2/><V7/><F135/><W105/><G105/><T63/><D65/><U10/><E10/><V121/><F121/><W17/><G116/><T37/><D31/><U115/><E115/><V18/><F129/><W12/><G28/><T97/><D97/><U0/><E0/><V74/><F74/><W95/><G66/><T41/><D34/><U22/><E73/><V93/><F62/><W29/><G29/><T55/><D55/><U123/><E33/><V112/><F71/><W107/><G107/><T114/><D114/><U78/><E78/><V30/><F117/><W111/><G111/><T32/><D32/><U16/><E123/><V9/><F112/><W131/><G131/><T91/><D41/><U86/><E72/><V134/><F134/><W53/><G95/><T1/><D1/><U106/><E106/><V43/><F30/><W60/><G56/><AGARI ba="0,0" hai="13,14,37,40,44,48,52,56,63,64,70,81,87,91" machi="56" ten="30,18000,2" yaku="7,1,24,2,52,2,54,1" doraHai="11" who="0" fromWho="3" sc="426,180,276,0,106,0,192,-180" /><INIT seed="4,1,0,4,4,29" ten="606,276,106,12" oya="0" hai0="97,3,77,57,46,121,62,89,114,87,134,8,25" hai1="5,50,70,32,135,126,54,118,17,41,53,6,125" hai2="11,128,80,63,51,15,14,86,42,9,108,60,111" hai3="83,38,34,85,24,123,100,132,40,30,36,37,43"/><T7/><D121/><U12/><E118/><V20/><F128/><W79/><G123/><T35/><D114/><U75/><E70/><V90/><F20/><W2/><G2/><T116/><D116/><U72/><E41/><V117/><F117/><W49/><G132/><T56/><D134/><U45/><E54/><V103/><F103/><W124/><G124/><N who="1" m="47722" /><E135/><V84/><F111/><W52/><REACH who="3" step="1"/><G100/><REACH who="3" ten="606,276,106,2" step="2"/><T1/><D1/><U55/><E5/><N who="2" m="3375" /><F108/><W76/><G76/><T113/><D77/><U33/><E6/><N who="2" m="3575" /><F84/><W31/><G31/><T67/><D87/><U98/><E98/><V115/><F115/><W10/><G10/><T74/><D97/><U101/><E101/><V4/><F4/><W82/><G82/><T133/><D7/><U119/><E119/><V95/><F80/><W105/><G105/><T26/><D133/><U64/><E72/><V91/><F91/><W130/><G130/><T99/><D89/><U122/><E75/><V92/><F92/><W61/><G61/><T96/><D74/><U104/><E104/><V48/><F63/><W18/><G18/><T93/><D62/><U120/><E122/><V39/><F60/><W13/><G13/><T106/><D106/><U107/><E107/><V109/><F109/><W28/><G28/><T71/><D93/><U58/><E120/><V23/><F95/><W22/><G22/><T131/><D3/><U69/><E69/><V44/><F23/><W66/><G66/><T68/><D67/><U19/><E64/><V94/><F94/><W112/><G112/><T16/><D68/><U21/><E19/><RYUUKYOKU ba="1,1" sc="606,-30,276,10,106,10,2,10" hai1="12,17,21,32,33,45,50,53,55,58" hai2="39,42,44,48,51,86,90" hai3="24,30,34,36,37,38,40,43,49,52,79,83,85" /><INIT seed="5,2,1,1,5,90" ten="576,286,116,12" oya="1" hai0="87,109,110,83,68,92,18,15,33,113,10,47,16" hai1="88,77,76,122,23,93,114,85,132,41,121,43,20" hai2="130,19,51,84,72,86,32,134,49,66,128,103,28" hai3="104,35,74,48,129,102,82,99,27,123,53,9,97"/><U115/><E132/><V17/><F72/><W25/><G129/><N who="2" m="49769" /><F134/><W111/><G111/><T71/><D33/><U4/><E4/><V64/><F103/><W21/><G123/><T118/><D118/><U80/><E122/><V112/><F112/><N who="1" m="43049" /><E77/><V58/><F28/><W101/><G35/><T124/><D113/><U7/><E7/><V40/><F32/><W106/><G9/><T78/><D124/><U30/><E121/><V34/><F34/><W135/><G135/><T75/><D109/><U100/><E100/><V45/><F66/><W79/><REACH who="3" step="1"/><G21/><REACH who="3" ten="576,286,116,2" step="2"/><N who="1" m="8266" /><E30/><V62/><F17/><W105/><G105/><T69/><D110/><U131/><E131/><V108/><F19/><W8/><G8/><T11/><D11/><U60/><E60/><V120/><F120/><W94/><G94/><T26/><D18/><U13/><E13/><V133/><F133/><W31/><G31/><T22/><D10/><U44/><E44/><AGARI ba="2,2" hai="25,27,44,48,53,74,79,82,97,99,101,102,104,106" machi="44" ten="30,3900,0" yaku="1,1,7,1,9,1,53,0" doraHai="90" doraHaiUra="91" who="3" fromWho="1" sc="576,0,286,-45,116,0,2,65" /><INIT seed="6,0,0,1,4,38" ten="576,241,116,67" oya="2" hai0="25,27,90,98,82,56,127,24,108,12,81,26,112" hai1="70,59,121,124,64,67,104,14,75,6,55,60,63" hai2="111,73,91,66,102,36,51,61,84,1,113,10,92" hai3="105,68,48,40,133,3,120,17,53,23,115,15,78"/><V110/><F36/><W71/><G120/><T86/><D108/><N who="2" m="41514" /><F73/><W45/><G133/><T69/><D69/><U4/><E104/><V52/><F113/><W76/><G3/><T47/><D112/><U22/><E75/><V54/><F102/><W88/><G105/><T116/><D127/><U77/><E77/><V58/><F51/><W89/><G115/><T99/><D116/><U7/><E124/><V128/><F128/><W31/><G31/><T74/><D74/><U5/><E121/><V32/><F32/><W103/><G103/><T123/><D123/><U107/><E107/><V101/><F101/><W41/><G71/><T39/><D39/><U93/><E93/><V42/><F42/><N who="3" m="16491" /><G68/><T109/><D109/><U72/><E72/><V85/><F85/><W118/><G118/><T129/><D129/><U65/><E70/><V20/><F20/><W106/><G106/><T125/><D125/><U44/><E22/><V132/><F132/><W96/><G96/><T8/><D98/><U119/><E119/><V114/><F114/><W28/><G28/><T9/><D99/><U0/><E0/><V94/><F94/><W16/><G17/><T83/><D81/><U34/><E34/><V37/><F37/><W134/><G134/><T19/><D82/><U2/><E2/><V100/><F100/><W131/><G131/><T49/><D83/><U130/><E130/><V117/><F117/><W18/><G18/><T11/><D19/><U33/><E33/><V50/><F50/><W46/><G45/><T79/><N who="0" m="6144" /><DORA hai="87" /><T97/><D47/><U35/><E44/><RYUUKYOKU ba="0,0" sc="576,-15,241,-15,116,15,67,15" hai2="1,10,52,54,58,61,66,84,91,92" hai3="15,16,23,46,48,53,76,78,88,89" /><INIT seed="6,1,0,5,5,70" ten="561,226,131,82" oya="2" hai0="4,52,102,120,99,15,43,77,111,101,2,94,103" hai1="53,112,93,33,61,75,63,42,29,26,131,11,18" hai2="119,41,25,1,12,13,91,115,133,73,39,37,65" hai3="57,135,49,7,116,38,132,69,81,114,117,56,90"/><V108/><F119/><N who="3" m="45643" /><G81/><T128/><D120/><U34/><E75/><V9/><F1/><W66/><G90/><T123/><D123/><U67/><E34/><V107/><F73/><W72/><G72/><T47/><D111/><U28/><E28/><V124/><F107/><W110/><G110/><T64/><D128/><U80/><E112/><V45/><F115/><W130/><G114/><T54/><D64/><U127/><E127/><V86/><F124/><W88/><G88/><T17/><D77/><U68/><E131/><V74/><F74/><W98/><G98/><T24/><D24/><U51/><E80/><V84/><F84/><W109/><G7/><T8/><D101/><U48/><E93/><V97/><F97/><W78/><G78/><T55/><D102/><U31/><E31/><V62/><F108/><W6/><G6/><T30/><D30/><U83/><E83/><V126/><F126/><W118/><N who="3" m="45651" /><W27/><DORA hai="59" /><G27/><T58/><D58/><N who="3" m="22633" /><G109/><T40/><D47/><U95/><E95/><V20/><F25/><W92/><G92/><T82/><D82/><U23/><E33/><V14/><F86/><W36/><G49/><T87/><D87/><U71/><E29/><V76/><F76/><W113/><G113/><T85/><D85/><U96/><E96/><V5/><F5/><W129/><G129/><T100/><D100/><U79/><E79/><V122/><F91/><W19/><G19/><T106/><D106/><U104/><E104/><V22/><F14/><W0/><G0/><T121/><D121/><U32/><E26/><V46/><F122/><RYUUKYOKU ba="1,0" sc="561,30,226,-10,131,-10,82,-10" hai0="2,4,8,15,17,40,43,52,54,55,94,99,103" /><INIT seed="7,2,0,5,5,128" ten="591,216,121,72" oya="3" hai0="29,67,8,131,116,37,127,44,80,0,105,3,55" hai1="121,78,90,23,25,2,48,39,53,97,85,38,95" hai2="134,83,72,36,65,17,6,49,76,130,21,1,89" hai3="123,133,71,77,119,30,51,52,102,33,126,60,64"/><W114/><G119/><T107/><D116/><U50/><E2/><V101/><F130/><W27/><G123/><T63/><D131/><U61/><E50/><V9/><F134/><W75/><G114/><T11/><D127/><U86/><E121/><V124/><F124/><W14/><G126/><T46/><D29/><U16/><E86/><V19/><F101/><W66/><G66/><T34/><D34/><U111/><E111/><V81/><F65/><W12/><G133/><T28/><D28/><U96/><E96/><V117/><F117/><W69/><G69/><N who="0" m="42239" /><D55/><U10/><E10/><V20/><F36/><W62/><G62/><T84/><D84/><U106/><E106/><V129/><F129/><W59/><REACH who="3" step="1"/><G102/><REACH who="3" ten="591,216,121,62" step="2"/><T100/><D100/><U42/><E61/><V7/><F1/><W104/><G104/><T43/><D105/><U54/><E38/><V70/><F70/><W31/><G31/><T125/><D107/><U87/><E39/><V58/><F7/><W99/><G99/><T57/><D125/><U91/><E97/><V135/><F6/><W118/><G118/><T132/><D3/><U74/><E78/><V5/><F135/><W41/><G41/><T47/><D132/><U45/><E54/><N who="2" m="32079" /><F5/><W94/><G94/><T109/><D0/><U79/><E79/><V93/><F93/><W18/><G18/><T113/><D113/><U35/><E42/><V68/><F68/><W108/><G108/><T56/><D109/><U110/><E110/><V32/><F17/><W103/><G103/><T120/><D120/><U122/><E122/><V98/><F76/><RYUUKYOKU ba="2,1" sc="591,-10,216,-10,121,-10,62,30" hai3="12,14,27,30,33,51,52,59,60,64,71,75,77" /><INIT seed="7,3,1,5,3,124" ten="581,206,111,92" oya="3" hai0="109,99,93,86,98,80,90,40,89,81,83,87,82" hai1="132,36,118,65,14,5,116,11,85,28,54,131,13" hai2="27,126,75,74,33,130,48,84,19,29,122,114,18" hai3="3,38,103,78,22,17,20,25,79,100,49,73,107"/><W12/><G3/><T96/><D40/><U115/><E36/><V39/><F39/><W134/><G38/><T23/><D23/><U104/><E104/><V88/><F126/><W101/><G134/><T24/><D24/><U67/><E115/><V21/><F114/><W45/><G73/><T120/><D120/><U56/><E131/><V58/><F130/><W63/><G63/><T129/><D129/><U95/><E132/><V111/><F111/><AGARI ba="3,1" hai="80,81,82,83,86,87,89,90,93,96,98,99,109,111" machi="111" ten="40,5200,0" yaku="34,3" doraHai="124" who="0" fromWho="2" sc="581,71,206,0,111,-61,92,0" owari="652,75.2,206,0.6,50,-45.0,92,-30.8" /></mjloggm>