<mjloggm ver="2.3"><GO type="169" lobby="0"/><UN n0="%E3%83%9B%E3%83%B3%E3%82%A4%E3%83%84%E8%B5%A4%EF%BC%93" n1="%E3%80%8C%E3%82%AD%E3%82%BF%E3%80%8D" n2="%E2%84%83%2D%75%74%65" n3="%E3%82%82%E3%81%BF%E3%81%95%E3%81%92" dan="16,16,17,16" rate="2092.93,2042.43,2190.24,2141.74" sx="M,M,M,M"/><TAIKYOKU oya="0"/><INIT seed="0,0,0,5,3,109" ten="250,250,250,250" oya="0" hai0="135,119,27,3,129,20,98,10,113,48,105,19,53" hai1="132,18,23,32,79,115,93,11,90,77,125,61,92" hai2="2,17,25,83,89,133,80,15,38,50,33,60,88" hai3="16,14,54,75,71,63,41,76,86,104,110,84,126"/><T59/><D119/><U78/><E32/><V47/><F2/><W40/><G110/><T123/><D123/><U87/><E125/><V102/><F38/><W73/><G104/><T24/><D135/><U8/><E132/><V36/><F36/><W72/><G126/><T114/><D129/><U81/><E115/><V0/><F0/><W128/><G128/><T12/><D3/><U112/><E112/><V30/><F102/><W26/><G26/><T96/><D27/><U101/><E61/><V42/><F133/><W82/><G84/><T69/><D69/><U37/><E37/><V21/><REACH who="2" step="1"/><F60/><REACH who="2" ten="250,250,240,250" step="2"/><W124/><G124/><T116/><D116/><U34/><E101/><V111/><F111/><W1/><G1/><T65/><D65/><U106/><E106/><V121/><F121/><W62/><G62/><T103/><REACH who="0" step="1"/><D96/><REACH who="0" ten="240,250,240,250" step="2"/><U51/><E34/><V44/><F44/><W85/><G71/><T117/><D117/><U120/><E120/><V100/><F100/><W55/><G63/><T35/><D35/><U66/><E66/><V122/><F122/><W107/><G107/><T67/><D67/><U94/><E51/><V46/><F46/><W91/><G41/><T45/><D45/><U130/><E130/><V13/><F13/><AGARI ba="0,2" hai="8,11,13,18,23,77,78,79,81,87,90,92,93,94" machi="13" ten="40,1300,0" yaku="8,1" doraHai="109" who="1" fromWho="2" sc="240,0,250,33,240,-13,250,0" /><INIT seed="1,0,0,5,3,83" ten="240,283,227,250" oya="1" hai0="2,36,42,22,50,86,19,39,116,29,59,34,129" hai1="76,47,71,21,27,66,26,18,65,13,5,49,96" hai2="10,91,68,62,92,9,87,90,124,88,84,44,25" hai3="56,134,111,8,115,118,80,114,30,24,105,78,73"/><U93/><E76/><V112/><F124/><W130/><G105/><T75/><D75/><U113/><E113/><V120/><F112/><W70/><G70/><T126/><D2/><U79/><E79/><V64/><F120/><W122/><G122/><T123/><D123/><U67/><E71/><V54/><F91/><W110/><G134/><T103/><D126/><U109/><E5/><V23/><F54/><W131/><G8/><T127/><D127/><U82/><E82/><V74/><F44/><W85/><G56/><T14/><D116/><U32/><E32/><V51/><F51/><W119/><G24/><T3/><D129/><N who="3" m="49161" /><G30/><T102/><D3/><U33/><E33/><V48/><F48/><W6/><G6/><T1/><D1/><U38/><E38/><V57/><F74/><W128/><N who="3" m="49169" /><W106/><DORA hai="89" /><G106/><T40/><D36/><U41/><REACH who="1" step="1"/><E109/><REACH who="1" ten="240,273,227,250" step="2"/><N who="3" m="41482" /><G114/><T53/><D39/><U117/><E117/><N who="3" m="44554" /><G115/><T135/><D34/><U20/><E20/><V81/><REACH who="2" step="1"/><F68/><REACH who="2" ten="240,273,217,250" step="2"/><W46/><G73/><T55/><D135/><U77/><E77/><V133/><F133/><W63/><G63/><T101/><D50/><U95/><E95/><V31/><AGARI ba="0,2" hai="9,10,23,25,31,57,62,64,81,84,87,88,90,92" machi="31" ten="20,16000,3" yaku="1,1,0,1,7,1,8,1,52,3,54,1,53,0" doraHai="83,89" doraHaiUra="104,28" who="2" fromWho="2" sc="240,-40,273,-80,217,180,250,-40" /><INIT seed="2,0,0,0,4,96" ten="200,193,397,210" oya="2" hai0="39,40,17,26,79,124,134,34,1,8,73,122,90" hai1="116,76,63,105,50,25,65,86,135,9,19,114,38" hai2="64,18,44,37,78,82,35,77,3,129,100,127,58" hai3="31,104,29,66,93,72,47,43,12,70,92,111,52"/><V23/><F3/><W69/><G72/><T110/><D122/><U48/><E38/><V0/><F0/><W108/><G104/><T27/><D134/><U132/><E114/><V21/><F35/><W115/><G115/><T130/><D130/><U51/><E105/><V109/><F129/><W120/><G120/><T14/><D124/><U45/><E116/><V13/><F127/><W20/><G92/><T117/><D117/><U74/><E74/><V102/><F109/><N who="3" m="42059" /><G66/><T107/><D110/><U95/><E135/><V91/><F37/><W11/><G93/><T88/><D107/><U54/><E132/><V97/><F44/><W28/><G20/><T46/><D1/><U67/><E67/><V101/><F23/><W133/><G133/><T36/><D36/><U85/><E85/><N who="2" m="50615" /><F97/><W121/><G121/><T94/><D34/><U5/><E25/><V99/><F99/><W41/><G41/><T131/><D131/><U61/><E19/><V128/><F128/><W55/><G70/><T83/><REACH who="0" step="1"/><D90/><REACH who="0" ten="190,193,397,210" step="2"/><N who="1" m="53719" /><E76/><V80/><F80/><W81/><G81/><T6/><D6/><U125/><E125/><V42/><F42/><W56/><G69/><T106/><D106/><U84/><E5/><V33/><F33/><W113/><G113/><T103/><D103/><U53/><E45/><V68/><F68/><W118/><G118/><T75/><D75/><U59/><E84/><AGARI ba="0,1" hai="8,14,17,26,27,39,40,46,73,79,83,84,88,94" machi="84" ten="30,3900,0" yaku="1,1,7,1,54,1,53,0" doraHai="96" doraHaiUra="32" who="0" fromWho="1" sc="190,49,193,-39,397,0,210,0" /><INIT seed="3,0,0,5,4,18" ten="239,154,397,210" oya="3" hai0="24,28,79,31,38,50,99,62,124,87,116,93,44" hai1="109,102,7,65,121,129,88,61,128,51,90,101,86" hai2="115,117,54,91,75,25,33,83,70,106,35,126,112" hai3="3,130,92,132,37,96,80,32,8,114,72,4,68"/><W16/><G114/><T20/><D116/><U21/><E121/><V110/><F54/><W6/><G130/><N who="1" m="50282" /><E7/><V113/><F91/><N who="1" m="34857" /><E86/><V19/><F19/><W76/><G132/><T104/><D104/><U1/><E1/><V22/><F83/><W135/><G135/><T40/><D124/><U119/><E119/><V69/><F25/><W41/><G68/><T127/><D127/><U133/><E133/><V107/><F117/><W64/><G4/><T47/><D87/><U12/><E51/><V71/><F22/><W56/><G32/><N who="2" m="12361" /><F75/><W34/><G34/><T82/><D82/><U66/><E109/><V49/><F49/><W14/><G64/><N who="1" m="24682" /><E61/><V63/><F63/><W73/><G73/><T45/><D62/><U26/><E12/><V58/><F126/><W67/><G67/><T53/><D44/><U30/><AGARI ba="0,0" hai="21,26,30,101,102" m="24682,34857,50282" machi="30" ten="30,4000,0" yaku="19,1,52,1,54,1" doraHai="18" who="1" fromWho="1" sc="239,-10,154,40,397,-10,210,-20" /><INIT seed="4,0,0,1,1,92" ten="229,194,387,190" oya="0" hai0="25,101,105,24,26,70,110,9,118,52,78,48,46" hai1="80,66,5,82,45,83,8,77,64,22,104,79,32" hai2="132,86,131,125,20,88,35,119,112,122,44,39,50" hai3="89,73,57,134,38,100,2,99,107,127,53,60,75"/><T96/><D118/><U117/><E32/><V85/><F35/><W114/><G2/><T30/><D70/><U54/><E104/><V58/><F122/><W61/><G38/><T36/><D110/><U56/><E45/><V23/><F112/><W69/><G114/><T84/><D36/><U126/><E126/><V31/><F125/><W98/><G134/><T129/><D129/><U135/><E135/><V6/><F6/><W41/><G41/><T1/><D1/><U11/><E22/><V17/><F132/><W81/><G81/><T123/><D123/><U43/><E43/><V12/><F39/><W29/><G29/><T40/><D40/><U28/><E28/><V133/><F131/><W15/><G15/><T113/><D9/><U94/><E94/><V76/><F58/><W74/><G127/><T95/><D113/><U3/><E11/><V59/><F59/><W4/><G4/><T7/><D7/><U65/><REACH who="1" step="1"/><E117/><REACH who="1" ten="229,184,387,190" step="2"/><V93/><F119/><W13/><G13/><T37/><D37/><U120/><E120/><V109/><F133/><W19/><G19/><T16/><D30/><U115/><E115/><V27/><F44/><W0/><G0/><T72/><D105/><U87/><E87/><V97/><F85/><W116/><G116/><T108/><D108/><U124/><E124/><V47/><F109/><W91/><REACH who="3" step="1"/><G99/><REACH who="3" ten="229,184,387,180" step="2"/><T55/><D96/><U51/><AGARI ba="0,2" hai="3,5,8,51,54,56,64,65,66,77,79,80,82,83" machi="51" ten="30,2000,0" yaku="1,1,0,1,53,0" doraHai="92" doraHaiUra="71" who="1" fromWho="1" sc="229,-10,184,40,387,-5,180,-5" /><INIT seed="5,0,0,4,1,94" ten="219,224,382,175" oya="1" hai0="93,70,86,52,2,77,33,95,25,124,113,15,134" hai1="88,64,89,49,27,111,102,121,91,117,118,55,28" hai2="108,90,98,76,9,97,11,14,51,74,45,66,69" hai3="105,67,56,8,18,19,62,16,59,80,53,57,87"/><U35/><E121/><V13/><F108/><W84/><G105/><T41/><D70/><U4/><E111/><V71/><F90/><W36/><G36/><T24/><D2/><U125/><E125/><V126/><F126/><W22/><G8/><T131/><D124/><U3/><E64/><V79/><F51/><W37/><G37/><T129/><D41/><U107/><E4/><V60/><F45/><W47/><G47/><T114/><D33/><U1/><E1/><V54/><F54/><W78/><G87/><T81/><D15/><U58/><REACH who="1" step="1"/><E3/><REACH who="1" ten="219,214,382,175" step="2"/><V101/><F66/><W40/><G40/><T34/><D134/><U103/><E103/><V96/><F101/><W61/><REACH who="3" step="1"/><G59/><REACH who="3" ten="219,214,382,165" step="2"/><T82/><D131/><U5/><E5/><V73/><F71/><W72/><G72/><T115/><D129/><U39/><E39/><V75/><F69/><W112/><G112/><T63/><D115/><U65/><E65/><V130/><F130/><W116/><G116/><T122/><D114/><U29/><E29/><V83/><F74/><W127/><G127/><T110/><D122/><U43/><E43/><V31/><F31/><W44/><G44/><T99/><D113/><U7/><E7/><V46/><F46/><W106/><G106/><T133/><D110/><U48/><E48/><V50/><F50/><W100/><G100/><T12/><D133/><U10/><E10/><V68/><F68/><W92/><G92/><T135/><D135/><U120/><E120/><V32/><F75/><W20/><AGARI ba="0,2" hai="16,18,19,20,22,53,56,57,61,62,67,78,80,84" machi="20" ten="30,7900,0" yaku="1,1,0,1,8,1,54,1,53,0" doraHai="94" doraHaiUra="38" who="3" fromWho="3" sc="219,-20,214,-39,382,-20,165,99" /><INIT seed="6,0,0,0,5,74" ten="199,175,362,264" oya="2" hai0="20,22,131,123,37,86,1,33,126,29,60,76,98" hai1="11,49,92,90,36,30,43,84,116,107,73,120,85" hai2="62,53,8,51,133,128,40,54,80,72,77,58,63" hai3="64,48,59,82,113,110,6,18,26,135,12,10,68"/><V27/><F128/><W15/><G110/><T88/><D123/><U118/><E107/><V109/><F133/><W108/><G108/><T57/><D37/><U79/><E120/><V81/><F109/><W105/><G105/><T127/><D1/><U100/><E100/><V69/><F40/><W55/><G135/><T52/><D131/><U121/><E121/><V112/><F112/><W56/><G113/><T50/><D98/><U44/><E30/><V106/><F106/><W117/><G117/><T70/><D33/><U87/><E36/><V65/><F8/><W42/><G42/><T2/><D2/><U35/><E35/><V75/><F27/><W102/><G102/><T14/><D29/><U28/><E28/><V66/><F51/><W5/><G26/><T25/><D14/><U94/><E11/><V31/><F31/><W134/><G134/><T16/><D20/><U9/><E9/><V39/><F39/><W103/><G103/><T129/><D129/><U17/><E17/><V71/><F58/><W125/><G125/><N who="0" m="47627" /><D70/><U19/><E19/><V67/><F67/><W91/><G68/><T99/><D99/><U114/><E114/><V122/><F122/><W0/><G0/><T130/><D130/><U61/><E61/><V41/><F41/><W24/><G24/><T93/><D76/><AGARI ba="0,0" hai="53,54,62,63,65,66,69,71,72,75,76,77,80,81" machi="76" ten="40,12000,1" yaku="32,3,52,2" doraHai="74" who="2" fromWho="0" sc="199,-120,175,0,362,120,264,0" /><INIT seed="6,1,0,0,3,127" ten="79,175,482,264" oya="2" hai0="63,116,19,48,10,26,131,24,39,50,53,64,119" hai1="20,129,105,73,122,111,34,21,40,89,72,2,51" hai2="17,66,123,32,102,78,4,67,99,56,101,46,91" hai3="115,80,47,100,120,6,27,12,41,83,132,117,112"/><V9/><F32/><W94/><G120/><T121/><D121/><U86/><E34/><V28/><F28/><W124/><G117/><N who="0" m="45131" /><D39/><U135/><E2/><V22/><F78/><W29/><G124/><T42/><D10/><U92/><E105/><V81/><F46/><W71/><G71/><N who="0" m="42399" /><D19/><U59/><E135/><V69/><F69/><W113/><G132/><T11/><D11/><U1/><E1/><V54/><F123/><W13/><G6/><T82/><D82/><N who="3" m="31273" /><G94/><T8/><D8/><U7/><E7/><V14/><F101/><W18/><G100/><T62/><D26/><U134/><E111/><V65/><F81/><W38/><G18/><T90/><D90/><U0/><E0/><V37/><F37/><W98/><G98/><T5/><D24/><U130/><E134/><V33/><F33/><AGARI ba="1,0" hai="12,13,27,29,33,38,41,47,112,113,115" m="31273" machi="33" ten="30,2000,0" yaku="15,1,11,1" doraHai="127" who="3" fromWho="2" sc="79,0,175,0,482,-23,264,23" /><INIT seed="7,0,0,3,2,9" ten="79,175,459,287" oya="3" hai0="35,42,26,73,61,99,77,86,104,44,2,133,134" hai1="11,76,122,31,62,107,12,112,79,113,8,34,84" hai2="15,114,49,87,119,40,39,101,97,33,51,18,65" hai3="68,98,67,130,43,127,20,59,37,71,72,10,50"/><W111/><G72/><T108/><D108/><U116/><E107/><V14/><F33/><W92/><G111/><T93/><D61/><U30/><E122/><V63/><F119/><W22/><G127/><T56/><D56/><U82/><E79/><V6/><F114/><N who="1" m="44137" /><E34/><V88/><F39/><W115/><G130/><T121/><D121/><U126/><E126/><V36/><F36/><W52/><G115/><T120/><D120/><U125/><E125/><V13/><F40/><W53/><G53/><T4/><D86/><U3/><E62/><V23/><F6/><W102/><G67/><T16/><D93/><U96/><E96/><V7/><F7/><W0/><G0/><T110/><D110/><U32/><E32/><V27/><F97/><W81/><G81/><T128/><D128/><U100/><E100/><V21/><F21/><W47/><REACH who="3" step="1"/><G10/><REACH who="3" ten="79,175,459,277" step="2"/><T17/><D134/><U24/><E11/><V129/><F129/><W48/><G48/><T29/><D133/><U55/><E3/><V103/><F51/><W118/><G118/><T94/><D2/><U5/><E116/><V19/><F49/><W132/><G132/><T124/><D124/><U106/><E8/><V105/><F65/><W60/><G60/><T135/><D135/><U41/><E55/><V109/><F63/><W70/><AGARI ba="0,1" hai="20,22,37,43,47,50,52,59,68,70,71,92,98,102" machi="70" ten="30,6000,0" yaku="1,1,0,1,54,1,53,0" doraHai="9" doraHaiUra="74" who="3" fromWho="3" sc="79,-20,175,-20,459,-20,277,70" /><INIT seed="7,1,0,3,4,77" ten="59,155,439,347" oya="3" hai0="100,97,41,131,17,84,44,52,53,66,108,74,45" hai1="20,61,114,129,112,6,87,9,113,103,68,101,62" hai2="93,132,81,54,50,91,4,135,134,124,18,21,128" hai3="102,11,116,73,46,86,96,28,67,82,16,106,31"/><W37/><G116/><T98/><D108/><U69/><E20/><V120/><F4/><W83/><G67/><T0/><D0/><U63/><E87/><N who="2" m="50671" /><F93/><W35/><G35/><T104/><D74/><U64/><E129/><V123/><F124/><W115/><G115/><T71/><D131/><U95/><E95/><V5/><F5/><W40/><G73/><T15/><D84/><U12/><E64/><V14/><F128/><W127/><G127/><T7/><D7/><U80/><E80/><V8/><F21/><W33/><G33/><T10/><D98/><U65/><E65/><V111/><F111/><W130/><G130/><T56/><D71/><AGARI ba="1,0" hai="6,9,12,61,62,63,68,69,71,101,103,112,113,114" machi="71" ten="50,1600,0" yaku="15,1" doraHai="77" who="1" fromWho="0" sc="59,-19,155,19,439,0,347,0" owari="40,-46.0,174,-22.6,439,53.9,347,14.7" /></mjloggm>