<mjloggm ver="2.3"><GO type="169" lobby="0"/><UN n0="%E3%83%87%E3%83%A9%E3%82%B3%E3%83%83%E3%82%B3" n1="%E6%B2%B3%E7%AB%A5%E3%81%AE%E3%83%AF%E3%82%AB%E3%83%9E%E3%83%84" n2="%41%2E%53%74%61%72%73" n3="%E3%81%A6%E3%81%BE%E3%81%A1" dan="16,17,16,17" rate="2145.34,2207.11,2047.63,2150.71" sx="M,M,M,M"/><TAIKYOKU oya="0"/><INIT seed="0,0,0,1,2,39" ten="250,250,250,250" oya="0" hai0="48,34,5,36,102,58,24,23,25,45,77,94,22" hai1="3,134,29,120,18,130,62,19,93,37,114,54,56" hai2="67,126,100,52,10,32,129,135,69,6,106,113,35" hai3="9,124,76,74,4,63,43,70,0,84,11,60,79"/><T71/><D71/><U110/><E120/><V82/><F113/><W21/><G74/><T87/><D5/><U1/><E37/><V31/><F126/><W7/><G124/><T118/><D36/><U12/><E114/><V89/><F129/><W119/><G119/><T41/><D118/><U115/><E115/><V80/><F135/><W16/><G43/><T47/><D58/><U68/><E29/><V38/><F38/><W73/><G73/><T98/><D47/><U127/><E19/><V81/><F89/><W13/><G84/><T55/><D55/><U125/><E1/><V133/><F133/><W85/><G85/><T78/><D34/><U121/><E3/><V65/><F100/><W50/><G50/><T123/><D123/><U97/><E130/><V131/><F106/><W107/><G107/><T72/><D72/><U90/><E121/><V103/><F103/><W83/><G83/><T96/><D96/><U101/><E101/><V105/><F105/><W116/><G116/><T30/><REACH who="0" step="1"/><D87/><REACH who="0" ten="240,250,250,250" step="2"/><U8/><E134/><V75/><F75/><W51/><G70/><T57/><D57/><U112/><E112/><V2/><F131/><W88/><G7/><T92/><D92/><U95/><E68/><V104/><F104/><W17/><G4/><T122/><D122/><U108/><E93/><V91/><F69/><W86/><G86/><T53/><D53/><U128/><E128/><V15/><F52/><W26/><G0/><T44/><D44/><U64/><E54/><V28/><F2/><W61/><G51/><T59/><D59/><U14/><E56/><RYUUKYOKU ba="0,1" sc="240,30,250,-10,250,-10,250,-10" hai0="22,23,24,25,30,41,45,48,77,78,94,98,102" /><INIT seed="0,1,1,3,0,39" ten="270,240,240,240" oya="0" hai0="50,132,65,4,120,5,113,111,85,68,57,123,27" hai1="47,33,42,77,130,29,53,15,78,34,58,134,49" hai2="72,82,71,95,51,83,127,2,80,92,37,100,1" hai3="28,46,118,6,91,103,121,67,38,106,41,84,70"/><T52/><D113/><U89/><E130/><V110/><F37/><W8/><G118/><T56/><D132/><U94/><E134/><V74/><F71/><W59/><G121/><T128/><D68/><U98/><E15/><V81/><F51/><W125/><G125/><T69/><D69/><U73/><E29/><V19/><F19/><W90/><G70/><T62/><D128/><U99/><E99/><V135/><F135/><W21/><G106/><T22/><D111/><U25/><E25/><V63/><F63/><W104/><G104/><T18/><REACH who="0" step="1"/><D85/><REACH who="0" ten="260,240,240,240" step="2"/><U31/><E73/><V115/><F115/><W133/><G84/><T45/><D45/><U60/><REACH who="1" step="1"/><E31/><REACH who="1" ten="260,230,240,240" step="2"/><V3/><F74/><W40/><G28/><T13/><D13/><U16/><E16/><V117/><F72/><W122/><G133/><T26/><D26/><U32/><AGARI ba="1,3" hai="32,33,34,42,47,49,53,58,60,77,78,89,94,98" machi="32" ten="30,4000,0" yaku="1,1,0,1,52,1,53,0" doraHai="39" doraHaiUra="116" who="1" fromWho="1" sc="260,-21,230,73,240,-11,240,-11" /><INIT seed="1,0,0,5,0,18" ten="239,303,229,229" oya="1" hai0="100,0,67,84,78,132,32,44,120,60,45,68,14" hai1="73,30,24,3,29,75,133,116,4,107,77,42,2" hai2="102,21,64,115,83,127,19,72,97,70,35,22,11" hai3="104,124,103,130,13,92,9,59,46,109,90,111,36"/><U79/><E116/><V47/><F127/><W57/><G124/><T38/><D0/><U15/><E107/><V5/><F35/><W86/><G130/><T76/><D32/><U134/><E15/><V110/><F110/><N who="3" m="41995" /><G36/><T33/><D33/><U129/><E42/><V54/><F115/><W105/><G46/><T71/><D132/><N who="1" m="50795" /><E4/><V106/><F19/><N who="3" m="8623" /><G103/><T41/><D120/><U50/><E50/><V65/><F72/><N who="1" m="27721" /><E129/><V52/><F83/><W95/><G95/><T117/><D117/><U37/><E37/><V56/><F70/><W55/><G59/><T82/><D71/><U125/><E125/><V99/><F47/><W20/><G20/><N who="2" m="7785" /><F106/><W118/><G118/><T85/><D45/><U10/><E24/><V61/><F102/><W121/><G121/><T6/><D100/><U40/><E40/><V93/><F93/><W81/><G92/><T23/><D6/><N who="1" m="1367" /><E3/><V128/><F128/><W126/><G126/><T123/><D123/><U17/><E17/><V96/><F54/><W113/><G113/><T58/><D68/><U28/><AGARI ba="0,0" hai="28,29,30,77,79" m="1367,27721,50795" machi="28" ten="40,2100,0" yaku="20,1" doraHai="18" who="1" fromWho="1" sc="239,-7,303,21,229,-7,229,-7" /><INIT seed="1,1,0,3,1,132" ten="232,324,222,222" oya="1" hai0="102,50,109,12,22,42,61,62,51,131,32,127,56" hai1="41,27,135,15,97,30,120,69,52,13,130,59,105" hai2="8,20,54,39,24,48,49,98,119,35,68,2,89" hai3="25,40,29,133,110,74,83,57,14,86,129,112,6"/><U80/><E120/><V123/><F119/><W111/><G112/><T36/><D32/><U53/><E69/><V100/><F123/><W115/><G115/><T19/><D109/><N who="3" m="41481" /><G74/><T46/><D131/><U38/><E135/><V93/><F39/><W55/><G40/><T107/><D127/><U94/><E105/><V126/><F35/><W84/><G133/><T72/><D72/><U122/><E80/><V9/><F68/><W113/><G113/><T82/><D62/><U28/><E53/><V75/><F75/><W34/><G129/><T124/><D124/><U88/><E28/><V121/><F121/><W92/><G92/><T106/><D82/><U58/><E58/><V5/><F9/><N who="3" m="4407" /><G83/><T4/><D4/><U7/><E7/><V43/><F126/><W70/><G70/><T108/><D108/><U17/><E130/><V96/><F54/><W11/><G11/><T66/><REACH who="0" step="1"/><D107/><REACH who="0" ten="222,324,222,222" step="2"/><U71/><E122/><V63/><F63/><AGARI ba="1,1" hai="25,29,34,55,57,63,84,86" m="4407,41481" machi="63" ten="30,1000,0" yaku="14,1" doraHai="132" who="3" fromWho="2" sc="222,0,324,0,222,-13,222,23" /><INIT seed="2,0,0,2,1,36" ten="222,324,209,245" oya="2" hai0="61,115,106,28,90,82,38,58,41,122,94,112,88" hai1="93,29,2,46,27,72,5,121,86,55,0,100,10" hai2="125,128,13,26,104,108,70,79,31,65,78,76,111" hai3="97,91,4,11,14,95,118,20,107,105,23,124,75"/><V89/><F125/><W126/><G118/><T87/><D122/><U42/><E72/><V37/><F128/><W35/><G35/><T102/><D38/><U57/><E121/><V81/><F104/><W40/><G75/><T63/><D28/><U54/><E0/><V117/><F117/><W62/><G107/><T19/><D19/><U116/><E116/><V45/><F13/><W17/><G105/><T129/><D63/><U59/><E59/><V22/><F89/><W47/><G62/><T134/><D129/><U135/><E135/><V110/><F65/><W92/><G92/><T39/><D106/><U130/><E57/><V53/><F70/><W103/><G23/><T24/><D24/><U8/><E8/><V96/><F96/><W120/><G103/><T1/><D102/><U44/><E44/><V98/><F98/><W66/><G66/><T43/><D1/><U60/><E60/><V51/><REACH who="2" step="1"/><F37/><REACH who="2" ten="222,324,199,245" step="2"/><W9/><G120/><T21/><D39/><N who="1" m="21855" /><E130/><V30/><F30/><W69/><G69/><T133/><D115/><U68/><E68/><V132/><F132/><N who="0" m="50794" /><D112/><U15/><E2/><V49/><F49/><W101/><G126/><T73/><D21/><U77/><E100/><V113/><F113/><W56/><G124/><T64/><D90/><N who="1" m="53463" /><E29/><V83/><AGARI ba="0,1" hai="22,26,31,45,51,53,76,78,79,81,83,108,110,111" machi="83" ten="40,12000,1" yaku="1,1,0,1,14,1,10,1,53,0" doraHai="36" doraHaiUra="85" who="2" fromWho="2" sc="222,-40,324,-40,199,130,245,-40" /><INIT seed="2,1,0,1,3,93" ten="182,284,329,205" oya="2" hai0="86,69,65,8,97,98,48,123,49,88,109,66,21" hai1="61,57,110,105,82,117,2,102,35,4,17,0,94" hai2="129,121,34,120,68,85,135,73,71,10,119,100,80" hai3="116,124,75,31,11,101,95,5,125,83,99,89,28"/><V30/><F119/><W38/><G38/><T92/><D123/><U47/><E117/><V39/><F129/><W131/><G116/><T72/><D72/><U33/><E105/><V64/><F135/><W56/><G131/><T16/><D8/><U46/><E82/><V24/><F85/><N who="3" m="50367" /><G56/><T108/><D48/><U106/><E106/><V132/><F132/><W118/><G75/><T29/><D49/><U14/><E110/><N who="0" m="42601" /><D29/><U77/><E4/><V60/><F71/><W53/><G118/><T54/><D54/><U111/><E57/><V37/><F10/><W43/><G53/><T114/><D114/><U122/><E0/><V45/><F100/><W128/><G43/><T59/><D59/><U55/><E102/><V25/><F25/><W7/><G128/><T90/><D69/><U63/><E2/><V126/><F126/><N who="3" m="48747" /><G5/><T91/><D86/><U6/><E6/><V27/><F27/><W96/><G96/><N who="0" m="36971" /><D92/><U70/><E94/><V127/><F127/><W58/><G58/><T112/><D112/><U12/><E70/><V87/><F87/><W104/><G95/><T134/><D134/><U84/><E84/><V36/><F45/><W62/><G62/><T18/><D21/><U76/><E111/><V74/><F74/><W78/><G78/><AGARI ba="1,0" hai="24,30,34,36,37,39,60,64,68,73,78,80,120,121" machi="78" ten="40,3900,0" yaku="23,2" doraHai="93" who="2" fromWho="3" sc="182,0,284,0,329,42,205,-42" /><INIT seed="2,2,0,4,4,115" ten="182,284,371,163" oya="2" hai0="41,75,90,114,98,32,129,37,93,77,117,11,76" hai1="135,82,74,111,28,5,105,49,103,18,27,51,127" hai2="70,39,80,19,133,67,122,14,91,3,54,16,0" hai3="38,58,99,31,109,43,13,113,96,68,44,94,79"/><V56/><F122/><W46/><G68/><T60/><D32/><U85/><E74/><V126/><F126/><W116/><G113/><T88/><D114/><U64/><E127/><V33/><F133/><W123/><G123/><T121/><D121/><U125/><E125/><V4/><F39/><W72/><G31/><T8/><D129/><U47/><E135/><V107/><F107/><W50/><G109/><T17/><D37/><U119/><E111/><V69/><F33/><W92/><G72/><T22/><D41/><U65/><E5/><V78/><F91/><W97/><G79/><T2/><D90/><U134/><E18/><V35/><F35/><W12/><G58/><T6/><D11/><U130/><E51/><V59/><F4/><W81/><G81/><T40/><D40/><U131/><E119/><V26/><F67/><W21/><G116/><T55/><D75/><U48/><E48/><V24/><F80/><W124/><G124/><T112/><D117/><U10/><E10/><V42/><F42/><W104/><G104/><T86/><D86/><U120/><E103/><V132/><F132/><W52/><REACH who="3" step="1"/><G21/><REACH who="3" ten="182,284,371,153" step="2"/><T102/><D112/><U20/><E105/><V101/><F78/><W9/><G9/><T62/><D77/><N who="1" m="46287" /><E120/><V71/><F71/><W34/><G34/><T66/><D76/><U95/><E134/><V108/><F108/><W57/><G57/><N who="0" m="34879" /><D22/><U45/><E95/><AGARI ba="2,1" hai="12,13,38,43,44,46,50,52,92,94,95,96,97,99" machi="95" ten="40,2600,0" yaku="1,1,54,1,53,0" doraHai="115" doraHaiUra="29" who="3" fromWho="1" sc="182,0,284,-32,371,0,153,42" /><INIT seed="3,0,0,2,5,112" ten="182,252,371,195" oya="3" hai0="105,83,28,45,116,134,1,98,97,94,127,21,65" hai1="12,38,7,82,88,55,85,41,6,52,86,54,17" hai2="124,10,3,92,93,32,14,87,61,31,5,111,84" hai3="0,15,37,96,13,117,69,39,129,115,131,19,40"/><W102/><G0/><T63/><D1/><U114/><E114/><V79/><F111/><W73/><G73/><T99/><D134/><U89/><E41/><V91/><F124/><W76/><G69/><T43/><D127/><U49/><E38/><V130/><F130/><N who="3" m="49675" /><G76/><T64/><D116/><U44/><E6/><V16/><F61/><W135/><G115/><T34/><D34/><U22/><REACH who="1" step="1"/><E7/><REACH who="1" ten="182,242,371,195" step="2"/><V78/><F5/><W26/><G135/><T25/><D105/><U95/><AGARI ba="0,1" hai="12,17,22,44,49,52,54,55,82,85,86,88,89,95" machi="95" ten="20,12000,2" yaku="1,1,2,1,0,1,7,1,8,1,54,2,53,0" doraHai="112" doraHaiUra="56" who="1" fromWho="1" sc="182,-30,242,130,371,-30,195,-60" /><INIT seed="4,0,0,0,5,91" ten="152,372,341,135" oya="0" hai0="28,17,33,41,131,10,88,50,112,86,69,11,34" hai1="93,47,104,120,6,114,122,31,35,129,56,85,72" hai2="40,53,45,123,75,107,89,5,23,77,18,108,19" hai3="36,101,4,111,82,7,125,48,15,133,14,54,63"/><T113/><D69/><U44/><E72/><V62/><F108/><W27/><G36/><T2/><D131/><U119/><E119/><V43/><F123/><W42/><G125/><T128/><D128/><U134/><E129/><V57/><F107/><W71/><G133/><T21/><D41/><U106/><E6/><V1/><F43/><W51/><G71/><T46/><D28/><U59/><E31/><V58/><F19/><W73/><G101/><T118/><D118/><U124/><E85/><V68/><F68/><W61/><G73/><T132/><D132/><U126/><E134/><V26/><F58/><W116/><G42/><T29/><D29/><U94/><E35/><N who="0" m="13321" /><D2/><U30/><REACH who="1" step="1"/><E30/><REACH who="1" ten="152,362,341,135" step="2"/><V24/><F5/><W90/><G4/><T135/><D135/><U22/><E22/><V95/><F1/><W20/><G20/><T37/><D37/><U109/><E109/><V64/><F75/><W60/><G7/><T117/><D117/><U81/><E81/><V99/><F77/><W55/><G82/><N who="0" m="49239" /><D21/><U115/><AGARI ba="0,1" hai="44,47,56,59,93,94,104,106,114,115,120,122,124,126" machi="115" ten="25,12000,2" yaku="1,1,0,1,22,2,52,2,53,0" doraHai="91" doraHaiUra="9" who="1" fromWho="1" sc="152,-60,362,130,341,-30,135,-30" /><INIT seed="5,0,0,5,4,109" ten="92,492,311,105" oya="1" hai0="41,6,35,79,100,128,69,67,17,133,71,123,43" hai1="125,96,103,68,121,13,42,10,122,64,91,106,76" hai2="124,18,129,14,62,33,20,7,5,27,24,89,117" hai3="92,119,52,127,55,57,104,53,47,12,15,44,54"/><U98/><E125/><V115/><F117/><W29/><G104/><T65/><D35/><U32/><E76/><V77/><F124/><W56/><G127/><T59/><D79/><U113/><E42/><V110/><F110/><W22/><G119/><T37/><D6/><U105/><E32/><V131/><F77/><W126/><G126/><T11/><D100/><U135/><E135/><V81/><F62/><W51/><G92/><T82/><D82/><U40/><E40/><V3/><F89/><W49/><G29/><T50/><D11/><U80/><E64/><V19/><F81/><W61/><REACH who="3" step="1"/><G22/><REACH who="3" ten="92,492,311,95" step="2"/><T78/><D133/><U112/><E105/><V72/><F33/><W21/><G21/><T48/><D37/><U85/><E106/><V38/><F20/><W88/><G88/><T94/><D94/><U84/><E91/><V63/><F38/><W28/><G28/><T4/><D78/><U36/><E36/><V111/><F111/><W75/><G75/><T45/><D17/><U70/><E80/><V73/><F73/><W8/><G8/><T86/><D4/><U99/><E10/><V102/><F72/><W34/><G34/><T26/><D86/><U114/><E103/><V66/><F102/><W107/><G107/><T118/><D118/><U1/><E84/><V9/><F9/><W25/><G25/><T31/><D26/><U134/><E85/><V74/><F74/><W39/><G39/><T130/><D31/><U16/><E134/><V83/><F83/><W95/><G95/><T30/><D30/><U46/><E98/><V101/><F101/><RYUUKYOKU ba="0,1" sc="92,-10,492,-10,311,-10,95,30" hai3="12,15,44,47,49,51,52,53,54,55,56,57,61" /><INIT seed="6,1,1,2,3,29" ten="82,482,301,125" oya="2" hai0="43,115,69,110,33,28,39,113,85,12,51,0,119" hai1="40,3,104,71,74,99,89,6,135,8,11,36,111" hai2="31,26,61,4,5,128,19,116,60,129,16,78,52" hai3="103,120,73,10,91,72,34,84,107,82,127,134,81"/><V24/><F116/><W59/><G34/><T131/><D110/><U100/><E111/><V54/><F31/><W86/><G10/><T122/><D122/><U80/><E71/><V64/><F78/><N who="3" m="46135" /><G59/><T53/><D0/><U101/><E135/><V55/><REACH who="2" step="1"/><F54/><REACH who="2" ten="82,482,291,125" step="2"/><W83/><G120/><T123/><D119/><U105/><E3/><V68/><F68/><W20/><G134/><T75/><D123/><U66/><E6/><V121/><F121/><W90/><G127/><T94/><D53/><U95/><E66/><AGARI ba="1,2" hai="4,5,16,19,24,26,52,55,60,61,64,66,128,129" machi="66" ten="25,12000,1" yaku="1,1,22,2,54,2,53,0" doraHai="29" doraHaiUra="102" who="2" fromWho="1" sc="82,0,482,-123,291,143,125,0" /><INIT seed="6,2,0,4,2,44" ten="82,359,434,125" oya="2" hai0="17,38,21,126,61,121,130,83,116,33,92,101,30" hai1="80,26,98,109,104,74,128,88,43,48,57,16,103" hai2="89,15,87,64,68,108,35,36,51,122,55,62,23" hai3="47,94,106,7,91,114,27,60,100,52,42,8,65"/><V133/><F122/><W132/><G132/><T113/><D121/><U71/><E71/><V135/><F35/><W95/><G106/><T34/><D38/><U129/><E109/><V69/><F108/><W12/><G114/><T76/><D113/><U111/><E111/><V102/><F68/><W50/><G100/><T105/><D105/><U3/><E3/><V72/><F72/><W13/><G27/><T9/><D126/><U32/><E74/><V58/><F102/><W79/><G79/><T127/><D127/><U5/><E5/><V6/><F36/><W10/><G91/><T131/><D61/><U45/><E57/><V93/><REACH who="2" step="1"/><F6/><REACH who="2" ten="82,359,424,125" step="2"/><W49/><G65/><T24/><D33/><U11/><E32/><V39/><F39/><W134/><G134/><T85/><D34/><U1/><E1/><V63/><F63/><W81/><G60/><T19/><D101/><U14/><REACH who="1" step="1"/><E26/><REACH who="1" ten="82,349,424,125" step="2"/><V124/><F124/><W75/><G75/><T66/><D24/><U99/><E99/><V96/><F96/><W54/><G7/><T117/><D117/><U20/><E20/><V28/><F28/><W90/><G8/><T125/><D9/><U118/><E118/><V4/><F4/><W123/><G10/><T22/><D30/><U70/><E70/><V115/><F115/><W41/><G123/><T2/><D116/><U120/><E120/><V0/><F0/><W25/><G25/><T31/><D31/><U84/><AGARI ba="2,2" hai="11,14,16,43,45,48,80,84,88,98,103,104,128,129" machi="84" ten="30,12000,2" yaku="1,1,0,1,52,1,54,2,53,1" doraHai="44" doraHaiUra="78" who="1" fromWho="1" sc="82,-32,349,146,424,-62,125,-32" /><INIT seed="7,0,0,2,2,46" ten="50,495,362,93" oya="3" hai0="116,109,45,122,105,50,83,27,99,53,126,37,70" hai1="100,72,98,75,34,82,30,55,118,39,43,5,62" hai2="15,133,114,113,38,54,123,58,1,131,2,52,36" hai3="60,125,33,32,47,28,77,57,65,130,67,69,124"/><W112/><G112/><N who="2" m="43113" /><F15/><W11/><G130/><T26/><D109/><U103/><E5/><V24/><F24/><W135/><G135/><T17/><D116/><U86/><E118/><V84/><F84/><W101/><G101/><T76/><D122/><U31/><E34/><V111/><F2/><W44/><G77/><T20/><D126/><U80/><E86/><V23/><F23/><W73/><G73/><T48/><D70/><U29/><E98/><V93/><F93/><W119/><G65/><T40/><D53/><N who="2" m="20586" /><F1/><W128/><G32/><T14/><D27/><U51/><E29/><V21/><F21/><W117/><G28/><T74/><REACH who="0" step="1"/><D26/><REACH who="0" ten="40,495,362,93" step="2"/><U102/><E80/><V85/><F85/><W13/><G119/><T79/><D79/><U41/><E82/><V12/><F12/><W110/><G13/><T7/><D7/><U92/><E92/><V89/><F89/><W10/><G117/><T68/><D68/><U127/><E102/><AGARI ba="0,1" hai="14,17,20,37,40,45,48,50,74,76,83,99,102,105" machi="102" ten="40,8000,1" yaku="1,1,52,2,53,1" doraHai="46" doraHaiUra="78" who="0" fromWho="1" sc="40,90,495,-80,362,0,93,0" owari="130,-27.0,415,51.5,362,16.2,93,-40.7" /></mjloggm>