<mjloggm ver="2.3"><GO type="169" lobby="0"/><UN n0="%E3%81%BE%E3%81%A1%E3%81%8A" n1="%E3%81%AF%E3%81%99%E3%81%9F" n2="%E3%81%BD%E3%81%A3%E3%81%91%E3%81%95%E3%82%93" n3="%E8%B4%88%E4%BA%BA%E8%A9%A9%E6%96%BC%E5%A4%A2" dan="16,17,16,17" rate="2180.40,2220.40,2141.02,2188.04" sx="M,M,M,M"/><TAIKYOKU oya="0"/><INIT seed="0,0,0,3,0,107" ten="250,250,250,250" oya="0" hai0="13,89,75,86,110,24,123,135,16,63,76,3,121" hai1="20,106,36,17,7,133,101,109,104,77,81,2,73" hai2="23,19,28,108,67,124,116,97,114,56,103,40,38" hai3="52,99,45,8,120,134,57,35,11,95,84,72,90"/><T93/><D3/><U85/><E109/><V6/><F108/><W34/><G134/><T9/><D110/><U27/><E133/><V42/><F114/><W5/><G11/><T14/><D135/><U64/><E64/><V51/><F38/><W22/><G45/><T26/><D63/><U41/><E85/><V80/><F6/><W1/><G72/><T33/><D14/><U55/><E55/><V46/><F28/><W100/><G22/><T74/><D76/><U4/><E4/><V91/><F124/><W15/><G1/><T43/><D43/><U118/><E101/><V87/><F116/><W48/><REACH who="3" step="1"/><G120/><REACH who="3" ten="250,250,250,240" step="2"/><T117/><D117/><U70/><E118/><V112/><F112/><W54/><G54/><T122/><REACH who="0" step="1"/><D33/><REACH who="0" ten="240,250,250,240" step="2"/><U130/><E2/><V82/><F42/><W128/><G128/><T111/><D111/><U58/><E41/><V83/><F40/><W132/><G132/><T37/><D37/><U126/><E36/><V71/><F67/><W125/><G125/><T53/><D53/><U32/><E32/><V92/><F23/><W79/><G79/><T30/><D30/><U119/><E126/><V12/><F19/><W94/><AGARI ba="0,2" hai="5,8,15,34,35,48,52,57,84,90,94,95,99,100" machi="94" ten="20,5200,0" yaku="1,1,0,1,7,1,54,1,53,0" doraHai="107" doraHaiUra="113" who="3" fromWho="3" sc="240,-26,250,-13,250,-13,240,72" /><INIT seed="1,0,0,3,0,0" ten="214,237,237,312" oya="1" hai0="72,102,25,6,40,114,16,73,76,77,10,122,67" hai1="28,70,124,50,66,88,61,12,92,121,107,44,62" hai2="116,117,100,43,13,87,105,115,133,97,42,27,127" hai3="109,129,74,37,22,99,134,1,47,80,131,7,93"/><U69/><E121/><V23/><F127/><W94/><G109/><T41/><D114/><U32/><E124/><V14/><F133/><W2/><G134/><T78/><D122/><U8/><E107/><V86/><F115/><W101/><G22/><T18/><D102/><U54/><E32/><V103/><F23/><W49/><G37/><T58/><D73/><U60/><E28/><V71/><F97/><W46/><G94/><T81/><D81/><U119/><E119/><V29/><F29/><W95/><G95/><T33/><D72/><U11/><E11/><V126/><F126/><W98/><G98/><T82/><D82/><U65/><E70/><V83/><F83/><W123/><G123/><T38/><D38/><U90/><E90/><V128/><F27/><W96/><G96/><T51/><D33/><U52/><E54/><V84/><F84/><W36/><G47/><N who="0" m="26087" /><D41/><U118/><E69/><V108/><F71/><W64/><G64/><T125/><D25/><U45/><E45/><V113/><F113/><W68/><G68/><T106/><D106/><U21/><E21/><V5/><F105/><W3/><G36/><T59/><D125/><U31/><E31/><V120/><F120/><W135/><G135/><T17/><D67/><U132/><E118/><V53/><F53/><N who="3" m="29879" /><G80/><T55/><D55/><U85/><E132/><V89/><F89/><W34/><G74/><T56/><D78/><U111/><E111/><V26/><F108/><W30/><G30/><T9/><D9/><U75/><E75/><V57/><F103/><W20/><G34/><T15/><AGARI ba="0,0" hai="6,10,15,16,17,18,56,58,59,76,77" m="26087" machi="15" ten="30,7900,0" yaku="5,1,8,1,52,1,54,1" doraHai="0" who="0" fromWho="0" sc="214,79,237,-39,237,-20,312,-20" /><INIT seed="2,0,0,0,5,48" ten="293,198,217,292" oya="2" hai0="63,73,0,114,62,89,39,40,33,27,13,68,21" hai1="53,7,9,28,51,2,135,3,128,37,42,72,124" hai2="112,67,102,61,59,77,69,17,109,55,125,103,29" hai3="105,111,26,38,100,90,43,16,110,92,132,133,123"/><V19/><F112/><W99/><G43/><T83/><D114/><U108/><E108/><N who="3" m="41514" /><G38/><T76/><D33/><U96/><E124/><V87/><F109/><W86/><G26/><T70/><D13/><U36/><E135/><N who="3" m="51786" /><G16/><N who="2" m="6217" /><F125/><W10/><G10/><T107/><D107/><U120/><E128/><V131/><F131/><W5/><G5/><T24/><D0/><U54/><E120/><AGARI ba="0,0" hai="86,90,92,99,100,105,120,123" m="51786,41514" machi="120" ten="30,7700,0" yaku="14,1,20,1,34,2" doraHai="48" who="3" fromWho="1" sc="293,0,198,-77,217,0,292,77" /><INIT seed="3,0,0,1,1,94" ten="293,121,217,369" oya="3" hai0="51,124,108,135,54,86,35,130,65,49,22,88,19" hai1="99,17,32,46,118,45,73,126,119,69,39,120,40" hai2="76,111,30,20,112,5,132,66,57,33,70,13,16" hai3="21,44,29,7,103,102,82,96,25,72,1,97,101"/><W26/><G7/><T75/><D35/><U98/><E120/><V41/><F70/><W131/><G1/><T95/><D75/><U8/><E69/><V43/><F112/><W71/><G71/><T34/><D34/><U77/><E32/><V38/><F38/><W123/><G123/><T0/><D0/><U78/><E126/><V114/><F114/><W47/><G131/><T134/><D108/><U125/><E125/><V116/><F116/><N who="1" m="44585" /><E46/><N who="3" m="17450" /><G72/><T53/><D65/><U23/><E8/><V63/><F111/><W127/><G127/><T31/><D31/><U68/><E68/><V2/><F132/><N who="0" m="50730" /><D130/><U81/><E78/><V3/><F76/><W42/><G42/><T62/><D124/><U129/><E129/><V80/><F80/><W89/><G26/><AGARI ba="0,0" hai="17,23,26,39,40,45,73,77,81,98,99" m="44585" machi="26" ten="30,3900,0" yaku="12,1,52,2" doraHai="94" who="1" fromWho="3" sc="293,0,121,39,217,0,369,-39" /><INIT seed="4,0,0,3,2,17" ten="293,160,217,330" oya="0" hai0="52,15,3,94,49,26,107,68,130,40,43,31,54" hai1="129,108,38,123,0,44,80,106,41,103,19,95,127" hai2="33,118,25,55,110,62,125,56,35,120,28,50,101" hai3="98,14,124,27,66,69,85,46,8,115,6,79,91"/><T47/><D107/><U61/><E123/><V82/><F120/><W72/><G115/><T57/><D3/><U5/><E108/><V114/><F114/><W128/><G124/><T126/><D68/><U7/><E127/><V105/><F125/><W29/><G98/><T48/><D126/><U93/><E129/><V10/><F110/><W12/><G72/><T45/><D130/><U84/><E61/><V99/><F118/><W81/><G128/><T20/><D57/><U63/><E63/><V100/><F100/><W11/><G66/><T133/><D133/><U116/><E116/><V71/><F82/><W83/><G46/><T22/><D94/><U117/><E117/><V39/><F10/><W97/><G69/><T104/><D104/><U89/><E106/><V2/><F2/><W132/><G97/><T1/><D1/><U77/><E103/><V119/><F119/><W37/><G37/><T60/><D60/><U135/><E135/><V53/><F39/><W111/><G111/><T88/><D88/><U86/><E93/><V76/><F76/><W21/><G132/><T23/><D15/><U67/><E67/><N who="2" m="41463" /><F35/><AGARI ba="0,0" hai="20,22,23,26,31,35,40,43,45,47,48,49,52,54" machi="35" ten="40,12000,1" yaku="9,1,52,3,54,1" doraHai="17" who="0" fromWho="2" sc="293,120,160,0,217,-120,330,0" /><INIT seed="4,1,0,0,4,120" ten="413,160,97,330" oya="0" hai0="74,23,91,135,59,110,56,17,57,108,83,78,69" hai1="42,126,133,82,55,2,81,117,20,124,125,29,49" hai2="62,106,45,79,10,132,80,46,123,53,75,65,118" hai3="121,11,1,112,39,3,12,129,47,13,35,86,52"/><T44/><D69/><U41/><E117/><V54/><F123/><W30/><G112/><T70/><D70/><U18/><E2/><V93/><F106/><W84/><G129/><T134/><D91/><U4/><E4/><V34/><F34/><W37/><G30/><T94/><D94/><U114/><E29/><V7/><F132/><N who="0" m="50730" /><D44/><U33/><E133/><V76/><F76/><W32/><G47/><T102/><D102/><U100/><E33/><V31/><F31/><W67/><G11/><T88/><D88/><U77/><E100/><V19/><F19/><W116/><G121/><T28/><D28/><U5/><E5/><V15/><F118/><W36/><G116/><T26/><AGARI ba="1,0" hai="17,23,26,56,57,59,74,78,83,108,110" m="50730" machi="26" ten="40,7800,0" yaku="20,1,52,2" doraHai="120" who="0" fromWho="0" sc="413,81,160,-27,97,-27,330,-27" /><INIT seed="4,2,0,4,0,60" ten="494,133,70,303" oya="0" hai0="8,15,13,70,75,6,24,130,131,135,113,39,78" hai1="26,93,9,89,63,69,55,65,64,19,44,81,45" hai2="30,54,50,99,66,74,37,53,107,47,35,62,117" hai3="49,67,16,122,34,72,119,111,57,134,4,112,121"/><T7/><D39/><U120/><E120/><V77/><F37/><W115/><G72/><T80/><D113/><N who="3" m="43593" /><G34/><T114/><D114/><U125/><E125/><V96/><F117/><W61/><G4/><T110/><D135/><U85/><E69/><V22/><F54/><N who="3" m="31951" /><G111/><T82/><D110/><U124/><E124/><V38/><F38/><W98/><G98/><T58/><D70/><U118/><E118/><V41/><F35/><W51/><G16/><N who="0" m="8231" /><D24/><U46/><E63/><V94/><F107/><W5/><G5/><T106/><D106/><U3/><E3/><V11/><F74/><W129/><G134/><T42/><D42/><U14/><E55/><V73/><F53/><W103/><G103/><T0/><D0/><U28/><REACH who="1" step="1"/><E81/><REACH who="1" ten="494,123,70,303" step="2"/><V101/><F41/><W91/><G119/><T92/><D82/><U10/><E10/><V59/><F11/><W97/><G122/><T52/><D80/><U40/><E40/><V83/><F83/><W105/><G121/><T86/><D75/><U133/><E133/><V21/><F73/><W18/><G61/><T32/><D52/><U31/><E31/><V23/><F30/><W127/><G127/><T108/><D108/><U71/><E71/><V116/><F116/><W56/><G129/><T48/><D131/><U79/><E79/><V126/><F126/><W95/><G51/><T29/><D48/><U43/><E43/><N who="2" m="24959" /><F77/><W128/><G128/><T102/><D130/><U1/><E1/><V12/><F12/><W27/><G27/><T87/><D15/><U25/><E25/><V68/><F68/><W76/><G76/><RYUUKYOKU ba="2,1" sc="494,-15,123,15,70,15,303,-15" hai1="9,14,19,26,28,44,45,46,64,65,85,89,93" hai2="21,22,23,59,62,66,94,96,99,101" /><INIT seed="5,3,1,0,0,60" ten="479,138,85,288" oya="1" hai0="8,22,74,49,133,14,12,57,6,71,73,1,94" hai1="92,86,5,33,47,108,64,42,23,75,84,135,40" hai2="31,56,128,106,34,76,103,123,95,11,48,20,27" hai3="117,81,116,113,9,68,120,16,77,105,98,91,87"/><U53/><E33/><V115/><F123/><W59/><G68/><T104/><D104/><U26/><E75/><V134/><F106/><W110/><G110/><T21/><D71/><U118/><E118/><N who="3" m="45674" /><G120/><T36/><D36/><U80/><E108/><V45/><F128/><W102/><G113/><T107/><D107/><U82/><E135/><V114/><F134/><W66/><G59/><T124/><D133/><U127/><E5/><V3/><F76/><W46/><G46/><T100/><D124/><U93/><E127/><V70/><F70/><W15/><G91/><T38/><D38/><U132/><E132/><V85/><F34/><W131/><G131/><T111/><D111/><U122/><E122/><V88/><F103/><W97/><G97/><T50/><D57/><U72/><E72/><V4/><REACH who="2" step="1"/><F56/><REACH who="2" ten="479,138,75,288" step="2"/><W24/><G105/><T89/><D100/><U69/><E69/><V10/><F10/><W51/><G102/><T79/><D8/><U101/><E101/><V35/><F35/><W61/><G9/><T13/><D79/><U19/><E23/><V0/><F0/><W78/><G77/><T43/><D22/><U44/><E93/><V112/><F112/><W30/><G78/><T130/><D21/><U28/><E92/><V65/><F65/><W7/><G66/><T52/><D130/><U29/><E64/><V39/><F39/><W17/><G30/><T37/><D37/><U54/><E19/><V41/><AGARI ba="3,2" hai="3,4,11,20,27,31,41,45,48,85,88,95,114,115" machi="41" ten="30,7900,0" yaku="1,1,0,1,54,1,53,1" doraHai="60" doraHaiUra="32" who="2" fromWho="2" sc="479,-23,138,-42,75,108,288,-23" /><INIT seed="6,0,0,0,2,35" ten="456,96,183,265" oya="2" hai0="37,95,74,110,10,7,17,1,69,73,38,130,126" hai1="97,90,125,75,68,46,59,114,65,103,8,92,86" hai2="36,24,118,113,45,29,9,43,52,60,33,56,87" hai3="112,20,116,25,96,93,2,40,5,133,115,109,82"/><V54/><F113/><N who="3" m="43595" /><G109/><T72/><D110/><U34/><E114/><V62/><F118/><W106/><G106/><T3/><D17/><U71/><E34/><V11/><F87/><W84/><G40/><T64/><D95/><U77/><E125/><V128/><F128/><W67/><G67/><T42/><D126/><U18/><E46/><V78/><REACH who="2" step="1"/><F78/><REACH who="2" ten="456,96,173,265" step="2"/><W83/><G116/><T101/><D130/><U51/><E18/><V124/><F124/><W63/><G84/><T104/><D74/><U12/><E12/><V85/><F85/><W119/><G119/><T0/><D73/><U100/><E86/><V94/><F94/><W61/><G82/><T31/><D72/><U91/><E77/><V98/><F98/><W19/><G83/><T132/><D104/><U22/><E75/><V49/><F49/><W102/><G133/><T44/><D132/><U66/><E51/><V129/><F129/><W123/><G123/><T105/><D38/><U80/><E92/><V50/><F50/><W89/><G89/><T127/><D127/><U58/><E80/><V135/><F135/><W55/><G93/><T27/><D105/><U76/><E76/><V134/><F134/><W32/><G96/><T88/><D88/><U79/><E79/><V107/><F107/><W108/><G108/><T14/><D101/><U81/><E81/><V16/><F16/><W21/><G19/><T121/><D121/><U30/><E97/><V57/><AGARI ba="0,1" hai="9,11,24,29,33,36,43,45,52,54,56,57,60,62" machi="57" ten="30,12000,1" yaku="1,1,0,1,9,1,54,1,53,1" doraHai="35" doraHaiUra="26" who="2" fromWho="2" sc="456,-40,96,-40,173,130,265,-40" /><INIT seed="6,1,0,3,0,19" ten="416,56,303,225" oya="2" hai0="106,27,11,14,77,73,15,134,85,9,24,59,92" hai1="57,61,88,135,112,20,45,103,64,42,96,46,75" hai2="80,119,28,86,7,44,37,105,102,22,39,3,109" hai3="40,101,91,78,110,82,6,56,54,41,29,93,13"/><V34/><F119/><W25/><G101/><T116/><D106/><U67/><E75/><V111/><F34/><W94/><G110/><N who="2" m="41993" /><F3/><W31/><G93/><T123/><D123/><U99/><E112/><V131/><F7/><W74/><G13/><T70/><D70/><U23/><E135/><V118/><F118/><W117/><G6/><T4/><D73/><U100/><E88/><N who="2" m="51271" /><F44/><W60/><G31/><T126/><D126/><U79/><E79/><V87/><F131/><W18/><G117/><T89/><D77/><U38/><E46/><V53/><F53/><W43/><G18/><N who="0" m="8527" /><D134/><U71/><E67/><V76/><F76/><W95/><REACH who="3" step="1"/><G91/><REACH who="3" ten="416,56,303,215" step="2"/><T72/><D116/><U33/><E33/><AGARI ba="1,1" hai="25,29,33,40,41,43,54,56,60,74,78,82,94,95" machi="33" ten="40,2600,0" yaku="1,1,2,1,53,0" doraHai="19" doraHaiUra="125" who="3" fromWho="1" sc="416,0,56,-29,303,0,215,39" /><INIT seed="7,0,0,5,5,98" ten="416,27,303,254" oya="3" hai0="43,1,63,48,88,100,33,120,118,44,56,95,79" hai1="93,134,58,113,84,73,57,22,121,131,72,11,41" hai2="108,16,70,66,114,25,2,54,32,24,7,80,29" hai3="55,46,3,129,105,61,68,83,89,13,30,6,126"/><W130/><G3/><T122/><D33/><U50/><E22/><V38/><F38/><W69/><G30/><T106/><D118/><U64/><E50/><V104/><F104/><W97/><G126/><T123/><D79/><U12/><E93/><V132/><F108/><W86/><G6/><T18/><D1/><U75/><E12/><V52/><F114/><W36/><G13/><T4/><D4/><U111/><E84/><V76/><F132/><W21/><G21/><T96/><D18/><U34/><E34/><V67/><F25/><W62/><G36/><T5/><D5/><U23/><E23/><V35/><F35/><W87/><G46/><T128/><D128/><N who="3" m="49257" /><G86/><T71/><D71/><N who="3" m="27209" /><G55/><T14/><D14/><U19/><E131/><V10/><F16/><W60/><G97/><T39/><D39/><U47/><E19/><V107/><F67/><W26/><G105/><T78/><D78/><U127/><E127/><V17/><F17/><W82/><G26/><T91/><REACH who="0" step="1"/><D106/><REACH who="0" ten="406,27,303,254" step="2"/><U59/><E11/><V135/><F107/><W15/><G15/><T0/><D0/><U124/><E124/><V74/><F135/><W28/><G28/><T81/><D81/><AGARI ba="0,1" hai="60,61,62,81,82,83,87,89" m="27209,49257" machi="81" ten="40,2000,0" yaku="19,1" doraHai="98" who="3" fromWho="0" sc="406,-20,27,0,303,0,254,30" /><INIT seed="7,1,0,1,0,53" ten="386,27,303,284" oya="3" hai0="131,18,77,92,14,62,44,119,127,85,40,60,104" hai1="32,51,110,49,122,30,82,37,125,108,95,43,87" hai2="63,111,35,102,84,135,9,16,2,112,10,4,80" hai3="115,133,56,65,130,36,96,22,27,0,8,47,113"/><W11/><G130/><T68/><D119/><U5/><E5/><V42/><F111/><W73/><G73/><T52/><D104/><U24/><E95/><V23/><F35/><W67/><G133/><T58/><D131/><U12/><E87/><V50/><F135/><W46/><G96/><T99/><D127/><U103/><E12/><V19/><F112/><N who="3" m="43083" /><G36/><T94/><D68/><U97/><E24/><V3/><F102/><W13/><G0/><T123/><D123/><U109/><E82/><V70/><F2/><W41/><G11/><T90/><D62/><U21/><E21/><V81/><F10/><W117/><G117/><T126/><D126/><U86/><E97/><V61/><F81/><W88/><G88/><N who="0" m="53263" /><D77/><U34/><E86/><V121/><F121/><W57/><G67/><T91/><D91/><U114/><E125/><V25/><F70/><W29/><G65/><T33/><D33/><U106/><E114/><V100/><F100/><W76/><G76/><T101/><D90/><U45/><E122/><V31/><F80/><W118/><G118/><T6/><D6/><U78/><E34/><V1/><F1/><W55/><G55/><T17/><D14/><U39/><E78/><V69/><F84/><W116/><G116/><T54/><D54/><U74/><E39/><V89/><F89/><W134/><G134/><T26/><D26/><N who="1" m="18519" /><E74/><V128/><F128/><W105/><G105/><T98/><D98/><U93/><E106/><V28/><F69/><W38/><G46/><T132/><D132/><U71/><E71/><V120/><F120/><W83/><G83/><RYUUKYOKU ba="1,0" sc="386,10,27,10,303,-30,284,10" hai0="17,18,40,44,52,58,60,94,99,101" hai1="37,43,45,49,51,93,103,108,109,110" hai3="8,13,22,27,29,38,41,47,56,57" /><INIT seed="7,2,0,0,3,94" ten="396,37,273,294" oya="3" hai0="129,89,65,71,4,12,74,131,49,25,123,132,127" hai1="53,96,2,70,64,41,124,113,34,104,0,32,93" hai2="24,114,125,73,60,48,63,95,108,30,67,105,107" hai3="45,22,92,72,28,99,83,121,98,59,5,9,43"/><W19/><G28/><T39/><D39/><U81/><E53/><V102/><F108/><W85/><G72/><T47/><D123/><U106/><E93/><V42/><F73/><W75/><G92/><T100/><D74/><U69/><E64/><V10/><F114/><W27/><G59/><T46/><D127/><U133/><E113/><V122/><F125/><W116/><G116/><T82/><D132/><U52/><E124/><V68/><F63/><W57/><G57/><T6/><D100/><U66/><E66/><V50/><F122/><W62/><G62/><N who="0" m="40375" /><D25/><U16/><E52/><V118/><F118/><W79/><G121/><T17/><D89/><U90/><E90/><V18/><F95/><W111/><G111/><T112/><D82/><U58/><E58/><V77/><F77/><W38/><G85/><T91/><D91/><U56/><E56/><V88/><F88/><W1/><AGARI ba="2,0" hai="1,5,9,19,22,27,38,43,45,75,79,83,98,99" machi="1" ten="20,18000,2" yaku="0,1,7,1,25,2,52,2" doraHai="94" who="3" fromWho="3" sc="396,-62,37,-62,273,-62,294,186" owari="334,13.4,-25,-52.5,211,-18.9,480,58.0" /></mjloggm>