<mjloggm ver="2.3"><GO type="169" lobby="0"/><UN n0="%44%61%6C%69" n1="%E3%81%B5%E3%82%8D%E3%82%93" n2="%4D%41%54%59%55%49%E2%98%86" n3="%41%72%69%61" dan="17,17,17,16" rate="2186.62,2212.93,2187.40,2127.83" sx="M,M,M,F"/><TAIKYOKU oya="0"/><INIT seed="0,0,0,4,5,24" ten="250,250,250,250" oya="0" hai0="3,121,116,96,32,108,64,1,62,59,54,14,2" hai1="105,132,93,92,113,106,122,7,37,40,28,104,30" hai2="68,135,78,94,102,84,55,51,57,114,124,48,86" hai3="125,76,44,50,107,34,39,4,123,111,126,33,47"/><T25/><D116/><U97/><E122/><V80/><F114/><W58/><G107/><T18/><D121/><U74/><E74/><V133/><F68/><W13/><G123/><T23/><D108/><U98/><E7/><V69/><F69/><W100/><G100/><T115/><D115/><U109/><E113/><V127/><F48/><W36/><G111/><T17/><D96/><N who="1" m="36971" /><E109/><V49/><F49/><W12/><G50/><T19/><REACH who="0" step="1"/><D64/><REACH who="0" ten="240,250,250,250" step="2"/><U83/><E106/><V129/><F102/><W120/><G120/><T82/><D82/><U6/><E83/><V5/><F129/><W89/><G126/><T0/><N who="0" m="0" /><DORA hai="77" /><T130/><D130/><U20/><E105/><V11/><F124/><W31/><G125/><T73/><D73/><U16/><E104/><V128/><F127/><W79/><G36/><T15/><D15/><U101/><E37/><V72/><F128/><W53/><G39/><T21/><D21/><U67/><E67/><V85/><F94/><W118/><G13/><T103/><D103/><U41/><E101/><V42/><F72/><W95/><G118/><T134/><D134/><U22/><E22/><V70/><F135/><W29/><G12/><T46/><D46/><U38/><E93/><V131/><F133/><W65/><G65/><T45/><D45/><U88/><E132/><V71/><F131/><W10/><G47/><T87/><D87/><U112/><E112/><V43/><F86/><W117/><G44/><T66/><D66/><U91/><E38/><V119/><F85/><W75/><G117/><T52/><D52/><U81/><E92/><RYUUKYOKU ba="0,1" sc="240,30,250,-10,250,-10,250,-10" hai0="14,17,18,19,23,25,32,54,59,62" /><INIT seed="0,1,1,5,2,82" ten="270,240,240,240" oya="0" hai0="78,28,20,96,103,131,91,124,107,62,31,89,60" hai1="117,84,18,70,134,130,50,123,129,10,44,76,126" hai2="43,42,93,85,114,33,37,61,104,48,45,73,109" hai3="81,23,66,132,46,94,58,24,8,71,97,92,125"/><T19/><D131/><N who="1" m="50187" /><E70/><V108/><F114/><W55/><G132/><T26/><D124/><U2/><E117/><V115/><F115/><W52/><G125/><T15/><D78/><U59/><E123/><V56/><F73/><W22/><G71/><T118/><D118/><U6/><E126/><V113/><F104/><W16/><G8/><T116/><D116/><U86/><E134/><V35/><F113/><W4/><G4/><T47/><D47/><U11/><E59/><V127/><F127/><W67/><G94/><T1/><D1/><U53/><E76/><V63/><F37/><W14/><G46/><T64/><D31/><U101/><E101/><V32/><F42/><W77/><G55/><T75/><D75/><U95/><E95/><V111/><F56/><W57/><G57/><T68/><REACH who="0" step="1"/><D62/><REACH who="0" ten="260,240,240,240" step="2"/><U135/><E135/><V110/><F110/><W39/><G77/><T65/><D65/><U128/><E128/><V40/><F40/><W74/><G74/><T83/><D83/><U112/><E112/><V105/><F105/><W51/><G81/><T38/><D38/><U13/><AGARI ba="1,2" hai="2,6,10,11,13,18,44,50,53,84,86" m="50187" machi="13" ten="30,4000,0" yaku="19,1,52,2" doraHai="82" who="1" fromWho="1" sc="260,-21,240,63,240,-11,240,-11" /><INIT seed="1,0,0,2,2,65" ten="239,303,229,229" oya="1" hai0="91,17,111,115,70,107,20,113,67,61,48,66,129" hai1="29,132,44,42,96,105,19,78,71,10,11,117,97" hai2="75,18,120,89,59,121,112,86,37,16,1,41,12" hai3="119,4,8,124,5,50,58,125,94,93,6,64,56"/><U116/><E132/><V73/><F1/><W33/><G33/><T46/><D107/><U127/><E127/><N who="3" m="48714" /><G119/><T130/><D111/><U13/><E78/><V95/><F112/><W3/><G64/><T80/><D67/><U81/><E29/><V63/><F18/><W134/><G134/><T28/><D28/><U131/><E131/><N who="0" m="50185" /><D91/><U114/><E114/><V49/><F37/><W21/><G21/><T39/><D80/><U22/><E81/><V123/><F41/><W128/><G128/><T38/><D113/><U106/><E116/><V14/><F14/><W122/><G122/><T77/><D77/><U133/><E133/><V83/><F63/><W0/><G50/><T74/><D74/><U52/><E117/><V31/><F31/><W23/><G23/><T40/><D115/><U87/><E22/><N who="2" m="11527" /><F83/><W47/><G47/><T84/><D84/><U51/><E87/><V57/><F57/><N who="3" m="22123" /><G8/><T76/><D76/><U45/><E11/><V69/><F69/><W108/><G108/><T34/><D34/><U118/><E71/><V27/><F27/><AGARI ba="0,0" hai="17,20,27,38,39,40,46,48,61,66,70" m="50185" machi="27" ten="30,2000,0" yaku="19,1,52,1" doraHai="65" who="0" fromWho="2" sc="239,20,303,0,229,-20,229,0" /><INIT seed="2,0,0,3,3,87" ten="259,303,209,229" oya="2" hai0="1,33,47,96,55,128,130,56,24,50,52,9,108" hai1="117,82,46,11,85,43,131,73,93,5,31,58,89" hai2="20,76,12,100,83,115,71,61,135,121,90,38,126" hai3="113,14,54,114,53,134,118,97,10,103,18,6,19"/><V72/><F115/><N who="3" m="44043" /><G118/><T104/><D108/><U77/><E117/><V2/><F121/><W28/><G28/><T51/><D33/><U64/><E131/><N who="0" m="50217" /><D24/><U37/><E31/><V95/><F2/><N who="3" m="343" /><G134/><T59/><D1/><U4/><REACH who="1" step="1"/><E11/><REACH who="1" ten="259,293,209,229" step="2"/><V127/><F135/><W133/><G133/><T65/><D9/><U49/><E49/><V62/><F38/><W32/><G32/><T66/><D47/><U109/><E109/><V99/><F71/><W57/><G57/><T15/><D15/><U7/><E7/><V94/><F12/><W8/><G19/><T26/><D26/><U74/><E74/><V132/><F132/><W123/><G123/><T67/><D67/><U79/><E79/><V122/><F122/><W81/><G81/><T107/><D107/><AGARI ba="0,1" hai="8,14,18,53,54,97,103,107" m="343,44043" machi="107" ten="30,1000,0" yaku="11,1" doraHai="87" who="3" fromWho="0" sc="259,-10,293,0,209,0,229,20" /><INIT seed="3,0,0,1,3,18" ten="249,293,209,249" oya="3" hai0="53,39,16,75,38,110,127,81,54,5,44,63,101" hai1="61,68,15,37,24,124,60,134,49,33,70,36,2" hai2="133,22,84,106,102,52,82,6,77,86,10,43,118" hai3="131,46,96,65,1,14,125,71,21,79,76,74,67"/><W29/><G1/><T119/><D119/><U88/><E2/><V105/><F118/><W129/><G125/><T57/><D110/><U107/><E124/><V91/><F133/><W103/><G71/><T27/><D127/><U66/><E134/><V55/><F43/><W72/><G46/><T98/><D5/><U78/><E78/><N who="3" m="29738" /><G74/><T31/><D75/><U99/><E15/><V128/><F128/><N who="3" m="49227" /><G72/><T25/><D81/><U20/><E49/><V32/><F32/><W23/><G14/><T28/><D39/><U135/><E135/><V132/><F132/><W109/><G29/><T12/><D38/><U122/><E122/><V26/><F102/><W51/><G51/><N who="0" m="28903" /><D98/><U35/><E37/><V92/><F106/><N who="3" m="63847" /><G109/><T83/><D83/><U58/><E36/><V42/><F105/><W45/><G45/><T69/><D101/><U97/><E107/><V7/><F42/><W89/><G89/><T17/><D69/><U47/><E47/><V130/><F130/><W104/><G104/><T9/><D27/><U87/><E68/><V126/><F126/><W93/><G93/><T113/><D113/><U85/><E85/><V114/><F114/><W94/><G94/><T120/><D120/><U115/><E115/><V111/><F111/><W48/><G48/><T0/><D0/><U95/><E87/><V112/><F112/><W11/><G11/><T117/><D117/><U30/><E99/><V19/><F6/><W13/><G13/><AGARI ba="0,0" hai="7,10,13,19,22,26,52,55,77,82,84,86,91,92" machi="13" ten="30,7700,0" yaku="7,1,8,1,52,1,54,1" doraHai="18" who="2" fromWho="3" sc="249,0,293,0,209,77,249,-77" /><INIT seed="4,0,0,0,1,109" ten="249,293,286,172" oya="0" hai0="87,131,58,54,86,77,99,62,133,65,122,24,16" hai1="76,2,104,84,79,25,132,30,43,41,63,111,28" hai2="114,128,60,37,26,10,53,81,50,78,44,32,107" hai3="110,112,4,119,1,92,106,3,94,108,115,67,127"/><T68/><D122/><U73/><E111/><N who="3" m="42538" /><G67/><T6/><D131/><U129/><E2/><V47/><F107/><W21/><G106/><T96/><D133/><U14/><E104/><V38/><F10/><N who="3" m="2319" /><G119/><T116/><D116/><U130/><E14/><V57/><F128/><W80/><G80/><T59/><D6/><U48/><E25/><V15/><F15/><W98/><G98/><N who="0" m="37419" /><D77/><U22/><E22/><V95/><F95/><W8/><G127/><T5/><D5/><U18/><E18/><V36/><F26/><W117/><G117/><T120/><D120/><U20/><E20/><V13/><F13/><W34/><G34/><T0/><D0/><U74/><E48/><V85/><F32/><W11/><G94/><T33/><D33/><U56/><E56/><V82/><F82/><W101/><G101/><T113/><D68/><U51/><E51/><V55/><REACH who="2" step="1"/><F44/><REACH who="2" ten="249,293,276,172" step="2"/><W64/><G92/><T19/><D24/><U71/><E129/><V91/><F91/><W97/><G97/><T102/><D102/><U9/><E130/><V45/><F45/><W89/><G89/><T125/><D125/><U72/><E9/><V93/><F93/><W31/><G3/><T42/><D65/><U105/><E105/><V83/><F83/><W123/><G64/><T121/><D121/><U23/><E76/><V7/><F7/><W61/><G123/><T27/><D27/><U35/><E79/><V135/><F135/><W90/><G90/><T12/><D12/><U69/><E132/><V17/><F17/><W118/><G118/><T49/><D19/><U88/><E35/><RYUUKYOKU ba="0,1" sc="249,-10,293,-10,276,30,172,-10" hai2="36,37,38,47,50,53,55,57,60,78,81,85,114" /><INIT seed="5,1,1,3,1,32" ten="239,283,306,162" oya="1" hai0="54,135,43,17,34,112,96,62,67,102,56,105,38" hai1="37,14,79,132,69,26,90,118,119,114,18,30,77" hai2="0,83,61,44,75,71,29,116,125,101,129,20,113" hai3="89,88,76,66,117,49,45,9,133,28,110,86,81"/><U122/><E122/><V4/><F116/><W46/><G110/><T24/><D112/><U63/><E37/><V22/><F101/><W87/><G117/><T41/><D135/><U91/><E114/><V27/><F113/><W15/><G133/><T21/><D38/><U64/><E132/><V128/><F125/><W127/><G127/><T94/><D34/><U80/><E118/><V107/><F107/><W70/><G28/><T13/><D105/><U1/><E79/><V2/><F4/><W111/><G111/><T123/><D123/><U7/><E7/><V23/><F44/><W134/><G134/><T40/><REACH who="0" step="1"/><D24/><REACH who="0" ten="229,283,306,162" step="2"/><U99/><E119/><V108/><F108/><W82/><G76/><T121/><D121/><U92/><E26/><V55/><F27/><W97/><G97/><T68/><D68/><U130/><E77/><N who="2" m="44479" /><F71/><W100/><G100/><T12/><D12/><U33/><E14/><V73/><F73/><W16/><REACH who="3" step="1"/><G49/><REACH who="3" ten="229,283,306,152" step="2"/><T109/><D109/><U48/><E48/><V103/><F103/><W52/><G52/><AGARI ba="1,3" hai="13,17,21,40,41,43,52,54,56,62,67,94,96,102" machi="52" ten="40,8000,1" yaku="1,1,8,1,54,1,53,1" doraHai="32" doraHaiUra="11" who="0" fromWho="3" sc="229,113,283,0,306,0,152,-83" /><INIT seed="6,0,0,3,3,7" ten="342,283,306,69" oya="2" hai0="135,93,134,16,36,110,26,59,5,38,75,0,99" hai1="57,54,117,24,116,77,98,106,128,65,11,17,90" hai2="43,34,119,109,44,105,6,114,1,39,83,18,70" hai3="30,111,49,107,32,68,130,33,10,13,133,37,125"/><V40/><F119/><W121/><RYUUKYOKU type="yao9" ba="0,0" sc="342,0,283,0,306,0,69,0" hai3="10,13,30,32,33,37,49,68,107,111,121,125,130,133" /><INIT seed="6,1,0,5,5,91" ten="342,283,306,69" oya="2" hai0="48,36,58,133,85,33,127,47,78,61,44,93,84" hai1="108,69,64,49,125,65,123,105,109,117,30,31,2" hai2="79,71,45,74,83,11,13,39,41,119,20,75,96" hai3="35,77,80,12,88,126,62,55,104,56,51,107,67"/><V89/><F119/><W73/><G126/><T3/><D33/><U4/><E105/><V24/><F71/><W98/><G35/><T57/><D3/><U60/><E117/><V10/><F75/><W99/><G12/><T0/><D0/><U34/><E49/><V115/><F115/><W19/><G19/><T21/><D133/><U29/><E125/><V28/><REACH who="2" step="1"/><F13/><REACH who="2" ten="342,283,296,69" step="2"/><W116/><G116/><T97/><D127/><U18/><E69/><V131/><F131/><W22/><G22/><T81/><D36/><U53/><E2/><V92/><AGARI ba="1,1" hai="10,11,20,24,28,39,41,45,74,79,83,89,92,96" machi="92" ten="30,6000,0" yaku="1,1,0,1,52,1,53,0" doraHai="91" doraHaiUra="101" who="2" fromWho="2" sc="342,-21,283,-21,296,73,69,-21" /><INIT seed="6,2,0,4,0,130" ten="321,262,369,48" oya="2" hai0="15,21,0,79,103,3,68,12,66,41,89,18,99" hai1="109,17,132,88,19,57,81,33,64,125,101,117,11" hai2="42,77,102,10,70,97,56,32,53,71,23,90,108" hai3="58,49,86,74,107,38,128,26,113,37,87,69,30"/><V46/><F32/><W44/><G107/><T45/><D79/><U25/><E117/><V96/><F77/><W31/><G74/><T20/><D89/><U72/><E109/><V84/><F108/><W63/><G128/><T95/><D68/><U34/><E125/><V118/><F118/><W52/><G113/><T27/><D66/><U35/><E101/><V24/><F10/><W131/><G131/><T61/><D61/><U104/><E104/><V67/><F67/><W29/><G26/><T135/><D135/><U123/><E123/><V65/><F65/><W6/><G69/><T126/><D126/><U9/><E72/><V4/><F4/><W75/><G75/><T1/><REACH who="0" step="1"/><D21/><REACH who="0" ten="311,262,369,48" step="2"/><U47/><E132/><V5/><F23/><W119/><G119/><T7/><D7/><U115/><E34/><V39/><F5/><W114/><G114/><T48/><AGARI ba="2,1" hai="0,1,3,12,15,18,20,27,41,45,48,95,99,103" machi="48" ten="30,2000,0" yaku="1,1,0,1,53,0" doraHai="130" doraHaiUra="106" who="0" fromWho="0" sc="311,36,262,-7,369,-12,48,-7" /><INIT seed="7,0,0,2,2,63" ten="347,255,357,41" oya="3" hai0="6,99,127,47,70,112,98,20,101,116,80,100,91" hai1="109,115,94,77,131,108,69,61,124,74,43,46,120" hai2="106,18,58,82,44,67,68,128,38,2,121,81,64" hai3="41,118,37,39,40,103,11,105,104,119,51,25,110"/><W8/><G51/><T26/><D70/><U132/><E94/><V85/><F106/><W113/><G25/><T111/><D111/><N who="1" m="42571" /><E77/><V95/><F2/><W96/><G110/><T33/><D116/><U92/><E92/><V23/><F68/><W83/><G83/><T34/><D127/><U135/><E74/><V133/><F133/><N who="1" m="51273" /><E120/><V15/><F95/><W19/><G19/><T59/><D112/><U12/><E12/><V30/><F30/><W71/><G71/><T90/><D33/><U36/><E115/><V93/><F93/><W27/><G27/><T84/><D34/><U31/><E31/><V76/><F82/><W125/><G113/><T54/><D6/><U129/><E124/><V78/><F78/><W5/><G5/><T48/><D91/><U102/><E102/><N who="0" m="39529" /><D47/><U9/><E9/><V17/><F44/><W52/><G103/><T3/><D3/><U14/><E14/><V10/><F15/><W72/><G125/><T49/><D49/><U126/><E126/><V55/><F76/><W35/><G35/><T53/><D53/><U7/><E7/><V73/><F55/><W13/><G52/><T97/><D97/><U21/><E21/><V45/><F23/><W134/><G13/><T130/><D130/><U89/><E89/><V1/><F128/><W117/><G134/><T57/><D98/><U56/><E56/><V16/><F58/><W65/><G119/><T24/><D99/><U87/><E87/><V86/><F85/><W4/><G96/><T28/><D59/><U66/><AGARI ba="0,0" hai="36,43,46,61,66,69,129,131" m="51273,42571" machi="66" ten="40,8000,1" yaku="20,1,23,1,34,2,52,1" doraHai="63" who="1" fromWho="1" sc="347,-20,255,80,357,-20,41,-40" owari="327,-7.3,335,13.5,337,43.7,1,-49.9" /></mjloggm>