<mjloggm ver="2.3"><GO type="169" lobby="0"/><UN n0="%68%69%73%61%74%6F%E6%A3%92" n1="%E6%98%9F%E7%A9%BA%E3%81%AE%E3%83%A1%E3%83%A2%E3%83%AA%E3%82%A2" n2="%E5%A4%95%E5%87%AA" n3="%E5%9B%9B%E5%89%AF%E9%9C%B2%E5%8D%98%E9%A8%8E" dan="16,16,17,16" rate="2111.82,2051.87,2082.32,2043.59" sx="M,F,M,F"/><TAIKYOKU oya="0"/><INIT seed="0,0,0,2,5,5" ten="250,250,250,250" oya="0" hai0="30,99,67,26,45,63,17,85,61,104,80,115,43" hai1="118,46,24,32,65,125,41,77,28,38,20,56,34" hai2="103,132,90,82,134,112,9,2,81,3,42,1,133" hai3="108,64,47,130,55,25,101,121,98,92,68,126,124"/><T58/><D115/><U44/><E118/><V10/><F112/><W33/><G108/><T12/><D63/><U73/><E125/><N who="3" m="48234" /><G130/><T95/><D104/><U0/><E0/><V72/><F42/><W107/><G121/><T105/><D105/><U7/><E7/><V97/><F90/><W69/><G64/><T35/><D80/><N who="2" m="30826" /><F72/><W52/><G107/><AGARI ba="0,0" hai="1,2,3,9,10,97,103,107,132,133,134" m="30826" machi="107" ten="40,5200,0" yaku="20,1,52,2" doraHai="5" who="2" fromWho="3" sc="250,0,250,0,250,52,250,-52" /><INIT seed="1,0,0,1,1,108" ten="250,250,302,198" oya="1" hai0="81,10,7,3,120,74,80,27,57,65,33,85,32" hai1="41,34,103,39,123,71,56,130,124,111,66,73,58" hai2="100,9,21,91,15,48,89,113,104,134,53,116,12" hai3="72,79,16,63,77,55,36,102,68,38,0,67,51"/><U18/><E123/><V11/><F116/><W29/><G0/><T78/><D120/><U28/><E73/><V110/><F110/><W24/><G102/><T117/><D27/><U64/><E103/><V31/><F134/><W44/><G16/><T131/><D131/><U119/><E119/><V14/><F104/><W20/><G72/><T42/><D42/><U46/><E111/><V30/><F100/><W69/><G69/><T83/><D83/><U45/><E28/><N who="2" m="10795" /><F21/><W2/><REACH who="3" step="1"/><G2/><REACH who="3" ten="250,250,302,188" step="2"/><T95/><D117/><U1/><E18/><V13/><F13/><W40/><G40/><T75/><D74/><U129/><E1/><V107/><F107/><W76/><AGARI ba="0,1" hai="20,24,29,36,38,44,51,55,63,67,68,76,77,79" machi="76" ten="30,2000,0" yaku="1,1,0,1,53,0" doraHai="108" doraHaiUra="115" who="3" fromWho="3" sc="250,-5,250,-10,302,-5,188,30" /><INIT seed="2,0,0,4,1,17" ten="245,240,297,218" oya="2" hai0="52,81,101,95,135,132,87,0,64,121,44,118,115" hai1="19,14,71,54,114,40,108,3,16,104,56,79,98" hai2="70,23,131,38,128,20,21,45,18,120,32,24,61" hai3="90,82,55,2,50,11,27,88,94,41,28,46,113"/><V129/><F120/><W123/><G123/><T103/><D0/><U125/><E114/><V93/><F32/><W53/><G113/><T58/><D118/><U7/><E71/><V29/><F18/><W60/><G2/><T92/><D64/><U57/><E40/><N who="2" m="22679" /><F93/><N who="0" m="35914" /><D44/><U96/><E108/><V97/><F97/><W4/><G82/><T35/><D35/><U85/><E125/><V42/><F42/><W30/><G90/><N who="0" m="51567" /><D115/><U77/><E3/><V89/><F89/><W33/><G28/><T116/><D116/><U100/><E96/><V84/><F84/><W127/><G127/><T117/><D121/><U34/><E34/><N who="2" m="20775" /><F61/><W83/><G60/><N who="0" m="35911" /><D117/><U67/><E67/><V130/><F130/><W109/><G109/><T134/><AGARI ba="0,0" hai="101,103,132,134,135" m="35911,51567,35914" machi="134" ten="40,2700,0" yaku="20,1,54,1" doraHai="17" who="0" fromWho="0" sc="245,27,240,-7,297,-13,218,-7" /><INIT seed="3,0,0,5,2,57" ten="272,233,284,211" oya="3" hai0="99,123,42,125,71,127,67,23,101,50,31,102,38" hai1="119,88,27,68,3,104,112,35,118,12,26,15,131" hai2="92,43,82,30,4,87,109,124,135,45,34,61,36" hai3="96,6,110,1,108,41,20,60,74,24,5,47,37"/><W33/><G74/><T128/><D38/><U48/><E112/><V22/><F109/><N who="3" m="42091" /><G33/><T66/><D102/><U116/><E104/><V97/><F4/><N who="3" m="1643" /><G96/><T75/><D75/><U52/><E3/><V114/><F34/><W25/><G1/><T56/><D71/><U46/><E68/><V77/><F114/><W58/><G20/><T40/><D128/><U21/><E131/><V51/><F36/><W63/><G58/><T16/><D31/><N who="1" m="19967" /><E88/><V91/><F135/><W120/><G120/><T9/><D9/><U130/><E130/><V133/><F124/><W10/><G10/><T93/><D123/><U65/><E65/><V13/><F133/><W89/><G89/><T79/><D79/><U98/><E98/><V8/><F8/><W111/><G111/><T90/><D90/><U126/><E126/><V73/><F30/><AGARI ba="0,0" hai="12,15,21,26,30,46,48,52,116,118,119" m="19967" machi="30" ten="30,2000,0" yaku="12,1,54,1" doraHai="57" who="1" fromWho="2" sc="272,0,233,20,284,-20,211,0" /><INIT seed="4,0,0,5,5,71" ten="272,253,264,211" oya="0" hai0="56,39,104,53,113,75,30,62,28,13,38,73,119" hai1="77,86,51,66,100,15,23,27,0,18,57,20,5" hai2="94,26,128,95,88,111,14,52,79,84,2,93,135" hai3="8,110,118,106,60,45,126,81,76,97,133,85,43"/><T123/><D123/><U21/><E100/><V46/><F111/><W65/><G110/><T122/><D122/><U50/><E0/><V31/><F2/><W82/><G133/><T33/><D119/><U35/><E35/><V19/><F135/><W24/><G126/><T63/><D104/><U116/><E116/><V124/><F128/><W78/><G118/><T17/><D33/><U108/><E108/><V125/><F79/><W41/><G24/><T91/><D91/><U103/><E5/><V112/><F112/><W89/><G8/><T117/><D117/><U32/><E103/><V127/><F26/><W29/><G29/><T107/><D107/><U34/><E34/><V134/><F31/><W25/><G25/><T115/><D13/><U10/><E32/><V7/><F7/><W64/><G41/><T105/><D105/><U121/><E27/><V44/><F134/><W3/><G3/><T54/><D56/><U49/><E121/><V61/><F61/><W42/><G42/><T69/><REACH who="0" step="1"/><D17/><REACH who="0" ten="262,253,264,211" step="2"/><U114/><E114/><V11/><F127/><W4/><G4/><T120/><D120/><U12/><E12/><V9/><F125/><W36/><G106/><T109/><D109/><U74/><E57/><V59/><F124/><W87/><REACH who="3" step="1"/><G60/><REACH who="3" ten="262,253,264,201" step="2"/><T101/><D101/><U131/><E131/><V70/><F14/><W129/><G129/><T96/><D96/><U102/><E15/><V1/><F1/><W48/><G48/><T67/><D67/><U58/><E66/><V99/><F99/><W72/><G72/><T80/><D80/><U40/><E74/><RYUUKYOKU ba="0,2" sc="262,15,253,-15,264,-15,201,15" hai0="28,30,38,39,53,54,62,63,69,73,75,113,115" hai3="36,43,45,64,65,76,78,81,82,85,87,89,97" /><INIT seed="4,1,2,1,0,77" ten="277,238,249,216" oya="0" hai0="61,120,2,7,1,131,96,127,4,79,76,43,18" hai1="126,29,55,47,85,83,90,15,95,60,12,130,80" hai2="104,0,39,113,132,122,82,6,45,58,133,8,100" hai3="135,71,78,70,107,56,66,50,84,115,21,36,92"/><T49/><D120/><U5/><E130/><V28/><F122/><W62/><G107/><T63/><D96/><U24/><E126/><V98/><F113/><W87/><G115/><T30/><D18/><U129/><E129/><V103/><F103/><W116/><G116/><T99/><D99/><U75/><E75/><V44/><F28/><W16/><G36/><T119/><D119/><U111/><E111/><V68/><F68/><W69/><G135/><N who="2" m="51785" /><F39/><W52/><G92/><T14/><D30/><U53/><E53/><V9/><F58/><W65/><G65/><T42/><D14/><U10/><E15/><N who="2" m="5527" /><F82/><W40/><G40/><T94/><D94/><U25/><E25/><V11/><F11/><W118/><G118/><T35/><D131/><U93/><E93/><V128/><F128/><W110/><G110/><T124/><REACH who="0" step="1"/><D49/><REACH who="0" ten="267,238,249,216" step="2"/><U67/><E29/><V102/><F102/><W46/><REACH who="3" step="1"/><G78/><REACH who="3" ten="267,238,249,206" step="2"/><T3/><D3/><U117/><E117/><V26/><F26/><AGARI ba="1,4" hai="16,21,26,46,50,52,56,62,66,69,70,71,84,87" machi="26" ten="40,8000,1" yaku="1,1,2,1,54,2,53,1" doraHai="77" doraHaiUra="20" who="3" fromWho="2" sc="267,0,238,0,249,-83,206,123" /><INIT seed="5,0,0,4,1,114" ten="267,238,166,329" oya="1" hai0="109,36,126,100,52,24,9,91,92,46,62,90,51" hai1="55,48,116,104,85,56,102,94,131,118,123,0,60" hai2="132,96,35,18,133,37,27,103,105,110,75,22,127" hai3="10,128,31,130,101,89,1,28,5,113,38,41,3"/><U43/><E123/><V86/><F110/><W50/><G38/><T70/><D36/><U19/><E0/><V25/><F75/><W58/><G113/><T79/><D79/><U122/><E122/><V121/><F121/><W13/><G101/><T124/><D9/><U8/><E131/><N who="3" m="50218" /><G89/><T93/><D24/><U135/><E104/><V11/><F37/><W107/><G107/><T32/><D32/><U98/><E135/><V82/><F127/><N who="0" m="48682" /><D109/><U6/><E85/><V67/><F67/><W66/><G66/><N who="0" m="41303" /><D93/><U59/><E19/><V76/><REACH who="2" step="1"/><F11/><REACH who="2" ten="267,238,156,329" step="2"/><W45/><G10/><T73/><D73/><U21/><E21/><V112/><F112/><W20/><G20/><T39/><D39/><U40/><E8/><V106/><F106/><W30/><G3/><T119/><D119/><U125/><E125/><V53/><F53/><W15/><G1/><T83/><D83/><U49/><E6/><V117/><F117/><W54/><G5/><T33/><D33/><U34/><E34/><V78/><F78/><W72/><G72/><T14/><D14/><U95/><E118/><V61/><F61/><W129/><G129/><T80/><D80/><U84/><E116/><V68/><F68/><W87/><G13/><T47/><D47/><N who="1" m="25703" /><E43/><V16/><F16/><W63/><G15/><T17/><D17/><U134/><E134/><V120/><F120/><W26/><G26/><T29/><D29/><AGARI ba="0,1" hai="18,22,25,27,29,35,76,82,86,96,103,105,132,133" machi="29" ten="40,2600,0" yaku="1,1,53,1" doraHai="114" doraHaiUra="74" who="2" fromWho="0" sc="267,-26,238,0,156,36,329,0" /><INIT seed="6,0,0,4,0,111" ten="241,238,192,329" oya="2" hai0="0,52,26,87,83,93,92,36,12,48,31,4,58" hai1="67,78,16,72,77,114,50,46,63,121,98,47,53" hai2="20,108,6,119,3,35,24,10,21,74,112,91,33" hai3="66,7,81,80,116,49,71,133,124,89,107,79,37"/><V99/><F74/><W30/><G37/><T69/><D69/><U41/><E121/><V61/><F119/><W120/><G107/><T90/><D0/><U110/><E110/><V127/><F108/><W135/><G120/><T65/><D65/><U45/><E72/><V106/><F127/><W15/><G116/><T28/><D36/><U134/><E134/><V104/><F21/><W86/><G30/><T5/><D28/><U122/><E122/><V29/><F112/><W85/><G124/><T118/><D118/><U131/><E131/><V40/><F40/><W44/><G66/><T115/><D115/><U125/><E125/><V59/><F91/><W22/><G71/><T113/><D113/><U11/><E114/><V88/><F106/><W109/><G109/><T43/><D43/><U55/><E98/><V132/><F132/><W68/><G68/><T34/><D12/><N who="1" m="7199" /><E67/><V17/><F29/><W128/><G128/><T105/><D105/><U18/><E18/><V96/><F96/><W39/><G39/><T70/><D70/><U14/><E14/><V82/><F104/><W13/><G13/><T57/><REACH who="0" step="1"/><D58/><REACH who="0" ten="231,238,192,329" step="2"/><N who="1" m="35295" /><E41/><V76/><F59/><AGARI ba="0,1" hai="45,46,47,50,53,59,77,78" m="35295,7199" machi="59" ten="30,2000,0" yaku="8,1,54,1" doraHai="111" who="1" fromWho="2" sc="231,0,238,30,192,-20,329,0" /><INIT seed="7,0,0,0,3,110" ten="231,268,172,329" oya="3" hai0="16,100,130,86,111,73,33,46,95,122,104,63,120" hai1="112,28,0,35,109,83,23,12,69,40,1,39,67" hai2="54,133,113,79,3,19,126,58,82,81,115,71,50" hai3="135,102,96,48,116,57,75,66,51,6,34,77,98"/><W45/><G116/><T103/><D73/><U18/><E109/><V2/><F71/><W61/><G34/><T20/><D33/><U31/><E39/><V4/><F133/><W41/><G135/><T38/><D130/><U129/><E40/><V131/><F131/><W87/><G75/><T127/><D127/><U107/><E107/><V56/><F126/><W22/><G6/><T84/><D63/><U93/><E129/><V128/><F128/><W72/><G72/><T47/><D104/><U13/><E83/><V74/><F82/><N who="3" m="47567" /><G102/><T53/><D38/><U60/><E93/><V114/><F4/><W49/><G22/><T24/><D111/><U21/><E35/><V25/><F58/><W42/><G48/><T124/><D124/><U64/><E60/><V88/><F88/><W92/><G92/><T32/><D32/><U91/><E18/><V5/><F5/><W59/><G59/><T118/><D118/><U36/><E36/><V8/><F8/><W55/><G66/><T17/><D95/><U10/><E10/><V85/><F74/><W76/><G76/><T89/><D89/><U30/><E30/><V11/><F11/><W44/><AGARI ba="0,0" hai="41,42,44,45,49,51,55,57,61,96,98" m="47567" machi="44" ten="30,1500,0" yaku="8,1" doraHai="110" who="3" fromWho="3" sc="231,-5,268,-5,172,-5,329,15" owari="226,-17.4,263,6.3,167,-33.3,344,44.4" /></mjloggm>