<mjloggm ver="2.3"><GO type="169" lobby="0"/><UN n0="%6F%6B%61%62%65%73%68%69" n1="%E5%B1%B1%E6%9C%AC%E6%83%A3%E4%B8%80%E6%9C%97" n2="%48%41%43%4F" n3="%E5%A7%AB%E7%95%99" dan="17,17,16,16" rate="2181.94,2189.93,2068.28,2116.81" sx="M,M,M,M"/><TAIKYOKU oya="0"/><INIT seed="0,0,0,1,1,72" ten="250,250,250,250" oya="0" hai0="20,48,37,47,85,16,97,1,10,6,36,79,88" hai1="68,69,4,84,98,91,13,111,33,50,75,95,64" hai2="54,0,17,22,40,134,121,61,127,73,60,12,92" hai3="38,58,29,110,71,106,14,116,115,118,24,26,76"/><T2/><D2/><U105/><E33/><V8/><F73/><W108/><G71/><T114/><D114/><U109/><E75/><V57/><F134/><W82/><G38/><T122/><D122/><U7/><E50/><V56/><F127/><W39/><G39/><T77/><D36/><U103/><E13/><V9/><F121/><W31/><G106/><T78/><D37/><U30/><E30/><N who="3" m="11274" /><G14/><T89/><D97/><U119/><E119/><N who="3" m="45610" /><G58/><T131/><D131/><U123/><E123/><V112/><F112/><W42/><G42/><T35/><D35/><U46/><E46/><V19/><F40/><W129/><G115/><T96/><D96/><U41/><E41/><V34/><F34/><W18/><G18/><T100/><D100/><U99/><E99/><V21/><F92/><W11/><G11/><T90/><D48/><U5/><REACH who="1" step="1"/><E64/><REACH who="1" ten="250,240,250,250" step="2"/><V27/><REACH who="2" step="1"/><F0/><REACH who="2" ten="250,240,240,250" step="2"/><W113/><G113/><T65/><D47/><U124/><E124/><V53/><AGARI ba="0,2" hai="8,9,12,17,19,21,22,27,53,54,56,57,60,61" machi="53" ten="20,12000,2" yaku="1,1,2,1,0,1,7,1,9,1,8,1,53,0" doraHai="72" doraHaiUra="44" who="2" fromWho="2" sc="250,-60,240,-30,240,140,250,-30" /><INIT seed="1,0,0,0,1,72" ten="190,210,380,220" oya="1" hai0="123,21,3,73,29,65,77,71,7,118,38,94,20" hai1="101,113,115,43,44,57,68,8,79,117,48,90,74" hai2="10,51,41,46,86,82,97,67,17,14,4,27,49" hai3="56,88,125,69,107,5,99,59,2,84,62,106,70"/><U103/><E117/><V134/><F134/><W30/><G125/><T129/><D118/><U128/><E68/><V85/><F67/><W42/><G42/><T35/><D123/><U53/><E128/><V87/><F97/><W39/><G39/><T132/><D94/><U33/><E33/><V110/><F110/><W105/><G99/><T23/><D132/><U96/><E90/><V11/><F51/><W124/><G124/><T119/><D119/><U45/><E8/><V50/><F50/><W93/><G30/><T24/><D129/><U22/><E22/><V64/><F64/><W66/><REACH who="3" step="1"/><G70/><REACH who="3" ten="190,210,380,210" step="2"/><T116/><D116/><U131/><E131/><V130/><F130/><W9/><AGARI ba="0,1" hai="2,5,9,56,59,62,66,69,84,88,93,105,106,107" machi="9" ten="40,8000,1" yaku="1,1,2,1,0,1,54,1,53,0" doraHai="72" doraHaiUra="76" who="3" fromWho="3" sc="190,-20,210,-40,380,-20,210,90" /><INIT seed="2,0,0,4,0,101" ten="170,170,360,300" oya="2" hai0="4,117,64,21,9,115,94,29,118,116,90,38,19" hai1="85,15,92,63,13,60,54,97,58,125,69,46,96" hai2="77,48,65,93,131,1,68,18,78,127,87,67,30" hai3="52,122,28,102,53,36,26,80,108,128,61,119,98"/><V114/><F114/><W126/><G119/><T16/><D115/><U35/><E35/><V7/><F30/><W66/><G122/><T110/><D38/><U130/><E125/><V33/><F33/><W104/><G126/><T109/><D64/><U103/><E130/><V8/><F127/><W5/><G128/><T20/><D90/><U34/><E34/><V39/><F39/><W62/><G108/><N who="0" m="41579" /><D94/><U51/><E85/><V45/><F18/><N who="0" m="6698" /><D29/><U72/><E72/><V73/><F131/><W31/><G36/><T57/><D57/><U44/><E69/><V91/><F73/><W113/><G113/><T37/><D37/><U76/><E76/><V81/><F68/><W47/><G5/><T82/><D82/><U14/><REACH who="1" step="1"/><E96/><REACH who="1" ten="170,160,360,300" step="2"/><V74/><F77/><W121/><G98/><T32/><D32/><U50/><E50/><V124/><F124/><W100/><G61/><AGARI ba="0,1" hai="13,14,15,44,46,51,54,58,60,61,63,92,97,103" machi="61" ten="40,8000,1" yaku="1,1,8,1,53,3" doraHai="101" doraHaiUra="59" who="1" fromWho="3" sc="170,0,160,90,360,0,300,-80" /><INIT seed="3,0,0,4,1,70" ten="170,250,360,220" oya="3" hai0="3,78,117,77,101,48,61,112,127,34,45,128,99" hai1="98,8,50,103,71,91,65,120,49,38,79,60,47" hai2="90,40,97,41,100,58,107,30,92,118,23,5,80" hai3="13,44,115,26,25,86,113,0,133,56,17,69,74"/><W11/><G74/><T88/><D117/><U12/><E120/><V126/><F126/><W135/><G69/><T72/><D3/><U67/><E67/><V116/><F5/><N who="3" m="1447" /><G56/><T108/><D34/><U96/><E79/><V7/><F7/><W18/><G86/><T81/><D127/><U125/><E125/><V75/><F41/><W102/><G44/><T54/><D112/><N who="3" m="43081" /><G102/><T22/><D78/><U37/><E91/><V85/><F40/><W123/><G123/><T63/><D128/><U110/><E110/><V129/><F58/><W28/><G28/><T53/><D108/><U131/><E98/><V106/><F129/><W15/><G17/><T114/><D114/><U55/><E49/><V83/><F30/><W14/><G18/><T42/><D54/><U52/><E55/><V46/><F46/><W89/><G89/><T10/><D53/><U9/><E131/><V87/><F116/><W24/><AGARI ba="0,0" hai="13,14,15,24,25,26,133,135" m="43081,1447" machi="24" ten="40,3900,0" yaku="34,2" doraHai="70" who="3" fromWho="3" sc="170,-13,250,-13,360,-13,220,39" /><INIT seed="3,1,0,2,2,105" ten="157,237,347,259" oya="3" hai0="83,104,42,80,128,25,58,79,0,81,2,32,135" hai1="12,31,48,118,100,103,21,76,124,47,120,24,13" hai2="121,90,127,117,119,101,61,77,88,94,38,109,73" hai3="40,39,134,17,97,56,75,132,131,110,41,43,84"/><W66/><G75/><T36/><D128/><U108/><E120/><V19/><F38/><W62/><G131/><T54/><D135/><N who="3" m="51753" /><G84/><T99/><D81/><U129/><E129/><V53/><F121/><W74/><G97/><T20/><D83/><U27/><E108/><V111/><F127/><W126/><G74/><T59/><D59/><U116/><E124/><V89/><F19/><W67/><G126/><T85/><D32/><U1/><E1/><V95/><F53/><N who="3" m="34063" /><G110/><N who="2" m="41993" /><F61/><W16/><G39/><T82/><D42/><N who="1" m="24695" /><E76/><V112/><F112/><W123/><G123/><T23/><D36/><U30/><E118/><N who="2" m="45067" /><F101/><N who="1" m="38985" /><E116/><V9/><F9/><W93/><G93/><N who="2" m="35337" /><F77/><W7/><G7/><T3/><D25/><U51/><E51/><V26/><F26/><W92/><G92/><T5/><D5/><U130/><E130/><V115/><F115/><W29/><G29/><T70/><D82/><U46/><E30/><V133/><F133/><W113/><G113/><T45/><D104/><U34/><E24/><V106/><F106/><W52/><G52/><T91/><D20/><U33/><E33/><V64/><F64/><AGARI ba="1,0" hai="16,17,40,41,43,64,66,67" m="34063,51753" machi="64" ten="30,2900,0" yaku="20,1,54,1" doraHai="105" who="3" fromWho="2" sc="157,0,237,0,347,-32,259,32" /><INIT seed="3,2,0,3,3,68" ten="157,237,315,291" oya="3" hai0="49,114,116,118,120,133,24,124,51,25,76,117,40" hai1="5,122,121,30,48,130,52,115,36,62,129,15,75" hai2="33,29,31,104,74,6,119,113,42,28,19,94,78" hai3="0,43,101,91,39,87,111,7,127,46,97,100,59"/><W70/><G70/><T72/><D76/><U99/><E115/><V9/><F104/><W108/><G127/><T80/><D80/><U79/><E30/><V89/><F113/><W73/><G73/><T71/><D71/><U18/><E5/><V47/><F119/><W41/><G41/><T16/><D72/><U110/><E110/><N who="3" m="42026" /><G97/><T125/><D114/><U95/><E62/><V109/><F109/><W64/><G64/><T77/><D77/><U82/><E36/><V50/><F78/><W134/><G59/><T38/><D120/><U14/><E14/><V81/><F81/><N who="3" m="49647" /><G134/><T85/><D85/><U2/><E2/><V93/><F74/><W8/><AGARI ba="2,0" hai="0,7,8,39,43,46,100,101" m="49647,42026" machi="8" ten="30,6000,0" yaku="14,1,10,1,52,1" doraHai="68" who="3" fromWho="3" sc="157,-22,237,-22,315,-22,291,66" /><INIT seed="3,3,0,1,3,91" ten="135,215,293,357" oya="3" hai0="20,12,10,51,105,2,48,39,122,40,56,11,117" hai1="94,78,60,133,72,74,113,80,76,79,57,108,83" hai2="15,58,30,55,0,41,38,18,17,101,37,19,67" hai3="121,82,46,73,128,69,50,27,47,1,66,100,8"/><W90/><G121/><T114/><D122/><U23/><E108/><V77/><F0/><W32/><G128/><T75/><D117/><U97/><E133/><V119/><F119/><W120/><G120/><T89/><D39/><U28/><E113/><V129/><F129/><W103/><G66/><T116/><D75/><U124/><E124/><V87/><F30/><W126/><G69/><T135/><D105/><U59/><E78/><V93/><F41/><W109/><G126/><T31/><D2/><U63/><E59/><V24/><F24/><W35/><G109/><T22/><D116/><U16/><E57/><V52/><F38/><W102/><G27/><N who="0" m="16871" /><D135/><U130/><E28/><V65/><F37/><W111/><G111/><T134/><D134/><U112/><E112/><V9/><F55/><W92/><G82/><T42/><D22/><U62/><E130/><V98/><F87/><W95/><G73/><T96/><D10/><U54/><E54/><V88/><F101/><W118/><G118/><T29/><D29/><U45/><E45/><N who="3" m="16906" /><G50/><N who="0" m="18987" /><D56/><U110/><E110/><V84/><F67/><W125/><G125/><T26/><D26/><U13/><E62/><N who="2" m="36167" /><F65/><W70/><G70/><T106/><D106/><U64/><E64/><V44/><F44/><W132/><G132/><T25/><D25/><U68/><E68/><V71/><F71/><W61/><G61/><T107/><D107/><U99/><E99/><V33/><F33/><N who="3" m="12875" /><G1/><T81/><D114/><U123/><E123/><V53/><F53/><W6/><G90/><AGARI ba="3,0" hai="13,16,23,60,63,72,74,76,79,80,83,90,94,97" machi="90" ten="30,7700,0" yaku="7,1,9,1,52,1,54,1" doraHai="91" who="1" fromWho="3" sc="135,0,215,86,293,0,357,-86" /><INIT seed="4,0,0,3,0,58" ten="135,301,293,271" oya="0" hai0="41,40,70,85,86,54,53,125,108,78,114,36,119" hai1="126,84,38,120,8,103,35,96,42,23,92,115,69" hai2="11,7,13,133,71,111,21,17,63,25,52,39,94" hai3="89,72,99,45,24,55,64,105,10,97,93,127,77"/><T46/><D119/><U82/><E35/><V50/><F111/><W112/><G112/><T130/><D114/><U123/><E115/><V106/><F106/><W57/><G127/><T19/><D108/><U79/><E126/><V117/><F39/><W27/><G45/><T9/><D125/><U5/><E69/><V67/><F133/><W16/><G64/><T56/><D130/><U48/><E23/><V107/><F107/><W18/><G77/><T109/><D109/><U113/><E38/><V30/><F94/><N who="3" m="56527" /><G72/><T128/><D128/><U28/><E28/><V22/><F117/><W91/><G105/><T124/><D124/><U29/><E29/><V68/><F68/><W104/><G104/><T131/><D131/><U100/><E100/><V135/><F135/><W116/><G116/><T88/><D41/><U49/><E49/><V76/><F76/><W80/><G80/><T61/><D78/><U132/><E132/><V66/><F66/><W65/><G65/><T101/><D101/><U26/><E26/><N who="3" m="9770" /><G10/><T62/><D70/><U74/><E74/><V14/><REACH who="2" step="1"/><F50/><AGARI ba="0,0" hai="16,18,50,55,57,91,93,99" m="9770,56527" machi="50" ten="30,2000,0" yaku="8,1,54,1" doraHai="58" who="3" fromWho="2" sc="135,0,301,0,293,-20,271,20" /><INIT seed="5,0,0,1,1,27" ten="135,301,273,291" oya="1" hai0="55,31,73,81,56,132,34,67,3,130,24,6,15" hai1="109,1,8,30,111,51,65,46,75,82,29,63,69" hai2="14,45,35,90,58,48,107,33,7,22,104,49,88" hai3="42,133,53,93,114,115,25,47,13,70,128,50,79"/><U87/><E75/><V17/><F35/><W77/><G70/><T110/><D110/><N who="1" m="41995" /><E8/><V61/><F33/><W76/><G128/><T28/><D130/><U39/><E39/><V121/><F121/><W119/><G119/><T113/><D67/><U124/><E1/><V95/><F90/><W44/><G133/><T96/><D132/><U100/><E100/><V129/><F129/><W0/><G0/><T106/><D3/><U85/><E124/><V80/><F80/><W135/><G135/><T64/><D64/><U92/><E92/><V16/><F7/><W54/><G13/><T125/><D34/><U60/><E60/><V89/><F89/><W26/><G93/><T127/><D24/><N who="3" m="9321" /><G47/><T122/><D113/><AGARI ba="0,0" hai="42,44,50,53,54,76,77,79,113,114,115" m="9321" machi="113" ten="30,1000,0" yaku="15,1" doraHai="27" who="3" fromWho="0" sc="135,-10,301,0,273,0,291,10" /><INIT seed="6,0,0,1,0,123" ten="125,301,273,301" oya="2" hai0="85,23,14,36,21,67,54,44,74,15,90,91,46" hai1="73,133,2,119,117,3,68,18,110,58,109,8,7" hai2="39,128,81,101,98,111,75,52,89,125,99,35,77" hai3="30,16,47,48,134,34,131,24,84,31,124,28,93"/><V122/><F39/><W79/><G124/><T114/><D74/><U70/><E73/><V82/><F35/><W80/><G134/><T116/><D36/><U49/><E58/><V104/><F122/><W55/><G131/><T11/><D116/><N who="1" m="44619" /><E49/><V57/><F125/><W53/><G93/><T5/><D114/><U66/><E66/><V17/><F128/><W108/><G108/><N who="1" m="41578" /><E18/><V115/><F115/><W127/><G127/><T120/><D120/><U121/><E121/><V40/><F40/><N who="3" m="24679" /><G34/><T50/><D67/><U102/><E133/><V20/><F111/><W69/><G69/><N who="1" m="26730" /><E102/><V45/><F45/><W87/><G16/><T95/><D44/><U83/><E83/><V56/><F56/><W92/><G80/><T72/><D72/><U118/><E118/><V130/><F130/><W126/><G126/><T19/><REACH who="0" step="1"/><D90/><REACH who="0" ten="115,301,273,301" step="2"/><U29/><E29/><V63/><F75/><W42/><G28/><T78/><D78/><U10/><E10/><AGARI ba="0,1" hai="5,10,11,14,15,19,21,23,46,50,54,85,91,95" machi="10" ten="30,3900,0" yaku="1,1,7,1,8,1,53,0" doraHai="123" doraHaiUra="105" who="0" fromWho="1" sc="115,49,301,-39,273,0,301,0" /><INIT seed="7,0,0,3,0,49" ten="164,262,273,301" oya="3" hai0="6,84,83,41,112,113,8,65,111,75,133,72,18" hai1="21,95,98,61,5,86,44,101,117,126,67,104,82" hai2="135,1,134,131,48,26,85,68,66,107,121,119,105" hai3="35,125,100,40,127,23,42,10,88,7,39,114,56"/><W71/><G71/><T124/><D65/><U74/><E126/><N who="3" m="48138" /><G114/><N who="0" m="44139" /><D41/><U87/><E117/><V99/><F119/><W25/><G35/><T93/><D18/><U130/><E130/><V32/><F131/><W97/><G88/><N who="0" m="53383" /><D8/><U64/><E5/><V14/><F85/><W46/><G56/><T33/><D33/><U20/><E64/><V19/><F1/><N who="3" m="367" /><G46/><T38/><D6/><U90/><E44/><V3/><F3/><W80/><G80/><T50/><D50/><U60/><E60/><N who="2" m="40007" /><F48/><W120/><G39/><T106/><D38/><U31/><E31/><N who="2" m="19575" /><F121/><W128/><G120/><T54/><D54/><U123/><E123/><V78/><F78/><W79/><G79/><N who="0" m="44519" /><D124/><U0/><E0/><V37/><F37/><W22/><G128/><T2/><D2/><U73/><E20/><N who="3" m="7722" /><G25/><T109/><D133/><N who="2" m="50698" /><F14/><W108/><G108/><N who="0" m="41547" /><D75/><U28/><E21/><V45/><F45/><W9/><G9/><T59/><D59/><U62/><E62/><V115/><F115/><W30/><G30/><T69/><D69/><U47/><E28/><V94/><F19/><W63/><G63/><T92/><D92/><AGARI ba="0,0" hai="40,42,92,97,100" m="7722,367,48138" machi="92" ten="30,1500,0" yaku="18,1" doraHai="49" who="3" fromWho="0" sc="164,-15,262,0,273,0,301,15" owari="149,-35.1,262,-13.8,273,7.3,316,41.6" /></mjloggm>