<mjloggm ver="2.3"><GO type="169" lobby="0"/><UN n0="%E3%81%82%E3%81%BE%E3%81%82%E3%82%93" n1="%E7%B9%AD%E3%82%92%E8%A7%A3%E3%81%8F" n2="%E3%81%A6%E3%82%93%E3%81%BD%E3%81%84%E3%82%93%E3%81%A8" n3="%E3%81%88%E3%81%8C%E3%82%8F%E3%82%8A%E3%81%8A" dan="16,17,17,16" rate="2082.66,2212.25,2172.03,2140.52" sx="M,M,M,M"/><TAIKYOKU oya="0"/><INIT seed="0,0,0,4,4,36" ten="250,250,250,250" oya="0" hai0="65,0,30,80,89,27,66,81,53,129,26,62,3" hai1="75,59,21,23,71,82,121,70,19,99,103,51,116" hai2="93,133,104,17,96,10,111,12,49,60,109,34,45" hai3="25,24,95,131,90,102,132,15,52,41,74,28,78"/><T117/><D117/><U130/><E116/><V7/><F133/><W126/><G132/><T54/><D129/><U35/><E35/><V87/><F34/><W61/><G131/><T48/><D89/><U68/><E121/><V63/><F104/><W79/><G126/><T128/><D128/><U101/><E130/><V92/><F7/><W113/><G113/><T94/><D94/><U40/><E23/><V29/><F29/><W44/><G102/><T77/><D48/><U135/><E135/><V124/><F124/><W42/><G15/><T76/><REACH who="0" step="1"/><D62/><REACH who="0" ten="240,250,250,250" step="2"/><U11/><E51/><V115/><F115/><W73/><G61/><T58/><D58/><U72/><E59/><V97/><F63/><W55/><G95/><T5/><D5/><U106/><E70/><V50/><F60/><W108/><G90/><T33/><D33/><U46/><E71/><V123/><F50/><W6/><G6/><T64/><D64/><U112/><E68/><V31/><F93/><W4/><G4/><T57/><D57/><U37/><E112/><V14/><F49/><W56/><G56/><T2/><D2/><U125/><E125/><V114/><F114/><W107/><G107/><T105/><D105/><U18/><E103/><V86/><F92/><W43/><G44/><T38/><D38/><U67/><E67/><V122/><F45/><W47/><G47/><T22/><D22/><U8/><E21/><V127/><F127/><W134/><G134/><T39/><D39/><U88/><E11/><V120/><F120/><W110/><G43/><T20/><D20/><U84/><E8/><RYUUKYOKU ba="0,1" sc="240,10,250,10,250,-30,250,10" hai0="0,3,26,27,30,53,54,65,66,76,77,80,81" hai1="18,19,37,40,46,72,75,82,84,88,99,101,106" hai3="24,25,28,41,42,52,55,73,74,78,79,108,110" /><INIT seed="0,1,1,0,3,102" ten="250,260,220,260" oya="0" hai0="91,86,39,134,96,90,89,36,111,67,73,16,114" hai1="127,85,58,52,122,37,97,105,108,93,130,75,62" hai2="59,23,117,104,113,6,55,56,74,4,47,80,66" hai3="21,87,123,126,44,24,54,78,19,128,100,20,103"/><T48/><D114/><U3/><E122/><V25/><F117/><W120/><G126/><T22/><D73/><U81/><E108/><V118/><F118/><W26/><G128/><T70/><D134/><U7/><E130/><V119/><F119/><W27/><G120/><T5/><D111/><U121/><E121/><V51/><F113/><W76/><G123/><T13/><D5/><U46/><E127/><V31/><F104/><W131/><G131/><T132/><D132/><U110/><E110/><V15/><F74/><W125/><G125/><T69/><D86/><U2/><E75/><V18/><F80/><N who="3" m="47495" /><G78/><T9/><D48/><U10/><E3/><V35/><F66/><W40/><G40/><T49/><D49/><U95/><E46/><V84/><F84/><W71/><G71/><T106/><D9/><U14/><E2/><V133/><F133/><W135/><G135/><T99/><D99/><U83/><E37/><V43/><REACH who="2" step="1"/><F59/><REACH who="2" ten="250,260,210,260" step="2"/><W68/><G68/><T109/><D109/><U12/><E105/><V107/><F107/><W79/><G79/><T53/><D70/><U72/><E72/><V17/><F17/><N who="3" m="12303" /><G27/><T63/><REACH who="0" step="1"/><D53/><REACH who="0" ten="240,260,210,260" step="2"/><U94/><E97/><V60/><AGARI ba="1,3" hai="4,6,15,18,23,25,31,35,43,47,51,55,56,60" machi="60" ten="20,2700,0" yaku="1,1,0,1,7,1,53,0" doraHai="102" doraHaiUra="61" who="2" fromWho="2" sc="240,-14,260,-8,210,60,260,-8" /><INIT seed="1,0,0,5,1,100" ten="226,252,270,252" oya="1" hai0="8,116,21,83,96,123,121,63,135,101,92,5,97" hai1="130,99,128,67,38,122,12,81,31,47,114,102,112" hai2="32,108,9,119,53,42,79,71,13,17,68,60,134" hai3="40,132,4,55,118,75,41,20,105,86,11,54,15"/><U64/><E31/><V48/><F119/><W30/><G118/><T125/><D116/><U66/><E122/><V94/><F32/><W49/><G75/><T133/><D21/><U127/><E12/><V124/><F108/><W16/><G132/><N who="0" m="50763" /><D63/><U23/><E23/><V131/><F134/><W50/><G105/><N who="0" m="63655" /><D125/><U2/><E81/><V37/><F60/><W46/><G86/><T57/><D57/><U51/><E38/><V98/><F37/><W84/><G84/><T28/><D28/><U65/><E2/><V126/><F71/><W113/><G113/><T19/><D19/><U107/><N who="1" m="16384" /><DORA hai="34" /><U85/><E85/><V7/><F17/><W10/><G30/><T87/><D5/><U70/><E70/><V18/><F7/><W25/><REACH who="3" step="1"/><G11/><REACH who="3" ten="226,252,270,242" step="2"/><T26/><D8/><U91/><E127/><V44/><F126/><W36/><G36/><T80/><D26/><U73/><E73/><V35/><F124/><W61/><G61/><T43/><D43/><U3/><E114/><V111/><F42/><W90/><G90/><N who="0" m="55447" /><D83/><U0/><E112/><V27/><F27/><W110/><G110/><T62/><D62/><U33/><E91/><AGARI ba="0,1" hai="80,87,91,121,123" m="55447,63655,50763" machi="91" ten="30,7700,0" yaku="20,1,34,2,52,1" doraHai="100,34" who="0" fromWho="1" sc="226,87,252,-77,270,0,242,0" /><INIT seed="2,0,0,0,0,55" ten="313,175,270,242" oya="2" hai0="62,124,54,76,91,39,37,96,132,5,107,95,69" hai1="21,43,114,134,111,63,85,41,79,49,34,0,135" hai2="117,3,78,67,29,47,102,97,118,129,15,99,40" hai3="42,32,72,120,81,6,22,59,10,83,18,12,36"/><V119/><F3/><W44/><G120/><T52/><D124/><U92/><E34/><V9/><F129/><W60/><G32/><T7/><D132/><N who="1" m="50731" /><E0/><V24/><F78/><W101/><G101/><T104/><D76/><U2/><E2/><V115/><F115/><W57/><G72/><T71/><D39/><U125/><E114/><V20/><F67/><W38/><G38/><T77/><D37/><U116/><E116/><V56/><F56/><W106/><G106/><T86/><D104/><U14/><E125/><V51/><REACH who="2" step="1"/><F102/><REACH who="2" ten="313,175,260,242" step="2"/><W16/><G57/><T25/><D77/><U45/><E79/><V48/><F48/><W11/><G11/><T64/><D71/><U98/><E63/><V30/><F30/><W128/><G128/><T74/><D74/><U93/><E49/><V113/><F113/><W90/><G90/><T46/><D69/><U61/><E61/><V84/><F84/><W103/><G103/><T75/><D75/><U105/><E45/><V122/><F122/><W19/><REACH who="3" step="1"/><G22/><REACH who="3" ten="313,175,260,232" step="2"/><T131/><D131/><U112/><E21/><V110/><F110/><W70/><G70/><T130/><D130/><U89/><E111/><V53/><F53/><AGARI ba="0,2" hai="6,10,12,16,18,19,36,42,44,53,59,60,81,83" machi="53" ten="40,5200,0" yaku="1,1,52,1,54,1,53,0" doraHai="55" doraHaiUra="31" who="3" fromWho="2" sc="313,0,175,0,260,-52,232,72" /><INIT seed="3,0,0,5,1,127" ten="313,175,208,304" oya="3" hai0="92,82,0,135,61,77,81,121,22,38,66,27,132" hai1="100,72,70,16,2,51,39,24,103,31,79,98,30" hai2="78,15,1,89,48,128,52,58,56,46,4,134,9" hai3="122,64,5,84,118,3,33,37,101,57,7,59,93"/><W69/><G118/><T87/><D121/><U104/><E39/><V63/><F134/><N who="0" m="51242" /><D0/><U95/><E2/><V129/><F78/><W11/><G122/><T105/><D105/><U99/><E70/><V18/><F89/><W96/><G37/><T111/><D38/><U110/><E110/><V43/><REACH who="2" step="1"/><F58/><REACH who="2" ten="313,175,198,304" step="2"/><W6/><G57/><N who="0" m="37167" /><D111/><U73/><E79/><V55/><F55/><W119/><G59/><T42/><D42/><U102/><E102/><V47/><F47/><W26/><G119/><T116/><D116/><U41/><E72/><V112/><F112/><W35/><G69/><T114/><D114/><U12/><E73/><V115/><F115/><W8/><G64/><T85/><D77/><U97/><E97/><V65/><F65/><W130/><G96/><T94/><D85/><U25/><E41/><V80/><F80/><N who="0" m="30826" /><D87/><U60/><E60/><V74/><F74/><W90/><G84/><T76/><D76/><U75/><E75/><V107/><F107/><W91/><G90/><T71/><D71/><U19/><E51/><V10/><AGARI ba="0,1" hai="1,4,9,10,15,18,43,46,48,52,56,63,128,129" machi="10" ten="30,12000,2" yaku="1,1,0,1,52,2,54,1,53,1" doraHai="127" doraHaiUra="50" who="2" fromWho="2" sc="313,-30,175,-30,198,130,304,-60" /><INIT seed="4,0,0,0,2,99" ten="283,145,328,244" oya="0" hai0="68,59,1,129,36,87,63,115,53,11,116,118,55" hai1="58,110,131,134,97,109,15,0,73,46,74,128,101" hai2="91,48,125,124,104,49,2,96,35,113,32,18,82" hai3="117,34,66,51,102,27,119,41,76,90,50,39,12"/><T52/><D68/><U77/><E58/><V44/><F2/><W100/><G76/><T67/><D115/><U6/><E15/><V71/><F71/><W127/><G39/><T75/><D75/><N who="1" m="28683" /><E46/><V38/><F113/><W3/><G3/><T107/><D129/><N who="1" m="49739" /><E6/><V84/><F38/><W105/><G66/><T23/><D36/><U93/><E0/><V135/><F135/><W60/><G60/><T21/><D107/><N who="1" m="63919" /><E77/><V106/><F48/><W108/><G12/><T20/><D1/><U88/><E134/><V61/><F61/><W98/><G41/><T81/><REACH who="0" step="1"/><D11/><REACH who="0" ten="273,145,328,244" step="2"/><U80/><E80/><V40/><F82/><W57/><G119/><T121/><D121/><U29/><E29/><V95/><F106/><W10/><G105/><T62/><D62/><U92/><E92/><V122/><F95/><W17/><G117/><T130/><D130/><U7/><E7/><V83/><F83/><W114/><G10/><T22/><N who="0" m="5120" /><DORA hai="47" /><T56/><D56/><U14/><E14/><V64/><F104/><W103/><G57/><T111/><D111/><U78/><E78/><AGARI ba="0,1" hai="52,53,55,59,63,67,78,81,87,116,118" m="5120" machi="78" ten="50,4800,0" yaku="1,1,54,1,53,0" doraHai="99,47" doraHaiUra="120,123" who="0" fromWho="1" sc="273,58,145,-48,328,0,244,0" /><INIT seed="4,1,0,3,2,3" ten="331,97,328,244" oya="0" hai0="118,32,77,20,27,70,51,126,9,108,79,89,100" hai1="46,45,96,81,22,131,16,105,104,31,92,0,2" hai2="55,113,48,35,78,23,134,75,12,37,103,52,102" hai3="26,94,109,69,21,116,107,61,86,60,65,58,124"/><T80/><D118/><U93/><E131/><V38/><F35/><W5/><G116/><T47/><D32/><U57/><E31/><V42/><F113/><W133/><G109/><T121/><D121/><U90/><E2/><V1/><F1/><W95/><G107/><T83/><D70/><U99/><E0/><V72/><F42/><W39/><G39/><T54/><D126/><U82/><E57/><V50/><F12/><W97/><G124/><T33/><D33/><U17/><E22/><V88/><F23/><W59/><G133/><T73/><D108/><U74/><REACH who="1" step="1"/><E90/><REACH who="1" ten="331,87,328,244" step="2"/><V135/><F78/><W127/><G127/><T66/><D89/><AGARI ba="1,1" hai="37,38,48,50,52,55,72,75,88,89,102,103,134,135" machi="89" ten="25,6400,0" yaku="22,2,54,2" doraHai="3" who="2" fromWho="0" sc="331,-67,87,0,328,77,244,0" /><INIT seed="5,0,0,2,0,125" ten="264,87,405,244" oya="1" hai0="116,105,134,119,13,97,73,87,103,78,117,9,48" hai1="6,36,50,0,41,89,28,58,29,35,57,22,2" hai2="122,79,38,107,45,82,7,130,100,55,110,84,94" hai3="8,93,114,76,90,12,115,121,69,86,65,70,77"/><U32/><E36/><V43/><F110/><W74/><G121/><T21/><D134/><U14/><E41/><V30/><F122/><W63/><G70/><T120/><D73/><U132/><E50/><V34/><F130/><W83/><REACH who="3" step="1"/><G76/><REACH who="3" ten="264,87,405,234" step="2"/><T113/><D120/><U46/><E132/><V27/><F107/><W26/><G26/><T23/><D113/><U52/><E46/><V98/><F7/><AGARI ba="0,1" hai="7,8,12,63,65,69,74,77,83,86,90,93,114,115" machi="7" ten="40,1300,0" yaku="1,1,53,0" doraHai="125" doraHaiUra="20" who="3" fromWho="2" sc="264,0,87,0,405,-13,234,23" /><INIT seed="6,0,0,0,5,56" ten="264,87,392,257" oya="2" hai0="122,45,65,57,24,132,70,75,131,20,5,129,110" hai1="52,98,104,7,29,36,15,93,76,84,83,49,35" hai2="16,54,14,116,25,23,18,51,124,9,85,102,97" hai3="33,112,130,123,6,12,109,31,135,59,30,42,108"/><V4/><F116/><W53/><G123/><T22/><D122/><U100/><E36/><V58/><F124/><W34/><G135/><T0/><D110/><U91/><E35/><V78/><F85/><W114/><G42/><T48/><D75/><U105/><E29/><N who="3" m="10762" /><G53/><T74/><D74/><U90/><E105/><V39/><F39/><W47/><G59/><T89/><D70/><U126/><E126/><V77/><REACH who="2" step="1"/><F4/><REACH who="2" ten="264,87,382,257" step="2"/><W11/><G108/><T107/><D5/><U113/><E113/><V3/><F3/><W72/><G109/><T37/><D0/><U118/><E118/><V66/><F66/><W13/><G72/><T60/><D37/><U101/><E104/><AGARI ba="0,1" hai="9,14,16,18,23,25,51,54,58,77,78,97,102,104" machi="104" ten="30,5800,0" yaku="1,1,7,1,54,1,53,0" doraHai="56" doraHaiUra="28" who="2" fromWho="1" sc="264,0,87,-58,382,68,257,0" /><INIT seed="6,1,0,1,5,89" ten="264,29,450,257" oya="2" hai0="20,6,94,49,98,68,114,45,39,18,76,120,21" hai1="28,65,24,46,87,60,93,5,129,115,50,15,125" hai2="71,37,27,81,128,52,14,100,23,108,127,113,35" hai3="134,121,86,80,112,123,67,133,135,32,104,85,88"/><V90/><F71/><W48/><G32/><T54/><D120/><N who="3" m="46153" /><G104/><T82/><D114/><U51/><E115/><V61/><F37/><W7/><G112/><T16/><D68/><U122/><E122/><V72/><F35/><W109/><G109/><T63/><D39/><U92/><E125/><V96/><F127/><W57/><G7/><T47/><D6/><U130/><E5/><V0/><F0/><W79/><G48/><T22/><D47/><U42/><E15/><V38/><F14/><W64/><G57/><T11/><D63/><U83/><E130/><V36/><F128/><W12/><G12/><T110/><D11/><U118/><E129/><V8/><F8/><W55/><G55/><T95/><D110/><U84/><E51/><V126/><F108/><W2/><G2/><T78/><D94/><AGARI ba="1,0" hai="64,67,79,80,85,86,88,94,133,134,135" m="46153" machi="94" ten="40,5200,0" yaku="20,1,52,1,54,1" doraHai="89" who="3" fromWho="0" sc="264,-55,29,0,450,0,257,55" /><INIT seed="7,0,0,1,0,46" ten="209,29,450,312" oya="3" hai0="27,32,49,44,29,62,80,91,129,96,43,2,111" hai1="58,5,76,59,16,31,72,39,102,108,123,115,48" hai2="125,71,99,20,17,86,131,69,74,88,70,9,135" hai3="6,42,51,81,73,93,110,103,41,134,4,133,79"/><W55/><G110/><T34/><D129/><U107/><E39/><V45/><F74/><W54/><G103/><T92/><D111/><U100/><E108/><V105/><F131/><W0/><G93/><T90/><D2/><U68/><E68/><V10/><F125/><W124/><G124/><T98/><D62/><U95/><E107/><V94/><F135/><N who="3" m="51723" /><G55/><T118/><D118/><U8/><E72/><V23/><F105/><W114/><G114/><T83/><D34/><U120/><E115/><V132/><F132/><W38/><G38/><T25/><D25/><U82/><E31/><V78/><F45/><N who="3" m="28015" /><G0/><T112/><D112/><U7/><E95/><AGARI ba="0,0" hai="27,29,32,43,44,49,80,83,90,91,92,95,96,98" machi="95" ten="40,2600,0" yaku="9,1,52,1" doraHai="46" who="0" fromWho="1" sc="209,26,29,-26,450,0,312,0" owari="235,-16.5,3,-49.7,450,55.0,312,11.2" /></mjloggm>