<mjloggm ver="2.3"><GO type="169" lobby="0"/><UN n0="%E6%84%9B%E3%81%AF%E6%AD%A3%E7%BE%A9" n1="%E6%81%8B%E3%81%AE%E3%81%86%E3%81%9F" n2="%E4%B8%8B%E7%B4%9A%E5%9B%BD%E6%B0%91" n3="%E4%BA%8C%E6%8A%9E%E4%BA%BA" dan="16,17,17,16" rate="2053.47,2260.31,2131.12,2032.80" sx="F,M,M,F"/><TAIKYOKU oya="0"/><INIT seed="0,0,0,1,4,73" ten="250,250,250,250" oya="0" hai0="89,4,28,47,18,82,24,135,15,80,107,6,31" hai1="66,45,88,48,122,27,96,9,40,93,63,37,69" hai2="84,124,59,13,108,79,114,72,104,75,42,109,103" hai3="125,92,25,68,7,64,128,26,105,106,43,50,49"/><T58/><D135/><U5/><E27/><V77/><F42/><W118/><G118/><T56/><D107/><U36/><REACH who="1" step="1"/><E122/><REACH who="1" ten="250,240,250,250" step="2"/><V44/><F124/><W99/><G26/><T57/><D24/><U11/><E11/><V95/><F114/><W115/><G25/><T85/><D47/><U29/><E29/><N who="0" m="11337" /><D80/><U90/><E90/><N who="2" m="53703" /><F44/><W83/><G115/><T76/><D89/><U98/><E98/><N who="2" m="61559" /><F13/><AGARI ba="0,1" hai="5,9,13,36,37,40,45,48,63,66,69,88,93,96" machi="13" ten="30,3900,0" yaku="1,1,7,1,54,1,53,0" doraHai="73" doraHaiUra="112" who="1" fromWho="2" sc="250,0,240,49,250,-39,250,0" /><INIT seed="1,0,0,5,3,54" ten="250,289,211,250" oya="1" hai0="8,115,125,104,114,100,31,97,98,6,52,75,95" hai1="35,128,96,29,27,131,101,57,47,55,2,112,91" hai2="74,130,69,94,70,118,79,116,120,20,62,19,123" hai3="67,86,135,42,39,89,9,34,14,90,84,109,117"/><U121/><E112/><V24/><F130/><N who="1" m="49705" /><E2/><V102/><F79/><W25/><G109/><T26/><D75/><U36/><E121/><V65/><F74/><W53/><G67/><T81/><D81/><U63/><E91/><V105/><F105/><W46/><G135/><T49/><D125/><U72/><E72/><V83/><F83/><W33/><G25/><T43/><D43/><N who="1" m="23015" /><E96/><V0/><F70/><W10/><G117/><T13/><D98/><U88/><E88/><V30/><F0/><W126/><G126/><T132/><D132/><U60/><E60/><V110/><F110/><W56/><G89/><T45/><REACH who="0" step="1"/><D104/><REACH who="0" ten="240,289,211,250" step="2"/><U40/><E40/><V22/><F118/><W76/><G86/><T119/><D119/><U66/><E101/><V111/><F116/><W7/><G76/><T80/><D80/><U37/><E37/><V87/><F111/><W16/><G84/><T12/><D12/><U127/><E127/><V133/><F87/><W92/><G90/><T124/><D124/><U64/><AGARI ba="0,1" hai="27,29,35,55,57,63,64,66" m="23015,49705" machi="64" ten="30,3000,0" yaku="19,1,52,1" doraHai="54" who="1" fromWho="1" sc="240,-10,289,40,211,-10,250,-10" /><INIT seed="1,1,0,4,3,70" ten="230,329,201,240" oya="1" hai0="124,1,64,52,117,104,107,135,13,133,3,116,50" hai1="10,14,58,118,82,86,71,81,24,129,23,89,39" hai2="101,34,112,123,110,76,96,42,103,25,130,78,27" hai3="88,49,16,40,59,12,93,92,108,2,51,26,63"/><U109/><E118/><N who="0" m="45673" /><D64/><U45/><E129/><V21/><F123/><W131/><G2/><N who="0" m="523" /><D13/><U126/><E126/><V53/><F130/><W36/><G131/><T65/><D65/><U43/><E109/><V84/><F110/><W85/><G108/><T119/><N who="0" m="45681" /><T20/><DORA hai="134" /><D20/><U18/><E71/><V77/><F112/><W97/><G26/><T66/><D66/><U73/><E73/><V57/><F34/><W60/><G60/><T17/><D17/><U132/><E132/><N who="0" m="50761" /><D124/><U46/><E46/><AGARI ba="1,0" hai="46,50,52,104,107" m="50761,523,45681" machi="46" ten="50,3200,0" yaku="20,1,54,1" doraHai="70,134" who="0" fromWho="1" sc="230,35,329,-35,201,0,240,0" /><INIT seed="2,0,0,0,2,90" ten="265,294,201,240" oya="2" hai0="78,129,114,16,57,19,1,40,75,71,124,15,31" hai1="132,14,133,72,43,94,5,3,73,37,54,127,79" hai2="24,116,96,65,9,21,46,36,121,89,110,107,60" hai3="26,10,109,131,119,112,70,66,49,88,38,35,135"/><V2/><F116/><W51/><G119/><T45/><D114/><U63/><E14/><V126/><F121/><W28/><G38/><T58/><D71/><U33/><E33/><V56/><F126/><W25/><G112/><T11/><D124/><U98/><E127/><V67/><F107/><W122/><G122/><T64/><D129/><U93/><E54/><V105/><F105/><W32/><G109/><T68/><D31/><U76/><E63/><V0/><F67/><W82/><G10/><T95/><D1/><U80/><E98/><V61/><F61/><W53/><G131/><T100/><D68/><U8/><E79/><V12/><F110/><W55/><G66/><T120/><D120/><U7/><E72/><V108/><F108/><W59/><G70/><T18/><D78/><U103/><E5/><V17/><F46/><W97/><G135/><N who="1" m="51786" /><E103/><V42/><F42/><W92/><G82/><T128/><D75/><U134/><N who="1" m="51794" /><U86/><DORA hai="6" /><E86/><V102/><F36/><W74/><G74/><T22/><D128/><U115/><E115/><V50/><F50/><W111/><G111/><T85/><D64/><U117/><E117/><V13/><F13/><W41/><G41/><T77/><D77/><U30/><E30/><V29/><REACH who="2" step="1"/><F102/><REACH who="2" ten="265,294,191,240" step="2"/><W47/><REACH who="3" step="1"/><G25/><REACH who="3" ten="265,294,191,230" step="2"/><N who="0" m="14535" /><D40/><U101/><E101/><V20/><F20/><AGARI ba="0,2" hai="20,26,28,32,35,47,49,51,53,55,59,88,92,97" machi="20" ten="30,12000,2" yaku="1,1,7,1,52,1,54,1,53,2" doraHai="90,6" doraHaiUra="48,106" who="3" fromWho="2" sc="265,0,294,0,191,-120,230,140" /><INIT seed="3,0,0,5,1,56" ten="265,294,71,370" oya="3" hai0="79,27,97,12,31,107,73,49,127,43,93,98,38" hai1="133,82,32,74,132,101,99,60,10,29,135,13,72" hai2="36,61,85,51,46,87,124,130,77,69,26,2,1" hai3="47,115,103,83,30,0,3,15,14,62,41,117,126"/><W106/><G117/><T59/><D127/><U19/><E82/><V18/><F130/><W70/><G115/><T125/><D125/><U90/><E90/><V131/><F131/><W67/><G126/><T6/><D38/><U53/><E29/><V42/><F124/><W28/><G15/><T86/><D73/><U17/><E32/><V112/><F112/><W40/><G40/><T121/><D121/><U64/><E53/><V91/><F36/><W21/><G30/><T105/><D105/><U39/><E19/><V5/><F77/><W100/><G83/><N who="0" m="47487" /><D107/><U78/><E78/><V54/><F5/><W88/><G88/><N who="0" m="55463" /><D98/><U111/><E111/><V114/><F114/><W35/><G103/><T48/><D43/><U92/><REACH who="1" step="1"/><E39/><REACH who="1" ten="265,284,71,370" step="2"/><V76/><F76/><W55/><G35/><T58/><D27/><U89/><E89/><V57/><F87/><W33/><G33/><T80/><D80/><U120/><E120/><V22/><REACH who="2" step="1"/><F69/><AGARI ba="0,1" hai="10,13,17,60,64,69,72,74,92,99,101,132,133,135" machi="69" ten="40,5200,0" yaku="1,1,20,1,52,1,53,0" doraHai="56" doraHaiUra="118" who="1" fromWho="2" sc="265,0,284,62,71,-52,370,0" /><INIT seed="4,0,0,1,3,123" ten="265,346,19,370" oya="0" hai0="58,63,12,33,5,23,115,127,19,108,30,18,14" hai1="45,62,54,112,36,3,129,97,77,32,117,118,80" hai2="82,57,101,53,24,105,51,78,25,89,114,111,85" hai3="46,61,13,31,20,26,98,59,17,103,122,76,22"/><T64/><D115/><U128/><E32/><V95/><F114/><W100/><G122/><T52/><D127/><U15/><E3/><V34/><F34/><W55/><G76/><T49/><D5/><U8/><E97/><V68/><F68/><W92/><REACH who="3" step="1"/><G46/><REACH who="3" ten="265,346,19,360" step="2"/><T50/><D108/><U110/><E112/><V104/><F104/><W69/><G69/><T65/><D30/><U84/><E110/><V130/><F130/><N who="1" m="50281" /><E36/><V93/><F93/><W37/><G37/><T113/><D113/><U29/><E29/><V81/><F81/><W7/><G7/><T88/><D33/><U83/><E83/><V131/><F131/><W87/><G87/><T119/><D119/><U99/><E99/><V11/><F111/><W94/><G94/><T67/><REACH who="0" step="1"/><D88/><AGARI ba="0,1" hai="13,17,20,22,26,31,55,59,61,88,92,98,100,103" machi="88" ten="30,8000,1" yaku="1,1,7,1,8,1,54,1,53,1" doraHai="123" doraHaiUra="48" who="3" fromWho="0" sc="265,-80,346,0,19,0,360,90" /><INIT seed="5,0,0,5,4,56" ten="185,346,19,450" oya="1" hai0="135,104,67,30,46,10,61,77,110,124,118,115,1" hai1="8,51,40,29,90,100,53,0,31,94,22,132,16" hai2="2,123,86,14,3,121,20,91,41,9,99,33,36" hai3="57,126,85,58,47,69,21,25,92,84,34,73,117"/><U66/><E132/><V35/><F36/><W72/><G34/><N who="2" m="12809" /><F41/><W129/><G69/><T112/><D46/><U43/><E100/><V111/><F86/><W49/><G126/><T37/><D61/><U65/><E0/><N who="2" m="43" /><F91/><W81/><G129/><T42/><D30/><N who="1" m="11275" /><E8/><V89/><F89/><N who="3" m="53287" /><G73/><T32/><D10/><U133/><E133/><V76/><F99/><W109/><G109/><T27/><D27/><N who="1" m="14791" /><E40/><V4/><F76/><N who="3" m="46247" /><G117/><T96/><D42/><U50/><E43/><V70/><F70/><W55/><G72/><T62/><D135/><U101/><E101/><V71/><F71/><W28/><AGARI ba="0,0" hai="21,25,28,47,49,55,57,58" m="46247,53287" machi="28" ten="30,1100,0" yaku="8,1" doraHai="56" who="3" fromWho="3" sc="185,-3,346,-5,19,-3,450,11" /><INIT seed="6,0,0,5,0,55" ten="182,341,16,461" oya="2" hai0="69,93,10,58,97,95,80,20,49,1,44,48,26" hai1="6,74,119,116,98,18,53,19,117,60,3,84,35" hai2="68,106,89,41,66,128,129,83,90,29,54,108,109" hai3="114,27,4,37,71,22,61,33,28,7,39,34,51"/><V86/><F29/><W16/><G71/><T133/><D69/><U8/><E74/><V82/><F41/><W9/><G61/><T50/><D133/><U77/><E35/><V13/><F13/><N who="3" m="9487" /><G51/><T65/><D80/><U104/><E104/><V127/><F66/><W87/><G87/><T135/><D135/><U100/><E77/><V130/><F68/><W75/><G75/><T122/><D122/><U59/><REACH who="1" step="1"/><E84/><REACH who="1" ten="182,331,16,461" step="2"/><N who="2" m="50327" /><F54/><W99/><G34/><T32/><D32/><U17/><E17/><V30/><F30/><W64/><G28/><T15/><D97/><U113/><E113/><V46/><F46/><W112/><G99/><T107/><D107/><U134/><E134/><V67/><F67/><W43/><G64/><T118/><D44/><U120/><E120/><V47/><F47/><W21/><G33/><T38/><D118/><U52/><E52/><V81/><F106/><W92/><G114/><T31/><D65/><U91/><E91/><N who="2" m="51663" /><F127/><W88/><G112/><T23/><D31/><U103/><E103/><V78/><F90/><W79/><G88/><T5/><D1/><U14/><E14/><V126/><F126/><W63/><G79/><T72/><D72/><AGARI ba="0,1" hai="72,78,83,108,109,128,129,130" m="51663,50327" machi="72" ten="30,5800,0" yaku="19,1,34,2" doraHai="55" who="2" fromWho="0" sc="182,-58,331,0,16,68,461,0" /><INIT seed="6,1,0,4,5,39" ten="124,331,84,461" oya="2" hai0="50,117,132,128,60,65,12,105,74,21,130,47,91" hai1="96,95,2,106,18,123,9,78,127,43,87,13,115" hai2="19,57,49,5,121,40,58,94,32,33,111,124,20" hai3="79,0,112,36,30,101,38,25,66,46,59,120,83"/><V131/><F121/><W133/><G120/><T64/><D74/><U45/><E115/><V100/><F131/><N who="0" m="50218" /><D117/><U16/><E127/><V56/><F124/><W7/><G112/><T8/><D105/><U82/><E2/><V119/><F119/><W116/><G59/><T76/><D76/><U109/><E109/><V90/><F100/><W134/><G101/><T86/><D132/><U14/><E106/><V102/><F102/><W35/><G66/><T114/><D21/><U10/><E123/><V34/><F5/><W81/><G81/><N who="0" m="49615" /><D60/><U55/><E55/><V99/><F111/><W135/><G116/><T71/><D71/><U53/><E53/><V72/><F72/><W129/><G129/><T104/><D104/><U29/><E29/><V69/><F69/><W126/><G126/><T77/><D77/><U48/><E95/><V73/><F73/><W125/><G83/><T107/><D107/><U31/><E31/><V37/><F37/><W80/><G125/><T70/><D70/><U15/><E15/><V27/><REACH who="2" step="1"/><F49/><REACH who="2" ten="124,331,74,461" step="2"/><W17/><G38/><T24/><D114/><U85/><E85/><V103/><F103/><W11/><G36/><T41/><D24/><U113/><E113/><V51/><F51/><W22/><G133/><T52/><D52/><U6/><E96/><V84/><F84/><N who="3" m="48159" /><G134/><T108/><D108/><U44/><E44/><V110/><F110/><W67/><G46/><T75/><D75/><U98/><E98/><V118/><F118/><W63/><G135/><T3/><D3/><U62/><E6/><AGARI ba="1,1" hai="6,8,12,41,47,50,64,65" m="49615,50218" machi="6" ten="30,2000,0" yaku="19,1,52,1" doraHai="39" who="0" fromWho="1" sc="124,33,331,-23,74,0,461,0" /><INIT seed="7,0,0,1,0,3" ten="157,308,74,461" oya="3" hai0="107,11,69,111,127,94,108,49,19,84,10,38,73" hai1="44,50,130,27,76,72,112,98,23,17,132,24,114" hai2="90,128,6,120,77,110,129,68,115,30,123,133,119" hai3="33,56,102,2,96,13,70,16,91,35,65,40,85"/><W124/><G2/><T83/><D38/><U7/><E76/><V82/><F68/><W51/><G70/><T61/><D127/><U15/><E72/><N who="2" m="43303" /><F30/><W58/><G124/><T80/><D107/><U21/><E98/><V118/><F6/><W87/><G35/><T25/><D94/><U66/><E66/><V8/><F8/><W36/><G33/><T81/><D49/><U117/><E50/><V89/><F110/><W31/><G31/><T5/><D73/><U54/><E54/><V79/><F79/><W34/><G34/><T121/><D121/><N who="2" m="46666" /><F115/><N who="1" m="44073" /><E44/><V95/><F133/><W0/><G36/><T26/><D69/><U78/><E78/><V109/><F109/><W75/><G75/><T18/><D61/><U53/><E53/><V28/><F28/><W122/><G65/><T97/><D108/><U20/><E132/><V59/><F59/><W100/><G56/><T116/><D111/><U88/><E117/><N who="2" m="44555" /><F95/><W57/><G57/><T86/><D116/><U71/><E71/><V55/><F55/><W46/><G58/><T67/><D67/><U62/><E62/><V43/><F43/><W74/><G40/><T126/><D26/><U135/><E27/><V113/><F113/><W42/><G42/><T105/><D25/><U93/><E135/><V99/><F99/><W45/><G96/><T37/><D37/><U52/><E24/><V39/><F39/><W29/><G46/><T64/><D64/><U1/><E52/><V63/><F63/><W60/><G60/><T14/><D126/><U101/><E93/><V32/><F32/><W22/><G122/><RYUUKYOKU ba="0,0" sc="157,-10,308,-10,74,30,461,-10" hai2="89,90,128,129" owari="147,-25.3,298,9.8,104,-39.6,451,55.1" /></mjloggm>