<mjloggm ver="2.3"><GO type="169" lobby="0"/><UN n0="%E3%83%AD%E3%83%99%E3%83%AB%E3%82%BF%E3%81%95%E3%82%93%EF%BC%A0" n1="%E7%89%A7%E5%A0%B4%E3%81%AE%E5%B0%8F%E5%A5%B3" n2="%E3%81%92%E3%82%93%E3%81%9F%E3%82%8B" n3="%E3%82%88%E3%82%8D%E3%81%97%E3%81%8F%E3%81%A7%E3%81%99%E2%99%AA" dan="16,17,16,17" rate="2130.08,2194.93,2055.62,2206.59" sx="F,F,M,F"/><TAIKYOKU oya="0"/><INIT seed="0,0,0,0,5,111" ten="250,250,250,250" oya="0" hai0="52,31,103,32,83,110,121,101,126,88,18,67,78" hai1="76,125,73,123,6,57,28,62,77,69,50,133,9" hai2="23,4,11,81,15,5,119,79,74,85,45,92,102" hai3="44,61,16,33,108,122,130,14,19,64,8,27,86"/><T51/><D121/><U117/><E117/><V53/><F119/><W35/><G108/><T36/><D126/><U105/><E123/><V132/><F132/><W48/><G122/><T58/><D110/><U120/><E120/><V112/><F112/><W91/><G130/><T96/><D36/><U97/><E28/><V46/><F74/><W118/><G118/><T75/><D67/><U56/><E69/><V66/><F66/><W26/><G33/><T82/><D18/><U80/><E77/><V3/><F3/><W29/><G19/><T90/><D103/><U68/><E125/><V41/><F4/><W87/><G27/><T60/><D83/><U95/><E105/><V43/><F23/><W127/><G91/><T104/><REACH who="0" step="1"/><D60/><REACH who="0" ten="240,250,250,250" step="2"/><U99/><E133/><V131/><F131/><W124/><G124/><T20/><D20/><U59/><E62/><V37/><F102/><W93/><G127/><T55/><D55/><U38/><E38/><V49/><F53/><W1/><G61/><T21/><D21/><U114/><E80/><V12/><F12/><W2/><G64/><T10/><D10/><U13/><E9/><V109/><F109/><W135/><G135/><T89/><D89/><U40/><E13/><V134/><F134/><W106/><G14/><T65/><D65/><U34/><E68/><V24/><F24/><AGARI ba="0,1" hai="24,31,32,51,52,58,75,78,82,88,90,96,101,104" machi="24" ten="40,7700,0" yaku="1,1,54,2,53,0" doraHai="111" doraHaiUra="128" who="0" fromWho="2" sc="240,87,250,0,250,-77,250,0" /><INIT seed="0,1,0,2,3,84" ten="327,250,173,250" oya="0" hai0="72,133,105,47,135,100,22,88,75,53,9,130,120" hai1="18,123,24,13,119,25,90,127,62,41,83,11,99" hai2="70,98,55,33,110,126,2,59,92,0,74,58,1" hai3="49,8,118,61,45,115,4,82,65,19,111,95,37"/><T57/><D120/><U3/><E119/><V122/><F33/><W17/><G115/><T108/><D130/><U128/><E123/><V97/><F70/><W30/><G118/><T96/><D108/><U101/><E128/><V39/><F74/><W125/><G37/><T27/><D47/><U117/><E117/><V85/><F110/><W91/><G111/><T80/><D9/><U26/><E127/><V106/><F122/><W94/><G30/><T109/><D109/><U69/><E3/><V66/><F39/><W48/><G82/><T52/><D53/><U40/><E69/><V36/><F36/><W46/><G125/><T15/><D15/><U68/><E68/><V131/><F126/><W42/><G95/><N who="0" m="56423" /><D80/><U132/><E132/><N who="0" m="50761" /><D100/><U6/><E6/><V29/><F131/><W113/><G113/><T104/><D75/><U78/><E78/><V43/><F43/><W50/><G4/><T63/><D72/><U134/><E134/><V87/><F106/><W129/><G129/><T34/><D34/><U44/><E44/><V102/><F66/><W67/><G8/><T112/><D112/><U107/><E40/><V14/><F98/><N who="3" m="57695" /><G46/><T10/><D10/><U124/><E124/><V93/><F14/><W114/><G114/><T28/><AGARI ba="1,0" hai="22,27,28,52,57,63,104,105" m="50761,56423" machi="28" ten="30,11700,0" yaku="20,1,52,1,54,2" doraHai="84" who="0" fromWho="0" sc="327,120,250,-40,173,-40,250,-40" /><INIT seed="0,2,0,2,5,30" ten="447,210,133,210" oya="0" hai0="125,57,2,62,35,60,131,109,89,129,96,26,58" hai1="20,24,41,114,93,106,69,83,25,128,42,121,29" hai2="84,115,102,86,71,0,123,27,47,74,28,130,53" hai3="108,82,68,33,50,61,98,120,7,46,11,18,9"/><T107/><D125/><U126/><E106/><V3/><F74/><W135/><G120/><T132/><D132/><U76/><E69/><V88/><F71/><W10/><G135/><T127/><D2/><U23/><E121/><V112/><F123/><W67/><G108/><T51/><D127/><U55/><E126/><V54/><F102/><W72/><G98/><T40/><D109/><U85/><E128/><V12/><F130/><W66/><G66/><T34/><D26/><U104/><E104/><V95/><F12/><W64/><G67/><T59/><D59/><U111/><E111/><V1/><F84/><W65/><G65/><T117/><D107/><U15/><E15/><V22/><REACH who="2" step="1"/><F47/><REACH who="2" ten="447,210,123,210" step="2"/><W80/><G72/><T32/><D129/><U97/><E114/><AGARI ba="2,1" hai="0,1,3,22,27,28,53,54,86,88,95,112,114,115" machi="114" ten="50,6400,0" yaku="1,1,2,1,54,1,53,0" doraHai="30" doraHaiUra="113" who="2" fromWho="1" sc="447,0,210,-70,123,80,210,0" /><INIT seed="1,0,0,3,3,14" ten="447,140,203,210" oya="1" hai0="24,76,131,135,51,92,56,72,19,80,118,75,13" hai1="17,42,30,127,0,34,11,50,37,111,66,82,7" hai2="93,100,71,83,49,89,112,98,105,39,65,27,36" hai3="25,5,73,81,102,23,9,67,119,43,45,26,20"/><U16/><E66/><V18/><F112/><W101/><G119/><T91/><D118/><U90/><E37/><V28/><F83/><W125/><G125/><T55/><D131/><U32/><E127/><V47/><F65/><W48/><G67/><T61/><D135/><U124/><E124/><V2/><F71/><W134/><G134/><T132/><D132/><U44/><E111/><V121/><F2/><W8/><G73/><T117/><D75/><U53/><E42/><V3/><F3/><W21/><G81/><T79/><D79/><U107/><E107/><V52/><F121/><W62/><G62/><T40/><D24/><U12/><E30/><V113/><F113/><W15/><REACH who="3" step="1"/><G9/><REACH who="3" ten="447,140,203,200" step="2"/><T57/><D80/><U97/><E0/><V41/><F41/><W22/><N who="3" m="5120" /><DORA hai="4" /><W96/><G96/><T94/><D72/><U114/><E114/><V109/><F109/><W77/><G77/><T58/><D76/><U68/><E68/><V110/><F110/><W128/><G128/><T133/><D61/><U123/><E123/><V106/><F106/><W115/><G115/><T31/><D40/><U38/><E38/><V104/><F104/><W85/><G85/><T1/><D117/><U59/><E97/><N who="2" m="57519" /><F36/><W87/><G87/><T126/><D126/><U95/><E82/><V6/><F39/><W63/><G63/><T130/><D130/><U116/><E116/><V122/><F122/><W88/><G88/><T129/><D91/><U69/><E69/><V29/><F105/><W35/><G35/><N who="1" m="13354" /><E90/><V103/><F98/><W54/><G54/><T46/><D129/><RYUUKYOKU ba="0,1" sc="447,-10,140,-10,203,-10,200,30" hai3="5,8,15,25,26,43,45,48,101,102" /><INIT seed="2,1,1,3,0,135" ten="437,130,193,230" oya="2" hai0="80,103,110,109,51,94,99,79,54,114,117,21,12" hai1="48,38,42,93,133,25,82,105,44,113,86,37,97" hai2="74,45,85,19,4,53,1,28,75,31,76,101,112" hai3="84,81,55,62,57,66,17,63,87,120,124,13,32"/><V46/><F112/><W7/><G120/><T47/><D114/><U100/><E133/><V121/><F121/><W134/><G134/><T107/><D117/><U67/><E113/><V5/><F101/><W36/><G36/><T102/><D12/><U3/><E3/><V91/><F76/><W68/><G32/><T40/><D21/><U43/><E67/><V2/><F19/><W41/><G41/><T18/><D18/><U127/><E127/><V130/><F130/><W131/><G131/><T89/><D40/><U20/><E105/><V39/><F53/><W23/><G124/><T10/><D10/><U69/><E69/><V111/><F111/><N who="0" m="42506" /><D107/><U50/><E50/><V96/><F96/><W8/><REACH who="3" step="1"/><G81/><REACH who="3" ten="437,130,193,220" step="2"/><T34/><D34/><U27/><E43/><V70/><F39/><W49/><G49/><T116/><D116/><U104/><E38/><V83/><F83/><W90/><G90/><T108/><D108/><U59/><E37/><V123/><F91/><W11/><G11/><T98/><D89/><U60/><E82/><V115/><F123/><W56/><G56/><T15/><D80/><U30/><E59/><V77/><F115/><W22/><G22/><T88/><D88/><U71/><E48/><V73/><F70/><W33/><G33/><T52/><D51/><U92/><E71/><V61/><F77/><W125/><G125/><T58/><D79/><U16/><E42/><V128/><F128/><W129/><G129/><T106/><D58/><U132/><E132/><V78/><F78/><W118/><G118/><T9/><D9/><U14/><E20/><RYUUKYOKU ba="1,2" sc="437,-10,130,-10,193,-10,220,30" hai3="7,8,13,17,23,55,57,62,63,66,68,84,87" /><INIT seed="3,2,2,0,5,43" ten="427,120,183,250" oya="3" hai0="91,32,120,0,105,9,28,36,107,132,127,39,114" hai1="7,3,106,92,56,79,100,38,110,11,134,23,89" hai2="16,60,40,96,42,84,121,85,133,97,75,22,58" hai3="17,18,65,61,98,1,21,108,72,59,66,76,27"/><W46/><G1/><T74/><RYUUKYOKU type="yao9" ba="2,2" sc="427,0,120,0,183,0,250,0" hai0="0,9,28,32,36,39,74,91,105,107,114,120,127,132" /><INIT seed="3,3,2,0,5,134" ten="427,120,183,250" oya="3" hai0="58,65,45,85,132,61,25,59,9,101,114,1,51" hai1="13,88,5,115,122,10,4,120,95,14,47,110,52" hai2="37,108,64,73,17,49,63,71,62,105,111,89,60" hai3="121,109,55,99,7,30,15,28,46,20,16,129,83"/><W124/><G121/><T119/><D119/><U104/><E104/><V106/><F73/><W100/><G129/><T72/><D72/><U43/><E115/><V68/><F37/><W19/><G109/><N who="2" m="42057" /><F89/><W44/><G124/><T33/><D132/><U53/><E110/><V135/><F135/><W22/><G7/><T29/><D114/><U97/><E122/><V31/><F31/><W116/><G116/><T133/><D133/><U67/><E67/><V79/><F79/><W103/><G83/><T112/><D112/><U125/><E125/><V0/><F0/><W92/><G103/><T41/><D101/><U107/><E107/><N who="2" m="40971" /><F49/><N who="3" m="29095" /><G46/><T42/><D42/><U91/><E91/><V32/><F17/><W56/><G56/><T94/><D94/><U39/><REACH who="1" step="1"/><E120/><REACH who="1" ten="427,110,183,250" step="2"/><V12/><F64/><W2/><G2/><T40/><D65/><U6/><E6/><V130/><F130/><W90/><G90/><T36/><D1/><U24/><E24/><AGARI ba="3,3" hai="15,16,19,20,22,24,28,30,92,99,100" m="29095" machi="24" ten="30,2900,0" yaku="8,1,54,1" doraHai="134" who="3" fromWho="1" sc="427,0,110,-38,183,0,250,68" /><INIT seed="3,4,0,0,5,108" ten="427,72,183,318" oya="3" hai0="123,2,14,39,125,103,97,33,60,95,34,63,115" hai1="117,128,85,51,74,49,20,86,99,90,68,36,69" hai2="41,133,5,66,26,122,70,8,134,110,18,55,45" hai3="84,135,75,124,24,46,52,118,76,37,15,13,27"/><W67/><G118/><T113/><D123/><U107/><E36/><V22/><F110/><W119/><G119/><T120/><D2/><U73/><E117/><V131/><F122/><W121/><G121/><T0/><D0/><U79/><E20/><V130/><F55/><W88/><G124/><T32/><D120/><U109/><E99/><V112/><F66/><W126/><G126/><T102/><D125/><U16/><E109/><V106/><F106/><W62/><G135/><N who="2" m="51721" /><F70/><W82/><G37/><T57/><D39/><U114/><E107/><V116/><F116/><W65/><G65/><T71/><D71/><U53/><E53/><V17/><F17/><W129/><G129/><N who="2" m="49161" /><F45/><W23/><G27/><T28/><D28/><U93/><E128/><V42/><F41/><W101/><G101/><T30/><D30/><U100/><E100/><V132/><N who="2" m="51729" /><V64/><DORA hai="48" /><F64/><W98/><G67/><T83/><D103/><U72/><E16/><V105/><F42/><W9/><G9/><T3/><D102/><U7/><E68/><V44/><F44/><W77/><G46/><T35/><D57/><U11/><E69/><V94/><F94/><N who="3" m="56647" /><G75/><T12/><D95/><U87/><E73/><V104/><F112/><W91/><G15/><AGARI ba="4,0" hai="5,8,15,18,22,26,104,105" m="49161,51729" machi="15" ten="40,2600,0" yaku="20,1,19,1" doraHai="108,48" who="2" fromWho="3" sc="427,0,72,0,183,38,318,-38" /><INIT seed="4,0,0,4,1,85" ten="427,72,221,280" oya="0" hai0="54,32,105,99,118,101,65,92,18,66,56,77,89" hai1="117,112,129,4,41,48,80,131,5,22,115,72,120" hai2="130,119,55,96,47,74,50,38,29,28,1,70,53" hai3="9,17,110,59,114,107,83,71,15,35,0,106,128"/><T58/><D118/><U100/><E48/><V36/><F74/><W27/><G110/><T30/><D77/><U134/><E41/><V79/><F70/><W87/><G71/><T2/><D2/><U10/><E100/><V90/><F1/><W40/><G128/><N who="1" m="49226" /><E72/><V125/><F119/><W62/><G114/><N who="1" m="43562" /><E117/><V51/><F79/><W75/><G75/><T23/><D30/><U82/><E120/><V44/><F125/><W133/><G0/><T43/><D32/><U20/><E10/><V45/><F130/><W60/><G40/><T68/><D68/><U135/><E82/><V63/><F63/><W78/><G60/><T123/><D43/><U126/><E80/><V7/><F7/><N who="1" m="2633" /><E126/><V3/><F3/><W64/><G107/><T8/><D8/><U93/><E93/><N who="2" m="56375" /><F36/><W86/><G106/><T57/><D54/><N who="2" m="20490" /><F38/><W95/><G62/><T116/><D123/><U124/><E124/><V26/><F26/><W13/><G27/><T73/><D73/><U14/><E14/><V84/><F84/><W39/><G87/><T103/><D116/><U52/><E52/><V33/><F33/><W6/><G35/><T37/><D37/><U111/><E111/><V16/><F16/><W19/><G19/><T104/><D104/><U113/><N who="1" m="43570" /><U88/><DORA hai="25" /><E88/><V132/><F132/><AGARI ba="0,0" hai="20,22,132,134,135" m="2633,43570,49226" machi="132" ten="50,16000,3" yaku="28,2,20,1,19,1,15,1,11,1,34,2" doraHai="85,25" who="1" fromWho="2" sc="427,0,72,160,221,-160,280,0" /><INIT seed="5,0,0,0,2,97" ten="427,232,61,280" oya="1" hai0="85,19,117,108,43,67,88,124,52,74,87,110,33" hai1="64,83,123,30,40,47,130,73,121,90,75,24,60" hai2="132,39,1,68,111,31,96,50,92,72,2,21,89" hai3="66,98,56,13,113,131,116,109,20,17,38,45,105"/><U23/><E130/><V41/><F68/><W34/><G109/><T128/><D74/><U91/><E123/><V99/><F39/><W37/><G113/><T9/><D33/><U57/><E121/><V54/><F72/><W120/><G120/><T5/><D117/><U118/><E118/><V51/><F111/><W69/><G131/><T8/><D124/><U11/><E11/><V42/><F132/><W127/><G127/><T70/><D43/><U86/><REACH who="1" step="1"/><E91/><REACH who="1" ten="427,222,61,280" step="2"/><V79/><F79/><W94/><G116/><T25/><D88/><U114/><E114/><V106/><F1/><W49/><G38/><AGARI ba="0,1" hai="23,24,30,38,40,47,57,60,64,73,75,83,86,90" machi="38" ten="30,2900,0" yaku="1,1,7,1,53,0" doraHai="97" doraHaiUra="29" who="1" fromWho="3" sc="427,0,222,39,61,0,280,-29" /><INIT seed="5,1,0,3,1,87" ten="427,261,61,251" oya="1" hai0="98,104,8,91,100,64,99,49,75,86,132,113,101" hai1="73,106,22,115,112,39,71,96,114,93,9,127,135" hai2="18,128,97,11,56,57,1,82,81,66,27,30,34" hai3="116,108,131,103,120,5,28,45,92,84,51,0,14"/><U19/><E135/><V17/><F128/><W102/><G108/><T53/><D113/><U65/><E127/><V121/><F121/><W47/><G120/><T10/><D75/><U55/><E73/><V13/><F18/><W83/><G131/><T24/><D24/><U4/><E39/><V130/><F130/><W79/><G0/><T89/><D64/><U88/><E106/><V48/><F97/><W12/><G116/><T78/><D78/><U38/><E38/><V60/><F1/><W76/><G76/><T110/><D110/><U126/><E126/><V134/><F134/><W16/><G28/><T105/><D132/><U117/><E117/><V7/><F7/><W122/><G122/><T29/><D29/><U80/><E80/><V26/><F26/><W72/><G72/><T41/><D41/><U70/><E55/><V124/><F124/><W37/><G37/><T85/><D49/><U44/><E44/><V36/><F36/><W118/><G118/><T94/><REACH who="0" step="1"/><D53/><REACH who="0" ten="417,261,61,251" step="2"/><U59/><E65/><V20/><F34/><W63/><G51/><T77/><D77/><U123/><E123/><V107/><F107/><W40/><G40/><T46/><D46/><U54/><E54/><AGARI ba="1,1" hai="11,13,17,20,27,30,48,54,56,57,60,66,81,82" machi="54" ten="40,1300,0" yaku="8,1" doraHai="87" who="2" fromWho="1" sc="417,0,261,-16,61,26,251,0" /><INIT seed="6,0,0,1,1,40" ten="417,245,87,251" oya="2" hai0="98,119,60,130,1,110,64,45,53,43,107,39,91" hai1="115,135,37,122,102,55,81,95,78,42,38,103,113" hai2="90,48,31,99,35,123,41,30,14,86,65,58,7" hai3="87,51,121,69,111,10,16,114,12,0,134,11,62"/><V131/><F123/><W9/><G121/><T56/><D130/><U21/><E122/><V89/><F131/><W5/><G111/><T8/><D110/><U118/><E118/><V75/><F75/><W28/><G134/><T50/><D119/><U26/><E55/><V79/><F35/><W117/><G117/><T104/><D98/><N who="1" m="59743" /><E42/><V108/><F108/><W96/><G114/><N who="1" m="43530" /><E103/><V77/><F65/><W124/><G124/><T44/><REACH who="0" step="1"/><D91/><REACH who="0" ten="407,245,87,251" step="2"/><U97/><E135/><V125/><F125/><W101/><G96/><T32/><D32/><U23/><E97/><V132/><F132/><W63/><G101/><T70/><D70/><U61/><E61/><V72/><F72/><W34/><G63/><T46/><D46/><U85/><E23/><V54/><F41/><W52/><G62/><T17/><D17/><AGARI ba="0,1" hai="17,21,26,37,38,78,81,85" m="43530,59743" machi="17" ten="30,1000,0" yaku="15,1" doraHai="40" who="1" fromWho="0" sc="407,-10,245,20,87,0,251,0" /><INIT seed="7,0,0,2,3,115" ten="397,265,87,251" oya="3" hai0="24,47,58,14,114,80,55,62,103,31,29,59,106" hai1="28,99,130,98,94,121,74,125,38,56,69,111,57" hai2="3,85,45,32,53,95,10,126,78,0,8,71,122" hai3="110,18,11,42,82,72,46,120,100,65,129,70,113"/><W34/><G120/><T40/><D114/><U39/><E74/><V51/><F32/><W21/><G34/><T133/><D133/><U36/><E121/><V52/><F71/><W123/><G123/><T91/><D24/><U117/><E69/><V41/><F122/><W22/><G113/><T92/><D80/><U7/><E7/><V76/><F126/><W102/><G129/><T134/><D134/><U89/><E111/><V19/><F0/><W63/><G110/><T35/><D35/><U88/><E125/><V107/><F107/><W67/><G67/><T81/><D81/><U112/><E112/><V44/><F3/><W25/><G11/><T77/><D77/><U43/><E43/><V116/><F116/><W66/><G66/><T12/><D59/><U109/><E109/><V60/><F19/><W30/><G82/><T73/><D73/><U108/><E108/><V23/><F23/><W127/><G72/><T17/><D12/><U50/><E28/><V118/><F118/><W4/><G4/><T124/><D103/><U26/><E26/><V15/><F95/><W132/><G132/><T83/><D83/><U75/><E75/><V97/><F97/><W119/><G119/><T84/><D106/><U68/><E68/><V13/><F85/><W64/><G64/><T61/><D124/><U135/><E135/><V101/><F101/><W37/><REACH who="3" step="1"/><G127/><REACH who="3" ten="397,265,87,241" step="2"/><T128/><D128/><U93/><E130/><V49/><REACH who="2" step="1"/><F60/><REACH who="2" ten="397,265,77,241" step="2"/><W1/><G1/><T48/><D62/><U79/><E117/><V9/><F9/><AGARI ba="0,2" hai="9,14,17,29,31,40,47,48,55,58,61,84,91,92" machi="9" ten="30,2000,0" yaku="7,1,8,1" doraHai="115" who="0" fromWho="2" sc="397,40,265,0,77,-20,241,0" owari="437,53.7,265,6.5,57,-44.3,241,-15.9" /></mjloggm>