<mjloggm ver="2.3"><GO type="169" lobby="0"/><UN n0="%E3%81%9F%E3%81%8B%E3%81%AA" n1="%62%6B%78" n2="%E3%82%B5%E3%83%AF%E3%83%B3%E3%82%B3%E3%83%95" n3="%E3%81%8A%E3%81%98%E3%81%95%E3%82%93" dan="19,16,16,17" rate="2242.86,2053.98,2183.62,2228.89" sx="M,M,M,M"/><TAIKYOKU oya="0"/><INIT seed="0,0,0,4,1,109" ten="250,250,250,250" oya="0" hai0="71,26,13,22,21,48,123,7,74,113,62,105,37" hai1="47,27,54,49,95,3,38,118,44,14,5,127,17" hai2="39,72,78,108,119,116,42,36,128,12,86,98,61" hai3="99,45,92,121,107,34,122,90,66,9,97,91,40"/><T67/><D37/><U60/><E118/><N who="2" m="45099" /><F72/><W129/><G34/><T32/><D123/><N who="3" m="47113" /><G129/><T51/><D74/><U29/><E127/><V25/><F108/><W73/><G73/><T65/><D105/><U81/><E60/><V83/><F128/><W82/><G66/><T96/><D65/><U55/><E95/><V125/><F125/><W24/><G24/><T23/><D96/><U70/><E70/><V85/><F42/><W124/><G124/><T1/><D1/><U56/><E81/><N who="2" m="47287" /><F25/><W43/><G9/><T111/><D111/><U133/><E133/><V53/><F12/><W103/><G45/><T19/><D7/><U20/><E5/><V135/><F98/><W35/><G35/><T30/><REACH who="0" step="1"/><D113/><REACH who="0" ten="240,250,250,250" step="2"/><U63/><E3/><V79/><F135/><W114/><G114/><T10/><AGARI ba="0,1" hai="10,13,19,21,22,23,26,30,32,48,51,62,67,71" machi="10" ten="30,12000,1" yaku="1,1,2,1,0,1,53,2" doraHai="109" doraHaiUra="46" who="0" fromWho="0" sc="240,130,250,-40,250,-40,250,-40" /><INIT seed="0,1,0,5,0,92" ten="370,210,210,210" oya="0" hai0="108,80,86,64,42,37,94,75,48,26,17,123,101" hai1="38,65,119,58,14,10,43,61,107,89,7,134,0" hai2="34,31,135,87,77,40,52,71,95,126,30,72,35" hai3="125,132,129,84,82,51,70,36,24,6,130,4,25"/><T47/><D123/><U131/><E119/><V57/><F71/><W63/><G36/><T81/><D108/><U32/><E32/><V19/><F135/><W73/><G73/><T55/><D64/><U29/><E29/><V18/><F126/><W11/><G125/><T56/><D75/><U23/><E134/><V88/><F40/><W83/><G132/><T79/><D80/><U117/><E117/><V9/><F34/><W120/><G120/><T67/><D67/><U33/><E33/><V90/><F35/><W54/><G63/><T27/><REACH who="0" step="1"/><D17/><REACH who="0" ten="360,210,210,210" step="2"/><U103/><E65/><V62/><F19/><W122/><G122/><T98/><AGARI ba="1,1" hai="26,27,37,42,47,48,55,56,79,81,86,94,98,101" machi="98" ten="30,12000,1" yaku="1,1,2,1,0,1,52,1,53,1" doraHai="92" doraHaiUra="93" who="0" fromWho="0" sc="360,133,210,-41,210,-41,210,-41" /><INIT seed="0,2,0,4,1,87" ten="493,169,169,169" oya="0" hai0="69,2,75,89,5,131,70,126,71,55,124,15,9" hai1="135,8,82,130,27,129,128,34,42,48,72,53,103" hai2="67,58,29,23,68,25,100,81,45,7,56,95,17" hai3="59,119,24,13,57,86,117,79,46,64,32,65,16"/><T101/><D131/><U96/><E135/><V44/><F68/><W83/><G32/><T35/><D35/><U66/><E42/><V38/><F7/><W132/><G132/><T31/><D31/><N who="1" m="19839" /><E66/><N who="3" m="25706" /><G119/><T108/><D75/><U21/><E21/><V11/><F38/><W133/><G133/><T61/><D101/><U51/><E8/><V92/><F81/><W125/><G125/><N who="0" m="48235" /><D108/><U85/><E72/><V63/><F58/><N who="3" m="22027" /><G117/><T134/><D134/><U118/><E53/><V115/><F115/><W91/><G46/><T97/><D55/><U77/><E118/><V28/><F28/><W111/><G111/><T94/><D61/><U93/><AGARI ba="2,0" hai="48,51,77,82,85,93,96,103,128,129,130" m="19839" machi="93" ten="30,1100,0" yaku="19,1" doraHai="87" who="1" fromWho="1" sc="493,-7,169,17,169,-5,169,-5" /><INIT seed="1,0,0,2,1,38" ten="486,186,164,164" oya="1" hai0="121,48,96,58,117,8,26,111,54,23,12,98,57" hai1="1,113,123,106,53,87,116,76,103,81,94,125,72" hai2="112,24,46,118,4,105,63,115,41,93,13,7,29" hai3="25,74,14,114,9,102,67,64,27,107,39,60,66"/><U33/><E33/><V15/><F105/><W19/><G114/><N who="2" m="43561" /><F118/><W75/><G39/><T62/><D111/><U82/><E1/><V97/><F63/><W68/><G107/><T77/><D77/><N who="1" m="44199" /><E53/><V124/><F124/><W100/><G75/><T45/><D121/><U89/><E113/><V50/><F13/><W17/><G74/><T133/><D133/><U126/><E116/><V120/><F15/><N who="3" m="7407" /><G60/><T20/><D58/><U42/><E42/><V44/><F46/><W49/><G49/><T132/><D132/><U35/><E35/><N who="2" m="20903" /><F120/><W92/><G92/><T21/><D26/><N who="3" m="9737" /><G68/><T56/><D56/><U40/><E40/><V78/><F78/><W71/><G71/><T88/><D117/><U5/><E5/><V65/><F65/><N who="3" m="16643" /><W130/><DORA hai="85" /><G130/><T110/><D62/><U22/><E123/><V70/><F70/><W84/><G84/><T109/><D109/><U129/><E129/><V99/><F99/><W11/><AGARI ba="0,0" hai="11,14,19,100,102" m="16643,9737,7407" machi="11" ten="40,1500,0" yaku="8,1" doraHai="38,85" who="3" fromWho="3" sc="486,-4,186,-7,164,-4,164,15" /><INIT seed="2,0,0,1,4,80" ten="482,179,160,179" oya="2" hai0="112,49,4,132,126,88,0,68,8,129,70,66,127" hai1="2,58,57,39,130,79,18,36,114,69,82,40,90" hai2="125,96,67,27,116,128,77,65,53,30,10,89,48" hai3="109,83,73,9,34,23,115,28,117,45,19,62,32"/><V17/><F116/><W124/><G117/><T134/><D112/><U46/><E69/><N who="0" m="26729" /><D66/><U85/><E114/><V103/><F125/><N who="0" m="47626" /><D129/><U37/><E2/><V15/><F77/><W59/><G83/><T92/><D49/><U60/><E130/><V118/><F89/><W13/><G62/><T52/><D52/><U111/><E111/><V42/><F42/><W133/><G59/><T107/><D107/><U106/><E106/><V16/><F17/><W7/><G19/><T74/><D74/><U71/><E18/><V43/><F43/><W12/><G73/><T91/><D91/><U93/><E71/><V120/><F118/><W24/><G109/><T26/><D26/><U87/><E58/><V81/><F128/><W29/><G115/><T84/><AGARI ba="0,0" hai="0,4,8,84,88,92,132,134" m="47626,26729" machi="84" ten="40,5200,0" yaku="18,1,52,1,54,1" doraHai="80" who="0" fromWho="0" sc="482,52,179,-13,160,-26,179,-13" /><INIT seed="3,0,0,2,1,16" ten="534,166,134,166" oya="3" hai0="20,91,4,72,132,107,86,130,53,73,122,75,37" hai1="93,87,67,128,29,77,61,45,41,57,51,10,96" hai2="5,14,18,119,110,89,88,92,121,112,115,50,85" hai3="84,49,129,60,32,43,65,6,40,9,34,81,83"/><W98/><G129/><T68/><D122/><U94/><E128/><V46/><F119/><W0/><G98/><T82/><D130/><U64/><E29/><V97/><F110/><W123/><G123/><T52/><D107/><U118/><E118/><V38/><F38/><W8/><G8/><T80/><D68/><U47/><E10/><V24/><F5/><W66/><G81/><T35/><D35/><U39/><E67/><V71/><F24/><W59/><G66/><T90/><D37/><U100/><E77/><V17/><F71/><W21/><G21/><T26/><D4/><U79/><E79/><V74/><F74/><W12/><G0/><T13/><D13/><U1/><E1/><V56/><F56/><W126/><G126/><T62/><D62/><U101/><E87/><V135/><F135/><W2/><G2/><T27/><D132/><U133/><E133/><V7/><F7/><W44/><REACH who="3" step="1"/><G40/><REACH who="3" ten="534,166,134,156" step="2"/><T78/><D80/><U70/><E70/><V116/><F121/><W63/><G63/><T99/><D99/><U95/><E100/><V69/><F116/><W30/><G30/><T125/><D125/><U120/><E120/><V124/><F124/><W23/><G23/><T28/><D20/><U134/><E134/><V42/><F18/><W131/><G131/><T19/><D19/><U31/><E31/><V104/><F104/><W22/><G22/><N who="0" m="15447" /><D27/><U114/><E114/><N who="2" m="43563" /><F17/><W54/><G54/><AGARI ba="0,1" hai="39,41,45,47,51,54,57,61,64,93,94,95,96,101" machi="54" ten="30,1000,0" yaku="7,1" doraHai="16" who="1" fromWho="3" sc="534,0,166,20,134,0,156,-10" /><INIT seed="4,0,0,3,2,24" ten="534,186,134,146" oya="0" hai0="116,99,131,115,47,60,9,45,11,15,2,107,27" hai1="77,113,58,37,78,122,51,1,83,132,39,43,81" hai2="74,56,44,117,92,75,6,121,108,91,103,88,124" hai3="110,14,59,25,4,55,50,134,40,41,29,34,80"/><T26/><D116/><U42/><E122/><V64/><F121/><W49/><G110/><T70/><D115/><U102/><E1/><V18/><F108/><W127/><G127/><T65/><D131/><U126/><E126/><V69/><F69/><W120/><G120/><T68/><D68/><U97/><E132/><V67/><F124/><W111/><G111/><T82/><D82/><U106/><E113/><V76/><F117/><W105/><G105/><T94/><D107/><U63/><E51/><V31/><F6/><W46/><G134/><T57/><D70/><U5/><E5/><V54/><F44/><N who="0" m="16970" /><D2/><U61/><E106/><V123/><F18/><W28/><G80/><T86/><D86/><U109/><E109/><V98/><F123/><W35/><G40/><T48/><D48/><U22/><E97/><V71/><F71/><W130/><G130/><T89/><D9/><U53/><E58/><V135/><F135/><W16/><G4/><AGARI ba="0,0" hai="4,11,15,26,27,57,60,65,89,94,99" m="16970" machi="4" ten="30,1500,0" yaku="8,1" doraHai="24" who="0" fromWho="3" sc="534,15,186,0,134,0,146,-15" /><INIT seed="4,1,0,5,3,122" ten="549,186,134,131" oya="0" hai0="88,49,32,57,70,82,63,17,59,56,77,21,124" hai1="7,30,27,94,75,15,23,35,107,114,36,100,130" hai2="50,46,13,121,128,109,3,18,42,135,6,64,2" hai3="85,96,93,65,24,102,125,68,79,44,132,76,16"/><T0/><D32/><U126/><E36/><V9/><F121/><W83/><G125/><T61/><D0/><U1/><E75/><V20/><F135/><W19/><G132/><T80/><D124/><U55/><E126/><V119/><F128/><W37/><G79/><T10/><D10/><N who="1" m="2415" /><E107/><V47/><F119/><W116/><G116/><T131/><D131/><U31/><E55/><V34/><F64/><W115/><G115/><T105/><D105/><U66/><E66/><V62/><F62/><W99/><G24/><T73/><D49/><U117/><E117/><V92/><F2/><W95/><G65/><T12/><REACH who="0" step="1"/><D70/><REACH who="0" ten="539,186,134,131" step="2"/><U72/><E35/><V97/><F34/><W90/><REACH who="3" step="1"/><G68/><REACH who="3" ten="539,186,134,121" step="2"/><T86/><AGARI ba="1,2" hai="12,17,21,56,57,59,61,63,73,77,80,82,86,88" machi="86" ten="30,11700,0" yaku="1,1,2,1,0,1,54,1,53,0" doraHai="122" doraHaiUra="103" who="0" fromWho="0" sc="539,140,186,-40,134,-40,121,-40" /><INIT seed="4,2,0,2,3,115" ten="679,146,94,81" oya="0" hai0="78,10,30,87,102,44,116,118,39,47,46,22,73" hai1="129,38,123,12,133,11,32,65,130,66,107,34,27" hai2="109,6,85,77,52,71,67,55,98,35,117,135,121" hai3="105,112,63,106,86,92,14,134,108,1,95,88,54"/><T68/><D39/><U120/><E107/><V127/><F121/><N who="1" m="46665" /><E38/><V58/><F109/><W113/><G1/><T114/><D68/><U4/><E66/><V21/><F35/><N who="1" m="13353" /><E65/><V125/><F135/><W7/><G134/><T90/><D102/><U24/><E133/><V132/><F132/><W111/><G14/><T93/><D73/><U83/><E83/><N who="2" m="47343" /><F6/><W64/><G54/><N who="2" m="20521" /><F71/><W56/><G7/><T51/><D78/><U97/><E97/><V42/><F21/><W131/><G131/><AGARI ba="2,0" hai="4,11,12,24,27,129,130,131" m="13353,46665" machi="131" ten="40,5200,0" yaku="19,1,34,2" doraHai="115" who="1" fromWho="3" sc="679,0,146,58,94,0,81,-58" /><INIT seed="5,0,0,3,4,20" ten="679,204,94,23" oya="1" hai0="104,21,120,106,130,91,96,51,114,72,35,82,86" hai1="108,102,8,25,55,50,68,33,41,121,39,44,67" hai2="131,85,103,10,48,58,125,83,29,101,12,100,2" hai3="37,105,4,34,84,111,132,69,15,7,60,64,52"/><U117/><E117/><V70/><F70/><W47/><G111/><T97/><D35/><U134/><E121/><V115/><F2/><W87/><G105/><T14/><D72/><U36/><E108/><V127/><F131/><W11/><G132/><T30/><D106/><U63/><E134/><V94/><F29/><W32/><G4/><T23/><D104/><U135/><E135/><V107/><F94/><W56/><G34/><T75/><D75/><U24/><E33/><V126/><F107/><W16/><G32/><T112/><D130/><U0/><E102/><V81/><F115/><W118/><G118/><T119/><D119/><U110/><E39/><V66/><F85/><W40/><REACH who="3" step="1"/><G7/><REACH who="3" ten="679,204,94,13" step="2"/><T79/><D114/><U42/><E110/><V49/><F81/><W95/><G95/><T5/><D5/><N who="1" m="1063" /><E42/><V80/><F83/><W89/><G89/><T76/><D112/><U45/><E45/><V116/><F80/><W99/><G99/><T74/><D74/><U109/><E109/><V17/><F116/><W31/><G31/><T19/><D97/><U38/><E38/><V122/><F122/><W92/><G92/><N who="0" m="56351" /><D120/><U54/><E36/><V46/><F46/><W6/><G6/><T123/><D123/><U77/><E77/><V88/><F88/><W61/><AGARI ba="0,1" hai="11,15,16,37,40,47,52,56,60,61,64,69,84,87" machi="61" ten="20,8000,1" yaku="1,1,0,1,7,1,54,2,53,0" doraHai="20" doraHaiUra="133" who="3" fromWho="3" sc="679,-20,204,-40,94,-20,13,90" /><INIT seed="6,0,0,3,5,41" ten="659,164,74,103" oya="2" hai0="125,62,77,43,80,26,11,61,3,99,53,119,79" hai1="63,96,97,129,16,92,110,37,49,54,78,88,95" hai2="133,84,73,44,23,45,118,21,35,27,38,50,112" hai3="75,128,130,101,17,12,10,86,22,106,1,60,19"/><V82/><F118/><W39/><G39/><T109/><D109/><U58/><E37/><V42/><F73/><W20/><G75/><T123/><D123/><U124/><E110/><V13/><F112/><W72/><G72/><T9/><D43/><U59/><E129/><N who="3" m="49770" /><G106/><T74/><D77/><U67/><E124/><V29/><F133/><W126/><G101/><T64/><D3/><U103/><E78/><V18/><F38/><W122/><G122/><T36/><D36/><U116/><REACH who="1" step="1"/><E16/><REACH who="1" ten="659,154,74,103" step="2"/><V40/><F35/><W108/><G19/><T113/><D79/><U55/><E55/><N who="2" m="30151" /><F45/><W87/><G126/><T48/><D125/><U8/><E8/><V83/><F83/><W51/><G108/><T46/><D9/><U91/><E91/><AGARI ba="0,1" hai="13,18,21,23,27,29,40,42,82,84,91" m="30151" machi="91" ten="30,2900,0" yaku="8,1,52,1" doraHai="41" who="2" fromWho="1" sc="659,0,154,-29,74,39,103,0" /><INIT seed="6,1,0,2,1,23" ten="659,125,113,103" oya="2" hai0="101,73,118,86,107,2,133,64,15,33,76,35,48" hai1="87,132,117,22,109,29,38,56,7,54,116,130,96" hai2="51,100,55,30,27,115,42,120,94,119,134,58,46" hai3="82,41,32,114,126,128,57,135,78,69,52,104,131"/><V122/><F119/><W5/><G104/><T99/><D2/><U110/><E38/><V97/><F115/><W75/><G69/><T61/><D73/><U37/><E37/><V53/><F134/><W106/><G106/><T40/><D15/><U21/><E96/><V129/><F129/><N who="3" m="49739" /><G41/><T50/><D50/><U0/><E130/><V18/><F18/><W108/><G108/><N who="1" m="41578" /><E87/><V113/><F113/><W72/><G114/><T105/><D105/><U127/><E54/><V95/><F95/><W81/><G32/><T16/><D16/><U34/><E56/><V8/><F8/><W68/><G68/><T11/><D11/><N who="1" m="2535" /><E132/><V85/><F85/><W124/><G5/><T71/><D33/><U13/><E127/><N who="3" m="48682" /><G135/><T49/><D35/><U103/><E103/><V39/><F53/><W28/><G28/><T24/><D118/><N who="1" m="45675" /><E13/><V9/><F9/><W102/><G102/><T80/><D40/><U10/><E10/><V4/><F4/><W88/><G88/><T65/><D65/><U6/><E6/><V92/><F92/><W3/><G3/><T111/><D111/><U93/><E93/><V25/><F30/><W98/><G98/><T84/><D133/><U89/><E89/><V62/><F39/><W67/><G67/><T79/><D84/><U70/><E70/><V83/><F83/><N who="3" m="45511" /><G75/><T17/><D79/><U63/><E63/><AGARI ba="1,0" hai="52,57,63,81,82" m="45511,48682,49739" machi="63" ten="30,3900,0" yaku="19,1,18,1,54,1" doraHai="23" who="3" fromWho="1" sc="659,0,125,-42,113,0,103,42" /><INIT seed="7,0,0,2,3,65" ten="659,83,113,145" oya="3" hai0="123,51,133,5,32,30,134,2,42,34,104,44,107" hai1="23,45,71,52,97,115,4,50,0,101,22,36,66" hai2="125,25,86,58,3,14,16,31,100,91,70,105,121" hai3="60,35,46,84,37,116,112,95,127,21,53,82,80"/><W131/><G21/><T135/><D123/><U89/><E115/><V12/><F3/><W83/><G95/><T73/><D73/><U29/><E89/><V77/><F121/><W111/><G84/><T18/><D18/><U15/><E0/><V68/><F77/><W75/><G83/><T102/><D30/><U113/><E113/><V78/><F78/><W88/><G88/><T120/><D120/><U62/><E36/><V92/><F125/><W8/><G82/><T79/><D79/><U87/><E87/><V57/><F12/><W108/><G80/><T39/><D51/><U69/><E69/><V17/><F17/><W118/><G37/><T67/><D67/><U93/><REACH who="1" step="1"/><E29/><REACH who="1" ten="659,73,113,145" step="2"/><V96/><F70/><W20/><G112/><T90/><D90/><U128/><E128/><V132/><F68/><W59/><G131/><T1/><D1/><U41/><E41/><V28/><F132/><W130/><G130/><T99/><D104/><U81/><E81/><V47/><F31/><W114/><G114/><T94/><D107/><U49/><E49/><V126/><F126/><W13/><G127/><T10/><AGARI ba="0,1" hai="2,5,10,32,34,39,42,44,94,99,102,133,134,135" machi="10" ten="40,2700,0" yaku="0,1,20,1" doraHai="65" who="0" fromWho="0" sc="659,37,73,-7,113,-7,145,-13" owari="696,79.6,66,-43.4,106,-29.4,132,-6.8" /></mjloggm>