<mjloggm ver="2.3"><GO type="169" lobby="0"/><UN n0="%E6%81%8B%E3%81%AE%E3%81%86%E3%81%9F" n1="%E3%82%AB%E3%83%A9%E6%9D%BE" n2="%74%2E%6F%2E%6F%2E%73" n3="%41%72%69%61" dan="17,17,17,16" rate="2235.51,2158.00,2120.94,2150.42" sx="M,M,M,F"/><TAIKYOKU oya="0"/><INIT seed="0,0,0,0,0,129" ten="250,250,250,250" oya="0" hai0="42,40,55,96,44,43,81,102,70,57,2,9,94" hai1="88,64,62,135,127,79,80,100,49,74,45,114,18" hai2="126,61,97,31,16,12,33,8,6,58,118,50,27" hai3="20,76,72,36,38,48,51,17,91,87,5,90,1"/><T53/><D70/><U11/><E114/><V132/><F126/><W69/><G69/><T4/><D55/><U7/><E127/><V37/><F118/><W89/><G72/><T24/><D24/><U92/><E100/><V52/><F37/><W86/><G1/><T85/><D53/><U47/><E18/><V66/><F132/><W60/><G5/><T110/><D57/><U30/><E135/><V78/><F78/><W3/><G3/><T54/><D54/><U95/><E30/><V112/><F112/><W128/><G128/><T98/><D98/><U113/><E92/><V125/><F125/><W117/><G76/><T23/><D23/><U22/><E22/><V116/><F116/><W19/><G117/><T108/><REACH who="0" step="1"/><D44/><REACH who="0" ten="240,250,250,250" step="2"/><U29/><E47/><V59/><REACH who="2" step="1"/><F97/><REACH who="2" ten="240,250,240,250" step="2"/><W84/><G60/><T14/><D14/><U71/><E62/><V46/><F46/><W124/><G124/><T77/><AGARI ba="0,2" hai="2,4,9,40,42,43,77,81,85,94,96,102,108,110" machi="77" ten="30,11700,0" yaku="1,1,0,1,53,2" doraHai="129" doraHaiUra="121" who="0" fromWho="0" sc="240,137,250,-39,240,-39,250,-39" /><INIT seed="0,1,0,5,5,110" ten="377,211,201,211" oya="0" hai0="89,119,111,134,4,19,79,126,80,102,107,90,58" hai1="73,40,132,128,6,99,115,60,39,125,27,16,10" hai2="116,88,91,3,26,46,93,127,23,22,112,109,68" hai3="61,59,69,14,31,30,9,64,0,28,118,86,44"/><T55/><D119/><U103/><E73/><V96/><F109/><W11/><G118/><T67/><D111/><U57/><E128/><V131/><F116/><W82/><G69/><T25/><D126/><U135/><E125/><V56/><F68/><W53/><G0/><T38/><D38/><U37/><E115/><V52/><F3/><W84/><G9/><T101/><D67/><U122/><E122/><V95/><F127/><W97/><G97/><T15/><D25/><U83/><E83/><V18/><F131/><W51/><REACH who="3" step="1"/><G82/><REACH who="3" ten="377,211,201,201" step="2"/><T123/><D80/><U54/><E132/><V43/><F112/><W29/><N who="3" m="7168" /><DORA hai="77" /><W12/><G12/><T8/><D134/><U49/><E135/><V72/><F22/><W24/><G24/><T45/><D8/><U48/><E27/><V33/><F33/><W78/><G78/><T120/><D79/><U34/><E34/><V20/><F20/><W81/><G81/><T35/><D35/><U63/><E10/><V100/><F72/><W7/><AGARI ba="1,1" hai="7,11,14,44,51,53,59,61,64,84,86" m="7168" machi="7" ten="40,5200,0" yaku="1,1,0,1,8,1,53,0" doraHai="110,77" doraHaiUra="75,124" who="3" fromWho="3" sc="377,-27,211,-14,201,-14,201,65" /><INIT seed="1,0,0,2,4,12" ten="350,197,187,266" oya="1" hai0="51,118,6,23,29,19,128,94,37,105,72,75,50" hai1="28,40,110,76,4,62,52,131,47,5,104,108,133" hai2="31,21,73,43,69,130,117,64,91,102,99,132,77" hai3="58,124,84,106,125,122,59,107,135,103,66,119,2"/><U41/><E104/><V96/><F117/><W22/><G2/><T74/><D37/><U111/><E131/><V33/><F33/><W116/><G122/><T100/><D118/><N who="3" m="45097" /><G66/><T95/><D29/><U53/><E133/><V10/><F43/><N who="1" m="16457" /><E76/><V30/><F73/><W92/><G58/><T83/><D6/><N who="1" m="2667" /><E47/><V80/><F69/><W60/><G135/><T3/><D3/><U56/><E28/><V63/><F132/><W35/><G35/><T101/><D128/><U67/><AGARI ba="0,0" hai="52,53,56,62,67,108,110,111" m="2667,16457" machi="67" ten="40,7800,0" yaku="14,1,10,1,54,1" doraHai="12" who="1" fromWho="1" sc="350,-26,197,78,187,-26,266,-26" /><INIT seed="1,1,0,0,2,11" ten="324,275,161,240" oya="1" hai0="23,20,7,120,111,24,131,106,27,12,48,133,65" hai1="60,63,21,3,69,90,74,18,94,95,102,126,2" hai2="25,93,127,89,122,115,86,66,47,26,110,132,33" hai3="42,15,56,128,38,96,91,29,83,59,6,40,19"/><U85/><E74/><V1/><F1/><W17/><G128/><T32/><D106/><U99/><E126/><V43/><F122/><W46/><G29/><T54/><D111/><U9/><E69/><V37/><F110/><W81/><G6/><T73/><D133/><U45/><E9/><V134/><F127/><W109/><G109/><T97/><D32/><U55/><E3/><V103/><F115/><W129/><G129/><T80/><D65/><U71/><E2/><V135/><F33/><W58/><G42/><T41/><D41/><U116/><E71/><V98/><REACH who="2" step="1"/><F66/><REACH who="2" ten="324,275,151,240" step="2"/><W13/><G96/><T8/><D131/><U77/><E116/><V5/><F5/><W28/><G28/><T51/><D120/><U50/><REACH who="1" step="1"/><E77/><REACH who="1" ten="324,265,151,240" step="2"/><V121/><F121/><W44/><G38/><T72/><D7/><U105/><E105/><AGARI ba="1,2" hai="25,26,37,43,47,86,89,93,98,103,105,132,134,135" machi="105" ten="40,2600,0" yaku="1,1,20,1,53,0" doraHai="11" doraHaiUra="53" who="2" fromWho="1" sc="324,0,265,-29,151,49,240,0" /><INIT seed="2,0,0,1,0,109" ten="324,236,200,240" oya="2" hai0="127,83,86,110,102,114,51,4,5,3,34,94,76" hai1="122,48,11,60,71,45,27,91,103,97,118,13,44" hai2="50,31,56,79,0,132,72,80,104,69,115,43,84" hai3="129,53,36,113,128,7,29,116,126,33,52,35,135"/><V9/><F69/><W93/><G116/><T96/><D110/><U15/><E118/><V40/><F104/><W117/><G117/><T25/><D127/><U89/><E122/><V119/><F119/><W73/><G73/><T131/><D131/><U30/><E15/><V66/><F72/><W112/><G36/><T120/><D120/><U100/><E100/><V123/><F123/><W99/><G135/><T106/><D3/><U17/><E45/><V133/><F31/><W38/><G38/><T16/><D114/><N who="3" m="44137" /><G7/><T28/><D51/><U107/><E60/><N who="2" m="38151" /><F50/><W55/><G126/><T58/><D58/><U63/><E63/><V21/><F21/><W85/><G85/><T64/><D64/><U61/><E61/><V54/><F54/><W46/><G46/><T65/><D65/><U19/><E71/><V87/><F84/><W20/><G20/><T49/><D49/><U23/><E30/><V98/><F98/><W77/><G77/><T2/><D76/><U18/><E18/><V41/><F115/><W78/><G78/><T32/><D28/><U59/><E59/><V42/><F42/><AGARI ba="0,0" hai="11,13,17,19,23,27,42,44,48,89,91,97,103,107" machi="42" ten="30,1000,0" yaku="7,1" doraHai="109" who="1" fromWho="2" sc="324,0,236,10,200,-10,240,0" /><INIT seed="3,0,0,0,3,11" ten="324,246,190,240" oya="3" hai0="115,76,43,77,121,69,49,44,100,65,114,130,82" hai1="106,123,84,86,29,126,16,21,50,99,57,110,117" hai2="36,37,64,15,63,39,31,45,25,35,96,101,34" hai3="22,10,72,47,78,112,74,103,133,122,92,23,85"/><W113/><G122/><T83/><D121/><U55/><E126/><V129/><F129/><W52/><G74/><T125/><D100/><U20/><E110/><V89/><F89/><W8/><G72/><T98/><D98/><U41/><E117/><V79/><F79/><N who="0" m="30282" /><D130/><U30/><E123/><V68/><F35/><W58/><G133/><T0/><D0/><U67/><E67/><V6/><F6/><W116/><G116/><T2/><D2/><U119/><E119/><V132/><F15/><W56/><G47/><T73/><D73/><U60/><E99/><V7/><F7/><W75/><G75/><T14/><D69/><U66/><E106/><V53/><F53/><W1/><G1/><T12/><D65/><U33/><E33/><V62/><F62/><N who="3" m="36103" /><G113/><N who="0" m="43019" /><D125/><U91/><E41/><V46/><REACH who="2" step="1"/><F132/><REACH who="2" ten="324,246,180,240" step="2"/><W17/><G112/><T24/><D24/><N who="1" m="16519" /><E91/><V81/><F81/><AGARI ba="0,1" hai="12,14,43,44,49,81,82,83" m="43019,30282" machi="81" ten="30,3900,0" yaku="11,1,52,2" doraHai="11" who="0" fromWho="2" sc="324,49,246,0,180,-39,240,0" /><INIT seed="4,0,0,1,1,35" ten="373,246,141,240" oya="0" hai0="122,0,39,89,127,105,82,60,69,20,56,121,96" hai1="18,125,128,11,7,2,5,79,40,37,118,119,58" hai2="53,66,94,25,10,109,31,50,70,103,48,126,102" hai3="22,135,112,88,15,98,99,108,32,17,78,3,30"/><T123/><D39/><U80/><E125/><V97/><F109/><W42/><G108/><T64/><D127/><U19/><E128/><V54/><F126/><W67/><G78/><T130/><D130/><U71/><E71/><V44/><F10/><W101/><G112/><T49/><D20/><U91/><E91/><V41/><F103/><W93/><G135/><T117/><D117/><U24/><E7/><V132/><F132/><W55/><G67/><T74/><D49/><U83/><E83/><V26/><F41/><W52/><G42/><T28/><D28/><U107/><E107/><V76/><F76/><W134/><G3/><T51/><D74/><N who="1" m="43127" /><E58/><V4/><F4/><W46/><G46/><T33/><D82/><U131/><E131/><V62/><REACH who="2" step="1"/><F31/><REACH who="2" ten="373,246,131,240" step="2"/><W106/><REACH who="3" step="1"/><G134/><REACH who="3" ten="373,246,131,230" step="2"/><T75/><D122/><U90/><E40/><V9/><F9/><W84/><G84/><T59/><D121/><U116/><E11/><V14/><F14/><W87/><G87/><T81/><D123/><U72/><E116/><V133/><F133/><W29/><G29/><T13/><D13/><U21/><E118/><V36/><F36/><W92/><G92/><T8/><D8/><U111/><E119/><V38/><F38/><W104/><G104/><T27/><D105/><U34/><E37/><V43/><F43/><W63/><G63/><T113/><D60/><U65/><E72/><V73/><F73/><W85/><G85/><T45/><D75/><U115/><E111/><V77/><F77/><W68/><G68/><T23/><D69/><U86/><E86/><V6/><F6/><RYUUKYOKU ba="0,2" sc="373,-15,246,-15,131,15,230,15" hai2="25,26,44,48,50,53,54,62,66,70,94,97,102" hai3="15,17,22,30,32,52,55,88,93,98,99,101,106" /><INIT seed="5,1,2,4,1,59" ten="358,231,146,245" oya="1" hai0="32,80,70,14,23,17,38,26,97,89,64,79,51" hai1="3,57,109,43,106,48,122,99,40,0,8,72,104" hai2="107,54,25,55,118,22,114,100,29,82,126,30,21" hai3="9,73,42,67,76,111,131,37,128,75,84,135,12"/><U31/><E122/><V69/><F118/><W5/><G111/><T101/><D38/><U52/><E72/><V78/><F126/><W86/><G135/><T46/><D70/><U71/><E71/><V94/><F107/><W98/><G67/><T121/><D64/><U95/><E109/><V133/><F133/><W49/><G37/><T83/><D89/><U27/><E104/><V87/><F69/><W53/><G98/><T124/><D124/><U10/><E106/><V63/><F114/><W88/><G42/><T113/><D113/><U36/><E36/><V34/><F34/><W44/><G84/><T50/><D50/><U125/><E125/><V123/><F63/><W129/><REACH who="3" step="1"/><G76/><REACH who="3" ten="358,231,146,235" step="2"/><T2/><D79/><U28/><E40/><V116/><F123/><W20/><G20/><T92/><D121/><U68/><E43/><V41/><F41/><W110/><G110/><T119/><D23/><U134/><E134/><V47/><F116/><W117/><G117/><T93/><D97/><U91/><E68/><V24/><REACH who="2" step="1"/><F47/><REACH who="2" ten="358,231,136,235" step="2"/><W15/><G15/><T45/><D45/><U105/><E0/><V127/><F127/><W108/><G108/><T115/><D119/><U4/><E105/><V96/><AGARI ba="1,4" hai="21,22,24,25,29,30,54,55,78,82,87,94,96,100" machi="96" ten="30,7900,0" yaku="1,1,0,1,9,1,8,1,53,0" doraHai="59" doraHaiUra="35" who="2" fromWho="2" sc="358,-21,231,-40,136,122,235,-21" /><INIT seed="6,0,0,1,2,6" ten="337,191,258,214" oya="2" hai0="53,61,107,135,26,8,0,113,111,5,110,75,15" hai1="127,86,112,128,64,41,4,38,52,43,120,125,20" hai2="98,88,18,59,37,47,78,79,10,58,44,17,85" hai3="51,24,54,94,2,116,123,13,14,76,84,28,132"/><V25/><F98/><W65/><G116/><T36/><D36/><U103/><E120/><V89/><F37/><W27/><G2/><T50/><D75/><U124/><E112/><V45/><F25/><W39/><G39/><T67/><D107/><U46/><E128/><V30/><F30/><W134/><G65/><T16/><D135/><N who="3" m="51753" /><G123/><T69/><D113/><U23/><E64/><V80/><F89/><N who="3" m="53543" /><G76/><N who="2" m="29225" /><F18/><W60/><G60/><T35/><D26/><N who="3" m="9769" /><G28/><T81/><D35/><U22/><E4/><V49/><F49/><W101/><G101/><T121/><D121/><U73/><E73/><V102/><F102/><W92/><G92/><T63/><D63/><U95/><E38/><V66/><F66/><W3/><G3/><T57/><D81/><U133/><E133/><V104/><F104/><W131/><G131/><T117/><D117/><U114/><E114/><V74/><F74/><W83/><G83/><T56/><D69/><U68/><E68/><V9/><F17/><W71/><G71/><T62/><D62/><U105/><E105/><V82/><F82/><W90/><G90/><T33/><D33/><U55/><E103/><V7/><F7/><W119/><G119/><T32/><D32/><U130/><E130/><V129/><F129/><W11/><G11/><AGARI ba="0,0" hai="0,5,8,11,15,16,50,53,56,57,61,67,110,111" machi="11" ten="30,7700,0" yaku="7,1,52,2,54,1" doraHai="6" who="0" fromWho="3" sc="337,77,191,0,258,0,214,-77" /><AGARI ba="0,0" hai="9,10,11,44,45,47,58,59,80,85,88" m="29225" machi="11" ten="30,12000,1" yaku="8,1,52,3,54,1" doraHai="6" who="2" fromWho="3" sc="414,0,191,0,258,120,137,-120" /><INIT seed="6,1,0,1,3,65" ten="414,191,378,17" oya="2" hai0="68,34,85,70,74,44,26,41,55,69,130,120,31" hai1="112,5,60,17,89,135,64,53,87,104,27,57,63" hai2="98,119,78,67,102,30,8,125,32,75,105,48,66" hai3="33,93,82,4,77,2,111,122,81,29,10,24,76"/><V80/><F119/><W134/><G122/><T54/><D74/><U18/><E104/><V94/><F125/><W42/><G111/><T39/><D120/><U15/><E135/><V106/><F8/><W107/><G107/><T37/><D130/><U128/><E128/><V124/><F124/><W126/><G134/><T40/><D85/><U84/><E112/><V56/><F67/><W58/><G126/><T28/><D28/><U96/><E5/><V132/><F132/><W91/><G42/><T7/><D7/><U51/><E63/><V109/><F109/><W61/><G77/><T79/><D79/><U90/><E27/><V3/><F3/><W129/><G76/><T72/><D72/><U86/><E96/><V9/><F9/><W45/><G45/><AGARI ba="1,0" hai="26,31,34,37,39,40,41,44,45,54,55,68,69,70" machi="45" ten="40,8000,1" yaku="9,1,52,3" doraHai="65" who="0" fromWho="3" sc="414,83,191,0,378,0,17,-83" owari="497,59.7,191,-20.9,378,17.8,-66,-56.6" /></mjloggm>