<mjloggm ver="2.3"><GO type="169" lobby="0"/><UN n0="%E5%8C%97%E6%AC%A7%E3%81%AE%E3%82%82%E3%81%93%E3%81%86" n1="%30%30%73%61%69" n2="%70%65%6E%74%6F%6C%61" n3="%E5%8C%97%E8%A5%BF%E3%81%AE%E9%9B%80%E9%AC%BC" dan="16,18,16,16" rate="2125.76,2196.57,2187.92,2111.00" sx="M,M,M,M"/><TAIKYOKU oya="0"/><INIT seed="0,0,0,0,5,126" ten="250,250,250,250" oya="0" hai0="30,53,58,68,133,27,32,70,5,72,105,124,87" hai1="43,45,50,74,104,109,12,62,121,16,55,97,116" hai2="47,94,96,7,110,125,57,67,23,48,56,39,29" hai3="28,20,36,135,41,128,99,92,82,113,98,44,34"/><T63/><D72/><U78/><E116/><V134/><F125/><W61/><G113/><T131/><D124/><U40/><E121/><V80/><F110/><W101/><G135/><T102/><D133/><U114/><E109/><V35/><F35/><W11/><G34/><T54/><D5/><U33/><E114/><V81/><F39/><W8/><G128/><T38/><D38/><U91/><E33/><V22/><F7/><W119/><G119/><T69/><D87/><U51/><E62/><V122/><F122/><W77/><G98/><T0/><D0/><U90/><E78/><V127/><F127/><W73/><G61/><T84/><D84/><U49/><E74/><V21/><F29/><W111/><G111/><T100/><D105/><U117/><E50/><V59/><F67/><W120/><G120/><T46/><REACH who="0" step="1"/><D131/><REACH who="0" ten="240,250,250,250" step="2"/><U108/><E108/><V123/><F134/><W89/><G73/><T115/><D115/><U13/><E117/><V6/><F6/><W65/><G36/><T130/><D130/><U64/><E104/><V112/><F112/><W42/><G77/><T24/><D24/><U4/><E4/><V88/><REACH who="2" step="1"/><F123/><REACH who="2" ten="240,250,240,250" step="2"/><W83/><G83/><T103/><D103/><U37/><E37/><V52/><AGARI ba="0,2" hai="21,22,23,47,48,52,56,57,59,80,81,88,94,96" machi="52" ten="30,12000,2" yaku="1,1,2,1,0,1,8,1,54,2,53,0" doraHai="126" doraHaiUra="132" who="2" fromWho="2" sc="240,-60,250,-30,240,140,250,-30" /><BYE who="1" /><INIT seed="1,0,0,3,0,35" ten="180,220,380,220" oya="1" hai0="92,74,116,80,104,70,122,26,69,128,57,4,114" hai1="38,83,48,115,0,53,10,126,36,55,106,96,34" hai2="87,123,102,90,6,135,107,97,33,89,67,66,56" hai3="41,78,8,47,59,133,121,81,125,42,2,3,100"/><U43/><E43/><UN n1="%30%30%73%61%69" /><V25/><F123/><W54/><G121/><T15/><D104/><U16/><E115/><V131/><F135/><W20/><G133/><T68/><D114/><U52/><E34/><V17/><F6/><W75/><G41/><T58/><D116/><U127/><E48/><V86/><F131/><W39/><G125/><N who="1" m="47626" /><E83/><V30/><F17/><W77/><G100/><T99/><D122/><U111/><E111/><V5/><F5/><W108/><G108/><T84/><D74/><U23/><E10/><V61/><F67/><W120/><G8/><T134/><D134/><U73/><E73/><V24/><F24/><W1/><G120/><T130/><D26/><N who="1" m="14695" /><E0/><V113/><F113/><W110/><G110/><T85/><D57/><U94/><E106/><V109/><F109/><W22/><REACH who="3" step="1"/><G78/><REACH who="3" ten="180,220,380,210" step="2"/><T95/><D130/><U72/><E72/><V132/><F132/><W65/><G65/><T12/><D128/><U19/><E19/><V112/><F112/><W64/><G64/><T31/><D4/><U49/><E49/><AGARI ba="0,1" hai="1,2,3,20,22,39,42,47,49,54,59,75,77,81" machi="49" ten="40,8000,1" yaku="1,1,52,3,53,0" doraHai="35" doraHaiUra="7" who="3" fromWho="1" sc="180,0,220,-80,380,0,210,90" /><INIT seed="2,0,0,1,1,15" ten="180,140,380,300" oya="2" hai0="53,114,39,18,109,12,14,21,121,118,86,13,127" hai1="60,85,89,41,40,82,42,101,112,99,102,56,106" hai2="93,37,30,103,7,57,47,81,95,111,123,67,1" hai3="130,72,6,32,59,129,34,70,9,69,0,3,11"/><V105/><F123/><W63/><G72/><T27/><D39/><U79/><E112/><V110/><F30/><W78/><G78/><T107/><D121/><U104/><E106/><V128/><F128/><W48/><G48/><T58/><D114/><U135/><E135/><V117/><F117/><W71/><G59/><T26/><D109/><N who="2" m="41482" /><F1/><W120/><G63/><T64/><D127/><U38/><E38/><V5/><F81/><W108/><G120/><T73/><D73/><U74/><E102/><V16/><F105/><W125/><G108/><T24/><D118/><U25/><E25/><V68/><F68/><W19/><G125/><T33/><D64/><U43/><E40/><N who="2" m="22927" /><F103/><W88/><G69/><T100/><D33/><U90/><REACH who="1" step="1"/><E74/><REACH who="1" ten="180,130,380,300" step="2"/><V76/><F76/><W52/><G130/><T65/><D100/><U4/><E4/><V77/><F77/><W29/><G6/><T28/><D107/><U132/><E132/><V66/><F5/><W83/><G129/><T92/><D28/><U75/><E75/><V134/><F7/><W122/><G122/><T80/><D26/><U36/><E36/><V54/><F134/><W23/><G0/><T124/><D24/><U119/><E119/><V55/><F67/><AGARI ba="0,1" hai="41,42,43,56,60,67,79,82,85,89,90,99,101,104" machi="67" ten="40,1300,0" yaku="1,1,53,0" doraHai="15" doraHaiUra="22" who="1" fromWho="2" sc="180,0,130,23,380,-13,300,0" /><INIT seed="3,0,0,1,1,31" ten="180,153,367,300" oya="3" hai0="19,79,62,99,55,59,61,37,82,90,23,4,97" hai1="112,6,129,119,60,51,11,87,5,34,24,45,134" hai2="95,109,89,126,92,54,68,28,72,113,131,83,132" hai3="64,110,17,117,96,133,80,100,3,10,29,9,85"/><W1/><G117/><T30/><D37/><U102/><E112/><V127/><F68/><W106/><G133/><T56/><D4/><U91/><E134/><V36/><F36/><W104/><G110/><T84/><D30/><U65/><E129/><V135/><F28/><W21/><G29/><T44/><D44/><U128/><E128/><V20/><F54/><W47/><G64/><T76/><D97/><U14/><E24/><V86/><F20/><W77/><G106/><T93/><D79/><U115/><E102/><V41/><F41/><W101/><G101/><T98/><D98/><U73/><E73/><V121/><F131/><W8/><REACH who="3" step="1"/><G47/><REACH who="3" ten="180,153,367,290" step="2"/><T38/><D38/><U70/><E119/><V40/><F109/><W107/><G107/><T118/><D118/><U35/><E115/><V108/><F108/><W16/><G16/><T71/><D71/><U25/><E5/><V50/><F135/><W26/><AGARI ba="0,1" hai="1,3,8,9,10,17,21,26,77,80,85,96,100,104" machi="26" ten="30,3000,0" yaku="1,1,0,1,53,0" doraHai="31" doraHaiUra="2" who="3" fromWho="3" sc="180,-10,153,-10,367,-10,290,40" /><INIT seed="3,1,0,5,2,48" ten="170,143,357,330" oya="3" hai0="35,97,82,55,13,57,116,54,122,67,125,74,98" hai1="34,75,112,19,8,81,16,2,23,6,83,69,37" hai2="117,70,88,85,61,53,7,109,26,52,107,62,10" hai3="111,0,33,99,77,5,38,91,11,78,105,133,28"/><W120/><G120/><T103/><D116/><U128/><E112/><V3/><F109/><W25/><G38/><T100/><D125/><U12/><E128/><V63/><F107/><W36/><G36/><T90/><D35/><U47/><E69/><V14/><F117/><W118/><G111/><T50/><D122/><U115/><E115/><V58/><F3/><W94/><G118/><T15/><D74/><U43/><E34/><V30/><F70/><W4/><G133/><T56/><D67/><U113/><E113/><V89/><F58/><W114/><G114/><T46/><D46/><U29/><E29/><V27/><F89/><W80/><G5/><T119/><D119/><U22/><REACH who="1" step="1"/><E75/><REACH who="1" ten="170,133,357,330" step="2"/><V71/><F71/><W31/><G31/><T18/><D103/><U127/><E127/><V86/><F86/><W1/><G1/><T76/><D100/><U123/><E123/><V93/><REACH who="2" step="1"/><F27/><AGARI ba="1,1" hai="2,6,8,12,16,19,22,23,27,37,43,47,81,83" machi="27" ten="30,3900,0" yaku="1,1,7,1,54,1,53,0" doraHai="48" doraHaiUra="135" who="1" fromWho="2" sc="170,0,133,52,357,-42,330,0" /><INIT seed="4,0,0,5,5,88" ten="170,185,315,330" oya="0" hai0="128,133,50,49,32,84,16,122,18,58,97,30,20" hai1="127,100,55,99,44,56,132,130,11,3,64,111,61" hai2="1,125,7,83,29,25,73,22,14,85,121,24,90" hai3="26,86,98,89,78,75,66,116,124,4,109,68,5"/><T9/><D122/><U114/><E111/><V2/><F125/><W77/><G109/><T103/><D133/><U80/><E132/><V36/><F36/><W0/><G116/><T6/><D128/><U107/><E130/><V82/><F121/><W28/><G124/><T57/><D32/><U53/><E127/><V72/><F14/><W131/><G98/><T42/><D30/><U120/><E120/><V129/><F129/><W74/><G66/><T13/><D84/><U135/><E135/><V52/><F7/><W95/><G68/><T123/><D123/><U34/><E34/><V92/><F25/><W35/><G131/><T21/><D42/><U101/><E101/><V65/><F65/><W8/><REACH who="3" step="1"/><G5/><REACH who="3" ten="170,185,315,320" step="2"/><T17/><D97/><U96/><E99/><V112/><F112/><W12/><G12/><T19/><D103/><U48/><E114/><V59/><F1/><W118/><G118/><T87/><D87/><U45/><E3/><V15/><F15/><W27/><G27/><N who="0" m="14727" /><D21/><U47/><E11/><V79/><F2/><W46/><G46/><T51/><AGARI ba="0,1" hai="6,9,13,17,18,19,49,50,51,57,58" m="14727" machi="51" ten="30,3000,0" yaku="8,1,54,1" doraHai="88" who="0" fromWho="0" sc="170,40,185,-10,315,-10,320,-10" /><INIT seed="4,1,0,0,5,44" ten="210,175,305,310" oya="0" hai0="12,50,97,55,34,1,48,102,84,66,126,106,132" hai1="120,127,85,39,113,124,111,114,80,135,90,30,130" hai2="32,96,76,40,121,17,59,45,6,131,21,60,128" hai3="49,112,83,10,25,15,14,69,93,116,53,54,94"/><T8/><D132/><U133/><E39/><V65/><F32/><W61/><G116/><T52/><D126/><N who="1" m="48171" /><E30/><V3/><F121/><W79/><G112/><N who="1" m="43114" /><E111/><V24/><F76/><W77/><G69/><T122/><D122/><U67/><E67/><V56/><F96/><W109/><G109/><T104/><D1/><U105/><E120/><V27/><F27/><W16/><G25/><T88/><D34/><U119/><E119/><V123/><F123/><W81/><G61/><T7/><D66/><U108/><E108/><V87/><F87/><W64/><G64/><T11/><D11/><U115/><N who="1" m="43122" /><U31/><DORA hai="4" /><E31/><V18/><F18/><W26/><G26/><T98/><D106/><U51/><E105/><V78/><F6/><W36/><G36/><T28/><D28/><U41/><E130/><V73/><F3/><W91/><G10/><T47/><D104/><U57/><E41/><V58/><F128/><W103/><G16/><T72/><D72/><U33/><E33/><V68/><F131/><W117/><G117/><T37/><D37/><U71/><E71/><V35/><F35/><W70/><G70/><T62/><D102/><U22/><E22/><V110/><F110/><W2/><G103/><T42/><D42/><U107/><E107/><V43/><F43/><W99/><G2/><T19/><D7/><U95/><E95/><V82/><F68/><W89/><G99/><T75/><D98/><U5/><E5/><V92/><F92/><W100/><G100/><T20/><D97/><U134/><E133/><V13/><F13/><W46/><G94/><RYUUKYOKU ba="1,0" sc="210,-15,175,15,305,15,310,-15" hai1="51,57,80,85,90,134,135" hai2="17,21,24,40,45,56,58,59,60,65,73,78,82" /><INIT seed="5,2,0,2,0,105" ten="195,190,320,295" oya="1" hai0="117,131,56,127,96,115,74,6,77,63,34,51,59" hai1="11,24,65,75,58,81,126,48,53,94,41,69,33" hai2="37,88,43,90,73,18,130,95,122,120,135,110,54" hai3="45,64,39,70,82,133,27,114,29,40,5,102,123"/><U9/><E126/><V103/><F110/><W30/><G123/><T101/><D117/><U28/><E41/><V2/><F2/><W98/><G114/><T104/><D127/><U57/><E69/><V55/><F37/><W47/><G133/><T125/><D125/><U80/><E94/><V78/><F43/><W67/><G47/><T50/><D115/><U66/><E81/><N who="2" m="45263" /><F18/><W21/><G5/><T26/><D131/><U106/><E106/><V121/><F55/><W25/><G82/><T14/><D74/><U46/><E58/><V112/><F54/><W60/><G64/><T76/><D34/><U23/><E33/><V109/><F109/><W44/><G44/><T0/><D26/><U84/><E75/><V62/><F62/><W20/><G98/><T13/><D0/><U97/><E97/><N who="2" m="59839" /><F112/><W16/><G102/><T100/><D100/><U61/><REACH who="1" step="1"/><E66/><REACH who="1" ten="195,180,320,295" step="2"/><V83/><F135/><W129/><G129/><T116/><D56/><U68/><E68/><V86/><F130/><W85/><G30/><T71/><D71/><U3/><E3/><V108/><F108/><W111/><G111/><T107/><D107/><U87/><E87/><V92/><F122/><W72/><G85/><AGARI ba="2,1" hai="83,85,86,88,90,92,120,121" m="59839,45263" machi="85" ten="30,7700,0" yaku="34,2,52,1,54,1" doraHai="105" who="2" fromWho="3" sc="195,0,180,0,320,93,295,-83" /><INIT seed="6,0,0,5,1,119" ten="195,180,413,212" oya="2" hai0="6,58,17,72,83,60,54,20,24,120,30,55,132" hai1="61,135,9,56,99,39,40,124,78,22,95,68,82" hai2="108,86,44,36,15,114,1,25,2,27,79,3,10" hai3="77,16,105,59,104,87,125,94,28,80,34,53,112"/><V19/><F114/><W106/><G125/><T45/><D132/><U33/><E124/><V50/><F36/><W47/><G112/><T113/><D113/><U13/><E135/><V4/><F108/><W64/><G94/><T100/><D120/><U18/><E33/><V73/><F73/><W62/><G28/><T35/><D100/><U48/><E39/><V57/><F57/><W116/><G34/><T70/><D70/><U127/><E68/><V32/><F32/><W5/><G5/><T133/><D133/><U111/><E127/><V12/><F86/><W43/><G116/><T81/><D6/><U46/><E111/><V63/><F79/><W128/><G128/><T7/><D7/><U89/><E78/><V84/><F84/><W117/><G64/><T123/><D72/><U23/><REACH who="1" step="1"/><E82/><REACH who="1" ten="195,170,413,212" step="2"/><V98/><F1/><W65/><G117/><T102/><D81/><U103/><E103/><V126/><F2/><W11/><G77/><T122/><D102/><U37/><E37/><V118/><F126/><W38/><G80/><T69/><D83/><U52/><AGARI ba="0,1" hai="9,13,18,22,23,40,46,48,52,56,61,89,95,99" machi="52" ten="20,8000,1" yaku="1,1,0,1,7,1,8,1,54,1,53,0" doraHai="119" doraHaiUra="129" who="1" fromWho="1" sc="195,-20,170,90,413,-40,212,-20" /><INIT seed="7,0,0,2,4,70" ten="175,260,373,192" oya="3" hai0="83,5,122,7,120,111,60,33,90,75,126,102,106" hai1="18,80,66,61,92,4,73,6,81,59,108,89,30" hai2="19,117,103,14,88,79,119,58,46,124,105,13,34" hai3="86,69,91,96,76,1,98,118,12,39,109,85,68"/><W55/><G118/><T93/><D33/><U130/><E108/><V21/><F34/><W97/><G1/><T114/><D111/><U15/><E30/><V40/><F79/><W112/><G109/><T74/><D60/><U11/><E130/><V77/><F77/><W104/><G112/><T49/><D49/><U63/><E63/><V52/><F124/><W48/><G39/><T0/><D0/><U82/><E73/><N who="0" m="27657" /><D5/><U22/><E11/><V17/><F88/><W41/><G41/><T54/><D54/><U113/><E113/><V129/><F103/><W23/><G104/><T16/><D7/><U99/><AGARI ba="0,0" hai="4,6,15,18,22,59,61,66,80,81,82,89,92,99" machi="99" ten="30,2000,0" yaku="0,1,8,1" doraHai="70" who="1" fromWho="1" sc="175,-5,260,20,373,-5,192,-10" owari="170,-33.0,280,8.0,368,46.8,182,-21.8" /></mjloggm>