<mjloggm ver="2.3"><GO type="169" lobby="0"/><UN n0="%E2%97%8E%E3%82%88%E3%81%97%E2%97%8E" n1="%E3%82%A8%E3%82%B9%E3%82%AB%E3%83%AB%E3%82%B4%E3%83%B3" n2="%E3%82%AB%E3%83%AB%E3%83%94%E3%82%B9%E3%82%B5%E3%83%AF%E3%83%BC" n3="%E6%B5%81%E3%82%8C%EF%BC%9F%53%4F%41" dan="16,16,17,17" rate="2156.97,2151.51,2203.62,2259.65" sx="M,M,M,M"/><TAIKYOKU oya="0"/><INIT seed="0,0,0,1,1,81" ten="250,250,250,250" oya="0" hai0="52,27,111,18,58,130,73,61,71,107,24,15,116" hai1="3,77,100,13,69,57,39,75,48,5,43,21,30" hai2="126,10,37,88,7,87,11,76,4,84,14,41,17" hai3="115,68,53,78,20,74,51,23,66,80,65,95,22"/><T16/><D116/><U124/><E69/><V28/><F126/><W40/><G115/><T50/><D107/><U49/><E124/><V34/><F37/><W47/><G68/><T72/><D130/><U127/><E127/><V122/><F122/><W90/><REACH who="3" step="1"/><G40/><REACH who="3" ten="250,250,250,240" step="2"/><T36/><D111/><U32/><E43/><V12/><F41/><W44/><G44/><T103/><D36/><U38/><E39/><V54/><F54/><W123/><G123/><T79/><D71/><U55/><E55/><V9/><F76/><W1/><G1/><T19/><D79/><U105/><E3/><V110/><F110/><W60/><G60/><T104/><D61/><U25/><E38/><V29/><F34/><W112/><G112/><T131/><D131/><U42/><E32/><V91/><F10/><W98/><AGARI ba="0,1" hai="20,22,23,47,51,53,65,66,74,78,80,90,95,98" machi="98" ten="30,2000,0" yaku="1,1,0,1,53,0" doraHai="81" doraHaiUra="102" who="3" fromWho="3" sc="250,-10,250,-5,250,-5,240,30" /><INIT seed="1,0,0,4,4,98" ten="240,245,245,270" oya="1" hai0="67,82,34,13,88,37,125,9,1,19,64,102,131" hai1="28,66,6,110,40,85,2,95,22,81,35,21,76" hai2="119,68,57,50,129,118,38,39,133,100,16,78,113" hai3="75,72,109,122,32,29,26,117,90,8,80,134,7"/><U89/><E110/><V24/><F68/><W41/><G122/><T121/><D37/><U126/><E126/><V130/><F78/><W103/><G109/><T92/><D34/><U128/><E128/><N who="2" m="49259" /><F133/><W127/><G134/><T84/><D131/><U14/><E2/><V59/><F100/><W61/><G117/><N who="2" m="44553" /><F113/><W87/><G41/><T10/><D125/><U43/><E35/><V107/><F107/><W47/><G47/><T53/><D121/><U30/><E66/><V79/><F79/><W0/><G127/><T49/><D1/><U52/><E28/><V5/><F5/><W104/><REACH who="3" step="1"/><G61/><REACH who="3" ten="240,245,245,260" step="2"/><T77/><D10/><N who="1" m="4439" /><E40/><V97/><F39/><W74/><G74/><T120/><D120/><U60/><E43/><V17/><F38/><W99/><AGARI ba="0,1" hai="0,7,8,26,29,32,72,75,80,87,90,99,103,104" machi="99" ten="30,7900,0" yaku="1,1,0,1,52,1,53,1" doraHai="98" doraHaiUra="3" who="3" fromWho="3" sc="240,-20,245,-39,245,-20,260,89" /><INIT seed="2,0,0,0,2,109" ten="220,206,225,349" oya="2" hai0="11,114,104,16,123,94,23,77,125,85,56,89,105" hai1="32,13,18,33,37,54,101,97,4,75,95,26,117" hai2="72,46,134,92,107,66,106,71,122,127,119,96,67" hai3="70,9,3,116,10,115,74,22,80,61,12,44,84"/><V126/><F119/><W121/><G121/><T83/><D123/><U100/><E117/><V39/><F122/><W63/><G74/><T51/><D125/><N who="2" m="47626" /><F72/><W98/><G116/><T41/><D11/><U99/><E75/><V2/><F2/><W118/><G118/><T69/><D69/><U102/><E37/><V73/><F73/><W52/><G70/><T111/><D111/><U8/><E32/><V112/><F134/><W60/><G98/><T34/><D34/><U28/><E54/><V43/><F112/><W20/><G9/><T29/><D29/><U17/><REACH who="1" step="1"/><E101/><REACH who="1" ten="220,196,225,349" step="2"/><N who="2" m="60551" /><F66/><W42/><G42/><T15/><D41/><U7/><E7/><V1/><F1/><W19/><G3/><T40/><D40/><U128/><E128/><V45/><F45/><W87/><G115/><T57/><D114/><U103/><E103/><V58/><F71/><W76/><REACH who="3" step="1"/><G87/><REACH who="3" ten="220,196,225,339" step="2"/><T64/><D85/><U0/><E0/><V38/><F38/><W35/><G35/><T50/><D104/><AGARI ba="0,2" hai="4,8,13,17,18,26,28,33,95,97,99,100,102,104" machi="104" ten="30,3900,0" yaku="1,1,7,1,53,1" doraHai="109" doraHaiUra="91" who="1" fromWho="0" sc="220,-39,196,59,225,0,339,0" /><INIT seed="3,0,0,0,3,93" ten="181,255,225,339" oya="3" hai0="134,43,130,131,86,26,54,120,2,10,7,15,65" hai1="27,88,107,62,19,66,11,119,96,123,77,108,39" hai2="128,80,61,118,5,30,36,133,94,76,122,53,84" hai3="126,129,33,110,101,35,105,121,97,74,85,17,106"/><W59/><G121/><T49/><D120/><U3/><E123/><V60/><F122/><RYUUKYOKU type="kaze4" ba="0,0" sc="181,0,255,0,225,0,339,0" /><INIT seed="3,1,0,0,2,88" ten="181,255,225,339" oya="3" hai0="41,123,31,100,56,3,28,39,118,70,22,104,78" hai1="20,2,131,54,23,69,107,16,55,59,6,96,110" hai2="51,12,25,95,24,129,32,93,103,112,64,38,60" hai3="94,108,101,92,19,62,43,8,84,80,44,132,36"/><W17/><G132/><T5/><D118/><U4/><E69/><V73/><F112/><W37/><G37/><T91/><D70/><U10/><E110/><V115/><F115/><W33/><G33/><T134/><D123/><U85/><E131/><V75/><F38/><W102/><G108/><T53/><D100/><U48/><E4/><V81/><F129/><W13/><G17/><T74/><D104/><U42/><E42/><V126/><F126/><W27/><G27/><T9/><D22/><U79/><E107/><V82/><F51/><W121/><G121/><T111/><D111/><U127/><E127/><V72/><F12/><W90/><G101/><T97/><D134/><U67/><E96/><V89/><F103/><W11/><G11/><T77/><D77/><U87/><E67/><V35/><F89/><W128/><G128/><T106/><D106/><U113/><E79/><V76/><F76/><W40/><G40/><T52/><D91/><U29/><E113/><V61/><F73/><W66/><REACH who="3" step="1"/><G102/><REACH who="3" ten="181,255,225,329" step="2"/><T83/><D97/><U14/><E20/><V119/><REACH who="2" step="1"/><F64/><REACH who="2" ten="181,255,215,329" step="2"/><W133/><G133/><T122/><D122/><U58/><REACH who="1" step="1"/><E29/><REACH who="1" ten="181,245,215,329" step="2"/><V86/><F86/><W109/><G109/><T46/><REACH who="0" step="1"/><D53/><REACH who="0" ten="171,245,215,329" step="2"/><RYUUKYOKU type="reach4" ba="1,4" sc="171,0,245,0,215,0,329,0" hai0="3,5,9,28,31,39,41,46,52,56,74,78,83" hai1="2,6,10,14,16,23,48,54,55,58,59,85,87" hai2="24,25,32,35,60,61,72,75,81,82,93,95,119" hai3="8,13,19,36,43,44,62,66,80,84,90,92,94" /><INIT seed="3,2,4,3,2,125" ten="171,245,215,329" oya="3" hai0="124,59,36,26,13,3,17,79,7,80,11,50,22" hai1="96,122,119,23,10,60,86,24,9,123,129,100,48" hai2="126,109,85,87,116,130,67,38,111,78,117,20,83" hai3="18,105,82,66,93,16,27,94,99,114,98,118,42"/><W110/><G114/><T44/><D124/><U101/><E119/><N who="2" m="45643" /><F20/><N who="3" m="13703" /><G105/><T51/><D59/><U75/><E75/><N who="2" m="43487" /><F67/><W107/><G107/><T91/><D91/><U8/><E86/><N who="2" m="32779" /><F38/><W63/><G118/><T89/><D89/><U77/><E77/><V132/><F126/><W4/><G4/><T35/><D80/><U45/><E60/><V61/><F61/><W97/><G82/><T43/><D79/><U120/><E48/><V115/><F115/><W121/><G121/><T21/><D35/><U112/><E45/><V25/><F25/><W15/><G42/><T76/><D76/><U6/><E6/><V32/><F32/><W47/><G47/><T57/><D57/><U74/><E74/><V104/><F132/><W81/><G81/><T131/><D131/><U2/><E129/><V54/><F54/><W49/><G49/><T127/><D127/><U40/><E40/><V52/><F52/><W88/><G66/><T28/><AGARI ba="2,4" hai="3,7,11,13,17,21,22,26,28,36,43,44,50,51" machi="28" ten="20,1500,0" yaku="0,1,7,1" doraHai="125" who="0" fromWho="0" sc="171,61,245,-6,215,-6,329,-9" /><INIT seed="4,0,0,3,4,110" ten="232,239,209,320" oya="0" hai0="134,75,54,24,19,91,89,39,118,59,34,130,120" hai1="83,113,92,81,11,4,94,42,6,87,124,1,37" hai2="23,86,22,40,104,135,97,18,129,49,58,62,9" hai3="105,12,52,46,71,106,122,67,90,16,36,107,78"/><T116/><D120/><U8/><E124/><V63/><F129/><W21/><G78/><T65/><D39/><U61/><E113/><V125/><F125/><W35/><G35/><T101/><D75/><U72/><E61/><V121/><F121/><W74/><G74/><T64/><D134/><U32/><E32/><V95/><F104/><W57/><G122/><T98/><D130/><U13/><E81/><V82/><F9/><W69/><G90/><N who="0" m="34315" /><D34/><U51/><E37/><V28/><F28/><W88/><G88/><T31/><D31/><U10/><E10/><V114/><F135/><W53/><G67/><T93/><D118/><U56/><E72/><V43/><F82/><W100/><G100/><T103/><D101/><U99/><E99/><V102/><F86/><W123/><G123/><T50/><D116/><U127/><E127/><V77/><F77/><W2/><G2/><T25/><D19/><U38/><E38/><V17/><F102/><W47/><G36/><T96/><D98/><U5/><E5/><V115/><F97/><W76/><G76/><T45/><D65/><U7/><E7/><V41/><F41/><W84/><G84/><T70/><D70/><U0/><E0/><V117/><F117/><W30/><G30/><T20/><D20/><U48/><E87/><V128/><F128/><W79/><G79/><T131/><D131/><U133/><E83/><V132/><F132/><W119/><G119/><T126/><D126/><U108/><E133/><V80/><F80/><W112/><G69/><T3/><D3/><U73/><E73/><V14/><F23/><RYUUKYOKU ba="0,0" sc="232,30,239,-10,209,-10,320,-10" hai0="24,25,45,50,54,59,64,93,96,103" /><INIT seed="4,1,0,2,3,95" ten="262,229,199,310" oya="0" hai0="35,119,48,97,15,39,33,94,72,85,22,133,103" hai1="68,92,106,79,32,81,58,61,31,21,57,46,90" hai2="100,17,29,122,13,19,30,20,62,71,4,78,5" hai3="104,102,101,69,108,98,87,135,1,75,131,52,91"/><T54/><D119/><U74/><E32/><V10/><F78/><W114/><G69/><T12/><D72/><U105/><E68/><V53/><F71/><W60/><G1/><T132/><D39/><U3/><E3/><V70/><F70/><W16/><G108/><T93/><D85/><U134/><E134/><N who="0" m="51817" /><D94/><U113/><E113/><V117/><F100/><W116/><G75/><T73/><D73/><U2/><E2/><V109/><F109/><W112/><G116/><T6/><D22/><U127/><E105/><V37/><F37/><W45/><G135/><T115/><D115/><U56/><E106/><V38/><F38/><W9/><G102/><T18/><D6/><N who="2" m="2666" /><F122/><W34/><G34/><N who="0" m="12811" /><D18/><U64/><E21/><V40/><F117/><W129/><G114/><T27/><D27/><U63/><E31/><V65/><F19/><W76/><G112/><T44/><AGARI ba="1,0" hai="12,15,44,48,54,93,97,103" m="12811,51817" machi="44" ten="30,3000,0" yaku="20,1,52,1" doraHai="95" who="0" fromWho="0" sc="262,33,229,-11,199,-11,310,-11" /><INIT seed="4,2,0,1,2,129" ten="295,218,188,299" oya="0" hai0="58,108,54,17,122,97,60,66,110,31,107,41,91" hai1="77,82,87,118,15,105,42,76,30,49,32,96,120" hai2="21,81,38,53,51,37,64,34,39,0,4,52,50" hai3="68,28,57,44,115,73,116,10,90,18,8,94,27"/><T25/><D122/><U43/><E118/><V63/><F34/><W93/><G68/><T20/><D41/><U80/><E120/><V1/><F21/><W24/><G116/><T124/><D124/><U74/><E105/><V6/><F81/><W134/><G73/><T102/><D91/><U59/><E96/><V5/><F63/><W123/><G123/><T127/><D127/><U69/><E69/><V67/><F50/><W78/><G78/><T35/><REACH who="0" step="1"/><D66/><REACH who="0" ten="285,218,188,299" step="2"/><N who="2" m="25130" /><F51/><W33/><G90/><T14/><AGARI ba="2,1" hai="14,17,20,25,31,35,54,58,60,97,102,107,108,110" machi="14" ten="30,3000,0" yaku="1,1,0,1,53,0" doraHai="129" doraHaiUra="75" who="0" fromWho="0" sc="285,46,218,-12,188,-12,299,-12" /><INIT seed="4,3,0,1,2,63" ten="331,206,176,287" oya="0" hai0="24,109,86,40,112,107,51,57,102,4,58,42,2" hai1="15,133,103,131,97,71,54,36,10,22,129,126,61" hai2="119,33,59,14,94,64,121,76,13,47,74,20,130" hai3="104,114,127,85,12,7,43,77,62,111,78,9,70"/><T91/><D112/><U21/><E36/><V135/><F121/><W5/><G111/><T96/><D109/><U105/><E133/><V87/><F33/><W108/><G108/><T68/><D68/><U67/><E126/><V11/><F74/><W19/><G104/><T75/><D75/><U26/><E54/><V84/><F130/><N who="1" m="49673" /><E26/><V89/><F135/><W66/><G114/><T48/><D24/><U6/><AGARI ba="3,0" hai="6,10,15,21,22,61,67,71,97,103,105" m="49673" machi="6" ten="30,2000,0" yaku="19,1,52,1" doraHai="63" who="1" fromWho="1" sc="331,-13,206,29,176,-8,287,-8" /><INIT seed="5,0,0,5,1,121" ten="318,235,168,279" oya="1" hai0="71,118,56,64,10,93,130,109,84,44,78,45,112" hai1="111,103,4,70,34,33,2,95,21,124,23,12,47" hai2="54,38,127,17,134,117,102,51,85,74,83,69,36" hai3="119,57,61,98,20,68,19,92,79,1,115,100,133"/><U66/><E70/><V58/><F117/><W35/><G35/><N who="1" m="13322" /><E66/><V104/><F69/><W25/><G119/><T52/><D118/><U67/><E67/><V5/><F127/><W128/><G1/><T59/><D59/><U50/><E103/><V116/><F116/><W26/><G68/><T37/><D56/><U0/><E95/><V62/><F134/><W99/><G133/><T89/><D93/><U135/><E135/><V107/><F5/><W132/><G128/><T122/><D130/><U90/><E90/><V125/><F125/><W82/><G115/><T101/><D112/><U13/><E50/><V75/><F51/><W105/><G132/><T43/><D89/><U65/><E47/><V46/><F46/><W41/><G41/><T81/><D101/><U80/><E80/><V97/><F104/><W31/><G99/><T73/><D43/><U7/><E65/><V106/><F106/><W32/><G105/><T129/><D64/><U14/><E111/><V48/><F48/><W120/><G120/><T91/><D109/><U39/><E39/><V3/><F38/><W49/><G49/><T42/><D122/><U18/><E124/><V8/><F36/><W123/><G123/><T11/><D129/><U87/><E87/><V16/><F85/><W9/><G82/><N who="0" m="49559" /><D71/><U6/><E23/><V15/><F83/><W113/><G79/><T96/><D96/><U40/><E40/><V72/><F72/><W131/><G131/><T110/><D110/><U22/><E22/><N who="2" m="11551" /><F74/><W60/><G60/><T55/><D45/><U94/><E94/><V27/><F107/><RYUUKYOKU ba="0,0" sc="318,15,235,15,168,-15,279,-15" hai0="10,11,37,42,44,52,55,73,78,81" hai1="0,2,4,6,7,12,13,14,18,21" /><INIT seed="5,1,0,1,1,102" ten="333,250,153,264" oya="1" hai0="2,17,118,50,53,122,68,62,100,13,131,95,108" hai1="32,14,45,107,101,27,124,119,4,129,54,111,56" hai2="48,117,133,135,5,90,35,58,70,85,60,120,89" hai3="34,86,41,92,106,73,44,81,63,29,114,52,74"/><U33/><E119/><V16/><F117/><W134/><G114/><T69/><D2/><U66/><E124/><V93/><F120/><W9/><G106/><T47/><D108/><U123/><E123/><V109/><F109/><W25/><G92/><T24/><D131/><U115/><E111/><V10/><F35/><W6/><G134/><T105/><D105/><U67/><E115/><V113/><F113/><W64/><G52/><T21/><D62/><U3/><E3/><V46/><F70/><W78/><G63/><T104/><D95/><U88/><E129/><V121/><F121/><W37/><REACH who="3" step="1"/><G64/><REACH who="3" ten="333,250,153,254" step="2"/><T132/><D132/><U99/><E67/><V72/><F135/><W38/><G38/><T128/><D128/><U26/><E66/><V19/><F133/><W1/><AGARI ba="1,1" hai="1,6,9,25,29,34,37,41,44,73,74,78,81,86" machi="1" ten="20,2700,0" yaku="1,1,0,1,7,1,53,0" doraHai="102" doraHaiUra="61" who="3" fromWho="3" sc="333,-8,250,-14,153,-8,254,40" /><INIT seed="6,0,0,4,0,11" ten="325,236,145,294" oya="2" hai0="2,43,131,96,5,40,67,20,88,127,116,26,25" hai1="48,60,32,57,50,120,73,51,102,119,68,52,37" hai2="86,47,134,29,100,44,7,84,80,90,133,129,42" hai3="105,108,121,23,118,27,13,30,124,0,95,99,31"/><V12/><F129/><W6/><G108/><T33/><D33/><U132/><E73/><V74/><F74/><W49/><G118/><T4/><D2/><U126/><E32/><V79/><F100/><W38/><G38/><T81/><D127/><U36/><E102/><V15/><F29/><W110/><G110/><T24/><D67/><N who="1" m="41063" /><E119/><V93/><F44/><W82/><G105/><T35/><D35/><U9/><E9/><V89/><F89/><W62/><G0/><T87/><D131/><U75/><E75/><V21/><F21/><W122/><G62/><T59/><D59/><U112/><E126/><V94/><F94/><W91/><G31/><T109/><D109/><U103/><E103/><V19/><F19/><W117/><G117/><T1/><D1/><U125/><E125/><V41/><F41/><N who="0" m="15946" /><D116/><U64/><E132/><N who="2" m="50795" /><F7/><N who="0" m="2634" /><D96/><U98/><E98/><V66/><F66/><W111/><G111/><T106/><D106/><U22/><E64/><V72/><F72/><W104/><G104/><T71/><D71/><U123/><E36/><AGARI ba="0,0" hai="12,15,36,42,47,79,80,84,86,90,93" m="50795" machi="36" ten="30,5800,0" yaku="20,1,52,2" doraHai="11" who="2" fromWho="1" sc="325,0,236,-58,145,58,294,0" /><INIT seed="6,1,0,2,0,6" ten="325,178,203,294" oya="2" hai0="50,64,27,126,106,118,130,40,88,22,69,3,87" hai1="41,37,32,55,57,7,129,42,18,38,92,65,70" hai2="23,97,77,72,0,30,25,9,102,99,135,114,45" hai3="112,58,51,43,107,85,123,21,116,47,48,12,133"/><V119/><F119/><W82/><G123/><T68/><D106/><U16/><E32/><V81/><F114/><W134/><G116/><T91/><D3/><U66/><E7/><V53/><F135/><N who="3" m="51723" /><G107/><T113/><D126/><U24/><E92/><V84/><F72/><W54/><G112/><T71/><D64/><N who="1" m="24683" /><E24/><V96/><F0/><W8/><G21/><T93/><D50/><N who="1" m="30967" /><E16/><V49/><REACH who="2" step="1"/><F9/><REACH who="2" ten="325,178,193,294" step="2"/><W86/><G82/><T31/><D118/><U111/><E111/><V63/><F63/><W115/><G115/><T74/><D113/><U10/><E10/><V95/><AGARI ba="1,1" hai="23,25,30,45,49,53,77,81,84,95,96,97,99,102" machi="95" ten="20,7800,0" yaku="1,1,0,1,7,1,8,1,53,0" doraHai="6" doraHaiUra="33" who="2" fromWho="2" sc="325,-27,178,-27,193,91,294,-27" /><INIT seed="6,2,0,5,1,119" ten="298,151,284,267" oya="2" hai0="43,48,65,39,59,115,77,74,41,37,26,100,114" hai1="94,38,112,102,6,4,73,67,118,60,101,117,12" hai2="79,134,132,98,18,91,110,0,121,44,90,22,116" hai3="8,120,1,13,126,45,9,46,133,15,104,75,58"/><V35/><F116/><W24/><G75/><T66/><D100/><U27/><E73/><V71/><F35/><W70/><G70/><T109/><D77/><U86/><E38/><N who="0" m="14345" /><D26/><U78/><E112/><N who="0" m="43049" /><D74/><U49/><E118/><V21/><F71/><W42/><G24/><T50/><D109/><U131/><E117/><V92/><F0/><W61/><G1/><T135/><D135/><N who="2" m="51754" /><F110/><W11/><G133/><T122/><D122/><U14/><E131/><V34/><F34/><W7/><G120/><T96/><D96/><U124/><E124/><V20/><F79/><W5/><G9/><T125/><D125/><U99/><E102/><V80/><F44/><W57/><G126/><T84/><D84/><U82/><E49/><N who="0" m="19049" /><D59/><N who="1" m="37279" /><E27/><N who="2" m="14743" /><F121/><W88/><G104/><T56/><D56/><U130/><E130/><V89/><F80/><W97/><G57/><T103/><D103/><AGARI ba="2,0" hai="21,22,89,90,91,92,98,103" m="14743,51754" machi="103" ten="30,1500,0" yaku="20,1" doraHai="119" who="2" fromWho="0" sc="298,-21,151,0,284,21,267,0" /><INIT seed="6,3,0,5,4,37" ten="277,151,305,267" oya="2" hai0="54,9,120,17,28,30,41,82,126,5,135,90,86" hai1="6,65,64,53,19,76,35,101,73,134,21,103,49" hai2="4,69,118,13,63,132,83,128,115,122,110,92,66" hai3="127,94,51,68,61,18,70,95,99,111,80,123,84"/><V12/><F118/><W2/><G111/><T46/><D120/><U8/><E35/><V59/><F122/><W125/><G2/><T38/><D126/><N who="3" m="48137" /><G123/><T108/><D135/><U50/><E134/><V102/><F132/><W71/><G61/><T56/><D17/><U97/><E73/><V121/><F121/><W14/><G51/><T91/><D90/><U25/><E76/><V78/><F115/><W57/><G57/><T75/><D75/><U98/><E49/><V22/><F128/><W45/><G45/><T119/><D108/><U104/><E8/><V131/><F131/><W32/><G32/><T52/><D119/><U31/><E6/><V67/><F110/><W26/><G26/><T113/><D113/><U15/><E25/><V27/><F69/><W62/><G62/><T3/><D54/><U77/><E77/><V0/><F66/><W96/><G99/><T42/><D42/><U60/><E31/><V130/><F130/><W81/><G84/><T105/><D105/><U24/><E24/><V93/><F0/><W109/><G109/><T85/><D86/><U40/><E40/><V10/><F13/><W124/><N who="3" m="48145" /><W36/><DORA hai="33" /><G36/><T44/><D44/><U23/><E60/><AGARI ba="3,0" hai="3,5,9,28,30,38,41,46,52,56,60,82,85,91" machi="60" ten="30,7700,0" yaku="7,1,52,2,54,1" doraHai="37,33" who="0" fromWho="1" sc="277,86,151,-86,305,0,267,0" /><INIT seed="7,0,0,0,4,78" ten="363,65,305,267" oya="3" hai0="51,86,117,37,88,35,135,18,49,10,27,107,64" hai1="119,23,58,110,104,12,65,52,14,33,69,109,121" hai2="129,99,46,102,125,47,59,61,48,50,62,101,56" hai3="74,118,89,81,7,73,112,44,92,13,30,39,6"/><W36/><G118/><T34/><D37/><U95/><E119/><V120/><F129/><W0/><G30/><T122/><D107/><U22/><E121/><V128/><F128/><W76/><G74/><T84/><D122/><U70/><E104/><V77/><F120/><W75/><G75/><T25/><D64/><U106/><E106/><V42/><F77/><W103/><G112/><T24/><D135/><U115/><E33/><V105/><F125/><W79/><G79/><T124/><D124/><U45/><E115/><V68/><F68/><W111/><G111/><T131/><D131/><U97/><E70/><V29/><F29/><W91/><G13/><N who="0" m="7479" /><D34/><U57/><E69/><V133/><F133/><W60/><G60/><T108/><D35/><U1/><E1/><V63/><REACH who="2" step="1"/><F101/><REACH who="2" ten="363,65,295,267" step="2"/><W116/><G116/><T3/><D117/><U43/><E110/><V17/><F17/><W31/><G31/><T8/><D108/><U85/><E109/><V38/><F38/><W94/><G103/><T15/><D3/><U11/><E65/><V126/><F126/><W4/><G0/><T41/><D41/><AGARI ba="0,1" hai="41,42,46,47,48,50,56,59,61,62,63,99,102,105" machi="41" ten="40,2600,0" yaku="1,1,9,1,53,0" doraHai="78" doraHaiUra="134" who="2" fromWho="0" sc="363,-26,65,0,295,36,267,0" owari="337,43.7,65,-43.5,331,13.1,267,-13.3" /></mjloggm>