<mjloggm ver="2.3"><GO type="169" lobby="0"/><UN n0="%E3%81%82%E3%81%BE%E3%81%82%E3%82%93" n1="%E3%83%95%E3%82%AF%E3%83%AD%E3%82%A6%E3%82%B5%E3%83%B3" n2="%E3%81%AF%E3%81%9F%E3%82%86%E3%81%86" n3="%E6%B2%B3%E7%AB%A5%E3%81%AE%E3%83%AF%E3%82%AB%E3%83%9E%E3%83%84" dan="17,17,16,17" rate="2127.84,2180.67,2142.13,2206.12" sx="M,F,M,M"/><TAIKYOKU oya="0"/><INIT seed="0,0,0,5,5,100" ten="250,250,250,250" oya="0" hai0="35,68,106,2,83,90,17,94,74,95,105,135,73" hai1="58,77,89,18,49,30,114,36,84,24,69,92,53" hai2="32,12,57,42,51,101,65,6,70,4,107,80,88" hai3="46,99,75,116,126,19,27,113,134,102,96,29,120"/><T124/><D2/><U22/><E69/><V0/><F32/><W28/><G113/><T129/><D35/><U86/><E36/><V34/><F34/><W133/><G116/><T64/><D68/><U108/><E108/><V123/><F0/><W132/><G75/><N who="0" m="28683" /><D64/><U23/><E114/><V103/><F123/><W122/><G126/><T43/><D43/><U25/><REACH who="1" step="1"/><E77/><REACH who="1" ten="250,240,250,250" step="2"/><V62/><F70/><W128/><G122/><T41/><D124/><U48/><E48/><V45/><F51/><W93/><G120/><T61/><D129/><U50/><E50/><V76/><F76/><W112/><G128/><T78/><D135/><U125/><E125/><V130/><F130/><W111/><G111/><T59/><D78/><U119/><E119/><V11/><F62/><W3/><G112/><T67/><D61/><U16/><E16/><V47/><F4/><W79/><G79/><T5/><D17/><U55/><E55/><V82/><F6/><W91/><G19/><T109/><D5/><U8/><E8/><V1/><F11/><W7/><G7/><T13/><D109/><U60/><E60/><V21/><F1/><W81/><G3/><T14/><D67/><U9/><E9/><V40/><F65/><W54/><G54/><T39/><D39/><U87/><AGARI ba="0,1" hai="18,22,23,24,25,30,49,53,58,84,86,87,89,92" machi="87" ten="20,5200,0" yaku="1,1,0,1,7,1,8,1,53,0" doraHai="100" doraHaiUra="63" who="1" fromWho="1" sc="250,-26,240,62,250,-13,250,-13" /><INIT seed="1,0,0,2,2,135" ten="224,302,237,237" oya="1" hai0="8,95,65,113,44,29,51,78,82,45,62,76,15" hai1="81,28,32,48,77,115,73,90,100,30,13,56,1" hai2="54,102,68,52,89,124,133,55,7,94,99,84,35" hai3="125,33,75,36,38,24,74,97,17,106,104,43,71"/><U25/><E115/><V3/><F68/><W108/><G17/><T101/><D113/><U118/><E118/><V98/><F35/><W87/><G87/><T12/><D29/><U121/><E121/><V49/><F133/><W37/><G43/><T34/><D34/><U42/><E1/><V41/><F124/><W79/><G108/><T91/><D101/><U66/><E100/><V117/><F117/><W126/><G71/><T114/><D114/><U27/><E13/><V58/><F41/><W70/><G70/><T47/><D51/><U67/><E90/><V86/><F86/><W107/><G97/><T119/><D119/><U6/><E6/><V21/><F99/><W61/><G61/><T10/><D62/><U64/><E42/><V53/><F21/><W59/><G59/><T23/><D23/><U132/><E132/><V16/><F16/><W72/><G79/><T20/><D20/><U50/><REACH who="1" step="1"/><E56/><REACH who="1" ten="224,292,237,237" step="2"/><V103/><REACH who="2" step="1"/><F98/><REACH who="2" ten="224,292,227,237" step="2"/><W129/><REACH who="3" step="1"/><G129/><REACH who="3" ten="224,292,227,227" step="2"/><T31/><D78/><U92/><E92/><V40/><F40/><W110/><G110/><T105/><D76/><U96/><E96/><V57/><F57/><W4/><G4/><T11/><D95/><U69/><E69/><V63/><F63/><W88/><G88/><T19/><D91/><U130/><E130/><V116/><F116/><W85/><G85/><T83/><D83/><U120/><E120/><V26/><F26/><W2/><G2/><T22/><D82/><U60/><E60/><V111/><F111/><W123/><G123/><T112/><D112/><U122/><E122/><V0/><F0/><RYUUKYOKU ba="0,3" sc="224,-30,292,10,227,10,227,10" hai1="25,27,28,30,32,48,50,64,66,67,73,77,81" hai2="3,7,49,52,53,54,55,58,84,89,94,102,103" hai3="24,33,36,37,38,72,74,75,104,106,107,125,126" /><INIT seed="1,1,3,0,3,100" ten="194,302,237,237" oya="1" hai0="16,9,56,69,135,31,38,46,34,22,121,95,30" hai1="4,12,102,70,74,132,89,84,87,65,124,118,83" hai2="116,86,8,23,75,91,36,26,53,112,79,44,126" hai3="14,130,42,29,77,104,71,47,114,37,25,15,93"/><U106/><E118/><V97/><F116/><W13/><G114/><T45/><D69/><U61/><E132/><V81/><F112/><W19/><G71/><T129/><D135/><U113/><E113/><V27/><F126/><W94/><G130/><T105/><D129/><U88/><E124/><V68/><F68/><W78/><G19/><T60/><D105/><U63/><E74/><V48/><F36/><W123/><G123/><T101/><D121/><U96/><E61/><V32/><F32/><W57/><G104/><T50/><D38/><U58/><E70/><V134/><F134/><W67/><G67/><N who="0" m="39303" /><D34/><U2/><E2/><V49/><F97/><W62/><G57/><T11/><D95/><U72/><E72/><V120/><F120/><W5/><G62/><T107/><D107/><U76/><REACH who="1" step="1"/><E87/><REACH who="1" ten="194,292,237,237" step="2"/><V80/><F75/><W6/><G5/><T110/><D110/><U85/><E85/><V127/><F127/><W98/><G6/><T18/><D9/><AGARI ba="1,4" hai="4,9,12,58,63,65,76,83,84,88,89,96,102,106" machi="9" ten="40,7700,0" yaku="1,1,52,1,54,1,53,0" doraHai="100" doraHaiUra="33" who="1" fromWho="0" sc="194,-80,292,120,237,0,237,0" /><INIT seed="1,2,0,3,5,84" ten="114,412,237,237" oya="1" hai0="128,63,0,77,71,134,64,102,8,15,7,132,62" hai1="85,92,14,6,117,118,44,41,93,91,106,82,48" hai2="9,60,80,78,112,53,47,87,59,101,29,31,120" hai3="18,10,52,76,69,39,50,94,3,66,95,65,104"/><U98/><E106/><V72/><F120/><W43/><G104/><T125/><D125/><U70/><E70/><V5/><F112/><W55/><G76/><T20/><D128/><U67/><E67/><N who="3" m="25610" /><G3/><T35/><D77/><U40/><E93/><N who="3" m="35338" /><G39/><T116/><D116/><U45/><E14/><V24/><F101/><W115/><G69/><T58/><D102/><U54/><E6/><V19/><F72/><W13/><G115/><T133/><D35/><U97/><E97/><V49/><F19/><W100/><G100/><T90/><D20/><U12/><E12/><N who="2" m="5167" /><F24/><W86/><G86/><T122/><D122/><U88/><E54/><AGARI ba="2,0" hai="29,31,47,49,53,54,59,60,78,80,87" m="5167" machi="54" ten="30,1000,0" yaku="8,1" doraHai="84" who="2" fromWho="1" sc="114,0,412,-16,237,16,237,0" /><INIT seed="2,0,0,0,2,113" ten="114,396,253,237" oya="2" hai0="3,2,58,72,99,103,29,81,132,128,83,54,122" hai1="35,71,10,36,60,21,76,27,20,26,24,1,109" hai2="98,49,43,51,85,7,18,111,80,45,64,8,123" hai3="63,70,106,86,110,96,40,55,48,53,34,105,17"/><V47/><F123/><W30/><G110/><T127/><D122/><U59/><E71/><V69/><F111/><W129/><G129/><T62/><D128/><U135/><E109/><V126/><F126/><W50/><G86/><T32/><D127/><U56/><E36/><V134/><F134/><W88/><G17/><T11/><D132/><U89/><E135/><V52/><F98/><W44/><G88/><T19/><D32/><U14/><E1/><V108/><F108/><W124/><G124/><T78/><D29/><U95/><E76/><V61/><F18/><W117/><G117/><T23/><D11/><U67/><E59/><V104/><F104/><W74/><G74/><T91/><D83/><U125/><E35/><V102/><F102/><N who="3" m="62663" /><G50/><T120/><D120/><U100/><E100/><V87/><REACH who="2" step="1"/><F80/><REACH who="2" ten="114,396,243,237" step="2"/><W118/><G106/><T25/><REACH who="0" step="1"/><D103/><REACH who="0" ten="104,396,243,237" step="2"/><U119/><E125/><V4/><F4/><W131/><G131/><T101/><D101/><U38/><E95/><AGARI ba="0,2" hai="2,3,19,23,25,54,58,62,72,78,81,91,95,99" machi="95" ten="40,5200,0" yaku="1,1,25,2,53,0" doraHai="113" doraHaiUra="121" who="0" fromWho="1" sc="104,72,396,-52,243,0,237,0" /><INIT seed="3,0,0,5,5,52" ten="176,344,243,237" oya="3" hai0="135,28,4,114,56,13,5,98,119,130,58,103,66" hai1="62,78,120,51,94,116,29,76,129,46,63,134,83" hai2="132,24,27,72,111,105,12,108,16,31,15,123,20" hai3="89,1,121,101,8,104,96,33,71,43,107,112,48"/><W133/><G112/><T80/><D119/><U75/><E120/><V106/><F72/><W30/><G121/><T85/><D114/><U110/><E116/><V22/><F123/><W3/><G133/><T42/><D135/><U55/><E134/><V10/><F132/><W87/><G107/><T23/><D130/><U40/><E129/><V57/><F57/><N who="0" m="22122" /><D42/><U68/><E110/><N who="2" m="42027" /><F15/><W115/><G71/><T41/><D41/><U113/><E113/><V47/><F47/><W18/><G115/><T45/><D45/><U99/><E68/><V36/><F36/><W118/><G118/><T124/><D124/><U88/><E29/><AGARI ba="0,0" hai="10,12,16,20,22,24,27,29,31,105,106" m="42027" machi="29" ten="30,2000,0" yaku="14,1,54,1" doraHai="52" who="2" fromWho="1" sc="176,0,344,-20,243,20,237,0" /><INIT seed="4,0,0,3,5,128" ten="176,324,263,237" oya="0" hai0="105,86,74,4,115,135,92,108,68,55,124,30,85" hai1="106,91,111,95,73,53,22,63,84,49,79,48,110" hai2="107,1,59,121,123,118,76,35,117,78,42,77,19" hai3="103,98,64,7,10,67,17,65,46,47,132,13,15"/><T89/><D68/><U36/><E36/><V58/><F35/><W0/><G0/><T12/><D74/><U122/><E122/><N who="2" m="46603" /><F1/><W28/><G28/><T43/><D115/><U44/><E106/><V37/><F19/><W104/><REACH who="3" step="1"/><G132/><REACH who="3" ten="176,324,263,227" step="2"/><T39/><D135/><U88/><E111/><V50/><F107/><W114/><G114/><T54/><D30/><U109/><E109/><V96/><F37/><W33/><G33/><T71/><D105/><U87/><E110/><V80/><F118/><W82/><G82/><T26/><D108/><U27/><E95/><V9/><F80/><W38/><G38/><T94/><D39/><U56/><E73/><V8/><F117/><W6/><G6/><T75/><D75/><U129/><E129/><V21/><F21/><AGARI ba="0,1" hai="7,10,13,15,17,21,46,47,64,65,67,98,103,104" machi="21" ten="40,1300,0" yaku="1,1,53,0" doraHai="128" doraHaiUra="24" who="3" fromWho="2" sc="176,0,324,0,263,-13,227,23" /><INIT seed="5,0,0,1,1,82" ten="176,324,250,250" oya="1" hai0="31,101,105,121,14,128,0,44,89,115,27,50,76" hai1="124,126,103,10,4,102,135,78,53,46,100,15,63" hai2="22,98,49,35,79,40,113,11,131,106,65,26,57" hai3="130,91,75,20,34,111,9,8,51,97,90,68,84"/><U55/><E135/><V127/><F35/><W74/><G34/><T41/><D115/><U109/><E109/><V48/><F131/><W56/><G68/><T67/><D128/><U108/><E108/><V64/><F127/><N who="1" m="48681" /><E78/><V123/><F123/><W7/><G111/><T95/><D0/><U85/><E46/><V107/><F79/><W92/><G130/><T99/><D121/><U2/><E2/><V73/><F73/><W110/><G110/><T32/><D67/><U16/><E4/><V122/><F113/><W134/><G134/><T30/><D76/><U29/><E29/><V62/><F65/><W93/><G20/><T132/><D132/><U112/><E112/><V129/><F122/><W125/><G125/><T104/><D30/><U60/><E85/><V17/><F107/><W77/><G77/><T120/><D120/><U83/><E83/><V133/><F133/><W58/><G51/><T61/><D61/><AGARI ba="0,0" hai="10,15,16,53,55,60,61,63,100,102,103" m="48681" machi="61" ten="30,2900,0" yaku="18,1,54,1" doraHai="82" who="1" fromWho="0" sc="176,-29,324,29,250,0,250,0" /><INIT seed="5,1,0,5,3,118" ten="147,353,250,250" oya="1" hai0="23,50,75,116,54,0,2,66,16,103,67,48,115" hai1="135,29,83,42,18,100,121,20,91,26,94,85,69" hai2="24,5,33,14,132,110,102,76,79,92,38,44,57" hai3="127,89,125,95,3,64,13,22,113,17,86,122,82"/><U8/><E69/><V72/><F110/><W131/><G3/><T21/><D116/><U43/><E135/><V52/><F132/><W59/><G113/><T68/><D115/><U77/><E121/><V71/><F71/><W40/><G131/><T51/><D75/><U78/><E100/><V106/><F106/><W9/><G40/><N who="1" m="15402" /><E94/><V61/><F44/><W1/><G122/><T4/><D103/><U73/><E73/><V41/><F41/><W39/><G39/><T128/><D128/><U134/><E134/><V130/><F72/><W93/><G1/><T55/><D68/><U56/><E56/><V109/><F38/><W47/><G47/><T45/><D4/><U27/><E27/><V112/><F109/><W19/><G125/><T84/><D84/><U101/><E101/><V58/><F58/><W31/><G31/><T97/><D97/><U70/><E70/><V88/><F102/><W108/><G127/><T87/><D87/><U37/><E37/><V81/><F130/><W120/><G120/><T119/><D119/><U104/><E104/><V98/><F112/><W111/><G111/><T96/><D96/><U129/><E129/><V32/><F32/><W11/><G108/><T34/><D34/><U60/><E60/><V46/><F46/><W114/><G114/><T107/><D107/><U65/><E65/><N who="0" m="24585" /><D45/><U123/><E123/><V10/><F81/><W15/><REACH who="3" step="1"/><G22/><REACH who="3" ten="147,353,250,240" step="2"/><T99/><D21/><U53/><E29/><V74/><F33/><W12/><G12/><N who="0" m="9607" /><D0/><U90/><E20/><V126/><F126/><W25/><G25/><T80/><D2/><RYUUKYOKU ba="1,1" sc="147,-10,353,-10,250,-10,240,30" hai3="9,11,13,15,17,19,59,64,82,86,89,93,95" /><INIT seed="6,2,1,4,3,77" ten="137,343,240,270" oya="2" hai0="131,23,118,54,108,112,111,75,110,50,39,80,117" hai1="65,64,20,33,109,125,29,57,100,26,56,132,10" hai2="36,102,40,99,70,96,11,84,82,45,0,79,14" hai3="97,18,129,127,31,5,122,28,48,126,38,51,24"/><V6/><F70/><W115/><G122/><T107/><D39/><U103/><E109/><V130/><F130/><W98/><G38/><T116/><D107/><U32/><E132/><V68/><F68/><W41/><G5/><T37/><D37/><U27/><E10/><V74/><F84/><W69/><G69/><T7/><D131/><U1/><E1/><V2/><REACH who="2" step="1"/><F96/><REACH who="2" ten="137,343,230,270" step="2"/><W89/><G129/><T8/><D112/><U120/><E120/><V135/><F135/><W67/><G115/><T34/><D75/><U113/><E113/><V61/><F61/><W73/><G73/><T44/><D34/><U134/><E134/><V52/><F52/><W90/><G67/><T13/><REACH who="0" step="1"/><D23/><REACH who="0" ten="127,343,230,270" step="2"/><U15/><E20/><V94/><AGARI ba="2,3" hai="0,2,6,11,14,36,40,45,74,79,82,94,99,102" machi="94" ten="20,7800,0" yaku="1,1,0,1,7,1,52,1,53,0" doraHai="77" doraHaiUra="12" who="2" fromWho="2" sc="127,-28,343,-28,230,114,270,-28" /><INIT seed="6,3,0,0,1,47" ten="99,315,344,242" oya="2" hai0="56,85,48,3,20,49,55,45,9,62,74,100,23" hai1="7,37,43,34,12,118,65,14,0,101,78,134,110" hai2="97,11,98,130,84,81,22,17,19,40,64,73,120" hai3="58,1,6,16,86,115,83,52,60,124,102,38,2"/><V71/><F120/><W53/><G38/><T127/><D74/><U129/><E110/><V112/><F73/><W13/><G124/><T106/><D127/><U88/><E118/><V92/><F130/><W80/><G115/><T10/><D106/><U87/><E34/><V18/><F40/><W122/><G122/><T69/><D100/><U21/><E129/><V8/><F112/><W46/><G102/><T107/><D107/><U99/><E134/><V133/><F98/><W66/><G80/><T119/><D119/><U54/><E78/><V27/><F64/><W76/><G6/><T131/><D131/><U72/><E72/><V111/><F71/><W68/><G46/><T57/><D69/><U50/><E65/><V28/><F133/><W105/><G105/><T90/><D3/><U104/><E0/><V67/><F67/><W132/><G53/><T82/><D56/><N who="1" m="32855" /><E7/><V125/><F111/><W113/><G113/><T79/><D79/><U39/><E12/><V41/><F41/><W114/><G132/><T77/><D77/><U89/><E89/><N who="2" m="51343" /><F125/><W26/><G26/><T15/><D62/><U5/><E43/><V35/><F35/><W75/><G114/><T24/><D24/><U93/><E5/><V59/><F59/><W103/><G103/><AGARI ba="3,0" hai="8,11,17,18,19,22,27,28,92,97,103" m="51343" machi="103" ten="30,1500,0" yaku="8,1" doraHai="47" who="2" fromWho="3" sc="99,0,315,0,344,24,242,-24" /><INIT seed="6,4,0,3,4,35" ten="99,315,368,218" oya="2" hai0="52,120,113,106,86,74,2,43,40,118,6,119,15" hai1="80,89,27,85,18,82,38,125,57,10,3,22,73" hai2="114,11,16,14,91,123,112,93,30,135,108,59,23" hai3="32,51,132,42,90,13,7,44,46,101,0,41,122"/><V54/><F123/><W19/><G122/><T70/><D74/><U61/><E125/><V116/><F135/><W130/><G132/><T81/><D70/><U49/><E38/><V66/><F66/><W76/><G130/><T4/><D106/><U99/><E49/><V84/><F116/><N who="0" m="44586" /><D120/><U53/><E73/><V78/><F78/><W79/><G32/><T45/><D6/><N who="1" m="1375" /><E85/><V31/><F108/><W12/><G101/><T24/><D15/><U1/><E1/><V58/><F58/><W36/><G90/><N who="0" m="51535" /><D24/><U62/><E62/><V96/><F96/><W97/><G97/><T64/><D64/><U103/><E103/><V131/><F131/><W39/><G0/><T124/><D124/><U88/><E89/><V115/><REACH who="2" step="1"/><F11/><REACH who="2" ten="99,315,358,218" step="2"/><W8/><G76/><T48/><D113/><U111/><E111/><V50/><AGARI ba="4,1" hai="14,16,23,30,31,50,54,59,84,91,93,112,114,115" machi="50" ten="30,18000,2" yaku="1,1,2,1,0,1,25,2,15,1,54,1,53,0" doraHai="35" doraHaiUra="133" who="2" fromWho="2" sc="99,-64,315,-64,358,202,218,-64" /><INIT seed="6,5,0,3,1,112" ten="35,251,560,154" oya="2" hai0="7,90,32,40,26,65,55,117,113,118,49,103,80" hai1="21,97,5,58,98,121,34,57,70,95,39,135,27" hai2="131,77,31,115,78,51,126,45,15,9,132,16,76" hai3="50,124,66,127,37,24,46,64,42,84,22,105,130"/><V10/><F115/><W101/><G84/><T92/><D113/><U109/><E109/><V47/><F132/><W122/><G101/><T128/><D128/><U111/><E111/><V0/><F131/><W33/><G105/><T104/><D65/><N who="3" m="25193" /><G33/><T100/><D40/><U59/><E70/><V14/><F0/><W133/><G130/><T71/><D71/><U12/><E39/><V43/><F126/><N who="3" m="48171" /><G122/><T123/><D123/><U60/><E34/><V30/><F47/><W17/><G133/><T120/><D120/><U79/><E79/><V23/><F23/><W35/><G35/><T28/><D7/><AGARI ba="5,0" hai="7,9,10,14,15,16,30,31,43,45,51,76,77,78" machi="7" ten="40,3900,0" yaku="8,1,54,1" doraHai="112" who="2" fromWho="0" sc="35,-54,251,0,560,54,154,0" owari="-19,-51.9,251,5.1,614,71.4,154,-24.6" /></mjloggm>