<mjloggm ver="2.3"><GO type="169" lobby="0"/><UN n0="%61%73%61%64%61%31%32" n1="%E3%83%A8%E3%83%BC%E3%83%BB%E3%83%9E%E3%82%A4%E3%82%AB" n2="%E9%9B%AA%E3%81%AE%E8%8F%AF" n3="%E3%82%8F%E3%81%98" dan="16,17,16,16" rate="2202.63,2209.17,2121.75,2115.06" sx="M,M,F,M"/><TAIKYOKU oya="0"/><INIT seed="0,0,0,3,0,77" ten="250,250,250,250" oya="0" hai0="9,29,126,60,83,4,15,73,94,34,16,8,21" hai1="120,71,44,100,117,119,114,0,121,13,14,85,92" hai2="11,125,109,26,66,48,80,37,41,64,89,47,90" hai3="111,1,106,70,57,93,135,54,134,124,86,115,46"/><T49/><D126/><U3/><E44/><V7/><F109/><W104/><G70/><T12/><D60/><U18/><E85/><V43/><F125/><W87/><G1/><T58/><D34/><U132/><E92/><V108/><F108/><W38/><G124/><T133/><D133/><N who="3" m="50697" /><G115/><T65/><D94/><U56/><E132/><V110/><F110/><W76/><G111/><T31/><D65/><U42/><E56/><V35/><F41/><N who="3" m="22839" /><G93/><T75/><D21/><U102/><E42/><V78/><F26/><W30/><G30/><T25/><D25/><U20/><E20/><V68/><F35/><W128/><G128/><T127/><D127/><U101/><E18/><V28/><F28/><W69/><G69/><T72/><REACH who="0" step="1"/><D83/><REACH who="0" ten="240,250,250,250" step="2"/><U52/><E101/><V107/><F107/><N who="3" m="41003" /><G76/><T88/><D88/><U63/><E63/><AGARI ba="0,1" hai="54,57,63,86,87" m="41003,22839,50697" machi="63" ten="30,1000,0" yaku="20,1" doraHai="77" who="3" fromWho="1" sc="240,0,250,-10,250,0,250,20" /><INIT seed="1,0,0,1,4,98" ten="240,240,250,270" oya="1" hai0="52,20,92,47,15,134,79,87,23,90,57,32,62" hai1="68,42,97,27,121,45,36,1,8,37,114,33,72" hai2="13,26,4,70,128,2,12,84,94,85,131,126,82" hai3="25,35,18,129,81,120,17,40,61,29,135,30,106"/><U105/><E114/><V102/><F70/><W91/><G106/><T101/><D32/><U51/><E121/><V49/><F126/><W104/><G104/><T21/><D134/><U115/><E115/><V60/><F2/><W117/><G120/><T10/><D101/><N who="1" m="62639" /><E51/><V111/><F111/><W95/><G135/><T64/><D79/><U16/><E16/><V80/><F49/><W99/><G129/><N who="2" m="49737" /><F26/><W41/><G117/><T63/><D47/><U73/><E37/><V113/><F60/><W66/><G29/><T56/><REACH who="0" step="1"/><D23/><REACH who="0" ten="230,240,250,270" step="2"/><U28/><E68/><V103/><F113/><W83/><G40/><T86/><D86/><N who="2" m="33386" /><F4/><AGARI ba="0,1" hai="4,10,15,20,21,52,56,57,62,63,64,87,90,92" machi="4" ten="30,7700,0" yaku="1,1,7,1,8,1,54,1,53,0" doraHai="98" doraHaiUra="119" who="0" fromWho="2" sc="230,87,240,0,250,-77,270,0" /><AGARI ba="0,0" hai="1,4,8,27,28,33,36,42,45,72,73" m="62639" machi="4" ten="30,5800,0" yaku="33,2,52,1" doraHai="98" who="1" fromWho="2" sc="317,0,240,58,173,-58,270,0" /><INIT seed="1,1,0,0,4,97" ten="317,298,115,270" oya="1" hai0="126,41,5,117,134,96,73,11,4,88,115,109,120" hai1="119,3,49,12,127,38,123,85,75,30,22,63,132" hai2="65,58,111,104,98,110,16,57,79,74,129,37,53" hai3="122,8,14,0,21,55,125,13,61,64,95,121,130"/><U36/><E75/><V15/><F37/><W108/><G108/><N who="2" m="41513" /><F129/><W93/><G130/><T86/><D115/><U27/><E119/><V47/><F79/><W69/><G0/><T83/><D117/><U91/><E123/><V60/><F74/><W40/><G40/><T70/><D70/><U102/><E127/><V135/><F135/><W20/><G125/><T101/><D134/><U76/><E132/><V54/><F47/><W31/><G55/><T2/><D126/><U23/><E3/><V35/><F35/><W90/><G95/><T10/><D73/><U34/><E76/><V32/><F32/><W100/><G13/><T128/><D109/><U1/><E1/><V56/><F104/><W133/><G133/><T94/><D128/><U106/><E63/><V45/><F98/><W116/><G116/><T87/><D120/><U7/><E106/><V6/><F6/><N who="0" m="2666" /><D2/><U17/><E7/><V66/><F45/><W46/><G46/><T29/><D41/><U68/><E34/><V82/><F82/><W77/><G77/><N who="0" m="46447" /><D29/><U28/><E30/><V33/><F33/><W59/><G31/><T43/><D43/><U107/><E107/><V9/><F60/><W24/><G122/><T44/><D44/><U78/><E36/><V50/><F50/><W92/><G121/><T114/><D114/><U105/><E38/><V103/><F103/><W42/><G42/><T19/><D19/><U48/><E78/><V99/><F99/><W71/><G100/><T112/><D112/><U67/><E105/><V84/><F84/><W26/><G71/><T18/><D18/><RYUUKYOKU ba="1,0" sc="317,15,298,-15,115,15,270,-15" hai0="10,11,87,88,94,96,101" hai2="9,15,16,53,54,56,57,58,65,66" /><INIT seed="2,2,0,3,5,37" ten="332,283,130,255" oya="2" hai0="75,117,114,3,8,63,123,53,111,34,28,102,132" hai1="46,61,96,4,74,36,7,130,109,113,100,17,6" hai2="22,90,51,24,50,68,94,88,1,112,84,121,127" hai3="19,133,89,73,29,103,115,87,65,11,99,66,45"/><V80/><F121/><W33/><G73/><T122/><D75/><U60/><E113/><V9/><F112/><W105/><G115/><T13/><D102/><U58/><E109/><V16/><F127/><W116/><G116/><T57/><D111/><U95/><E130/><V32/><F68/><W31/><G133/><T101/><D114/><U67/><E74/><V129/><F129/><W92/><G33/><T128/><D132/><U108/><E108/><V83/><F32/><W93/><G105/><T106/><D3/><U131/><E131/><V118/><F118/><W59/><G45/><T119/><D128/><U104/><E104/><V12/><F1/><W38/><G38/><T81/><D122/><U135/><E135/><V55/><F55/><W47/><G47/><T124/><D124/><U18/><REACH who="1" step="1"/><E60/><REACH who="1" ten="332,273,130,255" step="2"/><V72/><F72/><W0/><G0/><T14/><D117/><U52/><E52/><V30/><F83/><W56/><G65/><T44/><D53/><U70/><E70/><V23/><F23/><W62/><G59/><T25/><D57/><U125/><E125/><V5/><F5/><W21/><REACH who="3" step="1"/><G11/><REACH who="3" ten="332,273,130,245" step="2"/><T110/><D8/><U120/><E120/><V10/><REACH who="2" step="1"/><F10/><REACH who="2" ten="332,273,120,245" step="2"/><W126/><G126/><T77/><D119/><U42/><AGARI ba="2,3" hai="4,6,7,17,18,36,42,46,58,61,67,95,96,100" machi="42" ten="30,4000,0" yaku="1,1,0,1,52,1,53,0" doraHai="37" doraHaiUra="107" who="1" fromWho="1" sc="332,-12,273,76,120,-22,245,-12" /><INIT seed="3,0,0,0,1,39" ten="320,349,98,233" oya="3" hai0="35,34,42,14,65,83,55,72,56,129,71,75,15" hai1="3,87,120,135,52,6,118,63,97,124,81,9,82" hai2="58,25,122,33,117,105,43,125,96,29,10,103,59" hai3="30,76,95,20,62,50,94,23,60,107,70,109,86"/><W121/><G107/><T112/><D65/><U115/><E120/><V8/><F117/><W48/><G121/><T66/><D66/><U46/><E115/><V51/><F125/><W128/><G128/><T5/><D71/><U89/><E124/><V16/><F122/><W17/><G70/><T24/><D129/><U77/><E135/><V53/><F43/><W11/><G11/><T127/><D127/><U26/><E118/><V84/><F58/><W47/><G109/><T54/><D24/><U98/><E26/><V92/><F105/><W69/><G69/><T130/><D56/><U22/><E22/><V49/><F49/><W119/><G119/><T88/><D83/><U0/><E0/><V116/><F116/><W68/><G68/><T64/><D64/><U18/><E18/><V12/><REACH who="2" step="1"/><F84/><REACH who="2" ten="320,349,88,233" step="2"/><W91/><G50/><T61/><D130/><U111/><E111/><V2/><F2/><W99/><G60/><T73/><D61/><U90/><E63/><V123/><F123/><W80/><G62/><T44/><D73/><U78/><E46/><V45/><F45/><W4/><G48/><T36/><D44/><U1/><E52/><V114/><F114/><W100/><G47/><T131/><D54/><U126/><E126/><V13/><F13/><W67/><G67/><T41/><D55/><U104/><E104/><V74/><F74/><W106/><G106/><T27/><D75/><U132/><E87/><V7/><F7/><W85/><G4/><T28/><D5/><U57/><E6/><V38/><F38/><W37/><G37/><T134/><D36/><RYUUKYOKU ba="0,1" sc="320,-10,349,-10,88,30,233,-10" hai2="8,10,12,16,25,29,33,51,53,59,92,96,103" /><INIT seed="4,1,1,3,5,5" ten="310,339,118,223" oya="0" hai0="49,56,111,115,107,58,48,105,28,26,39,14,19" hai1="113,22,85,52,50,65,102,9,2,36,100,128,24" hai2="75,16,88,70,17,134,20,132,110,69,72,15,121" hai3="0,35,13,116,92,114,53,130,61,21,106,94,83"/><T133/><D39/><U127/><E36/><V77/><F121/><W129/><G106/><T63/><D115/><U131/><E127/><V124/><F110/><W18/><G35/><T43/><D133/><N who="2" m="51306" /><F124/><W7/><G116/><T91/><D111/><U60/><E85/><V103/><F103/><W98/><G114/><T68/><D68/><N who="2" m="26218" /><F17/><W37/><G37/><T122/><D122/><U119/><E119/><V101/><F77/><W59/><G83/><T109/><D109/><U1/><E60/><V76/><F76/><W125/><G125/><T44/><D49/><U45/><E65/><V55/><F101/><W54/><G129/><N who="1" m="49738" /><E113/><V73/><F55/><W25/><G130/><T40/><D43/><U79/><E79/><V33/><F33/><W27/><G54/><T123/><D123/><U135/><E135/><V47/><F47/><W96/><G98/><T87/><D107/><U12/><E100/><V41/><F41/><W117/><G117/><T6/><D105/><U71/><E102/><V29/><F29/><W78/><G78/><T86/><D28/><N who="1" m="17431" /><E71/><V118/><F118/><W10/><G96/><T46/><D46/><U38/><E38/><V8/><F88/><W42/><G42/><T31/><D91/><U97/><E97/><V90/><F90/><W126/><G126/><T64/><D31/><U51/><E51/><V104/><F104/><W81/><G61/><T23/><D58/><U84/><E84/><V11/><AGARI ba="1,1" hai="8,11,15,16,20,72,73,75" m="26218,51306" machi="11" ten="40,8000,1" yaku="20,1,52,2,54,1" doraHai="5" who="2" fromWho="2" sc="310,-41,339,-21,118,93,223,-21" /><INIT seed="5,0,0,5,2,35" ten="269,318,211,202" oya="1" hai0="63,91,64,113,80,21,1,51,74,2,131,123,130" hai1="32,65,8,124,97,79,48,58,30,117,118,75,24" hai2="43,19,67,50,101,94,114,36,56,125,15,111,23" hai3="57,119,7,96,16,87,70,44,129,42,121,6,68"/><U122/><E122/><V17/><F111/><W99/><G121/><T53/><D123/><U25/><E124/><V83/><F125/><W3/><G6/><T60/><D21/><U54/><E65/><V116/><F116/><W47/><G47/><T77/><D91/><U31/><E97/><V20/><F36/><W120/><G120/><T107/><D107/><U61/><E48/><V38/><F38/><W40/><G40/><T27/><D27/><U102/><E102/><V112/><F67/><W72/><G72/><T71/><D63/><U134/><E134/><V10/><F83/><W81/><G57/><N who="0" m="32959" /><D113/><N who="2" m="43626" /><F17/><W22/><G119/><T55/><D55/><U26/><E26/><V66/><F66/><W9/><G129/><AGARI ba="0,0" hai="1,2,60,64,71,74,77,80,129,130,131" m="32959" machi="129" ten="30,3900,0" yaku="19,1,52,2" doraHai="35" who="0" fromWho="3" sc="269,39,318,0,211,0,202,-39" /><INIT seed="6,0,0,0,4,8" ten="308,318,211,163" oya="2" hai0="124,6,28,70,57,119,118,128,4,103,5,67,72" hai1="40,112,55,35,120,58,31,43,19,46,29,42,2" hai2="134,98,0,88,86,10,22,14,104,123,105,106,12" hai3="27,102,91,85,125,65,3,121,130,111,41,101,13"/><V23/><F123/><W47/><G3/><T80/><D124/><U115/><E120/><V68/><F68/><W30/><G121/><T94/><D128/><U1/><E19/><V99/><F0/><N who="1" m="105" /><E46/><V109/><F109/><W97/><G111/><T25/><D70/><U39/><E35/><V16/><F134/><W71/><G125/><T37/><D37/><U76/><E76/><V131/><F131/><W114/><G130/><T108/><D108/><U34/><E34/><V84/><F84/><W79/><G79/><T32/><D80/><U56/><E39/><V122/><F122/><W24/><G114/><N who="1" m="43562" /><E56/><V45/><F45/><W59/><G71/><T81/><D81/><U21/><E21/><V117/><F117/><N who="0" m="44554" /><D72/><U51/><AGARI ba="0,0" hai="29,31,40,42,43,51,55,58" m="43562,105" machi="51" ten="40,1500,0" yaku="15,1" doraHai="8" who="1" fromWho="1" sc="308,-4,318,15,211,-7,163,-4" /><INIT seed="7,0,0,0,3,0" ten="304,333,204,159" oya="3" hai0="35,29,103,93,95,31,51,25,46,44,66,119,23" hai1="83,114,7,54,11,18,108,84,1,70,106,13,124" hai2="115,36,89,63,9,91,128,100,4,15,39,62,127" hai3="14,33,118,12,111,57,47,42,86,71,82,61,72"/><W2/><G118/><T134/><D119/><U109/><E108/><V75/><F115/><W104/><G71/><T41/><D134/><U53/><E109/><V58/><F128/><W28/><G2/><T38/><D66/><U131/><E106/><V40/><F75/><W21/><G33/><T135/><D135/><U101/><E101/><V19/><F127/><W50/><G104/><T17/><D103/><U122/><E122/><V85/><F100/><W107/><G72/><T16/><D17/><U97/><E97/><V92/><F62/><W20/><G107/><T81/><D81/><U5/><E70/><V26/><F40/><W22/><G28/><T37/><D31/><U34/><E34/><V80/><F26/><W59/><G111/><T132/><D132/><U129/><E124/><V48/><F48/><W110/><G110/><T74/><D74/><U113/><E53/><V30/><F30/><W68/><G68/><T87/><D87/><U102/><E54/><V121/><F121/><W130/><G130/><N who="1" m="49674" /><E102/><V10/><F10/><W94/><G94/><T52/><D38/><U69/><E69/><V49/><F49/><W27/><G27/><AGARI ba="0,0" hai="16,23,25,27,29,35,37,41,44,46,51,52,93,95" machi="27" ten="30,3900,0" yaku="7,1,54,2" doraHai="0" who="0" fromWho="3" sc="304,39,333,0,204,0,159,-39" owari="343,44.3,333,13.3,204,-19.6,120,-38.0" /></mjloggm>