<mjloggm ver="2.3"><GO type="169" lobby="0"/><UN n0="%E7%B4%94%E6%BD%94%E3%83%94%E3%83%A9%E3%83%8B%E3%82%A2" n1="%E3%81%B1%E3%82%93%E3%81%AA%E3%81%93%E3%81%BE%E3%81%A3%E3%81%9F" n2="%E6%99%A8%E6%98%8F%E5%B0%8D%E5%B3%99" n3="%E9%B3%B3%E5%8D%97%E3%81%AE%E3%81%B6%E3%81%9F%E3%81%95%E3%82%93" dan="16,17,17,18" rate="2143.63,2196.46,2199.63,2246.80" sx="M,M,M,M"/><TAIKYOKU oya="0"/><INIT seed="0,0,0,3,4,52" ten="250,250,250,250" oya="0" hai0="21,43,75,126,8,101,119,127,48,114,46,77,93" hai1="131,47,40,32,7,111,121,27,15,96,99,35,118" hai2="45,117,50,91,6,31,11,120,98,95,44,128,123" hai3="38,23,4,73,107,103,14,132,58,9,74,94,63"/><T82/><D114/><U20/><E118/><V17/><F128/><W89/><G38/><T113/><D113/><U10/><E121/><V78/><F117/><W25/><G132/><T79/><D119/><U80/><E131/><V62/><F17/><W53/><G107/><T26/><D8/><U71/><E71/><V129/><F31/><W90/><G103/><T125/><D79/><U97/><E111/><V12/><F129/><W37/><G37/><T83/><D83/><U64/><E64/><V122/><F78/><W105/><G105/><T2/><D2/><U100/><E80/><V57/><REACH who="2" step="1"/><F50/><REACH who="2" ten="250,250,240,250" step="2"/><W34/><G34/><T56/><D101/><U30/><REACH who="1" step="1"/><E100/><REACH who="1" ten="250,240,240,250" step="2"/><V67/><AGARI ba="0,2" hai="6,11,12,44,45,57,62,67,91,95,98,120,122,123" machi="67" ten="30,8000,1" yaku="1,1,2,1,0,1,52,1,53,1" doraHai="52" doraHaiUra="54" who="2" fromWho="2" sc="250,-40,240,-20,240,100,250,-20" /><INIT seed="1,0,0,0,3,116" ten="210,220,340,230" oya="1" hai0="0,36,44,55,117,128,26,97,85,122,98,109,81" hai1="123,75,14,43,112,39,54,22,113,34,70,35,121" hai2="78,6,52,65,59,94,27,90,79,69,11,8,32" hai3="9,71,87,64,114,60,21,124,92,120,48,134,7"/><U15/><E75/><V4/><F69/><W49/><G114/><N who="1" m="44138" /><E54/><V31/><F65/><W127/><G21/><T62/><D0/><U135/><E70/><V19/><F78/><W129/><G92/><T119/><D97/><U100/><E100/><V68/><F79/><W80/><G129/><T41/><D128/><U53/><E53/><V5/><F68/><W82/><G82/><T67/><D55/><U73/><E73/><V77/><F77/><N who="3" m="46479" /><G134/><T24/><D98/><U107/><E43/><V106/><F106/><W74/><G74/><T47/><D47/><U95/><E95/><V38/><F38/><W33/><G33/><N who="1" m="12298" /><E39/><V46/><F46/><W76/><G76/><T93/><D81/><U83/><E83/><V103/><F103/><W29/><G29/><T63/><D93/><U91/><E91/><V84/><REACH who="2" step="1"/><F19/><REACH who="2" ten="210,220,330,230" step="2"/><W99/><G71/><T89/><D67/><U3/><E107/><V10/><F10/><W88/><G9/><T20/><D36/><U37/><E37/><V2/><F2/><W105/><G105/><T133/><D44/><U1/><E135/><V61/><AGARI ba="0,1" hai="4,5,6,8,11,27,31,32,52,59,61,84,90,94" machi="61" ten="30,7900,0" yaku="1,1,0,1,54,1,53,1" doraHai="116" doraHaiUra="51" who="2" fromWho="2" sc="210,-20,220,-39,330,89,230,-20" /><INIT seed="2,0,0,3,4,95" ten="190,181,419,210" oya="2" hai0="125,22,110,76,118,107,88,93,78,2,32,81,120" hai1="16,59,26,27,42,135,18,90,37,128,84,100,6" hai2="65,101,96,47,34,75,72,79,40,54,67,4,114" hai3="31,115,35,56,43,70,60,24,63,73,71,87,66"/><V126/><F114/><W50/><G73/><T77/><D120/><U121/><E121/><V91/><F126/><W30/><G115/><T123/><D123/><U8/><E128/><V19/><F34/><W74/><G74/><T48/><D32/><U51/><E135/><V15/><F4/><W106/><G31/><T119/><D107/><U36/><E100/><V3/><F3/><W17/><G106/><T111/><D2/><U20/><E37/><V0/><F0/><W97/><G87/><N who="0" m="48551" /><D48/><U52/><E36/><V130/><F130/><W92/><G17/><T41/><D41/><U28/><E42/><V62/><F91/><W113/><G113/><T14/><D14/><N who="1" m="5399" /><E27/><V13/><F13/><W82/><G82/><AGARI ba="0,0" hai="16,18,20,26,28,51,52,59,82,84,90" m="5399" machi="82" ten="30,3900,0" yaku="8,1,54,2" doraHai="95" who="1" fromWho="3" sc="190,0,181,39,419,0,210,-39" /><INIT seed="3,0,0,2,1,120" ten="190,220,419,171" oya="3" hai0="12,111,134,109,35,97,96,70,9,119,32,75,53" hai1="6,74,10,99,26,79,127,15,31,0,39,28,130" hai2="102,129,101,126,2,62,63,121,20,128,91,71,22" hai3="64,77,86,83,25,100,46,1,112,56,66,108,93"/><W60/><G112/><T125/><D119/><U98/><E127/><V52/><F2/><W67/><G1/><T73/><D70/><U78/><E130/><N who="2" m="50283" /><F126/><W103/><G108/><N who="0" m="41547" /><D53/><U118/><E26/><V4/><F4/><W84/><G46/><T50/><D50/><U92/><E28/><V81/><F121/><W72/><G25/><T7/><D134/><U89/><E98/><N who="0" m="37993" /><D125/><U90/><E39/><V113/><F113/><W30/><G30/><T68/><D68/><U51/><E31/><V94/><F71/><W8/><G66/><T44/><D44/><U115/><E51/><V87/><F63/><W116/><G67/><T107/><D107/><U24/><E115/><V117/><F117/><W21/><G116/><T106/><D106/><U58/><E118/><V14/><F14/><W110/><G110/><T61/><D61/><U135/><E15/><V16/><F62/><W55/><G64/><T43/><D43/><U80/><E135/><V57/><F52/><W122/><G122/><T17/><D17/><U59/><E24/><N who="2" m="14343" /><F57/><W123/><G123/><T48/><D48/><U5/><E59/><V133/><F133/><W124/><G124/><T69/><D69/><U95/><E58/><V38/><F38/><W82/><G55/><T105/><D105/><U29/><E29/><V36/><F36/><W33/><G56/><T88/><D88/><U65/><E65/><V3/><F3/><W49/><G49/><T47/><D47/><U132/><E132/><V23/><F94/><W85/><G93/><T27/><D27/><U19/><E95/><V11/><F91/><RYUUKYOKU ba="0,0" sc="190,30,220,-10,419,-10,171,-10" hai0="7,9,12,32,35,73,75" /><INIT seed="4,1,0,2,0,59" ten="220,210,409,161" oya="0" hai0="64,26,124,97,125,113,46,100,25,127,82,76,48" hai1="56,53,99,116,106,71,72,126,11,78,9,121,114" hai2="0,27,55,112,70,84,103,94,41,67,57,60,42" hai3="40,7,24,19,32,128,101,5,62,30,95,65,118"/><T38/><D38/><U20/><E116/><V45/><F112/><W21/><G118/><T132/><D113/><U15/><E121/><V105/><F0/><W120/><G120/><T135/><D64/><U86/><E71/><V1/><F1/><W36/><G128/><T104/><D26/><U37/><E37/><N who="2" m="21679" /><F42/><W29/><G36/><T93/><D25/><U134/><E126/><V98/><F27/><W31/><G40/><T2/><D2/><U81/><E134/><N who="0" m="51241" /><D48/><U22/><E114/><V49/><F84/><W12/><G32/><T61/><D46/><U58/><E72/><V83/><F83/><W33/><G33/><T108/><D61/><U52/><E99/><V43/><F43/><W18/><G95/><AGARI ba="1,0" hai="49,55,57,60,67,70,94,95,98,103,105" m="21679" machi="95" ten="30,2000,0" yaku="24,1,52,1" doraHai="59" who="2" fromWho="3" sc="220,0,210,0,409,23,161,-23" /><INIT seed="5,0,0,1,3,39" ten="220,210,432,138" oya="1" hai0="84,122,17,116,10,120,86,89,111,78,118,52,60" hai1="110,32,109,98,79,123,35,43,81,82,134,25,62" hai2="117,90,15,130,53,41,59,21,105,23,97,121,46" hai3="100,92,63,94,26,126,68,101,2,119,112,24,31"/><U40/><E123/><N who="0" m="47145" /><D111/><N who="1" m="42507" /><E134/><V45/><F130/><W29/><G2/><T38/><D38/><U74/><E82/><V8/><F117/><N who="0" m="45162" /><D78/><U95/><E62/><N who="2" m="36207" /><F105/><W127/><G119/><T133/><D133/><U72/><E72/><V6/><F46/><W125/><G63/><T131/><D131/><U77/><E77/><V129/><F129/><W85/><G68/><T22/><D89/><N who="1" m="55663" /><E25/><N who="3" m="9834" /><G85/><T104/><D104/><U51/><E51/><N who="2" m="27055" /><F121/><W27/><N who="3" m="9842" /><W87/><DORA hai="44" /><G87/><T19/><D86/><U93/><E93/><AGARI ba="0,0" hai="6,8,15,21,23,90,93,97" m="27055,36207" machi="93" ten="30,3900,0" yaku="8,1,52,2" doraHai="39,44" who="2" fromWho="1" sc="220,0,210,-39,432,39,138,0" /><INIT seed="6,0,0,5,3,46" ten="220,171,471,138" oya="2" hai0="35,117,87,28,83,85,97,122,106,77,133,108,64" hai1="20,58,112,15,74,102,30,17,59,120,54,47,29" hai2="40,126,67,8,62,70,92,116,107,68,5,129,66" hai3="4,111,63,94,12,31,14,105,45,25,115,3,123"/><V51/><F107/><W76/><G105/><T125/><D64/><U33/><E74/><V73/><F73/><W81/><G123/><T61/><D61/><U127/><E120/><V9/><F116/><W23/><G111/><T26/><D108/><U113/><E127/><V56/><F126/><W121/><G121/><T91/><D133/><U99/><E47/><V90/><F129/><W69/><G94/><T27/><D27/><U48/><E59/><V37/><F37/><W100/><G100/><T24/><D26/><U75/><E75/><V96/><F9/><W57/><G69/><T55/><D117/><U86/><E86/><V88/><F90/><W114/><G3/><T52/><D122/><U41/><E41/><V10/><F10/><W72/><G4/><T110/><D110/><U131/><E131/><V124/><F124/><W44/><G12/><T6/><D6/><U89/><E89/><V128/><F128/><W19/><G115/><N who="1" m="44106" /><E33/><V82/><F82/><W7/><G7/><T18/><D18/><U49/><E49/><V11/><F11/><W95/><G95/><AGARI ba="0,0" hai="15,17,20,29,30,48,54,58,95,99,102" m="44106" machi="95" ten="30,2000,0" yaku="15,1,52,1" doraHai="46" who="1" fromWho="3" sc="220,0,171,20,471,0,138,-20" /><INIT seed="7,0,0,3,4,31" ten="220,191,471,118" oya="3" hai0="99,107,55,8,115,34,16,108,51,132,125,122,73" hai1="23,24,7,9,116,60,91,37,103,78,130,15,10" hai2="117,80,98,32,25,109,95,35,65,59,72,114,19" hai3="1,5,83,44,46,30,81,66,68,94,102,86,49"/><W75/><G75/><T48/><D34/><U96/><E37/><V69/><F69/><W67/><G1/><T93/><D108/><U45/><E130/><V36/><F36/><W40/><G5/><T85/><D73/><U61/><E116/><V41/><F41/><W88/><G68/><T127/><D122/><U39/><E78/><V118/><F109/><W13/><G13/><N who="0" m="7207" /><D132/><U3/><E91/><V84/><F72/><W77/><G30/><T135/><D135/><U12/><E45/><V97/><F97/><W56/><G56/><T26/><D26/><U63/><E39/><V29/><F114/><W92/><G46/><T18/><D18/><U17/><E3/><V71/><F35/><W104/><G104/><T43/><D43/><U42/><E42/><V82/><F19/><W28/><G28/><T11/><D11/><U110/><E110/><V76/><F80/><N who="3" m="30795" /><G77/><T89/><D55/><U120/><E120/><V14/><F14/><W111/><G111/><T100/><D115/><U131/><E131/><V101/><F71/><W38/><G38/><T54/><D54/><U133/><E133/><V70/><F70/><W6/><G6/><T57/><D57/><U129/><E129/><V47/><F47/><W0/><G0/><T22/><D22/><U128/><E128/><V126/><F126/><AGARI ba="0,0" hai="48,51,85,89,93,99,100,107,125,126,127" m="7207" machi="126" ten="30,2000,0" yaku="18,1,54,1" doraHai="31" who="0" fromWho="2" sc="220,20,191,0,471,-20,118,0" owari="240,4.0,191,-20.9,451,55.1,118,-38.2" /></mjloggm>