<mjloggm ver="2.3"><GO type="169" lobby="0"/><UN n0="%4E%6F%73%75%6B%65" n1="%E9%A6%AC%E3%81%AE%E8%80%B3%E3%81%AB%E5%BF%B5%E4%BB%8F" n2="%E3%81%9F%E3%81%8B%E3%81%AA" n3="%72%65%2E" dan="16,17,19,16" rate="2162.92,2164.31,2226.36,2072.30" sx="M,M,M,M"/><TAIKYOKU oya="0"/><INIT seed="0,0,0,4,0,60" ten="250,250,250,250" oya="0" hai0="3,107,88,2,76,84,129,85,111,55,95,39,75" hai1="115,71,127,68,124,130,92,4,32,87,56,29,101" hai2="13,54,11,125,74,119,103,10,105,25,40,7,96" hai3="14,33,28,24,5,62,104,50,48,93,26,0,63"/><T58/><D39/><U37/><E37/><V83/><F125/><N who="1" m="48201" /><E4/><V61/><F119/><W35/><G104/><T43/><D43/><U100/><E130/><V106/><F40/><W49/><G14/><T17/><D129/><U116/><E116/><V132/><F132/><W118/><G118/><T19/><D107/><U78/><E29/><V65/><F25/><W41/><G41/><T117/><D117/><U22/><E22/><V1/><F54/><W6/><G93/><T47/><D47/><U109/><E32/><V82/><F74/><W30/><REACH who="3" step="1"/><G48/><REACH who="3" ten="250,250,250,240" step="2"/><T90/><D3/><AGARI ba="0,1" hai="0,3,5,6,24,26,28,30,33,35,49,50,62,63" machi="3" ten="25,6400,0" yaku="1,1,2,1,22,2,53,0" doraHai="60" doraHaiUra="120" who="3" fromWho="0" sc="250,-64,250,0,250,0,240,74" /><INIT seed="1,0,0,5,1,36" ten="186,250,250,314" oya="1" hai0="81,12,76,111,84,120,43,21,70,105,27,121,13" hai1="6,0,16,89,58,103,8,9,85,26,74,54,71" hai2="94,50,80,59,45,91,35,75,7,72,49,23,25" hai3="18,104,79,125,10,92,51,37,100,41,48,66,109"/><U129/><E129/><V134/><F35/><W17/><G104/><T122/><D70/><U53/><E71/><V3/><F134/><W19/><G109/><T113/><D113/><U93/><E74/><V44/><F59/><W112/><G112/><T128/><D111/><U20/><E103/><V52/><F3/><W57/><G79/><T46/><D105/><U29/><REACH who="1" step="1"/><E58/><REACH who="1" ten="186,240,250,314" step="2"/><V31/><F72/><W55/><G100/><T95/><D128/><U124/><E124/><V117/><F75/><W86/><G125/><T61/><D61/><U108/><E108/><V87/><F117/><W47/><G10/><T115/><D115/><U15/><AGARI ba="0,1" hai="0,6,8,9,15,16,20,26,29,53,54,85,89,93" machi="15" ten="30,12000,1" yaku="1,1,0,1,54,1,53,2" doraHai="36" doraHaiUra="4" who="1" fromWho="1" sc="186,-40,240,130,250,-40,314,-40" /><INIT seed="1,1,0,3,1,51" ten="146,370,210,274" oya="1" hai0="122,107,29,43,78,67,24,87,129,10,56,93,105" hai1="65,41,121,17,64,100,34,70,80,101,16,54,126" hai2="118,35,75,4,23,88,113,114,20,135,81,13,11" hai3="108,110,30,2,5,57,92,127,95,125,63,102,47"/><U0/><E121/><V117/><F75/><W98/><G30/><T120/><D43/><U133/><E0/><V111/><F35/><W42/><G5/><T45/><D45/><U14/><E41/><V130/><F111/><N who="3" m="42539" /><G2/><T61/><D129/><U60/><E133/><V132/><F130/><W112/><G92/><T124/><D124/><N who="3" m="47689" /><G112/><N who="2" m="43113" /><F81/><W69/><G69/><T94/><D10/><U22/><E34/><V82/><F82/><W19/><G19/><T79/><D107/><U72/><E126/><V71/><F71/><W99/><G99/><T18/><D18/><U39/><E72/><V38/><F132/><W25/><G25/><T89/><D94/><U27/><E80/><V3/><F135/><W50/><G57/><T91/><D91/><U85/><E85/><V62/><F88/><N who="3" m="55655" /><G63/><T76/><REACH who="0" step="1"/><D105/><REACH who="0" ten="136,370,210,274" step="2"/><U12/><E17/><V128/><F128/><W46/><G46/><T48/><D48/><U68/><E16/><V131/><F131/><W115/><G115/><T36/><D36/><U1/><E39/><V49/><F38/><W40/><G102/><T73/><D73/><U32/><E100/><V9/><F49/><W37/><G37/><T21/><AGARI ba="1,1" hai="21,24,29,56,61,67,76,78,79,87,89,93,120,122" machi="21" ten="30,8000,1" yaku="1,1,0,1,53,3" doraHai="51" doraHaiUra="74" who="0" fromWho="0" sc="136,93,370,-41,210,-21,274,-21" /><INIT seed="2,0,0,2,3,126" ten="229,329,189,253" oya="2" hai0="2,28,116,101,25,104,135,66,26,80,79,68,24" hai1="96,81,7,78,34,46,127,124,123,112,42,95,131" hai2="50,37,40,10,54,60,72,20,6,36,12,121,133" hai3="56,83,98,8,52,65,86,47,93,32,35,18,132"/><V115/><F115/><W48/><G132/><T85/><D135/><U110/><E112/><V41/><F133/><W55/><G65/><T122/><D122/><U118/><E118/><V106/><F121/><W44/><G18/><T108/><D116/><U134/><E123/><V88/><F72/><W58/><G8/><T22/><D108/><U120/><E110/><V99/><F106/><W15/><G15/><T103/><D2/><U31/><E7/><V3/><F60/><W13/><G13/><T113/><D113/><U51/><E120/><V97/><F36/><W70/><G70/><T114/><D114/><U89/><E34/><V91/><F37/><W130/><G130/><T92/><D104/><U107/><E31/><V17/><F99/><W39/><G39/><T82/><D92/><U125/><E134/><V77/><F77/><W71/><G71/><T102/><D68/><U9/><E107/><V5/><F5/><W14/><G14/><T105/><D105/><U33/><E33/><V109/><F109/><W23/><G23/><T75/><REACH who="0" step="1"/><D66/><REACH who="0" ten="219,329,189,253" step="2"/><U27/><E95/><V69/><F69/><W119/><G119/><T62/><D62/><U74/><E125/><V87/><F97/><W45/><G98/><T43/><D43/><U49/><E42/><V94/><REACH who="2" step="1"/><F91/><AGARI ba="0,1" hai="22,24,25,26,28,75,79,80,82,85,91,101,102,103" machi="91" ten="40,1300,0" yaku="1,1,53,0" doraHai="126" doraHaiUra="0" who="0" fromWho="2" sc="219,23,329,0,189,-13,253,0" /><INIT seed="3,0,0,3,1,56" ten="242,329,176,253" oya="3" hai0="19,78,127,85,8,101,116,4,107,90,70,23,41" hai1="15,81,131,112,132,55,7,57,108,124,72,33,50" hai2="34,133,38,9,54,35,2,60,58,91,129,20,32" hai3="61,118,43,71,24,114,92,44,27,45,36,40,62"/><W13/><G114/><T46/><D116/><U77/><E112/><V67/><F129/><W39/><G118/><T88/><D127/><U28/><E108/><V86/><F133/><W30/><G71/><T76/><D70/><U12/><E131/><V48/><F38/><W130/><G130/><T5/><D101/><U120/><E132/><V42/><F42/><W22/><G13/><T14/><D107/><U0/><E120/><V119/><F119/><W89/><REACH who="3" step="1"/><G27/><REACH who="3" ten="242,329,176,243" step="2"/><T59/><D14/><U84/><E15/><V80/><F2/><W122/><G122/><T103/><D5/><U75/><E0/><V25/><F9/><W104/><G104/><T73/><D4/><U63/><E7/><V49/><REACH who="2" step="1"/><F67/><REACH who="2" ten="242,329,166,243" step="2"/><W121/><G121/><T11/><D11/><U74/><E124/><V51/><F51/><W21/><G21/><T135/><D23/><U123/><E50/><V110/><F110/><W94/><G94/><T99/><D8/><U96/><E123/><V65/><F65/><W117/><G117/><T87/><D135/><U66/><E66/><V125/><F125/><W105/><G105/><T95/><D95/><U52/><E81/><V26/><F26/><W100/><G100/><T1/><D103/><U6/><E12/><V68/><F68/><W10/><G10/><T98/><D1/><U29/><E6/><V111/><F111/><W128/><G128/><T69/><D69/><U97/><E33/><V47/><F47/><W126/><G126/><T37/><D46/><U102/><E102/><V134/><F134/><W106/><G106/><T82/><D37/><RYUUKYOKU ba="0,2" sc="242,-15,329,-15,166,15,243,15" hai2="20,25,32,34,35,48,49,54,58,60,80,86,91" hai3="22,24,30,36,39,40,43,44,45,61,62,89,92" /><INIT seed="3,1,2,4,5,5" ten="227,314,181,258" oya="3" hai0="116,16,6,123,89,66,119,12,56,127,108,53,106" hai1="97,68,31,49,110,104,43,95,87,17,122,34,35" hai2="45,121,60,124,96,103,114,132,80,78,47,11,33" hai3="83,90,48,65,39,13,70,32,10,102,85,8,46"/><W3/><G32/><T40/><D123/><U107/><E68/><V54/><F114/><W9/><G39/><T93/><D106/><U4/><E4/><V61/><F33/><W57/><G70/><T50/><D108/><U14/><E110/><V112/><F112/><W105/><G3/><T133/><D127/><U44/><E35/><V115/><F115/><W15/><G102/><T82/><D133/><U135/><E135/><V125/><F132/><W55/><G105/><T71/><D6/><U63/><E87/><V111/><F111/><W75/><G75/><T128/><D128/><U2/><E2/><V25/><F25/><W72/><G72/><T38/><D82/><U101/><E63/><AGARI ba="1,2" hai="8,9,10,13,15,46,48,55,57,63,65,83,85,90" machi="63" ten="40,12000,1" yaku="8,1,52,3" doraHai="5" who="3" fromWho="1" sc="227,0,314,-123,181,0,258,143" /><INIT seed="3,2,0,1,5,26" ten="227,191,181,401" oya="3" hai0="67,30,90,4,72,56,58,87,125,84,105,61,6" hai1="33,106,35,103,27,102,116,14,24,25,129,55,70" hai2="118,92,45,49,130,85,93,76,0,88,19,111,15" hai3="74,120,7,31,65,99,63,123,41,68,121,95,127"/><W128/><G128/><T64/><D72/><U3/><E3/><V94/><F118/><W39/><G127/><T9/><D105/><U2/><E2/><V23/><F111/><W48/><G74/><T18/><D125/><U101/><E70/><V54/><F0/><W73/><G73/><T80/><D30/><U119/><E106/><V66/><F130/><W86/><G7/><T20/><D9/><U44/><E129/><V22/><F66/><W122/><G86/><T50/><D87/><U28/><E14/><V91/><REACH who="2" step="1"/><F23/><REACH who="2" ten="227,191,171,401" step="2"/><W11/><G120/><T1/><D1/><U69/><E69/><V83/><AGARI ba="2,1" hai="15,19,22,45,49,54,76,83,85,88,91,92,93,94" machi="83" ten="30,8000,1" yaku="1,1,2,1,0,1,8,1,54,1,53,0" doraHai="26" doraHaiUra="133" who="2" fromWho="2" sc="227,-22,191,-22,171,96,401,-42" /><INIT seed="4,0,0,3,5,73" ten="205,169,267,359" oya="0" hai0="28,131,62,95,31,68,112,26,75,45,78,93,36" hai1="115,123,106,77,0,46,96,113,4,134,108,19,40" hai2="57,70,107,132,27,3,47,129,17,72,43,44,127" hai3="89,33,54,34,104,103,37,58,69,10,63,90,64"/><T120/><D120/><U49/><E108/><V7/><F70/><W41/><G104/><T55/><D112/><N who="1" m="43083" /><E123/><V109/><F109/><W87/><G103/><T5/><D131/><U118/><E118/><V76/><F107/><W130/><G130/><T100/><D5/><U38/><E19/><V11/><F129/><W13/><G41/><T39/><D31/><U66/><E66/><V59/><F127/><W53/><G37/><T8/><D8/><N who="1" m="2055" /><E49/><V71/><F71/><W81/><G33/><T99/><D68/><U82/><E134/><V110/><F110/><W9/><G34/><T30/><D30/><U15/><E15/><V83/><F132/><W74/><G9/><T122/><D122/><U35/><E35/><V119/><F119/><W21/><G21/><T125/><D125/><U14/><E14/><V61/><F61/><W128/><G128/><T80/><D95/><U48/><E48/><V60/><F60/><W105/><G105/><T111/><D111/><U79/><E82/><V32/><F32/><W67/><G67/><T94/><D94/><U51/><E51/><V56/><F43/><W20/><G10/><T98/><D98/><U121/><E121/><V18/><F18/><N who="3" m="10319" /><G69/><T133/><D133/><U12/><E12/><V101/><F17/><W91/><G64/><T126/><D126/><U6/><E6/><V86/><F7/><W42/><G42/><T65/><D65/><U92/><E106/><V52/><F11/><W85/><G53/><T114/><D114/><U50/><E38/><V97/><F52/><W124/><G124/><T117/><D117/><RYUUKYOKU ba="0,0" sc="205,-15,169,15,267,-15,359,15" hai1="40,46,50,77,79,92,96" hai3="54,58,63,74,81,85,87,89,90,91" /><INIT seed="5,1,0,1,4,6" ten="190,184,252,374" oya="1" hai0="113,10,80,82,48,109,89,69,135,24,126,103,90" hai1="133,17,54,67,97,98,1,92,86,68,28,118,76" hai2="100,2,41,124,49,70,53,84,117,120,79,121,50" hai3="29,47,128,104,52,64,116,56,60,106,73,18,0"/><U122/><E122/><V22/><F117/><W30/><G0/><T27/><D109/><U114/><E118/><V131/><F70/><W15/><G73/><T83/><D69/><U93/><E28/><V65/><F65/><W111/><G111/><T31/><D113/><U71/><E114/><V102/><F2/><W26/><G116/><T72/><D72/><U33/><E1/><V25/><F131/><W85/><G128/><T88/><D126/><U130/><E86/><V123/><F124/><W75/><G75/><T36/><D36/><U40/><E54/><V44/><F79/><W55/><G104/><T95/><D135/><U20/><E130/><V57/><REACH who="2" step="1"/><F84/><REACH who="2" ten="190,184,242,374" step="2"/><W34/><G64/><T35/><D83/><U105/><E67/><V42/><F42/><W87/><G85/><T16/><D82/><U32/><E40/><V91/><F91/><W63/><G87/><T4/><D80/><U14/><E76/><V62/><F62/><W51/><G60/><T127/><D127/><U101/><E71/><V61/><F61/><W59/><G63/><T5/><D90/><U110/><E68/><V43/><F43/><W7/><G51/><T23/><D89/><N who="1" m="55439" /><E110/><V3/><F3/><W107/><G55/><T125/><D125/><U58/><E133/><V108/><F108/><W46/><G52/><T19/><D48/><U12/><E101/><V81/><F81/><W96/><G96/><N who="0" m="57447" /><D103/><U45/><E98/><V8/><F8/><W115/><G115/><T112/><D112/><U119/><E119/><V134/><F134/><W9/><G9/><T132/><D132/><RYUUKYOKU ba="1,1" sc="190,15,184,-15,242,15,374,-15" hai0="4,5,10,16,19,23,24,27,31,35" hai2="22,25,41,44,49,50,53,57,100,102,120,121,123" /><INIT seed="6,2,1,0,1,50" ten="205,169,257,359" oya="2" hai0="75,112,85,109,4,39,2,0,88,1,54,65,25" hai1="119,101,127,19,22,10,23,13,5,60,83,91,118" hai2="115,97,114,98,89,48,41,44,94,76,102,6,28" hai3="116,110,108,121,100,55,96,31,99,17,80,86,71"/><V53/><F76/><W72/><G116/><T123/><D75/><U42/><E127/><V74/><F74/><W51/><G121/><T125/><D123/><U135/><E135/><V132/><F132/><W18/><G71/><T59/><D125/><U81/><E101/><V117/><F117/><W134/><G72/><T61/><D109/><U105/><E105/><V16/><F28/><W63/><G134/><T49/><D39/><U66/><E83/><V70/><F70/><W133/><G133/><T122/><D122/><U69/><E42/><V106/><F6/><W57/><G108/><T77/><D77/><U40/><E40/><V15/><REACH who="2" step="1"/><F41/><REACH who="2" ten="205,169,247,359" step="2"/><W129/><G110/><T7/><D112/><U3/><E119/><V95/><F95/><W38/><G31/><T35/><D7/><U47/><E118/><V26/><F26/><W84/><G129/><T111/><D111/><U24/><E81/><V14/><F14/><W36/><G80/><T58/><D4/><U29/><E3/><V124/><F124/><W43/><G43/><T120/><D120/><U9/><E5/><V107/><F107/><W104/><G104/><T62/><D25/><U64/><E69/><V126/><F126/><W56/><G17/><T8/><D2/><U67/><E24/><V131/><F131/><W68/><G18/><T32/><D1/><U93/><E29/><V12/><F12/><W27/><G68/><T20/><D0/><U33/><E13/><V34/><F34/><W45/><G27/><T90/><D35/><U46/><E33/><V37/><F37/><W113/><G36/><RYUUKYOKU ba="2,2" sc="205,-10,169,-10,247,30,359,-10" hai2="15,16,44,48,53,89,94,97,98,102,106,114,115" /><INIT seed="6,3,2,0,5,65" ten="195,159,277,349" oya="2" hai0="6,88,76,45,73,61,125,105,7,133,17,87,75" hai1="71,13,0,57,97,1,18,86,27,107,120,31,50" hai2="34,11,93,72,44,21,55,32,81,26,84,104,82" hai3="94,52,122,95,114,112,24,19,110,66,89,121,29"/><V116/><F104/><W9/><G110/><T56/><D105/><U106/><E120/><V40/><F116/><W23/><G66/><T102/><D102/><U54/><E106/><V90/><F11/><W5/><G29/><T128/><D128/><U28/><E71/><V36/><F55/><W14/><G52/><N who="0" m="33927" /><D75/><U59/><E59/><V37/><F37/><W103/><G103/><T58/><D73/><U64/><E64/><V130/><F130/><W127/><G127/><T101/><D101/><U129/><E129/><V109/><F109/><W96/><REACH who="3" step="1"/><G95/><REACH who="3" ten="195,159,277,339" step="2"/><T42/><D125/><U68/><E54/><V113/><F113/><AGARI ba="3,3" hai="5,9,14,19,23,24,89,94,96,112,113,114,121,122" machi="113" ten="40,8000,1" yaku="1,1,2,1,15,1,11,1,53,1" doraHai="65" doraHaiUra="91" who="3" fromWho="2" sc="195,0,159,0,277,-89,339,119" /><INIT seed="7,0,0,2,0,49" ten="195,159,188,458" oya="3" hai0="65,5,8,3,21,17,113,128,103,74,116,66,60" hai1="123,124,105,23,96,134,131,99,121,58,76,59,110" hai2="71,119,46,34,91,7,20,56,92,88,1,82,14" hai3="97,104,10,32,112,2,73,98,102,101,135,57,117"/><W90/><G57/><N who="1" m="21514" /><E110/><V11/><F71/><W19/><G117/><T39/><D74/><U31/><E76/><V61/><F119/><W54/><G112/><T25/><D39/><U107/><E23/><V53/><F34/><W29/><G135/><T0/><D128/><U48/><E48/><N who="2" m="28823" /><F1/><W75/><G19/><T41/><D3/><U51/><E51/><V38/><F38/><W84/><G90/><N who="2" m="34345" /><F92/><W78/><G29/><T127/><D0/><U35/><E35/><V111/><F111/><W15/><G15/><T106/><D106/><N who="1" m="40459" /><E31/><V81/><F20/><W114/><G114/><T16/><D21/><U6/><E6/><V77/><F77/><W133/><G78/><T70/><D5/><U27/><E27/><V30/><F30/><W125/><G32/><T50/><D25/><U63/><E63/><V122/><F122/><N who="1" m="46601" /><E131/><V80/><F80/><W4/><G2/><T126/><D60/><U44/><E44/><V95/><F95/><W52/><G104/><T86/><D113/><U18/><E18/><V33/><F33/><W43/><G4/><T130/><D16/><U22/><E22/><V72/><F72/><W13/><G75/><T100/><D17/><U89/><E134/><V64/><AGARI ba="0,0" hai="7,11,14,56,61,64,81,82" m="34345,28823" machi="64" ten="30,4000,0" yaku="8,1,52,1,54,1" doraHai="49" who="2" fromWho="2" sc="195,-10,159,-10,188,40,458,-20" owari="185,-21.5,149,-35.1,228,2.8,438,53.8" /></mjloggm>