<mjloggm ver="2.3"><GO type="169" lobby="0"/><UN n0="%E4%BF%8A%E6%96%87%E9%BE%8D" n1="%E3%83%97%E3%83%AC%E3%82%B9%E3%83%97" n2="%74%6B%34%32" n3="%E3%83%AF%E3%82%BF%E3%82%B7%E3%81%8C%E9%A3%9B%E3%82%93%E3%81%A0%E6%97%A5" dan="16,16,16,16" rate="2118.17,2175.58,2099.51,2113.02" sx="M,M,M,M"/><TAIKYOKU oya="0"/><INIT seed="0,0,0,4,3,45" ten="250,250,250,250" oya="0" hai0="12,78,91,6,62,77,86,31,63,64,84,125,40" hai1="57,41,32,39,35,44,94,114,88,96,97,7,124" hai2="135,79,58,116,82,61,51,27,21,132,24,9,28" hai3="60,67,33,48,120,11,4,129,47,100,5,134,65"/><T103/><D125/><U106/><E124/><V43/><F116/><W115/><G115/><T104/><D31/><U81/><E114/><V49/><F43/><W72/><G72/><T42/><D104/><U89/><E7/><V2/><F2/><W109/><G33/><T14/><D103/><U111/><E111/><V50/><F9/><W90/><G109/><T118/><D64/><U87/><REACH who="1" step="1"/><E57/><REACH who="1" ten="250,240,250,250" step="2"/><V107/><F107/><W17/><G4/><T105/><D6/><U75/><E75/><V1/><F1/><W16/><G120/><T53/><D118/><U133/><E133/><V73/><REACH who="2" step="1"/><F27/><REACH who="2" ten="250,240,240,250" step="2"/><W52/><G5/><T112/><D105/><U38/><E38/><V126/><F126/><W26/><G26/><T99/><D112/><U10/><E10/><V30/><F30/><W68/><G11/><T34/><D12/><U59/><E59/><V123/><F123/><W37/><G37/><T121/><D14/><U69/><E69/><V0/><F0/><W13/><G13/><T85/><D121/><U15/><E15/><V98/><F98/><W110/><G110/><T55/><D99/><U74/><E74/><V70/><F70/><W83/><G68/><T56/><D56/><U127/><E127/><V22/><F22/><W66/><G17/><T117/><D117/><U36/><E36/><V8/><F8/><W128/><G16/><T131/><D85/><U54/><E54/><AGARI ba="0,2" hai="21,24,28,49,50,51,54,58,61,73,79,82,132,135" machi="54" ten="40,8000,1" yaku="1,1,52,3,53,0" doraHai="45" doraHaiUra="108" who="2" fromWho="1" sc="250,0,240,-80,240,100,250,0" /><INIT seed="1,0,0,0,1,128" ten="250,160,340,250" oya="1" hai0="85,103,11,133,17,67,132,43,131,122,73,113,94" hai1="36,62,96,41,126,95,50,118,107,98,32,56,1" hai2="78,45,51,58,10,83,111,19,129,109,18,74,0" hai3="105,38,55,24,79,77,104,117,130,60,34,4,23"/><U57/><E118/><V25/><F129/><W106/><G130/><T84/><D73/><U2/><E32/><V70/><F58/><W7/><G34/><T102/><D131/><U80/><E126/><V75/><F75/><W21/><G38/><T66/><D113/><U61/><E36/><V42/><F70/><W63/><G117/><T125/><D43/><U101/><E80/><V31/><F0/><W33/><G55/><T9/><D125/><U88/><E62/><N who="3" m="23594" /><G24/><T90/><D122/><U15/><E15/><V49/><F49/><W26/><G26/><T119/><D119/><U92/><E107/><V3/><F3/><W48/><G48/><T89/><D94/><U97/><E97/><V29/><F29/><W112/><G33/><T100/><D100/><U30/><E30/><V8/><F8/><W53/><G53/><T13/><D13/><U81/><E81/><V39/><F10/><W28/><G28/><T46/><D46/><N who="1" m="25935" /><E2/><V110/><F39/><W12/><G12/><T6/><REACH who="0" step="1"/><D17/><REACH who="0" ten="240,160,340,250" step="2"/><U121/><E121/><V116/><F116/><W72/><G72/><T114/><D114/><U5/><E1/><V82/><F83/><W44/><G112/><T52/><D52/><N who="1" m="33927" /><E5/><AGARI ba="0,1" hai="5,6,9,11,66,67,84,85,89,90,102,103,132,133" machi="5" ten="25,12000,2" yaku="1,1,22,2,52,2,53,2" doraHai="128" doraHaiUra="99" who="0" fromWho="1" sc="240,130,160,-120,340,0,250,0" /><INIT seed="2,0,0,5,1,92" ten="370,40,340,250" oya="2" hai0="72,70,89,115,28,114,60,103,122,35,93,9,86" hai1="113,21,33,2,59,64,39,84,15,66,131,65,61" hai2="67,47,36,18,0,130,40,80,49,117,135,77,48" hai3="97,3,105,96,94,11,107,16,31,126,101,132,91"/><V20/><F117/><W50/><G126/><T124/><D122/><U98/><E2/><V54/><F130/><W34/><G132/><T134/><D134/><U104/><E33/><V123/><F135/><W90/><G3/><T133/><D133/><U10/><E113/><V58/><F123/><W118/><G118/><T25/><D124/><U23/><E131/><V30/><F0/><W44/><G91/><T111/><D111/><U68/><E39/><V22/><F30/><W76/><G76/><T51/><D72/><U108/><E108/><V85/><F67/><W63/><G63/><T17/><D51/><U116/><E116/><V128/><F128/><W62/><G62/><T56/><D70/><U29/><E68/><V4/><F4/><W88/><G90/><T45/><D45/><U121/><E84/><V1/><F1/><W5/><G5/><T129/><D103/><U57/><E121/><V32/><F32/><W41/><G107/><T74/><D74/><U83/><E83/><V73/><F73/><W27/><G11/><T87/><D87/><U106/><E57/><V53/><REACH who="2" step="1"/><F18/><REACH who="2" ten="370,40,330,250" step="2"/><W82/><G16/><T8/><D129/><U38/><E29/><V110/><F110/><W6/><G6/><T19/><D17/><U13/><E64/><V7/><F7/><W112/><REACH who="3" step="1"/><G82/><REACH who="3" ten="370,40,330,240" step="2"/><T52/><D19/><U79/><E65/><V100/><F100/><W24/><G24/><T102/><D102/><U69/><E69/><V42/><F42/><W127/><G127/><T55/><D55/><U12/><E66/><V37/><F37/><W75/><G75/><RYUUKYOKU ba="0,2" sc="370,10,40,-30,330,10,240,10" hai0="8,9,25,28,35,52,56,60,86,89,93,114,115" hai2="20,22,36,40,47,48,49,53,54,58,77,80,85" hai3="27,31,34,41,44,50,88,94,96,97,101,105,112" /><INIT seed="2,1,2,1,4,71" ten="380,10,340,250" oya="2" hai0="50,4,79,29,49,100,63,13,35,24,98,11,32" hai1="20,66,68,77,59,115,52,6,114,107,121,69,118" hai2="116,84,51,42,134,12,16,9,44,91,33,23,90" hai3="135,88,117,82,126,57,130,93,46,8,113,102,61"/><V48/><F116/><W110/><G117/><T30/><D79/><U119/><E107/><V74/><F134/><W34/><G34/><T87/><D87/><U72/><E121/><V43/><F33/><W105/><G105/><T27/><REACH who="0" step="1"/><D63/><REACH who="0" ten="370,10,340,250" step="2"/><U97/><E118/><V40/><F74/><W122/><G122/><T31/><D31/><U75/><E119/><V85/><F9/><W55/><G57/><T25/><D25/><U83/><E72/><V81/><F44/><W76/><G102/><T92/><AGARI ba="1,3" hai="4,11,13,24,27,29,30,32,35,49,50,92,98,100" machi="92" ten="20,5200,0" yaku="1,1,0,1,7,1,9,1,53,0" doraHai="71" doraHaiUra="17" who="0" fromWho="0" sc="370,85,10,-14,340,-27,250,-14" owari="455,55.5,-4,-50.4,313,11.3,236,-16.4" /></mjloggm>