<mjloggm ver="2.3"><GO type="169" lobby="0"/><UN n0="%E5%B2%A9%E4%B8%8A%E9%80%9A%E3%82%8A" n1="%69%77%61%69%77%61" n2="%54%61%62%61%73%63%6F" n3="%E3%81%88%E3%81%8C%E3%82%8F%E3%82%8A%E3%81%8A" dan="16,17,16,16" rate="2147.91,2233.63,2099.90,2142.58" sx="M,M,M,M"/><TAIKYOKU oya="0"/><BYE who="3" /><UN n3="%E3%81%88%E3%81%8C%E3%82%8F%E3%82%8A%E3%81%8A" /><INIT seed="0,0,0,1,2,50" ten="250,250,250,250" oya="0" hai0="55,87,118,3,45,14,67,27,65,119,18,36,44" hai1="34,121,63,10,35,64,7,84,127,85,97,60,89" hai2="59,17,94,31,4,88,58,61,103,109,15,93,13" hai3="43,95,54,40,104,25,120,117,128,47,80,99,28"/><T29/><D3/><U100/><E121/><V133/><F109/><W81/><G117/><T78/><D36/><U79/><E127/><V82/><F133/><W62/><G104/><T24/><D119/><U71/><E79/><V57/><F31/><W70/><G128/><T86/><D118/><U77/><E77/><V74/><F103/><W8/><G8/><T73/><D73/><U22/><E22/><V49/><F74/><W83/><G70/><T12/><D78/><U66/><E85/><N who="2" m="50231" /><F61/><W1/><G1/><T90/><D29/><U6/><E6/><V41/><F4/><W2/><G2/><T135/><D90/><U30/><E7/><V72/><F15/><W98/><G120/><T39/><D39/><U129/><E129/><V123/><F72/><W56/><G47/><T37/><D37/><U53/><E34/><V111/><F111/><W38/><G38/><T113/><D18/><U75/><E75/><V76/><F76/><W46/><G46/><T19/><D19/><U115/><E115/><V108/><F123/><W134/><G134/><T92/><D135/><U48/><E30/><V5/><F5/><W21/><REACH who="3" step="1"/><G99/><REACH who="3" ten="250,250,250,240" step="2"/><T20/><D113/><U51/><E97/><V32/><F108/><W68/><G68/><T33/><D33/><U132/><E71/><V11/><F32/><W116/><G116/><T126/><D126/><U0/><E35/><V96/><F96/><W114/><G114/><T125/><D125/><U105/><E132/><V52/><F41/><W110/><G110/><T69/><D69/><U122/><E0/><V102/><F102/><AGARI ba="0,1" hai="21,25,28,40,43,54,56,62,80,81,83,95,98,102" machi="102" ten="40,8000,1" yaku="1,1,6,1,8,1,52,1,53,0" doraHai="50" doraHaiUra="130" who="3" fromWho="2" sc="250,0,250,0,250,-80,240,90" /><INIT seed="1,0,0,4,0,7" ten="250,250,170,330" oya="1" hai0="65,69,93,131,128,70,91,109,89,3,74,59,38" hai1="105,104,35,36,33,115,126,133,97,52,132,18,124" hai2="108,42,10,2,43,47,122,13,125,54,8,48,17" hai3="51,116,4,119,39,103,78,34,45,107,40,129,28"/><U37/><E115/><V19/><F122/><W76/><G129/><T87/><D38/><N who="1" m="14955" /><E18/><V113/><F108/><W58/><G4/><T120/><D109/><U55/><E97/><V84/><F125/><N who="1" m="48233" /><E55/><V83/><F113/><W62/><G103/><T16/><D3/><U11/><E11/><N who="2" m="4139" /><F2/><W5/><G5/><T31/><D31/><U68/><E52/><V6/><F6/><W106/><G39/><T64/><D74/><U134/><E68/><V117/><F117/><N who="3" m="45131" /><G107/><AGARI ba="0,0" hai="33,35,104,105,107,132,133,134" m="48233,14955" machi="107" ten="40,18000,2" yaku="28,2,20,1,18,1,31,2" doraHai="7" who="1" fromWho="3" sc="250,0,250,180,170,0,330,-180" /><INIT seed="1,1,0,2,1,85" ten="250,430,170,150" oya="1" hai0="133,135,63,90,87,4,59,107,33,131,51,130,38" hai1="117,50,8,71,6,108,19,74,81,99,7,69,11" hai2="118,47,16,3,128,34,127,65,44,105,114,109,48" hai3="80,40,72,91,12,14,36,84,32,122,64,129,46"/><U125/><E117/><V35/><F118/><W21/><G122/><T31/><D107/><U70/><E125/><V13/><F3/><W37/><G32/><T101/><D101/><U43/><E19/><V98/><F109/><W132/><G72/><T75/><D38/><U94/><E108/><V126/><F128/><N who="0" m="49194" /><D75/><U96/><E43/><V97/><F65/><W104/><G129/><T66/><D4/><U115/><E50/><V134/><F134/><N who="0" m="51210" /><D33/><U28/><E115/><V29/><F114/><W30/><G132/><T10/><D10/><U60/><E11/><V49/><F105/><W100/><G36/><T18/><D18/><U95/><E7/><V0/><F0/><W58/><G30/><T45/><D31/><U53/><E28/><V62/><F29/><W22/><G22/><T68/><D87/><U112/><E8/><V111/><F111/><W9/><G21/><T76/><D90/><U89/><E6/><V83/><F16/><W23/><G23/><T15/><D15/><U55/><E112/><V54/><F13/><W17/><G14/><T61/><D76/><U106/><E106/><V79/><F79/><W119/><G119/><T82/><D82/><U5/><E5/><V77/><F77/><W88/><G104/><T73/><D73/><U86/><E74/><V120/><F83/><W110/><G110/><T27/><D27/><U67/><E81/><V93/><F35/><W1/><G1/><T78/><D78/><U121/><E86/><V20/><F34/><W42/><G100/><T116/><D116/><U2/><E2/><V92/><F20/><RYUUKYOKU ba="1,0" sc="250,0,430,0,170,0,150,0" /><INIT seed="2,2,0,0,4,86" ten="250,430,170,150" oya="2" hai0="33,95,13,17,73,75,28,89,20,51,76,24,3" hai1="112,59,58,88,15,116,34,21,84,23,70,62,79" hai2="27,68,67,99,16,10,41,48,113,78,77,98,69" hai3="82,101,19,39,126,105,43,92,45,132,11,111,74"/><V50/><F113/><W12/><G111/><T87/><D76/><U42/><E34/><V40/><F10/><W30/><G126/><T128/><D128/><U107/><E107/><V117/><F67/><W83/><G132/><T61/><D61/><U108/><E70/><V93/><F93/><W123/><G123/><T8/><D51/><U57/><E79/><V109/><F27/><W81/><G30/><T122/><D122/><U80/><E116/><V63/><F63/><W29/><G29/><T14/><D14/><U65/><E108/><V6/><F109/><W97/><REACH who="3" step="1"/><G105/><REACH who="3" ten="250,430,170,140" step="2"/><T44/><D44/><U106/><E106/><V18/><REACH who="2" step="1"/><F6/><AGARI ba="2,1" hai="3,6,8,13,17,20,24,28,33,73,75,87,89,95" machi="6" ten="40,5200,0" yaku="24,2,52,1" doraHai="86" who="0" fromWho="2" sc="250,68,430,0,170,-58,140,0" /><INIT seed="3,0,0,0,0,36" ten="318,430,112,140" oya="3" hai0="4,63,100,27,49,77,25,47,73,39,124,97,33" hai1="75,110,7,15,50,101,121,118,98,125,45,52,74" hai2="123,130,30,89,44,117,34,12,90,132,83,92,105" hai3="104,64,53,57,115,22,120,88,113,112,26,40,72"/><W126/><G120/><T116/><D116/><U19/><E110/><V103/><F117/><W96/><G72/><T69/><D124/><U43/><E121/><V16/><F123/><W68/><G126/><T62/><D62/><U42/><E118/><V108/><F108/><W11/><G11/><T55/><D4/><U2/><E125/><V78/><F132/><W107/><G68/><T20/><D77/><U8/><E75/><V66/><F130/><W46/><G64/><T37/><D73/><U18/><E74/><V28/><F78/><W54/><G54/><T131/><D27/><U111/><E19/><V5/><F105/><W24/><G24/><T3/><D3/><U114/><E114/><V81/><F103/><W80/><G80/><T135/><D135/><U85/><E85/><V87/><F81/><W32/><G32/><T70/><D33/><U0/><E111/><V91/><F66/><W99/><G107/><T82/><D82/><U60/><E60/><V128/><F34/><W58/><G104/><T67/><D70/><U95/><E0/><V13/><F92/><N who="3" m="56327" /><G99/><T133/><D133/><U56/><E56/><N who="3" m="21610" /><G53/><T21/><D21/><AGARI ba="0,0" hai="2,7,8,15,18,21,42,43,45,50,52,95,98,101" machi="21" ten="30,7700,0" yaku="7,1,52,2,54,1" doraHai="36" who="1" fromWho="0" sc="318,-77,430,77,112,0,140,0" /><INIT seed="4,0,0,2,3,130" ten="241,507,112,140" oya="0" hai0="12,72,111,35,38,0,89,103,67,18,129,61,119" hai1="7,5,87,4,31,48,63,118,25,115,10,23,33" hai2="29,44,86,102,28,116,112,84,41,56,40,101,3" hai3="122,17,36,2,45,8,83,77,37,66,1,90,110"/><T106/><D0/><U93/><E118/><V80/><F3/><W105/><G110/><T74/><D35/><U114/><E63/><V132/><F112/><N who="1" m="43049" /><E48/><V30/><F116/><W123/><G105/><T81/><D38/><N who="3" m="14953" /><G45/><T19/><D119/><U52/><E52/><V20/><F20/><W46/><G46/><T47/><D111/><U120/><E120/><N who="3" m="46122" /><G90/><T107/><D47/><U60/><E60/><V69/><F69/><W88/><G88/><T21/><D103/><U11/><E87/><V49/><F56/><W62/><G17/><T51/><D51/><U91/><E91/><V59/><F59/><N who="3" m="37215" /><G8/><N who="1" m="3114" /><E93/><V39/><F39/><W127/><G127/><T55/><D55/><U54/><E54/><V50/><F44/><W6/><G6/><T22/><D89/><U135/><E23/><V121/><F121/><W53/><G53/><T96/><D96/><U71/><E71/><V94/><F50/><W82/><G82/><T78/><D74/><AGARI ba="0,0" hai="1,2,74,77,83" m="37215,46122,14953" machi="74" ten="30,1000,0" yaku="13,1" doraHai="130" who="3" fromWho="0" sc="241,-10,507,0,112,0,140,10" /><INIT seed="5,0,0,2,1,29" ten="231,507,112,150" oya="1" hai0="77,125,90,75,79,41,47,63,115,106,51,94,69" hai1="107,128,46,130,1,119,38,66,9,26,78,96,92" hai2="123,49,34,15,110,0,45,28,43,62,114,37,121" hai3="98,116,124,11,108,99,39,56,60,17,54,104,33"/><U2/><E119/><V109/><F15/><N who="3" m="7423" /><G108/><T81/><D106/><U93/><E93/><V64/><F0/><W27/><G39/><T35/><D35/><U97/><E92/><V22/><F22/><W12/><G104/><T103/><D115/><U118/><E96/><V131/><F28/><W84/><G33/><T101/><D125/><U42/><E118/><V61/><F34/><W20/><G124/><T32/><D32/><U5/><E26/><V80/><F80/><W13/><G84/><T70/><D79/><U21/><E21/><V100/><F100/><W68/><G68/><T18/><D18/><U71/><E2/><V134/><F134/><W50/><G50/><T52/><D70/><U4/><E4/><V8/><F8/><W87/><G87/><T23/><D23/><U117/><E117/><V65/><F37/><W25/><G25/><T122/><D122/><N who="2" m="46602" /><F131/><W102/><G116/><T3/><D3/><U105/><E78/><V133/><F133/><W73/><G73/><T120/><D120/><U129/><E97/><N who="3" m="36874" /><G102/><T59/><D69/><U88/><E88/><V86/><F86/><AGARI ba="0,0" hai="41,47,51,52,59,63,75,77,81,86,90,94,101,103" machi="86" ten="30,2000,0" yaku="7,1,54,1" doraHai="29" who="0" fromWho="2" sc="231,20,507,0,112,-20,150,0" /><INIT seed="6,0,0,3,0,125" ten="251,507,92,150" oya="2" hai0="6,92,124,134,57,50,133,45,17,77,36,30,16" hai1="49,58,12,26,4,86,105,113,122,54,99,46,88" hai2="123,89,97,22,11,43,73,42,29,135,48,35,96" hai3="38,62,117,64,129,27,66,63,90,8,28,9,101"/><V103/><F123/><W52/><G117/><T130/><D36/><U68/><E68/><V132/><F35/><W0/><G38/><T71/><D71/><U115/><E122/><V53/><F73/><W131/><G101/><T128/><D57/><U84/><E26/><N who="2" m="16599" /><F89/><W94/><G63/><T40/><D6/><U111/><E111/><V78/><F78/><W10/><G52/><T126/><D92/><N who="1" m="56711" /><E105/><N who="2" m="63719" /><F11/><W116/><G0/><T15/><D30/><U65/><E4/><V95/><F95/><W93/><G116/><T75/><D75/><U127/><E84/><V20/><F20/><N who="3" m="15463" /><G90/><T37/><D77/><U82/><E86/><V72/><F97/><W110/><G110/><T33/><D33/><U121/><E82/><V69/><F72/><W91/><G91/><T114/><D114/><U3/><E121/><V23/><F23/><W60/><G60/><T98/><D98/><U112/><E3/><V24/><F24/><W59/><G66/><T107/><D107/><U118/><E12/><V55/><F69/><W2/><G2/><T108/><D37/><U13/><E13/><V19/><F19/><N who="0" m="7242" /><D15/><U34/><E34/><V61/><F61/><W25/><G25/><T21/><D21/><U47/><E118/><V41/><F48/><W51/><G51/><T81/><D81/><U5/><E5/><V32/><F32/><W7/><G7/><T85/><D85/><U87/><E87/><V80/><F80/><W102/><G102/><T56/><D108/><U31/><E113/><V39/><F39/><W104/><G104/><T120/><D120/><U74/><E115/><RYUUKYOKU ba="0,0" sc="251,-15,507,-15,92,15,150,15" hai2="41,42,43,53,55,132,135" hai3="8,9,10,59,62,64,93,94,129,131" /><INIT seed="6,1,0,3,3,7" ten="236,492,107,165" oya="2" hai0="102,65,62,1,8,64,112,32,79,70,104,29,92" hai1="75,73,91,115,94,10,111,23,17,68,113,132,122" hai2="88,95,28,121,14,128,40,53,59,107,66,110,78" hai3="123,114,109,63,34,50,108,4,54,96,20,39,69"/><V71/><F121/><W61/><G34/><T37/><D92/><U100/><E111/><V9/><F107/><W130/><G123/><T119/><D65/><U12/><E68/><V103/><F110/><W86/><G39/><T30/><D30/><U44/><E132/><V31/><F103/><W18/><G130/><T80/><D112/><U116/><E116/><V67/><F128/><W19/><G114/><T77/><D119/><U120/><E100/><V84/><F40/><W105/><G4/><T5/><D37/><U6/><E73/><V2/><F78/><W42/><G42/><T55/><D55/><U97/><E75/><V127/><F2/><W26/><G105/><T118/><D80/><U52/><E113/><V25/><F71/><W106/><G106/><T101/><D101/><U45/><E115/><V82/><F95/><W89/><G96/><T38/><D38/><U22/><E22/><N who="2" m="15415" /><F31/><W21/><G69/><T47/><D47/><U11/><E23/><V49/><F127/><W124/><G124/><T133/><D133/><U36/><E36/><V13/><F13/><N who="3" m="9295" /><G109/><T35/><D35/><U0/><E120/><V135/><F135/><W81/><G108/><T33/><D33/><U15/><E0/><V51/><F49/><W83/><G83/><T117/><D79/><U72/><E72/><V43/><F43/><W57/><AGARI ba="1,0" hai="19,21,26,50,54,57,61,63,81,86,89" m="9295" machi="57" ten="30,1100,0" yaku="8,1" doraHai="7" who="3" fromWho="3" sc="236,-4,492,-4,107,-6,165,14" /><INIT seed="7,0,0,1,4,135" ten="232,488,101,179" oya="3" hai0="61,118,76,125,20,68,122,26,95,69,79,86,37" hai1="97,6,21,8,38,65,123,105,103,101,9,116,117" hai2="25,29,5,100,120,92,44,124,18,109,56,99,81" hai3="1,106,35,115,134,72,121,62,32,114,96,27,50"/><W71/><G121/><T102/><D37/><U90/><E38/><V94/><F109/><W46/><G134/><T49/><D118/><N who="1" m="45675" /><E123/><V80/><F120/><W66/><G72/><T13/><D61/><U84/><E65/><V0/><F0/><W58/><G1/><T98/><D13/><U87/><E6/><V48/><F5/><W7/><G7/><T28/><D69/><U4/><E4/><V36/><F18/><W107/><G58/><T47/><D68/><U53/><E103/><V24/><F24/><W78/><G78/><T14/><D122/><U63/><E21/><V70/><F70/><W89/><G89/><T2/><D2/><U129/><E129/><V128/><F128/><W110/><G110/><T16/><D86/><N who="1" m="32811" /><E90/><V85/><F36/><W31/><G35/><T73/><D73/><U30/><E30/><V82/><F56/><AGARI ba="0,0" hai="8,9,53,56,63,97,101,105" m="32811,45675" machi="56" ten="30,1000,0" yaku="12,1" doraHai="135" who="1" fromWho="2" sc="232,0,488,10,101,-10,179,0" owari="232,3.2,498,59.8,91,-40.9,179,-22.1" /></mjloggm>