<mjloggm ver="2.3"><GO type="169" lobby="0"/><UN n0="%E3%82%82%E3%81%BF%E3%81%95%E3%81%92" n1="%E7%8A%B6%E6%85%8B%E9%BA%BB%E9%9B%80" n2="%E4%B9%9D%E7%B4%8B%E9%BE%8D%E5%8F%B2%E9%80%B2" n3="%E3%82%BF%E3%83%9E%E3%83%8D%E3%82%AE" dan="16,17,19,18" rate="2128.38,2209.67,2289.40,2240.17" sx="M,M,M,M"/><TAIKYOKU oya="0"/><INIT seed="0,0,0,5,1,16" ten="250,250,250,250" oya="0" hai0="1,69,91,35,106,59,6,117,10,29,15,112,20" hai1="81,85,73,74,65,105,0,57,31,12,98,100,56" hai2="37,27,68,5,19,76,21,32,38,94,41,127,92" hai3="109,118,34,80,14,9,45,36,8,22,52,82,102"/><T110/><D69/><U42/><E0/><V87/><F68/><W24/><G118/><T79/><D79/><U25/><E42/><V121/><F121/><W58/><G34/><T126/><D106/><U125/><E125/><V63/><F127/><W108/><G102/><T86/><D126/><U54/><E12/><V71/><F5/><N who="3" m="3343" /><G9/><T124/><D124/><U75/><E65/><V61/><F32/><W135/><G135/><T26/><D112/><U62/><E57/><V72/><F72/><W64/><G64/><T134/><D134/><U53/><E53/><V120/><F120/><W18/><G45/><T50/><D110/><N who="3" m="42601" /><G36/><T77/><D77/><U99/><E99/><V28/><F38/><W122/><G122/><T103/><D103/><U7/><E7/><V93/><F71/><W11/><G11/><T30/><D117/><U130/><E130/><V129/><F129/><W67/><G67/><T90/><D86/><U17/><E17/><V95/><F19/><W47/><G47/><T44/><D59/><U96/><E96/><V40/><F37/><W4/><G4/><T104/><D104/><U48/><E75/><V114/><F114/><W97/><G97/><T115/><D115/><U33/><REACH who="1" step="1"/><E62/><AGARI ba="0,0" hai="18,22,24,52,58,62,80,82" m="42601,3343" machi="62" ten="30,3900,0" yaku="14,1,52,1,54,1" doraHai="16" who="3" fromWho="1" sc="250,0,250,-39,250,0,250,39" /><INIT seed="1,0,0,0,2,67" ten="250,211,250,289" oya="1" hai0="105,37,26,128,25,19,32,111,93,14,79,84,113" hai1="56,61,114,1,118,47,75,91,16,10,124,119,44" hai2="133,65,54,98,22,94,135,9,40,130,15,112,38" hai3="110,5,24,63,0,58,69,126,62,74,121,66,78"/><U90/><E114/><V99/><F112/><W72/><G121/><T82/><D113/><U73/><E124/><V55/><F130/><W4/><G126/><T6/><D128/><U122/><E122/><V77/><F77/><W100/><G110/><T129/><D129/><U60/><E56/><V134/><F22/><W89/><G100/><T42/><D105/><U87/><E87/><V50/><F65/><W46/><G46/><T97/><D111/><U68/><E10/><V13/><F38/><W86/><G24/><T48/><D6/><U52/><E1/><V120/><F120/><W117/><G117/><T23/><D32/><U127/><E127/><V102/><F99/><W85/><G85/><T51/><D37/><U3/><E3/><V131/><F15/><W20/><G20/><T81/><D81/><U57/><E57/><V101/><F101/><W59/><G59/><T96/><D96/><U8/><E8/><V80/><F80/><N who="3" m="49351" /><G0/><T70/><D70/><U2/><E2/><V30/><F30/><W132/><G132/><T92/><D92/><U103/><E103/><V36/><F36/><W115/><G115/><T104/><D104/><U21/><E21/><V31/><F31/><W53/><G74/><T28/><D42/><U76/><E76/><V106/><F106/><W49/><G63/><T107/><D107/><U71/><E16/><N who="2" m="8239" /><F131/><W43/><G43/><T123/><D123/><U18/><E18/><V27/><F27/><N who="0" m="10250" /><D28/><U33/><E33/><V11/><F11/><W45/><G69/><T29/><D29/><U83/><E83/><V88/><F102/><AGARI ba="0,0" hai="14,19,23,48,51,79,82,84,93,97,102" m="10250" machi="102" ten="30,2000,0" yaku="6,1,8,1" doraHai="67" who="0" fromWho="2" sc="250,20,211,0,250,-20,289,0" /><INIT seed="2,0,0,1,1,13" ten="270,211,230,289" oya="2" hai0="94,40,56,35,19,91,104,47,74,105,67,97,27" hai1="96,127,130,22,133,28,103,111,120,20,66,81,125" hai2="83,36,64,128,113,9,54,72,23,79,126,95,124" hai3="71,90,33,87,39,57,73,8,21,6,112,0,75"/><V123/><F113/><W5/><G71/><T45/><D74/><U60/><E111/><V76/><F123/><W82/><G33/><T7/><D7/><U2/><E120/><V89/><F128/><W53/><G39/><T58/><D45/><U34/><E130/><V37/><F79/><W11/><G21/><T48/><D35/><U52/><E2/><V18/><F9/><W25/><G25/><T41/><D41/><U98/><E133/><V88/><F64/><W55/><G55/><T118/><D118/><U15/><E34/><V24/><F89/><W108/><G108/><T100/><D67/><U12/><E81/><V43/><F54/><W49/><REACH who="3" step="1"/><G112/><REACH who="3" ten="270,211,230,279" step="2"/><T26/><D26/><U51/><E22/><V30/><F30/><W17/><G17/><T116/><D116/><U131/><E131/><V117/><F117/><W110/><G110/><T32/><D32/><U4/><E28/><V85/><REACH who="2" step="1"/><F43/><REACH who="2" ten="270,211,220,279" step="2"/><W70/><G70/><T92/><D40/><U61/><E66/><V134/><F134/><W44/><G44/><T50/><D47/><U46/><E52/><V16/><F16/><W129/><G129/><T101/><D19/><U107/><E46/><V59/><F59/><W114/><G114/><T69/><D69/><U77/><E4/><V135/><F135/><W115/><G115/><T62/><D56/><U121/><E121/><V99/><F99/><W132/><G132/><T93/><D97/><U80/><E98/><V38/><AGARI ba="0,2" hai="18,23,24,36,37,38,72,76,83,85,88,95,124,126" machi="38" ten="40,12000,1" yaku="1,1,0,1,52,1,54,1,53,0" doraHai="13" doraHaiUra="31" who="2" fromWho="2" sc="270,-40,211,-40,220,140,279,-40" /><INIT seed="2,1,0,0,2,132" ten="230,171,360,239" oya="2" hai0="109,20,37,91,64,18,35,103,1,7,34,5,4" hai1="95,98,53,124,76,92,84,31,12,19,129,75,54" hai2="80,123,13,111,96,3,127,32,100,23,125,56,44" hai3="131,11,38,119,134,83,26,135,60,87,88,6,0"/><V67/><F123/><W24/><G119/><T33/><D37/><U42/><E75/><V117/><F117/><W99/><G38/><T55/><D103/><U25/><E129/><V2/><F32/><W39/><G39/><T15/><D64/><U50/><E42/><V78/><F44/><W130/><G60/><T40/><D40/><U66/><E66/><V22/><F111/><W71/><G71/><T45/><D91/><U97/><E124/><N who="2" m="47691" /><F56/><W61/><G61/><T104/><D104/><U52/><E50/><V126/><N who="2" m="47699" /><V121/><DORA hai="102" /><F67/><W133/><REACH who="3" step="1"/><G99/><REACH who="3" ten="230,171,360,229" step="2"/><T27/><D109/><U28/><E98/><V82/><F121/><W41/><G41/><T30/><D55/><U68/><E68/><V120/><F120/><W108/><G108/><T10/><D45/><U29/><E97/><V74/><F82/><W107/><G107/><T114/><D114/><U14/><E95/><N who="2" m="58399" /><F13/><W122/><G122/><T118/><D118/><U116/><E116/><V101/><F101/><W17/><G17/><T69/><D69/><U65/><E65/><V110/><F110/><W47/><G47/><T70/><D70/><U59/><E59/><V43/><F43/><W8/><G8/><AGARI ba="1,1" hai="1,4,5,7,8,10,15,18,20,27,30,33,34,35" machi="8" ten="40,12000,2" yaku="35,6" doraHai="132,102" who="0" fromWho="3" sc="230,133,171,0,360,0,229,-123" /><INIT seed="3,0,0,2,1,83" ten="363,171,360,106" oya="3" hai0="38,120,49,96,59,119,10,132,1,4,81,97,31" hai1="57,47,131,113,21,39,37,130,68,80,67,123,28" hai2="45,122,6,135,69,94,88,115,9,46,51,15,70" hai3="134,79,7,24,129,111,63,52,118,121,87,84,71"/><W116/><G121/><T92/><D119/><U86/><E113/><V99/><F115/><W16/><G7/><T19/><D132/><U105/><E68/><V40/><F135/><W8/><G134/><T26/><D120/><U60/><E105/><V48/><REACH who="2" step="1"/><F122/><REACH who="2" ten="363,171,350,106" step="2"/><W107/><G116/><T66/><D38/><U18/><E123/><V27/><F27/><W43/><G118/><T104/><D104/><U65/><E39/><V82/><F82/><W102/><G107/><T98/><D81/><U78/><E37/><V42/><AGARI ba="0,1" hai="6,9,15,40,42,45,46,48,51,69,70,88,94,99" machi="42" ten="20,8000,1" yaku="1,1,0,1,7,1,9,1,54,1,53,0" doraHai="83" doraHaiUra="58" who="2" fromWho="2" sc="363,-20,171,-20,350,90,106,-40" /><INIT seed="4,0,0,2,2,124" ten="343,151,440,66" oya="0" hai0="126,20,4,52,66,111,105,120,21,118,65,32,77" hai1="80,6,45,73,69,28,67,24,112,97,104,47,114" hai2="99,84,16,25,81,88,82,17,58,95,2,63,12" hai3="92,101,79,3,128,34,75,122,37,76,107,132,60"/><T50/><D120/><U35/><E6/><V57/><F2/><W94/><G3/><T56/><D118/><U127/><E127/><V130/><F130/><W5/><G34/><T89/><D126/><U123/><E123/><V22/><F82/><W59/><G5/><T113/><D32/><U44/><E80/><V55/><F58/><W46/><G122/><T98/><D113/><N who="1" m="43627" /><E73/><V0/><F0/><W131/><G107/><T109/><D4/><U135/><E135/><V41/><F41/><N who="3" m="22831" /><G132/><T9/><D9/><U108/><E108/><N who="0" m="41545" /><D77/><N who="3" m="29769" /><G101/><N who="0" m="62647" /><D89/><U64/><E69/><V14/><F17/><W115/><G75/><T27/><D20/><U13/><E13/><V83/><F83/><W85/><G115/><T117/><D117/><U129/><E104/><V18/><F18/><AGARI ba="0,0" hai="18,21,27,50,52,56,65,66" m="62647,41545" machi="18" ten="30,2900,0" yaku="10,1,54,1" doraHai="124" who="0" fromWho="2" sc="343,29,151,0,440,-29,66,0" /><INIT seed="4,1,0,3,4,9" ten="372,151,411,66" oya="0" hai0="77,130,74,85,67,44,78,111,69,123,45,71,90" hai1="112,134,58,17,42,33,47,81,57,96,88,27,79" hai2="2,24,25,62,48,22,117,20,116,55,94,39,43" hai3="75,122,63,0,28,103,108,120,118,102,41,51,64"/><T107/><D123/><N who="3" m="47145" /><G0/><T89/><D107/><U16/><E134/><V135/><F2/><W119/><G75/><T70/><D130/><U131/><E131/><V84/><F135/><W30/><G108/><T4/><D111/><U109/><E109/><V132/><F132/><W15/><G51/><T26/><D4/><U14/><E112/><V66/><F43/><W86/><G41/><T54/><D67/><U36/><E33/><V31/><F39/><W105/><G86/><T60/><D74/><U82/><E27/><V8/><F8/><W29/><G105/><T65/><D26/><U113/><E17/><V87/><F94/><W72/><G72/><T106/><D106/><U59/><E113/><V92/><F92/><W18/><G118/><N who="2" m="45673" /><F55/><W110/><G110/><T53/><D53/><U83/><E79/><V99/><F48/><W37/><G37/><T38/><D38/><U133/><E133/><V3/><F99/><W129/><G129/><T56/><D90/><U19/><E19/><N who="2" m="12319" /><F3/><W93/><G93/><T73/><D73/><U95/><REACH who="1" step="1"/><E81/><REACH who="1" ten="372,141,411,66" step="2"/><V115/><F115/><W101/><G119/><T23/><D78/><U104/><E104/><V32/><F32/><W1/><G29/><T46/><D77/><U61/><E61/><V13/><F31/><W76/><G76/><T35/><D35/><U98/><E98/><V68/><F25/><W6/><G6/><T91/><D60/><U121/><E121/><V127/><F62/><W34/><G34/><T125/><D70/><U50/><E50/><V12/><F68/><N who="3" m="42015" /><G1/><T49/><D69/><U114/><E114/><RYUUKYOKU ba="1,1" sc="372,-15,141,15,411,-15,66,15" hai1="14,16,36,42,47,57,58,59,82,83,88,95,96" hai3="15,18,28,30,101,102,103" /><INIT seed="5,2,1,2,4,8" ten="357,156,396,81" oya="1" hai0="69,121,62,16,19,7,27,120,66,10,48,64,100" hai1="49,24,98,21,94,37,82,86,77,72,29,13,96" hai2="56,111,26,128,109,90,75,76,122,31,85,17,67" hai3="36,54,28,87,106,133,116,132,25,57,18,99,93"/><U110/><E37/><V130/><F122/><N who="0" m="47210" /><D100/><U125/><E125/><V39/><F39/><W127/><G36/><T47/><D64/><U44/><E110/><V33/><F76/><W113/><G127/><T115/><D27/><U46/><E72/><V50/><F75/><W114/><G87/><T53/><D115/><N who="3" m="44041" /><G106/><T58/><D69/><U101/><E49/><V126/><F126/><W70/><G70/><T40/><D40/><U61/><E61/><N who="2" m="38311" /><F17/><W119/><G18/><T52/><D66/><U91/><REACH who="1" step="1"/><E13/><AGARI ba="2,1" hai="7,10,13,16,19,47,48,52,53,58,62" m="47210" machi="13" ten="30,7700,0" yaku="13,1,52,1,54,2" doraHai="8" who="0" fromWho="1" sc="357,93,156,-83,396,0,81,0" /><INIT seed="6,0,0,5,2,37" ten="450,73,396,81" oya="2" hai0="134,113,4,75,84,62,103,28,127,52,29,91,69" hai1="40,19,66,129,118,1,9,22,116,110,133,17,115" hai2="64,20,44,18,55,109,105,126,122,93,74,92,67" hai3="125,99,124,51,70,42,102,130,14,45,128,104,48"/><V83/><F122/><W59/><G70/><T50/><D75/><U135/><E66/><V3/><F105/><W95/><G14/><T65/><D113/><U13/><E40/><V73/><F3/><W16/><G16/><T0/><D127/><N who="3" m="48713" /><G104/><T111/><D134/><N who="1" m="51211" /><E110/><V77/><F109/><W72/><G72/><T80/><D103/><U79/><E79/><V120/><F74/><W63/><G51/><T100/><D100/><U82/><E82/><V7/><F7/><W11/><G11/><T101/><D101/><U119/><E115/><V89/><F120/><W131/><G59/><T10/><D111/><U54/><E54/><V78/><F78/><W24/><G24/><T86/><D86/><U34/><E34/><V68/><F126/><W97/><G97/><T76/><D76/><U60/><E60/><AGARI ba="0,0" hai="42,45,48,60,63,95,99,102,128,130,131" m="48713" machi="60" ten="40,5200,0" yaku="19,1,18,1,52,1" doraHai="37" who="3" fromWho="1" sc="450,0,73,-52,396,0,81,52" /><INIT seed="7,0,0,3,1,9" ten="450,21,396,133" oya="3" hai0="4,1,8,41,57,3,80,129,76,85,95,103,78" hai1="93,81,16,100,123,115,24,87,108,104,47,7,107" hai2="49,111,15,98,45,112,50,60,126,105,65,101,64" hai3="116,0,20,54,127,97,114,43,83,35,14,55,22"/><W68/><G116/><T27/><D129/><U91/><E108/><V69/><F111/><W133/><G0/><T39/><D76/><U36/><E123/><V90/><F112/><W33/><G68/><T53/><D27/><U128/><E115/><V71/><F126/><W12/><G83/><T130/><D130/><U99/><E128/><V58/><F90/><W26/><G26/><T38/><D1/><U40/><E7/><V31/><F31/><W63/><G63/><T62/><D41/><U88/><REACH who="1" step="1"/><E91/><REACH who="1" ten="450,11,396,133" step="2"/><V125/><F125/><W94/><G114/><T86/><D103/><U10/><E10/><V106/><F106/><W46/><G127/><T29/><D8/><U92/><E92/><V52/><F65/><W132/><G94/><T102/><D102/><U48/><E48/><V61/><F61/><W11/><G11/><T113/><D95/><U67/><E67/><V118/><F118/><W18/><G132/><T110/><D110/><U96/><E96/><V37/><F37/><W21/><G133/><T75/><D38/><U32/><E32/><V34/><F34/><W82/><G97/><T124/><D39/><U30/><E30/><V109/><F109/><W70/><G33/><T23/><D124/><U122/><E122/><V25/><F25/><W28/><G35/><T66/><D66/><U6/><E6/><V56/><REACH who="2" step="1"/><F15/><REACH who="2" ten="450,11,386,133" step="2"/><W5/><G14/><T135/><D113/><U42/><E42/><AGARI ba="0,2" hai="42,45,49,50,52,56,58,60,64,69,71,98,101,105" machi="42" ten="30,7700,0" yaku="1,1,2,1,7,1,54,1,53,0" doraHai="9" doraHaiUra="13" who="2" fromWho="1" sc="450,0,11,-77,386,97,133,0" owari="450,25.0,-66,-56.6,483,58.3,133,-26.7" /></mjloggm>