<mjloggm ver="2.3"><GO type="225" lobby="0"/><UN n0="%E3%82%A4%E3%83%BC%E3%82%B1%E3%83%97%E3%83%A9" n1="%72%61%6B%33" n2="%E5%BA%84%E5%8F%B8%E5%81%A5%E5%A4%AA%E6%9C%97" n3="%E3%81%AF%E3%82%88%E3%81%8A%E3%81%98%E3%81%95%E3%82%93" dan="17,16,16,16" rate="2156.14,2090.44,2061.97,2164.15" sx="M,M,M,M"/><TAIKYOKU oya="0"/><INIT seed="0,0,0,4,2,29" ten="250,250,250,250" oya="0" hai0="122,63,89,73,99,71,32,20,124,57,55,33,76" hai1="4,16,93,82,125,68,21,109,40,51,95,48,123" hai2="72,12,59,104,80,130,91,98,101,64,85,88,115" hai3="105,46,23,9,30,111,78,128,113,112,126,3,92"/><T119/><D119/><U19/><E123/><V114/><F12/><W39/><G105/><T69/><D122/><U132/><E125/><V11/><F11/><W118/><G118/><T106/><D124/><U6/><E109/><V62/><F130/><W133/><G126/><T17/><D76/><U83/><E68/><V8/><F8/><W41/><G128/><T135/><D73/><U42/><REACH who="1" step="1"/><E21/><REACH who="1" ten="250,240,250,250" step="2"/><V15/><F15/><W10/><G111/><T24/><D135/><AGARI ba="0,1" hai="4,6,16,19,40,42,48,51,82,83,93,95,132,135" machi="135" ten="25,8000,1" yaku="1,1,2,1,22,2,54,1,53,0" doraHai="29" doraHaiUra="31" who="1" fromWho="0" sc="250,-80,240,90,250,0,250,0" /><INIT seed="1,0,0,5,4,115" ten="170,330,250,250" oya="1" hai0="80,102,47,124,20,106,36,23,113,41,58,7,44" hai1="105,73,75,17,6,133,16,22,101,122,14,114,8" hai2="26,132,39,130,74,52,33,116,40,18,129,117,37" hai3="11,55,121,86,60,87,9,0,43,95,88,65,135"/><U19/><E114/><V63/><F74/><W62/><G121/><T100/><D113/><U61/><E122/><V28/><F132/><W109/><G135/><T56/><D124/><U1/><E133/><V4/><F4/><W29/><G109/><T48/><D7/><U128/><E128/><N who="2" m="49259" /><F18/><W46/><G29/><T5/><D5/><U91/><E91/><V89/><F89/><N who="3" m="53687" /><G0/><T24/><D80/><U35/><E17/><V49/><F63/><N who="3" m="24107" /><G43/><T42/><D20/><U94/><E105/><V67/><F67/><W51/><G65/><T70/><D70/><U57/><E35/><V30/><F28/><W68/><G68/><T93/><D106/><U92/><E19/><V98/><F98/><W127/><G127/><T77/><D77/><U84/><E94/><AGARI ba="0,0" hai="9,11,46,51,55,87,88,94" m="24107,53687" machi="94" ten="30,2000,0" yaku="8,1,54,1" doraHai="115" who="3" fromWho="1" sc="170,0,330,-20,250,0,250,20" /><INIT seed="2,0,0,4,3,17" ten="170,310,250,270" oya="2" hai0="5,83,1,74,119,26,21,16,103,116,60,101,106" hai1="125,131,94,117,123,93,99,49,84,77,46,87,91" hai2="135,2,37,13,122,20,45,33,55,23,89,18,76" hai3="41,63,71,95,3,7,11,104,118,114,38,129,128"/><V75/><F122/><W86/><G104/><T127/><D127/><U0/><E117/><N who="0" m="45129" /><D106/><U57/><E125/><V48/><F33/><W10/><G118/><T52/><D5/><U58/><E131/><N who="3" m="50250" /><G114/><T70/><D1/><U82/><E0/><V110/><F2/><W102/><G11/><T62/><D70/><U28/><E28/><V133/><F110/><W31/><G31/><T66/><D66/><U35/><E35/><V43/><F89/><N who="3" m="53687" /><G102/><N who="0" m="38923" /><D52/><N who="1" m="29751" /><E123/><V36/><F76/><AGARI ba="0,0" hai="16,21,26,60,62,74,76,83" m="38923,45129" machi="76" ten="30,3900,0" yaku="12,1,52,1,54,1" doraHai="17" who="0" fromWho="2" sc="170,39,310,0,250,-39,270,0" /><INIT seed="3,0,0,5,5,97" ten="209,310,211,270" oya="3" hai0="90,16,65,69,7,89,18,123,39,41,64,33,106" hai1="105,129,32,98,0,130,93,35,25,23,4,34,1" hai2="82,47,83,122,13,20,48,120,116,61,42,40,50" hai3="126,68,125,100,115,30,73,60,133,70,52,28,74"/><W17/><G115/><T8/><D123/><N who="2" m="47146" /><F116/><W11/><G133/><T3/><D106/><U104/><E104/><V72/><F61/><W57/><G100/><T91/><D33/><U53/><E53/><N who="2" m="29855" /><F50/><W46/><G46/><T132/><D132/><U121/><E105/><V29/><F72/><N who="3" m="27755" /><G17/><T94/><D94/><U111/><E4/><V15/><F29/><N who="3" m="11371" /><G11/><T44/><REACH who="0" step="1"/><D69/><REACH who="0" ten="199,310,211,270" step="2"/><U10/><E121/><V24/><F24/><W102/><G68/><T45/><D45/><U12/><E25/><V49/><F49/><W110/><G70/><T58/><D58/><U108/><E32/><V43/><F20/><W62/><G60/><T27/><D27/><U54/><E23/><V51/><F51/><W131/><G62/><T119/><D119/><U118/><E118/><V99/><F99/><W124/><G57/><T71/><D71/><U96/><E96/><V77/><F83/><W14/><G125/><T134/><D134/><U127/><E127/><V37/><F37/><W128/><G124/><T19/><AGARI ba="0,1" hai="3,7,8,16,18,19,39,41,44,64,65,89,90,91" machi="19" ten="30,4000,0" yaku="1,1,0,1,54,1,53,0" doraHai="97" doraHaiUra="67" who="0" fromWho="0" sc="199,50,310,-10,211,-10,270,-20" owari="249,-15.1,300,40.0,201,-29.9,250,5.0" /></mjloggm>