<mjloggm ver="2.3"><GO type="225" lobby="0"/><UN n0="%E7%B4%94%E6%BD%94%E3%83%94%E3%83%A9%E3%83%8B%E3%82%A2" n1="%72%61%6B%33" n2="%E6%98%93%E5%88%A9%E8%96%A9%E4%BC%AF" n3="%E9%A6%AC%E5%BC%95%E7%81%AB%33" dan="16,16,17,16" rate="2184.91,2100.77,2232.86,2133.73" sx="M,M,F,M"/><TAIKYOKU oya="0"/><INIT seed="0,0,0,5,2,31" ten="250,250,250,250" oya="0" hai0="47,29,65,71,106,56,60,75,25,132,121,102,37" hai1="12,118,89,19,110,90,34,104,98,18,100,116,3" hai2="24,68,28,15,40,109,87,53,54,74,33,128,76" hai3="30,35,63,8,80,77,107,7,83,81,66,95,117"/><T17/><D17/><U32/><E3/><V111/><F68/><W36/><G117/><T1/><D56/><U2/><E2/><V16/><F74/><W51/><G36/><T123/><D1/><U69/><E69/><V135/><F40/><W85/><G107/><T52/><D75/><U115/><E110/><N who="2" m="41995" /><F135/><W86/><G51/><N who="0" m="28799" /><D37/><U78/><E78/><V10/><F128/><W93/><G83/><AGARI ba="0,0" hai="10,15,16,24,28,33,53,54,76,83,87" m="41995" machi="83" ten="30,3900,0" yaku="14,1,52,1,54,1" doraHai="31" who="2" fromWho="3" sc="250,0,250,0,250,39,250,-39" /><INIT seed="1,0,0,5,1,20" ten="250,250,289,211" oya="1" hai0="119,67,94,113,69,3,64,78,48,30,59,77,19" hai1="104,99,97,24,128,75,68,52,65,125,29,129,18" hai2="127,133,90,11,92,86,61,5,109,14,2,108,7" hai3="88,0,96,1,37,124,107,13,6,50,22,70,103"/><U51/><E51/><V16/><BYE who="1" /><F133/><UN n1="%72%61%6B%33" /><W46/><G37/><T25/><D113/><U39/><E39/><V111/><F127/><W93/><G70/><T123/><D119/><U44/><E75/><V76/><F76/><W84/><G124/><T79/><D3/><U105/><E125/><V91/><F2/><W112/><G112/><T82/><D123/><U28/><E18/><V4/><F91/><W130/><G130/><T47/><D69/><U89/><E68/><V26/><REACH who="2" step="1"/><F61/><REACH who="2" ten="250,250,279,211" step="2"/><W83/><G83/><T73/><D78/><U32/><E89/><V114/><F114/><W17/><REACH who="3" step="1"/><G6/><REACH who="3" ten="250,250,279,201" step="2"/><T43/><D82/><U134/><E129/><V27/><AGARI ba="0,2" hai="4,5,7,11,14,16,26,27,86,90,92,108,109,111" machi="27" ten="40,12000,2" yaku="1,1,0,1,14,1,52,2,54,1,53,0" doraHai="20" doraHaiUra="58" who="2" fromWho="2" sc="250,-30,250,-60,279,140,201,-30" /><INIT seed="2,0,0,2,0,65" ten="220,190,419,171" oya="2" hai0="89,117,87,12,134,67,1,130,114,85,69,88,123" hai1="75,108,52,100,20,109,78,99,23,124,72,94,103" hai2="44,62,133,104,28,129,9,46,11,17,135,40,74" hai3="57,13,10,41,49,98,16,25,33,51,7,71,4"/><V115/><F74/><W34/><G71/><T102/><D1/><U120/><E124/><V84/><F104/><W55/><G98/><T35/><D35/><U22/><E120/><V70/><F28/><W63/><G34/><T3/><D3/><U82/><E75/><V132/><F115/><W60/><G33/><T121/><D114/><U92/><E52/><V131/><F84/><W79/><G79/><T18/><D102/><U107/><REACH who="1" step="1"/><E103/><REACH who="1" ten="220,180,419,171" step="2"/><V119/><F119/><W95/><G95/><AGARI ba="0,1" hai="20,22,23,72,78,82,92,94,95,99,100,107,108,109" machi="95" ten="40,2600,0" yaku="1,1,2,1,53,0" doraHai="65" doraHaiUra="86" who="1" fromWho="3" sc="220,0,180,36,419,0,171,-26" /><INIT seed="3,0,0,4,0,52" ten="220,216,419,145" oya="3" hai0="63,97,41,17,111,121,47,27,79,81,13,77,23" hai1="126,25,107,30,9,123,55,24,8,109,84,14,130" hai2="3,134,68,98,114,48,54,103,135,66,117,0,120" hai3="105,69,100,96,5,42,113,94,104,85,82,60,129"/><W44/><G113/><T19/><D121/><U7/><E123/><V73/><F117/><W12/><G129/><T80/><D111/><U15/><E109/><V67/><F73/><W11/><G60/><T115/><D115/><U76/><E107/><V43/><F43/><W86/><G86/><T46/><D63/><U29/><E126/><V34/><F34/><W116/><G69/><T89/><D97/><U37/><E37/><V91/><F91/><W119/><G119/><T16/><D89/><U90/><E55/><V88/><F88/><W49/><REACH who="3" step="1"/><G116/><REACH who="3" ten="220,216,419,135" step="2"/><T99/><D99/><U71/><E71/><V87/><F87/><W106/><G106/><T118/><D118/><U57/><E130/><V125/><F68/><W95/><G95/><T2/><D80/><U62/><E76/><AGARI ba="0,1" hai="5,11,12,42,44,49,76,82,85,94,96,100,104,105" machi="76" ten="30,11600,0" yaku="1,1,7,1,25,2,53,0" doraHai="52" doraHaiUra="131" who="3" fromWho="1" sc="220,0,216,-116,419,0,135,126" /><INIT seed="3,1,0,0,3,79" ten="220,100,419,261" oya="3" hai0="31,5,42,97,124,112,103,99,46,129,54,100,2" hai1="37,60,89,18,118,4,127,116,13,117,0,84,24" hai2="20,81,44,72,85,132,51,63,70,133,128,120,80" hai3="110,69,3,101,107,43,49,57,126,86,14,15,25"/><W104/><G69/><T23/><D124/><U45/><E127/><V11/><F128/><W121/><G3/><T66/><D129/><U21/><E60/><V122/><F11/><W115/><G115/><T96/><D112/><U131/><E131/><V119/><F119/><W7/><G121/><N who="2" m="46697" /><F72/><W77/><G25/><T52/><D66/><U91/><E0/><V113/><F20/><W56/><G14/><T76/><D76/><U102/><E102/><V59/><F70/><W125/><G110/><T111/><D111/><U67/><E67/><N who="2" m="39423" /><F113/><W114/><G114/><T95/><D5/><U10/><E37/><V26/><F26/><W71/><G71/><T40/><D2/><U19/><E45/><V32/><F32/><W134/><G101/><N who="0" m="38987" /><D95/><U36/><E36/><V123/><F81/><W17/><G107/><T35/><D35/><U88/><REACH who="1" step="1"/><E4/><REACH who="1" ten="220,90,419,261" step="2"/><V82/><F123/><W83/><G126/><T87/><D46/><U41/><E41/><V105/><F44/><W55/><G43/><T16/><D42/><U93/><AGARI ba="1,1" hai="10,13,18,19,21,24,84,88,89,91,93,116,117,118" machi="93" ten="30,7900,0" yaku="1,1,0,1,12,1,54,1,53,0" doraHai="79" doraHaiUra="64" who="1" fromWho="1" sc="220,-21,90,92,419,-21,261,-40" owari="199,-20.1,182,-31.8,398,49.8,221,2.1" /></mjloggm>