<mjloggm ver="2.3"><GO type="169" lobby="0"/><UN n0="%E7%99%BE%E9%87%8E%E3%81%95%E3%82%93" n1="%72%65%62%65%65%72" n2="%E3%82%8A%E3%82%93%E3%81%94%32%32%36" n3="%E3%81%A8%E3%82%8D%E3%82%8D%E3%81%9D%E3%81%B0" dan="17,16,17,17" rate="2189.64,2155.62,2227.67,2249.47" sx="M,M,M,M"/><TAIKYOKU oya="0"/><INIT seed="0,0,0,0,4,55" ten="250,250,250,250" oya="0" hai0="60,94,112,73,49,1,6,3,91,0,126,80,74" hai1="128,5,79,13,110,87,12,90,75,26,39,40,8" hai2="118,107,19,117,4,72,130,119,20,133,10,97,9" hai3="132,48,25,125,30,96,114,35,28,32,68,103,53"/><T59/><D112/><U46/><E110/><V113/><F113/><W51/><G114/><T65/><D126/><U54/><E128/><V44/><F72/><W16/><G125/><T78/><D49/><U50/><E26/><V122/><F122/><W23/><G68/><T121/><D121/><U84/><E75/><V67/><F133/><W36/><G36/><T92/><D74/><U71/><E71/><V127/><F127/><W41/><G132/><T135/><D135/><U57/><E79/><V63/><F44/><W45/><G35/><T93/><REACH who="0" step="1"/><D6/><REACH who="0" ten="240,250,250,250" step="2"/><U24/><E24/><N who="2" m="14367" /><F4/><W86/><G32/><T47/><D47/><U29/><E29/><V69/><F130/><W81/><G51/><T7/><D7/><U37/><E13/><V2/><F2/><W124/><G124/><T11/><D11/><U123/><E123/><V61/><F61/><W129/><G129/><T105/><D105/><U15/><E15/><V70/><F70/><W83/><G41/><T120/><D120/><U104/><E104/><V102/><AGARI ba="0,1" hai="9,10,63,67,69,97,102,107,117,118,119" m="14367" machi="102" ten="40,1500,0" yaku="12,1" doraHai="55" who="2" fromWho="2" sc="240,-7,250,-4,250,25,250,-4" /><INIT seed="1,0,0,0,1,17" ten="233,246,275,246" oya="1" hai0="56,117,135,4,51,50,61,49,13,55,105,59,32" hai1="132,0,88,41,76,40,81,129,83,3,108,8,37" hai2="87,130,98,36,112,127,34,128,47,25,20,100,109" hai3="31,114,78,111,69,54,120,131,106,22,75,30,26"/><U118/><E118/><V133/><F109/><W9/><G120/><T39/><D117/><U82/><E129/><V85/><F34/><W62/><G114/><T95/><D32/><U35/><E35/><V79/><F127/><W16/><G106/><T21/><D105/><U67/><E67/><V38/><F133/><W123/><G123/><T97/><D39/><U48/><E37/><V74/><F74/><W18/><G111/><T122/><D135/><U115/><E115/><V1/><F1/><W15/><G131/><N who="2" m="50217" /><F79/><W2/><G2/><T65/><D122/><U99/><E132/><V92/><F112/><W14/><G75/><T119/><D119/><U134/><E134/><V103/><F103/><W58/><G69/><T89/><D4/><U126/><E126/><V80/><F47/><W113/><G113/><T93/><D93/><N who="1" m="56743" /><E0/><V6/><F6/><N who="3" m="3383" /><G78/><T66/><D66/><U91/><E3/><V24/><F24/><W94/><G94/><T44/><D44/><N who="1" m="25607" /><E76/><N who="2" m="46215" /><F87/><W27/><G27/><T107/><D107/><U11/><E108/><V46/><F46/><W77/><G77/><T60/><D65/><U125/><E125/><V23/><F25/><W63/><G63/><N who="0" m="24139" /><D55/><U116/><E116/><V42/><F42/><W102/><G102/><T19/><AGARI ba="0,0" hai="13,19,21,49,50,51,56,59,89,95,97" m="24139" machi="19" ten="30,2000,0" yaku="8,1,52,1" doraHai="17" who="0" fromWho="0" sc="233,20,246,-10,275,-5,246,-5" /><INIT seed="2,0,0,3,4,105" ten="253,236,270,241" oya="2" hai0="60,54,66,56,114,23,109,6,39,15,53,41,67" hai1="82,35,12,5,62,132,69,122,83,32,134,123,45" hai2="48,19,29,125,91,90,117,13,17,55,36,84,80" hai3="135,87,7,26,115,111,43,37,16,102,22,10,70"/><V14/><F125/><W119/><G119/><T61/><D114/><U118/><E45/><V113/><F36/><W1/><G115/><T101/><D101/><U31/><E62/><V20/><F117/><W24/><G70/><T65/><D109/><U116/><E69/><V89/><F29/><W100/><G111/><T46/><D6/><U107/><E107/><V63/><F63/><N who="0" m="24138" /><D15/><U103/><E103/><V124/><F124/><W72/><G135/><N who="1" m="51754" /><E83/><V74/><F74/><W126/><G126/><T25/><D25/><N who="1" m="18543" /><E82/><V59/><REACH who="2" step="1"/><F113/><REACH who="2" ten="253,236,260,241" step="2"/><W92/><G72/><T18/><D39/><U42/><E35/><V81/><F81/><W98/><G37/><T47/><D67/><U9/><E42/><V64/><F64/><W121/><G43/><T88/><D41/><U95/><E95/><V44/><F44/><W128/><G92/><T127/><D65/><U2/><E118/><V4/><F4/><W94/><G94/><T52/><D66/><U86/><E116/><V8/><AGARI ba="0,1" hai="8,13,14,17,19,20,48,55,59,80,84,89,90,91" machi="8" ten="20,7800,0" yaku="1,1,0,1,7,1,8,1,53,0" doraHai="105" doraHaiUra="30" who="2" fromWho="2" sc="253,-26,236,-26,260,88,241,-26" /><INIT seed="2,1,0,0,2,49" ten="227,210,348,215" oya="2" hai0="97,77,42,88,33,38,123,67,75,28,115,108,93" hai1="35,79,121,127,25,30,100,78,48,107,135,125,126" hai2="71,101,102,92,86,27,54,120,68,117,10,99,53" hai3="84,69,11,104,72,0,29,73,36,95,2,91,7"/><V70/><F117/><W47/><G0/><T133/><D123/><U80/><E121/><V1/><F120/><W103/><G69/><T85/><D115/><U89/><E135/><V50/><F102/><W63/><G29/><T119/><D108/><U83/><E89/><V59/><F27/><W105/><G63/><T110/><D110/><U109/><E109/><V16/><F86/><W41/><REACH who="3" step="1"/><G103/><REACH who="3" ten="227,210,348,205" step="2"/><T17/><D28/><U112/><E100/><V8/><F1/><W87/><G87/><T14/><D119/><U55/><E112/><V23/><REACH who="2" step="1"/><F54/><REACH who="2" ten="227,210,338,205" step="2"/><W6/><G6/><T24/><D85/><U94/><E126/><V74/><F74/><AGARI ba="1,2" hai="2,7,11,36,41,47,72,73,74,84,91,95,104,105" machi="74" ten="40,1300,0" yaku="1,1,53,0" doraHai="49" doraHaiUra="60" who="3" fromWho="2" sc="227,0,210,0,338,-16,205,36" /><INIT seed="3,0,0,4,4,3" ten="227,210,322,241" oya="3" hai0="43,26,24,134,88,17,123,48,0,68,4,72,86" hai1="135,71,56,47,107,104,49,64,38,85,52,121,27" hai2="101,102,46,128,108,69,116,22,96,1,9,120,11" hai3="19,51,16,31,50,77,99,67,80,25,35,111,114"/><W92/><G114/><T129/><D123/><U127/><E121/><V82/><F108/><W2/><G111/><T93/><D72/><U45/><E135/><V98/><F69/><W58/><G2/><T133/><D68/><U83/><E127/><V39/><F116/><W63/><G50/><T5/><D129/><U20/><E47/><V124/><F128/><W28/><G28/><T13/><D0/><U122/><E122/><V7/><F124/><W57/><G51/><T94/><D94/><U95/><E95/><V65/><F65/><W76/><G58/><T81/><D81/><U36/><E36/><V14/><F22/><W112/><G77/><T18/><D18/><U54/><E54/><V12/><F1/><W40/><G40/><T119/><D119/><U75/><E75/><V37/><F82/><W117/><G112/><T42/><D133/><U131/><E131/><V118/><F118/><W23/><G35/><T8/><D134/><U62/><E20/><V55/><F55/><W32/><G32/><T30/><D30/><U132/><E27/><N who="0" m="10281" /><D42/><N who="1" m="22743" /><E132/><V61/><F46/><AGARI ba="0,0" hai="4,5,8,13,17,43,46,48,86,88,93" m="10281" machi="46" ten="30,7700,0" yaku="8,1,52,2,54,1" doraHai="3" who="0" fromWho="2" sc="227,77,210,0,322,-77,241,0" /><INIT seed="4,0,0,4,5,122" ten="304,210,245,241" oya="0" hai0="50,51,128,63,99,28,102,14,26,46,11,117,70" hai1="133,62,38,4,58,5,101,19,45,116,131,80,68" hai2="65,127,81,114,119,135,61,77,95,30,90,82,55" hai3="29,56,78,18,17,27,89,86,87,49,35,69,43"/><T60/><D117/><U36/><E116/><V23/><F114/><W53/><G69/><T32/><D128/><U97/><E131/><V96/><F127/><W15/><G43/><T94/><D70/><U12/><E133/><V105/><F135/><W108/><G108/><T123/><D51/><U106/><E68/><V47/><F105/><W84/><G78/><T42/><REACH who="0" step="1"/><D123/><REACH who="0" ten="294,210,245,241" step="2"/><U132/><E36/><V134/><F119/><W76/><G76/><T59/><D59/><U110/><E132/><V130/><F77/><W1/><G1/><T79/><D79/><U31/><E45/><V109/><F47/><W64/><G64/><T112/><D112/><U98/><E58/><V75/><F65/><W83/><G18/><AGARI ba="0,1" hai="11,14,18,26,28,32,42,46,50,60,63,94,99,102" machi="18" ten="30,2900,0" yaku="1,1,7,1,53,0" doraHai="122" doraHaiUra="72" who="0" fromWho="3" sc="294,39,210,0,245,0,241,-29" /><INIT seed="4,1,0,3,2,129" ten="333,210,245,212" oya="0" hai0="114,20,134,92,128,62,115,116,107,39,54,117,82" hai1="73,7,66,84,29,72,104,53,111,132,94,87,90" hai2="101,34,30,75,131,10,61,52,71,48,25,98,86" hai3="68,9,4,80,16,42,31,43,18,17,37,123,77"/><T103/><D39/><U3/><E111/><V133/><F75/><W38/><G68/><T102/><D128/><U65/><E104/><V15/><F86/><W106/><G106/><T22/><D107/><U35/><E53/><V24/><F24/><W91/><G123/><T69/><D82/><U113/><E29/><V67/><F131/><W105/><G105/><T120/><D120/><U45/><E35/><V23/><F98/><W0/><G31/><T122/><D122/><U57/><E45/><V121/><F101/><W110/><G91/><T70/><D54/><U32/><E32/><V89/><F89/><W50/><G110/><T49/><D49/><U95/><E113/><V74/><F74/><W55/><G38/><T79/><D92/><U130/><E130/><V88/><F88/><W85/><REACH who="3" step="1"/><G37/><REACH who="3" ten="333,210,245,202" step="2"/><T47/><D115/><U13/><E90/><V83/><F121/><W124/><G124/><T28/><D114/><U27/><E94/><V93/><F93/><W100/><G100/><T46/><D28/><U118/><E95/><V36/><F36/><W40/><G40/><T64/><D79/><U33/><E118/><V112/><F112/><W109/><G109/><T21/><D70/><U41/><E41/><V12/><F34/><W76/><G76/><T127/><D127/><U135/><E33/><V2/><F83/><W63/><G63/><T5/><D103/><U58/><E3/><V96/><F96/><W99/><G99/><T1/><D102/><U51/><E51/><V26/><F2/><W11/><G11/><T14/><D1/><U125/><E125/><RYUUKYOKU ba="1,1" sc="333,-10,210,-10,245,-10,202,30" hai3="0,4,9,16,17,18,42,43,50,55,77,80,85" /><INIT seed="5,2,1,3,1,69" ten="323,200,235,232" oya="1" hai0="103,59,47,90,36,50,0,110,134,23,55,60,85" hai1="97,113,94,24,86,127,82,41,42,93,123,64,118" hai2="98,122,35,44,112,104,45,102,28,52,7,108,58" hai3="78,39,29,132,111,18,5,15,21,66,25,67,75"/><U20/><E118/><V27/><F108/><W84/><G111/><T3/><D110/><U129/><E123/><V4/><F122/><W130/><G75/><T13/><D103/><U79/><E113/><V80/><F112/><W72/><G72/><T56/><D134/><U131/><E127/><V96/><F80/><W62/><G132/><T61/><D36/><U1/><E1/><V37/><F96/><W126/><G126/><T43/><D23/><U70/><E70/><V89/><F89/><W51/><G39/><T17/><D17/><U30/><E64/><V11/><F37/><W109/><G130/><N who="1" m="49674" /><E94/><V120/><F120/><W8/><G109/><T22/><D22/><U114/><E114/><V95/><F104/><W12/><G62/><T46/><D13/><U14/><E14/><V115/><F115/><W92/><G51/><T76/><D3/><U9/><E9/><V71/><F71/><W133/><G133/><T107/><D0/><U40/><E42/><V6/><REACH who="2" step="1"/><F11/><REACH who="2" ten="323,200,225,232" step="2"/><N who="3" m="4207" /><G78/><T106/><D76/><U91/><AGARI ba="2,2" hai="20,24,30,40,41,79,82,86,91,93,97" m="49674" machi="91" ten="30,1500,0" yaku="19,1" doraHai="69" who="1" fromWho="1" sc="323,-7,200,41,225,-7,232,-7" /><INIT seed="5,3,0,0,1,121" ten="316,241,218,225" oya="1" hai0="120,76,96,34,128,86,135,122,48,20,6,117,59" hai1="125,64,52,104,82,92,21,56,67,80,106,11,41" hai2="5,12,102,114,95,84,55,99,38,23,40,24,81" hai3="130,133,43,46,44,113,10,47,2,8,77,58,123"/><U26/><E125/><V29/><F38/><W53/><G123/><N who="0" m="47147" /><D117/><U69/><E41/><V9/><F114/><W90/><G113/><T105/><D34/><U124/><E124/><V97/><F40/><W93/><G130/><T127/><D128/><U35/><E35/><V94/><F55/><W51/><G133/><T4/><D135/><U108/><E106/><V71/><F71/><W83/><G2/><T72/><D72/><U37/><E104/><V0/><F0/><W118/><G118/><T78/><D127/><U19/><E37/><V33/><F33/><W107/><G107/><T89/><D20/><U14/><E108/><V60/><F60/><W68/><G68/><T57/><D96/><U3/><E3/><V70/><F70/><W112/><G112/><T31/><D31/><U7/><E92/><V85/><REACH who="2" step="1"/><F81/><REACH who="2" ten="316,241,208,225" step="2"/><N who="1" m="31337" /><E69/><V98/><F98/><N who="3" m="57655" /><G43/><T132/><D132/><U134/><E134/><V49/><F49/><AGARI ba="3,1" hai="7,11,14,19,21,26,49,52,56,64,67" m="31337" machi="49" ten="30,2900,0" yaku="8,1,54,1" doraHai="121" who="1" fromWho="2" sc="316,0,241,48,208,-38,225,0" /><INIT seed="5,4,0,3,0,100" ten="316,289,170,225" oya="1" hai0="75,40,101,9,67,71,35,58,47,129,107,122,19" hai1="15,37,77,105,48,110,45,68,118,30,103,2,109" hai2="85,17,76,87,131,124,127,113,116,98,21,62,49" hai3="123,82,16,130,55,4,41,43,61,86,132,3,18"/><U72/><E2/><V79/><F116/><W12/><G123/><T20/><D35/><U112/><E68/><V34/><F34/><W38/><G130/><T81/><D71/><U8/><E112/><V83/><F62/><W97/><G132/><T14/><D129/><U52/><E30/><V50/><F131/><W84/><G3/><T13/><D122/><U88/><E77/><V29/><F29/><W59/><G86/><T125/><D125/><U126/><E72/><V60/><F60/><W133/><G133/><T108/><D108/><N who="1" m="41579" /><E126/><N who="2" m="48171" /><F98/><W114/><G97/><T33/><D33/><U89/><E37/><V27/><F113/><W134/><G134/><T128/><D128/><U92/><E118/><V31/><F31/><W6/><G114/><T44/><D67/><U96/><E92/><V102/><F102/><W28/><G28/><T135/><D135/><U42/><E42/><V91/><F76/><W10/><G18/><AGARI ba="4,0" hai="8,15,18,45,48,52,88,89,96,103,105" m="41579" machi="18" ten="30,11600,0" yaku="10,1,52,1,54,2" doraHai="100" who="1" fromWho="3" sc="316,0,289,128,170,0,225,-128" /><INIT seed="5,5,0,3,4,54" ten="316,417,170,97" oya="1" hai0="135,102,117,39,125,16,59,34,51,19,23,43,66" hai1="92,124,45,108,42,131,103,50,121,27,8,6,26" hai2="96,1,61,118,112,33,64,12,37,73,38,29,87" hai3="97,57,85,3,48,71,63,56,15,55,52,74,120"/><U5/><E121/><V90/><F1/><W47/><G3/><T32/><D117/><U20/><E5/><V11/><F73/><W28/><G74/><T109/><D109/><U79/><E124/><V49/><F96/><W105/><G120/><T62/><D39/><U107/><E107/><V35/><F118/><W100/><G71/><T53/><D125/><U94/><E131/><V60/><F49/><W4/><G28/><T25/><D135/><U24/><E79/><V111/><F111/><W86/><REACH who="3" step="1"/><G47/><REACH who="3" ten="316,417,170,87" step="2"/><T91/><D32/><U46/><E46/><V75/><F75/><W89/><G89/><T115/><D34/><U95/><E108/><V129/><F29/><W13/><G13/><T101/><D91/><U40/><E103/><V68/><F35/><W58/><G58/><N who="0" m="37207" /><D115/><U114/><E114/><V116/><F33/><W17/><G17/><N who="0" m="6731" /><D43/><N who="1" m="24895" /><E20/><V31/><F112/><W81/><G81/><T14/><D14/><AGARI ba="5,1" hai="6,8,14,24,26,27,40,42,92,94,95" m="24895" machi="14" ten="30,1500,0" yaku="8,1" doraHai="54" who="1" fromWho="0" sc="316,-30,417,40,170,0,87,0" /><INIT seed="5,6,0,2,1,116" ten="286,457,170,87" oya="1" hai0="70,11,33,106,18,52,63,59,131,78,114,134,28" hai1="112,75,127,91,118,62,77,47,82,58,68,8,2" hai2="3,80,64,79,29,108,31,81,40,104,111,120,76" hai3="109,5,110,87,0,7,17,115,96,132,66,119,13"/><U26/><E118/><V6/><F104/><W56/><G119/><T15/><D106/><U43/><E112/><V117/><F117/><W83/><G115/><T45/><D114/><U86/><E127/><V113/><F113/><W102/><G132/><T99/><D134/><U51/><E68/><V1/><F40/><W126/><G126/><T71/><D131/><U67/><E26/><V130/><F6/><W46/><G0/><T101/><D78/><U34/><E34/><V49/><F49/><W12/><G46/><T123/><D123/><U93/><E8/><V94/><F94/><W16/><G110/><T9/><D9/><U105/><E2/><V32/><F64/><W25/><G25/><T89/><D89/><U23/><E23/><V39/><F39/><W128/><G128/><T37/><D28/><U20/><E20/><V22/><F22/><W42/><G42/><T95/><D33/><U61/><E61/><V97/><F97/><W69/><G69/><T21/><D37/><U41/><E41/><V19/><F19/><W100/><G109/><T4/><REACH who="0" step="1"/><D45/><REACH who="0" ten="276,457,170,87" step="2"/><U121/><E105/><V36/><F36/><W35/><G35/><T73/><D73/><U54/><E43/><V14/><F32/><W55/><G102/><T135/><D135/><U98/><E121/><V122/><F14/><AGARI ba="6,1" hai="4,11,14,15,18,21,52,59,63,70,71,95,99,101" machi="14" ten="30,3900,0" yaku="1,1,7,1,54,1,53,0" doraHai="116" doraHaiUra="38" who="0" fromWho="2" sc="276,67,457,0,170,-57,87,0" /><INIT seed="6,0,0,4,3,57" ten="343,457,113,87" oya="2" hai0="73,19,74,63,44,83,79,95,124,123,122,37,65" hai1="20,133,94,125,61,18,72,88,17,119,60,32,92" hai2="97,10,43,101,108,7,71,109,115,114,41,46,68" hai3="85,130,0,113,120,25,3,23,13,99,62,38,26"/><V75/><F75/><W33/><G38/><T80/><D124/><U30/><E72/><V91/><F91/><W128/><G120/><T78/><D95/><U14/><E119/><V77/><F77/><W81/><G33/><T121/><D19/><U107/><E107/><V64/><F10/><W34/><G34/><T69/><D123/><U50/><E133/><V42/><F7/><W49/><G49/><T103/><D103/><U84/><E125/><V126/><F126/><W1/><G99/><T45/><D45/><U5/><E32/><V112/><F46/><W2/><N who="3" m="0" /><DORA hai="54" /><W51/><G51/><T131/><D131/><U52/><E30/><V39/><F39/><W102/><G102/><T16/><D16/><U8/><E94/><V24/><F24/><W82/><G82/><T4/><D4/><U36/><E5/><V70/><F64/><W100/><G100/><T6/><D6/><U87/><E87/><V86/><F86/><W116/><G116/><T90/><D90/><U98/><E36/><V117/><F117/><W59/><G13/><T110/><D110/><U76/><E76/><V66/><F66/><N who="3" m="39263" /><G23/><T105/><D105/><AGARI ba="0,0" hai="41,42,43,68,70,71,97,101,105,108,109,112,114,115" machi="105" ten="60,11600,0" yaku="29,2,15,1" doraHai="57,54" who="2" fromWho="0" sc="343,-116,457,0,113,116,87,0" /><INIT seed="6,1,0,0,1,122" ten="227,457,229,87" oya="2" hai0="45,120,106,108,5,20,59,76,35,112,70,125,30" hai1="119,80,7,9,21,32,34,131,55,46,60,98,130" hai2="85,26,114,117,100,58,132,115,67,41,73,50,96" hai3="42,65,129,37,103,10,75,84,78,68,116,23,14"/><V110/><F73/><W62/><G116/><T82/><D120/><U33/><E119/><V25/><F117/><W3/><G129/><N who="1" m="49162" /><E21/><V93/><F132/><W77/><G75/><T53/><D70/><U97/><E80/><V91/><F41/><W28/><G3/><T1/><D35/><U39/><E60/><N who="2" m="38295" /><F50/><W24/><G103/><T12/><D106/><U13/><E55/><V48/><F48/><W49/><G37/><T87/><D112/><N who="2" m="43050" /><F25/><W79/><G84/><T105/><D105/><U38/><E38/><V104/><F26/><W56/><G68/><T47/><D125/><U15/><E15/><V51/><F51/><W19/><REACH who="3" step="1"/><G78/><REACH who="3" ten="227,457,229,77" step="2"/><T72/><D76/><U27/><E39/><V134/><F134/><W29/><G29/><T133/><D72/><U102/><E46/><AGARI ba="1,1" hai="10,14,19,23,24,28,42,46,49,56,62,65,77,79" machi="46" ten="40,2600,0" yaku="1,1,8,1,53,0" doraHai="122" doraHaiUra="94" who="3" fromWho="1" sc="227,0,457,-29,229,0,77,39" /><INIT seed="7,0,0,5,5,28" ten="227,428,229,116" oya="3" hai0="29,65,10,54,45,24,23,41,74,57,88,67,6" hai1="20,0,43,98,92,44,60,77,48,107,63,22,110" hai2="85,101,7,86,83,62,51,97,56,112,84,105,13" hai3="47,69,16,121,34,52,19,132,66,50,72,3,2"/><W131/><G121/><T82/><D74/><U119/><E0/><V38/><F38/><W94/><G72/><T31/><D31/><U70/><E110/><V71/><F71/><W53/><G131/><T64/><D41/><U96/><E77/><V109/><F109/><W18/><G132/><T27/><D27/><U80/><E80/><V14/><F51/><W55/><G34/><T113/><D45/><U90/><E63/><V32/><F32/><W39/><G39/><T100/><D100/><U42/><E42/><V25/><F25/><W33/><G33/><T49/><D113/><U108/><E119/><V106/><F106/><W1/><REACH who="3" step="1"/><G94/><REACH who="3" ten="227,428,229,106" step="2"/><T127/><D127/><U4/><E92/><V79/><F112/><W78/><G78/><T117/><D117/><U26/><E108/><V129/><F129/><W5/><G5/><T123/><D123/><U15/><E4/><V135/><F135/><W89/><G89/><T128/><D128/><U11/><E90/><V59/><F7/><W46/><G46/><T30/><D88/><U126/><E126/><V102/><F105/><W61/><AGARI ba="0,1" hai="1,2,3,16,18,19,47,50,52,53,55,61,66,69" machi="61" ten="40,12000,1" yaku="1,1,0,1,54,2,53,0" doraHai="28" doraHaiUra="87" who="3" fromWho="3" sc="227,-40,428,-40,229,-40,106,130" /><INIT seed="7,1,0,1,4,134" ten="187,388,189,236" oya="3" hai0="109,57,62,38,36,7,118,98,74,21,76,50,33" hai1="37,126,131,30,133,87,46,41,78,42,115,108,15" hai2="8,17,11,61,95,81,53,135,124,110,100,48,129" hai3="120,92,68,39,34,29,9,40,77,130,103,112,56"/><W44/><G120/><T59/><D118/><U122/><E42/><V45/><F110/><W99/><G68/><T117/><D117/><U6/><E108/><V88/><F124/><W125/><G112/><T93/><D33/><U27/><E126/><V72/><F129/><W101/><G125/><T70/><D109/><U55/><E133/><V119/><F119/><W96/><G77/><T47/><D70/><U69/><E69/><V86/><F135/><W4/><G130/><T49/><D38/><U18/><E6/><V24/><F61/><W52/><G29/><T105/><D105/><U51/><E115/><V123/><F123/><W82/><G82/><T26/><D36/><U79/><E87/><N who="2" m="52639" /><F100/><W0/><G34/><T16/><D7/><U104/><E27/><V10/><F72/><W80/><G80/><T14/><D74/><U66/><E46/><V23/><F8/><W19/><G19/><N who="0" m="12607" /><D76/><AGARI ba="1,0" hai="10,11,17,23,24,45,48,53,76,81,86" m="52639" machi="76" ten="30,2000,0" yaku="8,1,54,1" doraHai="134" who="2" fromWho="0" sc="187,-23,388,0,189,23,236,0" owari="164,-33.6,388,48.8,212,-18.8,236,3.6" /></mjloggm>