<mjloggm ver="2.3"><GO type="169" lobby="0"/><UN n0="%E3%83%AD%E3%82%B7%E3%83%83%E3%83%84%E3%82%A1" n1="%E6%9C%AC%E5%AE%B6%E3%81%8B%E3%81%BE%E3%81%A9%E3%82%84" n2="%4E%6F%73%75%6B%65" n3="%6F%6B%61%62%65%73%68%69" dan="16,16,16,17" rate="2010.16,2133.56,2156.82,2190.43" sx="F,M,M,M"/><TAIKYOKU oya="0"/><INIT seed="0,0,0,0,0,77" ten="250,250,250,250" oya="0" hai0="2,35,40,42,75,78,16,121,56,33,122,95,19" hai1="105,47,14,41,67,112,66,129,76,4,23,44,85" hai2="68,91,126,29,120,79,94,87,108,57,127,82,106" hai3="128,28,15,36,124,10,89,133,72,26,32,135,5"/><T9/><D95/><U103/><E129/><V115/><F68/><W109/><G36/><T13/><D2/><U99/><E112/><V132/><F29/><W27/><G72/><T119/><D119/><U110/><E110/><V34/><F34/><W69/><G69/><T118/><D118/><U53/><E53/><V1/><F1/><W73/><G73/><T30/><D56/><U50/><E47/><V60/><F115/><W100/><G100/><T39/><D19/><U45/><E44/><V113/><F113/><W111/><G89/><T134/><D134/><N who="3" m="51209" /><G128/><T104/><D104/><U20/><E20/><V123/><F132/><W58/><G58/><T81/><D35/><U84/><E84/><N who="2" m="48223" /><F108/><N who="3" m="41547" /><G26/><T117/><D117/><U55/><E41/><V93/><F106/><W8/><G8/><T86/><D75/><U131/><E131/><V70/><F70/><W31/><G31/><T107/><D107/><U24/><E85/><N who="2" m="52463" /><F57/><W7/><G124/><N who="2" m="47657" /><F60/><W92/><G92/><T74/><D74/><U54/><E105/><V96/><F87/><W59/><G59/><T65/><D65/><U22/><E67/><V6/><F6/><AGARI ba="0,0" hai="5,6,7,10,15,27,28,32" m="41547,51209" machi="6" ten="30,7700,0" yaku="20,1,14,1,34,2" doraHai="77" who="3" fromWho="2" sc="250,0,250,0,250,-77,250,77" /><INIT seed="1,0,0,1,5,6" ten="250,250,173,327" oya="1" hai0="86,61,135,30,57,108,113,4,79,41,65,23,45" hai1="39,48,89,95,123,21,115,91,56,101,100,94,37" hai2="10,75,24,38,80,62,50,46,122,126,72,70,128" hai3="73,99,20,49,59,64,111,120,114,51,129,132,104"/><U43/><E115/><V28/><F122/><W134/><G120/><T52/><D108/><U2/><E123/><V60/><F38/><W127/><G114/><T13/><D135/><N who="3" m="51753" /><G73/><T92/><D113/><U71/><E2/><V12/><F126/><W68/><G111/><T14/><D65/><U131/><E131/><V74/><F128/><W11/><G129/><T42/><D42/><U121/><E71/><V66/><F62/><N who="3" m="39959" /><G127/><T27/><D4/><U15/><E121/><V36/><F80/><W18/><G59/><T5/><D5/><U25/><E15/><V93/><F93/><W130/><G11/><T133/><D133/><U16/><E56/><V0/><F0/><W77/><G77/><T90/><REACH who="0" step="1"/><D79/><REACH who="0" ten="240,250,173,327" step="2"/><U31/><E43/><V85/><F66/><W9/><G130/><T106/><D106/><U124/><E124/><V76/><F76/><W119/><G104/><T88/><D88/><U63/><E91/><V98/><F74/><W22/><G119/><T112/><D112/><U26/><E89/><V109/><F75/><W33/><G99/><T53/><D53/><U32/><E100/><V117/><F98/><W84/><G84/><T97/><D97/><U83/><E101/><V34/><F85/><W35/><G49/><AGARI ba="0,1" hai="13,14,23,27,30,41,45,49,52,57,61,86,90,92" machi="49" ten="30,7700,0" yaku="1,1,7,1,8,1,54,1,53,0" doraHai="6" doraHaiUra="107" who="0" fromWho="3" sc="240,87,250,0,173,0,327,-77" /><INIT seed="2,0,0,2,1,11" ten="327,250,173,250" oya="2" hai0="129,118,128,12,135,114,62,40,105,89,23,10,25" hai1="52,132,69,14,8,125,31,78,77,19,50,80,115" hai2="84,90,41,104,79,72,73,39,81,88,133,82,34" hai3="124,46,49,36,92,57,1,61,110,28,101,74,108"/><V113/><F34/><W15/><G1/><T100/><D40/><U91/><E115/><V119/><F41/><W48/><G74/><N who="2" m="28777" /><F39/><W6/><G28/><T27/><D114/><U33/><E69/><V38/><F38/><W42/><G124/><T120/><D120/><U68/><E68/><V5/><F5/><W98/><G108/><T63/><D89/><U94/><E125/><V102/><F113/><W35/><G110/><T67/><D118/><U96/><E132/><V64/><F64/><W26/><G26/><T131/><D135/><U112/><E112/><V93/><F133/><W13/><G35/><T47/><D47/><U53/><E53/><V86/><F119/><W44/><G6/><T75/><D75/><U123/><E123/><V97/><F104/><W17/><G17/><N who="0" m="8343" /><D67/><U83/><E31/><V59/><F59/><W56/><G36/><T32/><D32/><U116/><E33/><V71/><F71/><W127/><G127/><T60/><D23/><U3/><E3/><V85/><F85/><W66/><G56/><T55/><D55/><AGARI ba="0,0" hai="13,15,42,44,46,48,49,55,57,61,66,92,98,101" machi="55" ten="30,7700,0" yaku="7,1,8,1,52,2" doraHai="11" who="3" fromWho="0" sc="327,-77,250,0,173,0,250,77" /><INIT seed="3,0,0,4,4,115" ten="250,250,173,327" oya="3" hai0="61,51,73,54,62,5,127,71,104,63,31,111,77" hai1="23,79,133,43,105,36,28,14,80,27,102,135,109" hai2="99,33,72,3,4,59,129,11,19,81,113,52,88" hai3="106,74,98,114,125,26,69,64,108,118,44,17,120"/><W66/><G120/><T95/><D111/><U110/><E36/><V16/><F113/><W56/><G114/><T39/><D39/><U121/><E121/><V116/><F33/><W53/><G74/><T35/><D104/><U119/><E43/><V92/><F116/><W30/><G125/><T78/><D5/><U131/><E131/><V101/><F129/><W76/><G108/><N who="1" m="41578" /><E14/><V22/><F22/><W25/><G76/><T82/><D78/><U57/><E57/><V15/><F3/><W90/><G44/><T103/><D127/><U85/><E119/><V123/><F123/><W13/><G69/><T134/><D134/><U117/><E117/><V100/><F72/><W91/><G118/><T46/><D35/><U45/><E45/><V8/><F8/><W37/><G37/><T94/><D31/><U65/><E65/><N who="3" m="25194" /><G106/><T7/><D71/><U50/><E50/><N who="2" m="31127" /><F81/><W112/><G30/><T9/><REACH who="0" step="1"/><D103/><AGARI ba="0,0" hai="4,11,15,16,19,88,92,99,100,101,103" m="31127" machi="103" ten="30,7700,0" yaku="8,1,54,3" doraHai="115" who="2" fromWho="0" sc="250,-77,250,0,173,77,327,0" /><INIT seed="4,0,0,1,2,43" ten="173,250,250,327" oya="0" hai0="78,1,102,111,0,48,96,33,23,22,41,56,19" hai1="134,103,25,84,20,114,58,89,125,53,82,18,75" hai2="37,9,46,35,110,93,107,61,10,11,77,128,17" hai3="98,27,6,116,66,36,120,122,108,132,28,117,30"/><T64/><D33/><U57/><E125/><V121/><F121/><N who="3" m="46699" /><G36/><T79/><D111/><U76/><E134/><V86/><F107/><W68/><G66/><T124/><D124/><U109/><E109/><V7/><F110/><W3/><G68/><T92/><D23/><U87/><E114/><V133/><F35/><N who="3" m="20895" /><G98/><T62/><D0/><U29/><E75/><V127/><F127/><W105/><G105/><T49/><D1/><U69/><E69/><V131/><F133/><W51/><G51/><T112/><D112/><U91/><E103/><V118/><F118/><N who="3" m="45675" /><G108/><T123/><D123/><U85/><E29/><V73/><F61/><W119/><G119/><T63/><D63/><U99/><E99/><V52/><F93/><W42/><G42/><T74/><D74/><U67/><E67/><V59/><F37/><W2/><G132/><T95/><D95/><N who="1" m="54695" /><E53/><V26/><F52/><W115/><G115/><T54/><D41/><U81/><AGARI ba="0,0" hai="18,20,25,57,58,76,81,82,85,87,91" m="54695" machi="81" ten="30,1100,0" yaku="8,1" doraHai="43" who="1" fromWho="1" sc="173,-5,250,11,250,-3,327,-3" /><INIT seed="5,0,0,2,0,110" ten="168,261,247,324" oya="1" hai0="61,111,113,103,95,80,45,12,106,117,88,42,91" hai1="90,64,63,119,6,94,69,84,87,65,30,1,34" hai2="78,134,77,50,59,38,19,15,58,128,129,101,68" hai3="62,41,109,125,53,36,98,51,116,120,86,104,2"/><U29/><E119/><V52/><F68/><W33/><G109/><T18/><D117/><U93/><E34/><V22/><F38/><W130/><G33/><T75/><D106/><U24/><E65/><V133/><F101/><W115/><G2/><T37/><D111/><U82/><E6/><V97/><F97/><W28/><G28/><T107/><D107/><U99/><E1/><V10/><F59/><W118/><G86/><T102/><D91/><U132/><E132/><N who="2" m="50795" /><F10/><W48/><G98/><T20/><D61/><U21/><E30/><V131/><AGARI ba="0,0" hai="15,19,22,50,52,58,77,78,128,129,131" m="50795" machi="131" ten="40,5200,0" yaku="19,1,20,1,54,1" doraHai="110" who="2" fromWho="2" sc="168,-13,261,-26,247,52,324,-13" /><INIT seed="6,0,0,2,0,45" ten="155,235,299,311" oya="2" hai0="48,102,86,76,88,80,100,93,5,118,99,114,89" hai1="21,97,25,33,15,87,0,125,135,9,109,72,70" hai2="63,22,6,121,107,1,52,81,127,96,68,11,27" hai3="28,98,26,51,103,42,13,41,129,124,56,50,30"/><V113/><F121/><W82/><G124/><T29/><D5/><U85/><E70/><V59/><F127/><W120/><G120/><T54/><D114/><U35/><E72/><V40/><F113/><W43/><G129/><T31/><D118/><U74/><E74/><V116/><F116/><W55/><G82/><T37/><D37/><U91/><E109/><V78/><F40/><W10/><G30/><T53/><D53/><U7/><E135/><V132/><F132/><W14/><G14/><T108/><D108/><U83/><E125/><V122/><F122/><W123/><G123/><T12/><D12/><U134/><E97/><V16/><F68/><W106/><G26/><T19/><D19/><U69/><E69/><V62/><F96/><W105/><G28/><N who="0" m="10827" /><D89/><U115/><E115/><V38/><F38/><W67/><G67/><T73/><D73/><U39/><E39/><V57/><F107/><W3/><G3/><T79/><D79/><U130/><E0/><V44/><F44/><AGARI ba="0,0" hai="44,48,54,76,80,86,88,93,99,100,102" m="10827" machi="44" ten="30,3900,0" yaku="8,1,52,1,54,1" doraHai="45" who="0" fromWho="2" sc="155,39,235,0,299,-39,311,0" /><INIT seed="7,0,0,1,1,3" ten="194,235,260,311" oya="3" hai0="92,53,0,67,101,96,77,18,35,68,66,32,5" hai1="119,14,75,121,100,20,50,21,40,13,48,83,112" hai2="10,89,115,102,78,64,1,108,74,45,34,123,52" hai3="44,57,47,117,120,116,86,42,7,97,23,70,105"/><W46/><G120/><T28/><D77/><U107/><E121/><V51/><F34/><W59/><G70/><T87/><D18/><U124/><E112/><V26/><F108/><W55/><G42/><T60/><D67/><U131/><E124/><V30/><F64/><W19/><G7/><T25/><D87/><U81/><E131/><V95/><F102/><W109/><G109/><T126/><D126/><U39/><E119/><V125/><F125/><W91/><G59/><T4/><D0/><U128/><E128/><V37/><F37/><W8/><G8/><T56/><REACH who="0" step="1"/><D35/><REACH who="0" ten="184,235,260,311" step="2"/><U129/><E129/><V113/><F78/><W69/><G117/><T16/><D16/><U130/><E130/><V82/><F1/><W36/><G116/><T114/><D114/><U127/><E127/><V135/><F115/><W24/><G69/><T2/><D2/><U15/><E75/><V6/><F74/><W90/><G86/><T106/><D106/><U71/><E107/><V41/><F113/><W79/><G79/><T9/><D9/><U22/><E71/><V49/><F10/><W118/><G118/><T132/><D132/><U43/><E39/><V65/><F65/><W94/><G36/><T88/><D88/><U31/><E100/><V54/><F89/><N who="3" m="55503" /><G105/><T12/><D12/><U73/><E15/><V38/><F38/><W33/><G33/><T80/><D80/><U11/><E14/><V122/><F82/><W29/><G19/><T111/><D111/><U134/><E13/><V58/><F135/><W76/><G76/><T103/><D103/><U62/><E134/><RYUUKYOKU ba="0,1" sc="184,15,235,-15,260,-15,311,15" hai0="4,5,25,28,32,53,56,60,66,68,92,96,101" hai3="23,24,29,44,46,47,55,57,90,91" owari="199,-30.1,220,-18.0,245,4.5,336,43.6" /></mjloggm>