<mjloggm ver="2.3"><GO type="169" lobby="0"/><UN n0="%41%4C%50%45%52%49%4E" n1="%E3%81%8B%E3%81%AA%E3%81%8D%E3%83%BC" n2="%E3%81%82%E3%81%95%E3%81%B4%E3%82%93%EF%BC%A0%EF%BD%8D%EF%BD%8A" n3="%E4%BA%BA%E5%93%81%E3%81%AA%E3%81%97" dan="17,17,18,17" rate="2207.71,2227.91,2314.22,2210.40" sx="M,F,M,M"/><TAIKYOKU oya="0"/><INIT seed="0,0,0,5,5,17" ten="250,250,250,250" oya="0" hai0="12,22,119,56,26,62,116,113,101,10,36,13,32" hai1="28,7,40,120,23,69,9,104,128,71,44,115,106" hai2="96,63,81,75,110,111,127,37,97,57,5,135,99" hai3="72,42,48,8,73,27,118,79,1,112,38,74,83"/><T129/><D113/><U80/><E120/><V58/><F37/><W29/><G118/><T3/><D36/><U2/><E128/><V60/><F5/><W35/><G48/><T11/><D129/><U89/><E115/><V4/><F4/><W25/><G112/><T132/><D132/><U68/><E89/><V53/><F135/><W70/><G70/><T41/><D41/><U107/><E80/><V50/><F127/><W121/><G121/><T84/><D101/><U103/><E28/><V18/><F18/><W54/><G54/><T19/><D32/><U91/><E91/><V95/><F95/><W92/><G92/><T43/><D43/><U55/><E55/><V93/><F93/><W108/><G108/><N who="2" m="41513" /><F57/><W86/><G86/><T39/><D39/><N who="1" m="21535" /><E23/><V45/><F45/><W61/><G61/><T64/><D84/><U24/><E24/><V14/><F14/><W133/><G27/><T34/><D34/><U51/><E51/><V125/><F125/><W6/><G133/><T65/><D3/><U134/><E134/><V100/><F100/><W0/><G1/><T87/><D87/><U109/><E109/><V59/><F59/><W85/><G85/><T31/><REACH who="0" step="1"/><D65/><REACH who="0" ten="240,250,250,250" step="2"/><U122/><E122/><V76/><AGARI ba="0,1" hai="50,53,58,60,63,75,76,81,96,97,99" m="41513" machi="76" ten="40,1500,0" yaku="14,1" doraHai="17" who="2" fromWho="2" sc="240,-7,250,-4,250,25,250,-4" /><INIT seed="1,0,0,2,3,127" ten="233,246,275,246" oya="1" hai0="22,82,14,74,81,71,38,55,29,8,70,48,7" hai1="77,73,12,51,20,2,3,116,122,9,94,92,23" hai2="13,83,36,4,125,104,62,99,18,107,69,117,35" hai3="49,44,95,88,59,86,34,80,75,60,84,131,124"/><U89/><E116/><V67/><F117/><W33/><G124/><T6/><D38/><U24/><E122/><V11/><F125/><W17/><G131/><T120/><D120/><U65/><E65/><V110/><F36/><W101/><G75/><T130/><D130/><U98/><E77/><V135/><F110/><W32/><G17/><T5/><D71/><U76/><E76/><V91/><F35/><W118/><G118/><T113/><D70/><U10/><E73/><V57/><F135/><W37/><G37/><T123/><D123/><U133/><E133/><V85/><F69/><W31/><G101/><T106/><D106/><U72/><E72/><V126/><F126/><W52/><G31/><T97/><D97/><U58/><E94/><V50/><F99/><W115/><G115/><T102/><D102/><U112/><E112/><V78/><F91/><W19/><G19/><N who="0" m="8647" /><D74/><U121/><E121/><V27/><F27/><W40/><REACH who="3" step="1"/><G34/><REACH who="3" ten="233,246,275,236" step="2"/><T45/><D113/><U26/><E26/><AGARI ba="0,1" hai="5,6,7,22,26,29,45,48,55,81,82" m="8647" machi="26" ten="30,1000,0" yaku="8,1" doraHai="127" who="0" fromWho="1" sc="233,20,246,-10,275,0,236,0" /><INIT seed="2,0,0,4,2,116" ten="253,236,275,236" oya="2" hai0="94,9,87,97,131,64,22,65,132,42,25,71,109" hai1="68,91,75,23,16,27,73,117,122,111,105,17,81" hai2="45,118,66,50,133,127,115,124,130,77,101,67,26" hai3="15,37,86,100,3,5,47,82,24,63,83,62,54"/><V12/><F101/><W108/><G108/><T36/><D131/><U95/><E105/><V11/><F118/><W19/><G3/><T29/><D109/><U49/><E68/><V57/><F115/><W8/><G100/><T102/><D132/><U4/><E117/><V79/><F130/><W121/><G121/><T56/><D71/><U7/><E111/><V61/><F66/><W84/><G37/><T99/><D36/><U35/><E35/><V123/><F133/><W48/><G24/><T0/><D42/><U112/><E112/><V51/><F26/><W46/><G46/><T85/><D0/><U52/><E122/><V78/><F123/><W6/><G6/><N who="1" m="2090" /><E81/><V128/><F128/><W135/><G5/><T60/><D65/><U103/><E73/><V76/><N who="2" m="19456" /><DORA hai="96" /><V53/><REACH who="2" step="1"/><F51/><REACH who="2" ten="253,236,265,236" step="2"/><W14/><G135/><T104/><REACH who="0" step="1"/><D9/><REACH who="0" ten="243,236,265,236" step="2"/><U90/><E75/><V31/><F31/><W69/><G8/><T43/><D43/><U72/><E72/><V38/><F38/><W110/><G110/><T129/><D129/><U34/><E17/><AGARI ba="0,2" hai="11,12,17,45,50,53,57,61,67,124,127" m="19456" machi="17" ten="50,2400,0" yaku="1,1,53,0" doraHai="116,96" doraHaiUra="98,1" who="2" fromWho="1" sc="243,0,236,-24,265,44,236,0" /><INIT seed="2,1,0,4,2,101" ten="243,212,309,236" oya="2" hai0="78,124,49,99,125,53,54,38,25,13,44,37,22" hai1="40,103,85,28,107,30,115,117,88,77,66,33,91" hai2="57,75,94,79,32,67,20,65,130,8,82,7,64" hai3="36,110,43,126,131,59,72,23,89,61,62,102,133"/><V55/><F32/><W47/><G110/><T35/><D35/><U73/><E115/><V60/><F130/><W112/><G131/><T17/><D78/><U98/><E117/><V95/><REACH who="2" step="1"/><F20/><REACH who="2" ten="243,212,299,236" step="2"/><W76/><G23/><T90/><D124/><U104/><E33/><V120/><F120/><W51/><G126/><T58/><D125/><U81/><E28/><V80/><F80/><W14/><G112/><T18/><D22/><U9/><E30/><V92/><F92/><W34/><G34/><T5/><D38/><U12/><E40/><V45/><F45/><W108/><G47/><T52/><D37/><U4/><E66/><V1/><AGARI ba="1,1" hai="1,7,8,55,57,60,64,65,67,75,79,82,94,95" machi="1" ten="30,3000,0" yaku="1,1,0,1,53,0" doraHai="101" doraHaiUra="68" who="2" fromWho="2" sc="243,-11,212,-11,299,43,236,-11" /><INIT seed="2,2,0,5,2,121" ten="232,201,342,225" oya="2" hai0="109,38,74,56,107,78,60,110,79,98,40,122,83" hai1="115,39,37,134,106,7,19,2,26,41,5,73,16" hai2="31,92,42,127,97,118,59,55,1,18,50,13,94" hai3="0,112,81,100,82,20,93,67,87,108,80,11,117"/><V119/><F1/><W86/><G117/><T105/><D122/><U104/><E115/><V96/><F127/><W63/><G112/><T133/><D133/><U65/><E134/><V48/><F31/><W30/><G108/><N who="0" m="41579" /><D79/><U131/><E131/><V3/><F3/><W84/><G0/><T128/><D128/><U88/><E73/><V29/><F29/><W116/><G116/><T53/><D98/><N who="2" m="37994" /><F119/><W90/><G11/><T113/><D113/><U125/><E125/><V58/><F118/><W43/><G43/><T62/><D62/><U77/><E77/><V12/><F12/><W75/><G100/><T27/><D27/><U52/><E26/><V33/><F33/><W76/><G75/><T35/><D35/><U124/><E41/><V44/><F58/><W120/><G120/><T10/><D10/><AGARI ba="2,0" hai="10,13,18,42,44,48,50,55,59,92,94" m="37994" machi="10" ten="30,1500,0" yaku="8,1" doraHai="121" who="2" fromWho="0" sc="232,-21,201,0,342,21,225,0" /><INIT seed="2,3,0,5,4,91" ten="211,201,363,225" oya="2" hai0="76,77,79,99,50,66,30,22,69,106,68,83,107" hai1="80,130,40,15,118,126,19,132,21,119,108,33,56" hai2="96,39,36,8,95,93,122,0,63,78,23,42,120" hai3="67,97,135,28,117,48,46,101,9,121,55,84,58"/><V110/><F78/><W88/><G117/><T73/><D66/><U111/><E40/><V18/><F110/><N who="1" m="42025" /><E56/><V5/><F63/><W57/><G135/><T86/><D50/><U4/><E80/><V59/><F59/><W53/><G121/><T104/><D30/><U112/><E112/><V123/><F42/><W12/><G28/><T16/><D99/><U92/><E92/><V133/><F133/><W34/><G34/><T85/><D73/><U43/><E43/><V10/><F10/><W54/><G97/><T65/><D65/><U113/><E113/><V62/><F62/><N who="3" m="38351" /><G101/><T47/><D47/><U1/><E132/><V7/><F7/><N who="3" m="3135" /><G46/><T60/><D60/><U125/><E33/><V127/><F127/><N who="1" m="48649" /><E130/><V44/><F44/><W74/><G74/><T45/><D45/><U6/><E1/><V13/><REACH who="2" step="1"/><F96/><REACH who="2" ten="211,201,353,225" step="2"/><W75/><G75/><T20/><D69/><U49/><E49/><V102/><F102/><W116/><G116/><AGARI ba="3,1" hai="4,6,15,19,21,116,118,119" m="48649,42025" machi="116" ten="40,8000,1" yaku="14,1,18,1,34,2" doraHai="91" who="1" fromWho="3" sc="211,0,201,99,353,0,225,-89" /><INIT seed="3,0,0,4,5,34" ten="211,300,353,136" oya="3" hai0="89,28,8,5,27,19,20,121,35,38,57,64,24" hai1="40,32,79,115,61,88,25,106,128,126,98,29,135" hai2="63,110,65,4,76,36,87,3,125,12,51,113,116" hai3="86,31,33,39,45,96,18,13,99,15,22,134,0"/><W131/><G131/><T101/><D121/><U97/><E115/><V122/><F113/><W75/><G75/><T66/><D38/><U78/><E126/><V60/><F116/><W112/><G112/><T82/><D101/><U107/><E135/><V52/><F36/><W56/><G134/><T41/><D41/><U17/><E40/><V30/><F125/><W85/><G56/><T50/><D50/><U104/><E17/><V94/><F110/><W132/><G132/><T77/><D89/><U47/><E47/><V114/><F114/><W92/><G15/><T95/><D95/><U109/><E109/><V55/><F3/><W14/><G14/><T53/><D53/><U58/><E128/><V68/><F30/><W90/><G0/><T124/><D57/><U71/><E71/><V44/><F122/><W49/><G39/><T73/><REACH who="0" step="1"/><D124/><REACH who="0" ten="201,300,353,136" step="2"/><U119/><E88/><V1/><F94/><W10/><G96/><T59/><D59/><U9/><E58/><V111/><F55/><N who="3" m="30127" /><G33/><T120/><D120/><U23/><E32/><V11/><F111/><W54/><G54/><T129/><D129/><U70/><E98/><V46/><F46/><W83/><G83/><T103/><D103/><U42/><E97/><V81/><F63/><W118/><G118/><T6/><D6/><U21/><E119/><V102/><F102/><W105/><G105/><T117/><D117/><U7/><E61/><V108/><F108/><W74/><G74/><T130/><D130/><U84/><E107/><V43/><F43/><W62/><G62/><T2/><AGARI ba="0,1" hai="2,5,8,19,20,24,27,28,35,64,66,73,77,82" machi="2" ten="20,5200,0" yaku="1,1,0,1,7,1,52,1,53,0" doraHai="34" doraHaiUra="127" who="0" fromWho="0" sc="201,62,300,-13,353,-13,136,-26" /><INIT seed="4,0,0,4,2,20" ten="263,287,340,110" oya="0" hai0="12,51,13,135,37,15,77,117,4,57,66,38,50" hai1="91,131,48,25,42,96,132,78,46,93,83,1,31" hai2="58,23,80,47,105,45,121,40,61,16,129,126,8" hai3="7,43,94,107,125,17,14,127,41,56,22,108,90"/><T95/><D117/><U26/><E131/><V44/><F121/><W32/><G108/><T97/><D135/><U100/><E1/><V21/><F105/><W71/><G71/><T79/><D4/><U124/><E124/><V112/><F129/><W111/><G111/><T109/><D109/><U30/><E132/><V110/><F110/><W64/><G107/><T134/><D134/><U54/><E100/><V85/><F112/><W63/><G32/><T120/><D120/><U116/><E116/><V92/><F92/><W72/><G72/><T70/><D70/><U104/><E104/><V82/><F82/><W87/><G125/><T67/><D38/><U18/><E18/><V101/><F101/><W65/><G127/><T81/><D37/><U9/><E9/><V118/><F118/><W76/><G76/><N who="0" m="29259" /><D81/><U49/><E31/><V115/><F115/><W133/><G133/><T35/><D35/><U69/><E30/><V52/><F40/><W114/><G114/><T74/><D74/><U128/><E69/><V34/><F34/><W28/><G64/><N who="0" m="24619" /><D57/><N who="1" m="32967" /><E128/><V0/><F126/><W60/><G60/><T99/><D95/><U113/><E113/><V73/><F73/><W59/><G59/><T75/><D75/><U119/><E119/><V27/><F0/><W53/><G65/><T2/><D2/><U11/><E11/><V6/><F6/><W68/><G68/><T86/><D86/><AGARI ba="0,0" hai="25,26,42,46,49,78,83,86,91,93,96" m="32967" machi="86" ten="30,3900,0" yaku="8,1,52,2" doraHai="20" who="1" fromWho="0" sc="263,-39,287,39,340,0,110,0" /><INIT seed="5,0,0,5,5,65" ten="224,326,340,110" oya="1" hai0="15,49,92,129,66,132,60,54,72,28,106,62,43" hai1="98,73,70,56,111,81,69,79,127,16,50,39,97" hai2="83,48,112,23,45,122,77,40,131,100,101,116,87" hai3="12,75,53,113,0,85,35,96,13,33,52,32,18"/><U125/><E39/><V105/><F116/><W71/><G75/><T135/><D106/><U51/><E111/><V67/><F122/><W30/><G0/><T59/><D72/><U90/><E90/><V21/><F131/><W121/><G121/><T24/><D129/><U19/><E56/><V115/><F67/><W68/><G30/><T124/><D124/><N who="1" m="47691" /><E50/><V130/><F130/><W114/><G85/><T109/><D109/><U78/><E51/><V31/><F31/><W133/><G133/><T5/><D92/><U95/><E79/><V84/><F84/><W61/><G96/><N who="1" m="36970" /><E95/><V47/><F47/><W110/><G110/><T102/><D102/><N who="2" m="39530" /><F105/><W118/><G118/><T99/><D99/><U2/><E2/><V11/><F11/><N who="3" m="6431" /><G13/><T36/><D36/><U9/><E9/><V80/><F80/><W103/><G103/><T104/><D104/><U88/><E88/><V108/><F108/><W74/><G74/><T55/><D135/><U38/><E38/><V20/><F87/><W29/><G29/><T34/><D132/><U94/><E94/><V26/><F83/><W6/><G6/><T64/><D5/><U123/><E123/><V63/><F77/><W17/><G17/><AGARI ba="0,0" hai="16,17,19,69,70,73,78,81" m="36970,47691" machi="17" ten="30,11600,0" yaku="18,1,52,2,54,1" doraHai="65" who="1" fromWho="3" sc="224,0,326,116,340,0,110,-116" owari="224,-17.6,442,54.2,340,14.0,-6,-50.6" /></mjloggm>