<mjloggm ver="2.3"><GO type="169" lobby="0"/><UN n0="%E8%AA%B2%E9%95%B7%E8%A6%96%E9%87%8E%E7%8B%AD%E7%AA%84" n1="%E2%97%8E%E3%82%88%E3%81%97%E2%97%8E" n2="%E3%81%B1%E3%82%93%E3%81%AA%E3%81%93%E3%81%BE%E3%81%A3%E3%81%9F" n3="%E6%99%82%E8%A8%88%E5%9D%82%E9%9B%B6" dan="16,17,18,16" rate="2166.12,2174.55,2241.82,2151.25" sx="M,M,M,M"/><TAIKYOKU oya="0"/><INIT seed="0,0,0,4,2,73" ten="250,250,250,250" oya="0" hai0="76,118,35,96,1,116,61,89,100,15,111,21,14" hai1="3,102,105,132,26,43,28,65,45,130,88,30,55" hai2="81,6,104,11,33,68,40,95,59,131,25,103,44" hai3="91,84,10,41,69,80,108,75,58,20,94,72,51"/><T24/><D35/><U50/><E130/><V117/><F131/><W5/><G69/><T119/><D1/><U85/><E3/><V22/><F117/><W78/><G108/><T86/><D111/><U29/><E132/><V124/><F68/><W53/><G20/><T36/><D36/><U107/><E65/><V34/><F124/><W83/><G41/><T82/><D61/><U16/><E102/><V113/><F104/><W56/><G56/><T129/><D89/><U39/><E105/><V62/><F113/><W92/><REACH who="3" step="1"/><G75/><REACH who="3" ten="250,250,250,240" step="2"/><T74/><D74/><U60/><E107/><V19/><F34/><W122/><G122/><T17/><REACH who="0" step="1"/><D129/><REACH who="0" ten="240,250,250,240" step="2"/><U23/><E60/><V98/><F33/><W52/><G52/><T31/><D31/><U77/><E55/><V97/><F62/><W93/><G93/><AGARI ba="0,2" hai="14,15,17,21,24,76,82,86,93,96,100,116,118,119" machi="93" ten="40,3900,0" yaku="1,1,52,1,53,0" doraHai="73" doraHaiUra="27" who="0" fromWho="3" sc="240,59,250,0,250,0,240,-39" /><INIT seed="0,1,0,4,0,52" ten="299,250,250,201" oya="0" hai0="86,134,92,30,16,117,72,89,100,75,80,17,31" hai1="119,44,48,99,101,28,27,107,41,34,84,65,23" hai2="103,67,132,24,13,51,60,96,85,68,12,35,55" hai3="37,53,122,18,8,77,0,83,94,115,58,129,32"/><T50/><D117/><U57/><E119/><V111/><F111/><W88/><G32/><T64/><D134/><U131/><E131/><V116/><F116/><W63/><G115/><T70/><D70/><U113/><E113/><V54/><F85/><W42/><G129/><T39/><D39/><U69/><E84/><V5/><F132/><W22/><G122/><T102/><D64/><U73/><E23/><V21/><F54/><W76/><G83/><T9/><D72/><U118/><E118/><V104/><F5/><W40/><G8/><T82/><D75/><U87/><E87/><V125/><F125/><W10/><G10/><T126/><D126/><U6/><E73/><V46/><REACH who="2" step="1"/><F21/><REACH who="2" ten="299,250,240,201" step="2"/><W90/><G22/><T49/><D9/><U43/><E6/><V97/><F97/><W112/><G53/><T127/><D127/><U7/><E7/><V78/><F78/><W95/><G76/><T105/><D86/><U121/><E121/><V114/><F114/><W20/><G77/><T130/><D130/><U26/><E41/><V62/><F62/><W133/><G63/><T79/><D79/><U2/><E43/><V11/><F11/><W135/><G40/><T29/><D82/><U91/><E99/><V74/><F74/><W81/><G81/><T3/><D80/><U19/><E34/><V59/><F59/><W109/><G58/><T108/><D108/><U1/><E57/><V4/><F4/><W56/><G56/><T93/><D3/><U15/><E1/><V123/><F123/><W47/><G0/><T98/><D98/><U61/><E2/><RYUUKYOKU ba="1,1" sc="299,-10,250,-10,240,30,201,-10" hai2="12,13,24,35,46,51,55,60,67,68,96,103,104" /><INIT seed="1,2,1,0,2,92" ten="289,240,270,191" oya="1" hai0="77,82,37,54,60,8,109,16,21,97,113,71,29" hai1="79,20,70,88,101,63,51,127,83,47,75,46,18" hai2="53,49,59,0,106,38,91,115,130,134,84,26,69" hai3="2,132,135,61,123,39,11,118,41,67,85,19,13"/><U98/><E127/><V108/><F0/><W120/><G2/><T62/><D113/><U87/><E70/><V1/><F1/><W95/><G118/><T35/><D37/><U12/><E63/><V94/><F38/><W89/><G41/><T76/><D35/><U28/><E28/><V7/><F7/><W32/><G32/><T107/><D109/><U129/><E129/><V103/><F69/><W24/><G24/><T65/><D29/><U40/><E47/><V42/><F42/><W45/><G45/><T73/><D77/><U116/><E116/><V27/><F115/><W78/><G78/><T25/><D8/><U105/><REACH who="1" step="1"/><E75/><REACH who="1" ten="289,230,270,191" step="2"/><V10/><F130/><W74/><G74/><T31/><D31/><U72/><E72/><V86/><F108/><W121/><REACH who="3" step="1"/><G39/><REACH who="3" ten="289,230,270,181" step="2"/><T17/><D73/><U56/><E56/><AGARI ba="2,3" hai="11,13,19,56,61,67,85,89,95,120,121,123,132,135" machi="56" ten="40,5200,0" yaku="1,1,2,1,53,1" doraHai="92" doraHaiUra="15" who="3" fromWho="1" sc="289,0,230,-58,270,0,181,88" /><INIT seed="2,0,0,3,4,74" ten="289,172,270,269" oya="2" hai0="10,134,113,76,47,94,29,103,0,86,126,54,88" hai1="97,95,17,38,112,60,83,130,122,30,85,116,40" hai2="9,42,70,78,18,33,124,46,68,80,135,34,117" hai3="99,23,25,65,43,84,119,104,16,22,27,26,49"/><V75/><F117/><W6/><G119/><T108/><D113/><U3/><E116/><V12/><F124/><W127/><G127/><T133/><D126/><U102/><E112/><V106/><F106/><W125/><G125/><T115/><D115/><U4/><E130/><V98/><F98/><W15/><G65/><T81/><D103/><U105/><E122/><V52/><F135/><N who="0" m="51722" /><D108/><U2/><E4/><V69/><REACH who="2" step="1"/><F52/><REACH who="2" ten="289,172,260,269" step="2"/><W19/><G99/><T114/><D114/><U21/><E105/><V50/><AGARI ba="0,1" hai="9,12,18,33,34,42,46,50,68,69,70,75,78,80" machi="50" ten="30,11700,0" yaku="1,1,2,1,0,1,52,1,53,0" doraHai="74" doraHaiUra="48" who="2" fromWho="2" sc="289,-39,172,-39,260,127,269,-39" /><INIT seed="2,1,0,1,1,50" ten="250,133,387,230" oya="2" hai0="129,76,13,56,3,45,71,118,59,38,127,66,121" hai1="112,54,99,96,63,49,111,113,68,114,86,78,102" hai2="91,18,93,100,0,2,8,85,58,70,61,120,122" hai3="72,23,90,106,87,5,29,74,81,27,34,92,116"/><V128/><F128/><W79/><G116/><T37/><D3/><U26/><E111/><V22/><F70/><W7/><G74/><T65/><D76/><U6/><E6/><V36/><F36/><N who="0" m="13930" /><D13/><U55/><E99/><V25/><F100/><W11/><G11/><T62/><D118/><U40/><E26/><V89/><F89/><W75/><G75/><T64/><D129/><U69/><E40/><V14/><F122/><W48/><G34/><T16/><D16/><U107/><E63/><V33/><F120/><W108/><G108/><T134/><D121/><U132/><E132/><V110/><F33/><W17/><G29/><T135/><D127/><U130/><E130/><V51/><F51/><W15/><G27/><T42/><D134/><U125/><E125/><V77/><F77/><W52/><REACH who="3" step="1"/><G106/><REACH who="3" ten="250,133,387,220" step="2"/><T41/><D135/><U24/><E24/><V88/><F110/><W97/><G97/><T10/><D10/><U95/><E107/><V53/><REACH who="2" step="1"/><F91/><REACH who="2" ten="250,133,377,220" step="2"/><W47/><AGARI ba="1,2" hai="5,7,15,17,23,47,48,52,72,79,81,87,90,92" machi="47" ten="20,8000,1" yaku="1,1,0,1,7,1,52,1,54,1,53,0" doraHai="50" doraHaiUra="60" who="3" fromWho="3" sc="250,-21,133,-21,377,-41,220,103" /><INIT seed="3,0,0,3,0,123" ten="229,112,336,323" oya="3" hai0="96,31,64,11,63,40,4,132,131,87,69,119,116" hai1="51,133,16,94,18,25,74,6,1,43,68,52,78" hai2="127,34,118,35,17,19,88,14,39,76,114,62,26" hai3="37,135,38,108,104,60,101,91,90,99,30,53,9"/><W73/><G73/><T103/><D131/><U93/><E68/><V56/><F114/><W59/><G135/><T81/><D132/><U75/><E133/><V27/><F118/><W106/><G106/><T134/><D40/><U5/><E43/><V66/><F39/><W41/><G30/><T50/><D50/><U102/><E1/><V58/><F127/><W89/><G41/><T22/><D134/><U0/><E0/><V122/><F76/><W129/><G129/><T67/><D67/><U20/><E78/><V121/><F14/><W117/><G117/><T112/><D112/><U36/><E36/><V55/><F55/><W49/><G9/><T42/><D42/><U130/><E130/><V28/><F28/><W32/><G32/><T72/><D22/><N who="1" m="13511" /><E75/><V97/><F97/><W24/><G24/><T23/><D23/><U54/><E54/><V82/><F82/><W126/><G126/><T83/><D83/><U3/><E3/><V120/><F120/><W61/><G37/><T47/><D72/><U111/><E111/><V46/><F46/><W80/><G38/><T109/><D47/><N who="1" m="27775" /><E102/><V45/><F45/><W33/><G33/><T70/><D70/><U77/><E77/><V98/><F66/><W95/><G108/><T85/><D109/><U44/><E44/><V107/><F107/><W100/><G104/><T113/><D113/><U124/><E124/><V57/><F57/><W2/><G2/><T7/><D116/><U48/><E74/><V125/><F125/><W79/><G101/><T115/><D119/><U110/><E110/><V13/><F122/><RYUUKYOKU ba="0,0" sc="229,-10,112,-10,336,-10,323,30" hai3="49,53,59,60,61,79,80,89,90,91,95,99,100" /><INIT seed="3,1,0,5,4,37" ten="219,102,326,353" oya="3" hai0="97,125,13,92,65,87,127,44,16,10,71,85,86" hai1="93,41,7,101,56,23,80,102,12,63,50,32,81" hai2="68,72,119,38,6,9,8,43,120,110,24,30,111" hai3="49,46,47,124,39,15,73,113,21,18,14,34,40"/><W75/><G113/><T84/><N who="0" m="21504" /><DORA hai="129" /><T33/><D33/><U76/><E32/><N who="2" m="20551" /><F119/><W130/><G34/><T60/><REACH who="0" step="1"/><D44/><REACH who="0" ten="209,102,326,353" step="2"/><N who="1" m="25871" /><E76/><V67/><F111/><W1/><G46/><T98/><D98/><N who="1" m="59599" /><E102/><AGARI ba="1,1" hai="10,13,16,60,65,71,92,97,102,125,127" m="21504" machi="102" ten="50,3200,0" yaku="1,1,54,1,53,0" doraHai="37,129" doraHaiUra="31,106" who="0" fromWho="1" sc="209,45,102,-35,326,0,353,0" /><INIT seed="4,0,0,1,5,94" ten="254,67,326,353" oya="0" hai0="21,17,62,40,19,52,70,54,113,81,1,82,53" hai1="89,13,100,110,133,23,55,116,102,66,114,27,18" hai2="122,92,30,51,98,33,35,36,0,77,7,67,96" hai3="117,115,58,16,9,79,95,130,103,124,101,2,78"/><T12/><D1/><U60/><E110/><V14/><F36/><W105/><G105/><T46/><D113/><U43/><E116/><V8/><F122/><W111/><G117/><T15/><D70/><U112/><E133/><V76/><F67/><W128/><G111/><T121/><D62/><U123/><E123/><V120/><F120/><W90/><G124/><T20/><REACH who="0" step="1"/><D121/><REACH who="0" ten="244,67,326,353" step="2"/><U74/><E114/><V4/><F0/><W10/><G2/><T3/><D3/><U104/><E112/><V83/><F4/><W118/><G115/><T126/><D126/><U59/><E104/><V29/><F7/><W71/><G71/><T93/><D93/><U72/><E60/><V68/><F92/><W107/><G118/><T56/><D56/><U97/><E59/><V47/><F68/><W134/><G58/><T108/><D108/><U88/><E66/><V131/><F131/><W49/><G107/><T135/><D135/><U86/><E43/><V99/><F35/><W50/><G134/><T73/><D73/><U31/><E55/><N who="2" m="30207" /><F33/><W69/><G69/><T61/><D61/><U84/><E72/><V109/><F109/><W106/><G106/><T45/><D45/><U42/><E74/><V38/><F38/><AGARI ba="0,1" hai="12,15,17,19,20,21,38,40,46,52,53,54,81,82" machi="38" ten="40,7700,0" yaku="1,1,9,1,54,1,53,0" doraHai="94" doraHaiUra="132" who="0" fromWho="2" sc="244,87,67,0,326,-77,353,0" /><INIT seed="4,1,0,5,2,8" ten="331,67,249,353" oya="0" hai0="61,117,48,54,35,63,5,109,80,45,53,42,98" hai1="127,130,102,46,3,10,23,58,100,43,18,73,114" hai2="105,101,31,75,133,89,121,9,85,39,38,27,32" hai3="104,92,116,51,36,87,26,52,125,76,41,118,0"/><T83/><D117/><U122/><E122/><V68/><F121/><W131/><G104/><T59/><D35/><U94/><E130/><V69/><F75/><W37/><G0/><T15/><D109/><U95/><E127/><V33/><F133/><W107/><G107/><T103/><D42/><U91/><E73/><V50/><F33/><W21/><G125/><T57/><D5/><U90/><E58/><V88/><F50/><W4/><G4/><T72/><D72/><U17/><E114/><V13/><F101/><W16/><G131/><T56/><D56/><U14/><E94/><V113/><F105/><W44/><G37/><T110/><D110/><U111/><E91/><V66/><F89/><W129/><G129/><T79/><D79/><U28/><E28/><V64/><F113/><W128/><G128/><T99/><D103/><U96/><E111/><V70/><F66/><W34/><G34/><T55/><D15/><U60/><E60/><V24/><F64/><W86/><G86/><T62/><D62/><U22/><E3/><V6/><REACH who="2" step="1"/><F27/><REACH who="2" ten="331,67,239,353" step="2"/><W65/><G65/><T7/><D48/><N who="1" m="26719" /><E10/><V1/><F1/><W71/><G116/><T106/><D106/><U115/><E115/><V74/><F74/><W123/><G118/><T132/><D132/><U25/><AGARI ba="1,1" hai="14,17,18,22,23,25,90,95,96,100,102" m="26719" machi="25" ten="30,2000,0" yaku="8,1,52,1" doraHai="8" who="1" fromWho="1" sc="331,-11,67,33,239,-6,353,-6" /><INIT seed="5,0,0,1,4,103" ten="320,100,233,347" oya="1" hai0="30,42,19,63,48,107,52,88,20,132,98,82,125" hai1="60,58,75,65,66,112,62,111,108,71,72,123,5" hai2="83,109,50,90,69,129,86,61,121,135,43,81,40" hai3="56,12,55,10,38,45,18,57,68,34,59,127,118"/><U49/><E5/><V25/><F109/><N who="1" m="42057" /><E75/><V134/><F121/><W51/><G34/><T26/><D132/><N who="2" m="50730" /><F129/><W99/><G127/><T27/><D125/><U37/><E72/><V28/><F83/><W47/><G118/><T3/><D3/><U94/><E94/><V114/><F114/><W85/><G68/><T115/><D115/><U46/><E112/><V11/><F11/><W6/><G38/><T35/><D42/><N who="1" m="24791" /><E37/><V79/><F79/><W15/><G99/><T106/><D63/><U64/><E64/><N who="2" m="41103" /><F50/><W101/><G85/><T122/><D122/><AGARI ba="0,0" hai="58,60,62,65,66,71,122,123" m="24791,42057" machi="122" ten="30,5800,0" yaku="10,1,34,2" doraHai="103" who="1" fromWho="0" sc="320,-58,100,58,233,0,347,0" /><INIT seed="5,1,0,5,4,84" ten="262,158,233,347" oya="1" hai0="135,106,125,57,26,35,126,108,103,30,130,114,78" hai1="47,79,66,64,90,22,0,42,121,17,56,48,113" hai2="34,58,118,86,62,101,9,8,39,41,4,7,87" hai3="129,2,73,98,92,122,133,5,10,71,59,18,23"/><U68/><E121/><V99/><F118/><W38/><G71/><T109/><D114/><U70/><E0/><V124/><F34/><W37/><G122/><T93/><D106/><U128/><E113/><V69/><F124/><N who="0" m="47722" /><D130/><U29/><E128/><V40/><F69/><W45/><G129/><T88/><D103/><U1/><E1/><V14/><F39/><W134/><G73/><T20/><D135/><N who="3" m="51721" /><G59/><T72/><D57/><U21/><E79/><V132/><F132/><W12/><G45/><T83/><D35/><U111/><E111/><V100/><F58/><W44/><G44/><T102/><D102/><AGARI ba="1,0" hai="2,5,10,12,18,23,37,38,92,98,102" m="51721" machi="102" ten="30,1000,0" yaku="20,1" doraHai="84" who="3" fromWho="0" sc="262,-13,158,0,233,0,347,13" /><INIT seed="6,0,0,5,5,27" ten="249,158,233,360" oya="2" hai0="11,49,121,91,16,41,80,128,117,115,131,12,39" hai1="134,28,14,2,59,124,38,17,53,96,105,6,3" hai2="61,29,72,108,113,129,42,106,20,90,126,34,43" hai3="114,46,48,18,120,95,88,5,109,40,87,26,122"/><V37/><F106/><W75/><G75/><T107/><D121/><U98/><E38/><V103/><F72/><W84/><G109/><T23/><D39/><U93/><E124/><V54/><F103/><W56/><G5/><T45/><D107/><U132/><E6/><V1/><F1/><W94/><G114/><T35/><D35/><U65/><E65/><V79/><F79/><W63/><G18/><T70/><D70/><U64/><E64/><V82/><F34/><W119/><G26/><T130/><D115/><U71/><E71/><V110/><F37/><W135/><G135/><T78/><D91/><U47/><E105/><V118/><F129/><W25/><G25/><T19/><D117/><U83/><E3/><V21/><F118/><W0/><G0/><T9/><REACH who="0" step="1"/><D19/><REACH who="0" ten="239,158,233,360" step="2"/><U60/><E2/><V22/><F113/><W133/><G119/><T24/><D24/><U55/><E132/><V57/><F126/><W36/><G133/><T85/><AGARI ba="0,1" hai="9,11,12,16,23,41,45,49,78,80,85,128,130,131" machi="85" ten="30,12000,2" yaku="1,1,0,1,19,1,54,1,53,3" doraHai="27" doraHaiUra="127" who="0" fromWho="0" sc="239,130,158,-30,233,-60,360,-30" /><INIT seed="7,0,0,3,2,51" ten="369,128,173,330" oya="3" hai0="124,52,23,4,5,11,102,33,96,24,47,53,27" hai1="16,117,13,122,32,90,45,107,67,81,133,87,34" hai2="2,1,123,7,93,128,135,62,31,65,61,86,41" hai3="116,15,126,89,92,55,66,49,58,111,9,60,127"/><W12/><G116/><T29/><D124/><N who="3" m="47657" /><G111/><T18/><D47/><U94/><E122/><V44/><F62/><W46/><G9/><T76/><D76/><U30/><E117/><V77/><F31/><W10/><G10/><T112/><D112/><U54/><E133/><V72/><F93/><W17/><G17/><T20/><D33/><U56/><E107/><V83/><F86/><AGARI ba="0,0" hai="12,15,46,49,55,58,60,66,86,89,92" m="47657" machi="86" ten="30,2900,0" yaku="18,1,52,1" doraHai="51" who="3" fromWho="2" sc="369,0,128,0,173,-29,330,29" /><INIT seed="7,1,0,4,3,98" ten="369,128,144,359" oya="3" hai0="131,120,56,38,57,24,85,14,112,71,94,91,12" hai1="30,11,119,102,7,18,52,42,62,48,5,54,49" hai2="13,15,70,41,28,33,20,108,118,123,99,103,64" hai3="87,2,135,104,65,96,133,128,1,50,93,63,115"/><W88/><G115/><T8/><D120/><U67/><E119/><V25/><F108/><W45/><G128/><T97/><D38/><U76/><E30/><V86/><F118/><W82/><G104/><T81/><D71/><U39/><E39/><V78/><F123/><W111/><G111/><T124/><D131/><U134/><E134/><N who="3" m="51210" /><G50/><N who="1" m="19562" /><E42/><V9/><F41/><W61/><G45/><T46/><D112/><U4/><E102/><V53/><F53/><N who="1" m="20585" /><E76/><V44/><F44/><W73/><G73/><T16/><D124/><U101/><E101/><V32/><F32/><W17/><G17/><N who="0" m="8327" /><D24/><U60/><E67/><V125/><F125/><W80/><G80/><T100/><D46/><U127/><E127/><V37/><F37/><W110/><G110/><T31/><D31/><U22/><E11/><AGARI ba="1,0" hai="11,14,16,56,57,81,85,91,94,97,100" m="8327" machi="11" ten="30,3900,0" yaku="8,1,52,1,54,1" doraHai="98" who="0" fromWho="1" sc="369,42,128,-42,144,0,359,0" owari="411,51.1,86,-41.4,144,-25.6,359,15.9" /></mjloggm>