<mjloggm ver="2.3"><GO type="169" lobby="0"/><UN n0="%E3%83%AA%E3%83%BC%E3%83%81%31%32%31%38" n1="%E5%9B%9B%E5%89%AF%E9%9C%B2%E5%8D%98%E9%A8%8E" n2="%73%61%69%63%68%61%6E%7A" n3="%E3%83%8A%E3%82%AB%E3%81%AB%E3%81%97" dan="16,16,16,17" rate="2024.49,2049.23,2161.89,2273.12" sx="M,F,M,M"/><TAIKYOKU oya="0"/><INIT seed="0,0,0,4,1,31" ten="250,250,250,250" oya="0" hai0="13,55,19,95,72,56,35,16,97,7,127,41,27" hai1="4,83,92,40,49,98,62,129,45,76,54,37,36" hai2="47,85,23,33,106,57,126,132,115,64,112,114,10" hai3="130,1,73,11,90,123,94,59,39,134,17,12,38"/><T5/><D127/><U105/><E129/><V8/><F33/><W102/><G73/><T119/><D72/><U58/><E105/><V110/><F106/><W29/><G130/><T117/><D41/><U14/><E98/><V96/><F126/><W68/><G68/><T121/><D121/><U78/><E92/><V125/><F125/><W43/><G134/><T44/><D44/><U103/><E103/><V2/><F132/><W93/><G123/><T21/><D119/><U113/><E113/><V82/><F2/><W3/><G29/><T133/><D133/><U86/><REACH who="1" step="1"/><E76/><REACH who="1" ten="250,240,250,250" step="2"/><V50/><F96/><W88/><G102/><T99/><D97/><U69/><E69/><V131/><F131/><W109/><G94/><T104/><D104/><U20/><E20/><V28/><F23/><W26/><G93/><T135/><D135/><U107/><E107/><V25/><F112/><W53/><G90/><N who="0" m="55799" /><D117/><U24/><E24/><V74/><F114/><W71/><G26/><T0/><D27/><U75/><E75/><V84/><F25/><W101/><G88/><T87/><D21/><U124/><E124/><V9/><F28/><W89/><G89/><T80/><D87/><U122/><E122/><V48/><F115/><W100/><G71/><T108/><D108/><U116/><E116/><V77/><F110/><W63/><G109/><T61/><D80/><U65/><E65/><V52/><REACH who="2" step="1"/><F64/><REACH who="2" ten="250,240,240,250" step="2"/><W46/><G101/><T66/><D66/><U6/><E6/><V118/><F118/><W32/><G100/><T18/><D7/><U81/><E81/><V60/><F60/><RYUUKYOKU ba="0,2" sc="250,-15,240,15,240,15,250,-15" hai1="4,14,36,37,40,45,49,54,58,62,78,83,86" hai2="8,9,10,47,48,50,52,57,74,77,82,84,85" /><INIT seed="1,1,2,0,2,9" ten="235,255,255,235" oya="1" hai0="86,36,87,59,79,116,69,71,97,73,55,101,95" hai1="35,109,64,4,38,46,10,37,104,25,115,117,68" hai2="32,33,77,58,114,118,17,8,75,93,2,85,56" hai3="3,6,96,103,47,102,94,23,57,39,125,27,88"/><U126/><E115/><V130/><F118/><W129/><G129/><T90/><D116/><U19/><E117/><V49/><F114/><W40/><G125/><T61/><D36/><U65/><E126/><V21/><F130/><W26/><G3/><T134/><D134/><U14/><E104/><V1/><F75/><W45/><G6/><T7/><D87/><U132/><E132/><V13/><F2/><W74/><G74/><T107/><REACH who="0" step="1"/><D7/><REACH who="0" ten="225,255,255,235" step="2"/><U11/><E38/><V52/><F77/><W60/><G45/><T62/><D62/><U83/><E37/><V119/><F119/><W28/><REACH who="3" step="1"/><G27/><REACH who="3" ten="225,255,255,225" step="2"/><T106/><D106/><U70/><E46/><V113/><F113/><W108/><G108/><T133/><D133/><U20/><E109/><V131/><F131/><W44/><G44/><T89/><D89/><U135/><E135/><V127/><F127/><W54/><AGARI ba="1,4" hai="23,26,28,39,40,47,54,57,60,88,94,96,102,103" machi="54" ten="20,5200,0" yaku="1,1,0,1,7,1,54,1,53,0" doraHai="9" doraHaiUra="124" who="3" fromWho="3" sc="225,-14,255,-27,255,-14,225,95" /><INIT seed="2,0,0,5,0,84" ten="211,228,241,320" oya="2" hai0="124,74,12,11,1,3,75,58,39,51,65,0,72" hai1="103,29,59,133,78,30,24,132,89,48,85,21,43" hai2="16,126,117,115,36,9,79,50,15,118,60,110,45" hai3="76,5,82,127,128,31,22,63,7,135,87,4,130"/><V77/><F115/><W46/><G127/><T108/><D39/><U86/><E103/><V95/><F126/><W55/><G135/><T94/><D124/><U49/><E30/><V54/><F36/><W112/><G112/><T101/><D108/><U81/><E59/><V129/><F129/><W90/><G76/><T34/><D34/><U106/><E106/><V13/><F110/><W20/><G31/><T26/><D26/><U28/><E28/><V105/><F105/><W99/><G99/><T88/><D101/><U14/><E14/><V47/><F47/><W41/><G55/><T17/><D51/><U62/><E62/><V111/><F111/><W44/><G63/><T131/><D131/><N who="3" m="50217" /><G44/><T66/><REACH who="0" step="1"/><D58/><REACH who="0" ten="201,228,241,320" step="2"/><U121/><E49/><AGARI ba="0,1" hai="4,5,7,20,22,41,46,49,82,87,90" m="50217" machi="49" ten="30,2000,0" yaku="19,1,52,1" doraHai="84" who="3" fromWho="1" sc="201,0,228,-20,241,0,320,30" /><INIT seed="3,0,0,2,4,93" ten="201,208,241,350" oya="3" hai0="48,53,132,116,85,36,117,122,55,34,82,112,69" hai1="41,99,26,119,25,8,74,39,91,4,104,111,28" hai2="135,110,21,37,67,11,109,103,29,75,76,63,89" hai3="115,84,54,40,65,64,57,14,107,114,32,66,58"/><W49/><G107/><T17/><D34/><U127/><E74/><V77/><F37/><W126/><G32/><T35/><D35/><U123/><E123/><V108/><F135/><W120/><G14/><T96/><D122/><U70/><E70/><V47/><F47/><W62/><G120/><T79/><D36/><U100/><E111/><V2/><F103/><W19/><G19/><T59/><D69/><U81/><E127/><V101/><F101/><W131/><G84/><T56/><D112/><U134/><E134/><V102/><F102/><W68/><G126/><T106/><D132/><U95/><E119/><V90/><F11/><W0/><G0/><T80/><D106/><U3/><E81/><N who="2" m="45215" /><F77/><W51/><G131/><T15/><D82/><U118/><E118/><V5/><F5/><W33/><G33/><T130/><D130/><U105/><E28/><V52/><F2/><W44/><REACH who="3" step="1"/><G68/><REACH who="3" ten="201,208,241,340" step="2"/><T16/><D17/><U97/><REACH who="1" step="1"/><E104/><REACH who="1" ten="201,198,241,340" step="2"/><V31/><F110/><W129/><G129/><T42/><D117/><U88/><E88/><V60/><F90/><W30/><G30/><T50/><D116/><U12/><E12/><V9/><F89/><W83/><G83/><T121/><D121/><U72/><E72/><V43/><F31/><W46/><G46/><AGARI ba="0,2" hai="3,4,8,25,26,39,41,46,91,95,97,99,100,105" machi="46" ten="40,5200,0" yaku="1,1,52,2,53,0" doraHai="93" doraHaiUra="124" who="1" fromWho="3" sc="201,0,198,72,241,0,340,-52" /><INIT seed="4,0,0,3,0,83" ten="201,270,241,288" oya="0" hai0="37,92,6,133,20,114,64,9,109,44,88,41,16" hai1="50,69,29,39,12,28,25,15,89,21,115,73,78" hai2="2,106,14,49,23,45,52,11,55,128,71,102,38" hai3="94,67,7,58,19,66,127,85,77,117,101,65,132"/><T26/><D114/><U103/><E39/><V87/><F128/><W35/><G35/><T32/><D133/><U63/><E103/><V82/><F71/><W42/><G117/><T122/><D109/><U22/><E115/><V18/><F38/><W129/><G129/><T126/><D126/><U68/><E73/><V113/><F113/><W31/><G132/><T59/><D122/><U75/><E78/><V34/><F34/><W40/><G7/><T100/><D100/><U134/><E75/><V8/><F2/><W36/><G31/><T84/><D32/><U120/><E50/><V97/><REACH who="2" step="1"/><F55/><REACH who="2" ten="201,270,231,288" step="2"/><W108/><G36/><T118/><D118/><U53/><E53/><V110/><F110/><W96/><G108/><T131/><D131/><U47/><E69/><V17/><F17/><W33/><G33/><T48/><D37/><U10/><E68/><V72/><F72/><W123/><G123/><T86/><D64/><U51/><E134/><V74/><F74/><W54/><G19/><T5/><D59/><U125/><E120/><V70/><F70/><W3/><G3/><T99/><D5/><U124/><E124/><V105/><F105/><W112/><G112/><T93/><D93/><U104/><E104/><V46/><F46/><W27/><G127/><T43/><D41/><U30/><E47/><V79/><AGARI ba="0,1" hai="8,11,14,18,23,45,49,52,79,82,87,97,102,106" machi="79" ten="20,12000,2" yaku="1,1,0,1,7,1,52,1,54,1,53,2" doraHai="83" doraHaiUra="4" who="2" fromWho="2" sc="201,-60,270,-30,231,130,288,-30" /><INIT seed="5,0,0,0,3,28" ten="141,240,361,258" oya="1" hai0="107,100,40,95,57,6,91,99,62,110,37,82,16" hai1="72,21,22,49,23,69,68,123,34,32,8,116,114" hai2="15,1,98,31,118,54,89,94,48,43,109,53,41" hai3="74,121,83,10,25,19,97,86,45,63,0,12,75"/><U117/><E72/><V47/><F1/><W2/><G121/><T104/><D6/><U44/><E123/><V73/><F118/><W130/><G130/><T58/><D110/><U42/><E114/><V20/><F109/><W122/><G122/><T33/><D82/><U38/><E8/><V105/><F105/><W125/><G125/><T84/><D107/><U51/><E38/><V13/><F73/><W30/><G75/><T3/><D3/><U120/><E120/><V60/><F54/><W52/><G97/><T26/><D62/><U55/><E116/><V85/><F85/><W78/><G74/><T131/><D131/><U96/><E96/><V119/><F119/><W134/><G134/><T88/><D91/><U14/><E14/><N who="2" m="5131" /><F60/><W127/><G127/><T11/><D11/><U18/><E18/><V93/><F94/><W81/><G81/><T106/><D106/><U29/><E117/><V112/><F112/><W61/><G61/><T46/><REACH who="0" step="1"/><D33/><REACH who="0" ten="131,240,361,258" step="2"/><U77/><E77/><V59/><F89/><W101/><G101/><T35/><D35/><U7/><E34/><V111/><F93/><W76/><G63/><T70/><D70/><U133/><E7/><V79/><F111/><W87/><G78/><T108/><D108/><U50/><E133/><V92/><F92/><W102/><G102/><T9/><D9/><U5/><E5/><V36/><F79/><W115/><G0/><T124/><D124/><U39/><REACH who="1" step="1"/><E55/><REACH who="1" ten="131,230,361,258" step="2"/><V66/><F53/><W128/><G52/><T80/><D80/><U64/><E64/><V4/><F66/><W126/><G83/><RYUUKYOKU ba="0,2" sc="131,15,230,15,361,-15,258,-15" hai0="16,26,37,40,46,57,58,84,88,95,99,100,104" hai1="21,22,23,29,32,39,42,44,49,50,51,68,69" /><INIT seed="5,1,2,2,5,1" ten="146,245,346,243" oya="1" hai0="86,79,58,4,32,93,119,51,11,57,123,98,66" hai1="89,0,69,74,126,102,129,82,99,60,124,34,78" hai2="28,22,92,95,106,44,91,84,24,120,101,3,100" hai3="27,125,31,46,54,76,41,5,112,62,94,8,20"/><U103/><E34/><V13/><F3/><W130/><G112/><T77/><D32/><U45/><E0/><V15/><F120/><W17/><G130/><T131/><D123/><U59/><E69/><V50/><F106/><W33/><G125/><N who="1" m="48234" /><E45/><V12/><REACH who="2" step="1"/><F95/><REACH who="2" ten="146,245,336,243" step="2"/><W127/><G94/><T110/><D93/><N who="1" m="56751" /><E129/><V73/><F73/><W25/><G127/><T6/><D131/><U114/><E114/><V121/><F121/><W117/><G117/><T19/><D119/><U135/><E135/><V108/><F108/><W85/><G33/><T71/><D110/><U107/><E107/><V111/><F111/><W105/><G105/><T97/><D71/><U133/><E133/><V47/><F47/><W63/><G46/><T9/><D66/><AGARI ba="1,3" hai="59,60,66,74,78,82,102,103" m="56751,48234" machi="66" ten="30,1500,0" yaku="18,1" doraHai="1" who="1" fromWho="0" sc="146,-18,245,48,336,0,243,0" /><INIT seed="5,2,0,5,5,21" ten="128,293,336,243" oya="1" hai0="114,39,90,133,35,100,18,125,44,15,33,66,123" hai1="130,38,12,80,78,91,49,46,107,118,92,106,36" hai2="65,16,87,29,103,121,47,19,126,34,11,7,82" hai3="72,53,81,63,84,57,119,120,111,83,129,77,71"/><U112/><E118/><V14/><F121/><W99/><G120/><T37/><D100/><U13/><E112/><V104/><F126/><W6/><G111/><T17/><D123/><U89/><E130/><V105/><F65/><W134/><G129/><T43/><D114/><U25/><E78/><V113/><F113/><W74/><G134/><T32/><D133/><U3/><E3/><V50/><F103/><W26/><G119/><T135/><D135/><U73/><E73/><V117/><F117/><W45/><G6/><T86/><D125/><U132/><E132/><V27/><F104/><W116/><G71/><T88/><D37/><U75/><E75/><V4/><F105/><W48/><G116/><T23/><D66/><U109/><E80/><V68/><F68/><W124/><G124/><T122/><D122/><U56/><E56/><V24/><F24/><W110/><G110/><T10/><REACH who="0" step="1"/><D86/><REACH who="0" ten="118,293,336,243" step="2"/><U70/><E38/><V55/><REACH who="2" step="1"/><F4/><REACH who="2" ten="118,293,326,243" step="2"/><W97/><G72/><T42/><D42/><U76/><E109/><V40/><F40/><W102/><G102/><T79/><D79/><AGARI ba="2,2" hai="7,11,14,16,19,27,29,34,47,50,55,79,82,87" machi="79" ten="30,7700,0" yaku="1,1,7,1,52,1,54,1,53,0" doraHai="21" doraHaiUra="67" who="2" fromWho="0" sc="118,-83,293,0,326,103,243,0" /><INIT seed="6,0,0,0,1,91" ten="35,293,429,243" oya="2" hai0="88,56,2,99,83,127,69,128,72,41,7,46,115" hai1="23,66,125,119,97,70,84,117,134,129,81,38,87" hai2="73,135,120,76,4,22,43,77,60,36,85,21,93" hai3="80,53,34,5,1,63,39,45,133,118,58,30,111"/><V27/><F120/><W49/><G118/><T6/><D69/><U59/><E38/><V12/><F135/><W102/><G111/><T64/><D115/><U122/><E70/><V103/><F73/><W131/><G131/><T96/><D128/><U75/><E23/><V35/><F35/><W109/><G109/><T40/><D127/><U32/><E32/><V25/><F43/><W123/><G123/><T31/><D31/><U67/><E122/><V16/><F36/><W10/><G133/><T62/><D2/><U65/><E134/><V105/><F105/><W11/><G11/><T86/><D72/><U3/><E3/><V61/><F77/><W13/><G80/><T52/><D64/><U74/><E129/><V17/><F76/><W48/><G1/><T101/><D99/><U78/><E125/><V29/><F4/><W44/><G39/><T55/><D55/><U92/><E59/><V47/><F47/><W104/><G104/><T124/><D124/><U57/><E57/><V71/><F71/><W95/><G30/><T0/><D0/><U110/><E75/><V79/><F79/><W68/><G34/><T37/><REACH who="0" step="1"/><D41/><REACH who="0" ten="25,293,429,243" step="2"/><U15/><E110/><V24/><F29/><W106/><G68/><T20/><D20/><U33/><E33/><V42/><F42/><W114/><G114/><T89/><D89/><U51/><E74/><V9/><F22/><W116/><G53/><T107/><AGARI ba="0,1" hai="6,7,37,40,46,52,56,62,83,86,88,96,101,107" machi="107" ten="20,8000,1" yaku="1,1,0,1,7,1,54,2,53,0" doraHai="91" doraHaiUra="28" who="0" fromWho="0" sc="25,90,293,-20,429,-40,243,-20" /><INIT seed="7,0,0,1,4,30" ten="115,273,389,223" oya="3" hai0="97,107,31,117,65,95,26,24,59,103,92,57,109" hai1="119,37,56,90,32,45,112,116,58,4,110,101,78" hai2="54,33,120,100,125,121,69,36,134,6,88,130,38" hai3="72,76,124,61,123,74,62,17,43,105,132,9,3"/><W11/><G123/><N who="2" m="47177" /><F33/><W96/><G132/><T39/><D109/><U114/><E110/><V73/><F134/><W40/><G105/><T128/><D128/><U113/><E32/><V104/><F130/><W70/><G96/><T27/><D117/><N who="1" m="45131" /><E78/><V16/><F125/><W63/><G76/><T28/><D39/><U18/><E4/><V77/><F69/><W111/><G70/><T64/><D107/><U25/><E101/><V80/><F6/><W91/><G111/><T46/><D95/><U115/><E115/><V82/><F54/><W133/><G91/><T14/><D46/><U53/><E90/><V42/><F42/><W51/><G51/><T85/><D85/><U102/><E102/><V44/><F44/><W23/><G3/><T20/><D31/><U86/><E86/><N who="2" m="50247" /><F16/><W98/><G98/><AGARI ba="0,0" hai="36,38,73,77,82,98,100,104" m="50247,47177" machi="98" ten="30,2000,0" yaku="13,1,54,1" doraHai="30" who="2" fromWho="3" sc="115,0,273,0,389,20,223,-20" owari="115,-38.5,273,7.3,409,50.9,203,-19.7" /></mjloggm>