<mjloggm ver="2.3"><GO type="225" lobby="0"/><UN n0="%E9%A6%AC%E5%BC%95%E7%81%AB%33" n1="%E3%81%82%E3%81%84%E3%81%82%E3%81%8A%E3%81%84" n2="%E5%91%A8%E6%9D%B1" n3="%E6%97%A5%E6%9B%9C%E6%97%A5%E3%82%88%E3%82%8A%E3%81%AE%E4%BD%BF%E8%80%85" dan="16,18,16,17" rate="2141.22,2203.23,2186.31,2195.09" sx="M,M,M,M"/><TAIKYOKU oya="0"/><INIT seed="0,0,0,2,1,78" ten="250,250,250,250" oya="0" hai0="55,33,110,116,98,127,86,2,26,89,67,114,12" hai1="111,54,35,28,37,9,59,65,76,6,45,30,53" hai2="130,36,41,75,52,72,91,58,13,10,118,32,34" hai3="44,132,23,56,95,5,131,57,63,105,108,42,100"/><T106/><D114/><U71/><E111/><V64/><F118/><W25/><G105/><T109/><D116/><U104/><E104/><V49/><F130/><W50/><G108/><N who="0" m="41579" /><D2/><U24/><E30/><V61/><F91/><W134/><G5/><T81/><D127/><U46/><E76/><V18/><F34/><W60/><G131/><T96/><D67/><U68/><E54/><V74/><F32/><W88/><G100/><T102/><D98/><U97/><E97/><V48/><REACH who="2" step="1"/><F64/><REACH who="2" ten="250,250,240,250" step="2"/><W113/><G113/><T47/><D33/><U124/><E65/><V121/><F121/><W1/><G134/><T92/><D12/><U80/><E124/><V84/><F84/><W87/><G132/><T51/><D26/><U40/><E46/><AGARI ba="0,1" hai="10,13,18,36,41,46,48,49,52,58,61,72,74,75" machi="46" ten="40,2600,0" yaku="1,1,54,1,53,0" doraHai="78" doraHaiUra="128" who="2" fromWho="1" sc="250,0,250,-26,240,36,250,0" /><INIT seed="1,0,0,3,5,98" ten="250,224,276,250" oya="1" hai0="102,55,20,83,14,117,84,50,34,86,62,99,35" hai1="118,9,6,51,0,74,91,56,52,116,44,65,8" hai2="25,90,17,4,13,58,5,60,69,36,24,130,88" hai3="79,68,27,37,122,42,92,134,21,109,87,126,63"/><U3/><E74/><V97/><F69/><W114/><G114/><T94/><D117/><U78/><E78/><V40/><F130/><W101/><G122/><T49/><D62/><U110/><E110/><V15/><F36/><W128/><G37/><T46/><D86/><U31/><E31/><V85/><F40/><W12/><G68/><T111/><D111/><U29/><E29/><V19/><F97/><N who="3" m="59559" /><G42/><T82/><D82/><U108/><E108/><V41/><F41/><W105/><G105/><T132/><D132/><U10/><E91/><V54/><F90/><W115/><G115/><T61/><D61/><U131/><E131/><V16/><F13/><W59/><G128/><T71/><D71/><U30/><E30/><V32/><F32/><W129/><G129/><T96/><D96/><U135/><E135/><V104/><F104/><W45/><G45/><T125/><D125/><U121/><E121/><V73/><F73/><W33/><G33/><T76/><D49/><U23/><E23/><V67/><F67/><W127/><G12/><T107/><D107/><U81/><E81/><N who="2" m="49199" /><F15/><W53/><G134/><T11/><D20/><U2/><REACH who="1" step="1"/><E6/><AGARI ba="0,0" hai="4,5,6,16,17,19,24,25,54,58,60" m="49199" machi="6" ten="30,3900,0" yaku="8,1,54,2" doraHai="98" who="2" fromWho="1" sc="250,0,224,-39,276,39,250,0" /><AGARI ba="0,0" hai="6,11,14,34,35,46,50,55,76,83,84,94,99,102" machi="6" ten="30,2000,0" yaku="7,1,52,1" doraHai="98" who="0" fromWho="1" sc="250,20,185,-20,315,0,250,0" /><INIT seed="2,0,0,1,5,8" ten="270,165,315,250" oya="2" hai0="84,29,7,97,18,53,46,30,47,20,101,39,5" hai1="62,44,91,0,104,73,96,65,85,15,64,68,134" hai2="31,109,6,119,76,132,88,123,116,52,10,95,34" hai3="111,80,110,74,14,54,49,60,81,71,129,37,67"/><V121/><F76/><W107/><G107/><T33/><D33/><U86/><E0/><V69/><F69/><W108/><G129/><T56/><D84/><U48/><E73/><V90/><F132/><W22/><G37/><T66/><D66/><U77/><E134/><V124/><F124/><W16/><REACH who="3" step="1"/><G74/><REACH who="3" ten="270,165,315,240" step="2"/><T24/><D39/><U61/><E77/><V98/><F121/><W78/><G78/><T19/><D97/><U120/><E120/><V23/><F123/><W2/><G2/><T21/><D101/><U28/><E104/><V41/><F116/><W50/><G50/><T93/><D93/><U102/><E102/><V59/><F119/><W38/><G38/><T42/><D42/><U26/><E96/><V100/><F41/><W58/><AGARI ba="0,1" hai="14,16,22,49,54,58,60,67,71,80,81,108,110,111" machi="58" ten="30,12000,2" yaku="1,1,0,1,14,1,52,1,54,1,53,1" doraHai="8" doraHaiUra="63" who="3" fromWho="3" sc="270,-30,165,-30,315,-60,240,130" /><INIT seed="3,0,0,5,3,38" ten="240,135,255,370" oya="3" hai0="90,63,122,64,120,39,45,37,54,94,81,56,73" hai1="15,123,21,7,4,95,66,103,25,108,57,128,60" hai2="31,135,69,35,129,118,0,100,80,110,104,134,76" hai3="106,117,55,61,41,53,115,126,51,19,44,36,71"/><W109/><G106/><T9/><D37/><U8/><E123/><V99/><F118/><W43/><G19/><T87/><D9/><U127/><E108/><V132/><F110/><W74/><G74/><T133/><D133/><U40/><E127/><V5/><F129/><W105/><G105/><T26/><D26/><U3/><E128/><V98/><F98/><W13/><G13/><T111/><D111/><U114/><E114/><V124/><F124/><W96/><G96/><T50/><D73/><U2/><E7/><V42/><F42/><W23/><G23/><T121/><D39/><U32/><E32/><V125/><F125/><W22/><G22/><T27/><D27/><U82/><E82/><V11/><F69/><W91/><G91/><T67/><D81/><U119/><E119/><V10/><F10/><W47/><G117/><T62/><D121/><U85/><E85/><V89/><F89/><W16/><G126/><T18/><D18/><U93/><E93/><V107/><F107/><W46/><G16/><T48/><D63/><U52/><E40/><V1/><F31/><W102/><G41/><T24/><D94/><U131/><E131/><V86/><F35/><W14/><G43/><T75/><D75/><U116/><E116/><V30/><F30/><W68/><G36/><T112/><D87/><U58/><E95/><V33/><F33/><W72/><G109/><T17/><D112/><U29/><REACH who="1" step="1"/><E103/><REACH who="1" ten="240,125,255,370" step="2"/><V34/><F34/><W65/><G102/><T84/><D120/><U101/><E101/><V97/><F100/><W79/><G115/><T92/><D122/><RYUUKYOKU ba="0,1" sc="240,-10,125,30,255,-10,370,-10" hai1="2,3,4,8,15,21,25,29,52,57,58,60,66" owari="230,-17.0,155,-34.5,245,4.5,370,47.0" /></mjloggm>