<mjloggm ver="2.3"><GO type="225" lobby="0"/><UN n0="%E3%83%96%E3%83%83%E3%83%91%E3%82%AA%E3%83%96%E3%83%81%E3%82%AD%E3%83%B3" n1="%E3%82%BC%E3%83%AB%E3%83%80%E3%81%AE%E4%BC%9D%E8%AA%AC" n2="%70%68%65%6E%6F%6D%65" n3="%E3%81%BF%E3%81%BF%E3%81%9A" dan="16,17,16,17" rate="2127.26,2114.60,2174.33,2261.83" sx="M,M,M,M"/><TAIKYOKU oya="0"/><INIT seed="0,0,0,3,4,74" ten="250,250,250,250" oya="0" hai0="100,119,26,78,59,53,91,61,33,36,68,60,71" hai1="132,16,66,58,15,55,43,39,70,118,94,122,87" hai2="115,77,82,85,135,134,126,73,76,98,103,4,97" hai3="8,83,125,93,20,110,63,96,111,114,95,31,47"/><T108/><D119/><U109/><E122/><V56/><F4/><W7/><G114/><T37/><D100/><U65/><E118/><V3/><F3/><W116/><G116/><T104/><D104/><U62/><E109/><N who="3" m="41482" /><G125/><T130/><D108/><U30/><E132/><N who="2" m="50731" /><F115/><W84/><G63/><T24/><D130/><U50/><E30/><V19/><F126/><W131/><G131/><T57/><D91/><U124/><E124/><V6/><F6/><W64/><G64/><T1/><D1/><U10/><E65/><V90/><F73/><W12/><G47/><T113/><D113/><U106/><E106/><N who="2" m="63855" /><F56/><W75/><G75/><T49/><D49/><U42/><REACH who="1" step="1"/><E39/><REACH who="1" ten="250,240,250,250" step="2"/><V79/><F19/><N who="3" m="10343" /><G31/><T81/><D33/><U44/><E44/><V105/><F105/><W123/><G123/><T17/><D17/><U41/><E41/><V129/><F129/><W51/><G51/><T48/><D48/><U32/><E32/><V2/><F2/><N who="3" m="119" /><G96/><AGARI ba="0,1" hai="76,77,79,82,85,90,96,98" m="63855,50731" machi="96" ten="30,12000,2" yaku="20,1,34,2,52,3" doraHai="74" who="2" fromWho="3" sc="250,0,240,0,250,130,250,-120" /><INIT seed="1,0,0,1,1,78" ten="250,240,380,130" oya="1" hai0="105,95,62,134,103,64,1,113,107,82,79,49,54" hai1="55,97,100,75,114,48,46,30,2,4,84,112,77" hai2="101,93,89,70,120,13,15,111,65,40,42,132,18" hai3="10,24,124,110,47,60,31,45,126,94,131,58,68"/><U125/><E75/><V6/><F120/><W35/><G68/><T98/><D113/><U44/><E125/><V34/><F34/><W63/><G110/><T66/><D1/><U81/><E30/><V127/><F111/><W76/><G131/><T16/><D134/><U38/><E4/><V22/><F132/><W14/><G63/><T61/><D61/><U86/><E2/><V25/><F127/><W36/><G124/><T21/><D64/><U92/><REACH who="1" step="1"/><E86/><REACH who="1" ten="250,230,380,130" step="2"/><V116/><F6/><W37/><G126/><T32/><D32/><U33/><E33/><V50/><F18/><W115/><G115/><T20/><D16/><U96/><E96/><V43/><F116/><W39/><G76/><T80/><D98/><U51/><E51/><V118/><F50/><W121/><G121/><T23/><D49/><U99/><E99/><V8/><F118/><W85/><G85/><T19/><D19/><U130/><E130/><V119/><F119/><W73/><G73/><T87/><D87/><U67/><E67/><V69/><F65/><W122/><G122/><T108/><D66/><U71/><E71/><V123/><F123/><W7/><REACH who="3" step="1"/><G94/><REACH who="3" ten="250,230,380,120" step="2"/><T90/><D95/><U57/><E57/><V3/><F70/><W133/><G133/><T41/><D79/><U102/><E102/><V53/><F101/><W106/><G106/><T27/><D103/><U88/><E88/><V128/><F69/><W72/><G72/><T5/><D90/><U117/><E117/><V135/><F128/><W59/><G59/><T0/><D107/><U52/><E52/><AGARI ba="0,2" hai="7,10,14,24,31,35,36,37,39,45,47,52,58,60" machi="52" ten="40,5200,0" yaku="1,1,54,1,53,1" doraHai="78" doraHaiUra="9" who="3" fromWho="1" sc="250,0,230,-52,380,0,120,72" /><INIT seed="2,0,0,3,0,42" ten="250,178,380,192" oya="2" hai0="108,68,107,83,51,79,125,29,46,2,31,8,103" hai1="115,64,101,118,19,75,43,102,63,81,5,132,14" hai2="112,104,57,33,30,78,25,128,113,32,71,95,106" hai3="93,11,62,123,50,124,129,56,55,114,0,84,13"/><V4/><F71/><W70/><G123/><T105/><D68/><U52/><E115/><V133/><F128/><W49/><G129/><T131/><D131/><U67/><E118/><V35/><F133/><W37/><G37/><T134/><D134/><U122/><E132/><V89/><F78/><W82/><G0/><T76/><D108/><U7/><E122/><V119/><F119/><W65/><G114/><T109/><D109/><U36/><E75/><V98/><F4/><N who="1" m="1609" /><E36/><V10/><F10/><W38/><G93/><T34/><D125/><U130/><E43/><V24/><F113/><W27/><G38/><T53/><D2/><U39/><E81/><V3/><F3/><W9/><G124/><T127/><D127/><U126/><E39/><V26/><F30/><W100/><G100/><N who="1" m="38506" /><E126/><V74/><F74/><W91/><G27/><T41/><D83/><U15/><E130/><V18/><F18/><W61/><G9/><T21/><D8/><N who="1" m="6599" /><E15/><V59/><F112/><W87/><G84/><T23/><D107/><U117/><E117/><V77/><F106/><W20/><G20/><T54/><D21/><U135/><E135/><V88/><F104/><W66/><REACH who="3" step="1"/><G55/><REACH who="3" ten="250,178,380,182" step="2"/><T60/><D54/><U69/><E69/><V90/><F95/><W72/><G72/><T48/><D23/><U120/><E120/><V92/><F92/><W121/><G121/><T73/><D53/><U6/><N who="1" m="1617" /><AGARI ba="0,1" hai="6,11,13,49,50,56,61,62,65,66,70,82,87,91" machi="6" ten="30,3900,0" yaku="1,1,3,1,7,1,53,0" doraHai="42" doraHaiUra="17" who="3" fromWho="1" sc="250,0,178,-39,380,0,182,49" /><INIT seed="3,0,0,2,5,34" ten="250,139,380,231" oya="3" hai0="2,0,10,8,85,18,25,130,75,17,114,93,71" hai1="94,14,21,37,117,106,132,100,87,40,1,35,9" hai2="24,11,73,103,74,59,84,44,16,3,15,52,28" hai3="43,76,62,69,90,134,68,108,66,46,125,31,116"/><W86/><G116/><T67/><D75/><U82/><E132/><V13/><F3/><N who="0" m="1066" /><D67/><U54/><E117/><V65/><F103/><W51/><G134/><T121/><D85/><U102/><E35/><V7/><F44/><W127/><G31/><T27/><D93/><U57/><E106/><V39/><F39/><W96/><G96/><T79/><D79/><U5/><E37/><V58/><F65/><W126/><G108/><T98/><D98/><U19/><E40/><V49/><F59/><W61/><G76/><T56/><D56/><U47/><E47/><V4/><F4/><W115/><G115/><T135/><D71/><N who="3" m="27209" /><G66/><T101/><D101/><U53/><E53/><V97/><F97/><W92/><AGARI ba="0,0" hai="43,46,51,61,62,86,90,92,125,126,127" m="27209" machi="92" ten="40,2100,0" yaku="18,1" doraHai="34" who="3" fromWho="3" sc="250,-7,139,-7,380,-7,231,21" /><INIT seed="3,1,0,3,2,44" ten="243,132,373,252" oya="3" hai0="37,18,50,20,0,83,73,5,48,68,35,1,75" hai1="9,79,62,71,46,101,86,125,119,57,121,90,133" hai2="126,88,54,132,95,36,77,13,34,124,85,10,92" hai3="25,7,107,135,134,106,59,114,130,15,105,123,97"/><W27/><G114/><T2/><D68/><U66/><E121/><V32/><F132/><N who="3" m="50731" /><G123/><T89/><D37/><U96/><E133/><V38/><F77/><W100/><G130/><T129/><D35/><N who="2" m="13354" /><F54/><W118/><G118/><T53/><D5/><U12/><E125/><N who="2" m="48235" /><F92/><N who="3" m="58407" /><G59/><T102/><D102/><U3/><E119/><V113/><F113/><W65/><G65/><T131/><D89/><U82/><E3/><V84/><F85/><W4/><G4/><AGARI ba="1,0" hai="4,10,13,36,38,84,88,95" m="48235,13354" machi="4" ten="30,2000,0" yaku="18,1,54,1" doraHai="44" who="2" fromWho="3" sc="243,0,132,0,373,23,252,-23" owari="243,4.3,132,-36.8,396,49.6,229,-17.1" /></mjloggm>