<mjloggm ver="2.3"><GO type="169" lobby="0"/><UN n0="%68%69%74%6F%6D%69" n1="%E7%A7%98%E6%89%93%E7%99%BD%E9%B3%A5%E3%81%AE%E6%B9%96" n2="%70%6F%72%66%65%76%72%65" n3="%E3%81%BE%E3%81%A8%E3%81%9F" dan="16,17,16,16" rate="2104.99,2139.82,2133.93,2108.65" sx="F,M,M,M"/><TAIKYOKU oya="0"/><INIT seed="0,0,0,0,2,4" ten="250,250,250,250" oya="0" hai0="40,63,105,44,72,116,121,22,104,95,18,11,5" hai1="16,35,102,29,39,61,43,98,14,134,78,106,54" hai2="55,56,26,76,107,79,124,50,0,10,2,34,42" hai3="122,111,83,33,57,119,82,125,99,115,71,12,73"/><T81/><D116/><U48/><E134/><V80/><F107/><W132/><RYUUKYOKU type="yao9" ba="0,0" sc="250,0,250,0,250,0,250,0" hai3="12,33,57,71,73,82,83,99,111,115,119,122,125,132" /><INIT seed="0,1,0,3,5,77" ten="250,250,250,250" oya="0" hai0="47,98,53,129,8,101,83,110,72,130,70,59,0" hai1="21,96,103,104,32,11,54,99,48,18,123,71,126" hai2="4,125,62,25,45,69,73,115,6,128,127,49,41" hai3="65,20,14,93,88,35,75,102,131,92,86,85,34"/><T63/><D110/><U94/><E123/><V90/><F115/><W105/><G131/><N who="0" m="50187" /><D70/><U91/><E126/><N who="2" m="48139" /><F128/><W22/><G75/><T116/><D116/><U26/><E71/><V7/><F73/><W118/><G105/><N who="0" m="63671" /><D47/><U95/><E32/><V111/><F111/><W56/><G118/><T13/><D0/><U60/><E104/><V134/><F134/><W97/><G86/><T81/><D72/><U12/><E60/><V23/><F90/><W133/><G133/><T5/><AGARI ba="1,0" hai="5,8,13,53,59,63,81,83" m="63671,50187" machi="5" ten="30,6000,0" yaku="19,1,52,2" doraHai="77" who="0" fromWho="0" sc="250,63,250,-21,250,-21,250,-21" /><INIT seed="0,2,0,3,3,15" ten="313,229,229,229" oya="0" hai0="27,45,121,102,81,94,93,56,5,20,128,100,60" hai1="17,135,108,13,124,132,131,80,109,33,86,123,11" hai2="63,28,42,101,70,16,3,78,48,76,113,54,37" hai3="2,39,92,98,64,58,49,134,57,79,107,14,41"/><T117/><D117/><U97/><E97/><V40/><F28/><W10/><G2/><T50/><D121/><U6/><E86/><V72/><F113/><W4/><G107/><T105/><D128/><U34/><E80/><V68/><F3/><W59/><G39/><T116/><D5/><U12/><E123/><V52/><F101/><N who="0" m="39018" /><D81/><U96/><E96/><V62/><F37/><W21/><G79/><T22/><D22/><N who="1" m="11559" /><E131/><V0/><F0/><W83/><G83/><T23/><D23/><U126/><E34/><V24/><F24/><W91/><G134/><N who="1" m="51242" /><E33/><V38/><F38/><W104/><G104/><T84/><D116/><U127/><AGARI ba="2,0" hai="6,11,13,108,109,124,126,127" m="51242,11559" machi="127" ten="40,8000,1" yaku="18,1,20,1,34,2,52,1" doraHai="15" who="1" fromWho="1" sc="313,-42,229,86,229,-22,229,-22" /><INIT seed="1,0,0,3,2,134" ten="271,315,207,207" oya="1" hai0="80,54,110,122,121,7,33,131,119,94,41,43,67" hai1="68,21,108,19,28,12,37,104,70,92,90,74,78" hai2="107,14,113,34,114,124,52,77,42,102,123,32,129" hai3="86,73,63,49,8,27,20,17,105,23,45,47,101"/><U58/><E104/><V10/><F123/><N who="0" m="47114" /><D110/><U132/><E37/><V46/><F77/><W87/><G73/><T48/><D119/><U0/><E0/><V22/><F22/><W60/><G105/><T97/><D33/><U109/><E132/><V133/><F133/><W31/><G8/><T91/><D131/><U71/><E28/><V96/><F129/><W72/><G72/><T25/><D25/><U84/><REACH who="1" step="1"/><E58/><REACH who="1" ten="271,305,207,207" step="2"/><V106/><F107/><W75/><G31/><T81/><D43/><U57/><E57/><V82/><F42/><W130/><G130/><T36/><D41/><U16/><E16/><V53/><F106/><W112/><G17/><T111/><D36/><U93/><E93/><V128/><F113/><W117/><G112/><T115/><D115/><U126/><E126/><V35/><F124/><W18/><G18/><T88/><D94/><U6/><E6/><V118/><F114/><W24/><G24/><T29/><D7/><U79/><E79/><V5/><F128/><W125/><G27/><T30/><D29/><U13/><E13/><V50/><F118/><W69/><G117/><T61/><D30/><U11/><E11/><V38/><F38/><W4/><G125/><T64/><D81/><AGARI ba="0,1" hai="12,19,21,68,70,71,74,78,81,84,90,92,108,109" machi="81" ten="50,4800,0" yaku="1,1,53,1" doraHai="134" doraHaiUra="76" who="1" fromWho="0" sc="271,-48,305,58,207,0,207,0" /><INIT seed="1,1,0,0,4,62" ten="223,363,207,207" oya="1" hai0="63,51,110,124,91,23,29,61,118,117,31,135,133" hai1="20,131,94,79,33,45,99,71,113,43,83,44,35" hai2="47,122,74,129,134,120,22,112,37,60,101,76,46" hai3="56,78,73,58,41,70,106,121,18,55,36,68,114"/><U105/><E113/><V49/><F101/><W25/><G106/><T109/><D51/><U13/><E105/><V107/><F107/><W115/><G78/><T8/><D91/><U48/><E71/><V80/><F112/><W84/><G73/><T98/><D98/><U30/><E131/><V100/><F100/><W104/><G84/><T5/><D124/><U126/><E126/><V2/><F129/><W77/><G77/><T97/><D97/><U10/><E45/><V132/><F22/><W75/><G75/><T12/><D23/><U130/><E20/><V0/><F60/><W89/><G89/><T87/><D87/><U40/><E40/><V39/><F47/><N who="3" m="23975" /><G70/><T52/><D52/><U11/><E30/><N who="0" m="11273" /><D63/><U95/><E130/><V14/><F14/><W15/><G15/><T64/><D118/><U57/><E13/><V4/><F49/><N who="3" m="30831" /><G68/><N who="0" m="41999" /><D117/><U108/><E99/><V59/><F59/><W42/><G58/><T69/><D69/><U102/><E57/><V82/><F80/><W26/><G104/><T66/><D12/><U96/><E94/><V54/><F54/><W53/><G53/><T21/><D21/><U65/><E83/><V3/><F4/><W16/><G42/><T93/><D93/><U92/><E92/><V127/><F127/><W85/><G85/><T32/><D8/><U6/><E95/><V19/><F19/><N who="3" m="7211" /><G121/><N who="2" m="46697" /><F46/><W119/><G119/><T72/><D5/><U1/><E6/><V9/><F9/><W67/><G67/><T27/><D72/><U128/><E128/><V24/><F24/><N who="3" m="9323" /><G115/><T17/><D66/><U28/><E65/><RYUUKYOKU ba="1,0" sc="223,-15,363,-15,207,15,207,15" hai2="0,2,3,37,39,74,76,82,132,134" hai3="114" /><INIT seed="2,2,0,3,2,76" ten="208,348,222,222" oya="2" hai0="8,35,106,22,25,14,131,133,2,60,59,122,112" hai1="20,128,79,13,29,80,100,28,47,24,9,6,64" hai2="89,135,109,5,83,62,110,17,23,84,30,46,123" hai3="75,63,43,99,45,37,120,74,0,126,1,4,50"/><V68/><F123/><W86/><G120/><T78/><D122/><U52/><E128/><V34/><F5/><W55/><G126/><T108/><D112/><U119/><E119/><V93/><F135/><W44/><G0/><T31/><D131/><U101/><E64/><N who="2" m="40983" /><F34/><W39/><G99/><T102/><D133/><U82/><E29/><V130/><F30/><W114/><G114/><T125/><D125/><U124/><E124/><V87/><F46/><W51/><G74/><T40/><D40/><U129/><E129/><V127/><F127/><W77/><G75/><T32/><D2/><U21/><E21/><V95/><F130/><W105/><G105/><T54/><D106/><U92/><E92/><V90/><F23/><W88/><G77/><T11/><D102/><N who="1" m="39531" /><E79/><V91/><F17/><W27/><G27/><T36/><D36/><U134/><E134/><V111/><F90/><W103/><G63/><T85/><D11/><U94/><E94/><AGARI ba="2,0" hai="83,84,87,89,91,93,94,95,109,110,111" m="40983" machi="94" ten="30,5800,0" yaku="14,1,10,1,52,1" doraHai="76" who="2" fromWho="1" sc="208,0,348,-64,222,64,222,0" /><INIT seed="2,3,0,3,2,23" ten="208,284,286,222" oya="2" hai0="71,57,83,108,107,131,68,85,42,82,134,114,105" hai1="51,35,40,12,37,60,26,115,106,21,19,6,91" hai2="53,20,11,121,96,64,70,9,117,123,28,52,49" hai3="29,34,61,126,62,86,133,38,113,110,102,56,78"/><V24/><F117/><W50/><G38/><T128/><D114/><U81/><E115/><V92/><F53/><W130/><G113/><T84/><D108/><U119/><E106/><V2/><F70/><W54/><G110/><T73/><BYE who="2" /><D73/><U44/><E119/><V98/><F98/><W15/><G133/><UN n2="%70%6F%72%66%65%76%72%65" /><T59/><REACH who="0" step="1"/><D42/><REACH who="0" ten="198,284,286,222" step="2"/><U97/><E37/><V120/><F64/><W46/><G126/><T80/><D80/><U10/><E35/><V27/><F2/><W31/><G34/><T47/><D47/><U63/><REACH who="1" step="1"/><E81/><REACH who="1" ten="198,274,286,222" step="2"/><V104/><F121/><W32/><G32/><T125/><D125/><U100/><E100/><V76/><F123/><W88/><G102/><T1/><D1/><U79/><E79/><V16/><F76/><W95/><G78/><T3/><D3/><U8/><E8/><V87/><F120/><W36/><G36/><T13/><D13/><U69/><E69/><V103/><F104/><W67/><G15/><T89/><D89/><U43/><E43/><V116/><F116/><W7/><G46/><T74/><D74/><U94/><AGARI ba="3,2" hai="6,10,12,19,21,26,40,44,51,60,63,91,94,97" machi="94" ten="30,7900,0" yaku="1,1,0,1,8,1,52,1,53,0" doraHai="23" doraHaiUra="124" who="1" fromWho="1" sc="198,-23,274,108,286,-42,222,-23" /><INIT seed="3,0,0,4,2,42" ten="175,382,244,199" oya="3" hai0="57,104,59,118,77,129,15,45,89,40,24,61,20" hai1="135,87,49,63,31,48,124,75,84,100,133,16,106" hai2="32,52,34,90,74,11,8,97,125,10,62,25,70" hai3="130,65,116,3,83,2,72,13,127,7,80,64,94"/><W53/><G116/><T109/><D109/><U28/><E75/><V37/><F74/><W55/><G130/><T54/><D118/><U119/><E119/><V35/><F37/><W17/><G72/><T21/><D129/><U105/><E63/><V51/><F125/><W103/><G7/><T27/><D104/><U43/><E43/><V14/><F25/><W6/><G6/><T41/><D77/><U81/><E100/><V1/><F1/><W23/><G127/><T86/><D59/><U134/><E124/><V50/><F50/><N who="1" m="19561" /><E16/><V95/><F62/><W5/><G5/><T0/><D0/><U56/><E56/><V92/><F92/><W68/><G68/><T122/><D122/><U19/><E19/><V115/><F115/><W93/><G17/><T73/><D73/><U66/><E66/><V101/><F14/><W46/><G103/><T131/><D41/><U44/><E44/><V22/><F22/><N who="0" m="8810" /><D15/><U69/><E69/><V88/><REACH who="2" step="1"/><F70/><REACH who="2" ten="175,382,234,199" step="2"/><W111/><G23/><T112/><D112/><U38/><E38/><V98/><F98/><W60/><G13/><T99/><D99/><U36/><E36/><V29/><F29/><N who="1" m="11337" /><E87/><V114/><F114/><W82/><G60/><T113/><D113/><U120/><E120/><V76/><F76/><AGARI ba="0,1" hai="76,81,84,105,106,133,134,135" m="11337,19561" machi="76" ten="40,1300,0" yaku="20,1" doraHai="42" who="1" fromWho="2" sc="175,0,382,23,234,-13,199,0" /><INIT seed="4,0,0,3,5,59" ten="175,405,221,199" oya="0" hai0="2,33,93,70,53,135,94,44,114,1,56,54,102" hai1="24,105,57,82,20,3,30,75,121,36,7,73,117" hai2="90,12,134,110,95,43,77,127,126,65,16,106,107" hai3="120,28,80,29,84,38,37,92,86,48,32,91,133"/><T111/><D114/><U62/><E117/><V66/><F110/><W18/><G133/><T89/><D135/><U26/><E121/><V58/><F43/><W128/><G128/><T40/><D70/><U116/><E105/><N who="2" m="39947" /><F77/><W108/><G108/><T10/><D33/><U124/><E116/><V67/><F58/><W15/><G120/><T101/><D111/><U60/><E36/><V96/><F134/><W123/><G123/><T68/><D68/><U13/><E124/><N who="2" m="47659" /><F66/><W99/><G32/><T4/><D2/><U31/><E57/><V34/><F34/><W61/><G38/><T88/><D54/><U118/><E3/><V129/><F129/><W51/><G37/><T25/><D40/><U5/><E118/><V131/><F131/><W98/><G48/><T113/><D44/><U50/><E50/><V19/><F19/><W8/><G51/><T69/><D69/><U74/><E82/><V11/><AGARI ba="0,0" hai="11,12,16,65,67,90,95,96" m="47659,39947" machi="11" ten="30,2000,0" yaku="18,1,54,1" doraHai="59" who="2" fromWho="2" sc="175,-10,405,-5,221,20,199,-5" /><INIT seed="5,0,0,0,1,31" ten="165,400,241,194" oya="1" hai0="116,45,16,113,11,105,107,3,41,64,72,77,78" hai1="1,104,71,68,75,103,134,62,25,30,90,38,53" hai2="67,98,131,96,122,24,130,18,132,6,76,63,15" hai3="13,80,120,102,73,28,94,92,59,133,111,26,2"/><U33/><E1/><V4/><F122/><W86/><G120/><T128/><D116/><U34/><E38/><V44/><F76/><W56/><G2/><T100/><D113/><U74/><E134/><V108/><F108/><W57/><G133/><T114/><D114/><U46/><E71/><V91/><F44/><W12/><G73/><T14/><D128/><N who="2" m="49194" /><F24/><W32/><G111/><T21/><D64/><N who="1" m="40983" /><E34/><V39/><F39/><W58/><N who="3" m="14336" /><DORA hai="127" /><W7/><G102/><T82/><D100/><U20/><E90/><V85/><F63/><W36/><G36/><T81/><D3/><U5/><E46/><V52/><F52/><W22/><G32/><T126/><D126/><U23/><E53/><V110/><F67/><W10/><REACH who="3" step="1"/><G13/><REACH who="3" ten="165,400,241,184" step="2"/><T9/><D107/><U61/><E104/><V50/><F132/><W66/><G66/><T8/><D105/><U60/><E61/><V99/><F50/><W106/><G106/><T125/><D125/><U84/><E60/><V51/><F51/><W89/><AGARI ba="0,1" hai="7,10,12,22,26,28,80,86,89,92,94" m="14336" machi="89" ten="40,5200,0" yaku="1,1,0,1,8,1,53,0" doraHai="31,127" doraHaiUra="124,112" who="3" fromWho="3" sc="165,-13,400,-26,241,-13,184,62" /><INIT seed="6,0,0,1,5,92" ten="152,374,228,246" oya="2" hai0="131,75,126,98,31,100,48,109,53,33,90,87,23" hai1="58,71,122,65,67,60,15,64,47,129,41,3,135" hai2="113,52,10,21,83,26,35,89,123,124,107,11,27" hai3="133,101,125,114,57,99,36,116,84,1,104,61,91"/><V59/><F123/><W111/><G116/><T55/><D109/><U4/><E3/><V44/><F107/><W28/><G111/><T106/><D131/><U51/><E4/><V82/><F113/><W103/><G36/><T110/><D110/><U39/><E15/><V43/><F124/><W97/><G1/><T79/><D126/><U121/><E129/><V17/><F35/><W93/><G125/><T88/><D33/><U19/><E19/><V42/><F27/><W96/><G133/><T95/><D90/><U6/><E6/><V117/><F117/><W76/><G114/><T128/><D128/><U115/><E135/><V12/><F11/><W16/><G28/><T9/><D9/><U66/><E115/><V77/><F89/><W50/><G50/><T118/><D118/><U62/><E39/><V69/><F69/><W2/><G2/><T134/><D134/><U112/><E112/><V56/><F56/><W102/><G16/><T63/><D63/><U85/><E85/><N who="2" m="48335" /><F83/><N who="3" m="47207" /><G104/><T80/><D48/><U132/><E132/><V74/><F44/><W34/><G34/><T70/><D70/><U30/><E30/><N who="2" m="17743" /><F74/><W8/><G8/><T29/><D29/><U108/><E108/><V86/><F86/><W13/><G13/><T32/><D32/><U5/><E5/><V127/><F127/><W73/><G73/><T130/><D130/><U46/><E46/><V38/><F38/><W45/><G45/><T18/><D31/><U105/><E105/><V49/><AGARI ba="0,0" hai="10,12,17,42,43,49,52,59" m="17743,48335" machi="49" ten="30,3000,0" yaku="8,1,54,1" doraHai="92" who="2" fromWho="2" sc="152,-10,374,-10,228,30,246,-10" /><INIT seed="6,1,0,2,1,74" ten="142,364,258,236" oya="2" hai0="125,23,28,4,20,30,67,59,101,103,51,118,14" hai1="113,86,1,3,60,90,123,26,0,22,76,91,41" hai2="104,70,112,87,56,99,36,127,17,13,114,124,18" hai3="71,2,49,84,5,106,134,85,68,43,32,97,44"/><V47/><F70/><W75/><G75/><T53/><D125/><N who="2" m="48202" /><F56/><W24/><G134/><T16/><D118/><U34/><E34/><V93/><F104/><W131/><G131/><T62/><D4/><U27/><E113/><N who="2" m="43627" /><F87/><W126/><G85/><T107/><D107/><U100/><E60/><V66/><F66/><W81/><G126/><T73/><D73/><U63/><E63/><V72/><F72/><W65/><G65/><T115/><D115/><U133/><E86/><V110/><F110/><W46/><G46/><T116/><D116/><U45/><E45/><V69/><F69/><W33/><G68/><T35/><D35/><U122/><E133/><V15/><F13/><W64/><G64/><T95/><D95/><U38/><E1/><V105/><F105/><W55/><G71/><T40/><D40/><U88/><E3/><V25/><F25/><W48/><G24/><T77/><D103/><U12/><E0/><V109/><F109/><W130/><G106/><T129/><D101/><U82/><E100/><N who="2" m="60527" /><F15/><W19/><G97/><T8/><D67/><U29/><E12/><V58/><F58/><W7/><G2/><T79/><D62/><U54/><E27/><V50/><F36/><W42/><G84/><T83/><D83/><U57/><E38/><V121/><F121/><W111/><G81/><T52/><D129/><U120/><E57/><V80/><F80/><W102/><G130/><T9/><D59/><U98/><E123/><V39/><F39/><W6/><G111/><T119/><D14/><U11/><E122/><V61/><F61/><W96/><G102/><RYUUKYOKU ba="1,0" sc="142,-10,364,-10,258,30,236,-10" hai2="17,18,47,50" /><INIT seed="6,2,0,1,3,4" ten="132,354,288,226" oya="2" hai0="100,42,14,39,67,77,112,64,119,124,51,127,10" hai1="71,134,52,90,44,1,69,35,5,40,130,105,49" hai2="78,126,106,115,93,21,65,19,15,117,68,116,12" hai3="104,29,23,86,18,17,99,131,122,38,45,89,9"/><V74/><F106/><W28/><G122/><T135/><D39/><U62/><E35/><V22/><F115/><W80/><G131/><T61/><D112/><U63/><E105/><V53/><F126/><W66/><G66/><T101/><D135/><U111/><E111/><V109/><F109/><W34/><G34/><T41/><D119/><U133/><E90/><V82/><F53/><W73/><G73/><T54/><D77/><U129/><E5/><V79/><F93/><W92/><G104/><T56/><D127/><U0/><E0/><V59/><F59/><W120/><G120/><T48/><D124/><U3/><E3/><V128/><F128/><N who="1" m="49257" /><E1/><V2/><F2/><W95/><G95/><T32/><D32/><U121/><E121/><V47/><F47/><W33/><G33/><T84/><D84/><U85/><E85/><V50/><F50/><W20/><G45/><T6/><D67/><N who="1" m="41207" /><E40/><V7/><F79/><W30/><G18/><T108/><D108/><U27/><E27/><V16/><REACH who="2" step="1"/><F7/><REACH who="2" ten="132,354,278,226" step="2"/><W81/><G38/><T46/><REACH who="0" step="1"/><D42/><REACH who="0" ten="122,354,278,226" step="2"/><U83/><E83/><V70/><F70/><AGARI ba="2,2" hai="6,10,14,41,46,48,51,54,56,61,64,70,100,101" machi="70" ten="30,7700,0" yaku="1,1,2,1,7,1,52,1,53,0" doraHai="4" doraHaiUra="25" who="0" fromWho="2" sc="122,103,354,0,278,-83,226,0" /><INIT seed="7,0,0,4,2,6" ten="225,354,195,226" oya="3" hai0="15,36,11,88,111,114,71,101,87,43,84,132,99" hai1="40,104,8,134,123,116,70,106,94,61,124,41,56" hai2="33,112,34,51,110,113,109,125,130,39,72,24,35" hai3="93,73,31,54,62,119,76,100,66,45,129,103,26"/><W55/><G119/><T75/><D111/><N who="2" m="42506" /><F51/><W118/><G118/><T89/><D75/><U135/><E123/><V63/><F63/><W38/><G76/><T47/><D71/><U127/><E70/><V5/><F72/><W120/><G73/><T69/><D69/><U9/><E94/><V52/><F52/><N who="3" m="20011" /><G120/><T96/><D132/><U117/><E61/><V44/><F125/><W105/><G105/><T21/><D21/><U46/><E56/><V17/><F44/><AGARI ba="0,0" hai="8,9,40,41,44,46,104,106,116,117,124,127,134,135" machi="44" ten="25,6400,0" yaku="22,2,52,2" doraHai="6" who="1" fromWho="2" sc="225,0,354,64,195,-64,226,0" owari="225,-17.5,418,51.8,131,-36.9,226,2.6" /></mjloggm>