<mjloggm ver="2.3"><GO type="169" lobby="0"/><UN n0="%72%75%69%6E%65%76%65%72" n1="%E3%80%8E%E3%83%A8%E3%82%B9%E3%82%AC%E3%83%8E%E3%82%BD%E3%83%A9%E3%80%8F" n2="%E3%83%94%E3%83%B3%E3%82%B5%E3%83%AD%E5%BA%97%E5%93%A1" n3="%E5%A4%A9%E6%89%8D%E3%82%A4%E3%83%99%E3%83%AA%E3%82%B3%E8%B1%9A" dan="16,17,17,16" rate="2109.78,2177.87,2261.10,2071.54" sx="M,M,M,F"/><TAIKYOKU oya="0"/><INIT seed="0,0,0,2,1,116" ten="250,250,250,250" oya="0" hai0="66,101,123,78,6,46,132,99,9,130,118,5,54" hai1="120,115,12,32,30,72,22,44,71,93,75,87,24" hai2="106,80,10,131,3,97,18,119,28,39,82,125,121" hai3="33,100,11,98,42,1,103,86,7,89,77,41,134"/><T31/><D118/><U107/><E107/><V55/><F119/><W17/><G33/><T114/><D114/><U70/><E115/><V51/><F39/><W126/><G134/><T108/><D132/><U26/><E12/><V74/><F131/><W2/><G77/><T50/><D130/><U52/><E120/><V90/><F125/><W124/><G2/><T19/><D123/><U109/><E109/><V127/><F28/><W112/><G112/><T37/><D108/><U128/><E128/><V61/><F61/><W65/><G65/><T21/><D66/><U20/><E32/><V117/><F127/><W53/><G53/><T91/><D37/><U49/><E87/><V73/><F121/><W27/><G103/><T83/><D91/><U40/><E93/><N who="2" m="56503" /><F106/><W8/><G126/><T64/><D64/><U102/><E102/><V47/><F74/><W84/><G84/><N who="0" m="48247" /><D9/><U110/><E110/><V23/><F73/><W45/><G124/><T63/><D63/><U57/><E75/><V94/><F3/><W129/><G129/><T79/><D31/><U92/><E92/><V81/><F10/><W29/><G11/><T62/><D62/><U67/><E67/><V35/><F35/><W38/><G29/><T76/><D101/><U111/><E72/><V88/><F117/><W43/><G100/><T34/><D34/><U95/><E111/><V0/><F0/><W68/><G98/><T15/><D99/><U113/><E113/><V122/><F122/><W4/><G68/><T25/><D25/><U59/><E71/><V48/><F88/><W36/><G1/><RYUUKYOKU ba="0,0" sc="250,30,250,-10,250,-10,250,-10" hai0="5,6,15,19,21,46,50,54,76,79" /><INIT seed="0,1,0,2,3,41" ten="280,240,240,240" oya="0" hai0="90,57,83,4,76,135,105,119,23,50,24,0,17" hai1="85,113,95,129,98,124,80,69,11,51,54,2,67" hai2="121,8,92,87,81,128,101,134,12,16,75,45,91" hai3="55,120,25,28,48,27,33,93,99,66,35,104,68"/><T107/><D119/><U72/><E129/><V14/><F121/><W10/><G120/><T31/><D135/><U42/><E124/><V9/><F128/><W58/><G10/><T46/><D90/><U60/><E113/><V37/><F134/><W89/><G104/><T15/><D57/><U34/><E34/><V103/><F75/><W78/><G78/><T130/><D130/><U29/><E72/><V122/><F122/><W79/><G79/><T19/><D19/><U62/><E42/><V71/><F71/><W84/><G99/><T97/><D97/><U94/><E29/><V82/><F37/><W132/><G132/><T47/><D47/><U73/><E60/><V6/><REACH who="2" step="1"/><F45/><REACH who="2" ten="280,240,230,240" step="2"/><W112/><G68/><T38/><D38/><U36/><E73/><V26/><F26/><W131/><G27/><T133/><D133/><U109/><E36/><V115/><F115/><W111/><G131/><T74/><D46/><U39/><E39/><V86/><F86/><W127/><G112/><T59/><D74/><U40/><E98/><V65/><F65/><W77/><G66/><T13/><D24/><U61/><E67/><V116/><F116/><W44/><G58/><T21/><D59/><U3/><E69/><V52/><F52/><W43/><G43/><T7/><D50/><U88/><E40/><V49/><F49/><W63/><G25/><T118/><D118/><U96/><E54/><V123/><F123/><W114/><G114/><T5/><D31/><U126/><E51/><V70/><F70/><W108/><G28/><T22/><D17/><U100/><E96/><RYUUKYOKU ba="1,1" sc="280,-10,240,-10,230,30,240,-10" hai2="6,8,9,12,14,16,81,82,87,91,92,101,103" /><INIT seed="1,2,1,1,1,22" ten="270,230,260,230" oya="1" hai0="11,32,6,110,15,28,16,104,86,60,112,27,56" hai1="4,90,88,44,49,52,133,68,130,55,109,45,127" hai2="61,42,23,13,21,124,78,10,125,67,126,101,43" hai3="103,51,41,64,131,57,54,84,19,74,12,29,26"/><U115/><E115/><V38/><F78/><W85/><G74/><T105/><D112/><U71/><E133/><V36/><F101/><W135/><G135/><T102/><D110/><U46/><E130/><V30/><F43/><W73/><G73/><T72/><D72/><U108/><E4/><V117/><F117/><W80/><G131/><T118/><D118/><U97/><E127/><V17/><F42/><W40/><G103/><T89/><D102/><U9/><E9/><V62/><F62/><W37/><G37/><N who="2" m="14441" /><F30/><W99/><G99/><T132/><D132/><U128/><E128/><V114/><F114/><W47/><G64/><T7/><D105/><U120/><E120/><V1/><F1/><W122/><G122/><T134/><D104/><U79/><E79/><V39/><N who="2" m="14449" /><V87/><DORA hai="58" /><F87/><W14/><G85/><T121/><D121/><U70/><E97/><V20/><F10/><W18/><G14/><T94/><D134/><U0/><E0/><V53/><F53/><AGARI ba="2,1" hai="6,7,11,15,16,27,28,32,53,56,60,86,89,94" machi="53" ten="30,7700,0" yaku="7,1,52,2,54,1" doraHai="22,58" who="0" fromWho="2" sc="270,93,230,0,260,-83,230,0" /><INIT seed="2,0,0,2,2,11" ten="363,230,177,230" oya="2" hai0="23,114,58,12,130,90,46,44,132,36,21,72,15" hai1="95,57,29,101,16,79,86,4,124,63,78,81,131" hai2="76,122,17,41,62,0,80,82,119,93,120,77,91" hai3="108,59,65,32,51,33,135,54,2,117,113,107,28"/><V129/><F119/><W133/><G113/><T47/><D114/><U97/><E131/><V20/><F0/><W98/><G117/><T22/><D36/><U109/><E109/><V50/><F129/><W85/><G108/><T34/><D130/><U99/><E124/><V121/><F62/><W49/><G2/><T26/><D72/><U115/><E115/><V45/><F77/><W35/><G28/><T13/><D132/><N who="3" m="50761" /><G85/><T134/><D134/><U69/><E69/><V8/><F8/><W43/><G65/><T104/><D104/><U66/><E4/><V38/><F38/><W5/><G5/><T126/><D126/><U1/><E1/><V42/><F42/><W67/><G67/><T73/><D73/><U123/><E123/><V24/><REACH who="2" step="1"/><F76/><REACH who="2" ten="363,230,167,230" step="2"/><W105/><G43/><T52/><D90/><U70/><E79/><V96/><AGARI ba="0,1" hai="17,20,24,41,45,50,80,82,91,93,96,120,121,122" machi="96" ten="30,6000,0" yaku="1,1,2,1,0,1,53,0" doraHai="11" doraHaiUra="30" who="2" fromWho="2" sc="363,-20,230,-20,167,70,230,-20" /><INIT seed="2,1,0,4,3,100" ten="343,210,237,210" oya="2" hai0="2,90,15,104,56,24,5,71,78,39,50,122,72" hai1="58,19,21,86,65,88,17,75,102,4,108,131,0" hai2="103,89,121,48,84,118,76,130,52,116,97,77,33" hai3="128,23,114,32,12,53,45,111,73,98,69,82,61"/><V135/><F121/><W79/><G111/><T13/><D122/><U42/><E75/><V125/><F33/><W87/><G128/><T26/><D71/><U85/><E108/><V129/><F48/><W35/><G114/><T6/><D39/><U99/><E131/><N who="2" m="50187" /><F52/><W101/><G73/><T94/><D2/><U105/><E42/><V36/><F36/><W10/><G23/><T31/><D72/><U55/><E65/><V67/><F67/><W110/><G110/><T113/><D78/><N who="2" m="30314" /><F135/><W81/><G81/><T92/><D113/><U66/><E66/><V96/><F125/><W44/><G69/><T95/><D90/><U11/><E85/><V27/><F27/><W64/><G64/><T37/><D37/><U127/><E21/><V126/><F126/><W124/><G124/><T133/><D133/><U123/><E123/><V74/><F74/><W134/><G134/><T109/><D109/><U34/><E34/><V68/><F68/><W1/><G1/><T70/><D70/><U38/><E38/><V63/><F63/><W119/><G45/><T117/><D50/><U120/><E120/><V14/><F14/><W83/><G35/><T49/><D49/><U20/><E20/><V112/><F112/><W47/><G32/><T40/><D26/><U91/><E127/><V28/><F28/><W7/><G47/><T29/><D24/><U51/><E17/><V43/><F43/><W107/><G44/><T8/><D40/><U80/><REACH who="1" step="1"/><E19/><REACH who="1" ten="343,200,237,210" step="2"/><V115/><F115/><W54/><G53/><T59/><D31/><U30/><E30/><V60/><F84/><RYUUKYOKU ba="1,1" sc="343,-10,200,30,237,-10,210,-10" hai1="0,4,11,51,55,58,80,86,88,91,99,102,105" /><INIT seed="3,2,1,5,4,0" ten="333,230,227,200" oya="3" hai0="98,108,53,88,97,58,47,117,74,78,44,135,52" hai1="80,55,106,91,11,12,15,129,102,112,120,54,85" hai2="81,45,34,100,68,6,4,3,93,5,63,99,75" hai3="76,123,118,18,38,69,96,62,36,89,113,21,94"/><W101/><G118/><T50/><D117/><U20/><E120/><V33/><F3/><W119/><G119/><T134/><D108/><U114/><E129/><V49/><F68/><W73/><G113/><T59/><D74/><U64/><E64/><V39/><F39/><W25/><G123/><T87/><D78/><U127/><E127/><V130/><F130/><W9/><G69/><T70/><D70/><U29/><E112/><V84/><F63/><W86/><G62/><N who="0" m="36175" /><D135/><U67/><E114/><V132/><F75/><W56/><G56/><T19/><D19/><N who="1" m="10343" /><E106/><V66/><F66/><W103/><G103/><T8/><D8/><U121/><E67/><V111/><F111/><W40/><G40/><T95/><D134/><U115/><E115/><V125/><F125/><W79/><G79/><T110/><D110/><U28/><E102/><V14/><F14/><W1/><G76/><T109/><D109/><U57/><E121/><V104/><F104/><W122/><G73/><T30/><D30/><N who="1" m="11883" /><E57/><V37/><F37/><W26/><G26/><T16/><D16/><AGARI ba="2,1" hai="11,15,16,54,55,80,85,91" m="11883,10343" machi="16" ten="30,2000,0" yaku="8,1,54,1" doraHai="0" who="1" fromWho="0" sc="333,-26,230,36,227,0,200,0" /><INIT seed="4,0,0,2,0,50" ten="307,266,227,200" oya="0" hai0="122,126,59,98,104,12,39,78,43,88,134,97,11" hai1="20,31,96,131,19,102,90,73,15,114,60,28,76" hai2="113,109,103,14,10,75,67,81,91,18,112,83,135" hai3="100,80,115,125,85,16,37,30,93,121,25,129,120"/><T26/><D122/><U86/><E131/><V123/><F109/><W110/><G110/><T29/><D126/><U1/><E1/><V62/><F123/><W13/><G115/><N who="2" m="44105" /><F135/><W95/><G37/><T68/><D134/><U105/><E114/><V32/><F32/><W64/><G64/><T33/><D68/><U51/><E60/><V21/><F103/><W42/><G42/><T84/><D78/><U36/><E36/><V44/><F75/><W35/><G129/><T130/><D130/><U127/><E127/><V56/><F91/><W46/><G46/><T23/><D104/><U128/><E128/><V87/><F87/><W82/><G82/><N who="2" m="31241" /><F44/><W124/><G95/><N who="0" m="54663" /><D39/><U34/><E34/><V49/><F49/><W63/><G93/><T106/><D106/><U38/><E38/><V54/><F21/><W94/><G94/><T52/><D43/><U74/><E76/><V47/><F47/><W61/><G100/><T89/><D89/><U40/><E74/><V118/><F118/><W65/><G125/><T55/><D33/><U22/><E73/><V92/><F92/><W111/><G111/><T0/><D0/><U24/><E90/><V2/><F2/><W27/><G124/><T41/><D41/><U4/><E40/><V119/><F119/><W107/><G107/><T132/><D132/><U5/><E105/><V58/><F58/><W99/><G121/><T53/><D59/><U48/><E102/><V7/><F67/><W108/><G65/><T79/><D79/><U57/><E57/><V101/><F101/><W71/><G120/><T70/><D70/><RYUUKYOKU ba="0,0" sc="307,15,266,-15,227,15,200,-15" hai0="11,12,23,26,29,52,53,55,97,98" hai2="7,10,14,18,54,56,62" /><INIT seed="4,1,0,3,5,79" ten="322,251,242,185" oya="0" hai0="121,22,32,123,71,41,68,33,16,128,12,95,19" hai1="36,45,85,88,48,81,47,13,70,101,17,133,60" hai2="112,66,73,52,42,57,97,129,29,9,56,30,50" hai3="34,0,83,125,20,93,23,132,99,75,64,28,89"/><T117/><D117/><U113/><E133/><V106/><F73/><W24/><G0/><T62/><D128/><U122/><E122/><V115/><F129/><W10/><G132/><T44/><D95/><U61/><E113/><N who="2" m="43595" /><F42/><W4/><G125/><T37/><D123/><U87/><E101/><N who="2" m="62767" /><F9/><W135/><G64/><T80/><D121/><U63/><E70/><V104/><F104/><W108/><G108/><T100/><D100/><U124/><E124/><V90/><F90/><W76/><REACH who="3" step="1"/><G135/><REACH who="3" ten="322,251,242,175" step="2"/><T134/><D134/><U65/><E65/><V78/><F78/><W3/><AGARI ba="1,1" hai="3,4,10,20,23,24,28,34,75,76,83,89,93,99" machi="3" ten="20,8000,1" yaku="1,1,2,1,0,1,7,1,52,1,53,0" doraHai="79" doraHaiUra="40" who="3" fromWho="3" sc="322,-41,251,-21,242,-21,175,93" /><INIT seed="5,0,0,1,4,74" ten="281,230,221,268" oya="1" hai0="54,29,63,100,129,106,105,6,24,30,103,31,130" hai1="104,82,26,28,119,94,61,59,73,108,27,101,43" hai2="96,117,87,60,1,93,68,16,126,83,109,99,107" hai3="90,47,114,116,65,67,128,127,14,53,17,20,18"/><U85/><E119/><V44/><F109/><W50/><G114/><T57/><D6/><U64/><E108/><V19/><F117/><W133/><G116/><T49/><D24/><U123/><E123/><V118/><F118/><W3/><G127/><T9/><D9/><U121/><E121/><V80/><F1/><W25/><G3/><T131/><REACH who="0" step="1"/><D63/><REACH who="0" ten="271,230,221,268" step="2"/><U22/><E26/><V58/><F60/><W134/><G128/><T36/><D36/><U10/><E10/><V56/><F126/><W0/><G0/><T2/><D2/><U4/><E4/><V8/><F8/><W112/><G112/><T78/><D78/><U41/><E73/><V76/><F76/><W5/><G5/><T84/><D84/><U110/><E110/><V48/><F87/><W23/><REACH who="3" step="1"/><G90/><REACH who="3" ten="271,230,221,258" step="2"/><T88/><D88/><N who="1" m="51255" /><E104/><AGARI ba="0,2" hai="29,30,31,49,54,57,100,103,104,105,106,129,130,131" machi="104" ten="50,3200,0" yaku="1,1,19,1,53,0" doraHai="74" doraHaiUra="92" who="0" fromWho="1" sc="271,52,230,-32,221,0,258,0" /><INIT seed="6,0,0,5,0,64" ten="323,198,221,258" oya="2" hai0="12,40,74,62,47,108,133,43,3,22,86,118,110" hai1="9,10,80,85,37,135,114,66,49,61,32,103,111" hai2="31,17,95,120,34,30,98,2,96,15,107,68,112" hai3="52,53,89,127,88,38,59,25,134,7,109,35,8"/><V113/><F120/><W13/><G109/><T1/><D74/><U4/><E111/><V132/><F2/><W69/><G134/><T24/><D110/><U51/><E37/><V72/><F72/><W5/><G127/><T58/><D108/><U102/><E32/><V0/><F0/><W83/><G38/><T67/><D133/><U77/><E135/><V18/><F132/><W23/><G69/><T71/><D118/><U19/><E114/><N who="2" m="44139" /><F68/><W65/><G35/><T54/><D12/><U104/><E19/><N who="2" m="7179" /><F15/><W115/><G7/><T44/><D86/><U63/><E104/><V60/><F34/><W55/><G115/><T92/><D92/><U123/><E123/><V106/><F60/><N who="3" m="38047" /><G83/><T105/><D105/><N who="2" m="39946" /><F95/><W39/><G39/><N who="0" m="21535" /><D24/><U6/><E66/><V116/><F116/><W91/><G55/><T82/><D82/><U56/><E80/><V11/><F11/><W122/><G122/><T129/><D22/><U14/><E14/><V117/><F117/><W16/><AGARI ba="0,0" hai="5,8,13,16,23,25,52,53,88,89,91" m="38047" machi="16" ten="30,7900,0" yaku="8,1,54,3" doraHai="64" who="3" fromWho="3" sc="323,-20,198,-20,221,-39,258,79" /><INIT seed="7,0,0,3,2,100" ten="303,178,182,337" oya="3" hai0="63,83,124,133,131,48,25,21,4,110,97,75,130" hai1="79,57,103,108,44,101,87,80,60,99,129,121,5" hai2="35,50,104,23,62,24,19,135,61,76,1,40,11" hai3="28,14,127,15,13,120,0,64,74,26,6,78,71"/><W109/><G74/><T132/><D110/><U90/><E108/><V18/><F104/><W82/><G109/><T38/><D38/><U128/><E121/><V39/><F39/><W94/><G120/><T56/><D4/><U29/><E5/><V22/><F35/><W72/><G127/><T68/><D68/><U134/><E134/><N who="0" m="51817" /><D48/><U93/><E29/><V30/><F135/><W53/><G94/><T58/><D75/><U46/><E103/><V37/><F37/><W85/><G72/><T86/><D63/><N who="2" m="24074" /><F1/><W77/><G64/><T122/><D122/><U117/><E101/><V66/><F66/><W91/><G71/><T98/><D98/><U42/><E117/><V55/><F40/><W54/><G0/><T49/><D49/><U113/><E113/><V45/><F76/><N who="3" m="29291" /><G6/><T51/><D51/><U3/><E3/><V17/><F23/><AGARI ba="0,0" hai="13,14,15,23,26,28,53,54,82,85,91" m="29291" machi="23" ten="30,1500,0" yaku="8,1" doraHai="100" who="3" fromWho="2" sc="303,0,178,0,182,-15,337,15" owari="303,10.3,178,-22.2,167,-33.3,352,45.2" /></mjloggm>