<mjloggm ver="2.3"><GO type="169" lobby="0"/><UN n0="%E3%81%BE%E3%82%86%E3%81%92" n1="%E3%82%AB%E3%83%AB%E3%83%94%E3%82%B9%E3%82%B5%E3%83%AF%E3%83%BC" n2="%E5%BA%84%E5%8F%B8%E5%81%A5%E5%A4%AA%E6%9C%97" n3="%E3%81%A0%E3%81%A3" dan="16,17,16,16" rate="2114.11,2226.08,2056.26,2197.69" sx="M,M,M,F"/><TAIKYOKU oya="0"/><INIT seed="0,0,0,2,0,131" ten="250,250,250,250" oya="0" hai0="76,23,10,94,53,19,132,34,75,22,97,38,56" hai1="126,47,62,125,37,92,90,130,57,118,81,21,16" hai2="58,109,111,13,40,68,31,48,85,5,64,135,54" hai3="39,30,18,65,129,73,128,86,63,103,1,96,49"/><T14/><D38/><U7/><E118/><V25/><F85/><W133/><G73/><T122/><D122/><U112/><E130/><N who="3" m="50282" /><G39/><T20/><D34/><U44/><E81/><V98/><F40/><W80/><G30/><T69/><D69/><U93/><E7/><V78/><F78/><N who="3" m="46359" /><G49/><T119/><D119/><U41/><E47/><V9/><F98/><W0/><G18/><T60/><D75/><U51/><E112/><V84/><F84/><W29/><G29/><T121/><D121/><U116/><E116/><V2/><F2/><W95/><G133/><T8/><D76/><U4/><E4/><V106/><F106/><W117/><G117/><T127/><D127/><N who="1" m="48651" /><E90/><V43/><F43/><W123/><G123/><T134/><REACH who="0" step="1"/><D10/><REACH who="0" ten="240,250,250,250" step="2"/><U100/><E37/><V32/><F68/><AGARI ba="0,1" hai="0,1,63,65,68,95,96,103" m="46359,50282" machi="68" ten="30,1000,0" yaku="19,1" doraHai="131" who="3" fromWho="2" sc="240,0,250,0,250,-10,250,20" /><INIT seed="1,0,0,4,1,80" ten="240,250,240,270" oya="1" hai0="14,43,1,35,128,127,50,9,115,2,37,88,19" hai1="31,46,106,10,60,79,34,76,98,117,51,92,81" hai2="47,101,18,16,4,105,121,118,44,5,90,33,82" hai3="38,22,75,122,54,78,11,86,41,112,109,111,129"/><U23/><E117/><V94/><F121/><W110/><G112/><T97/><D115/><U113/><E113/><V116/><F33/><W0/><G122/><T49/><D35/><U65/><E106/><V20/><F101/><W131/><G22/><T59/><D127/><U133/><E133/><V63/><F105/><W126/><G54/><T48/><D128/><N who="3" m="49225" /><G41/><T56/><D37/><U99/><E34/><V77/><F18/><W57/><G57/><N who="0" m="22091" /><D2/><U6/><E23/><V108/><F108/><W124/><G38/><T24/><D1/><U93/><E31/><V74/><F63/><W55/><G55/><T58/><N who="0" m="22099" /><T42/><DORA hai="102" /><D24/><U12/><E98/><V125/><F125/><N who="3" m="48235" /><G11/><T62/><D62/><U53/><E60/><V134/><F134/><W114/><G0/><T27/><D27/><U21/><E21/><V95/><F118/><W45/><G45/><T64/><D64/><U66/><E65/><V28/><F28/><W100/><G100/><T107/><D107/><U25/><E25/><N who="2" m="14471" /><F47/><W15/><G15/><T40/><D40/><U89/><E66/><V103/><F44/><W29/><G29/><T39/><D39/><U68/><E46/><V119/><F119/><W8/><G114/><T83/><D43/><U17/><E12/><V72/><F116/><W120/><G120/><T26/><D42/><U91/><E53/><V84/><F5/><W32/><G32/><T130/><D130/><U132/><E6/><V87/><F4/><W61/><G61/><T96/><D26/><U85/><E17/><V123/><F123/><W36/><G36/><RYUUKYOKU ba="0,0" sc="240,15,250,-15,240,15,270,-15" hai0="9,14,19,48,49,50,83,88,96,97" hai2="72,74,77,82,84,87,90,94,95,103" /><INIT seed="2,1,0,4,2,10" ten="255,235,255,255" oya="2" hai0="118,61,69,70,14,50,74,133,89,30,0,130,60" hai1="134,62,109,64,49,37,44,99,127,59,25,78,104" hai2="28,20,116,54,106,100,123,65,27,26,91,121,39" hai3="15,132,88,90,57,66,110,67,3,33,102,12,56"/><V82/><F116/><W4/><G33/><T38/><D0/><U32/><E109/><V96/><F39/><W93/><G110/><T29/><D38/><U117/><E117/><V115/><F115/><W11/><G132/><T68/><D118/><U23/><E134/><V94/><F82/><W18/><G3/><T2/><D133/><U122/><E127/><V48/><F27/><W16/><G4/><T45/><D2/><U92/><E122/><V63/><F91/><W120/><G102/><T113/><D113/><U47/><E104/><V41/><F41/><W5/><G5/><T80/><D130/><U24/><E78/><V128/><F106/><W81/><G81/><T31/><D14/><U108/><E108/><V71/><REACH who="2" step="1"/><F128/><REACH who="2" ten="255,235,245,255" step="2"/><W135/><G135/><T46/><D89/><U105/><E105/><V84/><F84/><W85/><G120/><T19/><D80/><U1/><E25/><V124/><F124/><W77/><G77/><T101/><D101/><U112/><E112/><V22/><F22/><N who="3" m="11591" /><G90/><T51/><D74/><U72/><E72/><V9/><F9/><W98/><G85/><T126/><D126/><U43/><E23/><V131/><F131/><W114/><G114/><T53/><D19/><U52/><E24/><V107/><F107/><W97/><G97/><T34/><D34/><U55/><E32/><V36/><F36/><W83/><G83/><T73/><D73/><U75/><E75/><V8/><F8/><W58/><AGARI ba="1,1" hai="11,15,16,56,57,58,66,67,88,93,98" m="11591" machi="58" ten="30,8000,1" yaku="8,1,52,2,54,2" doraHai="10" who="3" fromWho="3" sc="255,-21,235,-21,245,-41,255,93" /><INIT seed="3,0,0,5,0,131" ten="234,214,204,348" oya="3" hai0="132,99,114,109,111,126,119,64,74,134,112,59,40" hai1="9,115,124,70,110,116,42,120,108,77,73,106,87" hai2="28,83,43,13,44,10,27,46,102,21,24,41,58" hai3="11,1,18,103,94,127,48,113,5,26,79,8,53"/><W82/><G127/><T130/><D74/><U125/><E9/><V38/><F102/><W2/><G113/><N who="0" m="43627" /><D99/><U89/><E42/><V34/><F58/><W23/><G103/><T60/><D126/><N who="1" m="48747" /><E70/><V65/><F83/><W123/><G123/><T81/><D81/><N who="1" m="45231" /><E115/><V63/><F63/><W36/><G36/><T101/><D101/><U80/><E120/><V49/><F65/><W32/><G32/><T129/><D40/><U47/><E47/><V35/><REACH who="2" step="1"/><F27/><REACH who="2" ten="234,214,194,348" step="2"/><W50/><G94/><T98/><D119/><U100/><E116/><V55/><F55/><W105/><G53/><T72/><D72/><U15/><E15/><V37/><F37/><W88/><G82/><T86/><D98/><AGARI ba="0,1" hai="80,87,89,98,100,106,108,110" m="45231,48747" machi="98" ten="30,3900,0" yaku="18,1,34,2" doraHai="131" who="1" fromWho="0" sc="234,-39,214,49,194,0,348,0" /><INIT seed="4,0,0,5,0,1" ten="195,263,194,348" oya="0" hai0="29,0,134,30,2,97,59,86,135,95,84,32,31" hai1="123,50,89,77,43,8,61,107,94,100,93,104,92" hai2="120,121,15,22,113,99,82,111,129,119,75,85,66" hai3="72,122,131,3,44,130,117,69,55,60,79,38,46"/><T33/><D59/><U11/><E123/><V105/><F66/><N who="3" m="41159" /><G79/><T90/><D2/><U63/><E77/><N who="2" m="44351" /><F15/><W102/><G102/><T80/><D0/><U9/><E100/><N who="2" m="62623" /><F22/><W56/><G72/><T4/><D4/><U37/><E37/><V116/><F111/><W28/><G28/><T39/><D39/><U20/><E107/><V47/><F47/><W96/><G96/><T36/><D36/><U64/><E104/><V10/><F10/><W17/><G3/><T76/><REACH who="0" step="1"/><D84/><REACH who="0" ten="185,263,194,348" step="2"/><U58/><E61/><V25/><F113/><W115/><G38/><T81/><D81/><U35/><E63/><V16/><F129/><W87/><G87/><T108/><D108/><U110/><E110/><V128/><F128/><W71/><G56/><T48/><D48/><U18/><E50/><V53/><F85/><W13/><G131/><T103/><D103/><U91/><E58/><V124/><F121/><W127/><G130/><T132/><AGARI ba="0,1" hai="29,30,31,32,33,76,80,86,90,95,97,132,134,135" machi="132" ten="40,7800,0" yaku="1,1,0,1,20,1,53,0" doraHai="1" doraHaiUra="41" who="0" fromWho="0" sc="185,88,263,-26,194,-26,348,-26" /><INIT seed="4,1,0,5,2,58" ten="273,237,168,322" oya="0" hai0="96,103,135,118,89,15,0,108,65,124,21,46,51" hai1="107,71,47,37,81,91,3,56,44,79,68,84,95" hai2="6,23,43,28,129,77,100,116,4,110,73,10,1" hai3="97,29,113,26,66,41,42,24,64,48,123,16,74"/><T131/><D118/><U38/><E107/><V7/><F100/><W39/><G39/><T132/><D0/><U72/><E38/><V52/><F110/><W63/><G74/><T59/><D108/><U19/><E3/><V40/><F40/><W11/><G113/><T30/><D89/><U90/><E19/><V93/><F93/><W33/><G123/><T121/><D121/><U99/><E56/><V32/><F32/><W25/><G66/><T18/><D124/><U50/><E37/><V112/><F112/><W14/><G97/><T92/><D131/><U127/><E127/><V67/><F67/><W117/><G117/><T102/><D102/><U105/><E44/><V31/><F43/><W80/><G80/><T35/><D30/><N who="2" m="11306" /><F23/><W122/><G122/><T104/><D35/><U54/><REACH who="1" step="1"/><E90/><REACH who="1" ten="273,227,168,322" step="2"/><V101/><F129/><W82/><G33/><T114/><D114/><U70/><E70/><V17/><F17/><W120/><G29/><T53/><REACH who="0" step="1"/><D104/><REACH who="0" ten="263,227,168,322" step="2"/><U86/><E86/><V13/><F116/><W9/><G120/><T5/><D5/><U45/><E45/><V12/><F1/><W22/><G16/><T60/><AGARI ba="1,2" hai="15,18,21,46,51,53,59,60,65,92,96,103,132,135" machi="60" ten="30,6000,0" yaku="1,1,0,1,52,1,53,0" doraHai="58" doraHaiUra="27" who="0" fromWho="0" sc="263,83,227,-21,168,-21,322,-21" /><INIT seed="4,2,0,3,5,109" ten="346,206,147,301" oya="0" hai0="113,128,58,69,133,86,10,31,55,25,79,87,14" hai1="59,68,127,45,42,82,6,35,64,33,61,104,11" hai2="20,7,8,71,116,56,36,29,23,57,135,100,67" hai3="120,18,15,44,24,34,48,2,125,130,47,115,117"/><T107/><D69/><U129/><E129/><V119/><F100/><W80/><G2/><T28/><D107/><U122/><E122/><V110/><F29/><W103/><G117/><N who="2" m="45129" /><F8/><W77/><G120/><T89/><D128/><U106/><E127/><V78/><F78/><W121/><G121/><T53/><D133/><U63/><E82/><V19/><F7/><W118/><G118/><T49/><D79/><U41/><E104/><V51/><F19/><W17/><G103/><T93/><D113/><U76/><E76/><V43/><F23/><W9/><G115/><T126/><D126/><U99/><E99/><V105/><F20/><W97/><G97/><T95/><D25/><U96/><E96/><V101/><F101/><W91/><G91/><T62/><D87/><U27/><E106/><V134/><F105/><W12/><G130/><T74/><D95/><U60/><E27/><V124/><F110/><W84/><G125/><T21/><D21/><U70/><E33/><V65/><F124/><W16/><G9/><T3/><D3/><U30/><E30/><V38/><F51/><W108/><G108/><T102/><D102/><U83/><E35/><V22/><F22/><W75/><G75/><T98/><D74/><U32/><E32/><V112/><F112/><W66/><G34/><T37/><D37/><N who="2" m="14442" /><F43/><W85/><G24/><T92/><D98/><U0/><E42/><V5/><F5/><W131/><G85/><T39/><D39/><N who="1" m="21695" /><E83/><V52/><F71/><W88/><G77/><T73/><D73/><U123/><E123/><V13/><F135/><W111/><G111/><RYUUKYOKU ba="2,0" sc="346,-10,206,30,147,-10,301,-10" hai1="0,6,11,59,60,61,63,64,68,70" /><INIT seed="5,3,0,2,2,53" ten="336,236,137,291" oya="1" hai0="74,55,5,100,42,38,134,105,111,122,125,21,56" hai1="93,36,94,77,12,88,49,95,48,83,14,120,128" hai2="84,2,129,16,75,72,25,6,0,82,47,116,37" hai3="133,45,19,65,86,115,96,87,114,61,117,69,15"/><U13/><E120/><V66/><F116/><W130/><G117/><T10/><D74/><U62/><E36/><V106/><F106/><W8/><G130/><T27/><D122/><U3/><E3/><V76/><F129/><W110/><G110/><T85/><D111/><U52/><E128/><V97/><F97/><W131/><G131/><T11/><D125/><U107/><E107/><V26/><F26/><W28/><G133/><T90/><D134/><U104/><E104/><V18/><F2/><W7/><G96/><T41/><D105/><U1/><E1/><V23/><F18/><W123/><G123/><T113/><D100/><U112/><E112/><N who="3" m="43050" /><G45/><T118/><D118/><U67/><E77/><V31/><F31/><W68/><G68/><T109/><D109/><U99/><E83/><V127/><F127/><W121/><G121/><T39/><D39/><U33/><E33/><V29/><F29/><W135/><G135/><T35/><D35/><U50/><REACH who="1" step="1"/><E52/><REACH who="1" ten="336,226,137,291" step="2"/><V64/><F72/><W70/><G65/><T4/><D38/><U89/><E89/><V24/><F75/><W51/><G61/><N who="0" m="35999" /><D113/><U59/><AGARI ba="3,1" hai="12,13,14,48,49,50,59,62,67,88,93,94,95,99" machi="59" ten="30,12000,1" yaku="1,1,0,1,8,1,52,1,54,1,53,0" doraHai="53" doraHaiUra="98" who="1" fromWho="1" sc="336,-43,226,139,137,-43,291,-43" /><INIT seed="5,4,0,2,3,14" ten="293,365,94,248" oya="1" hai0="1,70,77,67,31,84,127,59,115,94,27,92,11" hai1="10,99,28,29,47,75,97,100,85,88,48,133,12" hai2="80,126,64,65,3,32,95,26,135,54,107,2,82" hai3="71,96,30,89,81,23,34,39,42,98,90,50,55"/><U19/><E75/><V118/><F107/><W101/><G71/><T91/><D70/><U68/><E133/><V46/><F118/><W131/><G34/><T111/><D111/><U93/><E68/><V7/><F135/><W35/><G35/><T74/><D127/><U72/><E72/><V103/><F32/><W15/><G39/><T49/><D115/><U51/><E97/><V5/><F46/><W60/><G60/><T66/><D74/><U63/><E63/><V44/><F44/><W38/><G42/><T125/><D77/><U8/><E8/><V104/><F95/><W0/><G0/><T109/><D109/><U114/><E114/><V134/><F26/><W87/><G131/><T16/><D125/><U18/><E18/><V9/><F54/><W22/><G38/><T132/><D132/><U128/><E128/><V45/><F45/><N who="3" m="28111" /><G30/><T61/><D49/><U121/><E121/><V25/><F25/><W124/><G124/><T83/><D67/><N who="2" m="25674" /><F126/><W120/><G120/><T123/><D123/><U122/><E122/><V21/><F134/><W40/><G40/><T13/><D1/><U33/><E33/><AGARI ba="4,0" hai="11,13,16,27,31,33,59,61,66,83,84,91,92,94" machi="33" ten="30,3900,0" yaku="7,1,52,1,54,1" doraHai="14" who="0" fromWho="1" sc="293,51,365,-51,94,0,248,0" /><INIT seed="6,0,0,0,2,113" ten="344,314,94,248" oya="2" hai0="47,108,8,95,35,98,62,38,115,86,24,102,54" hai1="119,3,34,85,55,0,130,51,126,18,53,127,13" hai2="56,65,121,106,89,79,132,19,48,73,29,60,64" hai3="33,37,122,124,59,66,22,20,97,129,135,104,94"/><V92/><F121/><W70/><G33/><T81/><D108/><U80/><E34/><V131/><F106/><W7/><G37/><T128/><D115/><U87/><E130/><V83/><F131/><W88/><G122/><T82/><D128/><U14/><E51/><V21/><F132/><W50/><G129/><T49/><D38/><U42/><E18/><V110/><F110/><W32/><G32/><T63/><D81/><U17/><E17/><V31/><F65/><W78/><G70/><T111/><D111/><U52/><E42/><V6/><F6/><W71/><G71/><T40/><D40/><U4/><E4/><V43/><F43/><W58/><G104/><T12/><D24/><U9/><E9/><V26/><REACH who="2" step="1"/><F48/><REACH who="2" ten="344,314,84,248" step="2"/><W75/><G66/><T5/><D35/><U96/><E127/><V61/><F61/><W28/><G50/><T41/><D54/><U39/><E126/><V15/><F15/><W101/><G7/><T116/><D63/><U27/><E53/><V133/><F133/><W120/><G135/><T90/><D62/><U25/><E39/><V114/><F114/><W10/><G124/><T46/><D47/><U23/><E55/><V112/><F112/><W76/><G120/><T11/><D12/><U16/><E14/><V74/><F74/><W123/><G75/><T99/><D5/><U72/><E72/><V93/><F93/><W100/><G94/><T134/><D134/><U67/><E67/><V44/><F44/><W117/><G123/><T77/><D46/><U91/><E52/><V109/><F109/><W107/><G107/><RYUUKYOKU ba="0,1" sc="344,-10,314,-10,84,30,248,-10" hai2="19,21,26,29,31,56,60,64,73,79,83,89,92" /><INIT seed="6,1,1,3,4,115" ten="334,304,114,238" oya="2" hai0="57,118,96,56,37,33,83,52,68,46,5,20,35" hai1="84,114,135,38,11,124,86,61,43,71,85,55,112" hai2="10,12,102,87,80,94,92,0,19,133,79,130,120" hai3="6,9,17,22,16,63,29,113,109,119,125,132,49"/><V44/><F120/><W128/><G109/><T25/><D68/><U98/><E124/><V24/><F130/><W8/><G125/><T90/><D5/><U134/><E11/><V91/><F133/><N who="1" m="50697" /><E98/><N who="2" m="59719" /><F0/><W95/><G132/><T54/><D118/><U18/><E18/><V93/><F79/><W58/><G119/><T97/><D37/><U26/><E26/><V42/><F24/><N who="3" m="16535" /><G113/><N who="1" m="43626" /><E71/><V99/><F99/><W28/><G28/><T66/><D46/><N who="1" m="23927" /><E61/><V88/><F91/><W69/><G69/><T67/><D35/><U104/><E55/><V72/><F72/><W53/><G128/><T122/><D33/><U111/><E104/><V76/><F76/><W107/><G107/><T116/><D116/><U106/><E106/><V131/><F131/><W15/><G8/><T62/><D122/><U70/><E70/><V82/><F94/><W121/><G121/><T127/><D127/><U108/><AGARI ba="1,1" hai="84,85,86,108,111" m="23927,43626,50697" machi="108" ten="40,2700,0" yaku="20,1,15,1" doraHai="115" who="1" fromWho="1" sc="334,-8,304,40,114,-14,238,-8" /><INIT seed="7,0,0,4,3,26" ten="326,344,100,230" oya="3" hai0="52,61,45,114,96,99,23,1,0,133,98,59,17" hai1="54,128,90,7,132,76,82,4,14,47,24,40,63" hai2="30,28,58,21,48,88,111,108,55,123,91,60,74" hai3="115,93,62,53,2,16,46,15,66,37,110,29,20"/><W124/><G2/><T89/><D133/><U107/><E107/><V75/><F123/><W113/><G124/><T8/><D114/><U6/><E132/><V121/><F121/><W81/><G110/><T42/><D89/><U22/><E90/><V112/><F112/><W65/><G65/><T126/><D126/><U73/><E128/><V97/><F75/><W84/><G93/><T67/><D67/><U3/><E14/><V68/><F74/><W135/><G135/><T105/><D105/><U119/><E119/><V35/><F35/><W34/><G37/><T64/><D64/><U43/><E3/><V51/><F68/><W106/><G106/><T100/><D100/><U134/><E134/><V118/><F118/><W50/><G81/><T120/><D120/><U129/><E129/><V5/><F5/><W44/><G84/><T127/><D127/><U117/><E117/><V9/><F9/><W102/><G44/><T13/><REACH who="0" step="1"/><D8/><REACH who="0" ten="316,344,100,230" step="2"/><U18/><REACH who="1" step="1"/><E47/><REACH who="1" ten="316,334,100,230" step="2"/><V12/><F111/><W33/><G102/><T69/><D69/><U49/><E49/><AGARI ba="0,2" hai="0,1,13,17,23,42,45,49,52,59,61,96,98,99" machi="49" ten="40,5200,0" yaku="1,1,54,1,53,1" doraHai="26" doraHaiUra="39" who="0" fromWho="1" sc="316,72,334,-52,100,0,230,0" owari="388,48.8,282,8.2,100,-40.0,230,-17.0" /></mjloggm>