<mjloggm ver="2.3"><GO type="169" lobby="0"/><UN n0="%E8%A3%8F%E7%9F%A5%E3%82%89%E3%81%9A" n1="%E6%98%8E%E6%98%9F%E5%B8%82%E6%B0%91" n2="%79%61%6E%72%6F%75" n3="%E5%BA%84%E5%8F%B8%E5%81%A5%E5%A4%AA%E6%9C%97" dan="17,16,16,16" rate="2190.33,2146.80,2154.94,2040.40" sx="M,M,M,M"/><TAIKYOKU oya="0"/><INIT seed="0,0,0,5,4,30" ten="250,250,250,250" oya="0" hai0="70,97,68,67,99,46,128,33,69,113,103,127,90" hai1="115,78,54,94,89,72,64,22,43,18,91,23,21" hai2="24,7,56,116,118,27,85,83,88,28,105,59,96" hai3="34,0,26,106,134,1,86,114,17,51,36,117,130"/><T107/><D113/><U57/><E115/><V41/><F7/><W44/><G36/><T129/><D127/><U93/><E72/><V6/><F6/><W31/><G114/><T29/><D46/><U13/><E78/><V65/><F41/><W58/><G134/><T81/><D67/><U122/><E43/><V111/><F111/><W47/><G106/><T75/><D90/><U109/><E64/><V55/><F65/><W100/><G100/><T135/><D97/><U20/><E109/><V9/><F9/><W11/><G130/><N who="0" m="50283" /><D135/><U77/><E77/><V8/><F8/><W2/><G86/><T53/><D53/><U63/><E122/><V112/><F56/><W60/><G51/><T87/><D87/><U120/><E120/><V14/><F14/><W124/><G117/><N who="2" m="45161" /><F28/><W19/><G124/><T39/><D39/><U37/><E37/><V119/><F112/><W131/><G131/><T25/><D81/><U71/><E71/><V92/><F105/><W38/><G38/><T50/><D50/><U102/><E102/><N who="2" m="60679" /><F119/><W12/><REACH who="3" step="1"/><G19/><REACH who="3" ten="250,250,250,240" step="2"/><T95/><D107/><U61/><E61/><AGARI ba="0,1" hai="24,27,55,59,61,83,85,88" m="60679,45161" machi="61" ten="30,2000,0" yaku="12,1,54,1" doraHai="30" who="2" fromWho="1" sc="250,0,250,-20,250,30,240,0" /><INIT seed="1,0,0,3,5,134" ten="250,230,280,240" oya="1" hai0="45,92,22,46,123,130,102,55,135,57,25,63,69" hai1="52,53,14,8,131,117,41,88,105,107,62,33,72" hai2="3,94,70,104,113,16,32,42,82,112,21,37,119" hai3="96,50,66,43,27,116,121,18,44,5,28,108,23"/><U85/><E117/><V75/><F104/><W106/><G121/><T78/><D135/><U111/><E33/><V64/><F3/><W7/><G108/><T83/><D69/><U54/><E72/><V79/><F119/><W95/><G106/><T61/><D130/><U128/><E111/><V2/><F2/><W19/><G116/><T76/><D123/><U56/><E41/><V87/><F32/><W124/><G124/><T99/><D61/><U35/><E35/><V109/><F109/><W110/><G110/><T24/><D24/><U97/><E107/><V129/><F129/><N who="1" m="49737" /><E97/><V48/><F37/><W127/><G66/><T125/><D125/><U101/><E101/><V12/><F64/><W9/><G7/><T126/><D126/><U58/><E105/><V68/><F48/><W115/><G115/><N who="2" m="44105" /><F42/><W84/><G84/><T80/><D80/><N who="1" m="49191" /><E62/><V93/><F75/><W20/><G127/><T59/><D83/><U15/><E15/><V1/><F1/><W86/><G86/><T26/><D26/><U17/><AGARI ba="0,0" hai="8,14,17,52,53,54,56,58" m="49191,49737" machi="17" ten="30,6000,0" yaku="19,1,54,2" doraHai="134" who="1" fromWho="1" sc="250,-20,230,60,280,-20,240,-20" /><INIT seed="1,1,0,5,2,13" ten="230,290,260,220" oya="1" hai0="8,60,38,96,108,105,122,7,46,11,21,134,106" hai1="25,88,9,95,34,86,16,74,130,51,37,1,116" hai2="29,17,59,12,110,102,62,127,124,30,132,90,133" hai3="128,41,28,10,45,119,27,15,109,39,75,118,23"/><U54/><E37/><V55/><F102/><W44/><G109/><T77/><D108/><U80/><E130/><V48/><F110/><W111/><G111/><T53/><D134/><N who="2" m="51818" /><F90/><W40/><G75/><T66/><D122/><U33/><E116/><V52/><F30/><W115/><G115/><T0/><D11/><U72/><E72/><V112/><F29/><W43/><G128/><T78/><D78/><U79/><E1/><V64/><F112/><W32/><G32/><T56/><D77/><U31/><E34/><V76/><F76/><W2/><G2/><T125/><D125/><N who="2" m="48202" /><F48/><W81/><G81/><T42/><D96/><U63/><E63/><V4/><F4/><W82/><G82/><T67/><D105/><U121/><E121/><V57/><F59/><W123/><G123/><T104/><D104/><U101/><E101/><V26/><F26/><W19/><REACH who="3" step="1"/><G43/><REACH who="3" ten="230,290,260,210" step="2"/><T65/><D106/><U71/><E74/><V49/><F49/><AGARI ba="1,1" hai="10,15,19,23,27,28,39,40,41,44,45,49,118,119" machi="49" ten="40,5200,0" yaku="1,1,2,1,52,1,53,0" doraHai="13" doraHaiUra="61" who="3" fromWho="2" sc="230,0,290,0,260,-55,210,65" /><INIT seed="2,0,0,1,3,81" ten="230,290,205,275" oya="2" hai0="33,23,20,113,102,79,56,123,31,21,7,100,26" hai1="125,37,36,68,15,85,133,39,71,4,109,120,41" hai2="78,127,8,13,84,130,104,2,131,5,14,55,47" hai3="96,17,16,76,114,51,90,10,108,106,129,122,12"/><V27/><F104/><W66/><G122/><T103/><D113/><U52/><E109/><V50/><F127/><W53/><G108/><T61/><D123/><U65/><E125/><V40/><F27/><W116/><G129/><N who="2" m="49161" /><F55/><W134/><G134/><T54/><D7/><U74/><E74/><V86/><F78/><W91/><G116/><T48/><D79/><U93/><E133/><V38/><F38/><W94/><G106/><T70/><D70/><U110/><E110/><V105/><F105/><W101/><G114/><T9/><REACH who="0" step="1"/><D9/><REACH who="0" ten="220,290,205,275" step="2"/><U128/><E120/><V82/><F82/><W57/><G76/><T25/><D25/><U115/><E71/><V107/><F107/><W60/><REACH who="3" step="1"/><G17/><REACH who="3" ten="220,290,205,265" step="2"/><T58/><D58/><AGARI ba="0,2" hai="10,12,16,51,53,57,58,60,66,90,91,94,96,101" machi="58" ten="30,12000,2" yaku="1,1,2,1,7,1,8,1,54,1,53,1" doraHai="81" doraHaiUra="88" who="3" fromWho="0" sc="220,-120,290,0,205,0,265,140" /><INIT seed="3,0,0,1,5,36" ten="100,290,205,405" oya="3" hai0="111,71,14,51,128,29,93,47,104,19,120,102,76" hai1="83,49,44,0,133,38,50,90,69,115,35,110,121" hai2="11,42,2,84,103,72,10,59,131,37,30,12,66" hai3="64,97,87,132,52,3,119,124,122,112,130,17,98"/><W39/><G112/><T31/><D71/><U8/><E115/><V107/><F72/><W43/><G119/><T92/><D120/><U48/><E35/><V4/><F131/><W123/><G3/><T1/><D1/><U88/><E110/><V94/><F107/><W57/><G98/><T125/><D111/><U106/><E106/><V56/><F30/><W126/><G97/><T61/><D76/><U16/><E69/><V40/><F37/><W116/><G116/><T33/><D61/><U101/><E101/><V21/><F103/><W68/><G87/><T7/><D7/><U109/><E133/><V62/><F21/><W28/><G17/><T45/><D33/><U46/><E0/><V113/><F113/><W6/><G6/><T95/><D125/><N who="3" m="48233" /><G28/><T13/><D128/><U91/><E38/><V89/><REACH who="2" step="1"/><F59/><REACH who="2" ten="100,290,195,405" step="2"/><W73/><G73/><T15/><D104/><U86/><E109/><V26/><F26/><W127/><G127/><T114/><D114/><U79/><E121/><V5/><AGARI ba="0,1" hai="2,4,5,10,11,12,40,42,56,62,66,84,89,94" machi="5" ten="20,8000,1" yaku="1,1,0,1,7,1,52,2,53,0" doraHai="36" doraHaiUra="134" who="2" fromWho="2" sc="100,-20,290,-20,195,90,405,-40" /><INIT seed="4,0,0,1,0,54" ten="80,270,285,365" oya="0" hai0="44,101,66,131,128,7,92,80,119,85,23,114,121" hai1="30,26,1,81,117,17,43,38,124,6,83,93,37" hai2="135,76,100,53,98,16,125,104,5,40,97,86,28" hai3="33,89,71,68,122,67,57,79,64,25,34,106,61"/><T50/><D114/><U32/><E124/><V113/><F125/><W120/><G106/><T133/><D121/><U132/><E132/><V134/><F5/><W111/><G111/><T74/><D119/><U14/><E117/><V126/><F126/><W13/><G79/><T60/><D133/><N who="2" m="50698" /><F40/><W99/><G13/><T127/><D127/><U110/><E93/><V88/><F28/><W29/><G34/><T116/><D74/><U35/><E35/><V10/><F98/><W115/><G115/><T63/><D7/><U20/><E110/><V47/><F76/><W103/><G89/><T55/><D116/><U45/><REACH who="1" step="1"/><E37/><REACH who="1" ten="80,260,285,365" step="2"/><V73/><F113/><W11/><G122/><T22/><D131/><U65/><E65/><V82/><F104/><W75/><G67/><T19/><D128/><U112/><E112/><V52/><F73/><W72/><G120/><T27/><D92/><U130/><E130/><V69/><F69/><W95/><G71/><T123/><D123/><U49/><E49/><V2/><F2/><W107/><G68/><T118/><D118/><U87/><E87/><V4/><F97/><W58/><G107/><T59/><D63/><U94/><E94/><V41/><F100/><W48/><G75/><T21/><REACH who="0" step="1"/><D101/><REACH who="0" ten="70,260,285,365" step="2"/><U18/><E18/><V51/><F4/><W109/><G72/><T12/><D12/><AGARI ba="0,2" hai="10,12,16,41,47,51,52,53,82,86,88" m="50698" machi="12" ten="30,7700,0" yaku="20,1,54,3" doraHai="54" who="2" fromWho="0" sc="70,-77,260,0,285,97,365,0" owari="-7,-50.7,260,-14.0,382,48.2,365,16.5" /></mjloggm>