<mjloggm ver="2.3"><GO type="169" lobby="0"/><UN n0="%E9%A2%A8%E7%B8%AB" n1="%4E%49%4B%55%59%41" n2="%E3%82%A2%E3%83%A9%E3%82%B5%E3%83%BC%E3%81%A0%E3%82%88%21%21" n3="%E7%95%99%E3%83%81%E3%83%A7%E3%83%AD" dan="16,16,18,19" rate="2128.06,2084.73,2230.83,2340.28" sx="M,M,F,M"/><TAIKYOKU oya="0"/><INIT seed="0,0,0,4,2,91" ten="250,250,250,250" oya="0" hai0="11,17,92,88,131,63,3,116,133,60,108,55,25" hai1="104,113,111,84,90,1,44,15,22,123,85,29,79" hai2="9,39,93,124,20,19,129,130,112,0,32,53,70" hai3="5,40,127,86,62,95,78,61,48,27,134,10,66"/><T16/><D116/><U72/><E123/><V125/><F70/><W82/><G134/><T58/><D131/><N who="2" m="50186" /><F39/><W106/><G106/><T107/><D107/><U103/><E1/><V36/><F36/><W94/><G127/><N who="2" m="48713" /><F53/><W132/><G132/><T80/><D133/><U135/><E135/><V49/><F49/><W30/><G40/><T31/><D80/><U73/><E111/><V38/><F38/><W67/><G48/><N who="0" m="31079" /><D3/><U126/><E126/><V75/><F75/><W87/><G87/><N who="0" m="52255" /><D108/><U6/><E113/><V102/><F32/><W122/><G122/><T101/><D101/><U65/><E103/><V51/><F51/><W41/><G41/><T99/><D99/><U26/><E73/><V81/><F81/><W56/><G61/><N who="0" m="23627" /><D11/><U59/><E72/><V12/><F112/><W121/><G121/><T37/><D37/><U35/><E35/><V109/><F109/><W42/><G42/><T120/><D120/><U2/><E104/><V100/><F0/><W45/><G45/><T64/><D64/><U4/><E2/><V23/><F102/><W28/><G66/><T33/><D33/><U57/><E44/><V18/><F100/><W34/><REACH who="3" step="1"/><G30/><REACH who="3" ten="250,250,250,240" step="2"/><T89/><D89/><U69/><E29/><V14/><F9/><W96/><G96/><T76/><D76/><U115/><E90/><V110/><F110/><W71/><G71/><T47/><D47/><U105/><E79/><V46/><F46/><W68/><G68/><T13/><D13/><AGARI ba="0,1" hai="5,10,13,27,28,34,56,62,67,78,82,86,94,95" machi="13" ten="30,8000,1" yaku="1,1,7,1,52,2,53,1" doraHai="91" doraHaiUra="52" who="3" fromWho="0" sc="250,-80,250,0,250,0,240,90" /><INIT seed="1,0,0,2,4,115" ten="170,250,250,330" oya="1" hai0="33,27,128,105,34,14,17,52,59,131,38,113,90" hai1="64,107,23,124,30,118,43,9,84,58,102,45,6" hai2="133,100,108,65,97,26,4,73,50,12,44,122,32" hai3="1,116,86,92,82,29,15,96,121,72,130,75,104"/><U125/><E84/><V109/><F122/><W85/><G1/><T74/><D105/><U39/><E102/><V103/><F73/><N who="3" m="28235" /><G15/><T88/><D38/><U11/><E107/><V68/><F133/><W63/><G63/><T117/><D74/><U98/><E98/><V25/><F65/><W53/><G53/><T112/><D117/><U47/><E47/><V119/><F119/><W134/><G29/><T77/><D77/><U54/><E64/><V69/><F12/><W132/><G121/><T114/><D27/><N who="1" m="16767" /><E6/><V24/><F4/><W51/><G51/><N who="0" m="31135" /><D33/><U46/><E46/><V2/><F32/><W37/><G37/><T20/><D34/><U110/><E118/><V127/><F69/><W94/><G116/><T7/><D7/><U10/><E110/><V89/><F68/><W49/><G49/><T3/><D3/><U81/><E81/><V61/><F109/><W83/><G104/><T28/><D28/><U66/><E66/><V22/><F108/><W123/><G123/><T91/><D91/><U67/><E67/><V95/><F2/><W78/><G130/><N who="0" m="49707" /><D90/><U13/><E13/><V5/><F89/><N who="3" m="51383" /><G92/><T57/><D57/><U35/><E35/><V36/><F95/><W111/><G111/><T99/><D114/><U55/><E58/><V79/><F36/><W0/><G0/><T56/><D56/><U16/><E16/><V70/><F70/><W135/><G135/><T42/><D42/><U129/><E129/><V76/><F5/><W71/><G71/><T31/><D31/><U18/><E18/><V120/><F120/><W8/><G132/><RYUUKYOKU ba="0,0" sc="170,15,250,15,250,-15,330,-15" hai0="14,17,20,88,99,112,113" hai1="9,10,11,39,43,45,54,55,124,125" /><INIT seed="1,1,0,3,4,43" ten="185,265,235,315" oya="1" hai0="96,115,116,47,9,95,108,135,12,5,94,106,1" hai1="51,99,33,127,111,80,46,61,44,32,110,126,8" hai2="109,62,70,107,42,7,50,132,48,0,16,113,27" hai3="78,125,91,67,131,37,128,100,57,63,102,23,13"/><U29/><E8/><V112/><F107/><W58/><G37/><T10/><D116/><U82/><E61/><V65/><F109/><N who="1" m="41481" /><E99/><V83/><F132/><W88/><G78/><T120/><D115/><N who="2" m="44106" /><F7/><W117/><G125/><N who="1" m="47626" /><E44/><N who="2" m="25623" /><F0/><W59/><G117/><T64/><D120/><U34/><E29/><V26/><F50/><W18/><G100/><T36/><D135/><U119/><E119/><V15/><F83/><W87/><G102/><T19/><D96/><U6/><E6/><V74/><F74/><W25/><G128/><T52/><D106/><U71/><E71/><V73/><F73/><W105/><G131/><T21/><D10/><AGARI ba="1,0" hai="10,15,16,26,27,62,65,70" m="25623,44106" machi="10" ten="30,3900,0" yaku="11,1,52,1,54,1" doraHai="43" who="2" fromWho="0" sc="185,-42,265,0,235,42,315,0" /><INIT seed="2,0,0,4,0,65" ten="143,265,277,315" oya="2" hai0="5,82,105,44,16,71,62,28,85,119,57,61,131" hai1="124,92,118,77,36,37,133,83,35,4,31,6,76" hai2="109,70,111,132,34,58,38,127,52,117,14,120,81" hai3="20,66,91,80,17,84,29,115,104,63,87,114,102"/><V103/><F120/><W53/><G29/><T49/><D105/><U75/><E118/><V60/><F117/><W55/><G104/><T112/><D119/><U3/><E124/><V110/><F127/><W18/><G102/><T69/><D131/><U99/><E133/><V1/><F132/><W107/><G107/><T122/><D112/><N who="3" m="43049" /><G84/><T64/><D122/><U54/><E77/><V39/><F1/><W33/><G33/><T108/><D5/><U95/><E54/><N who="3" m="20490" /><G20/><T25/><D108/><U129/><E129/><V50/><F34/><W72/><G72/><T51/><D16/><U73/><E73/><V41/><F103/><W11/><G11/><T10/><D10/><U30/><E30/><V134/><F134/><W12/><G12/><T89/><D44/><U79/><E79/><V56/><F81/><W23/><G23/><T48/><REACH who="0" step="1"/><D62/><REACH who="0" ten="133,265,277,315" step="2"/><U97/><E6/><V106/><F106/><W43/><G43/><T9/><D9/><U59/><E4/><V90/><F41/><W94/><G80/><T125/><D125/><U74/><E83/><V15/><F15/><W42/><G42/><T8/><D8/><U0/><E31/><V45/><F14/><W88/><G17/><T19/><D19/><U126/><E126/><V116/><F116/><W130/><G18/><T22/><AGARI ba="0,1" hai="22,25,28,48,49,51,57,61,64,69,71,82,85,89" machi="22" ten="30,12000,2" yaku="1,1,0,1,52,2,53,3" doraHai="65" doraHaiUra="47" who="0" fromWho="0" sc="133,130,265,-30,277,-60,315,-30" /><INIT seed="3,0,0,2,5,1" ten="263,235,217,285" oya="3" hai0="50,132,5,95,9,115,33,41,97,81,90,32,66" hai1="49,40,108,28,26,60,22,7,123,45,128,70,64" hai2="19,67,37,11,104,121,118,36,68,69,91,54,0" hai3="29,78,10,107,117,89,83,100,76,35,12,98,55"/><W103/><G117/><T131/><D132/><U96/><E123/><V124/><F118/><W43/><G43/><T94/><D131/><U93/><E128/><V122/><F104/><W6/><G100/><T51/><D66/><U86/><E108/><V119/><F119/><W92/><G55/><T62/><D62/><U111/><E111/><V65/><F91/><W135/><G135/><T53/><D94/><U127/><E127/><V126/><F19/><W34/><G29/><T21/><D21/><U17/><E86/><V46/><F0/><W75/><REACH who="3" step="1"/><G76/><REACH who="3" ten="263,235,217,275" step="2"/><T133/><D41/><U31/><REACH who="1" step="1"/><E7/><REACH who="1" ten="263,225,217,275" step="2"/><V84/><F122/><W77/><G77/><T105/><D5/><U14/><E14/><V112/><F121/><W18/><G18/><T74/><D133/><U20/><E20/><V25/><F126/><W52/><G52/><T114/><D53/><U42/><E42/><V80/><F124/><W4/><G4/><T87/><D33/><U73/><E73/><V125/><F125/><W130/><G130/><T71/><D32/><U116/><E116/><V23/><F23/><W39/><G39/><T99/><D74/><U3/><E3/><V106/><F37/><W8/><G8/><T79/><D9/><U120/><E120/><V56/><F11/><W47/><G47/><T72/><D115/><U63/><E63/><V102/><F46/><W85/><AGARI ba="0,2" hai="6,10,12,34,35,75,78,83,85,89,92,98,103,107" machi="85" ten="20,18000,2" yaku="1,1,0,1,7,1,24,2,52,1,53,0" doraHai="1" doraHaiUra="24" who="3" fromWho="3" sc="263,-60,225,-60,217,-60,275,200" /><INIT seed="3,1,0,4,3,100" ten="203,165,157,475" oya="3" hai0="90,44,5,134,87,74,12,103,72,79,120,109,96" hai1="84,46,76,92,66,107,102,121,16,81,123,133,42" hai2="3,10,89,38,24,2,26,58,23,129,6,57,128" hai3="41,20,28,77,122,31,13,127,35,130,82,88,80"/><W101/><G122/><T50/><D120/><U132/><E66/><V49/><F38/><W25/><G130/><N who="2" m="50281" /><F89/><W110/><G127/><T68/><D68/><U27/><E92/><V91/><F91/><W111/><G41/><T98/><D134/><N who="1" m="51819" /><E102/><V75/><F75/><W113/><G113/><T104/><D109/><N who="3" m="41481" /><G101/><T22/><D98/><U11/><E107/><V19/><F3/><W115/><G115/><T94/><D22/><N who="1" m="13767" /><E11/><V17/><F49/><AGARI ba="1,0" hai="42,46,49,76,81,84,121,123" m="13767,51819" machi="49" ten="30,2000,0" yaku="20,1,54,1" doraHai="100" who="1" fromWho="2" sc="203,0,165,23,157,-23,475,0" /><INIT seed="4,0,0,2,4,106" ten="203,188,134,475" oya="0" hai0="12,52,105,14,112,87,37,62,67,19,63,51,58" hai1="56,79,135,97,70,98,64,78,65,55,28,90,5" hai2="132,8,25,9,36,133,76,74,104,1,16,17,92" hai3="44,80,102,86,7,119,95,118,39,24,110,61,94"/><T18/><D105/><U91/><E70/><V23/><F104/><W60/><G110/><T27/><D37/><U126/><E28/><V127/><F36/><W66/><G7/><T73/><D73/><U134/><E5/><V130/><F127/><W109/><G109/><T53/><D112/><U59/><REACH who="1" step="1"/><E55/><REACH who="1" ten="203,178,134,475" step="2"/><V101/><F130/><W121/><G118/><T99/><D99/><U131/><E131/><V30/><F30/><W82/><G119/><T11/><D53/><U41/><E41/><V54/><F54/><W100/><G66/><T40/><D40/><U46/><E46/><V13/><F1/><W34/><G44/><T83/><D67/><U88/><E88/><V22/><F101/><W49/><G100/><T93/><D62/><U33/><E33/><V75/><F76/><W68/><G34/><T71/><D63/><U43/><E43/><V26/><F92/><W123/><G61/><T50/><D93/><U72/><E72/><V77/><F77/><W103/><G60/><T125/><D71/><U48/><E48/><V117/><F117/><W45/><G49/><T3/><D51/><U29/><E29/><V35/><F35/><W120/><G45/><T69/><D3/><U57/><E57/><V113/><F113/><W89/><G68/><T107/><D69/><U124/><AGARI ba="0,1" hai="56,59,64,65,78,79,90,91,97,98,124,126,134,135" machi="124" ten="25,12000,2" yaku="1,1,0,1,22,2,53,2" doraHai="106" doraHaiUra="85" who="1" fromWho="1" sc="203,-60,178,130,134,-30,475,-30" /><INIT seed="5,0,0,4,4,5" ten="143,308,104,445" oya="1" hai0="0,113,25,31,83,75,133,71,84,127,33,74,42" hai1="100,43,72,45,20,86,18,6,99,103,59,23,80" hai2="15,87,17,110,97,60,16,55,105,8,24,37,28" hai3="132,92,65,66,69,88,48,134,89,49,93,22,131"/><U3/><E72/><V101/><F37/><W19/><G131/><T34/><D127/><U79/><E59/><V68/><F110/><W36/><G36/><T58/><D133/><U27/><E99/><V121/><F121/><W96/><G69/><T47/><D0/><U9/><REACH who="1" step="1"/><E23/><REACH who="1" ten="143,298,104,445" step="2"/><V108/><F108/><W77/><G132/><T41/><D58/><U63/><E63/><V12/><F87/><N who="3" m="52255" /><G134/><T52/><D75/><U112/><E112/><V29/><F68/><W120/><G120/><T1/><D74/><U44/><E44/><V30/><F60/><W78/><G65/><T39/><D113/><U61/><E61/><V56/><F56/><W76/><G66/><T38/><D71/><U11/><E11/><V14/><F55/><W125/><G125/><T85/><D42/><U114/><E114/><V35/><F15/><AGARI ba="0,1" hai="15,19,22,48,49,76,77,78,89,93,96" m="52255" machi="15" ten="30,2000,0" yaku="8,1,54,1" doraHai="5" who="3" fromWho="2" sc="143,0,298,0,104,-20,445,30" /><INIT seed="6,0,0,2,0,75" ten="143,298,84,475" oya="2" hai0="105,90,70,26,23,122,27,109,40,25,32,125,66" hai1="7,77,102,34,1,53,82,97,134,81,103,42,11" hai2="116,18,13,107,123,35,19,63,88,61,52,31,14" hai3="120,62,21,69,30,100,37,41,15,96,67,112,85"/><V86/><F123/><W59/><G120/><T91/><D109/><U79/><E34/><V124/><F107/><W110/><G110/><T135/><D125/><U51/><E42/><V118/><F124/><W45/><G112/><T0/><D0/><U60/><E60/><V50/><F35/><W87/><G69/><T17/><D40/><U92/><E134/><V115/><F31/><W131/><G131/><T58/><D122/><U29/><E29/><V36/><F36/><W74/><G74/><T114/><D114/><U9/><E9/><N who="2" m="6447" /><F115/><W113/><G113/><T20/><D105/><U38/><E38/><V48/><F116/><W129/><G129/><T94/><D91/><U72/><E103/><V24/><F24/><N who="3" m="16655" /><G15/><N who="0" m="9279" /><D32/><U22/><E22/><N who="2" m="11639" /><F118/><W80/><G80/><T108/><D70/><U99/><E99/><V89/><F50/><W127/><G127/><T3/><D3/><U65/><E65/><V2/><F2/><W104/><G104/><T83/><D108/><U126/><E126/><V84/><F84/><W98/><G98/><N who="0" m="57687" /><D83/><U121/><E121/><V68/><F68/><W43/><G37/><T6/><D135/><U49/><REACH who="1" step="1"/><E53/><REACH who="1" ten="143,288,84,475" step="2"/><V71/><F71/><W56/><G96/><T76/><D66/><U54/><E54/><V93/><F89/><W12/><G100/><T10/><D23/><U46/><E46/><AGARI ba="0,1" hai="46,48,52,61,63,86,88,93" m="11639,6447" machi="46" ten="30,5800,0" yaku="8,1,54,2" doraHai="75" who="2" fromWho="1" sc="143,0,288,-58,84,68,475,0" /><INIT seed="6,1,0,3,4,83" ten="143,230,152,475" oya="2" hai0="71,127,118,75,81,24,36,95,93,34,28,69,23" hai1="88,79,54,100,10,7,67,133,42,45,125,47,130" hai2="63,15,58,110,44,101,5,115,62,9,105,55,129" hai3="56,40,25,19,102,122,6,91,21,57,50,41,27"/><V4/><F115/><W113/><G122/><T31/><D36/><U132/><E67/><V134/><F134/><N who="1" m="51817" /><E79/><V0/><F129/><W43/><G113/><T20/><D118/><U135/><E135/><V16/><F110/><W116/><G102/><T106/><D106/><U49/><E100/><V1/><F44/><W89/><G6/><T13/><D81/><U96/><E125/><V3/><REACH who="2" step="1"/><F63/><REACH who="2" ten="143,230,142,475" step="2"/><W104/><G116/><T84/><D127/><U26/><E130/><V39/><F39/><W64/><G50/><T51/><D51/><U2/><E45/><V35/><F35/><W107/><G40/><T77/><D34/><U108/><E108/><V32/><F32/><W98/><G41/><T59/><D75/><U74/><E74/><V66/><F66/><W46/><G46/><T114/><D114/><U121/><E42/><V38/><F38/><W97/><G64/><T61/><D71/><U73/><E73/><V94/><F94/><W29/><G43/><T123/><D69/><U33/><E121/><V124/><F124/><W128/><G128/><T117/><D123/><U87/><E33/><V85/><F85/><W78/><G104/><T30/><D117/><U22/><E87/><V126/><F126/><W80/><G107/><T14/><D95/><N who="1" m="56423" /><E47/><V112/><F112/><W86/><G86/><T48/><D93/><U17/><E49/><V11/><F11/><W131/><G131/><T109/><D48/><U60/><E60/><V53/><F53/><AGARI ba="1,1" hai="2,7,10,17,22,26,53,54" m="56423,51817" machi="53" ten="30,2000,0" yaku="20,1,54,1" doraHai="83" who="1" fromWho="2" sc="143,0,230,33,142,-23,475,0" /><INIT seed="7,0,0,1,0,113" ten="143,263,119,475" oya="3" hai0="15,75,61,14,65,106,108,57,67,134,20,118,79" hai1="48,70,127,73,100,63,30,55,32,11,126,109,89" hai2="27,129,124,133,0,34,81,64,91,125,46,105,41" hai3="132,68,95,119,18,110,104,103,1,116,49,26,53"/><W23/><G68/><T5/><D118/><U58/><E109/><V130/><F0/><W21/><G1/><T93/><D106/><U96/><E73/><V25/><F105/><W22/><G104/><T60/><D134/><U120/><E120/><V74/><F64/><W43/><G43/><T17/><D75/><U94/><E11/><V111/><F111/><W13/><G110/><T101/><D79/><U84/><E30/><V78/><F91/><W69/><G69/><T62/><D108/><U4/><E4/><V135/><F34/><W112/><G26/><N who="2" m="9737" /><F46/><W28/><G95/><T87/><D65/><U40/><E32/><V117/><F41/><W88/><G53/><T83/><D83/><U10/><E10/><V72/><F72/><W66/><G88/><N who="0" m="53407" /><D101/><U123/><E123/><V19/><F19/><W82/><G18/><N who="0" m="10327" /><D5/><U76/><E76/><V50/><F50/><W99/><G49/><T45/><D45/><U24/><E70/><V80/><F80/><W12/><G82/><T9/><AGARI ba="0,0" hai="9,15,17,57,60,61,62,67" m="10327,53407" machi="9" ten="30,2000,0" yaku="8,1,54,1" doraHai="113" who="0" fromWho="0" sc="143,20,263,-5,119,-5,475,-10" owari="163,-23.7,258,5.8,114,-38.6,465,56.5" /></mjloggm>