<mjloggm ver="2.3"><GO type="169" lobby="0"/><UN n0="%E5%8C%97%E6%AC%A7%E3%81%AE%E3%82%82%E3%81%93%E3%81%86" n1="%E7%B8%A6%E9%B3%A5%E5%8D%83%E6%B3%A2" n2="%E8%A1%A8%E7%A4%BA%E4%BE%A1%E6%A0%BC%E3%82%88%E3%82%8A%E5%8D%8A%E9%A1%8D" n3="%E3%81%9F%E3%81%8B%E3%81%AA" dan="16,16,16,19" rate="2116.96,2140.15,2058.88,2213.14" sx="M,F,M,M"/><TAIKYOKU oya="0"/><INIT seed="0,0,0,5,4,135" ten="250,250,250,250" oya="0" hai0="81,5,131,68,71,24,61,19,101,65,80,134,38" hai1="70,11,73,129,77,49,111,33,51,42,102,98,35" hai2="103,0,69,91,118,44,109,22,25,43,48,14,60" hai3="23,45,96,37,31,117,39,115,83,93,16,87,8"/><T66/><D134/><U20/><E70/><V106/><F118/><W32/><G117/><T89/><D38/><U97/><E111/><V46/><F0/><W6/><G115/><T128/><D5/><U82/><E129/><N who="0" m="49737" /><D101/><U86/><E98/><V54/><F109/><W17/><G32/><T10/><D89/><U130/><E130/><V108/><F108/><W63/><G31/><T21/><D10/><U85/><E20/><V15/><F106/><W78/><G63/><AGARI ba="0,0" hai="19,21,24,61,63,65,66,68,71,80,81" m="49737" machi="63" ten="30,1500,0" yaku="19,1" doraHai="135" who="0" fromWho="3" sc="250,15,250,0,250,0,250,-15" /><INIT seed="0,1,0,4,5,107" ten="265,250,250,235" oya="0" hai0="114,128,69,91,125,83,117,3,65,52,40,99,133" hai1="23,25,13,103,61,89,71,104,100,21,36,38,41" hai2="47,120,81,75,98,1,14,24,35,62,4,54,2" hai3="16,59,76,93,53,131,119,88,20,57,80,42,32"/><T134/><D114/><U60/><E104/><V85/><F120/><W132/><G119/><T135/><D117/><U12/><E25/><V28/><F98/><W97/><G32/><T94/><D128/><U126/><E41/><V18/><F4/><W90/><G131/><T67/><D125/><U72/><E71/><V130/><F130/><W30/><G132/><T26/><D3/><U39/><E39/><V121/><F75/><W66/><G42/><T10/><D10/><U116/><E116/><V113/><F113/><W77/><G30/><T108/><D69/><U74/><REACH who="1" step="1"/><E89/><REACH who="1" ten="265,240,250,235" step="2"/><V111/><F121/><W11/><G90/><T44/><D40/><U123/><E123/><V118/><F118/><W48/><G80/><T8/><D26/><U31/><E31/><V68/><F68/><W49/><G11/><T55/><D8/><U79/><E79/><V82/><F82/><W86/><G76/><T63/><D83/><U70/><E70/><V110/><F81/><W129/><G77/><T45/><D134/><U127/><AGARI ba="1,1" hai="12,13,21,23,36,38,60,61,72,74,100,103,126,127" machi="127" ten="25,12000,2" yaku="1,1,0,1,22,2,52,2,53,0" doraHai="107" doraHaiUra="50" who="1" fromWho="1" sc="265,-61,240,133,250,-31,235,-31" /><INIT seed="1,0,0,2,0,0" ten="204,373,219,204" oya="1" hai0="93,66,84,79,77,58,100,41,32,55,97,17,70" hai1="6,131,91,53,46,1,115,20,11,86,30,3,21" hai2="87,106,40,26,5,98,122,39,31,80,126,63,19" hai3="111,101,24,90,75,22,81,72,9,7,108,64,23"/><U60/><E115/><V33/><F126/><W61/><G101/><T12/><D32/><U76/><E131/><V74/><F74/><W88/><G72/><T67/><D41/><U73/><E3/><V35/><F122/><W109/><G75/><T103/><D70/><U85/><E30/><V125/><F125/><W50/><G50/><T99/><D84/><U52/><E73/><V129/><F63/><W114/><G114/><T59/><D12/><U28/><E28/><V16/><F35/><W134/><G134/><T45/><D17/><U113/><E113/><V107/><F129/><W71/><G81/><T130/><D130/><U56/><E76/><V119/><F119/><W83/><G83/><T102/><D45/><U10/><E86/><V54/><F54/><W34/><G34/><T132/><D55/><U92/><REACH who="1" step="1"/><E11/><REACH who="1" ten="204,363,219,204" step="2"/><V117/><F117/><W95/><G23/><T36/><D77/><U37/><E37/><V51/><F39/><W42/><G108/><T14/><D79/><U69/><E69/><V4/><F98/><W27/><G109/><T8/><D36/><U2/><E2/><V104/><F31/><W133/><G111/><T57/><D132/><U15/><E15/><V38/><F38/><W48/><G133/><T96/><D93/><U65/><E65/><N who="0" m="24585" /><D14/><U89/><E89/><N who="3" m="34410" /><G95/><T118/><D118/><U121/><E121/><V94/><F94/><W25/><G22/><T43/><D8/><U135/><E135/><V127/><F127/><W123/><G123/><T128/><D128/><U44/><E44/><V116/><F116/><W68/><G68/><RYUUKYOKU ba="0,1" sc="204,15,363,15,219,-15,204,-15" hai0="43,57,58,59,96,97,99,100,102,103" hai1="1,6,10,20,21,46,52,53,56,60,85,91,92" /><INIT seed="1,1,1,5,0,30" ten="219,378,204,189" oya="1" hai0="95,16,101,22,79,35,108,31,18,64,72,76,33" hai1="62,13,88,41,44,9,3,74,131,99,128,132,63" hai2="97,46,83,135,61,47,113,19,20,110,32,91,82" hai3="40,43,93,118,125,103,78,39,66,54,21,89,27"/><U73/><E3/><V11/><F110/><W56/><G125/><T60/><D108/><U69/><E132/><V59/><F135/><W119/><G78/><T23/><D31/><U126/><E126/><V29/><F113/><W4/><G66/><T104/><D104/><U94/><E74/><V38/><F11/><W12/><G103/><T51/><D51/><U129/><E73/><V10/><F10/><N who="3" m="4167" /><G39/><T117/><D117/><N who="3" m="44553" /><G21/><T14/><D101/><U70/><E70/><V98/><F38/><W123/><G27/><T68/><D95/><U122/><E69/><V67/><F29/><W77/><G77/><T17/><D17/><U75/><E75/><V8/><F8/><W87/><G123/><T112/><D112/><U48/><REACH who="1" step="1"/><E122/><REACH who="1" ten="219,368,204,189" step="2"/><V85/><F82/><W134/><G134/><T5/><D72/><U7/><AGARI ba="1,2" hai="7,9,13,41,44,48,62,63,88,94,99,128,129,131" machi="7" ten="30,12000,1" yaku="1,1,2,1,0,1,19,1,54,1,53,0" doraHai="30" doraHaiUra="120" who="1" fromWho="1" sc="219,-41,368,143,204,-41,189,-41" /><INIT seed="1,2,0,4,5,2" ten="178,511,163,148" oya="1" hai0="18,60,41,74,1,21,81,58,122,123,101,48,57" hai1="64,109,22,37,59,52,83,88,131,30,34,96,47" hai2="110,105,86,68,133,78,25,67,90,127,9,115,75" hai3="35,84,92,8,132,70,3,116,87,106,16,82,26"/><U0/><E0/><V54/><F110/><W124/><G106/><T27/><D1/><U50/><E34/><V135/><F105/><W46/><G70/><T39/><D39/><U63/><E131/><V91/><F127/><W33/><G124/><T117/><D117/><U121/><E121/><N who="0" m="46089" /><D101/><U53/><E109/><V76/><F9/><W7/><G116/><T94/><D94/><N who="1" m="56391" /><E37/><V72/><F54/><W43/><G132/><N who="2" m="50761" /><F25/><W93/><G93/><T112/><D112/><U107/><E107/><V71/><F67/><W24/><G92/><T56/><D74/><N who="2" m="28202" /><F115/><W44/><G44/><N who="0" m="25615" /><D81/><U6/><E83/><N who="2" m="49503" /><F91/><W89/><G84/><T17/><D18/><U49/><E6/><V128/><F128/><W40/><G40/><T85/><D85/><U95/><E95/><V97/><F97/><W134/><G134/><T5/><D5/><U69/><E69/><AGARI ba="2,0" hai="68,69,71,76,78" m="49503,28202,50761" machi="69" ten="40,1300,0" yaku="20,1" doraHai="2" who="2" fromWho="1" sc="178,0,511,-19,163,19,148,0" /><INIT seed="2,0,0,3,4,131" ten="178,492,182,148" oya="2" hai0="118,96,52,15,95,28,78,87,1,51,48,103,0" hai1="61,35,4,39,11,124,59,20,133,60,121,130,8" hai2="18,24,14,110,76,56,54,38,128,13,55,109,57" hai3="27,115,68,21,30,119,117,111,94,22,47,65,66"/><V36/><F128/><W71/><G111/><N who="2" m="42505" /><F76/><W2/><G2/><T3/><D118/><U34/><E130/><V45/><F45/><W98/><G115/><T114/><D114/><U97/><E39/><N who="2" m="14891" /><F24/><W134/><G47/><T58/><D28/><U104/><E124/><V6/><F6/><W12/><G30/><T80/><REACH who="0" step="1"/><D15/><REACH who="0" ten="168,492,182,148" step="2"/><N who="2" m="5642" /><F18/><W125/><G12/><T33/><D33/><U107/><E35/><V32/><F32/><W46/><G117/><T122/><D122/><U100/><E121/><V116/><F116/><W81/><G119/><T126/><D126/><U7/><E34/><V77/><F77/><W9/><G125/><T17/><D17/><U108/><E108/><V23/><F23/><W79/><G22/><T88/><D88/><U84/><E20/><V113/><F113/><W50/><G21/><T135/><D135/><U93/><E133/><V25/><F25/><W69/><G134/><T19/><D19/><U42/><E7/><V67/><F67/><W49/><G27/><T83/><D83/><U26/><E26/><V72/><F72/><W120/><G120/><T64/><D64/><U132/><E132/><V37/><F37/><W10/><G66/><T43/><D43/><U31/><E42/><V92/><F92/><W82/><G65/><T53/><D53/><AGARI ba="0,1" hai="53,54,55,56,57" m="5642,14891,42505" machi="53" ten="40,12000,1" yaku="28,2,14,1,10,1" doraHai="131" who="2" fromWho="0" sc="168,-120,492,0,182,130,148,0" /><INIT seed="2,1,0,5,5,32" ten="48,492,312,148" oya="2" hai0="16,17,119,111,43,76,42,85,46,95,116,127,50" hai1="98,103,135,15,2,35,120,78,21,0,55,36,7" hai2="13,49,75,67,34,56,45,118,125,123,124,99,40" hai3="74,88,109,68,1,101,12,66,107,97,63,70,106"/><V10/><F75/><W61/><G109/><T53/><D111/><U72/><E35/><V14/><F34/><W22/><G74/><T31/><D127/><U132/><E36/><V114/><F123/><W18/><G107/><T79/><D31/><U115/><E115/><V26/><F118/><N who="0" m="45098" /><D95/><U5/><E120/><V6/><F26/><W80/><G1/><N who="1" m="618" /><E55/><V94/><F14/><W83/><G88/><T129/><D129/><U57/><E57/><V44/><F114/><W113/><G113/><T64/><D64/><AGARI ba="1,0" hai="12,18,22,61,63,64,66,68,70,80,83,97,101,106" machi="64" ten="40,1300,0" yaku="9,1" doraHai="32" who="3" fromWho="0" sc="48,-16,492,0,312,0,148,16" /><INIT seed="3,0,0,3,1,112" ten="32,492,312,164" oya="3" hai0="1,49,18,15,124,101,80,26,19,14,10,123,65" hai1="131,52,63,31,27,59,118,67,87,6,39,91,21" hai2="43,17,61,11,41,73,86,100,102,5,25,40,32" hai3="69,108,24,97,116,81,9,0,55,48,109,83,84"/><W7/><G69/><T113/><D123/><U132/><E132/><V74/><F61/><W88/><G116/><T135/><D135/><U121/><E121/><V126/><F126/><W85/><G97/><T76/><D124/><U128/><E39/><V2/><F86/><W82/><G24/><T56/><D113/><U23/><E118/><V64/><F64/><W98/><G98/><T33/><D101/><U22/><E6/><V93/><F93/><W62/><G62/><T130/><D130/><N who="1" m="49707" /><E67/><V30/><REACH who="2" step="1"/><F17/><REACH who="2" ten="32,492,302,164" step="2"/><W79/><REACH who="3" step="1"/><G82/><AGARI ba="0,1" hai="21,22,23,27,31,52,59,63,82,87,91" m="49707" machi="82" ten="30,2000,0" yaku="19,1,54,1" doraHai="112" who="1" fromWho="3" sc="32,0,492,30,302,0,164,-20" /><INIT seed="4,0,0,4,4,56" ten="32,522,302,144" oya="0" hai0="5,135,97,29,123,81,41,84,57,124,102,30,76" hai1="47,9,80,93,2,94,8,42,130,99,71,58,43" hai2="35,117,45,16,63,15,70,26,0,48,126,119,95" hai3="133,18,65,28,6,100,104,68,122,13,69,115,7"/><T34/><D123/><U46/><E71/><V74/><F74/><W52/><G122/><T39/><D135/><U25/><E130/><V72/><F72/><W92/><G104/><T131/><D131/><U1/><E80/><V83/><F0/><W82/><G133/><T37/><D124/><U125/><E25/><V128/><F95/><W66/><G28/><T67/><D5/><U134/><E134/><V108/><F108/><W77/><G115/><T103/><D34/><U96/><REACH who="1" step="1"/><E58/><REACH who="1" ten="32,512,302,144" step="2"/><V132/><F83/><W89/><G68/><T19/><D29/><U75/><E75/><V98/><F132/><W21/><G69/><T54/><D30/><U90/><E90/><V87/><F119/><W106/><G82/><T36/><D67/><U127/><AGARI ba="0,1" hai="1,2,8,9,42,43,46,47,93,94,96,99,125,127" machi="127" ten="25,6400,0" yaku="1,1,0,1,22,2,53,0" doraHai="56" doraHaiUra="31" who="1" fromWho="1" sc="32,-32,512,74,302,-16,144,-16" /><INIT seed="5,0,0,2,1,29" ten="0,586,286,128" oya="1" hai0="38,112,77,74,72,24,132,6,131,33,63,98,81" hai1="18,14,78,70,5,65,92,17,102,67,76,53,90" hai2="7,66,12,9,64,104,58,45,23,41,108,19,2" hai3="97,115,28,116,37,21,46,84,93,57,109,125,123"/><U106/><E106/><V44/><F108/><W124/><G123/><T26/><D112/><U83/><E102/><V34/><F104/><W96/><G109/><T114/><D114/><U103/><E103/><V47/><F41/><N who="3" m="22831" /><G115/><T99/><D132/><U86/><E70/><V31/><F58/><W35/><G35/><T11/><D131/><U94/><E53/><V133/><F133/><W60/><G84/><T32/><D63/><U73/><E78/><V110/><F110/><W71/><G71/><T40/><D74/><U117/><E117/><V59/><F59/><W52/><G93/><T55/><D55/><U36/><E36/><V113/><F113/><W130/><G130/><T105/><D24/><AGARI ba="0,0" hai="2,7,9,12,19,23,24,31,34,44,45,47,64,66" machi="24" ten="40,5200,0" yaku="24,2,52,1" doraHai="29" who="2" fromWho="0" sc="0,-52,586,0,286,52,128,0" owari="-52,-55.2,586,68.6,338,13.8,128,-27.2" /></mjloggm>