<mjloggm ver="2.3"><GO type="169" lobby="0"/><UN n0="%73%65%69%67%65%6E" n1="%E5%9C%A7%E5%80%92%E7%9A%84%E3%83%9D%E3%83%B3" n2="%41%6C%6C%2D%4C%75%63%6B" n3="%E6%81%8B%E3%81%AE%E3%81%86%E3%81%9F" dan="17,17,16,17" rate="2218.06,2203.86,2132.17,2216.68" sx="M,M,M,M"/><TAIKYOKU oya="0"/><INIT seed="0,0,0,4,0,119" ten="250,250,250,250" oya="0" hai0="28,26,117,120,86,134,131,4,95,61,82,63,43" hai1="103,80,47,24,98,127,0,11,13,130,93,67,106" hai2="2,56,68,85,110,96,18,126,113,33,37,88,124" hai3="128,71,84,72,112,108,44,99,64,101,1,6,69"/><T94/><D117/><U129/><E0/><V49/><F37/><W65/><G72/><T78/><D134/><U34/><E127/><N who="2" m="48683" /><F33/><W12/><G108/><T55/><D131/><N who="1" m="50187" /><E67/><V111/><F2/><W7/><G1/><T35/><D4/><N who="1" m="3303" /><E47/><V29/><F68/><W16/><G112/><T135/><D135/><U59/><E59/><V30/><F96/><W114/><G114/><T17/><D43/><U15/><E15/><V116/><F18/><W132/><G132/><T81/><D17/><U45/><E45/><V122/><F116/><W102/><G44/><T97/><D55/><U121/><E80/><N who="2" m="49191" /><F113/><W73/><G128/><T91/><D82/><U53/><E53/><N who="2" m="31791" /><F122/><W36/><G71/><T51/><D120/><U118/><E118/><V50/><F50/><W104/><G69/><T115/><D51/><U8/><E106/><V79/><F79/><W52/><G104/><T41/><D41/><U22/><E34/><V58/><F58/><W14/><G36/><T105/><D105/><U83/><E83/><V38/><F38/><W66/><G66/><T77/><D115/><U48/><E48/><V25/><F25/><W123/><G123/><T31/><D78/><U60/><E60/><V54/><F54/><W133/><G133/><T125/><D125/><U87/><E121/><V9/><F9/><W92/><G52/><T27/><D95/><U57/><E57/><V42/><F42/><W40/><G40/><T19/><D19/><N who="1" m="12383" /><E8/><V39/><F39/><W100/><G16/><T74/><D97/><U89/><E98/><V5/><F5/><W107/><G99/><RYUUKYOKU ba="0,0" sc="250,10,250,10,250,10,250,-30" hai0="26,27,28,31,35,61,63,74,77,81,86,91,94" hai1="87,89,93,103" hai2="29,30,110,111" /><INIT seed="0,1,0,4,2,133" ten="260,260,260,220" oya="0" hai0="72,115,30,38,8,65,66,83,55,121,11,126,93" hai1="87,108,67,89,26,1,123,68,51,60,52,6,40" hai2="74,50,103,78,34,36,77,73,17,7,113,5,25" hai3="111,91,0,104,135,88,120,85,82,134,64,23,84"/><T98/><D115/><U18/><E123/><V24/><F113/><W100/><G0/><T70/><D121/><U37/><E108/><V80/><F36/><W90/><G64/><T92/><D38/><U97/><E97/><V20/><F103/><W69/><G69/><T48/><D30/><U58/><E1/><V76/><F50/><W116/><G23/><T119/><D119/><U22/><E6/><V57/><F57/><W101/><G120/><T130/><D130/><U96/><E96/><V47/><F47/><W45/><G45/><T61/><D66/><U46/><E87/><N who="3" m="33354" /><G111/><T102/><D93/><U12/><E89/><V4/><F80/><W128/><G116/><T27/><D27/><AGARI ba="1,0" hai="12,18,22,26,27,37,40,46,51,52,58,60,67,68" machi="27" ten="40,5200,0" yaku="24,2,54,1" doraHai="133" who="1" fromWho="0" sc="260,-55,260,55,260,0,220,0" /><INIT seed="1,0,0,1,1,129" ten="205,315,260,220" oya="1" hai0="120,19,109,64,93,32,113,106,91,50,57,67,48" hai1="51,72,128,115,7,15,61,107,135,21,33,42,3" hai2="12,17,59,84,116,70,40,63,39,2,101,112,53" hai3="30,100,37,85,111,114,22,54,60,69,0,46,123"/><U132/><E115/><V9/><F116/><W44/><G0/><T58/><D106/><U133/><E128/><V124/><F124/><W117/><G123/><T31/><D113/><U131/><E131/><V73/><F73/><W97/><G111/><T81/><D109/><U14/><E33/><V41/><F2/><W92/><G37/><T62/><D120/><U79/><E107/><V78/><F70/><W74/><G74/><T82/><D19/><U77/><E61/><V24/><F39/><W118/><G85/><T45/><D31/><U98/><E98/><V103/><F24/><N who="3" m="16663" /><G54/><T71/><D32/><U27/><E3/><V75/><F75/><W65/><G114/><T38/><D38/><U4/><E72/><V52/><F53/><W108/><G108/><T11/><D11/><U90/><E90/><V20/><F9/><W49/><G49/><T130/><D130/><U34/><E34/><V105/><F105/><W68/><G68/><T88/><D71/><U47/><E15/><V104/><F104/><W23/><G23/><T119/><D119/><AGARI ba="0,0" hai="44,46,60,65,69,92,97,100,117,118,119" m="16663" machi="119" ten="30,1000,0" yaku="12,1" doraHai="129" who="3" fromWho="0" sc="205,-10,315,0,260,0,220,10" /><INIT seed="2,0,0,5,5,13" ten="195,315,260,230" oya="2" hai0="12,125,99,134,61,96,7,17,50,23,40,16,75" hai1="95,86,121,35,120,15,129,70,58,118,114,2,88" hai2="69,110,83,34,65,60,82,128,24,36,62,102,42" hai3="1,29,78,106,112,66,48,85,117,92,5,0,51"/><V6/><F128/><W21/><G106/><T64/><D134/><U26/><E2/><V77/><F83/><W101/><G117/><T127/><D75/><U91/><E118/><V32/><F110/><W94/><G66/><T84/><D7/><U20/><E35/><V59/><F24/><W28/><G5/><T113/><D113/><U55/><E70/><V135/><F135/><W79/><G21/><T133/><D133/><U100/><E100/><V87/><F102/><W63/><G101/><T73/><D73/><U67/><E67/><V10/><F42/><W47/><G47/><T107/><D107/><U90/><E114/><V33/><F36/><W11/><G63/><T80/><D50/><N who="1" m="31095" /><E129/><V41/><F41/><W38/><G85/><T56/><D40/><U105/><E105/><V98/><F98/><W14/><G14/><N who="0" m="9623" /><D127/><U22/><E22/><V116/><F116/><W119/><G119/><T19/><D125/><U103/><E103/><V130/><F130/><W104/><G104/><T126/><D126/><U76/><E76/><V68/><REACH who="2" step="1"/><F60/><REACH who="2" ten="195,315,250,230" step="2"/><W74/><G112/><T122/><D122/><N who="1" m="47211" /><E26/><V54/><F54/><W115/><G115/><T97/><D12/><AGARI ba="0,1" hai="6,10,12,32,33,34,59,62,65,68,69,77,82,87" machi="12" ten="40,3900,0" yaku="1,1,53,1" doraHai="13" doraHaiUra="3" who="2" fromWho="0" sc="195,-39,315,0,250,49,230,0" /><INIT seed="2,1,0,5,4,73" ten="156,315,299,230" oya="2" hai0="28,9,78,91,66,8,89,108,121,132,4,123,111" hai1="2,115,41,46,26,42,24,27,117,105,37,47,94" hai2="65,23,99,87,15,3,125,98,84,93,59,45,50" hai3="62,109,114,38,20,31,6,71,88,124,30,129,120"/><V57/><F3/><W52/><G120/><T69/><D28/><U86/><E105/><V64/><F125/><W63/><G38/><T53/><D53/><U134/><E115/><V75/><F75/><W1/><G124/><T76/><D66/><N who="2" m="25706" /><F15/><W54/><G129/><T35/><D4/><U122/><E117/><V126/><F23/><W77/><G71/><T80/><D80/><U90/><E2/><V107/><F107/><W112/><G20/><T58/><D58/><N who="2" m="22026" /><F126/><W0/><G6/><T85/><D132/><U135/><REACH who="1" step="1"/><E122/><REACH who="1" ten="156,305,299,230" step="2"/><V32/><F32/><W19/><G1/><T70/><REACH who="0" step="1"/><D85/><REACH who="0" ten="146,305,299,230" step="2"/><N who="2" m="32842" /><F93/><W29/><G114/><T104/><D104/><U74/><E74/><V110/><F110/><W101/><G109/><T16/><D16/><U92/><E92/><V13/><F13/><W44/><G0/><T127/><D127/><U18/><E18/><V128/><F128/><W133/><G19/><T36/><D36/><AGARI ba="1,2" hai="24,26,27,36,37,41,42,46,47,86,90,94,134,135" machi="36" ten="40,2600,0" yaku="1,1,9,1,53,0" doraHai="73" doraHaiUra="5" who="1" fromWho="0" sc="146,-29,305,49,299,0,230,0" /><INIT seed="3,0,0,4,4,98" ten="117,354,299,230" oya="3" hai0="29,97,47,120,30,96,117,8,87,22,31,102,62" hai1="122,1,119,24,45,72,76,74,26,14,94,10,13" hai2="91,71,132,106,48,108,69,133,88,111,80,115,23" hai3="55,50,35,32,15,17,68,44,34,3,75,78,36"/><W12/><G3/><T79/><D117/><U110/><E122/><V0/><F0/><W100/><G68/><N who="2" m="26185" /><F115/><W73/><G36/><T33/><D33/><U129/><E119/><V5/><F5/><W57/><G78/><T114/><D114/><U127/><E110/><N who="2" m="42027" /><F106/><W86/><G86/><T107/><D120/><U112/><E112/><V56/><F23/><W99/><G57/><T81/><D8/><U9/><E1/><V54/><F80/><W104/><REACH who="3" step="1"/><G15/><REACH who="3" ten="117,354,299,220" step="2"/><T42/><D97/><U121/><E14/><V113/><F113/><W89/><G89/><AGARI ba="0,1" hai="48,54,56,88,89,91,132,133" m="42027,26185" machi="89" ten="40,2600,0" yaku="14,1,54,1" doraHai="98" who="2" fromWho="3" sc="117,0,354,0,299,36,220,-26" /><INIT seed="4,0,0,4,0,118" ten="117,354,335,194" oya="0" hai0="6,80,65,16,54,116,117,71,31,121,44,42,122" hai1="52,62,67,128,68,43,58,64,79,86,126,19,60" hai2="28,70,102,105,57,8,53,45,127,66,82,76,14" hai3="106,85,1,47,63,24,104,22,111,90,75,114,0"/><T119/><D31/><U97/><E126/><V108/><F127/><W34/><G111/><T23/><D6/><U36/><E128/><V39/><F108/><W50/><G75/><T9/><D9/><U18/><E97/><V13/><F28/><W32/><G63/><T72/><D54/><U83/><REACH who="1" step="1"/><E67/><REACH who="1" ten="117,344,335,194" step="2"/><V46/><F66/><W112/><G112/><T133/><D65/><U84/><E84/><V130/><F130/><W3/><G114/><T115/><D115/><U51/><E51/><V96/><F39/><W7/><G50/><T124/><D124/><U103/><E103/><V131/><F131/><W59/><G85/><T26/><D133/><U29/><E29/><V37/><F37/><W123/><G34/><T92/><D71/><U95/><E95/><V81/><F70/><W38/><G32/><T27/><D92/><U120/><E120/><V132/><F132/><W93/><G123/><T98/><D98/><U69/><E69/><V35/><F35/><W89/><G93/><T125/><D125/><U33/><E33/><V110/><F110/><W41/><G106/><T12/><D72/><U99/><E99/><V48/><F82/><W113/><G104/><T78/><D80/><U61/><E61/><V25/><F81/><W56/><G113/><T101/><D101/><U87/><E87/><V94/><F105/><W17/><REACH who="3" step="1"/><G7/><REACH who="3" ten="117,344,335,184" step="2"/><T40/><D78/><U77/><E77/><V73/><F76/><W109/><G109/><T5/><D5/><U107/><E107/><V134/><F134/><W15/><G15/><T49/><D42/><U10/><E10/><RYUUKYOKU ba="0,2" sc="117,10,344,10,335,-30,184,10" hai0="12,16,23,26,27,40,44,49,116,117,119,121,122" hai1="18,19,36,43,52,58,60,62,64,68,79,83,86" hai3="0,1,3,17,22,24,38,41,47,56,59,89,90" /><INIT seed="4,1,2,0,2,63" ten="127,354,305,194" oya="0" hai0="75,41,26,96,108,135,106,24,78,14,22,9,6" hai1="35,16,44,79,11,130,110,97,118,125,71,55,13" hai2="28,120,127,73,84,46,3,23,102,94,2,107,104" hai3="30,15,4,70,34,91,56,121,100,36,53,64,103"/><T43/><D135/><U90/><E118/><V48/><F120/><W27/><G36/><T58/><D108/><U57/><E71/><V38/><F73/><W134/><G121/><T98/><D75/><U101/><E110/><V66/><F38/><W119/><G119/><T33/><D78/><U29/><E79/><V67/><F127/><W131/><G131/><T18/><D106/><U51/><E125/><V86/><F94/><W72/><G70/><T42/><REACH who="0" step="1"/><D58/><REACH who="0" ten="117,354,305,194" step="2"/><U116/><E116/><V124/><F124/><W69/><G72/><T12/><D12/><U68/><E68/><V99/><F107/><W88/><G134/><T31/><AGARI ba="1,3" hai="6,9,14,18,22,24,26,31,33,41,42,43,96,98" machi="31" ten="30,12000,1" yaku="1,1,0,1,53,3" doraHai="63" doraHaiUra="37" who="0" fromWho="0" sc="117,153,354,-41,305,-41,194,-41" /><INIT seed="4,2,0,5,1,17" ten="270,313,264,153" oya="0" hai0="11,107,7,6,112,2,55,84,113,133,88,60,25" hai1="21,119,122,109,96,62,16,52,35,115,22,75,94" hai2="95,105,39,1,65,123,82,127,102,34,42,124,73" hai3="29,101,121,0,70,5,100,63,128,32,69,3,46"/><T118/><D118/><U97/><E122/><V91/><F34/><W56/><G121/><T135/><D107/><U20/><E119/><V79/><F1/><W93/><G128/><T87/><D7/><U85/><E35/><V49/><F39/><W81/><G46/><T28/><D87/><U132/><E109/><V111/><F65/><W24/><G81/><N who="0" m="49167" /><D55/><U130/><E75/><V51/><F123/><W57/><G5/><T47/><D60/><U10/><E130/><V71/><F71/><W129/><G129/><T92/><D92/><U83/><E132/><N who="0" m="50761" /><D47/><U36/><E36/><V116/><F116/><W15/><G93/><T67/><D67/><U126/><E126/><N who="2" m="48171" /><F42/><W106/><G70/><T9/><D9/><U66/><E66/><V86/><F111/><W103/><G69/><T78/><D78/><N who="1" m="46327" /><E94/><V77/><F77/><W38/><G106/><T23/><AGARI ba="2,0" hai="2,6,11,23,25,28,112,113" m="50761,49167" machi="23" ten="30,6000,0" yaku="20,1,52,1,54,1" doraHai="17" who="0" fromWho="0" sc="270,66,313,-22,264,-22,153,-22" /><INIT seed="4,3,0,5,3,56" ten="336,291,242,131" oya="0" hai0="134,96,52,124,65,84,73,112,107,3,6,63,93" hai1="80,120,17,19,4,54,41,0,98,44,58,89,45" hai2="117,86,75,101,88,70,97,128,116,10,14,34,68" hai3="43,27,36,15,48,105,66,47,67,110,108,102,60"/><T31/><D73/><U26/><E120/><V39/><F34/><W49/><G105/><T76/><D112/><U7/><E0/><V74/><F39/><W130/><G102/><T90/><D124/><U50/><E45/><V22/><F22/><W135/><G27/><T32/><D134/><U127/><E127/><V100/><F128/><W94/><G94/><T2/><D6/><U55/><E55/><V9/><F14/><W42/><G15/><T16/><D16/><N who="1" m="6219" /><E26/><V104/><F9/><W78/><G78/><T103/><D76/><U8/><E8/><V18/><F18/><W37/><G47/><T13/><D13/><U111/><E111/><V91/><F10/><W51/><G135/><T95/><D95/><N who="1" m="56687" /><E80/><N who="2" m="49223" /><F68/><W21/><G21/><T64/><D64/><U79/><E79/><V25/><F70/><W131/><G48/><AGARI ba="3,0" hai="4,7,41,44,48,50,54,58" m="56687,6219" machi="48" ten="30,2000,0" yaku="8,1,54,1" doraHai="56" who="1" fromWho="3" sc="336,0,291,29,242,0,131,-29" /><INIT seed="5,0,0,5,3,32" ten="336,320,242,102" oya="1" hai0="62,9,113,111,58,66,105,97,103,63,119,30,81" hai1="82,100,2,20,57,101,118,8,122,4,11,44,51" hai2="40,43,24,47,132,39,38,14,64,71,65,80,21" hai3="92,15,67,120,50,123,34,56,23,110,45,42,69"/><U114/><E118/><V77/><F132/><W129/><G34/><T1/><D111/><U13/><E122/><V29/><F71/><W17/><G110/><T128/><D128/><U93/><E114/><V12/><F12/><W74/><G74/><T27/><D113/><U117/><E117/><V33/><F33/><W109/><G129/><T104/><D119/><U53/><E20/><V89/><F89/><W95/><G109/><T116/><D116/><U98/><E82/><V134/><F134/><W106/><G106/><T115/><D115/><U112/><E112/><V25/><F14/><W26/><G69/><T99/><D81/><U76/><E76/><V70/><F70/><W61/><G120/><T91/><D63/><U16/><E44/><V78/><F80/><W68/><G123/><T125/><D125/><U10/><REACH who="1" step="1"/><E10/><REACH who="1" ten="336,310,242,102" step="2"/><V41/><F47/><W107/><G107/><T28/><D105/><U59/><E59/><V72/><F21/><W130/><G130/><T121/><D121/><U52/><E52/><V19/><F77/><W102/><G68/><T126/><D58/><U0/><E0/><V36/><F78/><W133/><G133/><T54/><D1/><U3/><E3/><V73/><F19/><W96/><G92/><T5/><D54/><U131/><E131/><V85/><F29/><W6/><REACH who="3" step="1"/><G15/><REACH who="3" ten="336,310,242,92" step="2"/><T22/><D104/><U87/><E87/><V79/><F85/><W37/><G37/><T60/><D99/><U124/><E124/><V49/><F39/><W55/><G55/><T18/><D126/><U46/><E46/><V48/><F43/><RYUUKYOKU ba="0,2" sc="336,-30,310,10,242,10,92,10" hai1="2,4,8,11,13,16,51,53,57,93,98,100,101" hai2="24,25,36,38,40,41,48,49,64,65,72,73,79" hai3="6,17,23,26,42,45,50,56,61,67,95,96,102" /><INIT seed="5,1,2,0,2,85" ten="306,320,252,102" oya="1" hai0="118,64,102,105,87,110,99,29,47,86,97,72,100" hai1="75,35,95,124,129,15,77,113,19,94,109,23,92" hai2="20,76,128,27,125,38,12,66,88,51,52,132,89" hai3="78,53,65,121,25,106,67,5,90,59,98,0,103"/><U58/><E35/><V37/><F128/><W50/><G121/><T41/><D110/><U83/><E109/><V119/><F119/><W44/><G78/><T49/><D118/><U54/><E129/><V30/><F132/><W114/><G114/><T34/><D72/><U96/><E124/><V133/><F133/><W1/><G25/><T62/><D29/><U131/><E131/><V3/><F3/><W8/><G0/><T42/><D42/><U13/><E113/><V21/><F66/><W14/><G1/><T79/><D79/><U122/><E122/><V123/><F123/><W40/><REACH who="3" step="1"/><G90/><REACH who="3" ten="306,320,252,92" step="2"/><N who="2" m="34921" /><F76/><W60/><AGARI ba="1,3" hai="5,8,14,40,44,50,53,59,60,65,67,98,103,106" machi="60" ten="20,5200,0" yaku="1,1,0,1,7,1,53,1" doraHai="85" doraHaiUra="11" who="3" fromWho="3" sc="306,-14,320,-27,252,-14,92,85" /><INIT seed="6,0,0,0,1,6" ten="292,293,238,177" oya="2" hai0="67,124,111,69,38,63,10,61,89,11,75,2,112" hai1="103,116,1,130,84,50,36,129,62,98,119,51,101" hai2="26,40,99,5,115,85,92,114,68,90,109,118,113" hai3="79,104,56,27,66,49,8,128,9,94,33,0,41"/><V77/><F68/><W35/><G104/><T64/><D111/><U29/><E1/><V47/><F109/><W102/><G0/><T70/><D2/><U120/><E36/><V106/><F118/><N who="1" m="45097" /><E29/><V95/><F26/><W105/><G105/><T23/><D112/><U25/><E25/><V133/><F133/><W7/><G128/><N who="1" m="49258" /><E120/><V37/><F106/><W46/><G7/><T74/><D38/><U71/><E84/><V86/><F5/><W59/><G33/><T123/><D124/><U82/><E82/><V135/><F135/><W96/><G79/><T48/><D123/><U127/><E127/><V80/><REACH who="2" step="1"/><F95/><REACH who="2" ten="292,293,228,177" step="2"/><W65/><G27/><T87/><D70/><U42/><E71/><V22/><F22/><W45/><G35/><T132/><D69/><U81/><E81/><V78/><F78/><W52/><G56/><T15/><D132/><U121/><E121/><V31/><F31/><W83/><G83/><T39/><D23/><U100/><E100/><V108/><F108/><W18/><G18/><T93/><D93/><U126/><E103/><V17/><F17/><W134/><G134/><T76/><D76/><U24/><E126/><V73/><AGARI ba="0,1" hai="37,40,47,73,77,80,85,86,90,92,99,113,114,115" machi="73" ten="30,6000,0" yaku="1,1,0,1,15,1,53,0" doraHai="6" doraHaiUra="55" who="2" fromWho="2" sc="292,-20,293,-20,228,70,177,-20" /><INIT seed="6,1,0,5,5,51" ten="272,273,298,157" oya="2" hai0="100,61,35,43,50,42,69,67,76,73,128,14,20" hai1="85,126,86,90,41,95,22,78,116,34,32,124,29" hai2="27,39,106,46,132,71,53,13,2,123,49,12,117" hai3="72,52,94,11,4,79,129,54,70,5,28,96,102"/><V47/><F123/><W133/><G70/><T48/><D35/><U64/><E116/><V84/><F117/><W107/><G129/><T98/><D128/><U134/><E41/><V115/><F106/><W109/><G109/><T9/><D20/><U36/><E36/><V10/><F71/><W56/><G133/><T104/><D76/><U1/><E1/><V3/><F132/><W131/><G131/><T16/><D73/><U17/><E64/><V59/><F115/><W60/><G107/><T103/><D103/><U75/><E134/><V21/><F39/><W91/><G28/><T74/><D74/><U81/><E29/><N who="2" m="17647" /><F2/><W89/><G4/><T33/><D33/><U101/><E101/><V122/><F3/><W8/><G8/><T130/><D130/><U0/><E0/><V63/><F122/><W92/><G79/><T127/><D127/><N who="1" m="48683" /><E75/><V57/><F84/><N who="3" m="52583" /><G72/><T120/><D120/><U30/><E30/><V93/><F93/><W88/><G54/><T82/><D82/><U25/><AGARI ba="1,0" hai="17,22,25,32,34,78,81,85,86,90,95" m="48683" machi="25" ten="30,1100,0" yaku="18,1" doraHai="51" who="1" fromWho="1" sc="272,-4,273,14,298,-6,157,-4" /><INIT seed="7,0,0,1,4,23" ten="268,287,292,153" oya="3" hai0="21,101,106,56,79,66,26,117,98,28,59,7,55" hai1="14,130,65,105,67,80,30,125,133,58,39,81,1" hai2="100,93,42,135,102,22,114,82,134,49,54,97,78" hai3="68,85,53,124,10,5,111,129,45,74,73,47,109"/><W20/><G68/><T87/><D117/><U127/><E105/><V51/><F114/><W122/><G122/><T63/><D7/><U103/><E39/><V123/><F123/><W2/><G129/><T90/><D79/><U126/><E103/><V19/><F102/><W91/><G124/><T43/><D43/><U12/><E130/><V84/><F42/><W88/><G20/><T61/><D90/><U113/><E113/><V96/><F96/><W108/><G91/><T9/><D87/><U0/><E30/><V18/><F18/><W131/><G131/><T60/><D9/><U13/><E133/><N who="2" m="50699" /><F54/><W11/><G11/><T27/><D27/><AGARI ba="0,0" hai="19,22,27,49,51,78,82,84,93,97,100" m="50699" machi="27" ten="30,2000,0" yaku="20,1,52,1" doraHai="23" who="2" fromWho="0" sc="268,-20,287,0,292,20,153,0" owari="248,-15.2,287,8.7,312,41.2,153,-34.7" /></mjloggm>