<mjloggm ver="2.3"><GO type="169" lobby="0"/><UN n0="%E7%B4%94%E6%BD%94%E3%83%94%E3%83%A9%E3%83%8B%E3%82%A2" n1="%E3%81%BF%E3%81%8B%E3%82%93%EF%BC%A0%E3%82%8F%E3%81%8B%E3%82%81%E3%81%A6" n2="%E3%83%A9%E3%83%B3%E3%82%B0%E3%83%A9" n3="%64%6F%6F%6F%6F%77%79%31" dan="16,16,16,16" rate="2181.56,2142.99,2073.55,2176.43" sx="M,M,M,M"/><TAIKYOKU oya="0"/><INIT seed="0,0,0,1,1,10" ten="250,250,250,250" oya="0" hai0="130,74,99,105,121,112,53,16,22,62,43,123,94" hai1="103,61,19,66,125,91,104,38,79,97,77,134,24" hai2="36,4,133,102,42,89,124,126,49,111,23,83,64" hai3="45,81,9,12,26,92,114,70,73,8,11,52,69"/><T17/><D112/><U40/><E125/><N who="2" m="48235" /><F36/><W76/><G114/><T27/><D74/><U15/><E134/><V68/><F133/><W50/><G26/><T18/><D105/><U2/><E2/><V35/><F35/><W80/><G80/><T55/><D130/><U95/><E24/><V47/><F102/><W129/><G129/><T44/><D123/><U127/><E127/><V59/><F68/><W100/><REACH who="3" step="1"/><G12/><REACH who="3" ten="250,250,250,240" step="2"/><T63/><D121/><U31/><E31/><V33/><F83/><W39/><G39/><T41/><D62/><U30/><E30/><V106/><F33/><W135/><G135/><T87/><D63/><U82/><E82/><V60/><F60/><W65/><G65/><T122/><D122/><U101/><E38/><V67/><F64/><W85/><G85/><T93/><D87/><U37/><E61/><V13/><F13/><W0/><G0/><T71/><D71/><U6/><E66/><V96/><F67/><W120/><G120/><T109/><D109/><U14/><E14/><V108/><F108/><W84/><G84/><T5/><D5/><U132/><E6/><V28/><F111/><W90/><G90/><T3/><D3/><U51/><E37/><V116/><F4/><W29/><G29/><T107/><D27/><U34/><E132/><V72/><F28/><W1/><G1/><T128/><D128/><U118/><E34/><V32/><F32/><W7/><G7/><T115/><D115/><U110/><E110/><V78/><F78/><W119/><G119/><T86/><D86/><N who="1" m="52727" /><E118/><V98/><F116/><W48/><G48/><RYUUKYOKU ba="0,1" sc="250,-10,250,-10,250,-10,240,30" hai3="8,9,11,45,50,52,69,70,73,76,81,92,100" /><INIT seed="1,1,1,3,3,33" ten="240,240,240,270" oya="1" hai0="54,7,73,124,46,18,15,131,126,106,38,135,81" hai1="48,43,77,129,69,3,20,66,8,26,122,71,105" hai2="72,70,118,79,87,5,22,132,32,101,61,37,74" hai3="35,23,17,31,98,130,45,112,40,47,84,88,108"/><U10/><E122/><V90/><F118/><W27/><G112/><T9/><D106/><U21/><E105/><V28/><F37/><W12/><G108/><T2/><D135/><U55/><E129/><V49/><F101/><W121/><G121/><T63/><D131/><U52/><E77/><V60/><F32/><W104/><G130/><T13/><D63/><U78/><E78/><V123/><F123/><W19/><G40/><N who="0" m="22807" /><D54/><U119/><E43/><V116/><F70/><W80/><REACH who="3" step="1"/><G19/><REACH who="3" ten="240,240,240,260" step="2"/><T75/><D18/><U128/><E128/><V44/><F132/><W62/><G62/><T53/><D53/><U127/><E55/><V114/><F114/><W86/><G86/><T51/><D73/><U14/><E52/><V102/><F61/><W97/><G97/><T83/><D75/><U91/><E119/><V111/><F60/><W125/><G125/><N who="0" m="48235" /><D51/><U85/><E48/><V4/><F49/><W39/><G39/><T92/><D92/><U56/><E127/><V113/><F74/><W68/><G68/><T34/><D34/><U25/><E71/><V57/><F72/><W110/><G110/><T6/><D6/><U29/><E69/><V59/><F111/><W41/><G41/><T109/><D109/><U120/><E120/><V117/><F4/><W94/><G94/><T96/><D96/><U36/><E36/><V93/><F5/><W89/><G89/><T65/><D65/><U58/><E66/><V30/><F117/><W11/><G11/><T95/><D95/><U42/><E10/><V103/><F116/><W67/><G67/><T82/><AGARI ba="1,2" hai="2,7,9,13,15,81,82,83" m="48235,22807" machi="82" ten="30,4000,0" yaku="5,1,18,1,52,1" doraHai="33" who="0" fromWho="0" sc="240,63,240,-21,240,-11,260,-11" /><INIT seed="2,0,0,1,2,93" ten="303,219,229,249" oya="2" hai0="131,90,84,36,89,9,13,105,127,71,15,76,96" hai1="112,32,121,2,7,126,130,45,113,23,11,77,34" hai2="8,79,107,58,26,92,0,66,132,18,80,24,62" hai3="75,111,103,88,73,129,133,68,102,22,21,65,86"/><V101/><F107/><W70/><G111/><T44/><D71/><U37/><E126/><V118/><F118/><W33/><G33/><T135/><D127/><U97/><E121/><V19/><F132/><W41/><G133/><T53/><D131/><U115/><E130/><V106/><F106/><W74/><G129/><T31/><D31/><U82/><E23/><V117/><F117/><W6/><G41/><T99/><D105/><U110/><E110/><V25/><F0/><W29/><G6/><T60/><D36/><U43/><REACH who="1" step="1"/><E97/><REACH who="1" ten="303,209,229,249" step="2"/><N who="0" m="37449" /><D135/><U72/><AGARI ba="0,1" hai="2,7,11,32,34,37,43,45,72,77,82,112,113,115" machi="72" ten="30,12000,2" yaku="1,1,0,1,25,2,23,2,53,0" doraHai="93" doraHaiUra="125" who="1" fromWho="1" sc="303,-30,209,130,229,-60,249,-30" /><INIT seed="3,0,0,2,5,1" ten="273,339,169,219" oya="3" hai0="123,101,4,75,121,48,8,96,59,50,115,129,18" hai1="131,15,63,0,57,51,130,135,85,16,6,74,7" hai2="114,102,83,104,32,30,5,86,100,53,56,67,84" hai3="44,109,64,99,93,125,82,42,43,97,126,71,120"/><W45/><G120/><T9/><D75/><U117/><E74/><V122/><F114/><W79/><G109/><T80/><D80/><U46/><E135/><V118/><F118/><W14/><G14/><T52/><D129/><N who="1" m="49163" /><E0/><V33/><F122/><W20/><G20/><T94/><D115/><U27/><E27/><V54/><F67/><W21/><G21/><T69/><D69/><U105/><E105/><V17/><F17/><W61/><G44/><T41/><D18/><U128/><E117/><V112/><F56/><W55/><G55/><T25/><D25/><U127/><E127/><N who="3" m="48650" /><G93/><T22/><D22/><N who="1" m="11551" /><E85/><V108/><F112/><W89/><G89/><T60/><D8/><U65/><E128/><V111/><F104/><W72/><G42/><AGARI ba="0,0" hai="6,7,42,46,51,57,63,65" m="11551,49163" machi="42" ten="30,7700,0" yaku="19,1,52,2,54,1" doraHai="1" who="1" fromWho="3" sc="273,0,339,77,169,0,219,-77" /><INIT seed="4,0,0,0,2,106" ten="273,416,169,142" oya="0" hai0="123,50,88,6,18,120,5,35,41,9,27,116,133" hai1="90,67,54,43,51,32,115,66,98,23,60,129,42" hai2="69,82,118,93,94,110,134,36,48,76,131,75,57" hai3="103,78,80,25,101,83,104,38,56,37,3,53,92"/><T46/><D116/><U62/><E32/><V70/><F110/><W40/><G104/><T97/><D133/><U55/><E23/><V0/><F36/><W108/><G3/><T59/><D59/><U99/><E90/><V21/><F134/><W7/><G7/><T61/><D61/><U13/><E13/><V22/><F0/><W71/><G71/><T47/><D47/><U26/><E129/><V109/><F109/><W24/><G108/><T65/><D65/><U126/><E126/><V4/><F131/><W45/><G38/><T49/><D49/><U19/><E19/><V1/><F118/><W122/><G122/><T68/><D68/><U2/><E2/><V39/><F39/><W79/><G101/><T113/><D113/><U102/><E102/><V8/><F70/><W17/><G103/><T74/><D74/><U105/><E105/><V85/><F69/><W128/><G92/><T135/><D135/><U87/><E87/><V125/><F125/><W44/><G44/><T121/><D9/><U33/><E33/><V16/><F85/><W31/><G128/><T124/><D124/><U100/><E100/><V96/><F96/><W15/><G37/><T130/><D130/><U112/><REACH who="1" step="1"/><E51/><REACH who="1" ten="273,406,169,142" step="2"/><V117/><F117/><W52/><G17/><T30/><REACH who="0" step="1"/><D18/><REACH who="0" ten="263,406,169,142" step="2"/><U86/><E86/><V119/><F119/><W34/><G31/><T14/><D14/><U72/><E72/><V127/><F127/><W20/><G15/><T29/><D29/><U12/><E12/><V63/><F16/><W89/><G24/><AGARI ba="0,2" hai="24,26,42,43,54,55,60,62,66,67,98,99,112,115" machi="24" ten="25,3200,0" yaku="1,1,22,2,53,0" doraHai="106" doraHaiUra="84" who="1" fromWho="3" sc="263,0,406,52,169,0,142,-32" /><INIT seed="5,0,0,4,3,93" ten="263,458,169,110" oya="1" hai0="21,110,120,123,65,31,51,74,38,122,75,84,96" hai1="116,68,72,89,88,95,67,101,129,70,29,79,91" hai2="61,8,46,132,17,78,41,6,34,19,104,42,14" hai3="4,90,32,106,48,64,25,135,85,76,63,117,118"/><U126/><E116/><N who="3" m="44650" /><G135/><T121/><N who="0" m="30720" /><DORA hai="81" /><T83/><D38/><U37/><E37/><V86/><F132/><W39/><G39/><T103/><D65/><U56/><E126/><V50/><F34/><W57/><G106/><N who="0" m="63847" /><D51/><U127/><E29/><V5/><F104/><W102/><G102/><T66/><D66/><U33/><E33/><V27/><F41/><W128/><G128/><T9/><D9/><U0/><E0/><V99/><F61/><W43/><G4/><T111/><D21/><U1/><E129/><V92/><F19/><W114/><G114/><T124/><D31/><U105/><E67/><V3/><F27/><W15/><G15/><T69/><D69/><U100/><E1/><V115/><F115/><W112/><G112/><T45/><D45/><U94/><E70/><V44/><F44/><N who="3" m="25631" /><G76/><N who="0" m="46183" /><D124/><U77/><E127/><V23/><F3/><W87/><G25/><T82/><D82/><U35/><E35/><V134/><F134/><W107/><G32/><T30/><D30/><U12/><E68/><V131/><F131/><W36/><G36/><T47/><D47/><U7/><E7/><V16/><F5/><W59/><G59/><T119/><D119/><U80/><E56/><V49/><F23/><W10/><G10/><T55/><D55/><U22/><E22/><V133/><F133/><W98/><G107/><T54/><D54/><U24/><E105/><V113/><F113/><W28/><G28/><T20/><D20/><U52/><E52/><V73/><F8/><W11/><G11/><T130/><D130/><U53/><E53/><V62/><F6/><RYUUKYOKU ba="0,0" sc="263,15,458,-15,169,-15,110,15" hai0="74,75,110,111" hai3="57,63,64,85,87,90,98" /><INIT seed="6,1,0,0,3,54" ten="278,443,154,125" oya="2" hai0="1,78,92,125,75,44,43,74,93,48,47,12,90" hai1="114,21,70,118,66,84,32,104,26,130,5,7,8" hai2="79,88,40,56,31,67,107,6,58,35,116,97,128" hai3="46,13,55,64,15,77,111,102,29,57,27,37,4"/><V28/><F116/><W71/><G111/><T20/><D1/><U94/><E104/><V76/><F107/><W25/><G102/><T49/><D125/><U110/><E110/><V83/><F35/><W16/><G77/><N who="2" m="29769" /><F128/><W14/><G4/><T0/><D0/><U124/><E5/><V60/><F40/><W82/><G71/><T89/><D78/><U122/><E32/><V65/><F6/><W133/><G133/><T135/><D12/><N who="3" m="4713" /><G37/><T127/><D127/><U80/><E7/><V72/><F72/><W105/><G105/><T33/><D33/><U68/><E124/><V113/><F113/><W63/><G29/><N who="2" m="11337" /><F83/><W61/><G82/><T24/><D135/><U38/><E80/><V9/><F9/><N who="3" m="6255" /><G63/><T62/><D62/><U87/><E68/><V30/><N who="2" m="11345" /><V101/><DORA hai="134" /><F101/><W51/><AGARI ba="1,0" hai="25,27,46,51,55,57,61,64" m="6255,4713" machi="51" ten="30,4000,0" yaku="8,1,52,1,54,1" doraHai="54,134" who="3" fromWho="3" sc="278,-11,443,-11,154,-21,125,43" /><INIT seed="7,0,0,4,2,100" ten="267,432,133,168" oya="3" hai0="88,131,41,95,110,5,119,19,107,112,126,1,48" hai1="54,81,130,24,67,65,45,73,16,125,13,101,52" hai2="135,34,10,91,29,104,105,2,134,37,51,43,84" hai3="63,23,116,77,102,115,71,129,68,123,46,70,27"/><W111/><G116/><T3/><D5/><U55/><E125/><V83/><F37/><W9/><G123/><T75/><D19/><U56/><E130/><V127/><F127/><W38/><G129/><T89/><D95/><U4/><E101/><V49/><F34/><W103/><G115/><T118/><D88/><U93/><E93/><V57/><F29/><W31/><G111/><T97/><D89/><U76/><E45/><N who="2" m="25791" /><F2/><W47/><G77/><T106/><D48/><U60/><E65/><V124/><F124/><W14/><G63/><T32/><D41/><U66/><E67/><V58/><F10/><W117/><G117/><T78/><D97/><U39/><E39/><V87/><F87/><W74/><G74/><T72/><D78/><U132/><E132/><N who="2" m="50731" /><F51/><W113/><G113/><T85/><D85/><U62/><E62/><V30/><F30/><W50/><G38/><T108/><D126/><U15/><E4/><V79/><F79/><W0/><G0/><T121/><D112/><U82/><E81/><V86/><F86/><W36/><G36/><T61/><D61/><U128/><E128/><V7/><F7/><N who="3" m="3391" /><G50/><T8/><D131/><U90/><E90/><V6/><F6/><W122/><G122/><T98/><D8/><U53/><E66/><V40/><F40/><W120/><G120/><T26/><D121/><U59/><E56/><AGARI ba="0,0" hai="56,57,58,83,84,91,104,105" m="50731,25791" machi="56" ten="30,3900,0" yaku="20,1,52,2" doraHai="100" who="2" fromWho="1" sc="267,0,432,-39,133,39,168,0" owari="267,6.7,393,49.3,172,-22.8,168,-33.2" /></mjloggm>