<mjloggm ver="2.3"><GO type="169" lobby="0"/><UN n0="%74%61%6B%65%2D%79%6F%75" n1="%E2%97%8E%E3%82%88%E3%81%97%E2%97%8E" n2="%E3%81%99%E3%83%BC%5F%E9%88%B4%E6%9C%A8%E6%B5%A9%E5%B9%B3" n3="%64%69%76%61" dan="17,17,16,16" rate="2235.15,2188.05,2097.18,2042.55" sx="M,M,M,M"/><TAIKYOKU oya="0"/><INIT seed="0,0,0,0,3,69" ten="250,250,250,250" oya="0" hai0="33,102,3,52,41,13,40,5,37,107,84,122,25" hai1="9,75,77,109,17,53,93,68,47,120,6,110,31" hai2="91,81,133,78,21,66,124,130,71,0,117,54,63" hai3="99,104,10,45,2,15,98,108,65,44,49,95,94"/><T30/><D122/><U23/><E120/><V70/><F0/><W89/><G2/><T39/><D3/><N who="1" m="223" /><E68/><V26/><F130/><W12/><G108/><N who="1" m="41578" /><E93/><V103/><F103/><W55/><G104/><T35/><D102/><U62/><E31/><V82/><F133/><W60/><G12/><T114/><D107/><U113/><E113/><V127/><F70/><W46/><G60/><T29/><D114/><U20/><E20/><V76/><F117/><W100/><REACH who="3" step="1"/><G65/><REACH who="3" ten="250,250,250,240" step="2"/><T97/><D13/><U11/><E62/><V22/><F63/><W50/><G50/><T38/><D38/><U88/><E11/><V32/><F66/><W92/><G92/><T87/><D37/><U1/><E1/><V58/><F124/><W67/><G67/><T57/><D39/><U72/><E72/><V90/><F127/><W111/><G111/><T16/><D25/><U85/><E75/><V125/><F26/><W18/><AGARI ba="0,1" hai="10,15,18,44,45,46,49,55,89,94,95,98,99,100" machi="18" ten="20,5200,0" yaku="1,1,0,1,7,1,8,1,53,0" doraHai="69" doraHaiUra="34" who="3" fromWho="3" sc="250,-26,250,-13,250,-13,240,62" /><INIT seed="1,0,0,5,2,129" ten="224,237,237,302" oya="1" hai0="50,28,90,41,130,34,107,37,128,10,70,72,49" hai1="111,3,97,27,0,102,58,30,112,82,122,66,33" hai2="103,101,106,63,26,98,7,4,31,43,19,15,80" hai3="83,124,109,54,86,5,135,35,59,123,22,71,18"/><U100/><E112/><V48/><F101/><W69/><G123/><T68/><D72/><U25/><E122/><V92/><F106/><W64/><G35/><T88/><D107/><U6/><E6/><V118/><F118/><W61/><G109/><T96/><D37/><U16/><E102/><V95/><F95/><W9/><G124/><T85/><D34/><U8/><E82/><V12/><F63/><W39/><G39/><T73/><D73/><U114/><E114/><V47/><F80/><W52/><G135/><T53/><D28/><U17/><E111/><V77/><F77/><W23/><G23/><T132/><D132/><U45/><E45/><V91/><F103/><W99/><G99/><T13/><D41/><U14/><E66/><V113/><F113/><W44/><G44/><T56/><D96/><U20/><REACH who="1" step="1"/><E58/><REACH who="1" ten="224,227,237,302" step="2"/><V55/><F4/><W60/><G59/><T2/><D56/><U89/><E89/><V121/><F7/><W125/><G64/><T11/><D90/><U134/><E134/><V87/><F121/><W108/><G108/><T36/><D88/><U126/><E126/><V76/><F47/><W32/><G125/><T74/><D128/><U119/><E119/><V116/><F116/><W75/><G5/><T110/><D130/><U131/><E131/><V104/><F91/><W40/><G83/><T51/><D110/><U65/><E65/><V117/><F117/><W1/><G71/><T81/><D68/><U62/><E62/><V24/><F76/><W115/><G69/><T93/><D70/><U29/><E29/><V127/><F31/><RYUUKYOKU ba="0,1" sc="224,-10,227,30,237,-10,302,-10" hai1="0,3,8,14,16,17,20,25,27,30,33,97,100" /><INIT seed="1,1,1,1,5,81" ten="214,257,227,292" oya="1" hai0="104,69,22,101,97,119,33,110,19,64,49,106,13" hai1="67,39,74,20,84,122,135,53,132,28,114,118,129" hai2="131,75,18,120,65,15,30,98,125,102,91,1,83" hai3="6,96,130,123,17,62,73,66,85,55,92,59,94"/><U37/><E74/><V0/><F120/><W51/><G123/><T80/><D119/><U99/><E122/><V14/><F131/><W95/><G73/><T34/><D110/><U88/><E118/><V5/><F125/><W127/><G127/><T72/><D104/><U133/><E114/><V50/><F30/><W31/><G31/><T27/><D49/><U42/><E129/><V36/><F36/><W111/><G111/><T4/><D4/><U11/><E67/><V100/><F65/><W29/><G6/><T45/><D45/><U8/><E99/><V89/><F50/><W46/><G130/><T103/><D103/><U113/><E53/><V44/><F44/><W24/><G17/><T90/><D27/><N who="1" m="16487" /><E113/><V128/><F128/><W56/><G46/><T108/><D108/><U26/><E26/><V43/><F75/><W41/><G41/><T107/><D107/><U78/><E78/><V116/><F43/><W9/><G9/><N who="1" m="3658" /><E42/><V12/><F116/><W40/><G40/><T87/><REACH who="0" step="1"/><D72/><REACH who="0" ten="204,257,227,292" step="2"/><U71/><E71/><V7/><F0/><W60/><G60/><AGARI ba="1,2" hai="13,19,22,33,34,60,64,69,80,87,90,97,101,106" machi="60" ten="40,5200,0" yaku="1,1,2,1,52,1,53,0" doraHai="81" doraHaiUra="3" who="0" fromWho="3" sc="204,75,257,0,227,0,292,-55" /><INIT seed="2,0,0,1,4,50" ten="279,257,227,237" oya="2" hai0="117,66,133,134,94,111,28,96,123,75,105,22,132" hai1="77,57,78,1,54,63,62,21,59,135,113,129,108" hai2="46,104,90,14,58,68,61,126,65,19,43,131,127" hai3="97,115,76,80,44,11,95,20,6,31,35,64,116"/><V83/><F104/><W55/><G116/><T9/><D123/><U56/><E113/><V15/><F131/><W34/><G115/><T26/><D75/><U39/><E129/><V24/><F68/><W125/><G64/><T70/><D111/><U98/><E1/><V41/><F24/><W23/><G125/><N who="2" m="47625" /><F19/><W17/><G31/><T3/><D105/><U84/><E108/><V72/><F41/><W40/><G40/><T106/><D106/><U102/><E39/><N who="2" m="21887" /><F90/><W52/><G34/><T89/><D117/><U91/><E135/><V107/><F107/><W18/><G35/><T5/><D70/><U73/><E21/><N who="3" m="8266" /><G44/><T121/><D121/><U16/><E16/><N who="3" m="6250" /><G11/><T99/><REACH who="0" step="1"/><D66/><REACH who="0" ten="269,257,227,237" step="2"/><U81/><E62/><V85/><F72/><W71/><G71/><T119/><D119/><U109/><E109/><V82/><F65/><W112/><G112/><T2/><D2/><U33/><E73/><V79/><F14/><W86/><G6/><T30/><D30/><U47/><E63/><V49/><F15/><W51/><G51/><T38/><D38/><U36/><E36/><V130/><F49/><W53/><G53/><T124/><D124/><U92/><E54/><N who="2" m="34007" /><F130/><W100/><AGARI ba="0,1" hai="52,55,76,80,86,95,97,100" m="6250,8266" machi="100" ten="30,8000,1" yaku="8,1,52,2,54,2" doraHai="50" who="3" fromWho="3" sc="269,-20,257,-20,227,-40,237,90" /><INIT seed="3,0,0,4,1,17" ten="249,237,187,327" oya="3" hai0="86,91,88,98,73,121,96,14,68,37,129,83,5" hai1="103,51,108,56,72,4,60,101,23,12,74,22,26" hai2="32,48,131,130,33,55,122,1,40,90,62,124,13" hai3="110,6,80,112,75,31,93,57,0,92,19,67,24"/><W81/><G112/><T78/><D68/><U128/><E108/><V105/><F1/><W36/><G36/><T54/><D37/><U38/><E38/><V132/><F105/><W25/><G0/><T100/><D121/><U97/><E128/><V21/><F132/><W70/><G70/><T94/><D129/><N who="2" m="49162" /><F124/><W107/><G6/><T79/><D54/><U8/><E51/><V52/><F122/><W2/><G2/><T117/><D117/><U123/><E123/><V15/><F40/><W44/><G44/><T114/><D114/><U118/><E118/><V99/><F62/><W45/><G45/><T126/><D126/><U71/><E71/><V42/><F42/><W104/><G104/><N who="0" m="63495" /><D5/><U87/><E87/><V95/><F55/><W43/><G43/><T35/><D14/><N who="2" m="5130" /><F21/><W9/><G67/><T116/><D35/><U66/><E101/><V27/><F27/><W7/><G25/><T49/><D116/><U109/><E109/><V119/><F119/><W77/><G24/><T65/><D65/><U115/><E115/><V82/><F82/><W84/><G107/><T134/><D134/><U29/><REACH who="1" step="1"/><E23/><REACH who="1" ten="249,227,187,327" step="2"/><V10/><F10/><W50/><G9/><T58/><D49/><U53/><E53/><V11/><F11/><W47/><G50/><T89/><D58/><AGARI ba="0,1" hai="32,33,48,52,58,90,95,99" m="5130,49162" machi="58" ten="30,2000,0" yaku="19,1,54,1" doraHai="17" who="2" fromWho="0" sc="249,-20,227,0,187,30,327,0" /><INIT seed="4,0,0,4,3,104" ten="229,227,217,327" oya="0" hai0="36,65,64,80,82,8,128,131,47,18,83,25,6" hai1="34,13,45,28,78,73,91,66,129,74,134,67,5" hai2="32,87,14,84,50,93,114,55,33,48,52,102,113" hai3="110,51,21,97,53,111,105,27,58,119,89,106,22"/><T94/><D94/><U117/><E117/><V17/><F102/><W118/><G118/><T121/><D121/><U125/><E78/><V133/><F133/><W59/><G119/><T60/><D36/><U57/><E28/><V95/><F14/><W23/><G106/><T0/><D47/><U99/><E34/><V115/><F113/><W35/><G35/><T11/><D65/><N who="1" m="24587" /><E57/><V71/><REACH who="2" step="1"/><F17/><REACH who="2" ten="229,227,207,327" step="2"/><W9/><G110/><T12/><REACH who="0" step="1"/><D25/><REACH who="0" ten="219,227,207,327" step="2"/><U76/><E134/><V30/><F30/><W75/><G27/><T127/><D127/><U92/><E125/><V49/><F49/><W42/><G111/><T1/><D1/><U98/><E13/><V61/><F61/><W69/><G105/><T107/><D107/><U86/><E45/><V70/><AGARI ba="0,2" hai="32,33,48,50,52,55,70,71,84,87,93,95,114,115" machi="70" ten="25,8000,1" yaku="1,1,0,1,22,2,54,1,53,0" doraHai="104" doraHaiUra="120" who="2" fromWho="2" sc="219,-40,227,-20,207,100,327,-20" /><INIT seed="5,0,0,3,1,26" ten="179,207,307,307" oya="1" hai0="57,40,103,22,102,45,17,92,85,109,93,80,30" hai1="49,72,131,53,46,117,82,94,33,23,134,68,104" hai2="124,87,42,135,106,121,77,6,129,105,127,132,113" hai3="65,14,32,38,112,118,64,61,15,78,18,62,35"/><U20/><E117/><V122/><F42/><W21/><G118/><T28/><D109/><U79/><E104/><N who="2" m="40043" /><F6/><W37/><G78/><N who="0" m="46231" /><D57/><U97/><E68/><V69/><F69/><W47/><G21/><T101/><D45/><U5/><E131/><V120/><F113/><W86/><G86/><T125/><D125/><N who="2" m="48202" /><F129/><W11/><G11/><T36/><D40/><U119/><E134/><N who="2" m="51243" /><F87/><W51/><G51/><T89/><D36/><U81/><E119/><V3/><F3/><W126/><G126/><T48/><D48/><U34/><E5/><V84/><F84/><W88/><G47/><T99/><D92/><U24/><E23/><V10/><F10/><W1/><G1/><T19/><D19/><U90/><REACH who="1" step="1"/><E81/><REACH who="1" ten="179,197,307,307" step="2"/><V100/><F77/><W96/><G112/><T27/><AGARI ba="0,1" hai="17,22,27,28,30,89,93,99,101,102,103" m="46231" machi="27" ten="30,4000,0" yaku="8,1,52,2" doraHai="26" who="0" fromWho="0" sc="179,50,197,-20,307,-10,307,-10" /><INIT seed="6,0,0,3,1,70" ten="229,177,297,297" oya="2" hai0="109,51,35,89,78,74,9,66,16,27,49,67,12" hai1="40,56,7,26,79,86,60,14,77,96,84,37,30" hai2="114,120,95,48,39,119,45,134,47,33,0,18,90" hai3="21,19,61,133,132,73,36,105,107,57,68,130,127"/><V38/><F119/><W20/><G73/><T46/><D109/><U62/><E96/><V50/><F120/><W135/><G130/><T102/><D102/><U2/><E2/><V22/><F33/><W34/><G34/><T113/><D113/><U91/><E62/><V15/><F0/><W87/><G127/><T64/><D89/><U54/><E84/><V42/><F134/><W71/><G87/><T17/><D46/><U98/><E98/><V83/><F83/><W44/><G71/><T93/><D93/><U110/><E110/><V53/><F114/><W121/><G68/><T108/><D108/><U94/><E7/><V76/><F76/><W6/><G121/><T59/><D59/><U3/><E3/><V126/><F126/><W65/><G6/><T80/><REACH who="0" step="1"/><D17/><REACH who="0" ten="219,177,297,297" step="2"/><U116/><E116/><V25/><REACH who="2" step="1"/><F25/><REACH who="2" ten="219,177,287,297" step="2"/><W118/><G118/><T8/><D8/><U28/><E26/><V131/><F131/><W111/><G111/><T55/><D55/><U99/><E79/><V52/><F52/><W72/><G133/><T125/><D125/><U101/><E77/><V103/><F103/><W1/><G132/><T29/><AGARI ba="0,2" hai="9,12,16,27,29,35,49,51,64,66,67,74,78,80" machi="29" ten="30,7900,0" yaku="1,1,0,1,54,1,53,1" doraHai="70" doraHaiUra="5" who="0" fromWho="0" sc="219,99,177,-20,287,-39,297,-20" /><INIT seed="7,0,0,4,5,52" ten="318,157,248,277" oya="3" hai0="87,32,81,85,45,133,70,46,28,95,109,38,134" hai1="130,33,86,5,66,121,2,113,84,73,118,37,111" hai2="64,56,50,80,114,107,128,22,19,127,34,26,4" hai3="126,41,12,16,103,119,59,110,67,7,48,135,14"/><W1/><G119/><T58/><D70/><U39/><RYUUKYOKU type="yao9" ba="0,0" sc="318,0,157,0,248,0,277,0" hai1="2,5,33,37,39,66,73,84,86,111,113,118,121,130" /><INIT seed="7,1,0,3,3,93" ten="318,157,248,277" oya="3" hai0="19,11,72,18,79,22,68,100,92,40,126,6,113" hai1="13,88,42,57,76,114,77,28,99,115,106,31,132" hai2="26,69,71,51,73,78,5,125,129,87,81,54,27" hai3="121,38,48,135,60,122,43,64,90,107,24,33,36"/><W55/><G135/><T62/><D126/><U130/><E132/><V58/><F125/><W123/><G107/><T118/><D118/><U70/><E70/><V29/><F129/><W25/><G33/><T2/><D113/><N who="1" m="43019" /><E106/><V12/><F73/><W110/><G110/><T49/><D72/><U20/><E42/><V16/><F5/><W101/><G101/><T117/><D79/><N who="1" m="30283" /><E130/><V63/><F63/><W85/><G43/><T41/><D62/><U103/><E103/><V91/><F78/><W120/><G36/><T23/><D68/><U75/><E75/><V65/><F65/><W97/><G38/><T133/><D40/><U82/><E82/><V80/><F81/><W96/><G60/><T127/><D100/><U131/><E131/><V89/><F89/><W15/><G64/><T134/><D41/><U67/><E67/><V0/><F0/><W66/><G66/><T7/><D2/><U21/><E57/><V52/><F54/><W119/><G119/><T53/><D117/><U111/><E111/><V47/><F58/><W50/><G50/><T37/><D49/><U104/><E104/><V112/><F112/><W116/><G116/><T102/><D133/><U108/><E108/><V10/><F27/><N who="3" m="10315" /><G123/><T56/><D134/><U39/><E39/><V4/><F4/><W95/><G15/><T8/><D37/><U30/><E13/><V84/><F87/><W1/><G1/><T3/><D3/><U74/><E74/><V128/><F128/><W105/><G105/><T9/><D102/><U35/><E35/><AGARI ba="1,0" hai="10,12,16,26,29,35,47,51,52,69,71,80,84,91" machi="35" ten="30,8000,1" yaku="7,1,25,2,54,2" doraHai="93" who="2" fromWho="1" sc="318,0,157,-83,248,83,277,0" owari="318,11.8,74,-42.6,331,43.1,277,-12.3" /></mjloggm>