<mjloggm ver="2.3"><GO type="169" lobby="0"/><UN n0="%E3%81%A6%E3%82%93%E3%81%8F%E3%81%86" n1="%E3%82%88%E3%81%86%E3%81%B8%E3%83%BC%58" n2="%E7%B4%94%E5%85%A8%E5%B8%AF%E4%B8%89%E8%89%B2" n3="%E3%81%BE%E3%81%88%E3%81%9F" dan="16,17,16,17" rate="2185.78,2245.71,2100.11,2203.55" sx="M,M,M,F"/><TAIKYOKU oya="0"/><INIT seed="0,0,0,2,5,7" ten="250,250,250,250" oya="0" hai0="124,38,58,115,70,17,21,90,49,122,97,129,55" hai1="92,73,51,128,35,125,20,72,1,100,3,88,134" hai2="80,98,107,60,22,64,9,66,89,119,43,78,104" hai3="34,14,76,31,133,121,2,50,91,127,96,18,57"/><T85/><D115/><U68/><E35/><V94/><F119/><W10/><G127/><T45/><D122/><U19/><E68/><V25/><F43/><W99/><G121/><T27/><D124/><U6/><E100/><V15/><F107/><W81/><G133/><T61/><D129/><U106/><E106/><V32/><F32/><W120/><G120/><T24/><D70/><U44/><E125/><V79/><F104/><W37/><G37/><T95/><D38/><U28/><E28/><V48/><F48/><W30/><G2/><T117/><D117/><U77/><E134/><V11/><F15/><W84/><G34/><T75/><D75/><U26/><E128/><V101/><F101/><W86/><G30/><T16/><D85/><U123/><E123/><V135/><F135/><W131/><G31/><T67/><D27/><U108/><E108/><V47/><F47/><W54/><REACH who="3" step="1"/><G131/><REACH who="3" ten="250,250,250,240" step="2"/><T59/><REACH who="0" step="1"/><D59/><REACH who="0" ten="240,250,250,240" step="2"/><U114/><E114/><V82/><F78/><W40/><G40/><T126/><D126/><U0/><E77/><V109/><F79/><W13/><G13/><T33/><D33/><U110/><E110/><V23/><F109/><W74/><G74/><T42/><D42/><U4/><E73/><V103/><F25/><W105/><G105/><T111/><D111/><U132/><E72/><V83/><F23/><W62/><G62/><T52/><D52/><N who="1" m="29799" /><E132/><V29/><F22/><W118/><G118/><T102/><D102/><U12/><E26/><V8/><F60/><W71/><G71/><T87/><D87/><N who="1" m="52255" /><E20/><V65/><F103/><W63/><G63/><RYUUKYOKU ba="0,2" sc="240,0,250,0,250,0,240,0" hai0="16,17,21,24,45,49,55,58,61,67,90,95,97" hai1="0,1,3,4,6,12,19" hai2="8,9,11,29,64,65,66,80,82,83,89,94,98" hai3="10,14,18,50,54,57,76,81,84,86,91,96,99" /><INIT seed="0,1,2,2,4,100" ten="240,250,250,240" oya="0" hai0="118,79,58,108,126,3,86,6,133,31,89,38,4" hai1="11,29,26,121,94,103,102,113,61,66,16,42,130" hai2="114,109,110,50,135,17,71,112,90,111,124,47,83" hai3="64,20,63,117,95,92,88,32,97,15,99,28,84"/><T78/><D118/><U8/><E121/><V104/><F90/><W93/><G117/><T82/><D38/><U2/><E130/><V81/><F17/><W96/><G32/><T21/><D133/><U51/><E113/><V0/><F0/><W46/><G46/><T7/><D126/><U91/><E2/><V39/><F124/><W125/><G125/><T70/><D70/><U22/><E42/><V80/><F135/><W23/><G15/><T18/><D108/><U24/><E51/><V98/><F71/><W56/><REACH who="3" step="1"/><G28/><REACH who="3" ten="240,250,250,230" step="2"/><T105/><D3/><U131/><E29/><V9/><F39/><W57/><G57/><T122/><D122/><U120/><E120/><V76/><F114/><W44/><G44/><T129/><D31/><U74/><E26/><V62/><F112/><W45/><G45/><T35/><D35/><U123/><E123/><V59/><F59/><W73/><G73/><T128/><D58/><N who="1" m="37175" /><E74/><V132/><F47/><W127/><G127/><T72/><D72/><U19/><E131/><N who="0" m="50249" /><D105/><U116/><E116/><V69/><F104/><W30/><G30/><T40/><D40/><U10/><E19/><V65/><F132/><W68/><G68/><T41/><D41/><U52/><E52/><V134/><F69/><W27/><G27/><AGARI ba="1,3" hai="4,6,7,18,21,27,78,79,82,86,89" m="50249" machi="27" ten="30,1500,0" yaku="19,1" doraHai="100" who="0" fromWho="3" sc="240,48,250,0,250,0,230,-18" /><INIT seed="0,2,0,5,3,134" ten="288,250,250,212" oya="0" hai0="6,55,49,85,87,133,19,135,131,103,7,100,94" hai1="63,18,129,108,71,125,89,5,43,29,20,42,74" hai2="95,31,4,12,64,97,46,16,41,0,68,84,86" hai3="93,39,120,25,118,123,66,57,22,21,1,92,76"/><T73/><D73/><U81/><E29/><V62/><F31/><W32/><G118/><T119/><D119/><U106/><E106/><V44/><F4/><W35/><G1/><T30/><D30/><U54/><E5/><N who="0" m="1545" /><D19/><U37/><E37/><V48/><F44/><W8/><G8/><T36/><D36/><U38/><E38/><V9/><REACH who="2" step="1"/><F0/><REACH who="2" ten="288,250,240,212" step="2"/><W23/><G120/><T99/><D131/><U98/><E129/><V96/><F96/><W91/><G123/><T2/><D2/><U65/><E98/><V15/><F15/><W80/><G25/><T47/><D133/><U113/><E18/><V112/><F112/><W28/><G28/><T72/><D135/><U130/><E113/><V51/><F51/><W26/><G26/><T53/><D72/><U50/><E50/><V75/><F75/><W34/><G39/><T114/><D114/><U121/><E74/><V111/><F111/><W109/><G109/><T102/><D53/><U110/><E54/><V126/><F126/><W79/><G66/><T24/><D24/><U124/><E121/><V104/><F104/><W56/><G34/><T128/><D128/><U69/><E130/><V105/><F105/><W14/><G14/><T115/><D115/><U70/><E110/><V127/><F127/><N who="1" m="48713" /><E108/><V40/><F40/><N who="1" m="15401" /><E20/><V17/><F17/><W88/><G22/><T60/><D60/><U67/><E63/><V122/><F122/><W52/><G52/><T107/><D107/><U101/><E67/><V58/><F58/><W33/><G33/><T82/><D99/><U132/><E132/><V90/><AGARI ba="2,1" hai="9,12,16,41,46,48,62,64,68,84,86,90,95,97" machi="90" ten="20,12000,2" yaku="1,1,5,1,0,1,7,1,54,1,53,1" doraHai="134" doraHaiUra="59" who="2" fromWho="2" sc="288,-62,250,-32,240,136,212,-32" /><INIT seed="1,0,0,4,2,2" ten="226,218,376,180" oya="1" hai0="65,7,108,9,90,26,115,53,32,125,52,19,3" hai1="104,111,69,97,119,70,130,95,110,106,72,28,87" hai2="118,133,25,29,35,27,83,15,112,24,56,88,41" hai3="121,117,98,64,89,135,0,14,74,60,30,12,107"/><U57/><E119/><V129/><F118/><W71/><G117/><T93/><D115/><U6/><E72/><V36/><F36/><W100/><G121/><T54/><D108/><N who="1" m="41515" /><E87/><V20/><F41/><W68/><G135/><T8/><D125/><U114/><E114/><V51/><F112/><W99/><G71/><N who="1" m="27146" /><E28/><V116/><F116/><W59/><G59/><T122/><D122/><U67/><E130/><V63/><F133/><W102/><G89/><T45/><D65/><U10/><E57/><V55/><F129/><W81/><G30/><T128/><D128/><U75/><E75/><V77/><F77/><W96/><G96/><T73/><D73/><U43/><E43/><V80/><F29/><W46/><G46/><T76/><D76/><U21/><E21/><V16/><F35/><W105/><G74/><T17/><D45/><U40/><E67/><V37/><F37/><W61/><G81/><T123/><D123/><U79/><E40/><V126/><F126/><W18/><G64/><T84/><D26/><U127/><E127/><V101/><F80/><W78/><G78/><T44/><D44/><U92/><E79/><V85/><F101/><W31/><G31/><T4/><REACH who="0" step="1"/><D32/><REACH who="0" ten="216,218,376,180" step="2"/><U33/><E33/><V5/><F51/><W124/><G124/><T58/><D58/><U94/><E97/><V11/><AGARI ba="0,1" hai="5,11,15,16,20,24,25,27,55,56,63,83,85,88" machi="11" ten="30,8000,1" yaku="0,1,8,1,52,1,54,2" doraHai="2" who="2" fromWho="2" sc="216,-20,218,-40,376,90,180,-20" /><INIT seed="2,0,0,0,5,11" ten="196,178,466,160" oya="2" hai0="52,20,42,73,43,35,45,40,28,69,100,9,25" hai1="74,65,85,119,82,112,89,87,129,14,126,122,44" hai2="90,21,67,16,88,31,77,26,118,55,104,3,111" hai3="110,134,108,49,101,133,46,36,106,38,62,71,50"/><V76/><F118/><W97/><G106/><T120/><D120/><U93/><E119/><V37/><F37/><W17/><G101/><T96/><D69/><U33/><E112/><V53/><F3/><W72/><G72/><T135/><D135/><N who="3" m="51721" /><G97/><T79/><D79/><N who="2" m="30282" /><F104/><W58/><G71/><T15/><D73/><U23/><E33/><V91/><F111/><N who="3" m="42539" /><G17/><T18/><D52/><N who="2" m="20042" /><F67/><N who="3" m="39383" /><G50/><T13/><D96/><U59/><E74/><V57/><F57/><W116/><G116/><T10/><D100/><U47/><E59/><V1/><F1/><W22/><G22/><T107/><D107/><U27/><E23/><V4/><F4/><W51/><G51/><N who="0" m="27047" /><D35/><U30/><E122/><V127/><F127/><W103/><G103/><T92/><D92/><U95/><E93/><V41/><F41/><AGARI ba="0,0" hai="36,38,41,46,49" m="39383,42539,51721" machi="41" ten="30,7700,0" yaku="20,1,14,1,34,2" doraHai="11" who="3" fromWho="2" sc="196,0,178,0,466,-77,160,77" /><INIT seed="3,0,0,0,3,98" ten="196,178,389,237" oya="3" hai0="103,85,41,13,127,104,44,23,83,76,79,47,117" hai1="128,118,12,71,36,22,102,72,67,49,8,29,60" hai2="1,77,55,112,88,53,74,100,6,93,17,69,2" hai3="21,130,101,134,25,28,7,19,3,111,68,87,131"/><W58/><G68/><T35/><D35/><U89/><E36/><V116/><F69/><W56/><G134/><T132/><D132/><U133/><E133/><V121/><F112/><W86/><G111/><T46/><D117/><U109/><E109/><V14/><F116/><W50/><G3/><T20/><D127/><U126/><E126/><V81/><F121/><W5/><G28/><T24/><D79/><U125/><E125/><V57/><F100/><W105/><G50/><T66/><D66/><U110/><E72/><V9/><F6/><W63/><G105/><T119/><D119/><U11/><E110/><V65/><F65/><W80/><G101/><T0/><D0/><U30/><E118/><V84/><REACH who="2" step="1"/><F55/><REACH who="2" ten="196,178,379,237" step="2"/><W40/><G5/><T106/><D103/><U92/><E102/><V39/><F39/><W124/><G7/><T114/><D114/><U37/><E37/><V99/><F99/><W90/><G124/><T59/><D106/><U38/><E38/><V97/><F97/><W18/><G40/><T135/><D104/><U70/><E71/><V62/><AGARI ba="0,1" hai="1,2,9,14,17,53,57,62,74,77,81,84,88,93" machi="62" ten="20,8000,1" yaku="1,1,0,1,7,1,54,1,53,1" doraHai="98" doraHaiUra="51" who="2" fromWho="2" sc="196,-20,178,-20,379,90,237,-40" /><INIT seed="4,0,0,2,2,115" ten="176,158,469,197" oya="0" hai0="97,84,39,2,54,61,52,16,111,36,69,95,98" hai1="17,91,99,63,81,19,105,135,49,117,40,80,20" hai2="55,10,123,33,93,24,7,32,92,122,44,103,107" hai3="134,120,90,94,30,50,70,119,133,0,131,59,112"/><T41/><D2/><U12/><E135/><N who="3" m="51722" /><G120/><T132/><D132/><U11/><E117/><V53/><F107/><W58/><G112/><T127/><D127/><U14/><E63/><V101/><F24/><W71/><G131/><T15/><D111/><U76/><E105/><V82/><F82/><W25/><G0/><T126/><D126/><U27/><E76/><V51/><F51/><W72/><G72/><T5/><D5/><U74/><E74/><V13/><F44/><W68/><G50/><T75/><D75/><U124/><E124/><V121/><F13/><W6/><G6/><T18/><D15/><U48/><E48/><V34/><F10/><W128/><G128/><T78/><D95/><N who="2" m="36426" /><F7/><W118/><G58/><T38/><D69/><U62/><E62/><V22/><F22/><N who="3" m="15671" /><G59/><T116/><D61/><U129/><E129/><V26/><F26/><W114/><G114/><T77/><D39/><U42/><E27/><V60/><F60/><W109/><G109/><T89/><D41/><N who="1" m="15979" /><E49/><V85/><F85/><AGARI ba="0,0" hai="68,70,71,85,90,94,118,119" m="15671,51722" machi="85" ten="40,5200,0" yaku="20,1,52,2" doraHai="115" who="3" fromWho="2" sc="176,0,158,0,469,-52,197,52" /><INIT seed="5,0,0,1,3,75" ten="176,158,417,249" oya="1" hai0="73,112,99,61,107,101,21,22,4,122,92,27,110" hai1="31,38,46,135,102,76,94,32,114,80,79,71,67" hai2="87,81,58,66,15,65,117,29,69,96,19,30,133" hai3="33,52,34,1,44,85,115,108,88,54,24,126,120"/><U90/><E102/><V129/><F117/><W12/><G108/><T91/><D110/><U111/><E111/><V25/><F69/><W63/><G1/><T118/><D118/><U82/><E114/><V36/><F36/><W70/><G120/><T113/><D122/><U109/><E109/><V105/><F133/><W20/><G115/><N who="0" m="44107" /><D73/><U78/><E135/><V0/><F0/><W56/><G126/><T106/><D4/><U119/><E119/><V35/><F29/><W83/><G70/><T95/><D61/><U84/><E67/><V50/><F129/><W103/><G103/><T93/><D21/><U124/><E71/><V26/><F26/><W123/><G12/><T39/><D39/><U23/><E32/><V49/><F96/><W14/><G14/><T104/><D22/><U57/><E124/><V55/><F50/><W45/><G123/><T59/><D59/><U121/><E57/><V134/><F105/><N who="0" m="40554" /><D27/><N who="1" m="16895" /><E121/><V2/><F2/><W3/><G3/><T37/><D37/><U97/><E38/><V11/><F134/><W43/><G43/><T89/><AGARI ba="0,0" hai="89,91,92,93,95,99,101,107" m="40554,44107" machi="89" ten="40,5200,0" yaku="15,1,34,2" doraHai="75" who="0" fromWho="0" sc="176,52,158,-26,417,-13,249,-13" /><INIT seed="6,0,0,5,3,25" ten="228,132,404,236" oya="2" hai0="81,102,47,4,60,115,126,16,124,123,128,50,101" hai1="44,70,132,122,74,53,23,129,42,56,90,39,46" hai2="22,30,131,108,65,36,63,71,113,114,38,5,18" hai3="41,110,1,134,133,9,6,59,51,13,64,49,15"/><V10/><F131/><W43/><G110/><T40/><D123/><U31/><E129/><V34/><F108/><W85/><G85/><T105/><D128/><U69/><E122/><V55/><F55/><N who="3" m="32239" /><G64/><T75/><D115/><N who="2" m="44042" /><F30/><W87/><G87/><T14/><D4/><U117/><E117/><V11/><F34/><W112/><G112/><T19/><D60/><U37/><E132/><N who="3" m="50794" /><G51/><T27/><D27/><U12/><E74/><V76/><F76/><W79/><G79/><N who="0" m="44287" /><D19/><U130/><E130/><V0/><F11/><N who="3" m="2511" /><G15/><AGARI ba="0,0" hai="0,5,10,15,18,22,36,38,63,65,71" m="44042" machi="15" ten="30,1500,0" yaku="15,1" doraHai="25" who="2" fromWho="3" sc="228,0,132,0,404,15,236,-15" /><INIT seed="6,1,0,0,1,3" ten="228,132,419,221" oya="2" hai0="47,2,34,86,9,64,105,41,35,59,101,28,102" hai1="96,27,82,37,130,95,97,104,132,108,58,52,84" hai2="114,1,131,118,110,71,83,29,43,66,88,113,98" hai3="44,81,80,13,128,100,125,60,134,56,5,15,36"/><V32/><F118/><W33/><G33/><T48/><D105/><U115/><E108/><V106/><F43/><W39/><G100/><T70/><D70/><U99/><E37/><V57/><F71/><W10/><G125/><T89/><D35/><U23/><E104/><V129/><F1/><W16/><G134/><T55/><D64/><U123/><E132/><V22/><F32/><W75/><G128/><N who="2" m="49225" /><F110/><W17/><G17/><T68/><D68/><U19/><E130/><V50/><F106/><W90/><G80/><T49/><D28/><U91/><E115/><V127/><F127/><W107/><G107/><T62/><D62/><U21/><E21/><V120/><F120/><W20/><G44/><T79/><D79/><U87/><E123/><V65/><F50/><W126/><G126/><T18/><D34/><U74/><E74/><V8/><F8/><W51/><G51/><T94/><D2/><U40/><E40/><V69/><F57/><W54/><REACH who="3" step="1"/><G90/><REACH who="3" ten="228,132,419,211" step="2"/><T12/><AGARI ba="1,1" hai="9,12,18,41,47,48,49,55,59,86,89,94,101,102" machi="12" ten="30,2000,0" yaku="0,1,8,1" doraHai="3" who="0" fromWho="0" sc="228,33,132,-6,419,-11,211,-6" /><INIT seed="7,0,0,1,2,125" ten="261,126,408,205" oya="3" hai0="64,45,108,92,129,3,34,101,71,77,132,6,114" hai1="7,13,35,94,85,131,74,4,47,40,1,28,134" hai2="109,81,39,30,22,48,19,49,50,8,61,133,116" hai3="83,62,17,124,122,57,100,80,58,118,66,111,123"/><W121/><G118/><T127/><D108/><U60/><E74/><V24/><F109/><W113/><G111/><T68/><D127/><U32/><E134/><V53/><F39/><W110/><G110/><T31/><D132/><U38/><E1/><V14/><F116/><W102/><G124/><T117/><D117/><U95/><E28/><V107/><F107/><W70/><G17/><T27/><D114/><U41/><E60/><V90/><F133/><W106/><G113/><T59/><D77/><U18/><E85/><N who="2" m="50479" /><F61/><W99/><G102/><T36/><D64/><U120/><E120/><V88/><F88/><W46/><G46/><AGARI ba="0,0" hai="8,14,19,22,24,30,46,48,49,50,53" m="50479" machi="46" ten="30,2000,0" yaku="25,1,8,1" doraHai="125" who="2" fromWho="3" sc="261,0,126,0,408,20,205,-20" owari="261,6.1,126,-37.4,428,52.8,185,-21.5" /></mjloggm>