<mjloggm ver="2.3"><GO type="169" lobby="0"/><UN n0="%E8%80%81%E6%A5%BD" n1="%E3%81%9F%E3%81%8B%E3%81%AF%E3%81%97%E3%81%83%E3%81%83%E3%81%83" n2="%53%68%69%4C%50%59%6F" n3="%E3%83%A4%E3%83%9E%E3%83%80%E3%81%95%E3%82%93" dan="17,19,17,16" rate="2222.07,2236.88,2144.57,2100.61" sx="M,M,M,M"/><TAIKYOKU oya="0"/><INIT seed="0,0,0,2,5,100" ten="250,250,250,250" oya="0" hai0="56,96,24,18,46,89,13,45,111,74,103,16,127" hai1="15,99,55,19,81,21,109,126,1,43,92,76,98" hai2="93,38,86,121,63,49,57,30,8,54,129,123,131" hai3="125,132,79,28,77,112,48,83,102,88,0,10,68"/><T105/><D74/><U84/><E1/><V91/><F38/><W122/><G68/><T17/><D127/><U51/><E109/><V130/><F30/><W25/><G112/><T128/><D128/><U2/><E2/><V107/><F107/><W113/><G113/><T6/><D111/><U4/><E126/><V110/><F110/><W31/><G125/><T87/><D24/><U29/><E29/><V101/><F101/><W40/><G28/><T114/><D114/><U120/><E120/><V50/><REACH who="2" step="1"/><F8/><REACH who="2" ten="250,250,240,250" step="2"/><W106/><G10/><T104/><D104/><U80/><E43/><V108/><F108/><W5/><G106/><T52/><D6/><U64/><E4/><V95/><F95/><W44/><G102/><T69/><D69/><U26/><E92/><V14/><F14/><W11/><G122/><AGARI ba="0,1" hai="49,50,54,57,63,86,91,93,121,122,123,129,130,131" machi="122" ten="50,3200,0" yaku="1,1,19,1,53,0" doraHai="100" doraHaiUra="65" who="2" fromWho="3" sc="250,0,250,0,240,42,250,-32" /><INIT seed="1,0,0,2,2,124" ten="250,250,282,218" oya="1" hai0="64,6,55,97,134,118,105,24,12,61,68,85,69" hai1="74,8,98,132,86,73,45,13,59,27,35,133,44" hai2="128,114,57,122,2,113,89,66,67,121,18,47,107" hai3="81,131,135,94,29,25,21,75,120,130,125,62,127"/><U14/><E86/><V93/><F107/><W79/><G120/><N who="2" m="46185" /><F2/><W26/><G135/><N who="1" m="51786" /><E98/><V72/><F72/><N who="1" m="27753" /><E59/><V42/><F18/><W15/><G15/><N who="1" m="5642" /><E8/><V4/><F4/><W48/><G94/><T119/><D85/><U99/><E99/><V52/><F67/><W39/><G39/><T37/><D37/><U22/><E35/><V102/><F102/><W76/><G76/><T30/><D134/><U51/><E51/><N who="2" m="30879" /><F66/><W80/><G48/><T36/><D36/><U71/><E71/><V3/><F3/><W103/><G103/><T129/><D69/><U7/><E7/><V0/><F0/><W43/><G62/><T41/><D68/><U1/><E1/><V88/><F128/><N who="3" m="49195" /><G81/><T54/><D129/><U19/><AGARI ba="0,0" hai="19,22,27,44,45" m="5642,27753,51786" machi="19" ten="40,2100,0" yaku="20,1" doraHai="124" who="1" fromWho="1" sc="250,-7,250,21,282,-7,218,-7" /><INIT seed="1,1,0,0,2,54" ten="243,271,275,211" oya="1" hai0="22,28,105,64,30,42,92,104,91,108,125,41,74" hai1="51,127,63,16,37,68,106,111,3,101,113,114,18" hai2="36,14,132,50,44,79,7,31,77,76,4,2,93" hai3="0,120,27,55,89,99,88,10,34,116,60,6,40"/><U9/><E37/><V70/><F70/><W11/><G120/><T38/><D74/><U26/><E127/><V84/><F2/><W75/><G75/><T39/><D125/><U20/><E111/><V81/><F132/><W115/><G115/><T80/><D80/><U119/><E119/><V65/><F36/><W35/><G116/><T85/><D108/><U29/><E51/><V78/><F65/><W23/><G40/><T33/><D33/><U121/><E121/><V8/><F4/><W71/><G10/><T90/><D64/><U129/><E129/><V98/><F31/><W122/><G122/><T57/><D22/><U17/><E68/><V110/><F110/><W102/><G34/><T95/><REACH who="0" step="1"/><D85/><REACH who="0" ten="233,271,275,211" step="2"/><U94/><E113/><V118/><F118/><W82/><G35/><T19/><D19/><U58/><E114/><V133/><F133/><W100/><G82/><T69/><D69/><U134/><E134/><V66/><F66/><W45/><G71/><T126/><D126/><U59/><E17/><V87/><F87/><W124/><G124/><T46/><D46/><U97/><E18/><V123/><F123/><W24/><G23/><T67/><D67/><U15/><E63/><V1/><F77/><W13/><G60/><T72/><D72/><U52/><E20/><V83/><F83/><W53/><G45/><T96/><D96/><U21/><E21/><V86/><F86/><W12/><G99/><T61/><D61/><U62/><E97/><V49/><F84/><W43/><G27/><T73/><D73/><U109/><E109/><V107/><F81/><RYUUKYOKU ba="1,1" sc="233,30,271,-10,275,-10,211,-10" hai0="28,30,38,39,41,42,57,90,91,92,95,104,105" /><INIT seed="2,2,1,5,5,9" ten="263,261,265,201" oya="2" hai0="12,127,92,94,10,55,113,89,87,77,23,41,69" hai1="100,131,16,58,53,95,114,5,83,18,17,60,124" hai2="112,62,42,54,109,29,75,128,132,108,46,98,40" hai3="70,43,7,130,44,31,84,78,125,28,38,90,74"/><V66/><F75/><W20/><G70/><T116/><D113/><U6/><E114/><V123/><F123/><W126/><G130/><T72/><D69/><U22/><E131/><V34/><F112/><W61/><G74/><T51/><D41/><U105/><E105/><V118/><F118/><W1/><G78/><T15/><D127/><N who="3" m="48649" /><G61/><T2/><D116/><U36/><E36/><V21/><F34/><W120/><G120/><T91/><D72/><U76/><E124/><V37/><F132/><W14/><G1/><T117/><D77/><U45/><E45/><V59/><F128/><W79/><G79/><T73/><D73/><U81/><E22/><V35/><F35/><W30/><G7/><N who="1" m="2570" /><E76/><V134/><F134/><W67/><G67/><T13/><D2/><U24/><E24/><N who="2" m="16527" /><F42/><W97/><G97/><AGARI ba="2,1" hai="16,17,18,53,58,60,81,83,95,97,100" m="2570" machi="97" ten="30,2000,0" yaku="8,1,54,1" doraHai="9" who="1" fromWho="3" sc="263,0,261,36,265,0,201,-26" /><INIT seed="3,0,0,0,1,55" ten="263,297,265,175" oya="3" hai0="36,27,60,25,13,63,48,61,11,23,30,78,86" hai1="46,39,101,31,33,66,107,18,32,54,12,103,20" hai2="125,127,94,44,104,88,99,126,73,131,57,96,98" hai3="121,81,93,110,132,38,21,113,72,89,67,17,52"/><W123/><G38/><T79/><D36/><U74/><E74/><V56/><F131/><W16/><G113/><T7/><D86/><U83/><E66/><V26/><F73/><W1/><G1/><T58/><REACH who="0" step="1"/><D25/><REACH who="0" ten="253,297,265,175" step="2"/><U82/><E39/><V47/><F26/><W49/><G121/><T14/><D14/><U134/><E12/><V70/><F104/><W71/><G123/><T91/><D91/><U43/><E107/><V95/><F70/><W64/><G71/><T34/><D34/><U112/><E32/><V133/><F133/><W51/><G132/><T85/><D85/><U90/><E33/><V28/><F28/><W22/><G72/><T65/><D65/><U45/><E90/><N who="2" m="55383" /><F98/><N who="3" m="57647" /><G67/><T76/><D76/><U8/><E31/><V37/><F37/><W97/><G64/><T92/><D92/><U50/><E134/><V122/><F122/><W84/><G97/><T15/><D15/><U87/><E87/><V117/><F117/><W69/><G69/><T109/><D109/><U41/><E83/><V77/><F77/><W5/><G110/><T40/><D40/><U0/><E41/><V9/><F9/><W124/><G84/><T118/><D118/><U128/><E8/><V135/><F135/><W6/><G81/><T75/><D75/><U115/><E82/><V29/><F29/><W108/><G108/><T59/><D59/><AGARI ba="0,1" hai="44,47,56,57,59,88,95,99,125,126,127" m="55383" machi="59" ten="30,8000,1" yaku="18,1,52,3,54,1" doraHai="55" who="2" fromWho="0" sc="253,-80,297,0,265,90,175,0" /><INIT seed="4,0,0,2,2,104" ten="173,297,355,175" oya="0" hai0="126,93,20,111,122,25,86,74,19,54,16,15,21" hai1="49,39,48,132,18,106,102,64,109,5,24,119,35" hai2="55,84,66,22,121,82,76,70,116,33,29,65,78" hai3="90,69,103,59,129,91,117,135,28,83,2,101,36"/><T99/><D122/><U0/><E39/><V63/><F121/><W44/><G69/><T124/><D111/><U45/><E109/><V7/><F116/><W77/><G2/><T113/><D113/><U3/><E119/><V61/><F33/><W131/><G117/><T6/><D6/><U23/><E64/><V73/><F7/><W34/><G59/><T27/><D15/><U60/><E60/><V120/><F120/><W67/><G67/><T125/><D86/><U53/><E132/><V96/><F55/><W62/><G62/><T9/><D9/><U95/><E106/><V97/><F73/><N who="3" m="43439" /><G135/><T52/><D74/><U115/><E35/><V108/><F76/><W17/><G17/><T128/><D128/><N who="3" m="49225" /><G28/><T51/><D51/><U87/><E5/><V85/><F85/><W110/><G34/><T13/><D13/><U32/><E32/><V98/><F108/><W92/><G110/><T4/><D4/><U68/><E0/><V133/><F133/><W107/><G107/><T41/><D41/><U134/><E134/><V47/><F47/><W79/><G79/><T71/><D71/><U1/><E68/><V81/><F22/><W46/><G90/><AGARI ba="0,0" hai="16,19,20,21,25,27,52,54,90,93,99,124,125,126" machi="90" ten="40,12000,1" yaku="9,1,18,1,54,2" doraHai="104" who="0" fromWho="3" sc="173,120,297,0,355,0,175,-120" /><INIT seed="4,1,0,1,5,41" ten="293,297,355,55" oya="0" hai0="51,48,132,3,72,46,18,91,26,103,28,97,59" hai1="112,34,58,89,65,68,24,17,100,131,79,50,87" hai2="9,117,20,75,135,111,42,99,63,129,81,69,118" hai3="57,60,37,70,27,61,119,2,84,45,29,6,31"/><T121/><D121/><U38/><E38/><V33/><F33/><W1/><G119/><N who="2" m="45577" /><F111/><W114/><G114/><T30/><D72/><U101/><E79/><N who="2" m="44287" /><F129/><W66/><G84/><T86/><D3/><U73/><E73/><V10/><F135/><W108/><G108/><T11/><D132/><U4/><E68/><V19/><F99/><W80/><G80/><T94/><D59/><U53/><E131/><V128/><F42/><W7/><G1/><T90/><D51/><U85/><E85/><V93/><F93/><W109/><G109/><T122/><D122/><U64/><E4/><V125/><F125/><W76/><G76/><T49/><D49/><U32/><E32/><V134/><F134/><W74/><G74/><T25/><D90/><U123/><E112/><V98/><F98/><W39/><G39/><T120/><D120/><U54/><E34/><V105/><F105/><W106/><G106/><T71/><D71/><U16/><E101/><V55/><F128/><W52/><G2/><T23/><D11/><U95/><E100/><V35/><F35/><W83/><G83/><T14/><D28/><U15/><E123/><V22/><F22/><W113/><G113/><T116/><D30/><U67/><E58/><N who="2" m="35295" /><F69/><W133/><G133/><T96/><D116/><U124/><E124/><V21/><F21/><N who="3" m="15599" /><G31/><T56/><D97/><U130/><E130/><V36/><F36/><W47/><G37/><T102/><D96/><U40/><E40/><V0/><F0/><W127/><G127/><T43/><D103/><U8/><E50/><V126/><F126/><W104/><G104/><RYUUKYOKU ba="1,0" sc="293,-30,297,10,355,10,55,10" hai1="8,15,16,17,24,53,54,64,65,67,87,89,95" hai2="9,10,19,20" hai3="6,7,45,47,52,57,60,61,66,70" /><INIT seed="5,2,0,1,4,98" ten="263,307,365,65" oya="1" hai0="108,93,99,124,71,38,57,8,70,16,121,10,27" hai1="0,123,103,4,53,132,61,129,122,41,21,65,14" hai2="91,83,25,69,22,56,31,113,125,92,104,131,90" hai3="67,11,29,133,72,85,118,2,102,50,117,26,24"/><U128/><E0/><V51/><F69/><W135/><G72/><T37/><D108/><U46/><E4/><V55/><F104/><W107/><G67/><T36/><D124/><U77/><E77/><V106/><F106/><W89/><G50/><T87/><D121/><U42/><E14/><V111/><F111/><W32/><G24/><T114/><D114/><U20/><E20/><V12/><F131/><N who="1" m="50249" /><E21/><V45/><F125/><W73/><G73/><T19/><D87/><U76/><E76/><V97/><F12/><W59/><G59/><T63/><D27/><U84/><E84/><N who="2" m="50463" /><F113/><W112/><G112/><T47/><D47/><AGARI ba="2,0" hai="22,25,31,45,47,51,55,56,91,92,97" m="50463" machi="47" ten="30,1000,0" yaku="8,1" doraHai="98" who="2" fromWho="0" sc="263,-16,307,0,365,16,65,0" /><INIT seed="6,0,0,5,1,71" ten="247,307,381,65" oya="2" hai0="79,65,132,54,27,63,103,55,116,53,127,14,24" hai1="78,17,7,5,128,114,16,8,113,131,67,82,56" hai2="134,39,32,35,22,123,121,19,111,126,34,37,4" hai3="85,98,95,13,23,107,31,109,47,45,2,118,96"/><V92/><F126/><W101/><G2/><T46/><D127/><U72/><E67/><V58/><F134/><W26/><G118/><T51/><D132/><U48/><E56/><V119/><F119/><W73/><G109/><T108/><D108/><U6/><E48/><V64/><F111/><W135/><G135/><T80/><D103/><U86/><E72/><V36/><F4/><W91/><G13/><T68/><D14/><N who="1" m="7239" /><E17/><V93/><F64/><W100/><REACH who="3" step="1"/><G73/><REACH who="3" ten="247,307,381,55" step="2"/><T74/><REACH who="0" step="1"/><D116/><REACH who="0" ten="237,307,381,55" step="2"/><U11/><E11/><V60/><F121/><W62/><G62/><T83/><D83/><AGARI ba="0,2" hai="23,26,31,45,47,83,85,91,95,96,98,100,101,107" machi="83" ten="30,2000,0" yaku="1,1,7,1,53,0" doraHai="71" doraHaiUra="117" who="3" fromWho="0" sc="237,-20,307,0,381,0,55,40" /><INIT seed="7,0,0,5,4,93" ten="217,307,381,95" oya="3" hai0="35,29,58,37,82,99,32,19,68,115,7,63,105" hai1="130,91,126,131,12,112,17,62,95,24,80,2,50" hai2="69,100,15,109,9,51,125,25,103,129,33,74,75" hai3="26,43,57,102,124,106,46,1,39,132,135,27,55"/><W71/><G1/><T47/><D7/><U78/><E2/><V38/><F38/><W14/><G14/><T104/><D19/><U117/><E112/><V94/><F69/><W61/><G124/><T40/><D115/><U44/><E126/><V49/><F109/><W97/><REACH who="3" step="1"/><G71/><REACH who="3" ten="217,307,381,85" step="2"/><T5/><D68/><U8/><E12/><V41/><F125/><W111/><G111/><T59/><D5/><U118/><E118/><V77/><F15/><W66/><G66/><T119/><D119/><U36/><E117/><V67/><F67/><W110/><G110/><T28/><D35/><U79/><E130/><V30/><F33/><W45/><G45/><T76/><D32/><U23/><E44/><V4/><F129/><W0/><G0/><T64/><D58/><U122/><E131/><V72/><F4/><W20/><G20/><T31/><REACH who="0" step="1"/><D99/><REACH who="0" ten="207,307,381,85" step="2"/><U116/><E116/><V70/><F70/><W84/><G84/><AGARI ba="0,2" hai="28,29,31,37,40,47,59,63,64,76,82,84,104,105" machi="84" ten="40,2600,0" yaku="1,1,2,1,53,0" doraHai="93" doraHaiUra="120" who="0" fromWho="3" sc="207,46,307,0,381,0,85,-26" owari="253,-14.7,307,10.7,381,48.1,59,-44.1" /></mjloggm>