<mjloggm ver="2.3"><GO type="169" lobby="0"/><UN n0="%62%69%70%73%64" n1="%63%6C%75%74%63%68%37%33" n2="%E3%81%95%E3%81%8B%E3%81%8D" n3="%31%32%33%34%E7%AD%89%E5%80%99" dan="18,17,16,17" rate="2252.64,2272.22,2129.21,2173.33" sx="M,M,M,M"/><TAIKYOKU oya="0"/><INIT seed="0,0,0,0,5,34" ten="250,250,250,250" oya="0" hai0="54,55,109,25,117,121,113,102,10,31,105,1,130" hai1="40,97,74,57,131,108,4,60,132,22,114,119,118" hai2="45,12,38,43,107,5,71,59,116,58,115,51,82" hai3="8,0,65,15,75,49,44,27,16,39,9,104,2"/><T122/><D113/><U47/><E114/><V70/><F107/><W53/><G75/><T23/><D117/><U67/><E74/><V111/><F115/><W133/><G104/><T84/><D130/><U29/><E131/><V11/><F116/><W17/><G133/><T61/><D105/><U66/><E66/><V32/><F32/><W87/><G65/><T63/><D102/><U68/><E68/><V83/><F111/><W62/><G39/><T99/><D99/><U94/><E108/><V56/><REACH who="2" step="1"/><F38/><REACH who="2" ten="250,250,240,250" step="2"/><W73/><G73/><T123/><D109/><U86/><E132/><V6/><F6/><W36/><G36/><T7/><REACH who="0" step="1"/><D84/><REACH who="0" ten="240,250,240,250" step="2"/><U106/><E86/><V81/><AGARI ba="0,2" hai="5,11,12,43,45,51,56,58,59,70,71,81,82,83" machi="81" ten="30,2000,0" yaku="1,1,0,1,53,0" doraHai="34" doraHaiUra="135" who="2" fromWho="2" sc="240,-10,250,-5,240,40,250,-5" /><INIT seed="1,0,0,0,2,59" ten="230,245,280,245" oya="1" hai0="81,18,107,48,25,36,77,134,131,26,117,11,73" hai1="12,31,3,16,13,32,29,56,127,7,74,82,9" hai2="128,86,90,108,80,62,119,17,124,109,10,44,55" hai3="85,64,38,99,41,129,34,106,20,1,70,49,54"/><U102/><E102/><V66/><F119/><W75/><G75/><T98/><D36/><U79/><E127/><V72/><F124/><W6/><G20/><T0/><D117/><U94/><E94/><V88/><F128/><W71/><G85/><T57/><D131/><U63/><E32/><V89/><F72/><W83/><G83/><T46/><D134/><U69/><E69/><V113/><F113/><W104/><G34/><T122/><D122/><U125/><E3/><V101/><F101/><W114/><G99/><T87/><D57/><U40/><E40/><V19/><F55/><W132/><G6/><T118/><D118/><U115/><E115/><V45/><F109/><W78/><G1/><T95/><D73/><U23/><REACH who="1" step="1"/><E125/><REACH who="1" ten="230,235,280,245" step="2"/><V51/><F108/><W111/><G71/><T60/><D0/><U43/><E43/><V96/><F96/><W22/><G70/><T93/><D93/><U123/><E123/><V53/><F80/><W133/><G41/><T91/><D98/><U50/><E50/><V65/><F51/><W42/><G42/><T84/><D48/><U105/><E105/><V39/><F39/><W92/><G38/><T5/><D107/><U8/><E8/><V97/><F10/><W126/><G104/><T24/><D95/><U33/><E33/><V58/><F97/><W135/><G106/><T67/><D11/><U52/><AGARI ba="0,1" hai="7,9,12,13,16,23,29,31,52,56,63,74,79,82" machi="52" ten="20,18000,2" yaku="1,1,0,1,7,1,52,1,54,2,53,1" doraHai="59" doraHaiUra="15" who="1" fromWho="1" sc="230,-60,235,190,280,-60,245,-60" /><INIT seed="1,1,0,3,2,74" ten="170,425,220,185" oya="1" hai0="122,120,41,47,42,75,2,35,72,5,37,10,86" hai1="66,36,79,61,39,56,111,125,30,45,93,88,126" hai2="130,12,97,98,117,73,134,89,50,113,40,81,49" hai3="91,132,9,31,123,100,54,62,85,108,90,105,124"/><U70/><E30/><V64/><F117/><W14/><G123/><N who="0" m="47147" /><D35/><U21/><E21/><V34/><F34/><W106/><G31/><T77/><D42/><U67/><E111/><V11/><F130/><W92/><G108/><T121/><N who="0" m="47155" /><T101/><DORA hai="4" /><D101/><U27/><E27/><V87/><F134/><W65/><G124/><N who="1" m="47722" /><E45/><V118/><F118/><W112/><G112/><T76/><D86/><N who="1" m="52375" /><E79/><AGARI ba="1,0" hai="2,5,10,37,41,47,72,75,76,77,79" m="47155" machi="79" ten="40,8000,1" yaku="13,1,52,4" doraHai="74,4" who="0" fromWho="1" sc="170,83,425,-83,220,0,185,0" /><INIT seed="2,0,0,3,5,112" ten="253,342,220,185" oya="2" hai0="123,80,83,119,8,74,135,110,133,39,125,7,67" hai1="71,113,41,70,118,37,75,114,43,29,134,56,44" hai2="91,103,1,54,98,24,85,57,0,27,14,3,97" hai3="23,5,120,72,12,94,20,126,100,49,26,30,81"/><V66/><F66/><W95/><G120/><T9/><D123/><U36/><E75/><V82/><F14/><W101/><G126/><T53/><D39/><U18/><E29/><V90/><F90/><W60/><G72/><T131/><D125/><U69/><E18/><V28/><F103/><W33/><G33/><T129/><D53/><U73/><E73/><V130/><F130/><N who="0" m="49674" /><D67/><U16/><E16/><V121/><F121/><W132/><G81/><N who="0" m="31307" /><D74/><U34/><E34/><V93/><F93/><W122/><G95/><T108/><D7/><U65/><E134/><N who="0" m="51209" /><D119/><U105/><E118/><V22/><REACH who="2" step="1"/><F24/><REACH who="2" ten="253,342,210,185" step="2"/><W96/><G26/><T77/><D77/><U117/><E117/><V4/><F4/><W47/><G5/><T21/><D21/><U59/><E105/><V51/><AGARI ba="0,1" hai="0,1,3,22,27,28,51,54,57,82,85,91,97,98" machi="51" ten="30,3000,0" yaku="1,1,0,1,53,0" doraHai="112" doraHaiUra="107" who="2" fromWho="2" sc="253,-10,342,-10,210,40,185,-10" /><INIT seed="2,1,0,5,0,30" ten="243,332,250,175" oya="2" hai0="65,12,97,111,102,108,56,59,115,122,44,104,90" hai1="130,6,63,66,95,58,1,73,93,98,85,72,106" hai2="21,135,100,124,9,109,82,68,23,126,92,41,17" hai3="35,53,118,61,37,117,11,84,14,69,7,119,45"/><V101/><F68/><W25/><G84/><T36/><D122/><U114/><E114/><V116/><F116/><W26/><G35/><T129/><D115/><U3/><E106/><V55/><F135/><W4/><G4/><T67/><D129/><U49/><E130/><V71/><F71/><W16/><G37/><T32/><D32/><U103/><E6/><V28/><F41/><W78/><G78/><T133/><D133/><U94/><E49/><V125/><F109/><W0/><G45/><T112/><D112/><U22/><E22/><V120/><F120/><W34/><G53/><T76/><D76/><U107/><REACH who="1" step="1"/><E85/><REACH who="1" ten="243,322,250,175" step="2"/><V75/><F23/><N who="3" m="13543" /><G61/><T110/><D110/><U128/><E128/><V87/><F87/><W60/><G60/><T50/><D50/><U18/><E18/><V10/><F17/><W8/><G69/><T13/><D111/><U123/><E123/><V5/><F5/><N who="3" m="3343" /><G119/><T77/><D108/><U127/><E127/><V79/><F21/><W89/><G89/><T43/><D90/><U57/><E57/><V105/><F105/><W24/><G24/><T132/><D132/><U33/><E33/><V39/><F39/><W96/><G96/><T113/><D113/><U52/><E52/><V62/><F28/><AGARI ba="1,1" hai="0,7,11,26,28,34,117,118" m="3343,13543" machi="28" ten="30,7700,0" yaku="34,2,52,1,54,1" doraHai="30" who="3" fromWho="2" sc="243,0,322,0,250,-80,175,90" /><INIT seed="3,0,0,2,0,62" ten="243,322,170,265" oya="3" hai0="22,63,107,120,85,47,68,43,20,96,0,30,91" hai1="99,38,128,15,36,42,41,28,132,5,18,94,34" hai2="77,119,110,56,50,98,17,8,9,87,75,33,103" hai3="84,64,125,31,40,78,124,89,106,1,39,53,100"/><W82/><G1/><T122/><D0/><U93/><E128/><V26/><F119/><W69/><G31/><T66/><D107/><U6/><E28/><V49/><F75/><W130/><G53/><T126/><D126/><N who="3" m="48745" /><G130/><T127/><D96/><U51/><E51/><V24/><F110/><W14/><G14/><T11/><D127/><U134/><E99/><V104/><F33/><W52/><G106/><T109/><D109/><U27/><E27/><V83/><F24/><W67/><G100/><T131/><D131/><U58/><E58/><V117/><F117/><W7/><G7/><T32/><D32/><U60/><E60/><V73/><F73/><N who="3" m="43343" /><G69/><T44/><D11/><U35/><E15/><V129/><F129/><W101/><G101/><T92/><D44/><U86/><E86/><V21/><F56/><W111/><G52/><T95/><D30/><U57/><E57/><V54/><F54/><W115/><G115/><T4/><D4/><U79/><E18/><V29/><F29/><W123/><G123/><T81/><D120/><U61/><E61/><V102/><F102/><W71/><G71/><T13/><D122/><U118/><E118/><V55/><F55/><W74/><G74/><T76/><D13/><U19/><E19/><V112/><F112/><W3/><G3/><T97/><REACH who="0" step="1"/><D92/><REACH who="0" ten="233,322,170,265" step="2"/><U88/><E79/><V12/><F12/><W37/><G111/><T59/><D59/><U23/><E23/><V2/><F2/><W10/><G10/><T72/><D72/><U48/><E48/><AGARI ba="0,1" hai="20,22,43,47,48,63,66,68,76,81,85,91,95,97" machi="48" ten="30,3900,0" yaku="1,1,7,1,52,1,53,0" doraHai="62" doraHaiUra="70" who="0" fromWho="1" sc="233,49,322,-39,170,0,265,0" /><INIT seed="4,0,0,2,4,55" ten="282,283,170,265" oya="0" hai0="122,45,0,25,90,3,108,53,126,31,40,61,116" hai1="112,13,12,29,133,7,92,67,113,73,6,47,128" hai2="28,22,34,96,98,78,20,82,62,103,2,63,1" hai3="79,84,83,114,33,49,68,109,4,23,101,24,97"/><T135/><D116/><U15/><E73/><V11/><F34/><W132/><G109/><T105/><D122/><U118/><E67/><V30/><F28/><W129/><G68/><T95/><D105/><U72/><E72/><V99/><F103/><W44/><G33/><T127/><D135/><U18/><E92/><V19/><F30/><W64/><G132/><T10/><D108/><U131/><E47/><V56/><F11/><W17/><G129/><N who="1" m="49738" /><E133/><V86/><F63/><W54/><G64/><T42/><D42/><U37/><E37/><V124/><F124/><N who="0" m="47658" /><D61/><U35/><E118/><V75/><F75/><W51/><G114/><N who="1" m="44138" /><E18/><V46/><F46/><W110/><G110/><T60/><D60/><U115/><N who="1" m="44146" /><U48/><DORA hai="36" /><E48/><V104/><F104/><W38/><G38/><T87/><D53/><U134/><E134/><V52/><REACH who="2" step="1"/><F20/><REACH who="2" ten="282,283,160,265" step="2"/><W111/><G111/><T117/><D117/><U85/><E85/><V71/><F71/><W125/><G125/><T5/><D45/><U88/><E88/><V16/><F16/><W91/><G51/><T26/><D90/><U121/><E121/><V14/><AGARI ba="0,1" hai="1,2,14,19,22,52,56,62,78,82,86,96,98,99" machi="14" ten="30,7900,0" yaku="1,1,0,1,52,1,54,1,53,0" doraHai="55,36" doraHaiUra="27,43" who="2" fromWho="2" sc="282,-39,283,-20,160,89,265,-20" /><INIT seed="5,0,0,5,3,81" ten="243,263,249,245" oya="1" hai0="18,25,12,123,84,51,112,3,108,44,134,113,130" hai1="80,19,128,31,118,33,40,13,50,28,9,87,7" hai2="71,49,94,64,97,98,54,124,125,10,4,56,58" hai3="78,110,92,55,120,68,52,26,27,96,5,114,1"/><U133/><E118/><V117/><F117/><W21/><G110/><T39/><D108/><U100/><E133/><V2/><F71/><W63/><G120/><T129/><D3/><U74/><E74/><V14/><F2/><W0/><G114/><N who="0" m="44139" /><D39/><U75/><E75/><V8/><F8/><W106/><G106/><T105/><D105/><U23/><E100/><V32/><F32/><W42/><G78/><T91/><D25/><U93/><E93/><V132/><F132/><W30/><G42/><N who="0" m="24983" /><D134/><U37/><E37/><V61/><REACH who="2" step="1"/><F94/><REACH who="2" ten="243,263,239,245" step="2"/><W34/><G1/><T59/><D123/><U24/><E33/><V73/><F73/><W122/><G122/><T29/><D130/><U102/><E128/><V65/><F65/><W104/><G0/><T135/><D129/><U72/><E72/><V60/><F60/><W16/><G104/><T70/><D70/><U45/><REACH who="1" step="1"/><E102/><REACH who="1" ten="243,253,239,245" step="2"/><V35/><F35/><W89/><REACH who="3" step="1"/><G5/><REACH who="3" ten="243,253,239,235" step="2"/><T99/><D135/><U57/><E57/><V107/><F107/><W43/><G43/><T62/><D59/><U66/><E66/><AGARI ba="0,3" hai="16,21,26,27,30,34,52,55,63,66,68,89,92,96" machi="66" ten="40,5200,0" yaku="1,1,54,2,53,0" doraHai="81" doraHaiUra="131" who="3" fromWho="1" sc="243,0,253,-52,239,0,235,82" /><INIT seed="6,0,0,4,4,27" ten="243,201,239,317" oya="2" hai0="47,102,34,29,111,20,122,10,135,40,127,115,11" hai1="100,114,9,39,117,105,99,30,51,79,89,49,14" hai2="45,26,16,82,68,15,55,72,24,116,54,70,108" hai3="67,56,128,75,76,4,21,77,91,62,0,53,59"/><V32/><F116/><W48/><G128/><T60/><D111/><U73/><E117/><V19/><F108/><W133/><G133/><T63/><D34/><U120/><E120/><V64/><F19/><W18/><G75/><T98/><D122/><U87/><E39/><V104/><F104/><W35/><G35/><T12/><D115/><U74/><E74/><V129/><F129/><W42/><G4/><T58/><D135/><U23/><E114/><V96/><F96/><W8/><G8/><T94/><D127/><U6/><E23/><V109/><F109/><W97/><G0/><T85/><D85/><U119/><E30/><V131/><F131/><W130/><G42/><T88/><D102/><U132/><E119/><V107/><F107/><W80/><G130/><T86/><D86/><U125/><E125/><V57/><F45/><W43/><G43/><T2/><D63/><U93/><REACH who="1" step="1"/><E132/><REACH who="1" ten="243,191,239,317" step="2"/><V13/><F32/><W124/><G124/><T22/><D22/><U113/><E113/><V41/><F72/><W52/><G21/><T126/><D126/><U84/><E84/><V65/><F26/><W83/><G97/><T61/><D98/><U3/><E3/><V101/><F24/><W92/><G76/><T69/><D2/><U112/><E112/><V25/><F25/><W5/><G77/><T134/><D20/><U81/><AGARI ba="0,1" hai="6,9,14,49,51,73,79,81,87,89,93,99,100,105" machi="81" ten="30,8000,1" yaku="1,1,0,1,24,2,53,1" doraHai="27" doraHaiUra="103" who="1" fromWho="1" sc="243,-20,191,90,239,-40,317,-20" /><INIT seed="7,0,0,0,3,102" ten="223,281,199,297" oya="3" hai0="98,135,73,1,47,133,54,60,101,50,111,31,90" hai1="7,34,38,126,105,106,117,125,83,129,107,20,0" hai2="45,85,71,24,46,120,64,3,95,128,84,23,44" hai3="67,11,88,29,78,118,127,75,52,61,72,70,37"/><W113/><G118/><T42/><D1/><U33/><E117/><V40/><F3/><W81/><G113/><T91/><D73/><U10/><E129/><V122/><F128/><W25/><G127/><N who="1" m="48650" /><E38/><V82/><F71/><W123/><G123/><N who="2" m="47145" /><F64/><W4/><G37/><T110/><D91/><U43/><E43/><V109/><F95/><W14/><G72/><T16/><D16/><U63/><E63/><V59/><F59/><W8/><G8/><T51/><D98/><U35/><E20/><V131/><F109/><W58/><G88/><T13/><D13/><U68/><E68/><V124/><F124/><W22/><REACH who="3" step="1"/><G70/><REACH who="3" ten="223,281,199,287" step="2"/><T132/><D90/><U94/><E83/><V21/><F131/><W97/><G97/><T100/><D111/><U56/><E56/><V130/><F130/><W53/><AGARI ba="0,1" hai="4,11,14,22,25,29,52,53,58,61,67,75,78,81" machi="53" ten="30,11700,0" yaku="1,1,0,1,54,1,53,1" doraHai="102" doraHaiUra="27" who="3" fromWho="3" sc="223,-39,281,-39,199,-39,287,127" owari="184,-21.6,242,4.2,160,-34.0,414,51.4" /></mjloggm>