<mjloggm ver="2.3"><GO type="169" lobby="0"/><UN n0="%42%65%6E%63%68%69%6E%67" n1="%4E%6F%73%75%6B%65" n2="%E6%81%8B%E3%81%AE%E3%81%86%E3%81%9F" n3="%E5%A7%AB%E7%95%99" dan="16,16,17,16" rate="2070.12,2133.54,2222.17,2118.43" sx="M,M,M,M"/><TAIKYOKU oya="0"/><INIT seed="0,0,0,1,4,7" ten="250,250,250,250" oya="0" hai0="42,96,133,9,98,4,125,114,115,113,88,117,25" hai1="64,67,78,126,103,86,83,69,43,73,12,62,5" hai2="17,93,132,111,84,105,46,123,121,104,45,15,47" hai3="24,102,58,30,76,124,49,119,50,56,31,87,55"/><T85/><D117/><U74/><E126/><V127/><F127/><W38/><G119/><T22/><D125/><U33/><E33/><V16/><F111/><W10/><G38/><T19/><D133/><U13/><E103/><V97/><F84/><W95/><G124/><T89/><D42/><U129/><E129/><V18/><F15/><W48/><G76/><T2/><REACH who="0" step="1"/><D89/><REACH who="0" ten="240,250,250,250" step="2"/><U75/><E43/><V21/><F132/><W82/><G102/><T6/><D6/><U3/><REACH who="1" step="1"/><E67/><REACH who="1" ten="240,240,250,250" step="2"/><V14/><F123/><W52/><G55/><T134/><D134/><U131/><E131/><V100/><F121/><W27/><G52/><T1/><D1/><U44/><E44/><V92/><F46/><W53/><G53/><T112/><N who="0" m="28672" /><DORA hai="26" /><T59/><D59/><U77/><E77/><V107/><F45/><W28/><G56/><T37/><D37/><U36/><E36/><V39/><F39/><W106/><G58/><T91/><D91/><U110/><E110/><V29/><F47/><W32/><G32/><T51/><D51/><U101/><E101/><V99/><F100/><W34/><G48/><T0/><D0/><U65/><E65/><V120/><F120/><W23/><G34/><T41/><D41/><U54/><E54/><V66/><F66/><W116/><G49/><T122/><D122/><U35/><E35/><V11/><F105/><W61/><G106/><T63/><D63/><U130/><E130/><V8/><F104/><W70/><G61/><T57/><D57/><U90/><E90/><V80/><F107/><W135/><G50/><T128/><D128/><RYUUKYOKU ba="0,2" sc="240,15,240,15,250,-15,250,-15" hai0="2,4,9,19,22,25,85,88,96,98" hai1="3,5,12,13,62,64,69,73,74,75,78,83,86" /><INIT seed="0,1,2,3,4,127" ten="255,255,235,235" oya="0" hai0="106,39,89,115,62,67,102,68,75,79,87,32,4" hai1="48,95,34,1,90,69,117,94,10,98,97,58,82" hai2="17,78,0,108,133,74,22,35,12,27,96,24,110" hai3="20,30,43,123,50,7,120,46,105,100,131,29,84"/><T72/><D115/><U65/><E117/><V55/><F78/><W101/><G7/><T119/><D119/><U130/><E34/><V134/><F74/><W2/><G2/><T116/><D116/><U85/><E69/><V41/><F41/><W13/><G84/><T109/><D109/><N who="2" m="42090" /><F55/><W60/><G60/><T70/><D4/><U16/><E1/><V86/><F86/><W9/><G105/><T44/><D32/><U11/><E130/><V92/><F0/><W49/><G49/><T112/><D112/><U99/><E11/><V107/><F107/><W61/><G61/><T126/><D126/><U51/><E65/><V81/><F81/><W63/><G63/><T45/><D68/><U104/><E104/><V31/><F92/><N who="1" m="35369" /><E58/><V19/><F96/><N who="1" m="24577" /><U114/><DORA hai="54" /><E114/><V53/><F53/><W83/><G131/><T124/><D124/><U36/><E36/><V76/><F76/><W25/><G83/><T128/><D128/><U64/><E64/><V21/><AGARI ba="1,2" hai="12,17,19,21,22,24,27,31,35,133,134" m="42090" machi="21" ten="30,4000,0" yaku="14,1,34,2" doraHai="127,54" who="2" fromWho="2" sc="255,-21,255,-11,235,63,235,-11" /><INIT seed="1,0,0,0,1,51" ten="234,244,298,224" oya="1" hai0="123,34,14,56,105,111,92,66,129,5,103,31,134" hai1="119,17,90,132,7,4,32,10,8,26,100,24,3" hai2="107,99,86,133,54,45,113,69,62,50,58,131,22" hai3="108,88,128,96,117,76,15,49,112,60,87,61,95"/><U20/><E100/><V89/><F131/><W78/><G112/><T23/><D111/><U19/><E90/><V9/><F133/><W44/><G108/><T30/><D134/><U59/><E59/><V29/><F69/><W73/><G128/><T68/><D123/><U53/><E53/><V40/><F113/><W71/><G73/><T135/><D135/><U93/><E93/><V42/><F9/><W77/><G117/><T94/><D129/><U83/><E83/><V35/><F35/><W21/><G71/><T74/><D74/><U109/><E132/><V91/><F107/><W27/><G15/><T38/><D38/><U116/><E109/><V11/><F11/><W130/><G96/><T13/><D105/><U25/><E32/><V101/><F40/><W127/><G127/><T0/><D68/><U67/><E67/><V55/><F42/><W28/><REACH who="3" step="1"/><G130/><REACH who="3" ten="234,244,298,214" step="2"/><T106/><D13/><N who="1" m="5255" /><E119/><V39/><F99/><W120/><G120/><T125/><D125/><U97/><E97/><V70/><F70/><W37/><G37/><T121/><D121/><U115/><E116/><V6/><F39/><W72/><G72/><T2/><D2/><U46/><E115/><V41/><F86/><W52/><AGARI ba="0,1" hai="21,27,28,44,49,52,60,61,76,77,78,87,88,95" machi="52" ten="30,12000,2" yaku="1,1,0,1,8,1,52,1,54,2,53,0" doraHai="51" doraHaiUra="114" who="3" fromWho="3" sc="234,-30,244,-60,298,-30,214,130" /><INIT seed="2,0,0,5,4,53" ten="204,184,268,344" oya="2" hai0="123,132,102,113,44,122,94,62,25,59,32,100,11" hai1="68,40,121,81,126,49,8,91,39,1,18,33,88" hai2="13,42,128,43,54,96,31,50,73,66,117,131,135" hai3="116,103,107,6,105,14,26,46,84,41,111,79,56"/><V118/><F73/><W130/><G116/><N who="2" m="44649" /><F31/><W72/><G72/><T74/><D113/><U77/><E68/><V35/><F35/><W80/><G103/><T83/><D132/><U3/><E126/><V101/><F13/><W61/><G130/><N who="2" m="49705" /><F96/><W112/><G111/><T30/><D44/><U93/><E33/><V15/><F15/><W24/><G105/><T69/><D69/><U106/><E106/><V10/><F10/><N who="3" m="4439" /><G107/><T92/><D11/><U16/><E121/><V98/><F98/><W5/><G5/><T82/><D123/><U2/><E8/><V64/><F101/><W22/><G112/><T51/><D122/><U7/><E7/><V120/><F135/><W125/><G125/><T45/><D100/><U0/><E39/><V4/><F4/><W127/><G127/><T12/><D12/><U29/><E29/><V86/><F86/><W99/><G99/><T78/><D83/><U134/><E134/><V38/><F38/><W129/><G129/><T58/><D102/><U70/><E2/><V23/><F23/><W65/><G22/><T114/><D114/><U90/><E93/><V133/><F120/><W85/><G84/><T95/><REACH who="0" step="1"/><D62/><REACH who="0" ten="194,184,268,344" step="2"/><U71/><E3/><V75/><F133/><W48/><AGARI ba="0,1" hai="24,26,41,46,48,56,61,65,79,80,85" m="4439" machi="48" ten="30,4000,0" yaku="25,1,8,1,52,1" doraHai="53" who="3" fromWho="3" sc="194,-10,184,-10,268,-20,344,50" /><INIT seed="3,0,0,5,4,41" ten="184,174,248,394" oya="3" hai0="42,25,31,16,111,108,72,19,47,131,129,81,18" hai1="94,58,106,103,15,90,53,69,85,40,77,24,62" hai2="86,59,17,116,133,70,93,43,97,63,23,98,66" hai3="32,49,79,101,83,39,87,56,112,89,27,12,29"/><W96/><G39/><N who="0" m="21983" /><D81/><U36/><E69/><V57/><F116/><W3/><G3/><T11/><D72/><U124/><E124/><V110/><F110/><N who="0" m="42026" /><D11/><U67/><E77/><V51/><F133/><W127/><G127/><T114/><D114/><U76/><E76/><V126/><F126/><W121/><G121/><T38/><D38/><U75/><E75/><V130/><F130/><N who="0" m="49674" /><D19/><U120/><E36/><V8/><F8/><W65/><G79/><T54/><D54/><U20/><E53/><V92/><F43/><W61/><G12/><T6/><D6/><U82/><E40/><V115/><F115/><W2/><G112/><T0/><D0/><U10/><E120/><V52/><F93/><W123/><G2/><T33/><AGARI ba="0,0" hai="16,18,25,31,33" m="49674,42026,21983" machi="33" ten="30,7900,0" yaku="14,1,19,1,52,1,54,1" doraHai="41" who="0" fromWho="0" sc="184,79,174,-20,248,-20,394,-39" /><INIT seed="4,0,0,3,5,73" ten="263,154,228,355" oya="0" hai0="128,48,44,80,66,2,21,88,40,50,78,60,77" hai1="43,85,106,63,118,74,122,132,125,75,35,59,114" hai2="117,53,24,22,90,127,26,89,83,104,120,94,102" hai3="131,6,116,19,46,0,3,69,45,134,55,72,109"/><T32/><D128/><U123/><E43/><V113/><F120/><W135/><G109/><T8/><D32/><U67/><E35/><V101/><F113/><W100/><G116/><T11/><D50/><U71/><E118/><V98/><F127/><W51/><G69/><T130/><D130/><U49/><E125/><V121/><F121/><W27/><G72/><T25/><D2/><U15/><E75/><V13/><F104/><W7/><G131/><T107/><D107/><U18/><E74/><V110/><F110/><W96/><G45/><T99/><D8/><U52/><E114/><V79/><F90/><W23/><G3/><T111/><D11/><U47/><E132/><N who="3" m="50730" /><G0/><T42/><D42/><U5/><E5/><V126/><F126/><W95/><AGARI ba="0,0" hai="6,7,19,23,27,46,51,55,95,96,100" m="50730" machi="95" ten="30,1100,0" yaku="20,1" doraHai="73" who="3" fromWho="3" sc="263,-5,154,-3,228,-3,355,11" /><INIT seed="5,0,0,5,5,20" ten="258,151,225,366" oya="1" hai0="107,2,18,60,92,85,7,68,10,135,30,48,81" hai1="40,94,127,12,77,80,134,43,59,113,122,56,73" hai2="91,53,106,49,27,97,16,13,26,36,95,8,111" hai3="101,45,9,24,57,120,112,67,50,74,29,103,25"/><U42/><E122/><V63/><F36/><W11/><G120/><T116/><D135/><U0/><E0/><V22/><F111/><W123/><G74/><T90/><D107/><U78/><E134/><V99/><F63/><N who="3" m="38383" /><G112/><T109/><D116/><U128/><E113/><V129/><F129/><W125/><G125/><T72/><D109/><U47/><E127/><V5/><F106/><W35/><G35/><T88/><D48/><U55/><E128/><V62/><F62/><W21/><G25/><T117/><D117/><U126/><E126/><V105/><F105/><W100/><G123/><T64/><D30/><U114/><E114/><V69/><F69/><W14/><G14/><T130/><D130/><U71/><E71/><V31/><F97/><W17/><G29/><T79/><D18/><U102/><E77/><V108/><F108/><W104/><G104/><T82/><REACH who="0" step="1"/><D92/><REACH who="0" ten="248,151,225,366" step="2"/><U124/><E124/><V115/><F115/><W93/><G93/><T65/><D65/><U75/><E94/><V38/><F38/><W52/><AGARI ba="0,1" hai="9,11,17,21,24,45,50,52,100,101,103" m="38383" machi="52" ten="30,4000,0" yaku="8,1,52,1,54,1" doraHai="20" who="3" fromWho="3" sc="248,-10,151,-20,225,-10,366,50" /><INIT seed="6,0,0,5,4,14" ten="238,131,215,416" oya="2" hai0="19,81,8,17,70,109,41,88,83,92,25,82,18" hai1="71,50,89,135,13,67,131,49,134,90,120,58,32" hai2="61,53,10,35,63,54,66,52,110,51,56,105,87" hai3="4,1,117,132,127,121,115,74,57,9,26,64,111"/><V62/><F105/><W72/><G111/><T75/><D109/><U59/><E32/><V39/><F35/><W69/><G117/><T84/><D70/><U128/><E13/><V101/><F101/><W31/><G121/><T24/><D75/><U130/><E90/><V95/><F110/><W44/><G57/><N who="1" m="21514" /><E89/><V78/><F39/><W68/><G115/><T48/><D8/><U47/><E120/><V30/><F30/><W102/><G102/><T73/><D73/><U42/><E50/><V86/><F10/><W108/><G108/><T119/><D119/><U114/><E114/><V113/><F113/><W80/><G132/><N who="1" m="50730" /><E71/><V40/><F95/><W16/><G69/><T93/><D92/><U107/><E107/><V123/><F123/><W99/><G68/><T22/><D24/><U34/><E34/><V7/><F7/><W29/><G26/><T77/><D77/><U21/><E21/><V94/><F94/><W46/><G9/><T45/><AGARI ba="0,0" hai="17,18,19,22,25,41,45,48,81,82,83,84,88,93" machi="45" ten="30,12000,2" yaku="0,1,8,1,52,3,54,1" doraHai="14" who="0" fromWho="0" sc="238,120,131,-30,215,-60,416,-30" /><INIT seed="7,0,0,1,0,90" ten="358,101,155,386" oya="3" hai0="73,132,20,34,6,102,115,5,19,33,89,81,56" hai1="30,120,79,67,55,80,75,21,72,76,42,23,44" hai2="134,50,77,53,18,127,99,47,25,41,68,49,7" hai3="126,97,11,10,17,123,37,12,54,128,118,86,133"/><W60/><G118/><T29/><D132/><U113/><E120/><V15/><F68/><W65/><G123/><T39/><D39/><U96/><E113/><V107/><F134/><W87/><G133/><T111/><D111/><U114/><E114/><V48/><F127/><W121/><G121/><T78/><D115/><U24/><E67/><V98/><F107/><W105/><G37/><T57/><D102/><U71/><E71/><V85/><F25/><W112/><G112/><T101/><D101/><U36/><E55/><V31/><F31/><W129/><G54/><T100/><D100/><U4/><E4/><V3/><F3/><W110/><G97/><N who="2" m="36873" /><F7/><W22/><G105/><T1/><D5/><U135/><E135/><V27/><F27/><W40/><G40/><T130/><D130/><N who="3" m="50281" /><G126/><T103/><D103/><U88/><E79/><V83/><F41/><W82/><G110/><T35/><D29/><U62/><E62/><V43/><F43/><W59/><G87/><T124/><D124/><U14/><E14/><V26/><F26/><W32/><G32/><T45/><D45/><U51/><E36/><V0/><F0/><W106/><G106/><T58/><D89/><AGARI ba="0,0" hai="10,11,12,17,22,59,60,65,82,86,89" m="50281" machi="89" ten="30,1500,0" yaku="19,1" doraHai="90" who="3" fromWho="0" sc="358,-15,101,0,155,0,386,15" owari="343,14.3,101,-39.9,155,-24.5,401,50.1" /></mjloggm>