<mjloggm ver="2.3"><GO type="169" lobby="0"/><UN n0="%62%73%64%5F%33" n1="%4E%65%6D%6F" n2="%E5%A7%AB%E7%95%99" n3="%E7%91%9E%E5%8E%9F%E3%83%B4%E3%82%A1%E3%82%AE%E3%83%8A" dan="16,16,16,16" rate="2042.34,2087.50,2149.55,2066.85" sx="F,M,M,M"/><TAIKYOKU oya="0"/><INIT seed="0,0,0,5,5,85" ten="250,250,250,250" oya="0" hai0="75,30,9,1,32,22,110,49,129,14,26,113,54" hai1="83,132,64,50,38,58,53,109,51,95,13,76,7" hai2="0,130,108,20,37,103,28,61,60,11,87,91,57" hai3="82,65,47,124,111,52,101,25,45,134,71,84,63"/><T44/><D113/><U36/><E109/><V112/><F112/><W105/><G111/><T115/><D115/><U89/><E132/><V79/><F37/><W62/><G134/><T69/><D110/><U43/><E64/><V120/><F120/><W68/><G124/><T46/><D129/><U127/><E127/><V106/><F108/><W86/><G86/><T27/><D75/><U10/><E50/><V123/><F123/><W17/><G105/><T3/><D69/><U97/><REACH who="1" step="1"/><E43/><REACH who="1" ten="250,240,250,250" step="2"/><V90/><F130/><W116/><G65/><T77/><D46/><U24/><E24/><V93/><F60/><W66/><G25/><T104/><D104/><U59/><E59/><V15/><F106/><W102/><G66/><T70/><D70/><U18/><E18/><V78/><F57/><W6/><G17/><T128/><D128/><U73/><AGARI ba="0,1" hai="7,10,13,36,38,51,53,58,73,76,83,89,95,97" machi="73" ten="20,5200,0" yaku="1,1,0,1,7,1,52,1,53,0" doraHai="85" doraHaiUra="40" who="1" fromWho="1" sc="250,-26,240,62,250,-13,250,-13" /><INIT seed="1,0,0,0,2,96" ten="224,302,237,237" oya="1" hai0="33,125,133,106,53,60,65,117,79,77,2,102,23" hai1="6,3,21,39,28,71,4,114,98,54,32,61,85" hai2="94,123,128,118,86,48,36,103,12,14,18,132,84" hai3="25,35,31,99,51,13,16,72,126,135,63,42,5"/><U130/><E114/><V116/><F123/><W8/><G72/><T121/><D33/><U80/><E39/><V52/><F36/><W22/><G126/><T120/><D117/><U83/><E32/><V107/><F107/><W26/><G135/><T49/><D2/><U17/><E28/><V7/><F128/><W37/><G37/><T82/><D133/><U124/><E124/><V11/><F132/><W27/><G63/><T111/><D125/><U58/><E130/><V19/><F118/><W101/><G51/><T38/><D38/><U40/><E40/><V73/><F73/><W66/><G66/><T91/><D111/><U95/><E71/><V134/><F116/><W127/><G42/><T131/><D131/><U24/><E3/><V30/><F30/><W75/><G75/><T62/><D91/><U78/><REACH who="1" step="1"/><E83/><REACH who="1" ten="224,292,237,237" step="2"/><V100/><F134/><W56/><G127/><T90/><D82/><U68/><E68/><V15/><F19/><W97/><G35/><T64/><D121/><U110/><E110/><V112/><F112/><W113/><G31/><T109/><D120/><U29/><E29/><V47/><F15/><N who="3" m="5519" /><G113/><T41/><D109/><U67/><E67/><V119/><F119/><W105/><G13/><T70/><D41/><U57/><E57/><V46/><F46/><W92/><G56/><T44/><D70/><U115/><E115/><V88/><F14/><W74/><G74/><T10/><D44/><U0/><E0/><V108/><F108/><W69/><G69/><T89/><D64/><U81/><E81/><N who="2" m="49167" /><F18/><W1/><G1/><T129/><D129/><RYUUKYOKU ba="0,1" sc="224,-30,292,10,237,10,237,10" hai1="4,6,17,21,24,54,58,61,78,80,85,95,98" hai2="7,11,12,47,48,52,86,94,100,103" hai3="16,22,25,26,27,92,97,99,101,105" /><INIT seed="1,1,1,0,0,70" ten="194,302,247,247" oya="1" hai0="105,29,2,73,41,103,43,25,5,100,79,97,46" hai1="84,81,11,39,87,116,78,28,49,55,62,13,113" hai2="59,50,101,91,32,94,7,38,63,112,8,3,21" hai3="77,75,15,37,107,125,17,61,130,123,131,115,134"/><U23/><E113/><V95/><F32/><W26/><G115/><T80/><D103/><U58/><E116/><V67/><F112/><W120/><G107/><T34/><D43/><U111/><E111/><V68/><F38/><W122/><G125/><T128/><D128/><N who="3" m="49193" /><G134/><T89/><D89/><U44/><E28/><V104/><F104/><W30/><G37/><N who="0" m="21807" /><D5/><U71/><E23/><V119/><F119/><W6/><G6/><T98/><D98/><U27/><E27/><V33/><F33/><N who="3" m="20695" /><G61/><T20/><D20/><U19/><E71/><V133/><F133/><W51/><G51/><T24/><D24/><U14/><E14/><V42/><F50/><W12/><G77/><T132/><D132/><U72/><REACH who="1" step="1"/><E39/><REACH who="1" ten="194,292,247,247" step="2"/><V83/><F68/><W4/><G4/><T52/><D52/><AGARI ba="1,2" hai="11,13,19,44,49,52,55,58,62,72,78,81,84,87" machi="52" ten="30,12000,1" yaku="1,1,2,1,7,1,54,1,53,1" doraHai="70" doraHaiUra="57" who="1" fromWho="0" sc="194,-123,292,143,247,0,247,0" /><INIT seed="1,2,0,3,0,60" ten="71,435,247,247" oya="1" hai0="31,102,24,45,35,65,130,121,36,3,135,83,1" hai1="25,63,78,42,30,99,71,64,62,106,74,76,109" hai2="7,118,22,37,77,2,116,129,117,16,17,11,48" hai3="120,73,33,15,100,86,94,29,53,122,38,46,93"/><U14/><E109/><V68/><F37/><W12/><G73/><T44/><D135/><U134/><E134/><V84/><F68/><W128/><G128/><T43/><D130/><U105/><E42/><V18/><F129/><W61/><G33/><T119/><D119/><U85/><E74/><V51/><REACH who="2" step="1"/><F22/><REACH who="2" ten="71,435,237,247" step="2"/><W10/><G120/><T32/><D121/><U131/><E131/><V13/><F13/><W67/><G122/><T40/><D35/><U19/><E14/><V66/><F66/><W97/><G15/><T81/><D65/><U41/><E64/><V95/><F95/><W126/><G12/><T125/><D125/><U111/><E71/><V110/><F110/><W58/><G126/><T5/><D102/><U107/><E111/><V28/><F28/><W39/><G29/><T124/><D124/><U98/><E30/><V89/><F89/><N who="3" m="53431" /><G39/><T26/><D26/><U91/><E25/><V87/><F87/><W132/><G38/><T57/><D1/><U69/><E85/><V103/><F103/><W80/><G132/><T82/><D3/><U115/><E69/><V127/><F127/><W90/><G10/><T52/><D5/><U88/><E91/><V23/><F23/><W133/><G133/><T114/><D114/><U112/><E88/><V96/><F96/><W92/><G92/><T34/><D34/><U6/><E6/><V104/><F104/><W72/><G100/><T123/><D123/><U101/><E107/><V47/><F47/><N who="0" m="17994" /><D36/><U113/><E113/><V54/><F54/><W70/><G53/><T4/><D4/><U9/><E101/><RYUUKYOKU ba="2,1" sc="71,15,435,-15,237,15,247,-15" hai0="24,31,32,40,43,52,57,81,82,83" hai2="2,7,11,16,17,18,48,51,77,84,116,117,118" /><INIT seed="2,3,1,3,1,85" ten="86,420,252,232" oya="2" hai0="51,18,31,33,122,38,89,62,45,97,29,94,134" hai1="129,34,130,52,74,115,8,95,116,99,65,73,69" hai2="64,70,47,132,96,90,15,81,50,57,4,107,128" hai3="79,36,32,111,30,42,117,0,106,19,12,71,92"/><V48/><F132/><W25/><G117/><T26/><D122/><U28/><E115/><V113/><F113/><W126/><G106/><T59/><D134/><U46/><E116/><V7/><F128/><N who="1" m="49257" /><E8/><V35/><F35/><W82/><G71/><T39/><D18/><U3/><E3/><V88/><F70/><W133/><G133/><T120/><D29/><U76/><E65/><V27/><F107/><W91/><G111/><T118/><D120/><U37/><E69/><V16/><F27/><W66/><G66/><T123/><D123/><U98/><E76/><V10/><F96/><N who="1" m="36905" /><E95/><V53/><F64/><W78/><G0/><T43/><REACH who="0" step="1"/><D118/><REACH who="0" ten="76,420,252,232" step="2"/><U93/><E28/><V9/><F9/><W72/><G19/><T6/><D6/><N who="2" m="2090" /><F81/><W112/><G82/><T104/><D104/><U86/><E93/><V84/><F84/><W11/><G92/><T54/><AGARI ba="3,2" hai="26,31,33,38,39,43,45,51,54,59,62,89,94,97" machi="54" ten="20,5200,0" yaku="1,1,0,1,7,1,52,1,53,0" doraHai="85" doraHaiUra="121" who="0" fromWho="0" sc="76,81,420,-16,252,-29,232,-16" /><INIT seed="3,0,0,3,1,18" ten="157,404,223,216" oya="3" hai0="1,132,60,82,56,7,27,76,101,66,3,8,53" hai1="49,19,121,131,62,133,71,74,134,36,25,122,129" hai2="28,95,4,50,14,89,90,125,17,130,99,44,47" hai3="126,21,109,119,115,111,48,91,103,59,31,58,23"/><W9/><G115/><T72/><D132/><N who="1" m="50795" /><E74/><V86/><F130/><N who="1" m="49673" /><E19/><V120/><F125/><W88/><G126/><T108/><D108/><N who="3" m="41545" /><G119/><T55/><D3/><U2/><E2/><V79/><F120/><N who="1" m="46185" /><E25/><V43/><F28/><W96/><G9/><T5/><D5/><U51/><E36/><V85/><F4/><W87/><G31/><T92/><D101/><U35/><E35/><V68/><F17/><W64/><G64/><AGARI ba="0,0" hai="49,51,62,64,71" m="46185,49673,50795" machi="64" ten="40,8000,1" yaku="20,1,19,1,34,2" doraHai="18" who="1" fromWho="3" sc="157,0,404,80,223,0,216,-80" /><INIT seed="4,0,0,5,2,50" ten="157,484,223,136" oya="0" hai0="19,51,52,106,30,15,72,21,20,116,63,96,27" hai1="35,57,26,7,3,61,76,6,83,118,48,31,14" hai2="115,122,12,56,108,75,79,41,4,8,124,102,36" hai3="90,107,86,62,22,125,133,65,89,28,110,38,123"/><T10/><D116/><U53/><E118/><V114/><F122/><W70/><G123/><T104/><D72/><U134/><E3/><V132/><F108/><W95/><G110/><T121/><D121/><U33/><E134/><V97/><F132/><W73/><G133/><T47/><D96/><U39/><E39/><V55/><F124/><W100/><G73/><T9/><REACH who="0" step="1"/><D63/><REACH who="0" ten="147,484,223,136" step="2"/><U74/><E61/><V113/><F75/><W17/><G125/><T32/><D32/><U98/><E35/><V13/><F97/><W85/><G107/><AGARI ba="0,1" hai="9,10,15,19,20,21,27,30,47,51,52,104,106,107" machi="107" ten="40,7700,0" yaku="1,1,52,1,54,1,53,0" doraHai="50" doraHaiUra="109" who="0" fromWho="3" sc="147,87,484,0,223,0,136,-77" /><INIT seed="4,1,0,1,5,26" ten="234,484,223,59" oya="0" hai0="44,10,38,129,1,47,18,70,89,69,122,27,65" hai1="62,88,37,23,17,95,119,20,76,99,109,117,59" hai2="124,130,72,106,92,24,4,58,9,75,135,85,116" hai3="128,39,63,35,32,96,53,66,71,64,8,105,132"/><T30/><D122/><U67/><E37/><V41/><F106/><W110/><G110/><T56/><D129/><U36/><E109/><V13/><F130/><W102/><G128/><T48/><D38/><U126/><E36/><V80/><F135/><W113/><G132/><T21/><D47/><U16/><E126/><V97/><F124/><W81/><G113/><T6/><D89/><U40/><E40/><V82/><F116/><W51/><G39/><T121/><D121/><U74/><E74/><V101/><F41/><W84/><G66/><T123/><D123/><U19/><REACH who="1" step="1"/><E76/><REACH who="1" ten="234,474,223,59" step="2"/><V131/><F72/><W112/><G112/><T52/><REACH who="0" step="1"/><D30/><REACH who="0" ten="224,474,223,59" step="2"/><U108/><E108/><V29/><F131/><W114/><G114/><T127/><D127/><U54/><E54/><V104/><F75/><W118/><G53/><T90/><D90/><U55/><E55/><V86/><F29/><W134/><G134/><T22/><D22/><AGARI ba="1,2" hai="16,17,19,20,22,23,59,62,67,88,95,99,117,119" machi="22" ten="40,5200,0" yaku="1,1,54,2,53,0" doraHai="26" doraHaiUra="11" who="1" fromWho="0" sc="224,-55,474,75,223,0,59,0" /><INIT seed="5,0,0,4,3,19" ten="169,549,223,59" oya="1" hai0="90,55,95,50,125,119,60,26,24,130,83,114,88" hai1="89,127,100,70,42,21,28,27,18,36,134,3,45" hai2="110,4,8,121,66,86,76,92,72,23,93,96,109" hai3="58,129,113,115,25,12,116,9,10,131,124,101,68"/><U52/><E70/><V94/><F121/><W1/><G68/><T62/><D114/><N who="3" m="43529" /><G101/><T71/><D130/><N who="3" m="49673" /><G58/><T29/><D125/><U16/><E127/><V117/><F117/><W135/><G124/><T91/><D119/><U78/><E3/><V34/><F34/><W14/><G116/><T122/><D122/><U41/><E134/><V99/><F72/><W106/><G106/><T69/><D95/><U105/><E78/><V17/><F66/><W111/><G135/><T53/><D83/><U102/><E41/><V80/><F110/><W20/><G111/><T67/><D29/><U47/><E89/><V37/><F37/><W0/><G14/><T11/><D71/><U38/><E38/><V32/><F109/><W39/><G39/><T133/><D133/><U33/><E102/><V128/><F128/><W107/><G107/><T132/><D132/><U112/><E112/><V51/><F4/><N who="3" m="3111" /><G10/><T103/><D11/><U59/><E100/><V2/><F8/><W54/><G54/><T57/><REACH who="0" step="1"/><D103/><REACH who="0" ten="159,549,223,59" step="2"/><U22/><E105/><V13/><F93/><W56/><G56/><AGARI ba="0,1" hai="24,26,50,53,55,56,57,60,62,67,69,88,90,91" machi="56" ten="40,8000,1" yaku="1,1,2,1,54,1,53,1" doraHai="19" doraHaiUra="44" who="0" fromWho="3" sc="159,90,549,0,223,0,59,-80" owari="249,4.9,549,64.9,223,-17.7,-21,-52.1" /></mjloggm>