<mjloggm ver="2.3"><GO type="169" lobby="0"/><UN n0="%E8%99%9A%E6%B7%B5%E7%8E%84" n1="%E8%B6%85%E7%B5%B6%E5%82%99%E9%95%B7%E7%82%AD" n2="%E3%81%B6%E3%81%9F%E3%81%94%E3%82%8A%E3%82%89%33%E4%B8%96" n3="%E2%97%8E%E3%82%88%E3%81%97%E2%97%8E" dan="17,17,16,16" rate="2199.90,2120.52,2038.49,2152.85" sx="M,M,M,M"/><TAIKYOKU oya="0"/><INIT seed="0,0,0,0,5,10" ten="250,250,250,250" oya="0" hai0="106,61,8,59,12,28,135,104,69,116,62,113,39" hai1="101,50,35,71,70,42,43,22,77,90,129,80,58" hai2="41,124,5,107,11,123,17,122,74,6,47,94,133" hai3="0,83,76,45,53,125,37,60,2,120,36,4,14"/><T119/><D113/><U29/><E35/><V92/><F107/><W112/><G112/><T126/><D39/><U110/><E101/><V38/><F133/><W75/><G125/><T57/><D69/><U40/><E90/><V91/><F124/><W87/><G120/><T102/><D126/><U32/><E32/><V117/><F117/><W68/><G68/><T98/><D28/><U97/><E97/><V34/><F34/><W15/><G37/><T73/><D73/><U105/><E105/><V9/><F17/><W46/><G87/><T20/><D20/><U84/><E129/><V131/><F131/><W86/><G86/><T108/><D135/><U1/><E1/><V33/><F33/><W88/><G88/><T19/><D108/><U134/><E134/><V96/><F92/><W13/><G4/><T65/><REACH who="0" step="1"/><D106/><REACH who="0" ten="240,250,250,250" step="2"/><U49/><E110/><V3/><REACH who="2" step="1"/><F74/><REACH who="2" ten="240,250,240,250" step="2"/><W103/><G75/><T31/><D31/><U132/><E132/><V44/><F44/><W114/><G46/><T51/><D51/><U67/><E50/><V130/><F130/><W63/><G114/><T109/><D109/><U21/><E29/><V99/><F99/><W56/><G36/><T52/><AGARI ba="0,2" hai="8,12,19,52,57,59,61,62,65,98,102,104,116,119" machi="52" ten="20,12000,1" yaku="1,1,0,1,7,1,52,1,54,1,53,0" doraHai="10" doraHaiUra="118" who="0" fromWho="0" sc="240,140,250,-40,240,-40,250,-40" /><INIT seed="0,1,0,2,4,104" ten="380,210,200,210" oya="0" hai0="102,11,117,108,16,73,32,59,99,105,110,78,31" hai1="92,79,45,103,46,81,116,127,41,20,122,23,114" hai2="93,0,83,60,14,75,134,5,2,82,131,54,65" hai3="17,130,89,88,90,55,53,37,47,21,9,69,61"/><T100/><D117/><U119/><E122/><V10/><F134/><W125/><G130/><T67/><D102/><U96/><E46/><V63/><F131/><W129/><G129/><T113/><D113/><U120/><E120/><V4/><F93/><W77/><G125/><T64/><D31/><U56/><E127/><V91/><F54/><W76/><G9/><T24/><D32/><U34/><E34/><V36/><F36/><W27/><G69/><T62/><D67/><U57/><E114/><V15/><F91/><W106/><G106/><T71/><D71/><U25/><E23/><V3/><F63/><W7/><G7/><T6/><D78/><N who="3" m="30313" /><G37/><T48/><D48/><U52/><E57/><V13/><F75/><W109/><G109/><N who="0" m="42091" /><D73/><U95/><E116/><V72/><F72/><W8/><G8/><T80/><D80/><U58/><E81/><V126/><F126/><W133/><G133/><T68/><D68/><U118/><E79/><V50/><F50/><N who="3" m="28895" /><G61/><T12/><D24/><U135/><E135/><V124/><F124/><W39/><G39/><T128/><D128/><U29/><E118/><V30/><F30/><W43/><G55/><T70/><D70/><U40/><E119/><V97/><F65/><W42/><AGARI ba="1,0" hai="17,21,27,42,43,88,89,90" m="28895,30313" machi="42" ten="30,2000,0" yaku="8,1,54,1" doraHai="104" who="3" fromWho="3" sc="380,-11,210,-6,200,-6,210,23" /><INIT seed="1,0,0,5,1,115" ten="369,204,194,233" oya="1" hai0="101,93,23,36,30,83,24,50,112,8,97,78,131" hai1="118,107,75,133,59,26,60,49,37,102,56,84,21" hai2="28,121,10,132,0,85,70,114,22,39,32,104,108" hai3="88,14,53,87,62,61,122,13,4,103,126,46,55"/><U63/><E75/><V3/><RYUUKYOKU type="yao9" ba="0,0" sc="369,0,204,0,194,0,233,0" hai2="0,3,10,22,28,32,39,70,85,104,108,114,121,132" /><INIT seed="1,1,0,3,5,25" ten="369,204,194,233" oya="1" hai0="96,16,4,19,42,92,67,65,124,11,78,112,3" hai1="33,6,80,47,15,18,20,121,22,115,118,27,103" hai2="40,64,106,89,86,91,102,119,59,101,38,30,37" hai3="7,5,134,87,126,39,61,48,90,2,9,84,46"/><U82/><E33/><V24/><F119/><W83/><G126/><T45/><D112/><U123/><E115/><V76/><F76/><W81/><G134/><T72/><D124/><U135/><E118/><V51/><F106/><W111/><G111/><T56/><D67/><U13/><E135/><V66/><F37/><W95/><G7/><T43/><D43/><U98/><E47/><V108/><F38/><W52/><G39/><N who="0" m="21727" /><D56/><U116/><E116/><V74/><F74/><W21/><G21/><T60/><D60/><U53/><E53/><V26/><F108/><W10/><G10/><T100/><D65/><N who="2" m="25194" /><F30/><W62/><REACH who="3" step="1"/><G95/><REACH who="3" ten="369,204,194,223" step="2"/><T28/><D92/><N who="1" m="58823" /><E123/><V49/><F40/><W107/><G107/><T29/><D11/><N who="1" m="4343" /><E121/><V68/><F68/><W113/><G113/><T79/><D4/><U85/><E22/><V109/><F109/><W71/><G71/><T132/><D132/><U114/><E114/><V36/><F36/><W133/><G133/><T32/><D32/><U1/><E1/><V94/><F94/><W128/><G128/><T55/><D3/><U110/><E110/><V34/><F34/><W120/><G120/><T93/><D93/><U31/><E15/><V77/><F102/><W12/><G12/><T35/><D35/><U50/><E20/><V99/><F101/><W54/><G54/><T73/><D55/><U14/><E14/><V17/><F26/><W129/><G129/><T104/><D100/><U69/><E69/><V0/><F24/><W23/><G23/><T70/><D70/><U58/><E27/><V44/><F0/><W88/><AGARI ba="1,1" hai="2,5,9,46,48,52,61,62,81,83,84,87,88,90" machi="88" ten="20,12000,2" yaku="1,1,5,1,0,1,7,1,9,1,54,2,53,0" doraHai="25" doraHaiUra="8" who="3" fromWho="3" sc="369,-31,204,-61,194,-31,223,133" /><INIT seed="2,0,0,2,1,85" ten="338,143,163,356" oya="2" hai0="84,36,94,74,109,28,44,16,57,82,53,101,2" hai1="34,128,17,126,77,29,10,67,80,81,100,14,90" hai2="71,107,7,31,12,48,30,40,51,11,97,22,75" hai3="50,62,21,59,103,5,132,26,102,55,56,32,99"/><V115/><F75/><W15/><G132/><T0/><D109/><U121/><E128/><V1/><F115/><W70/><G70/><T93/><D28/><U124/><E100/><V33/><F71/><W135/><G135/><T23/><D74/><U117/><E117/><V9/><F33/><W133/><G32/><T49/><D2/><U6/><E67/><V118/><F118/><W122/><G122/><T131/><D0/><U86/><E121/><V113/><F113/><W78/><G78/><T110/><D110/><U116/><E116/><V105/><F105/><W119/><G133/><T114/><D131/><U38/><E38/><V134/><F134/><W98/><G15/><T127/><D127/><N who="1" m="48683" /><E29/><V73/><F73/><W108/><G5/><T43/><D101/><N who="3" m="38409" /><G108/><T123/><D114/><U66/><E34/><V64/><F107/><W54/><G119/><T47/><D47/><U104/><E104/><V35/><F97/><W91/><G91/><T46/><D46/><U19/><E66/><V3/><F64/><W24/><G24/><T42/><D42/><U61/><E61/><V37/><F1/><W76/><G76/><T58/><D123/><U63/><E63/><V52/><F35/><W106/><G106/><T20/><D43/><U129/><E129/><V39/><F40/><W18/><AGARI ba="0,0" hai="18,21,26,50,54,55,56,59,62,98,99" m="38409" machi="18" ten="30,1100,0" yaku="8,1" doraHai="85" who="3" fromWho="3" sc="338,-3,143,-3,163,-5,356,11" /><INIT seed="3,0,0,5,4,28" ten="335,140,158,367" oya="3" hai0="1,76,78,132,108,52,65,64,125,105,24,8,45" hai1="79,72,77,38,3,14,101,15,109,21,73,59,16" hai2="46,61,97,115,104,127,121,68,113,88,47,117,53" hai3="37,55,48,62,93,80,82,66,122,134,42,67,7"/><W90/><G122/><T124/><D105/><U86/><E3/><V23/><F121/><W114/><G114/><T10/><D108/><U98/><E38/><V11/><F117/><W89/><G134/><T99/><D99/><U81/><E109/><V87/><F127/><N who="0" m="48714" /><D24/><U119/><E119/><V50/><F11/><N who="0" m="4138" /><D1/><U17/><E59/><V83/><F23/><W20/><G20/><T56/><D45/><U29/><E29/><V6/><F6/><W92/><G7/><T32/><D32/><U57/><E77/><N who="0" m="29801" /><D132/><U25/><E17/><V75/><F75/><W126/><G126/><T120/><D120/><U96/><E73/><V71/><F46/><W74/><G74/><T33/><D33/><U70/><E96/><V133/><F133/><W43/><G37/><T26/><D26/><U123/><E72/><V106/><F106/><W100/><G100/><T111/><D111/><U5/><E5/><V39/><F39/><W91/><G91/><T135/><D135/><U41/><E123/><V34/><F34/><W84/><G84/><T4/><D4/><U129/><E98/><V112/><REACH who="2" step="1"/><F61/><AGARI ba="0,0" hai="52,56,61,64,65" m="29801,4138,48714" machi="61" ten="30,2000,0" yaku="18,1,54,1" doraHai="28" who="0" fromWho="2" sc="335,20,140,0,158,-20,367,0" /><INIT seed="4,0,0,1,5,80" ten="355,140,138,367" oya="0" hai0="36,43,54,96,44,18,129,50,108,79,72,34,123" hai1="128,93,67,58,121,51,65,107,32,28,13,102,66" hai2="37,87,21,53,85,111,114,63,52,62,112,118,104" hai3="42,24,22,78,17,60,68,92,74,73,25,41,119"/><T124/><D123/><U29/><E107/><V12/><F111/><W81/><G119/><T77/><D34/><U49/><E121/><V3/><F3/><W26/><G74/><T47/><D108/><U86/><E102/><V133/><F37/><W100/><G68/><T84/><D72/><U91/><E32/><V6/><F104/><W82/><G60/><N who="2" m="23081" /><F118/><W31/><G82/><T9/><D129/><U115/><E128/><V83/><F133/><W1/><G1/><T90/><D96/><U20/><E115/><N who="2" m="44075" /><F83/><W40/><G31/><N who="1" m="11850" /><E58/><V64/><F64/><W27/><G100/><T10/><D124/><U88/><E91/><V94/><F94/><W0/><G92/><T116/><D116/><U122/><E122/><V33/><F33/><W110/><G0/><T14/><D9/><U57/><E57/><V70/><F70/><W117/><G117/><T7/><D7/><U127/><E127/><V15/><F21/><W75/><G75/><T30/><D30/><U132/><E132/><V89/><F89/><W76/><G76/><T120/><D120/><U109/><E109/><V125/><F125/><W8/><G110/><T23/><D23/><U134/><E134/><V97/><F97/><W39/><REACH who="3" step="1"/><G8/><REACH who="3" ten="355,140,138,357" step="2"/><T98/><D98/><U35/><E35/><V61/><N who="2" m="23089" /><V55/><DORA hai="11" /><F6/><W59/><G59/><T19/><D19/><AGARI ba="0,1" hai="13,19,20,49,51,65,66,67,86,88,93" m="11850" machi="19" ten="30,7700,0" yaku="8,1,52,2,54,1" doraHai="80,11" who="1" fromWho="0" sc="355,-77,140,87,138,0,357,0" /><INIT seed="5,0,0,1,0,29" ten="278,227,138,357" oya="1" hai0="96,31,68,51,44,104,128,23,6,43,11,135,98" hai1="124,85,99,37,40,2,33,20,63,110,19,55,123" hai2="5,102,94,130,62,47,66,107,71,127,3,73,32" hai3="26,111,75,132,89,45,119,103,56,131,121,15,87"/><U69/><E33/><V70/><F73/><W109/><G121/><T86/><D68/><U105/><E2/><V84/><F130/><W115/><G75/><T50/><D135/><U61/><E123/><V9/><F127/><W88/><G131/><T118/><D118/><U59/><E124/><V93/><F84/><W122/><G132/><T92/><D104/><U24/><E110/><V126/><F126/><W10/><G115/><T22/><D51/><U8/><E8/><V17/><F17/><W112/><G112/><T0/><D128/><U1/><E1/><V18/><F18/><W114/><G119/><T101/><D96/><U35/><E35/><V21/><F21/><W133/><G122/><T52/><D31/><U76/><E40/><V91/><F47/><W78/><G114/><T16/><D86/><U65/><E37/><V30/><F71/><W54/><G133/><T14/><REACH who="0" step="1"/><D23/><REACH who="0" ten="268,227,138,357" step="2"/><U34/><E34/><V113/><F113/><W95/><G87/><T90/><D90/><U46/><E85/><V72/><F91/><W4/><G89/><T38/><D38/><U12/><E99/><N who="2" m="61919" /><F72/><W79/><G88/><T57/><D57/><U53/><E105/><V83/><F83/><W25/><G56/><T108/><D108/><U74/><E74/><V39/><F39/><W48/><G111/><T42/><AGARI ba="0,1" hai="0,6,11,14,16,22,42,43,44,50,52,92,98,101" machi="42" ten="30,7900,0" yaku="1,1,0,1,54,2,53,0" doraHai="29" doraHaiUra="129" who="0" fromWho="0" sc="268,89,227,-39,138,-20,357,-20" /><INIT seed="6,0,0,3,3,44" ten="357,188,118,337" oya="2" hai0="90,135,27,13,67,114,12,65,116,40,62,79,91" hai1="93,56,52,120,134,98,113,123,95,111,107,16,86" hai2="72,82,4,19,57,105,26,74,118,34,119,46,1" hai3="22,89,85,101,38,133,54,53,30,41,75,122,110"/><V73/><F105/><W71/><G75/><T115/><D135/><U15/><E111/><V49/><F57/><W64/><G101/><T124/><D124/><U11/><E134/><V3/><F82/><W35/><G35/><T17/><D40/><U32/><E32/><V43/><F4/><W5/><G110/><T103/><D103/><N who="1" m="62967" /><E86/><V39/><F39/><W66/><G122/><N who="1" m="46634" /><E113/><V29/><REACH who="2" step="1"/><F19/><REACH who="2" ten="357,188,108,337" step="2"/><W50/><G5/><T77/><D17/><U84/><E84/><V131/><F131/><W24/><G85/><T117/><D62/><AGARI ba="0,1" hai="11,15,16,52,56,62,93,95" m="46634,62967" machi="62" ten="30,3900,0" yaku="13,1,54,2" doraHai="44" who="1" fromWho="0" sc="357,-39,188,49,108,0,337,0" /><INIT seed="7,0,0,2,4,60" ten="318,237,108,337" oya="3" hai0="21,99,26,92,12,108,55,85,11,27,103,80,102" hai1="123,79,9,72,88,3,35,8,132,47,33,91,94" hai2="93,70,59,16,0,97,57,52,23,78,20,75,63" hai3="111,18,86,112,22,113,134,109,84,122,115,64,90"/><W121/><G64/><T118/><D108/><N who="3" m="41545" /><G134/><T54/><D118/><U89/><E123/><N who="3" m="47114" /><G90/><N who="0" m="51495" /><D103/><U107/><E94/><V13/><F0/><W1/><G1/><T53/><D21/><U56/><E107/><V32/><F32/><W73/><G73/><T74/><D74/><U38/><E132/><V40/><F40/><W6/><G6/><AGARI ba="0,0" hai="6,11,12,26,27,53,54,55,92,99,102" m="51495" machi="6" ten="30,1000,0" yaku="8,1" doraHai="60" who="0" fromWho="3" sc="318,10,237,0,108,0,337,-10" owari="328,42.8,237,-16.3,108,-39.2,327,12.7" /></mjloggm>