<mjloggm ver="2.3"><GO type="169" lobby="0"/><UN n0="%E5%B0%8F%E5%AE%AE%E7%95%B3%E5%BA%97" n1="%E3%81%93%E3%81%A3%E3%81%A8%E3%81%AB%E3%81%86%E3%82%80" n2="%6C%6E%61%69" n3="%43%4F%45%44%4F%E7%B7%91" dan="16,17,16,18" rate="2097.07,2176.78,2042.64,2194.95" sx="M,M,M,F"/><TAIKYOKU oya="0"/><INIT seed="0,0,0,3,5,113" ten="250,250,250,250" oya="0" hai0="110,103,116,79,71,108,34,14,76,46,92,20,11" hai1="35,13,63,38,28,30,114,117,62,128,33,94,59" hai2="73,80,6,45,39,133,86,111,124,7,70,123,32" hai3="37,2,40,23,118,12,89,49,85,100,69,21,25"/><T19/><D71/><U102/><E114/><V106/><RYUUKYOKU type="yao9" ba="0,0" sc="250,0,250,0,250,0,250,0" hai2="6,7,32,39,45,70,73,80,86,106,111,123,124,133" /><INIT seed="0,1,0,4,1,69" ten="250,250,250,250" oya="0" hai0="122,88,71,101,59,33,54,40,123,10,132,127,70" hai1="65,126,119,106,42,7,35,0,61,100,110,30,29" hai2="5,66,45,109,11,81,96,34,58,26,90,24,64" hai3="19,74,18,28,4,120,22,92,95,104,134,131,49"/><T3/><D101/><U38/><E119/><V15/><F109/><W1/><G104/><T43/><D33/><U68/><E110/><V97/><F34/><W116/><G74/><T83/><D132/><U85/><E85/><N who="2" m="50479" /><F45/><W62/><G62/><T78/><D127/><U79/><E126/><V36/><F36/><W82/><G49/><T57/><D3/><U103/><E79/><V56/><F56/><W48/><G48/><T108/><D108/><U111/><E111/><V130/><F130/><W84/><G22/><T20/><D20/><U6/><E103/><V8/><F8/><W21/><G82/><T118/><D10/><U135/><E135/><V12/><F12/><W98/><G21/><T133/><D133/><U128/><E128/><V9/><F9/><W76/><G1/><T121/><D118/><U63/><E63/><N who="2" m="38007" /><F66/><W77/><G120/><T107/><D107/><U50/><E50/><V94/><F97/><W114/><G98/><T37/><D37/><U31/><E35/><V102/><AGARI ba="1,0" hai="5,11,15,24,26,94,96,102" m="38007,50479" machi="102" ten="30,1100,0" yaku="8,1" doraHai="69" who="2" fromWho="2" sc="250,-6,250,-4,250,14,250,-4" /><INIT seed="1,0,0,0,4,52" ten="244,246,264,246" oya="1" hai0="124,71,82,20,121,116,63,46,34,134,67,40,98" hai1="53,97,41,92,117,14,42,66,56,43,120,78,5" hai2="47,4,28,58,23,102,13,118,25,76,112,105,9" hai3="30,7,111,59,49,3,36,113,21,33,62,32,87"/><U77/><E117/><V108/><F118/><W103/><G113/><T22/><D34/><U39/><E120/><V8/><F112/><W31/><G36/><T96/><D116/><U65/><E39/><V84/><F108/><W11/><G111/><T95/><D121/><U17/><E5/><V26/><F47/><W110/><G110/><T74/><D134/><U131/><E131/><V60/><F105/><W68/><G68/><T12/><D124/><U61/><E77/><V51/><F102/><W91/><G103/><T69/><D69/><U99/><E78/><V115/><F51/><W109/><G49/><T129/><D129/><U27/><E27/><V80/><F115/><W55/><G109/><T100/><D96/><U130/><E130/><V19/><F26/><W127/><G21/><T93/><D93/><U44/><E44/><V45/><F45/><W18/><G18/><T24/><D82/><U0/><E0/><V123/><F123/><W126/><G32/><T135/><D135/><U79/><E79/><V75/><F75/><W122/><G33/><T119/><D74/><U6/><E6/><V2/><F2/><W85/><G85/><T81/><D81/><U89/><REACH who="1" step="1"/><E99/><REACH who="1" ten="244,236,264,246" step="2"/><V73/><F73/><W101/><G122/><T90/><D119/><U38/><E38/><V106/><F4/><W54/><G7/><T48/><D24/><U104/><E104/><V114/><F114/><W35/><G3/><T64/><D12/><U72/><E72/><V107/><F107/><W94/><G127/><T29/><D98/><U16/><E16/><V133/><F106/><RYUUKYOKU ba="0,1" sc="244,-10,236,30,264,-10,246,-10" hai1="14,17,41,42,43,53,56,61,65,66,89,92,97" /><INIT seed="1,1,1,5,1,18" ten="234,266,254,236" oya="1" hai0="95,78,71,16,108,45,133,14,32,42,94,54,27" hai1="2,15,69,129,0,52,110,19,55,100,114,99,81" hai2="92,111,102,29,122,34,124,128,127,39,22,87,86" hai3="25,130,107,89,43,31,121,75,59,26,40,105,106"/><U115/><E69/><V132/><F122/><W4/><G121/><T82/><D71/><U101/><E129/><V1/><F1/><W109/><G75/><T93/><D108/><U49/><E110/><V63/><F111/><W50/><G109/><T9/><D133/><U6/><E6/><V85/><F39/><W56/><G4/><T67/><D67/><U104/><E101/><V125/><F132/><W24/><G31/><T3/><D3/><U44/><E0/><V61/><F34/><W51/><G89/><T41/><D32/><U12/><E2/><V119/><F119/><W84/><G84/><N who="0" m="48215" /><D27/><U35/><E35/><V20/><F128/><W123/><G123/><T60/><D60/><N who="2" m="23114" /><F29/><W80/><G80/><T11/><D9/><U33/><E33/><V8/><F8/><W79/><G79/><T48/><AGARI ba="1,1" hai="11,14,16,41,42,45,48,54,93,94,95" m="48215" machi="48" ten="30,2000,0" yaku="8,1,54,1" doraHai="18" who="0" fromWho="0" sc="234,33,266,-11,254,-6,236,-6" /><INIT seed="2,0,0,4,5,22" ten="267,255,248,230" oya="2" hai0="120,29,106,133,83,115,49,79,55,134,68,42,27" hai1="93,26,60,80,91,122,16,123,127,94,61,10,82" hai2="21,116,71,40,53,89,4,92,62,108,20,48,45" hai3="107,41,103,100,104,126,121,58,11,117,52,3,88"/><V19/><F116/><W12/><G117/><T47/><D115/><U50/><E127/><V2/><F108/><W57/><G121/><N who="1" m="46090" /><E50/><V35/><F35/><W73/><G73/><T135/><D120/><U14/><E26/><V17/><F2/><W32/><G3/><T43/><D68/><U90/><E94/><V131/><F131/><W98/><G32/><N who="0" m="20543" /><D106/><U59/><E61/><V87/><F4/><W18/><G41/><T0/><D0/><U64/><E91/><V28/><F71/><W81/><G126/><T119/><D119/><U56/><E59/><N who="2" m="35183" /><F21/><W63/><G58/><T109/><D109/><U105/><E105/><V99/><F87/><AGARI ba="0,0" hai="42,43,47,49,55,79,83,87,133,134,135" m="20543" machi="87" ten="30,2000,0" yaku="20,1,52,1" doraHai="22" who="0" fromWho="2" sc="267,20,255,0,248,-20,230,0" /><AGARI ba="0,0" hai="10,14,16,56,60,64,80,82,87,90,93" m="46090" machi="87" ten="30,2000,0" yaku="13,1,54,1" doraHai="22" who="1" fromWho="2" sc="287,0,255,20,228,-20,230,0" /><INIT seed="3,0,0,5,1,103" ten="287,275,208,230" oya="3" hai0="121,88,77,86,41,95,13,91,76,4,66,89,8" hai1="67,80,134,10,12,109,51,68,44,72,2,125,132" hai2="110,57,85,131,90,11,61,42,102,93,123,122,49" hai3="94,18,46,113,14,116,70,81,38,126,128,55,23"/><W52/><G113/><T115/><D121/><N who="2" m="46090" /><F110/><W97/><G116/><T107/><D107/><U35/><E35/><V111/><F111/><W26/><G70/><T78/><D115/><U130/><E2/><V118/><F118/><W63/><G126/><T27/><D66/><U99/><E109/><V48/><F131/><W82/><G128/><T108/><D108/><U45/><E99/><N who="2" m="59759" /><F11/><W30/><G38/><T98/><D41/><U73/><E125/><V79/><F79/><W40/><G40/><T20/><REACH who="0" step="1"/><D98/><REACH who="0" ten="277,275,208,230" step="2"/><U1/><E67/><N who="2" m="39343" /><F42/><W74/><G55/><T19/><AGARI ba="0,1" hai="4,8,13,19,20,27,76,77,78,86,88,89,91,95" machi="19" ten="30,7900,0" yaku="1,1,0,1,8,1,54,1,53,0" doraHai="103" doraHaiUra="124" who="0" fromWho="0" sc="277,89,275,-20,208,-20,230,-39" /><INIT seed="4,0,0,1,0,63" ten="366,255,188,191" oya="0" hai0="130,52,108,75,58,106,14,104,46,83,95,31,26" hai1="44,56,57,118,61,80,133,120,35,22,129,49,51" hai2="37,91,13,117,71,90,113,119,33,55,45,25,1" hai3="127,3,94,8,103,99,10,62,40,109,38,6,100"/><T36/><D130/><U92/><E35/><V87/><F1/><W105/><G109/><T81/><D108/><U18/><E118/><N who="2" m="45067" /><F71/><W132/><G127/><T15/><D106/><U9/><E120/><V69/><F113/><W96/><G132/><T128/><D104/><U78/><E133/><V67/><F13/><W110/><G110/><T86/><D128/><U125/><E129/><V134/><F134/><W114/><G114/><T79/><D95/><U19/><E125/><V121/><F87/><W98/><G10/><T76/><D46/><U47/><E92/><V122/><F91/><W43/><G38/><T66/><D36/><U116/><E116/><V88/><F121/><W84/><G98/><T60/><REACH who="0" step="1"/><D52/><REACH who="0" ten="356,255,188,191" step="2"/><U68/><E44/><V17/><F122/><W74/><G105/><T34/><AGARI ba="0,1" hai="14,15,26,31,34,58,60,66,75,76,79,81,83,86" machi="34" ten="20,18000,2" yaku="1,1,2,1,0,1,7,1,52,1,53,1" doraHai="63" doraHaiUra="23" who="0" fromWho="0" sc="356,190,255,-60,188,-60,191,-60" /><INIT seed="4,1,0,2,2,71" ten="546,195,128,131" oya="0" hai0="113,45,131,38,74,0,80,134,34,5,25,26,4" hai1="107,132,59,41,29,94,135,39,119,101,96,83,18" hai2="72,35,65,112,10,116,31,68,32,44,3,22,61" hai3="47,76,89,46,60,40,130,51,28,62,50,30,36"/><T122/><D122/><U57/><E119/><V121/><F121/><W129/><G89/><T126/><D5/><U133/><E29/><V124/><F72/><W12/><G12/><T21/><D134/><U37/><E83/><V108/><F108/><W82/><G82/><T1/><D131/><U114/><E114/><V111/><F111/><W7/><G7/><T118/><D126/><U81/><E81/><V6/><F124/><W19/><G19/><T58/><D118/><U86/><E18/><V11/><F112/><W13/><G13/><T15/><D113/><U87/><E41/><V93/><F116/><W69/><G40/><N who="0" m="22679" /><D58/><N who="1" m="22027" /><E107/><V14/><F93/><W49/><G49/><T90/><D90/><U79/><E79/><V66/><F66/><W16/><G16/><N who="0" m="10399" /><D1/><U104/><E104/><V54/><F31/><W9/><G69/><T70/><D70/><U23/><E23/><V17/><REACH who="2" step="1"/><F10/><REACH who="2" ten="546,195,118,131" step="2"/><W64/><G9/><N who="0" m="2183" /><D34/><U88/><E101/><V43/><F43/><W98/><G64/><T105/><D105/><U91/><E96/><V84/><F84/><W75/><G98/><T78/><AGARI ba="1,1" hai="25,26,74,78,80" m="2183,10399,22679" machi="78" ten="30,6000,0" yaku="25,1,52,1,54,1" doraHai="71" who="0" fromWho="0" sc="546,73,195,-21,118,-21,131,-21" /><INIT seed="4,2,0,3,1,122" ten="619,174,97,110" oya="0" hai0="40,102,63,123,107,127,72,65,88,45,70,74,44" hai1="27,118,81,29,52,117,33,64,121,18,58,104,86" hai2="85,128,133,99,62,26,125,75,22,57,60,13,11" hai3="97,68,77,59,98,5,3,113,49,9,19,51,120"/><T87/><D123/><U89/><E121/><V12/><F75/><W55/><G120/><T4/><D127/><U28/><E64/><V78/><F125/><W96/><G68/><T71/><D71/><U39/><E39/><V76/><F128/><W0/><G113/><T130/><D130/><U42/><E42/><V80/><F133/><W83/><G19/><T41/><D4/><U48/><E104/><V94/><F76/><W109/><G51/><T54/><D54/><U66/><E29/><V7/><F13/><W1/><REACH who="3" step="1"/><G109/><REACH who="3" ten="619,174,97,100" step="2"/><T73/><D70/><U95/><E18/><N who="2" m="12631" /><F57/><W114/><G114/><T37/><D37/><U92/><REACH who="1" step="1"/><E66/><REACH who="1" ten="619,164,97,100" step="2"/><V82/><F7/><W35/><G35/><T108/><D65/><U38/><E38/><V47/><F47/><W105/><G105/><T30/><D45/><U106/><E106/><V90/><F78/><W112/><G112/><T135/><D44/><U25/><E25/><V61/><F12/><W31/><G31/><T132/><D30/><U93/><AGARI ba="2,2" hai="27,28,33,48,52,58,81,86,89,92,93,95,117,118" machi="93" ten="30,4000,0" yaku="1,1,0,1,54,1,53,0" doraHai="122" doraHaiUra="16" who="1" fromWho="1" sc="619,-22,164,66,97,-12,100,-12" /><INIT seed="5,0,0,5,2,58" ten="597,230,85,88" oya="1" hai0="46,91,13,4,95,102,2,118,23,87,44,40,116" hai1="129,0,107,28,21,61,20,120,134,89,81,27,128" hai2="124,5,37,105,53,35,66,75,76,109,121,80,24" hai3="32,45,86,18,104,78,43,6,83,123,127,33,14"/><U15/><E107/><V38/><F109/><W17/><G123/><T93/><D2/><U31/><E120/><V112/><F121/><W135/><G104/><T101/><D44/><U90/><E0/><V103/><F124/><W94/><G127/><T30/><D95/><U42/><E42/><V72/><F72/><W77/><G77/><T115/><D115/><U22/><E134/><V74/><F74/><W97/><G135/><T84/><D84/><U25/><E61/><V85/><F85/><W60/><G60/><T130/><D130/><N who="1" m="50283" /><E81/><V29/><F53/><W73/><G73/><T63/><D63/><U7/><E7/><V126/><F126/><W49/><G33/><T50/><D118/><U16/><AGARI ba="0,0" hai="15,16,20,21,22,25,27,28,31,89,90" m="50283" machi="16" ten="30,3000,0" yaku="19,1,54,1" doraHai="58" who="1" fromWho="1" sc="597,-10,230,30,85,-10,88,-10" /><INIT seed="5,1,0,2,1,109" ten="587,260,75,78" oya="1" hai0="67,120,104,47,52,96,13,35,4,16,11,105,38" hai1="98,8,22,102,97,126,78,32,73,69,94,131,37" hai2="29,79,123,23,63,77,114,55,44,93,17,53,36" hai3="129,39,49,62,70,45,21,64,66,81,125,2,135"/><U89/><E32/><V115/><F123/><W5/><G125/><T86/><D35/><U74/><E69/><V9/><F29/><W42/><G129/><T132/><D67/><U60/><E37/><V107/><F107/><W25/><G135/><T83/><D132/><U80/><E131/><V24/><F9/><W51/><G66/><T90/><D120/><U72/><E60/><V28/><F28/><W40/><G40/><T26/><D96/><N who="1" m="57423" /><E22/><V82/><F93/><W92/><G81/><T130/><D130/><U14/><E14/><V57/><F57/><W18/><G5/><T122/><D122/><U20/><E20/><V133/><F133/><W41/><G41/><T100/><D100/><U119/><E8/><V3/><F3/><W43/><G2/><T110/><D110/><U27/><E27/><V1/><F1/><W59/><G70/><T50/><D38/><U65/><E65/><V7/><F7/><W121/><G121/><T91/><D91/><U61/><E61/><V127/><F127/><W113/><G39/><T46/><D46/><U31/><E31/><V117/><F117/><W54/><G64/><T6/><D26/><U112/><E119/><V128/><F128/><W87/><G62/><T108/><D108/><U116/><E116/><V99/><F36/><W111/><G111/><T56/><D56/><U15/><E126/><V34/><F34/><W84/><G59/><T12/><D4/><U76/><E102/><V30/><F63/><W71/><G71/><T118/><D118/><U103/><E103/><V19/><F44/><W106/><G45/><RYUUKYOKU ba="1,0" sc="587,30,260,-10,75,-10,78,-10" hai0="6,11,12,13,16,47,50,52,83,86,90,104,105" /><INIT seed="6,2,0,3,1,86" ten="617,250,65,68" oya="2" hai0="110,118,101,69,40,99,53,21,96,0,68,72,85" hai1="75,65,47,37,5,57,24,61,111,16,60,134,129" hai2="48,36,83,45,76,94,89,79,104,71,82,33,7" hai3="90,11,14,39,103,23,9,91,97,93,20,13,88"/><V78/><F71/><W1/><G1/><T54/><D72/><U127/><E111/><V64/><F104/><W43/><G43/><T52/><D0/><U84/><E75/><V67/><F33/><W115/><G39/><T22/><D110/><U4/><E134/><V19/><F36/><W51/><G51/><T17/><D40/><U56/><E129/><V8/><F19/><N who="3" m="8623" /><G115/><T114/><D114/><U42/><E127/><V12/><F64/><W49/><G49/><T28/><D118/><U116/><E116/><V131/><F67/><W106/><G106/><T109/><D109/><U3/><E3/><V58/><F58/><W18/><AGARI ba="2,0" hai="11,14,18,20,23,88,90,91,93,97,103" m="8623" machi="18" ten="30,8000,1" yaku="8,1,52,3,54,1" doraHai="86" who="3" fromWho="3" sc="617,-22,250,-22,65,-42,68,86" /><INIT seed="7,0,0,4,5,89" ten="595,228,23,154" oya="3" hai0="49,74,66,29,17,123,85,103,76,104,33,109,58" hai1="56,118,22,60,133,25,122,34,28,57,120,51,53" hai2="132,46,94,75,4,1,20,90,54,115,96,9,37" hai3="98,63,128,7,81,117,125,32,71,15,80,108,18"/><W111/><G117/><T30/><D109/><U3/><E118/><V79/><F115/><W52/><G32/><T88/><D123/><U135/><E3/><V48/><F132/><N who="1" m="50761" /><E34/><V112/><F112/><W92/><G7/><T101/><D17/><U44/><E57/><V105/><F105/><W13/><G125/><T23/><D23/><U43/><AGARI ba="0,0" hai="22,25,28,43,44,51,53,56,60,120,122" m="50761" machi="43" ten="30,1100,0" yaku="20,1" doraHai="89" who="1" fromWho="1" sc="595,-3,228,11,23,-3,154,-5" owari="592,69.2,239,3.9,20,-48.0,149,-25.1" /></mjloggm>