<mjloggm ver="2.3"><GO type="169" lobby="0"/><UN n0="%E3%80%90%E7%BD%AA%E6%AD%8C%E3%80%91" n1="%79%61%6E%72%6F%75" n2="%E5%B5%8C%E5%85%AB" n3="%E6%9C%AC%E5%AE%B6%E3%81%8B%E3%81%BE%E3%81%A9%E3%82%84" dan="17,16,16,16" rate="2146.97,2160.75,2111.44,2120.85" sx="M,M,M,M"/><TAIKYOKU oya="0"/><INIT seed="0,0,0,1,4,124" ten="250,250,250,250" oya="0" hai0="81,1,6,107,122,130,24,94,100,41,20,37,93" hai1="102,30,18,35,115,113,111,97,50,22,70,56,52" hai2="127,44,43,54,80,131,26,28,126,64,10,66,98" hai3="112,116,75,104,95,58,89,63,96,8,62,76,117"/><T82/><D122/><U101/><E70/><V135/><F135/><W67/><G112/><N who="1" m="43082" /><E111/><V134/><F134/><W87/><G8/><T40/><D107/><U11/><E11/><V57/><F10/><W128/><G63/><T109/><D100/><U14/><E97/><V7/><F7/><W21/><G21/><T73/><D24/><AGARI ba="0,0" hai="14,18,22,24,30,35,50,52,56,101,102" m="43082" machi="24" ten="30,2000,0" yaku="11,1,54,1" doraHai="124" who="1" fromWho="0" sc="250,-20,250,20,250,0,250,0" /><INIT seed="1,0,0,5,4,124" ten="230,270,250,250" oya="1" hai0="50,68,62,126,84,111,80,76,128,120,61,75,110" hai1="14,93,95,33,52,70,99,29,19,133,57,24,53" hai2="135,25,11,44,27,46,54,64,9,79,66,82,91" hai3="45,1,103,22,100,129,117,59,41,121,102,48,3"/><U56/><E133/><V60/><F91/><W85/><G121/><T87/><D126/><U115/><E115/><V35/><F135/><W127/><G127/><T23/><D120/><U94/><E70/><V18/><F35/><W37/><G117/><T106/><D106/><U51/><E53/><V42/><F54/><W77/><G37/><T4/><D4/><U2/><E2/><V63/><F82/><W119/><G119/><T17/><D50/><U67/><E67/><V72/><F72/><W74/><G74/><T104/><D104/><U83/><E83/><V8/><F79/><W109/><G59/><T89/><D75/><U21/><REACH who="1" step="1"/><E56/><REACH who="1" ten="230,260,250,250" step="2"/><V97/><F66/><W118/><G3/><T15/><D68/><U134/><E134/><V39/><F64/><W10/><G1/><T55/><D55/><U116/><E116/><V123/><F123/><W7/><G118/><T130/><D111/><U40/><E40/><V12/><F44/><W43/><G45/><T47/><D47/><U88/><AGARI ba="0,1" hai="14,19,21,24,29,33,51,52,57,88,93,94,95,99" machi="88" ten="20,12000,1" yaku="1,1,0,1,7,1,54,2,53,0" doraHai="124" doraHaiUra="6" who="1" fromWho="1" sc="230,-40,260,130,250,-40,250,-40" /><INIT seed="1,1,0,0,0,8" ten="190,390,210,210" oya="1" hai0="71,35,1,44,72,24,80,129,34,45,10,67,117" hai1="99,51,104,66,112,96,73,133,84,119,25,122,107" hai2="49,98,2,16,50,12,64,108,43,58,13,42,68" hai3="41,75,106,28,85,134,3,37,27,93,103,21,128"/><U78/><E66/><V39/><F2/><W131/><G134/><T89/><D117/><U102/><E51/><N who="2" m="19467" /><F68/><W46/><G75/><T20/><D129/><N who="3" m="49737" /><G3/><T5/><D67/><U83/><E25/><V31/><F39/><W19/><G106/><N who="1" m="40490" /><E122/><V113/><F31/><W110/><G110/><T120/><D71/><U23/><E23/><N who="2" m="11655" /><F108/><W0/><G0/><T36/><D120/><U11/><E133/><V118/><F118/><W92/><G103/><T95/><D45/><U69/><E69/><V94/><F113/><W33/><G85/><T121/><D121/><U14/><E112/><V54/><F13/><AGARI ba="1,0" hai="13,19,21,27,28,33,37,41,46,92,93" m="49737" machi="13" ten="30,2000,0" yaku="19,1,52,1" doraHai="8" who="3" fromWho="2" sc="190,0,390,0,210,-23,210,23" /><INIT seed="2,0,0,3,3,95" ten="190,390,187,233" oya="2" hai0="128,84,24,79,41,10,50,44,19,27,89,20,112" hai1="78,36,93,86,122,115,96,30,69,48,76,5,39" hai2="75,123,14,117,82,49,29,120,98,42,127,55,133" hai3="60,99,119,121,8,105,59,109,101,107,135,92,65"/><V15/><F117/><W9/><G121/><T61/><D128/><U83/><E69/><V106/><F42/><W114/><G119/><T52/><D112/><U72/><E115/><V31/><F133/><W54/><G135/><T131/><D131/><U51/><E122/><V110/><F127/><W85/><G109/><T90/><D10/><U16/><E30/><V38/><F38/><W22/><G22/><T34/><D34/><U94/><E5/><V111/><F75/><W124/><G124/><T18/><D79/><U12/><E36/><V4/><F82/><W28/><G28/><N who="2" m="10825" /><F4/><W104/><G114/><T21/><D84/><U11/><E39/><V47/><F123/><W25/><G25/><T45/><REACH who="0" step="1"/><D61/><REACH who="0" ten="180,390,187,233" step="2"/><U67/><E76/><V97/><F120/><W77/><G77/><T43/><D43/><U87/><E86/><V37/><F37/><AGARI ba="0,1" hai="18,19,20,21,24,27,37,41,44,45,50,52,89,90" machi="37" ten="30,8000,1" yaku="1,1,7,1,9,1,54,1,53,1" doraHai="95" doraHaiUra="46" who="0" fromWho="2" sc="180,90,390,0,187,-80,233,0" /><INIT seed="3,0,0,2,1,66" ten="270,390,107,233" oya="3" hai0="118,2,13,46,40,111,49,9,75,84,113,126,7" hai1="33,50,60,92,130,114,15,20,119,56,1,72,41" hai2="127,14,24,96,45,48,69,29,43,105,5,121,86" hai3="6,93,17,42,98,11,82,10,131,94,106,28,133"/><W134/><G131/><T129/><D75/><U59/><E114/><V108/><F127/><W47/><G28/><T78/><D118/><U36/><E1/><V34/><F108/><W23/><G82/><T104/><D104/><U8/><E33/><V83/><F121/><W39/><G106/><T90/><D111/><U80/><E36/><V12/><F105/><W0/><G11/><T52/><D129/><U35/><E35/><V102/><F102/><W22/><G22/><T73/><D126/><U123/><E123/><V55/><F96/><W21/><G21/><T70/><D70/><U79/><E119/><V44/><F69/><W100/><REACH who="3" step="1"/><G94/><REACH who="3" ten="270,390,107,223" step="2"/><T120/><D120/><U88/><E20/><V4/><F5/><W101/><G101/><T81/><D113/><U53/><E130/><V61/><F4/><W97/><G97/><T27/><D27/><AGARI ba="0,1" hai="0,6,10,17,23,27,39,42,47,93,98,100,133,134" machi="27" ten="40,2000,0" yaku="1,1,53,0" doraHai="66" doraHaiUra="58" who="3" fromWho="0" sc="270,-20,390,0,107,0,223,30" /><INIT seed="3,1,0,0,5,31" ten="250,390,107,253" oya="3" hai0="104,124,121,12,45,113,86,81,112,131,57,73,101" hai1="64,135,115,106,127,49,123,110,41,133,96,25,58" hai2="97,122,85,93,98,134,44,99,76,108,69,2,91" hai3="18,55,65,16,105,37,63,60,82,128,50,54,117"/><W114/><G114/><T28/><D28/><U36/><E123/><V126/><F2/><W92/><G117/><T17/><D121/><U90/><E110/><V102/><F69/><W89/><G105/><T62/><D73/><U7/><E7/><V53/><F122/><W118/><G128/><T51/><D131/><U38/><E127/><V77/><F53/><W125/><G37/><T10/><D104/><U87/><E64/><V109/><F44/><W83/><G125/><T88/><D101/><U8/><E8/><V11/><F11/><W14/><G14/><T40/><REACH who="0" step="1"/><D124/><REACH who="0" ten="240,390,107,253" step="2"/><U21/><E106/><V78/><F126/><W9/><G118/><T79/><D79/><U119/><E119/><V6/><F134/><W3/><G3/><T132/><D132/><U26/><E135/><V75/><F75/><W27/><G65/><AGARI ba="1,1" hai="10,12,17,40,45,51,57,62,65,81,86,88,112,113" machi="65" ten="40,2600,0" yaku="1,1,54,1,53,0" doraHai="31" doraHaiUra="34" who="0" fromWho="3" sc="240,39,390,0,107,0,253,-29" /><INIT seed="4,0,0,2,5,71" ten="279,390,107,224" oya="0" hai0="64,120,1,82,68,35,124,58,25,93,74,65,84" hai1="130,77,43,60,51,123,92,98,106,133,2,69,26" hai2="110,6,56,37,87,44,31,117,125,19,88,42,38" hai3="90,22,23,129,47,59,61,54,66,134,21,96,113"/><T103/><D120/><U17/><E130/><V79/><F110/><W24/><G129/><T119/><D119/><U70/><E2/><V4/><F117/><W33/><G134/><T36/><D68/><U78/><E106/><V75/><F125/><W29/><G113/><T10/><D74/><U72/><E123/><V9/><F31/><W12/><G12/><T97/><D124/><U83/><E77/><V80/><F56/><W45/><G96/><T126/><D126/><U73/><E72/><V57/><F57/><W39/><G90/><T99/><D99/><U101/><E60/><V18/><F6/><W28/><G28/><T5/><D36/><U115/><E133/><V85/><F37/><W94/><G94/><T27/><D35/><U127/><E127/><V95/><REACH who="2" step="1"/><F85/><REACH who="2" ten="279,390,97,224" step="2"/><W109/><G39/><T32/><D32/><U49/><E70/><V14/><AGARI ba="0,1" hai="4,9,14,18,19,38,42,44,75,79,80,87,88,95" machi="14" ten="20,12000,2" yaku="1,1,2,1,0,1,7,1,52,1,54,1,53,1" doraHai="71" doraHaiUra="40" who="2" fromWho="2" sc="279,-60,390,-30,97,130,224,-30" /><INIT seed="5,0,0,4,1,53" ten="219,360,227,194" oya="1" hai0="21,127,50,120,25,30,82,84,130,100,29,44,32" hai1="98,104,69,42,61,15,39,3,126,86,19,2,94" hai2="4,116,33,83,76,113,26,71,80,66,59,46,131" hai3="87,51,55,49,24,12,97,34,92,108,73,48,81"/><U22/><E126/><V64/><F116/><W9/><G108/><T68/><D127/><U11/><E39/><V107/><F107/><W63/><G73/><T54/><D68/><U27/><E42/><V110/><F110/><W123/><G123/><T77/><D130/><U118/><E86/><V114/><F131/><W58/><G24/><T70/><D70/><U28/><E104/><V8/><F46/><W134/><G34/><T41/><D120/><U105/><E105/><V5/><F71/><W65/><G134/><T133/><D133/><U79/><E79/><V14/><F5/><W91/><G12/><T36/><D100/><U88/><REACH who="1" step="1"/><E118/><REACH who="1" ten="219,350,227,194" step="2"/><V1/><F76/><W109/><G109/><T62/><D36/><U72/><E72/><V102/><F114/><W135/><G135/><T6/><D84/><U112/><E112/><V117/><F113/><W101/><REACH who="3" step="1"/><G9/><REACH who="3" ten="219,350,227,184" step="2"/><T31/><D77/><U128/><E128/><V0/><F8/><W57/><AGARI ba="0,2" hai="48,49,51,55,57,58,63,65,81,87,91,92,97,101" machi="57" ten="20,16000,3" yaku="1,1,2,1,0,1,7,1,8,1,52,2,53,3" doraHai="53" doraHaiUra="45" who="3" fromWho="3" sc="219,-40,350,-80,227,-40,184,180" /><INIT seed="6,0,0,1,5,120" ten="179,270,187,364" oya="2" hai0="111,33,126,4,87,123,112,129,116,28,29,45,23" hai1="104,76,11,24,108,56,81,16,50,41,54,130,38" hai2="14,59,9,69,105,40,119,78,103,107,62,42,131" hai3="7,89,98,113,72,92,124,84,66,48,114,2,67"/><V26/><F119/><W127/><G72/><T60/><D123/><U82/><E104/><V46/><F69/><W61/><G2/><T102/><D33/><U93/><E130/><V25/><F131/><W73/><G7/><T101/><D129/><U17/><E38/><V12/><F78/><W117/><G73/><T75/><D75/><U21/><E108/><V34/><F103/><W36/><G36/><T90/><D111/><U51/><E93/><V70/><F70/><W39/><G39/><T1/><D1/><U5/><E17/><V125/><F125/><N who="3" m="48203" /><G48/><T96/><D45/><N who="1" m="25903" /><E76/><V52/><F107/><W91/><G117/><T122/><D122/><U118/><E118/><V71/><F71/><N who="3" m="42447" /><G67/><T65/><D65/><U95/><E95/><AGARI ba="0,0" hai="84,89,91,92,95,98,113,114" m="42447,48203" machi="95" ten="30,1000,0" yaku="18,1" doraHai="120" who="3" fromWho="1" sc="179,0,270,-10,187,0,364,10" /><INIT seed="7,0,0,0,1,15" ten="179,260,187,374" oya="3" hai0="111,63,115,28,69,78,84,110,50,132,56,42,25" hai1="17,126,127,128,1,20,130,51,97,101,30,54,45" hai2="40,93,114,6,88,83,79,8,7,102,119,96,18" hai3="9,60,61,64,120,14,39,72,103,100,19,117,12"/><W16/><G117/><T36/><D132/><U49/><E1/><V5/><F114/><W134/><G134/><T4/><D115/><U77/><E30/><V43/><F119/><W26/><G72/><T55/><D4/><U86/><E77/><V2/><F102/><W76/><G76/><T0/><D0/><U95/><E86/><N who="2" m="48511" /><F2/><W80/><G39/><T41/><D41/><U37/><E51/><V24/><F8/><W87/><G26/><T31/><D84/><U35/><E35/><V113/><F113/><W133/><G120/><T22/><D31/><U58/><E45/><V92/><F92/><W131/><G131/><N who="1" m="50218" /><E37/><V32/><F32/><W99/><G87/><T68/><D78/><U67/><E67/><V11/><F11/><W73/><G80/><T81/><D81/><U29/><E29/><V53/><F53/><W90/><G64/><N who="0" m="40991" /><D69/><U74/><E74/><V104/><F104/><W125/><G73/><T121/><D121/><U108/><E108/><V33/><F33/><W135/><G133/><T66/><D66/><U47/><E47/><AGARI ba="0,0" hai="22,25,28,36,42,47,50,55,56,110,111" m="40991" machi="47" ten="30,1000,0" yaku="24,1" doraHai="15" who="0" fromWho="1" sc="179,10,260,-10,187,0,374,0" owari="189,-21.1,250,5.0,187,-31.3,374,47.4" /></mjloggm>