<mjloggm ver="2.3"><GO type="169" lobby="0"/><UN n0="%E8%B5%A4%E6%9C%A8%E3%81%97%E3%81%92%E3%82%8B" n1="%E6%BA%80%E3%81%A1%E6%AC%A0%E3%81%91" n2="%E6%96%B0%E6%9C%88%E9%97%87%E9%9F%B3" n3="%64%6F%6F%6F%6F%77%79%31" dan="16,16,17,16" rate="2092.68,2126.43,2166.69,2170.27" sx="M,M,M,M"/><TAIKYOKU oya="0"/><INIT seed="0,0,0,0,3,133" ten="250,250,250,250" oya="0" hai0="0,45,62,90,37,76,129,103,29,113,15,94,111" hai1="91,18,69,128,13,102,10,80,93,12,4,135,35" hai2="28,124,88,3,40,5,122,116,87,44,100,109,23" hai3="6,82,47,71,49,7,65,92,112,31,131,115,57"/><T96/><D0/><U59/><E69/><V132/><F122/><W52/><G131/><T73/><D113/><U46/><E35/><V60/><F132/><W118/><G118/><T53/><D29/><U110/><E110/><V79/><F109/><W101/><G31/><T63/><D111/><U66/><E128/><V8/><F116/><W108/><G71/><T55/><D129/><U106/><E106/><V32/><F32/><W61/><G108/><T123/><D76/><U134/><E102/><V16/><F28/><W11/><G82/><T119/><D73/><U27/><E27/><V58/><F79/><W54/><G65/><T84/><D123/><U127/><E80/><V114/><F114/><W95/><G6/><T51/><D37/><U34/><E46/><V48/><F100/><W105/><G105/><T22/><D119/><U43/><E43/><V121/><F121/><W98/><REACH who="3" step="1"/><G95/><REACH who="3" ten="250,250,250,240" step="2"/><N who="0" m="58783" /><D53/><U36/><E66/><V83/><F3/><AGARI ba="0,1" hai="3,7,11,47,49,52,54,57,61,92,98,101,112,115" machi="3" ten="30,7700,0" yaku="1,1,7,1,54,1,53,1" doraHai="133" doraHaiUra="2" who="3" fromWho="2" sc="250,0,250,0,250,-77,240,87" /><INIT seed="1,0,0,0,5,125" ten="250,250,173,327" oya="1" hai0="73,109,97,74,71,121,50,41,23,5,68,135,6" hai1="65,27,110,36,58,37,134,79,92,128,22,70,4" hai2="132,24,57,90,56,114,14,0,61,52,33,112,45" hai3="29,9,93,42,111,2,78,13,25,103,30,51,20"/><U116/><E116/><V55/><F0/><W69/><G69/><T10/><D23/><U54/><E134/><V126/><F126/><W131/><G2/><T81/><D50/><U91/><E4/><V89/><F132/><W105/><G105/><T115/><D97/><U59/><E79/><V75/><F75/><W46/><G111/><T80/><D41/><U84/><E70/><V47/><F14/><W38/><G78/><T95/><D135/><U21/><E21/><V62/><REACH who="2" step="1"/><F24/><REACH who="2" ten="250,250,163,327" step="2"/><W44/><G13/><T117/><D73/><U77/><E27/><V108/><F108/><W8/><G30/><T28/><D74/><U31/><E31/><V34/><AGARI ba="0,1" hai="33,34,45,47,52,55,56,57,61,62,89,90,112,114" machi="34" ten="25,8000,1" yaku="1,1,0,1,22,2,54,1,53,0" doraHai="125" doraHaiUra="3" who="2" fromWho="2" sc="250,-20,250,-40,163,90,327,-20" /><INIT seed="2,0,0,5,5,113" ten="230,210,253,307" oya="2" hai0="0,74,80,51,26,108,42,46,82,40,6,71,12" hai1="45,21,77,59,118,22,119,81,7,68,75,132,23" hai2="96,120,50,28,9,58,66,1,52,134,87,32,63" hai3="94,85,65,37,44,11,33,25,125,36,19,3,117"/><V54/><F120/><W109/><G109/><T91/><D71/><U48/><E68/><V64/><F134/><W29/><G125/><T72/><D108/><U56/><E132/><V10/><F87/><W126/><G126/><T14/><D0/><U34/><E34/><V116/><F116/><W35/><G35/><T57/><D57/><U102/><E7/><V84/><F84/><W88/><G117/><T13/><D6/><U129/><E129/><V122/><F122/><W5/><G65/><T38/><D26/><U98/><E56/><V41/><F41/><W123/><G123/><T76/><D38/><U16/><E16/><V61/><F96/><W55/><REACH who="3" step="1"/><G19/><REACH who="3" ten="230,210,253,297" step="2"/><T95/><D72/><U130/><E130/><V110/><F110/><W107/><G107/><T17/><D17/><U115/><E115/><V106/><F106/><W15/><G15/><T62/><D74/><U135/><E135/><V128/><F128/><W89/><G89/><T86/><D12/><U39/><E119/><V60/><F1/><W30/><G30/><T83/><D13/><U133/><E133/><V114/><F114/><W53/><G53/><N who="0" m="29943" /><D14/><U131/><E131/><V93/><F54/><W105/><G105/><T24/><D76/><U67/><E118/><V2/><F2/><W69/><G69/><T47/><D24/><U112/><E112/><V92/><F28/><W70/><G70/><T104/><D104/><N who="1" m="63575" /><E67/><N who="2" m="25643" /><F32/><W43/><G43/><N who="0" m="16427" /><D47/><U97/><E75/><V100/><F100/><W79/><G79/><T20/><D91/><U127/><E127/><V8/><AGARI ba="0,1" hai="8,9,10,50,52,58,60,61,63,92,93" m="25643" machi="8" ten="40,3900,0" yaku="8,1,54,1" doraHai="113" who="2" fromWho="2" sc="230,-13,210,-13,253,49,297,-13" /><INIT seed="2,1,0,2,1,39" ten="217,197,302,284" oya="2" hai0="128,52,49,42,27,77,129,59,90,33,84,55,107" hai1="24,71,38,6,109,48,113,131,3,114,64,11,74" hai2="99,40,21,25,88,122,69,4,87,82,0,132,41" hai3="28,117,15,5,125,133,70,43,62,78,115,89,17"/><V118/><F118/><W76/><G117/><T79/><D107/><U123/><E48/><V134/><F122/><W34/><G125/><T50/><D33/><U108/><E123/><V58/><F69/><W20/><G133/><N who="2" m="51305" /><F58/><W106/><G106/><T80/><D27/><U46/><E24/><V92/><F4/><W86/><G115/><N who="1" m="44042" /><E74/><V95/><F0/><W9/><G43/><N who="2" m="16457" /><F99/><W104/><G70/><T1/><D1/><U116/><E116/><V75/><F75/><W18/><G5/><T111/><D42/><N who="1" m="22871" /><E131/><V81/><F95/><W8/><G104/><T83/><D128/><U124/><E124/><V91/><F91/><W23/><G89/><T120/><D90/><U54/><E54/><V53/><F53/><W26/><G78/><T30/><D129/><U121/><E121/><V112/><F112/><W12/><G62/><AGARI ba="1,0" hai="3,6,11,62,64,71,108,109" m="22871,44042" machi="62" ten="30,2000,0" yaku="23,1,52,1" doraHai="39" who="1" fromWho="3" sc="217,0,197,23,302,0,284,-23" /><INIT seed="3,0,0,1,4,99" ten="217,220,302,261" oya="3" hai0="135,112,133,90,125,21,33,59,92,26,80,77,4" hai1="106,110,119,6,128,15,115,96,47,91,41,9,65" hai2="39,30,82,43,72,22,56,114,58,101,71,20,93" hai3="1,126,14,31,64,37,57,134,100,95,49,122,53"/><W3/><G122/><T83/><D33/><U10/><E115/><V52/><F114/><W74/><G74/><T108/><D112/><U70/><E110/><V38/><F71/><W27/><G37/><T85/><D4/><U66/><E128/><V62/><F72/><W23/><G134/><N who="0" m="51211" /><D108/><U50/><E119/><V45/><F82/><W13/><G126/><T8/><D8/><U17/><E70/><V86/><F39/><W18/><G64/><T131/><D125/><U68/><E68/><V94/><F30/><W16/><G13/><T55/><D77/><U127/><E127/><V78/><F58/><W69/><G69/><T40/><D40/><U98/><E98/><V102/><F93/><W130/><G130/><T67/><D67/><U5/><E17/><V89/><REACH who="2" step="1"/><F78/><REACH who="2" ten="217,220,292,261" step="2"/><W73/><G73/><T28/><D131/><U34/><E34/><V12/><F12/><W76/><G76/><T87/><D80/><U113/><E113/><V88/><F88/><W104/><G95/><T129/><D129/><U32/><E32/><V35/><F35/><W132/><G132/><T44/><D44/><U19/><E91/><V48/><F48/><W75/><G75/><T118/><D118/><U24/><E50/><V81/><F81/><W54/><G31/><T116/><D116/><U109/><E47/><V105/><F105/><W117/><G117/><T60/><D83/><U2/><E109/><V0/><F0/><N who="3" m="75" /><G49/><T97/><AGARI ba="0,1" hai="21,26,28,55,59,60,85,87,90,92,97" m="51211" machi="97" ten="30,1100,0" yaku="20,1" doraHai="99" who="0" fromWho="0" sc="217,21,220,-3,292,-3,261,-5" /><INIT seed="4,0,0,4,1,1" ten="238,217,289,256" oya="0" hai0="23,20,38,106,2,60,28,97,129,40,121,93,22" hai1="111,3,85,70,98,90,55,119,57,131,103,126,36" hai2="99,14,86,114,133,77,65,123,49,44,8,0,107" hai3="52,41,18,88,71,53,46,64,56,72,51,105,109"/><T48/><D2/><U27/><E111/><V15/><F123/><W83/><G109/><T54/><D106/><U7/><E119/><V100/><F114/><W10/><G105/><T5/><D38/><U24/><E70/><V6/><F133/><W96/><G71/><T124/><D121/><U101/><E36/><V32/><F32/><W80/><G72/><T68/><D124/><U42/><E42/><V92/><F65/><W135/><G135/><T94/><D129/><U25/><E131/><V78/><F78/><W69/><G69/><T125/><D125/><U43/><E43/><V74/><F74/><W58/><G64/><T47/><D5/><U115/><E115/><V132/><F132/><W120/><G120/><T116/><D116/><U19/><E19/><V61/><F61/><N who="3" m="35975" /><G10/><T30/><D68/><U12/><E98/><V117/><F117/><W21/><G46/><T67/><D67/><U76/><E3/><V84/><F107/><W91/><G41/><T16/><D16/><U26/><N who="1" m="6144" /><DORA hai="50" /><U11/><E76/><V112/><F112/><W34/><G34/><T37/><D94/><N who="1" m="54607" /><E126/><V110/><F110/><W59/><G96/><T73/><D73/><U102/><E102/><V29/><F29/><W63/><G91/><N who="0" m="55487" /><D37/><U35/><E35/><V4/><F77/><W122/><G88/><T33/><D33/><U95/><E95/><V79/><F79/><W87/><G122/><T45/><D45/><U113/><E113/><V75/><F75/><W104/><G104/><T128/><D128/><U17/><E17/><V81/><F99/><W134/><G134/><RYUUKYOKU ba="0,0" sc="238,15,217,15,289,-15,256,-15" hai0="20,22,23,28,30,40,47,48,54,60" hai1="7,11,12,55,57,101,103" /><INIT seed="4,1,0,0,2,41" ten="253,232,274,241" oya="0" hai0="71,128,131,55,13,101,88,119,39,79,53,45,103" hai1="28,81,73,97,117,104,113,112,38,118,129,96,48" hai2="62,51,85,75,43,30,122,23,49,57,120,89,67" hai3="20,52,35,65,68,135,18,29,76,106,19,36,125"/><T3/><D3/><U92/><E38/><V59/><F75/><W37/><G106/><T25/><D71/><U102/><E28/><V17/><F30/><W74/><G125/><T54/><D119/><U32/><E32/><V5/><F5/><W123/><G135/><T93/><D79/><N who="1" m="44271" /><E48/><V33/><F33/><W105/><G105/><T108/><D108/><U11/><E11/><V34/><F34/><W12/><G123/><T14/><D25/><U134/><E129/><N who="0" m="49737" /><D39/><U133/><E118/><V86/><F86/><W10/><G29/><T91/><D45/><U132/><E117/><V66/><F43/><W87/><G74/><T83/><D83/><U0/><E0/><V69/><F69/><W2/><G35/><T4/><D4/><U116/><E116/><V127/><F127/><W82/><G2/><T109/><D109/><U77/><E77/><V8/><F8/><W99/><G37/><T9/><D9/><U130/><E130/><V26/><F122/><W50/><G36/><T61/><D61/><U16/><E16/><V31/><F120/><W95/><G19/><T44/><D44/><U114/><E134/><V21/><F59/><W121/><G121/><T63/><D63/><U90/><AGARI ba="1,0" hai="90,92,96,97,102,104,112,113,114,132,133" m="44271" machi="90" ten="40,8000,1" yaku="15,1,11,1,34,2" doraHai="41" who="1" fromWho="1" sc="253,-41,232,83,274,-21,241,-21" /><INIT seed="5,0,0,5,5,67" ten="212,315,253,220" oya="1" hai0="64,5,81,89,22,78,38,69,41,97,31,26,79" hai1="115,75,132,52,65,110,84,48,99,76,2,58,18" hai2="33,37,56,4,94,28,7,100,6,19,103,17,9" hai3="120,106,35,85,130,54,133,74,10,15,128,0,116"/><U71/><E75/><V90/><F37/><W25/><G74/><T87/><D5/><U129/><E2/><V73/><F73/><W88/><G106/><T39/><D41/><U21/><E115/><V117/><F117/><W124/><G116/><T95/><REACH who="0" step="1"/><D78/><REACH who="0" ten="202,315,253,220" step="2"/><U45/><E76/><V122/><F4/><W12/><G128/><T49/><D49/><U118/><E48/><V13/><F6/><W134/><G130/><T107/><D107/><U63/><E129/><V43/><F43/><W109/><G133/><T93/><D93/><U61/><E132/><V68/><F94/><W57/><G134/><T16/><D16/><U113/><E18/><V51/><F19/><W1/><G120/><T125/><D125/><U135/><E118/><V83/><F17/><W55/><G124/><T101/><D101/><U40/><E40/><V126/><F122/><W60/><G0/><T102/><D102/><U121/><E135/><V27/><F126/><W42/><G1/><T80/><D80/><U44/><E121/><V46/><F103/><W53/><G42/><T98/><D98/><U91/><E99/><V59/><F100/><W119/><G119/><T72/><D72/><U92/><E92/><V32/><F51/><W82/><G10/><T70/><D70/><U23/><E71/><V131/><F68/><W3/><G3/><T34/><D34/><U77/><E77/><V127/><F127/><W86/><G35/><T36/><D36/><U105/><E105/><V96/><F131/><W123/><G123/><T24/><D24/><U30/><E23/><V114/><F33/><RYUUKYOKU ba="0,1" sc="202,30,315,-10,253,-10,220,-10" hai0="22,26,31,38,39,64,69,79,81,87,89,95,97" /><INIT seed="6,1,1,5,2,24" ten="232,305,243,210" oya="2" hai0="28,47,85,91,90,18,107,0,20,19,79,65,12" hai1="1,75,8,15,39,2,64,76,61,21,112,98,38" hai2="128,59,109,5,110,34,26,53,29,25,13,67,58" hai3="114,83,55,125,124,17,71,72,57,134,49,30,4"/><V89/><F128/><W33/><G71/><T113/><D107/><U93/><E112/><V63/><F89/><W10/><G114/><T103/><D0/><U131/><E131/><V129/><F129/><W92/><G134/><T51/><D113/><U73/><E2/><V121/><F121/><W101/><G17/><T120/><D120/><U130/><E1/><V52/><F26/><N who="3" m="18647" /><G101/><T122/><D65/><U94/><E21/><V119/><F119/><W44/><G92/><T11/><D103/><U42/><E94/><V132/><F132/><W50/><G83/><N who="0" m="47359" /><D122/><U16/><E130/><V69/><F69/><W81/><G81/><T80/><D80/><U126/><E76/><V14/><F67/><W74/><G4/><T45/><D28/><U99/><E99/><V37/><F37/><W135/><G10/><T104/><D104/><U95/><E95/><V127/><F127/><N who="3" m="48715" /><G135/><T68/><D68/><N who="1" m="41999" /><E126/><V102/><F102/><W118/><G118/><T97/><D97/><U111/><E93/><V6/><F6/><W86/><G86/><T23/><D11/><U77/><E98/><V133/><F133/><W7/><G7/><T70/><D70/><U56/><E8/><V105/><F105/><W96/><G96/><T88/><D51/><U115/><E38/><V66/><F5/><W35/><G35/><T43/><D43/><AGARI ba="1,1" hai="43,44,49,50,55,57,72,74" m="48715,18647" machi="43" ten="30,2000,0" yaku="18,1,52,1" doraHai="24" who="3" fromWho="0" sc="232,-23,305,0,243,0,210,33" /><INIT seed="7,0,0,5,4,2" ten="209,305,243,243" oya="3" hai0="122,121,126,29,131,49,76,120,96,135,108,48,87" hai1="127,114,26,132,110,12,18,72,30,107,85,99,134" hai2="73,31,11,54,23,9,38,61,117,56,129,42,53" hai3="78,22,28,45,3,1,7,115,77,55,14,101,19"/><W59/><G115/><T105/><D29/><U41/><E72/><V35/><F35/><W34/><G101/><N who="0" m="62631" /><D48/><U109/><E114/><V66/><F73/><W95/><G95/><T24/><D49/><U82/><E41/><V83/><F117/><W46/><G46/><T33/><D24/><U0/><E0/><V43/><F83/><W5/><G45/><T130/><D33/><N who="1" m="20695" /><E99/><V86/><F129/><N who="0" m="49162" /><D108/><U4/><E107/><V51/><F86/><W90/><G34/><T6/><D6/><U124/><E4/><V44/><F54/><W36/><G36/><T103/><D103/><U64/><E64/><V116/><F116/><W58/><G28/><T88/><D135/><N who="1" m="51755" /><E109/><V25/><F43/><W79/><G1/><T89/><D126/><U47/><E47/><AGARI ba="0,0" hai="9,11,23,25,31,38,42,44,47,51,53,56,61,66" machi="47" ten="30,1000,0" yaku="7,1" doraHai="2" who="2" fromWho="1" sc="209,0,305,-10,243,10,243,0" /><INIT seed="8,0,0,1,4,92" ten="209,295,253,243" oya="0" hai0="80,125,132,91,94,118,1,3,124,18,15,69,62" hai1="102,49,31,76,38,57,135,0,20,85,9,107,60" hai2="70,66,39,77,106,35,130,78,2,21,40,24,101" hai3="30,50,90,110,64,10,43,6,27,134,103,72,37"/><T93/><D118/><U100/><E38/><V99/><F130/><W45/><G110/><T25/><D25/><N who="1" m="16807" /><E0/><V58/><F2/><N who="0" m="522" /><D132/><U89/><E107/><V63/><F58/><W48/><G134/><T109/><D109/><U104/><E104/><V97/><F21/><W4/><G72/><T119/><D119/><U51/><E9/><V131/><F131/><W13/><G103/><N who="1" m="39466" /><E76/><V120/><F120/><W47/><G4/><T128/><D128/><U53/><E135/><V114/><F114/><W65/><G90/><T105/><D105/><U19/><E19/><V74/><F97/><W108/><G108/><T46/><D46/><U33/><E33/><V75/><F78/><W55/><REACH who="3" step="1"/><G37/><REACH who="3" ten="209,295,253,233" step="2"/><T56/><D69/><U22/><E22/><AGARI ba="0,1" hai="6,10,13,22,27,30,43,45,47,48,50,55,64,65" machi="22" ten="30,7700,0" yaku="1,1,2,1,7,1,8,1,53,0" doraHai="92" doraHaiUra="115" who="3" fromWho="1" sc="209,0,295,-77,253,0,233,87" owari="209,-29.1,218,-18.2,253,5.3,320,42.0" /></mjloggm>