<mjloggm ver="2.3"><GO type="169" lobby="0"/><UN n0="%E7%BD%AA%E5%88%91%E6%B3%95%E5%AE%9A%E4%B8%BB%E7%BE%A9" n1="%E3%80%90%E3%83%A1%E3%82%BF%E3%83%A9%E3%83%BC%E3%80%91" n2="%E3%82%80%E3%81%97%E6%AD%AF" n3="%E3%82%82%E3%81%BF%E3%81%95%E3%81%92" dan="17,17,17,16" rate="2239.42,2124.59,2138.36,2142.91" sx="M,M,M,M"/><TAIKYOKU oya="0"/><INIT seed="0,0,0,0,3,98" ten="250,250,250,250" oya="0" hai0="106,89,130,29,30,56,73,108,114,25,86,20,43" hai1="47,70,127,55,85,110,105,59,91,119,5,61,45" hai2="12,77,21,23,58,48,88,116,50,83,120,27,11" hai3="97,107,69,13,49,126,103,22,131,16,6,82,113"/><T122/><D114/><U37/><E119/><V35/><F120/><W93/><G113/><T10/><D122/><U101/><E110/><V2/><F2/><W3/><G126/><T71/><D71/><U19/><E127/><V125/><F125/><W100/><G131/><T52/><D73/><U134/><E134/><V65/><F116/><W117/><G117/><T84/><D130/><U42/><E5/><V94/><F35/><W53/><G69/><T102/><D43/><U80/><E47/><V41/><F65/><W75/><G6/><T51/><D108/><U67/><E19/><V26/><F41/><W76/><G3/><T87/><D30/><U62/><REACH who="1" step="1"/><E105/><REACH who="1" ten="250,240,250,250" step="2"/><V95/><F12/><W81/><G107/><T38/><D38/><U133/><E133/><V1/><F1/><W64/><G64/><T4/><D106/><U112/><E112/><V9/><F27/><W72/><G82/><T115/><D115/><U15/><E15/><V135/><F26/><W66/><G66/><T36/><D36/><U109/><E109/><V90/><F135/><W34/><G34/><T0/><REACH who="0" step="1"/><D102/><AGARI ba="0,1" hai="37,42,45,55,59,61,62,67,70,80,85,91,101,102" machi="102" ten="40,5200,0" yaku="1,1,52,2,53,0" doraHai="98" doraHaiUra="32" who="1" fromWho="0" sc="250,-52,240,62,250,0,250,0" /><INIT seed="1,0,0,5,4,119" ten="198,302,250,250" oya="1" hai0="121,61,90,60,54,76,132,64,108,107,71,130,89" hai1="5,65,100,134,113,91,38,25,36,26,111,0,124" hai2="103,135,30,69,86,3,47,98,84,24,48,52,70" hai3="21,80,8,97,58,50,39,94,95,125,1,85,102"/><U57/><E113/><V68/><F135/><W14/><G125/><T131/><D107/><U43/><E124/><V15/><F15/><W106/><G39/><T75/><D132/><U49/><E134/><V41/><F3/><W96/><G1/><T40/><D108/><U32/><E100/><V66/><F41/><W99/><G21/><T33/><D33/><U45/><E32/><V20/><REACH who="2" step="1"/><F66/><REACH who="2" ten="198,302,240,250" step="2"/><W115/><G14/><T92/><D40/><U105/><E0/><V81/><F81/><W4/><G80/><T133/><D133/><U29/><E65/><V18/><F18/><W104/><G4/><T27/><D64/><U117/><E5/><V101/><F101/><W12/><G12/><T34/><D131/><U73/><E43/><V10/><F10/><W114/><G8/><T2/><D2/><U122/><E26/><V127/><F127/><W77/><G102/><T6/><D27/><U44/><E25/><V110/><F110/><W22/><G115/><T11/><D6/><U87/><E111/><V72/><F72/><W123/><G114/><T67/><D75/><U23/><E73/><V13/><F13/><W59/><G123/><T120/><D120/><U129/><E122/><V7/><F7/><W55/><G55/><T109/><D67/><U56/><E129/><V78/><F78/><W46/><G77/><T88/><D76/><U112/><E112/><V19/><F19/><W53/><G53/><T31/><D54/><U79/><E29/><V35/><F35/><W63/><G22/><T118/><D121/><U37/><E79/><V74/><F74/><RYUUKYOKU ba="0,1" sc="198,-10,302,-10,240,30,250,-10" hai2="20,24,30,47,48,52,68,69,70,84,86,98,103" /><INIT seed="2,1,1,5,5,43" ten="188,292,270,240" oya="2" hai0="62,49,30,108,11,17,57,55,38,125,32,19,80" hai1="41,50,117,134,92,124,48,121,93,18,26,116,22" hai2="128,129,34,99,114,52,58,39,51,63,111,23,95" hai3="12,127,119,83,37,56,81,113,91,98,109,73,66"/><V97/><F34/><W105/><G119/><T70/><D108/><U89/><E124/><V106/><F114/><W42/><G113/><T27/><D125/><U14/><E134/><V47/><F111/><W69/><G69/><T35/><D35/><U72/><E72/><V40/><F106/><W60/><G73/><T4/><D38/><U13/><E121/><V0/><F0/><W118/><G118/><T122/><D122/><U84/><E117/><V28/><F28/><W71/><G109/><T75/><D70/><U90/><E116/><V24/><F23/><W102/><G127/><T54/><D80/><U130/><E130/><N who="2" m="50283" /><F24/><W10/><G71/><T87/><D87/><U2/><E2/><V120/><F120/><W64/><G64/><T104/><D104/><U135/><E135/><V77/><F77/><W74/><G74/><T25/><D25/><U9/><E41/><V133/><F133/><W29/><G29/><T96/><D96/><N who="2" m="36938" /><F95/><W61/><G61/><AGARI ba="1,1" hai="39,40,47,51,52,58,61,63" m="36938,50283" machi="61" ten="30,5800,0" yaku="19,1,52,1,54,1" doraHai="43" who="2" fromWho="3" sc="188,0,292,0,270,71,240,-61" /><INIT seed="2,2,0,5,5,38" ten="188,292,341,179" oya="2" hai0="134,14,4,39,81,121,97,31,64,33,56,92,98" hai1="5,41,21,65,116,67,52,106,26,57,42,16,125" hai2="124,73,63,32,82,66,3,80,128,95,85,109,44" hai3="40,115,133,90,15,59,83,118,2,0,8,37,17"/><V22/><F32/><W48/><G118/><T61/><D121/><U86/><E106/><V127/><F3/><W24/><G133/><T129/><D134/><U123/><E125/><V75/><F128/><W53/><G115/><T96/><D129/><U100/><E116/><V105/><F105/><W11/><G24/><T19/><D39/><U99/><E5/><V43/><F109/><W130/><G130/><T74/><D4/><U101/><E86/><V69/><F22/><W54/><G54/><T110/><D110/><U72/><E72/><V35/><F35/><W94/><G83/><T6/><D6/><U113/><E113/><V50/><F95/><W132/><G132/><T91/><D31/><U7/><E7/><V47/><F47/><W107/><G107/><T60/><D33/><U46/><E46/><V25/><F25/><W120/><G120/><T114/><D114/><U119/><E123/><V76/><REACH who="2" step="1"/><F73/><REACH who="2" ten="188,292,331,179" step="2"/><W58/><G0/><T112/><D112/><U135/><E135/><V117/><F117/><W29/><G2/><T104/><D104/><U45/><E45/><V12/><F12/><W10/><G15/><T131/><D131/><U102/><E119/><V87/><F87/><W89/><G94/><T71/><D74/><U1/><E1/><V77/><AGARI ba="2,1" hai="43,44,50,63,66,69,75,76,77,80,82,85,124,127" machi="77" ten="30,6000,0" yaku="1,1,0,1,52,1,53,0" doraHai="38" doraHaiUra="34" who="2" fromWho="2" sc="188,-22,292,-22,331,76,179,-22" /><INIT seed="2,3,0,5,1,14" ten="166,270,407,157" oya="2" hai0="16,38,53,79,135,93,67,8,54,87,60,88,3" hai1="59,37,33,125,49,41,34,131,85,35,71,118,13" hai2="132,20,105,115,50,119,92,110,48,42,58,24,73" hai3="77,122,80,28,123,0,112,84,96,21,15,44,76"/><V89/><F115/><W40/><G112/><T129/><D38/><U95/><E118/><V31/><F119/><W9/><G0/><T113/><D113/><U4/><E71/><V22/><F105/><W2/><G2/><T114/><D114/><U102/><E125/><V133/><F73/><W56/><G77/><T47/><D135/><N who="2" m="51786" /><F110/><W10/><G56/><N who="0" m="37255" /><D3/><U98/><E37/><V26/><F58/><W11/><G96/><T55/><D129/><U30/><E131/><V127/><F42/><W57/><G57/><T72/><D72/><U90/><E30/><N who="2" m="17671" /><F127/><W43/><G43/><T1/><D1/><U120/><E120/><V51/><F51/><W121/><G28/><T108/><D108/><U106/><E41/><V81/><F81/><W100/><G100/><T78/><D47/><U5/><REACH who="1" step="1"/><E13/><AGARI ba="3,0" hai="8,13,16,53,54,55,78,79,87,88,93" m="37255" machi="13" ten="30,7700,0" yaku="8,1,52,1,54,2" doraHai="14" who="0" fromWho="1" sc="166,86,270,-86,407,0,157,0" /><INIT seed="3,0,0,2,0,91" ten="252,184,407,157" oya="3" hai0="0,33,101,17,112,12,9,72,76,50,126,42,10" hai1="130,116,117,104,47,52,122,11,106,110,21,105,119" hai2="8,1,80,39,107,19,29,58,2,70,109,62,77" hai3="61,85,134,56,18,103,67,66,22,7,36,59,13"/><W132/><G36/><T123/><D123/><U30/><E122/><V68/><F109/><W73/><G73/><T97/><D33/><U98/><E110/><V92/><F107/><W44/><G44/><T81/><D126/><U38/><E38/><V14/><F39/><W74/><G74/><T133/><D133/><N who="3" m="51305" /><G103/><T96/><D112/><U26/><E130/><V37/><F37/><W71/><G66/><T120/><D120/><U129/><E129/><V79/><F29/><W89/><G7/><T20/><D97/><U16/><E11/><V128/><F128/><W121/><G121/><T82/><D82/><AGARI ba="0,0" hai="13,18,22,56,59,61,67,71,82,85,89" m="51305" machi="82" ten="30,1500,0" yaku="20,1" doraHai="91" who="3" fromWho="0" sc="252,-15,184,0,407,0,157,15" /><INIT seed="3,1,0,5,5,106" ten="237,184,407,172" oya="3" hai0="24,31,100,92,15,38,59,132,50,22,111,25,37" hai1="82,10,88,70,85,58,95,26,62,53,5,56,120" hai2="72,135,116,11,101,89,65,8,97,115,130,32,51" hai3="94,98,118,99,102,134,90,107,43,75,55,123,39"/><W52/><G123/><T7/><D111/><U14/><E120/><V68/><F32/><W3/><G118/><T35/><D132/><U47/><E70/><V126/><F116/><W128/><G3/><T66/><D15/><U20/><E58/><V93/><F115/><W119/><G119/><T67/><D7/><U105/><E105/><V78/><F68/><W30/><G30/><T33/><D67/><U41/><E41/><V6/><F65/><W9/><G9/><T60/><D50/><U83/><REACH who="1" step="1"/><E47/><REACH who="1" ten="237,174,407,172" step="2"/><V86/><F135/><W1/><G43/><T74/><D59/><U81/><E81/><N who="2" m="45255" /><F126/><W80/><G134/><T131/><D131/><U110/><E110/><V23/><F130/><W40/><G128/><T36/><D66/><U42/><E42/><V124/><F124/><W34/><G40/><T2/><D38/><U12/><E12/><V108/><F108/><W104/><G39/><T87/><D37/><U64/><E64/><V0/><F0/><W21/><G1/><T45/><D45/><U17/><AGARI ba="1,1" hai="5,10,14,17,20,26,53,56,62,82,83,85,88,95" machi="17" ten="20,12000,2" yaku="1,1,0,1,7,1,8,1,54,1,53,1" doraHai="106" doraHaiUra="16" who="1" fromWho="1" sc="237,-31,174,133,407,-31,172,-61" /><INIT seed="4,0,0,3,5,47" ten="206,307,376,111" oya="0" hai0="120,41,109,66,61,96,40,33,131,71,121,125,94" hai1="132,9,21,83,65,98,72,45,43,85,90,32,13" hai2="88,54,6,63,10,22,102,101,24,103,80,11,59" hai3="64,110,35,114,25,127,14,15,78,115,26,128,60"/><T116/><D116/><U100/><E132/><V68/><F68/><W93/><G110/><T1/><D1/><U34/><E21/><V122/><F122/><W112/><G127/><T107/><D107/><U99/><E65/><V2/><F11/><W67/><G128/><T37/><D33/><U97/><E100/><V29/><F80/><W36/><G36/><T19/><D131/><U134/><E72/><V70/><F70/><W106/><G106/><T48/><D125/><U4/><REACH who="1" step="1"/><E134/><REACH who="1" ten="206,297,376,111" step="2"/><V44/><F103/><W51/><G64/><T17/><D109/><U12/><E12/><V38/><F102/><W3/><G14/><T124/><D124/><U81/><E81/><V73/><F101/><W18/><G15/><T91/><D121/><U46/><E46/><V105/><F73/><W53/><G67/><T108/><D108/><U113/><E113/><V75/><F75/><W42/><G115/><T117/><D120/><U123/><E123/><V118/><F118/><W129/><G114/><T27/><D117/><U89/><E89/><V7/><F88/><W5/><G112/><T50/><D37/><AGARI ba="0,1" hai="4,9,13,32,34,37,43,45,83,85,90,97,98,99" machi="37" ten="40,2600,0" yaku="1,1,53,1" doraHai="47" doraHaiUra="86" who="1" fromWho="0" sc="206,-26,297,36,376,0,111,0" /><INIT seed="5,0,0,4,4,126" ten="180,333,376,111" oya="1" hai0="61,87,128,71,121,59,120,0,113,99,84,18,111" hai1="95,54,125,103,50,131,77,81,16,89,56,76,2" hai2="46,40,44,66,106,112,20,122,130,10,41,23,127" hai3="1,107,110,102,6,83,133,5,52,8,96,30,101"/><U119/><E119/><V22/><F122/><N who="0" m="47210" /><D111/><U7/><E125/><V42/><F127/><W26/><G110/><T105/><D71/><U12/><E2/><V67/><F106/><W55/><G133/><T92/><D105/><U32/><E32/><V114/><F10/><W36/><G36/><T64/><D0/><U132/><E132/><V135/><F135/><W58/><G5/><T73/><D73/><U118/><E7/><V17/><F17/><W78/><G102/><N who="0" m="60775" /><D113/><N who="2" m="43626" /><F130/><W11/><G11/><T86/><D18/><U85/><E131/><AGARI ba="0,0" hai="59,61,64,84,86,87,128,131" m="60775,47210" machi="131" ten="40,5200,0" yaku="13,1,52,2" doraHai="126" who="0" fromWho="1" sc="180,52,333,-52,376,0,111,0" /><INIT seed="6,0,0,0,4,81" ten="232,281,376,111" oya="2" hai0="34,65,135,100,74,30,90,93,38,125,128,18,132" hai1="102,35,127,112,2,42,89,92,25,53,50,68,19" hai2="23,10,88,28,126,46,24,106,82,5,70,54,110" hai3="52,95,85,79,8,71,121,131,41,98,78,32,55"/><V26/><F70/><W87/><G121/><T107/><D38/><U124/><E68/><V116/><F116/><W91/><G32/><T37/><D37/><U45/><E2/><V29/><F106/><W118/><G118/><T22/><D65/><U72/><E72/><V14/><F126/><N who="1" m="48169" /><E112/><V3/><F110/><W44/><G71/><T15/><D125/><U69/><E69/><V58/><F46/><W57/><G8/><T123/><D74/><U119/><E119/><V47/><F47/><W40/><G131/><T60/><D128/><U73/><E73/><V120/><F120/><W48/><G55/><T61/><D123/><U36/><E102/><V96/><F3/><W76/><REACH who="3" step="1"/><G40/><REACH who="3" ten="232,281,376,101" step="2"/><T113/><D34/><U105/><E53/><V133/><F54/><W103/><G103/><T129/><D129/><U99/><E35/><V13/><F10/><W31/><G31/><T12/><D100/><U77/><E42/><V56/><F29/><W6/><G6/><T66/><D30/><U39/><E19/><V43/><F43/><W20/><G20/><T122/><D122/><U21/><E21/><V86/><F23/><W59/><G59/><T80/><D22/><U114/><E36/><AGARI ba="0,1" hai="36,41,44,48,52,57,76,78,79,85,87,91,95,98" machi="36" ten="40,8000,1" yaku="1,1,52,2,54,1,53,1" doraHai="81" doraHaiUra="51" who="3" fromWho="1" sc="232,0,281,-80,376,0,101,90" /><INIT seed="7,0,0,3,3,4" ten="232,201,376,191" oya="3" hai0="35,43,84,127,16,60,98,133,46,28,89,113,125" hai1="129,87,108,54,7,91,74,80,41,37,114,14,71" hai2="17,117,57,20,45,72,51,111,61,69,86,31,59" hai3="103,123,3,97,39,92,58,67,32,130,53,106,38"/><W75/><G123/><T83/><D133/><U96/><E108/><V12/><F111/><W110/><G110/><T64/><D113/><U42/><E71/><V19/><F72/><W115/><G115/><T2/><D2/><U21/><E114/><V124/><F117/><W107/><G75/><T27/><D16/><N who="1" m="10391" /><E37/><V79/><F124/><N who="0" m="47690" /><D98/><U65/><E65/><V85/><F31/><W126/><G126/><T135/><D135/><U0/><E0/><V95/><F69/><W112/><G112/><T81/><D60/><U62/><E74/><V90/><F19/><W30/><G3/><T5/><D5/><U119/><E129/><V49/><F57/><W40/><G67/><T105/><D105/><U134/><E7/><V94/><F45/><W11/><G130/><T118/><D64/><U44/><E119/><V34/><F34/><W15/><G32/><T13/><D13/><U78/><E44/><V77/><F51/><W122/><G122/><T116/><D83/><U1/><E1/><V70/><F49/><AGARI ba="0,0" hai="27,28,35,43,46,49,81,84,89,116,118" m="47690" machi="49" ten="30,1000,0" yaku="18,1" doraHai="4" who="0" fromWho="2" sc="232,10,201,0,376,-10,191,0" owari="242,4.2,201,-19.9,366,46.6,191,-30.9" /></mjloggm>