<mjloggm ver="2.3"><GO type="169" lobby="0"/><UN n0="%E3%81%82%E3%81%A3%E3%81%8D%EF%BD%9E%E2%99%AA" n1="%E3%83%A9%E3%83%9E%E3%83%BC%E7%9A%87%E5%AD%90" n2="%E7%8C%AA%E7%8B%A9%E5%AE%88" n3="%E5%B7%B4%E5%A0%82" dan="16,19,17,16" rate="2087.72,2274.36,2184.26,2047.20" sx="M,M,M,M"/><TAIKYOKU oya="0"/><INIT seed="0,0,0,1,3,54" ten="250,250,250,250" oya="0" hai0="10,103,69,42,0,74,16,4,85,122,21,28,3" hai1="2,125,97,91,11,96,44,123,109,51,61,8,87" hai2="118,76,57,105,25,73,59,30,60,134,32,111,64" hai3="18,12,114,1,124,71,20,81,56,47,120,89,86"/><T94/><D122/><U40/><E123/><V107/><F111/><W27/><G124/><T31/><D0/><U75/><E75/><V82/><F134/><W22/><G114/><T68/><D74/><U14/><E109/><V100/><F118/><W131/><G71/><T78/><D42/><U90/><E125/><V95/><F95/><W79/><G131/><T72/><D72/><U53/><E2/><V19/><F19/><W38/><G1/><T132/><D132/><U104/><E11/><V9/><F9/><W77/><G120/><T117/><D117/><U46/><E104/><V7/><F7/><W17/><G38/><T62/><D78/><U102/><E102/><V112/><F112/><W98/><G47/><T130/><D130/><U129/><E91/><V45/><F45/><W36/><G36/><T24/><D62/><U93/><E129/><V33/><F33/><W121/><G121/><T26/><D31/><U80/><E93/><V34/><F34/><W39/><G39/><T63/><D63/><U101/><E101/><V126/><F126/><W110/><G110/><T13/><D26/><U113/><E113/><V48/><F48/><W66/><G98/><T135/><D135/><U84/><E84/><V58/><REACH who="2" step="1"/><F100/><REACH who="2" ten="250,250,240,250" step="2"/><W43/><G43/><T49/><D49/><N who="1" m="26759" /><E61/><AGARI ba="0,1" hai="12,17,18,20,22,27,56,61,66,77,79,81,86,89" machi="61" ten="40,2600,0" yaku="8,1,52,1" doraHai="54" who="3" fromWho="1" sc="250,0,250,-26,240,0,250,36" /><INIT seed="1,0,0,5,4,105" ten="250,224,240,286" oya="1" hai0="114,31,61,58,124,75,51,47,128,54,76,57,109" hai1="96,32,24,91,133,56,82,95,98,4,6,87,25" hai2="100,30,107,134,19,5,46,42,125,67,22,13,34" hai3="1,45,132,14,23,93,35,106,27,71,102,74,29"/><U64/><E133/><V135/><F125/><W131/><G131/><T118/><D124/><U70/><E70/><V0/><F67/><W33/><G132/><T16/><D128/><U55/><E64/><V80/><F100/><W78/><G93/><T123/><D109/><U112/><E98/><V50/><F107/><W41/><G14/><T111/><D111/><U84/><E84/><V90/><F90/><W120/><G23/><T40/><D114/><U126/><E112/><V17/><F17/><W12/><G12/><T122/><D31/><U68/><E68/><V44/><F46/><W108/><G120/><T65/><D118/><U53/><E53/><V63/><F80/><W60/><G33/><T7/><D7/><U48/><E126/><V37/><F63/><W43/><G43/><T3/><D3/><U26/><REACH who="1" step="1"/><E32/><REACH who="1" ten="250,214,240,286" step="2"/><V36/><F134/><W117/><G108/><T115/><D115/><U20/><E20/><V59/><F135/><W130/><G130/><T81/><D40/><U94/><E94/><V28/><F34/><W92/><G41/><T127/><D127/><U89/><AGARI ba="0,1" hai="4,6,24,25,26,48,55,56,82,87,89,91,95,96" machi="89" ten="30,6000,0" yaku="1,1,0,1,8,1,53,0" doraHai="105" doraHaiUra="129" who="1" fromWho="1" sc="250,-20,214,70,240,-20,286,-20" /><INIT seed="1,1,0,1,0,96" ten="230,284,220,266" oya="1" hai0="44,58,45,132,94,93,16,25,111,102,14,67,80" hai1="124,108,107,82,89,26,116,2,37,9,129,110,42" hai2="134,53,79,52,76,101,84,121,55,24,65,99,133" hai3="7,57,92,56,60,135,6,71,35,32,106,91,81"/><U98/><E116/><V40/><F121/><W30/><G135/><N who="2" m="51721" /><F65/><W130/><G130/><T29/><D111/><N who="1" m="42539" /><E129/><V90/><F40/><W62/><G106/><T11/><D132/><U51/><E37/><V115/><F115/><W64/><G81/><T0/><D0/><U48/><E42/><V126/><F24/><W119/><G119/><T41/><D80/><U86/><E26/><V39/><F39/><W85/><G71/><T95/><D102/><N who="1" m="62935" /><E124/><V113/><F113/><W78/><G78/><N who="2" m="29737" /><F126/><W28/><G28/><T127/><D127/><U63/><E63/><V15/><F15/><W104/><G104/><T118/><D118/><U36/><E36/><V83/><F99/><W21/><G35/><T68/><D41/><U87/><E87/><V17/><F17/><W20/><G32/><T10/><D68/><U100/><E100/><AGARI ba="1,0" hai="52,53,55,83,84,90,100,101" m="29737,51721" machi="100" ten="40,8000,1" yaku="20,1,52,2,54,1" doraHai="96" who="2" fromWho="1" sc="230,0,284,-83,220,83,266,0" /><INIT seed="2,0,0,3,3,33" ten="230,201,303,266" oya="2" hai0="35,123,69,59,52,61,55,84,45,116,22,17,129" hai1="104,44,125,110,118,7,54,63,101,79,3,81,65" hai2="121,60,1,88,6,16,80,0,2,75,108,46,133" hai3="24,27,128,87,113,36,106,48,40,62,8,15,130"/><V120/><F133/><W49/><G106/><T71/><D123/><U107/><E118/><V13/><F6/><W10/><G113/><T53/><D116/><U41/><E54/><V85/><F75/><W135/><G135/><T57/><D35/><U103/><E110/><V78/><F78/><W32/><G87/><T82/><D45/><U89/><E89/><V58/><F46/><W109/><G109/><T83/><D129/><U94/><E94/><V28/><F28/><W43/><G62/><T98/><D98/><U30/><E30/><V97/><F97/><W38/><G15/><T42/><D42/><U90/><E90/><V102/><F102/><W134/><G134/><T91/><D83/><U31/><E31/><V37/><F37/><W132/><G132/><T12/><REACH who="0" step="1"/><D55/><REACH who="0" ten="220,201,303,266" step="2"/><U64/><E44/><V26/><F108/><W9/><G32/><T39/><D39/><U74/><E41/><N who="3" m="15946" /><G38/><T34/><D34/><U56/><E107/><V100/><F100/><W99/><G99/><T126/><D126/><U127/><E104/><V131/><F131/><N who="3" m="50219" /><G36/><T117/><D117/><U19/><E103/><V47/><F47/><W23/><G23/><T92/><D92/><U119/><E101/><V115/><F115/><W93/><G93/><T96/><D96/><U114/><E119/><V86/><F120/><W11/><N who="3" m="2048" /><DORA hai="25" /><W124/><G124/><T4/><D4/><U76/><E114/><V67/><F121/><W77/><G77/><T112/><D112/><U111/><E79/><V66/><F80/><W73/><G73/><T14/><D14/><U70/><E111/><RYUUKYOKU ba="0,1" sc="220,15,201,-15,303,-15,266,15" hai0="12,17,22,52,53,57,59,61,69,71,82,84,91" hai3="24,27,48,49" /><INIT seed="3,1,1,1,4,23" ten="235,186,288,281" oya="3" hai0="126,76,51,105,133,37,62,87,17,96,38,61,50" hai1="41,28,99,4,125,107,83,8,93,42,85,130,1" hai2="36,128,19,66,7,103,52,6,131,86,5,82,43" hai3="92,46,80,20,77,102,24,59,121,115,114,14,111"/><W118/><G121/><T47/><D133/><U88/><E125/><V110/><F110/><W69/><G69/><T95/><D126/><U112/><E112/><V63/><F103/><W120/><G120/><T94/><D105/><U74/><E130/><N who="2" m="49707" /><F36/><W33/><G118/><T58/><D17/><U97/><E28/><V100/><F100/><W22/><G33/><T104/><D104/><U71/><E71/><V108/><F43/><W45/><G111/><T11/><D11/><U21/><E21/><V60/><F66/><W12/><G59/><T31/><D31/><U40/><REACH who="1" step="1"/><E107/><REACH who="1" ten="235,176,288,281" step="2"/><V64/><F108/><W98/><G115/><T116/><D116/><U132/><E132/><V123/><F123/><W53/><G22/><T127/><D127/><U55/><E55/><V16/><F52/><W26/><G114/><T57/><D62/><N who="2" m="23594" /><F64/><W0/><G53/><T135/><D135/><U73/><E73/><V124/><F124/><W39/><G20/><T129/><D129/><U91/><E91/><AGARI ba="1,2" hai="5,6,7,16,19,82,86,91" m="23594,49707" machi="91" ten="30,2000,0" yaku="19,1,54,1" doraHai="23" who="2" fromWho="1" sc="235,0,176,-23,288,43,281,0" /><INIT seed="4,0,0,2,3,72" ten="235,153,331,281" oya="0" hai0="77,23,42,41,105,122,81,64,40,134,129,48,90" hai1="21,0,102,59,124,84,118,3,76,119,112,9,89" hai2="73,12,19,24,60,68,20,121,127,114,128,69,63" hai3="78,94,58,85,25,91,22,133,53,66,116,67,56"/><T27/><D122/><U14/><E102/><V71/><F121/><W10/><G133/><T88/><D134/><U104/><E104/><V37/><F73/><W49/><G116/><T75/><D129/><U7/><E124/><V82/><F37/><W26/><G10/><T52/><D64/><U54/><E112/><V115/><F127/><W83/><G58/><T95/><D105/><U30/><E3/><V44/><F44/><W126/><G126/><T50/><D95/><U97/><E97/><V39/><F39/><W6/><G6/><T38/><D38/><U34/><E34/><V109/><F109/><W123/><G123/><T62/><D62/><U11/><E30/><N who="2" m="17671" /><F82/><W111/><G26/><T110/><D110/><U99/><E99/><V8/><F128/><W86/><REACH who="3" step="1"/><G111/><REACH who="3" ten="235,153,331,271" step="2"/><T16/><REACH who="0" step="1"/><D50/><REACH who="0" ten="225,153,331,271" step="2"/><U92/><E119/><V47/><F115/><W98/><G98/><T131/><D131/><U108/><E118/><V96/><F96/><W17/><AGARI ba="0,2" hai="17,22,25,49,53,56,66,67,78,83,85,86,91,94" machi="17" ten="20,8000,1" yaku="1,1,0,1,7,1,8,1,52,1,53,0" doraHai="72" doraHaiUra="5" who="3" fromWho="3" sc="225,-40,153,-20,331,-20,271,100" /><INIT seed="5,0,0,4,4,47" ten="185,133,311,371" oya="1" hai0="20,121,96,4,130,57,65,100,120,2,115,25,87" hai1="10,103,17,135,78,38,41,131,0,15,28,44,76" hai2="16,40,34,132,14,81,127,104,77,35,49,101,66" hai3="99,93,79,30,117,125,118,31,91,5,1,71,110"/><U122/><E122/><N who="0" m="47209" /><D115/><U54/><E131/><V86/><F132/><W126/><G71/><T55/><D130/><U67/><E135/><V13/><F127/><W88/><G79/><T18/><D87/><U21/><E67/><V33/><F66/><W51/><G51/><N who="0" m="30975" /><D65/><U60/><E103/><V8/><F104/><W72/><G72/><T36/><D36/><U94/><E94/><V11/><F101/><W95/><G5/><T113/><D113/><U98/><E98/><V74/><F74/><W124/><G1/><T22/><D22/><U29/><E29/><N who="3" m="10762" /><G110/><T61/><D61/><U64/><E54/><V37/><F37/><W56/><G56/><T92/><D4/><U32/><E32/><V62/><F62/><W69/><G69/><T112/><D112/><U108/><E108/><V48/><REACH who="2" step="1"/><F40/><REACH who="2" ten="185,133,301,371" step="2"/><W39/><G39/><T129/><D129/><U123/><E123/><V97/><F97/><AGARI ba="0,1" hai="88,91,93,95,97,99,117,118,124,125,126" m="10762" machi="97" ten="40,2600,0" yaku="18,1,54,1" doraHai="47" who="3" fromWho="2" sc="185,0,133,0,301,-26,371,36" /><INIT seed="6,0,0,0,2,39" ten="185,133,275,407" oya="2" hai0="67,107,74,24,49,114,55,121,71,6,26,28,77" hai1="53,127,58,31,33,52,112,27,57,69,78,92,42" hai2="45,89,62,87,25,122,72,1,40,76,82,70,129" hai3="2,63,132,105,94,83,9,134,111,36,41,35,116"/><V20/><F122/><W75/><G111/><T97/><D121/><U32/><E69/><V103/><F1/><W95/><G105/><T48/><D114/><U54/><E112/><V4/><F4/><N who="3" m="1175" /><G63/><T34/><D67/><U19/><E127/><V100/><F129/><W56/><G56/><T126/><D71/><U16/><E33/><V88/><F100/><W38/><G35/><T106/><D126/><U125/><E125/><V68/><F103/><W0/><G0/><T21/><D6/><U8/><E78/><V66/><F87/><W96/><G96/><T15/><D15/><U86/><E42/><V43/><F40/><W60/><G60/><T110/><D110/><U84/><E86/><V108/><F108/><W14/><G14/><T51/><D97/><U133/><E133/><N who="3" m="51306" /><G38/><T81/><REACH who="0" step="1"/><D55/><REACH who="0" ten="175,133,275,407" step="2"/><U101/><E8/><V109/><F109/><W79/><G116/><T73/><D73/><U61/><E101/><V7/><F7/><W46/><AGARI ba="0,1" hai="36,41,46,75,79,83,94,95" m="51306,1175" machi="46" ten="30,4000,0" yaku="25,1,20,1,52,1" doraHai="39" who="3" fromWho="3" sc="175,-10,133,-10,275,-20,407,50" /><INIT seed="7,0,0,2,5,14" ten="165,123,255,457" oya="3" hai0="52,1,20,19,41,72,17,54,27,43,134,55,92" hai1="115,24,37,12,116,42,40,117,32,112,70,118,126" hai2="61,5,29,15,57,108,36,45,38,50,110,22,97" hai3="103,0,71,53,78,122,73,128,76,49,123,127,130"/><W100/><G71/><T35/><D134/><U63/><E32/><V23/><F36/><W67/><G67/><T84/><D72/><U79/><E24/><V81/><F38/><W95/><G0/><T46/><D35/><U113/><E79/><V11/><F29/><W131/><G73/><T51/><D1/><U98/><E126/><V58/><F58/><W77/><G127/><T107/><D107/><U91/><E37/><V26/><F26/><W6/><G6/><T59/><D41/><N who="1" m="15979" /><E98/><V87/><F97/><N who="3" m="59455" /><G103/><T2/><D2/><U105/><E105/><V9/><F9/><W109/><G109/><T65/><D65/><N who="1" m="41279" /><E12/><V13/><F13/><W7/><G7/><T121/><D121/><U114/><N who="1" m="28672" /><DORA hai="25" /><U132/><E91/><V86/><F110/><W125/><G125/><T69/><D69/><U75/><E75/><V124/><F108/><W90/><G90/><N who="0" m="53319" /><D59/><AGARI ba="0,0" hai="49,53,59,76,77,78,122,123,128,130,131" m="59455" machi="59" ten="40,2000,0" yaku="19,1" doraHai="14,25" who="3" fromWho="0" sc="165,-20,123,0,255,0,457,20" owari="145,-25.5,123,-37.7,255,5.5,477,57.7" /></mjloggm>