<mjloggm ver="2.3"><GO type="169" lobby="0"/><UN n0="%E3%83%AF%E3%82%BF%E3%82%B7%E3%81%8C%E9%A3%9B%E3%82%93%E3%81%A0%E6%97%A5" n1="%E3%83%A4%E3%83%9E%E3%83%80%E3%81%95%E3%82%93" n2="%E3%80%8E%E3%83%A8%E3%82%B9%E3%82%AC%E3%83%8E%E3%82%BD%E3%83%A9%E3%80%8F" n3="%E4%B9%9D%E7%B4%8B%E9%BE%8D%E5%8F%B2%E9%80%B2" dan="16,17,17,19" rate="2130.51,2113.51,2140.51,2298.86" sx="M,M,M,M"/><TAIKYOKU oya="0"/><INIT seed="0,0,0,1,2,27" ten="250,250,250,250" oya="0" hai0="54,75,20,117,87,99,90,80,81,108,113,98,23" hai1="94,101,34,65,71,45,22,62,85,30,112,5,67" hai2="131,47,53,123,60,16,40,106,76,56,127,12,88" hai3="72,14,68,59,111,83,46,13,35,126,84,74,41"/><T2/><D2/><U115/><E34/><V116/><F123/><W0/><G68/><T105/><D117/><U44/><E5/><V17/><F116/><W49/><G0/><T18/><D113/><N who="1" m="43595" /><E65/><V51/><F131/><W91/><G111/><T103/><D108/><U69/><E69/><V133/><F127/><W135/><G126/><T32/><D32/><U9/><E9/><V122/><F122/><W43/><G135/><T79/><D98/><N who="1" m="59607" /><E85/><V33/><F33/><W11/><G35/><T78/><D54/><U55/><E55/><V129/><F129/><W73/><G59/><T36/><D36/><U28/><E22/><V19/><F106/><W64/><G64/><T15/><D78/><U50/><E50/><V7/><F133/><W29/><G43/><T102/><D102/><U132/><E132/><V8/><F76/><W63/><G63/><T24/><D24/><U92/><E92/><V4/><F7/><W100/><G100/><T128/><D128/><U95/><E95/><V109/><F109/><W42/><G42/><T82/><D82/><U6/><E6/><V21/><REACH who="2" step="1"/><F88/><REACH who="2" ten="250,250,240,250" step="2"/><W96/><G96/><T10/><AGARI ba="0,1" hai="10,15,18,20,23,75,79,80,81,87,90,99,103,105" machi="10" ten="20,2100,0" yaku="0,1,7,1" doraHai="27" who="0" fromWho="0" sc="250,31,250,-7,240,-7,250,-7" /><INIT seed="0,1,0,1,4,107" ten="281,243,233,243" oya="0" hai0="41,104,100,55,56,19,24,94,59,118,89,0,81" hai1="22,84,13,92,23,34,43,99,114,67,60,111,109" hai2="105,115,17,135,119,65,133,95,50,5,63,37,96" hai3="130,79,51,101,21,29,38,126,125,2,52,14,132"/><T120/><D120/><U33/><E114/><V76/><F37/><W18/><G38/><T68/><D68/><U121/><E43/><V62/><F115/><W53/><G2/><T39/><D118/><U11/><E84/><V30/><F119/><W103/><G132/><N who="2" m="50761" /><F105/><W15/><G130/><T57/><D0/><U40/><E40/><V75/><F5/><W70/><G70/><T44/><D104/><U25/><E33/><V31/><F50/><W90/><G29/><N who="2" m="10761" /><F17/><W27/><G53/><T3/><D3/><U26/><E34/><V47/><F47/><W36/><G36/><T124/><D55/><U4/><E121/><V48/><F48/><W66/><G66/><T12/><D24/><N who="1" m="9323" /><E60/><V74/><F76/><W127/><G79/><T110/><D39/><U112/><E67/><V54/><F54/><W128/><G128/><T83/><D41/><U108/><E112/><V7/><F7/><W61/><G61/><N who="2" m="23049" /><F65/><W71/><G71/><T45/><D19/><U73/><E22/><V87/><F87/><W32/><G32/><T9/><D45/><U82/><E23/><V8/><F8/><W131/><G131/><T102/><D9/><U28/><E28/><V122/><F122/><W86/><G27/><T72/><D44/><U106/><E106/><V91/><AGARI ba="1,0" hai="74,75,91,95,96" m="23049,10761,50761" machi="91" ten="30,4000,0" yaku="20,1,52,2" doraHai="107" who="2" fromWho="2" sc="281,-21,243,-11,233,43,243,-11" /><INIT seed="1,0,0,5,1,36" ten="260,232,276,232" oya="1" hai0="117,130,78,4,48,91,112,131,58,68,118,128,97" hai1="80,82,113,51,61,111,129,3,90,12,60,57,107" hai2="26,123,56,47,25,94,38,135,83,127,28,40,10" hai3="9,134,99,121,29,89,30,95,62,19,13,8,32"/><U37/><E37/><V11/><F123/><W102/><G121/><T43/><D68/><U87/><E3/><V74/><F135/><W93/><G134/><T81/><D112/><U88/><E107/><V46/><F127/><W122/><G122/><T20/><D4/><U5/><E113/><V64/><F94/><W49/><G32/><T76/><D20/><U70/><E129/><V1/><F47/><W17/><G62/><T125/><D125/><U72/><E70/><V6/><F10/><W86/><REACH who="3" step="1"/><G49/><REACH who="3" ten="260,232,276,222" step="2"/><T27/><D117/><U108/><E51/><V54/><F64/><W98/><G98/><T85/><D118/><U35/><E35/><V42/><F28/><W115/><G115/><T92/><D97/><U55/><E60/><V109/><F109/><N who="1" m="42057" /><E72/><V84/><F74/><W65/><G65/><T52/><D48/><U53/><E53/><V104/><F54/><W124/><G124/><T100/><D52/><U39/><E39/><V45/><F38/><W63/><G63/><T16/><D128/><U77/><E82/><V96/><F83/><W15/><AGARI ba="0,1" hai="8,9,13,15,17,19,29,30,86,89,93,95,99,102" machi="15" ten="30,7900,0" yaku="1,1,0,1,9,1,8,1,53,0" doraHai="36" doraHaiUra="73" who="3" fromWho="3" sc="260,-20,232,-39,276,-20,222,89" /><INIT seed="2,0,0,1,2,76" ten="240,193,256,311" oya="2" hai0="54,5,4,119,18,92,16,19,46,27,26,115,63" hai1="20,103,8,101,127,48,60,82,131,74,126,116,50" hai2="40,57,65,6,25,35,105,45,85,21,118,77,29" hai3="78,12,90,43,93,75,23,113,97,34,11,125,37"/><V83/><F118/><W31/><G125/><N who="1" m="47626" /><E8/><V15/><F105/><W132/><G132/><T38/><D119/><U94/><E20/><V112/><F112/><W61/><G113/><T42/><D115/><U123/><E116/><V102/><F102/><W62/><G34/><T89/><D27/><U68/><E131/><V44/><F35/><W84/><G75/><T91/><D26/><U69/><E60/><N who="2" m="38031" /><F40/><W96/><G37/><T99/><D63/><N who="3" m="24073" /><G43/><T79/><D54/><U114/><E114/><V33/><F33/><W14/><G78/><T134/><D134/><U28/><E28/><V129/><F129/><W81/><G93/><T135/><D135/><U72/><E123/><V53/><F53/><W13/><G11/><AGARI ba="0,0" hai="6,11,15,21,25,29,44,45,77,83,85" m="38031" machi="11" ten="30,2900,0" yaku="8,1,52,1" doraHai="76" who="2" fromWho="3" sc="240,0,193,0,256,29,311,-29" /><INIT seed="2,1,0,1,4,47" ten="240,193,285,282" oya="2" hai0="81,125,30,96,110,76,120,29,39,98,82,4,32" hai1="129,43,123,17,38,132,36,103,69,130,133,3,121" hai2="75,71,127,111,7,113,60,57,31,11,84,72,24" hai3="135,104,108,27,73,68,14,40,10,9,101,95,33"/><V105/><F113/><W19/><G73/><T67/><D120/><N who="1" m="46155" /><E17/><V91/><F105/><W20/><G108/><T116/><D39/><N who="1" m="14891" /><E103/><V109/><F71/><W22/><G104/><T46/><D32/><U28/><E28/><V80/><F127/><W52/><G68/><T58/><D125/><U74/><E74/><V106/><F106/><W131/><G40/><T44/><D4/><U70/><E3/><V0/><F75/><W119/><G33/><T85/><D110/><U56/><E43/><V45/><F45/><W12/><G119/><T89/><D29/><U8/><E8/><V25/><F72/><W93/><G101/><T15/><D30/><U59/><E69/><V94/><F25/><W107/><G107/><T1/><D15/><U115/><E70/><V37/><F37/><W99/><G99/><T87/><D116/><U2/><E2/><V77/><F24/><W128/><G19/><T79/><D1/><U126/><E126/><V23/><F31/><W100/><G100/><T53/><D98/><U118/><E118/><V63/><F23/><W62/><G27/><T18/><D18/><U5/><E5/><V66/><F111/><W55/><G135/><N who="1" m="51786" /><E115/><V35/><F35/><W50/><G20/><T65/><D96/><U13/><E13/><V21/><F21/><W6/><G22/><T97/><D97/><U117/><E117/><V88/><F109/><W78/><G6/><T26/><D26/><U34/><E34/><V102/><F102/><W112/><G112/><T42/><D85/><U54/><E56/><N who="2" m="37127" /><F94/><W83/><G95/><T122/><D122/><RYUUKYOKU ba="1,0" sc="240,-15,193,15,285,15,282,-15" hai1="54,59,129,130" hai2="0,7,11,57,63,77,80,84,88,91" /><INIT seed="2,2,0,5,4,88" ten="225,208,300,267" oya="2" hai0="39,102,67,33,17,104,72,36,130,62,97,9,69" hai1="65,99,40,46,75,76,58,35,1,10,8,93,50" hai2="54,115,26,31,106,109,113,114,95,20,118,84,116" hai3="4,91,3,108,25,105,13,101,42,89,132,131,110"/><V92/><F106/><W16/><G131/><T43/><D130/><U37/><E35/><V123/><F123/><W126/><G126/><T79/><D17/><U5/><E8/><V44/><F109/><N who="3" m="42091" /><G132/><T80/><D9/><U23/><E23/><V21/><F21/><N who="3" m="13479" /><G3/><T77/><D43/><U14/><E14/><V94/><REACH who="2" step="1"/><F84/><REACH who="2" ten="225,208,290,267" step="2"/><W68/><G105/><T22/><D22/><U121/><E121/><V12/><F12/><W7/><G13/><T0/><D0/><U59/><E65/><V103/><F103/><W73/><G101/><T86/><D86/><U64/><E64/><V66/><F66/><W45/><G73/><T28/><D77/><U81/><E50/><AGARI ba="2,1" hai="20,26,31,44,50,54,92,94,95,113,114,115,116,118" machi="50" ten="50,12000,1" yaku="1,1,52,3,53,0" doraHai="88" doraHaiUra="56" who="2" fromWho="1" sc="225,0,208,-126,290,136,267,0" /><INIT seed="2,3,0,4,5,1" ten="225,82,426,267" oya="2" hai0="50,129,131,78,35,91,4,109,134,41,38,23,127" hai1="43,31,25,80,125,101,32,104,37,73,62,92,82" hai2="64,21,86,87,40,98,17,115,79,57,3,5,112" hai3="47,27,9,42,68,118,66,114,14,113,99,2,7"/><V108/><F108/><W12/><G118/><T44/><D35/><U130/><E92/><V15/><F40/><W69/><G27/><T56/><D78/><U48/><E125/><V100/><F64/><W59/><G59/><T53/><D91/><U96/><E130/><N who="0" m="49673" /><D23/><U89/><E89/><V110/><F110/><W94/><G14/><T16/><D109/><U49/><E37/><V19/><F57/><W71/><G2/><T10/><D16/><U121/><E121/><V106/><F19/><W26/><G26/><T74/><D74/><U97/><E97/><V76/><F76/><W70/><G66/><T107/><D107/><U52/><E73/><V128/><F128/><W22/><G22/><T20/><D20/><U65/><E43/><V132/><F132/><W58/><G58/><T133/><D127/><U75/><E75/><V13/><F3/><AGARI ba="3,0" hai="3,4,10,38,41,44,50,53,56,133,134" m="49673" machi="3" ten="30,2000,0" yaku="19,1,52,1" doraHai="1" who="0" fromWho="2" sc="225,29,82,0,426,-29,267,0" /><INIT seed="3,0,0,4,2,114" ten="254,82,397,267" oya="3" hai0="18,21,58,72,20,84,88,56,51,113,68,74,83" hai1="122,52,94,120,0,28,108,112,80,64,13,134,29" hai2="35,81,37,126,60,1,50,95,45,65,10,90,85" hai3="86,93,130,57,36,75,24,99,38,116,14,9,25"/><W104/><G75/><T31/><D68/><U89/><E0/><V128/><F35/><W48/><G104/><T30/><D72/><U39/><E39/><V91/><F37/><W7/><G130/><T53/><D113/><U4/><E112/><V71/><F128/><W16/><G86/><T49/><D74/><U125/><E64/><V42/><F126/><W63/><G48/><T117/><D117/><U54/><E80/><V62/><F62/><W79/><G79/><T76/><D76/><U47/><E125/><V32/><F32/><W119/><G36/><T19/><D19/><U23/><E4/><V107/><F107/><W106/><G106/><T77/><D77/><U66/><E66/><V124/><F124/><W11/><G38/><T46/><D21/><U70/><E70/><V121/><F121/><W26/><G57/><T133/><D133/><U40/><E40/><V61/><F61/><W78/><G63/><T43/><REACH who="0" step="1"/><D58/><REACH who="0" ten="244,82,397,267" step="2"/><U105/><E23/><V34/><F34/><W82/><G78/><T33/><D33/><U5/><E134/><V8/><F1/><W111/><G111/><T41/><D41/><U132/><E108/><V17/><F17/><W15/><REACH who="3" step="1"/><G82/><REACH who="3" ten="244,82,397,257" step="2"/><T103/><D103/><AGARI ba="0,2" hai="7,9,11,14,15,16,24,25,26,93,99,103,116,119" machi="103" ten="40,12000,1" yaku="1,1,2,1,52,2,54,1,53,0" doraHai="114" doraHaiUra="102" who="3" fromWho="0" sc="244,-120,82,0,397,0,257,140" /><INIT seed="3,1,0,0,4,55" ten="124,82,397,397" oya="3" hai0="22,31,46,33,86,21,63,112,103,48,126,40,99" hai1="10,96,92,84,53,75,132,101,80,9,49,37,108" hai2="100,119,24,58,5,0,94,13,56,117,59,60,111" hai3="98,42,66,32,85,120,102,17,6,79,1,35,57"/><W23/><G120/><T62/><D33/><U91/><E108/><V61/><F0/><W95/><G42/><T83/><D126/><U88/><E37/><V3/><F3/><W73/><G73/><T118/><D118/><U77/><E132/><V27/><F111/><W11/><G79/><T69/><D112/><U8/><REACH who="1" step="1"/><E75/><REACH who="1" ten="124,72,397,397" step="2"/><V26/><F119/><W72/><G72/><T133/><D133/><U128/><E128/><V81/><F117/><W29/><G85/><T121/><D121/><U28/><E28/><V38/><F38/><W109/><G109/><T129/><D129/><U4/><E4/><V114/><F114/><W15/><REACH who="3" step="1"/><G29/><REACH who="3" ten="124,72,397,387" step="2"/><T68/><D31/><U125/><E125/><V44/><F81/><W76/><G76/><T25/><D83/><U65/><E65/><V7/><F7/><W45/><G45/><AGARI ba="1,2" hai="8,9,10,45,49,53,77,80,84,88,91,92,96,101" machi="45" ten="40,5200,0" yaku="1,1,8,1,54,1,53,0" doraHai="55" doraHaiUra="67" who="1" fromWho="3" sc="124,0,72,75,397,0,387,-55" /><INIT seed="4,0,0,0,2,55" ten="124,147,397,332" oya="0" hai0="72,20,13,29,73,134,25,47,11,22,101,49,74" hai1="77,102,119,81,2,120,37,75,42,123,51,132,98" hai2="39,110,76,44,86,38,0,89,118,15,87,54,26" hai3="61,90,97,96,92,14,124,30,128,63,65,108,78"/><T117/><D117/><U67/><E119/><V104/><F118/><W129/><G108/><T9/><D134/><U85/><E132/><V106/><F0/><W1/><G1/><T60/><D101/><U116/><E116/><V131/><F110/><W5/><G124/><T4/><D9/><U122/><E2/><V28/><F131/><N who="3" m="50251" /><G78/><T105/><D105/><U107/><E51/><V10/><F76/><W111/><G30/><T127/><D127/><U83/><E67/><V95/><F87/><N who="3" m="52319" /><G63/><T91/><D91/><U62/><E62/><V112/><F112/><W133/><G111/><T32/><REACH who="0" step="1"/><D60/><REACH who="0" ten="114,147,397,332" step="2"/><U18/><E107/><V80/><F106/><W99/><G133/><T40/><AGARI ba="0,1" hai="4,11,13,20,22,25,29,32,40,47,49,72,73,74" machi="40" ten="30,6000,0" yaku="1,1,2,1,0,1,53,0" doraHai="55" doraHaiUra="33" who="0" fromWho="0" sc="114,70,147,-20,397,-20,332,-20" /><INIT seed="4,1,0,3,0,44" ten="184,127,377,312" oya="0" hai0="14,73,67,57,90,52,54,112,115,13,130,98,66" hai1="22,97,108,102,48,51,43,40,91,39,83,61,58" hai2="127,129,30,65,99,124,81,34,0,94,128,2,85" hai3="101,35,32,36,45,133,135,114,23,20,113,62,105"/><T19/><D130/><N who="2" m="50282" /><F65/><N who="0" m="24586" /><D73/><U24/><E108/><V75/><F75/><W125/><G62/><T17/><D98/><U4/><E4/><V10/><F30/><W64/><G64/><T12/><D90/><U16/><E39/><V68/><F34/><N who="3" m="12843" /><G101/><T120/><D120/><U28/><E28/><V110/><F110/><W55/><G105/><T103/><D103/><U31/><E31/><V26/><F68/><W18/><G125/><N who="2" m="48201" /><F26/><W77/><G77/><T11/><D11/><U82/><E61/><V111/><F10/><W41/><G55/><N who="0" m="21035" /><D57/><U117/><E58/><V132/><F111/><W131/><G131/><T79/><D79/><U88/><E117/><V104/><F104/><W15/><G20/><T56/><D56/><U37/><E102/><V29/><F94/><W78/><G78/><T5/><D5/><U49/><E37/><V87/><F99/><W106/><G106/><T1/><D1/><U86/><E82/><V74/><F0/><W121/><G121/><T3/><D3/><U76/><E76/><V123/><F2/><W71/><G71/><T59/><D59/><U118/><E118/><V21/><F123/><W84/><G84/><T60/><D60/><U50/><N who="1" m="12288" /><DORA hai="6" /><U8/><E8/><V122/><F122/><W25/><G25/><T119/><D119/><U46/><E46/><V53/><F53/><W27/><G27/><T33/><D33/><U96/><E96/><V95/><F81/><W80/><G80/><T38/><D38/><U89/><E88/><V42/><F74/><W92/><G92/><AGARI ba="1,0" hai="16,22,24,40,43,83,86,89,91,92,97" m="12288" machi="92" ten="50,12000,2" yaku="8,1,52,4,54,1" doraHai="44,6" who="1" fromWho="3" sc="184,0,127,123,377,0,312,-123" /><INIT seed="5,0,0,2,4,133" ten="184,250,377,189" oya="1" hai0="134,72,98,91,77,82,107,14,63,52,81,36,28" hai1="68,70,9,101,13,44,11,129,76,73,78,2,124" hai2="114,117,112,54,99,19,97,128,92,43,132,39,110" hai3="89,120,12,79,58,69,66,100,84,26,15,32,122"/><U33/><E33/><V102/><F110/><W127/><G69/><T25/><D134/><U118/><E118/><V22/><F132/><W131/><G79/><T115/><D115/><N who="2" m="44074" /><F117/><W56/><G100/><T104/><D36/><U30/><E30/><V61/><F128/><W20/><G32/><T62/><D14/><U85/><E101/><V46/><F99/><W95/><G131/><T71/><D63/><U8/><E129/><V111/><F111/><W50/><G127/><T57/><D71/><U130/><E130/><V60/><F54/><N who="3" m="31831" /><G122/><T17/><D17/><U86/><E73/><V47/><F47/><W29/><G120/><T24/><D98/><U87/><E44/><V16/><F19/><W108/><G108/><T27/><REACH who="0" step="1"/><D28/><REACH who="0" ten="174,250,377,189" step="2"/><U109/><E13/><AGARI ba="0,1" hai="13,16,22,39,43,46,60,61,92,97,102" m="44074" machi="13" ten="30,3900,0" yaku="15,1,11,1,54,1" doraHai="133" who="2" fromWho="1" sc="174,0,250,-39,377,49,189,0" /><INIT seed="6,0,0,2,5,99" ten="174,211,426,189" oya="2" hai0="39,123,77,135,64,27,66,124,88,53,14,115,71" hai1="5,127,42,25,24,29,122,126,41,58,31,6,103" hai2="110,56,54,23,105,129,102,35,125,4,45,73,84" hai3="104,119,55,89,67,2,12,86,117,79,40,52,101"/><V3/><F35/><W10/><G2/><T81/><D123/><U18/><E58/><V17/><F73/><W90/><G79/><T48/><D39/><U113/><E122/><V69/><F69/><W20/><G67/><T37/><D37/><U46/><E18/><V114/><F114/><W108/><G40/><T16/><D115/><U83/><E113/><V1/><F129/><W72/><G72/><T97/><D71/><U85/><E103/><V74/><F74/><W19/><G108/><T118/><D124/><N who="1" m="47659" /><E25/><V13/><F17/><W70/><G70/><T8/><D135/><U65/><E65/><V62/><F102/><W44/><G90/><T96/><D118/><U111/><E111/><V63/><F56/><W30/><G119/><T61/><D61/><U87/><E31/><V21/><F63/><W68/><G68/><T50/><D27/><U7/><E83/><V95/><F62/><W38/><G117/><T120/><D120/><U91/><E91/><V33/><F110/><W60/><G60/><T106/><D106/><U43/><E46/><V9/><F45/><W107/><G38/><T49/><D53/><N who="3" m="20553" /><G44/><T121/><D121/><U51/><E51/><V130/><F54/><W134/><G101/><T92/><REACH who="0" step="1"/><D97/><REACH who="0" ten="164,211,426,189" step="2"/><U11/><E43/><V93/><F105/><N who="3" m="40523" /><G134/><T98/><D98/><U109/><E109/><V32/><F125/><W116/><G116/><T76/><D76/><U128/><E42/><V82/><F32/><W78/><G78/><T36/><D36/><U22/><E41/><V80/><F33/><W28/><G20/><T94/><D94/><AGARI ba="0,1" hai="10,12,19,28,30,86,89,94" m="40523,20553" machi="94" ten="30,2000,0" yaku="6,1,54,1" doraHai="99" who="3" fromWho="0" sc="164,-20,211,0,426,0,189,30" /><INIT seed="7,0,0,2,0,125" ten="144,211,426,219" oya="3" hai0="71,57,9,43,85,132,97,2,23,17,116,48,101" hai1="22,12,78,122,79,123,76,103,111,124,41,47,96" hai2="113,61,15,6,66,114,40,11,21,38,62,59,37" hai3="95,20,27,52,91,127,88,56,115,69,129,128,34"/><W119/><G119/><T54/><D116/><U65/><E111/><V46/><F21/><W28/><G127/><T10/><D71/><U42/><E124/><V121/><F121/><W25/><G69/><T126/><D126/><U8/><E22/><V108/><F108/><W104/><G115/><N who="2" m="44041" /><F62/><W53/><G104/><T75/><D75/><U0/><E65/><V81/><F81/><W89/><G95/><T50/><D2/><U13/><E0/><V7/><F6/><W135/><G135/><T26/><D85/><U84/><E84/><V45/><F45/><W18/><REACH who="3" step="1"/><G53/><REACH who="3" ten="144,211,426,209" step="2"/><T83/><D132/><U67/><E67/><V49/><AGARI ba="0,1" hai="7,11,15,37,38,40,46,49,59,61,66" m="44041" machi="49" ten="30,1100,0" yaku="15,1" doraHai="125" who="2" fromWho="2" sc="144,-3,211,-3,426,21,209,-5" owari="141,-35.9,208,0.8,447,54.7,204,-19.6" /></mjloggm>