<mjloggm ver="2.3"><GO type="169" lobby="0"/><UN n0="%E3%81%9F%E3%81%AA%E3%81%8B%E6%95%99%E7%A5%96" n1="%E2%84%83%2D%75%74%65" n2="%E3%81%82%E3%81%95%E3%81%B4%E3%82%93%EF%BC%A0%EF%BD%8D%EF%BD%8A" n3="%E3%82%B8%E3%83%9F%E3%83%BC" dan="17,17,18,16" rate="2164.45,2203.28,2218.59,2080.85" sx="M,M,M,M"/><TAIKYOKU oya="0"/><INIT seed="0,0,0,5,5,98" ten="250,250,250,250" oya="0" hai0="10,125,87,40,94,88,57,61,64,20,38,76,41" hai1="128,73,43,90,91,82,53,48,113,29,28,118,47" hai2="36,25,130,121,75,52,112,66,3,110,116,86,44" hai3="85,102,96,84,15,72,115,93,71,6,0,89,80"/><T5/><D125/><U18/><E118/><V97/><F75/><W11/><G115/><T109/><D109/><U37/><E113/><V7/><F112/><W78/><G71/><T17/><D38/><U92/><E128/><V56/><F121/><W55/><G55/><T103/><D103/><U106/><E106/><V101/><F130/><W13/><REACH who="3" step="1"/><G85/><REACH who="3" ten="250,250,250,240" step="2"/><T22/><D76/><U46/><E73/><V68/><F52/><W54/><G54/><T63/><D63/><U134/><E53/><V67/><F86/><W135/><G135/><T126/><D126/><U123/><E134/><V114/><F114/><W119/><G119/><T100/><D100/><U70/><E70/><V42/><F68/><W69/><G69/><T31/><D31/><U58/><E29/><V4/><F116/><W111/><G111/><T34/><D34/><U104/><E28/><V122/><F110/><W131/><G131/><T107/><D87/><U133/><E133/><V49/><F101/><W45/><G45/><T35/><D35/><U9/><E46/><V39/><F44/><W1/><G1/><T81/><D61/><U127/><E47/><V77/><F3/><W50/><G50/><T8/><D57/><U2/><E58/><V95/><F56/><W120/><G120/><T33/><D33/><U132/><E132/><V83/><F49/><W12/><G12/><T32/><D32/><U24/><E2/><V74/><F122/><W60/><G60/><T30/><D30/><U79/><E123/><V23/><F77/><W26/><G26/><T21/><D41/><U51/><E43/><RYUUKYOKU ba="0,1" sc="250,-10,250,-10,250,-10,240,30" hai3="0,6,11,13,15,72,78,80,84,89,93,96,102" /><INIT seed="1,1,1,4,2,108" ten="240,240,240,270" oya="1" hai0="113,27,72,120,44,99,77,110,88,57,94,95,75" hai1="79,47,112,109,5,82,135,15,46,26,18,121,65" hai2="4,116,114,25,127,48,2,63,19,68,73,126,10" hai3="28,1,96,45,90,67,37,76,14,55,11,98,64"/><U9/><E121/><V106/><F116/><W43/><G1/><T8/><D120/><U20/><E135/><V7/><F73/><W93/><G76/><T3/><D110/><U42/><E109/><V22/><F106/><W89/><G28/><T23/><D77/><U118/><E118/><V62/><F7/><W31/><G31/><T102/><D44/><U86/><E112/><V70/><F48/><W60/><G55/><T124/><D124/><N who="2" m="47658" /><F114/><W52/><G52/><T125/><D125/><U81/><E65/><V6/><F6/><W66/><G60/><AGARI ba="1,1" hai="2,4,10,19,22,25,60,62,63,68,70" m="47658" machi="60" ten="30,1000,0" yaku="18,1" doraHai="108" who="2" fromWho="3" sc="240,0,240,0,240,23,270,-13" /><INIT seed="2,0,0,4,3,0" ten="240,240,263,257" oya="2" hai0="101,59,93,15,16,73,132,118,61,123,27,133,114" hai1="41,64,108,122,112,72,78,17,26,40,116,102,111" hai2="48,119,42,1,30,51,38,63,55,31,88,90,100" hai3="96,117,24,20,36,66,68,134,4,23,109,70,35"/><V47/><F119/><W56/><G117/><T54/><D118/><U28/><E116/><RYUUKYOKU type="kaze4" ba="0,0" sc="240,0,240,0,263,0,257,0" /><INIT seed="2,1,0,3,4,35" ten="240,240,263,257" oya="2" hai0="75,109,107,61,88,25,3,17,29,55,102,14,106" hai1="69,66,112,100,71,23,34,27,85,36,127,7,19" hai2="83,120,41,74,82,48,72,95,40,12,62,73,81" hai3="130,22,44,24,1,26,5,21,77,135,65,42,47"/><V10/><F120/><W11/><G130/><T87/><D109/><U94/><E112/><V126/><F126/><W56/><G135/><T101/><D75/><U84/><E36/><V79/><F79/><W33/><G77/><T86/><D86/><U45/><E127/><V64/><F95/><W59/><G33/><T67/><D55/><U129/><E129/><V13/><F48/><W111/><G111/><T38/><D38/><U92/><E34/><V60/><F64/><W37/><G47/><T122/><D122/><U9/><E45/><V54/><F54/><W125/><G65/><T124/><D124/><U118/><E118/><V114/><F114/><W131/><G131/><T96/><D3/><U133/><E133/><V117/><F10/><W58/><G125/><T52/><D52/><U68/><E66/><V76/><F76/><W43/><G42/><N who="2" m="16489" /><F117/><W6/><G6/><T99/><D29/><U128/><E128/><V134/><F134/><W110/><G110/><T78/><D78/><U104/><E104/><V8/><F8/><W30/><REACH who="3" step="1"/><G58/><REACH who="3" ten="240,240,263,247" step="2"/><T98/><D67/><U105/><E71/><V115/><F115/><W121/><G121/><T70/><D70/><U32/><E32/><V18/><F18/><AGARI ba="1,1" hai="1,5,11,18,21,22,24,26,30,37,43,44,56,59" machi="18" ten="30,7700,0" yaku="1,1,7,1,52,1,53,1" doraHai="35" doraHaiUra="4" who="3" fromWho="2" sc="240,0,240,0,263,-80,247,90" /><INIT seed="3,0,0,5,2,23" ten="240,240,183,337" oya="3" hai0="45,28,26,16,120,52,79,89,10,106,114,101,49" hai1="85,135,61,118,110,127,68,129,92,47,125,133,1" hai2="8,25,87,82,27,2,21,48,66,51,103,0,109" hai3="36,53,83,91,70,35,59,38,102,57,124,40,122"/><W111/><G122/><T11/><D120/><U46/><E1/><V7/><F109/><W41/><G70/><T96/><D114/><U6/><E6/><V29/><F0/><W32/><G102/><T63/><D79/><U19/><E19/><V88/><F103/><W130/><G130/><T72/><D72/><U22/><E22/><V121/><F121/><W56/><G124/><N who="1" m="47690" /><E85/><V42/><F42/><W24/><G53/><T112/><D112/><U131/><E92/><V17/><F66/><W78/><G91/><T123/><D123/><U99/><E99/><V15/><REACH who="2" step="1"/><F25/><REACH who="2" ten="240,240,173,337" step="2"/><W65/><G111/><T33/><D89/><U128/><E110/><V95/><F95/><W134/><G65/><T104/><D106/><U58/><E118/><V9/><AGARI ba="0,1" hai="2,7,8,9,15,17,21,27,29,48,51,82,87,88" machi="9" ten="20,8000,1" yaku="1,1,0,1,7,1,52,1,54,1,53,0" doraHai="23" doraHaiUra="55" who="2" fromWho="2" sc="240,-20,240,-20,173,90,337,-40" /><INIT seed="4,0,0,1,2,130" ten="220,220,263,297" oya="0" hai0="55,43,68,103,27,95,19,121,119,47,99,86,105" hai1="128,18,38,5,132,16,57,101,62,70,89,109,129" hai2="96,59,133,33,36,76,80,111,85,21,100,106,51" hai3="9,35,66,25,14,92,64,135,125,124,114,67,2"/><T112/><D119/><U97/><E38/><V10/><F33/><W41/><G2/><T117/><D117/><U22/><E109/><V23/><F36/><W84/><G114/><T65/><D121/><U24/><E70/><V123/><F111/><W15/><G41/><T26/><D112/><U46/><E46/><V71/><F71/><W17/><G135/><T107/><D55/><U31/><E89/><V34/><F34/><W108/><G108/><T134/><D134/><U69/><E69/><V29/><F123/><W6/><G25/><T13/><D65/><U116/><E5/><V110/><F110/><W131/><G131/><N who="1" m="50250" /><E116/><V49/><F133/><W39/><G35/><T37/><D68/><U73/><E73/><V7/><F59/><W82/><G92/><T118/><D118/><U104/><E132/><V102/><F102/><W81/><G39/><T50/><D37/><U0/><E0/><V3/><F29/><W54/><G54/><AGARI ba="0,0" hai="16,18,22,24,31,54,57,62,97,101,104" m="50250" machi="54" ten="30,2000,0" yaku="19,1,54,1" doraHai="130" who="1" fromWho="3" sc="220,0,220,20,263,0,297,-20" /><INIT seed="5,0,0,1,5,86" ten="220,240,263,277" oya="1" hai0="24,7,59,104,34,92,21,12,0,95,78,58,44" hai1="100,18,131,40,26,93,123,23,31,68,103,85,127" hai2="135,65,99,36,134,8,125,55,102,83,64,33,50" hai3="106,111,37,129,4,13,94,54,9,46,11,27,60"/><U49/><E68/><V82/><F36/><W45/><G106/><T97/><D104/><U14/><E131/><V43/><F43/><W116/><G111/><T114/><D114/><U70/><E70/><V48/><F33/><W62/><G129/><T81/><D0/><U66/><E66/><N who="2" m="25707" /><F8/><W130/><G130/><T63/><D34/><U101/><E127/><V41/><F41/><W124/><G124/><T3/><D3/><U72/><E72/><V16/><F16/><W6/><G37/><T91/><D44/><N who="1" m="25735" /><E123/><V126/><F48/><W51/><G46/><T122/><D122/><U53/><E53/><V118/><F118/><W29/><G94/><T89/><D12/><U90/><E14/><V121/><F121/><W112/><G112/><T17/><D7/><U132/><E132/><N who="2" m="50731" /><F126/><W80/><G116/><T119/><D119/><U30/><AGARI ba="0,0" hai="18,23,26,30,31,85,90,93,100,101,103" m="25735" machi="30" ten="30,3000,0" yaku="8,1,52,1" doraHai="86" who="1" fromWho="1" sc="220,-10,240,30,263,-10,277,-10" /><INIT seed="5,1,0,2,4,70" ten="210,270,253,267" oya="1" hai0="60,79,117,113,22,69,86,2,8,89,43,116,21" hai1="84,80,19,7,1,37,20,83,103,90,41,40,73" hai2="12,75,81,119,94,4,35,125,46,30,111,124,112" hai3="18,134,91,31,36,63,97,61,98,72,122,15,10"/><U25/><E103/><V106/><F111/><W133/><G72/><T56/><D69/><U64/><E64/><V123/><F119/><W78/><G78/><T107/><D107/><U99/><E99/><V66/><F123/><W74/><G74/><T9/><D113/><U59/><E59/><V53/><F106/><W109/><G109/><T58/><D79/><U135/><E135/><N who="3" m="51722" /><G36/><T110/><D110/><U24/><E24/><V32/><F66/><W82/><G31/><T93/><D43/><U88/><E73/><V67/><F67/><W6/><G122/><T120/><D120/><U49/><E37/><V57/><F46/><W5/><G98/><T85/><D93/><U54/><E7/><N who="3" m="2570" /><G82/><T55/><D60/><U118/><E1/><V28/><F81/><W105/><G91/><T33/><D89/><U51/><E118/><V39/><F39/><W52/><G52/><T87/><D87/><N who="1" m="50279" /><E54/><V29/><F94/><W130/><G130/><T95/><D55/><U3/><E3/><V45/><F45/><W68/><G68/><T102/><D95/><U38/><E38/><V16/><F75/><W47/><G47/><T104/><D104/><U100/><E100/><AGARI ba="1,0" hai="10,15,18,61,63,97,100,105" m="2570,51722" machi="100" ten="30,1000,0" yaku="20,1" doraHai="70" who="3" fromWho="1" sc="210,0,270,-13,253,0,267,13" /><INIT seed="6,0,0,2,4,63" ten="210,257,253,280" oya="2" hai0="107,67,73,100,95,115,80,83,77,99,10,72,122" hai1="87,60,27,98,39,81,33,78,97,38,90,118,109" hai2="17,113,104,50,37,123,56,68,28,129,62,49,79" hai3="116,29,16,88,4,114,23,47,124,106,41,111,121"/><V35/><F123/><W57/><G121/><T101/><D10/><U94/><E109/><V55/><F37/><W133/><G106/><T48/><D48/><U59/><E118/><V54/><F104/><W9/><G111/><T134/><D122/><U75/><E33/><V51/><F79/><W91/><G29/><T30/><D30/><U58/><E27/><V70/><F17/><W12/><G116/><T52/><D52/><N who="2" m="20010" /><F35/><W119/><G119/><T120/><D120/><U131/><E131/><V61/><F28/><W34/><G34/><T5/><D5/><U7/><E7/><V112/><F129/><W82/><G124/><T126/><D67/><U105/><E59/><V64/><F61/><W40/><G133/><T14/><D14/><U13/><E13/><V44/><F44/><W128/><G128/><T69/><D69/><AGARI ba="0,0" hai="49,50,51,56,62,64,68,69,70,112,113" m="20010" machi="69" ten="40,12000,1" yaku="34,2,52,1,54,1" doraHai="63" who="2" fromWho="0" sc="210,-120,257,0,253,120,280,0" /><INIT seed="6,1,0,5,1,120" ten="90,257,373,280" oya="2" hai0="95,50,26,70,4,68,14,34,64,82,93,117,25" hai1="135,124,3,115,79,19,41,129,97,73,106,125,29" hai2="32,37,40,44,61,58,100,15,67,35,122,55,11" hai3="47,128,0,53,80,134,104,130,60,6,21,57,84"/><V27/><F122/><W28/><G104/><T107/><D107/><U5/><E29/><V10/><F100/><W88/><G134/><T96/><D117/><U12/><E41/><V54/><F10/><W103/><G103/><T69/><D64/><U77/><E19/><V22/><F55/><W46/><G6/><T75/><D34/><U9/><E12/><V110/><F110/><W87/><G0/><T66/><D66/><U119/><E79/><V113/><F113/><W8/><G8/><T13/><D4/><U49/><E49/><V91/><F91/><W17/><G87/><T48/><D82/><U132/><E115/><V118/><F118/><W74/><G74/><T111/><D96/><U52/><E52/><V108/><F108/><W78/><G28/><T23/><D23/><U31/><E31/><V71/><F27/><W133/><G133/><N who="1" m="51274" /><E119/><V16/><F22/><W24/><REACH who="3" step="1"/><G78/><REACH who="3" ten="90,257,373,270" step="2"/><T1/><D1/><U121/><E121/><V126/><REACH who="2" step="1"/><F126/><REACH who="2" ten="90,257,363,270" step="2"/><W114/><G114/><T36/><D111/><U86/><E124/><V72/><F72/><W51/><G51/><AGARI ba="1,2" hai="11,15,16,32,35,37,40,44,51,54,58,61,67,71" machi="51" ten="30,18000,2" yaku="1,1,7,1,24,2,54,1,53,1" doraHai="120" doraHaiUra="45" who="2" fromWho="3" sc="90,0,257,0,363,203,270,-183" /><INIT seed="6,2,0,4,5,50" ten="90,257,566,87" oya="2" hai0="27,14,64,110,57,133,103,124,44,102,90,131,104" hai1="95,109,12,66,126,89,65,32,7,83,128,118,63" hai2="99,76,37,9,79,125,45,97,81,120,62,61,1" hai3="4,33,105,10,98,51,53,132,5,20,112,75,36"/><V82/><F120/><W91/><G36/><T28/><D110/><U3/><E32/><V73/><F125/><W101/><G33/><T119/><D124/><U121/><E109/><V107/><F107/><W48/><G132/><T55/><D133/><U92/><E3/><V22/><F22/><W127/><G127/><T87/><D131/><U117/><E128/><V25/><F25/><W60/><G75/><T134/><D134/><U43/><E43/><V8/><F45/><W24/><G112/><T2/><D2/><U40/><E40/><V130/><F1/><W56/><G91/><T86/><D14/><U122/><E83/><V115/><F73/><W78/><G78/><T35/><D119/><U38/><E38/><V111/><F37/><W41/><G41/><T114/><D114/><U88/><E126/><V84/><F84/><W49/><REACH who="3" step="1"/><G10/><REACH who="3" ten="90,257,566,77" step="2"/><T77/><D77/><U93/><E118/><V58/><F115/><W17/><AGARI ba="2,1" hai="4,5,17,20,24,48,49,51,53,56,60,98,101,105" machi="17" ten="30,7900,0" yaku="1,1,2,1,0,1,52,1,53,0" doraHai="50" doraHaiUra="116" who="3" fromWho="3" sc="90,-22,257,-22,566,-41,77,95" /><INIT seed="7,0,0,2,2,134" ten="68,235,525,172" oya="3" hai0="53,132,47,19,70,7,72,54,115,33,22,8,34" hai1="49,110,84,56,133,1,93,15,118,16,129,12,128" hai2="23,21,108,57,85,107,73,88,120,80,123,92,103" hai3="43,65,0,114,76,63,109,135,100,44,117,81,77"/><W69/><G117/><T83/><D70/><U32/><E110/><V46/><F108/><W112/><G109/><T97/><D97/><U62/><E1/><V86/><F73/><W5/><G100/><T37/><D132/><U10/><E32/><V122/><F57/><W106/><G106/><T11/><D115/><U61/><E133/><V126/><F126/><W29/><G29/><T113/><D113/><N who="3" m="43625" /><G81/><T2/><D11/><U28/><E28/><V98/><F46/><W67/><G67/><T60/><D60/><U96/><E84/><V25/><F25/><W99/><G99/><T14/><D34/><U74/><E74/><V38/><F38/><N who="3" m="21623" /><G135/><T68/><D33/><U127/><E127/><V71/><F71/><W4/><G4/><T50/><D68/><U121/><E121/><V9/><F9/><AGARI ba="0,0" hai="0,5,9,63,65,69,76,77" m="21623,43625" machi="9" ten="30,1500,0" yaku="15,1" doraHai="134" who="3" fromWho="2" sc="68,0,235,0,525,-15,172,15" /><INIT seed="7,1,0,1,0,84" ten="68,235,510,187" oya="3" hai0="72,93,92,54,134,88,39,70,20,32,82,60,81" hai1="87,17,132,129,64,108,101,5,130,122,57,135,110" hai2="6,28,59,29,43,98,7,49,91,27,114,119,9" hai3="95,73,53,61,10,85,15,115,18,90,75,37,62"/><W106/><G106/><T74/><D32/><U31/><E57/><V58/><F119/><W99/><G115/><T0/><D134/><N who="1" m="51243" /><E64/><V46/><F28/><W1/><G1/><T133/><D133/><U3/><E87/><V24/><F24/><W19/><G37/><T48/><D0/><U71/><E101/><V63/><F58/><W89/><G73/><T125/><D125/><U113/><E71/><V2/><F6/><W50/><G19/><T44/><D72/><U100/><E100/><V25/><F114/><W67/><G67/><T13/><D74/><U47/><E47/><V105/><F29/><W14/><G14/><T4/><D39/><U116/><E17/><V80/><F105/><W83/><G75/><T94/><D70/><U16/><E16/><V56/><F56/><AGARI ba="1,0" hai="10,15,18,50,53,56,61,62,83,85,89,90,95,99" machi="56" ten="30,11600,0" yaku="7,1,8,1,52,2" doraHai="84" who="3" fromWho="2" sc="68,0,235,0,510,-119,187,119" /><INIT seed="7,2,0,0,2,75" ten="68,235,391,306" oya="3" hai0="99,121,56,21,58,108,82,3,66,113,93,124,128" hai1="109,36,20,85,87,83,102,42,62,127,48,63,123" hai2="76,17,103,68,10,94,52,19,6,81,106,34,60" hai3="0,73,5,61,84,97,133,41,117,118,44,69,130"/><W9/><G73/><T71/><D21/><U96/><E36/><V101/><F106/><W89/><G130/><T64/><D82/><U132/><E109/><V70/><F34/><W92/><G133/><T67/><D93/><U49/><E123/><V40/><F40/><W120/><G120/><T23/><D23/><U7/><E7/><V53/><F19/><W43/><G43/><T50/><D99/><U119/><E20/><V16/><F16/><W65/><REACH who="3" step="1"/><G97/><REACH who="3" ten="68,235,391,296" step="2"/><T38/><D121/><U100/><E42/><V32/><F101/><W39/><AGARI ba="2,1" hai="0,5,9,39,41,44,61,65,69,84,89,92,117,118" machi="39" ten="20,7800,0" yaku="1,1,2,1,0,1,7,1,53,0" doraHai="75" doraHaiUra="105" who="3" fromWho="3" sc="68,-28,235,-28,391,-28,296,94" owari="40,-46.0,207,-19.3,363,16.3,390,49.0" /></mjloggm>