<mjloggm ver="2.3"><GO type="169" lobby="0"/><UN n0="%E3%81%BE%E3%81%A1%E3%81%8A" n1="%E3%82%80%E3%83%BC%E3%82%93%E3%81%82%E3%81%84%E3%81%9A" n2="%E3%80%8C%E3%82%AD%E3%82%BF%E3%80%8D" n3="%E3%81%82%E3%81%95%E3%81%B4%E3%82%93%EF%BC%A0%EF%BD%8D%EF%BD%8A" dan="16,16,16,18" rate="2151.88,2126.79,2052.70,2274.22" sx="M,M,M,M"/><TAIKYOKU oya="0"/><INIT seed="0,0,0,3,0,78" ten="250,250,250,250" oya="0" hai0="56,15,43,120,109,76,97,111,80,17,28,124,114" hai1="101,18,48,1,64,44,8,4,32,26,57,116,106" hai2="84,104,98,41,55,67,36,6,68,122,112,88,65" hai3="135,69,39,29,59,96,49,63,52,71,108,47,85"/><T128/><D114/><U54/><E116/><V34/><F122/><W82/><G108/><N who="0" m="41547" /><D120/><U23/><E32/><V45/><F34/><W66/><G135/><T3/><D3/><U10/><E106/><V100/><F112/><W19/><G29/><T25/><D128/><U14/><E101/><V93/><F68/><W94/><G19/><T79/><D124/><U87/><E64/><V105/><F6/><W129/><G39/><T33/><D43/><U89/><E57/><V53/><REACH who="2" step="1"/><F104/><REACH who="2" ten="250,250,240,250" step="2"/><W127/><G127/><T75/><D97/><U62/><E4/><V103/><F103/><W24/><G129/><T118/><D118/><U119/><E119/><V21/><F21/><W22/><G22/><N who="0" m="11583" /><D79/><U12/><E23/><V50/><F50/><W0/><G0/><T133/><D133/><U115/><E48/><V11/><F11/><W70/><G24/><T102/><D102/><U30/><E10/><V86/><F86/><W74/><G74/><N who="0" m="43031" /><D56/><U42/><E1/><V83/><F83/><W113/><G113/><T13/><D13/><U9/><E14/><V61/><F61/><W99/><REACH who="3" step="1"/><G94/><REACH who="3" ten="250,250,240,240" step="2"/><T31/><D31/><U20/><E115/><V40/><F40/><W60/><G60/><T38/><D38/><U125/><E125/><V77/><F77/><AGARI ba="0,2" hai="47,49,52,59,63,66,69,70,71,77,82,85,96,99" machi="77" ten="40,5200,0" yaku="1,1,52,1,54,1,53,0" doraHai="78" doraHaiUra="121" who="3" fromWho="2" sc="250,0,250,0,240,-52,240,72" /><INIT seed="1,0,0,0,4,88" ten="250,250,188,312" oya="1" hai0="21,93,42,120,51,23,107,67,49,56,10,53,3" hai1="130,26,102,104,28,32,17,25,73,128,129,69,126" hai2="82,90,41,13,133,109,47,61,115,78,80,71,79" hai3="30,125,118,100,97,81,59,63,68,34,7,27,127"/><U52/><E69/><V98/><F109/><W94/><G118/><T11/><D107/><U70/><E70/><V2/><F2/><W65/><G7/><T95/><D120/><U64/><E64/><V132/><F115/><W72/><REACH who="3" step="1"/><G68/><REACH who="3" ten="250,250,188,302" step="2"/><T116/><D116/><U114/><E114/><V117/><F71/><W29/><G29/><T83/><D3/><U22/><E126/><V111/><F117/><W37/><G37/><T75/><D67/><U96/><E73/><V86/><F111/><W54/><G54/><AGARI ba="0,1" hai="17,22,25,26,28,32,52,54,96,102,104,128,129,130" machi="54" ten="40,3900,0" yaku="19,1,54,1" doraHai="88" who="1" fromWho="3" sc="250,0,250,49,188,0,302,-39" /><INIT seed="1,1,0,2,1,116" ten="250,299,188,263" oya="1" hai0="129,125,98,99,86,53,6,71,32,34,106,75,43" hai1="66,97,79,100,24,15,128,16,118,21,81,123,114" hai2="14,80,102,59,76,0,41,5,105,7,113,93,65" hai3="91,28,127,108,124,133,44,2,57,119,107,109,92"/><U38/><E114/><V61/><F105/><W35/><G2/><T45/><D75/><U1/><E118/><V95/><F113/><W67/><G119/><T8/><D71/><U13/><E1/><V64/><F0/><W84/><G107/><T130/><D53/><U85/><E128/><N who="0" m="49257" /><D86/><U31/><E38/><V36/><F65/><W120/><G133/><T70/><D70/><U46/><E66/><V49/><F36/><W111/><G44/><T72/><D72/><U30/><E46/><V11/><F7/><W18/><G18/><T73/><D73/><U51/><E123/><V78/><F102/><W4/><G4/><T101/><D99/><U121/><E121/><V56/><F78/><W17/><G17/><T10/><D125/><N who="3" m="48201" /><G120/><T47/><D47/><U90/><E51/><V3/><F3/><W77/><G77/><T74/><D74/><U19/><E79/><V132/><F132/><W40/><G40/><T60/><D60/><U122/><E122/><V63/><F41/><W68/><G68/><T22/><D22/><U27/><E30/><V87/><F63/><N who="3" m="38383" /><G28/><T54/><D54/><AGARI ba="1,0" hai="5,11,14,49,54,56,59,61,64,76,80,87,93,95" machi="54" ten="40,1300,0" yaku="8,1" doraHai="116" who="2" fromWho="0" sc="250,-16,299,0,188,16,263,0" /><INIT seed="2,0,0,5,5,17" ten="234,299,204,263" oya="2" hai0="116,107,112,69,113,16,94,57,55,100,15,110,101" hai1="8,85,86,83,19,92,26,90,118,38,54,9,105" hai2="10,31,67,59,56,124,25,72,122,30,44,51,111" hai3="103,61,123,42,52,115,37,7,98,76,93,53,39"/><V29/><F122/><W35/><G123/><T66/><D107/><U32/><E105/><V46/><F72/><W134/><G35/><T74/><D74/><U21/><E118/><V24/><F124/><W2/><G134/><T99/><D110/><U119/><E119/><V102/><F111/><W130/><G130/><T68/><D101/><U108/><E108/><V125/><F125/><W80/><G115/><T27/><D27/><U82/><E38/><V3/><F102/><W127/><G127/><T64/><D116/><U79/><E32/><V14/><F3/><W77/><G77/><T23/><D113/><U120/><E120/><V84/><F84/><W126/><G126/><T1/><D1/><U58/><REACH who="1" step="1"/><E82/><REACH who="1" ten="234,289,204,263" step="2"/><V40/><F67/><W36/><G36/><T70/><REACH who="0" step="1"/><D112/><REACH who="0" ten="224,289,204,263" step="2"/><U91/><E91/><V65/><F65/><W12/><G103/><T41/><D41/><U13/><E13/><V131/><F131/><W71/><G42/><T133/><D133/><U43/><E43/><V135/><F135/><W28/><G12/><T109/><D109/><U48/><AGARI ba="0,2" hai="8,9,19,21,26,48,54,58,79,83,85,86,90,92" machi="48" ten="20,8000,1" yaku="1,1,0,1,7,1,8,1,52,1,53,0" doraHai="17" doraHaiUra="60" who="1" fromWho="1" sc="224,-20,289,100,204,-40,263,-20" /><INIT seed="3,0,0,4,2,76" ten="204,389,164,243" oya="3" hai0="102,57,81,43,7,49,54,42,11,126,6,95,68" hai1="21,73,25,85,59,130,75,96,20,112,67,118,80" hai2="86,104,124,131,41,121,117,16,106,12,127,64,8" hai3="123,100,51,45,35,46,119,29,110,38,97,69,116"/><W79/><G123/><T89/><D68/><U19/><E112/><V40/><F117/><W99/><G69/><T128/><D128/><U133/><E130/><V34/><F131/><W37/><G29/><T83/><D126/><N who="2" m="48170" /><F34/><W3/><G35/><T77/><D102/><U58/><E133/><V134/><F134/><W74/><G3/><T94/><D94/><U23/><E96/><V105/><F121/><W135/><G135/><T92/><D92/><U56/><E67/><V125/><N who="2" m="48178" /><V132/><DORA hai="113" /><F132/><W30/><G30/><T82/><D77/><U22/><REACH who="1" step="1"/><E118/><REACH who="1" ten="204,379,164,243" step="2"/><V13/><F64/><W66/><G66/><T4/><REACH who="0" step="1"/><D11/><REACH who="0" ten="194,379,164,243" step="2"/><U78/><AGARI ba="0,2" hai="19,20,21,22,23,25,56,58,59,73,75,78,80,85" machi="78" ten="30,16000,3" yaku="1,1,2,1,0,1,52,1,53,4" doraHai="76,113" doraHaiUra="109,18" who="1" fromWho="1" sc="194,-40,379,180,164,-40,243,-80" /><INIT seed="4,0,0,4,3,66" ten="154,559,124,163" oya="0" hai0="26,117,99,128,16,35,20,103,67,110,28,131,64" hai1="0,1,29,24,10,116,57,43,59,63,7,39,27" hai2="124,6,108,61,80,122,82,102,30,119,13,65,58" hai3="14,62,133,127,101,132,46,90,2,105,121,94,15"/><T79/><D117/><U36/><E116/><V78/><F119/><W120/><G2/><T11/><D110/><U86/><E0/><V89/><F122/><N who="3" m="47211" /><G127/><T111/><D111/><U32/><E27/><V73/><F108/><W40/><G101/><T51/><D79/><U9/><E9/><V72/><F124/><W12/><G105/><T123/><D123/><U76/><E43/><V5/><F102/><W88/><G62/><T8/><D51/><U38/><E63/><V49/><F30/><W134/><G94/><T74/><D74/><U68/><E68/><V47/><F13/><W37/><AGARI ba="0,0" hai="12,14,15,37,40,46,88,90,132,133,134" m="47211" machi="37" ten="40,5200,0" yaku="20,1,13,1,54,1" doraHai="66" who="3" fromWho="3" sc="154,-26,559,-13,124,-13,163,52" /><INIT seed="5,0,0,5,4,31" ten="128,546,111,215" oya="1" hai0="66,41,130,61,82,18,131,122,87,107,67,46,58" hai1="109,75,52,68,28,100,106,59,83,38,11,84,10" hai2="97,123,12,71,127,54,29,37,47,91,53,86,50" hai3="89,108,134,116,110,25,128,64,115,1,90,85,74"/><U5/><E68/><V26/><F123/><W4/><G74/><T21/><D107/><U33/><E38/><V70/><F37/><W2/><G64/><T118/><D118/><U104/><E75/><V125/><F97/><W72/><G72/><T32/><D122/><U94/><E11/><V39/><F39/><W113/><G116/><T13/><D32/><U43/><E43/><V126/><F12/><W36/><G36/><T133/><D133/><U20/><E20/><V69/><F54/><W120/><G120/><T0/><D0/><N who="3" m="105" /><G4/><T51/><REACH who="0" step="1"/><D67/><REACH who="0" ten="118,546,111,215" step="2"/><U44/><E33/><V121/><F121/><W98/><G134/><T135/><D135/><U8/><E104/><V80/><REACH who="2" step="1"/><F71/><REACH who="2" ten="118,546,101,215" step="2"/><W76/><G110/><T119/><D119/><U105/><E109/><V62/><F62/><W9/><G108/><T88/><AGARI ba="0,2" hai="13,18,21,41,46,51,58,61,66,82,87,88,130,131" machi="88" ten="30,4000,0" yaku="1,1,0,1,54,1,53,0" doraHai="31" doraHaiUra="27" who="0" fromWho="0" sc="118,60,546,-20,101,-10,215,-10" /><INIT seed="6,0,0,2,3,15" ten="178,526,91,205" oya="2" hai0="12,50,117,71,46,82,126,29,10,110,58,68,23" hai1="30,78,0,108,51,36,44,131,25,14,104,59,133" hai2="19,48,67,24,43,11,62,94,31,77,26,17,132" hai3="105,92,47,99,109,129,61,5,8,101,22,32,21"/><V130/><F130/><W128/><G109/><T119/><D110/><U88/><E0/><V6/><F132/><W93/><G32/><T55/><D126/><U86/><E104/><V64/><F77/><W113/><G47/><T4/><D82/><U57/><E78/><V3/><F94/><N who="3" m="36459" /><G61/><T100/><D100/><U45/><E45/><V1/><F1/><W20/><G8/><T49/><D23/><U96/><E44/><V127/><F127/><W42/><G5/><T69/><REACH who="0" step="1"/><D29/><REACH who="0" ten="168,526,91,205" step="2"/><U103/><E30/><V40/><F26/><W107/><G21/><T111/><D111/><U85/><E25/><V33/><F67/><W38/><G20/><T2/><D2/><U120/><E108/><V28/><F31/><W124/><G22/><T41/><AGARI ba="0,1" hai="4,10,12,41,46,49,50,55,58,68,69,71,117,119" machi="41" ten="40,2700,0" yaku="1,1,0,1,53,0" doraHai="15" doraHaiUra="35" who="0" fromWho="0" sc="168,37,526,-7,91,-13,205,-7" /><INIT seed="7,0,0,5,5,93" ten="205,519,78,198" oya="3" hai0="25,62,59,56,132,117,10,73,57,26,37,86,113" hai1="121,8,81,19,38,123,67,54,84,88,21,71,45" hai2="120,41,107,103,85,80,75,18,39,55,2,0,68" hai3="97,126,129,51,112,135,78,53,119,116,69,92,35"/><W76/><G69/><T60/><D117/><U109/><E109/><V134/><F134/><W20/><G35/><T27/><D73/><U94/><E67/><V3/><F120/><W115/><G20/><T89/><D37/><U44/><E71/><V9/><F68/><W4/><G4/><T34/><D132/><U22/><E22/><V99/><F75/><W87/><G135/><T61/><D113/><N who="3" m="43593" /><G129/><T124/><D124/><U58/><E8/><V23/><F9/><W102/><G126/><T7/><D34/><U105/><E105/><V33/><F33/><W106/><G53/><T83/><D10/><U72/><E121/><V108/><F108/><W14/><G14/><T31/><D31/><U133/><E123/><V64/><F64/><W52/><G106/><T49/><D7/><U24/><E133/><V50/><F41/><W130/><G130/><T13/><D13/><U128/><E128/><V5/><F5/><W104/><G104/><T36/><D36/><U114/><E38/><V110/><F39/><W42/><G42/><T66/><D66/><U43/><E114/><V101/><F110/><W91/><G102/><T131/><D131/><U77/><E43/><V15/><F103/><W90/><G119/><T125/><D125/><U28/><E28/><V118/><F118/><W100/><G116/><T12/><D12/><U30/><E30/><V17/><F18/><W70/><G70/><T79/><D49/><AGARI ba="0,0" hai="19,21,24,44,45,49,54,58,72,77,81,84,88,94" machi="49" ten="30,2000,0" yaku="7,1,54,1" doraHai="93" who="1" fromWho="0" sc="205,-20,519,20,78,0,198,0" owari="185,-21.5,539,63.9,78,-42.2,198,-0.2" /></mjloggm>