<mjloggm ver="2.3"><GO type="169" lobby="0"/><UN n0="%E5%BA%84%E5%8F%B8%E5%81%A5%E5%A4%AA%E6%9C%97" n1="%E6%B2%B3%E7%AB%A5%E3%81%AE%E3%83%AF%E3%82%AB%E3%83%9E%E3%83%84" n2="%E3%81%86%E3%81%9A%E3%82%89%E5%8D%B5%E3%83%95%E3%83%A9%E3%82%A4" n3="%6F%6B%61%62%65%73%68%69" dan="16,17,16,17" rate="2054.98,2181.52,2036.30,2189.08" sx="M,M,M,M"/><TAIKYOKU oya="0"/><INIT seed="0,0,0,1,3,33" ten="250,250,250,250" oya="0" hai0="103,46,56,74,70,15,40,83,135,2,126,42,21" hai1="99,35,57,22,16,118,52,115,47,25,96,48,128" hai2="72,98,11,23,54,3,125,122,51,14,30,12,85" hai3="117,67,73,45,34,39,93,133,61,131,78,84,90"/><T80/><D70/><U60/><E118/><V106/><F72/><W86/><G117/><T82/><D126/><U41/><E128/><V109/><F122/><W4/><G131/><T120/><D120/><U27/><REACH who="1" step="1"/><E115/><REACH who="1" ten="250,240,250,250" step="2"/><V124/><F124/><W24/><G133/><T7/><D135/><U68/><E68/><V49/><F125/><W127/><G127/><T105/><D74/><U19/><E19/><V87/><F30/><AGARI ba="0,1" hai="16,22,25,27,30,35,41,47,48,52,57,60,96,99" machi="30" ten="40,5200,0" yaku="1,1,54,2,53,0" doraHai="33" doraHaiUra="1" who="1" fromWho="2" sc="250,0,240,62,250,-52,250,0" /><INIT seed="1,0,0,3,1,55" ten="250,302,198,250" oya="1" hai0="56,105,135,98,7,52,80,75,21,13,30,2,133" hai1="122,66,68,41,128,5,59,114,38,50,134,29,32" hai2="84,11,120,104,6,115,81,131,107,108,125,69,39" hai3="22,129,72,4,77,58,17,94,127,71,31,15,19"/><U74/><E74/><V95/><F120/><W86/><G71/><T132/><D2/><U100/><E5/><V65/><F39/><W9/><G127/><T37/><D37/><U82/><E82/><V112/><F125/><W92/><G129/><T88/><D75/><U78/><E78/><V18/><F131/><W102/><G72/><T91/><D30/><U113/><E128/><V28/><F108/><W49/><G31/><T111/><D80/><U103/><E100/><V110/><F110/><W40/><G19/><N who="0" m="10479" /><D7/><U44/><E103/><V12/><F28/><W99/><G77/><T124/><D111/><U0/><E0/><V53/><F95/><W64/><G40/><T34/><D34/><U106/><E106/><V60/><F6/><W16/><G17/><T83/><D83/><U130/><E134/><V61/><F107/><W67/><G86/><T89/><D124/><U33/><E122/><V97/><F97/><W119/><G92/><N who="0" m="56591" /><D105/><U90/><E130/><V24/><F104/><W73/><G73/><T121/><D121/><U62/><E90/><V48/><F24/><N who="3" m="14407" /><G119/><T116/><D116/><U35/><E29/><V76/><REACH who="2" step="1"/><F61/><AGARI ba="0,0" hai="52,56,61,88,91,132,133,135" m="56591,10479" machi="61" ten="30,7700,0" yaku="20,1,52,1,54,2" doraHai="55" who="0" fromWho="2" sc="250,77,302,0,198,-77,250,0" /><INIT seed="2,0,0,3,4,10" ten="327,302,121,250" oya="2" hai0="90,88,24,105,3,92,81,51,39,59,6,37,133" hai1="4,33,130,129,23,22,54,135,50,69,71,29,78" hai2="47,57,134,109,115,31,118,128,61,18,15,79,30" hai3="25,101,122,104,119,99,34,27,107,114,106,84,110"/><V49/><F115/><W132/><G122/><T72/><D105/><U16/><E4/><V2/><F118/><W0/><G119/><T77/><D133/><U19/><E78/><V108/><F2/><W40/><G0/><T98/><D90/><U103/><E103/><V7/><F7/><W65/><G132/><T113/><D113/><U112/><E135/><V44/><F79/><W123/><G123/><T48/><D48/><U100/><E100/><V95/><F134/><W35/><G114/><T14/><D24/><N who="1" m="14407" /><E29/><V9/><F128/><N who="1" m="49257" /><E33/><V82/><F82/><W94/><G110/><N who="2" m="42601" /><F95/><W5/><G5/><T63/><D51/><U76/><E76/><V26/><F49/><W73/><G73/><T32/><D32/><U21/><E112/><V87/><F87/><W75/><G75/><T80/><D81/><U8/><E8/><V125/><F125/><W120/><G35/><T28/><D28/><N who="2" m="10794" /><F26/><W131/><G34/><T38/><D3/><U62/><E50/><V66/><AGARI ba="0,0" hai="9,15,18,44,47,57,61,66" m="10794,42601" machi="66" ten="30,6000,0" yaku="14,1,10,1,52,1" doraHai="10" who="2" fromWho="2" sc="327,-20,302,-20,121,60,250,-20" /><INIT seed="2,1,0,2,0,82" ten="307,282,181,230" oya="2" hai0="133,52,66,79,88,103,37,99,77,65,0,3,134" hai1="63,108,5,89,22,62,68,112,48,19,95,28,78" hai2="9,40,44,122,18,57,14,135,107,27,114,72,58" hai3="26,110,29,90,36,20,124,38,55,61,117,30,7"/><V4/><F114/><W125/><G117/><T111/><D37/><U10/><E112/><V33/><F122/><W91/><G7/><T23/><D111/><U34/><E108/><V81/><F135/><W101/><G110/><T42/><D42/><U87/><E68/><V109/><F107/><W6/><G6/><T35/><D35/><U67/><E67/><V118/><F118/><W64/><G101/><T11/><D23/><U130/><E130/><V113/><F113/><W51/><G30/><T83/><D11/><U126/><E126/><N who="3" m="48746" /><G91/><T47/><D66/><U24/><E48/><V104/><F104/><W41/><G90/><T56/><D47/><U105/><E78/><N who="0" m="29705" /><D103/><U119/><E105/><V85/><F72/><W102/><G41/><T25/><D25/><U2/><REACH who="1" step="1"/><E119/><REACH who="1" ten="307,272,181,230" step="2"/><V54/><F109/><W17/><G36/><T132/><D65/><U106/><E106/><V129/><F129/><W39/><G38/><T49/><D99/><U21/><E21/><N who="2" m="13751" /><F33/><W128/><G39/><T70/><D70/><U97/><E97/><V116/><F116/><W121/><G128/><T73/><D73/><U12/><AGARI ba="1,1" hai="2,5,10,12,19,22,24,28,34,62,63,87,89,95" machi="12" ten="20,12000,2" yaku="1,1,0,1,7,1,24,2,52,1,53,0" doraHai="82" doraHaiUra="46" who="1" fromWho="1" sc="307,-31,272,133,181,-61,230,-31" /><INIT seed="3,0,0,4,5,65" ten="276,405,120,199" oya="3" hai0="30,13,70,28,23,29,39,75,49,8,50,97,59" hai1="81,133,123,100,26,86,132,35,112,62,127,33,85" hai2="40,21,79,44,61,66,121,53,43,31,22,18,110" hai3="27,4,47,83,3,104,52,102,7,2,131,82,48"/><W128/><G102/><T36/><D75/><U69/><E123/><V15/><F121/><W80/><G104/><T103/><D23/><U25/><E100/><V117/><F117/><W46/><G27/><T32/><D32/><U93/><E112/><V60/><F110/><W58/><G58/><T109/><D109/><U91/><E127/><V130/><F130/><N who="3" m="49707" /><G46/><T64/><D70/><U5/><E5/><AGARI ba="0,0" hai="2,3,4,5,7,47,48,52,80,82,83" m="49707" machi="5" ten="30,2900,0" yaku="19,1,54,1" doraHai="65" who="3" fromWho="1" sc="276,0,405,-29,120,0,199,29" /><INIT seed="3,1,0,4,1,101" ten="276,376,120,228" oya="3" hai0="66,131,68,47,18,122,91,64,120,129,36,42,38" hai1="80,73,26,128,135,76,51,77,69,2,17,60,115" hai2="44,104,57,133,14,123,27,127,56,5,46,40,99" hai3="111,54,98,49,67,19,100,3,81,70,32,35,82"/><W33/><G3/><T34/><D34/><U6/><E115/><V7/><F133/><W8/><G111/><T39/><D91/><U16/><E135/><V72/><F72/><W108/><G108/><T97/><D18/><U61/><E128/><N who="0" m="49225" /><D97/><U84/><E51/><V11/><F127/><W116/><G116/><T103/><D103/><U23/><E69/><V87/><F123/><N who="0" m="47146" /><D68/><U41/><E17/><V125/><F125/><W109/><G109/><T85/><D85/><U107/><E77/><V124/><F124/><W95/><G70/><T102/><D102/><U20/><E20/><V55/><F87/><W132/><G132/><T52/><D52/><U50/><E84/><V130/><F130/><W114/><G114/><T90/><D90/><U45/><REACH who="1" step="1"/><E107/><REACH who="1" ten="276,366,120,228" step="2"/><V126/><F104/><W22/><G8/><AGARI ba="1,1" hai="2,6,8,16,23,26,41,45,50,60,61,73,76,80" machi="8" ten="40,5200,0" yaku="1,1,2,1,54,1,53,0" doraHai="101" doraHaiUra="121" who="1" fromWho="3" sc="276,0,366,65,120,0,228,-55" /><INIT seed="4,0,0,2,2,120" ten="276,431,120,173" oya="0" hai0="80,47,132,107,41,13,128,33,19,111,16,49,93" hai1="60,92,134,21,73,99,54,11,104,57,100,98,88" hai2="135,81,38,71,133,3,118,27,42,103,89,63,117" hai3="131,1,129,96,119,39,31,86,125,51,72,64,122"/><T77/><D107/><U12/><E73/><V4/><F103/><W91/><G1/><T22/><D128/><N who="3" m="49225" /><G39/><T25/><D132/><N who="2" m="50762" /><F27/><W0/><G0/><T116/><D116/><N who="2" m="44650" /><F4/><W84/><G64/><T78/><D111/><U69/><E134/><V70/><F3/><W14/><G31/><T10/><D80/><U115/><E115/><V114/><F81/><N who="3" m="49551" /><G51/><T90/><REACH who="0" step="1"/><D33/><REACH who="0" ten="266,431,120,173" step="2"/><U113/><E113/><V5/><F114/><W6/><G119/><T87/><AGARI ba="0,1" hai="10,13,16,19,22,25,41,47,49,77,78,87,90,93" machi="87" ten="20,18000,2" yaku="1,1,2,1,0,1,7,1,8,1,54,1,53,0" doraHai="120" doraHaiUra="102" who="0" fromWho="0" sc="266,190,431,-60,120,-60,173,-60" /><INIT seed="4,1,0,2,3,67" ten="456,371,60,113" oya="0" hai0="86,0,16,122,34,59,51,129,33,128,35,74,28" hai1="115,105,11,124,80,68,44,36,133,92,126,42,1" hai2="48,38,99,5,77,23,27,70,20,45,93,47,65" hai3="91,72,46,75,2,6,130,94,63,61,104,98,79"/><T125/><D74/><U41/><E105/><V62/><F77/><W7/><G130/><N who="0" m="50283" /><D86/><U82/><E92/><V17/><F5/><W3/><G46/><T119/><D125/><N who="1" m="48235" /><E42/><V43/><F20/><W25/><G94/><T73/><D73/><U39/><E39/><V30/><F47/><W21/><G21/><T95/><D0/><U24/><E24/><V120/><F120/><W87/><G87/><T31/><D119/><U13/><E1/><V84/><F84/><W56/><G98/><T55/><D122/><U101/><E101/><V107/><F107/><W18/><G79/><T96/><D16/><N who="1" m="8255" /><E133/><V4/><F4/><W89/><G18/><T40/><D40/><U116/><E116/><V53/><F17/><W12/><G12/><T54/><D55/><U37/><E37/><V15/><F15/><W60/><G25/><T52/><D54/><U100/><E100/><AGARI ba="1,0" hai="28,31,33,34,35,51,52,59,95,96,100" m="50283" machi="100" ten="40,3900,0" yaku="19,1,54,1" doraHai="67" who="0" fromWho="1" sc="456,42,371,-42,60,0,113,0" /><INIT seed="4,2,0,1,4,109" ten="498,329,60,113" oya="0" hai0="27,105,80,32,77,23,81,108,121,112,92,14,66" hai1="55,40,99,133,47,72,33,95,50,131,15,61,107" hai2="126,42,93,135,59,41,103,10,90,96,36,98,17" hai3="13,106,57,8,113,29,6,134,39,62,44,7,24"/><T111/><D105/><U53/><E72/><V11/><F135/><W65/><G134/><T94/><D121/><U82/><E133/><V71/><F71/><W116/><G116/><T3/><D3/><U110/><E110/><V75/><F126/><W73/><G73/><T122/><D122/><U114/><E33/><V5/><F75/><W51/><G39/><T19/><D66/><U89/><E131/><V30/><F30/><W49/><G106/><T117/><D81/><U68/><E107/><V35/><F35/><W101/><G101/><T56/><D117/><U123/><E123/><V128/><F128/><W132/><G132/><T48/><D94/><U28/><E28/><V43/><F36/><W69/><G69/><T88/><D27/><U37/><E82/><V1/><F59/><W79/><G79/><T45/><D32/><U12/><E55/><V58/><F58/><W91/><G51/><T83/><D83/><U97/><E99/><V125/><F125/><W20/><G91/><T87/><D56/><N who="1" m="32823" /><E114/><V76/><F76/><W31/><G113/><T127/><D112/><U100/><E100/><V115/><F115/><W129/><G129/><T63/><D63/><U70/><E70/><V26/><F98/><W60/><G60/><T25/><D127/><U86/><E97/><V21/><F103/><W16/><REACH who="3" step="1"/><G31/><REACH who="3" ten="498,329,60,103" step="2"/><T130/><D130/><U124/><E124/><V67/><F67/><AGARI ba="2,1" hai="12,15,37,40,47,61,67,68,86,89,95" m="32823" machi="67" ten="30,1000,0" yaku="24,1" doraHai="109" who="1" fromWho="2" sc="498,0,329,26,60,-16,103,0" /><INIT seed="5,0,0,1,3,42" ten="498,355,44,103" oya="1" hai0="16,80,90,97,48,54,39,70,118,33,91,21,5" hai1="86,3,85,134,103,106,36,132,67,107,78,29,28" hai2="27,17,69,38,128,87,83,30,12,68,61,71,121" hai3="7,59,53,119,9,14,114,10,35,113,112,23,60"/><U88/><E3/><V135/><F121/><W58/><G35/><T64/><D39/><U40/><E67/><V115/><F38/><W98/><G119/><T1/><D33/><U95/><E78/><V34/><F128/><W41/><G41/><T43/><D43/><U77/><E77/><V131/><F131/><W15/><G23/><T66/><D118/><U22/><E86/><V2/><F135/><N who="1" m="51753" /><E103/><V74/><F74/><W72/><G72/><T89/><D70/><U123/><E123/><V116/><F116/><W13/><G98/><T92/><D5/><U127/><E127/><V124/><F2/><W94/><G94/><T75/><D1/><U120/><E120/><V100/><F100/><W8/><G7/><T109/><D109/><U125/><E125/><V37/><F37/><W57/><G53/><T84/><D91/><U63/><E63/><V102/><F102/><W117/><G117/><T104/><D104/><N who="1" m="39979" /><E22/><V26/><F124/><W101/><G60/><T105/><D105/><U81/><E95/><V111/><F61/><W108/><G101/><T32/><D32/><U25/><E25/><V46/><F27/><W130/><G130/><T51/><D75/><U56/><E56/><V93/><F93/><W0/><G0/><T76/><D76/><U129/><E129/><V45/><F111/><AGARI ba="0,0" hai="8,9,10,13,14,15,57,58,59,108,111,112,113,114" machi="111" ten="60,32000,5" yakuman="41" doraHai="42" who="3" fromWho="2" sc="498,0,355,0,44,-320,103,320" owari="498,59.8,355,-4.5,-276,-77.6,423,22.3" /></mjloggm>