<mjloggm ver="2.3"><GO type="169" lobby="0"/><UN n0="%E3%81%8D%E3%82%83%E3%82%82%E3%82%93%E3%81%AC" n1="%E3%81%82%E3%81%8B%E3%82%8A%E3%82%8D%E3%82%93" n2="%E3%83%AB%E3%82%AB%E3%83%AB%E3%83%88" n3="%6E%61%74%73%75%6D%65%65" dan="16,16,16,16" rate="2111.94,2165.00,2188.98,2068.98" sx="M,F,M,F"/><TAIKYOKU oya="0"/><INIT seed="0,0,0,5,5,79" ten="250,250,250,250" oya="0" hai0="40,99,76,30,18,48,56,101,82,44,118,12,54" hai1="95,52,116,89,135,13,78,21,28,100,111,45,107" hai2="38,117,50,73,134,62,104,68,123,93,77,80,4" hai3="131,102,42,60,71,122,66,133,92,51,9,64,115"/><T41/><D118/><U24/><E116/><V37/><F117/><W39/><G115/><T75/><D30/><U8/><E111/><V19/><F123/><W98/><G122/><T84/><D75/><U70/><E70/><V22/><F104/><W132/><G131/><T113/><D113/><U121/><E121/><V5/><F134/><N who="3" m="51819" /><G66/><T35/><D35/><U6/><E135/><V90/><F50/><W1/><G39/><T120/><D120/><U11/><E78/><V17/><F17/><W103/><G1/><T72/><D72/><U26/><E107/><V83/><F38/><W31/><G9/><T87/><D87/><U112/><E112/><V129/><F37/><W16/><G31/><T69/><D69/><U108/><E108/><V32/><F32/><W2/><G2/><T59/><D41/><U85/><E11/><V128/><F62/><W0/><G0/><T29/><D29/><U126/><E126/><V61/><F61/><W67/><G67/><T88/><D76/><U15/><E26/><N who="2" m="14687" /><F73/><W3/><G3/><T46/><D46/><U65/><E65/><V36/><F36/><W14/><G51/><T7/><D7/><N who="2" m="2634" /><F77/><W91/><G42/><T124/><D40/><U58/><E45/><V130/><F68/><W114/><G114/><T23/><D124/><U96/><E8/><V49/><F49/><W33/><G33/><T57/><D44/><U119/><E119/><V97/><AGARI ba="0,0" hai="80,83,90,93,97,128,129,130" m="2634,14687" machi="97" ten="40,5200,0" yaku="19,1,52,2" doraHai="79" who="2" fromWho="2" sc="250,-26,250,-13,250,52,250,-13" /><INIT seed="1,0,0,3,5,47" ten="224,237,302,237" oya="1" hai0="132,10,95,29,44,19,84,11,33,22,26,50,20" hai1="88,118,16,8,4,83,7,66,45,126,28,119,125" hai2="72,0,6,78,31,120,27,57,40,70,56,86,92" hai3="124,97,1,113,54,94,41,122,30,14,93,80,77"/><U127/><E66/><V32/><F120/><W23/><G1/><T112/><D132/><U128/><E128/><V53/><F70/><W24/><G113/><T114/><D33/><U102/><E102/><V76/><F40/><W82/><G122/><T9/><D95/><U62/><E62/><V37/><F37/><W123/><G123/><T111/><D84/><N who="1" m="50207" /><E28/><V107/><F107/><W35/><G124/><T129/><D111/><U69/><E69/><V15/><F0/><W64/><G64/><T89/><D89/><U13/><E45/><V36/><F36/><W105/><G105/><T5/><D5/><AGARI ba="0,0" hai="4,5,7,8,13,16,118,119,125,126,127" m="50207" machi="5" ten="30,5800,0" yaku="18,1,54,2" doraHai="47" who="1" fromWho="0" sc="224,-58,237,58,302,0,237,0" /><INIT seed="1,1,0,0,1,9" ten="166,295,302,237" oya="1" hai0="30,105,0,55,95,90,63,23,119,40,74,113,11" hai1="126,35,70,59,127,52,10,44,134,43,118,128,99" hai2="41,101,38,13,36,116,129,93,69,16,71,24,54" hai3="73,25,84,49,103,89,114,124,5,123,100,110,87"/><U46/><E118/><V76/><F116/><W104/><G5/><T80/><D119/><U26/><E70/><V33/><F129/><W102/><G25/><T85/><D105/><U117/><E117/><V133/><F133/><W19/><G19/><T53/><D113/><U106/><E134/><V75/><F71/><W12/><G12/><T67/><D40/><U60/><E128/><V82/><F69/><W62/><G62/><T58/><D30/><U112/><E112/><V18/><F41/><W3/><G3/><T86/><D74/><U14/><E99/><V21/><F54/><W51/><G114/><T120/><D23/><U135/><E106/><V77/><F77/><W29/><G123/><T34/><D34/><U1/><E1/><V42/><F42/><W91/><G104/><T96/><D86/><N who="3" m="32809" /><G73/><T17/><D120/><U68/><E68/><V83/><F83/><W27/><G110/><T56/><D56/><U61/><E61/><V121/><F121/><W50/><G124/><N who="1" m="47658" /><E135/><V2/><F2/><W107/><G107/><T92/><D92/><U39/><E44/><V97/><REACH who="2" step="1"/><F33/><REACH who="2" ten="166,295,292,237" step="2"/><W28/><G27/><T88/><REACH who="0" step="1"/><D0/><REACH who="0" ten="156,295,292,237" step="2"/><U111/><E35/><V125/><F125/><W15/><G15/><AGARI ba="1,2" hai="11,15,17,53,55,58,63,67,80,85,88,90,95,96" machi="15" ten="40,8000,1" yaku="1,1,2,1,8,1,52,1,54,1,53,0" doraHai="9" doraHaiUra="132" who="0" fromWho="3" sc="156,103,295,0,292,0,237,-83" /><INIT seed="2,0,0,0,3,112" ten="259,295,292,154" oya="2" hai0="69,16,37,24,54,133,108,65,46,96,55,61,132" hai1="113,81,49,75,91,32,59,131,115,38,6,0,56" hai2="124,82,89,130,92,4,97,36,123,122,103,64,28" hai3="53,128,87,116,126,12,14,68,47,50,11,13,9"/><V76/><F36/><W102/><G126/><T127/><D127/><U3/><E32/><V107/><F124/><W125/><G125/><T17/><D108/><U72/><E38/><V40/><F40/><W111/><G111/><T106/><D37/><U71/><E71/><V52/><F64/><W117/><G68/><T105/><D24/><U118/><E91/><V134/><F4/><W120/><G120/><T88/><D106/><U18/><E81/><V121/><F28/><W25/><G128/><T98/><D98/><U78/><E18/><N who="0" m="7273" /><D46/><U31/><E31/><V79/><F130/><W110/><G110/><T33/><D33/><U99/><E99/><V114/><F114/><W58/><G102/><T57/><D57/><U5/><E49/><V74/><F79/><W35/><G87/><T20/><D20/><U45/><E45/><V44/><F44/><W23/><G47/><T83/><D105/><U85/><E85/><N who="2" m="52271" /><F52/><W119/><REACH who="3" step="1"/><G35/><REACH who="3" ten="259,295,292,144" step="2"/><T1/><D69/><U129/><REACH who="1" step="1"/><E78/><REACH who="1" ten="259,285,292,144" step="2"/><V62/><F62/><W66/><G66/><T84/><D65/><U30/><E30/><AGARI ba="0,2" hai="9,11,12,13,14,23,25,30,50,53,58,116,117,119" machi="30" ten="50,8000,1" yaku="1,1,52,3,53,0" doraHai="112" doraHaiUra="42" who="3" fromWho="1" sc="259,0,285,-80,292,0,144,100" /><INIT seed="3,0,0,1,4,108" ten="259,205,292,244" oya="3" hai0="17,62,4,80,109,91,92,55,44,128,29,101,77" hai1="71,21,95,41,54,106,130,12,70,113,19,74,82" hai2="1,89,69,32,85,121,119,75,114,59,133,48,68" hai3="36,33,104,47,0,56,88,49,3,72,81,31,87"/><W132/><G104/><T5/><D109/><U93/><E106/><V8/><F75/><W14/><G132/><T126/><D128/><U78/><E130/><V124/><F32/><W35/><G36/><T25/><D126/><U11/><E41/><V60/><F119/><W76/><G56/><T52/><D101/><U50/><E113/><V97/><F97/><W135/><G135/><T45/><D5/><U26/><E70/><V27/><F124/><W65/><G65/><T107/><D4/><U46/><REACH who="1" step="1"/><E71/><REACH who="1" ten="259,195,292,244" step="2"/><V111/><F114/><W117/><G117/><T30/><D107/><U84/><E84/><V120/><F69/><W22/><G0/><T100/><D45/><U51/><E51/><V20/><F48/><W105/><G3/><T79/><D44/><U129/><E129/><V53/><F68/><W118/><G105/><T116/><D116/><U64/><E64/><V110/><F133/><W43/><G118/><T94/><D62/><U73/><E73/><V42/><F42/><W39/><G49/><T103/><D55/><U24/><E24/><V99/><F110/><W10/><G72/><T131/><D52/><U40/><E40/><V122/><F111/><W34/><G14/><T63/><D63/><U15/><E15/><V125/><F125/><W66/><G66/><T115/><D25/><U23/><E23/><V7/><F85/><W38/><G38/><T83/><D131/><U134/><E134/><V123/><F123/><W127/><G127/><T102/><D115/><U86/><E86/><V6/><F122/><W112/><G87/><T13/><D13/><RYUUKYOKU ba="0,1" sc="259,-10,195,30,292,-10,244,-10" hai1="11,12,19,21,26,46,50,54,74,78,82,93,95" /><INIT seed="4,1,1,5,4,98" ten="249,225,282,234" oya="0" hai0="14,31,47,12,61,65,13,58,17,11,71,78,133" hai1="79,49,64,112,66,116,90,119,32,70,44,21,45" hai2="118,122,131,53,81,4,109,74,80,10,100,25,40" hai3="105,102,46,56,22,6,76,36,86,28,59,69,63"/><T104/><D133/><U135/><E32/><V1/><F109/><W60/><G69/><T129/><D129/><U50/><E79/><V33/><F122/><W110/><G6/><T24/><D104/><U23/><E90/><V30/><F131/><W117/><G117/><T16/><D78/><U67/><E70/><V62/><F118/><W38/><G110/><T91/><D71/><U120/><E67/><V108/><F108/><W88/><G76/><T82/><D47/><U39/><E39/><V2/><F2/><W115/><G115/><T3/><D3/><U55/><E55/><V103/><F40/><W97/><G28/><T77/><D91/><U18/><E18/><V121/><F121/><W35/><G22/><T99/><D99/><U9/><E9/><V132/><F132/><W73/><G73/><T92/><D92/><U111/><E111/><V94/><F74/><W126/><G35/><T106/><D106/><U57/><E57/><V89/><F62/><W75/><G75/><T52/><D65/><U5/><E5/><V51/><F81/><N who="3" m="49231" /><G126/><T96/><D96/><U125/><E135/><V85/><REACH who="2" step="1"/><F80/><REACH who="2" ten="249,225,272,234" step="2"/><W29/><G63/><T87/><REACH who="0" step="1"/><D11/><REACH who="0" ten="239,225,272,234" step="2"/><U134/><E134/><V8/><F8/><W84/><G105/><T83/><D83/><U43/><E120/><V37/><F37/><W114/><G36/><T123/><D123/><U95/><E116/><V48/><F48/><W130/><G38/><T93/><D93/><U68/><E95/><V127/><F127/><W42/><G130/><T26/><D26/><U20/><E125/><V34/><F34/><AGARI ba="1,3" hai="12,13,14,16,17,24,31,34,52,58,61,77,82,87" machi="34" ten="40,12000,1" yaku="1,1,6,1,54,2,53,1" doraHai="98" doraHaiUra="27" who="0" fromWho="2" sc="239,153,225,0,272,-123,234,0" /><INIT seed="4,2,0,2,3,88" ten="392,225,149,234" oya="0" hai0="13,35,61,94,46,106,17,80,57,63,117,102,95" hai1="101,18,39,55,60,32,27,70,43,115,98,105,130" hai2="7,5,64,84,11,112,40,37,28,30,12,104,48" hai3="111,62,26,41,25,69,135,23,73,109,132,89,52"/><T100/><D117/><U82/><E130/><V24/><F104/><W14/><G73/><T67/><D35/><U76/><E115/><V29/><F37/><W42/><G14/><T91/><D106/><U33/><E55/><V116/><F64/><N who="3" m="41111" /><G26/><T19/><D19/><U96/><E96/><V110/><F110/><N who="3" m="41995" /><G23/><T59/><D46/><N who="1" m="23935" /><E18/><V83/><F112/><W120/><G25/><T86/><D102/><U1/><E1/><V119/><F5/><W50/><G89/><T133/><D133/><N who="3" m="51273" /><G120/><T79/><D100/><U47/><E27/><V127/><F24/><W121/><G121/><T125/><D125/><U72/><E32/><V16/><F127/><W31/><G31/><T8/><D91/><U58/><E33/><V54/><F7/><W10/><G10/><T124/><D124/><U129/><E72/><V75/><F75/><W2/><G2/><T9/><D8/><U71/><E76/><V113/><F113/><W22/><G22/><T51/><D51/><U36/><E105/><V103/><F103/><W128/><G128/><T21/><D9/><U118/><E129/><V77/><REACH who="2" step="1"/><F40/><REACH who="2" ten="392,225,139,234" step="2"/><W0/><G0/><T4/><D4/><U126/><E126/><V66/><F66/><AGARI ba="2,1" hai="13,17,21,57,59,61,63,66,67,79,80,86,94,95" machi="66" ten="30,12000,1" yaku="7,1,9,1,8,1,52,2" doraHai="88" who="0" fromWho="2" sc="392,136,225,0,139,-126,234,0" /><INIT seed="4,3,0,4,3,39" ten="528,225,13,234" oya="0" hai0="118,74,57,28,73,51,65,53,47,61,30,108,113" hai1="9,84,114,26,45,35,105,64,72,19,25,117,4" hai2="59,71,1,128,100,88,130,102,37,129,54,2,93" hai3="3,123,24,126,14,17,36,98,125,34,78,99,111"/><T116/><D113/><U23/><E117/><V42/><F71/><W33/><G78/><T18/><D108/><U32/><E72/><V122/><F122/><W5/><G36/><T38/><D73/><U124/><E105/><V49/><F1/><W44/><G44/><T134/><D74/><U86/><E64/><V85/><F2/><W121/><G98/><T69/><D134/><U127/><E45/><AGARI ba="3,0" hai="37,42,45,49,54,59,85,88,93,100,102,128,129,130" machi="45" ten="40,5200,0" yaku="19,1,52,1,54,1" doraHai="39" who="2" fromWho="1" sc="528,0,225,-61,13,61,234,0" /><INIT seed="5,0,0,4,2,114" ten="528,164,74,234" oya="1" hai0="11,103,6,88,42,120,130,54,35,112,79,115,28" hai1="10,99,101,64,16,50,132,40,31,20,17,43,76" hai2="117,80,96,85,19,8,21,30,23,4,93,24,126" hai3="111,100,62,72,25,51,58,92,5,83,70,38,113"/><U9/><E132/><V81/><F126/><W77/><G111/><T13/><D130/><U60/><E76/><V84/><F117/><W66/><G113/><N who="0" m="43595" /><D103/><U65/><E31/><V122/><F122/><W127/><G127/><T134/><D134/><U36/><E36/><V106/><F106/><W29/><G38/><T67/><D42/><U123/><E123/><V45/><F45/><W46/><G5/><T49/><D67/><U15/><E9/><V53/><F53/><W39/><G39/><T22/><D35/><U32/><E32/><V55/><F55/><W95/><G58/><T131/><D79/><U74/><E74/><V71/><F71/><W110/><G100/><T90/><D131/><U12/><E50/><V18/><F84/><W133/><G110/><T2/><D120/><U121/><E121/><V119/><F119/><W116/><G116/><T27/><D13/><U44/><E44/><AGARI ba="0,0" hai="2,6,11,22,27,28,44,49,54,88,90" m="43595" machi="44" ten="30,2000,0" yaku="15,1,54,1" doraHai="114" who="0" fromWho="1" sc="528,20,164,-20,74,0,234,0" /><INIT seed="6,0,0,1,5,31" ten="548,144,74,234" oya="2" hai0="12,122,114,62,14,123,103,0,111,13,41,135,99" hai1="34,95,22,15,37,129,113,71,8,72,44,38,92" hai2="49,100,74,118,42,84,102,77,25,63,104,29,79" hai3="105,32,124,90,93,26,80,23,9,96,106,134,6"/><V85/><F118/><W126/><G32/><T51/><D111/><U39/><E72/><V45/><F74/><W65/><G134/><T68/><D0/><U131/><E71/><V117/><F117/><W88/><G65/><T127/><D135/><U52/><E113/><V70/><F84/><N who="3" m="50183" /><G23/><T86/><D114/><U121/><E22/><V120/><F120/><W107/><G26/><T56/><D127/><N who="3" m="48681" /><G106/><T19/><D68/><U61/><E34/><N who="2" m="20783" /><F85/><W94/><G94/><T115/><D86/><U1/><E1/><AGARI ba="0,0" hai="1,6,9,90,93,96,105,107" m="48681,50183" machi="1" ten="30,2000,0" yaku="18,1,54,1" doraHai="31" who="3" fromWho="1" sc="548,0,144,-20,74,0,234,20" /><INIT seed="7,0,0,5,0,45" ten="548,124,74,254" oya="3" hai0="117,42,95,31,12,72,34,86,85,78,81,32,2" hai1="91,20,14,79,128,93,52,67,71,6,17,7,87" hai2="57,41,29,24,69,83,55,84,135,33,105,134,10" hai3="0,122,60,56,28,44,39,65,73,50,77,94,18"/><W22/><G0/><T5/><D2/><U127/><E128/><V53/><F69/><W13/><G122/><T89/><D117/><U15/><E127/><V113/><F105/><W37/><G28/><T100/><D31/><U133/><E133/><V118/><F113/><W3/><G3/><T129/><D129/><U121/><E121/><V90/><F118/><W96/><G77/><T26/><D26/><U114/><E114/><V97/><F41/><W80/><G80/><T68/><D68/><U82/><E67/><V58/><F97/><W51/><G73/><T35/><D100/><U102/><E102/><V47/><F10/><W4/><G4/><T108/><D108/><U61/><E71/><V46/><F135/><W120/><G120/><T130/><D130/><U101/><E14/><V104/><F104/><W43/><REACH who="3" step="1"/><G37/><REACH who="3" ten="548,124,74,244" step="2"/><T62/><D5/><U19/><E6/><V124/><F134/><W106/><G106/><T23/><D72/><U88/><E7/><V30/><F29/><W131/><G131/><T92/><D78/><U75/><E75/><V16/><F124/><W123/><G123/><T111/><D81/><U59/><E19/><V116/><F116/><W107/><G107/><T70/><D95/><U109/><E109/><V76/><F76/><W110/><G110/><T9/><D111/><U11/><E79/><V1/><F1/><W40/><G40/><T112/><D42/><U49/><E82/><V66/><F16/><W119/><G119/><T21/><D92/><U8/><E17/><V132/><F132/><W74/><G74/><T54/><D112/><RYUUKYOKU ba="0,1" sc="548,-10,124,-10,74,-10,244,30" hai3="13,18,22,39,43,44,50,51,56,60,65,94,96" /><INIT seed="7,1,1,1,1,28" ten="538,114,64,274" oya="3" hai0="97,60,103,50,85,135,82,117,58,8,99,11,3" hai1="62,107,104,81,33,56,7,48,51,30,113,66,34" hai2="95,47,125,57,63,25,36,112,55,5,70,61,118" hai3="109,54,23,129,65,0,39,86,29,38,80,67,83"/><W123/><G0/><T43/><D117/><U133/><E7/><V115/><F5/><W13/><G123/><T132/><D97/><U128/><E113/><N who="2" m="43595" /><F95/><W41/><G129/><T120/><D120/><U44/><E128/><V69/><F25/><W119/><G119/><T106/><D3/><U9/><E9/><V52/><F118/><W76/><G109/><T102/><D102/><U40/><E30/><V6/><F6/><W91/><G39/><T20/><D20/><U134/><E81/><V96/><F96/><W93/><G38/><T126/><D126/><U127/><E127/><V75/><F75/><W2/><G41/><T130/><D130/><U35/><E48/><N who="2" m="29087" /><F125/><W94/><G2/><T77/><D50/><U110/><E110/><V14/><F14/><W116/><G116/><T21/><D21/><U64/><E64/><N who="2" m="41103" /><F36/><W22/><G13/><T87/><D87/><U124/><E124/><V74/><F74/><W108/><G108/><T122/><D122/><U45/><E45/><V121/><F121/><W78/><G86/><T24/><D24/><U79/><E79/><V32/><F32/><W111/><G111/><T12/><D43/><U68/><E104/><V17/><F17/><W89/><G29/><T59/><D58/><U31/><E107/><V98/><F98/><W42/><G42/><T19/><D11/><U92/><E31/><V131/><F131/><W90/><G90/><T100/><D100/><U49/><E92/><V101/><F101/><W105/><REACH who="3" step="1"/><G105/><REACH who="3" ten="538,114,64,264" step="2"/><T46/><D106/><U73/><E73/><V84/><F84/><W26/><G26/><RYUUKYOKU ba="1,2" sc="538,-30,114,10,64,10,264,10" hai1="33,34,35,40,44,49,51,56,62,66,68,133,134" hai2="52,57,63,70" hai3="22,23,54,65,67,76,78,80,83,89,91,93,94" /><INIT seed="7,2,2,2,2,40" ten="508,124,74,274" oya="3" hai0="107,92,54,66,130,46,62,71,26,76,27,83,13" hai1="88,56,82,98,59,70,123,12,124,39,7,3,73" hai2="86,20,53,81,58,1,75,2,48,133,72,77,37" hai3="116,122,106,11,9,30,84,101,14,80,24,57,32"/><W22/><G116/><T51/><D107/><U65/><E123/><V17/><F133/><W21/><G122/><T104/><D104/><U41/><E124/><V15/><F37/><W121/><G121/><T74/><D130/><U31/><E31/><V126/><F126/><W79/><G106/><T93/><D13/><U35/><E35/><V89/><REACH who="2" step="1"/><F72/><REACH who="2" ten="508,124,64,274" step="2"/><W69/><G69/><T131/><D131/><U45/><E73/><V91/><F91/><W60/><G101/><T100/><D100/><U33/><E3/><V85/><F85/><W112/><G112/><T128/><D128/><U102/><E33/><V129/><F129/><W120/><G120/><T43/><D54/><U97/><E102/><V105/><F105/><W61/><G61/><T52/><D43/><U99/><E88/><V109/><F109/><W16/><G9/><T117/><D117/><U25/><E82/><AGARI ba="2,3" hai="1,2,15,17,20,48,53,58,75,77,81,82,86,89" machi="82" ten="30,2000,0" yaku="1,1,7,1,53,0" doraHai="40" doraHaiUra="5" who="2" fromWho="1" sc="508,0,124,-26,64,56,274,0" owari="508,60.8,98,-40.2,120,-28.0,274,7.4" /></mjloggm>