<mjloggm ver="2.3"><GO type="169" lobby="0"/><UN n0="%41%62%65%73%65%6E%61%6C" n1="%E3%81%A1%E3%82%83%E3%82%93%E3%81%AE%E3%81%B6" n2="%6A%79%75%6E%6F%68" n3="%E3%83%94%E3%83%B3%E3%82%B5%E3%83%AD%E5%BA%97%E5%93%A1" dan="16,17,18,17" rate="2132.46,2146.23,2233.00,2191.80" sx="M,M,M,M"/><TAIKYOKU oya="0"/><INIT seed="0,0,0,0,2,115" ten="250,250,250,250" oya="0" hai0="12,13,37,116,100,92,101,90,118,63,88,47,39" hai1="22,81,24,62,80,53,64,93,77,56,46,61,128" hai2="57,112,132,106,44,98,48,36,111,94,119,87,126" hai3="52,121,0,131,73,45,4,133,28,95,97,41,71"/><T120/><D120/><U105/><E105/><V8/><F111/><W99/><G73/><T65/><D47/><U124/><E128/><V70/><F70/><W25/><G71/><T26/><D26/><U68/><E124/><V117/><F112/><W125/><G131/><T27/><D27/><U84/><E46/><V58/><F126/><W40/><G125/><T23/><D23/><U127/><E127/><V79/><F132/><W19/><G133/><T5/><D92/><U3/><E3/><V89/><F36/><W122/><G19/><T83/><D83/><U110/><E110/><V35/><F35/><W17/><G17/><T109/><D109/><U91/><REACH who="1" step="1"/><E77/><REACH who="1" ten="250,240,250,250" step="2"/><V107/><F107/><W2/><G2/><T104/><D104/><U130/><E130/><V50/><F79/><W49/><G122/><T76/><D76/><U82/><E82/><V33/><F44/><W129/><G129/><T78/><D78/><U6/><E6/><V51/><F33/><W86/><G121/><T29/><D5/><U103/><E103/><N who="2" m="62839" /><F8/><W20/><G4/><T42/><D42/><N who="3" m="16489" /><G0/><T9/><D9/><U7/><E7/><V16/><F16/><AGARI ba="0,1" hai="16,22,24,53,56,61,62,64,68,80,81,84,91,93" machi="16" ten="30,3900,0" yaku="1,1,7,1,54,1,53,0" doraHai="115" doraHaiUra="108" who="1" fromWho="2" sc="250,0,240,49,250,-39,250,0" /><INIT seed="1,0,0,2,3,21" ten="250,289,211,250" oya="1" hai0="16,84,107,60,102,59,82,17,132,44,27,109,68" hai1="134,133,124,53,37,71,129,94,81,24,83,54,78" hai2="121,128,117,74,6,104,58,114,100,106,41,33,69" hai3="31,130,22,91,95,103,30,34,85,28,35,45,38"/><U42/><E71/><V46/><F6/><W63/><G130/><T55/><D109/><U72/><E129/><V56/><F100/><W14/><G103/><T96/><D132/><N who="1" m="50795" /><E124/><V1/><F46/><W48/><G38/><T97/><D68/><U126/><E126/><V49/><F49/><W50/><G50/><T23/><D44/><N who="1" m="23631" /><E83/><V93/><F41/><W3/><G3/><T2/><D2/><U119/><E119/><V65/><F1/><W20/><G63/><T10/><D97/><U64/><E64/><V92/><F65/><W88/><G91/><T76/><REACH who="0" step="1"/><D10/><REACH who="0" ten="240,289,211,250" step="2"/><U79/><E79/><V36/><F69/><W51/><G45/><T86/><D86/><U7/><E7/><V8/><F8/><W118/><G85/><T101/><D101/><U47/><E47/><V52/><F36/><W99/><G99/><T26/><D26/><U80/><E24/><V75/><F128/><W73/><G118/><T12/><D12/><U120/><E120/><V125/><F121/><W13/><G13/><T131/><D131/><U43/><E43/><V127/><F117/><W62/><G14/><T111/><D111/><U18/><E78/><V9/><F9/><W15/><G15/><T113/><D113/><U112/><E112/><V5/><F5/><W135/><G135/><T108/><D108/><U25/><E72/><V89/><F114/><W116/><G73/><T110/><D110/><U29/><E25/><V70/><F70/><W19/><G116/><T40/><D40/><U87/><E87/><V66/><F127/><W11/><G11/><T98/><D98/><RYUUKYOKU ba="0,1" sc="240,30,289,-10,211,-10,250,-10" hai0="16,17,23,27,55,59,60,76,82,84,96,102,107" /><INIT seed="2,1,1,5,5,127" ten="270,279,201,240" oya="2" hai0="129,22,85,102,109,51,67,56,61,43,120,20,106" hai1="65,72,101,42,15,105,103,3,124,125,13,36,49" hai2="48,89,32,131,16,1,30,28,52,111,9,95,58" hai3="77,50,21,11,86,8,99,74,39,126,57,84,94"/><V121/><F121/><W76/><G39/><T40/><D120/><U108/><E3/><V2/><F111/><W83/><G126/><T114/><D114/><U64/><E108/><V60/><F131/><W66/><G74/><T96/><D109/><U7/><E72/><V38/><F38/><W92/><G21/><T54/><D129/><U119/><E36/><V47/><F32/><W10/><G99/><T82/><D40/><U33/><E49/><V98/><F1/><W107/><G107/><T53/><D43/><U117/><E42/><V81/><F81/><N who="3" m="47143" /><G66/><T24/><D24/><U130/><E7/><V55/><F2/><W113/><G113/><T27/><D27/><U104/><REACH who="1" step="1"/><E33/><REACH who="1" ten="270,269,201,240" step="2"/><V19/><F9/><W69/><G69/><T45/><REACH who="0" step="1"/><D54/><AGARI ba="1,2" hai="8,10,11,50,54,57,77,83,86,92,94" m="47143" machi="54" ten="30,1000,0" yaku="8,1" doraHai="127" who="3" fromWho="0" sc="270,-13,269,0,201,0,240,33" /><INIT seed="3,0,0,2,2,113" ten="257,269,201,273" oya="3" hai0="56,78,84,36,11,60,3,126,8,24,2,58,99" hai1="29,94,112,18,12,124,14,44,135,76,0,134,122" hai2="101,123,9,37,87,16,100,95,133,65,119,128,97" hai3="31,93,50,67,117,90,96,66,61,45,75,13,17"/><W77/><G31/><T81/><D36/><U21/><E112/><V110/><F37/><W125/><G125/><T107/><D126/><U92/><E124/><V38/><F38/><W42/><G75/><T46/><D46/><U52/><E122/><V39/><F39/><W35/><G35/><T69/><D69/><U33/><E0/><V80/><F110/><W68/><G77/><T40/><D40/><U74/><E12/><V51/><F128/><W115/><G115/><T41/><D41/><U109/><E109/><V59/><F133/><N who="1" m="50697" /><E29/><V129/><F129/><W23/><REACH who="3" step="1"/><G67/><REACH who="3" ten="257,269,201,263" step="2"/><T108/><D108/><U79/><E33/><V72/><F72/><W28/><G28/><T104/><D78/><U118/><E76/><V54/><F65/><W127/><G127/><T86/><D3/><U32/><E32/><V27/><F123/><W53/><G53/><T102/><D2/><U111/><E111/><V7/><F54/><W85/><G85/><T62/><D86/><U83/><E118/><AGARI ba="0,1" hai="13,17,23,42,45,50,61,66,68,90,93,96,117,118" machi="118" ten="40,12000,1" yaku="1,1,52,2,53,1" doraHai="113" doraHaiUra="64" who="3" fromWho="1" sc="257,0,269,-120,201,0,263,130" /><INIT seed="3,1,0,5,3,91" ten="257,149,201,393" oya="3" hai0="105,46,103,41,59,120,101,75,34,110,8,33,4" hai1="122,79,15,54,73,51,98,88,42,126,69,132,52" hai2="71,96,58,77,104,135,83,45,36,84,81,107,26" hai3="125,57,128,43,47,111,129,31,134,86,99,116,66"/><W56/><G116/><T3/><D120/><U21/><E69/><V106/><F71/><W49/><G31/><T67/><D110/><U28/><E122/><V112/><F112/><W17/><G86/><T121/><D121/><U124/><E132/><V35/><F135/><W6/><G134/><T27/><D75/><U37/><E37/><V90/><F58/><W55/><G6/><T118/><D118/><U2/><E42/><V72/><F26/><W25/><G17/><T94/><D105/><U30/><E2/><V68/><F68/><W123/><G25/><T92/><D103/><U82/><E54/><V53/><F35/><W40/><G99/><T115/><D101/><U102/><E15/><V22/><F22/><W97/><G97/><T100/><D100/><U62/><E62/><V13/><F13/><W74/><G74/><T78/><D78/><U64/><E64/><V70/><F70/><W87/><G87/><T95/><D115/><U133/><E21/><V50/><F36/><N who="3" m="21895" /><G123/><T48/><REACH who="0" step="1"/><D27/><REACH who="0" ten="247,149,201,393" step="2"/><U117/><E133/><V1/><F107/><W131/><G111/><T130/><D130/><U61/><E117/><V32/><F106/><W14/><G131/><T93/><N who="0" m="23552" /><DORA hai="44" /><T19/><D19/><U76/><E102/><V38/><F104/><W9/><G129/><T16/><D16/><U113/><E113/><V39/><F96/><W119/><G128/><T20/><D20/><U108/><E98/><V80/><F72/><W12/><G119/><T10/><D10/><U7/><E73/><V127/><F77/><N who="1" m="29769" /><E108/><V11/><F11/><W0/><G9/><RYUUKYOKU ba="1,1" sc="247,30,149,-10,201,-10,393,-10" hai0="3,4,8,33,34,41,46,48,59,67" /><INIT seed="4,2,1,4,5,26" ten="277,139,191,383" oya="0" hai0="82,99,67,40,53,124,130,84,2,118,11,120,62" hai1="89,19,91,105,56,126,55,97,15,111,18,43,127" hai2="106,48,78,68,98,66,83,21,101,14,46,74,33" hai3="112,63,58,103,123,17,107,100,77,133,12,37,47"/><T0/><D118/><U32/><E111/><V115/><F115/><W113/><G77/><T132/><D120/><U94/><E32/><V36/><F21/><W76/><G123/><T39/><D130/><U110/><E110/><V8/><F36/><W86/><G133/><T57/><D132/><U31/><E105/><V24/><F66/><W59/><G59/><T134/><D134/><U131/><E131/><V71/><F24/><W50/><G37/><T52/><D124/><N who="1" m="47659" /><E43/><V85/><F74/><W9/><G107/><T27/><D99/><U87/><E15/><V69/><F33/><W70/><G70/><T72/><D27/><U119/><E119/><V30/><F30/><W79/><G79/><N who="0" m="44391" /><D84/><U38/><E31/><V129/><F129/><W5/><G17/><T81/><D81/><N who="1" m="49391" /><E38/><V54/><REACH who="2" step="1"/><F69/><REACH who="2" ten="277,139,181,383" step="2"/><W65/><G113/><T109/><D109/><U93/><E93/><V1/><F1/><W108/><G112/><T88/><D0/><U92/><E92/><V41/><F41/><N who="3" m="24943" /><G108/><T75/><D75/><U102/><E102/><V16/><AGARI ba="2,2" hai="8,14,16,46,48,54,68,71,78,83,85,98,101,106" machi="16" ten="20,8000,1" yaku="1,1,0,1,7,1,54,1,53,1" doraHai="26" doraHaiUra="42" who="2" fromWho="2" sc="277,-42,139,-22,181,106,383,-22" /><INIT seed="5,0,0,2,2,60" ten="235,117,287,361" oya="1" hai0="111,49,37,1,8,130,57,27,55,120,129,17,117" hai1="50,11,87,43,40,106,102,10,122,119,115,100,52" hai2="83,18,91,80,75,36,70,112,127,38,14,20,66" hai3="133,61,25,101,28,110,62,113,72,65,51,69,104"/><U90/><E119/><V81/><F75/><W93/><G110/><T79/><D111/><U9/><E122/><V21/><F127/><W128/><G72/><T34/><D117/><U114/><E106/><V131/><F131/><N who="0" m="50186" /><D37/><U74/><E74/><V24/><F112/><N who="1" m="43049" /><E43/><V41/><F41/><W6/><G113/><T33/><D79/><U4/><E4/><V29/><F91/><W53/><G128/><T63/><D120/><U39/><E40/><V26/><F14/><W46/><G133/><T126/><D126/><U92/><E39/><V85/><F85/><W89/><G6/><N who="0" m="1103" /><D49/><U31/><E31/><V108/><F108/><W118/><G118/><T88/><D88/><U12/><E12/><V86/><F86/><W97/><G62/><T42/><D42/><U23/><E23/><AGARI ba="0,0" hai="17,23,27,33,34,55,57,63" m="1103,50186" machi="23" ten="30,1000,0" yaku="19,1" doraHai="60" who="0" fromWho="1" sc="235,10,117,-10,287,0,361,0" /><INIT seed="6,0,0,0,2,57" ten="245,107,287,361" oya="2" hai0="15,30,18,99,0,16,6,105,36,39,26,92,55" hai1="53,35,28,135,119,25,12,50,109,9,104,7,34" hai2="117,5,120,134,111,91,121,113,52,75,90,42,41" hai3="70,107,14,68,8,83,77,133,74,116,63,110,71"/><V101/><F117/><W29/><G110/><T3/><D105/><U27/><E104/><V100/><F5/><W126/><G116/><T43/><D18/><U127/><E119/><V32/><F32/><W98/><G29/><T22/><D43/><U78/><E109/><V96/><F111/><W1/><G133/><T54/><D39/><U2/><E135/><V24/><F134/><W59/><G1/><T45/><D36/><U130/><E78/><V58/><F75/><W81/><G81/><T19/><D19/><U89/><E89/><V86/><F24/><W51/><G51/><T20/><D45/><U124/><E130/><V21/><F21/><W87/><G126/><T61/><D6/><U23/><E50/><V129/><F129/><W47/><G47/><T73/><D73/><U33/><E53/><V64/><F64/><W94/><G107/><T131/><D131/><U46/><E46/><V80/><F113/><W102/><G74/><T118/><D118/><U76/><E76/><V56/><F80/><W122/><G122/><T88/><D55/><U85/><E85/><V106/><F106/><W97/><G97/><T67/><D54/><U37/><E37/><V132/><F52/><N who="3" m="34279" /><G71/><AGARI ba="0,0" hai="0,3,15,16,20,22,26,30,61,67,71,88,92,99" machi="71" ten="30,7700,0" yaku="7,1,52,1,54,2" doraHai="57" who="0" fromWho="3" sc="245,77,107,0,287,0,361,-77" /><INIT seed="7,0,0,4,4,114" ten="322,107,287,284" oya="3" hai0="19,96,115,118,107,72,1,119,24,110,22,59,40" hai1="0,9,130,104,106,63,8,33,74,121,79,28,67" hai2="32,45,56,122,20,2,70,6,116,4,117,128,13" hai3="127,135,34,123,26,85,12,134,23,38,31,105,98"/><W39/><G123/><T27/><D110/><U82/><E9/><N who="2" m="2199" /><F56/><W64/><G64/><T80/><D1/><U131/><E121/><V44/><F70/><W100/><G85/><T95/><D107/><U89/><E89/><V41/><F45/><W94/><G94/><T30/><D115/><U17/><E17/><N who="2" m="10287" /><F122/><W29/><G127/><T36/><D59/><U125/><E125/><V46/><F46/><W55/><G55/><T81/><D40/><U124/><E124/><V7/><F128/><W97/><G97/><T86/><D36/><U132/><E132/><N who="3" m="50730" /><G12/><T3/><D3/><U93/><E93/><V51/><F6/><W21/><G34/><T71/><D71/><U10/><E10/><V78/><F78/><W99/><G99/><T91/><D72/><U5/><E130/><V120/><F7/><W133/><N who="3" m="50738" /><W83/><DORA hai="49" /><G83/><T69/><D69/><U54/><E54/><V57/><F57/><W65/><G65/><T16/><D81/><U103/><E131/><V92/><F92/><W25/><AGARI ba="0,0" hai="21,23,25,26,29,31,38,39,98,100,105" m="50738" machi="25" ten="40,2100,0" yaku="20,1" doraHai="114,49" who="3" fromWho="3" sc="322,-7,107,-7,287,-7,284,21" /><INIT seed="7,1,0,0,3,5" ten="315,100,280,305" oya="3" hai0="63,48,21,30,37,105,85,132,7,33,6,44,4" hai1="113,19,11,57,117,27,108,83,130,35,52,111,34" hai2="75,116,70,26,80,49,43,125,82,129,32,65,10" hai3="124,127,66,1,71,31,55,36,118,126,99,22,15"/><W88/><G118/><T103/><D33/><U87/><E117/><V134/><F116/><W89/><G1/><T14/><D37/><U72/><E72/><V20/><F32/><W101/><G36/><T25/><D132/><U76/><E113/><V13/><F75/><W58/><G66/><T45/><D105/><U98/><E130/><V86/><F134/><W84/><G71/><T93/><D63/><U112/><E112/><V68/><F129/><W90/><G15/><T60/><D60/><U17/><E35/><V110/><F110/><W74/><G74/><T81/><D14/><U41/><E41/><V51/><F125/><W67/><G67/><T95/><D103/><U133/><E133/><V106/><F106/><N who="3" m="63807" /><G22/><T131/><D131/><U104/><E34/><V3/><F3/><W96/><G31/><T18/><D30/><U0/><E108/><V47/><F51/><N who="3" m="31103" /><G96/><T78/><D45/><U50/><E111/><V12/><F12/><W128/><G128/><T91/><D91/><U28/><E28/><N who="2" m="17479" /><F65/><W39/><G39/><T119/><D119/><U38/><E38/><V69/><F86/><AGARI ba="1,0" hai="84,86,88,89,90,124,126,127" m="31103,63807" machi="86" ten="40,3900,0" yaku="18,1,54,1" doraHai="5" who="3" fromWho="2" sc="315,0,100,0,280,-42,305,42" owari="315,11.5,100,-40.0,238,-16.2,347,44.7" /></mjloggm>