<mjloggm ver="2.3"><GO type="169" lobby="0"/><UN n0="%5B%5B%79%75%79%75%5D%5D" n1="%E4%B8%89%E5%8D%81%E7%94%BB%E7%94%9F" n2="%E3%83%8A%E3%82%AB%E3%81%AB%E3%81%97" n3="%43%55%4B%45%59" dan="16,16,17,16" rate="2132.99,2145.23,2261.07,2044.58" sx="M,M,M,M"/><TAIKYOKU oya="0"/><INIT seed="0,0,0,3,5,90" ten="250,250,250,250" oya="0" hai0="57,132,70,127,134,31,46,16,28,130,66,82,39" hai1="51,50,43,42,71,117,118,131,68,87,53,37,65" hai2="105,103,5,41,79,126,40,24,83,1,62,78,72" hai3="114,135,18,56,30,29,20,6,47,25,3,80,9"/><T107/><D107/><U48/><E87/><V13/><F1/><W2/><G56/><T106/><D106/><U52/><E131/><V14/><F126/><W89/><G114/><T67/><D127/><U12/><E12/><V27/><F79/><W63/><G63/><T133/><D130/><U97/><E97/><V38/><F38/><W54/><G135/><T111/><D70/><N who="1" m="26667" /><E65/><N who="0" m="24585" /><D57/><U86/><E86/><V73/><F62/><W81/><G2/><T98/><D98/><U59/><E37/><V64/><F64/><W119/><G119/><N who="1" m="45578" /><E59/><V121/><F105/><W123/><G123/><T4/><D4/><U15/><E15/><V7/><F78/><W10/><G10/><T124/><D124/><U99/><E99/><V26/><F103/><W109/><G80/><T122/><D122/><U74/><E74/><V55/><F83/><W49/><G109/><T21/><D82/><U75/><E75/><V91/><F27/><W0/><G0/><T95/><D111/><U44/><E44/><V61/><F91/><W35/><G81/><T116/><D116/><U11/><E11/><V85/><F121/><W104/><G89/><T36/><D36/><U115/><E115/><V120/><F120/><W34/><G104/><T60/><D60/><U17/><E17/><V110/><F61/><W112/><G112/><T76/><D76/><U94/><E94/><V93/><F85/><W129/><G129/><T84/><D39/><U23/><E23/><V113/><F113/><W45/><G47/><T102/><D46/><U92/><E92/><V8/><F110/><W108/><G108/><RYUUKYOKU ba="0,0" sc="250,-15,250,15,250,-15,250,15" hai1="42,43,48,50,51,52,53" hai3="3,6,9,18,20,25,29,30,34,35,45,49,54" /><INIT seed="1,1,0,2,5,68" ten="235,265,235,265" oya="1" hai0="94,64,23,127,7,80,57,99,120,45,131,56,74" hai1="2,15,86,30,77,61,73,81,16,123,46,132,128" hai2="37,52,106,31,124,66,50,70,69,18,107,83,39" hai3="27,119,79,10,32,55,38,8,93,47,48,76,96"/><U21/><E123/><V29/><F124/><W111/><G111/><T25/><D127/><U104/><E128/><V78/><F18/><W6/><G119/><T22/><D131/><U26/><E132/><V11/><F11/><W13/><G32/><T126/><D126/><U12/><E2/><V122/><F122/><W42/><G27/><T65/><D120/><U9/><E104/><V20/><F66/><W125/><G125/><T36/><D7/><U135/><E135/><V40/><F40/><W90/><REACH who="3" step="1"/><G10/><REACH who="3" ten="235,265,235,255" step="2"/><T89/><D25/><U41/><E15/><V17/><F31/><W101/><G101/><T92/><D23/><U97/><E97/><V88/><F29/><W33/><G33/><T115/><D22/><U71/><E71/><V114/><F70/><W85/><G85/><T54/><D74/><U84/><REACH who="1" step="1"/><E61/><REACH who="1" ten="235,255,235,255" step="2"/><V95/><F69/><W28/><G28/><T129/><D99/><U134/><E134/><V118/><F118/><W102/><G102/><T44/><D129/><U63/><E63/><V34/><F107/><W109/><G109/><T108/><D108/><U43/><E43/><V112/><F106/><W1/><G1/><T72/><D115/><U59/><E59/><AGARI ba="1,2" hai="6,8,13,38,42,47,48,55,59,76,79,90,93,96" machi="59" ten="30,3900,0" yaku="1,1,7,1,52,1,53,0" doraHai="68" doraHaiUra="58" who="3" fromWho="1" sc="235,0,255,-42,235,0,255,62" /><INIT seed="2,0,0,1,2,127" ten="235,213,235,317" oya="2" hai0="97,23,38,54,19,62,121,34,24,11,48,66,28" hai1="126,86,0,63,68,69,5,130,79,133,58,9,102" hai2="71,89,6,15,74,80,90,124,116,117,33,106,20" hai3="76,17,135,112,60,87,88,109,84,46,75,29,72"/><V103/><F33/><W49/><G112/><T36/><D121/><U22/><E126/><V111/><F124/><W83/><G109/><T93/><D11/><U32/><E32/><V21/><F71/><W57/><G135/><T12/><D48/><U77/><E133/><V16/><F111/><W59/><G29/><T56/><REACH who="0" step="1"/><D66/><REACH who="0" ten="225,213,235,317" step="2"/><U61/><E9/><V7/><F116/><W92/><G17/><T2/><D2/><U98/><E0/><V104/><F117/><W134/><G134/><T122/><D122/><U82/><E5/><V1/><F1/><W101/><G101/><AGARI ba="0,1" hai="12,19,23,24,28,34,36,38,54,56,62,93,97,101" machi="101" ten="30,3900,0" yaku="1,1,7,1,53,1" doraHai="127" doraHaiUra="14" who="0" fromWho="3" sc="225,49,213,0,235,0,317,-39" /><INIT seed="3,0,0,2,3,129" ten="274,213,235,278" oya="3" hai0="124,33,50,72,98,10,28,4,86,102,65,45,2" hai1="104,47,27,60,34,85,36,95,135,101,39,5,71" hai2="125,75,134,9,57,61,93,35,67,24,58,68,82" hai3="1,69,21,37,52,32,17,116,66,133,14,15,77"/><W115/><G116/><T19/><D72/><U7/><E95/><V26/><F125/><W49/><G37/><T64/><D124/><U13/><E85/><V63/><F35/><W43/><G115/><T113/><D113/><U22/><E13/><V132/><F9/><W80/><G43/><T76/><D19/><U0/><E22/><V110/><F110/><W99/><G99/><T46/><D46/><U119/><E119/><V121/><F121/><W89/><G32/><T74/><D74/><U120/><E120/><V18/><F68/><W130/><G89/><T122/><D122/><U111/><E111/><V109/><F109/><W48/><G1/><T81/><D28/><N who="1" m="19743" /><E47/><V90/><F82/><W106/><G106/><T30/><D30/><U62/><E62/><V117/><F75/><W29/><G29/><T12/><D2/><U105/><E7/><V88/><F117/><W107/><G14/><T94/><D33/><U55/><E55/><AGARI ba="0,0" hai="4,10,12,45,50,55,64,65,76,81,86,94,98,102" machi="55" ten="30,2000,0" yaku="7,1,8,1" doraHai="129" who="0" fromWho="1" sc="274,20,213,-20,235,0,278,0" /><INIT seed="4,0,0,0,2,67" ten="294,193,235,278" oya="0" hai0="127,61,123,68,34,91,26,50,22,6,78,86,96" hai1="28,35,5,76,46,74,113,84,105,25,121,118,16" hai2="71,83,53,64,131,2,60,85,45,58,124,14,39" hai3="23,24,8,36,101,110,54,65,31,108,21,30,73"/><T111/><D123/><U116/><E121/><V120/><F120/><W79/><G54/><T94/><D34/><U122/><E122/><V115/><F115/><W80/><G101/><T10/><D127/><U37/><E105/><V112/><F112/><W18/><G36/><T88/><D78/><U82/><E113/><V134/><F2/><W66/><G8/><T99/><D111/><U95/><E5/><V19/><F124/><W77/><G18/><T32/><D32/><U128/><E128/><V27/><F131/><W117/><G117/><T135/><D135/><U1/><E1/><V125/><F125/><W13/><G13/><T63/><D50/><U119/><E46/><V93/><F93/><W33/><G33/><T17/><D68/><U3/><E3/><V70/><F27/><W106/><G106/><T9/><D99/><U87/><E37/><V130/><F134/><W7/><G7/><T15/><D10/><U126/><E126/><V100/><F100/><W98/><G98/><T92/><AGARI ba="0,0" hai="6,9,15,17,22,26,61,63,86,88,91,92,94,96" machi="92" ten="20,7800,0" yaku="0,1,7,1,8,1,54,1" doraHai="67" who="0" fromWho="0" sc="294,78,193,-26,235,-26,278,-26" /><INIT seed="4,1,0,2,3,38" ten="372,167,209,252" oya="0" hai0="105,60,52,64,107,63,42,43,51,31,18,0,114" hai1="116,45,74,127,13,47,27,26,35,115,86,29,111" hai2="80,71,37,75,48,83,53,17,59,124,34,100,108" hai3="40,25,118,20,82,81,109,94,90,39,112,126,21"/><T78/><D0/><U99/><E111/><V98/><F108/><W132/><G118/><T28/><D114/><U62/><E74/><V121/><F121/><W4/><G109/><T16/><D78/><U104/><E116/><V6/><F71/><W66/><G112/><T32/><D32/><U123/><E123/><V85/><F34/><W68/><G132/><T69/><D69/><U129/><E115/><V8/><F37/><W89/><G126/><T58/><D105/><U77/><E27/><V65/><F65/><W24/><G4/><T14/><D107/><U23/><E129/><V96/><F17/><N who="0" m="6762" /><D14/><U106/><E23/><V22/><F22/><W88/><G68/><T128/><D128/><U84/><E13/><V11/><F75/><W133/><G133/><T2/><D2/><U113/><E127/><V67/><F8/><W44/><G66/><T56/><D63/><U97/><E62/><V7/><F67/><W19/><REACH who="3" step="1"/><G94/><REACH who="3" ten="372,167,209,242" step="2"/><T120/><D120/><U87/><E113/><V135/><F7/><W15/><G15/><T70/><D70/><U101/><E77/><V12/><F124/><W46/><G46/><T92/><D92/><U79/><E79/><N who="2" m="46239" /><F135/><W33/><G33/><T55/><D64/><U72/><E72/><V131/><F131/><W36/><G36/><T73/><D73/><U95/><E95/><N who="2" m="58399" /><F83/><W50/><G50/><T110/><D110/><U54/><E106/><V3/><F3/><W122/><G122/><T41/><AGARI ba="1,1" hai="28,31,41,42,43,51,52,55,56,58,60" m="6762" machi="41" ten="30,18000,2" yaku="8,1,52,3,54,2" doraHai="38" who="0" fromWho="0" sc="372,193,167,-61,209,-61,242,-61" /><INIT seed="4,2,0,5,0,101" ten="565,106,148,181" oya="0" hai0="20,44,3,130,113,94,58,0,109,121,132,42,65" hai1="64,61,73,19,49,18,46,25,135,9,131,98,48" hai2="38,108,115,119,106,91,111,118,2,99,7,123,11" hai3="5,40,83,107,50,24,103,47,114,126,13,105,60"/><T117/><D121/><U82/><E135/><V77/><F38/><W96/><G114/><T21/><D117/><N who="2" m="44554" /><F77/><W116/><G116/><T85/><D113/><U87/><E73/><V35/><F115/><W71/><G126/><T76/><D109/><N who="2" m="42058" /><F35/><W133/><G133/><T90/><D132/><U62/><E131/><V15/><F123/><W41/><G24/><T125/><D125/><U57/><E62/><V54/><F54/><W124/><G124/><T10/><D130/><U33/><E98/><V1/><F91/><W32/><G32/><T23/><D76/><U81/><E49/><V6/><F6/><W39/><G41/><T27/><D27/><U88/><E82/><V53/><F53/><W75/><G50/><T55/><D65/><U17/><E33/><V86/><F86/><W68/><G60/><T26/><D10/><U31/><E31/><V128/><F128/><W93/><G13/><T28/><D3/><N who="2" m="1034" /><F99/><W70/><REACH who="3" step="1"/><G5/><REACH who="3" ten="565,106,148,171" step="2"/><T102/><D0/><U89/><E25/><V37/><F37/><W79/><AGARI ba="2,1" hai="39,40,47,68,70,71,75,79,83,93,96,103,105,107" machi="79" ten="40,8000,1" yaku="1,1,2,1,0,1,52,2,53,0" doraHai="101" doraHaiUra="80" who="3" fromWho="3" sc="565,-42,106,-22,148,-22,171,96" /><INIT seed="5,0,0,2,3,5" ten="523,84,126,267" oya="1" hai0="116,97,59,89,40,15,31,50,84,18,43,124,8" hai1="45,132,123,37,23,122,92,90,27,66,56,52,25" hai2="46,128,111,48,98,70,105,125,4,80,74,54,60" hai3="113,7,39,20,33,13,68,67,26,38,81,62,94"/><U36/><E132/><V6/><F111/><W72/><G113/><T86/><D116/><U133/><E133/><V21/><F128/><W35/><G35/><T85/><D124/><U76/><E76/><V44/><F125/><W114/><G114/><T9/><D31/><U109/><E109/><V129/><F129/><W82/><G33/><T110/><D110/><U29/><E66/><V41/><F74/><W47/><G94/><N who="0" m="56527" /><D59/><U78/><E78/><V19/><F80/><W106/><G106/><T34/><D34/><U102/><E102/><V61/><F105/><W58/><G72/><T107/><D107/><U11/><E27/><V95/><F61/><W32/><G32/><T87/><N who="0" m="21504" /><DORA hai="83" /><T71/><D71/><U104/><E104/><V135/><F70/><W126/><G68/><T115/><D115/><U51/><E92/><V42/><F60/><W118/><G126/><T63/><D63/><U24/><E90/><V53/><F135/><W2/><G118/><T28/><D28/><U120/><E25/><V101/><F46/><W88/><G81/><T93/><D93/><U117/><E117/><V134/><F134/><W127/><G82/><T73/><D73/><U112/><E112/><V17/><F44/><W75/><G47/><N who="0" m="25959" /><D43/><N who="1" m="22759" /><E37/><V64/><F42/><W55/><G75/><T79/><D79/><U103/><E103/><V3/><F41/><W22/><G127/><T0/><D0/><U131/><E131/><V49/><F3/><W69/><G2/><T121/><D121/><U65/><E65/><V100/><F64/><W108/><G67/><T91/><D91/><RYUUKYOKU ba="0,0" sc="523,15,84,15,126,-15,267,-15" hai0="8,9,15,18" hai1="11,23,24,29,51,52,56,120,122,123" /><INIT seed="5,1,0,3,1,63" ten="538,99,111,252" oya="1" hai0="89,45,123,107,47,69,135,29,44,119,92,35,18" hai1="120,68,24,105,15,131,34,67,0,25,22,20,9" hai2="58,30,60,32,122,82,31,55,6,65,11,38,23" hai3="13,21,57,52,91,130,90,40,93,28,54,87,5"/><U133/><E105/><V61/><F122/><W121/><G121/><T10/><D123/><U132/><E120/><V71/><F32/><W79/><G130/><T39/><D107/><U74/><E74/><V59/><F38/><W80/><G40/><T97/><D119/><U95/><E131/><V50/><F82/><W8/><G57/><T3/><D135/><N who="1" m="51787" /><E95/><V134/><F134/><W36/><G36/><T73/><D73/><U114/><E114/><V42/><F23/><N who="1" m="8745" /><E0/><V33/><F33/><W75/><REACH who="3" step="1"/><G90/><REACH who="3" ten="538,99,111,242" step="2"/><T118/><D39/><U26/><E68/><V103/><F103/><W77/><G77/><T56/><D69/><U88/><E88/><V86/><F42/><W49/><G49/><T115/><D118/><U83/><E83/><V113/><F113/><W53/><G53/><T96/><D115/><U76/><E76/><V46/><F71/><W94/><G94/><T37/><D37/><U104/><E104/><V116/><F116/><W111/><G111/><T62/><D96/><U101/><E101/><V108/><F108/><W129/><G129/><T16/><D35/><U1/><E34/><V64/><REACH who="2" step="1"/><F86/><REACH who="2" ten="538,99,101,242" step="2"/><W127/><G127/><T17/><D97/><U100/><E100/><V78/><F78/><W19/><G19/><T98/><D29/><U112/><E112/><V14/><AGARI ba="1,2" hai="6,11,14,30,31,46,50,55,58,59,60,61,64,65" machi="14" ten="20,16000,3" yaku="1,1,0,1,7,1,9,1,8,1,52,2,53,1" doraHai="63" doraHaiUra="2" who="2" fromWho="2" sc="538,-41,99,-81,101,183,242,-41" /><INIT seed="6,0,0,0,4,91" ten="497,18,284,201" oya="2" hai0="32,14,85,66,88,39,24,70,135,120,64,101,95" hai1="86,38,87,76,34,54,52,93,125,31,9,33,84" hai2="55,118,133,71,15,62,67,106,113,79,45,73,78" hai3="121,1,124,35,74,30,97,57,42,122,75,49,128"/><V3/><F3/><W59/><G1/><T20/><D120/><U129/><E38/><V130/><F118/><W11/><G128/><T109/><D109/><U23/><E129/><V12/><F106/><W127/><G11/><T50/><D39/><U26/><E125/><N who="3" m="48202" /><G97/><N who="0" m="59583" /><D32/><U51/><E76/><V83/><F130/><W131/><G131/><T68/><D68/><U0/><E0/><V60/><F113/><W61/><G42/><T94/><D70/><U16/><E9/><V53/><F133/><W72/><G49/><T22/><D135/><U114/><E114/><V69/><F45/><W27/><G59/><T4/><D50/><U37/><E37/><V6/><F6/><W117/><G117/><T126/><D126/><U100/><E31/><V17/><F79/><W8/><G8/><N who="0" m="4359" /><D22/><U25/><E25/><V58/><F12/><W29/><G29/><AGARI ba="0,0" hai="20,24,29,64,66,85,88,94" m="4359,59583" machi="29" ten="30,7700,0" yaku="8,1,52,2,54,1" doraHai="91" who="0" fromWho="3" sc="497,77,18,0,284,0,201,-77" /><INIT seed="7,0,0,4,5,87" ten="574,18,284,124" oya="3" hai0="64,65,42,68,59,113,111,54,82,31,70,39,1" hai1="10,37,124,91,99,92,44,29,97,22,72,63,58" hai2="94,62,40,56,93,5,119,105,17,88,109,45,48" hai3="90,34,20,3,69,86,2,14,75,134,79,12,50"/><W19/><G34/><T30/><D111/><U100/><E72/><V116/><F105/><W108/><G69/><T67/><D1/><U117/><E124/><V98/><F109/><W18/><G108/><T61/><D82/><U16/><E117/><V66/><F5/><W129/><G129/><T9/><D9/><U57/><E37/><V103/><F17/><W21/><G134/><T43/><D31/><U85/><E44/><V107/><F107/><W13/><G50/><N who="0" m="31191" /><D30/><U33/><E33/><V84/><AGARI ba="0,0" hai="40,45,48,56,62,66,84,88,93,94,98,103,116,119" machi="84" ten="20,5200,0" yaku="0,1,7,1,52,1,54,1" doraHai="87" who="2" fromWho="2" sc="574,-13,18,-13,284,52,124,-26" owari="561,66.1,5,-49.5,336,13.6,98,-30.2" /></mjloggm>