<mjloggm ver="2.3"><GO type="169" lobby="0"/><UN n0="%E5%85%A9%E5%84%80%E4%B8%B6%E5%BC%8F" n1="%68%71%79%7A%66%75%66%75" n2="%E3%80%90%E7%BD%AA%E6%AD%8C%E3%80%91" n3="%E3%81%9F%E3%81%8B%E3%81%AA" dan="16,16,17,19" rate="2127.34,2092.80,2151.19,2220.98" sx="M,M,M,M"/><TAIKYOKU oya="0"/><INIT seed="0,0,0,4,4,73" ten="250,250,250,250" oya="0" hai0="39,9,50,14,71,20,122,121,131,123,37,61,25" hai1="0,48,54,45,28,69,44,33,27,11,98,35,120" hai2="58,40,21,91,3,5,52,66,128,117,124,41,112" hai3="101,90,31,68,108,57,118,132,13,18,2,7,70"/><T85/><D131/><U102/><E120/><V92/><F112/><W87/><G118/><T42/><D85/><U113/><E113/><V74/><F74/><W46/><G108/><T60/><D50/><U103/><E103/><V59/><F124/><W110/><G110/><T24/><D24/><U126/><E126/><V12/><F3/><W135/><G31/><T30/><D42/><U10/><E33/><V22/><F22/><W109/><G109/><T19/><REACH who="0" step="1"/><D71/><REACH who="0" ten="240,250,250,250" step="2"/><U84/><E69/><V89/><F128/><W125/><G68/><T119/><D119/><U6/><E84/><V32/><F40/><W114/><G70/><T111/><D111/><U75/><E75/><V86/><F41/><W106/><G87/><T53/><D53/><U23/><E45/><V134/><F117/><W94/><G46/><T80/><D80/><U127/><E127/><V72/><F52/><W38/><G125/><T47/><D47/><U56/><E44/><V115/><F86/><W43/><G43/><T97/><D97/><U63/><E48/><V99/><F72/><W55/><G55/><T96/><D96/><U8/><REACH who="1" step="1"/><E35/><REACH who="1" ten="240,240,250,250" step="2"/><V16/><F32/><W65/><G114/><T34/><D34/><U49/><E49/><V88/><F115/><W64/><G57/><T107/><D107/><AGARI ba="0,2" hai="0,6,8,10,11,23,27,28,54,56,63,98,102,107" machi="107" ten="30,2000,0" yaku="1,1,7,1,53,0" doraHai="73" doraHaiUra="104" who="1" fromWho="0" sc="240,-20,240,40,250,0,250,0" /><INIT seed="1,0,0,5,1,51" ten="220,280,250,250" oya="1" hai0="73,121,77,26,9,17,72,74,81,22,32,124,133" hai1="88,118,87,76,48,38,20,8,39,36,27,96,107" hai2="45,55,50,70,134,100,46,7,84,125,126,63,19" hai3="41,58,14,89,53,35,119,71,111,69,44,110,79"/><U64/><E118/><V25/><F100/><W120/><G35/><T90/><D133/><U94/><E64/><N who="2" m="41247" /><F7/><W129/><G79/><T21/><D124/><N who="2" m="47722" /><F84/><W43/><G120/><T5/><D121/><U65/><E65/><V104/><F104/><W135/><G135/><T13/><D32/><U92/><E8/><V98/><F98/><W102/><G102/><T83/><D83/><U68/><E68/><V108/><F134/><W132/><G132/><T97/><REACH who="0" step="1"/><D22/><REACH who="0" ten="210,280,250,250" step="2"/><U101/><E107/><V67/><F108/><W42/><G110/><T75/><D75/><U2/><E76/><V3/><F3/><W115/><G111/><T33/><D33/><U31/><E2/><V109/><F109/><W128/><G119/><T37/><D37/><U28/><E28/><V93/><F93/><AGARI ba="0,1" hai="5,9,13,17,21,26,72,73,74,77,81,90,93,97" machi="93" ten="40,1300,0" yaku="1,1,53,0" doraHai="51" doraHaiUra="61" who="0" fromWho="2" sc="210,23,280,0,250,-13,250,0" /><INIT seed="2,0,0,5,4,30" ten="233,280,237,250" oya="2" hai0="131,11,60,104,8,15,127,40,66,99,43,102,135" hai1="56,36,110,129,95,106,46,67,32,5,122,90,72" hai2="62,91,28,51,79,61,37,70,89,88,80,97,133" hai3="16,29,45,134,0,54,50,125,17,85,52,64,101"/><V2/><F37/><W109/><G109/><T120/><D120/><U55/><E110/><V93/><F2/><W105/><G0/><T14/><D131/><U76/><E122/><V81/><F133/><W39/><G134/><T63/><D127/><U19/><E106/><V65/><F28/><W112/><G125/><T77/><D135/><U130/><E67/><V23/><F23/><W113/><G64/><T57/><D77/><U18/><E5/><V86/><F62/><W123/><G123/><T49/><D49/><U44/><E76/><V59/><F70/><W132/><G132/><T33/><D33/><U128/><E72/><V94/><F51/><W68/><G68/><T117/><D63/><N who="1" m="36255" /><E32/><V13/><F13/><W100/><G39/><T96/><D96/><N who="1" m="57463" /><E46/><V119/><F119/><W47/><G29/><T42/><REACH who="0" step="1"/><D117/><REACH who="0" ten="223,280,237,250" step="2"/><U12/><E36/><V35/><F35/><W84/><G50/><T98/><D98/><U124/><E124/><V73/><REACH who="2" step="1"/><F94/><REACH who="2" ten="223,280,227,250" step="2"/><W6/><G105/><T7/><D7/><AGARI ba="0,2" hai="6,7,16,17,45,47,52,54,84,85,100,101,112,113" machi="7" ten="25,6400,0" yaku="22,2,54,2" doraHai="30" who="3" fromWho="0" sc="223,-64,280,0,227,0,250,84" /><INIT seed="3,0,0,1,5,40" ten="159,280,227,334" oya="3" hai0="65,21,49,33,131,79,122,133,11,45,114,110,32" hai1="0,83,129,74,105,29,82,9,76,68,78,8,43" hai2="3,27,6,126,38,87,90,97,119,75,62,31,19" hai3="103,25,84,93,121,59,135,98,80,61,92,94,41"/><W67/><G121/><T18/><D122/><U64/><E129/><V53/><F119/><W128/><G135/><T107/><D107/><U47/><E105/><V69/><F38/><W100/><G128/><T39/><D131/><U26/><E64/><V35/><F75/><W10/><G10/><T51/><D133/><U56/><E56/><V111/><F111/><W44/><G25/><T88/><D110/><U50/><E50/><V58/><F126/><W20/><G20/><T55/><D39/><U89/><E89/><V15/><F69/><W12/><G12/><T106/><D106/><U30/><E68/><V99/><F6/><W71/><G71/><T66/><D114/><U109/><E30/><V115/><F3/><W46/><G41/><T127/><D79/><U24/><E24/><V108/><F115/><W1/><G1/><T4/><D127/><U91/><E91/><V72/><F72/><W16/><G16/><T86/><D51/><U36/><E0/><V132/><F132/><W113/><G113/><T28/><D32/><U48/><E36/><V85/><F85/><W104/><REACH who="3" step="1"/><G100/><REACH who="3" ten="159,280,227,324" step="2"/><T5/><D33/><U125/><E109/><V134/><F108/><W34/><G34/><T22/><D28/><U23/><E125/><V17/><F134/><W102/><G102/><T101/><D101/><U42/><E43/><V112/><F112/><W52/><G52/><T77/><D21/><U130/><E130/><V123/><F123/><W37/><G37/><T63/><D22/><U14/><E14/><V60/><F17/><W57/><G57/><T13/><D18/><RYUUKYOKU ba="0,1" sc="159,-15,280,15,227,-15,324,15" hai1="8,9,23,26,29,42,47,48,74,76,78,82,83" hai3="44,46,59,61,67,80,84,92,93,94,98,103,104" /><INIT seed="3,1,1,2,4,115" ten="144,295,212,339" oya="3" hai0="99,17,118,3,124,58,91,40,109,131,45,34,127" hai1="79,73,61,114,67,86,15,97,50,87,7,4,23" hai2="0,32,37,44,57,102,100,42,65,101,22,135,48" hai3="68,14,85,126,12,112,63,1,108,20,107,24,49"/><W88/><G112/><T78/><D109/><U90/><E73/><V38/><F32/><W36/><G36/><T89/><D34/><U134/><E134/><V76/><F0/><W130/><G1/><T111/><D111/><U9/><E114/><V55/><F135/><W30/><G108/><T64/><D3/><U120/><E120/><V54/><F38/><W74/><G74/><T80/><D17/><U10/><E23/><V113/><F113/><W84/><G107/><T71/><D71/><U132/><E132/><V39/><F39/><W31/><G126/><N who="0" m="48171" /><D131/><U123/><E50/><V41/><F76/><W66/><G130/><T72/><D64/><U33/><E33/><V60/><F37/><W70/><G70/><T19/><D19/><U117/><E79/><V47/><F47/><W104/><G104/><T27/><D27/><U119/><E123/><V52/><F42/><W92/><G31/><T121/><D121/><U93/><E87/><V13/><F22/><W116/><G116/><T133/><D133/><U5/><E86/><V53/><N who="2" m="13312" /><DORA hai="95" /><V98/><REACH who="2" step="1"/><F13/><REACH who="2" ten="144,295,202,339" step="2"/><W105/><G49/><N who="0" m="26791" /><D58/><U62/><E15/><V11/><F11/><W122/><G122/><T46/><D46/><U18/><E9/><V35/><F35/><W69/><G69/><T6/><D6/><U77/><E77/><V103/><F103/><W43/><G43/><T81/><D89/><U16/><E10/><V129/><F129/><W83/><G105/><AGARI ba="1,2" hai="41,44,48,57,60,65,98,100,101,102,105" m="13312" machi="105" ten="50,12000,2" yaku="1,1,52,1,54,1,53,4" doraHai="115,95" doraHaiUra="51,110" who="2" fromWho="3" sc="144,0,295,0,202,143,339,-123" /><INIT seed="4,0,0,0,2,85" ten="144,295,345,216" oya="0" hai0="50,56,58,94,115,39,117,4,66,29,10,124,93" hai1="53,18,97,11,54,49,82,123,73,17,112,36,120" hai2="132,68,74,127,87,92,107,35,43,91,100,134,23" hai3="125,96,69,83,41,79,2,111,5,122,20,130,121"/><T119/><D39/><U128/><E36/><V108/><F35/><W65/><G111/><T102/><D115/><U6/><E128/><V13/><F68/><W129/><G41/><T114/><D114/><U98/><E112/><V33/><F33/><W101/><G20/><T70/><D70/><U55/><E49/><V109/><F43/><W15/><G2/><T126/><D29/><U71/><E71/><V60/><F60/><N who="3" m="40103" /><G15/><T25/><D25/><U34/><E34/><V21/><F74/><N who="3" m="43511" /><G5/><T84/><D50/><U8/><E82/><V88/><F127/><N who="0" m="48682" /><D102/><U61/><E61/><V38/><F38/><W26/><G26/><T30/><D30/><U133/><E73/><V113/><F113/><W57/><G57/><N who="0" m="22123" /><D66/><U99/><E133/><N who="2" m="51307" /><F100/><W76/><G125/><T72/><D72/><U47/><E47/><V31/><F31/><W64/><G64/><T27/><D27/><U14/><REACH who="1" step="1"/><E18/><REACH who="1" ten="144,285,345,216" step="2"/><V45/><F45/><W131/><G129/><T62/><D62/><U7/><E7/><V48/><F48/><W106/><G130/><T89/><D93/><U103/><E103/><V105/><F109/><W86/><G131/><T63/><D63/><U16/><E16/><N who="2" m="10383" /><F108/><W75/><G75/><T40/><D40/><U42/><E42/><V19/><F107/><W24/><G106/><T118/><D118/><U32/><E32/><V12/><F105/><W67/><G101/><T110/><D110/><U22/><E22/><V37/><F37/><W52/><G67/><T1/><AGARI ba="0,1" hai="1,4,10,84,89,94,117,119" m="22123,48682" machi="1" ten="30,3000,0" yaku="18,1,52,1" doraHai="85" who="0" fromWho="0" sc="144,40,285,-10,345,-10,216,-10" /><INIT seed="4,1,0,2,0,20" ten="184,275,335,206" oya="0" hai0="8,91,21,5,0,107,34,75,104,70,115,112,106" hai1="89,113,55,95,2,79,7,22,18,9,60,103,62" hai2="72,47,110,76,53,35,125,101,14,81,46,23,37" hai3="10,99,63,126,15,50,1,32,102,49,124,13,93"/><T94/><D70/><U17/><E113/><N who="0" m="43593" /><D75/><U120/><E120/><V67/><F110/><W129/><G129/><T12/><D34/><U83/><E103/><V131/><F35/><W128/><G128/><T41/><D41/><U135/><E135/><V132/><F131/><W26/><G1/><T68/><D68/><U80/><E18/><V6/><F132/><W48/><G63/><T25/><D0/><U116/><E116/><V65/><F125/><N who="3" m="48235" /><G10/><T52/><D52/><U71/><E71/><V38/><F101/><W77/><G77/><T40/><D40/><U66/><E66/><V119/><F119/><W123/><G123/><T51/><D51/><U11/><E11/><V58/><F6/><W3/><G3/><T69/><D69/><U82/><E79/><V78/><F78/><W27/><G32/><T30/><D107/><U45/><E45/><V4/><F4/><W16/><G16/><T100/><D100/><U127/><E55/><V39/><F47/><W64/><G64/><T133/><D133/><U28/><E28/><V109/><F46/><W134/><G134/><T117/><D117/><U88/><E127/><V118/><F118/><W42/><G42/><T85/><AGARI ba="1,0" hai="5,8,12,21,25,30,85,91,94,104,106" m="43593" machi="85" ten="30,3000,0" yaku="15,1,52,1" doraHai="20" who="0" fromWho="0" sc="184,33,275,-11,335,-11,206,-11" /><INIT seed="4,2,0,2,2,122" ten="217,264,324,195" oya="0" hai0="102,63,119,94,10,30,11,85,21,77,37,90,57" hai1="60,96,20,64,46,69,117,103,91,59,78,108,5" hai2="116,74,8,18,47,98,95,128,34,25,71,16,36" hai3="31,135,41,107,33,23,48,32,61,88,22,26,27"/><T58/><D119/><U106/><E117/><V67/><F116/><W84/><G107/><T118/><D118/><U24/><E108/><V123/><F123/><W39/><G39/><T49/><D37/><U3/><E78/><V89/><F74/><W12/><G135/><T55/><D77/><U44/><E91/><V53/><F128/><W9/><G61/><T62/><D102/><U93/><E106/><V14/><F71/><W124/><G124/><T54/><D49/><U110/><E110/><V79/><F79/><W87/><G48/><T15/><D15/><U129/><E129/><V56/><F67/><W38/><G41/><T83/><REACH who="0" step="1"/><D94/><REACH who="0" ten="207,264,324,195" step="2"/><U13/><E93/><V19/><F36/><W35/><G38/><T104/><D104/><U131/><E103/><V109/><F109/><W127/><G127/><T121/><D121/><U130/><E131/><V114/><F14/><W17/><REACH who="3" step="1"/><G88/><REACH who="3" ten="207,264,324,185" step="2"/><T51/><D51/><U70/><E130/><V66/><F89/><W101/><G101/><T100/><D100/><U73/><E60/><V134/><F95/><W120/><G120/><T82/><D82/><U126/><E126/><V52/><F134/><W0/><G0/><T6/><D6/><AGARI ba="2,2" hai="6,9,12,17,22,23,26,27,31,32,33,35,84,87" machi="6" ten="40,1300,0" yaku="1,1,53,0" doraHai="122" doraHaiUra="86" who="3" fromWho="0" sc="207,-19,264,0,324,0,185,39" /><INIT seed="5,0,0,4,3,99" ten="188,264,324,224" oya="1" hai0="62,93,94,73,42,22,78,123,64,61,9,106,129" hai1="41,38,2,96,36,131,118,63,130,127,115,44,37" hai2="91,95,79,86,40,43,30,100,19,117,0,17,68" hai3="7,3,65,8,12,116,21,55,125,5,119,53,126"/><U24/><E2/><V23/><F117/><N who="3" m="45131" /><G65/><T89/><D106/><U49/><E24/><N who="2" m="16671" /><F68/><W15/><G53/><T47/><D129/><N who="1" m="49163" /><E118/><V26/><F0/><N who="3" m="39" /><G55/><T10/><D123/><U56/><E96/><N who="2" m="59423" /><F79/><W31/><G3/><T98/><D78/><U39/><E115/><V4/><F4/><W112/><G112/><T135/><D73/><U107/><E107/><V121/><F121/><W110/><G110/><T35/><D135/><U90/><E90/><V111/><F111/><W59/><G59/><T45/><D35/><U18/><E18/><N who="2" m="6667" /><F26/><N who="3" m="16847" /><G7/><T16/><D93/><AGARI ba="0,0" hai="40,43,86,91,93" m="6667,59423,16671" machi="93" ten="30,2000,0" yaku="8,1,52,1" doraHai="99" who="2" fromWho="0" sc="188,-20,264,0,324,20,224,0" /><INIT seed="6,0,0,4,0,110" ten="168,264,344,224" oya="2" hai0="33,80,26,71,125,46,120,96,114,24,8,50,92" hai1="57,98,95,93,42,28,76,11,1,32,100,116,123" hai2="19,2,48,6,38,128,17,83,22,89,66,55,86" hai3="49,85,81,64,135,9,133,39,131,12,35,121,30"/><V53/><F38/><W60/><G39/><T79/><D120/><U5/><E116/><V74/><F128/><W126/><G121/><T70/><D125/><U82/><E123/><V40/><F66/><W102/><G102/><T59/><D114/><U20/><E32/><V103/><F74/><W23/><G35/><T25/><D33/><U27/><E57/><V41/><F103/><W87/><G49/><T56/><D8/><U18/><E42/><V112/><F53/><W109/><G109/><T0/><D0/><U73/><E28/><V94/><F19/><W69/><G126/><T14/><D14/><U34/><E34/><V29/><F29/><W52/><G131/><T7/><D7/><U111/><REACH who="1" step="1"/><E111/><REACH who="1" ten="168,254,344,224" step="2"/><V67/><F41/><W3/><G30/><T84/><D71/><U45/><E45/><V15/><F40/><W75/><G69/><T21/><D70/><U4/><E4/><V118/><F118/><W97/><G133/><T108/><D108/><U129/><E129/><V101/><F6/><W47/><G47/><T61/><D61/><U113/><E113/><V58/><F112/><W65/><G60/><T43/><REACH who="0" step="1"/><D21/><REACH who="0" ten="158,254,344,224" step="2"/><U124/><E124/><V106/><F22/><W90/><G23/><T91/><AGARI ba="0,2" hai="24,25,26,43,46,50,56,59,79,80,84,91,92,96" machi="91" ten="30,7900,0" yaku="1,1,2,1,0,1,8,1,53,0" doraHai="110" doraHaiUra="63" who="0" fromWho="0" sc="158,99,254,-20,344,-39,224,-20" /><INIT seed="7,0,0,4,1,101" ten="257,234,305,204" oya="3" hai0="5,19,109,99,30,12,59,93,49,83,0,88,104" hai1="54,38,60,124,50,40,85,34,13,70,20,57,103" hai2="15,65,71,64,128,135,89,7,77,127,14,92,123" hai3="1,131,100,29,23,52,75,53,56,28,114,80,113"/><W11/><G131/><T18/><D109/><U25/><E124/><V32/><F71/><W6/><G100/><T27/><D0/><U55/><E34/><V67/><F32/><W73/><G53/><N who="0" m="32175" /><D104/><U17/><E38/><V133/><F123/><W115/><G80/><T68/><D68/><U94/><E40/><V122/><F122/><W63/><REACH who="3" step="1"/><G23/><REACH who="3" ten="257,234,305,194" step="2"/><N who="0" m="15743" /><D83/><U46/><E103/><V69/><F128/><W8/><G8/><AGARI ba="0,1" hai="5,8,12,18,19,88,93,99" m="15743,32175" machi="8" ten="30,2000,0" yaku="8,1,54,1" doraHai="101" who="0" fromWho="3" sc="257,30,234,0,305,0,194,-20" owari="287,8.7,234,-16.6,305,40.5,174,-32.6" /></mjloggm>