<mjloggm ver="2.3"><GO type="169" lobby="0"/><UN n0="%E3%81%BF%E3%81%AE%E3%81%AF%E3%81%98" n1="%E7%B4%99%E5%90%B9%E9%9B%AA" n2="%E3%81%8A%E3%81%A3%E3%81%8F%E3%82%93%4D%4C" n3="%E3%81%8D%E3%81%84%E3%81%AA" dan="16,16,16,17" rate="2077.93,2138.68,2079.52,2192.58" sx="M,M,M,F"/><TAIKYOKU oya="0"/><INIT seed="0,0,0,3,1,126" ten="250,250,250,250" oya="0" hai0="4,11,43,2,46,26,77,53,97,60,94,132,63" hai1="125,34,38,69,41,12,79,120,82,31,91,95,16" hai2="64,81,47,110,50,130,37,75,124,113,36,27,133" hai3="44,115,99,98,135,83,30,106,29,117,131,71,109"/><T103/><D132/><U49/><E120/><V13/><F113/><W87/><G115/><T80/><D26/><U134/><E69/><V72/><F124/><W119/><G71/><T67/><D53/><U33/><E125/><V8/><F110/><W1/><G1/><T108/><D67/><U55/><E134/><V61/><F133/><W19/><G135/><T112/><D108/><U74/><E38/><V93/><F37/><W39/><G109/><T10/><D10/><U100/><E100/><V14/><F36/><W86/><G19/><T107/><D107/><U58/><E31/><V85/><F14/><W128/><G39/><N who="0" m="21887" /><D112/><U0/><E41/><V101/><F93/><W7/><G83/><T111/><D111/><U114/><E0/><V121/><F101/><W129/><G7/><T48/><D48/><U21/><REACH who="1" step="1"/><E114/><REACH who="1" ten="250,240,250,250" step="2"/><V104/><F121/><W122/><G122/><T84/><D103/><U17/><E17/><V22/><F104/><W68/><G68/><T35/><D2/><U40/><E40/><V62/><F75/><W3/><G3/><T92/><D4/><U96/><AGARI ba="0,1" hai="12,16,21,33,34,49,55,58,74,79,82,91,95,96" machi="96" ten="20,8000,1" yaku="1,1,0,1,7,1,54,1,53,1" doraHai="126" doraHaiUra="18" who="1" fromWho="1" sc="250,-40,240,90,250,-20,250,-20" /><INIT seed="1,0,0,1,1,115" ten="210,330,230,230" oya="1" hai0="40,22,56,6,23,44,71,4,125,110,91,36,76" hai1="73,70,127,105,101,98,8,37,53,14,39,25,107" hai2="131,46,65,5,84,112,87,52,59,111,75,16,50" hai3="118,116,78,33,61,19,17,129,30,49,68,45,2"/><U29/><E127/><V12/><F111/><W124/><G2/><T18/><D110/><U88/><E73/><V55/><F131/><W126/><G129/><T85/><D71/><U123/><E105/><V79/><F112/><W97/><G78/><T99/><D125/><N who="3" m="48233" /><G97/><T20/><D99/><U74/><E74/><V106/><F106/><W57/><G68/><T135/><D135/><U89/><E70/><V120/><F120/><W134/><G134/><T119/><D76/><U72/><E72/><V66/><F75/><W63/><G30/><T83/><D119/><N who="3" m="45609" /><G33/><T7/><REACH who="0" step="1"/><D56/><REACH who="0" ten="200,330,230,230" step="2"/><U0/><E98/><V62/><F79/><W9/><G9/><T54/><D54/><U94/><E53/><V114/><F114/><W82/><G82/><T104/><D104/><U28/><E107/><V35/><F87/><W103/><G103/><T93/><D93/><U21/><E94/><V113/><F113/><W38/><G38/><T58/><D58/><U92/><E92/><V11/><F84/><W47/><G47/><T109/><D109/><U108/><E101/><V67/><REACH who="2" step="1"/><F35/><REACH who="2" ten="200,330,220,230" step="2"/><W51/><G63/><T32/><D32/><U96/><E108/><V133/><F133/><W1/><G1/><T26/><AGARI ba="0,2" hai="4,6,7,18,20,22,23,26,36,40,44,83,85,91" machi="26" ten="30,2000,0" yaku="1,1,0,1,53,0" doraHai="115" doraHaiUra="130" who="0" fromWho="0" sc="200,40,330,-10,220,-5,230,-5" /><INIT seed="2,0,0,0,2,129" ten="240,320,215,225" oya="2" hai0="69,63,99,108,76,104,116,71,42,55,67,70,133" hai1="88,114,82,36,97,0,26,68,41,38,44,121,56" hai2="73,25,40,14,45,74,91,7,31,120,43,64,111" hai3="98,3,102,78,77,65,5,9,15,110,95,47,1"/><V33/><F120/><W37/><G110/><T39/><D76/><U23/><E114/><V123/><F123/><W50/><G37/><T21/><D21/><U115/><E68/><V54/><F40/><W79/><REACH who="3" step="1"/><G65/><REACH who="3" ten="240,320,215,215" step="2"/><T18/><D67/><U128/><E38/><V58/><F64/><W51/><G51/><T132/><D108/><U122/><E121/><V80/><F111/><W61/><G61/><T11/><D63/><U60/><E122/><V13/><F74/><W112/><G112/><T20/><D116/><U106/><E115/><V8/><F73/><W94/><G94/><T48/><D39/><U85/><E128/><V32/><F32/><W49/><G49/><T109/><D109/><U66/><E106/><V124/><F33/><W53/><AGARI ba="0,1" hai="1,3,5,9,15,47,50,53,77,78,79,95,98,102" machi="53" ten="30,2000,0" yaku="1,1,0,1,53,0" doraHai="129" doraHaiUra="101" who="3" fromWho="3" sc="240,-5,320,-5,215,-10,215,30" /><INIT seed="3,0,0,5,5,101" ten="235,315,205,245" oya="3" hai0="95,42,105,49,17,20,57,125,1,32,31,120,115" hai1="106,79,59,114,117,112,82,87,37,113,4,67,121" hai2="10,109,44,88,47,63,98,6,128,52,8,29,65" hai3="104,69,85,78,135,77,118,68,39,53,21,124,26"/><W60/><G39/><T92/><D120/><U134/><E37/><V133/><F109/><W107/><G118/><T40/><D1/><U84/><E4/><V86/><F133/><W33/><G33/><T9/><D9/><U46/><E46/><V55/><F128/><W0/><G0/><T70/><D70/><U72/><E67/><V27/><F98/><W18/><G135/><T66/><D32/><U74/><E59/><N who="2" m="37119" /><F27/><W25/><G124/><T126/><D31/><U54/><E54/><N who="2" m="20523" /><F29/><W35/><G35/><T22/><D105/><U14/><E14/><N who="2" m="5399" /><F10/><W11/><G11/><T3/><D3/><U75/><E134/><V56/><F56/><W130/><G26/><T91/><D57/><U81/><E121/><V108/><F108/><W111/><G130/><T23/><D115/><U83/><E117/><V80/><AGARI ba="0,0" hai="44,47,80,86,88" m="5399,20523,37119" machi="80" ten="30,4000,0" yaku="8,1,54,2" doraHai="101" who="2" fromWho="2" sc="235,-10,315,-10,205,40,245,-20" /><INIT seed="4,0,0,4,1,30" ten="225,305,245,225" oya="0" hai0="19,51,108,121,98,123,110,35,8,50,56,25,71" hai1="68,27,67,92,125,49,80,78,117,115,69,76,33" hai2="62,11,66,89,17,24,83,42,12,101,86,5,126" hai3="119,60,54,23,22,87,97,34,118,105,59,73,58"/><T91/><D71/><U107/><E117/><V81/><F126/><W88/><G73/><T111/><D98/><U3/><E3/><V55/><F42/><W134/><G134/><T133/><D133/><U94/><E125/><V7/><F101/><W114/><G114/><T132/><D132/><U29/><E115/><V28/><F83/><W9/><G34/><T90/><D8/><U113/><E113/><V0/><F55/><W122/><G122/><N who="0" m="46603" /><D19/><U44/><E107/><V82/><F82/><W2/><G2/><T45/><D56/><U65/><E76/><V1/><F0/><W131/><G9/><T47/><D25/><U10/><E10/><V124/><F124/><W96/><G118/><T40/><D35/><U39/><E39/><V15/><F12/><W77/><G97/><T31/><D31/><U21/><E21/><V6/><F1/><W48/><G105/><T18/><D18/><U128/><E68/><V130/><F130/><W79/><G131/><T104/><D104/><U109/><E128/><V37/><F37/><W38/><G96/><T52/><AGARI ba="0,0" hai="40,45,47,50,51,52,90,91,108,110,111" m="46603" machi="52" ten="40,3900,0" yaku="10,1,54,1" doraHai="30" who="0" fromWho="0" sc="225,39,305,-13,245,-13,225,-13" /><INIT seed="4,1,0,3,1,77" ten="264,292,232,212" oya="0" hai0="117,68,43,86,32,127,74,84,67,29,92,69,10" hai1="31,23,55,113,17,45,85,98,42,71,110,111,115" hai2="6,80,120,44,38,133,103,0,5,9,100,118,60" hai3="135,79,8,11,14,129,75,106,70,33,41,108,81"/><T37/><D117/><U109/><E71/><V21/><F120/><W2/><G108/><T112/><D112/><N who="1" m="43083" /><E98/><V104/><F133/><W88/><G129/><T64/><D74/><U4/><E4/><V101/><F6/><W82/><G33/><T131/><D10/><U63/><E31/><V56/><F118/><W122/><G106/><T30/><D92/><U19/><E23/><V24/><F44/><W12/><G2/><T57/><D57/><N who="1" m="35263" /><E85/><V62/><F62/><W46/><G70/><T132/><D43/><U73/><E73/><V76/><F38/><AGARI ba="1,0" hai="17,19,38,42,45,109,110,111" m="35263,43083" machi="38" ten="40,2600,0" yaku="15,1,11,1" doraHai="77" who="1" fromWho="2" sc="264,0,292,29,232,-29,212,0" /><INIT seed="5,0,0,3,1,88" ten="264,321,203,212" oya="1" hai0="67,45,76,14,101,23,97,99,114,70,53,124,60" hai1="79,4,42,77,3,84,16,129,48,25,2,125,105" hai2="59,80,47,54,83,15,86,34,95,72,18,62,96" hai3="107,49,50,52,38,21,90,40,19,30,106,29,133"/><U57/><E105/><V82/><F34/><W68/><G68/><T35/><D35/><U37/><E37/><V85/><F72/><W58/><G38/><T26/><D114/><U43/><E129/><V116/><F47/><W55/><G40/><T119/><D124/><U135/><E125/><V93/><F116/><W121/><G121/><T115/><D115/><U63/><E135/><V1/><F1/><W61/><G133/><T9/><D76/><U56/><E4/><V128/><F128/><W130/><G130/><T111/><D111/><U118/><E118/><V69/><F69/><W87/><G106/><T113/><D113/><U13/><E25/><V123/><F123/><W17/><G107/><T103/><D99/><U117/><E117/><V92/><REACH who="2" step="1"/><F96/><REACH who="2" ten="264,321,193,212" step="2"/><W75/><G75/><T27/><D97/><U100/><E2/><V51/><F51/><W122/><G122/><T94/><D45/><U12/><E48/><V131/><F131/><W91/><G61/><T109/><D60/><U89/><E3/><V41/><F41/><W22/><G87/><T44/><D44/><U127/><E43/><V0/><F0/><W36/><G36/><T134/><D70/><U32/><E42/><V6/><F6/><W39/><G39/><T98/><D98/><U31/><E63/><V73/><F73/><W126/><G126/><T20/><D134/><U78/><E127/><V5/><F5/><W33/><G33/><T10/><D119/><U112/><E32/><V120/><F120/><W81/><G58/><N who="1" m="22634" /><E112/><V65/><F65/><W46/><G46/><T102/><D67/><RYUUKYOKU ba="0,1" sc="264,-15,321,-15,193,15,212,15" hai2="15,18,54,59,62,80,82,83,85,86,92,93,95" hai3="17,19,21,22,29,30,49,50,52,55,81,90,91" /><INIT seed="6,1,1,5,3,14" ten="249,306,208,227" oya="2" hai0="54,13,35,31,69,42,67,90,104,64,10,119,38" hai1="129,81,100,21,126,60,113,93,33,41,96,91,47" hai2="99,83,63,87,66,82,122,88,26,118,40,61,17" hai3="20,86,127,85,29,74,28,8,103,106,4,50,79"/><V2/><F118/><W24/><G127/><T1/><D1/><U94/><E33/><V22/><F122/><W130/><G130/><T55/><D104/><U5/><E129/><V75/><F2/><W18/><G74/><T109/><D109/><U76/><E126/><V71/><F40/><W11/><G106/><T102/><D102/><U7/><E113/><V23/><F99/><W16/><G103/><T34/><D38/><U98/><E60/><V73/><F83/><N who="3" m="47359" /><G4/><T135/><D42/><U131/><E21/><V105/><F105/><W111/><G111/><T116/><D31/><N who="3" m="11849" /><G86/><T9/><D135/><U92/><E92/><V25/><F63/><W124/><G124/><T134/><D134/><U3/><E3/><V128/><F128/><W97/><G97/><T0/><D0/><U46/><E46/><V65/><F65/><W95/><G95/><T39/><D39/><U72/><E131/><V30/><AGARI ba="1,1" hai="17,22,23,25,26,30,61,66,71,73,75,82,87,88" machi="30" ten="20,7800,0" yaku="0,1,7,1,52,1,54,1" doraHai="14" who="2" fromWho="2" sc="249,-27,306,-27,208,91,227,-27" /><INIT seed="6,2,0,2,1,66" ten="222,279,299,200" oya="2" hai0="93,91,134,127,114,96,12,6,17,8,83,27,55" hai1="112,20,97,68,70,115,43,19,9,69,78,98,100" hai2="39,117,131,61,110,118,57,52,51,121,123,15,111" hai3="73,67,95,102,0,23,7,34,125,86,94,87,105"/><V133/><F39/><W16/><G73/><T42/><D114/><N who="1" m="43563" /><E43/><V106/><F106/><W26/><G105/><T46/><D127/><U13/><E78/><V120/><F133/><W35/><G125/><T64/><D134/><U92/><E98/><V113/><F113/><W63/><G7/><T38/><D64/><U104/><E104/><V77/><F15/><W75/><G0/><T48/><D83/><U116/><E116/><N who="2" m="44651" /><F77/><W65/><G75/><T60/><D60/><U129/><E129/><V37/><F37/><W76/><G67/><T40/><D38/><U50/><E50/><V82/><F82/><W31/><G35/><T124/><D124/><U126/><E126/><V4/><F4/><W130/><G130/><T84/><D96/><U122/><E122/><V5/><F5/><W62/><G62/><T79/><D79/><U11/><AGARI ba="2,0" hai="9,11,13,19,20,68,69,70,92,97,100" m="43563" machi="11" ten="40,8000,1" yaku="15,1,52,3" doraHai="66" who="1" fromWho="1" sc="222,-22,279,86,299,-42,200,-22" /><INIT seed="7,0,0,0,2,83" ten="200,365,257,178" oya="3" hai0="126,91,48,3,96,101,123,12,106,94,25,53,75" hai1="66,71,43,99,114,50,130,92,79,105,33,82,78" hai2="74,97,28,122,13,64,88,44,34,70,47,20,73" hai3="129,133,103,56,2,125,98,58,46,21,102,72,52"/><W100/><G72/><T54/><D3/><U27/><E130/><V115/><F34/><W89/><G129/><T32/><D123/><U128/><E128/><V65/><F88/><W67/><G2/><T118/><D118/><U0/><E0/><V38/><F97/><W36/><G133/><T40/><D126/><U1/><E1/><V131/><F131/><W62/><G125/><T111/><D111/><U117/><E117/><V49/><F38/><W7/><G7/><T95/><D75/><U14/><E114/><V18/><F44/><W68/><G21/><T29/><D106/><U121/><E121/><V41/><F122/><W59/><G36/><T15/><D40/><U24/><E105/><V90/><F65/><W93/><REACH who="3" step="1"/><G46/><REACH who="3" ten="200,365,257,168" step="2"/><T22/><D32/><U60/><E33/><V42/><F74/><W81/><G81/><T17/><D29/><U57/><E82/><V112/><F73/><W76/><G76/><T26/><D26/><U39/><E78/><V19/><F28/><W9/><G9/><T124/><D124/><U119/><E79/><V23/><F115/><W85/><G85/><N who="0" m="52591" /><D54/><AGARI ba="0,1" hai="52,54,56,58,59,62,67,68,89,93,98,100,102,103" machi="54" ten="40,3900,0" yaku="1,1,54,1,53,0" doraHai="83" doraHaiUra="107" who="3" fromWho="0" sc="200,-39,365,0,257,0,168,49" /><INIT seed="7,1,0,5,4,2" ten="161,365,257,217" oya="3" hai0="33,3,66,88,87,129,40,120,134,7,117,72,84" hai1="58,82,74,106,135,48,61,92,18,85,96,128,90" hai2="67,83,60,78,93,16,20,13,79,45,32,94,81" hai3="103,12,55,73,24,46,65,0,54,95,22,99,37"/><W30/><G0/><T115/><D120/><U15/><E135/><V11/><F32/><W111/><G73/><T53/><D117/><U51/><E106/><V105/><F105/><W133/><G133/><T23/><D33/><U38/><E38/><V28/><F45/><W1/><G1/><T69/><D72/><U43/><E43/><V112/><F112/><W42/><G111/><T109/><D109/><U113/><E128/><V131/><F131/><W121/><G121/><T110/><D110/><U91/><E74/><V21/><F94/><W50/><G37/><T56/><D129/><U102/><E102/><V125/><F93/><W10/><REACH who="3" step="1"/><G65/><REACH who="3" ten="161,365,257,207" step="2"/><T34/><D134/><U63/><E113/><V27/><F125/><W122/><G122/><T127/><D127/><U75/><E75/><V71/><REACH who="2" step="1"/><F11/><REACH who="2" ten="161,365,247,207" step="2"/><W68/><G68/><T89/><D69/><U29/><E92/><V114/><F114/><W80/><G80/><AGARI ba="1,2" hai="13,16,20,21,27,28,60,67,71,78,79,80,81,83" machi="80" ten="40,2600,0" yaku="1,1,54,1,53,0" doraHai="2" doraHaiUra="119" who="2" fromWho="3" sc="161,0,365,0,247,49,207,-29" owari="161,-33.9,365,46.5,296,9.6,178,-22.2" /></mjloggm>