<mjloggm ver="2.3"><GO type="169" lobby="0"/><UN n0="%E8%99%9A%E6%B7%B5%E7%8E%84" n1="%E6%88%91%E5%8F%AF%E4%BB%A5" n2="%E3%81%9F%E3%81%8F%E3%81%9E%E3%81%85" n3="%E6%84%9A%E5%85%84%E3%81%8C%E6%84%9A%E5%BD%A2" dan="17,18,16,18" rate="2201.36,2266.37,2118.53,2209.83" sx="M,M,M,M"/><TAIKYOKU oya="0"/><INIT seed="0,0,0,4,2,13" ten="250,250,250,250" oya="0" hai0="10,106,34,53,22,127,39,23,113,120,11,114,83" hai1="65,97,40,58,51,75,78,89,8,133,0,96,12" hai2="129,30,122,74,25,70,119,62,117,68,67,38,86" hai3="7,47,131,60,81,52,91,37,32,82,5,130,135"/><T36/><D83/><U109/><E109/><V93/><F122/><W101/><G32/><T105/><D34/><U123/><E123/><V124/><F38/><W31/><G31/><T54/><REACH who="0" step="1"/><D120/><REACH who="0" ten="240,250,250,250" step="2"/><U2/><E133/><V9/><F119/><W90/><G81/><T84/><D84/><U72/><E72/><V128/><F74/><W64/><G82/><T85/><D85/><U42/><E75/><V80/><F117/><W43/><G135/><T24/><D24/><U77/><E77/><V17/><F80/><W19/><G131/><T15/><D15/><U57/><E78/><V104/><F129/><W35/><G130/><T18/><D18/><U110/><E12/><V33/><F128/><W50/><G35/><T26/><D26/><U79/><E79/><V29/><F25/><W134/><G134/><T28/><D28/><U66/><E2/><V69/><F29/><W88/><G19/><T112/><D112/><U121/><E0/><V41/><F17/><W49/><G5/><T48/><D48/><U118/><E51/><V71/><F30/><W87/><G7/><T4/><D4/><U115/><E121/><V99/><F86/><W116/><G87/><T1/><D1/><U20/><E115/><V126/><F33/><W107/><G50/><T56/><D56/><U76/><E76/><V100/><F71/><W6/><G6/><T44/><D44/><U63/><E118/><V92/><F70/><W45/><G116/><T95/><D95/><N who="2" m="36426" /><F68/><W61/><G47/><T102/><D102/><U132/><E132/><V21/><F100/><W94/><G101/><RYUUKYOKU ba="0,1" sc="240,30,250,-10,250,-10,250,-10" hai0="10,11,22,23,36,39,53,54,105,106,113,114,127" /><INIT seed="0,1,1,1,2,26" ten="270,240,240,240" oya="0" hai0="96,27,105,125,28,39,116,77,90,87,0,113,71" hai1="94,66,22,29,122,51,95,133,10,43,53,117,84" hai2="118,111,57,130,64,15,24,93,82,106,38,9,85" hai3="54,73,107,76,4,120,20,18,81,33,124,46,12"/><T80/><D113/><U72/><E72/><V70/><F106/><W55/><G124/><T127/><D116/><U8/><E117/><V17/><F38/><W65/><G107/><T32/><D39/><U14/><E122/><V40/><F111/><W126/><G126/><N who="0" m="48139" /><D0/><U49/><E66/><V129/><F40/><W101/><G101/><N who="0" m="62631" /><D71/><U109/><E133/><V35/><F93/><W63/><G120/><T41/><D41/><U52/><E43/><V16/><F70/><W100/><G100/><T67/><D67/><U1/><E1/><V13/><F118/><W30/><G4/><T58/><D58/><U78/><E109/><V97/><F97/><W134/><G134/><T59/><D59/><U62/><E62/><V50/><F50/><W45/><G45/><T121/><D121/><U110/><E110/><V19/><F57/><W68/><REACH who="3" step="1"/><G46/><REACH who="3" ten="270,240,240,230" step="2"/><T75/><D90/><U56/><E78/><V11/><F64/><W36/><G36/><T99/><D99/><U114/><E114/><V103/><F103/><W86/><G86/><AGARI ba="1,2" hai="27,28,32,75,77,80,86,87" m="62631,48139" machi="86" ten="30,2900,0" yaku="18,1,52,1" doraHai="26" who="0" fromWho="3" sc="270,52,240,0,240,0,230,-32" /><INIT seed="0,2,0,1,2,57" ten="322,240,240,198" oya="0" hai0="65,4,28,74,35,9,75,6,112,87,23,128,106" hai1="107,125,22,64,123,90,118,73,129,59,21,77,5" hai2="45,111,121,70,113,114,81,48,101,17,84,69,72" hai3="2,41,110,55,100,42,53,61,29,46,26,66,89"/><T104/><D112/><U31/><E118/><V127/><F121/><W0/><G110/><T92/><D35/><U96/><E123/><V122/><F111/><W63/><G100/><T37/><D37/><U102/><E125/><V49/><F122/><W20/><G89/><T131/><D23/><U50/><E129/><N who="0" m="49737" /><D28/><U105/><E105/><N who="0" m="40553" /><D65/><U80/><E31/><V8/><F127/><W95/><G95/><T133/><D9/><U1/><E90/><V83/><F8/><W109/><G109/><T51/><D51/><U117/><E50/><V11/><F101/><W19/><G29/><T67/><D67/><U36/><E36/><V43/><F48/><W60/><G66/><T86/><D133/><U32/><E32/><V27/><F11/><W71/><G71/><T97/><D4/><U119/><E5/><V82/><F69/><W91/><G91/><N who="0" m="55455" /><D6/><U130/><E130/><V135/><F135/><W39/><REACH who="3" step="1"/><G41/><REACH who="3" ten="322,240,240,188" step="2"/><T3/><D3/><AGARI ba="2,1" hai="0,2,3,19,20,26,39,42,46,53,55,60,61,63" machi="3" ten="40,8000,1" yaku="1,1,2,1,52,3,53,0" doraHai="57" doraHaiUra="134" who="3" fromWho="0" sc="322,-86,240,0,240,0,188,96" /><INIT seed="1,0,0,1,1,77" ten="236,240,240,284" oya="1" hai0="20,109,132,36,48,9,106,69,74,25,70,57,34" hai1="0,62,79,16,47,46,107,61,133,29,14,26,10" hai2="80,82,38,119,53,110,101,81,13,1,126,50,91" hai3="21,135,18,52,55,3,63,12,58,65,115,92,118"/><U33/><E133/><V59/><F119/><W87/><G135/><T114/><D114/><U43/><E107/><V45/><F1/><W90/><G115/><T112/><D112/><U93/><E46/><V42/><F110/><W89/><G3/><T97/><D36/><U83/><E93/><V117/><F117/><W8/><G118/><T120/><D34/><U67/><E0/><V24/><F126/><W124/><G124/><T54/><D74/><U121/><E121/><V28/><F101/><W98/><REACH who="3" step="1"/><G8/><REACH who="3" ten="236,240,240,274" step="2"/><T35/><D9/><U68/><E62/><V41/><F41/><W2/><G2/><T122/><D132/><U131/><E131/><V23/><REACH who="2" step="1"/><F13/><REACH who="2" ten="236,240,230,274" step="2"/><W15/><G15/><T56/><D120/><U7/><E43/><V129/><F129/><W130/><G130/><T75/><D122/><U73/><REACH who="1" step="1"/><E47/><REACH who="1" ten="236,230,230,274" step="2"/><V44/><F44/><W19/><G19/><AGARI ba="0,3" hai="7,10,14,16,19,26,29,33,61,67,68,73,79,83" machi="19" ten="40,12000,1" yaku="1,1,2,1,52,1,54,1,53,0" doraHai="77" doraHaiUra="17" who="1" fromWho="3" sc="236,0,230,150,230,0,274,-120" /><INIT seed="1,1,0,4,0,31" ten="236,380,230,154" oya="1" hai0="74,60,131,33,12,7,23,35,110,2,29,126,119" hai1="1,51,6,134,133,67,108,66,107,21,71,22,73" hai2="28,91,53,100,63,42,24,89,4,9,32,65,121" hai3="129,72,46,83,77,87,34,75,44,113,82,84,105"/><U18/><E107/><V57/><F121/><W104/><G129/><T109/><D74/><U122/><E122/><V70/><F42/><W106/><G113/><T17/><D60/><U25/><E73/><V98/><F53/><W10/><G10/><N who="0" m="2423" /><D119/><U49/><E108/><N who="0" m="41577" /><D126/><U30/><E6/><V116/><F57/><W41/><G41/><T8/><D131/><U125/><E1/><V88/><F116/><W90/><G106/><T56/><D56/><U96/><E96/><V3/><REACH who="2" step="1"/><F89/><REACH who="2" ten="236,380,220,154" step="2"/><W102/><G90/><T78/><D78/><U37/><E125/><V48/><F48/><W13/><G77/><T79/><D79/><U39/><E49/><V117/><F117/><W59/><G59/><T15/><D29/><U114/><E51/><V120/><F120/><W52/><G102/><T5/><AGARI ba="1,1" hai="5,8,12,15,17,23,33,35" m="41577,2423" machi="5" ten="30,8000,1" yaku="14,1,34,2,52,2" doraHai="31" who="0" fromWho="0" sc="236,93,380,-41,220,-21,154,-21" /><INIT seed="2,0,0,3,4,18" ten="329,339,199,133" oya="2" hai0="25,82,93,28,92,45,71,57,133,72,38,124,35" hai1="132,74,54,94,0,39,51,116,15,64,47,121,12" hai2="76,77,101,60,120,10,79,85,41,96,31,43,56" hai3="14,26,11,68,23,70,134,55,118,80,62,98,36"/><V115/><F115/><W126/><G118/><T91/><D71/><U16/><E116/><V128/><F120/><W131/><G36/><T102/><D133/><U112/><E0/><V48/><F128/><W114/><G134/><T42/><D124/><U81/><E112/><V99/><F31/><W8/><G126/><T113/><D113/><U67/><E121/><V95/><F48/><W24/><G131/><T125/><D102/><U83/><E39/><V34/><F34/><W46/><G114/><T3/><D125/><U66/><E132/><V111/><F111/><W122/><G122/><T89/><D3/><U104/><E104/><V21/><F21/><W117/><G117/><T103/><D103/><U5/><E74/><V109/><F109/><W37/><G98/><T63/><D91/><U75/><E75/><V49/><F49/><W9/><G80/><T86/><REACH who="0" step="1"/><D72/><REACH who="0" ten="319,339,199,133" step="2"/><U61/><E94/><V17/><F99/><W1/><G1/><T105/><D105/><U97/><E97/><V50/><F85/><W53/><G70/><T44/><D44/><U58/><E81/><V19/><F96/><W65/><G46/><T88/><D88/><U33/><E83/><V106/><F106/><W7/><G37/><T90/><D90/><U13/><E47/><V22/><F101/><W6/><G6/><T127/><D127/><U84/><E5/><V4/><F4/><W100/><G100/><T20/><D20/><N who="1" m="11271" /><E84/><V129/><F129/><W32/><G7/><T30/><D30/><U73/><E73/><V119/><F119/><W59/><G68/><T69/><D69/><RYUUKYOKU ba="0,1" sc="319,30,339,-10,199,-10,133,-10" hai0="25,28,35,38,42,45,57,63,82,86,89,92,93" /><INIT seed="3,1,1,4,3,62" ten="349,329,189,123" oya="3" hai0="36,85,104,31,93,7,61,89,84,21,120,12,43" hai1="67,125,88,15,39,0,22,13,54,130,135,60,4" hai2="113,91,3,86,116,117,100,27,17,50,131,119,102" hai3="2,55,14,82,6,103,106,46,68,87,24,112,94"/><W71/><G112/><T110/><D110/><U124/><E39/><V72/><F3/><W108/><G2/><T9/><D104/><U44/><E135/><V76/><F27/><W42/><G106/><T98/><D120/><U58/><E130/><V40/><F40/><W122/><G122/><T18/><D31/><U77/><E77/><V57/><F17/><W11/><G55/><T73/><D73/><U10/><E22/><V127/><F113/><W129/><G129/><T74/><D74/><U99/><E44/><V26/><F26/><W79/><G24/><T118/><D118/><U47/><E47/><V133/><F131/><W95/><G108/><T56/><D43/><U69/><E99/><V114/><F114/><W92/><REACH who="3" step="1"/><G103/><REACH who="3" ten="349,329,189,113" step="2"/><T63/><D12/><U96/><E13/><V29/><F102/><W64/><G64/><T28/><D28/><U19/><E0/><V111/><F100/><W66/><G66/><T105/><D105/><U59/><E54/><V80/><F111/><W134/><G134/><T75/><D61/><U65/><E60/><V30/><F133/><W32/><G32/><T25/><D63/><U5/><E15/><V90/><F119/><W83/><G83/><T45/><D25/><U70/><E65/><V128/><F117/><W41/><G41/><T101/><D101/><U121/><E67/><V107/><F107/><W20/><G20/><T109/><D109/><U49/><E121/><V35/><F116/><W1/><G1/><T33/><D33/><U23/><E23/><V78/><F128/><W52/><G52/><T16/><D21/><RYUUKYOKU ba="1,2" sc="349,-10,329,-10,189,-10,113,30" hai3="6,11,14,42,46,68,71,79,82,87,92,94,95" /><INIT seed="3,2,2,2,5,53" ten="339,319,179,143" oya="3" hai0="119,117,13,120,0,34,9,54,38,22,17,82,48" hai1="125,49,102,50,127,45,97,91,84,57,31,73,88" hai2="94,64,132,118,134,68,126,92,113,61,115,130,18" hai3="133,6,74,67,15,101,56,33,103,2,4,52,129"/><W25/><G74/><T8/><D38/><U108/><E73/><V23/><F118/><W81/><G2/><T43/><D43/><U66/><E108/><V95/><F130/><W14/><G129/><T46/><D120/><U47/><E31/><V114/><REACH who="2" step="1"/><F126/><REACH who="2" ten="339,319,169,143" step="2"/><W42/><G133/><T79/><D119/><U16/><E125/><V83/><F83/><W109/><G109/><T71/><D117/><U30/><E127/><V58/><F58/><W5/><G81/><T3/><D71/><U89/><E84/><V122/><F122/><W10/><G42/><T85/><D34/><U107/><E45/><V19/><F19/><W63/><G33/><T72/><D72/><U39/><E30/><V111/><F111/><W76/><G76/><T44/><D44/><U11/><E47/><V29/><F29/><W40/><G40/><T35/><D35/><U12/><REACH who="1" step="1"/><E39/><REACH who="1" ten="339,309,169,143" step="2"/><V86/><F86/><W100/><G25/><AGARI ba="2,4" hai="18,23,25,61,64,68,92,94,95,113,114,115,132,134" machi="25" ten="50,1600,0" yaku="1,1,53,0" doraHai="53" doraHaiUra="55" who="2" fromWho="3" sc="339,0,309,0,169,62,143,-22" /><INIT seed="4,0,0,1,1,43" ten="339,309,231,121" oya="0" hai0="4,23,77,92,115,108,118,9,105,106,121,82,28" hai1="83,132,42,84,116,75,30,70,76,40,72,59,114" hai2="111,89,134,67,99,86,90,62,88,110,55,93,53" hai3="80,36,24,135,109,11,128,117,52,12,1,5,38"/><T46/><D118/><U34/><E70/><V63/><F134/><W97/><G109/><T44/><D121/><U8/><E116/><V14/><F111/><W0/><G117/><T74/><D108/><U124/><E124/><V10/><F110/><W16/><G135/><T126/><D115/><U129/><E129/><V48/><F55/><W91/><G128/><T133/><D92/><U71/><E71/><V65/><F62/><W131/><G131/><T107/><D126/><U122/><E122/><V54/><F54/><W119/><G119/><T100/><D100/><U61/><E30/><V127/><F63/><W51/><G24/><T58/><D58/><U101/><E34/><V29/><F29/><W113/><G113/><T112/><D112/><U19/><E101/><V98/><F98/><W18/><G18/><T85/><D74/><U81/><E114/><V35/><F35/><W26/><G26/><T123/><D123/><U130/><E72/><V102/><F86/><W21/><G0/><T31/><D133/><U7/><E19/><N who="2" m="8663" /><F127/><W64/><G64/><T104/><D104/><U120/><E120/><V50/><F50/><W6/><G6/><T39/><D39/><U56/><E130/><V27/><F27/><W41/><G41/><N who="1" m="15978" /><E61/><V68/><F68/><W94/><REACH who="3" step="1"/><G80/><REACH who="3" ten="339,309,231,111" step="2"/><T125/><D125/><U17/><E132/><V22/><F67/><W49/><G49/><T3/><D28/><U25/><E25/><V103/><F65/><W66/><G66/><T13/><D31/><U15/><E17/><V60/><BYE who="0" /><F48/><UN n0="%E8%99%9A%E6%B7%B5%E7%8E%84" /><W20/><G20/><T73/><D73/><RYUUKYOKU ba="0,1" sc="339,10,309,10,231,-30,111,10" hai0="3,4,9,13,23,44,46,77,82,85,105,106,107" hai1="7,8,15,56,59,75,76,81,83,84" hai3="1,5,11,12,16,21,36,38,51,52,91,94,97" /><BYE who="0" /><INIT seed="4,1,1,1,4,67" ten="349,319,201,121" oya="0" hai0="4,110,18,25,58,23,63,70,132,69,54,106,87" hai1="127,30,29,93,51,117,102,11,101,10,123,109,130" hai2="64,15,0,125,95,114,41,13,129,61,94,105,78" hai3="8,68,75,113,119,81,79,90,27,6,53,22,103"/><T57/><D57/><U91/><E117/><V7/><F105/><W126/><G119/><T24/><D24/><U35/><E123/><V86/><F114/><W122/><G113/><T2/><D2/><U131/><E109/><V40/><F125/><W55/><G126/><T39/><D39/><U42/><E127/><V116/><F116/><W43/><G122/><T72/><D72/><U80/><E80/><V45/><F0/><W14/><G103/><T59/><D59/><U66/><E66/><V92/><F129/><W107/><G107/><T99/><D99/><U21/><E21/><V56/><F7/><W84/><G43/><N who="2" m="16457" /><F45/><W73/><G68/><T115/><D115/><U31/><E35/><V124/><F124/><W44/><G44/><T19/><D19/><U112/><E112/><V33/><F33/><W100/><G100/><T12/><D12/><N who="2" m="4682" /><F78/><W118/><G118/><T83/><D83/><U5/><E5/><V82/><F82/><W76/><G73/><T88/><D88/><AGARI ba="1,1" hai="56,61,64,86,88,92,94,95" m="4682,16457" machi="88" ten="30,2000,0" yaku="8,1,54,1" doraHai="67" who="2" fromWho="0" sc="349,-23,319,0,201,33,121,0" /><INIT seed="5,0,0,5,3,7" ten="326,319,234,121" oya="1" hai0="104,25,127,111,56,65,102,114,130,27,55,24,110" hai1="98,128,38,116,12,75,82,87,80,90,15,49,86" hai2="66,74,69,23,53,67,18,71,68,118,50,0,135" hai3="22,28,20,3,100,124,123,16,81,34,47,109,39"/><U112/><E116/><V121/><F74/><W40/><G109/><T61/><D61/><U6/><E38/><V4/><F118/><W42/><G124/><T1/><D1/><U97/><E112/><V83/><F121/><W92/><G123/><T101/><D101/><U126/><E75/><V54/><F135/><W9/><G42/><T45/><D45/><U11/><E128/><V94/><F83/><W96/><G81/><T93/><D93/><U59/><E126/><V79/><F79/><W125/><G125/><T29/><D29/><U8/><E49/><V60/><F94/><W19/><G19/><T106/><D106/><U48/><E48/><V26/><F60/><W31/><G34/><T5/><D5/><N who="1" m="3087" /><E59/><V51/><F4/><W57/><G57/><T103/><D103/><U62/><E62/><V122/><F0/><W115/><G115/><T10/><D10/><U95/><E95/><V85/><F122/><W113/><G113/><T35/><D35/><U43/><E43/><V52/><F50/><W17/><G3/><T44/><D44/><U105/><E105/><V37/><F37/><W63/><G63/><T78/><D78/><AGARI ba="0,0" hai="6,11,15,78,80,82,86,87,90,97,98" m="3087" machi="78" ten="30,5800,0" yaku="8,1,52,2" doraHai="7" who="1" fromWho="0" sc="326,-58,319,58,234,0,121,0" /><INIT seed="5,1,0,4,1,62" ten="268,377,234,121" oya="1" hai0="115,42,76,54,69,22,36,107,84,92,44,34,21" hai1="1,90,99,23,45,75,78,53,118,95,0,17,47" hai2="132,130,129,133,82,38,24,66,117,80,135,55,72" hai3="37,120,15,49,109,58,35,10,7,39,87,60,73"/><U126/><E118/><V106/><F117/><W97/><G109/><T32/><D32/><U6/><E126/><V11/><F106/><W28/><G73/><T68/><D68/><U127/><E127/><V96/><F38/><W18/><G120/><T59/><D59/><U5/><E1/><V13/><F96/><W108/><G108/><T65/><D65/><U48/><E0/><V52/><F24/><W94/><G87/><T93/><D93/><U64/><E64/><V16/><F66/><W31/><G49/><T8/><D8/><U86/><E75/><V26/><F26/><W128/><G128/><N who="2" m="49257" /><F72/><W103/><G35/><T112/><D112/><U30/><E30/><V41/><F41/><W40/><G40/><T74/><D74/><U56/><E78/><V124/><F124/><W50/><G50/><T67/><D67/><U113/><E99/><V33/><F33/><W77/><G77/><T61/><D61/><U105/><E105/><V122/><F122/><W83/><G39/><T46/><D46/><N who="1" m="17419" /><E113/><V71/><F71/><W2/><G37/><T123/><D123/><U116/><E116/><V12/><F13/><AGARI ba="1,0" hai="5,6,13,17,23,48,53,56,86,90,95" m="17419" machi="13" ten="30,2900,0" yaku="25,1,8,1" doraHai="62" who="1" fromWho="2" sc="268,0,377,32,234,-32,121,0" /><INIT seed="5,2,0,1,4,80" ten="268,409,202,121" oya="1" hai0="24,61,64,106,121,71,0,29,43,3,87,73,103" hai1="92,107,75,25,54,6,44,56,11,113,66,40,1" hai2="12,102,126,4,55,31,60,85,77,117,37,70,49" hai3="10,58,95,101,93,72,131,53,67,114,90,123,96"/><U50/><E107/><V46/><F117/><W51/><G114/><T74/><D74/><U32/><E113/><V28/><F126/><W111/><G111/><T100/><D100/><U79/><E66/><V135/><F135/><W15/><G131/><T99/><D99/><U115/><E115/><V63/><F102/><W89/><G72/><T7/><D7/><U134/><E134/><V34/><F37/><W69/><G123/><T120/><D120/><U118/><E92/><V8/><F34/><W59/><G69/><T39/><D39/><U26/><E32/><V128/><F128/><W76/><G76/><T105/><D105/><U130/><E118/><V45/><F45/><W91/><G67/><T5/><D5/><U41/><E41/><V97/><F97/><W82/><G82/><T110/><D110/><U22/><E22/><V14/><F14/><W129/><G129/><T27/><D27/><U83/><REACH who="1" step="1"/><E130/><REACH who="1" ten="268,399,202,121" step="2"/><V65/><F65/><W125/><G93/><T2/><D2/><U81/><E81/><N who="2" m="47279" /><F70/><W30/><G95/><T78/><D78/><U127/><E127/><V88/><F88/><W21/><G89/><T52/><D52/><U42/><E42/><V16/><F55/><W119/><G90/><T57/><D57/><U104/><E104/><V20/><F20/><W109/><G91/><T9/><D9/><U48/><AGARI ba="2,1" hai="1,6,11,25,26,40,44,48,50,54,56,75,79,83" machi="48" ten="20,3900,0" yaku="1,1,0,1,7,1,53,0" doraHai="80" doraHaiUra="112" who="1" fromWho="1" sc="268,-15,399,55,202,-15,121,-15" /><INIT seed="5,3,0,2,2,48" ten="253,454,187,106" oya="1" hai0="19,115,72,94,61,91,78,126,120,55,29,8,131" hai1="81,57,6,42,125,111,123,109,90,5,24,12,116" hai2="87,129,79,53,28,51,47,95,25,30,135,134,67" hai3="0,58,35,103,84,49,66,54,33,68,56,3,88"/><U86/><E116/><V32/><F129/><W60/><G103/><T117/><D117/><U92/><E123/><V64/><F30/><W20/><G68/><T102/><D102/><U7/><E125/><V11/><F11/><W106/><G106/><T107/><D107/><U34/><E42/><V101/><F79/><W69/><G69/><T17/><D17/><U41/><E41/><V38/><F38/><UN n0="%E8%99%9A%E6%B7%B5%E7%8E%84" /><W43/><G43/><T100/><D100/><U75/><E12/><V15/><F15/><W128/><G128/><T89/><D115/><U70/><E70/><V27/><F27/><W36/><G36/><T112/><D126/><U62/><E24/><V23/><F32/><W31/><G20/><T18/><D112/><U119/><E34/><V105/><F105/><W9/><G31/><T85/><D72/><U10/><E10/><V114/><F114/><W122/><G122/><T44/><D78/><U99/><E75/><V45/><F47/><W50/><G50/><T97/><D97/><BYE who="0" /><U63/><E119/><V1/><F1/><W110/><G110/><N who="1" m="41994" /><E57/><V121/><F121/><W127/><G127/><T83/><D83/><U96/><E96/><N who="2" m="59551" /><F87/><W39/><G39/><T65/><D65/><U82/><E82/><V21/><F21/><W80/><REACH who="3" step="1"/><G0/><REACH who="3" ten="253,454,187,96" step="2"/><UN n0="%E8%99%9A%E6%B7%B5%E7%8E%84" /><T113/><D120/><U71/><E71/><V2/><F2/><W108/><G108/><T13/><D113/><U40/><E40/><V37/><F37/><W104/><G104/><T52/><D131/><U118/><E118/><V98/><F98/><W77/><G77/><AGARI ba="3,1" hai="5,6,7,62,63,77,81,86,90,92,99" m="41994" machi="77" ten="30,1500,0" yaku="10,1" doraHai="48" who="1" fromWho="3" sc="253,0,454,34,187,0,96,-24" /><INIT seed="5,4,0,2,1,110" ten="253,488,187,72" oya="1" hai0="59,130,46,4,124,3,54,107,31,116,50,80,8" hai1="40,90,112,111,45,97,43,2,56,73,94,34,78" hai2="16,22,14,17,44,69,119,71,83,38,85,51,61" hai3="53,64,92,33,76,93,113,19,104,95,12,13,47"/><U20/><E34/><V58/><F119/><W1/><G33/><T65/><D107/><U77/><E2/><V126/><F126/><W23/><G104/><T32/><D116/><U99/><E111/><V24/><F38/><W30/><G1/><T135/><D124/><U49/><E112/><V114/><F114/><W11/><G113/><T87/><D130/><U67/><E43/><V86/><F86/><W75/><G64/><T81/><D135/><U133/><E73/><V82/><F82/><W37/><G37/><T115/><D115/><U55/><E67/><V100/><F100/><W89/><G76/><T21/><D32/><U48/><E133/><V66/><F17/><W0/><G0/><T72/><D72/><U35/><E35/><V108/><F24/><W101/><G101/><T127/><D127/><U7/><E7/><V29/><F29/><W70/><G70/><T62/><D31/><U41/><E41/><V109/><F109/><W5/><G30/><T129/><D129/><U125/><E125/><V121/><F121/><W63/><G75/><T117/><D117/><U91/><E20/><V6/><F6/><W88/><REACH who="3" step="1"/><G47/><REACH who="3" ten="253,488,187,62" step="2"/><T120/><D120/><U52/><E77/><N who="2" m="46319" /><F108/><W128/><G128/><T105/><D105/><U79/><E79/><V36/><F36/><W15/><G15/><T123/><D123/><U102/><E78/><V18/><F18/><W106/><G106/><T98/><D3/><U118/><E118/><V131/><F131/><W132/><G132/><T68/><D68/><N who="2" m="26186" /><F44/><W134/><G134/><T60/><D46/><U26/><E45/><RYUUKYOKU ba="4,1" sc="253,-15,488,-15,187,15,62,15" hai2="14,16,22,51,58,61,66" hai3="5,11,12,13,19,23,53,63,88,89,92,93,95" /><INIT seed="6,5,1,4,1,3" ten="238,473,202,77" oya="2" hai0="72,23,127,82,30,86,41,61,35,51,21,10,126" hai1="71,97,65,124,77,85,28,5,31,6,43,27,45" hai2="114,63,110,9,13,32,75,4,111,20,128,100,76" hai3="95,131,40,2,12,67,59,38,108,36,113,50,33"/><V11/><F114/><W101/><G108/><N who="2" m="41513" /><F32/><W60/><G33/><T25/><D72/><U56/><E71/><V91/><F128/><W73/><G73/><T62/><D127/><U15/><E124/><V130/><F130/><W44/><G2/><T54/><D41/><U55/><E65/><V17/><F100/><W22/><G131/><T48/><D48/><U115/><E15/><N who="2" m="5543" /><F91/><W49/><G113/><T58/><D126/><U29/><E27/><V1/><F63/><W117/><G117/><T80/><D10/><U99/><E115/><V87/><F75/><W70/><G50/><T53/><D53/><U93/><E99/><V74/><F74/><W96/><G12/><T129/><D129/><U52/><E97/><V133/><F133/><W90/><G90/><T135/><D135/><U26/><E26/><V98/><F98/><W78/><G78/><T121/><D121/><U106/><E106/><V134/><F134/><W16/><REACH who="3" step="1"/><G70/><REACH who="3" ten="238,473,202,67" step="2"/><T92/><D51/><N who="1" m="28783" /><E77/><V112/><F112/><W46/><G46/><T104/><D62/><N who="1" m="36127" /><E43/><V18/><F1/><W109/><G109/><T122/><D122/><U125/><E125/><V119/><F119/><W57/><G57/><T69/><D69/><U47/><E47/><V81/><F20/><W102/><G102/><T88/><D104/><U39/><E39/><V8/><F8/><W89/><G89/><AGARI ba="5,2" hai="5,6,28,29,31,85,89,93" m="36127,28783" machi="89" ten="30,7700,0" yaku="8,1,52,2,54,1" doraHai="3" who="1" fromWho="3" sc="238,0,473,112,202,0,67,-92" owari="238,3.8,585,68.5,202,-19.8,-25,-52.5" /></mjloggm>