<mjloggm ver="2.3"><GO type="169" lobby="0"/><UN n0="%4E%6F%73%75%6B%65" n1="%53%6F%6C%69%64" n2="%E3%83%A4%E3%83%9E%E3%83%80%E3%81%95%E3%82%93" n3="%6F%6B%61%62%65%73%68%69" dan="16,17,16,17" rate="2163.09,2146.94,2104.31,2192.75" sx="M,M,M,M"/><TAIKYOKU oya="0"/><INIT seed="0,0,0,2,4,51" ten="250,250,250,250" oya="0" hai0="114,58,104,30,35,132,13,79,12,116,73,101,111" hai1="36,23,90,119,89,74,11,93,70,96,120,67,45" hai2="32,82,78,88,100,14,6,80,94,1,43,56,44" hai3="86,106,18,21,117,33,83,15,16,57,28,126,19"/><T20/><D114/><U112/><E119/><V92/><F32/><W2/><G106/><T134/><D116/><U9/><E120/><V0/><F100/><W128/><G117/><T102/><D35/><U121/><E121/><V63/><F94/><W124/><G2/><T65/><D30/><U27/><E74/><V118/><F118/><W135/><G33/><T53/><D65/><U55/><E112/><V50/><F14/><N who="0" m="5738" /><D20/><U125/><E125/><N who="3" m="48234" /><G128/><T99/><D102/><U98/><E36/><V10/><F78/><W17/><G135/><N who="0" m="51755" /><D79/><U54/><E67/><V110/><F110/><W77/><G57/><T95/><D73/><U26/><E70/><V48/><F48/><W130/><G130/><T22/><D22/><U107/><E107/><V127/><F0/><W97/><G97/><N who="1" m="37482" /><E45/><V4/><F127/><W61/><G61/><N who="0" m="36047" /><D111/><U40/><E40/><V64/><REACH who="2" step="1"/><F4/><REACH who="2" ten="250,250,240,250" step="2"/><W8/><G28/><T24/><D24/><AGARI ba="0,1" hai="8,15,16,17,18,19,21,24,77,83,86" m="48234" machi="24" ten="30,2000,0" yaku="18,1,54,1" doraHai="51" who="3" fromWho="0" sc="250,-20,250,0,240,0,250,30" /><INIT seed="1,0,0,0,0,43" ten="230,250,240,280" oya="1" hai0="71,110,128,70,132,63,122,21,45,31,118,55,32" hai1="105,126,73,78,91,134,35,3,59,0,106,33,79" hai2="86,1,77,117,65,94,92,29,36,53,67,112,46" hai3="84,47,64,54,23,5,119,38,4,61,44,42,13"/><U49/><E126/><V131/><F1/><W98/><G119/><T75/><D118/><U37/><E37/><V6/><F6/><W104/><G84/><T133/><D32/><U97/><E134/><N who="0" m="51817" /><D75/><U69/><E69/><V62/><F117/><W135/><G135/><T121/><D110/><U18/><E18/><V125/><F29/><W66/><G66/><T127/><D127/><U107/><E73/><V89/><F125/><W108/><G108/><T82/><D82/><U80/><E80/><V102/><F131/><W12/><G12/><T109/><D109/><U93/><E33/><V16/><F77/><W7/><G23/><T51/><D128/><U40/><E35/><V28/><F28/><W130/><G130/><T11/><D11/><U26/><E26/><V81/><F112/><W87/><G87/><T90/><D90/><U88/><E91/><V30/><F30/><W101/><G13/><T8/><D8/><U83/><E83/><V25/><F81/><W19/><G19/><T129/><D129/><U39/><E78/><V123/><F25/><W111/><G111/><T116/><D116/><U68/><E79/><V96/><F16/><W41/><G54/><N who="0" m="30063" /><D21/><U52/><REACH who="1" step="1"/><E68/><REACH who="1" ten="230,240,240,280" step="2"/><N who="0" m="26153" /><D31/><U17/><E17/><V114/><F89/><W15/><G15/><T57/><AGARI ba="0,1" hai="55,57,63,121,122" m="26153,30063,51817" machi="57" ten="40,8000,1" yaku="20,1,34,2,52,1" doraHai="43" who="0" fromWho="0" sc="230,90,240,-40,240,-20,280,-20" /><INIT seed="2,0,0,3,4,6" ten="320,200,220,260" oya="2" hai0="60,97,48,84,53,56,120,134,31,89,65,27,96" hai1="109,62,75,108,94,18,129,72,34,54,110,105,91" hai2="93,32,33,71,98,122,15,64,82,55,130,73,37" hai3="24,59,76,20,80,116,51,85,12,87,107,58,123"/><V132/><F37/><W131/><G123/><T50/><D134/><U86/><E105/><V67/><F122/><W128/><G116/><T127/><D127/><U70/><E34/><V11/><F132/><W66/><G107/><T113/><D113/><U26/><E129/><V28/><F130/><N who="3" m="49707" /><G12/><T8/><D120/><U88/><E91/><V112/><F112/><W49/><G58/><T57/><D50/><U99/><E86/><V125/><F125/><W9/><G9/><T42/><D42/><U104/><E104/><V21/><F21/><W43/><G43/><T16/><D31/><U10/><E70/><V5/><F71/><W117/><G87/><T77/><D77/><U29/><E29/><V3/><F3/><W36/><G36/><T111/><D111/><U40/><E40/><V103/><F55/><W30/><G117/><T135/><D135/><U102/><E102/><V121/><F121/><W1/><G1/><T106/><D106/><U41/><E41/><V45/><F45/><W74/><G74/><T19/><D27/><U79/><E79/><V124/><F124/><W25/><G24/><T4/><D97/><U52/><E54/><V0/><F0/><W38/><G38/><T69/><D96/><U22/><E10/><V114/><F114/><W14/><G14/><N who="0" m="5383" /><D69/><U119/><E119/><V23/><F23/><W7/><G7/><T126/><D126/><U90/><E90/><V39/><F39/><W2/><G2/><T133/><D133/><U68/><E68/><V81/><F73/><W83/><G80/><AGARI ba="0,0" hai="16,19,48,53,56,57,60,65,80,84,89" m="5383" machi="80" ten="30,3900,0" yaku="8,1,52,1,54,1" doraHai="6" who="0" fromWho="3" sc="320,39,200,0,220,0,260,-39" /><INIT seed="3,0,0,1,3,120" ten="359,200,220,221" oya="3" hai0="135,4,108,106,38,76,46,34,20,30,63,6,36" hai1="95,83,113,94,121,60,39,29,133,115,24,8,90" hai2="68,26,31,80,57,114,85,89,118,25,59,45,101" hai3="77,48,132,58,12,88,22,27,122,32,19,128,81"/><W3/><G122/><T102/><D34/><U99/><E121/><V51/><F68/><W5/><G128/><T9/><D76/><U35/><E39/><V96/><F114/><W84/><G132/><T21/><D135/><U15/><E133/><V7/><F7/><W129/><G129/><T72/><D72/><U134/><E134/><V124/><F124/><W91/><G3/><T107/><D63/><U131/><E131/><V40/><F118/><W10/><REACH who="3" step="1"/><G32/><REACH who="3" ten="359,200,220,211" step="2"/><T23/><D38/><U73/><E35/><V62/><F31/><W117/><G117/><T82/><D36/><U2/><E2/><V74/><F74/><W87/><G87/><T66/><D30/><U49/><E73/><V56/><REACH who="2" step="1"/><F62/><REACH who="2" ten="359,200,210,211" step="2"/><W50/><G50/><T18/><D6/><U78/><E49/><V53/><F53/><AGARI ba="0,2" hai="5,10,12,19,22,27,48,53,58,77,81,84,88,91" machi="53" ten="40,7700,0" yaku="1,1,8,1,54,1,53,0" doraHai="120" doraHaiUra="93" who="3" fromWho="2" sc="359,0,200,0,210,-77,211,97" /><INIT seed="3,1,0,5,0,49" ten="359,200,133,308" oya="3" hai0="57,84,31,7,41,36,112,68,22,99,79,11,40" hai1="108,103,83,124,55,62,6,81,130,34,127,74,90" hai2="91,86,89,0,104,132,117,128,106,101,87,43,13" hai3="44,39,97,20,76,92,78,93,122,42,56,114,113"/><W52/><G122/><T24/><D68/><U54/><E34/><V65/><F0/><W30/><G92/><T95/><D112/><U119/><E108/><V12/><F117/><W66/><G66/><T94/><D36/><U121/><E121/><V64/><F43/><W21/><G21/><T110/><D110/><U69/><E119/><V111/><F101/><W120/><G120/><T115/><D115/><U46/><E130/><V25/><F25/><W133/><G114/><T63/><D84/><N who="1" m="50447" /><E103/><V33/><F111/><W107/><G107/><T32/><D79/><N who="1" m="44535" /><E46/><V53/><F33/><W129/><G113/><T8/><D95/><U51/><E51/><V131/><F132/><W27/><G133/><T123/><D32/><U19/><E6/><V71/><F71/><W35/><G35/><T126/><D126/><N who="1" m="48171" /><E19/><V72/><F72/><W9/><G129/><T37/><D123/><U75/><E75/><V10/><F10/><W50/><G9/><T59/><D59/><U15/><E15/><V38/><F38/><W5/><G5/><T80/><D37/><U3/><E3/><V23/><F23/><W14/><G14/><N who="0" m="5407" /><D80/><U4/><E4/><V67/><F67/><AGARI ba="1,0" hai="54,55,62,67,69" m="48171,44535,50447" machi="67" ten="30,3900,0" yaku="18,1,52,2" doraHai="49" who="1" fromWho="2" sc="359,0,200,42,133,-42,308,0" /><INIT seed="4,0,0,4,3,32" ten="359,242,91,308" oya="0" hai0="106,3,103,81,66,105,108,61,33,117,54,129,67" hai1="7,23,21,29,26,79,48,132,98,0,34,19,135" hai2="97,30,134,20,96,63,119,128,45,44,85,69,64" hai3="57,80,121,122,10,2,100,56,75,104,89,90,46"/><T40/><D117/><U109/><E79/><V55/><F119/><W126/><G46/><T133/><D40/><U22/><E98/><V42/><F128/><W124/><G56/><T115/><D129/><U11/><E48/><V131/><F131/><W78/><G57/><T25/><D115/><U1/><E109/><V76/><F134/><N who="1" m="51241" /><E1/><V125/><F125/><N who="3" m="48235" /><G10/><T113/><D113/><U94/><E94/><V95/><F55/><W87/><G2/><T9/><D54/><U14/><AGARI ba="0,0" hai="0,7,11,14,19,21,22,23,26,29,34" m="51241" machi="14" ten="30,8000,1" yaku="24,1,20,1,34,2,52,1" doraHai="32" who="1" fromWho="1" sc="359,-40,242,80,91,-20,308,-20" /><INIT seed="5,0,0,1,1,61" ten="319,322,71,288" oya="1" hai0="127,81,60,70,78,117,12,93,16,72,67,90,74" hai1="22,35,105,71,39,59,42,7,55,17,5,113,123" hai2="111,115,46,45,92,54,49,44,96,82,76,102,2" hai3="48,25,57,132,11,125,28,3,99,19,85,77,56"/><U80/><E123/><V64/><F111/><W126/><G132/><T109/><D127/><N who="3" m="48649" /><G99/><T124/><D124/><U38/><E35/><V62/><F2/><W69/><G69/><T34/><D34/><U27/><E105/><V131/><F131/><W6/><G19/><T119/><D74/><U9/><E71/><V37/><F37/><W135/><G135/><T13/><D13/><U8/><E113/><V79/><F115/><W116/><G116/><T130/><D130/><U33/><E33/><V107/><F107/><W94/><G48/><T89/><D89/><U26/><E26/><V73/><REACH who="2" step="1"/><F79/><REACH who="2" ten="319,322,61,288" step="2"/><W87/><G77/><T120/><D109/><U41/><E39/><V36/><F36/><W134/><G134/><T129/><D129/><U128/><E128/><V21/><F21/><N who="3" m="15407" /><G94/><T86/><REACH who="0" step="1"/><D120/><REACH who="0" ten="309,322,61,288" step="2"/><U52/><E38/><V24/><F24/><W104/><G104/><T10/><AGARI ba="0,2" hai="10,12,16,60,67,70,72,78,81,86,90,93,117,119" machi="10" ten="20,12000,2" yaku="1,1,2,1,0,1,7,1,52,1,54,1,53,1" doraHai="61" doraHaiUra="58" who="0" fromWho="0" sc="309,140,322,-60,61,-30,288,-30" /><INIT seed="6,0,0,2,4,63" ten="449,262,31,258" oya="2" hai0="70,65,47,5,71,93,104,25,132,31,23,80,73" hai1="32,29,17,82,100,119,56,53,16,84,125,49,105" hai2="96,2,86,112,103,77,4,89,97,115,109,28,61" hai3="59,20,128,52,15,69,9,92,6,101,134,111,68"/><V102/><F28/><W3/><G111/><T55/><D104/><U43/><E119/><V58/><F4/><W135/><G128/><T22/><D5/><U127/><E43/><V118/><F2/><W51/><G101/><N who="2" m="38409" /><F118/><W124/><G124/><N who="1" m="47690" /><E29/><V35/><F35/><W113/><G92/><T87/><D93/><U60/><E32/><V114/><F77/><W88/><G113/><N who="2" m="28929" /><V121/><DORA hai="110" /><F121/><W133/><G88/><T0/><D31/><U94/><E105/><V62/><F109/><W74/><G74/><T12/><D73/><U36/><E100/><V48/><F48/><W72/><G72/><T21/><D0/><U78/><E36/><V98/><F58/><W126/><REACH who="3" step="1"/><G126/><REACH who="3" ten="449,262,31,248" step="2"/><T130/><D130/><U122/><E122/><V13/><F13/><W40/><G40/><T123/><D12/><U42/><E42/><V50/><F50/><W117/><G117/><T75/><D75/><N who="1" m="43359" /><E49/><V107/><F107/><W81/><G81/><AGARI ba="0,1" hai="61,62,81,86,89,96,97,98" m="28929,38409" machi="81" ten="50,12000,1" yaku="15,1,52,4" doraHai="63,110" who="2" fromWho="3" sc="449,0,262,0,31,130,248,-120" /><INIT seed="6,1,0,4,2,13" ten="449,262,161,128" oya="2" hai0="99,74,15,21,124,32,52,77,93,88,19,118,133" hai1="82,17,115,53,40,37,97,116,76,3,27,55,89" hai2="130,8,54,35,127,90,85,49,79,87,83,94,64" hai3="84,114,43,128,81,111,33,100,95,106,132,0,73"/><V6/><F127/><W50/><G0/><T98/><D124/><U108/><E108/><V69/><F130/><W51/><G33/><T23/><D32/><U135/><E116/><V24/><F35/><W16/><G111/><T70/><D70/><U134/><E3/><V18/><F69/><W7/><G7/><T107/><D118/><U56/><E115/><V72/><F64/><W58/><G128/><T42/><D42/><U120/><E120/><V91/><F24/><W36/><G36/><T101/><D133/><N who="1" m="50699" /><E40/><V26/><F26/><W80/><G132/><T102/><D102/><U1/><E37/><V67/><F67/><W22/><G106/><T68/><D68/><U104/><E1/><V103/><F103/><W71/><G71/><T86/><D99/><U20/><E56/><V123/><F123/><W62/><G73/><T105/><D105/><U61/><E61/><V10/><F18/><W2/><G2/><T96/><D96/><U29/><E29/><V65/><F65/><N who="3" m="39127" /><G114/><T46/><D46/><U31/><E31/><V122/><F6/><W75/><G75/><T110/><D52/><U44/><E44/><V92/><REACH who="2" step="1"/><F122/><REACH who="2" ten="449,262,151,128" step="2"/><W60/><G100/><T119/><D19/><U109/><E109/><V112/><F112/><W78/><G16/><T14/><D110/><U30/><E17/><V11/><F11/><W57/><G22/><N who="0" m="8203" /><D119/><U126/><E126/><V66/><F66/><W129/><G129/><T39/><D101/><U48/><E104/><V59/><AGARI ba="1,1" hai="8,10,49,54,59,72,79,83,85,87,90,91,92,94" machi="59" ten="20,7800,0" yaku="1,1,0,1,7,1,9,1,53,0" doraHai="13" doraHaiUra="25" who="2" fromWho="2" sc="449,-27,262,-27,151,91,128,-27" /><INIT seed="6,2,0,1,1,85" ten="422,235,242,101" oya="2" hai0="13,7,99,36,101,77,132,65,37,121,76,16,47" hai1="28,95,25,15,49,79,93,80,89,126,133,59,96" hai2="86,87,52,91,44,128,39,46,134,17,19,135,63" hai3="53,56,8,130,115,129,98,38,70,125,4,122,48"/><V43/><F128/><N who="3" m="49259" /><G98/><T6/><D121/><U60/><E126/><V33/><F33/><W107/><G107/><T117/><D65/><U18/><E133/><N who="2" m="50699" /><F86/><W24/><G24/><T69/><D69/><U66/><E49/><N who="2" m="28711" /><F63/><N who="3" m="36239" /><G8/><T127/><D37/><U54/><E66/><V23/><F23/><W22/><G22/><T90/><D36/><U20/><E93/><AGARI ba="2,0" hai="17,19,39,43,46,87,91,93" m="28711,50699" machi="93" ten="30,5800,0" yaku="20,1,52,1,54,1" doraHai="85" who="2" fromWho="1" sc="422,0,235,-64,242,64,101,0" /><INIT seed="6,3,0,0,2,77" ten="422,171,306,101" oya="2" hai0="6,79,89,127,23,66,58,120,37,20,11,111,29" hai1="12,22,125,71,53,7,54,16,57,115,15,4,10" hai2="33,55,95,74,50,18,60,100,106,9,117,30,126" hai3="61,87,44,35,133,75,17,25,32,51,105,131,78"/><V123/><F123/><W118/><G118/><T92/><D120/><U40/><E71/><V84/><F74/><W27/><G75/><T114/><D111/><U132/><E115/><V98/><F117/><W116/><G116/><T2/><D114/><U38/><E125/><V97/><F126/><W73/><G73/><T72/><D127/><U14/><E132/><V5/><F60/><W129/><G105/><T3/><D3/><U64/><E38/><V81/><F18/><W56/><G133/><T59/><D29/><U134/><E40/><V108/><F108/><W99/><G99/><T39/><D23/><U49/><E134/><V113/><F113/><W119/><G119/><T47/><D20/><U45/><E64/><V135/><F135/><W107/><G107/><T48/><D39/><U80/><E80/><V52/><F30/><W46/><G51/><T1/><D1/><U128/><E128/><N who="3" m="49226" /><G17/><T112/><D66/><U110/><E110/><V91/><F50/><W76/><G87/><N who="0" m="52287" /><D112/><U31/><E31/><V26/><F26/><N who="3" m="9739" /><G61/><T13/><D13/><N who="1" m="9487" /><E7/><V101/><REACH who="2" step="1"/><F33/><REACH who="2" ten="422,171,296,101" step="2"/><N who="3" m="12875" /><G56/><T62/><D62/><AGARI ba="3,1" hai="4,10,12,14,15,45,49,53,54,57,62" m="9487" machi="62" ten="30,2000,0" yaku="8,1,54,1" doraHai="77" who="1" fromWho="0" sc="422,-29,171,39,296,0,101,0" /><INIT seed="7,0,0,3,3,28" ten="393,210,296,101" oya="3" hai0="68,89,51,0,66,18,100,94,4,69,57,44,1" hai1="123,11,19,118,21,12,55,45,70,78,90,111,47" hai2="83,119,99,109,75,29,58,61,117,130,80,31,42" hai3="17,106,102,6,67,72,115,86,105,52,36,16,121"/><W50/><G121/><T135/><D100/><U114/><E111/><V54/><F109/><W5/><G72/><T124/><D124/><U122/><E70/><V76/><F130/><W9/><G36/><T110/><D110/><U131/><E131/><V112/><F29/><W81/><G106/><T125/><D125/><U22/><E114/><V26/><F112/><W7/><G115/><T85/><D57/><U39/><E118/><V8/><F42/><W77/><G67/><T65/><D135/><U41/><E78/><V24/><F24/><W20/><G105/><T30/><D30/><U120/><REACH who="1" step="1"/><E90/><REACH who="1" ten="393,200,296,101" step="2"/><V95/><F8/><W34/><G34/><T73/><D89/><U88/><E88/><V33/><REACH who="2" step="1"/><F83/><REACH who="2" ten="393,200,286,101" step="2"/><W13/><G102/><AGARI ba="0,2" hai="26,31,33,54,58,61,75,76,80,95,99,102,117,119" machi="102" ten="30,7700,0" yaku="1,1,2,1,7,1,52,1,53,0" doraHai="28" doraHaiUra="63" who="2" fromWho="3" sc="393,0,200,0,286,97,101,-77" owari="393,49.3,200,-20.0,383,18.3,24,-47.6" /></mjloggm>