<mjloggm ver="2.3"><GO type="169" lobby="0"/><UN n0="%E3%81%BE%E3%81%88%E3%81%9F" n1="%4F%4D%41%4E%54%41" n2="%E3%83%A1%E3%82%BF%E3%82%B9%E3%82%B3%E3%82%A2" n3="%65%6B%61%72%75%74%65" dan="17,17,17,16" rate="2184.83,2182.58,2139.73,2095.24" sx="F,M,M,M"/><TAIKYOKU oya="0"/><INIT seed="0,0,0,1,4,120" ten="250,250,250,250" oya="0" hai0="45,83,101,94,13,127,18,4,39,63,108,134,61" hai1="48,62,98,53,133,89,19,112,79,129,3,7,38" hai2="85,14,110,22,126,40,10,96,69,78,123,135,16" hai3="102,82,0,57,28,75,115,42,67,1,30,107,71"/><T49/><D127/><U90/><E38/><V119/><F123/><W128/><G115/><T106/><D106/><U36/><E36/><V84/><F69/><W15/><G128/><T26/><D39/><U109/><E129/><V46/><F126/><W2/><G71/><T11/><D134/><U24/><E79/><V73/><F135/><W33/><G42/><T64/><D83/><U125/><E125/><V105/><F119/><W47/><G47/><T93/><D101/><U114/><E133/><V9/><F73/><W8/><G67/><T70/><D63/><U56/><E48/><V37/><F78/><W88/><G57/><T34/><D108/><U52/><E53/><V23/><F110/><W44/><G44/><T117/><D117/><U77/><E77/><V121/><F121/><W68/><G68/><T80/><D80/><U12/><E109/><V6/><F23/><W72/><G102/><T104/><D104/><U92/><E89/><V130/><F130/><W132/><G107/><T122/><D122/><U50/><E50/><V21/><F21/><W59/><G59/><T31/><REACH who="0" step="1"/><D4/><REACH who="0" ten="240,250,250,250" step="2"/><U116/><E116/><V81/><F81/><W65/><G132/><T131/><D131/><U124/><E124/><V100/><REACH who="2" step="1"/><F10/><REACH who="2" ten="240,250,240,250" step="2"/><W91/><G82/><T55/><AGARI ba="0,2" hai="11,13,18,26,31,34,45,49,55,61,64,70,93,94" machi="55" ten="20,7800,0" yaku="1,1,0,1,7,1,53,1" doraHai="120" doraHaiUra="27" who="0" fromWho="0" sc="240,98,250,-26,240,-26,250,-26" /><INIT seed="0,1,0,0,3,114" ten="338,224,214,224" oya="0" hai0="126,120,22,91,37,24,98,85,64,109,82,13,132" hai1="67,51,21,65,110,14,129,101,50,20,47,8,6" hai2="102,0,48,27,130,79,99,28,33,32,127,54,35" hai3="61,31,80,58,135,111,134,1,119,39,34,125,93"/><T78/><D120/><U90/><E110/><V46/><F127/><W118/><G1/><T59/><D37/><U16/><E129/><V113/><F130/><W73/><G39/><T18/><D126/><U17/><E101/><V75/><F113/><W83/><G125/><T94/><D132/><N who="3" m="50729" /><G111/><T95/><D109/><U11/><E90/><V29/><F0/><W92/><G31/><T7/><D94/><N who="3" m="36457" /><G34/><T71/><D71/><U23/><E51/><V123/><F123/><W52/><G80/><T45/><D45/><U44/><E44/><V108/><F108/><W96/><G96/><T63/><REACH who="0" step="1"/><D7/><REACH who="0" ten="328,224,214,224" step="2"/><U115/><E115/><V74/><F46/><W4/><G4/><T43/><D43/><U40/><REACH who="1" step="1"/><E17/><REACH who="1" ten="328,214,214,224" step="2"/><V97/><F102/><W42/><G42/><T49/><D49/><U81/><E81/><V38/><F48/><W133/><G133/><T53/><D53/><U84/><E84/><V30/><F54/><W66/><G66/><T19/><D19/><U68/><E68/><V124/><F38/><W112/><G112/><T86/><D86/><U131/><E131/><V103/><F124/><W25/><G25/><AGARI ba="1,2" hai="13,18,22,24,25,59,63,64,78,82,85,91,95,98" machi="25" ten="40,7700,0" yaku="1,1,8,1,53,1" doraHai="114" doraHaiUra="89" who="0" fromWho="3" sc="328,100,214,0,214,0,224,-80" /><INIT seed="0,2,0,2,2,1" ten="428,214,214,144" oya="0" hai0="39,89,22,120,70,106,25,73,76,121,82,86,99" hai1="98,111,21,114,103,13,30,123,35,95,67,77,68" hai2="19,100,28,110,84,9,15,93,127,23,44,115,75" hai3="36,14,119,16,48,6,31,109,113,17,29,49,96"/><T79/><D70/><U18/><E123/><V11/><F115/><W124/><G113/><T104/><D39/><U78/><E114/><V117/><F75/><W116/><G36/><T97/><D22/><U51/><E111/><V24/><F110/><W85/><G109/><T3/><D25/><U69/><E35/><V65/><F127/><W40/><G124/><T63/><D63/><U53/><E30/><V126/><F126/><W131/><G131/><T10/><D10/><U27/><E27/><V64/><F117/><W91/><G96/><T132/><D3/><U8/><E21/><V108/><F108/><W0/><G0/><T128/><D128/><U118/><E118/><V37/><F9/><N who="3" m="4407" /><G119/><T62/><D62/><U94/><E67/><V61/><F65/><W4/><G4/><T59/><D59/><U38/><E38/><V66/><F64/><W101/><G101/><T32/><D32/><U90/><E69/><V5/><F28/><N who="3" m="10827" /><G116/><T60/><D97/><N who="1" m="57559" /><E68/><V12/><F24/><W122/><G122/><T50/><D73/><U80/><E80/><V57/><F37/><W54/><G40/><T129/><D120/><U45/><AGARI ba="2,0" hai="8,13,18,45,51,53,77,78,95,98,103" m="57559" machi="45" ten="30,1100,0" yaku="8,1" doraHai="1" who="1" fromWho="1" sc="428,-7,214,17,214,-5,144,-5" /><INIT seed="1,0,0,3,0,101" ten="421,231,209,139" oya="1" hai0="119,73,129,127,44,76,21,32,60,62,22,4,93" hai1="114,48,90,70,24,110,121,17,50,81,130,34,123" hai2="111,26,75,99,49,55,117,89,23,102,30,122,43" hai3="5,8,0,27,105,85,134,61,128,41,64,92,106"/><U56/><E114/><V124/><F117/><W79/><G128/><T20/><D32/><U131/><E70/><V10/><F122/><W29/><G41/><T25/><D119/><U57/><E81/><V45/><F111/><W18/><G18/><T3/><D127/><U77/><E77/><V109/><F109/><W69/><G134/><T125/><D125/><U7/><E110/><V108/><F108/><W33/><REACH who="3" step="1"/><G79/><REACH who="3" ten="421,231,209,129" step="2"/><T120/><D76/><U95/><E17/><V112/><F124/><W82/><G82/><T135/><D129/><U47/><E130/><V107/><F112/><W86/><G86/><T67/><D120/><U19/><E131/><V15/><F75/><W83/><G83/><T37/><D73/><U71/><E19/><V39/><F89/><AGARI ba="0,1" hai="0,5,8,27,29,33,61,64,69,85,89,92,105,106" machi="89" ten="40,5200,0" yaku="1,1,52,2,53,0" doraHai="101" doraHaiUra="78" who="3" fromWho="2" sc="421,0,231,0,209,-52,129,62" /><INIT seed="2,0,0,2,3,75" ten="421,231,157,191" oya="2" hai0="30,69,61,29,39,46,63,70,19,22,48,60,31" hai1="52,122,37,96,97,65,25,106,47,66,79,40,115" hai2="129,49,128,126,17,0,102,95,82,105,2,121,36" hai3="68,87,131,67,81,38,119,55,10,103,6,104,16"/><V113/><F113/><W109/><G38/><T110/><D39/><U43/><E115/><V56/><F121/><W59/><G119/><T50/><D110/><U15/><E122/><V23/><F36/><W1/><G109/><T132/><D132/><U125/><E125/><V5/><F105/><W78/><G131/><N who="2" m="50249" /><F126/><W51/><G68/><T62/><N who="0" m="15360" /><DORA hai="117" /><T80/><D80/><U12/><E106/><V98/><F82/><W90/><G67/><T116/><D116/><U73/><E73/><V28/><F5/><W92/><G16/><T85/><D85/><U54/><E37/><V88/><F28/><W32/><G32/><T91/><D91/><U133/><E133/><V108/><F102/><W72/><REACH who="3" step="1"/><G104/><REACH who="3" ten="421,231,157,181" step="2"/><T13/><D69/><U135/><E135/><V93/><F108/><W58/><G58/><T101/><D70/><U24/><E47/><V21/><F21/><W100/><AGARI ba="0,1" hai="1,6,10,51,55,59,72,78,81,87,90,92,100,103" machi="100" ten="30,4000,0" yaku="1,1,0,1,52,1,53,0" doraHai="75,117" doraHaiUra="114,26" who="3" fromWho="3" sc="421,-10,231,-10,157,-20,181,50" /><INIT seed="3,0,0,0,0,29" ten="411,221,137,231" oya="3" hai0="65,121,28,32,54,107,39,70,82,19,98,47,80" hai1="48,3,91,127,69,134,62,58,86,37,45,22,24" hai2="99,94,26,20,30,87,135,9,123,79,128,104,130" hai3="100,84,33,49,63,64,113,89,90,23,31,103,8"/><W96/><G113/><T119/><D119/><U115/><E115/><V11/><F104/><W13/><G33/><T109/><D19/><U83/><E127/><V112/><F112/><W124/><G124/><T53/><D109/><U78/><E3/><V95/><F135/><W36/><G36/><T108/><D108/><U125/><E125/><V77/><F123/><W40/><G40/><T131/><D54/><U16/><E69/><V0/><F94/><W88/><G49/><T118/><D53/><N who="1" m="34127" /><E37/><V14/><F0/><W61/><G84/><T110/><D82/><U25/><E134/><V52/><F9/><W67/><G23/><T27/><D80/><U56/><E56/><V46/><F87/><W42/><G31/><T41/><D110/><U15/><E78/><V7/><F128/><W74/><G42/><AGARI ba="0,0" hai="15,16,22,24,25,42,45,48,83,86,91" m="34127" machi="42" ten="30,2000,0" yaku="8,1,54,1" doraHai="29" who="1" fromWho="3" sc="411,0,221,20,137,0,231,-20" /><INIT seed="4,0,0,0,1,46" ten="411,241,137,211" oya="0" hai0="17,71,35,89,53,107,40,14,6,61,79,44,124" hai1="19,55,48,81,4,69,12,125,96,0,135,106,101" hai2="9,26,27,114,103,109,11,41,36,67,72,100,32" hai3="31,59,126,133,56,68,112,52,33,3,18,58,8"/><T82/><D107/><U91/><E69/><V57/><F109/><W54/><G68/><T94/><D124/><U24/><E125/><V25/><F72/><W83/><G126/><T37/><D35/><U50/><E135/><V88/><F114/><W65/><G112/><T10/><D71/><U66/><E66/><V47/><F32/><W86/><G133/><T130/><D130/><U7/><E24/><V70/><F70/><W113/><G113/><T84/><D61/><U42/><E42/><V123/><F123/><W38/><G38/><T30/><D53/><U75/><E0/><V45/><F45/><W110/><G110/><T1/><D30/><U132/><E132/><V97/><F67/><W87/><G65/><T51/><D37/><U104/><E104/><V99/><F57/><W116/><G86/><N who="0" m="48479" /><D1/><U129/><E55/><V5/><F5/><AGARI ba="0,0" hai="5,6,10,14,17,40,44,51,84,89,94" m="48479" machi="5" ten="30,2900,0" yaku="8,1,52,1" doraHai="46" who="0" fromWho="2" sc="411,29,241,0,137,-29,211,0" /><INIT seed="4,1,0,2,1,36" ten="440,241,108,211" oya="0" hai0="19,109,125,57,132,100,86,5,37,123,87,96,1" hai1="115,50,117,129,8,95,49,33,48,31,81,67,18" hai2="17,47,88,23,34,106,131,12,108,77,118,24,16" hai3="39,82,56,78,20,43,80,134,103,44,62,53,126"/><T102/><D37/><U32/><E117/><V133/><F108/><W73/><G126/><T6/><D102/><U61/><E129/><V9/><F106/><W60/><G134/><T98/><D98/><U11/><E115/><V113/><F77/><W94/><G80/><T10/><D123/><U15/><E31/><V68/><F68/><W76/><G76/><T22/><D109/><U25/><E25/><V72/><F72/><W116/><G116/><T59/><D132/><U83/><E95/><V92/><F133/><W112/><G112/><T7/><D10/><U110/><E110/><V104/><F104/><W119/><G20/><T99/><D99/><U127/><E127/><V114/><F34/><W42/><G42/><T51/><D1/><U46/><E46/><V122/><F122/><W71/><G119/><T13/><D125/><U64/><E64/><V128/><F118/><W111/><G111/><T30/><D30/><U2/><E33/><V74/><F74/><W84/><G103/><T3/><D3/><U135/><E32/><V93/><F92/><W124/><G124/><T105/><D59/><N who="1" m="37311" /><E135/><V28/><F28/><W97/><G97/><T52/><AGARI ba="1,0" hai="5,6,7,13,19,22,51,52,57,86,87,96,100,105" machi="52" ten="30,3000,0" yaku="0,1,54,1" doraHai="36" who="0" fromWho="0" sc="440,33,241,-11,108,-11,211,-11" /><INIT seed="4,2,0,2,4,121" ten="473,230,97,200" oya="0" hai0="2,49,0,50,127,43,102,59,48,93,119,129,81" hai1="103,122,111,64,60,77,54,10,109,20,32,128,99" hai2="104,124,19,18,42,105,17,3,55,74,61,41,14" hai3="125,133,83,1,22,66,11,33,53,47,62,75,100"/><T30/><D119/><U21/><E122/><V87/><F3/><W72/><G33/><T88/><D127/><U27/><E54/><V24/><F74/><W106/><G125/><T73/><D102/><U91/><E91/><V46/><F124/><W51/><G133/><T114/><D114/><U79/><E10/><V120/><F120/><W12/><G106/><T134/><D134/><U96/><E128/><V35/><F14/><W94/><G22/><T38/><D30/><U57/><E32/><V25/><F87/><W68/><G1/><T78/><D129/><U65/><E57/><V71/><F35/><W5/><REACH who="3" step="1"/><G83/><REACH who="3" ten="473,230,97,190" step="2"/><T37/><D0/><U45/><E21/><V56/><F71/><W76/><G76/><T118/><D81/><U115/><E20/><V39/><REACH who="2" step="1"/><F42/><REACH who="2" ten="473,230,87,190" step="2"/><W97/><AGARI ba="2,2" hai="5,11,12,47,51,53,62,66,68,72,75,94,97,100" machi="97" ten="30,2000,0" yaku="1,1,0,1,53,0" doraHai="121" doraHaiUra="36" who="3" fromWho="3" sc="473,-12,230,-7,87,-7,190,46" /><INIT seed="5,0,0,3,1,39" ten="461,223,80,236" oya="1" hai0="93,38,34,99,65,29,25,77,12,52,44,102,14" hai1="9,101,89,20,127,7,86,70,23,119,22,67,21" hai2="130,17,11,43,5,57,105,121,129,75,36,24,112" hai3="31,97,83,111,87,47,106,132,90,33,122,61,92"/><U120/><E119/><V91/><F121/><W72/><G122/><T73/><D65/><U30/><E120/><V124/><F105/><W48/><G111/><T27/><D73/><U80/><E127/><V118/><F118/><W18/><G132/><T37/><D77/><U98/><E70/><V84/><F75/><W8/><G33/><T59/><D27/><U95/><E67/><V85/><F124/><W41/><G31/><T4/><D4/><U128/><E128/><V6/><F112/><W16/><G8/><T81/><D81/><U94/><N who="1" m="5120" /><DORA hai="45" /><U76/><E30/><V13/><F24/><W115/><G115/><T82/><D82/><U88/><REACH who="1" step="1"/><E95/><REACH who="1" ten="461,213,80,236" step="2"/><V68/><F68/><W56/><G106/><T1/><D93/><U54/><E54/><V117/><F117/><W79/><G72/><T64/><D52/><AGARI ba="0,1" hai="16,18,41,47,48,52,56,61,79,83,87,90,92,97" machi="52" ten="30,12000,2" yaku="7,1,8,1,52,2,54,2" doraHai="39,45" who="3" fromWho="0" sc="461,-120,213,0,80,0,236,130" /><INIT seed="6,0,0,1,5,114" ten="341,213,80,366" oya="2" hai0="107,61,122,4,46,28,126,53,49,63,97,93,133" hai1="67,31,127,73,92,94,32,85,82,99,17,20,77" hai2="135,5,100,15,124,40,13,8,45,109,106,3,108" hai3="88,105,134,36,60,95,116,56,90,78,84,65,76"/><V120/><F120/><W11/><G105/><T26/><D107/><U7/><E127/><V6/><F124/><W115/><G116/><T12/><D126/><U112/><E112/><V89/><F135/><W75/><G115/><T29/><D133/><U69/><E7/><V131/><F131/><W102/><G134/><T9/><D122/><U98/><E32/><V39/><F106/><W123/><G123/><T96/><D96/><U62/><E31/><N who="0" m="11849" /><D26/><U30/><E30/><V111/><F100/><AGARI ba="0,0" hai="4,9,12,46,49,53,61,63,93,97,100" m="11849" machi="100" ten="30,1000,0" yaku="8,1" doraHai="114" who="0" fromWho="2" sc="341,10,213,0,80,-10,366,0" /><INIT seed="7,0,0,1,5,99" ten="351,213,70,366" oya="3" hai0="111,116,68,97,135,37,2,69,95,44,107,25,89" hai1="6,9,123,81,41,53,38,17,84,114,133,110,54" hai2="60,125,106,109,8,57,94,40,22,16,55,50,91" hai3="113,66,42,86,52,34,119,61,30,129,47,70,0"/><W45/><G119/><T83/><D116/><U87/><E110/><V64/><F109/><W26/><G0/><T27/><D111/><U15/><E123/><V63/><F106/><W59/><G113/><T128/><D2/><U56/><E114/><V126/><F40/><W75/><G75/><T115/><D115/><U20/><E133/><V72/><F72/><W13/><G129/><T62/><D135/><U49/><E38/><V102/><F8/><W28/><G28/><T32/><D128/><U96/><E96/><V112/><F112/><W100/><G100/><T73/><D32/><U120/><E120/><V121/><F121/><W93/><G13/><T36/><D107/><U76/><E87/><V78/><F78/><W58/><G58/><T18/><D37/><U10/><E10/><V21/><F21/><W5/><G5/><T1/><D1/><U11/><E11/><V48/><F125/><W12/><G12/><T130/><D130/><U132/><E132/><V77/><F77/><W127/><G127/><T39/><D39/><U7/><E7/><V23/><F23/><W88/><G42/><N who="0" m="22599" /><D18/><U29/><E29/><V117/><F117/><W134/><G134/><T90/><D90/><U4/><E4/><V101/><F126/><W35/><G35/><T14/><D14/><U71/><E41/><V82/><F82/><W124/><G124/><T67/><D69/><U79/><E9/><V85/><F63/><AGARI ba="0,0" hai="26,30,34,45,47,52,59,61,63,66,70,86,88,93" machi="63" ten="30,5800,0" yaku="7,1,54,2" doraHai="99" who="3" fromWho="2" sc="351,0,213,0,70,-58,366,58" owari="351,15.1,213,-18.7,12,-48.8,424,52.4" /></mjloggm>