<mjloggm ver="2.3"><GO type="169" lobby="0"/><UN n0="%E3%81%BD%E3%81%A3%E3%81%91%E3%81%95%E3%82%93" n1="%E2%97%8E%E3%82%88%E3%81%97%E2%97%8E" n2="%79%61%6E%72%6F%75" n3="%E3%82%84%E3%82%89%E3%82%8C%E5%BD%B9" dan="17,17,16,17" rate="2171.59,2179.20,2156.87,2144.81" sx="M,M,M,M"/><TAIKYOKU oya="0"/><INIT seed="0,0,0,1,4,64" ten="250,250,250,250" oya="0" hai0="79,62,10,4,58,88,112,97,126,0,63,55,118" hai1="54,59,124,80,42,89,17,14,56,7,115,73,77" hai2="107,83,98,74,82,68,106,51,20,50,36,26,85" hai3="128,135,27,121,15,92,47,1,120,32,122,111,24"/><T60/><D112/><U5/><E115/><V103/><F36/><W114/><G114/><T100/><D118/><U78/><E124/><V43/><F107/><W94/><G1/><T61/><D79/><U104/><E104/><V40/><F74/><W52/><G111/><T6/><D6/><U44/><E78/><V38/><F82/><W65/><G135/><T133/><D126/><U108/><E89/><V87/><F85/><W90/><G128/><T132/><REACH who="0" step="1"/><D88/><REACH who="0" ten="240,250,250,250" step="2"/><U53/><E5/><V49/><F83/><W102/><G90/><T57/><D57/><U23/><E7/><V127/><F127/><W130/><G122/><T101/><D101/><U11/><E108/><V76/><F103/><W9/><G102/><T31/><D31/><U39/><E59/><V16/><F76/><W12/><G120/><T95/><AGARI ba="0,1" hai="0,4,10,55,58,60,61,62,63,95,97,100,132,133" machi="95" ten="30,3000,0" yaku="1,1,0,1,53,0" doraHai="64" doraHaiUra="13" who="0" fromWho="0" sc="240,40,250,-10,250,-10,250,-10" /><INIT seed="0,1,0,4,5,111" ten="280,240,240,240" oya="0" hai0="30,37,124,69,134,49,105,17,107,16,84,108,70" hai1="73,14,115,78,82,65,46,67,77,99,5,127,12" hai2="68,7,129,45,64,54,117,76,123,4,35,43,8" hai3="50,93,27,132,24,33,38,87,92,95,94,118,125"/><T18/><D37/><U13/><E127/><V19/><F123/><W29/><G118/><T101/><D108/><U40/><E78/><V32/><F129/><W119/><G119/><T56/><D124/><U36/><E99/><V52/><F117/><W71/><G125/><T130/><D130/><U120/><E120/><V90/><F76/><W85/><G38/><T21/><D134/><U58/><E58/><V63/><F4/><W41/><G71/><T100/><D84/><U83/><E83/><V11/><F8/><W104/><G104/><T97/><D30/><U114/><REACH who="1" step="1"/><E5/><REACH who="1" ten="280,230,240,240" step="2"/><V1/><F90/><W121/><G121/><T60/><D105/><U98/><E98/><V10/><F10/><W59/><G59/><T2/><D101/><U133/><E133/><V51/><REACH who="2" step="1"/><F19/><REACH who="2" ten="280,230,230,240" step="2"/><W109/><G132/><T86/><D17/><U113/><AGARI ba="1,2" hai="12,13,14,36,40,46,65,67,73,77,82,113,114,115" machi="113" ten="40,12000,2" yaku="1,1,0,1,11,1,52,3,53,0" doraHai="111" doraHaiUra="25" who="1" fromWho="1" sc="280,-61,230,143,230,-31,240,-31" /><INIT seed="1,0,0,0,3,120" ten="219,373,199,209" oya="1" hai0="26,10,29,73,121,87,74,112,46,103,96,82,30" hai1="132,123,93,128,91,84,20,17,44,25,131,16,113" hai2="109,105,42,6,65,41,80,125,75,19,71,97,68" hai3="55,66,122,54,49,21,126,98,9,90,13,104,3"/><U100/><E123/><V79/><F125/><W58/><G122/><T95/><D112/><U60/><E113/><V57/><F6/><W43/><G126/><T116/><D116/><U11/><E132/><V32/><F71/><W45/><G3/><T89/><D121/><U27/><E100/><V51/><F32/><W62/><G21/><T59/><D10/><U83/><E60/><V28/><F28/><W18/><REACH who="3" step="1"/><G104/><REACH who="3" ten="219,373,199,199" step="2"/><T15/><D15/><U134/><E134/><V135/><F105/><W102/><G102/><T1/><D1/><U7/><E20/><V86/><F135/><W106/><G106/><T56/><D30/><U99/><E25/><V8/><F8/><W63/><G63/><T118/><D118/><U92/><E27/><V124/><F124/><W110/><G110/><T0/><D0/><U70/><E11/><V24/><F109/><W111/><G111/><T129/><D26/><U67/><E128/><V119/><F119/><W77/><G77/><T33/><D29/><U115/><E131/><V39/><F24/><W12/><G12/><T85/><D129/><U23/><E23/><V64/><F79/><W72/><G72/><T76/><D33/><U114/><E115/><V130/><F75/><W117/><G117/><T4/><D74/><U133/><E114/><V88/><F130/><W108/><G108/><T78/><D78/><U35/><E133/><V5/><F88/><W40/><G40/><T52/><D73/><U101/><E91/><V53/><F42/><W34/><G34/><T50/><D89/><U127/><E35/><V22/><F41/><RYUUKYOKU ba="0,1" sc="219,-10,373,-10,199,-10,199,30" hai3="9,13,18,43,45,49,54,55,58,62,66,90,98" /><INIT seed="2,1,1,3,3,72" ten="209,363,189,229" oya="2" hai0="14,114,113,97,15,110,108,29,71,83,0,24,118" hai1="20,133,121,134,130,42,81,89,105,12,8,35,37" hai2="78,27,93,106,56,82,46,49,23,45,19,103,34" hai3="64,39,104,30,91,123,38,120,102,44,101,92,50"/><V47/><F106/><W51/><G64/><T32/><D71/><U116/><E35/><V95/><F34/><W90/><G92/><T25/><D97/><U99/><E116/><V33/><F33/><W63/><G44/><T127/><D83/><U77/><E42/><V3/><F3/><W75/><G75/><T11/><D118/><U2/><E37/><V79/><F82/><W9/><G9/><T6/><D25/><U111/><E2/><V36/><F36/><W109/><G63/><T10/><D127/><U60/><E60/><V126/><F126/><W112/><G109/><N who="0" m="42091" /><D0/><U119/><E111/><V115/><F115/><W52/><G104/><T70/><D70/><U107/><E119/><V57/><F95/><W96/><G96/><T5/><AGARI ba="1,1" hai="5,6,10,11,14,15,24,29,32,113,114" m="42091" machi="5" ten="30,4000,0" yaku="14,1,34,2" doraHai="72" who="0" fromWho="0" sc="209,53,363,-11,189,-21,229,-11" /><INIT seed="3,0,0,0,0,113" ten="262,352,168,218" oya="3" hai0="48,31,32,92,18,105,34,69,19,6,55,83,58" hai1="126,70,122,130,102,98,51,127,47,61,79,134,52" hai2="64,80,26,76,15,93,128,29,71,132,95,116,129" hai3="81,124,65,104,108,75,82,87,20,66,73,39,53"/><W59/><G104/><T49/><D105/><N who="1" m="63703" /><E122/><V125/><F71/><W9/><G39/><T107/><D107/><U67/><E79/><V24/><F64/><W89/><G124/><N who="1" m="47658" /><E134/><V57/><F125/><W101/><G101/><T23/><D69/><U100/><E100/><V117/><F57/><W28/><G108/><T12/><D6/><U103/><E103/><V41/><F41/><W118/><G9/><T42/><D92/><N who="2" m="35402" /><F15/><W114/><G114/><T109/><D109/><U35/><E35/><V37/><F37/><W63/><G73/><T1/><D83/><U111/><E111/><V135/><F24/><W120/><G81/><T85/><D85/><U54/><E130/><N who="2" m="50283" /><F26/><W94/><G120/><T10/><D1/><U72/><E72/><N who="2" m="43015" /><F29/><W99/><G75/><T44/><D31/><U46/><E46/><V38/><F38/><W27/><G66/><T106/><D106/><U14/><E14/><AGARI ba="0,0" hai="10,12,14,18,19,23,32,34,42,44,48,49,55,58" machi="14" ten="30,1000,0" yaku="7,1" doraHai="113" who="0" fromWho="1" sc="262,10,352,-10,168,0,218,0" /><INIT seed="4,0,0,5,5,39" ten="272,342,168,218" oya="0" hai0="33,114,97,11,73,21,37,62,51,93,128,40,26" hai1="34,44,15,2,72,24,95,19,66,50,48,71,61" hai2="132,16,63,125,54,113,100,90,110,58,120,98,126" hai3="91,75,57,96,67,52,60,35,106,109,6,29,14"/><T103/><D114/><U55/><E72/><V115/><F110/><W108/><G75/><T22/><D37/><U38/><E2/><V18/><F120/><W116/><G116/><T112/><D112/><N who="2" m="43082" /><F90/><W83/><G35/><T17/><D73/><U5/><E5/><V65/><F54/><W81/><G29/><T27/><D128/><U47/><E38/><V12/><F132/><W99/><G106/><T4/><D33/><U101/><E34/><V105/><F12/><W118/><G118/><T77/><D77/><U9/><E24/><V32/><F32/><W70/><G109/><T80/><D80/><U117/><E117/><V28/><F28/><W121/><G121/><T7/><D62/><U45/><E48/><V111/><F111/><W1/><G1/><T79/><D79/><U74/><E74/><V130/><F130/><W3/><G3/><T85/><D85/><U82/><E82/><V133/><F133/><W30/><G81/><T42/><D51/><U8/><E9/><V119/><F119/><W59/><G83/><T123/><D123/><U36/><E36/><V131/><F131/><W0/><G0/><T49/><D49/><U41/><E55/><V20/><F20/><W88/><G52/><T43/><D11/><U102/><E102/><V76/><F76/><W10/><G108/><T135/><D135/><U122/><E122/><V78/><F78/><W129/><G129/><T84/><D84/><U87/><E87/><V86/><F86/><W92/><G30/><AGARI ba="0,0" hai="4,7,17,21,22,26,27,30,40,42,43,93,97,103" machi="30" ten="40,12000,1" yaku="8,1,52,3" doraHai="39" who="0" fromWho="3" sc="272,120,342,0,168,0,218,-120" /><INIT seed="4,1,0,3,5,118" ten="392,342,168,98" oya="0" hai0="30,22,47,114,49,11,48,72,65,131,25,27,130" hai1="82,43,13,51,9,125,127,29,121,109,86,21,87" hai2="106,126,18,76,31,135,0,6,8,50,26,39,75" hai3="19,113,36,12,42,32,64,57,17,112,55,132,108"/><T119/><D119/><U14/><E109/><V41/><F126/><N who="1" m="48137" /><E121/><V94/><F50/><W78/><G108/><T88/><D72/><U84/><E43/><V45/><F94/><W71/><G32/><T115/><D65/><U58/><E29/><V80/><F18/><W62/><G78/><T16/><D11/><U81/><E21/><V89/><F89/><W46/><G132/><T59/><D59/><U124/><N who="1" m="48145" /><U73/><DORA hai="54" /><E73/><V93/><F93/><W100/><G100/><T134/><D134/><U95/><E95/><V23/><REACH who="2" step="1"/><F135/><REACH who="2" ten="392,342,158,98" step="2"/><W99/><G19/><T123/><D88/><N who="1" m="51215" /><E82/><V53/><F53/><W128/><G99/><T34/><D49/><U63/><E51/><V10/><F10/><W122/><G122/><T69/><D123/><U61/><E61/><V67/><F67/><W3/><G55/><N who="0" m="30111" /><D69/><U40/><E40/><V90/><F90/><W133/><G71/><T38/><D38/><U111/><E9/><V102/><F102/><W120/><G133/><T20/><D34/><U44/><E111/><V105/><AGARI ba="1,1" hai="0,6,8,23,26,31,39,41,45,75,76,80,105,106" machi="105" ten="30,8000,1" yaku="1,1,0,1,25,2,53,1" doraHai="118,54" doraHaiUra="85,4" who="2" fromWho="2" sc="392,-41,342,-21,158,93,98,-21" /><INIT seed="5,0,0,4,4,75" ten="351,321,251,77" oya="1" hai0="77,120,2,127,17,9,34,109,94,53,57,27,51" hai1="13,74,91,122,36,32,73,7,48,59,67,82,110" hai2="101,92,11,134,102,105,71,112,66,54,126,135,123" hai3="43,80,86,12,0,14,121,69,107,117,131,4,132"/><U28/><E122/><V111/><F111/><W70/><G121/><T33/><D109/><U50/><E36/><V64/><F123/><W87/><G107/><T72/><D120/><U20/><E32/><V124/><F105/><W100/><G100/><N who="2" m="38505" /><F71/><W119/><G0/><T113/><D113/><U129/><E129/><V96/><F11/><W114/><G43/><T16/><D127/><N who="2" m="48682" /><F54/><W79/><G114/><T56/><D94/><U47/><E110/><V3/><F3/><W1/><G1/><T97/><D97/><U81/><E7/><V38/><F38/><W26/><G131/><T133/><D133/><N who="2" m="50698" /><F112/><W83/><G132/><T65/><D2/><U18/><E28/><V45/><F45/><W52/><G4/><T49/><D9/><U21/><E47/><V63/><F63/><W61/><G61/><T37/><D37/><U44/><E44/><V93/><F96/><W128/><G128/><T98/><D98/><U29/><E67/><AGARI ba="0,0" hai="64,66,67,92,93" m="50698,48682,38505" machi="67" ten="40,8000,1" yaku="28,2,18,1,20,1" doraHai="75" who="2" fromWho="1" sc="351,0,321,-80,251,80,77,0" /><INIT seed="6,0,0,5,4,95" ten="351,241,331,77" oya="2" hai0="2,31,78,60,75,50,133,135,24,35,119,38,67" hai1="76,11,36,51,101,48,34,103,74,32,99,55,43" hai2="79,92,70,113,6,54,134,126,123,124,117,115,109" hai3="77,12,37,88,19,17,40,86,114,62,65,13,130"/><V102/><F70/><W116/><G116/><T98/><D38/><U97/><E36/><V18/><F117/><W112/><G77/><T61/><D119/><U56/><E76/><V8/><F123/><W104/><G104/><T26/><D2/><U7/><E74/><V121/><F121/><W125/><G40/><T22/><D50/><U108/><E108/><V28/><F18/><N who="3" m="6667" /><G37/><T23/><D26/><U41/><E7/><V100/><F28/><W72/><G72/><T57/><D98/><N who="1" m="37387" /><E11/><V63/><F92/><N who="3" m="54295" /><G125/><N who="2" m="48233" /><F79/><W21/><G21/><T0/><D0/><U118/><E118/><V14/><F134/><N who="0" m="51210" /><D61/><N who="1" m="35999" /><E32/><V25/><F25/><W110/><G110/><T68/><D68/><U47/><E34/><V27/><F27/><W30/><G130/><T9/><D9/><U58/><E58/><N who="2" m="35287" /><F109/><W73/><G73/><T42/><D75/><U64/><E64/><V82/><F6/><W66/><G30/><T96/><D78/><U107/><E107/><V29/><F29/><W94/><G94/><T33/><D35/><U111/><E111/><V129/><F82/><W10/><G66/><T4/><D4/><U1/><E1/><V127/><F129/><W89/><G89/><T45/><D33/><U131/><E131/><V3/><F3/><W83/><G83/><T20/><D67/><U106/><E106/><V128/><F128/><W59/><G10/><T91/><D31/><U122/><E122/><V46/><F127/><W132/><G132/><T16/><D24/><U52/><E43/><V69/><F69/><W15/><G65/><T87/><D42/><U90/><E90/><RYUUKYOKU ba="0,0" sc="351,-15,241,15,331,-15,77,15" hai1="41,47,48,51,52,101,103" hai3="12,13,15,59,62,112,114" /><INIT seed="7,1,0,5,0,122" ten="336,256,316,92" oya="3" hai0="105,101,27,100,104,99,107,35,19,10,110,40,113" hai1="86,42,89,39,37,12,58,63,83,121,26,78,85" hai2="128,70,31,6,124,11,91,8,75,120,5,79,118" hai3="97,81,55,62,108,116,77,74,21,28,14,67,87"/><W41/><G116/><T47/><D110/><U117/><E121/><V20/><F120/><W34/><G34/><T126/><D126/><U51/><E117/><V0/><F118/><W114/><G114/><T132/><D113/><U43/><E37/><V69/><F124/><W71/><G41/><T106/><D132/><U123/><E39/><V93/><F128/><W48/><G97/><T3/><D3/><U54/><E123/><V115/><F115/><W56/><G108/><T64/><D64/><U76/><E76/><V134/><F134/><W32/><G32/><T30/><D10/><U66/><E26/><V9/><F9/><W52/><G55/><T44/><D19/><U2/><E12/><V57/><F57/><W102/><G102/><T72/><D72/><U7/><E7/><V18/><F31/><W61/><G61/><T25/><D25/><U119/><E2/><V90/><F20/><W53/><G74/><T129/><D129/><U88/><E78/><V98/><F18/><W95/><G95/><T38/><D47/><U1/><E1/><V65/><F65/><W24/><REACH who="3" step="1"/><G53/><REACH who="3" ten="336,256,316,82" step="2"/><T96/><AGARI ba="1,1" hai="27,30,35,38,40,44,96,99,100,101,104,105,106,107" machi="96" ten="30,8000,1" yaku="0,1,9,1,33,3" doraHai="122" who="0" fromWho="0" sc="336,93,256,-21,316,-21,82,-41" owari="429,52.9,235,-16.5,295,9.5,41,-45.9" /></mjloggm>