<mjloggm ver="2.3"><GO type="169" lobby="0"/><UN n0="%E3%82%8A%E3%82%93%E3%81%94%32%32%36" n1="%E3%80%90%E3%83%A1%E3%82%BF%E3%83%A9%E3%83%BC%E3%80%91" n2="%E7%B4%94%E6%BD%94%E3%83%94%E3%83%A9%E3%83%8B%E3%82%A2" n3="%E3%81%88%E3%82%8A%E3%82%93%E3%81%BC%E3%81%B1%E3%81%B1" dan="17,17,16,17" rate="2197.57,2131.85,2189.22,2155.77" sx="M,M,M,M"/><TAIKYOKU oya="0"/><INIT seed="0,0,0,4,4,79" ten="250,250,250,250" oya="0" hai0="91,53,70,45,88,93,63,111,35,118,123,84,106" hai1="120,135,4,117,38,22,7,15,66,25,85,24,27" hai2="26,80,83,59,10,99,18,62,44,121,133,114,125" hai3="94,40,42,116,23,47,54,64,21,41,98,89,12"/><T107/><D118/><U0/><E117/><V131/><F114/><W6/><G116/><T50/><D123/><U11/><E38/><V68/><F68/><W112/><G112/><T77/><D35/><U103/><E66/><V30/><F121/><W55/><G64/><T46/><D77/><U105/><E103/><V57/><F125/><W32/><G32/><T48/><D111/><U124/><E105/><V73/><F73/><W43/><N who="3" m="10240" /><DORA hai="31" /><W71/><G71/><T39/><D39/><U130/><E85/><V17/><F44/><W13/><G47/><T95/><D48/><U37/><E37/><V126/><F126/><W81/><G81/><N who="2" m="31305" /><F131/><W113/><G113/><T100/><D100/><U129/><E120/><V96/><F133/><W67/><G67/><T69/><D45/><U134/><E124/><V86/><F86/><W87/><G87/><T33/><D33/><U65/><E65/><N who="2" m="39119" /><F59/><W115/><G115/><T19/><D63/><U132/><E7/><V82/><N who="2" m="31313" /><V8/><DORA hai="90" /><F30/><W75/><G6/><T1/><D1/><U102/><E102/><V20/><F18/><AGARI ba="0,0" hai="0,4,11,15,18,22,24,25,27,129,130,132,134,135" machi="18" ten="50,8000,1" yaku="20,1,34,3" doraHai="79,31,90" who="1" fromWho="2" sc="250,0,250,80,250,-80,250,0" /><INIT seed="1,0,0,0,3,30" ten="250,330,170,250" oya="1" hai0="77,129,105,108,93,57,5,23,26,10,54,28,84" hai1="12,51,62,6,115,119,7,47,86,113,103,74,100" hai2="20,68,18,106,120,35,21,66,70,99,132,90,121" hai3="45,14,36,109,78,52,0,64,92,61,116,1,81"/><U79/><E119/><V48/><F48/><W127/><G116/><T22/><D108/><U16/><E74/><V114/><F132/><W126/><G109/><T27/><D105/><U29/><E29/><V125/><F125/><N who="3" m="47627" /><G14/><T76/><D129/><U53/><E115/><V122/><F114/><W117/><G92/><T39/><D39/><U124/><E124/><V44/><F44/><W97/><G97/><T58/><D58/><N who="1" m="35151" /><E86/><V50/><F50/><N who="3" m="28751" /><G36/><T130/><D130/><U82/><E82/><V134/><F134/><W89/><G89/><T111/><D111/><U123/><E79/><V63/><F68/><N who="3" m="41999" /><G117/><T42/><D77/><U59/><E113/><V112/><F112/><W104/><G104/><T55/><D76/><U72/><E72/><AGARI ba="0,0" hai="0,1,72,78,81" m="41999,28751,47627" machi="72" ten="30,2000,0" yaku="18,1,54,1" doraHai="30" who="3" fromWho="1" sc="250,0,330,-20,170,0,250,20" /><INIT seed="2,0,0,3,4,52" ten="250,310,170,270" oya="2" hai0="96,122,47,94,84,68,20,19,6,117,65,110,34" hai1="109,119,89,1,46,120,123,101,45,66,134,55,131" hai2="16,105,57,36,76,8,126,25,10,22,74,72,79" hai3="37,73,93,4,71,102,108,62,86,95,7,133,3"/><V48/><F36/><W121/><G121/><N who="1" m="46666" /><E119/><V42/><F105/><W13/><G73/><T80/><D110/><U91/><E1/><V100/><F100/><W129/><G3/><T67/><D34/><U9/><E109/><V26/><F126/><W41/><G108/><T40/><D6/><U111/><E111/><V82/><F25/><W114/><G114/><T61/><D67/><U23/><E9/><V53/><REACH who="2" step="1"/><F42/><REACH who="2" ten="250,310,160,270" step="2"/><W116/><G41/><T132/><D122/><U63/><E101/><V135/><F135/><W56/><G37/><T11/><D132/><U125/><E134/><V87/><F87/><W30/><G102/><T27/><D117/><U54/><E125/><V124/><F124/><W33/><G133/><T104/><D104/><U128/><E128/><V5/><F5/><W85/><G116/><T50/><D84/><U18/><E131/><V130/><F130/><W29/><G85/><T98/><D98/><U64/><E91/><V28/><F28/><W15/><G86/><T115/><D115/><U75/><E89/><V90/><F90/><W99/><G99/><T70/><D96/><U92/><E75/><V44/><F44/><W24/><G29/><T58/><D94/><U51/><E92/><V113/><F113/><W17/><G129/><T112/><D112/><U103/><E103/><V38/><F38/><W0/><G30/><N who="0" m="17767" /><D80/><AGARI ba="0,1" hai="8,10,16,22,26,48,53,57,72,74,76,79,80,82" machi="80" ten="40,12000,1" yaku="1,1,9,1,52,1,54,1,53,0" doraHai="52" doraHaiUra="60" who="2" fromWho="0" sc="250,-120,310,0,160,130,270,0" /><INIT seed="2,1,0,2,1,17" ten="130,310,290,270" oya="2" hai0="86,46,62,132,58,41,16,30,80,52,68,48,29" hai1="119,107,3,14,25,11,18,34,51,35,38,124,10" hai2="43,112,99,103,125,73,130,75,122,19,36,23,45" hai3="50,101,28,55,128,66,104,100,133,47,114,110,33"/><V26/><F112/><W72/><G114/><T69/><D132/><U102/><E38/><V5/><F122/><W106/><G72/><T15/><D69/><U67/><E67/><V77/><F125/><W63/><G110/><T88/><REACH who="0" step="1"/><D68/><REACH who="0" ten="120,310,290,270" step="2"/><U8/><E124/><V74/><F130/><W91/><G133/><T54/><D54/><U118/><E118/><V61/><F61/><W70/><G128/><T12/><D12/><U90/><E119/><V78/><REACH who="2" step="1"/><F5/><REACH who="2" ten="120,310,280,270" step="2"/><W127/><G127/><T92/><D92/><AGARI ba="1,2" hai="19,23,26,36,43,45,73,74,75,77,78,92,99,103" machi="92" ten="40,7700,0" yaku="1,1,2,1,52,1,53,0" doraHai="17" doraHaiUra="1" who="2" fromWho="0" sc="120,-80,310,0,280,100,270,0" /><INIT seed="2,2,0,4,2,109" ten="40,310,380,270" oya="2" hai0="21,51,66,122,87,112,41,60,110,58,7,94,62" hai1="29,19,55,96,56,61,9,37,80,118,22,115,10" hai2="126,135,95,27,72,6,103,75,106,77,28,33,81" hai3="83,85,45,127,20,129,57,100,36,131,17,35,2"/><V43/><F126/><W116/><G116/><T90/><D110/><U113/><E118/><V30/><F135/><W97/><G35/><T134/><D122/><U70/><E37/><V32/><F43/><W128/><G2/><T49/><D134/><U91/><E70/><V5/><F106/><W31/><G31/><T3/><D3/><U74/><E29/><V125/><F125/><W89/><G127/><T53/><D7/><U79/><E10/><V82/><F95/><W54/><G45/><T117/><D117/><U50/><E9/><V8/><F103/><W1/><G36/><T0/><D0/><U84/><E50/><V67/><F67/><W102/><G97/><T111/><D111/><U73/><E96/><V25/><F8/><W107/><G1/><T52/><D112/><U13/><REACH who="1" step="1"/><E74/><REACH who="1" ten="40,300,380,270" step="2"/><V11/><F11/><W26/><REACH who="3" step="1"/><G107/><REACH who="3" ten="40,300,380,260" step="2"/><T59/><D41/><U42/><E42/><V88/><F75/><W38/><G38/><T130/><D130/><U68/><E68/><V46/><F46/><W63/><AGARI ba="2,2" hai="17,20,26,54,57,63,83,85,89,100,102,128,129,131" machi="63" ten="30,4000,0" yaku="1,1,0,1,19,1,53,0" doraHai="109" doraHaiUra="69" who="3" fromWho="3" sc="40,-12,300,-12,380,-22,260,66" /><INIT seed="3,0,0,3,3,103" ten="28,288,358,326" oya="3" hai0="104,72,66,114,59,102,50,83,37,16,33,45,0" hai1="74,1,13,109,46,62,34,79,10,97,96,17,120" hai2="55,63,80,57,113,101,85,118,42,82,8,12,81" hai3="4,115,19,5,15,112,61,44,122,11,51,86,25"/><W70/><G122/><T123/><D123/><U3/><E120/><V73/><F73/><W41/><G112/><T2/><D33/><U58/><E109/><V88/><F118/><W39/><G115/><T54/><D114/><U6/><E34/><V71/><F71/><W78/><G39/><T47/><D47/><U90/><E46/><V32/><F32/><W93/><G70/><T99/><D72/><U111/><E111/><V40/><F101/><W24/><G61/><T89/><D83/><U9/><E3/><V38/><F113/><W135/><G135/><T49/><D89/><U94/><E79/><V18/><F38/><W100/><G4/><T23/><D37/><U105/><E74/><V31/><F31/><W119/><G19/><T28/><D28/><U30/><E30/><V64/><F55/><W108/><G108/><T52/><REACH who="0" step="1"/><D66/><REACH who="0" ten="18,288,358,326" step="2"/><U91/><E90/><V128/><F128/><W127/><G119/><T22/><D22/><U60/><REACH who="1" step="1"/><E58/><REACH who="1" ten="18,278,358,326" step="2"/><V76/><F76/><W133/><G133/><T43/><D43/><AGARI ba="0,2" hai="8,12,18,40,42,43,57,63,64,80,81,82,85,88" machi="43" ten="40,2600,0" yaku="8,1,54,1" doraHai="103" who="2" fromWho="0" sc="18,-26,278,0,358,46,326,0" owari="-8,-50.8,278,-12.2,404,50.4,326,12.6" /></mjloggm>