<mjloggm ver="2.3"><GO type="225" lobby="0"/><UN n0="%E3%83%A9%E3%83%BC%E3%83%A1%E3%83%B3%E4%BA%94%E9%83%8E" n1="%E6%98%93%E5%88%A9%E8%96%A9%E4%BC%AF" n2="%E6%9C%88%E5%B3%B6%E5%9F%BA" n3="%E3%81%BF%E3%81%BF%E3%81%9A" dan="16,17,17,17" rate="2088.76,2234.57,2225.69,2222.80" sx="M,F,M,M"/><TAIKYOKU oya="0"/><INIT seed="0,0,0,5,5,46" ten="250,250,250,250" oya="0" hai0="14,45,21,49,58,115,86,72,7,67,89,41,10" hai1="135,114,50,78,3,99,130,47,74,77,16,29,81" hai2="106,35,109,79,107,22,40,56,103,92,68,90,125" hai3="101,112,131,73,120,113,57,70,124,53,23,31,123"/><T0/><BYE who="2" /><D115/><N who="3" m="44105" /><G73/><UN n2="%E6%9C%88%E5%B3%B6%E5%9F%BA" /><T9/><D72/><U117/><E114/><V102/><F68/><W11/><G101/><N who="2" m="38409" /><F22/><W93/><G93/><T12/><D21/><U75/><E3/><V55/><F56/><W44/><G11/><T4/><D0/><U52/><E117/><V108/><F55/><W65/><G31/><T71/><D71/><U88/><E135/><V134/><F40/><W104/><G104/><N who="2" m="39977" /><F35/><W20/><G20/><T87/><REACH who="0" step="1"/><D89/><REACH who="0" ten="240,250,250,250" step="2"/><U42/><E75/><V128/><F90/><W76/><G23/><T54/><D54/><U34/><E74/><V43/><F109/><W129/><G76/><T24/><D24/><U91/><E78/><V97/><F108/><W61/><G124/><T37/><D37/><U82/><E77/><V6/><F125/><W118/><G118/><T30/><D30/><U28/><E91/><V66/><F79/><W32/><G32/><T85/><D85/><U121/><E34/><V95/><F134/><W39/><G70/><T64/><D64/><U94/><E29/><V51/><F66/><W83/><G65/><T127/><D127/><U111/><E28/><V98/><F98/><W105/><G105/><T48/><D48/><N who="1" m="26743" /><E111/><V60/><F51/><N who="3" m="28903" /><G39/><T100/><D100/><U84/><E99/><V80/><F97/><W110/><G110/><T33/><D33/><U38/><E38/><V15/><F15/><W2/><G2/><T5/><D5/><U126/><E126/><V69/><F6/><W25/><G25/><T59/><D59/><U8/><E84/><V18/><F69/><W36/><G36/><T132/><D132/><RYUUKYOKU ba="0,1" sc="240,30,250,-10,250,-10,250,-10" hai0="4,7,9,10,12,14,41,45,49,58,67,86,87" /><INIT seed="0,1,1,3,3,53" ten="270,240,240,240" oya="0" hai0="109,72,41,3,23,124,128,13,16,58,61,42,4" hai1="119,74,134,127,113,45,115,70,39,20,37,104,90" hai2="36,95,11,116,120,76,122,80,10,28,108,34,78" hai3="31,118,40,110,27,46,5,71,105,77,12,68,114"/><T79/><D124/><U96/><E119/><V101/><F36/><W44/><G114/><T107/><D107/><U25/><E70/><V64/><F116/><W93/><G118/><T117/><D117/><U9/><E134/><V24/><F108/><W135/><G105/><T49/><D109/><U94/><E74/><V97/><F64/><W59/><G77/><T56/><D128/><U125/><E9/><V1/><F78/><W99/><G135/><T112/><D112/><N who="1" m="43083" /><E104/><V85/><REACH who="2" step="1"/><F1/><REACH who="2" ten="270,240,230,240" step="2"/><W86/><G110/><T50/><D3/><U98/><E39/><V82/><F82/><W60/><G68/><T126/><D79/><U21/><E37/><V22/><F22/><N who="3" m="15863" /><G71/><T54/><D23/><U35/><E21/><V73/><F73/><W33/><G33/><T15/><D72/><U55/><E35/><V103/><F103/><N who="3" m="60911" /><G40/><T102/><D41/><U26/><E20/><V29/><F29/><W62/><G86/><T6/><D42/><U133/><E133/><V83/><F83/><W8/><G62/><T30/><D61/><U57/><E26/><V52/><F52/><AGARI ba="1,2" hai="5,8,12,44,46,52,59,60" m="60911,15863" machi="52" ten="30,3900,0" yaku="8,1,52,1,54,1" doraHai="53" who="3" fromWho="2" sc="270,0,240,0,230,-42,240,62" /><INIT seed="1,0,0,1,1,44" ten="270,240,188,302" oya="1" hai0="113,26,1,40,30,16,125,103,130,57,76,82,58" hai1="101,66,117,100,90,20,27,60,84,119,123,86,111" hai2="4,13,45,114,108,29,42,18,8,3,50,126,9" hai3="110,88,15,135,21,22,96,97,94,39,31,19,0"/><U6/><E123/><V23/><F108/><W52/><G110/><T54/><D113/><U5/><E111/><V2/><F114/><W33/><G135/><T64/><D1/><U41/><E119/><V69/><F69/><W34/><G39/><T56/><D125/><U81/><E117/><V133/><F126/><W87/><G0/><T47/><D130/><U99/><E41/><V75/><F75/><W36/><G36/><T61/><D103/><U131/><E131/><V25/><F133/><W70/><G70/><T74/><D64/><U77/><E101/><V92/><F92/><W72/><G72/><T122/><D122/><U93/><E86/><V83/><F83/><W46/><G34/><T127/><D127/><U78/><E78/><V10/><REACH who="2" step="1"/><F3/><REACH who="2" ten="270,240,178,302" step="2"/><W62/><G33/><AGARI ba="0,1" hai="2,4,8,9,10,13,18,23,25,29,33,42,45,50" machi="33" ten="30,12000,2" yaku="1,1,2,1,7,1,24,2,52,1,53,0" doraHai="44" doraHaiUra="124" who="2" fromWho="3" sc="270,0,240,0,178,130,302,-120" /><INIT seed="2,0,0,5,1,52" ten="270,240,308,182" oya="2" hai0="93,28,34,101,100,20,19,39,73,117,129,57,47" hai1="98,22,68,46,123,45,53,91,27,131,104,10,59" hai2="109,99,11,56,85,127,65,60,78,82,120,12,42" hai3="128,112,132,7,95,133,119,134,69,124,43,79,5"/><V110/><F120/><W63/><G119/><T18/><D73/><U116/><E68/><V106/><F42/><W105/><G105/><T26/><D117/><U80/><E116/><V83/><F127/><W0/><G0/><T126/><D126/><U75/><E131/><V1/><F1/><W58/><G124/><T74/><D74/><U77/><E10/><V67/><F83/><W61/><G79/><T62/><D129/><U40/><E40/><V92/><F106/><W32/><G128/><T64/><D39/><U25/><E25/><V29/><F29/><W72/><G72/><T102/><D47/><U48/><E123/><V2/><F2/><W16/><G32/><T8/><D8/><U113/><E113/><V115/><F115/><W15/><G112/><T118/><D118/><U107/><E104/><V31/><F31/><W84/><G43/><T35/><D35/><U36/><E36/><V135/><F135/><N who="3" m="34563" /><W94/><DORA hai="17" /><G63/><T21/><D93/><N who="3" m="35337" /><G84/><T50/><D50/><U23/><E91/><V13/><F92/><W30/><G30/><T41/><D41/><U122/><E122/><V55/><F99/><W49/><G69/><T37/><D37/><U3/><E3/><V96/><F96/><W71/><G71/><T44/><D34/><U14/><E98/><V9/><F85/><W6/><G49/><T90/><D28/><N who="1" m="17527" /><E107/><V54/><F78/><W108/><G108/><T103/><D103/><U130/><E130/><V88/><F109/><W121/><G121/><T111/><D111/><U70/><E70/><N who="2" m="42279" /><F110/><W33/><G33/><T125/><D125/><RYUUKYOKU ba="0,0" sc="270,-10,240,30,308,-10,182,-10" hai1="14,23,45,46,48,53,59,75,77,80" /><INIT seed="3,1,0,1,0,92" ten="260,270,298,172" oya="3" hai0="15,24,23,36,50,78,111,71,5,131,56,62,12" hai1="105,76,31,65,100,73,127,118,38,67,119,69,66" hai2="39,95,44,99,0,58,13,72,34,109,125,75,35" hai3="48,84,51,93,135,101,88,11,37,6,74,123,40"/><W116/><G116/><N who="1" m="44586" /><E38/><V124/><F0/><W80/><G123/><T97/><D36/><U114/><E114/><V9/><F58/><W90/><G135/><T29/><D71/><U129/><E129/><V133/><F109/><W130/><G130/><T52/><D131/><U14/><E69/><V91/><F44/><W20/><G101/><T8/><D111/><U79/><E31/><V3/><F3/><W45/><G20/><N who="0" m="15495" /><D78/><U53/><E73/><N who="2" m="28235" /><F39/><W87/><REACH who="3" step="1"/><G74/><REACH who="3" ten="260,270,298,162" step="2"/><T22/><D22/><U70/><E100/><V60/><F133/><W61/><G61/><T54/><D23/><U104/><E127/><N who="2" m="48715" /><F60/><W47/><G47/><N who="0" m="27743" /><D8/><U59/><E70/><V103/><F103/><W64/><G64/><T98/><D5/><AGARI ba="1,1" hai="5,9,13,34,35,91,95,99" m="48715,28235" machi="5" ten="30,2000,0" yaku="18,1,52,1" doraHai="92" who="2" fromWho="0" sc="260,-23,270,0,298,33,162,0" owari="237,-16.3,270,7.0,331,43.1,162,-33.8" /></mjloggm>