<mjloggm ver="2.3"><GO type="169" lobby="0"/><UN n0="%E3%81%BD%E3%81%A3%E3%81%91%E3%81%95%E3%82%93" n1="%4E%6F%73%75%6B%65" n2="%6F%6B%62%6F%6B%62" n3="%E6%81%8B%E3%81%AE%E3%81%86%E3%81%9F" dan="17,16,17,17" rate="2186.72,2160.89,2199.98,2255.07" sx="M,M,M,M"/><TAIKYOKU oya="0"/><INIT seed="0,0,0,4,2,109" ten="250,250,250,250" oya="0" hai0="115,127,46,9,0,82,33,121,27,100,47,84,16" hai1="2,22,91,88,38,50,110,77,49,14,68,60,34" hai2="62,101,95,122,67,35,48,93,107,71,76,15,11" hai3="116,92,90,61,64,25,78,52,133,126,12,51,30"/><T135/><D121/><U3/><E38/><V132/><F132/><W103/><G126/><T18/><D135/><U111/><E34/><V72/><F122/><W26/><G116/><T125/><D100/><U119/><E119/><V59/><F35/><W124/><G78/><T114/><D0/><U54/><E77/><V32/><F32/><W37/><G37/><T96/><D96/><U5/><E60/><V17/><F107/><W118/><G124/><N who="0" m="47691" /><D9/><U28/><E28/><V6/><F101/><W31/><G103/><T112/><D33/><U106/><E106/><V29/><F29/><W130/><G130/><T24/><D27/><U7/><E54/><V85/><F72/><W45/><G118/><T66/><D66/><U13/><REACH who="1" step="1"/><E22/><REACH who="1" ten="250,240,250,250" step="2"/><V129/><F129/><W44/><G30/><T94/><D94/><U74/><E74/><V104/><F104/><W10/><G133/><T108/><D108/><U113/><E113/><V131/><F131/><W89/><G31/><T43/><D24/><U81/><E81/><V97/><F93/><W117/><G117/><T56/><D56/><U102/><E102/><V75/><F75/><W23/><G25/><T70/><D70/><AGARI ba="0,1" hai="2,3,5,7,13,14,49,50,68,70,88,91,110,111" machi="70" ten="25,6400,0" yaku="1,1,22,2,54,1,53,0" doraHai="109" doraHaiUra="21" who="1" fromWho="0" sc="250,-64,240,74,250,0,250,0" /><INIT seed="1,0,0,3,3,81" ten="186,314,250,250" oya="1" hai0="106,18,0,95,68,65,47,135,98,115,125,14,64" hai1="66,83,50,67,16,40,9,76,11,54,38,1,2" hai2="130,10,117,92,101,20,57,19,90,28,77,72,36" hai3="109,71,102,45,49,79,43,56,12,110,91,105,42"/><U22/><E40/><V85/><F117/><W80/><G71/><T129/><D0/><U108/><E38/><V126/><F36/><W7/><G43/><T32/><D115/><U35/><E35/><V73/><F130/><W33/><G33/><T17/><D106/><U84/><E108/><V134/><F134/><W88/><G56/><T60/><D65/><N who="1" m="24587" /><E2/><V103/><F28/><W23/><G102/><T52/><D129/><U6/><E6/><V124/><F57/><W113/><G105/><T99/><D32/><U121/><E121/><V75/><F10/><N who="3" m="4191" /><G23/><T62/><D135/><U127/><E127/><N who="2" m="48683" /><F77/><W118/><G113/><T100/><D125/><U15/><E1/><V82/><F92/><W111/><G118/><T63/><D99/><U74/><E74/><AGARI ba="0,0" hai="42,45,49,74,79,80,88,91,109,110,111" m="4191" machi="74" ten="30,2000,0" yaku="14,1,54,1" doraHai="81" who="3" fromWho="1" sc="186,0,314,-20,250,0,250,20" /><INIT seed="2,0,0,4,2,57" ten="186,294,250,270" oya="2" hai0="40,71,41,45,123,114,122,38,105,103,53,95,91" hai1="69,63,100,67,129,42,87,52,35,86,94,98,92" hai2="75,50,33,19,120,65,20,125,88,47,32,30,93" hai3="118,64,23,116,132,85,66,96,111,8,7,26,81"/><V11/><F120/><W10/><G111/><T97/><D114/><U4/><E42/><V15/><F15/><BYE who="2" /><W77/><G132/><UN n2="%6F%6B%62%6F%6B%62" /><T49/><D71/><U58/><E129/><V135/><F75/><W39/><G39/><T104/><D104/><U62/><E35/><V13/><F135/><W134/><G134/><T119/><D119/><U12/><REACH who="1" step="1"/><E94/><REACH who="1" ten="186,284,250,270" step="2"/><V37/><F37/><W56/><G118/><T48/><D41/><U112/><E112/><V68/><F32/><W21/><G116/><T17/><D38/><U124/><E124/><V29/><F125/><W24/><G96/><T55/><D40/><U22/><E22/><V59/><F33/><W0/><G23/><T5/><D5/><U6/><E6/><V108/><F108/><W115/><G115/><T28/><D28/><U46/><E46/><V25/><F29/><W121/><G21/><T9/><D17/><U126/><E126/><V79/><F47/><W99/><G99/><T101/><D9/><AGARI ba="0,1" hai="4,9,12,52,58,62,63,67,69,86,87,92,98,100" machi="9" ten="40,8000,1" yaku="1,1,52,2,54,1,53,0" doraHai="57" doraHaiUra="78" who="1" fromWho="0" sc="186,-80,284,90,250,0,270,0" /><INIT seed="3,0,0,4,3,28" ten="106,374,250,270" oya="3" hai0="51,45,12,7,0,71,99,53,98,64,63,116,102" hai1="42,87,135,56,132,118,55,88,75,40,95,29,90" hai2="104,125,111,77,113,15,96,1,97,79,54,33,14" hai3="17,129,50,115,27,121,30,52,93,16,13,59,74"/><W114/><G74/><T80/><D116/><U2/><E75/><V91/><F111/><W128/><G121/><T131/><D131/><N who="3" m="50249" /><G93/><T108/><D0/><U8/><E118/><V134/><F1/><W123/><G123/><T110/><D80/><U61/><E29/><V133/><F113/><N who="3" m="43019" /><G13/><T34/><D34/><AGARI ba="0,0" hai="16,17,27,30,34,50,52,59" m="43019,50249" machi="34" ten="30,11600,0" yaku="19,1,52,1,54,2" doraHai="28" who="3" fromWho="0" sc="106,-116,374,0,250,0,270,116" owari="-10,-51.0,374,17.4,250,-15.0,386,48.6" /></mjloggm>