<mjloggm ver="2.3"><GO type="169" lobby="0"/><UN n0="%E6%97%A5%E9%99%B0%E3%81%95%E3%82%93" n1="%E3%80%90%E3%81%95%E3%81%A8%E3%81%BC%E3%83%BC%E3%80%91" n2="%68%69%74%6F%6D%69" n3="%E4%B9%9D%E7%B4%8B%E9%BE%8D%E5%8F%B2%E9%80%B2" dan="17,16,16,19" rate="2205.64,2118.88,2108.28,2290.56" sx="F,M,F,M"/><TAIKYOKU oya="0"/><INIT seed="0,0,0,3,1,111" ten="250,250,250,250" oya="0" hai0="87,131,108,71,53,61,90,1,60,77,57,100,40" hai1="8,91,93,48,124,119,122,6,78,115,83,63,102" hai2="27,82,112,130,113,120,99,110,2,3,22,44,88" hai3="5,15,55,107,16,31,39,23,135,30,54,74,125"/><T123/><D123/><U20/><E122/><V106/><F120/><W72/><G135/><T132/><D1/><U34/><E34/><V18/><F110/><W19/><G125/><T97/><D108/><U24/><E119/><V69/><F69/><W46/><G107/><T129/><D132/><U109/><E109/><V114/><F130/><N who="0" m="49674" /><D40/><U17/><E124/><V51/><F106/><W42/><G5/><T62/><D77/><U116/><E116/><V67/><F67/><W43/><G43/><T56/><D71/><U41/><E102/><V118/><F118/><W103/><G103/><T58/><D97/><U73/><E63/><N who="0" m="24137" /><D100/><U21/><E41/><V52/><REACH who="2" step="1"/><F82/><AGARI ba="0,0" hai="53,56,57,58,62,82,87,90" m="24137,49674" machi="82" ten="30,1500,0" yaku="19,1" doraHai="111" who="0" fromWho="2" sc="250,15,250,0,250,-15,250,0" /><INIT seed="0,1,0,1,5,90" ten="265,250,235,250" oya="0" hai0="102,15,49,0,122,17,98,120,92,114,93,127,52" hai1="53,35,89,62,36,42,133,29,26,2,67,132,22" hai2="10,131,85,107,121,79,18,74,6,76,77,128,31" hai3="24,28,54,70,71,37,116,113,51,44,105,13,103"/><T48/><D0/><U50/><E2/><V119/><F121/><W5/><G113/><T108/><D114/><U14/><E36/><V72/><F119/><W16/><G116/><T125/><D108/><U84/><E42/><V30/><F107/><W106/><G5/><T40/><D40/><U123/><E123/><V78/><F18/><W97/><G105/><T4/><D4/><U20/><E62/><V126/><F126/><N who="0" m="48138" /><D49/><U88/><E67/><V73/><N who="2" m="19456" /><DORA hai="41" /><V34/><F85/><W58/><G37/><T99/><D17/><U94/><E89/><V12/><REACH who="2" step="1"/><F34/><REACH who="2" ten="265,250,225,250" step="2"/><W109/><G109/><T135/><D135/><N who="1" m="51787" /><E14/><V57/><F57/><AGARI ba="1,1" hai="20,22,26,29,35,50,53,57,84,88,94" m="51787" machi="57" ten="30,3900,0" yaku="20,1,52,1,54,1" doraHai="90,41" who="1" fromWho="2" sc="265,0,250,52,225,-42,250,0" /><INIT seed="1,0,0,2,1,52" ten="265,302,183,250" oya="1" hai0="127,35,23,44,93,100,5,37,50,120,130,0,67" hai1="122,36,29,8,34,114,119,47,89,88,129,15,118" hai2="32,101,56,62,110,135,16,63,91,4,107,69,81" hai3="58,55,125,12,121,26,24,49,18,76,2,70,9"/><U22/><E114/><V31/><F110/><W115/><G115/><T66/><D35/><U38/><E122/><V78/><F135/><W46/><G121/><T7/><D120/><U126/><E34/><V42/><F4/><W57/><G70/><T85/><D37/><U84/><E126/><V64/><F91/><W19/><G2/><T27/><D130/><U39/><E129/><V17/><F42/><W60/><G125/><T53/><D127/><U131/><E131/><V124/><F124/><W134/><G134/><T96/><D0/><U74/><E74/><V71/><F101/><W83/><G19/><N who="0" m="12799" /><D85/><U20/><E47/><V77/><F107/><W72/><REACH who="3" step="1"/><G57/><REACH who="3" ten="265,302,183,240" step="2"/><T13/><D13/><U45/><E15/><V25/><F71/><W3/><G3/><T10/><D10/><U108/><E8/><V92/><F92/><W43/><AGARI ba="0,1" hai="9,12,18,24,26,43,46,49,55,58,60,72,76,83" machi="43" ten="20,5200,0" yaku="1,1,0,1,7,1,52,1,53,0" doraHai="52" doraHaiUra="103" who="3" fromWho="3" sc="265,-13,302,-26,183,-13,240,62" /><INIT seed="2,0,0,2,2,134" ten="252,276,170,302" oya="2" hai0="19,114,117,12,101,113,106,76,15,74,78,38,58" hai1="67,92,119,26,62,61,121,90,103,55,16,7,72" hai2="108,50,75,22,69,83,0,18,27,125,23,41,54" hai3="35,44,94,81,110,99,37,68,91,109,2,60,39"/><V133/><F133/><W4/><G35/><T17/><D38/><U1/><E119/><V63/><F0/><W56/><G68/><T51/><D117/><U29/><E72/><V21/><F108/><N who="3" m="41579" /><G44/><T77/><D74/><U8/><E121/><V43/><F125/><W124/><G124/><T123/><D123/><U33/><E103/><V111/><F111/><W127/><G127/><T34/><D34/><U129/><E129/><V120/><F120/><W107/><G107/><T59/><D101/><U46/><E67/><V85/><F75/><W25/><G25/><T3/><D3/><U13/><E55/><V128/><F128/><W66/><G81/><T24/><D24/><U6/><E46/><V98/><F98/><W89/><G89/><T52/><D106/><U36/><E7/><V112/><F112/><W5/><G5/><T10/><REACH who="0" step="1"/><D58/><REACH who="0" ten="242,276,170,302" step="2"/><U100/><E36/><V42/><F69/><W32/><G32/><T47/><D47/><U116/><E100/><V48/><F63/><W79/><G79/><T118/><D118/><U132/><E116/><V93/><F50/><W126/><G126/><T40/><D40/><U122/><E122/><V96/><F48/><W115/><G115/><T20/><AGARI ba="0,1" hai="10,12,15,17,19,20,51,52,59,76,77,78,113,114" machi="20" ten="30,7900,0" yaku="1,1,0,1,54,1,53,1" doraHai="134" doraHaiUra="49" who="0" fromWho="0" sc="242,89,276,-20,170,-39,302,-20" /><INIT seed="3,0,0,5,4,47" ten="331,256,131,282" oya="3" hai0="88,43,15,27,96,100,93,31,87,109,19,11,56" hai1="34,82,113,26,21,5,105,112,131,104,78,30,121" hai2="17,58,80,54,126,40,132,116,69,68,119,133,53" hai3="37,94,22,55,12,20,95,63,106,73,83,123,48"/><W99/><G123/><T65/><D109/><U115/><E121/><V46/><F17/><W90/><G37/><T85/><D43/><U101/><E131/><V124/><F80/><W75/><G106/><T32/><D65/><U64/><E64/><V42/><F46/><W111/><G63/><T13/><D56/><AGARI ba="0,0" hai="40,42,53,54,56,58,68,69,116,119,124,126,132,133" machi="56" ten="25,8000,1" yaku="22,2,34,3" doraHai="47" who="2" fromWho="0" sc="331,-80,256,0,131,80,282,0" /><INIT seed="4,0,0,5,0,31" ten="251,256,211,282" oya="0" hai0="23,70,78,94,124,118,38,85,45,128,14,95,29" hai1="6,74,54,109,43,13,51,115,25,99,71,41,16" hai2="55,24,39,84,5,105,37,88,67,114,135,8,122" hai3="26,19,36,35,125,62,22,28,58,123,64,103,89"/><T86/><D118/><U81/><E109/><V11/><F114/><W91/><G125/><T107/><D107/><U121/><E121/><V34/><F122/><W72/><G123/><T102/><D124/><U126/><E126/><V130/><F105/><W12/><G36/><T2/><D2/><U132/><E71/><V56/><F135/><W66/><G72/><T87/><D70/><U113/><E132/><V106/><F106/><W131/><G131/><T15/><D128/><U1/><E1/><V97/><F97/><W82/><G103/><T61/><D61/><U90/><E6/><V119/><F67/><W47/><G47/><T129/><D129/><U96/><E25/><V40/><F119/><W7/><G82/><T59/><D59/><N who="1" m="33247" /><E74/><V133/><F133/><W60/><REACH who="3" step="1"/><G7/><REACH who="3" ten="251,256,211,272" step="2"/><T111/><D102/><U68/><E115/><V27/><F39/><W110/><G110/><T17/><D111/><U21/><E113/><V92/><F130/><W104/><G104/><T73/><D38/><U69/><E69/><AGARI ba="0,1" hai="12,19,22,26,28,35,58,60,62,64,66,69,89,91" machi="69" ten="30,3900,0" yaku="1,1,7,1,52,1,53,0" doraHai="31" doraHaiUra="33" who="3" fromWho="1" sc="251,0,256,-39,211,0,272,49" /><INIT seed="5,0,0,3,1,49" ten="251,217,211,321" oya="1" hai0="72,81,43,10,95,27,118,84,120,22,29,66,87" hai1="127,112,16,98,51,71,13,26,132,19,68,21,4" hai2="115,54,110,131,17,106,23,2,32,5,74,47,73" hai3="61,119,89,114,102,31,90,39,20,48,34,123,50"/><U6/><E112/><V59/><F110/><W101/><G39/><T117/><D120/><U129/><E127/><V77/><F32/><W41/><G34/><T103/><D72/><U79/><E129/><V104/><F131/><W56/><G123/><T109/><D109/><U44/><E132/><V97/><F115/><W30/><G114/><T92/><D43/><U24/><E79/><V58/><F2/><W86/><G90/><T45/><D45/><U60/><E98/><V113/><F5/><W70/><G70/><T15/><D66/><U69/><E60/><V116/><F116/><W18/><G119/><T38/><D38/><U76/><E76/><V65/><F47/><N who="3" m="25711" /><G50/><T57/><D57/><U121/><E121/><V35/><F35/><W128/><G31/><T46/><D46/><U83/><E83/><V135/><F135/><W67/><G30/><T126/><D126/><U100/><E100/><V107/><F113/><W9/><G9/><T42/><D42/><U85/><E85/><V12/><F97/><W14/><G128/><T37/><D37/><U53/><REACH who="1" step="1"/><E26/><REACH who="1" ten="251,207,211,321" step="2"/><V55/><F77/><W88/><G89/><N who="0" m="51343" /><D103/><U7/><E7/><V130/><F130/><W1/><G1/><T124/><D124/><U3/><E3/><V62/><REACH who="2" step="1"/><F65/><REACH who="2" ten="251,207,201,321" step="2"/><W0/><G0/><T99/><D99/><U80/><E80/><AGARI ba="0,2" hai="14,18,20,56,61,67,80,86,88,101,102" m="25711" machi="80" ten="30,2000,0" yaku="8,1,54,1" doraHai="49" who="3" fromWho="1" sc="251,0,207,-20,201,0,321,40" /><INIT seed="6,0,0,2,3,53" ten="251,187,201,361" oya="2" hai0="50,22,118,110,29,51,86,88,97,23,115,80,21" hai1="42,33,5,121,76,49,28,68,78,109,37,43,84" hai2="55,130,102,10,56,98,72,85,25,9,89,74,113" hai3="71,91,101,4,116,100,66,134,44,35,36,105,111"/><V103/><F113/><W6/><G111/><T47/><D110/><U73/><E109/><V69/><F69/><W12/><G116/><T129/><D129/><U135/><E68/><V46/><F130/><W132/><G35/><T90/><D118/><U32/><E135/><V40/><F74/><W59/><G71/><T131/><D131/><U31/><E73/><V81/><F72/><W93/><G105/><T60/><D115/><U41/><E37/><V52/><F25/><W99/><G44/><T95/><D60/><U123/><E49/><N who="0" m="18441" /><D47/><U108/><E108/><V92/><F103/><N who="3" m="39499" /><G36/><T3/><D3/><U70/><E70/><V38/><REACH who="2" step="1"/><F55/><REACH who="2" ten="251,187,191,361" step="2"/><W122/><G134/><T14/><D14/><U1/><E1/><V77/><F77/><W58/><G12/><T104/><D104/><U11/><E78/><V57/><F57/><W119/><G59/><T30/><AGARI ba="0,1" hai="21,22,23,29,30,80,86,88,90,95,97" m="18441" machi="30" ten="30,2000,0" yaku="8,1,54,1" doraHai="53" who="0" fromWho="0" sc="251,30,187,-5,191,-10,361,-5" /><INIT seed="7,0,0,4,2,112" ten="281,182,181,356" oya="3" hai0="71,99,86,126,122,116,100,37,133,13,92,10,3" hai1="40,2,79,32,19,85,60,24,36,1,21,110,66" hai2="130,18,20,98,56,101,64,118,7,35,5,49,16" hai3="108,11,102,61,22,38,31,46,88,52,121,67,55"/><W33/><G121/><T129/><D122/><U124/><E110/><V27/><F130/><W57/><G33/><T134/><D37/><U132/><E124/><V41/><F41/><W44/><G102/><T30/><D71/><U119/><E132/><N who="0" m="50793" /><D3/><U43/><E32/><V63/><F118/><W125/><G125/><T29/><D126/><U135/><E135/><V4/><F35/><W114/><G11/><T83/><D129/><U65/><E119/><V82/><F82/><W62/><G55/><T127/><D127/><U104/><E104/><V89/><F89/><W53/><G46/><T113/><D113/><U34/><E34/><V131/><F49/><W58/><G62/><T59/><D59/><U76/><E66/><V70/><F131/><W54/><G22/><T0/><D0/><U26/><E26/><V72/><F72/><W123/><G31/><T95/><D95/><U14/><E24/><V78/><F78/><N who="1" m="29737" /><E85/><V48/><F48/><W15/><G54/><T69/><D69/><N who="1" m="42151" /><E43/><V107/><REACH who="2" step="1"/><F70/><REACH who="2" ten="281,182,171,356" step="2"/><W87/><G114/><T80/><D116/><U73/><E73/><V45/><F45/><W105/><G44/><T74/><D74/><U12/><E12/><V42/><F42/><W23/><G15/><T47/><D47/><N who="1" m="23943" /><E1/><V94/><F94/><W50/><G123/><T39/><D92/><U8/><E2/><V91/><F91/><W103/><G88/><T93/><D93/><U120/><E120/><V25/><F25/><W6/><G50/><T109/><D83/><U117/><E117/><V68/><F68/><W90/><G90/><T28/><D80/><RYUUKYOKU ba="0,1" sc="281,-15,182,15,171,15,356,-15" hai1="8,14,19,21" hai2="4,5,7,16,18,20,27,56,63,64,98,101,107" owari="266,6.6,197,-20.3,186,-31.4,351,45.1" /></mjloggm>