<mjloggm ver="2.3"><GO type="169" lobby="0"/><UN n0="%73%61%69%63%68%61%6E%7A" n1="%E3%81%9B%E3%81%A9%E3%81%AA%E3%82%8A%E3%81%82%E3%82%93" n2="%E4%B8%83%E7%94%9F%E5%A4%95" n3="%45%7A%61%6B%69" dan="17,17,16,16" rate="2140.86,2202.90,2138.15,2125.87" sx="M,F,M,M"/><TAIKYOKU oya="0"/><INIT seed="0,0,0,4,5,74" ten="250,250,250,250" oya="0" hai0="56,132,100,43,71,95,62,87,118,34,38,78,10" hai1="63,37,121,47,77,130,13,114,26,86,53,41,15" hai2="0,50,104,84,51,119,89,8,90,113,9,115,131" hai3="12,107,111,18,73,22,96,33,69,25,57,103,36"/><T134/><D34/><U44/><E121/><V52/><F104/><W7/><G111/><T60/><D118/><U127/><E130/><V42/><F131/><W126/><G126/><T48/><D71/><U20/><E127/><V106/><F106/><W99/><G69/><T39/><D10/><U11/><E114/><V133/><F119/><W67/><G36/><T4/><D4/><U16/><E13/><V61/><F133/><N who="0" m="51306" /><D100/><U129/><E129/><V54/><F42/><W80/><G96/><T70/><D95/><U27/><E27/><V3/><F84/><W135/><G135/><T105/><D105/><U79/><E86/><V109/><REACH who="2" step="1"/><F61/><REACH who="2" ten="250,250,240,250" step="2"/><W112/><G107/><T72/><D72/><U85/><E85/><V5/><F5/><W102/><G7/><T32/><D62/><U122/><E122/><V30/><F30/><W91/><G73/><T55/><D43/><U65/><E53/><V1/><F1/><W49/><G112/><T40/><D40/><U21/><E44/><V94/><F94/><W76/><G67/><N who="0" m="41319" /><D32/><U45/><E45/><V64/><F64/><W75/><G33/><T125/><D125/><U14/><E63/><V31/><F31/><W101/><G75/><T120/><D120/><U116/><E65/><V82/><F82/><AGARI ba="0,1" hai="38,39,48,55,56,78,82,87" m="41319,51306" machi="82" ten="30,2900,0" yaku="20,1,52,1" doraHai="74" who="0" fromWho="2" sc="250,39,250,0,240,-29,250,0" /><INIT seed="0,1,0,5,2,39" ten="289,250,211,250" oya="0" hai0="25,50,127,73,29,70,12,131,129,86,48,124,74" hai1="97,84,53,8,64,18,37,21,93,79,52,133,110" hai2="51,65,87,30,1,44,78,113,35,101,115,72,43" hai3="123,134,102,99,111,3,81,9,126,15,62,105,89"/><T23/><D70/><U61/><E110/><V68/><F1/><W11/><G111/><T67/><D67/><U20/><E133/><V31/><F72/><W22/><G134/><T90/><D74/><U10/><E37/><V32/><F101/><W34/><G34/><T24/><D73/><U118/><E118/><V116/><F116/><W125/><G123/><T107/><D107/><U71/><E20/><V76/><F65/><W33/><G33/><T5/><D25/><U4/><E84/><V83/><F78/><W100/><G100/><T66/><D66/><U46/><E79/><V69/><F32/><W6/><G22/><T54/><D5/><U130/><E130/><N who="0" m="49673" /><D12/><U119/><E119/><V26/><REACH who="2" step="1"/><F31/><REACH who="2" ten="289,250,201,250" step="2"/><W122/><G122/><T47/><D50/><U63/><E64/><V56/><F56/><W17/><G89/><T55/><D54/><U106/><E53/><V94/><F94/><AGARI ba="1,1" hai="23,24,29,47,48,55,86,90,94,124,127" m="49673" machi="94" ten="30,1500,0" yaku="19,1" doraHai="39" who="0" fromWho="2" sc="289,28,250,0,201,-18,250,0" /><INIT seed="0,2,0,5,3,114" ten="317,250,183,250" oya="0" hai0="86,111,3,51,17,104,79,0,34,22,123,98,52" hai1="118,76,45,26,129,131,122,68,88,108,40,134,107" hai2="63,124,47,18,58,117,41,60,130,96,70,28,54" hai3="39,109,14,48,99,89,74,115,83,42,27,11,61"/><T33/><D123/><U16/><E107/><V93/><F28/><W23/><G115/><T135/><D135/><U49/><E68/><V92/><F124/><W19/><G109/><T127/><D127/><U84/><E76/><V72/><F72/><W38/><G61/><T44/><D111/><U82/><E108/><V103/><F130/><N who="1" m="49673" /><E122/><V80/><F80/><W24/><G24/><T36/><D36/><U30/><E134/><V12/><F70/><W110/><G110/><T102/><D79/><U31/><E118/><V100/><F60/><W106/><G74/><T73/><D73/><U133/><E133/><V35/><F35/><W126/><G126/><T94/><D34/><U90/><E90/><V46/><F117/><W6/><G83/><T77/><D33/><U116/><E116/><V59/><F59/><W65/><G65/><T50/><D77/><U120/><E120/><V4/><F4/><W105/><G105/><T75/><D75/><U101/><E101/><V56/><F56/><W10/><G10/><T62/><D62/><U87/><E87/><V64/><F64/><W71/><G71/><T25/><REACH who="0" step="1"/><D51/><REACH who="0" ten="307,250,183,250" step="2"/><U69/><E69/><V29/><F63/><W7/><G48/><T1/><D1/><U21/><AGARI ba="2,1" hai="16,21,26,30,31,40,45,49,82,84,88" m="49673" machi="21" ten="30,4000,0" yaku="19,1,54,2" doraHai="114" who="1" fromWho="1" sc="307,-22,250,56,183,-12,250,-12" /><INIT seed="1,0,0,1,2,23" ten="285,306,171,238" oya="1" hai0="60,75,12,123,93,107,82,43,114,16,105,25,91" hai1="116,38,45,2,11,3,36,49,4,94,72,13,56" hai2="122,29,128,51,35,103,95,5,79,100,30,20,47" hai3="53,104,33,106,80,68,101,121,50,39,42,92,119"/><U63/><E116/><V18/><F122/><W48/><G121/><T10/><D114/><U66/><E72/><V112/><F128/><W24/><G119/><T84/><D123/><U6/><E94/><V132/><F132/><W110/><G110/><T120/><D120/><U0/><REACH who="1" step="1"/><E6/><REACH who="1" ten="285,296,171,238" step="2"/><V118/><F118/><W32/><G92/><T71/><D75/><U96/><E96/><V41/><F112/><W74/><G74/><T65/><D43/><AGARI ba="0,1" hai="0,2,3,4,11,13,36,38,43,45,49,56,63,66" machi="43" ten="40,3900,0" yaku="1,1,53,1" doraHai="23" doraHaiUra="54" who="1" fromWho="0" sc="285,-39,296,49,171,0,238,0" /><INIT seed="1,1,0,5,5,21" ten="246,345,171,238" oya="1" hai0="78,55,110,122,65,87,33,111,68,3,6,99,45" hai1="105,18,83,92,88,46,31,42,113,47,52,72,20" hai2="0,30,71,133,4,49,10,44,126,57,84,89,37" hai3="70,120,118,63,56,132,11,27,59,121,86,58,43"/><U24/><E113/><V114/><F114/><W135/><G11/><N who="0" m="2527" /><D99/><U130/><E105/><V7/><F126/><W25/><G118/><T109/><D122/><N who="3" m="47209" /><G43/><T124/><D124/><U85/><E130/><V1/><F133/><N who="3" m="51275" /><G86/><T80/><D33/><U117/><E117/><V9/><F71/><W134/><N who="3" m="51283" /><W79/><DORA hai="8" /><G79/><T54/><D45/><U93/><E72/><V28/><F57/><N who="3" m="22123" /><G70/><T101/><D101/><U131/><E131/><V12/><F37/><W14/><G14/><T82/><D80/><U48/><E18/><V94/><REACH who="2" step="1"/><F12/><REACH who="2" ten="246,345,161,238" step="2"/><W76/><G76/><T60/><AGARI ba="1,1" hai="54,55,60,65,68,78,82,87,109,110,111" m="2527" machi="60" ten="40,1500,0" yaku="14,1" doraHai="21,8" who="0" fromWho="0" sc="246,28,345,-8,161,-5,238,-5" /><INIT seed="2,0,0,1,3,132" ten="274,337,156,233" oya="2" hai0="73,33,53,63,36,22,70,20,18,71,66,59,1" hai1="62,52,85,129,25,42,61,81,16,97,84,115,65" hai2="100,82,101,67,11,69,34,126,88,118,92,90,119" hai3="60,74,9,93,86,103,51,12,0,6,91,49,112"/><V44/><F34/><W43/><G74/><T75/><D33/><U48/><E115/><V21/><F21/><W110/><G110/><T78/><D1/><U131/><E42/><V127/><F11/><W64/><G112/><T15/><D36/><U121/><E97/><N who="2" m="57479" /><F44/><W135/><G135/><T35/><D35/><U107/><E107/><V108/><F67/><W96/><G43/><T133/><D133/><U28/><E121/><V134/><F69/><W27/><G27/><T94/><D94/><U4/><E4/><V116/><F108/><W105/><REACH who="3" step="1"/><G0/><REACH who="3" ten="274,337,156,223" step="2"/><T54/><D73/><U99/><E25/><V95/><F134/><W31/><G31/><T57/><D75/><U13/><E28/><V46/><F46/><W41/><G41/><T83/><D70/><AGARI ba="0,1" hai="6,9,12,49,51,60,64,70,86,91,93,96,103,105" machi="70" ten="30,2000,0" yaku="1,1,7,1,53,0" doraHai="132" doraHaiUra="77" who="3" fromWho="0" sc="274,-20,337,0,156,0,223,30" /><INIT seed="3,0,0,3,2,56" ten="254,337,156,253" oya="3" hai0="103,24,134,53,43,127,83,63,18,107,27,5,47" hai1="0,64,113,88,23,16,135,60,132,49,116,66,42" hai2="30,7,29,112,121,131,34,20,15,52,82,108,59" hai3="6,87,123,50,80,122,94,101,2,117,76,119,109"/><W73/><G50/><T111/><D111/><U19/><E113/><V124/><F112/><W104/><G6/><T93/><D107/><U106/><E106/><V21/><F108/><W86/><G2/><T100/><D134/><N who="1" m="51243" /><E0/><V4/><F124/><W14/><G14/><T25/><D127/><U91/><E64/><V37/><F37/><W41/><G41/><T26/><D5/><N who="2" m="2122" /><F34/><W11/><G11/><T98/><D83/><U70/><E116/><N who="3" m="44618" /><G109/><T130/><D130/><U17/><E23/><N who="2" m="8779" /><F131/><W125/><G125/><T13/><D100/><U8/><E8/><V74/><F74/><W68/><G68/><T78/><D78/><U28/><E28/><N who="2" m="10859" /><F121/><N who="3" m="46091" /><G104/><T79/><D43/><U55/><E42/><V118/><F118/><W71/><G71/><T12/><D18/><U75/><E75/><V35/><F35/><W9/><G9/><T3/><D3/><U105/><E105/><V89/><F15/><W44/><G44/><AGARI ba="0,0" hai="16,17,19,44,49,55,60,66,70,88,91" m="51243" machi="44" ten="30,7700,0" yaku="20,1,52,1,54,2" doraHai="56" who="1" fromWho="3" sc="254,0,337,77,156,0,253,-77" /><INIT seed="4,0,0,5,0,105" ten="254,414,156,176" oya="0" hai0="90,109,49,98,64,53,134,132,32,113,97,26,125" hai1="16,126,116,114,7,130,33,104,63,2,15,66,29" hai2="12,5,18,110,58,102,46,0,21,70,37,123,120" hai3="43,76,56,100,36,87,44,72,52,79,35,88,3"/><T124/><D64/><U1/><E104/><V108/><F70/><W57/><G35/><T85/><D32/><U92/><E116/><V111/><F102/><W91/><G3/><T106/><D26/><U68/><E126/><N who="0" m="48745" /><D113/><U62/><E130/><V42/><REACH who="2" step="1"/><F58/><REACH who="2" ten="254,414,146,176" step="2"/><W31/><G100/><N who="0" m="62735" /><D109/><U22/><E68/><V118/><F118/><W60/><G57/><N who="0" m="32943" /><D98/><U119/><E119/><V9/><AGARI ba="0,1" hai="0,5,9,12,18,21,37,42,46,108,110,111,120,123" machi="9" ten="40,2700,0" yaku="1,1,0,1,53,0" doraHai="105" doraHaiUra="23" who="2" fromWho="2" sc="254,-13,414,-7,146,37,176,-7" /><INIT seed="5,0,0,3,2,101" ten="241,407,183,169" oya="1" hai0="58,59,35,9,74,52,106,60,64,70,36,88,104" hai1="131,40,66,121,111,69,120,23,10,83,53,63,39" hai2="124,114,91,27,13,109,42,17,115,81,128,135,123" hai3="98,32,65,25,19,62,3,85,0,1,56,113,68"/><U21/><E10/><V118/><F42/><W117/><G113/><N who="2" m="43017" /><F81/><W11/><G117/><T94/><D35/><U67/><E21/><V61/><F91/><W6/><G85/><T49/><D74/><U43/><E23/><N who="2" m="13807" /><F61/><W37/><G37/><T47/><D9/><U107/><E83/><V78/><F78/><W33/><G68/><T102/><D102/><U73/><E73/><V2/><F2/><W108/><G108/><T80/><D80/><U116/><E63/><V14/><F118/><W103/><G19/><T126/><D126/><U15/><E39/><V4/><F109/><W28/><REACH who="3" step="1"/><G33/><REACH who="3" ten="241,407,183,159" step="2"/><T99/><REACH who="0" step="1"/><D36/><REACH who="0" ten="231,407,183,159" step="2"/><U20/><E111/><V129/><F124/><W8/><G8/><T31/><D31/><U125/><E125/><V76/><F123/><W132/><G132/><T105/><AGARI ba="0,2" hai="47,49,52,58,59,60,64,70,88,94,99,104,105,106" machi="105" ten="30,16000,3" yaku="1,1,0,1,52,3,54,2,53,1" doraHai="101" doraHaiUra="57" who="0" fromWho="0" sc="231,180,407,-80,183,-40,159,-40" /><INIT seed="6,0,0,2,0,114" ten="411,327,143,119" oya="2" hai0="106,39,22,35,78,17,95,16,12,20,36,9,96" hai1="128,65,3,4,29,14,34,21,1,103,23,130,55" hai2="83,24,102,108,53,121,61,81,75,135,112,110,7" hai3="40,97,48,47,0,46,32,71,90,133,119,120,64"/><V25/><F121/><W52/><G120/><T26/><D106/><U15/><E65/><V73/><F7/><W27/><G0/><N who="1" m="74" /><E55/><V57/><F102/><W63/><G133/><T86/><D35/><U31/><E103/><V51/><F112/><W126/><G126/><T60/><D9/><N who="1" m="4391" /><E34/><V28/><F135/><W58/><G119/><T37/><D60/><U93/><E93/><V69/><F69/><W8/><G8/><T66/><D66/><U101/><E101/><V84/><F61/><W125/><G125/><T107/><D107/><U99/><E99/><V68/><F68/><W2/><G2/><T131/><D86/><U38/><E38/><V11/><F11/><W43/><G97/><T72/><D78/><U98/><E98/><V94/><F94/><W88/><G27/><T50/><D50/><U44/><E44/><V77/><F25/><W76/><G76/><T70/><D70/><U113/><E113/><V82/><F82/><W10/><G10/><T105/><D105/><U85/><E85/><V6/><F6/><W54/><G32/><T92/><D72/><U122/><E122/><V129/><F73/><W134/><G134/><T19/><D92/><U116/><E116/><V109/><F83/><W127/><G127/><T62/><D95/><U49/><E49/><V111/><F110/><W18/><G18/><T100/><D100/><U104/><E104/><V30/><F75/><W41/><REACH who="3" step="1"/><G47/><REACH who="3" ten="411,327,143,109" step="2"/><T74/><D96/><U91/><E91/><V87/><F108/><W59/><G59/><T13/><D12/><U117/><E15/><V42/><F109/><RYUUKYOKU ba="0,1" sc="411,-10,327,-10,143,-10,109,30" hai3="40,41,43,46,48,52,54,58,63,64,71,88,90" /><INIT seed="7,1,1,1,0,63" ten="401,317,133,139" oya="3" hai0="113,2,90,15,39,41,21,17,1,9,20,34,27" hai1="89,58,130,19,28,70,67,131,120,42,25,64,129" hai2="102,14,88,105,95,62,86,128,110,134,40,122,47" hai3="94,82,76,53,44,61,74,68,36,0,55,43,79"/><W109/><G109/><T91/><D113/><U51/><E70/><V100/><F110/><W87/><G0/><T31/><D2/><U75/><E75/><V11/><F128/><W125/><G125/><T45/><D21/><U93/><E120/><V56/><F134/><W32/><G32/><T49/><D39/><U54/><E42/><V7/><F105/><W85/><G94/><T92/><D92/><U24/><E19/><V132/><F122/><W135/><G135/><T77/><D77/><U22/><REACH who="1" step="1"/><E25/><REACH who="1" ten="401,307,133,139" step="2"/><V12/><F132/><W71/><G71/><T116/><D116/><U112/><E112/><V83/><F12/><W118/><G118/><T101/><D101/><U107/><E107/><V117/><F117/><W97/><G97/><AGARI ba="1,2" hai="22,24,28,51,54,58,64,67,89,93,97,129,130,131" machi="97" ten="40,8000,1" yaku="1,1,19,1,52,2,53,1" doraHai="63" doraHaiUra="18" who="1" fromWho="3" sc="401,0,307,103,133,0,139,-83" owari="401,20.1,410,51.0,133,-26.7,56,-44.4" /></mjloggm>