<mjloggm ver="2.3"><GO type="169" lobby="0"/><UN n0="%E7%BC%B6%E3%82%B3%E3%83%92" n1="%E5%A4%A7%E6%A5%A0%E5%85%AC" n2="%E6%AD%A3%E6%B0%A3%E5%8D%81%E8%B6%B3" n3="%E9%BE%8D%31%30" dan="16,16,16,16" rate="2041.63,2153.14,2107.06,2086.62" sx="M,M,M,M"/><TAIKYOKU oya="0"/><INIT seed="0,0,0,1,3,61" ten="250,250,250,250" oya="0" hai0="83,79,45,109,94,73,81,33,47,4,30,86,93" hai1="98,135,57,122,48,63,82,55,9,69,114,49,116" hai2="34,14,46,38,60,16,26,53,110,22,23,19,0" hai3="27,75,124,8,1,2,13,21,87,35,50,67,85"/><T103/><D4/><U126/><E116/><V102/><F110/><W97/><G75/><T65/><D33/><U39/><E122/><V6/><F102/><W59/><G35/><T118/><D30/><U101/><E126/><V18/><F38/><W12/><G124/><T32/><D32/><U11/><E39/><V132/><F46/><W36/><G36/><T96/><D118/><U133/><E82/><V41/><F41/><W123/><G2/><T58/><D109/><U28/><E28/><V113/><F53/><W120/><G1/><T37/><D94/><U134/><E114/><V112/><F60/><N who="3" m="38303" /><G97/><T90/><REACH who="0" step="1"/><D37/><REACH who="0" ten="240,250,250,250" step="2"/><U92/><E69/><V99/><F34/><W15/><G120/><T51/><D51/><AGARI ba="0,1" hai="9,11,48,49,51,55,57,63,92,98,101,133,134,135" machi="51" ten="40,1300,0" yaku="20,1" doraHai="61" who="1" fromWho="0" sc="240,-13,250,23,250,0,250,0" /><INIT seed="1,0,0,3,1,33" ten="227,273,250,250" oya="1" hai0="126,74,53,50,63,13,37,133,121,34,79,84,64" hai1="42,4,105,15,25,27,68,20,134,119,9,59,58" hai2="7,131,36,18,23,38,104,135,123,83,28,71,106" hai3="73,78,45,57,92,77,51,72,0,70,31,99,47"/><U100/><E119/><V61/><F123/><W97/><G70/><T22/><D34/><U96/><E134/><V85/><F135/><W69/><G69/><T21/><D133/><U26/><E68/><V3/><F28/><W108/><G57/><T94/><D121/><U40/><E58/><V49/><F131/><W90/><G31/><T44/><D126/><U39/><E39/><V55/><F38/><W66/><G66/><T110/><D110/><U48/><REACH who="1" step="1"/><E20/><REACH who="1" ten="227,263,250,250" step="2"/><V2/><F36/><W82/><G108/><T130/><D37/><U11/><E11/><V89/><F71/><W115/><G115/><T107/><D22/><U6/><E6/><V46/><F61/><W76/><G47/><T1/><D21/><U120/><E120/><V67/><F7/><W102/><G45/><T109/><D44/><U19/><E19/><V93/><F67/><W5/><G51/><T117/><D63/><U12/><E12/><V129/><F129/><W16/><G16/><T10/><D13/><U60/><E60/><V87/><F18/><W98/><G5/><T8/><D117/><U112/><E112/><V122/><F23/><W65/><G65/><T111/><D64/><U17/><E17/><V86/><F122/><W128/><G128/><T116/><D130/><U14/><E14/><V103/><F49/><W81/><G0/><T132/><D1/><U43/><E43/><V32/><F2/><W124/><G124/><T114/><D114/><U80/><E80/><N who="3" m="30826" /><G102/><T88/><D116/><U113/><E113/><V91/><F3/><W95/><G95/><T41/><D132/><RYUUKYOKU ba="0,1" sc="227,-15,263,15,250,-15,250,15" hai1="4,9,15,25,26,27,40,42,48,59,96,100,105" hai3="72,73,76,77,78,90,92,97,98,99" /><INIT seed="1,1,1,0,3,85" ten="212,278,235,265" oya="1" hai0="99,118,15,86,74,111,9,13,134,17,23,126,71" hai1="94,43,124,81,133,39,53,82,64,68,135,78,29" hai2="2,83,66,69,45,52,42,44,97,22,119,84,21" hai3="27,25,105,109,6,92,70,30,7,130,132,104,19"/><U59/><E124/><V76/><F2/><W10/><G70/><T90/><D74/><U79/><E29/><V46/><F119/><W129/><G109/><T116/><D71/><U47/><E64/><V62/><F42/><W56/><G56/><T95/><D111/><U41/><E68/><V11/><F11/><W127/><G132/><N who="1" m="50762" /><E43/><V35/><F35/><W1/><G127/><T89/><D126/><U93/><E81/><V51/><REACH who="2" step="1"/><F97/><REACH who="2" ten="212,278,225,265" step="2"/><W0/><G10/><T77/><D134/><U37/><E37/><V65/><F65/><W8/><G8/><T117/><D77/><N who="1" m="29195" /><E82/><V58/><AGARI ba="1,2" hai="21,22,44,45,46,51,52,58,62,66,69,76,83,84" machi="58" ten="30,4000,0" yaku="1,1,0,1,54,1,53,0" doraHai="85" doraHaiUra="103" who="2" fromWho="2" sc="212,-11,278,-21,225,63,265,-11" /><INIT seed="2,0,0,0,3,11" ten="201,257,288,254" oya="2" hai0="44,102,40,39,1,74,90,33,56,6,57,64,36" hai1="27,121,103,80,43,130,15,63,69,46,91,122,133" hai2="20,120,126,112,118,86,109,125,4,131,26,114,41" hai3="85,124,68,88,100,119,93,106,111,75,97,115,24"/><V8/><F41/><W110/><G119/><T17/><D33/><U60/><E130/><V107/><F86/><W53/><G68/><T30/><D30/><U3/><E3/><V2/><F107/><W66/><G66/><T95/><D74/><U108/><E108/><N who="3" m="41514" /><G115/><N who="2" m="44073" /><F109/><W23/><G75/><T101/><D39/><U94/><E103/><V65/><F65/><W67/><G124/><N who="2" m="47721" /><F118/><W79/><G67/><T61/><D6/><U35/><E80/><V132/><F120/><W49/><G79/><T42/><D1/><U47/><E69/><V12/><F132/><W117/><G117/><T25/><D42/><U37/><E133/><V10/><F131/><W54/><G49/><T84/><D57/><U45/><E43/><V19/><F8/><W18/><AGARI ba="0,0" hai="18,23,24,53,54,85,88,93,97,100,106" m="41514" machi="18" ten="30,2000,0" yaku="14,1,54,1" doraHai="11" who="3" fromWho="3" sc="201,-5,257,-5,288,-10,254,20" /><INIT seed="3,0,0,4,3,29" ten="196,252,278,274" oya="3" hai0="118,116,130,37,33,122,68,129,41,49,22,4,121" hai1="27,84,128,30,0,63,51,123,113,54,35,47,60" hai2="24,95,86,34,14,66,85,57,61,46,72,112,89" hai3="101,131,76,48,110,17,73,107,53,20,92,65,6"/><W56/><G131/><N who="0" m="50187" /><D4/><U32/><E113/><V132/><F72/><W69/><G107/><T38/><D22/><U119/><E123/><N who="0" m="47113" /><D68/><U67/><E128/><V79/><F132/><W10/><G110/><T82/><D33/><U25/><E119/><N who="0" m="45609" /><D82/><U91/><E0/><V16/><F112/><W102/><G69/><T108/><D108/><U12/><E12/><V11/><F46/><AGARI ba="0,0" hai="37,38,41,46,49" m="45609,47113,50187" machi="46" ten="40,5200,0" yaku="19,1,34,2" doraHai="29" who="0" fromWho="2" sc="196,52,252,0,278,-52,274,0" /><INIT seed="4,0,0,2,2,12" ten="248,252,226,274" oya="0" hai0="74,17,135,30,120,92,88,85,52,110,116,9,64" hai1="111,63,66,125,51,122,3,98,37,47,105,21,6" hai2="39,128,50,43,81,95,102,8,38,96,109,23,70" hai3="33,54,7,130,90,69,114,67,75,5,42,45,53"/><T123/><D74/><U62/><E111/><V36/><F109/><W46/><G33/><T57/><D110/><U18/><E122/><V29/><F128/><W113/><G75/><T24/><D116/><U101/><E125/><V28/><F70/><W27/><G130/><T118/><D118/><U71/><E37/><V10/><F81/><W133/><G27/><T16/><D135/><U31/><E31/><V40/><F50/><W22/><G22/><T117/><D64/><U4/><E62/><V2/><F2/><W48/><G133/><T119/><D119/><U19/><E3/><V82/><F82/><W65/><G90/><T15/><D17/><U87/><E87/><V127/><F127/><W55/><G69/><T100/><D100/><U11/><E11/><V13/><F10/><W134/><G134/><T34/><D117/><U104/><E104/><V91/><F102/><W99/><G99/><T60/><AGARI ba="0,0" hai="9,15,16,24,30,34,52,57,60,85,88,92,120,123" machi="60" ten="20,18000,2" yaku="0,1,7,1,52,1,54,3" doraHai="12" who="0" fromWho="0" sc="248,180,252,-60,226,-60,274,-60" /><INIT seed="4,1,0,4,0,96" ten="428,192,166,214" oya="0" hai0="47,107,16,42,76,108,65,90,23,72,27,92,7" hai1="30,67,6,40,69,4,125,25,110,21,28,116,51" hai2="122,63,120,81,89,55,22,58,111,127,124,66,121" hai3="41,50,43,95,112,135,130,14,68,75,129,11,88"/><T104/><D108/><U48/><E110/><V128/><F128/><N who="3" m="49259" /><G75/><T59/><D7/><U24/><E116/><V13/><F111/><W70/><G112/><T98/><D76/><U62/><E125/><V52/><F81/><W20/><G20/><T12/><D72/><U78/><E78/><V131/><F89/><W115/><G135/><T73/><D73/><U117/><E117/><V113/><F131/><W91/><G91/><T123/><D123/><U1/><E40/><N who="3" m="15434" /><G50/><T84/><D27/><U119/><E119/><V134/><F113/><W118/><G115/><T18/><D84/><U54/><E1/><V15/><F134/><W80/><G80/><T0/><D0/><U71/><E71/><V83/><F83/><W82/><G82/><T60/><REACH who="0" step="1"/><D18/><REACH who="0" ten="418,192,166,214" step="2"/><U77/><E77/><V8/><F124/><W106/><G118/><T105/><D105/><U126/><E126/><V103/><F127/><W9/><G106/><T56/><D56/><U46/><REACH who="1" step="1"/><E48/><AGARI ba="1,1" hai="12,16,23,42,47,48,59,60,65,90,92,98,104,107" machi="48" ten="30,11600,0" yaku="1,1,7,1,54,1,53,1" doraHai="96" doraHaiUra="38" who="0" fromWho="1" sc="418,129,192,-119,166,0,214,0" /><INIT seed="4,2,0,1,2,5" ten="547,73,166,214" oya="0" hai0="51,47,3,23,2,134,26,87,6,117,103,86,62" hai1="101,59,131,30,132,16,69,115,28,50,29,9,52" hai2="126,21,42,109,56,88,99,45,77,10,105,66,32" hai3="17,8,116,74,107,19,129,118,100,85,81,13,65"/><T46/><D117/><U73/><E69/><V49/><F32/><W41/><G74/><T98/><D134/><U11/><E73/><V53/><F109/><W48/><G129/><T111/><D62/><U54/><E132/><V70/><F77/><W0/><G0/><T110/><D98/><U40/><E131/><V34/><F34/><W14/><G65/><T92/><D92/><U15/><E115/><V113/><F126/><W128/><G128/><T121/><D103/><U82/><E101/><V7/><F21/><W79/><G100/><T130/><D130/><U94/><E94/><V108/><F108/><W125/><G107/><T133/><D6/><U123/><E123/><V106/><F66/><W78/><G125/><T18/><D51/><U27/><E40/><V120/><F70/><W25/><G25/><T135/><D23/><U31/><E82/><V96/><F113/><W22/><REACH who="3" step="1"/><G79/><REACH who="3" ten="547,73,166,204" step="2"/><T90/><D26/><U80/><E80/><V93/><F120/><W114/><G114/><T102/><D102/><U112/><E112/><V1/><REACH who="2" step="1"/><F96/><REACH who="2" ten="547,73,156,204" step="2"/><W44/><AGARI ba="2,2" hai="8,13,14,17,19,22,41,44,48,78,81,85,116,118" machi="44" ten="30,7900,0" yaku="1,1,0,1,52,1,53,1" doraHai="5" doraHaiUra="83" who="3" fromWho="3" sc="547,-41,73,-22,156,-22,204,105" /><INIT seed="5,0,0,1,3,5" ten="506,51,134,309" oya="1" hai0="69,49,95,29,25,107,81,48,108,127,28,19,51" hai1="26,132,99,72,102,110,0,64,9,80,121,87,7" hai2="50,52,84,74,57,15,67,128,35,118,66,78,129" hai3="117,111,100,90,76,47,101,6,10,43,32,39,13"/><U21/><E121/><V114/><F74/><W105/><G111/><T38/><D38/><U109/><E72/><V135/><F35/><W120/><G120/><T17/><D107/><U36/><E36/><V89/><F78/><W73/><G117/><T115/><D69/><U103/><E64/><V104/><F118/><W71/><G32/><T34/><D108/><N who="1" m="41579" /><E99/><V91/><F104/><W20/><G71/><T56/><D81/><U70/><E70/><V93/><F114/><W33/><G33/><T133/><D133/><U65/><E65/><V1/><F1/><W88/><G76/><T86/><D86/><U126/><E126/><V82/><F15/><W22/><G73/><T77/><D115/><U42/><E42/><V130/><REACH who="2" step="1"/><F135/><REACH who="2" ten="506,51,124,309" step="2"/><W79/><G105/><T45/><D77/><N who="1" m="46479" /><E132/><V75/><F75/><W3/><G79/><T31/><D127/><U46/><E46/><V92/><F92/><W37/><G47/><T53/><D45/><U97/><E97/><AGARI ba="0,1" hai="50,52,57,66,67,82,84,89,91,93,97,128,129,130" machi="97" ten="40,5200,0" yaku="1,1,19,1,54,1,53,0" doraHai="5" doraHaiUra="96" who="2" fromWho="1" sc="506,0,51,-52,124,62,309,0" owari="506,60.6,-1,-50.1,186,-21.4,309,10.9" /></mjloggm>