<mjloggm ver="2.3"><GO type="169" lobby="0"/><UN n0="%E8%B6%85%E3%83%92%E3%83%A2%E3%83%AA%E3%83%AD" n1="%E3%81%AF%E3%81%BE%E3%81%A1%E3%83%AA%E3%83%BC%E3%82%B0" n2="%E8%B5%A4%E3%83%9E%E3%83%AB%E5%A4%A7%E4%BD%90" n3="%79%7A%68%61%6E%67" dan="16,17,16,16" rate="2148.96,2150.59,2103.52,2169.08" sx="M,M,F,M"/><TAIKYOKU oya="0"/><INIT seed="0,0,0,0,5,23" ten="250,250,250,250" oya="0" hai0="135,31,52,58,44,60,128,104,16,127,102,42,57" hai1="88,30,89,67,64,69,71,3,29,87,96,121,53" hai2="22,37,133,50,131,0,84,5,82,38,110,109,39" hai3="132,35,32,120,36,113,94,122,10,98,46,75,2"/><T125/><D135/><U26/><E121/><N who="3" m="46698" /><G113/><T118/><D118/><U80/><E3/><V105/><F105/><W51/><G36/><T97/><D128/><U25/><E53/><V20/><F133/><W8/><G75/><T17/><D31/><N who="1" m="11787" /><E69/><V12/><F131/><W107/><G107/><T56/><D56/><U83/><E71/><V99/><F0/><W11/><G2/><T108/><D108/><N who="2" m="41578" /><F99/><W21/><G21/><T72/><D58/><U111/><E111/><V116/><F50/><W4/><G4/><T9/><D72/><U40/><E40/><V33/><F33/><N who="3" m="12875" /><G132/><T124/><REACH who="0" step="1"/><D9/><REACH who="0" ten="240,250,250,250" step="2"/><U65/><E80/><V129/><F116/><W41/><G8/><T91/><D91/><AGARI ba="0,1" hai="10,11,41,46,51,91,94,98" m="12875,46698" machi="91" ten="30,1000,0" yaku="13,1" doraHai="23" who="3" fromWho="0" sc="240,-10,250,0,250,0,250,20" /><INIT seed="1,0,0,4,1,48" ten="230,250,250,270" oya="1" hai0="69,92,130,64,43,118,51,25,70,88,116,45,24" hai1="44,19,58,117,52,11,0,121,72,97,80,67,71" hai2="46,89,21,16,18,78,75,40,20,83,63,47,2" hai3="17,55,110,127,96,54,73,104,39,77,36,14,8"/><U28/><E117/><V76/><F2/><W32/><G32/><T56/><D118/><U62/><E121/><V9/><F78/><W91/><G110/><T53/><D116/><U135/><E135/><V109/><F109/><W100/><G127/><T59/><D59/><U124/><E124/><V57/><F9/><W131/><G131/><T74/><D74/><U60/><E44/><V12/><F89/><W7/><G91/><T105/><D105/><U86/><E72/><V106/><F106/><W87/><G73/><T114/><D114/><U79/><E28/><V95/><F95/><W84/><G84/><T113/><D113/><U41/><E41/><V102/><F102/><W111/><G111/><T10/><D10/><U68/><E97/><V123/><F40/><W112/><G112/><T128/><D130/><U33/><E33/><V101/><F101/><W133/><G133/><T15/><D128/><U82/><E82/><V108/><F123/><W1/><G77/><T5/><D69/><U94/><E94/><V115/><F115/><W27/><G87/><T42/><D70/><U37/><E71/><V120/><F120/><W31/><G27/><T49/><D42/><U132/><E132/><V26/><REACH who="2" step="1"/><F108/><REACH who="2" ten="230,250,240,270" step="2"/><W85/><G104/><T98/><D43/><U4/><E37/><V107/><F107/><W103/><G36/><T50/><D45/><U6/><E0/><V38/><F38/><W61/><G39/><T66/><D92/><U125/><E125/><V122/><F122/><W99/><G1/><T90/><D90/><U22/><E11/><V119/><F119/><RYUUKYOKU ba="0,1" sc="230,-15,250,15,240,15,270,-15" hai1="4,6,19,22,52,58,60,62,67,68,79,80,86" hai2="12,16,18,20,21,26,46,47,57,63,75,76,83" /><INIT seed="1,1,1,1,1,69" ten="215,265,255,255" oya="1" hai0="96,10,60,90,63,55,106,129,107,12,48,121,78" hai1="14,117,123,28,125,76,112,101,85,1,91,46,133" hai2="25,23,31,122,100,53,34,2,66,71,104,64,105" hai3="33,80,59,38,41,4,65,72,54,77,92,87,15"/><U131/><E1/><V81/><F122/><W27/><G65/><T43/><D121/><U135/><E28/><V3/><F23/><W82/><G33/><T40/><D107/><U128/><E123/><V114/><F114/><W58/><G27/><T50/><D78/><U22/><E117/><V61/><F66/><W11/><G92/><N who="0" m="56343" /><D50/><U47/><E112/><V119/><F119/><W5/><G5/><T70/><D106/><U75/><E22/><V68/><F68/><W26/><G26/><T116/><D70/><U62/><E62/><V132/><F105/><W124/><G124/><T18/><D129/><N who="1" m="49739" /><E14/><V103/><F103/><W16/><G4/><T20/><D20/><U110/><E101/><V97/><F132/><N who="1" m="50761" /><E46/><V113/><F113/><W17/><G17/><T74/><D63/><U93/><E47/><V84/><REACH who="2" step="1"/><F53/><REACH who="2" ten="215,265,245,255" step="2"/><W134/><G54/><T30/><D55/><U126/><E110/><V89/><AGARI ba="1,2" hai="2,3,25,31,34,61,64,71,81,84,89,97,100,104" machi="89" ten="20,12000,2" yaku="1,1,2,1,0,1,7,1,25,2,53,0" doraHai="69" doraHaiUra="130" who="2" fromWho="2" sc="215,-31,265,-61,245,143,255,-31" /><INIT seed="2,0,0,1,5,8" ten="184,204,388,224" oya="2" hai0="105,94,54,50,9,34,51,63,109,116,82,18,99" hai1="73,112,4,20,77,125,79,86,93,28,118,19,92" hai2="13,80,26,31,87,108,57,75,5,103,113,25,130" hai3="61,97,59,129,45,41,39,49,30,47,10,67,38"/><V17/><F113/><W0/><G30/><T69/><D105/><U96/><E112/><V16/><F75/><W135/><G97/><T15/><D109/><U44/><E118/><V55/><F108/><W2/><G135/><T66/><D116/><U134/><E73/><V85/><F130/><W91/><G129/><T120/><D120/><U35/><E134/><V53/><F103/><W71/><G91/><T42/><D34/><U132/><E132/><V101/><F101/><W21/><G21/><T127/><D127/><U6/><E125/><V40/><F40/><N who="3" m="22679" /><G10/><T72/><D42/><U3/><E3/><V104/><F104/><W70/><G0/><T123/><D123/><U74/><E28/><V107/><F107/><W95/><G95/><T124/><D124/><U12/><E35/><V48/><F55/><N who="3" m="32239" /><G2/><T7/><D7/><N who="1" m="2603" /><E74/><V56/><F56/><AGARI ba="0,0" hai="39,41,47,56,61,67,70,71" m="32239,22679" machi="56" ten="30,8000,1" yaku="35,5" doraHai="8" who="3" fromWho="2" sc="184,0,204,0,388,-80,224,80" /><INIT seed="3,0,0,4,0,6" ten="184,204,308,304" oya="3" hai0="103,54,59,19,16,24,110,23,113,73,85,8,38" hai1="35,96,132,13,89,64,131,14,62,61,39,46,121" hai2="74,106,9,20,21,77,22,18,55,57,11,129,25" hai3="15,65,127,82,0,97,81,58,27,109,76,4,72"/><W45/><G127/><T115/><D73/><U30/><E121/><V63/><F106/><W56/><G0/><T92/><D38/><U52/><E131/><V124/><F129/><W26/><G45/><T10/><D110/><U83/><E132/><V105/><F105/><W91/><G109/><T32/><D32/><U5/><E35/><V118/><F118/><W101/><G91/><N who="0" m="53359" /><D103/><U75/><E30/><V3/><F124/><W70/><G81/><T53/><D53/><U128/><E75/><V130/><F130/><W51/><G70/><T69/><D69/><U17/><E128/><V126/><F126/><W29/><G51/><N who="0" m="31199" /><D19/><U50/><E39/><V60/><F3/><W79/><G65/><T102/><D102/><U99/><E83/><V2/><F2/><W87/><G72/><T49/><D49/><U43/><E43/><V71/><F74/><W48/><G48/><T135/><D135/><U122/><E122/><V67/><REACH who="2" step="1"/><F77/><REACH who="2" ten="184,204,298,304" step="2"/><W116/><G76/><T111/><D111/><U84/><E46/><V88/><F88/><W44/><G79/><T90/><D90/><U94/><E89/><V12/><F12/><W7/><G15/><T41/><D41/><U133/><E13/><V100/><F100/><W33/><G101/><T104/><D104/><U37/><E14/><V108/><F108/><W123/><G44/><T31/><D31/><U120/><E133/><V107/><F107/><W34/><G29/><T125/><D125/><U78/><E78/><V117/><F117/><W114/><G116/><T47/><D47/><U66/><E5/><V112/><F112/><AGARI ba="0,1" hai="8,10,16,23,24,112,113,115" m="31199,53359" machi="112" ten="30,8000,1" yaku="6,1,11,1,52,2,54,1" doraHai="6" who="0" fromWho="2" sc="184,90,204,0,298,-80,304,0" /><INIT seed="4,0,0,4,3,118" ten="274,204,218,304" oya="0" hai0="106,62,99,65,68,58,15,14,105,24,43,71,129" hai1="39,30,102,119,73,34,63,51,44,85,132,7,97" hai2="88,27,3,101,117,75,70,128,16,60,96,109,76" hai3="95,11,13,98,47,59,32,122,20,66,2,125,57"/><T56/><D129/><U131/><E119/><V83/><F117/><W17/><G32/><T89/><D71/><U12/><E73/><V86/><F109/><W61/><G125/><T19/><D43/><U23/><E39/><V80/><F3/><W94/><G94/><T112/><D112/><U87/><E34/><V54/><F128/><W74/><G74/><T111/><D111/><U52/><E132/><V107/><F54/><W22/><G47/><T5/><D106/><U100/><E131/><V67/><REACH who="2" step="1"/><F16/><REACH who="2" ten="274,204,208,304" step="2"/><W37/><G2/><T10/><D19/><N who="1" m="10727" /><E7/><V42/><F42/><W69/><G17/><T90/><D5/><U50/><E30/><V110/><F110/><W114/><G13/><T120/><D10/><U31/><E31/><V130/><F130/><W29/><G11/><T103/><D15/><U21/><E21/><V78/><F78/><W81/><G20/><T133/><D14/><U35/><E35/><V9/><F9/><W1/><G22/><T4/><D4/><U104/><E52/><V26/><AGARI ba="0,1" hai="26,27,60,67,70,75,76,80,83,86,88,96,101,107" machi="26" ten="30,4000,0" yaku="1,1,0,1,54,1,53,0" doraHai="118" doraHaiUra="55" who="2" fromWho="2" sc="274,-20,204,-10,208,50,304,-10" /><INIT seed="5,0,0,1,1,72" ten="254,194,258,294" oya="1" hai0="111,31,68,33,84,30,92,133,91,115,124,98,60" hai1="54,102,39,134,1,4,29,118,57,32,9,44,5" hai2="73,69,3,37,12,24,27,96,110,0,8,112,51" hai3="48,132,25,82,40,65,58,2,127,22,66,6,62"/><U105/><E118/><V41/><F110/><W103/><G127/><T50/><D111/><U56/><E134/><V34/><F69/><W85/><G132/><T126/><D133/><U43/><E5/><V70/><F70/><W114/><G114/><T61/><D115/><U94/><E105/><V18/><F37/><W120/><G120/><T74/><D74/><U101/><E94/><V47/><F112/><W20/><G103/><T89/><D50/><U125/><E125/><N who="0" m="48233" /><D33/><U11/><E56/><V99/><F73/><W123/><G123/><T90/><D90/><U26/><REACH who="1" step="1"/><E11/><REACH who="1" ten="254,184,258,294" step="2"/><V79/><F8/><W16/><G6/><T104/><D104/><U38/><E38/><V77/><F47/><N who="3" m="25703" /><G2/><T15/><D68/><U59/><E59/><V135/><F0/><W107/><G107/><T13/><D61/><AGARI ba="0,1" hai="1,4,9,26,29,32,39,43,44,54,57,61,101,102" machi="61" ten="30,2900,0" yaku="1,1,7,1,53,0" doraHai="72" doraHaiUra="88" who="1" fromWho="0" sc="254,-29,184,39,258,0,294,0" /><INIT seed="5,1,0,2,0,22" ten="225,223,258,294" oya="1" hai0="11,51,106,45,109,85,63,94,98,47,35,73,31" hai1="69,62,23,65,129,71,76,133,87,100,58,17,21" hai2="78,40,114,90,83,116,41,10,92,25,6,95,9" hai3="135,96,32,130,27,79,110,132,2,54,52,19,68"/><U38/><E38/><V75/><F116/><W117/><G110/><T77/><D109/><U72/><E72/><V57/><F114/><W126/><G117/><T74/><D74/><U111/><E111/><V50/><F95/><W119/><G119/><T123/><D73/><U4/><E129/><V99/><F10/><W103/><G130/><T88/><D123/><U26/><E133/><N who="3" m="51274" /><G126/><T134/><D134/><U80/><E4/><V66/><F25/><W42/><G2/><T16/><D63/><U121/><E121/><V8/><F9/><W33/><G79/><T49/><D106/><U122/><E122/><V24/><F24/><W93/><G68/><T39/><D39/><U36/><E36/><V67/><F41/><W18/><G42/><T112/><D112/><U101/><REACH who="1" step="1"/><E23/><REACH who="1" ten="225,213,258,294" step="2"/><V34/><F6/><W7/><G7/><T37/><D37/><U125/><E125/><V15/><F75/><W108/><G108/><T105/><D35/><U128/><E128/><V20/><F20/><N who="3" m="13719" /><G19/><T13/><D31/><U82/><E82/><V1/><F34/><AGARI ba="1,1" hai="32,33,34,52,54,93,96,103" m="13719,51274" machi="34" ten="30,3900,0" yaku="20,1,52,1,54,1" doraHai="22" who="3" fromWho="2" sc="225,0,213,0,258,-42,294,52" /><INIT seed="6,0,0,1,3,93" ten="225,213,216,346" oya="2" hai0="99,45,83,38,75,97,89,134,131,5,42,117,37" hai1="19,107,29,63,70,79,103,132,24,64,48,10,3" hai2="95,51,57,20,25,73,55,34,44,61,53,74,123" hai3="92,23,35,104,130,13,31,17,18,39,85,110,102"/><V84/><F123/><W11/><G110/><T106/><D38/><U135/><E79/><V15/><F34/><W133/><G39/><T8/><D117/><U43/><E43/><V96/><F15/><W47/><G133/><N who="1" m="51274" /><E48/><V119/><F84/><W100/><G104/><T40/><D40/><U87/><E87/><V58/><F119/><W129/><G47/><T30/><D134/><U9/><E19/><V105/><F105/><W128/><G31/><T0/><D131/><U6/><E9/><V125/><F125/><W120/><G35/><T98/><D30/><U80/><E80/><V126/><F126/><W72/><G72/><T28/><D28/><U112/><E112/><V91/><F44/><W32/><G32/><T16/><D16/><AGARI ba="0,0" hai="16,20,25,51,53,55,57,58,61,73,74,91,95,96" machi="16" ten="30,12000,1" yaku="7,1,25,2,52,1,54,1" doraHai="93" who="2" fromWho="0" sc="225,-120,213,0,216,120,346,0" /><INIT seed="6,1,0,0,1,26" ten="105,213,336,346" oya="2" hai0="19,48,90,103,85,116,12,11,9,72,134,7,20" hai1="28,122,55,129,81,98,82,24,1,21,14,88,78" hai2="54,30,18,89,104,133,124,68,97,76,132,58,115" hai3="73,120,2,108,38,106,75,99,59,83,131,121,127"/><V96/><F68/><W109/><G38/><T16/><D134/><U128/><E1/><V71/><F71/><W44/><G44/><T123/><D123/><N who="3" m="47177" /><G59/><T36/><D36/><U70/><E70/><V91/><F115/><W3/><G131/><N who="1" m="50250" /><E122/><V80/><F124/><W126/><G99/><N who="2" m="37961" /><F104/><W51/><G51/><T27/><D116/><U43/><E43/><V47/><F47/><W23/><G23/><T56/><D72/><N who="3" m="27721" /><G83/><T84/><D103/><U67/><E67/><V130/><F130/><W53/><G53/><T65/><D90/><U107/><E55/><V87/><F133/><W61/><G61/><T92/><D92/><N who="1" m="56583" /><E107/><V6/><F132/><W86/><G86/><T101/><D101/><U74/><E82/><V77/><F91/><W57/><G57/><T135/><D135/><U102/><E102/><V46/><F46/><W111/><G106/><T93/><D93/><U33/><E14/><V31/><F54/><W35/><G35/><AGARI ba="1,0" hai="21,24,28,33,35,74,78,81" m="56583,50250" machi="35" ten="30,3900,0" yaku="19,1,52,1,54,1" doraHai="26" who="1" fromWho="3" sc="105,0,213,42,336,0,346,-42" /><INIT seed="7,0,0,5,2,129" ten="105,255,336,304" oya="3" hai0="10,103,90,8,23,125,111,115,72,112,118,74,53" hai1="21,3,121,114,85,56,36,110,18,60,127,133,28" hai2="104,19,97,63,106,86,77,33,94,27,40,61,65" hai3="59,70,0,128,49,6,15,11,101,119,131,35,24"/><W16/><G70/><T75/><D23/><U34/><E121/><V38/><F38/><W84/><G119/><T73/><N who="0" m="18432" /><DORA hai="22" /><T1/><D1/><U113/><E36/><V48/><F106/><W55/><G101/><T80/><D53/><U44/><E44/><V41/><F104/><W39/><G39/><T109/><D10/><U120/><E120/><V13/><F27/><W71/><G71/><T102/><D8/><U92/><E92/><V134/><F33/><W98/><G98/><T47/><D47/><U20/><E85/><V54/><F134/><W130/><G84/><T126/><D80/><U12/><E133/><V91/><F54/><W29/><G16/><T30/><D30/><U14/><E3/><AGARI ba="0,0" hai="0,3,6,11,15,24,29,35,49,55,59,128,130,131" machi="3" ten="40,3900,0" yaku="19,1,52,1" doraHai="129,22" who="3" fromWho="1" sc="105,0,255,-39,336,0,304,39" owari="105,-39.5,216,-18.4,336,13.6,343,44.3" /></mjloggm>