<mjloggm ver="2.3"><GO type="169" lobby="0"/><UN n0="%E3%83%8F%E3%82%BA%E3%83%AC" n1="%E9%9B%AA%E3%81%AE%E8%8F%AF" n2="%E2%97%8E%E3%82%88%E3%81%97%E2%97%8E" n3="%E3%81%95%E3%81%8F%E3%82%88%E3%81%93%E3%81%A1%E3%82%83%E3%82%93" dan="17,16,17,16" rate="2160.70,2096.84,2167.15,2039.20" sx="M,F,M,M"/><TAIKYOKU oya="0"/><INIT seed="0,0,0,2,3,50" ten="250,250,250,250" oya="0" hai0="135,71,45,88,126,84,55,72,3,12,103,17,113" hai1="25,102,34,18,57,82,36,37,89,43,92,24,90" hai2="6,109,116,115,125,49,27,67,61,32,47,20,128" hai3="68,23,110,133,121,70,130,118,131,5,120,4,39"/><T124/><D113/><U22/><E102/><V86/><F115/><W58/><G39/><T122/><D122/><N who="3" m="47209" /><G118/><T66/><D3/><U60/><E43/><V104/><F104/><W62/><G23/><T63/><D103/><U19/><E82/><V96/><F109/><W59/><G110/><T44/><D72/><U26/><E89/><V114/><F128/><N who="3" m="49195" /><G133/><T11/><D135/><U91/><E91/><V78/><F32/><W99/><G99/><T51/><REACH who="0" step="1"/><D45/><REACH who="0" ten="240,250,250,250" step="2"/><U53/><E34/><V35/><F35/><W81/><G81/><AGARI ba="0,1" hai="11,12,17,44,51,55,63,66,71,81,84,88,124,126" machi="81" ten="40,24000,3" yaku="1,1,2,1,25,2,52,1,54,1,53,2" doraHai="50" doraHaiUra="134" who="0" fromWho="3" sc="240,250,250,0,250,0,250,-240" /><INIT seed="0,1,0,2,2,10" ten="490,250,250,10" oya="0" hai0="110,131,53,107,57,43,118,73,55,105,79,47,50" hai1="36,134,120,96,94,31,38,116,63,87,26,21,28" hai2="41,24,86,5,15,12,76,97,60,108,25,16,93" hai3="37,125,4,74,71,122,49,9,7,91,89,2,119"/><T104/><D118/><U11/><E116/><V100/><F108/><W19/><G119/><T132/><D131/><U99/><E120/><V67/><F41/><W48/><G37/><T3/><D3/><U101/><E134/><V8/><F76/><W46/><G122/><T85/><D132/><U54/><E28/><V29/><F86/><W78/><G71/><T112/><D112/><U106/><E87/><V64/><F29/><W45/><G125/><T121/><D121/><U0/><E0/><V128/><F128/><W111/><G111/><T102/><D110/><U109/><E109/><V32/><F32/><W13/><G78/><T129/><D129/><U14/><E54/><V23/><F64/><W51/><G74/><T22/><D73/><U27/><E27/><V1/><F1/><W82/><G82/><T135/><D135/><U123/><E123/><V35/><F35/><W40/><G49/><T70/><D70/><AGARI ba="1,0" hai="5,8,12,15,16,23,24,25,60,67,70,93,97,100" machi="70" ten="30,7700,0" yaku="7,1,52,2,54,1" doraHai="10" who="2" fromWho="0" sc="490,-80,250,0,250,80,10,0" /><INIT seed="1,0,0,5,0,6" ten="410,250,330,10" oya="1" hai0="133,66,79,106,48,83,8,28,117,56,78,130,104" hai1="85,33,123,63,32,62,10,14,74,121,101,111,112" hai2="105,26,93,116,110,43,120,55,45,20,72,97,57" hai3="37,27,114,21,80,134,9,60,98,17,95,42,49"/><U119/><E112/><V39/><F116/><W125/><G114/><T113/><D113/><U91/><E119/><V122/><F105/><W24/><G134/><T65/><D117/><U90/><E111/><V131/><F72/><W107/><G107/><T109/><D109/><U86/><E74/><V51/><F131/><W67/><G37/><T87/><D133/><U47/><E47/><V94/><F94/><W7/><G125/><T84/><D130/><U89/><E101/><V54/><F54/><W69/><G80/><T100/><D100/><U3/><E3/><V46/><F46/><W23/><G49/><T40/><D28/><U41/><E41/><V128/><F128/><W88/><G42/><T52/><D40/><U34/><E14/><V92/><F92/><W102/><G102/><T12/><D104/><U58/><E10/><V11/><F11/><W71/><G71/><T1/><D1/><U64/><REACH who="1" step="1"/><E62/><REACH who="1" ten="410,240,330,10" step="2"/><V81/><F110/><W96/><G21/><T61/><D61/><U135/><E135/><V59/><F20/><W22/><G22/><T50/><D8/><U13/><E13/><V15/><F15/><W25/><REACH who="3" step="1"/><G98/><REACH who="3" ten="410,240,330,0" step="2"/><T129/><D129/><U99/><E99/><V38/><F97/><W108/><G108/><T0/><D0/><AGARI ba="0,2" hai="0,7,9,17,23,24,25,27,60,67,69,88,95,96" machi="0" ten="30,7700,0" yaku="1,1,7,1,52,1,54,1,53,0" doraHai="6" doraHaiUra="82" who="3" fromWho="0" sc="410,-77,240,0,330,0,0,97" /><INIT seed="2,0,0,1,1,52" ten="333,240,330,97" oya="2" hai0="77,120,35,54,101,27,104,91,98,3,126,8,113" hai1="105,84,46,121,5,43,26,75,80,106,85,17,29" hai2="117,66,134,123,50,128,131,116,25,72,62,69,110" hai3="135,95,16,92,51,11,112,60,55,102,21,45,32"/><V57/><F72/><W38/><G32/><T67/><D113/><U47/><E121/><V44/><F25/><W28/><G112/><T33/><D120/><U81/><E5/><V15/><F123/><W83/><G135/><T40/><D126/><U20/><E75/><V100/><F100/><W31/><G38/><T70/><D77/><U74/><E74/><V89/><F15/><W6/><G60/><T71/><D40/><U124/><E124/><V87/><F134/><W78/><G102/><T90/><D54/><U22/><E105/><V53/><F110/><W114/><G114/><T76/><D76/><U61/><E106/><V125/><F125/><W82/><G92/><T122/><D122/><U24/><E61/><N who="2" m="40143" /><F87/><W133/><G95/><T115/><D115/><U79/><E43/><N who="2" m="24863" /><F89/><AGARI ba="0,0" hai="17,20,22,24,26,29,46,47,79,80,81,84,85,89" machi="89" ten="30,2000,0" yaku="7,1,8,1" doraHai="52" who="1" fromWho="2" sc="333,0,240,20,330,-20,97,0" /><INIT seed="3,0,0,3,0,85" ten="333,260,310,97" oya="3" hai0="44,95,14,102,64,94,5,129,72,118,43,41,97" hai1="124,1,67,40,111,56,128,92,123,107,126,90,108" hai2="71,38,59,18,48,15,132,135,117,13,62,78,66" hai3="2,74,63,53,33,23,9,69,98,105,110,54,17"/><W20/><G33/><T25/><D118/><U28/><E1/><V115/><F117/><W24/><G74/><T86/><D72/><U65/><E28/><V73/><F115/><W84/><G110/><N who="1" m="42026" /><E107/><V22/><F38/><W109/><G109/><T101/><D129/><U61/><E40/><V29/><F29/><W12/><G2/><T8/><D64/><N who="1" m="38951" /><E123/><V39/><F39/><W57/><G69/><T125/><D125/><N who="1" m="48235" /><E128/><V36/><F36/><W83/><G54/><T112/><D112/><U81/><E81/><V104/><F104/><W127/><G127/><T130/><D130/><U52/><E52/><V91/><F132/><W116/><G116/><T68/><D68/><U35/><E35/><V103/><F135/><W37/><G37/><T96/><D44/><U49/><E49/><V122/><F48/><W50/><G50/><T114/><D114/><U58/><E58/><V60/><F59/><W55/><G55/><T27/><D86/><AGARI ba="0,0" hai="65,67,86,90,92" m="48235,38951,42026" machi="86" ten="30,3900,0" yaku="14,1,18,1,52,1" doraHai="85" who="1" fromWho="0" sc="333,-39,260,39,310,0,97,0" /><INIT seed="4,0,0,3,3,123" ten="294,299,310,97" oya="0" hai0="73,31,129,54,135,47,52,117,68,56,94,64,23" hai1="5,87,0,124,9,104,39,65,122,57,75,95,121" hai2="60,74,30,66,120,67,21,110,28,107,126,85,88" hai3="116,113,22,63,38,128,109,118,17,13,44,132,97"/><T49/><D117/><U62/><E39/><V105/><F120/><W12/><G113/><T70/><D73/><U43/><E124/><V79/><F126/><W6/><G128/><T18/><D31/><U111/><E75/><V130/><F130/><W16/><G132/><T42/><D135/><U29/><E104/><V82/><F66/><W76/><G76/><T98/><D129/><U101/><E43/><V84/><F110/><W61/><G109/><T27/><D64/><U127/><E127/><V72/><F84/><W83/><G83/><T114/><D114/><U2/><E2/><V15/><F72/><W3/><G6/><T59/><D59/><U37/><E37/><V99/><F15/><W55/><G3/><T45/><D45/><U86/><E111/><V96/><F107/><W58/><G63/><T106/><D106/><U77/><E29/><V81/><F105/><W48/><G97/><T80/><D80/><U69/><E69/><V90/><F90/><W71/><G38/><T78/><D78/><U133/><E133/><V102/><F102/><W4/><G4/><T26/><D26/><U134/><E134/><V108/><F108/><W119/><G71/><T115/><D115/><U36/><E36/><V24/><F30/><W14/><REACH who="3" step="1"/><G22/><REACH who="3" ten="294,299,310,87" step="2"/><T46/><D68/><AGARI ba="0,1" hai="21,24,28,60,67,68,74,79,81,82,85,88,96,99" machi="68" ten="30,2000,0" yaku="7,1,54,1" doraHai="123" who="2" fromWho="0" sc="294,-20,299,0,310,30,87,0" /><INIT seed="5,0,0,4,0,95" ten="274,299,340,87" oya="1" hai0="131,45,91,48,23,14,22,29,19,1,126,70,18" hai1="80,89,38,50,106,60,124,118,135,81,13,76,34" hai2="84,103,17,116,12,20,9,7,55,82,83,92,98" hai3="87,35,85,52,44,75,21,99,43,132,47,115,122"/><U78/><E118/><V125/><F116/><W96/><G35/><T88/><D70/><U30/><E38/><V109/><F125/><W28/><G122/><T123/><D123/><U63/><E106/><V100/><F109/><W130/><G75/><T41/><D1/><U67/><E124/><V112/><F112/><W51/><G115/><T16/><D131/><U32/><E50/><V66/><F66/><W79/><G130/><T71/><D71/><U6/><E135/><V58/><F100/><W5/><G5/><T72/><D72/><U111/><E111/><V93/><F92/><W33/><G33/><T113/><D113/><U39/><E39/><V49/><REACH who="2" step="1"/><F84/><REACH who="2" ten="274,299,330,87" step="2"/><N who="3" m="32331" /><G132/><T65/><D65/><U37/><E67/><V128/><F128/><W102/><G102/><T57/><D126/><U127/><E127/><V8/><F8/><W11/><G11/><T46/><D46/><N who="3" m="17449" /><G79/><T86/><D57/><U31/><E78/><V133/><F133/><W129/><G129/><T0/><D0/><AGARI ba="0,1" hai="0,7,9,12,17,20,49,55,58,82,83,93,98,103" machi="0" ten="30,3900,0" yaku="1,1,7,1,52,1,53,0" doraHai="95" doraHaiUra="56" who="2" fromWho="0" sc="274,-39,299,0,330,49,87,0" /><INIT seed="6,0,0,1,5,99" ten="235,299,379,87" oya="2" hai0="109,11,20,61,22,85,127,54,7,75,74,86,81" hai1="36,3,92,5,84,135,108,6,116,45,56,120,78" hai2="28,1,105,12,42,58,121,126,83,63,91,125,72" hai3="119,87,104,31,73,97,100,50,57,59,19,103,69"/><V4/><F121/><W47/><G73/><T68/><D127/><N who="2" m="48650" /><F1/><W71/><G119/><T40/><D109/><U66/><E116/><V132/><F132/><W25/><G103/><T49/><D40/><U48/><E120/><V46/><F28/><W44/><G19/><T27/><D75/><U70/><E108/><V130/><F105/><W52/><G87/><T37/><D74/><U53/><E135/><V76/><F91/><W117/><G117/><T39/><D61/><N who="1" m="40271" /><E3/><V26/><F26/><W16/><G16/><T129/><D68/><U110/><E110/><V29/><F29/><W10/><G10/><T38/><D129/><U94/><E94/><V60/><F58/><W41/><G57/><T51/><D20/><U115/><E115/><V18/><F4/><W106/><G106/><T23/><D23/><U77/><E92/><V111/><F130/><W112/><G112/><T90/><D85/><U34/><E34/><V8/><F111/><W101/><G101/><T113/><D113/><U2/><E2/><V128/><F128/><W24/><G24/><T62/><D22/><U65/><E65/><V14/><F12/><W134/><G134/><T32/><D32/><U82/><E77/><V102/><F102/><W55/><G55/><T93/><D93/><U98/><E98/><V131/><F131/><W96/><G96/><T89/><D89/><U0/><E0/><V67/><F67/><W35/><REACH who="3" step="1"/><G47/><REACH who="3" ten="235,299,379,77" step="2"/><T64/><D27/><U17/><E17/><V13/><F13/><W9/><G9/><T21/><D11/><U95/><E45/><V88/><F88/><RYUUKYOKU ba="0,1" sc="235,-15,299,-15,379,15,77,15" hai2="8,14,18,42,46,60,63,72,76,83" hai3="25,31,35,41,44,50,52,59,69,71,97,100,104" /><INIT seed="6,1,1,0,5,4" ten="220,284,394,92" oya="2" hai0="55,24,112,40,25,44,27,66,47,31,115,80,67" hai1="99,92,49,106,119,14,29,0,58,131,20,51,110" hai2="79,63,68,117,1,26,82,54,32,23,93,3,81" hai3="65,83,17,59,36,61,15,87,75,100,107,46,124"/><V64/><F117/><W69/><G75/><T34/><D80/><U132/><E106/><V111/><F32/><W88/><G124/><T123/><D123/><U21/><E119/><V60/><F82/><W38/><G69/><T105/><D105/><U77/><E110/><V104/><F104/><W41/><G107/><T42/><D55/><U62/><E0/><V95/><F111/><W97/><G97/><T57/><D31/><U72/><E131/><V96/><F54/><W11/><REACH who="3" step="1"/><G100/><REACH who="3" ten="220,284,394,82" step="2"/><T113/><D34/><U103/><E72/><V8/><F96/><W48/><AGARI ba="1,2" hai="11,15,17,36,38,41,46,48,59,61,65,83,87,88" machi="48" ten="20,16000,3" yaku="1,1,2,1,0,1,7,1,52,1,54,1,53,2" doraHai="4" doraHaiUra="70" who="3" fromWho="3" sc="220,-41,284,-41,394,-81,82,183" /><INIT seed="7,0,0,0,0,83" ten="179,243,313,265" oya="3" hai0="65,51,56,133,66,101,27,109,5,98,85,94,12" hai1="80,46,118,104,33,122,47,99,113,61,68,71,26" hai2="107,112,67,34,4,78,100,82,124,128,23,88,120" hai3="38,121,70,79,31,25,125,103,63,95,13,16,89"/><W54/><G121/><T110/><D133/><U59/><E118/><V36/><F34/><W42/><G125/><T28/><D110/><U60/><E122/><V135/><F36/><W84/><G79/><T32/><D109/><U39/><E113/><V111/><F112/><W1/><G1/><T119/><D119/><U132/><E132/><V3/><F128/><W48/><G103/><T130/><D130/><U18/><E80/><V96/><F67/><W86/><G38/><T91/><D5/><U106/><E18/><V21/><F124/><W76/><G42/><T64/><D12/><U37/><E26/><V9/><F111/><W0/><G70/><T72/><D72/><U19/><E19/><V35/><F35/><W69/><G69/><T53/><REACH who="0" step="1"/><D65/><REACH who="0" ten="169,243,313,265" step="2"/><U77/><E68/><V74/><F120/><W73/><G13/><T11/><D11/><U75/><E71/><V29/><F135/><W123/><G73/><T105/><AGARI ba="0,1" hai="27,28,32,51,53,56,64,66,85,91,94,98,101,105" machi="105" ten="20,5200,0" yaku="1,1,0,1,7,1,52,1,53,0" doraHai="83" doraHaiUra="115" who="0" fromWho="0" sc="169,62,243,-13,313,-13,265,-26" owari="231,-16.9,230,-27.0,300,40.0,239,3.9" /></mjloggm>