<mjloggm ver="2.3"><GO type="225" lobby="0"/><UN n0="%E6%9C%88%E5%B3%B6%E5%9F%BA" n1="%E3%82%A2%E3%83%9E%E3%83%9D%EF%BD%9E%EF%BD%9E%E3%83%A9" n2="%E3%81%8B%E3%82%8F%E3%81%A1%E3%82%83%E3%82%93%35%38" n3="%E5%8D%A0%E3%81%84%E5%B8%AB%E8%A3%8F%E3%81%AA%E3%81%84%E3%81%97" dan="17,17,16,17" rate="2208.64,2137.73,2121.44,2179.25" sx="M,M,M,M"/><TAIKYOKU oya="0"/><INIT seed="0,0,0,2,4,130" ten="250,250,250,250" oya="0" hai0="120,19,7,81,105,70,74,87,10,109,55,44,34" hai1="65,63,93,49,30,132,96,124,41,11,121,127,119" hai2="116,83,51,68,106,18,71,72,47,46,134,56,52" hai3="29,40,84,57,21,113,50,35,38,67,89,39,66"/><T126/><D120/><U78/><E119/><V85/><F116/><W95/><G35/><T98/><D70/><U128/><E121/><V2/><F106/><W122/><G113/><T92/><D126/><N who="1" m="48171" /><E78/><V114/><F114/><W91/><G122/><T88/><D34/><U31/><E11/><V17/><F72/><W45/><G39/><T25/><D109/><U32/><E32/><V115/><F2/><W62/><G38/><T101/><D25/><U125/><E128/><V5/><F5/><W26/><REACH who="3" step="1"/><G89/><REACH who="3" ten="250,250,250,240" step="2"/><T33/><D33/><U73/><E125/><V13/><F115/><W129/><G129/><T118/><D118/><U135/><E73/><V108/><F108/><W75/><G75/><T133/><D74/><U117/><E117/><V48/><F134/><N who="1" m="51241" /><E41/><V54/><F68/><W20/><G20/><T27/><D133/><U110/><E110/><V82/><F71/><W123/><G123/><T8/><D8/><U3/><E3/><V12/><F56/><W53/><AGARI ba="0,1" hai="21,26,29,40,45,50,53,57,62,66,67,84,91,95" machi="53" ten="20,8000,1" yaku="1,1,0,1,7,1,8,1,53,1" doraHai="130" doraHaiUra="59" who="3" fromWho="3" sc="250,-40,250,-20,250,-20,240,90" /><INIT seed="1,0,0,5,4,128" ten="210,230,230,330" oya="1" hai0="52,12,59,6,55,61,58,38,124,1,66,25,88" hai1="16,122,48,71,129,108,70,83,110,106,56,87,19" hai2="53,85,103,54,132,15,60,100,79,97,107,30,57" hai3="80,62,121,33,46,120,117,92,47,127,39,40,26"/><U43/><E106/><V10/><F132/><W21/><G33/><T49/><D1/><U86/><E129/><V95/><F107/><W36/><G127/><T75/><D38/><U135/><E122/><V7/><F30/><W82/><G117/><T130/><D75/><U27/><E135/><V24/><F24/><W99/><G62/><T134/><D124/><U8/><E8/><V23/><F23/><W77/><G46/><T114/><D114/><U32/><E32/><V74/><F74/><W105/><G36/><T116/><D116/><U69/><E27/><V0/><F0/><W81/><G77/><T76/><D76/><U112/><E112/><V9/><F9/><W125/><G105/><T67/><D134/><U123/><E123/><V64/><REACH who="2" step="1"/><F100/><REACH who="2" ten="210,230,220,330" step="2"/><W91/><REACH who="3" step="1"/><G125/><REACH who="3" ten="210,230,220,320" step="2"/><T68/><D130/><U72/><E110/><V133/><F133/><W35/><G35/><T115/><D115/><U3/><E108/><V37/><F37/><W113/><G113/><T118/><D118/><U11/><E72/><V98/><F98/><W20/><G20/><T29/><D29/><AGARI ba="0,2" hai="21,26,29,39,40,47,80,81,82,91,92,99,120,121" machi="29" ten="40,1300,0" yaku="1,1,53,0" doraHai="128" doraHaiUra="102" who="3" fromWho="0" sc="210,-13,230,0,220,0,320,33" /><INIT seed="2,0,0,0,3,100" ten="197,230,220,353" oya="2" hai0="35,92,48,58,67,98,47,46,63,38,20,14,18" hai1="107,104,37,130,74,89,106,127,40,27,54,39,1" hai2="53,119,32,95,78,59,22,29,5,66,80,99,124" hai3="8,126,114,50,42,112,109,15,44,36,75,71,82"/><V62/><F119/><W128/><G109/><T96/><D35/><U108/><E108/><V11/><F124/><W113/><G126/><T65/><D38/><N who="1" m="14347" /><E89/><V105/><F32/><W87/><G128/><T17/><D65/><U60/><E54/><V116/><F116/><W90/><G71/><T7/><D7/><U34/><E40/><V56/><F105/><W61/><G61/><T4/><D4/><U85/><E85/><V33/><F33/><W3/><G36/><T115/><D115/><U131/><E127/><V111/><F111/><W94/><G3/><T43/><D47/><U19/><E19/><V93/><F22/><W86/><G75/><T24/><REACH who="0" step="1"/><D92/><REACH who="0" ten="187,230,220,353" step="2"/><U70/><E1/><V134/><F134/><W129/><G94/><T84/><D84/><U132/><E132/><V2/><F99/><W28/><G86/><T97/><D97/><U72/><E131/><V16/><F93/><W83/><G129/><T101/><D101/><U110/><E130/><V10/><F95/><W77/><G113/><T21/><AGARI ba="0,1" hai="14,17,18,20,21,24,43,46,48,58,63,67,96,98" machi="21" ten="20,5200,0" yaku="1,1,0,1,7,1,8,1,53,0" doraHai="100" doraHaiUra="79" who="0" fromWho="0" sc="187,62,230,-13,220,-26,353,-13" /><INIT seed="3,0,0,0,5,126" ten="249,217,194,340" oya="3" hai0="92,111,94,41,57,31,40,97,69,100,2,90,125" hai1="21,20,132,43,95,133,89,82,35,34,3,29,48" hai2="103,6,88,13,84,12,72,44,60,4,32,123,70" hai3="86,66,46,119,115,30,130,56,10,25,77,37,11"/><W112/><G130/><T116/><D69/><U27/><E82/><V85/><F72/><W76/><G119/><T108/><D116/><U67/><E67/><V122/><F32/><W59/><G37/><T68/><D68/><U63/><E63/><V96/><F44/><W78/><G78/><T8/><BYE who="3" /><D125/><U23/><E3/><V65/><F85/><UN n3="%E5%8D%A0%E3%81%84%E5%B8%AB%E8%A3%8F%E3%81%AA%E3%81%84%E3%81%97" /><W15/><G46/><T24/><D57/><U114/><E114/><V5/><F13/><W124/><G124/><T1/><D8/><U75/><E75/><V53/><F53/><W50/><G50/><T33/><D41/><U104/><E104/><V128/><F12/><W110/><G110/><N who="0" m="42027" /><D40/><U55/><E35/><V99/><F128/><W58/><G66/><T9/><D9/><U14/><E14/><V61/><F61/><W49/><G49/><T38/><D38/><U71/><E71/><V101/><F99/><AGARI ba="0,0" hai="1,2,24,31,33,90,92,94,97,99,100" m="42027" machi="99" ten="30,1000,0" yaku="14,1" doraHai="126" who="0" fromWho="2" sc="249,10,217,0,194,-10,340,0" owari="259,5.9,217,-18.3,184,-31.6,340,44.0" /></mjloggm>