<mjloggm ver="2.3"><GO type="169" lobby="0"/><UN n0="%E3%81%93%E3%81%AB" n1="%63%61%72%6C%6F%73%6E" n2="%6E%61%74%73%75%6D%65%65" n3="%E9%81%A0%E8%BF%91%E9%99%B0%E6%99%B4%E7%9A%86%E5%85%A5%E5%BF%83" dan="16,17,16,17" rate="2154.08,2184.97,2077.76,2174.10" sx="M,M,F,F"/><TAIKYOKU oya="0"/><INIT seed="0,0,0,2,3,9" ten="250,250,250,250" oya="0" hai0="17,72,107,5,54,26,4,2,95,48,51,6,65" hai1="69,42,134,24,25,75,114,133,79,125,121,27,38" hai2="62,28,60,132,73,52,47,71,96,35,98,58,92" hai3="115,82,130,59,31,85,29,74,13,18,123,23,102"/><T1/><D107/><U43/><E121/><V57/><F73/><W105/><G115/><T122/><D122/><U87/><E75/><V34/><F132/><N who="1" m="50793" /><E69/><V86/><F71/><W119/><G119/><T100/><D72/><U12/><E114/><V76/><F47/><W40/><G123/><T124/><D65/><U19/><E38/><V3/><F3/><W39/><G130/><T16/><D124/><U113/><E113/><V94/><F28/><W41/><G74/><T63/><D1/><U91/><E79/><V84/><REACH who="2" step="1"/><F76/><REACH who="2" ten="250,250,240,250" step="2"/><W129/><G129/><T120/><D2/><U83/><E125/><V49/><F49/><N who="0" m="19018" /><D120/><U117/><E117/><V36/><F36/><W118/><G39/><T109/><D109/><U67/><E67/><V56/><F56/><W30/><G118/><T53/><D26/><U127/><E127/><V116/><F116/><W112/><G112/><T93/><D63/><U11/><AGARI ba="0,1" hai="11,12,19,24,25,27,42,43,83,87,91" m="50793" machi="11" ten="30,2000,0" yaku="20,1,52,1" doraHai="9" who="1" fromWho="1" sc="250,-10,250,30,240,-5,250,-5" /><INIT seed="1,0,0,2,1,91" ten="240,280,235,245" oya="1" hai0="31,61,49,41,125,114,26,47,109,19,18,30,102" hai1="78,59,58,95,74,111,66,63,89,65,72,36,39" hai2="42,9,48,92,45,118,5,17,2,101,128,1,135" hai3="107,126,12,113,40,84,79,11,110,21,85,124,8"/><U99/><E111/><V87/><F118/><W115/><G107/><T20/><D114/><U71/><E71/><V106/><F128/><W29/><G110/><T120/><D125/><N who="3" m="48233" /><G40/><T131/><D131/><U55/><E66/><V33/><F135/><W108/><G108/><T7/><D109/><U98/><E98/><V52/><F33/><W100/><G100/><T119/><D119/><U103/><E103/><V22/><F106/><W44/><G44/><T38/><D120/><U68/><E68/><V16/><F1/><W37/><G37/><T15/><D7/><U134/><E134/><V73/><F73/><W88/><G79/><T67/><D102/><U77/><E77/><V64/><F64/><W53/><G53/><T50/><D38/><U86/><E74/><V13/><F17/><N who="3" m="8327" /><G11/><T14/><D50/><U57/><E72/><V130/><F130/><W56/><G56/><T133/><D133/><U80/><REACH who="1" step="1"/><E58/><REACH who="1" ten="240,270,235,245" step="2"/><V69/><F69/><W24/><G84/><T3/><D67/><U112/><E112/><V104/><F104/><W82/><AGARI ba="0,1" hai="21,24,29,82,85,88,113,115" m="8327,48233" machi="82" ten="30,2000,0" yaku="18,1,54,1" doraHai="91" who="3" fromWho="3" sc="240,-5,270,-10,235,-5,245,30" /><INIT seed="2,0,0,0,3,20" ten="235,260,230,275" oya="2" hai0="41,6,24,58,126,120,108,19,86,12,66,118,4" hai1="103,33,122,76,17,77,54,116,72,81,71,104,94" hai2="85,60,121,132,9,42,38,30,83,125,11,31,1" hai3="43,91,112,18,49,14,36,27,46,79,44,100,110"/><V51/><F121/><W61/><G110/><T78/><D120/><U98/><E122/><V70/><F38/><W21/><G79/><T99/><D108/><U75/><E116/><V95/><F125/><W106/><G112/><T131/><D126/><U5/><E71/><V129/><F129/><W93/><G106/><T59/><D131/><U65/><E65/><V32/><F132/><W0/><G61/><N who="0" m="38199" /><D41/><U111/><E5/><V109/><F109/><W8/><G100/><T56/><D99/><U97/><E111/><V124/><F124/><W55/><G0/><T130/><D130/><U10/><E33/><V114/><F114/><W102/><G102/><T62/><D59/><U117/><E54/><V133/><F133/><W57/><G8/><T68/><D68/><U96/><E117/><V88/><F32/><W50/><G36/><T22/><D12/><U13/><E104/><V115/><F115/><W128/><G128/><T127/><D127/><U23/><E10/><N who="2" m="3595" /><F1/><W34/><G34/><T80/><D118/><U7/><E7/><V3/><F3/><W48/><G48/><T47/><D47/><U2/><E2/><V101/><F70/><W119/><G119/><T45/><D45/><U29/><E29/><N who="2" m="10763" /><F60/><W39/><G39/><T52/><AGARI ba="0,0" hai="4,6,19,22,24,52,56,62,78,80,86" m="38199" machi="52" ten="30,4000,0" yaku="8,1,52,1,54,1" doraHai="20" who="0" fromWho="0" sc="235,40,260,-10,230,-20,275,-10" /><INIT seed="3,0,0,1,1,122" ten="275,250,210,265" oya="3" hai0="7,39,52,88,1,103,74,15,23,21,123,62,79" hai1="73,29,95,25,107,112,84,4,9,80,36,54,108" hai2="53,132,3,77,58,56,66,115,42,10,17,106,91" hai3="46,65,125,78,2,57,51,22,50,87,11,49,133"/><W85/><G125/><T64/><D123/><U118/><E107/><V69/><F106/><W34/><G34/><T48/><D39/><U89/><E36/><V98/><F115/><W30/><G133/><T121/><D121/><U99/><E112/><V70/><F77/><W14/><G2/><T61/><D103/><U6/><E73/><V110/><F42/><W124/><G124/><T113/><D113/><U126/><E126/><V31/><F31/><W33/><G33/><T102/><D102/><U129/><E129/><V105/><F58/><W134/><G134/><T38/><D38/><U128/><E128/><V83/><F66/><W32/><G32/><T47/><D1/><U130/><E130/><V131/><F105/><W82/><G85/><T12/><D79/><U44/><E118/><V81/><F70/><W72/><G72/><T104/><D104/><U40/><E54/><V86/><F69/><W0/><G0/><T68/><D74/><U19/><E44/><V41/><F3/><W60/><G30/><T43/><D7/><U24/><E40/><V101/><F41/><N who="3" m="24783" /><G22/><T27/><D23/><U127/><E127/><V111/><F131/><W59/><G59/><T94/><D61/><U96/><E29/><V67/><F132/><W90/><G78/><T97/><D43/><U76/><E96/><V116/><F116/><W20/><G20/><T5/><D5/><AGARI ba="0,0" hai="5,11,14,50,51,57,60,65,82,87,90" m="24783" machi="5" ten="30,1500,0" yaku="8,1" doraHai="122" who="3" fromWho="0" sc="275,-15,250,0,210,0,265,15" /><INIT seed="3,1,0,1,2,104" ten="260,250,210,280" oya="3" hai0="45,131,110,90,40,91,66,103,127,56,37,12,126" hai1="34,46,85,26,113,4,58,107,121,119,81,92,19" hai2="28,31,53,125,5,99,76,73,98,36,129,38,2" hai3="11,95,89,25,24,1,78,48,84,109,30,96,14"/><W118/><G118/><T60/><D110/><U13/><E113/><V54/><F2/><W86/><G109/><T47/><D131/><U135/><E121/><V35/><F5/><W75/><G1/><T0/><D0/><U18/><E107/><V27/><F129/><W115/><G115/><T59/><D103/><U133/><E119/><V88/><F125/><N who="0" m="47626" /><D47/><U39/><E92/><V97/><F31/><W71/><G71/><T74/><D74/><U72/><E58/><V20/><F35/><W124/><G48/><T9/><D56/><U44/><E4/><AGARI ba="1,0" hai="4,9,12,37,40,45,59,60,66,90,91" m="47626" machi="4" ten="30,1000,0" yaku="18,1" doraHai="104" who="0" fromWho="1" sc="260,13,250,-13,210,0,280,0" /><INIT seed="4,0,0,3,5,4" ten="273,237,210,280" oya="0" hai0="94,108,119,68,126,67,21,124,114,48,69,66,72" hai1="60,115,85,76,103,54,24,9,97,45,84,46,86" hai2="37,117,121,91,50,49,87,105,130,8,25,100,89" hai3="61,83,43,132,65,18,15,110,5,122,118,44,52"/><T82/><D119/><U73/><E73/><V29/><F121/><W131/><G110/><T12/><D94/><U133/><E133/><V53/><F37/><W123/><G118/><T125/><D108/><U38/><E76/><V16/><F117/><W6/><G132/><T35/><D35/><U17/><E38/><V109/><F109/><W70/><G131/><T47/><D82/><U14/><E115/><V107/><F130/><W92/><G83/><T32/><D32/><U88/><E24/><V55/><F100/><W33/><G33/><T20/><D72/><U27/><E27/><V34/><F107/><W99/><G122/><T102/><D102/><U57/><REACH who="1" step="1"/><E88/><REACH who="1" ten="273,227,210,280" step="2"/><V31/><F91/><W112/><G112/><T128/><D114/><U7/><E7/><V11/><F31/><W62/><G123/><T135/><D135/><U113/><E113/><V51/><F105/><AGARI ba="0,1" hai="9,14,17,45,46,54,57,60,84,85,86,97,103,105" machi="105" ten="40,5200,0" yaku="1,1,52,1,53,1" doraHai="4" doraHaiUra="95" who="1" fromWho="2" sc="273,0,227,62,210,-52,280,0" /><INIT seed="5,0,0,2,4,135" ten="273,289,158,280" oya="1" hai0="47,76,128,110,85,81,57,30,115,125,88,21,24" hai1="123,97,129,54,10,111,112,99,51,41,14,28,96" hai2="61,58,82,114,2,50,23,9,18,70,74,40,79" hai3="116,34,25,56,126,45,4,39,130,43,95,72,134"/><U87/><E123/><V132/><F132/><W103/><G134/><T11/><D110/><U22/><E111/><V91/><F114/><W83/><G130/><T89/><D115/><U113/><E129/><V102/><F102/><W71/><G71/><T26/><D128/><U63/><E41/><V124/><F70/><W68/><G68/><T127/><D47/><U108/><E108/><V6/><F91/><W98/><G116/><T20/><D57/><U31/><E63/><V59/><F124/><N who="0" m="47690" /><D11/><U33/><E33/><V117/><F117/><W69/><G69/><T27/><D27/><U109/><E109/><V86/><F74/><W42/><G42/><T1/><D1/><U7/><E113/><V3/><F3/><W19/><G56/><T118/><D118/><U104/><E112/><V84/><F59/><W90/><G126/><T53/><D53/><U121/><E121/><V94/><F40/><W17/><G4/><T131/><D131/><U105/><E10/><V44/><F44/><W55/><G55/><T48/><D48/><U133/><E51/><V12/><F50/><W5/><G5/><T106/><D106/><U46/><E54/><V35/><F58/><W29/><G34/><T122/><D122/><U49/><E105/><V13/><F35/><W100/><G29/><AGARI ba="0,0" hai="20,21,24,26,29,30,76,81,85,88,89" m="47690" machi="29" ten="30,8000,1" yaku="18,1,52,3,54,1" doraHai="135" who="0" fromWho="3" sc="273,80,289,0,158,0,280,-80" /><INIT seed="6,0,0,5,3,80" ten="353,289,158,200" oya="2" hai0="79,112,121,37,27,67,75,111,44,62,49,70,135" hai1="21,20,124,28,96,26,2,23,128,13,99,103,16" hai2="45,31,53,109,63,118,82,100,55,85,133,115,131" hai3="84,54,108,17,93,64,32,51,123,107,34,38,117"/><V25/><F118/><W78/><G108/><T50/><D111/><U119/><E119/><V24/><F109/><W91/><G117/><T66/><D121/><U129/><E2/><V29/><F115/><W86/><G123/><T9/><D67/><U41/><E124/><V3/><F3/><W10/><G38/><T47/><D135/><U33/><E41/><V89/><F133/><W126/><G107/><T76/><D37/><U5/><E5/><V11/><F131/><N who="1" m="50249" /><E99/><V42/><F100/><W48/><G126/><T104/><D9/><U68/><E68/><V6/><F25/><W134/><G134/><T127/><D75/><U132/><E132/><V95/><F95/><AGARI ba="0,0" hai="13,16,20,21,23,26,28,33,95,96,103" m="50249" machi="95" ten="30,2000,0" yaku="19,1,54,1" doraHai="80" who="1" fromWho="2" sc="353,0,289,20,158,-20,200,0" /><INIT seed="7,0,0,2,3,42" ten="353,309,138,200" oya="3" hai0="15,20,132,7,24,102,40,95,72,46,39,23,62" hai1="114,22,4,85,84,134,94,32,75,73,56,41,78" hai2="11,30,93,50,77,53,19,35,31,47,9,44,105" hai3="128,16,67,86,64,135,65,10,69,133,49,124,81"/><W43/><G128/><T100/><D72/><U88/><E32/><V127/><F105/><W123/><G123/><T99/><D132/><N who="3" m="50761" /><G124/><T107/><D102/><U129/><E134/><V18/><F127/><W125/><G125/><T80/><D80/><U97/><E129/><V101/><F77/><N who="3" m="46383" /><G69/><T38/><D38/><U108/><E108/><V59/><F35/><W116/><G116/><T89/><D62/><U5/><E114/><V119/><F119/><W83/><G83/><T17/><D7/><U2/><E75/><V61/><F31/><W113/><G113/><T121/><D121/><U52/><E73/><V71/><F30/><W96/><G96/><T118/><D118/><U34/><E34/><V106/><F106/><W110/><G110/><T3/><D3/><U103/><E2/><V60/><F71/><W51/><G43/><T115/><D115/><U90/><E41/><V130/><F130/><W98/><G98/><T1/><D1/><U68/><E68/><V57/><F93/><W45/><G45/><N who="2" m="17481" /><F101/><W54/><G54/><T82/><D82/><U29/><E103/><V76/><F76/><W36/><G36/><T27/><D107/><U33/><E78/><V14/><F59/><W109/><G109/><T131/><D131/><U6/><E33/><V79/><F79/><W66/><N who="3" m="16384" /><DORA hai="120" /><W28/><G28/><N who="0" m="17415" /><D100/><U8/><E29/><V104/><F104/><W111/><G111/><T112/><D112/><U48/><E56/><V37/><F37/><W25/><G25/><T74/><D74/><U92/><E92/><V70/><F70/><W58/><G58/><RYUUKYOKU ba="0,0" sc="353,10,309,-30,138,10,200,10" hai0="15,17,23,27,39,40,46,89,95,99" hai2="9,11,14,18,19,50,53,57,60,61" hai3="10,16,49,51" /><INIT seed="7,1,0,2,0,85" ten="363,279,148,210" oya="3" hai0="17,122,64,45,16,90,19,21,20,43,104,123,53" hai1="118,14,59,29,72,133,80,23,77,116,37,106,67" hai2="84,93,7,1,42,10,128,127,27,121,94,132,61" hai3="135,60,97,56,22,26,108,102,78,68,114,82,44"/><W12/><G114/><T86/><D104/><U41/><E106/><V115/><F115/><W40/><G135/><T46/><D64/><U51/><E37/><V8/><F132/><W54/><G108/><T117/><D53/><N who="1" m="32191" /><E133/><V63/><F127/><W100/><G68/><T109/><D109/><U110/><E110/><V55/><F128/><W92/><G12/><T71/><D117/><N who="1" m="45163" /><E67/><V107/><F107/><W2/><G2/><T131/><D71/><U4/><E41/><V35/><F121/><W49/><G102/><T3/><D3/><U32/><E32/><V120/><F120/><W65/><G78/><T62/><D62/><U15/><E4/><V5/><F42/><W130/><G82/><T66/><D66/><U25/><AGARI ba="1,0" hai="14,15,23,25,29,72,77,80" m="45163,32191" machi="25" ten="30,1100,0" yaku="12,1" doraHai="85" who="1" fromWho="1" sc="363,-4,279,14,148,-4,210,-6" owari="359,45.9,293,9.3,144,-35.6,204,-19.6" /></mjloggm>