<mjloggm ver="2.3"><GO type="169" lobby="0"/><UN n0="%E9%A6%AC%E5%BC%95%E7%81%AB%33" n1="%E2%97%8E%E3%82%88%E3%81%97%E2%97%8E" n2="%E5%A4%A9%E6%89%8D%E9%BA%BB%E5%B0%86%E6%99%BA%E4%B9%83" n3="%70%6F%6E%2D%65%6E" dan="16,17,16,16" rate="2142.15,2169.00,2179.25,2130.38" sx="M,M,M,F"/><TAIKYOKU oya="0"/><INIT seed="0,0,0,4,5,116" ten="250,250,250,250" oya="0" hai0="10,93,115,83,14,114,17,81,68,53,121,51,5" hai1="36,52,39,19,124,113,62,118,57,119,130,50,79" hai2="35,102,0,46,134,107,128,28,54,38,43,40,63" hai3="131,8,74,135,60,111,1,55,90,9,67,41,77"/><T73/><D68/><U15/><E79/><V37/><F0/><W106/><G111/><T125/><D125/><U70/><E15/><V133/><F107/><W30/><G135/><T98/><D121/><U78/><E19/><V13/><F102/><W122/><G122/><T18/><D114/><U129/><E78/><V97/><F97/><W27/><G106/><T42/><D42/><U48/><E124/><V86/><F13/><W33/><G90/><T100/><D115/><U85/><E85/><V32/><F86/><W104/><G55/><T126/><D126/><U92/><E92/><V34/><F28/><W6/><G9/><T99/><D98/><U25/><E25/><V72/><F72/><W120/><G41/><T127/><D127/><U103/><E103/><V89/><F89/><W58/><G120/><T95/><D95/><U45/><E70/><V49/><F32/><W80/><REACH who="3" step="1"/><G104/><REACH who="3" ten="250,250,250,240" step="2"/><T88/><D100/><U65/><E113/><V87/><F134/><W26/><G26/><T109/><D109/><U71/><E119/><V23/><F133/><W69/><G69/><T117/><D117/><U61/><E118/><V29/><F40/><W7/><G7/><T84/><D73/><U75/><E75/><V82/><F43/><W47/><G47/><N who="0" m="27903" /><D84/><U110/><E110/><V44/><F87/><W101/><G101/><T105/><D105/><U11/><E45/><V3/><F44/><W16/><G16/><AGARI ba="0,1" hai="5,10,14,16,17,18,81,83,88,93,99" m="27903" machi="16" ten="30,5800,0" yaku="8,1,54,2" doraHai="116" who="0" fromWho="3" sc="250,68,250,0,250,0,240,-58" /><INIT seed="0,1,0,1,0,90" ten="318,250,250,182" oya="0" hai0="127,107,49,76,122,22,71,39,17,133,77,48,5" hai1="78,109,124,126,115,7,72,85,111,38,75,26,58" hai2="125,21,66,123,31,86,35,114,132,69,29,56,32" hai3="81,87,61,110,36,79,43,98,53,3,74,104,103"/><T65/><D122/><U113/><E38/><V12/><F114/><N who="1" m="43529" /><E7/><V14/><F69/><W121/><G110/><N who="1" m="41994" /><E26/><V130/><F123/><W118/><G118/><T23/><D39/><U116/><E58/><V18/><F130/><W105/><G121/><T13/><D71/><U131/><E116/><V64/><F56/><W97/><G3/><T84/><D5/><U88/><E78/><V34/><F34/><W41/><G36/><T102/><D65/><U4/><E4/><V80/><F32/><W91/><G61/><T63/><D76/><U129/><E75/><V92/><F35/><W20/><G53/><T89/><D77/><U128/><E72/><V120/><F12/><W52/><G52/><T0/><D13/><U67/><E67/><V45/><F14/><W25/><G20/><T2/><D22/><U108/><N who="1" m="42002" /><U10/><DORA hai="33" /><E10/><V16/><F21/><W101/><REACH who="3" step="1"/><G25/><REACH who="3" ten="318,250,250,172" step="2"/><T46/><D23/><U59/><E59/><V6/><F120/><W27/><G27/><T8/><D0/><U112/><N who="1" m="43537" /><U51/><DORA hai="95" /><E51/><V55/><F55/><W82/><AGARI ba="1,1" hai="41,43,74,79,81,82,87,91,97,98,101,103,104,105" machi="82" ten="20,12000,2" yaku="1,1,0,1,7,1,9,1,52,2,53,0" doraHai="90,33,95" doraHaiUra="9,135,44" who="3" fromWho="3" sc="318,-61,250,-31,250,-31,172,133" /><INIT seed="1,0,0,3,5,78" ten="257,219,219,305" oya="1" hai0="38,43,63,85,1,37,34,122,25,88,24,133,10" hai1="68,74,19,73,31,59,79,64,91,72,104,14,92" hai2="101,48,98,129,61,134,2,109,84,66,29,118,15" hai3="86,105,41,71,115,107,89,23,6,116,125,130,100"/><U58/><E104/><V65/><F2/><W11/><G71/><T42/><D133/><U90/><E31/><V106/><F118/><W18/><G115/><T128/><D128/><U97/><E90/><V21/><F109/><W20/><G125/><T8/><D122/><U99/><E99/><V44/><F134/><W67/><G67/><T124/><D124/><U69/><E79/><V96/><F129/><W45/><G116/><T53/><D38/><U93/><E92/><V40/><F98/><W87/><G130/><T121/><D121/><U126/><E126/><V9/><F84/><W5/><G100/><T39/><D39/><U49/><E59/><V47/><F61/><W112/><G112/><T123/><D123/><U81/><E81/><V135/><F135/><W54/><G54/><T51/><D63/><U95/><E93/><V36/><F21/><W35/><G35/><T119/><D119/><U83/><E83/><V75/><F29/><W114/><G114/><T3/><D3/><U110/><E110/><V13/><F13/><W113/><G113/><T30/><D24/><U12/><E12/><V16/><REACH who="2" step="1"/><F75/><REACH who="2" ten="257,219,209,305" step="2"/><W4/><G20/><T17/><D85/><U7/><E74/><V26/><F26/><W50/><G87/><T52/><D25/><U56/><E73/><V33/><F33/><W60/><G60/><T76/><D30/><U102/><E72/><V27/><F27/><N who="3" m="14839" /><G11/><T127/><D8/><U103/><E97/><V0/><F0/><W57/><G86/><T22/><D127/><U94/><E14/><V62/><F62/><W111/><G111/><RYUUKYOKU ba="0,1" sc="257,-10,219,-10,209,30,305,-10" hai2="9,15,16,36,40,44,47,48,65,66,96,101,106" /><INIT seed="2,1,1,5,4,67" ten="247,209,239,295" oya="2" hai0="79,135,14,104,8,45,1,89,78,98,49,27,75" hai1="119,52,53,116,125,102,96,95,11,48,58,18,93" hai2="113,50,64,13,59,54,57,131,72,114,123,117,118" hai3="70,99,25,87,39,35,101,23,30,86,91,115,63"/><V17/><F72/><W92/><G39/><T40/><D1/><U43/><E125/><V124/><F123/><W68/><G115/><T103/><D135/><U85/><E43/><V9/><F124/><W105/><G63/><T121/><D121/><U15/><E93/><V134/><F134/><W120/><G120/><T112/><D112/><U108/><E108/><V33/><F33/><W60/><G60/><T28/><D89/><U69/><E69/><V74/><F74/><W38/><G38/><T22/><REACH who="0" step="1"/><D75/><REACH who="0" ten="237,209,239,295" step="2"/><U97/><E97/><V62/><F114/><W94/><G35/><T2/><D2/><U3/><E3/><V129/><REACH who="2" step="1"/><F113/><REACH who="2" ten="237,209,229,295" step="2"/><W24/><G24/><T42/><D42/><U73/><E73/><V16/><F16/><AGARI ba="1,3" hai="8,14,16,22,27,28,40,45,49,78,79,98,103,104" machi="16" ten="30,3900,0" yaku="1,1,7,1,54,1,53,0" doraHai="67" doraHaiUra="81" who="0" fromWho="2" sc="237,72,209,0,229,-42,295,0" /><INIT seed="3,0,0,0,2,109" ten="309,209,187,295" oya="3" hai0="88,56,83,71,51,99,111,6,91,121,55,19,101" hai1="4,110,10,129,60,52,89,25,34,44,125,15,115" hai2="38,57,126,37,67,108,118,87,23,24,8,7,94" hai3="12,32,63,47,72,26,65,18,36,122,130,78,82"/><W50/><G122/><T28/><D111/><U59/><E110/><V64/><F108/><W49/><G130/><T113/><D121/><U85/><E129/><V45/><F118/><W40/><G26/><T95/><D71/><U13/><E125/><V77/><F126/><W11/><REACH who="3" step="1"/><G32/><REACH who="3" ten="309,209,187,285" step="2"/><T74/><D28/><U96/><E34/><V81/><F24/><W43/><G43/><T97/><D51/><U131/><E25/><V116/><F116/><W68/><AGARI ba="0,1" hai="11,12,18,36,40,47,49,50,63,65,68,72,78,82" machi="68" ten="20,3900,0" yaku="1,1,0,1,7,1,53,0" doraHai="109" doraHaiUra="128" who="3" fromWho="3" sc="309,-13,209,-13,187,-13,285,49" /><INIT seed="3,1,0,5,3,79" ten="296,196,174,334" oya="3" hai0="72,70,22,133,18,114,28,54,84,60,10,109,120" hai1="106,17,26,107,48,87,0,76,75,68,111,131,65" hai2="45,73,21,96,130,95,51,71,103,46,43,25,80" hai3="113,6,112,4,81,35,56,13,116,8,32,11,30"/><W123/><G81/><T57/><D120/><U93/><E111/><V53/><F71/><W33/><G56/><T128/><D109/><U2/><E75/><V67/><F67/><W23/><G123/><T3/><D72/><U117/><E131/><V77/><F130/><W97/><G97/><T64/><D128/><U69/><E48/><V122/><F122/><W34/><G116/><T92/><D133/><U44/><E44/><V135/><F135/><W9/><G32/><T36/><D114/><U39/><E39/><V7/><F7/><W132/><G132/><T127/><D127/><U31/><E17/><V88/><F103/><W63/><G63/><T59/><D36/><U108/><E108/><V134/><F134/><W82/><G82/><T5/><D28/><U24/><E24/><V86/><F73/><W102/><G102/><T119/><D119/><U20/><E117/><V61/><F61/><W78/><G78/><T62/><D70/><U100/><E68/><V74/><F74/><W27/><G9/><T38/><D38/><U91/><E76/><V42/><F46/><W126/><G126/><T66/><D54/><U118/><E118/><V40/><F53/><W94/><G94/><T29/><D29/><AGARI ba="1,0" hai="21,25,29,40,42,43,45,51,77,80,86,88,95,96" machi="29" ten="30,7700,0" yaku="7,1,8,1,52,1,54,1" doraHai="79" who="2" fromWho="0" sc="296,-80,196,0,174,80,334,0" /><INIT seed="4,0,0,1,2,115" ten="216,196,254,334" oya="0" hai0="4,2,91,120,32,23,1,127,112,39,80,99,12" hai1="104,67,59,101,114,41,135,42,76,125,134,123,29" hai2="111,25,90,88,132,5,133,83,94,58,57,46,130" hai3="22,28,20,96,100,75,93,35,47,65,10,24,9"/><T51/><D39/><U109/><E76/><V116/><F111/><W34/><G75/><T49/><D120/><U87/><E87/><N who="2" m="50303" /><F130/><W30/><G47/><T52/><D32/><U37/><E29/><V36/><F5/><W43/><G43/><T78/><D112/><U54/><E114/><V60/><F25/><W122/><G122/><T40/><D127/><U71/><E123/><V129/><F129/><W106/><G106/><T117/><D117/><U73/><E73/><V119/><F46/><W97/><G65/><T15/><D40/><N who="1" m="15467" /><E101/><V13/><F13/><W105/><G28/><T85/><D23/><U64/><E104/><V131/><F36/><W98/><G98/><T69/><D69/><U31/><E31/><V121/><F57/><W89/><REACH who="3" step="1"/><G22/><REACH who="3" ten="216,196,254,324" step="2"/><T62/><D99/><U66/><E37/><V108/><F121/><W103/><G103/><T0/><D85/><U16/><E109/><V33/><F108/><W27/><G27/><T50/><D52/><U19/><E71/><V21/><F21/><W63/><G63/><T6/><D62/><N who="1" m="36215" /><E125/><V70/><F70/><W118/><G118/><N who="2" m="45097" /><F33/><AGARI ba="0,1" hai="9,10,20,24,30,33,34,35,89,93,96,97,100,105" machi="33" ten="40,1300,0" yaku="1,1,53,0" doraHai="115" doraHaiUra="8" who="3" fromWho="2" sc="216,0,196,0,254,-13,324,23" /><INIT seed="5,0,0,3,5,78" ten="216,196,241,347" oya="1" hai0="50,125,27,74,12,107,32,89,22,75,113,88,56" hai1="1,131,67,15,73,48,45,25,87,39,14,33,46" hai2="9,28,63,99,120,124,35,94,51,44,104,70,38" hai3="93,85,130,79,112,134,98,62,30,122,133,31,118"/><U127/><E73/><V21/><F120/><W59/><G122/><T2/><D2/><U103/><E1/><V81/><F35/><W101/><G112/><T26/><D113/><U123/><E123/><V16/><F38/><W83/><G130/><T60/><D107/><U77/><E67/><V111/><F111/><W100/><G100/><T6/><D125/><U43/><E103/><V19/><F104/><W42/><G42/><T13/><D32/><U121/><E121/><V135/><F135/><N who="3" m="51723" /><G118/><T40/><D75/><U57/><E57/><V64/><F9/><W23/><G23/><T110/><D74/><U53/><E131/><V84/><F124/><W4/><G4/><T54/><D110/><U18/><E127/><V36/><F36/><W128/><G128/><T5/><D5/><U72/><E72/><V95/><F28/><W11/><G11/><N who="0" m="4215" /><D13/><U69/><E69/><V0/><F0/><W10/><G10/><T49/><D27/><U8/><E15/><V129/><F129/><W116/><G116/><T91/><D40/><U24/><REACH who="1" step="1"/><E33/><REACH who="1" ten="216,186,241,347" step="2"/><V3/><F3/><W82/><G59/><T61/><D61/><U108/><E108/><V114/><F114/><W47/><G62/><T90/><N who="0" m="22528" /><DORA hai="105" /><T119/><D119/><U20/><E20/><V96/><F21/><W102/><G102/><T126/><D126/><U132/><E132/><V65/><F63/><W97/><G101/><T76/><D22/><U92/><E92/><V52/><F95/><W55/><G93/><T37/><D60/><U115/><E115/><V58/><F94/><W7/><G85/><RYUUKYOKU ba="0,1" sc="216,-10,186,30,241,-10,347,-10" hai1="8,14,18,24,25,39,43,45,46,48,53,77,87" /><INIT seed="5,1,1,3,0,13" ten="206,216,231,337" oya="1" hai0="95,37,77,14,133,33,98,85,80,107,84,65,93" hai1="46,69,116,52,66,36,120,19,15,106,125,67,78" hai2="32,99,132,86,27,7,45,50,75,28,42,25,111" hai3="126,113,0,35,112,5,56,128,108,2,63,102,49"/><U12/><E116/><V76/><F111/><W61/><G35/><T97/><D37/><U59/><E120/><V96/><F75/><W3/><G108/><T34/><D65/><N who="1" m="24587" /><E106/><V6/><F132/><W64/><G126/><T62/><D62/><N who="1" m="36199" /><E36/><V83/><F27/><W11/><G61/><T16/><D133/><U9/><E69/><V57/><F57/><W40/><G102/><N who="0" m="60719" /><D107/><U48/><E125/><V81/><F81/><W18/><G112/><T24/><D24/><U4/><E78/><V55/><F55/><W54/><G113/><T101/><D33/><U44/><E48/><V130/><F130/><W122/><G128/><T82/><D34/><U91/><E91/><V109/><F109/><W100/><G100/><T38/><D38/><U21/><AGARI ba="1,1" hai="4,9,12,15,19,21,44,46" m="36199,24587" machi="21" ten="30,6000,0" yaku="8,1,52,1,54,1" doraHai="13" who="1" fromWho="1" sc="206,-21,216,73,231,-21,337,-21" /><INIT seed="5,2,0,4,4,30" ten="185,289,210,316" oya="1" hai0="71,20,11,46,34,72,124,70,41,90,4,91,119" hai1="83,42,33,82,89,115,61,75,0,81,49,107,126" hai2="134,135,95,133,7,125,105,110,50,35,67,13,21" hai3="112,74,15,62,130,25,45,128,86,96,77,39,19"/><U40/><E0/><V117/><F105/><W109/><G109/><T88/><D119/><U5/><E107/><V129/><F110/><W10/><G74/><T114/><D114/><U104/><E104/><V79/><F117/><W53/><G112/><T18/><D124/><U118/><E118/><V122/><F122/><W97/><G39/><T64/><D72/><U58/><E75/><V26/><F79/><W76/><G25/><T1/><D64/><N who="1" m="38967" /><E33/><V38/><F38/><W108/><G108/><T54/><D54/><U55/><E5/><V37/><F37/><W131/><G77/><T22/><D34/><U78/><E78/><V44/><F125/><W99/><G62/><T16/><D22/><U65/><E65/><V73/><F73/><W123/><G123/><T93/><D93/><U127/><E115/><V3/><F67/><W98/><N who="3" m="24576" /><DORA hai="66" /><W106/><G106/><T87/><D87/><N who="1" m="50415" /><E127/><V57/><F95/><W69/><G69/><T111/><D18/><U43/><E126/><V92/><F92/><W80/><G53/><T12/><REACH who="0" step="1"/><D111/><REACH who="0" ten="175,289,210,316" step="2"/><U102/><E102/><V56/><F35/><W28/><G28/><T14/><D14/><U6/><E6/><V8/><F13/><W48/><G131/><T36/><AGARI ba="2,1" hai="1,4,11,12,16,20,36,41,46,70,71,88,90,91" machi="36" ten="30,12000,2" yaku="1,1,0,1,52,2,54,2,53,0" doraHai="30,66" doraHaiUra="94,120" who="0" fromWho="0" sc="175,136,289,-62,210,-32,316,-32" /><INIT seed="6,0,0,4,4,27" ten="311,227,178,284" oya="2" hai0="44,70,28,104,85,128,17,40,123,30,117,102,68" hai1="71,63,21,37,73,86,96,97,50,64,26,0,89" hai2="24,49,119,45,11,41,126,59,122,82,1,84,105" hai3="14,9,116,115,33,22,66,120,62,55,93,3,95"/><V57/><F119/><W130/><G33/><T19/><D123/><U51/><E37/><V135/><F122/><W75/><G120/><T90/><D117/><U47/><E0/><V94/><F105/><W110/><G75/><T107/><D128/><U56/><E71/><V113/><F113/><W81/><G81/><T131/><D131/><U18/><E50/><V127/><F135/><W10/><G55/><T79/><D79/><U54/><REACH who="1" step="1"/><E73/><REACH who="1" ten="311,217,178,284" step="2"/><V39/><F39/><W15/><G3/><T92/><D70/><U12/><E12/><V4/><F94/><AGARI ba="0,1" hai="18,21,26,47,51,54,56,63,64,86,89,94,96,97" machi="94" ten="30,3900,0" yaku="1,1,7,1,8,1,53,0" doraHai="27" doraHaiUra="103" who="1" fromWho="2" sc="311,0,217,49,178,-39,284,0" /><INIT seed="7,0,0,0,2,3" ten="311,266,139,284" oya="3" hai0="129,32,132,53,14,70,62,103,115,71,48,39,78" hai1="16,69,119,35,123,95,106,57,47,56,124,82,25" hai2="104,63,102,81,30,111,72,2,125,112,15,110,93" hai3="92,73,109,28,97,107,49,117,61,77,50,130,133"/><W26/><G107/><T90/><D39/><U127/><E106/><V68/><F2/><W6/><G117/><T76/><D32/><U135/><E69/><V96/><F112/><W24/><G130/><T22/><D103/><U75/><E123/><V7/><F125/><N who="1" m="48201" /><E135/><V65/><F30/><W131/><G131/><T134/><D90/><U31/><E119/><V8/><F93/><W122/><G133/><T101/><D14/><U40/><E95/><V91/><F91/><W67/><G122/><T52/><D53/><U41/><E41/><V84/><F84/><W29/><G109/><T21/><D21/><N who="1" m="13479" /><E31/><V120/><F120/><W10/><G26/><T45/><D70/><U43/><E43/><V5/><REACH who="2" step="1"/><F7/><REACH who="2" ten="311,266,129,284" step="2"/><W20/><G28/><T34/><D115/><U98/><E98/><V128/><F128/><W83/><G92/><T23/><D129/><U99/><E99/><V74/><F74/><W54/><G97/><T86/><D86/><U126/><E126/><V51/><F51/><W121/><G121/><T27/><D48/><N who="1" m="26727" /><E35/><V64/><F64/><W80/><G67/><T66/><D66/><U4/><E4/><V18/><F18/><W114/><G114/><T42/><D34/><U108/><E108/><V9/><F9/><W13/><G83/><T58/><D134/><U79/><AGARI ba="0,1" hai="56,57,75,79,82" m="26727,13479,48201" machi="79" ten="30,2000,0" yaku="18,1,54,1" doraHai="3" who="1" fromWho="1" sc="311,-5,266,30,129,-5,284,-10" owari="306,40.6,296,9.6,124,-37.6,274,-12.6" /></mjloggm>