<mjloggm ver="2.3"><GO type="169" lobby="0"/><UN n0="%E3%82%A4%E3%82%AB%E3%81%AB%E3%82%82%E6%9D%B1%E5%8C%97" n1="%E3%81%91%E3%82%93%E3%81%9E%E3%83%BC%E3%83%99%E3%82%A4" n2="%43%65%6C%65%73%54%65" n3="%E8%80%81%E6%A5%BD" dan="16,16,16,17" rate="2143.21,2082.41,2124.42,2166.59" sx="M,M,M,M"/><TAIKYOKU oya="0"/><INIT seed="0,0,0,0,5,121" ten="250,250,250,250" oya="0" hai0="86,36,57,82,90,111,124,130,53,88,40,52,98" hai1="63,14,22,134,92,10,71,129,8,32,84,26,93" hai2="126,20,54,83,104,133,13,94,76,87,69,60,3" hai3="109,19,75,99,106,1,23,108,37,102,122,62,135"/><T112/><D112/><U115/><E115/><V18/><F3/><W132/><G1/><T85/><D124/><U48/><E32/><V42/><F126/><W0/><G0/><T80/><D130/><U46/><E129/><V95/><F104/><W39/><G75/><T107/><D111/><N who="3" m="42569" /><G62/><T97/><D107/><U15/><E15/><V89/><F133/><N who="3" m="51275" /><G122/><T123/><D123/><U27/><E63/><V68/><F42/><W118/><G118/><T29/><D40/><U114/><E114/><V34/><F34/><W81/><G81/><T12/><D36/><U74/><E74/><V73/><F94/><W117/><G117/><T77/><D77/><U91/><E93/><V31/><F95/><W30/><G30/><T16/><D29/><U120/><E120/><V70/><F31/><W72/><G72/><T51/><REACH who="0" step="1"/><D53/><REACH who="0" ten="240,250,250,250" step="2"/><U105/><E134/><V64/><F54/><W125/><G125/><T5/><D5/><U38/><E105/><V17/><F17/><W119/><G119/><T21/><AGARI ba="0,1" hai="12,16,21,51,52,57,80,82,85,86,88,90,97,98" machi="21" ten="20,24000,3" yaku="1,1,0,1,7,1,9,1,8,1,54,3,53,0" doraHai="121" doraHaiUra="96" who="0" fromWho="0" sc="240,250,250,-80,250,-80,250,-80" /><INIT seed="0,1,0,3,2,106" ten="490,170,170,170" oya="0" hai0="57,128,8,91,28,52,93,98,63,97,101,53,112" hai1="124,96,49,72,109,24,84,20,48,88,134,58,108" hai2="10,79,119,14,41,116,132,102,99,100,69,115,61" hai3="85,4,47,29,9,30,55,78,121,60,113,82,34"/><T5/><D128/><U17/><E124/><V32/><F32/><W73/><G113/><T35/><D35/><U25/><E134/><V92/><F115/><W54/><G121/><T36/><D36/><U12/><E96/><V18/><F132/><W77/><G34/><T117/><D28/><U46/><E58/><V23/><F100/><W6/><G60/><T37/><D37/><U62/><E62/><V94/><F94/><W21/><G21/><T56/><D117/><N who="2" m="45130" /><F41/><W133/><G133/><T15/><D112/><U129/><E72/><V111/><F111/><N who="1" m="42569" /><E129/><V2/><F79/><W95/><G4/><T33/><D33/><U31/><E46/><V43/><F43/><W39/><G78/><T89/><REACH who="0" step="1"/><D98/><REACH who="0" ten="480,170,170,170" step="2"/><U59/><E31/><V74/><F99/><W64/><G30/><T1/><D1/><U83/><E48/><AGARI ba="1,1" hai="5,8,15,48,52,53,56,57,63,89,91,93,97,101" machi="48" ten="30,12000,1" yaku="1,1,7,1,8,1,54,1,53,1" doraHai="106" doraHaiUra="7" who="0" fromWho="1" sc="480,133,170,-123,170,0,170,0" /><INIT seed="0,2,0,4,4,58" ten="613,47,170,170" oya="0" hai0="5,126,80,105,38,60,119,24,17,72,65,9,26" hai1="71,28,51,31,48,98,68,92,118,78,62,102,1" hai2="37,25,15,47,83,110,100,70,117,94,64,127,95" hai3="134,23,49,77,20,0,104,129,82,42,121,122,46"/><T74/><D119/><U43/><E118/><V101/><F117/><W16/><G104/><T84/><D38/><U54/><E1/><V131/><F110/><W57/><G0/><T32/><D126/><U67/><E71/><V29/><F127/><W133/><G23/><T6/><D105/><U130/><E130/><V124/><F124/><W50/><G50/><T73/><D17/><U40/><E51/><V22/><F131/><W81/><G57/><T33/><D26/><U120/><E120/><N who="3" m="46186" /><G129/><T56/><D24/><U123/><E123/><V111/><F111/><W85/><G81/><T66/><D66/><U109/><E78/><V61/><F83/><W63/><G63/><T14/><REACH who="0" step="1"/><D5/><REACH who="0" ten="603,47,170,170" step="2"/><U132/><E109/><V96/><F37/><W79/><G79/><AGARI ba="2,1" hai="6,9,14,32,33,56,60,65,72,73,74,79,80,84" machi="79" ten="40,7700,0" yaku="1,1,2,1,52,1,53,0" doraHai="58" doraHaiUra="114" who="0" fromWho="3" sc="603,93,47,0,170,0,170,-83" /><INIT seed="0,3,0,3,3,45" ten="696,47,170,87" oya="0" hai0="77,94,82,95,88,5,75,73,7,91,61,48,134" hai1="3,128,42,72,83,121,80,21,37,118,71,89,133" hai2="2,58,116,67,10,19,0,90,65,66,43,93,69" hai3="34,57,110,101,62,132,129,70,18,31,15,4,54"/><T86/><D134/><U74/><E118/><V1/><F116/><W26/><G132/><T111/><D111/><U24/><E121/><V17/><F69/><W30/><G110/><T41/><D75/><U44/><E128/><V14/><F43/><W84/><G129/><T63/><D63/><U22/><E71/><V120/><F120/><W36/><G36/><T124/><D124/><U105/><E105/><V107/><F107/><W38/><G38/><T119/><D61/><U96/><E22/><V32/><F32/><W112/><G30/><T127/><D127/><U9/><E133/><V131/><F131/><W68/><G112/><T78/><D78/><U53/><E53/><V55/><F19/><W11/><G101/><T135/><D119/><U40/><E40/><V12/><F12/><W52/><G54/><T108/><D108/><U60/><E60/><V16/><F17/><W100/><G100/><T23/><D23/><U103/><E83/><V46/><F46/><W114/><G114/><T29/><D29/><U33/><E33/><V28/><F28/><W59/><G57/><T125/><D125/><U115/><E115/><V117/><F117/><W81/><REACH who="3" step="1"/><G18/><REACH who="3" ten="696,47,170,77" step="2"/><T51/><D135/><U8/><E103/><V56/><REACH who="2" step="1"/><F55/><REACH who="2" ten="696,47,160,77" step="2"/><W76/><AGARI ba="3,2" hai="4,11,15,26,31,34,52,59,62,68,70,76,81,84" machi="76" ten="20,8000,1" yaku="1,1,2,1,0,1,7,1,54,1,53,0" doraHai="45" doraHaiUra="85" who="3" fromWho="3" sc="696,-43,47,-23,160,-23,77,109" /><INIT seed="1,0,0,5,2,36" ten="653,24,137,186" oya="1" hai0="87,4,39,25,42,15,8,17,21,57,107,103,89" hai1="7,76,2,12,53,41,40,85,44,72,48,134,35" hai2="102,130,11,10,125,94,52,75,31,129,6,55,81" hai3="111,27,23,63,32,120,115,119,117,105,43,19,110"/><U22/><E72/><V113/><F113/><W86/><G105/><T116/><D116/><N who="3" m="44617" /><G115/><T98/><D57/><U97/><E35/><V62/><F125/><W46/><G120/><T33/><D33/><U127/><E127/><V131/><F31/><W100/><G100/><T47/><D87/><U73/><E73/><V24/><F24/><W123/><G123/><T66/><D89/><U121/><E121/><V37/><F37/><N who="3" m="21871" /><G32/><T71/><D66/><U1/><E134/><V88/><F102/><W122/><G122/><T106/><D71/><U68/><E68/><V49/><F62/><W84/><G63/><T133/><D133/><U114/><E114/><V91/><F55/><W16/><G19/><T45/><D45/><U59/><E1/><N who="2" m="335" /><F11/><W132/><G132/><T34/><D34/><U64/><E2/><V3/><F3/><W50/><G50/><T14/><D14/><U26/><E97/><V30/><F30/><W58/><G58/><T135/><D135/><U5/><E59/><N who="2" m="33167" /><F94/><AGARI ba="0,0" hai="4,8,15,17,21,25,39,42,47,94,98,103,106,107" machi="94" ten="30,2000,0" yaku="7,1,52,1" doraHai="36" who="0" fromWho="2" sc="653,20,24,0,137,-20,186,0" /><INIT seed="2,0,0,2,5,49" ten="673,24,117,186" oya="2" hai0="122,44,86,77,58,36,93,39,54,26,59,38,128" hai1="51,7,28,98,103,23,30,85,60,110,35,127,61" hai2="126,104,129,31,16,125,14,42,82,25,111,75,0" hai3="20,45,130,135,43,11,46,71,4,69,95,24,87"/><V123/><F123/><W91/><G130/><T22/><D122/><U21/><E110/><V108/><F104/><W66/><G135/><T40/><D128/><U132/><E132/><V109/><F129/><W80/><G95/><T105/><D105/><U76/><E7/><V34/><F0/><W99/><G99/><T107/><D107/><U133/><E133/><V97/><F42/><W6/><G66/><T81/><D93/><U55/><E127/><N who="2" m="48651" /><F97/><W10/><G10/><T41/><D41/><U96/><E76/><V17/><F14/><W73/><G73/><T94/><D94/><U106/><E96/><V1/><F1/><W13/><G6/><T131/><D131/><U115/><E85/><V88/><F88/><W50/><G46/><T114/><D114/><U3/><E3/><V121/><F121/><W62/><G62/><T56/><REACH who="0" step="1"/><D54/><REACH who="0" ten="663,24,117,186" step="2"/><U5/><E115/><V116/><F116/><W90/><G90/><T101/><D101/><U79/><E79/><AGARI ba="0,1" hai="16,17,25,31,34,75,79,82,108,109,111" m="48651" machi="79" ten="40,12000,1" yaku="14,1,10,1,18,1,54,1" doraHai="49" who="2" fromWho="1" sc="663,0,24,-120,117,130,186,0" owari="663,76.3,-96,-59.6,247,4.7,186,-21.4" /></mjloggm>