<mjloggm ver="2.3"><GO type="169" lobby="0"/><UN n0="%44%61%6C%69" n1="%E3%82%BC%E3%83%B3%E3%83%84%E3%83%9E%E3%82%B7%E3%83%BC%E3%83%B3" n2="%E2%91%A3%E3%82%BB%E3%83%B3%E3%83%81" n3="%E8%80%81%E6%A5%BD" dan="17,16,18,17" rate="2187.36,2144.49,2252.60,2181.66" sx="M,M,M,M"/><TAIKYOKU oya="0"/><INIT seed="0,0,0,1,2,102" ten="250,250,250,250" oya="0" hai0="98,82,28,22,36,53,10,65,124,45,27,122,46" hai1="69,9,24,133,57,101,0,85,47,32,83,128,96" hai2="39,77,89,1,113,99,71,41,130,21,76,23,2" hai3="62,73,37,134,75,20,103,50,109,3,126,63,123"/><T68/><D122/><U105/><E69/><V25/><F71/><W15/><G3/><T91/><D124/><U79/><E128/><V114/><F99/><W93/><G37/><T5/><D68/><U18/><E133/><V97/><F97/><W7/><G103/><T34/><D34/><U92/><E47/><V17/><F89/><W40/><G93/><T6/><D65/><U125/><E125/><V81/><F130/><W104/><G20/><T26/><D26/><U19/><E57/><V52/><F41/><W127/><G15/><T72/><D6/><U108/><E108/><V78/><F81/><W13/><G13/><N who="0" m="5327" /><D72/><U4/><REACH who="1" step="1"/><E92/><REACH who="1" ten="250,240,250,250" step="2"/><V38/><F113/><W49/><G109/><T59/><D36/><U48/><E48/><V119/><F114/><W117/><G123/><T12/><D46/><U118/><E118/><V107/><F119/><W44/><G44/><T131/><D45/><U11/><E11/><V116/><F116/><W90/><G117/><T121/><D131/><U67/><E67/><V8/><F8/><W135/><G40/><T110/><D110/><U54/><E54/><V70/><F70/><W129/><G129/><T66/><D66/><U43/><E43/><V86/><F52/><W16/><G134/><T106/><D121/><U111/><E111/><V88/><F39/><W42/><G135/><T35/><D53/><U31/><AGARI ba="0,1" hai="0,4,9,18,19,24,31,32,79,83,85,96,101,105" machi="31" ten="30,7900,0" yaku="1,1,0,1,52,1,53,1" doraHai="102" doraHaiUra="30" who="1" fromWho="1" sc="250,-39,240,89,250,-20,250,-20" /><INIT seed="1,0,0,3,2,35" ten="211,329,230,230" oya="1" hai0="29,8,128,1,101,131,50,90,65,18,43,107,82" hai1="83,3,7,92,116,96,58,0,86,123,55,15,135" hai2="19,61,36,6,81,38,71,106,134,127,99,41,113" hai3="59,17,132,125,91,64,37,40,89,39,28,133,103"/><U42/><E116/><V34/><F41/><W56/><G28/><T110/><D29/><U31/><E123/><V104/><F19/><W120/><G103/><T24/><D65/><U69/><E135/><V68/><F61/><W115/><G17/><T54/><D43/><U12/><E69/><V119/><F99/><W13/><G13/><T100/><D110/><U57/><E42/><V84/><F84/><W124/><G40/><T9/><D107/><U63/><E31/><V87/><F87/><W16/><G16/><T97/><D82/><U130/><E130/><N who="0" m="49705" /><D90/><N who="3" m="34313" /><G64/><T46/><D97/><U22/><E22/><V98/><F98/><W85/><G85/><T75/><D75/><U79/><E15/><V78/><F81/><W67/><G67/><T105/><D105/><U26/><E26/><V118/><F106/><W5/><G5/><N who="0" m="1071" /><D9/><U102/><REACH who="1" step="1"/><E57/><REACH who="1" ten="211,319,230,230" step="2"/><N who="3" m="22090" /><G120/><T23/><AGARI ba="0,1" hai="18,23,24,46,50,54,100,101" m="1071,49705" machi="23" ten="30,2000,0" yaku="19,1,52,1" doraHai="35" who="0" fromWho="0" sc="211,30,319,-10,230,-5,230,-5" /><INIT seed="2,0,0,5,0,10" ten="241,309,225,225" oya="2" hai0="122,108,106,0,130,135,97,18,66,32,134,31,115" hai1="50,12,77,13,110,73,11,104,34,96,102,111,17" hai2="123,83,9,90,29,85,94,8,60,86,7,4,81" hai3="133,105,63,116,35,46,98,93,43,84,21,125,129"/><V51/><F123/><W128/><G35/><T5/><D115/><U117/><E117/><V82/><F29/><W19/><G116/><T52/><D122/><U56/><E34/><V70/><F70/><W37/><G125/><T59/><D108/><N who="1" m="41515" /><E77/><V33/><F33/><W114/><G133/><N who="0" m="50699" /><D66/><U100/><E73/><V118/><F118/><W119/><G119/><T67/><D67/><U62/><E50/><V88/><F60/><W78/><G114/><T71/><D71/><U25/><E100/><V74/><F74/><W112/><G112/><T76/><D76/><U113/><E113/><V103/><F103/><W1/><G1/><T26/><D130/><U36/><E36/><V131/><F131/><W22/><G105/><T53/><D106/><U6/><E25/><V92/><F51/><W127/><G127/><T27/><D97/><U30/><E30/><V45/><F45/><W2/><G2/><T120/><D120/><U101/><E101/><V91/><F91/><W72/><G72/><T75/><D75/><U87/><E87/><V41/><F41/><W80/><G63/><T126/><D126/><U61/><E56/><V107/><F107/><W64/><G64/><T3/><D59/><U68/><E68/><V20/><F20/><AGARI ba="0,0" hai="6,11,12,13,17,20,61,62,96,102,104" m="41515" machi="20" ten="30,3900,0" yaku="14,1,52,2" doraHai="10" who="1" fromWho="2" sc="241,0,309,39,225,-39,225,0" /><INIT seed="3,0,0,5,0,77" ten="241,348,186,225" oya="3" hai0="24,124,31,117,84,87,132,58,23,82,104,20,42" hai1="1,38,47,5,4,105,32,54,93,88,15,40,118" hai2="21,106,66,67,7,39,11,18,36,71,103,121,56" hai3="91,115,33,17,125,94,19,90,50,130,128,22,114"/><W41/><G33/><T25/><D117/><U120/><E120/><V61/><F121/><W99/><G125/><T60/><D124/><U101/><E118/><V78/><F78/><W134/><G134/><T81/><D104/><U30/><E1/><V95/><F106/><W102/><G41/><T133/><D42/><U12/><E101/><V70/><F103/><W107/><G50/><T98/><D98/><U45/><E105/><V48/><F95/><W96/><G19/><T131/><D131/><N who="3" m="50217" /><G17/><N who="0" m="12303" /><D132/><U13/><E30/><V65/><F48/><W72/><G22/><T49/><D49/><U0/><E32/><V129/><F129/><W79/><G91/><T110/><D110/><U3/><E45/><V122/><F122/><W14/><G14/><T43/><D43/><U108/><E108/><V80/><F39/><W52/><G52/><N who="0" m="33863" /><D133/><U2/><REACH who="1" step="1"/><E54/><REACH who="1" ten="241,338,186,225" step="2"/><V6/><F36/><W74/><G74/><T85/><AGARI ba="0,1" hai="23,25,31,81,82,84,85,87" m="33863,12303" machi="85" ten="30,7900,0" yaku="8,1,52,2,54,1" doraHai="77" who="0" fromWho="0" sc="241,89,338,-20,186,-20,225,-39" /><INIT seed="4,0,0,0,2,50" ten="330,318,166,186" oya="0" hai0="133,125,84,65,29,23,135,117,27,101,7,15,116" hai1="70,48,14,10,33,41,95,9,69,109,47,63,132" hai2="120,26,52,119,81,8,30,1,73,113,60,61,86" hai3="44,100,107,18,82,103,55,106,51,98,74,77,22"/><T131/><D101/><U90/><E109/><V108/><F120/><W34/><G34/><T80/><D65/><U112/><E132/><N who="0" m="50761" /><D84/><U102/><E112/><V2/><F73/><W49/><G49/><T93/><D93/><U94/><E33/><V28/><F28/><W99/><G22/><T68/><D80/><U36/><E102/><V96/><F119/><N who="0" m="45642" /><D68/><U76/><E76/><V110/><F96/><W20/><G20/><T111/><D125/><U134/><E134/><V4/><F61/><W83/><G83/><T57/><D57/><U31/><E95/><V104/><F104/><W56/><REACH who="3" step="1"/><G18/><REACH who="3" ten="330,318,166,176" step="2"/><T38/><D38/><U59/><E36/><V88/><F81/><W85/><G85/><T75/><D75/><U79/><E48/><V121/><F86/><W66/><G66/><T118/><D118/><U123/><E123/><V17/><F17/><W35/><G35/><T11/><D111/><U45/><E79/><V89/><F121/><W25/><G25/><T62/><D62/><U43/><E43/><V97/><F26/><W92/><G92/><T16/><D131/><U0/><E41/><V124/><F108/><W127/><G127/><T32/><D32/><U115/><E94/><V78/><F124/><W122/><G122/><T128/><D128/><U71/><E71/><V91/><F78/><W21/><G21/><T64/><D64/><U5/><E70/><V129/><F129/><W58/><AGARI ba="0,1" hai="44,51,55,56,58,74,77,82,98,99,100,103,106,107" machi="58" ten="30,8000,1" yaku="1,1,0,1,9,1,52,1,53,1" doraHai="50" doraHaiUra="72" who="3" fromWho="3" sc="330,-40,318,-20,166,-20,176,90" /><INIT seed="5,0,0,1,5,47" ten="290,298,146,266" oya="1" hai0="33,71,82,84,45,108,51,14,10,127,85,129,114" hai1="102,27,43,98,50,11,8,131,23,70,67,35,66" hai2="86,34,118,87,37,12,7,78,61,53,22,99,60" hai3="81,62,0,122,20,55,116,120,100,25,92,83,96"/><U24/><E131/><V5/><F34/><W18/><G0/><T117/><D108/><U104/><E35/><V46/><F118/><W80/><G116/><T57/><D117/><U107/><E107/><V106/><F37/><W41/><G41/><T79/><D71/><U128/><E128/><V93/><F106/><W105/><G105/><T31/><D114/><U110/><E110/><V119/><F119/><W121/><G62/><T88/><D129/><U132/><E132/><V26/><F78/><W75/><REACH who="3" step="1"/><G55/><REACH who="3" ten="290,298,146,256" step="2"/><N who="0" m="30191" /><D127/><U3/><E43/><V30/><F61/><W15/><G15/><T135/><D135/><U133/><E133/><V109/><F109/><W74/><AGARI ba="0,1" hai="18,20,25,74,75,80,81,83,92,96,100,120,121,122" machi="74" ten="40,2700,0" yaku="1,1,0,1,53,0" doraHai="47" doraHaiUra="134" who="3" fromWho="3" sc="290,-7,298,-13,146,-7,256,37" /><INIT seed="6,0,0,1,1,65" ten="283,285,139,293" oya="2" hai0="41,103,36,122,78,43,73,30,56,48,45,109,24" hai1="10,135,87,92,76,50,94,19,46,14,102,1,55" hai2="112,37,104,17,47,61,29,107,119,4,134,128,13" hai3="96,68,20,72,79,84,32,27,52,39,59,66,81"/><V5/><F119/><W67/><G32/><T6/><D109/><U64/><E1/><V85/><F29/><W54/><G39/><T0/><D122/><U51/><E135/><V23/><F134/><W34/><G34/><T58/><D103/><U115/><E115/><V57/><F112/><W40/><G40/><T9/><D43/><U83/><E64/><V18/><F128/><W71/><G66/><T75/><D48/><U113/><E102/><V133/><F133/><W108/><G67/><T22/><REACH who="0" step="1"/><D73/><REACH who="0" ten="273,285,139,293" step="2"/><U123/><E123/><V130/><F130/><W118/><G108/><T116/><D116/><U132/><E132/><V35/><F35/><W89/><G118/><T12/><D12/><U120/><E120/><V98/><F107/><W90/><G72/><T60/><D60/><U110/><E110/><V111/><F111/><W70/><G96/><T124/><D124/><U93/><E113/><V31/><F98/><W26/><G26/><T63/><D63/><U2/><E2/><V3/><F104/><W97/><G97/><T74/><D74/><U62/><E50/><V25/><F3/><W125/><G125/><T8/><D8/><U80/><E62/><V11/><F85/><W88/><REACH who="3" step="1"/><G59/><REACH who="3" ten="273,285,139,283" step="2"/><T117/><D117/><U121/><E121/><V77/><F37/><W105/><G105/><T33/><D33/><U114/><E114/><V100/><F57/><W44/><G44/><T42/><D42/><U15/><E15/><V69/><F47/><W91/><N who="3" m="22528" /><DORA hai="82" /><W99/><G99/><T7/><D7/><U127/><E127/><V95/><F4/><RYUUKYOKU ba="0,2" sc="273,10,285,10,139,-30,283,10" hai0="0,6,9,22,24,30,36,41,45,56,58,75,78" hai1="10,14,19,46,51,55,76,80,83,87,92,93,94" hai3="20,27,52,54,68,70,71,79,81,84" /><INIT seed="7,1,2,2,1,121" ten="283,295,109,293" oya="3" hai0="116,122,55,15,36,22,40,20,1,46,4,50,100" hai1="28,104,49,19,131,66,70,117,127,108,113,60,72" hai2="17,59,64,95,38,118,105,37,103,43,73,52,31" hai3="110,35,5,129,93,9,80,48,61,26,82,86,10"/><W24/><G129/><T56/><D122/><U134/><RYUUKYOKU type="yao9" ba="1,2" sc="283,0,295,0,109,0,293,0" hai1="19,28,49,60,66,70,72,104,108,113,117,127,131,134" /><INIT seed="7,2,2,0,5,51" ten="283,295,109,293" oya="3" hai0="114,94,12,24,46,22,85,0,63,71,36,25,49" hai1="59,112,39,18,23,61,3,100,34,15,50,13,29" hai2="19,88,78,2,79,86,37,109,10,73,30,16,83" hai3="82,62,66,110,125,81,28,67,72,101,111,44,134"/><W122/><G122/><T108/><D36/><U118/><E3/><V120/><F109/><N who="3" m="41483" /><G125/><T96/><D0/><U57/><E39/><V90/><F120/><W17/><G134/><T103/><D108/><U55/><E112/><V4/><F30/><W113/><G113/><T48/><D114/><U1/><E1/><V115/><F115/><W58/><G28/><T69/><D49/><U116/><E100/><V56/><F78/><N who="3" m="44231" /><G101/><T54/><D25/><N who="1" m="14583" /><E34/><V91/><F86/><W65/><G44/><T80/><D12/><U9/><E9/><V97/><F97/><W47/><G47/><T68/><D63/><U60/><E29/><V105/><F105/><W26/><G82/><T131/><D131/><U117/><E50/><V70/><F70/><W95/><G95/><T27/><REACH who="0" step="1"/><D22/><AGARI ba="2,2" hai="17,22,26,58,62,65,66,67" m="44231,41483" machi="22" ten="30,1500,0" yaku="10,1" doraHai="51" who="3" fromWho="0" sc="283,-21,295,0,109,0,293,41" owari="262,-13.8,295,9.5,109,-39.1,334,43.4" /></mjloggm>