<mjloggm ver="2.3"><GO type="225" lobby="0"/><UN n0="%E6%9C%88%E5%B3%B6%E5%9F%BA" n1="%E6%A1%9C%E8%8A%B1%E9%96%83%E3%80%85" n2="%E3%83%96%E3%83%83%E3%83%91%E3%82%AA%E3%83%96%E3%83%81%E3%82%AD%E3%83%B3" n3="%E3%83%81%E3%83%83%E3%82%BF%E3%82%BD%E3%83%BC" dan="17,16,16,16" rate="2218.65,2201.31,2140.96,2155.22" sx="M,M,M,F"/><TAIKYOKU oya="0"/><INIT seed="0,0,0,5,5,52" ten="250,250,250,250" oya="0" hai0="37,68,83,32,71,19,31,91,133,17,86,9,2" hai1="130,12,51,122,34,35,128,60,43,13,40,94,59" hai2="44,22,106,117,20,70,1,27,49,135,124,36,73" hai3="55,56,7,50,75,126,90,14,29,0,113,89,97"/><T84/><D37/><U105/><E105/><V18/><F124/><W85/><G126/><T47/><D133/><U123/><E94/><V79/><F135/><W132/><G132/><T33/><D47/><U76/><E76/><V23/><F117/><W46/><G75/><T81/><D31/><U4/><E51/><V121/><F121/><W120/><G0/><T8/><D2/><U92/><E92/><V99/><F36/><W3/><G3/><T77/><D77/><U16/><E4/><V114/><F70/><W6/><G113/><T101/><REACH who="0" step="1"/><D91/><REACH who="0" ten="240,250,250,250" step="2"/><U109/><E123/><V5/><F79/><W95/><G120/><T118/><D118/><U66/><E122/><V111/><F44/><W30/><G46/><T39/><D39/><U116/><E116/><V26/><F1/><W102/><G89/><T11/><D11/><N who="1" m="6175" /><E40/><V45/><F45/><W100/><G29/><T57/><D57/><U96/><E43/><V21/><F114/><W78/><G30/><T107/><D107/><U64/><E59/><V53/><F18/><W127/><G127/><T115/><D115/><U98/><E35/><V63/><F5/><W38/><G38/><T62/><D62/><U134/><E60/><V61/><F61/><W104/><G104/><T67/><D67/><U88/><E64/><V15/><F63/><W48/><G6/><T10/><D10/><U125/><E66/><V103/><F106/><W69/><G69/><T108/><D108/><U131/><E109/><V80/><F111/><W54/><G7/><T72/><D72/><U58/><E125/><V24/><F73/><RYUUKYOKU ba="0,1" sc="240,30,250,-10,250,-10,250,-10" hai0="8,9,17,19,32,33,68,71,81,83,84,86,101" /><INIT seed="0,1,1,4,4,53" ten="270,240,240,240" oya="0" hai0="57,125,75,26,65,109,74,14,82,131,35,41,85" hai1="39,61,100,113,22,105,15,76,12,104,133,19,122" hai2="30,115,46,88,34,64,55,92,33,48,79,134,98" hai3="37,97,0,81,106,83,128,91,120,5,17,63,89"/><T44/><D125/><U124/><E122/><V58/><F115/><W95/><G128/><T51/><D131/><U86/><E124/><V27/><F134/><W130/><G130/><T24/><D109/><U107/><E133/><V6/><F6/><W80/><G106/><T31/><D26/><U132/><E132/><V99/><F79/><W52/><G120/><T135/><D135/><U116/><E116/><V71/><F34/><W40/><G37/><T77/><REACH who="0" step="1"/><D14/><REACH who="0" ten="260,240,240,240" step="2"/><U47/><E12/><V84/><REACH who="2" step="1"/><F71/><REACH who="2" ten="260,240,230,240" step="2"/><W123/><G123/><T59/><D59/><U25/><E113/><V102/><F102/><W108/><G108/><T18/><D18/><U23/><E100/><V72/><F72/><W94/><G17/><T93/><D93/><U2/><E105/><V110/><F110/><W38/><G0/><T101/><D101/><U56/><E2/><V66/><F66/><W117/><G117/><T20/><D20/><U16/><E107/><V60/><AGARI ba="1,3" hai="27,30,33,46,48,55,58,60,64,84,88,92,98,99" machi="60" ten="30,7900,0" yaku="1,1,0,1,52,1,54,1,53,0" doraHai="53" doraHaiUra="70" who="2" fromWho="2" sc="260,-40,240,-21,230,112,240,-21" /><INIT seed="1,0,0,1,4,28" ten="220,219,342,219" oya="1" hai0="128,101,117,30,52,106,19,64,75,109,60,124,90" hai1="54,10,95,8,78,122,22,113,74,79,29,121,37" hai2="108,71,97,40,130,45,131,102,123,65,3,21,39" hai3="111,132,32,41,49,76,12,94,96,86,0,62,116"/><U2/><E113/><V93/><F123/><W47/><G0/><T82/><D117/><U58/><E37/><V11/><F108/><W7/><G111/><T17/><D109/><U35/><E35/><V115/><F115/><W99/><G132/><T15/><D124/><U26/><E74/><V85/><F21/><W80/><G116/><T70/><D128/><N who="2" m="49194" /><F85/><W42/><G32/><T103/><D30/><U14/><E2/><V63/><F3/><W43/><G62/><T24/><D24/><U55/><E55/><V68/><F11/><N who="3" m="4223" /><G99/><T46/><D75/><U13/><E95/><V104/><F104/><W5/><G5/><T31/><D19/><N who="1" m="8631" /><E122/><V135/><F135/><W118/><G118/><T50/><D31/><U83/><E83/><V4/><F4/><W48/><G48/><T89/><D106/><U18/><E121/><V91/><F71/><W127/><G127/><T61/><D70/><U125/><E125/><V114/><F114/><W112/><G112/><T36/><D82/><U51/><AGARI ba="0,0" hai="8,14,18,22,26,29,51,54,58,78,79" m="8631" machi="51" ten="30,1500,0" yaku="8,1" doraHai="28" who="1" fromWho="1" sc="220,-5,219,15,342,-5,219,-5" /><INIT seed="1,1,0,4,5,38" ten="215,234,337,214" oya="1" hai0="11,117,122,119,30,27,99,52,121,31,23,58,103" hai1="48,87,110,114,131,72,102,10,86,108,29,36,19" hai2="0,92,107,41,81,73,115,100,42,74,128,68,1" hai3="49,80,20,22,24,65,90,113,118,106,33,95,70"/><U50/><E114/><V75/><F107/><W34/><G113/><T9/><D31/><U66/><E72/><V89/><F115/><W12/><G106/><N who="0" m="63871" /><D119/><U105/><E29/><V60/><F128/><W124/><G124/><T104/><D104/><U98/><E36/><V45/><F100/><W76/><G118/><T83/><D83/><U101/><E66/><V39/><F81/><W26/><G12/><T133/><D133/><U64/><E64/><V28/><F42/><W3/><G3/><T51/><D117/><U25/><E131/><V35/><F60/><W14/><G14/><T15/><D15/><N who="1" m="7671" /><E25/><V130/><F68/><W2/><G2/><T61/><D61/><U54/><E102/><V21/><F35/><W46/><G70/><T79/><D79/><U91/><E54/><V126/><F126/><W112/><G112/><T132/><D132/><U123/><E123/><AGARI ba="1,0" hai="9,11,23,27,30,51,52,58,121,122,123" m="63871" machi="123" ten="30,2000,0" yaku="13,1,54,1" doraHai="38" who="0" fromWho="1" sc="215,23,234,-23,337,0,214,0" /><INIT seed="2,0,0,4,3,49" ten="238,211,337,214" oya="2" hai0="18,127,9,122,24,32,71,3,1,89,40,126,86" hai1="39,55,7,99,84,79,82,109,119,77,0,54,25" hai2="59,45,6,105,47,50,83,62,42,33,88,58,26" hai3="93,52,130,14,116,128,44,125,21,111,60,115,27"/><V110/><F105/><W48/><G111/><T81/><D122/><U53/><E119/><V85/><F110/><W11/><G116/><T67/><D40/><U29/><E109/><V134/><F134/><W36/><G115/><T43/><D43/><U123/><E39/><V94/><F6/><W23/><G125/><N who="0" m="47627" /><D9/><U132/><E132/><V103/><F47/><W112/><G112/><T114/><D114/><U65/><E123/><V120/><F120/><W64/><G36/><T17/><D32/><U118/><E118/><V10/><F10/><W73/><G93/><T56/><D71/><U37/><E37/><V4/><F4/><N who="3" m="3431" /><G73/><T102/><D102/><U57/><E99/><V98/><REACH who="2" step="1"/><F62/><REACH who="2" ten="238,211,327,214" step="2"/><W12/><G128/><T104/><D104/><U135/><E135/><V8/><F8/><W51/><G130/><T80/><D3/><U13/><E0/><V72/><F72/><W30/><G60/><N who="0" m="38279" /><D1/><U28/><E7/><V38/><F38/><W90/><G48/><T68/><D18/><U129/><E129/><V124/><F124/><W70/><G51/><T121/><D121/><U97/><E28/><AGARI ba="0,1" hai="26,28,33,42,45,50,58,59,83,85,88,94,98,103" machi="28" ten="40,7700,0" yaku="1,1,54,1,53,1" doraHai="49" doraHaiUra="22" who="2" fromWho="1" sc="238,0,211,-77,327,87,214,0" /><INIT seed="2,1,0,1,5,76" ten="238,134,414,214" oya="2" hai0="13,123,101,61,18,69,23,20,77,36,104,82,54" hai1="97,33,126,73,89,80,88,84,5,115,1,40,50" hai2="44,83,103,38,86,74,15,99,94,17,21,6,91" hai3="81,45,65,42,26,22,48,28,116,112,87,19,57"/><V132/><F132/><W125/><G116/><T51/><D123/><U27/><E115/><V85/><F6/><W67/><G125/><T118/><D36/><U60/><E126/><V56/><F74/><W111/><G111/><T25/><D118/><U113/><E113/><V127/><F127/><W14/><G57/><T41/><D104/><U93/><E73/><V39/><F44/><W49/><G49/><T37/><D37/><U52/><E1/><V12/><F12/><W119/><G112/><T10/><D101/><U31/><E5/><V96/><F96/><W75/><G75/><T2/><D41/><U58/><REACH who="1" step="1"/><E40/><REACH who="1" ten="238,124,414,214" step="2"/><V105/><REACH who="2" step="1"/><F56/><REACH who="2" ten="238,124,404,214" step="2"/><W102/><G119/><T128/><D2/><U35/><E35/><V120/><F120/><W3/><G3/><T0/><D0/><U108/><E108/><V90/><AGARI ba="1,2" hai="15,17,21,38,39,83,85,86,90,91,94,99,103,105" machi="90" ten="20,7800,0" yaku="1,1,0,1,7,1,52,1,53,0" doraHai="76" doraHaiUra="43" who="2" fromWho="2" sc="238,-27,124,-27,404,101,214,-27" /><INIT seed="2,2,0,4,3,102" ten="211,97,505,187" oya="2" hai0="36,11,112,83,33,54,48,41,105,28,93,20,4" hai1="133,94,66,19,47,7,64,22,114,128,121,61,77" hai2="127,10,35,109,49,27,67,6,5,124,12,17,106" hai3="107,116,118,100,23,63,89,111,50,131,14,76,60"/><V78/><F78/><W95/><G111/><T103/><D33/><U126/><E114/><V21/><F67/><W117/><G131/><T97/><D112/><U72/><E128/><V130/><F130/><W56/><G76/><T34/><D34/><U84/><E133/><V68/><F68/><W0/><G0/><T37/><D41/><U16/><E126/><N who="2" m="48171" /><F49/><W81/><G81/><T80/><D37/><U129/><E19/><N who="2" m="8599" /><F109/><W18/><G50/><T134/><D134/><U15/><E66/><V32/><F106/><W110/><G110/><T96/><D36/><U55/><E129/><V132/><F132/><W53/><G63/><T1/><D20/><U69/><E22/><V79/><F79/><W42/><G42/><T104/><D28/><U38/><E77/><V99/><F99/><W73/><G73/><T52/><D54/><U30/><E55/><V43/><F43/><W24/><G100/><T57/><D104/><U46/><E30/><N who="2" m="19551" /><F35/><W91/><G107/><T59/><D59/><U3/><E38/><V113/><F113/><W119/><N who="3" m="29696" /><DORA hai="8" /><W123/><G95/><T101/><AGARI ba="2,0" hai="1,4,11,48,52,57,80,83,93,96,97,101,103,105" machi="101" ten="20,5200,0" yaku="0,1,7,1,52,1,54,1" doraHai="102,8" who="0" fromWho="0" sc="211,58,97,-15,505,-28,187,-15" /><INIT seed="3,0,0,1,5,56" ten="269,82,477,172" oya="3" hai0="112,95,96,92,103,9,24,14,122,110,52,130,117" hai1="18,78,120,65,108,61,10,16,32,94,34,62,12" hai2="102,106,100,41,4,66,80,101,115,36,77,49,87" hai3="75,19,5,84,28,38,7,17,133,45,104,20,3"/><W114/><G114/><T124/><D117/><U116/><E120/><V119/><F119/><W67/><G75/><T58/><D122/><U93/><E116/><V1/><F115/><W27/><G104/><T54/><D124/><U134/><E108/><V50/><F106/><W89/><G133/><T6/><D110/><U107/><E107/><V33/><F33/><W64/><G38/><T131/><D112/><U88/><E134/><V73/><F87/><W23/><G45/><T118/><D118/><U29/><E78/><V70/><F66/><N who="3" m="25131" /><G3/><T123/><D123/><U97/><E29/><V126/><F70/><W53/><G53/><T85/><D24/><U128/><E128/><N who="0" m="49193" /><D58/><U129/><E129/><V109/><F126/><W51/><G51/><T11/><D11/><U132/><E132/><V37/><F37/><W35/><G35/><T83/><D95/><U121/><E121/><V40/><F109/><W99/><G99/><T26/><D26/><U105/><E105/><V13/><F1/><W22/><G28/><T42/><D42/><U86/><E18/><N who="3" m="6666" /><G27/><T55/><D55/><U0/><E0/><V79/><F73/><W44/><G44/><T135/><D135/><U60/><REACH who="1" step="1"/><E65/><REACH who="1" ten="269,72,477,172" step="2"/><V125/><F50/><W90/><G7/><T72/><D6/><U63/><N who="1" m="15360" /><DORA hai="47" /><U82/><E82/><V68/><F80/><N who="3" m="49287" /><G5/><T8/><D83/><U76/><E76/><V43/><F77/><W113/><G113/><T48/><D72/><U98/><E98/><V59/><F79/><W21/><N who="3" m="5120" /><DORA hai="39" /><W71/><G71/><T30/><D96/><U2/><E2/><RYUUKYOKU ba="0,1" sc="269,-15,72,15,477,-15,172,15" hai1="10,12,16,32,34,86,88,93,94,97" hai3="90" /><INIT seed="3,1,1,3,5,59" ten="254,87,462,187" oya="3" hai0="98,105,31,0,77,40,101,116,90,7,36,130,26" hai1="95,86,104,121,99,89,53,131,71,62,64,118,24" hai2="38,75,82,33,2,25,114,79,110,109,66,124,127" hai3="132,123,83,126,115,125,70,17,28,63,12,43,107"/><W92/><G107/><T1/><D90/><U41/><E121/><V68/><F114/><W133/><G115/><T106/><D116/><U134/><E118/><V5/><F38/><W74/><G123/><T100/><D130/><U113/><E113/><V103/><F103/><W78/><G28/><T119/><D119/><U4/><E131/><V96/><F96/><W80/><G43/><T93/><D93/><U87/><E134/><N who="3" m="51818" /><G92/><T135/><D135/><U16/><E41/><V91/><F91/><W55/><G83/><T81/><D101/><U58/><E4/><V21/><F33/><W11/><G55/><T56/><D105/><U47/><E104/><V23/><F2/><W129/><G129/><T69/><D40/><U49/><E71/><V97/><F82/><W13/><G13/><T35/><D69/><U32/><E32/><V51/><F124/><N who="3" m="47723" /><G63/><T108/><D1/><U44/><E44/><V88/><F127/><W42/><G42/><T18/><D0/><U112/><E112/><V10/><F25/><W60/><G60/><T3/><D26/><U9/><E24/><V8/><F68/><AGARI ba="1,1" hai="11,12,17,68,70,74,78,80" m="47723,51818" machi="68" ten="30,2900,0" yaku="20,1,18,1" doraHai="59" who="3" fromWho="2" sc="254,0,87,0,462,-32,187,42" /><INIT seed="3,2,0,4,0,43" ten="254,87,430,229" oya="3" hai0="8,65,113,27,125,55,52,103,124,135,105,16,26" hai1="130,48,121,12,7,32,96,107,83,20,1,104,37" hai2="5,60,79,117,3,119,34,30,85,122,0,76,61" hai3="18,89,38,46,129,49,72,58,70,53,109,33,62"/><W100/><G72/><T112/><D135/><U93/><E121/><V47/><F122/><W13/><G33/><T101/><D65/><U90/><E37/><V78/><F85/><W108/><G100/><N who="0" m="38475" /><D105/><U35/><E130/><V111/><F111/><N who="3" m="42571" /><G129/><T4/><D16/><U14/><E104/><V118/><F5/><W56/><G38/><T21/><D55/><U57/><E107/><V71/><F71/><W59/><G70/><T134/><D52/><U63/><E1/><V97/><F34/><W86/><G62/><T22/><D22/><U128/><E128/><V77/><F61/><W88/><G86/><T127/><D134/><U110/><E110/><V131/><F60/><W23/><AGARI ba="2,0" hai="13,18,23,46,49,53,56,58,59,88,89" m="42571" machi="23" ten="30,11700,0" yaku="14,1,10,1,52,1,54,1" doraHai="43" who="3" fromWho="3" sc="254,-41,87,-41,430,-41,229,123" /><INIT seed="3,3,0,0,2,128" ten="213,46,389,352" oya="3" hai0="71,130,56,2,3,95,74,25,9,10,38,100,75" hai1="4,68,65,54,107,64,116,8,45,79,96,91,5" hai2="90,73,35,89,66,132,119,135,28,78,121,111,46" hai3="44,113,87,117,84,85,26,110,11,118,98,20,52"/><W80/><G113/><T115/><D56/><U49/><E116/><V101/><F119/><W63/><G11/><T122/><D95/><U18/><E107/><V99/><F111/><W133/><G133/><N who="2" m="51273" /><F121/><W41/><G110/><T70/><D25/><U53/><E68/><V106/><F66/><W60/><G98/><T12/><D12/><U48/><E79/><V82/><F46/><W17/><G80/><T123/><D100/><U37/><E37/><V15/><F15/><W81/><G81/><T102/><D102/><U33/><E33/><V42/><F42/><W69/><G60/><T31/><D31/><U55/><E91/><V7/><F7/><W129/><G129/><T109/><D109/><U94/><E94/><V23/><F35/><W47/><G47/><T22/><D22/><U43/><E96/><V92/><F106/><W6/><G6/><T108/><D108/><U59/><E18/><V36/><F36/><W77/><G77/><T40/><D38/><U34/><E34/><V0/><F0/><W14/><G14/><T112/><D40/><U27/><E27/><AGARI ba="3,0" hai="23,27,28,73,78,82,89,90,92,99,101" m="51273" machi="27" ten="30,7700,0" yaku="20,1,52,3" doraHai="128" who="2" fromWho="1" sc="213,0,46,-86,389,86,352,0" owari="213,-18.7,-40,-54.0,475,57.5,352,15.2" /></mjloggm>