<mjloggm ver="2.3"><GO type="169" lobby="0"/><UN n0="%E3%83%A4%E3%83%8A%E3%83%AA%E3%83%B3%E3%82%B9%E3%82%AD%E3%83%BC" n1="%E3%81%BD%E3%81%A3%E3%81%91%E3%81%95%E3%82%93" n2="%72%75%69%6E%65%76%65%72" n3="%E2%97%8E%E3%82%88%E3%81%97%E2%97%8E" dan="17,17,16,17" rate="2177.19,2200.77,2106.81,2190.21" sx="M,M,M,M"/><TAIKYOKU oya="0"/><INIT seed="0,0,0,4,2,118" ten="250,250,250,250" oya="0" hai0="61,109,69,42,102,51,81,84,94,10,116,68,76" hai1="113,46,127,98,4,40,112,95,63,39,85,50,6" hai2="100,111,90,48,74,78,36,37,114,135,23,26,75" hai3="110,62,41,128,49,122,77,15,33,119,97,16,25"/><T24/><D116/><U2/><E127/><V134/><F114/><N who="1" m="44137" /><E2/><V35/><F35/><W32/><G110/><T80/><D109/><U11/><E11/><V27/><F111/><W59/><G128/><T13/><D24/><U21/><E21/><V29/><F100/><W17/><G77/><T108/><D108/><U104/><E104/><V91/><F78/><W130/><G130/><T55/><D81/><U31/><E31/><V121/><F48/><W9/><G119/><T57/><D94/><U88/><E39/><V107/><F107/><W3/><G3/><T5/><REACH who="0" step="1"/><D102/><REACH who="0" ten="240,250,250,250" step="2"/><N who="1" m="60767" /><E63/><V126/><F126/><W18/><G62/><T83/><D83/><AGARI ba="0,1" hai="4,6,40,46,50,83,85,88" m="60767,44137" machi="83" ten="30,2000,0" yaku="11,1,54,1" doraHai="118" who="1" fromWho="0" sc="240,-20,250,30,250,0,250,0" /><INIT seed="1,0,0,5,1,94" ten="220,280,250,250" oya="1" hai0="1,81,10,6,40,19,117,89,88,96,107,72,44" hai1="12,55,61,69,15,60,126,65,100,54,130,58,37" hai2="93,113,24,68,16,120,87,67,86,116,76,134,110" hai3="124,17,82,74,77,4,105,33,5,98,50,70,25"/><U71/><E37/><V127/><F116/><W108/><G108/><T14/><D117/><U73/><E73/><V125/><F120/><W109/><G109/><T43/><D72/><U42/><E42/><V7/><F110/><W41/><G124/><N who="2" m="47689" /><F134/><W48/><G48/><T128/><D128/><U59/><E126/><V32/><F113/><W9/><G70/><T106/><D43/><U62/><E130/><V52/><F7/><W119/><G119/><T84/><D89/><U36/><E36/><V83/><F32/><W114/><G114/><T49/><REACH who="0" step="1"/><D96/><REACH who="0" ten="210,280,250,250" step="2"/><U0/><E71/><V92/><F68/><W79/><G98/><T28/><D28/><U123/><E123/><V133/><F133/><W26/><G41/><T135/><D135/><U27/><E100/><V38/><F87/><W46/><G74/><T18/><D18/><U95/><E95/><V66/><F93/><W103/><G103/><T8/><AGARI ba="0,1" hai="1,6,8,10,14,19,40,44,49,81,84,88,106,107" machi="8" ten="20,5200,0" yaku="1,1,0,1,7,1,54,1,53,0" doraHai="94" doraHaiUra="29" who="0" fromWho="0" sc="210,62,280,-26,250,-13,250,-13" /><INIT seed="2,0,0,3,5,57" ten="272,254,237,237" oya="2" hai0="89,23,94,42,44,88,64,48,80,90,16,62,24" hai1="55,41,82,81,34,46,12,120,70,111,110,31,99" hai2="35,50,13,107,108,113,104,71,69,52,126,49,98" hai3="60,56,43,36,83,118,97,119,17,135,109,26,2"/><V91/><F113/><W6/><G109/><T32/><D32/><U18/><E70/><V28/><F126/><W19/><G135/><T84/><REACH who="0" step="1"/><D80/><REACH who="0" ten="262,254,237,237" step="2"/><U51/><E111/><V29/><F108/><W33/><G83/><T86/><D86/><U25/><E110/><V92/><F35/><W102/><G33/><T117/><D117/><U1/><E120/><V95/><F98/><W67/><G119/><T78/><D78/><U79/><E79/><V130/><F130/><W129/><G118/><T37/><D37/><U125/><E125/><V122/><F122/><W58/><G129/><T61/><D61/><U10/><E99/><V124/><F124/><W105/><G36/><T100/><D100/><U121/><E121/><V87/><F87/><W85/><G85/><T22/><D22/><U30/><E30/><V74/><F74/><W27/><G97/><T134/><D134/><U128/><E128/><V76/><F76/><W15/><G102/><T45/><D45/><U14/><E81/><V38/><F38/><W47/><G47/><T5/><D5/><U115/><E82/><V65/><F91/><W8/><G6/><T75/><D75/><U116/><E116/><V103/><F103/><W77/><G77/><T93/><D93/><U112/><E115/><V39/><F39/><W68/><G60/><T96/><D96/><U59/><E112/><V53/><REACH who="2" step="1"/><F65/><REACH who="2" ten="262,254,227,237" step="2"/><W9/><G67/><T73/><D73/><U132/><E132/><V0/><F0/><W3/><G2/><T4/><D4/><U66/><E1/><V21/><F21/><W131/><G3/><RYUUKYOKU ba="0,2" sc="262,15,254,-15,227,15,237,-15" hai0="16,23,24,42,44,48,62,64,84,88,89,90,94" hai2="13,28,29,49,50,52,53,69,71,92,95,104,107" /><INIT seed="2,1,2,3,4,80" ten="277,239,242,222" oya="2" hai0="2,38,5,1,45,119,92,100,73,18,15,72,105" hai1="60,103,6,101,21,67,81,50,111,33,127,53,34" hai2="28,93,39,40,97,14,0,109,22,10,114,57,86" hai3="9,61,115,84,19,68,35,56,12,107,104,41,51"/><V75/><F114/><W17/><G115/><T118/><D105/><U47/><E111/><V82/><F82/><W32/><G104/><T77/><D100/><U26/><E6/><V133/><F75/><W134/><G107/><T108/><D108/><U54/><E54/><V44/><F109/><W64/><G134/><T110/><D110/><U13/><E13/><V96/><F133/><W42/><G42/><N who="0" m="22743" /><D92/><U120/><E127/><V4/><F57/><W91/><G19/><T43/><D43/><U132/><E132/><V129/><F129/><W36/><G36/><T37/><D37/><U71/><E120/><V49/><F39/><W90/><G90/><T74/><D5/><U27/><E81/><V24/><REACH who="2" step="1"/><F0/><REACH who="2" ten="277,239,232,222" step="2"/><W123/><G123/><T135/><D135/><U69/><E71/><V122/><F122/><W112/><G112/><T88/><D1/><U78/><E78/><V116/><F116/><W124/><G124/><T59/><D2/><U29/><REACH who="1" step="1"/><E34/><REACH who="1" ten="277,229,232,222" step="2"/><V8/><F8/><W83/><G68/><T20/><D77/><U48/><E48/><V58/><F58/><W128/><G128/><T3/><D59/><U121/><E121/><V95/><F95/><W102/><G32/><T85/><D3/><U31/><AGARI ba="1,4" hai="21,26,27,29,31,33,47,50,53,60,67,69,101,103" machi="31" ten="20,2700,0" yaku="1,1,0,1,7,1,53,0" doraHai="80" doraHaiUra="117" who="1" fromWho="1" sc="277,-8,229,70,232,-14,222,-8" /><INIT seed="3,0,0,4,1,116" ten="269,299,218,214" oya="3" hai0="86,49,127,67,50,120,35,7,94,71,102,47,99" hai1="108,41,81,84,55,96,4,123,0,44,110,119,73" hai2="14,8,92,16,85,61,88,103,33,128,129,124,6" hai3="68,46,100,23,13,38,126,45,26,78,117,21,72"/><W63/><G117/><T98/><D35/><U114/><E114/><V58/><F33/><W11/><G38/><T27/><D127/><U40/><E119/><V51/><F124/><W70/><G126/><T76/><D120/><U95/><E73/><V56/><F103/><W64/><G70/><T36/><D7/><U39/><E41/><V37/><F37/><W62/><G100/><T107/><D27/><U82/><E82/><V111/><F111/><W48/><G78/><T57/><D71/><U29/><E29/><V31/><F31/><W59/><G72/><T10/><D10/><U131/><E131/><N who="2" m="50251" /><F51/><W118/><G118/><T101/><D36/><U1/><E55/><N who="2" m="33951" /><F58/><W74/><G74/><T91/><D76/><U25/><E110/><V130/><N who="2" m="50259" /><V83/><DORA hai="2" /><F83/><W104/><G104/><T133/><D133/><U125/><E81/><V121/><F121/><W90/><G90/><T5/><D5/><AGARI ba="0,0" hai="5,6,8,14,16,85,88,92" m="33951,50259" machi="5" ten="40,8000,1" yaku="19,1,52,2,54,2" doraHai="116,2" who="2" fromWho="0" sc="269,-80,299,0,218,80,214,0" /><INIT seed="4,0,0,1,1,33" ten="189,299,298,214" oya="0" hai0="75,69,109,70,1,99,29,135,22,90,91,11,105" hai1="17,24,87,101,133,132,0,88,20,95,14,37,44" hai2="9,118,121,35,19,82,92,130,93,8,48,83,47" hai3="2,58,122,54,64,49,21,86,72,10,73,85,60"/><T97/><D75/><U126/><E126/><V107/><F121/><W16/><G122/><T23/><D135/><N who="1" m="51787" /><E101/><V68/><F107/><W36/><G36/><T113/><D113/><U119/><E119/><V50/><F68/><W114/><G114/><T96/><D105/><U40/><E14/><V57/><F35/><W131/><G131/><T84/><D109/><U52/><E52/><N who="2" m="31879" /><F130/><W46/><G73/><T74/><D74/><U103/><E103/><V94/><F118/><W78/><G72/><T28/><D11/><N who="2" m="4170" /><F19/><W45/><G78/><T124/><D84/><U41/><E40/><AGARI ba="0,0" hai="40,47,50,82,83,92,93,94" m="4170,31879" machi="40" ten="30,2000,0" yaku="8,1,54,1" doraHai="33" who="2" fromWho="1" sc="189,0,299,-20,298,20,214,0" /><INIT seed="5,0,0,0,2,106" ten="189,279,318,214" oya="1" hai0="23,131,126,79,108,123,54,98,120,49,7,24,83" hai1="86,33,111,107,105,19,61,52,55,8,115,40,37" hai2="51,30,9,10,13,4,122,112,113,44,133,48,118" hai3="73,2,62,135,35,78,18,82,15,21,60,31,87"/><U121/><E121/><V134/><F122/><W68/><G135/><N who="2" m="51721" /><F118/><W94/><G68/><T116/><D108/><U66/><E111/><V59/><F30/><W43/><G2/><T17/><D116/><U99/><E33/><V119/><F119/><W69/><G69/><T76/><D131/><U45/><E115/><N who="2" m="44107" /><F44/><W96/><G31/><T117/><D117/><U75/><E75/><V101/><F101/><W28/><G87/><T64/><D126/><U26/><E86/><V36/><F36/><W114/><G114/><T84/><D64/><U110/><E110/><V22/><F22/><W1/><G1/><T102/><D7/><U74/><E74/><V80/><F80/><W132/><G132/><T29/><D79/><U14/><E26/><V16/><F59/><W5/><G5/><T27/><D27/><U77/><E77/><V72/><F72/><W32/><G43/><T95/><REACH who="0" step="1"/><D29/><REACH who="0" ten="179,279,318,214" step="2"/><U90/><E107/><V129/><F129/><W3/><G3/><AGARI ba="0,1" hai="3,4,9,10,13,16,48,51" m="44107,51721" machi="3" ten="30,7700,0" yaku="20,1,15,1,11,1,54,1" doraHai="106" who="2" fromWho="3" sc="179,0,279,0,318,87,214,-77" /><INIT seed="6,0,0,2,0,99" ten="179,279,405,137" oya="2" hai0="82,16,20,37,21,14,4,8,124,27,117,1,42" hai1="13,32,9,45,112,5,70,64,52,134,50,102,95" hai2="10,47,121,135,104,19,79,87,40,11,28,73,49" hai3="46,123,23,38,115,0,30,71,101,35,62,85,89"/><V127/><F121/><W125/><G123/><T119/><D82/><U128/><E32/><V126/><F73/><W114/><G0/><T98/><D124/><N who="2" m="47658" /><F135/><W63/><G125/><T56/><D56/><U113/><E134/><V39/><F104/><W55/><G35/><T2/><D42/><U15/><E128/><V108/><F108/><W129/><G129/><T24/><D37/><U131/><E131/><V76/><F28/><W31/><G71/><T111/><D98/><N who="1" m="59743" /><E70/><V44/><F87/><W103/><G63/><T97/><D97/><U22/><E64/><V100/><F100/><N who="3" m="38475" /><G62/><T88/><D88/><U83/><E83/><V78/><F19/><W59/><G23/><T25/><D111/><U84/><E84/><V81/><F81/><N who="3" m="49327" /><G38/><T54/><D21/><U86/><E86/><V26/><F26/><N who="0" m="10346" /><D54/><AGARI ba="0,0" hai="10,11,39,40,44,47,49,54,76,78,79" m="47658" machi="54" ten="30,1500,0" yaku="18,1" doraHai="99" who="2" fromWho="0" sc="179,-15,279,0,405,15,137,0" /><INIT seed="6,1,0,5,1,101" ten="164,279,420,137" oya="2" hai0="37,6,46,131,77,60,16,116,70,61,1,71,28" hai1="53,55,38,65,127,67,89,15,30,40,78,81,7" hai2="22,11,102,122,74,24,39,18,107,41,52,62,98" hai3="4,32,79,85,68,66,125,104,8,132,27,97,42"/><V35/><F122/><W118/><G118/><T19/><D116/><U75/><E127/><V110/><F74/><W0/><G125/><T91/><D28/><U88/><E30/><V13/><F35/><W114/><G132/><T12/><D77/><U14/><E38/><V135/><F135/><W29/><G42/><T3/><D6/><U49/><E40/><V5/><F110/><W109/><G109/><T113/><D113/><U90/><E55/><V130/><F130/><W36/><G36/><T119/><D37/><U23/><E23/><V82/><F82/><W59/><G59/><T133/><D119/><U124/><E124/><V103/><F103/><N who="3" m="62575" /><G85/><T25/><D133/><U54/><E54/><V64/><F52/><W100/><G100/><T108/><D108/><U10/><REACH who="1" step="1"/><E14/><REACH who="1" ten="164,269,420,137" step="2"/><V57/><F39/><W76/><G114/><T2/><D12/><U92/><E92/><V21/><F41/><W106/><G106/><T134/><D134/><U93/><E93/><V45/><F22/><W105/><G105/><T20/><D20/><U96/><E96/><V117/><F117/><W17/><G17/><T80/><D16/><U95/><E95/><V69/><REACH who="2" step="1"/><F45/><AGARI ba="1,1" hai="7,10,15,45,49,53,65,67,75,78,81,88,89,90" machi="45" ten="40,2600,0" yaku="1,1,54,1,53,0" doraHai="101" doraHaiUra="33" who="1" fromWho="2" sc="164,0,269,39,420,-29,137,0" /><INIT seed="7,0,0,2,4,40" ten="164,308,391,137" oya="3" hai0="7,21,132,84,71,51,41,4,112,19,94,39,77" hai1="62,89,121,24,122,65,111,46,50,74,81,68,127" hai2="97,93,49,55,37,115,125,129,75,43,86,8,23" hai3="26,133,13,88,9,79,110,130,35,3,67,66,47"/><W30/><G130/><T6/><D71/><U0/><E111/><V48/><F75/><W11/><G110/><T28/><D39/><U64/><E64/><V31/><F37/><W5/><G133/><T70/><D70/><U60/><E60/><V33/><F33/><W73/><G73/><T36/><D36/><U59/><E68/><V109/><F109/><W107/><G79/><T29/><D132/><U32/><E0/><V56/><F129/><W118/><G107/><T18/><D112/><U131/><E131/><V119/><F119/><W1/><G118/><T61/><D61/><U38/><E38/><V34/><F34/><W99/><G47/><N who="0" m="26095" /><D19/><U120/><E127/><V135/><F135/><W63/><G63/><T22/><D22/><U12/><E74/><V114/><F125/><W101/><G3/><T2/><D2/><U85/><E12/><V54/><F114/><W100/><G67/><T128/><D128/><U10/><E10/><V124/><F115/><W15/><G66/><T108/><D108/><U87/><E24/><N who="2" m="16799" /><F124/><W106/><G1/><T90/><D77/><U17/><E62/><V102/><F8/><W96/><G11/><T83/><D83/><U57/><E81/><V91/><F43/><W78/><G78/><T44/><D44/><U42/><E46/><N who="2" m="27927" /><F102/><W105/><G13/><AGARI ba="0,0" hai="4,6,7,13,18,21,28,29,84,90,94" m="26095" machi="13" ten="30,2000,0" yaku="8,1,52,1" doraHai="40" who="0" fromWho="3" sc="164,20,308,0,391,0,137,-20" owari="184,-21.6,308,10.8,391,49.1,117,-38.3" /></mjloggm>