<mjloggm ver="2.3"><GO type="169" lobby="0"/><UN n0="%E8%9E%8D" n1="%E3%82%AB%E3%83%AB%E3%83%94%E3%82%B9%E3%82%B5%E3%83%AF%E3%83%BC" n2="%74%6F%72%69%30%36%31%32" n3="%E5%85%A9%E5%84%80%E4%B8%B6%E5%BC%8F" dan="18,17,18,16" rate="2187.36,2205.57,2167.76,2139.72" sx="M,M,M,M"/><TAIKYOKU oya="0"/><INIT seed="0,0,0,4,4,18" ten="250,250,250,250" oya="0" hai0="116,13,34,45,46,83,32,122,75,62,4,80,44" hai1="72,33,19,87,128,37,109,107,118,96,12,5,67" hai2="36,26,41,21,81,59,94,22,70,108,63,0,40" hai3="111,85,3,11,43,55,102,42,1,119,71,88,27"/><T24/><D116/><U77/><E118/><V110/><F70/><W23/><G119/><T38/><D122/><U105/><E37/><V112/><F0/><W57/><G71/><T7/><D38/><U135/><E33/><V93/><F81/><W101/><G111/><N who="2" m="42537" /><F112/><W54/><G11/><T99/><D99/><U91/><E109/><V98/><F94/><N who="3" m="54543" /><G3/><T132/><D62/><U47/><E5/><V130/><F130/><W25/><G1/><T58/><D58/><U104/><E128/><V39/><F39/><W17/><G27/><T69/><D46/><U117/><E117/><V35/><F35/><W129/><G129/><T61/><D24/><U115/><E47/><N who="2" m="23943" /><F41/><N who="3" m="15371" /><G55/><T79/><D69/><U29/><E115/><V76/><F76/><W90/><G90/><T82/><D79/><U92/><E91/><N who="2" m="55615" /><F26/><W84/><G84/><T121/><D34/><U15/><E87/><V120/><F120/><W97/><G97/><T113/><D121/><U48/><E96/><V106/><F106/><W114/><G114/><T133/><D32/><U8/><E104/><V126/><F126/><W10/><G10/><T14/><D113/><U9/><E105/><V28/><F28/><W74/><G74/><T124/><D75/><U100/><E72/><V30/><F30/><W56/><G56/><T131/><D131/><U64/><E29/><V78/><F78/><W65/><G65/><AGARI ba="0,0" hai="21,22,59,63,65" m="55615,23943,42537" machi="65" ten="30,3900,0" yaku="14,1,52,2" doraHai="18" who="2" fromWho="3" sc="250,0,250,0,250,39,250,-39" /><INIT seed="1,0,0,0,4,56" ten="250,250,289,211" oya="1" hai0="120,115,72,92,60,62,17,50,61,74,114,110,48" hai1="96,105,54,133,36,34,108,51,118,10,2,57,63" hai2="53,55,134,93,66,16,112,80,5,117,75,3,91" hai3="128,77,125,116,70,12,82,15,98,122,90,25,0"/><U95/><E118/><V71/><F117/><W28/><G122/><T43/><D120/><U47/><E34/><V94/><F3/><W31/><G116/><T19/><D43/><U68/><E105/><V121/><F5/><W130/><G0/><T107/><D92/><U49/><E133/><V76/><F94/><N who="3" m="56663" /><G70/><T73/><D107/><U42/><E108/><V113/><F134/><W109/><G109/><T69/><D69/><U126/><E126/><V65/><F121/><W32/><G28/><T52/><D110/><U88/><REACH who="1" step="1"/><E68/><REACH who="1" ten="250,240,289,211" step="2"/><V79/><F71/><W97/><G125/><T111/><D111/><U85/><E85/><V83/><F113/><W38/><G97/><T29/><D114/><U39/><E39/><V81/><F112/><W102/><G38/><T35/><D115/><U87/><E87/><V84/><F75/><N who="3" m="43327" /><G102/><T46/><REACH who="0" step="1"/><D48/><REACH who="0" ten="240,240,289,211" step="2"/><U123/><E123/><V64/><F79/><W26/><G130/><T23/><D23/><U124/><E124/><V78/><F78/><W37/><G128/><T4/><D4/><AGARI ba="0,2" hai="2,4,10,36,42,47,49,51,54,57,63,88,95,96" machi="4" ten="40,7700,0" yaku="1,1,52,1,54,1,53,0" doraHai="56" doraHaiUra="67" who="1" fromWho="0" sc="240,-77,240,97,289,0,211,0" /><INIT seed="1,1,0,5,4,3" ten="163,337,289,211" oya="1" hai0="52,134,92,54,22,96,118,63,76,9,49,127,55" hai1="129,67,78,64,98,110,82,16,58,5,62,88,65" hai2="56,32,84,39,95,12,41,50,104,28,29,128,73" hai3="97,133,40,121,115,117,2,103,102,135,23,83,44"/><U108/><E129/><V47/><F104/><W38/><G115/><T46/><D127/><U31/><E31/><V26/><F73/><W119/><G121/><T85/><D134/><N who="3" m="51209" /><G2/><T116/><D116/><N who="3" m="44617" /><G23/><T113/><D113/><U120/><E120/><V107/><F107/><N who="3" m="63951" /><G103/><T53/><D118/><U35/><E35/><V80/><F29/><W101/><G101/><T8/><D63/><U33/><E33/><V1/><F1/><W68/><G83/><N who="0" m="47335" /><D22/><U7/><E65/><V111/><F80/><W30/><G30/><T81/><D81/><U71/><E67/><V66/><F66/><W59/><G59/><T48/><D48/><U74/><E58/><V25/><F56/><W57/><G57/><T15/><D15/><U19/><E108/><V34/><F111/><W77/><G77/><T79/><D79/><U4/><REACH who="1" step="1"/><E110/><REACH who="1" ten="163,327,289,211" step="2"/><V37/><F32/><W17/><G68/><T126/><D126/><U114/><E114/><V93/><F28/><W89/><G44/><T105/><D105/><U43/><E43/><V27/><F34/><W86/><G40/><T24/><D24/><U11/><E11/><V94/><F27/><W61/><G61/><T13/><D8/><U72/><E72/><V90/><F26/><W60/><G60/><T100/><D54/><U124/><E124/><V109/><F109/><W21/><G21/><T70/><D70/><U122/><E122/><V99/><F25/><W36/><G36/><T87/><D55/><U91/><E91/><V112/><F112/><W10/><G38/><N who="2" m="14345" /><F41/><W6/><G10/><T18/><D53/><U42/><E42/><RYUUKYOKU ba="1,1" sc="163,15,327,15,289,-15,211,-15" hai0="9,13,18,46,49,52,87,92,96,100" hai1="4,5,7,16,19,62,64,71,74,78,82,88,98" /><INIT seed="1,2,1,0,5,30" ten="178,342,274,196" oya="1" hai0="47,38,60,7,121,40,19,69,123,24,99,111,120" hai1="26,125,31,39,96,28,32,57,70,20,12,84,115" hai2="34,25,75,119,35,15,16,33,134,22,54,46,21" hai3="0,116,52,93,53,11,126,112,77,10,49,108,127"/><U5/><E115/><V92/><F75/><W129/><G112/><T118/><D118/><U3/><E70/><V109/><F119/><W1/><G116/><T106/><D111/><U117/><E117/><V36/><F109/><W27/><G108/><T133/><D133/><U90/><E39/><V50/><F134/><W63/><G77/><T61/><D7/><U66/><E125/><N who="3" m="47626" /><G129/><T83/><D69/><U102/><E3/><N who="3" m="1098" /><G93/><T104/><D83/><U114/><E114/><V74/><F74/><W13/><G27/><T98/><D19/><U41/><E41/><V124/><F124/><W48/><G63/><N who="0" m="24139" /><D24/><U37/><E26/><V67/><F36/><W44/><G13/><T8/><D8/><U29/><E12/><V82/><F82/><W2/><N who="3" m="1106" /><W76/><DORA hai="91" /><G76/><T78/><D78/><U87/><E37/><V88/><F67/><W51/><G51/><T107/><AGARI ba="2,1" hai="38,40,47,98,99,104,106,107,120,121,123" m="24139" machi="107" ten="40,1500,0" yaku="13,1" doraHai="30,91" who="0" fromWho="0" sc="178,31,342,-9,274,-6,196,-6" /><INIT seed="2,0,0,0,5,124" ten="209,333,268,190" oya="2" hai0="132,20,15,46,79,55,48,112,71,11,17,86,92" hai1="29,76,129,117,58,33,77,73,105,13,121,22,62" hai2="82,85,64,119,101,103,116,23,12,84,9,31,65" hai3="25,59,51,118,24,96,93,100,134,53,54,68,28"/><V7/><F116/><W45/><G134/><T131/><D112/><U34/><E117/><V74/><F74/><W50/><G118/><T8/><D71/><U135/><E105/><V10/><F119/><W56/><G68/><T88/><D132/><U99/><E135/><V5/><F23/><W30/><REACH who="3" step="1"/><G45/><REACH who="3" ten="209,333,268,180" step="2"/><T44/><D131/><U69/><E69/><V47/><F47/><W1/><G1/><T36/><REACH who="0" step="1"/><D79/><REACH who="0" ten="199,333,268,180" step="2"/><U110/><E77/><V70/><F70/><W87/><G87/><T125/><D125/><U40/><E76/><V26/><F85/><W83/><G83/><T61/><D61/><U128/><E62/><V98/><F84/><W81/><G81/><T43/><AGARI ba="0,2" hai="8,11,15,17,20,36,43,44,46,48,55,86,88,92" machi="43" ten="30,7900,0" yaku="1,1,0,1,54,1,53,1" doraHai="124" doraHaiUra="39" who="0" fromWho="0" sc="199,99,333,-20,268,-39,180,-20" /><INIT seed="3,0,0,0,2,55" ten="298,313,229,160" oya="3" hai0="88,120,49,34,0,96,25,102,9,20,38,86,103" hai1="42,12,128,125,132,72,135,26,95,114,81,6,51" hai2="134,27,32,43,31,122,94,54,121,45,99,93,56" hai3="8,127,11,105,129,89,62,84,47,124,64,90,35"/><W53/><G35/><T98/><D38/><U29/><E114/><V65/><F65/><W116/><G105/><T23/><D120/><N who="2" m="46186" /><F134/><N who="1" m="51241" /><E95/><V60/><F99/><W17/><G116/><T57/><D0/><U52/><E42/><V2/><F2/><W1/><G129/><T7/><D9/><N who="1" m="4151" /><E125/><N who="3" m="48202" /><G1/><T87/><D7/><U10/><E10/><N who="3" m="3626" /><G17/><T131/><D131/><U37/><E37/><AGARI ba="0,0" hai="27,31,32,37,43,45,54,56,60,93,94" m="46186" machi="37" ten="30,2000,0" yaku="13,1,52,1" doraHai="55" who="2" fromWho="1" sc="298,0,313,-20,229,20,160,0" /><INIT seed="4,0,0,3,5,84" ten="298,293,249,160" oya="0" hai0="56,41,3,125,7,94,4,61,22,73,5,42,74" hai1="123,108,34,6,83,95,36,79,43,88,50,69,59" hai2="12,99,133,82,24,38,129,52,1,86,77,107,47" hai3="111,134,135,37,8,20,101,92,29,76,16,114,53"/><T91/><D3/><U23/><E108/><V66/><F1/><W18/><G111/><T109/><D109/><U46/><E34/><V45/><F129/><W39/><G76/><T80/><D125/><U87/><E123/><V13/><F133/><N who="3" m="50699" /><G29/><T67/><D80/><U122/><E122/><V112/><F66/><W93/><G114/><T17/><D73/><U2/><E69/><V21/><F38/><N who="3" m="14347" /><G53/><T115/><D74/><U9/><E23/><V116/><F116/><W11/><G101/><T19/><D19/><N who="3" m="7209" /><G20/><T60/><D115/><U40/><E40/><V113/><F112/><W63/><G63/><T89/><D61/><U126/><E126/><V27/><F113/><W25/><G25/><T90/><D94/><AGARI ba="0,0" hai="8,11,92,93,94" m="7209,14347,50699" machi="94" ten="40,8000,1" yaku="28,2,20,1,54,1" doraHai="84" who="3" fromWho="0" sc="298,-80,293,0,249,0,160,80" /><INIT seed="5,0,0,4,5,42" ten="218,293,249,240" oya="1" hai0="57,53,28,84,43,4,60,126,61,131,85,63,18" hai1="101,31,78,108,73,118,113,134,24,115,133,3,98" hai2="65,119,16,105,97,86,41,83,120,45,46,58,13" hai3="62,39,59,9,12,35,26,10,32,102,48,123,93"/><U49/><E3/><V81/><F120/><W114/><G123/><T96/><D131/><U127/><E49/><V23/><F119/><W11/><G39/><T72/><D72/><U129/><E24/><V8/><F105/><W90/><G114/><N who="1" m="43530" /><E31/><V25/><F97/><W21/><G102/><T22/><D126/><U74/><E118/><V30/><F83/><W69/><G69/><T66/><D4/><U56/><E56/><V132/><F132/><N who="1" m="50793" /><E129/><V29/><F29/><W117/><G48/><T33/><D28/><U125/><E108/><V40/><F40/><W110/><G110/><T75/><D33/><U112/><N who="1" m="43538" /><U76/><DORA hai="116" /><E73/><V17/><F30/><W47/><G35/><T14/><D75/><U36/><E36/><V5/><F41/><W122/><G32/><T79/><D43/><U51/><E51/><V1/><F58/><W124/><G59/><T34/><D34/><U50/><E50/><V77/><F65/><W15/><G117/><T55/><D66/><U71/><E71/><V100/><F100/><W7/><G26/><T92/><D57/><U20/><E20/><AGARI ba="0,0" hai="1,5,8,13,16,17,20,23,25,45,46,77,81,86" machi="20" ten="30,7700,0" yaku="7,1,52,2,54,1" doraHai="42,116" who="2" fromWho="1" sc="218,0,293,-77,249,77,240,0" /><INIT seed="6,0,0,5,2,67" ten="218,216,326,240" oya="2" hai0="24,33,53,106,76,80,48,94,65,88,17,18,25" hai1="115,22,126,50,99,135,64,14,68,72,27,43,102" hai2="34,69,3,113,114,28,104,38,112,36,0,41,111" hai3="15,2,30,107,105,66,21,61,10,60,46,81,121"/><V120/><F120/><W128/><G121/><T93/><D106/><U103/><E72/><V58/><F58/><W16/><G128/><T74/><D94/><U63/><E115/><V6/><F6/><W40/><G61/><T19/><D33/><U130/><E130/><V124/><F41/><W47/><G81/><T35/><D35/><U32/><E126/><V45/><F45/><W75/><G75/><T100/><D100/><U71/><E135/><V84/><F84/><W23/><G47/><T91/><D91/><U44/><E32/><V37/><F111/><W62/><G62/><T59/><REACH who="0" step="1"/><D65/><REACH who="0" ten="208,216,326,240" step="2"/><U131/><E131/><V73/><F104/><W95/><G107/><T70/><D70/><U96/><E71/><V5/><F69/><W89/><G105/><T42/><D42/><U26/><E102/><V79/><F124/><W1/><G40/><T110/><D110/><U7/><E103/><V9/><F113/><W82/><G95/><T86/><AGARI ba="0,1" hai="17,18,19,24,25,48,53,59,74,76,80,86,88,93" machi="86" ten="30,4000,0" yaku="1,1,0,1,54,1,53,0" doraHai="67" doraHaiUra="134" who="0" fromWho="0" sc="208,50,216,-10,326,-20,240,-10" /><INIT seed="7,0,0,0,1,25" ten="258,206,306,230" oya="3" hai0="17,16,62,19,106,102,94,33,14,89,51,60,13" hai1="48,104,57,99,126,31,134,69,85,100,115,66,37" hai2="36,78,114,91,40,79,27,135,128,59,7,110,111" hai3="58,47,54,68,53,34,39,32,129,43,93,75,24"/><W122/><G122/><T132/><D106/><U61/><E115/><V0/><F114/><W127/><G75/><T55/><D33/><U83/><E126/><V45/><F128/><W26/><G127/><T96/><D102/><U2/><E134/><V133/><F91/><W113/><G113/><T15/><REACH who="0" step="1"/><D132/><REACH who="0" ten="248,206,306,230" step="2"/><U4/><E37/><N who="2" m="21647" /><F135/><W92/><G32/><T67/><D67/><U20/><E2/><V77/><F36/><W88/><G34/><T35/><D35/><U118/><E118/><V121/><F0/><W44/><G39/><T82/><D82/><U10/><E4/><V107/><F107/><W116/><G116/><T22/><D22/><U3/><E3/><V8/><F7/><W12/><G129/><T120/><D120/><U52/><E10/><V9/><F8/><W97/><G93/><T41/><D41/><U46/><E20/><V28/><F9/><W80/><G80/><T56/><AGARI ba="0,1" hai="13,14,15,16,17,19,51,55,56,60,62,89,94,96" machi="56" ten="30,7900,0" yaku="1,1,0,1,8,1,54,1,53,0" doraHai="25" doraHaiUra="131" who="0" fromWho="0" sc="248,89,206,-20,306,-20,230,-39" owari="337,43.7,186,-31.4,286,8.6,191,-20.9" /></mjloggm>