<mjloggm ver="2.3"><GO type="169" lobby="0"/><UN n0="%E3%83%8F%E3%83%B3%E3%83%81%E3%83%A7%E3%82%A6%E5%A4%A7%E6%A7%BB" n1="%E2%91%A3%E3%82%BB%E3%83%B3%E3%83%81" n2="%E6%A2%85%E8%8E%89" n3="%E3%81%B5%E3%81%8B" dan="16,18,18,17" rate="2105.60,2314.61,2220.94,2225.35" sx="M,M,F,M"/><TAIKYOKU oya="0"/><INIT seed="0,0,0,1,4,112" ten="250,250,250,250" oya="0" hai0="97,0,3,61,45,28,21,24,76,59,114,98,8" hai1="75,31,35,81,22,95,86,103,49,43,2,111,38" hai2="67,9,18,51,93,108,66,58,100,106,19,25,27" hai3="124,84,6,15,60,33,135,83,119,37,10,107,5"/><T117/><D114/><U96/><E2/><V134/><F106/><W71/><G37/><T120/><D120/><U52/><E35/><V92/><F108/><W23/><G33/><T4/><D3/><U42/><E38/><V50/><F58/><W128/><G107/><T127/><D127/><U55/><E75/><V89/><F89/><W80/><G124/><T13/><D76/><U1/><E1/><V41/><F9/><W40/><G40/><T90/><D117/><U115/><E55/><V12/><F12/><W121/><G121/><T105/><D105/><U54/><E54/><V30/><F41/><W47/><G47/><T17/><D90/><U26/><E111/><V99/><F99/><W74/><G5/><T133/><D133/><U110/><E110/><V14/><F14/><W46/><G46/><T132/><D132/><U64/><E64/><V82/><F134/><W91/><G135/><T109/><D45/><N who="1" m="27695" /><E115/><V88/><F88/><AGARI ba="0,0" hai="22,26,31,42,43,81,86,88,95,96,103" m="27695" machi="88" ten="30,3900,0" yaku="8,1,54,2" doraHai="112" who="1" fromWho="2" sc="250,0,250,39,250,-39,250,0" /><INIT seed="1,0,0,0,5,93" ten="250,289,211,250" oya="1" hai0="12,54,11,41,25,71,4,87,98,40,128,70,61" hai1="45,122,83,107,118,91,39,20,65,85,114,14,30" hai2="2,112,52,5,23,15,38,105,135,89,57,129,24" hai3="126,50,117,19,18,9,90,133,69,74,21,127,37"/><U29/><E114/><V22/><F105/><W102/><G37/><T35/><D128/><U67/><E107/><V62/><F38/><W3/><G69/><T34/><D34/><U32/><E118/><V132/><F129/><W59/><G74/><T130/><D130/><U31/><E32/><V68/><F112/><W99/><G117/><T96/><D71/><U113/><E122/><V82/><F2/><W101/><G133/><N who="2" m="51273" /><F68/><W33/><G33/><T66/><D54/><U49/><E39/><V46/><F46/><W116/><G116/><T97/><REACH who="0" step="1"/><D87/><REACH who="0" ten="240,289,211,250" step="2"/><U73/><E113/><V134/><F134/><W17/><G126/><T36/><D36/><U58/><E73/><V103/><F103/><W121/><G102/><T0/><D0/><U72/><E72/><V26/><F15/><W63/><G101/><T119/><D119/><U42/><E58/><V78/><F26/><W79/><G3/><T84/><D84/><U28/><E14/><V10/><F24/><AGARI ba="0,1" hai="20,24,28,29,30,31,42,45,49,65,67,83,85,91" machi="24" ten="40,2000,0" yaku="8,1" doraHai="93" who="1" fromWho="2" sc="240,0,289,30,211,-20,250,0" /><INIT seed="1,1,0,0,4,47" ten="240,319,191,250" oya="1" hai0="30,78,135,66,89,19,21,85,18,75,96,126,88" hai1="49,108,8,39,59,71,44,60,94,72,11,48,109" hai2="51,40,58,14,105,35,53,41,123,46,113,67,10" hai3="112,110,23,27,56,29,80,131,50,65,117,20,90"/><U2/><E72/><V77/><F123/><W25/><G112/><T118/><D118/><U4/><E71/><V70/><F105/><W64/><G117/><T61/><D135/><U114/><E114/><V124/><F35/><W22/><G110/><N who="1" m="42602" /><E94/><V119/><F119/><W57/><G131/><T98/><D126/><U81/><E81/><V69/><F113/><W83/><G22/><T15/><D75/><U102/><E102/><V9/><F77/><W45/><G90/><T95/><D78/><U120/><E120/><V26/><F26/><W125/><G125/><T0/><D0/><U116/><E116/><V115/><F115/><W133/><G133/><T63/><D30/><U43/><E11/><V76/><F76/><W1/><G1/><T36/><D36/><U28/><E28/><V132/><F132/><W86/><G86/><T104/><D104/><U73/><E73/><V62/><F124/><W16/><G80/><T42/><D42/><N who="2" m="16490" /><F9/><W12/><G83/><T34/><D34/><U107/><E107/><V3/><F3/><W32/><G32/><T128/><D128/><U122/><E122/><V129/><F129/><W55/><G27/><T101/><D66/><AGARI ba="1,0" hai="2,4,8,39,43,44,48,49,59,60,66" m="42602" machi="66" ten="30,11600,0" yaku="14,1,10,1,52,2" doraHai="47" who="1" fromWho="0" sc="240,-119,319,119,191,0,250,0" /><AGARI ba="1,0" hai="12,16,20,23,25,29,45,50,55,56,57,64,65,66" machi="66" ten="40,5200,0" yaku="8,1,52,1,54,1" doraHai="47" who="3" fromWho="0" sc="121,-52,438,0,191,0,250,52" /><INIT seed="1,2,0,5,1,13" ten="69,438,191,302" oya="1" hai0="113,103,47,134,99,129,89,92,29,68,116,37,42" hai1="28,96,119,70,77,43,2,5,97,102,22,38,48" hai2="11,83,18,40,100,78,9,30,117,8,33,115,16" hai3="111,126,54,94,95,79,82,72,112,45,66,109,107"/><U1/><E119/><V44/><F117/><W3/><G3/><T80/><D113/><U65/><E38/><V63/><F115/><W4/><G112/><T85/><D116/><U128/><E77/><V57/><F100/><W62/><G107/><T86/><D68/><U46/><E97/><V25/><F57/><N who="3" m="37199" /><G4/><T12/><D129/><U118/><E118/><V69/><F63/><W108/><G126/><T64/><D64/><U31/><E31/><V101/><F101/><W7/><G7/><T34/><D134/><U55/><E5/><V58/><F58/><W61/><G61/><T20/><D34/><U123/><E123/><V0/><F0/><W110/><G110/><T106/><D106/><U121/><E121/><V53/><F53/><W36/><G54/><T114/><D114/><U104/><E128/><V88/><F69/><W56/><G56/><T67/><D67/><U105/><E105/><V124/><F88/><W21/><G21/><T127/><D127/><U32/><E22/><V120/><F120/><W122/><G122/><T74/><D74/><U98/><E55/><V19/><F124/><W17/><G17/><T52/><D52/><U24/><E98/><V60/><F60/><AGARI ba="2,0" hai="1,2,24,28,32,43,46,48,60,65,70,96,102,104" machi="60" ten="40,3900,0" yaku="25,2" doraHai="13" who="1" fromWho="2" sc="69,0,438,45,191,-45,302,0" /><INIT seed="1,3,0,4,0,132" ten="69,483,146,302" oya="1" hai0="25,125,66,7,90,8,38,54,23,37,41,60,88" hai1="12,76,2,21,59,16,114,67,94,106,121,70,30" hai2="47,119,103,62,28,80,115,11,27,128,42,4,89" hai3="84,97,93,52,55,33,91,104,87,82,61,117,81"/><U116/><E106/><V18/><F119/><W127/><G33/><T71/><D41/><U68/><E116/><V29/><F128/><W0/><G117/><T14/><D38/><U78/><E114/><V75/><F115/><W129/><G0/><T19/><D37/><U123/><E2/><V83/><F103/><W134/><G134/><T45/><REACH who="0" step="1"/><D125/><REACH who="0" ten="59,483,146,302" step="2"/><U39/><E39/><V56/><F42/><W99/><G127/><T15/><D15/><U110/><E123/><V74/><F27/><W122/><G122/><T50/><AGARI ba="3,1" hai="7,8,14,19,23,25,45,50,54,60,66,71,88,90" machi="50" ten="30,4000,0" yaku="1,1,0,1,54,1,53,0" doraHai="132" doraHaiUra="108" who="0" fromWho="0" sc="59,59,483,-23,146,-13,302,-13" /><INIT seed="2,0,0,5,2,65" ten="118,460,133,289" oya="2" hai0="27,25,134,72,58,105,55,91,70,131,75,95,122" hai1="38,23,68,127,18,17,94,47,121,66,6,37,114" hai2="52,48,119,109,126,3,79,40,31,133,111,16,86" hai3="9,53,28,87,11,12,24,100,85,20,14,32,77"/><V29/><F119/><W50/><G100/><T88/><D122/><U117/><E114/><V130/><F3/><W59/><G32/><T104/><D131/><U124/><E117/><V5/><F130/><W64/><G64/><T21/><D134/><U132/><E6/><V0/><F133/><W97/><G97/><T57/><D21/><U15/><E132/><V128/><F128/><W26/><G26/><T115/><D55/><U107/><E107/><V112/><F112/><W10/><G77/><T62/><D62/><N who="1" m="40023" /><E121/><V2/><F40/><W101/><G101/><T73/><D115/><U34/><E34/><V102/><F102/><W78/><G78/><T56/><D95/><U36/><E94/><V54/><F126/><N who="1" m="48169" /><E18/><V116/><F116/><W120/><G120/><T43/><D43/><AGARI ba="0,0" hai="15,17,23,36,37,38,43,47" m="48169,40023" machi="43" ten="30,2000,0" yaku="18,1,52,1" doraHai="65" who="1" fromWho="0" sc="118,-20,460,20,133,0,289,0" /><INIT seed="3,0,0,1,2,125" ten="98,480,133,289" oya="3" hai0="120,3,87,122,23,25,135,96,119,10,106,7,71" hai1="17,111,19,48,34,69,18,134,41,133,13,67,61" hai2="44,0,121,35,40,124,98,109,52,55,37,24,75" hai3="113,26,80,116,84,32,78,97,108,4,9,130,1"/><W38/><G113/><T42/><D119/><U8/><E34/><V62/><F0/><W36/><G116/><T99/><D71/><U45/><REACH who="1" step="1"/><E111/><REACH who="1" ten="98,470,133,289" step="2"/><V11/><F109/><W47/><G108/><T49/><D122/><U60/><E60/><V43/><F62/><W85/><G32/><T101/><D120/><U14/><E14/><V65/><F35/><W2/><G2/><T129/><D135/><AGARI ba="0,1" hai="8,13,17,18,19,41,45,48,61,67,69,133,134,135" machi="135" ten="40,2600,0" yaku="1,1,20,1,53,0" doraHai="125" doraHaiUra="127" who="1" fromWho="0" sc="98,-26,470,36,133,0,289,0" /><INIT seed="4,0,0,4,4,60" ten="72,506,133,289" oya="0" hai0="102,47,115,122,62,22,30,49,73,0,53,43,134" hai1="31,131,93,40,25,68,70,38,55,118,67,17,105" hai2="78,103,135,92,127,27,132,54,110,65,119,61,101" hai3="35,107,33,46,26,72,20,75,79,90,10,64,28"/><T113/><D122/><U125/><E105/><V11/><F110/><W52/><G107/><T21/><D0/><U63/><E118/><V117/><F127/><W48/><G90/><T116/><D116/><N who="2" m="44618" /><F78/><W83/><G72/><T84/><D73/><U128/><E125/><V13/><F54/><W104/><G104/><T15/><D134/><N who="2" m="51242" /><F27/><W112/><G112/><N who="0" m="43083" /><D102/><U76/><E76/><V96/><F96/><W71/><REACH who="3" step="1"/><G10/><REACH who="3" ten="72,506,133,279" step="2"/><T59/><D84/><U85/><E85/><V111/><F111/><W126/><G126/><T8/><D30/><U98/><E31/><V2/><F92/><W16/><G16/><AGARI ba="0,1" hai="8,15,16,21,22,43,47,49,53,59,62" m="43083" machi="16" ten="30,2900,0" yaku="15,1,54,1" doraHai="60" who="0" fromWho="3" sc="72,39,506,0,133,0,279,-29" /><INIT seed="4,1,0,0,5,84" ten="111,506,133,250" oya="0" hai0="122,56,81,61,30,78,96,85,15,29,13,22,2" hai1="112,28,45,133,109,134,3,44,50,94,19,59,116" hai2="119,125,100,101,114,103,48,95,54,82,123,128,130" hai3="92,74,9,65,0,121,135,24,12,77,117,118,11"/><T36/><D36/><U23/><E109/><V14/><F123/><W16/><G65/><T27/><D2/><U51/><E116/><V53/><F119/><N who="3" m="45579" /><G92/><T105/><D122/><U124/><E124/><V4/><F125/><W60/><G60/><T38/><D38/><U57/><E28/><V34/><F34/><W46/><G46/><T40/><D40/><U71/><E3/><V106/><F106/><W80/><G121/><T6/><D6/><U104/><E104/><V66/><F114/><W107/><G107/><T43/><D43/><U75/><E75/><V63/><F82/><W88/><G77/><T129/><D129/><N who="2" m="49770" /><F95/><W99/><G74/><T58/><D30/><U115/><E94/><V21/><F48/><W20/><G0/><T108/><D108/><U91/><E71/><V97/><F97/><W62/><G62/><T49/><D105/><U25/><E51/><V69/><F4/><W64/><G64/><N who="0" m="38951" /><D96/><U7/><E7/><V126/><F126/><W10/><G135/><T68/><D68/><U17/><E50/><V5/><F5/><N who="3" m="3119" /><G99/><T93/><D93/><U79/><E134/><V90/><F69/><W111/><G111/><T41/><D41/><U76/><E133/><V37/><F37/><W31/><G31/><T127/><D127/><U47/><E115/><V120/><F120/><W73/><G73/><T52/><AGARI ba="1,0" hai="13,15,22,27,29,49,52,58,78,81,85" m="38951" machi="52" ten="30,3000,0" yaku="8,1,54,1" doraHai="84" who="0" fromWho="0" sc="111,33,506,-11,133,-11,250,-11" /><INIT seed="4,2,0,5,0,22" ten="144,495,122,239" oya="0" hai0="54,62,90,6,28,87,131,40,123,104,110,4,111" hai1="135,59,68,48,84,33,79,74,92,107,27,57,20" hai2="60,17,132,47,11,58,85,100,14,35,75,43,115" hai3="5,128,102,31,19,101,109,0,81,94,93,32,105"/><T119/><D119/><U66/><E107/><V118/><F35/><W2/><G105/><T63/><D123/><U18/><E74/><V69/><F75/><W8/><G32/><T133/><D40/><U15/><E135/><V91/><F69/><W106/><G106/><T49/><D131/><U50/><E68/><V112/><F132/><W25/><G31/><T80/><D104/><U134/><E134/><V73/><F73/><W72/><G19/><T67/><D133/><U39/><E39/><V117/><F100/><W86/><G72/><T116/><D116/><N who="2" m="44650" /><F91/><W82/><G8/><T24/><D110/><U64/><E33/><V108/><F85/><W38/><G86/><T3/><D3/><U55/><E15/><V77/><F77/><W1/><G1/><T89/><D89/><N who="1" m="53287" /><E79/><V78/><F78/><W36/><G109/><T113/><D111/><U121/><E121/><V125/><F125/><W124/><G124/><T52/><D54/><AGARI ba="2,0" hai="18,20,27,48,50,54,55,57,59,64,66" m="53287" machi="54" ten="30,2000,0" yaku="8,1,52,1" doraHai="22" who="1" fromWho="0" sc="144,-26,495,26,122,0,239,0" /><INIT seed="5,0,0,2,4,86" ten="118,521,122,239" oya="1" hai0="6,113,129,70,125,24,77,2,36,37,34,68,41" hai1="93,134,20,117,80,25,47,116,66,109,58,15,74" hai2="124,97,26,72,46,100,81,45,112,13,28,18,78" hai3="85,82,98,60,43,118,120,91,71,38,106,101,35"/><U8/><E134/><V4/><F4/><W53/><G120/><T119/><D119/><U83/><E109/><V50/><F124/><W51/><G118/><T27/><D125/><U3/><E3/><V0/><F0/><W130/><G130/><T89/><D77/><U9/><E9/><V128/><F50/><W115/><G115/><T54/><D6/><U39/><E39/><V121/><F128/><W107/><G35/><T87/><D2/><U48/><E74/><V42/><F42/><W69/><G107/><T7/><D7/><U10/><E10/><V16/><F112/><W73/><G60/><T104/><D104/><U135/><E135/><V32/><F18/><W131/><G131/><T103/><D103/><U52/><E116/><V133/><F133/><W96/><G96/><T88/><D54/><U59/><E93/><V79/><F79/><W22/><G22/><T57/><D57/><N who="1" m="21515" /><E66/><V67/><F67/><W94/><G38/><T65/><D65/><U17/><E117/><V30/><F30/><AGARI ba="0,0" hai="8,15,17,20,25,30,47,48,52,80,83" m="21515" machi="30" ten="30,2900,0" yaku="8,1,54,1" doraHai="86" who="1" fromWho="2" sc="118,0,521,29,122,-29,239,0" /><INIT seed="5,1,0,0,5,76" ten="118,550,93,239" oya="1" hai0="43,22,24,75,26,117,53,20,131,54,42,30,90" hai1="39,88,132,5,79,10,18,89,60,111,2,112,114" hai2="103,6,93,120,106,85,125,105,115,61,122,130,62" hai3="44,7,34,124,135,46,121,77,116,123,65,13,71"/><U33/><E33/><V28/><F130/><W21/><G34/><T25/><D75/><U86/><E39/><V16/><F125/><W108/><G108/><T70/><D70/><U134/><E111/><V23/><F28/><W127/><G135/><N who="1" m="51754" /><E18/><V69/><F6/><W100/><G116/><T31/><D131/><U82/><E60/><V12/><F115/><AGARI ba="1,0" hai="2,5,10,79,82,86,88,89,112,114,115" m="51754" machi="115" ten="30,11600,0" yaku="15,1,20,1,52,1,54,1" doraHai="76" who="1" fromWho="2" sc="118,0,550,119,93,-119,239,0" owari="118,-28.2,669,76.9,-26,-52.6,239,3.9" /></mjloggm>