<mjloggm ver="2.3"><GO type="169" lobby="0"/><UN n0="%E5%B0%8F%E6%B3%89%E3%83%81%E3%83%AB%E3%83%89%E3%83%AC%E3%83%B3" n1="%E3%81%A8%E3%82%8D%E3%82%8D%E3%81%9D%E3%81%B0" n2="%E3%83%9D%E3%83%B3%E3%83%9D%E3%82%B3%E5%95%86%E4%BA%8B" n3="%74%6F%72%69%30%36%31%32" dan="16,17,16,18" rate="2103.05,2253.85,2161.89,2189.84" sx="M,M,M,M"/><TAIKYOKU oya="0"/><INIT seed="0,0,0,0,4,57" ten="250,250,250,250" oya="0" hai0="9,13,2,3,110,61,107,17,6,96,113,88,128" hai1="130,66,67,21,98,86,111,94,99,91,34,81,48" hai2="10,19,38,22,29,100,132,85,103,50,7,127,135" hai3="65,42,134,28,95,70,108,0,78,104,82,121,31"/><T80/><D113/><U39/><E34/><V72/><F38/><W123/><G104/><T119/><D119/><U20/><E39/><V45/><F72/><W62/><G0/><T14/><D128/><U133/><E111/><V64/><F29/><W126/><G108/><T109/><D109/><U76/><E133/><V16/><F127/><W5/><G5/><T71/><D110/><U27/><E130/><V75/><F75/><W51/><G95/><T90/><D107/><U124/><E124/><V8/><F85/><N who="3" m="48343" /><G134/><N who="2" m="51241" /><F64/><W117/><G117/><T18/><D6/><U118/><E118/><V114/><F19/><W125/><G31/><T115/><D115/><U33/><E33/><V35/><F35/><W53/><G42/><T83/><D96/><U79/><E79/><V84/><F84/><W24/><G24/><T41/><D41/><U87/><E20/><V77/><F77/><W25/><G25/><T74/><D74/><U112/><E112/><V97/><F114/><W101/><G101/><N who="2" m="38985" /><F97/><W23/><G23/><T89/><D83/><U49/><E99/><V44/><F7/><W15/><G28/><T26/><D80/><U92/><E92/><V1/><F1/><W4/><G126/><T120/><D26/><U56/><E98/><V73/><F73/><W60/><G125/><T68/><D120/><N who="3" m="46153" /><G65/><N who="0" m="41007" /><D71/><U37/><E67/><V59/><F8/><N who="3" m="4487" /><G70/><T12/><D9/><U55/><E66/><V47/><F10/><W69/><G69/><T32/><D32/><U93/><E93/><V105/><F105/><W40/><G40/><T43/><D43/><U54/><E94/><RYUUKYOKU ba="0,0" sc="250,15,250,-15,250,-15,250,15" hai0="2,3,12,13,14,17,18,88,89,90" hai3="51,53,60,62" /><INIT seed="0,1,0,0,3,71" ten="265,235,235,265" oya="0" hai0="17,78,84,93,79,96,50,65,38,85,46,108,44" hai1="8,98,86,22,32,97,20,130,119,63,115,6,15" hai2="24,52,3,117,113,11,82,64,68,88,58,95,49" hai3="48,128,13,121,81,2,34,118,4,61,134,107,1"/><T10/><D108/><U77/><E119/><V135/><F113/><W125/><G81/><T9/><D65/><U5/><E32/><V55/><F135/><W14/><G61/><T103/><D38/><U69/><E130/><V28/><F82/><W92/><G48/><T51/><D17/><U102/><E115/><V111/><F111/><W18/><G92/><T67/><D67/><U40/><E69/><V45/><F68/><W76/><G76/><T37/><D37/><U131/><E131/><V0/><F64/><W133/><G107/><T36/><D36/><U90/><E5/><V60/><F11/><N who="0" m="4106" /><D79/><U19/><E77/><V94/><F94/><W105/><G105/><T122/><D122/><U35/><E35/><V87/><REACH who="2" step="1"/><F117/><REACH who="2" ten="265,235,225,265" step="2"/><W12/><G118/><T106/><D106/><U70/><E70/><V41/><F41/><W23/><G128/><T33/><D78/><U109/><E109/><V16/><F16/><W91/><G133/><T47/><D33/><AGARI ba="1,1" hai="0,3,24,28,33,45,49,52,55,58,60,87,88,95" machi="33" ten="30,7700,0" yaku="1,1,7,1,54,2,53,0" doraHai="71" doraHaiUra="110" who="2" fromWho="0" sc="265,-80,235,0,225,90,265,0" /><INIT seed="1,0,0,3,3,23" ten="185,235,315,265" oya="1" hai0="56,86,93,116,0,22,81,79,8,63,1,70,107" hai1="19,59,74,5,91,14,12,47,113,127,119,112,49" hai2="51,88,65,15,13,124,128,115,20,57,80,118,126" hai3="90,18,37,69,40,67,34,7,121,125,71,35,92"/><U68/><E68/><V103/><F118/><W25/><G121/><T99/><D116/><U132/><E119/><V9/><F128/><W32/><G7/><T6/><D70/><U60/><E74/><V111/><F111/><W135/><G125/><T26/><D107/><U2/><E2/><V101/><F115/><W87/><G135/><T77/><D77/><U105/><E105/><V10/><F20/><W4/><G4/><T78/><D78/><U61/><E127/><N who="2" m="48683" /><F65/><W24/><G18/><T130/><D130/><U48/><E132/><V84/><F15/><W110/><G110/><T129/><D129/><U134/><E134/><V11/><F13/><W94/><G71/><T43/><D43/><U72/><E72/><V50/><F57/><W95/><G40/><T85/><D85/><U108/><E108/><V31/><F31/><W17/><G17/><T114/><D114/><U39/><E113/><V102/><AGARI ba="0,0" hai="9,10,11,50,51,80,84,88,101,102,103" m="48683" machi="102" ten="40,2700,0" yaku="18,1,54,1" doraHai="23" who="2" fromWho="2" sc="185,-7,235,-13,315,27,265,-7" /><INIT seed="2,0,0,5,2,81" ten="178,222,342,258" oya="2" hai0="70,119,13,14,123,40,42,111,53,20,84,38,4" hai1="97,114,36,95,27,60,26,43,48,77,34,59,64" hai2="45,90,3,82,86,37,65,109,98,44,108,117,106" hai3="115,23,10,29,19,55,12,134,46,69,92,103,118"/><V124/><F117/><W100/><G69/><T93/><D123/><U1/><E114/><V33/><F3/><W94/><G134/><T129/><D129/><U25/><E1/><V88/><F33/><W73/><G73/><T127/><D111/><N who="2" m="42570" /><F124/><W121/><G121/><T57/><D70/><U6/><E36/><V72/><F72/><W91/><G94/><T133/><D133/><U75/><E75/><V66/><F90/><W128/><G118/><T68/><D68/><U0/><E34/><V49/><F37/><W56/><G46/><N who="2" m="18025" /><F49/><N who="3" m="30831" /><G128/><T16/><D38/><U125/><E125/><V76/><F76/><W130/><G115/><T99/><D127/><U110/><E77/><V39/><F39/><W120/><G120/><T32/><D32/><U71/><E110/><V132/><F132/><W107/><G130/><T47/><D47/><U63/><E0/><V122/><F122/><W24/><G107/><T87/><D119/><U135/><E135/><V83/><F82/><W89/><G89/><N who="0" m="55727" /><D40/><U67/><E43/><V131/><F131/><W112/><G112/><T96/><D42/><U11/><E48/><V85/><F86/><AGARI ba="0,0" hai="10,12,19,23,24,29,86,91,92,100,103" m="30831" machi="86" ten="30,2000,0" yaku="8,1,52,1" doraHai="81" who="3" fromWho="2" sc="178,0,222,0,342,-20,258,20" /><INIT seed="3,0,0,3,3,91" ten="178,222,322,278" oya="3" hai0="77,122,72,16,28,14,1,66,92,85,30,29,5" hai1="57,80,39,110,86,96,15,133,118,20,112,94,90" hai2="129,114,51,27,60,34,38,61,8,4,12,13,111" hai3="104,53,88,68,45,25,48,64,89,11,101,23,74"/><W82/><G68/><T107/><D107/><U97/><E112/><V47/><F111/><W26/><G26/><T109/><D122/><U93/><E39/><V120/><F38/><W69/><G69/><T113/><D109/><U44/><E110/><V73/><F114/><W59/><G104/><T115/><D66/><U71/><E71/><V6/><F73/><W105/><G105/><T17/><D72/><U98/><E133/><V76/><F76/><W127/><G101/><T52/><D1/><U35/><E35/><V132/><F132/><W62/><G127/><T121/><D121/><U99/><E118/><V95/><F129/><W2/><G74/><T116/><D116/><U21/><E44/><V36/><F36/><W84/><G11/><N who="0" m="4463" /><D115/><U19/><N who="1" m="24576" /><DORA hai="0" /><U102/><E102/><V37/><F37/><W87/><G2/><T43/><D43/><U128/><E128/><V40/><F120/><W130/><G130/><T24/><D24/><U124/><E124/><V58/><F58/><W81/><G25/><T75/><D75/><U10/><E57/><V9/><F95/><AGARI ba="0,0" hai="10,15,19,20,21,80,86,90,93,94,95" m="24576" machi="95" ten="50,8000,1" yaku="8,1,52,3" doraHai="91,0" who="1" fromWho="2" sc="178,0,222,80,322,-80,278,0" /><INIT seed="4,0,0,2,3,102" ten="178,302,242,278" oya="0" hai0="87,31,99,125,38,69,98,54,0,83,27,89,106" hai1="23,90,84,117,51,111,52,70,116,33,101,41,76" hai2="11,79,115,68,67,6,120,47,65,58,80,108,30" hai3="103,130,48,63,2,107,133,82,129,57,15,135,39"/><T40/><D125/><U8/><E33/><V113/><F108/><W42/><G2/><T49/><D0/><U126/><E111/><V127/><F120/><W86/><G39/><T34/><D69/><U17/><E70/><V100/><F68/><W72/><G72/><T112/><D112/><U25/><E126/><V21/><F47/><W92/><G92/><T5/><D5/><U88/><E41/><V12/><F127/><W16/><G48/><T66/><D66/><U14/><E101/><V122/><F122/><W61/><G42/><T32/><D32/><U46/><E76/><V9/><F9/><N who="3" m="6255" /><G103/><T118/><D118/><U22/><E22/><V13/><F100/><W26/><G26/><T71/><D71/><U45/><E45/><V131/><F131/><N who="3" m="50187" /><G107/><T60/><D106/><U73/><E73/><V132/><F132/><N who="3" m="50763" /><G57/><T24/><D24/><U55/><E55/><V20/><F58/><W62/><G61/><T74/><D60/><U91/><REACH who="1" step="1"/><E84/><REACH who="1" ten="178,292,242,278" step="2"/><N who="2" m="48159" /><F115/><W121/><G121/><T96/><D74/><U109/><E109/><V114/><F113/><W19/><G19/><AGARI ba="0,1" hai="8,14,17,19,23,25,46,51,52,88,90,91,116,117" machi="19" ten="40,8000,1" yaku="1,1,54,2,53,1" doraHai="102" doraHaiUra="4" who="1" fromWho="3" sc="178,0,292,90,242,0,278,-80" /><INIT seed="5,0,0,0,1,24" ten="178,382,242,198" oya="1" hai0="75,120,18,12,103,100,105,42,95,96,0,5,56" hai1="83,73,31,60,25,106,85,90,48,49,82,23,127" hai2="47,46,21,32,41,133,38,35,102,108,44,132,111" hai3="34,126,72,67,76,20,125,84,16,101,131,93,80"/><U33/><E127/><N who="3" m="48650" /><G34/><N who="2" m="12841" /><F102/><W4/><G4/><T57/><D75/><U97/><E33/><V89/><F89/><N who="3" m="53415" /><G67/><T28/><D120/><U71/><E71/><V9/><F9/><W77/><G77/><T128/><D128/><U40/><E60/><V45/><F21/><W53/><G53/><T88/><D42/><U13/><E40/><V134/><AGARI ba="0,0" hai="38,41,44,45,46,47,108,111,132,133,134" m="12841" machi="134" ten="40,1500,0" yaku="20,1" doraHai="24" who="2" fromWho="2" sc="178,-4,382,-7,242,15,198,-4" /><INIT seed="6,0,0,1,0,70" ten="174,375,257,194" oya="2" hai0="42,79,81,97,65,45,125,1,115,14,83,112,109" hai1="87,118,85,114,27,16,4,58,89,129,88,29,105" hai2="7,20,91,0,12,71,31,57,78,133,11,80,113" hai3="127,96,51,102,53,67,132,103,77,50,24,94,90"/><V128/><F71/><W56/><G127/><T64/><D1/><U47/><E105/><V62/><F113/><N who="0" m="43594" /><D109/><U18/><E118/><V32/><F128/><W22/><G132/><T36/><D125/><U100/><E100/><V84/><F133/><W107/><G77/><T54/><D54/><U21/><E114/><V110/><F110/><W72/><G72/><N who="0" m="43239" /><D83/><N who="1" m="49215" /><E4/><V92/><F32/><W26/><G67/><N who="0" m="25675" /><D14/><U33/><E33/><V34/><F34/><W68/><G68/><T95/><D95/><N who="1" m="54719" /><E58/><V25/><F0/><W15/><G107/><T106/><D106/><U76/><E129/><V52/><REACH who="2" step="1"/><F92/><REACH who="2" ten="174,375,247,194" step="2"/><W111/><G111/><T6/><D6/><U120/><E120/><V75/><F75/><W126/><G126/><T63/><D63/><U60/><E60/><V135/><F135/><W41/><G103/><T8/><D8/><U40/><E76/><AGARI ba="0,1" hai="7,11,12,20,25,31,52,57,62,76,78,80,84,91" machi="76" ten="40,7700,0" yaku="1,1,8,1,54,1,53,0" doraHai="70" doraHaiUra="69" who="2" fromWho="1" sc="174,0,375,-77,247,87,194,0" /><INIT seed="6,1,0,4,2,124" ten="174,298,334,194" oya="2" hai0="37,49,2,19,38,128,76,131,64,31,92,8,65" hai1="50,47,129,127,87,46,73,98,63,48,70,4,58" hai2="83,23,86,55,44,27,74,119,42,130,102,106,115" hai3="72,99,20,24,69,36,89,16,105,13,0,5,88"/><V110/><F119/><W96/><G36/><N who="0" m="13931" /><D76/><U14/><E73/><V7/><F110/><W41/><G69/><T67/><D31/><U59/><E127/><V78/><F115/><W101/><G72/><T21/><D92/><U3/><E3/><V93/><F55/><W40/><G0/><T32/><D32/><U112/><E112/><V132/><F7/><W77/><G77/><T53/><D8/><U90/><E70/><V123/><F123/><W29/><G5/><T68/><D2/><U66/><E98/><V109/><F109/><W120/><G120/><T82/><D82/><U35/><E35/><V113/><F113/><W30/><G30/><T104/><D104/><U95/><E129/><N who="0" m="49737" /><D68/><U22/><E4/><V85/><F106/><W97/><G101/><T26/><D64/><U114/><E114/><V17/><F130/><W121/><G121/><T134/><D134/><U52/><E22/><V125/><F132/><W54/><G105/><T34/><D34/><U103/><E103/><V57/><F102/><W122/><G122/><T91/><D91/><N who="3" m="34889" /><G54/><T135/><D135/><U9/><E9/><AGARI ba="1,0" hai="9,13,16,20,24,29,40,41,96,97,99" m="34889" machi="9" ten="30,3900,0" yaku="8,1,54,2" doraHai="124" who="3" fromWho="1" sc="174,0,298,-42,334,0,194,42" /><INIT seed="7,0,0,5,2,82" ten="174,256,334,236" oya="3" hai0="60,0,27,11,110,10,49,29,53,43,8,113,122" hai1="132,2,71,5,116,35,6,73,33,89,102,30,75" hai2="124,100,64,14,63,69,32,131,70,135,28,13,47" hai3="105,85,1,57,91,34,127,78,95,121,114,50,101"/><W38/><G38/><T93/><D110/><U26/><E89/><V16/><F70/><W20/><G34/><T54/><D122/><U17/><E132/><V12/><F135/><W120/><G1/><T129/><D129/><U80/><E116/><V44/><F131/><W51/><G114/><T67/><D0/><U7/><E71/><V81/><F124/><W42/><G127/><T98/><D43/><U128/><E102/><V112/><F16/><W77/><G101/><T115/><D49/><U103/><E103/><V48/><F47/><N who="3" m="25975" /><G105/><T104/><D104/><U84/><E128/><V86/><F100/><W130/><G130/><T23/><D93/><U96/><E35/><V52/><F112/><N who="0" m="43082" /><D98/><U37/><E37/><V133/><F133/><W88/><G121/><T106/><D106/><U18/><E96/><V65/><F65/><W118/><G120/><T59/><D53/><U119/><E2/><V58/><F69/><W74/><G118/><T125/><D125/><U19/><E119/><V134/><F134/><W22/><G74/><T117/><D117/><U123/><E123/><V68/><F68/><W87/><G51/><T3/><D3/><U76/><AGARI ba="0,0" hai="5,6,7,17,18,19,26,30,33,73,75,76,80,84" machi="76" ten="30,2000,0" yaku="0,1,52,1" doraHai="82" who="1" fromWho="1" sc="174,-5,256,20,334,-5,236,-10" owari="169,-33.1,276,7.6,329,42.9,226,-17.4" /></mjloggm>