<mjloggm ver="2.3"><GO type="169" lobby="0"/><UN n0="%E3%81%A6%E3%82%93%E3%81%8F%E3%81%86" n1="%E3%82%B1%E3%83%AB%E3%83%B4%E3%82%A3%E3%83%B3" n2="%E3%81%88%E3%81%8C%E3%82%8F%E3%82%8A%E3%81%8A" n3="%E2%97%8E%E3%82%88%E3%81%97%E2%97%8E" dan="16,16,16,17" rate="2177.17,2146.05,2136.58,2169.62" sx="M,M,M,M"/><TAIKYOKU oya="0"/><INIT seed="0,0,0,1,4,56" ten="250,250,250,250" oya="0" hai0="80,26,116,72,42,21,117,36,53,111,17,24,47" hai1="20,74,25,61,79,70,101,10,58,85,86,48,109" hai2="125,46,6,94,57,16,95,39,37,115,96,18,84" hai3="120,28,43,60,33,3,93,34,66,13,50,131,134"/><T77/><D111/><U7/><E70/><V62/><F115/><W32/><G3/><T23/><REACH who="0" step="1"/><D53/><REACH who="0" ten="240,250,250,250" step="2"/><U135/><E109/><V63/><F125/><W104/><G120/><T128/><D128/><U45/><E135/><V121/><F121/><W102/><G131/><T92/><D92/><U38/><E101/><V71/><F37/><W103/><G93/><T27/><D27/><U0/><E38/><V12/><F94/><W133/><G103/><T44/><D44/><U112/><E112/><V127/><F39/><W22/><G102/><T105/><D105/><U65/><E79/><V30/><F46/><W126/><G104/><T31/><AGARI ba="0,1" hai="17,21,23,24,26,31,36,42,47,72,77,80,116,117" machi="31" ten="20,7800,0" yaku="1,1,0,1,7,1,53,1" doraHai="56" doraHaiUra="76" who="0" fromWho="0" sc="240,88,250,-26,250,-26,250,-26" /><INIT seed="0,1,0,2,4,16" ten="328,224,224,224" oya="0" hai0="121,89,13,80,125,22,109,130,34,7,65,52,115" hai1="43,83,113,50,61,40,24,20,56,5,4,87,116" hai2="98,94,75,105,106,19,32,108,126,29,46,53,119" hai3="15,14,135,133,131,17,11,33,76,66,2,51,86"/><T128/><D34/><U3/><E116/><V60/><F75/><W103/><G33/><T68/><D115/><U110/><E113/><V38/><F119/><W45/><G103/><T21/><D121/><U96/><E110/><V71/><F108/><W69/><G2/><T39/><D39/><U23/><E3/><V93/><F126/><W129/><G66/><T88/><D109/><U111/><E111/><V30/><F105/><W26/><G69/><T41/><D41/><N who="1" m="15947" /><E50/><V122/><F106/><W6/><G26/><T85/><D89/><N who="1" m="51455" /><E96/><V25/><F38/><W48/><G86/><T47/><D125/><U1/><E1/><V117/><F117/><W36/><G76/><T12/><D65/><N who="1" m="39079" /><E24/><V63/><F71/><W74/><G74/><T101/><D68/><U27/><E27/><V91/><F32/><W132/><G36/><T55/><D101/><U102/><E102/><V120/><F120/><W31/><G31/><T54/><D47/><U64/><E64/><V134/><F122/><W118/><G118/><T112/><D112/><U97/><E97/><V78/><F98/><W67/><G67/><T73/><D73/><U107/><E107/><V84/><F25/><W77/><G77/><T58/><D58/><U72/><E72/><V9/><F78/><W10/><REACH who="3" step="1"/><G45/><REACH who="3" ten="328,224,224,214" step="2"/><T114/><D114/><U104/><E104/><V0/><F46/><W35/><G35/><T18/><D13/><U79/><E79/><V57/><F0/><W49/><AGARI ba="1,1" hai="6,10,11,14,15,17,48,49,51,129,131,132,133,135" machi="49" ten="40,5200,0" yaku="1,1,0,1,20,1,53,0" doraHai="16" doraHaiUra="42" who="3" fromWho="3" sc="328,-27,224,-14,224,-14,214,65" /><INIT seed="1,0,0,5,4,2" ten="301,210,210,279" oya="1" hai0="72,121,102,95,53,92,57,4,13,32,98,23,128" hai1="115,133,26,99,112,3,27,45,43,62,127,118,42" hai2="9,59,110,63,34,75,105,87,100,82,97,6,44" hai3="126,124,17,129,71,64,111,33,28,73,22,20,37"/><U47/><E118/><V61/><F34/><W103/><G37/><T58/><D32/><U48/><E3/><V29/><F110/><W80/><G111/><T81/><D121/><U90/><E127/><V60/><F75/><W119/><G129/><T125/><D125/><U109/><E109/><V14/><F29/><W67/><G33/><T10/><D128/><U46/><E133/><V40/><F59/><W106/><G71/><T130/><D130/><U16/><E62/><V25/><F25/><W39/><G39/><T54/><D23/><U41/><E48/><V0/><F0/><W117/><G106/><T86/><D72/><U66/><E66/><V122/><F122/><W55/><G73/><T91/><D58/><U123/><E123/><V30/><F30/><W65/><G124/><T49/><REACH who="0" step="1"/><D54/><REACH who="0" ten="291,210,210,279" step="2"/><U11/><E115/><V12/><F12/><W94/><G55/><T107/><AGARI ba="0,1" hai="4,10,13,49,53,57,81,86,91,92,95,98,102,107" machi="107" ten="20,12000,2" yaku="1,1,2,1,0,1,7,1,52,1,53,1" doraHai="2" doraHaiUra="83" who="0" fromWho="0" sc="291,130,210,-60,210,-30,279,-30" /><INIT seed="2,0,0,5,2,51" ten="421,150,180,249" oya="2" hai0="126,9,13,17,2,7,34,71,104,123,56,82,118" hai1="122,48,103,53,63,12,40,73,79,99,130,80,1" hai2="119,67,39,127,74,120,19,33,133,49,22,16,28" hai3="84,101,112,76,35,52,8,132,91,11,65,117,90"/><V78/><F119/><W55/><G117/><T47/><D118/><U121/><E1/><V36/><F120/><W23/><G35/><T70/><D123/><U45/><E130/><V110/><F127/><W15/><G132/><T59/><D104/><U128/><E128/><V95/><F133/><W60/><G101/><T114/><D126/><U94/><E12/><V5/><F5/><W135/><G135/><T107/><D107/><U54/><E121/><V96/><F110/><W58/><G112/><T98/><D34/><U25/><E122/><V61/><F33/><W64/><G64/><T83/><D70/><U4/><E4/><V30/><F39/><W41/><G41/><T113/><D71/><U0/><E0/><V111/><F36/><W62/><G76/><T3/><D7/><U125/><E125/><V134/><F134/><W92/><G90/><T69/><D69/><U75/><E75/><V66/><F111/><W88/><G91/><T108/><D108/><U14/><E14/><V6/><F6/><W106/><G62/><T27/><D2/><U20/><REACH who="1" step="1"/><E63/><REACH who="1" ten="421,140,180,249" step="2"/><V21/><F74/><W89/><G106/><T32/><D3/><U81/><E81/><V100/><F61/><W44/><G11/><T24/><D9/><U68/><E68/><V37/><F37/><W18/><G8/><T97/><D13/><U77/><E77/><V129/><F78/><W131/><G131/><T43/><D114/><U93/><E93/><V115/><F129/><W87/><G44/><T72/><D47/><U29/><AGARI ba="0,1" hai="20,25,29,40,45,48,53,54,73,79,80,94,99,103" machi="29" ten="20,12000,2" yaku="1,1,0,1,7,1,52,2,53,2" doraHai="51" doraHaiUra="50" who="1" fromWho="1" sc="421,-30,140,130,180,-60,249,-30" /><INIT seed="3,0,0,3,4,39" ten="391,270,120,219" oya="3" hai0="104,66,51,111,48,74,59,23,10,22,65,62,119" hai1="86,96,100,131,54,101,50,107,18,125,102,28,117" hai2="21,114,79,41,20,35,73,88,121,11,63,64,55" hai3="37,112,6,25,90,106,85,19,87,71,30,46,116"/><W93/><G116/><T95/><D104/><U105/><E117/><V97/><F114/><W92/><G112/><T133/><D119/><U32/><E131/><V75/><F35/><W4/><G71/><T9/><D74/><U134/><E134/><V123/><F55/><W113/><G106/><T31/><D133/><U36/><E36/><V33/><F33/><W17/><G113/><T68/><D68/><U98/><E125/><V8/><F41/><W130/><G130/><T128/><D128/><U91/><E101/><V83/><F75/><W120/><G120/><N who="2" m="46153" /><F20/><W24/><G37/><T78/><D78/><U58/><E32/><V16/><F97/><W42/><G90/><T67/><D67/><U13/><E28/><V57/><F88/><W84/><G30/><T44/><D66/><U103/><E103/><V26/><AGARI ba="0,0" hai="8,11,16,21,26,57,63,64,73,79,83" m="46153" machi="26" ten="30,2000,0" yaku="13,1,54,1" doraHai="39" who="2" fromWho="2" sc="391,-5,270,-5,120,20,219,-10" /><INIT seed="4,0,0,3,2,72" ten="386,265,140,209" oya="0" hai0="122,121,50,130,2,69,73,87,125,96,13,16,36" hai1="83,60,40,90,75,64,126,54,19,7,124,113,43" hai2="32,79,104,86,109,91,134,108,120,35,17,14,58" hai3="20,95,38,89,101,33,65,94,34,133,21,3,66"/><T52/><D73/><U31/><E31/><V92/><F120/><W132/><G89/><T99/><D36/><U41/><E7/><V5/><F104/><W37/><REACH who="3" step="1"/><G3/><REACH who="3" ten="386,265,140,199" step="2"/><T22/><D2/><U116/><E90/><V105/><F91/><W30/><G30/><T4/><D122/><U103/><E103/><AGARI ba="0,1" hai="20,21,33,34,37,38,65,66,94,95,101,103,132,133" machi="103" ten="25,3200,0" yaku="1,1,22,2,53,0" doraHai="72" doraHaiUra="74" who="3" fromWho="1" sc="386,0,265,-32,140,0,199,42" /><INIT seed="5,0,0,5,2,85" ten="386,233,140,241" oya="1" hai0="92,121,119,127,114,27,22,73,133,2,88,66,117" hai1="107,87,77,110,52,0,94,19,56,60,116,10,68" hai2="54,79,126,50,76,106,7,13,40,38,43,12,120" hai3="84,81,65,58,98,101,3,102,45,51,42,124,14"/><U21/><E116/><V100/><F120/><W93/><G3/><T20/><D2/><U131/><E131/><V53/><F126/><W111/><G124/><T44/><D127/><U97/><E110/><V6/><F50/><W1/><G1/><T26/><D73/><U47/><E68/><V91/><F100/><W130/><G130/><T75/><D75/><U67/><E107/><V132/><F106/><W103/><G111/><T55/><D66/><U31/><E0/><V36/><REACH who="2" step="1"/><F132/><REACH who="2" ten="386,233,130,241" step="2"/><W96/><G101/><T25/><D133/><U109/><E109/><V118/><F118/><W23/><G102/><T41/><D121/><U99/><E47/><V37/><F37/><W24/><G103/><T30/><D44/><U28/><E10/><V9/><F9/><W135/><G45/><T80/><D119/><U134/><E134/><V108/><F108/><W61/><G51/><T74/><D117/><U95/><E60/><V62/><F62/><W18/><G135/><T59/><D41/><U11/><E11/><V129/><F129/><W78/><G42/><T16/><D20/><U48/><E48/><V5/><F5/><W72/><G23/><T17/><D22/><U57/><E21/><V128/><F128/><W49/><G49/><T125/><D125/><U112/><E19/><V71/><F71/><W122/><G122/><T63/><D17/><U123/><E123/><V89/><AGARI ba="0,1" hai="6,7,12,13,36,38,40,43,53,54,76,79,89,91" machi="89" ten="25,12000,2" yaku="1,1,0,1,22,2,52,2,53,0" doraHai="85" doraHaiUra="33" who="2" fromWho="2" sc="386,-30,233,-60,130,130,241,-30" /><INIT seed="6,0,0,5,3,104" ten="356,173,260,211" oya="2" hai0="50,37,111,22,54,11,46,62,41,4,27,100,48" hai1="126,40,25,26,47,13,24,102,76,34,129,122,99" hai2="135,64,15,9,73,60,30,56,12,91,19,44,36" hai3="112,5,72,10,32,108,83,90,79,128,114,70,116"/><V130/><F135/><W31/><G108/><T51/><D111/><U8/><E129/><V119/><F119/><W59/><G116/><T77/><D100/><U2/><E2/><V97/><F130/><W74/><G128/><T113/><D113/><N who="3" m="43625" /><G90/><T67/><D77/><U106/><E126/><V6/><F73/><N who="3" m="43503" /><G70/><T57/><D22/><U123/><E76/><V94/><F30/><W23/><G23/><T63/><D27/><U66/><E66/><V133/><F133/><W69/><G59/><N who="0" m="37343" /><D4/><U115/><E115/><V78/><F78/><W132/><G69/><T98/><D98/><U127/><E127/><V58/><F58/><W75/><G132/><T20/><D20/><U3/><E3/><V16/><REACH who="2" step="1"/><F15/><REACH who="2" ten="356,173,250,211" step="2"/><N who="3" m="5583" /><G31/><T84/><D57/><U14/><E14/><V105/><F105/><W21/><G21/><T117/><D117/><U0/><E0/><V85/><F85/><W1/><G1/><T43/><D84/><U45/><E123/><V118/><F118/><W68/><G68/><T86/><D86/><U121/><E122/><V49/><F49/><W93/><G93/><T55/><D63/><U125/><E121/><V131/><F131/><W71/><G71/><T92/><D92/><U28/><E125/><V53/><F53/><N who="0" m="19978" /><D11/><U95/><E106/><V96/><F96/><W38/><G38/><T88/><D37/><U52/><E28/><V134/><F134/><W29/><G29/><T61/><D50/><U42/><E95/><V18/><F18/><W80/><G80/><T110/><D110/><U107/><E99/><V124/><F124/><W89/><G32/><RYUUKYOKU ba="0,1" sc="356,-15,173,-15,250,15,211,15" hai2="6,9,12,16,19,36,44,56,60,64,91,94,97" hai3="72,74,75,89" /><INIT seed="6,1,1,2,3,112" ten="341,158,265,226" oya="2" hai0="63,130,91,19,70,17,55,76,69,9,123,12,128" hai1="101,127,95,61,90,77,104,22,116,131,42,32,113" hai2="21,27,48,65,3,20,31,133,79,25,93,54,84" hai3="71,125,117,62,87,118,119,28,13,39,88,14,52"/><V107/><F107/><W86/><G125/><T105/><D123/><U5/><E127/><V53/><F3/><W0/><G0/><T45/><D105/><U33/><E113/><V122/><F122/><W94/><G39/><T126/><D126/><U108/><E108/><V102/><F133/><W82/><G28/><T134/><D134/><U23/><E131/><N who="0" m="50217" /><D76/><U37/><E77/><V124/><F124/><W38/><G38/><T97/><D17/><U99/><E5/><V10/><F10/><W129/><G129/><T111/><D111/><U29/><E37/><V72/><F65/><W30/><G30/><T2/><D2/><U67/><E42/><V43/><F72/><W51/><G71/><T80/><D97/><U81/><E81/><V100/><F43/><W7/><G62/><T35/><D35/><U15/><E22/><V109/><F109/><W89/><REACH who="3" step="1"/><G7/><REACH who="3" ten="341,158,265,216" step="2"/><T98/><D63/><U132/><E132/><V49/><F31/><W8/><G8/><T44/><D9/><U47/><E29/><V41/><F49/><W34/><G34/><T110/><D70/><U11/><E32/><V57/><F48/><W83/><G83/><T56/><D80/><U114/><E33/><V64/><F20/><W60/><G60/><T68/><D69/><N who="1" m="42223" /><E23/><V74/><F21/><W50/><G50/><T6/><D68/><U106/><E114/><V78/><F74/><W26/><G26/><T16/><D110/><U75/><E75/><V121/><F25/><W59/><AGARI ba="1,2" hai="13,14,51,52,59,82,86,87,88,89,94,117,118,119" machi="59" ten="30,12000,2" yaku="1,1,0,1,52,3,54,2,53,0" doraHai="112" doraHaiUra="36" who="3" fromWho="3" sc="341,-31,158,-31,265,-61,216,143" /><INIT seed="7,0,0,3,1,99" ten="310,127,204,359" oya="3" hai0="68,125,33,38,116,72,121,108,44,34,67,97,30" hai1="21,32,54,15,18,7,31,93,10,55,51,81,70" hai2="16,85,87,128,92,103,132,101,84,61,29,35,56" hai3="64,122,65,52,4,60,109,129,127,19,133,22,57"/><W134/><G122/><T5/><D121/><U27/><E70/><V77/><F132/><N who="3" m="50795" /><G127/><T28/><D125/><U113/><E113/><V37/><F37/><W106/><G106/><T11/><D116/><U69/><E69/><V115/><F87/><W71/><G129/><T86/><D108/><U24/><E81/><V126/><F92/><W14/><G109/><T8/><D86/><U3/><E27/><V74/><F77/><W12/><G71/><T73/><D68/><U50/><E50/><V41/><F74/><W62/><G60/><T63/><D97/><U79/><E79/><V75/><F75/><W96/><G96/><T36/><D63/><U110/><E110/><V58/><F61/><W117/><G117/><T0/><D44/><U2/><E2/><V9/><F9/><AGARI ba="0,0" hai="4,9,12,14,19,22,52,57,62,64,65" m="50795" machi="9" ten="30,2900,0" yaku="20,1,54,1" doraHai="99" who="3" fromWho="2" sc="310,0,127,0,204,-29,359,29" owari="310,11.0,127,-37.3,175,-22.5,388,48.8" /></mjloggm>