<mjloggm ver="2.3"><GO type="169" lobby="0"/><UN n0="%E3%83%A1%E3%82%AB%E3%82%BC%E3%83%83%E3%83%88%E3%83%B3" n1="%E3%81%9B%E3%81%A9%E3%81%AA%E3%82%8A%E3%81%82%E3%82%93" n2="%41%63%75%6E%61%4A%72" n3="%E3%81%A0%E3%81%A3" dan="17,17,17,16" rate="2186.51,2193.68,2244.82,2189.19" sx="M,F,M,F"/><TAIKYOKU oya="0"/><INIT seed="0,0,0,5,5,14" ten="250,250,250,250" oya="0" hai0="29,59,95,45,48,120,18,3,5,112,49,26,79" hai1="64,15,25,113,21,127,81,40,102,65,90,104,36" hai2="122,42,111,87,46,86,89,38,32,67,10,34,72" hai3="77,6,101,0,4,130,55,88,66,123,78,109,114"/><T58/><D112/><U12/><E113/><V119/><F122/><W19/><G114/><T17/><D120/><U134/><E127/><V94/><F72/><W106/><G66/><T74/><D74/><U91/><E134/><V57/><F111/><W61/><G106/><T16/><D79/><U108/><E108/><V51/><F119/><W131/><G101/><T93/><D5/><U50/><E36/><V13/><F87/><W69/><G69/><T126/><D3/><U133/><E102/><V118/><F118/><W110/><G123/><T71/><D71/><U9/><E12/><V20/><F20/><W33/><G61/><T129/><D129/><U43/><E104/><V8/><F8/><W28/><G55/><N who="0" m="30095" /><D126/><U68/><E68/><V47/><F57/><N who="0" m="21514" /><D49/><U73/><E73/><V70/><F67/><W125/><G33/><T105/><D105/><U11/><E50/><V135/><F135/><W35/><G35/><T100/><D100/><U60/><E133/><V99/><F70/><W63/><G125/><T84/><D84/><U52/><E64/><V22/><F86/><W115/><G110/><T39/><D39/><U44/><E65/><V98/><F98/><W128/><G109/><T117/><D117/><U75/><E75/><V30/><F38/><W53/><G131/><T116/><D116/><U56/><E56/><V24/><REACH who="2" step="1"/><F47/><REACH who="2" ten="250,250,240,250" step="2"/><W62/><G130/><T132/><D132/><U80/><E44/><V2/><F2/><W83/><G128/><T1/><D1/><U107/><E60/><V54/><F54/><W85/><G115/><T37/><D37/><RYUUKYOKU ba="0,1" sc="250,15,250,-15,240,15,250,-15" hai0="16,17,18,26,29,93,95" hai2="10,13,22,24,30,32,34,42,46,51,89,94,99" /><INIT seed="0,1,1,1,2,84" ten="265,235,255,235" oya="0" hai0="104,108,118,9,70,78,36,42,71,88,67,132,25" hai1="8,106,45,53,26,115,65,28,110,114,123,127,16" hai2="130,72,128,33,98,85,41,134,24,38,125,39,89" hai3="96,57,99,100,80,30,21,50,63,86,46,94,40"/><T103/><D78/><U109/><E106/><V119/><F72/><W49/><G99/><T55/><D118/><U59/><E65/><V61/><F119/><W17/><G30/><T116/><D116/><U44/><E123/><V135/><F98/><W74/><G74/><T29/><D103/><U121/><E121/><V4/><F4/><W35/><G35/><T19/><D104/><U75/><E75/><V27/><F61/><W11/><G11/><T48/><D42/><U34/><E45/><N who="2" m="23735" /><F39/><W58/><G50/><T97/><D36/><U1/><E44/><V52/><F52/><W32/><G32/><T129/><D129/><N who="2" m="49770" /><F125/><W131/><G131/><T82/><D67/><U31/><E127/><V76/><F76/><W105/><G105/><T83/><D97/><U95/><E1/><V77/><F77/><N who="3" m="46351" /><G63/><T112/><D71/><U126/><E126/><V2/><F2/><W43/><G43/><T62/><D62/><U66/><E59/><V124/><F124/><W79/><G79/><T7/><D70/><U47/><E47/><V5/><F5/><W6/><G6/><T81/><D7/><U101/><E101/><V122/><F122/><W13/><AGARI ba="1,1" hai="13,17,21,40,46,49,57,58,94,96,100" m="46351" machi="13" ten="30,1100,0" yaku="8,1" doraHai="84" who="3" fromWho="3" sc="265,-6,235,-4,255,-4,235,24" /><INIT seed="1,0,0,5,5,39" ten="259,231,251,259" oya="1" hai0="90,19,110,48,99,45,111,132,1,31,67,120,29" hai1="60,116,121,87,16,128,122,79,53,32,38,104,18" hai2="134,25,34,68,103,114,98,73,13,56,77,21,125" hai3="57,127,58,0,54,126,12,86,69,112,113,43,52"/><U82/><E116/><V11/><F125/><N who="3" m="47627" /><G0/><T23/><D1/><U51/><E38/><V71/><F134/><W9/><G86/><T49/><D132/><U62/><E32/><V55/><F34/><W65/><G43/><T133/><D133/><U81/><E104/><V37/><F37/><W119/><G12/><T33/><D67/><U101/><E101/><V74/><F74/><W131/><G9/><T75/><D75/><U80/><E128/><V115/><F77/><W93/><G93/><T2/><D2/><U42/><E122/><V3/><F73/><W66/><G131/><T117/><D117/><U97/><E97/><V72/><F72/><W36/><G36/><T94/><D120/><U30/><E30/><V15/><F15/><W85/><G85/><T6/><D6/><U109/><E109/><N who="0" m="41481" /><D49/><U61/><E121/><V50/><F3/><W89/><G89/><T78/><D78/><U92/><E79/><V17/><F114/><N who="3" m="44139" /><G69/><T96/><D96/><U105/><E105/><V100/><F115/><W24/><G24/><N who="0" m="14463" /><D33/><U5/><E5/><V130/><F130/><W40/><G119/><T88/><D90/><N who="1" m="53343" /><E42/><AGARI ba="0,0" hai="29,31,42,45,48,88,94,99" m="14463,41481" machi="42" ten="30,3900,0" yaku="14,1,52,1,54,1" doraHai="39" who="0" fromWho="1" sc="259,39,231,-39,251,0,259,0" /><INIT seed="2,0,0,5,5,59" ten="298,192,251,259" oya="2" hai0="38,90,63,53,135,115,98,104,107,68,17,118,27" hai1="74,91,25,93,44,109,37,110,80,133,96,75,77" hai2="83,32,54,20,112,3,94,60,55,21,49,41,119" hai3="58,132,5,9,29,39,128,35,18,13,82,97,88"/><V102/><F112/><W10/><G39/><T7/><D115/><U6/><E6/><V70/><F119/><W67/><G128/><T130/><D38/><U34/><E34/><V105/><F3/><W126/><G126/><T121/><D121/><U84/><E25/><V26/><F105/><W12/><G132/><T16/><D7/><U103/><E44/><V85/><F32/><W99/><G35/><T1/><D1/><U50/><E50/><V129/><F129/><W43/><G43/><T79/><D79/><U108/><E37/><V95/><F102/><W62/><G29/><T122/><D122/><U66/><E66/><V48/><F41/><W76/><REACH who="3" step="1"/><G88/><REACH who="3" ten="298,192,251,249" step="2"/><T11/><D90/><U78/><E133/><V24/><F83/><W100/><G100/><T28/><D28/><U64/><E64/><V81/><F81/><W40/><G40/><T56/><D135/><U46/><E46/><V15/><F55/><W69/><G69/><T131/><D53/><U51/><E51/><V134/><F70/><W89/><G89/><T8/><D68/><U31/><E31/><V14/><F134/><W4/><G4/><T42/><D42/><U127/><E127/><V72/><F54/><W123/><G123/><T0/><D130/><U92/><REACH who="1" step="1"/><E78/><REACH who="1" ten="298,182,251,249" step="2"/><V36/><F36/><W52/><G52/><T30/><D30/><U45/><E45/><V19/><F49/><W117/><G117/><T106/><D118/><U47/><E47/><V22/><F48/><W57/><G57/><T86/><D56/><U65/><E65/><V23/><N who="2" m="5120" /><DORA hai="61" /><V116/><F116/><RYUUKYOKU ba="0,2" sc="298,-15,182,15,251,-15,249,15" hai1="74,75,77,80,84,91,92,93,96,103,108,109,110" hai3="5,9,10,12,13,18,58,62,67,76,82,97,99" /><INIT seed="3,1,2,1,3,107" ten="283,197,236,264" oya="3" hai0="75,131,128,125,80,18,110,1,124,69,126,36,113" hai1="27,93,111,76,46,133,105,11,9,29,17,56,13" hai2="48,62,47,118,57,5,64,19,7,59,115,39,79" hai3="0,72,4,83,95,103,35,104,116,66,81,44,14"/><W120/><G35/><T82/><D69/><U108/><E105/><V51/><F115/><W106/><G0/><T15/><D36/><U52/><E46/><V2/><F118/><W100/><G66/><T30/><D1/><U41/><E41/><V60/><F79/><W65/><G65/><T84/><D110/><N who="1" m="42027" /><E93/><V22/><F2/><W117/><G14/><T49/><D113/><U121/><E121/><V63/><F39/><W96/><G4/><N who="2" m="1609" /><F64/><W78/><G44/><T130/><D30/><U20/><E76/><V34/><F34/><W31/><G31/><T85/><D49/><N who="2" m="19018" /><F47/><W68/><G68/><T42/><D42/><U50/><E133/><V112/><F112/><W91/><G81/><N who="0" m="31339" /><D75/><U10/><AGARI ba="1,2" hai="9,10,11,13,17,20,27,29,50,52,56" m="42027" machi="10" ten="30,2000,0" yaku="14,1,54,1" doraHai="107" who="1" fromWho="1" sc="283,-6,197,43,236,-6,264,-11" /><INIT seed="4,0,0,0,0,43" ten="277,240,230,253" oya="0" hai0="56,130,36,121,63,107,101,28,89,41,29,46,33" hai1="42,113,119,35,83,59,87,135,108,73,125,91,12" hai2="47,20,52,39,99,111,25,44,31,74,5,105,90" hai3="134,0,129,15,13,58,82,61,6,95,97,24,11"/><T23/><D121/><U72/><E108/><V48/><F111/><W37/><G37/><T77/><D130/><U69/><E69/><V109/><F109/><W110/><G110/><T81/><D33/><U30/><E119/><V128/><F74/><W32/><G129/><T17/><D89/><U94/><E125/><V7/><F128/><W93/><G93/><T98/><D23/><U9/><E135/><V55/><F39/><W80/><G134/><T86/><REACH who="0" step="1"/><D17/><REACH who="0" ten="267,240,230,253" step="2"/><U45/><E35/><V40/><F90/><W103/><G32/><T68/><D68/><U14/><E91/><V85/><F7/><W22/><G82/><T78/><D78/><U66/><E83/><V84/><F5/><W96/><G80/><T4/><D4/><U92/><E30/><V79/><F79/><W60/><G96/><T34/><D34/><U120/><E120/><V124/><F124/><W100/><G100/><T118/><D118/><U102/><E102/><V112/><F99/><W64/><REACH who="3" step="1"/><G61/><REACH who="3" ten="267,240,230,243" step="2"/><T3/><D3/><U70/><E70/><V8/><F85/><W116/><G116/><T50/><D50/><U115/><E87/><V75/><F84/><W106/><G106/><T127/><D127/><U88/><E73/><V51/><F105/><W65/><G65/><AGARI ba="0,2" hai="28,29,36,41,46,56,63,65,77,81,86,98,101,107" machi="65" ten="30,12000,1" yaku="1,1,7,1,52,1,53,2" doraHai="43" doraHaiUra="27" who="0" fromWho="3" sc="267,140,240,0,230,0,243,-120" /><INIT seed="4,1,0,3,3,95" ten="407,240,230,123" oya="0" hai0="100,66,86,6,78,39,94,7,117,22,119,96,101" hai1="43,103,107,65,37,106,5,134,98,116,13,51,76" hai2="3,44,16,70,133,27,68,108,131,50,42,25,97" hai3="80,71,34,64,82,1,32,120,11,123,61,9,23"/><T104/><D39/><U75/><E116/><V135/><F3/><W113/><G23/><T30/><D66/><U56/><E134/><N who="2" m="51211" /><F108/><W18/><G113/><T128/><D128/><U83/><E37/><V33/><F131/><W118/><G118/><T10/><D6/><U105/><E65/><V47/><F47/><W53/><G53/><T126/><D126/><U49/><E56/><V69/><F33/><W62/><G64/><T122/><D122/><U28/><E28/><V14/><F97/><W48/><G48/><T60/><D60/><U77/><E77/><V88/><F88/><W114/><G114/><T102/><D78/><U73/><E73/><V55/><F42/><W38/><G38/><T112/><D86/><U115/><E115/><V91/><F91/><W57/><G57/><T87/><D87/><U111/><E111/><V46/><F46/><W81/><G81/><T20/><D112/><U79/><E79/><V85/><F85/><W58/><G58/><T110/><D110/><U67/><E67/><V8/><AGARI ba="1,0" hai="8,14,16,25,27,44,50,55,68,69,70" m="51211" machi="8" ten="40,2700,0" yaku="20,1,54,1" doraHai="95" who="2" fromWho="2" sc="407,-14,240,-8,230,30,123,-8" /><INIT seed="5,0,0,4,2,126" ten="393,232,260,115" oya="1" hai0="129,80,37,51,116,66,109,29,23,81,57,123,62" hai1="14,9,8,102,124,13,12,89,67,41,74,47,1" hai2="93,54,77,25,122,27,61,53,135,121,96,36,52" hai3="56,18,34,128,2,101,133,94,15,112,17,130,16"/><U26/><E74/><V39/><F77/><W70/><G70/><T111/><D116/><U3/><E124/><V78/><F78/><W99/><G2/><T0/><D0/><U28/><E102/><V68/><F135/><W21/><G133/><T103/><D103/><U131/><E67/><V127/><F127/><W79/><G34/><T76/><D37/><U4/><E89/><V65/><F39/><W113/><G79/><T87/><D123/><U83/><E83/><V30/><F36/><W73/><G73/><T100/><D100/><U19/><E47/><V85/><F85/><W132/><G132/><T108/><D51/><U59/><E59/><V97/><F27/><W44/><G44/><T117/><D117/><U43/><E43/><V125/><F125/><W46/><G46/><T48/><D48/><U86/><E86/><V6/><F6/><W106/><G56/><T55/><D66/><U20/><E41/><V24/><F24/><N who="3" m="14375" /><G17/><T92/><D92/><U33/><E131/><N who="3" m="50218" /><G106/><T115/><D129/><U42/><E42/><V35/><F121/><W134/><G134/><T91/><D76/><U40/><E40/><V119/><F122/><W120/><G120/><T63/><D57/><U88/><E88/><V98/><F119/><W32/><G32/><T45/><D91/><U31/><E31/><V105/><F105/><W10/><AGARI ba="0,0" hai="10,15,18,94,99,101,112,113" m="50218,14375" machi="10" ten="30,8000,1" yaku="19,1,52,3,54,1" doraHai="126" who="3" fromWho="3" sc="393,-20,232,-40,260,-20,115,80" /><INIT seed="6,0,0,3,3,127" ten="373,192,240,195" oya="2" hai0="3,72,93,81,19,73,46,83,33,132,4,74,2" hai1="113,98,112,78,118,119,9,108,35,27,54,44,1" hai2="11,52,34,70,91,53,94,77,48,51,16,26,58" hai3="82,97,60,21,125,76,105,115,109,12,38,31,10"/><V121/><F70/><W107/><G38/><T68/><D68/><U55/><E78/><V99/><F121/><W20/><G109/><T64/><D64/><U29/><E98/><V134/><F134/><W23/><G125/><T96/><D33/><U71/><E71/><V111/><F111/><W17/><G115/><N who="1" m="44106" /><E108/><V56/><F77/><W90/><G31/><T84/><D46/><U101/><E101/><V41/><F41/><W6/><G6/><T28/><D19/><U69/><E69/><V43/><F43/><W89/><G60/><T80/><D28/><U86/><E86/><V32/><F11/><W62/><G62/><T66/><D93/><U124/><E124/><V30/><F16/><W100/><REACH who="3" step="1"/><G107/><REACH who="3" ten="373,192,240,185" step="2"/><T85/><D4/><N who="1" m="1167" /><E55/><V88/><F34/><W14/><G14/><T106/><D66/><U128/><E128/><V123/><F123/><W36/><G36/><T63/><D63/><U79/><E79/><V40/><F40/><W39/><G39/><T104/><D104/><U129/><E129/><V122/><F122/><W65/><G65/><T110/><D110/><U102/><E102/><AGARI ba="0,1" hai="26,30,32,48,51,52,53,56,58,88,91,94,99,102" machi="102" ten="30,11600,0" yaku="7,1,9,1,54,2" doraHai="127" who="2" fromWho="1" sc="373,0,192,-116,240,126,185,0" /><INIT seed="6,1,0,3,3,120" ten="373,76,366,185" oya="2" hai0="78,79,107,59,83,61,130,25,118,87,43,34,64" hai1="85,117,45,116,81,109,115,46,0,93,31,135,3" hai2="9,99,20,62,49,26,47,11,55,97,127,48,134" hai3="114,75,36,1,69,6,37,113,29,77,66,19,100"/><V86/><F127/><W2/><G100/><T125/><D107/><U21/><E115/><V18/><F134/><W104/><G19/><T95/><D125/><U40/><E135/><V112/><F112/><W65/><G29/><T16/><D130/><U53/><E93/><V98/><F62/><W70/><G6/><T17/><D118/><U52/><E31/><V126/><F126/><W57/><G57/><T15/><D43/><U80/><E40/><V50/><F86/><W123/><G77/><T131/><D131/><U124/><E124/><V105/><F105/><W13/><G13/><T56/><D34/><U71/><E85/><V44/><REACH who="2" step="1"/><F50/><REACH who="2" ten="373,76,356,185" step="2"/><W91/><G104/><T63/><D63/><U84/><E84/><V90/><F90/><W38/><G91/><T7/><D61/><U60/><E60/><V128/><F128/><W89/><G89/><T108/><D87/><U28/><E71/><V88/><F88/><W74/><G36/><T14/><D64/><U58/><E116/><V42/><AGARI ba="1,1" hai="9,11,18,20,26,42,44,47,48,49,55,97,98,99" machi="42" ten="30,11700,0" yaku="1,1,0,1,8,1,53,1" doraHai="120" doraHaiUra="39" who="2" fromWho="2" sc="373,-40,76,-40,356,130,185,-40" /><INIT seed="6,2,0,3,0,72" ten="333,36,486,145" oya="2" hai0="119,73,66,48,33,43,22,1,64,37,31,126,107" hai1="81,123,17,110,7,114,121,41,69,131,86,101,112" hai2="130,70,89,92,51,60,4,19,3,56,100,6,57" hai3="63,77,127,135,68,117,132,76,96,71,21,30,95"/><V55/><F130/><W47/><G117/><T15/><D1/><U10/><E69/><V83/><F70/><N who="3" m="26667" /><G63/><T40/><D126/><U9/><E41/><V16/><F100/><N who="3" m="60447" /><G127/><T2/><D2/><N who="1" m="247" /><E101/><V32/><F32/><W97/><G97/><T78/><D107/><U108/><E81/><V118/><F83/><W116/><G116/><T74/><D37/><U44/><E44/><V75/><F75/><W109/><G109/><N who="1" m="42090" /><E86/><V104/><F104/><W12/><G47/><T94/><D33/><U128/><E10/><V53/><F118/><W113/><G76/><T38/><D78/><U39/><E39/><V67/><F67/><W99/><G99/><T58/><D38/><U134/><E17/><N who="2" m="6731" /><F3/><W54/><G77/><T46/><D73/><U98/><E98/><AGARI ba="2,0" hai="4,6,51,53,55,56,57,60,89,92,98" m="6731" machi="98" ten="30,2900,0" yaku="8,1,54,1" doraHai="72" who="2" fromWho="1" sc="333,0,36,-35,486,35,145,0" /><INIT seed="6,3,0,3,5,70" ten="333,1,521,145" oya="2" hai0="11,127,69,29,94,58,1,72,103,26,114,93,117" hai1="30,129,43,135,87,132,37,3,105,121,75,100,61" hai2="89,95,12,65,60,102,47,9,73,107,112,71,134" hai3="85,53,125,8,39,104,130,52,34,79,106,24,6"/><V98/><F112/><W66/><G39/><T123/><D69/><U118/><E75/><V22/><F134/><N who="1" m="51241" /><E118/><V54/><F73/><W41/><G41/><T64/><D58/><U35/><E3/><V128/><F128/><W91/><G66/><T20/><D64/><U10/><E129/><V40/><F54/><W111/><G79/><T50/><D127/><U0/><E61/><V92/><F22/><W55/><G111/><T96/><D117/><U120/><E87/><V36/><F89/><W77/><G77/><T82/><D114/><U83/><E83/><V4/><AGARI ba="3,0" hai="4,9,12,36,40,47,60,65,71,92,95,98,102,107" machi="4" ten="20,3900,0" yaku="0,1,7,1,52,1" doraHai="70" who="2" fromWho="2" sc="333,-16,1,-16,521,48,145,-16" owari="317,11.7,-15,-51.5,569,66.9,129,-27.1" /></mjloggm>