<mjloggm ver="2.3"><GO type="169" lobby="0"/><UN n0="%E3%83%AD%E3%83%83%E3%83%86%E9%9B%80%E7%90%83" n1="%E5%B1%B1%E6%9C%AC%E6%83%A3%E4%B8%80%E6%9C%97" n2="%E9%AB%AD%E9%AF%A8" n3="%E3%81%86%E3%81%AA%E3%81%8E%E9%BA%BA" dan="17,17,16,17" rate="2188.08,2197.71,2148.34,2182.88" sx="M,M,M,M"/><TAIKYOKU oya="0"/><INIT seed="0,0,0,1,1,51" ten="250,250,250,250" oya="0" hai0="4,80,127,53,37,77,65,27,96,20,40,24,110" hai1="29,135,134,39,119,122,66,50,60,31,94,30,21" hai2="23,106,25,129,0,28,8,125,85,108,98,44,132" hai3="3,87,1,48,126,104,15,121,59,47,73,99,92"/><T114/><D114/><U123/><E39/><V52/><F108/><W124/><G73/><T12/><D127/><U118/><E94/><V68/><F125/><N who="3" m="48235" /><G104/><T116/><D116/><N who="1" m="44587" /><E50/><V76/><F68/><W45/><G45/><T81/><D110/><U109/><E109/><V131/><F132/><N who="1" m="50729" /><E60/><V16/><F76/><W120/><G59/><T130/><D130/><N who="2" m="49674" /><F85/><W34/><G15/><T102/><D65/><U2/><E66/><V62/><F106/><W78/><G34/><T67/><D67/><U72/><E72/><V57/><F44/><W35/><G35/><T64/><D64/><U111/><E111/><V93/><F0/><N who="3" m="75" /><G78/><T58/><D77/><U5/><E21/><V84/><F84/><W42/><G87/><T38/><D20/><U36/><E36/><V56/><F56/><W90/><AGARI ba="0,0" hai="42,47,48,90,92,99,120,121" m="75,48235" machi="90" ten="40,1500,0" yaku="18,1" doraHai="51" who="3" fromWho="3" sc="250,-7,250,-4,250,-4,250,15" /><INIT seed="1,0,0,3,5,28" ten="243,246,246,265" oya="1" hai0="135,121,95,117,43,108,32,39,14,134,5,41,70" hai1="8,45,76,69,127,11,129,55,57,67,84,115,37" hai2="9,36,20,58,25,24,15,52,74,107,85,21,73" hai3="7,33,50,44,79,40,12,111,92,46,22,56,90"/><U27/><E115/><V125/><F107/><W18/><G111/><T93/><D117/><U81/><E127/><V17/><F36/><W4/><G79/><T123/><D70/><U98/><E129/><V118/><F118/><W59/><G33/><T64/><D64/><U60/><E98/><V29/><F125/><W19/><G46/><T63/><D63/><U105/><E105/><V13/><F85/><W113/><G113/><T124/><D124/><U100/><E100/><V96/><F96/><W87/><G19/><T42/><D39/><U82/><E82/><V88/><F15/><W34/><G34/><T31/><D14/><U130/><E130/><V97/><F97/><W114/><G114/><T103/><D5/><AGARI ba="0,0" hai="4,5,7,12,18,22,40,44,50,56,59,87,90,92" machi="5" ten="40,1300,0" yaku="8,1" doraHai="28" who="3" fromWho="0" sc="243,-13,246,0,246,0,265,13" /><INIT seed="2,0,0,4,4,10" ten="230,246,246,278" oya="2" hai0="90,82,68,87,27,103,45,71,112,21,128,126,75" hai1="41,63,55,31,8,53,100,74,70,99,16,50,54" hai2="94,106,85,97,49,15,57,60,120,40,125,116,46" hai3="108,78,62,23,28,56,48,102,64,26,32,65,69"/><V92/><F116/><W5/><G108/><T29/><D112/><U19/><E74/><V110/><F120/><W131/><G131/><T115/><D115/><U4/><E31/><V35/><F35/><W61/><G78/><T11/><D128/><U25/><E25/><V72/><F72/><W13/><G102/><T114/><D126/><U52/><E41/><V118/><F125/><W91/><G48/><T84/><D75/><U134/><E134/><V79/><F118/><W93/><G5/><T129/><D129/><U33/><E33/><V113/><F110/><W127/><G127/><T12/><D114/><U43/><E43/><V37/><F37/><W101/><G101/><T105/><D45/><U58/><E70/><V89/><F106/><W51/><G51/><T124/><D87/><U104/><REACH who="1" step="1"/><E50/><REACH who="1" ten="230,236,246,278" step="2"/><V123/><F113/><W34/><REACH who="3" step="1"/><G13/><AGARI ba="0,1" hai="4,8,13,16,19,52,53,54,55,58,63,99,100,104" machi="13" ten="40,12000,2" yaku="1,1,2,1,52,1,54,2,53,1" doraHai="10" doraHaiUra="3" who="1" fromWho="3" sc="230,0,236,130,246,0,278,-120" /><INIT seed="3,0,0,1,5,107" ten="230,366,246,158" oya="3" hai0="93,11,7,47,60,104,77,3,105,131,33,16,34" hai1="4,48,18,127,96,14,79,46,87,35,68,113,50" hai2="45,39,98,101,126,64,122,128,9,95,91,116,58" hai3="20,23,44,117,123,108,19,75,30,22,133,94,10"/><W106/><G106/><T115/><D105/><U88/><E35/><V36/><F116/><W130/><G117/><T6/><D104/><U119/><E68/><V49/><F128/><W55/><G123/><T118/><D118/><U78/><E119/><V13/><F126/><W114/><G114/><T53/><D131/><U63/><E113/><V51/><F122/><W121/><G121/><T103/><D115/><U90/><E127/><V73/><F73/><W2/><G75/><T129/><D7/><U56/><E4/><V132/><F132/><W37/><G130/><T125/><D129/><U86/><E96/><V71/><F71/><W21/><G133/><T26/><D77/><U84/><E79/><V76/><F76/><W110/><G94/><T59/><D125/><U31/><E31/><V65/><F39/><W54/><G30/><T97/><REACH who="0" step="1"/><D47/><REACH who="0" ten="220,366,246,158" step="2"/><U82/><E78/><V80/><F45/><W0/><G0/><T85/><D85/><U111/><E86/><V124/><F124/><W109/><G44/><T61/><D61/><U8/><E46/><V74/><F74/><W38/><G2/><T24/><D24/><U120/><E120/><V28/><F36/><N who="3" m="13931" /><G10/><T134/><D134/><U83/><REACH who="1" step="1"/><E111/><REACH who="1" ten="220,356,246,158" step="2"/><V52/><F98/><W72/><G72/><T62/><D62/><U102/><E102/><V15/><F101/><W25/><AGARI ba="0,2" hai="19,20,21,22,23,25,54,55,108,109,110" m="13931" machi="25" ten="40,3900,0" yaku="14,1,10,1" doraHai="107" who="3" fromWho="3" sc="220,-13,356,-13,246,-13,158,59" /><INIT seed="3,1,0,5,1,129" ten="207,343,233,217" oya="3" hai0="31,26,53,43,1,132,49,48,39,66,98,61,18" hai1="116,76,41,109,62,87,64,93,55,83,108,115,9" hai2="118,85,124,135,0,92,121,30,102,46,122,81,68" hai3="94,8,12,50,56,96,54,14,10,77,57,52,28"/><W119/><G119/><T21/><D1/><U75/><E116/><V38/><F68/><W58/><G77/><T105/><D39/><U113/><E41/><V120/><F0/><W40/><G28/><T51/><D43/><U88/><E55/><V2/><F2/><W134/><G134/><T114/><D114/><U89/><E9/><V133/><F118/><W123/><G123/><T19/><D132/><N who="2" m="50762" /><F30/><W63/><G40/><T27/><D53/><U69/><REACH who="1" step="1"/><E89/><REACH who="1" ten="207,333,233,217" step="2"/><N who="2" m="51375" /><F124/><W17/><G54/><T95/><D105/><U91/><E91/><V33/><F38/><W36/><G36/><T16/><D27/><U126/><E126/><V32/><F46/><W112/><G112/><AGARI ba="1,1" hai="62,64,69,75,76,83,87,88,93,108,109,112,113,115" machi="112" ten="40,2600,0" yaku="1,1,54,1,53,0" doraHai="129" doraHaiUra="97" who="1" fromWho="3" sc="207,0,333,39,233,0,217,-29" /><INIT seed="4,0,0,3,1,50" ten="207,372,233,188" oya="0" hai0="4,16,13,73,36,17,111,46,104,96,115,107,130" hai1="62,128,92,28,84,93,72,135,102,112,88,61,116" hai2="26,22,80,103,8,120,114,71,86,59,82,11,76" hai3="78,65,89,45,6,124,100,29,129,40,90,20,43"/><T48/><D73/><U58/><E116/><V1/><F120/><W34/><G34/><T118/><D118/><U55/><E72/><V12/><F71/><W18/><G29/><T64/><D36/><U47/><E112/><V15/><F1/><W119/><G119/><T60/><D115/><U134/><E128/><V131/><F103/><W31/><G31/><T38/><D38/><U99/><E28/><V85/><F131/><W133/><G6/><T109/><D4/><U74/><E74/><V113/><F59/><W52/><G65/><T97/><D130/><U3/><E3/><V7/><F22/><W98/><G78/><T0/><D0/><U101/><E101/><V105/><F26/><W19/><G129/><T94/><D107/><U49/><REACH who="1" step="1"/><E62/><REACH who="1" ten="207,362,233,188" step="2"/><V44/><F113/><W123/><G100/><T56/><D104/><U30/><E30/><V67/><F105/><W126/><G123/><T79/><D111/><U9/><E9/><V122/><F11/><W108/><G108/><T57/><D109/><U69/><E69/><V41/><F8/><W66/><G126/><T132/><D60/><U54/><AGARI ba="0,1" hai="47,49,54,55,58,61,84,88,92,93,99,102,134,135" machi="54" ten="30,8000,1" yaku="1,1,0,1,52,2,54,1,53,0" doraHai="50" doraHaiUra="121" who="1" fromWho="1" sc="207,-40,362,90,233,-20,188,-20" /><INIT seed="5,0,0,3,1,40" ten="167,452,213,168" oya="1" hai0="30,50,62,17,77,128,118,105,59,33,27,126,82" hai1="58,7,0,129,14,57,99,15,34,92,75,79,107" hai2="11,93,35,47,130,68,86,51,102,131,96,94,39" hai3="32,66,31,71,41,12,67,134,13,21,119,100,80"/><U111/><E34/><V56/><F35/><W36/><G32/><T5/><D126/><U29/><E29/><V42/><F68/><W108/><G108/><T112/><D128/><N who="2" m="49194" /><F11/><W122/><G122/><T54/><D112/><U44/><E129/><V83/><F94/><W63/><G67/><T38/><D38/><U24/><E24/><V28/><F28/><W60/><G60/><T19/><D105/><U121/><E107/><V95/><F95/><W18/><G31/><T48/><D5/><U6/><E111/><V37/><F56/><W135/><G100/><T97/><D97/><U124/><E124/><V98/><F98/><W23/><G80/><T115/><D118/><U74/><E0/><V84/><F84/><W113/><G113/><T4/><D4/><U109/><E109/><V90/><AGARI ba="0,0" hai="37,39,42,47,51,83,86,90,93,96,102" m="49194" machi="90" ten="30,2000,0" yaku="19,1,52,1" doraHai="40" who="2" fromWho="2" sc="167,-5,452,-10,213,20,168,-5" /><INIT seed="6,0,0,4,0,112" ten="162,442,233,163" oya="2" hai0="101,100,103,97,51,7,128,115,74,86,57,83,70" hai1="99,110,120,39,30,38,47,108,116,93,6,73,87" hai2="33,130,14,56,3,10,13,12,62,53,96,5,24" hai3="32,20,52,127,72,113,66,85,61,122,109,65,27"/><V80/><F130/><W54/><G72/><T55/><D115/><U117/><E73/><V15/><F80/><W76/><G113/><T69/><D128/><U79/><E6/><V1/><F96/><W134/><G32/><T129/><D129/><U60/><E30/><V44/><F33/><W46/><G109/><T94/><D74/><U34/><E34/><V92/><F92/><W21/><G122/><T114/><D7/><U125/><E60/><V121/><F121/><W4/><G4/><T95/><D114/><U132/><E47/><V17/><F44/><W118/><G118/><N who="1" m="45674" /><E39/><V71/><F71/><W119/><G119/><T98/><REACH who="0" step="1"/><D103/><REACH who="0" ten="152,442,233,163" step="2"/><N who="1" m="60911" /><E120/><V58/><F1/><W42/><G134/><T106/><D106/><U126/><E132/><V135/><F135/><W43/><G127/><N who="1" m="48650" /><E38/><V91/><F3/><W123/><G123/><T59/><D59/><U133/><E133/><V8/><F56/><W48/><G46/><T64/><D64/><U16/><E110/><V50/><F5/><W29/><G66/><T84/><D84/><U63/><E108/><V25/><F58/><W107/><G85/><T45/><D45/><U36/><E87/><V78/><F10/><W28/><G65/><T22/><D22/><U81/><E36/><V105/><F8/><W89/><G20/><T124/><D124/><U131/><E131/><V2/><F2/><W90/><G21/><T88/><AGARI ba="0,1" hai="51,55,57,69,70,83,86,88,94,95,97,98,100,101" machi="88" ten="20,8000,1" yaku="1,1,0,1,7,1,9,1,54,1,53,0" doraHai="112" doraHaiUra="35" who="0" fromWho="0" sc="152,90,442,-20,233,-40,163,-20" /><INIT seed="7,0,0,0,4,2" ten="242,422,193,143" oya="3" hai0="119,35,130,91,113,15,27,107,5,61,116,46,129" hai1="128,115,83,31,13,98,11,95,118,54,134,71,19" hai2="16,103,7,8,50,59,18,6,131,94,24,38,45" hai3="82,92,89,86,20,65,72,34,10,52,81,109,124"/><W73/><G34/><T39/><D107/><U43/><E71/><V63/><F38/><W77/><G124/><T58/><D113/><U57/><E115/><V29/><F131/><N who="0" m="50186" /><D91/><U104/><E128/><V90/><F103/><W41/><G109/><T133/><D133/><U14/><E104/><V127/><F127/><W93/><G65/><T37/><D5/><N who="2" m="1546" /><F8/><W108/><G108/><T112/><D15/><U96/><E54/><N who="2" m="30031" /><F29/><W48/><G41/><N who="0" m="22831" /><D112/><U135/><E95/><V69/><F24/><W25/><G10/><T87/><D87/><U32/><E98/><N who="2" m="57687" /><F69/><W30/><REACH who="3" step="1"/><G73/><REACH who="3" ten="242,422,193,133" step="2"/><T22/><D35/><U100/><E11/><V123/><F123/><W17/><G17/><N who="0" m="12751" /><D39/><U33/><E32/><V105/><F105/><W121/><G121/><T70/><D70/><U26/><E33/><V79/><F79/><W97/><G97/><T122/><D122/><U21/><E96/><V49/><F49/><W111/><G111/><T23/><D23/><U60/><E21/><V126/><F126/><W55/><G55/><AGARI ba="0,1" hai="55,58,61,116,119" m="12751,22831,50186" machi="55" ten="30,1000,0" yaku="19,1" doraHai="2" who="0" fromWho="3" sc="242,20,422,0,193,0,133,-10" /><AGARI ba="0,0" hai="16,18,55,59,63" m="57687,30031,1546" machi="55" ten="30,8000,1" yaku="8,1,52,3,54,1" doraHai="2" who="2" fromWho="3" sc="262,0,422,0,193,80,123,-80" owari="262,-13.8,422,52.2,273,7.3,43,-45.7" /></mjloggm>