<mjloggm ver="2.3"><GO type="225" lobby="0"/><UN n0="%E3%83%96%E3%83%83%E3%83%91%E3%82%AA%E3%83%96%E3%83%81%E3%82%AD%E3%83%B3" n1="%E7%99%BD%E5%80%89%E5%AF%9B%E4%B9%8B" n2="%E6%B4%BE%E9%81%A3%E3%81%AE%E3%82%B8%E3%83%A3%E3%83%83%E3%82%AF" n3="%E7%B4%94%E6%BD%94%E3%83%94%E3%83%A9%E3%83%8B%E3%82%A2" dan="16,16,17,17" rate="2164.20,2158.75,2159.28,2218.43" sx="M,M,M,M"/><TAIKYOKU oya="0"/><INIT seed="0,0,0,1,2,58" ten="250,250,250,250" oya="0" hai0="54,81,73,109,38,89,7,64,59,95,32,45,124" hai1="1,126,133,80,92,71,96,127,85,22,91,26,98" hai2="129,4,29,93,130,125,134,10,123,63,115,70,52" hai3="116,9,110,40,11,43,57,74,46,83,47,69,25"/><T120/><D120/><U112/><E1/><V99/><F123/><W104/><G69/><T131/><D32/><U53/><E71/><V62/><F115/><W94/><G104/><T56/><D131/><N who="2" m="50186" /><F29/><W49/><G110/><T119/><D119/><U8/><E112/><V39/><F39/><W67/><G94/><T97/><D124/><U51/><E133/><V60/><F125/><N who="1" m="47625" /><E8/><V13/><F134/><W6/><G25/><T33/><D33/><U37/><E37/><V34/><F34/><W84/><G74/><T100/><D109/><U48/><E53/><V113/><F113/><W50/><G116/><T42/><D7/><U66/><E66/><N who="2" m="41287" /><F52/><W16/><G6/><T117/><D117/><U103/><E98/><V5/><F5/><W102/><G16/><AGARI ba="0,0" hai="16,22,26,48,51,80,85,91,92,96,103" m="47625" machi="16" ten="30,2000,0" yaku="18,1,54,1" doraHai="58" who="1" fromWho="3" sc="250,0,250,20,250,0,250,-20" /><INIT seed="1,0,0,3,1,30" ten="250,270,250,230" oya="1" hai0="27,84,56,21,6,65,68,43,16,41,51,104,29" hai1="121,24,61,103,111,4,18,128,10,108,50,64,123" hai2="99,22,132,53,71,79,88,114,34,1,40,33,100" hai3="74,105,133,19,38,31,73,124,102,47,116,37,15"/><U58/><E103/><V69/><F69/><W25/><G124/><T60/><D104/><U23/><E128/><V62/><F1/><W130/><G130/><T106/><D106/><U35/><E50/><V17/><F79/><W115/><G115/><T13/><D6/><U82/><E82/><V12/><F40/><W9/><G133/><T57/><D84/><U129/><E129/><V0/><F0/><W70/><G70/><T83/><D83/><U5/><E35/><V72/><F72/><W55/><G116/><T135/><D135/><U97/><E97/><V77/><F77/><W78/><G78/><T96/><D96/><U66/><E66/><V26/><F132/><W48/><G102/><T32/><REACH who="0" step="1"/><D41/><REACH who="0" ten="240,270,250,230" step="2"/><U14/><REACH who="1" step="1"/><E4/><REACH who="1" ten="240,260,250,230" step="2"/><V75/><F99/><W91/><G105/><T36/><D36/><U44/><E44/><AGARI ba="0,2" hai="13,16,21,27,29,32,43,44,51,56,57,60,65,68" machi="44" ten="40,5200,0" yaku="1,1,52,1,54,1,53,0" doraHai="30" doraHaiUra="81" who="0" fromWho="1" sc="240,72,260,-52,250,0,230,0" /><INIT seed="2,0,0,0,3,74" ten="312,208,250,230" oya="2" hai0="129,130,61,90,124,10,79,30,122,23,121,105,98" hai1="96,89,39,28,20,24,118,18,2,87,69,35,63" hai2="59,78,116,40,57,7,29,43,93,17,88,22,111" hai3="48,86,16,131,1,52,38,119,45,83,117,33,97"/><V54/><F116/><W4/><G131/><N who="0" m="50187" /><D124/><U107/><E39/><V113/><F113/><W75/><G75/><T72/><D10/><U14/><E2/><V56/><F29/><W3/><G33/><T62/><D30/><U134/><E134/><V76/><F7/><W106/><G38/><T133/><D23/><U128/><E128/><V51/><F111/><W36/><G36/><T101/><D133/><U68/><E118/><V70/><F70/><W108/><G108/><T84/><D61/><U32/><E32/><V64/><F64/><W26/><G3/><T8/><D8/><U123/><E123/><N who="0" m="47113" /><D62/><U37/><E37/><V115/><F115/><W53/><G53/><T71/><D71/><U92/><REACH who="1" step="1"/><E63/><REACH who="1" ten="312,198,250,230" step="2"/><V27/><F40/><W15/><G119/><T67/><D67/><U73/><E73/><V34/><F43/><W49/><G117/><T60/><D60/><U112/><E112/><V6/><F34/><W55/><G1/><T50/><D50/><U109/><E109/><V102/><F6/><W9/><G4/><T66/><D66/><U25/><E25/><V0/><F0/><W21/><G26/><T127/><D72/><U103/><AGARI ba="0,1" hai="14,18,20,24,28,35,68,69,87,89,92,96,103,107" machi="103" ten="30,2000,0" yaku="1,1,0,1,53,0" doraHai="74" doraHaiUra="47" who="1" fromWho="1" sc="312,-5,198,30,250,-10,230,-5" /><INIT seed="3,0,0,0,3,54" ten="307,228,240,225" oya="3" hai0="35,124,41,69,32,106,14,19,62,74,80,105,133" hai1="0,70,76,72,89,1,100,4,2,53,34,110,109" hai2="91,12,31,18,30,98,77,125,75,88,16,6,38" hai3="55,40,48,73,68,13,24,51,129,113,121,103,97"/><W56/><G68/><T58/><D69/><U93/><E70/><V43/><F125/><W82/><G113/><T122/><D122/><U28/><E100/><V134/><F134/><W20/><G121/><T78/><D124/><U63/><E76/><V87/><F43/><W64/><G64/><T94/><D133/><U128/><E72/><V66/><F38/><W84/><G129/><T108/><D108/><N who="1" m="41579" /><E128/><V95/><F75/><W17/><G73/><T83/><D41/><U127/><E127/><V81/><F77/><W96/><G103/><T46/><D46/><U85/><E28/><N who="2" m="10795" /><F66/><W130/><G24/><T50/><D50/><U15/><E34/><V10/><AGARI ba="0,0" hai="6,10,12,16,18,81,87,88,91,95,98" m="10795" machi="10" ten="30,4000,0" yaku="8,1,54,2" doraHai="54" who="2" fromWho="2" sc="307,-10,228,-10,240,40,225,-20" /><INIT seed="4,0,0,4,1,117" ten="297,218,280,205" oya="0" hai0="55,50,59,7,134,129,92,54,30,3,112,69,100" hai1="84,99,46,113,66,103,40,51,80,107,70,18,13" hai2="79,17,1,8,48,29,6,58,101,39,14,106,104" hai3="34,116,90,124,24,43,105,25,131,64,37,81,77"/><T0/><D112/><U102/><E102/><V16/><F39/><W45/><G116/><T135/><D69/><U111/><E113/><V126/><F29/><W128/><G105/><T10/><D30/><U61/><E111/><V22/><F79/><W23/><G124/><T15/><D129/><N who="3" m="49737" /><G34/><T63/><D100/><U91/><E13/><V49/><F126/><W127/><G127/><T27/><D92/><U19/><AGARI ba="0,0" hai="18,19,40,46,51,61,66,70,80,84,91,99,103,107" machi="19" ten="30,1100,0" yaku="0,1" doraHai="117" who="1" fromWho="1" sc="297,-5,218,11,280,-3,205,-3" /><INIT seed="5,0,0,0,2,82" ten="292,229,277,202" oya="1" hai0="108,59,129,113,92,51,64,56,97,32,41,112,15" hai1="75,31,133,130,89,81,14,28,69,54,49,6,18" hai2="84,123,128,103,40,134,36,72,33,23,70,22,52" hai3="118,105,95,10,62,131,85,35,94,121,120,114,27"/><U5/><E69/><V99/><F72/><W24/><G105/><T77/><D108/><U34/><E133/><V101/><F123/><W73/><G73/><T135/><D135/><U43/><E43/><V119/><F119/><W80/><G118/><T60/><D32/><U68/><E68/><V106/><F33/><W4/><G114/><N who="0" m="44139" /><D129/><U67/><E67/><V11/><F70/><W53/><G131/><T38/><D77/><U46/><E130/><V124/><F101/><W30/><G27/><T3/><D3/><U78/><E89/><V66/><F66/><W7/><G121/><T63/><D15/><U65/><E65/><V122/><F128/><W126/><G120/><T98/><D38/><U61/><E61/><N who="0" m="23625" /><D64/><U29/><REACH who="1" step="1"/><E34/><REACH who="1" ten="292,219,277,202" step="2"/><V83/><F134/><W8/><G62/><T1/><D1/><U71/><E71/><V90/><F122/><W87/><G35/><T107/><D41/><U58/><E58/><V109/><F40/><W93/><G53/><T111/><D59/><U125/><E125/><V44/><F124/><W116/><G126/><T79/><D56/><U96/><E96/><V0/><F52/><W115/><G116/><T12/><D98/><U47/><E47/><V127/><F127/><W21/><G115/><T57/><D97/><U91/><E91/><V45/><F45/><W100/><G100/><T25/><D57/><U39/><E39/><V110/><F44/><W19/><G80/><T117/><D117/><U9/><AGARI ba="0,1" hai="5,6,9,14,18,28,29,31,46,49,54,75,78,81" machi="9" ten="30,3000,0" yaku="1,1,0,1,53,0" doraHai="82" doraHaiUra="88" who="1" fromWho="1" sc="292,-10,219,40,277,-10,202,-10" /><INIT seed="5,1,0,4,5,50" ten="282,259,267,192" oya="1" hai0="63,100,37,8,51,90,31,9,15,121,10,99,96" hai1="70,1,72,19,71,104,28,124,98,17,110,23,66" hai2="132,30,33,57,130,58,120,49,85,47,69,59,111" hai3="127,91,95,32,62,22,18,79,76,16,75,134,73"/><U53/><E72/><V21/><F120/><W116/><G32/><T3/><D37/><U122/><E1/><V92/><F69/><W108/><G108/><T103/><D121/><U78/><E78/><V131/><F111/><W107/><G107/><T84/><D3/><U52/><E122/><V12/><F132/><W87/><G134/><T114/><D114/><U81/><E81/><V27/><F33/><W135/><G135/><T88/><D31/><U40/><E40/><V14/><F85/><W44/><G116/><T56/><D51/><U4/><E4/><V60/><F92/><W11/><G127/><T80/><D15/><U64/><E110/><V133/><F60/><W55/><G75/><T102/><D90/><U125/><E28/><V5/><F133/><W101/><G101/><T46/><D46/><U35/><E35/><V29/><F29/><W39/><G39/><T94/><D80/><U82/><E82/><V25/><F25/><N who="3" m="14535" /><G73/><T43/><D43/><U38/><E38/><V117/><F117/><W13/><G44/><T113/><D113/><U123/><E123/><V86/><F5/><W97/><G87/><T67/><AGARI ba="1,0" hai="8,9,10,56,63,67,84,88,94,96,99,100,102,103" machi="67" ten="30,4000,0" yaku="0,1,8,1,54,1" doraHai="50" who="0" fromWho="0" sc="282,43,259,-21,267,-11,192,-11" owari="325,42.5,238,-16.2,256,5.6,181,-31.9" /></mjloggm>