<mjloggm ver="2.3"><GO type="169" lobby="0"/><UN n0="%6F%6B%62%6F%6B%62" n1="%63%61%72%6C%6F%73%6E" n2="%E6%89%8B%E6%8A%BC%E3%81%97%E8%BB%8A" n3="%E3%81%86%E3%81%91%E3%81%AA%E3%81%8C%E3%81%97%E3%81%BE%E3%81%9B%E3%82%93" dan="17,17,16,17" rate="2181.03,2192.56,2097.86,2255.79" sx="M,M,M,F"/><TAIKYOKU oya="0"/><INIT seed="0,0,0,5,0,56" ten="250,250,250,250" oya="0" hai0="73,109,54,88,114,13,60,33,115,104,83,134,108" hai1="58,21,20,2,118,92,51,25,91,81,39,55,48" hai2="64,0,107,67,61,85,126,36,50,119,11,19,98" hai3="14,9,125,86,74,6,131,99,41,127,40,78,34"/><T26/><D104/><U103/><E39/><V100/><F36/><W82/><G34/><T116/><D116/><U110/><E118/><V46/><F67/><W129/><G74/><T68/><D73/><U30/><E2/><V37/><F37/><W112/><G112/><T5/><D134/><U1/><E1/><V35/><F35/><W65/><G65/><N who="0" m="40999" /><D54/><U113/><E113/><V96/><F96/><W24/><G24/><T29/><D13/><U89/><E110/><N who="0" m="42601" /><D5/><U117/><E117/><V17/><F119/><W105/><G105/><T120/><D120/><U124/><E124/><N who="3" m="47690" /><G99/><T18/><D18/><U10/><E10/><V111/><F111/><W59/><G59/><T7/><D7/><U97/><E21/><V45/><F45/><W102/><G102/><T38/><D38/><U130/><E130/><AGARI ba="0,0" hai="6,9,14,40,41,78,82,86,129,130,131" m="47690" machi="130" ten="30,2000,0" yaku="19,1,18,1" doraHai="56" who="3" fromWho="1" sc="250,0,250,-20,250,0,250,20" /><INIT seed="1,0,0,3,0,37" ten="250,230,250,270" oya="1" hai0="108,61,73,101,39,103,91,100,59,122,54,84,27" hai1="81,66,98,135,102,80,60,87,12,56,131,77,71" hai2="119,127,83,50,109,133,46,93,57,22,49,47,126" hai3="104,28,111,76,64,52,51,15,5,97,115,134,9"/><U113/><E113/><V110/><F119/><W130/><G115/><T74/><D108/><N who="2" m="41578" /><F93/><W128/><G111/><T120/><D39/><U33/><E33/><V35/><F35/><W21/><G76/><T69/><D69/><U63/><E131/><V4/><F4/><W86/><G86/><T6/><D6/><U14/><E135/><V55/><F22/><W24/><G64/><T121/><REACH who="0" step="1"/><D27/><REACH who="0" ten="240,230,250,270" step="2"/><U129/><E129/><V26/><F26/><W89/><G134/><T8/><D8/><U125/><E125/><N who="2" m="47627" /><F133/><W3/><G3/><T16/><D16/><U42/><E12/><V70/><F70/><W118/><G118/><T65/><D65/><U67/><E14/><V29/><F29/><W117/><G117/><T41/><D41/><U62/><E42/><N who="2" m="24791" /><F83/><AGARI ba="0,1" hai="54,59,61,73,74,83,84,91,100,101,103,120,121,122" machi="83" ten="50,3200,0" yaku="1,1,13,1,53,0" doraHai="37" doraHaiUra="30" who="0" fromWho="2" sc="240,42,230,0,250,-32,270,0" /><INIT seed="2,0,0,2,1,75" ten="282,230,218,270" oya="2" hai0="69,114,66,90,49,52,17,40,67,113,41,47,33" hai1="96,123,48,110,128,84,10,2,63,122,18,26,115" hai2="116,68,105,120,70,55,106,30,125,97,83,23,56" hai3="13,92,14,60,3,102,121,27,35,44,119,1,12"/><V25/><F120/><W134/><G121/><T99/><D33/><U133/><E115/><V31/><F116/><W22/><G119/><T28/><D28/><U101/><E110/><V78/><F31/><W129/><G35/><T7/><D7/><U71/><E128/><V74/><F125/><W64/><G129/><T39/><D17/><U43/><E133/><V32/><F32/><W29/><G134/><T0/><D0/><U81/><E2/><V91/><F91/><W72/><G72/><T8/><D8/><U93/><E43/><V103/><REACH who="2" step="1"/><F105/><REACH who="2" ten="282,230,208,270" step="2"/><W98/><REACH who="3" step="1"/><G44/><REACH who="3" ten="282,230,208,260" step="2"/><T5/><D114/><U109/><E123/><V19/><F19/><W108/><G108/><T127/><D113/><U126/><E18/><V95/><F95/><W37/><G37/><T59/><D127/><U15/><E109/><V6/><F6/><W20/><G20/><T76/><D5/><U62/><E122/><V100/><F100/><W42/><G42/><T51/><D40/><U86/><E126/><V46/><F46/><W112/><G112/><T88/><D39/><U4/><E101/><V82/><F82/><W38/><G38/><T65/><D99/><U104/><E81/><V118/><F118/><W77/><G77/><T80/><REACH who="0" step="1"/><D69/><AGARI ba="0,2" hai="1,3,12,13,14,22,27,29,60,64,69,92,98,102" machi="69" ten="40,1300,0" yaku="1,1,53,0" doraHai="75" doraHaiUra="85" who="3" fromWho="0" sc="282,-13,230,0,208,0,260,33" /><INIT seed="3,0,0,5,2,102" ten="269,230,208,293" oya="3" hai0="15,56,37,38,73,8,98,76,125,47,30,129,59" hai1="89,88,60,117,2,65,62,86,51,5,84,7,109" hai2="79,122,1,64,91,36,54,81,12,116,101,35,67" hai3="55,132,131,49,111,42,32,106,50,11,115,46,3"/><W13/><G115/><T112/><D112/><U0/><E51/><V61/><F1/><W6/><G131/><T52/><D129/><U23/><E23/><V9/><F35/><W70/><G132/><T63/><D125/><U75/><E65/><V134/><F36/><W100/><G70/><T66/><D30/><U87/><E75/><V126/><F116/><W27/><G111/><T107/><D47/><U26/><E26/><V99/><F91/><N who="1" m="34889" /><E109/><V96/><F96/><W45/><G3/><N who="1" m="1066" /><E117/><V118/><F118/><W103/><REACH who="3" step="1"/><G106/><REACH who="3" ten="269,230,208,283" step="2"/><T28/><D107/><U120/><E120/><V69/><F122/><W41/><G41/><T108/><D108/><U80/><E80/><V25/><F134/><W44/><G44/><T93/><D37/><U39/><E39/><V17/><F126/><W123/><G123/><T20/><D38/><U85/><N who="1" m="21504" /><DORA hai="57" /><U130/><E130/><V82/><F69/><W48/><G48/><T22/><D59/><U24/><E24/><V95/><F79/><W78/><G78/><T92/><D76/><U94/><E94/><V133/><F133/><W43/><G43/><T33/><D93/><U53/><E53/><V14/><F81/><W83/><G83/><T74/><D52/><U110/><E110/><V124/><F82/><W4/><G4/><AGARI ba="0,1" hai="4,5,7,60,62" m="21504,1066,34889" machi="4" ten="50,8000,1" yaku="28,2,52,2,54,1" doraHai="102,57" who="1" fromWho="3" sc="269,0,230,90,208,0,283,-80" /><INIT seed="4,0,0,1,1,7" ten="269,320,208,203" oya="0" hai0="117,112,11,123,18,106,45,62,73,24,101,104,118" hai1="35,77,8,17,125,2,121,97,69,135,65,21,109" hai2="108,53,71,132,64,41,42,30,55,4,3,33,115" hai3="29,122,20,91,16,58,90,40,59,86,32,57,103"/><T87/><D112/><U48/><E121/><V110/><F115/><W25/><G122/><T27/><D123/><U9/><E35/><V124/><F33/><W89/><G40/><T114/><D114/><U51/><E2/><V127/><F30/><W95/><REACH who="3" step="1"/><G103/><REACH who="3" ten="269,320,208,193" step="2"/><T12/><D118/><U23/><E109/><V72/><F132/><W14/><AGARI ba="0,1" hai="14,16,20,25,29,32,57,58,59,86,89,90,91,95" machi="14" ten="30,7900,0" yaku="1,1,2,1,0,1,54,1,53,0" doraHai="7" doraHaiUra="94" who="3" fromWho="3" sc="269,-39,320,-20,208,-20,193,89" /><INIT seed="5,0,0,1,4,114" ten="230,300,188,282" oya="1" hai0="103,23,67,55,27,92,7,85,59,133,22,77,52" hai1="100,13,115,62,3,8,107,79,60,25,104,98,28" hai2="1,72,31,0,9,34,75,43,30,97,41,134,113" hai3="70,44,105,86,130,122,49,51,126,73,127,47,15"/><U81/><E115/><V93/><F113/><W61/><G105/><T56/><D133/><U87/><E3/><V35/><F97/><W125/><G73/><T32/><D32/><U5/><REACH who="1" step="1"/><E107/><REACH who="1" ten="230,290,188,282" step="2"/><V29/><F134/><W14/><G122/><T76/><D7/><U111/><E111/><V121/><F121/><W58/><G130/><T128/><D128/><U123/><E123/><V57/><F1/><W42/><G70/><T26/><D67/><U94/><E94/><V118/><F93/><W37/><G86/><T89/><D103/><U119/><E119/><V19/><F118/><W20/><G20/><AGARI ba="0,1" hai="5,8,13,20,25,28,60,62,79,81,87,98,100,104" machi="20" ten="30,5800,0" yaku="1,1,7,1,53,1" doraHai="114" doraHaiUra="101" who="1" fromWho="3" sc="230,0,290,68,188,0,282,-58" /><INIT seed="5,1,0,4,0,62" ten="230,358,188,224" oya="1" hai0="96,73,19,45,36,124,48,50,119,125,92,129,47" hai1="0,130,24,66,106,33,111,105,13,114,98,39,126" hai2="10,17,110,4,132,94,14,121,78,71,44,101,103" hai3="21,99,42,113,68,54,72,55,40,135,53,112,90"/><U74/><RYUUKYOKU type="yao9" ba="1,0" sc="230,0,358,0,188,0,224,0" hai1="0,13,24,33,39,66,74,98,105,106,111,114,126,130" /><INIT seed="5,2,0,3,5,8" ten="230,358,188,224" oya="1" hai0="97,32,109,95,44,133,122,99,18,49,63,37,116" hai1="101,3,112,19,59,70,80,9,102,52,22,125,76" hai2="16,7,38,6,5,129,72,77,20,36,107,75,42" hai3="78,82,14,28,110,66,130,51,91,126,0,24,13"/><U120/><E70/><V71/><F71/><W45/><G110/><T40/><D109/><U119/><E112/><V50/><F107/><W127/><G0/><T4/><D32/><U57/><E119/><V131/><F50/><W67/><G91/><T113/><D116/><U84/><E120/><V83/><F72/><W92/><G92/><T73/><D73/><U10/><E59/><V2/><F2/><W100/><G100/><N who="1" m="38506" /><E3/><V1/><F1/><W54/><G130/><N who="2" m="49673" /><F42/><W62/><G82/><T47/><D4/><U117/><E125/><N who="3" m="47626" /><G78/><T79/><D79/><U128/><E117/><V135/><F135/><W21/><G67/><T134/><D113/><U88/><E76/><V64/><F64/><W86/><G86/><T94/><D63/><N who="1" m="36263" /><E128/><V17/><F17/><W48/><G48/><T30/><D18/><U118/><E118/><V26/><AGARI ba="2,0" hai="5,6,7,16,20,26,36,38,75,77,83" m="49673" machi="26" ten="30,2000,0" yaku="19,1,54,1" doraHai="8" who="2" fromWho="2" sc="230,-7,358,-12,188,26,224,-7" /><INIT seed="6,0,0,0,2,129" ten="223,346,214,217" oya="2" hai0="6,106,69,33,26,24,73,127,128,21,16,37,99" hai1="133,81,36,5,74,46,115,58,44,124,109,105,83" hai2="9,50,108,38,63,110,107,65,116,77,53,92,111" hai3="35,70,112,118,122,8,55,1,84,54,17,51,41"/><V91/><F107/><W87/><G118/><T48/><D37/><U28/><E109/><V47/><F116/><W71/><G35/><T132/><D73/><U95/><E105/><V12/><F77/><W15/><G122/><T43/><D128/><U61/><E115/><V103/><F103/><W30/><G112/><T2/><D69/><U114/><E114/><V90/><F38/><W64/><G1/><T20/><D33/><U94/><E124/><V96/><F91/><W89/><G30/><T78/><D78/><U130/><E130/><V19/><REACH who="2" step="1"/><F110/><REACH who="2" ten="223,346,204,217" step="2"/><W31/><G89/><T66/><D127/><U62/><E36/><V85/><F85/><W121/><G87/><T102/><D106/><U42/><E74/><V123/><F123/><W79/><G121/><T72/><D72/><U4/><E95/><V93/><F93/><W10/><G84/><T22/><D102/><U57/><E94/><V34/><F34/><W52/><G79/><T135/><D99/><U18/><E83/><V86/><F86/><W82/><G82/><T27/><D66/><U11/><E81/><V97/><F97/><W88/><G88/><T76/><D76/><U117/><E117/><V3/><F3/><W134/><G64/><T113/><D113/><U75/><E75/><V131/><F131/><W59/><G70/><AGARI ba="0,1" hai="9,12,19,47,50,53,63,65,70,90,92,96,108,111" machi="70" ten="40,2000,0" yaku="1,1,53,0" doraHai="129" doraHaiUra="98" who="2" fromWho="3" sc="223,0,346,0,204,30,217,-20" /><INIT seed="6,1,0,1,0,120" ten="223,346,234,197" oya="2" hai0="109,56,9,6,115,27,29,99,59,112,38,37,8" hai1="53,14,32,52,91,20,111,86,25,42,97,28,122" hai2="39,79,67,84,60,40,15,133,24,113,81,0,103" hai3="89,12,26,34,134,31,45,129,22,78,101,58,3"/><V71/><F0/><W94/><G129/><T30/><D99/><U135/><E122/><V44/><F133/><W66/><G134/><T80/><D80/><U87/><E135/><V90/><F103/><W95/><G3/><T93/><D93/><U85/><E111/><V65/><F65/><W33/><G78/><T35/><D109/><U114/><E114/><V126/><F113/><N who="0" m="43594" /><D29/><U124/><E124/><V63/><F63/><W121/><G121/><T130/><D130/><U7/><E42/><V69/><F69/><W75/><G75/><T2/><D8/><N who="1" m="4383" /><E32/><V88/><F126/><W47/><G34/><T104/><D104/><U10/><E10/><V21/><REACH who="2" step="1"/><F15/><REACH who="2" ten="223,346,224,197" step="2"/><W19/><G101/><T49/><D49/><U98/><E91/><V17/><AGARI ba="1,1" hai="17,21,24,39,40,44,60,67,71,79,81,84,88,90" machi="17" ten="20,12000,1" yaku="1,1,2,1,0,1,7,1,54,1,53,0" doraHai="120" doraHaiUra="107" who="2" fromWho="2" sc="223,-41,346,-41,224,133,197,-41" /><INIT seed="6,2,0,2,2,37" ten="182,305,357,156" oya="2" hai0="99,4,98,74,92,131,30,119,94,42,34,23,133" hai1="130,35,110,63,1,129,88,66,68,97,0,18,33" hai2="25,93,86,38,45,8,134,132,51,116,40,135,65" hai3="19,56,61,17,59,6,73,78,91,125,89,7,76"/><V15/><F116/><W41/><G73/><T60/><D34/><U53/><E110/><V85/><F65/><W84/><G84/><T90/><D74/><U102/><E18/><V113/><F113/><W32/><G32/><N who="1" m="12362" /><E53/><V103/><F25/><W49/><G49/><T69/><D133/><U112/><E112/><V95/><F38/><W50/><G50/><T117/><D131/><N who="1" m="50187" /><E88/><V111/><F111/><W57/><G57/><T20/><D4/><U10/><E10/><V87/><REACH who="2" step="1"/><F103/><REACH who="2" ten="182,305,347,156" step="2"/><W36/><G36/><T120/><D119/><U114/><E114/><V24/><F24/><W83/><G125/><T75/><D117/><U100/><E100/><V70/><F70/><W124/><G124/><T46/><D69/><U31/><E31/><V48/><F48/><W72/><G61/><T105/><D60/><U122/><E122/><V79/><F79/><W109/><G109/><T12/><D30/><U104/><AGARI ba="2,1" hai="0,1,63,66,68,97,102,104" m="50187,12362" machi="104" ten="30,2000,0" yaku="19,1,23,1" doraHai="37" who="1" fromWho="1" sc="182,-7,305,36,347,-12,156,-7" /><INIT seed="7,0,0,3,0,30" ten="175,341,335,149" oya="3" hai0="113,80,120,1,65,15,96,135,86,93,123,87,114" hai1="37,20,108,104,95,112,48,79,78,21,46,50,34" hai2="107,111,14,68,0,45,57,94,59,6,55,117,25" hai3="124,52,29,36,41,97,58,85,51,18,103,49,16"/><W12/><G124/><T129/><D1/><U5/><E108/><V126/><F68/><W42/><G36/><T67/><D15/><U122/><E104/><V56/><F107/><W39/><G39/><T76/><D135/><U3/><E34/><V84/><F0/><W89/><G29/><T11/><D11/><U2/><E37/><V10/><F117/><W47/><G42/><T40/><D40/><U8/><E122/><N who="0" m="46633" /><D129/><U63/><E112/><N who="0" m="43113" /><D86/><U131/><E8/><V70/><F70/><W69/><G69/><T101/><AGARI ba="0,0" hai="65,67,76,80,87,93,96,101" m="43113,46633" machi="101" ten="30,2000,0" yaku="15,1,11,1" doraHai="30" who="0" fromWho="0" sc="175,20,341,-5,335,-5,149,-10" owari="195,-20.5,336,43.6,330,13.0,139,-36.1" /></mjloggm>