<mjloggm ver="2.3"><GO type="169" lobby="0"/><UN n0="%72%61%69%32%31%31" n1="%E3%81%BE%E3%81%88%E3%81%9F" n2="%6F%6B%62%6F%6B%62" n3="%53%68%69%72%6C%65%79" dan="16,17,17,16" rate="2160.07,2175.55,2197.68,2100.35" sx="M,F,M,M"/><TAIKYOKU oya="0"/><INIT seed="0,0,0,5,3,56" ten="250,250,250,250" oya="0" hai0="64,130,48,22,5,49,132,92,115,74,122,12,70" hai1="39,98,35,127,116,88,76,85,96,55,87,23,110" hai2="86,128,36,97,103,6,42,95,111,16,57,46,108" hai3="75,31,11,10,121,117,19,17,7,21,43,29,28"/><T84/><D115/><U47/><E35/><V67/><F6/><W131/><G75/><T60/><D122/><U62/><E116/><V80/><F128/><W66/><G43/><T91/><D130/><U54/><E110/><V100/><F100/><W20/><G131/><T123/><D123/><U124/><E39/><V90/><F67/><W73/><G73/><T4/><D74/><U78/><E23/><N who="3" m="8778" /><G66/><T50/><REACH who="0" step="1"/><D132/><REACH who="0" ten="240,250,250,250" step="2"/><U94/><E124/><V69/><F111/><W18/><G121/><T114/><D114/><U59/><E127/><V41/><F108/><W125/><G125/><T81/><D81/><N who="1" m="47271" /><E78/><V120/><F120/><W102/><G117/><T106/><D106/><U101/><E101/><V40/><F103/><W61/><G102/><T9/><D9/><N who="3" m="3081" /><G7/><T8/><D8/><U68/><E68/><V15/><F80/><W25/><G61/><T82/><D82/><U126/><E126/><V34/><F90/><W99/><G99/><T0/><D0/><U77/><E77/><V24/><F97/><W93/><G93/><T72/><D72/><U33/><E98/><V71/><F95/><W1/><G1/><T2/><D2/><U44/><E96/><V112/><F112/><W51/><G51/><T27/><D27/><AGARI ba="0,1" hai="17,18,19,25,27,28,29,31" m="3081,8778" machi="27" ten="40,16000,3" yaku="28,2,8,1,35,5" doraHai="56" who="3" fromWho="0" sc="240,-160,250,0,250,0,250,170" /><INIT seed="1,0,0,2,4,6" ten="80,250,250,420" oya="1" hai0="85,74,43,12,94,127,4,33,72,59,125,52,108" hai1="46,118,38,22,66,26,42,124,50,79,34,37,29" hai2="64,91,18,92,17,15,53,44,115,23,2,134,32" hai3="86,3,103,123,7,104,101,30,10,62,49,57,40"/><U99/><E118/><V80/><F134/><W83/><G123/><T119/><D119/><U35/><E124/><N who="0" m="47689" /><D33/><U135/><E135/><V105/><F2/><W56/><G30/><T93/><D43/><U111/><E111/><V114/><F105/><W70/><G70/><T5/><D108/><U48/><E66/><V88/><F64/><W11/><G104/><T31/><D31/><U95/><E79/><V20/><F32/><W77/><G11/><N who="0" m="4199" /><D5/><U89/><E38/><V122/><F122/><W69/><G69/><T109/><D109/><U39/><E39/><V107/><F107/><W120/><G120/><T1/><D1/><U45/><REACH who="1" step="1"/><E37/><REACH who="1" ten="80,240,250,420" step="2"/><V87/><F115/><W55/><G40/><AGARI ba="0,1" hai="22,26,29,34,35,40,42,45,46,48,50,89,95,99" machi="40" ten="30,11600,0" yaku="1,1,2,1,7,1,9,1,53,0" doraHai="6" doraHaiUra="65" who="1" fromWho="3" sc="80,0,240,126,250,0,420,-116" /><INIT seed="1,1,0,2,1,133" ten="80,366,250,304" oya="1" hai0="17,61,110,25,2,95,11,114,21,26,18,121,43" hai1="73,113,24,70,5,86,9,10,109,90,46,81,53" hai2="59,63,16,71,101,77,85,79,4,49,78,102,100" hai3="54,58,22,122,35,68,84,127,42,118,117,67,13"/><U19/><E113/><V65/><F4/><W132/><G122/><T62/><D114/><U0/><E70/><V87/><F71/><W112/><G112/><T76/><D110/><U14/><E109/><V82/><F49/><W45/><G35/><T20/><D121/><U6/><E73/><V116/><F116/><N who="3" m="44651" /><G84/><T115/><D115/><U97/><E97/><V8/><F82/><W3/><G3/><T80/><D43/><U29/><E46/><V106/><F106/><W99/><G99/><T48/><D48/><U103/><E103/><V31/><F31/><W69/><G13/><AGARI ba="1,0" hai="8,13,16,59,63,65,77,78,79,85,87,100,101,102" machi="13" ten="40,2600,0" yaku="8,1,54,1" doraHai="133" who="2" fromWho="3" sc="80,0,366,0,250,29,304,-29" /><INIT seed="2,0,0,0,4,119" ten="80,366,279,275" oya="2" hai0="128,66,20,101,70,2,38,110,133,1,25,28,6" hai1="35,63,78,95,10,97,87,33,31,105,76,75,94" hai2="64,7,3,115,107,17,112,85,36,132,109,92,0" hai3="111,73,108,114,99,98,100,13,53,47,9,121,91"/><V8/><F107/><W122/><G73/><T79/><D38/><U134/><E75/><V124/><F36/><W81/><G114/><T123/><D110/><N who="3" m="42025" /><G47/><T29/><D128/><U58/><E105/><V52/><F109/><W21/><G21/><T65/><D133/><U46/><E46/><V74/><F74/><W96/><G53/><T62/><D66/><U39/><E39/><V42/><F42/><W14/><G100/><T15/><D79/><U117/><E76/><V44/><F132/><W60/><G60/><T24/><D101/><U22/><E22/><V34/><F34/><W88/><G81/><T120/><D15/><N who="3" m="5641" /><G9/><T116/><D116/><U82/><E10/><V103/><F0/><W61/><G61/><T59/><D59/><U102/><E58/><V131/><F64/><W83/><G83/><T51/><D51/><U57/><E57/><V113/><F103/><W69/><G69/><T127/><D127/><U126/><E63/><V16/><F124/><W72/><G72/><T71/><D71/><U50/><E82/><V80/><F92/><W45/><G45/><T55/><D55/><U130/><E126/><V41/><F41/><W43/><G43/><T118/><D118/><U89/><E95/><V23/><F23/><W68/><G68/><T4/><D1/><U40/><E134/><V104/><F104/><W12/><N who="3" m="5649" /><W48/><DORA hai="18" /><G48/><T49/><D49/><U30/><E50/><V32/><F85/><W5/><G5/><N who="0" m="2155" /><D2/><U19/><E102/><V90/><F3/><W37/><G37/><T27/><D20/><U135/><E135/><RYUUKYOKU ba="0,0" sc="80,15,366,-15,279,-15,275,15" hai0="24,25,27,28,29,62,65,70,120,123" hai3="88,91,96,98,99,121,122" /><INIT seed="3,1,0,2,0,90" ten="95,351,264,290" oya="3" hai0="112,53,116,0,41,77,117,109,59,52,84,114,30" hai1="21,98,64,106,93,73,120,24,104,55,58,82,108" hai2="75,124,132,130,7,123,128,3,126,11,101,8,63" hai3="50,119,34,129,115,127,13,97,20,35,16,37,107"/><W45/><G119/><N who="0" m="45643" /><D0/><U57/><E108/><V96/><F63/><W71/><G37/><T88/><D77/><U87/><E73/><V60/><F60/><W80/><G71/><T48/><D30/><U38/><E38/><V6/><F75/><W44/><G129/><N who="2" m="49769" /><F96/><W25/><G127/><N who="2" m="48681" /><F101/><W46/><G80/><T103/><D103/><U14/><E64/><V99/><F99/><W5/><G107/><T83/><D109/><U85/><E98/><V36/><F36/><W47/><G97/><T43/><D53/><U111/><E55/><V40/><F40/><W76/><G76/><T42/><D42/><U68/><E68/><V121/><F132/><W113/><G47/><T51/><D51/><U110/><E104/><V79/><F79/><W4/><G50/><T100/><D100/><U86/><E106/><V1/><AGARI ba="1,0" hai="1,3,6,7,8,11,121,123" m="48681,49769" machi="1" ten="40,8000,1" yaku="19,1,18,1,23,1,34,2" doraHai="90" who="2" fromWho="2" sc="95,-21,351,-21,264,83,290,-41" /><INIT seed="4,0,0,1,5,42" ten="74,330,347,249" oya="0" hai0="61,121,63,34,48,17,19,4,6,14,23,94,0" hai1="27,24,71,135,9,126,87,100,111,20,44,56,133" hai2="130,112,73,115,10,52,95,3,82,33,74,21,134" hai3="5,37,78,26,55,88,90,125,30,119,123,60,66"/><T93/><D121/><U57/><E71/><V38/><F33/><W22/><G119/><T108/><D34/><U131/><E111/><V12/><F3/><W62/><G125/><T43/><D108/><U96/><E126/><V15/><F38/><W128/><G128/><T79/><D79/><U117/><E117/><V83/><F130/><W106/><G106/><T105/><D105/><U103/><E9/><V97/><F134/><N who="1" m="51209" /><E87/><V36/><F36/><W118/><G118/><T28/><D28/><N who="1" m="17415" /><E131/><V77/><F21/><W16/><G5/><N who="0" m="2155" /><D0/><U72/><E72/><V67/><F67/><W113/><G123/><T99/><D19/><U129/><E100/><V75/><F10/><W101/><G101/><N who="0" m="60655" /><D94/><N who="1" m="58775" /><E27/><V40/><F15/><W110/><G110/><T29/><D29/><U127/><E127/><V70/><F12/><W89/><G78/><T25/><D14/><U39/><E129/><V92/><F70/><W107/><G107/><T69/><D69/><U58/><E39/><V81/><F77/><W114/><G37/><T32/><D32/><U59/><N who="1" m="14336" /><DORA hai="18" /><U2/><E2/><V84/><F84/><W49/><G30/><T13/><D25/><U91/><E91/><N who="2" m="55455" /><F95/><W31/><G31/><T102/><D102/><U46/><AGARI ba="0,0" hai="44,46" m="14336,58775,17415,51209" machi="46" ten="50,8000,1" yaku="20,1,52,3" doraHai="42,18" who="1" fromWho="1" sc="74,-40,330,80,347,-20,249,-20" /><INIT seed="5,0,0,0,1,81" ten="34,410,327,229" oya="1" hai0="51,116,80,128,68,12,77,64,71,100,106,73,24" hai1="26,123,10,41,37,30,9,103,27,4,113,109,90" hai2="16,32,96,104,122,13,54,39,111,55,25,21,97" hai3="130,38,44,74,125,61,50,45,43,89,40,67,31"/><U46/><E113/><V78/><F111/><W114/><G74/><T1/><D116/><U112/><E112/><V108/><F108/><W82/><G114/><T3/><D128/><U117/><E117/><V107/><F39/><W133/><G31/><T52/><D106/><U101/><E109/><V94/><F122/><W63/><G130/><T2/><D100/><U56/><E56/><V65/><F65/><W36/><G82/><T22/><D12/><U7/><E123/><V29/><F78/><W5/><G5/><T132/><D132/><U14/><E90/><V95/><F104/><W19/><G19/><T75/><D75/><U28/><E28/><V86/><F107/><W99/><G99/><T59/><REACH who="0" step="1"/><D64/><REACH who="0" ten="24,410,327,229" step="2"/><U58/><E101/><V84/><F55/><N who="3" m="30151" /><G133/><T62/><D62/><U33/><E103/><V124/><F54/><W42/><G61/><T23/><D23/><U34/><E33/><V88/><F124/><W102/><G102/><AGARI ba="0,1" hai="13,16,21,25,29,32,84,86,88,94,95,96,97,102" machi="102" ten="30,8000,1" yaku="7,1,52,2,54,2" doraHai="81" who="2" fromWho="3" sc="24,0,410,0,327,90,229,-80" /><INIT seed="6,0,0,3,1,76" ten="24,410,417,149" oya="2" hai0="40,47,134,17,14,85,80,48,105,6,18,9,114" hai1="37,112,99,3,128,117,103,4,43,34,71,62,74" hai2="28,121,51,72,70,5,96,90,64,24,131,91,93" hai3="108,78,12,100,33,126,69,66,29,119,92,132,124"/><V49/><F121/><W133/><G119/><T87/><D105/><U56/><E117/><V1/><F72/><W123/><G108/><T115/><D87/><U53/><E112/><N who="0" m="43049" /><D134/><N who="3" m="51817" /><G123/><T135/><D135/><U39/><E74/><V68/><F131/><W25/><G12/><T42/><D40/><U104/><E128/><V54/><F5/><W19/><G19/><T118/><D118/><U32/><E71/><V50/><F1/><W59/><G69/><T10/><D10/><U13/><E3/><V97/><F54/><W130/><G130/><T45/><D45/><U31/><E43/><V82/><F64/><W83/><G66/><T7/><D7/><U22/><E31/><V109/><F109/><W30/><G30/><T89/><AGARI ba="0,0" hai="6,9,14,17,18,42,47,48,80,85,89" m="43049" machi="89" ten="30,2000,0" yaku="15,1,52,1" doraHai="76" who="0" fromWho="0" sc="24,20,410,-5,417,-10,149,-5" /><INIT seed="7,0,0,4,2,80" ten="44,405,407,144" oya="3" hai0="121,29,33,134,70,86,87,123,131,79,117,97,39" hai1="76,26,85,67,34,91,132,105,133,74,23,19,40" hai2="62,55,81,129,50,99,43,59,3,16,124,11,63" hai3="115,127,113,10,89,69,116,8,128,78,107,120,102"/><W17/><G116/><T72/><D70/><U68/><E105/><V92/><F129/><W6/><G128/><T66/><D66/><U75/><E40/><V38/><F38/><W49/><G127/><T110/><D39/><U88/><E34/><V104/><F104/><W27/><G120/><N who="0" m="46155" /><D29/><U9/><E9/><V4/><F124/><W12/><G69/><T114/><D33/><U90/><E85/><N who="0" m="32265" /><D131/><U14/><E14/><N who="2" m="7263" /><F81/><W64/><G49/><T0/><D0/><U58/><E68/><V36/><F36/><W7/><G64/><T25/><D25/><U24/><E76/><V73/><F73/><W47/><G47/><T45/><D45/><U56/><E67/><V53/><F3/><W93/><G17/><T48/><D48/><U28/><E28/><V61/><F4/><W126/><G12/><T94/><D117/><U44/><E44/><N who="2" m="27847" /><F43/><W101/><G8/><T51/><D51/><U35/><E35/><V21/><F21/><W98/><G27/><T95/><D110/><U130/><E130/><V31/><F31/><W65/><G65/><T112/><D134/><N who="1" m="51819" /><E26/><V42/><F42/><W103/><G10/><T1/><D1/><U32/><E32/><V71/><F71/><W135/><G6/><T108/><D108/><U82/><E82/><V84/><F84/><W5/><G5/><T54/><D54/><U22/><E22/><V46/><F46/><W77/><G7/><T60/><D60/><U122/><E122/><V83/><F83/><W52/><G52/><T111/><D111/><U20/><E20/><V2/><F2/><W13/><G135/><RYUUKYOKU ba="0,0" sc="44,-15,405,15,407,15,144,-15" hai1="19,23,24,56,58,74,75,88,90,91" hai2="55,59,61,62,63,92,99" owari="29,-47.1,420,22.0,422,52.2,129,-27.1" /></mjloggm>