<mjloggm ver="2.3"><GO type="169" lobby="0"/><UN n0="%69%6E%64%69%61%3D" n1="%E6%95%97%E5%8C%97%E8%80%85%E3%81%AD%E3%82%8B" n2="%73%65%69%67%65%6E" n3="%6B%69%72%61%72%69%79%75" dan="16,17,17,17" rate="2077.92,2198.77,2216.34,2142.09" sx="M,F,M,M"/><TAIKYOKU oya="0"/><INIT seed="0,0,0,3,5,91" ten="250,250,250,250" oya="0" hai0="43,42,84,2,25,130,21,31,121,119,106,5,30" hai1="111,62,13,47,4,134,72,76,9,107,14,92,11" hai2="77,97,80,102,67,90,117,101,118,40,116,109,135" hai3="94,127,66,15,129,50,28,27,7,95,44,124,133"/><T68/><D119/><U32/><E107/><V51/><F67/><W53/><G129/><T8/><D121/><U16/><E32/><V104/><F40/><W18/><G7/><T60/><D106/><U46/><E111/><V93/><F51/><W61/><G133/><T22/><D130/><U122/><E134/><V38/><F38/><W36/><G36/><T59/><D68/><U65/><E122/><V123/><F123/><W29/><G29/><T128/><D128/><U115/><E115/><V58/><F58/><N who="3" m="37175" /><G18/><T103/><D103/><N who="2" m="39434" /><F104/><W73/><G15/><T78/><D78/><U113/><E113/><V83/><F135/><W20/><G73/><T41/><D84/><U96/><E76/><V26/><F26/><W39/><G39/><T112/><D112/><U131/><E72/><N who="2" m="43047" /><F83/><W82/><G82/><T89/><D89/><U70/><REACH who="1" step="1"/><E131/><REACH who="1" ten="250,240,250,250" step="2"/><V17/><F17/><W1/><G1/><T19/><REACH who="0" step="1"/><D22/><REACH who="0" ten="240,240,250,250" step="2"/><U87/><E87/><V3/><F3/><W79/><G79/><T105/><D105/><U52/><E52/><AGARI ba="0,2" hai="2,5,8,19,21,25,30,31,41,42,43,52,59,60" machi="52" ten="40,7700,0" yaku="1,1,54,1,53,1" doraHai="91" doraHaiUra="48" who="0" fromWho="1" sc="240,97,240,-77,250,0,250,0" /><INIT seed="0,1,0,2,5,115" ten="337,163,250,250" oya="0" hai0="37,23,50,118,33,18,94,76,133,12,65,56,103" hai1="114,34,24,59,98,46,71,38,35,53,125,14,5" hai2="109,99,92,6,124,36,63,104,11,10,70,117,75" hai3="48,74,127,84,122,132,135,54,19,106,17,91,26"/><T95/><D37/><U62/><E71/><V107/><F109/><W42/><G74/><T61/><D133/><U102/><E114/><V83/><F36/><W131/><G42/><T0/><D0/><U89/><E125/><V96/><F124/><W120/><G127/><T22/><D33/><U32/><E89/><V66/><F11/><W47/><G106/><T16/><D118/><U7/><E24/><V27/><F117/><W105/><G105/><T9/><D76/><U69/><E14/><V44/><F44/><W31/><G131/><T60/><D50/><U119/><E119/><V8/><F8/><W130/><G130/><T64/><D103/><U43/><REACH who="1" step="1"/><E69/><REACH who="1" ten="337,153,250,250" step="2"/><V78/><F27/><W126/><G126/><T86/><D86/><U21/><E21/><V29/><F99/><W49/><G91/><T58/><D23/><U87/><E87/><V13/><F29/><W121/><G84/><T55/><D55/><U88/><E88/><AGARI ba="1,1" hai="6,10,13,63,66,70,75,78,83,88,92,96,104,107" machi="88" ten="30,2000,0" yaku="7,1,54,1" doraHai="115" who="2" fromWho="1" sc="337,0,153,-23,250,33,250,0" /><INIT seed="1,0,0,5,5,40" ten="337,130,283,250" oya="1" hai0="125,81,37,49,83,72,110,8,130,16,134,29,117" hai1="17,106,24,79,111,80,28,133,69,113,61,87,104" hai2="102,68,31,86,6,38,51,47,82,56,71,105,60" hai3="90,70,123,120,7,76,112,50,22,114,4,91,32"/><U78/><E113/><V74/><F38/><W57/><G76/><T34/><D117/><U64/><E133/><V65/><F74/><W20/><G57/><T27/><D110/><U85/><E111/><V129/><F129/><W43/><G43/><T98/><D130/><U97/><E17/><V115/><F115/><W11/><G11/><T94/><D37/><U46/><E46/><V124/><F124/><W42/><G42/><T107/><D107/><U55/><E55/><V116/><F116/><W95/><G95/><T126/><D134/><U3/><E3/><V33/><F6/><W121/><G50/><T44/><D126/><U109/><E109/><V135/><F135/><W23/><G32/><T41/><D72/><U10/><E10/><V21/><F33/><W66/><G66/><T35/><D35/><U128/><E128/><V92/><F105/><W59/><G59/><T96/><D96/><U75/><E78/><V101/><F92/><W30/><G30/><T73/><D73/><U9/><E9/><V12/><F71/><W63/><G63/><T103/><REACH who="0" step="1"/><D125/><REACH who="0" ten="327,130,283,250" step="2"/><U132/><E132/><V119/><F119/><W0/><G114/><T13/><AGARI ba="0,1" hai="8,13,16,27,29,34,41,44,49,81,83,94,98,103" machi="13" ten="30,8000,1" yaku="1,1,2,1,0,1,52,1,54,1,53,0" doraHai="40" doraHaiUra="53" who="0" fromWho="0" sc="327,90,130,-40,283,-20,250,-20" /><INIT seed="2,0,0,3,0,125" ten="417,90,263,230" oya="2" hai0="42,19,72,25,105,122,61,38,127,36,1,26,77" hai1="87,66,27,21,86,78,32,130,92,114,116,76,18" hai2="98,35,99,3,111,20,24,134,59,107,37,128,90" hai3="33,101,110,49,82,2,102,79,50,67,54,94,14"/><V55/><F134/><W106/><G2/><T5/><D122/><U75/><E114/><V115/><F115/><W12/><G110/><T43/><D105/><U104/><E116/><V57/><F35/><W34/><G67/><T129/><D61/><U131/><E104/><V96/><F3/><W121/><G106/><T13/><D127/><U9/><E66/><V53/><F37/><W91/><G121/><T11/><D38/><U62/><E62/><N who="2" m="36143" /><F128/><N who="1" m="49193" /><E32/><V39/><F39/><W30/><G30/><T22/><D43/><U109/><E109/><V117/><F117/><W60/><G60/><T108/><D108/><U58/><E75/><V51/><F111/><W103/><G34/><T83/><D129/><U126/><E126/><V40/><F40/><W16/><G33/><T10/><D11/><U71/><E71/><V63/><F107/><W64/><G64/><T97/><D97/><U135/><E58/><V118/><F118/><W88/><G14/><T45/><AGARI ba="0,0" hai="1,5,10,13,19,22,25,26,36,42,45,72,77,83" machi="45" ten="30,4000,0" yaku="0,1,25,2" doraHai="125" who="0" fromWho="0" sc="417,40,90,-10,263,-20,230,-10" /><INIT seed="3,0,0,2,1,35" ten="457,80,243,220" oya="3" hai0="62,123,27,103,114,24,132,54,75,29,46,130,111" hai1="68,117,37,36,93,118,122,17,25,19,67,104,108" hai2="101,73,116,134,52,131,23,126,82,94,56,86,51" hai3="8,72,14,0,98,113,71,43,22,120,1,30,61"/><W84/><G72/><T33/><D123/><U128/><E104/><V26/><F116/><N who="1" m="44649" /><E122/><V97/><F134/><W16/><G120/><T13/><D132/><U49/><E49/><V92/><F131/><W74/><G74/><T107/><D130/><U133/><E128/><V58/><F126/><W125/><G125/><T38/><D111/><U65/><E133/><V78/><F73/><W55/><G113/><T135/><D135/><U40/><E40/><V2/><F2/><W34/><G43/><T15/><D27/><U106/><E106/><V39/><F39/><N who="1" m="14921" /><E108/><V95/><REACH who="2" step="1"/><F58/><REACH who="2" ten="457,80,233,220" step="2"/><W85/><G71/><T32/><D38/><U105/><E68/><V7/><F7/><W3/><G34/><T87/><D33/><U76/><E105/><V99/><F99/><W121/><G98/><T96/><D107/><U45/><E93/><V80/><F80/><W100/><G121/><T9/><D96/><U91/><E45/><V102/><F102/><W119/><G100/><T79/><D103/><U129/><E129/><V112/><F112/><W88/><G119/><T63/><D46/><U89/><E76/><V59/><F59/><W11/><G85/><T28/><D87/><U31/><E91/><V50/><F50/><W41/><G84/><T66/><D79/><U83/><E89/><V18/><AGARI ba="0,1" hai="18,23,26,51,52,56,78,82,86,92,94,95,97,101" machi="18" ten="20,8000,1" yaku="1,1,0,1,7,1,8,1,54,1,53,0" doraHai="35" doraHaiUra="115" who="2" fromWho="2" sc="457,-20,80,-20,233,90,220,-40" /><INIT seed="4,0,0,2,4,9" ten="437,60,323,180" oya="0" hai0="83,99,77,4,28,0,64,117,90,32,26,85,60" hai1="78,97,103,7,12,62,130,5,44,110,61,36,67" hai2="92,111,108,15,135,30,57,114,118,21,25,116,93" hai3="121,31,101,50,17,95,84,33,75,23,128,106,13"/><T105/><D117/><N who="2" m="45162" /><F114/><W45/><G75/><T107/><D0/><U58/><E130/><V72/><F72/><W113/><G113/><T86/><D4/><U6/><E110/><N who="2" m="42027" /><F135/><W46/><G128/><T1/><D1/><U24/><E78/><V109/><N who="2" m="42035" /><V112/><DORA hai="68" /><F112/><W29/><G121/><T35/><D35/><U124/><E124/><V16/><F57/><W82/><G33/><AGARI ba="0,0" hai="15,16,21,25,30,33,92,93" m="42035,45162" machi="33" ten="40,5200,0" yaku="12,1,52,1,54,1" doraHai="9,68" who="2" fromWho="3" sc="437,0,60,0,323,52,180,-52" /><INIT seed="5,0,0,5,4,18" ten="437,60,375,128" oya="1" hai0="68,124,123,101,90,112,40,29,121,105,1,21,67" hai1="30,88,9,64,97,106,62,114,103,109,6,51,129" hai2="15,95,42,43,10,108,63,133,87,34,82,102,57" hai3="2,44,20,28,104,39,24,81,27,41,78,80,100"/><U13/><E114/><V115/><F108/><W23/><G2/><T70/><D112/><U86/><E129/><V37/><F133/><W72/><G81/><T59/><D1/><U16/><E109/><V12/><F34/><W89/><G89/><T76/><D76/><U130/><E130/><V118/><F118/><W98/><REACH who="3" step="1"/><G27/><REACH who="3" ten="437,60,375,118" step="2"/><T71/><D90/><U134/><E134/><V132/><F132/><W127/><G127/><T48/><D124/><U61/><E30/><V60/><F82/><W94/><G94/><T0/><D0/><U26/><E51/><V113/><F95/><W35/><AGARI ba="0,1" hai="20,23,24,28,35,39,41,44,72,78,80,98,100,104" machi="35" ten="20,8000,1" yaku="1,1,0,1,7,1,52,2,53,0" doraHai="18" doraHaiUra="4" who="3" fromWho="3" sc="437,-20,60,-40,375,-20,118,90" /><INIT seed="6,0,0,0,1,23" ten="417,20,355,208" oya="2" hai0="55,130,117,56,29,84,119,79,132,92,135,127,57" hai1="90,94,19,129,20,21,6,120,16,99,53,33,78" hai2="34,15,40,39,26,111,0,46,11,65,54,133,47" hai3="61,104,42,128,109,106,22,112,75,9,44,125,51"/><V12/><F133/><N who="0" m="51274" /><D130/><U36/><E129/><V71/><F111/><W17/><G109/><T43/><D127/><U126/><E120/><V101/><F101/><W76/><G128/><T50/><D43/><U108/><E33/><V31/><F71/><W27/><G125/><T122/><D122/><U97/><E36/><V2/><F65/><W89/><G112/><T18/><D29/><U67/><E126/><V93/><F93/><W63/><G89/><N who="0" m="53287" /><D79/><U103/><E67/><V30/><F30/><W32/><G32/><T80/><D80/><U8/><E78/><V81/><F15/><W52/><G9/><T1/><D1/><U83/><E108/><V68/><F68/><W7/><G7/><T77/><D77/><U62/><E83/><V72/><F72/><W38/><G76/><T24/><D57/><U35/><E35/><V121/><F81/><W98/><G75/><T134/><D134/><U123/><E123/><V107/><F121/><W4/><G4/><T13/><D24/><U96/><E103/><V110/><F110/><W131/><G131/><T105/><D105/><U124/><E124/><V37/><F107/><W102/><REACH who="3" step="1"/><G106/><REACH who="3" ten="417,20,355,198" step="2"/><T25/><D119/><U48/><E62/><V41/><F54/><W14/><G14/><T82/><D13/><U114/><E114/><V10/><F10/><W60/><G60/><T45/><D117/><U113/><E113/><V59/><F0/><W85/><G85/><T74/><D74/><U28/><E28/><V69/><F2/><W66/><G66/><T118/><D118/><U58/><E8/><V88/><F11/><RYUUKYOKU ba="0,1" sc="417,-10,20,-10,355,-10,198,30" hai3="17,22,27,38,42,44,51,52,61,63,98,102,104" /><INIT seed="7,1,1,3,0,47" ten="407,10,345,228" oya="3" hai0="88,26,64,19,91,60,57,48,41,131,27,59,11" hai1="128,36,40,96,122,76,69,119,79,102,116,17,49" hai2="98,3,45,86,68,133,58,32,28,53,54,93,70" hai3="43,18,75,95,0,61,97,38,81,51,7,66,62"/><W55/><G18/><T22/><D131/><U113/><E49/><V106/><F3/><W104/><G104/><T24/><D11/><U35/><E17/><V78/><F133/><W73/><G62/><T12/><D41/><U10/><E10/><V84/><F106/><W112/><G112/><T107/><D107/><U16/><E96/><V135/><F135/><W67/><G67/><T21/><D21/><U6/><E102/><V29/><F70/><W110/><G110/><T90/><REACH who="0" step="1"/><D48/><REACH who="0" ten="397,10,345,228" step="2"/><U92/><E40/><V56/><F32/><W15/><G0/><T127/><D127/><U8/><E8/><V23/><F23/><W20/><G7/><T87/><D87/><U123/><E6/><V118/><F118/><W30/><G81/><T65/><D65/><U77/><E92/><V82/><F68/><AGARI ba="1,2" hai="12,19,22,24,26,27,57,59,60,64,68,88,90,91" machi="68" ten="40,2600,0" yaku="1,1,54,1,53,0" doraHai="47" doraHaiUra="80" who="0" fromWho="2" sc="397,49,10,0,345,-29,228,0" owari="446,54.6,10,-49.0,316,11.6,228,-17.2" /></mjloggm>