<mjloggm ver="2.3"><GO type="169" lobby="0"/><UN n0="%E7%B4%94%E6%BD%94%E3%83%94%E3%83%A9%E3%83%8B%E3%82%A2" n1="%E8%B5%A4%E7%BE%8E%E6%BF%83%E3%81%BE%E3%81%90%E3%82%8D" n2="%E2%91%A3%E3%82%BB%E3%83%B3%E3%83%81" n3="%E4%BE%8D" dan="16,16,18,17" rate="2156.36,2174.61,2270.33,2210.99" sx="M,M,M,M"/><TAIKYOKU oya="0"/><INIT seed="0,0,0,1,3,69" ten="250,250,250,250" oya="0" hai0="17,95,85,135,10,98,125,32,128,84,3,24,107" hai1="108,99,47,4,127,72,35,113,39,122,66,14,57" hai2="29,130,131,31,119,75,16,111,88,76,36,45,55" hai3="59,18,43,50,120,1,126,90,79,117,56,11,133"/><T34/><D125/><U51/><E14/><V110/><F119/><W94/><G117/><T101/><D128/><N who="2" m="49194" /><F76/><W81/><G126/><T121/><D121/><U61/><E4/><V104/><F75/><W77/><G133/><T78/><D135/><U33/><E72/><V102/><F102/><W62/><G120/><T74/><D3/><U15/><E15/><V54/><F104/><W71/><G71/><T93/><D10/><U48/><E35/><V91/><F16/><W22/><G43/><T116/><D17/><U23/><E33/><V9/><F9/><W38/><G50/><T92/><D32/><U52/><E23/><V40/><F55/><W64/><G59/><T80/><REACH who="0" step="1"/><D116/><REACH who="0" ten="240,250,250,250" step="2"/><U124/><E122/><V100/><F29/><AGARI ba="0,1" hai="24,29,34,74,78,80,84,85,92,93,95,98,101,107" machi="29" ten="40,3900,0" yaku="1,1,2,1,53,0" doraHai="69" doraHaiUra="132" who="0" fromWho="2" sc="240,49,250,0,250,-39,250,0" /><INIT seed="0,1,0,1,3,21" ten="289,250,211,250" oya="0" hai0="37,97,83,24,58,34,16,12,90,50,56,122,130" hai1="40,2,41,30,11,125,15,53,72,134,67,73,114" hai2="44,89,110,64,39,51,88,63,32,129,82,66,108" hai3="46,101,59,131,121,36,27,48,74,26,31,112,3"/><T104/><D122/><U62/><E2/><V117/><F39/><W85/><G112/><T60/><D37/><U1/><E1/><V86/><F129/><W96/><G74/><T6/><D130/><U98/><E73/><V61/><F32/><W126/><G3/><T5/><D104/><U123/><E72/><V4/><F4/><W35/><G131/><T133/><D133/><U120/><E114/><V54/><F117/><W43/><G126/><T65/><D56/><U10/><E125/><V128/><F128/><W13/><G121/><T111/><D50/><U109/><E109/><N who="2" m="42091" /><F89/><W87/><G13/><T19/><D111/><U55/><E98/><V99/><F99/><W113/><G113/><T135/><D135/><U70/><E30/><V102/><F102/><W52/><REACH who="3" step="1"/><G26/><REACH who="3" ten="289,250,211,240" step="2"/><T49/><D24/><U33/><E15/><V38/><F38/><W93/><AGARI ba="1,1" hai="27,31,35,36,43,46,48,52,59,85,87,93,96,101" machi="93" ten="20,12000,2" yaku="1,1,2,1,0,1,7,1,52,1,54,1,53,0" doraHai="21" doraHaiUra="116" who="3" fromWho="3" sc="289,-61,250,-31,211,-31,240,133" /><INIT seed="1,0,0,1,2,5" ten="228,219,180,373" oya="1" hai0="32,135,7,14,113,90,49,38,110,62,92,42,2" hai1="17,56,68,20,0,105,66,94,119,83,109,54,15" hai2="18,8,37,33,19,73,48,24,64,4,21,97,40" hai3="120,131,102,108,61,46,36,76,80,103,95,52,112"/><U3/><E105/><V69/><F73/><W43/><G112/><T23/><D113/><U60/><E119/><V59/><F33/><W67/><G120/><T26/><D110/><U34/><E34/><V39/><F69/><W117/><G108/><T58/><D38/><U44/><E109/><V104/><F19/><W77/><G131/><T106/><D106/><U116/><E116/><V35/><F35/><W98/><G117/><T126/><D126/><U74/><E44/><V114/><F40/><W99/><G80/><T118/><D118/><U63/><REACH who="1" step="1"/><E94/><REACH who="1" ten="228,209,180,373" step="2"/><V132/><F104/><W25/><G46/><T71/><D32/><U124/><E124/><V127/><F127/><W85/><G95/><T81/><D92/><U111/><E111/><V16/><F114/><W22/><G103/><T86/><D135/><U130/><E130/><V30/><F132/><W101/><G102/><T13/><D42/><U29/><E29/><V1/><F30/><W10/><G101/><T129/><D129/><U87/><E87/><V51/><F97/><W47/><G85/><T41/><D41/><U121/><E121/><V11/><F39/><W88/><G99/><T96/><D96/><U31/><E31/><V91/><F37/><W50/><G43/><T122/><D122/><U79/><AGARI ba="0,1" hai="0,3,15,17,20,54,56,60,63,66,68,74,79,83" machi="79" ten="30,6000,0" yaku="1,1,0,1,53,1" doraHai="5" doraHaiUra="55" who="1" fromWho="1" sc="228,-20,209,70,180,-20,373,-20" /><INIT seed="1,1,0,2,1,18" ten="208,279,160,353" oya="1" hai0="17,62,6,85,82,27,51,84,121,56,92,23,32" hai1="60,128,0,50,20,106,99,90,108,95,38,9,126" hai2="21,88,11,64,83,1,133,28,94,26,19,109,78" hai3="48,71,63,34,127,25,3,52,33,89,76,4,22"/><U5/><E38/><V10/><F109/><W75/><G127/><T117/><D117/><U87/><E108/><V15/><F133/><W79/><G3/><T68/><D32/><U113/><E126/><V107/><F107/><W42/><G4/><T86/><D121/><U115/><E128/><V43/><F64/><W91/><G34/><T7/><D68/><U24/><E50/><V46/><F1/><W111/><G33/><T112/><D112/><U102/><REACH who="1" step="1"/><E60/><REACH who="1" ten="208,269,160,353" step="2"/><V69/><F69/><W98/><G63/><T30/><D51/><U124/><E124/><V2/><F2/><W118/><G48/><T40/><D40/><U44/><E44/><V72/><F46/><W101/><G42/><T59/><D59/><U14/><E14/><V77/><F43/><W31/><G111/><T37/><D37/><U93/><E93/><V132/><F132/><W130/><G130/><T54/><D82/><U12/><E12/><V74/><F83/><W134/><G134/><T80/><D80/><U122/><E122/><V61/><F61/><W135/><G135/><T105/><D105/><U29/><AGARI ba="1,1" hai="0,5,9,20,24,29,87,90,95,99,102,106,113,115" machi="29" ten="20,7800,0" yaku="1,1,0,1,7,1,52,1,53,0" doraHai="18" doraHaiUra="58" who="1" fromWho="1" sc="208,-27,269,91,160,-27,353,-27" /><INIT seed="1,2,0,0,0,120" ten="181,360,133,326" oya="1" hai0="52,118,44,84,124,71,117,92,91,16,40,55,39" hai1="62,108,121,20,85,22,125,110,34,49,134,119,81" hai2="25,102,26,97,111,77,31,38,47,2,128,109,17" hai3="58,79,29,56,105,113,82,69,35,48,15,87,73"/><U36/><E36/><V10/><F77/><W130/><G113/><T23/><D71/><U103/><E119/><V133/><F133/><W78/><G69/><T122/><D122/><U74/><E121/><V3/><F128/><W13/><G105/><T21/><D21/><U76/><E34/><N who="2" m="20847" /><F26/><W45/><G130/><T127/><D117/><U63/><E134/><V135/><F17/><W43/><G35/><T66/><D66/><U126/><E103/><V107/><F135/><W132/><G132/><T61/><D118/><U94/><E22/><V57/><F57/><N who="3" m="22123" /><G73/><T1/><D61/><N who="1" m="23051" /><E20/><V129/><F129/><W116/><G116/><T5/><D5/><U90/><E49/><V106/><F106/><W54/><G29/><T112/><D1/><N who="2" m="10" /><F10/><W14/><G79/><T100/><D100/><U72/><E72/><V75/><F75/><W53/><AGARI ba="2,0" hai="13,14,15,43,45,48,53,54,78,82,87" m="22123" machi="53" ten="30,1100,0" yaku="8,1" doraHai="120" who="3" fromWho="3" sc="181,-5,360,-7,133,-5,326,17" /><INIT seed="2,0,0,1,3,71" ten="176,353,128,343" oya="2" hai0="109,40,97,99,25,0,79,126,86,38,62,77,61" hai1="58,74,110,66,80,34,56,65,70,16,49,36,116" hai2="14,2,83,55,9,5,37,94,85,6,60,119,93" hai3="100,113,17,68,82,26,103,105,20,54,114,39,30"/><V96/><F119/><W130/><G68/><T95/><D0/><U120/><E116/><V53/><F37/><W75/><G130/><T12/><D109/><U84/><E74/><V11/><F60/><W63/><G39/><T50/><D38/><U7/><E34/><V135/><F135/><W13/><G63/><T35/><D35/><U33/><E33/><V52/><REACH who="2" step="1"/><F96/><REACH who="2" ten="176,353,118,343" step="2"/><W19/><G114/><T72/><D97/><U92/><E36/><V121/><F121/><W102/><G113/><T88/><D62/><U44/><E120/><V125/><F125/><W1/><G105/><T24/><D61/><U42/><E110/><V15/><F15/><W22/><G1/><T67/><D126/><U104/><E104/><V131/><F131/><W106/><G106/><T117/><D12/><U115/><E115/><V127/><F127/><W129/><G129/><T112/><D112/><U133/><E133/><V128/><F128/><W45/><G13/><T27/><D117/><U98/><E98/><V31/><F31/><W29/><G29/><T132/><D132/><U87/><E70/><V124/><F124/><W123/><G123/><T90/><D67/><U64/><E64/><V4/><F4/><W10/><G30/><T48/><D48/><U108/><E66/><V57/><F57/><W69/><G69/><T23/><D50/><U81/><E58/><V3/><F3/><W28/><G28/><T78/><D99/><U107/><E56/><V51/><F51/><N who="3" m="29039" /><G19/><T134/><D27/><U32/><E65/><V46/><F46/><W8/><G26/><T73/><D24/><RYUUKYOKU ba="0,1" sc="176,-10,353,-10,118,30,343,-10" hai2="2,5,6,9,11,14,52,53,55,83,85,93,94" /><INIT seed="2,1,1,1,1,64" ten="166,343,148,333" oya="2" hai0="14,118,44,116,87,1,129,12,28,30,5,122,24" hai1="47,75,115,104,58,84,92,27,22,72,9,32,90" hai2="107,95,51,25,62,74,97,128,113,76,13,43,48" hai3="37,61,31,130,59,123,85,103,20,29,80,52,42"/><V39/><F113/><W26/><G123/><T124/><D122/><U8/><E32/><V10/><F107/><W86/><G130/><T78/><D129/><U65/><E104/><V117/><F128/><W93/><G37/><T23/><D78/><U34/><E34/><V70/><F117/><N who="0" m="45162" /><D87/><U67/><E115/><V99/><F99/><N who="3" m="59887" /><G42/><T135/><D44/><U49/><E75/><V119/><F25/><W82/><G29/><N who="0" m="17567" /><D135/><U50/><E72/><V94/><F119/><W111/><G111/><T60/><D60/><N who="1" m="38039" /><E67/><V18/><F76/><W6/><G6/><T66/><D66/><U110/><E110/><V112/><F74/><W4/><G4/><T81/><D81/><AGARI ba="1,1" hai="20,26,31,52,59,61,80,81,82,85,86" m="59887" machi="81" ten="30,2000,0" yaku="8,1,54,1" doraHai="64" who="3" fromWho="0" sc="166,-23,343,0,148,0,333,33" /><INIT seed="3,0,0,0,1,43" ten="143,343,148,366" oya="3" hai0="95,76,120,41,127,9,27,112,78,69,105,25,107" hai1="16,13,113,84,63,19,31,38,61,5,96,20,44" hai2="7,4,71,108,42,119,58,91,79,82,1,117,24" hai3="130,51,37,128,52,34,50,49,14,62,36,86,72"/><W12/><G72/><T3/><D69/><U85/><E113/><V53/><F71/><W45/><G34/><T121/><D41/><U92/><E38/><N who="3" m="14954" /><G86/><N who="1" m="33386" /><E5/><V15/><F108/><W104/><G104/><T101/><D9/><N who="1" m="6191" /><E31/><V68/><F68/><W18/><G12/><T11/><D11/><U123/><E44/><V75/><F1/><W87/><G87/><T98/><D127/><U103/><E123/><V74/><F74/><W6/><G6/><T110/><D110/><U0/><E0/><V47/><F7/><W90/><G90/><T10/><D10/><U102/><E102/><V99/><F4/><W126/><G126/><T133/><D3/><U116/><E116/><V65/><F91/><W81/><G81/><T118/><D98/><U57/><E57/><V135/><F99/><W33/><G33/><T21/><D101/><U35/><E35/><V115/><F58/><N who="3" m="35143" /><G14/><AGARI ba="0,0" hai="14,19,20,61,63,92,96,103" m="6191,33386" machi="14" ten="30,2000,0" yaku="8,1,54,1" doraHai="43" who="1" fromWho="3" sc="143,0,343,20,148,0,366,-20" /><INIT seed="4,0,0,5,0,51" ten="143,363,148,346" oya="0" hai0="122,27,3,98,25,93,24,106,69,131,113,32,2" hai1="86,79,15,124,100,31,43,109,129,105,96,95,73" hai2="74,29,5,33,30,14,44,47,55,22,41,61,127" hai3="8,63,88,67,70,11,36,56,85,1,83,75,48"/><T107/><D122/><U126/><E43/><V133/><F33/><W45/><G75/><T10/><D32/><U90/><E109/><V65/><F74/><W9/><G36/><T38/><D38/><U64/><E64/><V123/><F123/><W4/><REACH who="3" step="1"/><G70/><REACH who="3" ten="143,363,148,336" step="2"/><T101/><D69/><U116/><E116/><V97/><F127/><W40/><AGARI ba="0,1" hai="1,4,8,9,11,40,45,48,56,63,67,83,85,88" machi="40" ten="20,8000,1" yaku="1,1,2,1,0,1,7,1,54,1,53,0" doraHai="51" doraHaiUra="94" who="3" fromWho="3" sc="143,-40,363,-20,148,-20,336,90" /><INIT seed="5,0,0,3,5,129" ten="103,343,128,426" oya="1" hai0="39,88,130,87,27,45,133,89,86,81,53,4,83" hai1="98,49,121,74,107,80,110,36,67,79,37,12,9" hai2="54,104,29,5,7,92,109,63,70,16,6,95,23" hai3="69,102,21,19,117,131,61,18,78,8,55,14,125"/><U42/><E121/><V105/><F109/><W134/><G131/><T114/><D130/><U32/><E32/><V135/><F29/><W24/><G134/><T71/><D71/><U30/><E30/><V26/><F135/><W66/><G125/><T2/><D133/><U119/><E119/><V115/><F115/><W106/><G117/><T52/><D114/><U3/><E67/><V34/><F34/><W48/><G78/><T35/><D35/><U112/><E3/><V116/><F116/><W33/><G33/><T51/><D39/><U93/><E107/><V59/><F92/><W47/><G102/><T94/><D27/><U13/><E13/><V73/><F73/><W118/><G106/><T84/><D2/><U50/><E110/><V132/><F132/><W77/><G77/><N who="0" m="46127" /><D4/><U90/><E112/><V22/><F22/><W108/><G118/><T127/><D127/><U11/><E11/><V101/><REACH who="2" step="1"/><F70/><REACH who="2" ten="103,343,118,426" step="2"/><W57/><REACH who="3" step="1"/><G108/><REACH who="3" ten="103,343,118,416" step="2"/><T62/><D94/><U96/><E93/><V68/><F68/><AGARI ba="0,2" hai="8,14,18,19,21,24,47,48,55,57,61,66,68,69" machi="68" ten="40,5200,0" yaku="1,1,2,1,53,1" doraHai="129" doraHaiUra="46" who="3" fromWho="2" sc="103,0,343,0,118,-52,416,72" /><INIT seed="6,0,0,3,2,59" ten="103,343,66,488" oya="2" hai0="53,133,34,125,75,26,39,46,87,23,95,33,97" hai1="68,113,29,55,17,24,11,52,88,61,66,103,105" hai2="54,38,104,85,18,65,6,128,28,50,72,124,71" hai3="101,81,63,99,107,106,83,10,131,25,35,127,64"/><V47/><F72/><W13/><G107/><T82/><D75/><U76/><E76/><V96/><F124/><W110/><G110/><T44/><D125/><U132/><E11/><V48/><F128/><W56/><G131/><T57/><D133/><U79/><E79/><V114/><F114/><W27/><G127/><T42/><D44/><U117/><E17/><V119/><F119/><W16/><G27/><T2/><D2/><U5/><E5/><V102/><F28/><W78/><G78/><T45/><D45/><U51/><E117/><V100/><F6/><W73/><G73/><T120/><D82/><U31/><E31/><V121/><F121/><W122/><G122/><T109/><D87/><U69/><E69/><V70/><F38/><W90/><G90/><T74/><D74/><U112/><E132/><V108/><F108/><W37/><G37/><T80/><D80/><U22/><E88/><V4/><F4/><W118/><G118/><T8/><D8/><U30/><E30/><V15/><F65/><W116/><G116/><T89/><D109/><U126/><E126/><V19/><F19/><W3/><G3/><T84/><D84/><U130/><E130/><V60/><F102/><W32/><G32/><T134/><D134/><U20/><E20/><N who="2" m="11359" /><F85/><W7/><G35/><T94/><D94/><U14/><E14/><V36/><F36/><W41/><G41/><T1/><D1/><U86/><E86/><V115/><F115/><N who="1" m="44105" /><E51/><N who="2" m="19499" /><F47/><W43/><G43/><T91/><D120/><U58/><E68/><V135/><F135/><W9/><G25/><T67/><D26/><RYUUKYOKU ba="0,0" sc="103,-30,343,10,66,10,488,10" hai1="22,24,29,52,55,58,61,66,103,105" hai2="54,60,70,71,96,100,104" hai3="7,9,10,13,16,56,63,64,81,83,99,101,106" /><INIT seed="6,1,0,4,2,85" ten="73,353,76,498" oya="2" hai0="116,51,58,29,97,22,39,127,19,37,12,114,92" hai1="106,55,113,84,32,72,101,1,93,119,103,128,53" hai2="60,40,70,82,112,123,75,35,96,80,69,126,31" hai3="87,86,130,33,38,129,81,17,108,18,134,62,27"/><V74/><F123/><W65/><G108/><T77/><D114/><U99/><E1/><V48/><F31/><N who="3" m="19711" /><G38/><T3/><D3/><U66/><E119/><V63/><F35/><W131/><G134/><T41/><D116/><U95/><E32/><V117/><F117/><W45/><G45/><T47/><D127/><U14/><E72/><V16/><F96/><W78/><G87/><T68/><D68/><AGARI ba="1,0" hai="17,18,62,65,68,78,81,86,129,130,131" m="19711" machi="68" ten="30,1000,0" yaku="19,1" doraHai="85" who="3" fromWho="0" sc="73,-13,353,0,76,0,498,13" /><INIT seed="7,0,0,2,1,78" ten="60,353,76,511" oya="3" hai0="14,47,48,67,22,122,69,91,45,38,90,124,104" hai1="57,61,33,9,74,23,28,84,25,128,36,103,100" hai2="64,59,80,2,53,18,58,10,8,73,15,127,131" hai3="83,117,70,129,1,49,116,12,27,134,54,32,95"/><W51/><G1/><T71/><D122/><U56/><E36/><V77/><F127/><W85/><G70/><T109/><D104/><U46/><E74/><V120/><F120/><W126/><G95/><T87/><D109/><U92/><E128/><V21/><F131/><W60/><G129/><T76/><D124/><U39/><E39/><V7/><F64/><W44/><G126/><T105/><D105/><U55/><E33/><V97/><F97/><W96/><G96/><T132/><D132/><U40/><E40/><V112/><F112/><W113/><G60/><T106/><D106/><U81/><E46/><N who="0" m="17417" /><D38/><U16/><E92/><V82/><F82/><W65/><G65/><T133/><D133/><U24/><E57/><V11/><F59/><W6/><G51/><AGARI ba="0,0" hai="2,7,8,10,11,15,18,21,51,53,58,73,77,80" machi="51" ten="30,2000,0" yaku="7,1,52,1" doraHai="78" who="2" fromWho="3" sc="60,0,353,0,76,20,511,-20" owari="60,-44.0,353,15.3,96,-30.4,491,59.1" /></mjloggm>