<mjloggm ver="2.3"><GO type="225" lobby="0"/><UN n0="%4E%55%44%41" n1="%E7%B4%94%E6%BD%94%E3%83%94%E3%83%A9%E3%83%8B%E3%82%A2" n2="%E3%82%BC%E3%83%AB%E3%83%80%E3%81%AE%E4%BC%9D%E8%AA%AC" n3="%E5%85%83%E3%82%AB%E3%83%8E%E7%B3%BB%E3%83%92%E3%83%AD%E3%82%A4%E3%83%B3" dan="17,16,17,16" rate="2170.62,2199.44,2145.05,2162.51" sx="M,M,M,M"/><TAIKYOKU oya="0"/><INIT seed="0,0,0,3,5,77" ten="250,250,250,250" oya="0" hai0="75,93,82,105,94,128,5,131,24,13,110,121,59" hai1="36,101,97,86,57,29,39,47,116,89,22,127,6" hai2="61,17,132,100,135,115,55,69,120,125,122,90,44" hai3="51,104,88,124,43,35,33,40,1,53,41,91,19"/><T42/><D121/><N who="2" m="46698" /><F17/><W118/><G118/><T78/><D105/><U30/><E127/><V81/><F100/><W117/><G117/><T11/><D110/><U27/><E116/><V102/><F102/><W67/><G104/><T70/><D70/><U62/><E29/><V92/><F92/><W74/><G124/><T79/><D42/><U130/><E6/><V9/><F9/><W87/><G74/><T85/><D59/><U133/><E47/><V4/><F4/><W126/><G126/><T60/><D60/><U14/><E14/><V3/><F3/><W25/><G1/><T48/><D48/><U68/><E68/><V113/><F125/><W129/><G67/><T72/><D24/><U15/><E15/><V26/><F26/><W0/><G0/><T96/><D94/><U108/><E108/><V49/><F90/><W54/><G129/><N who="0" m="49739" /><D79/><U107/><E130/><V23/><F81/><W32/><G51/><T21/><D21/><U8/><E8/><V58/><F23/><W38/><G38/><T12/><D12/><U10/><E10/><V112/><F69/><W31/><G19/><T18/><D18/><U64/><REACH who="1" step="1"/><E133/><REACH who="1" ten="250,240,250,250" step="2"/><N who="2" m="51275" /><F112/><W16/><G16/><T109/><D109/><U76/><E76/><V71/><F71/><W45/><G31/><T119/><D119/><U63/><E63/><V52/><AGARI ba="0,1" hai="44,49,52,55,58,61,113,115" m="51275,46698" machi="52" ten="30,7900,0" yaku="20,1,34,2,54,1" doraHai="77" who="2" fromWho="2" sc="250,-39,240,-20,250,89,250,-20" /><INIT seed="1,0,0,4,3,69" ten="211,220,339,230" oya="1" hai0="127,104,56,83,50,76,129,21,59,41,100,52,95" hai1="66,43,22,60,28,14,30,32,48,51,27,106,103" hai2="35,115,134,45,88,130,58,54,6,87,121,36,75" hai3="34,99,57,46,80,53,79,37,84,26,110,29,65"/><U117/><E117/><V38/><F121/><W63/><G110/><T98/><D129/><U13/><E28/><V89/><F75/><W17/><G99/><T33/><D127/><U102/><E32/><V70/><F35/><W105/><G105/><T120/><D33/><U108/><E108/><V74/><F74/><W39/><REACH who="3" step="1"/><G17/><REACH who="3" ten="211,220,339,220" step="2"/><T93/><D120/><U125/><E106/><V7/><F130/><W123/><G123/><T94/><D41/><U131/><E131/><V24/><F115/><W3/><G3/><T71/><D71/><U72/><E43/><V91/><F70/><W8/><G8/><T10/><D10/><U9/><E9/><V23/><F134/><W62/><G62/><T116/><D116/><U0/><E0/><V11/><F11/><W73/><G73/><T101/><D101/><N who="1" m="38411" /><E72/><V64/><F87/><W12/><G12/><N who="1" m="4714" /><E125/><V128/><F128/><W18/><G18/><T126/><D126/><U119/><E119/><V2/><F2/><W78/><G78/><T135/><D135/><U40/><E40/><V42/><F38/><W122/><G122/><T118/><D118/><U55/><E48/><AGARI ba="0,1" hai="26,29,34,37,39,46,48,53,57,63,65,79,80,84" machi="48" ten="40,5200,0" yaku="1,1,52,2,53,0" doraHai="69" doraHaiUra="19" who="3" fromWho="1" sc="211,0,220,-52,339,0,220,62" /><INIT seed="2,0,0,2,1,35" ten="211,168,339,282" oya="2" hai0="107,52,39,13,41,11,69,104,10,71,29,66,79" hai1="21,102,85,54,118,36,14,134,43,37,56,33,58" hai2="59,109,32,5,67,133,18,47,65,40,64,70,45" hai3="27,3,12,110,26,6,46,100,105,20,53,129,108"/><V22/><F32/><W9/><G129/><T74/><D29/><U126/><E33/><V125/><F70/><W77/><G77/><T83/><D11/><U57/><E118/><V103/><F125/><W96/><G53/><T49/><D41/><U127/><E134/><V90/><F133/><W50/><G12/><T60/><D39/><N who="1" m="14923" /><E102/><V24/><F109/><N who="3" m="42091" /><G20/><T25/><D25/><U0/><E85/><V94/><F103/><W128/><G128/><T30/><D30/><U75/><E75/><V86/><F5/><W44/><G50/><T61/><D61/><U120/><E14/><V113/><F113/><W101/><G101/><T82/><D82/><U68/><E21/><V122/><F122/><W7/><G7/><T121/><D69/><U132/><E132/><V93/><F93/><W55/><G55/><T62/><D62/><U73/><E73/><V51/><REACH who="2" step="1"/><F47/><AGARI ba="0,0" hai="3,6,9,26,27,44,46,47,96,100,105" m="42091" machi="47" ten="30,2000,0" yaku="14,1,52,1" doraHai="35" who="3" fromWho="2" sc="211,0,168,0,339,-20,282,20" /><INIT seed="3,0,0,3,2,31" ten="211,168,319,302" oya="3" hai0="53,119,80,42,102,126,44,7,116,114,99,124,128" hai1="109,22,58,20,43,21,23,105,134,66,1,36,122" hai2="10,96,117,47,46,14,71,75,59,16,85,76,35" hai3="130,133,87,70,40,91,65,95,34,57,84,103,83"/><W131/><G70/><T92/><D128/><N who="3" m="49193" /><G133/><T107/><D114/><U123/><E134/><V33/><F71/><W24/><G40/><T29/><D29/><U45/><E109/><V56/><F75/><W121/><G121/><T108/><D108/><U60/><N who="1" m="5120" /><DORA hai="27" /><U51/><E105/><V94/><F33/><W4/><G4/><T112/><D112/><U15/><E15/><V67/><F35/><W61/><G103/><T129/><D129/><U49/><REACH who="1" step="1"/><E1/><REACH who="1" ten="211,158,319,302" step="2"/><V50/><F117/><W74/><G34/><T110/><D110/><U89/><E89/><V55/><F14/><W97/><G24/><T90/><D116/><U9/><E9/><V19/><F10/><W81/><G74/><T26/><D119/><U118/><E118/><V82/><F19/><W48/><G48/><AGARI ba="0,1" hai="36,43,45,48,49,51,58,60,66,122,123" m="5120" machi="48" ten="50,1600,0" yaku="1,1,53,0" doraHai="31,27" doraHaiUra="6,104" who="1" fromWho="3" sc="211,0,158,26,319,0,302,-16" owari="211,-18.9,184,-31.6,319,41.9,286,8.6" /></mjloggm>