<mjloggm ver="2.3"><GO type="169" lobby="0"/><UN n0="%6B%61%74%65%72%69%6E%61" n1="%E3%82%A4%E3%82%AB%E3%81%AB%E3%82%82%E6%9D%B1%E5%8C%97" n2="%E3%81%82%E3%81%95%E3%81%B4%E3%82%93%EF%BC%A0%EF%BD%8D%EF%BD%8A" n3="%E8%B5%A4%E7%BE%8E%E6%BF%83%E3%81%BE%E3%81%90%E3%82%8D" dan="16,16,18,17" rate="2212.81,2154.70,2264.52,2227.57" sx="M,M,M,M"/><TAIKYOKU oya="0"/><INIT seed="0,0,0,0,5,28" ten="250,250,250,250" oya="0" hai0="20,7,38,21,55,5,24,133,48,89,67,56,52" hai1="120,60,102,95,80,127,42,118,71,97,30,4,87" hai2="69,40,113,36,86,44,98,46,2,74,0,129,37" hai3="112,66,122,39,65,41,45,59,10,63,103,109,75"/><T3/><D38/><U111/><E118/><V78/><F113/><W17/><G112/><T128/><D128/><U50/><E120/><V124/><F86/><W123/><G75/><T85/><D133/><U82/><E111/><V8/><F129/><W77/><G77/><T68/><D3/><U53/><E127/><V15/><F124/><W14/><G109/><T84/><D21/><U94/><E4/><V72/><F69/><W27/><G103/><T119/><D119/><U31/><E42/><N who="2" m="22599" /><F15/><W19/><G66/><T16/><D84/><U13/><E13/><V99/><F99/><W18/><REACH who="3" step="1"/><G27/><REACH who="3" ten="250,250,250,240" step="2"/><T91/><D91/><U90/><E71/><V54/><F78/><W126/><G126/><T47/><D67/><U107/><E107/><V105/><F72/><W57/><G57/><T12/><D24/><U43/><E102/><V26/><F74/><W64/><G64/><T25/><D25/><U51/><E90/><V93/><F105/><W106/><G106/><T83/><REACH who="0" step="1"/><D68/><REACH who="0" ten="240,250,250,240" step="2"/><U79/><E79/><V29/><F26/><W101/><G101/><T34/><D34/><U104/><E30/><V23/><F29/><W49/><G49/><AGARI ba="0,2" hai="5,7,12,16,20,47,48,49,52,55,56,83,85,89" machi="49" ten="30,12000,1" yaku="1,1,7,1,8,1,54,2,53,0" doraHai="28" doraHaiUra="108" who="0" fromWho="3" sc="240,140,250,0,250,0,240,-120" /><INIT seed="0,1,0,3,5,2" ten="380,250,250,120" oya="0" hai0="65,35,129,120,16,24,0,73,95,64,12,3,80" hai1="34,97,6,23,113,89,71,105,116,82,39,58,27" hai2="1,33,30,125,85,115,127,131,42,99,118,28,8" hai3="18,74,67,56,17,7,133,45,53,96,11,109,110"/><T70/><D120/><U51/><E116/><V119/><F42/><W52/><G74/><T84/><D73/><U93/><E71/><V41/><F41/><W134/><G96/><T37/><D37/><U66/><E39/><V83/><F99/><W72/><G72/><T122/><D122/><U94/><E34/><V25/><F83/><W128/><G128/><T102/><D129/><U31/><E113/><V130/><F85/><W15/><G67/><T54/><D0/><U47/><E105/><V26/><F115/><W92/><G92/><T63/><D3/><U5/><E82/><V68/><F68/><W69/><G69/><T103/><D95/><U55/><REACH who="1" step="1"/><E94/><REACH who="1" ten="380,240,250,120" step="2"/><V10/><F1/><W76/><G76/><T46/><D35/><AGARI ba="1,1" hai="8,10,25,26,28,30,33,35,118,119,125,127,130,131" machi="35" ten="25,8000,1" yaku="22,2,34,3" doraHai="2" who="2" fromWho="0" sc="380,-83,240,0,250,93,120,0" /><INIT seed="1,0,0,0,1,112" ten="297,240,343,120" oya="1" hai0="19,104,56,123,67,7,88,22,71,117,30,101,44" hai1="50,83,64,124,68,49,92,84,90,115,59,110,41" hai2="4,16,114,102,57,53,45,134,106,118,26,116,80" hai3="28,58,74,98,76,37,130,125,5,109,96,36,8"/><U62/><E115/><V31/><F114/><W82/><G109/><T95/><D71/><U35/><E35/><V34/><F134/><W105/><G125/><T131/><D131/><U91/><E124/><V120/><F120/><W13/><G130/><T86/><D123/><U135/><E135/><V60/><F4/><W128/><G128/><T61/><D7/><U108/><E41/><V12/><F80/><W39/><G105/><T72/><D72/><U47/><E68/><V20/><REACH who="2" step="1"/><F45/><REACH who="2" ten="297,240,333,120" step="2"/><W127/><G127/><T119/><D44/><U15/><E47/><V3/><F3/><W33/><G82/><T81/><D81/><U87/><REACH who="1" step="1"/><E15/><REACH who="1" ten="297,230,333,120" step="2"/><V38/><F38/><W79/><G13/><T78/><D56/><U27/><E27/><V17/><F17/><W65/><G58/><T25/><D19/><U122/><E122/><V2/><F2/><W32/><G39/><T11/><D25/><U46/><E46/><V10/><F10/><W132/><G8/><T0/><D11/><U121/><E121/><V29/><F29/><W14/><G37/><T40/><D30/><U24/><E24/><V77/><F77/><W129/><G79/><T89/><D78/><U126/><E126/><V52/><F52/><W103/><G36/><T51/><D0/><U85/><E85/><V99/><AGARI ba="0,2" hai="12,16,20,26,31,34,53,57,60,99,102,106,116,118" machi="99" ten="30,8000,1" yaku="1,1,0,1,52,2,54,1,53,0" doraHai="112" doraHaiUra="42" who="2" fromWho="2" sc="297,-20,230,-40,333,100,120,-20" /><INIT seed="2,0,0,0,2,131" ten="277,190,433,100" oya="2" hai0="111,13,98,100,31,91,19,71,6,11,26,64,115" hai1="85,121,89,126,25,83,118,105,51,47,119,110,84" hai2="116,43,30,24,70,5,88,45,133,103,99,67,63" hai3="122,62,101,21,72,12,59,18,104,112,22,80,1"/><V53/><F116/><W10/><G122/><T134/><D115/><U127/><E25/><V78/><F78/><W28/><G112/><T15/><D111/><U92/><E51/><V135/><F5/><W8/><G104/><T108/><D108/><U27/><E27/><V66/><F66/><W95/><G72/><T77/><D77/><N who="1" m="46191" /><E47/><V50/><F53/><W4/><G80/><T39/><D39/><U96/><E110/><V65/><F65/><W120/><G120/><T132/><D91/><U3/><E3/><V68/><F88/><W14/><G28/><T23/><D64/><U82/><E105/><N who="2" m="63743" /><F68/><W40/><G40/><T33/><REACH who="0" step="1"/><D71/><REACH who="0" ten="267,190,433,100" step="2"/><U75/><E121/><V29/><F29/><W20/><G101/><T90/><D90/><N who="1" m="55319" /><E75/><V97/><F97/><W117/><G117/><AGARI ba="0,1" hai="82,85,89,117,118,119,126,127" m="55319,46191" machi="117" ten="30,2000,0" yaku="34,2" doraHai="131" who="1" fromWho="3" sc="267,0,190,30,433,0,100,-20" /><INIT seed="3,0,0,5,0,9" ten="267,220,433,80" oya="3" hai0="94,1,26,95,50,43,133,135,85,45,124,97,115" hai1="62,76,122,39,36,119,132,61,129,47,134,105,18" hai2="56,81,31,4,87,32,121,103,37,112,109,38,17" hai3="52,80,71,27,120,114,42,14,60,117,126,110,13"/><W102/><G114/><T113/><D1/><U57/><E105/><V107/><F112/><N who="0" m="43082" /><D124/><U73/><E73/><V0/><F56/><N who="3" m="34823" /><G71/><T96/><D85/><U7/><E7/><V10/><F109/><W75/><G117/><T69/><D69/><U89/><E89/><V20/><F121/><W78/><G120/><T28/><D95/><U86/><E86/><V98/><F31/><W91/><G110/><T70/><D70/><U5/><E5/><V51/><F51/><W90/><G126/><T131/><D131/><U108/><E76/><V44/><F44/><W23/><G42/><T34/><D97/><U8/><E108/><V2/><F32/><W35/><G35/><T88/><AGARI ba="0,0" hai="26,28,34,43,45,50,88,94,96,133,135" m="43082" machi="88" ten="30,2000,0" yaku="11,1,54,1" doraHai="9" who="0" fromWho="0" sc="267,20,220,-5,433,-5,80,-10" /><INIT seed="4,0,0,0,0,92" ten="287,215,428,70" oya="0" hai0="110,109,84,22,35,119,16,65,93,104,77,43,123" hai1="26,66,78,54,19,133,127,8,74,24,97,44,21" hai2="10,100,2,1,52,118,63,49,134,132,23,15,58" hai3="122,33,95,62,126,131,81,75,13,42,130,60,53"/><T116/><D104/><U129/><E129/><V73/><F73/><W67/><G33/><T40/><D35/><U83/><E133/><N who="2" m="51307" /><F118/><W57/><G75/><T27/><D123/><U91/><E127/><V32/><F32/><W0/><G0/><N who="2" m="105" /><F100/><W7/><G81/><N who="0" m="47151" /><D65/><U86/><E66/><V28/><F28/><W120/><G13/><T68/><D68/><U135/><E135/><V105/><F105/><W111/><G7/><T112/><D112/><U55/><E8/><V36/><F36/><W128/><G111/><N who="0" m="42507" /><D93/><N who="1" m="56511" /><E74/><V4/><F23/><W96/><G42/><AGARI ba="0,0" hai="16,22,27,40,42,43,116,119" m="42507,47151" machi="42" ten="30,2900,0" yaku="10,1,54,1" doraHai="92" who="0" fromWho="3" sc="287,29,215,0,428,0,70,-29" /><INIT seed="4,1,0,1,2,10" ten="316,215,428,41" oya="0" hai0="40,17,120,57,118,76,73,92,14,82,28,47,51" hai1="42,2,94,41,63,91,85,116,134,112,93,90,13" hai2="32,122,133,99,54,43,16,6,80,103,68,130,67" hai3="20,72,83,107,86,45,3,24,56,4,9,108,84"/><T70/><D118/><U128/><E116/><V62/><F122/><W30/><G108/><T79/><D120/><U26/><E2/><V115/><F115/><W64/><G107/><T58/><D70/><U111/><E111/><V69/><F69/><W66/><G72/><T55/><D76/><U44/><E128/><V98/><F130/><W81/><G45/><T135/><D135/><U61/><E134/><V36/><F133/><W33/><G56/><T34/><D92/><U75/><E75/><V38/><F6/><W109/><G109/><T11/><REACH who="0" step="1"/><D40/><REACH who="0" ten="306,215,428,41" step="2"/><U127/><E42/><V106/><F43/><W114/><G114/><T7/><D7/><U125/><E112/><V12/><F80/><W129/><G129/><T39/><D39/><U77/><E77/><V60/><F38/><W105/><G105/><T35/><D35/><U31/><E127/><V5/><F5/><W23/><G83/><T95/><D95/><U46/><E41/><V110/><F32/><W131/><G131/><T53/><D53/><U27/><E125/><V18/><F36/><W126/><G126/><T59/><D59/><U48/><E85/><V1/><F110/><W8/><G86/><T74/><D74/><U19/><E93/><V104/><F104/><W78/><G66/><T123/><D123/><U121/><E94/><V50/><F67/><W65/><G65/><T22/><D22/><N who="3" m="8233" /><G64/><T124/><D124/><U21/><E121/><V97/><F68/><W15/><G3/><T87/><D87/><U119/><E119/><V49/><F106/><W25/><G9/><T96/><D96/><RYUUKYOKU ba="1,1" sc="306,15,215,-15,428,-15,41,15" hai0="11,14,17,28,34,47,51,55,57,58,73,79,82" hai3="4,8,15,24,25,30,33,78,81,84" /><INIT seed="4,2,1,0,4,53" ten="321,200,413,56" oya="0" hai0="109,52,124,110,0,125,95,1,104,11,77,83,103" hai1="58,62,74,115,25,105,14,15,67,55,59,129,89" hai2="86,69,39,76,57,99,108,16,64,84,5,113,34" hai3="120,79,42,107,87,56,70,13,80,75,46,21,111"/><T106/><D11/><U131/><E105/><N who="0" m="40553" /><D1/><U26/><E74/><V96/><F34/><W33/><G111/><N who="0" m="42507" /><D0/><U36/><E36/><V127/><F108/><W51/><G70/><T35/><D35/><U100/><E100/><V114/><F39/><W12/><G107/><T119/><D119/><U9/><E115/><N who="2" m="44043" /><F127/><N who="0" m="48714" /><D52/><U118/><E118/><V48/><F5/><W37/><G33/><T65/><D65/><U63/><E89/><V23/><F69/><W4/><G4/><T78/><D83/><U72/><E9/><V126/><F126/><W102/><G21/><T133/><D133/><U45/><E45/><V134/><F134/><W128/><G13/><T61/><D61/><U29/><E55/><N who="2" m="31975" /><F64/><W30/><G37/><T101/><D95/><U81/><E81/><V32/><F32/><W40/><G80/><T94/><D94/><U31/><E67/><V73/><F23/><W17/><G46/><T3/><D3/><U117/><E117/><V68/><F68/><W41/><G41/><T60/><D60/><U98/><E63/><V19/><F19/><W38/><G42/><T2/><D2/><U28/><E62/><V97/><F16/><W123/><G40/><T8/><D8/><U132/><E132/><V20/><F20/><W85/><G38/><T82/><D78/><U116/><E116/><V112/><F112/><W90/><G51/><T66/><D66/><U122/><E31/><V130/><F76/><W49/><G79/><T88/><D88/><U91/><E91/><V54/><F54/><N who="3" m="31823" /><G90/><T44/><D44/><U47/><E47/><V7/><F7/><RYUUKYOKU ba="2,1" sc="321,30,200,-10,413,-10,56,-10" hai0="77,82,101,103" /><INIT seed="4,3,1,4,2,57" ten="351,190,403,46" oya="0" hai0="21,99,121,35,124,95,134,92,129,40,56,65,52" hai1="11,112,127,48,108,42,58,72,49,19,104,10,74" hai2="33,86,24,91,31,71,132,106,98,66,30,114,59" hai3="44,2,7,17,39,54,43,9,115,78,130,47,0"/><T25/><D121/><U60/><E108/><V45/><F114/><W103/><G115/><T51/><D129/><U89/><E112/><V36/><F132/><W131/><G2/><T100/><D134/><U50/><E104/><V93/><F31/><W88/><G103/><T18/><D124/><U77/><E127/><V82/><F59/><W41/><G54/><T118/><D118/><U6/><E42/><V37/><F45/><W128/><G78/><T116/><D116/><U80/><E74/><V53/><F53/><W102/><G102/><T23/><D35/><U13/><E89/><V12/><F12/><W122/><G17/><T83/><D83/><U22/><REACH who="1" step="1"/><E6/><REACH who="1" ten="351,180,403,46" step="2"/><V110/><F110/><W85/><G122/><T5/><D5/><U113/><E113/><V20/><F106/><W87/><REACH who="3" step="1"/><G88/><REACH who="3" ten="351,180,403,36" step="2"/><T94/><D40/><U101/><E101/><V27/><F91/><W15/><G15/><N who="0" m="9439" /><D65/><AGARI ba="3,3" hai="10,11,13,19,22,48,49,50,58,60,65,72,77,80" machi="65" ten="40,2600,0" yaku="1,1,52,1,53,0" doraHai="57" doraHaiUra="34" who="1" fromWho="0" sc="351,-35,180,65,403,0,36,0" /><INIT seed="5,0,0,2,4,20" ten="316,245,403,36" oya="1" hai0="53,73,107,135,100,49,10,74,55,110,81,62,23" hai1="63,70,38,80,97,102,108,45,44,126,28,104,128" hai2="95,31,3,84,82,11,59,4,19,75,48,61,131" hai3="17,29,58,103,112,106,96,65,132,86,22,33,16"/><U30/><E128/><V92/><F75/><W134/><G112/><T71/><D110/><U24/><E126/><V25/><F48/><W117/><G117/><T52/><D135/><N who="3" m="51753" /><G33/><T113/><D113/><U8/><E108/><V26/><F131/><W57/><G65/><T94/><D107/><U105/><E105/><V18/><F92/><W46/><G29/><T35/><D35/><U37/><E80/><V122/><F95/><W133/><N who="3" m="51761" /><W0/><DORA hai="69" /><G0/><T115/><D115/><U123/><E8/><V130/><F122/><W87/><G46/><N who="1" m="18026" /><E30/><V40/><F40/><W119/><G119/><T90/><D10/><U34/><E123/><V83/><F130/><W50/><G17/><T60/><D100/><U99/><E99/><V120/><F82/><W127/><G127/><T21/><D49/><U78/><E78/><V118/><F118/><W88/><G50/><T15/><D81/><U2/><E2/><V54/><F120/><W43/><G43/><T98/><D74/><U47/><E47/><V124/><F124/><W121/><G121/><T67/><D73/><U36/><E36/><V111/><F111/><W68/><G68/><T116/><D116/><U89/><E89/><V56/><F31/><W76/><G76/><T101/><D90/><U109/><E109/><V114/><F114/><W41/><G41/><T129/><D129/><U6/><E6/><V79/><F56/><N who="3" m="21611" /><G88/><T91/><D91/><U42/><E42/><V85/><F85/><W51/><G51/><T77/><D77/><U32/><E32/><V125/><F125/><W1/><G1/><RYUUKYOKU ba="0,0" sc="316,-30,245,10,403,10,36,10" hai1="24,28,34,37,38,63,70,97,102,104" hai2="3,4,11,18,19,25,26,54,59,61,79,83,84" hai3="16,22,86,87,96,103,106" /><INIT seed="5,1,0,5,2,3" ten="286,255,413,46" oya="1" hai0="55,8,106,75,5,20,41,1,122,9,40,64,7" hai1="77,59,46,45,96,0,4,43,108,39,90,97,36" hai2="63,133,128,125,54,114,100,105,93,18,67,32,107" hai3="58,111,23,127,120,94,42,28,95,48,102,31,60"/><U17/><E108/><V98/><F32/><W70/><G120/><T57/><D106/><U78/><E17/><V69/><F128/><W72/><G70/><T92/><D75/><U27/><E27/><V66/><F125/><W124/><G72/><T26/><D64/><U115/><E115/><V79/><F79/><W130/><G111/><T86/><D122/><U52/><E0/><V118/><F118/><W84/><G130/><T47/><D47/><U103/><E4/><N who="0" m="1609" /><D1/><U44/><E90/><V35/><F35/><W91/><G48/><N who="0" m="30951" /><D92/><U2/><E2/><V85/><F67/><W71/><G71/><T49/><D86/><U12/><E12/><V50/><F85/><W73/><G73/><T104/><D104/><U6/><E6/><V16/><F105/><W53/><G42/><N who="0" m="16491" /><D49/><U61/><E43/><V14/><F107/><W87/><G87/><T89/><D89/><U15/><E36/><V62/><F93/><W30/><REACH who="3" step="1"/><G23/><REACH who="3" ten="286,255,413,36" step="2"/><T129/><D129/><U68/><E39/><V13/><F69/><W116/><G116/><T10/><D8/><U11/><E68/><V134/><F50/><W74/><G74/><T121/><D121/><U117/><E117/><V22/><F22/><W34/><G34/><T38/><D38/><U19/><E97/><AGARI ba="1,1" hai="28,30,31,53,58,60,84,91,94,95,97,102,124,127" machi="97" ten="40,5200,0" yaku="1,1,53,2" doraHai="3" doraHaiUra="88" who="3" fromWho="1" sc="286,0,255,-55,413,0,36,65" /><INIT seed="6,0,0,3,0,3" ten="286,200,413,101" oya="2" hai0="132,62,53,114,109,2,44,30,9,8,82,69,123" hai1="13,111,128,28,1,23,38,33,11,104,25,57,61" hai2="26,49,79,59,50,99,10,12,96,107,46,45,31" hai3="47,51,133,48,52,21,27,73,55,89,131,41,22"/><V129/><F129/><W100/><G73/><T58/><D123/><U42/><E111/><V20/><F79/><W108/><G108/><T68/><D109/><U14/><E104/><V56/><F107/><W102/><G131/><T76/><D114/><U0/><E128/><V17/><F56/><W70/><G70/><T74/><D132/><U118/><E118/><V101/><F59/><W63/><G133/><T98/><D30/><U93/><E42/><N who="2" m="24759" /><F101/><W66/><G89/><T88/><D9/><U83/><E38/><V35/><F35/><W91/><G91/><T112/><D112/><U121/><E121/><V84/><F84/><W92/><G51/><T34/><D34/><U94/><E83/><V97/><F97/><W119/><G119/><T117/><D117/><U36/><E36/><V120/><F120/><W135/><G135/><T106/><D106/><U16/><E0/><V72/><F72/><W110/><G110/><T24/><D44/><U105/><E105/><V126/><F126/><W103/><G92/><T18/><D88/><U67/><REACH who="1" step="1"/><E1/><REACH who="1" ten="286,190,413,101" step="2"/><V95/><F95/><W43/><G43/><AGARI ba="0,1" hai="10,12,17,20,26,31,43,46,50,96,99" m="24759" machi="43" ten="30,1500,0" yaku="8,1" doraHai="3" who="2" fromWho="3" sc="286,0,190,0,413,25,101,-15" /><INIT seed="6,1,0,3,1,34" ten="286,190,438,86" oya="2" hai0="123,79,58,29,2,4,110,85,78,106,112,33,62" hai1="116,86,82,50,69,16,13,42,95,124,61,94,73" hai2="89,122,60,104,53,103,6,9,93,55,74,3,45" hai3="115,127,87,84,59,11,90,0,19,114,125,51,40"/><V26/><F122/><W30/><G30/><T35/><D110/><U12/><E116/><V14/><F74/><W49/><G84/><T39/><D39/><U102/><E73/><V64/><F104/><W5/><G19/><T8/><D123/><U92/><E124/><N who="3" m="47690" /><G59/><T22/><D106/><U121/><E121/><V132/><F103/><W101/><G101/><T24/><D112/><N who="3" m="43049" /><G40/><T32/><REACH who="0" step="1"/><D85/><REACH who="0" ten="276,190,438,86" step="2"/><U88/><E102/><V71/><F132/><W100/><G100/><T20/><D20/><U10/><E69/><V131/><F71/><W17/><G17/><T134/><D134/><U15/><E61/><V63/><F63/><W72/><G72/><T107/><D107/><U130/><E130/><V37/><F60/><W129/><G129/><T52/><AGARI ba="1,1" hai="2,4,8,22,24,29,32,33,35,52,58,62,78,79" machi="52" ten="30,8000,1" yaku="1,1,0,1,52,1,54,1,53,1" doraHai="34" doraHaiUra="23" who="0" fromWho="0" sc="276,93,190,-21,438,-41,86,-21" /><INIT seed="7,0,0,1,5,63" ten="369,169,397,65" oya="3" hai0="115,14,108,73,106,38,15,65,13,81,105,8,130" hai1="104,19,10,31,23,79,62,46,112,27,39,30,133" hai2="85,44,95,102,52,97,71,100,58,0,119,67,45" hai3="99,124,32,2,109,57,69,135,70,37,26,9,80"/><W122/><G122/><T48/><D38/><U40/><E104/><V3/><F119/><W113/><G37/><T75/><D108/><U51/><E112/><V117/><F117/><W68/><G113/><T77/><D115/><U118/><E118/><V34/><F34/><W93/><G109/><T6/><D75/><U98/><E133/><V66/><F71/><W91/><G135/><T29/><D29/><U74/><E62/><N who="2" m="36167" /><F0/><W18/><G124/><T55/><D130/><U132/><E132/><V114/><F3/><W22/><G32/><T84/><D73/><U43/><E98/><V72/><F72/><W129/><G129/><T131/><D131/><U54/><E43/><V128/><F114/><W103/><G57/><T16/><D15/><U120/><E120/><V49/><F128/><W101/><REACH who="3" step="1"/><G80/><REACH who="3" ten="369,169,397,55" step="2"/><T5/><D81/><U110/><E110/><V76/><F44/><W7/><AGARI ba="0,1" hai="2,7,9,18,22,26,68,69,70,91,93,99,101,103" machi="7" ten="40,12000,1" yaku="1,1,2,1,0,1,53,1" doraHai="63" doraHaiUra="20" who="3" fromWho="3" sc="369,-40,169,-40,397,-40,55,130" /><INIT seed="7,1,0,5,1,63" ten="329,129,357,185" oya="3" hai0="31,2,22,80,57,53,37,12,16,124,126,78,68" hai1="21,41,29,108,55,83,94,127,7,50,35,112,33" hai2="107,115,105,69,85,95,132,111,5,27,34,76,51" hai3="15,24,118,73,18,134,82,123,131,113,92,133,106"/><W45/><G118/><T17/><D68/><U75/><E108/><V121/><F111/><W79/><G123/><T13/><D2/><U59/><E112/><V60/><F5/><W119/><G106/><T109/><D109/><U38/><E127/><N who="0" m="48681" /><D37/><U70/><E70/><V128/><F115/><W32/><G119/><T117/><D117/><U42/><E7/><V66/><F121/><W74/><G74/><N who="0" m="43095" /><D31/><U3/><E3/><V67/><F67/><W77/><G77/><T100/><D100/><U93/><E75/><V97/><F128/><W10/><G131/><T114/><D114/><U47/><E83/><V71/><F71/><W30/><G113/><T46/><D46/><U90/><E42/><V56/><F132/><W98/><REACH who="3" step="1"/><G45/><REACH who="3" ten="329,129,357,175" step="2"/><T104/><D104/><U9/><E9/><V84/><F105/><W116/><G116/><T110/><D110/><U44/><E44/><V39/><F107/><W120/><G120/><T48/><D22/><U102/><E21/><V25/><F76/><W19/><G19/><AGARI ba="1,1" hai="12,13,16,17,19,48,53,57" m="43095,48681" machi="19" ten="30,2000,0" yaku="18,1,54,1" doraHai="63" who="0" fromWho="3" sc="329,33,129,0,357,0,175,-23" owari="362,46.2,129,-37.1,357,15.7,152,-24.8" /></mjloggm>