<mjloggm ver="2.3"><GO type="169" lobby="0"/><UN n0="%73%69%65%72%61%34%30%31" n1="%E7%89%A7%E5%A0%B4%E3%81%AE%E5%B0%8F%E5%A5%B3" n2="%E6%B2%B3%E7%AB%A5%E3%81%AE%E3%83%AF%E3%82%AB%E3%83%9E%E3%83%84" n3="%E7%9C%9F%E9%BE%8D%E5%85%84%E8%B2%B4" dan="16,16,17,16" rate="2215.45,2170.69,2205.15,2023.13" sx="F,F,M,M"/><TAIKYOKU oya="0"/><INIT seed="0,0,0,1,2,35" ten="250,250,250,250" oya="0" hai0="112,38,111,59,135,52,64,132,21,62,7,108,43" hai1="20,49,106,119,67,124,22,96,13,25,89,4,19" hai2="127,33,0,27,123,118,50,115,51,12,41,44,133" hai3="77,70,24,46,5,3,100,8,36,125,98,75,66"/><T76/><D76/><U84/><E124/><V34/><F123/><W90/><G125/><T14/><D7/><U110/><E110/><N who="0" m="42025" /><D14/><U95/><E119/><V113/><F127/><W131/><G90/><T15/><D15/><U9/><E67/><V42/><F118/><W47/><G24/><T94/><D21/><U122/><E122/><V60/><F12/><W101/><G131/><T82/><D82/><U61/><E61/><V26/><F60/><W48/><G66/><T55/><D94/><U87/><E106/><V86/><F44/><W63/><G98/><T16/><D16/><U80/><E49/><V68/><F68/><W37/><G77/><T57/><D112/><U65/><E65/><V97/><F86/><W10/><G5/><T32/><D32/><U121/><E121/><V81/><F81/><W18/><G18/><T79/><D79/><U56/><E56/><V114/><F114/><W2/><G70/><T53/><D57/><U91/><E20/><V31/><F97/><AGARI ba="0,0" hai="4,9,13,19,22,25,80,84,87,89,91,95,96,97" machi="97" ten="40,1300,0" yaku="8,1" doraHai="35" who="1" fromWho="2" sc="250,0,250,13,250,-13,250,0" /><INIT seed="1,0,0,4,4,97" ten="250,263,237,250" oya="1" hai0="127,76,133,44,107,51,112,30,49,99,56,66,88" hai1="6,116,123,135,14,54,74,82,115,19,37,0,60" hai2="109,79,32,125,111,29,28,15,110,64,126,8,73" hai3="84,77,94,102,34,105,78,3,70,24,63,89,43"/><U61/><E115/><V85/><F73/><W120/><G3/><T124/><D112/><U26/><E116/><V36/><F36/><W95/><G43/><T55/><D133/><U87/><E74/><V81/><F64/><W68/><G120/><T80/><D30/><N who="2" m="11882" /><F32/><W16/><G34/><T132/><D132/><U129/><E135/><V90/><F79/><W121/><G105/><T35/><D35/><U5/><E26/><V117/><F117/><W31/><G31/><T69/><D69/><U93/><E123/><V122/><F122/><W20/><G121/><T101/><D88/><U21/><E37/><V52/><F52/><W119/><G119/><T104/><D107/><U23/><E23/><V10/><F10/><W45/><G45/><T65/><D124/><U91/><E129/><V62/><F62/><N who="1" m="24169" /><E0/><V118/><F118/><W40/><G40/><T50/><D50/><U86/><E54/><V114/><F114/><W92/><G70/><T41/><REACH who="0" step="1"/><D127/><REACH who="0" ten="240,263,237,250" step="2"/><U131/><E131/><V1/><F1/><W4/><G68/><T39/><D39/><U42/><E42/><V83/><F83/><W46/><G63/><T100/><D100/><U130/><E130/><V53/><F125/><W98/><G102/><T18/><D18/><U96/><E96/><V22/><F126/><W108/><G98/><T67/><D67/><U71/><E71/><V103/><F103/><W134/><G134/><T59/><D59/><U11/><E21/><V47/><F22/><W7/><G20/><T12/><D12/><U17/><E17/><N who="2" m="8423" /><F53/><W2/><G2/><T128/><D128/><RYUUKYOKU ba="0,1" sc="240,10,263,10,237,10,250,-30" hai0="41,44,49,51,55,56,65,66,76,80,99,101,104" hai1="5,6,11,14,19,82,86,87,91,93" hai2="47,81,85,90,109,110,111" /><INIT seed="1,1,1,0,0,66" ten="250,273,247,220" oya="1" hai0="83,99,33,3,74,31,39,94,111,76,0,121,135" hai1="27,44,47,58,7,98,43,23,19,85,97,65,105" hai2="119,129,29,82,70,67,88,125,20,101,113,57,28" hai3="1,24,128,96,18,26,134,38,6,78,61,32,50"/><U52/><E65/><V13/><F119/><W54/><G38/><T63/><D111/><U92/><E7/><V106/><F106/><W35/><G134/><T109/><D109/><U53/><E53/><V22/><F101/><W110/><G128/><T9/><D39/><U79/><E105/><V59/><F129/><W124/><G124/><T117/><D117/><U116/><E116/><V62/><F113/><W2/><G61/><T80/><D135/><U108/><E108/><V69/><F125/><W64/><G64/><T16/><D63/><U36/><E47/><V84/><F59/><W41/><G41/><T95/><D83/><U107/><E107/><V89/><F89/><W68/><G6/><T132/><D95/><U4/><E4/><V71/><REACH who="2" step="1"/><F13/><REACH who="2" ten="250,273,237,220" step="2"/><W15/><G15/><T60/><D132/><U5/><E5/><V81/><F81/><W122/><G110/><T87/><D80/><U126/><E126/><V86/><F86/><W21/><G96/><T40/><D87/><U131/><E131/><V102/><F102/><W90/><G90/><T17/><D99/><U37/><E97/><V42/><F42/><W34/><G2/><T93/><D40/><U45/><E43/><V77/><F77/><W114/><G1/><T73/><D0/><U46/><E85/><V55/><F55/><W8/><G54/><T75/><D3/><U103/><REACH who="1" step="1"/><E79/><REACH who="1" ten="250,263,237,220" step="2"/><V10/><F10/><W112/><G78/><T72/><D76/><U133/><E133/><V123/><F123/><W127/><G122/><T120/><D121/><U130/><E130/><V115/><F115/><RYUUKYOKU ba="1,3" sc="250,-15,263,15,237,15,220,-15" hai1="19,23,27,36,37,44,45,46,52,58,92,98,103" hai2="20,22,28,29,57,62,67,69,70,71,82,84,88" /><INIT seed="1,2,3,2,3,32" ten="235,278,252,205" oya="1" hai0="13,82,94,17,100,15,18,117,51,90,129,101,91" hai1="10,41,14,1,75,33,49,59,84,127,110,62,11" hai2="134,3,61,58,52,42,26,105,73,81,103,69,27" hai3="56,107,135,50,8,45,112,63,123,80,53,25,12"/><U40/><E75/><V88/><F134/><W29/><G135/><T24/><D117/><U98/><E33/><V111/><F111/><W48/><G123/><T55/><D129/><U64/><E127/><V44/><F3/><W86/><G107/><T92/><D24/><U65/><E65/><V36/><F69/><W0/><G0/><T85/><D82/><U66/><E66/><V97/><REACH who="2" step="1"/><F88/><REACH who="2" ten="235,278,242,205" step="2"/><N who="3" m="51271" /><G112/><T5/><D100/><U96/><E110/><V47/><F47/><W113/><G113/><T39/><D101/><U70/><E98/><V102/><F102/><W71/><G71/><T120/><D120/><U20/><E96/><V78/><AGARI ba="2,4" hai="26,27,36,42,44,52,58,61,73,78,81,97,103,105" machi="78" ten="30,8000,1" yaku="1,1,0,1,54,1,53,2" doraHai="32" doraHaiUra="21" who="2" fromWho="2" sc="235,-22,278,-42,242,126,205,-22" /><INIT seed="2,0,0,1,4,3" ten="213,236,368,183" oya="2" hai0="14,117,65,19,42,103,9,48,57,79,96,70,23" hai1="88,58,133,47,123,29,34,113,60,84,13,33,104" hai2="77,64,4,5,127,120,37,130,1,132,119,121,75" hai3="56,112,74,81,63,59,107,135,36,124,51,7,73"/><V93/><F119/><W134/><G107/><T83/><D117/><U118/><E104/><V15/><F37/><W24/><G36/><T108/><D108/><U27/><E118/><V87/><F75/><W44/><G112/><T90/><D70/><U101/><E101/><V69/><F1/><W100/><G100/><T114/><D114/><U21/><E113/><V91/><F77/><W2/><G124/><T25/><D90/><U39/><E133/><V0/><F0/><W122/><G122/><N who="2" m="47209" /><F15/><W61/><G24/><T40/><D65/><U92/><E123/><V32/><F32/><W72/><G81/><T10/><D57/><U45/><E13/><V50/><F50/><W28/><G28/><T35/><D35/><U17/><E39/><V131/><F132/><N who="3" m="50731" /><G59/><T105/><D48/><U86/><E33/><V53/><F53/><N who="3" m="29927" /><G56/><T128/><D128/><N who="2" m="49194" /><F127/><W22/><G22/><T115/><D115/><U95/><E34/><V116/><F116/><W125/><G125/><T30/><REACH who="0" step="1"/><D10/><AGARI ba="0,0" hai="2,7,10,61,63,72,73,74" m="29927,50731" machi="10" ten="40,2600,0" yaku="20,1,52,1" doraHai="3" who="3" fromWho="0" sc="213,-26,236,0,368,0,183,26" /><INIT seed="3,0,0,5,4,61" ten="187,236,368,209" oya="3" hai0="25,47,65,90,135,0,113,93,133,26,130,15,9" hai1="7,12,74,2,71,126,16,30,109,121,102,98,80" hai2="125,62,112,129,108,32,55,10,41,24,92,60,28" hai3="72,104,111,87,124,21,54,106,101,94,45,31,88"/><W76/><G124/><T89/><D0/><U91/><E121/><V40/><F112/><W42/><G54/><T73/><D73/><U99/><E30/><V34/><F125/><W38/><G111/><T33/><D113/><U123/><E123/><V20/><F108/><W107/><G31/><T8/><D130/><U81/><E126/><V29/><F129/><W82/><REACH who="3" step="1"/><G21/><REACH who="3" ten="187,236,368,199" step="2"/><T36/><D33/><U49/><E109/><V52/><F20/><W4/><G4/><T83/><D133/><U3/><E7/><V50/><F55/><W6/><G6/><T85/><D135/><U51/><E2/><V79/><F28/><W5/><G5/><T43/><D8/><U127/><E3/><V13/><F32/><W56/><G56/><T11/><D9/><U70/><E127/><V103/><F10/><W131/><G131/><T18/><REACH who="0" step="1"/><D65/><REACH who="0" ten="177,236,368,199" step="2"/><U67/><E67/><V46/><F34/><W117/><G117/><T116/><D116/><U59/><E70/><V84/><F29/><W64/><G64/><T77/><D77/><U53/><E71/><V19/><F79/><W134/><G134/><T128/><D128/><U35/><E35/><V44/><F19/><W27/><G27/><T14/><D14/><U57/><E12/><V23/><F13/><W110/><G110/><T118/><D118/><U75/><E16/><V48/><F24/><W122/><G122/><T63/><D63/><U97/><E53/><N who="2" m="29831" /><F23/><W39/><G39/><T69/><D69/><U114/><E114/><V58/><F60/><W22/><G22/><T95/><D95/><N who="1" m="58751" /><E49/><V66/><F50/><RYUUKYOKU ba="0,2" sc="177,15,236,-15,368,-15,199,15" hai0="11,15,18,25,26,36,43,47,83,85,89,90,93" hai3="38,42,45,72,76,82,87,88,94,101,104,106,107" /><INIT seed="3,1,2,2,2,3" ten="192,221,353,214" oya="3" hai0="117,101,52,121,86,112,32,33,122,17,56,46,99" hai1="26,0,115,35,34,88,51,90,15,102,128,24,91" hai2="66,72,118,65,36,94,116,114,104,13,59,113,135" hai3="109,105,7,71,54,28,6,22,92,12,133,82,68"/><W85/><G105/><T110/><D117/><U74/><E0/><V108/><F104/><W11/><G133/><T89/><D110/><U60/><E115/><V16/><F72/><W78/><G109/><T96/><D112/><U23/><E74/><V131/><F108/><W47/><G68/><T4/><D46/><U75/><E75/><V107/><F107/><W106/><G71/><T57/><D17/><U9/><E102/><V45/><F94/><W48/><G106/><T124/><D86/><U5/><E128/><V70/><F131/><W8/><G92/><T93/><D93/><U30/><E51/><V37/><F70/><W19/><G28/><T80/><D89/><U67/><REACH who="1" step="1"/><E26/><REACH who="1" ten="192,211,353,214" step="2"/><V1/><F1/><W29/><G11/><T41/><D101/><U44/><E44/><V100/><F45/><W14/><REACH who="3" step="1"/><G29/><REACH who="3" ten="192,211,353,204" step="2"/><T125/><D121/><U95/><E95/><V73/><F114/><W61/><G61/><T134/><D122/><U123/><E123/><V103/><F113/><W2/><G2/><T87/><D99/><U129/><E129/><V81/><F103/><W126/><G126/><T130/><D96/><U21/><E21/><V27/><F100/><W40/><G40/><T83/><D41/><U98/><E98/><V76/><F116/><W79/><G79/><T62/><D130/><U49/><E49/><V120/><F118/><W119/><G119/><T55/><D62/><U10/><E10/><V111/><F120/><W42/><G42/><T69/><D124/><U38/><E38/><V25/><F111/><W63/><G63/><T39/><D125/><RYUUKYOKU ba="1,4" sc="192,-15,211,15,353,-15,204,15" hai1="5,9,15,23,24,30,34,35,60,67,88,90,91" hai3="6,7,8,12,14,19,22,47,48,54,78,82,85" /><INIT seed="3,2,4,2,1,117" ten="177,226,338,219" oya="3" hai0="62,74,51,43,12,57,5,101,98,130,93,114,105" hai1="135,9,122,33,42,87,106,126,3,25,102,61,85" hai2="7,108,133,83,2,96,92,47,49,129,10,36,27" hai3="79,73,45,112,121,86,124,65,113,67,118,84,0"/><W52/><G118/><T8/><D130/><U66/><E42/><V30/><F129/><W63/><G0/><T115/><D74/><U6/><E122/><V60/><F108/><W64/><G124/><T80/><D80/><U16/><E126/><V116/><F116/><W70/><G73/><T90/><D51/><U59/><E135/><V37/><F83/><W123/><G79/><T38/><D43/><U119/><E119/><V120/><F120/><N who="3" m="46155" /><G86/><T31/><D31/><U24/><E24/><V100/><F133/><W103/><G84/><T111/><D111/><U55/><E55/><V40/><REACH who="2" step="1"/><F60/><REACH who="2" ten="177,226,328,219" step="2"/><W26/><G103/><T125/><D125/><U99/><E33/><AGARI ba="2,5" hai="2,7,10,27,30,33,36,37,40,47,49,92,96,100" machi="33" ten="30,3900,0" yaku="1,1,2,1,7,1,53,0" doraHai="117" doraHaiUra="107" who="2" fromWho="1" sc="177,0,226,-45,328,95,219,0" /><INIT seed="4,0,0,1,3,112" ten="177,181,423,219" oya="0" hai0="97,1,111,56,15,44,25,79,6,75,113,66,17" hai1="30,3,46,108,80,109,117,98,125,54,94,135,86" hai2="72,88,119,32,71,95,21,24,122,34,0,103,120" hai3="45,22,118,38,7,128,13,31,85,20,57,67,48"/><T19/><D113/><U53/><E3/><V115/><F115/><W23/><G128/><T83/><D111/><U104/><E104/><V42/><F71/><W33/><G38/><T51/><D1/><U27/><E135/><V58/><F0/><W87/><G33/><T4/><D97/><U69/><E69/><V63/><F72/><W12/><G31/><T76/><D76/><U29/><E29/><V81/><F42/><W105/><G105/><T107/><D107/><U9/><E9/><V82/><F119/><W36/><G36/><T90/><D90/><U129/><E117/><V28/><F32/><W77/><G118/><T52/><D25/><U73/><E73/><V100/><F34/><W35/><G35/><T93/><D93/><U91/><E129/><V62/><F62/><N who="3" m="38351" /><G77/><T39/><D19/><U40/><E125/><V64/><F120/><W102/><G102/><N who="2" m="38953" /><F122/><W60/><G60/><T89/><D89/><N who="1" m="55631" /><E109/><V37/><F37/><W16/><G7/><T70/><D70/><U43/><E108/><V61/><F61/><W133/><G133/><T121/><D121/><U50/><E43/><V132/><F132/><W65/><G65/><T55/><D66/><U114/><E114/><V134/><F134/><W92/><G92/><T78/><D78/><U14/><E14/><N who="3" m="5738" /><G16/><T41/><REACH who="0" step="1"/><D55/><AGARI ba="0,0" hai="20,22,23,45,48,55,85,87" m="5738,38351" machi="55" ten="30,1000,0" yaku="8,1" doraHai="112" who="3" fromWho="0" sc="177,-10,181,0,423,0,219,10" /><INIT seed="5,0,0,1,2,56" ten="167,181,423,229" oya="1" hai0="64,78,36,46,34,35,20,97,127,108,99,15,48" hai1="94,105,2,39,54,57,91,117,21,6,55,116,95" hai2="41,104,130,23,40,66,43,18,101,29,107,79,73" hai3="88,67,33,119,110,42,98,118,124,14,86,115,7"/><U50/><E105/><V89/><F29/><W24/><G110/><T120/><D108/><U82/><E39/><V77/><F130/><W25/><G115/><T62/><D36/><U109/><E109/><V121/><F121/><W72/><G72/><T4/><D127/><U53/><E94/><V37/><F37/><W32/><G98/><T31/><D78/><U9/><E82/><V112/><F112/><W22/><G42/><T28/><D120/><U106/><E106/><V45/><F45/><W74/><G74/><T71/><D34/><U44/><E21/><V30/><F30/><W103/><G103/><T132/><D35/><U17/><E17/><V96/><F104/><W27/><G124/><T47/><D47/><U83/><E83/><V131/><F131/><W100/><G100/><T59/><D71/><U8/><E9/><V61/><F89/><W19/><G67/><T69/><D69/><U128/><E128/><V0/><F0/><W84/><G84/><T93/><D132/><U26/><E26/><V3/><F3/><W58/><G58/><T68/><D68/><U10/><E10/><V133/><F73/><W134/><G7/><T51/><D97/><U114/><E114/><V80/><F80/><N who="3" m="49223" /><G134/><T102/><D4/><U11/><E11/><V70/><REACH who="2" step="1"/><F133/><REACH who="2" ten="167,181,413,229" step="2"/><W16/><G32/><T122/><D122/><U13/><E2/><V76/><F76/><W12/><G33/><T81/><D81/><U49/><REACH who="1" step="1"/><E54/><REACH who="1" ten="167,171,413,229" step="2"/><V87/><F87/><AGARI ba="0,2" hai="6,8,13,44,49,50,53,55,57,87,91,95,116,117" machi="87" ten="30,5800,0" yaku="1,1,2,1,7,1,53,0" doraHai="56" doraHaiUra="135" who="1" fromWho="2" sc="167,0,171,78,413,-58,229,0" /><INIT seed="5,1,0,2,4,72" ten="167,249,355,229" oya="1" hai0="106,109,60,45,13,102,134,26,67,103,111,87,74" hai1="81,58,32,47,4,113,127,62,40,76,85,90,50" hai2="44,107,9,73,56,22,18,20,54,49,66,17,78" hai3="30,104,91,37,120,75,68,63,83,121,80,52,119"/><U33/><E113/><V61/><F107/><W38/><G104/><T101/><D74/><U51/><E127/><V29/><F73/><W84/><G30/><T1/><D1/><U135/><E135/><V89/><F78/><W86/><G75/><T48/><D134/><U82/><E50/><V126/><F126/><W79/><G119/><T97/><D109/><U15/><E82/><V77/><F77/><W35/><G35/><T100/><D111/><U128/><E128/><V133/><F133/><W31/><G31/><T105/><D26/><U41/><E41/><V8/><F29/><W131/><G131/><T19/><D87/><U96/><E96/><V5/><F5/><W70/><G70/><T130/><D130/><U24/><E24/><N who="2" m="14351" /><F89/><W34/><G34/><T114/><D114/><U117/><E90/><V59/><F59/><W92/><G92/><T14/><D105/><U7/><E7/><V112/><F112/><W88/><G79/><T123/><D19/><U10/><REACH who="1" step="1"/><E117/><REACH who="1" ten="167,239,355,229" step="2"/><V3/><F3/><W53/><G38/><T43/><REACH who="0" step="1"/><D123/><REACH who="0" ten="157,239,355,229" step="2"/><U28/><E28/><V129/><F129/><W118/><G118/><T6/><D6/><U108/><E108/><V39/><F39/><W98/><G37/><T2/><D2/><U42/><E42/><V116/><F116/><W94/><G120/><T69/><AGARI ba="1,2" hai="13,14,43,45,48,60,67,69,97,100,101,102,103,106" machi="69" ten="30,2000,0" yaku="1,1,0,1,53,0" doraHai="72" doraHaiUra="71" who="0" fromWho="0" sc="157,43,239,-11,355,-6,229,-6" /><INIT seed="6,0,0,4,2,23" ten="200,228,349,223" oya="2" hai0="111,68,109,0,97,6,95,14,50,49,96,122,115" hai1="48,67,32,12,62,80,19,81,42,17,106,18,134" hai2="118,64,126,69,82,91,43,71,94,75,39,54,53" hai3="120,108,56,9,121,130,46,38,98,119,90,88,10"/><V47/><F118/><W104/><G119/><T45/><D122/><U83/><E106/><V76/><F126/><W125/><G108/><T16/><D68/><U72/><E134/><V70/><REACH who="2" step="1"/><F64/><REACH who="2" ten="200,228,339,223" step="2"/><W92/><G125/><T74/><D111/><U5/><E67/><V132/><F132/><W65/><G65/><T36/><D109/><U101/><E32/><V133/><F133/><W35/><G35/><T89/><D115/><U110/><E110/><V63/><F63/><W22/><G120/><T135/><D135/><U59/><E62/><V61/><F61/><W24/><G121/><T102/><D74/><U25/><E72/><V87/><AGARI ba="0,1" hai="39,43,47,53,54,69,70,71,75,76,82,87,91,94" machi="87" ten="30,3000,0" yaku="1,1,0,1,53,0" doraHai="23" doraHaiUra="93" who="2" fromWho="2" sc="200,-10,228,-10,339,40,223,-10" /><INIT seed="6,1,0,5,3,34" ten="190,218,379,213" oya="2" hai0="99,21,65,103,81,71,69,16,96,32,134,62,45" hai1="84,5,78,98,50,87,31,17,79,97,57,127,110" hai2="55,101,91,29,38,123,12,47,25,77,2,43,93" hai3="100,89,108,53,19,128,86,35,121,94,6,112,104"/><V46/><F2/><W82/><G121/><T44/><D32/><U85/><E110/><V3/><F3/><W28/><G108/><T125/><D134/><U102/><E127/><V92/><F77/><W120/><G120/><T135/><D135/><U119/><E119/><V80/><F12/><W51/><G6/><T7/><D125/><U11/><E17/><V40/><F55/><W54/><G128/><T4/><D71/><U37/><E31/><V130/><F101/><W56/><G112/><T111/><D111/><U75/><E37/><V74/><F130/><W63/><G104/><T90/><D44/><U26/><E26/><V122/><F80/><W20/><G28/><T129/><D45/><U36/><E36/><V118/><F74/><W0/><G0/><T10/><D10/><U131/><E75/><V95/><F91/><W15/><G35/><T107/><D129/><U42/><E131/><V105/><F105/><W133/><G133/><T41/><D41/><U23/><E23/><V39/><F118/><W73/><G73/><T83/><D83/><U48/><E42/><V1/><F1/><W58/><REACH who="3" step="1"/><G100/><REACH who="3" ten="190,218,379,203" step="2"/><T124/><D124/><U33/><E33/><AGARI ba="1,1" hai="25,29,33,38,39,40,43,46,47,92,93,95,122,123" machi="33" ten="40,2000,0" yaku="9,1" doraHai="34" who="2" fromWho="1" sc="190,0,218,-23,379,33,203,0" /><INIT seed="6,2,0,0,3,55" ten="190,195,412,203" oya="2" hai0="47,68,107,41,21,4,22,70,115,8,94,128,130" hai1="118,106,123,126,64,23,36,35,105,93,71,24,5" hai2="12,34,42,96,44,80,113,26,121,83,54,112,59" hai3="69,7,6,77,131,102,111,65,95,124,33,104,86"/><V2/><F2/><W108/><G131/><N who="0" m="50219" /><D94/><U63/><E118/><V90/><F121/><W43/><G124/><T16/><D107/><U134/><E126/><V49/><F12/><W9/><G104/><T52/><D115/><U88/><E123/><V13/><F13/><W97/><G6/><T120/><D120/><U74/><E36/><V73/><F26/><W85/><G33/><T51/><D41/><U91/><E74/><V103/><F34/><W20/><G43/><T29/><D29/><U40/><E40/><V17/><F17/><W57/><G69/><N who="0" m="26731" /><D16/><U129/><E129/><V37/><F90/><W30/><G30/><T25/><D25/><U38/><E35/><V32/><F32/><W3/><G20/><T53/><D53/><U84/><E38/><V114/><F73/><W75/><G75/><T62/><D62/><U10/><E91/><V56/><F37/><W101/><G101/><T45/><D45/><U127/><E127/><V14/><F42/><W72/><G72/><T46/><D46/><U82/><E93/><V48/><F44/><W61/><REACH who="3" step="1"/><G77/><REACH who="3" ten="190,195,412,193" step="2"/><T117/><D117/><U98/><E106/><V31/><F31/><W92/><G92/><T122/><D122/><U28/><E105/><V27/><F113/><W133/><G133/><T135/><D135/><U78/><E134/><V125/><F125/><W50/><G50/><T100/><D100/><U87/><E5/><V15/><F103/><W116/><G116/><T19/><D19/><U81/><E10/><V66/><F112/><W58/><G58/><T110/><D110/><AGARI ba="2,1" hai="3,7,9,57,61,65,85,86,95,97,102,108,110,111" machi="110" ten="40,2600,0" yaku="1,1,52,1,53,0" doraHai="55" doraHaiUra="67" who="3" fromWho="0" sc="190,-32,195,0,412,0,193,42" /><INIT seed="7,0,0,1,0,21" ten="158,195,412,235" oya="3" hai0="129,43,115,8,81,19,128,132,55,31,62,100,33" hai1="70,23,61,20,72,18,41,69,96,130,0,95,104" hai2="105,39,97,17,122,44,2,121,89,84,124,28,71" hai3="36,127,48,76,87,116,103,68,7,38,51,24,1"/><W123/><G116/><T4/><D43/><U111/><E111/><V3/><F71/><W14/><G1/><T107/><D19/><U42/><E0/><V11/><F124/><W91/><G127/><T63/><D55/><U45/><E72/><V75/><F75/><W32/><G68/><T29/><D81/><U135/><E104/><V131/><F131/><N who="0" m="50250" /><D31/><U93/><E130/><V15/><F28/><W58/><G38/><T77/><D77/><U73/><E73/><V90/><F44/><W22/><G76/><T102/><D107/><U47/><E61/><N who="0" m="23049" /><D132/><U74/><E74/><V92/><F39/><W126/><G36/><T50/><D50/><U53/><E53/><V65/><F65/><W125/><G51/><T35/><D35/><U117/><E18/><V57/><F57/><W64/><G32/><T133/><D133/><U27/><E135/><V59/><F59/><W82/><G58/><T106/><D106/><U40/><E40/><V101/><F89/><W120/><G48/><T85/><D85/><U99/><E117/><V114/><F2/><W83/><G87/><T56/><D56/><U52/><E52/><V6/><F17/><W37/><G37/><T46/><D46/><U110/><E110/><V86/><F3/><W112/><G125/><T134/><D134/><U79/><E79/><V78/><F78/><W49/><G49/><T16/><D16/><U10/><E10/><V30/><F86/><W109/><G109/><T34/><D115/><U26/><AGARI ba="0,0" hai="20,23,26,27,41,42,45,47,69,70,93,95,96,99" machi="26" ten="25,8000,1" yaku="0,1,22,2,52,2" doraHai="21" who="1" fromWho="1" sc="158,-20,195,80,412,-20,235,-40" owari="138,-36.2,275,7.5,392,49.2,195,-20.5" /></mjloggm>