<mjloggm ver="2.3"><GO type="169" lobby="0"/><UN n0="%E6%99%82%E8%A8%88%E5%9D%82%E9%9B%B6" n1="%52%65%61%6C%58" n2="%53%69%6C%76%65%72%44%46" n3="%E7%A7%98%E6%89%93%E7%99%BD%E9%B3%A5%E3%81%AE%E6%B9%96" dan="16,16,17,17" rate="2153.03,2168.68,2225.01,2142.23" sx="M,F,M,M"/><TAIKYOKU oya="0"/><INIT seed="0,0,0,3,0,43" ten="250,250,250,250" oya="0" hai0="108,26,87,31,17,89,25,74,48,36,64,73,93" hai1="3,46,110,115,22,51,71,78,7,52,40,28,112" hai2="124,54,123,104,134,133,72,56,95,131,80,130,118" hai3="84,12,129,65,119,16,37,38,75,98,94,111,59"/><T62/><D36/><U135/><E110/><V58/><F104/><W117/><G75/><T50/><D108/><U5/><E135/><N who="2" m="51723" /><F123/><W42/><G111/><T120/><D120/><U79/><E71/><V4/><F4/><N who="1" m="1609" /><E3/><V109/><F109/><W127/><G129/><N who="2" m="49161" /><F118/><W76/><G84/><T91/><D73/><U24/><E40/><V63/><F95/><W44/><G76/><T35/><D74/><U77/><E115/><V96/><F96/><W102/><G127/><T106/><D106/><U132/><E112/><V30/><F30/><W60/><REACH who="3" step="1"/><G38/><REACH who="3" ten="250,250,250,240" step="2"/><T13/><D91/><U41/><E132/><V20/><F72/><W1/><G1/><T66/><D26/><U70/><E70/><V85/><F124/><W105/><G105/><T9/><REACH who="0" step="1"/><D66/><REACH who="0" ten="240,250,250,240" step="2"/><U99/><E79/><V81/><F85/><W33/><G33/><T100/><D100/><U69/><E78/><V29/><F81/><W57/><G57/><AGARI ba="0,2" hai="9,13,17,25,31,35,48,50,57,62,64,87,89,93" machi="57" ten="30,11600,0" yaku="1,1,7,1,53,2" doraHai="43" doraHaiUra="47" who="0" fromWho="3" sc="240,136,250,0,250,0,240,-116" /><INIT seed="0,1,0,1,3,10" ten="376,250,250,124" oya="0" hai0="79,130,17,113,39,78,67,98,54,72,23,93,3" hai1="75,42,32,132,80,122,82,56,110,105,70,13,133" hai2="104,116,50,11,103,83,117,127,6,4,69,66,76" hai3="15,36,55,18,8,1,85,91,14,120,135,96,37"/><T77/><D113/><U24/><E122/><V125/><F103/><W89/><G120/><T100/><D3/><U128/><E70/><V40/><F104/><W5/><G135/><T38/><D72/><U115/><E105/><V31/><F31/><W27/><G27/><T52/><D67/><U21/><E115/><V20/><F20/><W22/><G1/><T43/><D130/><U53/><E42/><V7/><F66/><W74/><G74/><T34/><D34/><U45/><E128/><V97/><F97/><W49/><G96/><T107/><D107/><U106/><E106/><V61/><F61/><W58/><REACH who="3" step="1"/><G91/><REACH who="3" ten="376,250,250,114" step="2"/><T16/><D39/><U0/><E0/><V87/><F117/><W51/><G51/><T30/><D38/><U129/><E75/><V68/><F116/><W81/><AGARI ba="1,1" hai="5,8,14,15,18,22,36,37,49,55,58,81,85,89" machi="81" ten="20,8000,1" yaku="1,1,0,1,7,1,52,2,53,0" doraHai="10" doraHaiUra="65" who="3" fromWho="3" sc="376,-41,250,-21,250,-21,114,93" /><INIT seed="1,0,0,5,1,113" ten="335,229,229,207" oya="1" hai0="55,11,52,83,60,94,88,1,10,69,49,63,76" hai1="108,98,99,5,4,90,41,104,18,71,102,8,101" hai2="59,56,133,82,80,23,70,25,124,117,20,130,128" hai3="96,61,134,126,107,111,78,14,85,6,36,119,75"/><U68/><E41/><V39/><F70/><W2/><G36/><T109/><D109/><U15/><E108/><V28/><F39/><W34/><G34/><T50/><D1/><U19/><E90/><V86/><F133/><W22/><G2/><T114/><D114/><U93/><REACH who="1" step="1"/><E19/><REACH who="1" ten="335,219,229,207" step="2"/><V32/><F128/><W73/><G111/><T30/><D88/><U62/><E62/><V79/><F130/><W29/><G61/><T87/><D60/><U131/><E131/><V121/><F121/><W105/><G134/><T122/><D63/><U12/><E12/><V46/><F124/><W127/><G14/><T91/><D122/><U77/><E77/><V24/><F79/><W118/><G78/><T95/><D76/><U116/><E116/><V74/><F117/><W42/><G42/><T115/><D91/><U26/><E26/><V45/><F74/><W120/><G120/><T27/><D27/><U17/><E17/><V106/><F32/><W35/><G35/><T54/><D115/><U72/><E72/><V3/><F3/><W44/><G75/><T125/><D125/><U16/><E16/><V31/><F86/><W92/><G73/><T103/><D87/><U0/><E0/><V97/><F97/><W58/><G85/><T132/><D132/><U89/><E89/><V100/><F100/><W53/><G127/><T38/><D103/><U7/><AGARI ba="0,1" hai="4,5,7,8,15,18,68,71,93,98,99,101,102,104" machi="7" ten="30,3000,0" yaku="1,1,0,1,53,0" doraHai="113" doraHaiUra="84" who="1" fromWho="1" sc="335,-10,219,40,229,-10,207,-10" /><INIT seed="1,1,0,4,1,83" ten="325,259,219,197" oya="1" hai0="57,135,91,44,50,134,110,79,47,16,41,113,36" hai1="116,90,53,33,6,111,93,26,127,12,76,63,49" hai2="131,51,11,78,62,95,42,34,112,58,5,24,32" hai3="7,128,40,103,31,115,96,100,13,73,132,21,117"/><U22/><E116/><V119/><F119/><W68/><G117/><T81/><D113/><U125/><E33/><V101/><F112/><W130/><G115/><T37/><D110/><U70/><E76/><V85/><F131/><W29/><G68/><T17/><D91/><U84/><E111/><V23/><F51/><W4/><G73/><T66/><D66/><U120/><E120/><V98/><F42/><W0/><G0/><T114/><D114/><U123/><E123/><V27/><F27/><W25/><G132/><N who="0" m="50731" /><D57/><N who="1" m="32943" /><E6/><V30/><F85/><W65/><G65/><T2/><D2/><U102/><E102/><V3/><REACH who="2" step="1"/><F78/><REACH who="2" ten="325,259,209,197" step="2"/><W38/><G40/><N who="0" m="22543" /><D50/><U1/><E26/><V14/><F14/><W39/><G13/><T19/><D19/><N who="1" m="10599" /><E1/><V122/><F122/><W121/><G121/><T107/><D107/><U8/><E8/><V69/><F69/><W9/><G9/><T15/><D15/><U82/><E82/><V86/><F86/><AGARI ba="1,1" hai="16,17,36,41,47,79,81,86" m="22543,50731" machi="86" ten="30,3900,0" yaku="20,1,52,1,54,1" doraHai="83" who="0" fromWho="2" sc="325,52,259,0,209,-42,197,0" /><INIT seed="2,0,0,1,3,48" ten="377,259,167,197" oya="2" hai0="90,32,116,7,105,68,36,94,103,21,50,79,33" hai1="11,60,111,83,41,107,6,14,8,40,118,62,18" hai2="86,72,75,56,84,52,45,23,1,85,71,15,38" hai3="19,82,113,91,3,110,100,20,125,13,29,104,9"/><V64/><F1/><W2/><G110/><T58/><D36/><U28/><E111/><V43/><F15/><W57/><G125/><T126/><D68/><U34/><E107/><V5/><F5/><W0/><G113/><T74/><D126/><U17/><E118/><V53/><F23/><W77/><G91/><T24/><D7/><U10/><E83/><V88/><F88/><W129/><G129/><T70/><D70/><U114/><E114/><V39/><F39/><W96/><G57/><T49/><D116/><U69/><E69/><V54/><REACH who="2" step="1"/><F56/><REACH who="2" ten="377,259,157,197" step="2"/><W130/><G130/><T120/><D90/><U99/><E14/><V16/><F16/><W121/><G29/><T127/><D21/><U101/><E28/><V92/><F92/><W131/><G131/><T42/><D94/><N who="1" m="58615" /><E34/><V61/><AGARI ba="0,1" hai="38,43,45,52,53,54,61,64,71,72,75,84,85,86" machi="61" ten="40,18000,2" yaku="1,1,0,1,52,3,54,1,53,0" doraHai="48" doraHaiUra="4" who="2" fromWho="2" sc="377,-60,259,-60,157,190,197,-60" /><INIT seed="2,1,0,5,0,134" ten="317,199,347,137" oya="2" hai0="106,12,58,52,89,24,88,2,105,124,80,51,16" hai1="81,15,84,4,9,78,112,13,35,31,55,111,5" hai2="20,93,62,18,130,7,74,103,27,21,72,126,3" hai3="56,129,19,117,85,104,8,45,44,110,77,47,68"/><V10/><F130/><W53/><G117/><T132/><D2/><U114/><E111/><V29/><F126/><W131/><G68/><T76/><D132/><U28/><E35/><V119/><F119/><W40/><G104/><T42/><D124/><U64/><E64/><V60/><F103/><W34/><G34/><T14/><D42/><U73/><E73/><V107/><F107/><W135/><G135/><T102/><D106/><U123/><E123/><V108/><F108/><W0/><G110/><T49/><D49/><U122/><E122/><V113/><F113/><W65/><G65/><T120/><D120/><U133/><E133/><V37/><F93/><W116/><G116/><T100/><D24/><U86/><E55/><V54/><F37/><W63/><G40/><T82/><D12/><U90/><E114/><V101/><F101/><N who="0" m="39018" /><D105/><U96/><E96/><V70/><F70/><W69/><G69/><T67/><D67/><U59/><E59/><V97/><F62/><W127/><G127/><T6/><D6/><U98/><E98/><V57/><REACH who="2" step="1"/><F97/><REACH who="2" ten="317,199,337,137" step="2"/><W91/><G131/><T22/><D76/><U41/><E112/><V61/><F61/><W92/><G77/><T33/><D33/><U66/><E78/><V121/><F121/><W79/><G79/><T46/><D58/><U36/><E36/><V71/><F71/><W32/><G129/><T87/><D89/><U43/><E90/><V95/><F95/><AGARI ba="1,1" hai="14,16,22,46,51,52,80,82,87,88,95" m="39018" machi="95" ten="30,7700,0" yaku="8,1,54,3" doraHai="134" who="0" fromWho="2" sc="317,90,199,0,337,-80,137,0" /><INIT seed="3,0,0,1,4,120" ten="407,199,257,137" oya="3" hai0="79,32,89,0,35,37,8,119,27,41,12,130,127" hai1="67,94,73,6,116,49,90,33,111,105,50,16,82" hai2="15,124,87,42,13,122,125,62,26,4,95,24,128" hai3="131,98,61,53,103,88,52,21,84,25,129,9,30"/><W93/><G9/><T34/><D79/><U57/><E105/><V112/><F122/><W123/><G123/><T19/><D41/><U68/><E33/><V51/><F112/><W80/><REACH who="3" step="1"/><G61/><REACH who="3" ten="407,199,257,127" step="2"/><T113/><D8/><U109/><E6/><V99/><F62/><W91/><G91/><T114/><D89/><U44/><E116/><V121/><F4/><W56/><G56/><T64/><D119/><U54/><E68/><V14/><F121/><W81/><G81/><T75/><D114/><U74/><E82/><V66/><F125/><W65/><G65/><T134/><D64/><U20/><E67/><V23/><F66/><W55/><AGARI ba="0,1" hai="21,25,30,52,53,55,80,84,88,93,98,103,129,131" machi="55" ten="30,11700,0" yaku="1,1,0,1,54,2,53,0" doraHai="120" doraHaiUra="115" who="3" fromWho="3" sc="407,-39,199,-39,257,-39,127,127" /><INIT seed="3,1,0,5,1,54" ten="368,160,218,254" oya="3" hai0="83,27,107,30,71,26,41,9,0,15,33,104,97" hai1="21,94,22,25,63,24,110,106,44,34,125,90,20" hai2="45,19,40,13,58,78,57,43,10,121,116,49,55" hai3="65,76,62,32,82,12,115,51,4,114,89,113,37"/><W80/><G37/><T100/><D71/><U84/><E106/><V50/><F116/><W17/><G32/><T28/><D0/><U128/><E110/><V8/><F121/><W11/><G51/><T133/><D133/><U42/><E128/><V68/><F68/><W123/><G123/><T14/><D104/><U36/><E125/><V117/><F117/><W74/><G82/><T70/><D70/><U77/><E77/><V127/><F127/><W73/><G89/><T3/><D3/><U109/><E109/><V111/><F111/><W2/><G74/><T122/><D122/><U88/><E34/><V53/><F78/><W130/><G130/><T67/><D67/><U81/><REACH who="1" step="1"/><E63/><REACH who="1" ten="368,150,218,254" step="2"/><N who="2" m="36271" /><F43/><W132/><G132/><T56/><D41/><U18/><E18/><V129/><F129/><W98/><G98/><AGARI ba="1,1" hai="20,21,22,24,25,36,42,44,81,84,88,90,94,98" machi="98" ten="40,2600,0" yaku="1,1,54,1,53,0" doraHai="54" doraHaiUra="59" who="1" fromWho="3" sc="368,0,150,39,218,0,254,-29" /><INIT seed="4,0,0,1,5,3" ten="368,189,218,225" oya="0" hai0="124,37,38,67,133,126,108,72,58,29,76,23,39" hai1="90,11,97,80,105,85,134,5,55,99,65,98,27" hai2="88,26,62,21,48,114,69,68,40,28,96,20,135" hai3="12,22,16,59,77,33,53,87,86,100,24,93,92"/><T30/><D133/><U115/><E134/><V116/><F135/><W45/><G45/><T125/><D108/><U104/><E65/><V17/><F114/><W84/><G77/><T127/><D127/><U60/><E115/><V25/><F116/><W6/><G100/><T117/><D117/><U0/><REACH who="1" step="1"/><E27/><REACH who="1" ten="368,179,218,225" step="2"/><V2/><F26/><W94/><G33/><T15/><D67/><U64/><E64/><V121/><F25/><W41/><G41/><T95/><D125/><U61/><E61/><V46/><F62/><N who="3" m="36207" /><G24/><T19/><D124/><U47/><E47/><V9/><F46/><W113/><G113/><T32/><D126/><U31/><E31/><V82/><F28/><W34/><G34/><T83/><D30/><U106/><E106/><V1/><F40/><W57/><G57/><AGARI ba="0,1" hai="0,5,11,55,57,60,80,85,90,97,98,99,104,105" machi="57" ten="40,2600,0" yaku="1,1,52,1,53,0" doraHai="3" doraHaiUra="36" who="1" fromWho="3" sc="368,0,179,36,218,0,225,-26" /><INIT seed="5,0,0,0,4,107" ten="368,215,218,199" oya="1" hai0="102,115,79,14,6,42,126,18,77,82,25,78,54" hai1="87,13,121,93,124,44,23,46,90,33,128,99,133" hai2="95,70,83,135,59,92,67,47,88,62,29,15,118" hai3="1,100,130,51,125,98,101,65,72,16,35,134,21"/><U28/><E121/><V7/><F118/><W113/><G35/><T30/><D115/><U71/><E71/><V48/><F135/><W127/><G1/><T50/><D126/><N who="3" m="48137" /><G134/><T114/><D114/><U109/><E124/><V123/><F123/><W76/><G113/><T74/><D102/><U37/><E133/><V69/><F29/><W19/><G130/><T24/><D42/><U84/><E128/><V80/><F92/><W96/><G65/><T5/><D82/><U85/><E109/><V119/><F70/><W63/><G63/><T108/><D74/><U103/><E37/><V22/><F69/><W86/><G86/><N who="1" m="33386" /><E33/><V11/><F22/><W91/><G91/><T41/><D41/><U132/><E132/><V131/><F119/><W75/><G51/><T32/><D108/><U73/><E73/><N who="3" m="28234" /><G76/><T111/><D111/><U36/><E36/><V112/><F131/><W49/><G49/><T66/><D66/><U81/><E28/><V8/><F112/><W57/><G57/><N who="0" m="32983" /><D30/><U4/><E23/><V110/><F110/><W64/><G64/><T45/><D32/><U117/><E117/><V52/><F11/><AGARI ba="0,0" hai="4,11,13,44,46,81,87,90,93,99,103" m="33386" machi="11" ten="30,1500,0" yaku="8,1" doraHai="107" who="1" fromWho="2" sc="368,0,215,15,218,-15,199,0" /><INIT seed="5,1,0,2,4,110" ten="368,230,203,199" oya="1" hai0="63,56,29,0,9,115,39,52,44,46,81,40,4" hai1="1,97,91,80,125,17,34,16,85,30,121,18,54" hai2="134,78,66,103,77,43,113,55,11,96,19,12,61" hai3="70,79,7,118,10,13,33,62,128,31,64,86,2"/><U32/><E121/><V114/><F55/><W82/><G128/><T76/><D115/><N who="2" m="44042" /><F43/><W84/><G118/><T100/><D100/><U60/><E125/><V92/><F134/><W104/><G104/><T58/><D29/><U75/><E75/><V5/><F5/><W26/><REACH who="3" step="1"/><G2/><REACH who="3" ten="368,230,203,189" step="2"/><T132/><D0/><U57/><E1/><V93/><F92/><W65/><G65/><T126/><D126/><U99/><REACH who="1" step="1"/><E30/><REACH who="1" ten="368,220,203,189" step="2"/><V98/><F98/><AGARI ba="1,2" hai="16,17,18,32,34,54,57,60,80,85,91,97,98,99" machi="98" ten="40,7700,0" yaku="1,1,2,1,54,1,53,0" doraHai="110" doraHaiUra="130" who="1" fromWho="2" sc="368,0,220,100,203,-80,189,0" /><INIT seed="5,2,0,3,0,49" ten="368,320,123,189" oya="1" hai0="27,131,73,63,52,38,69,78,129,70,22,65,46" hai1="91,13,50,6,123,110,56,16,89,119,34,92,28" hai2="53,108,98,79,95,124,30,45,42,4,25,5,20" hai3="11,47,21,48,75,54,66,39,32,96,77,84,130"/><U2/><E119/><V71/><F108/><W17/><G32/><T35/><D35/><U85/><E123/><V133/><F124/><W36/><G75/><T128/><D70/><U58/><E110/><V127/><F127/><W104/><G130/><T61/><D38/><U103/><E103/><V93/><F133/><W72/><G72/><T115/><D115/><U120/><E120/><V90/><F71/><W82/><G11/><T86/><D73/><U68/><E68/><V18/><F79/><W15/><REACH who="3" step="1"/><G66/><REACH who="3" ten="368,320,123,179" step="2"/><T97/><D65/><U118/><E34/><V10/><F53/><W74/><G74/><T23/><D52/><N who="1" m="31767" /><E118/><V101/><F10/><W40/><G40/><T134/><D129/><U122/><E122/><V106/><F106/><W26/><G26/><T112/><D27/><U126/><E126/><V51/><REACH who="2" step="1"/><F30/><REACH who="2" ten="368,320,113,179" step="2"/><W99/><G99/><AGARI ba="2,2" hai="4,5,18,20,25,42,45,51,90,93,95,98,99,101" machi="99" ten="30,7700,0" yaku="1,1,2,1,7,1,8,1,53,0" doraHai="49" doraHaiUra="31" who="2" fromWho="3" sc="368,0,320,0,113,103,179,-83" /><INIT seed="6,0,0,0,2,97" ten="368,320,216,96" oya="2" hai0="117,74,4,43,107,65,129,67,7,73,95,59,106" hai1="128,125,8,131,130,62,66,72,9,102,63,51,1" hai2="120,46,40,0,134,22,83,112,54,76,82,42,94" hai3="48,98,101,75,61,115,132,79,104,5,19,57,122"/><V100/><F120/><W25/><G132/><T88/><D43/><N who="2" m="16426" /><F0/><W50/><G122/><T124/><D124/><U84/><E72/><V91/><F112/><W127/><G127/><T21/><D21/><U135/><E125/><V14/><F76/><W52/><G115/><T110/><D110/><U123/><E135/><V49/><F134/><W36/><G36/><T20/><D20/><U78/><E123/><V77/><F77/><W114/><G114/><T126/><D129/><U53/><E1/><V44/><F46/><W30/><G19/><T81/><D73/><U64/><E84/><N who="2" m="52583" /><F100/><W113/><G5/><T121/><D4/><U93/><E78/><V33/><F33/><W24/><G113/><T3/><D7/><U118/><E118/><V58/><F44/><W111/><G111/><T108/><D108/><U99/><E9/><V85/><F85/><W71/><G71/><T2/><D2/><U37/><E8/><V15/><F15/><W29/><G79/><T105/><D3/><U133/><E37/><V109/><F109/><W60/><G75/><T103/><D117/><U70/><E133/><V89/><F89/><W119/><G119/><T55/><D88/><U32/><E32/><V45/><F45/><W16/><G16/><AGARI ba="0,0" hai="14,16,22,49,54,58,82,83" m="52583,16426" machi="16" ten="30,5800,0" yaku="25,1,8,1,54,1" doraHai="97" who="2" fromWho="3" sc="368,0,320,0,216,58,96,-58" /><INIT seed="6,1,0,5,1,68" ten="368,320,274,38" oya="2" hai0="135,32,122,129,81,91,130,78,134,0,56,65,107" hai1="10,112,90,98,24,14,31,127,34,126,19,18,108" hai2="45,121,75,70,6,26,30,131,35,15,106,28,79" hai3="66,118,58,57,16,38,13,113,61,104,36,59,103"/><V89/><F121/><W109/><G109/><T49/><D0/><U42/><E108/><V40/><F70/><W125/><G118/><T93/><D32/><U84/><E98/><V110/><F110/><W105/><G125/><N who="1" m="47626" /><E42/><V73/><F106/><W76/><G76/><T50/><D107/><U132/><E112/><V133/><F133/><N who="0" m="50698" /><D122/><U71/><E71/><V2/><F131/><N who="0" m="50186" /><D65/><U62/><E132/><V27/><F15/><W46/><G105/><T67/><D67/><U92/><E62/><V87/><F79/><W115/><G103/><T72/><D56/><N who="3" m="21609" /><G46/><T23/><D23/><U21/><E19/><V80/><F6/><W85/><G104/><T44/><D44/><U33/><AGARI ba="1,0" hai="10,14,18,21,24,31,33,34,84,90,92" m="47626" machi="33" ten="30,1100,0" yaku="18,1" doraHai="68" who="1" fromWho="1" sc="368,-4,320,14,274,-6,38,-4" /><INIT seed="7,0,0,0,3,40" ten="364,334,268,34" oya="3" hai0="60,69,74,16,133,123,19,55,77,17,28,0,73" hai1="9,103,11,23,94,64,41,126,61,29,129,125,87" hai2="132,121,7,88,119,27,111,57,68,24,70,92,20" hai3="50,79,109,4,5,134,54,13,10,15,89,25,93"/><W31/><G134/><T49/><D123/><U81/><E129/><V99/><F111/><W14/><G79/><T26/><D0/><U91/><E41/><V51/><F119/><W43/><G43/><T53/><D133/><U2/><E2/><V32/><F132/><W76/><G76/><T106/><D106/><U66/><E66/><V124/><F121/><W120/><G120/><T85/><D85/><U75/><E75/><V113/><F113/><W33/><G109/><T117/><D117/><U65/><E65/><V36/><F36/><W97/><REACH who="3" step="1"/><G5/><REACH who="3" ten="364,334,268,24" step="2"/><T102/><D77/><U44/><E126/><V110/><F7/><W104/><G104/><T45/><D74/><U114/><E125/><V6/><F6/><W67/><G67/><T59/><D73/><U107/><E107/><V131/><F110/><W115/><G115/><T108/><D108/><U56/><E114/><V112/><F124/><W8/><G8/><T42/><D42/><U71/><E11/><V12/><F112/><W122/><G122/><T95/><D69/><U1/><E71/><V47/><F70/><W116/><G116/><T83/><D26/><N who="1" m="16607" /><E9/><V128/><F68/><W48/><G48/><T98/><D49/><U100/><E1/><V82/><F27/><W90/><G90/><T62/><D55/><U72/><E72/><V30/><F88/><W39/><G39/><T18/><D53/><U46/><E103/><V35/><F24/><W34/><G34/><T52/><D52/><U105/><E105/><V101/><F35/><W37/><G37/><T63/><D102/><U22/><E22/><RYUUKYOKU ba="0,1" sc="364,-15,334,15,268,-15,24,15" hai1="44,46,56,61,64,81,87,91,94,100" hai3="4,10,13,14,15,25,31,33,50,54,89,93,97" /><INIT seed="7,1,1,2,3,116" ten="349,349,253,39" oya="3" hai0="98,49,23,114,41,62,96,45,16,21,66,39,8" hai1="108,30,6,1,50,72,14,51,27,38,35,132,43" hai2="117,112,46,86,90,22,101,15,78,126,61,111,9" hai3="20,52,26,110,68,37,84,28,55,36,128,106,119"/><W118/><G106/><T107/><D114/><U85/><E108/><V24/><F117/><W74/><G74/><T135/><D135/><U40/><E132/><V102/><F111/><W34/><G110/><T131/><D131/><U82/><E43/><V89/><F126/><W73/><G73/><T122/><D122/><U32/><E32/><V60/><F78/><W124/><G68/><T4/><D39/><U130/><E130/><V10/><F112/><W64/><G64/><T115/><D115/><U54/><E14/><V94/><F46/><W81/><G119/><T71/><D107/><U129/><E54/><V53/><F90/><W76/><G118/><T120/><D120/><U5/><E5/><V70/><F70/><W105/><G105/><T13/><D23/><U127/><E127/><V57/><F61/><W79/><G124/><T134/><D134/><U83/><E83/><V48/><F48/><W31/><G128/><T93/><D93/><U67/><E67/><V25/><F25/><AGARI ba="1,1" hai="4,8,13,16,21,25,41,45,49,62,66,71,96,98" machi="25" ten="30,2000,0" yaku="7,1,54,1" doraHai="116" who="0" fromWho="2" sc="349,33,349,0,253,-23,39,0" owari="382,48.2,349,14.9,230,-17.0,39,-46.1" /></mjloggm>