<mjloggm ver="2.3"><GO type="225" lobby="0"/><UN n0="%33%74%72%65%65" n1="%E3%82%A2%E3%83%9E%E3%83%9D%EF%BD%9E%EF%BD%9E%E3%83%A9" n2="%EF%BC%AE%EF%BC%A1%EF%BC%AF%33%33%39" n3="%E5%91%A8%E6%9D%B1" dan="17,17,16,16" rate="2160.88,2124.35,2136.66,2160.25" sx="F,M,M,M"/><TAIKYOKU oya="0"/><INIT seed="0,0,0,4,4,105" ten="250,250,250,250" oya="0" hai0="68,46,45,86,118,71,38,100,59,63,13,9,67" hai1="112,34,50,53,5,26,78,7,129,72,52,115,108" hai2="51,91,90,119,83,1,65,92,27,29,44,16,99" hai3="126,61,6,74,77,102,133,117,18,111,20,121,76"/><T131/><D118/><U123/><E123/><V66/><F1/><W69/><G117/><T88/><D131/><U109/><E129/><V101/><F119/><W104/><G121/><T57/><D100/><U4/><E34/><V85/><F101/><W25/><G126/><T82/><D59/><N who="1" m="33175" /><E26/><V17/><F65/><W22/><G6/><T114/><D114/><N who="1" m="43563" /><E53/><V84/><F99/><W95/><G104/><T21/><D21/><U62/><E62/><V40/><REACH who="2" step="1"/><F66/><REACH who="2" ten="250,250,240,250" step="2"/><W79/><G102/><T87/><D67/><U24/><E24/><V41/><F41/><W116/><G116/><T10/><D68/><U56/><E56/><V48/><F48/><W49/><G49/><T30/><D57/><U98/><E98/><V0/><F0/><W32/><G69/><T8/><D71/><U54/><E54/><V106/><F106/><W75/><G25/><T120/><D120/><U19/><E109/><V39/><F39/><W35/><G111/><T60/><D60/><U107/><E107/><V96/><F96/><W58/><G61/><T28/><D63/><U47/><E108/><V127/><F127/><W2/><G2/><T134/><D38/><U94/><E47/><V124/><F124/><W33/><G58/><T73/><D46/><U113/><E113/><V42/><F42/><W110/><G110/><T135/><D45/><U122/><E122/><V37/><F37/><W130/><G130/><T70/><D70/><U125/><E125/><V23/><AGARI ba="0,1" hai="16,17,23,27,29,40,44,51,83,84,85,90,91,92" machi="23" ten="20,12000,2" yaku="1,1,0,1,7,1,8,1,54,1,53,1" doraHai="105" doraHaiUra="43" who="2" fromWho="2" sc="250,-60,250,-30,240,130,250,-30" /><INIT seed="1,0,0,5,1,65" ten="190,220,370,220" oya="1" hai0="113,54,88,44,70,20,47,119,49,124,10,121,109" hai1="117,48,77,71,5,66,40,17,43,96,26,7,85" hai2="68,67,89,15,91,108,8,0,23,21,46,18,3" hai3="118,81,58,31,16,101,126,29,1,6,86,130,42"/><U135/><E117/><V63/><F108/><W134/><G118/><T28/><D119/><U129/><E129/><V73/><F73/><W93/><G130/><T133/><D113/><U92/><E135/><V100/><F100/><W94/><G134/><T103/><D133/><U24/><E66/><V27/><F23/><W82/><G126/><T87/><D109/><U9/><E71/><V78/><F78/><W76/><G42/><N who="1" m="15914" /><E48/><V127/><F127/><W35/><G35/><T111/><D111/><U50/><E50/><V64/><F64/><W84/><G1/><T51/><D124/><U55/><E55/><V74/><F74/><W132/><G6/><N who="1" m="2058" /><E85/><V72/><F72/><W98/><G132/><T80/><D70/><U19/><E77/><V33/><F33/><W56/><G16/><N who="1" m="6218" /><E9/><V45/><F3/><W38/><G38/><T75/><D10/><U79/><E79/><V37/><F0/><W112/><G112/><T61/><D75/><U99/><E92/><V69/><F69/><W102/><G76/><T120/><D51/><U57/><E57/><V110/><F110/><W62/><G62/><T90/><D61/><U104/><E104/><V83/><F37/><W123/><G123/><N who="0" m="47179" /><D47/><U39/><E39/><V32/><F46/><W53/><G53/><T2/><D2/><U95/><E95/><V41/><F45/><W106/><G106/><T116/><D116/><U4/><N who="1" m="2066" /><U30/><DORA hai="60" /><E30/><V59/><F41/><W22/><G22/><T11/><D44/><U131/><E131/><V14/><F63/><W128/><G128/><T97/><D11/><RYUUKYOKU ba="0,0" sc="190,-15,220,15,370,-15,220,15" hai1="24,26,96,99" hai3="29,31,56,58,81,82,84,86,93,94,98,101,102" /><INIT seed="1,1,0,3,1,51" ten="175,235,355,235" oya="1" hai0="104,130,120,35,129,92,55,116,71,42,134,25,87" hai1="22,88,125,18,70,111,94,81,132,131,40,45,3" hai2="124,62,24,98,103,102,64,107,27,47,0,32,20" hai3="1,77,39,34,57,89,108,53,69,83,100,15,91"/><U99/><E125/><V106/><F0/><W5/><G69/><T119/><D104/><U63/><E131/><N who="0" m="50185" /><D71/><U28/><E132/><V128/><F128/><W67/><G67/><T43/><D134/><U97/><E3/><V8/><F8/><W84/><G39/><T96/><D120/><U44/><E28/><V85/><F124/><W112/><G34/><T37/><D87/><U48/><E81/><V16/><F47/><W23/><G112/><T13/><D13/><U52/><E111/><V9/><F9/><N who="3" m="4527" /><G1/><T123/><D123/><U121/><E121/><V135/><F135/><W33/><G33/><T7/><D7/><U118/><E118/><N who="0" m="45097" /><D37/><U86/><E70/><V113/><F113/><W46/><G108/><T75/><D75/><U29/><E29/><V58/><F85/><W117/><G117/><T90/><D25/><N who="1" m="14551" /><E44/><V82/><F32/><W126/><G46/><T105/><D35/><U31/><E31/><V36/><F36/><W12/><G126/><T80/><D105/><U38/><E38/><V73/><F27/><W127/><G127/><T56/><D80/><U11/><E11/><V6/><F82/><W115/><G115/><T95/><D95/><U93/><E93/><V74/><F6/><W17/><G100/><T49/><AGARI ba="1,0" hai="42,43,49,55,56,90,92,96" m="45097,50185" machi="49" ten="30,2000,0" yaku="19,1,52,1" doraHai="51" who="0" fromWho="0" sc="175,23,235,-11,355,-6,235,-6" /><INIT seed="2,0,0,3,0,122" ten="198,224,349,229" oya="2" hai0="21,1,114,78,33,103,91,95,45,68,101,11,35" hai1="79,77,110,22,133,25,29,117,93,66,71,39,87" hai2="64,0,26,9,48,31,130,98,84,12,88,89,52" hai3="10,44,16,50,13,128,123,124,38,121,46,107,6"/><V4/><F130/><W132/><G107/><T119/><D114/><U118/><E39/><V60/><F0/><W126/><G128/><T86/><D68/><U120/><E133/><V73/><F73/><W7/><G132/><T113/><D113/><U56/><E71/><V83/><F98/><W125/><G38/><T96/><D119/><U81/><E120/><N who="3" m="46154" /><G46/><T32/><D21/><U109/><E79/><V108/><F89/><W116/><G116/><T97/><D45/><U63/><E93/><V80/><F80/><W106/><G106/><T18/><D78/><U70/><E70/><V3/><F3/><W24/><G24/><T42/><D42/><AGARI ba="0,0" hai="6,7,10,13,16,42,44,50,124,125,126" m="46154" machi="42" ten="40,2600,0" yaku="18,1,54,1" doraHai="122" who="3" fromWho="0" sc="198,-26,224,0,349,0,229,26" /><INIT seed="3,0,0,1,0,63" ten="172,224,349,255" oya="3" hai0="36,98,83,1,81,69,107,60,111,76,70,106,56" hai1="112,104,105,16,24,67,49,35,133,88,65,85,47" hai2="27,9,122,123,113,100,103,80,91,124,12,78,6" hai3="34,7,54,120,71,43,40,86,75,79,17,82,130"/><W59/><G120/><N who="2" m="46121" /><F113/><W14/><G130/><T37/><D111/><U132/><E112/><V119/><F119/><W46/><G34/><T96/><D1/><U77/><E77/><V4/><F91/><W8/><G71/><T72/><D56/><U117/><E117/><V61/><F124/><W84/><G17/><T33/><D33/><U102/><E102/><V129/><F129/><W55/><G43/><T109/><D109/><U15/><E24/><V2/><F27/><W51/><REACH who="3" step="1"/><G54/><REACH who="3" ten="172,224,349,245" step="2"/><T74/><D60/><AGARI ba="0,1" hai="7,8,14,40,46,51,55,59,60,75,79,82,84,86" machi="60" ten="30,11600,0" yaku="1,1,2,1,7,1,53,1" doraHai="63" doraHaiUra="53" who="3" fromWho="0" sc="172,-116,224,0,349,0,245,126" owari="56,-44.4,224,-17.6,349,14.9,371,47.1" /></mjloggm>