<mjloggm ver="2.3"><GO type="169" lobby="0"/><UN n0="%E5%8F%97%E3%81%91%E5%85%A5%E3%82%8C%E9%87%8D%E8%A6%96" n1="%41%72%69%61" n2="%E4%BF%9D%E8%82%B2%E5%A3%AB" n3="%E3%82%8A%E3%82%87%E3%81%A1" dan="16,16,16,16" rate="2155.39,2140.71,2194.44,2151.15" sx="M,F,M,M"/><TAIKYOKU oya="0"/><INIT seed="0,0,0,2,2,57" ten="250,250,250,250" oya="0" hai0="66,117,52,64,32,85,128,20,46,56,4,110,76" hai1="127,105,12,125,87,113,107,45,84,131,72,34,103" hai2="108,92,115,5,10,8,49,69,122,68,73,97,119" hai3="47,112,29,82,16,6,102,75,17,11,21,25,70"/><T71/><D32/><U126/><E34/><V132/><F122/><W36/><G112/><T94/><D117/><U98/><E12/><V55/><F73/><W63/><G102/><T27/><D71/><U23/><E23/><V109/><F10/><W83/><G36/><T15/><D46/><U124/><E113/><V135/><F49/><W3/><G47/><T133/><D128/><U33/><E33/><V106/><F55/><W7/><G7/><T51/><D133/><N who="2" m="51274" /><F106/><W59/><G70/><N who="2" m="27241" /><F115/><W88/><G75/><T42/><D42/><U13/><E45/><V130/><F130/><W95/><G82/><N who="0" m="47303" /><D110/><U19/><E131/><V129/><F119/><W26/><G83/><T18/><D94/><N who="1" m="58839" /><E72/><V100/><F129/><W2/><G2/><AGARI ba="0,0" hai="2,5,8,92,97,100,108,109" m="27241,51274" machi="2" ten="30,1000,0" yaku="20,1" doraHai="57" who="2" fromWho="3" sc="250,0,250,0,250,10,250,-10" /><INIT seed="1,0,0,1,2,20" ten="250,250,260,240" oya="1" hai0="48,12,26,84,86,117,36,133,70,112,81,82,120" hai1="87,47,115,93,130,76,102,31,27,9,111,124,28" hai2="99,64,127,109,18,8,125,61,80,126,114,66,51" hai3="30,79,129,15,55,121,44,0,101,89,97,10,107"/><U42/><E115/><V134/><F114/><W91/><G121/><T17/><D112/><U68/><E68/><V56/><F109/><W13/><G129/><T46/><D117/><U100/><E130/><V131/><F131/><W53/><G79/><T29/><D36/><U123/><E123/><V40/><F99/><W37/><G0/><T69/><D120/><U33/><E124/><V1/><F80/><W50/><G37/><T110/><D110/><U108/><E102/><V45/><F134/><W122/><G122/><T59/><D59/><U119/><E119/><V104/><F104/><W72/><G72/><T60/><D133/><U73/><E73/><V43/><F18/><W19/><G30/><T94/><D94/><U95/><E9/><V41/><REACH who="2" step="1"/><F66/><REACH who="2" ten="250,250,250,240" step="2"/><W5/><REACH who="3" step="1"/><G53/><REACH who="3" ten="250,250,250,230" step="2"/><T57/><D29/><U22/><E111/><V113/><F113/><W92/><G92/><T65/><D81/><U135/><E108/><V85/><F85/><W23/><AGARI ba="0,2" hai="5,10,13,15,19,23,44,50,55,89,91,97,101,107" machi="23" ten="20,2700,0" yaku="1,1,0,1,7,1,53,0" doraHai="20" doraHaiUra="63" who="3" fromWho="3" sc="250,-7,250,-13,250,-7,230,47" /><INIT seed="2,0,0,0,4,111" ten="243,237,243,277" oya="2" hai0="71,116,22,78,11,73,72,62,104,9,84,13,60" hai1="87,114,3,134,67,21,30,108,69,77,97,25,89" hai2="132,12,39,51,109,68,63,130,34,45,23,46,133" hai3="47,88,2,98,58,81,82,31,33,70,27,6,49"/><V123/><F34/><W113/><G70/><T107/><D116/><U110/><E3/><V52/><F12/><W65/><G2/><T85/><D22/><U35/><E134/><N who="2" m="51819" /><F23/><W48/><G6/><T1/><D1/><U66/><E35/><V91/><F91/><W15/><G15/><T20/><D20/><U37/><E37/><V93/><F93/><W29/><G29/><T95/><D95/><U92/><E114/><V7/><F7/><W99/><G113/><T57/><D13/><U56/><E69/><V83/><F83/><W32/><G32/><T90/><D71/><U17/><E17/><V8/><F8/><W125/><G125/><T126/><D57/><U79/><E79/><V121/><F130/><W76/><G82/><T118/><D78/><U64/><E77/><V18/><F18/><W86/><G76/><T101/><D118/><U26/><E26/><V74/><F74/><W59/><G49/><T80/><D80/><U128/><E128/><V106/><F106/><W117/><G117/><T44/><D44/><U115/><E115/><V5/><F5/><W96/><REACH who="3" step="1"/><G65/><REACH who="3" ten="243,237,243,267" step="2"/><T103/><REACH who="0" step="1"/><D90/><REACH who="0" ten="233,237,243,267" step="2"/><U14/><E14/><V38/><F109/><N who="1" m="42089" /><E97/><V40/><F38/><W61/><G61/><AGARI ba="0,2" hai="21,25,30,56,61,64,66,67,87,89,92" m="42089" machi="61" ten="30,1000,0" yaku="14,1" doraHai="111" who="1" fromWho="3" sc="233,0,237,30,243,0,267,-10" /><INIT seed="3,0,0,5,4,75" ten="233,267,243,257" oya="3" hai0="8,108,58,17,40,15,47,106,10,57,0,35,39" hai1="13,123,4,68,111,9,84,133,2,116,28,117,135" hai2="96,73,99,66,134,119,89,74,61,109,132,43,86" hai3="103,93,124,41,25,113,30,53,83,5,14,101,51"/><W118/><G113/><T7/><D35/><U60/><E68/><V128/><F43/><W45/><G118/><N who="1" m="45674" /><E60/><V104/><F119/><W23/><G124/><T78/><D106/><U91/><E123/><V76/><F61/><W126/><G126/><T32/><D32/><U46/><E46/><V110/><F66/><W105/><G105/><T42/><D40/><U107/><E107/><V27/><F27/><W11/><G93/><T56/><REACH who="0" step="1"/><D108/><REACH who="0" ten="223,267,243,257" step="2"/><U115/><E111/><V48/><F110/><W95/><G95/><T54/><D54/><U122/><E122/><V79/><F109/><W1/><G41/><T3/><D3/><U72/><E2/><V87/><F104/><W81/><G1/><T112/><D112/><U77/><E115/><V129/><F48/><W36/><G36/><T69/><D69/><U98/><E135/><V88/><AGARI ba="0,1" hai="73,74,76,79,86,87,88,89,96,99,128,129,132,134" machi="88" ten="25,16000,3" yaku="0,1,22,2,34,3,52,2,54,1" doraHai="75" who="2" fromWho="2" sc="223,-40,267,-40,243,170,257,-80" /><INIT seed="4,0,0,4,0,107" ten="183,227,413,177" oya="0" hai0="77,102,97,25,121,45,93,79,94,1,16,50,109" hai1="83,69,74,20,125,62,117,115,108,33,98,95,126" hai2="13,70,4,91,15,67,41,29,37,132,86,34,64" hai3="42,129,14,124,65,92,66,17,82,60,51,6,87"/><T135/><D1/><U59/><E33/><V122/><F122/><W11/><G129/><T56/><D121/><U39/><E39/><V12/><F4/><W63/><G124/><N who="1" m="47722" /><E108/><V2/><F2/><W55/><G42/><T101/><D56/><U40/><E40/><V84/><F29/><W80/><G92/><T105/><D109/><U110/><E110/><V9/><F34/><W26/><G60/><T68/><D68/><U123/><E117/><V73/><F84/><W57/><G66/><T22/><D135/><U112/><E69/><V61/><F64/><W119/><G119/><T88/><D105/><U35/><E35/><V28/><F28/><W18/><G26/><T0/><D0/><U54/><E20/><V21/><F21/><W75/><G75/><T78/><REACH who="0" step="1"/><D94/><REACH who="0" ten="173,227,413,177" step="2"/><U103/><E123/><V32/><F70/><W5/><G82/><T53/><AGARI ba="0,1" hai="16,22,25,45,50,53,77,78,79,88,93,97,101,102" machi="53" ten="30,18000,2" yaku="1,1,2,1,0,1,8,1,54,2,53,0" doraHai="107" doraHaiUra="133" who="0" fromWho="0" sc="173,190,227,-60,413,-60,177,-60" /><INIT seed="4,1,0,3,5,14" ten="363,167,353,117" oya="0" hai0="39,26,90,54,1,86,83,18,35,109,98,4,37" hai1="75,131,82,32,62,92,50,21,20,78,10,56,27" hai2="55,123,112,106,134,59,70,93,91,17,73,100,64" hai3="12,110,43,116,30,130,84,114,95,103,36,58,66"/><T44/><D109/><U101/><E131/><V60/><F123/><W48/><G110/><T113/><D113/><U19/><E32/><V2/><F112/><W97/><G116/><T122/><D122/><U45/><E10/><V126/><F2/><W121/><G114/><T9/><D98/><U8/><E8/><V133/><F73/><W115/><G115/><T88/><D90/><U63/><E56/><V107/><F100/><W46/><G121/><T76/><D76/><U42/><E101/><V127/><F17/><W79/><G130/><T53/><D35/><U33/><E33/><V6/><F6/><W29/><G36/><T22/><REACH who="0" step="1"/><D37/><REACH who="0" ten="353,167,353,117" step="2"/><U85/><E92/><V96/><F107/><W124/><G79/><T132/><D132/><N who="2" m="50794" /><F106/><W99/><G99/><T38/><D38/><U129/><E129/><V125/><F125/><W3/><G124/><T49/><D49/><AGARI ba="1,1" hai="49,55,59,60,64,70,91,93,96,126,127" m="50794" machi="49" ten="30,1000,0" yaku="20,1" doraHai="14" who="2" fromWho="0" sc="353,-13,167,0,353,23,117,0" /><INIT seed="5,0,0,2,5,51" ten="340,167,376,117" oya="1" hai0="132,21,105,75,57,98,47,91,78,82,54,109,36" hai1="85,128,3,113,80,114,10,5,125,43,2,74,111" hai2="42,45,12,65,122,67,13,104,79,119,95,34,127" hai3="4,112,55,37,90,99,28,117,33,14,135,18,52"/><U86/><E2/><V29/><F104/><W46/><G4/><T39/><D109/><U108/><E125/><V16/><F79/><W103/><G90/><T123/><D132/><U72/><E43/><V17/><F122/><W115/><G135/><T9/><D123/><U101/><E3/><V24/><F119/><W30/><G117/><T41/><D36/><U93/><E10/><V96/><F127/><W83/><G83/><T100/><D21/><U15/><E15/><V106/><F106/><W26/><G30/><T70/><D70/><U20/><E20/><V66/><F12/><W118/><G118/><T76/><D9/><U11/><E11/><V121/><F121/><W62/><G62/><T8/><D8/><U102/><E5/><V129/><F129/><W49/><G37/><T25/><D25/><U48/><E48/><V84/><F84/><W22/><REACH who="3" step="1"/><G55/><REACH who="3" ten="340,167,376,107" step="2"/><T77/><D91/><U97/><E80/><V94/><F29/><W6/><G6/><T64/><D64/><U89/><E89/><V133/><F66/><W110/><G110/><T27/><D27/><U19/><E19/><V32/><F24/><W44/><G44/><T116/><D116/><U23/><E111/><V58/><F17/><W71/><G71/><T60/><AGARI ba="0,1" hai="39,41,47,54,57,60,75,76,77,78,82,98,100,105" machi="60" ten="20,2700,0" yaku="0,1,7,1,52,1" doraHai="51" who="0" fromWho="0" sc="340,37,167,-13,376,-7,107,-7" /><INIT seed="6,0,0,1,3,34" ten="377,154,369,100" oya="2" hai0="41,75,42,51,98,73,90,61,63,134,116,105,19" hai1="6,64,82,113,70,5,107,72,81,123,2,54,16" hai2="45,69,15,59,80,88,103,110,25,76,21,99,7" hai3="100,49,124,93,11,47,4,17,91,87,28,31,121"/><V126/><F69/><W57/><G121/><T94/><D134/><U96/><E72/><V79/><F126/><W55/><G124/><T27/><D116/><U131/><E70/><V95/><F110/><W133/><G133/><T37/><D37/><U78/><E64/><V20/><F45/><W60/><G17/><T65/><D105/><U118/><E118/><V106/><F59/><W130/><G100/><T36/><D36/><U127/><E127/><V12/><F20/><W10/><G130/><T40/><D51/><U102/><E82/><V97/><F7/><W32/><G32/><T108/><D108/><U48/><E131/><V39/><F39/><W92/><G92/><T43/><D43/><U120/><E16/><V26/><F76/><W33/><G33/><T68/><D61/><U58/><E113/><V125/><F125/><W74/><G74/><T129/><D129/><U46/><E46/><V132/><F132/><W66/><REACH who="3" step="1"/><G11/><REACH who="3" ten="377,154,369,90" step="2"/><T22/><AGARI ba="0,1" hai="19,22,27,40,41,42,63,65,68,73,75,90,94,98" machi="22" ten="30,1100,0" yaku="0,1" doraHai="34" who="0" fromWho="0" sc="377,21,154,-3,369,-5,90,-3" /><INIT seed="7,0,0,5,3,7" ten="398,151,364,87" oya="3" hai0="85,104,16,3,74,135,28,114,11,48,109,39,98" hai1="62,49,64,23,45,91,127,126,101,57,116,97,87" hai2="70,19,13,42,112,12,121,30,1,66,110,69,129" hai3="132,44,82,47,54,75,106,20,55,119,5,115,27"/><W130/><G119/><T122/><D74/><U80/><E116/><V71/><F110/><W14/><G106/><T65/><D39/><U103/><E23/><V77/><F1/><W4/><G115/><T133/><D109/><U102/><REACH who="1" step="1"/><E97/><REACH who="1" ten="398,141,364,87" step="2"/><V128/><F112/><W86/><G130/><N who="2" m="50281" /><F121/><W24/><G132/><T36/><D98/><U107/><E107/><V73/><F30/><N who="3" m="17671" /><G75/><T40/><D28/><U117/><E117/><V94/><F12/><W9/><G27/><T34/><D104/><U0/><E0/><V108/><F108/><W29/><G29/><T59/><D3/><U2/><E2/><V89/><F42/><AGARI ba="0,1" hai="42,45,49,57,62,64,80,87,91,101,102,103,126,127" machi="42" ten="40,2600,0" yaku="1,1,53,1" doraHai="7" doraHaiUra="43" who="1" fromWho="2" sc="398,0,141,36,364,-26,87,0" owari="398,49.8,177,-22.3,338,13.8,87,-41.3" /></mjloggm>