<mjloggm ver="2.3"><GO type="169" lobby="0"/><UN n0="%45%7A%61%6B%69" n1="%E8%B6%85%E6%94%BB%E6%92%83%E9%BA%BB%E9%9B%80" n2="%E3%83%94%E3%83%B3%E3%82%B5%E3%83%AD%E5%BA%97%E5%93%A1" n3="%E6%B8%85%E9%A2%A8%E5%8C%97" dan="16,16,17,16" rate="2103.12,2186.03,2272.48,2179.85" sx="M,M,M,F"/><TAIKYOKU oya="0"/><INIT seed="0,0,0,5,0,38" ten="250,250,250,250" oya="0" hai0="68,55,39,48,113,65,85,134,125,74,15,107,94" hai1="118,37,41,49,120,59,105,60,11,96,18,132,95" hai2="2,97,53,77,98,92,31,80,54,26,3,131,78" hai3="66,5,124,123,133,14,102,91,69,119,24,1,114"/><T127/><D113/><U61/><E120/><V109/><F109/><W71/><G119/><T36/><D74/><U115/><E118/><V117/><F117/><W70/><G114/><T72/><D72/><U90/><E115/><V9/><F131/><W57/><G1/><T16/><D107/><U82/><E37/><V122/><F122/><W112/><G112/><T67/><D134/><U40/><E132/><V51/><F9/><W86/><G102/><T89/><D39/><U110/><E110/><V25/><F51/><W126/><G24/><T50/><D36/><U128/><E128/><V130/><F92/><W79/><G79/><T87/><D87/><N who="1" m="50551" /><E49/><V58/><F58/><W27/><G27/><T73/><D73/><U45/><E45/><V42/><F80/><W100/><G100/><T121/><D48/><U8/><E61/><V52/><F130/><W23/><G123/><T17/><D121/><U29/><E29/><V63/><F53/><W34/><G34/><T106/><D106/><U56/><E56/><V108/><F63/><N who="3" m="38255" /><G133/><T84/><D84/><U28/><E28/><V93/><F93/><W43/><G43/><N who="1" m="16458" /><E18/><N who="0" m="7273" /><D15/><U88/><E105/><V46/><F108/><W20/><G71/><T135/><D135/><U4/><E4/><V62/><F62/><W81/><G70/><T30/><D30/><U44/><E44/><V22/><F46/><W35/><G35/><T75/><D75/><U83/><E83/><V104/><F104/><W103/><G69/><T76/><D68/><U21/><E21/><V12/><F31/><W116/><G23/><T111/><D111/><RYUUKYOKU ba="0,0" sc="250,-10,250,30,250,-10,250,-10" hai1="8,11,59,60,88,95,96" /><INIT seed="1,1,0,1,2,135" ten="240,280,240,240" oya="1" hai0="75,50,10,130,110,128,35,17,97,72,109,3,58" hai1="28,0,115,91,78,69,48,129,133,113,77,118,107" hai2="68,61,26,123,23,99,94,5,132,45,121,67,76" hai3="120,53,79,102,124,2,34,93,116,41,22,90,119"/><U111/><E28/><V25/><F132/><W127/><G34/><T66/><D35/><U126/><E48/><V51/><F76/><W95/><G2/><T30/><D30/><U122/><E91/><V52/><F5/><W20/><G120/><T19/><D97/><U18/><E18/><N who="0" m="6665" /><D10/><U47/><E47/><V101/><REACH who="2" step="1"/><F26/><REACH who="2" ten="240,280,230,240" step="2"/><W70/><G79/><T54/><D3/><U46/><E78/><V9/><F9/><W82/><G116/><T98/><D75/><U134/><E77/><V88/><F88/><W81/><G90/><T89/><D72/><U125/><E134/><V40/><F40/><W104/><G41/><T13/><D13/><U106/><E115/><V108/><F108/><N who="0" m="41578" /><D66/><U29/><E29/><AGARI ba="1,1" hai="23,25,29,45,51,52,61,67,68,94,99,101,121,123" machi="29" ten="30,3900,0" yaku="1,1,7,1,54,1,53,0" doraHai="135" doraHaiUra="1" who="2" fromWho="1" sc="240,0,280,-42,230,52,240,0" /><INIT seed="2,0,0,2,2,103" ten="240,238,282,240" oya="2" hai0="68,44,23,31,104,122,36,49,48,64,40,16,108" hai1="74,85,21,124,34,91,46,77,58,30,117,126,63" hai2="99,128,121,82,134,97,10,61,132,41,116,105,76" hai3="110,26,114,29,119,53,4,25,24,83,67,54,32"/><V78/><F41/><W60/><G119/><T106/><D122/><U5/><E117/><V73/><F116/><W75/><G110/><T9/><D108/><U27/><E74/><N who="2" m="43287" /><F61/><W7/><G114/><T69/><D31/><U66/><E77/><V94/><F10/><W22/><G75/><T0/><D36/><U42/><E5/><V51/><F51/><W39/><G39/><T90/><D49/><U81/><REACH who="1" step="1"/><E21/><REACH who="1" ten="240,228,282,240" step="2"/><V100/><F121/><W79/><G7/><T96/><D69/><U56/><E56/><V70/><F70/><W19/><G4/><T112/><D68/><U18/><E18/><V50/><F128/><W71/><G19/><T120/><D120/><U52/><E52/><V59/><F59/><W130/><G22/><T113/><D64/><U84/><E84/><V102/><F50/><AGARI ba="0,1" hai="27,30,34,42,46,50,58,63,66,81,85,91,124,126" machi="50" ten="40,5200,0" yaku="1,1,53,2" doraHai="103" doraHaiUra="133" who="1" fromWho="2" sc="240,0,228,62,282,-52,240,0" /><INIT seed="3,0,0,5,5,89" ten="240,290,230,240" oya="3" hai0="37,133,23,22,64,86,101,56,97,134,111,116,26" hai1="95,99,9,5,108,127,61,27,65,107,20,54,105" hai2="74,18,12,98,91,120,84,115,36,135,94,10,128" hai3="45,8,19,82,126,30,118,42,35,119,58,39,31"/><W122/><G122/><T62/><D116/><U14/><E108/><V77/><F115/><W15/><G126/><T112/><D111/><U67/><E127/><V51/><F36/><W129/><G129/><T130/><D112/><U50/><E61/><V25/><F128/><W76/><G58/><T69/><D130/><U40/><E40/><V125/><F125/><W49/><G39/><T110/><D110/><U57/><E105/><V114/><F114/><W87/><REACH who="3" step="1"/><G35/><REACH who="3" ten="240,290,230,230" step="2"/><T83/><D37/><U68/><E68/><V46/><F120/><W11/><G11/><T55/><D133/><U13/><E107/><V71/><F135/><W59/><G59/><T93/><D134/><U78/><E65/><V100/><F71/><W24/><G24/><T121/><D121/><U32/><E67/><V132/><F132/><W88/><G88/><T131/><D131/><U21/><E78/><V104/><F25/><W48/><G48/><T4/><D4/><U85/><E32/><V70/><F70/><W90/><G90/><T43/><D26/><U81/><E27/><V47/><F51/><W34/><G34/><T79/><REACH who="0" step="1"/><D43/><REACH who="0" ten="230,290,230,230" step="2"/><U60/><E60/><AGARI ba="0,2" hai="22,23,55,56,60,62,64,69,79,83,86,93,97,101" machi="60" ten="30,7700,0" yaku="1,1,2,1,7,1,52,1,53,0" doraHai="89" doraHaiUra="3" who="0" fromWho="1" sc="230,97,290,-77,230,0,230,0" /><INIT seed="4,0,0,2,5,25" ten="327,213,230,230" oya="0" hai0="124,79,68,115,58,121,31,103,87,55,29,7,82" hai1="36,76,42,41,52,49,125,118,131,100,66,114,85" hai2="12,18,20,60,63,81,75,59,17,128,21,111,117" hai3="67,16,106,65,62,71,119,95,102,8,93,33,135"/><T30/><D121/><U50/><E118/><V107/><F111/><W27/><G119/><T51/><D115/><U132/><E100/><V56/><F117/><W43/><G135/><T105/><D124/><U74/><E74/><V32/><F32/><W4/><G43/><T101/><D68/><U44/><E132/><V23/><F107/><W112/><G67/><T0/><REACH who="0" step="1"/><D105/><REACH who="0" ten="317,213,230,230" step="2"/><U120/><E125/><V97/><F128/><W99/><G112/><T24/><D24/><U34/><E131/><V80/><F75/><W47/><G47/><T90/><D90/><U91/><E91/><V113/><F113/><W48/><G106/><T2/><D2/><U57/><E120/><V83/><F97/><W133/><G99/><T37/><D37/><U54/><E36/><V130/><F130/><W86/><G133/><T108/><D108/><U110/><E110/><V89/><F89/><W77/><G71/><T5/><D5/><U39/><E39/><V9/><F18/><W78/><G16/><T46/><D46/><U126/><E44/><V14/><F14/><W1/><G27/><T38/><D38/><U19/><E19/><V73/><F73/><W15/><G4/><T69/><D69/><U3/><E114/><V35/><F35/><W122/><G1/><T70/><D70/><U92/><E34/><V88/><F88/><W129/><G122/><T96/><D96/><U53/><E3/><V13/><F13/><W28/><G15/><T116/><D116/><U6/><E126/><V11/><F11/><AGARI ba="0,1" hai="0,7,11,29,30,31,51,55,58,79,82,87,101,103" machi="11" ten="40,12000,1" yaku="1,1,52,3,53,1" doraHai="25" doraHaiUra="72" who="0" fromWho="2" sc="317,130,213,0,230,-120,230,0" /><INIT seed="4,1,0,0,3,81" ten="447,213,110,230" oya="0" hai0="5,120,115,113,90,46,89,41,82,117,95,99,76" hai1="67,32,108,43,88,48,50,106,20,8,31,60,23" hai2="107,12,109,79,57,0,77,28,83,54,119,94,103" hai3="7,15,10,87,52,105,116,133,21,93,55,127,86"/><T131/><D117/><U38/><E108/><V101/><F109/><W63/><G105/><T39/><D120/><U96/><E38/><V6/><F0/><W100/><G116/><T78/><D131/><U25/><E8/><N who="2" m="4119" /><F107/><W35/><G35/><T71/><D71/><U132/><E132/><V111/><F111/><W3/><G133/><T85/><REACH who="0" step="1"/><D5/><REACH who="0" ten="437,213,110,230" step="2"/><U97/><E32/><V61/><F119/><W33/><G127/><T126/><D126/><U72/><E31/><V134/><F28/><W130/><G33/><T16/><D16/><U4/><E4/><V24/><F134/><W9/><G130/><T14/><D14/><U129/><E129/><V104/><F24/><W26/><G3/><T65/><D65/><U98/><E67/><V45/><F104/><W123/><G123/><T34/><D34/><U84/><E25/><V13/><F13/><W118/><G118/><T110/><D110/><U112/><E106/><V36/><F103/><W59/><G10/><T2/><D2/><U22/><E22/><V30/><F30/><N who="3" m="17743" /><G55/><T91/><D91/><U69/><E88/><V11/><F11/><W135/><G135/><T51/><D51/><U47/><E50/><N who="2" m="29007" /><F36/><W102/><G102/><T58/><D58/><U27/><E23/><V70/><F70/><W64/><G64/><T68/><D68/><U128/><E20/><V121/><F121/><W74/><G100/><T66/><D66/><U37/><E69/><V17/><F17/><W124/><G124/><T29/><D29/><U56/><E128/><V1/><F1/><W75/><G9/><T92/><D92/><RYUUKYOKU ba="1,1" sc="437,30,213,-10,110,-10,230,-10" hai0="39,41,46,76,78,82,85,89,90,95,99,113,115" /><INIT seed="4,2,1,1,4,50" ten="467,203,100,220" oya="0" hai0="109,128,34,74,15,37,63,134,89,64,68,135,101" hai1="95,17,86,120,108,100,111,103,28,19,48,75,32" hai2="77,35,20,96,53,94,39,1,41,125,104,45,67" hai3="110,71,23,121,114,62,54,70,92,119,0,26,81"/><T16/><D128/><U57/><E75/><V10/><F35/><W25/><G110/><T8/><D109/><U38/><E38/><V98/><F125/><W22/><G119/><T117/><D117/><U113/><E120/><V46/><F67/><W97/><G0/><T91/><D34/><U14/><E32/><V130/><F130/><W24/><G81/><T60/><D37/><U129/><E28/><V87/><F104/><W30/><G114/><T76/><D101/><U59/><E48/><V126/><F126/><W31/><G121/><T85/><D74/><U36/><E36/><V80/><F20/><W99/><G26/><T88/><D60/><U27/><E86/><V43/><F43/><W33/><G33/><T47/><D47/><U115/><E95/><V9/><F1/><W13/><G13/><T83/><AGARI ba="2,1" hai="8,15,16,63,64,68,76,83,85,88,89,91,134,135" machi="83" ten="30,6000,0" yaku="0,1,54,2" doraHai="50" who="0" fromWho="0" sc="467,76,203,-22,100,-22,220,-22" /><INIT seed="4,3,0,1,5,90" ten="543,181,78,198" oya="0" hai0="94,81,2,33,114,77,36,37,103,15,128,73,54" hai1="10,50,110,30,67,96,57,70,43,87,75,14,118" hai2="93,112,25,63,60,98,84,107,85,113,32,53,80" hai3="64,92,78,47,31,51,17,97,62,39,18,26,27"/><T108/><D2/><U99/><E75/><V111/><F111/><W29/><G78/><T9/><D108/><U126/><E70/><V58/><F107/><W72/><G72/><T48/><D114/><N who="2" m="44138" /><F63/><W89/><G39/><T109/><D109/><U42/><E30/><N who="2" m="19535" /><F80/><W91/><G31/><T124/><D33/><U132/><E132/><V66/><F66/><W38/><G91/><AGARI ba="3,0" hai="53,58,60,84,85,91,93,98" m="19535,44138" machi="91" ten="30,2000,0" yaku="15,1,52,1" doraHai="90" who="2" fromWho="3" sc="543,0,181,0,78,29,198,-29" /><INIT seed="5,0,0,1,3,111" ten="543,181,107,169" oya="1" hai0="124,78,29,67,6,79,90,127,88,15,108,120,37" hai1="64,101,91,99,89,73,2,53,8,5,85,41,100" hai2="54,104,72,102,115,57,40,44,21,94,4,96,74" hai3="97,128,10,52,59,112,66,1,122,60,22,62,133"/><U18/><E73/><V118/><F118/><W116/><G122/><T7/><D108/><U12/><E64/><V69/><F69/><W46/><G116/><T14/><D120/><U135/><E135/><V98/><F4/><N who="0" m="1578" /><D37/><U110/><E110/><V47/><F21/><W0/><G133/><T38/><D38/><U123/><E123/><V82/><F82/><W109/><G109/><T65/><D29/><U9/><E41/><V25/><F25/><W24/><G10/><T28/><D28/><U95/><REACH who="1" step="1"/><E53/><REACH who="1" ten="543,171,107,169" step="2"/><V121/><F121/><W126/><G66/><T55/><D55/><U131/><E131/><V125/><F72/><W49/><G128/><T42/><D42/><U56/><E56/><V63/><F74/><W86/><G59/><T3/><D67/><U35/><E35/><V27/><F47/><W134/><G52/><T36/><D65/><U51/><E51/><V61/><F61/><W43/><G49/><T26/><D36/><U129/><E129/><V71/><F44/><W130/><G43/><T114/><D127/><U80/><AGARI ba="0,1" hai="2,5,8,9,12,18,80,85,89,91,95,99,100,101" machi="80" ten="20,3900,0" yaku="1,1,0,1,7,1,53,0" doraHai="111" doraHaiUra="19" who="1" fromWho="1" sc="543,-13,171,49,107,-13,169,-13" /><INIT seed="5,1,0,4,4,112" ten="530,220,94,156" oya="1" hai0="39,117,55,60,4,58,107,3,106,11,69,130,133" hai1="103,104,94,124,25,70,44,134,109,119,22,93,78" hai2="5,8,89,0,2,41,113,100,51,128,67,86,63" hai3="20,19,68,81,57,76,30,82,95,85,127,71,65"/><U36/><E70/><V101/><F128/><W47/><G127/><T48/><D117/><U132/><E78/><V21/><F113/><W90/><G30/><T56/><D130/><U33/><E33/><V23/><F2/><W26/><G47/><T14/><D133/><N who="1" m="51307" /><E124/><V6/><F6/><W16/><G82/><T24/><D39/><U83/><E83/><V98/><F51/><W46/><G46/><T50/><D69/><U92/><E109/><V75/><F41/><W87/><G71/><T125/><D125/><U45/><E36/><V66/><F75/><W97/><G68/><T110/><D110/><U29/><E119/><V13/><F0/><W99/><REACH who="3" step="1"/><G19/><REACH who="3" ten="530,220,94,146" step="2"/><T121/><D121/><U118/><E118/><V18/><F18/><W73/><G73/><T10/><D58/><U126/><E126/><V9/><F66/><W61/><AGARI ba="1,1" hai="16,20,26,57,61,65,76,81,85,87,90,95,97,99" machi="61" ten="30,8000,1" yaku="1,1,0,1,8,1,54,1,53,1" doraHai="112" doraHaiUra="91" who="3" fromWho="3" sc="530,-21,220,-41,94,-21,146,93" /><INIT seed="6,0,0,5,4,56" ten="509,179,73,239" oya="2" hai0="97,102,131,6,129,124,34,24,114,107,51,77,91" hai1="109,38,80,111,14,63,130,0,81,39,83,32,72" hai2="23,108,52,76,8,115,69,100,119,92,118,78,20" hai3="120,71,110,89,85,122,40,96,68,70,82,4,134"/><V27/><F115/><W48/><G110/><T57/><D114/><U112/><E112/><V49/><F108/><W88/><G134/><T18/><D124/><U67/><E32/><V28/><F69/><W33/><G33/><T10/><D77/><U29/><E29/><V58/><F119/><W65/><G4/><T30/><D91/><U59/><E72/><V61/><F118/><W84/><G96/><T55/><REACH who="0" step="1"/><D18/><REACH who="0" ten="499,179,73,239" step="2"/><U117/><E117/><V3/><F23/><W128/><G122/><T31/><D31/><U62/><E111/><V16/><F49/><W93/><G120/><T105/><D105/><U87/><E109/><V86/><F3/><AGARI ba="0,1" hai="3,6,10,24,30,34,51,55,57,97,102,107,129,131" machi="3" ten="40,5200,0" yaku="1,1,53,2" doraHai="56" doraHaiUra="126" who="0" fromWho="2" sc="499,62,179,0,73,-52,239,0" /><INIT seed="7,0,0,2,0,55" ten="561,179,21,239" oya="3" hai0="87,31,97,68,105,10,22,109,113,96,102,80,12" hai1="29,100,40,64,65,114,3,50,128,63,73,112,122" hai2="57,62,123,121,69,54,95,8,15,66,86,67,7" hai3="16,117,84,44,134,41,24,17,58,32,18,6,88"/><W14/><G117/><T110/><D68/><U74/><E3/><V85/><F67/><W103/><G134/><T71/><D71/><U61/><E100/><V36/><F95/><W0/><G103/><T28/><D113/><N who="1" m="43627" /><E29/><V124/><F124/><W23/><G0/><T91/><D96/><U49/><E40/><V60/><REACH who="2" step="1"/><F36/><REACH who="2" ten="561,179,11,239" step="2"/><W72/><G32/><T115/><D115/><U76/><E64/><V4/><F4/><W30/><G6/><T116/><D31/><U98/><E65/><V79/><F79/><W135/><G30/><T83/><D116/><U126/><E76/><V11/><F11/><W33/><G33/><T107/><D80/><U56/><E126/><V13/><F13/><W93/><G14/><T92/><D107/><U70/><E70/><V34/><F34/><W101/><G23/><T104/><D104/><U127/><E127/><V111/><F111/><W118/><G118/><T99/><D22/><U81/><E81/><V45/><F45/><W106/><G93/><T108/><D28/><U21/><E21/><V26/><F26/><W130/><G24/><T90/><D110/><U51/><E74/><V120/><AGARI ba="0,1" hai="7,8,15,54,57,60,62,66,69,85,86,120,121,123" machi="120" ten="30,7900,0" yaku="1,1,0,1,13,1,52,1,53,0" doraHai="55" doraHaiUra="19" who="2" fromWho="2" sc="561,-20,179,-20,11,89,239,-39" owari="541,64.1,159,-24.1,100,-40.0,200,0.0" /></mjloggm>