<mjloggm ver="2.3"><GO type="169" lobby="0"/><UN n0="%E6%B7%B3%E5%AD%90%E3%81%A7%E3%81%99" n1="%E4%BA%9C%E6%9C%88" n2="%E3%83%95%E3%82%AF%E3%83%AD%E3%82%A6%E3%82%B5%E3%83%B3" n3="%E8%B5%A4%E3%83%9E%E3%83%AB%E5%A4%A7%E4%BD%90" dan="17,17,17,16" rate="2189.21,2179.28,2180.07,2095.17" sx="M,M,F,F"/><TAIKYOKU oya="0"/><INIT seed="0,0,0,3,1,62" ten="250,250,250,250" oya="0" hai0="93,110,102,112,61,82,2,27,88,130,74,50,53" hai1="3,120,40,19,18,108,75,113,131,46,54,0,103" hai2="86,90,6,12,127,16,78,39,49,14,116,25,57" hai3="79,77,26,104,107,85,95,47,30,98,11,91,63"/><T97/><D112/><U134/><E103/><V24/><F39/><W87/><G47/><T5/><D130/><U35/><E54/><N who="2" m="31951" /><F127/><W10/><G107/><T70/><D110/><U89/><E89/><V37/><F37/><W8/><G104/><T58/><D2/><U59/><E59/><V36/><F36/><W72/><G72/><T32/><D5/><U132/><E46/><V94/><F116/><W126/><G126/><T67/><D74/><U64/><E75/><V117/><F117/><W105/><G63/><T133/><D133/><U20/><E40/><V60/><F78/><N who="3" m="29707" /><G105/><T65/><D67/><U69/><E0/><V92/><F92/><W23/><AGARI ba="0,0" hai="8,10,11,23,26,30,85,87,91,95,98" m="29707" machi="23" ten="30,1100,0" yaku="8,1" doraHai="62" who="3" fromWho="3" sc="250,-5,250,-3,250,-3,250,11" /><INIT seed="1,0,0,5,4,70" ten="245,247,247,261" oya="1" hai0="121,89,51,87,43,93,26,104,69,55,65,101,19" hai1="72,38,100,30,6,40,29,130,27,12,49,17,79" hai2="92,105,1,123,78,103,36,71,32,4,98,81,91" hai3="80,31,53,135,108,3,33,52,23,11,21,41,34"/><U20/><E130/><V86/><F123/><W125/><G108/><T61/><D121/><U39/><E100/><V54/><F32/><W58/><G125/><T14/><D43/><U44/><E6/><V131/><F131/><W84/><G135/><T62/><D61/><U10/><REACH who="1" step="1"/><E30/><REACH who="1" ten="245,237,247,261" step="2"/><V119/><F4/><W67/><G31/><T96/><D101/><U83/><AGARI ba="0,1" hai="10,12,17,20,27,29,38,39,40,44,49,72,79,83" machi="83" ten="30,12000,1" yaku="1,1,2,1,0,1,52,2,53,0" doraHai="70" doraHaiUra="48" who="1" fromWho="1" sc="245,-40,237,130,247,-40,261,-40" /><INIT seed="1,1,0,4,1,121" ten="205,367,207,221" oya="1" hai0="1,122,98,106,40,77,134,64,8,111,29,26,0" hai1="91,100,65,126,17,55,110,62,19,73,39,115,35" hai2="22,123,53,57,118,16,43,105,31,44,94,49,86" hai3="23,59,9,130,21,36,108,12,84,129,5,28,34"/><U109/><E115/><V99/><F123/><W20/><G36/><T89/><D122/><U128/><E35/><V15/><F118/><W38/><G38/><T7/><D0/><U37/><E73/><V69/><F69/><W30/><G59/><T79/><D40/><U97/><E91/><V56/><F105/><W101/><G101/><T11/><D11/><U63/><E128/><N who="3" m="49258" /><G84/><T125/><D125/><U103/><E126/><V66/><F66/><W45/><G45/><T102/><D134/><U82/><E82/><V88/><F31/><N who="3" m="11819" /><G34/><T107/><D107/><U135/><E65/><V85/><REACH who="2" step="1"/><F57/><REACH who="2" ten="205,367,197,221" step="2"/><W133/><G133/><T46/><D64/><U95/><E135/><V10/><F10/><W114/><G114/><T52/><D106/><U42/><E39/><AGARI ba="1,1" hai="15,16,22,39,43,44,49,53,56,85,86,88,94,99" machi="39" ten="30,8000,1" yaku="1,1,7,1,54,2,53,1" doraHai="121" doraHaiUra="13" who="2" fromWho="1" sc="205,0,367,-83,197,93,221,0" /><INIT seed="2,0,0,3,4,108" ten="205,284,290,221" oya="2" hai0="38,16,58,20,28,66,3,113,73,129,95,64,85" hai1="98,61,32,51,39,34,67,107,68,119,46,27,23" hai2="26,0,5,29,19,52,59,78,76,47,126,125,10" hai3="74,84,104,62,106,92,55,94,11,99,90,112,128"/><V131/><F131/><W56/><G128/><T22/><D73/><U123/><E39/><V71/><F71/><W48/><G74/><T110/><D3/><U63/><E119/><V102/><F102/><W17/><G112/><T124/><D38/><U14/><E123/><V120/><F47/><W116/><G116/><T93/><D110/><U100/><E14/><V24/><F19/><W133/><G133/><T114/><D28/><U15/><E15/><V40/><F40/><W37/><G37/><T13/><D129/><U101/><E63/><N who="2" m="36327" /><F24/><W41/><G11/><T121/><D121/><U117/><E101/><V135/><F120/><W18/><G106/><T97/><D85/><U72/><E72/><V81/><F81/><W88/><G104/><T50/><D124/><N who="2" m="47722" /><F135/><W53/><REACH who="3" step="1"/><G41/><REACH who="3" ten="205,284,290,211" step="2"/><T36/><D36/><U44/><E117/><V57/><F57/><AGARI ba="0,1" hai="17,18,48,53,55,56,57,62,84,88,90,92,94,99" machi="57" ten="30,8000,1" yaku="1,1,2,1,7,1,8,1,54,1,53,0" doraHai="108" doraHaiUra="134" who="3" fromWho="2" sc="205,0,284,0,290,-80,211,90" /><INIT seed="3,0,0,1,4,86" ten="205,284,210,301" oya="3" hai0="56,75,122,89,127,27,77,130,49,116,8,40,44" hai1="62,51,119,78,4,121,47,55,72,13,134,112,3" hai2="59,71,98,68,135,22,132,81,16,69,113,12,104" hai3="133,84,42,88,63,6,33,35,108,10,85,43,61"/><W17/><G133/><N who="2" m="51273" /><F113/><W67/><G17/><T92/><D122/><U107/><E134/><V106/><F59/><W2/><G108/><T18/><D127/><U91/><E121/><V11/><F81/><W125/><G125/><T101/><D130/><U102/><E112/><V123/><F123/><W45/><G85/><T23/><D101/><U48/><E3/><V20/><F98/><W1/><G1/><T24/><D75/><U36/><E36/><V46/><F46/><W118/><G118/><T30/><D77/><U53/><E62/><V109/><F109/><W120/><G120/><T14/><D116/><U114/><E114/><V74/><F74/><W128/><G128/><T25/><REACH who="0" step="1"/><D56/><REACH who="0" ten="195,284,210,301" step="2"/><U100/><E78/><V41/><F41/><W52/><G43/><T31/><D31/><U83/><E102/><V97/><F106/><W64/><G42/><T129/><D129/><U19/><E100/><AGARI ba="0,1" hai="11,12,16,20,22,68,69,71,97,100,104" m="51273" machi="100" ten="40,2600,0" yaku="20,1,54,1" doraHai="86" who="2" fromWho="1" sc="195,0,284,-26,210,36,301,0" /><INIT seed="4,0,0,3,1,33" ten="195,258,246,301" oya="0" hai0="84,95,110,117,108,79,134,60,130,51,21,133,47" hai1="96,41,22,18,83,56,106,113,129,40,67,8,132" hai2="52,118,57,49,88,69,86,127,126,43,34,98,3" hai3="78,61,109,1,15,65,76,5,66,59,71,102,115"/><T0/><D117/><U105/><E129/><V38/><F34/><W44/><G109/><N who="0" m="42091" /><D130/><U9/><E132/><N who="0" m="50793" /><D60/><U11/><E83/><V81/><F118/><W112/><G102/><T121/><D121/><U54/><E67/><V58/><F69/><W124/><G66/><T26/><D79/><U93/><E106/><V55/><F3/><W70/><G78/><T90/><D0/><U28/><E105/><V107/><F43/><W13/><G76/><T103/><D103/><N who="1" m="60815" /><E28/><V45/><F38/><W12/><G71/><T73/><D73/><U135/><E135/><V48/><F45/><W19/><G70/><T94/><D94/><U63/><E113/><V74/><F74/><W32/><G65/><T77/><D77/><U101/><E101/><AGARI ba="0,0" hai="48,49,52,55,57,58,81,86,88,98,101,107,126,127" machi="101" ten="40,5200,0" yaku="9,1,54,2" doraHai="33" who="2" fromWho="1" sc="195,0,258,-52,246,52,301,0" /><INIT seed="5,0,0,1,2,64" ten="195,206,298,301" oya="1" hai0="23,60,3,109,30,8,14,97,24,135,11,37,67" hai1="125,70,111,100,80,77,52,131,2,132,28,54,81" hai2="126,101,5,124,56,75,7,21,129,87,4,68,19" hai3="79,73,6,88,78,32,33,84,41,10,123,43,22"/><U85/><E2/><V102/><F75/><W71/><G71/><T118/><D109/><U113/><E111/><V127/><F129/><W46/><G123/><T65/><D65/><U25/><E131/><V53/><F68/><W91/><G22/><T16/><D37/><U27/><E125/><V34/><F34/><W133/><G133/><T29/><D135/><U38/><E38/><V86/><F102/><W103/><G103/><T57/><D118/><U18/><E100/><V114/><F101/><W119/><G119/><T115/><D115/><U72/><E113/><V13/><REACH who="2" step="1"/><F114/><REACH who="2" ten="195,206,288,301" step="2"/><W122/><G33/><T35/><D35/><U96/><E70/><V45/><F45/><W130/><G73/><T108/><D108/><U90/><E132/><V39/><F39/><W98/><G46/><T47/><D47/><U107/><E107/><V116/><F116/><W92/><G32/><T128/><D128/><U62/><E96/><V17/><F17/><W31/><G130/><T76/><D97/><U89/><E18/><V66/><F66/><W69/><G69/><T95/><D29/><U36/><E36/><V134/><F134/><W20/><G31/><T50/><D30/><U112/><E28/><V120/><F120/><W105/><G105/><T1/><D67/><U58/><E112/><V48/><AGARI ba="0,1" hai="4,5,7,13,19,21,48,53,56,86,87,124,126,127" machi="48" ten="40,5200,0" yaku="1,1,0,1,18,1,53,0" doraHai="64" doraHaiUra="61" who="2" fromWho="2" sc="195,-13,206,-26,288,62,301,-13" /><INIT seed="6,0,0,4,0,126" ten="182,180,350,288" oya="2" hai0="59,93,25,37,10,119,11,81,35,55,4,111,96" hai1="97,24,57,84,110,117,91,48,113,64,107,77,17" hai2="45,50,33,116,29,129,89,74,12,34,26,122,80" hai3="134,1,112,75,103,109,51,76,95,52,100,125,23"/><V20/><F116/><W5/><G109/><T71/><D71/><U2/><E110/><V123/><F129/><W41/><G41/><T106/><D106/><U114/><E2/><V115/><F115/><N who="1" m="44041" /><E77/><V42/><F89/><W86/><G112/><T132/><D37/><U13/><E117/><V0/><F0/><W62/><G75/><T44/><D132/><U14/><E24/><V108/><F108/><W135/><G62/><T79/><D35/><U38/><E38/><V15/><F15/><W131/><G23/><T6/><D25/><U99/><E107/><V87/><F74/><W47/><G125/><T128/><D128/><U66/><E13/><V104/><F104/><W27/><G131/><T72/><D111/><U3/><E3/><V82/><F82/><N who="3" m="47431" /><G95/><T127/><D127/><U118/><E48/><V58/><F33/><W85/><G85/><T88/><D119/><U40/><E40/><V19/><F123/><W49/><G49/><T98/><D96/><N who="1" m="36939" /><E118/><V32/><F32/><W70/><G27/><T21/><D21/><N who="1" m="11447" /><E57/><V22/><F122/><W16/><G70/><T94/><D44/><U83/><AGARI ba="0,0" hai="64,66,83,84,91" m="11447,36939,44041" machi="83" ten="30,1100,0" yaku="15,1" doraHai="126" who="1" fromWho="1" sc="182,-3,180,11,350,-5,288,-3" /><INIT seed="7,0,0,3,3,79" ten="179,191,345,285" oya="3" hai0="30,113,61,41,26,91,93,108,90,102,129,64,6" hai1="66,94,45,131,55,15,99,17,117,83,20,12,5" hai2="123,1,51,49,124,63,29,71,18,24,75,7,10" hai3="76,114,31,2,84,85,72,33,112,25,98,78,100"/><W37/><G2/><T60/><D108/><U62/><E131/><V116/><F116/><W48/><G37/><T54/><D129/><U119/><E83/><V80/><F124/><W59/><G48/><T0/><D113/><N who="3" m="43625" /><G59/><N who="0" m="36895" /><D41/><U130/><E130/><V65/><F123/><W92/><G72/><T105/><D6/><U111/><E111/><V127/><F127/><W104/><G104/><T38/><D105/><U21/><E45/><V19/><F51/><W107/><G107/><T109/><D0/><U8/><E55/><V121/><F49/><W40/><G40/><T81/><D38/><U35/><E35/><V67/><F121/><W82/><G85/><N who="0" m="50479" /><D102/><U42/><E42/><V22/><F67/><W89/><AGARI ba="0,0" hai="25,31,33,76,78,82,84,89,92,98,100" m="43625" machi="89" ten="30,3000,0" yaku="15,1,52,1" doraHai="79" who="3" fromWho="3" sc="179,-10,191,-10,345,-10,285,30" /><INIT seed="7,1,0,1,2,33" ten="169,181,335,315" oya="3" hai0="101,29,13,89,0,61,17,70,92,56,106,75,74" hai1="47,15,4,9,120,122,135,24,72,65,36,130,43" hai2="28,124,103,113,32,82,131,90,22,26,23,73,115" hai3="80,14,63,112,91,102,76,21,118,50,69,44,77"/><W42/><G118/><T132/><D70/><U133/><E72/><V49/><F131/><W59/><G69/><T85/><D0/><U83/><E130/><V25/><F124/><W60/><G112/><N who="2" m="43081" /><F103/><W86/><G102/><T71/><D71/><U2/><E83/><V126/><F126/><W99/><G99/><T53/><D132/><N who="1" m="50763" /><E65/><V52/><F25/><W35/><G35/><T40/><D40/><U79/><E79/><N who="2" m="44399" /><F90/><W129/><G129/><T18/><D29/><U55/><E24/><V117/><F117/><W6/><G63/><T5/><D106/><U104/><E104/><V16/><F16/><N who="0" m="6250" /><D101/><U31/><E31/><V114/><F114/><W19/><G6/><T121/><D121/><U96/><E122/><V20/><F32/><W94/><G80/><T128/><D128/><U34/><E34/><V66/><F66/><AGARI ba="1,0" hai="14,19,21,42,44,50,59,60,66,76,77,86,91,94" machi="66" ten="30,2900,0" yaku="7,1,8,1" doraHai="33" who="3" fromWho="2" sc="169,0,181,0,335,-32,315,32" owari="169,-33.1,181,-21.9,303,10.3,347,44.7" /></mjloggm>