<mjloggm ver="2.3"><GO type="225" lobby="0"/><UN n0="%E8%B5%A4%E3%81%84%E8%9B%99%31%31" n1="%E3%83%96%E3%83%83%E3%83%91%E3%82%AA%E3%83%96%E3%83%81%E3%82%AD%E3%83%B3" n2="%E4%BF%BA%E3%81%A8%E5%A6%96%E5%A4%A2" n3="%EF%BC%AE%EF%BC%A1%EF%BC%AF%33%33%39" dan="16,16,16,16" rate="2057.69,2128.37,2116.60,2171.61" sx="M,M,F,M"/><TAIKYOKU oya="0"/><INIT seed="0,0,0,5,2,93" ten="250,250,250,250" oya="0" hai0="112,23,32,29,53,102,60,19,81,111,39,13,59" hai1="2,122,133,107,126,80,24,73,96,92,130,89,98" hai2="134,54,7,56,35,57,83,14,76,51,30,100,131" hai3="28,86,129,116,9,68,65,11,48,33,74,119,114"/><T31/><D112/><U21/><E122/><V91/><F134/><W40/><G74/><T67/><D111/><U3/><E133/><V105/><F131/><W47/><G114/><T106/><D39/><U16/><E130/><V117/><F117/><W121/><G129/><T55/><D81/><U12/><E126/><V109/><F30/><W37/><G121/><T72/><D72/><U82/><E82/><V66/><F35/><W58/><G28/><T64/><D32/><U10/><E73/><V70/><F70/><W41/><G33/><T127/><D127/><U61/><E80/><V110/><F76/><W52/><G86/><T62/><D106/><U124/><E124/><V95/><F83/><W88/><G88/><T99/><D29/><U84/><E61/><V5/><F100/><W113/><G113/><T45/><D45/><U44/><E44/><V43/><F43/><N who="3" m="23023" /><G9/><T103/><D31/><U46/><E46/><V25/><F25/><W135/><G11/><T0/><D0/><U79/><E79/><V85/><F105/><W20/><G20/><T50/><D103/><U128/><E128/><V123/><F123/><W94/><G94/><N who="0" m="58743" /><D50/><U78/><E78/><V22/><F110/><W49/><G49/><T71/><D71/><U101/><REACH who="1" step="1"/><E84/><REACH who="1" ten="250,240,250,250" step="2"/><V118/><F109/><W108/><G108/><T36/><D36/><U4/><AGARI ba="0,1" hai="2,3,4,10,12,16,21,24,89,92,96,98,101,107" machi="4" ten="20,12000,2" yaku="1,1,2,1,0,1,7,1,52,2,54,1,53,0" doraHai="93" doraHaiUra="125" who="1" fromWho="1" sc="250,-60,240,130,250,-30,250,-30" /><INIT seed="1,0,0,3,4,106" ten="190,370,220,220" oya="1" hai0="56,100,27,87,93,128,71,49,88,127,39,50,85" hai1="104,2,113,124,8,132,81,107,54,7,11,73,55" hai2="120,65,86,35,77,70,75,79,41,126,89,6,24" hai3="133,47,42,33,57,102,68,74,82,108,13,60,0"/><U9/><E113/><V103/><F120/><W95/><G0/><T121/><D71/><U72/><E132/><V116/><F116/><W40/><G33/><T38/><D121/><U67/><E67/><V115/><F115/><W84/><G68/><T44/><D128/><U76/><E124/><V45/><F126/><W21/><G133/><T123/><D123/><U62/><E9/><V98/><F6/><W61/><G74/><T131/><D131/><U101/><E101/><V69/><F35/><W105/><G105/><T3/><D3/><U22/><E11/><V12/><F24/><W19/><G108/><T91/><D100/><U26/><E73/><V36/><F12/><W99/><G47/><T125/><D125/><U64/><E107/><N who="2" m="63991" /><F65/><W90/><REACH who="3" step="1"/><G61/><REACH who="3" ten="190,370,220,210" step="2"/><T18/><D127/><U28/><REACH who="1" step="1"/><E104/><REACH who="1" ten="190,360,220,210" step="2"/><V17/><F75/><W134/><G134/><T114/><D114/><U130/><E130/><V96/><F70/><AGARI ba="0,2" hai="2,7,8,22,26,28,54,55,62,64,70,72,76,81" machi="70" ten="30,5800,0" yaku="1,1,7,1,52,1,53,0" doraHai="106" doraHaiUra="43" who="1" fromWho="2" sc="190,0,360,78,220,-58,210,0" /><INIT seed="1,1,0,0,5,13" ten="190,438,162,210" oya="1" hai0="33,127,20,80,3,109,113,123,100,116,9,98,0" hai1="86,90,49,40,27,121,30,56,43,37,79,36,8" hai2="41,94,101,91,75,88,120,24,133,1,122,28,18" hai3="6,67,103,130,64,92,96,54,12,58,102,4,26"/><U19/><E121/><V5/><F75/><W44/><G130/><T34/><D113/><U29/><E79/><V126/><F126/><W51/><G103/><T110/><D116/><U72/><E72/><V70/><F70/><W83/><G83/><T39/><D39/><U35/><E30/><V107/><F133/><W17/><G26/><T128/><D80/><U131/><E131/><V60/><F107/><W21/><G64/><T105/><D128/><U2/><E43/><V47/><F101/><W14/><G67/><T125/><D123/><U10/><E10/><V104/><F104/><W50/><REACH who="3" step="1"/><G14/><REACH who="3" ten="190,438,162,200" step="2"/><T15/><D0/><U118/><E27/><V11/><F122/><W65/><G65/><T7/><D3/><U25/><E25/><V61/><F120/><W16/><G16/><N who="0" m="10271" /><D7/><U132/><E2/><V99/><F91/><W85/><G85/><T135/><D135/><U87/><E87/><V82/><F82/><W111/><G111/><N who="0" m="42507" /><D9/><U57/><E8/><V45/><F1/><W78/><G78/><T62/><D62/><U108/><E108/><V23/><F5/><W134/><G134/><T81/><D81/><U31/><E132/><V53/><F11/><W66/><G66/><T46/><D127/><U59/><E31/><V74/><F28/><W124/><G124/><T84/><D84/><U119/><E29/><V55/><F74/><W52/><AGARI ba="1,1" hai="4,6,12,17,21,44,50,51,52,54,58,92,96,102" machi="52" ten="20,12000,2" yaku="1,1,0,1,7,1,8,1,52,1,54,1,53,1" doraHai="13" doraHaiUra="97" who="3" fromWho="3" sc="190,-31,438,-61,162,-31,200,133" /><INIT seed="2,0,0,2,1,133" ten="159,377,131,333" oya="2" hai0="47,3,122,124,21,118,102,55,9,34,85,108,120" hai1="123,75,68,29,42,98,79,35,17,23,89,114,105" hai2="90,50,116,64,78,93,5,76,41,10,80,104,96" hai3="57,94,1,31,74,60,97,49,121,51,117,110,119"/><V73/><F116/><W39/><G39/><T69/><D34/><U83/><E114/><V46/><F104/><W77/><G1/><T92/><D69/><U28/><E123/><V0/><F64/><W101/><G121/><T132/><D132/><U65/><E42/><V88/><REACH who="2" step="1"/><F76/><REACH who="2" ten="159,377,121,333" step="2"/><W11/><G117/><T12/><D118/><U103/><E65/><V91/><AGARI ba="0,1" hai="0,5,10,41,46,50,73,78,80,88,90,91,93,96" machi="91" ten="20,18000,2" yaku="1,1,2,1,0,1,7,1,54,1,53,1" doraHai="133" doraHaiUra="43" who="2" fromWho="2" sc="159,-60,377,-60,121,190,333,-60" /><INIT seed="2,1,0,5,0,122" ten="99,317,311,273" oya="2" hai0="101,11,111,18,100,109,9,99,1,106,118,79,17" hai1="71,47,37,3,121,53,49,91,117,15,21,129,5" hai2="75,55,57,120,73,82,124,43,94,16,45,62,131" hai3="42,110,10,133,12,128,35,50,4,51,59,98,116"/><V123/><F131/><W7/><G35/><T72/><D118/><U28/><E117/><V23/><F124/><W0/><G116/><T92/><D72/><U26/><E129/><V93/><F123/><W44/><G128/><T54/><D79/><U115/><E121/><V112/><F120/><W67/><G133/><T69/><D69/><U88/><E115/><V19/><F112/><W103/><G0/><T130/><D54/><U89/><E71/><V76/><F73/><W52/><G67/><T31/><D130/><U102/><E37/><V108/><F108/><N who="0" m="41546" /><D31/><U104/><E3/><V39/><REACH who="2" step="1"/><F19/><REACH who="2" ten="99,317,301,273" step="2"/><N who="0" m="7178" /><D1/><U119/><E119/><V38/><F38/><W30/><G110/><T2/><D2/><U66/><E66/><V78/><F78/><W134/><G134/><T90/><D101/><U126/><E126/><V132/><F132/><W8/><G30/><T33/><D33/><U36/><E36/><V125/><F125/><W80/><G103/><T60/><D60/><U32/><E32/><V114/><F114/><W95/><G50/><T84/><AGARI ba="1,1" hai="9,11,84,90,92,99,100,106" m="7178,41546" machi="84" ten="30,7900,0" yaku="14,1,52,3" doraHai="122" who="0" fromWho="0" sc="99,92,317,-21,301,-40,273,-21" /><INIT seed="3,0,0,0,3,75" ten="191,296,261,252" oya="3" hai0="43,3,6,35,100,97,14,10,67,76,26,109,130" hai1="61,125,54,122,12,63,81,132,4,18,98,58,65" hai2="42,94,99,101,24,73,45,83,105,82,20,89,128" hai3="126,129,91,113,7,21,27,77,46,39,117,9,50"/><W84/><G113/><T106/><D109/><U87/><E125/><V55/><F128/><W116/><G39/><T69/><D130/><U107/><E132/><V103/><F55/><W88/><G129/><T131/><D131/><U108/><E122/><V52/><F52/><N who="3" m="29783" /><G126/><T66/><D43/><U51/><E108/><V74/><F74/><W41/><G41/><T114/><D114/><U25/><E107/><V95/><F105/><W79/><G117/><T30/><D14/><U53/><E98/><V110/><F110/><W118/><G118/><T62/><D67/><U60/><E4/><V0/><F0/><W119/><G119/><T64/><D64/><U127/><E127/><V11/><F11/><W34/><G34/><T115/><D115/><U29/><E54/><V133/><F133/><W48/><G48/><T33/><D33/><U28/><E25/><V134/><F134/><W124/><G124/><T47/><D47/><U17/><E65/><V96/><F89/><N who="3" m="34379" /><G84/><T57/><D57/><U32/><E32/><V13/><F73/><W44/><G44/><T19/><D19/><U8/><E18/><N who="2" m="10319" /><F45/><W5/><G116/><T120/><REACH who="0" step="1"/><D76/><AGARI ba="0,0" hai="8,12,17,28,29,51,53,58,60,61,63,76,81,87" machi="76" ten="40,2600,0" yaku="8,1,52,1" doraHai="75" who="1" fromWho="0" sc="191,-26,296,26,261,0,252,0" owari="165,-33.5,322,42.2,261,6.1,252,-14.8" /></mjloggm>