<mjloggm ver="2.3"><GO type="169" lobby="0"/><UN n0="%74%65%63%68%74%6F" n1="%E3%81%8D%E3%81%84%E3%81%AA" n2="%68%61%79%61%74%6F%E2%98%86" n3="%E3%81%9F%E3%81%BE%E5%AD%90" dan="17,17,16,16" rate="2125.21,2176.48,2044.82,2165.65" sx="M,F,M,M"/><TAIKYOKU oya="0"/><INIT seed="0,0,0,2,5,131" ten="250,250,250,250" oya="0" hai0="72,36,124,119,109,17,98,64,42,54,49,127,66" hai1="63,103,68,116,78,59,5,29,90,79,40,76,114" hai2="73,110,57,35,88,34,43,121,77,70,115,7,81" hai3="15,44,46,23,108,38,48,120,69,45,41,102,0"/><T111/><D72/><U58/><E116/><V47/><F70/><W25/><G0/><T95/><D17/><U62/><E114/><V84/><F115/><W122/><G102/><T106/><D106/><U130/><E130/><V50/><F110/><N who="0" m="41994" /><D119/><U105/><E40/><V92/><F121/><N who="3" m="46699" /><G108/><T28/><D28/><U56/><E68/><V135/><F7/><W125/><G69/><T32/><D32/><U6/><E29/><V9/><F9/><W12/><G125/><N who="0" m="48203" /><D42/><U55/><E103/><V132/><F132/><W93/><BYE who="2" /><G93/><T112/><D36/><U18/><E105/><V91/><F91/><W75/><G75/><T37/><D37/><U123/><E90/><V126/><F126/><W1/><G1/><T113/><D112/><U107/><E123/><V13/><F13/><N who="3" m="5195" /><G38/><T117/><D117/><UN n2="%68%61%79%61%74%6F%E2%98%86" /><U100/><E18/><AGARI ba="0,0" hai="18,23,25,41,44,45,46,48" m="5195,46699" machi="18" ten="30,1000,0" yaku="13,1" doraHai="131" who="3" fromWho="1" sc="250,0,250,-10,250,0,250,10" /><INIT seed="1,0,0,2,5,100" ten="250,240,250,260" oya="1" hai0="101,126,104,84,122,50,46,86,103,21,58,115,93" hai1="38,134,114,108,78,40,128,107,10,74,111,63,6" hai2="69,49,90,98,56,32,64,45,105,27,22,34,118" hai3="102,121,33,1,89,14,57,132,133,119,47,11,65"/><U16/><E114/><V7/><F118/><W96/><G121/><T116/><D116/><U28/><E128/><V112/><F112/><W97/><BYE who="2" /><G119/><T77/><D115/><U70/><E28/><V67/><F67/><W123/><G123/><T25/><D126/><U73/><E134/><N who="3" m="51818" /><G33/><T37/><D122/><U124/><E124/><V60/><F60/><N who="3" m="38031" /><G1/><T81/><D37/><U61/><E40/><V4/><F4/><N who="3" m="3431" /><G102/><T113/><D58/><U71/><E38/><V94/><F94/><W42/><G89/><T8/><D8/><U5/><E10/><V72/><F72/><W62/><G62/><T120/><D120/><U75/><E78/><V87/><F87/><W83/><G83/><T29/><D113/><U24/><E24/><V20/><F20/><W17/><G17/><T30/><D30/><U80/><E80/><V3/><F3/><W135/><G135/><T53/><REACH who="0" step="1"/><D104/><REACH who="0" ten="240,240,250,260" step="2"/><U48/><E107/><V18/><F18/><W55/><G55/><T88/><AGARI ba="0,1" hai="21,25,29,46,50,53,77,81,84,86,88,93,101,103" machi="88" ten="30,12000,2" yaku="1,1,2,1,0,1,8,1,54,1,53,1" doraHai="100" doraHaiUra="26" who="0" fromWho="0" sc="240,130,240,-60,250,-30,260,-30" /><INIT seed="2,0,0,1,4,19" ten="370,180,220,230" oya="2" hai0="119,112,28,118,54,88,117,22,108,122,39,42,124" hai1="16,61,13,23,125,87,120,116,1,121,110,58,32" hai2="100,26,46,60,64,0,20,103,24,104,114,126,18" hai3="133,82,91,83,135,15,80,17,7,49,38,76,36"/><V29/><F29/><W25/><G7/><T72/><D72/><U34/><E116/><V81/><F81/><W57/><G25/><N who="0" m="16439" /><D124/><U127/><E1/><V128/><F128/><W69/><G69/><T30/><D30/><U109/><E87/><V3/><F3/><W56/><G91/><T67/><D122/><N who="1" m="47211" /><E58/><N who="3" m="22634" /><G49/><T89/><D112/><U106/><E106/><V35/><F35/><N who="1" m="13353" /><E61/><V43/><F43/><W77/><G17/><T65/><D108/><AGARI ba="0,0" hai="13,16,23,108,109,110,125,127" m="13353,47211" machi="108" ten="40,12000,2" yaku="14,1,13,1,34,2,52,1,54,1" doraHai="19" who="1" fromWho="0" sc="370,-120,180,120,220,0,230,0" /><INIT seed="3,0,0,3,1,14" ten="250,300,220,230" oya="3" hai0="62,94,96,39,76,59,97,51,24,56,123,8,103" hai1="127,109,44,110,29,130,46,72,70,88,2,35,100" hai2="108,106,43,58,21,121,10,92,73,120,57,26,5" hai3="48,54,36,119,101,12,90,49,80,52,28,68,53"/><W13/><G119/><T20/><D39/><U66/><E2/><V19/><F19/><W133/><G133/><T15/><D76/><U9/><E72/><V37/><F37/><W87/><G36/><T42/><D123/><U77/><E77/><V18/><F18/><W63/><G28/><T134/><D134/><U11/><E100/><V69/><F69/><W128/><G128/><T0/><D0/><U30/><E127/><V131/><F131/><W78/><G101/><T89/><D42/><U107/><E130/><V16/><F16/><W7/><G68/><T112/><D51/><N who="3" m="19529" /><G63/><T45/><D45/><U113/><E70/><V23/><F23/><W84/><G7/><N who="0" m="3487" /><D112/><U122/><E122/><V25/><F25/><W129/><G129/><T93/><D62/><U22/><E22/><V38/><F38/><W40/><G40/><T114/><D114/><U55/><E113/><V3/><F3/><W91/><G78/><T4/><D4/><U41/><E41/><V79/><F79/><W95/><AGARI ba="0,0" hai="12,13,52,53,54,80,84,87,90,91,95" m="19529" machi="95" ten="30,3000,0" yaku="8,1,54,1" doraHai="14" who="3" fromWho="3" sc="250,-10,300,-10,220,-10,230,30" /><INIT seed="3,1,0,4,3,85" ten="240,290,210,260" oya="3" hai0="74,24,114,9,8,39,103,35,23,130,16,135,2" hai1="29,102,83,88,115,78,4,81,48,32,53,17,123" hai2="6,99,22,105,66,76,60,31,111,119,59,106,40" hai3="37,95,117,96,89,72,128,57,110,94,101,54,131"/><W84/><G37/><T43/><D103/><U127/><E123/><V45/><F45/><W68/><G68/><T80/><D130/><N who="3" m="49705" /><G57/><T14/><D135/><U0/><E115/><V50/><F50/><W13/><G54/><T33/><D114/><U90/><E127/><V79/><F79/><W7/><G13/><T30/><D43/><U109/><E102/><V65/><F65/><W58/><G58/><T91/><D39/><U44/><E109/><V133/><F133/><W1/><G7/><N who="0" m="1143" /><D91/><U113/><E81/><V46/><F46/><W132/><G1/><T126/><D80/><U86/><E113/><V10/><F10/><W107/><G132/><T15/><D126/><U47/><E4/><V124/><F124/><W52/><G52/><T122/><D74/><U73/><E73/><V55/><F55/><W36/><G36/><T26/><D122/><U19/><E0/><V69/><F69/><W100/><G117/><T42/><D42/><U62/><E47/><V28/><F28/><W5/><G5/><N who="0" m="3375" /><D26/><U67/><E32/><AGARI ba="1,0" hai="15,16,23,24,30,32,33,35" m="3375,1143" machi="32" ten="30,12000,2" yaku="24,1,35,5,54,1" doraHai="85" who="0" fromWho="1" sc="240,123,290,-123,210,0,260,0" /><UN n2="%68%61%79%61%74%6F%E2%98%86" /><INIT seed="4,0,0,4,5,114" ten="363,167,210,260" oya="0" hai0="77,51,18,39,17,8,35,65,115,100,3,85,103" hai1="45,34,112,36,73,81,13,68,93,71,44,83,116" hai2="109,110,90,41,25,108,88,53,31,4,14,129,29" hai3="95,78,96,7,52,92,102,55,43,76,99,72,70"/><T40/><D39/><U69/><E112/><V126/><F129/><W101/><G70/><T117/><D35/><U94/><E34/><V27/><F126/><W48/><G7/><T106/><D65/><U125/><E13/><V80/><F41/><W22/><G72/><T19/><D106/><U12/><E12/><V59/><F27/><W104/><G104/><T11/><D117/><U113/><E73/><V30/><F25/><W133/><G133/><T23/><D23/><U47/><E36/><V15/><F80/><W74/><G74/><T98/><D3/><U61/><E113/><V60/><REACH who="2" step="1"/><F15/><REACH who="2" ten="363,167,200,260" step="2"/><W64/><G43/><T62/><D40/><U57/><E125/><V105/><F105/><W128/><G128/><T28/><D115/><U97/><E93/><V26/><F26/><W135/><G135/><T37/><D28/><U89/><REACH who="1" step="1"/><E116/><REACH who="1" ten="363,157,200,260" step="2"/><V10/><AGARI ba="0,2" hai="4,10,14,29,30,31,53,59,60,88,90,108,109,110" machi="10" ten="40,5200,0" yaku="1,1,0,1,54,1,53,0" doraHai="114" doraHaiUra="134" who="2" fromWho="2" sc="363,-26,157,-13,200,72,260,-13" /><INIT seed="5,0,0,1,4,6" ten="337,144,272,247" oya="1" hai0="92,59,27,31,106,79,58,19,119,109,85,57,81" hai1="114,53,60,130,118,30,129,29,3,4,37,98,62" hai2="100,104,38,1,13,7,110,72,135,122,0,84,86" hai3="48,89,112,71,20,91,32,35,28,56,103,117,11"/><U61/><E118/><V22/><F110/><W120/><G120/><T26/><D109/><U52/><E37/><V132/><F72/><W113/><G71/><T9/><D106/><U107/><E114/><N who="3" m="44138" /><G117/><T125/><D125/><U77/><E77/><V102/><F38/><W24/><G103/><N who="2" m="39465" /><F104/><W16/><G48/><T54/><D119/><U111/><E98/><V131/><F122/><W33/><G56/><T75/><D54/><N who="1" m="21099" /><E107/><V55/><F55/><W41/><G41/><T97/><D75/><U68/><E68/><V94/><F94/><W74/><G74/><T116/><D116/><U83/><E83/><V69/><F69/><W40/><G40/><T23/><D9/><N who="1" m="2207" /><E111/><V46/><F1/><W51/><G51/><T42/><D42/><U93/><E93/><V10/><F0/><W8/><G28/><T5/><D5/><U47/><E47/><V2/><F46/><W101/><G101/><N who="0" m="60583" /><D31/><U90/><E90/><AGARI ba="0,0" hai="8,11,16,20,24,32,33,35,89,90,91" m="44138" machi="90" ten="40,8000,1" yaku="15,1,52,2,54,1" doraHai="6" who="3" fromWho="1" sc="337,0,144,-80,272,0,247,80" /><INIT seed="6,0,0,4,1,45" ten="337,64,272,327" oya="2" hai0="7,22,127,88,134,47,105,86,21,81,39,123,19" hai1="49,124,89,55,23,40,15,18,44,60,53,72,133" hai2="97,114,13,98,30,135,73,96,80,17,59,35,128" hai3="54,68,125,85,103,121,0,93,65,36,66,28,110"/><V91/><F128/><W77/><G110/><T1/><D123/><U109/><E109/><V41/><F114/><W6/><G121/><T11/><D134/><U129/><E124/><V94/><F135/><W64/><G36/><T32/><D32/><U84/><E129/><V34/><F41/><W99/><G125/><T58/><D105/><U9/><E72/><V74/><F74/><W100/><G68/><T38/><D127/><U16/><E133/><V101/><F30/><W112/><G112/><T67/><D22/><U87/><E87/><V119/><F119/><W3/><G28/><T107/><D107/><U106/><E106/><V117/><F117/><W122/><G122/><T50/><D58/><U43/><E60/><V92/><F97/><W31/><G31/><T120/><D67/><U20/><E55/><V116/><F116/><W4/><G54/><T118/><D118/><U2/><E2/><V52/><F80/><N who="3" m="47247" /><G0/><T25/><D120/><U46/><E46/><V51/><REACH who="2" step="1"/><F73/><REACH who="2" ten="337,64,262,327" step="2"/><W12/><G3/><T57/><D57/><U37/><E37/><V104/><F104/><W113/><G113/><T33/><D33/><U63/><E63/><V26/><F26/><W5/><G103/><T29/><D29/><U75/><E75/><V108/><F108/><W56/><G12/><T90/><D1/><U10/><E43/><V131/><F131/><W61/><AGARI ba="0,1" hai="4,5,6,56,61,64,65,66,93,99,100" m="47247" machi="61" ten="30,1100,0" yaku="8,1" doraHai="45" who="3" fromWho="3" sc="337,-3,64,-3,262,-5,327,21" /><INIT seed="7,0,0,2,1,12" ten="334,61,257,348" oya="3" hai0="130,90,2,60,83,78,62,1,3,41,19,6,132" hai1="32,129,30,98,48,103,97,88,79,115,101,118,35" hai2="27,7,54,91,50,131,23,10,16,73,45,108,69" hai3="124,113,18,95,43,67,47,51,4,135,125,81,134"/><W128/><G113/><T102/><D102/><U46/><E115/><V64/><F108/><W86/><G128/><T77/><D6/><U0/><E129/><V33/><F73/><W109/><G109/><T8/><D130/><U26/><E118/><V34/><F131/><W61/><G95/><T99/><D41/><U24/><E79/><V53/><F69/><N who="3" m="42223" /><G18/><T126/><D126/><N who="3" m="48745" /><G4/><T13/><D132/><U55/><E0/><V111/><F111/><W133/><G133/><T71/><D71/><U56/><E56/><V9/><F64/><W39/><G39/><T66/><D66/><U11/><E11/><V25/><F25/><W29/><G29/><T14/><D14/><U104/><E48/><V89/><F53/><W122/><G122/><T127/><D127/><U42/><E46/><V110/><F110/><W22/><G22/><T68/><D68/><U82/><E55/><V74/><F74/><W114/><G114/><T44/><D44/><U75/><E42/><V38/><F38/><W49/><G49/><T112/><D112/><U93/><E26/><V117/><F117/><W15/><G15/><T72/><REACH who="0" step="1"/><D77/><AGARI ba="0,0" hai="43,47,51,77,81,86,134,135" m="48745,42223" machi="77" ten="30,1500,0" yaku="18,1" doraHai="12" who="3" fromWho="0" sc="334,-15,61,0,257,0,348,15" owari="319,11.9,61,-43.9,257,-14.3,363,46.3" /></mjloggm>