<mjloggm ver="2.3"><GO type="169" lobby="0"/><UN n0="%E3%82%AD%E3%83%B3%E3%82%B0%E3%81%82%E3%81%A4%E3%81%97" n1="%E3%81%82%E3%81%A3%E3%81%8D%EF%BD%9E%E2%99%AA" n2="%52%65%61%6C%58" n3="%E3%83%94%E3%83%B3%E3%82%B5%E3%83%AD%E5%BA%97%E5%93%A1" dan="16,16,16,17" rate="2174.93,2086.03,2181.54,2255.63" sx="M,M,F,M"/><TAIKYOKU oya="0"/><INIT seed="0,0,0,4,2,94" ten="250,250,250,250" oya="0" hai0="103,56,88,128,79,95,3,64,92,26,60,17,112" hai1="21,81,104,97,20,99,22,43,75,36,102,135,132" hai2="105,39,134,11,130,70,44,51,119,9,124,121,30" hai3="85,72,101,0,65,83,86,74,123,116,62,13,52"/><T32/><D3/><U71/><E71/><V73/><RYUUKYOKU type="yao9" ba="0,0" sc="250,0,250,0,250,0,250,0" hai2="9,11,30,39,44,51,70,73,105,119,121,124,130,134" /><INIT seed="0,1,0,1,4,113" ten="250,250,250,250" oya="0" hai0="4,37,94,50,59,105,56,85,31,20,67,121,38" hai1="83,43,12,93,127,114,25,53,23,101,0,78,65" hai2="126,7,103,45,80,34,75,66,54,26,52,119,55" hai3="91,48,5,39,42,134,61,72,116,1,16,69,86"/><T95/><D121/><U44/><E114/><V118/><F126/><W14/><G72/><T62/><D105/><U51/><E0/><V82/><F7/><W9/><G134/><T32/><D32/><U49/><E127/><V41/><F103/><W81/><G39/><T24/><D4/><U99/><E12/><V76/><F66/><W122/><G122/><T47/><D59/><U40/><E65/><V74/><F34/><W18/><G116/><N who="2" m="44585" /><F26/><W28/><G28/><T106/><D106/><U128/><E128/><V70/><F70/><W117/><G117/><T36/><REACH who="0" step="1"/><D85/><REACH who="0" ten="240,250,250,250" step="2"/><U63/><E63/><V110/><F110/><W100/><G61/><T102/><D102/><U133/><E133/><V79/><F55/><AGARI ba="1,1" hai="20,24,31,36,37,38,47,50,55,56,62,67,94,95" machi="55" ten="40,2000,0" yaku="1,1,53,0" doraHai="113" doraHaiUra="98" who="0" fromWho="2" sc="240,33,250,0,250,-23,250,0" /><INIT seed="0,2,0,4,3,107" ten="273,250,227,250" oya="0" hai0="135,131,134,78,19,114,100,63,129,46,124,82,81" hai1="20,71,128,21,102,98,86,97,123,91,126,18,85" hai2="105,79,44,12,68,26,132,122,62,47,113,8,119" hai3="24,76,125,103,101,106,93,56,9,74,17,133,77"/><T109/><D114/><U89/><E123/><V118/><F122/><W3/><G106/><T42/><D100/><U52/><E71/><V90/><F113/><W31/><G133/><N who="0" m="50699" /><D109/><U30/><E126/><V6/><F105/><W121/><G121/><T92/><D92/><U1/><E128/><N who="0" m="49225" /><D19/><U75/><E1/><V115/><F115/><W111/><G125/><T70/><D124/><U58/><E75/><V64/><F132/><W116/><G74/><N who="0" m="43223" /><D82/><U4/><E4/><V104/><F104/><W99/><G103/><T22/><D22/><U0/><E0/><V25/><F90/><W15/><G3/><T57/><D70/><U41/><E41/><V14/><F79/><W65/><G111/><T48/><D57/><U67/><E67/><V54/><F64/><W27/><G77/><T10/><D63/><U37/><E30/><V51/><F62/><W95/><G76/><T55/><D10/><U40/><E21/><V112/><F112/><W5/><G17/><T13/><D13/><U96/><E102/><V53/><F14/><W43/><G31/><T60/><D60/><U11/><E11/><V49/><F68/><W130/><G130/><T38/><D55/><U39/><E91/><V83/><F83/><W84/><G101/><T127/><D127/><U2/><E2/><V36/><F53/><W50/><G9/><T88/><D88/><U23/><E23/><V117/><F54/><W94/><G15/><T66/><D66/><U61/><E89/><V35/><F12/><W110/><G65/><T29/><D29/><U45/><E61/><V69/><F8/><RYUUKYOKU ba="2,0" sc="273,30,250,-10,227,-10,250,-10" hai0="38,42,46,48" /><INIT seed="0,3,0,4,4,134" ten="303,240,217,240" oya="0" hai0="39,36,47,49,103,61,52,73,125,29,58,4,50" hai1="88,90,114,86,122,18,42,68,9,19,98,40,131" hai2="83,127,84,56,108,104,82,135,113,1,118,24,92" hai3="22,106,101,66,81,8,102,120,99,85,13,111,121"/><T34/><D73/><U59/><E122/><N who="3" m="47210" /><G111/><T130/><D103/><U60/><E131/><V96/><F113/><W116/><G116/><T72/><D72/><U87/><E68/><V20/><F1/><W54/><G66/><N who="0" m="39223" /><D4/><U27/><E98/><V12/><F135/><W2/><G102/><T77/><D77/><U37/><E114/><V28/><F108/><W133/><G133/><T112/><D29/><U63/><E37/><N who="0" m="14409" /><D34/><U89/><E59/><V71/><F71/><W30/><G54/><N who="0" m="30015" /><D112/><U38/><E38/><V17/><F118/><W15/><G2/><T128/><D125/><U115/><E115/><V67/><F127/><W16/><G30/><T79/><D79/><U23/><E9/><V44/><F104/><W80/><G85/><N who="1" m="32266" /><E19/><AGARI ba="3,0" hai="8,13,15,16,19,22,80,81,99,101,106" m="47210" machi="19" ten="30,2000,0" yaku="13,1,54,1" doraHai="134" who="3" fromWho="1" sc="303,0,240,-29,217,0,240,29" /><INIT seed="1,0,0,0,2,26" ten="303,211,217,269" oya="1" hai0="50,27,45,115,43,74,92,110,28,36,100,104,14" hai1="118,79,17,69,41,11,107,126,85,78,13,63,0" hai2="37,97,123,65,35,84,87,42,134,19,49,4,125" hai3="22,7,89,114,102,109,82,55,116,64,20,73,56"/><U105/><E118/><V66/><F123/><W51/><G114/><T39/><D110/><U71/><E126/><V44/><F125/><W112/><G112/><T77/><D104/><U68/><E0/><V10/><F134/><W111/><G116/><T80/><D115/><U91/><E41/><V122/><F122/><W46/><G102/><T135/><D135/><U130/><E130/><V86/><F35/><W133/><G133/><T12/><D100/><U8/><E8/><V124/><F124/><W101/><G101/><T2/><D92/><U53/><E107/><V93/><F37/><W108/><G7/><T3/><D3/><U120/><E105/><V57/><F19/><W75/><G89/><T48/><D48/><U121/><E121/><V81/><F57/><W52/><G64/><T96/><D96/><U94/><REACH who="1" step="1"/><E120/><REACH who="1" ten="303,201,217,269" step="2"/><V60/><F42/><W62/><REACH who="3" step="1"/><G75/><REACH who="3" ten="303,201,217,259" step="2"/><T119/><D119/><U129/><E129/><V38/><F4/><W31/><G31/><T54/><D28/><U15/><E15/><V21/><F10/><W127/><G127/><T25/><D14/><U103/><E103/><V76/><F38/><W88/><G88/><T18/><D2/><U1/><E1/><V33/><F76/><AGARI ba="0,2" hai="20,22,46,51,52,55,56,62,73,76,82,108,109,111" machi="76" ten="40,8000,1" yaku="1,1,14,1,54,1,53,1" doraHai="26" doraHaiUra="59" who="3" fromWho="2" sc="303,0,201,0,217,-80,259,100" /><INIT seed="2,0,0,0,1,113" ten="303,201,137,359" oya="2" hai0="82,127,86,4,61,53,115,89,114,30,11,77,40" hai1="44,100,112,75,121,18,84,52,0,57,19,132,15" hai2="78,25,95,99,76,85,62,124,16,37,107,50,91" hai3="129,7,65,87,101,17,135,8,45,102,98,56,104"/><V96/><F37/><W133/><G129/><T10/><D127/><U83/><E112/><V97/><F124/><W81/><G102/><T92/><D40/><U24/><E132/><N who="3" m="50762" /><G17/><T69/><D30/><U42/><E0/><V29/><F107/><W122/><G122/><T73/><D11/><U32/><E75/><V34/><F50/><W106/><G45/><T58/><REACH who="0" step="1"/><D69/><REACH who="0" ten="293,201,137,359" step="2"/><U105/><E121/><V55/><REACH who="2" step="1"/><F16/><REACH who="2" ten="293,201,127,359" step="2"/><W1/><G8/><T123/><D123/><U70/><E19/><V2/><F2/><AGARI ba="0,2" hai="2,4,10,53,58,61,73,77,82,86,89,92,114,115" machi="2" ten="30,2000,0" yaku="1,1,7,1,53,0" doraHai="113" doraHaiUra="14" who="0" fromWho="2" sc="293,40,201,0,127,-20,359,0" /><INIT seed="3,0,0,2,3,118" ten="333,201,107,359" oya="3" hai0="124,21,96,123,15,45,101,64,104,113,41,130,92" hai1="27,3,90,48,47,86,18,83,11,43,84,50,26" hai2="132,117,121,46,116,72,74,37,82,24,63,87,60" hai3="30,131,76,32,53,110,20,119,99,129,44,31,34"/><W40/><G119/><T133/><D123/><U135/><E135/><V115/><F115/><W0/><G0/><T9/><D133/><U134/><E134/><V79/><F132/><W36/><G76/><T16/><D130/><N who="3" m="49673" /><G53/><T102/><D124/><U126/><E126/><V127/><F127/><W94/><G20/><T75/><D75/><U10/><E3/><V108/><F108/><W57/><G57/><T103/><D113/><U55/><E86/><V105/><F105/><W5/><G5/><T52/><D64/><U54/><E43/><V59/><F116/><W85/><G85/><T61/><D104/><U8/><REACH who="1" step="1"/><E18/><REACH who="1" ten="333,191,107,359" step="2"/><V7/><F117/><W97/><G110/><T4/><D41/><U95/><E95/><V17/><F74/><W109/><G109/><T28/><D28/><N who="3" m="10793" /><G99/><T100/><D96/><U88/><E88/><AGARI ba="0,1" hai="32,34,36,40,44,88,94,97" m="10793,49673" machi="88" ten="30,2900,0" yaku="19,1,54,1" doraHai="118" who="3" fromWho="1" sc="333,0,191,-29,107,0,359,39" /><INIT seed="3,1,0,5,2,27" ten="333,162,107,398" oya="3" hai0="133,109,46,83,12,114,10,1,108,28,89,132,60" hai1="50,44,55,32,81,87,64,26,74,8,84,6,79" hai2="57,21,31,103,75,16,105,15,77,23,66,90,131" hai3="106,7,104,94,97,62,49,68,0,18,116,38,118"/><W42/><G49/><T119/><D89/><U33/><E64/><V2/><F2/><W47/><G18/><T111/><D83/><U4/><E4/><V51/><F75/><W102/><G94/><T99/><D99/><U72/><E87/><V100/><F77/><W78/><G106/><T30/><D119/><U92/><E92/><V117/><F131/><W61/><G61/><T20/><D114/><U101/><E101/><V93/><F117/><W41/><G41/><T112/><D112/><U124/><E124/><V121/><F121/><W53/><G53/><T96/><D96/><U82/><E26/><N who="2" m="16847" /><F105/><W98/><G98/><T135/><D1/><U35/><REACH who="1" step="1"/><E81/><REACH who="1" ten="333,152,107,398" step="2"/><V29/><F66/><N who="3" m="41047" /><G78/><T17/><D60/><U113/><E113/><V110/><F110/><W71/><G71/><T24/><D46/><U5/><E5/><AGARI ba="1,1" hai="5,10,12,17,20,24,28,30,108,109,111,132,133,135" machi="5" ten="50,12000,2" yaku="14,1,20,1,34,3,52,2" doraHai="27" who="0" fromWho="1" sc="333,133,152,-123,107,0,398,0" /><INIT seed="4,0,0,4,0,134" ten="466,29,107,398" oya="0" hai0="30,58,122,44,43,22,33,113,25,36,69,104,50" hai1="123,53,70,76,10,34,27,19,103,116,39,114,37" hai2="124,112,80,24,118,117,120,29,67,5,74,68,91" hai3="96,94,128,28,63,32,38,15,77,119,17,41,133"/><T61/><D122/><U9/><E123/><V20/><F120/><W121/><G121/><RYUUKYOKU type="kaze4" ba="0,0" sc="466,0,29,0,107,0,398,0" /><INIT seed="4,1,0,1,4,16" ten="466,29,107,398" oya="0" hai0="45,77,2,18,95,70,112,37,11,4,128,98,79" hai1="118,123,42,32,89,54,50,61,104,46,67,58,60" hai2="56,62,59,88,38,106,96,73,80,66,83,121,91" hai3="30,53,131,27,133,132,57,26,51,43,40,36,15"/><T31/><D112/><U105/><E118/><V99/><F121/><W0/><G0/><T35/><D128/><U110/><E123/><V113/><F113/><W125/><G131/><T87/><D70/><U119/><E119/><V109/><F109/><W29/><G125/><T124/><D124/><U52/><E110/><V114/><F114/><W90/><G15/><T117/><D117/><U39/><E32/><V92/><F38/><W23/><G90/><T17/><D87/><U82/><E89/><V120/><F120/><W100/><G100/><T63/><D63/><U69/><REACH who="1" step="1"/><E82/><REACH who="1" ten="466,19,107,398" step="2"/><V93/><F83/><W64/><G64/><T41/><D35/><U9/><E9/><V81/><F80/><W28/><G133/><T49/><D11/><U75/><E75/><V44/><F81/><W129/><G132/><T78/><D78/><U33/><E33/><V122/><F73/><W12/><G129/><T111/><D79/><U101/><E101/><V127/><F127/><W10/><G36/><T85/><D77/><U107/><E107/><V13/><F106/><W94/><G94/><T6/><D37/><U14/><E14/><V71/><F13/><W72/><G72/><T24/><D95/><U116/><E116/><V84/><F122/><W102/><G102/><T74/><D74/><U134/><E134/><V97/><F96/><W126/><G126/><T135/><D98/><U3/><E3/><V34/><F34/><W86/><G86/><T130/><D2/><U76/><E76/><V108/><F108/><W1/><G1/><T7/><D111/><U20/><E20/><RYUUKYOKU ba="1,1" sc="466,-10,19,30,107,-10,398,-10" hai1="39,42,46,50,52,54,58,60,61,67,69,104,105" /><INIT seed="5,2,1,1,3,42" ten="456,49,97,388" oya="1" hai0="65,8,19,70,55,129,27,37,11,90,41,17,69" hai1="77,68,91,29,6,62,135,115,34,47,103,131,126" hai2="114,83,31,23,32,7,67,40,54,12,118,120,24" hai3="3,85,125,5,95,107,4,100,1,10,35,64,30"/><U111/><E115/><V84/><F118/><W96/><G125/><T122/><D129/><U59/><E126/><V13/><F120/><W81/><G64/><T128/><D128/><U106/><E131/><V9/><F114/><W94/><G30/><T51/><D90/><U39/><E135/><V89/><F67/><W49/><G35/><T101/><D101/><U124/><E124/><V0/><F40/><W44/><G5/><T104/><D104/><U102/><E111/><V109/><F109/><W14/><G3/><T110/><D122/><U88/><E68/><V76/><F54/><W117/><G1/><T60/><D70/><U99/><E103/><V123/><F123/><W26/><G26/><T130/><D130/><U16/><E6/><V82/><REACH who="2" step="1"/><F32/><REACH who="2" ten="456,49,87,388" step="2"/><W134/><G117/><T119/><D119/><U46/><E77/><V18/><F18/><W43/><REACH who="3" step="1"/><G134/><REACH who="3" ten="456,49,87,378" step="2"/><T66/><D66/><U132/><E132/><V63/><F63/><W21/><G21/><T74/><D60/><U116/><E116/><V45/><F45/><N who="1" m="16905" /><E39/><V61/><F61/><W15/><G15/><T52/><D37/><U2/><E2/><V48/><F48/><W38/><G38/><T72/><D51/><U53/><E16/><V121/><F121/><W78/><AGARI ba="2,3" hai="4,10,14,43,44,49,78,81,85,94,95,96,100,107" machi="78" ten="20,12000,2" yaku="1,1,0,1,7,1,25,2,52,1,53,0" doraHai="42" doraHaiUra="112" who="3" fromWho="3" sc="456,-32,49,-62,87,-32,378,156" owari="424,22.4,-13,-51.3,55,-34.5,534,63.4" /></mjloggm>