<mjloggm ver="2.3"><GO type="169" lobby="0"/><UN n0="%E4%B8%89%E5%8D%81%E7%94%BB%E7%94%9F" n1="%E5%A4%9A%E6%91%A9%E3%82%BD%E3%83%BC%E3%82%B8" n2="%E3%82%8A%E3%82%93%E3%81%94%32%32%36" n3="%E3%81%B1%E3%82%93%E3%81%AA%E3%81%93%E3%81%BE%E3%81%A3%E3%81%9F" dan="16,17,17,18" rate="2153.26,2208.94,2181.38,2258.74" sx="M,M,M,M"/><TAIKYOKU oya="0"/><INIT seed="0,0,0,0,4,53" ten="250,250,250,250" oya="0" hai0="90,44,126,72,79,27,128,61,35,19,46,63,109" hai1="104,120,92,51,1,74,112,30,60,89,4,29,69" hai2="130,87,132,83,6,59,94,124,110,96,26,81,41" hai3="52,77,127,106,102,32,50,121,54,75,71,40,0"/><T64/><D128/><U116/><E104/><V22/><F110/><W17/><G127/><T101/><D126/><U33/><E74/><V43/><F130/><W56/><G121/><T68/><D109/><U103/><E103/><V70/><F70/><W21/><G71/><T135/><D135/><U97/><E33/><V93/><F6/><W134/><G32/><T37/><D37/><U118/><E120/><V31/><F132/><W8/><G134/><T114/><D114/><U113/><E51/><V48/><F93/><W25/><G40/><T131/><D131/><U117/><E4/><V91/><F81/><W80/><G54/><T88/><D63/><U123/><E1/><V107/><F107/><W129/><G129/><T78/><D101/><U20/><E123/><V82/><F82/><W28/><G0/><T115/><D115/><N who="1" m="44107" /><E20/><V55/><REACH who="2" step="1"/><F124/><REACH who="2" ten="250,250,240,250" step="2"/><W99/><REACH who="3" step="1"/><G8/><REACH who="3" ten="250,250,240,240" step="2"/><T76/><D68/><U111/><E111/><V42/><F42/><W57/><G57/><N who="0" m="36911" /><D72/><U12/><E69/><V5/><F5/><W9/><G9/><T100/><D35/><U73/><E117/><V108/><F108/><W58/><G58/><T36/><D36/><U24/><E118/><V13/><F13/><W105/><G105/><T11/><D11/><U3/><E116/><V16/><F16/><AGARI ba="0,2" hai="16,17,21,25,28,50,52,56,75,77,80,99,102,106" machi="16" ten="40,8000,1" yaku="1,1,52,1,54,2,53,0" doraHai="53" doraHaiUra="38" who="3" fromWho="2" sc="250,0,250,0,240,-80,240,100" /><INIT seed="1,0,0,4,0,76" ten="250,250,160,340" oya="1" hai0="23,69,99,50,25,72,114,84,13,47,21,43,96" hai1="15,64,42,81,31,107,100,89,97,122,19,87,59" hai2="103,18,98,40,104,128,49,70,110,68,121,44,112" hai3="113,115,28,86,106,5,130,11,29,32,129,8,93"/><U126/><E126/><V83/><F110/><W88/><G106/><T62/><D72/><U0/><E0/><V82/><F128/><N who="3" m="49259" /><G11/><T55/><D114/><N who="3" m="43529" /><G32/><T56/><D69/><U37/><E31/><V51/><F112/><W7/><G7/><T35/><D35/><U127/><E127/><V119/><F119/><W73/><G73/><T78/><D13/><AGARI ba="0,0" hai="5,8,13,28,29,86,88,93" m="43529,49259" machi="13" ten="30,2000,0" yaku="19,1,54,1" doraHai="76" who="3" fromWho="0" sc="250,-20,250,0,160,0,340,20" /><INIT seed="2,0,0,5,5,134" ten="230,250,160,360" oya="2" hai0="94,99,103,31,28,120,113,37,125,85,82,63,71" hai1="14,27,86,97,76,35,7,10,124,81,68,75,73" hai2="135,95,41,32,91,11,4,34,45,53,129,133,62" hai3="66,122,44,119,8,109,69,115,131,87,90,40,110"/><V74/><F74/><W3/><G119/><T29/><D120/><U112/><E112/><V20/><F129/><W128/><G122/><T117/><D113/><U83/><E68/><V118/><F20/><W80/><G115/><T6/><D37/><U49/><E97/><V98/><F118/><W18/><G66/><T46/><D6/><U84/><E124/><V50/><F133/><W30/><G30/><T38/><D117/><U54/><E27/><V16/><F135/><W121/><G69/><T36/><D46/><U39/><E39/><V88/><F91/><W23/><G8/><T104/><D104/><U33/><E75/><V102/><F102/><W78/><G3/><T77/><D125/><U43/><E43/><V0/><REACH who="2" step="1"/><F16/><REACH who="2" ten="230,250,150,360" step="2"/><W127/><G90/><T67/><AGARI ba="0,1" hai="28,29,31,36,38,63,67,71,77,82,85,94,99,103" machi="67" ten="30,1100,0" yaku="0,1" doraHai="134" who="0" fromWho="0" sc="230,21,250,-3,150,-5,360,-3" /><INIT seed="3,0,0,4,1,17" ten="251,247,145,357" oya="3" hai0="135,1,126,122,44,124,24,43,74,127,16,96,39" hai1="30,113,115,95,33,71,42,49,11,5,0,57,31" hai2="85,38,25,73,28,15,125,130,72,48,32,92,35" hai3="63,98,4,34,46,67,121,119,114,7,106,37,86"/><W87/><G114/><T75/><D122/><U101/><E71/><V53/><F38/><W118/><G121/><T88/><BYE who="3" /><D1/><UN n3="%E3%81%B1%E3%82%93%E3%81%AA%E3%81%93%E3%81%BE%E3%81%A3%E3%81%9F" /><U76/><E76/><V10/><F130/><W128/><G128/><T68/><D68/><U102/><E42/><V47/><F35/><W111/><G34/><T77/><D77/><U22/><E33/><V79/><F125/><W132/><G132/><T108/><D108/><U19/><E49/><V123/><F123/><W107/><G98/><T62/><D62/><U97/><E102/><V3/><F3/><W90/><G90/><T51/><D39/><U18/><E18/><V94/><F92/><W40/><G37/><T61/><D61/><U112/><REACH who="1" step="1"/><E57/><REACH who="1" ten="251,237,145,357" step="2"/><V14/><F79/><W64/><G40/><T45/><D135/><U52/><E52/><V54/><F53/><W109/><G63/><T8/><D45/><AGARI ba="0,1" hai="4,7,45,46,64,67,86,87,106,107,109,111,118,119" machi="45" ten="25,2400,0" yaku="22,2" doraHai="17" who="3" fromWho="0" sc="251,-24,237,0,145,0,357,34" /><INIT seed="3,1,0,0,0,104" ten="227,237,145,391" oya="3" hai0="36,34,70,118,20,11,32,31,45,127,132,53,121" hai1="98,82,22,95,112,3,105,5,28,87,103,37,42" hai2="80,109,13,101,58,99,73,96,41,133,90,63,78" hai3="86,23,0,116,125,126,44,51,113,2,123,39,33"/><W61/><G113/><T88/><D121/><U1/><E112/><V93/><F109/><W110/><G33/><T122/><D122/><U108/><E108/><V43/><F13/><W21/><G123/><T107/><D118/><U27/><E5/><V114/><F133/><W64/><G39/><T4/><D107/><U24/><E42/><V10/><F10/><W49/><G86/><T54/><D70/><U134/><E37/><V46/><F46/><W30/><G110/><T94/><D127/><U71/><E71/><V14/><F14/><W9/><G9/><T66/><D66/><U77/><E134/><V79/><F79/><W83/><G83/><T12/><D132/><U111/><E111/><V119/><F119/><W59/><G116/><T84/><D20/><U68/><E68/><V117/><F114/><W40/><G51/><T89/><D31/><U81/><E81/><V35/><F35/><W85/><G85/><T106/><D106/><U18/><REACH who="1" step="1"/><E105/><REACH who="1" ten="227,227,145,391" step="2"/><V72/><F117/><W6/><G6/><T100/><D36/><U7/><E7/><V92/><REACH who="2" step="1"/><F72/><REACH who="2" ten="227,227,135,391" step="2"/><W15/><G126/><T17/><D4/><U26/><E26/><V57/><F57/><W97/><G125/><T48/><D45/><U65/><E65/><AGARI ba="1,2" hai="41,43,58,63,65,73,78,80,90,92,93,96,99,101" machi="65" ten="30,7700,0" yaku="1,1,7,1,52,1,53,1" doraHai="104" doraHaiUra="76" who="2" fromWho="1" sc="227,0,227,-80,135,100,391,0" /><INIT seed="4,0,0,5,5,90" ten="227,147,235,391" oya="0" hai0="36,110,106,83,55,69,61,64,22,63,27,47,12" hai1="37,72,2,135,1,54,57,89,102,86,26,107,87" hai2="31,50,80,28,56,32,116,95,51,129,19,34,17" hai3="20,81,30,40,38,113,15,134,121,66,117,23,92"/><T45/><D106/><U71/><E135/><V93/><F80/><W119/><G66/><T13/><D110/><U118/><E118/><V103/><F56/><W68/><G68/><T78/><D63/><U42/><E72/><V75/><F75/><W82/><G40/><T122/><D122/><U3/><E71/><V7/><F7/><W84/><G38/><T10/><D55/><U132/><E132/><V108/><F103/><W48/><G48/><T18/><D36/><U112/><E112/><V99/><F99/><W123/><G15/><T60/><D60/><U35/><E102/><V39/><F39/><W41/><G41/><T73/><REACH who="0" step="1"/><D13/><REACH who="0" ten="217,147,235,391" step="2"/><U115/><E107/><V8/><F108/><W128/><G123/><T109/><D109/><U85/><E115/><V52/><F52/><W131/><G113/><T24/><D24/><U77/><E37/><V62/><F62/><W4/><G121/><T124/><D124/><U67/><E54/><V98/><F116/><W46/><G134/><T79/><D79/><U16/><E42/><V59/><F51/><W49/><G49/><T21/><D21/><U43/><E43/><V25/><F50/><W88/><G117/><T96/><D96/><U111/><E111/><V29/><F98/><W58/><G119/><T125/><D125/><U14/><E77/><V133/><F133/><W11/><G23/><T127/><D127/><U6/><E26/><V91/><F25/><W130/><G20/><T33/><D33/><U114/><E35/><V0/><F34/><W126/><G126/><T9/><D9/><U97/><E114/><RYUUKYOKU ba="0,1" sc="217,30,147,-10,235,-10,391,-10" hai0="10,12,18,22,27,45,47,61,64,69,73,78,83" /><INIT seed="4,1,1,3,2,11" ten="247,137,225,381" oya="0" hai0="7,36,121,66,132,17,76,135,87,13,102,27,51" hai1="59,57,90,9,79,69,86,58,47,113,26,14,73" hai2="43,89,18,78,111,101,109,25,105,34,129,12,68" hai3="131,53,37,28,80,44,65,106,22,6,1,82,10"/><T94/><D121/><U16/><E69/><V45/><F68/><W71/><G106/><T42/><D36/><U67/><E113/><V104/><F78/><W38/><G131/><T85/><D66/><U100/><E100/><V24/><F89/><W92/><G92/><T77/><D27/><N who="2" m="10314" /><F101/><W125/><G22/><T110/><D110/><N who="2" m="41994" /><F34/><W35/><G35/><T95/><D7/><U84/><E73/><V116/><F116/><W61/><G6/><T15/><D102/><U123/><E123/><V41/><F129/><W64/><G53/><T112/><D17/><U70/><E70/><V48/><F43/><W52/><G64/><T31/><D42/><U96/><E26/><V88/><F88/><W119/><G119/><T23/><D23/><U74/><E67/><V49/><F49/><W3/><G38/><T33/><D33/><U103/><E47/><V117/><F117/><W133/><G44/><T134/><D51/><U98/><E74/><V63/><F63/><W55/><G61/><T46/><D46/><U39/><E39/><V130/><F130/><W126/><G55/><T60/><D60/><U72/><E72/><V91/><F91/><W122/><G52/><T115/><D132/><U118/><E118/><V0/><F0/><W20/><G65/><T93/><D93/><N who="1" m="54471" /><E103/><V83/><F83/><AGARI ba="1,1" hai="9,14,16,57,58,59,79,83,86,96,98" m="54471" machi="83" ten="30,3900,0" yaku="8,1,52,1,54,1" doraHai="11" who="1" fromWho="2" sc="247,0,137,52,225,-42,381,0" /><INIT seed="5,0,0,4,5,57" ten="247,189,183,381" oya="1" hai0="87,88,72,48,21,93,111,9,82,43,27,53,131" hai1="102,8,68,59,55,32,22,73,79,125,119,112,45" hai2="135,26,56,20,124,130,49,108,89,85,7,25,101" hai3="16,133,42,69,76,99,19,114,29,3,67,123,86"/><U81/><E119/><V54/><F108/><W122/><G3/><T83/><D111/><U50/><E32/><V75/><F75/><W14/><G29/><T63/><D131/><U91/><E112/><V39/><F124/><W33/><G33/><T92/><D9/><U100/><E125/><V61/><F39/><W97/><G42/><T106/><D106/><U51/><E68/><V24/><F135/><W107/><G114/><T2/><D2/><U127/><E127/><V1/><F101/><W12/><G133/><T6/><D6/><U5/><E91/><V78/><F78/><W134/><G134/><T40/><D72/><U65/><E22/><V120/><F130/><W37/><G37/><T35/><D35/><U17/><E17/><V36/><F36/><W41/><G41/><N who="0" m="15947" /><D83/><U98/><E98/><V117/><F117/><W15/><G97/><T46/><D63/><U47/><E47/><N who="2" m="27967" /><F1/><W0/><G0/><T74/><D74/><U4/><E4/><V70/><F70/><W121/><G69/><T94/><D82/><U105/><E105/><V30/><F7/><W66/><G107/><T84/><D87/><U71/><E71/><V116/><F120/><W80/><G99/><T128/><D128/><U129/><E129/><V28/><F28/><AGARI ba="0,0" hai="21,27,28,46,48,53,84,88,92,93,94" m="15947" machi="28" ten="30,2000,0" yaku="8,1,54,1" doraHai="57" who="0" fromWho="2" sc="247,20,189,0,183,-20,381,0" /><INIT seed="6,0,0,1,4,36" ten="267,189,163,381" oya="2" hai0="71,22,82,99,133,63,105,83,65,10,132,34,40" hai1="51,31,106,15,69,4,119,17,48,45,28,0,93" hai2="53,90,46,32,7,129,107,97,67,52,72,75,42" hai3="21,18,120,1,14,121,102,98,58,127,56,9,11"/><V78/><F32/><W135/><G127/><T24/><D10/><U74/><E106/><V6/><F129/><W84/><G135/><N who="0" m="51787" /><D34/><U130/><E69/><V113/><F113/><W3/><G84/><T118/><D118/><U79/><E119/><V57/><F107/><W27/><G58/><T85/><D85/><U94/><E130/><V60/><F78/><W88/><G56/><T26/><D40/><N who="1" m="24615" /><E0/><V109/><F109/><W12/><G102/><N who="0" m="62687" /><D26/><U20/><E74/><V43/><F75/><W23/><G18/><AGARI ba="0,0" hai="18,22,24,63,65,71,82,83" m="62687,51787" machi="18" ten="30,1000,0" yaku="20,1" doraHai="36" who="0" fromWho="3" sc="267,10,189,0,163,0,381,-10" /><INIT seed="7,0,0,5,3,131" ten="277,189,163,371" oya="3" hai0="130,68,17,113,42,124,47,91,0,48,87,52,64" hai1="97,23,101,120,77,18,115,10,90,22,121,51,128" hai2="103,38,46,126,135,36,53,27,109,82,85,116,12" hai3="24,107,89,25,125,83,70,6,43,132,117,45,29"/><W112/><G70/><T105/><D130/><U55/><E128/><V73/><F109/><W119/><G107/><T56/><D124/><U20/><E115/><V44/><F116/><W28/><G6/><T80/><D105/><U129/><E129/><V118/><F118/><W5/><G5/><T84/><D0/><U40/><E40/><V16/><F73/><W1/><G112/><T59/><D113/><U34/><E34/><V11/><F126/><W39/><G1/><T9/><D68/><U37/><E37/><V63/><F103/><W102/><G102/><T92/><D64/><U127/><E127/><V100/><F100/><W15/><G15/><T33/><D33/><U71/><E71/><V93/><F93/><W2/><G2/><T35/><D35/><U31/><E90/><V95/><F95/><W69/><G89/><T54/><D54/><U74/><E77/><V81/><F27/><W30/><G24/><T65/><D65/><U57/><E74/><V72/><F72/><W13/><G25/><T14/><REACH who="0" step="1"/><D42/><REACH who="0" ten="267,189,163,371" step="2"/><U26/><E121/><V41/><F135/><W134/><G132/><T49/><D49/><U58/><E120/><V110/><F110/><W3/><G43/><T96/><D96/><U67/><E67/><V94/><F38/><W78/><G69/><T19/><D19/><U104/><E58/><N who="2" m="35279" /><F46/><W60/><G134/><T32/><D32/><U99/><E99/><V66/><F66/><W133/><G133/><T108/><D108/><U122/><E122/><V98/><F98/><W62/><G125/><T79/><AGARI ba="0,1" hai="9,14,17,47,48,52,56,59,79,80,84,87,91,92" machi="79" ten="20,8000,1" yaku="1,1,0,1,7,1,8,1,54,1,53,0" doraHai="131" doraHaiUra="61" who="0" fromWho="0" sc="267,90,189,-20,163,-20,371,-40" owari="357,45.7,169,-23.1,143,-35.7,331,13.1" /></mjloggm>