<mjloggm ver="2.3"><GO type="169" lobby="0"/><UN n0="%74%73%75%6B%69%31" n1="%E3%82%89%E3%81%84%E3%81%82%E3%82%93%E3%81%98%E3%82%83%E3%82%93" n2="%E3%81%97%E3%82%87%E3%81%BC%E3%82%93%EF%BD%8E" n3="%E3%82%A4%E3%83%BC%E3%82%B1%E3%83%97%E3%83%A9" dan="16,17,17,16" rate="2201.36,2200.58,2254.50,2117.33" sx="M,M,M,M"/><TAIKYOKU oya="0"/><INIT seed="0,0,0,2,2,114" ten="250,250,250,250" oya="0" hai0="126,103,57,119,40,50,115,72,36,47,51,0,113" hai1="9,124,107,18,19,69,65,10,66,3,2,99,29" hai2="45,74,43,17,38,131,26,86,127,121,133,110,112" hai3="76,104,56,13,77,28,24,67,73,130,1,96,82"/><T135/><D0/><U35/><E69/><V30/><F112/><N who="0" m="43082" /><D103/><U125/><E99/><V94/><F121/><W31/><G1/><T80/><D80/><U117/><E29/><V93/><F74/><W21/><G130/><T22/><D22/><U49/><E49/><N who="0" m="18441" /><D72/><U46/><E46/><V59/><F131/><W42/><G77/><T32/><D32/><U83/><E83/><V129/><F17/><W25/><G42/><T95/><D95/><U84/><E84/><V85/><F94/><W91/><G13/><T90/><D90/><U62/><E62/><V27/><F93/><W101/><G91/><T102/><D102/><U33/><REACH who="1" step="1"/><E107/><REACH who="1" ten="250,240,250,250" step="2"/><V23/><F86/><W15/><G31/><T100/><D100/><U39/><E39/><V8/><F38/><W60/><G28/><T53/><D135/><U116/><AGARI ba="0,1" hai="2,3,9,10,18,19,33,35,65,66,116,117,124,125" machi="116" ten="25,12000,2" yaku="1,1,0,1,22,2,52,2,53,0" doraHai="114" doraHaiUra="128" who="1" fromWho="1" sc="250,-60,240,130,250,-30,250,-30" /><INIT seed="1,0,0,3,3,28" ten="190,370,220,220" oya="1" hai0="78,46,90,21,53,120,12,32,82,103,65,92,108" hai1="15,88,17,27,101,9,97,79,109,62,33,63,102" hai2="124,48,98,18,24,5,45,22,47,110,72,67,54" hai3="66,127,38,57,39,112,69,60,77,13,113,80,58"/><U132/><E132/><V31/><F72/><W7/><G127/><T61/><D108/><U40/><E109/><V75/><F75/><W37/><G7/><T131/><D131/><U42/><E79/><V83/><F110/><W70/><G13/><T119/><D119/><U8/><E8/><V71/><F124/><W116/><G116/><T1/><D1/><U2/><E2/><V89/><F5/><W129/><G129/><T86/><D103/><U35/><E101/><V114/><F114/><W11/><G11/><T125/><D120/><U117/><E117/><V81/><F67/><W76/><G76/><T126/><D32/><U43/><E88/><V59/><F71/><W34/><G34/><T99/><D46/><N who="2" m="17418" /><F18/><W128/><G128/><T3/><D3/><U84/><E84/><V118/><F118/><W104/><G104/><T20/><D53/><U51/><E51/><V73/><F73/><W100/><G100/><T23/><REACH who="0" step="1"/><D12/><REACH who="0" ten="180,370,220,220" step="2"/><U55/><E55/><V105/><F105/><W111/><G111/><T29/><D29/><U91/><E33/><V68/><F31/><W107/><G107/><T56/><AGARI ba="0,1" hai="20,21,23,56,61,65,78,82,86,90,92,99,125,126" machi="56" ten="30,2000,0" yaku="1,1,0,1,53,0" doraHai="28" doraHaiUra="50" who="0" fromWho="0" sc="180,30,370,-10,220,-5,220,-5" /><INIT seed="2,0,0,1,4,6" ten="210,360,215,215" oya="2" hai0="97,133,130,15,32,26,111,24,4,14,67,36,77" hai1="9,38,58,66,94,64,74,119,73,19,45,60,34" hai2="51,69,128,125,71,20,104,82,85,86,117,98,18" hai3="17,106,90,33,103,108,40,68,92,121,102,63,22"/><V11/><F117/><W23/><G33/><T41/><D67/><U35/><E119/><V3/><F128/><W57/><G68/><T81/><D130/><U12/><E66/><V122/><F122/><W52/><G108/><T76/><D76/><U114/><E114/><V91/><F125/><W101/><G121/><T37/><D111/><U95/><E34/><V55/><F104/><W25/><G40/><T112/><D112/><U28/><E28/><V123/><F98/><W113/><G113/><T132/><D97/><U30/><E30/><V99/><F99/><W61/><G106/><T70/><D70/><U5/><E35/><V75/><F75/><W42/><G42/><T7/><D32/><U79/><E79/><V127/><F127/><W129/><G129/><T8/><D41/><U46/><E38/><V135/><F135/><N who="0" m="51786" /><D37/><U107/><E107/><V54/><F54/><W134/><G134/><T48/><D48/><U29/><E29/><V16/><F86/><N who="3" m="52311" /><G23/><T27/><D36/><U65/><E65/><V115/><F115/><W2/><G2/><N who="0" m="23" /><D7/><U10/><E73/><AGARI ba="0,0" hai="14,15,24,26,27,73,77,81" m="23,51786" machi="73" ten="30,2000,0" yaku="20,1,52,1" doraHai="6" who="0" fromWho="1" sc="210,20,360,-20,215,0,215,0" /><INIT seed="3,0,0,0,1,55" ten="230,340,215,215" oya="3" hai0="52,31,57,78,108,91,118,102,89,6,77,129,49" hai1="2,135,101,131,29,128,8,103,100,71,50,13,88" hai2="83,115,90,106,111,56,32,19,59,22,0,39,63" hai3="26,35,80,43,28,64,20,21,47,113,76,96,44"/><W33/><G113/><T104/><D118/><U5/><E135/><V65/><F115/><W97/><G64/><T114/><D114/><U92/><E71/><V14/><F106/><W60/><G60/><T99/><D108/><U75/><E75/><V53/><F39/><W120/><G120/><T134/><D134/><U82/><E82/><V67/><F111/><W15/><G35/><T130/><D31/><U133/><E29/><V125/><F32/><W73/><G47/><T66/><D6/><U109/><E109/><V7/><F125/><W122/><G122/><T72/><D66/><U121/><E121/><V4/><F0/><W17/><REACH who="3" step="1"/><G33/><REACH who="3" ten="230,340,215,205" step="2"/><T86/><D72/><U16/><E133/><V87/><F67/><W124/><G124/><T116/><D116/><U38/><E38/><AGARI ba="0,1" hai="15,17,20,21,26,28,38,43,44,73,76,80,96,97" machi="38" ten="30,5800,0" yaku="1,1,7,1,53,1" doraHai="55" doraHaiUra="36" who="3" fromWho="1" sc="230,0,340,-58,215,0,205,68" /><INIT seed="3,1,0,2,4,23" ten="230,282,215,273" oya="3" hai0="77,66,56,65,57,121,60,58,29,22,64,16,26" hai1="9,5,53,100,125,82,115,6,59,117,101,109,134" hai2="113,69,80,7,130,88,32,107,36,124,110,99,104" hai3="79,40,86,4,133,45,108,129,50,89,39,15,42"/><W76/><G129/><T67/><D121/><U111/><E115/><V12/><F36/><W127/><G127/><T31/><D77/><U120/><E120/><V20/><F32/><W10/><G133/><T87/><D87/><U90/><E125/><V123/><F69/><W84/><G84/><T112/><REACH who="0" step="1"/><D112/><REACH who="0" ten="220,282,215,273" step="2"/><U49/><E134/><V43/><F113/><W55/><G108/><T41/><D41/><N who="3" m="15977" /><G39/><T38/><D38/><U46/><E109/><V131/><F110/><W106/><G106/><T44/><D44/><U51/><E111/><V68/><F123/><W71/><G71/><AGARI ba="1,1" hai="16,22,26,29,31,56,57,58,60,64,65,66,67,71" machi="71" ten="40,5200,0" yaku="1,1,52,1,54,1,53,0" doraHai="23" doraHaiUra="135" who="0" fromWho="3" sc="220,65,282,0,215,0,273,-55" /><INIT seed="4,0,0,2,5,28" ten="285,282,215,218" oya="0" hai0="51,63,10,41,109,12,82,95,64,49,58,5,38" hai1="48,36,6,7,62,73,75,35,123,87,2,116,94" hai2="1,93,40,43,132,91,85,79,71,124,112,24,18" hai3="129,102,80,96,46,14,104,117,27,78,13,128,103"/><T98/><D109/><U74/><E36/><V19/><F1/><W9/><G117/><T4/><D4/><U69/><E116/><V33/><F71/><W54/><G103/><T92/><D92/><U97/><E35/><V76/><F112/><W110/><G110/><T22/><D82/><U99/><E87/><V68/><F68/><W135/><G135/><T107/><D107/><U101/><E48/><V53/><F124/><W15/><G27/><T55/><D38/><U130/><E2/><V23/><F33/><W81/><G9/><T111/><D111/><U20/><E20/><N who="2" m="13335" /><F53/><W113/><G113/><T60/><D41/><N who="2" m="15946" /><F132/><W31/><G31/><T108/><D22/><U3/><E3/><V134/><F134/><W0/><G0/><T114/><D114/><U47/><E73/><V52/><F52/><W131/><REACH who="3" step="1"/><G78/><REACH who="3" ten="285,282,215,208" step="2"/><T120/><D108/><U90/><E101/><V57/><F57/><W67/><G67/><T50/><D120/><U17/><E69/><V84/><F84/><W65/><G65/><T100/><REACH who="0" step="1"/><D63/><REACH who="0" ten="275,282,215,208" step="2"/><U86/><E62/><V106/><F106/><W72/><G72/><T25/><D25/><AGARI ba="0,2" hai="19,23,25,76,79,85,91,93" m="15946,13335" machi="25" ten="30,1000,0" yaku="8,1" doraHai="28" who="2" fromWho="0" sc="275,-10,282,0,215,30,208,0" /><INIT seed="5,0,0,5,0,64" ten="265,282,245,208" oya="1" hai0="134,7,42,13,133,94,127,10,0,17,129,20,62" hai1="101,36,83,67,85,58,35,29,103,12,91,14,53" hai2="21,55,50,51,54,111,109,124,19,38,87,88,37" hai3="135,11,107,1,24,5,115,59,49,40,98,77,104"/><U128/><E128/><V69/><F124/><W95/><G115/><T86/><D129/><U72/><E36/><V61/><F21/><W71/><G135/><T78/><D127/><U105/><E72/><V3/><F3/><W56/><G77/><T116/><D116/><U114/><E114/><V31/><F19/><W68/><G24/><T93/><D42/><U43/><E43/><V79/><F31/><W110/><G110/><T75/><D75/><U117/><E117/><V113/><F79/><W32/><G32/><T131/><D131/><U9/><E105/><V99/><F99/><W100/><G59/><T33/><D33/><U125/><E125/><V34/><F34/><W8/><G8/><T81/><REACH who="0" step="1"/><D62/><REACH who="0" ten="255,282,245,208" step="2"/><U76/><E35/><V126/><F61/><W89/><G40/><T57/><D57/><U108/><E58/><V123/><F126/><W26/><G56/><T102/><D102/><U6/><E101/><V44/><F113/><W48/><G107/><T2/><D2/><U119/><E103/><V65/><F111/><W16/><G49/><T4/><D4/><U27/><E6/><V132/><F109/><W52/><G48/><T82/><D82/><U66/><E83/><V70/><F50/><W112/><G112/><T63/><D63/><U84/><E108/><V92/><F51/><W15/><G52/><T41/><D41/><U30/><E53/><V25/><F54/><W121/><G1/><T96/><D96/><U90/><E119/><V47/><F55/><W130/><G130/><T73/><D73/><U39/><E39/><V22/><F38/><RYUUKYOKU ba="0,1" sc="255,30,282,-10,245,-10,208,-10" hai0="0,7,10,13,17,20,78,81,86,93,94,133,134" /><INIT seed="6,1,1,5,0,5" ten="285,272,235,198" oya="2" hai0="86,15,85,51,78,64,48,2,0,95,132,76,112" hai1="35,61,119,53,135,38,52,39,102,98,111,13,116" hai2="87,127,33,45,129,42,19,60,70,9,99,105,27" hai3="69,117,83,123,67,134,40,56,93,94,59,72,101"/><V6/><F129/><W58/><G117/><T92/><D15/><U77/><E111/><V34/><F127/><W81/><G123/><T4/><D4/><U7/><E35/><V50/><F19/><W17/><G134/><T124/><D64/><U37/><E77/><V114/><F114/><W96/><G69/><T63/><D63/><U100/><E135/><V55/><F87/><W8/><G67/><T121/><D132/><U89/><E89/><V16/><F70/><W57/><N who="3" m="14336" /><DORA hai="110" /><W68/><G68/><T84/><D84/><U12/><E61/><V125/><F55/><N who="1" m="21065" /><E98/><V11/><F60/><W113/><G113/><T120/><D124/><U21/><E21/><V128/><F128/><W23/><G40/><T29/><D29/><U18/><E18/><V90/><F6/><W103/><G72/><T65/><D65/><U91/><E91/><V24/><F125/><W20/><G103/><N who="1" m="39466" /><E7/><V22/><F105/><W32/><G32/><T115/><AGARI ba="1,1" hai="0,2,48,51,76,78,85,86,92,95,112,115,120,121" machi="115" ten="25,8000,1" yaku="0,1,22,2,52,2" doraHai="5,110" who="0" fromWho="0" sc="285,93,272,-21,235,-41,198,-21" /><INIT seed="7,0,0,1,4,2" ten="378,251,194,177" oya="3" hai0="57,38,71,3,18,118,90,46,73,104,89,45,94" hai1="50,41,33,39,58,107,17,93,69,32,109,108,97" hai2="86,134,113,5,23,133,49,95,127,92,67,131,11" hai3="37,66,53,4,21,51,91,120,63,29,13,99,116"/><W8/><G116/><T103/><D71/><U31/><E93/><V24/><F113/><W42/><G120/><T130/><D3/><U34/><E58/><V40/><F131/><W56/><G37/><T70/><D70/><U48/><E50/><V72/><F72/><W55/><G42/><T83/><D104/><U26/><E17/><V82/><F127/><W59/><G66/><T60/><D130/><U84/><E84/><V25/><F67/><W126/><G126/><T75/><D75/><U10/><E10/><V1/><F24/><N who="3" m="16527" /><G99/><T128/><D73/><U100/><E48/><V117/><F117/><W68/><G68/><T101/><D128/><U14/><E14/><V80/><F49/><W129/><G129/><T36/><D36/><U0/><E0/><V30/><F40/><W15/><G15/><T102/><D38/><U43/><E43/><V9/><F9/><W79/><G91/><T52/><D118/><U112/><E69/><V132/><F82/><W12/><G12/><T7/><D83/><U98/><E98/><V74/><F74/><W77/><AGARI ba="0,0" hai="4,8,13,51,53,55,56,59,63,77,79" m="16527" machi="77" ten="30,3000,0" yaku="8,1,52,1" doraHai="2" who="3" fromWho="3" sc="378,-10,251,-10,194,-10,177,30" /><INIT seed="7,1,0,3,3,90" ten="368,241,184,207" oya="3" hai0="111,91,0,31,23,59,63,115,55,87,14,54,19" hai1="77,74,70,67,4,84,116,95,110,104,11,125,135" hai2="45,49,21,129,16,2,17,120,134,82,24,56,39" hai3="132,124,99,27,80,36,79,9,37,51,60,29,123"/><W46/><G123/><T122/><D111/><U61/><E110/><V118/><F118/><W62/><G132/><T12/><D0/><U81/><E125/><V34/><F2/><W3/><G124/><T35/><D122/><U97/><E135/><V66/><F120/><W131/><G131/><T33/><D115/><U76/><E116/><V40/><F134/><W108/><G108/><T26/><D12/><U58/><E70/><V25/><F129/><W106/><G106/><T15/><D15/><U109/><E109/><V43/><F34/><W32/><G99/><T41/><D41/><U103/><E76/><V128/><F128/><W30/><G30/><T105/><D105/><U92/><E74/><V47/><F82/><W68/><G68/><T71/><D71/><U126/><E126/><V73/><F73/><W114/><G114/><T50/><D50/><U7/><E7/><V113/><F113/><W78/><G78/><T88/><D91/><U98/><E98/><V133/><F133/><W107/><G107/><T53/><D35/><U100/><E100/><V1/><F1/><AGARI ba="1,0" hai="1,4,11,58,61,67,77,81,84,92,95,97,103,104" machi="1" ten="30,3900,0" yaku="7,1,52,2" doraHai="90" who="1" fromWho="2" sc="368,0,241,42,184,-42,207,0" owari="368,46.8,283,8.3,142,-35.8,207,-19.3" /></mjloggm>