<mjloggm ver="2.3"><GO type="169" lobby="0"/><UN n0="%70%6F%72%66%65%76%72%65" n1="%56%65%72%69%74%61%73" n2="%E3%83%AD%E3%83%99%E3%83%AB%E3%82%BF%E3%81%95%E3%82%93%EF%BC%A0" n3="%31%74%61" dan="16,16,16,17" rate="2135.97,2078.58,2144.60,2238.54" sx="M,M,F,M"/><TAIKYOKU oya="0"/><INIT seed="0,0,0,4,3,87" ten="250,250,250,250" oya="0" hai0="37,38,63,42,71,118,50,75,69,88,117,100,78" hai1="89,54,81,67,66,60,41,134,40,121,93,48,61" hai2="94,104,47,7,64,27,44,80,86,103,56,120,123" hai3="52,114,46,124,19,17,128,111,34,6,8,130,62"/><T26/><D100/><U105/><E121/><V31/><F104/><W102/><G114/><T59/><D75/><U58/><E105/><V106/><F7/><W11/><G34/><T68/><D78/><U33/><E33/><V91/><F106/><W133/><G102/><T29/><D26/><U135/><E81/><V97/><F123/><W109/><G124/><T51/><D29/><U36/><E93/><V49/><F120/><W126/><G126/><T5/><D5/><U125/><E125/><V35/><F49/><N who="0" m="18442" /><D88/><U77/><E89/><V4/><F4/><W92/><G92/><T23/><D23/><U79/><E79/><V115/><F115/><W65/><G6/><T76/><D76/><U85/><E85/><V57/><F57/><W14/><G14/><T15/><D15/><U107/><E77/><V108/><F35/><W9/><G17/><T2/><D2/><U129/><E107/><V25/><F25/><W95/><G95/><T18/><D18/><U110/><E110/><V96/><F96/><W83/><G19/><T1/><D1/><U0/><E0/><V73/><F108/><W16/><G16/><T24/><D24/><U53/><E129/><V13/><F13/><W90/><G130/><T43/><D118/><U82/><E82/><V45/><F73/><W99/><G83/><T98/><D98/><U122/><E122/><V72/><F72/><W131/><G111/><T70/><N who="0" m="17408" /><DORA hai="10" /><T20/><D20/><U21/><E21/><V113/><F113/><W84/><G109/><T101/><D117/><U74/><E74/><V132/><F27/><RYUUKYOKU ba="0,0" sc="250,0,250,0,250,0,250,0" /><INIT seed="1,1,0,2,0,80" ten="250,250,250,250" oya="1" hai0="115,72,76,31,21,26,24,66,60,87,63,117,93" hai1="58,78,34,104,97,79,127,68,30,95,70,13,89" hai2="32,62,106,107,52,22,132,125,90,20,29,47,85" hai3="131,123,40,8,94,38,91,75,67,15,45,14,108"/><U1/><E1/><V42/><F132/><W116/><G123/><T121/><D115/><U112/><E112/><V3/><F125/><W12/><G75/><T9/><D121/><U57/><E127/><V96/><F3/><W37/><G108/><T23/><D117/><U33/><E104/><V53/><F32/><W65/><G116/><T2/><D72/><U114/><E114/><V16/><F22/><W81/><G131/><T28/><D66/><U126/><E126/><V135/><F29/><W77/><G38/><T102/><D102/><U55/><E13/><V82/><F135/><W129/><G129/><T51/><D51/><U64/><E64/><V36/><F62/><W10/><G81/><T105/><D105/><U11/><E11/><V27/><REACH who="2" step="1"/><F107/><REACH who="2" ten="250,250,240,250" step="2"/><W74/><G8/><T0/><D0/><U39/><E30/><V99/><F99/><W43/><G10/><T133/><D133/><U119/><E34/><V113/><F113/><W83/><REACH who="3" step="1"/><G43/><REACH who="3" ten="250,250,240,240" step="2"/><T111/><D9/><U17/><E119/><V50/><F50/><W122/><G122/><T130/><D2/><U4/><E39/><V35/><F35/><W109/><G109/><T44/><D111/><U92/><E33/><V59/><F59/><W7/><G7/><T98/><D130/><U134/><E4/><V118/><F118/><W25/><G25/><T41/><D41/><U61/><E58/><V84/><F84/><AGARI ba="1,2" hai="12,14,15,37,40,45,65,67,74,77,83,84,91,94" machi="84" ten="40,5200,0" yaku="1,1,52,1,53,1" doraHai="80" doraHaiUra="88" who="3" fromWho="2" sc="250,0,250,0,240,-55,240,75" /><INIT seed="2,0,0,2,2,73" ten="250,250,185,315" oya="2" hai0="53,35,46,62,40,3,37,130,28,0,81,63,95" hai1="133,105,52,19,100,93,11,20,29,131,58,107,1" hai2="9,51,89,8,82,24,119,90,94,135,68,22,70" hai3="128,104,6,42,115,111,96,118,74,121,23,78,80"/><V36/><F135/><W117/><G6/><T75/><D130/><U4/><E131/><V97/><F36/><W27/><G128/><T120/><D120/><U56/><E133/><V83/><F119/><W84/><G121/><T125/><D125/><U64/><E29/><V16/><F70/><W67/><G111/><T77/><D95/><U17/><E93/><V114/><F68/><W91/><G42/><T54/><D63/><U102/><E64/><V33/><F33/><W59/><G115/><T44/><D54/><U10/><E20/><V45/><F114/><W60/><G104/><T69/><D46/><U112/><E4/><V12/><F89/><W41/><G41/><T18/><D18/><U43/><E43/><N who="2" m="25023" /><F8/><W13/><G96/><T87/><D87/><U99/><E112/><V134/><F134/><W103/><G103/><T124/><D124/><U65/><E65/><V55/><F55/><W127/><G127/><T47/><D47/><U88/><E99/><V106/><F106/><W86/><G118/><T31/><D53/><U50/><E50/><V110/><F110/><W15/><G74/><T2/><REACH who="0" step="1"/><D35/><REACH who="0" ten="240,250,185,315" step="2"/><U14/><E52/><V21/><F21/><W108/><G108/><T72/><D72/><U109/><E109/><V38/><F38/><W85/><G117/><T113/><D113/><U116/><E116/><V39/><F39/><W34/><G34/><T25/><D25/><U129/><E129/><V57/><F57/><W61/><G59/><T26/><D26/><U71/><E56/><V98/><F98/><W7/><G27/><T79/><D79/><RYUUKYOKU ba="0,1" sc="240,15,250,-15,185,15,315,-15" hai0="0,2,3,28,31,37,40,44,62,69,75,77,81" hai2="9,12,16,22,24,82,83,90,94,97" /><INIT seed="2,1,1,5,4,130" ten="255,235,200,300" oya="2" hai0="61,53,52,103,4,28,125,38,86,11,41,45,128" hai1="82,1,134,51,55,93,116,3,133,90,120,127,99" hai2="105,54,131,35,102,14,65,70,96,111,25,107,69" hai3="21,7,47,88,100,75,46,26,50,71,95,22,58"/><V122/><F131/><W40/><G71/><T74/><D128/><U12/><E116/><V20/><F122/><W101/><G75/><T132/><D125/><U32/><E32/><V36/><F107/><W92/><G7/><T18/><D74/><U8/><E127/><V115/><F115/><W37/><G58/><T113/><D113/><U19/><E120/><V17/><F36/><W135/><G135/><N who="1" m="51722" /><E82/><V80/><F111/><W123/><G22/><T85/><D132/><U94/><E94/><V87/><F65/><W49/><G37/><T13/><D103/><U98/><E98/><V30/><REACH who="2" step="1"/><F54/><REACH who="2" ten="255,235,190,300" step="2"/><N who="3" m="30007" /><G123/><T124/><D53/><U114/><E114/><V2/><F2/><W119/><G119/><T9/><D52/><U57/><AGARI ba="1,2" hai="1,3,8,12,19,51,55,57,90,93,99" m="51722" machi="57" ten="30,7900,0" yaku="20,1,52,3" doraHai="130" who="1" fromWho="1" sc="255,-21,235,102,190,-40,300,-21" /><INIT seed="3,0,0,0,5,135" ten="234,337,150,279" oya="3" hai0="132,12,64,102,55,41,58,103,6,96,22,48,3" hai1="76,97,1,2,75,134,120,71,115,40,46,4,16" hai2="108,84,119,19,38,106,0,37,85,54,122,113,118" hai3="18,31,61,129,21,130,111,81,83,100,86,88,24"/><W87/><G100/><T112/><D132/><U36/><E120/><V23/><F0/><W91/><G111/><T95/><D112/><U77/><E134/><V25/><F106/><W72/><G72/><T93/><D3/><U114/><E76/><V107/><F107/><W13/><REACH who="3" step="1"/><G61/><REACH who="3" ten="234,337,150,269" step="2"/><T125/><D103/><U59/><E75/><V89/><F108/><W74/><G74/><T68/><D102/><U80/><E114/><V99/><F113/><W20/><AGARI ba="0,1" hai="13,18,20,21,24,31,81,83,86,87,88,91,129,130" machi="20" ten="30,12000,1" yaku="1,1,0,1,9,1,54,1,53,1" doraHai="135" doraHaiUra="11" who="3" fromWho="3" sc="234,-40,337,-40,150,-40,269,130" /><INIT seed="3,1,0,3,3,113" ten="194,297,110,399" oya="3" hai0="25,95,76,116,17,31,96,61,115,65,87,40,29" hai1="22,117,36,8,18,59,49,57,68,125,123,127,89" hai2="33,98,35,24,46,77,48,42,2,37,99,72,114" hai3="79,124,101,21,82,128,103,50,71,13,70,9,67"/><W84/><G128/><T111/><D115/><U107/><E123/><V1/><F114/><W83/><G124/><N who="1" m="47690" /><E36/><V7/><F48/><W3/><G3/><T39/><D111/><U130/><E68/><V102/><F99/><W11/><G21/><T4/><D4/><U86/><E107/><N who="2" m="63959" /><F24/><W119/><G50/><T5/><D5/><U92/><E130/><V63/><F63/><W0/><G13/><T62/><D61/><U122/><E122/><V27/><F27/><W91/><G91/><T44/><D17/><U80/><E8/><N who="2" m="2159" /><F2/><W38/><G0/><T106/><D106/><U14/><E49/><V109/><F109/><W58/><G38/><T19/><D19/><U121/><E121/><V6/><F6/><W104/><G104/><T110/><D110/><U10/><E10/><V105/><F105/><W12/><G9/><T75/><D25/><U55/><E55/><V73/><F77/><W132/><G12/><T112/><D39/><U134/><E92/><V28/><F28/><W45/><G11/><T53/><D29/><U90/><E90/><V60/><F60/><W56/><G71/><T78/><D31/><U69/><E69/><V47/><F47/><W93/><G45/><T85/><D53/><U54/><E54/><V74/><AGARI ba="1,0" hai="33,35,37,42,46,72,73,74" m="2159,63959" machi="74" ten="30,2000,0" yaku="33,2" doraHai="113" who="2" fromWho="2" sc="194,-6,297,-6,110,23,399,-11" /><INIT seed="4,0,0,3,5,10" ten="188,291,133,388" oya="0" hai0="84,7,88,30,19,110,91,89,86,106,39,4,114" hai1="25,6,24,51,82,111,35,37,99,124,115,22,2" hai2="34,31,90,78,113,119,80,108,54,117,52,46,62" hai3="134,5,42,73,97,121,11,128,87,56,109,59,40"/><T61/><D39/><U92/><E111/><V32/><F108/><W36/><G73/><T1/><D106/><U44/><E37/><V48/><F113/><W131/><G109/><T45/><D114/><U83/><E115/><V77/><F90/><W53/><G134/><T57/><D110/><U58/><E124/><V20/><F77/><W8/><G97/><T120/><D120/><U126/><E126/><V15/><F62/><W60/><G121/><T29/><D19/><U98/><E98/><V72/><F54/><W127/><G127/><T107/><D45/><U74/><E58/><V81/><F81/><W79/><G59/><T13/><D1/><U9/><E35/><V133/><F133/><W122/><G8/><N who="0" m="4231" /><D7/><U135/><E135/><V76/><F76/><W16/><G36/><T63/><D63/><U50/><E74/><V28/><F28/><N who="0" m="10858" /><D107/><U64/><E64/><AGARI ba="0,0" hai="57,61,64,84,86,88,89,91" m="10858,4231" machi="64" ten="30,5800,0" yaku="8,1,52,1,54,1" doraHai="10" who="0" fromWho="1" sc="188,58,291,-58,133,0,388,0" /><INIT seed="4,1,0,2,5,49" ten="246,233,133,388" oya="0" hai0="43,70,37,9,89,27,110,2,8,32,35,29,67" hai1="55,114,100,56,23,1,14,38,15,105,115,17,0" hai2="60,42,21,80,39,20,69,125,103,122,5,112,84" hai3="85,26,130,87,63,134,135,92,18,10,73,91,113"/><T61/><D110/><U83/><E38/><V99/><F112/><N who="1" m="43049" /><E83/><V133/><F133/><N who="3" m="50699" /><G73/><T98/><D35/><U24/><E100/><V129/><F129/><W28/><G113/><T102/><D89/><U59/><E59/><V34/><F34/><N who="3" m="20759" /><G63/><T78/><D78/><U97/><E97/><V82/><F82/><W121/><G130/><T13/><D2/><N who="1" m="1131" /><E105/><V106/><F122/><W50/><G50/><AGARI ba="1,0" hai="14,15,17,23,24,50,55,56" m="1131,43049" machi="50" ten="30,3900,0" yaku="15,1,11,1,52,1" doraHai="49" who="1" fromWho="3" sc="246,0,233,42,133,0,388,-42" /><INIT seed="5,0,0,4,2,119" ten="246,275,133,346" oya="1" hai0="36,110,47,25,2,131,88,60,108,134,44,30,124" hai1="43,38,26,100,89,34,116,98,3,28,120,52,11" hai2="72,128,32,22,90,86,71,104,109,54,31,66,92" hai3="56,80,94,5,8,82,67,79,111,115,23,75,95"/><U102/><E116/><V77/><F128/><W81/><G111/><T14/><D2/><U33/><E33/><V99/><F109/><W129/><G129/><T84/><D131/><U49/><E38/><V83/><F22/><W55/><G67/><T96/><D124/><U78/><E43/><V127/><F127/><W45/><G45/><T113/><D134/><U13/><E78/><V87/><F87/><W74/><G23/><T57/><D113/><U135/><E135/><V50/><F66/><W93/><G115/><T58/><D58/><U122/><E3/><V61/><F61/><W7/><G79/><T15/><D96/><U12/><E89/><V121/><F71/><W17/><G17/><T69/><D69/><U48/><E48/><V9/><F9/><W68/><G68/><T0/><D0/><U130/><E130/><V106/><F106/><W35/><G35/><T6/><D6/><U101/><E98/><V103/><F32/><W53/><G56/><T125/><D125/><U65/><E65/><V126/><F31/><W76/><G8/><T10/><D10/><U1/><E1/><V123/><F126/><W112/><G76/><T51/><D36/><U105/><E105/><V70/><F70/><W117/><G117/><T85/><D110/><U97/><E97/><V21/><F21/><W4/><G112/><T41/><D84/><U40/><E40/><V20/><F20/><W62/><G62/><T132/><D132/><U91/><E91/><V73/><F73/><AGARI ba="0,0" hai="4,5,7,53,55,73,74,75,80,81,82,93,94,95" machi="73" ten="50,8000,1" yaku="29,2,28,2" doraHai="119" who="3" fromWho="2" sc="246,0,275,0,133,-80,346,80" /><INIT seed="6,0,0,3,1,104" ten="246,275,53,426" oya="2" hai0="97,25,69,17,73,89,64,85,10,59,68,11,33" hai1="35,52,116,12,44,129,39,53,83,70,106,79,118" hai2="127,81,27,20,14,119,16,93,6,36,26,38,105" hai3="102,103,128,77,57,133,131,9,82,42,112,46,63"/><V24/><F105/><W99/><G112/><T78/><D97/><U110/><E110/><V126/><F119/><W54/><G9/><T40/><D40/><U19/><E35/><V18/><F6/><W123/><G133/><T96/><D96/><U56/><E70/><V76/><F93/><W94/><G123/><T115/><D115/><U75/><E106/><V34/><F34/><W91/><G77/><T108/><D108/><U98/><E98/><V109/><F18/><W84/><REACH who="3" step="1"/><G103/><REACH who="3" ten="246,275,53,416" step="2"/><T48/><D78/><U71/><E129/><V87/><REACH who="2" step="1"/><F109/><REACH who="2" ten="246,275,43,416" step="2"/><W101/><G101/><T5/><D33/><U95/><E116/><V49/><F49/><AGARI ba="0,2" hai="42,46,49,54,57,63,82,84,91,94,99,102,128,131" machi="49" ten="40,2600,0" yaku="1,1,53,1" doraHai="104" doraHaiUra="92" who="3" fromWho="2" sc="246,0,275,0,43,-26,416,46" /><INIT seed="7,0,0,1,0,121" ten="246,275,17,462" oya="3" hai0="63,95,38,28,20,40,85,36,66,71,72,135,65" hai1="10,42,14,117,47,16,104,132,4,78,75,57,74" hai2="1,122,115,56,43,45,62,12,35,90,30,3,84" hai3="34,21,88,6,59,124,5,126,50,102,67,113,76"/><W82/><G34/><T103/><D72/><U107/><E132/><V32/><F115/><W52/><G102/><T31/><D135/><U53/><E117/><V128/><F122/><W23/><G88/><T87/><D103/><U131/><E131/><V39/><F128/><W92/><G92/><T24/><D31/><U44/><E75/><V33/><F30/><W51/><G67/><T37/><D40/><U58/><E44/><V109/><F12/><W119/><G119/><T19/><D95/><U112/><E112/><V68/><F56/><W7/><G51/><T61/><REACH who="0" step="1"/><D28/><REACH who="0" ten="236,275,17,462" step="2"/><U134/><E134/><V73/><F73/><N who="3" m="43279" /><G113/><T25/><D25/><U80/><E104/><V54/><F54/><W70/><G52/><T106/><D106/><U116/><E107/><V105/><F105/><W49/><G126/><T18/><D18/><U26/><E116/><V99/><F99/><W97/><G97/><T86/><D86/><U110/><E53/><V29/><F29/><W64/><G124/><T2/><D2/><U125/><E125/><V41/><F41/><W130/><G130/><T55/><D55/><U11/><E42/><V101/><F101/><W83/><G5/><T60/><D60/><U100/><E100/><V48/><F48/><W27/><G6/><T0/><D0/><N who="1" m="263" /><E26/><V118/><F118/><W129/><G27/><T13/><D13/><U94/><E94/><V81/><F62/><W15/><G129/><T22/><D22/><U123/><E123/><V17/><F17/><W9/><G23/><T108/><D108/><U89/><E110/><V91/><F109/><RYUUKYOKU ba="0,1" sc="236,30,275,-10,17,-10,462,-10" hai0="19,20,24,36,37,38,61,63,65,66,71,85,87" owari="266,6.6,265,-13.5,7,-49.3,462,56.2" /></mjloggm>