<mjloggm ver="2.3"><GO type="169" lobby="0"/><UN n0="%E3%81%8B%E3%82%81%E3%81%98%E3%82%8D%E3%81%86" n1="%E3%81%B1%E3%82%93%E3%81%AA%E3%81%93%E3%81%BE%E3%81%A3%E3%81%9F" n2="%68%69%72%6F%30%33%30%39" n3="%E6%81%8B%E3%81%AE%E3%81%86%E3%81%9F" dan="16,17,16,17" rate="2145.66,2241.63,2073.49,2249.99" sx="M,M,M,M"/><TAIKYOKU oya="0"/><INIT seed="0,0,0,5,0,131" ten="250,250,250,250" oya="0" hai0="85,63,121,13,81,4,52,114,115,57,43,28,12" hai1="50,61,64,80,70,103,95,15,96,6,117,109,21" hai2="40,134,88,17,30,69,25,113,32,53,112,125,62" hai3="132,3,128,86,77,20,65,55,31,101,2,16,111"/><T42/><D121/><U87/><E117/><V93/><F125/><W9/><G65/><T59/><D28/><U130/><E109/><V82/><F40/><N who="0" m="15402" /><D115/><U19/><E130/><V47/><F82/><W37/><G111/><T84/><D114/><U7/><REACH who="1" step="1"/><E50/><REACH who="1" ten="250,240,250,250" step="2"/><V90/><F112/><W8/><G128/><T78/><D4/><U48/><E48/><V39/><F113/><W135/><G37/><T110/><D110/><U29/><E29/><V1/><F30/><W127/><G31/><T46/><D46/><U122/><E122/><V83/><F47/><W36/><G127/><T23/><D23/><U99/><E99/><V38/><F39/><W54/><G20/><T51/><D84/><U91/><AGARI ba="0,1" hai="6,7,15,19,21,61,64,70,80,87,91,95,96,103" machi="91" ten="20,2700,0" yaku="1,1,0,1,7,1,53,0" doraHai="131" doraHaiUra="68" who="1" fromWho="1" sc="250,-13,240,37,250,-7,250,-7" /><INIT seed="1,0,0,4,2,90" ten="237,277,243,243" oya="1" hai0="109,72,89,88,68,24,135,0,86,118,103,31,113" hai1="122,3,42,132,36,74,54,129,121,13,20,112,99" hai2="78,48,128,44,25,123,60,114,63,126,56,130,47" hai3="97,124,108,19,102,111,46,21,53,50,92,5,87"/><U76/><E3/><V120/><F78/><W43/><G124/><T39/><D113/><U95/><E112/><V100/><F100/><W69/><G69/><T58/><D118/><U37/><E129/><N who="2" m="49771" /><F114/><W115/><G5/><T119/><D119/><U62/><E132/><V51/><F25/><W110/><G115/><T75/><D68/><U2/><E2/><V131/><N who="2" m="49779" /><V33/><DORA hai="101" /><F33/><W73/><G87/><T61/><D39/><U134/><E134/><V93/><F126/><W41/><REACH who="3" step="1"/><G73/><REACH who="3" ten="237,277,243,233" step="2"/><T127/><D127/><U104/><E74/><V133/><F133/><W106/><G106/><T82/><D135/><U116/><E104/><V15/><F120/><W10/><G10/><T70/><D70/><U22/><E116/><V105/><F123/><W29/><G29/><T27/><D75/><U66/><E122/><V84/><F105/><W94/><G94/><T59/><D72/><U6/><E121/><V16/><F93/><W55/><G55/><T38/><D31/><U85/><E54/><N who="2" m="31815" /><F84/><W77/><G77/><T45/><D86/><U125/><E85/><V4/><F4/><W11/><G11/><T57/><D82/><U8/><E76/><V18/><F47/><W79/><G79/><T23/><D45/><U9/><E125/><V1/><F44/><W40/><G40/><T26/><D61/><U17/><E42/><V96/><F60/><W91/><G91/><T98/><D89/><U28/><E9/><V12/><F63/><W32/><G32/><T67/><D88/><U71/><E6/><V14/><F14/><AGARI ba="0,1" hai="14,19,21,41,43,46,50,53,92,97,102,108,110,111" machi="14" ten="40,5200,0" yaku="1,1,14,1,52,1,53,0" doraHai="90,101" doraHaiUra="30,83" who="3" fromWho="2" sc="237,0,277,0,243,-52,233,62" /><INIT seed="2,0,0,5,3,39" ten="237,277,191,295" oya="2" hai0="56,41,108,10,131,128,116,6,29,19,107,115,133" hai1="125,84,87,99,36,22,3,40,28,64,43,94,62" hai2="113,129,30,9,127,112,72,66,4,7,12,111,32" hai3="123,54,135,67,79,14,121,126,20,93,110,120,16"/><V26/><F72/><W35/><G67/><T132/><D107/><U102/><E3/><V69/><F66/><W77/><G35/><T57/><D115/><N who="2" m="44106" /><F69/><W105/><G105/><T98/><D98/><U91/><E125/><V11/><F129/><N who="0" m="49738" /><D29/><U81/><E36/><V68/><F68/><W23/><G126/><T104/><D104/><U71/><REACH who="1" step="1"/><E87/><REACH who="1" ten="237,267,191,295" step="2"/><V8/><F127/><W15/><G123/><T33/><D116/><U85/><E85/><V34/><F111/><W51/><G110/><T52/><D108/><U47/><E47/><V101/><F101/><W97/><G121/><T80/><D132/><U1/><E1/><N who="2" m="15" /><F9/><W88/><G135/><T31/><D133/><U17/><E17/><V25/><F30/><W37/><G37/><T89/><D19/><U46/><E46/><V109/><F109/><W119/><G120/><T74/><D74/><U59/><E59/><V53/><F53/><W44/><G119/><T103/><D103/><U2/><E2/><V96/><F96/><W58/><G58/><T117/><D117/><U78/><E78/><V86/><F86/><W100/><G100/><T70/><D70/><U76/><E76/><V63/><F63/><W118/><G118/><T122/><D122/><U83/><E83/><V5/><F7/><W90/><G90/><T95/><D80/><U50/><E50/><V65/><F65/><W75/><G75/><T114/><D114/><U21/><E21/><V0/><F0/><W27/><G20/><T48/><D57/><U92/><E92/><V24/><AGARI ba="0,1" hai="5,11,12,24,25,26,32,34" m="15,44106" machi="24" ten="30,3000,0" yaku="34,2" doraHai="39" who="2" fromWho="2" sc="237,-10,267,-10,191,40,295,-10" /><INIT seed="2,1,0,1,3,80" ten="227,257,231,285" oya="2" hai0="33,17,2,88,40,100,125,71,103,66,116,34,97" hai1="59,108,93,77,106,98,73,8,134,11,111,124,48" hai2="84,69,25,112,44,22,26,74,82,110,63,27,87" hai3="61,62,90,3,120,85,114,127,81,135,70,12,4"/><V28/><F112/><W57/><G120/><T94/><D2/><U0/><E106/><V83/><F74/><W52/><G3/><T118/><D40/><U43/><E124/><V86/><F110/><N who="1" m="42025" /><E134/><V130/><F130/><W42/><G135/><T53/><D125/><U50/><E0/><V13/><F44/><W55/><G127/><T30/><D17/><U23/><E23/><V119/><F119/><N who="0" m="45610" /><D53/><N who="1" m="32167" /><E73/><V60/><F69/><W9/><G114/><T72/><D72/><U91/><E77/><V38/><F38/><W126/><G126/><T132/><D132/><U64/><E64/><V89/><F89/><W19/><G42/><T123/><D123/><U54/><E43/><V128/><F128/><W65/><REACH who="3" step="1"/><G55/><REACH who="3" ten="227,257,231,275" step="2"/><T131/><D131/><U1/><E1/><V18/><F28/><W79/><G79/><T92/><D30/><U105/><E105/><V49/><F49/><W29/><G29/><T32/><D94/><U10/><E54/><V113/><F113/><W109/><G109/><T78/><D78/><U107/><E107/><V14/><F14/><W67/><G67/><T68/><D66/><U20/><E50/><V115/><F115/><W46/><G46/><T95/><D95/><U104/><E104/><V99/><F99/><W36/><G36/><T16/><D71/><U7/><E93/><V39/><F39/><W121/><G121/><T37/><D68/><U31/><E98/><V45/><F45/><W102/><G102/><N who="0" m="38955" /><D37/><U56/><E56/><V6/><F63/><W96/><G96/><T35/><N who="0" m="8192" /><DORA hai="76" /><T51/><D51/><U75/><E31/><RYUUKYOKU ba="1,1" sc="227,15,257,-15,231,-15,275,15" hai0="16,88,92,97" hai3="4,9,12,19,52,57,61,62,65,70,81,85,90" /><INIT seed="3,2,1,5,3,41" ten="242,242,216,290" oya="3" hai0="56,23,0,22,85,53,24,103,107,12,73,39,38" hai1="55,129,123,83,112,128,79,122,63,117,93,16,97" hai2="50,13,101,69,35,133,45,43,32,65,52,81,92" hai3="28,100,126,113,125,59,9,118,4,78,124,80,8"/><W60/><G113/><T29/><D73/><U108/><E63/><V75/><F133/><W40/><G118/><T31/><D0/><U21/><E55/><V96/><F69/><W88/><G100/><T30/><D107/><U1/><E1/><V37/><F65/><W72/><G28/><N who="0" m="17431" /><D38/><U67/><E67/><V70/><F70/><W68/><G68/><T48/><D39/><U14/><E112/><V102/><F102/><W84/><G40/><T46/><D103/><N who="1" m="60847" /><E117/><V25/><F13/><W127/><N who="3" m="31744" /><DORA hai="2" /><W116/><G4/><T89/><D12/><U130/><E108/><V82/><F75/><AGARI ba="2,1" hai="14,16,21,75,79,83,122,123,128,129,130" m="60847" machi="75" ten="30,2000,0" yaku="19,1,54,1" doraHai="41,2" who="1" fromWho="2" sc="242,0,242,36,216,-26,290,0" /><INIT seed="4,0,0,0,3,67" ten="242,278,190,290" oya="0" hai0="43,68,125,71,90,134,118,2,99,13,115,73,7" hai1="107,36,10,44,15,82,58,79,113,92,66,6,5" hai2="28,37,116,104,131,130,41,126,24,72,33,22,61" hai3="32,48,20,54,114,121,4,81,101,47,86,98,87"/><T109/><D118/><U112/><E107/><V120/><F72/><W117/><G32/><T84/><D73/><U85/><E92/><V95/><F104/><W96/><G114/><N who="1" m="44138" /><E36/><V38/><F120/><W9/><G121/><T3/><D115/><U60/><E44/><V108/><F108/><W76/><G117/><T14/><D43/><U128/><E128/><N who="2" m="49195" /><F116/><W26/><G86/><T123/><D123/><U62/><E62/><V91/><F126/><W75/><G101/><T64/><D99/><U27/><E27/><N who="2" m="18591" /><F61/><W127/><G127/><T19/><D125/><U23/><E23/><V102/><F102/><W35/><G35/><T103/><D103/><U53/><E53/><V129/><N who="2" m="49203" /><V65/><DORA hai="40" /><F65/><W55/><G55/><T124/><D124/><U0/><E0/><V8/><F8/><W93/><G75/><T89/><D64/><U69/><E58/><V80/><F80/><W39/><G93/><T135/><D84/><U51/><E51/><V119/><F119/><W70/><G39/><T46/><D109/><U18/><AGARI ba="0,0" hai="5,6,10,15,18,60,66,69,79,82,85" m="44138" machi="18" ten="30,4000,0" yaku="15,1,11,1,52,1" doraHai="67,40" who="1" fromWho="1" sc="242,-20,278,40,190,-10,290,-10" /><INIT seed="5,0,0,0,2,106" ten="222,318,180,280" oya="1" hai0="114,126,50,86,29,58,79,116,108,39,113,88,129" hai1="49,62,24,26,78,135,30,44,20,19,122,115,121" hai2="18,10,133,69,81,37,97,61,56,42,132,43,36" hai3="65,110,59,68,35,4,1,32,63,87,11,52,40"/><U134/><E78/><V13/><F69/><W7/><G110/><T47/><D108/><U102/><E102/><V48/><F97/><W33/><G4/><T34/><D116/><U23/><E62/><V75/><F48/><W28/><G40/><T94/><D126/><U117/><E49/><V54/><F42/><W67/><G28/><T51/><D129/><U55/><E55/><V99/><F99/><W15/><G68/><T125/><D125/><U89/><E89/><V104/><F104/><W31/><G31/><T100/><D100/><U109/><E44/><V38/><REACH who="2" step="1"/><F43/><REACH who="2" ten="222,318,170,280" step="2"/><W101/><G101/><T53/><D51/><U85/><E109/><V111/><F111/><W124/><G124/><T17/><D47/><U123/><E117/><V93/><F93/><W127/><G127/><T0/><D94/><U73/><E73/><V82/><F82/><W112/><G87/><T98/><D98/><U21/><E85/><V46/><F46/><W5/><G112/><T103/><D113/><U120/><E115/><V45/><F45/><W2/><REACH who="3" step="1"/><G7/><REACH who="3" ten="222,318,170,270" step="2"/><T77/><D114/><U118/><E118/><V84/><F84/><W14/><G14/><T22/><D86/><U95/><E95/><V130/><F130/><W76/><G76/><AGARI ba="0,2" hai="10,13,18,36,37,38,54,56,61,75,76,81,132,133" machi="76" ten="50,8000,1" yaku="1,1,52,1,53,3" doraHai="106" doraHaiUra="70" who="2" fromWho="3" sc="222,0,318,0,170,100,270,-80" /><INIT seed="6,0,0,0,4,73" ten="222,318,270,190" oya="2" hai0="115,7,56,75,70,109,33,4,97,58,86,1,82" hai1="89,38,84,108,36,103,112,90,57,54,13,110,91" hai2="119,116,42,105,52,65,49,93,19,64,20,63,85" hai3="18,68,27,46,61,53,72,12,15,29,80,132,125"/><V43/><F105/><W28/><G132/><T8/><D109/><U102/><E84/><V76/><F93/><W77/><G125/><T135/><D70/><U2/><E2/><V35/><F35/><W122/><G122/><T131/><D33/><U60/><E112/><V94/><F94/><W87/><G72/><T26/><D115/><U67/><E13/><V40/><F119/><W24/><G12/><T79/><D131/><U133/><E133/><V47/><F116/><W17/><G68/><T130/><D130/><U113/><E113/><V30/><F30/><W121/><G121/><T95/><D7/><U9/><E9/><V99/><F99/><W10/><G18/><T14/><D1/><U44/><E38/><V71/><F64/><W48/><REACH who="3" step="1"/><G61/><REACH who="3" ten="222,318,270,180" step="2"/><T22/><D75/><U124/><E124/><V100/><F19/><W23/><G23/><T50/><D135/><U34/><E60/><V127/><F20/><W31/><AGARI ba="0,1" hai="10,15,17,24,27,28,29,31,46,48,53,77,80,87" machi="31" ten="30,8000,1" yaku="1,1,0,1,8,1,52,1,53,1" doraHai="73" doraHaiUra="83" who="3" fromWho="3" sc="222,-20,318,-20,270,-40,180,90" /><INIT seed="7,0,0,0,3,26" ten="202,298,230,270" oya="3" hai0="131,43,98,111,1,103,129,42,0,21,17,96,18" hai1="59,13,2,114,112,36,23,31,11,16,108,125,89" hai2="46,25,78,38,34,75,29,107,93,106,76,83,15" hai3="3,82,5,62,80,20,94,65,115,104,39,90,63"/><W66/><G104/><T61/><D61/><N who="3" m="23049" /><G3/><N who="0" m="1099" /><D111/><U88/><E108/><V55/><F78/><W121/><G39/><T97/><D103/><U19/><E125/><V47/><F47/><W60/><G115/><N who="1" m="44074" /><E36/><V116/><F116/><W128/><G128/><N who="0" m="49227" /><D21/><U101/><E59/><V45/><F45/><W130/><G130/><T30/><D30/><U109/><E109/><V28/><F93/><W49/><G60/><T14/><D14/><N who="1" m="9623" /><E2/><V73/><F73/><W119/><G65/><T132/><D132/><U124/><E124/><V64/><F64/><W7/><G66/><T37/><D37/><U22/><E101/><V117/><F117/><W87/><G119/><T100/><D100/><U118/><E118/><V120/><F120/><W71/><G121/><T12/><D12/><N who="1" m="9575" /><E31/><V44/><F15/><W24/><G71/><T133/><D133/><U123/><E123/><V32/><F38/><W67/><G67/><T92/><D92/><U84/><E84/><V68/><F68/><W91/><G94/><T79/><D79/><U40/><E40/><AGARI ba="0,0" hai="17,18,40,42,43,96,97,98" m="49227,1099" machi="40" ten="40,5200,0" yaku="28,2,19,1" doraHai="26" who="0" fromWho="1" sc="202,52,298,-52,230,0,270,0" /><INIT seed="8,0,0,4,5,55" ten="254,246,230,270" oya="0" hai0="85,104,123,99,133,94,9,10,6,60,42,92,66" hai1="61,22,125,97,25,41,135,80,27,75,87,16,98" hai2="74,112,54,129,4,81,77,39,89,111,1,83,101" hai3="21,29,130,79,57,90,71,73,100,19,31,103,70"/><T3/><D133/><U49/><E75/><V58/><F39/><W88/><G73/><T17/><D123/><U107/><E135/><V62/><F111/><W76/><G21/><T28/><D28/><U0/><E0/><V40/><F112/><W108/><G57/><T23/><D42/><U91/><E125/><V118/><F40/><W72/><G72/><T134/><D134/><U109/><E109/><V37/><F37/><W36/><G19/><T30/><D30/><U59/><E107/><V131/><F101/><W65/><G65/><T114/><D114/><U115/><E115/><V113/><F113/><W119/><G36/><T120/><D120/><U106/><E106/><V44/><F44/><W67/><G67/><T7/><D85/><U5/><E5/><N who="0" m="1545" /><D104/><U8/><E8/><N who="0" m="3177" /><D99/><U96/><E27/><V63/><F4/><W69/><G69/><T93/><D3/><U14/><E25/><V82/><F1/><W34/><G108/><T86/><D86/><U38/><E38/><V47/><F118/><W53/><G119/><T50/><D50/><U13/><E13/><V45/><F77/><W56/><G79/><T43/><D43/><U48/><E41/><V132/><F74/><W95/><G76/><T26/><D94/><U46/><REACH who="1" step="1"/><E46/><REACH who="1" ten="254,236,230,270" step="2"/><V102/><F132/><W110/><G110/><T64/><D64/><AGARI ba="0,1" hai="14,16,22,48,49,59,61,64,80,87,91,96,97,98" machi="64" ten="40,8000,1" yaku="1,1,2,1,8,1,52,1,54,1,53,0" doraHai="55" doraHaiUra="127" who="1" fromWho="0" sc="254,-80,236,90,230,0,270,0" owari="174,-32.6,326,42.6,230,-17.0,270,7.0" /></mjloggm>