<mjloggm ver="2.3"><GO type="169" lobby="0"/><UN n0="%E6%B2%96%E3%83%92%E3%82%AB%E3%83%AB%EF%BC%88%E6%9C%AC%E7%89%A9%EF%BC%89" n1="%65%2D%6D%61%6E" n2="%E3%82%84%E3%82%89%E3%82%8C%E5%BD%B9" n3="%E5%85%A8%E9%80%9F%E3%82%86%E3%83%BC%E3%81%B8%E3%81%84" dan="17,16,17,18" rate="2125.35,2090.22,2164.83,2187.37" sx="F,M,M,M"/><TAIKYOKU oya="0"/><INIT seed="0,0,0,1,3,103" ten="250,250,250,250" oya="0" hai0="116,84,102,131,123,12,129,59,27,51,14,40,95" hai1="126,35,112,135,92,91,74,97,55,99,89,21,60" hai2="9,100,46,76,82,78,71,70,134,49,33,75,96" hai3="113,72,58,52,5,65,50,90,32,133,6,17,56"/><T110/><D116/><U3/><E35/><V10/><F33/><W11/><G113/><T73/><D73/><U117/><E117/><V38/><F38/><W22/><G32/><T34/><D123/><U31/><E112/><V53/><F134/><W23/><G72/><T41/><D110/><U125/><E3/><V24/><F78/><W69/><G69/><T130/><D59/><N who="1" m="34943" /><E74/><V37/><F37/><W15/><G133/><T28/><D102/><U122/><E122/><V48/><F24/><W94/><G22/><T109/><D109/><U93/><E135/><V68/><REACH who="2" step="1"/><F49/><REACH who="2" ten="250,250,240,250" step="2"/><W121/><G121/><T8/><D51/><U114/><E114/><V0/><F0/><W1/><G5/><N who="0" m="3087" /><D14/><U98/><E126/><V111/><F111/><W119/><G119/><T2/><D2/><U101/><E125/><V44/><F44/><W81/><G65/><T79/><D79/><U128/><E128/><V106/><AGARI ba="0,1" hai="9,10,46,48,53,68,70,71,75,76,82,96,100,106" machi="106" ten="30,4000,0" yaku="1,1,0,1,52,1,53,0" doraHai="103" doraHaiUra="87" who="2" fromWho="2" sc="250,-20,250,-10,240,50,250,-10" /><INIT seed="1,0,0,4,0,4" ten="230,240,290,240" oya="1" hai0="126,77,116,60,39,85,24,73,17,123,104,90,0" hai1="6,121,115,8,125,12,20,32,5,86,37,70,94" hai2="84,102,130,119,108,15,96,95,9,27,1,83,100" hai3="66,93,29,11,69,111,91,26,99,28,80,76,46"/><U132/><E37/><V40/><F119/><W45/><G111/><T117/><D123/><U62/><E121/><V120/><F108/><W103/><G69/><T53/><D39/><U107/><E107/><V88/><F120/><W23/><G66/><T118/><D0/><U50/><E115/><V31/><F130/><W55/><G29/><T7/><D7/><U64/><E32/><V34/><F1/><W110/><G110/><T57/><D104/><U112/><E112/><V2/><F2/><W68/><G68/><T72/><D77/><U35/><E35/><V41/><REACH who="2" step="1"/><F102/><REACH who="2" ten="230,240,280,240" step="2"/><W81/><G103/><T51/><D126/><U92/><E125/><V47/><F47/><W74/><G55/><T18/><D118/><U61/><E132/><V13/><F13/><W58/><G45/><T19/><D117/><U25/><E62/><V101/><F101/><W54/><G46/><T30/><D60/><U75/><E50/><V133/><F133/><W124/><G124/><T59/><D116/><U63/><E63/><V131/><F131/><W87/><G54/><T42/><D42/><U114/><E114/><V98/><F98/><W16/><G58/><T49/><D59/><U127/><E127/><V43/><F43/><W134/><G134/><T22/><REACH who="0" step="1"/><D51/><REACH who="0" ten="220,240,280,240" step="2"/><U129/><E129/><V33/><F33/><W122/><G122/><T128/><D128/><U52/><E61/><V14/><F14/><N who="3" m="7263" /><G74/><T78/><D78/><U3/><E75/><V36/><F36/><W79/><G79/><T38/><D38/><U135/><E135/><V21/><F21/><W97/><G76/><RYUUKYOKU ba="0,2" sc="220,10,240,-30,280,10,240,10" hai0="17,18,19,22,24,30,49,53,57,72,73,85,90" hai2="9,15,27,31,34,40,41,83,84,88,95,96,100" hai3="23,26,28,80,81,87,91,93,97,99" /><INIT seed="2,1,2,1,1,34" ten="230,210,290,250" oya="2" hai0="4,124,101,65,2,92,131,3,130,134,13,64,56" hai1="58,119,105,53,48,46,129,51,83,82,121,115,102" hai2="122,45,9,72,33,57,107,55,50,128,21,135,31" hai3="73,32,47,74,100,61,16,94,39,38,5,91,87"/><V59/><F122/><W120/><G120/><T90/><D101/><U18/><E121/><V132/><F33/><W96/><G32/><T12/><D134/><N who="2" m="51242" /><F107/><W93/><G5/><T71/><D71/><U112/><E119/><V22/><F72/><W85/><G61/><T98/><D124/><U14/><E129/><N who="0" m="49161" /><D56/><N who="2" m="21578" /><F128/><W17/><G47/><T54/><D54/><U19/><E105/><V60/><F60/><W78/><G78/><T52/><D52/><U109/><E102/><V15/><F22/><W35/><G35/><T40/><D40/><U81/><E109/><V42/><F21/><W116/><G116/><T97/><D97/><U86/><E86/><V88/><F88/><W67/><G91/><T41/><D41/><U75/><E75/><V99/><F99/><W0/><G96/><T23/><D23/><U77/><E77/><V10/><F42/><W68/><G100/><T20/><D20/><U24/><E115/><V6/><F31/><W111/><G111/><T27/><D27/><U44/><E112/><V63/><F63/><W89/><G89/><T76/><D76/><U108/><E108/><V123/><F123/><W126/><G68/><T79/><D79/><U11/><E51/><V110/><F110/><W133/><G133/><T69/><D69/><U25/><REACH who="1" step="1"/><E19/><REACH who="1" ten="230,200,290,250" step="2"/><V62/><F62/><W49/><G49/><T28/><D28/><U66/><E66/><N who="0" m="25705" /><D4/><U84/><E84/><V127/><F127/><W30/><G67/><T70/><D70/><U8/><E8/><AGARI ba="1,3" hai="6,8,9,10,15,45,50,55" m="21578,51242" machi="8" ten="30,1500,0" yaku="20,1" doraHai="34" who="2" fromWho="1" sc="230,0,200,-18,290,48,250,0" /><INIT seed="2,2,0,0,3,62" ten="230,182,338,250" oya="2" hai0="4,65,41,10,31,20,46,18,87,40,108,73,43" hai1="17,34,78,51,109,118,94,7,122,92,95,93,16" hai2="121,25,77,81,79,6,132,98,55,47,107,113,13" hai3="83,57,27,42,35,134,127,119,123,28,64,23,97"/><V86/><F113/><W11/><G119/><T50/><D73/><U96/><E118/><V120/><F132/><W99/><G123/><T22/><D108/><U26/><E122/><V37/><F77/><W5/><G127/><T69/><D31/><U56/><E109/><V116/><F116/><W112/><G134/><T54/><D18/><U49/><E7/><V89/><F25/><W24/><G42/><T130/><D130/><U19/><E78/><V126/><F126/><W32/><G83/><T15/><REACH who="0" step="1"/><D87/><REACH who="0" ten="220,182,338,250" step="2"/><U33/><E33/><V85/><F85/><W52/><G112/><T70/><D70/><U91/><REACH who="1" step="1"/><E56/><REACH who="1" ten="220,172,338,250" step="2"/><V8/><F121/><W36/><G35/><T63/><AGARI ba="2,2" hai="4,10,15,20,22,40,41,43,46,50,54,63,65,69" machi="63" ten="30,12000,2" yaku="1,1,0,1,52,1,53,3" doraHai="62" doraHaiUra="39" who="0" fromWho="0" sc="220,146,172,-32,338,-62,250,-32" /><INIT seed="3,0,0,5,3,100" ten="366,140,276,218" oya="3" hai0="120,44,85,22,27,10,125,63,26,62,7,79,14" hai1="3,41,91,98,103,97,76,82,50,107,32,110,23" hai2="0,48,115,119,8,56,66,92,52,28,36,93,19" hai3="40,15,99,96,54,95,39,29,123,18,45,104,108"/><W118/><G118/><T24/><D125/><U25/><E110/><V53/><F115/><W4/><G123/><T6/><D120/><U37/><E37/><V128/><F36/><W5/><G108/><T58/><D7/><U83/><E3/><V94/><F119/><W121/><G121/><T43/><D22/><U74/><E32/><V81/><F128/><W112/><G112/><T124/><D124/><U113/><E113/><V69/><F28/><W122/><G122/><T47/><D58/><U46/><E83/><V134/><F134/><W90/><G54/><T116/><D47/><U68/><E68/><V126/><F126/><W127/><G29/><T51/><D116/><U13/><E13/><V2/><F81/><AGARI ba="0,0" hai="6,10,14,24,26,27,43,44,51,62,63,79,81,85" machi="81" ten="40,5200,0" yaku="25,2,8,1" doraHai="100" who="0" fromWho="2" sc="366,52,140,0,276,-52,218,0" /><INIT seed="4,0,0,1,2,30" ten="418,140,224,218" oya="0" hai0="85,130,11,83,119,96,78,67,58,74,68,110,100" hai1="33,86,54,129,44,38,98,70,90,89,127,0,93" hai2="102,69,12,52,134,120,95,31,36,26,99,121,75" hai3="81,21,55,104,17,60,66,106,108,40,45,112,111"/><T62/><D119/><U82/><E129/><V80/><F69/><W84/><G112/><T50/><D130/><U25/><E127/><V16/><F36/><W2/><G2/><T116/><D116/><U9/><E70/><V4/><F4/><W37/><G55/><T34/><D110/><U1/><E9/><V114/><F114/><W7/><G7/><T14/><D34/><U132/><E132/><V122/><F134/><W59/><G111/><T56/><D50/><U128/><E128/><V92/><F80/><W113/><G113/><T105/><REACH who="0" step="1"/><D74/><REACH who="0" ten="408,140,224,218" step="2"/><U73/><E73/><V24/><F75/><W87/><G108/><T101/><D101/><U118/><E118/><V41/><F120/><W64/><G37/><T76/><D76/><U63/><E38/><V46/><F122/><W8/><G60/><T126/><D126/><U123/><E123/><V57/><F121/><W15/><G40/><T117/><D117/><U20/><E33/><V51/><F41/><W10/><G45/><T94/><D94/><U72/><E72/><V115/><F95/><W32/><G32/><T3/><D3/><U6/><E44/><V42/><F115/><W53/><G106/><T29/><D29/><U79/><E79/><V48/><F31/><W65/><G104/><T103/><D103/><U27/><E0/><V5/><F5/><AGARI ba="0,1" hai="5,11,14,56,58,62,67,68,78,83,85,96,100,105" machi="5" ten="30,2900,0" yaku="1,1,7,1,53,0" doraHai="30" doraHaiUra="107" who="0" fromWho="2" sc="408,39,140,0,224,-29,218,0" /><INIT seed="4,1,0,1,3,63" ten="447,140,195,218" oya="0" hai0="7,97,103,11,46,51,24,25,83,130,56,78,39" hai1="133,0,117,44,99,92,114,14,40,38,113,112,20" hai2="6,45,62,59,90,35,96,4,36,47,42,116,128" hai3="18,52,88,84,41,115,29,21,135,123,74,107,91"/><T102/><D130/><U28/><E0/><V43/><F35/><W13/><G74/><T93/><D103/><U110/><E110/><V122/><F122/><W95/><G115/><T81/><D56/><U124/><E117/><V129/><F116/><W10/><G135/><T94/><D94/><U75/><E75/><V111/><F111/><W61/><G107/><T80/><D39/><U134/><E124/><V12/><F90/><W22/><G41/><T87/><D81/><U27/><REACH who="1" step="1"/><E14/><REACH who="1" ten="447,130,195,218" step="2"/><V26/><F12/><W119/><G119/><T65/><D83/><U109/><E109/><V34/><F129/><W82/><G123/><T126/><D126/><U48/><E48/><V49/><F128/><W19/><G29/><T3/><D25/><U118/><E118/><V23/><F26/><W31/><G31/><T76/><D24/><U32/><E32/><V68/><F34/><W132/><G132/><T89/><D78/><U33/><E33/><V73/><F73/><W71/><G19/><T1/><D76/><U9/><E9/><V55/><F36/><W60/><G21/><T5/><D3/><U121/><E121/><V85/><F23/><W69/><G22/><T2/><D2/><U8/><E8/><V86/><F4/><W98/><REACH who="3" step="1"/><G60/><REACH who="3" ten="447,130,195,208" step="2"/><T77/><D7/><U127/><E127/><V16/><F16/><W79/><G79/><T57/><D77/><U100/><AGARI ba="1,2" hai="20,27,28,38,40,44,92,99,100,112,113,114,133,134" machi="100" ten="40,8000,1" yaku="1,1,0,1,15,1,11,1,53,0" doraHai="63" doraHaiUra="53" who="1" fromWho="1" sc="447,-41,130,103,195,-21,208,-21" /><INIT seed="5,0,0,4,0,101" ten="406,233,174,187" oya="1" hai0="11,36,17,38,66,69,58,79,56,48,111,46,122" hai1="100,81,105,57,90,60,91,50,39,18,113,102,30" hai2="99,4,22,44,98,126,35,20,129,65,97,88,84" hai3="23,41,8,61,68,82,72,12,78,89,51,33,86"/><U133/><E39/><N who="0" m="14889" /><D17/><U128/><E128/><V73/><F35/><W19/><G33/><T131/><D11/><U54/><E113/><V117/><F117/><W134/><G134/><T110/><D79/><U52/><E133/><V119/><F119/><W76/><G68/><T112/><D131/><U55/><E30/><V108/><F108/><W34/><G34/><T120/><D112/><U43/><E102/><V13/><F65/><W77/><G61/><N who="0" m="38183" /><D58/><U6/><E6/><V45/><F73/><W103/><G103/><T24/><D24/><U40/><E18/><V106/><F106/><W53/><G41/><N who="1" m="15946" /><E105/><V2/><F2/><W109/><G109/><N who="0" m="41483" /><D69/><U92/><E100/><V14/><F4/><W127/><G127/><T32/><D32/><U132/><E132/><V21/><F126/><W7/><G72/><T71/><D71/><U67/><E81/><N who="2" m="49167" /><F129/><W29/><G29/><T26/><D26/><U25/><E25/><V114/><F114/><W107/><G107/><T83/><D83/><U96/><E91/><V104/><F104/><W75/><G75/><T1/><D1/><U118/><E118/><V124/><F124/><W37/><G37/><T42/><AGARI ba="0,0" hai="42,46,48,120,122" m="41483,38183,14889" machi="42" ten="40,2700,0" yaku="34,2" doraHai="101" who="0" fromWho="0" sc="406,27,233,-13,174,-7,187,-7" /><INIT seed="6,0,0,0,1,15" ten="433,220,167,180" oya="2" hai0="17,73,102,7,19,20,43,25,82,49,74,62,66" hai1="50,130,84,121,9,28,76,135,106,51,12,34,69" hai2="37,109,47,64,101,79,67,118,116,4,54,11,65" hai3="27,1,100,39,117,13,124,63,10,40,113,41,119"/><V80/><F101/><W125/><G100/><T75/><D7/><U110/><E110/><V86/><F109/><W60/><G1/><T85/><D102/><U58/><E106/><V56/><F47/><W35/><G35/><T72/><D72/><U23/><E69/><V22/><F37/><W94/><G94/><T83/><D85/><U131/><E135/><V87/><F87/><W97/><G27/><T55/><D43/><N who="3" m="16457" /><G97/><T105/><D105/><U57/><E34/><V95/><F95/><W46/><G113/><T108/><D108/><U36/><E36/><V89/><F22/><W112/><G112/><T107/><D107/><U103/><E103/><V3/><REACH who="2" step="1"/><F89/><REACH who="2" ten="433,220,157,180" step="2"/><W44/><G39/><T52/><D20/><U70/><E84/><V33/><F33/><W30/><G46/><T29/><D75/><U26/><E23/><V6/><F6/><W78/><G44/><T48/><D74/><U5/><E5/><V8/><F8/><W122/><G10/><T92/><D73/><U133/><E9/><V38/><F38/><W61/><G78/><T132/><D92/><U53/><E76/><V120/><F120/><W123/><G123/><T128/><D83/><U77/><E77/><V114/><F114/><W32/><G122/><T90/><D82/><U24/><E121/><V91/><F91/><W96/><G96/><T111/><D90/><U16/><E131/><V126/><F126/><W0/><G125/><T68/><D128/><U18/><E130/><V115/><F115/><W104/><G124/><T2/><D111/><U71/><E133/><V45/><F45/><RYUUKYOKU ba="0,1" sc="433,-10,220,-10,157,30,180,-10" hai2="3,4,11,54,56,64,65,67,79,80,86,116,118" /><INIT seed="6,1,1,3,1,73" ten="423,210,187,170" oya="2" hai0="25,135,114,31,123,26,43,42,24,7,58,100,104" hai1="38,76,29,40,95,107,50,37,71,57,92,68,85" hai2="80,134,23,63,82,17,60,75,110,128,8,59,28" hai3="64,2,91,127,103,90,116,47,118,52,5,10,88"/><V124/><F128/><W129/><G129/><T51/><D123/><U99/><E107/><V84/><F134/><W105/><G127/><T16/><D7/><U14/><E29/><V27/><F124/><W111/><G111/><T94/><D104/><U131/><E131/><V125/><F125/><W115/><G64/><T39/><D39/><U69/><E37/><V106/><F106/><W79/><G79/><T44/><D43/><U81/><E38/><V113/><F113/><W48/><REACH who="3" step="1"/><G115/><REACH who="3" ten="423,210,187,160" step="2"/><T56/><D114/><U41/><E71/><V13/><F110/><W83/><G83/><N who="2" m="31785" /><F75/><W9/><G9/><T32/><D135/><U132/><E132/><V87/><F63/><W97/><AGARI ba="1,2" hai="2,5,10,47,48,52,88,90,91,97,103,105,116,118" machi="97" ten="30,7900,0" yaku="1,1,0,1,54,2,53,0" doraHai="73" doraHaiUra="130" who="3" fromWho="3" sc="423,-21,210,-21,187,-40,160,102" /><INIT seed="7,0,0,0,0,111" ten="402,189,147,262" oya="3" hai0="22,21,103,46,129,120,17,47,30,128,106,56,63" hai1="9,127,105,66,75,27,35,55,77,28,65,95,57" hai2="86,107,69,8,96,126,64,83,44,58,45,110,109" hai3="97,31,122,6,98,101,85,12,61,3,1,32,70"/><W68/><G122/><T108/><D120/><U43/><E105/><V104/><F69/><W123/><G123/><T2/><D108/><U73/><E127/><V115/><F126/><W84/><G12/><T34/><D2/><U54/><E43/><V49/><F110/><W50/><G50/><T125/><D34/><U48/><E9/><V100/><F107/><W80/><G31/><T10/><D103/><U134/><E134/><V118/><F118/><W51/><G51/><T124/><D106/><U19/><E19/><V131/><F131/><N who="0" m="50250" /><D10/><U102/><E55/><V60/><F109/><W11/><G32/><T14/><D47/><U20/><E35/><V113/><F8/><W52/><G52/><N who="0" m="34183" /><D46/><U117/><E117/><V88/><REACH who="2" step="1"/><F45/><REACH who="2" ten="402,189,137,262" step="2"/><W67/><G11/><T116/><D116/><U7/><E7/><V33/><F33/><W72/><G68/><T76/><D76/><U94/><E77/><V132/><F132/><W5/><G70/><T24/><AGARI ba="0,1" hai="14,17,21,22,24,30,124,125" m="34183,50250" machi="24" ten="30,2000,0" yaku="19,1,54,1" doraHai="111" who="0" fromWho="0" sc="402,30,189,-5,137,-5,262,-10" owari="432,53.2,184,-21.6,132,-36.8,252,5.2" /></mjloggm>