<mjloggm ver="2.3"><GO type="169" lobby="0"/><UN n0="%E3%81%9F%E3%81%BE%E5%AD%90" n1="%62%73%64%5F%33" n2="%E3%83%9F%E3%83%88%E3%83%A9%32" n3="%73%79%75%70%6F%6E" dan="16,17,16,17" rate="2155.70,2137.27,2066.64,2212.09" sx="M,F,M,M"/><TAIKYOKU oya="0"/><INIT seed="0,0,0,0,4,90" ten="250,250,250,250" oya="0" hai0="30,121,73,87,79,55,132,122,41,111,44,98,127" hai1="60,32,37,72,85,82,116,99,123,18,118,66,106" hai2="67,115,3,10,89,8,97,54,14,135,125,22,134" hai3="1,56,86,51,16,21,65,74,91,63,4,53,71"/><T29/><D73/><U94/><E32/><V88/><F115/><W68/><G74/><T52/><D132/><N who="2" m="50730" /><F125/><W104/><G104/><T64/><D127/><U129/><E123/><V31/><F67/><W17/><G71/><T117/><D117/><U70/><E37/><V42/><F42/><W61/><G61/><T110/><D64/><U13/><E106/><V47/><F3/><W102/><G102/><T80/><D98/><U105/><E129/><V130/><F130/><W12/><G1/><T108/><D121/><U45/><E45/><V62/><F8/><W7/><REACH who="3" step="1"/><G17/><REACH who="3" ten="250,250,250,240" step="2"/><T75/><D122/><U27/><E105/><V81/><F62/><W2/><G2/><T26/><D75/><U23/><E72/><V11/><F31/><N who="0" m="11786" /><D26/><U119/><E27/><V36/><F14/><W5/><G5/><T78/><D78/><U50/><E119/><V6/><F6/><W40/><G40/><T131/><D131/><U48/><E118/><V33/><F89/><W28/><G28/><T46/><D46/><U112/><E116/><V83/><F88/><W103/><G103/><T101/><D101/><U20/><E70/><V126/><F47/><W19/><G19/><T69/><D69/><U59/><E18/><V76/><F126/><W24/><G24/><T95/><D95/><AGARI ba="0,1" hai="4,7,12,16,21,51,53,56,63,65,68,86,91,95" machi="95" ten="30,12000,2" yaku="1,1,7,1,25,2,52,1,54,1,53,1" doraHai="90" doraHaiUra="58" who="3" fromWho="0" sc="250,-120,250,0,250,0,240,130" /><INIT seed="1,0,0,1,4,101" ten="130,250,250,370" oya="1" hai0="39,90,58,134,29,5,114,6,44,59,16,94,47" hai1="85,116,129,119,80,70,113,69,109,53,27,72,95" hai2="68,125,61,84,112,36,52,102,121,0,13,91,81" hai3="48,20,50,64,24,115,65,43,111,1,76,97,19"/><U18/><E113/><V92/><F0/><W77/><G115/><T117/><D114/><U106/><E106/><V87/><F121/><W105/><G1/><T21/><D117/><U82/><E129/><V83/><F36/><W10/><G111/><T63/><D134/><U99/><E109/><V32/><F32/><W55/><G97/><T15/><D29/><U41/><E41/><V122/><F112/><W38/><G38/><T35/><D35/><U14/><E27/><V79/><F122/><W28/><G105/><T54/><D39/><U45/><E72/><V120/><F120/><W93/><G93/><T33/><D33/><U46/><E82/><V51/><F125/><W2/><G48/><T132/><D132/><U86/><E86/><V60/><F68/><W98/><G98/><T118/><D118/><U7/><E7/><N who="0" m="2569" /><D59/><U78/><E119/><V128/><F128/><W66/><G43/><T108/><D108/><U67/><E67/><V40/><F40/><W3/><G3/><T110/><D110/><U88/><E116/><V42/><F42/><W25/><G2/><T4/><N who="0" m="2577" /><T31/><DORA hai="71" /><D31/><U30/><E30/><V126/><F126/><W75/><G75/><T12/><D12/><U96/><E70/><V100/><F13/><N who="3" m="7607" /><G25/><T124/><D124/><U57/><E69/><V133/><F133/><W131/><G131/><T135/><D135/><U127/><E127/><V9/><F9/><W49/><G49/><T8/><D8/><N who="1" m="6471" /><E99/><AGARI ba="0,0" hai="15,16,21,44,47,54,58,63,90,94,99" m="2577" machi="99" ten="30,2000,0" yaku="8,1,54,1" doraHai="101,71" who="0" fromWho="1" sc="130,20,250,-20,250,0,370,0" /><INIT seed="2,0,0,4,2,133" ten="150,230,250,370" oya="2" hai0="111,112,18,26,20,90,49,51,9,11,132,23,76" hai1="85,37,96,63,104,42,80,129,22,17,113,14,95" hai2="105,134,28,124,128,68,101,122,86,4,120,82,130" hai3="98,62,52,102,72,99,15,108,135,25,0,59,84"/><V8/><F68/><W125/><G72/><T7/><D112/><U103/><E113/><V117/><F28/><W67/><G0/><T16/><D132/><U27/><E129/><N who="2" m="49771" /><F134/><W92/><G135/><T41/><D111/><U64/><E104/><V1/><F117/><W97/><G108/><T106/><D106/><U31/><E37/><V60/><F60/><W66/><G125/><T115/><D115/><U94/><E42/><V56/><F56/><W127/><G127/><T100/><D100/><U73/><E73/><V91/><F124/><W44/><G25/><T43/><D90/><U53/><E53/><V5/><F5/><W47/><G15/><T78/><D26/><U46/><E46/><N who="3" m="17450" /><G102/><T40/><D40/><U54/><E54/><V19/><F19/><W39/><G39/><T126/><D126/><U33/><E63/><V131/><N who="2" m="49779" /><V79/><DORA hai="21" /><F79/><W114/><G114/><T110/><D110/><U30/><E64/><V81/><F81/><W2/><G2/><T121/><REACH who="0" step="1"/><D7/><REACH who="0" ten="140,230,250,370" step="2"/><U123/><E103/><V10/><F105/><W119/><G119/><T65/><D65/><U87/><E27/><V70/><F101/><W88/><AGARI ba="0,1" hai="52,59,62,66,67,84,88,92,97,98,99" m="17450" machi="88" ten="30,4000,0" yaku="8,1,54,2" doraHai="133,21" who="3" fromWho="3" sc="140,-10,230,-10,250,-20,370,50" /><INIT seed="3,0,0,2,1,70" ten="130,220,230,420" oya="3" hai0="38,118,36,68,50,108,19,42,109,66,111,34,22" hai1="11,124,69,15,28,77,89,73,31,24,95,64,104" hai2="117,54,26,5,7,53,43,125,55,119,48,10,4" hai3="106,86,90,81,58,30,13,134,29,82,44,14,51"/><W46/><G106/><T84/><D34/><U57/><E69/><V37/><F125/><W131/><G131/><T135/><D118/><U35/><E104/><V21/><F10/><W52/><G134/><T123/><D123/><U92/><E124/><V32/><F32/><W121/><G121/><T130/><D130/><U2/><E31/><N who="3" m="11786" /><G81/><T129/><D129/><U60/><E2/><V40/><F48/><N who="3" m="30983" /><G46/><N who="0" m="25943" /><D135/><U75/><E95/><V27/><F21/><W74/><G74/><T120/><D120/><U91/><E91/><V33/><F33/><W127/><G127/><T102/><D102/><U45/><E77/><V122/><F122/><W87/><G86/><T63/><D84/><U72/><E45/><V78/><F78/><W12/><G13/><AGARI ba="0,0" hai="13,19,22,36,38,63,66,68,108,109,111" m="25943" machi="13" ten="30,3900,0" yaku="14,1,52,2" doraHai="70" who="0" fromWho="3" sc="130,39,220,0,230,0,420,-39" /><INIT seed="4,0,0,3,2,131" ten="169,220,230,381" oya="0" hai0="106,23,86,11,39,43,41,99,16,73,85,90,101" hai1="34,70,9,66,26,88,93,119,37,87,126,94,51" hai2="122,38,118,8,84,2,7,57,44,80,14,102,65" hai3="107,53,56,103,109,22,116,10,125,18,50,69,47"/><T40/><D73/><U45/><E119/><V32/><F122/><W71/><G109/><T6/><D39/><U128/><E128/><V135/><F118/><W78/><G116/><T100/><D100/><U134/><E126/><V72/><F32/><W29/><G125/><T82/><D86/><U46/><E37/><V117/><F117/><W54/><G78/><T1/><REACH who="0" step="1"/><D41/><REACH who="0" ten="159,220,230,381" step="2"/><U3/><E87/><V97/><F84/><W0/><G103/><T76/><D76/><U27/><E88/><V30/><F102/><W28/><G107/><T129/><D129/><U60/><E93/><V49/><F72/><W63/><G71/><T62/><D62/><U121/><E94/><V96/><F38/><W36/><G69/><T105/><D105/><U31/><E60/><V112/><F96/><W58/><G36/><T124/><D124/><U48/><E70/><V130/><F97/><W123/><G63/><T15/><AGARI ba="0,1" hai="1,6,11,15,16,23,40,43,82,85,90,99,101,106" machi="15" ten="20,12000,1" yaku="1,1,0,1,7,1,54,1,53,1" doraHai="131" doraHaiUra="92" who="0" fromWho="0" sc="159,130,220,-40,230,-40,381,-40" /><INIT seed="4,1,0,2,3,11" ten="289,180,190,341" oya="0" hai0="26,5,34,128,28,43,47,65,8,3,21,111,55" hai1="89,33,91,63,86,29,17,110,93,56,68,72,25" hai2="135,37,27,88,77,75,46,133,54,31,112,80,12" hai3="51,124,94,92,129,20,53,108,114,76,103,101,69"/><T95/><D128/><U59/><E110/><V71/><F71/><W130/><G69/><T118/><D118/><U90/><E72/><V30/><F112/><W97/><G108/><T7/><D65/><U134/><E134/><V99/><F30/><W127/><G76/><T60/><D111/><U50/><E68/><V98/><F54/><W6/><G6/><T22/><D5/><U48/><E17/><V117/><F117/><W38/><G38/><T32/><D95/><U104/><E104/><V131/><F131/><N who="3" m="50187" /><G114/><T119/><D119/><U78/><E78/><V18/><F46/><N who="3" m="27895" /><G20/><T10/><D10/><U44/><E59/><V84/><F37/><W15/><G15/><T122/><D122/><U106/><E48/><V64/><F64/><W40/><G40/><T102/><D102/><U87/><E87/><V74/><F74/><W125/><G94/><T1/><D1/><U19/><E106/><V123/><F123/><W70/><G70/><T52/><D22/><U35/><E35/><V49/><F49/><W66/><G66/><T107/><D107/><U67/><REACH who="1" step="1"/><E19/><REACH who="1" ten="289,170,190,341" step="2"/><V23/><F135/><W16/><G16/><T82/><D34/><U0/><E0/><V79/><F133/><W105/><G105/><T39/><D32/><U126/><E126/><V36/><F36/><W81/><G127/><T14/><D3/><U85/><E85/><V13/><F75/><W115/><G125/><T9/><D39/><U58/><E58/><V24/><F79/><W121/><G124/><T109/><D109/><U113/><E113/><V73/><F73/><W61/><G115/><RYUUKYOKU ba="1,1" sc="289,-10,170,30,190,-10,341,-10" hai1="25,29,33,44,50,56,63,67,86,89,90,91,93" /><INIT seed="5,2,1,5,2,108" ten="279,200,180,331" oya="1" hai0="38,40,85,90,97,2,84,92,21,95,105,129,76" hai1="61,124,94,72,75,16,116,23,25,113,32,51,15" hai2="28,49,5,37,122,82,77,65,69,14,12,56,4" hai3="126,35,18,112,110,24,11,58,60,57,127,109,64"/><U125/><E116/><V133/><F37/><W118/><G118/><T132/><D2/><U107/><E107/><V39/><F122/><W48/><G112/><T71/><D71/><U98/><E51/><V83/><F39/><W31/><G48/><T68/><D68/><U33/><E61/><V27/><F69/><W20/><G11/><T17/><D129/><U6/><E113/><V88/><F133/><W19/><G57/><T131/><D131/><U101/><E33/><V106/><F106/><W52/><G64/><T78/><D132/><U66/><E66/><V91/><F27/><N who="3" m="14743" /><G19/><T119/><D119/><U130/><E130/><V102/><F28/><W120/><G120/><T89/><D40/><U7/><E7/><N who="2" m="2635" /><F102/><W45/><G45/><T81/><D38/><U117/><E117/><V67/><F67/><W114/><G114/><T103/><REACH who="0" step="1"/><D105/><REACH who="0" ten="269,200,180,331" step="2"/><U96/><E125/><AGARI ba="2,2" hai="24,31,35,52,58,60,109,110,125,126,127" m="14743" machi="125" ten="30,2000,0" yaku="18,1,54,1" doraHai="108" who="3" fromWho="1" sc="269,0,200,-26,180,0,331,46" /><INIT seed="6,0,0,3,5,79" ten="269,174,180,377" oya="2" hai0="86,24,123,53,58,121,25,124,32,67,10,116,17" hai1="98,19,3,97,49,85,111,5,45,59,11,52,115" hai2="126,28,70,23,64,99,125,57,104,1,42,92,16" hai3="8,102,68,130,27,73,71,132,31,90,128,120,78"/><V51/><F1/><W88/><G120/><T114/><D114/><U77/><E111/><V33/><F104/><W129/><G132/><T20/><D124/><N who="2" m="47722" /><F70/><N who="3" m="26667" /><G102/><T56/><D116/><U61/><E115/><V131/><F131/><W75/><G8/><T133/><D133/><U127/><E127/><V65/><F33/><N who="3" m="20735" /><G78/><T39/><D39/><U7/><E7/><V117/><F28/><W35/><G35/><T108/><D108/><U83/><REACH who="1" step="1"/><E19/><REACH who="1" ten="269,164,180,377" step="2"/><V15/><F117/><W81/><G129/><T119/><D119/><U74/><E74/><V69/><F69/><W63/><G73/><T22/><D121/><U47/><E47/><N who="2" m="26103" /><F57/><W4/><G75/><T93/><D123/><U0/><E0/><V113/><F113/><W9/><G130/><T12/><D56/><U60/><E60/><V37/><F37/><W43/><G63/><T48/><D67/><AGARI ba="0,1" hai="3,5,11,45,49,52,59,61,67,77,83,85,97,98" machi="67" ten="30,8000,1" yaku="1,1,7,1,52,1,54,1,53,1" doraHai="79" doraHaiUra="2" who="1" fromWho="0" sc="269,-80,164,90,180,0,377,0" /><INIT seed="7,0,0,0,5,62" ten="189,254,180,377" oya="3" hai0="119,122,48,132,64,85,97,32,12,47,38,113,94" hai1="92,59,2,13,46,117,100,123,26,67,60,6,37" hai2="108,82,42,52,20,11,103,56,22,124,27,84,127" hai3="10,70,36,21,23,24,87,89,5,79,44,28,116"/><W31/><G70/><T76/><D119/><U99/><E123/><V29/><F108/><W51/><G36/><T95/><D32/><U75/><E75/><V16/><F42/><W7/><G79/><T41/><D122/><U77/><E2/><V55/><F103/><W0/><G5/><T40/><D132/><U109/><E109/><V88/><F11/><W101/><G101/><N who="0" m="60599" /><D38/><U74/><E74/><V35/><F35/><W30/><G23/><T90/><D113/><U73/><E73/><V65/><F65/><W98/><G98/><N who="0" m="57719" /><D12/><U112/><E13/><N who="2" m="9231" /><F56/><W49/><G49/><T118/><D118/><U111/><E59/><V45/><F45/><W34/><G34/><T128/><D128/><U50/><E46/><V104/><F104/><W121/><G116/><T125/><D125/><AGARI ba="0,0" hai="22,27,29,52,55,82,84,88,124,125,127" m="9231" machi="125" ten="30,7700,0" yaku="18,1,54,3" doraHai="62" who="2" fromWho="0" sc="189,-77,254,0,180,77,377,0" owari="112,-38.8,254,-14.6,257,5.7,377,47.7" /></mjloggm>