<mjloggm ver="2.3"><GO type="169" lobby="0"/><UN n0="%E2%84%83%2D%75%74%65" n1="%E3%82%80%E3%81%97%E6%AD%AF" n2="%E4%B8%83%E8%8D%89%E9%A6%99%E6%BE%84" n3="%E3%81%93%E3%81%AB" dan="17,17,16,16" rate="2193.91,2182.96,2155.75,2154.04" sx="M,M,F,M"/><TAIKYOKU oya="0"/><INIT seed="0,0,0,0,5,72" ten="250,250,250,250" oya="0" hai0="121,126,101,79,99,8,104,41,47,63,18,69,29" hai1="51,40,62,133,30,3,85,61,6,16,36,0,88" hai2="43,48,35,56,60,125,115,65,64,117,129,67,28" hai3="124,91,5,107,108,14,59,75,131,110,27,23,12"/><T73/><D121/><U31/><E36/><V52/><F35/><W92/><G107/><T70/><D126/><U113/><E133/><V66/><F28/><W100/><G100/><T97/><D97/><U24/><E113/><V82/><F115/><W1/><G75/><T122/><D122/><U26/><E6/><V11/><F125/><W123/><G124/><T81/><D29/><U45/><E3/><V33/><F33/><W83/><G83/><T7/><D18/><U120/><E0/><V130/><F11/><W76/><G76/><T103/><D63/><N who="1" m="24075" /><E26/><V89/><F117/><W128/><G123/><T102/><D102/><U38/><E38/><V106/><F106/><W116/><G116/><T49/><REACH who="0" step="1"/><D103/><REACH who="0" ten="240,250,250,250" step="2"/><U119/><E120/><V95/><F66/><W34/><G5/><T78/><D78/><U58/><E119/><V114/><F114/><W17/><G17/><T42/><D42/><U74/><E31/><V21/><F43/><W77/><G77/><T134/><D134/><U94/><E30/><V80/><F60/><W98/><G34/><T19/><D19/><U53/><E74/><V135/><F135/><W10/><G98/><T84/><D84/><U86/><E86/><N who="2" m="52663" /><F21/><W105/><G23/><T39/><D39/><U9/><E40/><V68/><F68/><W71/><G71/><T127/><D127/><U90/><E90/><V54/><F54/><W112/><G91/><T87/><D87/><U20/><E9/><V109/><F109/><W32/><G110/><T57/><D57/><AGARI ba="0,1" hai="16,20,24,45,51,53,57,58,85,88,94" m="24075" machi="57" ten="30,3900,0" yaku="8,1,54,2" doraHai="72" who="1" fromWho="0" sc="240,-39,250,49,250,0,250,0" /><INIT seed="1,0,0,0,4,74" ten="201,299,250,250" oya="1" hai0="132,11,130,52,22,76,23,41,8,63,134,2,36" hai1="18,28,96,106,73,111,89,33,48,112,65,60,113" hai2="45,59,47,31,79,54,127,131,109,3,102,80,99" hai3="122,82,12,100,58,62,68,44,110,55,21,94,126"/><U135/><E135/><N who="0" m="51753" /><D130/><U0/><E48/><V38/><F131/><W83/><G122/><T67/><D41/><U125/><E125/><V87/><F127/><W30/><G126/><T85/><D36/><U7/><E18/><V51/><F109/><W64/><G110/><T71/><D2/><U32/><E89/><V9/><F31/><W5/><G44/><T105/><D105/><U88/><E88/><V17/><F38/><W6/><G6/><T90/><D8/><N who="1" m="2151" /><E111/><V1/><F1/><W66/><G66/><T26/><D11/><U29/><E29/><V42/><F42/><W78/><G5/><T81/><D26/><N who="1" m="18455" /><E73/><V124/><F124/><W107/><G30/><T72/><D52/><U49/><E49/><V19/><F3/><W14/><G107/><T35/><D35/><U128/><E33/><V56/><F45/><W103/><G55/><T133/><N who="0" m="51761" /><T108/><DORA hai="95" /><D108/><U115/><E128/><V129/><F129/><W24/><G24/><T10/><D10/><U39/><E39/><V53/><F9/><W118/><G21/><T98/><D72/><U34/><E34/><V46/><F46/><W91/><G12/><T97/><D90/><U57/><E115/><V61/><F47/><W120/><G14/><T15/><D15/><U117/><E117/><V92/><AGARI ba="0,0" hai="17,19,51,53,54,56,59,61,79,80,87,92,99,102" machi="92" ten="20,8000,1" yaku="0,1,7,1,8,1,52,2" doraHai="74,95" who="2" fromWho="2" sc="201,-20,299,-40,250,80,250,-20" /><INIT seed="2,0,0,1,3,106" ten="181,259,330,230" oya="2" hai0="32,113,34,16,66,115,76,93,69,44,105,50,133" hai1="65,132,47,67,53,89,60,8,38,103,57,79,114" hai2="84,41,9,121,126,68,2,80,39,92,83,63,42" hai3="45,134,123,74,117,35,87,10,73,99,86,116,5"/><V1/><F121/><W111/><G35/><T124/><D105/><U49/><E114/><V7/><F126/><W64/><G123/><T109/><D124/><U28/><E132/><V110/><F110/><W48/><G111/><T61/><D109/><U20/><E103/><V12/><F92/><W52/><G64/><T96/><D133/><U17/><E38/><V90/><F83/><W40/><G134/><T15/><D76/><U4/><E28/><V71/><F42/><W75/><G99/><T135/><D135/><U112/><E112/><V129/><F129/><W22/><G22/><T130/><D130/><U11/><E67/><V6/><F63/><W18/><G18/><T91/><D113/><U33/><E33/><V59/><F59/><W30/><G30/><T125/><D125/><U25/><E79/><V94/><F94/><W122/><G122/><T77/><D77/><U58/><E89/><V13/><F13/><W27/><G27/><T100/><D91/><U62/><E62/><V23/><F23/><W21/><G21/><T82/><D82/><U131/><E131/><V43/><F43/><W14/><REACH who="3" step="1"/><G40/><REACH who="3" ten="181,259,330,220" step="2"/><T19/><D19/><U85/><E17/><V31/><F31/><W70/><G70/><T107/><D115/><U102/><E65/><V55/><F71/><W101/><G101/><T54/><REACH who="0" step="1"/><D107/><REACH who="0" ten="171,259,330,220" step="2"/><U98/><E102/><V97/><F68/><W88/><G88/><T95/><D95/><U36/><E98/><V104/><F97/><W3/><G3/><N who="2" m="1033" /><F104/><W56/><G56/><T51/><D51/><U120/><E57/><V128/><F90/><RYUUKYOKU ba="0,2" sc="171,15,259,-15,330,-15,220,15" hai0="15,16,32,34,44,50,54,61,66,69,93,96,100" hai3="5,10,14,45,48,52,73,74,75,86,87,116,117" /><INIT seed="3,1,2,1,5,6" ten="186,244,315,235" oya="3" hai0="112,81,110,133,127,45,84,65,47,9,36,61,87" hai1="1,122,119,92,44,48,107,74,19,71,124,3,82" hai2="46,18,55,29,88,64,0,32,89,66,31,68,130" hai3="33,134,72,30,54,85,51,10,14,101,17,22,105"/><W86/><G72/><T95/><D110/><U4/><E107/><V12/><F130/><W24/><G134/><T23/><D133/><U76/><E122/><V80/><F0/><W115/><G115/><T135/><D135/><U98/><E71/><V96/><F32/><W28/><G28/><N who="2" m="10825" /><F68/><W75/><G75/><T70/><D127/><U97/><E124/><V21/><F96/><W38/><G38/><T58/><D112/><U129/><E129/><V100/><F100/><W37/><G37/><T7/><D70/><U53/><E119/><V118/><F118/><W102/><G33/><T91/><D23/><U83/><E98/><V125/><F125/><W120/><G120/><T108/><D36/><U5/><E83/><V26/><F26/><W60/><G60/><T56/><D56/><U52/><E53/><V27/><F27/><W20/><G20/><T41/><D41/><U106/><E106/><V59/><F46/><N who="3" m="28023" /><G105/><T121/><D108/><U40/><E40/><V25/><F25/><W103/><AGARI ba="1,2" hai="10,14,17,22,24,30,85,86,101,102,103" m="28023" machi="103" ten="30,3000,0" yaku="8,1,52,1" doraHai="6" who="3" fromWho="3" sc="186,-11,244,-11,315,-11,235,53" /><INIT seed="3,2,0,3,4,94" ten="175,233,304,288" oya="3" hai0="80,78,92,58,39,24,128,108,18,109,120,48,104" hai1="77,100,51,117,4,74,63,27,54,67,83,12,57" hai2="125,113,30,86,44,103,101,90,93,123,87,5,31" hai3="29,41,55,2,40,98,28,88,13,43,122,14,112"/><W61/><G112/><T66/><D120/><U81/><E117/><V65/><F113/><W64/><G2/><T20/><D128/><U91/><E100/><N who="2" m="38475" /><F123/><W97/><G122/><T11/><D104/><U3/><E3/><V130/><F130/><W115/><G115/><T49/><D39/><U71/><E27/><V129/><F129/><W9/><G55/><T22/><D11/><U119/><E119/><V69/><F69/><W26/><G14/><T34/><D34/><U10/><E83/><V124/><F65/><W21/><G29/><N who="2" m="10761" /><F5/><N who="3" m="3247" /><G88/><T42/><D42/><U46/><REACH who="1" step="1"/><E91/><REACH who="1" ten="175,223,304,288" step="2"/><V96/><F44/><AGARI ba="2,1" hai="4,10,12,44,46,51,54,57,63,67,71,74,77,81" machi="44" ten="40,5200,0" yaku="1,1,2,1,53,1" doraHai="94" doraHaiUra="7" who="1" fromWho="2" sc="175,0,223,68,304,-58,288,0" /><INIT seed="4,0,0,5,1,22" ten="175,291,246,288" oya="0" hai0="11,84,116,50,103,100,119,74,79,133,21,93,37" hai1="72,8,45,9,129,121,71,111,110,61,54,56,34" hai2="49,64,10,131,123,117,107,130,98,6,44,31,4" hai3="135,28,65,102,41,118,26,39,96,43,83,59,80"/><T48/><D37/><U89/><E121/><V63/><F123/><W78/><G118/><T122/><D122/><U68/><E72/><V20/><F117/><W90/><G135/><T115/><D133/><U32/><E89/><V7/><F107/><W112/><G112/><T134/><D134/><U35/><E129/><N who="2" m="49163" /><F98/><W57/><G90/><T127/><D115/><U15/><E45/><V19/><F31/><W94/><G39/><T42/><D127/><U62/><E9/><V23/><F10/><W14/><G14/><T126/><D126/><U128/><E128/><V40/><F19/><W51/><G83/><T92/><D74/><U60/><E71/><AGARI ba="0,0" hai="4,6,7,20,23,40,44,49,63,64,71" m="49163" machi="71" ten="30,1000,0" yaku="19,1" doraHai="22" who="2" fromWho="1" sc="175,0,291,-10,246,10,288,0" /><INIT seed="5,0,0,2,3,78" ten="175,281,256,288" oya="1" hai0="124,64,34,44,129,93,119,14,21,35,92,49,57" hai1="83,82,18,128,88,9,80,120,63,85,45,109,28" hai2="99,17,66,89,115,11,70,126,59,42,7,96,55" hai3="52,130,94,22,32,114,4,79,110,90,33,36,25"/><U65/><E120/><V2/><F126/><W62/><G110/><T76/><D119/><U105/><E105/><V116/><F116/><W41/><G114/><T13/><D124/><U121/><E121/><V6/><F115/><W84/><G4/><T102/><D129/><U125/><E125/><V131/><F131/><W26/><G26/><T95/><D102/><U122/><E122/><V71/><F66/><W54/><G130/><T27/><D35/><U67/><E128/><V111/><F111/><W16/><G79/><T24/><D76/><U43/><E28/><V100/><F6/><W107/><G107/><T10/><D34/><U40/><E109/><V69/><F42/><W8/><G8/><T47/><D14/><N who="1" m="7503" /><E45/><V108/><F108/><W61/><G41/><N who="1" m="15946" /><E63/><V103/><F17/><W30/><G36/><T1/><D1/><U101/><E101/><V123/><F123/><W73/><G73/><T118/><D118/><U86/><E86/><V91/><F103/><W12/><G33/><T56/><D44/><U135/><E135/><V46/><F46/><W77/><G77/><T117/><D117/><U106/><E106/><V113/><F113/><W60/><AGARI ba="0,0" hai="12,16,22,25,30,32,52,54,60,61,62,84,90,94" machi="60" ten="30,4000,0" yaku="0,1,54,2" doraHai="78" who="3" fromWho="3" sc="175,-10,281,-20,256,-10,288,40" /><INIT seed="6,0,0,1,1,43" ten="165,261,246,328" oya="2" hai0="21,28,64,30,56,60,84,38,126,54,69,7,25" hai1="45,29,121,101,63,92,97,94,24,61,120,17,65" hai2="13,89,15,105,23,93,119,83,74,19,127,41,27" hai3="2,80,115,87,91,68,73,76,124,49,102,128,11"/><V20/><F119/><W53/><G68/><T106/><D126/><U37/><E17/><V130/><F127/><W72/><G124/><T50/><D106/><U12/><E12/><V112/><F112/><W114/><G128/><T116/><D116/><U51/><E37/><V26/><F130/><W48/><G102/><T125/><D125/><U16/><E16/><V107/><F74/><W135/><G135/><T117/><D117/><U5/><E5/><V14/><F83/><W31/><G31/><T22/><D7/><U104/><E94/><V10/><F41/><W75/><G49/><T86/><REACH who="0" step="1"/><D38/><REACH who="0" ten="155,261,246,328" step="2"/><U18/><E104/><V95/><F10/><W9/><G9/><T70/><D70/><U44/><E121/><V78/><F107/><W42/><G11/><T134/><D134/><U62/><E120/><V108/><F105/><W113/><G115/><T123/><D123/><U98/><E65/><V40/><F108/><W122/><G122/><T109/><D109/><U66/><E66/><V103/><F78/><W47/><G76/><T32/><D32/><U99/><E18/><V4/><F4/><W71/><G71/><T133/><D133/><U35/><REACH who="1" step="1"/><E45/><REACH who="1" ten="155,251,246,328" step="2"/><V81/><F19/><W52/><G113/><T100/><D100/><U111/><E111/><V118/><F103/><W39/><G114/><T96/><D96/><U0/><E0/><V131/><F118/><W33/><G2/><T57/><D57/><U85/><E85/><V8/><F131/><W90/><G39/><T1/><D1/><U58/><E58/><V79/><F8/><W46/><G87/><RYUUKYOKU ba="0,2" sc="155,15,251,15,246,-15,328,-15" hai0="21,22,25,28,30,50,54,56,60,64,69,84,86" hai1="24,29,35,44,51,61,62,63,92,97,98,99,101" /><INIT seed="7,1,2,4,5,8" ten="170,266,231,313" oya="3" hai0="67,110,34,40,120,90,48,92,87,61,101,134,111" hai1="3,15,129,108,51,26,82,96,79,52,47,132,24" hai2="68,93,99,49,38,56,12,77,45,20,133,86,70" hai3="84,55,116,80,91,36,0,117,125,65,103,42,6"/><W44/><G125/><T124/><D120/><U27/><E3/><V89/><F38/><W72/><G65/><T118/><D118/><U1/><E1/><V30/><F133/><W76/><G103/><T74/><D134/><U135/><E108/><V94/><F56/><W106/><G106/><T4/><D124/><U123/><E123/><V57/><F57/><W39/><G39/><T58/><D74/><U69/><E69/><V113/><F113/><W28/><G28/><T121/><D121/><U54/><E129/><V62/><F62/><W63/><G63/><T31/><D34/><U23/><E96/><V75/><F75/><W46/><G55/><T128/><D128/><U122/><E54/><V14/><F70/><W29/><G29/><T2/><D31/><U59/><E59/><V78/><F68/><W85/><G85/><T66/><D66/><U37/><E37/><V50/><F30/><W107/><G107/><T126/><D126/><U33/><E33/><V88/><F50/><W109/><G46/><T115/><D115/><U73/><E122/><V127/><F127/><W98/><G98/><T119/><D119/><U5/><E5/><V43/><F20/><W18/><G18/><T16/><D101/><U100/><E100/><V7/><F7/><W10/><G109/><T17/><D111/><U112/><E112/><V19/><F19/><W97/><G97/><T25/><D110/><U32/><E32/><V13/><AGARI ba="1,2" hai="12,13,14,43,45,49,77,78,86,88,89,93,94,99" machi="13" ten="30,12000,2" yaku="0,1,8,1,52,3,54,1" doraHai="8" who="2" fromWho="2" sc="170,-31,266,-31,231,143,313,-61" owari="139,-36.1,235,-16.5,374,47.4,252,5.2" /></mjloggm>