<mjloggm ver="2.3"><GO type="169" lobby="0"/><UN n0="%53%6F%6C%69%64" n1="%74%73%75%6B%69%31" n2="%E3%81%A8%E3%82%8D%E3%82%8D%E3%81%9D%E3%81%B0" n3="%E5%A4%A9%E7%A9%BA%E3%81%AE%E6%8A%80" dan="17,16,17,16" rate="2170.78,2172.95,2243.78,2134.67" sx="M,M,M,M"/><TAIKYOKU oya="0"/><INIT seed="0,0,0,2,1,83" ten="250,250,250,250" oya="0" hai0="94,127,54,97,84,33,105,15,107,119,44,133,37" hai1="116,5,99,7,31,93,47,129,131,124,4,72,6" hai2="122,103,58,9,68,24,92,60,134,80,28,128,67" hai3="85,121,29,14,89,8,25,26,11,63,65,75,109"/><T132/><D119/><U45/><E116/><V48/><F122/><W3/><G109/><T22/><D33/><U51/><E72/><V86/><F128/><N who="1" m="49225" /><E124/><V91/><F134/><N who="0" m="51818" /><D127/><U56/><N who="1" m="1024" /><DORA hai="55" /><U57/><E31/><V38/><F38/><W95/><G3/><T71/><D71/><U34/><E34/><V96/><F9/><W98/><G75/><T110/><D110/><U39/><E39/><V69/><REACH who="2" step="1"/><F48/><REACH who="2" ten="250,250,240,250" step="2"/><W123/><G121/><T36/><D36/><U23/><E23/><AGARI ba="0,1" hai="23,24,28,58,60,67,68,69,80,86,91,92,96,103" machi="23" ten="30,16000,3" yaku="1,1,2,1,7,1,25,2,52,2,53,1" doraHai="83,55" doraHaiUra="18,49" who="2" fromWho="1" sc="250,0,250,-160,240,170,250,0" /><INIT seed="1,0,0,3,5,102" ten="250,90,410,250" oya="1" hai0="16,100,56,101,107,43,103,36,47,76,53,44,19" hai1="73,20,11,119,93,90,112,125,33,94,38,27,65" hai2="25,129,28,0,23,109,127,46,80,32,130,3,67" hai3="5,117,45,29,72,24,77,79,116,66,1,17,37"/><U99/><E33/><V4/><F67/><W81/><G17/><T14/><D47/><U64/><E112/><V75/><F46/><W61/><G79/><T35/><D35/><U74/><E119/><V48/><F48/><W104/><G104/><T18/><D76/><U115/><E115/><V6/><F80/><W71/><G24/><T51/><REACH who="0" step="1"/><D107/><REACH who="0" ten="240,90,410,250" step="2"/><U15/><E125/><V34/><F127/><W113/><G113/><T82/><D82/><U31/><E38/><V13/><F75/><W95/><G95/><T92/><D92/><U114/><E114/><V84/><F34/><W42/><REACH who="3" step="1"/><G29/><REACH who="3" ten="240,90,410,240" step="2"/><T40/><D40/><U83/><E94/><V60/><F28/><W106/><G106/><T2/><D2/><U8/><E83/><V26/><F0/><W30/><G30/><T63/><D63/><U105/><E105/><V123/><F60/><W122/><G122/><T91/><D91/><U50/><E74/><V39/><F3/><W58/><G58/><T134/><D134/><U9/><E73/><V120/><F123/><W54/><G54/><T97/><D97/><U126/><E126/><V12/><F120/><W68/><G68/><T96/><D96/><U108/><E15/><AGARI ba="0,2" hai="14,15,16,18,19,36,43,44,51,53,56,100,101,103" machi="15" ten="40,2600,0" yaku="1,1,54,1,53,0" doraHai="102" doraHaiUra="121" who="0" fromWho="1" sc="240,46,90,-26,410,0,240,0" /><INIT seed="2,0,0,1,0,34" ten="286,64,410,240" oya="2" hai0="125,96,107,69,44,134,89,10,113,72,60,62,70" hai1="82,65,104,110,15,28,4,131,52,61,1,73,129" hai2="5,16,116,11,111,85,29,23,53,91,92,48,87" hai3="90,86,41,132,115,55,76,6,120,124,122,63,37"/><V47/><F116/><W84/><G132/><T20/><D113/><U77/><E104/><V97/><F111/><W105/><G105/><T8/><D72/><U2/><E28/><V94/><F29/><W64/><G124/><T18/><D125/><U31/><E31/><V50/><F50/><W38/><G76/><T88/><D134/><U128/><E110/><V112/><F112/><W32/><G32/><T123/><D123/><U25/><E25/><V36/><F36/><W54/><G115/><T108/><D108/><U95/><E95/><V58/><F47/><W71/><G6/><T26/><D44/><U66/><E66/><V103/><F87/><W102/><G102/><T12/><D10/><N who="1" m="4551" /><E65/><V81/><F5/><W83/><G86/><T99/><D70/><U39/><E39/><V3/><F11/><W75/><G75/><T100/><D69/><U56/><AGARI ba="0,0" hai="1,2,52,56,61,73,77,82,128,129,131" m="4551" machi="56" ten="40,8000,1" yaku="19,1,52,2,54,1" doraHai="34" who="1" fromWho="1" sc="286,-20,64,80,410,-40,240,-20" /><INIT seed="3,0,0,1,1,69" ten="266,144,370,220" oya="3" hai0="135,68,106,97,131,110,126,24,129,118,113,56,78" hai1="134,41,84,66,30,119,94,46,40,53,100,70,109" hai2="51,120,86,11,115,61,85,62,47,87,79,23,90" hai3="81,5,39,95,38,22,91,92,50,96,58,114,49"/><W6/><G114/><T34/><RYUUKYOKU type="yao9" ba="0,0" sc="266,0,144,0,370,0,220,0" hai0="24,34,56,68,78,97,106,110,113,118,126,129,131,135" /><INIT seed="3,1,0,1,3,42" ten="266,144,370,220" oya="3" hai0="122,66,57,72,92,114,7,133,68,67,123,64,127" hai1="61,45,8,13,86,99,36,134,89,1,107,130,88" hai2="43,74,39,31,121,70,53,17,131,22,65,12,73" hai3="46,27,44,91,5,75,98,25,20,21,28,76,115"/><W135/><G115/><T97/><D114/><U38/><E1/><V132/><F131/><W87/><G135/><T82/><D68/><U95/><E134/><V47/><F132/><W100/><G5/><T0/><D133/><U94/><E130/><V126/><F126/><W78/><G75/><T129/><D129/><U101/><E61/><V113/><F113/><W41/><G41/><T14/><D0/><U3/><E3/><V79/><F121/><W117/><G117/><T106/><D106/><U60/><E60/><V103/><F103/><W90/><G100/><T34/><D34/><U77/><E77/><N who="3" m="29802" /><G98/><T118/><D118/><U32/><E32/><V71/><F71/><W51/><G51/><T9/><D127/><U105/><E105/><V120/><F120/><W19/><G91/><T80/><D72/><U49/><E101/><V37/><F37/><W48/><G48/><T110/><D122/><U84/><E99/><V83/><F74/><W56/><G56/><T109/><D57/><U62/><E62/><V52/><F70/><W125/><G125/><T40/><D40/><U81/><E107/><V23/><REACH who="2" step="1"/><F65/><REACH who="2" ten="266,144,360,220" step="2"/><W119/><G119/><T54/><D123/><U6/><REACH who="1" step="1"/><E81/><AGARI ba="1,1" hai="19,20,21,25,27,28,44,46,81,87,90" m="29802" machi="81" ten="30,5800,0" yaku="8,1,52,2" doraHai="42" who="3" fromWho="1" sc="266,0,144,-61,360,0,220,71" /><INIT seed="3,2,0,0,1,81" ten="266,83,360,291" oya="3" hai0="82,22,104,70,56,49,31,42,57,51,74,67,94" hai1="113,28,97,101,48,88,99,92,9,122,78,120,96" hai2="35,109,119,77,5,41,32,87,84,12,10,125,55" hai3="69,76,66,25,98,29,46,117,110,45,80,17,18"/><W72/><G117/><T90/><D104/><U130/><E113/><V21/><F119/><W27/><G110/><T40/><D70/><U71/><E71/><V126/><F109/><W123/><G123/><T15/><D74/><U73/><E28/><V124/><F77/><W24/><G29/><T20/><D82/><N who="1" m="45391" /><E9/><V50/><F41/><W62/><G98/><N who="1" m="37994" /><E48/><V53/><F21/><W23/><REACH who="3" step="1"/><G17/><REACH who="3" ten="266,83,360,281" step="2"/><T79/><D31/><U61/><E61/><V47/><REACH who="2" step="1"/><F55/><REACH who="2" ten="266,83,350,281" step="2"/><W4/><G4/><T54/><D54/><U34/><E34/><AGARI ba="2,2" hai="5,10,12,32,34,35,47,50,53,84,87,124,125,126" machi="34" ten="50,16000,3" yaku="1,1,2,1,18,1,52,2,53,3" doraHai="81" doraHaiUra="135" who="2" fromWho="1" sc="266,0,83,-166,350,186,281,0" owari="266,-13.4,-83,-58.3,536,63.6,281,8.1" /></mjloggm>