<mjloggm ver="2.3"><GO type="169" lobby="0"/><UN n0="%E9%A4%8A%E5%88%86%E4%B8%B8" n1="%6D%69%6E%65%72%61%6C%32" n2="%E3%83%97%E3%83%AC%E3%82%B9%E3%83%97" n3="%6F%6B%61%62%65%73%68%69" dan="17,18,16,17" rate="2242.61,2292.30,2168.72,2187.76" sx="M,M,M,M"/><TAIKYOKU oya="0"/><INIT seed="0,0,0,1,1,107" ten="250,250,250,250" oya="0" hai0="101,63,92,66,4,94,121,75,98,23,85,27,1" hai1="114,86,37,133,99,10,59,82,40,41,3,21,90" hai2="13,100,22,95,131,96,44,126,61,111,9,55,128" hai3="120,132,32,116,67,97,45,43,87,74,15,12,14"/><T117/><D117/><U57/><E133/><V19/><F111/><W102/><G116/><T35/><D121/><U31/><E114/><V65/><F126/><W105/><G132/><T78/><D35/><U58/><E37/><V93/><F93/><W20/><G32/><T119/><D119/><U125/><E125/><V36/><F36/><W16/><G120/><T50/><D50/><U11/><E99/><V123/><F123/><W5/><G67/><T84/><D92/><U76/><E90/><V28/><F55/><W118/><G118/><T51/><D51/><U73/><E73/><V81/><F44/><W30/><G30/><T39/><D39/><U71/><E71/><V26/><REACH who="2" step="1"/><F81/><REACH who="2" ten="250,250,240,250" step="2"/><W0/><G45/><T42/><D94/><U106/><E106/><V53/><F53/><W68/><G43/><T69/><D42/><U122/><E122/><V89/><F89/><W60/><G105/><T17/><D101/><U108/><E108/><V127/><F127/><W91/><G91/><T110/><D110/><U47/><E47/><V70/><AGARI ba="0,1" hai="9,13,19,22,26,28,61,65,70,95,96,100,128,131" machi="70" ten="30,2000,0" yaku="1,1,0,1,53,0" doraHai="107" doraHaiUra="2" who="2" fromWho="2" sc="250,-10,250,-5,240,30,250,-5" /><INIT seed="1,0,0,5,1,65" ten="240,245,270,245" oya="1" hai0="86,123,22,15,129,111,13,38,17,120,71,1,95" hai1="35,11,106,89,131,29,55,69,52,84,101,117,135" hai2="93,99,2,105,19,70,37,114,77,12,127,18,87" hai3="130,5,128,4,36,96,134,103,39,53,7,110,90"/><U14/><E117/><V104/><F2/><W116/><G116/><T68/><D1/><U60/><E131/><V133/><F133/><W66/><G134/><T42/><D129/><N who="3" m="49769" /><G110/><T67/><D111/><U132/><E132/><V3/><F3/><W25/><G90/><N who="0" m="53719" /><D67/><U47/><E135/><V9/><F37/><W107/><G66/><T50/><D38/><N who="3" m="14377" /><G53/><T72/><D72/><U61/><E106/><V44/><F127/><W10/><G25/><T100/><D100/><U122/><E101/><V109/><F109/><W74/><G74/><T112/><D112/><U98/><E98/><V20/><F44/><W62/><G62/><T76/><D76/><U33/><E122/><N who="0" m="46633" /><D15/><AGARI ba="0,0" hai="4,5,7,10,15,96,103,107" m="14377,49769" machi="15" ten="30,1000,0" yaku="19,1" doraHai="65" who="3" fromWho="0" sc="240,-10,245,0,270,0,245,10" /><INIT seed="2,0,0,0,4,44" ten="230,245,270,255" oya="2" hai0="79,135,47,112,124,75,16,130,34,117,45,73,67" hai1="134,121,21,80,1,52,10,50,122,14,113,128,70" hai2="37,60,92,100,38,66,76,28,11,2,83,115,68" hai3="126,55,96,133,7,23,5,26,104,119,116,114,22"/><V54/><F115/><W25/><G104/><T13/><D34/><U86/><E113/><V56/><F28/><W6/><G96/><T77/><D112/><U131/><E70/><V91/><F100/><W27/><G114/><T49/><D67/><U4/><E134/><V9/><F9/><W88/><G55/><T41/><D130/><N who="1" m="49707" /><E21/><N who="3" m="7690" /><G88/><T93/><D135/><U103/><E1/><V94/><F11/><W12/><G133/><T69/><D69/><U105/><E105/><V98/><F92/><W62/><G62/><T89/><D124/><U127/><E127/><V72/><REACH who="2" step="1"/><F2/><REACH who="2" ten="230,245,260,255" step="2"/><W95/><G95/><T3/><D3/><U106/><E103/><V102/><F102/><W110/><G126/><T20/><D117/><N who="3" m="45129" /><G110/><T107/><D107/><U101/><E101/><V46/><F46/><W53/><G53/><T31/><D45/><N who="1" m="27727" /><E106/><V118/><F118/><W71/><G71/><T19/><D31/><U65/><E65/><V120/><F120/><W108/><G108/><T24/><D93/><U129/><E129/><V97/><F97/><W84/><G84/><T29/><D29/><U109/><E109/><V111/><F111/><W123/><G123/><T85/><D85/><U0/><E0/><V81/><F81/><W35/><G35/><T132/><D132/><U18/><E4/><V59/><F59/><W82/><G82/><T42/><D47/><U74/><E74/><V125/><F125/><W63/><G63/><AGARI ba="0,1" hai="37,38,54,56,60,63,66,68,72,76,83,91,94,98" machi="63" ten="30,2900,0" yaku="1,1,7,1,53,0" doraHai="44" doraHaiUra="32" who="2" fromWho="3" sc="230,0,245,0,260,39,255,-29" /><INIT seed="2,1,0,3,1,101" ten="230,245,299,226" oya="2" hai0="53,64,117,12,25,42,72,32,67,134,132,73,40" hai1="99,76,77,22,60,29,91,62,24,115,100,71,30" hai2="56,49,50,13,92,78,17,111,83,41,19,93,97" hai3="68,128,121,8,124,127,14,65,52,85,133,54,57"/><V94/><F111/><W125/><G121/><T123/><D123/><U129/><E129/><V3/><F3/><W18/><G68/><T114/><D114/><U55/><E115/><V47/><F97/><W9/><G65/><T120/><D120/><U70/><E91/><V34/><F34/><W63/><G128/><T118/><D12/><U107/><E29/><V75/><REACH who="2" step="1"/><F13/><REACH who="2" ten="230,245,289,226" step="2"/><W113/><G113/><T7/><D32/><U58/><E71/><V20/><F20/><W89/><G133/><T35/><D35/><U39/><E70/><V4/><F4/><W27/><G27/><T59/><D7/><U102/><E22/><V87/><F87/><W90/><G85/><T37/><D25/><U26/><E99/><V105/><F105/><W109/><G109/><T106/><D106/><U116/><E107/><V82/><F82/><W81/><G81/><T86/><D86/><U10/><E24/><V122/><F122/><W69/><G69/><T28/><D132/><U43/><E26/><V131/><F131/><W2/><G2/><T11/><D134/><U80/><E80/><V23/><F23/><W51/><REACH who="3" step="1"/><G8/><REACH who="3" ten="230,245,289,216" step="2"/><T0/><D11/><U6/><E10/><V74/><F74/><W135/><G135/><T33/><D0/><U61/><E30/><V44/><F44/><AGARI ba="1,2" hai="9,14,18,44,51,52,54,57,63,89,90,124,125,127" machi="44" ten="40,5200,0" yaku="1,1,18,1,54,1,53,0" doraHai="101" doraHaiUra="108" who="3" fromWho="2" sc="230,0,245,0,289,-55,216,75" /><INIT seed="3,0,0,1,0,46" ten="230,245,234,291" oya="3" hai0="34,25,112,131,5,22,135,53,1,93,91,55,110" hai1="32,18,127,114,81,121,83,90,50,78,89,97,130" hai2="40,36,37,101,30,23,80,105,76,94,58,129,71" hai3="118,95,12,73,24,64,123,74,96,33,27,6,106"/><W82/><G123/><T92/><D110/><U17/><E121/><V116/><F116/><W122/><G122/><T85/><D131/><U59/><E114/><V79/><F71/><W2/><G118/><T111/><D111/><U115/><E115/><V52/><F105/><W72/><G106/><T66/><D112/><U35/><E130/><V4/><F129/><W86/><G2/><T124/><D34/><U134/><E134/><V133/><F133/><W100/><G33/><T48/><D135/><U31/><E127/><V15/><F40/><W113/><G113/><T63/><D124/><U28/><E59/><V67/><F67/><W104/><G64/><T98/><D5/><U3/><E97/><V8/><F94/><W102/><G102/><T54/><D1/><U47/><E3/><V84/><F76/><W38/><G38/><T9/><D9/><U19/><E35/><V10/><F10/><W77/><G12/><T20/><D25/><U68/><E68/><V103/><F37/><W126/><G6/><T7/><D48/><U69/><E69/><V56/><F56/><W11/><G11/><T13/><D7/><U125/><E125/><V44/><F44/><W128/><G126/><T117/><D13/><U60/><E60/><N who="2" m="35911" /><F36/><W65/><G128/><T132/><D117/><U42/><E32/><V49/><F49/><W39/><G39/><T88/><REACH who="0" step="1"/><D132/><REACH who="0" ten="220,245,234,291" step="2"/><U120/><E120/><V107/><F107/><W16/><G24/><AGARI ba="0,1" hai="4,8,15,23,24,30,79,80,84,101,103" m="35911" machi="24" ten="30,2000,0" yaku="8,1,54,1" doraHai="46" who="2" fromWho="3" sc="220,0,245,0,234,30,291,-20" /><INIT seed="4,0,0,1,2,59" ten="220,245,264,271" oya="0" hai0="114,23,132,11,68,80,86,16,95,66,14,76,123" hai1="107,104,8,82,118,65,32,48,110,83,100,41,39" hai2="89,27,78,4,0,90,25,19,77,129,18,30,60" hai3="58,103,92,113,94,64,75,13,102,131,1,28,70"/><T106/><D123/><U71/><E110/><V20/><F129/><W38/><G1/><T74/><D106/><U85/><E32/><V67/><F0/><W26/><G70/><T22/><D114/><U9/><E39/><V15/><F4/><W84/><G38/><T128/><D128/><U122/><E122/><V33/><F77/><W120/><G75/><T36/><D36/><U98/><E107/><V53/><F53/><W121/><G131/><T87/><D132/><U43/><E83/><V135/><F78/><W116/><G116/><T52/><D74/><U55/><E118/><V72/><F72/><W6/><G113/><T99/><D86/><U40/><E65/><V49/><F49/><W47/><G47/><T97/><D52/><U112/><E71/><V111/><F111/><W12/><G6/><T127/><D127/><U31/><E31/><V73/><F73/><W125/><G58/><T2/><D2/><U61/><E112/><V119/><F135/><W3/><G3/><T37/><D37/><U62/><E8/><V81/><F81/><W34/><G64/><T50/><D50/><U46/><REACH who="1" step="1"/><E9/><REACH who="1" ten="220,235,264,271" step="2"/><V79/><F119/><W101/><G125/><T126/><D126/><U51/><E51/><V105/><F105/><W130/><G130/><T133/><D133/><U35/><E35/><V42/><F33/><W134/><G134/><T24/><D95/><U108/><E108/><V115/><F115/><W117/><G117/><T7/><REACH who="0" step="1"/><D23/><REACH who="0" ten="210,235,264,271" step="2"/><U88/><AGARI ba="0,2" hai="40,41,43,46,48,55,61,62,82,85,88,98,100,104" machi="88" ten="30,8000,1" yaku="1,1,0,1,52,2,54,1,53,0" doraHai="59" doraHaiUra="5" who="1" fromWho="1" sc="210,-40,235,100,264,-20,271,-20" /><INIT seed="5,0,0,4,1,25" ten="170,335,244,251" oya="1" hai0="37,50,47,102,85,119,6,33,14,10,114,124,40" hai1="122,36,96,84,130,118,107,31,95,100,101,13,70" hai2="2,35,80,73,104,72,4,87,128,89,111,76,79" hai3="92,75,112,123,48,64,117,26,83,56,129,34,71"/><U132/><E70/><V60/><F35/><W68/><G123/><T63/><D119/><U16/><E122/><V42/><F60/><W38/><G117/><T113/><D33/><U21/><E118/><V9/><F111/><W97/><G129/><T134/><D134/><U49/><E36/><V29/><F128/><W67/><G38/><T43/><D124/><U55/><E130/><V28/><F104/><W106/><G112/><N who="0" m="43115" /><D102/><U105/><E132/><V45/><F79/><W127/><G127/><T32/><D32/><U125/><E125/><V18/><F18/><W91/><G67/><T77/><D63/><U46/><E101/><V61/><F61/><W126/><G126/><T24/><D24/><U103/><E103/><V78/><F78/><W51/><G106/><T20/><D20/><U108/><E108/><V15/><F15/><W65/><G65/><T8/><D8/><U17/><E17/><V81/><REACH who="2" step="1"/><F73/><REACH who="2" ten="170,335,234,251" step="2"/><W86/><G75/><T23/><D77/><U12/><E12/><V5/><F5/><W66/><G71/><T54/><D6/><U39/><E107/><V88/><F88/><N who="3" m="55431" /><G68/><T90/><D90/><U1/><E105/><V94/><F94/><W121/><G34/><T58/><D14/><U135/><E13/><V41/><F41/><W30/><G121/><T99/><D43/><U27/><E135/><V0/><F0/><W69/><G69/><T131/><D131/><U19/><E1/><V11/><F11/><W44/><G66/><T110/><D10/><U74/><E74/><V53/><F53/><N who="3" m="31783" /><G64/><T3/><D110/><U22/><E55/><RYUUKYOKU ba="0,1" sc="170,-10,335,-10,234,30,251,-10" hai2="2,4,9,28,29,42,45,72,76,80,81,87,89" /><INIT seed="6,1,1,5,5,32" ten="160,325,264,241" oya="2" hai0="81,28,96,40,116,44,104,4,34,84,134,114,59" hai1="127,69,38,11,64,112,33,13,71,53,54,89,129" hai2="74,35,79,65,92,121,101,88,128,61,30,95,113" hai3="48,6,123,117,118,99,87,66,93,5,7,31,60"/><V15/><F121/><W115/><G123/><T97/><D114/><U37/><E33/><V90/><F113/><W70/><G115/><T8/><D134/><U2/><E112/><V21/><F128/><W91/><G31/><T120/><D120/><U80/><E129/><V77/><F101/><W68/><G68/><T56/><D116/><U19/><E127/><V106/><F106/><W9/><G48/><T26/><D104/><U75/><E2/><V42/><F42/><W98/><G98/><T0/><D97/><U103/><E103/><V22/><F74/><W94/><REACH who="3" step="1"/><G9/><REACH who="3" ten="160,325,264,231" step="2"/><T110/><D96/><U55/><E71/><V20/><F30/><W41/><G41/><T1/><D110/><U27/><E69/><V17/><F35/><W124/><G124/><T63/><D63/><U108/><E11/><V46/><F61/><W122/><G122/><T76/><REACH who="0" step="1"/><D0/><REACH who="0" ten="150,325,264,231" step="2"/><U131/><E108/><V107/><F107/><W119/><G119/><T125/><D125/><U29/><E131/><V36/><F36/><AGARI ba="1,3" hai="1,4,8,26,28,34,36,40,44,56,59,76,81,84" machi="36" ten="30,3900,0" yaku="1,1,7,1,52,1,53,0" doraHai="32" doraHaiUra="67" who="0" fromWho="2" sc="150,72,325,0,264,-42,231,0" /><INIT seed="7,0,0,4,3,99" ten="222,325,222,231" oya="3" hai0="14,107,1,68,33,11,114,44,66,54,87,63,120" hai1="41,43,15,35,58,111,40,98,8,65,19,77,9" hai2="96,88,49,34,128,78,85,86,81,21,36,64,133" hai3="7,104,108,109,125,57,92,121,115,134,48,28,132"/><W22/><G104/><T20/><D120/><U52/><E35/><V47/><F34/><W16/><G121/><T72/><D72/><U95/><E77/><V37/><F128/><W50/><G28/><T119/><D119/><U124/><E124/><V131/><F131/><W126/><G7/><T46/><D107/><U23/><E65/><V51/><F133/><N who="3" m="51307" /><G115/><T26/><D114/><U12/><E12/><V3/><F3/><W117/><G117/><T113/><D113/><U38/><E38/><V118/><F118/><W69/><G69/><T30/><D87/><U84/><E84/><V29/><F64/><W90/><G57/><T82/><D82/><U127/><E111/><N who="3" m="42570" /><G48/><T61/><D33/><U101/><E127/><N who="3" m="48650" /><G50/><AGARI ba="0,0" hai="8,9,15,19,23,40,41,43,50,52,58,95,98,101" machi="50" ten="40,5200,0" yaku="8,1,52,1,54,1" doraHai="99" who="1" fromWho="3" sc="222,0,325,52,222,0,231,-52" owari="222,2.2,377,47.7,222,-17.8,179,-32.1" /></mjloggm>