<mjloggm ver="2.3"><GO type="169" lobby="0"/><UN n0="%E8%8F%8A%E6%B1%A0%E9%A2%A8%E9%A6%99" n1="%E3%82%82%E3%81%BF%E3%81%95%E3%81%92" n2="%E6%B2%B3%E7%AB%A5%E3%81%AE%E3%83%AF%E3%82%AB%E3%83%9E%E3%83%84" n3="%E4%B8%89%E5%8D%81%E7%94%BB%E7%94%9F" dan="16,16,17,16" rate="2110.29,2150.26,2204.61,2112.24" sx="M,M,M,M"/><TAIKYOKU oya="0"/><INIT seed="0,0,0,5,3,8" ten="250,250,250,250" oya="0" hai0="72,121,92,71,40,65,62,120,60,122,123,83,80" hai1="53,61,114,17,22,66,57,28,105,11,23,0,24" hai2="52,39,90,102,38,97,109,5,29,58,1,79,69" hai3="119,77,110,30,74,94,124,68,126,113,41,7,51"/><T73/><N who="0" m="30720" /><DORA hai="125" /><T70/><D40/><U34/><E114/><V82/><F69/><N who="0" m="26122" /><D65/><U35/><E105/><V129/><F129/><W56/><G68/><T117/><D92/><U101/><E101/><V104/><F29/><W3/><G94/><T81/><D117/><U26/><REACH who="1" step="1"/><E66/><REACH who="1" ten="250,240,250,250" step="2"/><V16/><F102/><W96/><G119/><T116/><D116/><U115/><E115/><V93/><F104/><W106/><G113/><T63/><AGARI ba="0,1" hai="60,62,63,72,73,80,81,83" m="26122,30720" machi="63" ten="70,12000,1" yaku="29,2,28,2" doraHai="8,125" who="0" fromWho="0" sc="250,130,240,-40,250,-40,250,-40" /><INIT seed="0,1,0,3,1,108" ten="380,200,210,210" oya="0" hai0="17,16,4,0,40,124,29,129,91,75,127,33,121" hai1="95,104,6,85,21,122,67,130,54,125,111,103,44" hai2="92,97,59,88,68,20,14,105,128,13,24,83,80" hai3="84,126,86,109,116,64,52,53,61,28,23,38,65"/><T115/><D75/><U110/><E122/><V76/><F68/><W62/><G109/><N who="1" m="41482" /><E130/><V123/><F123/><W15/><G38/><T7/><D121/><U66/><E125/><N who="0" m="48201" /><D40/><U36/><E6/><N who="0" m="2089" /><D129/><U9/><E9/><V48/><F105/><W27/><G126/><T77/><D77/><U55/><E104/><V119/><F119/><W51/><G116/><T5/><D91/><N who="1" m="53743" /><E21/><V25/><F128/><W98/><G98/><T50/><D50/><U118/><E103/><V60/><F48/><W31/><G51/><T34/><D115/><U131/><E131/><V78/><F76/><W41/><G23/><T26/><D34/><U70/><E118/><V1/><F80/><W63/><G63/><T102/><D102/><U114/><E114/><V90/><F90/><W72/><G41/><T96/><D96/><U107/><E107/><V87/><F1/><W73/><REACH who="3" step="1"/><G15/><REACH who="3" ten="380,200,210,200" step="2"/><N who="2" m="5641" /><F20/><W79/><G79/><T10/><AGARI ba="1,1" hai="0,5,10,16,17,26,29,33" m="2089,48201" machi="10" ten="30,11700,0" yaku="18,1,34,2,54,1" doraHai="108" who="0" fromWho="0" sc="380,130,200,-40,210,-40,200,-40" /><INIT seed="0,2,0,3,5,79" ten="510,160,170,160" oya="0" hai0="85,67,106,25,38,11,88,71,98,121,100,103,39" hai1="15,68,130,115,0,10,123,90,29,22,73,91,64" hai2="41,96,118,26,83,120,102,97,58,8,66,51,82" hai3="112,55,78,116,95,113,80,129,72,54,77,81,108"/><T107/><D121/><U109/><E123/><V63/><F118/><W101/><G116/><T127/><D127/><U37/><E37/><V69/><F120/><W2/><G2/><T16/><D67/><U119/><E119/><V5/><F26/><W4/><G4/><T17/><D71/><U53/><E0/><V122/><F122/><W93/><G108/><T35/><D103/><U131/><E73/><V42/><F69/><W30/><G30/><T19/><D106/><U60/><E109/><V44/><F42/><W84/><G129/><N who="1" m="49162" /><E53/><V124/><F124/><W3/><G3/><T110/><D110/><U1/><E1/><V21/><F21/><W89/><G101/><T126/><D11/><U114/><E22/><V32/><F32/><W74/><REACH who="3" step="1"/><G95/><REACH who="3" ten="510,160,170,150" step="2"/><T24/><D126/><U36/><E29/><V49/><F102/><W50/><G50/><T76/><D35/><U56/><E36/><V86/><F51/><W92/><G92/><T40/><D39/><U94/><E68/><V18/><F5/><W46/><G46/><T117/><D117/><U43/><E94/><V135/><F135/><W12/><G12/><T104/><D38/><U14/><E14/><N who="2" m="7495" /><F83/><W7/><G7/><T47/><D100/><U134/><E134/><V125/><F125/><W31/><G31/><T34/><D34/><U20/><E15/><V28/><F28/><W13/><G13/><T128/><D128/><U48/><E48/><V59/><F44/><W99/><G99/><T70/><D98/><U33/><E33/><V23/><F97/><W61/><G61/><T45/><D47/><RYUUKYOKU ba="2,1" sc="510,-10,160,-10,170,-10,150,30" hai3="54,55,72,74,77,78,80,81,84,89,93,112,113" /><INIT seed="1,3,1,3,3,34" ten="500,150,160,180" oya="1" hai0="13,18,42,128,68,9,72,120,66,52,79,110,80" hai1="69,45,94,127,132,16,36,113,17,30,123,89,6" hai2="27,22,51,12,130,41,26,4,5,0,10,47,23" hai3="101,96,76,56,90,53,91,35,112,133,107,59,65"/><U99/><E123/><V25/><REACH who="2" step="1"/><F130/><REACH who="2" ten="500,150,150,180" step="2"/><W19/><G112/><T82/><D128/><U102/><E113/><V31/><F31/><W48/><G133/><T117/><D120/><U100/><E132/><V67/><F67/><W126/><G126/><T40/><D66/><U33/><E127/><V70/><F70/><W106/><G65/><T95/><D68/><U119/><E69/><V103/><F103/><W54/><G101/><T134/><D134/><U109/><E102/><V83/><F83/><W63/><G107/><T64/><D82/><U28/><E100/><V86/><F86/><W122/><G106/><T15/><D64/><U92/><E30/><V60/><F60/><W118/><G122/><T108/><D80/><U24/><E28/><V88/><F88/><W39/><G90/><T73/><D73/><U3/><E89/><V21/><F21/><W71/><G71/><T116/><D72/><U121/><E121/><V20/><F20/><W78/><G91/><T104/><D104/><U29/><E29/><V57/><F57/><W85/><G85/><T46/><D117/><U115/><E119/><V58/><F58/><W105/><G118/><T37/><D116/><U50/><E115/><V55/><F55/><W75/><G75/><T131/><D52/><N who="1" m="29775" /><E92/><V7/><F7/><W2/><G105/><T87/><D95/><U93/><E94/><V125/><F125/><W61/><G63/><T97/><D131/><U44/><E6/><V74/><F74/><W14/><G61/><T84/><D84/><U1/><E93/><V49/><F49/><W129/><G48/><RYUUKYOKU ba="3,2" sc="500,-10,150,-10,150,30,180,-10" hai2="0,4,5,10,12,22,23,25,26,27,41,47,51" /><INIT seed="2,4,2,4,1,69" ten="490,140,180,170" oya="2" hai0="97,59,120,47,60,29,123,1,132,19,12,112,52" hai1="114,78,20,129,10,21,2,51,76,63,55,23,104" hai2="17,96,4,3,88,45,119,34,35,43,90,14,62" hai3="135,44,84,110,73,25,46,111,61,11,130,99,92"/><V106/><F119/><W85/><G73/><T80/><D112/><U39/><E114/><V58/><F4/><W93/><G135/><T33/><D132/><U54/><E104/><V57/><F3/><W32/><G130/><T38/><D1/><U94/><E129/><V115/><F115/><W71/><G11/><T56/><D29/><U36/><E94/><V28/><F106/><W24/><G71/><T128/><D33/><U125/><E125/><V124/><F124/><W13/><G13/><T15/><D15/><U8/><E2/><V122/><F122/><W68/><G68/><T7/><D7/><U42/><E42/><V126/><F126/><W41/><G61/><T89/><D59/><U22/><E63/><V77/><F77/><N who="1" m="29801" /><E51/><V101/><F34/><W134/><G32/><T16/><D128/><U118/><N who="1" m="5120" /><DORA hai="103" /><U79/><N who="1" m="29809" /><U67/><DORA hai="107" /><E67/><V30/><F30/><W0/><G0/><T26/><D120/><U113/><E118/><V108/><F28/><W127/><G127/><T27/><D123/><U75/><E75/><V87/><F35/><W117/><G117/><T116/><D116/><U121/><E113/><V91/><F62/><W49/><G134/><T65/><D65/><U9/><E121/><V18/><F43/><W40/><REACH who="3" step="1"/><G49/><REACH who="3" ten="490,140,180,160" step="2"/><T72/><D72/><U105/><E105/><V6/><F14/><W81/><G81/><T74/><D80/><U64/><E64/><V53/><F108/><W86/><G86/><T102/><D74/><U100/><E100/><V98/><F101/><W83/><G83/><T95/><D102/><RYUUKYOKU ba="4,3" sc="490,-15,140,15,180,-15,160,15" hai1="8,9,10,36,39,54,55" hai3="24,25,40,41,44,46,84,85,92,93,99,110,111" /><INIT seed="3,5,3,3,0,33" ten="475,155,165,175" oya="3" hai0="101,16,79,102,98,31,55,58,48,109,62,41,123" hai1="29,35,126,111,72,20,68,1,105,24,61,43,133" hai2="26,15,127,66,135,36,22,3,12,47,57,60,78" hai3="100,86,131,130,118,59,89,76,87,82,84,10,42"/><W11/><G118/><T124/><D123/><U32/><E72/><V104/><F104/><W65/><G100/><T23/><D109/><U115/><E105/><V9/><F78/><W129/><G42/><T92/><D124/><U69/><E115/><V7/><F127/><W64/><G59/><T46/><D79/><U17/><E126/><V28/><REACH who="2" step="1"/><F135/><REACH who="2" ten="475,155,155,175" step="2"/><W80/><G87/><T21/><D31/><U4/><E133/><V119/><F119/><W112/><G112/><T122/><D122/><U120/><E120/><V83/><F83/><W99/><G99/><T39/><D23/><U85/><E20/><V106/><F106/><W45/><G45/><T40/><D39/><U0/><E29/><V27/><F27/><W113/><G113/><T18/><D21/><U52/><E24/><V90/><F90/><W14/><REACH who="3" step="1"/><G11/><REACH who="3" ten="475,155,155,165" step="2"/><T51/><D102/><U49/><E111/><V34/><F34/><W91/><G91/><T63/><D46/><U8/><E32/><V107/><F107/><W75/><G75/><T50/><D101/><U110/><E8/><V73/><F73/><W95/><G95/><T96/><D92/><U132/><E35/><V70/><F70/><W93/><G93/><T114/><D114/><U125/><E69/><V97/><F97/><W74/><G74/><T5/><D98/><U94/><E68/><V53/><F53/><W117/><G117/><T13/><D96/><U108/><E94/><V88/><F88/><W56/><G56/><T67/><D55/><U121/><E52/><V71/><F71/><W6/><AGARI ba="5,5" hai="6,10,14,64,65,76,80,82,84,86,89,129,130,131" machi="6" ten="30,11700,0" yaku="1,1,0,1,19,1,53,1" doraHai="33" doraHaiUra="2" who="3" fromWho="3" sc="475,-44,155,-44,155,-44,165,182" /><INIT seed="3,6,0,5,3,98" ten="431,111,111,347" oya="3" hai0="128,31,17,86,127,11,33,78,99,100,129,52,1" hai1="56,28,76,43,67,81,49,101,20,124,82,45,64" hai2="65,113,13,39,15,114,87,47,69,90,41,71,130" hai3="109,96,131,37,27,122,46,103,16,70,83,117,112"/><W61/><G112/><T58/><D127/><U104/><E124/><V88/><F130/><N who="0" m="50282" /><D31/><U125/><E125/><V91/><F87/><W133/><G131/><T106/><D33/><U26/><E56/><V92/><F92/><W30/><G117/><T80/><D17/><U62/><E62/><V63/><REACH who="2" step="1"/><F71/><REACH who="2" ten="431,111,101,347" step="2"/><W40/><G122/><T10/><D1/><U110/><E110/><V74/><F74/><W95/><G109/><T60/><AGARI ba="6,1" hai="10,11,52,58,60,78,80,86,99,100,106" m="50282" machi="60" ten="30,4000,0" yaku="19,1,52,1,54,1" doraHai="98" who="0" fromWho="0" sc="431,68,111,-16,101,-16,347,-26" /><INIT seed="4,0,0,3,4,65" ten="499,95,85,321" oya="0" hai0="87,125,93,73,50,41,9,42,25,58,82,44,24" hai1="115,131,135,104,18,85,14,101,113,133,79,128,40" hai2="22,37,129,89,121,29,69,95,76,126,26,3,12" hai3="117,99,64,52,19,66,92,123,32,31,75,36,63"/><T72/><D125/><U16/><E40/><V109/><F121/><W84/><G117/><T127/><D127/><U124/><E124/><V116/><F126/><W34/><G75/><T60/><D41/><U0/><E101/><V30/><F37/><W94/><G36/><T27/><D9/><N who="1" m="6223" /><E104/><V6/><F109/><W57/><G123/><T111/><D111/><U91/><E79/><V74/><F3/><W83/><G32/><T17/><D93/><N who="1" m="54511" /><E18/><V59/><F69/><W2/><G2/><T13/><D13/><U20/><E20/><V48/><F129/><N who="1" m="49737" /><E0/><V15/><F30/><W90/><G19/><T134/><D17/><U114/><AGARI ba="0,0" hai="113,114,115,133,135" m="49737,54511,6223" machi="114" ten="40,8000,1" yaku="15,1,11,1,19,1,54,1" doraHai="65" who="1" fromWho="1" sc="499,-40,95,80,85,-20,321,-20" /><INIT seed="5,0,0,5,3,58" ten="459,175,65,301" oya="1" hai0="118,85,96,105,129,60,29,86,13,120,127,63,6" hai1="108,82,3,122,16,110,25,49,24,54,10,17,23" hai2="9,12,42,75,106,112,47,133,5,70,101,61,83" hai3="2,124,115,19,30,117,128,98,69,100,37,48,1"/><U68/><E122/><V26/><F133/><W71/><G37/><T67/><D118/><U103/><E68/><V81/><F112/><W89/><G115/><T91/><D120/><U40/><E40/><V64/><F75/><W45/><G124/><T78/><D127/><U41/><E41/><V73/><F73/><W33/><G89/><T102/><D129/><U132/><E132/><V7/><F7/><W121/><G121/><T31/><D78/><U74/><E103/><V38/><REACH who="2" step="1"/><F26/><REACH who="2" ten="459,175,55,301" step="2"/><W11/><G117/><T94/><D6/><N who="1" m="1375" /><E25/><V104/><F104/><W114/><G114/><T87/><D105/><U99/><E24/><V8/><F8/><W84/><G11/><T79/><D13/><U4/><E4/><V20/><F20/><W80/><G2/><T131/><D131/><U66/><E23/><V93/><F93/><W76/><G1/><T44/><D94/><U21/><E21/><V116/><F116/><W113/><G128/><T22/><D22/><U57/><E74/><V35/><F35/><W88/><G113/><T77/><D29/><U126/><E126/><V39/><F39/><W53/><G30/><T56/><D31/><U50/><E17/><V32/><F32/><W111/><G19/><T59/><D79/><U34/><E16/><V65/><F65/><W135/><G33/><T18/><D77/><U95/><E66/><V28/><F28/><W0/><G0/><T72/><D18/><U134/><E95/><V15/><F15/><W90/><G135/><T43/><D72/><U125/><E134/><V62/><F62/><W109/><G76/><RYUUKYOKU ba="0,1" sc="459,-10,175,-10,55,30,301,-10" hai2="5,9,12,38,42,47,61,64,70,81,83,101,106" /><INIT seed="6,1,1,0,4,69" ten="449,165,85,291" oya="2" hai0="65,101,71,79,72,10,68,90,37,77,35,38,110" hai1="61,18,56,2,16,80,97,108,15,131,103,28,48" hai2="42,135,133,105,27,81,26,58,54,86,62,82,43" hai3="119,59,130,123,111,106,53,34,55,84,41,23,52"/><V107/><F86/><W121/><G111/><T30/><D110/><U93/><E108/><V7/><F7/><W109/><G119/><T95/><D101/><U125/><E2/><V49/><F49/><W25/><G106/><T116/><D10/><U126/><E131/><V40/><F105/><W128/><G34/><T91/><D72/><U74/><E28/><V117/><F107/><W85/><G59/><T115/><D65/><U129/><E48/><V6/><F6/><W88/><G85/><T102/><D102/><U122/><E129/><N who="3" m="49770" /><G41/><T64/><D64/><U87/><E74/><V11/><F117/><W5/><G5/><T45/><D45/><U22/><E18/><V31/><F11/><W63/><G63/><T104/><D104/><U50/><E50/><V0/><F0/><W51/><G51/><T100/><D71/><U66/><E122/><N who="3" m="46602" /><G109/><T46/><D68/><U112/><E112/><V67/><F67/><W4/><G4/><T60/><D115/><U12/><REACH who="1" step="1"/><E15/><REACH who="1" ten="449,155,85,291" step="2"/><V44/><F44/><W33/><G33/><T89/><D35/><U39/><E39/><V70/><F70/><W134/><G134/><N who="2" m="51209" /><F26/><W94/><G55/><T78/><D46/><U114/><E114/><V98/><F98/><W19/><AGARI ba="1,2" hai="19,23,25,52,53,84,88,94" m="46602,49770" machi="19" ten="30,4000,0" yaku="19,1,54,2" doraHai="69" who="3" fromWho="3" sc="449,-11,155,-11,85,-21,291,63" /><INIT seed="7,0,0,4,3,119" ten="438,144,64,354" oya="3" hai0="135,13,20,6,95,53,27,42,113,46,93,28,66" hai1="118,7,10,89,4,62,60,30,81,104,8,107,3" hai2="39,52,134,22,131,35,94,41,108,133,124,38,24" hai3="29,40,130,77,21,69,116,43,90,25,100,91,32"/><W72/><G116/><T70/><D113/><U74/><E118/><V1/><F1/><W0/><G0/><T45/><D135/><U50/><E30/><V73/><F73/><W36/><G69/><T79/><D79/><U127/><E127/><V67/><F35/><W84/><G130/><T122/><D122/><U83/><E50/><V85/><F108/><W82/><G100/><T99/><D53/><U34/><E34/><V78/><F124/><W120/><G120/><T126/><D126/><U49/><E49/><V97/><F131/><W9/><G9/><T15/><D42/><U11/><E74/><V47/><F39/><W59/><G91/><T86/><D66/><U71/><E89/><V55/><F67/><W57/><G32/><T117/><D70/><U16/><E71/><V44/><F44/><N who="0" m="17002" /><D6/><U101/><E101/><V114/><F114/><W106/><G106/><T26/><D26/><U115/><E115/><V80/><F133/><W33/><G33/><T5/><D5/><U23/><E3/><V129/><F134/><W17/><G36/><T64/><D64/><U121/><E121/><V14/><F14/><W58/><REACH who="3" step="1"/><G29/><REACH who="3" ten="438,144,64,344" step="2"/><T110/><D117/><U87/><E107/><V102/><REACH who="2" step="1"/><F129/><REACH who="2" ten="438,144,54,344" step="2"/><W112/><G112/><T75/><D28/><AGARI ba="0,2" hai="22,24,28,38,41,47,52,55,78,80,85,94,97,102" machi="28" ten="30,7700,0" yaku="1,1,2,1,7,1,54,1,53,0" doraHai="119" doraHaiUra="125" who="2" fromWho="0" sc="438,-77,144,0,54,97,344,0" owari="361,46.1,144,-35.6,151,-24.9,344,14.4" /></mjloggm>