<mjloggm ver="2.3"><GO type="169" lobby="0"/><UN n0="%E5%B1%B1%E6%9C%AC%E6%83%A3%E4%B8%80%E6%9C%97" n1="%E3%81%97%E3%82%82%E3%82%93%E3%81%AC" n2="%E3%82%84%E3%81%BE%E6%82%A0%59%59%59%59" n3="%E3%82%BC%E3%83%B3%E3%83%84%E3%83%9E%E3%82%B7%E3%83%BC%E3%83%B3" dan="17,16,17,16" rate="2183.85,2154.39,2218.29,2145.00" sx="M,M,M,M"/><TAIKYOKU oya="0"/><INIT seed="0,0,0,4,5,110" ten="250,250,250,250" oya="0" hai0="77,11,26,31,49,76,131,79,46,42,38,43,82" hai1="25,130,122,10,5,106,15,81,20,126,0,92,107" hai2="109,128,91,120,28,33,61,57,96,23,56,16,30" hai3="48,86,132,125,50,32,87,22,78,52,88,18,123"/><T60/><D131/><U135/><E122/><V103/><F120/><W93/><G123/><T9/><D82/><U8/><E130/><V4/><F109/><W21/><G32/><T73/><D73/><U7/><E126/><V1/><F128/><W124/><G132/><T66/><D43/><U133/><E81/><V71/><F91/><W65/><G65/><T17/><D38/><U85/><E85/><V36/><F36/><W90/><G78/><T41/><D41/><U80/><E92/><V47/><F47/><W35/><G35/><T68/><REACH who="0" step="1"/><D17/><REACH who="0" ten="240,250,250,250" step="2"/><N who="1" m="12431" /><E80/><V3/><F16/><W105/><G18/><T100/><D100/><U114/><E107/><V97/><F103/><W116/><G105/><T13/><D13/><U51/><E106/><V67/><F1/><W70/><G125/><T127/><D127/><U64/><E15/><V112/><F3/><W117/><G124/><T113/><D113/><U95/><E114/><V24/><F112/><W63/><G117/><T58/><D58/><U59/><E59/><V34/><F56/><N who="3" m="35207" /><G116/><T6/><D6/><U55/><E5/><V102/><F4/><W115/><G115/><T37/><D37/><U45/><E7/><V29/><F57/><W75/><G75/><T134/><D134/><N who="1" m="51211" /><E0/><V118/><F118/><W19/><G19/><T44/><D44/><U94/><E64/><V98/><F102/><W27/><G70/><T121/><D121/><U108/><E108/><V89/><F89/><W69/><G69/><T83/><D83/><U14/><E14/><V62/><F62/><W40/><G90/><T101/><D101/><RYUUKYOKU ba="0,1" sc="240,10,250,10,250,10,250,-30" hai0="9,11,26,31,42,46,49,60,66,68,76,77,79" hai1="8,10,45,51,55,94,95" hai2="23,24,28,29,30,33,34,61,67,71,96,97,98" /><INIT seed="0,1,1,5,0,31" ten="250,260,260,220" oya="0" hai0="40,118,96,46,36,52,56,18,88,20,53,17,113" hai1="24,112,5,49,47,102,54,111,120,115,105,81,90" hai2="87,64,108,86,79,85,44,73,68,11,26,55,27" hai3="38,71,109,7,48,15,75,104,99,91,83,106,29"/><T98/><D113/><N who="1" m="43595" /><E120/><V34/><F108/><W78/><G38/><T82/><D118/><U30/><E111/><V60/><F34/><W25/><G109/><T100/><D53/><U95/><E5/><V22/><F11/><W66/><G48/><T92/><D20/><N who="1" m="15623" /><E81/><V2/><F2/><W21/><G71/><T1/><D1/><U33/><E33/><V3/><F3/><W19/><G66/><T135/><D135/><U119/><E119/><V134/><F134/><W59/><G59/><T107/><REACH who="0" step="1"/><D82/><REACH who="0" ten="240,260,260,220" step="2"/><U97/><E105/><V94/><F22/><W62/><G106/><T67/><D67/><U133/><E133/><V126/><F55/><W131/><G104/><T50/><AGARI ba="1,2" hai="17,18,36,40,46,50,52,56,88,92,96,98,100,107" machi="50" ten="20,12000,1" yaku="1,1,0,1,7,1,54,2,53,0" doraHai="31" doraHaiUra="124" who="0" fromWho="0" sc="240,143,260,-41,260,-41,220,-41" /><INIT seed="0,2,0,0,1,125" ten="383,219,219,179" oya="0" hai0="114,40,130,24,99,69,131,12,104,88,112,44,48" hai1="118,25,89,79,103,15,34,59,28,97,61,74,10" hai2="4,7,63,57,13,38,58,29,128,108,100,32,51" hai3="102,23,8,52,110,77,121,45,85,80,95,87,111"/><T65/><D12/><U109/><E109/><N who="3" m="41482" /><G121/><T93/><D104/><U43/><E118/><V129/><F108/><W56/><G45/><T21/><D65/><U98/><E43/><V66/><F38/><W115/><G115/><T123/><D69/><U1/><E1/><V76/><F76/><W54/><G8/><T17/><REACH who="0" step="1"/><D123/><REACH who="0" ten="373,219,219,179" step="2"/><U11/><E15/><V26/><F13/><W30/><G56/><T134/><D134/><U27/><E59/><V105/><F105/><W126/><G126/><T42/><D42/><U9/><E9/><V5/><REACH who="2" step="1"/><F100/><REACH who="2" ten="373,219,209,179" step="2"/><W62/><G102/><T122/><D122/><U116/><E103/><V75/><F75/><W47/><G47/><T55/><D55/><AGARI ba="2,2" hai="4,5,7,26,29,32,51,55,57,58,63,66,128,129" machi="55" ten="40,5200,0" yaku="1,1,52,2,53,0" doraHai="125" doraHaiUra="70" who="2" fromWho="0" sc="373,-58,219,0,209,78,179,0" /><INIT seed="1,0,0,2,4,52" ten="315,219,287,179" oya="1" hai0="134,115,37,123,129,61,110,84,66,64,36,122,106" hai1="58,19,21,42,78,10,59,26,60,18,97,49,12" hai2="76,85,77,72,27,133,88,53,91,81,116,102,51" hai3="62,8,127,63,23,30,92,74,99,107,7,86,104"/><U126/><E126/><V25/><F116/><W4/><G74/><T113/><D106/><U111/><E111/><V39/><F39/><N who="0" m="14922" /><D84/><U93/><E78/><V100/><F133/><W45/><G127/><T11/><D11/><U3/><E3/><V32/><F77/><W47/><G86/><T70/><D134/><U128/><E128/><V0/><F0/><W29/><G23/><T13/><D13/><U20/><E10/><V54/><F54/><W112/><G8/><T6/><D6/><U35/><E35/><V109/><F109/><W67/><G92/><T120/><D110/><U90/><REACH who="1" step="1"/><E60/><REACH who="1" ten="315,209,287,179" step="2"/><V105/><F32/><W80/><G63/><N who="0" m="40223" /><D129/><U43/><E43/><V28/><F76/><W83/><G62/><T119/><D119/><U40/><E40/><V125/><F125/><W121/><G112/><T95/><D95/><U130/><E130/><V33/><F72/><W131/><G131/><T71/><AGARI ba="0,1" hai="61,66,71,113,115,120,122,123" m="40223,14922" machi="71" ten="40,8000,1" yaku="13,1,23,1,34,2" doraHai="52" who="0" fromWho="0" sc="315,90,209,-40,287,-20,179,-20" /><INIT seed="2,0,0,1,4,83" ten="405,169,267,159" oya="2" hai0="84,80,102,103,7,113,3,99,87,37,132,52,106" hai1="122,4,61,128,57,67,73,77,81,69,28,25,88" hai2="127,74,32,41,17,107,13,26,97,133,27,121,115" hai3="75,66,15,89,14,65,48,71,51,130,56,63,47"/><V24/><F74/><W79/><G130/><T38/><D113/><U76/><E128/><V2/><F41/><W114/><G114/><T90/><D132/><U33/><E122/><V0/><F115/><W118/><G118/><T93/><D102/><U116/><E116/><V92/><F107/><W8/><G79/><T42/><D42/><U135/><E135/><V112/><F112/><W108/><G75/><T110/><D110/><U31/><E31/><V30/><F133/><W55/><G108/><T62/><D7/><U1/><E1/><N who="2" m="619" /><F92/><W124/><G124/><T59/><D3/><U86/><E4/><V36/><F97/><W68/><G15/><T126/><D126/><U29/><E29/><N who="2" m="19495" /><F36/><W11/><G11/><T46/><D46/><U58/><REACH who="1" step="1"/><E76/><AGARI ba="0,0" hai="37,38,52,59,62,76,80,84,87,90,93,99,103,106" machi="76" ten="30,7700,0" yaku="7,1,52,2,54,1" doraHai="83" who="0" fromWho="1" sc="405,77,169,-77,267,0,159,0" /><INIT seed="3,0,0,3,2,116" ten="482,92,267,159" oya="3" hai0="53,17,124,57,20,3,35,44,7,26,123,14,18" hai1="108,0,115,15,8,129,72,47,102,86,101,29,2" hai2="97,69,111,49,38,126,59,106,10,70,98,27,22" hai3="46,80,90,12,31,104,32,56,95,105,63,33,23"/><W120/><G120/><T88/><D123/><U68/><E115/><V40/><F111/><W67/><G80/><T61/><D124/><U109/><E72/><V45/><F126/><W110/><G110/><N who="1" m="42602" /><E68/><V51/><F10/><W92/><G46/><T28/><D44/><U122/><E129/><V34/><F34/><W43/><G43/><T50/><D17/><N who="1" m="8423" /><E122/><V81/><F81/><W54/><G95/><T48/><D88/><U85/><E29/><V60/><F51/><W133/><G133/><T91/><D91/><U117/><E117/><V41/><F41/><W71/><G33/><T99/><REACH who="0" step="1"/><D99/><REACH who="0" ten="472,92,267,159" step="2"/><U94/><E47/><V37/><F97/><W76/><G90/><T52/><D52/><U73/><E73/><V89/><F89/><W84/><G54/><T77/><D77/><U125/><E125/><V103/><F37/><W79/><G76/><T82/><D82/><U113/><E113/><V112/><F38/><W107/><G79/><T42/><D42/><U5/><E86/><V131/><F112/><W62/><G84/><T96/><D96/><U55/><E55/><V16/><F131/><W121/><G121/><T93/><D93/><U87/><E87/><V39/><F39/><W19/><G92/><T30/><D30/><U75/><E75/><V128/><F128/><W83/><G83/><T13/><D13/><U24/><E85/><V114/><F114/><W4/><G107/><T135/><D135/><U118/><E94/><V6/><F6/><W119/><G4/><T130/><D130/><U78/><E5/><V134/><F134/><W36/><G105/><RYUUKYOKU ba="0,1" sc="472,15,92,-15,267,15,159,-15" hai0="3,7,14,18,20,26,28,35,48,50,53,57,61" hai2="16,22,27,40,45,49,59,60,69,70,98,103,106" /><INIT seed="4,1,1,3,2,22" ten="487,77,282,144" oya="0" hai0="54,33,108,10,23,66,110,2,6,87,92,129,114" hai1="3,127,120,17,19,107,103,131,94,48,96,121,61" hai2="69,60,70,28,13,1,24,29,115,40,36,49,112" hai3="89,47,37,111,116,135,117,106,93,90,68,126,11"/><T105/><D105/><U65/><E127/><V52/><F1/><W43/><G111/><N who="0" m="42539" /><D33/><U78/><E131/><V130/><F29/><W74/><G126/><T32/><D32/><U124/><E124/><V75/><F75/><W16/><G135/><T57/><D66/><U109/><E109/><V56/><F130/><W83/><G106/><T20/><D129/><U84/><E3/><V30/><F30/><W46/><G68/><T101/><D114/><N who="2" m="43562" /><F13/><W58/><G46/><T134/><D134/><U4/><E4/><V79/><F79/><W82/><G58/><T63/><D87/><U128/><E48/><V50/><F24/><W97/><G74/><T95/><D101/><U18/><E128/><V38/><F28/><W123/><G123/><T72/><D72/><U39/><E39/><N who="2" m="14891" /><F40/><W35/><G35/><T59/><D59/><U8/><E121/><V64/><F49/><W0/><G0/><T42/><D42/><U100/><E120/><V125/><F125/><W91/><G82/><T76/><D76/><U88/><E78/><V80/><F80/><W98/><G83/><T55/><D2/><U77/><E77/><V51/><F51/><W7/><G7/><T12/><D6/><U113/><E113/><V25/><F25/><W81/><G81/><T102/><D12/><U26/><E100/><V62/><F62/><W53/><G98/><T122/><D63/><U85/><E85/><V21/><F21/><W119/><G97/><T9/><D122/><U44/><E26/><V71/><AGARI ba="1,1" hai="50,52,56,60,64,69,70,71" m="14891,43562" machi="71" ten="40,8000,1" yaku="15,1,34,2,54,1" doraHai="22" who="2" fromWho="2" sc="487,-41,77,-21,282,93,144,-21" /><INIT seed="5,0,0,5,5,73" ten="446,56,375,123" oya="1" hai0="14,17,131,108,101,41,13,79,0,57,75,38,10" hai1="94,24,125,44,58,93,70,1,47,56,48,2,4" hai2="91,6,36,107,105,18,80,119,37,124,89,8,7" hai3="97,120,112,99,110,54,12,45,135,32,121,34,31"/><U65/><E125/><V59/><F119/><W39/><G110/><T96/><D108/><U33/><E70/><V46/><F124/><W60/><G112/><T126/><D126/><U3/><E4/><V67/><F18/><W15/><G135/><T117/><D117/><U132/><E132/><V68/><F68/><W64/><G31/><T84/><D131/><U19/><E44/><V116/><F116/><W127/><G127/><T104/><D75/><U111/><E111/><V128/><F128/><W11/><G54/><T78/><D0/><U129/><E129/><V92/><F80/><W85/><G85/><T35/><D35/><U28/><E19/><V27/><F27/><W29/><G45/><T43/><D84/><U88/><E65/><V66/><F46/><W100/><G29/><T22/><D57/><U95/><REACH who="1" step="1"/><E88/><REACH who="1" ten="446,46,375,123" step="2"/><V87/><F89/><W49/><G64/><T5/><REACH who="0" step="1"/><D38/><REACH who="0" ten="436,46,375,123" step="2"/><U55/><AGARI ba="0,2" hai="1,2,3,24,28,33,47,48,55,56,58,93,94,95" machi="55" ten="40,18000,2" yaku="1,1,2,1,0,1,53,3" doraHai="73" doraHaiUra="90" who="1" fromWho="1" sc="436,-60,46,200,375,-60,123,-60" /><INIT seed="5,1,0,0,1,72" ten="376,246,315,63" oya="1" hai0="98,19,92,125,107,56,4,17,128,89,99,100,53" hai1="115,54,113,45,96,47,80,51,42,74,33,133,0" hai2="59,118,62,112,108,60,23,46,102,7,65,43,9" hai3="76,103,24,10,32,26,121,63,52,6,38,134,93"/><U119/><E119/><V101/><F108/><W82/><G121/><T66/><D128/><U35/><E0/><V111/><F111/><W16/><G134/><T44/><D125/><U126/><E133/><V12/><F118/><W69/><G38/><T75/><D75/><U87/><E74/><V67/><F23/><W114/><G114/><N who="1" m="43530" /><E96/><V86/><F86/><N who="3" m="48455" /><G69/><T11/><D66/><U130/><E130/><V91/><F91/><W95/><G32/><T73/><D44/><U55/><E126/><V104/><F104/><W83/><G83/><T2/><REACH who="0" step="1"/><D73/><REACH who="0" ten="366,246,315,63" step="2"/><U31/><E45/><V90/><F112/><W71/><G71/><T34/><D34/><N who="1" m="12811" /><E31/><V97/><F46/><W135/><G135/><T3/><D3/><U57/><E57/><V14/><F59/><N who="3" m="35303" /><G6/><T48/><AGARI ba="1,1" hai="2,4,11,17,19,48,53,56,89,92,98,99,100,107" machi="48" ten="20,2700,0" yaku="1,1,0,1,7,1,53,0" doraHai="72" doraHaiUra="78" who="0" fromWho="0" sc="366,40,246,-14,315,-8,63,-8" /><INIT seed="6,0,0,0,1,40" ten="406,232,307,55" oya="2" hai0="46,15,111,34,75,107,110,44,32,28,131,20,81" hai1="50,47,128,65,25,56,36,43,83,30,73,64,12" hai2="19,33,85,59,49,115,71,77,100,121,126,79,78" hai3="96,95,61,31,123,52,94,7,118,80,67,55,74"/><V0/><F121/><W108/><G108/><T124/><D107/><U37/><E128/><V51/><F71/><W5/><G118/><T53/><D131/><U21/><E12/><V6/><F33/><W91/><G123/><T38/><D38/><U106/><E106/><V45/><F126/><W109/><G109/><T26/><D124/><U68/><E68/><V39/><F39/><W120/><G120/><T92/><D110/><U90/><E36/><V16/><F115/><W72/><G31/><T127/><D127/><U116/><E116/><V125/><F125/><W13/><G72/><T58/><D111/><U10/><E10/><V112/><F112/><W8/><G5/><T84/><D75/><U60/><E37/><V1/><F100/><W132/><G132/><T135/><D92/><U14/><E14/><V98/><F98/><W133/><G133/><T48/><D135/><U129/><E129/><V57/><F85/><W66/><G66/><T101/><D101/><U103/><E103/><V69/><F69/><W86/><G74/><T93/><D93/><U42/><E42/><V9/><F0/><W122/><G94/><T17/><D34/><U54/><REACH who="1" step="1"/><E73/><REACH who="1" ten="406,222,307,55" step="2"/><V62/><F9/><W102/><REACH who="3" step="1"/><G122/><REACH who="3" ten="406,222,307,45" step="2"/><T23/><D15/><U134/><E134/><V41/><F6/><W99/><G99/><T105/><D105/><U113/><E113/><V27/><F1/><W76/><G76/><T117/><D117/><U88/><E88/><V29/><F78/><W97/><G97/><T130/><D130/><U63/><E63/><V3/><F79/><W89/><G89/><RYUUKYOKU ba="0,2" sc="406,-15,222,15,307,-15,45,15" hai1="21,25,30,43,47,50,54,56,60,64,65,83,90" hai3="7,8,13,52,55,61,67,80,86,91,95,96,102" /><INIT seed="7,1,2,4,4,53" ten="391,237,292,60" oya="3" hai0="33,25,57,83,38,14,124,118,55,11,68,23,125" hai1="17,115,87,60,66,18,116,117,29,91,70,76,110" hai2="98,100,71,131,48,42,40,104,32,112,72,74,122" hai3="39,94,10,73,6,16,51,22,92,77,84,4,24"/><W65/><G39/><T9/><D68/><U19/><E110/><V64/><F112/><W15/><G73/><T107/><D107/><U111/><E111/><V69/><F131/><W113/><G113/><T88/><D38/><U41/><E115/><V105/><F122/><W96/><G65/><T102/><D33/><U46/><E76/><V28/><F105/><W82/><G51/><T134/><D102/><U20/><E29/><V52/><F72/><W54/><G54/><T3/><D3/><U30/><E30/><V114/><F74/><W80/><G80/><T119/><D134/><U49/><REACH who="1" step="1"/><E20/><REACH who="1" ten="391,227,292,60" step="2"/><V5/><F114/><W101/><REACH who="3" step="1"/><G92/><AGARI ba="1,3" hai="17,18,19,41,46,49,60,66,70,87,91,92,116,117" machi="92" ten="40,5200,0" yaku="1,1,2,1,53,1" doraHai="53" doraHaiUra="56" who="1" fromWho="3" sc="391,0,227,85,292,0,60,-55" owari="391,49.1,312,11.2,292,-10.8,5,-49.5" /></mjloggm>