<mjloggm ver="2.3"><GO type="169" lobby="0"/><UN n0="%E3%81%9F%E3%81%BE%E5%AD%90" n1="%E9%A7%BF" n2="%E8%B6%85%E6%94%BB%E6%92%83%E9%BA%BB%E9%9B%80" n3="%E3%81%93%E3%81%94%E3%81%A6%E3%81%83%E3%83%BC" dan="16,16,16,16" rate="2171.01,2123.46,2180.30,2028.03" sx="M,M,M,M"/><TAIKYOKU oya="0"/><INIT seed="0,0,0,4,1,35" ten="250,250,250,250" oya="0" hai0="125,86,30,41,108,17,56,47,22,46,81,131,102" hai1="95,45,16,88,93,129,69,79,134,107,85,127,98" hai2="6,104,60,135,20,101,84,61,118,67,8,51,33" hai3="49,115,99,71,122,23,120,12,54,109,7,76,9"/><T77/><D131/><U70/><E129/><V63/><F33/><W31/><G115/><T111/><D125/><U28/><E107/><V114/><F114/><W25/><G71/><T133/><D133/><U62/><E134/><V42/><F135/><W1/><G76/><T11/><D102/><U89/><E127/><V90/><F118/><W29/><G99/><T18/><D56/><U91/><E79/><V10/><F10/><N who="3" m="2415" /><G54/><T126/><D126/><U65/><E28/><V36/><F36/><W57/><G57/><T0/><D30/><U117/><E117/><V100/><F67/><W128/><G49/><T32/><D32/><U116/><E116/><V83/><F104/><W96/><G96/><T21/><D21/><U105/><E105/><V27/><F51/><W5/><G128/><T92/><D92/><U26/><E45/><V2/><REACH who="2" step="1"/><F42/><REACH who="2" ten="250,250,240,250" step="2"/><W121/><G109/><N who="0" m="42059" /><D41/><U74/><E69/><V78/><F78/><W123/><G123/><T64/><D64/><U59/><E70/><V48/><F48/><W4/><G31/><AGARI ba="0,1" hai="2,6,8,20,27,31,60,61,63,83,84,90,100,101" machi="31" ten="40,2600,0" yaku="1,1,52,1,53,0" doraHai="35" doraHaiUra="68" who="2" fromWho="3" sc="250,0,250,0,240,36,250,-26" /><INIT seed="1,0,0,1,3,128" ten="250,250,276,224" oya="1" hai0="114,12,127,73,4,111,35,112,29,25,9,86,16" hai1="17,124,11,68,120,61,51,30,64,131,59,115,20" hai2="99,97,101,10,83,75,47,1,89,28,32,39,37" hai3="5,24,27,56,46,66,23,90,45,103,113,58,107"/><U79/><E115/><V82/><F28/><W126/><G113/><T0/><D73/><U8/><E120/><V102/><F32/><W130/><G130/><T70/><D70/><U96/><E131/><V94/><F89/><W76/><G76/><T93/><D111/><U135/><E124/><V21/><F21/><W63/><G126/><T19/><D127/><U109/><E109/><V13/><F1/><W42/><G5/><T80/><D93/><U53/><E30/><V38/><F47/><W50/><G46/><T22/><REACH who="0" step="1"/><D19/><REACH who="0" ten="240,250,276,224" step="2"/><U54/><E68/><V48/><F75/><W81/><G107/><T118/><D118/><U87/><E17/><V92/><F48/><W62/><G81/><T18/><D18/><AGARI ba="0,1" hai="10,13,18,37,38,39,82,83,92,94,97,99,101,102" machi="18" ten="40,1300,0" yaku="9,1" doraHai="128" who="2" fromWho="0" sc="240,-13,250,0,276,23,224,0" /><INIT seed="2,0,0,5,3,89" ten="227,250,299,224" oya="2" hai0="15,54,4,9,91,12,21,51,41,125,102,10,27" hai1="58,52,45,56,66,106,80,123,25,115,133,65,18" hai2="114,55,70,94,38,71,73,14,107,60,116,53,82" hai3="31,74,77,44,132,122,59,57,86,13,20,101,85"/><V61/><F107/><W90/><G122/><T124/><D41/><U26/><E106/><V40/><F116/><W11/><G132/><T62/><D62/><U47/><E115/><V29/><F29/><W24/><G74/><T49/><D102/><U32/><E133/><V37/><F114/><W28/><G28/><T92/><D124/><U35/><E18/><V79/><F14/><W30/><G30/><T43/><D43/><U105/><E105/><V99/><F60/><W63/><G44/><T121/><D125/><U6/><E80/><V2/><F2/><W0/><G0/><T81/><D81/><U8/><E8/><V118/><F118/><W83/><G101/><T100/><D100/><U126/><E52/><V129/><F129/><W50/><G50/><T67/><D67/><U104/><E104/><V42/><F42/><W112/><G63/><T69/><D69/><U17/><E17/><V84/><F73/><W39/><G39/><T111/><D111/><U75/><E75/><V3/><F3/><W120/><G120/><T64/><D64/><U46/><E46/><N who="2" m="23823" /><F38/><W96/><G96/><N who="0" m="57375" /><D54/><N who="2" m="20490" /><F70/><W23/><G112/><T88/><D88/><U22/><E123/><V5/><F5/><W110/><G90/><T98/><D98/><U108/><E126/><V117/><F117/><W119/><G110/><T34/><D34/><U19/><E108/><V36/><F36/><W113/><G113/><T127/><D121/><U78/><E32/><V16/><F61/><W95/><G119/><T33/><D33/><U93/><E35/><V1/><F99/><W134/><G134/><RYUUKYOKU ba="0,0" sc="227,0,250,0,299,0,224,0" /><INIT seed="3,1,0,3,5,10" ten="227,250,299,224" oya="3" hai0="59,108,104,43,109,33,73,113,119,88,102,92,66" hai1="27,72,30,37,69,87,32,131,132,134,22,61,106" hai2="44,85,34,99,83,84,42,90,20,21,6,116,39" hai3="31,51,40,49,95,115,100,122,77,126,80,70,46"/><W135/><G115/><T128/><D33/><U123/><E123/><V62/><F34/><W9/><G122/><T60/><D119/><U5/><E72/><V110/><F116/><W3/><G70/><T35/><D35/><U4/><E37/><V24/><F110/><N who="0" m="42602" /><D73/><U48/><E106/><V74/><F74/><W15/><G3/><T79/><D79/><U8/><E131/><V2/><F99/><N who="3" m="59519" /><G135/><N who="1" m="51754" /><E32/><V133/><F133/><W96/><G96/><N who="0" m="61511" /><D43/><U103/><E103/><V36/><F36/><W57/><G31/><T19/><D128/><U26/><E26/><V13/><F2/><W64/><G126/><T105/><D105/><U18/><E87/><V89/><F62/><N who="3" m="37967" /><G80/><T63/><D63/><U114/><E114/><V78/><F24/><W111/><G111/><T97/><D113/><U124/><E124/><V82/><F78/><W86/><G86/><T56/><D56/><U120/><E120/><V112/><F112/><W16/><G51/><T0/><D0/><U53/><E69/><V68/><F68/><W98/><G98/><T25/><D25/><U91/><E61/><V67/><REACH who="2" step="1"/><F67/><REACH who="2" ten="227,250,289,224" step="2"/><W11/><G77/><T71/><D71/><U1/><E1/><V50/><F50/><W129/><G129/><T130/><D130/><U75/><E75/><V125/><F125/><W28/><G28/><T55/><D66/><U45/><E91/><V121/><F121/><W54/><G40/><T101/><D88/><U12/><AGARI ba="1,1" hai="4,5,8,12,18,22,27,30,45,48,53" m="51754" machi="12" ten="30,2000,0" yaku="20,1,52,1" doraHai="10" who="1" fromWho="1" sc="227,-6,250,33,289,-6,224,-11" /><INIT seed="4,0,0,2,3,108" ten="221,283,283,213" oya="0" hai0="132,86,65,21,28,115,1,116,80,110,99,69,24" hai1="49,6,71,38,67,47,51,93,91,23,54,104,95" hai2="7,18,16,121,129,119,123,46,127,40,14,102,124" hai3="82,89,74,96,79,19,72,73,12,58,26,44,133"/><T13/><D116/><U59/><E104/><V30/><F102/><W134/><G26/><T10/><D110/><U22/><E6/><V114/><F46/><W32/><G32/><T105/><D132/><N who="3" m="50793" /><G44/><T101/><D1/><U78/><E78/><V75/><F40/><W31/><G31/><T64/><D69/><U52/><E38/><V2/><F75/><W53/><G89/><T118/><D118/><U42/><E42/><V3/><F119/><W125/><G96/><T97/><D97/><U29/><E29/><V112/><F30/><W60/><G125/><N who="2" m="48201" /><F18/><W117/><G117/><T0/><D28/><U8/><E8/><AGARI ba="0,0" hai="8,12,19,53,58,60,72,73,74,79,82" m="50793" machi="8" ten="30,1000,0" yaku="20,1" doraHai="108" who="3" fromWho="1" sc="221,0,283,-10,283,0,213,10" /><INIT seed="5,0,0,4,4,55" ten="221,273,283,223" oya="1" hai0="39,116,41,28,133,118,83,91,114,124,29,105,63" hai1="4,109,43,64,9,94,42,110,51,33,76,93,12" hai2="22,121,5,58,132,81,27,107,10,103,62,1,79" hai3="82,119,130,20,108,95,125,135,69,18,67,34,106"/><U100/><E33/><V14/><F121/><W8/><G108/><N who="1" m="41578" /><E76/><V122/><F122/><W134/><G82/><T6/><D105/><U26/><E26/><V44/><F132/><N who="3" m="50731" /><G95/><N who="1" m="36362" /><E100/><V126/><F126/><W35/><G106/><T31/><D133/><U46/><E64/><V84/><F44/><W50/><G50/><T56/><D124/><U131/><E131/><V113/><F113/><W47/><G47/><T38/><D116/><U65/><E65/><V21/><F1/><W123/><G69/><T53/><D118/><U80/><E80/><V49/><F49/><W11/><G67/><T104/><D104/><U59/><E59/><V96/><REACH who="2" step="1"/><F27/><REACH who="2" ten="221,273,273,223" step="2"/><W115/><G123/><T25/><D25/><U2/><E2/><V78/><F78/><W0/><G119/><T92/><D39/><U89/><E89/><V75/><F75/><W102/><G125/><T117/><D38/><U73/><E73/><V70/><F70/><W99/><G0/><T15/><D91/><U74/><E74/><V66/><AGARI ba="0,1" hai="5,10,14,21,22,58,62,66,79,81,84,96,103,107" machi="66" ten="20,5200,0" yaku="1,1,0,1,7,1,52,1,53,0" doraHai="55" doraHaiUra="85" who="2" fromWho="2" sc="221,-13,273,-26,273,62,223,-13" /><INIT seed="6,0,0,4,1,59" ten="208,247,335,210" oya="2" hai0="97,77,134,121,27,81,60,2,50,51,106,44,38" hai1="123,42,107,67,95,18,83,32,39,24,98,13,132" hai2="30,101,52,102,21,117,31,63,58,112,99,20,25" hai3="128,122,22,41,54,118,8,85,66,109,135,130,43"/><V90/><F117/><W103/><G122/><T96/><D121/><U73/><E123/><V82/><F112/><W15/><G109/><T35/><D2/><U92/><E107/><V26/><F82/><W53/><G22/><T45/><D38/><U71/><E39/><V36/><F36/><W115/><G118/><T49/><D134/><U7/><E42/><V65/><F65/><W127/><G103/><T76/><D106/><U119/><E7/><V91/><F101/><W0/><G85/><N who="0" m="48295" /><D35/><U88/><E119/><V29/><F31/><W14/><G0/><T17/><D77/><U28/><E132/><V12/><F12/><W87/><G135/><T74/><D60/><U48/><E48/><N who="0" m="18537" /><D74/><U89/><E73/><V113/><F113/><W55/><G115/><T94/><D94/><AGARI ba="0,0" hai="20,21,25,26,29,30,52,58,63,90,91,94,99,102" machi="94" ten="30,12000,1" yaku="7,1,9,1,8,1,52,1,54,1" doraHai="59" who="2" fromWho="0" sc="208,-120,247,0,335,120,210,0" /><INIT seed="6,1,0,5,3,98" ten="88,247,455,210" oya="2" hai0="53,135,100,84,85,105,87,114,51,36,124,133,117" hai1="86,59,65,77,44,16,110,32,9,129,23,66,7" hai2="45,30,60,126,95,94,99,13,81,50,62,104,97" hai3="71,12,29,127,90,118,122,42,80,15,92,47,48"/><V107/><F30/><W70/><G118/><T5/><D36/><U25/><E110/><V119/><F119/><W57/><G122/><T39/><D39/><U63/><E32/><V103/><F126/><W52/><G127/><T111/><D5/><U73/><E73/><V58/><F13/><W14/><G80/><T120/><D124/><U31/><E129/><V116/><F81/><W93/><G29/><T41/><D41/><U67/><E31/><V123/><F123/><W55/><G55/><T46/><D117/><U40/><E86/><V82/><F82/><W76/><G76/><T78/><D120/><U83/><E83/><V121/><F121/><W113/><G113/><T38/><D38/><U11/><E77/><V130/><F62/><W125/><G125/><T19/><D78/><U43/><E43/><V34/><F34/><W26/><G26/><T131/><D111/><U17/><E17/><V134/><F134/><N who="0" m="51210" /><D131/><U108/><E108/><V64/><F130/><W69/><REACH who="3" step="1"/><G90/><REACH who="3" ten="88,247,455,200" step="2"/><T61/><D114/><U2/><E9/><V21/><F116/><W54/><G54/><T72/><D72/><U22/><E22/><V3/><F21/><W115/><G115/><T109/><D109/><U4/><E11/><V89/><F3/><W79/><G79/><T101/><D105/><U33/><E2/><V88/><F89/><W128/><G128/><T37/><D37/><AGARI ba="1,1" hai="12,14,15,37,42,47,48,52,57,69,70,71,92,93" machi="37" ten="50,3200,0" yaku="1,1,54,1,53,0" doraHai="98" doraHaiUra="74" who="3" fromWho="0" sc="88,-35,247,0,455,0,200,45" /><INIT seed="7,0,0,2,1,116" ten="53,247,455,245" oya="3" hai0="6,15,23,75,4,3,16,89,73,52,133,42,119" hai1="22,115,112,51,18,1,12,84,125,58,78,127,8" hai2="90,92,82,97,56,104,105,113,64,98,27,19,132" hai3="36,109,100,61,118,2,93,72,45,124,54,95,99"/><W28/><G118/><T96/><D119/><U111/><E111/><V83/><F113/><N who="1" m="43593" /><E58/><V62/><F132/><W68/><G72/><T117/><D117/><U130/><E130/><V46/><F104/><W10/><G109/><T11/><D133/><U135/><E51/><V85/><F46/><W30/><G124/><T129/><D129/><U131/><E131/><V50/><F50/><W134/><G134/><T43/><D73/><U34/><E34/><V35/><F35/><W79/><G79/><T120/><D75/><U44/><E44/><V122/><F122/><W57/><G68/><T87/><D96/><N who="2" m="36970" /><F105/><W128/><G128/><T13/><D6/><N who="1" m="1103" /><E135/><V17/><F27/><W9/><G93/><T121/><D3/><U59/><E59/><V48/><F48/><W0/><G0/><T86/><D86/><U55/><E55/><V37/><F37/><W108/><G108/><T25/><D25/><U77/><E84/><V101/><F101/><W20/><G45/><T39/><D39/><U91/><E91/><V26/><F26/><N who="3" m="16455" /><G2/><T76/><D76/><AGARI ba="0,0" hai="12,18,22,76,77,78,125,127" m="1103,43593" machi="76" ten="30,1000,0" yaku="15,1" doraHai="116" who="1" fromWho="0" sc="53,-10,247,10,455,0,245,0" owari="43,-45.7,257,5.7,455,55.5,245,-15.5" /></mjloggm>