<mjloggm ver="2.3"><GO type="169" lobby="0"/><UN n0="%E6%99%A8%E6%98%8F%E5%B0%8D%E5%B3%99" n1="%E2%97%8E%E3%82%88%E3%81%97%E2%97%8E" n2="%79%7A%68%61%6E%67" n3="%E3%82%AB%E3%83%AB%E3%83%94%E3%82%B9%E3%82%B5%E3%83%AF%E3%83%BC" dan="17,17,16,17" rate="2215.27,2191.58,2169.57,2236.43" sx="M,M,M,M"/><TAIKYOKU oya="0"/><INIT seed="0,0,0,2,3,45" ten="250,250,250,250" oya="0" hai0="1,118,120,47,62,2,65,91,12,87,6,5,82" hai1="79,11,7,13,112,52,43,78,44,84,61,111,72" hai2="117,123,88,127,59,29,100,108,0,101,89,49,126" hai3="113,116,55,70,76,132,8,74,99,130,17,80,24"/><T53/><D118/><U128/><E111/><V36/><F123/><W129/><G116/><T57/><D120/><U27/><E128/><N who="3" m="49258" /><G113/><T86/><D86/><U96/><E72/><V107/><F117/><W10/><G70/><T106/><D106/><U31/><E96/><V35/><F36/><W93/><G132/><T133/><D133/><U30/><E112/><V102/><F108/><W85/><G74/><T37/><D37/><U131/><E131/><V109/><F109/><W135/><G135/><T73/><D73/><U71/><E30/><V34/><F0/><W124/><G124/><N who="2" m="47657" /><F107/><W115/><G55/><T9/><REACH who="0" step="1"/><D6/><REACH who="0" ten="240,250,250,250" step="2"/><U28/><E84/><V15/><F35/><W64/><G115/><T81/><D81/><U19/><E7/><V40/><F34/><W121/><G121/><T60/><D60/><U38/><E61/><V32/><F32/><W114/><G114/><T66/><D66/><U105/><E105/><V18/><F49/><AGARI ba="0,1" hai="1,2,5,9,12,47,49,53,57,62,65,82,87,91" machi="49" ten="40,3900,0" yaku="1,1,52,1,53,0" doraHai="45" doraHaiUra="21" who="0" fromWho="2" sc="240,49,250,0,250,-39,250,0" /><INIT seed="0,1,0,0,5,99" ten="289,250,211,250" oya="0" hai0="48,120,17,22,11,88,57,8,103,117,126,70,20" hai1="68,130,93,4,95,110,119,30,105,12,10,96,74" hai2="76,55,116,15,82,91,124,112,18,6,0,94,129" hai3="108,50,35,21,92,24,98,87,46,107,5,42,101"/><T102/><D70/><U127/><E119/><V45/><F112/><W118/><G118/><T63/><D120/><U23/><E74/><V16/><F116/><W59/><G108/><T60/><D126/><U114/><E127/><V34/><F124/><W72/><G72/><T26/><D117/><U80/><E130/><V31/><F129/><W37/><G35/><T66/><D48/><U40/><E110/><V115/><F115/><W9/><G107/><T83/><D63/><U84/><E68/><V43/><F55/><W51/><G87/><N who="0" m="50303" /><D22/><U39/><E39/><V13/><F0/><W134/><G59/><T85/><D85/><U109/><E40/><V61/><F61/><W121/><G134/><T19/><D19/><U69/><E69/><V122/><F122/><W29/><REACH who="3" step="1"/><G121/><REACH who="3" ten="289,250,211,240" step="2"/><T89/><D89/><U90/><E109/><V75/><F34/><W106/><G106/><T36/><D36/><U28/><E114/><V104/><F104/><W32/><G32/><T135/><D135/><U53/><E105/><V132/><F132/><W2/><AGARI ba="1,1" hai="2,5,9,21,24,29,37,42,46,50,51,92,98,101" machi="2" ten="20,5200,0" yaku="1,1,0,1,7,1,52,1,53,0" doraHai="99" doraHaiUra="111" who="3" fromWho="3" sc="289,-27,250,-14,211,-14,240,65" /><INIT seed="1,0,0,1,1,101" ten="262,236,197,305" oya="1" hai0="21,38,100,60,86,118,48,49,29,63,73,90,18" hai1="50,126,16,52,33,6,23,115,0,107,96,79,53" hai2="124,89,2,112,1,95,46,125,82,3,55,122,121" hai3="64,54,72,116,42,134,92,39,114,117,43,97,62"/><U26/><E115/><V83/><F112/><W85/><G114/><T133/><D73/><U98/><E126/><N who="2" m="48747" /><F55/><W37/><G85/><T93/><D38/><N who="3" m="14345" /><G72/><T9/><D133/><U120/><E120/><N who="2" m="46187" /><F46/><W135/><G92/><T15/><D118/><N who="3" m="45673" /><G97/><AGARI ba="0,0" hai="1,2,3,82,83,89,95,97" m="46187,48747" machi="97" ten="40,1300,0" yaku="18,1" doraHai="101" who="2" fromWho="3" sc="262,0,236,0,197,13,305,-13" /><INIT seed="2,0,0,3,4,88" ten="262,236,210,292" oya="2" hai0="93,53,42,38,118,123,131,73,110,30,9,84,13" hai1="133,45,77,81,79,58,54,16,59,121,34,87,18" hai2="33,10,64,90,14,63,48,61,47,102,55,80,62" hai3="27,44,114,26,74,51,21,19,112,8,52,75,0"/><V56/><F33/><W104/><G104/><T6/><D110/><U107/><E133/><V101/><F61/><W119/><G119/><T122/><D73/><U43/><E107/><V97/><F62/><W82/><G26/><T49/><D131/><U128/><E34/><V20/><F20/><W86/><G0/><T5/><D118/><U69/><E69/><V28/><F28/><W109/><G109/><T113/><D113/><N who="3" m="43625" /><G8/><T71/><D71/><U96/><E121/><V132/><F132/><W32/><G32/><T125/><D125/><U67/><E67/><V25/><F25/><W129/><G129/><T78/><D30/><U83/><E128/><V85/><REACH who="2" step="1"/><F97/><REACH who="2" ten="262,236,200,292" step="2"/><W99/><G99/><T116/><D116/><U31/><E96/><V4/><AGARI ba="0,1" hai="4,10,14,47,48,55,56,63,64,80,85,90,101,102" machi="4" ten="20,12000,1" yaku="1,1,2,1,0,1,7,1,8,1,53,0" doraHai="88" doraHaiUra="92" who="2" fromWho="2" sc="262,-40,236,-40,200,130,292,-40" /><INIT seed="2,1,0,3,3,55" ten="222,196,330,252" oya="2" hai0="53,84,2,94,11,125,81,67,56,70,25,124,21" hai1="83,63,34,23,4,98,22,87,103,27,110,133,92" hai2="60,102,48,76,61,71,85,74,108,66,97,89,45" hai3="29,86,37,123,104,8,72,117,65,47,113,82,13"/><V30/><F30/><W129/><G117/><T50/><D94/><U35/><E110/><V17/><F61/><W24/><G123/><T135/><D135/><U40/><E133/><V115/><F115/><W15/><G104/><T3/><D67/><U44/><E4/><V33/><F33/><W116/><G116/><T18/><D70/><U32/><E27/><V31/><F31/><W109/><G72/><T119/><D119/><U120/><E120/><V12/><F74/><W101/><G101/><T38/><D38/><U118/><E118/><V127/><F76/><W9/><G109/><T105/><D105/><U132/><E132/><V126/><F108/><W42/><G129/><T75/><D75/><U99/><E98/><V7/><F7/><W134/><G113/><T52/><D53/><U79/><REACH who="1" step="1"/><E63/><REACH who="1" ten="222,186,330,252" step="2"/><V5/><F5/><W131/><G134/><T95/><D11/><U0/><E0/><V58/><F97/><W100/><G8/><T28/><D28/><U59/><E59/><V26/><F26/><W121/><G24/><T1/><REACH who="0" step="1"/><D95/><REACH who="0" ten="212,186,330,252" step="2"/><U43/><E43/><N who="2" m="24639" /><F71/><W46/><G29/><T14/><D14/><U19/><E19/><V78/><F17/><W106/><G13/><T54/><D54/><U10/><E10/><V90/><F12/><W114/><G15/><T73/><D73/><U112/><E112/><V39/><F66/><W64/><G114/><T93/><D93/><U80/><E80/><V88/><F126/><W57/><G65/><T49/><D49/><AGARI ba="1,2" hai="22,23,32,34,35,40,44,49,79,83,87,92,99,103" machi="49" ten="40,1300,0" yaku="1,1,53,0" doraHai="55" doraHaiUra="122" who="1" fromWho="0" sc="212,-16,186,36,330,0,252,0" /><INIT seed="3,0,0,5,2,61" ten="196,222,330,252" oya="3" hai0="105,67,10,48,45,101,64,24,58,30,92,23,110" hai1="17,0,121,33,131,102,113,25,7,82,119,134,52" hai2="29,53,125,79,5,35,41,34,99,12,126,36,8" hai3="42,109,115,2,11,46,72,87,68,89,1,69,6"/><W16/><G115/><T49/><D110/><U50/><E113/><V107/><F79/><W124/><G124/><N who="2" m="47721" /><F29/><W15/><G72/><T40/><D105/><U76/><E121/><V26/><F26/><W39/><G109/><T38/><D10/><U85/><E131/><V55/><F41/><W75/><G75/><T117/><D117/><U4/><E119/><V108/><F36/><W116/><G116/><T56/><D38/><U44/><E134/><V97/><F108/><W91/><G91/><T118/><D118/><U133/><E133/><V65/><F65/><N who="0" m="25162" /><D49/><U70/><E70/><V100/><F99/><AGARI ba="0,0" hai="23,24,30,40,45,48,56,58,92,99,101" m="25162" machi="99" ten="30,7700,0" yaku="8,1,52,3" doraHai="61" who="0" fromWho="2" sc="196,77,222,0,330,-77,252,0" /><INIT seed="4,0,0,5,0,127" ten="273,222,253,252" oya="0" hai0="111,69,57,122,89,17,56,58,3,112,5,22,80" hai1="83,49,38,109,97,20,7,47,16,93,55,86,21" hai2="98,87,81,75,100,11,66,53,116,60,125,13,76" hai3="44,46,41,92,130,101,8,30,12,105,117,74,131"/><T124/><D124/><U52/><E109/><V71/><F125/><W62/><G117/><T23/><D122/><U9/><E38/><V94/><F116/><W42/><G74/><T104/><D104/><U108/><E108/><V70/><F53/><W129/><G105/><T68/><D111/><U45/><E55/><V99/><F99/><N who="3" m="59623" /><G30/><T59/><N who="0" m="14336" /><DORA hai="77" /><T91/><D112/><U133/><E133/><V18/><REACH who="2" step="1"/><F71/><REACH who="2" ten="273,222,243,252" step="2"/><W29/><G62/><T121/><D68/><U61/><E61/><V0/><F0/><W6/><G29/><T65/><D3/><U126/><E126/><V107/><F107/><W132/><G132/><T34/><D121/><U10/><E47/><AGARI ba="0,1" hai="6,8,12,41,42,44,46,47,129,130,131" m="59623" machi="47" ten="30,7700,0" yaku="19,1,52,3" doraHai="127,77" who="3" fromWho="1" sc="273,0,222,-77,243,0,252,87" /><INIT seed="5,0,0,4,3,55" ten="273,145,243,339" oya="1" hai0="51,33,22,11,45,97,67,124,60,116,61,78,38" hai1="49,88,110,10,42,100,39,34,130,125,12,114,36" hai2="58,113,70,68,103,31,7,85,106,77,112,44,135" hai3="54,76,117,2,128,35,119,47,66,118,23,133,3"/><U108/><E34/><V89/><F77/><W18/><G35/><T27/><D124/><U131/><E125/><V80/><F135/><W16/><G133/><T83/><D38/><U79/><E79/><V82/><F31/><W93/><G128/><N who="1" m="49194" /><E100/><V4/><F44/><W129/><G129/><T46/><D33/><U26/><E114/><N who="2" m="44139" /><F80/><W115/><G115/><T109/><D116/><U20/><E49/><V126/><F126/><W1/><G76/><T132/><D109/><N who="1" m="42091" /><E42/><V13/><F58/><W64/><G47/><T19/><D46/><U86/><E20/><V24/><F24/><W120/><G23/><T94/><D132/><U134/><E26/><V40/><F40/><W127/><G127/><T15/><D67/><U84/><E134/><V75/><F75/><W102/><G118/><T69/><D69/><N who="2" m="26730" /><F13/><W8/><G1/><T41/><D22/><U121/><E121/><V95/><F106/><W92/><G120/><T5/><D27/><U29/><E29/><V25/><F25/><W71/><G71/><T52/><D41/><U56/><E56/><V99/><AGARI ba="0,0" hai="4,7,82,85,89,95,99,103" m="26730,44139" machi="99" ten="40,2700,0" yaku="15,1,11,1" doraHai="55" who="2" fromWho="2" sc="273,-7,145,-13,243,27,339,-7" /><INIT seed="6,0,0,2,1,89" ten="266,132,270,332" oya="2" hai0="41,80,9,95,48,29,96,105,99,43,87,60,6" hai1="122,135,28,3,119,101,18,123,62,53,12,109,68" hai2="11,73,14,132,7,54,98,82,0,27,8,13,85" hai3="83,88,110,1,106,10,40,33,128,100,72,50,78"/><V117/><F117/><W31/><G110/><T35/><D105/><U42/><E109/><V21/><F73/><W24/><G128/><T52/><D35/><U114/><E119/><V46/><F132/><W38/><G50/><T51/><D29/><U20/><E135/><V71/><F71/><W4/><G88/><N who="0" m="55399" /><D99/><U104/><E3/><V77/><F98/><N who="3" m="61719" /><G40/><N who="0" m="15435" /><D9/><U44/><E104/><V127/><F127/><W130/><G130/><T126/><D6/><U34/><E101/><V113/><F113/><W66/><G66/><T118/><D126/><U19/><E114/><V63/><F8/><W36/><AGARI ba="0,0" hai="1,4,10,24,31,33,36,38,72,78,83" m="61719" machi="36" ten="30,2000,0" yaku="33,2" doraHai="89" who="3" fromWho="3" sc="266,-5,132,-5,270,-10,332,20" /><INIT seed="7,0,0,5,4,85" ten="261,127,260,352" oya="3" hai0="77,26,33,54,5,119,10,75,127,56,42,81,79" hai1="35,0,98,3,13,102,11,48,68,99,49,131,76" hai2="125,19,43,87,58,55,73,23,110,25,97,21,34" hai3="105,126,61,128,95,93,71,40,101,89,2,15,122"/><W123/><G2/><N who="0" m="311" /><D79/><U9/><E131/><V134/><F73/><W36/><G126/><T60/><D127/><U41/><E68/><V16/><F110/><W18/><G105/><T47/><D119/><U53/><E35/><V70/><F125/><W91/><G101/><T65/><D26/><U100/><E76/><V37/><F70/><W50/><G36/><N who="0" m="21959" /><D33/><U90/><E41/><V66/><F134/><W52/><G40/><T1/><D1/><U80/><E80/><V78/><F66/><AGARI ba="0,0" hai="54,56,60,65,66,75,77,81" m="21959,311" machi="66" ten="30,1000,0" yaku="25,1" doraHai="85" who="0" fromWho="2" sc="261,10,127,0,260,-10,352,0" owari="271,7.1,127,-37.3,250,-15.0,352,45.2" /></mjloggm>