<mjloggm ver="2.3"><GO type="169" lobby="0"/><UN n0="%58%E7%8C%AB" n1="%E6%B5%81%E3%82%8C%EF%BC%9F%53%4F%41" n2="%62%69%70%73%64" n3="%3E%5F%30%40%E6%9D%8F%E6%9D%8F%E8%BB%8D%E5%9C%98" dan="16,17,18,16" rate="2064.57,2259.07,2251.98,2156.04" sx="M,M,M,F"/><TAIKYOKU oya="0"/><INIT seed="0,0,0,3,3,100" ten="250,250,250,250" oya="0" hai0="7,47,4,128,28,87,39,1,76,49,79,29,44" hai1="103,121,24,55,50,85,6,77,5,38,73,97,35" hai2="64,117,114,25,34,91,116,80,131,95,37,11,10" hai3="43,22,101,78,41,30,52,16,36,0,108,104,92"/><T112/><D112/><U63/><E38/><V17/><F114/><W88/><G108/><T98/><D128/><U81/><E121/><V58/><F37/><W62/><G0/><T125/><D125/><U32/><E63/><N who="2" m="38007" /><F80/><W59/><G36/><T65/><D65/><U124/><E124/><V106/><F106/><W127/><G30/><T53/><D98/><U113/><E113/><V66/><F66/><W74/><G127/><T20/><D20/><U83/><E35/><V3/><F3/><W61/><G62/><T134/><D134/><U67/><E67/><V15/><F25/><N who="3" m="14535" /><G101/><T57/><D87/><U119/><E24/><V115/><F34/><W96/><G104/><T82/><D79/><U89/><E32/><V105/><F105/><W31/><G31/><T123/><D123/><U42/><E42/><N who="3" m="15882" /><G78/><T135/><D39/><U56/><REACH who="1" step="1"/><E119/><REACH who="1" ten="250,240,250,250" step="2"/><V86/><F115/><W48/><G48/><N who="0" m="28807" /><D1/><U94/><AGARI ba="0,1" hai="5,6,50,55,56,73,77,81,83,85,89,94,97,103" machi="94" ten="20,2700,0" yaku="1,1,0,1,7,1,53,0" doraHai="100" doraHaiUra="23" who="1" fromWho="1" sc="250,-13,240,37,250,-7,250,-7" /><INIT seed="1,0,0,3,3,128" ten="237,277,243,243" oya="1" hai0="4,125,114,12,20,62,48,8,91,118,79,65,40" hai1="5,36,22,33,100,105,53,3,28,51,102,131,75" hai2="44,2,11,46,74,95,72,96,64,34,41,123,86" hai3="78,69,101,130,112,90,82,127,70,0,49,30,111"/><U73/><E36/><V132/><F123/><W39/><G112/><T37/><D37/><U52/><E33/><V108/><F34/><W16/><G130/><T71/><D118/><U126/><E131/><V109/><F64/><W80/><G39/><T88/><D114/><U99/><E102/><V117/><F117/><W18/><G111/><T83/><D125/><U89/><E126/><V9/><F86/><W119/><G119/><T129/><D129/><U68/><E68/><V121/><F95/><W110/><G110/><T134/><D134/><U29/><E53/><V85/><F85/><W77/><G127/><T45/><REACH who="0" step="1"/><D20/><REACH who="0" ten="227,277,243,243" step="2"/><U76/><E22/><V56/><F132/><W103/><G0/><T13/><D13/><U120/><E120/><V124/><F2/><W35/><G35/><T60/><D60/><U84/><E3/><V43/><F124/><W81/><G49/><T133/><D133/><U32/><E32/><V97/><F121/><W24/><G24/><T42/><D42/><U66/><E51/><V47/><F47/><W92/><G69/><T115/><D115/><U87/><E75/><AGARI ba="0,1" hai="4,8,12,40,45,48,62,65,71,75,79,83,88,91" machi="75" ten="30,3900,0" yaku="1,1,7,1,54,1,53,0" doraHai="128" doraHaiUra="19" who="0" fromWho="1" sc="227,49,277,-39,243,0,243,0" /><INIT seed="2,0,0,2,1,107" ten="276,238,243,243" oya="2" hai0="36,6,95,103,53,31,110,68,76,114,100,18,115" hai1="40,73,63,69,124,134,91,117,72,85,48,98,7" hai2="5,104,44,113,20,80,61,29,42,130,16,94,60" hai3="119,19,97,121,35,38,133,8,78,86,106,123,26"/><V21/><F113/><W64/><G119/><T120/><D36/><U101/><E117/><V46/><F104/><W49/><G38/><T84/><D68/><U99/><E7/><V3/><F130/><W23/><G133/><T105/><D6/><U59/><E134/><V122/><F122/><W109/><G109/><T24/><D18/><U116/><E116/><V54/><F80/><W71/><G8/><T128/><D53/><U125/><E69/><V51/><F94/><W14/><G49/><T13/><D13/><U27/><E27/><N who="2" m="16615" /><F3/><W132/><G132/><T56/><D56/><U4/><E4/><V126/><F126/><N who="1" m="48745" /><E48/><N who="2" m="28935" /><F5/><W112/><G112/><T111/><D120/><U118/><E40/><V88/><F88/><W79/><G86/><T66/><D105/><N who="1" m="63671" /><E99/><V67/><F67/><W75/><G123/><T15/><D66/><N who="1" m="39295" /><E118/><V57/><F57/><W34/><G121/><T28/><D95/><AGARI ba="0,0" hai="72,73,85,91,95" m="39295,63671,48745" machi="95" ten="30,3900,0" yaku="18,1,52,2" doraHai="107" who="1" fromWho="0" sc="276,-39,238,39,243,0,243,0" /><INIT seed="3,0,0,5,1,51" ten="237,277,243,243" oya="3" hai0="22,71,47,14,26,52,46,66,53,78,115,9,109" hai1="127,130,98,8,32,48,40,54,11,100,67,102,4" hai2="110,62,50,134,116,6,69,43,103,82,13,44,93" hai3="99,101,59,16,89,120,10,107,79,24,90,70,119"/><W132/><G132/><T63/><D109/><U23/><E32/><V92/><F116/><W126/><G126/><T37/><D115/><U83/><E127/><V74/><F110/><W91/><G119/><T30/><D78/><U87/><E67/><V39/><F134/><W106/><G70/><T19/><REACH who="0" step="1"/><D46/><REACH who="0" ten="227,277,243,243" step="2"/><U65/><E130/><V5/><F44/><W108/><G108/><T81/><D81/><U28/><E83/><V60/><F82/><W88/><G120/><T15/><D15/><U117/><E117/><V38/><F13/><W72/><G79/><T35/><D35/><U80/><E80/><V58/><F74/><W34/><G72/><T56/><D56/><U129/><E129/><V76/><F58/><W12/><G59/><T7/><D7/><U41/><E4/><V94/><F5/><W114/><G114/><T104/><D104/><U124/><E124/><V3/><F6/><W84/><G106/><T131/><D131/><U21/><E8/><V95/><F76/><W49/><G34/><T105/><D105/><U111/><E11/><V135/><F135/><W85/><G24/><T64/><D64/><U133/><E65/><V33/><F33/><W77/><G77/><T55/><D55/><U123/><E111/><V1/><F1/><W96/><REACH who="3" step="1"/><G49/><REACH who="3" ten="227,277,243,233" step="2"/><T113/><D113/><U75/><E48/><V68/><F50/><W0/><G0/><T57/><D57/><U45/><E75/><V42/><F3/><W121/><G121/><T29/><D29/><U17/><E28/><V86/><F69/><W118/><G118/><T128/><D128/><RYUUKYOKU ba="0,2" sc="227,15,277,-15,243,-15,233,15" hai0="9,14,19,22,26,30,37,47,52,53,63,66,71" hai3="10,12,16,84,85,88,89,90,91,96,99,101,107" /><INIT seed="3,1,2,5,4,51" ten="242,262,228,248" oya="3" hai0="100,8,122,58,18,1,0,63,46,73,23,117,108" hai1="129,36,14,88,113,59,57,77,43,33,99,115,44" hai2="111,17,28,2,85,86,10,121,93,26,34,131,109" hai3="116,45,83,74,102,124,12,81,4,95,52,47,29"/><W37/><G116/><T53/><D122/><U82/><E33/><V11/><F93/><W40/><G124/><T56/><D117/><U50/><E129/><V76/><F76/><W130/><G130/><T110/><D73/><U67/><E57/><V49/><F131/><W42/><G29/><T84/><D100/><U103/><E14/><N who="2" m="7383" /><F49/><N who="3" m="28735" /><G37/><T79/><D8/><U38/><E38/><V75/><F75/><W15/><G74/><T89/><D79/><U65/><E77/><V66/><F66/><W69/><G69/><T71/><D46/><U21/><E21/><V32/><F32/><W112/><G112/><T19/><D19/><U114/><E59/><V120/><F86/><W127/><G127/><T125/><D71/><U107/><REACH who="1" step="1"/><E36/><REACH who="1" ten="242,252,228,248" step="2"/><V31/><F34/><W80/><G45/><T119/><D58/><U5/><E5/><V27/><F121/><W128/><G128/><T70/><D70/><U3/><E3/><V41/><F2/><W24/><G24/><N who="0" m="14455" /><D125/><U126/><E126/><V98/><F120/><W6/><G12/><T61/><D119/><U101/><E101/><V134/><F26/><W54/><G15/><T68/><D68/><U39/><E39/><V16/><F27/><W91/><G102/><T60/><D0/><U78/><E78/><V87/><F11/><W135/><G4/><T55/><D1/><U72/><E72/><V62/><F62/><W22/><G6/><T9/><D56/><U105/><E105/><V104/><F104/><W90/><G22/><T92/><D9/><U118/><E118/><V106/><F106/><W25/><G25/><RYUUKYOKU ba="1,3" sc="242,15,252,15,228,-15,248,-15" hai0="53,55,60,61,63,84,89,92,108,110" hai1="43,44,50,65,67,82,88,99,103,107,113,114,115" /><INIT seed="4,2,3,2,2,0" ten="257,267,213,233" oya="0" hai0="20,23,7,73,107,58,30,101,39,29,86,50,123" hai1="135,41,2,120,130,71,16,75,91,105,121,132,65" hai2="24,38,5,44,98,17,84,109,34,110,3,25,22" hai3="74,64,93,56,6,61,15,32,77,127,72,113,76"/><T21/><D123/><N who="1" m="47179" /><E105/><V12/><F84/><W4/><G32/><T90/><D73/><U45/><E75/><V53/><F98/><W60/><G113/><T124/><D39/><N who="1" m="21695" /><E2/><V42/><F53/><W112/><G127/><T59/><D124/><U128/><E16/><V48/><F38/><W79/><G112/><T102/><D7/><N who="3" m="2601" /><G72/><T99/><D102/><U28/><E28/><N who="2" m="19719" /><F25/><W27/><G74/><T10/><D10/><AGARI ba="2,3" hai="3,5,10,12,17,22,42,44,48,109,110" m="19719" machi="10" ten="30,2000,0" yaku="24,1,52,1" doraHai="0" who="2" fromWho="0" sc="257,-26,267,0,213,56,233,0" /><INIT seed="5,0,0,0,3,20" ten="231,267,269,233" oya="1" hai0="133,66,37,33,28,120,88,58,70,97,61,135,44" hai1="83,17,26,60,108,64,115,34,109,129,18,47,71" hai2="126,63,49,92,42,119,69,12,103,16,77,54,27" hai3="123,74,7,22,68,50,30,113,114,73,99,98,65"/><U131/><E115/><N who="3" m="44042" /><G123/><T116/><D116/><U15/><E83/><V13/><F126/><W46/><G7/><T78/><D78/><U76/><E76/><V9/><F119/><W112/><N who="3" m="44050" /><W107/><DORA hai="48" /><G65/><T91/><D120/><U95/><E95/><V35/><F77/><W67/><G67/><T36/><D70/><U24/><E47/><V85/><F69/><W14/><G68/><T5/><D5/><U1/><E1/><V89/><F35/><W39/><G39/><N who="0" m="14923" /><D97/><N who="3" m="36873" /><G107/><T130/><D44/><U51/><E51/><V102/><F63/><W75/><G14/><T29/><D130/><N who="1" m="49675" /><E34/><V23/><F42/><W43/><G74/><T90/><D33/><U52/><E52/><V8/><F12/><W105/><G105/><T56/><D56/><U134/><E134/><AGARI ba="0,0" hai="28,29,58,61,66,88,90,91,133,134,135" m="14923" machi="134" ten="40,2600,0" yaku="20,1,54,1" doraHai="20,48" who="0" fromWho="1" sc="231,26,267,-26,269,0,233,0" /><INIT seed="6,0,0,1,1,15" ten="257,241,269,233" oya="2" hai0="109,79,36,126,42,119,128,111,110,71,73,104,53" hai1="100,66,87,44,82,18,68,121,32,99,10,120,132" hai2="60,98,96,35,90,91,74,27,33,76,63,86,127" hai3="23,56,105,31,50,47,70,85,133,129,62,45,125"/><V124/><F76/><W8/><G105/><T51/><D104/><U9/><E32/><V72/><F86/><W78/><G125/><T39/><D126/><U46/><E66/><V113/><REACH who="2" step="1"/><F27/><REACH who="2" ten="257,241,259,233" step="2"/><W130/><G78/><T0/><D79/><U37/><E87/><V94/><F94/><W52/><G85/><T135/><D73/><U11/><E82/><V2/><F2/><W89/><G129/><T65/><D0/><U59/><E120/><V69/><F69/><W131/><G130/><T20/><D128/><U7/><E68/><V83/><F83/><W108/><G131/><T43/><D71/><U29/><E121/><V30/><F30/><W103/><G31/><T38/><D119/><U21/><E29/><V3/><F3/><W107/><G70/><T24/><D24/><U118/><E118/><V97/><F97/><W92/><G92/><T115/><D111/><U67/><E99/><V95/><F95/><W102/><G108/><T41/><D110/><U123/><E123/><V101/><F101/><W117/><G102/><T17/><D109/><U80/><E80/><V112/><AGARI ba="0,1" hai="33,35,60,63,72,74,90,91,96,98,112,113,124,127" machi="112" ten="25,9600,0" yaku="1,1,0,1,22,2,53,0" doraHai="15" doraHaiUra="114" who="2" fromWho="2" sc="257,-32,241,-32,259,106,233,-32" /><INIT seed="6,1,0,5,3,23" ten="225,209,365,201" oya="2" hai0="67,97,114,31,57,2,82,40,50,49,32,26,25" hai1="134,75,90,28,93,71,33,45,112,116,39,94,122" hai2="37,64,41,34,76,62,127,74,96,59,19,105,70" hai3="120,17,11,18,30,130,113,79,111,14,42,36,48"/><V87/><F74/><W107/><G120/><T84/><D2/><U13/><E116/><V38/><F34/><W61/><G111/><T104/><D114/><U132/><E71/><V58/><F19/><W98/><G36/><T106/><D106/><U66/><E75/><V65/><F87/><W117/><G117/><T129/><D129/><U16/><E66/><V77/><F96/><W12/><G113/><T73/><D73/><U109/><E109/><V52/><F105/><W5/><G130/><T95/><D104/><U135/><E122/><V121/><F77/><W99/><G107/><T22/><D40/><N who="1" m="22687" /><E112/><V9/><F9/><W4/><G79/><T46/><D46/><U53/><E53/><V20/><F20/><W83/><G83/><T44/><D44/><U126/><E90/><V54/><F76/><W43/><G61/><T60/><D82/><U86/><E86/><V63/><F121/><W85/><G85/><T72/><D84/><U110/><E110/><V3/><F3/><W119/><G119/><T10/><D10/><N who="1" m="6199" /><E126/><V131/><F127/><W115/><G115/><T81/><D81/><U1/><E1/><V68/><F41/><W128/><G128/><AGARI ba="1,0" hai="37,38,52,54,58,59,62,63,64,65,68,70,128,131" machi="128" ten="25,18000,2" yaku="22,2,34,3,54,1" doraHai="23" who="2" fromWho="3" sc="225,0,209,0,365,183,201,-183" /><INIT seed="6,2,0,2,0,77" ten="225,209,548,18" oya="2" hai0="84,36,45,90,46,108,122,97,11,26,61,19,75" hai1="128,35,79,54,13,50,112,85,70,134,82,28,31" hai2="99,81,65,69,67,57,118,58,7,51,2,12,110" hai3="5,41,25,119,68,62,40,23,87,124,6,63,133"/><V38/><F38/><W33/><G119/><T47/><D122/><U3/><E3/><V93/><F2/><W80/><G33/><T72/><D36/><U29/><E112/><V73/><F69/><W60/><G68/><T125/><D108/><U76/><E70/><V4/><F118/><W95/><G95/><T66/><D97/><U103/><E35/><V30/><F30/><W101/><G101/><T37/><D37/><U88/><E128/><V15/><F73/><W126/><G133/><T111/><D111/><U96/><E13/><V121/><F93/><W120/><G120/><T127/><D11/><U34/><E134/><V48/><F99/><W129/><G129/><T24/><D19/><U114/><E114/><V59/><F59/><W1/><G1/><T86/><D61/><U115/><E115/><V109/><F81/><W27/><G23/><T39/><D39/><U78/><E34/><V21/><REACH who="2" step="1"/><F21/><REACH who="2" ten="225,209,538,18" step="2"/><W105/><G105/><T130/><D130/><U10/><E29/><V8/><F8/><W89/><G126/><T83/><D72/><U74/><E10/><V71/><F71/><W16/><G124/><T44/><D75/><U22/><E22/><V17/><F17/><W94/><G16/><T117/><D117/><U55/><E74/><V42/><F42/><N who="3" m="16491" /><G94/><T123/><D127/><U43/><E28/><V92/><F92/><W104/><G104/><T64/><D125/><U0/><E0/><V14/><F14/><W49/><G5/><T102/><D123/><AGARI ba="2,1" hai="4,7,12,15,48,51,57,58,65,67,109,110,121,123" machi="123" ten="25,4800,0" yaku="1,1,22,2,53,0" doraHai="77" doraHaiUra="107" who="2" fromWho="0" sc="225,-54,209,0,538,64,18,0" /><INIT seed="6,3,0,5,3,45" ten="171,209,602,18" oya="2" hai0="36,121,46,32,128,96,119,88,57,15,135,115,87" hai1="66,20,99,25,8,17,70,120,40,52,49,134,44" hai2="69,104,4,9,85,54,79,112,114,34,43,86,13" hai3="5,117,75,94,93,10,63,95,3,97,72,127,2"/><V80/><F104/><W126/><G117/><T61/><D121/><U131/><E120/><V22/><F34/><W6/><G97/><T124/><D32/><U21/><E131/><V39/><F69/><W91/><G91/><T56/><D128/><U110/><E110/><V48/><F39/><W7/><G63/><T89/><D15/><U28/><E134/><V67/><F67/><W116/><G10/><T30/><D30/><U123/><E123/><V19/><F86/><W73/><REACH who="3" step="1"/><G116/><REACH who="3" ten="171,209,602,8" step="2"/><T101/><D119/><U59/><E8/><V98/><F98/><W38/><G38/><T0/><D61/><U105/><E99/><V42/><F114/><W62/><G62/><T100/><D115/><U118/><E118/><V65/><F112/><W76/><G76/><T55/><D36/><U133/><E133/><V35/><F65/><W129/><G129/><T12/><D135/><U14/><E105/><V90/><F90/><W53/><G53/><T29/><D55/><U77/><E77/><V122/><F122/><W41/><G41/><T31/><D96/><U113/><E113/><V71/><F71/><W109/><G109/><T11/><D11/><U103/><E103/><V102/><F102/><W47/><G47/><T107/><D46/><U27/><E70/><V83/><F43/><W132/><G132/><T81/><D107/><U18/><E66/><V33/><F42/><W16/><G16/><T68/><D68/><U130/><E130/><V125/><F54/><W108/><G108/><T37/><D101/><U50/><E18/><N who="2" m="10575" /><F9/><W106/><G106/><T24/><D100/><RYUUKYOKU ba="3,1" sc="171,-15,209,15,602,-15,8,15" hai1="14,17,20,21,25,27,28,40,44,49,50,52,59" hai3="2,3,5,6,7,72,73,75,93,94,95,126,127" /><INIT seed="7,4,1,4,3,86" ten="156,224,587,23" oya="3" hai0="93,21,80,48,22,36,95,127,99,105,12,50,58" hai1="56,33,115,123,87,90,44,46,51,6,8,67,113" hai2="69,19,92,26,85,131,66,34,62,15,79,11,4" hai3="122,103,134,0,42,118,14,112,25,109,101,129,119"/><W91/><G122/><T43/><D36/><U89/><E33/><V120/><F79/><W39/><G0/><T74/><D105/><U88/><E123/><V29/><F85/><W135/><G112/><N who="1" m="43082" /><E87/><V10/><F92/><W83/><G129/><T31/><D74/><U102/><E102/><V53/><F131/><W59/><G109/><T18/><D80/><U116/><E116/><V124/><F124/><W35/><G14/><T49/><D127/><U24/><E24/><V96/><F96/><W104/><G59/><T117/><D117/><U121/><E121/><V114/><F114/><W9/><G9/><T77/><D77/><U27/><E27/><V130/><F130/><W1/><G1/><T40/><D93/><U16/><E16/><V45/><F120/><W111/><G111/><T65/><D31/><U47/><E67/><V20/><F45/><W132/><G118/><T17/><D65/><U100/><E100/><N who="3" m="38474" /><G119/><T98/><D58/><U72/><E72/><V126/><F62/><W2/><G2/><T63/><D63/><U54/><E56/><V3/><F126/><W108/><G104/><T71/><D71/><U75/><E75/><V82/><F15/><AGARI ba="4,1" hai="6,8,15,44,46,47,51,54,88,89,90" m="43082" machi="15" ten="30,8000,1" yaku="15,1,52,3,54,1" doraHai="86" who="1" fromWho="2" sc="156,0,224,102,587,-92,23,0" owari="156,-24.4,326,12.6,495,59.5,23,-47.7" /></mjloggm>