<mjloggm ver="2.3"><GO type="169" lobby="0"/><UN n0="%E8%A3%8F%E7%9F%A5%E3%82%89%E3%81%9A" n1="%68%69%73%61%74%6F%E6%A3%92" n2="%E3%81%AF%E3%81%AA%E3%81%B3%E3%81%AA%E3%81%B3" n3="%E6%95%97%E5%8C%97%E8%80%85%E3%81%AD%E3%82%8B" dan="17,16,17,17" rate="2209.81,2142.72,2131.50,2182.97" sx="M,M,M,F"/><TAIKYOKU oya="0"/><INIT seed="0,0,0,3,4,32" ten="250,250,250,250" oya="0" hai0="126,88,65,57,92,99,20,67,119,105,25,17,107" hai1="46,21,120,71,8,22,94,68,127,10,106,44,111" hai2="2,113,75,73,70,87,90,135,117,132,51,7,55" hai3="38,109,39,112,124,31,13,108,96,98,86,49,77"/><T26/><D119/><U115/><E111/><N who="3" m="42570" /><G31/><T9/><D126/><U3/><E127/><V100/><F70/><W128/><G124/><T33/><D9/><U6/><E94/><V36/><F36/><N who="3" m="13867" /><G112/><T14/><D26/><U82/><E82/><V91/><F100/><W19/><G49/><T60/><REACH who="0" step="1"/><D67/><REACH who="0" ten="240,250,250,250" step="2"/><U85/><E10/><N who="2" m="2423" /><F117/><W131/><G131/><T35/><D35/><U102/><E115/><V41/><F113/><W69/><G128/><T123/><D123/><U122/><E8/><V104/><F132/><W133/><G133/><T52/><D52/><U37/><E6/><V64/><F55/><W53/><G53/><T80/><D80/><U29/><E120/><V23/><F64/><W59/><G69/><T125/><D125/><U58/><E122/><V81/><F81/><N who="3" m="47407" /><G59/><T118/><D118/><U129/><E58/><V54/><F54/><W116/><G116/><T95/><D95/><U74/><E129/><V28/><F135/><W110/><G110/><T15/><D15/><U42/><E68/><V24/><F24/><W134/><G134/><T0/><D0/><U27/><E3/><V114/><F114/><W5/><G5/><T56/><D56/><U97/><E71/><V50/><F104/><W18/><G13/><T78/><D78/><U84/><E27/><V48/><F23/><W93/><G93/><T121/><D121/><U66/><E22/><V72/><F41/><W34/><G34/><T62/><D62/><U30/><E21/><V76/><F76/><W79/><G79/><T47/><D47/><U63/><E44/><V103/><F50/><RYUUKYOKU ba="0,1" sc="240,15,250,-15,250,-15,250,15" hai0="14,17,20,25,33,57,60,65,88,92,99,105,107" hai3="18,19,96,98" /><INIT seed="0,1,1,5,2,23" ten="255,235,235,265" oya="0" hai0="93,14,48,132,12,29,63,11,36,108,30,115,38" hai1="112,28,66,99,81,8,64,125,103,3,120,0,21" hai2="13,71,129,116,82,94,114,60,83,7,121,26,39" hai3="54,37,85,90,75,92,98,70,24,96,16,57,106"/><T53/><D115/><U95/><E125/><V25/><F114/><W107/><G70/><T111/><D63/><U59/><E120/><V31/><F121/><W43/><G75/><T19/><D93/><U117/><E117/><V4/><F39/><N who="0" m="14890" /><D14/><U84/><E8/><V2/><F116/><W127/><G127/><T89/><D89/><U1/><E59/><V100/><F129/><W32/><G32/><T135/><D29/><U118/><E118/><V77/><F2/><W80/><G37/><T9/><D9/><U102/><E102/><V61/><F71/><W68/><G68/><T67/><D30/><U27/><REACH who="1" step="1"/><E112/><REACH who="1" ten="255,225,235,265" step="2"/><V55/><F100/><N who="3" m="60423" /><G107/><T50/><D67/><U49/><E49/><V88/><F60/><N who="3" m="35895" /><G106/><T87/><D48/><U97/><E97/><V58/><F61/><W78/><G98/><T133/><D87/><U109/><E109/><N who="0" m="42057" /><D135/><U42/><E42/><V134/><F134/><W105/><G105/><T91/><D132/><U33/><E33/><V56/><F56/><W123/><G123/><T101/><D133/><U6/><E6/><V5/><F58/><W124/><G124/><T74/><D101/><U17/><E17/><V52/><F5/><W62/><G62/><T113/><D113/><U104/><E104/><V15/><F7/><W76/><G43/><T73/><D74/><U34/><E34/><V51/><F4/><W45/><G45/><N who="0" m="27855" /><D73/><U47/><E47/><V41/><F41/><W69/><G69/><T35/><D35/><U22/><E22/><AGARI ba="1,2" hai="16,22,24,76,78,80,85,90" m="35895,60423" machi="22" ten="30,3900,0" yaku="8,1,52,1,54,1" doraHai="23" who="3" fromWho="1" sc="255,0,225,-42,235,0,265,62" /><INIT seed="1,0,0,4,1,51" ten="255,183,235,327" oya="1" hai0="90,106,26,42,56,118,95,36,73,43,22,32,16" hai1="122,11,125,18,45,25,103,110,116,69,21,121,67" hai2="119,102,77,38,94,4,63,114,107,28,123,82,127" hai3="64,100,2,3,15,128,58,105,12,20,5,88,120"/><U57/><E116/><V30/><F119/><W27/><G120/><T10/><D106/><U48/><E125/><V98/><F123/><W129/><G100/><T7/><D73/><U49/><E110/><V81/><F127/><W84/><G105/><T1/><D36/><U0/><E103/><V96/><F38/><W61/><G12/><T9/><D118/><U46/><E69/><V31/><F114/><W53/><G15/><T71/><D71/><U104/><E104/><V117/><F117/><W126/><G126/><T75/><D75/><U132/><E132/><V34/><F4/><W65/><G65/><T99/><D32/><U41/><E0/><V78/><F34/><W112/><G112/><T60/><REACH who="0" step="1"/><D9/><REACH who="0" ten="245,183,235,327" step="2"/><U52/><REACH who="1" step="1"/><E11/><REACH who="1" ten="245,173,235,327" step="2"/><V14/><F107/><W39/><G128/><T74/><D74/><U91/><E91/><V40/><F78/><W37/><G129/><T50/><D50/><U131/><E131/><V44/><F77/><W47/><G39/><T23/><D23/><U86/><E86/><V92/><F102/><W87/><G37/><T70/><D70/><U8/><E8/><V135/><F135/><W109/><G84/><T54/><AGARI ba="0,2" hai="1,7,10,16,22,26,42,43,54,56,60,90,95,99" machi="54" ten="20,16000,3" yaku="1,1,0,1,7,1,25,2,52,1,54,1,53,1" doraHai="51" doraHaiUra="55" who="0" fromWho="0" sc="245,180,173,-80,235,-40,327,-40" /><INIT seed="2,0,0,4,1,98" ten="425,93,195,287" oya="2" hai0="108,46,104,59,33,76,126,80,115,43,54,88,86" hai1="25,44,50,7,103,113,109,34,89,45,106,79,20" hai2="10,97,112,94,1,3,135,66,37,6,48,93,110" hai3="81,118,85,56,119,49,90,111,75,92,18,124,70"/><V27/><F112/><W77/><G70/><T39/><D33/><U123/><E34/><V28/><F37/><W36/><G36/><T5/><D115/><U24/><E79/><V99/><F135/><W87/><G18/><T91/><D104/><U29/><E7/><V101/><F110/><W74/><G49/><T8/><D108/><U11/><E11/><V57/><F3/><W14/><G14/><T26/><D26/><U17/><E123/><V62/><F48/><W31/><G56/><T53/><D126/><U52/><E113/><V40/><F40/><W134/><G31/><T107/><D107/><U58/><E89/><V12/><F1/><W21/><G21/><T73/><D73/><N who="3" m="27657" /><G111/><T9/><D9/><U60/><E109/><V100/><F27/><W65/><G65/><T122/><D53/><U72/><E72/><V121/><REACH who="2" step="1"/><F28/><REACH who="2" ten="425,93,185,287" step="2"/><W2/><G2/><T55/><D122/><AGARI ba="0,1" hai="6,10,12,57,62,66,93,94,97,99,100,101,121,122" machi="122" ten="40,12000,1" yaku="1,1,2,1,9,1,52,2,53,0" doraHai="98" doraHaiUra="105" who="2" fromWho="0" sc="425,-120,93,0,185,130,287,0" /><INIT seed="2,1,0,2,2,87" ten="305,93,315,287" oya="2" hai0="95,34,7,16,98,109,120,11,56,18,83,31,55" hai1="127,77,28,112,41,126,82,29,103,124,43,84,130" hai2="88,27,24,64,26,86,125,89,68,91,22,0,25" hai3="12,90,72,51,53,74,131,6,39,93,8,63,69"/><V104/><F125/><W4/><G131/><T38/><D38/><U1/><E1/><V59/><F0/><W13/><G39/><T123/><D83/><U37/><E130/><V42/><F104/><W15/><G69/><T107/><D107/><U108/><E108/><V105/><F105/><W75/><G63/><T110/><D31/><U36/><E103/><V19/><F68/><W119/><G119/><T135/><D34/><U79/><E112/><V76/><F42/><W46/><REACH who="3" step="1"/><G8/><REACH who="3" ten="305,93,315,277" step="2"/><T62/><D62/><U80/><E124/><V17/><F17/><W128/><G128/><T2/><D16/><U10/><E10/><V92/><F76/><W115/><G115/><T47/><D18/><U96/><E84/><AGARI ba="1,1" hai="4,6,12,13,15,46,51,53,72,74,75,84,90,93" machi="84" ten="50,3200,0" yaku="1,1,52,1,53,0" doraHai="87" doraHaiUra="32" who="3" fromWho="1" sc="305,0,93,-35,315,0,277,45" /><INIT seed="3,0,0,2,3,57" ten="305,58,315,322" oya="3" hai0="131,73,113,91,129,11,124,53,83,25,37,78,30" hai1="44,28,33,123,94,69,135,29,19,41,132,127,56" hai2="48,107,117,100,9,32,122,112,92,88,6,89,76" hai3="79,54,0,81,39,51,18,128,110,7,115,16,43"/><W70/><G70/><T35/><D124/><U84/><E69/><V104/><F32/><W101/><G115/><T95/><D113/><U17/><E127/><V75/><F48/><W58/><G128/><N who="0" m="49227" /><D37/><U109/><E109/><V93/><F9/><N who="3" m="2279" /><G101/><T120/><D11/><U52/><E123/><V125/><F6/><W10/><G10/><T46/><D120/><U108/><E108/><V65/><F65/><W134/><G134/><T55/><D46/><U97/><E84/><AGARI ba="0,0" hai="25,30,35,53,55,73,78,83,84,91,95" m="49227" machi="84" ten="30,1000,0" yaku="19,1" doraHai="57" who="0" fromWho="1" sc="305,10,58,-10,315,0,322,0" /><INIT seed="4,0,0,2,2,125" ten="315,48,315,322" oya="0" hai0="127,52,98,75,45,51,59,74,135,128,24,30,4" hai1="110,95,70,35,113,38,22,105,76,81,17,39,49" hai2="28,80,106,63,47,23,1,18,85,83,9,90,33" hai3="3,107,19,101,34,20,6,88,58,66,131,104,43"/><T103/><D127/><U69/><E35/><V109/><F109/><W61/><G34/><T86/><D135/><U48/><E105/><V62/><F106/><W112/><G112/><T118/><D118/><U121/><E110/><V126/><F126/><W96/><G131/><T36/><D128/><U54/><E49/><V100/><F100/><W65/><G43/><T27/><D4/><U31/><E31/><V12/><F47/><W5/><G107/><T130/><D130/><U87/><E121/><V133/><F83/><W89/><G66/><T25/><D86/><U124/><E124/><V53/><F53/><W116/><G116/><T92/><REACH who="0" step="1"/><D30/><REACH who="0" ten="305,48,315,322" step="2"/><U7/><E7/><N who="2" m="1263" /><F133/><W29/><G29/><T117/><D117/><U79/><E113/><V13/><F13/><W8/><REACH who="3" step="1"/><G6/><REACH who="3" ten="305,48,315,312" step="2"/><T10/><D10/><U72/><E72/><V97/><F28/><W91/><G91/><T42/><AGARI ba="0,2" hai="24,25,27,36,42,45,51,52,59,74,75,92,98,103" machi="42" ten="30,11700,0" yaku="1,1,0,1,54,1,53,1" doraHai="125" doraHaiUra="50" who="0" fromWho="0" sc="305,137,48,-39,315,-39,312,-39" /><INIT seed="4,1,0,2,4,98" ten="442,9,276,273" oya="0" hai0="29,90,21,11,58,32,22,85,78,66,134,86,57" hai1="7,12,15,74,88,1,83,128,51,84,75,92,18" hai2="106,82,9,111,19,35,14,53,60,107,47,24,80" hai3="38,108,23,71,44,0,100,95,109,34,54,25,62"/><T81/><D134/><U36/><E36/><V93/><F111/><W50/><G0/><T112/><D112/><U55/><E1/><V91/><F106/><W61/><G34/><T113/><D113/><U43/><E43/><V122/><F107/><W101/><G38/><T39/><D39/><U65/><E65/><V135/><F122/><W97/><G71/><T17/><D29/><U45/><E128/><V76/><F135/><W129/><G129/><T131/><D32/><U104/><E104/><V125/><F125/><W120/><G120/><T115/><D11/><U8/><E92/><V49/><F60/><N who="3" m="23147" /><G109/><T105/><D105/><U16/><E7/><V48/><F48/><W42/><G42/><T89/><D78/><U10/><AGARI ba="1,0" hai="8,10,12,15,16,18,45,51,55,74,75,83,84,88" machi="10" ten="20,12000,2" yaku="0,1,7,1,9,1,25,2,54,2" doraHai="98" who="1" fromWho="1" sc="442,-61,9,123,276,-31,273,-31" /><INIT seed="5,0,0,3,3,48" ten="381,132,245,242" oya="1" hai0="95,42,74,72,87,16,124,64,86,58,53,68,40" hai1="44,62,107,20,61,63,7,115,133,24,118,119,8" hai2="57,78,31,79,129,114,60,15,3,132,49,6,33" hai3="92,85,122,98,11,84,46,120,90,39,125,30,17"/><U131/><E107/><V111/><F111/><W109/><G109/><T10/><D124/><U102/><E102/><V41/><F132/><W88/><G125/><T2/><D2/><U96/><E96/><V126/><F126/><W94/><G30/><T82/><D64/><U135/><E115/><V25/><F129/><W36/><G98/><T22/><D68/><U110/><E110/><V97/><F114/><W83/><G83/><T45/><D10/><U52/><E131/><V9/><F3/><W89/><G89/><T59/><D59/><U21/><E8/><V77/><F97/><W112/><G112/><T113/><D95/><U75/><E75/><V106/><F106/><W50/><G11/><T130/><D87/><U105/><E7/><V101/><F101/><W51/><G17/><T29/><D29/><U28/><E21/><V70/><F70/><W104/><G104/><T56/><D56/><U71/><E71/><V27/><F27/><W37/><REACH who="3" step="1"/><G51/><REACH who="3" ten="381,132,245,232" step="2"/><T81/><D81/><U93/><E105/><V69/><F49/><W123/><G123/><T73/><D82/><U5/><E93/><V23/><F31/><W91/><G91/><T65/><D113/><U127/><E127/><V4/><F9/><W121/><G121/><T55/><D130/><U47/><E5/><V99/><F99/><W108/><G108/><T0/><D74/><U38/><E38/><V54/><F6/><W80/><G80/><T32/><D72/><U43/><E133/><V34/><F4/><W18/><G18/><T116/><D73/><U67/><E135/><V66/><F78/><RYUUKYOKU ba="0,1" sc="381,-10,132,-10,245,-10,232,30" hai3="36,37,39,46,50,84,85,88,90,92,94,120,122" /><INIT seed="6,1,1,1,3,2" ten="371,122,235,262" oya="2" hai0="55,104,36,22,46,54,70,56,105,81,69,7,62" hai1="26,11,71,92,61,68,102,72,47,111,128,64,101" hai2="66,127,25,115,96,82,53,116,9,79,49,93,27" hai3="97,126,37,57,5,34,45,63,51,44,88,95,90"/><V40/><F116/><W6/><G126/><T130/><D130/><U19/><E72/><V133/><F127/><W52/><G34/><T29/><D7/><N who="3" m="2569" /><G37/><T43/><D81/><U24/><E111/><V38/><F66/><N who="3" m="39279" /><G44/><T94/><D94/><U85/><E71/><V67/><F67/><W86/><BYE who="2" /><G86/><T30/><D54/><U122/><E122/><V77/><F77/><W117/><G117/><T48/><D70/><UN n2="%E3%81%AF%E3%81%AA%E3%81%B3%E3%81%AA%E3%81%B3" /><U13/><E128/><V60/><F38/><W76/><G76/><T125/><D125/><U78/><E47/><V114/><F79/><W28/><G28/><T106/><D69/><U74/><E74/><V84/><F84/><W39/><G39/><T132/><D36/><U131/><E131/><V58/><F96/><W119/><G119/><T108/><D108/><U4/><E4/><V42/><F114/><W83/><G83/><T91/><D29/><U134/><E78/><V124/><F82/><W113/><G113/><T33/><D33/><U103/><REACH who="1" step="1"/><E134/><REACH who="1" ten="371,112,235,262" step="2"/><V10/><F133/><W14/><G14/><T107/><D46/><U8/><E8/><V1/><F10/><W99/><G99/><T3/><D132/><U31/><E31/><V73/><F9/><W35/><G35/><T50/><D30/><U110/><E110/><V129/><F73/><W100/><AGARI ba="1,2" hai="45,51,52,88,90,95,97,100" m="39279,2569" machi="100" ten="30,12000,2" yaku="8,1,52,3,54,2" doraHai="2" who="3" fromWho="3" sc="371,-31,112,-31,235,-61,262,143" /><INIT seed="7,0,0,4,1,44" ten="340,81,174,405" oya="3" hai0="25,108,43,58,106,0,51,64,77,16,35,73,37" hai1="101,102,134,60,65,23,69,66,54,72,111,85,76" hai2="50,120,82,87,29,5,13,74,52,103,83,7,112" hai3="15,104,38,125,47,63,115,24,119,98,39,124,2"/><W105/><G2/><T81/><D108/><U19/><E111/><V67/><F112/><W121/><G119/><T53/><D0/><U1/><E1/><V129/><F129/><W96/><G121/><T33/><D106/><U32/><E32/><V117/><F117/><W128/><G115/><T90/><D64/><U123/><E72/><V91/><F120/><W122/><G128/><T97/><D43/><U113/><E134/><V14/><F103/><W93/><G122/><T114/><D37/><U135/><E113/><V40/><F40/><W86/><G15/><N who="2" m="5641" /><F74/><W6/><G6/><N who="2" m="2057" /><F67/><W88/><G24/><T9/><D9/><U131/><E135/><V133/><F133/><W57/><G47/><T71/><D71/><U127/><E131/><V80/><F29/><W84/><G38/><T79/><D79/><U78/><E123/><V49/><F49/><W75/><G39/><T10/><D114/><U11/><E127/><N who="3" m="48714" /><G75/><T59/><D59/><AGARI ba="0,0" hai="50,52,59,80,82,83,87,91" m="2057,5641" machi="59" ten="30,3900,0" yaku="8,1,52,1,54,1" doraHai="44" who="2" fromWho="0" sc="340,-39,81,0,174,39,405,0" owari="301,10.1,81,-41.9,213,-18.7,405,50.5" /></mjloggm>