<mjloggm ver="2.3"><GO type="169" lobby="0"/><UN n0="%E3%82%B4%E3%83%AB%E3%83%95%E3%82%AB%E3%83%BC%E3%83%88%E5%9B%BD%E9%81%93" n1="%6F%6B%61%62%65%73%68%69" n2="%E3%81%86%E3%81%9A%E3%82%89%E5%8D%B5%E3%83%95%E3%83%A9%E3%82%A4" n3="%E3%81%B1%E3%82%93%E3%81%AA%E3%81%93%E3%81%BE%E3%81%A3%E3%81%9F" dan="16,17,16,17" rate="2087.13,2188.92,2037.65,2220.29" sx="M,M,M,M"/><TAIKYOKU oya="0"/><INIT seed="0,0,0,5,2,121" ten="250,250,250,250" oya="0" hai0="6,88,36,104,4,112,123,24,1,25,125,93,84" hai1="56,135,82,18,115,61,28,90,29,119,127,11,62" hai2="118,133,32,44,13,70,120,122,10,20,86,0,42" hai3="66,38,34,63,111,8,9,130,72,46,129,30,83"/><T48/><D112/><U31/><E119/><V60/><F118/><W65/><G30/><T49/><D123/><U99/><E115/><V108/><F32/><W95/><G34/><T94/><D36/><U59/><E127/><V105/><F105/><W7/><G95/><T134/><D104/><U26/><E135/><V110/><F0/><N who="3" m="103" /><G9/><T109/><D109/><N who="2" m="42090" /><F133/><W17/><G17/><T54/><D134/><U68/><E68/><V35/><F86/><W92/><G92/><T128/><D128/><N who="3" m="49257" /><G111/><T71/><D71/><U43/><E43/><V116/><F20/><W64/><G46/><T45/><D125/><U102/><E102/><V96/><F96/><W39/><G63/><T76/><D76/><AGARI ba="0,0" hai="38,39,64,65,66,72,76,83" m="49257,103" machi="76" ten="30,1000,0" yaku="19,1" doraHai="121" who="3" fromWho="0" sc="250,-10,250,0,250,0,250,10" /><INIT seed="1,0,0,5,1,94" ten="240,250,250,260" oya="1" hai0="64,88,20,90,49,75,23,132,9,38,129,5,1" hai1="80,12,11,95,73,110,32,13,79,25,91,121,113" hai2="61,81,109,29,134,120,78,10,55,107,86,8,111" hai3="131,119,22,63,102,51,66,123,27,99,2,52,112"/><U103/><E121/><V48/><F120/><W98/><G123/><T72/><D38/><U42/><E113/><V46/><F107/><W31/><G112/><T58/><D129/><U40/><E110/><V35/><F134/><W135/><G2/><T62/><D132/><U39/><E39/><V4/><F61/><W36/><G36/><T130/><D130/><U89/><E89/><V43/><F29/><W24/><G131/><T128/><D128/><U115/><E13/><V77/><F35/><W54/><G135/><T133/><D133/><U47/><E115/><V127/><F127/><W108/><G108/><N who="2" m="41545" /><F77/><W100/><G119/><T3/><D3/><U67/><E47/><N who="2" m="28063" /><F4/><W34/><G34/><T57/><D75/><U122/><E103/><N who="3" m="39466" /><G27/><T124/><D72/><U76/><E76/><V87/><F87/><W16/><G31/><T65/><D124/><U14/><E14/><V84/><F84/><W74/><G74/><T44/><D23/><U117/><E117/><V101/><F101/><W71/><G71/><T116/><D20/><U0/><E0/><V18/><F18/><W26/><G26/><T126/><D116/><U96/><E122/><V114/><F114/><W56/><G66/><T59/><D126/><U106/><E67/><V85/><F85/><W21/><G21/><T83/><D65/><U30/><REACH who="1" step="1"/><E106/><REACH who="1" ten="240,240,250,260" step="2"/><V28/><F28/><W33/><G33/><T19/><D64/><U93/><E93/><V15/><F15/><W6/><G6/><AGARI ba="0,1" hai="6,11,12,25,30,32,40,42,73,79,80,91,95,96" machi="6" ten="30,5800,0" yaku="1,1,7,1,52,1,53,0" doraHai="94" doraHaiUra="82" who="1" fromWho="3" sc="240,0,240,68,250,0,260,-58" /><INIT seed="1,1,0,1,5,28" ten="240,308,250,202" oya="1" hai0="131,115,34,68,77,14,25,54,84,103,132,31,110" hai1="71,135,24,94,75,51,6,64,30,99,91,111,39" hai2="63,62,92,3,38,88,73,13,109,95,1,17,57" hai3="85,101,112,123,16,93,18,116,15,27,129,104,74"/><U35/><E39/><V32/><F38/><W40/><G112/><T44/><D115/><U130/><E75/><V96/><F73/><W22/><G123/><T60/><D110/><U120/><E120/><V46/><F109/><W105/><G74/><T33/><D131/><U19/><E111/><V29/><F46/><W119/><G129/><T76/><D132/><U5/><E130/><V59/><F57/><W23/><G40/><T81/><D103/><U80/><E135/><V97/><F29/><W125/><G125/><T0/><D0/><U102/><E19/><V52/><F32/><W26/><G15/><T122/><D122/><U56/><E71/><V12/><F63/><W36/><G36/><T41/><D14/><U48/><E48/><V20/><REACH who="2" step="1"/><F13/><REACH who="2" ten="240,308,240,202" step="2"/><W7/><G7/><T107/><D34/><U117/><E117/><V9/><F9/><W128/><G128/><T72/><D72/><U90/><E5/><V45/><F45/><W114/><G114/><T10/><D10/><U50/><E6/><V118/><F118/><W2/><G2/><T70/><D70/><U66/><E35/><V100/><AGARI ba="1,1" hai="1,3,12,17,20,52,59,62,88,92,95,96,97,100" machi="100" ten="20,8000,1" yaku="1,1,0,1,7,1,54,2,53,0" doraHai="28" doraHaiUra="37" who="2" fromWho="2" sc="240,-21,308,-41,240,93,202,-21" /><INIT seed="2,0,0,2,0,12" ten="219,267,333,181" oya="2" hai0="111,104,25,134,74,7,101,4,105,106,8,85,1" hai1="2,116,10,14,41,109,62,43,128,79,17,66,5" hai2="73,118,36,32,59,123,113,27,97,68,39,107,77" hai3="75,13,115,82,23,94,3,81,52,80,87,88,38"/><V44/><F113/><W46/><G3/><T92/><D111/><U35/><E116/><V65/><F118/><W15/><G115/><T61/><D134/><U9/><E109/><V42/><F123/><W90/><G75/><T120/><D120/><U110/><E110/><V117/><F117/><W53/><G38/><T18/><D74/><U100/><E128/><V26/><F39/><W0/><G0/><T91/><D7/><U96/><E79/><V98/><F68/><W6/><G6/><T67/><D101/><U93/><REACH who="1" step="1"/><E35/><REACH who="1" ten="219,257,333,181" step="2"/><V24/><F32/><W30/><G90/><T45/><D45/><U119/><E119/><V33/><F33/><W60/><G46/><T108/><D108/><U71/><AGARI ba="0,1" hai="2,5,9,10,14,17,41,43,62,66,71,93,96,100" machi="71" ten="20,5200,0" yaku="1,1,0,1,7,1,52,1,53,0" doraHai="12" doraHaiUra="21" who="1" fromWho="1" sc="219,-13,257,62,333,-26,181,-13" /><INIT seed="3,0,0,2,0,120" ten="206,319,307,168" oya="3" hai0="6,96,103,111,129,30,92,63,101,89,1,29,7" hai1="107,132,83,126,8,98,79,11,87,52,36,86,24" hai2="2,28,16,59,85,40,109,57,21,119,114,49,104" hai3="91,3,72,60,108,110,18,43,123,93,133,31,12"/><W116/><G123/><T54/><D129/><U19/><E36/><V61/><F114/><W14/><G116/><T33/><D33/><U25/><E126/><V95/><F119/><W42/><G3/><T82/><D1/><U0/><E132/><V50/><F104/><W99/><G133/><T67/><D54/><U58/><E11/><V23/><F2/><W71/><G72/><T131/><D131/><U56/><E56/><V97/><F85/><W32/><G31/><N who="0" m="11787" /><D111/><N who="3" m="42537" /><G32/><T105/><D105/><U113/><E113/><V78/><F28/><W106/><G106/><T64/><D82/><U121/><E87/><V112/><F109/><W127/><G127/><T100/><D63/><U135/><E135/><V20/><F61/><W65/><G14/><T81/><D81/><U70/><E70/><V134/><F134/><W102/><G102/><T38/><D38/><U124/><E124/><V4/><F112/><W77/><G77/><T27/><D27/><U26/><E121/><V73/><F78/><W90/><G90/><T76/><D76/><U47/><E47/><V5/><F73/><W9/><AGARI ba="0,0" hai="9,12,18,42,43,60,65,71,91,93,99" m="42537" machi="9" ten="30,12000,1" yaku="14,1,10,1,52,3" doraHai="120" who="3" fromWho="3" sc="206,-40,319,-40,307,-40,168,120" /><INIT seed="3,1,0,0,0,7" ten="166,279,267,288" oya="3" hai0="90,128,134,133,6,64,89,60,131,87,115,85,27" hai1="129,65,36,42,101,4,45,35,2,58,25,62,48" hai2="109,130,107,26,117,77,55,111,8,30,38,59,95" hai3="122,31,94,103,53,67,98,39,124,57,84,46,118"/><W21/><G118/><T99/><D27/><U81/><E129/><N who="0" m="49737" /><D6/><U33/><E101/><V100/><F130/><W114/><G114/><T127/><D60/><U54/><E2/><V1/><F117/><W5/><G124/><T44/><D44/><U40/><E4/><V24/><F107/><W47/><G122/><T66/><D66/><U19/><E42/><V86/><F38/><W71/><G39/><T61/><D61/><U92/><E81/><V22/><F26/><W119/><G119/><T108/><D64/><U68/><E92/><V74/><F74/><W80/><G71/><T9/><D9/><U14/><REACH who="1" step="1"/><E25/><REACH who="1" ten="166,269,267,288" step="2"/><V123/><F24/><N who="3" m="16783" /><G5/><T121/><D121/><U96/><E96/><V28/><F123/><W135/><G135/><T34/><D134/><U69/><E69/><V105/><F1/><W51/><G67/><T3/><D133/><U104/><E104/><V18/><F105/><W17/><G17/><T32/><D3/><U12/><E12/><V102/><F18/><W113/><G113/><T37/><D115/><U73/><E73/><V79/><F102/><W20/><G20/><AGARI ba="1,1" hai="14,19,20,33,35,36,40,45,48,54,58,62,65,68" machi="20" ten="30,8000,1" yaku="1,1,7,1,24,2,53,1" doraHai="7" doraHaiUra="70" who="1" fromWho="3" sc="166,0,269,93,267,0,288,-83" /><INIT seed="4,0,0,5,5,134" ten="166,362,267,205" oya="0" hai0="42,15,114,64,34,100,131,85,19,110,5,101,135" hai1="78,88,76,81,93,98,44,27,103,3,86,77,12" hai2="127,25,21,53,113,35,28,62,33,66,133,102,105" hai3="90,51,84,89,69,41,10,71,13,59,129,91,1"/><T7/><D114/><U9/><E3/><V130/><F133/><W115/><G115/><T43/><D135/><U22/><E44/><V30/><F113/><W31/><G1/><T47/><D131/><U120/><E120/><V112/><F112/><W73/><G73/><T94/><D110/><U57/><E57/><V70/><F130/><W24/><G129/><T80/><D34/><U55/><E55/><V17/><F53/><W61/><G51/><T83/><D64/><U122/><E122/><V4/><F4/><N who="0" m="1610" /><D83/><U63/><E63/><V128/><F128/><W37/><G41/><N who="0" m="15371" /><D47/><U54/><E54/><V124/><F30/><W18/><G37/><T60/><D94/><U99/><E9/><V16/><F17/><W38/><G38/><T75/><D75/><U97/><REACH who="1" step="1"/><E12/><REACH who="1" ten="166,352,267,205" step="2"/><N who="2" m="9351" /><F35/><W40/><G40/><T6/><D60/><U123/><E123/><V8/><F8/><W67/><G71/><T58/><D58/><U68/><E68/><V126/><F126/><W0/><G69/><T109/><D109/><U49/><E49/><V56/><F56/><W2/><G0/><T50/><D50/><U82/><E82/><V132/><F132/><W106/><G2/><T74/><D80/><U104/><E104/><V36/><F36/><W48/><G106/><T39/><D15/><U20/><E20/><V119/><F119/><W79/><G48/><T23/><D39/><U108/><E108/><V118/><F118/><W46/><G46/><T11/><D11/><U14/><E14/><V117/><F117/><W45/><G45/><T111/><D111/><U65/><E65/><RYUUKYOKU ba="0,1" sc="166,-15,352,15,267,15,205,-15" hai1="22,27,76,77,78,81,86,88,93,97,98,99,103" hai2="25,28,33,62,66,70,102,105,124,127" /><INIT seed="5,1,1,4,1,93" ten="151,367,282,190" oya="1" hai0="89,90,76,60,13,113,79,45,56,98,52,80,112" hai1="131,31,64,129,57,27,25,34,118,104,108,73,97" hai2="102,69,0,99,22,29,66,123,106,114,55,111,63" hai3="9,6,87,28,20,85,103,116,3,101,77,5,42"/><U78/><E118/><V37/><F111/><W46/><G116/><T134/><D134/><U2/><E2/><V86/><F123/><W1/><G28/><T74/><D79/><U23/><E108/><V39/><F0/><W36/><G20/><T21/><D45/><U32/><E73/><V135/><F135/><W16/><G16/><N who="0" m="10383" /><D98/><U126/><E78/><V109/><F109/><W61/><G61/><T19/><D19/><U119/><E119/><V4/><F4/><W26/><G26/><T44/><D44/><U48/><E126/><V70/><F70/><W33/><G33/><T75/><D75/><U17/><E34/><V120/><F120/><W115/><G115/><AGARI ba="1,1" hai="52,56,60,74,76,80,89,90,112,113,115" m="10383" machi="115" ten="30,3900,0" yaku="15,1,54,2" doraHai="93" who="0" fromWho="3" sc="151,52,367,0,282,0,190,-42" /><INIT seed="6,0,0,3,3,12" ten="203,367,282,148" oya="2" hai0="126,24,35,29,96,22,103,2,11,107,101,70,7" hai1="90,92,68,62,102,61,83,123,14,81,76,94,33" hai2="69,114,9,23,43,133,78,57,63,84,73,4,51" hai3="36,38,26,13,117,89,118,135,85,66,53,6,93"/><V8/><F73/><W55/><G135/><T25/><D126/><U111/><E111/><V1/><F133/><W20/><G66/><T10/><D10/><U74/><E33/><V129/><F114/><W109/><G109/><T131/><D103/><U41/><E123/><V32/><F32/><W16/><G38/><T30/><REACH who="0" step="1"/><D70/><REACH who="0" ten="193,367,282,148" step="2"/><U88/><E68/><V79/><F69/><W50/><G36/><T45/><D45/><U42/><E102/><V47/><F9/><W71/><G71/><T132/><D132/><U19/><E74/><V27/><F129/><AGARI ba="0,1" hai="2,7,11,22,24,25,29,30,35,96,101,107,129,131" machi="129" ten="40,1300,0" yaku="1,1,53,0" doraHai="12" doraHaiUra="67" who="0" fromWho="2" sc="193,23,367,0,282,-13,148,0" /><INIT seed="7,0,0,3,2,70" ten="216,367,269,148" oya="3" hai0="117,94,133,102,31,44,104,24,66,74,90,105,126" hai1="62,116,127,120,106,131,8,15,109,95,100,36,115" hai2="84,59,7,9,129,42,6,65,67,1,87,2,17" hai3="68,38,51,18,63,86,72,108,13,130,34,32,134"/><W4/><G72/><T58/><D117/><U80/><E120/><V121/><F42/><W118/><G118/><T29/><D74/><U19/><E116/><V92/><F59/><W39/><G4/><T27/><D133/><U123/><E123/><V107/><F92/><W81/><G134/><T111/><D111/><U64/><E109/><V60/><F60/><W30/><G108/><T56/><D126/><U103/><E127/><V25/><F25/><W82/><G130/><T46/><D94/><U52/><E106/><V85/><F107/><W54/><G82/><T21/><D90/><U75/><E36/><N who="3" m="13866" /><G63/><T99/><D66/><U125/><E131/><V12/><F129/><W57/><G68/><T101/><D21/><U76/><E52/><V26/><F121/><W11/><G30/><T112/><D99/><U53/><E53/><V49/><F49/><W0/><G0/><T55/><D55/><U83/><E83/><V124/><F124/><W98/><G98/><T88/><D88/><U79/><E125/><V47/><F1/><W16/><G18/><T71/><D71/><U132/><E132/><V135/><F135/><W33/><G33/><T77/><D77/><U113/><E76/><V3/><F2/><W41/><G41/><T22/><D22/><U97/><E103/><V45/><F3/><W28/><G28/><T110/><D110/><U128/><E128/><V69/><F69/><W23/><G23/><T89/><D89/><U122/><E122/><V91/><F91/><N who="3" m="51663" /><G57/><T61/><D61/><U48/><E62/><V14/><F17/><W119/><G119/><RYUUKYOKU ba="0,0" sc="216,15,367,-15,269,-15,148,15" hai0="24,27,29,31,44,46,56,58,101,102,104,105,112" hai3="11,13,16,32,34,51,54" /><INIT seed="7,1,0,3,3,30" ten="231,352,254,163" oya="3" hai0="8,42,75,48,126,1,41,21,24,95,124,112,99" hai1="54,104,12,72,9,100,40,3,53,50,7,51,122" hai2="52,98,120,65,28,131,46,97,45,49,90,83,66" hai3="81,79,132,110,133,43,109,31,63,57,11,85,91"/><W23/><G43/><N who="0" m="16395" /><D75/><U86/><E72/><V71/><F131/><W84/><G11/><T76/><D76/><U47/><E122/><V10/><F71/><W130/><G130/><T58/><D8/><U22/><E104/><V38/><F120/><W35/><G23/><T80/><D80/><U32/><E100/><V125/><F38/><W69/><G69/><T6/><D6/><U27/><E3/><V5/><F28/><W134/><G31/><T87/><D1/><U118/><E32/><V94/><F46/><W33/><G85/><T123/><D123/><U113/><E118/><V26/><F26/><W93/><G110/><T92/><D87/><U68/><E68/><V78/><F98/><N who="3" m="57663" /><G109/><T70/><D70/><U117/><E117/><V64/><F125/><N who="0" m="48234" /><D99/><U25/><E113/><V111/><F111/><W108/><G108/><T36/><D36/><U59/><E22/><V119/><F119/><W60/><G60/><T128/><D128/><U73/><E73/><V55/><F10/><W37/><G37/><T105/><D105/><U0/><E0/><V39/><F39/><W106/><G106/><T127/><D112/><U135/><E135/><N who="3" m="51786" /><G63/><T17/><N who="0" m="48242" /><T103/><DORA hai="62" /><D103/><U88/><E40/><N who="2" m="24743" /><F5/><W67/><N who="3" m="51794" /><W102/><DORA hai="121" /><G102/><T18/><D18/><U116/><E116/><V82/><F78/><W15/><G15/><T44/><D44/><U129/><E129/><V114/><F114/><W74/><G74/><T16/><D17/><U29/><E29/><V107/><F107/><W19/><G19/><T34/><D34/><U13/><E13/><RYUUKYOKU ba="1,0" sc="231,0,352,0,254,0,163,0" hai0="16,21,24,48,58,92,95" hai1="7,9,12,25,27,47,50,51,53,54,59,86,88" hai2="52,55,64,65,66,82,83,90,94,97" hai3="33,35,57,67,79,81,84" /><INIT seed="7,2,0,2,5,54" ten="231,352,254,163" oya="3" hai0="17,116,56,10,25,33,113,117,100,69,65,71,15" hai1="97,125,134,123,82,84,57,103,1,81,114,101,29" hai2="121,11,47,36,48,37,46,45,127,115,77,91,131" hai3="126,133,119,0,2,12,76,35,52,44,83,13,18"/><W112/><G119/><T34/><D100/><U43/><E123/><V62/><F121/><W9/><G35/><T87/><D113/><U59/><E1/><V50/><F77/><W42/><G112/><T132/><D132/><U80/><E114/><V58/><F115/><W28/><G133/><T108/><D108/><U110/><E134/><V67/><F91/><W19/><G28/><T90/><D34/><U51/><E110/><V104/><F11/><W74/><G126/><T95/><D33/><U26/><E125/><V85/><F85/><W27/><G27/><T23/><D56/><N who="1" m="21579" /><E84/><V24/><F24/><W86/><G74/><T106/><D106/><U68/><E68/><V60/><F104/><W21/><REACH who="3" step="1"/><G52/><REACH who="3" ten="231,352,254,153" step="2"/><T8/><D65/><U30/><E26/><V78/><F127/><W98/><G98/><T88/><D117/><U53/><E29/><V118/><F118/><W73/><G73/><T75/><D75/><U93/><E30/><V130/><F62/><W7/><G7/><T6/><D116/><U102/><E43/><V64/><F64/><W99/><G99/><T92/><D10/><U96/><E96/><AGARI ba="2,1" hai="6,8,15,17,23,25,69,71,87,88,90,92,95,96" machi="96" ten="30,2000,0" yaku="7,1,54,1" doraHai="54" who="0" fromWho="1" sc="231,36,352,-26,254,0,153,0" owari="267,6.7,326,42.6,254,-14.6,153,-34.7" /></mjloggm>