<mjloggm ver="2.3"><GO type="169" lobby="0"/><UN n0="%E3%81%95%E3%81%8D%E3%81%8A%E3%80%82" n1="%E3%81%BD%E3%81%A3%E3%81%91%E3%81%95%E3%82%93" n2="%E4%BF%9D%E8%82%B2%E5%A3%AB" n3="%E5%9C%A7%E5%80%92%E7%9A%84%E3%83%9D%E3%83%B3" dan="16,17,16,17" rate="2167.26,2171.29,2216.33,2180.07" sx="M,M,M,M"/><TAIKYOKU oya="0"/><INIT seed="0,0,0,0,4,74" ten="250,250,250,250" oya="0" hai0="47,0,89,106,3,96,21,118,134,107,94,65,131" hai1="133,20,72,1,127,46,130,78,5,36,64,57,13" hai2="69,126,14,71,61,101,122,26,48,24,84,97,4" hai3="79,119,63,60,120,75,85,95,81,45,15,117,35"/><T116/><D131/><U42/><E130/><V17/><F122/><W19/><G35/><T25/><D134/><U6/><E133/><V50/><F126/><W88/><G120/><T115/><D115/><U49/><E127/><V100/><F4/><W103/><G45/><T9/><D47/><U110/><E110/><V114/><F114/><W2/><G2/><T16/><D65/><U23/><E6/><V109/><F109/><W98/><G119/><T10/><D3/><U86/><E72/><V44/><F84/><W53/><G53/><T91/><D0/><U87/><E87/><V58/><F71/><W90/><G90/><T108/><D108/><U56/><E36/><V80/><F69/><W40/><G40/><T67/><D67/><U68/><E68/><V8/><F80/><W34/><G34/><T135/><D91/><U37/><E37/><V124/><F124/><W77/><G117/><T30/><D135/><U76/><E1/><V83/><F83/><W12/><G12/><T66/><D66/><U51/><E86/><V99/><F101/><W132/><G132/><T55/><D55/><N who="1" m="31855" /><E5/><V125/><F100/><W11/><G77/><N who="1" m="29802" /><E13/><V121/><F121/><W105/><AGARI ba="0,0" hai="11,15,19,60,63,75,79,81,85,88,95,98,103,105" machi="105" ten="20,12000,2" yaku="0,1,7,1,24,2,52,1,54,1" doraHai="74" who="3" fromWho="3" sc="250,-60,250,-30,250,-30,250,120" /><INIT seed="1,0,0,1,0,65" ten="190,220,220,370" oya="1" hai0="58,120,18,64,83,87,132,88,7,45,19,75,10" hai1="80,15,89,26,122,23,49,27,126,108,57,21,104" hai2="20,110,61,48,114,99,36,119,68,60,37,22,127" hai3="131,129,91,51,67,44,111,25,117,72,77,34,12"/><U54/><E122/><V98/><F119/><W92/><G117/><T13/><D132/><U35/><E35/><V100/><F127/><W33/><G111/><T121/><D75/><U86/><E104/><V107/><F110/><W17/><G67/><T78/><D78/><U41/><E108/><V106/><F48/><W74/><G77/><T9/><D45/><U63/><E126/><V59/><F59/><W105/><G105/><T71/><D58/><U94/><E80/><V8/><F8/><W14/><G25/><T53/><D53/><U85/><E85/><V2/><F2/><W90/><G92/><T38/><D38/><U46/><REACH who="1" step="1"/><E15/><REACH who="1" ten="190,210,220,370" step="2"/><V73/><F73/><W79/><G74/><T101/><D120/><U133/><E133/><V84/><F84/><W116/><G72/><T134/><D121/><U113/><E113/><V39/><F114/><W47/><G12/><T118/><D134/><U62/><E62/><V1/><F1/><W28/><G14/><T43/><D118/><U128/><E128/><V11/><F107/><W96/><G116/><T40/><D9/><U124/><E124/><V66/><F60/><W4/><G34/><T115/><D115/><U3/><E3/><V50/><F11/><W102/><G33/><T69/><D13/><U135/><E135/><V31/><F99/><W24/><G96/><T5/><D10/><U42/><E42/><V112/><F112/><W103/><G131/><T6/><D40/><U55/><E55/><V70/><F106/><W76/><G129/><T81/><D43/><U82/><E82/><V109/><F109/><RYUUKYOKU ba="0,1" sc="190,-10,210,30,220,-10,370,-10" hai1="21,23,26,27,41,46,49,54,57,63,86,89,94" /><INIT seed="1,1,1,0,2,63" ten="180,240,210,360" oya="1" hai0="83,116,51,20,86,85,106,25,10,112,134,36,11" hai1="125,129,57,81,98,55,40,7,90,59,42,80,5" hai2="121,62,130,124,117,18,105,48,118,103,56,65,0" hai3="35,109,92,71,1,43,76,96,74,132,133,15,99"/><U87/><E125/><V3/><F121/><W50/><G1/><T119/><D36/><U88/><E129/><V2/><F130/><W70/><G35/><T44/><D106/><U82/><E98/><V110/><F124/><W114/><G114/><T77/><D134/><U19/><E19/><V34/><F103/><W45/><G109/><T14/><D112/><U12/><E12/><V30/><F105/><W111/><G111/><T102/><D102/><U89/><E87/><V60/><F110/><W104/><G104/><T61/><D61/><U100/><E100/><V107/><F107/><W52/><G99/><T95/><D95/><U126/><E126/><V32/><F48/><W93/><G93/><T115/><D86/><U29/><E29/><V28/><F18/><W84/><G74/><T73/><D11/><U41/><REACH who="1" step="1"/><E55/><REACH who="1" ten="180,230,210,360" step="2"/><V120/><F28/><W9/><G133/><T66/><D115/><U79/><E79/><V75/><F75/><W91/><G132/><T135/><D73/><U27/><E27/><V13/><F13/><W47/><G76/><T39/><D85/><U54/><E54/><V49/><F30/><W38/><G84/><T69/><D77/><U72/><E72/><V113/><F113/><W122/><G122/><T21/><D14/><U131/><E131/><V24/><F120/><W6/><AGARI ba="1,2" hai="6,9,15,38,43,45,47,50,52,70,71,91,92,96" machi="6" ten="20,2700,0" yaku="0,1,7,1,54,1" doraHai="63" who="3" fromWho="3" sc="180,-8,230,-14,210,-8,360,50" /><INIT seed="2,0,0,3,3,117" ten="172,216,202,410" oya="2" hai0="68,131,86,45,113,43,111,56,101,41,60,47,59" hai1="58,1,105,64,49,89,20,118,30,85,95,61,100" hai2="22,7,125,38,36,42,71,70,102,127,124,90,87" hai3="31,99,16,55,82,73,11,39,63,133,108,8,15"/><V51/><F102/><W88/><G39/><N who="2" m="14889" /><F7/><W23/><G108/><T29/><D86/><U116/><E1/><V57/><F22/><W34/><G34/><T129/><D29/><U19/><E30/><V50/><F90/><W28/><G133/><T126/><D101/><U44/><E105/><V97/><F87/><N who="3" m="50295" /><G73/><T132/><D111/><U92/><E100/><V3/><F97/><W81/><G81/><T84/><D84/><U78/><E78/><V0/><F0/><W5/><G99/><T119/><D132/><U9/><E9/><N who="3" m="3658" /><G5/><T130/><D119/><U48/><E95/><V35/><F35/><W107/><G107/><T4/><D4/><U75/><E75/><V69/><F3/><W83/><G83/><T46/><D113/><U115/><E115/><V17/><F17/><W93/><G93/><T52/><D126/><U123/><E123/><V74/><F74/><W109/><G109/><T110/><D110/><U79/><E79/><V12/><F12/><W72/><G72/><T26/><D26/><U62/><E118/><V6/><F6/><W10/><G23/><T33/><D33/><U18/><E116/><V13/><F13/><W77/><G77/><T2/><D2/><U65/><E20/><V98/><F98/><W121/><G121/><T135/><D135/><U128/><E92/><V80/><F80/><W54/><G54/><N who="0" m="33815" /><D68/><U14/><E85/><V94/><F94/><W66/><G55/><T67/><D67/><U112/><E112/><V122/><F122/><W120/><G120/><T106/><D106/><U27/><E27/><V91/><F125/><RYUUKYOKU ba="0,0" sc="172,15,216,-15,202,-15,410,15" hai0="41,43,45,46,47,52,59,129,130,131" hai3="10,15,16,28,31,63,66" /><INIT seed="3,1,0,0,5,4" ten="187,201,187,425" oya="3" hai0="78,24,41,129,25,58,85,109,47,86,113,33,92" hai1="117,2,65,90,72,95,22,73,18,3,99,134,5" hai2="14,123,40,107,111,118,131,93,135,101,79,57,63" hai3="81,104,38,112,91,64,1,50,77,88,116,75,39"/><W52/><G116/><T115/><D109/><U28/><E28/><V121/><F118/><W34/><G34/><T54/><D129/><U43/><E117/><V98/><F111/><W15/><G1/><T71/><D71/><U27/><E134/><V125/><F131/><W106/><G112/><N who="0" m="43083" /><D86/><U76/><E76/><V102/><F135/><W132/><G64/><T133/><D33/><U103/><E43/><V114/><F114/><W59/><G132/><T13/><D13/><U100/><E2/><V94/><F125/><W120/><G120/><N who="2" m="46153" /><F40/><W48/><G48/><T49/><D133/><U130/><E130/><V67/><F79/><W87/><G91/><N who="0" m="53359" /><D78/><U126/><E126/><V89/><F102/><W17/><G106/><T26/><D26/><U46/><E103/><V12/><F107/><W21/><G104/><T6/><D6/><U35/><E35/><V32/><F32/><W9/><G21/><T62/><AGARI ba="1,0" hai="24,25,41,47,49,54,58,62" m="53359,43083" machi="62" ten="30,1100,0" yaku="11,1" doraHai="4" who="0" fromWho="0" sc="187,14,201,-4,187,-4,425,-6" /><INIT seed="4,0,0,2,1,15" ten="201,197,183,419" oya="0" hai0="52,96,86,128,125,37,114,122,58,48,39,3,32" hai1="82,45,116,130,108,62,78,74,67,61,7,75,81" hai2="119,107,94,54,14,9,31,26,5,71,131,113,73" hai3="132,101,111,92,60,88,104,87,46,27,20,102,103"/><T123/><D3/><U16/><E116/><V109/><F109/><W40/><G132/><T13/><D32/><U110/><E130/><V21/><F107/><W115/><G115/><T133/><D133/><U84/><E7/><V63/><F113/><W69/><G111/><T33/><D33/><U77/><E84/><V6/><F131/><W24/><G104/><T124/><D114/><U53/><E45/><V25/><F73/><W17/><G69/><T100/><D128/><U55/><REACH who="1" step="1"/><E67/><REACH who="1" ten="201,187,183,419" step="2"/><V91/><F119/><W90/><G46/><T118/><D118/><U134/><E134/><V1/><F1/><W93/><G40/><T50/><D86/><U11/><E11/><V41/><F41/><W99/><G60/><T120/><D48/><U38/><E38/><V22/><F5/><W95/><G95/><T89/><D37/><U105/><E105/><V28/><F63/><W47/><G47/><T121/><D39/><U76/><E76/><V51/><F51/><W56/><G56/><T64/><D64/><U0/><E0/><V117/><F117/><W72/><G72/><T23/><D120/><U18/><AGARI ba="0,1" hai="16,18,53,55,61,62,74,75,77,78,81,82,108,110" machi="18" ten="25,12000,2" yaku="1,1,0,1,22,2,52,2,54,1,53,0" doraHai="15" doraHaiUra="30" who="1" fromWho="1" sc="201,-60,187,130,183,-30,419,-30" /><INIT seed="5,0,0,2,1,128" ten="141,317,153,389" oya="1" hai0="120,25,127,66,119,99,29,124,135,89,79,86,16" hai1="14,52,61,4,68,134,111,60,54,106,31,40,130" hai2="45,72,50,92,71,13,5,58,97,118,9,62,36" hai3="34,47,90,64,117,3,2,84,93,133,42,131,32"/><U105/><E130/><V27/><F118/><W73/><G117/><T37/><D37/><U103/><E111/><V24/><F72/><W104/><G131/><T108/><D108/><U33/><E40/><V43/><F71/><W6/><G104/><T116/><D66/><U74/><E74/><V76/><F76/><W78/><G64/><T77/><D99/><U23/><E33/><V102/><REACH who="2" step="1"/><F36/><REACH who="2" ten="141,317,143,389" step="2"/><W113/><G78/><T44/><D77/><U69/><E69/><V91/><F91/><W70/><G73/><T75/><D79/><U95/><E68/><V1/><F1/><W126/><G70/><T87/><D89/><U65/><E103/><V53/><AGARI ba="0,1" hai="5,9,13,24,27,43,45,50,53,58,62,92,97,102" machi="53" ten="20,8000,1" yaku="1,1,0,1,7,1,8,1,53,1" doraHai="128" doraHaiUra="8" who="2" fromWho="2" sc="141,-20,317,-40,143,90,389,-20" /><INIT seed="6,0,0,4,3,89" ten="121,277,233,369" oya="2" hai0="55,11,31,98,19,30,33,52,34,92,61,134,79" hai1="118,63,32,75,21,114,41,48,126,46,116,5,40" hai2="27,127,74,113,17,36,100,102,73,131,22,58,93" hai3="54,135,59,35,104,4,65,50,122,26,130,123,43"/><V107/><F107/><W49/><G104/><T68/><D134/><U84/><E75/><V44/><F113/><W128/><G4/><T8/><D79/><U77/><E32/><V110/><F73/><W115/><G35/><T125/><D125/><U111/><E111/><V29/><F74/><W124/><G26/><T85/><D85/><U28/><E114/><V96/><F110/><W106/><G106/><T38/><D38/><U9/><E41/><V88/><F131/><N who="3" m="50219" /><G115/><T15/><D11/><U69/><E126/><V78/><F127/><W56/><G124/><T18/><D18/><U70/><E63/><V108/><F78/><W66/><G135/><T1/><D33/><U20/><E70/><V132/><F108/><W133/><G133/><T14/><D14/><N who="1" m="5423" /><E69/><V53/><F132/><W117/><G117/><N who="1" m="45162" /><E28/><V12/><F44/><N who="3" m="25759" /><G59/><T99/><D1/><U109/><E109/><V105/><F105/><W95/><G95/><T16/><D19/><U86/><E86/><V62/><REACH who="2" step="1"/><F36/><REACH who="2" ten="121,277,223,369" step="2"/><W7/><G123/><T42/><D42/><U103/><E77/><V76/><F76/><W24/><G122/><T81/><D34/><AGARI ba="0,1" hai="12,17,22,27,29,34,53,58,62,88,93,96,100,102" machi="34" ten="30,11600,0" yaku="1,1,7,1,52,1,54,1,53,0" doraHai="89" doraHaiUra="80" who="2" fromWho="0" sc="121,-116,277,0,223,126,369,0" /><INIT seed="6,1,0,5,1,134" ten="5,277,349,369" oya="2" hai0="69,35,7,23,60,5,6,31,42,87,79,63,72" hai1="25,16,49,12,106,34,71,21,1,86,53,132,56" hai2="30,123,50,73,88,82,126,101,65,61,51,54,15" hai3="76,110,20,75,22,102,116,90,113,124,103,45,98"/><V37/><F123/><W83/><G110/><T11/><D42/><U59/><E71/><V89/><F37/><W99/><G116/><T44/><D44/><U40/><E132/><V26/><F126/><W55/><G124/><T117/><D117/><U135/><E106/><V74/><F101/><W91/><G45/><T70/><D87/><U77/><E135/><V17/><F73/><W93/><G55/><T92/><D92/><U104/><E104/><V47/><F50/><W97/><G22/><T57/><D23/><U133/><E1/><V41/><F41/><W14/><G20/><T8/><D72/><U118/><E133/><V125/><F125/><W48/><G14/><T28/><D79/><U129/><E129/><V62/><F74/><W66/><G66/><T122/><D122/><U36/><E118/><V9/><F82/><N who="3" m="45343" /><G48/><T85/><D85/><U105/><E105/><V78/><F78/><W96/><G113/><T68/><D35/><U111/><E111/><V52/><F54/><W127/><G127/><T10/><D57/><U100/><E34/><V128/><F128/><W58/><G58/><T130/><D130/><U112/><E112/><V27/><F30/><W107/><G107/><T38/><D38/><U94/><E36/><V39/><F39/><W81/><G91/><N who="2" m="34889" /><F65/><W0/><G0/><T119/><D119/><U80/><E40/><V115/><F115/><W67/><G67/><T95/><D95/><U32/><E32/><V18/><F18/><W64/><G64/><T108/><D108/><U33/><E16/><V24/><AGARI ba="1,0" hai="9,15,17,24,26,27,47,51,52,61,62" m="34889" machi="24" ten="30,6000,0" yaku="8,1,54,2" doraHai="134" who="2" fromWho="2" sc="5,-21,277,-21,349,63,369,-21" owari="-16,-51.6,256,-14.4,412,51.2,348,14.8" /></mjloggm>