<mjloggm ver="2.3"><GO type="169" lobby="0"/><UN n0="%E3%82%88%E3%81%86%E3%81%B8%E3%83%BC%58" n1="%54%61%62%61%73%63%6F" n2="%E3%81%BC%E3%82%93%E3%81%BC%E3%82%93" n3="%6B%61%77%61%69%31%32" dan="17,16,16,16" rate="2240.84,2106.70,2130.87,2086.38" sx="M,M,M,M"/><TAIKYOKU oya="0"/><INIT seed="0,0,0,1,5,130" ten="250,250,250,250" oya="0" hai0="94,5,38,63,126,123,61,110,117,122,80,119,79" hai1="85,95,124,121,20,7,32,4,132,87,71,75,35" hai2="68,6,129,41,89,112,29,88,77,92,91,17,2" hai3="97,31,3,135,72,131,133,49,13,39,116,23,8"/><T104/><D104/><U46/><E75/><V105/><F105/><W78/><G116/><N who="0" m="44619" /><D38/><U81/><E124/><V33/><F68/><W69/><G39/><T56/><D5/><U27/><E121/><N who="0" m="46089" /><D56/><U120/><E120/><V99/><F41/><W64/><G131/><T67/><D67/><U43/><E132/><N who="3" m="50762" /><G3/><T57/><D57/><U106/><E20/><V1/><F129/><W12/><G49/><T9/><D9/><U19/><E19/><V66/><F17/><N who="3" m="10671" /><G31/><T26/><D63/><U98/><E43/><V109/><F29/><W24/><G24/><T0/><D61/><U47/><E27/><V15/><F1/><W59/><G59/><T73/><D0/><U44/><E71/><V22/><F2/><W76/><G97/><T111/><D26/><U30/><E98/><V62/><F99/><W25/><G25/><T125/><D94/><U60/><E95/><V102/><F92/><W70/><G72/><T65/><D65/><U16/><E106/><V103/><F66/><W128/><G128/><T14/><D14/><U51/><E51/><V100/><F15/><W42/><G42/><T10/><D10/><U34/><E34/><V90/><F33/><W74/><G74/><T113/><D113/><U118/><E35/><V82/><F112/><W58/><G58/><T115/><D115/><U45/><E32/><V54/><F62/><N who="3" m="40087" /><G70/><T55/><D55/><U40/><E118/><V36/><F54/><W96/><G96/><T108/><AGARI ba="0,0" hai="73,79,80,108,110,111,125,126" m="46089,44619" machi="108" ten="40,12000,1" yaku="14,1,10,1,23,1,34,2" doraHai="130" who="0" fromWho="0" sc="250,120,250,-40,250,-40,250,-40" /><INIT seed="0,1,0,5,4,15" ten="370,210,210,210" oya="0" hai0="106,113,42,110,46,112,55,5,65,54,20,49,12" hai1="89,120,51,129,34,97,101,23,98,39,103,95,115" hai2="57,86,85,119,30,122,33,114,107,133,99,127,131" hai3="36,79,6,84,77,109,24,31,94,124,132,121,105"/><T45/><D106/><U130/><E34/><V96/><F122/><W87/><G105/><T32/><D32/><U21/><E39/><V90/><F114/><N who="0" m="44138" /><D65/><U135/><E115/><V13/><F30/><W75/><G75/><T52/><D5/><U17/><E135/><V128/><F33/><W38/><G132/><T61/><D20/><U47/><E23/><V44/><F133/><W70/><G70/><T19/><D19/><U26/><E120/><V43/><F57/><W72/><G72/><T80/><D12/><U92/><REACH who="1" step="1"/><E89/><REACH who="1" ten="370,200,210,210" step="2"/><V66/><F90/><W4/><G38/><N who="0" m="21719" /><D110/><U11/><E11/><V18/><F119/><W67/><G36/><T82/><D82/><U9/><E9/><V88/><F88/><W16/><G121/><T48/><D80/><U126/><E126/><V41/><F127/><W8/><G124/><T14/><D61/><U62/><E62/><V37/><F37/><W50/><G8/><T76/><D76/><U53/><AGARI ba="1,1" hai="17,21,26,47,51,53,92,95,97,98,101,103,129,130" machi="53" ten="30,7900,0" yaku="1,1,0,1,9,1,52,1,53,0" doraHai="15" doraHaiUra="58" who="1" fromWho="1" sc="370,-40,200,92,210,-21,210,-21" /><INIT seed="1,0,0,1,2,31" ten="330,292,189,189" oya="1" hai0="49,16,11,76,26,18,12,104,33,38,110,131,114" hai1="22,32,5,64,113,82,123,60,72,93,101,95,2" hai2="102,50,116,19,94,44,74,121,57,53,86,81,24" hai3="13,80,46,125,100,58,52,133,71,106,8,134,99"/><U118/><E123/><V88/><F116/><W37/><G71/><T70/><D38/><U21/><E118/><V83/><F121/><W75/><G125/><T4/><D70/><U62/><E113/><V23/><F74/><W45/><G75/><T20/><D104/><U56/><E32/><V40/><REACH who="2" step="1"/><F102/><REACH who="2" ten="330,292,179,189" step="2"/><W91/><G37/><AGARI ba="0,1" hai="19,23,24,37,40,44,50,53,57,81,83,86,88,94" machi="37" ten="30,12000,2" yaku="1,1,2,1,7,1,54,1,53,2" doraHai="31" doraHaiUra="78" who="2" fromWho="3" sc="330,0,292,0,179,130,189,-120" /><INIT seed="2,0,0,4,0,42" ten="330,292,309,69" oya="2" hai0="56,63,113,97,72,20,100,49,3,93,13,9,106" hai1="4,40,130,45,19,30,128,95,71,12,17,44,94" hai2="22,98,37,31,133,6,51,76,28,79,34,112,10" hai3="1,80,96,38,66,67,36,101,117,131,111,125,129"/><V14/><F37/><W132/><G117/><T15/><D113/><U41/><E71/><V24/><F112/><W99/><G1/><T83/><D3/><U7/><E12/><V50/><F31/><AGARI ba="0,0" hai="4,7,17,19,30,31,40,41,44,45,94,95,128,130" machi="31" ten="25,6400,0" yaku="22,2,52,2" doraHai="42" who="1" fromWho="2" sc="330,0,292,64,309,-64,69,0" /><INIT seed="3,0,0,3,2,66" ten="330,356,245,69" oya="3" hai0="100,92,113,135,60,75,47,118,54,119,35,94,93" hai1="83,26,63,8,23,48,15,127,103,76,87,29,129" hai2="46,65,133,109,13,125,33,111,56,20,79,16,70" hai3="72,99,5,71,42,30,43,62,2,101,90,31,32"/><W57/><G72/><T19/><D35/><U1/><E127/><V95/><F33/><W122/><G122/><T68/><D75/><U7/><E129/><V27/><F125/><W116/><G116/><T14/><D100/><U128/><E128/><V115/><F115/><W51/><G90/><T84/><D84/><U67/><E48/><V17/><F133/><W121/><G121/><T96/><D96/><U114/><E103/><V44/><F56/><W77/><G77/><T37/><D135/><U53/><E53/><V38/><F95/><W85/><G85/><T86/><D86/><U110/><E110/><N who="2" m="41995" /><F38/><W97/><G71/><T108/><D113/><U104/><E104/><V88/><F88/><W9/><G51/><T41/><D68/><U0/><E114/><V25/><F79/><W55/><G97/><T52/><D108/><U21/><E23/><N who="2" m="11663" /><F27/><W78/><G78/><T82/><D82/><U112/><E112/><V106/><F106/><W11/><G9/><T61/><D119/><U22/><E22/><V34/><F34/><W6/><G6/><T124/><D124/><U107/><E107/><V24/><F24/><W98/><G98/><T28/><D118/><U49/><E49/><V131/><F131/><W105/><REACH who="3" step="1"/><G32/><REACH who="3" ten="330,356,245,59" step="2"/><T58/><D37/><U39/><E39/><V134/><F134/><W10/><G10/><T50/><D50/><U64/><E76/><V132/><F132/><W3/><G3/><T80/><D80/><U18/><E83/><V73/><F73/><W126/><G126/><T36/><D36/><U59/><E1/><V74/><F74/><RYUUKYOKU ba="0,1" sc="330,-15,356,-15,245,15,59,15" hai2="17,20,25,44,46,65,70" hai3="2,5,11,30,31,42,43,55,57,62,99,101,105" /><INIT seed="3,1,1,3,3,13" ten="315,341,260,74" oya="3" hai0="70,101,92,43,73,36,93,121,57,15,30,31,120" hai1="128,66,113,64,95,48,54,6,125,12,14,90,56" hai2="78,102,67,0,34,8,82,79,91,51,2,133,49" hai3="111,132,3,118,22,108,127,115,1,7,74,129,87"/><W59/><G74/><T112/><D70/><U50/><E113/><V27/><F133/><W9/><G118/><T45/><D73/><U103/><E125/><V29/><F102/><W4/><G115/><T18/><D112/><U98/><E128/><V114/><F114/><W86/><G127/><T71/><D71/><U10/><E103/><V47/><F67/><W69/><G69/><T99/><D93/><U134/><E134/><V116/><F116/><W39/><G39/><T41/><D41/><U5/><E50/><V53/><F91/><W77/><G132/><T61/><D121/><U17/><REACH who="1" step="1"/><E5/><REACH who="1" ten="315,331,260,74" step="2"/><V76/><F51/><W21/><G129/><T122/><D120/><U96/><E96/><V110/><F110/><N who="3" m="42027" /><G59/><T100/><D100/><U32/><E32/><V80/><F0/><N who="3" m="75" /><G77/><T117/><D122/><U46/><E46/><V24/><F2/><N who="3" m="151" /><G7/><T11/><REACH who="0" step="1"/><D117/><REACH who="0" ten="305,331,260,74" step="2"/><U89/><E89/><V23/><F78/><W130/><G130/><T40/><D40/><U63/><E63/><V94/><F79/><W68/><G68/><T124/><D124/><U42/><E42/><V19/><F76/><W26/><G22/><AGARI ba="1,3" hai="6,10,12,14,17,22,48,54,56,64,66,90,95,98" machi="22" ten="30,8000,1" yaku="1,1,7,1,8,1,52,1,53,1" doraHai="13" doraHaiUra="88" who="1" fromWho="3" sc="305,0,331,113,260,0,74,-83" owari="305,10.5,444,54.4,260,-14.0,-9,-50.9" /></mjloggm>