<mjloggm ver="2.3"><GO type="169" lobby="0"/><UN n0="%E9%A7%BF" n1="%E7%B1%B3%E3%81%BC%E3%81%86%E3%82%84%E3%81%8F%E3%82%93" n2="%E4%B8%8A%E6%B5%B7%E3%83%8B%E3%83%83%E3%82%AF" n3="%E3%83%8F%E3%83%B3%E3%83%81%E3%83%A7%E3%82%A6%E5%A4%A7%E6%A7%BB" dan="16,16,16,16" rate="2137.44,2169.68,2154.62,2106.70" sx="M,M,M,M"/><TAIKYOKU oya="0"/><INIT seed="0,0,0,2,3,53" ten="250,250,250,250" oya="0" hai0="96,134,55,36,102,106,116,73,16,72,18,17,20" hai1="27,34,119,75,76,129,8,14,51,62,97,123,2" hai2="130,99,61,104,44,86,57,47,23,69,111,117,108" hai3="132,58,64,90,32,6,11,82,124,126,10,5,38"/><T35/><D116/><U4/><E119/><V135/><F117/><W95/><G32/><T100/><D35/><U74/><E123/><V81/><F104/><W25/><G25/><T21/><D134/><U87/><E129/><V125/><F99/><W101/><G38/><T48/><D36/><U118/><E118/><V71/><F23/><W30/><G30/><T83/><D102/><U91/><E51/><V40/><F86/><W114/><G82/><T122/><D122/><U84/><E97/><V107/><F107/><W115/><G101/><T121/><D121/><U70/><E76/><V7/><F7/><W103/><G103/><T60/><D60/><U22/><E70/><N who="2" m="26635" /><F81/><W59/><G64/><T98/><D98/><U33/><E33/><V43/><F130/><W80/><G80/><T45/><REACH who="0" step="1"/><D72/><REACH who="0" ten="240,250,250,250" step="2"/><U0/><E74/><V12/><F135/><W49/><G132/><T37/><D37/><U109/><E75/><V105/><F105/><W42/><G49/><T46/><D46/><N who="2" m="17450" /><F125/><W39/><G39/><T94/><D94/><U54/><E34/><V67/><F12/><W56/><G95/><T3/><D3/><U85/><E2/><V31/><F31/><W78/><G124/><T9/><D9/><U63/><E8/><V19/><F19/><W133/><G126/><T110/><D110/><AGARI ba="0,1" hai="40,43,57,61,67,108,110,111" m="17450,26635" machi="110" ten="30,7700,0" yaku="14,1,34,2,52,1" doraHai="53" who="2" fromWho="0" sc="240,-77,250,0,250,87,250,0" /><INIT seed="1,0,0,2,3,97" ten="163,250,337,250" oya="1" hai0="113,119,131,40,130,116,114,54,24,108,135,91,55" hai1="107,94,66,96,86,25,101,38,15,26,90,52,117" hai2="71,77,70,12,0,17,78,88,67,73,80,42,49" hai3="23,124,18,31,22,103,120,19,45,35,60,62,121"/><U95/><E117/><N who="0" m="45129" /><D91/><U110/><E38/><V43/><F0/><W28/><G35/><T74/><D74/><U47/><E110/><V57/><F71/><W104/><G104/><T84/><D84/><U1/><E1/><V56/><F70/><W81/><G45/><T20/><D20/><U63/><E107/><V10/><F67/><W53/><G53/><N who="0" m="19979" /><D24/><U4/><E66/><V112/><F112/><N who="0" m="43114" /><D40/><U46/><E46/><N who="2" m="25815" /><F43/><W76/><G76/><N who="2" m="29289" /><F73/><W89/><G89/><T6/><D6/><U59/><REACH who="1" step="1"/><E47/><REACH who="1" ten="163,240,337,250" step="2"/><V102/><F57/><W9/><G120/><T34/><D108/><U30/><E30/><V2/><F56/><W93/><G121/><T87/><D135/><U32/><E32/><V75/><F2/><W85/><G28/><T61/><D34/><U72/><E72/><V132/><F75/><W16/><G31/><T133/><D133/><U83/><E83/><V50/><F132/><W65/><G81/><T82/><D82/><U69/><E69/><V111/><F111/><W37/><G65/><T41/><D41/><U92/><E92/><V100/><F50/><W118/><G118/><T68/><D87/><AGARI ba="0,1" hai="10,12,17,80,87,88,100,102" m="29289,25815" machi="87" ten="30,7700,0" yaku="8,1,52,2,54,1" doraHai="97" who="2" fromWho="0" sc="163,-77,240,0,337,87,250,0" /><INIT seed="2,0,0,2,3,135" ten="86,240,424,250" oya="2" hai0="24,38,17,64,66,40,132,102,78,20,14,33,10" hai1="56,26,76,115,89,128,87,48,107,75,57,99,122" hai2="127,120,81,130,18,77,118,63,32,54,100,50,45" hai3="21,29,98,28,79,44,2,73,105,36,15,88,8"/><V86/><F118/><W60/><G2/><T69/><D132/><U113/><E26/><V55/><F120/><W114/><G114/><T124/><D69/><U116/><E57/><V94/><F130/><W31/><G105/><T67/><D33/><U117/><E56/><N who="2" m="35223" /><F127/><W12/><G79/><T42/><D38/><U84/><E48/><V59/><F32/><W4/><G73/><T52/><D78/><U5/><E5/><V126/><F126/><W106/><G106/><T27/><D124/><U49/><E49/><V93/><F100/><W103/><G103/><T121/><D121/><U125/><E125/><V68/><F68/><W110/><G60/><T41/><D102/><N who="1" m="62943" /><E122/><V101/><F101/><W19/><G110/><T85/><D85/><N who="1" m="32843" /><E89/><V61/><F18/><W91/><G36/><T65/><N who="0" m="16384" /><DORA hai="46" /><T62/><D62/><U11/><E11/><V34/><F34/><W43/><G43/><AGARI ba="0,0" hai="43,45,50,55,59,61,77,81,86,93,94" m="35223" machi="43" ten="30,2900,0" yaku="8,1,52,1" doraHai="135,46" who="2" fromWho="3" sc="86,0,240,0,424,29,250,-29" /><INIT seed="2,1,0,1,2,124" ten="86,240,453,221" oya="2" hai0="100,96,44,69,75,35,10,5,15,13,83,89,22" hai1="19,80,4,52,111,92,113,6,129,25,56,62,40" hai2="82,27,65,117,39,41,98,47,120,46,102,21,48" hai3="28,123,130,66,135,97,16,30,20,54,9,60,94"/><V119/><F120/><W63/><G123/><T38/><D69/><U50/><E113/><V17/><F82/><W99/><G135/><T34/><D38/><U18/><E111/><V59/><F65/><W108/><G108/><T14/><D44/><N who="1" m="25863" /><E80/><V81/><F81/><W42/><G42/><T36/><D36/><U78/><E78/><V127/><F59/><W118/><G118/><T0/><D22/><N who="1" m="13527" /><E129/><V49/><F39/><W110/><G110/><T93/><REACH who="0" step="1"/><D89/><REACH who="0" ten="76,240,453,221" step="2"/><U7/><E19/><V2/><F127/><W107/><G16/><T106/><D106/><U61/><E92/><V58/><F58/><W76/><G107/><T1/><D1/><U104/><E104/><V91/><F2/><W85/><G94/><T26/><D26/><U57/><E57/><V72/><F91/><W51/><G30/><T95/><D95/><U43/><E43/><V101/><F119/><W11/><G28/><T122/><D122/><U53/><E62/><V64/><F117/><W45/><G63/><T79/><AGARI ba="1,1" hai="0,5,10,13,14,15,34,35,75,79,83,93,96,100" machi="79" ten="30,2000,0" yaku="1,1,0,1,53,0" doraHai="124" doraHaiUra="133" who="0" fromWho="0" sc="76,33,240,-6,453,-11,221,-6" /><INIT seed="3,0,0,0,1,106" ten="109,234,442,215" oya="3" hai0="8,30,29,47,90,105,70,80,68,99,0,73,21" hai1="1,109,119,57,88,24,125,97,37,19,46,38,17" hai2="94,35,124,77,65,31,53,79,96,101,127,3,20" hai3="118,55,71,110,33,84,63,62,131,117,56,85,15"/><W22/><G33/><T74/><D105/><U135/><E1/><V87/><F3/><W128/><G22/><T91/><D0/><U78/><E109/><V122/><F35/><W104/><G104/><T36/><D21/><U75/><E57/><V58/><F65/><N who="3" m="41399" /><G15/><T116/><D80/><U50/><E135/><V111/><F111/><W59/><G84/><T16/><D47/><U126/><E119/><V121/><F31/><N who="0" m="11786" /><D36/><N who="1" m="13931" /><E24/><V112/><F20/><W120/><G85/><T52/><D52/><N who="1" m="29783" /><E78/><N who="2" m="29707" /><F112/><W41/><G120/><N who="2" m="46185" /><F87/><W27/><G27/><T129/><D116/><U67/><E67/><V2/><F2/><W23/><G23/><T82/><D82/><U103/><E103/><V81/><F81/><W93/><G110/><T28/><D28/><U45/><E19/><V34/><F34/><W130/><G93/><T6/><D16/><U72/><E45/><V134/><F134/><W25/><G25/><T114/><D114/><U123/><E17/><V42/><F42/><W26/><G26/><T102/><D102/><U76/><E76/><V40/><F40/><W48/><G41/><T69/><D99/><U113/><E113/><V132/><F132/><W89/><G89/><N who="0" m="33803" /><D6/><U14/><E14/><V83/><F83/><W98/><G98/><T66/><D8/><U9/><E9/><V39/><F39/><W11/><G11/><T95/><D70/><U12/><E12/><V100/><F100/><W115/><G115/><T32/><D69/><U44/><E44/><V51/><AGARI ba="0,0" hai="51,53,58,94,96,101,124,127" m="46185,29707" machi="51" ten="30,1100,0" yaku="13,1" doraHai="106" who="2" fromWho="2" sc="109,-3,234,-3,442,11,215,-5" /><INIT seed="4,0,0,0,3,119" ten="106,231,453,210" oya="0" hai0="58,74,7,131,59,49,51,88,44,134,32,33,35" hai1="30,46,110,63,40,78,108,89,96,112,50,90,15" hai2="98,20,62,48,129,67,52,28,91,99,81,97,109" hai3="114,55,23,123,13,115,104,6,45,68,2,10,9"/><T4/><D74/><U14/><E78/><V29/><F109/><W72/><G104/><T113/><D113/><N who="3" m="43017" /><G68/><T17/><D131/><U92/><E112/><V133/><F129/><W31/><G72/><T69/><D69/><U127/><E127/><V95/><F133/><W117/><G55/><T120/><D134/><U130/><E130/><V83/><F67/><W47/><G47/><T21/><D120/><U41/><E30/><N who="2" m="11883" /><F62/><W124/><G45/><T73/><D73/><U1/><E1/><V38/><F20/><W12/><G117/><T94/><D59/><U135/><E135/><V27/><F27/><N who="3" m="16895" /><G124/><T101/><D58/><U126/><E126/><V103/><F103/><W128/><G128/><T106/><D106/><U56/><E41/><V132/><F38/><W79/><G79/><T11/><D101/><U24/><E24/><V22/><F22/><W57/><G57/><T36/><D36/><U85/><E110/><V82/><F132/><W75/><G75/><T77/><D77/><U116/><E108/><V16/><F16/><N who="3" m="8207" /><G2/><T100/><D100/><U37/><E116/><V93/><F91/><W53/><G53/><N who="0" m="29863" /><D51/><U64/><REACH who="1" step="1"/><E37/><REACH who="1" ten="106,221,453,210" step="2"/><V19/><F19/><W125/><G125/><T3/><D4/><U34/><E34/><V26/><F48/><W84/><G84/><N who="0" m="52487" /><D35/><U122/><E122/><AGARI ba="0,1" hai="6,10,13,122,123" m="8207,16895,43017" machi="122" ten="30,12000,2" yaku="15,1,34,2,52,2,54,1" doraHai="119" who="3" fromWho="1" sc="106,0,221,-120,453,0,210,130" /><INIT seed="5,0,0,3,2,107" ten="106,101,453,340" oya="1" hai0="90,37,67,21,22,97,65,100,117,85,62,57,74" hai1="132,18,103,63,86,54,80,123,119,40,1,38,73" hai2="4,130,121,135,47,129,42,28,69,26,51,66,0" hai3="133,109,31,35,92,131,30,34,124,120,6,125,41"/><U70/><E123/><V101/><F121/><W61/><G41/><T39/><D117/><U44/><E119/><V83/><F135/><W75/><G120/><T126/><D126/><N who="3" m="48745" /><G92/><T12/><D74/><U14/><E1/><V78/><F101/><W8/><G61/><T98/><D67/><U32/><E32/><V95/><F95/><W127/><G75/><T106/><D98/><U84/><E132/><V94/><F94/><W105/><G105/><T46/><D12/><U43/><E103/><V60/><F4/><W16/><G133/><T71/><D71/><U112/><E112/><V27/><F0/><N who="3" m="71" /><G127/><T2/><D2/><U25/><E25/><V36/><F51/><W48/><G48/><T113/><D113/><U58/><E43/><V72/><F27/><W89/><G89/><T9/><D46/><U128/><E70/><V29/><F26/><W82/><G82/><N who="0" m="49463" /><D37/><U99/><E99/><V55/><F55/><W20/><G131/><AGARI ba="0,0" hai="28,29,36,42,47,60,66,69,72,78,83,129,130,131" machi="131" ten="40,2600,0" yaku="19,1,52,1" doraHai="107" who="2" fromWho="3" sc="106,0,101,0,453,26,340,-26" /><INIT seed="6,0,0,4,4,2" ten="106,101,479,314" oya="2" hai0="11,84,56,112,85,32,10,0,109,119,6,12,18" hai1="40,1,108,94,54,70,106,92,7,69,99,100,21" hai2="135,91,130,68,122,9,64,111,104,115,90,34,16" hai3="4,8,76,65,42,74,103,113,46,98,52,129,5"/><V50/><F122/><W59/><G129/><T118/><D109/><U14/><E108/><V126/><F111/><W61/><G113/><T35/><D56/><U37/><E54/><V28/><F104/><W81/><G8/><T89/><D85/><U24/><E1/><V116/><F116/><N who="0" m="44586" /><D112/><U41/><E70/><V78/><F115/><W120/><G65/><T39/><D39/><U96/><E69/><V97/><F130/><W55/><G55/><T23/><D84/><U73/><E73/><V102/><F78/><W133/><G133/><T13/><D89/><N who="1" m="55311" /><E106/><N who="2" m="63823" /><F50/><W22/><G22/><T128/><D128/><U43/><E37/><V87/><F87/><W51/><G120/><T25/><D0/><U31/><E14/><V3/><F3/><W105/><AGARI ba="0,0" hai="4,5,42,46,51,52,59,61,74,76,81,98,103,105" machi="105" ten="20,8000,1" yaku="0,1,7,1,52,2,54,1" doraHai="2" who="3" fromWho="3" sc="106,-20,101,-20,479,-40,314,80" /><INIT seed="7,0,0,3,0,1" ten="86,81,439,394" oya="3" hai0="101,108,85,69,2,131,119,106,41,50,25,103,35" hai1="46,59,83,6,74,130,49,22,72,23,134,114,125" hai2="52,122,116,68,48,71,110,54,26,13,104,113,58" hai3="107,112,90,64,10,28,0,17,92,16,124,32,43"/><W60/><G107/><T123/><D69/><N who="2" m="26698" /><F13/><W66/><G112/><T76/><D2/><U75/><E114/><V55/><F26/><W53/><G43/><T4/><D4/><U121/><E121/><V135/><F104/><W20/><G124/><T126/><D108/><U15/><E125/><V94/><F94/><W96/><G0/><T109/><D119/><U128/><E59/><N who="2" m="33159" /><F113/><W86/><G32/><T129/><D126/><U51/><E134/><V87/><F87/><W97/><G28/><N who="0" m="19855" /><D106/><U21/><E83/><V65/><F110/><W9/><G97/><T82/><D123/><U7/><E51/><V93/><F93/><W34/><G34/><T115/><D109/><U105/><E105/><V47/><F122/><W89/><G89/><T3/><D3/><U117/><E117/><V70/><F116/><W67/><G86/><T31/><D115/><U36/><E36/><V133/><F70/><W8/><REACH who="3" step="1"/><G20/><REACH who="3" ten="86,81,439,384" step="2"/><T79/><D31/><U40/><REACH who="1" step="1"/><E15/><REACH who="1" ten="86,71,439,384" step="2"/><V39/><F135/><W84/><G84/><T12/><D12/><U30/><E30/><V11/><F133/><W14/><G14/><T5/><D79/><U33/><E33/><V57/><F11/><W78/><G78/><T98/><D76/><U118/><E118/><V42/><F65/><W37/><G37/><T102/><D82/><U73/><N who="1" m="18432" /><DORA hai="38" /><U18/><E18/><V80/><F80/><W111/><G111/><T61/><D129/><AGARI ba="0,2" hai="6,7,21,22,23,40,46,49,128,129,130" m="18432" machi="129" ten="70,12000,2" yaku="1,1,19,1,52,3,53,1" doraHai="1,38" doraHaiUra="56,44" who="1" fromWho="0" sc="86,-120,71,140,439,0,384,0" owari="-34,-53.4,211,-18.9,439,53.9,384,18.4" /></mjloggm>