<mjloggm ver="2.3"><GO type="169" lobby="0"/><UN n0="%E5%B0%8F%E7%81%AB%E4%BA%BA%73%73" n1="%E8%A1%A8%E7%A4%BA%E4%BE%A1%E6%A0%BC%E3%82%88%E3%82%8A%E5%8D%8A%E9%A1%8D" n2="%E7%88%86%E5%BC%BE%E4%BA%94%E9%83%8E%EF%BC%92" n3="%74%73%75%6B%69%31" dan="16,16,17,16" rate="2063.14,2079.81,2192.66,2193.55" sx="M,M,M,M"/><TAIKYOKU oya="0"/><INIT seed="0,0,0,4,3,28" ten="250,250,250,250" oya="0" hai0="33,125,51,0,134,95,133,75,118,106,11,52,58" hai1="50,81,18,40,83,29,105,38,113,97,20,74,71" hai2="4,101,129,70,41,127,9,15,115,68,67,1,91" hai3="119,59,35,84,93,66,79,78,36,55,82,21,109"/><T26/><D106/><U60/><E113/><V132/><F115/><W98/><G119/><T64/><D118/><U12/><E74/><V128/><F101/><W5/><G36/><T90/><D75/><U63/><E63/><V76/><F91/><W48/><G109/><T73/><D73/><U7/><E38/><V103/><F103/><W116/><G116/><T6/><D64/><U25/><E7/><V47/><F76/><W19/><G35/><T65/><D65/><U53/><E40/><V86/><F86/><W107/><G107/><T102/><D102/><U120/><E120/><V17/><F67/><W34/><G34/><T37/><D37/><U44/><E71/><V124/><F47/><W92/><G66/><T23/><D125/><N who="2" m="48202" /><F41/><W10/><G78/><T69/><D69/><N who="2" m="26730" /><F132/><W46/><G46/><T122/><D122/><U32/><E105/><V54/><F54/><W61/><G61/><T80/><D80/><U114/><E60/><V2/><F17/><W77/><G77/><T62/><D51/><U16/><E114/><V117/><F117/><W13/><REACH who="3" step="1"/><G98/><REACH who="3" ten="250,250,250,240" step="2"/><T131/><D33/><U24/><REACH who="1" step="1"/><E97/><REACH who="1" ten="250,240,250,240" step="2"/><V89/><F1/><AGARI ba="0,2" hai="1,5,10,13,19,21,48,55,59,79,82,84,92,93" machi="1" ten="30,3900,0" yaku="1,1,2,1,7,1,53,0" doraHai="28" doraHaiUra="85" who="3" fromWho="2" sc="250,0,240,0,250,-39,240,59" /><INIT seed="1,0,0,2,0,100" ten="250,240,211,299" oya="1" hai0="40,89,16,58,104,26,4,1,3,97,14,91,68" hai1="50,111,103,134,105,32,42,62,86,113,132,56,39" hai2="108,69,84,121,72,0,38,30,15,48,128,73,66" hai3="116,6,130,19,49,31,2,101,122,102,63,120,127"/><U96/><E32/><V8/><F121/><W51/><G31/><T12/><D68/><U65/><E113/><V36/><F0/><W23/><G127/><T82/><D26/><U124/><E124/><V52/><F128/><W78/><G78/><T99/><D40/><U29/><E86/><V79/><F108/><W118/><G63/><T119/><D58/><U64/><E29/><V94/><F30/><W67/><G67/><T131/><D119/><U83/><E83/><V81/><F69/><W18/><G23/><T123/><D82/><U21/><E21/><V53/><F53/><W133/><G6/><T9/><D123/><U27/><E27/><V76/><F66/><W129/><REACH who="3" step="1"/><G2/><REACH who="3" ten="250,240,211,289" step="2"/><T126/><D126/><U37/><E65/><V71/><F79/><W54/><G54/><T20/><D131/><U44/><REACH who="1" step="1"/><E111/><REACH who="1" ten="250,230,211,289" step="2"/><V45/><F73/><W10/><G10/><T43/><D20/><U5/><E5/><V17/><F71/><W85/><G85/><T25/><D9/><U109/><E109/><V35/><F35/><W75/><G75/><T7/><D7/><U57/><E57/><V13/><F72/><W95/><G95/><T110/><D3/><U33/><E33/><V41/><F94/><W88/><G88/><T87/><D91/><U34/><E34/><V70/><F70/><W92/><G92/><T114/><D110/><U55/><E55/><V80/><F80/><W107/><G107/><T90/><D104/><U117/><E117/><V60/><F15/><W74/><G74/><T59/><D1/><U61/><E61/><V77/><F77/><RYUUKYOKU ba="0,2" sc="250,-30,230,10,211,10,289,10" hai1="37,39,42,44,50,56,62,64,96,103,105,132,134" hai2="8,13,17,36,38,41,45,48,52,60,76,81,84" hai3="18,19,49,51,101,102,116,118,120,122,129,130,133" /><INIT seed="1,1,2,0,4,97" ten="220,240,221,299" oya="1" hai0="89,85,107,102,72,32,133,66,125,110,59,49,76" hai1="95,91,50,120,135,101,2,86,28,14,88,45,121" hai2="21,22,131,33,84,92,127,12,132,75,93,52,80" hai3="30,25,41,1,46,115,8,43,26,130,96,134,24"/><U62/><E2/><V87/><F33/><W114/><G30/><T17/><D110/><U16/><E28/><V51/><F75/><W112/><G134/><T55/><D133/><U54/><E135/><V36/><F36/><W78/><G130/><T100/><D125/><U106/><E91/><V124/><F131/><W23/><G23/><T39/><D107/><U61/><E61/><V11/><F132/><W68/><G68/><T83/><D39/><U105/><E105/><V74/><F74/><W119/><G119/><T6/><D32/><U13/><E62/><V90/><F92/><W7/><G78/><T123/><D123/><U57/><E45/><N who="2" m="27759" /><F124/><W82/><G82/><T128/><D128/><U5/><E5/><N who="2" m="3183" /><F127/><W35/><G35/><T48/><D6/><U81/><E81/><V116/><F116/><W34/><G34/><T63/><D17/><U27/><E14/><V42/><F42/><W20/><G43/><T118/><D118/><U53/><E27/><V64/><F64/><W104/><G104/><T15/><D15/><U56/><E54/><V40/><F40/><W70/><G70/><T60/><D72/><U122/><E122/><V129/><F129/><W77/><G114/><T94/><D66/><U99/><REACH who="1" step="1"/><E57/><REACH who="1" ten="220,230,221,299" step="2"/><V109/><F109/><W44/><G44/><T65/><D63/><U69/><E69/><V38/><F38/><W113/><G46/><N who="0" m="28055" /><D49/><U31/><E31/><V117/><F117/><W3/><G3/><T4/><D4/><U108/><E108/><V47/><F47/><W67/><G1/><T58/><D58/><U10/><AGARI ba="1,3" hai="10,13,16,50,53,56,86,88,95,99,101,106,120,121" machi="10" ten="20,18000,2" yaku="1,1,5,1,0,1,7,1,52,1,54,2,53,0" doraHai="97" doraHaiUra="73" who="1" fromWho="1" sc="220,-61,230,213,221,-61,299,-61" /><INIT seed="1,2,0,2,2,26" ten="159,443,160,238" oya="1" hai0="61,118,111,133,21,75,71,13,35,125,46,39,53" hai1="130,43,36,45,56,65,54,0,64,119,82,3,105" hai2="69,104,24,126,1,120,70,5,80,117,121,81,10" hai3="55,8,18,37,51,123,50,63,122,57,23,59,78"/><U129/><E119/><V6/><F104/><W124/><G37/><T32/><D118/><U25/><E105/><V42/><F117/><W41/><G124/><T30/><D125/><U112/><E82/><V72/><F126/><W48/><G78/><T40/><D111/><U66/><E25/><V98/><F98/><W79/><G79/><T28/><D75/><U74/><E74/><V108/><F108/><W2/><G2/><T7/><D133/><U85/><E85/><V31/><F6/><W62/><G8/><T16/><D7/><U17/><E17/><V9/><F9/><W128/><G128/><N who="1" m="49258" /><E0/><V87/><F42/><W132/><G132/><T77/><D77/><U14/><E14/><V52/><F72/><W49/><G23/><T73/><D73/><U91/><E91/><V83/><F87/><W67/><G18/><T86/><D86/><U101/><E101/><V29/><F29/><W115/><G115/><T11/><D11/><U22/><E22/><V92/><F92/><W68/><REACH who="3" step="1"/><G41/><REACH who="3" ten="159,443,160,228" step="2"/><T88/><D35/><U114/><E3/><V96/><F121/><W113/><G113/><T97/><D32/><U15/><E15/><V99/><F120/><W135/><G135/><T103/><D13/><U44/><E44/><V60/><F1/><W110/><G110/><T19/><D21/><U4/><E4/><V109/><F5/><W27/><G27/><T33/><D33/><U84/><E84/><V131/><F109/><W90/><G90/><T106/><D88/><U95/><E95/><V93/><F93/><W20/><G20/><T127/><D127/><RYUUKYOKU ba="2,1" sc="159,-15,443,15,160,-15,228,15" hai1="36,43,45,54,56,64,65,66,112,114" hai3="48,49,50,51,55,57,59,62,63,67,68,122,123" /><INIT seed="1,3,1,2,1,46" ten="144,458,145,243" oya="1" hai0="54,60,108,61,106,52,89,134,30,85,83,97,69" hai1="76,18,75,116,71,111,114,29,94,9,45,88,105" hai2="40,12,132,4,121,25,72,120,118,122,127,91,44" hai3="90,15,17,6,32,53,79,82,98,16,133,10,19"/><U5/><E71/><V62/><F118/><W22/><G32/><T28/><D108/><U14/><E105/><V65/><F72/><W8/><G133/><T101/><D134/><U93/><E116/><V92/><F132/><W78/><G8/><T24/><D30/><U113/><E29/><V131/><F131/><W49/><G22/><T2/><D2/><U41/><E94/><V80/><F80/><W117/><G117/><T110/><D110/><U42/><E42/><V100/><F100/><W73/><G79/><T77/><D77/><U38/><E111/><V81/><F81/><W1/><G98/><T50/><D69/><U34/><E34/><V107/><F107/><W87/><G1/><T27/><D54/><U51/><E38/><V36/><F25/><W70/><G70/><T103/><D103/><U112/><E76/><V96/><F12/><W59/><REACH who="3" step="1"/><G6/><REACH who="3" ten="144,458,145,233" step="2"/><T11/><D11/><U48/><E5/><V37/><F4/><W104/><G104/><T47/><REACH who="0" step="1"/><D27/><REACH who="0" ten="134,458,145,233" step="2"/><U129/><E112/><V43/><F121/><W115/><G115/><T63/><D63/><U68/><E113/><V26/><F120/><W130/><G130/><T126/><D126/><U102/><E129/><V125/><F26/><W35/><G35/><AGARI ba="3,3" hai="24,28,35,47,50,52,60,61,83,85,89,97,101,106" machi="35" ten="30,7700,0" yaku="1,1,7,1,52,1,54,1,53,0" doraHai="46" doraHaiUra="109" who="0" fromWho="3" sc="134,116,458,0,145,0,233,-86" /><INIT seed="2,0,0,0,2,33" ten="250,458,145,147" oya="2" hai0="126,123,64,80,115,114,16,2,7,10,76,8,122" hai1="110,94,95,90,134,22,36,49,124,67,56,98,109" hai2="48,85,71,88,39,17,21,68,59,99,103,84,51" hai3="3,117,73,78,113,62,44,46,100,77,30,20,34"/><V13/><F39/><W55/><G34/><T82/><D64/><U11/><E36/><V45/><F84/><W131/><G117/><T37/><D37/><U6/><E124/><V58/><F51/><W72/><G131/><T130/><D82/><U65/><E134/><V63/><F99/><W41/><G100/><T40/><D40/><U97/><E22/><V75/><F75/><W35/><G35/><T5/><D80/><U104/><E104/><V24/><F103/><W69/><G3/><N who="0" m="63" /><D76/><U1/><E65/><V43/><F24/><W26/><G113/><N who="0" m="43019" /><D130/><U118/><E118/><V107/><F107/><W57/><G69/><T112/><D112/><U32/><E32/><V120/><F120/><N who="0" m="46122" /><D16/><U105/><E67/><V70/><REACH who="2" step="1"/><F63/><REACH who="2" ten="250,458,135,147" step="2"/><W111/><G72/><T74/><D74/><U93/><E105/><V25/><F25/><W38/><G73/><T60/><D60/><U4/><E97/><V27/><F27/><W53/><G38/><T127/><AGARI ba="0,1" hai="2,7,10,126,127" m="46122,43019,63" machi="127" ten="40,8000,1" yaku="23,1,34,2,52,2" doraHai="33" who="0" fromWho="0" sc="250,90,458,-20,135,-40,147,-20" /><INIT seed="3,0,0,5,1,18" ten="340,438,95,127" oya="3" hai0="54,48,59,27,103,64,73,29,88,107,117,45,51" hai1="58,132,127,115,49,1,56,24,81,124,75,68,17" hai2="97,74,134,11,63,15,98,4,20,114,102,32,135" hai3="62,43,126,91,67,47,83,28,101,85,3,100,9"/><W5/><G126/><N who="1" m="48170" /><E1/><V69/><F32/><W10/><G10/><T55/><D73/><U110/><E68/><V14/><F74/><W120/><G28/><T36/><D36/><U82/><E110/><V50/><F114/><W19/><G120/><T118/><D64/><U44/><E132/><N who="2" m="50731" /><F50/><W37/><REACH who="3" step="1"/><G19/><REACH who="3" ten="340,438,95,117" step="2"/><T71/><D117/><U104/><E115/><V39/><F39/><W6/><G6/><T12/><D29/><U90/><E17/><N who="2" m="10303" /><F102/><W46/><G46/><T25/><D45/><U108/><E44/><V41/><F41/><W13/><G13/><T53/><D12/><U79/><E108/><V22/><F22/><W87/><G87/><T129/><D103/><U116/><E116/><V60/><F69/><AGARI ba="0,1" hai="3,5,9,37,43,47,62,67,69,83,85,91,100,101" machi="69" ten="30,2900,0" yaku="1,1,7,1,53,0" doraHai="18" doraHaiUra="128" who="3" fromWho="2" sc="340,0,438,0,95,-29,117,39" /><INIT seed="3,1,0,3,3,65" ten="340,438,66,156" oya="3" hai0="9,98,36,41,46,120,49,124,100,69,127,107,25" hai1="2,111,113,121,10,103,89,7,70,40,93,59,22" hai2="57,78,128,71,75,38,56,91,76,77,11,66,101" hai3="61,62,23,53,31,64,74,44,20,15,24,97,47"/><W88/><G74/><T27/><D120/><U119/><E111/><V28/><F75/><W63/><G64/><T45/><D9/><U114/><E121/><V72/><F72/><W73/><G73/><T33/><D69/><U102/><E119/><V84/><F38/><W129/><G129/><T26/><REACH who="0" step="1"/><D33/><REACH who="0" ten="330,438,66,156" step="2"/><U118/><E118/><V3/><F128/><W96/><G53/><AGARI ba="1,1" hai="25,26,27,36,41,45,46,49,53,98,100,107,124,127" machi="53" ten="40,2600,0" yaku="1,1,2,1,53,0" doraHai="65" doraHaiUra="86" who="0" fromWho="3" sc="330,39,438,0,66,0,156,-29" /><INIT seed="4,0,0,0,5,59" ten="369,438,66,127" oya="0" hai0="48,111,116,107,82,40,38,58,80,71,11,27,126" hai1="46,86,124,55,68,57,70,9,18,3,28,54,51" hai2="96,29,37,33,76,67,83,21,20,56,120,127,87" hai3="115,32,26,89,108,74,121,134,112,90,25,42,13"/><T130/><D116/><U81/><E124/><V105/><F127/><W72/><G108/><T122/><D122/><U69/><E28/><V104/><F37/><W94/><G42/><T34/><D71/><U62/><E68/><V99/><F120/><W114/><G121/><T36/><D130/><U31/><E31/><V63/><F33/><W41/><G41/><T119/><D119/><U19/><E3/><V78/><F78/><W106/><G106/><T52/><D111/><U93/><E93/><V12/><F104/><W103/><G103/><T0/><D107/><U131/><E131/><V53/><F105/><W14/><G94/><T135/><D135/><U91/><E19/><N who="2" m="10343" /><F67/><W16/><G32/><T45/><D38/><U43/><E43/><V6/><F6/><W109/><G109/><T128/><D128/><U22/><REACH who="1" step="1"/><E9/><REACH who="1" ten="369,428,66,127" step="2"/><V49/><F49/><W61/><G16/><T8/><D126/><U117/><E117/><V133/><F133/><W23/><G134/><T102/><D8/><U113/><E113/><V2/><F2/><W79/><G114/><T92/><D11/><U75/><E75/><V47/><F29/><W7/><G7/><T100/><D0/><U110/><E110/><V132/><F132/><W1/><G1/><T39/><D92/><U98/><E98/><V88/><F21/><W125/><G125/><T35/><D35/><U44/><E44/><V4/><F47/><W24/><G23/><T17/><D34/><U10/><E10/><V73/><F4/><W30/><G30/><T5/><D45/><U101/><E101/><V97/><F73/><RYUUKYOKU ba="0,1" sc="369,-15,428,15,66,15,127,-15" hai1="18,22,46,51,54,55,57,62,69,70,81,86,91" hai2="53,56,63,76,83,87,88,96,97,99" /><INIT seed="5,1,1,1,4,111" ten="354,443,81,112" oya="1" hai0="81,28,38,131,109,102,52,66,33,74,97,75,61" hai1="9,62,17,87,98,119,58,112,35,128,42,50,8" hai2="41,5,116,14,60,107,54,65,103,51,114,84,108" hai3="56,83,135,126,64,15,68,104,21,25,31,40,22"/><U79/><E119/><V11/><F108/><W18/><G104/><T94/><D109/><U36/><E35/><V26/><F116/><W73/><G135/><T90/><D38/><U71/><E128/><V59/><F41/><W57/><G126/><T132/><D132/><U16/><E36/><V92/><F107/><W96/><G40/><T127/><D127/><U49/><E98/><V32/><F32/><W113/><G96/><T19/><D131/><U129/><E129/><V86/><F26/><W122/><G122/><T45/><D28/><U100/><E100/><V101/><F114/><W88/><G113/><T110/><D33/><U0/><E71/><V120/><F120/><W3/><G3/><T13/><D110/><U80/><E112/><V4/><F5/><W1/><G1/><T93/><D45/><N who="1" m="25783" /><E50/><V117/><F117/><W7/><G7/><T47/><D47/><U72/><E72/><V125/><F125/><W82/><G73/><T95/><D75/><U6/><E6/><V105/><F105/><W69/><G69/><T53/><D74/><U10/><E0/><V67/><F86/><W20/><G20/><N who="0" m="11375" /><D102/><N who="2" m="38922" /><F51/><W27/><G27/><T37/><D37/><U2/><E2/><V118/><F118/><W130/><G130/><T39/><D39/><U30/><E30/><V91/><AGARI ba="1,1" hai="4,11,14,54,59,60,65,67,84,91,92" m="38922" machi="91" ten="30,1100,0" yaku="8,1" doraHai="111" who="2" fromWho="2" sc="354,-4,443,-6,81,24,112,-4" /><INIT seed="6,0,0,3,4,1" ten="350,437,105,108" oya="2" hai0="25,78,63,133,68,107,43,46,4,112,80,99,11" hai1="59,57,0,13,33,106,85,76,123,41,19,60,87" hai2="82,122,101,29,120,28,17,74,95,110,5,93,67" hai3="9,124,42,49,66,97,83,79,61,6,45,114,3"/><V81/><F67/><W96/><G124/><T88/><D112/><U23/><E0/><V51/><F51/><W50/><G50/><T8/><D133/><U40/><E33/><V77/><F110/><W22/><G22/><T15/><D25/><U89/><E106/><V135/><F135/><W102/><G102/><T98/><D11/><U56/><E123/><V116/><F116/><W27/><G27/><T47/><D107/><U90/><E76/><V103/><F17/><W54/><G54/><T109/><D109/><U118/><E60/><V10/><F82/><W38/><G114/><T105/><D105/><U131/><E131/><V111/><F111/><W24/><G24/><T117/><D117/><U91/><E118/><V21/><F101/><W12/><G3/><T64/><D47/><U48/><E48/><V100/><F103/><W115/><G38/><T16/><D4/><U55/><E55/><V58/><F58/><W125/><G125/><T108/><D108/><U72/><E72/><V130/><F130/><W132/><G132/><T134/><D134/><U14/><E14/><N who="2" m="5455" /><F21/><W18/><G18/><T31/><D31/><N who="2" m="11850" /><F100/><W129/><G129/><T121/><D121/><U20/><E20/><V75/><F75/><W37/><G37/><T26/><D26/><U119/><E119/><V36/><F36/><W30/><G30/><T32/><D32/><U73/><E73/><V128/><F128/><W62/><G115/><T71/><D71/><U84/><AGARI ba="0,0" hai="13,19,23,40,41,56,57,59,84,85,87,89,90,91" machi="84" ten="40,8000,1" yaku="0,1,29,2,8,1" doraHai="1" who="1" fromWho="1" sc="350,-20,437,80,105,-40,108,-20" /><INIT seed="7,0,0,1,2,111" ten="330,517,65,88" oya="3" hai0="133,69,36,82,24,5,102,64,40,119,26,135,113" hai1="8,96,129,100,27,68,2,56,48,61,85,4,106" hai2="51,57,11,9,78,132,123,120,90,41,59,125,65" hai3="28,30,21,17,63,105,110,43,127,93,19,71,0"/><W116/><G105/><T70/><D119/><U66/><E129/><V121/><F132/><W122/><G116/><T89/><D102/><U34/><E85/><V98/><F78/><W83/><G122/><T67/><D5/><U118/><E118/><V35/><F35/><W103/><G0/><T1/><D1/><U60/><E48/><V37/><F125/><W22/><G110/><T92/><D82/><U77/><E77/><V10/><F37/><W62/><G43/><T95/><D40/><U75/><E75/><V87/><F98/><N who="3" m="59855" /><G71/><T33/><D89/><U99/><E99/><V81/><F65/><W29/><G83/><T55/><D55/><U20/><E60/><N who="3" m="23082" /><G127/><T3/><D3/><U39/><E39/><V128/><REACH who="2" step="1"/><F128/><REACH who="2" ten="330,517,55,88" step="2"/><W23/><AGARI ba="0,1" hai="17,19,21,22,23,28,29,30" m="23082,59855" machi="23" ten="40,2100,0" yaku="8,1" doraHai="111" who="3" fromWho="3" sc="330,-7,517,-7,55,-7,88,31" /><INIT seed="7,1,0,2,3,129" ten="323,510,48,119" oya="3" hai0="66,81,45,6,124,76,89,130,80,102,58,7,42" hai1="49,28,54,79,101,85,107,16,55,0,14,36,43" hai2="133,4,77,10,94,86,91,100,8,108,68,83,21" hai3="114,69,61,25,1,75,30,24,116,33,59,117,38"/><W103/><G38/><T63/><D130/><U17/><E0/><V64/><F108/><W5/><G75/><T56/><D124/><U113/><E28/><V35/><F35/><W26/><G69/><T46/><D102/><U57/><E101/><V39/><F39/><W29/><G103/><T90/><D56/><U134/><E107/><V19/><F100/><W88/><G114/><T37/><D46/><U62/><E134/><V23/><F64/><W60/><G26/><T126/><D126/><U34/><E34/><V40/><F40/><W132/><G132/><T70/><D70/><U110/><E17/><V120/><F120/><W99/><G5/><T11/><D7/><U72/><E72/><V50/><F50/><W106/><G1/><N who="0" m="463" /><D81/><N who="1" m="47295" /><E36/><V44/><F44/><W32/><G106/><T78/><D78/><U96/><E96/><V53/><F53/><W48/><G48/><T125/><D125/><U122/><E122/><V3/><F68/><W65/><G61/><T73/><AGARI ba="1,0" hai="37,42,45,58,63,66,73,76,80,89,90" m="463" machi="73" ten="30,1100,0" yaku="25,1" doraHai="129" who="0" fromWho="0" sc="323,14,510,-4,48,-4,119,-6" owari="337,13.7,506,60.6,44,-45.6,113,-28.7" /></mjloggm>