<mjloggm ver="2.3"><GO type="169" lobby="0"/><UN n0="%E3%81%88%E3%81%8C%E3%82%8F%E3%82%8A%E3%81%8A" n1="%70%6F%6E%2D%65%6E" n2="%E5%BE%A1%E5%BD%B1%E3%82%86%E3%81%9A%E3%81%8D" n3="%E8%8F%85%E7%94%B0%E5%B0%86%E6%9A%89%28%E5%81%BD%E7%89%A9%29" dan="16,16,17,16" rate="2098.64,2124.84,2201.09,2187.26" sx="M,F,M,M"/><TAIKYOKU oya="0"/><INIT seed="0,0,0,1,3,112" ten="250,250,250,250" oya="0" hai0="108,99,33,84,25,5,135,2,21,131,30,97,82" hai1="17,14,134,44,40,19,89,74,0,49,35,36,38" hai2="111,100,20,42,59,85,24,31,92,103,9,13,95" hai3="50,102,73,37,16,26,65,123,53,81,130,124,119"/><T77/><D135/><U107/><E0/><V4/><F111/><W117/><G37/><T41/><D108/><U46/><E134/><V22/><F42/><W115/><G115/><T98/><D131/><U114/><E114/><V96/><F85/><W126/><G130/><T54/><D41/><U32/><E107/><V68/><F68/><W48/><G102/><T86/><D86/><U45/><E74/><V34/><REACH who="2" step="1"/><F59/><REACH who="2" ten="250,250,240,250" step="2"/><W55/><G123/><T61/><D84/><U109/><E40/><V51/><F51/><W104/><G73/><T132/><D132/><U62/><E49/><V18/><F18/><W106/><G16/><T110/><D110/><U125/><E19/><V133/><F133/><W127/><G127/><T3/><D98/><AGARI ba="0,1" hai="4,9,13,20,22,24,31,34,92,95,96,98,100,103" machi="98" ten="40,2600,0" yaku="1,1,9,1,53,0" doraHai="112" doraHaiUra="122" who="2" fromWho="0" sc="250,-26,250,0,240,36,250,0" /><INIT seed="1,0,0,1,4,113" ten="224,250,276,250" oya="1" hai0="1,83,61,79,17,56,57,7,28,23,93,90,119" hai1="77,59,45,120,115,81,34,86,68,94,22,37,20" hai2="54,39,25,129,102,69,65,78,5,50,52,11,0" hai3="32,103,99,21,16,128,107,47,92,4,97,19,15"/><U131/><E68/><V36/><F129/><W117/><G128/><T51/><D28/><U130/><E34/><V63/><F54/><W125/><G125/><T9/><D119/><U96/><E115/><V95/><F78/><W49/><G32/><T116/><D116/><U122/><E130/><V126/><F126/><W72/><G72/><T133/><D133/><U2/><E2/><V84/><F25/><W121/><G121/><T71/><D51/><U14/><E131/><V29/><F29/><W111/><G111/><T24/><D71/><U80/><E59/><V48/><F48/><W106/><G117/><T70/><D70/><U100/><E81/><V98/><REACH who="2" step="1"/><F84/><REACH who="2" ten="224,250,266,250" step="2"/><W75/><G75/><T43/><D43/><U40/><E122/><V38/><F38/><W62/><G62/><T58/><D61/><U101/><E120/><V108/><F108/><W41/><G4/><T112/><D112/><U124/><E124/><V33/><F33/><W67/><G67/><T73/><REACH who="0" step="1"/><D58/><AGARI ba="0,1" hai="0,5,11,36,39,50,52,58,63,65,69,95,98,102" machi="58" ten="30,3900,0" yaku="1,1,7,1,54,1,53,0" doraHai="113" doraHaiUra="26" who="2" fromWho="0" sc="224,-39,250,0,266,49,250,0" /><INIT seed="2,0,0,4,5,135" ten="185,250,315,250" oya="2" hai0="21,110,90,65,52,85,95,26,131,67,117,24,50" hai1="34,132,55,86,47,79,12,60,123,2,114,29,22" hai2="14,104,4,126,130,106,61,66,102,20,129,122,9" hai3="113,120,27,38,97,59,96,28,80,82,48,94,44"/><V118/><F122/><W10/><G120/><T42/><D110/><U57/><E123/><V5/><F118/><W103/><G113/><T23/><D117/><U109/><E2/><V99/><F126/><W17/><G38/><T43/><D131/><N who="2" m="50186" /><F20/><W91/><G59/><T18/><D43/><U72/><E22/><V62/><F62/><W111/><G111/><T100/><D100/><U107/><E57/><N who="2" m="37167" /><F4/><W64/><G64/><T3/><D42/><U33/><E60/><V87/><F87/><W30/><G17/><T40/><D40/><U31/><E86/><V124/><F124/><W0/><G0/><T76/><D3/><U101/><E31/><V7/><F7/><W56/><G10/><T89/><D76/><U128/><E79/><V74/><F74/><W49/><G56/><N who="0" m="32791" /><D89/><U73/><E72/><V77/><F77/><W75/><G75/><T84/><D84/><U11/><E73/><V71/><F71/><W6/><G6/><T69/><D69/><U39/><E11/><V58/><F58/><W93/><G28/><AGARI ba="0,0" hai="18,21,23,24,26,28,65,67,85,90,95" m="32791" machi="28" ten="30,2000,0" yaku="8,1,54,1" doraHai="135" who="0" fromWho="3" sc="185,20,250,0,315,0,250,-20" /><INIT seed="3,0,0,4,2,126" ten="205,250,315,230" oya="3" hai0="83,59,111,14,121,84,43,20,130,2,12,4,82" hai1="5,7,69,120,38,103,132,11,57,96,48,94,27" hai2="51,64,113,29,97,85,33,79,134,72,68,108,40" hai3="45,62,93,42,15,112,89,13,31,109,74,35,52"/><W95/><G112/><T105/><D121/><U1/><E132/><V110/><F113/><W39/><G74/><T26/><D105/><U90/><E120/><V28/><F134/><W81/><G109/><T106/><D106/><U129/><E69/><V41/><F72/><W104/><G104/><T21/><D111/><N who="2" m="42538" /><F51/><W56/><G35/><T70/><D70/><U67/><E38/><V60/><F97/><W102/><G31/><N who="2" m="11849" /><F33/><W22/><G102/><T25/><D43/><U107/><E48/><V128/><F128/><W115/><G115/><T135/><D130/><U58/><E129/><V36/><F36/><W92/><REACH who="3" step="1"/><G22/><REACH who="3" ten="205,250,315,220" step="2"/><T91/><D21/><U50/><E103/><V47/><F47/><W32/><G32/><T73/><D20/><U87/><E107/><V61/><F60/><W71/><G71/><T75/><D135/><U37/><E37/><V122/><F122/><W23/><G23/><T80/><D73/><U55/><E27/><V18/><F61/><W16/><G16/><T63/><D75/><U8/><E50/><V66/><F18/><W6/><G6/><T9/><D26/><U125/><E7/><V17/><F17/><W34/><G34/><T116/><D25/><U54/><E5/><V44/><F68/><W76/><G76/><T49/><D49/><U78/><E78/><V133/><F133/><W118/><G118/><T3/><D116/><U19/><E19/><V46/><F46/><W88/><G88/><T99/><D4/><U114/><E90/><V65/><F44/><W119/><G119/><T123/><D91/><N who="1" m="53631" /><E114/><V30/><F30/><RYUUKYOKU ba="0,1" sc="205,-15,250,-15,315,15,220,15" hai2="40,41,64,65,66,79,85" hai3="13,15,39,42,45,52,56,62,81,89,92,93,95" /><INIT seed="3,1,1,5,4,53" ten="190,235,330,235" oya="3" hai0="66,114,72,132,80,94,107,87,59,42,11,95,104" hai1="89,82,68,29,25,81,113,7,41,124,57,45,134" hai2="31,27,110,83,58,63,121,77,24,93,103,22,116" hai3="119,15,88,65,13,69,14,91,105,37,9,23,10"/><W2/><G119/><T16/><D132/><U33/><E68/><V129/><F116/><W70/><G37/><T34/><D34/><U109/><E113/><V106/><F106/><W84/><G105/><T126/><D114/><U64/><E109/><V127/><F110/><W112/><G112/><T90/><D126/><U75/><E134/><V21/><F127/><W19/><G2/><T76/><D42/><U86/><E124/><V74/><F121/><W44/><G44/><T56/><D94/><U131/><E131/><V28/><F129/><W55/><G55/><T97/><D66/><U99/><E7/><V35/><F93/><W96/><G96/><T6/><D107/><U79/><E99/><V40/><F40/><W36/><G36/><T5/><D5/><U62/><E45/><V43/><F43/><W46/><G46/><T85/><D16/><U100/><REACH who="1" step="1"/><E41/><REACH who="1" ten="190,225,330,235" step="2"/><V102/><REACH who="2" step="1"/><F35/><REACH who="2" ten="190,225,320,235" step="2"/><W18/><G69/><T54/><D104/><U73/><E73/><V78/><F78/><W61/><REACH who="3" step="1"/><G84/><REACH who="3" ten="190,225,320,225" step="2"/><T4/><D87/><U20/><E20/><V117/><F117/><W8/><G8/><T32/><D85/><U67/><E67/><AGARI ba="1,4" hai="21,22,24,27,28,31,58,63,67,74,77,83,102,103" machi="67" ten="30,7700,0" yaku="1,1,7,1,9,1,52,1,53,0" doraHai="53" doraHaiUra="118" who="2" fromWho="1" sc="190,0,225,-80,320,120,225,0" /><INIT seed="4,0,0,2,5,134" ten="190,145,440,225" oya="0" hai0="117,24,70,96,68,90,94,2,1,98,118,129,39" hai1="29,95,54,83,28,10,22,27,46,124,76,116,78" hai2="17,26,80,120,0,55,9,126,23,130,84,128,79" hai3="11,61,16,14,45,131,73,101,135,71,86,44,34"/><T20/><D39/><U41/><E116/><V52/><F126/><W64/><G34/><T4/><D129/><N who="2" m="49770" /><F120/><W6/><G73/><T109/><D109/><U21/><E54/><V31/><F17/><W48/><G131/><T40/><D40/><U53/><E53/><V33/><F33/><W93/><G135/><T89/><D20/><U65/><E65/><V36/><F36/><W127/><G127/><T67/><D24/><U122/><E122/><V56/><F56/><W66/><G66/><T99/><D94/><U7/><E95/><V87/><F87/><W100/><G44/><T112/><D67/><U111/><E111/><V125/><F125/><W32/><G32/><T88/><D4/><AGARI ba="0,0" hai="0,4,9,23,26,31,52,55,79,80,84" m="49770" machi="4" ten="30,2000,0" yaku="19,1,54,1" doraHai="134" who="2" fromWho="0" sc="190,-20,145,0,440,20,225,0" /><INIT seed="5,0,0,3,3,92" ten="170,145,460,225" oya="1" hai0="78,27,5,90,88,127,9,12,13,19,0,128,83" hai1="47,60,97,52,59,107,43,93,31,55,105,45,16" hai2="32,4,63,123,99,87,79,73,65,50,21,112,11" hai3="58,82,26,24,66,125,35,33,72,102,95,91,134"/><U106/><E31/><V103/><F32/><W39/><G39/><T135/><D135/><U67/><E16/><V1/><F123/><W6/><G134/><T37/><D37/><U111/><E111/><V113/><F73/><W133/><G133/><T104/><D104/><U48/><REACH who="1" step="1"/><E47/><REACH who="1" ten="170,135,460,225" step="2"/><V8/><F113/><W28/><G28/><T117/><D117/><U29/><E29/><V122/><F112/><W44/><G44/><T101/><D19/><U80/><E80/><V64/><F11/><W96/><G82/><T84/><D83/><U116/><E116/><V124/><F8/><W40/><G6/><T54/><D9/><U75/><E75/><V61/><F4/><W23/><G26/><T53/><D5/><U114/><E114/><V49/><F21/><W14/><G24/><T25/><D27/><U18/><E18/><V131/><F122/><W38/><G23/><T2/><D25/><U22/><E22/><V119/><F119/><W7/><G72/><T94/><D13/><U86/><E86/><V10/><F87/><W20/><G14/><T77/><D12/><U126/><E126/><V121/><F10/><W115/><G20/><T89/><D127/><U71/><E71/><V42/><F124/><W69/><G69/><T41/><D84/><U15/><E15/><V46/><F121/><W130/><G7/><T120/><D120/><U118/><E118/><V62/><F46/><W76/><G115/><T30/><D30/><U132/><E132/><V36/><F1/><W56/><G125/><T109/><D0/><U17/><E17/><V129/><F129/><RYUUKYOKU ba="0,1" sc="170,-10,135,30,460,-10,225,-10" hai1="43,45,48,52,55,59,60,67,93,97,105,106,107" /><INIT seed="5,1,1,4,5,78" ten="160,165,450,215" oya="1" hai0="19,98,91,77,128,129,55,74,65,56,47,68,8" hai1="113,81,45,50,126,84,31,29,54,25,52,89,76" hai2="6,114,41,94,90,1,71,17,108,110,116,120,26" hai3="4,88,119,117,62,130,99,112,33,115,61,12,24"/><U135/><E113/><N who="3" m="43594" /><G130/><N who="0" m="50283" /><D47/><U32/><E126/><V3/><F41/><W44/><G44/><T125/><D125/><U69/><E135/><V39/><F26/><W79/><G79/><T111/><D111/><U36/><E69/><V42/><F17/><W63/><G4/><T124/><D124/><U86/><E31/><V30/><F94/><N who="3" m="56775" /><G12/><N who="0" m="7559" /><D77/><U21/><E36/><V107/><F39/><W2/><G2/><T46/><D74/><U93/><REACH who="1" step="1"/><E32/><REACH who="1" ten="160,155,450,215" step="2"/><V109/><F71/><W67/><G67/><T80/><D68/><U123/><E123/><V27/><F120/><W66/><G66/><T49/><D65/><U58/><E58/><V102/><F108/><W82/><G82/><T22/><D56/><U48/><E48/><V72/><F110/><W105/><G105/><T7/><D80/><U28/><E28/><AGARI ba="1,2" hai="24,28,33,61,62,63,117,119" m="56775,43594" machi="28" ten="40,2600,0" yaku="15,1,54,1" doraHai="78" who="3" fromWho="1" sc="160,0,155,-29,450,0,215,49" /><INIT seed="6,0,0,5,1,10" ten="160,126,450,264" oya="2" hai0="39,26,101,42,95,51,76,64,68,113,12,109,89" hai1="123,29,106,102,129,111,86,132,2,117,4,19,128" hai2="114,131,135,122,110,116,94,127,121,78,71,88,46" hai3="41,9,40,119,25,17,44,85,93,84,60,79,90"/><V91/><F71/><W56/><G119/><T65/><D109/><U72/><E72/><V15/><F116/><W18/><G25/><T37/><D113/><U107/><E111/><V120/><F110/><W35/><G35/><T58/><D101/><U22/><E117/><V49/><F114/><W100/><G100/><T108/><D76/><U3/><E132/><V38/><F38/><W92/><G79/><T98/><D108/><U1/><E123/><V134/><F78/><W66/><G9/><T6/><D26/><U63/><E102/><V73/><F73/><W126/><G126/><T80/><D80/><U32/><E86/><V61/><F127/><W130/><G130/><N who="1" m="50282" /><E4/><V14/><F61/><W23/><G44/><N who="0" m="23631" /><D39/><U87/><E29/><V52/><F91/><N who="3" m="53351" /><G23/><T57/><D68/><U69/><E87/><N who="2" m="52511" /><F131/><W115/><G115/><T59/><D51/><U112/><E32/><V34/><F34/><W125/><G125/><T81/><D81/><U33/><E33/><V13/><F120/><W27/><G27/><T8/><D65/><N who="1" m="41151" /><E112/><V53/><F121/><W48/><G90/><T62/><D64/><U55/><E55/><N who="2" m="30135" /><F122/><W24/><G66/><T43/><D62/><U54/><E54/><V105/><F105/><W83/><G60/><T118/><D118/><U36/><E36/><V45/><F45/><W0/><G0/><N who="1" m="2" /><U20/><DORA hai="133" /><E20/><V5/><F5/><W82/><G40/><T104/><D43/><U47/><E47/><V67/><F67/><W28/><G41/><T16/><D104/><N who="1" m="39979" /><E22/><V7/><F7/><W70/><G70/><T21/><BYE who="3" /><D6/><RYUUKYOKU ba="0,0" sc="160,10,126,10,450,10,264,-30" hai0="8,12,16,21,57,58,59,89,95,98" hai1="19" hai2="13,14,15,52,53,134,135" /><INIT seed="6,1,0,0,5,127" ten="170,136,460,234" oya="2" hai0="113,83,124,32,56,29,24,79,128,10,1,119,31" hai1="13,122,73,62,110,75,33,69,35,77,34,67,65" hai2="63,61,7,121,28,116,55,64,68,74,59,125,4" hai3="91,103,82,9,70,30,23,0,27,92,12,51,38"/><V101/><F121/><W84/><G84/><T117/><D124/><U11/><E110/><V105/><F74/><W53/><G53/><T96/><D113/><U81/><E122/><V60/><F116/><N who="0" m="44618" /><D31/><U3/><E67/><V130/><F125/><W36/><G36/><T78/><D96/><U18/><REACH who="1" step="1"/><E73/><REACH who="1" ten="170,126,460,234" step="2"/><V133/><F64/><W120/><G120/><T85/><D78/><U87/><E87/><V100/><F68/><W39/><G39/><T43/><D79/><U37/><E37/><V25/><F133/><W114/><G114/><T66/><D85/><U135/><E135/><V22/><F105/><W115/><G115/><T106/><D66/><U98/><E98/><V126/><F126/><W2/><G2/><AGARI ba="1,1" hai="2,3,11,13,18,33,34,35,62,65,69,75,77,81" machi="2" ten="40,1300,0" yaku="1,1,53,0" doraHai="127" doraHaiUra="112" who="1" fromWho="3" sc="170,0,126,26,460,0,234,-16" /><INIT seed="7,0,0,0,0,60" ten="170,152,460,218" oya="3" hai0="37,54,124,101,32,93,109,67,44,95,87,78,89" hai1="6,0,96,123,5,85,112,63,108,21,28,102,52" hai2="80,86,23,3,83,59,105,39,77,46,26,62,27" hai3="10,30,16,19,82,128,14,65,35,131,74,92,22"/><W13/><G13/><T36/><D32/><U98/><E108/><V7/><F105/><W125/><G125/><T115/><D109/><U113/><E123/><V97/><F97/><N who="1" m="37481" /><E0/><V127/><F127/><W114/><G114/><N who="1" m="44138" /><E102/><V117/><F117/><W70/><G70/><T121/><D115/><U76/><E76/><V132/><F132/><W107/><G107/><T64/><D121/><U29/><E85/><V75/><F23/><W2/><G2/><T15/><D124/><U94/><E94/><N who="0" m="35849" /><D78/><UN n3="%E8%8F%85%E7%94%B0%E5%B0%86%E6%9A%89%28%E5%81%BD%E7%89%A9%29" /><U50/><E63/><V48/><F39/><W100/><G100/><T72/><D101/><U99/><N who="1" m="37489" /><U88/><DORA hai="34" /><E88/><V91/><F7/><N who="1" m="2569" /><E21/><V8/><F8/><W45/><G22/><T134/><D134/><U106/><E106/><V68/><F68/><W11/><G10/><T104/><D104/><U111/><E111/><V1/><F27/><W103/><G11/><T43/><D36/><U40/><E40/><V120/><F26/><W119/><G92/><N who="0" m="54335" /><D72/><U122/><E122/><V17/><F17/><W18/><G74/><T69/><D69/><U38/><E38/><V129/><F129/><W55/><G18/><T49/><D15/><U90/><E90/><V130/><F130/><W71/><G14/><T81/><D81/><U58/><AGARI ba="0,0" hai="28,29,50,52,58" m="2569,44138,37489" machi="58" ten="40,2700,0" yaku="15,1,54,1" doraHai="60,34" who="1" fromWho="1" sc="170,-7,152,27,460,-7,218,-13" owari="163,-33.7,179,-22.1,453,55.3,205,0.5" /></mjloggm>