<mjloggm ver="2.3"><GO type="169" lobby="0"/><UN n0="%44%61%6C%69" n1="%E3%81%A3%E3%81%A7%E3%81%B6%E3%83%BC" n2="%70%6F%6E%2D%65%6E" n3="%74%6F%72%69%30%36%31%32" dan="17,16,16,18" rate="2185.02,2114.65,2136.95,2167.64" sx="M,M,F,M"/><TAIKYOKU oya="0"/><INIT seed="0,0,0,2,2,20" ten="250,250,250,250" oya="0" hai0="125,121,45,93,73,70,41,6,0,102,105,1,14" hai1="101,91,85,13,49,109,110,78,96,123,29,65,77" hai2="38,95,94,53,69,76,31,92,90,4,132,127,55" hai3="60,51,119,9,97,86,103,23,47,33,99,134,8"/><T39/><D121/><U5/><E123/><V83/><F69/><W48/><G33/><T10/><D125/><U71/><E29/><V34/><F38/><W54/><G119/><T133/><D133/><U129/><E129/><V115/><F115/><W72/><G72/><T22/><D70/><U74/><E49/><V128/><F4/><W114/><G134/><T80/><D105/><U24/><E24/><V79/><F132/><W26/><G60/><T111/><D111/><N who="1" m="42507" /><E74/><V62/><F127/><W117/><G117/><T126/><D126/><U66/><E13/><V100/><F100/><W118/><G114/><T57/><D57/><U15/><E15/><V98/><F128/><W87/><G51/><T46/><D46/><U68/><E5/><V82/><F31/><W44/><G44/><T2/><D14/><U36/><E36/><V120/><F34/><W19/><G118/><T35/><D35/><U37/><E37/><V84/><F120/><W116/><G116/><T32/><D32/><U17/><E17/><V75/><F62/><W50/><G50/><T107/><D22/><U12/><E12/><V104/><F53/><W42/><G42/><T124/><D124/><U88/><E71/><V11/><F55/><W58/><G47/><T81/><D81/><N who="1" m="47287" /><E77/><V122/><F11/><N who="3" m="4171" /><G103/><T30/><D30/><U43/><E43/><V18/><F18/><W16/><G19/><T28/><D28/><U25/><E68/><V7/><F7/><W27/><G27/><T3/><D3/><U40/><E25/><V108/><F122/><W64/><G64/><N who="1" m="24682" /><E40/><V61/><F108/><RYUUKYOKU ba="0,0" sc="250,-15,250,15,250,-15,250,15" hai1="88,91,96,101" hai3="16,23,26,48,54,58,86,87,97,99" /><INIT seed="1,1,0,1,4,14" ten="235,265,235,265" oya="1" hai0="31,45,50,96,41,36,19,34,9,94,70,117,33" hai1="38,109,48,35,16,10,129,130,15,40,22,84,65" hai2="46,0,102,73,120,121,39,28,103,116,131,63,30" hai3="21,86,119,135,98,90,132,101,54,18,85,56,13"/><U3/><E38/><V87/><F73/><W52/><G119/><T24/><D70/><U23/><E65/><V126/><F0/><W8/><G54/><T1/><D117/><U6/><E35/><V42/><F116/><W27/><G132/><T108/><D108/><U107/><E107/><V82/><F126/><W64/><G64/><T76/><D76/><U134/><E134/><V20/><F131/><N who="1" m="50185" /><E84/><V81/><F63/><W4/><G90/><T7/><D34/><U93/><E93/><V91/><F81/><W105/><REACH who="3" step="1"/><G135/><REACH who="3" ten="235,265,235,255" step="2"/><T12/><D36/><U47/><E109/><V95/><F120/><W71/><G71/><T79/><D79/><U77/><E77/><V59/><F121/><W72/><G72/><T100/><REACH who="0" step="1"/><D1/><REACH who="0" ten="225,265,235,255" step="2"/><U44/><E44/><V51/><F46/><W133/><G133/><T26/><D26/><U115/><E115/><V32/><F59/><W80/><G80/><T75/><D75/><U111/><E111/><V25/><F82/><W57/><G57/><T124/><D124/><U97/><E3/><V123/><F25/><W88/><G88/><T99/><D99/><U11/><E97/><V58/><F91/><W49/><AGARI ba="1,2" hai="4,8,13,18,21,27,49,52,56,85,86,98,101,105" machi="49" ten="20,12000,2" yaku="1,1,0,1,7,1,52,1,54,1,53,1" doraHai="14" doraHaiUra="17" who="3" fromWho="3" sc="225,-31,265,-61,235,-31,255,143" /><INIT seed="2,0,0,3,2,85" ten="194,204,204,398" oya="2" hai0="45,93,83,106,23,98,38,103,33,47,55,32,25" hai1="71,35,69,48,122,1,120,131,41,110,20,70,9" hai2="104,87,17,107,28,59,128,129,7,127,37,0,14" hai3="6,134,10,121,24,61,115,16,76,67,8,94,73"/><V34/><F37/><W2/><G121/><N who="1" m="46698" /><E35/><V130/><F127/><W66/><G134/><T95/><D83/><U19/><E110/><V81/><F59/><W126/><G115/><T96/><D106/><U84/><E131/><V4/><F28/><W123/><G126/><T99/><D99/><U118/><E118/><V21/><F34/><W57/><G73/><T50/><D38/><U102/><E102/><V86/><F86/><W101/><G76/><T36/><D36/><U43/><E84/><V51/><F51/><W53/><G123/><T49/><D23/><U29/><E48/><V15/><F15/><W125/><G125/><T65/><D65/><U63/><E63/><V80/><F80/><W78/><G78/><T56/><D25/><N who="1" m="14495" /><E29/><V27/><F27/><W108/><G108/><T68/><D68/><U60/><E60/><V39/><F39/><W111/><G111/><T31/><D31/><U119/><E119/><V82/><F82/><W72/><G72/><T5/><D5/><AGARI ba="0,0" hai="1,5,9,41,43,69,70,71" m="14495,46698" machi="5" ten="40,1300,0" yaku="13,1" doraHai="85" who="1" fromWho="0" sc="194,-13,204,13,204,0,398,0" /><INIT seed="3,0,0,4,0,81" ten="181,217,204,398" oya="3" hai0="134,123,74,44,90,75,122,31,68,53,102,115,67" hai1="132,51,61,28,77,23,128,135,80,109,97,78,94" hai2="117,108,37,41,8,12,2,127,58,79,121,48,82" hai3="89,105,30,18,29,10,55,13,49,59,106,113,52"/><W70/><G70/><T3/><D3/><U131/><E51/><V111/><F117/><W124/><G113/><T92/><D115/><U76/><E61/><V1/><F127/><W130/><G130/><N who="1" m="49706" /><E28/><V83/><F121/><W56/><G124/><T98/><D134/><N who="1" m="51243" /><E23/><V11/><F37/><W101/><G101/><T50/><D31/><U42/><E42/><V16/><F82/><W46/><G106/><T86/><D67/><U39/><E39/><V5/><F1/><W91/><G105/><T126/><D126/><U6/><E6/><V88/><F88/><N who="3" m="33867" /><G59/><T14/><D68/><U38/><E38/><V110/><F58/><W4/><G4/><T100/><D100/><N who="1" m="60471" /><E109/><V34/><F34/><W93/><G93/><T84/><D122/><U25/><E25/><V19/><F19/><W125/><G125/><T0/><D123/><U120/><E120/><V54/><F110/><W95/><G95/><T26/><D26/><U69/><E69/><V73/><REACH who="2" step="1"/><F54/><REACH who="2" ten="181,217,194,398" step="2"/><W103/><G103/><T57/><D0/><U66/><E66/><V22/><F22/><W96/><G30/><T129/><D129/><U72/><AGARI ba="0,1" hai="72,76,77,78,80" m="60471,51243,49706" machi="72" ten="30,7900,0" yaku="19,1,20,1,34,2" doraHai="81" who="1" fromWho="1" sc="181,-20,217,89,194,-20,398,-39" /><INIT seed="4,0,0,5,4,115" ten="161,306,174,359" oya="0" hai0="27,87,135,5,77,37,68,43,35,96,120,69,4" hai1="1,63,25,102,108,23,59,18,134,71,93,38,32" hai2="113,91,40,66,80,39,76,49,67,114,109,56,22" hai3="9,53,57,11,104,16,70,45,36,83,48,116,30"/><T85/><D120/><U33/><E108/><V128/><F91/><W52/><G104/><T54/><D135/><U125/><E71/><V105/><F105/><W29/><G70/><T133/><D133/><U100/><E134/><V47/><F22/><W107/><G116/><T58/><D68/><U118/><E38/><V74/><F109/><W44/><G107/><T41/><D69/><U117/><E1/><V89/><F128/><W101/><G101/><T86/><D77/><U3/><E3/><V24/><F24/><W132/><G132/><T103/><D35/><U73/><E73/><V55/><REACH who="2" step="1"/><F89/><REACH who="2" ten="161,306,164,359" step="2"/><W42/><G83/><T119/><D27/><U2/><E32/><V21/><F21/><W82/><G82/><T51/><D37/><U62/><E33/><V81/><F81/><W50/><G11/><T88/><D103/><U19/><E23/><V121/><F121/><W122/><G122/><T111/><D111/><U130/><E130/><V8/><F8/><W13/><AGARI ba="0,1" hai="9,13,16,29,30,36,42,44,45,48,50,52,53,57" machi="13" ten="30,4000,0" yaku="0,1,54,2" doraHai="115" who="3" fromWho="3" sc="161,-20,306,-10,164,-10,359,50" /><INIT seed="5,0,0,4,5,21" ten="141,296,154,409" oya="1" hai0="47,37,118,83,12,70,27,11,56,114,87,45,61" hai1="89,107,30,129,24,81,122,100,108,7,53,52,68" hai2="54,40,109,76,94,98,120,15,38,1,72,55,42" hai3="69,17,51,90,44,63,124,80,113,64,97,48,119"/><U13/><E122/><V25/><F1/><W0/><G0/><T57/><D118/><U121/><E121/><V10/><F109/><W2/><G2/><T103/><D37/><U134/><E108/><V88/><F120/><W49/><G113/><T75/><D75/><U74/><E68/><V102/><F72/><W19/><G124/><T23/><D70/><U29/><E129/><V58/><F76/><W77/><G119/><T135/><D103/><U6/><E134/><V117/><F117/><W133/><G133/><T79/><D114/><U66/><E66/><V26/><F55/><W35/><G35/><T92/><D92/><U60/><E30/><V131/><F102/><W105/><G44/><T59/><D61/><U18/><E107/><V111/><F131/><W126/><G126/><T28/><REACH who="0" step="1"/><D135/><REACH who="0" ten="131,296,154,409" step="2"/><U93/><E100/><V95/><F95/><W8/><G63/><T86/><D86/><N who="1" m="50383" /><E93/><V116/><F116/><W31/><G69/><T125/><D125/><U115/><E74/><V34/><F111/><W106/><G106/><T104/><D104/><U127/><E127/><V16/><F38/><W41/><G105/><T14/><D14/><U112/><E60/><N who="2" m="35927" /><F34/><W85/><G97/><T71/><D71/><U36/><E36/><V50/><F50/><W110/><G51/><T82/><D82/><U62/><E62/><V9/><F9/><W91/><G8/><T43/><D43/><AGARI ba="0,1" hai="10,15,16,25,26,40,42,43,88,94,98" m="35927" machi="43" ten="30,8000,1" yaku="8,1,52,2,54,2" doraHai="21" who="2" fromWho="0" sc="131,-80,296,0,154,90,409,0" /><INIT seed="6,0,0,4,0,48" ten="51,296,244,409" oya="2" hai0="76,47,87,98,19,26,11,43,23,79,55,124,60" hai1="104,36,57,105,86,129,18,58,132,89,68,54,101" hai2="112,27,94,134,29,35,118,75,3,113,59,108,126" hai3="66,5,0,9,121,128,4,46,70,51,6,52,14"/><V8/><F118/><W97/><G121/><T40/><D124/><U83/><E68/><V69/><F69/><W41/><G128/><T88/><D98/><U7/><E129/><V49/><F75/><W110/><G110/><T13/><D43/><U81/><E132/><V85/><F3/><W65/><G0/><T33/><D33/><U12/><E36/><V20/><F8/><W84/><G97/><T117/><D117/><U38/><E38/><V109/><F94/><W1/><G1/><T122/><D122/><U63/><E7/><N who="3" m="2634" /><G70/><T135/><D135/><U115/><E115/><V106/><F59/><W16/><G6/><T102/><D102/><U39/><E39/><V25/><F20/><W22/><G22/><T45/><D40/><U77/><E58/><V62/><F49/><N who="3" m="26831" /><G84/><T111/><D111/><U72/><REACH who="1" step="1"/><E101/><REACH who="1" ten="51,286,244,409" step="2"/><V123/><F134/><W78/><G78/><T28/><D47/><AGARI ba="0,1" hai="9,14,16,47,51,52,65,66" m="26831,2634" machi="47" ten="30,7700,0" yaku="8,1,52,1,54,2" doraHai="48" who="3" fromWho="0" sc="51,-77,286,0,244,0,409,87" owari="-26,-52.6,286,8.6,244,-15.6,496,59.6" /></mjloggm>