<mjloggm ver="2.3"><GO type="169" lobby="0"/><UN n0="%E3%83%A8%E3%82%B7%E3%83%86%E3%83%AB%37%30%38" n1="%E5%8C%97%E6%AC%A7%E3%81%AE%E3%82%82%E3%81%93%E3%81%86" n2="%E8%B5%A4%E5%9B%A3%E8%8A%B1%E9%96%8B" n3="%E6%9C%AC%E5%AE%B6%E3%81%8B%E3%81%BE%E3%81%A9%E3%82%84" dan="16,16,17,16" rate="2088.65,2105.17,2171.69,2145.53" sx="M,M,M,M"/><TAIKYOKU oya="0"/><INIT seed="0,0,0,0,4,75" ten="250,250,250,250" oya="0" hai0="97,99,45,88,91,43,125,82,85,126,19,15,11" hai1="42,50,3,36,7,116,128,58,101,5,0,32,133" hai2="132,95,53,63,55,24,83,14,29,40,102,20,114" hai3="51,74,118,23,87,70,94,38,17,13,104,52,100"/><T80/><D80/><U65/><E116/><V115/><F132/><W30/><G118/><T76/><D91/><U110/><E32/><V90/><F40/><W41/><G70/><T37/><REACH who="0" step="1"/><D88/><REACH who="0" ten="240,250,250,250" step="2"/><U119/><E119/><V18/><F90/><W73/><G74/><T66/><D66/><U78/><E65/><V81/><F81/><W25/><G73/><T47/><D47/><U28/><E133/><V77/><F114/><W111/><G111/><T71/><D71/><U9/><E110/><V22/><F115/><W92/><G87/><T31/><D31/><U26/><E28/><V123/><F123/><W93/><G41/><T61/><D61/><U124/><E42/><V48/><F63/><W103/><G38/><T131/><D131/><U21/><E128/><V60/><F60/><W134/><G134/><T129/><D129/><U4/><E36/><V46/><F46/><W27/><G30/><T6/><D6/><U56/><E5/><V109/><F109/><W57/><REACH who="3" step="1"/><G104/><REACH who="3" ten="240,250,250,240" step="2"/><T106/><D106/><U12/><E0/><V89/><F29/><W1/><G1/><T35/><D35/><U122/><E3/><V121/><F121/><W72/><G72/><T59/><D59/><U135/><E122/><V127/><F83/><W69/><G69/><T108/><D108/><U120/><E135/><V54/><F95/><W49/><G49/><T112/><D112/><U67/><E120/><V68/><F48/><W16/><G16/><T39/><D39/><U33/><E50/><V98/><F68/><W79/><G79/><T84/><D84/><U44/><E78/><RYUUKYOKU ba="0,2" sc="240,15,250,-15,250,-15,240,15" hai0="11,15,19,37,43,45,76,82,85,97,99,125,126" hai3="13,17,23,25,27,51,52,57,92,93,94,100,103" /><INIT seed="0,1,2,4,2,71" ten="255,235,235,255" oya="0" hai0="91,42,96,125,133,52,83,8,62,70,11,78,40" hai1="50,129,73,97,121,119,94,29,59,100,2,110,65" hai2="46,25,57,67,4,108,80,38,28,6,113,102,69" hai3="31,23,30,106,66,101,92,9,47,93,55,63,82"/><T114/><D114/><U112/><E112/><V68/><F113/><W105/><G82/><T5/><D133/><U132/><E119/><V89/><F108/><W123/><G123/><T127/><D11/><U64/><E121/><V74/><F102/><W35/><G35/><T95/><D70/><U88/><E132/><V72/><F57/><N who="3" m="37231" /><G9/><T126/><D62/><U7/><E110/><V124/><F124/><W76/><G76/><T12/><REACH who="0" step="1"/><D52/><REACH who="0" ten="245,235,235,255" step="2"/><N who="1" m="32151" /><E129/><V115/><F69/><W16/><G106/><T131/><D131/><U43/><E2/><V20/><F68/><W84/><G105/><T10/><D10/><U27/><E7/><V77/><F115/><W120/><G120/><T1/><D1/><U56/><E64/><V116/><F67/><W98/><G55/><T49/><D49/><U21/><E73/><AGARI ba="1,3" hai="5,8,12,40,42,73,78,83,91,95,96,125,126,127" machi="73" ten="40,3900,0" yaku="1,1,18,1,53,0" doraHai="71" doraHaiUra="32" who="0" fromWho="1" sc="245,72,235,-42,235,0,255,0" /><INIT seed="0,2,0,3,0,4" ten="317,193,235,255" oya="0" hai0="106,0,5,19,51,62,113,117,109,110,30,116,36" hai1="104,28,39,95,96,12,13,118,68,14,100,130,37" hai2="74,69,45,1,112,87,64,133,6,72,94,42,56" hai3="85,121,88,18,22,35,20,98,115,26,2,86,83"/><T102/><D36/><U55/><E118/><V78/><F112/><W103/><G115/><T24/><D106/><U101/><E130/><V32/><F56/><W75/><G2/><T7/><D102/><U10/><E68/><V61/><F94/><W92/><G75/><T59/><D113/><U128/><E128/><V47/><F47/><W50/><G35/><T52/><D19/><U93/><E28/><V15/><F15/><W9/><G121/><T125/><D125/><U53/><E104/><V67/><F67/><W135/><G135/><T131/><D131/><U120/><E120/><V41/><F41/><W21/><G9/><N who="0" m="2215" /><D7/><U11/><E13/><V119/><F133/><W65/><G65/><T107/><D62/><U44/><E44/><V105/><F105/><W66/><G66/><T84/><D84/><U48/><E48/><V46/><F46/><W25/><G50/><T40/><D40/><U49/><E49/><V33/><F87/><W31/><REACH who="3" step="1"/><G22/><REACH who="3" ten="317,193,235,245" step="2"/><N who="0" m="15639" /><D107/><U16/><REACH who="1" step="1"/><E96/><REACH who="1" ten="317,183,235,245" step="2"/><V43/><F1/><W8/><G8/><T3/><D3/><U129/><E129/><V97/><F97/><W57/><G57/><T108/><AGARI ba="2,2" hai="51,52,59,108,109,110,116,117" m="15639,2215" machi="108" ten="30,11700,0" yaku="14,1,10,1,52,1,54,1" doraHai="4" who="0" fromWho="0" sc="317,143,183,-41,235,-41,245,-41" /><INIT seed="0,3,0,3,1,68" ten="460,142,194,204" oya="0" hai0="80,119,79,11,62,0,56,61,133,27,95,4,129" hai1="23,121,57,103,115,43,20,50,19,55,83,6,40" hai2="65,114,7,122,60,67,69,96,18,85,41,24,3" hai3="132,123,92,81,15,71,93,52,90,36,28,5,13"/><T1/><D119/><U22/><E121/><V107/><F122/><W10/><G71/><T99/><D129/><U113/><E6/><V73/><F85/><W17/><G132/><T2/><D133/><U124/><E124/><V77/><F18/><W101/><G101/><T98/><D27/><U105/><E19/><V126/><F67/><W46/><G28/><T82/><D82/><U38/><E83/><N who="2" m="45487" /><F126/><W8/><G123/><T21/><D21/><U47/><REACH who="1" step="1"/><E43/><REACH who="1" ten="460,132,194,204" step="2"/><V75/><F41/><W64/><G64/><T104/><D4/><U35/><E35/><V102/><F114/><W76/><G17/><T86/><D2/><U49/><E49/><V135/><F135/><W116/><G116/><T30/><D1/><U97/><AGARI ba="3,1" hai="20,22,23,38,40,47,50,55,57,97,103,105,113,115" machi="97" ten="30,4000,0" yaku="1,1,0,1,52,1,53,0" doraHai="68" doraHaiUra="130" who="1" fromWho="1" sc="460,-23,132,59,194,-13,204,-13" /><INIT seed="1,0,0,4,3,126" ten="437,191,181,191" oya="1" hai0="64,13,97,11,121,117,108,44,90,75,107,96,127" hai1="24,109,23,47,5,20,4,93,115,43,91,26,81" hai2="37,69,104,17,122,103,67,95,31,83,82,106,9" hai3="46,84,61,87,99,63,55,111,102,8,68,50,70"/><U60/><E115/><V116/><F37/><W15/><G111/><T131/><D75/><U73/><E109/><V128/><F31/><W59/><G70/><T25/><D117/><U86/><E73/><V52/><F116/><W112/><G68/><T18/><D64/><U134/><E134/><V85/><F122/><W113/><G112/><T78/><D78/><U101/><E60/><V62/><F128/><W57/><G113/><T33/><D131/><U130/><E130/><V79/><F83/><W29/><G29/><T105/><D127/><U0/><E0/><V45/><F95/><W19/><G63/><T119/><D97/><U74/><E74/><V7/><F17/><W114/><G59/><T49/><D119/><U110/><E23/><V66/><F103/><W42/><REACH who="3" step="1"/><G114/><REACH who="3" ten="437,191,181,181" step="2"/><T71/><D71/><U120/><E110/><V94/><F67/><W48/><G48/><T65/><D65/><U58/><E58/><V14/><F45/><W22/><G22/><T80/><D121/><U21/><E120/><V51/><F51/><W89/><G89/><T88/><D49/><N who="1" m="26879" /><E21/><V30/><F30/><W124/><G124/><T28/><D44/><U3/><E20/><V53/><F69/><W12/><G12/><T133/><D108/><U125/><E125/><V34/><F66/><W132/><G132/><T10/><D133/><U27/><E3/><V2/><F2/><W36/><G36/><T76/><D11/><U118/><E118/><V16/><F62/><W56/><G56/><T39/><D39/><U35/><E35/><V41/><F34/><W72/><G72/><RYUUKYOKU ba="0,1" sc="437,-15,191,15,181,-15,181,15" hai1="4,5,24,26,27,81,86,91,93,101" hai3="8,15,19,42,46,50,55,57,61,84,87,99,102" /><INIT seed="1,1,1,2,2,125" ten="422,206,166,196" oya="1" hai0="58,104,68,52,126,77,89,30,40,42,119,86,1" hai1="8,85,27,76,118,64,18,46,7,22,130,60,26" hai2="133,45,106,38,90,48,100,78,110,67,29,0,87" hai3="21,120,111,33,61,28,25,114,44,95,112,94,80"/><U5/><E118/><V59/><F0/><W12/><G120/><T109/><D104/><U57/><E130/><V43/><F78/><W129/><G111/><T84/><D109/><U23/><E46/><V82/><F110/><W70/><G80/><N who="0" m="47119" /><D1/><U51/><E51/><V62/><F133/><W102/><G70/><T56/><D68/><U15/><E76/><V135/><F135/><W32/><G61/><N who="0" m="35975" /><D126/><U127/><E127/><V10/><F29/><W54/><G28/><T128/><D128/><U96/><E85/><V39/><REACH who="2" step="1"/><F10/><REACH who="2" ten="422,206,156,196" step="2"/><W17/><G129/><T97/><D30/><N who="1" m="17751" /><E96/><AGARI ba="1,2" hai="38,39,43,45,48,59,62,67,82,87,90,96,100,106" machi="96" ten="40,1300,0" yaku="1,1,53,0" doraHai="125" doraHaiUra="4" who="2" fromWho="1" sc="422,0,206,-16,156,36,196,0" /><INIT seed="2,0,0,1,4,26" ten="422,190,192,196" oya="2" hai0="86,130,67,47,77,31,3,63,69,27,104,20,80" hai1="25,37,110,65,116,87,98,127,74,88,53,43,117" hai2="46,81,34,36,32,0,21,109,44,1,51,119,126" hai3="107,73,68,17,84,62,52,30,135,6,122,12,132"/><V95/><F119/><W42/><G122/><T125/><D130/><U89/><E65/><V10/><F126/><W8/><G73/><T108/><D108/><U60/><E37/><V102/><F109/><W29/><G107/><T94/><D104/><U82/><E43/><V48/><F36/><W93/><G42/><T133/><D133/><N who="3" m="51273" /><G6/><T15/><D3/><U22/><E74/><V72/><F21/><W56/><G68/><T58/><D47/><U131/><E110/><V97/><F72/><W115/><G115/><T28/><D125/><U14/><E14/><V134/><F81/><W103/><G84/><T41/><D41/><U16/><E131/><V50/><F134/><W40/><G40/><T66/><D15/><U45/><E127/><V91/><F102/><W49/><G49/><T38/><D38/><U23/><E23/><V13/><F0/><W100/><G100/><T129/><D129/><U106/><E106/><V83/><F1/><W101/><G101/><T90/><D69/><U39/><E39/><V24/><F83/><W128/><G128/><T78/><D77/><U61/><E45/><N who="2" m="17515" /><F24/><W71/><G71/><T124/><D67/><U70/><E70/><V105/><F105/><W96/><AGARI ba="0,0" hai="8,12,17,29,30,52,56,62,93,96,103" m="51273" machi="96" ten="30,7900,0" yaku="20,1,52,2,54,1" doraHai="26" who="3" fromWho="3" sc="422,-20,190,-20,192,-39,196,79" /><INIT seed="3,0,0,0,0,52" ten="402,170,153,275" oya="3" hai0="71,93,65,56,87,103,114,134,4,80,43,82,132" hai1="23,90,104,44,128,58,21,99,129,40,62,33,27" hai2="125,113,112,70,49,105,102,16,46,72,34,19,48" hai3="3,5,135,106,29,110,57,18,66,60,89,121,51"/><W50/><G121/><T63/><D114/><U1/><E1/><V76/><F70/><W67/><G106/><T101/><D4/><U28/><E104/><V10/><F34/><W86/><G135/><N who="0" m="51755" /><D43/><U100/><E90/><V55/><F125/><W20/><G29/><T17/><D17/><U9/><E9/><V26/><F72/><W35/><G35/><T32/><D32/><U0/><E0/><V108/><F76/><W97/><G97/><N who="0" m="59567" /><D103/><U130/><E99/><V74/><F74/><W116/><G116/><T133/><N who="0" m="51763" /><T119/><DORA hai="78" /><D119/><U131/><E100/><V122/><F122/><W42/><G42/><T107/><D107/><U91/><E91/><V14/><F102/><W45/><G5/><T2/><D2/><U69/><N who="1" m="32768" /><DORA hai="88" /><U126/><E126/><V120/><F105/><W25/><G3/><T8/><D8/><U36/><REACH who="1" step="1"/><E69/><REACH who="1" ten="402,160,153,275" step="2"/><V13/><F120/><W30/><G89/><N who="0" m="51431" /><D82/><U124/><E124/><V96/><F10/><W117/><G117/><T7/><D7/><U92/><E92/><V53/><F112/><W83/><G83/><T68/><AGARI ba="0,1" hai="56,63,65,68,71" m="51431,59567,51763" machi="68" ten="40,8000,1" yaku="20,1,52,3" doraHai="52,78,88" who="0" fromWho="0" sc="402,90,160,-20,153,-20,275,-40" /><INIT seed="4,0,0,5,5,120" ten="492,140,133,235" oya="0" hai0="99,101,123,102,127,69,87,122,131,105,61,134,73" hai1="55,32,11,110,23,56,9,36,104,112,95,98,125" hai2="108,45,68,62,53,65,76,100,109,94,63,0,27" hai3="119,58,5,77,89,71,44,84,132,8,67,3,26"/><T15/><D127/><U111/><E32/><V42/><F0/><W48/><G119/><T57/><D134/><U50/><E104/><V17/><F76/><W114/><G71/><T135/><D135/><U31/><E36/><V54/><F100/><W20/><G132/><T35/><D73/><U10/><E125/><V129/><F94/><W74/><G114/><T60/><D131/><U52/><E112/><V40/><F17/><W92/><G58/><T130/><D130/><U83/><E83/><V2/><F27/><W72/><G67/><T37/><D37/><U49/><E23/><V1/><F129/><W80/><G80/><T12/><D35/><U78/><E78/><V18/><F18/><W103/><G103/><T86/><D69/><U6/><E31/><V16/><F16/><W64/><G64/><T81/><D57/><U21/><E21/><V22/><F22/><W118/><G77/><T14/><D81/><U107/><E6/><V34/><F34/><W13/><G3/><T25/><D25/><U4/><E4/><V43/><F1/><W128/><G118/><T117/><D15/><U66/><E107/><V29/><F29/><W51/><G128/><T133/><D133/><U38/><E95/><V28/><F28/><N who="3" m="17479" /><G48/><T90/><D105/><U75/><E75/><V93/><F93/><W79/><G79/><T88/><D99/><U24/><E98/><V121/><F2/><W96/><G96/><T70/><D70/><U39/><E24/><V113/><F113/><W41/><G74/><T82/><D82/><U47/><E66/><V126/><F65/><RYUUKYOKU ba="0,0" sc="492,10,140,10,133,-30,235,10" hai0="12,14,60,61,86,87,88,90,101,102,117,122,123" hai1="9,10,11,38,39,47,49,50,52,55,56,110,111" hai3="5,8,13,41,44,51,72,84,89,92" /><INIT seed="4,1,0,4,5,19" ten="502,150,103,245" oya="0" hai0="25,85,112,60,23,97,114,86,66,103,62,38,29" hai1="59,5,95,100,33,65,98,34,122,90,36,120,6" hai2="2,21,101,102,56,15,57,78,72,54,127,126,69" hai3="116,16,93,108,121,111,113,50,83,133,131,40,128"/><T107/><D38/><U105/><E36/><V70/><F2/><W74/><G93/><T119/><D119/><U84/><E33/><V3/><F3/><W132/><G83/><T12/><D12/><U76/><E34/><V18/><F78/><W87/><G87/><T37/><D37/><U0/><E0/><V27/><F72/><W26/><G74/><T46/><D46/><U32/><E32/><V20/><F70/><W82/><G82/><T94/><D62/><U117/><E117/><V63/><F69/><W99/><G99/><T31/><D31/><U89/><E76/><V129/><F129/><N who="3" m="49739" /><G116/><T110/><D110/><N who="3" m="42025" /><G113/><N who="0" m="43627" /><D107/><U49/><E122/><V39/><F39/><W9/><G121/><T123/><D123/><U52/><E120/><V48/><F126/><W118/><G118/><T104/><D104/><U124/><E124/><V58/><F127/><W24/><G50/><T68/><AGARI ba="1,0" hai="23,25,29,60,66,68,85,86,94,97,103" m="43627" machi="68" ten="30,3000,0" yaku="15,1,52,1" doraHai="19" who="0" fromWho="0" sc="502,33,150,-11,103,-11,245,-11" /><INIT seed="4,2,0,4,4,135" ten="535,139,92,234" oya="0" hai0="13,103,65,107,15,122,12,81,17,19,49,57,121" hai1="105,91,38,96,50,64,4,26,130,66,41,21,132" hai2="71,92,59,5,52,60,77,78,48,7,22,117,114" hai3="129,8,75,126,51,24,85,115,133,111,112,55,0"/><T113/><D113/><U67/><E132/><V84/><F114/><W61/><G133/><T86/><D107/><U39/><E4/><V46/><F117/><W101/><G111/><T134/><D103/><U1/><E1/><V34/><F34/><W16/><G75/><T44/><D134/><U35/><E35/><V23/><F71/><W127/><G129/><T40/><D122/><U29/><E130/><V100/><F5/><N who="3" m="1063" /><G61/><N who="0" m="38063" /><D121/><U82/><E105/><V58/><F7/><W118/><G118/><T120/><D120/><U104/><E104/><V47/><F47/><N who="3" m="28159" /><G101/><T72/><D72/><U63/><E38/><V80/><F78/><AGARI ba="2,0" hai="12,13,15,17,19,40,44,49,78,81,86" m="38063" machi="78" ten="30,1500,0" yaku="8,1" doraHai="135" who="0" fromWho="2" sc="535,21,139,0,92,-21,234,0" /><INIT seed="4,3,0,5,4,88" ten="556,139,71,234" oya="0" hai0="62,135,96,105,108,109,70,15,131,66,6,119,77" hai1="94,79,90,2,24,89,114,30,36,95,104,73,132" hai2="124,127,86,93,46,0,34,110,50,23,53,27,44" hai3="74,106,8,18,39,64,75,19,103,122,35,118,120"/><T128/><D119/><U25/><E36/><V29/><F110/><N who="0" m="42602" /><D77/><U112/><E2/><V121/><F121/><N who="3" m="46699" /><G39/><T92/><D105/><U21/><E104/><V65/><F0/><W71/><G118/><T83/><D83/><U61/><E132/><V49/><F65/><W55/><G35/><T102/><D135/><U32/><E61/><V3/><F3/><W85/><G85/><T80/><D80/><N who="1" m="45167" /><E89/><V11/><F11/><AGARI ba="3,0" hai="6,11,15,62,66,70,92,96,102,128,131" m="42602" machi="11" ten="30,2900,0" yaku="10,1,52,1" doraHai="88" who="0" fromWho="2" sc="556,38,139,0,71,-38,234,0" /><INIT seed="4,4,0,1,2,26" ten="594,139,33,234" oya="0" hai0="13,111,20,105,56,69,61,29,75,97,60,66,98" hai1="59,9,19,57,122,6,86,11,117,128,83,77,10" hai2="63,81,41,94,17,45,73,5,119,62,7,4,50" hai3="37,95,71,84,18,127,107,106,34,124,58,52,54"/><T28/><D75/><U38/><E117/><V3/><F119/><W116/><G116/><T51/><D111/><U87/><E122/><V104/><F104/><W2/><G71/><T64/><D105/><U21/><E128/><V27/><F3/><W93/><G37/><T79/><D79/><U132/><E38/><V123/><F123/><W85/><G2/><T43/><D13/><U40/><E40/><V78/><F17/><W67/><G18/><T12/><D12/><N who="1" m="9447" /><E132/><V114/><F114/><W23/><G23/><T91/><D20/><U32/><E32/><V30/><REACH who="2" step="1"/><F94/><REACH who="2" ten="594,139,23,234" step="2"/><W44/><G95/><T31/><REACH who="0" step="1"/><D91/><REACH who="0" ten="584,139,23,234" step="2"/><N who="1" m="51679" /><E6/><V115/><F115/><W0/><G107/><T82/><D82/><AGARI ba="4,2" hai="9,10,11,57,59,77,82,87" m="51679,9447" machi="82" ten="30,1000,0" yaku="8,1" doraHai="26" who="1" fromWho="0" sc="584,-22,139,42,23,0,234,0" /><INIT seed="5,0,0,0,3,19" ten="562,181,23,234" oya="1" hai0="126,129,25,68,61,94,45,105,88,42,127,73,64" hai1="134,0,17,32,60,83,53,84,52,65,110,33,11" hai2="29,21,56,80,102,2,63,113,6,18,121,135,103" hai3="112,70,39,119,125,59,47,46,13,123,111,117,72"/><U114/><E114/><V78/><F121/><W1/><RYUUKYOKU type="yao9" ba="0,0" sc="562,0,181,0,23,0,234,0" hai3="1,13,39,46,47,59,70,72,111,112,117,119,123,125" /><INIT seed="5,1,0,4,3,86" ten="562,181,23,234" oya="1" hai0="45,91,1,14,61,64,131,18,89,37,87,49,6" hai1="16,66,113,24,31,29,71,3,110,65,123,103,23" hai2="118,8,54,129,27,109,68,55,33,15,78,111,47" hai3="30,108,73,75,82,135,43,127,96,7,2,132,120"/><U46/><E113/><V21/><F118/><W51/><G108/><T59/><D37/><U100/><E123/><V12/><F68/><W52/><G120/><T17/><D131/><U83/><E3/><V115/><F33/><W116/><G116/><T56/><D1/><U25/><E71/><V34/><F34/><W106/><G43/><T124/><D124/><U32/><E110/><V125/><F129/><W133/><G7/><T39/><D39/><U77/><E46/><V40/><F125/><W130/><G130/><T20/><D6/><U81/><E77/><V11/><F115/><W85/><G2/><T128/><D87/><U104/><E104/><V63/><F78/><N who="3" m="46295" /><G30/><N who="1" m="11274" /><E25/><V57/><F55/><W70/><G70/><T48/><D128/><U122/><E32/><V80/><F80/><N who="1" m="30793" /><E122/><V102/><F109/><W26/><G26/><N who="0" m="14607" /><D56/><U74/><E74/><V126/><F111/><W72/><G127/><T5/><D5/><U119/><E119/><V36/><F126/><W4/><G4/><T98/><D49/><U50/><E50/><V60/><F60/><W58/><G75/><T42/><D98/><U114/><E114/><V13/><F27/><W134/><G134/><T92/><D92/><U97/><E97/><V93/><F21/><AGARI ba="1,0" hai="14,18,21,42,45,48,59,61,64,89,91" m="14607" machi="21" ten="30,3900,0" yaku="8,1,52,2" doraHai="86" who="0" fromWho="2" sc="562,42,181,0,23,-42,234,0" owari="604,70.4,181,-21.9,-19,-51.9,234,3.4" /></mjloggm>