<mjloggm ver="2.3"><GO type="169" lobby="0"/><UN n0="%43%4F%45%44%4F%E7%B7%91" n1="%E3%81%8B%E3%81%AA%E3%81%8D%E3%83%BC" n2="%E3%83%9F%E3%83%84%E3%83%8F%E3%82%B7%E3%82%A2%E3%82%B9%E3%83%9E" n3="%E7%B1%B3%E3%81%BC%E3%81%86%E3%82%84%E3%81%8F%E3%82%93" dan="18,17,16,16" rate="2199.73,2225.98,2047.30,2178.08" sx="F,F,M,M"/><TAIKYOKU oya="0"/><INIT seed="0,0,0,3,0,11" ten="250,250,250,250" oya="0" hai0="102,117,26,25,95,107,36,133,35,12,0,57,120" hai1="58,38,126,76,4,99,88,27,55,97,42,113,32" hai2="81,121,135,18,124,116,68,67,29,41,82,130,15" hai3="8,45,85,98,43,89,40,34,125,74,14,23,75"/><T56/><D117/><U47/><E126/><V59/><F121/><W66/><G34/><T132/><D120/><U50/><E113/><V94/><F124/><W105/><G125/><T10/><D0/><U64/><E76/><V127/><F127/><W37/><G66/><T84/><D36/><U83/><E4/><V2/><F2/><W115/><G115/><T70/><D70/><U86/><REACH who="1" step="1"/><E64/><REACH who="1" ten="250,240,250,250" step="2"/><V3/><F67/><W7/><G7/><T72/><D133/><U79/><E79/><V93/><F116/><W118/><G118/><T48/><D132/><U114/><E114/><V71/><F135/><W53/><G75/><T21/><D72/><U122/><E122/><V61/><F130/><W87/><G74/><T62/><D35/><U90/><E90/><V128/><F128/><W112/><G89/><T92/><D102/><U108/><E108/><V80/><F71/><W60/><G112/><T111/><D111/><U9/><E9/><V91/><F68/><W131/><G8/><T63/><D10/><U17/><E17/><V106/><F91/><W78/><G78/><T73/><D73/><U44/><E44/><V28/><F18/><W77/><G45/><T103/><D103/><U52/><E52/><V13/><F29/><AGARI ba="0,1" hai="27,29,32,38,42,47,50,55,58,83,86,88,97,99" machi="29" ten="40,2600,0" yaku="1,1,54,1,53,0" doraHai="11" doraHaiUra="5" who="1" fromWho="2" sc="250,0,240,36,250,-26,250,0" /><INIT seed="1,0,0,4,4,14" ten="250,276,224,250" oya="1" hai0="44,101,20,77,63,8,103,76,36,135,132,69,84" hai1="24,5,53,40,61,102,90,32,80,97,58,23,35" hai2="49,116,120,15,50,128,60,121,105,68,54,29,86" hai3="126,71,123,7,112,109,17,45,52,65,22,133,56"/><U59/><E40/><V2/><F2/><W131/><G123/><T3/><D20/><U67/><E5/><V114/><F116/><W19/><G112/><T34/><D34/><U57/><E90/><V43/><F105/><W28/><G109/><T9/><D44/><U93/><E80/><V95/><F114/><W113/><G113/><T25/><D25/><U4/><E4/><V72/><F72/><W83/><G71/><T70/><D63/><U99/><E99/><V88/><F128/><W108/><G108/><T38/><D84/><U26/><E26/><V107/><F107/><W12/><G126/><T30/><D30/><U89/><E89/><V134/><F134/><W1/><G133/><T6/><D6/><U91/><E91/><V124/><F124/><W73/><G131/><T41/><D41/><U42/><E42/><V106/><F106/><W13/><G28/><T27/><D27/><U47/><E47/><V129/><F129/><W92/><G92/><T82/><D82/><U130/><E130/><V111/><F111/><W78/><G7/><T37/><REACH who="0" step="1"/><D38/><REACH who="0" ten="240,276,224,250" step="2"/><U100/><E35/><V64/><F121/><W62/><G45/><T39/><D39/><U110/><E32/><V51/><F120/><W55/><REACH who="3" step="1"/><G1/><AGARI ba="0,1" hai="1,3,8,9,36,37,69,70,76,77,101,103,132,135" machi="1" ten="25,3200,0" yaku="1,1,22,2,53,0" doraHai="14" doraHaiUra="117" who="0" fromWho="3" sc="240,42,276,0,224,0,250,-32" /><INIT seed="2,0,0,0,1,44" ten="282,276,224,218" oya="2" hai0="14,51,127,134,49,124,34,22,0,64,31,38,26" hai1="129,60,58,43,118,21,135,1,46,100,68,36,121" hai2="27,97,86,81,12,117,7,37,15,95,65,48,8" hai3="33,79,50,16,106,24,88,112,92,73,72,85,29"/><V111/><F117/><W109/><G109/><T40/><D0/><U80/><E118/><V82/><F37/><W133/><G133/><T87/><D134/><U20/><E135/><V2/><F111/><W120/><G120/><T45/><D64/><U17/><E129/><V63/><F27/><W42/><G106/><T59/><D87/><U39/><E121/><V122/><F122/><W125/><G125/><N who="0" m="48203" /><D59/><U74/><E1/><V104/><F104/><W32/><G32/><T119/><D119/><U10/><E68/><V23/><F23/><W90/><G79/><T83/><D83/><U77/><E100/><V101/><F81/><W131/><G131/><T98/><D98/><U66/><E36/><V96/><F96/><W132/><G132/><T30/><D30/><U62/><E62/><V47/><F63/><W76/><G76/><T105/><D105/><U9/><REACH who="1" step="1"/><E21/><REACH who="1" ten="282,266,224,218" step="2"/><V19/><F65/><W84/><G112/><T55/><D38/><U91/><E91/><V78/><REACH who="2" step="1"/><F19/><REACH who="2" ten="282,266,214,218" step="2"/><W103/><G16/><T107/><D22/><U52/><E52/><AGARI ba="0,2" hai="2,7,8,12,15,47,48,52,78,82,86,95,97,101" machi="52" ten="30,12000,1" yaku="1,1,2,1,7,1,52,1,54,1,53,0" doraHai="44" doraHaiUra="71" who="2" fromWho="1" sc="282,0,266,-120,214,140,218,0" /><INIT seed="2,1,0,1,4,6" ten="282,146,354,218" oya="2" hai0="10,48,62,131,80,8,0,79,126,83,77,104,5" hai1="22,23,12,74,43,42,99,119,84,53,103,82,58" hai2="124,26,4,93,109,50,73,1,40,134,94,35,87" hai3="69,19,3,31,75,15,39,133,21,90,65,2,41"/><V108/><F124/><W45/><G75/><T67/><D104/><U25/><E119/><V128/><F73/><W125/><G125/><T120/><D126/><U102/><E74/><V29/><F128/><W46/><G133/><T88/><D120/><U122/><E122/><V91/><F134/><W11/><G69/><T60/><D131/><U24/><E23/><V116/><F116/><W18/><G65/><T16/><D48/><U33/><E25/><V89/><F50/><W32/><G31/><T13/><D62/><U101/><E99/><V52/><F40/><W107/><G107/><T114/><D114/><U14/><E33/><V51/><F4/><W34/><G46/><T135/><D135/><U97/><E97/><V76/><F76/><W121/><G121/><T95/><D79/><U37/><E37/><V17/><F17/><W106/><G106/><T27/><D27/><U123/><E123/><V112/><F1/><W100/><G100/><T49/><D49/><N who="1" m="31023" /><E43/><V115/><F115/><W129/><G129/><T59/><D77/><N who="1" m="46159" /><E42/><V38/><F38/><W92/><G3/><T98/><AGARI ba="1,0" hai="0,5,8,10,13,16,59,60,67,80,83,88,95,98" machi="98" ten="20,12000,2" yaku="0,1,7,1,52,2,54,2" doraHai="6" who="0" fromWho="0" sc="282,123,146,-31,354,-61,218,-31" /><INIT seed="3,0,0,0,3,15" ten="405,115,293,187" oya="3" hai0="86,40,135,105,42,96,81,110,67,10,84,9,60" hai1="124,30,87,16,79,19,52,21,47,35,82,65,26" hai2="112,13,46,37,126,78,102,122,31,45,101,53,109" hai3="5,58,103,63,2,131,4,11,75,88,120,70,80"/><W33/><G120/><T54/><D110/><U24/><E124/><V68/><F109/><W106/><G33/><T12/><D135/><U56/><E47/><V85/><F68/><W113/><G113/><T133/><D133/><U1/><E1/><V119/><F112/><W92/><G131/><T117/><D117/><U41/><E41/><V22/><F119/><W97/><G5/><T44/><D9/><U57/><E65/><V115/><F115/><W114/><G70/><T100/><D54/><U127/><E127/><V83/><F122/><W50/><G50/><T36/><D81/><U93/><E93/><V55/><F45/><W20/><G114/><T14/><D14/><U64/><E64/><V111/><F111/><W61/><G20/><T49/><D42/><U71/><E71/><V99/><F102/><W69/><G69/><T107/><D107/><U128/><E128/><V7/><F7/><W94/><G58/><T125/><D125/><U104/><E104/><V59/><F59/><W51/><G51/><T89/><D49/><U91/><E79/><V77/><F77/><N who="3" m="44095" /><G94/><T38/><D38/><U6/><E6/><V18/><F31/><W23/><G23/><T48/><D36/><U130/><E130/><V27/><F27/><W98/><G98/><N who="0" m="61591" /><D60/><U34/><E34/><V121/><F121/><W17/><G17/><N who="1" m="6730" /><E52/><V118/><F118/><W90/><G106/><T134/><D67/><U29/><E35/><V123/><F123/><W108/><G108/><T8/><D44/><U72/><E72/><V43/><F126/><W73/><G73/><T132/><D132/><RYUUKYOKU ba="0,0" sc="405,-30,115,10,293,10,187,10" hai1="21,24,26,29,30,56,57,82,87,91" hai2="13,18,22,37,43,46,53,55,78,83,85,99,101" hai3="2,4,11,61,63,88,90,92,97,103" /><INIT seed="3,1,0,4,1,58" ten="375,125,303,197" oya="3" hai0="56,0,21,119,88,127,11,16,60,87,44,29,116" hai1="90,7,133,50,128,2,4,89,27,39,120,122,9" hai2="91,34,41,52,109,134,104,23,38,106,70,54,83" hai3="30,111,36,13,84,117,18,92,10,59,130,76,69"/><W114/><G114/><T55/><D127/><U51/><E39/><V12/><F34/><W25/><G117/><T5/><D44/><U72/><E72/><V61/><F109/><W96/><G69/><T26/><REACH who="0" step="1"/><D29/><REACH who="0" ten="365,125,303,197" step="2"/><U110/><E120/><V48/><F134/><W101/><G111/><T99/><D99/><U93/><E122/><V37/><F37/><W86/><G36/><T74/><D74/><U123/><E123/><V42/><F38/><W28/><G28/><T20/><D20/><U105/><E133/><V124/><F23/><W82/><G130/><T65/><D65/><U102/><E128/><V8/><F124/><W115/><G115/><T3/><D3/><U57/><E2/><V43/><F8/><W85/><REACH who="3" step="1"/><G59/><REACH who="3" ten="365,125,303,187" step="2"/><T129/><D129/><U32/><E57/><V78/><F70/><W31/><G31/><T113/><D113/><U67/><E110/><V135/><F135/><W125/><G125/><T46/><D46/><U45/><E45/><V71/><F71/><W95/><G95/><AGARI ba="1,2" hai="0,5,11,16,21,26,55,56,60,87,88,95,116,119" machi="95" ten="30,8000,1" yaku="1,1,7,1,52,1,54,2,53,0" doraHai="58" doraHaiUra="100" who="0" fromWho="3" sc="365,103,125,0,303,0,187,-83" /><INIT seed="4,0,0,2,0,105" ten="468,125,303,104" oya="0" hai0="127,7,67,89,95,9,100,112,13,44,58,85,130" hai1="21,102,31,92,80,79,122,17,22,128,132,98,96" hai2="109,104,116,90,36,16,106,101,38,43,41,3,2" hai3="117,63,30,45,82,10,91,108,113,64,52,59,5"/><T26/><D112/><U23/><E122/><V111/><F116/><W12/><G108/><T18/><D127/><U51/><E128/><V39/><F90/><W8/><G113/><T32/><D130/><U77/><E132/><V126/><F101/><W34/><G117/><T28/><D100/><U0/><E0/><V65/><F65/><W71/><G34/><T129/><D129/><U83/><E31/><V1/><F126/><W93/><G30/><T54/><D67/><U131/><E131/><V86/><F86/><W84/><G10/><T73/><D44/><U107/><E51/><V25/><F25/><W29/><G29/><T61/><REACH who="0" step="1"/><D73/><REACH who="0" ten="458,125,303,104" step="2"/><U134/><E134/><V81/><F109/><W76/><G45/><T47/><D47/><U115/><E115/><V57/><F111/><W27/><G27/><T135/><D135/><U88/><E102/><V53/><F106/><W50/><REACH who="3" step="1"/><G76/><REACH who="3" ten="458,125,303,94" step="2"/><T6/><AGARI ba="0,2" hai="6,7,9,13,18,26,28,32,54,58,61,85,89,95" machi="6" ten="30,6000,0" yaku="1,1,0,1,53,1" doraHai="105" doraHaiUra="14" who="0" fromWho="0" sc="458,80,125,-20,303,-20,94,-20" /><INIT seed="4,1,0,4,4,77" ten="538,105,283,74" oya="0" hai0="124,98,59,102,131,120,94,109,44,42,68,83,22" hai1="60,53,129,104,51,71,115,86,101,24,80,5,21" hai2="34,67,50,31,15,105,87,29,119,37,125,35,118" hai3="130,16,17,52,81,76,23,0,70,82,122,49,30"/><T2/><D120/><U75/><E129/><V33/><F37/><W126/><G130/><T84/><D68/><U9/><E75/><V54/><F105/><W73/><G122/><T56/><D131/><U14/><E104/><V72/><F72/><W41/><G0/><T127/><D2/><U64/><E101/><V128/><F128/><W1/><G1/><T95/><D95/><U32/><E32/><V117/><F67/><W25/><G70/><T43/><D109/><U92/><E92/><V135/><F135/><W19/><G126/><N who="0" m="48171" /><D22/><U89/><E115/><V55/><F125/><W10/><G82/><T103/><D102/><U113/><E113/><V100/><F100/><W78/><G78/><N who="0" m="46199" /><D42/><U79/><E79/><V20/><F87/><W61/><G61/><T45/><D44/><U85/><E85/><V108/><F108/><W132/><G132/><T3/><D3/><U58/><E21/><V116/><F116/><W47/><REACH who="3" step="1"/><G41/><REACH who="3" ten="538,105,283,64" step="2"/><T65/><D65/><U38/><E71/><V106/><F118/><W134/><G134/><T133/><D133/><U111/><E64/><V18/><F119/><W99/><G99/><T96/><D98/><U121/><E111/><V91/><F117/><W88/><G88/><T40/><D43/><U27/><E121/><V123/><F123/><W90/><G90/><T48/><AGARI ba="1,1" hai="40,45,48,56,59,94,96,103" m="46199,48171" machi="48" ten="30,3000,0" yaku="18,1,52,1" doraHai="77" who="0" fromWho="0" sc="538,43,105,-11,283,-11,64,-11" /><INIT seed="4,2,0,4,5,74" ten="581,94,272,53" oya="0" hai0="59,45,118,25,18,125,8,116,10,132,135,44,79" hai1="91,40,57,75,55,112,90,93,62,73,58,48,80" hai2="31,24,6,70,110,130,12,117,72,108,119,76,35" hai3="101,61,14,47,42,46,77,0,103,22,133,71,98"/><T102/><D102/><U106/><E106/><V127/><F70/><W54/><G0/><T99/><D99/><U78/><E112/><V15/><F76/><W21/><G133/><N who="0" m="51275" /><D79/><U17/><E73/><V27/><F72/><W36/><G103/><T107/><D107/><U88/><E17/><V126/><F130/><W68/><G77/><T7/><D59/><U96/><REACH who="1" step="1"/><E40/><REACH who="1" ten="581,84,272,53" step="2"/><V86/><F110/><W128/><G42/><T63/><D18/><U41/><E41/><V115/><F108/><W49/><G128/><T20/><D118/><U83/><E83/><V4/><F115/><W50/><G36/><T97/><D116/><U109/><E109/><V33/><F31/><W66/><G71/><T11/><D7/><U69/><E69/><V105/><F105/><W64/><G68/><T89/><D10/><U65/><AGARI ba="2,1" hai="48,55,57,58,62,65,75,78,80,88,90,91,93,96" machi="65" ten="20,12000,2" yaku="1,1,0,1,7,1,52,1,54,1,53,2" doraHai="74" doraHaiUra="53" who="1" fromWho="1" sc="581,-62,84,136,272,-32,53,-32" /><INIT seed="5,0,0,5,2,58" ten="519,220,240,21" oya="1" hai0="86,69,24,77,110,96,50,68,25,3,80,83,59" hai1="7,132,122,39,72,32,74,92,46,15,45,79,34" hai2="27,31,75,131,33,52,21,100,113,18,66,20,91" hai3="55,30,47,63,120,115,35,1,81,107,111,37,28"/><U5/><E122/><V4/><F131/><W114/><G120/><T38/><D3/><U104/><E104/><V124/><F75/><W87/><G111/><T23/><D38/><U10/><E132/><V70/><F124/><W42/><G1/><T118/><D118/><U133/><E133/><V41/><F41/><W44/><G107/><T95/><D110/><U6/><E39/><V135/><F135/><W82/><G82/><T8/><D8/><U123/><E123/><V97/><F4/><W121/><G121/><T89/><D25/><U14/><E5/><V48/><F91/><W17/><G17/><T12/><D12/><U76/><REACH who="1" step="1"/><E92/><REACH who="1" ten="519,210,240,21" step="2"/><V57/><F113/><N who="3" m="43019" /><G35/><T60/><D95/><U56/><E56/><V109/><F109/><W117/><G117/><T78/><D59/><U71/><E71/><V126/><F126/><W61/><G47/><T116/><D69/><U65/><E65/><V101/><F18/><W112/><G112/><T105/><D68/><U84/><E84/><V43/><F66/><W73/><G73/><T119/><D105/><U51/><E51/><V62/><F70/><W125/><G125/><T94/><D50/><U0/><E0/><V127/><F127/><W128/><G128/><T106/><D106/><U130/><E130/><V29/><F33/><W40/><G37/><T99/><D119/><U36/><E36/><V2/><F2/><W129/><G129/><T53/><D116/><U90/><E90/><V16/><F16/><W88/><G88/><N who="0" m="51271" /><D94/><U13/><E13/><V19/><F19/><W103/><G87/><N who="0" m="48623" /><D89/><U26/><E26/><RYUUKYOKU ba="0,1" sc="519,-10,210,30,240,-10,21,-10" hai1="6,7,10,14,15,32,34,45,46,72,74,76,79" /><INIT seed="5,1,1,3,1,53" ten="509,240,230,11" oya="1" hai0="47,116,101,1,88,127,5,90,115,44,113,55,133" hai1="7,21,40,78,8,67,58,99,52,26,30,46,71" hai2="62,91,69,51,2,6,104,76,108,83,16,77,38" hai3="9,102,66,87,48,114,125,36,15,79,0,122,14"/><U131/><E131/><V132/><F108/><W85/><G122/><T117/><D101/><U28/><E78/><V22/><F104/><W74/><G36/><T42/><D127/><U84/><E84/><V18/><F38/><W126/><G74/><T106/><D106/><U29/><E99/><V92/><F132/><W72/><G72/><T33/><D33/><U3/><E67/><V95/><F2/><W119/><G0/><T100/><D100/><U86/><E86/><N who="3" m="32778" /><G79/><T94/><D133/><U56/><E71/><V12/><F6/><W32/><G32/><T49/><D5/><U98/><E98/><V37/><F37/><W19/><G114/><N who="0" m="43531" /><D1/><U105/><E105/><V4/><F4/><W10/><G102/><T23/><D23/><U17/><REACH who="1" step="1"/><E52/><REACH who="1" ten="509,230,230,11" step="2"/><V121/><F77/><W34/><G66/><T123/><D55/><U65/><E65/><V73/><F69/><W54/><G126/><T61/><D94/><U75/><E75/><V63/><F92/><W45/><G125/><T111/><D116/><U31/><N who="1" m="7168" /><DORA hai="57" /><U13/><E13/><V129/><F129/><W41/><G119/><T60/><D117/><U39/><AGARI ba="1,2" hai="3,7,8,17,21,26,39,40,46,56,58" m="7168" machi="39" ten="40,24000,3" yaku="1,1,0,1,52,2,53,4" doraHai="53,57" doraHaiUra="89,24" who="1" fromWho="1" sc="509,-81,230,263,230,-81,11,-81" owari="428,22.8,493,59.3,149,-25.1,-70,-57.0" /></mjloggm>