<mjloggm ver="2.3"><GO type="169" lobby="0"/><UN n0="%E3%81%AF%E3%81%9F%E3%82%86%E3%81%86" n1="%E7%89%A7%E5%A0%B4%E3%81%AE%E5%B0%8F%E5%A5%B3" n2="%70%61%6E%30%39%30%37" n3="%E2%91%A3%E3%82%BB%E3%83%B3%E3%83%81" dan="16,17,17,18" rate="2150.52,2176.59,2192.23,2272.70" sx="M,F,M,M"/><TAIKYOKU oya="0"/><INIT seed="0,0,0,4,0,1" ten="250,250,250,250" oya="0" hai0="78,42,115,60,31,89,40,70,122,108,114,25,24" hai1="41,20,118,15,129,85,119,3,130,30,16,120,79" hai2="44,2,98,65,101,48,47,5,69,92,38,86,90" hai3="10,74,13,117,21,127,12,59,34,80,63,55,99"/><T125/><D122/><U46/><E120/><V83/><F38/><W57/><G34/><T33/><D125/><U93/><E30/><V43/><F44/><W88/><G117/><T67/><D25/><U100/><E3/><V116/><F116/><W4/><G74/><T7/><D108/><U82/><E100/><V37/><F37/><W54/><G127/><T58/><D78/><U133/><E133/><V17/><F17/><N who="3" m="10415" /><G99/><T96/><D58/><N who="3" m="22025" /><G63/><T66/><D66/><U11/><E93/><V112/><F112/><W71/><G71/><T56/><D56/><U76/><E76/><V135/><F135/><W77/><G77/><T97/><D97/><U68/><E68/><V102/><F65/><W53/><G53/><T75/><D75/><U134/><E134/><V51/><F51/><W64/><G64/><T0/><D42/><U123/><E123/><V35/><F35/><W49/><G49/><T132/><D40/><U109/><E109/><V111/><F69/><W45/><G45/><T32/><D32/><U94/><E94/><V8/><REACH who="2" step="1"/><F111/><REACH who="2" ten="250,250,240,250" step="2"/><W73/><G73/><T87/><D132/><U131/><REACH who="1" step="1"/><E20/><REACH who="1" ten="250,240,240,250" step="2"/><V106/><F106/><W36/><G36/><AGARI ba="0,2" hai="11,15,16,36,41,46,79,82,85,118,119,129,130,131" machi="36" ten="40,8000,1" yaku="1,1,2,1,19,1,54,1,53,0" doraHai="1" doraHaiUra="18" who="1" fromWho="3" sc="250,0,240,100,240,0,250,-80" /><INIT seed="1,0,0,2,5,43" ten="250,340,240,170" oya="1" hai0="31,98,106,64,117,62,55,46,102,75,42,30,53" hai1="96,73,6,76,128,100,32,40,122,61,29,63,54" hai2="80,16,33,7,56,12,4,39,60,105,3,20,111" hai3="116,28,13,26,65,108,21,92,82,50,27,99,79"/><U83/><E122/><V68/><F68/><W35/><G108/><T18/><D117/><U127/><E128/><V11/><F111/><W90/><G116/><T131/><D75/><U71/><E127/><V120/><F120/><W37/><G37/><T109/><D109/><U95/><E6/><V107/><F39/><W94/><G65/><T66/><D18/><U19/><E19/><V78/><F33/><W129/><G129/><T9/><D9/><U67/><E40/><V8/><F56/><W85/><G13/><T1/><D66/><U113/><E113/><V44/><F44/><W70/><G70/><T123/><D1/><U59/><REACH who="1" step="1"/><E29/><REACH who="1" ten="250,330,240,170" step="2"/><V101/><F7/><W134/><G28/><T135/><D123/><U49/><E49/><V104/><F4/><W22/><G50/><T110/><D131/><U10/><E10/><V126/><F11/><W45/><G27/><T118/><D118/><U41/><E41/><V17/><F17/><W34/><G26/><T77/><D31/><U47/><E47/><V130/><F8/><W38/><G45/><T52/><D30/><U133/><E133/><V72/><F126/><W5/><G5/><T25/><D135/><U74/><E74/><V93/><F130/><W103/><G38/><T91/><D25/><U87/><E87/><V132/><F132/><W86/><G134/><T89/><D110/><U125/><E125/><V88/><F3/><W23/><AGARI ba="0,1" hai="21,22,23,34,35,79,82,85,86,90,92,94,99,103" machi="23" ten="30,1100,0" yaku="0,1" doraHai="43" who="3" fromWho="3" sc="250,-3,330,-5,240,-3,170,21" /><INIT seed="2,0,0,3,4,56" ten="247,325,237,191" oya="2" hai0="69,30,11,107,110,38,104,74,78,16,1,94,0" hai1="48,73,54,85,46,129,93,108,106,7,118,76,84" hai2="86,3,25,6,130,10,100,72,135,63,82,28,4" hai3="83,50,18,62,44,35,112,120,37,122,77,81,49"/><V65/><F72/><W29/><G37/><T75/><D110/><U134/><E106/><V47/><F135/><W21/><G112/><T113/><D113/><U126/><E108/><V64/><F64/><W117/><G117/><T71/><D38/><U97/><E134/><V90/><F130/><W66/><G29/><T17/><D30/><U105/><E105/><V109/><F109/><W9/><G35/><T95/><D78/><U51/><E129/><V55/><F100/><W96/><G9/><AGARI ba="0,0" hai="0,1,9,11,16,17,69,71,74,75,94,95,104,107" machi="9" ten="25,3200,0" yaku="22,2,54,1" doraHai="56" who="0" fromWho="3" sc="247,32,325,0,237,0,191,-32" /><INIT seed="3,0,0,1,0,41" ten="279,325,237,159" oya="3" hai0="22,108,110,68,109,8,100,24,45,126,104,26,114" hai1="52,23,80,16,92,3,112,135,115,36,44,107,72" hai2="123,87,105,96,32,117,111,54,127,42,34,60,76" hai3="5,53,29,38,75,85,95,120,91,130,65,62,116"/><W19/><G116/><T18/><D68/><U64/><E107/><V49/><F111/><W15/><G120/><T25/><D126/><U31/><E3/><V98/><F127/><W10/><G75/><T47/><D114/><U99/><E64/><V66/><F42/><W20/><G130/><T94/><D8/><U84/><E72/><V28/><F117/><W88/><G38/><T113/><D104/><U83/><E31/><V79/><F79/><W89/><G29/><T69/><D69/><U122/><E122/><V118/><F118/><W121/><G53/><T50/><D50/><U73/><E73/><V102/><F98/><W12/><REACH who="3" step="1"/><G121/><REACH who="3" ten="279,325,237,149" step="2"/><T9/><D113/><U57/><E115/><V39/><F39/><W14/><G14/><N who="0" m="9559" /><D9/><U70/><E112/><V124/><F123/><W1/><G1/><T133/><D133/><U63/><E52/><V106/><F124/><W13/><G13/><T59/><D59/><AGARI ba="0,1" hai="5,10,12,15,19,20,59,62,65,85,88,89,91,95" machi="59" ten="30,11600,0" yaku="1,1,7,1,8,1,54,1,53,0" doraHai="41" doraHaiUra="27" who="3" fromWho="0" sc="279,-116,325,0,237,0,149,126" /><INIT seed="3,1,0,0,5,127" ten="163,325,237,275" oya="3" hai0="99,130,128,97,53,83,43,114,32,80,39,21,94" hai1="95,46,89,79,38,116,35,61,10,87,117,7,66" hai2="100,50,63,133,77,109,42,131,68,64,45,69,52" hai3="106,88,60,16,18,23,36,22,6,126,110,4,12"/><W86/><G106/><T84/><D32/><U58/><E35/><V72/><F100/><W112/><G112/><T101/><D39/><U85/><E79/><V13/><F109/><W102/><G36/><T132/><D43/><U30/><E30/><V82/><F133/><W119/><G119/><N who="1" m="45642" /><E46/><V20/><F131/><N who="0" m="50218" /><D132/><U27/><E27/><V67/><F42/><W57/><G102/><N who="0" m="60727" /><D114/><U28/><E28/><V93/><F93/><N who="3" m="54423" /><G126/><T118/><D118/><U0/><E38/><V31/><F31/><W47/><G47/><T41/><D41/><U33/><E33/><V56/><REACH who="2" step="1"/><F64/><REACH who="2" ten="163,325,227,275" step="2"/><N who="3" m="38927" /><G110/><T113/><D113/><U75/><E75/><V81/><F81/><W125/><G125/><T105/><D53/><U74/><E74/><V104/><F104/><W17/><G17/><AGARI ba="1,1" hai="13,17,20,45,50,52,56,63,67,68,69,72,77,82" machi="17" ten="40,5200,0" yaku="1,1,54,1,53,1" doraHai="127" doraHaiUra="14" who="2" fromWho="3" sc="163,0,325,0,227,65,275,-55" /><INIT seed="4,0,0,5,1,67" ten="163,325,292,220" oya="0" hai0="19,22,61,82,98,111,77,18,41,6,44,99,4" hai1="125,43,91,11,78,116,55,71,115,33,126,103,74" hai2="1,20,104,108,2,9,100,112,32,117,29,133,75" hai3="64,76,128,31,13,130,124,34,26,86,59,62,102"/><T106/><D106/><U83/><E33/><V72/><F108/><W42/><G124/><T80/><D61/><U129/><E43/><V54/><F112/><W35/><G42/><T70/><D70/><U131/><E55/><V120/><F120/><W48/><G35/><T39/><D111/><U16/><E116/><V118/><F133/><W109/><G109/><T87/><D19/><U101/><E71/><V89/><F89/><W122/><G122/><T7/><REACH who="0" step="1"/><D80/><REACH who="0" ten="153,325,292,220" step="2"/><U94/><E115/><V84/><F104/><W90/><G62/><T58/><D58/><U73/><E126/><V25/><F118/><W85/><G59/><T40/><D40/><U5/><E125/><V17/><F17/><W63/><G63/><T36/><D36/><U57/><E57/><V56/><F117/><W121/><G121/><T46/><D46/><U49/><E16/><V21/><F56/><W69/><G69/><T119/><D119/><U30/><E49/><V110/><F110/><W135/><G48/><T60/><D60/><U81/><E81/><V50/><F50/><W10/><G64/><T107/><D107/><U114/><E114/><V51/><F51/><W12/><G135/><T24/><AGARI ba="0,1" hai="4,6,7,18,22,24,39,41,44,77,82,87,98,99" machi="24" ten="30,6000,0" yaku="1,1,0,1,53,1" doraHai="67" doraHaiUra="38" who="0" fromWho="0" sc="153,70,325,-20,292,-20,220,-20" /><INIT seed="4,1,0,1,3,63" ten="223,305,272,200" oya="0" hai0="33,24,103,57,81,111,95,68,56,62,128,109,25" hai1="114,82,98,52,59,41,54,90,44,94,35,43,133" hai2="121,49,27,83,14,19,88,73,9,4,11,125,120" hai3="117,29,134,7,108,84,17,22,70,61,96,131,115"/><T89/><D103/><U127/><E35/><V119/><F125/><W26/><G108/><N who="0" m="41547" /><D128/><U32/><E32/><V53/><F119/><W10/><G117/><T102/><D102/><U124/><E133/><V39/><F39/><W2/><G134/><T78/><D68/><U116/><E116/><V74/><F74/><W5/><G131/><T104/><D104/><U3/><E3/><V99/><F73/><W106/><G115/><T101/><D101/><U72/><E114/><V21/><F11/><W48/><G96/><N who="0" m="57455" /><D56/><U36/><E41/><V122/><F99/><W1/><G106/><T107/><D33/><U46/><E44/><V37/><F37/><W51/><G84/><N who="0" m="48183" /><D107/><U92/><E92/><V31/><F83/><W113/><G113/><T30/><D30/><U60/><E72/><V67/><F31/><W12/><G2/><T118/><D118/><U79/><E82/><V15/><F120/><W55/><G7/><T130/><D130/><U38/><E79/><V91/><F122/><W20/><G70/><T123/><D123/><U129/><E129/><V8/><F121/><W112/><G112/><T76/><D76/><U85/><E98/><V64/><F91/><W110/><G110/><T80/><D80/><U16/><E38/><V86/><F86/><W69/><G69/><T135/><D135/><U45/><E127/><V87/><F88/><W126/><G126/><T97/><D97/><U0/><E124/><V42/><F87/><W47/><G47/><T105/><D105/><U71/><E36/><V18/><F42/><W77/><G77/><T50/><D50/><RYUUKYOKU ba="1,0" sc="223,10,305,-30,272,10,200,10" hai0="24,25,57,62" hai2="4,8,9,14,15,18,19,21,27,49,53,64,67" hai3="1,5,10,12,17,20,22,26,29,48,51,55,61" /><INIT seed="4,2,0,4,3,62" ten="233,275,282,210" oya="0" hai0="29,107,134,38,125,16,70,33,128,93,126,88,30" hai1="122,19,97,58,123,113,69,1,131,5,83,110,54" hai2="47,51,92,75,84,22,117,41,17,9,44,114,6" hai3="40,20,27,67,64,10,76,121,85,49,61,72,90"/><T50/><D38/><U55/><E69/><V26/><F75/><W0/><G72/><T15/><D107/><U124/><E110/><V82/><F114/><W112/><G76/><T78/><D78/><U130/><E113/><V95/><F117/><W127/><G112/><T23/><D134/><U7/><E97/><V14/><REACH who="2" step="1"/><F44/><REACH who="2" ten="233,275,272,210" step="2"/><N who="3" m="25735" /><G121/><T79/><D128/><U101/><E122/><V42/><F42/><W104/><G127/><T53/><D126/><U119/><E123/><V11/><F11/><W106/><G106/><T60/><D125/><U118/><E124/><V37/><F37/><W81/><G104/><T46/><D33/><U91/><E119/><V99/><F99/><W96/><G96/><T129/><D129/><U32/><E32/><V65/><F65/><N who="3" m="25163" /><G0/><T115/><D115/><U24/><E118/><V116/><F116/><W3/><G3/><T45/><D70/><U77/><E131/><V35/><F35/><W94/><G10/><T31/><D79/><AGARI ba="2,1" hai="6,9,14,17,22,26,41,47,51,79,82,84,92,95" machi="79" ten="30,8000,1" yaku="1,1,7,1,25,2,8,1,53,0" doraHai="62" doraHaiUra="57" who="2" fromWho="0" sc="233,-86,275,0,272,96,210,0" /><INIT seed="5,0,0,2,4,66" ten="147,275,368,210" oya="1" hai0="52,97,98,15,44,130,94,105,125,67,111,93,132" hai1="55,90,24,73,9,50,102,54,133,49,32,81,63" hai2="20,19,85,82,25,118,62,107,41,78,83,36,64" hai3="34,14,72,26,10,87,121,11,8,114,112,76,42"/><U129/><E102/><V86/><F118/><W60/><G72/><T134/><D111/><U80/><E133/><V38/><F41/><W21/><G42/><T88/><D67/><U37/><E37/><V40/><F40/><W91/><G76/><T99/><D130/><U74/><E9/><V18/><F18/><W13/><G60/><T106/><D15/><N who="3" m="5641" /><G87/><N who="0" m="52383" /><D52/><U65/><E24/><V115/><F115/><N who="3" m="44075" /><G91/><T59/><D59/><U2/><E32/><V127/><F127/><W135/><G121/><T75/><D44/><U100/><E2/><V46/><F46/><W79/><G79/><T117/><D117/><U3/><E3/><V116/><F107/><N who="0" m="40970" /><D125/><U43/><E43/><V95/><F116/><W23/><G135/><N who="0" m="51755" /><D75/><U31/><E54/><V1/><F1/><W45/><G45/><T16/><D16/><U101/><E55/><V77/><F38/><W0/><G0/><T47/><D47/><U108/><E65/><V92/><F36/><W120/><G120/><T119/><D119/><U57/><E57/><AGARI ba="0,0" hai="19,20,25,57,62,64,77,78,82,83,85,86,92,95" machi="57" ten="30,3900,0" yaku="7,1,9,1,8,1" doraHai="66" who="2" fromWho="1" sc="147,0,275,-39,368,39,210,0" /><INIT seed="6,0,0,5,2,26" ten="147,236,407,210" oya="2" hai0="56,122,84,35,114,133,132,21,55,120,20,123,17" hai1="67,60,57,53,111,46,28,128,130,68,25,115,134" hai2="1,109,27,24,124,39,19,125,79,44,74,135,72" hai3="10,31,66,75,129,92,113,62,69,32,100,36,38"/><V102/><F135/><W80/><G129/><N who="1" m="49770" /><E115/><V104/><F1/><W81/><G81/><T96/><D35/><N who="1" m="20879" /><E134/><V8/><F109/><W48/><G48/><T50/><D114/><U40/><E111/><V126/><F24/><N who="3" m="18535" /><G92/><T117/><D117/><U108/><E108/><V33/><F79/><N who="3" m="44159" /><G113/><T76/><D133/><U97/><E97/><N who="2" m="61519" /><F8/><W13/><G13/><T112/><D112/><U88/><E88/><V131/><F131/><W45/><G45/><T71/><D132/><U59/><E53/><V18/><F39/><AGARI ba="0,0" hai="39,40,46,57,59,60,67,68" m="20879,49770" machi="39" ten="30,2000,0" yaku="19,1,52,1" doraHai="26" who="1" fromWho="2" sc="147,0,236,20,407,-20,210,0" /><INIT seed="7,0,0,5,1,89" ten="147,256,387,210" oya="3" hai0="46,39,8,115,40,83,50,14,48,92,59,129,134" hai1="84,24,96,16,19,126,127,116,25,6,47,132,120" hai2="86,122,3,125,33,65,7,49,72,98,133,69,106" hai3="57,17,4,117,61,36,31,110,78,58,102,30,5"/><W23/><G117/><T11/><D134/><U35/><E120/><V85/><F86/><W93/><G36/><T121/><D121/><U77/><E116/><V123/><F85/><W112/><G78/><T128/><D115/><U95/><E6/><N who="3" m="2666" /><G110/><T67/><D83/><N who="1" m="47215" /><E47/><V51/><F33/><W103/><G58/><T0/><D0/><U63/><E63/><V29/><F3/><W26/><G112/><T90/><D39/><U12/><E132/><V131/><F69/><W62/><G62/><T1/><D1/><U64/><E64/><V119/><F65/><N who="3" m="39087" /><G103/><T71/><D71/><U32/><E35/><V81/><F72/><W114/><G114/><T70/><D70/><U91/><E32/><V118/><F118/><W66/><G66/><T99/><D67/><U100/><E100/><V56/><F56/><W130/><G130/><T73/><D73/><U107/><E107/><V55/><F106/><W28/><G17/><N who="1" m="6730" /><E12/><V53/><F131/><W109/><G109/><T21/><D129/><U42/><E42/><V135/><F133/><W76/><G76/><T88/><D128/><U113/><E113/><V34/><F34/><W80/><G80/><T97/><D21/><U10/><E10/><V124/><F81/><W94/><G102/><T43/><D14/><U68/><E68/><V45/><F119/><W38/><G38/><T2/><D2/><U111/><E111/><V37/><F37/><W22/><G26/><T74/><D74/><U20/><E24/><V79/><F122/><W60/><G23/><T15/><D15/><U13/><E13/><V104/><F123/><RYUUKYOKU ba="0,0" sc="147,-10,256,30,387,-10,210,-10" hai1="20,25,91,95,96,126,127" owari="137,-36.3,286,8.6,377,47.7,200,-20.0" /></mjloggm>