<mjloggm ver="2.3"><GO type="169" lobby="0"/><UN n0="%E4%B8%89%E5%B3%B6%E5%85%AB%E9%9B%B2" n1="%E6%A4%9B%E5%8D%97" n2="%E3%81%8A%E3%81%98%E3%81%95%E3%82%93" n3="%E3%83%87%E3%83%A9%E3%82%B3%E3%83%83%E3%82%B3" dan="17,18,17,16" rate="2236.34,2206.93,2222.27,2121.43" sx="M,F,M,M"/><TAIKYOKU oya="0"/><INIT seed="0,0,0,4,3,50" ten="250,250,250,250" oya="0" hai0="69,87,103,93,61,116,35,104,125,71,91,0,57" hai1="82,62,41,30,94,45,76,15,114,74,92,70,122" hai2="84,16,49,129,67,59,65,89,112,95,134,63,26" hai3="2,23,72,107,64,37,128,117,36,109,33,3,127"/><T18/><D116/><U75/><E122/><V68/><F112/><W120/><RYUUKYOKU type="yao9" ba="0,0" sc="250,0,250,0,250,0,250,0" hai3="2,3,23,33,36,37,64,72,107,109,117,120,127,128" /><INIT seed="0,1,0,3,5,1" ten="250,250,250,250" oya="0" hai0="111,2,88,38,87,113,25,17,78,133,79,128,53" hai1="49,97,43,62,50,24,127,123,85,67,124,51,44" hai2="39,94,73,4,105,12,75,117,81,21,16,122,77" hai3="68,74,5,29,55,52,26,135,6,11,95,28,110"/><T89/><D113/><U118/><E97/><V103/><F122/><W13/><G74/><T69/><D38/><N who="1" m="21623" /><E85/><V108/><F108/><W114/><G114/><T72/><D69/><N who="1" m="42231" /><E24/><V121/><F121/><W126/><G68/><T104/><D104/><U125/><E123/><V70/><F70/><W56/><G110/><T19/><D72/><U30/><E30/><N who="3" m="11882" /><G135/><T40/><D111/><U120/><E120/><V59/><F39/><W22/><G126/><T33/><D40/><U64/><E64/><V27/><F117/><AGARI ba="1,0" hai="49,50,51,117,118,124,125,127" m="42231,21623" machi="117" ten="40,5200,0" yaku="18,1,34,2" doraHai="1" who="1" fromWho="2" sc="250,0,250,55,250,-55,250,0" /><INIT seed="1,0,0,1,5,93" ten="250,305,195,250" oya="1" hai0="120,13,1,119,98,116,99,102,79,48,37,91,45" hai1="81,65,40,76,21,72,42,18,130,122,80,71,94" hai2="104,121,77,101,83,24,67,35,133,69,53,95,11" hai3="43,22,112,117,46,26,23,36,39,38,103,20,123"/><U58/><E122/><V125/><F121/><W124/><G123/><T90/><D1/><U55/><E130/><V109/><F109/><W75/><G112/><T88/><D120/><U27/><E71/><V68/><F125/><W100/><G75/><T105/><D37/><U135/><E65/><V15/><F133/><W7/><G124/><T114/><D114/><U61/><E135/><V64/><F104/><W10/><G117/><T34/><D34/><U85/><REACH who="1" step="1"/><E94/><REACH who="1" ten="250,295,195,250" step="2"/><V113/><F69/><W29/><G29/><T5/><D119/><U25/><E25/><V107/><F24/><W8/><G26/><T52/><D116/><U49/><E49/><V16/><F107/><W51/><REACH who="3" step="1"/><G10/><REACH who="3" ten="250,295,195,240" step="2"/><N who="0" m="4303" /><D105/><U62/><E62/><V134/><F134/><W2/><AGARI ba="0,2" hai="2,7,8,20,22,23,36,38,39,43,46,51,100,103" machi="2" ten="40,2700,0" yaku="1,1,0,1,53,0" doraHai="93" doraHaiUra="9" who="3" fromWho="3" sc="250,-7,295,-13,195,-7,240,47" /><INIT seed="2,0,0,3,2,114" ten="243,282,188,287" oya="2" hai0="51,83,5,34,25,39,67,120,134,129,84,75,28" hai1="24,1,118,63,68,79,32,62,59,45,74,57,15" hai2="9,4,36,93,111,26,115,122,42,3,48,0,105" hai3="112,19,77,8,85,117,104,70,106,101,64,82,22"/><V21/><F115/><W49/><G112/><T119/><D120/><U113/><E113/><V128/><F122/><W135/><G135/><T81/><D39/><U30/><E1/><V54/><F105/><W87/><G8/><T17/><D134/><U88/><E68/><V90/><F128/><W53/><G64/><T71/><D129/><U37/><E74/><V66/><F66/><W86/><G70/><T14/><D5/><U107/><E79/><V12/><F36/><W97/><G106/><T131/><D131/><U18/><E118/><V127/><F127/><W11/><G11/><T99/><D75/><U46/><E37/><V132/><F42/><W73/><G117/><T109/><D109/><U126/><E107/><V124/><F124/><W91/><G22/><T110/><D110/><U29/><E29/><V43/><F43/><W56/><REACH who="3" step="1"/><G19/><REACH who="3" ten="243,282,188,277" step="2"/><T61/><D119/><U10/><E126/><V108/><F132/><W35/><G35/><T47/><D17/><U76/><E32/><V94/><F111/><W52/><G52/><T60/><D67/><U103/><E18/><N who="2" m="12599" /><F108/><W100/><G100/><T121/><D34/><U13/><E10/><V40/><F40/><W2/><G2/><T96/><D121/><U27/><E103/><V72/><F0/><W20/><G20/><T31/><D71/><U58/><E30/><V130/><F3/><W33/><G33/><T7/><D31/><U92/><E63/><V102/><F130/><W65/><G65/><T80/><D61/><U78/><E62/><V16/><F16/><W55/><G55/><T41/><D60/><RYUUKYOKU ba="0,1" sc="243,-10,282,-10,188,-10,277,30" hai3="49,53,56,73,77,82,85,86,87,91,97,101,104" /><INIT seed="3,1,1,2,4,67" ten="233,272,178,307" oya="3" hai0="95,39,34,49,41,28,5,98,16,37,115,12,68" hai1="87,134,63,10,54,107,58,110,122,60,127,36,92" hai2="133,7,82,4,23,97,80,43,45,71,93,125,14" hai3="25,88,100,8,106,83,21,96,86,64,84,33,38"/><W48/><G38/><T35/><D115/><U72/><E110/><V52/><F125/><W27/><G33/><T123/><D123/><U46/><E134/><V108/><F108/><W42/><G8/><T103/><D5/><U44/><E107/><V105/><F105/><W102/><G102/><T19/><D19/><U55/><E72/><V47/><F71/><W30/><G27/><T124/><D124/><U20/><E127/><V132/><F4/><W121/><G64/><T66/><D49/><U113/><E10/><N who="2" m="4447" /><F23/><W89/><G121/><T26/><D41/><U70/><E113/><V56/><F43/><W59/><G42/><T40/><D40/><U116/><E116/><V29/><F29/><W1/><G1/><T6/><D6/><U129/><E36/><V111/><F111/><W0/><G0/><T11/><REACH who="0" step="1"/><D34/><REACH who="0" ten="223,272,178,307" step="2"/><U85/><E122/><V2/><F2/><W131/><G48/><T17/><D17/><U76/><E63/><AGARI ba="1,2" hai="11,12,16,26,28,35,37,39,63,66,68,95,98,103" machi="63" ten="40,5200,0" yaku="1,1,52,1,54,1,53,0" doraHai="67" doraHaiUra="118" who="0" fromWho="1" sc="223,75,272,-55,178,0,307,0" /><INIT seed="4,0,0,5,5,60" ten="298,217,178,307" oya="0" hai0="20,5,44,37,29,27,72,10,103,95,80,47,48" hai1="14,112,113,102,99,82,78,34,105,55,114,62,18" hai2="132,19,107,123,30,111,98,8,67,131,96,133,126" hai3="21,40,22,135,69,84,68,13,28,57,38,90,64"/><T104/><D104/><U51/><E34/><V25/><F123/><W1/><G1/><T121/><D121/><U39/><E39/><V85/><F111/><W53/><G135/><N who="2" m="51785" /><F126/><W42/><G28/><T101/><D95/><U4/><E4/><V130/><F85/><W83/><G69/><T125/><D125/><U71/><E71/><V110/><F110/><W86/><G86/><T118/><D118/><U49/><E62/><V134/><N who="2" m="51793" /><V127/><DORA hai="58" /><F127/><W109/><G109/><T24/><D24/><U7/><E7/><V26/><F67/><W61/><G13/><T52/><D37/><U93/><E55/><V94/><F107/><W6/><G6/><T74/><D47/><U117/><E105/><V31/><F8/><W56/><G56/><T100/><REACH who="0" step="1"/><D80/><REACH who="0" ten="288,217,178,307" step="2"/><U92/><E92/><V43/><F94/><W3/><G38/><T11/><D11/><N who="1" m="6495" /><E117/><V66/><F26/><W2/><G2/><AGARI ba="0,1" hai="2,5,10,20,27,29,44,48,52,72,74,100,101,103" machi="2" ten="40,3900,0" yaku="1,1,54,1,53,0" doraHai="60,58" doraHaiUra="128,87" who="0" fromWho="3" sc="288,49,217,0,178,0,307,-39" /><INIT seed="4,1,0,1,4,6" ten="337,217,178,268" oya="0" hai0="20,57,8,94,69,23,0,118,54,90,21,15,131" hai1="91,39,128,70,73,61,45,75,2,29,95,88,122" hai2="51,32,102,67,97,104,64,60,96,7,63,44,33" hai3="121,50,110,93,126,24,134,4,84,49,105,86,56"/><T22/><D118/><U107/><E107/><V92/><F7/><W3/><G110/><T26/><D69/><U68/><E122/><V42/><F63/><W106/><G121/><T117/><D117/><U74/><E2/><V53/><F42/><W28/><G134/><T108/><D0/><U82/><E128/><V16/><F67/><W114/><G114/><T99/><D131/><U36/><E29/><V85/><F85/><W116/><G116/><T130/><D130/><U125/><E125/><V127/><F127/><W133/><G133/><T62/><D108/><U48/><E82/><V87/><F87/><W77/><G126/><T72/><D72/><U30/><E30/><V65/><F65/><W111/><G111/><T119/><D119/><U80/><E61/><V31/><F31/><W98/><G106/><T89/><D89/><U12/><E80/><V38/><F38/><W115/><G105/><T123/><D123/><U71/><E91/><V43/><F43/><W103/><G115/><T129/><D129/><U9/><E48/><N who="3" m="18538" /><G56/><T52/><D54/><U83/><E83/><V79/><F79/><W112/><G77/><T135/><D135/><U25/><E45/><V1/><F1/><W18/><G112/><T58/><D58/><U35/><E35/><V13/><F104/><W41/><G41/><T113/><D113/><U100/><E39/><V14/><F33/><N who="3" m="20615" /><G18/><N who="0" m="8551" /><D20/><U66/><E36/><V17/><F32/><W59/><G59/><T27/><AGARI ba="1,0" hai="21,22,23,26,27,52,57,62,90,94,99" m="8551" machi="27" ten="30,6000,0" yaku="8,1,52,1,54,1" doraHai="6" who="0" fromWho="0" sc="337,63,217,-21,178,-21,268,-21" /><INIT seed="4,2,0,2,5,84" ten="400,196,157,247" oya="0" hai0="29,62,117,112,4,89,8,17,66,22,132,74,13" hai1="0,107,80,113,108,103,18,3,120,41,51,98,127" hai2="99,65,79,121,28,129,126,110,64,130,14,93,118" hai3="43,94,96,45,82,9,123,106,134,11,46,49,124"/><T32/><D74/><U131/><E120/><V83/><F121/><W19/><G106/><T104/><D117/><U12/><E108/><V34/><F110/><W92/><G123/><T48/><D104/><U95/><E131/><N who="2" m="50187" /><F118/><W73/><G134/><T67/><D132/><U7/><E127/><V15/><F28/><W135/><G135/><T114/><D48/><U87/><E107/><V100/><F34/><W26/><G124/><T16/><D67/><N who="2" m="25674" /><F126/><W55/><G82/><T30/><D17/><U101/><E101/><V20/><F20/><N who="3" m="13599" /><G73/><AGARI ba="2,0" hai="14,15,73,79,83,93,99,100" m="25674,50187" machi="73" ten="30,1000,0" yaku="19,1" doraHai="84" who="2" fromWho="3" sc="400,0,196,0,157,16,247,-16" /><INIT seed="5,0,0,2,3,49" ten="400,196,173,231" oya="1" hai0="59,42,82,63,127,50,3,66,70,5,104,1,96" hai1="62,0,111,26,48,21,24,73,65,126,121,110,83" hai2="19,114,11,35,15,54,6,31,55,72,133,69,45" hai3="37,116,28,29,53,134,85,80,119,60,84,40,113"/><U47/><E121/><V57/><F72/><W46/><G113/><T58/><D127/><U61/><E126/><V129/><F69/><W4/><G4/><T135/><D135/><U13/><E0/><V30/><F133/><W115/><G115/><T91/><D5/><U125/><E125/><V106/><F106/><W33/><G134/><T90/><D104/><U56/><E62/><N who="2" m="36151" /><F35/><W131/><G131/><T9/><D9/><U74/><E13/><N who="2" m="5367" /><F129/><W36/><G36/><T98/><D70/><U128/><E26/><V94/><F94/><W112/><G33/><T117/><D117/><U109/><E83/><V79/><F79/><W81/><G112/><T44/><D82/><U2/><E2/><V10/><F114/><W51/><G81/><T23/><D1/><U86/><E86/><N who="3" m="33386" /><G80/><T89/><D3/><U108/><N who="1" m="27648" /><DORA hai="123" /><U97/><E97/><V132/><F132/><W122/><G37/><T101/><D96/><U38/><E38/><V32/><F32/><W88/><G122/><T103/><D98/><U87/><E87/><V71/><F71/><W120/><G120/><T7/><D101/><U77/><E77/><V25/><F25/><W100/><G119/><T105/><D103/><U16/><E128/><V27/><F27/><W20/><G100/><T41/><D105/><U95/><E95/><V43/><F31/><W8/><G29/><T39/><D39/><U64/><E64/><V107/><F30/><W52/><G28/><T12/><D66/><U99/><E99/><V67/><F67/><W14/><G116/><T68/><D68/><U76/><E76/><RYUUKYOKU ba="0,0" sc="400,-10,196,30,173,-10,231,-10" hai1="16,21,24,47,48,56,61,65,73,74" /><INIT seed="5,1,0,5,5,129" ten="390,226,163,221" oya="1" hai0="114,105,28,101,43,30,29,116,119,75,86,31,76" hai1="18,134,57,109,120,98,77,8,42,82,99,83,78" hai2="73,23,88,54,17,91,128,47,94,6,111,131,34" hai3="81,100,126,93,10,132,22,118,106,36,69,27,89"/><U46/><E120/><V68/><F68/><W19/><G69/><T97/><D114/><U59/><E109/><V74/><F34/><W51/><G36/><T41/><D28/><U60/><E134/><V87/><F6/><W65/><G65/><T58/><D75/><U123/><E123/><V124/><F111/><W44/><G126/><T71/><D71/><U107/><E107/><V110/><F110/><W1/><G81/><T133/><D133/><U112/><E112/><V39/><F124/><W135/><G100/><T70/><D70/><U90/><E90/><V15/><F91/><W9/><G106/><T64/><D76/><U26/><E46/><V115/><F115/><W103/><G103/><T4/><D86/><U108/><E42/><V92/><F92/><W38/><G38/><T3/><D4/><U11/><E108/><V50/><REACH who="2" step="1"/><F39/><REACH who="2" ten="390,226,153,221" step="2"/><W49/><G89/><T67/><D119/><U62/><E78/><V56/><F56/><W53/><G93/><T80/><D58/><U113/><E77/><V32/><F32/><W79/><G79/><T63/><D116/><U5/><E5/><V14/><F14/><W48/><G118/><T66/><D105/><U7/><E7/><V35/><F35/><W127/><G127/><T72/><D80/><U61/><E113/><V20/><F20/><W55/><G135/><T2/><D2/><U117/><E117/><V24/><F24/><W85/><G132/><T40/><D3/><U96/><E59/><V37/><F37/><W125/><G1/><T122/><D122/><U33/><E33/><V45/><F45/><RYUUKYOKU ba="1,1" sc="390,-10,226,-10,153,30,221,-10" hai2="15,17,23,47,50,54,73,74,87,88,94,128,131" /><INIT seed="6,2,1,3,5,20" ten="380,216,183,211" oya="2" hai0="21,24,129,40,119,64,103,91,19,67,89,34,83" hai1="114,48,41,50,65,134,45,72,52,79,55,121,49" hai2="74,101,73,85,84,15,98,130,43,61,93,127,76" hai3="124,23,128,104,39,18,81,133,14,109,66,8,131"/><V33/><F33/><W70/><G109/><T56/><D129/><N who="3" m="49737" /><G39/><T10/><D119/><U6/><E6/><V126/><F130/><W32/><G104/><T16/><D34/><U92/><E114/><V111/><F111/><W4/><G32/><T63/><D103/><U105/><E105/><V9/><F43/><W95/><G81/><T120/><D120/><U36/><E79/><V80/><F61/><N who="3" m="40271" /><G95/><T135/><D135/><U99/><E72/><V46/><F46/><W47/><G47/><T1/><D40/><U96/><E134/><V82/><F15/><N who="3" m="5511" /><G124/><N who="2" m="47657" /><F9/><W2/><G133/><T11/><D11/><U123/><E123/><V102/><F102/><W69/><G69/><T58/><D1/><AGARI ba="2,1" hai="1,2,14,18,23" m="5511,40271,49737" machi="1" ten="30,1000,0" yaku="19,1" doraHai="20" who="3" fromWho="0" sc="380,-16,216,0,183,0,211,26" /><INIT seed="7,0,0,4,4,40" ten="364,216,183,237" oya="3" hai0="116,76,110,21,32,6,100,68,24,1,118,50,101" hai1="107,26,72,3,91,129,123,78,29,2,126,15,115" hai2="106,84,70,135,48,35,41,36,56,125,105,94,19" hai3="103,28,60,59,49,4,111,86,82,95,85,13,96"/><W38/><G38/><T46/><D110/><U90/><E123/><V54/><F125/><W109/><G28/><T5/><D68/><U132/><E107/><V88/><F135/><W127/><G127/><T102/><D32/><U0/><E126/><V121/><F121/><W67/><G49/><T39/><D39/><U128/><E132/><V44/><F35/><W81/><G4/><T113/><D113/><U77/><E115/><V73/><F73/><W114/><G13/><T25/><D76/><N who="1" m="29291" /><E15/><V92/><F70/><W52/><G67/><T16/><D1/><U14/><E14/><V8/><F94/><W45/><G45/><T61/><D61/><U23/><E72/><V22/><F8/><W63/><G63/><T11/><D46/><U62/><E62/><V89/><F89/><W20/><G20/><T97/><D11/><U27/><E26/><AGARI ba="0,0" hai="19,22,26,36,41,44,48,54,56,84,88,92,105,106" machi="26" ten="30,3900,0" yaku="7,1,52,1,54,1" doraHai="40" who="2" fromWho="1" sc="364,0,216,-39,183,39,237,0" owari="364,46.4,177,-32.3,222,-17.8,237,3.7" /></mjloggm>