<mjloggm ver="2.3"><GO type="169" lobby="0"/><UN n0="%E3%82%82%E3%81%BF%E3%81%95%E3%81%92" n1="%E8%BF%B7%E3%82%8F%E3%81%9A%E6%8A%BC%E3%81%9B%E3%82%88" n2="%E3%81%AA%E3%81%8B%E3%81%AE%E3%81%86%E3%81%88" n3="%E9%A6%AC%E3%81%AE%E8%80%B3%E3%81%AB%E5%BF%B5%E4%BB%8F" dan="16,17,16,17" rate="2152.35,2227.57,2159.54,2170.42" sx="M,M,M,M"/><TAIKYOKU oya="0"/><INIT seed="0,0,0,1,2,96" ten="250,250,250,250" oya="0" hai0="3,60,42,63,2,122,51,0,46,14,106,10,120" hai1="126,101,123,29,38,87,117,75,53,86,73,94,112" hai2="134,50,110,66,15,104,105,100,109,74,115,48,132" hai3="89,108,116,70,27,17,40,131,24,59,23,39,47"/><T30/><D30/><U11/><E38/><V93/><F66/><W1/><G116/><T44/><D106/><N who="2" m="41066" /><F15/><W68/><G1/><T114/><D114/><U28/><E112/><V92/><F115/><W79/><G79/><T124/><D124/><U127/><E53/><V91/><F74/><W102/><G70/><T118/><D118/><U45/><E117/><V121/><F121/><W4/><G68/><T41/><D120/><U7/><E123/><V133/><F91/><W135/><G89/><T6/><REACH who="0" step="1"/><D122/><REACH who="0" ten="240,250,250,250" step="2"/><U113/><E28/><V43/><F134/><W25/><G135/><T97/><D97/><U72/><E29/><V107/><F107/><W55/><G131/><T88/><D88/><U78/><E113/><V56/><F133/><W69/><G108/><T85/><D85/><U90/><E86/><V33/><F132/><W62/><G69/><T13/><D13/><U111/><E111/><V84/><F84/><W61/><G4/><T16/><D16/><U20/><E78/><V76/><F76/><W26/><REACH who="3" step="1"/><G102/><REACH who="3" ten="240,250,250,240" step="2"/><T81/><D81/><N who="1" m="49519" /><E101/><V71/><F100/><W130/><G130/><T80/><D80/><U37/><E127/><V67/><F71/><W18/><G18/><T22/><D22/><U12/><E126/><V49/><F110/><W95/><G95/><T65/><D65/><U82/><E94/><V19/><F93/><W98/><G98/><T57/><D57/><U31/><E82/><V5/><F92/><W9/><G9/><T125/><D125/><U54/><E11/><V8/><F109/><W99/><G99/><T77/><D77/><RYUUKYOKU ba="0,2" sc="240,15,250,-15,250,-15,240,15" hai0="0,2,3,6,10,14,41,42,44,46,51,60,63" hai3="17,23,24,25,26,27,39,40,47,55,59,61,62" /><INIT seed="0,1,2,5,3,78" ten="255,235,235,255" oya="0" hai0="21,104,131,109,77,8,96,82,133,16,14,25,110" hai1="36,81,103,17,127,64,5,50,107,48,99,114,11" hai2="69,23,73,35,126,113,12,122,57,118,70,83,6" hai3="128,22,41,28,30,63,100,54,85,59,15,62,115"/><T132/><D131/><U47/><E127/><V105/><F35/><W7/><G115/><T90/><D104/><U0/><E114/><V34/><F34/><W88/><G100/><T58/><D58/><U123/><E123/><V26/><F105/><W2/><G2/><T130/><D130/><U53/><E64/><V108/><F108/><N who="0" m="41578" /><D90/><U24/><E17/><V84/><F6/><W42/><G128/><T45/><D45/><U129/><E24/><V52/><F26/><N who="3" m="16471" /><G30/><N who="0" m="17711" /><D96/><U101/><E129/><V124/><F57/><W19/><G7/><T121/><D121/><U49/><E101/><V33/><F70/><W51/><G63/><T61/><D61/><U37/><E36/><V91/><F69/><W44/><G62/><T76/><D76/><U65/><E65/><V75/><F91/><W40/><G40/><T92/><D92/><U20/><E37/><V135/><F113/><W43/><G43/><T86/><AGARI ba="1,2" hai="8,14,16,77,82,86,132,133" m="17711,41578" machi="86" ten="30,11700,0" yaku="14,1,10,1,52,1,54,1" doraHai="78" who="0" fromWho="0" sc="255,140,235,-40,235,-40,255,-40" /><INIT seed="0,2,0,1,2,104" ten="395,195,195,215" oya="0" hai0="1,73,68,41,5,76,48,36,79,29,50,2,74" hai1="132,62,11,66,38,4,47,95,102,121,98,119,33" hai2="77,107,7,101,71,97,15,69,93,109,114,19,120" hai3="34,61,32,3,75,31,60,128,56,103,130,124,18"/><T133/><D68/><U26/><E132/><V78/><F114/><W118/><G3/><T51/><D29/><U0/><E119/><V90/><F120/><W10/><G118/><T53/><D5/><U17/><E121/><V80/><F7/><W65/><G103/><T39/><D53/><U129/><E129/><V122/><F109/><W96/><G96/><T9/><D9/><U25/><E33/><V91/><F78/><N who="0" m="29738" /><D41/><U20/><E47/><V8/><F91/><W23/><G10/><T58/><D58/><U27/><REACH who="1" step="1"/><E38/><REACH who="1" ten="395,185,195,215" step="2"/><N who="0" m="14377" /><D133/><U134/><E134/><V37/><F37/><W16/><G34/><T82/><D82/><U30/><E30/><V83/><F83/><W113/><G32/><T99/><D99/><U24/><E24/><V112/><F122/><W54/><G31/><T81/><D81/><U116/><E116/><V6/><F112/><W43/><G113/><T63/><D63/><U46/><E46/><V135/><F135/><W110/><G61/><T64/><D64/><U57/><AGARI ba="2,1" hai="0,4,11,17,20,25,26,27,57,62,66,95,98,102" machi="57" ten="20,2700,0" yaku="1,1,0,1,7,1,53,0" doraHai="104" doraHaiUra="87" who="1" fromWho="1" sc="395,-15,185,43,195,-9,215,-9" /><INIT seed="1,0,0,4,0,81" ten="380,228,186,206" oya="1" hai0="120,6,91,124,93,45,88,65,41,48,56,55,42" hai1="43,125,121,15,68,32,92,123,104,106,80,85,118" hai2="87,12,66,39,100,130,26,10,114,99,134,38,44" hai3="113,111,84,5,0,19,135,110,70,107,28,89,8"/><U36/><E68/><V105/><F130/><W115/><G70/><T57/><D124/><U78/><E32/><V30/><F134/><W53/><G107/><T76/><D76/><U133/><E36/><V102/><F114/><W14/><G28/><T119/><D119/><U116/><E43/><V31/><F102/><W69/><G53/><T22/><D120/><N who="1" m="46155" /><E15/><V54/><F66/><W127/><G69/><T112/><D112/><U95/><E125/><V13/><F13/><W131/><G127/><T51/><D6/><U27/><E27/><V103/><F103/><W11/><G135/><T25/><D42/><U58/><E58/><V20/><F31/><W59/><G59/><T82/><D82/><U49/><E49/><V37/><F54/><W96/><G96/><T83/><D83/><U71/><E71/><V79/><F44/><W18/><G131/><T34/><D34/><U132/><E104/><V23/><F23/><W117/><G117/><N who="1" m="45162" /><E106/><V46/><F46/><W50/><G50/><T108/><D57/><U3/><E3/><V122/><F122/><W67/><G67/><T4/><D65/><U29/><E29/><V24/><F24/><W47/><G47/><T126/><D126/><U72/><E92/><V35/><F35/><W97/><G113/><T52/><D93/><U86/><E72/><V1/><F1/><W16/><G115/><T17/><D4/><U64/><E64/><V109/><F39/><W74/><G74/><T63/><D41/><U101/><E101/><V73/><F73/><W129/><G0/><T62/><D45/><U98/><E98/><RYUUKYOKU ba="0,0" sc="380,-10,228,30,186,-10,206,-10" hai1="78,80,85,86,95,132,133" /><INIT seed="1,1,0,3,3,7" ten="370,258,176,196" oya="1" hai0="38,5,134,121,81,49,129,13,110,29,123,1,122" hai1="130,75,72,14,106,12,43,52,100,88,62,39,0" hai2="120,111,64,69,8,18,79,82,126,135,6,36,74" hai3="33,105,27,83,101,90,50,86,55,112,15,131,46"/><U80/><E0/><V25/><F120/><W124/><G112/><T22/><D110/><U61/><E130/><V60/><F111/><W96/><G131/><T99/><D38/><U76/><E75/><V45/><F126/><W98/><G124/><T56/><D134/><U132/><E132/><V9/><F135/><W21/><G33/><T97/><D129/><U71/><E100/><V31/><F18/><W65/><G65/><T128/><D128/><U28/><E28/><V30/><F6/><W42/><G98/><T89/><D29/><U10/><E106/><V26/><F26/><W34/><G34/><T95/><D1/><U73/><E73/><V118/><F118/><W41/><REACH who="3" step="1"/><G15/><REACH who="3" ten="370,258,176,186" step="2"/><T68/><D13/><U94/><E14/><V23/><REACH who="2" step="1"/><F31/><AGARI ba="1,1" hai="21,27,31,41,42,46,50,55,83,86,90,96,101,105" machi="31" ten="30,7700,0" yaku="1,1,2,1,7,1,53,1" doraHai="7" doraHaiUra="44" who="3" fromWho="2" sc="370,0,258,0,176,-80,186,90" /><INIT seed="2,0,0,4,1,2" ten="370,258,96,276" oya="2" hai0="34,91,30,119,103,75,121,84,83,73,15,10,45" hai1="38,60,105,109,92,53,102,4,86,36,110,0,69" hai2="1,88,98,59,135,116,100,41,26,70,5,118,3" hai3="97,129,19,89,52,25,6,40,127,65,107,120,111"/><V122/><F70/><W123/><G40/><T24/><D121/><U94/><E105/><V117/><F122/><W104/><G65/><T22/><D119/><U74/><E74/><V71/><F71/><W134/><G19/><T49/><D103/><U90/><E102/><V78/><F135/><W23/><G23/><T81/><D81/><U77/><E77/><V82/><F41/><W101/><G25/><T14/><D34/><U55/><E94/><V85/><F26/><W67/><G67/><T9/><D10/><N who="1" m="2311" /><E69/><V46/><F46/><W115/><G89/><T96/><D96/><U47/><E60/><V50/><F78/><W58/><G58/><T66/><D66/><U63/><E63/><V133/><F133/><W20/><G20/><T16/><REACH who="0" step="1"/><D15/><REACH who="0" ten="360,258,96,276" step="2"/><U95/><E95/><V12/><F98/><W68/><G97/><T93/><D93/><U17/><E92/><V79/><F100/><W32/><G101/><T61/><D61/><U33/><E33/><V13/><F3/><W8/><G32/><T44/><D44/><U28/><E47/><V112/><F118/><W39/><G123/><T130/><D130/><U128/><E128/><V113/><F117/><W57/><G129/><T35/><D35/><U72/><E110/><V62/><F116/><W48/><G111/><T51/><D51/><U18/><E109/><V21/><F50/><W131/><G48/><T125/><D125/><U27/><E38/><V56/><F62/><W76/><G127/><T108/><D108/><U99/><E36/><V87/><F82/><W37/><G131/><T132/><D132/><RYUUKYOKU ba="0,1" sc="360,30,258,-10,96,-10,276,-10" hai0="9,14,16,22,24,30,45,49,73,75,83,84,91" /><INIT seed="3,1,1,3,3,76" ten="390,248,86,266" oya="3" hai0="119,40,99,29,118,17,10,87,48,126,64,89,92" hai1="25,20,97,38,62,71,16,133,83,8,61,19,49" hai2="123,55,11,72,132,90,26,112,121,58,6,77,125" hai3="13,84,60,134,52,39,50,56,110,105,117,98,73"/><W14/><G117/><T82/><D126/><U63/><E38/><V67/><F112/><W86/><G39/><T9/><D29/><U101/><E133/><V65/><F125/><W66/><G134/><T31/><D31/><U3/><E49/><V78/><F132/><W32/><G32/><T116/><D64/><U47/><E47/><V15/><F26/><W59/><G110/><T120/><D120/><N who="2" m="46154" /><F90/><W122/><G73/><T1/><D1/><U95/><E71/><V18/><F6/><W35/><G35/><T94/><D94/><U102/><E3/><V103/><F103/><W27/><G27/><T130/><D130/><U107/><E107/><V104/><F104/><W80/><G86/><T127/><D127/><U108/><E108/><V51/><F78/><W69/><G122/><T53/><D40/><U21/><E8/><V2/><F2/><W44/><G105/><T79/><REACH who="0" step="1"/><D17/><REACH who="0" ten="380,248,86,266" step="2"/><U33/><E33/><V93/><F93/><W24/><G66/><T5/><D5/><U70/><E70/><V124/><F124/><W74/><G69/><T111/><D111/><U100/><REACH who="1" step="1"/><E83/><AGARI ba="1,2" hai="11,15,18,51,55,58,65,67,72,77,83" m="46154" machi="83" ten="30,2000,0" yaku="13,1,52,1" doraHai="76" who="2" fromWho="1" sc="380,0,248,-23,86,43,266,0" /><INIT seed="4,0,0,4,0,7" ten="380,225,129,266" oya="0" hai0="101,32,95,98,103,94,104,109,17,44,13,23,36" hai1="89,127,85,113,22,5,40,11,42,56,88,8,77" hai2="12,10,110,79,66,4,80,21,16,105,132,28,90" hai3="62,107,69,112,53,117,96,74,52,106,129,81,133"/><T43/><D32/><U63/><E127/><V118/><F110/><W121/><G117/><T2/><D109/><U14/><E113/><V19/><F118/><W100/><G133/><T35/><D35/><U61/><E22/><V124/><F124/><W29/><G112/><T99/><D2/><U1/><E77/><V15/><F132/><W111/><G111/><T135/><D135/><U50/><E89/><V68/><F105/><W86/><G107/><T126/><D126/><U9/><E63/><V108/><F108/><W73/><G129/><T115/><D115/><U34/><E34/><V93/><F28/><W82/><G29/><T114/><D114/><U131/><E131/><V70/><F66/><W55/><G121/><T116/><D116/><U18/><E50/><V26/><F4/><W122/><G82/><T125/><D125/><U65/><E9/><V33/><F26/><W75/><G122/><T49/><D104/><U45/><E45/><V91/><F33/><W97/><G97/><T76/><D76/><U46/><E46/><V83/><F83/><AGARI ba="0,0" hai="1,5,8,11,14,18,40,42,56,61,65,83,85,88" machi="83" ten="30,7700,0" yaku="7,1,52,2,54,1" doraHai="7" who="1" fromWho="2" sc="380,0,225,77,129,-77,266,0" /><INIT seed="5,0,0,1,0,40" ten="380,302,52,266" oya="1" hai0="119,39,73,25,54,3,106,66,103,109,21,71,62" hai1="19,24,126,10,89,82,76,2,124,55,27,65,67" hai2="7,32,36,105,114,22,101,102,58,61,57,68,31" hai3="96,30,90,75,59,83,110,115,47,111,38,95,122"/><U130/><E130/><V98/><F114/><W18/><G122/><T1/><D119/><U11/><E89/><V64/><F36/><W12/><G30/><T6/><D109/><U116/><E116/><V48/><F102/><W5/><G5/><T128/><D128/><U129/><E129/><V99/><F99/><W92/><G115/><T91/><D73/><U120/><E120/><V80/><F22/><W113/><G113/><T46/><D6/><U94/><E94/><V81/><F7/><W56/><G56/><T104/><D91/><U131/><E55/><V44/><F81/><W17/><G59/><T0/><D103/><U60/><E131/><V86/><F86/><W20/><G95/><T63/><D63/><U28/><E67/><V8/><F8/><N who="1" m="3113" /><E19/><V134/><F80/><W9/><G75/><T135/><D135/><U79/><E2/><V70/><F70/><W34/><G83/><T87/><D87/><N who="1" m="48583" /><E79/><V78/><F78/><W97/><G97/><T88/><D88/><U84/><E28/><V72/><F134/><W93/><G93/><T108/><D108/><U37/><E37/><V14/><F72/><W117/><G117/><T26/><D39/><U41/><E84/><V52/><REACH who="2" step="1"/><F14/><REACH who="2" ten="380,302,42,266" step="2"/><W43/><G34/><T77/><D71/><N who="1" m="42407" /><E24/><AGARI ba="0,1" hai="24,31,32,44,48,52,57,58,61,64,68,98,101,105" machi="24" ten="40,12000,2" yaku="1,1,25,2,52,1,54,1,53,1" doraHai="40" doraHaiUra="45" who="2" fromWho="1" sc="380,0,302,-120,42,130,266,0" /><AGARI ba="0,0" hai="9,12,17,18,20,24,38,43,47,90,92,96,110,111" machi="24" ten="30,2000,0" yaku="7,1,52,1" doraHai="40" who="3" fromWho="1" sc="380,0,182,-20,172,0,266,20" /><INIT seed="6,0,0,2,1,91" ten="380,162,172,286" oya="2" hai0="61,105,13,16,115,38,132,30,20,113,118,15,31" hai1="128,44,87,68,117,129,110,2,101,123,77,95,97" hai2="72,42,104,1,34,51,114,18,98,19,39,99,58" hai3="73,86,126,36,94,22,71,109,93,45,3,24,46"/><V57/><F72/><W124/><G109/><T50/><D38/><U6/><E68/><V65/><F39/><W133/><G73/><T10/><D105/><U69/><E69/><V78/><F34/><W84/><G3/><T4/><D61/><U135/><E110/><V14/><F1/><W127/><G71/><T64/><D64/><U25/><E117/><V131/><F78/><W59/><G59/><T88/><D118/><U47/><E135/><V122/><F122/><W79/><G133/><T60/><D60/><U7/><E123/><V70/><F114/><N who="0" m="43530" /><D132/><U82/><E25/><V102/><F131/><N who="1" m="50249" /><E2/><V8/><F99/><W23/><G79/><T85/><D50/><U125/><E125/><V27/><F65/><W40/><G46/><AGARI ba="0,0" hai="6,7,44,46,47,77,82,87,95,97,101" m="50249" machi="46" ten="30,2000,0" yaku="19,1,52,1" doraHai="91" who="1" fromWho="3" sc="380,0,162,20,172,0,286,-20" /><INIT seed="7,0,0,4,5,83" ten="380,182,172,266" oya="3" hai0="132,41,8,60,101,33,75,89,66,131,40,71,103" hai1="53,105,78,84,18,118,95,52,99,30,90,81,77" hai2="42,17,123,135,130,80,6,100,125,108,9,46,64" hai3="54,87,111,23,73,2,79,126,115,25,128,74,14"/><W21/><G115/><T44/><D33/><U47/><E105/><V29/><F108/><W34/><G34/><T93/><D75/><U106/><E106/><V69/><F29/><W65/><G2/><T94/><D131/><U124/><E124/><V134/><F125/><W48/><G65/><T121/><D121/><U4/><E118/><V88/><F130/><W129/><G126/><T117/><D117/><U43/><E30/><V32/><F32/><W68/><G68/><T59/><D132/><N who="2" m="50730" /><F100/><W20/><G128/><T11/><D71/><U58/><E4/><V12/><F123/><W70/><G70/><T57/><D57/><U16/><E77/><V0/><F64/><W62/><G62/><T114/><D114/><U28/><E28/><V127/><F69/><W1/><G1/><T120/><D120/><U50/><REACH who="1" step="1"/><E53/><REACH who="1" ten="380,172,172,266" step="2"/><V22/><F127/><W38/><G54/><N who="0" m="33911" /><D40/><U122/><E122/><V97/><F97/><W49/><G79/><T92/><D41/><U98/><E98/><V113/><F113/><W67/><G129/><T72/><D66/><U13/><E13/><V91/><F80/><W37/><G14/><T119/><D119/><U102/><E102/><V36/><AGARI ba="0,1" hai="0,6,9,12,17,22,36,42,46,88,91" m="50730" machi="36" ten="30,2000,0" yaku="20,1,54,1" doraHai="83" who="2" fromWho="2" sc="380,-5,172,-5,172,30,266,-10" owari="375,47.5,167,-33.3,202,-19.8,256,5.6" /></mjloggm>