<mjloggm ver="2.3"><GO type="169" lobby="0"/><UN n0="%64%69%76%61" n1="%E3%81%A6%E3%81%BE%E3%81%A1" n2="%E3%81%9F%E3%81%AA%E3%81%8B%E6%95%99%E7%A5%96" n3="%53%55%5A" dan="16,17,17,16" rate="2064.34,2121.95,2171.51,2074.69" sx="M,M,M,M"/><TAIKYOKU oya="0"/><INIT seed="0,0,0,1,0,45" ten="250,250,250,250" oya="0" hai0="82,31,107,40,96,8,128,134,70,19,42,49,130" hai1="114,30,44,27,89,33,88,52,59,105,117,131,17" hai2="51,99,39,20,133,35,119,121,83,57,77,1,92" hai3="23,11,101,125,62,85,129,74,63,24,21,90,109"/><T13/><D70/><U29/><E117/><V115/><F121/><W41/><G74/><T15/><D134/><U26/><E105/><V78/><F35/><W5/><G109/><T50/><D31/><U84/><E131/><N who="0" m="50217" /><D82/><U54/><E114/><V111/><F39/><W79/><G125/><T87/><D87/><U25/><E17/><V12/><F111/><W47/><G101/><N who="0" m="62887" /><D13/><U14/><E14/><V122/><F1/><W53/><G79/><T7/><D7/><U46/><E54/><N who="2" m="31967" /><F122/><W86/><G53/><T48/><AGARI ba="0,0" hai="8,15,19,40,42,48,49,50" m="62887,50217" machi="48" ten="30,11700,0" yaku="19,1,52,3" doraHai="45" who="0" fromWho="0" sc="250,117,250,-39,250,-39,250,-39" /><INIT seed="0,1,0,4,1,30" ten="367,211,211,211" oya="0" hai0="78,54,5,74,129,90,39,7,99,131,122,82,28" hai1="70,15,11,132,61,125,115,51,41,59,114,32,2" hai2="89,10,113,110,62,81,40,8,128,19,127,48,97" hai3="102,52,67,93,68,27,120,133,126,121,73,29,117"/><T72/><D122/><N who="3" m="47209" /><G117/><T46/><D74/><U38/><E2/><V14/><F113/><N who="1" m="43017" /><E125/><V71/><F127/><W49/><G126/><T106/><D28/><U63/><E70/><V118/><F118/><W107/><G73/><T77/><D77/><U104/><E104/><V13/><F110/><W66/><G107/><T135/><D135/><U75/><E75/><V94/><F128/><N who="0" m="49226" /><D39/><U33/><E38/><V9/><F71/><W21/><G68/><T134/><D134/><U44/><E132/><V83/><F62/><N who="1" m="23561" /><E59/><V4/><REACH who="2" step="1"/><F10/><REACH who="2" ten="367,211,201,211" step="2"/><W18/><G133/><T43/><D72/><U92/><E92/><V20/><F20/><N who="3" m="15591" /><G93/><T103/><D106/><U35/><E35/><V111/><F111/><W79/><G67/><T45/><D82/><U109/><E109/><V100/><F100/><W119/><G102/><T87/><D103/><U23/><E23/><V0/><F0/><W116/><G66/><T57/><D99/><U1/><E1/><V95/><F95/><W58/><G79/><T105/><D78/><U55/><E41/><V108/><F108/><W112/><G112/><T16/><D43/><U31/><E31/><V124/><F124/><W53/><G53/><T88/><D105/><U76/><E76/><V42/><F42/><W84/><G84/><T47/><D87/><U22/><E22/><V56/><F56/><W98/><G98/><T64/><D57/><U91/><E91/><V3/><F3/><W34/><G34/><T37/><D54/><U80/><E80/><V17/><F17/><AGARI ba="1,1" hai="11,15,17,32,33,44,51,55" m="23561,43017" machi="17" ten="30,3900,0" yaku="11,1,52,2" doraHai="30" who="1" fromWho="2" sc="367,0,211,52,201,-42,211,0" /><INIT seed="1,0,0,2,5,80" ten="367,263,159,211" oya="1" hai0="68,51,89,83,73,79,11,24,63,117,102,53,132" hai1="130,99,16,30,66,72,90,23,134,58,113,5,52" hai2="115,55,28,8,60,98,59,42,14,71,22,6,47" hai3="19,25,65,104,54,33,7,50,105,13,93,135,38"/><U124/><E113/><V126/><F115/><W123/><G38/><T27/><D117/><U118/><E118/><V85/><F126/><W61/><G123/><T67/><D132/><U26/><E72/><V78/><F71/><W101/><G135/><T131/><D131/><U122/><E122/><V44/><F98/><W31/><G7/><T15/><D102/><U49/><E134/><V10/><F10/><W97/><G50/><T119/><D89/><U69/><E130/><V94/><F42/><W4/><G54/><T2/><D2/><U12/><E124/><V74/><F74/><W91/><G4/><T82/><D82/><U70/><E66/><V45/><F78/><W32/><G32/><T3/><D3/><U76/><E76/><V84/><F94/><W17/><G13/><T92/><D92/><N who="1" m="56727" /><E70/><V106/><F106/><W18/><REACH who="3" step="1"/><G101/><REACH who="3" ten="367,263,159,201" step="2"/><T86/><D119/><U100/><E100/><V37/><F37/><W116/><G116/><T36/><D36/><U127/><E127/><V62/><F62/><W56/><AGARI ba="0,1" hai="17,18,19,25,31,33,56,61,65,91,93,97,104,105" machi="56" ten="30,2000,0" yaku="1,1,0,1,53,0" doraHai="80" doraHaiUra="133" who="3" fromWho="3" sc="367,-5,263,-10,159,-5,201,30" /><INIT seed="2,0,0,0,4,134" ten="362,253,154,231" oya="2" hai0="37,59,97,50,87,126,17,25,76,15,89,122,5" hai1="129,67,47,48,2,51,16,99,19,112,131,102,21" hai2="1,83,90,45,20,46,75,33,57,42,4,123,71" hai3="98,109,85,65,86,72,41,77,82,106,94,44,118"/><V53/><F33/><W43/><G118/><T115/><D115/><U62/><E2/><V60/><F123/><W66/><G109/><T120/><D37/><U55/><E48/><V100/><F100/><W39/><G43/><T128/><D128/><N who="1" m="49227" /><E21/><V130/><F130/><W49/><G39/><T107/><D5/><U125/><E125/><V111/><F111/><W116/><G116/><T127/><D25/><U38/><E38/><V88/><F71/><W0/><G0/><T105/><D50/><U110/><E112/><V9/><F20/><W11/><G11/><T104/><D59/><N who="1" m="37343" /><E110/><V13/><F1/><W68/><G68/><T79/><D120/><U95/><AGARI ba="0,0" hai="16,19,47,51,55,95,99,102" m="37343,49227" machi="95" ten="30,2000,0" yaku="19,1,54,1" doraHai="134" who="1" fromWho="1" sc="362,-5,253,20,154,-10,231,-5" /><INIT seed="3,0,0,5,5,82" ten="357,273,144,226" oya="3" hai0="18,33,111,22,87,115,51,64,105,91,126,81,127" hai1="131,68,65,102,17,95,118,29,89,15,107,45,23" hai2="84,88,37,50,13,109,36,20,92,10,47,60,44" hai3="110,0,79,98,32,112,16,42,53,72,34,106,121"/><W99/><G112/><T67/><D115/><U101/><E131/><V132/><F109/><W35/><G121/><T25/><D111/><U19/><E107/><V113/><F113/><W55/><G0/><T58/><D105/><U85/><E118/><V27/><F132/><W43/><G110/><T52/><REACH who="0" step="1"/><D33/><REACH who="0" ten="347,273,144,226" step="2"/><U69/><E69/><V28/><F60/><W39/><G106/><T104/><D104/><U46/><E68/><V9/><F9/><W66/><G34/><T86/><D86/><U2/><E2/><V117/><F117/><W31/><G35/><T70/><D70/><U12/><E65/><AGARI ba="0,1" hai="18,22,25,51,52,58,64,65,67,81,87,91,126,127" machi="65" ten="40,5200,0" yaku="1,1,52,1,54,1,53,0" doraHai="82" doraHaiUra="123" who="0" fromWho="1" sc="347,62,273,-52,144,0,226,0" /><INIT seed="4,0,0,0,3,52" ten="409,221,144,226" oya="0" hai0="22,35,133,39,47,96,21,20,66,132,9,115,0" hai1="18,12,32,89,23,37,108,43,112,61,60,14,63" hai2="44,87,86,56,74,99,68,54,71,129,3,58,131" hai3="88,128,29,135,64,16,1,38,91,13,121,62,118"/><T94/><D35/><U76/><E108/><V127/><F74/><W90/><G118/><T19/><D115/><U55/><E32/><V92/><F3/><W122/><G1/><T109/><D109/><U80/><E112/><V117/><F117/><W11/><G38/><T95/><D66/><U57/><E89/><V40/><F127/><W48/><G128/><N who="2" m="49225" /><F86/><W34/><G135/><T4/><D95/><U103/><E103/><N who="2" m="60903" /><F87/><W79/><G48/><T33/><D33/><U84/><E37/><N who="2" m="21519" /><F54/><W134/><G79/><T6/><D39/><U98/><E43/><V17/><F17/><W49/><G134/><T75/><D4/><U69/><E69/><AGARI ba="0,0" hai="56,58,68,69,71" m="21519,60903,49225" machi="69" ten="30,3900,0" yaku="19,1,52,2" doraHai="52" who="2" fromWho="1" sc="409,0,221,-39,144,39,226,0" /><INIT seed="5,0,0,5,5,107" ten="409,182,183,226" oya="1" hai0="26,96,32,108,16,134,102,114,100,23,25,117,0" hai1="11,72,99,66,17,79,81,54,123,133,71,74,122" hai2="29,48,82,27,125,127,36,34,30,1,60,61,24" hai3="43,57,83,85,20,98,84,8,112,132,115,118,38"/><U90/><E133/><V52/><F36/><W44/><G132/><T68/><D108/><U86/><E71/><V89/><F1/><W42/><G118/><T50/><D0/><U31/><E66/><V126/><F89/><W95/><G43/><T101/><D134/><U110/><E31/><V75/><F82/><W63/><G20/><T70/><D117/><U103/><E54/><V62/><F75/><N who="1" m="28713" /><E17/><V47/><REACH who="2" step="1"/><F61/><REACH who="2" ten="409,182,173,226" step="2"/><W18/><G83/><T73/><D102/><U65/><E110/><V45/><F45/><W37/><G37/><T28/><D101/><U7/><E65/><V46/><F46/><W106/><G44/><T19/><D100/><U35/><E90/><V130/><F130/><W55/><G63/><T88/><D88/><U131/><E131/><V116/><F116/><W4/><G38/><T59/><D73/><U2/><E123/><V77/><F77/><W15/><G84/><T97/><D50/><U113/><E122/><V49/><F49/><W3/><G3/><T41/><D41/><U14/><E103/><V58/><F58/><W111/><G57/><T69/><D59/><U93/><E79/><V22/><AGARI ba="0,1" hai="22,24,27,29,30,34,47,48,52,60,62,125,126,127" machi="22" ten="30,7900,0" yaku="1,1,0,1,18,1,54,1,53,0" doraHai="107" doraHaiUra="33" who="2" fromWho="2" sc="409,-20,182,-39,173,89,226,-20" /><INIT seed="6,0,0,0,5,89" ten="389,143,262,206" oya="2" hai0="5,134,72,126,67,127,75,6,130,15,112,35,88" hai1="97,24,92,82,81,83,18,38,74,91,41,93,22" hai2="79,118,106,108,4,16,110,64,46,26,80,53,129" hai3="33,30,78,102,113,120,40,77,17,85,128,20,8"/><V23/><F118/><W103/><G120/><T31/><D112/><U2/><E2/><V34/><F106/><W84/><G113/><T114/><D130/><U55/><E74/><V19/><F129/><W62/><G33/><T105/><D114/><U42/><E38/><V43/><F64/><W56/><G40/><T71/><D105/><U125/><E125/><V60/><F4/><W70/><G70/><T107/><D107/><U37/><E37/><V47/><F34/><W101/><G8/><T131/><D131/><U87/><REACH who="1" step="1"/><E55/><REACH who="1" ten="389,133,262,206" step="2"/><V76/><F53/><W1/><G1/><T14/><D72/><U133/><E133/><V104/><F108/><W65/><G128/><T32/><D75/><U9/><E9/><V52/><F52/><W116/><G116/><T115/><D134/><U94/><E94/><V57/><F110/><W117/><G117/><T39/><D39/><U90/><AGARI ba="0,1" hai="18,22,24,41,42,81,82,83,87,90,91,92,93,97" machi="90" ten="30,8000,1" yaku="1,1,0,1,8,1,52,2,53,0" doraHai="89" doraHaiUra="10" who="1" fromWho="1" sc="389,-20,133,90,262,-40,206,-20" /><INIT seed="7,0,0,2,3,48" ten="369,223,222,186" oya="3" hai0="63,36,91,23,53,104,64,130,85,26,49,3,5" hai1="103,27,54,11,109,12,86,88,21,59,50,87,22" hai2="96,99,43,135,24,72,92,101,125,107,119,20,16" hai3="78,9,90,19,110,77,132,7,57,74,115,67,114"/><W30/><G132/><T31/><D36/><U44/><E109/><V116/><F72/><W106/><G110/><T40/><D40/><N who="1" m="24839" /><E103/><V95/><F135/><W71/><G106/><T68/><D5/><N who="1" m="3183" /><E27/><V55/><F125/><W10/><G71/><T105/><D3/><U4/><E4/><V41/><F107/><W113/><G30/><T17/><D130/><U69/><E69/><V15/><F116/><W38/><G38/><T75/><D75/><U79/><E79/><V83/><F119/><W32/><G32/><T6/><D6/><U35/><E35/><V122/><F122/><W131/><G131/><T46/><D31/><U66/><E66/><V18/><F83/><AGARI ba="0,0" hai="17,23,26,46,49,53,63,64,68,83,85,91,104,105" machi="83" ten="30,2000,0" yaku="7,1,52,1" doraHai="48" who="0" fromWho="2" sc="369,20,223,0,222,-20,186,0" owari="389,48.9,223,2.3,202,-19.8,186,-31.4" /></mjloggm>