<mjloggm ver="2.3"><GO type="169" lobby="0"/><UN n0="%E6%81%8B%E3%81%AE%E3%81%86%E3%81%9F" n1="%E3%81%95%E3%81%8F%E3%82%89%E3%81%88%E3%81%B3" n2="%70%6F%72%66%65%76%72%65" n3="%E8%B4%88%E4%BA%BA%E8%A9%A9%E6%96%BC%E5%A4%A2" dan="17,16,16,17" rate="2214.38,2125.67,2131.88,2202.47" sx="M,M,M,M"/><TAIKYOKU oya="0"/><INIT seed="0,0,0,5,4,110" ten="250,250,250,250" oya="0" hai0="112,135,4,64,106,126,13,111,15,33,84,114,11" hai1="95,72,75,16,122,58,1,125,47,60,19,39,10" hai2="66,44,98,83,78,100,26,82,103,46,115,94,87" hai3="12,117,134,24,113,45,29,123,128,108,81,99,35"/><T121/><D106/><U69/><E122/><V23/><F103/><W59/><G117/><T63/><D121/><U49/><E125/><V2/><F2/><W62/><G108/><T70/><D111/><U88/><E69/><V68/><F115/><W124/><G124/><T105/><D126/><U50/><E39/><V73/><F68/><W51/><G128/><T133/><D33/><U89/><E1/><V85/><F66/><W130/><G134/><N who="0" m="51211" /><D105/><U14/><E75/><V52/><F73/><W96/><G130/><T34/><D34/><U107/><E72/><V40/><F40/><W120/><G113/><N who="0" m="43627" /><D84/><U71/><E107/><V131/><F131/><W38/><G120/><T42/><D42/><U6/><E71/><V22/><F52/><W7/><G123/><T77/><D77/><U32/><E32/><V18/><F23/><W102/><G35/><T28/><D28/><U37/><E37/><V48/><F48/><W92/><G29/><T61/><D61/><U8/><E50/><V54/><F54/><W97/><G51/><T55/><D55/><N who="1" m="33887" /><E49/><V132/><F132/><W127/><G62/><T86/><D86/><U104/><E104/><V30/><F30/><W129/><G38/><T56/><D70/><U21/><E47/><V118/><F118/><W101/><G45/><T3/><AGARI ba="0,0" hai="3,4,11,13,15,56,63,64" m="43627,51211" machi="3" ten="30,11700,0" yaku="20,1,52,3" doraHai="110" who="0" fromWho="0" sc="250,117,250,-39,250,-39,250,-39" /><INIT seed="0,1,0,3,0,17" ten="367,211,211,211" oya="0" hai0="127,66,48,50,126,15,59,36,94,6,65,130,30" hai1="74,110,5,85,79,22,58,76,96,31,0,69,98" hai2="72,109,86,115,29,103,10,62,81,114,90,40,121" hai3="89,125,19,106,102,12,41,112,129,42,117,35,34"/><T18/><D36/><U33/><E110/><V134/><F109/><W46/><G112/><T97/><D6/><U11/><E69/><V57/><F134/><W118/><G125/><N who="0" m="47627" /><D30/><U23/><E74/><V25/><F121/><W47/><G129/><T60/><D66/><U26/><E58/><V131/><F131/><W83/><G102/><N who="0" m="60727" /><D130/><U38/><E38/><V54/><F72/><W99/><G106/><T120/><D120/><U80/><REACH who="1" step="1"/><E79/><REACH who="1" ten="367,201,211,211" step="2"/><V100/><F115/><W101/><G117/><T87/><D87/><U53/><E53/><V2/><F114/><W61/><G118/><T20/><AGARI ba="1,1" hai="15,18,20,48,50,59,60,65" m="60727,47627" machi="20" ten="30,3000,0" yaku="18,1,52,1" doraHai="17" who="0" fromWho="0" sc="367,43,201,-11,211,-11,211,-11" /><INIT seed="0,2,0,0,3,128" ten="410,190,200,200" oya="0" hai0="93,72,122,55,2,58,116,105,108,1,97,84,111" hai1="4,114,134,79,13,75,23,117,113,104,95,74,94" hai2="48,47,86,91,44,18,54,126,50,56,115,103,96" hai3="133,15,35,19,125,36,9,130,20,6,66,8,67"/><T71/><D116/><U45/><E45/><V59/><F126/><W60/><G36/><T100/><D72/><N who="1" m="27691" /><E23/><V98/><F115/><N who="1" m="44041" /><E13/><V41/><F18/><W32/><G130/><T38/><D71/><U82/><E4/><V29/><F29/><W127/><G67/><T78/><D122/><U73/><E117/><V17/><F17/><W64/><G66/><T49/><D38/><U53/><E53/><V25/><F25/><N who="3" m="14495" /><G133/><T124/><D124/><N who="3" m="47689" /><G9/><T68/><D68/><AGARI ba="2,0" hai="6,8,15,32,35,60,64,68" m="47689,14495" machi="68" ten="30,1000,0" yaku="18,1" doraHai="128" who="3" fromWho="0" sc="410,-16,190,0,200,0,200,16" /><INIT seed="1,0,0,4,1,71" ten="394,190,200,216" oya="1" hai0="113,10,126,39,44,122,84,119,47,89,106,114,135" hai1="91,133,110,81,129,80,33,41,118,24,92,13,112" hai2="51,54,100,70,62,4,102,130,18,60,6,85,69" hai3="105,109,125,134,108,58,131,64,93,49,42,15,17"/><U35/><E112/><V120/><F130/><W117/><G105/><T12/><D119/><U45/><E118/><V59/><F120/><W121/><G121/><T97/><D122/><U72/><E129/><V25/><F70/><W16/><G117/><T32/><D32/><U57/><E133/><V99/><F100/><W73/><G73/><T53/><D126/><U95/><E95/><V78/><F69/><W0/><G0/><T74/><D74/><U3/><E3/><V27/><F27/><W40/><G125/><T68/><D68/><U115/><E115/><V22/><F62/><N who="3" m="37975" /><G134/><T21/><D135/><U88/><E57/><V96/><F96/><W8/><G49/><T127/><D127/><U14/><E91/><V132/><F51/><W65/><G65/><T66/><D66/><U52/><E35/><V87/><F132/><W111/><G131/><T123/><D123/><U56/><E33/><V90/><F78/><W19/><G93/><T101/><D113/><U29/><E72/><V11/><F102/><W48/><G48/><T28/><D114/><U23/><E45/><V124/><F124/><W1/><G1/><T94/><D53/><U50/><E41/><AGARI ba="0,0" hai="8,15,16,17,19,40,41,42,108,109,111" m="37975" machi="41" ten="30,2000,0" yaku="14,1,54,1" doraHai="71" who="3" fromWho="1" sc="394,0,190,-20,200,0,216,20" /><INIT seed="2,0,0,5,5,2" ten="394,170,200,236" oya="2" hai0="104,123,5,62,75,42,82,102,49,33,121,53,128" hai1="18,113,131,115,17,9,66,105,60,55,95,68,118" hai2="58,39,86,73,124,100,112,92,36,90,78,11,85" hai3="8,126,57,12,117,111,27,4,88,35,77,34,25"/><V32/><F32/><N who="3" m="12331" /><G77/><T40/><D128/><U15/><E118/><V72/><F58/><W6/><G57/><T47/><D33/><U119/><E119/><V46/><F112/><W83/><G88/><T21/><D104/><U69/><E131/><V125/><F46/><W43/><G83/><T50/><D102/><U16/><E105/><V28/><F28/><W0/><G43/><T56/><D75/><N who="2" m="28746" /><F11/><N who="3" m="2503" /><G117/><T129/><D82/><U99/><E55/><V80/><F100/><W114/><G111/><T81/><D81/><U74/><E74/><N who="2" m="43095" /><F39/><W22/><G126/><N who="2" m="48745" /><F36/><W91/><G91/><T65/><D129/><U14/><E69/><V98/><AGARI ba="0,0" hai="85,86,90,92,98" m="48745,43095,28746" machi="98" ten="30,6000,0" yaku="18,1,34,2" doraHai="2" who="2" fromWho="2" sc="394,-20,170,-20,200,60,236,-20" /><INIT seed="2,1,0,1,5,115" ten="374,150,260,216" oya="2" hai0="19,41,34,49,122,135,32,40,82,1,11,21,121" hai1="129,117,84,15,50,27,59,108,5,2,42,101,9" hai2="77,52,69,54,80,39,55,113,62,7,89,132,24" hai3="65,3,119,45,116,8,130,71,106,31,100,63,85"/><V110/><F113/><W58/><G85/><T102/><D102/><U98/><E108/><V88/><F39/><W105/><G130/><T128/><D128/><U36/><E129/><V104/><F104/><N who="3" m="40043" /><G58/><T125/><D125/><U90/><E36/><V64/><F110/><W33/><G45/><T23/><D82/><U75/><E75/><V92/><F132/><W120/><G100/><T14/><D49/><U28/><E2/><V97/><F7/><N who="3" m="1151" /><G120/><N who="0" m="46187" /><D41/><U35/><E42/><V16/><F89/><W91/><G91/><T73/><D73/><U67/><E98/><V68/><F68/><W76/><G76/><T0/><D40/><U107/><E101/><V18/><REACH who="2" step="1"/><F24/><AGARI ba="1,0" hai="24,31,33,63,65,71,116,119" m="1151,40043" machi="24" ten="30,3900,0" yaku="23,1,52,2" doraHai="115" who="3" fromWho="2" sc="374,0,150,0,260,-42,216,42" /><INIT seed="3,0,0,4,2,41" ten="374,150,218,258" oya="3" hai0="17,19,96,116,23,106,61,72,8,113,22,31,124" hai1="89,92,47,122,125,109,100,36,104,57,13,83,27" hai2="95,94,44,16,55,42,24,32,76,28,130,2,123" hai3="114,128,12,103,88,110,49,38,133,33,56,40,132"/><W51/><G33/><T120/><D72/><U15/><E109/><V11/><F76/><W1/><G1/><T97/><D120/><U80/><E122/><V66/><F66/><W74/><G74/><T25/><D116/><U5/><E125/><V78/><F78/><W68/><G68/><T30/><D106/><U105/><E105/><V84/><F130/><W37/><G103/><T67/><D8/><U35/><E104/><V18/><F55/><N who="3" m="31871" /><G114/><T99/><D124/><U118/><E100/><V10/><F123/><W0/><G0/><T85/><D85/><U131/><E118/><V4/><F11/><W26/><G26/><T60/><D113/><U64/><E27/><V34/><F32/><W62/><G12/><N who="0" m="9639" /><D67/><U3/><E35/><V126/><F126/><W129/><G62/><AGARI ba="0,0" hai="19,22,25,30,31,60,61,62,96,97,99" m="9639" machi="62" ten="30,1000,0" yaku="8,1" doraHai="41" who="0" fromWho="3" sc="374,10,150,0,218,0,258,-10" /><INIT seed="4,0,0,0,4,46" ten="384,150,218,248" oya="0" hai0="128,7,66,114,71,35,98,32,72,130,107,31,115" hai1="37,104,20,54,102,129,121,48,135,70,11,124,60" hai2="101,5,81,40,108,6,132,10,83,110,25,127,50" hai3="30,53,76,22,4,0,9,134,79,65,77,23,120"/><T87/><D72/><U21/><E121/><V111/><F127/><W1/><G134/><T49/><D7/><U42/><E104/><V85/><F132/><W95/><G65/><T36/><D36/><U28/><E102/><V57/><F101/><W82/><G1/><T58/><D87/><U97/><E135/><V45/><F25/><W26/><G120/><T105/><D71/><U131/><E97/><V78/><F83/><W51/><G95/><T106/><D98/><U62/><E11/><V34/><F34/><N who="0" m="12842" /><D31/><U17/><E28/><V18/><F18/><W3/><G23/><T56/><D66/><N who="1" m="41287" /><E62/><V52/><REACH who="2" step="1"/><F10/><REACH who="2" ten="384,150,208,248" step="2"/><W133/><G133/><T74/><D107/><U13/><E124/><V73/><F73/><W14/><REACH who="3" step="1"/><G82/><REACH who="3" ten="384,150,208,238" step="2"/><T89/><D105/><U67/><E21/><V99/><F99/><W126/><G126/><T119/><D106/><U2/><E20/><V116/><F116/><W68/><G68/><T12/><D119/><U88/><E129/><V39/><AGARI ba="0,2" hai="5,6,39,40,45,50,52,57,78,81,85,108,110,111" machi="39" ten="30,7900,0" yaku="1,1,0,1,52,1,54,1,53,0" doraHai="46" doraHaiUra="24" who="2" fromWho="2" sc="384,-39,150,-20,208,99,238,-20" /><INIT seed="5,0,0,4,3,72" ten="345,130,307,218" oya="1" hai0="82,17,114,38,124,11,128,77,75,69,107,106,133" hai1="108,23,131,36,70,119,67,103,120,84,0,16,56" hai2="104,5,130,122,95,6,55,64,4,98,7,91,42" hai3="76,21,2,125,43,35,12,132,39,118,85,41,29"/><U3/><E119/><V58/><F122/><W135/><G2/><T19/><D69/><U123/><E70/><V28/><F130/><W126/><G35/><T129/><D114/><U37/><E131/><N who="0" m="50249" /><D38/><U49/><E103/><V79/><F79/><W62/><G118/><T105/><D133/><N who="3" m="51273" /><G62/><T30/><D124/><N who="3" m="47721" /><G39/><T44/><D30/><U81/><E37/><V78/><F64/><W47/><G47/><T83/><D83/><U10/><E36/><V110/><F104/><W27/><G12/><N who="0" m="7327" /><D44/><U115/><E115/><V117/><F6/><W34/><G34/><T22/><D107/><U63/><E108/><V33/><F5/><W101/><G101/><T73/><D73/><U121/><E49/><V52/><F7/><W14/><G14/><AGARI ba="0,0" hai="14,19,22,75,77,82,105,106" m="7327,50249" machi="14" ten="30,2000,0" yaku="19,1,52,1" doraHai="72" who="0" fromWho="3" sc="345,20,130,0,307,0,218,-20" /><INIT seed="6,0,0,4,2,21" ten="365,130,307,198" oya="2" hai0="133,113,52,32,36,18,41,104,20,23,120,111,124" hai1="25,79,34,68,122,24,59,80,99,123,49,33,14" hai2="101,125,50,1,67,94,130,53,29,26,27,46,7" hai3="70,62,3,8,75,84,30,2,60,116,19,76,39"/><V73/><F73/><W85/><G39/><T78/><D111/><U88/><E68/><V58/><F125/><W92/><G75/><T117/><D120/><N who="1" m="46123" /><E14/><V47/><F130/><W74/><G74/><T22/><D113/><U126/><E126/><V131/><F131/><W102/><G70/><T51/><D32/><N who="1" m="12395" /><E79/><V86/><F1/><W107/><G2/><T114/><D114/><U43/><E59/><V119/><F7/><W5/><G107/><T15/><D133/><U38/><E38/><V13/><F13/><W55/><G116/><T48/><D104/><U10/><E10/><V17/><F119/><W97/><G30/><T128/><D36/><U98/><E99/><N who="2" m="59639" /><F17/><W112/><G112/><T93/><D117/><U66/><E66/><V16/><F16/><W96/><G96/><T135/><D135/><U134/><E134/><V105/><F29/><W63/><G19/><T40/><D128/><U64/><E64/><V91/><F105/><W42/><G76/><T35/><D78/><U12/><E12/><V115/><F115/><W56/><REACH who="3" step="1"/><G42/><REACH who="3" ten="365,130,307,188" step="2"/><T103/><D41/><U109/><E109/><V6/><F6/><W69/><G69/><T44/><D124/><U4/><E4/><V110/><F110/><W77/><G77/><T106/><D106/><U89/><E98/><V108/><F108/><W37/><G37/><T45/><D18/><U129/><E129/><V28/><F28/><W65/><G65/><T83/><D15/><U31/><E31/><V95/><F67/><W72/><G72/><T0/><D35/><U9/><E43/><V132/><F132/><RYUUKYOKU ba="0,1" sc="365,-15,130,-15,307,15,188,15" hai2="26,27,46,47,50,53,58,86,91,95" hai3="3,5,8,55,56,60,62,63,84,85,92,97,102" /><INIT seed="6,1,1,2,5,104" ten="350,115,322,203" oya="2" hai0="36,15,85,42,66,120,127,89,33,64,25,113,28" hai1="132,35,107,102,10,48,39,65,61,17,81,91,56" hai2="67,58,57,69,108,93,110,122,79,126,86,41,32" hai3="9,50,16,109,76,43,129,40,34,77,55,38,70"/><V44/><F122/><W128/><G34/><T124/><D120/><U62/><E132/><V74/><F126/><N who="0" m="48170" /><D113/><U116/><E116/><V45/><F32/><W119/><G70/><T106/><D106/><U4/><E39/><V135/><F93/><W12/><G109/><N who="2" m="42089" /><F86/><W5/><G5/><T111/><D111/><U2/><E35/><V125/><F125/><W112/><G112/><T72/><D15/><U98/><E17/><V114/><F114/><W23/><G9/><T7/><D7/><U22/><E22/><V13/><F13/><W80/><G76/><T0/><D0/><U94/><E81/><N who="2" m="45303" /><F135/><W96/><G96/><T82/><D72/><U20/><E20/><V46/><F41/><W117/><G38/><T3/><D3/><U131/><E131/><N who="3" m="50250" /><G117/><T83/><D83/><U68/><E48/><V118/><F118/><W75/><G119/><T101/><D101/><U73/><E73/><V71/><F71/><W29/><G29/><T8/><D8/><U37/><E37/><V1/><F1/><W59/><AGARI ba="1,1" hai="12,16,23,40,43,50,55,59,75,77,80" m="50250" machi="59" ten="30,4000,0" yaku="19,1,52,1,54,1" doraHai="104" who="3" fromWho="3" sc="350,-11,115,-11,322,-21,203,53" /><INIT seed="7,0,0,0,5,91" ten="339,104,301,256" oya="3" hai0="73,120,101,54,100,45,71,51,5,114,81,133,22" hai1="113,34,94,48,35,127,78,4,126,55,23,116,10" hai2="12,60,82,106,18,104,46,99,39,130,20,13,102" hai3="65,42,43,89,79,109,118,129,90,7,2,105,32"/><W76/><G118/><T68/><D120/><U83/><E113/><V124/><F124/><W21/><G32/><T62/><D114/><U14/><E116/><V49/><F130/><W103/><G7/><T77/><D133/><U28/><E35/><V132/><F39/><W57/><G2/><T119/><D119/><U66/><E66/><V29/><F132/><W108/><G103/><T52/><D5/><U75/><E126/><V47/><F47/><W59/><G105/><T19/><D54/><U44/><E127/><V11/><F60/><W86/><G86/><T15/><REACH who="0" step="1"/><D62/><REACH who="0" ten="329,104,301,256" step="2"/><U117/><E117/><V58/><F58/><N who="3" m="22027" /><G65/><T128/><D128/><U110/><E110/><N who="3" m="42602" /><G21/><T84/><D84/><U67/><E67/><V24/><F82/><W41/><G129/><T123/><D123/><U56/><E34/><V88/><F88/><AGARI ba="0,1" hai="41,42,43,76,79,88,89,90" m="42602,22027" machi="88" ten="40,12000,1" yaku="28,2,10,1,54,1" doraHai="91" who="3" fromWho="2" sc="329,0,104,0,301,-120,256,130" owari="329,12.9,104,-39.6,181,-21.9,386,48.6" /></mjloggm>