<mjloggm ver="2.3"><GO type="169" lobby="0"/><UN n0="%E6%95%97%E5%8C%97%E8%80%85%E3%81%AD%E3%82%8B" n1="%7A%65%52%6F" n2="%E4%B9%9D%E7%B4%8B%E9%BE%8D%E5%8F%B2%E9%80%B2" n3="%E3%81%8B%E3%82%81%E3%81%98%E3%82%8D%E3%81%86" dan="17,17,19,17" rate="2197.99,2212.72,2276.69,2207.01" sx="F,M,M,M"/><TAIKYOKU oya="0"/><INIT seed="0,0,0,3,4,127" ten="250,250,250,250" oya="0" hai0="52,101,102,46,69,66,63,78,14,13,34,87,35" hai1="113,8,99,33,133,77,25,98,60,61,68,15,22" hai2="55,116,5,48,18,41,71,114,16,84,43,124,107" hai3="118,59,20,10,105,109,62,72,21,7,75,108,91"/><T1/><D1/><U80/><E133/><V82/><F114/><W125/><G118/><T94/><D34/><U49/><E33/><V65/><F107/><W135/><G105/><T126/><D35/><U132/><E132/><V37/><F124/><W81/><G135/><T100/><D126/><U29/><E113/><V95/><F5/><W73/><G125/><T85/><D85/><N who="1" m="48271" /><E49/><V6/><F6/><W57/><G91/><T56/><D46/><U111/><E68/><V54/><F116/><W31/><G81/><T119/><D119/><U45/><E45/><V97/><F37/><W30/><G7/><T131/><D131/><U53/><E111/><N who="3" m="42570" /><G10/><T128/><D128/><U130/><E130/><V17/><F65/><W51/><G51/><T23/><D23/><N who="3" m="8777" /><G62/><N who="1" m="24170" /><E53/><N who="2" m="19979" /><F48/><W122/><G122/><T64/><D69/><U121/><E121/><V39/><F39/><W89/><G89/><N who="0" m="53567" /><D78/><U74/><E74/><V110/><F71/><W32/><G32/><T90/><D90/><U58/><E58/><AGARI ba="0,0" hai="30,31,57,58,59,72,73,75" m="8777,42570" machi="58" ten="40,5200,0" yaku="28,2,14,1" doraHai="127" who="3" fromWho="1" sc="250,0,250,-52,250,0,250,52" /><INIT seed="1,0,0,0,5,90" ten="250,198,250,302" oya="1" hai0="109,85,53,71,49,98,127,40,22,5,68,130,47" hai1="59,100,86,120,60,45,54,13,1,12,10,75,110" hai2="20,132,7,69,131,62,44,92,51,112,106,81,6" hai3="43,21,128,31,8,65,121,11,102,114,103,33,87"/><U84/><E120/><V4/><F106/><W78/><G114/><T104/><D109/><U93/><E75/><V29/><F131/><W57/><G121/><T36/><D130/><U88/><E110/><V25/><F132/><W38/><G33/><T37/><D127/><U24/><E1/><V35/><F112/><W16/><G31/><T55/><D5/><U111/><E111/><V76/><F35/><W23/><G128/><T2/><D85/><U89/><E100/><V48/><F69/><N who="0" m="26698" /><D22/><U108/><E108/><V97/><F62/><N who="3" m="38095" /><G43/><T117/><D98/><U50/><E24/><V99/><F99/><W91/><G38/><N who="0" m="21911" /><D2/><U42/><E10/><N who="3" m="3626" /><G78/><T74/><D74/><U107/><E107/><V52/><F48/><W66/><G23/><T27/><D27/><U113/><E113/><V46/><F46/><W134/><G134/><T83/><D83/><AGARI ba="0,0" hai="12,13,42,45,50,54,59,60,83,84,86,88,89,93" machi="83" ten="30,11600,0" yaku="7,1,8,1,52,1,54,1" doraHai="90" who="1" fromWho="0" sc="250,-116,198,116,250,0,302,0" /><INIT seed="1,1,0,3,4,126" ten="134,314,250,302" oya="1" hai0="42,28,38,110,125,129,116,49,39,111,77,0,87" hai1="100,114,7,117,70,127,52,45,53,91,69,75,22" hai2="59,89,119,79,23,133,11,21,43,97,48,18,134" hai3="20,24,118,67,50,122,104,124,29,46,63,55,54"/><U60/><E75/><V25/><F79/><W93/><G104/><T106/><D0/><U82/><E114/><V30/><F119/><W81/><G122/><T57/><D106/><U4/><E117/><V35/><F89/><W130/><G118/><T8/><D116/><U123/><E123/><V16/><F97/><W107/><G107/><T44/><D125/><U31/><E127/><V113/><F113/><W9/><G124/><T121/><D28/><U3/><E100/><V84/><F84/><W65/><G81/><N who="0" m="47535" /><D121/><U72/><E91/><V71/><F71/><W95/><G130/><T26/><D26/><U41/><E82/><V74/><F74/><W17/><G55/><N who="0" m="31983" /><D8/><U58/><E72/><V62/><F48/><W120/><G120/><T96/><D96/><U98/><E98/><V94/><F43/><W92/><G63/><T13/><D13/><AGARI ba="1,0" hai="9,13,17,20,24,29,46,50,54,65,67,92,93,95" machi="13" ten="40,1300,0" yaku="8,1" doraHai="126" who="3" fromWho="0" sc="134,-16,314,0,250,0,302,16" /><INIT seed="2,0,0,5,1,37" ten="118,314,250,318" oya="2" hai0="84,44,31,80,122,71,82,14,56,85,74,95,33" hai1="41,106,126,93,39,54,66,49,51,68,28,9,11" hai2="67,58,3,120,55,12,45,0,107,59,102,36,130" hai3="70,100,6,109,133,124,86,113,60,118,69,15,53"/><V88/><F120/><W57/><G100/><T87/><D122/><U112/><E106/><V92/><F130/><W115/><G86/><T43/><D71/><U50/><E112/><N who="3" m="43082" /><G6/><T127/><D127/><U40/><E39/><V35/><F35/><W8/><G15/><T24/><D74/><U83/><E126/><V22/><F102/><W132/><G8/><N who="1" m="3146" /><E68/><V16/><F107/><W10/><G10/><T47/><D47/><U7/><E66/><V27/><F12/><W34/><G34/><T63/><D14/><U17/><E7/><V1/><F67/><W134/><G124/><T123/><D95/><U108/><E108/><V65/><F65/><N who="3" m="39055" /><G118/><T75/><D75/><U21/><E28/><V5/><F5/><W23/><G23/><T26/><D123/><U25/><E83/><V52/><F55/><W76/><G76/><T96/><D96/><U111/><E111/><V128/><F128/><W38/><G109/><T2/><D2/><U116/><E116/><V89/><F89/><W29/><G29/><T73/><D73/><U129/><E129/><V79/><F79/><W135/><G135/><T94/><D94/><U117/><E117/><V18/><F18/><W64/><G64/><T114/><D114/><U13/><E13/><V97/><REACH who="2" step="1"/><F52/><REACH who="2" ten="118,314,240,318" step="2"/><W98/><G53/><N who="0" m="34191" /><D24/><U61/><E54/><V4/><F4/><W91/><G70/><T48/><D33/><U32/><E32/><V77/><F77/><W72/><G69/><T105/><D105/><U81/><E61/><V30/><F30/><W42/><G134/><T90/><D90/><U119/><E119/><RYUUKYOKU ba="0,1" sc="118,15,314,-15,240,15,318,-15" hai0="26,31,43,44,48,80,82,84,85,87" hai2="0,1,3,16,22,27,36,45,58,59,88,92,97" /><INIT seed="2,1,1,3,1,49" ten="133,299,255,303" oya="2" hai0="120,11,119,95,91,58,20,65,24,53,71,2,98" hai1="62,8,106,16,112,51,130,87,85,32,83,14,101" hai2="59,81,92,122,103,105,34,33,52,78,26,46,96" hai3="56,124,73,111,5,80,22,1,74,23,113,88,4"/><V117/><F117/><W55/><G111/><T132/><D120/><U39/><E112/><V21/><F46/><W41/><G124/><T28/><D119/><U64/><E39/><V30/><F105/><W108/><G108/><T61/><D132/><U133/><E133/><V100/><F100/><W77/><G113/><T90/><D2/><U29/><E130/><V104/><F104/><W12/><G41/><T63/><REACH who="0" step="1"/><D11/><REACH who="0" ten="123,299,255,303" step="2"/><U10/><E10/><V69/><F122/><W68/><G1/><T15/><D15/><U102/><E14/><V89/><F69/><W93/><G12/><T35/><D35/><U66/><E8/><V82/><F103/><AGARI ba="1,2" hai="20,24,28,53,58,61,63,65,71,90,91,95,98,103" machi="103" ten="30,8000,1" yaku="1,1,7,1,52,1,53,2" doraHai="49" doraHaiUra="86" who="0" fromWho="2" sc="123,103,299,0,255,-83,303,0" /><INIT seed="3,0,0,0,1,3" ten="226,299,172,303" oya="3" hai0="61,14,82,50,24,0,16,31,71,109,74,124,20" hai1="35,4,37,104,108,66,116,41,133,21,85,23,5" hai2="46,97,83,89,27,107,80,64,48,115,113,77,79" hai3="56,60,53,55,95,88,78,112,96,117,103,122,118"/><W39/><G112/><T135/><D0/><U127/><E35/><V126/><F64/><W128/><G122/><T34/><D109/><U102/><E108/><V12/><F126/><W13/><G39/><T101/><D124/><U59/><E127/><V121/><F121/><W99/><G78/><T110/><D110/><U73/><E73/><V30/><F80/><W57/><G128/><T84/><D135/><U65/><E104/><V134/><F79/><W28/><G28/><T114/><D74/><U49/><E37/><V98/><F134/><W131/><G13/><T26/><D101/><U75/><E75/><V17/><F98/><W1/><G1/><T36/><D36/><U106/><E106/><V123/><F123/><W130/><G130/><T2/><D2/><U45/><E102/><V42/><F97/><W72/><G72/><T94/><D94/><U129/><E116/><V29/><F89/><W70/><G70/><T10/><D114/><U32/><E32/><V105/><F29/><W86/><G99/><T111/><D50/><U63/><E129/><V58/><F115/><W132/><G131/><T51/><D51/><U90/><E65/><V87/><F58/><W15/><G15/><T67/><D111/><U33/><E33/><N who="2" m="20703" /><F113/><W7/><G132/><T38/><D38/><U76/><E76/><V25/><F25/><W125/><G125/><T100/><D100/><U44/><E44/><V6/><F17/><W19/><G19/><N who="0" m="8663" /><D82/><N who="1" m="49463" /><E133/><V92/><F92/><W81/><REACH who="3" step="1"/><G7/><AGARI ba="0,0" hai="4,5,7,21,23,41,45,49,59,63,66" m="49463" machi="7" ten="30,7700,0" yaku="8,1,52,3" doraHai="3" who="1" fromWho="3" sc="226,0,299,77,172,0,303,-77" /><INIT seed="4,0,0,3,2,111" ten="226,376,172,226" oya="0" hai0="128,53,119,22,131,6,75,1,19,25,106,110,62" hai1="10,65,34,36,23,105,87,7,100,72,56,55,43" hai2="20,95,37,59,127,120,92,118,66,80,17,51,14" hai3="28,82,35,90,49,104,68,70,4,132,115,57,69"/><T13/><D75/><U126/><E72/><V67/><F37/><W31/><G104/><T134/><D106/><U11/><E34/><V114/><F120/><W89/><G132/><T113/><D62/><U121/><E121/><V123/><F123/><W91/><G4/><T86/><D53/><U81/><E65/><V38/><F38/><W8/><G8/><N who="0" m="2127" /><D86/><U21/><E11/><V26/><F118/><W78/><G35/><T47/><D47/><U79/><E100/><V41/><F127/><W93/><G93/><T74/><D74/><U112/><E126/><V84/><F26/><W125/><G125/><T101/><D101/><U102/><E102/><V27/><F27/><W18/><G18/><N who="0" m="12503" /><D119/><U77/><E79/><V60/><F67/><W50/><G57/><T64/><D64/><U107/><E107/><V117/><F117/><W3/><G3/><T54/><D54/><U30/><E43/><V109/><F109/><W85/><REACH who="3" step="1"/><G115/><REACH who="3" ten="226,376,172,216" step="2"/><T97/><D110/><U88/><E56/><V42/><F114/><W46/><G46/><T133/><D113/><U5/><E112/><V73/><F73/><W98/><G98/><T44/><D97/><U124/><E5/><V9/><F9/><W61/><G61/><T96/><D44/><U39/><E10/><V52/><F95/><W33/><G33/><T63/><D96/><U99/><E7/><V116/><F92/><W15/><G15/><T76/><D63/><U94/><E105/><V12/><F12/><W0/><G0/><T58/><D133/><U103/><E124/><V24/><F116/><W48/><AGARI ba="0,1" hai="28,31,48,49,50,68,69,70,78,82,85,89,90,91" machi="48" ten="40,8000,1" yaku="1,1,5,1,0,1,29,2,53,0" doraHai="111" doraHaiUra="16" who="3" fromWho="3" sc="226,-40,376,-20,172,-20,216,90" /><INIT seed="5,0,0,4,5,29" ten="186,356,152,306" oya="1" hai0="40,121,58,76,130,78,69,67,11,97,10,34,125" hai1="22,24,56,124,9,103,96,108,111,52,41,21,89" hai2="36,45,110,13,93,5,132,4,15,113,123,38,95" hai3="94,127,2,1,50,92,32,91,39,117,104,74,120"/><U119/><E119/><V75/><F75/><W86/><G120/><T99/><D40/><U7/><E89/><V57/><F57/><W82/><G39/><T0/><D0/><U77/><E77/><V6/><F45/><W98/><G117/><T112/><D69/><U83/><E83/><V49/><F49/><W81/><G50/><T53/><D130/><U8/><E41/><V18/><F18/><W33/><G127/><T128/><D112/><U35/><E124/><V51/><F51/><W70/><G70/><T105/><D128/><U80/><E80/><V131/><F131/><W85/><G104/><T133/><D125/><U116/><E116/><V84/><F84/><W118/><G118/><T27/><D67/><U87/><E87/><V88/><F88/><W107/><G107/><T59/><D105/><U65/><E65/><V126/><F126/><W44/><G91/><T129/><D129/><U23/><E96/><V135/><F110/><N who="1" m="42025" /><E103/><V55/><F55/><W122/><G98/><T16/><D53/><U100/><E7/><V66/><F66/><W60/><G44/><T12/><D133/><N who="2" m="51274" /><F123/><W14/><G122/><T46/><D121/><U73/><E73/><V17/><F113/><W61/><REACH who="3" step="1"/><G14/><REACH who="3" ten="186,356,152,296" step="2"/><N who="2" m="5129" /><F17/><W43/><G43/><T102/><D16/><U47/><E47/><V31/><F31/><W134/><G134/><T25/><D46/><U64/><E100/><V79/><F79/><W30/><G30/><T26/><D102/><U115/><E115/><V19/><F19/><W101/><G101/><T72/><D78/><U28/><E56/><V37/><AGARI ba="0,1" hai="4,5,6,36,37,38,93,95" m="5129,51274" machi="37" ten="40,8000,1" yaku="5,1,28,2,20,1" doraHai="29" who="2" fromWho="2" sc="186,-20,356,-40,152,90,296,-20" /><INIT seed="6,0,0,4,1,112" ten="166,316,242,276" oya="2" hai0="37,45,135,65,85,118,75,12,115,133,20,57,74" hai1="35,87,121,90,88,5,129,27,91,122,95,124,21" hai2="1,111,76,84,48,52,6,120,123,89,78,42,134" hai3="3,33,97,80,73,51,83,103,131,43,62,24,23"/><V98/><F134/><W101/><G3/><T114/><D85/><U54/><E35/><V7/><F111/><W128/><G33/><T25/><D12/><U119/><E119/><V108/><F108/><W30/><G101/><T18/><D37/><U53/><E129/><N who="3" m="49738" /><G73/><T60/><D45/><U125/><E5/><V126/><F126/><N who="1" m="48745" /><E53/><V113/><F113/><N who="0" m="43018" /><D75/><U17/><E54/><V79/><F42/><W59/><G51/><T50/><D74/><U32/><E32/><V49/><F49/><W55/><G43/><T72/><D50/><U105/><E105/><AGARI ba="0,0" hai="23,24,30,55,59,62,80,83,97,103,105" m="49738" machi="105" ten="30,1000,0" yaku="19,1" doraHai="112" who="3" fromWho="1" sc="166,0,316,-10,242,0,276,10" /><INIT seed="7,0,0,5,4,67" ten="166,306,242,286" oya="3" hai0="111,127,80,75,87,33,50,8,2,56,6,96,105" hai1="113,120,121,55,27,131,71,58,44,3,114,124,77" hai2="31,34,61,42,106,46,54,89,57,51,90,108,91" hai3="129,119,97,99,81,102,100,130,7,73,88,39,15"/><W122/><G39/><T29/><D111/><U132/><E71/><V107/><REACH who="2" step="1"/><F108/><REACH who="2" ten="166,306,232,286" step="2"/><W110/><G110/><T48/><D127/><U118/><E124/><V18/><F18/><W13/><G119/><T128/><D75/><U83/><E118/><V115/><F115/><W45/><G122/><T60/><D128/><N who="3" m="49257" /><G7/><T10/><D10/><U104/><E131/><V74/><F74/><W63/><G73/><T125/><D125/><U103/><E121/><V28/><F28/><W9/><G9/><T66/><D29/><U112/><E120/><V30/><F30/><W21/><G21/><T94/><D33/><U52/><E112/><V59/><F59/><W62/><G45/><T92/><D105/><U14/><E44/><V20/><F20/><W40/><G40/><T16/><D16/><U47/><E47/><V38/><F38/><W32/><G32/><T117/><D117/><U22/><E58/><V23/><F23/><W126/><G126/><T37/><D37/><U64/><E114/><V76/><F76/><W41/><G41/><T70/><D56/><U36/><E36/><V65/><F65/><W133/><G15/><T95/><REACH who="0" step="1"/><D96/><REACH who="0" ten="156,306,232,286" step="2"/><U68/><E113/><V49/><F49/><W12/><G97/><T116/><D116/><U86/><E22/><V35/><F35/><W78/><G99/><T79/><AGARI ba="0,2" hai="2,6,8,48,50,60,66,70,79,80,87,92,94,95" machi="79" ten="30,4000,0" yaku="1,1,0,1,52,1,53,0" doraHai="67" doraHaiUra="53" who="0" fromWho="0" sc="156,60,306,-10,232,-10,286,-20" /><INIT seed="8,0,0,5,2,23" ten="216,296,222,266" oya="0" hai0="84,57,103,54,85,117,101,95,132,53,19,49,7" hai1="72,116,50,128,88,79,67,58,25,17,3,40,9" hai2="13,96,36,118,18,89,110,34,5,33,123,11,22" hai3="29,104,43,93,69,115,91,134,119,27,98,71,122"/><T35/><D35/><U14/><E116/><V83/><F110/><W124/><G115/><T52/><D117/><U111/><E111/><V108/><F108/><W109/><G109/><T82/><D132/><U44/><E128/><V87/><F118/><W127/><G119/><T47/><D7/><U1/><E72/><V86/><F36/><W55/><G43/><T42/><D57/><U56/><E79/><V94/><F87/><W73/><G73/><T126/><D126/><N who="3" m="48169" /><G104/><T2/><D2/><U30/><E88/><V100/><REACH who="2" step="1"/><F123/><REACH who="2" ten="216,296,212,266" step="2"/><W125/><G125/><T32/><D32/><U60/><E58/><V78/><F78/><W113/><G122/><T15/><D95/><U28/><E28/><V66/><F66/><W12/><G29/><T45/><D45/><U97/><E97/><V120/><F120/><W61/><G98/><T102/><REACH who="0" step="1"/><D82/><REACH who="0" ten="206,296,212,266" step="2"/><U63/><E60/><V6/><F6/><W112/><G61/><T62/><D62/><U68/><E56/><V129/><F129/><W41/><G93/><T48/><D48/><U70/><E68/><V107/><F107/><W26/><G71/><T38/><D38/><U8/><E63/><V65/><F65/><W76/><G69/><T99/><D99/><U21/><E67/><V135/><F135/><W31/><G134/><T51/><D51/><U16/><E70/><V92/><F92/><W90/><G113/><T106/><D106/><U37/><E37/><V0/><AGARI ba="0,2" hai="0,5,11,13,18,22,33,34,83,86,89,94,96,100" machi="0" ten="20,2700,0" yaku="1,1,0,1,7,1,53,0" doraHai="23" doraHaiUra="121" who="2" fromWho="2" sc="206,-13,296,-7,212,47,266,-7" /><INIT seed="9,0,0,0,1,124" ten="193,289,259,259" oya="1" hai0="122,22,40,77,27,39,89,78,99,115,45,10,62" hai1="23,74,68,14,29,92,98,83,65,103,117,116,128" hai2="105,94,133,114,60,86,33,50,32,47,81,126,34" hai3="79,129,73,28,110,132,1,113,125,49,135,131,57"/><U11/><E128/><N who="3" m="49226" /><G110/><T21/><D115/><U15/><E68/><V56/><F105/><W118/><G113/><T75/><D122/><U12/><E65/><V80/><F114/><W76/><G125/><T30/><D75/><U95/><E95/><V127/><F133/><N who="3" m="51275" /><G118/><N who="1" m="45674" /><E29/><V19/><F127/><W119/><G119/><T58/><D10/><U43/><E43/><V9/><F126/><W108/><G108/><T91/><D21/><U101/><E23/><V120/><F120/><W35/><G1/><T102/><D78/><N who="3" m="29737" /><G73/><T61/><D77/><N who="1" m="44471" /><E101/><V7/><F34/><W46/><G57/><T96/><D96/><U26/><E26/><V97/><F33/><W13/><G13/><T48/><D39/><U5/><AGARI ba="0,0" hai="5,11,12,14,15,92,98,103" m="44471,45674" machi="5" ten="30,1500,0" yaku="16,1" doraHai="124" who="1" fromWho="1" sc="193,-5,289,15,259,-5,259,-5" owari="188,-31.2,304,40.4,254,5.4,254,-14.6" /></mjloggm>