<mjloggm ver="2.3"><GO type="225" lobby="0"/><UN n0="%E3%82%A2%E3%82%A4%E3%82%B9%E3%83%86%E3%82%A3%E3%83%BC%E3%81%82%E3%81%B9" n1="%E7%B4%94%E6%BD%94%E3%83%94%E3%83%A9%E3%83%8B%E3%82%A2" n2="%E5%91%A8%E6%9D%B1" n3="%E6%97%A5%E6%9B%9C%E6%97%A5%E3%82%88%E3%82%8A%E3%81%AE%E4%BD%BF%E8%80%85" dan="16,16,16,17" rate="2078.26,2166.10,2154.63,2210.88" sx="M,M,M,M"/><TAIKYOKU oya="0"/><INIT seed="0,0,0,0,0,74" ten="250,250,250,250" oya="0" hai0="125,82,66,126,86,29,104,12,1,15,42,111,123" hai1="57,46,41,51,54,130,116,32,56,107,13,59,97" hai2="99,90,124,94,43,0,76,10,92,6,78,131,115" hai3="70,81,108,109,48,4,80,103,100,132,72,27,24"/><T77/><D123/><U106/><E32/><V134/><F115/><W63/><G4/><T117/><D117/><U37/><E116/><V18/><F131/><W75/><G48/><T62/><D1/><U89/><E130/><V36/><F124/><N who="0" m="47722" /><D104/><U25/><E25/><N who="3" m="9802" /><G63/><T45/><D29/><U96/><E13/><V73/><F73/><N who="3" m="28235" /><G70/><N who="0" m="42327" /><D111/><N who="3" m="42569" /><G132/><T17/><D17/><U53/><E106/><V52/><F134/><W3/><G3/><T118/><D118/><U91/><E107/><V55/><F18/><W30/><G30/><T69/><D69/><U68/><E68/><V47/><REACH who="2" step="1"/><F94/><REACH who="2" ten="250,250,240,250" step="2"/><W85/><G85/><T87/><D86/><U127/><E127/><V128/><F128/><W88/><G88/><T8/><D8/><U22/><E89/><V112/><F112/><W133/><G133/><T28/><D28/><U5/><E91/><V21/><F21/><W122/><G122/><T93/><D93/><U84/><E84/><V40/><F40/><W61/><G61/><T31/><D31/><U39/><E22/><V19/><F19/><W105/><G105/><T79/><D77/><AGARI ba="0,1" hai="0,6,10,36,43,47,52,55,76,77,78,90,92,99" machi="77" ten="40,8000,1" yaku="1,1,52,3,54,1,53,0" doraHai="74" doraHaiUra="83" who="2" fromWho="0" sc="250,-80,250,0,240,90,250,0" /><INIT seed="1,0,0,3,4,75" ten="170,250,330,250" oya="1" hai0="19,2,117,51,95,92,7,116,5,131,99,134,102" hai1="14,26,13,30,12,115,60,24,3,27,31,119,130" hai2="127,81,89,64,83,101,48,104,69,72,114,35,29" hai3="74,47,46,109,91,71,106,129,103,94,110,56,82"/><U120/><E115/><V132/><F114/><W122/><G71/><T133/><D131/><U16/><E60/><V43/><F43/><W76/><G122/><T41/><D19/><U22/><E120/><V88/><F48/><W118/><G129/><T98/><D51/><U1/><E119/><V32/><F29/><N who="1" m="10761" /><E130/><V79/><F127/><W0/><G0/><AGARI ba="0,0" hai="0,1,3,12,13,14,16,22,24,26,27" m="10761" machi="0" ten="30,18000,2" yaku="35,5,54,1" doraHai="75" who="1" fromWho="3" sc="170,0,250,180,330,0,250,-180" /><INIT seed="1,1,0,0,4,103" ten="170,430,330,70" oya="1" hai0="107,44,32,81,75,96,9,72,130,73,29,85,33" hai1="59,98,83,3,34,99,35,92,56,31,27,11,20" hai2="132,66,61,55,123,43,119,5,110,13,78,49,97" hai3="87,105,16,113,47,39,133,95,41,57,88,25,62"/><U24/><E83/><V60/><F119/><W115/><G133/><T117/><D117/><U122/><E122/><V68/><F132/><W38/><G38/><T126/><D130/><U74/><E74/><V112/><F123/><W80/><G80/><T120/><D120/><U129/><E129/><V1/><F1/><W37/><G37/><T7/><D29/><U54/><E59/><V53/><F78/><W93/><G93/><T77/><D126/><U109/><E109/><V52/><F97/><W6/><G6/><T108/><D108/><U28/><E20/><V100/><F100/><W76/><G76/><T45/><D107/><U2/><E11/><V114/><F13/><W118/><G118/><T42/><D96/><U67/><E67/><N who="2" m="41063" /><F5/><W23/><REACH who="3" step="1"/><G105/><REACH who="3" ten="170,430,330,60" step="2"/><T84/><D81/><U63/><E98/><V14/><F110/><W51/><G51/><T22/><D77/><U124/><E124/><V30/><F112/><W91/><G91/><AGARI ba="1,1" hai="2,3,24,27,28,31,34,35,54,56,63,91,92,99" machi="91" ten="30,2900,0" yaku="7,1,9,1" doraHai="103" who="1" fromWho="3" sc="170,0,430,42,330,0,60,-32" /><INIT seed="1,2,0,1,1,12" ten="170,472,330,28" oya="1" hai0="98,85,100,107,72,131,61,55,24,10,91,62,108" hai1="114,117,33,97,78,113,82,22,96,133,54,79,76" hai2="101,74,7,25,125,32,80,53,132,124,65,88,26" hai3="48,19,16,51,110,77,64,0,95,83,81,56,102"/><U41/><E33/><V63/><F132/><W40/><G0/><T135/><D108/><U70/><E70/><V27/><F7/><W59/><G110/><T94/><D131/><U11/><E117/><V99/><F53/><N who="3" m="31783" /><G64/><T4/><D135/><U57/><E41/><V116/><F116/><W13/><G13/><T122/><D122/><U23/><E11/><V104/><F74/><W103/><G77/><T126/><D126/><U118/><E82/><N who="3" m="31242" /><G95/><T68/><D72/><U86/><E86/><V105/><F105/><W75/><G75/><T111/><D68/><U130/><E130/><V5/><F124/><W18/><G59/><T31/><D55/><U38/><E38/><V69/><F125/><W6/><G6/><T66/><D66/><U35/><E35/><V36/><F5/><W9/><G9/><T21/><D111/><U84/><E84/><N who="2" m="50183" /><F36/><W93/><G93/><T3/><AGARI ba="2,0" hai="3,4,10,21,24,31,61,62,85,91,94,98,100,107" machi="3" ten="20,1500,0" yaku="0,1,7,1" doraHai="12" who="0" fromWho="0" sc="170,21,472,-9,330,-6,28,-6" /><INIT seed="2,0,0,3,2,106" ten="191,463,324,22" oya="2" hai0="74,87,86,21,27,67,64,13,82,49,24,33,44" hai1="59,124,20,115,54,30,31,17,60,56,25,76,117" hai2="23,125,61,32,47,85,84,0,50,97,70,81,114" hai3="79,99,91,77,126,111,132,75,28,89,46,72,55"/><V10/><F114/><W102/><G28/><T65/><D33/><U22/><E117/><V1/><F32/><W48/><G111/><T68/><D68/><U36/><E36/><V7/><F125/><W95/><G126/><T63/><D63/><U34/><E34/><V26/><F1/><W45/><G132/><T90/><D74/><U109/><E109/><V52/><F97/><W110/><G110/><T128/><D128/><U18/><E115/><V37/><F37/><W94/><G102/><T108/><D108/><U104/><E104/><V8/><F8/><W123/><G123/><T134/><D134/><U80/><E59/><V96/><F96/><W53/><G48/><T100/><D100/><U120/><E120/><V29/><REACH who="2" step="1"/><F81/><REACH who="2" ten="191,463,314,22" step="2"/><W113/><REACH who="3" step="1"/><G99/><REACH who="3" ten="191,463,314,12" step="2"/><T11/><D49/><U40/><E124/><V135/><F135/><W131/><G131/><T130/><D130/><U39/><E39/><V71/><F71/><W4/><G4/><T129/><D129/><U133/><E133/><V35/><F35/><W92/><G92/><T2/><D82/><U41/><E80/><V51/><F51/><W105/><G105/><T116/><D116/><U43/><E76/><V107/><F107/><W15/><G15/><AGARI ba="0,2" hai="15,17,18,20,22,25,30,31,40,41,43,54,56,60" machi="15" ten="40,1300,0" yaku="8,1" doraHai="106" who="1" fromWho="3" sc="191,0,463,33,314,0,12,-13" owari="191,-20.9,496,59.6,314,11.4,-1,-50.1" /></mjloggm>