<mjloggm ver="2.3"><GO type="169" lobby="0"/><UN n0="%E7%95%99%E3%83%81%E3%83%A7%E3%83%AD" n1="%E9%87%A3%E3%82%8A%E6%97%A5%E5%92%8C" n2="%E3%82%89%E3%81%84%E3%81%B5%E3%81%8C%E3%83%BC%E3%81%A9%E3%81%99%E3%81%8D" n3="%E3%82%BC%E3%83%B3%E3%83%84%E3%83%9E%E3%82%B7%E3%83%BC%E3%83%B3" dan="19,17,17,16" rate="2334.89,2191.48,2091.95,2146.52" sx="M,M,M,M"/><TAIKYOKU oya="0"/><INIT seed="0,0,0,2,2,102" ten="250,250,250,250" oya="0" hai0="131,19,101,31,22,24,65,59,122,20,21,84,54" hai1="85,27,86,4,38,3,129,33,44,83,17,58,132" hai2="93,43,103,62,71,18,118,51,28,92,50,35,111" hai3="11,69,95,97,40,99,127,134,47,76,29,0,16"/><T66/><D122/><U121/><E121/><V91/><F111/><W56/><G69/><T109/><D131/><U124/><E129/><V74/><F74/><W87/><G134/><T90/><D109/><U77/><E132/><V63/><F118/><W2/><G127/><T46/><D46/><U105/><E124/><V45/><F28/><W12/><G29/><T60/><D101/><U75/><E33/><V55/><F35/><W98/><G56/><T89/><D89/><U115/><E58/><V135/><F135/><W5/><G5/><T26/><REACH who="0" step="1"/><D21/><REACH who="0" ten="240,250,250,250" step="2"/><U8/><E115/><V72/><F103/><W128/><G128/><T13/><D13/><U30/><E44/><V1/><F91/><W41/><G47/><T81/><AGARI ba="0,1" hai="19,20,22,24,26,31,54,59,60,65,66,81,84,90" machi="81" ten="20,12000,1" yaku="1,1,0,1,7,1,8,1,53,1" doraHai="102" doraHaiUra="79" who="0" fromWho="0" sc="240,130,250,-40,250,-40,250,-40" /><INIT seed="0,1,0,3,0,91" ten="370,210,210,210" oya="0" hai0="126,133,103,46,18,76,50,108,53,59,26,79,88" hai1="121,125,54,93,87,89,71,66,109,84,9,11,6" hai2="131,85,42,92,56,105,65,122,4,57,134,10,0" hai3="94,75,40,110,62,3,101,77,127,60,33,45,2"/><T17/><D133/><U30/><E121/><V35/><F122/><W47/><G33/><T97/><D126/><U111/><E125/><V63/><F134/><W43/><G127/><T73/><D108/><N who="1" m="41547" /><E30/><V132/><F131/><W83/><G110/><T44/><D73/><U72/><E72/><V15/><F105/><W80/><G80/><T8/><D17/><U100/><E100/><V114/><F114/><W31/><G31/><T116/><D116/><U5/><E54/><V64/><F35/><W70/><G70/><T113/><D113/><U13/><E66/><V120/><F120/><W104/><G104/><T55/><D103/><U81/><E71/><V107/><F107/><W28/><G28/><T58/><D44/><U78/><E11/><V25/><F42/><W38/><G2/><T130/><D130/><U51/><E51/><V24/><F0/><W67/><G3/><T32/><D32/><U23/><E23/><V86/><F132/><W98/><REACH who="3" step="1"/><G67/><REACH who="3" ten="370,210,210,200" step="2"/><T39/><D76/><U102/><E102/><V22/><F65/><W106/><G106/><T41/><D79/><U61/><E61/><V124/><F63/><W90/><G90/><T20/><D88/><U118/><E118/><V49/><F64/><W36/><AGARI ba="1,1" hai="36,38,40,43,45,47,60,62,75,77,83,94,98,101" machi="36" ten="20,12000,2" yaku="1,1,0,1,7,1,9,1,52,1,53,1" doraHai="91" doraHaiUra="95" who="3" fromWho="3" sc="370,-61,210,-31,210,-31,200,133" /><INIT seed="1,0,0,5,3,83" ten="309,179,179,333" oya="1" hai0="87,1,37,110,52,41,58,31,33,108,17,82,62" hai1="116,47,23,129,102,113,75,25,55,34,71,14,44" hai2="81,123,18,90,53,79,76,39,99,16,97,98,78" hai3="122,5,130,59,109,111,19,101,72,84,69,92,133"/><U67/><E113/><V106/><F39/><W11/><G122/><T73/><D73/><U128/><E116/><V42/><F123/><W124/><G69/><T118/><D118/><U24/><E75/><V125/><F125/><W30/><G124/><T100/><D1/><U48/><E102/><V94/><F42/><W114/><G72/><T65/><D100/><U51/><E67/><V120/><F120/><W105/><G105/><T132/><D132/><U9/><E34/><V15/><F81/><W77/><G114/><T88/><D17/><U8/><E71/><V121/><F121/><W93/><G130/><N who="1" m="50282" /><E23/><V66/><F66/><W20/><G30/><T80/><D33/><U74/><E74/><V134/><F134/><W68/><G68/><T13/><D13/><U29/><E29/><V45/><F106/><W56/><G133/><T28/><D80/><U54/><E8/><V43/><F43/><W60/><G101/><T126/><D126/><U22/><E22/><V131/><F131/><W26/><G77/><T3/><D3/><U38/><E38/><V107/><F107/><W61/><G11/><T49/><D41/><U85/><E85/><N who="2" m="52559" /><F15/><W12/><G12/><T91/><D37/><U50/><E50/><AGARI ba="0,0" hai="16,18,45,50,53,76,78,79,97,98,99" m="52559" machi="50" ten="30,3900,0" yaku="8,1,52,1,54,1" doraHai="83" who="2" fromWho="1" sc="309,0,179,-39,179,39,333,0" /><INIT seed="2,0,0,0,5,37" ten="309,140,218,333" oya="2" hai0="112,9,2,127,50,119,17,52,49,38,135,81,94" hai1="104,117,64,3,18,56,114,90,47,89,32,129,27" hai2="58,13,14,75,84,22,62,121,92,31,96,57,63" hai3="42,110,80,82,7,77,106,113,40,12,111,134,54"/><V51/><F75/><W86/><G134/><T28/><D112/><U45/><E114/><V21/><F121/><W26/><G106/><T87/><D38/><U24/><E3/><V66/><F84/><W95/><G113/><T72/><D135/><U0/><E0/><V123/><F123/><W55/><G26/><T44/><D127/><U10/><E104/><V99/><F51/><W48/><G95/><T5/><D119/><U71/><E71/><V36/><F36/><W126/><G126/><T98/><D28/><U46/><E129/><V76/><F76/><W8/><G80/><T23/><D72/><U33/><E33/><V115/><F115/><W132/><G132/><T130/><D49/><U69/><E69/><V16/><F92/><W131/><G131/><T118/><D118/><U88/><E32/><V133/><F133/><W41/><REACH who="3" step="1"/><G55/><REACH who="3" ten="309,140,218,323" step="2"/><T29/><D130/><U43/><E117/><V85/><F85/><W67/><G67/><T11/><D87/><U101/><E27/><V4/><F31/><W107/><G107/><T6/><D29/><U65/><E65/><V34/><F34/><W20/><G20/><T120/><D81/><U53/><E64/><V109/><F66/><W116/><G116/><T83/><D83/><U78/><E24/><V19/><F109/><W61/><G61/><T30/><D30/><U60/><E78/><V74/><F74/><W102/><G102/><N who="0" m="60759" /><D120/><U25/><E101/><V1/><F1/><W70/><G70/><T125/><D125/><U91/><N who="1" m="22528" /><DORA hai="97" /><U124/><E124/><V122/><F122/><W100/><G100/><RYUUKYOKU ba="0,1" sc="309,-15,140,-15,218,15,323,15" hai2="4,13,14,16,19,21,22,57,58,62,63,96,99" hai3="7,8,12,40,41,42,48,54,77,82,86,110,111" /><INIT seed="2,1,1,1,4,79" ten="294,125,233,338" oya="2" hai0="90,17,96,65,23,100,92,102,12,15,129,105,14" hai1="101,109,1,69,97,115,94,10,133,82,41,33,62" hai2="39,91,54,40,51,29,74,122,131,87,75,19,73" hai3="107,5,31,46,35,76,37,110,135,113,134,4,80"/><V84/><F122/><W95/><G110/><T93/><D129/><U118/><E115/><V126/><F131/><W104/><G113/><T13/><D105/><U24/><E118/><V64/><F126/><W120/><G120/><T45/><D65/><U26/><E109/><V34/><F64/><W21/><G35/><T6/><D6/><U47/><E1/><V0/><F0/><W53/><G95/><T99/><REACH who="0" step="1"/><D45/><REACH who="0" ten="284,125,233,338" step="2"/><U114/><E114/><V108/><F108/><W7/><G107/><T124/><D124/><U8/><E47/><V103/><F34/><W83/><G104/><T106/><D106/><U121/><E33/><V30/><F30/><W16/><G31/><T18/><D18/><U88/><E121/><V86/><F29/><W42/><G53/><T2/><D2/><U70/><E41/><V72/><F19/><W61/><G4/><T119/><D119/><U50/><E70/><V59/><F103/><AGARI ba="1,2" hai="12,13,14,15,17,23,90,92,93,96,99,100,102,103" machi="103" ten="40,2600,0" yaku="1,1,8,1,53,0" doraHai="79" doraHaiUra="55" who="0" fromWho="2" sc="284,49,125,0,233,-29,338,0" /><INIT seed="3,0,0,5,1,75" ten="333,125,204,338" oya="3" hai0="69,93,47,80,94,87,70,90,78,19,0,41,25" hai1="92,133,62,108,114,32,51,31,49,98,123,43,35" hai2="57,100,63,83,74,1,22,18,89,102,81,12,127" hai3="40,116,39,72,113,9,131,76,33,119,112,11,17"/><W64/><G33/><T115/><D0/><U60/><E123/><V95/><F127/><W45/><G131/><T132/><D132/><U3/><E3/><V110/><F110/><W20/><G64/><T30/><D19/><U50/><E114/><V99/><F1/><W129/><G129/><T7/><D7/><U82/><E43/><V111/><F111/><W66/><G66/><T101/><D101/><N who="2" m="39018" /><F74/><W54/><G54/><AGARI ba="0,0" hai="12,18,22,54,57,63,81,83,89,95,99" m="39018" machi="54" ten="30,1000,0" yaku="8,1" doraHai="75" who="2" fromWho="3" sc="333,0,125,0,204,10,338,-10" /><INIT seed="4,0,0,1,3,122" ten="333,125,214,328" oya="0" hai0="84,85,53,63,78,87,43,93,127,120,96,2,121" hai1="124,91,65,0,59,92,131,135,119,118,19,81,109" hai2="64,100,79,128,44,126,74,51,57,26,110,4,94" hai3="80,54,68,90,69,88,50,73,76,107,105,134,125"/><T5/><D127/><U71/><E71/><V23/><F126/><W95/><G125/><T16/><D78/><U103/><E0/><V25/><F128/><W33/><G134/><T35/><D35/><U12/><E124/><V99/><F4/><W112/><G112/><T15/><D43/><U9/><E135/><V10/><F10/><W17/><G33/><T11/><D63/><U58/><E131/><V77/><F26/><W117/><G117/><T32/><D53/><U40/><E40/><V34/><F110/><W133/><G133/><T1/><D32/><U47/><E47/><V132/><F74/><W111/><G111/><T30/><D30/><U129/><E129/><V21/><F21/><W123/><G123/><T83/><D83/><U130/><E130/><V82/><F82/><W38/><G38/><T41/><D41/><U86/><E109/><V18/><F34/><W106/><G17/><T97/><D97/><U55/><E103/><V28/><F18/><W108/><G108/><T39/><D39/><U46/><E46/><V66/><F132/><W48/><G48/><T101/><REACH who="0" step="1"/><D1/><REACH who="0" ten="323,125,214,328" step="2"/><U56/><E118/><V31/><F28/><W52/><G54/><T62/><D62/><N who="1" m="38111" /><E55/><N who="2" m="30183" /><F66/><W27/><G80/><T61/><D61/><AGARI ba="0,1" hai="23,25,31,57,61,64,77,79,94,99,100" m="30183" machi="61" ten="30,2000,0" yaku="25,1,8,1" doraHai="122" who="2" fromWho="0" sc="323,-20,125,0,214,30,328,0" /><INIT seed="5,0,0,0,1,68" ten="303,125,244,328" oya="1" hai0="89,129,109,79,80,22,130,26,78,49,16,25,93" hai1="27,116,55,105,88,92,3,83,17,125,123,84,128" hai2="44,99,61,45,87,127,11,13,91,52,51,74,122" hai3="119,101,48,20,115,73,28,121,8,126,96,5,63"/><U65/><E116/><V21/><F127/><W9/><G121/><T47/><D109/><U46/><E123/><V72/><F122/><W106/><G115/><T4/><D4/><U6/><E105/><V40/><F99/><W60/><G126/><T30/><D80/><U131/><E125/><V132/><F21/><W77/><G119/><T71/><D71/><U113/><E113/><V50/><F61/><W12/><G77/><T59/><D59/><U29/><E17/><V135/><F135/><W7/><G73/><T85/><D129/><N who="1" m="49739" /><E65/><V41/><F41/><W43/><G28/><T2/><D2/><U36/><E6/><V82/><F132/><W134/><G20/><N who="0" m="13447" /><D130/><U111/><E3/><V86/><REACH who="2" step="1"/><F87/><REACH who="2" ten="303,125,234,328" step="2"/><W133/><G133/><T70/><D70/><U117/><E117/><V58/><F58/><W76/><G134/><T124/><D124/><U1/><E111/><V35/><F35/><W94/><G43/><AGARI ba="0,1" hai="22,26,30,43,47,49,78,79,85,89,93" m="13447" machi="43" ten="30,2000,0" yaku="8,1,54,1" doraHai="68" who="0" fromWho="3" sc="303,30,125,0,234,0,328,-20" /><INIT seed="6,0,0,0,0,0" ten="333,125,234,308" oya="2" hai0="97,9,59,31,30,119,127,98,66,70,7,121,1" hai1="24,44,68,2,85,133,69,94,35,113,53,18,78" hai2="38,89,29,40,109,63,74,128,36,3,37,4,42" hai3="105,17,65,114,131,10,83,76,132,73,95,88,100"/><V13/><F128/><W91/><G131/><T62/><D121/><U54/><E113/><V104/><F104/><W115/><G65/><T75/><D75/><U15/><E133/><V86/><F74/><W99/><G17/><T55/><D127/><U6/><E6/><V134/><F3/><W56/><G56/><T79/><D79/><U125/><E125/><V33/><F109/><W92/><G10/><T64/><D64/><U135/><E135/><V116/><F116/><W21/><G21/><T26/><D31/><U25/><E2/><V32/><F134/><W27/><G27/><T46/><D46/><U120/><E120/><V122/><F122/><W108/><G108/><T118/><D118/><U82/><E68/><V57/><F29/><W124/><G124/><T34/><D119/><U84/><E69/><V11/><F33/><W51/><G51/><AGARI ba="0,0" hai="1,7,9,26,30,34,51,55,59,62,66,70,97,98" machi="51" ten="30,2000,0" yaku="7,1,52,1" doraHai="0" who="0" fromWho="3" sc="333,20,125,0,234,0,308,-20" /><INIT seed="7,0,0,5,5,78" ten="353,125,234,288" oya="3" hai0="99,123,38,97,10,125,76,22,23,2,64,5,24" hai1="110,39,119,56,67,84,30,104,59,91,14,109,4" hai2="55,50,100,36,11,113,135,26,102,46,111,124,42" hai3="133,1,130,41,72,20,115,25,44,96,74,8,75"/><W15/><G115/><T45/><D123/><U34/><E39/><V95/><F111/><W31/><G130/><T54/><D64/><U61/><E119/><V87/><F124/><W129/><G129/><T70/><D70/><U121/><E121/><V112/><F135/><W33/><G133/><T0/><D0/><U81/><E109/><V103/><F26/><W17/><G96/><T73/><D23/><U40/><E110/><V21/><F21/><W51/><REACH who="3" step="1"/><G74/><REACH who="3" ten="353,125,234,278" step="2"/><T16/><D125/><U116/><E116/><V18/><F113/><W27/><G27/><T32/><D73/><U80/><E104/><V66/><F112/><W82/><G82/><N who="1" m="31850" /><E34/><V120/><F120/><W101/><G101/><T79/><D97/><U89/><E30/><V127/><F103/><W134/><G134/><T7/><D24/><U126/><E126/><V122/><F102/><W13/><G13/><T58/><D99/><U131/><E131/><V53/><F100/><W90/><G90/><N who="1" m="34314" /><E84/><V77/><F87/><W86/><G86/><T65/><D32/><U68/><E68/><V69/><F69/><W19/><G19/><T6/><D16/><U98/><E98/><V60/><F18/><W107/><G107/><T52/><D2/><U62/><E4/><AGARI ba="0,1" hai="1,4,8,15,17,20,25,31,33,41,44,51,72,75" machi="4" ten="40,12000,1" yaku="1,1,24,2,53,1" doraHai="78" doraHaiUra="43" who="3" fromWho="1" sc="353,0,125,-120,234,0,278,130" owari="353,15.3,5,-49.5,234,-16.6,408,50.8" /></mjloggm>