<mjloggm ver="2.3"><GO type="169" lobby="0"/><UN n0="%E7%8F%BE%E5%A0%B4%E3%81%AD%E3%81%93" n1="%E3%83%A9%E3%83%9E%E3%83%BC%E7%9A%87%E5%AD%90" n2="%73%6F%6C%64%69%65%72%35" n3="%73%79%75%70%6F%6E" dan="16,19,16,17" rate="2086.36,2292.96,2079.06,2182.96" sx="M,M,M,M"/><TAIKYOKU oya="0"/><INIT seed="0,0,0,1,3,118" ten="250,250,250,250" oya="0" hai0="44,105,60,28,112,65,90,61,57,135,62,78,48" hai1="1,63,121,46,76,56,4,91,59,114,77,3,58" hai2="42,107,97,87,7,71,83,129,9,45,109,128,88" hai3="124,31,51,52,26,108,55,54,49,95,75,12,29"/><T6/><D135/><U22/><E114/><V2/><F71/><W92/><G75/><T34/><D112/><U110/><E110/><V47/><F109/><W115/><G115/><T69/><D78/><U101/><E101/><V99/><F47/><W122/><G108/><T19/><D105/><U38/><E63/><V27/><F27/><W119/><G119/><T89/><D62/><U39/><E91/><V13/><F2/><N who="1" m="521" /><E22/><V0/><F0/><W84/><G124/><T103/><D103/><U111/><E46/><V100/><REACH who="2" step="1"/><F99/><REACH who="2" ten="250,250,240,250" step="2"/><W80/><G12/><T70/><D70/><U82/><E111/><V113/><F113/><W133/><G133/><T120/><D69/><U25/><E25/><V85/><F85/><W98/><G26/><T40/><D44/><U72/><E56/><V20/><F20/><W21/><G21/><T117/><D57/><U126/><E58/><V41/><F41/><W30/><G98/><T10/><D40/><U50/><E59/><V37/><AGARI ba="0,1" hai="7,9,13,37,42,45,83,87,88,97,100,107,128,129" machi="37" ten="30,4000,0" yaku="1,1,0,1,54,1,53,0" doraHai="118" doraHaiUra="104" who="2" fromWho="2" sc="250,-20,250,-10,240,50,250,-10" /><INIT seed="1,0,0,5,3,27" ten="230,240,290,240" oya="1" hai0="86,47,18,128,22,87,57,66,93,5,91,96,31" hai1="97,62,69,30,25,103,82,108,2,74,124,84,102" hai2="26,60,54,40,41,121,123,21,3,9,95,117,4" hai3="135,107,55,32,122,44,45,110,109,119,15,14,127"/><U72/><E2/><V17/><F117/><W61/><G122/><T58/><D128/><U67/><E124/><V104/><F104/><W71/><G107/><T20/><D5/><U6/><E6/><V51/><F60/><W11/><G127/><T132/><D132/><U65/><E65/><V56/><REACH who="2" step="1"/><F95/><REACH who="2" ten="230,240,280,240" step="2"/><W63/><G61/><T89/><D93/><U10/><E108/><V59/><F59/><W99/><G63/><T118/><D118/><U75/><E97/><V80/><F80/><W23/><G99/><T133/><D96/><U115/><E115/><V79/><F79/><W16/><G119/><T0/><D66/><U114/><E114/><V134/><F134/><W36/><G135/><T49/><D133/><U13/><E82/><V24/><F24/><W29/><G110/><T90/><D58/><U73/><E62/><V46/><F46/><W12/><G45/><T76/><D57/><U48/><E67/><V81/><F81/><W38/><G44/><T131/><D76/><U39/><E25/><V101/><F101/><W1/><G109/><T85/><D47/><U43/><E103/><V92/><F92/><W35/><G36/><T8/><D49/><U113/><E102/><V37/><F37/><W126/><G38/><T130/><D130/><U88/><E39/><V78/><F78/><W112/><G112/><T120/><D131/><U98/><E113/><V116/><F116/><W52/><G126/><T53/><D91/><U111/><E98/><V129/><F129/><W28/><G71/><T34/><D90/><U42/><N who="1" m="18432" /><DORA hai="83" /><U94/><E111/><RYUUKYOKU ba="0,1" sc="230,-10,240,-10,280,30,240,-10" hai2="3,4,9,17,21,26,40,41,51,54,56,121,123" /><INIT seed="2,1,1,4,4,55" ten="220,230,310,230" oya="2" hai0="122,116,20,128,35,64,94,19,114,88,48,87,82" hai1="120,6,84,111,63,60,92,61,42,109,86,31,83" hai2="74,115,130,45,78,16,70,125,11,53,43,123,30" hai3="49,93,71,77,112,118,101,33,113,68,57,121,39"/><V95/><F115/><N who="3" m="44107" /><G33/><T67/><D114/><U24/><E120/><V117/><F117/><W97/><G121/><T38/><D38/><U79/><E42/><V51/><F123/><W107/><G118/><T44/><D35/><U110/><E6/><V56/><F56/><W22/><BYE who="2" /><G39/><T2/><D128/><U26/><E31/><V14/><F14/><W46/><G77/><N who="0" m="46543" /><D2/><U40/><REACH who="1" step="1"/><E40/><REACH who="1" ten="220,220,310,230" step="2"/><V73/><F73/><W58/><G71/><UN n2="%73%6F%6C%64%69%65%72%35" /><T131/><D122/><U28/><E28/><V119/><F119/><W80/><G68/><T5/><D5/><U41/><E41/><V4/><F43/><W91/><G80/><T12/><D116/><U32/><E32/><V129/><F30/><W18/><G46/><T124/><D131/><U103/><E103/><V52/><F45/><W102/><G102/><T104/><D124/><U3/><E3/><V29/><F125/><W69/><G69/><T15/><D15/><U54/><E54/><V76/><F53/><W25/><G49/><T108/><D108/><U126/><E126/><V27/><F70/><W1/><G1/><T66/><D44/><U65/><E65/><V13/><F129/><W127/><G127/><T133/><D64/><U134/><E134/><V0/><F130/><W36/><G36/><T8/><D66/><U50/><E50/><V81/><F51/><W21/><G21/><T59/><D133/><U105/><E105/><V90/><F52/><W7/><G7/><T72/><D104/><U100/><E100/><V62/><F4/><W85/><AGARI ba="1,2" hai="18,22,25,57,58,85,91,93,97,101,107" m="44107" machi="85" ten="30,4000,0" yaku="11,1,52,2" doraHai="55" who="3" fromWho="3" sc="220,-11,220,-11,310,-21,230,63" /><INIT seed="3,0,0,5,5,32" ten="209,209,289,293" oya="3" hai0="21,24,130,29,128,111,79,115,101,134,125,35,104" hai1="71,59,6,58,109,78,70,50,61,89,3,2,65" hai2="25,55,126,114,66,105,102,63,38,53,31,28,90" hai3="45,133,36,51,75,122,74,26,94,96,120,73,0"/><W19/><G36/><T15/><D79/><U16/><E109/><V34/><F114/><W76/><G76/><T110/><D101/><U49/><E78/><V123/><F38/><W27/><G133/><T82/><D82/><U118/><E118/><V44/><F126/><W14/><G0/><T62/><D104/><U37/><E37/><V67/><F123/><W117/><G117/><T99/><D99/><U95/><E6/><V121/><F121/><W54/><G122/><T12/><D62/><U100/><E100/><V64/><F31/><W9/><REACH who="3" step="1"/><G120/><REACH who="3" ten="209,209,289,283" step="2"/><T68/><D134/><U39/><E39/><V17/><F105/><W60/><G60/><T41/><D128/><U124/><E124/><V13/><F63/><W129/><G129/><T88/><D130/><U103/><E2/><V1/><F1/><W11/><G11/><T112/><D125/><U83/><E3/><V113/><F113/><W40/><G40/><T56/><D112/><U92/><E61/><V93/><F67/><W84/><G84/><T42/><D115/><U80/><E65/><V72/><F66/><W23/><G23/><T5/><D42/><U69/><E69/><V119/><F64/><W108/><G108/><T10/><D41/><U86/><E71/><V43/><F119/><W98/><G98/><T91/><D68/><U97/><E70/><V22/><F43/><W18/><G18/><N who="0" m="10439" /><D111/><U4/><E97/><V81/><F17/><W48/><G48/><T131/><D110/><U127/><E16/><V107/><F22/><W106/><G106/><T46/><D131/><U85/><E127/><RYUUKYOKU ba="0,1" sc="209,-10,209,-10,289,-10,283,30" hai3="9,14,19,26,27,45,51,54,73,74,75,94,96" /><INIT seed="3,1,1,0,5,103" ten="199,199,279,313" oya="3" hai0="25,94,16,117,119,84,8,80,2,19,71,124,33" hai1="101,130,20,132,26,113,56,105,83,31,90,34,129" hai2="110,91,44,82,68,118,50,14,0,87,39,66,72" hai3="32,23,70,21,125,77,53,9,108,51,29,107,62"/><W65/><G125/><T128/><D124/><U115/><E132/><V5/><F118/><W45/><G77/><T4/><D71/><U93/><E83/><V10/><F110/><W135/><G135/><T85/><D128/><N who="1" m="49259" /><E56/><V76/><F39/><W27/><G108/><T102/><D119/><U79/><E79/><V35/><F35/><W122/><G122/><T12/><D117/><U127/><E127/><V78/><F0/><W40/><G9/><T95/><D102/><U114/><E101/><V11/><F11/><W67/><G67/><T109/><D19/><U42/><E42/><V92/><F78/><W30/><G107/><T1/><D1/><U69/><E69/><V22/><F22/><W116/><G116/><T133/><D109/><U54/><E54/><V63/><F72/><W88/><G30/><N who="0" m="19663" /><D133/><U64/><E64/><V38/><F38/><W131/><G131/><T60/><D60/><U48/><E48/><V57/><F68/><W104/><G104/><T3/><D3/><U41/><E41/><N who="2" m="24847" /><F76/><W49/><REACH who="3" step="1"/><G88/><REACH who="3" ten="199,199,279,303" step="2"/><N who="0" m="51207" /><D85/><N who="1" m="52431" /><E105/><V75/><F75/><W47/><AGARI ba="1,2" hai="21,23,27,29,32,40,45,47,49,51,53,62,65,70" machi="47" ten="20,3900,0" yaku="1,1,0,1,7,1,53,0" doraHai="103" doraHaiUra="52" who="3" fromWho="3" sc="199,-14,199,-14,279,-14,303,62" /><INIT seed="3,2,0,3,5,23" ten="185,185,265,365" oya="3" hai0="93,6,135,86,124,125,63,55,25,113,89,24,85" hai1="114,104,87,14,102,57,70,44,117,98,78,110,19" hai2="66,12,61,73,52,34,119,60,50,11,76,53,128" hai3="81,100,97,15,7,103,2,58,122,26,8,116,131"/><W105/><G116/><T129/><D6/><U1/><E70/><V56/><F119/><W30/><G122/><T16/><D135/><U134/><E117/><V36/><F128/><W106/><G131/><T88/><D129/><U123/><E1/><V75/><F36/><W101/><G81/><T35/><D113/><U41/><E114/><V107/><F107/><W133/><G133/><T54/><D35/><U74/><E134/><V9/><F34/><W94/><G2/><T90/><D90/><U5/><E110/><V68/><F9/><W92/><G58/><T37/><D37/><U112/><E112/><V72/><F76/><W3/><G3/><T77/><D77/><U64/><E5/><V51/><REACH who="2" step="1"/><F53/><REACH who="2" ten="185,185,255,365" step="2"/><W91/><REACH who="3" step="1"/><G92/><REACH who="3" ten="185,185,255,355" step="2"/><T65/><D93/><U38/><E123/><V20/><F20/><AGARI ba="2,2" hai="7,8,15,20,26,30,91,94,97,100,101,103,105,106" machi="20" ten="40,12000,1" yaku="1,1,2,1,52,1,53,1" doraHai="23" doraHaiUra="10" who="3" fromWho="2" sc="185,0,185,0,255,-126,355,146" /><INIT seed="3,3,0,3,5,41" ten="185,185,129,501" oya="3" hai0="100,55,64,44,122,108,9,61,49,71,42,112,65" hai1="56,53,96,11,133,123,59,52,36,87,34,33,88" hai2="6,15,126,86,27,50,95,63,90,121,54,26,47" hai3="114,111,81,118,134,110,5,20,113,84,85,0,70"/><W4/><G70/><T105/><D105/><U19/><E123/><V117/><F126/><W21/><G81/><T120/><D100/><U40/><E133/><V58/><F117/><W128/><G0/><T135/><D9/><U78/><E78/><V74/><F74/><W2/><G2/><T104/><D104/><U23/><E96/><V109/><F109/><W37/><G37/><N who="0" m="21583" /><D135/><U38/><E11/><V77/><F77/><W130/><REACH who="3" step="1"/><G134/><REACH who="3" ten="185,185,129,491" step="2"/><T132/><D132/><U101/><E38/><V17/><F121/><W73/><G73/><T98/><D122/><U51/><E36/><V116/><F116/><AGARI ba="3,1" hai="4,5,20,21,84,85,110,111,113,114,116,118,128,130" machi="116" ten="25,4800,0" yaku="1,1,22,2,53,0" doraHai="41" doraHaiUra="94" who="3" fromWho="2" sc="185,0,185,0,129,-57,491,67" /><INIT seed="3,4,0,2,5,121" ten="185,185,72,558" oya="3" hai0="45,125,99,32,46,44,18,25,92,56,53,42,63" hai1="80,134,35,81,52,117,77,0,119,3,127,5,12" hai2="100,6,51,108,14,38,107,27,34,71,96,120,83" hai3="75,73,7,1,98,21,123,37,122,55,118,129,48"/><W94/><G118/><N who="1" m="45066" /><E35/><V17/><F38/><W74/><G37/><T88/><D125/><U105/><E105/><V86/><F71/><W91/><G129/><T16/><REACH who="0" step="1"/><D42/><REACH who="0" ten="175,185,72,558" step="2"/><U33/><E127/><V49/><F120/><W67/><G123/><T50/><D50/><U130/><E130/><V64/><F64/><W65/><G122/><T85/><D85/><U31/><E134/><V8/><F108/><W106/><G67/><T132/><D132/><U89/><E52/><V30/><REACH who="2" step="1"/><F6/><REACH who="2" ten="175,185,62,558" step="2"/><W60/><G7/><T15/><D15/><U62/><E12/><V66/><F66/><W19/><G65/><T47/><N who="0" m="11264" /><DORA hai="114" /><T128/><D128/><U72/><E5/><V68/><F68/><W95/><G73/><T57/><D57/><U84/><E72/><V126/><F126/><W22/><G74/><T102/><D102/><U39/><E39/><V116/><F116/><W90/><G75/><T79/><D79/><AGARI ba="4,2" hai="8,14,17,27,30,34,49,51,79,83,86,96,100,107" machi="79" ten="30,3900,0" yaku="1,1,7,1,53,1" doraHai="121,114" doraHaiUra="10,59" who="2" fromWho="0" sc="175,-51,185,0,62,71,558,0" /><INIT seed="4,0,0,1,4,49" ten="124,185,133,558" oya="0" hai0="43,59,21,31,74,28,88,68,92,99,70,78,84" hai1="65,101,4,91,23,114,57,73,54,58,87,13,75" hai2="32,135,112,106,18,79,113,56,126,86,108,30,80" hai3="53,85,95,130,19,47,9,3,132,129,34,133,117"/><T107/><D43/><U128/><E101/><V37/><F108/><W97/><G117/><T50/><D70/><U14/><E128/><N who="3" m="49258" /><G34/><T27/><D68/><U25/><E114/><V10/><F135/><W20/><G85/><T42/><D74/><U35/><E35/><V62/><F37/><W60/><G9/><T89/><D78/><U122/><E122/><V66/><F106/><W7/><G7/><T77/><D77/><U61/><E75/><V76/><F126/><W100/><G3/><T44/><D59/><U125/><E73/><V11/><F79/><W119/><G119/><T115/><D115/><N who="2" m="44106" /><F18/><W104/><G104/><T22/><D107/><U45/><E4/><V51/><F51/><N who="3" m="28927" /><G60/><T52/><D42/><U82/><E125/><V121/><F121/><W118/><G118/><T93/><D31/><N who="1" m="17855" /><E45/><V111/><F111/><W55/><G55/><T81/><D81/><U110/><E110/><V134/><F134/><W67/><G67/><T16/><D16/><U6/><E6/><V96/><F96/><W71/><G71/><T33/><AGARI ba="0,0" hai="21,22,27,28,33,44,50,52,84,88,89,92,93,99" machi="33" ten="20,12000,1" yaku="0,1,7,1,52,1,54,2" doraHai="49" who="0" fromWho="0" sc="124,120,185,-40,133,-40,558,-40" /><INIT seed="4,1,0,2,1,59" ten="244,145,93,518" oya="0" hai0="77,133,98,119,61,39,6,58,25,128,93,135,134" hai1="124,127,17,104,23,74,50,113,14,29,111,51,13" hai2="130,132,94,81,9,71,99,117,12,35,126,31,10" hai3="118,89,34,18,46,42,43,90,109,105,64,57,75"/><T1/><D119/><U112/><E74/><V56/><F71/><W54/><G75/><T80/><D128/><U110/><E104/><V62/><F130/><W67/><G105/><T84/><D39/><U120/><E120/><V32/><F132/><W92/><G34/><T4/><D25/><N who="1" m="16575" /><E51/><V103/><F126/><N who="1" m="48169" /><E50/><V49/><F117/><W5/><G5/><T15/><D15/><N who="1" m="5643" /><E17/><V114/><F114/><AGARI ba="1,0" hai="110,111,112,113,114" m="5643,48169,16575" machi="114" ten="30,8000,1" yaku="15,1,11,1,18,1,34,2" doraHai="59" who="1" fromWho="2" sc="244,0,145,83,93,-83,518,0" /><INIT seed="5,0,0,5,2,93" ten="244,228,10,518" oya="1" hai0="2,120,84,24,131,10,19,7,88,39,52,70,47" hai1="58,102,100,75,99,89,111,110,122,25,134,69,96" hai2="126,6,53,11,36,81,27,43,114,119,50,28,51" hai3="107,60,40,0,128,86,18,73,46,3,45,117,129"/><U112/><E112/><V30/><BYE who="1" /><F119/><W109/><G73/><T108/><D131/><U21/><E21/><UN n1="%E3%83%A9%E3%83%9E%E3%83%BC%E7%9A%87%E5%AD%90" /><V26/><F114/><W61/><G107/><T85/><D108/><N who="1" m="41515" /><E69/><V34/><F126/><W105/><G105/><T125/><D125/><U72/><E25/><V54/><F36/><W63/><G117/><T87/><D70/><U104/><E58/><V33/><F81/><W56/><G56/><T29/><D19/><U13/><E13/><V37/><F37/><W78/><G18/><T79/><D79/><U91/><E134/><V132/><F132/><W22/><G22/><T127/><D127/><U31/><E31/><V59/><F43/><W80/><G46/><T103/><D120/><U12/><E12/><V48/><REACH who="2" step="1"/><F54/><REACH who="2" ten="244,228,0,518" step="2"/><W41/><G41/><T1/><D39/><U42/><E42/><V64/><F64/><W118/><G118/><T68/><D52/><U123/><E72/><V5/><F5/><W124/><G109/><T130/><D7/><U92/><E75/><V97/><F97/><W65/><G65/><T15/><D130/><N who="3" m="50281" /><G124/><T44/><D1/><AGARI ba="0,1" hai="1,6,11,26,27,28,30,33,34,48,50,51,53,59" machi="1" ten="30,3900,0" yaku="1,1,7,1,9,1,53,0" doraHai="93" doraHaiUra="9" who="2" fromWho="0" sc="244,-39,228,0,0,49,518,0" /><INIT seed="6,0,0,5,5,116" ten="205,228,49,518" oya="2" hai0="122,89,134,121,45,93,107,65,131,105,49,75,48" hai1="59,41,76,15,54,108,4,132,98,44,80,117,94" hai2="100,97,6,88,0,42,87,96,2,111,29,128,119" hai3="32,106,36,17,12,20,24,62,47,51,114,5,129"/><V120/><F119/><W81/><G106/><N who="0" m="40459" /><D65/><U124/><E117/><V50/><F128/><W69/><G36/><T19/><D49/><U130/><E108/><V28/><F111/><W34/><G114/><T26/><D48/><U68/><E68/><V77/><F77/><W63/><G81/><T86/><D19/><U13/><E124/><V55/><F42/><W72/><G72/><T27/><D27/><U57/><E57/><V91/><F100/><W70/><G62/><T33/><D26/><U74/><E130/><V46/><F120/><N who="0" m="46186" /><D33/><U21/><E132/><V90/><F87/><W127/><G34/><T39/><D39/><U18/><E4/><V3/><REACH who="2" step="1"/><F6/><REACH who="2" ten="205,228,39,518" step="2"/><W110/><G5/><T73/><D131/><U125/><E41/><V43/><F43/><W103/><G110/><T25/><D86/><U99/><E74/><V23/><F23/><W31/><G129/><T123/><D123/><U118/><E21/><V95/><F95/><W10/><G20/><T109/><D109/><U126/><E118/><V101/><F101/><W37/><G103/><T53/><D75/><U60/><E94/><V58/><F58/><W1/><G32/><T7/><D7/><U56/><E59/><V40/><F40/><W38/><G38/><T84/><D73/><U61/><E56/><V8/><F8/><W35/><G35/><T14/><D93/><U30/><E76/><V85/><F85/><W79/><G10/><T52/><D84/><U135/><E99/><AGARI ba="0,1" hai="0,2,3,28,29,46,50,55,88,90,91,96,97,99" machi="99" ten="50,4800,0" yaku="1,1,54,1,53,0" doraHai="116" doraHaiUra="9" who="2" fromWho="1" sc="205,0,228,-48,39,58,518,0" /><INIT seed="6,1,0,3,5,59" ten="205,180,97,518" oya="2" hai0="60,11,91,58,92,90,0,54,63,15,55,86,75" hai1="44,19,4,128,105,38,117,96,41,94,106,74,66" hai2="79,49,132,35,76,81,52,40,1,70,20,126,135" hai3="8,65,100,87,121,133,48,36,9,33,42,109,47"/><V71/><F35/><W43/><G33/><T107/><D107/><U118/><E74/><V45/><F1/><W3/><G121/><T10/><D75/><U119/><E128/><V97/><F126/><W99/><G109/><T6/><D91/><U103/><E4/><V110/><F110/><W112/><G133/><T69/><D69/><U46/><E66/><V84/><F76/><W82/><G112/><T93/><D93/><U89/><E19/><V30/><F97/><W127/><G65/><T101/><D101/><U80/><REACH who="1" step="1"/><E46/><REACH who="1" ten="205,170,97,518" step="2"/><V34/><F34/><W16/><G16/><T56/><D11/><U17/><E17/><V31/><F30/><W2/><G47/><T62/><REACH who="0" step="1"/><D0/><REACH who="0" ten="195,170,97,518" step="2"/><U57/><E57/><AGARI ba="1,2" hai="6,10,15,54,55,56,57,58,60,62,63,86,90,92" machi="57" ten="40,12000,2" yaku="1,1,2,1,8,1,52,3,53,0" doraHai="59" doraHaiUra="124" who="0" fromWho="1" sc="195,143,170,-123,97,0,518,0" /><INIT seed="7,0,0,2,4,24" ten="338,47,97,518" oya="3" hai0="21,116,125,17,14,76,22,80,98,110,122,77,86" hai1="30,7,34,43,119,94,92,117,18,9,28,112,109" hai2="133,6,89,84,74,59,2,129,15,29,23,48,33" hai3="37,8,118,52,32,1,26,50,106,62,61,65,10"/><W38/><G106/><T19/><D116/><N who="1" m="44619" /><E109/><V114/><F74/><W87/><G62/><T78/><D125/><U130/><E34/><V126/><F126/><W16/><G8/><T131/><D131/><U134/><E130/><V124/><F124/><W56/><G118/><T120/><D110/><U45/><E18/><N who="2" m="10719" /><F129/><W44/><G87/><T132/><D132/><U5/><E134/><V13/><F133/><W75/><G75/><T73/><D98/><U67/><E67/><V101/><F101/><W35/><G35/><T96/><D96/><U4/><E9/><N who="2" m="2263" /><F13/><W121/><G121/><T97/><D97/><U68/><E68/><V85/><F89/><W115/><G115/><T49/><D49/><N who="1" m="26815" /><E112/><V40/><F114/><W127/><G26/><T79/><REACH who="0" step="1"/><D73/><REACH who="0" ten="328,47,97,518" step="2"/><U53/><E53/><N who="2" m="32167" /><F40/><W11/><G127/><T51/><D51/><U72/><E72/><V108/><F108/><W123/><G37/><T82/><D82/><U54/><E54/><V88/><F85/><W81/><G38/><T99/><D99/><U107/><E107/><V57/><F84/><W25/><G81/><T46/><D46/><U103/><E103/><V20/><F33/><W113/><G44/><T31/><D31/><AGARI ba="0,1" hai="4,5,7,28,30,31,92,94" m="26815,44619" machi="31" ten="30,7700,0" yaku="12,1,52,3" doraHai="24" who="1" fromWho="0" sc="328,-77,47,87,97,0,518,0" owari="251,5.1,134,-26.6,97,-40.3,518,61.8" /></mjloggm>