<mjloggm ver="2.3"><GO type="169" lobby="0"/><UN n0="%E3%82%A2%E3%83%B3%E3%81%95%E3%82%93" n1="%E3%83%94%E3%83%B3%E3%82%B5%E3%83%AD%E5%BA%97%E5%93%A1" n2="%61%73%6D%65%69%61%73" n3="%6D%6F%75%77" dan="18,17,16,16" rate="2237.42,2261.23,2097.33,2100.39" sx="M,M,M,M"/><TAIKYOKU oya="0"/><INIT seed="0,0,0,0,1,18" ten="250,250,250,250" oya="0" hai0="131,12,92,113,54,91,88,80,70,130,115,26,9" hai1="5,55,25,77,47,118,60,61,119,78,75,37,86" hai2="20,0,99,49,52,111,108,90,125,46,8,134,24" hai3="41,104,114,1,124,97,84,17,110,6,81,102,76"/><T132/><D70/><U42/><E86/><V11/><F125/><W121/><G41/><T82/><D54/><U4/><E55/><V68/><F68/><W72/><G6/><T116/><D26/><U109/><E109/><N who="2" m="42059" /><F0/><W32/><G32/><T85/><D116/><U56/><E25/><V74/><F74/><W120/><G1/><T48/><D132/><U13/><E13/><V40/><F40/><W31/><G31/><T71/><D71/><U27/><E27/><V93/><F134/><W33/><G33/><T45/><D130/><U101/><E101/><V79/><F79/><W57/><G57/><T36/><D36/><U22/><E56/><V7/><F7/><W38/><G38/><T16/><D131/><U89/><E42/><V50/><F50/><W23/><G124/><T94/><D113/><U87/><E37/><V62/><F62/><W30/><G30/><AGARI ba="0,0" hai="8,11,20,24,30,46,49,52,90,93,99" m="42059" machi="30" ten="30,3900,0" yaku="14,1,52,1,54,1" doraHai="18" who="2" fromWho="3" sc="250,0,250,0,250,39,250,-39" /><INIT seed="1,0,0,0,4,57" ten="250,250,289,211" oya="1" hai0="73,83,135,56,51,89,63,118,13,87,29,10,2" hai1="38,67,119,3,16,129,35,68,71,91,20,77,48" hai2="22,98,126,84,44,110,37,134,42,64,59,111,124" hai3="90,60,80,125,117,75,32,122,46,107,17,121,108"/><U39/><E119/><V100/><F22/><W31/><G107/><T69/><D135/><U123/><E123/><V26/><F26/><W1/><G1/><T93/><D118/><U52/><E35/><V101/><F84/><W131/><G108/><N who="2" m="41513" /><F98/><W24/><G131/><T7/><D69/><U112/><E112/><V106/><F106/><W8/><G125/><N who="2" m="48233" /><F134/><W25/><G46/><T127/><D127/><U50/><E3/><V21/><F21/><W116/><G75/><T104/><D104/><U36/><E77/><V103/><F103/><W86/><G117/><T81/><D73/><U23/><E129/><V92/><F92/><W27/><G27/><T9/><D51/><U109/><E109/><V78/><F78/><W40/><G40/><T62/><D29/><U11/><E48/><V43/><F43/><W94/><G116/><T4/><REACH who="0" step="1"/><D56/><REACH who="0" ten="240,250,289,211" step="2"/><U65/><E71/><V58/><F58/><W28/><G121/><T55/><D55/><U53/><E53/><V113/><F113/><W6/><G122/><T96/><D96/><U45/><E68/><V41/><F41/><W115/><G115/><T99/><D99/><U66/><REACH who="1" step="1"/><E91/><REACH who="1" ten="240,240,289,211" step="2"/><V49/><F49/><W70/><G70/><T76/><D76/><U14/><AGARI ba="0,2" hai="11,14,16,20,23,36,38,39,45,50,52,65,66,67" machi="14" ten="40,18000,2" yaku="1,1,2,1,0,1,54,2,53,1" doraHai="57" doraHaiUra="12" who="1" fromWho="1" sc="240,-60,240,200,289,-60,211,-60" /><INIT seed="1,1,0,4,5,129" ten="180,440,229,151" oya="1" hai0="115,50,35,18,79,119,43,26,38,98,11,33,19" hai1="34,130,94,65,127,48,40,44,91,113,53,125,72" hai2="24,92,47,0,107,29,49,116,27,76,124,16,59" hai3="103,101,99,5,13,133,70,37,73,120,62,7,8"/><U58/><E72/><V134/><F107/><W4/><G37/><T57/><D115/><U3/><E3/><V108/><F116/><W83/><G120/><T14/><D119/><U104/><E104/><V68/><F68/><W97/><G70/><T41/><D38/><U55/><E34/><V32/><F108/><W81/><G62/><T36/><D36/><U114/><E91/><V66/><F0/><W60/><G60/><T86/><D35/><U45/><E94/><V23/><F124/><N who="1" m="47689" /><E65/><V121/><F121/><W85/><G73/><T69/><D33/><U80/><E80/><V128/><F128/><W1/><G1/><T67/><D67/><U95/><E95/><V111/><F111/><W56/><G83/><N who="0" m="47487" /><D98/><U12/><E12/><V84/><F66/><W82/><G82/><T87/><D87/><U25/><E25/><V100/><F59/><W78/><G56/><T77/><D77/><U102/><E102/><V42/><F76/><W126/><G126/><T64/><D69/><U31/><E31/><V109/><F109/><W61/><G99/><T90/><D90/><U2/><E2/><V30/><F29/><W110/><G110/><T75/><D75/><U105/><E105/><V54/><F100/><W22/><G103/><T9/><D64/><U52/><E130/><V132/><REACH who="2" step="1"/><F42/><REACH who="2" ten="180,440,219,151" step="2"/><W88/><G101/><T21/><D41/><N who="1" m="24591" /><E58/><V93/><F93/><W71/><G71/><T131/><D131/><U96/><E96/><V6/><F6/><W28/><G97/><T51/><D57/><U63/><E63/><V17/><F17/><N who="3" m="8359" /><G61/><T117/><D117/><RYUUKYOKU ba="1,1" sc="180,-15,440,15,219,15,151,-15" hai1="40,45,52,53,55,113,114" hai2="16,23,24,27,30,32,47,49,54,84,92,132,134" /><INIT seed="1,2,1,5,4,22" ten="165,455,234,136" oya="1" hai0="8,9,115,12,61,17,37,49,36,65,50,6,13" hai1="72,35,25,80,92,54,113,77,56,5,7,126,34" hai2="98,21,70,38,0,30,39,83,131,68,63,32,57" hai3="52,69,108,82,130,85,74,122,33,103,41,119,117"/><U88/><E113/><V15/><F0/><W81/><G69/><T107/><D107/><U127/><E7/><V18/><F131/><W64/><G64/><T109/><D109/><U78/><E78/><V10/><F68/><W95/><G41/><T23/><D115/><U87/><E5/><V53/><F70/><W106/><G33/><T124/><D124/><N who="1" m="47659" /><E25/><V114/><F114/><W94/><G52/><T55/><D65/><U133/><E133/><V48/><F32/><W135/><G122/><T116/><D116/><N who="3" m="44617" /><G108/><T86/><D61/><AGARI ba="2,1" hai="34,35,54,56,61,72,77,80,87,88,92" m="47659" machi="61" ten="30,2900,0" yaku="18,1,54,1" doraHai="22" who="1" fromWho="0" sc="165,-35,455,45,234,0,136,0" /><INIT seed="1,3,0,1,3,3" ten="130,500,234,136" oya="1" hai0="127,72,25,94,112,35,67,59,79,92,78,70,36" hai1="15,28,83,118,10,47,71,89,51,100,45,46,123" hai2="61,97,82,104,101,9,116,8,19,0,99,4,134" hai3="113,29,121,120,86,37,103,6,39,27,77,38,117"/><U106/><E118/><V109/><F109/><W85/><G113/><T84/><D127/><U53/><E123/><V107/><F116/><W80/><G117/><T24/><D112/><U1/><E71/><V91/><F134/><W68/><G68/><T20/><D70/><U125/><E1/><V65/><F82/><W26/><G103/><T63/><D36/><U30/><E125/><V14/><F91/><W90/><G27/><T41/><D72/><U49/><E106/><V75/><F75/><W2/><G2/><T95/><D41/><U98/><E100/><V48/><F48/><W73/><G73/><T50/><D50/><U133/><E133/><V52/><F52/><W32/><REACH who="3" step="1"/><G6/><REACH who="3" ten="130,500,234,126" step="2"/><T13/><D35/><U126/><E126/><V23/><F101/><W129/><G129/><T58/><D24/><U74/><E74/><V31/><F0/><W7/><G7/><T42/><D25/><U96/><E30/><V56/><F31/><W131/><G131/><T132/><D132/><U21/><E28/><V11/><F4/><W93/><AGARI ba="3,1" hai="26,29,32,37,38,39,77,80,85,86,90,93,120,121" machi="93" ten="30,2000,0" yaku="1,1,0,1,53,0" doraHai="3" doraHaiUra="57" who="3" fromWho="3" sc="130,-8,500,-13,234,-8,126,39" /><INIT seed="2,0,0,0,1,45" ten="122,487,226,165" oya="2" hai0="115,30,80,41,4,116,96,91,3,13,24,56,5" hai1="86,89,94,135,103,60,23,124,107,76,88,33,109" hai2="104,85,93,25,90,9,77,114,12,133,129,29,57" hai3="74,130,49,127,54,18,63,99,22,70,58,1,51"/><V69/><F69/><W81/><G1/><T34/><D115/><U21/><E33/><V20/><F104/><W31/><G130/><T111/><D111/><U105/><E109/><V79/><F114/><W68/><G68/><T112/><D112/><U55/><E135/><V82/><F133/><W27/><G127/><T37/><D116/><U10/><E124/><V43/><F129/><W106/><G70/><T15/><D37/><U7/><E76/><V2/><F2/><W0/><G0/><T17/><D41/><U48/><E60/><V28/><F28/><W134/><G134/><T39/><D39/><U71/><E71/><V84/><F43/><W46/><G74/><T101/><D15/><N who="1" m="5599" /><E107/><V26/><F26/><W118/><G81/><T95/><D56/><N who="1" m="32871" /><E105/><V40/><F40/><N who="3" m="24775" /><G106/><T8/><D80/><N who="1" m="49223" /><E103/><V121/><F121/><W119/><G119/><T108/><D108/><U53/><E53/><V14/><F79/><W100/><G118/><T102/><REACH who="0" step="1"/><D4/><REACH who="0" ten="112,487,226,165" step="2"/><U92/><E92/><V98/><F93/><N who="3" m="58479" /><G63/><T123/><D123/><U32/><E32/><V125/><F125/><W73/><G73/><T66/><D66/><U120/><E120/><V65/><F65/><W64/><G64/><T62/><D62/><U36/><E36/><V16/><F82/><W78/><G78/><T128/><D128/><U59/><E59/><V110/><F57/><W72/><G72/><T67/><D67/><U11/><E11/><AGARI ba="0,1" hai="3,5,8,11,13,17,24,30,34,91,95,96,101,102" machi="11" ten="30,2000,0" yaku="1,1,7,1,53,0" doraHai="45" doraHaiUra="52" who="0" fromWho="1" sc="112,30,487,-20,226,0,165,0" /><INIT seed="3,0,0,4,0,86" ten="142,467,226,165" oya="3" hai0="106,92,82,55,79,49,0,66,117,11,27,57,17" hai1="8,38,28,77,37,108,100,61,134,51,93,16,124" hai2="97,115,34,45,53,60,88,96,13,118,20,113,29" hai3="62,110,135,9,67,81,41,120,107,25,50,68,80"/><W90/><G120/><T35/><D106/><U63/><E28/><V105/><F118/><W7/><G107/><T126/><D126/><U24/><E108/><V123/><F123/><W103/><G103/><T30/><D117/><U21/><E124/><V2/><F2/><W130/><G130/><T1/><D66/><U23/><E134/><V22/><F105/><W127/><G127/><T31/><D31/><U71/><E77/><V73/><F73/><W59/><G135/><T42/><D42/><U95/><E8/><V112/><F13/><W84/><G25/><T114/><D114/><U64/><E63/><V48/><F60/><W131/><G131/><T102/><D11/><U14/><E51/><V5/><F5/><W72/><G110/><T133/><D17/><U19/><REACH who="1" step="1"/><E100/><REACH who="1" ten="142,457,226,165" step="2"/><V87/><F29/><W83/><G72/><T91/><D102/><U125/><E125/><V129/><F129/><W32/><G32/><T36/><D36/><AGARI ba="0,1" hai="14,16,19,21,23,24,36,37,38,61,64,71,93,95" machi="36" ten="40,2600,0" yaku="1,1,54,1,53,0" doraHai="86" doraHaiUra="52" who="1" fromWho="0" sc="142,-26,457,36,226,0,165,0" /><INIT seed="4,0,0,0,0,75" ten="116,493,226,165" oya="0" hai0="56,35,122,7,99,66,12,3,73,32,95,123,6" hai1="37,31,10,130,127,93,131,103,33,125,124,24,65" hai2="90,4,38,78,64,79,88,110,30,84,92,91,109" hai3="46,45,62,113,26,67,11,14,39,34,13,21,87"/><T42/><D73/><U132/><E37/><V25/><F38/><W119/><G34/><T107/><D107/><U129/><E65/><V22/><F110/><W111/><G111/><T59/><D12/><U36/><E36/><V69/><F109/><W5/><G119/><T50/><D50/><U104/><E93/><N who="2" m="54407" /><F69/><W20/><G20/><T105/><D66/><U118/><E118/><V80/><F64/><W112/><G14/><T134/><D95/><U102/><E10/><V1/><F1/><W16/><G87/><T133/><D105/><U49/><E104/><V115/><F115/><N who="3" m="44107" /><G39/><T77/><D42/><U54/><E132/><V63/><F4/><W58/><AGARI ba="0,0" hai="5,11,13,16,21,26,45,46,58,62,67" m="44107" machi="58" ten="30,2000,0" yaku="15,1,54,1" doraHai="75" who="3" fromWho="3" sc="116,-10,493,-5,226,-5,165,20" /><INIT seed="5,0,0,4,4,133" ten="106,488,221,185" oya="1" hai0="36,116,35,110,40,66,117,18,94,98,53,48,10" hai1="44,112,108,123,61,62,100,32,86,37,58,109,130" hai2="38,135,59,105,75,14,121,95,25,6,79,81,1" hai3="51,3,106,124,20,114,85,7,67,27,54,17,115"/><U93/><E123/><V120/><F135/><W9/><G106/><T87/><D110/><U4/><E32/><V113/><F105/><W49/><G124/><T42/><D35/><U83/><E112/><N who="3" m="43050" /><G67/><T24/><D66/><U111/><E130/><V60/><F113/><W2/><G85/><T70/><D70/><U31/><E31/><V5/><F38/><W63/><G3/><T73/><D73/><U103/><E4/><V56/><F1/><W50/><G63/><T55/><D116/><U45/><E62/><V23/><F95/><W15/><G2/><T119/><D36/><U122/><E122/><V134/><F134/><W132/><G132/><T34/><D87/><U91/><E93/><V46/><F46/><AGARI ba="0,0" hai="7,9,15,17,20,27,46,49,50,51,54" m="43050" machi="46" ten="30,1000,0" yaku="15,1" doraHai="133" who="3" fromWho="2" sc="106,0,488,0,221,-10,185,10" /><INIT seed="6,0,0,4,0,20" ten="106,488,211,195" oya="2" hai0="37,107,68,11,94,45,61,135,21,115,98,91,1" hai1="65,53,126,63,29,103,16,48,40,58,130,113,13" hai2="27,0,5,87,109,22,18,80,131,50,19,39,105" hai3="23,67,123,99,31,4,73,52,72,3,110,77,24"/><V46/><F109/><W75/><G110/><T30/><D115/><U69/><E113/><V25/><F39/><W74/><G123/><T79/><D135/><U26/><E130/><V132/><F105/><W70/><G75/><T85/><D68/><U116/><E126/><V59/><F132/><W12/><G3/><T117/><D117/><U9/><E116/><V41/><F131/><W7/><G77/><T62/><D1/><U15/><E103/><V54/><F0/><W106/><G67/><T10/><D107/><U88/><E40/><V49/><F5/><W122/><G70/><T92/><D37/><U100/><E100/><V17/><F22/><W90/><G12/><T8/><D45/><U35/><E15/><V112/><F112/><W133/><G122/><T76/><D76/><AGARI ba="0,0" hai="17,18,19,25,27,41,46,49,50,54,59,76,80,87" machi="76" ten="40,7700,0" yaku="8,1,52,2" doraHai="20" who="2" fromWho="0" sc="106,-77,488,0,211,77,195,0" /><INIT seed="6,1,0,2,4,128" ten="29,488,288,195" oya="2" hai0="93,36,120,56,102,135,107,77,71,126,7,76,68" hai1="9,43,110,10,57,42,45,114,26,96,109,44,100" hai2="85,20,121,46,80,111,38,133,29,16,122,18,37" hai3="55,51,117,88,70,115,49,4,22,61,124,41,104"/><V11/><F111/><W27/><G104/><T59/><D107/><U3/><E114/><V58/><F133/><W40/><G117/><T134/><D120/><U82/><E57/><V19/><F11/><W47/><G124/><T95/><D36/><U35/><E82/><V79/><F58/><W105/><G105/><T12/><D12/><U50/><E35/><V113/><F113/><W33/><G33/><T6/><REACH who="0" step="1"/><D102/><REACH who="0" ten="19,488,288,195" step="2"/><U91/><E100/><V103/><F103/><W87/><G115/><T52/><D52/><U67/><E110/><V0/><F38/><W15/><G41/><T14/><D14/><U30/><E42/><V90/><F37/><W13/><G4/><T25/><D25/><U129/><E26/><N who="2" m="16583" /><F122/><W127/><G127/><AGARI ba="1,1" hai="6,7,56,59,68,71,76,77,93,95,126,127,134,135" machi="127" ten="25,12000,2" yaku="1,1,22,2,52,2,53,2" doraHai="128" doraHaiUra="74" who="0" fromWho="3" sc="19,133,488,0,288,0,195,-123" /><INIT seed="7,0,0,5,2,131" ten="152,488,288,72" oya="3" hai0="13,126,10,27,88,103,17,127,85,64,18,30,86" hai1="128,76,52,109,23,25,7,59,132,54,56,67,26" hai2="120,16,89,78,96,47,111,113,79,93,107,101,38" hai3="51,8,124,68,49,33,35,70,105,108,97,44,95"/><W130/><G105/><T19/><D103/><U83/><E109/><V65/><F65/><W11/><G130/><T28/><D64/><U3/><E128/><V62/><F62/><W106/><G106/><T29/><D27/><U75/><E132/><V22/><F111/><W99/><G108/><T135/><D135/><U31/><E3/><V98/><F113/><W82/><G124/><N who="0" m="47659" /><D88/><U117/><E7/><AGARI ba="0,0" hai="7,10,13,17,18,19,28,29,30,85,86" m="47659" machi="7" ten="40,1300,0" yaku="18,1" doraHai="131" who="0" fromWho="1" sc="152,13,488,-13,288,0,72,0" owari="165,-23.5,475,57.5,288,8.8,72,-42.8" /></mjloggm>