<mjloggm ver="2.3"><GO type="169" lobby="0"/><UN n0="%E5%B0%8F%E8%B1%86%E6%A2%93" n1="%72%65%62%65%65%72" n2="%E8%B6%85%E7%B5%B6%E5%82%99%E9%95%B7%E7%82%AD" n3="%E3%81%AA%E3%81%8B%E3%81%AE%E3%81%86%E3%81%88" dan="17,16,17,16" rate="2191.79,2171.27,2120.21,2170.25" sx="F,M,M,M"/><TAIKYOKU oya="0"/><INIT seed="0,0,0,2,5,97" ten="250,250,250,250" oya="0" hai0="67,127,50,59,86,56,44,1,111,83,60,63,51" hai1="110,55,33,135,103,128,20,99,104,25,133,88,77" hai2="53,80,29,109,22,75,124,84,13,122,123,106,131" hai3="10,36,17,98,16,37,39,42,117,72,34,30,47"/><T68/><D1/><U112/><E110/><V52/><F75/><W5/><G117/><T45/><D127/><U35/><E128/><V95/><F106/><W3/><G72/><T108/><D86/><U89/><E77/><V74/><F109/><N who="0" m="42058" /><D83/><U71/><E71/><V119/><F131/><W125/><G125/><T61/><D68/><U27/><E55/><V57/><F124/><W121/><G121/><T19/><D19/><U105/><E112/><V96/><F53/><W100/><G30/><T24/><D24/><U2/><E2/><V0/><F0/><W134/><G134/><N who="1" m="51210" /><E105/><V116/><F74/><W40/><G34/><N who="1" m="12810" /><E27/><V81/><F122/><W14/><G42/><N who="0" m="24855" /><D59/><U69/><E69/><V65/><F123/><W76/><G76/><T4/><D4/><U8/><E8/><V43/><F116/><W132/><G132/><T107/><D107/><U118/><E118/><V129/><F119/><W120/><G120/><T130/><D130/><U92/><E104/><V70/><F129/><W115/><G115/><T46/><D46/><U6/><E6/><V38/><F70/><W31/><G31/><AGARI ba="0,0" hai="20,25,31,88,89,92,99,103" m="12810,51210" machi="31" ten="30,3900,0" yaku="20,1,52,1,54,1" doraHai="97" who="1" fromWho="3" sc="250,0,250,39,250,0,250,-39" /><INIT seed="1,0,0,1,0,134" ten="250,289,250,211" oya="1" hai0="111,91,6,62,119,18,34,106,104,12,127,74,84" hai1="49,90,29,70,79,56,108,128,21,69,59,117,133" hai2="16,28,47,60,114,73,109,42,52,41,115,51,26" hai3="118,125,9,31,44,38,132,0,130,116,72,53,83"/><U65/><E117/><V135/><F73/><W2/><G132/><T124/><D119/><U33/><E33/><V98/><F135/><W129/><G31/><T27/><D74/><U58/><E133/><V94/><F109/><W19/><G19/><T77/><D77/><U43/><E79/><V110/><F110/><W113/><G72/><T76/><D76/><U14/><E108/><V105/><F105/><W122/><G53/><T97/><D111/><U48/><E90/><V7/><F7/><W22/><G22/><T57/><D6/><U24/><E128/><V61/><F42/><W15/><G44/><T30/><D97/><U8/><E43/><V93/><F93/><W78/><G78/><T20/><D106/><U4/><REACH who="1" step="1"/><E70/><REACH who="1" ten="250,279,250,211" step="2"/><V121/><F121/><W71/><G71/><T92/><REACH who="0" step="1"/><D104/><REACH who="0" ten="240,279,250,211" step="2"/><U126/><E126/><V95/><F114/><W101/><G125/><T11/><D11/><U68/><E68/><V54/><F115/><W50/><G9/><T88/><D88/><U5/><E5/><V23/><F98/><W123/><G113/><T120/><D120/><U36/><E36/><V40/><F40/><W10/><G38/><T82/><D82/><U75/><E75/><V96/><F41/><W66/><G83/><T17/><D17/><U67/><E67/><AGARI ba="0,2" hai="12,18,20,27,30,34,57,62,67,84,91,92,124,127" machi="67" ten="40,5200,0" yaku="1,1,52,2,53,0" doraHai="134" doraHaiUra="3" who="0" fromWho="1" sc="240,72,279,-52,250,0,211,0" /><INIT seed="2,0,0,2,3,10" ten="312,227,250,211" oya="2" hai0="127,50,37,19,105,86,51,118,123,14,49,80,1" hai1="133,115,85,4,61,40,20,34,93,97,56,63,45" hai2="12,72,6,57,47,84,131,28,124,134,48,30,31" hai3="55,110,96,65,99,13,116,22,90,32,91,64,98"/><V113/><F72/><W68/><G116/><T38/><D123/><U75/><E75/><V81/><F113/><W43/><G32/><T52/><D1/><U54/><E34/><V88/><F134/><W16/><G110/><T26/><D105/><U77/><E133/><V35/><F35/><W130/><G130/><T70/><D70/><U102/><E115/><V15/><F131/><W122/><G122/><T82/><D127/><U23/><E61/><V33/><F33/><W71/><G43/><T112/><D112/><U44/><E44/><V125/><F57/><W18/><G71/><T107/><D107/><U29/><E4/><V106/><F6/><W119/><G119/><T114/><D114/><U39/><E29/><V132/><F106/><W3/><G3/><T2/><D2/><U25/><E25/><V11/><F11/><N who="3" m="6207" /><G55/><T129/><D26/><U103/><E103/><V67/><F67/><N who="3" m="25675" /><G68/><T104/><D104/><U78/><E39/><V101/><F101/><W83/><G83/><T27/><D129/><U59/><E59/><V117/><F117/><W53/><G53/><T46/><D82/><N who="1" m="47311" /><E40/><N who="2" m="24679" /><F132/><W42/><G42/><T92/><D118/><U100/><E100/><V95/><F81/><W8/><G8/><N who="0" m="6599" /><D38/><U58/><E45/><V9/><F9/><W36/><G36/><T69/><D69/><U76/><E58/><V89/><F89/><W41/><G41/><T24/><D37/><U121/><E121/><V126/><AGARI ba="0,0" hai="12,15,28,30,31,84,88,95,124,125,126" m="24679" machi="126" ten="40,12000,1" yaku="18,1,52,2,54,1" doraHai="10" who="2" fromWho="2" sc="312,-40,227,-40,250,120,211,-40" /><INIT seed="2,1,0,4,3,94" ten="272,187,370,171" oya="2" hai0="89,52,67,62,111,114,86,23,22,14,38,83,65" hai1="53,47,91,41,49,103,93,123,96,48,99,73,70" hai2="68,130,129,135,16,51,24,98,18,120,30,57,134" hai3="27,10,131,55,26,122,0,56,105,124,76,119,95"/><V88/><F68/><W28/><G105/><T84/><D114/><U108/><E108/><V80/><F120/><W64/><G119/><T42/><D111/><U107/><E70/><V31/><F51/><W63/><G124/><T72/><D72/><U1/><E73/><V125/><F57/><W110/><G131/><N who="2" m="50185" /><F125/><W113/><G55/><T133/><D133/><N who="2" m="50698" /><F80/><W8/><G64/><T44/><D67/><U25/><E1/><V9/><F9/><W33/><G10/><T74/><D74/><U116/><E123/><V117/><F117/><W128/><G8/><T126/><D126/><U69/><E69/><V21/><F30/><W85/><G28/><T2/><D65/><U36/><E116/><V6/><F6/><W87/><G56/><T100/><D62/><U132/><E132/><V109/><F109/><W58/><G58/><T106/><D83/><U20/><E53/><V71/><F71/><W121/><G63/><T43/><D52/><U78/><E78/><V4/><F4/><W104/><G76/><T40/><D40/><U35/><E49/><V97/><F88/><W7/><G7/><T61/><D61/><U60/><E48/><V50/><F50/><W59/><G59/><T115/><D43/><U112/><E60/><V3/><F3/><W12/><G0/><T45/><D2/><U19/><E112/><V39/><F39/><W118/><G113/><T66/><D115/><U5/><E5/><V29/><F29/><W37/><G110/><T13/><D38/><U17/><E36/><V81/><F81/><W82/><G122/><T34/><D42/><RYUUKYOKU ba="1,0" sc="272,-10,187,-10,370,30,171,-10" hai2="16,18,21,24,31,97,98" /><INIT seed="2,2,0,3,4,37" ten="262,177,400,161" oya="2" hai0="5,111,97,114,112,119,73,132,75,131,42,47,74" hai1="35,34,128,24,26,43,116,0,17,106,71,109,90" hai2="14,125,57,102,130,48,123,105,40,68,134,94,84" hai3="83,66,82,54,76,79,18,30,80,101,38,89,33"/><V85/><F68/><W7/><G66/><T44/><D111/><U72/><E106/><V11/><F105/><W110/><G101/><T65/><D131/><U118/><E72/><V67/><F123/><W22/><G110/><T61/><D132/><U2/><E109/><V58/><F134/><W96/><G38/><T104/><D119/><U77/><E90/><V120/><F120/><W124/><G124/><T31/><D5/><U103/><E17/><V27/><F27/><W95/><G33/><T98/><D47/><U55/><E77/><V36/><F36/><W49/><G30/><T127/><D31/><U13/><E13/><V46/><F125/><W51/><G7/><T122/><D122/><U3/><E3/><V59/><F67/><W56/><REACH who="3" step="1"/><G51/><REACH who="3" ten="262,177,400,151" step="2"/><T100/><D127/><U12/><E103/><V129/><F130/><W25/><AGARI ba="2,1" hai="18,22,25,49,54,56,76,79,80,82,83,89,95,96" machi="25" ten="30,7900,0" yaku="1,1,2,1,0,1,8,1,53,0" doraHai="37" doraHaiUra="41" who="3" fromWho="3" sc="262,-22,177,-22,400,-41,151,95" /><INIT seed="3,0,0,5,5,40" ten="240,155,359,246" oya="3" hai0="46,125,135,95,31,102,91,60,35,119,0,25,130" hai1="124,61,134,68,96,117,6,57,62,105,41,71,18" hai2="49,90,48,129,14,88,51,131,1,4,70,113,52" hai3="79,69,43,103,126,54,87,11,93,78,26,27,86"/><W107/><G107/><T59/><D119/><U82/><E117/><V121/><F70/><W81/><G69/><T83/><D0/><U115/><E115/><V2/><F113/><W104/><G104/><T80/><D130/><N who="2" m="49674" /><F121/><W85/><G126/><T30/><D135/><U111/><E111/><V53/><F14/><W5/><G43/><T32/><D125/><U73/><E134/><V94/><F90/><W128/><G128/><T109/><D109/><U28/><E6/><V127/><F127/><W9/><G54/><N who="2" m="21097" /><F4/><W64/><G64/><T13/><D13/><U101/><E71/><V17/><F17/><W38/><G5/><T89/><D102/><U97/><E18/><V36/><F36/><W92/><G38/><T67/><D91/><U37/><E68/><V98/><AGARI ba="0,0" hai="1,2,48,49,51,88,94,98" m="21097,49674" machi="98" ten="40,5200,0" yaku="19,1,54,2" doraHai="40" who="2" fromWho="2" sc="240,-13,155,-13,359,52,246,-26" /><INIT seed="4,0,0,0,0,72" ten="227,142,411,220" oya="0" hai0="9,60,16,45,101,124,84,114,112,135,81,4,38" hai1="65,48,14,25,122,35,30,86,127,32,36,31,20" hai2="88,108,123,23,128,104,42,53,105,19,120,93,80" hai3="129,110,29,18,76,21,133,11,66,41,68,125,13"/><T27/><D135/><U52/><E36/><V78/><F108/><W92/><G110/><T12/><D124/><U118/><E118/><V107/><F42/><W131/><G125/><T87/><D101/><U1/><E127/><V79/><F53/><W98/><G133/><T62/><D38/><U46/><E1/><V97/><F128/><W2/><G41/><T17/><D45/><U59/><E122/><V91/><F91/><W40/><G40/><T132/><D132/><U95/><E14/><V7/><F7/><W94/><G76/><T102/><D102/><U100/><E30/><V51/><F51/><W61/><G2/><T37/><D37/><U44/><E44/><V89/><F89/><W70/><G70/><T58/><D27/><U83/><E65/><V3/><F79/><W57/><G68/><T6/><D6/><U74/><E74/><V99/><F99/><W67/><G67/><T47/><D47/><U73/><E73/><V54/><F54/><W8/><G94/><T119/><D119/><U64/><E64/><V10/><F10/><W109/><G109/><T96/><D96/><U69/><E69/><V113/><F3/><W50/><G50/><T15/><D4/><U56/><E35/><V24/><REACH who="2" step="1"/><F113/><REACH who="2" ten="227,142,401,220" step="2"/><W39/><G39/><T55/><D114/><U116/><E116/><V115/><F115/><W33/><G131/><T77/><D112/><U106/><E48/><V117/><F117/><W26/><G129/><T85/><D62/><U75/><E46/><V82/><F82/><W49/><G49/><T5/><D5/><U43/><E43/><RYUUKYOKU ba="0,1" sc="227,10,142,-30,401,10,220,10" hai0="9,12,15,16,17,55,58,60,77,81,84,85,87" hai2="19,23,24,78,80,88,93,97,104,105,107,120,123" hai3="8,11,13,18,21,26,29,33,57,61,66,92,98" /><INIT seed="4,1,1,5,1,24" ten="237,112,411,230" oya="0" hai0="90,35,42,119,64,115,5,68,40,114,25,38,67" hai1="117,39,2,37,102,12,132,29,101,125,30,94,98" hai2="116,124,93,17,76,65,111,52,31,9,74,16,66" hai3="72,14,10,50,91,32,49,96,70,56,127,41,58"/><T20/><D119/><U55/><E2/><V0/><F111/><W1/><G70/><T13/><D35/><U131/><E117/><V135/><F116/><W86/><G72/><T123/><D123/><U83/><E131/><V53/><F74/><W77/><G1/><T26/><D90/><U11/><E132/><V22/><F76/><W121/><G32/><T54/><D54/><U78/><E125/><V106/><F106/><W105/><G105/><T23/><D38/><U110/><E110/><V48/><F53/><W100/><G100/><T69/><D13/><U104/><E39/><V43/><F43/><W36/><G127/><T88/><D88/><N who="1" m="55623" /><E104/><V33/><F33/><W112/><G58/><T108/><D5/><N who="1" m="3183" /><E37/><V89/><F0/><W103/><G36/><T80/><D80/><U109/><E109/><AGARI ba="1,1" hai="20,23,25,26,40,42,64,67,68,69,108,109,114,115" machi="109" ten="25,2400,0" yaku="22,2" doraHai="24" who="0" fromWho="1" sc="237,37,112,-27,411,0,230,0" /><INIT seed="4,2,0,5,5,13" ten="274,85,411,230" oya="0" hai0="53,107,78,16,91,24,125,98,82,102,10,120,51" hai1="74,76,69,93,110,126,61,57,70,40,52,7,42" hai2="111,20,27,79,39,19,60,113,84,88,71,22,109" hai3="89,63,119,32,1,96,97,64,87,47,15,67,46"/><T36/><D120/><U44/><E110/><V104/><F39/><W115/><G1/><T72/><D36/><U108/><E108/><V112/><F79/><W94/><G119/><T83/><D125/><U90/><E126/><V121/><F104/><W5/><G32/><T117/><D117/><U21/><E7/><V101/><F101/><W56/><G115/><N who="2" m="44105" /><F121/><W99/><REACH who="3" step="1"/><G67/><REACH who="3" ten="274,85,411,220" step="2"/><T9/><D83/><U49/><E42/><V122/><F122/><W55/><G55/><T123/><D123/><U127/><E127/><V50/><F111/><W26/><G26/><T0/><D0/><U66/><E66/><V114/><F114/><W68/><G68/><T48/><D53/><U132/><E132/><V100/><F71/><W23/><G23/><T25/><D25/><U95/><E70/><V12/><F109/><W4/><G4/><T85/><D24/><U73/><E69/><V129/><F22/><W38/><G38/><T116/><D116/><U128/><E21/><V6/><F6/><W17/><G17/><T105/><D105/><U124/><E124/><V135/><F27/><W43/><G43/><T33/><D33/><U130/><E95/><V8/><F20/><W18/><G18/><T62/><D16/><U35/><E35/><V86/><F19/><W2/><G2/><T77/><D107/><U59/><E40/><V11/><F135/><W118/><G118/><T131/><D82/><U75/><E61/><V92/><F60/><W28/><G28/><T106/><D62/><U81/><E52/><V54/><F54/><W3/><G3/><T58/><D106/><RYUUKYOKU ba="2,1" sc="274,-10,85,-10,411,-10,220,30" hai3="5,15,46,47,56,63,64,87,89,94,96,97,99" /><INIT seed="5,3,1,0,3,98" ten="264,75,401,250" oya="1" hai0="101,69,14,72,129,5,34,114,113,75,27,42,17" hai1="61,38,0,2,60,26,89,49,133,20,45,1,33" hai2="48,43,55,52,64,134,104,90,132,29,31,68,111" hai3="53,63,94,127,47,37,19,110,15,122,36,13,50"/><U25/><E38/><V84/><F104/><W88/><G110/><T51/><D69/><U109/><E109/><V18/><F43/><W58/><G122/><T128/><D101/><U41/><E133/><N who="2" m="51307" /><F111/><W93/><G93/><T57/><D75/><U103/><E89/><V126/><F126/><W67/><G127/><T86/><D86/><U71/><E103/><V12/><F64/><W112/><G112/><N who="0" m="43115" /><D72/><U121/><E121/><V124/><F68/><W130/><G130/><T65/><D65/><U105/><E105/><V22/><F124/><W92/><G92/><T83/><D83/><U85/><E71/><V10/><F10/><W100/><G100/><T3/><D3/><U56/><E85/><V125/><F125/><W108/><G108/><T81/><D81/><U62/><E33/><V70/><F70/><W46/><G46/><N who="0" m="26071" /><D57/><U39/><REACH who="1" step="1"/><E20/><REACH who="1" ten="264,65,401,250" step="2"/><V66/><F84/><N who="3" m="52487" /><G37/><T115/><D115/><U28/><E28/><V11/><F31/><W79/><G36/><T73/><D73/><U78/><E78/><V87/><F29/><W95/><G79/><T91/><D91/><U123/><E123/><V23/><F23/><N who="3" m="11759" /><G95/><T54/><D34/><U9/><E9/><V44/><F11/><W24/><G47/><T99/><D129/><U82/><E82/><V107/><F107/><W120/><G120/><T74/><D74/><U118/><E118/><V16/><F90/><W106/><G106/><T6/><D128/><U119/><E119/><V35/><F35/><W96/><G96/><T102/><D99/><U131/><E131/><V97/><F97/><W32/><G32/><RYUUKYOKU ba="3,2" sc="264,-10,65,30,401,-10,250,-10" hai1="0,1,2,25,26,39,41,45,49,56,60,61,62" /><INIT seed="5,4,2,3,1,44" ten="254,95,391,240" oya="1" hai0="21,79,117,99,101,111,127,50,27,46,84,89,75" hai1="103,22,25,45,33,82,105,73,64,100,130,83,17" hai2="77,19,85,67,69,74,122,34,39,38,86,55,108" hai3="102,47,88,2,0,35,65,9,90,20,8,133,28"/><U53/><E130/><V59/><F34/><W93/><G35/><T66/><D111/><U3/><E3/><V129/><F108/><W124/><G2/><T23/><D117/><U24/><E64/><V14/><F67/><W18/><G124/><T112/><D112/><U78/><E83/><V81/><F69/><W120/><G120/><T57/><D127/><U96/><E103/><V51/><F122/><W40/><G28/><T63/><D75/><U107/><E107/><V87/><REACH who="2" step="1"/><F129/><REACH who="2" ten="254,95,381,240" step="2"/><W5/><G65/><T13/><D79/><U131/><E131/><V132/><F132/><W1/><G133/><T125/><D125/><U92/><E33/><V80/><F80/><W97/><G1/><T72/><D72/><U42/><E105/><V68/><F68/><W70/><G70/><T94/><D27/><U135/><E135/><V95/><F95/><W76/><G76/><T58/><D66/><U49/><REACH who="1" step="1"/><E25/><REACH who="1" ten="254,85,381,240" step="2"/><V48/><F48/><W4/><G0/><T15/><D50/><U110/><E110/><V11/><AGARI ba="4,4" hai="11,14,19,38,39,51,55,59,74,77,81,85,86,87" machi="11" ten="30,4000,0" yaku="1,1,0,1,52,1,53,0" doraHai="44" doraHaiUra="62" who="2" fromWho="2" sc="254,-14,85,-24,381,92,240,-14" /><INIT seed="6,0,0,4,5,105" ten="240,61,473,226" oya="2" hai0="43,76,26,94,123,46,29,119,38,25,133,71,5" hai1="130,10,7,132,83,37,34,117,89,56,114,0,1" hai2="103,49,15,99,78,93,108,22,121,53,24,125,96" hai3="109,13,134,120,64,63,20,101,31,131,32,44,47"/><V82/><F121/><W62/><G109/><T39/><D123/><U27/><E117/><V107/><F15/><W128/><G134/><T66/><D119/><U75/><E56/><V42/><F42/><W115/><G120/><T113/><D113/><U104/><E89/><V84/><F125/><W6/><G32/><T87/><D133/><U69/><E114/><V30/><F108/><W85/><G101/><T124/><D26/><U17/><E132/><V11/><F11/><N who="3" m="4343" /><G63/><T73/><D124/><U79/><E130/><N who="3" m="49706" /><G85/><T112/><D112/><U51/><E51/><V68/><F68/><N who="3" m="42007" /><G115/><T36/><D5/><U97/><E69/><V55/><F49/><W110/><G110/><T70/><D87/><U21/><E37/><N who="0" m="14441" /><D66/><U126/><E126/><V48/><F48/><W50/><G50/><T33/><D94/><U58/><E58/><V100/><AGARI ba="0,0" hai="22,24,30,53,55,78,82,84,93,96,99,100,103,107" machi="100" ten="20,2100,0" yaku="0,1,7,1" doraHai="105" who="2" fromWho="2" sc="240,-7,61,-7,473,21,226,-7" /><INIT seed="6,1,0,2,4,15" ten="233,54,494,219" oya="2" hai0="45,43,118,19,135,129,28,78,132,80,120,91,33" hai1="109,119,130,63,88,107,38,12,11,112,131,4,17" hai2="92,84,126,81,82,69,14,117,86,52,121,18,125" hai3="31,128,73,62,10,100,29,95,75,55,89,76,13"/><V27/><F69/><W97/><G128/><T96/><D120/><U23/><E109/><V68/><F68/><W41/><G41/><T54/><D129/><U108/><E108/><V1/><F1/><W40/><G40/><T124/><D124/><N who="2" m="47722" /><F121/><W104/><G55/><T22/><D54/><U79/><E107/><V72/><F27/><W105/><G62/><T49/><D33/><U25/><E38/><V16/><F117/><W67/><G67/><T102/><D91/><U36/><E79/><N who="2" m="44263" /><F14/><W56/><G105/><T115/><D115/><U70/><E36/><V30/><F30/><W134/><G13/><T9/><D28/><U8/><E119/><V127/><F127/><W51/><G29/><T59/><D118/><U0/><E112/><V77/><F52/><W65/><G65/><T61/><D61/><U101/><E101/><V53/><F53/><W103/><G56/><T39/><D59/><U47/><E47/><V64/><F64/><W6/><G31/><T42/><D42/><U3/><E70/><V48/><F48/><W98/><G51/><T50/><D50/><U94/><E63/><V58/><F58/><W57/><G57/><T60/><D60/><U85/><REACH who="1" step="1"/><E0/><REACH who="1" ten="233,44,494,219" step="2"/><V37/><F37/><W93/><G104/><T24/><D39/><U90/><E90/><AGARI ba="1,1" hai="16,18,77,82,84,86,90,92" m="44263,47722" machi="90" ten="30,11600,0" yaku="18,1,52,2,54,1" doraHai="15" who="2" fromWho="1" sc="233,0,44,-119,494,129,219,0" owari="233,3.3,-75,-57.5,623,72.3,219,-18.1" /></mjloggm>