<mjloggm ver="2.3"><GO type="169" lobby="0"/><UN n0="%E3%81%86%E3%81%AA%E3%81%8E%E9%BA%BA" n1="%42%65%6E%63%68%69%6E%67" n2="%4B%6F%74%61%38%31%36" n3="%E7%9C%9F%E4%B8%80" dan="17,16,17,18" rate="2183.43,2066.81,2169.42,2226.21" sx="M,M,M,M"/><TAIKYOKU oya="0"/><INIT seed="0,0,0,5,5,69" ten="250,250,250,250" oya="0" hai0="76,112,31,103,86,51,26,127,125,66,99,107,17" hai1="116,88,102,70,9,38,43,6,98,27,1,46,58" hai2="71,39,108,12,22,63,35,105,89,72,120,14,54" hai3="91,11,128,117,45,77,129,34,13,56,118,25,47"/><T79/><D112/><U85/><E116/><V52/><F120/><W3/><G77/><T62/><D17/><U113/><E113/><V20/><F35/><W68/><G68/><N who="0" m="42071" /><D51/><U33/><E70/><V67/><F72/><W94/><G3/><T49/><D49/><U115/><E115/><V7/><F105/><W82/><G82/><N who="0" m="47431" /><D79/><U109/><E109/><V60/><F89/><W44/><G56/><T121/><D121/><U75/><E75/><V100/><F71/><W80/><G80/><T65/><D65/><U96/><E58/><V104/><F67/><W18/><G25/><T0/><D0/><U37/><E37/><V84/><F84/><W48/><G34/><AGARI ba="0,0" hai="26,31,34,99,103,107,125,127" m="47431,42071" machi="34" ten="30,1500,0" yaku="25,1" doraHai="69" who="0" fromWho="3" sc="250,15,250,0,250,0,250,-15" /><INIT seed="0,1,0,1,4,76" ten="265,250,250,235" oya="0" hai0="7,135,116,70,49,84,28,61,16,46,101,94,56" hai1="68,27,72,109,113,2,38,58,81,93,120,5,99" hai2="125,80,3,100,21,47,40,114,66,65,14,96,52" hai3="44,22,87,127,6,117,62,92,30,23,63,50,129"/><T37/><D116/><U54/><E120/><V111/><F3/><W82/><G117/><T53/><D135/><U8/><E113/><V41/><F114/><W123/><G123/><T112/><D112/><U132/><E109/><V19/><F111/><W102/><G129/><T88/><D70/><U35/><E132/><V133/><F133/><W95/><G127/><T69/><D69/><U73/><E68/><V89/><F125/><W91/><G6/><T4/><D37/><U59/><E38/><V17/><F17/><W43/><G95/><T36/><D36/><U71/><E71/><V25/><F25/><N who="3" m="16695" /><G23/><T13/><D28/><U98/><E98/><AGARI ba="1,0" hai="43,44,50,62,63,82,87,91,92,98,102" m="16695" machi="98" ten="30,2000,0" yaku="8,1,52,1" doraHai="76" who="3" fromWho="1" sc="265,0,250,-23,250,0,235,23" /><INIT seed="1,0,0,3,3,106" ten="265,227,250,258" oya="1" hai0="120,53,2,103,72,116,25,117,85,0,39,12,76" hai1="64,23,121,35,113,13,74,112,32,77,43,16,88" hai2="87,82,128,38,6,111,7,115,70,68,86,66,63" hai3="58,92,98,61,101,119,17,93,109,107,78,97,130"/><U133/><E121/><V5/><F111/><W48/><G109/><T28/><D85/><U110/><E110/><V134/><F38/><W30/><G130/><T34/><D12/><U95/><E133/><V65/><F128/><W62/><G119/><T41/><D53/><U118/><E118/><V108/><F108/><W50/><G107/><T81/><D103/><U31/><E43/><V9/><F134/><W29/><G78/><T99/><D99/><U59/><E64/><V20/><F20/><W90/><G17/><T27/><D27/><U15/><E15/><V124/><F124/><W55/><G50/><T100/><D100/><U40/><E40/><V73/><F115/><W83/><G83/><T14/><D14/><U10/><E59/><V56/><F9/><W33/><G33/><T49/><D49/><U105/><E105/><V19/><F19/><W36/><G36/><T60/><D60/><AGARI ba="0,0" hai="29,30,48,55,58,60,61,62,90,92,93,97,98,101" machi="60" ten="40,1300,0" yaku="8,1" doraHai="106" who="3" fromWho="0" sc="265,-13,227,0,250,0,258,13" /><INIT seed="2,0,0,5,4,63" ten="252,227,250,271" oya="2" hai0="28,57,22,98,0,115,59,36,24,21,41,84,74" hai1="79,133,40,1,116,75,92,14,5,82,51,125,103" hai2="54,86,19,119,81,78,46,126,13,12,123,114,48" hai3="97,117,95,45,9,66,112,11,128,129,38,124,20"/><V15/><F114/><W99/><G117/><T134/><D74/><U32/><E116/><V108/><F119/><W120/><G120/><T135/><D115/><U88/><E133/><V104/><F123/><W73/><G112/><T17/><D0/><U91/><E125/><V23/><F126/><W96/><G73/><T31/><D98/><U44/><E32/><V65/><F104/><W29/><G124/><T109/><D109/><U94/><E1/><V55/><F108/><W68/><G95/><T93/><D41/><U50/><E50/><V64/><REACH who="2" step="1"/><F55/><REACH who="2" ten="252,227,240,271" step="2"/><W106/><G106/><T39/><D134/><U30/><E103/><V7/><F7/><W121/><G121/><T34/><D135/><U8/><E30/><V72/><F72/><W122/><G122/><T118/><D31/><U101/><E101/><V6/><F6/><W35/><G29/><T105/><D105/><U62/><E62/><V10/><F10/><W77/><G11/><T76/><D118/><U132/><E132/><V87/><F87/><W60/><G9/><T127/><D84/><U3/><E3/><V58/><F58/><W69/><G68/><T43/><D59/><U2/><E2/><V53/><F53/><W111/><G111/><T56/><D56/><U102/><E102/><V113/><F113/><W49/><G69/><T25/><D127/><U16/><E5/><V131/><F131/><W37/><G129/><T85/><D85/><U110/><E110/><V71/><F71/><W26/><G128/><T61/><D57/><U67/><E67/><AGARI ba="0,1" hai="12,13,15,19,23,46,48,54,64,65,67,78,81,86" machi="67" ten="40,12000,1" yaku="1,1,8,1,52,3,53,0" doraHai="63" doraHaiUra="52" who="2" fromWho="1" sc="252,0,227,-120,240,130,271,0" /><INIT seed="2,1,0,5,2,109" ten="252,107,370,271" oya="2" hai0="58,15,68,55,92,122,66,14,48,47,89,13,24" hai1="81,118,41,125,79,110,10,77,123,50,116,46,71" hai2="132,135,26,70,40,33,114,127,75,54,97,87,36" hai3="5,100,99,88,8,120,90,96,53,101,67,1,61"/><V128/><F75/><W2/><G120/><T31/><D122/><U129/><E123/><V60/><F87/><W103/><G53/><T44/><D68/><U134/><E110/><V112/><F128/><W6/><G61/><T4/><D4/><N who="3" m="1641" /><G8/><T27/><D66/><U121/><E121/><V0/><F0/><N who="3" m="107" /><G67/><T106/><D106/><U133/><E129/><V102/><F127/><W45/><G45/><T98/><REACH who="0" step="1"/><D27/><REACH who="0" ten="242,107,370,271" step="2"/><U12/><E71/><V94/><F70/><W52/><G52/><T73/><D73/><U42/><E125/><V74/><F74/><W124/><G124/><T80/><D80/><U16/><E81/><V49/><F60/><W25/><G25/><T62/><D62/><U91/><E116/><V39/><F54/><W11/><G11/><T43/><D43/><U117/><E118/><V59/><F59/><W85/><G85/><T86/><D86/><U130/><E117/><V37/><F40/><W107/><G107/><T113/><D113/><U119/><E119/><V108/><F108/><W63/><G63/><T23/><AGARI ba="1,1" hai="13,14,15,23,24,31,44,47,48,55,58,89,92,98" machi="23" ten="30,7900,0" yaku="1,1,0,1,8,1,53,1" doraHai="109" doraHaiUra="20" who="0" fromWho="0" sc="242,92,107,-21,370,-40,271,-21" /><INIT seed="3,0,0,3,3,81" ten="334,86,330,250" oya="3" hai0="77,102,49,53,27,11,105,113,35,66,7,56,42" hai1="63,2,95,97,54,79,62,58,4,129,130,71,69" hai2="119,25,0,12,98,75,84,123,104,86,135,106,6" hai3="16,55,121,8,60,132,19,112,76,20,134,99,32"/><W107/><G32/><T61/><D113/><U108/><E79/><V22/><F119/><W47/><G121/><T44/><D77/><U116/><E4/><V91/><F75/><W15/><G112/><T68/><D105/><U72/><E72/><V96/><F0/><W125/><G125/><T64/><D102/><U85/><E2/><V36/><F36/><W18/><G76/><T80/><D80/><U128/><E108/><V26/><F6/><W110/><G110/><T83/><D83/><U10/><E116/><V118/><F12/><W67/><G55/><T46/><D46/><U57/><E10/><V103/><F118/><W3/><G47/><T52/><D53/><U38/><E38/><V45/><F45/><W5/><G99/><T51/><D66/><U31/><E31/><V93/><F123/><W39/><G107/><T65/><D64/><N who="1" m="38991" /><E97/><V48/><F106/><W131/><G39/><T82/><D82/><U100/><E100/><V30/><F135/><N who="3" m="51755" /><G131/><N who="1" m="33538" /><U111/><DORA hai="101" /><E111/><V94/><F104/><W9/><G9/><T43/><D43/><U78/><E78/><V127/><F127/><W21/><G21/><T40/><D42/><U37/><E37/><V34/><REACH who="2" step="1"/><F48/><REACH who="2" ten="334,86,320,250" step="2"/><W1/><G1/><T87/><D51/><U109/><E109/><V88/><F88/><AGARI ba="0,1" hai="54,58,63,69,71,85,88,95" m="33538,38991" machi="88" ten="40,5200,0" yaku="19,1,52,1,54,1" doraHai="81,101" who="1" fromWho="2" sc="334,0,86,62,320,-52,250,0" /><INIT seed="4,0,0,2,5,49" ten="334,148,268,250" oya="0" hai0="45,39,117,119,10,76,100,113,50,40,133,34,57" hai1="79,65,64,24,18,1,72,25,6,27,29,8,58" hai2="68,54,108,125,60,43,28,131,71,20,56,83,31" hai3="102,112,128,84,86,63,78,75,51,122,13,37,115"/><T129/><D34/><U61/><E65/><V44/><F108/><W2/><G2/><T73/><D100/><U123/><E123/><V62/><F125/><W11/><G37/><T12/><D113/><N who="3" m="43593" /><G122/><T74/><D129/><U127/><E127/><V81/><F131/><W97/><G128/><T111/><D133/><U93/><E72/><V98/><F98/><W88/><G63/><T23/><D23/><U17/><E79/><V90/><F71/><W130/><G130/><T70/><D70/><U4/><E4/><V91/><F81/><N who="3" m="45279" /><G51/><T94/><D94/><U95/><E29/><V105/><F105/><N who="3" m="63695" /><G13/><T135/><D135/><U53/><E18/><V36/><F83/><N who="3" m="49183" /><G11/><T33/><D33/><U52/><REACH who="1" step="1"/><E17/><REACH who="1" ten="334,138,268,250" step="2"/><V120/><F28/><W26/><G26/><T48/><D111/><U89/><E89/><V59/><F120/><W32/><G32/><T85/><D74/><U47/><E47/><V118/><F68/><W5/><G5/><T41/><D73/><U19/><E19/><V21/><F31/><W101/><G101/><T121/><D121/><U35/><E35/><V38/><F90/><W92/><G86/><T0/><D85/><U96/><E96/><V126/><F91/><W7/><G7/><T9/><D45/><U107/><E107/><V116/><F44/><W69/><G69/><T77/><D77/><U15/><E15/><V14/><F14/><W124/><G124/><T22/><D76/><U82/><E82/><V46/><F126/><W55/><G92/><AGARI ba="0,1" hai="1,6,8,24,25,27,52,53,58,61,64,92,93,95" machi="92" ten="40,8000,1" yaku="1,1,52,2,54,1,53,0" doraHai="49" doraHaiUra="42" who="1" fromWho="3" sc="334,0,138,90,268,0,250,-80" /><INIT seed="5,0,0,0,0,131" ten="334,228,268,170" oya="1" hai0="67,92,8,56,59,62,36,79,5,32,95,114,14" hai1="82,127,64,61,78,19,87,27,0,2,52,35,99" hai2="104,70,66,49,101,53,44,3,115,109,117,6,40" hai3="110,132,24,65,102,42,54,133,22,96,21,39,111"/><U58/><E127/><V106/><F117/><W11/><G65/><T4/><D36/><U84/><E99/><V60/><F109/><W108/><G54/><T47/><D32/><U57/><E87/><V48/><F101/><W90/><G90/><T97/><D114/><U29/><REACH who="1" step="1"/><E19/><REACH who="1" ten="334,218,268,170" step="2"/><V85/><F85/><W124/><G124/><T63/><D79/><U41/><E41/><V81/><F115/><W126/><G126/><T123/><D123/><U20/><E20/><V80/><F104/><W31/><G11/><T28/><D97/><U25/><E25/><V37/><F106/><W76/><G76/><T68/><D8/><U83/><E83/><V119/><F119/><W125/><G125/><T34/><D34/><U30/><E30/><V98/><F98/><W9/><G21/><T46/><D28/><U105/><E105/><V1/><F80/><W23/><G22/><T121/><D121/><U135/><E135/><N who="3" m="51786" /><G9/><T130/><D95/><U7/><E7/><V93/><F93/><N who="3" m="58639" /><G42/><T74/><D92/><U16/><E16/><V45/><F81/><W50/><G50/><AGARI ba="0,1" hai="0,2,27,29,35,50,52,57,58,61,64,78,82,84" machi="50" ten="30,11600,0" yaku="1,1,7,1,54,1,53,1" doraHai="131" doraHaiUra="72" who="1" fromWho="3" sc="334,0,218,126,268,0,170,-116" /><INIT seed="5,1,0,5,2,48" ten="334,344,268,54" oya="1" hai0="86,89,52,54,61,115,36,103,3,17,72,134,33" hai1="94,120,106,109,105,97,76,4,63,125,90,83,130" hai2="0,100,8,62,121,85,29,47,59,6,41,75,16" hai3="114,12,129,20,30,40,10,7,119,44,18,127,111"/><U13/><E120/><V57/><F75/><W26/><G111/><T116/><D72/><U56/><E125/><V32/><F121/><W34/><G127/><T37/><D116/><U77/><E130/><V23/><F100/><W22/><G129/><T24/><D3/><U28/><E109/><V39/><F85/><W11/><G114/><T45/><D115/><U60/><E28/><V99/><F99/><W102/><G102/><T66/><D103/><U124/><E124/><V68/><F68/><W135/><G119/><T5/><D5/><U51/><E106/><V126/><F126/><W113/><G113/><T107/><D107/><U58/><E105/><V91/><F91/><W1/><G44/><T123/><D123/><U87/><E77/><V128/><F128/><W67/><G67/><T98/><D98/><U117/><E117/><V35/><F57/><N who="1" m="22121" /><E51/><V46/><F46/><W82/><G40/><T92/><D134/><U50/><E50/><V95/><F95/><W132/><G82/><T108/><D108/><U84/><E97/><V9/><F29/><W74/><G74/><T42/><D37/><U15/><E4/><V53/><REACH who="2" step="1"/><F8/><REACH who="2" ten="334,344,258,54" step="2"/><W31/><G31/><T65/><D65/><U64/><E64/><V112/><F112/><W43/><G43/><T25/><D66/><U70/><E70/><V55/><F55/><W38/><G38/><T27/><D36/><U96/><E96/><V131/><F131/><W104/><G104/><T133/><D89/><U79/><E76/><V2/><F2/><W14/><G11/><T73/><D73/><U21/><E90/><RYUUKYOKU ba="1,1" sc="334,-15,344,-15,258,15,54,15" hai2="0,6,9,16,23,32,35,39,41,47,53,59,62" hai3="1,7,10,12,14,18,20,22,26,30,34,132,135" /><INIT seed="6,2,1,5,5,113" ten="319,329,273,69" oya="2" hai0="41,89,49,85,10,134,98,122,51,62,119,66,18" hai1="16,25,116,65,114,131,37,32,117,83,61,132,14" hai2="8,127,27,47,39,95,82,5,77,52,70,45,57" hai3="128,28,4,87,43,123,84,102,13,118,24,17,96"/><V75/><F127/><W78/><G123/><T54/><D122/><U125/><E37/><V90/><F70/><W110/><G110/><T120/><D120/><U94/><E114/><V40/><F27/><W105/><G128/><T88/><D134/><U56/><E131/><V67/><F45/><W60/><G4/><T76/><D119/><U112/><E112/><V108/><F67/><W72/><G43/><T86/><D98/><U38/><E38/><V126/><F126/><W133/><G133/><T1/><D76/><U101/><E125/><V50/><F108/><W20/><G72/><T74/><D74/><U69/><E132/><V71/><F71/><W48/><G48/><T130/><D130/><U91/><E69/><V11/><REACH who="2" step="1"/><F5/><REACH who="2" ten="319,329,263,69" step="2"/><W3/><G24/><T129/><D129/><U2/><E25/><V106/><F106/><W35/><G105/><T58/><D66/><U104/><E104/><V121/><F121/><W15/><G35/><T31/><D31/><U29/><E29/><V46/><F46/><W30/><G28/><T92/><D41/><U21/><E32/><V115/><F115/><W9/><G30/><T64/><D64/><U99/><E116/><V36/><F36/><W26/><G26/><T22/><D58/><U81/><E117/><V135/><F135/><W42/><G118/><T59/><D59/><U23/><E65/><V7/><F7/><W93/><G42/><T0/><D18/><U19/><E19/><V12/><F12/><W53/><G17/><T107/><D107/><N who="1" m="63935" /><E16/><V80/><F80/><W103/><G15/><T55/><D55/><RYUUKYOKU ba="2,2" sc="319,-10,329,-10,263,30,69,-10" hai2="8,11,39,40,47,50,52,57,75,77,82,90,95" /><INIT seed="6,3,2,0,1,44" ten="309,319,293,59" oya="2" hai0="42,123,118,12,77,90,117,51,38,96,32,103,53" hai1="50,80,37,115,131,49,7,78,66,125,121,14,116" hai2="15,13,70,135,26,64,61,62,108,73,69,76,112" hai3="43,18,25,55,86,89,68,74,48,72,75,28,84"/><V71/><F112/><W63/><G43/><T31/><D123/><U8/><E116/><N who="0" m="44649" /><D77/><U113/><E121/><V97/><F135/><W119/><G119/><T60/><D60/><U85/><E37/><V124/><F124/><W101/><G101/><T11/><D42/><U100/><E125/><V40/><F108/><W114/><G18/><T126/><D38/><U95/><E131/><V107/><F26/><W91/><G114/><N who="1" m="43530" /><E66/><V47/><F76/><W46/><G68/><T79/><D79/><U39/><E39/><V45/><F73/><W35/><REACH who="3" step="1"/><G63/><REACH who="3" ten="309,319,293,49" step="2"/><T134/><D126/><U105/><E105/><V111/><F71/><W4/><G4/><T59/><D134/><U81/><E100/><V132/><F132/><W19/><G19/><T88/><D31/><U23/><E7/><V87/><F40/><W127/><G127/><T56/><D103/><U41/><E41/><V10/><F69/><W33/><G33/><T128/><D32/><U16/><E23/><V27/><F70/><W83/><G83/><T2/><D128/><U6/><E80/><V5/><F5/><W106/><G106/><T129/><D129/><U34/><E34/><V122/><F107/><W99/><G99/><T120/><D96/><U20/><E95/><V58/><F97/><W82/><G82/><T54/><D120/><U98/><E98/><V17/><F61/><W102/><G102/><T57/><D11/><U109/><E109/><V130/><F130/><W24/><G24/><AGARI ba="3,3" hai="6,8,14,16,20,24,49,50,78,81,85" m="43530" machi="24" ten="30,7700,0" yaku="15,1,52,2,54,1" doraHai="44" who="1" fromWho="3" sc="309,0,319,116,293,0,49,-86" owari="309,10.9,435,53.5,293,-10.7,-37,-53.7" /></mjloggm>