<mjloggm ver="2.3"><GO type="169" lobby="0"/><UN n0="%E3%81%95%E3%82%88%E3%81%AA%E3%82%89%E3%83%9A%E3%81%BA%E3%83%9A" n1="%E8%A1%A8%E7%A4%BA%E4%BE%A1%E6%A0%BC%E3%82%88%E3%82%8A%E5%8D%8A%E9%A1%8D" n2="%E5%8B%98%E5%BC%81%E3%81%97%E3%81%A6%E3%82%88" n3="%54%61%6B%61%79%61%40" dan="16,16,17,16" rate="2128.41,2100.73,2223.42,2093.47" sx="F,M,M,M"/><TAIKYOKU oya="0"/><INIT seed="0,0,0,1,1,116" ten="250,250,250,250" oya="0" hai0="70,91,105,127,42,123,109,122,7,93,0,29,103" hai1="121,95,72,53,111,23,126,47,4,12,6,78,77" hai2="88,71,62,98,67,113,33,49,22,44,108,79,59" hai3="43,60,64,28,37,8,73,39,86,45,135,18,63"/><T90/><D70/><U9/><E111/><V76/><F33/><W17/><G73/><T66/><D66/><U27/><E126/><V84/><F113/><W124/><G124/><T133/><D127/><U24/><E72/><V21/><F108/><W101/><G37/><T119/><D119/><U81/><E6/><V104/><F71/><W112/><G112/><T128/><D109/><U13/><E27/><V92/><F104/><W131/><G131/><T3/><D128/><U117/><E117/><V25/><F84/><W97/><G28/><T40/><D29/><U85/><E121/><N who="0" m="46089" /><D105/><U89/><E13/><V129/><F129/><W31/><G31/><T120/><N who="0" m="46097" /><T52/><DORA hai="2" /><D103/><U26/><E26/><V35/><F35/><W55/><G86/><T32/><D32/><U38/><E81/><V1/><F1/><N who="0" m="586" /><D93/><U100/><E100/><V125/><F125/><W48/><G64/><T114/><D114/><U74/><E74/><V50/><F50/><W51/><G51/><T16/><D16/><N who="1" m="12391" /><E38/><V36/><F36/><W96/><G18/><T118/><D118/><U94/><E95/><V10/><F10/><W68/><G68/><T110/><D110/><U80/><E94/><V58/><F25/><W134/><G17/><T107/><D107/><U82/><E80/><V56/><F67/><W87/><G8/><T15/><D52/><U102/><E102/><V106/><F106/><W69/><G69/><T14/><D133/><N who="3" m="50697" /><G87/><T11/><D14/><U57/><E47/><V83/><F83/><W5/><G101/><T61/><D61/><AGARI ba="0,0" hai="4,9,12,53,57,61,77,78,82,85,89" m="12391" machi="61" ten="30,3900,0" yaku="8,1,52,1,54,1" doraHai="116,2" who="1" fromWho="0" sc="250,-39,250,39,250,0,250,0" /><INIT seed="1,0,0,0,5,22" ten="211,289,250,250" oya="1" hai0="27,52,105,1,57,114,7,80,23,66,16,113,119" hai1="32,60,108,75,123,77,42,73,121,72,46,120,118" hai2="17,49,53,104,116,2,41,90,43,40,100,111,19" hai3="81,74,106,71,55,4,30,10,37,63,134,8,131"/><U44/><E118/><V29/><F2/><W31/><G37/><T47/><D105/><U39/><E46/><V20/><F116/><W84/><G106/><T117/><D117/><U70/><E108/><V11/><F111/><W25/><G134/><T64/><D119/><U65/><REACH who="1" step="1"/><E32/><REACH who="1" ten="211,279,250,250" step="2"/><V21/><F40/><W78/><G131/><T56/><D113/><U6/><E6/><V24/><F41/><W0/><G74/><T28/><D114/><U86/><E86/><V125/><F43/><W59/><G71/><T85/><D7/><U103/><E103/><V107/><F100/><W96/><G96/><T69/><D1/><U135/><E135/><V36/><F36/><W115/><G115/><T50/><D69/><U14/><E14/><V122/><F122/><W61/><G4/><T99/><D85/><U126/><E126/><V92/><F125/><W51/><G0/><T89/><D99/><U110/><E110/><V9/><F107/><W12/><G12/><T26/><D57/><U94/><E94/><V18/><F104/><W102/><G102/><T62/><D80/><AGARI ba="0,1" hai="39,42,44,60,65,70,72,73,75,77,80,120,121,123" machi="80" ten="40,7700,0" yaku="1,1,23,2,53,0" doraHai="22" doraHaiUra="95" who="1" fromWho="0" sc="211,-77,279,87,250,0,250,0" /><INIT seed="1,1,0,4,3,135" ten="134,366,250,250" oya="1" hai0="33,38,72,3,68,2,95,19,14,78,102,0,13" hai1="56,58,4,43,101,133,124,51,118,121,60,31,116" hai2="1,54,93,6,30,83,94,5,48,55,89,57,53" hai3="62,92,134,18,25,7,49,11,66,70,17,128,108"/><U109/><E101/><V50/><F30/><W105/><G134/><T42/><D72/><U125/><E4/><V67/><F1/><W12/><G128/><T27/><D78/><U119/><E31/><V113/><F113/><W61/><G108/><T107/><D68/><U84/><E133/><V80/><F67/><W32/><G105/><T112/><D107/><U115/><E115/><V34/><F34/><W45/><G62/><T41/><D112/><U98/><E98/><V130/><F130/><W22/><G92/><T129/><D129/><U29/><E29/><V24/><F24/><W40/><G32/><T37/><D33/><U21/><E21/><V47/><F54/><W36/><G18/><T91/><D102/><U85/><E109/><V110/><F110/><W104/><G104/><T71/><D71/><U97/><E97/><V131/><F131/><W65/><G65/><T132/><D132/><U111/><E111/><V106/><F106/><W77/><G77/><T28/><D38/><U74/><E121/><V9/><F9/><W73/><G73/><T35/><D37/><U75/><E116/><V123/><F123/><W100/><G100/><T122/><D122/><U23/><E60/><V15/><F15/><W8/><G8/><T81/><D81/><N who="2" m="31306" /><F94/><W39/><AGARI ba="1,0" hai="7,11,12,17,22,25,36,39,40,45,49,61,66,70" machi="39" ten="30,1100,0" yaku="0,1" doraHai="135" who="3" fromWho="3" sc="134,-4,366,-6,250,-4,250,14" /><INIT seed="2,0,0,2,1,17" ten="130,360,246,264" oya="2" hai0="58,129,42,27,107,46,87,12,96,86,57,0,133" hai1="19,75,22,1,131,100,62,3,79,77,35,83,135" hai2="21,124,63,74,81,72,24,119,94,20,16,8,88" hai3="126,53,71,49,132,47,51,128,104,11,41,95,85"/><V122/><F119/><W89/><G104/><T31/><D0/><U121/><E35/><V115/><F122/><W78/><G71/><T93/><D133/><U108/><E121/><V9/><F115/><W130/><G132/><T106/><D129/><U52/><E108/><V105/><F105/><W97/><G126/><T127/><D127/><U123/><E123/><V23/><F124/><W29/><G11/><N who="2" m="4169" /><F74/><W134/><G134/><T18/><D106/><U45/><E79/><V50/><F72/><W33/><G33/><T117/><D107/><U60/><E100/><V84/><F63/><W111/><G111/><T14/><D117/><U113/><E131/><N who="3" m="50218" /><G29/><T66/><D87/><U2/><E135/><V10/><N who="2" m="4177" /><V67/><DORA hai="30" /><F67/><W48/><G53/><T56/><D86/><U15/><REACH who="1" step="1"/><E113/><REACH who="1" ten="130,350,246,264" step="2"/><V61/><F61/><W80/><AGARI ba="0,1" hai="41,47,48,49,51,78,80,85,89,95,97" m="50218" machi="80" ten="30,1100,0" yaku="19,1" doraHai="17,30" who="3" fromWho="3" sc="130,-3,350,-3,246,-5,264,21" /><INIT seed="3,0,0,1,3,92" ten="127,347,241,285" oya="3" hai0="46,56,74,15,123,111,68,117,129,131,112,101,115" hai1="28,6,98,18,127,120,130,54,31,32,96,42,57" hai2="41,23,113,99,5,12,34,44,43,71,110,47,14" hai3="21,61,11,124,66,132,37,78,27,100,25,20,17"/><W91/><G124/><T26/><D26/><U77/><E120/><V16/><F34/><W51/><G37/><T70/><D15/><U60/><E127/><V9/><F71/><N who="0" m="27178" /><D101/><U24/><E130/><N who="0" m="49673" /><D74/><U59/><E42/><N who="2" m="15883" /><F110/><W13/><G132/><T119/><D56/><U125/><E77/><V52/><F113/><N who="0" m="43594" /><D46/><U67/><E6/><V64/><F64/><W35/><G35/><T33/><D33/><U118/><E32/><V90/><F47/><W93/><G78/><T88/><D88/><U79/><E79/><V89/><F89/><W83/><G83/><T36/><D36/><U103/><E103/><V128/><F128/><W97/><G100/><T38/><D38/><U105/><E125/><V39/><F39/><W108/><G25/><T76/><D76/><U121/><E121/><V62/><F44/><W48/><G21/><T126/><D126/><U87/><E24/><V133/><F133/><W55/><G108/><T122/><D111/><U40/><E59/><N who="2" m="35175" /><F90/><W80/><G80/><T30/><D30/><U4/><E31/><V3/><F3/><W49/><G66/><T0/><D0/><U1/><E67/><V72/><F72/><W65/><G65/><T86/><D86/><U10/><E87/><V94/><F94/><W82/><G82/><T19/><D19/><U73/><E28/><V7/><F7/><W53/><G91/><T84/><D84/><U85/><E85/><V102/><F102/><W107/><G93/><T22/><D22/><U58/><E18/><V69/><F69/><W63/><G20/><T29/><D29/><U50/><E73/><RYUUKYOKU ba="0,0" sc="127,15,347,-15,241,15,285,-15" hai0="117,119,122,123" hai2="5,9,12,14,16,23,99" /><INIT seed="4,1,0,4,5,117" ten="142,332,256,270" oya="0" hai0="39,74,120,52,38,73,99,111,121,125,12,79,53" hai1="70,0,43,94,87,135,50,122,85,22,34,41,129" hai2="6,4,15,124,114,134,82,64,118,8,109,45,21" hai3="107,10,65,54,55,81,93,18,127,100,84,113,37"/><T35/><D35/><U7/><E34/><V40/><F109/><W89/><G113/><T23/><D125/><U30/><E70/><V60/><F114/><W95/><G127/><T77/><D99/><U26/><E129/><V56/><F124/><W112/><G112/><T133/><D23/><U130/><E130/><V63/><F134/><W57/><G37/><T1/><D12/><U24/><E135/><V76/><F63/><W132/><G132/><T59/><D133/><U47/><E7/><V116/><F21/><W86/><G65/><T72/><D111/><U71/><E71/><V28/><F28/><W101/><G55/><N who="0" m="21067" /><D59/><U44/><E26/><V110/><F110/><W98/><G107/><T97/><D97/><U103/><E0/><V126/><F4/><W62/><G101/><T88/><D88/><U123/><E103/><V13/><F13/><W80/><G84/><T17/><D17/><U58/><E58/><V2/><F126/><W69/><G69/><T108/><D1/><U96/><E96/><V29/><F29/><W16/><G18/><T68/><D68/><U119/><E119/><V32/><F32/><W3/><G3/><T131/><D131/><U61/><E61/><V19/><F19/><W27/><G10/><T91/><D91/><U33/><E33/><V105/><F105/><W14/><G14/><T102/><D102/><U5/><E5/><V36/><F15/><W78/><G78/><N who="0" m="29707" /><D108/><U75/><E87/><V92/><F92/><W83/><G95/><T90/><D90/><N who="1" m="53583" /><E75/><AGARI ba="1,0" hai="2,6,8,36,40,45,56,60,64,75,76,82,116,118" machi="75" ten="40,2600,0" yaku="25,2" doraHai="117" who="2" fromWho="1" sc="142,0,332,-29,256,29,270,0" /><INIT seed="5,0,0,3,4,81" ten="142,303,285,270" oya="1" hai0="133,33,117,26,74,104,77,103,72,97,63,43,112" hai1="111,53,28,12,101,23,128,109,35,9,119,51,114" hai2="7,60,86,49,65,32,108,16,99,55,42,40,57" hai3="134,31,118,54,122,71,62,30,36,3,82,116,124"/><U50/><E119/><V100/><F32/><W29/><G122/><T75/><D117/><U69/><E69/><V56/><F7/><W88/><G3/><T121/><D133/><U102/><E35/><V90/><F108/><N who="1" m="41545" /><E128/><V120/><F120/><W131/><G134/><T115/><D121/><U129/><E129/><V37/><F37/><W98/><G36/><T0/><D43/><U10/><E114/><N who="0" m="43561" /><D63/><U8/><E51/><V59/><F59/><W110/><G110/><T91/><D0/><U92/><E92/><V105/><REACH who="2" step="1"/><F16/><REACH who="2" ten="142,303,275,270" step="2"/><W17/><G17/><T68/><D68/><U130/><E130/><V135/><F135/><W79/><G131/><T24/><D33/><U126/><E28/><V52/><F52/><W85/><G118/><T15/><D15/><U64/><E64/><V38/><F38/><W73/><G116/><T66/><D66/><U89/><E8/><V6/><F6/><W123/><G123/><T27/><D91/><U70/><E9/><V67/><F67/><W58/><G71/><T11/><D11/><U13/><E10/><V80/><AGARI ba="0,1" hai="40,42,49,55,56,57,60,65,80,86,90,99,100,105" machi="80" ten="20,5200,0" yaku="1,1,0,1,7,1,52,1,53,0" doraHai="81" doraHaiUra="18" who="2" fromWho="2" sc="142,-13,303,-26,275,62,270,-13" /><INIT seed="6,0,0,0,4,37" ten="129,277,337,257" oya="2" hai0="114,73,12,24,90,121,27,102,35,22,85,94,88" hai1="54,33,6,99,28,113,97,53,93,130,118,23,55" hai2="36,2,66,26,4,71,58,47,43,63,79,86,100" hai3="13,50,49,131,77,39,70,19,41,65,25,30,29"/><V116/><F116/><W95/><G131/><T120/><D73/><U0/><E130/><V127/><F127/><W7/><G7/><T68/><D68/><U45/><E118/><V108/><F108/><W8/><G77/><T91/><D114/><U87/><E33/><V31/><F58/><W74/><G74/><T5/><D35/><U122/><E122/><V17/><F17/><W110/><G110/><T42/><D42/><U59/><E113/><V129/><F129/><W62/><G29/><T78/><D120/><U96/><E0/><V123/><F123/><W81/><G81/><T38/><D121/><U10/><E45/><V124/><F124/><W16/><G19/><T44/><D38/><U32/><E32/><N who="2" m="20599" /><F86/><W92/><G92/><T125/><D44/><U18/><E28/><V75/><F100/><W56/><G70/><T104/><D125/><U76/><E76/><V20/><F20/><W133/><G133/><T61/><D61/><U84/><E93/><V135/><F135/><W40/><G95/><T111/><D78/><U83/><E83/><N who="2" m="45567" /><F4/><W128/><G128/><T11/><D111/><U57/><E57/><V1/><AGARI ba="0,0" hai="1,2,36,43,47,63,66,71" m="45567,20599" machi="1" ten="30,6000,0" yaku="33,2,52,1" doraHai="37" who="2" fromWho="2" sc="129,-20,277,-20,337,60,257,-20" /><INIT seed="6,1,0,4,0,56" ten="109,257,397,237" oya="2" hai0="13,10,125,36,4,19,5,18,12,94,11,46,43" hai1="105,86,63,40,88,103,95,92,96,76,20,129,71" hai2="82,6,78,35,42,102,54,70,118,48,60,111,99" hai3="66,69,28,0,68,21,126,25,53,121,37,83,38"/><V64/><F118/><W57/><G121/><T97/><REACH who="0" step="1"/><D125/><REACH who="0" ten="99,257,397,237" step="2"/><U93/><E129/><V65/><F111/><W41/><G126/><T72/><D72/><U55/><E76/><V130/><F78/><W61/><G0/><T128/><D128/><U8/><E8/><V134/><F130/><W51/><G83/><T49/><D49/><U3/><E3/><V127/><F82/><W15/><G37/><T110/><D110/><U77/><E77/><V23/><F48/><W75/><G75/><T90/><AGARI ba="1,1" hai="4,5,10,11,12,13,18,19,36,43,46,90,94,97" machi="90" ten="20,8000,1" yaku="21,2,0,1,7,1,9,1,53,0" doraHai="56" doraHaiUra="16" who="0" fromWho="0" sc="99,93,257,-21,397,-41,237,-21" /><INIT seed="7,0,0,0,3,59" ten="192,236,356,216" oya="3" hai0="69,107,19,134,133,89,14,82,75,56,99,5,80" hai1="20,18,10,78,71,11,96,85,63,105,58,135,109" hai2="116,100,91,47,49,43,128,121,36,132,118,68,23" hai3="70,15,3,102,119,97,104,8,76,126,120,55,51"/><W113/><G120/><T67/><D5/><U88/><E109/><V66/><F100/><W38/><G119/><N who="2" m="45609" /><F91/><W45/><G3/><T53/><D69/><U103/><E78/><V101/><F101/><W39/><G126/><T27/><D27/><U9/><E71/><V40/><F23/><W60/><G113/><T93/><D67/><U124/><E124/><V106/><F106/><W31/><G31/><T37/><D37/><U123/><E123/><V79/><F79/><W13/><G76/><T111/><D107/><U12/><E135/><V22/><F22/><W87/><G87/><T57/><D111/><U29/><E29/><V74/><F74/><W83/><G83/><T92/><D75/><U17/><E20/><V54/><F128/><W112/><G112/><T94/><D57/><U32/><E18/><V130/><F130/><W52/><G15/><T62/><D133/><U90/><E32/><V34/><F34/><W44/><G44/><T84/><D134/><U28/><E28/><V33/><F33/><W64/><G55/><T24/><D24/><U117/><E117/><V48/><F121/><W125/><G125/><T2/><D2/><U46/><E90/><V86/><F86/><W50/><G50/><T26/><D26/><U98/><E96/><V115/><F132/><W65/><G65/><T41/><D41/><N who="2" m="15946" /><F36/><W25/><G25/><T7/><D7/><AGARI ba="0,0" hai="7,8,13,38,39,45,51,52,60,64,70,97,102,104" machi="7" ten="30,5800,0" yaku="7,1,52,1,54,1" doraHai="59" who="3" fromWho="0" sc="192,-58,236,0,356,0,216,58" /><INIT seed="7,1,0,5,3,14" ten="134,236,356,274" oya="3" hai0="75,17,119,1,87,56,68,121,77,58,35,13,40" hai1="86,116,132,23,38,43,92,42,20,112,36,55,39" hai2="29,113,19,108,133,124,5,70,57,99,74,21,24" hai3="72,100,0,130,6,106,9,82,67,15,125,94,46"/><W22/><G130/><T7/><D119/><U49/><E112/><V104/><F108/><W81/><G125/><T44/><D121/><U127/><E127/><V11/><F70/><W31/><G106/><T85/><D35/><U126/><E126/><V45/><F124/><W134/><G134/><T135/><D68/><U91/><E116/><V25/><F74/><W69/><G72/><T97/><D135/><U8/><E8/><V53/><F133/><W64/><G46/><T34/><D34/><U98/><E132/><V90/><F113/><W63/><G67/><T62/><D97/><U95/><E42/><V27/><F45/><W79/><G79/><T54/><D58/><U50/><E43/><V120/><F120/><W51/><G51/><T52/><D1/><U128/><E128/><V101/><F90/><W47/><G47/><T30/><D7/><U73/><E73/><V110/><F110/><W107/><G107/><T18/><D30/><U84/><E50/><V33/><F25/><W59/><G69/><T71/><D71/><U32/><E32/><V80/><F80/><W131/><G131/><T61/><D13/><U4/><E4/><V105/><F105/><W2/><G2/><T122/><D122/><U83/><E98/><V76/><F76/><W93/><G100/><T10/><D77/><U123/><E123/><V16/><F27/><N who="3" m="16887" /><G0/><T115/><D75/><U26/><E26/><V37/><F37/><W3/><G3/><T88/><D115/><U41/><E41/><V111/><F111/><W114/><G114/><T48/><D10/><U66/><E39/><RYUUKYOKU ba="1,0" sc="134,-10,236,-10,356,-10,274,30" hai3="6,9,15,59,63,64,81,82,93,94" /><INIT seed="7,2,0,2,1,94" ten="124,226,346,304" oya="3" hai0="107,133,43,102,88,90,98,89,42,104,91,101,26" hai1="111,78,2,4,47,60,23,20,56,44,117,15,121" hai2="59,51,38,48,70,76,19,106,62,27,7,114,73" hai3="69,58,25,96,30,122,24,131,100,97,81,49,21"/><W28/><G122/><T126/><D26/><U99/><E117/><V14/><F38/><W103/><G69/><T71/><D71/><U80/><E111/><V112/><F106/><W9/><G131/><T116/><D42/><U57/><E2/><V46/><F70/><W55/><G81/><T87/><D43/><U39/><E39/><V110/><F110/><W32/><G9/><T125/><D116/><U50/><E57/><V86/><F73/><W1/><REACH who="3" step="1"/><G1/><REACH who="3" ten="124,226,346,294" step="2"/><T92/><D133/><U130/><E80/><N who="2" m="47367" /><F114/><W6/><G6/><T34/><D34/><U77/><E121/><V83/><F112/><W53/><G53/><T84/><D84/><U61/><E130/><V41/><F83/><W10/><G10/><T134/><D134/><U33/><E33/><V79/><F7/><W52/><G52/><T5/><D5/><U12/><E4/><V74/><F74/><W13/><G13/><T105/><REACH who="0" step="1"/><D102/><AGARI ba="2,1" hai="21,24,25,28,30,32,49,55,58,96,97,100,102,103" machi="102" ten="40,7700,0" yaku="1,1,52,2,53,0" doraHai="94" doraHaiUra="65" who="3" fromWho="0" sc="124,-83,226,0,346,0,294,93" owari="41,-45.9,226,-17.4,346,14.6,387,48.7" /></mjloggm>