<mjloggm ver="2.3"><GO type="225" lobby="0"/><UN n0="%E3%81%BF%E3%81%BF%E3%81%9A" n1="%E5%91%A8%E6%9D%B1" n2="%33%74%72%65%65" n3="%E9%A6%AC%E5%BC%95%E7%81%AB%33" dan="17,16,17,16" rate="2260.02,2171.00,2159.11,2130.07" sx="M,M,F,M"/><TAIKYOKU oya="0"/><INIT seed="0,0,0,1,4,45" ten="250,250,250,250" oya="0" hai0="107,92,5,71,104,88,3,78,34,29,1,53,44" hai1="65,102,21,118,133,55,76,8,12,10,56,129,6" hai2="134,58,61,103,39,19,98,22,41,27,43,24,113" hai3="126,84,46,25,28,70,32,116,66,40,64,15,11"/><T111/><D71/><U114/><E129/><V77/><F113/><W20/><G116/><T127/><D78/><U54/><E133/><V52/><F134/><W120/><G126/><T33/><D127/><U81/><E118/><V37/><F77/><W96/><G120/><T125/><D125/><U89/><E114/><V51/><F27/><W80/><G96/><T35/><D29/><U121/><E121/><V50/><F39/><W31/><G31/><T90/><D111/><U36/><E36/><V49/><REACH who="2" step="1"/><F37/><REACH who="2" ten="250,250,240,250" step="2"/><W74/><G32/><T123/><D123/><U99/><E76/><V106/><AGARI ba="0,1" hai="19,22,24,41,43,49,50,51,52,58,61,98,103,106" machi="106" ten="30,12000,2" yaku="1,1,2,1,0,1,52,3,54,1,53,0" doraHai="45" doraHaiUra="79" who="2" fromWho="2" sc="250,-60,250,-30,240,130,250,-30" /><INIT seed="1,0,0,5,0,64" ten="190,220,370,220" oya="1" hai0="41,108,26,8,96,20,97,51,34,68,52,76,24" hai1="33,29,100,11,95,58,9,2,12,98,22,133,50" hai2="37,134,74,43,82,104,118,129,31,105,23,18,128" hai3="117,30,83,70,125,46,102,59,5,73,0,67,86"/><U60/><E133/><V15/><F118/><W111/><G117/><T71/><D41/><U4/><E33/><V35/><F134/><W42/><G111/><T65/><D76/><U39/><E39/><V93/><F93/><W47/><G125/><T119/><D119/><U61/><E29/><V19/><F19/><W69/><G102/><T48/><D8/><U1/><E22/><V110/><F110/><W130/><G130/><N who="2" m="50281" /><F74/><W14/><G14/><T131/><D108/><U106/><E106/><V79/><F43/><W127/><G127/><T92/><D131/><U6/><REACH who="1" step="1"/><E12/><REACH who="1" ten="190,210,370,220" step="2"/><V36/><F105/><W99/><G30/><T112/><D34/><U91/><E91/><V88/><F88/><W115/><G0/><T135/><D135/><U75/><E75/><N who="2" m="43391" /><F104/><W114/><G73/><T72/><D72/><U27/><E27/><AGARI ba="0,1" hai="15,18,23,27,31,35,36,37" m="43391,50281" machi="27" ten="30,1000,0" yaku="19,1" doraHai="64" who="2" fromWho="1" sc="190,0,210,-10,370,20,220,0" /><INIT seed="2,0,0,3,5,116" ten="190,200,390,220" oya="2" hai0="55,20,27,3,94,109,88,32,123,104,121,16,131" hai1="42,43,11,111,110,56,36,60,79,9,18,112,7" hai2="85,129,114,108,26,69,66,50,30,53,95,62,128" hai3="1,21,84,39,82,23,41,119,8,48,17,91,124"/><V81/><F114/><W72/><G119/><T103/><D3/><U40/><E112/><V102/><F108/><N who="1" m="41513" /><E79/><V73/><F73/><W45/><G124/><T52/><D109/><U78/><E78/><V64/><F64/><W93/><G72/><T70/><D70/><U99/><E99/><V0/><F0/><W83/><G39/><T51/><D131/><U63/><E63/><V107/><F95/><W96/><G83/><T77/><D77/><U24/><E7/><V118/><F85/><W25/><G1/><T14/><D104/><U86/><E86/><V89/><F81/><W100/><G21/><T113/><D103/><U37/><E9/><AGARI ba="0,0" hai="8,9,17,23,25,41,45,48,82,84,91,93,96,100" machi="9" ten="40,1300,0" yaku="8,1" doraHai="116" who="3" fromWho="1" sc="190,0,200,-13,390,0,220,13" /><INIT seed="3,0,0,1,3,4" ten="190,187,390,233" oya="3" hai0="1,22,8,114,82,65,106,70,52,71,110,118,25" hai1="27,56,0,131,108,79,113,87,43,19,84,48,45" hai2="30,89,34,57,53,100,129,33,132,98,69,2,23" hai3="101,128,63,55,95,75,37,97,42,44,59,66,13"/><W125/><G128/><T88/><D118/><U73/><E113/><V96/><F69/><W6/><G125/><T9/><D106/><U29/><E131/><V49/><F2/><W60/><G75/><T124/><D124/><U112/><E112/><V80/><F132/><W14/><G6/><T127/><D127/><U126/><E126/><V61/><F34/><W85/><G85/><N who="0" m="50231" /><D1/><U93/><E0/><V12/><F33/><W130/><G130/><T109/><D114/><U15/><E108/><N who="0" m="41577" /><D52/><U21/><E56/><AGARI ba="0,0" hai="13,14,37,42,44,55,56,59,60,63,66,95,97,101" machi="56" ten="30,1500,0" yaku="7,1" doraHai="4" who="3" fromWho="1" sc="190,0,187,-15,390,0,233,15" /><INIT seed="3,1,0,2,5,135" ten="190,172,390,248" oya="3" hai0="130,85,48,63,56,71,99,44,50,84,98,107,27" hai1="79,12,78,20,60,97,29,102,111,0,10,54,25" hai2="129,49,104,68,55,11,58,61,18,93,45,124,31" hai3="62,123,80,83,34,131,115,91,117,122,103,33,21"/><W95/><G115/><T19/><D71/><U67/><E111/><V75/><F104/><W76/><G117/><T133/><D130/><U132/><E54/><V41/><F129/><W6/><G103/><T69/><D69/><U15/><E0/><V74/><F124/><W14/><G62/><T38/><D38/><U70/><E132/><V17/><F31/><W32/><G80/><T30/><D133/><U112/><E112/><V121/><F121/><W43/><G43/><N who="0" m="24607" /><D30/><U52/><E52/><V13/><F68/><W89/><G14/><T53/><D107/><U119/><E15/><V65/><F65/><W105/><G91/><T128/><D128/><U22/><E22/><V96/><F18/><W28/><G76/><T16/><D63/><U125/><E125/><V66/><F41/><W46/><G6/><T9/><D19/><U64/><E64/><V113/><F113/><W77/><G21/><N who="0" m="13735" /><D9/><U81/><E119/><V8/><F8/><W94/><G105/><T100/><D100/><AGARI ba="1,0" hai="11,13,17,45,49,55,58,61,66,74,75,93,96,100" machi="100" ten="30,1000,0" yaku="7,1" doraHai="135" who="2" fromWho="0" sc="190,-13,172,0,390,13,248,0" owari="177,-22.3,172,-32.8,403,50.3,248,4.8" /></mjloggm>