<mjloggm ver="2.3"><GO type="169" lobby="0"/><UN n0="%E6%96%B0%E6%9C%88%E9%97%87%E9%9F%B3" n1="%4D%72%52%41%4D%4F" n2="%E3%83%A9%E3%82%B9%E3%82%8B%E3%81%8B%E3%81%AA" n3="%E6%B7%B3%E5%AD%90%E3%81%A7%E3%81%99" dan="17,16,16,17" rate="2172.62,2139.91,2149.78,2184.99" sx="M,M,M,M"/><TAIKYOKU oya="0"/><INIT seed="0,0,0,2,1,58" ten="250,250,250,250" oya="0" hai0="75,117,132,74,26,121,85,104,78,34,81,84,8" hai1="82,41,112,61,7,19,73,13,48,113,92,124,28" hai2="31,87,101,33,109,62,14,27,134,10,98,24,4" hai3="15,90,54,80,51,3,71,111,118,125,131,116,59"/><T21/><D117/><U110/><E110/><V123/><F123/><W30/><G3/><T66/><D121/><U37/><E37/><V1/><F109/><W42/><G71/><T95/><D104/><U115/><E124/><V47/><F134/><W100/><G111/><T93/><D34/><U44/><E28/><V29/><F87/><W72/><G125/><T20/><D132/><U6/><E92/><V38/><F47/><W89/><G100/><T5/><D66/><U103/><E103/><V46/><F46/><W107/><G42/><T32/><D32/><U17/><E17/><V119/><F38/><W79/><G107/><T35/><D35/><U128/><E128/><V50/><F50/><W9/><G30/><T45/><D45/><U135/><E135/><V65/><F119/><W64/><G131/><T40/><D40/><U77/><REACH who="1" step="1"/><E61/><REACH who="1" ten="250,240,250,250" step="2"/><V122/><F122/><W60/><G118/><T11/><D95/><U108/><E108/><V96/><F29/><W130/><G130/><T88/><D11/><AGARI ba="0,1" hai="6,7,11,13,19,41,44,48,73,77,82,112,113,115" machi="11" ten="40,2600,0" yaku="1,1,11,1,53,0" doraHai="58" doraHaiUra="126" who="1" fromWho="0" sc="250,-26,240,36,250,0,250,0" /><INIT seed="1,0,0,4,4,46" ten="224,276,250,250" oya="1" hai0="35,48,127,132,5,9,62,32,109,99,57,24,77" hai1="90,7,117,112,4,12,64,85,27,45,71,98,129" hai2="61,93,23,17,113,53,120,123,56,37,92,75,16" hai3="33,105,133,25,3,107,116,128,39,89,65,96,15"/><U126/><E112/><V78/><F37/><W87/><G3/><T22/><D109/><U114/><E114/><V28/><F113/><W60/><G39/><T124/><D132/><U30/><E117/><V118/><F118/><W0/><G0/><T74/><D99/><U59/><E71/><V8/><F75/><W72/><G72/><T41/><D77/><U67/><E129/><V55/><F78/><W40/><G40/><T121/><D74/><U80/><E126/><N who="0" m="48169" /><D121/><U79/><E45/><V6/><F28/><W135/><G128/><T83/><D83/><U122/><E122/><V50/><F120/><W1/><G1/><N who="0" m="175" /><D41/><U82/><E98/><V38/><F123/><W21/><G33/><T97/><D97/><U95/><E80/><V31/><F31/><W2/><G2/><T94/><D94/><U69/><E95/><V73/><F73/><W13/><G96/><T14/><D14/><N who="3" m="5129" /><G116/><T108/><D108/><U18/><E79/><V134/><F134/><W111/><G111/><T100/><D100/><U106/><E106/><V130/><F130/><W68/><G105/><T36/><D36/><U131/><E131/><V91/><F38/><W54/><G107/><T103/><D103/><U51/><E12/><N who="2" m="5143" /><F93/><N who="3" m="54463" /><G135/><T88/><D88/><U76/><E90/><V115/><F115/><W119/><G119/><T70/><D70/><U11/><E69/><V26/><F91/><W44/><G133/><T84/><D84/><U49/><E4/><V125/><F125/><W19/><G68/><T63/><D35/><N who="1" m="20959" /><E7/><V110/><F110/><W29/><G25/><T102/><D24/><RYUUKYOKU ba="0,0" sc="224,0,276,0,250,0,250,0" /><INIT seed="2,1,0,4,3,128" ten="224,276,250,250" oya="2" hai0="19,34,17,133,97,48,80,103,4,113,71,115,105" hai1="46,9,52,74,93,64,126,134,83,27,36,114,22" hai2="56,53,78,92,130,118,110,50,14,67,102,42,81" hai3="94,47,57,77,79,5,25,88,29,106,43,101,18"/><V72/><F118/><W76/><G106/><T104/><D71/><U131/><E114/><V12/><F130/><W100/><G5/><T21/><D34/><U62/><E131/><V123/><F123/><W107/><G57/><T89/><D105/><U96/><E126/><V55/><F67/><W66/><G18/><T20/><D4/><U82/><E74/><V6/><F42/><W38/><G66/><T85/><D133/><U24/><E9/><V65/><F65/><W135/><G135/><T59/><D59/><U70/><E27/><V63/><F6/><W16/><G107/><T10/><D10/><U49/><E36/><V8/><F8/><W1/><G1/><T39/><D39/><U86/><E86/><V68/><F68/><W112/><G16/><T3/><D48/><U54/><E54/><V98/><REACH who="2" step="1"/><F110/><REACH who="2" ten="224,276,240,250" step="2"/><W40/><G43/><T73/><D3/><U125/><E134/><V37/><F37/><W117/><G117/><T44/><D115/><U108/><E108/><V31/><F31/><W41/><G41/><T91/><D113/><U32/><E125/><V51/><F51/><W111/><G111/><T124/><D124/><U58/><E70/><V121/><F121/><W35/><REACH who="3" step="1"/><G112/><REACH who="3" ten="224,276,240,240" step="2"/><T2/><D2/><U7/><E7/><V45/><AGARI ba="1,2" hai="12,14,45,50,53,55,56,63,72,78,81,92,98,102" machi="45" ten="20,3900,0" yaku="1,1,0,1,7,1,53,0" doraHai="128" doraHaiUra="61" who="2" fromWho="2" sc="224,-14,276,-14,240,62,240,-14" /><INIT seed="2,2,0,3,4,57" ten="210,262,302,226" oya="2" hai0="45,11,121,19,25,122,103,118,74,123,36,83,95" hai1="46,32,42,52,108,66,82,27,30,114,125,93,26" hai2="23,80,8,38,84,76,20,102,113,100,62,96,126" hai3="111,64,21,9,86,99,2,0,67,5,97,51,3"/><V12/><F113/><W39/><G39/><T47/><D118/><U116/><E116/><V34/><F38/><W54/><G111/><T10/><D103/><N who="2" m="39466" /><F34/><W37/><G37/><T110/><D95/><U72/><E114/><V85/><F126/><W89/><G21/><N who="2" m="8265" /><F96/><W29/><G29/><T70/><D25/><U119/><E26/><V129/><F129/><W53/><G53/><T101/><D101/><U91/><E125/><V79/><F62/><W16/><G97/><T78/><D36/><U22/><E32/><V112/><F112/><W106/><G99/><T92/><D123/><U68/><E119/><V7/><F85/><W124/><G106/><T50/><D122/><U28/><E28/><V41/><F41/><W120/><G120/><T133/><D121/><U135/><E42/><V94/><F94/><W40/><G40/><T115/><D92/><U128/><E128/><V43/><F43/><W65/><G124/><T88/><D115/><U49/><E72/><V127/><F127/><W15/><G89/><AGARI ba="2,0" hai="7,8,12,76,79,80,84,89" m="8265,39466" machi="89" ten="30,1500,0" yaku="8,1" doraHai="57" who="2" fromWho="3" sc="210,0,262,0,302,21,226,-21" /><INIT seed="2,3,0,4,1,82" ten="210,262,323,205" oya="2" hai0="70,116,14,122,89,115,17,85,11,10,114,52,57" hai1="42,86,111,101,103,3,4,12,30,128,18,44,1" hai2="6,127,120,60,24,50,25,65,66,53,59,7,64" hai3="91,71,75,34,112,123,121,26,92,35,107,98,106"/><V46/><F127/><W77/><G71/><T81/><D70/><U99/><E111/><V13/><F120/><W87/><G34/><T8/><D122/><U118/><E118/><V133/><F133/><W80/><G112/><T69/><D69/><U55/><E128/><V49/><F49/><W84/><G35/><T29/><D116/><U93/><E30/><V119/><F119/><W72/><G26/><N who="2" m="10345" /><F13/><W76/><G121/><T67/><D29/><U5/><E1/><V74/><F74/><N who="3" m="28203" /><G123/><T130/><D130/><U79/><E3/><V134/><F134/><W31/><G31/><T40/><D67/><AGARI ba="3,0" hai="6,7,46,50,53,59,60,64,65,66,67" m="10345" machi="67" ten="30,1500,0" yaku="8,1" doraHai="82" who="2" fromWho="0" sc="210,-24,262,0,323,24,205,0" /><INIT seed="2,4,0,1,3,49" ten="186,262,347,205" oya="2" hai0="135,75,122,131,3,76,100,63,124,25,22,32,2" hai1="66,8,51,70,85,59,132,20,23,1,12,16,104" hai2="123,115,14,38,58,42,30,129,120,41,128,68,55" hai3="94,65,82,0,133,105,26,61,130,36,116,47,83"/><V102/><F102/><W18/><G0/><T17/><D100/><U45/><E104/><V24/><F14/><W10/><G105/><T95/><D95/><U40/><E132/><V46/><F115/><W5/><G116/><T90/><D90/><U28/><E70/><V74/><F74/><W112/><G130/><N who="2" m="50281" /><F68/><W88/><G112/><T43/><D131/><U9/><E28/><V7/><F7/><W56/><G133/><T126/><D43/><U69/><E69/><V96/><F96/><W4/><G36/><T57/><D135/><U15/><E1/><V93/><F93/><W50/><G4/><T109/><D122/><U118/><E85/><V33/><F42/><W111/><G5/><T39/><D39/><U48/><E118/><V71/><F71/><W67/><G10/><T110/><D32/><U91/><E91/><V6/><F6/><W121/><G121/><T87/><D75/><U44/><E12/><V54/><F58/><W62/><G82/><N who="0" m="47559" /><D2/><U31/><E9/><V97/><F97/><W34/><G83/><T101/><D101/><U92/><E92/><V37/><F38/><W60/><G94/><T113/><D113/><U89/><E89/><V73/><F73/><W117/><G88/><T78/><D78/><U11/><E11/><V106/><F106/><W107/><G107/><T35/><D35/><U80/><E80/><V86/><F86/><W79/><G34/><T125/><D3/><U13/><E13/><V108/><F108/><W52/><G111/><T99/><D99/><U81/><E81/><V77/><F77/><W98/><G79/><RYUUKYOKU ba="4,0" sc="186,15,262,-15,347,15,205,-15" hai0="17,22,25,57,63,109,110,124,125,126" hai2="24,30,33,37,41,46,54,55,120,123" /><INIT seed="2,5,0,4,0,45" ten="201,247,362,190" oya="2" hai0="115,117,64,49,24,75,7,113,90,98,47,116,21" hai1="32,109,91,92,55,103,38,124,114,51,26,9,58" hai2="50,61,122,62,102,127,36,33,16,30,53,63,74" hai3="27,123,18,105,77,3,126,5,112,23,35,88,43"/><V28/><F36/><W101/><G123/><T67/><D75/><U119/><E114/><V68/><F74/><W12/><G112/><T128/><D7/><U56/><E119/><N who="0" m="45641" /><D128/><U73/><E38/><V44/><F122/><W94/><G126/><T59/><D59/><U29/><E73/><V17/><F68/><W25/><G77/><T104/><D115/><U83/><E109/><V8/><F127/><W14/><G43/><N who="0" m="24831" /><D113/><U106/><E124/><V95/><F33/><W87/><G3/><T110/><D110/><U65/><E83/><V15/><F17/><W79/><G79/><T13/><D13/><U135/><E135/><V133/><F133/><W4/><G14/><T42/><D42/><U60/><E9/><V40/><F40/><W97/><REACH who="3" step="1"/><G12/><REACH who="3" ten="201,247,362,180" step="2"/><T125/><D125/><U82/><E82/><V118/><F118/><W130/><G130/><T0/><D0/><U57/><E106/><V107/><F107/><W39/><G39/><T132/><D132/><U99/><REACH who="1" step="1"/><E103/><REACH who="1" ten="201,237,362,180" step="2"/><V2/><F2/><W70/><G70/><AGARI ba="5,2" hai="26,29,32,51,55,56,57,58,60,65,70,91,92,99" machi="70" ten="30,7700,0" yaku="1,1,2,1,7,1,52,1,53,0" doraHai="45" doraHaiUra="6" who="1" fromWho="3" sc="201,0,237,112,362,0,180,-92" /><INIT seed="3,0,0,5,2,31" ten="201,349,362,88" oya="3" hai0="64,91,69,17,48,127,35,42,128,74,12,97,80" hai1="90,94,57,65,6,100,2,84,0,20,81,112,52" hai2="87,54,15,78,59,40,5,38,133,116,85,33,28" hai3="135,39,107,70,46,83,51,3,103,129,82,47,41"/><W113/><G113/><T37/><D128/><U96/><E112/><V27/><F116/><W109/><G3/><T36/><D127/><U21/><E65/><V23/><F133/><W132/><G70/><T50/><D35/><U79/><E2/><V119/><F119/><W108/><G129/><T60/><D97/><U14/><E0/><V120/><F120/><W114/><G114/><T16/><D17/><U61/><E6/><V34/><F40/><N who="3" m="22815" /><G103/><T130/><D130/><U101/><E14/><V95/><F38/><W76/><G107/><T32/><D32/><U53/><E53/><V106/><F106/><W9/><G9/><T66/><D66/><U22/><AGARI ba="0,0" hai="20,21,22,52,57,61,79,81,84,90,94,96,100,101" machi="22" ten="30,4000,0" yaku="0,1,8,1,54,1" doraHai="31" who="1" fromWho="1" sc="201,-10,349,40,362,-10,88,-20" /><INIT seed="4,0,0,2,4,113" ten="191,389,352,68" oya="0" hai0="80,60,15,67,117,29,54,131,124,42,115,70,88" hai1="129,0,16,1,52,39,66,84,89,73,107,17,49" hai2="123,4,116,106,50,46,33,28,87,22,59,109,120" hai3="43,100,91,85,110,62,13,121,74,134,30,72,51"/><T86/><D115/><U11/><E73/><V112/><F106/><W99/><G110/><T32/><D131/><U98/><E39/><V23/><F112/><W103/><G134/><T96/><D124/><U8/><E66/><V58/><F109/><W35/><G121/><T5/><D117/><U10/><E129/><V104/><F104/><W94/><G100/><T65/><D42/><U14/><E107/><V40/><F33/><W119/><G13/><T47/><D67/><U95/><E0/><V38/><F4/><W12/><G12/><T101/><D32/><U55/><E1/><V37/><F87/><W61/><G119/><T122/><D122/><N who="2" m="46634" /><F23/><W133/><G133/><T77/><D29/><U92/><E17/><V25/><F22/><W45/><G72/><T79/><D47/><N who="1" m="27711" /><E55/><V24/><F28/><W27/><REACH who="3" step="1"/><G74/><REACH who="3" ten="191,389,352,58" step="2"/><T130/><D130/><U127/><E127/><V34/><F116/><W68/><G68/><T108/><D108/><U36/><E36/><V26/><F37/><W132/><G132/><T3/><D3/><U114/><E114/><V21/><F38/><W97/><G97/><T81/><D101/><AGARI ba="0,1" hai="8,10,11,14,16,84,89,92,95,98,101" m="27711" machi="101" ten="30,3900,0" yaku="8,1,54,2" doraHai="113" who="1" fromWho="0" sc="191,-39,389,49,352,0,58,0" /><INIT seed="5,0,0,4,3,27" ten="152,438,352,58" oya="1" hai0="74,112,120,37,6,20,124,45,119,1,77,26,10" hai1="76,126,52,46,55,25,63,14,87,80,11,57,117" hai2="24,90,95,13,96,41,133,39,53,70,102,78,28" hai3="66,15,100,60,9,135,40,17,134,62,92,104,113"/><U75/><E126/><V88/><F70/><W128/><G104/><T105/><D119/><U83/><E117/><V44/><F133/><W5/><G113/><T12/><D112/><U68/><E68/><V85/><F13/><W69/><G128/><T43/><D124/><U49/><E25/><V121/><F121/><W110/><G110/><T23/><D105/><U3/><E3/><V56/><F78/><W123/><G123/><T51/><D120/><U98/><E98/><V114/><F114/><W73/><G73/><T94/><D94/><U72/><REACH who="1" step="1"/><E83/><REACH who="1" ten="152,428,352,58" step="2"/><V29/><F24/><W22/><G135/><T103/><D26/><U4/><AGARI ba="0,1" hai="4,11,14,46,49,52,55,57,63,72,75,76,80,87" machi="4" ten="20,12000,1" yaku="1,1,2,1,0,1,7,1,54,1,53,0" doraHai="27" doraHaiUra="84" who="1" fromWho="1" sc="152,-40,428,130,352,-40,58,-40" /><INIT seed="5,1,0,5,3,87" ten="112,558,312,18" oya="1" hai0="10,57,102,89,25,96,125,35,116,88,94,53,101" hai1="100,43,28,82,128,111,91,95,71,59,127,55,32" hai2="78,90,134,73,50,36,62,122,17,0,120,67,110" hai3="15,112,42,104,34,3,51,37,68,6,133,129,98"/><U49/><E71/><V106/><F110/><W97/><G3/><T7/><D116/><U69/><E69/><V119/><F119/><W76/><G37/><T103/><D125/><U108/><E127/><V56/><F0/><W75/><G34/><T14/><D35/><U118/><E118/><V1/><F1/><W130/><G68/><T93/><D25/><U24/><E128/><V21/><F36/><W85/><G75/><T60/><D103/><U99/><E43/><V84/><F106/><W16/><G6/><T124/><D124/><U29/><E29/><V33/><F33/><W4/><G4/><T23/><D23/><U11/><E11/><V30/><F30/><W131/><G104/><T54/><D54/><U5/><E5/><V113/><F134/><W12/><G12/><T20/><D20/><U70/><E70/><V2/><F2/><W45/><G133/><T26/><D26/><U64/><E64/><V63/><F113/><W83/><REACH who="3" step="1"/><G112/><REACH who="3" ten="112,558,312,8" step="2"/><T92/><D92/><U86/><AGARI ba="1,1" hai="24,28,32,49,55,59,82,86,91,95,99,100,108,111" machi="86" ten="30,3000,0" yaku="0,1,52,1" doraHai="87" who="1" fromWho="1" sc="112,-11,558,43,312,-11,8,-11" owari="101,-29.9,601,70.1,301,10.1,-3,-50.3" /></mjloggm>