<mjloggm ver="2.3"><GO type="169" lobby="0"/><UN n0="%E3%81%95%E3%81%8B%E3%81%8D" n1="%E5%85%94%E6%96%AF%E5%9F%BA" n2="%74%6F%72%69%30%36%31%32" n3="%6D%79%6D%65%6C%6F%58%58" dan="16,16,18,17" rate="2114.50,2081.28,2186.99,2219.56" sx="M,M,M,F"/><TAIKYOKU oya="0"/><INIT seed="0,0,0,3,2,113" ten="250,250,250,250" oya="0" hai0="76,81,41,12,15,35,112,36,80,99,13,59,100" hai1="49,51,74,52,62,118,8,86,70,21,116,53,90" hai2="131,32,87,46,0,34,93,125,10,117,39,130,109" hai3="79,89,55,66,106,115,38,58,104,48,11,121,54"/><T50/><D112/><U16/><E74/><V29/><F87/><W119/><G115/><T107/><D35/><N who="2" m="13354" /><F93/><W126/><G126/><T2/><D2/><U56/><E8/><V124/><F29/><W97/><G66/><T110/><D110/><U23/><E23/><V30/><F30/><W43/><G79/><T4/><D36/><U95/><E70/><V37/><F46/><W114/><G121/><T84/><D81/><U33/><E33/><V61/><F61/><W42/><G89/><T6/><REACH who="0" step="1"/><D41/><REACH who="0" ten="240,250,250,250" step="2"/><U45/><REACH who="1" step="1"/><E62/><REACH who="1" ten="240,240,250,250" step="2"/><V25/><F124/><W133/><G114/><T134/><D134/><U73/><E73/><V3/><F125/><W65/><G133/><T64/><D64/><U27/><AGARI ba="0,2" hai="16,21,27,45,49,51,52,53,56,86,90,95,116,118" machi="27" ten="20,12000,2" yaku="1,1,0,1,7,1,52,2,54,2,53,0" doraHai="113" doraHaiUra="101" who="1" fromWho="1" sc="240,-60,240,140,250,-30,250,-30" /><INIT seed="1,0,0,2,3,36" ten="180,380,220,220" oya="1" hai0="82,9,78,45,24,105,110,5,83,40,16,17,65" hai1="108,1,76,48,132,34,58,52,75,50,112,20,64" hai2="77,106,4,38,115,41,8,67,92,66,33,35,97" hai3="128,101,126,73,130,104,55,114,57,123,14,30,7"/><U59/><E112/><V21/><F106/><W26/><G114/><T56/><D105/><U15/><E34/><N who="2" m="12811" /><F77/><W120/><G73/><T22/><D110/><U29/><E1/><V119/><F66/><W96/><G126/><T86/><D83/><U116/><E116/><V81/><F92/><W88/><G7/><T118/><D118/><U124/><E124/><V125/><F97/><W90/><G14/><T134/><D134/><U49/><E132/><V127/><F81/><W0/><G0/><T87/><D87/><U28/><E108/><V42/><F38/><W102/><G102/><T31/><D56/><U2/><E2/><V89/><F89/><W3/><G3/><T95/><D95/><U71/><E76/><V62/><F21/><N who="3" m="15695" /><G123/><T19/><D65/><U13/><E75/><V117/><F115/><W93/><G104/><T10/><REACH who="0" step="1"/><D5/><REACH who="0" ten="170,380,220,220" step="2"/><U74/><E74/><V107/><F107/><W72/><G72/><T84/><D84/><U91/><E64/><V122/><F127/><W39/><G120/><T53/><D53/><U32/><E52/><V103/><F125/><W47/><G93/><T54/><D54/><U121/><E121/><V80/><F122/><W18/><G96/><T70/><D70/><U85/><E71/><V43/><F119/><W99/><G99/><T129/><D129/><U135/><E135/><V98/><F117/><W69/><G130/><T61/><D61/><U100/><E85/><V113/><F80/><W131/><G131/><T25/><D25/><U51/><N who="1" m="12288" /><DORA hai="94" /><U60/><E60/><V111/><F111/><W27/><G128/><RYUUKYOKU ba="0,1" sc="170,30,380,-10,220,-10,220,-10" hai0="9,10,16,17,19,22,24,31,40,45,78,82,86" /><INIT seed="2,1,1,4,4,25" ten="200,370,210,210" oya="2" hai0="97,72,6,126,42,43,105,90,123,14,17,69,55" hai1="78,87,70,103,63,2,125,98,3,27,111,85,44" hai2="45,0,119,66,127,32,52,118,135,33,18,100,112" hai3="96,71,35,61,81,22,132,124,113,82,5,41,37"/><V15/><F0/><W114/><G35/><N who="2" m="13385" /><F100/><W23/><G5/><T130/><D123/><U108/><E2/><V34/><F66/><W46/><G124/><T36/><D72/><U47/><E125/><V93/><F93/><W19/><G132/><T129/><D126/><U51/><E3/><V11/><F52/><W84/><G96/><T101/><D69/><U12/><E70/><V9/><F45/><W24/><G23/><T91/><D6/><U67/><E47/><V7/><F127/><W122/><G122/><T68/><D55/><U54/><E67/><V128/><F135/><W74/><G74/><T77/><D77/><U83/><E44/><V40/><F40/><N who="0" m="15402" /><D68/><U95/><E54/><V48/><F48/><W8/><G8/><N who="0" m="6343" /><D36/><U4/><E78/><V49/><F34/><W13/><G71/><T62/><D62/><U79/><E63/><V86/><F49/><W29/><G61/><T50/><D50/><U10/><E51/><V102/><F11/><N who="3" m="6591" /><G84/><T133/><D133/><U16/><E85/><V134/><F134/><W21/><G21/><T106/><D106/><U75/><E75/><V115/><F86/><W120/><G120/><T38/><D38/><U73/><E73/><V58/><F7/><W31/><G37/><T59/><D59/><U53/><E53/><V109/><F58/><W89/><G41/><T99/><D99/><U26/><E4/><V28/><F9/><W57/><G57/><T88/><D105/><U116/><E10/><V117/><F117/><W56/><G56/><T92/><D97/><U1/><E116/><V65/><F119/><RYUUKYOKU ba="1,1" sc="200,30,370,-10,210,-10,210,-10" hai0="88,90,91,92,101,129,130" /><INIT seed="3,2,1,5,2,29" ten="230,360,200,200" oya="3" hai0="27,20,69,103,97,44,49,125,95,127,25,92,42" hai1="70,79,8,52,59,123,60,109,9,17,12,72,85" hai2="64,39,2,126,46,98,135,115,5,50,31,128,62" hai3="65,111,30,47,58,124,117,1,96,107,32,71,89"/><W21/><G117/><T99/><D69/><U54/><E123/><V105/><F50/><W101/><G124/><N who="0" m="47691" /><D20/><U94/><E109/><V122/><F31/><W74/><G111/><T15/><D15/><N who="1" m="7399" /><E72/><V53/><F53/><W3/><G21/><T102/><AGARI ba="2,1" hai="25,27,42,44,49,92,95,97,99,102,103" m="47691" machi="102" ten="30,1100,0" yaku="18,1" doraHai="29" who="0" fromWho="0" sc="230,27,360,-5,200,-5,200,-7" /><INIT seed="4,0,0,1,2,135" ten="257,355,195,193" oya="0" hai0="54,116,70,107,105,23,106,89,99,26,83,73,81" hai1="71,125,1,68,27,0,91,10,109,101,12,22,38" hai2="111,124,88,25,4,40,128,34,37,131,117,33,130" hai3="17,28,19,7,87,3,66,79,113,20,90,75,29"/><T94/><D70/><U93/><E38/><V44/><F111/><W57/><G113/><T114/><D54/><U67/><E109/><V134/><F134/><W122/><G122/><T14/><D14/><U21/><E101/><V86/><F117/><W35/><G35/><N who="2" m="13321" /><F25/><W50/><G75/><T118/><D23/><U132/><E132/><V129/><N who="2" m="32768" /><DORA hai="96" /><V84/><F4/><W49/><G79/><N who="0" m="44271" /><D26/><U65/><E71/><V42/><F86/><W108/><G108/><T46/><D46/><U56/><E27/><V103/><F42/><W63/><G7/><T47/><D47/><U62/><E68/><V123/><F123/><W85/><G85/><N who="0" m="50367" /><D114/><U61/><E12/><V64/><F103/><AGARI ba="0,0" hai="94,99,103,105,106,107,116,118" m="50367,44271" machi="103" ten="30,5800,0" yaku="34,2,52,1" doraHai="135,96" who="0" fromWho="2" sc="257,58,355,0,195,-58,193,0" /><INIT seed="4,1,0,4,1,120" ten="315,355,137,193" oya="0" hai0="63,69,42,5,70,113,50,24,27,118,35,28,92" hai1="131,128,59,126,1,74,89,9,93,11,22,90,85" hai2="95,25,109,101,12,47,130,51,56,119,133,75,87" hai3="76,23,103,61,37,134,46,114,43,72,45,129,107"/><T8/><D118/><U68/><E68/><V41/><F109/><W18/><G114/><T106/><D106/><U39/><E74/><V77/><F119/><W4/><G129/><N who="1" m="49738" /><E126/><V88/><F130/><W99/><G134/><T29/><D113/><U102/><E39/><V6/><F133/><W49/><G4/><T54/><D42/><U71/><E71/><V14/><F101/><W115/><G115/><T104/><D104/><U64/><E1/><V127/><F127/><W86/><G72/><T135/><D92/><U13/><E102/><V53/><F6/><W3/><G3/><T16/><D63/><N who="1" m="38015" /><E90/><V65/><F65/><W58/><G76/><T100/><D100/><U15/><E22/><V19/><F77/><W124/><G86/><T36/><D36/><U80/><E80/><V34/><F75/><W73/><G73/><T0/><D135/><U60/><E60/><V55/><F55/><W10/><G124/><T32/><REACH who="0" step="1"/><D16/><REACH who="0" ten="305,355,137,193" step="2"/><U57/><E93/><V105/><F105/><W111/><G61/><T121/><D121/><U122/><E122/><V108/><F108/><W96/><G111/><T84/><D84/><U94/><E85/><V82/><F82/><W2/><G103/><T7/><D7/><N who="1" m="3263" /><E94/><V31/><REACH who="2" step="1"/><F19/><REACH who="2" ten="305,355,127,193" step="2"/><W132/><G18/><T98/><D98/><U33/><E89/><V30/><F30/><W67/><G99/><T81/><D81/><U116/><E116/><V20/><F20/><W112/><G96/><T52/><D52/><U21/><E21/><V97/><F97/><W125/><G23/><T123/><D123/><U26/><E33/><RYUUKYOKU ba="1,2" sc="305,15,355,-15,127,15,193,-15" hai0="0,5,8,24,27,28,29,32,35,50,54,69,70" hai2="12,14,25,31,34,41,47,51,53,56,87,88,95" /><INIT seed="4,2,2,3,0,43" ten="320,340,142,178" oya="0" hai0="55,28,4,49,44,39,35,112,53,87,100,114,64" hai1="133,81,103,48,10,33,12,118,23,59,84,126,121" hai2="90,71,32,61,57,41,63,122,110,0,109,54,56" hai3="123,79,31,22,85,91,60,105,132,37,135,73,68"/><T104/><D39/><U117/><E33/><V99/><F0/><W89/><G105/><T127/><D127/><U93/><E121/><V16/><F32/><W106/><G106/><T77/><D64/><U66/><E126/><V83/><F71/><W38/><G73/><T42/><D4/><U19/><E133/><N who="3" m="51274" /><G123/><T24/><D104/><U107/><E107/><V69/><F69/><W128/><G128/><T67/><D100/><U76/><E118/><V27/><F122/><W120/><G120/><T130/><D67/><U119/><E119/><V45/><F110/><W62/><G79/><T14/><D14/><U95/><E117/><V25/><F109/><W46/><G46/><T9/><D9/><U75/><E75/><V20/><F27/><N who="3" m="16887" /><G91/><T34/><D34/><U115/><E103/><V125/><F125/><W80/><G68/><T15/><D130/><U29/><E115/><N who="0" m="44073" /><D15/><U97/><E12/><V101/><F101/><W36/><AGARI ba="2,2" hai="36,37,38,60,62,80,85,89" m="16887,51274" machi="36" ten="40,1500,0" yaku="20,1" doraHai="43" who="3" fromWho="3" sc="320,-9,340,-6,142,-6,178,41" /><INIT seed="5,0,0,2,3,32" ten="311,334,136,219" oya="1" hai0="53,120,0,97,116,79,55,77,49,2,86,111,1" hai1="90,78,6,82,118,27,33,39,126,87,75,26,133" hai2="67,73,104,36,121,98,51,76,5,4,25,106,45" hai3="31,132,62,22,20,60,102,107,59,15,34,7,113"/><U127/><E118/><V35/><F51/><W41/><G113/><T99/><D116/><U69/><E69/><V80/><F5/><W56/><G34/><T134/><D111/><U47/><E133/><V117/><F121/><W3/><G132/><T94/><D134/><U81/><E6/><V128/><F117/><W114/><G114/><T85/><D120/><U124/><REACH who="1" step="1"/><E33/><REACH who="1" ten="311,324,136,219" step="2"/><V125/><F125/><W101/><G7/><T57/><D55/><U38/><E38/><V100/><F128/><W74/><G41/><AGARI ba="0,1" hai="26,27,39,41,47,75,78,81,82,87,90,124,126,127" machi="41" ten="40,7700,0" yaku="1,1,18,1,53,1" doraHai="32" doraHaiUra="40" who="1" fromWho="3" sc="311,0,324,87,136,0,219,-77" /><INIT seed="5,1,0,3,1,74" ten="311,411,136,142" oya="1" hai0="38,91,119,0,80,67,121,16,89,77,11,36,66" hai1="133,84,109,31,15,13,116,57,130,22,73,32,40" hai2="24,83,127,98,114,110,20,92,69,115,61,113,90" hai3="81,97,50,78,51,58,25,108,17,75,93,82,49"/><U1/><E73/><V94/><F110/><W33/><G108/><T39/><D119/><U19/><E116/><V107/><F127/><W10/><G82/><T123/><D0/><U125/><E109/><V88/><F107/><W23/><G33/><T100/><D100/><U76/><E1/><V44/><F44/><W128/><G128/><T45/><D45/><U131/><E125/><V118/><F118/><W37/><G37/><T54/><D54/><U85/><E40/><V129/><F83/><W12/><G58/><T28/><D28/><U26/><E133/><V122/><F122/><N who="0" m="46602" /><D67/><U6/><E57/><V46/><F46/><W112/><G112/><N who="2" m="28673" /><V102/><DORA hai="2" /><F129/><W104/><G104/><T101/><D101/><U106/><E106/><V41/><F41/><W35/><G35/><T96/><D66/><U3/><E32/><V53/><F53/><W5/><REACH who="3" step="1"/><G50/><REACH who="3" ten="311,411,136,132" step="2"/><T52/><D39/><U21/><E131/><V111/><F111/><W9/><G9/><T87/><D38/><U99/><E130/><V59/><F69/><W65/><G65/><T4/><D36/><U8/><E8/><V134/><F134/><W7/><G7/><T79/><D4/><U60/><E6/><V72/><F72/><W86/><G86/><T70/><D70/><U56/><E85/><N who="2" m="52239" /><F59/><W48/><G48/><T132/><D132/><U18/><E56/><V68/><F68/><W71/><G71/><T29/><D80/><U124/><E124/><V105/><F61/><W55/><G55/><T117/><D52/><U42/><E60/><V95/><F90/><AGARI ba="1,1" hai="5,10,12,17,23,25,49,51,75,78,81,90,93,97" machi="90" ten="30,7700,0" yaku="1,1,7,1,52,2,53,0" doraHai="74,2" doraHaiUra="135,63" who="3" fromWho="2" sc="311,0,411,0,136,-80,132,90" /><INIT seed="6,0,0,1,3,77" ten="311,411,56,222" oya="2" hai0="95,58,127,108,40,23,29,16,28,98,61,118,25" hai1="101,94,9,79,12,17,88,72,111,47,31,43,26" hai2="86,119,135,126,93,123,1,10,125,55,92,53,132" hai3="65,52,130,102,129,124,0,33,64,96,83,100,38"/><V56/><F10/><W73/><G33/><T116/><D108/><U75/><E101/><V90/><F56/><W2/><G38/><T131/><D131/><N who="3" m="50185" /><G124/><N who="2" m="47721" /><F1/><N who="3" m="619" /><G52/><N who="2" m="20041" /><F123/><W60/><G60/><T89/><D40/><U115/><E9/><V74/><F74/><W4/><G4/><T68/><D68/><U81/><E75/><V57/><F57/><W97/><G83/><T15/><D127/><U3/><E72/><V85/><F119/><N who="0" m="45610" /><D15/><U112/><E3/><V44/><F44/><W122/><G73/><T8/><D8/><U34/><E47/><V5/><F5/><W14/><G14/><T24/><D24/><U22/><E43/><V110/><F110/><W105/><G122/><T70/><D70/><U30/><E111/><V106/><F106/><AGARI ba="0,0" hai="64,65,96,97,100,102,105,106" m="619,50185" machi="106" ten="30,1000,0" yaku="19,1" doraHai="77" who="3" fromWho="2" sc="311,0,411,0,56,-10,222,10" /><BYE who="2" /><INIT seed="7,0,0,4,0,49" ten="311,411,46,232" oya="3" hai0="93,6,120,57,109,23,10,18,110,118,8,19,127" hai1="84,83,104,132,29,74,87,79,71,40,35,7,65" hai2="91,37,124,42,125,50,9,133,78,134,47,33,76" hai3="25,107,1,54,100,62,69,27,26,90,48,43,67"/><W75/><G1/><N who="0" m="79" /><D57/><U77/><E40/><UN n2="%74%6F%72%69%30%36%31%32" /><V11/><F91/><W45/><G75/><T15/><D93/><U81/><E7/><V95/><F95/><W105/><G100/><T114/><D118/><U98/><E132/><V102/><F102/><W16/><G90/><T32/><D120/><U17/><E17/><V38/><F33/><W129/><G129/><T24/><D127/><U80/><E98/><V70/><F11/><W46/><REACH who="3" step="1"/><G16/><REACH who="3" ten="311,411,46,222" step="2"/><T113/><D32/><U89/><E35/><V60/><F9/><W58/><G58/><T0/><D0/><U111/><E74/><V2/><F2/><W126/><G126/><N who="2" m="48745" /><F78/><W135/><G135/><N who="2" m="51721" /><F76/><W116/><G116/><T28/><D19/><U103/><E103/><V112/><F112/><AGARI ba="0,1" hai="10,15,18,23,24,28,109,110,112,113,114" m="79" machi="112" ten="30,7700,0" yaku="15,1,11,1,34,2" doraHai="49" who="0" fromWho="2" sc="311,87,411,0,46,-77,222,0" owari="398,19.8,411,51.1,-31,-53.1,222,-17.8" /></mjloggm>