<mjloggm ver="2.3"><GO type="169" lobby="0"/><UN n0="%E4%BE%8D" n1="%E3%81%AB%E3%81%97%E3%81%8B%E3%81%9F" n2="%E3%81%BE%E3%81%88%E3%81%9F" n3="%E4%B8%89%E5%8D%81%E7%94%BB%E7%94%9F" dan="17,16,17,16" rate="2236.76,2106.14,2172.50,2145.67" sx="M,M,F,M"/><TAIKYOKU oya="0"/><INIT seed="0,0,0,0,4,65" ten="250,250,250,250" oya="0" hai0="116,62,104,33,117,12,6,7,63,60,77,123,21" hai1="57,95,85,59,128,41,111,52,5,47,35,127,86" hai2="66,44,22,71,133,83,79,84,0,118,24,23,103" hai3="106,129,75,121,124,94,132,4,98,14,32,99,101"/><T11/><D123/><U87/><E35/><V10/><F133/><W96/><G32/><T30/><D104/><U15/><E111/><V80/><F118/><W131/><G4/><T110/><D6/><U36/><E127/><V20/><F103/><N who="3" m="62823" /><G14/><T9/><D11/><U2/><E2/><V40/><F0/><W39/><G39/><T67/><D33/><U122/><E122/><V43/><F10/><W13/><G13/><T97/><D77/><U61/><E128/><N who="3" m="49226" /><G121/><T26/><D110/><U114/><E114/><V73/><F24/><W135/><G124/><T45/><D97/><U56/><E5/><V27/><F27/><W72/><G98/><T107/><D107/><U18/><REACH who="1" step="1"/><E95/><REACH who="1" ten="250,240,250,250" step="2"/><V55/><F80/><W82/><G82/><T54/><D117/><U113/><E113/><V134/><F83/><W25/><G25/><T102/><D116/><U49/><E49/><V53/><F134/><AGARI ba="0,1" hai="72,75,94,99,101,132,134,135" m="49226,62823" machi="134" ten="30,7700,0" yaku="20,1,19,1,34,2" doraHai="65" who="3" fromWho="2" sc="250,0,240,0,250,-77,250,87" /><INIT seed="1,0,0,3,0,30" ten="250,240,173,337" oya="1" hai0="111,133,71,53,107,12,77,126,24,116,2,99,58" hai1="118,101,93,123,121,54,61,134,27,17,29,22,34" hai2="6,103,114,15,128,33,38,113,36,135,125,85,117" hai3="64,0,131,14,119,31,74,80,129,100,60,21,51"/><U62/><E118/><V95/><F117/><W86/><G119/><T124/><D116/><RYUUKYOKU type="kaze4" ba="0,0" sc="250,0,240,0,173,0,337,0" /><INIT seed="1,1,0,4,1,54" ten="250,240,173,337" oya="1" hai0="107,77,72,66,14,13,109,120,4,62,56,55,40" hai1="6,131,127,124,128,33,71,23,44,115,96,76,1" hai2="31,32,34,19,97,83,132,64,95,93,49,92,25" hai3="30,69,130,68,90,65,46,53,51,42,50,41,12"/><U63/><E115/><V113/><F113/><W39/><G30/><T57/><D109/><U37/><E33/><V16/><F132/><W106/><G106/><T129/><D129/><N who="1" m="49739" /><E76/><V88/><F32/><W61/><G130/><T112/><D112/><U84/><E84/><V7/><F83/><W27/><G27/><T105/><D120/><U74/><E74/><V87/><F64/><N who="3" m="40975" /><G12/><T2/><D2/><U10/><E96/><V126/><F126/><N who="1" m="48169" /><E23/><V21/><F7/><W118/><G90/><T85/><D72/><U98/><E98/><V108/><F108/><W125/><G125/><T29/><D40/><N who="3" m="15465" /><G118/><T3/><D3/><U24/><E24/><V58/><F34/><W20/><G20/><T60/><D29/><U94/><E94/><N who="2" m="54559" /><F97/><W91/><G91/><T81/><REACH who="0" step="1"/><D13/><REACH who="0" ten="240,240,173,337" step="2"/><U47/><E37/><V11/><F11/><AGARI ba="1,1" hai="4,11,14,55,56,57,60,62,66,77,81,85,105,107" machi="11" ten="40,8000,1" yaku="1,1,2,1,52,2,53,1" doraHai="54" doraHaiUra="8" who="0" fromWho="2" sc="240,93,240,0,173,-83,337,0" /><INIT seed="2,0,0,1,3,42" ten="333,240,90,337" oya="2" hai0="101,109,44,78,32,60,51,87,71,126,70,128,66" hai1="113,12,28,53,133,85,115,94,55,6,80,93,65" hai2="61,39,76,27,33,31,48,10,135,69,125,84,64" hai3="11,86,58,110,25,4,129,46,106,132,38,8,98"/><V47/><F125/><W59/><G110/><T107/><D109/><U37/><E37/><V114/><F114/><W134/><G129/><T122/><D122/><U79/><E133/><N who="3" m="51306" /><G86/><T117/><D126/><U72/><E65/><V83/><F135/><W96/><G25/><T45/><D128/><U100/><E28/><V20/><F39/><W24/><G24/><T56/><D32/><U97/><E115/><V127/><F127/><W35/><G11/><T62/><D51/><U18/><E6/><V89/><F10/><W92/><G106/><T26/><D117/><U119/><E119/><V102/><F102/><N who="3" m="60679" /><G98/><T17/><D101/><U9/><E113/><V123/><F123/><W14/><G35/><T82/><D107/><U81/><REACH who="1" step="1"/><E94/><REACH who="1" ten="333,230,90,337" step="2"/><V21/><REACH who="2" step="1"/><F76/><AGARI ba="0,1" hai="9,12,18,53,55,72,76,79,80,81,85,93,97,100" machi="76" ten="30,7700,0" yaku="1,1,2,1,7,1,53,1" doraHai="42" doraHaiUra="95" who="1" fromWho="2" sc="333,0,230,87,90,-77,337,0" /><INIT seed="3,0,0,3,1,15" ten="333,317,13,337" oya="3" hai0="92,10,40,7,102,2,122,116,132,88,42,56,124" hai1="114,34,62,121,17,70,47,125,45,61,59,112,105" hai2="118,63,96,52,57,71,28,108,101,24,16,6,100" hai3="21,86,8,120,31,13,37,94,107,98,119,22,11"/><W64/><G119/><T23/><D122/><U131/><E121/><V51/><F118/><W53/><G120/><T65/><D116/><U60/><E105/><V128/><F128/><W74/><G74/><T77/><D124/><U104/><E104/><V33/><F108/><W29/><G37/><T27/><D132/><U82/><E34/><V126/><F126/><W80/><G64/><T135/><D77/><U48/><E125/><V113/><F113/><W95/><G107/><T69/><D69/><U84/><E131/><V85/><F6/><N who="3" m="3223" /><G11/><T1/><D1/><U78/><E70/><V50/><F71/><W18/><G53/><T39/><D102/><U99/><E99/><V103/><F85/><W14/><G22/><T76/><D76/><U91/><E78/><V46/><F96/><W4/><G4/><T68/><D68/><U26/><E114/><V106/><F106/><W83/><G95/><T32/><D32/><U130/><E130/><V19/><REACH who="2" step="1"/><F51/><REACH who="2" ten="333,317,3,337" step="2"/><W89/><G83/><T75/><D75/><U109/><E109/><V36/><F36/><W90/><AGARI ba="0,1" hai="14,18,21,29,31,80,86,89,90,94,98" m="3223" machi="90" ten="30,3000,0" yaku="8,1,52,1" doraHai="15" who="3" fromWho="3" sc="333,-10,317,-10,3,-10,337,40" owari="323,12.3,307,-9.3,-7,-50.7,377,47.7" /></mjloggm>