<mjloggm ver="2.3"><GO type="169" lobby="0"/><UN n0="%E8%B5%A4%E7%BE%8E%E6%BF%83%E3%81%BE%E3%81%90%E3%82%8D" n1="%E3%81%BB%E3%83%BC%E3%82%8A%E3%83%BC" n2="%E5%9C%A7%E5%80%92%E7%9A%84%E3%83%9D%E3%83%B3" n3="%6F%6B%62%6F%6B%62" dan="17,17,17,17" rate="2211.88,2230.11,2208.26,2204.80" sx="M,M,M,M"/><TAIKYOKU oya="0"/><INIT seed="0,0,0,1,1,17" ten="250,250,250,250" oya="0" hai0="111,53,132,37,124,108,1,85,102,21,100,74,118" hai1="106,10,123,34,119,11,134,99,94,66,32,67,71" hai2="78,93,3,60,128,27,57,104,121,81,116,22,120" hai3="48,130,62,91,39,117,83,25,44,18,135,33,97"/><T131/><D74/><U30/><E106/><V115/><F104/><W50/><G117/><T54/><D37/><U101/><E123/><V86/><F115/><W26/><G135/><T15/><D1/><U92/><E30/><V4/><F116/><W125/><G125/><T6/><D118/><U14/><E119/><V40/><F40/><W114/><G114/><T95/><D124/><U5/><E14/><V107/><F107/><W133/><G130/><T24/><D132/><U0/><E99/><V127/><F127/><W47/><G25/><T75/><D75/><U59/><E59/><V109/><F128/><W87/><G97/><T65/><D65/><U28/><E28/><V38/><F38/><W80/><G62/><T41/><D41/><U70/><E0/><V122/><F109/><N who="0" m="42058" /><D131/><U12/><E12/><V51/><F51/><W58/><G39/><T45/><D45/><U88/><E134/><V2/><F93/><W8/><G33/><T31/><D85/><U129/><E129/><V73/><F4/><W19/><G58/><T126/><D126/><U84/><E84/><V16/><REACH who="2" step="1"/><F73/><REACH who="2" ten="250,250,240,250" step="2"/><W110/><G110/><T46/><D95/><U49/><E5/><V64/><AGARI ba="0,1" hai="2,3,16,22,27,57,60,64,78,81,86,120,121,122" machi="64" ten="30,12000,2" yaku="1,1,2,1,0,1,52,1,54,1,53,1" doraHai="17" doraHaiUra="56" who="2" fromWho="2" sc="250,-60,250,-30,240,130,250,-30" /><INIT seed="1,0,0,4,0,43" ten="190,220,370,220" oya="1" hai0="51,52,75,59,5,36,68,83,107,64,80,103,78" hai1="28,55,11,95,61,58,118,2,128,7,53,20,111" hai2="47,90,104,12,92,87,122,17,49,127,34,60,123" hai3="32,45,134,8,73,0,30,94,71,105,9,125,85"/><U35/><E118/><V21/><F127/><W93/><G105/><T77/><D36/><U44/><E128/><V16/><F104/><W50/><G73/><T135/><D135/><U117/><E117/><V131/><F34/><W26/><G71/><T97/><D5/><U129/><E129/><V31/><F31/><W109/><G109/><T113/><D113/><U81/><E111/><V1/><F1/><W33/><G33/><T108/><D108/><U106/><E106/><V63/><F131/><W10/><G134/><T101/><D101/><U19/><E81/><V115/><F115/><W76/><G0/><T96/><D96/><U4/><E4/><V69/><F69/><W42/><REACH who="3" step="1"/><G125/><REACH who="3" ten="190,220,370,210" step="2"/><T70/><REACH who="0" step="1"/><D64/><REACH who="0" ten="180,220,370,210" step="2"/><U37/><E2/><V91/><F123/><W18/><G18/><T62/><D62/><U14/><E61/><V39/><F122/><W23/><G23/><T48/><D48/><U74/><E20/><V66/><F17/><W119/><G119/><T27/><D27/><U100/><E19/><V57/><F63/><W124/><G124/><T126/><D126/><U56/><E35/><V102/><F39/><W25/><G25/><T79/><D79/><U121/><E121/><V41/><F102/><W3/><G3/><T40/><D40/><U133/><E133/><V99/><F91/><W65/><G65/><T46/><D46/><U88/><E37/><V84/><AGARI ba="0,2" hai="12,16,21,41,47,49,57,60,66,84,87,90,92,99" machi="84" ten="30,7900,0" yaku="0,1,8,1,52,1,54,1" doraHai="43" who="2" fromWho="2" sc="180,-20,220,-39,370,99,210,-20" /><INIT seed="2,0,0,5,3,135" ten="160,181,469,190" oya="2" hai0="22,64,106,95,103,72,105,60,53,104,3,100,11" hai1="125,55,63,102,114,91,113,29,50,68,83,35,47" hai2="66,133,27,33,131,123,17,120,81,132,65,94,42" hai3="109,62,110,41,5,8,67,107,24,112,122,20,128"/><V84/><F42/><W52/><G122/><T37/><D72/><U54/><E102/><V34/><F94/><W61/><G112/><N who="1" m="43114" /><E91/><V88/><F131/><W40/><G107/><T111/><D111/><N who="3" m="42505" /><G128/><T69/><D37/><U13/><E83/><V38/><F38/><W124/><G124/><T7/><D53/><U32/><E13/><V117/><F117/><W92/><G92/><T4/><D4/><U56/><E29/><V48/><F48/><W121/><G121/><T74/><D74/><U85/><E85/><V1/><F1/><N who="3" m="47" /><G67/><T26/><REACH who="0" step="1"/><D95/><REACH who="0" ten="150,181,469,190" step="2"/><U76/><E55/><V79/><F123/><W10/><G52/><T115/><D115/><U118/><E54/><V16/><F120/><W0/><G40/><T2/><D2/><U30/><E50/><V43/><F43/><W15/><G41/><T14/><D14/><U75/><E75/><V31/><F66/><W57/><G0/><T71/><D71/><U9/><E68/><V134/><F65/><W28/><G57/><T21/><D21/><U97/><E56/><V25/><F79/><W126/><G126/><T49/><D49/><U80/><E76/><V99/><F34/><W78/><G78/><T89/><D89/><U18/><E32/><V39/><F39/><W119/><G119/><T6/><D6/><AGARI ba="0,1" hai="6,10,15,20,24,28,61,62" m="47,42505" machi="6" ten="30,1000,0" yaku="14,1" doraHai="135" who="3" fromWho="0" sc="150,-10,181,0,469,0,190,20" /><INIT seed="3,0,0,4,0,58" ten="140,181,469,210" oya="3" hai0="76,40,72,21,114,99,103,132,112,127,128,96,107" hai1="66,64,63,124,19,84,46,44,106,53,85,28,91" hai2="102,22,3,17,98,10,0,119,48,82,92,62,80" hai3="81,4,18,108,87,20,65,117,95,83,69,51,94"/><W52/><G117/><T12/><D40/><U109/><E106/><V2/><F119/><W125/><G4/><T41/><D41/><U110/><E28/><V16/><F48/><W36/><G36/><T25/><D127/><U134/><E124/><V105/><F105/><W88/><G125/><T30/><D132/><U73/><E73/><V122/><F122/><W126/><G126/><T100/><D128/><U61/><E19/><V39/><F39/><W55/><G55/><T90/><D90/><U78/><E78/><V26/><REACH who="2" step="1"/><F62/><REACH who="2" ten="140,181,459,210" step="2"/><W59/><G108/><T123/><D123/><U86/><E134/><V1/><N who="2" m="0" /><DORA hai="120" /><V33/><F33/><W38/><G38/><T34/><D34/><U130/><E130/><V97/><F97/><W67/><G69/><T14/><D114/><U13/><E61/><V57/><F57/><W5/><G5/><T101/><D112/><U9/><E63/><V32/><F32/><W37/><G37/><T115/><D115/><U15/><E109/><V111/><F111/><W104/><G104/><T45/><D99/><U6/><E110/><V42/><F42/><W121/><G121/><T47/><D96/><U31/><E6/><V49/><F49/><W60/><G51/><T11/><D107/><U71/><E71/><V7/><F7/><W68/><G68/><T118/><D118/><U89/><E46/><V70/><F70/><W93/><REACH who="3" step="1"/><G81/><REACH who="3" ten="140,181,459,200" step="2"/><T131/><D131/><U29/><E44/><V113/><F113/><W133/><G133/><T35/><D47/><U27/><E53/><V50/><F50/><W135/><G135/><RYUUKYOKU ba="0,2" sc="140,-15,181,-15,459,15,200,15" hai2="10,16,17,22,26,80,82,92,98,102" hai3="18,20,52,59,60,65,67,83,87,88,93,94,95" /><INIT seed="3,1,2,2,3,92" ten="125,166,474,215" oya="3" hai0="126,105,68,91,116,120,64,45,54,56,112,27,53" hai1="36,47,106,57,130,19,17,3,117,15,8,119,133" hai2="62,18,1,85,94,127,134,4,104,131,124,71,22" hai3="43,135,87,16,125,50,49,113,82,121,79,102,122"/><W118/><G118/><N who="1" m="45066" /><E106/><V48/><F104/><W123/><G113/><T21/><D116/><U32/><E32/><V46/><F131/><W35/><G35/><T69/><D120/><U70/><E70/><V6/><F134/><W31/><G31/><T9/><D105/><U86/><E133/><V28/><F28/><W75/><G135/><T25/><D112/><U73/><E73/><V90/><F1/><W40/><G125/><N who="2" m="48201" /><F62/><W23/><G102/><T95/><D69/><U80/><E130/><V77/><F77/><W11/><G11/><T76/><D68/><U51/><E3/><V59/><F59/><W81/><G43/><T26/><D76/><N who="1" m="46343" /><E57/><V20/><F20/><W0/><G0/><T88/><D126/><U41/><E36/><V13/><F71/><W42/><G42/><AGARI ba="1,2" hai="4,6,13,18,22,42,46,48,85,90,94" m="48201" machi="42" ten="30,1000,0" yaku="18,1" doraHai="92" who="2" fromWho="3" sc="125,0,166,0,474,33,215,-13" /><INIT seed="4,0,0,0,5,7" ten="125,166,507,202" oya="0" hai0="125,76,95,97,84,26,98,80,94,56,18,121,133" hai1="107,74,4,57,48,68,113,111,39,47,49,73,100" hai2="81,3,15,58,16,32,42,132,36,78,67,119,126" hai3="93,127,104,61,54,43,101,109,108,35,70,105,51"/><T37/><D121/><U69/><E111/><V59/><F32/><W71/><G35/><T38/><D125/><U86/><E39/><V91/><F119/><W25/><G25/><T44/><D133/><U87/><E4/><V75/><F3/><W62/><G127/><T24/><D56/><U14/><E57/><V19/><F126/><W28/><G28/><T128/><D128/><U11/><E14/><V122/><F122/><W27/><G27/><T102/><D44/><U117/><E100/><V9/><F132/><W79/><G79/><T65/><D65/><U33/><E33/><V90/><F42/><W13/><G43/><T31/><D18/><U40/><E40/><V46/><F46/><W22/><G70/><T72/><D72/><U135/><E47/><V8/><F36/><W52/><G54/><T23/><REACH who="0" step="1"/><D24/><REACH who="0" ten="115,166,507,202" step="2"/><U5/><E135/><V1/><F59/><W77/><G109/><T89/><AGARI ba="0,1" hai="23,26,31,37,38,76,80,84,89,94,95,97,98,102" machi="89" ten="20,7800,0" yaku="1,1,2,1,0,1,7,1,53,0" doraHai="7" doraHaiUra="41" who="0" fromWho="0" sc="115,88,166,-26,507,-26,202,-26" /><INIT seed="4,1,0,5,5,106" ten="203,140,481,176" oya="0" hai0="88,31,73,99,65,102,3,79,77,60,121,49,51" hai1="87,129,25,127,128,72,74,132,89,53,85,103,4" hai2="44,6,131,64,39,9,40,29,36,47,112,110,8" hai3="15,86,114,80,63,41,133,66,130,14,69,113,1"/><T120/><D3/><U105/><E4/><V126/><F110/><W116/><G116/><T134/><D31/><U81/><E53/><V10/><F112/><W21/><G1/><T0/><D0/><U67/><E67/><V37/><F126/><W95/><G133/><T90/><D134/><U35/><E25/><V97/><F64/><W12/><G130/><N who="1" m="50282" /><E35/><V38/><F29/><W122/><G122/><T98/><D65/><U108/><E132/><V33/><F33/><W45/><G95/><T75/><D102/><U101/><E108/><V82/><F131/><W91/><REACH who="3" step="1"/><G21/><REACH who="3" ten="203,140,481,166" step="2"/><T109/><D109/><U11/><E11/><V78/><F6/><W123/><G123/><T104/><D104/><U84/><E127/><V58/><F10/><W94/><G94/><T96/><D96/><N who="1" m="61607" /><E103/><V46/><F9/><W43/><G43/><T32/><D32/><U48/><E48/><AGARI ba="1,1" hai="12,14,15,41,45,48,63,66,69,80,86,91,113,114" machi="48" ten="40,1300,0" yaku="1,1,53,0" doraHai="106" doraHaiUra="125" who="3" fromWho="1" sc="203,0,140,-16,481,0,166,26" /><INIT seed="5,0,0,0,0,66" ten="203,124,481,192" oya="1" hai0="86,90,32,54,101,40,21,12,109,99,118,72,124" hai1="105,50,20,103,116,67,6,49,123,46,2,122,108" hai2="92,68,125,78,51,102,70,119,94,11,37,34,85" hai3="135,31,60,10,53,134,98,15,131,73,0,27,57"/><U81/><E108/><V129/><F37/><W115/><G73/><T4/><D32/><U120/><E116/><V30/><F119/><W83/><G0/><T39/><D118/><U111/><E111/><V113/><F113/><W117/><G117/><T48/><D72/><U106/><E67/><V84/><F125/><W24/><G115/><T91/><D109/><U62/><E62/><V29/><F34/><W36/><G36/><T13/><D124/><U8/><E81/><V126/><F126/><W130/><G98/><T128/><D128/><N who="3" m="49193" /><G83/><T97/><D39/><U77/><E77/><V80/><F129/><W79/><G79/><T59/><D40/><U95/><E49/><V93/><F102/><W64/><G53/><T96/><D91/><U23/><E95/><V61/><F61/><W71/><G57/><T7/><D101/><U133/><E133/><N who="3" m="50698" /><G31/><T107/><D107/><U17/><E103/><V47/><F84/><W56/><G56/><T121/><D59/><U35/><E35/><V55/><REACH who="2" step="1"/><F11/><REACH who="2" ten="203,124,471,192" step="2"/><W65/><G65/><T38/><D38/><U112/><E112/><V9/><F9/><W16/><AGARI ba="0,1" hai="10,15,16,24,27,60,64,71" m="50698,49193" machi="16" ten="30,7900,0" yaku="19,1,20,1,52,1,54,1" doraHai="66" who="3" fromWho="3" sc="203,-20,124,-39,471,-20,192,89" /><INIT seed="6,0,0,5,2,112" ten="183,85,451,281" oya="2" hai0="64,30,70,25,76,50,13,58,20,10,83,91,85" hai1="81,124,62,28,35,23,42,14,32,123,18,125,127" hai2="8,110,116,60,120,11,86,5,134,1,122,69,68" hai3="49,43,108,117,82,104,22,34,80,67,41,97,29"/><V99/><F116/><W103/><G108/><T118/><D70/><U7/><E42/><V61/><F110/><W38/><G38/><T75/><D118/><U93/><E62/><V98/><F86/><W78/><G34/><T73/><D76/><U15/><E93/><V21/><F21/><W37/><G37/><T51/><D75/><U72/><E81/><V46/><F46/><W26/><G80/><T2/><D2/><U109/><E72/><V56/><F56/><W94/><G104/><T6/><D73/><U102/><E102/><V65/><F134/><W16/><G117/><T63/><AGARI ba="0,0" hai="6,10,13,20,25,30,50,51,58,63,64,83,85,91" machi="63" ten="30,2000,0" yaku="0,1,8,1" doraHai="112" who="0" fromWho="0" sc="183,20,85,-5,451,-10,281,-5" /><INIT seed="7,0,0,2,3,62" ten="203,80,441,276" oya="3" hai0="50,132,85,78,11,3,111,13,21,102,126,36,42" hai1="97,61,14,119,19,123,135,108,86,65,98,76,112" hai2="131,71,53,95,91,129,107,68,56,110,116,90,18" hai3="15,37,34,7,84,80,30,33,100,46,43,0,124"/><W79/><G124/><T35/><D36/><U88/><E112/><V24/><F116/><W120/><G120/><T113/><D111/><U54/><E135/><V27/><F107/><W58/><G30/><T10/><D35/><U121/><E119/><V44/><F44/><W28/><G28/><T25/><D3/><U81/><E108/><V130/><F110/><W16/><G100/><T117/><D117/><U93/><E54/><V74/><F74/><W63/><G7/><T32/><D126/><U9/><REACH who="1" step="1"/><E97/><REACH who="1" ten="203,70,441,276" step="2"/><V92/><F130/><W105/><G0/><T134/><D113/><U47/><E47/><V4/><F53/><W45/><G46/><T114/><D134/><U122/><E122/><V133/><F56/><W103/><G103/><T77/><D132/><U118/><E118/><V75/><F133/><W1/><G1/><T29/><D114/><U57/><AGARI ba="0,1" hai="9,14,19,57,61,65,76,81,86,88,93,98,121,123" machi="57" ten="20,8000,1" yaku="1,1,0,1,7,1,52,1,54,1,53,0" doraHai="62" doraHaiUra="40" who="1" fromWho="1" sc="203,-20,70,90,441,-20,276,-40" owari="183,-21.7,160,-34.0,421,52.1,236,3.6" /></mjloggm>