<mjloggm ver="2.3"><GO type="169" lobby="0"/><UN n0="%E9%A6%AC%E3%81%AE%E8%80%B3%E3%81%AB%E5%BF%B5%E4%BB%8F" n1="%72%61%79%2A%6B%77%6B%6D" n2="%E8%B5%A4%E6%9C%A8%E3%81%97%E3%81%92%E3%82%8B" n3="%E3%82%AB%E3%83%A9%E6%9D%BE" dan="17,16,16,17" rate="2182.99,2078.65,2084.26,2144.39" sx="M,F,M,M"/><TAIKYOKU oya="0"/><INIT seed="0,0,0,1,0,81" ten="250,250,250,250" oya="0" hai0="64,50,63,53,94,22,95,102,112,8,17,35,47" hai1="31,20,110,62,65,122,10,80,77,12,61,5,79" hai2="109,105,34,85,49,15,59,116,38,7,41,78,48" hai3="32,66,70,97,33,131,55,103,71,75,84,23,3"/><T4/><D112/><U2/><E122/><V44/><F34/><W130/><G75/><T129/><D129/><U133/><E133/><V128/><F105/><W92/><G3/><T135/><D135/><U82/><E110/><V14/><F128/><N who="3" m="49195" /><G66/><T113/><D35/><N who="3" m="13385" /><G23/><T125/><D125/><U6/><E6/><V18/><F7/><W118/><G118/><T29/><D29/><U134/><E134/><V67/><F116/><W86/><G55/><T124/><D113/><U51/><E51/><N who="2" m="27023" /><F109/><W37/><G37/><T83/><D102/><U43/><E43/><V26/><F38/><W9/><G9/><T28/><D28/><U91/><E2/><V46/><F67/><W40/><G40/><T54/><D54/><U117/><E117/><V68/><F48/><W21/><G21/><T1/><D124/><U120/><E120/><V72/><F72/><W19/><G19/><T87/><D63/><N who="1" m="24075" /><E65/><V30/><F30/><W42/><G42/><T127/><D64/><U39/><E39/><V123/><F123/><W90/><G103/><T93/><D127/><U126/><E126/><V24/><F49/><W25/><G25/><T60/><D60/><U69/><E69/><AGARI ba="0,0" hai="69,70,71,84,86,90,92,97" m="13385,49195" machi="69" ten="40,5200,0" yaku="19,1,52,2" doraHai="81" who="3" fromWho="1" sc="250,0,250,-52,250,0,250,52" /><INIT seed="1,0,0,4,5,125" ten="250,198,250,302" oya="1" hai0="108,62,21,127,81,32,118,103,95,130,121,104,77" hai1="55,45,93,76,87,7,9,33,34,20,10,122,67" hai2="42,72,18,128,68,14,17,6,54,70,71,85,31" hai3="100,105,90,23,58,27,82,92,26,28,47,25,86"/><U115/><E115/><V15/><F72/><W134/><G105/><T131/><D32/><U119/><E119/><V43/><F31/><W126/><G134/><T49/><D118/><U30/><E122/><V57/><F6/><W46/><G126/><T96/><D127/><U74/><E67/><V111/><F85/><W99/><G26/><T60/><D121/><U89/><E74/><V24/><F24/><W50/><G27/><T12/><D49/><U113/><E113/><V129/><F111/><W80/><G82/><T35/><D35/><U61/><E76/><V2/><F2/><W94/><G80/><T88/><D21/><U16/><E30/><V13/><F57/><W91/><G91/><T101/><D12/><U36/><E36/><V8/><F54/><AGARI ba="0,0" hai="23,25,28,46,47,50,54,58,86,90,92,94,99,100" machi="54" ten="40,1300,0" yaku="8,1" doraHai="125" who="3" fromWho="2" sc="250,0,198,0,250,-13,302,13" /><INIT seed="2,0,0,0,1,102" ten="250,198,237,315" oya="2" hai0="95,120,8,57,104,15,63,1,28,71,98,59,47" hai1="11,132,121,70,6,114,118,31,117,7,20,84,123" hai2="125,91,83,14,3,131,82,105,35,13,81,115,108" hai3="12,22,134,73,17,54,23,72,94,66,9,76,79"/><V24/><F3/><W45/><G134/><T92/><D120/><N who="1" m="46155" /><E70/><V65/><F115/><W34/><G34/><T43/><D1/><N who="1" m="463" /><E84/><V27/><F131/><W26/><G72/><T85/><D71/><U135/><E114/><V127/><F65/><W5/><G73/><T18/><D28/><U64/><E64/><V60/><F60/><W40/><G66/><T61/><D59/><U124/><E124/><N who="2" m="47691" /><F91/><W42/><G54/><T37/><D63/><U46/><E46/><V111/><F35/><W67/><G67/><T89/><D57/><U4/><E4/><V77/><F77/><W119/><G119/><N who="1" m="45578" /><E7/><V97/><F97/><W80/><G45/><T21/><D61/><U29/><E20/><V44/><F44/><W55/><G23/><T62/><D62/><U90/><E90/><V39/><F39/><W19/><G5/><T51/><D37/><U87/><E87/><V109/><F105/><W126/><G126/><T10/><D104/><U74/><E74/><V50/><F50/><W130/><G76/><T96/><D85/><U93/><E93/><V100/><F100/><AGARI ba="0,0" hai="8,10,15,18,21,43,47,51,89,92,95,96,98,100" machi="100" ten="30,2000,0" yaku="7,1,8,1" doraHai="102" who="0" fromWho="2" sc="250,20,198,0,237,-20,315,0" /><INIT seed="3,0,0,0,4,119" ten="270,198,217,315" oya="3" hai0="107,31,9,78,132,41,71,128,75,84,109,12,82" hai1="87,124,97,59,129,28,102,58,46,7,18,121,48" hai2="117,101,112,2,94,96,50,55,43,1,105,61,21" hai3="54,93,4,77,60,53,24,5,16,116,85,90,0"/><W6/><G116/><T70/><D107/><U81/><E129/><V14/><F117/><W127/><G127/><T86/><D31/><U125/><E28/><V19/><F112/><W72/><G0/><T29/><D29/><U134/><E134/><V100/><F43/><W13/><G24/><T99/><D99/><U39/><E39/><V130/><F130/><W92/><G60/><T42/><D75/><U79/><E18/><V76/><F76/><W17/><G17/><T30/><D30/><U131/><E131/><V69/><F101/><W74/><G92/><T110/><D128/><U15/><E121/><V63/><F63/><W40/><G40/><N who="0" m="15467" /><D86/><U89/><E79/><V52/><F105/><W67/><G67/><T118/><D132/><U27/><E27/><V73/><F73/><W57/><G77/><T68/><D118/><U26/><E26/><V108/><F108/><N who="0" m="41578" /><D70/><U34/><E34/><V65/><F55/><W10/><G74/><T35/><D35/><U25/><E25/><V64/><REACH who="2" step="1"/><F65/><REACH who="2" ten="270,198,207,315" step="2"/><W23/><G72/><T80/><D80/><U8/><E125/><V37/><F37/><W56/><G54/><T33/><D33/><U62/><E124/><V36/><F36/><W122/><G53/><T123/><D123/><U104/><E62/><V88/><F88/><W20/><G122/><T51/><D51/><U103/><E103/><V113/><F113/><W49/><G49/><T83/><D83/><U38/><E38/><V106/><F106/><W133/><G133/><T111/><D111/><U47/><E48/><V98/><F98/><W66/><G66/><RYUUKYOKU ba="0,1" sc="270,0,198,0,207,0,315,0" hai0="9,12,68,71,78,82,84" hai1="7,8,15,46,47,58,59,81,87,89,97,102,104" hai2="1,2,14,19,21,50,52,61,64,69,94,96,100" hai3="4,5,6,10,13,16,20,23,56,57,85,90,93" /><INIT seed="3,1,1,5,2,118" ten="270,198,207,315" oya="3" hai0="81,88,66,99,23,77,130,38,122,131,44,20,21" hai1="111,50,103,82,80,37,9,108,31,41,79,72,125" hai2="93,58,39,67,14,12,40,8,22,116,86,75,13" hai3="133,49,71,61,105,32,76,27,54,7,117,69,112"/><W56/><G117/><T94/><D66/><U106/><E37/><V98/><F75/><W51/><G112/><T46/><D122/><U107/><E31/><V26/><F116/><W121/><G121/><T119/><D119/><U52/><E41/><V120/><F120/><W24/><G105/><T104/><D104/><U113/><E113/><V78/><F39/><W2/><G133/><T18/><D18/><U91/><E125/><V17/><F40/><W123/><G123/><T134/><D134/><U5/><E103/><V70/><F70/><W84/><G69/><T34/><D34/><U42/><E42/><V101/><F78/><W96/><G32/><T64/><D64/><U74/><E106/><V92/><F86/><W90/><G7/><T47/><REACH who="0" step="1"/><D38/><REACH who="0" ten="260,198,207,315" step="2"/><U100/><E107/><V68/><F68/><W97/><G71/><T55/><D55/><U16/><E16/><V28/><REACH who="2" step="1"/><F92/><REACH who="2" ten="260,198,197,315" step="2"/><N who="3" m="54343" /><G2/><T60/><D60/><AGARI ba="1,3" hai="8,12,13,14,17,22,26,28,58,60,67,93,98,101" machi="60" ten="40,8000,1" yaku="1,1,25,2,8,1,53,0" doraHai="118" doraHaiUra="29" who="2" fromWho="0" sc="260,-83,198,0,197,113,315,0" /><INIT seed="4,0,0,3,2,33" ten="177,198,310,315" oya="0" hai0="50,119,24,45,49,96,18,88,23,121,77,109,130" hai1="38,60,2,32,56,8,7,55,13,36,46,78,107" hai2="100,72,70,65,17,111,69,73,106,112,3,82,66" hai3="117,1,25,52,120,84,51,98,92,116,0,122,64"/><T37/><D119/><U87/><E32/><V9/><F82/><W20/><G64/><N who="2" m="24681" /><F17/><N who="3" m="12431" /><G84/><T40/><D121/><N who="3" m="46697" /><G117/><T126/><D126/><U125/><E107/><V115/><F111/><W30/><G30/><T21/><D109/><U75/><E125/><V39/><F39/><W91/><G116/><T127/><D127/><U135/><E135/><V99/><F9/><W90/><G90/><T85/><D130/><U54/><E75/><N who="2" m="28747" /><F3/><W110/><G110/><T31/><D77/><U48/><REACH who="1" step="1"/><E13/><REACH who="1" ten="177,188,310,315" step="2"/><V67/><F106/><W95/><G95/><T57/><D96/><U14/><E14/><V53/><F69/><W79/><G79/><T11/><D11/><U102/><E102/><V108/><F100/><W93/><G93/><T94/><D57/><AGARI ba="0,1" hai="0,1,51,52,57,91,92,98" m="46697,12431" machi="57" ten="30,7700,0" yaku="13,1,52,2,54,1" doraHai="33" who="3" fromWho="0" sc="177,-77,188,0,310,0,315,87" /><INIT seed="5,0,0,3,3,83" ten="100,188,310,402" oya="1" hai0="44,68,55,15,26,30,48,66,102,126,129,109,84" hai1="24,51,124,93,0,52,94,88,50,62,27,103,35" hai2="82,40,113,106,47,122,71,19,53,134,118,9,60" hai3="135,117,64,104,34,105,89,78,63,4,54,101,86"/><U42/><E0/><V73/><F106/><W61/><G34/><T3/><D109/><U69/><E124/><V98/><F122/><W14/><G78/><T57/><D3/><U8/><E8/><V22/><F118/><W1/><G1/><T99/><D126/><U46/><E35/><V20/><F134/><W13/><G135/><T95/><D68/><U49/><E69/><V29/><F29/><W5/><G101/><T76/><D129/><U6/><E6/><V114/><F98/><W132/><G132/><T90/><D76/><U31/><E62/><V17/><F73/><W77/><G77/><T37/><D37/><U127/><E127/><V39/><F82/><W115/><G115/><N who="2" m="44041" /><F9/><W67/><G89/><T128/><D128/><U58/><E31/><V107/><F107/><W120/><G54/><T21/><D15/><U33/><E33/><V28/><F28/><W10/><G10/><T121/><D121/><U108/><E108/><V133/><F133/><W25/><G120/><T11/><D11/><U41/><E103/><V91/><F91/><W59/><G117/><T85/><D90/><U87/><E94/><V125/><F125/><W43/><G105/><T2/><D2/><U112/><E112/><V100/><F100/><W72/><G104/><T131/><D131/><U18/><E18/><N who="2" m="6667" /><F53/><W110/><G110/><T92/><D92/><U12/><E12/><V81/><F81/><W130/><G13/><T23/><D23/><U16/><E16/><V119/><F119/><W36/><G14/><T80/><D80/><U7/><E7/><N who="3" m="2634" /><G130/><T96/><D96/><RYUUKYOKU ba="0,0" sc="100,10,188,10,310,10,402,-30" hai0="21,26,30,44,48,55,57,66,84,85,95,99,102" hai1="24,27,41,42,46,49,50,51,52,58,87,88,93" hai2="20,22,39,40,47,60,71" /><INIT seed="5,1,0,0,2,97" ten="110,198,320,372" oya="1" hai0="14,89,121,86,123,101,49,130,32,125,41,129,118" hai1="80,57,38,76,104,51,62,93,59,50,34,92,12" hai2="79,103,36,30,20,54,91,47,64,90,67,69,74" hai3="115,131,26,73,111,98,72,1,56,82,124,135,127"/><U45/><E104/><V88/><F69/><W3/><G111/><T65/><D14/><U132/><E34/><V87/><F74/><W133/><G115/><T71/><D32/><U81/><E132/><V106/><F106/><W113/><G113/><T42/><D86/><U7/><E38/><V52/><F36/><W100/><G56/><T13/><D13/><U35/><E35/><V22/><F103/><W25/><G82/><T55/><D89/><N who="2" m="33802" /><F79/><W39/><G39/><T4/><D4/><U40/><E51/><N who="2" m="28799" /><F54/><W16/><G100/><T58/><D101/><U120/><E120/><N who="0" m="46153" /><D118/><U15/><E81/><N who="2" m="49263" /><F30/><W110/><G110/><T99/><D99/><U107/><E107/><V2/><F2/><W17/><G98/><T114/><D114/><U8/><E15/><V105/><F105/><W37/><G37/><T108/><D108/><U66/><REACH who="1" step="1"/><E57/><REACH who="1" ten="110,188,320,372" step="2"/><V27/><F27/><W78/><G133/><T21/><D125/><U116/><E116/><V46/><F46/><W43/><G135/><T31/><D21/><AGARI ba="1,1" hai="20,21,22,64,67" m="49263,28799,33802" machi="21" ten="30,3900,0" yaku="8,1,54,2" doraHai="97" who="2" fromWho="0" sc="110,-42,188,0,320,52,372,0" /><INIT seed="6,0,0,3,4,108" ten="68,188,372,372" oya="2" hai0="42,26,93,51,113,33,1,53,131,12,112,77,36" hai1="69,63,105,98,47,37,127,95,123,46,34,39,80" hai2="116,96,102,132,119,27,83,82,52,11,133,126,31" hai3="86,44,9,91,97,79,125,19,6,48,110,62,109"/><V70/><F70/><W24/><G125/><T94/><D1/><U16/><E105/><V35/><F11/><W32/><G79/><T45/><D77/><U29/><E127/><V58/><F126/><W30/><G62/><T115/><D131/><U25/><E123/><V118/><F82/><W61/><G97/><T41/><D12/><U57/><E69/><V3/><F83/><W40/><G61/><T81/><D81/><U23/><E80/><V75/><F3/><W74/><G74/><T18/><D42/><U85/><E85/><V17/><F17/><W114/><G19/><T67/><D67/><U64/><E39/><V28/><F28/><W76/><G76/><T72/><D72/><U20/><E37/><V121/><F75/><W0/><G114/><T21/><D33/><U84/><E84/><V59/><F121/><W111/><G109/><T4/><D4/><U15/><REACH who="1" step="1"/><E34/><REACH who="1" ten="68,178,372,372" step="2"/><V90/><F118/><W66/><G110/><T129/><REACH who="0" step="1"/><D129/><REACH who="0" ten="58,178,372,372" step="2"/><U128/><E128/><V120/><F35/><W56/><G111/><T55/><D55/><U107/><E107/><V78/><F52/><W65/><G32/><T68/><D68/><U60/><E60/><V7/><F116/><W99/><G65/><T134/><D134/><U124/><E124/><V2/><F119/><W101/><G66/><T38/><D38/><U103/><AGARI ba="0,2" hai="15,16,20,23,25,29,46,47,57,63,64,95,98,103" machi="103" ten="20,16000,3" yaku="1,1,0,1,7,1,25,2,8,1,54,1,53,1" doraHai="108" doraHaiUra="89" who="1" fromWho="1" sc="58,-40,178,180,372,-80,372,-40" /><INIT seed="7,0,0,0,3,76" ten="18,358,292,332" oya="3" hai0="102,51,7,91,1,70,112,55,75,49,88,71,123" hai1="22,83,66,34,100,24,0,37,10,23,121,74,11" hai2="38,79,122,58,133,42,15,57,111,63,78,92,119" hai3="41,2,97,12,16,134,104,93,31,131,68,52,127"/><W8/><G104/><T13/><D1/><U39/><E121/><V56/><F119/><W6/><G68/><T36/><D123/><U132/><E66/><V85/><F122/><W117/><G117/><T77/><D36/><U89/><E100/><V120/><F120/><W61/><G127/><T118/><D118/><U86/><E74/><V44/><F111/><W48/><G131/><T5/><D75/><U95/><E34/><V72/><F133/><W96/><G134/><T98/><D112/><U18/><E132/><V109/><F109/><W19/><G31/><T46/><D71/><U105/><E105/><V30/><F30/><W47/><G2/><T69/><D69/><U9/><E0/><V84/><F15/><W45/><G96/><T25/><D70/><U125/><E125/><V4/><F4/><W101/><G61/><T87/><D25/><N who="1" m="14551" /><E37/><AGARI ba="0,0" hai="6,8,12,16,19,37,41,45,47,48,52,93,97,101" machi="37" ten="30,5800,0" yaku="7,1,54,2" doraHai="76" who="3" fromWho="1" sc="18,0,358,-58,292,0,332,58" owari="18,-48.2,300,10.0,292,-10.8,390,49.0" /></mjloggm>