<mjloggm ver="2.3"><GO type="169" lobby="0"/><UN n0="%63%61%72%6C%6F%73%6E" n1="%E6%B2%B3%E7%AB%A5%E3%81%AE%E3%83%AF%E3%82%AB%E3%83%9E%E3%83%84" n2="%E6%81%8B%E3%81%AE%E3%81%86%E3%81%9F" n3="%E5%A4%A9%E6%89%8D%E9%BA%BB%E5%B0%86%E6%99%BA%E4%B9%83" dan="17,17,17,16" rate="2183.46,2204.02,2220.59,2148.62" sx="M,M,M,M"/><TAIKYOKU oya="0"/><INIT seed="0,0,0,2,5,123" ten="250,250,250,250" oya="0" hai0="132,84,105,118,18,29,113,79,119,21,40,85,88" hai1="95,102,121,74,77,42,28,27,49,69,116,124,94" hai2="114,43,71,44,50,107,67,52,104,131,72,109,89" hai3="134,76,41,37,16,60,111,59,101,126,65,55,34"/><T4/><D113/><U56/><E69/><V103/><F72/><W0/><G34/><T82/><D105/><U57/><E116/><V5/><F114/><W53/><G0/><T14/><D132/><U86/><E74/><V19/><F5/><W61/><G134/><T120/><D120/><U39/><E39/><V93/><F131/><W96/><G126/><T54/><D40/><U97/><E124/><V68/><F103/><W10/><G76/><T133/><D133/><U75/><E75/><V91/><F91/><W98/><G111/><T63/><D4/><U9/><E9/><V35/><F35/><W36/><G41/><T129/><D129/><U3/><E3/><V1/><F1/><W47/><G61/><T110/><D110/><U32/><E121/><V48/><F109/><W64/><G64/><T12/><D12/><U51/><E51/><V106/><F19/><W62/><G55/><T66/><D54/><U70/><E70/><V125/><F67/><W117/><G98/><T100/><D100/><U13/><E13/><V112/><F112/><W25/><G47/><T83/><REACH who="0" step="1"/><D29/><REACH who="0" ten="240,250,250,250" step="2"/><U31/><E31/><V38/><F125/><W99/><G101/><T127/><D127/><U73/><E42/><V108/><F108/><W122/><G122/><T8/><D8/><U33/><E28/><V90/><F38/><W6/><G37/><T92/><D92/><U58/><E94/><V87/><REACH who="2" step="1"/><F89/><REACH who="2" ten="240,250,240,250" step="2"/><W22/><G36/><T7/><D7/><U23/><E102/><V24/><F24/><W30/><G30/><T26/><D26/><U46/><E27/><RYUUKYOKU ba="0,2" sc="240,15,250,-15,240,15,250,-15" hai0="14,18,21,63,66,79,82,83,84,85,88,118,119" hai2="43,44,48,50,52,68,71,87,90,93,104,106,107" /><INIT seed="0,1,2,3,4,6" ten="255,235,255,235" oya="0" hai0="100,82,125,22,85,67,23,115,53,50,94,48,95" hai1="34,99,112,119,129,65,93,69,60,117,120,131,2" hai2="83,57,86,59,49,90,107,41,55,123,114,110,76" hai3="103,19,1,43,47,96,98,0,29,8,20,61,121"/><T35/><D115/><U134/><E120/><V56/><F123/><W72/><G72/><T52/><D35/><U102/><E112/><V4/><F110/><W16/><G121/><T54/><D67/><U126/><E134/><V45/><F107/><W135/><G135/><T17/><D125/><U105/><E126/><V18/><F114/><W9/><G1/><T26/><D23/><U71/><E71/><V32/><F32/><W25/><G61/><T116/><D116/><U24/><E93/><N who="0" m="35337" /><D100/><U38/><E38/><V122/><F4/><W104/><G98/><T133/><D133/><U74/><E74/><V36/><F122/><W33/><G0/><T124/><D124/><U88/><E88/><AGARI ba="1,2" hai="17,22,26,48,50,52,53,54,82,85,88" m="35337" machi="88" ten="30,5800,0" yaku="8,1,54,2" doraHai="6" who="0" fromWho="1" sc="255,81,235,-61,255,0,235,0" /><INIT seed="0,2,0,3,1,50" ten="336,174,255,235" oya="0" hai0="86,83,3,19,41,23,113,68,107,31,85,70,91" hai1="128,79,24,116,40,13,119,127,120,28,49,126,4" hai2="122,61,0,103,71,94,52,27,63,118,133,18,87" hai3="25,115,81,59,9,6,33,108,130,106,73,58,30"/><T12/><D113/><U2/><E79/><V48/><F122/><W56/><G115/><T125/><D3/><U64/><E64/><V102/><F0/><W39/><G106/><T35/><D107/><U123/><E40/><V62/><F133/><W80/><G108/><T60/><D125/><N who="1" m="47627" /><E13/><V134/><F71/><W15/><G39/><T77/><D41/><U131/><E49/><V109/><F109/><W74/><REACH who="3" step="1"/><G130/><REACH who="3" ten="336,174,255,225" step="2"/><N who="1" m="49706" /><E2/><V97/><F134/><W105/><G105/><T111/><D111/><U78/><E4/><V93/><F118/><N who="1" m="45097" /><E78/><V51/><F103/><W101/><G101/><T110/><D77/><U82/><E82/><AGARI ba="2,1" hai="6,9,15,25,30,33,56,58,59,73,74,80,81,82" machi="82" ten="40,1300,0" yaku="1,1,53,0" doraHai="50" doraHaiUra="17" who="3" fromWho="1" sc="336,0,174,-19,255,0,225,29" /><INIT seed="1,0,0,5,5,17" ten="336,155,255,254" oya="1" hai0="16,40,59,37,52,23,91,95,114,81,39,111,9" hai1="98,110,69,61,41,70,8,115,4,12,48,28,19" hai2="55,89,25,62,109,53,97,22,32,33,117,18,79" hai3="73,96,112,26,106,119,107,74,75,135,45,77,72"/><U49/><E115/><V57/><F109/><W108/><G112/><T27/><D114/><U94/><E110/><V3/><F117/><W34/><G108/><T2/><D111/><U50/><E28/><V132/><F3/><W134/><G45/><T46/><D81/><U125/><E125/><V21/><F132/><N who="3" m="50731" /><G119/><T29/><D39/><U6/><E41/><V0/><F0/><W102/><G34/><T120/><D120/><U43/><E43/><V82/><F55/><W90/><G26/><T78/><D78/><U42/><E42/><V30/><F89/><W58/><G58/><T14/><D2/><U121/><E121/><V87/><REACH who="2" step="1"/><F97/><REACH who="2" ten="336,155,245,254" step="2"/><W47/><G90/><T63/><D91/><U5/><REACH who="1" step="1"/><E61/><REACH who="1" ten="336,145,245,254" step="2"/><V104/><F104/><N who="3" m="63559" /><G47/><T54/><REACH who="0" step="1"/><D95/><REACH who="0" ten="326,145,245,254" step="2"/><U11/><E11/><V80/><F80/><AGARI ba="0,3" hai="72,73,74,75,77,80,106,107" m="63559,50731" machi="80" ten="40,8000,1" yaku="20,1,23,1,34,2" doraHai="17" who="3" fromWho="2" sc="326,0,145,0,245,-80,254,110" /><INIT seed="2,0,0,3,0,124" ten="326,145,165,364" oya="2" hai0="126,112,41,21,72,16,135,66,53,76,98,109,90" hai1="123,59,6,35,18,13,63,87,51,31,88,96,132" hai2="10,120,65,75,86,100,43,108,114,92,48,55,104" hai3="64,34,9,95,81,4,118,84,115,25,36,61,7"/><V69/><F114/><W30/><G115/><T20/><D112/><U105/><E132/><V40/><F75/><W106/><G106/><T91/><D135/><U129/><E123/><V46/><F120/><W82/><G36/><T122/><D122/><U26/><E6/><V58/><F104/><W37/><G37/><T99/><D126/><U45/><E96/><V1/><F1/><W19/><G118/><T70/><D21/><U2/><E2/><V28/><F69/><W54/><G54/><T71/><D41/><U22/><E105/><V78/><F108/><W56/><G19/><T29/><D29/><U111/><E111/><V5/><F28/><W83/><G9/><T101/><D109/><U33/><E63/><V74/><F74/><W47/><G47/><T110/><D99/><U128/><E59/><V38/><F100/><W50/><G50/><T131/><D66/><U127/><E33/><V121/><F121/><W89/><AGARI ba="0,0" hai="4,7,25,30,34,56,61,64,81,82,83,84,89,95" machi="89" ten="30,1100,0" yaku="0,1" doraHai="124" who="3" fromWho="3" sc="326,-3,145,-3,165,-5,364,11" /><INIT seed="3,0,0,0,3,61" ten="323,142,160,375" oya="3" hai0="86,116,108,127,24,75,7,0,78,76,25,60,57" hai1="122,115,51,125,55,134,22,89,90,3,36,71,6" hai2="72,95,104,114,81,100,26,15,128,88,120,9,96" hai3="87,85,5,11,91,4,66,58,69,31,47,77,21"/><W12/><G69/><T63/><D116/><U70/><E122/><V28/><F128/><W33/><G33/><T113/><D75/><U19/><E36/><V94/><F114/><W107/><G107/><T131/><D131/><U13/><E115/><V126/><F126/><W97/><G4/><T49/><D113/><U83/><E125/><V1/><F1/><W41/><G77/><T14/><D0/><U32/><E32/><V129/><F129/><W118/><G118/><T16/><D7/><U130/><E130/><V18/><F120/><W53/><G97/><T111/><D49/><U38/><E38/><V123/><F123/><W80/><G87/><T68/><D68/><U135/><E70/><V46/><F46/><W40/><G47/><T124/><D86/><U106/><E106/><V117/><F117/><W62/><G53/><T84/><D84/><U64/><E83/><V20/><REACH who="2" step="1"/><F88/><REACH who="2" ten="323,142,150,375" step="2"/><W35/><G91/><T103/><D127/><U133/><E3/><V98/><F98/><W59/><G80/><T102/><D124/><U8/><E89/><V44/><F44/><W82/><G82/><T74/><D78/><AGARI ba="0,1" hai="9,15,18,20,26,28,72,78,81,94,95,96,100,104" machi="78" ten="40,2600,0" yaku="1,1,53,1" doraHai="61" doraHaiUra="105" who="2" fromWho="0" sc="323,-26,142,0,150,36,375,0" /><INIT seed="4,0,0,1,4,60" ten="297,142,186,375" oya="0" hai0="62,8,61,18,106,20,121,23,63,131,135,43,87" hai1="134,98,25,125,79,28,103,119,10,64,77,73,127" hai2="110,72,111,44,93,100,83,117,66,113,91,34,3" hai3="115,40,14,15,75,130,96,123,81,4,76,26,84"/><T78/><D121/><U99/><E10/><V7/><F34/><W35/><G123/><T41/><D106/><U21/><E119/><V54/><F117/><W48/><G115/><T132/><D8/><U107/><E98/><V120/><F120/><W102/><G130/><T42/><D131/><U90/><E134/><N who="0" m="51241" /><D18/><U57/><E90/><V9/><F113/><W53/><G4/><T116/><D116/><U88/><E88/><V104/><F100/><W94/><G40/><T22/><D87/><U129/><E129/><V112/><F104/><W122/><G122/><T59/><D78/><U65/><E57/><AGARI ba="0,0" hai="20,22,23,41,42,43,57,59,61,62,63" m="51241" machi="57" ten="40,12000,1" yaku="29,2,28,2,20,1" doraHai="60" who="0" fromWho="1" sc="297,120,142,-120,186,0,375,0" /><INIT seed="4,1,0,4,1,130" ten="417,22,186,375" oya="0" hai0="42,117,53,127,114,68,54,2,106,93,45,73,113" hai1="46,111,15,9,19,125,100,87,56,116,33,95,49" hai2="24,108,40,118,96,80,76,3,52,21,8,0,133" hai3="67,131,60,94,120,16,98,121,29,92,129,59,57"/><T55/><D106/><U126/><E116/><V1/><F108/><W102/><G29/><T74/><D117/><U123/><E123/><N who="3" m="47178" /><G59/><T35/><D35/><U22/><E33/><V90/><F40/><W17/><G94/><T75/><D68/><U79/><E111/><V83/><F118/><W66/><G66/><T37/><D2/><U82/><E100/><V84/><F8/><W109/><G109/><T23/><D127/><U104/><E104/><V62/><F96/><W10/><G10/><T65/><D65/><U58/><E95/><V78/><F80/><W81/><G81/><T11/><D11/><U48/><E48/><V89/><F76/><W27/><G27/><T72/><N who="0" m="18432" /><DORA hai="119" /><T51/><D93/><U6/><E125/><V32/><F32/><W135/><G135/><T71/><D71/><U112/><E126/><V34/><F133/><W64/><G64/><T85/><D23/><U50/><E50/><V13/><F34/><W132/><G132/><T103/><D103/><U70/><E70/><V105/><F105/><W20/><G20/><T18/><D18/><AGARI ba="1,0" hai="16,17,18,57,60,67,92,98,102,129,131" m="47178" machi="18" ten="30,8000,1" yaku="13,1,52,3,54,1" doraHai="130,119" who="3" fromWho="0" sc="417,-83,22,0,186,0,375,83" /><INIT seed="5,0,0,5,5,62" ten="334,22,186,458" oya="1" hai0="14,131,93,8,35,117,36,49,105,10,80,5,88" hai1="114,19,130,92,38,70,48,102,20,6,52,28,2" hai2="128,23,107,42,81,34,132,60,91,67,135,66,103" hai3="110,15,95,86,54,30,0,73,74,90,118,134,125"/><U47/><E114/><V43/><F34/><W1/><G110/><T44/><D117/><U50/><E130/><V46/><F128/><W57/><G30/><T82/><D105/><U33/><E38/><V13/><F103/><W109/><G109/><T77/><D36/><U124/><E124/><V79/><F107/><W45/><G134/><N who="2" m="51241" /><F91/><W56/><G125/><T127/><D131/><U72/><E72/><N who="2" m="43239" /><F60/><W69/><G69/><T41/><D127/><U65/><E33/><V22/><F42/><W4/><G45/><T98/><D35/><U32/><E32/><V58/><F58/><W89/><G57/><T12/><REACH who="0" step="1"/><D77/><REACH who="0" ten="324,22,186,458" step="2"/><U84/><E84/><V75/><F75/><W16/><G86/><T18/><AGARI ba="0,1" hai="5,8,10,12,14,18,41,44,49,80,82,88,93,98" machi="18" ten="20,12000,2" yaku="1,1,2,1,0,1,7,1,8,1,54,1,53,0" doraHai="62" doraHaiUra="120" who="0" fromWho="0" sc="324,130,22,-60,186,-30,458,-30" owari="454,55.4,-38,-53.8,156,-24.4,428,22.8" /></mjloggm>