<mjloggm ver="2.3"><GO type="169" lobby="0"/><UN n0="%E6%A8%99" n1="%63%61%72%6C%6F%73%6E" n2="%34%E9%BA%BB%E3%82%AC%E3%83%81%E5%8B%A2" n3="%E5%A4%8F%E3%81%AA%E3%81%AE%E3%81%AB" dan="16,17,17,16" rate="2153.80,2180.43,2183.82,2092.48" sx="M,M,M,M"/><TAIKYOKU oya="0"/><INIT seed="0,0,0,0,5,19" ten="250,250,250,250" oya="0" hai0="80,110,48,127,43,82,40,101,131,102,85,65,120" hai1="87,90,125,31,93,42,32,105,30,94,56,37,92" hai2="45,46,86,44,14,26,63,122,129,115,71,62,35" hai3="100,64,28,106,75,126,113,91,83,73,54,57,107"/><T9/><D120/><U2/><E105/><V6/><F115/><W130/><G113/><T97/><D131/><U17/><E2/><V70/><F122/><W104/><G64/><T77/><D127/><U16/><E125/><V38/><F86/><W69/><G69/><T49/><D110/><U50/><E37/><V5/><F38/><W74/><G126/><T68/><D82/><U108/><E108/><V53/><F35/><W23/><G130/><T1/><D102/><U119/><E119/><V98/><F98/><W132/><G132/><T133/><D133/><U22/><E17/><V11/><F5/><W111/><G111/><T55/><D49/><U118/><E118/><V52/><F129/><W60/><G100/><T67/><D68/><U8/><E8/><V24/><F70/><W7/><G7/><T25/><D1/><U0/><E0/><V124/><F71/><W109/><G109/><T114/><D9/><U10/><E10/><V12/><F12/><W39/><G39/><T41/><D25/><N who="2" m="9834" /><F124/><W96/><G28/><N who="1" m="10794" /><E32/><V79/><F79/><W15/><G96/><T27/><D27/><N who="1" m="14791" /><E56/><V4/><F4/><W76/><G91/><T21/><D114/><U47/><AGARI ba="0,0" hai="42,47,50,87,90,92,93,94" m="14791,10794" machi="47" ten="30,4000,0" yaku="8,1,52,1,54,1" doraHai="19" who="1" fromWho="1" sc="250,-20,250,40,250,-10,250,-10" /><INIT seed="1,0,0,0,3,39" ten="230,290,240,240" oya="1" hai0="32,56,51,125,110,89,24,58,114,100,82,128,36" hai1="64,70,90,1,123,88,105,124,111,117,26,16,3" hai2="13,49,86,57,107,102,122,22,113,61,53,116,54" hai3="47,29,118,19,59,33,133,20,91,28,68,119,42"/><U8/><E117/><V127/><F122/><W126/><G68/><T66/><D114/><U0/><E123/><V71/><F116/><W83/><G133/><T75/><D36/><U35/><E105/><V21/><F127/><W135/><G126/><T55/><D128/><U80/><E124/><V109/><F113/><W79/><G135/><T106/><D125/><U30/><E111/><V40/><F107/><W129/><G129/><T9/><D110/><U74/><E64/><V5/><F102/><W77/><G33/><T67/><D9/><U38/><E70/><V11/><F71/><W95/><G79/><T97/><D58/><U78/><REACH who="1" step="1"/><E38/><REACH who="1" ten="230,280,240,240" step="2"/><V131/><F109/><W87/><G118/><T14/><D67/><U73/><E73/><V120/><F120/><W7/><G119/><T43/><D66/><U81/><E81/><V4/><F131/><W85/><G83/><T62/><D75/><U134/><E134/><V121/><F121/><W84/><G95/><T41/><D82/><U6/><E6/><V60/><F4/><W46/><G7/><T34/><D106/><U15/><AGARI ba="0,1" hai="0,1,3,8,15,16,26,30,35,74,78,80,88,90" machi="15" ten="40,12000,1" yaku="1,1,0,1,54,2,53,0" doraHai="39" doraHaiUra="103" who="1" fromWho="1" sc="230,-40,280,130,240,-40,240,-40" /><INIT seed="1,1,0,3,1,105" ten="190,410,200,200" oya="1" hai0="89,67,0,70,132,131,86,114,65,69,25,12,58" hai1="113,24,46,91,87,111,40,4,28,9,10,127,102" hai2="84,31,33,59,43,83,81,106,56,52,66,135,45" hai3="85,123,47,128,18,76,93,125,63,98,122,57,42"/><U118/><E113/><V27/><F106/><W30/><G125/><T48/><D0/><U100/><E118/><V44/><F135/><W108/><G108/><T133/><D114/><U79/><E79/><V68/><F68/><N who="0" m="26218" /><D25/><U78/><E78/><V107/><F107/><W80/><G128/><T96/><D12/><U6/><E10/><V120/><F120/><W2/><G2/><T82/><D96/><U15/><E4/><V64/><F56/><W126/><G126/><T13/><D13/><U60/><E60/><V41/><F45/><W119/><G30/><T3/><D3/><U16/><E6/><V26/><F26/><W130/><G130/><T51/><D131/><U124/><E111/><V35/><F41/><W74/><G74/><T53/><D48/><N who="1" m="26695" /><E127/><V121/><F121/><W95/><G18/><T49/><D49/><U29/><E124/><V38/><F35/><W112/><G119/><T22/><D22/><N who="1" m="15383" /><E29/><V23/><F33/><W129/><G112/><T97/><D97/><U36/><E36/><V90/><REACH who="2" step="1"/><F81/><AGARI ba="1,0" hai="9,15,16,81,87,91,100,102" m="15383,26695" machi="81" ten="30,2900,0" yaku="8,1,54,1" doraHai="105" who="1" fromWho="2" sc="190,0,410,32,200,-32,200,0" /><INIT seed="1,2,0,2,2,135" ten="190,442,168,200" oya="1" hai0="15,125,38,122,100,18,119,57,52,28,11,129,89" hai1="9,63,109,26,10,6,36,101,37,61,120,0,130" hai2="14,17,72,74,107,8,91,5,50,35,30,78,45" hai3="25,49,88,126,134,96,116,39,7,128,76,115,3"/><U86/><E120/><V23/><F107/><W29/><G39/><T99/><D119/><U59/><E130/><V84/><F78/><W4/><G115/><T87/><D122/><U53/><E109/><V124/><F35/><W55/><G128/><T92/><D129/><U105/><E26/><V58/><F30/><W123/><G123/><T82/><D38/><U85/><E105/><V95/><F124/><W77/><G126/><T121/><D28/><U2/><E101/><V127/><F127/><W131/><G131/><T32/><D125/><U68/><E86/><V66/><F66/><W60/><G60/><T12/><D32/><U79/><E79/><N who="3" m="30282" /><G3/><T44/><D121/><U19/><E85/><V40/><REACH who="2" step="1"/><F58/><REACH who="2" ten="190,442,158,200" step="2"/><W47/><G134/><T42/><D57/><U71/><E71/><V70/><F70/><W24/><G116/><T31/><D31/><U102/><E68/><V113/><F113/><W117/><G117/><T118/><D118/><U1/><E59/><V83/><F83/><W67/><G67/><T48/><REACH who="0" step="1"/><D15/><AGARI ba="2,1" hai="5,8,14,15,17,23,40,45,50,72,74,84,91,95" machi="15" ten="30,3900,0" yaku="1,1,7,1,53,1" doraHai="135" doraHaiUra="16" who="2" fromWho="0" sc="190,-45,442,0,158,55,200,0" /><INIT seed="2,0,0,0,4,102" ten="145,442,213,200" oya="2" hai0="133,27,80,12,71,63,45,129,8,93,57,37,26" hai1="2,131,122,130,92,50,7,34,104,35,96,128,97" hai2="125,107,116,67,47,19,51,58,87,53,40,18,29" hai3="33,5,108,73,115,6,36,52,99,56,60,16,74"/><V119/><F125/><W46/><G33/><T48/><D133/><U123/><E7/><V13/><F29/><W98/><G108/><T43/><D129/><U61/><E2/><V88/><F67/><W38/><G115/><T69/><D93/><U110/><E110/><V109/><F109/><W112/><G112/><T64/><D80/><U89/><E50/><V39/><F19/><W105/><G99/><T120/><D120/><N who="1" m="46123" /><E61/><V126/><F126/><W118/><G118/><T55/><REACH who="0" step="1"/><D71/><REACH who="0" ten="135,442,213,200" step="2"/><U54/><E130/><V76/><F76/><W23/><G36/><T10/><D10/><U103/><E131/><V75/><F75/><W79/><G74/><T135/><D135/><U134/><E128/><V114/><F114/><W91/><G79/><T32/><D32/><U121/><E134/><V113/><F113/><W82/><G82/><T86/><D86/><U31/><E121/><V30/><F30/><W9/><G9/><T25/><D25/><U66/><E31/><V0/><F0/><W59/><G73/><T21/><D21/><U22/><E22/><V77/><F77/><W132/><G23/><T1/><D1/><U124/><E124/><V24/><F24/><W65/><G132/><T4/><AGARI ba="0,1" hai="4,8,12,26,27,37,43,45,48,55,57,63,64,69" machi="4" ten="20,12000,2" yaku="1,1,0,1,7,1,24,2,53,1" doraHai="102" doraHaiUra="42" who="0" fromWho="0" sc="135,130,442,-30,213,-60,200,-30" /><INIT seed="3,0,0,1,0,133" ten="265,412,153,170" oya="3" hai0="0,119,70,124,88,25,67,1,116,50,3,112,80" hai1="28,109,16,79,53,123,42,90,64,132,100,9,73" hai2="120,98,19,5,82,103,31,85,46,32,35,106,108" hai3="55,44,127,115,43,33,72,65,105,26,95,17,22"/><W51/><G105/><T41/><D112/><U24/><E123/><V14/><F108/><W114/><G72/><T99/><D67/><U47/><E109/><V59/><F5/><W71/><G33/><T34/><D70/><U29/><E132/><V11/><F120/><W45/><G127/><T97/><D124/><U6/><E100/><V86/><F86/><W81/><G81/><T83/><D34/><U77/><E64/><V54/><F46/><W94/><G65/><T129/><D25/><U96/><E53/><V78/><REACH who="2" step="1"/><F31/><REACH who="2" ten="265,412,143,170" step="2"/><W40/><G71/><T117/><D129/><U38/><E28/><V2/><F2/><W18/><G115/><T13/><D0/><U20/><E29/><V8/><F8/><W107/><G114/><T92/><D3/><U130/><E130/><V121/><F121/><W57/><G107/><T21/><D1/><U36/><E9/><V134/><F134/><W128/><G128/><T93/><D21/><U56/><E6/><V131/><F131/><W102/><G45/><T12/><D41/><U61/><E47/><V4/><F4/><W63/><G40/><T23/><D23/><U30/><E30/><V125/><F125/><W87/><G18/><T126/><D126/><U111/><E42/><V110/><F110/><W75/><G75/><T39/><D39/><U60/><E73/><V74/><F74/><W58/><G87/><T62/><D116/><U15/><E38/><V118/><F118/><W113/><G113/><T66/><D117/><U84/><E36/><V68/><F68/><W7/><G7/><T10/><D119/><RYUUKYOKU ba="0,1" sc="265,-10,412,-10,143,30,170,-10" hai2="11,14,19,32,35,54,59,78,82,85,98,103,106" /><INIT seed="4,1,1,2,4,41" ten="255,402,173,160" oya="0" hai0="37,4,25,45,111,7,108,127,34,90,133,120,105" hai1="47,112,36,76,2,56,12,61,121,114,92,65,69" hai2="101,95,88,129,33,89,72,115,66,109,13,130,64" hai3="107,134,40,70,26,79,24,31,80,52,87,118,71"/><T78/><D120/><U124/><E121/><V94/><F109/><N who="0" m="42058" /><D105/><U35/><E2/><V53/><F72/><W74/><G107/><T102/><D102/><U73/><E35/><V44/><F33/><W1/><G1/><T77/><D133/><U122/><E122/><V123/><F123/><W125/><G118/><T58/><D127/><U42/><E124/><V38/><F101/><W86/><G134/><T103/><D103/><U51/><E92/><V10/><F115/><N who="1" m="44073" /><E12/><V82/><F82/><W91/><G74/><T57/><D90/><U98/><E98/><V68/><F68/><W17/><G40/><N who="0" m="22671" /><D34/><U60/><E76/><N who="0" m="29289" /><D25/><U15/><E73/><V131/><F95/><W28/><G125/><T117/><D117/><U135/><E135/><V97/><F89/><W59/><G26/><T113/><D113/><U3/><E3/><V21/><F21/><W81/><G71/><T62/><D58/><U85/><E15/><V83/><F83/><W20/><REACH who="3" step="1"/><G70/><REACH who="3" ten="255,402,173,150" step="2"/><T84/><D84/><U14/><E85/><V110/><F110/><W22/><G22/><T49/><D62/><AGARI ba="1,2" hai="17,20,24,28,31,52,59,62,79,80,81,86,87,91" machi="62" ten="30,7700,0" yaku="1,1,7,1,8,1,54,1,53,0" doraHai="41" doraHaiUra="5" who="3" fromWho="0" sc="255,-80,402,0,173,0,150,100" /><BYE who="2" /><INIT seed="5,0,0,3,4,101" ten="175,402,173,250" oya="1" hai0="66,59,58,67,113,124,30,28,40,10,33,123,78" hai1="82,8,130,35,131,15,108,56,105,29,17,2,125" hai2="99,87,57,11,38,31,89,68,126,83,42,98,32" hai3="23,127,79,20,45,13,116,26,129,1,135,74,117"/><U121/><E121/><V111/><F111/><W4/><G74/><UN n2="%34%E9%BA%BB%E3%82%AC%E3%83%81%E5%8B%A2" /><T100/><D123/><U102/><E108/><V118/><F118/><N who="3" m="45675" /><G79/><T88/><D78/><U6/><E125/><V120/><F120/><W90/><G90/><T49/><D124/><U134/><E134/><V36/><F68/><W91/><G91/><T0/><D100/><U62/><E82/><V85/><F126/><W39/><G39/><T50/><D33/><U72/><E72/><V86/><F32/><W112/><G45/><T97/><D113/><U73/><E73/><V122/><F31/><N who="0" m="11818" /><D10/><U71/><E71/><V55/><F122/><W103/><G103/><T80/><D0/><U75/><E75/><V52/><F55/><W114/><G129/><T53/><D40/><U25/><E102/><V46/><F36/><W96/><G96/><T119/><D119/><U93/><E93/><V21/><F21/><W77/><G77/><T12/><D12/><U70/><E70/><V110/><F110/><W22/><G135/><T106/><D106/><U84/><E105/><V24/><F99/><W65/><G1/><T115/><D115/><N who="3" m="44073" /><G65/><N who="0" m="24587" /><D53/><U63/><E131/><V54/><F54/><W132/><G132/><T133/><D133/><U109/><E130/><V34/><F98/><W43/><G43/><T60/><D60/><U19/><E63/><V104/><F104/><W94/><G127/><T107/><D107/><U48/><E62/><N who="2" m="36135" /><F11/><N who="3" m="4327" /><G94/><N who="0" m="56519" /><D80/><U41/><E109/><V61/><F61/><W64/><G64/><T5/><D5/><U51/><E6/><V47/><F47/><W128/><G128/><T16/><D16/><AGARI ba="0,0" hai="16,20,22,23,26" m="4327,44073,45675" machi="16" ten="30,12000,2" yaku="6,1,12,1,15,1,34,2,54,1" doraHai="101" who="3" fromWho="0" sc="175,-120,402,0,173,0,250,120" /><INIT seed="6,0,0,0,5,111" ten="55,402,173,370" oya="2" hai0="8,25,105,61,3,52,53,78,128,31,96,90,34" hai1="6,18,29,104,1,120,12,30,122,97,37,76,69" hai2="7,27,63,123,71,49,4,129,64,72,55,99,11" hai3="15,62,9,60,74,66,133,59,10,33,14,38,85"/><V87/><F123/><N who="1" m="47145" /><E69/><V124/><F72/><W126/><G74/><T125/><D128/><U46/><E76/><V116/><F116/><W0/><G33/><T127/><D78/><U44/><E6/><V93/><F124/><N who="0" m="47690" /><D61/><U84/><E84/><V20/><F129/><W43/><G0/><T47/><D47/><N who="1" m="17963" /><E37/><V121/><F121/><W26/><G38/><T110/><D110/><U134/><E1/><V132/><F132/><W109/><G43/><T101/><D90/><U83/><E83/><V100/><F87/><W112/><G133/><T16/><D3/><U79/><E79/><V54/><F49/><W50/><G50/><T95/><D105/><U41/><E41/><V13/><REACH who="2" step="1"/><F4/><REACH who="2" ten="55,402,163,370" step="2"/><W77/><G85/><T113/><D113/><U115/><E115/><V56/><F56/><W57/><G112/><T75/><D75/><U67/><E134/><V94/><F94/><W108/><G126/><T135/><D135/><U86/><E86/><V45/><F45/><W48/><G48/><T82/><D82/><U2/><E104/><V17/><AGARI ba="0,1" hai="7,11,13,17,20,27,54,55,63,64,71,93,99,100" machi="17" ten="20,3900,0" yaku="1,1,0,1,7,1,53,0" doraHai="111" doraHaiUra="70" who="2" fromWho="2" sc="55,-13,402,-13,163,49,370,-13" /><INIT seed="6,1,0,3,5,104" ten="42,389,212,357" oya="2" hai0="66,75,11,4,35,126,115,40,67,14,79,100,34" hai1="73,59,58,44,70,90,27,110,3,95,61,113,0" hai2="16,84,82,74,117,50,20,129,123,77,116,37,120" hai3="81,17,46,26,128,78,133,122,39,125,13,56,130"/><V93/><F37/><W97/><G122/><T65/><D126/><U64/><E110/><V111/><F111/><W47/><G133/><T124/><D124/><U1/><E73/><V106/><F106/><W112/><G39/><T42/><D115/><U62/><E113/><V8/><F129/><N who="3" m="49771" /><G26/><T63/><D63/><U45/><E27/><V54/><F8/><N who="3" m="6311" /><G125/><T88/><D100/><U2/><E2/><V71/><F71/><W80/><G80/><T9/><D88/><U108/><E108/><V103/><F123/><W28/><G28/><T55/><D55/><U127/><E127/><V91/><F103/><W23/><G23/><T49/><D49/><U19/><E19/><V85/><F85/><W33/><G33/><T48/><D48/><U102/><E102/><V132/><F132/><W21/><G21/><T94/><D94/><U24/><E24/><V53/><F53/><W119/><G119/><T60/><D60/><U101/><E101/><V15/><REACH who="2" step="1"/><F120/><REACH who="2" ten="42,389,202,357" step="2"/><W32/><G112/><T92/><D92/><U98/><E70/><V76/><F76/><W52/><G97/><T22/><D22/><U12/><E98/><V96/><F96/><W135/><G135/><T5/><D79/><U29/><E90/><V36/><F36/><W107/><G107/><T68/><D68/><U105/><E105/><V41/><F41/><W99/><G99/><T51/><D51/><U57/><E64/><V86/><F86/><N who="3" m="48439" /><G32/><T6/><D75/><U69/><E69/><V31/><F31/><W134/><G134/><T109/><D109/><U118/><E29/><V38/><F38/><RYUUKYOKU ba="1,1" sc="42,-15,389,-15,202,15,357,15" hai2="15,16,20,50,54,74,77,82,84,91,93,116,117" hai3="46,47,52,56" /><INIT seed="6,2,1,5,1,132" ten="27,374,217,372" oya="2" hai0="22,19,65,82,37,42,106,23,81,12,47,41,25" hai1="69,93,64,28,57,59,126,84,128,58,116,29,8" hai2="104,127,110,66,10,44,50,112,54,91,98,62,100" hai3="21,125,49,17,36,131,102,114,85,79,13,97,90"/><V109/><F112/><W130/><G36/><T117/><D106/><U95/><E116/><V111/><F91/><W63/><G79/><T5/><D117/><U48/><E128/><V115/><F115/><W27/><G114/><T4/><D65/><U14/><E126/><V88/><F127/><W7/><G125/><T80/><D37/><U72/><E72/><V76/><F76/><W35/><G49/><T34/><D34/><U33/><E33/><V52/><F10/><W121/><G121/><T74/><D74/><U86/><E48/><V32/><F32/><W87/><G63/><T123/><D123/><U56/><E69/><V2/><F2/><W24/><G87/><N who="1" m="33322" /><E95/><V71/><REACH who="2" step="1"/><F88/><REACH who="2" ten="27,374,207,372" step="2"/><W20/><G35/><T51/><REACH who="0" step="1"/><D41/><AGARI ba="2,2" hai="41,44,50,52,54,62,66,71,98,100,104,109,110,111" machi="41" ten="40,12000,1" yaku="1,1,2,1,10,1,54,1,53,0" doraHai="132" doraHaiUra="108" who="2" fromWho="0" sc="27,-126,374,0,207,146,372,0" owari="-99,-59.9,374,47.4,353,-4.7,372,17.2" /></mjloggm>