<mjloggm ver="2.3"><GO type="169" lobby="0"/><UN n0="%E7%9C%9F%E3%81%AE%E9%9B%80%E5%A3%AB%E3%81%86%E3%81%BE%E3%81%9F%E3%82%93" n1="%6F%6C%69%76%65%72" n2="%E3%82%80%E3%81%97%E6%AD%AF" n3="%E8%80%81%E6%A5%BD" dan="16,16,17,17" rate="2084.94,2049.82,2174.81,2203.96" sx="M,M,M,M"/><TAIKYOKU oya="0"/><INIT seed="0,0,0,1,2,101" ten="250,250,250,250" oya="0" hai0="28,74,30,75,57,81,123,131,58,38,56,23,110" hai1="32,9,52,121,12,3,95,14,76,62,111,122,77" hai2="21,83,100,6,49,48,61,104,42,117,36,37,34" hai3="106,24,26,51,86,1,18,67,102,109,120,73,16"/><T65/><D123/><U35/><E3/><V55/><F34/><W40/><G73/><T107/><D38/><U88/><E111/><V103/><F117/><W92/><G1/><T7/><D65/><U105/><E105/><V118/><F118/><W54/><G109/><T85/><D7/><U69/><E69/><V19/><F6/><W112/><G40/><T126/><D110/><U128/><E128/><V79/><F61/><W115/><G67/><T114/><D114/><U91/><E95/><V20/><F42/><W46/><G120/><T93/><D131/><U41/><E41/><V13/><F48/><W127/><G127/><T47/><D93/><U135/><E62/><V33/><F33/><W59/><G46/><T72/><D126/><U113/><E52/><V8/><F37/><W43/><G43/><T66/><D66/><U64/><E64/><V70/><F70/><W44/><G44/><T71/><D47/><U119/><E9/><V90/><F90/><W11/><G86/><T80/><D71/><U124/><E124/><V82/><F82/><W4/><G92/><T15/><D81/><U60/><E60/><V108/><F108/><W98/><G112/><T0/><D0/><U78/><E78/><V87/><F36/><W97/><G97/><T22/><D107/><U39/><E39/><V29/><F104/><W116/><G115/><T27/><D80/><U5/><E113/><V96/><F96/><W68/><G68/><T129/><D129/><U89/><E89/><V99/><F99/><W45/><G106/><T2/><D2/><U31/><E119/><RYUUKYOKU ba="0,0" sc="250,0,250,0,250,0,250,0" /><INIT seed="1,1,0,4,4,94" ten="250,250,250,250" oya="1" hai0="98,63,135,68,81,112,110,114,26,118,55,72,111" hai1="18,132,67,33,66,60,122,77,21,88,99,109,22" hai2="73,128,70,20,76,125,64,107,61,103,6,23,86" hai3="13,89,30,96,2,100,52,28,74,123,24,0,113"/><U17/><E122/><V31/><F73/><W130/><G113/><N who="0" m="43627" /><D26/><U65/><E33/><V119/><F119/><W39/><G39/><T85/><D55/><U36/><E36/><V50/><F125/><W116/><G74/><T41/><D63/><U35/><E35/><V51/><F128/><W10/><G130/><T5/><D41/><U79/><E109/><V62/><F6/><W58/><G89/><T129/><D5/><U69/><E132/><V25/><F62/><W1/><G116/><T56/><D56/><U93/><E69/><V84/><F23/><N who="1" m="8713" /><E60/><V131/><F131/><W46/><G46/><T104/><D68/><U59/><E59/><V27/><F27/><W108/><G108/><N who="0" m="41515" /><D129/><U44/><E44/><V57/><F70/><W19/><G123/><T71/><D71/><U97/><E97/><N who="2" m="61935" /><F51/><W134/><G134/><T115/><N who="0" m="43635" /><T11/><DORA hai="92" /><D118/><U4/><E4/><V126/><F50/><W14/><G14/><T121/><D121/><U32/><E32/><V42/><F57/><W7/><G7/><T53/><D135/><U101/><E101/><V124/><F61/><W8/><G8/><T127/><D72/><U54/><E54/><V133/><F133/><W102/><G24/><T43/><D53/><U90/><E90/><V105/><F25/><W29/><G28/><T37/><D37/><U87/><E87/><V34/><F86/><W83/><G29/><T3/><D85/><U91/><E91/><V40/><F84/><W16/><G30/><T106/><D43/><U80/><E80/><V75/><F31/><W117/><G58/><RYUUKYOKU ba="1,0" sc="250,-10,250,30,250,-10,250,-10" hai1="17,18,65,66,67,77,79,88,93,99" /><INIT seed="1,2,0,5,0,99" ten="240,280,240,240" oya="1" hai0="18,44,111,115,6,84,101,52,21,40,92,47,77" hai1="10,13,22,86,100,62,88,4,128,35,15,43,103" hai2="73,64,83,55,24,42,122,79,29,32,17,74,37" hai3="12,93,97,76,28,106,120,1,45,119,66,69,48"/><U94/><E128/><V113/><F122/><W0/><G106/><T117/><D115/><U57/><E35/><V67/><F113/><W20/><G120/><T34/><D34/><U78/><E43/><V51/><F74/><W91/><G119/><T63/><D117/><U135/><E135/><V118/><F118/><W46/><G76/><T112/><D111/><U109/><E109/><V59/><REACH who="2" step="1"/><F17/><REACH who="2" ten="240,280,230,240" step="2"/><W89/><G28/><T124/><D18/><N who="1" m="10591" /><E78/><V90/><F90/><W38/><G89/><T114/><D77/><U104/><E104/><V87/><F87/><W33/><G91/><T53/><D84/><U80/><E94/><V68/><F68/><W72/><G93/><T8/><D92/><U9/><E9/><V70/><F70/><W123/><G69/><T31/><D8/><U132/><E132/><V116/><F116/><W14/><G72/><T125/><D112/><U130/><E130/><V131/><F131/><W26/><G123/><T49/><D114/><U105/><E105/><V98/><F98/><W23/><G97/><T65/><D31/><U27/><E27/><V133/><F133/><W82/><G26/><T7/><D125/><U75/><E75/><V41/><F41/><W81/><G81/><T61/><D40/><U129/><E129/><V54/><F54/><AGARI ba="2,1" hai="4,10,13,54,57,62,80,86,88,100,103" m="10591" machi="54" ten="30,11600,0" yaku="8,1,52,2,54,1" doraHai="99" who="1" fromWho="2" sc="240,0,280,132,230,-122,240,0" /><INIT seed="1,3,0,4,5,7" ten="240,412,108,240" oya="1" hai0="56,83,5,132,20,92,126,49,124,38,14,10,88" hai1="6,19,106,73,63,64,42,0,2,71,105,45,125" hai2="112,24,95,21,60,104,127,43,4,58,120,27,39" hai3="11,48,133,116,93,101,135,75,54,62,114,77,29"/><U65/><E73/><V72/><F120/><W44/><G114/><T13/><D38/><U97/><E125/><N who="0" m="48233" /><D132/><U131/><E131/><V85/><F72/><W69/><G29/><T66/><D83/><U108/><E19/><V18/><F104/><W76/><G101/><T74/><D74/><U46/><E108/><V70/><F70/><W102/><G102/><T23/><D14/><U123/><E123/><V1/><F127/><W40/><G93/><T110/><D110/><U129/><E129/><V117/><F117/><W99/><G99/><N who="0" m="57735" /><D66/><U87/><E87/><V25/><F112/><W107/><G107/><T36/><D36/><U28/><E64/><V109/><F109/><W91/><G91/><T52/><AGARI ba="3,0" hai="5,10,13,20,23,49,52,56" m="57735,48233" machi="52" ten="30,7900,0" yaku="18,1,52,1,54,2" doraHai="7" who="0" fromWho="0" sc="240,88,412,-42,108,-23,240,-23" /><INIT seed="2,0,0,4,2,88" ten="328,370,85,217" oya="2" hai0="79,42,51,24,90,105,25,102,23,36,33,35,9" hai1="43,76,62,84,65,119,6,44,130,1,83,13,34" hai2="104,61,66,108,126,67,7,48,111,73,124,134,59" hai3="97,40,38,50,110,21,120,22,86,75,32,3,8"/><V95/><F104/><W78/><G86/><T80/><D36/><U19/><E119/><V70/><F73/><W132/><G32/><T127/><D24/><U60/><E130/><V56/><F7/><W16/><G50/><T5/><D90/><U71/><E34/><V112/><F95/><W107/><G110/><N who="2" m="42025" /><F112/><W92/><G107/><T85/><D127/><N who="2" m="48682" /><F134/><W116/><G132/><T91/><D105/><U133/><E1/><V57/><F67/><W10/><G116/><T64/><D64/><U27/><E65/><V41/><F41/><W47/><G120/><T123/><D123/><U106/><E106/><V11/><F11/><W118/><G118/><T99/><D9/><U135/><E6/><V114/><F114/><W122/><G122/><T39/><D5/><U96/><E133/><V68/><F68/><W103/><G10/><T30/><D42/><U31/><E71/><V125/><N who="2" m="48690" /><V128/><DORA hai="12" /><F128/><W115/><G115/><T117/><D117/><U18/><E135/><V58/><F70/><W45/><G3/><T82/><D82/><U26/><E83/><V37/><F37/><W17/><G8/><T93/><D39/><U101/><E43/><V46/><F46/><W131/><G47/><T2/><D93/><U109/><E44/><V0/><F0/><W98/><G131/><T87/><D2/><U100/><E109/><V15/><F15/><W69/><G69/><T74/><D74/><U14/><E14/><V52/><AGARI ba="0,0" hai="48,52,56,57,58,59,61,66" m="48690,42025" machi="52" ten="50,18000,2" yaku="14,1,10,1,18,1,34,2,54,1" doraHai="88,12" who="2" fromWho="2" sc="328,-60,370,-60,85,180,217,-60" /><INIT seed="2,1,0,1,3,131" ten="268,310,265,157" oya="2" hai0="125,79,116,33,37,77,40,41,94,31,14,78,105" hai1="128,106,104,32,19,107,93,97,22,65,86,47,120" hai2="46,113,10,72,18,57,84,16,6,44,111,35,66" hai3="3,51,2,69,48,7,24,61,56,108,112,5,53"/><V123/><F113/><W115/><G108/><T54/><D105/><U134/><E32/><V109/><F123/><W55/><G24/><T117/><D125/><U90/><E128/><V76/><F72/><W58/><G61/><T23/><D37/><U73/><E120/><V9/><F35/><W83/><REACH who="3" step="1"/><G83/><REACH who="3" ten="268,310,265,147" step="2"/><T34/><D34/><U74/><E65/><V82/><F109/><W60/><G60/><T63/><D33/><U91/><E74/><V68/><F111/><W80/><G80/><T59/><D117/><U127/><E73/><V25/><F25/><W85/><G85/><T124/><D116/><U103/><E86/><V4/><F68/><AGARI ba="1,1" hai="2,3,5,7,48,51,53,55,56,58,68,69,112,115" machi="68" ten="25,3200,0" yaku="1,1,22,2,53,0" doraHai="131" doraHaiUra="62" who="3" fromWho="2" sc="268,0,310,0,265,-35,147,45" /><INIT seed="3,0,0,2,0,127" ten="268,310,230,192" oya="3" hai0="67,4,23,92,12,19,62,72,0,59,99,133,30" hai1="48,17,78,46,45,18,21,71,117,108,118,70,124" hai2="129,97,122,51,31,115,132,52,38,3,29,96,109" hai3="56,15,111,79,126,20,54,91,119,100,113,114,53"/><W37/><G119/><N who="1" m="45578" /><E124/><V76/><F38/><W42/><G126/><T26/><D133/><U106/><E106/><V22/><F3/><W89/><G100/><T28/><D72/><U57/><E108/><V125/><F125/><W50/><G79/><T36/><D36/><U80/><E57/><V84/><F115/><W73/><G73/><T24/><D0/><U9/><E9/><V63/><F109/><W88/><G111/><T102/><D4/><U134/><E134/><V40/><F132/><W69/><G69/><T86/><D86/><N who="1" m="48407" /><E18/><V83/><F122/><W64/><G64/><T116/><D116/><U74/><E74/><V90/><F76/><W32/><G32/><T13/><D19/><U14/><E46/><V33/><F33/><AGARI ba="0,0" hai="12,13,23,24,26,28,30,33,59,62,67,92,99,102" machi="33" ten="30,3900,0" yaku="7,1,25,2" doraHai="127" who="0" fromWho="2" sc="268,39,310,0,230,-39,192,0" /><INIT seed="4,0,0,0,0,2" ten="307,310,191,192" oya="0" hai0="44,127,115,34,117,69,51,26,46,38,98,9,83" hai1="99,50,73,131,97,76,22,66,16,114,107,116,106" hai2="94,33,27,88,121,53,101,85,78,100,105,40,103" hai3="24,124,79,12,91,110,42,104,37,65,29,93,0"/><T35/><D117/><U55/><E116/><V39/><F121/><W6/><G104/><T7/><D69/><U36/><E36/><V48/><F78/><W61/><G0/><T64/><D64/><U113/><E131/><V71/><F71/><W1/><G1/><T134/><D115/><N who="1" m="44043" /><E66/><V17/><F40/><W47/><G79/><T5/><D9/><U74/><E99/><V41/><F41/><W11/><G110/><T135/><D127/><U32/><E32/><N who="0" m="12329" /><D26/><N who="1" m="14663" /><E97/><V10/><F39/><W20/><G124/><T62/><D98/><U18/><E18/><V63/><F33/><W15/><G15/><T132/><D62/><U111/><E111/><V89/><F63/><W82/><G82/><T31/><D31/><U70/><E70/><V123/><F105/><N who="1" m="39945" /><E76/><V80/><F17/><W108/><G108/><T130/><D130/><U13/><E13/><V4/><F27/><W68/><G68/><T14/><D14/><U122/><E122/><V125/><F123/><W86/><G65/><T67/><D67/><U112/><E112/><V81/><F125/><W77/><G77/><T96/><D96/><U54/><E54/><V119/><F119/><W19/><REACH who="3" step="1"/><G61/><REACH who="3" ten="307,310,191,182" step="2"/><T52/><D83/><U60/><E60/><V49/><F81/><W28/><AGARI ba="0,1" hai="6,11,12,19,20,24,28,29,37,42,47,86,91,93" machi="28" ten="30,12000,2" yaku="1,1,2,1,0,1,52,1,53,2" doraHai="2" doraHaiUra="25" who="3" fromWho="3" sc="307,-60,310,-30,191,-30,182,130" /><INIT seed="5,0,0,3,1,96" ten="247,280,161,312" oya="1" hai0="89,29,93,33,63,115,53,65,26,17,5,95,7" hai1="11,133,132,100,91,102,92,0,127,134,56,48,16" hai2="8,85,120,70,99,64,66,45,108,98,113,10,43" hai3="128,121,72,9,34,39,71,130,44,36,49,101,90"/><U106/><E127/><V23/><F120/><W32/><G71/><T55/><D115/><U15/><E106/><V86/><F108/><W76/><G121/><T31/><D17/><U2/><E56/><V62/><F66/><W42/><G90/><T20/><D33/><N who="3" m="12905" /><G9/><T27/><D65/><U13/><E13/><V110/><F110/><W107/><G49/><T119/><D119/><U104/><E104/><V114/><F23/><W24/><G24/><T67/><D67/><U60/><E60/><V94/><F10/><W14/><G36/><T81/><D63/><U12/><E48/><V1/><F8/><W59/><G59/><T135/><D20/><N who="1" m="11271" /><E2/><V73/><F73/><W87/><G87/><T57/><D57/><U117/><E0/><V28/><F99/><N who="3" m="61887" /><G14/><T105/><D105/><U97/><E117/><V74/><F74/><W103/><G103/><T126/><D27/><U84/><E97/><V116/><F116/><W19/><G19/><AGARI ba="0,0" hai="11,15,19,84,91,92,100,102,132,133,134" m="11271" machi="19" ten="30,11600,0" yaku="20,1,52,2,54,1" doraHai="96" who="1" fromWho="3" sc="247,0,280,116,161,0,312,-116" /><INIT seed="5,1,0,0,5,15" ten="247,396,161,196" oya="1" hai0="89,20,45,127,100,1,68,39,67,26,49,42,72" hai1="36,109,11,59,31,61,83,110,34,81,129,40,16" hai2="24,48,131,130,75,23,6,58,50,134,44,76,80" hai3="126,46,99,71,128,66,82,116,104,41,51,47,77"/><U10/><E129/><V35/><F35/><W74/><G128/><T37/><D127/><U78/><E34/><V43/><F134/><W4/><G126/><T29/><D72/><U123/><E31/><V5/><F130/><W25/><G116/><T86/><D1/><U133/><E123/><V105/><F105/><W2/><G25/><T135/><D100/><U97/><E97/><V13/><F131/><W18/><G66/><T62/><REACH who="0" step="1"/><D135/><REACH who="0" ten="237,396,161,196" step="2"/><U111/><E133/><V101/><F101/><W92/><G2/><T28/><D28/><U22/><E110/><V52/><REACH who="2" step="1"/><F13/><REACH who="2" ten="237,396,151,196" step="2"/><W84/><G74/><T114/><D114/><U95/><E109/><V106/><F106/><W70/><G104/><T33/><D33/><U121/><E111/><V98/><F98/><W132/><G99/><T38/><D38/><U54/><E36/><V87/><F87/><W118/><G84/><T122/><D122/><U7/><E121/><V8/><F8/><W112/><G132/><T79/><D79/><U125/><E10/><V90/><F90/><W69/><G77/><T21/><D21/><U113/><E78/><V19/><AGARI ba="1,2" hai="5,6,19,23,24,43,44,48,50,52,58,75,76,80" machi="19" ten="20,12000,2" yaku="1,1,0,1,7,1,52,1,54,1,53,1" doraHai="15" doraHaiUra="107" who="2" fromWho="2" sc="237,-31,396,-61,151,143,196,-31" /><INIT seed="6,0,0,1,5,70" ten="206,335,294,165" oya="2" hai0="72,97,113,91,5,104,16,106,55,29,112,19,101" hai1="43,85,120,86,54,119,95,63,87,6,42,110,53" hai2="33,115,109,88,17,59,116,9,77,98,108,124,68" hai3="66,49,3,100,56,105,61,14,51,69,24,30,126"/><V65/><F115/><N who="0" m="44106" /><D72/><U23/><E110/><N who="2" m="42603" /><F116/><W71/><G3/><T129/><D129/><U50/><E119/><V57/><F33/><W64/><G126/><T121/><D121/><U12/><E120/><V8/><F77/><W133/><G133/><T123/><D123/><U2/><E2/><V0/><F124/><W107/><G14/><T20/><D5/><U52/><E63/><N who="2" m="39999" /><F17/><N who="0" m="6730" /><D91/><U96/><E50/><V135/><F135/><W40/><G56/><N who="2" m="21577" /><F0/><W4/><G71/><T92/><D55/><U73/><E73/><V58/><F58/><W18/><G66/><T111/><D111/><U99/><E23/><V41/><F41/><N who="1" m="15369" /><E95/><AGARI ba="0,0" hai="8,9,88,95,98" m="21577,39999,42603" machi="95" ten="30,2900,0" yaku="10,1,54,1" doraHai="70" who="2" fromWho="1" sc="206,0,335,-29,294,29,165,0" /><INIT seed="6,1,0,4,1,42" ten="206,306,323,165" oya="2" hai0="83,27,31,20,17,37,10,92,130,19,12,114,98" hai1="6,93,103,101,38,4,46,69,51,135,1,79,53" hai2="74,118,41,78,86,91,117,15,68,95,64,33,87" hai3="30,84,104,25,85,73,58,110,54,43,129,14,47"/><V23/><F33/><W107/><G73/><T94/><D114/><U34/><E34/><V102/><F74/><W24/><G110/><T44/><D130/><U61/><E135/><V67/><F102/><W29/><G129/><T88/><D83/><U126/><E126/><V35/><F35/><W99/><G14/><T32/><D92/><U0/><E38/><V22/><F41/><W55/><G43/><T48/><D37/><U121/><E121/><V3/><F3/><W49/><G99/><T109/><D109/><U131/><E79/><V80/><F68/><W119/><G49/><T112/><D112/><U5/><E131/><V2/><F2/><W76/><G58/><T28/><REACH who="0" step="1"/><D32/><REACH who="0" ten="196,306,323,165" step="2"/><U36/><E36/><V62/><F95/><W128/><G128/><T106/><D106/><U122/><E93/><V100/><F80/><W133/><G76/><T71/><D71/><U108/><E108/><V21/><F78/><W89/><G133/><T116/><D116/><U63/><E69/><V90/><F118/><W52/><G119/><T134/><D134/><U132/><E132/><V81/><F117/><W11/><G107/><T7/><D7/><U97/><E122/><V115/><F115/><W77/><G104/><T13/><D13/><U56/><E1/><V123/><F123/><W50/><G77/><T65/><D65/><N who="1" m="39079" /><E0/><V18/><F100/><N who="1" m="38473" /><E97/><V75/><F75/><W70/><G70/><T60/><D60/><AGARI ba="1,1" hai="4,5,6,46,51,53,60,63" m="38473,39079" machi="60" ten="30,2000,0" yaku="8,1,52,1" doraHai="42" who="1" fromWho="0" sc="196,-23,306,33,323,0,165,0" /><INIT seed="7,0,0,0,1,130" ten="173,339,323,165" oya="3" hai0="45,108,123,44,71,50,25,131,2,47,42,77,21" hai1="75,94,104,14,28,103,105,4,112,92,34,64,51" hai2="11,41,101,8,107,115,133,5,95,93,59,135,110" hai3="0,33,99,68,35,126,31,83,24,53,37,10,58"/><W73/><G68/><T111/><D2/><U32/><E75/><V89/><F110/><W62/><G37/><T69/><D77/><U66/><E51/><V67/><F115/><W113/><G113/><T60/><D21/><U48/><E48/><V88/><F41/><W56/><G126/><T22/><D22/><U84/><E84/><V90/><F107/><W74/><G35/><T118/><D25/><U30/><E14/><V20/><F20/><W120/><G120/><T3/><D3/><U124/><E112/><V119/><F119/><W72/><G99/><T134/><D118/><U54/><E54/><V96/><F95/><W109/><G109/><N who="0" m="42059" /><D123/><U102/><E4/><V79/><F79/><W63/><G0/><T1/><D1/><U26/><E26/><V82/><F82/><W81/><REACH who="3" step="1"/><G10/><REACH who="3" ten="173,339,323,155" step="2"/><T6/><D71/><U12/><E124/><V128/><F11/><W27/><G27/><T7/><D69/><U117/><E12/><V70/><F70/><W15/><G15/><T43/><D43/><U100/><E100/><V61/><F8/><W65/><AGARI ba="0,1" hai="24,31,33,53,56,58,62,63,65,72,73,74,81,83" machi="65" ten="30,3000,0" yaku="1,1,0,1,53,0" doraHai="130" doraHaiUra="121" who="3" fromWho="3" sc="173,-10,339,-10,323,-10,155,40" /><INIT seed="7,1,0,2,5,82" ten="163,329,313,195" oya="3" hai0="43,93,105,9,12,8,92,29,60,128,117,7,2" hai1="85,24,37,63,26,62,83,53,25,13,47,15,133" hai2="96,16,72,78,21,3,14,27,46,67,75,125,4" hai3="58,40,65,33,110,70,90,98,42,66,118,48,111"/><W89/><G33/><T39/><D117/><U109/><E109/><V52/><F125/><W91/><G70/><T106/><D128/><U18/><E133/><V28/><F67/><N who="3" m="25611" /><G98/><T31/><D60/><N who="1" m="23083" /><E37/><V74/><F96/><W103/><G103/><T119/><D119/><U129/><E129/><V97/><F97/><W84/><G118/><T113/><D39/><U80/><E80/><V51/><F78/><W127/><G84/><T122/><D122/><U44/><E53/><V120/><F120/><W38/><G38/><T71/><D71/><U112/><E112/><V126/><F126/><W124/><G58/><T22/><D113/><U17/><E15/><V116/><F116/><W10/><G10/><T57/><D57/><U69/><E69/><V1/><REACH who="2" step="1"/><F4/><REACH who="2" ten="163,329,303,195" step="2"/><W130/><G130/><T101/><D7/><U11/><E18/><V0/><F0/><W34/><G127/><T115/><D2/><U76/><AGARI ba="1,1" hai="11,13,17,24,25,26,44,47,76,83,85" m="23083" machi="76" ten="30,2000,0" yaku="8,1,52,1" doraHai="82" who="1" fromWho="1" sc="163,-6,329,33,303,-6,195,-11" owari="157,-34.3,362,46.2,297,9.7,184,-21.6" /></mjloggm>