<mjloggm ver="2.3"><GO type="169" lobby="0"/><UN n0="%6B%61%7A%75%73%61" n1="%48%61%6C%66%73" n2="%E3%83%94%E3%83%B3%E3%82%B5%E3%83%AD%E5%BA%97%E5%93%A1" n3="%75%79%61%6D%61" dan="17,17,17,17" rate="2144.82,2169.21,2190.34,2133.56" sx="F,M,M,M"/><TAIKYOKU oya="0"/><INIT seed="0,0,0,0,4,4" ten="250,250,250,250" oya="0" hai0="106,125,14,95,105,36,2,57,99,56,120,37,19" hai1="113,103,104,46,129,24,75,112,3,126,52,85,44" hai2="102,7,110,38,15,111,70,124,61,45,135,51,30" hai3="10,27,134,50,121,79,33,59,34,89,127,1,74"/><T23/><D120/><U48/><E75/><V53/><F30/><W67/><G127/><T63/><D125/><U40/><E126/><V71/><F124/><W82/><G134/><T17/><D2/><U132/><E129/><V12/><F102/><W117/><G117/><T77/><D77/><U32/><E3/><V130/><F130/><W43/><G121/><T35/><D35/><U72/><E72/><V88/><F135/><W26/><G67/><T64/><D56/><U86/><E103/><V9/><F38/><W131/><G131/><T80/><D80/><U92/><E104/><V47/><F47/><W100/><G100/><T29/><D29/><U78/><E24/><V16/><F88/><W91/><G33/><T41/><D17/><U116/><E116/><V114/><F114/><W42/><G42/><T13/><D13/><U115/><E32/><V55/><F55/><W133/><G133/><T128/><D128/><U81/><E132/><V109/><REACH who="2" step="1"/><F61/><REACH who="2" ten="250,250,240,250" step="2"/><W0/><G91/><N who="0" m="55807" /><D36/><U8/><E112/><V28/><F28/><W90/><G90/><T11/><D37/><N who="1" m="21519" /><E113/><V98/><F98/><W118/><G89/><T66/><D41/><U101/><E115/><V31/><F31/><W62/><G43/><T54/><D54/><U21/><E101/><V87/><F87/><W97/><G34/><T76/><D66/><U49/><E52/><V83/><F83/><W122/><G82/><T108/><D64/><U69/><E46/><V119/><F119/><W94/><G118/><T68/><D63/><U73/><E81/><V65/><F65/><W84/><G62/><RYUUKYOKU ba="0,1" sc="250,-10,250,-10,240,30,250,-10" hai2="7,9,12,15,16,45,51,53,70,71,109,110,111" /><INIT seed="1,1,1,5,0,40" ten="240,240,270,240" oya="1" hai0="45,97,0,67,37,93,106,28,70,34,1,85,59" hai1="10,47,58,21,7,15,36,112,121,133,27,109,39" hai2="49,122,126,19,12,26,51,125,46,64,65,52,60" hai3="98,33,5,55,16,103,91,82,79,113,88,61,44"/><U135/><E112/><V32/><F122/><W2/><G33/><T128/><D128/><U89/><E121/><V48/><F26/><W3/><G113/><T76/><D59/><U129/><E129/><V84/><F32/><W62/><G2/><T108/><D85/><U57/><E89/><V127/><F84/><N who="3" m="48223" /><G3/><T131/><D93/><U30/><E39/><V73/><F73/><W104/><G5/><T77/><D77/><U4/><E4/><V87/><F87/><W63/><G104/><T24/><D76/><U35/><E109/><V114/><F114/><W132/><G132/><N who="1" m="50762" /><E35/><V80/><F80/><W54/><G16/><T94/><D94/><U56/><E36/><V68/><REACH who="2" step="1"/><F65/><REACH who="2" ten="240,240,260,240" step="2"/><W102/><G98/><T71/><D131/><U14/><E14/><V31/><F31/><W105/><G105/><T43/><D108/><U118/><E118/><V99/><F99/><W86/><G86/><T72/><D72/><U38/><E27/><V25/><F25/><W78/><G78/><T20/><D67/><U130/><E30/><V100/><F100/><W90/><G55/><T17/><D97/><U101/><E101/><N who="3" m="38410" /><G54/><T83/><D83/><U41/><E130/><V110/><F110/><W66/><G66/><T29/><D34/><U75/><E75/><V124/><N who="2" m="31744" /><DORA hai="23" /><V11/><AGARI ba="1,2" hai="11,12,19,46,48,49,51,52,60,64,68" m="31744" machi="11" ten="60,16000,3" yaku="1,1,4,1,0,1,18,1,52,1,54,1,53,2" doraHai="40,23" doraHaiUra="6,50" who="2" fromWho="2" sc="240,-41,240,-81,260,183,240,-41" /><INIT seed="2,0,0,2,4,123" ten="199,159,443,199" oya="2" hai0="98,125,20,55,11,22,53,111,52,39,79,41,105" hai1="135,81,87,110,42,106,129,61,133,62,32,26,4" hai2="100,18,94,35,132,102,7,69,95,121,54,134,36" hai3="34,122,47,83,0,101,37,73,49,25,93,57,16"/><V75/><F121/><W112/><G122/><T91/><D79/><U3/><E106/><V30/><F75/><W128/><G0/><T15/><D125/><U48/><E129/><V71/><F36/><W88/><G128/><T99/><D105/><U9/><E42/><V6/><F18/><W86/><G34/><T131/><D131/><U2/><E2/><V85/><F54/><W24/><G37/><T66/><D66/><U56/><E48/><V29/><REACH who="2" step="1"/><F85/><REACH who="2" ten="199,159,433,199" step="2"/><W70/><G73/><T51/><D53/><U14/><E87/><V28/><F28/><W90/><G16/><T60/><D55/><U63/><E4/><V108/><F108/><W124/><G86/><T118/><D52/><U76/><E110/><V77/><F77/><W23/><G49/><T103/><D111/><U130/><E76/><V116/><F116/><W44/><G44/><T17/><D51/><U68/><E130/><V5/><F5/><W64/><G47/><N who="0" m="23999" /><D118/><U43/><E43/><V113/><F113/><W21/><G112/><T114/><D114/><U27/><E133/><V31/><F31/><W46/><G46/><T92/><D60/><U1/><E62/><V74/><F74/><W126/><G126/><T13/><D17/><U104/><E61/><V84/><F84/><W72/><G124/><T97/><D103/><U120/><E63/><V12/><F12/><W96/><G72/><T38/><D38/><U115/><E14/><N who="0" m="5129" /><D11/><U10/><E115/><V59/><F59/><W82/><G57/><T67/><D67/><U119/><E120/><V45/><F45/><W109/><G64/><RYUUKYOKU ba="0,1" sc="199,15,159,-15,433,15,199,-15" hai0="20,22,91,92,97,98,99" hai2="6,7,29,30,35,69,71,94,95,100,102,132,134" /><INIT seed="2,1,1,2,5,105" ten="214,144,448,184" oya="2" hai0="25,99,18,125,87,98,123,86,36,13,61,4,7" hai1="35,130,11,64,53,94,92,129,128,52,96,81,10" hai2="121,133,44,63,31,89,17,83,19,59,14,1,111" hai3="82,48,15,70,47,16,74,3,23,134,57,62,24"/><V113/><F113/><W2/><G70/><T68/><D123/><U91/><E35/><V78/><F1/><W135/><G24/><T8/><D125/><U106/><E106/><V55/><F121/><W90/><G90/><T38/><D38/><U116/><E116/><V109/><F133/><N who="3" m="50699" /><G82/><T12/><D36/><U115/><E115/><V102/><F102/><W120/><G120/><T100/><D25/><U88/><E64/><V39/><F31/><W34/><G34/><T32/><D32/><U20/><E20/><V6/><F89/><W65/><G74/><T29/><D29/><U112/><E81/><V30/><F30/><W77/><G77/><T71/><D61/><U85/><REACH who="1" step="1"/><E112/><REACH who="1" ten="214,134,448,184" step="2"/><V54/><F111/><W49/><G49/><T119/><D119/><U37/><E37/><V28/><F109/><W41/><AGARI ba="1,2" hai="2,3,15,16,23,41,47,48,57,62,65" m="50699" machi="41" ten="30,2000,0" yaku="20,1,54,1" doraHai="105" who="3" fromWho="3" sc="214,-6,134,-6,448,-11,184,43" /><INIT seed="3,0,0,2,1,6" ten="208,128,437,227" oya="3" hai0="83,95,98,116,19,97,129,81,44,133,91,2,134" hai1="10,28,11,102,88,69,103,36,126,48,132,17,122" hai2="23,5,127,104,74,18,58,68,115,46,66,38,100" hai3="51,37,55,39,108,8,70,61,119,7,125,3,20"/><W86/><G119/><T124/><D2/><U87/><E122/><V60/><F115/><W77/><G125/><T79/><D116/><U111/><E36/><V75/><F127/><W40/><G20/><T64/><D64/><U101/><E126/><V33/><F33/><W117/><G117/><T99/><D19/><U35/><E69/><V52/><F5/><W67/><G108/><T12/><D12/><U30/><E132/><N who="0" m="50793" /><D44/><U105/><E105/><V112/><F112/><W56/><REACH who="3" step="1"/><G40/><REACH who="3" ten="208,128,437,217" step="2"/><T26/><D124/><U32/><E111/><V73/><F23/><W128/><G128/><T27/><D129/><U92/><E32/><V34/><F34/><W113/><G113/><T4/><D4/><U89/><E35/><V57/><F18/><W25/><G25/><T53/><D26/><U62/><E17/><V15/><F75/><W118/><G118/><T42/><D27/><U135/><E135/><V106/><F74/><W59/><G59/><T13/><D42/><U82/><E62/><V43/><F73/><W50/><G50/><T107/><D13/><U131/><E48/><N who="2" m="30855" /><F15/><W22/><G22/><T47/><D47/><U45/><E45/><V65/><F58/><W121/><G121/><T41/><D41/><U16/><E131/><V130/><F130/><W78/><G78/><T94/><D79/><U71/><E16/><V80/><F46/><W84/><G84/><T63/><D63/><U1/><E1/><V49/><F60/><W24/><G24/><T96/><D107/><U114/><E114/><V14/><F106/><W0/><G0/><T93/><D53/><RYUUKYOKU ba="0,1" sc="208,15,128,-15,437,-15,217,15" hai0="81,83,91,93,94,95,96,97,98,99" hai3="3,7,8,37,39,51,55,56,61,67,70,77,86" /><INIT seed="3,1,1,4,3,125" ten="223,113,422,232" oya="3" hai0="135,89,117,71,122,18,64,46,128,12,102,97,8" hai1="119,115,1,75,118,54,92,2,61,44,100,80,69" hai2="103,47,77,114,79,112,95,48,33,26,35,132,131" hai3="30,93,90,42,49,22,126,17,55,113,72,7,111"/><W23/><G113/><T101/><D117/><U104/><E115/><V74/><F132/><W63/><G72/><T127/><D122/><U45/><E104/><V21/><F131/><W110/><G126/><T109/><D135/><U68/><E75/><V10/><F114/><W130/><G7/><T41/><D127/><U4/><E80/><V121/><F112/><W28/><G63/><T60/><D128/><U73/><E73/><V24/><F121/><W105/><G42/><T116/><D109/><N who="3" m="41481" /><G105/><T9/><D116/><U3/><E4/><V66/><F66/><W13/><G23/><T32/><D32/><U59/><E118/><V83/><F79/><W50/><G130/><T87/><D8/><U25/><E68/><V84/><F10/><W53/><G50/><T62/><D60/><U20/><E69/><V52/><F26/><W0/><G0/><T16/><D18/><U88/><E100/><V19/><REACH who="2" step="1"/><F74/><REACH who="2" ten="223,113,412,232" step="2"/><W27/><G27/><T43/><D9/><U29/><REACH who="1" step="1"/><E119/><REACH who="1" ten="223,103,412,232" step="2"/><V98/><AGARI ba="1,3" hai="19,21,24,33,35,47,48,52,77,83,84,95,98,103" machi="98" ten="30,7900,0" yaku="1,1,2,1,0,1,54,1,53,0" doraHai="125" doraHaiUra="85" who="2" fromWho="2" sc="223,-21,103,-21,412,112,232,-40" /><INIT seed="4,0,0,1,5,35" ten="202,82,524,192" oya="0" hai0="89,23,94,117,27,107,13,78,1,69,66,91,113" hai1="65,120,118,51,34,127,20,61,75,14,84,79,25" hai2="90,18,114,92,24,119,56,80,58,9,28,49,133" hai3="122,59,55,40,30,7,130,73,32,17,112,109,19"/><T102/><D117/><U99/><E120/><V8/><F119/><W26/><G109/><T68/><D78/><U6/><E75/><V83/><F114/><W43/><G73/><T86/><D113/><U11/><E127/><V12/><F133/><W76/><G76/><T64/><D64/><U33/><BYE who="0" /><E118/><V21/><F9/><UN n0="%6B%61%7A%75%73%61" /><W98/><G112/><T10/><D66/><U85/><E51/><V82/><REACH who="2" step="1"/><F49/><REACH who="2" ten="202,82,514,192" step="2"/><W103/><G122/><T72/><D10/><U38/><E38/><V116/><F116/><W124/><G124/><T131/><D131/><U115/><E115/><V123/><F123/><W135/><G135/><T39/><D39/><U132/><E132/><V57/><F57/><W110/><G130/><T96/><D68/><U31/><E99/><AGARI ba="0,1" hai="8,12,18,21,24,28,56,58,80,82,83,90,92,99" machi="99" ten="40,2600,0" yaku="1,1,8,1,53,0" doraHai="35" doraHaiUra="121" who="2" fromWho="1" sc="202,0,82,-26,514,36,192,0" /><INIT seed="5,0,0,0,0,19" ten="202,56,550,192" oya="1" hai0="52,116,34,124,106,40,74,10,65,66,86,7,121" hai1="56,113,70,72,83,67,8,42,14,127,20,53,68" hai2="126,100,59,98,5,91,24,15,22,6,80,18,79" hai3="25,78,71,76,69,92,93,123,132,103,118,45,125"/><U81/><E127/><V27/><F126/><W73/><G125/><T101/><D74/><U43/><E113/><V84/><F59/><W2/><G73/><T128/><D124/><U0/><E0/><V49/><F49/><W130/><G25/><N who="2" m="9801" /><F100/><W75/><G75/><T110/><D34/><U12/><E68/><V13/><F13/><W119/><G103/><T85/><D106/><U46/><E70/><V38/><F38/><W21/><G45/><T54/><D128/><U3/><E67/><V133/><F133/><W32/><G2/><T97/><D110/><U31/><E3/><V26/><F26/><W135/><G32/><T44/><D116/><U39/><E31/><V96/><F79/><W36/><G36/><T109/><D109/><U9/><E42/><V114/><F114/><W37/><G37/><T131/><D121/><U33/><E33/><V55/><F55/><W107/><G107/><T120/><D120/><U57/><E57/><V50/><F50/><W129/><G123/><T63/><D66/><U64/><E64/><V77/><F77/><W88/><G88/><T47/><D65/><U51/><E72/><V62/><F62/><W48/><G48/><T105/><D63/><U90/><E90/><V111/><F111/><W104/><G104/><T23/><D40/><U11/><REACH who="1" step="1"/><E12/><REACH who="1" ten="202,46,550,192" step="2"/><V4/><AGARI ba="0,1" hai="4,5,6,15,18,22,80,84,91,96,98" m="9801" machi="4" ten="30,2000,0" yaku="8,1,52,1" doraHai="19" who="2" fromWho="2" sc="202,-5,46,-10,550,30,192,-5" /><INIT seed="6,0,0,0,3,101" ten="197,36,580,187" oya="2" hai0="45,25,29,68,57,78,35,133,123,21,12,79,132" hai1="111,15,36,40,63,119,44,60,126,58,87,122,64" hai2="92,105,42,107,47,5,134,50,65,88,1,2,7" hai3="55,46,80,125,67,11,17,9,100,124,74,14,72"/><V33/><F33/><W39/><G67/><T128/><D123/><U129/><E87/><V3/><F65/><W66/><G66/><T30/><D68/><U90/><E15/><V83/><F83/><W106/><G9/><T118/><D118/><U0/><E0/><V23/><F23/><W54/><G39/><T95/><D128/><U20/><E20/><V51/><F134/><W18/><G18/><T32/><D57/><N who="1" m="36975" /><E90/><V48/><F7/><W22/><G11/><T131/><D95/><U69/><E119/><V19/><F19/><W82/><G82/><T38/><D12/><U81/><E129/><V104/><REACH who="2" step="1"/><F5/><REACH who="2" ten="197,36,570,187" step="2"/><W112/><G80/><T52/><D21/><U89/><E122/><V127/><F127/><W41/><G124/><T27/><D131/><U75/><E126/><V103/><F103/><W70/><G100/><T113/><D32/><U56/><E111/><V53/><F53/><W24/><G55/><T108/><D35/><U116/><E116/><V97/><AGARI ba="0,1" hai="1,2,3,42,47,48,50,51,88,92,97,104,105,107" machi="97" ten="40,18000,2" yaku="1,1,0,1,52,3,54,1,53,1" doraHai="101" doraHaiUra="91" who="2" fromWho="2" sc="197,-60,36,-60,570,190,187,-60" owari="137,-6.3,-24,-52.4,760,86.0,127,-27.3" /></mjloggm>