<mjloggm ver="2.3"><GO type="169" lobby="0"/><UN n0="%E7%B9%AD%E3%82%92%E8%A7%A3%E3%81%8F" n1="%6E%61%67%61%69%6D%6F" n2="%E3%82%B7%E3%83%B3%E3%83%97%E3%83%AB%E3%81%AA%E3%83%AF%E3%82%AD%E3%82%AC" n3="%45%72%77%69%6E%52%64" dan="17,17,17,16" rate="2212.44,2149.30,2236.37,2146.24" sx="M,M,M,M"/><TAIKYOKU oya="0"/><INIT seed="0,0,0,2,4,61" ten="250,250,250,250" oya="0" hai0="121,25,97,76,18,9,10,60,23,11,90,27,119" hai1="95,113,32,68,34,59,54,0,133,37,99,26,64" hai2="130,122,120,19,16,102,44,87,98,74,46,93,65" hai3="71,85,110,38,116,4,21,108,63,78,117,125,43"/><T2/><D121/><U14/><E0/><V66/><F74/><W118/><G4/><T69/><D119/><U28/><E37/><V101/><F87/><W127/><G21/><T83/><D2/><U70/><E34/><V1/><F1/><W24/><G24/><T94/><D69/><U107/><E107/><V86/><F86/><W105/><G105/><T49/><D60/><U115/><E133/><V112/><F130/><W3/><G85/><T41/><D41/><U123/><E14/><V129/><F129/><W104/><G104/><T39/><D39/><U84/><E84/><V103/><F98/><W30/><G30/><T20/><D49/><U114/><E123/><V73/><F101/><W50/><G38/><T111/><D111/><N who="3" m="42537" /><G78/><T57/><D57/><U67/><E70/><V52/><F73/><W48/><G3/><T132/><D132/><U80/><E68/><V22/><F22/><W62/><G62/><T135/><D135/><U134/><E80/><V12/><F12/><W31/><G31/><T89/><D76/><U77/><E77/><V35/><F93/><W6/><G6/><T79/><D79/><U72/><E72/><V33/><F112/><W29/><G29/><N who="0" m="17575" /><D83/><U128/><E128/><V47/><F47/><N who="3" m="25727" /><G50/><T40/><D40/><U82/><E82/><V55/><AGARI ba="0,0" hai="16,19,33,35,44,46,52,55,65,66,102,103,120,122" machi="55" ten="25,12000,2" yaku="0,1,22,2,52,2,54,2" doraHai="61" who="2" fromWho="2" sc="250,-60,250,-30,250,120,250,-30" /><INIT seed="1,0,0,5,3,10" ten="190,220,370,220" oya="1" hai0="32,69,2,82,85,126,63,95,75,30,74,97,106" hai1="15,0,93,91,12,42,27,132,110,58,102,61,4" hai2="108,8,122,56,40,121,128,39,59,44,16,46,23" hai3="47,87,21,76,83,84,107,72,43,37,41,52,125"/><U100/><E132/><V120/><F108/><W20/><G107/><T57/><D126/><U92/><E110/><V19/><F128/><W96/><G125/><T49/><D2/><U86/><E0/><V50/><F8/><W99/><G72/><T129/><D129/><U105/><E4/><V133/><F133/><W36/><G47/><T60/><D49/><U54/><E105/><V127/><F127/><W115/><G83/><T17/><D17/><U112/><E112/><V124/><F124/><W88/><G76/><T6/><D6/><U5/><E5/><V35/><F35/><W79/><G79/><T3/><D3/><U111/><E111/><V13/><REACH who="2" step="1"/><F19/><REACH who="2" ten="190,220,360,220" step="2"/><W31/><G115/><T28/><D32/><U130/><E130/><V119/><F119/><W80/><G31/><T123/><D30/><U45/><E27/><V24/><F24/><W71/><G20/><T48/><D28/><U25/><E25/><V78/><F78/><W29/><G21/><T70/><D75/><U7/><E7/><V55/><AGARI ba="0,1" hai="13,16,23,39,40,44,46,50,55,56,59,120,121,122" machi="55" ten="30,8000,1" yaku="1,1,0,1,52,1,54,1,53,1" doraHai="10" doraHaiUra="14" who="2" fromWho="2" sc="190,-20,220,-40,360,90,220,-20" /><INIT seed="2,0,0,3,0,114" ten="170,180,450,200" oya="2" hai0="39,40,60,29,34,49,47,102,53,83,93,130,113" hai1="77,7,65,66,56,82,35,121,120,1,129,0,46" hai2="6,119,108,15,134,59,76,128,38,33,45,23,5" hai3="55,52,122,17,73,105,67,37,43,126,62,68,110"/><V21/><F76/><W20/><G73/><T115/><D130/><U16/><E35/><V44/><F33/><W80/><G122/><T125/><D125/><U69/><E69/><V18/><F128/><W106/><G126/><T131/><D131/><U12/><E129/><V92/><F38/><W28/><G28/><T124/><D124/><U72/><E46/><V64/><F134/><W87/><G110/><T79/><D93/><U75/><E7/><V132/><F132/><W2/><G2/><T85/><D102/><U61/><E66/><V98/><F119/><W104/><G43/><T51/><D51/><U14/><E14/><V10/><F23/><W101/><G101/><T30/><D30/><U71/><E75/><V54/><F64/><W31/><G31/><T74/><D60/><U116/><E116/><V11/><F11/><W99/><G99/><T88/><D29/><U19/><E19/><V70/><F70/><W118/><G37/><T90/><D34/><U111/><E111/><V100/><F5/><W97/><G97/><T84/><D74/><U13/><E13/><V27/><REACH who="2" step="1"/><F108/><REACH who="2" ten="170,180,440,200" step="2"/><W22/><G118/><T109/><D109/><U36/><E36/><V3/><F3/><W4/><G4/><T9/><D9/><N who="1" m="6159" /><E71/><V112/><F112/><W50/><G20/><T26/><D79/><U94/><E0/><V57/><F57/><W127/><G127/><T42/><D39/><U81/><E1/><V117/><F117/><W8/><G8/><T107/><D115/><U103/><E77/><V133/><F133/><W86/><G68/><T96/><D113/><RYUUKYOKU ba="0,1" sc="170,-10,180,-10,440,30,200,-10" hai2="6,10,15,18,21,27,44,45,54,59,92,98,100" /><INIT seed="2,1,1,2,5,135" ten="160,170,470,190" oya="2" hai0="105,17,83,51,43,97,123,36,4,42,18,92,96" hai1="95,75,132,60,35,66,109,64,127,67,19,9,111" hai2="133,69,31,38,57,104,120,102,46,78,131,89,32" hai3="91,80,106,73,6,130,49,88,76,20,116,45,112"/><V117/><F69/><W37/><G116/><T108/><D36/><U29/><E75/><V56/><F78/><W126/><G37/><T119/><D123/><U54/><E132/><V11/><F11/><W0/><G106/><T65/><D108/><U124/><E95/><V86/><F31/><W113/><G130/><T12/><D119/><U58/><E29/><V10/><F32/><W68/><G68/><T15/><D105/><U84/><E84/><V129/><F10/><N who="3" m="2375" /><G20/><N who="0" m="11303" /><D4/><U98/><E98/><N who="0" m="37993" /><D92/><U72/><E72/><V122/><F122/><W8/><G8/><N who="0" m="6503" /><D65/><U30/><E30/><V1/><F1/><W70/><G70/><T23/><D23/><U101/><E101/><V44/><F133/><W114/><G126/><N who="1" m="48170" /><E35/><V90/><F86/><W21/><G21/><T3/><D3/><U99/><E99/><V47/><F102/><W77/><G77/><T27/><D27/><U110/><E9/><V13/><F104/><W50/><G91/><T134/><D134/><U33/><E33/><V2/><F89/><W62/><G88/><T79/><D79/><U128/><E19/><V24/><F90/><W28/><G28/><T61/><D83/><U121/><E128/><V118/><F129/><W81/><G81/><T55/><D61/><U85/><E85/><V100/><F131/><W48/><G62/><T82/><D82/><U25/><E25/><V41/><F100/><W16/><G16/><T63/><D63/><U26/><E26/><V14/><F24/><W71/><G71/><T125/><D125/><U59/><E121/><V52/><F117/><W22/><G22/><RYUUKYOKU ba="1,1" sc="160,10,170,10,470,-30,190,10" hai0="42,43,51,55" hai1="54,58,59,60,64,66,67,109,110,111" hai3="45,48,49,50,73,76,80,112,113,114" /><INIT seed="3,2,1,0,0,55" ten="170,180,440,200" oya="3" hai0="76,19,67,59,31,82,75,26,106,95,53,34,9" hai1="131,2,28,96,89,107,114,69,32,47,6,16,44" hai2="70,111,51,61,46,133,110,80,39,84,127,99,49" hai3="85,108,109,14,125,123,71,45,103,94,124,72,87"/><W4/><G71/><T117/><D106/><U100/><E69/><V40/><F99/><N who="3" m="59895" /><G45/><T126/><D126/><N who="3" m="48745" /><G4/><T50/><D117/><U20/><E114/><V130/><F127/><W116/><G14/><T68/><D95/><U48/><E131/><V8/><F130/><W132/><G116/><T112/><D112/><U5/><E2/><V121/><F121/><W119/><G119/><T101/><D101/><U27/><E89/><N who="2" m="51335" /><F8/><W30/><G30/><T29/><D29/><U1/><E1/><V81/><F133/><W64/><G64/><T74/><D74/><U15/><REACH who="1" step="1"/><E44/><REACH who="1" ten="170,170,440,200" step="2"/><V105/><F46/><W122/><G132/><T120/><D120/><N who="3" m="46121" /><G72/><T129/><D129/><U83/><E83/><V43/><F81/><W104/><G104/><T115/><D115/><U86/><E86/><AGARI ba="2,2" hai="85,86,87,108,109" m="46121,48745,59895" machi="86" ten="40,7700,0" yaku="18,1,34,2" doraHai="55" who="3" fromWho="1" sc="170,0,170,-83,440,0,200,103" /><INIT seed="3,3,0,3,5,58" ten="170,87,440,303" oya="3" hai0="77,34,21,84,105,99,90,66,64,29,109,69,135" hai1="78,12,80,19,0,81,117,50,94,32,68,51,111" hai2="112,127,124,39,75,47,43,98,93,3,123,54,6" hai3="30,28,55,33,53,49,41,72,122,83,56,26,63"/><W131/><G122/><T35/><D109/><U31/><E68/><V132/><F112/><W113/><G113/><T8/><D135/><U65/><E0/><V14/><F75/><W71/><G28/><T25/><D77/><U57/><E111/><V88/><F132/><W97/><G131/><T23/><D35/><U2/><E2/><V100/><F3/><W120/><G120/><T118/><D8/><U24/><E117/><V4/><F123/><W108/><G108/><T133/><D66/><U17/><E94/><V27/><F27/><W89/><G41/><T79/><D79/><U130/><E130/><V67/><F67/><W15/><G15/><T103/><D118/><U85/><E81/><V44/><F100/><W95/><G71/><T92/><D133/><U104/><E104/><V128/><F128/><W61/><G72/><T45/><D45/><U102/><E102/><V13/><F14/><W10/><G10/><T101/><D101/><U110/><E110/><V91/><F91/><W125/><G125/><N who="2" m="48201" /><F13/><W134/><G134/><T70/><D70/><U115/><E115/><V7/><F7/><W76/><REACH who="3" step="1"/><G53/><REACH who="3" ten="170,87,440,293" step="2"/><T9/><D9/><U16/><REACH who="1" step="1"/><E12/><REACH who="1" ten="170,77,440,293" step="2"/><V60/><F4/><W46/><G46/><T62/><AGARI ba="3,2" hai="21,23,25,29,34,62,64,69,84,90,92,99,103,105" machi="62" ten="30,7900,0" yaku="0,1,25,2,52,1" doraHai="58" who="0" fromWho="0" sc="170,108,77,-23,440,-23,293,-42" /><INIT seed="4,0,0,2,1,8" ten="278,54,417,251" oya="0" hai0="113,130,58,30,41,88,89,74,40,101,132,14,25" hai1="73,49,38,109,125,19,31,100,112,23,81,15,68" hai2="129,90,117,13,54,16,71,107,22,29,114,1,119" hai3="97,103,67,7,80,47,108,133,60,124,26,51,24"/><T28/><D74/><U121/><E38/><V9/><F71/><W50/><G108/><T134/><D113/><U99/><E68/><V10/><F107/><W34/><G133/><N who="0" m="51307" /><D130/><U61/><E109/><V4/><F129/><W123/><G123/><T86/><D101/><U52/><E121/><V95/><F114/><W43/><G124/><T63/><D30/><U64/><E112/><V20/><F54/><W105/><G80/><N who="0" m="49223" /><D89/><U115/><E125/><V37/><F37/><W65/><G65/><N who="0" m="39159" /><D14/><U79/><E115/><V53/><F53/><W11/><G34/><AGARI ba="0,0" hai="25,28,34,40,41" m="39159,49223,51307" machi="34" ten="30,2900,0" yaku="20,1,54,1" doraHai="8" who="0" fromWho="3" sc="278,29,54,0,417,0,251,-29" /><INIT seed="4,1,0,2,2,87" ten="307,54,417,222" oya="0" hai0="51,9,46,122,20,120,19,133,59,125,69,86,65" hai1="41,33,85,97,45,15,111,44,100,68,110,54,58" hai2="67,40,17,10,14,96,128,49,31,117,25,43,12" hai3="98,70,60,8,83,112,93,109,29,127,121,134,101"/><T37/><D125/><U118/><E68/><V126/><F126/><W27/><G109/><T114/><D114/><U84/><E33/><V95/><F128/><W16/><G112/><T73/><D73/><U76/><E118/><V42/><F67/><W91/><G127/><T61/><D133/><U62/><E111/><V18/><F117/><W119/><G119/><T80/><D37/><U75/><E110/><V123/><F123/><W11/><G121/><T1/><D69/><U116/><E116/><V74/><F74/><W132/><G70/><T77/><D1/><U52/><E75/><V78/><F78/><W115/><G60/><T90/><D9/><U104/><E76/><V13/><F49/><W92/><G83/><T88/><D122/><U2/><E2/><V21/><REACH who="2" step="1"/><F10/><REACH who="2" ten="307,54,407,222" step="2"/><W39/><G8/><T135/><D120/><U55/><E15/><V38/><F38/><W22/><G39/><T64/><D64/><U4/><E4/><V47/><F47/><W34/><G11/><T28/><D135/><U66/><REACH who="1" step="1"/><E45/><REACH who="1" ten="307,44,407,222" step="2"/><V72/><F72/><W130/><G115/><T99/><D46/><U102/><E102/><AGARI ba="1,2" hai="12,13,14,17,18,21,25,31,40,42,43,95,96,102" machi="102" ten="40,2600,0" yaku="1,1,8,1,53,0" doraHai="87" doraHaiUra="108" who="2" fromWho="1" sc="307,0,44,-29,407,49,222,0" /><INIT seed="5,0,0,1,4,101" ten="307,15,456,222" oya="1" hai0="78,17,49,95,58,23,135,8,67,105,40,32,34" hai1="41,14,118,25,99,83,35,30,28,98,20,12,65" hai2="7,111,100,85,56,84,13,3,1,66,133,112,19" hai3="63,44,10,51,97,59,0,76,6,80,130,109,57"/><U4/><E118/><V77/><F111/><W43/><G109/><T103/><D8/><U74/><E41/><V129/><F100/><W61/><G130/><T62/><D78/><U114/><E114/><V79/><F7/><W107/><G61/><T47/><D95/><U117/><E117/><V89/><F1/><W120/><G120/><T110/><D135/><U108/><E108/><V115/><F3/><W88/><G63/><T31/><D31/><U134/><E134/><V123/><F84/><W53/><G53/><T33/><D110/><U16/><E65/><V45/><F45/><W116/><G116/><T70/><D70/><U29/><E35/><V96/><F96/><W42/><G42/><T106/><D103/><U5/><E74/><V131/><F123/><W39/><G51/><T86/><D86/><U90/><E83/><N who="2" m="49343" /><F56/><W2/><G2/><T75/><REACH who="0" step="1"/><D75/><REACH who="0" ten="297,15,456,222" step="2"/><U113/><E113/><V73/><F77/><W46/><G76/><T26/><AGARI ba="0,1" hai="17,23,26,32,33,34,40,47,49,58,62,67,105,106" machi="26" ten="30,8000,1" yaku="1,1,2,1,0,1,52,2,53,0" doraHai="101" doraHaiUra="81" who="0" fromWho="0" sc="297,90,15,-40,456,-20,222,-20" owari="387,18.7,-25,-52.5,436,53.6,202,-19.8" /></mjloggm>