<mjloggm ver="2.3"><GO type="169" lobby="0"/><UN n0="%3E%5F%30%40%E6%9D%8F%E6%9D%8F%E8%BB%8D%E5%9C%98" n1="%E4%B8%96%E7%95%8C%E3%81%AE%E4%BA%80%E4%BA%95" n2="%E7%BD%AA%E5%88%91%E6%B3%95%E5%AE%9A%E4%B8%BB%E7%BE%A9" n3="%E5%A0%B4%E6%B3%81%E5%8E%A8" dan="16,17,17,17" rate="2150.18,2167.24,2227.74,2164.04" sx="F,M,M,M"/><TAIKYOKU oya="0"/><INIT seed="0,0,0,3,0,72" ten="250,250,250,250" oya="0" hai0="125,93,1,29,14,52,24,33,48,101,21,17,57" hai1="19,39,88,110,9,106,74,128,77,0,84,40,96" hai2="122,117,3,103,63,60,69,27,99,55,32,102,120" hai3="12,85,82,44,61,70,26,80,38,95,37,13,18"/><T25/><D125/><U114/><E110/><V78/><F3/><W56/><G70/><T79/><D1/><U87/><E128/><V71/><F117/><W31/><G95/><T100/><D93/><U121/><E121/><V58/><F103/><W94/><G94/><T134/><D134/><U6/><E114/><V90/><F90/><W46/><G37/><T91/><D91/><U62/><E62/><V133/><F133/><W54/><G38/><T15/><D14/><U89/><E19/><V129/><F129/><W66/><G80/><T135/><D135/><U105/><E84/><V8/><F8/><W43/><G43/><T127/><D127/><U130/><E87/><V4/><F4/><W11/><G66/><T83/><REACH who="0" step="1"/><D24/><REACH who="0" ten="240,250,250,250" step="2"/><U64/><E130/><V16/><F27/><W42/><G13/><T68/><D68/><U113/><E113/><V116/><F69/><W112/><G112/><T81/><D81/><N who="1" m="45239" /><E106/><V73/><F71/><W98/><G98/><T36/><D36/><U30/><E96/><V28/><F99/><W108/><G108/><T45/><D45/><U126/><E105/><V111/><F111/><W67/><G46/><T2/><D2/><U107/><E0/><V92/><F122/><W5/><G44/><T132/><D132/><U75/><E39/><V119/><F120/><W22/><G26/><T41/><D41/><U10/><E40/><V76/><F92/><W65/><G42/><T51/><D51/><U35/><E89/><V23/><F119/><W49/><G49/><T109/><D109/><U47/><E126/><V115/><F116/><RYUUKYOKU ba="0,1" sc="240,30,250,-10,250,-10,250,-10" hai0="15,17,21,25,29,33,48,52,57,79,83,100,101" /><INIT seed="0,1,1,0,5,124" ten="270,240,240,240" oya="0" hai0="9,72,108,39,14,120,77,113,44,121,133,95,43" hai1="55,102,70,67,111,71,114,26,83,104,59,132,6" hai2="75,37,87,115,110,134,24,57,65,16,36,103,101" hai3="27,13,38,91,122,60,5,80,92,46,33,66,116"/><T8/><D113/><U118/><E118/><V45/><F115/><W19/><G122/><T81/><D133/><U106/><E114/><V23/><F75/><W11/><G116/><T119/><D119/><U112/><E112/><V96/><F134/><W56/><G80/><T49/><D108/><U127/><E127/><V30/><F110/><W94/><G94/><T126/><D126/><U61/><E111/><V21/><F87/><W128/><G38/><T97/><D39/><U100/><E6/><V117/><F117/><W10/><G46/><T12/><D14/><U28/><E83/><V86/><F86/><W2/><G33/><T90/><D9/><U79/><E79/><V22/><F103/><W20/><G128/><T68/><D68/><U109/><E132/><V7/><F7/><AGARI ba="1,1" hai="7,8,12,43,44,49,72,77,81,90,95,97,120,121" machi="7" ten="30,1500,0" yaku="7,1" doraHai="124" who="0" fromWho="2" sc="270,28,240,0,240,-18,240,0" /><INIT seed="0,2,0,3,3,75" ten="298,240,222,240" oya="0" hai0="77,60,103,4,128,57,100,30,49,27,105,62,80" hai1="121,122,38,134,89,88,51,16,18,84,70,113,25" hai2="43,64,24,97,19,47,66,54,81,119,11,7,29" hai3="55,72,132,74,31,45,133,126,63,33,50,17,116"/><T44/><D128/><U86/><E38/><V3/><F119/><W117/><G126/><T83/><D4/><U114/><E51/><V23/><F54/><W135/><G17/><T69/><D69/><U40/><E25/><V65/><F97/><W118/><REACH who="3" step="1"/><G63/><REACH who="3" ten="298,240,222,230" step="2"/><T68/><D62/><U112/><E134/><V131/><F131/><W92/><G92/><T129/><D129/><U14/><E40/><V13/><F81/><W53/><G53/><T73/><D83/><N who="1" m="49183" /><E70/><V41/><REACH who="2" step="1"/><F47/><REACH who="2" ten="298,240,212,230" step="2"/><W61/><G61/><T22/><D68/><U0/><E121/><V99/><F99/><W46/><G46/><T111/><D105/><U110/><E122/><V107/><F107/><W78/><G78/><T20/><D111/><U2/><E110/><V95/><F95/><W79/><G79/><T34/><D103/><U39/><E114/><V37/><F37/><W26/><AGARI ba="2,2" hai="26,31,33,45,50,55,72,74,116,117,118,132,133,135" machi="26" ten="40,5200,0" yaku="1,1,0,1,20,1,53,0" doraHai="75" doraHaiUra="108" who="3" fromWho="3" sc="298,-28,240,-15,212,-15,230,78" /><INIT seed="1,0,0,3,1,12" ten="270,225,197,308" oya="1" hai0="79,21,103,57,124,99,106,134,5,123,120,94,65" hai1="126,36,58,46,119,64,42,116,54,7,13,1,101" hai2="72,71,29,60,97,52,121,81,92,4,30,18,50" hai3="130,56,38,43,82,96,133,63,39,51,67,78,80"/><U19/><E126/><V11/><F121/><W117/><G117/><T34/><D124/><U17/><E64/><V55/><F72/><W115/><G115/><T23/><D34/><U33/><E33/><V27/><F81/><W15/><G130/><T59/><D134/><U73/><E73/><V75/><F75/><W14/><G133/><T0/><D79/><U100/><E1/><V41/><F41/><W69/><G96/><T111/><D111/><U28/><E28/><V108/><F108/><W48/><G48/><T62/><D59/><U77/><E77/><V114/><F114/><W47/><G38/><T88/><D5/><U31/><E31/><V40/><F40/><W107/><G107/><T118/><D0/><U90/><E90/><V128/><F128/><W9/><G15/><T37/><D37/><U16/><E7/><V76/><F76/><W135/><G78/><T95/><D106/><U105/><E13/><N who="2" m="5351" /><F71/><W109/><G109/><T61/><D62/><U8/><E8/><V25/><F60/><W83/><G135/><T89/><D103/><U113/><E113/><V87/><F87/><W70/><REACH who="3" step="1"/><G39/><REACH who="3" ten="270,225,197,298" step="2"/><T85/><REACH who="0" step="1"/><D118/><REACH who="0" ten="260,225,197,298" step="2"/><U6/><E105/><V35/><F35/><W3/><G3/><T112/><D112/><U22/><E116/><V110/><F110/><W122/><G122/><AGARI ba="0,2" hai="21,23,57,61,65,85,88,89,94,95,99,120,122,123" machi="122" ten="40,8000,1" yaku="1,1,13,1,54,1,53,2" doraHai="12" doraHaiUra="91" who="0" fromWho="3" sc="260,100,225,0,197,0,298,-80" /><INIT seed="2,0,0,2,3,115" ten="360,225,197,218" oya="2" hai0="110,46,34,102,94,122,12,105,53,56,104,69,93" hai1="5,80,117,20,119,83,58,31,37,98,1,16,22" hai2="3,32,33,8,120,47,52,68,76,73,23,88,55" hai3="43,18,0,81,103,19,84,64,90,132,38,125,24"/><V70/><F120/><W116/><G0/><T128/><D122/><U9/><E37/><V77/><F23/><W78/><G64/><T114/><D114/><U129/><E129/><V63/><F47/><W40/><G132/><T13/><D110/><U134/><E134/><V112/><F112/><W130/><G130/><T66/><D34/><U54/><E98/><V61/><F8/><W67/><G67/><T21/><D69/><U92/><E92/><V107/><F3/><W123/><G125/><T26/><D104/><U17/><E31/><V6/><F107/><W121/><G103/><T109/><D105/><U65/><E65/><V11/><F11/><W48/><G38/><T71/><D71/><U57/><E9/><V127/><F73/><W118/><G48/><N who="0" m="28823" /><D94/><U27/><E54/><V29/><F29/><W2/><G2/><T10/><D10/><U89/><E1/><V124/><REACH who="2" step="1"/><F88/><REACH who="2" ten="360,225,187,218" step="2"/><W35/><G123/><T100/><D128/><U28/><E28/><V60/><F60/><W4/><G121/><T99/><D102/><U39/><E89/><V95/><F95/><W15/><G90/><T113/><D113/><U45/><E45/><V86/><F86/><W49/><G84/><T91/><D100/><U14/><E5/><AGARI ba="0,1" hai="5,6,32,33,52,55,61,63,68,70,76,77,124,127" machi="5" ten="25,9600,0" yaku="1,1,22,2,54,1,53,0" doraHai="115" doraHaiUra="85" who="2" fromWho="1" sc="360,0,225,-96,187,106,218,0" /><INIT seed="2,1,0,0,4,48" ten="360,129,293,218" oya="2" hai0="2,5,126,135,6,117,33,53,59,116,123,97,82" hai1="0,80,40,95,102,18,22,10,17,60,109,106,32" hai2="36,67,87,50,112,107,29,38,125,52,25,77,130" hai3="62,4,34,51,71,44,75,54,41,74,104,15,129"/><V73/><F112/><W64/><G104/><T49/><D123/><U99/><E32/><V84/><F107/><W26/><G129/><T113/><D113/><U30/><E109/><V78/><F130/><W93/><G93/><T81/><D33/><U98/><E40/><V120/><F120/><W27/><G4/><T85/><D126/><U8/><E80/><V13/><F67/><W108/><G108/><T86/><D97/><U63/><E30/><V111/><F111/><W57/><G15/><T1/><D135/><U122/><E122/><V11/><F125/><W92/><G92/><T24/><D24/><U114/><E114/><V45/><F38/><W3/><G3/><T55/><D49/><U19/><E22/><N who="2" m="15543" /><F36/><N who="3" m="21543" /><G26/><T16/><D59/><U89/><REACH who="1" step="1"/><E0/><REACH who="1" ten="360,119,293,218" step="2"/><V79/><F73/><W42/><G42/><T133/><D133/><U88/><E88/><V83/><F83/><W115/><G115/><T61/><D61/><AGARI ba="1,1" hai="8,10,17,18,19,60,61,63,89,95,98,99,102,106" machi="61" ten="40,8000,1" yaku="1,1,53,3" doraHai="48" doraHaiUra="58" who="1" fromWho="0" sc="360,-83,119,93,293,0,218,0" /><INIT seed="3,0,0,5,4,10" ten="277,212,293,218" oya="3" hai0="70,126,56,122,75,59,116,0,80,61,88,7,93" hai1="53,32,104,34,84,76,113,22,24,73,87,123,19" hai2="51,66,21,37,31,64,20,101,97,115,45,132,30" hai3="112,28,105,46,99,72,18,86,106,81,134,47,131"/><W130/><G72/><T94/><D116/><U42/><E113/><V12/><F115/><W16/><G28/><T100/><D122/><U6/><E123/><V36/><F132/><W108/><G112/><T117/><D117/><U5/><E104/><N who="3" m="40042" /><G99/><T110/><D7/><U71/><E42/><V77/><F77/><N who="3" m="46383" /><G134/><T13/><D0/><U89/><E71/><V83/><F83/><W38/><G108/><T68/><D110/><U60/><E73/><V4/><F4/><W55/><G55/><T135/><D75/><U57/><E32/><V2/><F2/><W49/><G38/><T118/><D80/><N who="1" m="47111" /><E34/><V98/><F51/><W48/><G49/><T15/><D118/><U127/><E127/><V14/><REACH who="2" step="1"/><F45/><REACH who="2" ten="277,212,283,218" step="2"/><N who="3" m="16907" /><G48/><T90/><D135/><U40/><E40/><V96/><F96/><W41/><G41/><T62/><REACH who="0" step="1"/><D100/><AGARI ba="0,1" hai="12,14,20,21,30,31,36,37,64,66,97,98,100,101" machi="100" ten="25,8000,1" yaku="1,1,22,2,52,2,53,0" doraHai="10" doraHaiUra="79" who="2" fromWho="0" sc="277,-80,212,0,283,90,218,0" /><INIT seed="4,0,0,0,3,96" ten="197,212,373,218" oya="0" hai0="51,16,48,85,79,82,23,134,67,76,62,3,38" hai1="122,73,105,42,121,111,118,58,84,128,70,108,13" hai2="114,117,7,135,28,21,55,88,39,40,92,18,2" hai3="65,115,97,22,59,47,63,25,74,45,20,68,44"/><T15/><D134/><U14/><E70/><V5/><F135/><W46/><G74/><T9/><D38/><U66/><E73/><V71/><F114/><W19/><G115/><T64/><D64/><U30/><E30/><V90/><F71/><W33/><G33/><T86/><D3/><U91/><E105/><V110/><F110/><W120/><G120/><T29/><D29/><U100/><E118/><V52/><F28/><W54/><G22/><T99/><D99/><U6/><E42/><V107/><F107/><W78/><G78/><T53/><D53/><U80/><E128/><V12/><F117/><W77/><G77/><T10/><D9/><U11/><E14/><V104/><F104/><W41/><G97/><T112/><D10/><U130/><E100/><V81/><F40/><W131/><G131/><T57/><D112/><U36/><E36/><V43/><F43/><W125/><G125/><T123/><D123/><U94/><E130/><V8/><F39/><W31/><G31/><T24/><D15/><U127/><E80/><AGARI ba="0,0" hai="16,23,24,48,51,57,62,67,76,79,80,82,85,86" machi="80" ten="40,7700,0" yaku="9,1,8,1,54,1" doraHai="96" who="0" fromWho="1" sc="197,77,212,-77,373,0,218,0" /><INIT seed="4,1,0,4,5,23" ten="274,135,373,218" oya="0" hai0="65,27,87,14,46,122,52,81,28,6,24,4,134" hai1="79,21,95,107,112,35,5,30,10,60,76,129,45" hai2="118,44,113,18,108,57,22,96,61,104,132,92,64" hai3="36,71,85,88,26,7,125,115,101,63,127,86,13"/><T100/><D122/><U68/><E107/><V38/><F108/><W106/><G36/><T20/><D134/><U58/><E68/><V40/><F113/><W114/><G85/><T51/><D100/><U123/><E123/><V94/><F132/><W16/><G7/><N who="0" m="2603" /><D65/><U117/><E35/><V110/><F110/><W31/><G63/><T53/><D53/><U17/><E112/><N who="3" m="43050" /><G71/><T1/><D1/><U59/><E30/><V55/><F118/><W93/><G101/><T72/><D72/><U0/><E117/><V82/><F82/><W133/><G106/><T98/><D98/><U77/><E77/><V105/><BYE who="1" /><F94/><W56/><G56/><T11/><D11/><UN n1="%E4%B8%96%E7%95%8C%E3%81%AE%E4%BA%80%E4%BA%95" /><U74/><E129/><V25/><F64/><W90/><G90/><AGARI ba="1,0" hai="18,22,25,38,40,44,55,57,61,90,92,96,104,105" machi="90" ten="30,7700,0" yaku="7,1,25,2,52,1" doraHai="23" who="2" fromWho="3" sc="274,0,135,0,373,80,218,-80" /><INIT seed="5,0,0,0,0,102" ten="274,135,453,138" oya="1" hai0="59,43,129,119,134,124,37,13,42,16,49,95,21" hai1="85,103,65,62,100,120,63,68,108,74,81,99,130" hai2="66,98,40,90,80,79,28,9,96,29,73,82,125" hai3="127,70,121,23,44,58,87,122,89,6,86,1,94"/><U50/><E120/><V107/><F125/><W60/><G70/><T72/><D119/><U47/><E130/><V11/><F40/><W84/><G127/><T45/><D124/><U126/><E126/><V48/><F66/><W35/><G35/><T3/><D3/><U78/><E108/><V57/><F107/><W12/><G1/><T132/><D129/><U20/><E63/><V0/><F0/><W113/><G113/><T114/><D114/><U67/><E67/><V26/><F90/><W38/><G38/><T14/><D72/><U53/><E20/><V52/><F82/><W22/><G44/><T33/><D33/><U135/><E135/><N who="0" m="51753" /><D95/><U112/><E112/><V8/><REACH who="2" step="1"/><F29/><REACH who="2" ten="274,135,443,138" step="2"/><W123/><G122/><T55/><D42/><U18/><E18/><V27/><F27/><AGARI ba="0,1" hai="13,14,16,21,27,37,43,45,49,55,59" m="51753" machi="27" ten="30,2000,0" yaku="20,1,54,1" doraHai="102" who="0" fromWho="2" sc="274,30,135,0,443,-20,138,0" /><INIT seed="6,0,0,4,5,135" ten="304,135,423,138" oya="2" hai0="79,33,127,61,99,13,63,19,103,31,84,12,2" hai1="83,111,97,68,134,24,132,35,85,104,66,30,91" hai2="62,15,17,126,3,92,95,131,114,113,67,93,90" hai3="20,72,50,69,115,133,78,74,128,10,87,0,123"/><V86/><F3/><W37/><G50/><T38/><D2/><U39/><E39/><V118/><F118/><W110/><G20/><T44/><D12/><U75/><E75/><V46/><F46/><W41/><G87/><T100/><D103/><U106/><E111/><V53/><F53/><W71/><G110/><T64/><D61/><N who="1" m="40015" /><E106/><V117/><F117/><W70/><G123/><T120/><D120/><U59/><E59/><V89/><F131/><W48/><G48/><T122/><D122/><U21/><E21/><V94/><F89/><W43/><G43/><T18/><D38/><U60/><E60/><V109/><F109/><W8/><G8/><T51/><D79/><U108/><E108/><V105/><F105/><W6/><G128/><T81/><D81/><U112/><E112/><V55/><F55/><W29/><G29/><T26/><D84/><U25/><E25/><V5/><F5/><W49/><G49/><T102/><D102/><AGARI ba="0,0" hai="24,30,35,83,85,91,97,102,104,132,134" m="40015" machi="102" ten="30,1000,0" yaku="25,1" doraHai="135" who="1" fromWho="0" sc="304,-10,135,10,423,0,138,0" /><INIT seed="7,0,0,4,0,133" ten="294,145,423,138" oya="3" hai0="127,38,6,0,37,59,128,47,52,94,33,57,119" hai1="39,118,31,95,88,10,72,64,44,81,9,122,105" hai2="123,80,112,99,110,73,69,56,2,36,131,77,28" hai3="78,50,70,61,8,25,109,16,30,121,40,107,93"/><W4/><G107/><T65/><D119/><U7/><E105/><V17/><F69/><W71/><G121/><T19/><D33/><U12/><E122/><V86/><F110/><W116/><G116/><T5/><D128/><U11/><E118/><V117/><F123/><W51/><G109/><T85/><D65/><U49/><E39/><V63/><F36/><W87/><G16/><T129/><D129/><U18/><E64/><V126/><F126/><W125/><G125/><T41/><D38/><U15/><E31/><V13/><F2/><W43/><G61/><T24/><D57/><U22/><E72/><V62/><F112/><W1/><G71/><T106/><D0/><U83/><E22/><V60/><F131/><W130/><G70/><T32/><D106/><U23/><E23/><V97/><F28/><W98/><G130/><T42/><D41/><N who="1" m="24719" /><E9/><N who="2" m="6319" /><F73/><W74/><G74/><T120/><D120/><U89/><E89/><V45/><F45/><W90/><G40/><T29/><D19/><U66/><E66/><N who="2" m="39175" /><F117/><W20/><REACH who="3" step="1"/><G43/><REACH who="3" ten="294,145,423,128" step="2"/><T3/><D127/><U114/><E114/><V26/><F62/><W92/><G92/><T46/><D94/><U27/><E27/><V135/><F26/><W113/><G113/><T108/><D108/><U35/><E35/><V101/><F63/><W48/><G48/><T54/><D42/><U115/><E115/><V102/><F135/><W104/><G104/><T91/><D37/><U75/><E75/><V96/><AGARI ba="0,1" hai="77,80,86,96,97,99,101,102" m="39175,6319" machi="96" ten="30,1100,0" yaku="8,1" doraHai="133" who="2" fromWho="2" sc="294,-3,145,-3,423,21,128,-5" owari="291,9.1,142,-25.8,444,54.4,123,-37.7" /></mjloggm>