<mjloggm ver="2.3"><GO type="169" lobby="0"/><UN n0="%E7%88%86%E7%89%8C%E3%82%A6%E3%82%B7%E3%82%B8%E3%83%9E%E3%81%8F%E3%82%93" n1="%E9%B3%B4%E8%8C%B6" n2="%41%2E%53%74%61%72%73" n3="%E8%99%9A%E6%B7%B5%E7%8E%84" dan="16,16,16,17" rate="2109.94,2165.79,2032.81,2223.24" sx="M,M,M,M"/><TAIKYOKU oya="0"/><INIT seed="0,0,0,0,4,130" ten="250,250,250,250" oya="0" hai0="14,40,98,9,24,118,92,27,113,57,68,94,26" hai1="101,36,34,33,114,103,52,54,97,99,120,79,35" hai2="116,100,39,30,115,58,18,50,62,23,71,3,121" hai3="127,48,125,25,72,59,63,87,78,124,82,95,16"/><T90/><D113/><U60/><E114/><V85/><F115/><W111/><G111/><T8/><D68/><U5/><E36/><V41/><F121/><W105/><G105/><T74/><D74/><U135/><E120/><V128/><F3/><W37/><G37/><T117/><D40/><U56/><E79/><V28/><F128/><W15/><G25/><T19/><D9/><U122/><E122/><V2/><F2/><W84/><G95/><T81/><D81/><U53/><E5/><V106/><F71/><W93/><G48/><T13/><D13/><U61/><E135/><V55/><F39/><W80/><G93/><T38/><D38/><U67/><REACH who="1" step="1"/><E60/><REACH who="1" ten="250,240,250,250" step="2"/><V51/><F62/><W29/><G82/><T129/><D129/><U73/><E73/><V119/><F119/><W89/><G72/><T107/><D107/><U49/><E49/><V102/><F51/><W126/><G126/><T7/><D7/><U43/><E43/><V76/><F41/><W112/><G112/><T21/><D118/><U65/><E65/><V1/><F106/><W6/><G6/><T47/><D117/><U70/><E70/><V77/><F77/><W131/><G131/><T22/><D47/><U17/><E17/><V4/><F4/><W108/><G127/><T96/><REACH who="0" step="1"/><D57/><REACH who="0" ten="240,240,250,250" step="2"/><U12/><E12/><N who="2" m="9671" /><F116/><W44/><G125/><T45/><D45/><U32/><N who="1" m="8192" /><DORA hai="42" /><U0/><E0/><V11/><F1/><W75/><G124/><T134/><D134/><U69/><E69/><V66/><F58/><W104/><G59/><T110/><D110/><U31/><E31/><RYUUKYOKU ba="0,2" sc="240,15,240,15,250,-15,250,-15" hai0="8,14,19,21,22,24,26,27,90,92,94,96,98" hai1="52,53,54,56,61,67,97,99,101,103" /><INIT seed="0,1,2,0,0,104" ten="255,255,235,235" oya="0" hai0="16,69,106,53,78,15,46,117,21,101,133,10,96" hai1="107,85,111,77,73,33,47,120,28,11,94,13,87" hai2="57,60,105,108,71,82,83,134,119,128,89,88,84" hai3="109,102,7,79,99,14,135,98,72,122,27,116,24"/><T76/><D117/><U80/><E120/><V97/><F119/><W56/><G116/><T41/><D69/><U55/><E107/><V2/><F71/><W39/><G39/><T45/><D133/><U129/><E111/><V29/><F108/><W75/><G109/><T70/><D70/><U95/><E129/><V35/><F2/><W51/><G79/><T115/><D115/><U42/><E55/><V103/><F128/><W127/><G127/><T32/><D32/><U65/><E65/><V131/><F131/><W132/><G14/><T68/><D68/><U18/><E33/><V63/><F134/><N who="3" m="51243" /><G7/><T38/><REACH who="0" step="1"/><D10/><REACH who="0" ten="245,255,235,235" step="2"/><U61/><E28/><V100/><F29/><W125/><G125/><T5/><D5/><U124/><E124/><V74/><F35/><W25/><G122/><T43/><D43/><U23/><E11/><V34/><F34/><W90/><G90/><T59/><D59/><U130/><E130/><V64/><F89/><W36/><G102/><T66/><D66/><U9/><E9/><V121/><F121/><W30/><G30/><T49/><AGARI ba="1,3" hai="15,16,21,38,41,45,46,49,53,76,78,96,101,106" machi="49" ten="30,11700,0" yaku="1,1,0,1,54,1,53,1" doraHai="104" doraHaiUra="12" who="0" fromWho="0" sc="245,150,255,-40,235,-40,235,-40" /><INIT seed="0,2,0,3,0,68" ten="395,215,195,195" oya="0" hai0="59,6,54,105,7,115,28,17,25,56,50,117,133" hai1="45,119,85,103,120,98,132,23,21,134,20,39,8" hai2="10,121,108,48,116,71,77,81,107,123,113,79,106" hai3="27,60,104,19,131,1,102,61,124,15,87,3,88"/><T89/><D115/><U37/><E120/><V24/><F113/><W57/><G131/><T125/><D117/><U29/><E119/><V14/><F116/><W99/><G124/><T9/><D125/><U26/><E8/><V66/><F108/><W38/><G27/><T84/><D105/><U86/><E85/><V63/><F48/><W30/><G30/><T128/><D133/><N who="1" m="51307" /><E86/><V73/><F77/><W32/><G32/><T72/><D72/><U47/><E45/><V129/><F129/><W22/><G38/><N who="1" m="14346" /><E47/><V110/><F10/><W100/><G100/><T92/><D128/><U135/><N who="1" m="51315" /><U118/><DORA hai="40" /><E118/><V36/><F123/><W76/><G76/><T122/><D122/><U12/><E12/><V49/><F14/><W101/><G101/><T90/><D9/><U69/><E69/><V18/><F71/><W4/><G4/><T126/><D7/><U34/><E34/><V5/><F79/><W51/><G1/><T93/><D6/><U42/><E42/><V96/><F5/><W94/><G3/><T95/><D126/><U16/><E29/><V78/><F121/><W35/><G35/><T127/><D127/><U13/><E26/><V55/><F24/><W62/><REACH who="3" step="1"/><G51/><REACH who="3" ten="395,215,195,185" step="2"/><T11/><D28/><U67/><E67/><AGARI ba="2,1" hai="15,19,22,57,60,61,62,67,87,88,94,99,102,104" machi="67" ten="30,7700,0" yaku="1,1,2,1,7,1,54,1,53,0" doraHai="68,40" doraHaiUra="70,109" who="3" fromWho="1" sc="395,0,215,-83,195,0,185,93" /><INIT seed="1,0,0,3,4,69" ten="395,132,195,278" oya="1" hai0="120,68,133,88,107,84,17,47,108,5,51,11,53" hai1="124,16,33,43,81,2,3,35,19,118,39,89,119" hai2="44,122,78,4,46,71,114,109,42,14,128,101,77" hai3="132,45,105,93,63,70,134,110,15,86,127,36,98"/><U57/><E124/><V12/><F122/><W50/><G105/><T25/><D120/><U104/><E104/><V83/><F71/><W28/><G86/><T87/><D107/><U123/><E57/><V90/><F109/><W126/><G15/><N who="2" m="5673" /><F128/><W64/><G28/><T48/><D68/><U113/><E81/><V96/><F114/><W99/><G99/><T20/><D108/><U92/><E123/><V59/><F4/><W112/><G93/><T7/><D133/><N who="3" m="51305" /><G98/><T52/><D84/><U95/><E43/><V40/><F90/><W129/><G110/><T54/><D11/><U13/><E13/><V85/><F78/><W82/><G82/><N who="0" m="49271" /><D54/><U56/><E56/><AGARI ba="0,0" hai="5,7,17,20,25,47,48,51,52,53,56" m="49271" machi="56" ten="30,3900,0" yaku="8,1,54,2" doraHai="69" who="0" fromWho="1" sc="395,39,132,-39,195,0,278,0" /><INIT seed="2,0,0,1,0,4" ten="434,93,195,278" oya="2" hai0="83,42,25,0,77,61,71,112,52,58,88,8,30" hai1="99,21,35,60,9,92,113,80,43,63,66,106,24" hai2="85,47,101,100,75,16,41,119,56,18,95,135,128" hai3="103,55,134,68,69,10,91,64,102,104,76,121,32"/><V5/><F119/><W6/><G121/><T2/><D112/><U72/><E113/><V98/><F75/><W40/><G32/><T39/><D71/><U86/><E43/><V78/><F128/><W50/><G40/><T120/><D120/><U96/><E35/><V59/><F135/><W129/><G76/><T117/><D117/><U36/><E36/><V97/><F5/><W108/><G108/><T82/><D39/><U33/><E33/><V126/><F126/><W49/><G91/><T67/><D42/><U93/><E106/><V17/><F85/><W107/><G64/><T12/><D67/><U87/><E72/><V110/><F78/><W31/><G31/><T20/><D83/><U13/><E66/><V122/><F110/><W27/><G27/><T89/><D2/><U44/><E44/><V79/><F79/><W116/><G6/><T54/><D54/><U114/><E114/><V26/><F26/><W109/><G55/><T70/><D70/><U62/><E21/><V14/><F14/><W57/><G116/><T46/><D46/><U105/><E24/><V94/><F122/><W11/><G109/><T22/><D22/><U123/><E105/><V132/><REACH who="2" step="1"/><F132/><REACH who="2" ten="434,93,185,278" step="2"/><W38/><G134/><T29/><D0/><U111/><E111/><V19/><N who="2" m="4096" /><DORA hai="34" /><V51/><AGARI ba="0,1" hai="41,47,51,56,59,94,95,97,98,100,101" m="4096" machi="51" ten="40,18000,2" yaku="1,1,4,1,0,1,9,1,8,1,54,1,53,0" doraHai="4,34" doraHaiUra="81,3" who="2" fromWho="2" sc="434,-60,93,-60,185,190,278,-60" /><INIT seed="2,1,0,0,1,36" ten="374,33,375,218" oya="2" hai0="53,83,130,88,52,78,61,12,39,125,110,48,111" hai1="59,73,114,131,6,17,127,89,82,79,74,10,51" hai2="77,2,99,0,28,128,96,46,1,58,41,97,98" hai3="123,57,23,72,106,33,91,95,19,107,64,15,21"/><V22/><F128/><W134/><G33/><T92/><D39/><U63/><E131/><V129/><F129/><W68/><G72/><T135/><D130/><U16/><E114/><V14/><F77/><W8/><G68/><T119/><D135/><U18/><E127/><V101/><F58/><W50/><G123/><T86/><D125/><U47/><E89/><V40/><F46/><W32/><G32/><T5/><D119/><U43/><E74/><V45/><F45/><W49/><G106/><T31/><D31/><U42/><E51/><N who="3" m="19466" /><G107/><T25/><D25/><U105/><E47/><V109/><F109/><N who="0" m="41482" /><D61/><U67/><REACH who="1" step="1"/><E105/><REACH who="1" ten="374,23,375,218" step="2"/><V35/><F101/><W55/><G134/><T30/><D48/><U20/><E20/><V69/><F35/><W54/><G23/><T38/><D38/><U60/><E60/><V9/><F22/><W93/><G21/><T70/><D30/><U121/><E121/><V3/><F28/><W118/><G118/><T87/><D70/><U27/><E27/><V81/><F69/><W71/><G71/><T24/><D24/><U120/><E120/><V100/><F100/><W29/><G29/><T13/><D13/><AGARI ba="1,1" hai="6,10,13,16,17,18,42,43,59,63,67,73,79,82" machi="13" ten="40,8000,1" yaku="1,1,52,2,54,1,53,0" doraHai="36" doraHaiUra="133" who="1" fromWho="0" sc="374,-83,23,93,375,0,218,0" /><INIT seed="3,0,0,4,1,24" ten="291,116,375,218" oya="3" hai0="21,100,104,131,86,14,106,32,11,108,52,93,3" hai1="95,124,84,92,38,61,12,56,41,34,1,15,28" hai2="42,63,78,37,47,55,85,60,89,77,129,17,113" hai3="97,98,7,91,70,121,79,111,82,43,133,59,126"/><W80/><G70/><T94/><D32/><U119/><E1/><V13/><F113/><W16/><G121/><T81/><D108/><U30/><E34/><V18/><F129/><W88/><G7/><T25/><D131/><U54/><E38/><V40/><F40/><W51/><G133/><T134/><D3/><U39/><E39/><V71/><F63/><W29/><G126/><T2/><D2/><U45/><E124/><V87/><F87/><N who="3" m="48607" /><G29/><N who="1" m="11370" /><E119/><V132/><F132/><W10/><G111/><T6/><D134/><U114/><E114/><V112/><F112/><W27/><G80/><T46/><D106/><U4/><E4/><V68/><F68/><W50/><G97/><T53/><D100/><U125/><E125/><V101/><F101/><W31/><G98/><T65/><D65/><N who="1" m="39079" /><E41/><V26/><F26/><W117/><G117/><T103/><D104/><U9/><E84/><V107/><F107/><W127/><G127/><T116/><D116/><U96/><E9/><V130/><F130/><W58/><G43/><T35/><D35/><U19/><E19/><V0/><F18/><W67/><G31/><T74/><D86/><U5/><E5/><V135/><F135/><W90/><G10/><T83/><D11/><U110/><E110/><V109/><F109/><W120/><G120/><T33/><D6/><U57/><E45/><V72/><F0/><W23/><G67/><T99/><D33/><U62/><E95/><N who="2" m="54703" /><F72/><W64/><G64/><T49/><D74/><U118/><E118/><V48/><F37/><W73/><G73/><T128/><D128/><U69/><E69/><RYUUKYOKU ba="0,0" sc="291,-15,116,15,375,-15,218,15" hai1="12,15,54,57,62,92,96" hai3="16,23,27,50,51,58,59,88,90,91" /><INIT seed="3,1,0,2,1,74" ten="276,131,360,233" oya="3" hai0="19,109,44,0,5,99,34,32,41,98,69,106,101" hai1="23,50,94,3,16,118,128,17,38,124,133,135,88" hai2="59,14,127,126,83,132,112,25,48,85,12,104,27" hai3="96,119,100,103,56,6,86,63,42,7,73,58,2"/><W66/><G73/><T123/><D123/><U92/><E38/><V61/><F112/><W79/><G119/><T84/><D109/><U114/><E114/><V28/><F48/><W64/><G42/><T82/><D69/><U113/><E113/><V53/><F104/><W70/><G2/><T116/><D116/><U9/><E118/><V45/><F45/><W75/><G75/><T40/><D40/><U8/><E50/><V129/><F129/><W90/><G70/><T4/><D98/><U78/><E128/><V134/><F14/><W11/><G11/><T89/><D19/><U110/><E110/><V71/><F12/><W46/><G46/><T107/><D107/><U18/><E23/><N who="2" m="15423" /><F27/><W39/><G39/><T87/><D87/><U21/><E21/><V77/><F71/><W120/><G120/><T26/><D0/><U33/><E33/><V62/><F62/><W31/><G31/><T108/><D108/><U81/><E124/><AGARI ba="1,0" hai="53,59,61,77,83,85,124,126,127,132,134" m="15423" machi="124" ten="30,2000,0" yaku="18,1,52,1" doraHai="74" who="2" fromWho="1" sc="276,0,131,-23,360,23,233,0" /><INIT seed="4,0,0,1,4,41" ten="276,108,383,233" oya="0" hai0="0,81,93,65,8,5,68,117,115,77,29,74,11" hai1="102,105,122,76,64,35,54,95,83,25,75,17,6" hai2="91,46,130,88,71,72,112,87,2,94,104,111,61" hai3="128,67,23,89,12,116,123,9,119,4,133,62,55"/><T27/><D115/><U28/><E122/><V56/><F111/><W134/><G89/><T107/><D117/><U19/><E6/><V132/><F2/><W18/><G55/><T85/><D11/><U90/><E64/><V21/><F71/><W1/><G62/><T99/><D68/><U69/><E69/><V38/><F104/><W33/><G67/><T124/><D124/><U109/><E109/><V106/><F106/><W32/><G128/><T110/><D110/><U103/><E54/><V26/><F72/><W73/><G73/><T86/><D65/><U63/><E63/><V118/><F112/><W100/><G100/><T135/><D135/><N who="3" m="51721" /><G123/><T101/><REACH who="0" step="1"/><D107/><REACH who="0" ten="266,108,383,233" step="2"/><U50/><E105/><V131/><F132/><W120/><G120/><T127/><D127/><U14/><E102/><V39/><F118/><AGARI ba="0,1" hai="1,4,9,12,18,23,32,33,116,118,119" m="51721" machi="118" ten="30,3900,0" yaku="20,1,34,2" doraHai="41" who="3" fromWho="2" sc="266,0,108,0,383,-39,233,49" /><INIT seed="5,0,0,5,5,116" ten="266,108,344,282" oya="1" hai0="44,118,5,39,33,9,72,12,55,41,40,0,71" hai1="59,65,92,95,26,75,29,97,21,100,52,79,114" hai2="4,113,119,7,128,86,8,17,63,91,14,89,106" hai3="34,125,66,48,58,105,25,73,2,56,57,117,80"/><U49/><E114/><V122/><F122/><W135/><G2/><T83/><D118/><U36/><E36/><V38/><F119/><W47/><G105/><T130/><D130/><U77/><E75/><V123/><F123/><W132/><G117/><T76/><D41/><U27/><E65/><V1/><F38/><W134/><G80/><T133/><D133/><U126/><E126/><V78/><F106/><W111/><G73/><T64/><D55/><U61/><E92/><V62/><F128/><W22/><G34/><T107/><D12/><U109/><E109/><V10/><F113/><W115/><G115/><T101/><D33/><U3/><E3/><V6/><F78/><W120/><G111/><T131/><D131/><U112/><E112/><V85/><F1/><W42/><G125/><T16/><D16/><U90/><E100/><V51/><F51/><W13/><G13/><T104/><D101/><U53/><REACH who="1" step="1"/><E27/><REACH who="1" ten="266,98,344,282" step="2"/><V87/><F10/><W99/><G66/><T108/><D108/><U98/><E98/><V96/><F96/><W84/><G99/><T23/><D23/><U70/><E70/><V121/><F121/><W11/><G120/><T129/><D129/><U19/><E19/><V88/><AGARI ba="0,1" hai="4,6,7,8,14,17,62,63,85,86,87,88,89,91" machi="88" ten="40,8000,1" yaku="0,1,29,2,8,1,54,1" doraHai="116" who="2" fromWho="2" sc="266,-20,98,-40,344,90,282,-20" /><INIT seed="6,0,0,5,5,6" ten="246,58,434,262" oya="2" hai0="93,31,92,114,41,101,103,104,110,44,1,87,7" hai1="94,118,46,95,9,60,27,108,15,40,11,135,19" hai2="70,107,12,123,130,121,10,83,73,124,82,77,128" hai3="98,88,36,30,51,38,102,78,64,42,129,122,29"/><V56/><F70/><W58/><G122/><T86/><D110/><U2/><E135/><V22/><F107/><W39/><G78/><T25/><D114/><U17/><E108/><V80/><F124/><W21/><G129/><N who="2" m="49769" /><F22/><W47/><G21/><T43/><D104/><U69/><E118/><V126/><F126/><W81/><G64/><T23/><D1/><U35/><E2/><V90/><F56/><W37/><G58/><T48/><D7/><U100/><E100/><N who="0" m="38473" /><D41/><U62/><E69/><V61/><F61/><W85/><N who="3" m="9216" /><DORA hai="52" /><W79/><REACH who="3" step="1"/><G79/><REACH who="3" ten="246,58,434,252" step="2"/><T111/><D111/><U16/><E35/><V76/><F76/><W49/><G49/><T67/><D67/><U99/><E27/><V75/><F77/><W33/><G33/><T24/><D24/><U18/><E11/><V0/><F123/><W105/><AGARI ba="0,1" hai="29,30,42,47,51,81,85,88,98,102,105" m="9216" machi="105" ten="60,7900,0" yaku="1,1,0,1,54,1,53,0" doraHai="6,52" doraHaiUra="34,113" who="3" fromWho="3" sc="246,-20,58,-20,434,-39,252,89" /><INIT seed="7,0,0,5,1,129" ten="226,38,395,341" oya="3" hai0="109,20,98,16,52,117,66,115,23,130,110,62,13" hai1="134,26,7,126,103,124,27,57,68,125,85,46,61" hai2="8,121,22,30,43,104,36,42,3,76,9,1,111" hai3="84,133,49,59,10,108,63,73,48,89,39,128,132"/><W35/><G128/><T94/><D130/><U96/><E7/><V112/><F111/><W45/><G73/><T14/><D117/><U40/><E85/><V105/><F76/><W86/><G35/><T99/><D115/><U74/><E74/><V114/><F22/><W71/><G108/><T41/><D41/><N who="2" m="15370" /><F30/><W75/><G75/><T11/><D98/><U29/><E27/><V92/><F92/><W18/><G71/><T67/><D109/><U87/><E87/><V58/><F58/><W77/><G39/><T91/><D110/><U19/><E19/><V17/><F17/><W15/><G45/><T50/><D62/><U32/><E57/><V90/><F90/><W56/><G56/><T28/><D23/><U38/><E96/><V106/><F36/><W82/><G49/><T24/><REACH who="0" step="1"/><D14/><REACH who="0" ten="216,38,395,341" step="2"/><U102/><E103/><V81/><F114/><W122/><G48/><T47/><AGARI ba="0,1" hai="11,13,16,20,24,28,47,50,52,66,67,91,94,99" machi="47" ten="20,12000,2" yaku="1,1,2,1,0,1,7,1,8,1,54,2,53,0" doraHai="129" doraHaiUra="69" who="0" fromWho="0" sc="216,130,38,-30,395,-30,341,-60" owari="346,14.6,8,-49.2,365,46.5,281,-11.9" /></mjloggm>