<mjloggm ver="2.3"><GO type="169" lobby="0"/><UN n0="%E4%BA%9C%E6%9C%88" n1="%E3%80%8E%E3%83%A8%E3%82%B9%E3%82%AC%E3%83%8E%E3%82%BD%E3%83%A9%E3%80%8F" n2="%E2%97%8E%E3%82%88%E3%81%97%E2%97%8E" n3="%E3%83%87%E3%83%A9%E3%82%B3%E3%83%83%E3%82%B3" dan="17,17,17,16" rate="2197.84,2155.75,2164.71,2135.31" sx="M,M,M,M"/><TAIKYOKU oya="0"/><INIT seed="0,0,0,4,5,88" ten="250,250,250,250" oya="0" hai0="117,16,87,21,94,55,78,54,42,11,34,75,8" hai1="13,24,123,85,93,59,48,2,62,119,60,110,125" hai2="74,131,4,91,81,25,105,31,92,77,121,3,103" hai3="86,90,61,114,63,26,83,127,98,52,95,73,22"/><T112/><D112/><U14/><E119/><V109/><F121/><W101/><G127/><T82/><D117/><U84/><E123/><V122/><F122/><W129/><G129/><T65/><D34/><U36/><E36/><V46/><F131/><W10/><G114/><T50/><D65/><U126/><E2/><V135/><F109/><W80/><G10/><T43/><D75/><U9/><E110/><V113/><F135/><W76/><REACH who="3" step="1"/><G52/><REACH who="3" ten="250,250,250,240" step="2"/><N who="0" m="20011" /><D43/><U58/><E9/><V70/><F113/><W5/><G5/><T133/><D133/><U107/><E126/><V1/><F4/><W72/><G72/><T17/><D8/><U118/><E125/><V128/><F128/><W68/><G68/><T56/><D11/><U27/><E118/><V99/><F70/><W44/><G44/><N who="0" m="25879" /><D56/><U104/><REACH who="1" step="1"/><E48/><REACH who="1" ten="250,240,250,240" step="2"/><V106/><F46/><W100/><G100/><T120/><D120/><U69/><E69/><V132/><F132/><W23/><G23/><T20/><D21/><U39/><E39/><V18/><F103/><W30/><AGARI ba="0,2" hai="22,26,30,61,63,73,76,80,83,86,90,95,98,101" machi="30" ten="20,8000,1" yaku="1,1,0,1,7,1,52,1,53,1" doraHai="88" doraHaiUra="97" who="3" fromWho="3" sc="250,-40,240,-20,250,-20,240,100" /><INIT seed="1,0,0,3,1,59" ten="210,220,230,340" oya="1" hai0="111,130,97,81,77,12,4,42,64,78,67,135,104" hai1="96,79,50,75,8,52,35,30,102,39,44,57,45" hai2="36,61,58,34,0,38,46,54,31,108,99,7,9" hai3="103,87,91,118,6,48,119,13,133,95,109,100,85"/><U132/><E132/><V68/><F108/><W110/><G48/><T134/><D111/><N who="3" m="42505" /><G13/><T128/><D42/><U1/><E39/><V21/><F34/><W116/><G6/><T22/><D4/><U5/><E75/><V113/><F113/><W92/><G133/><N who="0" m="50699" /><D12/><U24/><REACH who="1" step="1"/><E79/><REACH who="1" ten="210,210,230,340" step="2"/><V114/><F38/><W74/><G74/><T117/><D78/><U69/><E69/><V66/><F114/><W86/><G95/><AGARI ba="0,1" hai="1,5,8,24,30,35,44,45,50,52,57,95,96,102" machi="95" ten="30,5800,0" yaku="1,1,7,1,54,1,53,0" doraHai="59" doraHaiUra="125" who="1" fromWho="3" sc="210,0,210,68,230,0,340,-58" /><INIT seed="1,1,0,2,0,30" ten="210,278,230,282" oya="1" hai0="6,44,18,33,66,13,77,85,84,65,78,46,127" hai1="83,51,82,69,112,102,130,23,109,14,97,92,5" hai2="98,89,100,113,52,26,57,11,20,63,42,94,88" hai3="25,122,132,34,3,123,61,45,91,104,117,81,125"/><U133/><E112/><V28/><F113/><W37/><G3/><T116/><D116/><U15/><E69/><V70/><F70/><W43/><G104/><T68/><D68/><U96/><E133/><V119/><F119/><W135/><G117/><T73/><D73/><U36/><E36/><V120/><F120/><W40/><G40/><T86/><D127/><U16/><E130/><V111/><F111/><W134/><G61/><T58/><D6/><U4/><E109/><V124/><F124/><W114/><G114/><T103/><D103/><U35/><E35/><V90/><F42/><W118/><G118/><T31/><D31/><U48/><E97/><V74/><F74/><W72/><G125/><T22/><D33/><U101/><E101/><V1/><F1/><W93/><G25/><T87/><N who="0" m="21504" /><DORA hai="17" /><T41/><D58/><U56/><E4/><V55/><F11/><W27/><G27/><T106/><D106/><U95/><E92/><V131/><F131/><W128/><G34/><T7/><D7/><U79/><E56/><V67/><AGARI ba="1,0" hai="20,26,28,52,55,57,63,67,88,89,90,94,98,100" machi="67" ten="30,12000,2" yaku="0,1,25,2,8,1,52,1,54,2" doraHai="30,17" who="2" fromWho="2" sc="210,-31,278,-61,230,123,282,-31" /><INIT seed="2,0,0,1,2,40" ten="179,217,353,251" oya="2" hai0="32,35,14,68,109,50,27,39,58,47,23,97,69" hai1="37,129,18,71,72,90,86,21,78,11,8,4,55" hai2="82,132,31,135,76,105,123,49,3,28,16,13,122" hai3="30,87,85,70,115,84,22,17,83,64,34,2,51"/><V43/><F3/><W95/><G115/><T42/><D109/><U7/><E71/><V103/><F103/><W117/><G117/><T0/><D0/><U104/><E104/><V5/><F5/><W20/><G2/><T44/><D58/><U41/><E129/><V100/><F100/><W77/><G34/><T57/><D57/><U10/><E72/><V102/><F102/><W48/><G64/><T74/><D74/><U59/><E78/><V9/><F105/><W93/><G70/><T75/><D75/><U79/><E79/><V114/><F114/><W56/><G83/><T124/><D124/><U92/><E41/><V111/><F111/><W19/><G77/><T12/><D97/><U101/><E37/><V73/><F49/><N who="3" m="19019" /><G56/><T108/><D108/><U66/><E66/><V81/><F43/><W46/><G46/><T60/><D69/><U65/><E65/><V6/><F82/><W130/><G30/><N who="2" m="11305" /><F6/><W63/><G63/><T125/><D125/><U45/><E101/><V134/><AGARI ba="0,0" hai="9,13,16,73,76,81,122,123,132,134,135" m="11305" machi="134" ten="40,3900,0" yaku="20,1,54,1" doraHai="40" who="2" fromWho="2" sc="179,-13,217,-13,353,39,251,-13" /><INIT seed="2,1,0,3,4,76" ten="166,204,392,238" oya="2" hai0="11,65,37,121,75,25,71,94,42,113,102,53,46" hai1="81,95,114,70,89,131,118,47,133,80,130,79,74" hai2="23,57,90,85,83,12,67,110,6,22,124,64,99" hai3="48,93,134,125,116,15,36,19,87,120,3,35,5"/><V32/><F32/><W129/><G116/><T63/><D121/><U52/><E118/><V4/><F124/><W16/><G120/><T86/><D113/><U73/><E114/><V78/><F110/><W82/><G36/><T112/><D112/><U96/><E70/><V61/><F64/><W8/><G35/><T77/><D75/><U59/><E47/><V40/><F40/><W34/><G34/><T9/><D25/><U117/><E117/><V88/><F99/><W109/><G109/><T108/><D108/><U0/><E0/><V58/><F57/><W7/><G125/><T49/><D102/><U111/><E133/><V60/><F61/><W103/><G129/><N who="1" m="49162" /><E111/><V10/><F6/><W14/><G3/><T21/><D21/><AGARI ba="1,0" hai="4,10,12,21,22,23,58,60,67,78,83,85,88,90" machi="21" ten="40,7700,0" yaku="8,1,52,1,54,1" doraHai="76" who="2" fromWho="0" sc="166,-80,204,0,392,80,238,0" /><INIT seed="2,2,0,4,0,76" ten="86,204,472,238" oya="2" hai0="13,27,25,128,122,30,71,98,96,124,95,33,21" hai1="47,80,86,60,15,45,116,130,78,43,20,132,101" hai2="90,121,42,10,48,22,99,105,109,120,50,83,127" hai3="49,135,74,97,9,107,106,6,46,82,28,7,32"/><V26/><F127/><W126/><G126/><T69/><D122/><U92/><E116/><V61/><F105/><W89/><G135/><T57/><D124/><U8/><E132/><V34/><F34/><W39/><G39/><T75/><D75/><U111/><E111/><V85/><F109/><W64/><G64/><T44/><D128/><U68/><E130/><V118/><F118/><W113/><G113/><T87/><D13/><U129/><E129/><V5/><F61/><W52/><G7/><T88/><D44/><U37/><E20/><V65/><F65/><W112/><G112/><T123/><D123/><U31/><E31/><V11/><F11/><W3/><G97/><T77/><D57/><U24/><E24/><V16/><F99/><W62/><G62/><T54/><D54/><U41/><E60/><V67/><F67/><W18/><G18/><T40/><D40/><U93/><E101/><V1/><REACH who="2" step="1"/><F50/><REACH who="2" ten="86,204,462,238" step="2"/><W125/><G125/><T56/><D98/><U133/><E133/><V119/><F119/><W70/><G107/><T63/><D96/><U51/><REACH who="1" step="1"/><E68/><REACH who="1" ten="86,194,462,238" step="2"/><V55/><F55/><W2/><G70/><T0/><D71/><U117/><E117/><V94/><F94/><W73/><G52/><T4/><D69/><U100/><E100/><V110/><F110/><W114/><G114/><T17/><D63/><U104/><E104/><V102/><F102/><W103/><G103/><T19/><D95/><U131/><E131/><V134/><F134/><W14/><G106/><T35/><D35/><U115/><E115/><V79/><F79/><W53/><G53/><RYUUKYOKU ba="2,2" sc="86,-15,194,15,462,15,238,-15" hai1="8,15,37,41,43,45,47,51,78,80,86,92,93" hai2="1,5,10,16,22,26,42,48,83,85,90,120,121" /><INIT seed="2,3,2,0,3,71" ten="71,209,477,223" oya="2" hai0="124,66,4,119,59,17,82,64,20,84,16,62,97" hai1="22,33,115,15,63,68,83,125,135,132,13,7,120" hai2="110,35,130,108,81,86,42,28,60,88,56,31,99" hai3="45,122,14,36,34,40,74,123,92,127,100,126,85"/><V49/><F130/><W114/><G74/><T46/><D124/><N who="3" m="47657" /><G34/><T3/><D119/><U90/><E115/><V91/><F35/><W76/><G114/><T104/><D66/><N who="1" m="41055" /><E125/><V79/><F42/><W51/><G14/><T78/><D46/><U70/><E70/><V80/><F49/><W5/><G5/><T117/><D117/><U128/><E33/><V37/><F37/><W95/><G51/><T0/><D4/><U12/><E128/><V1/><F1/><W134/><G134/><N who="1" m="51242" /><E120/><V87/><F79/><W32/><G32/><T18/><REACH who="0" step="1"/><D20/><REACH who="0" ten="61,209,477,223" step="2"/><U57/><E7/><V121/><F121/><W38/><G123/><T8/><D8/><U109/><E22/><V48/><F110/><W2/><G122/><T118/><D118/><U101/><E109/><V11/><F108/><W107/><G45/><T75/><D75/><U102/><E57/><V23/><F11/><W111/><G111/><T54/><D54/><U93/><E83/><V29/><F23/><W98/><G40/><T9/><D9/><U89/><E89/><V58/><F58/><W55/><G55/><T47/><D47/><U41/><E41/><V96/><F48/><W69/><G69/><T65/><D65/><AGARI ba="3,3" hai="28,29,31,56,60,65,80,81,86,87,88,91,96,99" machi="65" ten="40,7700,0" yaku="9,1,8,1,54,1" doraHai="71" who="2" fromWho="0" sc="61,-86,209,0,477,116,223,0" owari="-25,-52.5,209,-19.1,593,69.3,223,2.3" /></mjloggm>