<mjloggm ver="2.3"><GO type="169" lobby="0"/><UN n0="%41%72%69%61" n1="%E3%82%8F%E3%81%98" n2="%E9%81%8B%E3%81%A7%E5%8B%9D%E3%81%A4" n3="%E3%81%93%E3%81%9A" dan="16,16,16,17" rate="2156.31,2128.27,2109.89,2231.39" sx="F,M,M,M"/><TAIKYOKU oya="0"/><INIT seed="0,0,0,5,2,98" ten="250,250,250,250" oya="0" hai0="25,107,23,71,63,70,116,80,39,7,76,38,135" hai1="50,78,112,122,101,8,42,83,100,130,15,33,67" hai2="52,106,85,125,84,14,11,118,12,66,88,1,113" hai3="54,119,126,93,9,127,20,22,29,77,74,49,28"/><T2/><D116/><U36/><E122/><V72/><F113/><W60/><G119/><T133/><D107/><U3/><E33/><V111/><F72/><W96/><G60/><T21/><D7/><U91/><E36/><N who="0" m="13865" /><D2/><U90/><E3/><V19/><F1/><W92/><G9/><T55/><D21/><N who="3" m="8297" /><G77/><T47/><D80/><U43/><E67/><V45/><F111/><W95/><G74/><T31/><D76/><U5/><E112/><V32/><F125/><N who="3" m="47627" /><G96/><T117/><D117/><U97/><E130/><V24/><F118/><W86/><G86/><T30/><D30/><N who="3" m="11881" /><G49/><N who="0" m="29119" /><D63/><U109/><E97/><V132/><F106/><W81/><G54/><T69/><D23/><U53/><E109/><V18/><F32/><W27/><G81/><T13/><D13/><U108/><E108/><V51/><F85/><W115/><G115/><T75/><D75/><U79/><E79/><V61/><F24/><AGARI ba="0,0" hai="24,27,92,93,95" m="11881,47627,8297" machi="24" ten="40,5200,0" yaku="28,2,18,1" doraHai="98" who="3" fromWho="2" sc="250,0,250,0,250,-52,250,52" /><INIT seed="1,0,0,5,2,36" ten="250,250,198,302" oya="1" hai0="96,78,63,68,60,44,7,6,133,110,20,108,10" hai1="55,9,109,88,67,39,27,75,24,86,123,83,79" hai2="115,58,82,125,134,28,69,105,18,17,1,72,106" hai3="70,121,42,34,80,51,119,132,112,5,73,22,52"/><U8/><E123/><V40/><F69/><W113/><G34/><T35/><D35/><U25/><E67/><V103/><F28/><W21/><G70/><T131/><D78/><U94/><E39/><V111/><F1/><W99/><G121/><T2/><D68/><U19/><E109/><V97/><F106/><W117/><G5/><T43/><D133/><U114/><E114/><N who="3" m="44138" /><G99/><T31/><D7/><U93/><E19/><V130/><F115/><W56/><G132/><T13/><D131/><U100/><REACH who="1" step="1"/><E55/><REACH who="1" ten="250,240,198,302" step="2"/><V12/><F111/><W57/><G117/><T30/><D110/><U122/><E122/><V104/><F134/><W49/><G119/><T33/><D108/><U98/><AGARI ba="0,1" hai="8,9,24,25,27,75,79,83,86,88,93,94,98,100" machi="98" ten="30,11700,0" yaku="1,1,0,1,54,1,53,1" doraHai="36" doraHaiUra="81" who="1" fromWho="1" sc="250,-39,240,127,198,-39,302,-39" /><INIT seed="1,1,0,3,5,47" ten="211,367,159,263" oya="1" hai0="77,58,129,85,102,125,79,30,1,55,69,19,11" hai1="72,7,124,25,103,31,81,92,80,6,117,20,24" hai2="67,29,97,127,88,131,18,90,132,40,8,93,99" hai3="123,74,106,120,60,51,22,109,70,36,54,34,64"/><U12/><E117/><V95/><F131/><W82/><G34/><T68/><D129/><U91/><E124/><V45/><F127/><W119/><G106/><T52/><D125/><U126/><E126/><V63/><F132/><W33/><G33/><T104/><D30/><U28/><E103/><V9/><F29/><W23/><G23/><T76/><D85/><U2/><E2/><V15/><F63/><W39/><G22/><T14/><D1/><U5/><E12/><V121/><F67/><W0/><G0/><T78/><N who="0" m="19456" /><DORA hai="115" /><T110/><D110/><U87/><REACH who="1" step="1"/><E72/><REACH who="1" ten="211,357,159,263" step="2"/><V86/><F121/><W118/><G74/><T62/><REACH who="0" step="1"/><D55/><REACH who="0" ten="201,357,159,263" step="2"/><U4/><N who="1" m="1024" /><DORA hai="26" /><U17/><E17/><V108/><F108/><W134/><G109/><T71/><D71/><U10/><E10/><V50/><REACH who="2" step="1"/><F8/><REACH who="2" ten="201,357,149,263" step="2"/><W43/><G134/><T135/><D135/><U84/><E84/><AGARI ba="1,3" hai="9,15,18,40,45,50,84,86,88,90,93,95,97,99" machi="84" ten="30,16000,3" yaku="1,1,2,1,7,1,9,1,8,1,52,1,54,1,53,3" doraHai="47,115,26" doraHaiUra="42,83,98" who="2" fromWho="1" sc="201,0,357,-163,149,193,263,0" /><INIT seed="2,0,0,0,0,118" ten="201,194,342,263" oya="2" hai0="0,101,51,96,48,32,21,86,114,84,117,133,99" hai1="88,31,52,55,115,37,128,71,53,111,15,123,130" hai2="59,105,65,107,113,2,103,41,6,1,7,73,93" hai3="81,78,43,76,49,134,30,129,125,13,9,89,127"/><V122/><F73/><W69/><G69/><T64/><D32/><U102/><E115/><V67/><F113/><W38/><G38/><T77/><D0/><U12/><E111/><V47/><F93/><W60/><G30/><T104/><D114/><U34/><E102/><V121/><F59/><W50/><G60/><T100/><D117/><U120/><E37/><V8/><F103/><W92/><G134/><T91/><D133/><U132/><E71/><V74/><F74/><W87/><G129/><N who="1" m="49770" /><E132/><V56/><F56/><W75/><G78/><T106/><D64/><U62/><E62/><V44/><F8/><W68/><G68/><T27/><D77/><U95/><E31/><V83/><REACH who="2" step="1"/><F41/><REACH who="2" ten="201,194,332,263" step="2"/><W25/><G43/><T57/><D57/><U112/><E112/><V35/><F35/><W126/><REACH who="3" step="1"/><G25/><REACH who="3" ten="201,194,332,253" step="2"/><T42/><D42/><U94/><E34/><V4/><F4/><AGARI ba="0,2" hai="4,9,13,49,50,75,76,81,87,89,92,125,126,127" machi="4" ten="40,8000,1" yaku="1,1,2,1,18,1,53,1" doraHai="118" doraHaiUra="10" who="3" fromWho="2" sc="201,0,194,0,332,-80,253,100" /><INIT seed="3,0,0,5,3,29" ten="201,194,252,353" oya="3" hai0="123,47,20,124,31,95,115,118,131,75,17,61,114" hai1="94,33,62,73,113,18,37,50,126,71,40,45,129" hai2="27,15,32,105,30,11,8,86,56,44,84,110,63" hai3="35,106,109,88,22,36,42,0,133,111,98,67,58"/><W89/><G0/><T100/><D75/><U90/><E113/><N who="0" m="43017" /><D100/><U68/><E73/><V76/><F105/><W117/><G117/><T65/><D95/><U5/><E126/><V7/><F110/><N who="3" m="41995" /><G133/><T97/><D97/><U112/><E112/><V19/><F76/><W34/><G22/><T48/><D31/><U85/><E129/><V13/><REACH who="2" step="1"/><F44/><REACH who="2" ten="201,194,242,353" step="2"/><N who="3" m="23623" /><G106/><T108/><D47/><U92/><E45/><V119/><F119/><W79/><G79/><T28/><D118/><U102/><E37/><V87/><F87/><W69/><G69/><T16/><D108/><U52/><E71/><V64/><AGARI ba="0,1" hai="7,8,11,13,15,19,27,30,32,56,63,64,84,86" machi="64" ten="20,5200,0" yaku="1,1,0,1,7,1,52,1,53,0" doraHai="29" doraHaiUra="43" who="2" fromWho="2" sc="201,-13,194,-13,242,62,353,-26" /><INIT seed="4,0,0,3,0,10" ten="188,181,304,327" oya="0" hai0="119,71,75,4,33,106,46,89,0,95,21,133,52" hai1="62,130,51,103,127,17,38,25,82,122,74,22,123" hai2="117,104,55,41,132,53,84,59,83,109,88,54,114" hai3="120,16,108,66,121,124,86,57,129,18,13,93,28"/><T42/><D106/><U72/><E38/><V3/><F109/><W29/><G108/><T131/><D33/><U125/><E130/><V76/><F3/><W2/><G2/><T24/><D119/><U39/><E39/><V60/><F117/><W23/><G124/><N who="1" m="47690" /><E103/><V63/><F114/><W11/><G129/><T50/><D131/><U101/><E101/><V5/><F132/><W45/><G45/><T27/><D133/><U126/><N who="1" m="47698" /><U32/><DORA hai="34" /><E32/><V90/><F104/><W115/><G115/><T87/><D75/><N who="1" m="28715" /><E82/><V69/><F41/><W70/><G70/><T68/><D42/><U73/><N who="1" m="28723" /><U99/><DORA hai="19" /><E99/><V80/><F80/><W44/><G44/><T64/><D64/><U35/><E35/><V49/><F69/><W61/><G86/><T92/><D92/><U96/><E96/><V128/><F128/><W113/><G93/><T78/><D78/><U7/><E7/><V9/><F76/><W40/><G40/><T112/><D112/><U36/><E36/><V67/><F90/><W118/><G118/><T116/><D116/><U105/><E105/><V6/><F6/><W81/><G81/><T111/><D111/><U31/><E31/><V14/><F67/><W48/><G113/><T102/><D102/><U30/><E30/><V107/><F107/><W12/><G48/><T110/><D110/><U37/><E37/><V79/><F79/><W65/><G65/><T98/><D98/><U85/><E85/><V91/><F91/><W15/><G29/><T94/><D87/><U8/><E51/><V58/><F49/><RYUUKYOKU ba="0,0" sc="188,-10,181,-10,304,30,327,-10" hai2="5,9,14,53,54,55,58,59,60,63,83,84,88" /><INIT seed="5,1,0,4,3,40" ten="178,171,334,317" oya="1" hai0="0,46,114,60,83,127,37,124,135,62,39,9,71" hai1="64,70,50,120,78,134,112,1,74,42,113,128,65" hai2="15,35,91,23,54,121,28,48,34,119,44,111,45" hai3="63,53,92,68,89,4,73,11,56,96,52,7,116"/><U72/><E1/><V109/><F119/><W85/><G116/><T75/><D114/><N who="1" m="44139" /><E78/><V57/><F121/><W59/><G68/><T8/><D135/><U93/><E120/><V103/><F103/><W97/><G73/><N who="1" m="28266" /><E70/><V17/><F91/><W12/><REACH who="3" step="1"/><G4/><REACH who="3" ten="178,171,334,307" step="2"/><T47/><D71/><U105/><E134/><V5/><F5/><W94/><G94/><T6/><D75/><U100/><E105/><V125/><F125/><W129/><G129/><T126/><D83/><U76/><E128/><V79/><F111/><W55/><G55/><T82/><D82/><U77/><E65/><V106/><F106/><W32/><G32/><T61/><REACH who="0" step="1"/><D9/><REACH who="0" ten="168,171,334,307" step="2"/><U2/><E64/><V102/><F109/><W3/><G3/><T13/><D13/><U51/><E2/><V110/><F110/><W87/><G87/><T41/><D41/><U88/><E42/><V90/><F15/><W66/><G66/><T67/><D67/><U24/><E24/><V18/><F54/><W99/><G99/><T14/><D14/><U81/><E81/><V84/><F84/><W115/><G115/><T117/><D117/><U118/><E118/><V25/><F25/><W30/><G30/><T22/><D22/><U31/><E31/><V43/><F28/><W80/><G80/><T58/><D58/><U123/><E123/><V69/><F57/><W33/><G33/><T29/><D29/><U16/><E77/><V38/><F79/><W107/><G107/><T98/><D98/><N who="1" m="59471" /><E76/><V122/><F122/><W132/><G132/><T26/><D26/><U131/><E131/><V36/><F34/><RYUUKYOKU ba="1,2" sc="168,15,171,-15,334,-15,307,15" hai0="0,6,8,37,39,46,47,60,61,62,124,126,127" hai3="7,11,12,52,53,56,59,63,85,89,92,96,97" /><INIT seed="6,2,2,1,4,103" ten="183,156,319,322" oya="2" hai0="108,48,100,49,60,112,84,56,64,31,27,53,67" hai1="33,95,134,122,86,47,123,131,119,9,25,69,96" hai2="89,45,85,76,40,113,10,133,11,57,82,130,17" hai3="7,54,81,24,2,29,104,37,8,121,41,30,128"/><V55/><F113/><W6/><G121/><N who="1" m="46090" /><E119/><V120/><F120/><W39/><G128/><T118/><D108/><U38/><E69/><V52/><F130/><W12/><G104/><T51/><D112/><U109/><E131/><V75/><F133/><W23/><G41/><T93/><D118/><U68/><E68/><V71/><F71/><W129/><G129/><T36/><D36/><U127/><E109/><V46/><F55/><W83/><G54/><T78/><D100/><U107/><E107/><V73/><F73/><W110/><G110/><T92/><D92/><U66/><E66/><V114/><F114/><W135/><G135/><T125/><D125/><U105/><E105/><V111/><F111/><W14/><G2/><T15/><D15/><U126/><E86/><V65/><F65/><W79/><G30/><T70/><D70/><U132/><E9/><V4/><F17/><W19/><G6/><T63/><D63/><U90/><E134/><V74/><F10/><W115/><G115/><T22/><D93/><U101/><E101/><V124/><F75/><W44/><G83/><AGARI ba="2,2" hai="22,27,31,48,49,51,53,56,60,64,67,78,83,84" machi="83" ten="40,1300,0" yaku="8,1" doraHai="103" who="0" fromWho="3" sc="183,39,156,0,319,0,322,-19" /><INIT seed="7,0,0,0,2,62" ten="222,156,319,303" oya="3" hai0="116,1,51,5,0,75,115,64,128,2,16,122,68" hai1="52,131,42,19,110,60,130,125,22,94,83,50,57" hai2="53,69,88,24,56,45,120,123,105,59,107,47,35" hai3="21,124,80,101,7,126,10,49,129,17,54,55,38"/><W121/><G121/><N who="2" m="46665" /><F69/><W15/><G38/><T84/><D75/><U37/><E110/><V12/><F12/><W99/><G80/><T23/><D116/><U13/><E125/><N who="3" m="48234" /><G129/><T96/><D128/><U132/><E132/><V48/><F88/><W78/><G78/><T3/><D51/><U102/><E37/><V100/><F100/><W4/><G49/><T89/><D96/><U97/><E131/><V106/><F47/><W92/><G4/><T43/><D43/><U46/><E130/><V39/><F39/><W95/><G95/><T133/><D122/><U61/><E61/><V36/><F36/><W134/><G134/><T8/><D115/><U135/><E135/><V127/><F127/><W112/><G112/><T70/><D70/><U40/><REACH who="1" step="1"/><E83/><REACH who="1" ten="222,146,319,303" step="2"/><V31/><AGARI ba="0,1" hai="24,31,35,45,48,53,56,59,105,106,107" m="46665" machi="31" ten="40,1500,0" yaku="13,1" doraHai="62" who="2" fromWho="2" sc="222,-4,146,-4,319,25,303,-7" owari="218,-18.2,142,-35.8,344,44.4,296,9.6" /></mjloggm>