<mjloggm ver="2.3"><GO type="169" lobby="0"/><UN n0="%E6%99%AE%E9%80%9A%E6%89%8B" n1="%73%61%69%63%68%61%6E%7A" n2="%4A%4B%E3%81%97%E3%82%8D%E3%81%BE%E3%82%8B" n3="%E5%AE%8C%E5%85%A8%E5%AE%89%E7%89%8C" dan="16,17,16,18" rate="2096.63,2178.97,2130.27,2297.77" sx="M,M,F,M"/><TAIKYOKU oya="0"/><INIT seed="0,0,0,1,0,118" ten="250,250,250,250" oya="0" hai0="6,81,13,97,31,16,71,131,129,64,35,109,111" hai1="10,68,108,85,106,127,99,114,45,100,14,55,67" hai2="11,7,26,77,91,47,65,116,134,56,95,48,51" hai3="1,29,101,33,70,32,120,50,125,130,21,75,115"/><T17/><D6/><U86/><E108/><N who="0" m="41545" /><D81/><U9/><E114/><V36/><F134/><W69/><G75/><T135/><D135/><U38/><E127/><V27/><F36/><W82/><G1/><T90/><D13/><U83/><E67/><V18/><F77/><W41/><G82/><T78/><D78/><U132/><E68/><V88/><F91/><W44/><G70/><T53/><D53/><U39/><E132/><V94/><F27/><W25/><G69/><T58/><D71/><U5/><E10/><V37/><F26/><W60/><G25/><N who="0" m="18927" /><D58/><U92/><E106/><V62/><F18/><N who="0" m="7274" /><D64/><U19/><E5/><V42/><F116/><W46/><G60/><T107/><D90/><U87/><REACH who="1" step="1"/><E83/><REACH who="1" ten="250,240,250,250" step="2"/><V93/><REACH who="2" step="1"/><F88/><REACH who="2" ten="250,240,240,250" step="2"/><W59/><G125/><T98/><D107/><U89/><E89/><V112/><F112/><W28/><G115/><T124/><D124/><U80/><E80/><V119/><F119/><W123/><G32/><T96/><AGARI ba="0,2" hai="96,97,98,129,131" m="7274,18927,41545" machi="96" ten="40,7800,0" yaku="14,1,10,1,54,1" doraHai="118" who="0" fromWho="0" sc="250,98,240,-26,240,-26,250,-26" /><INIT seed="0,1,0,4,2,29" ten="348,214,214,224" oya="0" hai0="1,122,110,13,35,78,125,66,67,131,0,77,129" hai1="9,25,121,23,107,50,2,52,84,65,101,115,72" hai2="51,111,7,123,100,105,81,42,114,20,43,41,32" hai3="94,26,135,54,120,126,22,59,124,3,17,31,15"/><T79/><D122/><U14/><E72/><V11/><F114/><W60/><G135/><T132/><D132/><U24/><E121/><V45/><F111/><W83/><G120/><T73/><D73/><U34/><E115/><V117/><F117/><W75/><G3/><T74/><D74/><U130/><E130/><N who="0" m="49673" /><D110/><U63/><E84/><V46/><F123/><W76/><REACH who="3" step="1"/><G94/><REACH who="3" ten="348,214,214,214" step="2"/><T19/><D125/><U49/><E2/><V133/><F133/><W104/><G104/><T102/><D0/><U33/><E107/><V103/><F105/><W62/><G62/><T118/><D1/><U18/><E101/><V36/><F103/><W108/><G108/><T68/><D102/><U10/><E50/><V116/><F100/><W58/><G58/><T99/><D118/><U56/><E10/><AGARI ba="1,1" hai="10,15,17,22,26,31,54,59,60,75,76,83,124,126" machi="10" ten="40,2600,0" yaku="1,1,53,1" doraHai="29" doraHaiUra="48" who="3" fromWho="1" sc="348,0,214,-29,214,0,214,39" /><INIT seed="1,0,0,1,0,17" ten="348,185,214,253" oya="1" hai0="27,49,105,111,133,83,97,28,0,6,109,11,26" hai1="94,66,102,29,88,71,117,65,80,64,75,8,50" hai2="70,135,92,44,15,46,10,123,23,121,114,57,18" hai3="99,51,130,93,96,61,60,48,112,3,127,22,35"/><U78/><E117/><V103/><F70/><W14/><G35/><T36/><D36/><U40/><E102/><V98/><F135/><W33/><G33/><T87/><D133/><U126/><E126/><V55/><F114/><W53/><G3/><T81/><D27/><U104/><E104/><V59/><F59/><W89/><G130/><T20/><D97/><U2/><E71/><V134/><F134/><W118/><G112/><T1/><D1/><U31/><E40/><V74/><F74/><W84/><G118/><T91/><D105/><U85/><REACH who="1" step="1"/><E50/><REACH who="1" ten="348,175,214,253" step="2"/><V4/><F123/><W68/><G51/><T47/><REACH who="0" step="1"/><D81/><REACH who="0" ten="338,175,214,253" step="2"/><U106/><E106/><V90/><F121/><W21/><G127/><T42/><AGARI ba="0,2" hai="0,6,11,20,26,28,42,47,49,83,87,91,109,111" machi="42" ten="30,8000,1" yaku="1,1,2,1,0,1,52,1,53,1" doraHai="17" doraHaiUra="34" who="0" fromWho="0" sc="338,100,175,-40,214,-20,253,-20" /><INIT seed="2,0,0,4,1,21" ten="438,135,194,233" oya="2" hai0="103,62,94,19,40,8,85,31,0,72,18,5,83" hai1="74,24,33,1,84,10,17,42,68,73,131,34,108" hai2="130,116,51,37,13,29,81,39,87,90,88,25,109" hai3="49,14,100,26,121,119,114,53,102,86,101,129,30"/><V65/><F116/><W112/><G119/><T35/><D72/><U23/><E68/><V15/><F130/><W122/><G14/><T43/><D62/><U132/><E42/><V56/><F109/><W22/><G86/><T126/><D126/><U44/><E44/><V133/><F133/><W99/><G99/><T61/><D61/><U64/><E64/><V107/><F107/><W110/><G110/><T123/><D123/><U71/><E71/><V63/><F90/><W59/><REACH who="3" step="1"/><G129/><REACH who="3" ten="438,135,194,223" step="2"/><T135/><D85/><U2/><E108/><V52/><F15/><W125/><G125/><T104/><D0/><U16/><E131/><V77/><F13/><W113/><AGARI ba="0,1" hai="22,26,30,49,53,59,100,101,102,112,113,114,121,122" machi="113" ten="40,8000,1" yaku="1,1,0,1,11,1,52,1,53,1" doraHai="21" doraHaiUra="55" who="3" fromWho="3" sc="438,-20,135,-20,194,-40,223,90" /><INIT seed="3,0,0,4,4,23" ten="418,115,154,313" oya="3" hai0="65,111,6,96,1,134,126,129,82,29,36,33,35" hai1="120,124,113,81,75,56,121,109,77,95,32,38,123" hai2="90,128,50,127,18,135,106,87,103,49,118,72,88" hai3="66,21,80,0,46,47,13,5,110,4,27,71,114"/><W14/><G114/><T30/><D36/><U17/><E38/><V24/><F118/><W108/><G80/><T78/><D129/><U133/><E113/><V12/><F72/><W51/><G66/><T105/><D126/><U19/><E124/><V84/><F135/><W115/><G71/><T41/><D41/><U26/><E133/><V60/><F128/><W125/><G115/><T64/><D6/><N who="3" m="2665" /><G46/><T79/><D1/><U10/><E109/><N who="3" m="42090" /><G0/><T102/><D134/><U70/><E70/><V11/><F127/><W22/><G22/><T39/><D82/><U44/><E44/><V52/><F106/><W3/><G3/><T16/><D64/><U98/><E10/><V42/><F11/><W8/><G8/><T9/><D65/><U130/><E130/><V73/><F73/><W55/><G125/><T86/><D9/><U20/><E32/><V59/><F59/><W31/><AGARI ba="0,0" hai="13,14,21,27,31,47,51,55" m="42090,2665" machi="31" ten="30,6000,0" yaku="14,1,10,1,52,1" doraHai="23" who="3" fromWho="3" sc="418,-20,115,-20,154,-20,313,60" /><INIT seed="3,1,0,3,4,30" ten="398,95,134,373" oya="3" hai0="101,62,76,92,44,114,123,50,34,22,81,18,46" hai1="103,112,40,121,119,125,100,133,129,12,89,36,3" hai2="31,48,118,45,38,1,49,88,95,15,69,35,43" hai3="80,70,110,82,128,39,83,96,120,57,116,98,52"/><W64/><G116/><T27/><D123/><U87/><E3/><V86/><F1/><W11/><G120/><T33/><D114/><U29/><E121/><V102/><F69/><W24/><G39/><T75/><D46/><U135/><E112/><V58/><F118/><W72/><G72/><T60/><D60/><U73/><BYE who="0" /><E73/><V28/><F102/><W53/><G128/><T8/><D8/><U124/><E119/><UN n0="%E6%99%AE%E9%80%9A%E6%89%8B" /><V122/><F122/><W63/><G110/><T66/><D92/><U108/><E29/><V127/><F127/><N who="1" m="48713" /><E12/><V25/><F28/><W132/><G132/><N who="1" m="50762" /><E40/><V99/><F86/><W7/><G24/><T105/><D105/><U126/><N who="1" m="48721" /><U2/><DORA hai="67" /><E2/><V10/><REACH who="2" step="1"/><F58/><REACH who="2" ten="398,95,124,373" step="2"/><W85/><G85/><T13/><D101/><U131/><E108/><V14/><F14/><N who="3" m="5503" /><G70/><T5/><D13/><U61/><E36/><V26/><F26/><W77/><G77/><T41/><D5/><AGARI ba="1,1" hai="5,10,15,25,31,35,38,43,45,48,49,88,95,99" machi="5" ten="30,8000,1" yaku="1,1,7,1,52,1,54,1,53,1" doraHai="30,67" doraHaiUra="71,111" who="2" fromWho="0" sc="398,-83,95,0,124,93,373,0" /><INIT seed="4,0,0,2,1,104" ten="315,95,217,373" oya="0" hai0="25,67,0,122,68,129,21,72,130,75,55,29,4" hai1="6,31,24,36,62,32,123,20,30,87,109,71,92" hai2="135,10,9,17,19,50,73,74,37,40,81,7,103" hai3="124,48,3,59,70,43,77,79,2,99,49,125,8"/><T108/><D122/><U53/><E36/><V46/><F135/><W134/><G70/><T76/><D76/><N who="3" m="29257" /><G134/><T84/><D108/><U42/><E42/><V14/><F81/><W82/><G82/><T120/><D120/><U11/><E109/><V106/><F37/><W101/><G8/><T112/><D112/><U121/><E31/><V64/><F64/><W93/><G59/><T105/><D105/><U41/><E41/><V54/><F40/><W89/><G89/><T44/><D84/><U115/><E32/><V80/><F80/><W15/><G15/><T97/><D97/><U118/><E115/><V52/><F54/><W132/><G132/><T85/><D85/><U60/><E118/><V18/><REACH who="2" step="1"/><F10/><REACH who="2" ten="315,95,207,373" step="2"/><W26/><G43/><T39/><D39/><U94/><E53/><V16/><N who="2" m="4096" /><DORA hai="12" /><V23/><F23/><W100/><G124/><T96/><D67/><U22/><E11/><V90/><F90/><W117/><G125/><T61/><D55/><U27/><E22/><V78/><F78/><W47/><G117/><T13/><D21/><U51/><E121/><V83/><F83/><W128/><G100/><T127/><D127/><U45/><E123/><V58/><F58/><W56/><G101/><T88/><D68/><U1/><E20/><V65/><F65/><W107/><G56/><T28/><D88/><U98/><E71/><V34/><F34/><W114/><G114/><T33/><D33/><U5/><E45/><V38/><F38/><W35/><G35/><T57/><D57/><U66/><E66/><V133/><F133/><W111/><G47/><RYUUKYOKU ba="0,1" sc="315,-10,95,-10,207,30,373,-10" hai2="7,9,14,46,50,52,73,74,103,106" /><INIT seed="5,1,1,0,1,87" ten="305,85,237,363" oya="1" hai0="61,35,121,26,27,2,120,112,127,46,83,9,39" hai1="64,44,47,118,51,86,116,40,53,55,37,58,91" hai2="65,103,22,68,130,25,42,113,32,93,13,135,14" hai3="92,89,82,85,73,41,104,111,3,43,107,98,67"/><U114/><E114/><V90/><F32/><W20/><G111/><T124/><D112/><U119/><E86/><V109/><F109/><W69/><G3/><T21/><D61/><U11/><E11/><V95/><F113/><W34/><G34/><T77/><D26/><U81/><E81/><V78/><F78/><W115/><G115/><T62/><D62/><U117/><N who="1" m="29696" /><DORA hai="88" /><U7/><E7/><V17/><F68/><W4/><G67/><T131/><D131/><U106/><E106/><V15/><F135/><W79/><G69/><T134/><D134/><U30/><E30/><V70/><F70/><W99/><G4/><N who="0" m="1175" /><D21/><U18/><E18/><N who="2" m="12503" /><F42/><W52/><G20/><T29/><D83/><U23/><E23/><N who="2" m="11695" /><F65/><W80/><G41/><N who="0" m="22847" /><D77/><U19/><E19/><V0/><F0/><W49/><G43/><T45/><D45/><U76/><E76/><V126/><F126/><AGARI ba="1,1" hai="27,29,35,120,121,124,126,127" m="22847,1175" machi="126" ten="30,2000,0" yaku="18,1,23,1" doraHai="87,88" who="0" fromWho="2" sc="305,33,85,0,237,-23,363,0" /><INIT seed="6,0,0,3,2,112" ten="338,85,214,363" oya="2" hai0="134,1,60,103,34,110,71,4,30,108,42,5,24" hai1="128,61,86,100,97,109,80,132,38,92,95,78,121" hai2="48,120,16,33,93,88,25,44,39,66,54,56,72" hai3="105,7,13,83,102,36,70,91,104,58,98,84,0"/><V125/><F72/><W35/><G70/><T123/><D123/><U17/><E38/><V75/><F75/><W118/><G35/><T68/><D5/><U32/><E32/><V55/><F125/><W2/><G36/><T126/><D126/><U3/><E3/><V46/><F120/><W87/><G104/><T53/><D53/><U113/><E121/><V90/><F66/><W73/><G118/><T119/><D134/><U9/><E109/><V40/><F93/><N who="3" m="54503" /><G87/><T22/><D22/><U19/><E132/><V26/><F26/><W135/><G58/><T133/><D133/><U59/><E113/><V52/><F16/><W45/><G45/><T31/><D31/><U23/><E128/><V67/><F67/><W50/><G50/><T101/><D119/><U69/><E69/><V6/><F6/><W28/><G28/><T29/><D29/><U79/><E95/><V11/><F11/><N who="3" m="4351" /><G135/><T14/><D71/><U116/><E116/><V8/><F8/><W89/><G89/><T51/><D1/><U107/><E107/><V62/><REACH who="2" step="1"/><F54/><REACH who="2" ten="338,85,204,363" step="2"/><W115/><G115/><T74/><D74/><U49/><E9/><V63/><F63/><W96/><G73/><T122/><D122/><U85/><E23/><V20/><F20/><W10/><G10/><N who="0" m="4423" /><D60/><U81/><REACH who="1" step="1"/><E49/><REACH who="1" ten="338,75,204,363" step="2"/><V27/><F27/><W37/><G0/><T111/><D51/><U64/><AGARI ba="0,2" hai="17,19,59,61,64,78,79,80,81,85,86,92,97,100" machi="64" ten="20,12000,2" yaku="1,1,2,1,0,1,7,1,9,1,8,1,53,1" doraHai="112" doraHaiUra="57" who="1" fromWho="1" sc="338,-30,75,140,204,-60,363,-30" /><INIT seed="7,0,0,3,3,74" ten="308,215,144,333" oya="3" hai0="126,2,22,71,64,105,58,89,134,54,11,83,121" hai1="88,37,27,3,56,132,4,32,115,63,29,35,81" hai2="86,67,50,112,72,100,99,77,66,12,120,130,82" hai3="116,10,23,46,110,33,97,125,96,57,24,95,68"/><W91/><G68/><T131/><D121/><U114/><E37/><V44/><F120/><W127/><G116/><T39/><D39/><U9/><E132/><V87/><F112/><W55/><G33/><T75/><D134/><U51/><E35/><V5/><F130/><W62/><G110/><T122/><D122/><U17/><E51/><V19/><F72/><W128/><G128/><T15/><D2/><U94/><E81/><V118/><F87/><N who="3" m="52735" /><G10/><T70/><D105/><U101/><E101/><V111/><F118/><W92/><G46/><T28/><D131/><U85/><REACH who="1" step="1"/><E17/><REACH who="1" ten="308,205,144,333" step="2"/><V41/><F111/><W73/><G125/><T108/><D126/><U18/><E18/><V8/><REACH who="2" step="1"/><F19/><REACH who="2" ten="308,205,134,333" step="2"/><W40/><G127/><T119/><D108/><U6/><E6/><V93/><AGARI ba="0,2" hai="5,8,12,41,44,50,66,67,77,82,86,93,99,100" machi="93" ten="20,16000,3" yaku="1,1,2,1,0,1,7,1,25,2,8,1,52,1,53,1" doraHai="74" doraHaiUra="36" who="2" fromWho="2" sc="308,-40,205,-40,134,180,333,-80" owari="268,6.8,165,-33.5,314,41.4,253,-14.7" /></mjloggm>