<mjloggm ver="2.3"><GO type="169" lobby="0"/><UN n0="%E8%B5%A4%E5%BA%A7%E3%81%82%E3%81%8B%E3%82%8A%45%58" n1="%E8%88%B9%E8%B6%8A%E8%8B%B1%E4%B8%80%E9%83%8E" n2="%E5%B2%A9%E4%B8%8A%E9%80%9A%E3%82%8A" n3="%E8%B5%A4%E6%9C%A8%E3%81%97%E3%81%92%E3%82%8B" dan="16,17,16,16" rate="2134.31,2153.82,2111.31,2091.60" sx="M,M,M,M"/><TAIKYOKU oya="0"/><INIT seed="0,0,0,0,4,126" ten="250,250,250,250" oya="0" hai0="133,124,94,76,15,8,97,78,13,70,104,56,27" hai1="125,87,114,45,17,100,118,72,19,7,80,93,82" hai2="75,130,103,37,95,53,32,106,134,66,117,132,33" hai3="85,58,108,41,34,51,111,9,84,116,42,22,35"/><T5/><D70/><U1/><E118/><V109/><F53/><N who="3" m="32063" /><G9/><T54/><D104/><U120/><E120/><V26/><F95/><W71/><G22/><T122/><D133/><U47/><E125/><V83/><F66/><W112/><G71/><T50/><D122/><U67/><E67/><V128/><F37/><W18/><G116/><T135/><D135/><N who="2" m="51754" /><F109/><N who="3" m="42059" /><G18/><T90/><D124/><U39/><E19/><V60/><F60/><W12/><G12/><T74/><D74/><U61/><E17/><V11/><F11/><W96/><G96/><T105/><D105/><U40/><E61/><V68/><F68/><W57/><G57/><T99/><D15/><U121/><E39/><V73/><F117/><W16/><G112/><T69/><D69/><U6/><E114/><V48/><F48/><W44/><G16/><T64/><D64/><U28/><E72/><N who="2" m="27723" /><F83/><W102/><G102/><T88/><D27/><U59/><E82/><V43/><F43/><N who="3" m="16395" /><G44/><T36/><D36/><U52/><E47/><V113/><F113/><W46/><G46/><T89/><REACH who="0" step="1"/><D99/><REACH who="0" ten="240,250,250,250" step="2"/><U115/><E40/><V3/><F3/><W86/><AGARI ba="0,1" hai="34,35,84,85,86" m="16395,42059,32063" machi="86" ten="40,1500,0" yaku="14,1" doraHai="126" who="3" fromWho="3" sc="240,-7,250,-4,250,-4,250,25" /><INIT seed="1,0,0,4,0,120" ten="233,246,246,275" oya="1" hai0="131,95,11,135,31,49,132,91,110,29,37,33,30" hai1="57,100,20,44,124,85,121,87,67,94,108,23,82" hai2="59,96,4,111,14,68,64,70,123,103,99,12,39" hai3="113,127,63,47,109,2,97,83,28,75,98,5,9"/><U22/><E121/><V128/><F39/><W92/><G113/><T25/><D37/><U36/><E124/><V90/><F123/><W76/><G127/><T115/><D115/><U105/><E105/><V61/><F128/><W35/><G97/><T93/><D131/><U80/><E36/><V27/><F4/><W84/><G84/><N who="1" m="32330" /><E44/><V119/><F90/><W32/><G28/><T0/><D49/><U26/><E26/><V126/><F126/><W24/><G24/><T60/><D60/><N who="1" m="38287" /><E108/><V18/><F111/><W106/><G106/><T8/><D110/><U15/><E15/><V1/><F1/><W6/><G6/><T104/><D104/><U7/><E7/><V3/><F3/><W130/><G130/><T53/><D0/><U79/><E79/><V88/><F27/><W89/><G109/><T13/><D13/><U42/><E42/><V112/><F14/><W118/><G118/><T48/><D25/><U86/><N who="1" m="32338" /><U21/><N who="1" m="5120" /><DORA hai="117" /><DORA hai="101" /><U73/><E73/><V40/><F40/><W74/><G74/><T51/><D31/><U56/><E56/><V43/><F43/><W114/><G114/><T133/><D133/><U16/><E16/><V102/><F119/><W45/><REACH who="3" step="1"/><G63/><REACH who="3" ten="233,246,246,265" step="2"/><T72/><D72/><U38/><E38/><V134/><F112/><W54/><G54/><T107/><D53/><U129/><E129/><V116/><F116/><W50/><G50/><T46/><D51/><U10/><E10/><V81/><F61/><W65/><G65/><T66/><D66/><U55/><E55/><V52/><F64/><W71/><G71/><RYUUKYOKU ba="0,1" sc="233,-15,246,15,246,-15,265,15" hai1="80,82,94,100" hai3="2,5,9,32,35,45,47,75,76,83,89,92,98" /><INIT seed="1,1,1,2,3,61" ten="218,261,231,280" oya="1" hai0="78,31,123,29,117,121,81,115,91,80,3,77,16" hai1="66,125,135,95,83,2,32,85,89,20,113,50,10" hai2="74,72,4,17,103,9,65,62,1,67,27,114,96" hai3="39,40,134,90,19,21,36,64,110,120,25,63,23"/><U105/><E113/><V132/><F132/><W45/><G120/><N who="0" m="46155" /><D3/><U84/><E32/><V8/><F114/><W99/><G134/><T130/><D115/><U5/><E135/><V88/><F67/><W33/><G33/><T49/><D117/><U106/><E125/><V53/><F53/><W35/><G35/><T97/><D49/><U42/><E20/><V70/><F88/><W60/><G110/><T11/><D130/><U58/><E42/><V55/><F55/><W51/><G63/><T12/><D97/><U68/><E68/><V112/><F112/><W87/><G21/><T52/><D91/><U56/><E50/><V48/><F48/><W82/><REACH who="3" step="1"/><G99/><REACH who="3" ten="218,261,231,270" step="2"/><T124/><D124/><U100/><E100/><V75/><F9/><W107/><G107/><T98/><D98/><U7/><E105/><V22/><F75/><W133/><G133/><T26/><D11/><U73/><E106/><AGARI ba="1,2" hai="1,4,8,17,22,27,62,65,70,72,74,96,103,106" machi="106" ten="30,2000,0" yaku="7,1,52,1" doraHai="61" who="2" fromWho="1" sc="218,0,261,-23,231,43,270,0" /><INIT seed="2,0,0,1,1,22" ten="218,238,274,270" oya="2" hai0="55,21,112,128,129,70,46,63,14,35,24,82,95" hai1="79,33,111,2,26,119,72,126,51,134,130,16,60" hai2="65,25,29,41,127,68,83,56,52,90,18,94,59" hai3="73,118,81,133,109,34,75,0,110,97,10,93,54"/><V57/><F127/><W23/><G118/><T28/><D112/><U44/><E119/><V62/><F83/><W58/><G34/><T105/><D105/><U116/><E116/><V4/><F4/><N who="3" m="1287" /><G23/><T131/><D82/><U104/><E104/><V71/><F41/><W120/><G81/><T98/><D70/><U122/><E2/><V17/><F71/><W117/><G120/><T74/><D74/><U8/><E33/><V69/><F69/><W6/><G6/><T135/><D135/><U108/><E72/><V78/><F78/><W114/><G117/><T37/><D37/><U27/><E122/><V48/><F59/><W85/><G85/><T31/><D31/><U121/><E79/><V92/><F92/><W91/><G133/><T32/><D14/><N who="1" m="7239" /><E121/><V12/><F68/><W3/><G3/><T64/><D64/><U5/><E5/><V123/><F123/><W107/><G107/><T20/><D20/><U11/><E11/><V103/><F103/><W115/><G73/><T102/><REACH who="0" step="1"/><D63/><REACH who="0" ten="208,238,274,270" step="2"/><U7/><E60/><V106/><F106/><W76/><G75/><T67/><D67/><U124/><E134/><V80/><F80/><W1/><G76/><T9/><D9/><U125/><E125/><V40/><F12/><W47/><G115/><T53/><D53/><N who="1" m="29927" /><E126/><V45/><F40/><W38/><G114/><T39/><D39/><U49/><E124/><V66/><F66/><W89/><G38/><T43/><D43/><U77/><E77/><V13/><F13/><W86/><G1/><T88/><D88/><U87/><E49/><AGARI ba="0,1" hai="21,24,28,32,35,46,49,55,95,98,102,128,129,131" machi="49" ten="40,5200,0" yaku="1,1,19,1,52,1,53,0" doraHai="22" doraHaiUra="113" who="0" fromWho="1" sc="208,62,238,-52,274,0,270,0" /><INIT seed="3,0,0,5,1,105" ten="270,186,274,270" oya="3" hai0="1,94,38,52,92,111,102,50,29,59,123,37,134" hai1="130,85,103,80,43,41,124,56,7,132,13,57,47" hai2="25,97,110,118,17,16,54,60,86,62,101,2,95" hai3="66,120,8,18,11,0,15,78,82,65,116,129,126"/><W4/><G120/><T26/><D123/><U127/><E130/><V63/><F2/><W89/><G116/><T71/><D1/><U22/><E132/><V19/><F118/><W45/><G129/><T49/><D71/><U21/><E103/><V3/><F3/><W67/><G126/><N who="1" m="48170" /><E7/><V108/><F86/><W74/><G45/><T27/><D111/><N who="2" m="42538" /><F54/><W113/><REACH who="3" step="1"/><G89/><REACH who="3" ten="270,186,274,260" step="2"/><T12/><D134/><U24/><E47/><V20/><AGARI ba="0,1" hai="16,17,19,20,25,60,62,63,95,97,101" m="42538" machi="20" ten="40,2700,0" yaku="14,1,54,1" doraHai="105" who="2" fromWho="2" sc="270,-7,186,-7,274,37,260,-13" /><INIT seed="4,0,0,3,0,135" ten="263,179,311,247" oya="0" hai0="85,82,3,8,66,92,117,53,122,105,118,75,55" hai1="132,46,98,71,64,125,107,69,108,104,18,4,44" hai2="61,74,88,113,25,0,40,114,34,22,128,33,102" hai3="83,41,52,58,30,126,99,48,131,134,70,81,111"/><T27/><D122/><U80/><E108/><V73/><F0/><W47/><G70/><T45/><D105/><U32/><E4/><V86/><F40/><W90/><G111/><T65/><D75/><U38/><E132/><V7/><F7/><W9/><G134/><T35/><D92/><U120/><E120/><V43/><F43/><W76/><G131/><T10/><D35/><U39/><E64/><V11/><F11/><W50/><G30/><T129/><D27/><U56/><E56/><V94/><F128/><W1/><G1/><T23/><D23/><U13/><E13/><V37/><F37/><W116/><G116/><T109/><D109/><U119/><E18/><V121/><F61/><W36/><G36/><T60/><D129/><U106/><E98/><V87/><F121/><W130/><G130/><T26/><D26/><U101/><E101/><V15/><F15/><W54/><G41/><T59/><D118/><U42/><E42/><V96/><F74/><W51/><G9/><N who="0" m="3691" /><D117/><U62/><E106/><V12/><F73/><W127/><G99/><T124/><D124/><N who="3" m="47657" /><G90/><N who="0" m="51511" /><D3/><U72/><E125/><V5/><F102/><W100/><G100/><T49/><AGARI ba="0,0" hai="45,49,53,55,59,60,65,66" m="51511,3691" machi="49" ten="30,1500,0" yaku="8,1" doraHai="135" who="0" fromWho="0" sc="263,15,179,-5,311,-5,247,-5" /><INIT seed="4,1,0,3,1,94" ten="278,174,306,242" oya="0" hai0="33,85,130,129,55,31,30,47,11,127,24,108,6" hai1="20,44,70,8,27,90,23,59,19,131,107,63,72" hai2="86,1,96,62,15,76,120,97,10,112,18,26,7" hai3="103,12,53,64,54,68,113,61,57,71,39,73,14"/><T37/><D127/><U98/><E131/><V45/><F120/><W110/><G73/><T118/><D118/><U29/><E72/><V134/><F134/><W106/><G110/><T66/><D108/><U56/><E70/><V69/><F112/><W32/><G32/><T50/><D66/><U93/><E107/><V46/><F69/><W3/><G3/><T9/><D37/><U82/><E8/><V114/><F62/><W75/><G75/><T65/><D65/><U105/><E105/><V67/><F67/><W126/><G113/><T92/><D31/><U133/><E133/><V58/><F58/><W87/><G126/><T115/><D115/><U0/><E0/><V13/><F26/><W49/><G39/><T100/><D11/><U17/><E82/><N who="2" m="47431" /><F1/><W4/><G4/><T99/><REACH who="0" step="1"/><D85/><REACH who="0" ten="268,174,306,242" step="2"/><U25/><E29/><V28/><F114/><W41/><G87/><T125/><D125/><U80/><E80/><V74/><F28/><W22/><G64/><T84/><D84/><U34/><E34/><V48/><F74/><W36/><G36/><T101/><D101/><U116/><E116/><V38/><F38/><W16/><G103/><T77/><D77/><U60/><REACH who="1" step="1"/><E44/><REACH who="1" ten="268,164,306,242" step="2"/><V91/><F46/><W111/><G111/><T2/><AGARI ba="1,2" hai="2,6,9,24,30,33,47,50,55,92,99,100,129,130" machi="2" ten="30,6000,0" yaku="1,1,0,1,52,1,53,0" doraHai="94" doraHaiUra="123" who="0" fromWho="0" sc="268,83,164,-21,306,-21,242,-21" /><INIT seed="4,2,0,4,0,81" ten="351,143,285,221" oya="0" hai0="2,31,4,56,27,18,112,71,20,88,75,54,36" hai1="43,55,42,104,23,60,65,78,72,19,37,57,17" hai2="110,32,95,12,34,116,67,6,33,106,84,129,102" hai3="10,9,24,35,47,74,124,92,105,98,90,15,100"/><T127/><D75/><U38/><E104/><V0/><F110/><W91/><G124/><T7/><D127/><U66/><E78/><V16/><F106/><W39/><G74/><T82/><D71/><U76/><E76/><V21/><F129/><W99/><G90/><T85/><D36/><N who="1" m="13931" /><E23/><V134/><F67/><N who="1" m="25609" /><E19/><V133/><F102/><W44/><G39/><T79/><D112/><U101/><E17/><V77/><F116/><W53/><G35/><T83/><D2/><U49/><E101/><V70/><F70/><W58/><G24/><T51/><D18/><U131/><E72/><V3/><F77/><W130/><G130/><T59/><D59/><N who="1" m="33263" /><E131/><V52/><F84/><W107/><G107/><T8/><D8/><U122/><E122/><V117/><F95/><N who="3" m="58463" /><G9/><T48/><D79/><U118/><E118/><V69/><F117/><W80/><G105/><T109/><D109/><U26/><E26/><V45/><F3/><W128/><G128/><T113/><D113/><U11/><E11/><V96/><F96/><W14/><G80/><T94/><D83/><U62/><E62/><V111/><F111/><W1/><G1/><T123/><D123/><U5/><E5/><N who="0" m="2121" /><D82/><U25/><E25/><V114/><F6/><N who="3" m="3415" /><G15/><T61/><AGARI ba="2,0" hai="20,27,31,48,51,54,56,61,85,88,94" m="2121" machi="61" ten="30,6000,0" yaku="8,1,52,1,54,1" doraHai="81" who="0" fromWho="0" sc="351,66,143,-22,285,-22,221,-22" /><INIT seed="4,3,0,4,1,74" ten="417,121,263,199" oya="0" hai0="60,22,0,134,65,1,82,6,71,89,120,23,79" hai1="16,126,107,57,103,59,4,42,130,111,110,93,131" hai2="63,54,64,100,14,86,122,66,12,56,129,5,81" hai3="68,62,51,88,87,90,85,25,121,75,78,61,49"/><T108/><D120/><U17/><E107/><V133/><F122/><W7/><G121/><T125/><D125/><U106/><E106/><V43/><F129/><N who="1" m="49161" /><E42/><V27/><F133/><W72/><G7/><T96/><D134/><U112/><E4/><V94/><F43/><W33/><G25/><T37/><D37/><U24/><E24/><V132/><F132/><W26/><G26/><T30/><D108/><N who="1" m="41515" /><E93/><V83/><F83/><W104/><G104/><T127/><D127/><U3/><E103/><V10/><F14/><W29/><G29/><T117/><D30/><U52/><E3/><V99/><REACH who="2" step="1"/><F27/><REACH who="2" ten="417,121,253,199" step="2"/><W38/><G38/><T40/><D40/><U50/><E126/><V77/><AGARI ba="3,1" hai="5,10,12,54,56,63,64,66,77,81,86,94,99,100" machi="77" ten="20,12000,2" yaku="1,1,2,1,0,1,7,1,8,1,52,1,53,1" doraHai="74" doraHaiUra="97" who="2" fromWho="2" sc="417,-63,121,-33,253,139,199,-33" /><INIT seed="5,0,0,5,3,47" ten="354,88,392,166" oya="1" hai0="97,36,11,82,63,54,1,118,114,74,109,6,29" hai1="72,115,117,90,99,42,123,127,4,23,80,26,38" hai2="65,113,61,30,77,16,98,20,17,35,95,70,31" hai3="45,59,91,84,60,7,53,122,55,13,66,9,92"/><U27/><E117/><V15/><F113/><W32/><G32/><T108/><D118/><U21/><E123/><V64/><F77/><W78/><G122/><T112/><D36/><U37/><E115/><N who="0" m="44073" /><D29/><U50/><E127/><V111/><F111/><W81/><REACH who="3" step="1"/><G45/><REACH who="3" ten="354,88,392,156" step="2"/><T75/><D109/><U28/><E4/><V49/><F35/><W34/><G34/><T57/><D108/><U3/><E3/><V51/><F65/><W67/><G67/><T104/><D6/><U130/><E130/><V125/><F125/><W120/><G120/><T39/><D1/><U100/><E42/><V121/><F121/><W58/><G58/><T135/><D57/><U46/><E46/><V129/><F129/><W40/><G40/><T105/><D135/><U62/><E62/><V85/><F61/><W124/><G124/><T71/><D63/><U14/><E38/><V131/><F64/><W68/><G68/><T44/><D71/><U56/><E37/><V132/><F70/><W87/><AGARI ba="0,1" hai="7,9,13,53,55,59,60,66,78,81,84,87,91,92" machi="87" ten="20,5200,0" yaku="1,1,0,1,7,1,8,1,53,0" doraHai="47" doraHaiUra="106" who="3" fromWho="3" sc="354,-13,88,-26,392,-13,156,62" /><INIT seed="6,0,0,5,2,93" ten="341,62,379,218" oya="2" hai0="31,125,98,38,84,134,52,64,6,124,27,44,110" hai1="47,122,131,85,55,24,112,90,10,89,8,81,118" hai2="26,94,3,45,86,87,132,50,51,119,66,71,15" hai3="128,114,61,65,11,83,59,29,63,78,88,100,53"/><V13/><F3/><W96/><G128/><T91/><D110/><U106/><E118/><V58/><F119/><W37/><G37/><T76/><D64/><U5/><E112/><V73/><F73/><W130/><G130/><T67/><D67/><U30/><E131/><V102/><F132/><W56/><G114/><T82/><D6/><U74/><E74/><V97/><F71/><W9/><G29/><T32/><D134/><U25/><E106/><V7/><F26/><W120/><G120/><T108/><D108/><U48/><E122/><V0/><F0/><W69/><G69/><T95/><REACH who="0" step="1"/><D52/><REACH who="0" ten="331,62,379,218" step="2"/><U113/><E113/><V23/><F7/><W18/><G18/><T49/><D49/><U123/><E123/><V68/><F68/><W79/><G65/><T103/><D103/><U17/><E30/><V4/><F51/><W101/><G53/><T72/><D72/><U43/><E43/><AGARI ba="0,1" hai="27,31,32,38,43,44,76,82,84,91,95,98,124,125" machi="43" ten="40,2600,0" yaku="1,1,52,1,53,0" doraHai="93" doraHaiUra="127" who="0" fromWho="1" sc="331,36,62,-26,379,0,218,0" /><INIT seed="7,0,0,1,5,126" ten="367,36,379,218" oya="3" hai0="11,37,7,95,112,130,67,47,124,91,99,114,3" hai1="128,87,105,85,38,10,117,86,54,73,101,82,16" hai2="34,8,42,92,4,9,97,120,63,111,12,122,15" hai3="94,41,66,1,69,83,57,104,28,71,81,68,125"/><W53/><G1/><T45/><D124/><U77/><E38/><V106/><F34/><W135/><G125/><T36/><D130/><U90/><E54/><V2/><F111/><W52/><G104/><T115/><D67/><U21/><E10/><V32/><F32/><W0/><G0/><T22/><D22/><U80/><E117/><V43/><F106/><W132/><G41/><N who="2" m="15369" /><F9/><W51/><G28/><T23/><D23/><U19/><E21/><V100/><F63/><N who="3" m="36263" /><G94/><T25/><D25/><U50/><E50/><V133/><F133/><N who="3" m="51275" /><G66/><T110/><D110/><U72/><E19/><V26/><F26/><W76/><G76/><T113/><D113/><U46/><E16/><V107/><F107/><W13/><G13/><T14/><D14/><U44/><E44/><AGARI ba="0,0" hai="3,7,11,36,37,44,45,47,91,95,99,112,114,115" machi="44" ten="40,2600,0" yaku="15,1,11,1" doraHai="126" who="0" fromWho="1" sc="367,26,36,-26,379,0,218,0" owari="393,49.3,10,-49.0,379,17.9,218,-18.2" /></mjloggm>