<mjloggm ver="2.3"><GO type="169" lobby="0"/><UN n0="%5B%5B%79%75%79%75%5D%5D" n1="%E3%82%82%E3%81%BF%E3%81%95%E3%81%92" n2="%E3%81%84%E3%81%A1%E3%82%8D%E3%83%BC%32%36%32%E6%AD%B3" n3="%E3%81%9F%E3%81%BE%E5%AD%90" dan="16,16,16,16" rate="2169.53,2149.46,2145.97,2149.90" sx="M,M,M,M"/><TAIKYOKU oya="0"/><INIT seed="0,0,0,2,2,5" ten="250,250,250,250" oya="0" hai0="65,102,17,122,100,126,35,88,82,101,132,37,48" hai1="95,74,79,7,128,53,66,24,10,116,107,14,29" hai2="27,90,50,26,97,34,75,6,134,19,119,15,70" hai3="63,113,104,49,118,124,46,87,55,96,59,72,92"/><T89/><D37/><U58/><E116/><V69/><F75/><W39/><G118/><T73/><D35/><U127/><E107/><V32/><F119/><W28/><G113/><T81/><D122/><U47/><E127/><V64/><F134/><W52/><G72/><T105/><D65/><U115/><E115/><V71/><F6/><W45/><G124/><T125/><D105/><U8/><E128/><V106/><F50/><W78/><G28/><T91/><D132/><U108/><E108/><V135/><F135/><W44/><G39/><T4/><D4/><U1/><E66/><V130/><F130/><W114/><G104/><T0/><D0/><U11/><E47/><V56/><F32/><W38/><G38/><T2/><D2/><U117/><E117/><V80/><F34/><W84/><G114/><T41/><D17/><U121/><E121/><V111/><F111/><W112/><G112/><T94/><D48/><U23/><E1/><V12/><F106/><W30/><G30/><T86/><D41/><U83/><E95/><N who="2" m="56567" /><F80/><N who="0" m="30826" /><D73/><U20/><E20/><V131/><F19/><W18/><G18/><T76/><D94/><U123/><E123/><V99/><F131/><W42/><G78/><T85/><D76/><U129/><E129/><V31/><F31/><W133/><G133/><T61/><D61/><AGARI ba="0,0" hai="7,8,10,11,14,23,24,29,53,58,61,74,79,83" machi="61" ten="30,7700,0" yaku="7,1,52,3" doraHai="5" who="1" fromWho="0" sc="250,-77,250,77,250,0,250,0" /><INIT seed="1,0,0,4,4,64" ten="173,327,250,250" oya="1" hai0="51,95,103,84,111,11,70,128,36,96,133,88,127" hai1="2,50,66,116,105,101,0,24,115,78,48,97,79" hai2="60,76,46,87,123,42,35,130,49,107,129,63,37" hai3="99,82,98,72,6,80,27,65,109,34,30,61,41"/><U106/><E116/><V29/><F107/><W12/><G109/><T113/><D111/><U135/><E115/><V67/><F76/><W28/><G41/><T91/><D36/><U53/><E135/><V114/><F87/><W45/><G45/><T89/><D113/><U92/><E66/><V33/><F114/><W83/><G72/><T9/><D133/><U10/><E24/><V132/><F132/><W16/><G6/><T38/><D38/><U25/><E25/><V117/><F29/><W119/><G28/><T62/><D128/><N who="2" m="49258" /><F33/><W69/><REACH who="3" step="1"/><G119/><REACH who="3" ten="173,327,250,240" step="2"/><T86/><D127/><U85/><E0/><V122/><F117/><W20/><AGARI ba="0,1" hai="12,16,20,27,30,34,61,65,69,80,82,83,98,99" machi="20" ten="30,8000,1" yaku="1,1,2,1,0,1,52,1,54,1,53,0" doraHai="64" doraHaiUra="125" who="3" fromWho="3" sc="173,-20,327,-40,250,-20,240,90" /><INIT seed="2,0,0,1,4,59" ten="153,287,230,330" oya="2" hai0="46,51,0,54,87,72,133,132,55,98,36,10,106" hai1="40,89,70,1,67,39,100,57,77,11,68,82,101" hai2="56,33,74,44,91,69,88,93,3,124,48,45,83" hai3="115,78,97,64,32,50,65,107,62,21,71,28,35"/><V116/><F116/><W7/><G115/><T17/><D72/><U113/><E113/><V34/><F3/><W60/><G78/><T108/><D108/><U18/><E89/><V6/><F69/><W102/><G50/><T42/><D106/><U95/><E57/><V131/><F6/><W22/><G7/><T5/><D98/><U94/><E94/><V127/><F131/><W19/><G28/><T53/><D17/><U12/><E1/><V84/><F45/><W135/><G135/><T104/><D104/><U99/><E101/><V24/><F74/><W110/><G110/><T58/><D87/><U134/><E134/><AGARI ba="0,0" hai="0,5,10,36,42,46,51,53,54,55,58,132,133,134" machi="134" ten="40,1300,0" yaku="20,1" doraHai="59" who="0" fromWho="1" sc="153,13,287,-13,230,0,330,0" /><INIT seed="3,0,0,5,4,18" ten="166,274,230,330" oya="3" hai0="131,125,25,65,22,83,4,52,37,61,119,38,10" hai1="62,123,21,129,53,56,115,126,70,55,64,111,27" hai2="29,8,15,79,84,23,89,113,63,48,128,75,101" hai3="57,133,110,82,114,132,3,45,73,134,60,58,77"/><W100/><G114/><T28/><D119/><U124/><E115/><V7/><F113/><W107/><G3/><T2/><D125/><N who="1" m="48235" /><E123/><V104/><F128/><W72/><G110/><T33/><D131/><U94/><E129/><V9/><F75/><W87/><G45/><T117/><D117/><U116/><E116/><V49/><F79/><W42/><G42/><T76/><D52/><N who="1" m="20043" /><E111/><V16/><F63/><W86/><G60/><T44/><D44/><U95/><E70/><V118/><F118/><W36/><G36/><T96/><D96/><U32/><E32/><V91/><F101/><W26/><G26/><T12/><D83/><U40/><E40/><V135/><F104/><W20/><G20/><T14/><D76/><U109/><E109/><V47/><F135/><W17/><G17/><AGARI ba="0,0" hai="17,21,27,56,62,64,94,95" m="20043,48235" machi="17" ten="30,3900,0" yaku="18,1,52,1,54,1" doraHai="18" who="1" fromWho="3" sc="166,0,274,39,230,0,330,-39" /><INIT seed="4,0,0,2,1,120" ten="166,313,230,291" oya="0" hai0="66,103,117,132,105,78,47,43,83,57,85,71,48" hai1="17,20,60,27,49,4,81,24,59,122,64,90,135" hai2="44,39,14,9,5,118,42,21,100,30,61,112,84" hai3="23,102,22,113,0,58,3,95,110,127,96,46,29"/><T124/><D117/><U56/><E135/><V93/><F118/><W67/><G113/><T129/><D132/><U63/><E122/><V12/><F112/><W106/><G127/><T133/><D133/><U134/><E134/><V41/><F41/><W99/><G46/><T70/><D129/><U104/><E104/><V26/><F61/><W32/><G32/><T73/><D124/><U128/><E128/><V1/><REACH who="2" step="1"/><F84/><REACH who="2" ten="166,313,220,291" step="2"/><W34/><G96/><AGARI ba="0,1" hai="1,5,9,12,14,21,26,30,39,42,44,93,96,100" machi="96" ten="40,2600,0" yaku="1,1,2,1,53,0" doraHai="120" doraHaiUra="111" who="2" fromWho="3" sc="166,0,313,0,220,36,291,-26" /><INIT seed="5,0,0,0,5,43" ten="166,313,256,265" oya="1" hai0="95,124,33,66,128,81,107,22,60,116,113,104,26" hai1="102,1,21,78,105,75,99,41,25,127,121,46,85" hai2="4,73,89,74,106,62,37,114,14,48,53,134,90" hai3="29,55,103,71,35,9,50,132,98,11,100,12,58"/><U2/><E121/><V7/><F37/><W101/><G132/><T83/><D116/><U13/><E127/><V120/><F120/><W20/><G71/><T93/><D124/><U10/><E75/><V32/><F32/><W70/><G70/><T56/><D33/><U122/><E122/><V16/><F106/><W91/><G35/><T63/><D113/><U77/><E77/><V131/><F134/><W115/><G115/><T86/><D128/><U133/><E133/><V94/><F114/><W54/><G54/><T72/><D72/><U61/><E61/><V57/><F131/><W27/><G91/><N who="2" m="34825" /><F94/><W5/><REACH who="3" step="1"/><G9/><REACH who="3" ten="166,313,256,255" step="2"/><T51/><D107/><AGARI ba="0,1" hai="5,11,12,20,27,29,50,55,58,98,100,101,103,107" machi="107" ten="30,3900,0" yaku="1,1,2,1,7,1,53,0" doraHai="43" doraHaiUra="109" who="3" fromWho="0" sc="166,-39,313,0,256,0,255,49" /><INIT seed="6,0,0,0,5,90" ten="127,313,256,304" oya="2" hai0="82,50,19,125,34,27,60,80,89,2,63,115,32" hai1="97,21,3,85,70,30,106,41,75,23,36,86,13" hai2="15,29,31,116,25,135,67,48,122,16,45,100,81" hai3="26,62,73,52,134,1,98,20,14,103,40,107,110"/><V0/><F116/><W53/><G110/><T77/><D2/><U79/><E70/><V92/><F122/><W17/><G1/><T88/><D125/><U5/><E30/><N who="2" m="11275" /><F0/><W28/><G134/><T131/><D50/><U120/><E120/><V59/><F135/><W61/><G73/><T126/><D126/><U64/><E64/><V37/><F37/><W56/><G40/><T11/><D11/><U54/><E54/><N who="2" m="29967" /><F25/><W99/><G99/><T72/><D27/><U46/><E13/><V42/><F42/><W4/><G4/><T66/><D66/><U114/><E114/><V132/><F132/><W101/><G101/><T87/><D115/><U49/><E49/><V112/><F81/><W44/><G44/><T68/><D19/><U71/><E71/><V127/><F127/><W94/><G107/><T129/><D68/><U113/><E113/><V95/><F100/><W24/><G28/><T133/><D133/><U9/><E106/><V128/><F128/><W33/><G33/><T118/><D87/><N who="1" m="33291" /><E97/><V74/><F74/><W76/><G76/><T22/><D22/><U96/><E96/><V123/><F123/><W39/><G39/><T6/><D6/><U102/><E102/><V91/><F91/><W57/><AGARI ba="0,0" hai="14,17,20,24,26,52,53,56,57,61,62,94,98,103" machi="57" ten="30,8000,1" yaku="0,1,9,1,8,1,52,1,54,1" doraHai="90" who="3" fromWho="3" sc="127,-20,313,-20,256,-40,304,80" /><INIT seed="7,0,0,2,5,8" ten="107,293,216,384" oya="3" hai0="44,54,52,69,109,115,33,92,86,43,131,85,94" hai1="23,40,78,113,53,27,118,102,7,134,19,70,77" hai2="106,11,104,100,61,37,90,88,111,124,35,75,47" hai3="20,87,34,1,31,41,83,36,76,39,98,107,50"/><W17/><G1/><T79/><D69/><U60/><E113/><V119/><F35/><W112/><G112/><T21/><D33/><U55/><E118/><V121/><F61/><W12/><G34/><T25/><D109/><U84/><E134/><V95/><F47/><W68/><G68/><T91/><D115/><U117/><E117/><V126/><F11/><W29/><G50/><T62/><D131/><U9/><E40/><V48/><F48/><W101/><G41/><T103/><D62/><U93/><E70/><V127/><F37/><W135/><G135/><T64/><D64/><U59/><E55/><V13/><F13/><W51/><G51/><T65/><D65/><U66/><E66/><V63/><F63/><W24/><G31/><T4/><D4/><U16/><E19/><V125/><F119/><W128/><G128/><T73/><D73/><U81/><E102/><V82/><F126/><W32/><AGARI ba="0,0" hai="12,17,20,24,29,32,36,39,76,83,87,98,101,107" machi="32" ten="20,3900,0" yaku="0,1,7,1,52,1" doraHai="8" who="3" fromWho="3" sc="107,-13,293,-13,216,-13,384,39" owari="94,-40.6,280,8.0,203,-19.7,423,52.3" /></mjloggm>