<mjloggm ver="2.3"><GO type="169" lobby="0"/><UN n0="%E3%81%9F%E3%81%AA%E3%81%8B%E6%95%99%E7%A5%96" n1="%4D%41%43%4F%54%4F" n2="%E3%81%AB%E3%81%A3%E3%81%A1%E3%82%87" n3="%6B%73%6B%79%30%36%30%33" dan="17,16,17,16" rate="2169.39,2065.76,2184.97,2147.35" sx="M,F,M,M"/><TAIKYOKU oya="0"/><INIT seed="0,0,0,5,1,94" ten="250,250,250,250" oya="0" hai0="128,89,91,82,62,61,73,90,76,21,63,129,118" hai1="126,127,113,103,16,35,66,100,12,105,47,124,69" hai2="104,79,101,2,95,81,4,77,50,22,125,74,37" hai3="45,88,115,3,34,131,60,108,53,78,117,46,68"/><T132/><D118/><U85/><E35/><V51/><F125/><W13/><G117/><T59/><D132/><U71/><E113/><V17/><F79/><W32/><G3/><T112/><D112/><U1/><E1/><V80/><F80/><W15/><G78/><T92/><D21/><U87/><E47/><V106/><F37/><W134/><G108/><T8/><D8/><U26/><E26/><V36/><F36/><W99/><G131/><T58/><REACH who="0" step="1"/><D92/><REACH who="0" ten="240,250,250,250" step="2"/><U9/><E105/><V96/><F106/><W14/><G115/><T6/><D6/><U38/><E126/><V107/><F107/><W5/><G5/><T102/><D102/><U42/><E127/><V48/><F104/><W57/><G134/><T65/><D65/><U64/><E124/><V84/><F4/><W55/><G34/><T123/><D123/><U121/><E103/><V44/><F2/><W10/><G32/><T70/><D70/><U130/><E100/><V19/><F74/><W23/><G68/><N who="1" m="26186" /><E121/><V72/><F72/><W33/><G33/><T20/><D20/><U31/><E130/><AGARI ba="0,1" hai="58,59,61,62,63,73,76,82,89,90,91,128,129,130" machi="130" ten="50,4800,0" yaku="1,1,19,1,53,0" doraHai="94" doraHaiUra="110" who="0" fromWho="1" sc="240,58,250,-48,250,0,250,0" /><INIT seed="0,1,0,3,0,46" ten="298,202,250,250" oya="0" hai0="133,123,66,93,96,130,57,40,44,80,100,129,50" hai1="48,21,11,19,79,3,27,42,61,90,99,16,63" hai2="122,134,33,8,56,76,9,35,131,69,115,74,111" hai3="77,31,105,0,65,32,12,41,49,59,5,125,110"/><T135/><D123/><U64/><E79/><V98/><F98/><W126/><G110/><T101/><D101/><U119/><E119/><V91/><F56/><W106/><G0/><T22/><D80/><U116/><E116/><V112/><F76/><W88/><G77/><T23/><D66/><U82/><E3/><V83/><F83/><W37/><G37/><T102/><D102/><U2/><E2/><V55/><F131/><N who="0" m="50186" /><D57/><U71/><E63/><V47/><F122/><W87/><G65/><T43/><D43/><U124/><E124/><N who="3" m="47722" /><G106/><T54/><D54/><U121/><E121/><V58/><F58/><W51/><G105/><T39/><D39/><U24/><E82/><V36/><F36/><W97/><G97/><T38/><D38/><U14/><E99/><V75/><F55/><W52/><G41/><T72/><D72/><U114/><E90/><V7/><F91/><W117/><G117/><T26/><D22/><U108/><E114/><V128/><F128/><W85/><G85/><T28/><AGARI ba="1,0" hai="23,26,28,40,44,50,93,96,100,133,135" m="50186" machi="28" ten="30,3000,0" yaku="19,1,52,1" doraHai="46" who="0" fromWho="0" sc="298,33,202,-11,250,-11,250,-11" /><INIT seed="0,2,0,2,3,19" ten="331,191,239,239" oya="0" hai0="38,17,45,7,0,83,9,120,54,107,133,46,74" hai1="8,26,34,131,85,98,110,70,134,80,37,92,94" hai2="16,11,29,3,40,96,130,49,114,132,60,35,121" hai3="89,39,47,116,13,124,111,48,77,66,115,97,2"/><T78/><D120/><U21/><E37/><V57/><F121/><W50/><G2/><T58/><D133/><U30/><E134/><V95/><F132/><W18/><G115/><T55/><D107/><U27/><E70/><V127/><F114/><W12/><G116/><T10/><D54/><U103/><E110/><V106/><F106/><W68/><G77/><T52/><D55/><U56/><E131/><V76/><F76/><W79/><G79/><T87/><D87/><U44/><E56/><V25/><F127/><W72/><G72/><T100/><D100/><U42/><E8/><V63/><F130/><W20/><G111/><T43/><D45/><U61/><E61/><V118/><F118/><W99/><G124/><T22/><D10/><U117/><E117/><V4/><F57/><W32/><G32/><T51/><D17/><U119/><E119/><V112/><F112/><W31/><G31/><T1/><D1/><U82/><E92/><V91/><F49/><W41/><G13/><T108/><D108/><U122/><E85/><V86/><F40/><W5/><G5/><T102/><D102/><U90/><E103/><V23/><REACH who="2" step="1"/><F86/><REACH who="2" ten="331,191,229,239" step="2"/><W59/><G59/><T6/><D6/><U65/><E122/><V67/><F67/><W24/><G66/><T69/><D69/><U93/><E65/><V104/><F104/><W71/><G68/><T84/><D84/><U126/><E126/><V53/><F53/><W125/><G71/><T81/><D81/><U129/><E129/><V109/><F109/><W128/><G125/><T15/><D0/><U28/><E93/><RYUUKYOKU ba="2,1" sc="331,10,191,10,229,10,239,-30" hai0="7,9,15,22,38,43,46,51,52,58,74,78,83" hai1="21,26,27,28,30,34,42,44,80,82,90,94,98" hai2="3,4,11,16,23,25,29,35,60,63,91,95,96" /><INIT seed="0,3,1,1,2,0" ten="341,201,239,209" oya="0" hai0="15,40,16,134,112,60,61,11,70,94,120,82,115" hai1="77,104,105,67,34,83,18,41,6,24,107,95,3" hai2="1,75,73,7,127,93,84,128,48,25,45,58,109" hai3="124,133,23,39,91,106,103,13,38,28,52,57,9"/><T33/><D120/><U21/><E67/><V135/><F109/><W14/><G124/><T97/><D134/><U55/><E41/><V47/><F127/><W108/><G108/><T17/><D33/><U50/><E95/><V62/><F128/><W56/><G56/><T29/><D29/><U96/><E96/><V122/><F135/><W35/><G35/><T113/><D40/><U65/><E65/><V54/><F25/><W80/><G103/><T81/><D17/><U78/><E34/><V26/><F26/><W76/><G106/><T116/><D116/><U89/><E89/><V69/><F69/><W42/><G91/><T46/><D46/><U27/><E27/><V63/><F47/><W22/><G28/><T131/><D131/><U72/><E78/><V88/><F122/><W86/><G133/><T132/><D132/><U92/><E92/><V68/><F68/><W126/><G126/><T53/><D70/><U12/><E3/><V100/><F100/><W43/><G38/><T59/><REACH who="0" step="1"/><D61/><REACH who="0" ten="331,201,239,209" step="2"/><U44/><REACH who="1" step="1"/><E105/><REACH who="1" ten="331,191,239,209" step="2"/><V118/><F63/><W37/><G42/><T87/><D87/><U4/><E4/><V51/><F62/><W114/><G43/><T130/><D130/><U101/><E101/><AGARI ba="3,3" hai="11,15,16,53,59,60,81,82,94,97,101,112,113,115" machi="101" ten="40,7700,0" yaku="1,1,54,1,53,1" doraHai="0" doraHaiUra="90" who="0" fromWho="1" sc="331,116,191,-86,239,0,209,0" /><INIT seed="0,4,0,1,4,91" ten="447,105,239,209" oya="0" hai0="85,28,112,25,87,33,120,32,52,49,14,114,95" hai1="72,110,101,40,103,57,63,8,41,20,113,81,50" hai2="107,24,3,45,106,100,42,58,126,93,17,0,1" hai3="4,77,2,29,119,111,23,108,55,94,37,18,123"/><T51/><D120/><U70/><E110/><V89/><F126/><W82/><G37/><T19/><D33/><U128/><E70/><V59/><F24/><W97/><G123/><T73/><D73/><U64/><E128/><V99/><F17/><W31/><G55/><T10/><D49/><U12/><E113/><V116/><F116/><W7/><G119/><T121/><D121/><U66/><E66/><V16/><F16/><W62/><G62/><T124/><D124/><U135/><E20/><V132/><F132/><W86/><G29/><T74/><D74/><U79/><E135/><V90/><F90/><W133/><G31/><T75/><D75/><U130/><E130/><V22/><F22/><W39/><G39/><T117/><D117/><U67/><E67/><V48/><REACH who="2" step="1"/><F107/><REACH who="2" ten="447,105,229,209" step="2"/><W61/><G133/><T60/><D112/><U5/><REACH who="1" step="1"/><E50/><REACH who="1" ten="447,95,229,209" step="2"/><V125/><F125/><W11/><G108/><T115/><D115/><U78/><E78/><V13/><F13/><W104/><G111/><T6/><D114/><U102/><AGARI ba="4,2" hai="5,8,12,40,41,57,63,64,72,79,81,101,102,103" machi="102" ten="30,2000,0" yaku="1,1,0,1,53,0" doraHai="91" doraHaiUra="65" who="1" fromWho="1" sc="447,-14,95,52,229,-9,209,-9" /><INIT seed="1,0,0,3,2,27" ten="433,147,220,200" oya="1" hai0="87,74,17,46,10,66,75,57,35,112,90,127,42" hai1="24,50,71,39,60,101,81,80,133,121,104,131,61" hai2="76,49,40,129,123,86,126,22,58,19,124,118,82" hai3="100,31,4,64,43,1,28,78,48,107,83,0,103"/><U84/><E121/><V20/><F123/><W7/><G64/><T6/><D112/><U54/><E39/><V132/><F118/><W21/><G21/><T120/><D120/><U52/><E131/><V23/><F129/><W134/><G134/><T130/><D130/><U18/><E71/><V26/><F132/><W63/><G63/><T8/><D35/><U5/><E5/><N who="3" m="2122" /><G0/><T56/><D127/><N who="2" m="48682" /><F58/><W72/><G72/><T105/><D105/><U128/><E128/><V91/><F76/><W110/><G1/><T102/><D102/><N who="3" m="38953" /><G107/><T109/><D66/><U41/><E101/><V14/><F14/><W65/><G65/><T96/><D10/><U73/><E104/><V13/><F13/><W3/><G3/><T97/><D8/><U25/><E73/><V106/><F106/><W99/><G99/><T12/><D96/><U53/><E133/><V95/><F95/><W36/><G36/><T37/><D97/><U62/><E81/><V51/><F51/><W89/><G78/><T111/><D12/><U117/><E117/><V115/><F115/><W67/><G67/><T125/><D125/><U92/><E92/><V122/><F122/><W88/><G110/><N who="0" m="41995" /><D6/><U11/><E11/><V70/><F70/><W77/><G77/><T68/><D68/><U47/><REACH who="1" step="1"/><E18/><REACH who="1" ten="433,137,220,200" step="2"/><V85/><F85/><N who="3" m="50239" /><G89/><AGARI ba="0,1" hai="24,25,41,47,50,52,53,54,60,61,62,80,84,89" machi="89" ten="40,7700,0" yaku="1,1,8,1,54,1,53,0" doraHai="27" doraHaiUra="113" who="1" fromWho="3" sc="433,0,137,87,220,0,200,-77" /><INIT seed="1,1,0,2,1,120" ten="433,224,220,123" oya="1" hai0="85,5,79,9,19,83,107,88,69,16,112,8,96" hai1="130,48,60,51,43,27,64,84,133,82,4,81,46" hai2="61,91,86,66,123,80,127,101,55,23,14,104,34" hai3="87,57,75,125,95,33,2,63,124,68,28,67,110"/><U22/><E130/><V119/><F123/><W109/><G75/><T0/><D69/><U74/><E133/><V49/><F119/><W132/><G2/><T73/><D112/><U36/><E4/><V7/><F127/><N who="3" m="48715" /><G132/><T70/><D70/><U113/><E113/><V54/><F34/><W90/><G68/><T129/><D129/><U117/><E117/><V37/><F37/><W135/><G135/><T131/><D131/><U98/><E98/><V106/><F101/><W24/><AGARI ba="1,0" hai="24,28,33,57,63,67,87,90,95,109,110" m="48715" machi="24" ten="30,4000,0" yaku="18,1,52,2" doraHai="120" who="3" fromWho="3" sc="433,-11,224,-21,220,-11,123,43" /><INIT seed="2,0,0,4,2,67" ten="422,203,209,166" oya="2" hai0="95,12,126,112,84,27,117,1,28,71,116,24,87" hai1="100,104,29,123,38,46,125,115,85,42,77,32,44" hai2="92,56,13,106,8,2,131,68,114,128,39,78,89" hai3="94,64,79,60,93,19,134,37,82,23,102,119,15"/><V45/><F114/><W14/><G119/><N who="0" m="45643" /><D1/><U35/><E115/><V69/><F106/><W65/><G37/><T88/><D112/><U73/><E125/><V98/><F2/><W109/><G109/><T6/><D126/><U41/><E85/><V81/><F56/><W101/><G134/><T50/><D71/><U113/><E123/><V43/><F131/><W74/><G65/><T108/><D108/><U18/><E18/><V33/><F33/><W51/><G51/><T22/><D27/><U72/><E113/><V58/><F58/><W31/><G31/><T127/><D50/><U133/><E133/><V26/><F26/><W62/><G15/><T96/><D127/><U53/><E53/><V66/><F66/><W70/><REACH who="3" step="1"/><G62/><REACH who="3" ten="422,203,209,156" step="2"/><T122/><D122/><U55/><E29/><V83/><F128/><W135/><G135/><T4/><D12/><U80/><E55/><V54/><F54/><W86/><G86/><AGARI ba="0,1" hai="4,6,22,24,28,84,86,87,88,95,96" m="45643" machi="86" ten="30,2000,0" yaku="12,1,54,1" doraHai="67" who="0" fromWho="3" sc="422,30,203,0,209,0,156,-20" /><INIT seed="3,0,0,0,4,124" ten="452,203,209,136" oya="3" hai0="106,85,98,96,100,9,3,109,61,30,89,108,71" hai1="18,39,131,87,79,99,119,54,103,10,90,29,35" hai2="91,78,12,130,24,17,86,113,31,83,118,1,123" hai3="33,50,133,51,57,105,111,73,65,93,36,95,23"/><W34/><G105/><T112/><D112/><U132/><E39/><V80/><F113/><W134/><G36/><T84/><D96/><U20/><E132/><N who="3" m="50794" /><G73/><T46/><D46/><U104/><E119/><V58/><F1/><W19/><G111/><N who="0" m="42571" /><D30/><U77/><E10/><V49/><F123/><W120/><G120/><T63/><D71/><U129/><E54/><V28/><F118/><W107/><G107/><T72/><D72/><U135/><E29/><V66/><F24/><N who="3" m="14463" /><G65/><T52/><D52/><U116/><E35/><N who="3" m="13322" /><G57/><T8/><D84/><U42/><E116/><V127/><F127/><W125/><G125/><T62/><D3/><U40/><E135/><V81/><F66/><W7/><G7/><T2/><D2/><U6/><E6/><V92/><F78/><W11/><G11/><T45/><D45/><U44/><E79/><V110/><F110/><W69/><G69/><T55/><D55/><U74/><E77/><V76/><F76/><W102/><G102/><T21/><D21/><U14/><E74/><V75/><F75/><W114/><G114/><T128/><D9/><U41/><REACH who="1" step="1"/><E44/><REACH who="1" ten="452,193,209,136" step="2"/><V26/><F58/><W32/><G32/><T68/><D8/><U43/><N who="1" m="10240" /><DORA hai="121" /><U59/><E59/><V122/><F122/><W64/><G64/><T97/><D68/><U13/><E13/><V115/><F12/><W82/><G82/><AGARI ba="0,1" hai="14,18,20,82,87,90,99,103,104,129,131" m="10240" machi="82" ten="50,8000,1" yaku="1,1,52,2,53,1" doraHai="124,121" doraHaiUra="101,47" who="1" fromWho="3" sc="452,0,193,90,209,0,136,-80" /><INIT seed="4,0,0,3,3,66" ten="452,283,209,56" oya="0" hai0="65,46,123,78,94,4,76,118,44,113,29,72,120" hai1="60,80,58,91,132,32,56,69,53,114,104,7,28" hai2="12,108,18,124,116,30,98,128,33,112,97,63,38" hai3="130,23,109,62,105,111,121,99,96,93,83,135,79"/><T59/><D118/><U119/><E119/><V95/><F116/><W64/><G130/><T54/><D113/><U26/><E104/><V19/><F108/><W133/><G23/><T13/><D29/><U73/><E114/><V14/><F38/><W20/><G121/><T55/><D65/><U10/><E132/><N who="3" m="50762" /><G20/><T125/><D125/><U24/><E24/><V110/><F112/><W37/><G37/><T101/><D101/><U39/><E39/><V25/><F124/><W16/><G16/><T48/><D94/><U15/><E73/><V117/><F110/><N who="3" m="41995" /><G105/><T47/><D55/><U82/><E69/><V71/><F117/><W2/><G2/><T50/><D50/><U86/><E56/><V102/><F128/><W35/><G35/><T89/><D72/><U85/><E85/><V70/><F98/><W31/><G31/><T0/><D0/><U107/><E107/><V45/><F45/><W17/><G17/><T67/><D46/><U81/><AGARI ba="0,0" hai="7,10,15,26,28,32,53,58,60,80,81,82,86,91" machi="81" ten="20,1500,0" yaku="0,1,7,1" doraHai="66" who="1" fromWho="1" sc="452,-7,283,15,209,-4,56,-4" /><INIT seed="5,0,0,3,5,110" ten="445,298,205,52" oya="1" hai0="23,126,68,90,114,92,22,26,80,133,131,6,89" hai1="113,45,12,34,39,125,132,20,107,81,28,64,121" hai2="111,40,21,128,16,8,29,69,62,10,118,108,38" hai3="3,88,76,72,99,70,1,60,35,7,27,43,135"/><U95/><E121/><V9/><F118/><W0/><G135/><T129/><D68/><U85/><E107/><V48/><F38/><W75/><G7/><T31/><D133/><U19/><E132/><V61/><F29/><W74/><G43/><T56/><D126/><U117/><E117/><V51/><F128/><N who="0" m="49226" /><D114/><U47/><E125/><V127/><F127/><W87/><G99/><N who="0" m="57743" /><D6/><U134/><E39/><V44/><F51/><W100/><G100/><T33/><D56/><U105/><E105/><V46/><F46/><W104/><G104/><T116/><D116/><U101/><E113/><V18/><F18/><W120/><G120/><T14/><D14/><U103/><E64/><V115/><F115/><W42/><G42/><T67/><D67/><U24/><E134/><V37/><F37/><W30/><G70/><T17/><D17/><U124/><E124/><V54/><F40/><W79/><REACH who="3" step="1"/><G60/><REACH who="3" ten="445,298,205,42" step="2"/><T5/><D5/><U94/><E103/><V122/><F122/><W58/><G58/><T97/><D97/><U84/><E101/><V65/><REACH who="2" step="1"/><F62/><REACH who="2" ten="445,298,195,42" step="2"/><W63/><G63/><T77/><D90/><N who="1" m="51471" /><E47/><V78/><F78/><W52/><G52/><T15/><D77/><U119/><E45/><V50/><F50/><W4/><G4/><T123/><D123/><U109/><E119/><V130/><F130/><W59/><G59/><T36/><D36/><U112/><E112/><V93/><F93/><AGARI ba="0,2" hai="0,1,3,27,30,35,72,74,75,76,79,87,88,93" machi="93" ten="50,3200,0" yaku="1,1,54,1,53,0" doraHai="110" doraHaiUra="98" who="3" fromWho="2" sc="445,0,298,0,195,-32,42,52" /><INIT seed="6,0,0,0,4,24" ten="445,298,163,94" oya="2" hai0="14,86,101,65,25,15,87,118,51,126,5,71,103" hai1="120,135,56,124,113,92,53,26,128,20,46,116,48" hai2="61,50,19,31,54,43,2,69,16,58,57,129,121" hai3="17,63,49,119,28,23,108,84,73,115,74,41,39"/><V83/><F121/><W111/><G39/><T93/><D126/><U32/><E116/><V0/><F69/><W36/><G119/><T112/><D118/><U4/><E32/><V89/><F129/><W55/><G36/><T64/><D112/><U91/><E128/><V132/><F132/><W77/><G41/><T88/><D71/><U45/><E135/><V110/><F110/><W37/><G37/><T109/><D86/><U67/><E124/><V70/><F70/><W33/><G63/><T105/><D105/><U44/><E113/><V96/><F31/><W76/><G115/><T114/><D114/><U7/><E67/><N who="0" m="25673" /><D109/><U99/><REACH who="1" step="1"/><E120/><REACH who="1" ten="445,288,163,94" step="2"/><V125/><F125/><W18/><G33/><T79/><D79/><U62/><E62/><V42/><F61/><W78/><G108/><T100/><D5/><U11/><E11/><V127/><F127/><W94/><G111/><T107/><D107/><U9/><E9/><V98/><F50/><W27/><G74/><T80/><D51/><U35/><E35/><V81/><F54/><W12/><G73/><T122/><D122/><U8/><E8/><V75/><F75/><W133/><G133/><T102/><D25/><U38/><E38/><V40/><F40/><W134/><G134/><T22/><D22/><U97/><E97/><AGARI ba="0,1" hai="14,15,80,87,88,93,97,100,101,102,103" m="25673" machi="97" ten="30,2000,0" yaku="8,1,54,1" doraHai="24" who="0" fromWho="1" sc="445,30,288,-20,163,0,94,0" /><INIT seed="7,0,0,5,2,103" ten="475,268,163,94" oya="3" hai0="130,53,63,113,114,9,16,3,85,19,49,48,117" hai1="131,14,52,50,29,70,32,30,56,26,11,6,33" hai2="78,110,101,89,106,4,91,112,90,109,67,28,54" hai3="61,45,8,133,59,0,120,10,95,17,73,24,102"/><W58/><G73/><T132/><D117/><U68/><E131/><V25/><F112/><W80/><G120/><T118/><D130/><U2/><E2/><V15/><F78/><W128/><G0/><T20/><D118/><U127/><E127/><V83/><F83/><W77/><G128/><T98/><D132/><U105/><E105/><V97/><F67/><W41/><G133/><T115/><D98/><U65/><E65/><V135/><F135/><W93/><G80/><T43/><D85/><U22/><E22/><V74/><F74/><W72/><G72/><T66/><D43/><U21/><E21/><V125/><F125/><W96/><G77/><T108/><D108/><U126/><E126/><V76/><F76/><W75/><G75/><T44/><D48/><U36/><E36/><V7/><F54/><W35/><G35/><T100/><D100/><U87/><E87/><V116/><F116/><W81/><G81/><T99/><D99/><U38/><E38/><V123/><F123/><W111/><G111/><T27/><D3/><U57/><E57/><N who="3" m="21514" /><G61/><T134/><D134/><U37/><E37/><V31/><F110/><W71/><G71/><N who="0" m="42463" /><D9/><N who="3" m="3689" /><G95/><T5/><D5/><U129/><E129/><V18/><F109/><W79/><G79/><T84/><D84/><U121/><E121/><V104/><F104/><W124/><G124/><T39/><D39/><U69/><E69/><V12/><F7/><W92/><G92/><T88/><D19/><U64/><E64/><V46/><F31/><W55/><G41/><T34/><D34/><U107/><E107/><V62/><F106/><RYUUKYOKU ba="0,0" sc="475,15,268,15,163,-15,94,-15" hai0="16,20,27,44,49,53,88,113,114,115" hai1="6,11,14,26,29,30,32,33,50,52,56,68,70" owari="490,59.0,283,8.3,148,-25.2,79,-42.1" /></mjloggm>