<mjloggm ver="2.3"><GO type="169" lobby="0"/><UN n0="%E3%83%8A%E3%82%AB%E3%81%AB%E3%81%97" n1="%E5%A5%B3%E3%81%AA%E3%81%AE%E3%81%82%E3%81%8C%E3%82%89%E3%81%9B%E3%81%A6" n2="%68%61%73%68%69%30%30%31" n3="%E3%83%9F%E3%82%B2%E3%83%BC%E3%83%AB%E6%94%B9" dan="17,16,16,16" rate="2267.59,2123.87,2091.64,2210.51" sx="M,M,M,M"/><TAIKYOKU oya="0"/><INIT seed="0,0,0,2,5,130" ten="250,250,250,250" oya="0" hai0="48,82,58,93,106,27,29,113,76,100,123,78,1" hai1="135,38,26,118,80,56,24,3,72,89,134,95,91" hai2="57,84,30,39,79,18,45,21,86,22,20,62,103" hai3="128,13,46,97,33,5,10,53,85,109,0,124,119"/><T52/><D113/><U23/><E118/><V96/><F39/><W28/><G119/><T37/><D123/><U110/><E3/><V11/><F45/><W2/><G128/><T92/><D1/><U50/><E38/><V65/><F79/><W83/><G109/><T40/><D78/><U64/><E110/><V73/><F73/><W8/><G124/><T6/><D6/><U102/><E102/><V63/><F63/><W19/><G0/><T116/><D116/><U14/><E14/><V132/><F11/><W99/><G28/><T81/><D106/><U49/><E26/><V120/><F120/><W133/><G33/><T12/><D12/><U7/><E7/><V42/><F42/><W104/><G104/><T32/><D100/><U74/><E91/><V112/><F18/><W47/><G47/><T115/><D82/><U25/><E80/><V16/><F30/><W94/><G94/><T117/><D115/><U66/><E89/><V108/><F86/><W15/><G2/><T9/><D9/><U107/><E95/><V17/><F84/><W105/><G105/><T114/><D114/><U69/><E107/><V125/><F125/><W43/><G43/><T44/><REACH who="0" step="1"/><D117/><REACH who="0" ten="240,250,250,250" step="2"/><U70/><E23/><N who="2" m="8779" /><F112/><W31/><G5/><T111/><D111/><U71/><E71/><V131/><F17/><W60/><G10/><T129/><D129/><U90/><E90/><V54/><F131/><W75/><G8/><T55/><D55/><U87/><E87/><AGARI ba="0,1" hai="27,29,32,37,40,44,48,52,58,76,81,87,92,93" machi="87" ten="30,5800,0" yaku="1,1,7,1,54,1,53,0" doraHai="130" doraHaiUra="67" who="0" fromWho="1" sc="240,68,250,-58,250,0,250,0" /><INIT seed="0,1,0,3,4,77" ten="308,192,250,250" oya="0" hai0="103,116,117,76,14,39,130,133,98,4,9,46,55" hai1="92,128,90,73,19,79,110,114,122,85,123,135,50" hai2="102,82,84,56,105,1,132,13,29,18,88,62,47" hai3="93,108,32,127,87,15,104,96,40,121,24,124,26"/><T69/><D69/><U99/><E50/><V111/><F111/><W27/><G32/><T54/><D130/><U12/><E19/><V94/><F1/><W118/><G118/><T37/><D133/><U66/><E66/><V52/><F132/><W48/><G108/><T5/><D76/><U106/><E12/><V21/><F105/><W25/><G104/><T51/><D4/><U49/><E49/><N who="2" m="28735" /><F29/><W57/><G121/><N who="1" m="46090" /><E110/><V71/><F71/><W75/><G87/><T95/><REACH who="0" step="1"/><D54/><REACH who="0" ten="298,192,250,250" step="2"/><U129/><E135/><V81/><F102/><W16/><G40/><T119/><AGARI ba="1,1" hai="5,9,14,37,39,46,51,55,95,98,103,116,117,119" machi="119" ten="30,6000,0" yaku="1,1,2,1,0,1,53,0" doraHai="77" doraHaiUra="72" who="0" fromWho="0" sc="298,73,192,-21,250,-21,250,-21" /><INIT seed="0,2,0,4,0,83" ten="371,171,229,229" oya="0" hai0="117,17,64,96,0,79,39,133,72,126,56,131,112" hai1="127,122,11,15,43,22,108,5,125,48,67,103,3" hai2="12,121,24,135,78,128,105,1,41,63,13,18,37" hai3="94,70,35,115,86,113,97,9,85,74,28,101,134"/><T92/><D112/><U38/><E122/><V118/><F1/><W62/><G74/><T132/><D117/><U87/><E38/><V44/><F105/><W55/><G9/><T53/><D39/><U7/><E108/><V88/><F121/><W54/><G115/><T4/><D131/><U34/><E103/><V91/><F135/><W81/><G134/><N who="0" m="51819" /><D64/><U8/><E34/><V46/><F78/><W124/><G81/><N who="0" m="45287" /><D17/><U14/><E67/><V31/><F128/><W114/><G113/><T77/><D77/><U6/><E48/><V60/><F118/><W123/><G123/><T36/><D36/><U47/><E47/><V29/><F37/><W82/><G114/><T2/><D4/><N who="1" m="1643" /><E43/><V59/><F59/><W68/><G70/><T95/><D126/><N who="1" m="48139" /><E87/><V73/><F18/><W104/><G124/><T49/><D95/><U106/><E106/><V102/><F102/><AGARI ba="2,0" hai="0,2,49,53,56,92,96,102" m="45287,51819" machi="102" ten="30,1500,0" yaku="20,1" doraHai="83" who="0" fromWho="2" sc="371,21,171,0,229,-21,229,0" /><INIT seed="0,3,0,1,0,71" ten="392,171,208,229" oya="0" hai0="117,32,21,75,105,128,103,83,4,7,49,44,69" hai1="99,93,95,110,76,116,13,73,84,20,113,65,60" hai2="132,123,63,108,85,9,25,54,120,45,72,79,86" hai3="26,8,22,102,87,126,19,62,119,115,68,50,16"/><T10/><D117/><U89/><E116/><V74/><F108/><W61/><G119/><T121/><D121/><U37/><E110/><V38/><F25/><W97/><G115/><T6/><D32/><U67/><E113/><V3/><F63/><W35/><G35/><T47/><D69/><U111/><E111/><V107/><F107/><W64/><G62/><T92/><D105/><U78/><E67/><V91/><F54/><W39/><G39/><T27/><D128/><U109/><E109/><V80/><F74/><W2/><G50/><T82/><D75/><U11/><E20/><V98/><F98/><W31/><G87/><T1/><D10/><U29/><E29/><V36/><F86/><W129/><G129/><T24/><D1/><U48/><E48/><V46/><F132/><W43/><G43/><T77/><D77/><U40/><E37/><V70/><F70/><W124/><G2/><T0/><D27/><U15/><E15/><V131/><F131/><W33/><G8/><T94/><D0/><U101/><E40/><N who="2" m="22663" /><F91/><W34/><G34/><T66/><D66/><U56/><REACH who="1" step="1"/><E73/><REACH who="1" ten="392,161,208,229" step="2"/><V112/><F112/><W41/><G41/><T5/><D49/><U104/><E104/><V52/><F38/><W88/><G22/><T118/><D118/><U133/><E133/><V17/><F72/><W55/><G31/><T28/><N who="0" m="1024" /><DORA hai="14" /><T18/><D28/><U59/><E59/><V57/><F3/><W53/><G64/><T134/><D134/><U30/><E30/><V122/><F57/><W90/><G68/><T125/><D21/><U42/><E42/><RYUUKYOKU ba="3,1" sc="392,-10,161,30,208,-10,229,-10" hai1="11,13,56,60,65,76,78,84,89,93,95,99,101" /><INIT seed="1,4,1,1,0,113" ten="382,191,198,219" oya="1" hai0="105,33,118,14,63,13,124,4,107,54,45,3,28" hai1="97,21,64,66,72,40,62,29,121,99,100,101,30" hai2="39,73,48,19,61,49,34,92,126,74,135,88,35" hai3="2,123,32,128,12,68,129,11,18,52,50,79,24"/><U0/><E121/><V53/><F39/><W77/><G123/><T44/><D124/><U127/><E127/><V69/><F126/><W55/><G68/><T98/><D3/><U27/><E0/><V82/><F135/><W133/><G2/><T85/><D33/><U117/><E72/><V58/><F49/><W25/><G133/><T16/><D28/><U67/><E40/><V8/><F35/><W36/><G36/><T70/><D70/><U96/><E117/><V9/><F34/><W109/><G109/><T94/><D105/><U75/><E75/><V41/><F69/><W93/><G32/><T108/><D107/><U130/><E130/><N who="3" m="50282" /><G93/><T71/><D85/><U26/><REACH who="1" step="1"/><E62/><REACH who="1" ten="382,181,198,219" step="2"/><V5/><F41/><W59/><G55/><T65/><D118/><U60/><E60/><V17/><F74/><W87/><G87/><T51/><D108/><U56/><E56/><V38/><F61/><W122/><G122/><T111/><D111/><U106/><E106/><V10/><F38/><W20/><G25/><T47/><D47/><U42/><E42/><V78/><REACH who="2" step="1"/><F5/><AGARI ba="4,2" hai="5,11,12,18,20,24,50,52,59,77,79" m="50282" machi="5" ten="30,2000,0" yaku="19,1,54,1" doraHai="113" who="3" fromWho="2" sc="382,0,181,0,198,-32,219,52" /><INIT seed="2,0,0,0,2,8" ten="382,181,166,271" oya="2" hai0="126,78,12,100,134,91,86,33,135,94,24,85,5" hai1="22,17,35,55,45,11,81,25,87,105,60,121,92" hai2="6,23,128,59,77,30,70,27,37,99,132,44,15" hai3="0,34,68,63,7,80,41,43,49,102,88,93,109"/><V79/><F70/><W131/><G34/><T2/><D2/><U130/><E105/><V54/><F128/><W39/><G39/><T113/><D113/><U61/><E130/><V28/><F132/><N who="0" m="50730" /><D126/><U76/><E121/><V123/><F123/><W71/><G131/><T89/><D78/><U119/><E119/><V83/><F37/><W31/><G31/><N who="0" m="19687" /><D100/><U117/><E117/><V114/><F114/><W65/><G71/><T50/><D50/><N who="1" m="29135" /><E35/><V19/><F44/><W62/><G102/><T53/><D53/><U46/><E46/><V97/><F6/><W66/><G7/><T127/><D127/><U98/><E11/><V9/><F30/><W129/><G0/><T29/><D29/><U116/><E116/><V133/><F79/><W84/><G129/><T42/><D42/><U82/><E82/><V47/><F47/><W120/><G120/><T118/><D118/><U101/><AGARI ba="0,0" hai="17,22,25,60,61,76,81,87,92,98,101" m="29135" machi="101" ten="30,1100,0" yaku="8,1" doraHai="8" who="1" fromWho="1" sc="382,-3,181,11,166,-5,271,-3" /><INIT seed="3,0,0,3,0,22" ten="379,192,161,268" oya="3" hai0="70,71,15,27,20,124,69,42,101,29,10,47,26" hai1="73,85,59,4,0,86,95,68,48,24,32,64,66" hai2="117,14,60,123,132,6,96,9,61,41,125,17,113" hai3="19,44,43,57,81,11,35,65,53,119,2,21,51"/><W13/><G35/><T129/><D129/><U40/><E73/><V18/><F117/><W16/><G119/><T74/><D74/><U118/><E118/><V112/><F41/><W39/><G2/><T98/><D124/><U87/><E68/><V111/><F96/><W84/><G65/><T122/><D122/><U104/><E104/><V23/><F61/><W7/><REACH who="3" step="1"/><G21/><REACH who="3" ten="379,192,161,258" step="2"/><T106/><D20/><U75/><E0/><V63/><F23/><W88/><AGARI ba="0,1" hai="7,11,13,16,19,39,43,44,51,53,57,81,84,88" machi="88" ten="20,18000,2" yaku="1,1,2,1,0,1,7,1,54,2,53,0" doraHai="22" doraHaiUra="110" who="3" fromWho="3" sc="379,-60,192,-60,161,-60,258,190" /><INIT seed="3,1,0,4,2,81" ten="319,132,101,448" oya="3" hai0="135,134,22,28,26,95,101,126,39,129,11,79,133" hai1="72,47,5,89,86,55,120,18,105,87,116,73,68" hai2="12,44,50,40,119,102,112,10,4,98,19,117,30" hai3="64,110,43,61,67,127,92,51,14,41,15,97,1"/><W82/><G1/><T115/><D39/><U33/><E120/><V16/><F112/><W88/><G127/><T37/><D37/><U90/><E33/><V42/><F30/><W53/><G110/><T25/><D79/><U113/><E68/><V96/><F42/><N who="3" m="15883" /><G82/><T99/><D115/><U100/><E18/><V34/><F34/><W111/><G111/><T83/><D126/><U60/><E60/><V49/><F98/><W74/><G74/><N who="1" m="28778" /><E55/><V114/><F114/><W131/><G131/><T63/><D129/><U38/><E47/><V7/><F19/><W109/><G109/><T75/><D75/><U2/><E5/><V69/><F69/><W121/><G121/><T27/><D83/><N who="1" m="49375" /><E2/><V80/><F80/><W76/><G76/><T104/><D104/><U20/><E20/><V57/><F119/><W56/><G67/><T66/><REACH who="0" step="1"/><D11/><REACH who="0" ten="309,132,101,448" step="2"/><U125/><E38/><V48/><F117/><W103/><G103/><T54/><D54/><U21/><E116/><V0/><F0/><W13/><G64/><T106/><D106/><U24/><E113/><V94/><F57/><AGARI ba="1,1" hai="22,25,26,27,28,57,63,66,95,99,101,133,134,135" machi="57" ten="40,8000,1" yaku="1,1,25,2,20,1,53,1" doraHai="81" doraHaiUra="52" who="0" fromWho="2" sc="309,93,132,0,101,-83,448,0" /><INIT seed="4,0,0,5,5,16" ten="402,132,18,448" oya="0" hai0="120,99,36,41,57,104,123,132,65,125,20,71,18" hai1="22,52,60,54,35,106,43,83,76,128,2,95,6" hai2="126,8,64,34,103,14,44,58,59,72,87,23,56" hai3="25,11,127,129,17,66,109,47,97,19,130,63,85"/><T82/><D132/><U55/><E106/><V28/><F34/><W4/><G109/><T81/><D125/><U68/><E35/><V101/><F72/><W78/><G127/><T75/><D71/><U112/><E128/><N who="3" m="49258" /><G97/><T1/><D1/><U32/><E32/><V42/><F126/><W69/><G47/><T21/><D41/><U94/><E6/><V90/><F64/><W89/><G78/><T39/><D65/><U51/><E2/><V3/><F3/><N who="3" m="415" /><G25/><T62/><D99/><U107/><E107/><V86/><F44/><W80/><AGARI ba="0,0" hai="17,19,63,66,69,80,85,89" m="415,49258" machi="80" ten="30,1100,0" yaku="19,1" doraHai="16" who="3" fromWho="3" sc="402,-5,132,-3,18,-3,448,11" /><INIT seed="5,0,0,2,1,53" ten="397,129,15,459" oya="1" hai0="106,115,74,14,39,77,82,21,2,128,107,134,88" hai1="27,65,63,127,98,26,120,38,7,43,20,52,125" hai2="113,16,40,93,75,9,29,47,66,92,86,35,67" hai3="13,68,108,100,103,104,32,91,80,110,23,18,28"/><U114/><E120/><V121/><F75/><W3/><G68/><T122/><D39/><U79/><E114/><V59/><F35/><W81/><G3/><T51/><D2/><U54/><E79/><V11/><F29/><W130/><G28/><T55/><D115/><U5/><E98/><V117/><F117/><W118/><G118/><T56/><D128/><U30/><E43/><V102/><F121/><W64/><G64/><T112/><D112/><U123/><E38/><V97/><F66/><W57/><G32/><T129/><D129/><U17/><E123/><V116/><F116/><W48/><G104/><T78/><D134/><U0/><E7/><V131/><F92/><W46/><G110/><T61/><D78/><U45/><E5/><V12/><F86/><N who="3" m="50631" /><G130/><T70/><D122/><U95/><E95/><V96/><F96/><W4/><G4/><T135/><D135/><U24/><E0/><V8/><F131/><W109/><G81/><T94/><D61/><U126/><E45/><V119/><F119/><W31/><G31/><T42/><D70/><U111/><E111/><V132/><F132/><W6/><G6/><T90/><D42/><U19/><E19/><V73/><F73/><W60/><G109/><T10/><D90/><U85/><E85/><V84/><F84/><W105/><G105/><T44/><D107/><U89/><E89/><V124/><F124/><W50/><G108/><T99/><D106/><U72/><E72/><V69/><F69/><W36/><G36/><T87/><D74/><U22/><E27/><V25/><F113/><W33/><G33/><RYUUKYOKU ba="0,0" sc="397,-10,129,30,15,-10,459,-10" hai1="17,20,22,24,26,30,52,54,63,65,125,126,127" /><INIT seed="5,1,0,3,1,121" ten="387,159,5,449" oya="1" hai0="23,43,18,17,119,125,96,82,101,135,124,37,61" hai1="110,33,39,21,12,31,86,27,83,112,45,42,90" hai2="80,129,48,49,51,97,57,75,99,8,77,3,28" hai3="133,92,41,62,32,91,15,115,81,6,111,130,25"/><U88/><E112/><V9/><F3/><W54/><G111/><T93/><D119/><U2/><E2/><V118/><F118/><W47/><G115/><T71/><D135/><U69/><E69/><V94/><F28/><W131/><G81/><T120/><D120/><U74/><E74/><V104/><F104/><W29/><G133/><T65/><D82/><U38/><E38/><V10/><F129/><N who="3" m="49163" /><G54/><T98/><D98/><U22/><E110/><V106/><F106/><W64/><G15/><T117/><D117/><U30/><E30/><V78/><F75/><W36/><G6/><T70/><D70/><U134/><E134/><V7/><F80/><W0/><G0/><T59/><D71/><U100/><E100/><V102/><F7/><W14/><G14/><T126/><REACH who="0" step="1"/><D23/><REACH who="0" ten="377,159,5,449" step="2"/><U76/><REACH who="1" step="1"/><E22/><REACH who="1" ten="377,149,5,449" step="2"/><V46/><F46/><AGARI ba="1,2" hai="17,18,37,43,46,59,61,65,93,96,101,124,125,126" machi="46" ten="40,5200,0" yaku="1,1,2,1,18,1,53,0" doraHai="121" doraHaiUra="11" who="0" fromWho="2" sc="377,75,149,0,5,-55,449,0" owari="452,55.2,149,-25.1,-50,-55.0,449,24.9" /></mjloggm>