<mjloggm ver="2.3"><GO type="169" lobby="0"/><UN n0="%E9%AD%9A%E8%B0%B7%E4%BE%91%E7%BE%8E" n1="%E3%81%97%E3%82%83%E3%82%93%E3%81%8A%E3%81%98" n2="%E3%81%A6%E3%82%93%E3%81%8F%E3%81%86" n3="%6F%6B%61%62%65%73%68%69" dan="17,17,16,17" rate="2164.41,2158.41,2180.92,2201.64" sx="M,F,M,M"/><TAIKYOKU oya="0"/><INIT seed="0,0,0,2,2,100" ten="250,250,250,250" oya="0" hai0="80,66,41,23,22,119,133,64,38,101,132,71,57" hai1="118,78,15,105,95,49,16,85,34,83,61,73,77" hai2="117,25,54,86,90,69,114,102,19,8,126,93,24" hai3="106,122,98,75,99,31,81,62,134,40,2,0,113"/><T17/><D119/><U27/><E118/><V125/><F114/><W32/><G122/><T104/><D71/><U110/><E110/><V74/><F117/><W5/><G113/><T51/><D38/><U82/><E105/><V111/><F74/><W30/><G32/><T28/><D28/><U43/><E34/><V124/><F69/><W94/><G94/><T135/><D80/><U48/><E27/><V103/><F111/><W116/><G81/><T127/><D127/><U18/><E61/><V91/><F91/><W9/><G62/><T96/><D23/><U79/><E79/><V46/><F102/><W63/><G63/><T45/><REACH who="0" step="1"/><D57/><REACH who="0" ten="240,250,250,250" step="2"/><U87/><E73/><V6/><F125/><W1/><G116/><T121/><D121/><U84/><E82/><V120/><F120/><W130/><G30/><T129/><D129/><U58/><E83/><V59/><F59/><W89/><G31/><T37/><D37/><U39/><E58/><V47/><F126/><W115/><G130/><T36/><D36/><U20/><E39/><V3/><F124/><W44/><G115/><T52/><D52/><U14/><E77/><V72/><F54/><W65/><G75/><T109/><D109/><U92/><E78/><V42/><F72/><W67/><G65/><T29/><D29/><U13/><E43/><V128/><F42/><W70/><G67/><T4/><D4/><U123/><E123/><V60/><F6/><W107/><G70/><T56/><D56/><U21/><E21/><V55/><F128/><W50/><G5/><T108/><D108/><U26/><E18/><RYUUKYOKU ba="0,1" sc="240,15,250,15,250,-15,250,-15" hai0="17,22,41,45,51,64,66,96,101,104,132,133,135" hai1="13,14,15,16,20,26,48,49,84,85,87,92,95" /><INIT seed="0,1,1,4,5,58" ten="255,265,235,235" oya="0" hai0="135,99,112,50,92,82,109,30,87,4,7,3,97" hai1="61,32,86,68,43,108,34,70,44,45,49,15,80" hai2="96,124,75,42,118,46,134,110,101,12,107,41,25" hai3="76,84,133,26,90,129,14,39,132,51,52,23,69"/><T111/><D112/><U114/><E114/><V85/><F75/><W121/><G39/><T130/><D135/><N who="3" m="51785" /><G69/><T79/><D130/><U1/><E1/><V116/><F134/><W33/><G76/><T9/><D7/><U16/><E108/><N who="0" m="41545" /><D30/><U24/><E45/><V5/><F110/><W83/><G33/><T37/><D37/><U93/><E93/><V65/><F65/><W20/><G129/><T125/><D125/><U10/><E24/><V126/><F25/><W127/><G127/><T100/><D97/><U63/><E70/><V77/><F126/><W103/><G103/><T117/><D50/><U56/><E68/><V60/><F124/><W115/><G121/><T11/><D11/><U95/><E95/><V36/><F36/><W6/><G115/><T35/><D35/><U102/><E102/><V106/><F101/><W22/><G14/><T88/><D117/><U67/><REACH who="1" step="1"/><E63/><REACH who="1" ten="255,255,235,235" step="2"/><V27/><F60/><W66/><G6/><T78/><AGARI ba="1,2" hai="3,4,9,78,79,82,87,88,92,99,100" m="41545" machi="78" ten="30,6000,0" yaku="14,1,10,1,54,1" doraHai="58" who="0" fromWho="0" sc="255,83,255,-21,235,-21,235,-21" /><INIT seed="0,2,0,5,1,66" ten="338,234,214,214" oya="0" hai0="134,9,11,84,16,99,72,56,30,129,117,50,7" hai1="44,51,45,62,83,34,92,105,42,112,68,113,108" hai2="100,31,74,35,64,110,52,18,2,15,76,60,126" hai3="5,132,93,29,87,38,63,106,58,65,4,122,67"/><T26/><D72/><U77/><E105/><V33/><F2/><W115/><G122/><T80/><D117/><U24/><E108/><V22/><F110/><W121/><G121/><T91/><D129/><U12/><E92/><V124/><F100/><W127/><G106/><T85/><D134/><U114/><E12/><V59/><F31/><W104/><G104/><T1/><D99/><U125/><E125/><N who="2" m="48235" /><F76/><W130/><G38/><T81/><D50/><U21/><E34/><V48/><F74/><W102/><G130/><T0/><D56/><AGARI ba="2,0" hai="15,18,22,33,35,48,52,56,59,60,64" m="48235" machi="56" ten="30,2000,0" yaku="18,1,54,1" doraHai="66" who="2" fromWho="0" sc="338,-26,234,0,214,26,214,0" /><INIT seed="1,0,0,4,5,40" ten="312,234,240,214" oya="1" hai0="19,13,105,56,23,100,131,73,91,1,86,135,25" hai1="89,92,98,77,62,5,103,88,53,71,95,87,26" hai2="117,46,48,29,10,63,130,108,121,18,33,4,66" hai3="60,107,14,83,61,102,3,116,78,41,93,113,72"/><U97/><E5/><V119/><F108/><W30/><G113/><T37/><D1/><U67/><E77/><V75/><F75/><W76/><G116/><T11/><D73/><U85/><E26/><V90/><F130/><W94/><G76/><T126/><D131/><U128/><E128/><V24/><F121/><W84/><G3/><T35/><D126/><U115/><E115/><V112/><F18/><W58/><G30/><T38/><D35/><U34/><E34/><V65/><F90/><W12/><G93/><T133/><D56/><U2/><E2/><V125/><F125/><W27/><G27/><T20/><D20/><U32/><E32/><V57/><F65/><W81/><G61/><T15/><D15/><U50/><REACH who="1" step="1"/><E103/><REACH who="1" ten="312,224,240,214" step="2"/><V43/><F112/><W51/><G12/><AGARI ba="0,1" hai="4,10,12,24,29,33,43,46,48,57,63,66,117,119" machi="12" ten="30,2000,0" yaku="7,1,52,1" doraHai="40" who="2" fromWho="3" sc="312,0,224,0,240,30,214,-20" /><INIT seed="2,0,0,3,0,37" ten="312,224,270,194" oya="2" hai0="125,14,27,88,48,73,31,86,126,68,55,109,128" hai1="54,45,117,3,78,82,108,79,134,122,130,70,10" hai2="114,28,135,118,66,120,22,4,93,65,113,51,38" hai3="64,33,97,47,23,133,29,83,69,98,60,77,50"/><V53/><F118/><W121/><G121/><T35/><D73/><U63/><E117/><V101/><F120/><W16/><G133/><T43/><D109/><U111/><E122/><V110/><F38/><W57/><G69/><T9/><D68/><U92/><E134/><V107/><F107/><W39/><G39/><T41/><D128/><U99/><E130/><V2/><F135/><W59/><G59/><N who="0" m="33255" /><D9/><U49/><E3/><V67/><F110/><N who="1" m="42025" /><E10/><V17/><F28/><W30/><G33/><T72/><D14/><U46/><E46/><V11/><F93/><W91/><G98/><T61/><D61/><U131/><E131/><V5/><F101/><W115/><G115/><T102/><D72/><U90/><E82/><V119/><F5/><W132/><G132/><T100/><D100/><U112/><E112/><V105/><F105/><W106/><G106/><T18/><D18/><U87/><E99/><V89/><F119/><W40/><G77/><T56/><D56/><N who="1" m="35223" /><E70/><V84/><F84/><N who="3" m="50591" /><G97/><T7/><D102/><U20/><E20/><V58/><REACH who="2" step="1"/><F89/><REACH who="2" ten="312,224,260,194" step="2"/><W15/><AGARI ba="0,1" hai="15,16,23,29,30,40,47,50,57,60,64" m="50591" machi="15" ten="30,4000,0" yaku="8,1,52,1,54,1" doraHai="37" who="3" fromWho="3" sc="312,-10,224,-10,260,-20,194,50" /><INIT seed="3,0,0,4,1,103" ten="302,214,240,244" oya="3" hai0="39,130,114,86,64,42,124,7,81,111,13,116,4" hai1="10,100,2,93,134,112,125,48,59,35,68,51,78" hai2="46,28,47,90,95,5,66,80,24,91,83,131,115" hai3="129,41,121,27,49,58,117,6,3,135,88,109,36"/><W75/><G121/><T33/><D33/><U45/><E68/><V74/><F131/><W97/><G117/><T65/><D116/><U53/><E35/><V127/><F127/><W69/><G69/><T20/><D130/><U67/><E112/><V98/><F115/><W132/><G129/><T16/><D114/><U73/><E125/><V133/><F133/><N who="3" m="51275" /><G75/><T104/><D124/><U120/><E120/><V94/><F66/><W8/><G36/><T113/><D113/><U79/><E134/><V43/><F5/><W38/><G38/><T85/><D111/><U101/><E73/><V110/><F110/><W31/><G109/><T108/><D108/><U102/><E93/><V99/><F74/><W30/><G27/><T118/><D118/><U107/><E107/><V92/><F92/><N who="3" m="56455" /><G41/><T1/><D104/><U128/><E128/><V89/><F89/><W50/><G50/><T96/><D96/><U72/><E72/><V0/><F0/><W29/><G29/><T34/><D86/><U12/><E2/><V126/><F126/><W40/><G40/><T119/><D119/><U84/><E84/><V82/><REACH who="2" step="1"/><F43/><REACH who="2" ten="302,214,230,244" step="2"/><W57/><G57/><T106/><D42/><N who="1" m="24631" /><E67/><V56/><F56/><W14/><G3/><T122/><D64/><U61/><E61/><V11/><F11/><W52/><AGARI ba="0,1" hai="6,8,14,30,31,49,52,58" m="56455,51275" machi="52" ten="30,6000,0" yaku="20,1,54,2" doraHai="103" who="3" fromWho="3" sc="302,-20,214,-20,230,-20,244,70" /><INIT seed="3,1,0,3,3,43" ten="282,194,210,314" oya="3" hai0="133,18,116,101,109,134,39,103,0,70,13,46,118" hai1="112,107,77,111,91,59,66,127,38,24,68,19,35" hai2="54,119,34,104,121,53,106,8,52,50,41,44,105" hai3="16,48,25,67,23,12,37,69,5,29,6,92,94"/><W84/><G37/><T10/><D70/><U93/><E112/><V26/><F119/><N who="0" m="45610" /><D0/><U32/><E68/><V51/><F8/><W83/><G69/><T49/><D39/><U30/><E107/><V31/><REACH who="2" step="1"/><F121/><REACH who="2" ten="282,194,200,314" step="2"/><W15/><G67/><T122/><D122/><U27/><E66/><V135/><F135/><N who="0" m="51722" /><D109/><U130/><E111/><V42/><F42/><AGARI ba="1,1" hai="10,13,18,42,46,49,101,103" m="51722,45610" machi="42" ten="30,2000,0" yaku="20,1,52,1" doraHai="43" who="0" fromWho="2" sc="282,33,194,0,200,-23,314,0" /><INIT seed="4,0,0,4,5,94" ten="315,194,177,314" oya="0" hai0="101,60,109,31,9,12,64,83,129,91,82,52,120" hai1="46,132,62,106,33,111,89,135,117,134,59,96,1" hai2="97,21,54,22,42,61,57,51,133,122,126,36,70" hai3="50,49,41,79,0,80,40,71,44,45,128,26,116"/><T32/><D120/><U66/><E111/><V35/><F35/><W56/><G128/><T6/><D129/><U13/><E117/><V74/><F74/><W47/><G0/><T102/><D109/><U2/><E33/><V121/><F133/><W67/><G26/><T69/><D32/><U90/><E13/><V38/><F126/><W75/><G116/><T10/><D31/><U27/><E27/><V7/><F7/><W127/><G127/><T123/><D123/><U58/><E46/><V125/><F125/><W110/><G110/><T14/><D52/><U130/><E130/><V104/><F36/><W86/><G45/><T118/><D118/><U34/><E34/><V131/><F131/><W115/><G71/><T16/><REACH who="0" step="1"/><D91/><REACH who="0" ten="305,194,177,314" step="2"/><U100/><E89/><V18/><F122/><W98/><G67/><T112/><D112/><U72/><E90/><V68/><F121/><W17/><G115/><T11/><D11/><U85/><E132/><V15/><F54/><W113/><G113/><T24/><D24/><U95/><E134/><V73/><F42/><W8/><G8/><T124/><D124/><U39/><E135/><V76/><F21/><W77/><G40/><T81/><AGARI ba="0,1" hai="6,9,10,12,14,16,60,64,69,81,82,83,101,102" machi="81" ten="30,6000,0" yaku="1,1,0,1,54,1,53,0" doraHai="94" doraHaiUra="108" who="0" fromWho="0" sc="305,70,194,-20,177,-20,314,-20" /><INIT seed="4,1,0,1,2,42" ten="375,174,157,294" oya="0" hai0="98,14,36,11,110,83,57,118,130,80,124,72,47" hai1="56,35,13,38,88,49,65,134,102,103,99,7,132" hai2="86,105,89,116,104,15,34,16,84,44,114,131,41" hai3="63,70,73,133,26,30,111,12,113,62,112,19,75"/><T96/><D118/><U54/><E35/><V17/><F114/><N who="3" m="44139" /><G111/><T119/><D119/><U10/><E38/><V23/><F116/><W109/><G109/><T21/><D110/><U24/><E24/><V8/><F34/><N who="3" m="20823" /><G133/><N who="1" m="51306" /><E65/><V32/><F32/><W128/><G128/><T108/><D130/><U100/><E88/><V135/><F135/><W87/><G87/><T107/><D72/><N who="3" m="27721" /><G70/><T101/><D96/><AGARI ba="1,0" hai="7,10,13,49,54,56,96,99,100,102,103" m="51306" machi="96" ten="30,1000,0" yaku="20,1" doraHai="42" who="1" fromWho="0" sc="375,-13,174,13,157,0,294,0" /><INIT seed="5,0,0,2,0,80" ten="362,187,157,294" oya="1" hai0="59,128,131,73,101,86,109,133,10,25,40,106,63" hai1="70,8,94,17,99,54,107,64,6,47,81,45,126" hai2="93,83,41,68,30,104,13,90,89,56,11,27,116" hai3="84,74,105,48,2,102,55,43,78,85,82,42,88"/><U12/><E126/><V76/><F68/><W120/><G120/><T62/><D73/><U1/><E107/><V39/><F104/><W60/><G2/><T95/><D109/><U65/><E81/><V113/><F116/><W132/><G60/><T118/><D118/><U16/><E70/><V66/><F113/><W117/><G117/><T134/><D40/><U125/><E125/><V9/><F39/><W4/><G4/><T112/><D112/><U21/><E17/><V61/><F41/><W32/><G32/><T38/><D38/><U49/><REACH who="1" step="1"/><E45/><REACH who="1" ten="362,177,157,294" step="2"/><V119/><F119/><W97/><G132/><T20/><D106/><U110/><E110/><V5/><F83/><W50/><G74/><T129/><D133/><U67/><E67/><V72/><F66/><W33/><G33/><T98/><D134/><U14/><E14/><V114/><F13/><W96/><G105/><T87/><D128/><U124/><E124/><V29/><F72/><W135/><G135/><T36/><D129/><U28/><E28/><V31/><F31/><W15/><G15/><T7/><D131/><U123/><E123/><V51/><F29/><W24/><G82/><T58/><D25/><U18/><E18/><V108/><F30/><W34/><G24/><T57/><D95/><U69/><E69/><V23/><F93/><W37/><G34/><T127/><D127/><U46/><E46/><V79/><F27/><W3/><G3/><T92/><D92/><U91/><AGARI ba="0,1" hai="1,6,8,12,16,21,47,49,54,64,65,91,94,99" machi="91" ten="20,7800,0" yaku="1,1,0,1,7,1,54,1,53,0" doraHai="80" doraHaiUra="130" who="1" fromWho="1" sc="362,-26,177,88,157,-26,294,-26" /><INIT seed="5,1,0,2,2,32" ten="336,265,131,268" oya="1" hai0="121,86,53,79,38,73,128,39,29,100,102,110,31" hai1="20,8,50,27,12,104,119,17,68,75,131,98,72" hai2="134,130,35,67,56,77,65,124,116,101,14,16,62" hai3="23,34,41,69,109,96,78,59,52,43,36,99,22"/><U0/><E119/><V2/><F35/><W51/><G109/><T63/><D110/><U129/><E68/><V66/><F116/><W127/><G34/><T64/><D73/><U48/><E72/><V87/><F134/><W82/><G127/><T106/><D128/><N who="1" m="49227" /><E75/><V95/><F124/><W60/><G43/><T126/><D106/><U6/><E27/><V107/><F107/><W80/><G78/><T49/><D39/><U132/><E132/><V70/><F70/><W33/><G33/><T55/><D38/><U57/><E57/><V90/><F2/><W103/><G96/><T117/><D117/><U76/><E76/><V88/><F130/><W4/><G4/><T54/><D49/><U58/><E58/><V13/><F77/><W30/><G22/><T74/><D74/><U26/><E26/><V133/><F133/><W125/><G23/><T47/><D47/><U122/><E122/><V19/><F101/><AGARI ba="1,0" hai="0,6,8,12,17,20,48,50,98,101,104" m="49227" machi="101" ten="30,2900,0" yaku="19,1,52,1" doraHai="32" who="1" fromWho="2" sc="336,0,265,32,131,-32,268,0" /><INIT seed="5,2,0,3,0,8" ten="336,297,99,268" oya="1" hai0="64,41,74,82,73,57,120,65,27,87,123,121,119" hai1="96,49,28,89,11,33,75,4,112,19,42,101,34" hai2="68,55,70,56,20,50,77,106,81,7,46,61,3" hai3="0,127,90,47,43,16,107,88,92,13,108,100,12"/><U135/><E75/><N who="0" m="28681" /><D119/><U114/><E135/><V53/><F106/><W97/><G108/><T25/><D41/><U17/><E89/><V24/><F3/><W109/><G109/><T14/><D14/><N who="1" m="5479" /><E42/><V91/><F7/><W32/><G0/><T118/><D118/><U134/><E49/><V1/><F1/><W5/><G32/><N who="1" m="12394" /><E134/><V95/><F81/><W39/><G127/><T99/><D99/><U60/><E60/><V31/><F77/><W71/><G71/><T111/><D111/><U122/><E122/><V26/><F26/><N who="0" m="9738" /><D57/><U6/><E28/><V113/><F113/><N who="1" m="43625" /><E6/><V126/><REACH who="2" step="1"/><F126/><REACH who="2" ten="336,297,89,268" step="2"/><W129/><G107/><AGARI ba="2,1" hai="17,19,96,101,107" m="43625,12394,5479" machi="107" ten="30,2900,0" yaku="15,1,52,1" doraHai="8" who="1" fromWho="3" sc="336,0,297,45,89,0,268,-35" /><INIT seed="5,3,0,0,3,64" ten="336,342,89,233" oya="1" hai0="27,81,105,30,53,4,133,7,2,101,107,78,0" hai1="9,93,75,56,123,76,104,36,28,60,59,13,43" hai2="127,8,6,65,54,103,58,16,77,118,63,131,80" hai3="89,45,44,135,23,119,68,38,106,15,62,71,86"/><U39/><E123/><V51/><F131/><W61/><G106/><T31/><D133/><U113/><E104/><V114/><F127/><W46/><G38/><T102/><D81/><U110/><E113/><V134/><F134/><W50/><G119/><T129/><D27/><U91/><E28/><V22/><F118/><W72/><G72/><T126/><D78/><U41/><E110/><V18/><F114/><W95/><G135/><T112/><D112/><U84/><E36/><V17/><F103/><W35/><G35/><T10/><D10/><U99/><E75/><V49/><F49/><W14/><G14/><T42/><D53/><U26/><E26/><V122/><F122/><W32/><G32/><T29/><D29/><U66/><E56/><V82/><F22/><W128/><G128/><T24/><D24/><U57/><E57/><V40/><F40/><W94/><G50/><T34/><D34/><U98/><E39/><V69/><REACH who="2" step="1"/><F77/><REACH who="2" ten="336,342,79,233" step="2"/><W47/><G62/><T83/><D42/><N who="1" m="15883" /><E76/><V5/><F5/><AGARI ba="3,1" hai="5,9,13,59,60,66,84,91,93,98,99" m="15883" machi="5" ten="30,1500,0" yaku="8,1" doraHai="64" who="1" fromWho="2" sc="336,0,342,34,79,-24,233,0" /><INIT seed="5,4,0,1,4,110" ten="336,376,55,233" oya="1" hai0="93,96,103,58,99,48,118,135,27,127,45,64,38" hai1="21,89,5,101,114,40,14,67,75,82,116,85,17" hai2="123,63,79,33,24,78,15,8,1,56,122,6,69" hai3="88,108,76,46,10,70,95,43,125,65,112,92,107"/><U37/><E116/><V29/><F69/><W22/><G108/><T28/><D118/><U13/><E75/><V25/><F25/><W51/><G107/><T126/><D135/><U80/><E101/><V111/><F111/><W52/><G125/><T47/><D38/><U7/><E67/><V32/><F32/><W87/><G76/><T68/><D68/><U131/><E131/><V26/><F26/><W74/><G74/><T94/><D126/><U19/><E114/><V23/><F123/><W31/><G112/><T86/><D86/><U54/><E40/><V16/><REACH who="2" step="1"/><F122/><REACH who="2" ten="336,376,45,233" step="2"/><W109/><G109/><T9/><D27/><U132/><E132/><V102/><F102/><W42/><G31/><T72/><D103/><U57/><E37/><V39/><F39/><W104/><G70/><T106/><D28/><U0/><E0/><V84/><F84/><W133/><G133/><T35/><D35/><U11/><REACH who="1" step="1"/><E80/><REACH who="1" ten="336,366,45,233" step="2"/><V128/><F128/><W115/><G115/><T62/><D72/><U129/><E129/><V60/><F60/><AGARI ba="4,2" hai="5,7,11,13,14,17,19,21,54,57,60,82,85,89" machi="60" ten="30,12000,1" yaku="1,1,7,1,8,1,53,2" doraHai="110" doraHaiUra="2" who="1" fromWho="2" sc="336,0,366,152,45,-132,233,0" owari="336,13.6,518,61.8,-87,-58.7,233,-16.7" /></mjloggm>