<mjloggm ver="2.3"><GO type="169" lobby="0"/><UN n0="%E6%A8%99" n1="%E3%83%97%E3%83%AC%E3%82%B9%E3%83%97" n2="%E5%85%BC%E6%98%8E%E5%81%8F%E6%9A%97" n3="%E6%97%A5%E9%99%B0%E3%81%95%E3%82%93" dan="16,16,16,17" rate="2147.80,2168.86,2185.93,2212.34" sx="M,M,M,F"/><TAIKYOKU oya="0"/><INIT seed="0,0,0,1,4,72" ten="250,250,250,250" oya="0" hai0="46,123,80,129,15,23,79,1,67,41,37,117,127" hai1="39,10,25,31,75,55,114,82,121,97,109,76,132" hai2="24,116,120,59,33,38,92,93,26,74,118,62,90" hai3="56,28,71,48,107,95,12,135,53,68,43,111,20"/><T100/><D117/><N who="2" m="45162" /><F120/><W18/><G107/><T54/><D123/><U14/><E121/><V110/><F38/><W2/><G2/><T44/><D1/><U88/><E109/><V11/><F74/><W47/><G111/><T60/><D129/><U73/><E132/><V99/><F110/><W78/><G135/><T36/><D127/><U87/><E39/><V119/><N who="2" m="45170" /><V27/><DORA hai="113" /><F11/><W94/><G28/><T50/><D100/><U98/><E55/><N who="2" m="34175" /><F93/><W66/><G66/><T34/><D34/><AGARI ba="0,0" hai="24,26,27,33,34,90,92,99" m="34175,45170" machi="34" ten="50,8000,1" yaku="12,1,52,4" doraHai="72,113" who="2" fromWho="0" sc="250,-80,250,0,250,80,250,0" /><INIT seed="1,0,0,1,5,69" ten="170,250,330,250" oya="1" hai0="127,34,23,30,12,66,41,39,76,98,58,59,60" hai1="129,119,89,99,46,17,108,85,70,56,37,135,84" hai2="25,68,14,28,22,65,107,57,82,93,118,15,5" hai3="92,79,61,131,106,50,77,36,75,21,80,33,71"/><U112/><E70/><V90/><F107/><W86/><G106/><T125/><D34/><U67/><E112/><V35/><F118/><W117/><G117/><T113/><D113/><U24/><E119/><V102/><F68/><W31/><G33/><T32/><D32/><U52/><E129/><V103/><F82/><W130/><G50/><T115/><D115/><U97/><E67/><V116/><F116/><W48/><G48/><T29/><D76/><U105/><E135/><V4/><F65/><N who="3" m="41391" /><G92/><T94/><D59/><U11/><E105/><V120/><F57/><W74/><G36/><T111/><D111/><U0/><E0/><V1/><F120/><W9/><G9/><T122/><D122/><U55/><E84/><V43/><F43/><W27/><G79/><T109/><D109/><U6/><E6/><N who="2" m="2667" /><F35/><W62/><G62/><T81/><D81/><N who="1" m="49327" /><E37/><V63/><F63/><W38/><G38/><T73/><D73/><U96/><E108/><V26/><F26/><W49/><G49/><T20/><D39/><U88/><E46/><V18/><F1/><W104/><G104/><T110/><D110/><U3/><E3/><V42/><F42/><W10/><G10/><T121/><D121/><U128/><E128/><AGARI ba="0,0" hai="21,27,31,74,75,77,80,86,128,130,131" m="41391" machi="128" ten="30,1000,0" yaku="19,1" doraHai="69" who="3" fromWho="1" sc="170,0,250,-10,330,0,250,10" /><INIT seed="2,0,0,4,1,110" ten="170,240,330,260" oya="2" hai0="68,103,132,130,11,127,62,109,22,43,126,4,82" hai1="94,36,114,105,24,129,80,96,13,72,102,48,87" hai2="31,14,18,117,45,81,17,56,25,131,20,54,57" hai3="95,91,23,77,32,128,84,76,55,123,71,69,16"/><V120/><F117/><W3/><G123/><T106/><D109/><U39/><E24/><V19/><F120/><W134/><G32/><T125/><D43/><U63/><E63/><V93/><F131/><W50/><G3/><T12/><D130/><U51/><E129/><V59/><F81/><W27/><G134/><T30/><D132/><U47/><E51/><V15/><F93/><W70/><REACH who="3" step="1"/><G128/><REACH who="3" ten="170,240,330,250" step="2"/><T101/><D106/><U135/><E135/><V118/><F118/><W6/><G6/><T26/><D82/><U124/><E105/><V34/><F34/><W88/><G88/><T44/><REACH who="0" step="1"/><D44/><AGARI ba="0,1" hai="16,23,27,44,50,55,69,70,71,76,77,84,91,95" machi="44" ten="40,5200,0" yaku="1,1,54,1,53,1" doraHai="110" doraHaiUra="86" who="3" fromWho="0" sc="170,-52,240,0,330,0,250,62" /><INIT seed="3,0,0,3,1,18" ten="118,240,330,312" oya="3" hai0="53,12,127,30,78,97,87,69,21,64,28,0,84" hai1="50,101,100,108,49,22,4,118,105,122,80,3,71" hai2="73,115,20,131,90,104,32,128,56,126,65,23,83" hai3="34,91,92,35,11,26,114,116,112,55,103,79,85"/><W93/><G116/><T99/><D0/><U15/><E122/><V110/><F115/><W132/><G132/><T7/><D127/><U133/><E133/><V68/><F104/><W70/><G70/><T14/><D64/><U67/><E3/><V31/><F68/><W129/><G129/><N who="2" m="49737" /><F110/><W27/><G79/><T39/><D69/><U19/><E108/><V63/><F126/><W47/><G11/><T106/><D39/><U59/><E4/><V124/><F124/><W130/><G130/><T45/><D106/><U54/><E105/><V95/><F32/><W38/><G34/><T117/><D117/><U125/><E118/><V5/><F31/><W109/><G109/><T60/><D60/><U29/><E125/><V135/><F5/><W82/><G82/><T58/><D7/><U1/><E1/><V134/><F83/><W37/><G37/><T13/><D78/><U119/><E119/><V98/><F73/><W51/><G38/><T75/><D75/><U8/><E50/><V120/><F120/><W40/><G35/><T94/><D45/><U111/><E111/><V96/><F96/><N who="0" m="36938" /><D94/><U17/><E80/><V61/><F61/><W33/><G33/><T72/><D72/><U6/><E67/><V57/><F56/><N who="3" m="32895" /><G112/><T36/><D36/><U89/><E71/><V16/><F23/><W123/><G123/><T52/><D21/><U113/><E113/><V10/><F10/><W24/><G114/><T46/><D46/><U81/><E22/><V25/><AGARI ba="0,0" hai="16,20,25,57,63,65,90,95,98,134,135" m="49737" machi="25" ten="30,4000,0" yaku="19,1,52,1,54,1" doraHai="18" who="2" fromWho="2" sc="118,-10,240,-10,330,40,312,-20" /><INIT seed="4,0,0,4,2,50" ten="108,230,370,292" oya="0" hai0="48,82,106,21,103,36,119,60,53,98,110,46,84" hai1="47,74,34,100,40,125,114,132,1,43,128,68,29" hai2="69,8,9,65,73,51,15,59,10,31,86,115,112" hai3="20,135,91,24,108,123,83,105,117,97,67,78,6"/><T35/><D119/><U107/><RYUUKYOKU type="yao9" ba="0,0" sc="108,0,230,0,370,0,292,0" hai1="1,29,34,40,43,47,68,74,100,107,114,125,128,132" /><INIT seed="4,1,0,1,2,43" ten="108,230,370,292" oya="0" hai0="4,129,133,79,60,19,88,66,58,53,109,130,78" hai1="77,85,0,131,30,39,36,95,127,24,49,47,29" hai2="17,135,13,12,14,3,113,87,128,86,84,73,112" hai3="103,7,80,34,15,106,23,114,69,46,10,11,120"/><T61/><D4/><U55/><E127/><V56/><F3/><W63/><G34/><T1/><D1/><U94/><E131/><N who="0" m="50185" /><D109/><U9/><E30/><V18/><F128/><W42/><G114/><N who="2" m="44137" /><F135/><W57/><G120/><T102/><D102/><U105/><E105/><V54/><F73/><W50/><G69/><N who="0" m="42183" /><D133/><U45/><E9/><V83/><F83/><W91/><G106/><T8/><D8/><U5/><E5/><V27/><F27/><W62/><G103/><T96/><D19/><U82/><E0/><V107/><F107/><W111/><G111/><T97/><D97/><U51/><E39/><V21/><F21/><W59/><G23/><T71/><D71/><U101/><E36/><V52/><F54/><W72/><G11/><T37/><D37/><U28/><E101/><V25/><F25/><W35/><G35/><T70/><D70/><U40/><REACH who="1" step="1"/><E28/><REACH who="1" ten="108,220,370,292" step="2"/><V76/><F76/><W98/><G7/><T68/><D68/><U115/><E115/><V104/><F104/><W38/><G38/><T118/><D118/><U110/><E110/><V6/><F6/><W100/><G100/><T132/><D132/><U90/><E90/><V126/><F126/><W92/><G10/><T121/><D121/><U16/><E16/><N who="2" m="6251" /><F13/><W22/><G15/><T41/><D41/><U2/><E2/><V48/><AGARI ba="1,1" hai="12,14,48,52,56,84,86,87" m="6251,44137" machi="48" ten="40,5200,0" yaku="15,1,54,2" doraHai="43" who="2" fromWho="2" sc="108,-27,220,-14,370,65,292,-14" /><INIT seed="5,0,0,1,0,61" ten="81,206,435,278" oya="1" hai0="69,103,94,35,7,5,105,49,9,106,41,79,78" hai1="22,92,96,127,86,59,6,91,128,25,121,19,47" hai2="77,85,57,123,29,89,2,63,13,15,44,117,12" hai3="76,126,71,26,32,130,33,135,55,109,53,52,0"/><U88/><E121/><V38/><F117/><W54/><G109/><T45/><D35/><U114/><E114/><V40/><F123/><W74/><G0/><T16/><D69/><U18/><E127/><V36/><F2/><W8/><G71/><T4/><D105/><U133/><E128/><V116/><F116/><W95/><G135/><T1/><D106/><U48/><E133/><V113/><F113/><W14/><G126/><T120/><D1/><U42/><E6/><V10/><F77/><W46/><G130/><T11/><D120/><U43/><E59/><V111/><F29/><W17/><G95/><T50/><D50/><U97/><E43/><V110/><F38/><W90/><G90/><T60/><D60/><U37/><E37/><V64/><REACH who="2" step="1"/><F10/><REACH who="2" ten="81,206,425,278" step="2"/><W131/><G8/><T20/><D9/><U70/><E70/><V112/><F112/><W65/><G76/><T62/><D11/><U27/><E91/><V56/><F56/><W124/><G124/><T98/><REACH who="0" step="1"/><D62/><REACH who="0" ten="71,206,425,278" step="2"/><U93/><E48/><V82/><AGARI ba="0,2" hai="12,13,15,36,40,44,57,63,64,82,85,89,110,111" machi="82" ten="30,4000,0" yaku="1,1,0,1,52,1,53,0" doraHai="61" doraHaiUra="118" who="2" fromWho="2" sc="71,-10,206,-20,425,60,278,-10" /><INIT seed="6,0,0,3,3,69" ten="61,186,485,268" oya="2" hai0="20,25,73,47,72,84,76,64,12,123,59,13,105" hai1="75,65,127,45,49,111,86,87,23,37,102,52,82" hai2="118,38,92,50,27,89,117,107,34,93,57,22,67" hai3="60,1,36,113,19,116,31,43,17,98,115,3,48"/><V10/><F107/><W53/><G116/><T33/><D105/><U74/><E111/><V56/><F34/><W42/><G31/><T9/><D33/><U70/><E127/><V91/><F10/><W126/><G126/><T104/><D104/><U135/><E102/><V7/><F7/><W2/><G60/><T81/><D123/><U103/><E103/><V94/><F38/><W61/><G61/><T62/><D13/><U32/><E32/><V79/><F79/><W131/><G98/><T114/><D114/><N who="3" m="43529" /><G131/><T122/><D122/><U88/><E65/><V133/><F133/><W63/><G63/><T66/><D66/><U128/><E70/><V120/><F120/><W54/><G36/><T11/><D11/><U97/><E128/><V15/><F67/><W80/><G80/><T51/><D20/><U90/><E97/><V0/><F117/><W4/><G4/><T110/><D25/><U83/><E135/><V71/><F71/><W100/><G100/><T8/><D8/><U58/><E23/><V78/><F118/><W112/><G112/><T16/><REACH who="0" step="1"/><D110/><REACH who="0" ten="51,186,485,268" step="2"/><U39/><E45/><V96/><F22/><W5/><G1/><T46/><D46/><U106/><E106/><V125/><F0/><W119/><G119/><T99/><D99/><U130/><E130/><V85/><F96/><W21/><G2/><T41/><AGARI ba="0,1" hai="9,12,16,41,47,51,59,62,64,72,73,76,81,84" machi="41" ten="20,5200,0" yaku="1,1,0,1,7,1,54,1,53,0" doraHai="69" doraHaiUra="18" who="0" fromWho="0" sc="51,62,186,-13,485,-26,268,-13" /><INIT seed="7,0,0,0,4,59" ten="113,173,459,255" oya="3" hai0="78,121,95,4,47,36,89,94,106,99,49,38,76" hai1="22,108,48,115,17,102,105,113,45,71,100,81,54" hai2="126,130,32,8,28,23,91,70,64,5,29,87,57" hai3="33,53,73,93,116,98,79,123,131,72,52,55,31"/><W125/><G116/><T19/><D121/><U25/><E108/><V30/><F32/><W86/><G123/><T119/><D119/><U134/><E71/><V127/><F70/><W9/><G9/><T62/><D106/><U104/><E134/><V97/><F130/><W13/><G13/><T132/><D132/><U96/><E81/><V124/><F97/><AGARI ba="0,0" hai="17,22,25,45,48,54,96,97,100,102,104,105,113,115" machi="97" ten="40,1300,0" yaku="9,1" doraHai="59" who="1" fromWho="2" sc="113,0,173,13,459,-13,255,0" owari="113,-38.7,186,-21.4,446,54.6,255,5.5" /></mjloggm>