<mjloggm ver="2.3"><GO type="169" lobby="0"/><UN n0="%57%44%44%69%65" n1="%E4%B8%89%E6%B2%B3%E5%B1%8B%E3%81%AE%E3%82%B5%E3%83%96" n2="%E3%82%AD%E3%83%B3%E3%82%B0%E3%81%82%E3%81%A4%E3%81%97" n3="%6B%65%79%33" dan="16,16,16,16" rate="2099.31,2141.10,2167.00,2073.72" sx="M,M,M,M"/><TAIKYOKU oya="0"/><INIT seed="0,0,0,5,0,50" ten="250,250,250,250" oya="0" hai0="121,96,108,87,41,12,25,72,70,61,93,131,44" hai1="64,8,55,125,85,102,69,128,107,126,114,95,38" hai2="22,76,73,7,11,26,68,1,19,135,24,129,43" hai3="36,56,28,80,99,67,54,81,112,86,40,77,120"/><T115/><D115/><U29/><E114/><V47/><F68/><W133/><G112/><T117/><D117/><U113/><E113/><V98/><F129/><W84/><G133/><T33/><D121/><U16/><E128/><V66/><F66/><W3/><G3/><T82/><D131/><U31/><E38/><N who="2" m="22007" /><F98/><W35/><G120/><T91/><D12/><N who="1" m="7175" /><E107/><V42/><F42/><W105/><G67/><T62/><D70/><U83/><E55/><V104/><F104/><W79/><G40/><T118/><D118/><U21/><E21/><V78/><F78/><W124/><G124/><N who="1" m="47722" /><E95/><V65/><F65/><W60/><G36/><T14/><D72/><U134/><E102/><V48/><F48/><W34/><REACH who="3" step="1"/><G28/><REACH who="3" ten="250,250,250,240" step="2"/><T10/><D41/><U122/><E134/><V2/><F2/><W5/><G5/><T88/><D108/><U90/><E122/><V17/><F135/><W132/><G132/><T63/><D44/><U75/><E75/><V101/><F7/><W27/><G27/><T97/><D25/><U58/><E69/><V18/><F26/><W111/><G111/><T100/><D33/><U4/><E4/><N who="2" m="1423" /><F101/><AGARI ba="0,1" hai="34,35,54,56,60,77,79,80,81,84,86,99,101,105" machi="101" ten="40,5200,0" yaku="1,1,9,1,52,1,53,0" doraHai="50" doraHaiUra="32" who="3" fromWho="2" sc="250,0,250,0,250,-52,240,62" /><INIT seed="1,0,0,2,4,123" ten="250,250,198,302" oya="1" hai0="127,14,16,6,117,3,120,59,42,71,116,133,50" hai1="102,45,66,88,63,128,74,86,110,124,67,62,21" hai2="61,31,94,83,28,103,101,22,52,90,41,17,85" hai3="109,58,82,72,106,25,91,132,11,76,107,64,92"/><U80/><E128/><V35/><F35/><W26/><G132/><T135/><D71/><U60/><E124/><V126/><F126/><W0/><G0/><T78/><D127/><U23/><E74/><V121/><F121/><W4/><G25/><T108/><D120/><U1/><E1/><V24/><F41/><W96/><G26/><T51/><D78/><U84/><E110/><V104/><F104/><W53/><G64/><N who="1" m="24618" /><E102/><N who="2" m="38923" /><F94/><W32/><G32/><T54/><D6/><U73/><E73/><V93/><F83/><W89/><G89/><T13/><D3/><U18/><E45/><V2/><F2/><W7/><G109/><T46/><D108/><U97/><E97/><V27/><F27/><W55/><G55/><T125/><D125/><U37/><E37/><V70/><F70/><W115/><G115/><T9/><REACH who="0" step="1"/><D14/><REACH who="0" ten="240,250,198,302" step="2"/><N who="1" m="9431" /><E23/><V118/><F118/><AGARI ba="0,1" hai="9,13,16,42,46,50,51,54,59,116,117,118,133,135" machi="118" ten="40,2600,0" yaku="1,1,54,1,53,0" doraHai="123" doraHaiUra="134" who="0" fromWho="2" sc="240,36,250,0,198,-26,302,0" /><INIT seed="2,0,0,3,5,79" ten="276,250,172,302" oya="2" hai0="93,57,85,73,111,106,46,114,81,117,58,1,62" hai1="63,38,17,37,96,89,8,21,99,74,31,48,45" hai2="101,47,59,131,122,22,12,125,118,91,123,19,134" hai3="87,64,94,69,121,10,70,78,40,33,66,83,75"/><V9/><F118/><W50/><G33/><T112/><D106/><U11/><E74/><V88/><F101/><W113/><G121/><T54/><D1/><U110/><E110/><V71/><F71/><W104/><G104/><T29/><D111/><U102/><E31/><V80/><F125/><W36/><G113/><T86/><D73/><U126/><E126/><V65/><F131/><W72/><G36/><T97/><D117/><U98/><E102/><V16/><F134/><W18/><G69/><T77/><D29/><U119/><E119/><V13/><F47/><W2/><G2/><T105/><D105/><U128/><E128/><V60/><REACH who="2" step="1"/><F80/><REACH who="2" ten="276,250,162,302" step="2"/><W6/><G83/><T53/><D46/><U82/><E82/><V84/><F84/><W55/><G87/><T61/><D86/><U24/><E45/><V92/><F92/><W103/><G94/><T51/><REACH who="0" step="1"/><D51/><REACH who="0" ten="266,250,162,302" step="2"/><U25/><E48/><V3/><F3/><W100/><G50/><T32/><D32/><U115/><E37/><V26/><F26/><W130/><G75/><T68/><D68/><U132/><E38/><V44/><F44/><W7/><G70/><T109/><D109/><U76/><E24/><V39/><F39/><W127/><G72/><T108/><D108/><U52/><E25/><V124/><F124/><W49/><G49/><T56/><D56/><U43/><E132/><V27/><F27/><W28/><G127/><T120/><D120/><AGARI ba="0,2" hai="9,12,13,16,19,22,59,60,65,88,91,120,122,123" machi="120" ten="40,12000,1" yaku="1,1,54,2,53,1" doraHai="79" doraHaiUra="5" who="2" fromWho="0" sc="266,-120,250,0,162,140,302,0" /><INIT seed="2,1,0,0,5,58" ten="146,250,302,302" oya="2" hai0="127,92,65,80,64,55,40,133,125,107,61,7,11" hai1="78,102,20,66,33,76,69,34,38,3,26,54,2" hai2="50,28,52,45,22,47,93,72,24,77,25,112,118" hai3="130,97,70,126,84,15,91,9,88,116,85,63,100"/><V131/><F112/><W36/><G36/><T132/><D107/><U105/><E38/><V32/><F118/><W134/><G116/><T89/><D80/><U128/><E128/><V43/><F131/><W75/><G75/><T74/><D74/><U60/><E54/><V124/><F124/><N who="0" m="47690" /><D40/><U57/><E57/><V67/><F67/><W114/><G130/><T98/><D55/><U62/><E105/><V10/><F10/><W81/><G134/><N who="0" m="51819" /><D61/><U95/><E20/><V101/><F77/><W56/><G70/><T23/><D23/><U103/><E95/><V90/><F72/><W31/><G126/><T121/><D121/><U87/><E87/><V1/><F43/><W16/><G114/><T122/><D122/><U21/><E21/><V120/><F120/><W14/><G85/><T8/><D8/><U18/><E66/><V39/><F22/><W82/><G81/><T68/><D68/><U42/><E42/><V4/><F52/><W30/><G91/><T83/><D83/><U29/><E69/><V5/><F90/><W135/><G135/><T109/><D109/><U111/><E111/><V41/><F41/><W115/><G115/><T79/><D79/><U19/><REACH who="1" step="1"/><E26/><REACH who="1" ten="146,240,302,302" step="2"/><V13/><F25/><W129/><G129/><T104/><D104/><U37/><E37/><V73/><F39/><W49/><G84/><T44/><D44/><U110/><E110/><V17/><F24/><W12/><G56/><T53/><D53/><U86/><E86/><V106/><F106/><W0/><G82/><T46/><D46/><U27/><E27/><V108/><F45/><RYUUKYOKU ba="1,1" sc="146,15,240,15,302,-15,302,-15" hai0="7,11,64,65,89,92,98" hai1="2,3,18,19,29,33,34,60,62,76,78,102,103" /><INIT seed="3,2,1,4,2,41" ten="161,255,287,287" oya="3" hai0="76,34,64,112,114,28,84,44,129,36,82,23,78" hai1="0,106,126,73,7,96,116,27,40,95,58,21,24" hai2="45,80,86,66,57,49,68,83,35,20,12,122,38" hai3="51,29,124,70,110,133,63,131,123,128,55,6,72"/><W4/><G123/><T118/><D118/><U77/><E116/><V92/><F35/><W1/><G72/><T67/><D129/><N who="3" m="49737" /><G1/><T132/><D132/><U109/><E106/><V13/><F68/><W33/><G133/><T102/><D102/><U111/><E126/><V46/><F38/><W69/><G124/><T71/><D34/><U94/><E40/><V81/><F122/><W8/><G110/><N who="1" m="41994" /><E58/><V32/><F32/><W74/><G74/><T11/><D78/><U105/><E105/><V130/><F130/><W10/><G29/><T135/><D11/><N who="3" m="4137" /><G33/><T101/><D101/><U88/><E7/><N who="3" m="2602" /><G63/><T89/><D135/><U15/><E0/><V37/><F37/><W30/><G30/><T134/><D134/><U103/><E77/><V100/><F20/><W39/><G39/><T113/><D76/><U108/><E73/><V120/><F120/><W42/><G42/><N who="0" m="22599" /><D71/><U43/><E43/><V54/><F66/><W59/><AGARI ba="2,1" hai="51,55,59,69,70" m="2602,4137,49737" machi="59" ten="30,1500,0" yaku="19,1" doraHai="41" who="3" fromWho="3" sc="161,-7,255,-7,287,-7,287,31" /><INIT seed="3,3,0,4,2,49" ten="154,248,280,318" oya="3" hai0="106,62,43,13,8,27,133,17,74,103,115,112,24" hai1="6,29,2,108,59,16,7,128,57,1,109,84,56" hai2="65,50,23,33,45,21,47,39,70,34,40,131,35" hai3="94,79,51,134,77,38,42,76,14,129,126,18,97"/><W127/><G38/><T48/><D74/><U135/><E29/><V58/><F131/><W113/><G113/><T82/><D133/><U125/><E128/><V132/><F132/><W120/><G120/><T130/><D130/><U85/><E135/><V96/><F70/><W60/><G129/><T68/><D82/><U31/><E31/><V98/><F58/><W111/><G134/><T44/><D106/><U83/><E16/><V86/><F86/><N who="1" m="33385" /><E83/><V88/><F65/><W81/><G81/><T122/><D122/><U116/><E125/><V55/><REACH who="2" step="1"/><F98/><REACH who="2" ten="154,248,270,318" step="2"/><W53/><G97/><T52/><D68/><U121/><E121/><V54/><F54/><W91/><G53/><T124/><D124/><U37/><E116/><V93/><AGARI ba="3,1" hai="21,23,33,34,35,39,40,45,47,50,55,88,93,96" machi="93" ten="40,8000,1" yaku="1,1,0,1,52,1,54,1,53,0" doraHai="49" doraHaiUra="22" who="2" fromWho="2" sc="154,-23,248,-23,270,99,318,-43" /><INIT seed="4,0,0,4,5,63" ten="131,225,369,275" oya="0" hai0="64,44,66,106,52,28,101,84,89,108,9,55,39" hai1="123,134,73,23,38,131,34,118,69,30,124,40,31" hai2="24,87,86,99,126,121,25,21,74,5,91,112,70" hai3="105,41,130,100,72,13,35,57,50,26,98,29,56"/><T1/><D28/><U129/><RYUUKYOKU type="yao9" ba="0,0" sc="131,0,225,0,369,0,275,0" hai1="23,30,31,34,38,40,69,73,118,123,124,129,131,134" /><INIT seed="4,1,0,5,0,31" ten="131,225,369,275" oya="0" hai0="133,100,47,22,34,105,64,12,123,10,51,130,80" hai1="52,114,24,7,132,50,46,58,66,71,107,108,33" hai2="82,134,118,96,98,85,59,42,30,18,73,76,81" hai3="88,97,67,26,104,39,53,128,32,20,13,126,84"/><T109/><D123/><U110/><E107/><V29/><F134/><W49/><G39/><T72/><D133/><U1/><E132/><V62/><F42/><W54/><G67/><T131/><D64/><U79/><E79/><V60/><F118/><W25/><G126/><T86/><D72/><U44/><E7/><V0/><F0/><W122/><G128/><N who="0" m="49195" /><D22/><U36/><E1/><V15/><F62/><W23/><G32/><T17/><D109/><N who="1" m="42091" /><E24/><V121/><F121/><W4/><G122/><T124/><D124/><U21/><E21/><N who="2" m="11487" /><F81/><W115/><G23/><T37/><D37/><U14/><E14/><V69/><F69/><W19/><G25/><T87/><D34/><U56/><E33/><V89/><F76/><W119/><G119/><T6/><D6/><U111/><E111/><V27/><F27/><W45/><G4/><T120/><D120/><U74/><E74/><V68/><F68/><W63/><G26/><T70/><D70/><U61/><E114/><V5/><F73/><W28/><G115/><T38/><D38/><U93/><E93/><V55/><F5/><W48/><G28/><AGARI ba="1,0" hai="28,29,30,55,59,60,82,85,89,96,98" m="11487" machi="28" ten="30,1000,0" yaku="8,1" doraHai="31" who="2" fromWho="3" sc="131,0,225,0,369,13,275,-13" /><INIT seed="5,0,0,5,4,118" ten="131,225,382,262" oya="1" hai0="70,5,4,115,114,64,95,49,130,34,133,47,107" hai1="73,65,90,116,53,42,105,85,132,55,14,102,15" hai2="94,23,123,54,56,32,75,16,9,20,79,1,110" hai3="6,76,27,117,69,111,93,103,33,30,108,82,43"/><U119/><E73/><V104/><F123/><W10/><G69/><T72/><D107/><U24/><E132/><V59/><F110/><W46/><G117/><T50/><D34/><U2/><E2/><V122/><F122/><W100/><G100/><T127/><D72/><U8/><E119/><V86/><F32/><W3/><G93/><T125/><D95/><U52/><E116/><V81/><F104/><W40/><G103/><T128/><D133/><U36/><E65/><V29/><F1/><W121/><G121/><T11/><D11/><U106/><E24/><V12/><F29/><W35/><G40/><N who="0" m="24807" /><D5/><U13/><E8/><V71/><F71/><W58/><G58/><T83/><D83/><U124/><E124/><N who="0" m="47689" /><D4/><U31/><E31/><V113/><F59/><W131/><G35/><T129/><D50/><U18/><E18/><V84/><F75/><W92/><G92/><T135/><D135/><U80/><REACH who="1" step="1"/><E102/><REACH who="1" ten="131,215,382,262" step="2"/><V74/><F74/><N who="3" m="43287" /><G108/><T66/><D70/><U22/><E22/><V0/><F0/><W44/><G111/><T48/><D48/><U120/><E120/><V60/><F23/><W39/><G30/><T91/><D91/><U88/><E88/><V87/><F20/><W63/><G27/><T28/><D28/><U62/><E62/><V38/><F60/><W134/><G63/><T98/><D98/><U57/><E57/><V19/><F56/><W89/><G89/><T68/><D68/><U17/><E17/><V26/><F19/><W78/><G134/><T126/><N who="0" m="47697" /><T97/><DORA hai="77" /><D97/><U25/><E25/><V51/><F26/><RYUUKYOKU ba="0,1" sc="131,15,215,15,382,-15,262,-15" hai0="64,66,114,115,128,129,130" hai1="13,14,15,36,42,52,53,55,80,85,90,105,106" /><INIT seed="5,1,1,0,3,113" ten="146,230,367,247" oya="1" hai0="48,42,130,132,102,85,128,10,76,68,58,43,82" hai1="97,60,67,18,52,70,38,59,79,88,20,9,45" hai2="33,109,124,94,49,54,91,23,107,119,22,61,14" hai3="121,134,30,15,95,133,81,83,29,21,8,0,89"/><U64/><E79/><V5/><F119/><W92/><G0/><T47/><D68/><U90/><E9/><N who="2" m="4399" /><F109/><W13/><G21/><T108/><D108/><U44/><E64/><V129/><F107/><W118/><G8/><T84/><D132/><U39/><E44/><V62/><F33/><W25/><G89/><T86/><D102/><U87/><E97/><N who="2" m="57567" /><F129/><W80/><G25/><T36/><D10/><U126/><E126/><V31/><F124/><W35/><G81/><T28/><D28/><U72/><E72/><V27/><F23/><W125/><G121/><T1/><D1/><U78/><E78/><V56/><AGARI ba="1,1" hai="22,27,31,49,54,56,61,62" m="57567,4399" machi="56" ten="30,1100,0" yaku="8,1" doraHai="113" who="2" fromWho="2" sc="146,-4,230,-6,367,24,247,-4" /><INIT seed="6,0,0,2,0,117" ten="142,224,391,243" oya="2" hai0="6,66,21,67,4,82,75,126,58,104,32,84,60" hai1="96,68,5,95,128,80,43,52,14,87,127,47,11" hai2="106,69,63,73,77,12,78,70,110,62,121,26,61" hai3="57,118,38,112,71,44,102,123,46,108,16,42,59"/><V51/><F106/><W1/><G1/><T64/><D32/><U29/><E68/><V99/><F73/><W115/><G108/><T133/><D104/><U135/><E128/><V23/><F12/><W113/><G118/><T48/><D75/><U101/><E127/><V49/><F99/><W56/><G102/><T10/><D126/><U17/><E135/><V40/><F23/><W37/><G16/><T116/><D133/><U39/><E29/><V35/><F26/><W34/><G34/><T81/><D116/><U90/><REACH who="1" step="1"/><E52/><REACH who="1" ten="142,214,391,243" step="2"/><V28/><F28/><W18/><G71/><T72/><D72/><U93/><E93/><V55/><F55/><W54/><G18/><AGARI ba="0,1" hai="5,11,14,17,18,39,43,47,80,87,90,95,96,101" machi="18" ten="40,2600,0" yaku="1,1,53,1" doraHai="117" doraHaiUra="83" who="1" fromWho="3" sc="142,0,214,36,391,0,243,-26" /><INIT seed="7,0,0,5,4,85" ten="142,250,391,217" oya="3" hai0="39,80,4,93,36,37,8,66,57,33,31,120,99" hai1="73,116,6,79,34,76,129,68,86,124,59,64,21" hai2="112,58,26,17,78,61,105,67,44,35,50,118,10" hai3="117,123,48,88,22,125,9,119,100,43,108,32,134"/><W19/><G32/><T46/><D120/><U63/><E34/><V65/><F105/><W15/><G123/><T121/><D121/><U60/><E73/><V97/><F118/><W102/><G134/><T82/><D33/><U18/><E116/><V69/><F97/><W111/><G125/><T94/><D31/><U28/><E124/><V104/><F104/><W90/><G117/><T127/><D127/><U55/><E129/><V92/><F92/><W23/><G119/><T113/><D113/><U2/><E28/><V110/><F50/><W38/><G38/><T45/><D66/><U126/><E126/><V25/><F58/><W30/><G43/><T101/><D57/><U14/><E2/><V41/><F17/><W74/><G48/><T81/><D8/><U42/><E6/><V107/><F107/><W16/><G74/><T87/><REACH who="0" step="1"/><D4/><REACH who="0" ten="132,250,391,217" step="2"/><U53/><E59/><V91/><F10/><W1/><G30/><T70/><D70/><U51/><E64/><V54/><F67/><W89/><G1/><T40/><D40/><U84/><E68/><V49/><F65/><W114/><G114/><T115/><D115/><U103/><E42/><V56/><F56/><W95/><G9/><T98/><D98/><U62/><E62/><V128/><F61/><W12/><G95/><T5/><D5/><U0/><E60/><V13/><F69/><W7/><G7/><T20/><D20/><N who="1" m="11351" /><E63/><V135/><F41/><W83/><G83/><T131/><D131/><U132/><E21/><V29/><F128/><W106/><G106/><T27/><D27/><N who="2" m="10250" /><F112/><W3/><G3/><RYUUKYOKU ba="0,1" sc="132,15,250,-15,391,-15,217,15" hai0="36,37,39,45,46,80,81,82,87,93,94,99,101" hai3="12,15,16,19,22,23,88,89,90,100,102,108,111" /><INIT seed="7,1,1,3,2,123" ten="147,235,376,232" oya="3" hai0="110,44,47,8,0,93,99,52,87,95,49,97,1" hai1="83,71,55,9,43,103,121,59,117,115,92,23,5" hai2="4,96,131,74,109,122,30,37,77,10,119,11,94" hai3="69,22,57,101,31,65,80,34,58,125,118,81,46"/><W132/><G118/><T128/><D128/><U28/><E121/><V40/><F109/><W21/><G34/><T39/><D87/><U13/><E71/><V120/><F119/><W32/><G32/><T24/><D24/><N who="1" m="16415" /><E117/><V54/><F30/><W26/><G125/><T91/><D8/><U53/><E115/><V18/><F54/><W67/><G69/><T12/><D12/><U68/><E68/><V61/><F61/><W76/><G132/><T17/><D17/><U41/><E83/><N who="2" m="45495" /><F18/><W127/><G127/><T29/><D29/><U112/><E112/><V79/><F79/><W63/><G101/><T20/><D20/><U6/><E6/><V85/><F85/><W56/><G46/><T114/><D114/><U124/><E55/><V108/><F11/><W116/><G116/><T111/><D39/><U3/><E3/><V72/><F72/><W107/><G107/><T50/><D52/><U51/><E124/><V82/><F82/><N who="3" m="31851" /><G76/><T33/><REACH who="0" step="1"/><D91/><REACH who="0" ten="137,235,376,232" step="2"/><U36/><E36/><V15/><F37/><W27/><G63/><T14/><D14/><U126/><E126/><V78/><F15/><W66/><G31/><T100/><D100/><U45/><E45/><V84/><F10/><W75/><G75/><T89/><D89/><U135/><E135/><V25/><F122/><W48/><G48/><T134/><D134/><U129/><E129/><V19/><F131/><W105/><G26/><T42/><D42/><U102/><E102/><V133/><F120/><W88/><G21/><T98/><D98/><AGARI ba="1,2" hai="5,9,13,41,43,51,53,59,92,98,103" m="16415" machi="98" ten="30,1000,0" yaku="8,1" doraHai="123" who="1" fromWho="0" sc="137,-13,235,33,376,0,232,0" owari="124,-37.6,268,6.8,376,47.6,232,-16.8" /></mjloggm>