<mjloggm ver="2.3"><GO type="169" lobby="0"/><UN n0="%64%6F%6F%6F%6F%77%79%31" n1="%E3%82%BC%E3%83%B3%E3%83%84%E3%83%9E%E3%82%B7%E3%83%BC%E3%83%B3" n2="%E7%94%9F%E5%BE%92%E4%BC%9A%E3%80%90%E5%BA%8F%E3%80%91" n3="%E9%A6%99%E6%A4%8E%E4%BE%91%E5%BF%97" dan="16,16,17,16" rate="2183.93,2155.73,2158.41,2105.11" sx="M,M,M,M"/><TAIKYOKU oya="0"/><INIT seed="0,0,0,5,2,57" ten="250,250,250,250" oya="0" hai0="14,124,45,37,85,50,120,31,97,2,80,96,58" hai1="132,126,9,68,106,27,24,20,3,8,39,128,123" hai2="93,40,0,17,83,104,47,35,19,65,86,11,79" hai3="21,62,114,33,133,28,107,94,117,25,108,56,16"/><T81/><D2/><U95/><E106/><V82/><F104/><W29/><G107/><T92/><D124/><U64/><E126/><V89/><F35/><W125/><G125/><T73/><D120/><U122/><E39/><V41/><F41/><W10/><G114/><T67/><D31/><U38/><E38/><V109/><F83/><W32/><G117/><T119/><D119/><U4/><E128/><V129/><F109/><W66/><G133/><T59/><D37/><U43/><E43/><V46/><F46/><W135/><G135/><T26/><D73/><U1/><E132/><V77/><F77/><W76/><G108/><T127/><D26/><U101/><E101/><V63/><F11/><W71/><G71/><T105/><D127/><U78/><E78/><V48/><F0/><W115/><G115/><T61/><D58/><U134/><E134/><V100/><F100/><W53/><G66/><T110/><D110/><U98/><E95/><V130/><F130/><W99/><G76/><N who="0" m="46215" /><D81/><U52/><E68/><V51/><F51/><W72/><G72/><T87/><D14/><U90/><E64/><V88/><F89/><W121/><G121/><T113/><D113/><U15/><E90/><V18/><F129/><W13/><G28/><T42/><D105/><U118/><E118/><V49/><F49/><W23/><G32/><T70/><D70/><U84/><E123/><V102/><F102/><AGARI ba="0,0" hai="10,13,16,21,23,25,29,33,53,56,62,94,99,102" machi="102" ten="30,3900,0" yaku="7,1,52,1,54,1" doraHai="57" who="3" fromWho="2" sc="250,0,250,0,250,-39,250,39" /><INIT seed="1,0,0,4,2,131" ten="250,250,211,289" oya="1" hai0="115,37,121,56,96,130,31,112,122,36,6,87,114" hai1="90,83,20,111,75,128,16,64,52,74,0,66,79" hai2="43,45,125,48,51,106,60,12,29,129,67,81,24" hai3="118,55,32,49,105,101,99,88,91,109,35,113,26"/><U127/><E128/><V18/><F129/><W116/><G109/><T2/><D130/><U70/><E111/><V14/><F106/><W65/><G65/><T28/><D87/><U34/><E34/><N who="3" m="12842" /><G26/><T8/><D56/><U104/><E127/><V23/><F125/><W46/><G113/><T124/><D96/><U63/><E0/><V102/><F102/><W84/><G84/><T9/><D124/><U97/><E66/><V38/><F81/><W13/><G13/><T10/><D6/><U47/><E75/><V107/><F12/><W11/><G11/><T41/><D41/><U44/><E90/><V68/><REACH who="2" step="1"/><F107/><REACH who="2" ten="250,250,201,289" step="2"/><W93/><G105/><T103/><D103/><U98/><E104/><V3/><F3/><W39/><G101/><T54/><D2/><U59/><E98/><V73/><F73/><W135/><G99/><T95/><D95/><U85/><E97/><V7/><F7/><W92/><G92/><T40/><D40/><U15/><REACH who="1" step="1"/><E74/><REACH who="1" ten="250,240,201,289" step="2"/><V76/><F76/><W82/><G91/><T89/><D89/><U77/><E77/><V86/><F86/><W58/><G82/><T21/><D114/><U61/><AGARI ba="0,2" hai="15,16,20,44,47,52,59,61,63,64,70,79,83,85" machi="61" ten="20,12000,1" yaku="1,1,0,1,7,1,54,2,53,0" doraHai="131" doraHaiUra="123" who="1" fromWho="1" sc="250,-40,240,140,201,-40,289,-40" /><INIT seed="1,1,0,4,1,62" ten="210,380,161,249" oya="1" hai0="59,4,16,78,79,128,125,41,19,11,61,80,103" hai1="40,94,68,2,135,113,67,6,12,133,15,13,42" hai2="106,97,71,69,47,43,100,24,117,57,93,54,112" hai3="111,33,56,107,34,91,104,38,1,127,82,87,52"/><U132/><E113/><V35/><F112/><W17/><G38/><T10/><D125/><U118/><E118/><V129/><F117/><W3/><G127/><T7/><D128/><U81/><E81/><V70/><F129/><W86/><G111/><T23/><D103/><U99/><E2/><V109/><F109/><W48/><G1/><T32/><D32/><U44/><E6/><N who="0" m="2089" /><D41/><U45/><E40/><V122/><F122/><W84/><G84/><N who="0" m="48151" /><D79/><U123/><E123/><V49/><F24/><W73/><G73/><T98/><D98/><U22/><E22/><V110/><F110/><W8/><G87/><T31/><D31/><U20/><E20/><V65/><F35/><W36/><G36/><T30/><D30/><U74/><E74/><V95/><REACH who="2" step="1"/><F65/><REACH who="2" ten="210,380,151,249" step="2"/><W5/><G33/><T77/><D77/><U89/><REACH who="1" step="1"/><E42/><REACH who="1" ten="210,370,151,249" step="2"/><V131/><F131/><W25/><G34/><T0/><D0/><U29/><E29/><V14/><F14/><W9/><G25/><N who="0" m="14567" /><D19/><U102/><E102/><V92/><F92/><W27/><G27/><T26/><D26/><U64/><E64/><AGARI ba="1,2" hai="10,11,59,61,64" m="14567,48151,2089" machi="64" ten="30,3900,0" yaku="8,1,52,1,54,1" doraHai="62" who="0" fromWho="1" sc="210,62,370,-42,151,0,249,0" /><INIT seed="2,0,0,5,3,45" ten="272,328,151,249" oya="2" hai0="74,40,78,32,80,55,41,61,130,17,110,129,119" hai1="111,95,25,33,133,0,85,44,83,89,115,87,27" hai2="59,112,72,104,117,122,81,6,30,92,108,106,46" hai3="42,66,4,3,88,18,103,127,54,34,39,21,71"/><V126/><F117/><W58/><G34/><T20/><D32/><U77/><E115/><V2/><F122/><W93/><G103/><T113/><D113/><U99/><E111/><V7/><F112/><W28/><G28/><T36/><D110/><U134/><E0/><V53/><F108/><W16/><G71/><T11/><D119/><U132/><E33/><V67/><F30/><W43/><G66/><T1/><D55/><U101/><REACH who="1" step="1"/><E44/><REACH who="1" ten="272,318,151,249" step="2"/><V98/><F46/><W86/><G127/><T82/><D1/><U23/><E23/><V51/><F126/><W91/><G3/><T76/><D20/><U69/><E69/><V121/><F121/><W24/><G39/><T120/><D36/><U123/><E123/><V96/><F2/><W125/><G125/><T114/><D114/><U29/><E29/><V105/><F67/><W48/><G4/><T94/><D120/><U56/><E56/><V102/><REACH who="2" step="1"/><F98/><REACH who="2" ten="272,318,141,249" step="2"/><N who="3" m="57639" /><G18/><T60/><D17/><U97/><E97/><V128/><F128/><W26/><G26/><T50/><D129/><U109/><E109/><V37/><F37/><W31/><G31/><T73/><D130/><U63/><E63/><V15/><F15/><W9/><G9/><T52/><D60/><U5/><E5/><V65/><F65/><W22/><G22/><T84/><D61/><U90/><E90/><V57/><F57/><W35/><G35/><T118/><D11/><U131/><E131/><V12/><F12/><W64/><G64/><T100/><D118/><U47/><E47/><V70/><F70/><W19/><G19/><T38/><D38/><RYUUKYOKU ba="0,2" sc="272,-30,318,10,141,10,249,10" hai1="25,27,77,83,85,87,89,95,99,101,132,133,134" hai2="6,7,51,53,59,72,81,92,96,102,104,105,106" hai3="16,21,24,42,43,48,54,58,86,91" /><INIT seed="2,1,2,0,1,20" ten="242,328,151,259" oya="2" hai0="32,19,93,16,21,41,64,29,31,42,61,23,5" hai1="15,56,94,88,125,106,50,33,75,35,69,117,114" hai2="22,91,46,111,66,12,110,40,9,67,6,28,25" hai3="26,60,59,62,80,71,34,49,113,47,14,81,118"/><V17/><F91/><W115/><G14/><N who="0" m="9367" /><D32/><U79/><E69/><V55/><F55/><N who="3" m="30143" /><G34/><T124/><D124/><U123/><E106/><V99/><F99/><W104/><G26/><N who="0" m="14719" /><D5/><U74/><E117/><V24/><F24/><W127/><G104/><T85/><D93/><U86/><E114/><N who="3" m="43530" /><G118/><T102/><D102/><U131/><E123/><V68/><F28/><N who="0" m="10826" /><D85/><U108/><E125/><V65/><REACH who="2" step="1"/><F68/><REACH who="2" ten="242,328,141,259" step="2"/><W135/><G127/><T130/><D130/><U107/><E131/><V128/><F128/><W105/><G71/><T103/><D103/><U76/><E88/><V27/><F27/><W43/><G105/><T116/><D116/><U133/><E107/><V44/><F44/><W95/><G95/><T134/><D134/><U129/><E94/><V54/><F54/><W3/><G135/><T96/><D96/><U7/><E133/><V8/><F8/><W58/><G80/><T120/><D120/><U48/><E129/><V39/><AGARI ba="1,3" hai="6,9,12,17,22,25,39,40,46,65,66,67,110,111" machi="39" ten="30,6000,0" yaku="1,1,0,1,52,1,53,0" doraHai="20" doraHaiUra="45" who="2" fromWho="2" sc="242,-21,328,-21,141,93,259,-21" /><INIT seed="2,2,0,1,5,58" ten="221,307,234,238" oya="2" hai0="110,125,32,25,73,95,38,59,29,75,17,39,130" hai1="105,135,85,74,118,113,117,78,129,112,82,97,111" hai2="34,36,42,101,41,122,24,114,43,7,89,60,126" hai3="69,106,123,33,90,37,19,53,65,21,50,98,103"/><V124/><F122/><W2/><G33/><T15/><D110/><U91/><E111/><V132/><F114/><N who="1" m="44137" /><E129/><V54/><F132/><W52/><G37/><T23/><D130/><U83/><E135/><V14/><F101/><AGARI ba="2,0" hai="74,78,82,83,85,91,97,101,105,117,118" m="44137" machi="101" ten="30,2000,0" yaku="34,2" doraHai="58" who="1" fromWho="2" sc="221,0,307,26,234,-26,238,0" /><INIT seed="3,0,0,0,3,21" ten="221,333,208,238" oya="3" hai0="90,7,48,103,18,122,85,20,111,91,6,32,58" hai1="79,59,118,100,71,54,69,116,97,130,26,67,29" hai2="126,114,74,61,95,63,99,128,10,56,123,134,8" hai3="107,113,133,115,53,81,27,131,44,92,68,76,40"/><W135/><G107/><T77/><D32/><U66/><E130/><V50/><F114/><W11/><G68/><T23/><D122/><U28/><E79/><V3/><F128/><W15/><G131/><T83/><D111/><U73/><E73/><V41/><F123/><W43/><G53/><N who="0" m="32039" /><D103/><U22/><E29/><V124/><F74/><W88/><G113/><T17/><D23/><U120/><E120/><V129/><F134/><N who="3" m="51211" /><G27/><N who="0" m="14735" /><D18/><U4/><E4/><AGARI ba="0,0" hai="4,6,7,77,83,85,90,91" m="14735,32039" machi="4" ten="30,2000,0" yaku="8,1,52,1" doraHai="21" who="0" fromWho="1" sc="221,20,333,-20,208,0,238,0" /><INIT seed="4,0,0,4,5,116" ten="241,313,208,238" oya="0" hai0="5,63,94,90,51,75,100,62,7,113,21,46,58" hai1="8,38,57,99,96,70,39,128,18,33,129,134,9" hai2="11,49,76,111,87,42,14,54,112,10,83,122,74" hai3="55,95,120,28,44,105,67,65,37,117,24,98,130"/><T85/><D113/><U109/><E70/><V34/><F112/><W6/><G105/><T71/><D75/><U110/><E33/><V86/><F34/><W52/><G117/><T4/><D71/><U69/><E69/><V1/><F111/><N who="1" m="42505" /><E57/><V29/><F29/><W108/><G130/><N who="1" m="50282" /><E134/><V89/><F122/><W92/><G6/><T53/><D100/><U25/><E25/><V19/><F42/><W26/><G37/><N who="1" m="13834" /><E18/><V84/><F1/><W15/><G28/><T36/><D36/><U88/><E88/><V103/><F103/><W66/><G66/><T59/><D21/><U45/><E45/><V48/><F48/><W132/><G44/><T23/><D23/><U12/><E12/><V106/><F106/><W114/><G15/><T125/><D125/><U3/><E3/><V60/><F60/><AGARI ba="0,0" hai="4,5,7,46,51,53,58,59,60,62,63,85,90,94" machi="60" ten="40,2000,0" yaku="8,1" doraHai="116" who="0" fromWho="2" sc="241,20,313,0,208,-20,238,0" /><INIT seed="4,1,0,2,5,11" ten="261,313,188,238" oya="0" hai0="75,30,91,70,133,13,103,58,29,53,105,37,120" hai1="14,4,66,12,88,15,64,7,97,129,52,92,126" hai2="115,124,86,119,99,100,98,118,38,23,73,94,20" hai3="67,5,45,78,107,111,117,102,74,49,50,17,10"/><T134/><D70/><U82/><E126/><V80/><F38/><W51/><G111/><T93/><D37/><U135/><E135/><N who="0" m="51721" /><D75/><U19/><E129/><V96/><F124/><W33/><G117/><N who="2" m="44553" /><F20/><W28/><G17/><T3/><D3/><U25/><E82/><V63/><F63/><W44/><G67/><N who="1" m="25642" /><E52/><V24/><F23/><AGARI ba="1,0" hai="4,7,12,14,15,19,23,25,88,92,97" m="25642" machi="23" ten="30,8000,1" yaku="8,1,52,3,54,1" doraHai="11" who="1" fromWho="2" sc="261,0,313,83,188,-83,238,0" /><INIT seed="5,0,0,1,0,73" ten="261,396,105,238" oya="1" hai0="23,70,116,30,112,130,25,31,89,114,56,63,121" hai1="75,48,45,86,59,33,20,39,106,123,129,7,79" hai2="49,27,80,92,95,97,78,69,113,51,98,82,81" hai3="85,0,57,29,62,28,76,46,91,100,36,110,21"/><U8/><E33/><V50/><F69/><W58/><G110/><T47/><D116/><U35/><E35/><V14/><F113/><N who="0" m="43626" /><D70/><U105/><E75/><V52/><F14/><W124/><G0/><T125/><D125/><U40/><E123/><V2/><F2/><W53/><G100/><T26/><D121/><U22/><E129/><V64/><F64/><W126/><G36/><T32/><D130/><U90/><E79/><V61/><F61/><W15/><G46/><T127/><D127/><N who="3" m="48681" /><G76/><T12/><D47/><U102/><E39/><V34/><F34/><W72/><G72/><T71/><D71/><U17/><E59/><V103/><F27/><W96/><G96/><T87/><D12/><U60/><E60/><V3/><F3/><W135/><G135/><T5/><D5/><U77/><E77/><V134/><F134/><W132/><G57/><T55/><D89/><U66/><E102/><V1/><F1/><W67/><G67/><T84/><AGARI ba="0,0" hai="23,25,26,30,31,32,55,56,63,84,87" m="43626" machi="84" ten="30,1100,0" yaku="15,1" doraHai="73" who="0" fromWho="0" sc="261,11,396,-5,105,-3,238,-3" /><INIT seed="6,0,0,0,5,0" ten="272,391,102,235" oya="2" hai0="59,67,122,40,134,121,25,77,50,9,87,78,97" hai1="22,15,117,131,114,88,48,125,70,101,51,106,109" hai2="124,53,102,100,133,76,119,64,86,27,107,120,33" hai3="10,126,69,55,47,60,96,13,39,4,118,108,128"/><V32/><F119/><W127/><G108/><T66/><D134/><U30/><E109/><V16/><F120/><W83/><G118/><T85/><D97/><U18/><E117/><V68/><F133/><W11/><G128/><T46/><D25/><U19/><E131/><V43/><F124/><W79/><G96/><T20/><D20/><U35/><E125/><V17/><F43/><W104/><G104/><T62/><D66/><U24/><E70/><V130/><F130/><W34/><G34/><T74/><D74/><U37/><E37/><V113/><F113/><W71/><G71/><T6/><D85/><U45/><E114/><V73/><F73/><W72/><G10/><T81/><REACH who="0" step="1"/><D78/><REACH who="0" ten="262,391,102,235" step="2"/><U38/><E22/><V61/><F107/><W7/><G79/><T93/><D93/><U135/><E24/><V2/><F76/><W49/><G126/><T91/><D91/><U94/><E88/><V90/><F33/><W28/><G127/><T65/><D65/><U8/><E94/><N who="2" m="54615" /><F32/><W112/><G72/><T23/><D23/><U29/><E35/><V31/><F31/><W89/><G89/><T56/><D56/><U52/><E30/><V1/><F27/><W44/><G112/><T12/><AGARI ba="0,1" hai="6,9,12,40,46,50,59,62,67,77,81,87,121,122" machi="12" ten="20,16000,3" yaku="1,1,0,1,7,1,25,2,52,1,53,2" doraHai="0" doraHaiUra="116" who="0" fromWho="0" sc="262,170,391,-40,102,-80,235,-40" /><INIT seed="7,0,0,4,0,47" ten="432,351,22,195" oya="3" hai0="15,89,29,83,25,117,21,2,60,78,96,26,108" hai1="74,49,4,28,80,53,135,81,101,112,7,39,103" hai2="9,16,91,111,68,10,128,123,121,63,59,100,88" hai3="35,82,122,85,93,6,92,125,114,75,44,86,127"/><W8/><G35/><T42/><D2/><U14/><E39/><V45/><F111/><W19/><G19/><T119/><D42/><U40/><E112/><V130/><F68/><W110/><G8/><T118/><D108/><U30/><E135/><V84/><F100/><W72/><G6/><T13/><D60/><U133/><E40/><V124/><F124/><N who="3" m="47691" /><G44/><T12/><D25/><U34/><E133/><V87/><F45/><W20/><G20/><T99/><D89/><U22/><E34/><V27/><F63/><W61/><G61/><T33/><REACH who="0" step="1"/><D33/><REACH who="0" ten="422,351,22,195" step="2"/><U126/><E126/><V36/><F36/><W105/><G110/><T109/><D109/><U71/><E71/><V58/><REACH who="2" step="1"/><F27/><REACH who="2" ten="422,351,12,195" step="2"/><W62/><G62/><T107/><D107/><U32/><E103/><V11/><F11/><W115/><G105/><T102/><D102/><U23/><E101/><V116/><F116/><W17/><G114/><T129/><D129/><U132/><E132/><V5/><F5/><W97/><G115/><T66/><D66/><U94/><E4/><V37/><F37/><W38/><G38/><T18/><D18/><U113/><E7/><V43/><F43/><W98/><G17/><T131/><D131/><U51/><E113/><V54/><F54/><W79/><G72/><AGARI ba="0,2" hai="12,13,15,21,26,29,72,78,83,96,99,117,118,119" machi="72" ten="50,3200,0" yaku="1,1,53,1" doraHai="47" doraHaiUra="77" who="0" fromWho="3" sc="422,52,351,0,12,0,195,-32" owari="474,57.4,351,15.1,12,-48.8,163,-23.7" /></mjloggm>