<mjloggm ver="2.3"><GO type="169" lobby="0"/><UN n0="%54%61%6B%61%79%61%40" n1="%E3%83%9F%E3%83%84%E3%83%8F%E3%82%B7%E3%82%A2%E3%82%B9%E3%83%9E" n2="%74%65%63%68%74%6F" n3="%62%6F%79%61%74%65%74%75" dan="16,16,17,17" rate="2092.36,2042.00,2135.53,2184.78" sx="M,M,M,M"/><TAIKYOKU oya="0"/><INIT seed="0,0,0,1,5,112" ten="250,250,250,250" oya="0" hai0="79,27,120,104,57,77,69,114,96,129,34,102,8" hai1="42,25,56,71,133,30,50,6,84,93,16,21,89" hai2="58,117,72,48,86,74,4,45,121,20,38,47,124" hai3="126,105,18,19,98,118,28,44,54,1,41,66,15"/><T88/><D114/><U64/><E133/><V131/><F121/><W132/><G1/><T49/><D120/><U7/><E71/><V33/><F33/><W0/><G0/><T29/><D129/><U37/><E37/><V135/><F4/><W127/><G66/><T73/><D73/><U94/><E94/><V107/><F107/><W52/><G132/><T17/><D69/><U39/><E39/><V100/><F100/><W80/><G80/><T2/><D49/><U36/><E36/><V23/><F38/><W5/><G28/><T14/><D57/><U62/><REACH who="1" step="1"/><E30/><REACH who="1" ten="250,240,250,250" step="2"/><V123/><F135/><W125/><G125/><T75/><D75/><U63/><E63/><V43/><F74/><W116/><G127/><T130/><D130/><U10/><E10/><V22/><F72/><W83/><G126/><T24/><D24/><U76/><E76/><V3/><F131/><W92/><G105/><T111/><D111/><U51/><E51/><V106/><F106/><W101/><G83/><T90/><D79/><U61/><E61/><V109/><F109/><W97/><G92/><T103/><D77/><U78/><E78/><V119/><F124/><W82/><G82/><T12/><D103/><U113/><E113/><V26/><F123/><W59/><G101/><T68/><D68/><U115/><E115/><V70/><F70/><W40/><G59/><T35/><D102/><U9/><E9/><V67/><F58/><W95/><G95/><T55/><D8/><U13/><E13/><V91/><F26/><W99/><G15/><T65/><D12/><U53/><E53/><RYUUKYOKU ba="0,1" sc="250,-10,240,30,250,-10,250,-10" hai1="6,7,16,21,25,42,50,56,62,64,84,89,93" /><INIT seed="1,1,1,3,5,33" ten="240,270,240,240" oya="1" hai0="113,87,47,74,81,85,110,73,49,109,130,2,59" hai1="93,26,119,42,62,120,45,31,106,97,37,14,82" hai2="80,117,22,67,35,92,103,116,118,83,55,53,8" hai3="107,88,95,108,56,7,41,94,123,115,44,99,38"/><U124/><E119/><V50/><F35/><W3/><G123/><T18/><D113/><U133/><E120/><V114/><F67/><W127/><G115/><T28/><D28/><U105/><E124/><V12/><F114/><W75/><G75/><T91/><D130/><U104/><E133/><V24/><F103/><W134/><G107/><T90/><D59/><U132/><E132/><V60/><F92/><W122/><G122/><T121/><D121/><U100/><E82/><V48/><F60/><W69/><G69/><T68/><D68/><U9/><E62/><V66/><F66/><W52/><G134/><T86/><D18/><U65/><E65/><V125/><F125/><W71/><G71/><T129/><D129/><U46/><E46/><V5/><F50/><W70/><G70/><T4/><D74/><U64/><E64/><V84/><F48/><W102/><G127/><T27/><D27/><U126/><E126/><V40/><F40/><W77/><G77/><T76/><D4/><U17/><REACH who="1" step="1"/><E106/><REACH who="1" ten="240,260,240,240" step="2"/><V61/><F61/><W10/><G95/><T25/><D47/><U34/><AGARI ba="1,2" hai="9,14,17,26,31,34,37,42,45,93,97,100,104,105" machi="34" ten="20,12000,1" yaku="1,1,2,1,0,1,7,1,53,1" doraHai="33" doraHaiUra="29" who="1" fromWho="1" sc="240,-41,260,143,240,-41,240,-41" /><INIT seed="1,2,0,3,2,68" ten="199,403,199,199" oya="1" hai0="91,80,66,16,111,49,29,32,62,130,107,12,47" hai1="101,53,7,24,28,8,113,44,27,82,98,100,0" hai2="102,109,6,119,134,45,37,67,117,93,77,10,3" hai3="126,88,108,25,48,94,21,112,51,55,87,43,121"/><U69/><E113/><V104/><F93/><W31/><G112/><T40/><D111/><U128/><E69/><V118/><F109/><W92/><G108/><T13/><D130/><U115/><E115/><V81/><F67/><W74/><G74/><T70/><D107/><U97/><E128/><V15/><F15/><W106/><G106/><T61/><D61/><U79/><E53/><V22/><F22/><W19/><G126/><T46/><D13/><U2/><E2/><V34/><F134/><W127/><G121/><T9/><D46/><U41/><E97/><N who="2" m="61519" /><F34/><W133/><G133/><T83/><REACH who="0" step="1"/><D91/><REACH who="0" ten="189,403,199,199" step="2"/><U135/><E135/><V38/><F45/><N who="3" m="25663" /><G127/><T64/><D64/><U96/><E44/><V129/><F129/><W124/><G124/><T122/><D122/><U76/><E0/><V36/><F119/><W89/><G89/><T1/><D1/><U18/><E100/><V20/><F20/><W30/><G92/><T86/><D86/><U114/><E101/><V75/><AGARI ba="2,1" hai="3,6,10,36,37,38,75,77,81,117,118" m="61519" machi="75" ten="30,7900,0" yaku="23,1,52,3" doraHai="68" who="2" fromWho="2" sc="189,-22,403,-41,199,95,199,-22" /><INIT seed="2,0,0,0,4,125" ten="167,362,294,177" oya="2" hai0="97,134,0,25,51,16,19,1,39,64,65,87,15" hai1="21,122,5,103,47,118,63,60,77,26,71,130,4" hai2="113,82,93,7,115,54,86,70,20,88,11,126,49" hai3="57,36,73,29,92,58,76,83,6,10,105,133,31"/><V80/><F126/><W50/><G105/><T28/><D39/><U33/><E118/><V62/><F20/><W22/><G133/><T69/><D134/><U114/><E114/><V56/><F82/><W98/><G36/><T68/><D87/><U17/><E122/><V37/><F37/><W135/><G135/><T12/><D51/><U81/><E33/><V27/><F27/><W101/><G22/><T3/><D97/><U79/><E103/><V74/><F70/><N who="0" m="27242" /><D28/><U107/><E107/><V61/><F115/><W75/><G75/><T119/><D119/><U89/><E71/><V38/><F38/><W43/><G43/><T45/><D45/><U66/><E47/><V67/><F113/><W94/><G94/><T116/><D116/><U34/><E34/><V35/><F67/><N who="0" m="25674" /><D25/><U24/><E24/><V30/><F30/><W8/><G29/><T85/><D85/><U129/><E66/><V84/><F74/><W91/><G31/><T53/><D53/><U90/><E79/><V124/><F35/><W131/><G50/><T123/><D123/><U2/><E77/><V14/><F124/><W23/><G76/><AGARI ba="0,0" hai="7,11,14,49,54,56,61,62,76,80,84,86,88,93" machi="76" ten="30,5800,0" yaku="7,1,8,1,54,1" doraHai="125" who="2" fromWho="3" sc="167,0,362,0,294,58,177,-58" /><INIT seed="2,1,0,3,5,8" ten="167,362,352,119" oya="2" hai0="97,35,0,49,32,77,105,58,26,37,29,44,123" hai1="92,23,17,129,10,67,59,101,12,11,46,119,70" hai2="42,2,61,9,78,115,53,13,56,88,64,30,85" hai3="99,62,22,57,47,126,55,16,72,93,24,69,28"/><V15/><F115/><W20/><G126/><T40/><D123/><U108/><E119/><V98/><F30/><W114/><G114/><T48/><D0/><U81/><E70/><V51/><F42/><W31/><G69/><T112/><D112/><U103/><E108/><V60/><F2/><W120/><G72/><T132/><D132/><U83/><E129/><V87/><F9/><N who="1" m="3081" /><E46/><N who="2" m="27895" /><F61/><W110/><G110/><T118/><D118/><U1/><E1/><V135/><F135/><W91/><G120/><T39/><D35/><U102/><E92/><N who="2" m="54303" /><F98/><W27/><G47/><T7/><D7/><U95/><E95/><V128/><F128/><W82/><G82/><AGARI ba="1,0" hai="13,15,56,60,64,78,82,85" m="54303,27895" machi="82" ten="30,11600,0" yaku="8,1,52,2,54,1" doraHai="8" who="2" fromWho="3" sc="167,0,362,0,352,119,119,-119" /><INIT seed="2,2,0,1,0,34" ten="167,362,471,0" oya="2" hai0="93,118,113,14,78,68,95,92,63,80,132,24,19" hai1="18,7,66,1,96,12,82,53,83,104,38,72,37" hai2="125,56,90,74,30,50,26,86,102,39,5,64,32" hai3="16,124,36,89,75,61,81,131,119,91,69,52,42"/><V117/><F117/><W44/><G119/><T51/><D113/><U27/><E66/><V112/><F112/><W87/><G124/><T43/><D132/><U57/><E27/><V29/><F74/><W88/><G75/><T28/><D118/><U99/><E72/><V100/><F39/><W108/><G108/><T45/><D63/><U120/><E12/><V101/><F125/><W59/><G131/><T46/><D68/><U2/><E7/><V111/><F111/><W10/><G69/><T121/><D121/><U58/><E53/><V127/><F127/><W116/><G116/><T21/><D45/><U4/><E4/><V110/><F110/><W40/><G40/><T9/><D95/><U73/><E73/><AGARI ba="2,0" hai="9,14,19,21,24,28,43,46,51,73,78,80,92,93" machi="73" ten="30,1000,0" yaku="7,1" doraHai="34" who="0" fromWho="1" sc="167,16,362,-16,471,0,0,0" /><INIT seed="3,0,0,0,2,24" ten="183,346,471,0" oya="3" hai0="62,9,88,112,27,21,12,132,14,131,35,28,130" hai1="41,67,29,65,128,16,17,37,45,106,2,129,7" hai2="10,110,99,42,25,55,76,36,43,38,90,101,86" hai3="97,49,78,20,15,77,135,13,116,98,61,33,109"/><W80/><G116/><T108/><D108/><U119/><E106/><V127/><F110/><W44/><G33/><T93/><D132/><U40/><E119/><V8/><F76/><W50/><G135/><T60/><D112/><U81/><E40/><V105/><F127/><W5/><G109/><T71/><D35/><U123/><E123/><V124/><F43/><W34/><G34/><T102/><D102/><U22/><E29/><V96/><F124/><W87/><G61/><T91/><D14/><U94/><E94/><V56/><F99/><W100/><G78/><T54/><D71/><U117/><E117/><V133/><F25/><W26/><G50/><T114/><D114/><U32/><E32/><V46/><F38/><W23/><G23/><T66/><D54/><U47/><E47/><V19/><F19/><W103/><G97/><T11/><D11/><U92/><E92/><V57/><F57/><W4/><G15/><T3/><D3/><U52/><E81/><V39/><F39/><W79/><G79/><T59/><D62/><U74/><E74/><V111/><F133/><W0/><G0/><T83/><D83/><U84/><E84/><V48/><F111/><W51/><G51/><T107/><D107/><U134/><E134/><V118/><F118/><W72/><G72/><T31/><D31/><U6/><E2/><V125/><F125/><W95/><G103/><T121/><D121/><U18/><E22/><V58/><F56/><W70/><G70/><T104/><D104/><U126/><E126/><V89/><F89/><N who="0" m="34378" /><D93/><AGARI ba="0,0" hai="8,10,36,42,46,48,55,58,86,90,93,96,101,105" machi="93" ten="30,1000,0" yaku="7,1" doraHai="24" who="2" fromWho="0" sc="183,-10,346,0,471,10,0,0" /><INIT seed="4,0,0,3,2,41" ten="173,346,481,0" oya="0" hai0="34,86,122,102,88,92,106,28,98,130,83,134,111" hai1="118,16,47,49,81,124,27,56,35,96,30,25,85" hai2="0,59,104,117,52,105,58,23,94,61,48,2,78" hai3="39,77,38,74,103,29,10,131,62,116,50,21,82"/><T46/><D122/><U54/><E118/><V119/><F78/><W13/><G116/><N who="2" m="44617" /><F94/><W8/><G131/><T7/><D130/><U51/><E124/><V91/><F91/><W114/><G114/><T3/><D134/><U115/><E115/><V64/><F23/><W108/><G108/><T112/><D112/><U31/><E96/><V99/><F99/><W109/><G109/><T66/><D66/><U97/><E97/><V19/><F19/><W87/><G103/><T5/><D111/><U123/><E123/><V12/><F12/><W1/><G74/><T93/><D93/><U57/><E51/><V135/><F135/><W113/><G113/><T37/><D3/><AGARI ba="0,0" hai="0,2,3,48,52,58,59,61,64,104,105" m="44617" machi="3" ten="30,2000,0" yaku="12,1,54,1" doraHai="41" who="2" fromWho="0" sc="173,-20,346,0,481,20,0,0" /><INIT seed="5,0,0,1,2,68" ten="153,346,501,0" oya="1" hai0="13,64,105,126,44,106,130,96,120,80,116,37,12" hai1="125,16,117,50,26,33,87,4,17,41,86,63,119" hai2="22,89,0,67,128,38,108,25,20,59,65,79,24" hai3="118,36,112,30,35,56,55,5,19,71,132,134,131"/><U93/><E125/><V95/><F108/><W84/><G112/><T109/><D109/><U28/><E4/><V124/><F38/><W18/><G71/><T123/><D126/><U29/><E63/><V54/><F0/><W53/><G118/><T43/><D116/><U129/><E129/><V1/><F79/><W9/><G131/><T6/><D130/><U52/><E41/><V73/><F73/><W66/><G66/><T32/><D32/><U46/><E29/><N who="2" m="17543" /><F1/><W83/><G35/><T39/><D64/><U111/><E111/><V58/><F58/><W135/><G30/><T49/><D80/><U31/><E31/><N who="2" m="17847" /><F124/><W85/><G36/><N who="0" m="13899" /><D96/><U7/><E7/><V62/><F128/><W92/><G92/><T88/><D88/><U115/><E115/><V90/><F90/><N who="3" m="51487" /><G85/><AGARI ba="0,0" hai="54,59,62,65,67,85,89,95" m="17847,17543" machi="85" ten="30,1000,0" yaku="8,1" doraHai="68" who="2" fromWho="3" sc="153,0,346,0,501,10,0,-10" owari="153,-24.7,346,14.6,511,61.1,-10,-51.0" /></mjloggm>