<mjloggm ver="2.3"><GO type="169" lobby="0"/><UN n0="%E3%82%B8%E3%83%9F%E3%83%BC" n1="%64%6F%6F%6F%6F%77%79%31" n2="%E3%81%82%E3%82%8B%E8%A8%BC%E6%98%8E%EF%BF%A1" n3="%E3%83%94%E3%83%B3%E3%82%B5%E3%83%AD%E5%BA%97%E5%93%A1" dan="16,16,16,17" rate="2071.69,2182.11,2096.81,2283.99" sx="M,M,M,M"/><TAIKYOKU oya="0"/><INIT seed="0,0,0,1,5,60" ten="250,250,250,250" oya="0" hai0="87,72,132,12,49,13,89,3,2,82,120,128,99" hai1="106,11,102,6,94,126,129,50,24,17,10,105,15" hai2="130,77,75,73,1,5,43,101,115,107,56,52,55" hai3="116,110,123,51,85,96,84,76,81,29,48,37,23"/><T34/><D120/><U122/><E122/><V9/><F115/><W47/><G116/><T95/><D34/><U27/><E129/><V25/><F130/><W109/><G123/><T125/><D128/><U16/><E126/><V7/><F43/><N who="3" m="23023" /><G96/><T41/><D125/><U22/><E50/><V61/><F7/><W70/><G70/><T71/><D71/><U79/><E79/><V91/><F91/><W65/><G65/><T78/><D132/><U4/><E94/><V38/><F38/><W97/><G97/><T62/><D62/><U53/><E53/><V93/><F107/><W83/><G23/><T20/><D72/><U119/><E119/><V112/><F112/><W31/><G31/><T118/><D118/><U59/><E59/><V108/><F55/><W39/><G29/><T63/><D63/><U135/><E22/><V131/><F131/><W40/><G40/><T36/><D36/><U124/><E124/><V113/><F113/><W33/><G33/><T103/><D103/><U69/><E69/><V66/><F77/><N who="3" m="46127" /><G39/><T35/><D35/><U134/><REACH who="1" step="1"/><E15/><REACH who="1" ten="250,240,250,250" step="2"/><N who="2" m="5551" /><F52/><W92/><G92/><T86/><D12/><U14/><E14/><V117/><F93/><W74/><G74/><N who="0" m="43351" /><D2/><U44/><E44/><V100/><F1/><W32/><G32/><T64/><D3/><U90/><E90/><V30/><F117/><W45/><G45/><N who="0" m="25775" /><D64/><U111/><E111/><AGARI ba="0,1" hai="48,51,76,83,85,109,110,111" m="46127,23023" machi="111" ten="30,1000,0" yaku="14,1" doraHai="60" who="3" fromWho="1" sc="250,0,240,-10,250,0,250,20" /><INIT seed="1,0,0,3,1,8" ten="250,230,250,270" oya="1" hai0="134,57,39,99,76,21,15,40,128,81,64,62,66" hai1="67,71,31,19,32,47,68,49,112,41,59,35,92" hai2="95,79,60,105,46,85,89,88,55,0,125,26,65" hai3="132,69,70,123,30,87,126,100,72,120,121,84,133"/><U22/><E112/><V16/><F105/><W25/><G72/><T116/><D116/><U43/><E43/><V42/><F0/><W5/><G100/><T73/><D134/><N who="3" m="51817" /><G5/><T61/><D128/><U37/><E31/><V94/><F79/><W91/><G126/><T45/><D99/><U63/><E92/><V104/><F104/><W75/><G75/><T58/><D21/><U96/><E96/><V13/><F26/><W80/><G84/><T12/><AGARI ba="0,0" hai="12,15,39,40,45,57,58,61,62,64,66,73,76,81" machi="12" ten="30,7900,0" yaku="0,1,9,1,52,2" doraHai="8" who="0" fromWho="0" sc="250,79,230,-39,250,-20,270,-20" /><INIT seed="2,0,0,4,1,106" ten="329,191,230,250" oya="2" hai0="25,31,122,115,127,98,49,28,121,112,64,85,95" hai1="35,116,63,87,53,36,120,46,96,32,114,89,126" hai2="84,30,41,29,135,74,40,45,55,91,20,17,2" hai3="78,133,0,123,129,6,93,71,107,75,76,51,22"/><V130/><F2/><W23/><G123/><T68/><D127/><U134/><E114/><V92/><F135/><W16/><G107/><T79/><D115/><U97/><E116/><V82/><F130/><W42/><G71/><T113/><D113/><U52/><E126/><V18/><F55/><W48/><G133/><T125/><D125/><U65/><E134/><V99/><F17/><W111/><G111/><T21/><D112/><U66/><E120/><V13/><F74/><W110/><G110/><T8/><D31/><U34/><E66/><V58/><F58/><W128/><G93/><T12/><D68/><U14/><E14/><V131/><F131/><N who="3" m="50251" /><G23/><T26/><D26/><U60/><E36/><V3/><F3/><W104/><G104/><T24/><D24/><U101/><E101/><V61/><F61/><W10/><G42/><N who="2" m="16489" /><F45/><W124/><G124/><T88/><D64/><U4/><E4/><V67/><F67/><W39/><G39/><T5/><REACH who="0" step="1"/><D49/><REACH who="0" ten="319,191,230,250" step="2"/><N who="3" m="19017" /><G75/><T27/><D27/><AGARI ba="0,1" hai="0,6,10,16,22,27,76,78" m="19017,50251" machi="27" ten="30,2000,0" yaku="19,1,54,1" doraHai="106" who="3" fromWho="0" sc="319,-20,191,0,230,0,250,30" /><INIT seed="3,0,0,2,0,1" ten="299,191,230,280" oya="3" hai0="115,131,38,101,46,19,127,28,10,13,27,39,44" hai1="20,109,51,43,81,87,85,15,45,108,65,77,72" hai2="16,48,0,124,60,106,132,49,71,66,102,126,103" hai3="134,83,113,122,107,55,130,110,129,36,31,67,26"/><W17/><G107/><T32/><D127/><N who="2" m="48682" /><F132/><W40/><G122/><T105/><D131/><N who="3" m="50185" /><G113/><T125/><D115/><U50/><E65/><V116/><F116/><W76/><G134/><T30/><D30/><U78/><E51/><N who="2" m="19531" /><F0/><W33/><G55/><T23/><D125/><U98/><E98/><V7/><F106/><W8/><G67/><T11/><D11/><U92/><E72/><V88/><F88/><W73/><G110/><T22/><D22/><U4/><E92/><V89/><F89/><W42/><G36/><T128/><D128/><U35/><E35/><V37/><F37/><W74/><G74/><T25/><D39/><U104/><E104/><V75/><F75/><W70/><G70/><T62/><D38/><U41/><E41/><V34/><F34/><W123/><G123/><T69/><D69/><U120/><E120/><V111/><F111/><W5/><G17/><T21/><D32/><U52/><E43/><V114/><F114/><W56/><G56/><T59/><D105/><U117/><E117/><V95/><F95/><W18/><G18/><N who="0" m="8503" /><D101/><N who="2" m="38410" /><F16/><W29/><G29/><T68/><D68/><U24/><E109/><V82/><F82/><W54/><G54/><AGARI ba="0,0" hai="19,21,23,25,27,28,44,46,54,59,62" m="8503" machi="54" ten="30,1000,0" yaku="8,1" doraHai="1" who="0" fromWho="3" sc="299,10,191,0,230,0,280,-10" /><INIT seed="4,0,0,5,5,3" ten="309,191,230,270" oya="0" hai0="103,87,8,66,21,52,37,17,72,83,123,40,92" hai1="55,102,74,31,96,119,118,57,82,42,97,51,100" hai2="134,23,73,32,47,26,2,81,38,101,132,48,130" hai3="70,125,6,14,129,29,43,85,115,111,7,1,90"/><T71/><D123/><U41/><E31/><V99/><F130/><W64/><G111/><T62/><D72/><U120/><E120/><V127/><F127/><W45/><G1/><T121/><D121/><U50/><E74/><V110/><F110/><W86/><G129/><T78/><D8/><U24/><E24/><V76/><F38/><W18/><G125/><T19/><D19/><U65/><E65/><V108/><F32/><W113/><G29/><T44/><D103/><U84/><E84/><N who="3" m="32362" /><G90/><T56/><D92/><U63/><E82/><V95/><F2/><W22/><G64/><T9/><D9/><U59/><REACH who="1" step="1"/><E63/><REACH who="1" ten="309,181,230,270" step="2"/><V60/><F60/><W53/><G70/><T4/><D71/><U133/><E133/><V79/><F108/><W89/><G115/><T0/><D66/><U98/><E98/><V94/><F132/><W67/><G67/><T34/><D34/><U54/><AGARI ba="0,1" hai="41,42,50,51,54,55,57,59,96,97,100,102,118,119" machi="54" ten="25,6400,0" yaku="1,1,0,1,22,2,53,0" doraHai="3" doraHaiUra="122" who="1" fromWho="1" sc="309,-32,181,74,230,-16,270,-16" /><INIT seed="5,0,0,1,5,127" ten="277,255,214,254" oya="1" hai0="13,101,90,100,65,20,8,85,37,11,40,128,55" hai1="115,56,23,79,134,71,88,33,108,129,91,104,116" hai2="14,117,95,120,6,27,7,59,4,15,51,94,89" hai3="97,39,74,19,82,17,123,64,132,47,58,125,34"/><U61/><E33/><V41/><F120/><W24/><G123/><T133/><D65/><U70/><E116/><V60/><F117/><W22/><G34/><T78/><D133/><U66/><E134/><V3/><F3/><W72/><G132/><T75/><D75/><U54/><E104/><V28/><F51/><W131/><G125/><T87/><D40/><U119/><E119/><V57/><F41/><W29/><G39/><T105/><D37/><U44/><E115/><V48/><F48/><W63/><G47/><T10/><D55/><U96/><E44/><V45/><F45/><W124/><G124/><T31/><D105/><U86/><E108/><V52/><F59/><W77/><G74/><T0/><D0/><U113/><E113/><V16/><F28/><W53/><G131/><T38/><D38/><U110/><E110/><V26/><F95/><W122/><G122/><T106/><D106/><U1/><E1/><V18/><F14/><W126/><G126/><T50/><D50/><U36/><E129/><V109/><F109/><W81/><G81/><N who="0" m="47287" /><D128/><U5/><E5/><V73/><F73/><W98/><G53/><T80/><D13/><U114/><E114/><V46/><F46/><W99/><AGARI ba="0,0" hai="17,19,22,24,29,58,63,64,72,77,82,97,98,99" machi="99" ten="30,1100,0" yaku="0,1" doraHai="127" who="3" fromWho="3" sc="277,-3,255,-5,214,-3,254,11" /><INIT seed="6,0,0,0,5,124" ten="274,250,211,265" oya="2" hai0="57,4,45,114,31,28,132,32,125,37,25,6,95" hai1="50,87,48,56,68,127,119,113,73,115,92,27,70" hai2="111,49,35,67,91,7,66,76,88,80,30,85,29" hai3="118,130,18,117,33,13,39,108,3,133,34,75,103"/><V104/><F104/><W84/><G75/><T99/><D125/><U11/><E73/><V123/><F123/><W54/><G39/><T89/><D132/><U135/><E127/><V5/><F111/><W121/><G103/><T41/><D114/><N who="1" m="43531" /><E135/><V20/><F35/><N who="3" m="13323" /><G54/><T128/><D28/><N who="2" m="10858" /><F20/><N who="3" m="11343" /><G84/><T110/><D110/><U2/><E119/><N who="3" m="45578" /><G108/><T109/><D109/><U74/><E74/><V23/><F23/><W106/><G106/><T40/><D40/><U16/><E87/><N who="2" m="48519" /><F49/><N who="1" m="19049" /><E92/><N who="2" m="54287" /><F91/><W46/><G133/><T112/><D112/><U71/><E56/><V126/><F126/><W94/><G94/><T51/><D57/><U1/><E27/><V44/><F44/><W38/><G46/><T60/><D45/><U22/><E22/><V12/><F12/><AGARI ba="0,0" hai="1,2,11,12,16,68,70,71" m="19049,43531" machi="12" ten="40,2600,0" yaku="15,1,54,1" doraHai="124" who="1" fromWho="2" sc="274,0,250,26,211,-26,265,0" /><INIT seed="7,0,0,0,2,25" ten="274,276,185,265" oya="3" hai0="43,84,48,115,75,19,68,81,6,63,100,34,132" hai1="49,91,94,131,8,89,11,41,118,46,35,82,21" hai2="133,0,72,130,61,127,51,135,71,12,120,93,52" hai3="33,32,2,62,86,16,128,92,88,77,95,13,122"/><W1/><G122/><T7/><D34/><U60/><E35/><V129/><F72/><W22/><G128/><N who="2" m="49257" /><F0/><W116/><G116/><T73/><D100/><U124/><E131/><V36/><F120/><W39/><G39/><T97/><D97/><U114/><E118/><V104/><F104/><W126/><G32/><T28/><D28/><U55/><E114/><V26/><F36/><W99/><G33/><T123/><D132/><N who="2" m="50762" /><F12/><W78/><G126/><T10/><D115/><U110/><E124/><V108/><F108/><W59/><G2/><T96/><D75/><U17/><E110/><V65/><F93/><W80/><G1/><T76/><D73/><U98/><E82/><V134/><F134/><W74/><G74/><T54/><D81/><U40/><E91/><V107/><F107/><W44/><G44/><T15/><D15/><U58/><E41/><V121/><F121/><W3/><G3/><T4/><D43/><U70/><E70/><V103/><F103/><N who="3" m="60903" /><G95/><T69/><D69/><U87/><E87/><V29/><F127/><W112/><G112/><T23/><D68/><U27/><AGARI ba="0,0" hai="8,11,17,21,27,40,46,49,55,58,60,89,94,98" machi="27" ten="20,8000,1" yaku="0,1,7,1,25,2,8,1" doraHai="25" who="1" fromWho="1" sc="274,-20,276,80,185,-20,265,-40" owari="254,5.4,356,45.6,165,-33.5,225,-17.5" /></mjloggm>