<mjloggm ver="2.3"><GO type="225" lobby="0"/><UN n0="%EF%BC%AE%EF%BC%A1%EF%BC%AF%33%33%39" n1="%E3%81%99%E3%81%84%E3%81%BE%E3%81%9B%E3%83%BC%E3%82%93" n2="%E3%82%8C%E3%81%99%E3%81%93" n3="%E3%81%AF%E3%82%88%E3%81%8A%E3%81%98%E3%81%95%E3%82%93" dan="16,18,17,16" rate="2154.26,2202.58,2156.35,2213.83" sx="M,M,F,M"/><TAIKYOKU oya="0"/><INIT seed="0,0,0,3,5,23" ten="250,250,250,250" oya="0" hai0="49,99,45,91,17,81,132,25,47,85,10,117,123" hai1="116,26,134,72,39,41,77,73,56,129,46,82,100" hai2="7,9,127,65,122,61,36,35,103,131,89,8,109" hai3="53,54,4,128,34,66,57,83,98,108,3,80,110"/><T96/><D123/><U33/><E116/><V62/><F122/><W126/><G34/><T74/><D117/><U20/><E134/><V125/><F109/><N who="3" m="42091" /><G126/><N who="2" m="48137" /><F131/><W6/><G128/><T107/><D132/><U106/><E129/><V115/><F115/><W59/><G66/><T32/><D74/><U104/><E33/><V70/><F36/><W51/><G98/><T97/><D107/><U118/><E118/><V0/><F103/><W93/><G93/><T105/><D105/><U133/><E133/><V27/><F9/><N who="3" m="2207" /><G6/><T79/><D32/><U58/><E73/><V121/><F121/><W15/><G15/><T38/><D38/><U19/><REACH who="1" step="1"/><E106/><REACH who="1" ten="250,240,250,250" step="2"/><V130/><F130/><W114/><G114/><T5/><D5/><U18/><E18/><V67/><F35/><W60/><AGARI ba="0,1" hai="51,53,54,57,59,60,80,83" m="2207,42091" machi="60" ten="30,1100,0" yaku="14,1" doraHai="23" who="3" fromWho="3" sc="250,-5,240,-3,250,-3,250,21" /><INIT seed="1,0,0,0,2,36" ten="245,237,247,271" oya="1" hai0="70,51,10,111,22,102,9,38,49,120,40,119,34" hai1="116,132,60,124,16,25,79,14,82,133,13,85,6" hai2="131,28,24,98,105,103,55,83,99,46,93,122,47" hai3="58,97,69,121,108,18,128,106,94,52,62,26,90"/><U74/><E116/><V100/><F131/><W2/><G121/><T15/><D119/><U112/><E112/><V72/><F122/><W44/><G128/><T42/><D34/><U78/><E124/><V127/><F127/><W67/><G108/><T45/><D70/><U125/><E125/><V27/><F27/><W75/><G75/><T66/><D120/><U86/><E6/><V56/><F83/><W84/><G2/><T87/><D66/><U64/><E25/><V68/><F72/><W91/><G106/><T12/><D102/><U7/><E7/><V54/><F68/><W96/><G44/><N who="0" m="25735" /><D38/><U63/><E14/><N who="0" m="5161" /><D111/><U115/><E115/><V57/><F57/><W29/><G18/><T11/><D87/><U118/><E118/><V30/><F55/><W1/><G91/><T135/><D135/><N who="1" m="51787" /><E79/><V23/><REACH who="2" step="1"/><F30/><REACH who="2" ten="245,237,237,271" step="2"/><W3/><G69/><T31/><D31/><U61/><E64/><V107/><F107/><W113/><G67/><T95/><D95/><U134/><N who="1" m="51795" /><U0/><DORA hai="110" /><E0/><V130/><F130/><W76/><G113/><T41/><D22/><AGARI ba="0,1" hai="13,16,22,60,61,63,74,78,82,85,86" m="51795" machi="22" ten="40,3900,0" yaku="20,1,54,1" doraHai="36,110" who="1" fromWho="0" sc="245,-39,237,49,237,0,271,0" /><INIT seed="1,1,0,4,4,35" ten="206,286,237,271" oya="1" hai0="61,80,121,110,59,1,128,122,10,95,111,76,24" hai1="87,67,26,72,134,71,16,96,132,62,69,88,34" hai2="33,78,68,94,89,63,4,2,75,129,42,38,125" hai3="98,130,55,77,27,92,112,73,57,131,19,133,85"/><U105/><E72/><V37/><F33/><W84/><G112/><T127/><D24/><U31/><E71/><V99/><F129/><N who="3" m="49163" /><G133/><T13/><D128/><U39/><E39/><V135/><F135/><W101/><G73/><T79/><D95/><U6/><E6/><V116/><F116/><W40/><G40/><T7/><D127/><U23/><E96/><V97/><F125/><W47/><G47/><T60/><D13/><U70/><E70/><V82/><F97/><W90/><G77/><N who="0" m="29771" /><D80/><U30/><E105/><V114/><F114/><W49/><G101/><T119/><D119/><U46/><E46/><V29/><F29/><W104/><G104/><T45/><D45/><U15/><REACH who="1" step="1"/><E30/><REACH who="1" ten="206,276,237,271" step="2"/><V32/><F38/><W103/><G103/><T44/><D44/><U109/><E109/><N who="0" m="41481" /><D59/><U52/><E52/><V43/><F37/><W66/><G66/><T12/><D12/><U8/><E8/><N who="2" m="2071" /><F42/><W65/><G65/><T107/><D107/><U81/><AGARI ba="1,1" hai="15,16,23,26,31,34,62,67,69,81,87,88,132,134" machi="81" ten="30,12000,1" yaku="1,1,0,1,54,2,53,1" doraHai="35" doraHaiUra="21" who="1" fromWho="1" sc="206,-41,276,133,237,-41,271,-41" /><INIT seed="1,2,0,5,2,131" ten="165,409,196,230" oya="1" hai0="43,124,77,52,67,72,63,74,92,91,103,33,97" hai1="31,115,64,47,51,55,6,119,85,40,95,23,19" hai2="94,107,2,22,134,57,9,111,83,71,59,116,82" hai3="117,49,53,26,130,135,108,66,70,34,25,17,79"/><U30/><E115/><V73/><F107/><W76/><G130/><T5/><D33/><U14/><E119/><V13/><F116/><W29/><G117/><T118/><D118/><U84/><E64/><V39/><F71/><W16/><G108/><T62/><D43/><U87/><E6/><V133/><F2/><W99/><G135/><N who="2" m="51721" /><F111/><W3/><G3/><T96/><D5/><U125/><E125/><V80/><F73/><W78/><G99/><T102/><D124/><U60/><E95/><V1/><F39/><W114/><G114/><T41/><D41/><U86/><E86/><V61/><F1/><W81/><G81/><T48/><D77/><U105/><E105/><V129/><F129/><W113/><G113/><T20/><D74/><U69/><E69/><V100/><F22/><W21/><G66/><T24/><D67/><U120/><E120/><V44/><F44/><W46/><G70/><T122/><D72/><U35/><E35/><V68/><F68/><W88/><G34/><T4/><D122/><U45/><E45/><V126/><F61/><W11/><G11/><T98/><D63/><U12/><E60/><V8/><F126/><W75/><G75/><T58/><D48/><U128/><E128/><V27/><F27/><W123/><G123/><T104/><D104/><U106/><E106/><V50/><F50/><W121/><G121/><T37/><D37/><U112/><E112/><V38/><F38/><W54/><G26/><T89/><D24/><U101/><E51/><V7/><F9/><W110/><G49/><T127/><D127/><U42/><E47/><RYUUKYOKU ba="2,0" sc="165,-10,409,-10,196,30,230,-10" hai2="7,8,13,57,59,80,82,83,94,100" /><INIT seed="2,3,0,0,0,97" ten="155,399,226,220" oya="2" hai0="23,89,17,52,125,40,133,100,104,101,84,80,10" hai1="63,110,116,71,14,24,18,127,88,58,26,90,3" hai2="11,43,75,134,103,122,111,55,41,61,93,48,35" hai3="16,105,77,42,1,68,29,32,54,108,82,83,113"/><V37/><F122/><W130/><G1/><T73/><D104/><U47/><E116/><V5/><F35/><W50/><G105/><T95/><D40/><U57/><E3/><V78/><F134/><W39/><G68/><T38/><D38/><U44/><E71/><V87/><F37/><W124/><G42/><T109/><D133/><U74/><E74/><V28/><F28/><W62/><G39/><T81/><D109/><U135/><E110/><V22/><F22/><W118/><G62/><T6/><D125/><U12/><E127/><V112/><F61/><W4/><G4/><T34/><D34/><U69/><E69/><V46/><F112/><W8/><G118/><T64/><D64/><U65/><E58/><V45/><F111/><W59/><G108/><T115/><D115/><U15/><E135/><V30/><F30/><W117/><G117/><T129/><D129/><U33/><E33/><V91/><F103/><N who="0" m="39498" /><D73/><U106/><E106/><V114/><F114/><W67/><G67/><T51/><D6/><U66/><E65/><V27/><F43/><W72/><G130/><T107/><D10/><U60/><E66/><V20/><F11/><W53/><G124/><T96/><D96/><U132/><E132/><V2/><F5/><W21/><G8/><T92/><D92/><U121/><E121/><V79/><F75/><W70/><G113/><T31/><D31/><U99/><E99/><V126/><F126/><W25/><G70/><T0/><D0/><U9/><E9/><V56/><F2/><W120/><G120/><T98/><D107/><U7/><E7/><RYUUKYOKU ba="3,0" sc="155,0,399,0,226,0,220,0" /><INIT seed="3,4,0,2,4,129" ten="155,399,226,220" oya="3" hai0="66,77,118,115,98,21,40,61,72,87,75,100,120" hai1="44,51,19,103,68,41,89,52,14,85,0,49,42" hai2="112,50,113,24,22,28,125,108,124,70,116,16,79" hai3="57,123,29,92,58,64,10,109,60,102,62,106,15"/><W11/><G123/><T59/><D120/><U73/><E68/><V128/><F128/><W95/><G109/><T6/><D118/><U101/><E73/><V122/><F122/><W65/><G29/><T80/><D115/><U3/><E3/><V81/><F108/><W30/><G30/><T17/><D6/><U99/><E0/><V78/><F116/><W114/><G114/><T27/><REACH who="0" step="1"/><D40/><REACH who="0" ten="145,399,226,220" step="2"/><U5/><E5/><V32/><F113/><W53/><G10/><T7/><D7/><U130/><E130/><V131/><F112/><W110/><G110/><T9/><D9/><U4/><E4/><V111/><F131/><W86/><G11/><T71/><D71/><U96/><E42/><V48/><F70/><W90/><G106/><AGARI ba="4,1" hai="17,21,27,59,61,66,72,75,77,80,87,98,100,106" machi="106" ten="30,2000,0" yaku="1,1,7,1,53,0" doraHai="129" doraHaiUra="132" who="0" fromWho="3" sc="145,42,399,0,226,0,220,-32" owari="187,-31.3,399,49.9,226,2.6,188,-21.2" /></mjloggm>