<mjloggm ver="2.3"><GO type="169" lobby="0"/><UN n0="%E5%9B%9B%E5%AE%AE%E7%B4%85%E8%BC%9D" n1="%E3%82%A4%E3%82%AB%E3%81%AB%E3%82%82%E6%9D%B1%E5%8C%97" n2="%E6%95%97%E5%8C%97%E8%80%85%E3%81%AD%E3%82%8B" n3="%E9%B3%B4%E8%8C%B6" dan="18,16,17,16" rate="2205.67,2131.66,2151.64,2160.36" sx="F,M,F,M"/><TAIKYOKU oya="0"/><INIT seed="0,0,0,1,2,47" ten="250,250,250,250" oya="0" hai0="127,91,66,114,71,11,45,120,98,94,28,48,88" hai1="63,4,24,81,59,50,19,96,9,126,99,25,83" hai2="74,111,7,80,67,95,53,0,77,115,122,92,103" hai3="100,34,112,70,58,61,17,26,117,16,82,20,3"/><T102/><D114/><U6/><E126/><V32/><F122/><W31/><G112/><T135/><D120/><U90/><E4/><V15/><F32/><W60/><G117/><T125/><D135/><U44/><E24/><V128/><F115/><W56/><G3/><T76/><D76/><U119/><E119/><V12/><F111/><W35/><G70/><T101/><D28/><U123/><E123/><V10/><F67/><W108/><G100/><T118/><D118/><U38/><E38/><V129/><F53/><W52/><G108/><T110/><D110/><U104/><E19/><V89/><F103/><W107/><G107/><T106/><D11/><U93/><E25/><V37/><F37/><W27/><G82/><T57/><D71/><U73/><E99/><V55/><F55/><W133/><G133/><T64/><D102/><U132/><E73/><V84/><REACH who="2" step="1"/><F95/><REACH who="2" ten="250,250,240,250" step="2"/><W109/><G109/><T42/><D106/><U85/><E104/><V23/><F23/><W86/><G35/><T75/><D66/><U116/><E116/><V54/><F54/><N who="3" m="33815" /><G34/><T87/><D125/><U14/><E132/><V51/><F51/><N who="3" m="31007" /><G31/><T1/><D127/><U5/><E63/><V29/><F29/><N who="3" m="17607" /><G61/><N who="0" m="37935" /><D101/><U40/><E59/><V43/><F43/><W121/><G121/><T30/><D30/><U78/><E83/><V46/><F46/><W13/><G27/><T68/><D42/><U22/><E22/><V131/><AGARI ba="0,1" hai="0,7,10,12,15,74,77,80,84,89,92,128,129,131" machi="131" ten="30,4000,0" yaku="1,1,0,1,19,1,53,0" doraHai="47" doraHaiUra="62" who="2" fromWho="2" sc="250,-20,250,-10,240,50,250,-10" /><INIT seed="1,0,0,1,1,112" ten="230,240,290,240" oya="1" hai0="78,120,117,3,79,16,20,81,126,43,22,65,108" hai1="125,96,68,10,51,114,9,24,55,132,0,1,73" hai2="19,69,7,95,87,118,122,53,107,39,98,60,82" hai3="91,25,128,64,130,86,56,94,70,76,135,110,15"/><U115/><E68/><V33/><F118/><W97/><G110/><T57/><D108/><U104/><E73/><V12/><F33/><W88/><G70/><T62/><D126/><U63/><E125/><V93/><F39/><W85/><G135/><T75/><D3/><U50/><E132/><V48/><F7/><W2/><G2/><T4/><D4/><U99/><E63/><V42/><F42/><W27/><G15/><T67/><D120/><U54/><REACH who="1" step="1"/><E24/><REACH who="1" ten="230,230,290,240" step="2"/><V133/><F133/><W47/><G25/><T8/><D75/><U59/><E59/><V32/><F60/><N who="3" m="37895" /><G27/><T131/><D57/><U105/><AGARI ba="0,1" hai="0,1,9,10,50,51,54,55,96,99,104,105,114,115" machi="105" ten="25,9600,0" yaku="1,1,0,1,22,2,53,0" doraHai="112" doraHaiUra="134" who="1" fromWho="1" sc="230,-32,230,106,290,-32,240,-32" /><INIT seed="1,1,0,0,4,33" ten="198,336,258,208" oya="1" hai0="48,87,78,120,52,81,92,133,25,76,18,63,89" hai1="51,113,79,64,35,43,57,77,1,128,83,122,6" hai2="31,134,13,11,115,38,58,12,93,54,73,24,116" hai3="3,127,41,96,32,99,84,86,107,102,124,42,14"/><U61/><E113/><V20/><F116/><W130/><G32/><T60/><D133/><U55/><E122/><V85/><F73/><W2/><G14/><T19/><D120/><U39/><E35/><V135/><F38/><W110/><G110/><T131/><D131/><U109/><E128/><V123/><F123/><W30/><G130/><T59/><D76/><U4/><E109/><V34/><F115/><W44/><G44/><T100/><D100/><U72/><E79/><V121/><F121/><W112/><G112/><T132/><D132/><N who="2" m="50730" /><F34/><W28/><REACH who="3" step="1"/><G102/><REACH who="3" ten="198,336,258,198" step="2"/><T91/><D25/><U62/><E39/><V40/><F12/><W26/><G26/><T74/><D91/><U80/><E43/><V104/><F40/><W105/><AGARI ba="1,1" hai="2,3,28,30,41,42,84,86,96,99,105,107,124,127" machi="105" ten="25,12000,2" yaku="1,1,0,1,22,2,52,2,53,0" doraHai="33" doraHaiUra="23" who="3" fromWho="3" sc="198,-31,336,-61,258,-31,198,133" /><INIT seed="2,0,0,4,4,125" ten="167,275,227,331" oya="2" hai0="33,63,35,78,55,121,1,49,122,52,114,13,93" hai1="44,71,106,23,135,27,48,40,39,69,24,72,8" hai2="16,96,131,43,111,110,36,41,104,18,20,117,4" hai3="113,92,51,99,29,19,47,118,0,101,59,112,68"/><V124/><F117/><W2/><G68/><T82/><D1/><N who="3" m="617" /><G118/><T132/><D114/><N who="3" m="44137" /><G29/><T119/><D119/><U134/><E106/><V85/><F124/><W32/><G19/><T115/><D115/><U127/><E127/><V30/><F4/><W116/><G116/><T88/><D132/><N who="1" m="50731" /><E72/><V66/><F66/><W105/><G59/><N who="0" m="35303" /><D33/><U64/><E64/><V70/><F70/><N who="1" m="26633" /><E8/><V84/><F131/><W128/><G32/><T90/><D35/><U22/><E39/><V42/><F36/><W83/><G83/><T133/><D122/><U81/><E81/><V21/><F30/><W73/><G73/><T107/><D121/><U65/><E65/><V103/><F20/><AGARI ba="0,0" hai="20,22,23,24,27,40,44,48" m="26633,50731" machi="20" ten="30,1000,0" yaku="20,1" doraHai="125" who="1" fromWho="2" sc="167,0,275,10,227,-10,331,0" /><INIT seed="3,0,0,1,4,58" ten="167,285,217,331" oya="3" hai0="74,134,6,32,108,87,135,67,3,54,106,115,48" hai1="126,15,107,82,50,5,38,62,13,21,33,39,30" hai2="68,55,116,31,10,113,110,1,80,59,133,94,95" hai3="77,44,92,4,105,45,29,11,42,128,125,84,99"/><W103/><G125/><T111/><D74/><U34/><E107/><V96/><F113/><W40/><G128/><T76/><D106/><U124/><E50/><V24/><F116/><W28/><G45/><T61/><D32/><N who="1" m="12395" /><E82/><V100/><F68/><W71/><G71/><N who="0" m="42479" /><D87/><U97/><E97/><V0/><F110/><N who="0" m="42026" /><D6/><U101/><E101/><V2/><F133/><N who="0" m="50698" /><D3/><U72/><E72/><V132/><F132/><W130/><G105/><T129/><D76/><U37/><E5/><V47/><F47/><W81/><G42/><T86/><D86/><U98/><E98/><V70/><F70/><W119/><G119/><T69/><D69/><U109/><E109/><V127/><F127/><N who="1" m="48681" /><E30/><V66/><F66/><W114/><G29/><T112/><D129/><U12/><E21/><V52/><F10/><W35/><G130/><T27/><D27/><U60/><AGARI ba="0,0" hai="12,13,15,37,38,39,60,62" m="48681,12395" machi="60" ten="50,8000,1" yaku="28,2,18,1,52,2" doraHai="58" who="1" fromWho="1" sc="167,-20,285,80,217,-20,331,-40" /><INIT seed="4,0,0,0,5,102" ten="147,365,197,291" oya="0" hai0="0,14,6,80,130,63,15,58,51,5,71,62,108" hai1="59,54,87,132,103,3,83,30,11,129,93,12,35" hai2="72,98,31,13,135,38,90,74,25,68,9,32,82" hai3="95,99,48,118,20,76,18,127,96,67,10,37,123"/><T36/><D36/><U64/><E3/><V29/><F135/><W73/><G37/><T8/><D130/><U55/><E129/><V86/><F68/><W27/><G118/><T39/><D39/><U106/><E132/><V57/><F38/><W105/><G127/><T21/><D108/><U53/><E106/><V19/><F31/><W26/><G26/><T1/><BYE who="3" /><D71/><U91/><E35/><V52/><REACH who="2" step="1"/><F98/><REACH who="2" ten="147,365,187,291" step="2"/><W33/><G33/><T94/><D1/><U133/><E30/><V17/><F17/><W45/><G45/><T111/><D0/><U61/><E133/><V7/><F7/><W23/><G23/><T40/><D6/><U121/><E121/><V4/><F4/><W60/><G60/><AGARI ba="0,1" hai="9,13,19,25,29,32,52,57,60,72,74,82,86,90" machi="60" ten="30,3900,0" yaku="1,1,7,1,54,1,53,0" doraHai="102" doraHaiUra="119" who="2" fromWho="3" sc="147,0,365,0,187,49,291,-39" /><INIT seed="5,0,0,3,3,124" ten="147,365,236,252" oya="1" hai0="120,25,78,21,13,35,111,27,82,134,54,23,113" hai1="115,77,122,96,15,55,97,67,98,32,132,50,48" hai2="103,100,106,47,11,38,131,79,19,53,101,58,45" hai3="16,63,31,125,133,2,108,85,33,4,119,29,107"/><U60/><E122/><V34/><F34/><W91/><G91/><T20/><D54/><U36/><E36/><V14/><F106/><W24/><G24/><N who="0" m="9291" /><D82/><U104/><E32/><V94/><F131/><W51/><G51/><T81/><D81/><U56/><E104/><V70/><F70/><W109/><G109/><T121/><D78/><U72/><E115/><V71/><F71/><W10/><G10/><T130/><D111/><U105/><E105/><V73/><F38/><W18/><G18/><T95/><D95/><U128/><E128/><V112/><F112/><W110/><G110/><T59/><D59/><U49/><E132/><V74/><F74/><W46/><G46/><N who="2" m="17417" /><F79/><W64/><G64/><T92/><D92/><U5/><E77/><V135/><F73/><W129/><G129/><T28/><D130/><U8/><REACH who="1" step="1"/><E72/><REACH who="1" ten="147,355,236,252" step="2"/><V65/><F135/><W9/><G9/><T7/><D134/><U80/><E80/><V86/><F11/><W26/><G26/><N who="0" m="18839" /><D113/><U93/><E93/><V127/><F94/><W99/><G99/><T30/><D120/><U6/><E6/><V12/><F86/><W102/><G102/><T84/><D121/><U90/><E90/><V22/><F100/><W88/><G88/><T1/><D84/><U123/><E123/><V76/><F101/><W39/><G39/><T57/><D30/><U75/><E75/><V114/><F103/><W69/><G69/><AGARI ba="0,1" hai="5,8,15,48,49,50,55,56,60,67,69,96,97,98" machi="69" ten="40,2000,0" yaku="1,1,53,0" doraHai="124" doraHaiUra="116" who="1" fromWho="3" sc="147,0,355,30,236,0,252,-20" /><INIT seed="5,1,0,4,5,102" ten="147,385,236,232" oya="1" hai0="82,83,126,48,112,86,25,55,124,109,115,42,37" hai1="72,54,99,24,75,29,19,66,53,108,93,9,38" hai2="39,76,50,118,20,123,2,73,84,98,61,4,43" hai3="113,114,65,41,52,63,5,58,11,110,111,121,62"/><U57/><E38/><V97/><F118/><W135/><G135/><T3/><D3/><U117/><E117/><V71/><F71/><W1/><G1/><T103/><D25/><U7/><E19/><V101/><F123/><W92/><G92/><T68/><D109/><UN n3="%E9%B3%B4%E8%8C%B6" /><U70/><E70/><V105/><F97/><W40/><G11/><T45/><D103/><U36/><E66/><V90/><F39/><W64/><G5/><T6/><D6/><U8/><E36/><V78/><F73/><W21/><G21/><T59/><D83/><U125/><E125/><N who="0" m="48233" /><D86/><U44/><E44/><V80/><F61/><W127/><G127/><T49/><D82/><U77/><E54/><V133/><F133/><W129/><G121/><T28/><D28/><U30/><E30/><V14/><F2/><W91/><G91/><T18/><D18/><U67/><E67/><N who="3" m="25674" /><G63/><N who="0" m="36351" /><D68/><U34/><E77/><V32/><F32/><W27/><G27/><T88/><D88/><U119/><E119/><V131/><F4/><W87/><G87/><T51/><AGARI ba="1,0" hai="37,42,45,48,49,51,112,115" m="36351,48233" machi="51" ten="40,5200,0" yaku="18,1,34,2" doraHai="102" who="0" fromWho="0" sc="147,55,385,-27,236,-14,232,-14" /><INIT seed="6,0,0,1,5,54" ten="202,358,222,218" oya="2" hai0="15,43,55,107,132,103,14,0,129,58,23,111,75" hai1="7,49,134,36,30,81,130,98,66,64,123,102,10" hai2="91,93,11,115,3,94,80,88,120,84,44,131,69" hai3="100,116,104,125,21,92,9,17,45,47,8,63,1"/><V12/><F120/><W40/><G116/><T42/><D0/><U46/><E36/><V6/><F69/><W53/><G104/><T85/><D75/><U121/><E130/><V60/><F115/><W74/><G74/><T78/><D111/><U50/><E134/><V72/><F131/><W52/><G125/><T108/><D108/><U59/><E30/><V62/><F3/><W118/><G118/><T79/><D129/><U67/><E81/><V28/><F28/><W2/><G100/><T5/><D107/><U73/><E73/><V4/><F4/><W96/><G1/><T48/><D103/><U135/><E135/><V97/><REACH who="2" step="1"/><F44/><REACH who="2" ten="202,358,212,218" step="2"/><W124/><G2/><T51/><D132/><U32/><E46/><N who="3" m="17418" /><G40/><T31/><D5/><U95/><E7/><V101/><F101/><N who="3" m="60551" /><G124/><T76/><D43/><U126/><E126/><V19/><F19/><W34/><G34/><T113/><D113/><U89/><E32/><V41/><F41/><W24/><G53/><T35/><D35/><U112/><E112/><V39/><F39/><W16/><G17/><T83/><D42/><U114/><E114/><V13/><F13/><N who="0" m="4618" /><D51/><N who="1" m="19467" /><E102/><V77/><AGARI ba="0,1" hai="6,11,12,60,62,72,77,80,84,88,91,93,94,97" machi="77" ten="30,6000,0" yaku="1,1,0,1,54,1,53,0" doraHai="54" doraHaiUra="29" who="2" fromWho="2" sc="202,-20,358,-20,212,70,218,-20" /><INIT seed="6,1,0,0,0,35" ten="182,338,282,198" oya="2" hai0="60,99,17,3,41,75,95,103,87,133,21,96,90" hai1="109,42,58,97,28,93,13,59,53,56,117,22,33" hai2="130,14,5,81,45,132,118,92,49,55,84,94,64" hai3="135,71,44,16,23,114,29,69,50,47,0,30,127"/><V46/><F118/><W101/><G127/><T129/><D129/><U88/><E109/><V10/><F130/><W8/><G135/><T74/><D133/><U9/><E117/><V134/><F64/><W76/><G114/><T123/><D123/><U120/><E33/><V24/><F134/><W70/><G101/><T11/><D41/><U31/><E120/><V52/><F132/><W2/><G76/><T37/><D37/><U7/><E42/><V79/><F24/><W62/><G62/><T83/><D60/><U108/><E108/><V1/><F1/><W86/><G86/><T26/><REACH who="0" step="1"/><D99/><REACH who="0" ten="172,338,282,198" step="2"/><U98/><E97/><V91/><F79/><W54/><G47/><T73/><D73/><U131/><E98/><V15/><F15/><W32/><G32/><T72/><D72/><U78/><E13/><V128/><F128/><W68/><N who="3" m="17408" /><DORA hai="20" /><W100/><G100/><T48/><D48/><AGARI ba="1,1" hai="5,10,14,45,46,48,49,52,55,81,84,91,92,94" machi="48" ten="40,7700,0" yaku="9,1,8,1,54,1" doraHai="35,20" who="2" fromWho="0" sc="172,-80,338,0,282,90,198,0" /><INIT seed="6,2,0,0,2,94" ten="92,338,372,198" oya="2" hai0="105,67,53,108,129,25,33,99,80,11,45,13,72" hai1="79,21,71,23,97,44,36,28,27,88,85,4,8" hai2="135,102,81,16,125,20,51,120,52,126,60,130,22" hai3="35,6,82,133,3,18,57,68,112,132,39,2,83"/><V50/><F120/><W90/><G68/><T89/><D108/><U116/><E116/><V66/><F130/><W26/><G39/><T74/><D129/><U127/><E127/><N who="2" m="48651" /><F135/><N who="3" m="51787" /><G112/><T7/><D67/><U29/><E71/><V110/><F110/><W124/><G124/><T77/><D72/><U12/><E79/><V19/><F102/><W92/><G57/><T42/><D53/><U34/><E29/><V111/><F81/><N who="3" m="30731" /><G6/><T64/><D64/><U54/><E85/><V31/><F31/><N who="3" m="19959" /><G18/><N who="2" m="6697" /><F111/><W32/><G32/><T56/><D56/><U5/><E5/><V128/><F51/><W0/><G3/><T46/><D33/><U48/><REACH who="1" step="1"/><E36/><REACH who="1" ten="92,328,372,198" step="2"/><V75/><F75/><W118/><G118/><T58/><D74/><U134/><E134/><V63/><F128/><W93/><G92/><AGARI ba="2,1" hai="4,8,12,21,23,27,28,34,44,48,54,88,92,97" machi="92" ten="40,5200,0" yaku="1,1,52,1,54,1,53,0" doraHai="94" doraHaiUra="117" who="1" fromWho="3" sc="92,0,328,68,372,0,198,-58" /><INIT seed="7,0,0,5,0,131" ten="92,396,372,140" oya="3" hai0="44,101,132,129,116,121,115,30,98,82,63,130,19" hai1="3,43,50,49,97,45,87,34,28,114,81,41,95" hai2="73,57,70,52,40,86,15,94,127,48,134,96,108" hai3="71,112,104,117,7,102,16,13,90,76,46,36,21"/><W125/><G117/><T42/><D116/><U35/><E3/><V47/><F108/><W78/><G112/><T56/><D121/><U68/><E68/><V106/><F73/><W111/><G71/><T60/><D30/><U54/><E114/><V25/><F127/><W17/><G125/><T88/><D115/><U103/><E28/><V122/><F106/><W93/><G111/><T24/><D101/><U8/><E8/><V128/><F70/><W113/><G113/><T61/><BYE who="3" /><D24/><U120/><E120/><V62/><F128/><N who="0" m="49258" /><D19/><U14/><E14/><V84/><F134/><W32/><G32/><T39/><D56/><U59/><E41/><V123/><F123/><W29/><G29/><T33/><D33/><U53/><E43/><V77/><F122/><W100/><G100/><T51/><D39/><U27/><E27/><V119/><F119/><W79/><G79/><AGARI ba="0,0" hai="34,35,45,49,50,53,54,59,79,81,87,95,97,103" machi="79" ten="30,1000,0" yaku="7,1" doraHai="131" who="1" fromWho="3" sc="92,0,396,10,372,0,140,-10" owari="92,-40.8,406,50.6,372,17.2,130,-27.0" /></mjloggm>