<mjloggm ver="2.3"><GO type="169" lobby="0"/><UN n0="%E3%82%BF%E3%83%9E%E3%83%8D%E3%82%AE" n1="%E3%81%95%E3%81%8F%E3%82%89%E3%81%88%E3%81%B3" n2="%E5%A7%AB%E7%95%99" n3="%E8%B5%A4%E4%BA%94%E7%AB%8B%E7%9B%B4" dan="18,16,16,16" rate="2247.40,2136.91,2148.13,2157.82" sx="M,M,M,F"/><TAIKYOKU oya="0"/><INIT seed="0,0,0,3,3,120" ten="250,250,250,250" oya="0" hai0="24,12,44,39,102,80,53,66,107,67,108,2,54" hai1="42,112,99,128,68,115,50,103,130,38,20,16,65" hai2="85,55,76,21,48,63,104,82,73,101,100,64,61" hai3="10,3,37,77,79,58,36,129,124,41,94,106,135"/><T56/><D2/><U0/><E0/><V71/><F63/><W23/><G106/><T116/><D116/><U74/><E74/><V131/><F131/><N who="1" m="50217" /><E38/><V75/><F21/><W95/><G3/><T5/><D107/><N who="1" m="63999" /><E65/><V118/><F118/><W91/><G129/><T87/><D102/><U33/><E68/><V122/><F122/><W19/><G23/><T1/><D1/><U45/><E33/><V132/><F132/><W18/><G41/><T46/><D39/><U83/><E83/><V59/><F104/><W89/><G135/><T43/><D43/><U113/><E115/><V105/><F105/><W119/><G58/><T15/><D24/><AGARI ba="0,0" hai="16,20,24,42,45,50,112,113" m="63999,50217" machi="24" ten="30,2000,0" yaku="19,1,54,1" doraHai="120" who="1" fromWho="0" sc="250,-20,250,20,250,0,250,0" /><INIT seed="1,0,0,4,4,67" ten="230,270,250,250" oya="1" hai0="50,95,22,128,48,77,92,85,98,78,69,126,21" hai1="115,100,88,93,24,0,133,81,71,90,57,86,120" hai2="30,19,99,15,70,96,87,12,44,33,8,65,76" hai3="72,83,45,97,108,66,121,54,135,91,94,25,61"/><U35/><E115/><V89/><F76/><W130/><G121/><T103/><D126/><U3/><E120/><V63/><F44/><W47/><G108/><T43/><D128/><U82/><E133/><V53/><F53/><W119/><G130/><T105/><D105/><U38/><E38/><V58/><F58/><W68/><G135/><T123/><D123/><U41/><E41/><V42/><F42/><W17/><G25/><T5/><D5/><U32/><E100/><V60/><F60/><W131/><G119/><T52/><D69/><U75/><E71/><V27/><REACH who="2" step="1"/><F15/><REACH who="2" ten="230,270,240,250" step="2"/><W118/><G54/><T102/><D43/><U107/><E57/><V10/><F10/><W11/><G131/><T101/><D78/><U56/><E56/><V29/><F29/><W39/><G39/><T134/><D77/><U2/><E2/><V36/><F36/><W37/><G37/><T28/><D28/><U122/><E3/><V110/><F110/><W4/><G118/><T106/><D52/><U14/><E0/><V26/><F26/><W74/><G45/><T127/><D50/><U23/><E14/><V114/><F114/><W80/><G47/><T64/><D48/><U111/><E111/><V13/><F13/><N who="3" m="7359" /><G4/><T9/><D9/><U49/><E49/><V6/><F6/><W59/><G59/><T79/><D79/><U31/><E31/><V34/><F34/><W40/><G40/><T125/><D134/><U113/><E32/><V1/><F1/><W129/><G129/><T112/><D112/><U55/><E113/><V116/><F116/><W62/><G62/><RYUUKYOKU ba="0,1" sc="230,-15,270,-15,240,15,250,15" hai2="8,12,19,27,30,33,63,65,70,87,89,96,99" hai3="61,66,68,72,74,80,83,91,94,97" /><INIT seed="2,1,1,0,5,106" ten="215,255,255,265" oya="2" hai0="132,134,62,64,10,49,84,69,43,20,83,27,37" hai1="86,110,36,63,89,26,76,87,8,108,9,58,74" hai2="112,131,24,53,1,81,45,123,116,129,68,12,25" hai3="2,103,13,32,59,66,55,122,91,77,85,3,90"/><V115/><F116/><W40/><G122/><T79/><D37/><U95/><E36/><V113/><F123/><W33/><G103/><T54/><D10/><U102/><E102/><V101/><F1/><W109/><G40/><T5/><D5/><U11/><E26/><V92/><F68/><W44/><G109/><N who="1" m="42090" /><E74/><V121/><F121/><W75/><G66/><T104/><D43/><U126/><E126/><V65/><F65/><W133/><G44/><T61/><D61/><U72/><E72/><V0/><F0/><W35/><G133/><T105/><D132/><U120/><E120/><V50/><F81/><W38/><G38/><T97/><D97/><N who="1" m="57583" /><E76/><V124/><F124/><W70/><G70/><T39/><D39/><U71/><E71/><V117/><F117/><W30/><G30/><T23/><D134/><U16/><E16/><V128/><REACH who="2" step="1"/><F12/><REACH who="2" ten="215,255,245,265" step="2"/><W29/><G13/><T22/><REACH who="0" step="1"/><D27/><REACH who="0" ten="205,255,245,265" step="2"/><U98/><E98/><AGARI ba="1,3" hai="24,25,45,50,53,92,98,101,112,113,115,128,129,131" machi="98" ten="50,12000,1" yaku="1,1,2,1,19,1,53,1" doraHai="106" doraHaiUra="94" who="2" fromWho="1" sc="205,0,255,-123,245,153,265,0" /><INIT seed="2,2,0,2,5,14" ten="205,132,398,265" oya="2" hai0="43,11,88,131,57,75,61,119,33,126,116,9,103" hai1="112,79,24,41,25,8,104,87,98,40,6,124,118" hai2="46,69,110,63,1,53,128,115,3,54,111,133,117" hai3="39,15,45,18,86,96,130,67,72,47,7,37,80"/><V81/><F115/><W29/><G130/><T94/><D75/><U123/><E112/><V23/><F117/><N who="0" m="45130" /><D33/><U42/><E118/><V109/><F128/><W74/><G29/><T19/><D131/><U5/><E124/><V22/><F133/><W68/><G7/><T28/><D28/><U60/><E123/><V12/><F81/><W134/><G134/><T55/><D126/><U31/><E6/><V13/><F46/><W73/><G67/><T85/><D43/><U30/><E60/><V16/><F69/><W49/><G96/><N who="0" m="59799" /><D19/><U129/><E129/><V52/><F63/><W83/><G47/><T77/><D77/><U95/><E104/><V21/><F16/><W65/><G65/><T105/><D105/><U127/><E127/><V97/><F97/><W108/><G68/><T121/><D121/><U91/><E31/><V135/><F135/><W59/><G80/><AGARI ba="2,0" hai="9,11,55,57,61,80,85,88" m="59799,45130" machi="80" ten="30,2000,0" yaku="12,1,54,1" doraHai="14" who="0" fromWho="3" sc="205,26,132,0,398,0,265,-26" /><INIT seed="3,0,0,3,2,83" ten="231,132,398,239" oya="3" hai0="106,93,94,68,121,11,64,69,3,130,42,8,49" hai1="90,118,37,113,79,57,72,32,39,71,89,129,17" hai2="127,55,48,131,76,122,41,24,74,29,33,16,56" hai3="84,65,31,18,35,5,98,1,60,111,14,86,132"/><W51/><G132/><T53/><D121/><U102/><E71/><V45/><F122/><W78/><G78/><T124/><D106/><U30/><E113/><V77/><F131/><W2/><G98/><T105/><D105/><U116/><E102/><V34/><F74/><W128/><G128/><T61/><D130/><U21/><E32/><V123/><F123/><W96/><G96/><T20/><D69/><U88/><E30/><V92/><F34/><W44/><G111/><T91/><D42/><U125/><E129/><V7/><F7/><W95/><G95/><T101/><D3/><U120/><E120/><V75/><F75/><W85/><G5/><T99/><D20/><U97/><E97/><V80/><F80/><W23/><G31/><T15/><D124/><U100/><E100/><V6/><F6/><W26/><G26/><T133/><D15/><N who="1" m="9407" /><E57/><V103/><F127/><W28/><G28/><T119/><D119/><N who="1" m="45611" /><E125/><V67/><F103/><W87/><N who="3" m="21504" /><DORA hai="134" /><W135/><G135/><T50/><D133/><U10/><E10/><V25/><F92/><W38/><G38/><T73/><D73/><U126/><E126/><V52/><F76/><W47/><G35/><T70/><D99/><U12/><E12/><V27/><F77/><W109/><G109/><T62/><D101/><U59/><E59/><V82/><F29/><W115/><G115/><T40/><D91/><N who="1" m="23299" /><U108/><DORA hai="66" /><E108/><V112/><F33/><W43/><REACH who="3" step="1"/><G44/><REACH who="3" ten="231,132,398,229" step="2"/><N who="0" m="25735" /><D94/><U22/><E22/><V46/><F112/><W0/><G0/><T36/><D93/><U117/><N who="1" m="45619" /><U104/><DORA hai="54" /><E104/><RYUUKYOKU ba="0,1" sc="231,-15,132,15,398,-15,229,15" hai1="37,39,72,79" hai3="1,2,14,18,23,43,47,51,60,65" /><INIT seed="3,1,1,4,4,93" ten="216,147,383,244" oya="3" hai0="64,51,92,135,23,90,121,110,78,55,52,28,25" hai1="100,72,37,109,29,83,124,39,122,7,46,8,89" hai2="99,4,101,103,36,0,42,12,97,31,131,68,30" hai3="3,128,127,73,47,50,133,40,24,134,61,104,27"/><W111/><G73/><T34/><D121/><U2/><E109/><V114/><F68/><W98/><G111/><T81/><D110/><U130/><E122/><V62/><F0/><W95/><G3/><T77/><D135/><N who="3" m="51721" /><G104/><T14/><D64/><U108/><E108/><V82/><F36/><W11/><G127/><T18/><D81/><U105/><E124/><V119/><F119/><W22/><G11/><T102/><D102/><N who="2" m="38922" /><F114/><W71/><G128/><T63/><D63/><U79/><E89/><V75/><F75/><W15/><G71/><T13/><D13/><U45/><E29/><N who="2" m="10763" /><F131/><W115/><G61/><T33/><D33/><U26/><E26/><V35/><F35/><W5/><G115/><T120/><D120/><U85/><E130/><V113/><F113/><W54/><G5/><T66/><D66/><U106/><E106/><V57/><F42/><W10/><G40/><T91/><D91/><U67/><E67/><N who="2" m="39375" /><F82/><W38/><G38/><T86/><REACH who="0" step="1"/><D55/><REACH who="0" ten="206,147,383,244" step="2"/><U84/><E105/><V112/><F112/><W80/><G80/><T69/><D69/><U59/><E100/><V43/><F43/><W48/><G54/><T88/><D88/><U60/><E39/><V116/><F116/><W87/><G15/><T117/><D117/><U41/><E46/><AGARI ba="1,2" hai="14,18,23,25,28,34,46,51,52,77,78,86,90,92" machi="46" ten="30,3900,0" yaku="1,1,7,1,54,1,53,0" doraHai="93" doraHaiUra="6" who="0" fromWho="1" sc="206,62,147,-42,383,0,244,0" /><INIT seed="4,0,0,1,2,99" ten="268,105,383,244" oya="0" hai0="82,130,127,39,123,38,37,111,10,51,129,103,60" hai1="49,74,108,69,128,80,23,77,102,64,25,83,114" hai2="29,58,31,30,94,16,36,8,43,24,78,91,52" hai3="121,48,87,75,73,134,34,41,65,70,46,90,76"/><T115/><D123/><U118/><E108/><V79/><F43/><W40/><G121/><T125/><D115/><U28/><E118/><V86/><F36/><W133/><G34/><T18/><D111/><U97/><E128/><N who="0" m="49257" /><D51/><U124/><E124/><N who="0" m="47689" /><D82/><U2/><E2/><V107/><F107/><W117/><G117/><T12/><D60/><U7/><E7/><V47/><F47/><W62/><G41/><T120/><D120/><U15/><E15/><N who="2" m="7271" /><F24/><W59/><G70/><T98/><D38/><U14/><E114/><V57/><F57/><W112/><G76/><T35/><D35/><U21/><E80/><V92/><F92/><AGARI ba="0,0" hai="10,12,18,37,39,92,98,103" m="47689,49257" machi="92" ten="30,5800,0" yaku="19,1,18,1,52,1" doraHai="99" who="0" fromWho="2" sc="268,58,105,0,383,-58,244,0" /><INIT seed="4,1,0,1,3,62" ten="326,105,325,244" oya="0" hai0="22,69,59,122,30,72,116,60,3,29,124,129,115" hai1="65,74,27,9,17,56,78,119,127,88,40,61,110" hai2="134,95,82,50,107,99,28,131,89,121,26,94,57" hai3="98,135,45,16,117,43,13,87,112,18,133,10,70"/><T96/><D115/><U8/><E110/><V31/><F121/><W36/><G117/><T100/><D116/><U104/><E119/><V63/><F134/><W14/><G112/><T84/><D122/><U81/><E104/><V21/><F131/><W108/><G108/><T41/><D72/><U105/><E105/><V114/><F107/><W67/><G98/><T32/><D3/><U34/><E127/><V86/><F50/><W132/><G87/><T66/><D124/><U11/><E40/><V55/><F114/><W103/><G103/><T80/><D129/><U92/><E34/><V58/><F58/><W101/><G101/><T125/><D125/><U97/><REACH who="1" step="1"/><E27/><REACH who="1" ten="326,95,325,244" step="2"/><V68/><F68/><W118/><G118/><T23/><D69/><U130/><E130/><V12/><F26/><W24/><G24/><T46/><D32/><U73/><E73/><V25/><F25/><W71/><REACH who="3" step="1"/><G67/><REACH who="3" ten="326,95,325,234" step="2"/><T83/><D66/><U52/><E52/><V77/><F55/><W0/><G0/><T54/><D54/><U75/><E75/><V7/><F31/><W128/><G128/><T33/><D30/><U42/><E42/><V6/><F28/><W44/><G44/><T49/><D29/><U48/><E48/><V5/><F12/><AGARI ba="1,2" hai="8,9,11,12,17,56,61,65,74,78,81,88,92,97" machi="12" ten="40,8000,1" yaku="1,1,52,1,54,1,53,1" doraHai="62" doraHaiUra="91" who="1" fromWho="2" sc="326,0,95,103,325,-83,234,0" /><INIT seed="5,0,0,2,3,2" ten="326,198,242,234" oya="1" hai0="6,134,82,55,36,116,127,105,98,74,119,8,27" hai1="89,58,73,56,106,19,5,132,44,32,83,86,93" hai2="109,10,111,71,50,41,46,100,84,81,30,80,79" hai3="114,115,54,85,22,1,43,35,49,64,101,125,12"/><U45/><E32/><V63/><F100/><W17/><G35/><T95/><D105/><U11/><E132/><V15/><F30/><W21/><G125/><T67/><D36/><U7/><E106/><V72/><F63/><W0/><G64/><T70/><D127/><U18/><E73/><V75/><F71/><W103/><G43/><T60/><D134/><U121/><E121/><V29/><F29/><W92/><G21/><T126/><D126/><U78/><E58/><V3/><F3/><W97/><G101/><T102/><D27/><U129/><E56/><V13/><F13/><W62/><G62/><T57/><D82/><U4/><E129/><V40/><F40/><W53/><G85/><T31/><D31/><U16/><REACH who="1" step="1"/><E11/><REACH who="1" ten="326,188,242,234" step="2"/><V51/><F75/><W24/><G114/><T9/><D9/><U23/><E23/><V128/><F128/><W37/><G115/><T123/><D74/><U25/><E25/><V124/><F124/><W65/><G24/><T28/><D123/><U34/><E34/><V38/><F109/><W120/><G22/><T14/><D28/><U26/><E26/><V94/><F111/><W48/><G120/><T91/><D70/><U88/><E88/><V52/><F72/><W96/><G103/><T113/><D113/><U122/><E122/><V47/><F10/><W66/><G66/><T39/><D67/><U104/><E104/><V90/><F90/><W87/><G65/><T68/><D68/><U77/><E77/><V61/><F79/><W118/><G118/><N who="0" m="45099" /><D102/><U131/><E131/><V42/><F46/><W112/><G112/><RYUUKYOKU ba="0,1" sc="326,15,188,15,242,-15,234,-15" hai0="6,8,14,39,55,57,60,91,95,98" hai1="4,5,7,16,18,19,44,45,78,83,86,89,93" /><INIT seed="5,1,1,1,3,124" ten="341,203,227,219" oya="1" hai0="46,18,50,102,97,69,5,41,76,82,106,125,58" hai1="56,34,133,44,32,11,26,21,101,7,96,17,92" hai2="88,20,22,117,54,110,95,83,14,79,93,89,134" hai3="53,77,73,10,59,29,27,131,115,68,87,4,38"/><U25/><E133/><V129/><F110/><W49/><G73/><T3/><D69/><U28/><E44/><V111/><F111/><W100/><G68/><T121/><D125/><U105/><E105/><V36/><F117/><W126/><G126/><T127/><D127/><U132/><E132/><V120/><F120/><W119/><G119/><T61/><D121/><U52/><E25/><V43/><F134/><W0/><G38/><T31/><D31/><U84/><E84/><V45/><F54/><W81/><G115/><T15/><D3/><U114/><E114/><V23/><F129/><W104/><G104/><T98/><D5/><U19/><E34/><V62/><F62/><W42/><G100/><T123/><D123/><U1/><REACH who="1" step="1"/><E32/><REACH who="1" ten="341,193,227,219" step="2"/><V113/><F113/><W9/><G27/><T103/><D106/><U90/><E90/><V30/><F88/><W109/><G109/><T67/><D102/><U94/><E94/><V37/><F93/><W13/><G29/><T66/><D103/><U72/><E72/><V47/><F30/><W24/><G24/><T122/><D122/><U35/><E35/><V40/><F95/><W6/><REACH who="3" step="1"/><G42/><REACH who="3" ten="341,193,227,209" step="2"/><T85/><D41/><U91/><E91/><V116/><F89/><W74/><G74/><T63/><D85/><U60/><AGARI ba="1,3" hai="1,7,11,17,19,21,26,28,52,56,60,92,96,101" machi="60" ten="20,7800,0" yaku="1,1,0,1,7,1,54,1,53,0" doraHai="124" doraHaiUra="75" who="1" fromWho="1" sc="341,-27,193,111,227,-27,209,-27" /><INIT seed="5,2,0,3,5,117" ten="314,304,200,182" oya="1" hai0="55,106,7,95,99,15,84,54,115,79,102,86,38" hai1="65,32,14,59,123,133,4,113,43,93,40,52,85" hai2="119,47,24,92,26,109,126,20,27,125,121,5,70" hai3="88,31,130,39,17,78,71,62,19,0,45,29,128"/><U98/><E32/><V111/><F70/><W110/><G110/><N who="2" m="41993" /><F92/><W96/><G0/><T60/><D38/><U37/><E65/><V51/><F47/><W120/><G78/><T97/><D115/><U48/><E113/><V87/><F87/><W30/><G71/><T1/><D1/><U89/><E133/><V18/><F51/><W35/><G35/><T124/><D124/><N who="2" m="47722" /><F119/><W3/><G3/><T127/><D127/><U50/><E123/><V56/><F56/><W2/><G2/><T116/><D116/><U77/><E37/><V63/><F63/><W80/><G120/><T61/><D106/><U101/><E48/><V69/><F69/><W75/><G62/><N who="0" m="24171" /><D97/><U122/><E122/><V42/><F42/><N who="3" m="22751" /><G75/><T103/><D103/><U67/><E67/><V107/><F107/><W34/><G34/><T76/><D86/><U12/><E77/><N who="0" m="29769" /><D84/><U74/><E74/><V114/><F121/><W6/><G80/><T81/><D81/><U90/><E90/><V83/><F83/><W16/><G6/><T105/><D105/><U11/><REACH who="1" step="1"/><E14/><REACH who="1" ten="314,294,200,182" step="2"/><N who="2" m="9303" /><F114/><W28/><N who="3" m="7168" /><DORA hai="46" /><W49/><G49/><T134/><D134/><U135/><E135/><V41/><F41/><W33/><G33/><T36/><D36/><U21/><E21/><V108/><F108/><W58/><G88/><T64/><D64/><U73/><E73/><V100/><F100/><W8/><G58/><T94/><D102/><U10/><E10/><V44/><F44/><W68/><G68/><T118/><D118/><U57/><E57/><V91/><F91/><W82/><G8/><T132/><D132/><RYUUKYOKU ba="2,1" sc="314,-15,294,15,200,15,182,-15" hai1="4,11,12,40,43,50,52,59,85,89,93,98,101" hai2="5,24,26,27" /><INIT seed="5,3,1,0,3,106" ten="299,309,215,167" oya="1" hai0="81,52,66,58,47,115,5,90,63,119,28,100,101" hai1="113,87,14,16,57,67,30,60,132,111,29,99,36" hai2="48,127,129,93,116,68,9,35,19,4,78,110,126" hai3="49,24,122,107,65,50,3,42,109,21,7,135,53"/><U89/><E113/><V83/><F110/><W12/><G109/><T26/><D119/><U112/><E112/><V51/><F116/><W39/><G122/><T11/><D115/><U131/><E111/><V84/><F129/><W74/><G107/><T128/><D128/><U25/><E36/><V55/><F68/><W96/><G3/><T97/><D47/><U10/><E131/><V88/><F19/><W95/><G65/><T64/><D81/><U17/><E99/><V2/><F35/><W105/><G105/><T70/><D90/><U86/><E132/><V104/><F104/><W27/><G39/><T85/><D85/><U79/><E79/><V120/><F120/><W18/><G74/><T71/><D71/><U91/><E17/><V125/><REACH who="2" step="1"/><F55/><REACH who="2" ten="299,309,205,167" step="2"/><W98/><G135/><T1/><D70/><U6/><E6/><V62/><F62/><W34/><G34/><T76/><D63/><U73/><E29/><V44/><F44/><N who="3" m="25751" /><G7/><T92/><D5/><U103/><E30/><V0/><F0/><W80/><G96/><AGARI ba="3,2" hai="2,4,9,48,51,78,83,84,88,93,96,125,126,127" machi="96" ten="40,5200,0" yaku="1,1,18,1,54,1,53,0" doraHai="106" doraHaiUra="69" who="2" fromWho="3" sc="299,0,309,0,205,81,167,-61" /><INIT seed="6,0,0,0,2,107" ten="299,309,286,106" oya="2" hai0="129,68,97,52,126,74,63,44,21,47,76,2,86" hai1="119,123,20,87,51,70,134,50,3,108,95,57,131" hai2="7,75,79,62,135,112,13,84,73,94,111,120,80" hai3="29,91,78,36,0,118,31,41,43,69,14,48,32"/><V54/><F120/><W17/><G118/><T60/><D2/><U39/><E20/><V128/><F112/><W22/><G69/><T89/><D126/><U37/><E87/><V4/><F135/><W77/><G0/><T99/><D129/><U33/><E95/><V82/><F128/><W102/><G36/><T66/><D21/><U35/><E57/><V72/><F94/><W24/><G102/><T8/><D8/><U6/><E6/><V9/><F111/><W83/><G31/><T65/><D74/><U90/><E90/><V105/><F105/><W85/><G78/><T132/><D76/><U114/><E51/><V12/><F12/><W96/><G96/><T125/><D125/><U106/><E50/><V113/><F113/><W88/><REACH who="3" step="1"/><G48/><REACH who="3" ten="299,309,286,96" step="2"/><T27/><D97/><U127/><E39/><V53/><F79/><W115/><G115/><T100/><D99/><U42/><E42/><AGARI ba="0,1" hai="14,17,22,24,29,32,41,42,43,77,83,85,88,91" machi="42" ten="40,2600,0" yaku="1,1,54,1,53,0" doraHai="107" doraHaiUra="64" who="3" fromWho="1" sc="299,0,309,-26,286,0,96,36" /><INIT seed="7,0,0,0,4,8" ten="299,283,286,132" oya="3" hai0="76,106,130,134,91,118,47,81,95,94,15,57,125" hai1="50,59,75,13,133,128,73,51,69,74,23,112,1" hai2="38,14,31,116,97,80,105,121,37,83,39,107,36" hai3="111,117,22,104,77,52,135,61,41,96,109,79,25"/><W70/><G117/><T93/><D118/><U92/><E69/><V6/><F116/><W11/><G135/><T24/><D106/><U58/><E1/><V99/><F31/><W18/><G41/><T21/><D134/><U100/><E133/><V53/><F36/><W86/><G70/><T67/><D125/><U33/><E33/><V7/><F14/><N who="3" m="7519" /><G104/><N who="2" m="40009" /><F53/><W43/><G43/><T55/><D130/><U26/><E128/><V85/><F85/><W88/><G96/><N who="2" m="36937" /><F121/><W89/><G109/><T102/><D102/><U40/><E13/><V49/><F49/><W29/><G111/><T129/><D15/><U46/><E51/><V101/><F101/><W82/><G89/><T54/><D129/><U103/><E103/><V68/><F68/><W90/><G90/><T127/><D91/><U66/><E100/><V4/><AGARI ba="0,0" hai="4,6,7,37,38,39,80,83" m="36937,40009" machi="4" ten="40,2700,0" yaku="28,2" doraHai="8" who="2" fromWho="2" sc="299,-7,283,-7,286,27,132,-13" owari="292,9.2,276,-12.4,313,41.3,119,-38.1" /></mjloggm>