<mjloggm ver="2.3"><GO type="169" lobby="0"/><UN n0="%E5%A7%AB%E7%95%99" n1="%E5%A5%B3%E3%81%AA%E3%81%AE%E3%81%82%E3%81%8C%E3%82%89%E3%81%9B%E3%81%A6" n2="%70%6F%6E%2D%65%6E" n3="%E3%82%BF%E3%82%A4%E4%BA%BA%EF%BC%A0%E3%83%90%E3%83%B3%E3%82%B3%E3%82%AF" dan="16,16,16,16" rate="2153.92,2124.14,2178.30,2160.36" sx="M,M,F,M"/><TAIKYOKU oya="0"/><INIT seed="0,0,0,0,3,109" ten="250,250,250,250" oya="0" hai0="20,103,75,87,130,33,19,90,11,47,3,23,22" hai1="113,117,97,53,56,64,41,125,114,27,105,42,34" hai2="116,73,8,134,62,83,99,72,106,31,61,118,29" hai3="63,17,69,135,55,16,100,2,67,123,92,6,107"/><T82/><D33/><U25/><E117/><N who="2" m="45163" /><F8/><W30/><G135/><T26/><D130/><U9/><E125/><V35/><F83/><W102/><G123/><T66/><D75/><N who="2" m="28746" /><F134/><W12/><G107/><T24/><D103/><U131/><E131/><V39/><F39/><W127/><G30/><N who="2" m="11273" /><F35/><W110/><G110/><T74/><D74/><U28/><E27/><N who="0" m="10281" /><D3/><U65/><E9/><V86/><F86/><W132/><G127/><T40/><D11/><U21/><E34/><V0/><F0/><W57/><G132/><T91/><D82/><U38/><E105/><V128/><F128/><W37/><G37/><T5/><D87/><U15/><E15/><V85/><F85/><W81/><G81/><T94/><D23/><U60/><E97/><V48/><F48/><W4/><G2/><T46/><D22/><U51/><E38/><V101/><AGARI ba="0,0" hai="61,62,99,101,106" m="11273,28746,45163" machi="101" ten="40,1500,0" yaku="12,1" doraHai="109" who="2" fromWho="2" sc="250,-7,250,-4,250,15,250,-4" /><INIT seed="1,0,0,4,1,107" ten="243,246,265,246" oya="1" hai0="72,103,55,84,8,29,53,1,129,79,62,3,71" hai1="108,32,65,63,73,104,78,92,49,97,18,111,4" hai2="25,75,59,121,56,96,93,23,58,126,122,115,57" hai3="70,60,44,9,85,67,48,88,125,45,77,131,100"/><U101/><E4/><V10/><F126/><W106/><G125/><T119/><D119/><U27/><E49/><V41/><F115/><W90/><G131/><T87/><D129/><U61/><E61/><V50/><F10/><W5/><G100/><T0/><D8/><U37/><E37/><V31/><F75/><W81/><G106/><T12/><D12/><U26/><E92/><V43/><N who="2" m="14336" /><DORA hai="118" /><V21/><F21/><W114/><G114/><T30/><D103/><U16/><E27/><V91/><REACH who="2" step="1"/><F50/><REACH who="2" ten="243,246,255,246" step="2"/><W66/><G66/><T2/><D72/><U80/><E32/><V116/><F116/><W130/><G130/><T134/><D62/><U64/><E64/><V110/><F110/><N who="1" m="42025" /><E26/><V34/><F34/><W15/><REACH who="3" step="1"/><G45/><REACH who="3" ten="243,246,255,236" step="2"/><T132/><D132/><U13/><E13/><V94/><F94/><W117/><G117/><T128/><D134/><U124/><E124/><V86/><F86/><W112/><G112/><T38/><D128/><U105/><E105/><V82/><F82/><W36/><G36/><T113/><D38/><U47/><E47/><V102/><F102/><W20/><G20/><T127/><D127/><U89/><E89/><V123/><AGARI ba="0,2" hai="23,25,31,41,43,91,93,96,121,122,123" m="14336" machi="123" ten="50,8000,1" yaku="1,1,0,1,52,3,53,0" doraHai="107,118" doraHaiUra="40,7" who="2" fromWho="2" sc="243,-20,246,-40,255,100,236,-20" /><INIT seed="2,0,0,0,1,47" ten="223,206,355,216" oya="2" hai0="114,67,94,111,78,99,14,85,101,30,24,82,42" hai1="28,132,37,7,55,10,121,71,122,110,56,63,135" hai2="70,13,81,59,115,65,125,102,53,97,77,49,32" hai3="66,57,22,6,96,109,83,11,119,130,69,72,16"/><V54/><F125/><W45/><G119/><T46/><D114/><U39/><E28/><V133/><F133/><N who="1" m="51273" /><E10/><V34/><F115/><W12/><G109/><T113/><D111/><U41/><E7/><V95/><F13/><W79/><G130/><T90/><D113/><U118/><E110/><V73/><REACH who="2" step="1"/><F54/><REACH who="2" ten="223,206,345,216" step="2"/><W60/><G96/><T91/><D14/><U107/><E118/><V5/><F5/><W84/><G45/><T38/><REACH who="0" step="1"/><D67/><REACH who="0" ten="213,206,345,216" step="2"/><U19/><E122/><V36/><F36/><W127/><G127/><T87/><D87/><U100/><E121/><V112/><F112/><W21/><G84/><T43/><D43/><U129/><E41/><V64/><F64/><W40/><G40/><T104/><D104/><U26/><E37/><V123/><F123/><W116/><G116/><T92/><D92/><U25/><E39/><V89/><F89/><W74/><G74/><T3/><D3/><U62/><E107/><V52/><F52/><W20/><REACH who="3" step="1"/><G6/><REACH who="3" ten="213,206,345,206" step="2"/><T33/><AGARI ba="0,3" hai="24,30,33,38,42,46,78,82,85,90,91,94,99,101" machi="33" ten="20,5200,0" yaku="1,1,0,1,7,1,53,1" doraHai="47" doraHaiUra="31" who="0" fromWho="0" sc="213,82,206,-13,345,-26,206,-13" /><INIT seed="3,0,0,0,3,53" ten="295,193,319,193" oya="3" hai0="67,28,70,78,126,43,109,102,18,9,25,14,123" hai1="6,71,16,104,105,118,114,20,74,59,88,112,40" hai2="124,106,66,22,17,11,82,61,38,26,64,47,79" hai3="15,133,127,50,36,128,110,42,98,56,95,34,19"/><W94/><G34/><T134/><D123/><U29/><E71/><V63/><F106/><W116/><G116/><T103/><D109/><U27/><E74/><V77/><F124/><W111/><G133/><T30/><D126/><U85/><E118/><V60/><F11/><W108/><G127/><T33/><D134/><U52/><E40/><V125/><F125/><W39/><G128/><T24/><D78/><U80/><E6/><V101/><F101/><W68/><G68/><T7/><D43/><U84/><E29/><V35/><F35/><W23/><G95/><T3/><D67/><U12/><E27/><V32/><F32/><W119/><G119/><T76/><D76/><U49/><REACH who="1" step="1"/><E85/><REACH who="1" ten="295,183,319,193" step="2"/><V45/><F38/><W1/><G1/><T131/><D70/><U97/><E97/><V55/><F66/><W44/><REACH who="3" step="1"/><G56/><REACH who="3" ten="295,183,319,183" step="2"/><T93/><D33/><U100/><E100/><AGARI ba="0,2" hai="15,19,23,36,39,42,44,50,94,98,100,108,110,111" machi="100" ten="40,12000,1" yaku="1,1,2,1,14,1,10,1,53,0" doraHai="53" doraHaiUra="2" who="3" fromWho="1" sc="295,0,183,-120,319,0,183,140" /><INIT seed="3,1,0,3,1,78" ten="295,63,319,323" oya="3" hai0="114,35,76,48,69,96,53,97,25,50,127,1,49" hai1="64,5,55,15,79,71,115,99,73,130,94,98,6" hai2="121,26,17,100,57,111,93,68,131,120,129,92,63" hai3="43,44,112,16,103,102,13,61,88,40,20,27,70"/><W109/><G112/><T47/><D69/><U41/><E115/><V87/><F68/><W30/><G109/><T33/><D1/><U23/><E130/><N who="2" m="49675" /><F111/><W18/><G70/><T89/><D114/><U0/><E0/><V75/><F75/><W122/><G122/><N who="2" m="47209" /><F100/><N who="3" m="38443" /><G61/><T66/><D66/><U106/><E41/><N who="3" m="15946" /><G44/><T74/><D47/><U134/><E134/><V22/><F87/><W133/><G133/><T67/><D74/><U62/><E55/><AGARI ba="1,0" hai="17,22,26,55,57,63,92,93" m="47209,49675" machi="55" ten="30,2000,0" yaku="19,1,13,1" doraHai="78" who="2" fromWho="1" sc="295,0,63,-23,319,23,323,0" /><INIT seed="4,0,0,1,3,66" ten="295,40,342,323" oya="0" hai0="20,43,128,45,68,3,76,92,34,6,4,38,74" hai1="105,56,51,75,42,118,64,115,126,131,30,16,47" hai2="71,87,78,59,31,112,110,60,39,120,91,25,121" hai3="17,77,109,54,36,32,116,58,111,102,12,5,8"/><T117/><D117/><U52/><E75/><V113/><F39/><W106/><G36/><T88/><D34/><U50/><E105/><V97/><F97/><W55/><G116/><T135/><D3/><U15/><E118/><V90/><F78/><W86/><G32/><T94/><D94/><U22/><E126/><V96/><F96/><W69/><G69/><T95/><D95/><U21/><E131/><V19/><F19/><W130/><G102/><T93/><D93/><U33/><E115/><N who="2" m="44107" /><F110/><W80/><G130/><T85/><D128/><U63/><E33/><N who="2" m="20719" /><F71/><W107/><G107/><T18/><D68/><U103/><E103/><V7/><F7/><W72/><G106/><T35/><D35/><U65/><REACH who="1" step="1"/><E51/><REACH who="1" ten="295,30,342,323" step="2"/><V81/><F91/><W123/><G72/><T104/><D104/><U99/><E99/><V70/><F70/><W132/><G111/><T24/><D74/><U9/><E9/><V89/><F89/><W83/><G8/><T114/><D114/><U101/><E101/><V53/><AGARI ba="0,1" hai="53,59,60,81,87,90,120,121" m="20719,44107" machi="53" ten="30,1100,0" yaku="15,1" doraHai="66" who="2" fromWho="2" sc="295,-5,30,-3,342,21,323,-3" /><INIT seed="5,0,0,2,1,42" ten="290,27,363,320" oya="1" hai0="113,117,53,4,80,90,31,3,17,87,5,132,8" hai1="50,38,34,14,104,109,12,32,13,44,43,85,63" hai2="60,61,45,0,57,78,134,49,122,75,7,48,28" hai3="16,98,124,83,101,76,37,29,89,55,99,127,51"/><U2/><E2/><V47/><F122/><W95/><G37/><T25/><D117/><U77/><E104/><V70/><F134/><W40/><G40/><T74/><D74/><U108/><E63/><V26/><F75/><W71/><G71/><T94/><D132/><U84/><E38/><V66/><F78/><W15/><G29/><T64/><D113/><U10/><E10/><V22/><F0/><W35/><G35/><T24/><D64/><U56/><E56/><V9/><F9/><W133/><G133/><T59/><D5/><U111/><REACH who="1" step="1"/><E77/><REACH who="1" ten="290,17,363,320" step="2"/><V120/><F120/><W130/><G76/><T91/><D3/><U103/><E103/><V135/><F135/><W58/><G101/><T82/><D8/><U114/><E114/><V62/><F70/><W39/><G39/><T125/><D59/><U79/><E79/><V52/><F7/><W33/><G58/><T23/><D4/><U30/><E30/><V68/><F68/><W1/><G1/><T121/><D121/><U86/><AGARI ba="0,1" hai="12,13,14,32,34,43,44,50,84,85,86,108,109,111" machi="86" ten="40,18000,2" yaku="1,1,0,1,29,2,10,1,52,1,53,0" doraHai="42" doraHaiUra="54" who="1" fromWho="1" sc="290,-60,17,190,363,-60,320,-60" /><INIT seed="5,1,0,4,5,85" ten="230,207,303,260" oya="1" hai0="101,105,102,82,33,126,83,115,18,24,91,90,100" hai1="98,62,120,27,61,41,72,131,55,76,32,51,116" hai2="84,99,118,3,134,1,21,0,71,70,130,45,97" hai3="57,114,22,75,65,66,113,117,94,127,56,7,129"/><U4/><E116/><V46/><F118/><W81/><G117/><T69/><D105/><U6/><E120/><V42/><F130/><W132/><G129/><T58/><D69/><U37/><E131/><V93/><F134/><W63/><G132/><T48/><D115/><N who="3" m="44041" /><G127/><T35/><D35/><U107/><E37/><V12/><F84/><W10/><G22/><N who="0" m="13399" /><D126/><U121/><E41/><V20/><F93/><W43/><G43/><T135/><D135/><U80/><E121/><V39/><F42/><W53/><G94/><T19/><D33/><U119/><E119/><V54/><F1/><N who="3" m="367" /><G57/><T108/><D19/><U2/><E107/><V128/><F128/><W30/><G30/><T36/><D36/><U15/><E2/><V5/><F12/><W29/><G29/><T44/><D58/><U88/><E27/><V9/><F9/><W74/><G74/><T34/><D34/><U79/><E32/><V89/><F5/><N who="1" m="2153" /><E15/><V47/><F47/><W8/><G8/><T111/><D111/><U123/><E123/><V77/><F39/><W13/><G13/><T87/><D108/><U38/><E38/><V17/><F17/><W92/><G92/><T104/><D104/><U23/><E23/><V86/><F3/><W28/><G28/><T14/><D14/><U122/><E122/><V49/><F0/><W52/><G66/><T64/><D64/><U106/><E106/><V50/><F20/><W110/><G110/><T125/><D125/><U67/><E67/><V96/><F21/><W73/><G73/><T59/><D59/><N who="1" m="33279" /><E72/><V40/><F71/><W11/><G11/><RYUUKYOKU ba="1,0" sc="230,-10,207,-10,303,-10,260,30" hai3="52,53,56,63,65,75,81" /><INIT seed="6,2,0,4,3,108" ten="220,197,293,290" oya="2" hai0="97,135,22,29,45,132,123,46,48,27,19,44,69" hai1="50,89,103,36,21,126,14,0,56,95,91,119,59" hai2="72,125,26,54,25,116,13,66,38,124,5,34,100" hai3="62,31,130,113,127,64,63,10,120,60,131,67,78"/><V112/><F116/><W101/><G120/><T77/><D123/><U17/><E36/><V115/><F72/><W96/><G127/><N who="2" m="48713" /><F38/><W33/><G78/><T93/><D69/><U118/><E126/><V24/><F34/><W87/><G87/><T128/><D128/><N who="3" m="49193" /><G113/><N who="2" m="43593" /><F66/><W7/><G31/><T39/><D39/><U57/><E0/><V28/><F100/><W32/><G32/><T117/><D117/><U30/><E30/><V15/><F28/><W58/><G67/><T18/><D29/><U74/><E74/><V105/><F105/><N who="3" m="63655" /><G33/><T90/><D135/><U121/><E121/><V9/><F54/><W134/><G134/><T94/><D132/><U109/><E109/><V51/><F51/><W76/><G76/><T42/><D77/><U111/><E111/><V55/><F55/><W80/><G80/><T84/><REACH who="0" step="1"/><D19/><REACH who="0" ten="210,197,293,290" step="2"/><U106/><E119/><V16/><F16/><W110/><G110/><T82/><D82/><U4/><E118/><V104/><F104/><W79/><G79/><T41/><D41/><U81/><E106/><V52/><F52/><W23/><G64/><T86/><D86/><U12/><E81/><V11/><F11/><W65/><G23/><T92/><D92/><U40/><E40/><V75/><F75/><W133/><G133/><T8/><D8/><N who="1" m="4103" /><E50/><V3/><AGARI ba="2,1" hai="3,5,9,13,15,24,25,26" m="43593,48713" machi="3" ten="40,18000,2" yaku="18,1,15,1,34,2,52,3" doraHai="108" who="2" fromWho="2" sc="210,-62,197,-62,293,196,290,-62" /><INIT seed="6,3,0,4,5,8" ten="148,135,489,228" oya="2" hai0="127,67,124,102,44,89,134,13,11,3,45,75,17" hai1="23,55,79,108,66,94,5,25,40,77,46,118,100" hai2="83,34,69,70,65,60,111,33,85,38,27,21,41" hai3="72,125,109,7,24,92,112,52,71,103,1,120,95"/><V14/><F111/><W129/><G52/><T64/><D75/><U49/><E108/><V110/><F110/><W87/><G24/><T91/><D102/><U123/><E118/><V132/><F132/><W117/><G7/><T48/><D134/><U98/><E123/><V32/><F69/><W26/><G26/><T51/><D3/><U43/><E5/><V22/><F38/><W19/><G19/><T74/><D74/><U0/><E0/><V9/><F41/><N who="1" m="15945" /><E66/><N who="0" m="25129" /><D48/><U76/><E76/><V113/><F113/><W57/><G57/><T39/><D39/><U63/><E63/><V101/><F101/><W122/><G87/><T18/><D18/><AGARI ba="3,0" hai="18,23,25,46,49,55,77,79,94,98,100" m="15945" machi="18" ten="30,1000,0" yaku="8,1" doraHai="8" who="1" fromWho="0" sc="148,-19,135,19,489,0,228,0" /><INIT seed="7,0,0,2,4,124" ten="129,154,489,228" oya="3" hai0="53,80,10,116,52,108,94,15,57,120,133,115,0" hai1="47,109,51,9,68,29,96,85,87,41,65,129,45" hai2="103,3,58,93,73,24,61,128,130,14,119,59,75" hai3="13,117,76,46,7,125,123,95,26,90,64,27,31"/><W81/><G64/><T113/><D116/><U50/><E109/><V101/><F3/><W16/><G117/><T110/><D120/><U79/><E129/><N who="2" m="49771" /><F119/><W22/><G7/><N who="0" m="3551" /><D133/><U121/><E121/><V82/><F14/><W104/><G104/><T21/><D0/><U42/><E42/><V35/><BYE who="1" /><F82/><W11/><G125/><T23/><D80/><U89/><E89/><V70/><F70/><W20/><G46/><UN n1="%E5%A5%B3%E3%81%AA%E3%81%AE%E3%81%82%E3%81%8C%E3%82%89%E3%81%9B%E3%81%A6" /><T33/><D94/><U122/><E122/><V54/><F59/><W60/><G60/><N who="0" m="35879" /><D33/><U55/><E96/><N who="2" m="59535" /><F103/><W28/><G123/><T111/><D53/><U36/><E65/><V17/><F17/><W67/><G67/><T43/><D43/><U77/><E68/><V2/><F2/><W66/><G66/><T88/><D88/><U49/><E36/><V86/><F86/><N who="1" m="32777" /><E77/><V40/><F40/><W30/><G81/><T107/><D107/><U18/><E79/><V48/><F48/><W97/><REACH who="3" step="1"/><G76/><REACH who="3" ten="129,154,489,218" step="2"/><T92/><D92/><U62/><E41/><V127/><F127/><W56/><G56/><T102/><D102/><U106/><E106/><V69/><F69/><W99/><G99/><T74/><D74/><U63/><E55/><V126/><F126/><W98/><G98/><T91/><D91/><U37/><E37/><V72/><F72/><W1/><G1/><T5/><D5/><U19/><E63/><V78/><F78/><W25/><AGARI ba="0,1" hai="11,13,16,20,22,25,26,27,28,30,31,90,95,97" machi="25" ten="30,11700,0" yaku="1,1,0,1,8,1,54,1,53,0" doraHai="124" doraHaiUra="39" who="3" fromWho="3" sc="129,-39,154,-39,489,-39,218,127" /><INIT seed="7,1,0,2,0,74" ten="90,115,450,345" oya="3" hai0="36,76,19,69,126,132,73,127,23,108,9,84,34" hai1="52,35,29,101,81,8,121,6,130,7,75,88,135" hai2="46,82,3,129,98,109,13,80,131,14,53,39,32" hai3="114,86,104,119,37,68,17,118,42,28,21,5,99"/><W71/><G114/><T33/><D108/><U128/><E121/><V83/><F3/><W47/><G28/><T48/><D36/><U79/><E135/><V89/><F32/><W0/><G86/><T64/><D9/><U43/><E101/><V105/><F109/><W113/><G113/><T57/><D69/><N who="3" m="26697" /><G17/><T61/><D48/><U112/><E112/><V78/><F78/><W15/><G15/><N who="0" m="9727" /><D73/><U107/><E107/><V117/><F117/><W95/><G95/><T87/><D87/><U103/><E103/><N who="2" m="62711" /><F89/><W40/><G21/><T125/><D132/><U96/><E43/><N who="2" m="22911" /><F53/><W22/><G22/><T11/><D11/><U62/><E29/><V70/><F70/><W54/><G40/><T45/><D45/><U134/><E35/><V50/><F50/><W67/><G67/><T49/><D49/><U4/><E134/><V63/><F82/><W92/><G92/><T31/><D31/><U1/><E52/><V123/><F83/><W133/><G54/><T110/><D110/><U55/><E1/><V111/><F80/><W30/><G30/><T59/><D57/><U106/><E8/><V85/><F85/><W72/><G72/><T60/><D60/><U66/><E66/><V124/><F111/><W2/><G133/><T102/><D102/><N who="1" m="62791" /><E88/><V100/><F100/><N who="3" m="62495" /><G5/><T120/><D120/><U20/><E20/><V116/><F116/><AGARI ba="1,0" hai="0,2,37,42,47,116,118,119" m="62495,26697" machi="116" ten="30,1500,0" yaku="23,1" doraHai="74" who="3" fromWho="2" sc="90,0,115,0,450,-18,345,18" /><INIT seed="7,2,0,0,2,70" ten="90,115,432,363" oya="3" hai0="84,29,17,114,24,80,53,86,33,92,127,88,134" hai1="73,36,1,117,131,129,112,133,52,27,72,108,122" hai2="11,123,55,91,57,103,32,56,34,6,99,77,13" hai3="21,125,54,65,109,83,26,39,116,113,74,79,28"/><W48/><G116/><T51/><D127/><U118/><RYUUKYOKU type="yao9" ba="2,0" sc="90,0,115,0,432,0,363,0" hai1="1,27,36,52,72,73,108,112,117,118,122,129,131,133" /><INIT seed="7,3,0,1,1,135" ten="90,115,432,363" oya="3" hai0="121,92,61,98,39,53,51,13,76,36,118,35,126" hai1="66,68,2,114,104,45,134,67,115,70,57,15,55" hai2="41,102,46,128,97,129,80,17,123,24,99,5,42" hai3="43,71,91,10,1,93,12,122,0,132,127,38,125"/><W78/><G122/><T84/><D121/><U77/><E2/><V19/><F123/><W28/><G71/><N who="1" m="27178" /><E104/><V88/><F5/><W82/><G132/><T48/><D118/><U37/><E15/><V106/><F41/><W65/><G65/><N who="1" m="24586" /><E77/><V73/><F24/><W63/><G63/><T47/><D35/><U119/><E134/><V16/><F97/><N who="3" m="57535" /><G43/><T22/><D61/><N who="1" m="36031" /><E119/><V86/><REACH who="2" step="1"/><F73/><REACH who="2" ten="90,115,422,363" step="2"/><N who="3" m="43343" /><G38/><AGARI ba="3,1" hai="16,17,19,38,42,46,80,86,88,99,102,106,128,129" machi="38" ten="40,5200,0" yaku="1,1,54,2,53,0" doraHai="135" doraHaiUra="60" who="2" fromWho="3" sc="90,0,115,0,422,71,363,-61" owari="90,-41.0,115,-28.5,493,59.3,302,10.2" /></mjloggm>