<mjloggm ver="2.3"><GO type="169" lobby="0"/><UN n0="%E8%B4%88%E4%BA%BA%E8%A9%A9%E6%96%BC%E5%A4%A2" n1="%6B%61%74%65%72%69%6E%61" n2="%E2%97%8E%E3%82%88%E3%81%97%E2%97%8E" n3="%45%7A%61%6B%69" dan="17,16,17,16" rate="2203.23,2116.32,2165.03,2121.32" sx="M,M,M,M"/><TAIKYOKU oya="0"/><INIT seed="0,0,0,2,4,16" ten="250,250,250,250" oya="0" hai0="60,108,25,116,102,75,58,18,41,119,35,101,120" hai1="45,118,71,121,83,21,51,22,5,112,84,32,24" hai2="99,50,53,56,85,52,91,103,42,37,17,73,115" hai3="105,78,44,134,122,55,110,113,123,128,109,129,133"/><T65/><D75/><U95/><E118/><V114/><F73/><W48/><G105/><T92/><D120/><N who="3" m="46121" /><G113/><T19/><D108/><N who="3" m="41577" /><G78/><T90/><D116/><U104/><E121/><V124/><F124/><W98/><G98/><T93/><D119/><U64/><E104/><V31/><F31/><W81/><G81/><T80/><D35/><U7/><E112/><V66/><F66/><W82/><G82/><T132/><D132/><AGARI ba="0,0" hai="44,48,55,128,129,132,133,134" m="41577,46121" machi="132" ten="40,8000,1" yaku="20,1,13,1,14,1,34,2" doraHai="16" who="3" fromWho="0" sc="250,-80,250,0,250,0,250,80" /><INIT seed="1,0,0,3,0,102" ten="170,250,250,330" oya="1" hai0="46,78,92,3,104,37,91,88,109,98,55,8,68" hai1="65,57,76,18,61,69,83,70,119,50,105,24,28" hai2="56,48,128,0,75,87,31,85,15,135,100,101,63" hai3="79,74,130,111,81,12,95,132,66,43,19,96,125"/><U1/><E119/><V29/><F0/><W42/><G111/><T52/><D68/><U114/><E114/><V34/><F75/><W45/><G125/><T116/><D116/><U86/><E1/><V11/><F48/><W77/><G130/><T106/><D109/><U108/><E108/><V120/><F120/><W30/><G132/><T40/><D78/><U62/><E105/><V82/><F87/><W94/><G30/><T53/><REACH who="0" step="1"/><D91/><REACH who="0" ten="160,250,250,330" step="2"/><U21/><E70/><V123/><F123/><W113/><G79/><T124/><D124/><U112/><E112/><V2/><F135/><W13/><G113/><T27/><D27/><U33/><E50/><V32/><F128/><W121/><G77/><T67/><D67/><U22/><E18/><V14/><F29/><W25/><G66/><AGARI ba="0,1" hai="21,22,24,28,33,57,61,62,65,66,69,76,83,86" machi="66" ten="30,1500,0" yaku="7,1" doraHai="102" who="1" fromWho="3" sc="160,0,250,25,250,0,330,-15" /><INIT seed="1,1,0,1,2,134" ten="160,275,250,315" oya="1" hai0="65,18,80,24,84,14,76,72,92,133,12,112,68" hai1="57,48,54,64,0,62,79,22,3,103,23,128,105" hai2="29,21,46,89,122,36,111,31,59,110,61,47,52" hai3="26,25,132,95,39,119,15,16,66,126,9,78,6"/><U28/><E128/><V131/><F122/><W108/><G108/><N who="2" m="41513" /><F131/><W43/><G132/><T104/><D112/><U98/><E79/><V86/><F21/><W44/><G119/><T1/><D1/><U38/><E38/><V35/><F35/><W42/><G66/><T67/><D133/><U135/><E135/><V96/><F96/><W123/><G123/><T17/><D104/><U11/><E11/><V37/><F46/><W117/><G117/><T58/><D68/><U33/><E23/><V115/><F115/><W40/><G126/><T101/><D24/><U32/><E22/><V51/><F29/><W116/><G116/><T107/><D107/><U70/><REACH who="1" step="1"/><E33/><REACH who="1" ten="160,265,250,315" step="2"/><V60/><F31/><W45/><G78/><T109/><D109/><U121/><E121/><V73/><F73/><W69/><G39/><T63/><D72/><U50/><E50/><N who="2" m="31127" /><F36/><W90/><G69/><T19/><REACH who="0" step="1"/><D67/><REACH who="0" ten="150,265,250,315" step="2"/><U83/><E83/><N who="2" m="49375" /><F37/><W8/><G26/><AGARI ba="1,2" hai="0,3,26,28,32,48,54,57,62,64,70,98,103,105" machi="26" ten="40,7700,0" yaku="1,1,25,2,53,0" doraHai="134" doraHaiUra="106" who="1" fromWho="3" sc="150,0,265,100,250,0,315,-80" /><INIT seed="1,2,0,2,3,112" ten="150,365,250,235" oya="1" hai0="43,77,33,54,92,108,60,113,65,27,23,1,56" hai1="17,55,36,89,78,116,68,103,124,45,97,134,61" hai2="59,104,34,95,8,71,38,32,73,20,75,109,51" hai3="114,14,118,117,90,50,121,120,98,29,52,122,62"/><U76/><E116/><N who="3" m="44650" /><G114/><T0/><D113/><U40/><E134/><V2/><F32/><W79/><G79/><T30/><D108/><U3/><E124/><V88/><F34/><W41/><G29/><T42/><D77/><U64/><E3/><V9/><F75/><W10/><G41/><T133/><D133/><U48/><E89/><V84/><F73/><W99/><G62/><T132/><D132/><U13/><E13/><V106/><F38/><W19/><G90/><T37/><D33/><U87/><E17/><V47/><F109/><W21/><G10/><T111/><D111/><U7/><E87/><V130/><F8/><W18/><G18/><T6/><D37/><U135/><E7/><V25/><F9/><W63/><G63/><T22/><D6/><U35/><E35/><V126/><F126/><W46/><AGARI ba="2,0" hai="14,19,21,46,50,52,98,99,120,121,122" m="44650" machi="46" ten="40,8000,1" yaku="12,1,52,3,54,1" doraHai="112" who="3" fromWho="3" sc="150,-22,365,-42,250,-22,235,86" /><INIT seed="2,0,0,5,1,39" ten="128,323,228,321" oya="2" hai0="59,105,65,128,71,31,29,10,42,94,8,84,16" hai1="127,23,40,119,73,54,60,43,78,100,95,66,132" hai2="80,79,72,56,123,9,44,17,122,35,114,6,92" hai3="58,55,88,67,38,131,85,104,77,76,11,28,21"/><V103/><F114/><W30/><G104/><T110/><D105/><U124/><E119/><V109/><F35/><W68/><G131/><T63/><D71/><U83/><E132/><V74/><F74/><W97/><G38/><T48/><D110/><U47/><E23/><V20/><F56/><W89/><G68/><T87/><D128/><U102/><E54/><V46/><F109/><W7/><G67/><T98/><D29/><U82/><E82/><V99/><F44/><W15/><G97/><T3/><D31/><N who="3" m="11817" /><G21/><T120/><D3/><U22/><E22/><V91/><F103/><N who="1" m="39465" /><E95/><V12/><REACH who="2" step="1"/><F46/><REACH who="2" ten="128,323,218,321" step="2"/><W106/><G106/><T2/><D120/><U1/><E47/><V24/><AGARI ba="0,1" hai="6,9,12,17,20,24,72,79,80,91,92,99,122,123" machi="24" ten="20,12000,1" yaku="1,1,2,1,0,1,7,1,53,1" doraHai="39" doraHaiUra="75" who="2" fromWho="2" sc="128,-40,323,-40,218,130,321,-40" /><INIT seed="2,1,0,3,4,14" ten="88,283,348,281" oya="2" hai0="108,72,51,41,97,77,125,80,48,67,5,76,3" hai1="49,93,119,64,16,110,99,7,88,115,89,85,123" hai2="36,95,124,56,73,131,94,69,133,20,1,58,31" hai3="15,21,47,50,45,33,96,68,111,106,65,19,102"/><V113/><F113/><W90/><G111/><T30/><D108/><U43/><E115/><V38/><F69/><W75/><G75/><T23/><D125/><U17/><E110/><V128/><F73/><W78/><G78/><T66/><D76/><U100/><E119/><V12/><F1/><W121/><G121/><T59/><D3/><U132/><E132/><V57/><F133/><W120/><G120/><T83/><D5/><U6/><E123/><V105/><F105/><W26/><G90/><T104/><D104/><U87/><E64/><V103/><F124/><W129/><G129/><N who="2" m="49737" /><F103/><W52/><G65/><T63/><D67/><U8/><E100/><V92/><F31/><W107/><G107/><T118/><D118/><U117/><E117/><V46/><F46/><W34/><G68/><T35/><D35/><U29/><E29/><V18/><AGARI ba="1,0" hai="12,18,20,36,38,56,57,58,92,94,95" m="49737" machi="18" ten="40,3900,0" yaku="19,1,52,1" doraHai="14" who="2" fromWho="2" sc="88,-14,283,-14,348,42,281,-14" /><INIT seed="2,2,0,3,1,48" ten="74,269,390,267" oya="2" hai0="37,114,127,65,30,66,1,78,52,50,40,74,53" hai1="41,117,111,58,80,123,133,33,98,64,28,113,11" hai2="15,92,77,106,124,99,79,14,59,31,118,10,116" hai3="6,12,4,18,81,20,132,56,0,122,49,70,129"/><V119/><F124/><W21/><G70/><T55/><D1/><U110/><E113/><V42/><F106/><W134/><G81/><T108/><D114/><U95/><E117/><V128/><F128/><W120/><G56/><T69/><D30/><U96/><E123/><N who="3" m="47146" /><G49/><T38/><D78/><U34/><E133/><N who="3" m="51306" /><G129/><T72/><D127/><U22/><E41/><V36/><F36/><N who="0" m="13930" /><D74/><U112/><E112/><V97/><F42/><W94/><G94/><T39/><D72/><U60/><E80/><V76/><F59/><W125/><G125/><T87/><D87/><U68/><E68/><V7/><F31/><W107/><G107/><T75/><D75/><U115/><E115/><V27/><F92/><W109/><G109/><T25/><D25/><N who="1" m="16439" /><E98/><V82/><F27/><N who="3" m="14743" /><G0/><T29/><D29/><U5/><E95/><V46/><F82/><W103/><G103/><T71/><D108/><N who="1" m="41515" /><E96/><V9/><F46/><W104/><G104/><T17/><D17/><AGARI ba="2,0" hai="4,6,12,17,21" m="14743,51306,47146" machi="17" ten="30,3900,0" yaku="20,1,34,2" doraHai="48" who="3" fromWho="0" sc="74,-45,269,0,390,0,267,45" /><INIT seed="3,0,0,1,4,105" ten="29,269,390,312" oya="3" hai0="9,132,53,45,61,26,57,107,134,69,55,50,64" hai1="20,30,59,118,84,38,99,6,37,124,88,92,17" hai2="81,133,114,100,131,79,60,70,56,123,43,39,65" hai3="52,31,82,10,22,119,127,116,68,46,29,78,121"/><W18/><G121/><T19/><D107/><U108/><E108/><V72/><F114/><W74/><G68/><T85/><D85/><U54/><E124/><V23/><F123/><W36/><G127/><T120/><D9/><U34/><E118/><V58/><F131/><W42/><G10/><T83/><D83/><U110/><E110/><V122/><F122/><W28/><REACH who="3" step="1"/><G52/><REACH who="3" ten="29,269,390,302" step="2"/><T49/><D120/><U91/><E6/><V80/><F70/><W16/><G16/><T47/><D19/><U101/><E30/><V109/><F109/><W128/><G128/><T115/><D26/><AGARI ba="0,1" hai="18,22,26,28,29,31,36,42,46,74,78,82,116,119" machi="26" ten="40,12000,1" yaku="1,1,52,1,53,3" doraHai="105" doraHaiUra="24" who="3" fromWho="0" sc="29,-120,269,0,390,0,302,130" owari="-91,-59.1,269,-13.1,390,19.0,432,53.2" /></mjloggm>