<mjloggm ver="2.3"><GO type="169" lobby="0"/><UN n0="%E3%81%AC%E3%81%8F%E3%82%82%E3%82%8A" n1="%E9%A2%A8%E3%81%A7%E9%B3%B4%E3%81%8F" n2="%E3%82%BC%E3%83%B3%E3%83%84%E3%83%9E%E3%82%B7%E3%83%BC%E3%83%B3" n3="%E9%87%A3%E3%82%8A%E6%97%A5%E5%92%8C" dan="17,16,16,17" rate="2185.18,2188.21,2152.75,2185.48" sx="M,M,M,M"/><TAIKYOKU oya="0"/><INIT seed="0,0,0,4,2,9" ten="250,250,250,250" oya="0" hai0="74,80,71,93,35,60,111,51,38,7,113,26,29" hai1="88,75,43,34,32,81,84,126,65,107,78,61,3" hai2="55,54,116,18,109,115,49,77,97,86,76,40,6" hai3="103,79,0,69,56,70,64,39,132,118,125,101,20"/><T121/><D113/><U36/><E107/><V47/><F115/><W8/><G118/><T57/><D121/><U10/><E126/><V21/><F116/><W46/><G125/><T131/><D38/><U117/><E117/><V124/><F109/><W127/><G127/><T106/><D106/><U15/><E43/><V120/><F120/><W23/><G79/><N who="2" m="30281" /><F124/><W68/><G132/><T53/><D111/><U95/><E3/><V110/><F6/><W82/><G82/><T102/><D131/><U90/><E90/><V13/><F110/><W72/><G72/><T25/><D25/><U14/><E36/><V114/><F114/><W129/><G129/><T130/><D130/><U44/><E44/><V99/><F86/><W2/><G46/><T16/><D7/><U135/><E135/><V41/><F41/><W108/><G39/><T5/><D5/><U87/><E75/><V28/><F28/><W105/><G70/><T119/><D119/><U59/><REACH who="1" step="1"/><E10/><REACH who="1" ten="250,240,250,250" step="2"/><V45/><F45/><W42/><G8/><T73/><D73/><U22/><E22/><V104/><F104/><W1/><G42/><T112/><D74/><U128/><E128/><V134/><F134/><W91/><G0/><T4/><D112/><U11/><E11/><V33/><F33/><AGARI ba="0,1" hai="14,15,32,33,34,59,61,65,78,81,84,87,88,95" machi="33" ten="40,8000,1" yaku="1,1,52,2,54,1,53,1" doraHai="9" doraHaiUra="52" who="1" fromWho="2" sc="250,0,240,90,250,-80,250,0" /><INIT seed="1,0,0,1,0,41" ten="250,330,170,250" oya="1" hai0="108,119,125,8,52,89,134,63,16,14,128,74,123" hai1="13,133,83,118,34,1,18,72,57,71,20,124,78" hai2="44,93,40,37,45,96,111,80,4,54,97,66,132" hai3="15,69,114,75,53,122,19,7,126,36,55,47,95"/><U70/><E118/><V127/><F111/><W110/><G122/><T65/><D119/><U29/><E124/><V38/><F127/><W101/><G126/><T60/><D125/><U90/><E133/><V81/><F132/><W82/><G114/><T42/><D134/><U2/><E90/><V130/><F130/><W76/><G69/><T5/><D74/><U31/><E70/><V94/><F66/><W51/><G36/><T131/><D108/><U30/><E71/><V50/><F4/><W98/><G7/><T48/><D42/><U99/><E34/><V35/><F35/><W88/><G110/><T121/><D89/><U9/><E99/><V113/><F113/><W135/><G135/><T129/><D5/><U115/><E115/><V64/><F64/><W58/><G101/><T117/><D117/><U86/><E72/><V68/><F68/><W106/><G106/><T27/><D27/><U73/><E73/><V105/><F105/><W28/><G28/><T91/><D91/><U103/><E103/><V100/><REACH who="2" step="1"/><F37/><REACH who="2" ten="250,330,160,250" step="2"/><W33/><G33/><T120/><REACH who="0" step="1"/><D65/><REACH who="0" ten="240,330,160,250" step="2"/><U87/><E1/><V107/><F107/><W17/><REACH who="3" step="1"/><G15/><REACH who="3" ten="240,330,160,240" step="2"/><T3/><D3/><U77/><E2/><V62/><F62/><AGARI ba="0,3" hai="17,19,47,51,53,55,58,62,75,76,82,88,95,98" machi="62" ten="30,12000,2" yaku="1,1,2,1,7,1,52,1,54,1,53,1" doraHai="41" doraHaiUra="46" who="3" fromWho="2" sc="240,0,330,0,160,-120,240,150" /><INIT seed="2,0,0,2,1,69" ten="240,330,40,390" oya="2" hai0="49,77,6,129,132,41,95,21,70,16,98,86,28" hai1="80,84,47,2,111,121,56,90,11,107,60,89,82" hai2="12,62,24,59,51,127,43,125,83,103,117,130,65" hai3="18,27,68,105,1,116,13,63,26,100,64,126,114"/><V123/><F117/><W74/><G116/><T36/><D70/><U45/><E107/><V34/><F123/><W106/><G1/><T104/><D129/><U97/><E121/><V19/><F130/><W102/><G74/><T96/><D132/><U10/><E111/><V46/><F103/><W135/><G135/><T15/><D104/><U14/><E2/><V71/><F83/><W57/><G106/><T7/><D28/><U31/><E31/><V30/><REACH who="2" step="1"/><F71/><REACH who="2" ten="240,330,30,390" step="2"/><W32/><G102/><T20/><D95/><N who="1" m="56559" /><E82/><V76/><F76/><W53/><G100/><T115/><D77/><U52/><E10/><AGARI ba="0,1" hai="10,12,19,24,30,34,43,46,51,59,62,65,125,127" machi="10" ten="40,2000,0" yaku="1,1,53,0" doraHai="69" doraHaiUra="0" who="2" fromWho="1" sc="240,0,330,-20,30,30,390,0" /><INIT seed="2,1,0,1,3,19" ten="240,310,60,390" oya="2" hai0="119,1,121,70,0,85,129,130,123,49,126,53,125" hai1="43,96,21,2,117,25,23,102,61,86,35,33,24" hai2="115,100,76,45,77,11,54,91,15,104,71,55,88" hai3="52,40,90,41,113,30,46,120,131,26,110,66,22"/><V68/><F115/><W4/><G120/><N who="0" m="46155" /><D70/><U39/><E2/><N who="0" m="1129" /><D85/><U42/><E117/><V95/><F104/><W50/><G113/><T99/><D99/><U34/><E61/><V48/><F100/><W105/><G105/><T93/><D93/><U74/><E74/><V89/><F95/><W3/><G110/><T107/><D107/><U62/><E62/><V18/><REACH who="2" step="1"/><F54/><REACH who="2" ten="240,310,50,390" step="2"/><W73/><G52/><T92/><D92/><U38/><E102/><V28/><F28/><W63/><G30/><T67/><D119/><U51/><E96/><V13/><F13/><W9/><G3/><T122/><D122/><U132/><E132/><V108/><F108/><W56/><G131/><N who="0" m="50187" /><D67/><U32/><E42/><V72/><F72/><W7/><G73/><T12/><D12/><U82/><E25/><V83/><F83/><W135/><G41/><T47/><AGARI ba="1,1" hai="47,49,53,125,126" m="50187,1129,46155" machi="47" ten="40,1500,0" yaku="19,1" doraHai="19" who="0" fromWho="0" sc="240,28,310,-5,50,-8,390,-5" /><INIT seed="3,0,0,3,0,131" ten="268,305,42,385" oya="3" hai0="117,86,82,81,107,98,46,40,101,26,90,32,41" hai1="93,25,53,37,76,130,123,22,31,33,126,69,59" hai2="119,74,44,1,135,2,43,54,134,85,38,92,120" hai3="35,7,102,51,71,3,42,57,21,80,14,129,36"/><W0/><G35/><T45/><D117/><U103/><E37/><V20/><F74/><W4/><G129/><T6/><D6/><U17/><E130/><V89/><F119/><W13/><G71/><T87/><D32/><U61/><E126/><V39/><F120/><W83/><G36/><T105/><D26/><U124/><E124/><V121/><F121/><W50/><G21/><T28/><D28/><U9/><E123/><V18/><F54/><W49/><G57/><T88/><D98/><U67/><E76/><V78/><F78/><W29/><G29/><T72/><REACH who="0" step="1"/><D101/><REACH who="0" ten="258,305,42,385" step="2"/><U110/><E33/><V125/><F125/><W70/><G102/><T47/><D47/><U115/><E31/><V65/><F38/><W5/><G7/><T114/><D114/><U56/><E115/><V52/><F2/><W23/><G5/><T132/><D132/><N who="2" m="50730" /><F1/><W111/><G3/><T11/><D11/><U97/><E25/><N who="2" m="14487" /><F65/><W95/><G0/><T27/><D27/><U133/><E67/><V104/><F52/><W113/><G113/><T68/><D68/><U127/><E53/><V34/><F34/><W66/><G70/><T58/><D58/><U55/><E59/><V19/><F19/><W75/><G66/><T116/><D116/><U100/><E69/><V94/><F104/><W60/><G4/><T109/><D109/><U30/><E127/><V12/><F12/><W79/><G13/><T96/><D96/><U108/><E133/><V24/><F24/><W84/><G14/><T48/><D48/><U64/><E64/><V62/><F62/><W106/><G60/><RYUUKYOKU ba="0,1" sc="258,15,305,-15,42,15,385,-15" hai0="40,41,45,46,72,81,82,86,87,88,90,105,107" hai2="39,43,44,85,89,92,94" /><INIT seed="4,1,1,2,4,7" ten="273,290,57,370" oya="0" hai0="42,106,49,78,114,63,126,121,82,65,10,113,115" hai1="99,131,94,60,44,51,41,130,73,19,80,69,125" hai2="95,112,37,88,103,12,25,15,52,5,108,47,87" hai3="53,22,85,59,29,128,24,110,11,91,129,105,61"/><T23/><D121/><U74/><E125/><V84/><F108/><W26/><G110/><T50/><D106/><U123/><E123/><V86/><F112/><W31/><G105/><T39/><D126/><U102/><E80/><V13/><F103/><W66/><G66/><T17/><D39/><U81/><E81/><V55/><F25/><W18/><G11/><T2/><D42/><U32/><E32/><V70/><F70/><W8/><G8/><T56/><D2/><U3/><E3/><V92/><F37/><W21/><REACH who="3" step="1"/><G18/><REACH who="3" ten="273,290,57,360" step="2"/><T35/><D10/><U111/><E19/><V28/><F5/><W76/><G76/><T1/><D1/><U43/><E111/><V109/><F109/><W117/><G117/><T48/><D35/><U134/><E134/><V14/><N who="2" m="3072" /><DORA hai="72" /><V83/><F28/><W45/><G45/><T9/><D9/><U46/><E74/><V62/><F47/><W34/><G34/><T104/><D104/><U64/><REACH who="1" step="1"/><E73/><REACH who="1" ten="273,280,57,360" step="2"/><V107/><F83/><AGARI ba="1,3" hai="21,22,24,26,29,31,53,59,61,83,85,91,128,129" machi="83" ten="40,5200,0" yaku="1,1,9,1,53,1" doraHai="7,72" doraHaiUra="77,30" who="3" fromWho="2" sc="273,0,280,0,57,-55,360,85" /><INIT seed="5,0,0,3,3,68" ten="273,280,2,445" oya="1" hai0="39,90,86,77,115,40,14,33,76,26,118,25,128" hai1="87,63,88,111,2,52,64,56,35,103,92,61,20" hai2="109,41,126,17,12,91,4,108,123,5,110,102,24" hai3="51,121,65,82,23,38,48,57,112,15,98,80,18"/><U83/><E35/><V131/><F102/><W55/><G121/><T50/><D118/><U100/><E2/><V46/><F91/><W114/><G38/><T75/><D75/><U72/><E111/><N who="2" m="28419" /><V21/><DORA hai="62" /><F46/><W47/><G98/><T53/><D115/><N who="3" m="44073" /><G65/><T49/><D39/><U96/><E72/><V81/><F81/><W107/><G107/><T8/><D128/><U31/><E31/><N who="2" m="17807" /><F41/><AGARI ba="0,0" hai="15,18,23,41,47,48,51,55,57,80,82" m="44073" machi="41" ten="30,1000,0" yaku="15,1" doraHai="68,62" who="3" fromWho="2" sc="273,0,280,0,2,-10,445,10" owari="273,-12.7,280,8.0,-8,-50.8,455,55.5" /></mjloggm>