<mjloggm ver="2.3"><GO type="225" lobby="0"/><UN n0="%E3%81%AF%E3%82%88%E3%81%8A%E3%81%98%E3%81%95%E3%82%93" n1="%E6%98%93%E5%88%A9%E8%96%A9%E4%BC%AF" n2="%E3%82%A2%E3%83%9E%E3%83%9D%EF%BD%9E%EF%BD%9E%E3%83%A9" n3="%E9%A6%AC%E5%BC%95%E7%81%AB%33" dan="16,17,17,16" rate="2169.85,2191.80,2139.64,2122.82" sx="M,F,M,M"/><TAIKYOKU oya="0"/><INIT seed="0,0,0,0,0,7" ten="250,250,250,250" oya="0" hai0="55,109,102,30,3,5,35,71,128,39,33,125,23" hai1="78,101,1,111,50,14,73,105,112,54,110,63,123" hai2="8,22,99,134,124,44,38,37,120,97,107,20,93" hai3="15,106,72,81,26,98,34,82,9,56,108,16,86"/><T21/><D39/><U126/><E1/><V60/><F124/><W51/><G108/><N who="1" m="41514" /><E123/><V28/><F134/><W116/><G116/><T58/><D71/><U12/><E112/><V96/><F107/><W127/><G127/><T88/><D125/><U84/><E73/><V130/><F130/><W133/><G133/><T6/><D109/><U103/><E63/><V80/><F93/><W0/><G0/><T24/><D128/><U59/><E126/><V67/><F80/><W74/><G82/><T87/><D102/><N who="1" m="38923" /><E105/><V46/><F28/><W89/><G98/><T132/><D132/><U42/><E42/><V47/><F120/><W10/><G10/><T83/><D23/><U76/><E84/><V48/><F8/><W31/><REACH who="3" step="1"/><G106/><REACH who="3" ten="250,250,250,240" step="2"/><T53/><D3/><U62/><E76/><V29/><F97/><W52/><AGARI ba="0,1" hai="9,15,16,26,31,34,51,52,56,72,74,81,86,89" machi="52" ten="30,12000,2" yaku="1,1,2,1,0,1,52,1,54,2,53,1" doraHai="7" doraHaiUra="49" who="3" fromWho="3" sc="250,-60,250,-30,250,-30,240,130" /><INIT seed="1,0,0,5,3,73" ten="190,220,220,370" oya="1" hai0="101,65,17,123,29,62,130,54,86,52,74,15,10" hai1="4,16,112,88,3,67,71,83,70,12,40,58,53" hai2="114,22,57,133,119,106,132,45,89,104,20,1,30" hai3="47,134,34,50,79,66,120,35,121,14,111,94,69"/><U116/><E112/><V72/><F119/><W48/><G111/><T81/><D130/><U18/><E116/><V68/><F68/><W127/><G79/><T32/><D74/><U23/><E40/><V7/><F72/><W11/><G127/><T128/><D128/><U76/><E67/><V93/><F45/><W126/><G126/><T26/><D101/><U46/><E46/><V19/><F114/><W109/><G109/><T33/><D33/><U92/><E3/><V42/><F57/><W31/><G134/><N who="2" m="51817" /><F42/><W6/><G94/><T21/><D32/><U59/><E4/><V49/><F49/><W102/><G102/><T85/><D85/><U98/><E59/><V96/><F30/><W125/><G50/><T8/><D8/><U27/><E83/><V135/><F135/><W36/><G36/><T84/><D84/><U118/><E76/><V97/><F97/><W82/><G82/><T25/><D26/><U103/><E118/><V63/><F63/><W115/><G115/><T39/><D123/><U99/><E99/><V110/><F110/><W44/><G44/><T9/><D9/><N who="1" m="6159" /><E103/><V13/><F20/><W131/><G131/><T2/><D2/><U75/><E75/><V64/><F64/><W51/><G51/><T24/><D24/><U37/><E37/><V108/><F108/><W95/><G95/><T80/><D39/><U41/><E41/><V61/><F61/><AGARI ba="0,0" hai="18,23,27,53,58,61,70,71,88,92,98" m="6159" machi="61" ten="30,5800,0" yaku="25,1,54,2" doraHai="73" who="1" fromWho="2" sc="190,0,220,58,220,-58,370,0" /><INIT seed="1,1,0,0,1,124" ten="190,278,162,370" oya="1" hai0="69,65,94,96,21,40,49,3,74,125,37,11,95" hai1="62,9,10,87,60,83,105,5,34,46,22,86,82" hai2="132,119,64,103,48,32,70,59,134,8,131,91,118" hai3="19,54,24,115,90,66,13,89,106,130,114,51,128"/><U102/><E34/><V100/><F32/><W135/><G106/><T67/><D74/><U52/><E22/><V47/><F91/><N who="3" m="34827" /><G66/><T42/><D37/><U61/><E105/><V30/><F30/><W88/><G88/><N who="0" m="55367" /><D3/><U6/><E102/><V39/><F8/><N who="1" m="3177" /><E46/><V0/><F0/><W76/><G76/><T29/><D69/><U121/><E52/><N who="2" m="32135" /><F103/><W18/><G24/><N who="0" m="16527" /><D125/><U53/><E53/><V7/><F100/><W12/><G135/><N who="2" m="51753" /><F7/><N who="1" m="2569" /><E121/><V50/><F39/><W127/><G127/><T45/><D11/><U35/><E35/><V93/><F93/><W71/><G71/><T44/><D95/><U110/><E110/><V97/><F97/><W113/><G12/><T27/><D27/><U122/><E122/><V57/><F70/><W101/><G101/><T126/><D126/><U63/><E63/><N who="2" m="37999" /><F131/><N who="3" m="50219" /><G13/><T55/><D65/><U56/><E56/><AGARI ba="1,0" hai="18,19,51,54,56,113,114,115" m="50219,34827" machi="56" ten="40,8000,1" yaku="19,1,52,3" doraHai="124" who="3" fromWho="1" sc="190,0,278,-83,162,0,370,83" /><INIT seed="2,0,0,3,2,88" ten="190,195,162,453" oya="2" hai0="86,111,23,11,133,67,93,82,38,103,17,34,92" hai1="20,107,80,125,0,81,109,104,102,120,85,47,73" hai2="31,96,101,126,83,28,35,9,15,66,130,3,64" hai3="117,100,69,98,56,106,5,33,16,21,91,77,128"/><V95/><F126/><W135/><G117/><T94/><D34/><U90/><E0/><V40/><F130/><W122/><G69/><T19/><D38/><U118/><E118/><V72/><F3/><W6/><G33/><T76/><D111/><U60/><E109/><V132/><F132/><W27/><G122/><T43/><D133/><U29/><E120/><V41/><F72/><W110/><G135/><T37/><D37/><U4/><E4/><V115/><F83/><W89/><G77/><T78/><D43/><N who="2" m="16458" /><F35/><W8/><G110/><T61/><D78/><U113/><E81/><V124/><F115/><W84/><G128/><T108/><D108/><U12/><E73/><V131/><F124/><W79/><G79/><T30/><D103/><U44/><E107/><V116/><F116/><W59/><G5/><T7/><D30/><N who="2" m="11306" /><F131/><W62/><G84/><T46/><D46/><U55/><E104/><V18/><AGARI ba="0,0" hai="9,15,18,64,66,95,96,101" m="11306,16458" machi="18" ten="30,3000,0" yaku="8,1,52,1" doraHai="88" who="2" fromWho="2" sc="190,-10,195,-10,162,30,453,-10" /><INIT seed="2,1,0,0,4,109" ten="180,185,192,443" oya="2" hai0="100,36,128,10,0,122,35,89,76,84,23,120,26" hai1="72,39,114,116,61,126,64,105,73,71,113,65,68" hai2="66,59,57,19,24,88,99,92,117,95,67,125,1" hai3="75,8,82,29,101,130,46,132,118,78,47,51,27"/><V12/><F117/><W30/><G118/><T103/><D36/><U79/><E116/><V77/><F1/><W90/><G130/><T33/><D76/><U80/><E126/><V28/><F77/><W102/><G132/><T49/><D49/><U133/><E73/><V58/><F125/><W6/><G90/><T111/><D111/><U106/><E133/><V110/><F110/><W34/><G29/><T107/><D128/><U14/><E14/><V44/><F44/><W42/><G46/><T18/><D120/><U13/><E13/><AGARI ba="1,0" hai="6,8,13,27,30,34,42,47,51,75,78,82,101,102" machi="13" ten="30,1000,0" yaku="7,1" doraHai="109" who="3" fromWho="1" sc="180,0,185,-13,192,0,443,13" /><INIT seed="3,0,0,1,2,52" ten="180,172,192,456" oya="3" hai0="96,25,119,123,114,51,28,104,57,20,19,134,32" hai1="0,37,58,80,78,79,23,54,21,92,85,38,46" hai2="89,9,13,115,97,44,63,116,86,34,16,8,103" hai3="101,132,131,109,10,117,49,107,129,68,94,30,111"/><W43/><G117/><T18/><D119/><U48/><E0/><V31/><F115/><W1/><G132/><T42/><D123/><U11/><E38/><V69/><F44/><N who="3" m="25759" /><G107/><T121/><D121/><U22/><E11/><V88/><F116/><W125/><G125/><T71/><D71/><U45/><E37/><V14/><F31/><W124/><G124/><T6/><D134/><U27/><E79/><V24/><F24/><W77/><G68/><T33/><D114/><U99/><E27/><V102/><F63/><W2/><G30/><T50/><D6/><U130/><E130/><N who="3" m="49674" /><G77/><T108/><D33/><U90/><AGARI ba="0,0" hai="21,22,23,45,46,48,54,58,78,80,85,90,92,99" machi="90" ten="30,4000,0" yaku="0,1,8,1,52,1" doraHai="52" who="1" fromWho="1" sc="180,-10,172,40,192,-10,456,-20" owari="170,-33.0,212,1.2,182,-21.8,436,53.6" /></mjloggm>