<mjloggm ver="2.3"><GO type="169" lobby="0"/><UN n0="%E6%B2%B3%E7%AB%A5%E3%81%AE%E3%83%AF%E3%82%AB%E3%83%9E%E3%83%84" n1="%64%69%76%61" n2="%E9%A2%A8%E3%81%A7%E9%B3%B4%E3%81%8F" n3="%E8%AA%B2%E9%95%B7%E8%A6%96%E9%87%8E%E7%8B%AD%E7%AA%84" dan="17,16,16,16" rate="2202.00,2062.89,2158.73,2168.39" sx="M,M,M,M"/><TAIKYOKU oya="0"/><INIT seed="0,0,0,3,1,111" ten="250,250,250,250" oya="0" hai0="98,79,83,125,70,74,9,91,78,25,2,117,118" hai1="102,104,120,59,106,1,50,60,71,72,100,123,114" hai2="109,62,119,32,68,12,61,55,39,84,58,108,126" hai3="40,13,93,49,66,28,41,94,115,88,129,99,57"/><T17/><D70/><U89/><E1/><V112/><F39/><W122/><G129/><T21/><D125/><U130/><E72/><V97/><F126/><W7/><G122/><T29/><D79/><U63/><E130/><V8/><F32/><W24/><G115/><T46/><D91/><U135/><E71/><V80/><F97/><W110/><G110/><N who="2" m="42601" /><F119/><W132/><G132/><T22/><D98/><U3/><E3/><V14/><F112/><W6/><G94/><T81/><D81/><U73/><E73/><V134/><F134/><W107/><G107/><T30/><D46/><U113/><E89/><N who="2" m="51335" /><F8/><N who="3" m="4247" /><G7/><T48/><D48/><U96/><E96/><V75/><F75/><W34/><G34/><T36/><D36/><U124/><E124/><V5/><F5/><W116/><G116/><T54/><D54/><U19/><E50/><V90/><F90/><W31/><G49/><T33/><D2/><U131/><E131/><V69/><F69/><W127/><G127/><T53/><D53/><U10/><E10/><V16/><F16/><W128/><G128/><T45/><D45/><U77/><E19/><V4/><F4/><W47/><G47/><T18/><D9/><U103/><E77/><V42/><F42/><N who="3" m="16491" /><G24/><N who="0" m="14383" /><D33/><U105/><E135/><V76/><F76/><W20/><G20/><T37/><D37/><U87/><E106/><V26/><F26/><W95/><G95/><T52/><D118/><U65/><E104/><V85/><F85/><W92/><G92/><T51/><D117/><U43/><E105/><V27/><F27/><W82/><G82/><T11/><D11/><RYUUKYOKU ba="0,0" sc="250,10,250,-30,250,10,250,10" hai0="18,22,25,29,30,51,52,74,78,83" hai2="12,14,55,58,61,62,68" hai3="28,31,57,66,88,93,99" /><INIT seed="0,1,0,0,5,21" ten="260,220,260,260" oya="0" hai0="104,67,68,14,77,9,134,43,88,64,129,35,80" hai1="40,63,13,86,85,107,73,59,8,120,28,62,45" hai2="16,89,65,94,48,90,50,56,125,108,92,130,84" hai3="118,51,93,39,105,57,135,87,24,44,101,18,29"/><T5/><D104/><U25/><E107/><V112/><F108/><W27/><G118/><T55/><D129/><U115/><E120/><V121/><F121/><W60/><G39/><T99/><D134/><U7/><E73/><V82/><F112/><W6/><G135/><T126/><D126/><U116/><E116/><V49/><F130/><W119/><G119/><T110/><D35/><U34/><E115/><V132/><F132/><W83/><G105/><T12/><D110/><U133/><E133/><V41/><F41/><N who="3" m="24975" /><G18/><T71/><D43/><U10/><E10/><V58/><F125/><W117/><G29/><T96/><D55/><U100/><E100/><V33/><F33/><W91/><G6/><T26/><D5/><U11/><E11/><V122/><F122/><W1/><G1/><T69/><D9/><U19/><E63/><V131/><F131/><W79/><G117/><T123/><D123/><U30/><E30/><V128/><F128/><W37/><G37/><T53/><D69/><U127/><E127/><V31/><F31/><W46/><G46/><T36/><D36/><U32/><E32/><V3/><F3/><W76/><G101/><T97/><D71/><U70/><E70/><V38/><F38/><W15/><G15/><T4/><D68/><U113/><E113/><V102/><F65/><N who="3" m="39055" /><G79/><T95/><D4/><U61/><E7/><V74/><F74/><W2/><G2/><T114/><D114/><U47/><E47/><V111/><F111/><W20/><G20/><T52/><D67/><N who="1" m="39359" /><E62/><V0/><F0/><W109/><G109/><T54/><D64/><RYUUKYOKU ba="1,0" sc="260,-15,220,15,260,-15,260,15" hai1="8,13,19,25,28,34,40,45,85,86" hai3="24,27,76,83,87,91,93" /><INIT seed="1,2,0,3,3,45" ten="245,235,245,275" oya="1" hai0="53,104,118,23,27,127,10,105,128,70,119,71,30" hai1="48,24,31,22,133,3,61,134,78,87,50,102,7" hai2="6,98,12,63,108,116,124,64,8,65,66,44,55" hai3="59,39,130,101,17,135,0,26,77,43,89,117,34"/><U73/><E73/><V110/><F116/><W67/><G0/><T18/><D128/><U25/><E102/><V21/><F124/><W91/><G130/><T4/><D127/><U33/><E3/><V35/><F35/><W29/><G117/><T42/><D119/><U111/><E7/><V56/><F98/><W28/><G77/><T95/><D118/><U113/><E113/><V96/><F96/><W20/><G101/><T40/><D95/><U36/><E111/><V126/><F126/><W46/><G135/><N who="1" m="51722" /><E61/><V2/><F2/><W109/><G109/><T115/><D115/><U60/><E60/><V131/><F131/><W5/><G5/><T15/><D53/><U1/><E1/><V82/><F110/><W85/><G34/><T62/><D4/><U16/><E36/><V92/><F108/><W9/><G9/><T99/><D62/><U41/><E41/><V103/><F103/><W123/><G67/><T106/><REACH who="0" step="1"/><D99/><REACH who="0" ten="235,235,245,275" step="2"/><U81/><AGARI ba="2,1" hai="16,22,24,25,31,33,48,50,78,81,87" m="51722" machi="81" ten="30,11700,0" yaku="20,1,52,2,54,1" doraHai="45" who="1" fromWho="1" sc="235,-41,235,133,245,-41,275,-41" /><INIT seed="1,3,0,4,0,56" ten="194,368,204,234" oya="1" hai0="35,93,84,85,48,47,96,106,36,122,88,99,97" hai1="90,118,39,75,69,5,13,77,101,125,12,109,7" hai2="65,64,91,0,30,100,41,18,128,4,43,45,26" hai3="62,73,89,16,44,120,135,103,78,55,127,21,2"/><U114/><E118/><V40/><F128/><W29/><G120/><T113/><D113/><U80/><E114/><V83/><F100/><W124/><G2/><T50/><D122/><U6/><E39/><V27/><F18/><W130/><G130/><T94/><D35/><U134/><E69/><V66/><F45/><W79/><G135/><T81/><D106/><U105/><E134/><V112/><F112/><W132/><G132/><T22/><D36/><U49/><E125/><N who="3" m="48202" /><G73/><T24/><D47/><U61/><E61/><V19/><F19/><W20/><G103/><T67/><D67/><U59/><E59/><V54/><F54/><W25/><G89/><T92/><REACH who="0" step="1"/><D84/><REACH who="0" ten="184,368,204,234" step="2"/><U119/><E105/><V95/><F64/><W28/><G44/><T38/><D38/><U121/><E121/><V123/><F65/><W32/><G32/><T76/><D76/><U58/><E77/><V46/><F66/><W15/><G79/><T71/><D71/><U126/><E126/><V107/><F46/><W117/><G78/><T14/><D14/><U23/><E12/><V8/><F107/><W111/><G117/><T37/><D37/><U57/><E13/><V17/><F123/><W53/><G55/><T9/><D9/><U10/><E10/><V110/><F8/><W68/><G53/><T11/><D11/><U33/><E33/><V116/><F116/><W104/><G68/><T131/><D131/><U31/><E119/><V72/><F72/><W129/><G104/><T42/><D42/><U70/><E75/><V74/><F74/><W108/><G129/><T102/><D102/><RYUUKYOKU ba="3,1" sc="184,30,368,-10,204,-10,234,-10" hai0="22,24,48,50,81,85,88,92,93,94,96,97,99" /><INIT seed="2,4,1,5,4,111" ten="214,358,194,224" oya="2" hai0="31,96,67,120,28,13,77,36,135,46,118,79,43" hai1="61,106,69,105,14,12,33,102,60,72,49,16,88" hai2="32,85,109,18,10,95,5,25,90,100,70,23,17" hai3="58,121,40,26,63,93,117,7,50,92,65,115,45"/><V97/><F109/><W27/><G117/><T29/><D120/><U91/><E33/><V56/><F70/><W8/><G121/><T54/><D118/><U132/><E72/><V80/><F32/><W110/><G110/><T103/><D135/><U59/><E106/><V53/><F5/><W84/><G115/><T113/><D67/><U108/><E108/><V130/><F130/><W73/><G73/><T37/><D37/><U134/><E12/><V4/><F4/><W112/><G112/><T66/><D113/><U131/><E131/><V87/><F87/><W47/><G47/><T71/><D54/><N who="1" m="32207" /><E69/><V127/><F127/><W78/><G93/><T3/><D13/><U64/><E64/><V128/><F128/><W76/><G92/><T68/><D3/><U101/><E105/><V51/><REACH who="2" step="1"/><F10/><REACH who="2" ten="214,358,184,224" step="2"/><W89/><G8/><T57/><D71/><U81/><E134/><V21/><F21/><W98/><G7/><T24/><D68/><U44/><E132/><V74/><F74/><W41/><G84/><T11/><D11/><U55/><E81/><V0/><F0/><W114/><G114/><T22/><D22/><U116/><E116/><V35/><F35/><W38/><G78/><T20/><D79/><U6/><E6/><V30/><AGARI ba="4,2" hai="17,18,23,25,30,51,53,56,80,85,90,95,97,100" machi="30" ten="20,7800,0" yaku="1,1,0,1,7,1,8,1,53,0" doraHai="111" doraHaiUra="104" who="2" fromWho="2" sc="214,-30,358,-30,184,110,224,-30" /><INIT seed="2,5,0,2,1,94" ten="184,328,294,194" oya="2" hai0="25,51,104,3,115,90,58,84,112,77,54,81,89" hai1="69,73,38,76,45,13,87,44,64,117,98,135,97" hai2="1,107,86,134,52,108,71,14,32,37,72,75,40" hai3="116,30,23,126,130,27,127,60,123,47,122,43,12"/><V118/><RYUUKYOKU type="yao9" ba="5,0" sc="184,0,328,0,294,0,194,0" hai2="1,14,32,37,40,52,71,72,75,86,107,108,118,134" /><INIT seed="2,6,0,2,0,10" ten="184,328,294,194" oya="2" hai0="76,82,124,3,41,68,123,85,7,67,24,107,54" hai1="118,38,5,112,120,66,60,110,58,45,129,113,48" hai2="52,16,40,15,105,47,77,28,27,116,31,108,73" hai3="56,46,65,106,98,79,135,99,91,84,92,111,1"/><V115/><F105/><W14/><G1/><T18/><D123/><U119/><E5/><V29/><F116/><N who="1" m="44585" /><E129/><V78/><F115/><N who="1" m="44105" /><E38/><V133/><F108/><W8/><G111/><T64/><D41/><N who="1" m="24623" /><E110/><V35/><F133/><W134/><G46/><T59/><D107/><U50/><E50/><N who="2" m="28767" /><F73/><W55/><G65/><T83/><D7/><U37/><E37/><V87/><F35/><W86/><G106/><T62/><D3/><U33/><E33/><V122/><F122/><AGARI ba="6,0" hai="58,60,66,120,122" m="24623,44105,44585" machi="122" ten="40,2600,0" yaku="34,2" doraHai="10" who="1" fromWho="2" sc="184,0,328,44,294,-44,194,0" /><INIT seed="3,0,0,4,3,132" ten="184,372,250,194" oya="3" hai0="90,129,53,39,98,120,114,99,26,10,9,51,43" hai1="124,30,101,54,12,133,11,77,57,106,134,31,24" hai2="93,37,88,127,3,71,73,23,131,17,84,85,102" hai3="110,83,44,104,108,80,111,86,2,128,7,121,65"/><W91/><G121/><T115/><D120/><U40/><E106/><V117/><F117/><W18/><G104/><T20/><D39/><U70/><E101/><V58/><F71/><W130/><G65/><T67/><D43/><U76/><E70/><V0/><F37/><W28/><G28/><T5/><D67/><U34/><E124/><V125/><F73/><W78/><G18/><N who="0" m="12567" /><D129/><N who="3" m="49769" /><G44/><N who="0" m="27879" /><D90/><U79/><E40/><V36/><F36/><W87/><G7/><T25/><D25/><U94/><E31/><V16/><F131/><W4/><G4/><T123/><D123/><U95/><E11/><N who="0" m="4105" /><D5/><U49/><REACH who="1" step="1"/><E12/><REACH who="1" ten="184,362,250,194" step="2"/><N who="2" m="9607" /><F17/><W103/><G103/><T45/><D115/><U27/><E27/><V22/><F102/><W52/><G52/><T50/><D114/><U119/><E119/><V46/><F46/><W1/><AGARI ba="0,1" hai="1,2,78,80,83,86,87,91,108,110,111" m="49769" machi="1" ten="40,7800,0" yaku="14,1,10,1,19,1" doraHai="132" who="3" fromWho="3" sc="184,-26,362,-26,250,-26,194,88" /><INIT seed="3,1,0,2,1,32" ten="158,336,224,282" oya="3" hai0="50,63,18,49,42,119,43,16,71,116,93,130,52" hai1="105,62,21,34,95,81,66,8,28,44,132,92,117" hai2="30,109,122,9,67,17,37,39,15,134,120,114,99" hai3="76,65,94,121,108,64,100,111,85,97,59,41,135"/><W1/><G121/><N who="2" m="46697" /><F114/><W7/><G135/><T23/><D130/><U91/><E105/><V131/><F134/><W40/><G76/><T54/><D63/><U82/><E132/><V126/><F131/><W115/><G115/><T77/><D77/><U88/><E34/><V51/><F109/><N who="3" m="42059" /><G85/><T74/><D93/><U31/><E8/><V101/><F126/><W0/><G7/><T27/><D71/><U103/><E103/><V128/><F128/><W56/><G56/><T3/><D27/><U125/><E44/><V33/><F67/><N who="3" m="25675" /><G59/><T38/><D74/><U10/><E125/><V133/><F133/><W25/><G25/><T69/><D69/><U68/><E117/><V127/><F127/><W96/><G97/><T83/><D38/><U106/><E68/><V11/><F51/><W112/><G112/><T35/><D83/><U45/><E66/><V123/><N who="2" m="46705" /><V75/><DORA hai="84" /><F75/><W98/><G98/><T80/><D80/><U29/><E81/><V46/><F46/><W89/><G100/><T19/><D116/><U12/><E45/><V57/><F57/><W72/><G72/><T5/><D119/><U26/><E82/><V2/><F30/><W102/><G102/><T6/><D49/><U90/><E62/><V87/><F33/><W24/><G24/><T129/><D35/><U4/><E106/><N who="2" m="63807" /><F87/><W53/><G53/><T60/><D129/><U58/><E58/><V47/><F47/><W118/><G118/><T79/><D54/><U86/><E86/><V22/><F22/><W61/><G61/><T124/><D60/><U73/><E73/><RYUUKYOKU ba="1,0" sc="158,-30,336,10,224,10,282,10" hai1="4,10,12,21,26,28,29,31,88,90,91,92,95" hai2="2,9,11,15,17,37,39" hai3="0,1,40,41,89,94,96" /><INIT seed="3,2,0,5,1,38" ten="128,346,234,292" oya="3" hai0="12,48,56,133,114,83,84,10,71,77,39,86,93" hai1="109,67,64,2,88,70,130,96,54,63,90,97,79" hai2="58,132,55,9,129,101,87,81,124,110,74,69,59" hai3="108,44,61,22,95,80,53,102,75,122,23,47,5"/><W106/><G122/><T31/><D71/><U1/><E109/><V37/><F37/><W121/><G121/><T68/><D68/><U100/><E130/><V104/><F74/><W117/><G106/><T65/><D39/><U34/><E70/><V0/><F69/><W112/><G117/><T123/><D123/><U4/><E79/><V35/><F35/><W24/><G108/><T60/><D133/><U78/><E78/><V115/><F59/><N who="3" m="35055" /><G75/><T7/><D114/><U76/><E76/><V111/><F115/><W50/><G112/><T119/><D119/><U92/><E34/><V11/><F11/><W14/><G80/><T52/><D31/><U27/><E4/><V49/><F129/><W30/><G50/><T113/><D113/><U85/><E63/><V94/><F104/><W21/><G21/><T116/><D116/><U134/><E134/><V8/><F8/><N who="3" m="4367" /><G23/><T3/><D3/><U127/><E2/><V135/><F110/><W66/><G66/><T72/><REACH who="0" step="1"/><D93/><REACH who="0" ten="118,346,234,292" step="2"/><U120/><E92/><V73/><F111/><W45/><G95/><T82/><D82/><U91/><E120/><V128/><F132/><W32/><G32/><T41/><D41/><U105/><E105/><V20/><F135/><W40/><G40/><T43/><D43/><U126/><E1/><V36/><F36/><W103/><AGARI ba="2,1" hai="22,24,30,44,45,47,102,103" m="4367,35055" machi="103" ten="30,1500,0" yaku="8,1" doraHai="38" who="3" fromWho="3" sc="118,-7,346,-7,234,-7,292,31" /><INIT seed="3,3,0,0,0,41" ten="111,339,227,323" oya="3" hai0="88,95,12,133,87,123,104,114,16,119,127,69,28" hai1="73,79,105,85,96,31,46,0,50,67,13,98,30" hai2="52,61,106,118,40,80,89,83,7,94,72,4,76" hai3="3,27,53,49,62,86,107,108,126,37,39,57,24"/><W54/><G107/><T35/><D123/><U9/><E0/><V124/><F106/><W58/><G3/><T71/><D119/><U116/><E116/><V121/><F118/><W22/><G126/><T36/><D104/><U29/><E73/><V101/><F101/><W2/><G2/><T63/><D36/><U65/><E105/><V15/><F124/><W19/><G108/><T100/><D127/><U34/><E34/><V6/><F121/><W43/><G43/><T129/><D100/><U102/><E102/><V14/><F83/><W33/><REACH who="3" step="1"/><G86/><REACH who="3" ten="111,339,227,313" step="2"/><T48/><D87/><U42/><E85/><V103/><F40/><W97/><G97/><N who="1" m="37482" /><E79/><V128/><F103/><W10/><G10/><T93/><D88/><U1/><E1/><V110/><F110/><W18/><G18/><AGARI ba="3,1" hai="9,13,18,29,30,31,42,46,50,65,67" m="37482" machi="18" ten="30,2000,0" yaku="8,1,52,1" doraHai="41" who="1" fromWho="3" sc="111,0,339,39,227,0,313,-29" /><INIT seed="4,0,0,3,0,15" ten="111,378,227,284" oya="0" hai0="49,118,101,38,74,32,96,4,120,119,12,127,34" hai1="63,91,30,59,36,1,97,11,128,68,56,76,72" hai2="17,104,29,108,102,95,112,10,13,7,67,98,45" hai3="116,48,0,132,8,92,5,23,99,37,133,85,100"/><T126/><D38/><U113/><E36/><V110/><F112/><W20/><G37/><T21/><D74/><U51/><E128/><V52/><F67/><W129/><G116/><N who="0" m="44587" /><D49/><U93/><E113/><V122/><F122/><W123/><G129/><T65/><D65/><U69/><E30/><V16/><F104/><W24/><G123/><T87/><D87/><U64/><E1/><V80/><F29/><W58/><G85/><T114/><D120/><U9/><E69/><V35/><F35/><N who="0" m="13354" /><D114/><U124/><E68/><V109/><REACH who="2" step="1"/><F80/><REACH who="2" ten="111,378,217,284" step="2"/><W31/><G31/><T44/><D127/><U106/><E124/><V25/><F25/><W75/><G24/><T125/><D126/><U111/><E106/><V28/><F28/><W41/><G132/><T55/><D125/><U18/><E64/><V2/><F2/><W78/><G133/><T79/><D79/><U70/><E76/><V83/><F83/><W77/><G78/><T53/><D12/><U66/><E66/><V50/><AGARI ba="0,1" hai="7,10,13,16,17,45,50,52,95,98,102,108,109,110" machi="50" ten="40,16000,3" yaku="1,1,0,1,52,2,54,2,53,2" doraHai="15" doraHaiUra="14" who="2" fromWho="2" sc="111,-80,378,-40,217,170,284,-40" /><INIT seed="5,0,0,2,0,21" ten="31,338,387,244" oya="1" hai0="0,17,8,46,94,39,97,84,75,124,73,4,74" hai1="42,71,78,3,37,134,9,80,120,111,127,60,7" hai2="65,115,81,30,76,110,123,98,114,99,85,45,132" hai3="116,119,47,27,86,105,56,126,54,49,125,28,36"/><U93/><E120/><V101/><F110/><W44/><G105/><T41/><D84/><U24/><E134/><V58/><F123/><W103/><G103/><T33/><D17/><U68/><E127/><N who="3" m="48650" /><G86/><T20/><D124/><U48/><E111/><V135/><F30/><W32/><G36/><T66/><D20/><U106/><E93/><V87/><F45/><AGARI ba="0,0" hai="27,28,32,44,45,47,49,54,56,116,119" m="48650" machi="45" ten="30,2000,0" yaku="18,1,52,1" doraHai="21" who="3" fromWho="2" sc="31,0,338,0,387,-20,244,20" /><INIT seed="6,0,0,5,0,36" ten="31,338,367,264" oya="2" hai0="64,71,33,81,83,112,39,122,11,20,5,67,16" hai1="30,132,65,99,91,13,79,1,55,74,44,10,111" hai2="56,100,62,59,49,109,23,95,131,88,9,22,47" hai3="101,18,51,66,0,4,63,130,116,54,27,114,133"/><V77/><F131/><W135/><G116/><T43/><D122/><U50/><E111/><V2/><F109/><W25/><G130/><T70/><D33/><U32/><E132/><N who="3" m="50762" /><G114/><T85/><D112/><U113/><E113/><V121/><F121/><W134/><N who="3" m="50770" /><W61/><DORA hai="97" /><G101/><T3/><D71/><U52/><E1/><V72/><F72/><W31/><G18/><T87/><D70/><U68/><E74/><V73/><F73/><W110/><G110/><T108/><D108/><U129/><E79/><V78/><F100/><W35/><G66/><T14/><D85/><U120/><E120/><V124/><F124/><W92/><G25/><T34/><D83/><U45/><E129/><V26/><F9/><N who="3" m="2183" /><G92/><T96/><D34/><U17/><E65/><N who="2" m="39111" /><F59/><AGARI ba="0,0" hai="27,31,35,51,54,59,61,63" m="2183,50770" machi="59" ten="40,1300,0" yaku="20,1" doraHai="36,97" who="3" fromWho="2" sc="31,0,338,0,367,-13,264,13" /><INIT seed="7,0,0,1,2,24" ten="31,338,354,277" oya="3" hai0="121,21,85,104,89,36,5,115,96,78,0,74,61" hai1="63,130,46,58,117,50,49,13,54,27,59,44,114" hai2="8,40,71,118,119,32,34,57,124,16,69,123,109" hai3="52,29,26,126,108,125,120,88,93,11,43,91,76"/><W60/><G120/><T39/><D21/><U18/><E114/><V92/><F109/><W94/><G108/><T79/><D121/><U42/><E130/><V2/><F123/><W72/><G43/><T47/><D115/><U55/><E117/><V48/><F124/><N who="3" m="47723" /><G11/><T23/><D23/><U68/><E68/><V77/><F77/><W9/><G9/><T133/><D133/><U30/><E63/><V116/><F92/><N who="3" m="35435" /><G76/><T35/><D85/><U51/><E51/><V1/><F57/><N who="3" m="34855" /><G72/><T134/><D89/><U127/><E127/><V19/><F8/><W37/><G37/><T17/><D61/><U22/><E42/><V112/><F112/><W102/><G102/><T110/><D47/><U95/><E95/><V15/><F48/><W113/><G113/><T106/><D110/><U67/><E67/><V128/><F40/><W103/><G103/><T131/><D74/><U65/><E65/><V87/><F87/><W82/><G82/><T99/><D134/><U122/><E122/><V41/><F41/><W64/><G64/><T98/><D98/><U14/><E14/><V80/><F15/><W66/><G66/><T28/><D99/><U31/><E13/><V132/><F132/><W53/><G53/><T20/><D96/><U107/><E107/><N who="0" m="41001" /><D39/><U97/><E97/><V10/><F10/><W38/><G38/><T73/><D36/><U7/><E7/><V33/><F80/><W62/><G62/><T111/><D111/><U84/><E84/><V3/><F128/><W81/><G81/><T45/><D131/><U75/><E75/><V70/><AGARI ba="0,0" hai="1,2,3,16,19,32,33,34,69,70,71,116,118,119" machi="70" ten="60,32000,5" yakuman="40" doraHai="24" who="2" fromWho="2" sc="31,-80,338,-80,354,320,277,-160" owari="-49,-54.9,258,5.8,674,77.4,117,-28.3" /></mjloggm>