<mjloggm ver="2.3"><GO type="169" lobby="0"/><UN n0="%4B%65%76%31%6E" n1="%E8%80%81%E6%A5%BD" n2="%E6%8E%A2%39" n3="%50%65%74%65%72%50%61%6E" dan="17,17,17,17" rate="2186.81,2227.36,2189.76,2207.25" sx="M,M,M,M"/><TAIKYOKU oya="0"/><INIT seed="0,0,0,0,4,44" ten="250,250,250,250" oya="0" hai0="15,76,45,61,98,50,134,122,109,9,3,66,89" hai1="12,96,93,60,77,123,58,59,127,53,31,1,6" hai2="48,114,94,52,42,91,41,87,115,0,35,130,33" hai3="78,43,85,106,112,65,27,135,97,39,120,133,14"/><T64/><D122/><U116/><E116/><V132/><F0/><W32/><G112/><T16/><D3/><U40/><E127/><V47/><F132/><W23/><G120/><T80/><D134/><N who="3" m="51209" /><G14/><T131/><D131/><U118/><E118/><V13/><F130/><W37/><G32/><T105/><D109/><U72/><E40/><V46/><F41/><W17/><G65/><T102/><D61/><U119/><E31/><V56/><F46/><N who="3" m="23919" /><G39/><T7/><D7/><U95/><E12/><V62/><REACH who="2" step="1"/><F13/><REACH who="2" ten="250,250,240,250" step="2"/><W67/><G67/><T24/><D24/><U21/><E1/><V121/><F121/><W49/><G49/><T71/><D71/><U113/><E123/><V99/><F99/><W81/><G106/><T82/><D66/><U92/><E96/><AGARI ba="0,1" hai="17,23,27,78,81,85,96,97" m="23919,51209" machi="96" ten="30,1000,0" yaku="20,1" doraHai="44" who="3" fromWho="1" sc="250,0,250,-10,240,0,250,20" /><INIT seed="1,0,0,2,4,133" ten="250,240,240,270" oya="1" hai0="78,75,134,16,92,121,21,90,38,61,98,77,35" hai1="36,89,95,66,126,0,74,104,64,94,39,25,127" hai2="31,72,24,13,65,114,86,32,69,71,43,120,68" hai3="112,129,53,119,49,113,85,4,2,96,8,22,123"/><U128/><E104/><V46/><F120/><W11/><G123/><T105/><D35/><U5/><E74/><V97/><F72/><W30/><G129/><T45/><D121/><U55/><E128/><V103/><F114/><W18/><G119/><T118/><D118/><U115/><E115/><V73/><F73/><W52/><G53/><T101/><D134/><U41/><E55/><V56/><F86/><W47/><G30/><T79/><D75/><U26/><E5/><V82/><F82/><W116/><G116/><T130/><D130/><U20/><E0/><V40/><F13/><W44/><G44/><T33/><D33/><U67/><E41/><V14/><F14/><W7/><G96/><T125/><D61/><U88/><E67/><V80/><F80/><W81/><G22/><AGARI ba="0,0" hai="20,22,25,26,36,39,64,66,88,89,94,95,126,127" machi="22" ten="25,12000,1" yaku="22,2,52,2,54,1" doraHai="133" who="1" fromWho="3" sc="250,0,240,120,240,0,270,-120" /><INIT seed="1,1,0,2,4,13" ten="250,360,240,150" oya="1" hai0="96,85,20,52,98,33,37,77,35,39,11,67,69" hai1="15,129,74,28,12,78,73,88,106,90,54,102,133" hai2="103,48,23,42,76,111,135,18,56,72,59,26,55" hai3="19,131,87,43,124,125,123,2,9,60,115,119,30"/><U116/><E116/><V24/><F111/><W71/><G123/><T21/><D69/><U70/><E70/><V68/><F68/><W132/><G115/><T101/><D67/><U40/><E40/><V126/><F126/><W50/><G119/><T109/><D11/><U107/><E28/><V17/><F135/><W41/><G30/><T127/><D77/><U29/><E29/><V3/><F3/><W6/><G132/><T94/><D85/><U91/><E133/><V108/><F108/><W110/><G110/><T46/><D109/><U5/><E129/><V128/><F128/><W81/><G131/><T34/><D127/><N who="3" m="48713" /><G50/><T47/><D98/><U51/><E102/><V121/><F121/><W4/><G4/><T53/><D39/><U83/><E74/><V7/><F7/><W44/><G44/><T27/><D37/><U25/><E25/><V113/><F103/><W16/><G43/><T62/><D27/><U61/><E61/><V22/><F42/><W97/><G97/><T120/><D120/><U58/><REACH who="1" step="1"/><E5/><REACH who="1" ten="250,350,240,150" step="2"/><V104/><F72/><W10/><G41/><T49/><D62/><U63/><E63/><V84/><F113/><W122/><G122/><T95/><D95/><U32/><E32/><V118/><F118/><W130/><G130/><T86/><D34/><U79/><E79/><V93/><F76/><N who="3" m="46503" /><G9/><T114/><D114/><U100/><E100/><V134/><F134/><W66/><AGARI ba="1,1" hai="2,6,10,16,19,60,66,71" m="46503,48713" machi="66" ten="30,7900,0" yaku="18,1,52,2,54,1" doraHai="13" who="3" fromWho="3" sc="250,-21,350,-40,240,-21,150,92" /><INIT seed="2,0,0,0,1,82" ten="229,310,219,242" oya="2" hai0="69,42,94,135,28,68,1,23,61,119,99,121,90" hai1="65,9,88,133,103,95,37,34,102,108,128,36,85" hai2="124,24,86,7,130,107,74,112,5,122,100,67,25" hai3="40,55,13,91,51,30,81,16,73,22,26,53,75"/><V33/><F74/><W39/><G39/><T110/><D121/><U71/><E34/><V43/><F122/><W46/><G75/><T87/><D1/><U125/><E108/><V38/><F112/><W70/><G70/><T97/><D110/><U11/><E125/><V8/><F124/><W54/><G73/><T0/><D0/><U21/><E128/><V111/><F130/><W32/><G32/><T62/><D135/><U6/><E133/><V19/><F111/><W78/><G78/><T66/><D119/><U113/><E113/><V63/><F43/><W60/><G60/><T120/><D120/><U104/><E21/><V106/><F38/><W56/><G56/><T89/><D42/><U92/><E104/><V132/><F107/><W79/><G79/><T35/><D35/><U64/><E6/><V18/><F86/><N who="3" m="50639" /><G13/><T50/><D50/><U127/><E127/><V115/><F115/><W114/><G114/><T49/><D49/><U131/><E131/><V47/><F47/><W72/><G72/><T45/><D45/><U12/><E12/><N who="2" m="7431" /><F132/><W59/><G59/><T93/><D68/><U14/><E71/><N who="2" m="42495" /><F24/><W41/><G41/><T109/><D109/><U4/><E14/><V10/><F10/><W27/><G27/><T126/><D126/><U20/><E4/><V77/><F77/><W48/><G48/><T3/><D3/><U2/><E2/><V29/><F19/><AGARI ba="0,0" hai="16,19,22,26,30,40,46,51,53,54,55" m="50639" machi="19" ten="30,3900,0" yaku="8,1,52,1,54,1" doraHai="82" who="3" fromWho="2" sc="229,0,310,0,219,-39,242,39" /><INIT seed="3,0,0,0,2,71" ten="229,310,180,281" oya="3" hai0="121,38,132,65,2,128,92,107,118,98,45,83,54" hai1="96,97,26,102,105,10,35,120,122,119,80,111,116" hai2="78,30,126,14,55,130,88,75,61,67,93,43,84" hai3="127,108,32,15,17,77,18,46,40,59,19,36,70"/><W95/><G70/><T29/><D118/><N who="1" m="45099" /><E10/><V99/><F130/><W37/><G127/><T25/><D121/><N who="1" m="46699" /><E26/><V50/><F126/><W44/><G32/><T24/><D128/><U60/><E60/><V117/><F117/><W11/><G108/><T33/><D2/><U16/><E16/><V20/><F43/><W114/><G114/><T9/><D65/><U113/><E35/><V28/><F75/><W82/><G95/><T74/><D9/><U87/><E111/><V42/><F42/><W0/><G0/><T21/><D54/><U52/><E52/><V39/><F39/><W48/><G59/><T133/><D45/><U57/><E57/><N who="2" m="37295" /><F14/><W85/><REACH who="3" step="1"/><G44/><REACH who="3" ten="229,310,180,271" step="2"/><T100/><D33/><U13/><E113/><V31/><F20/><W63/><G63/><T110/><D110/><U86/><E13/><V129/><F129/><W81/><G81/><T12/><D12/><U91/><E80/><N who="2" m="47127" /><F28/><W124/><G124/><T51/><D29/><U7/><E7/><AGARI ba="0,1" hai="7,11,15,17,18,19,36,37,40,46,48,77,82,85" machi="7" ten="40,12000,1" yaku="1,1,25,2,52,2,53,0" doraHai="71" doraHaiUra="53" who="3" fromWho="1" sc="229,0,310,-120,180,0,271,130" /><INIT seed="3,1,0,0,2,36" ten="229,190,180,401" oya="3" hai0="129,52,1,105,64,99,132,86,69,119,25,118,87" hai1="51,68,0,30,47,101,111,79,93,38,32,112,107" hai2="104,42,83,22,75,95,128,109,53,27,18,94,39" hai3="6,110,54,124,24,35,88,116,3,73,26,97,45"/><W63/><G116/><T60/><D1/><U102/><E93/><V8/><F104/><W50/><G73/><T85/><D129/><U67/><E51/><V82/><F109/><W98/><G124/><T123/><D123/><U103/><E102/><V29/><F128/><W31/><G110/><T113/><D132/><U71/><E103/><V23/><F53/><W89/><G26/><T41/><D113/><U115/><E79/><V55/><F8/><W74/><G74/><T44/><D105/><U48/><E48/><V108/><F108/><W62/><G6/><T20/><D99/><N who="1" m="61887" /><E0/><V19/><F29/><W10/><G10/><T14/><D14/><U114/><E111/><V133/><F133/><W127/><G3/><T66/><D66/><U9/><E9/><V122/><F55/><W84/><G127/><T57/><D64/><U91/><E91/><V131/><F131/><W16/><G16/><T37/><REACH who="0" step="1"/><D69/><REACH who="0" ten="219,190,180,401" step="2"/><U135/><E135/><V34/><F122/><W2/><G2/><T70/><D70/><U106/><E106/><V56/><F27/><W17/><G98/><T72/><D72/><U13/><E13/><V49/><F75/><W134/><G134/><T15/><D15/><U80/><E67/><V28/><F34/><W81/><G97/><T125/><D125/><U96/><E96/><V130/><F130/><W120/><G120/><T58/><D58/><U43/><E80/><V11/><F83/><W65/><G81/><T33/><D33/><U4/><E4/><V90/><F82/><W78/><G35/><T126/><D126/><U40/><E32/><RYUUKYOKU ba="1,1" sc="219,30,190,-10,180,-10,401,-10" hai0="20,25,37,41,44,52,57,60,85,86,87,118,119" /><INIT seed="4,2,1,0,4,41" ten="249,180,170,391" oya="0" hai0="58,25,4,6,108,48,66,87,126,111,106,105,74" hai1="2,54,5,85,56,97,3,15,122,8,90,43,52" hai2="99,115,128,0,84,119,82,78,47,132,30,118,27" hai3="103,70,14,117,81,80,134,51,13,130,39,79,113"/><T24/><D74/><U131/><E122/><V64/><F0/><W55/><G39/><T50/><D87/><U67/><E131/><V62/><F128/><W100/><G130/><T34/><D66/><U17/><E43/><V16/><F115/><W36/><G36/><T35/><REACH who="0" step="1"/><D58/><REACH who="0" ten="239,180,170,391" step="2"/><U76/><E67/><V32/><F132/><W20/><G134/><T127/><AGARI ba="2,2" hai="4,6,24,25,34,35,48,50,105,106,108,111,126,127" machi="127" ten="25,12000,1" yaku="1,1,2,1,0,1,22,2,53,0" doraHai="41" doraHaiUra="37" who="0" fromWho="0" sc="239,146,180,-42,170,-42,391,-42" /><INIT seed="4,3,0,2,2,45" ten="385,138,128,349" oya="0" hai0="126,31,33,111,9,83,20,89,25,38,125,103,29" hai1="120,21,86,77,96,58,70,14,132,24,54,57,130" hai2="49,30,116,124,23,115,53,135,26,11,82,3,32" hai3="112,46,18,100,16,122,75,4,88,85,110,37,19"/><T119/><D119/><U0/><E0/><V41/><F116/><W90/><G75/><T34/><D38/><U101/><E70/><V50/><F115/><W67/><G110/><T128/><D103/><U36/><E36/><V84/><F124/><N who="0" m="47722" /><D83/><U6/><E120/><V93/><F135/><W91/><G112/><T64/><D64/><U68/><E68/><V56/><F32/><N who="0" m="12394" /><D89/><U35/><E35/><V28/><F93/><W52/><G122/><T1/><D128/><U48/><E130/><V2/><F11/><W131/><G131/><T66/><D66/><U63/><E132/><V22/><F22/><W113/><G113/><T107/><D107/><U102/><E77/><N who="2" m="46159" /><F2/><W106/><G67/><T55/><D55/><U15/><E86/><V59/><F3/><W8/><G100/><T97/><D97/><U118/><E118/><V27/><F41/><W44/><G106/><T13/><D1/><U69/><E69/><V10/><F59/><W95/><G37/><T65/><D65/><N who="1" m="39151" /><E102/><V117/><F117/><W133/><G133/><T51/><D111/><U92/><E6/><V99/><F99/><W62/><G46/><T7/><D51/><N who="2" m="19466" /><F10/><W72/><G72/><T5/><D5/><U127/><E127/><V78/><F78/><W43/><G43/><T121/><D121/><U79/><E79/><V94/><F94/><W104/><G104/><T71/><D71/><U76/><E76/><V109/><F109/><W12/><G44/><T74/><D74/><U61/><E61/><N who="2" m="35983" /><F27/><W114/><G114/><T129/><D129/><U81/><E81/><V123/><F123/><RYUUKYOKU ba="3,0" sc="385,0,138,0,128,0,349,0" hai0="7,9,13,20,25,29,31" hai1="14,15,21,24,48,54,58,92,96,101" hai2="23,26,28,30" hai3="4,8,12,16,18,19,52,62,85,88,90,91,95" /><INIT seed="4,4,0,5,4,0" ten="385,138,128,349" oya="0" hai0="103,105,109,8,131,4,49,86,12,58,52,2,10" hai1="16,1,77,30,48,47,122,74,70,123,84,116,111" hai2="127,61,34,96,5,38,78,124,107,46,133,75,120" hai3="132,126,108,63,59,90,66,18,125,40,25,130,44"/><T3/><D131/><U57/><E70/><V88/><F120/><W69/><G108/><T94/><D109/><U95/><E111/><V23/><F34/><W31/><G18/><T134/><D134/><U55/><E116/><V43/><F133/><W15/><G15/><T83/><D105/><U36/><E30/><V32/><F32/><W68/><G90/><T89/><REACH who="0" step="1"/><D10/><REACH who="0" ten="375,138,128,349" step="2"/><U81/><E122/><V56/><F107/><W64/><G130/><T39/><D39/><U45/><E36/><V117/><F38/><N who="3" m="21527" /><G132/><T53/><D53/><U87/><E123/><V37/><F37/><W104/><G104/><T82/><D82/><U114/><E81/><V42/><F43/><W35/><G66/><T71/><D71/><U113/><E55/><V20/><F42/><W80/><G80/><T11/><D11/><U60/><E113/><V62/><F117/><W24/><G68/><T65/><D65/><U22/><E114/><V50/><F127/><W17/><G69/><T33/><D33/><U119/><E119/><V72/><F124/><W67/><G64/><T97/><AGARI ba="4,1" hai="2,3,4,8,12,49,52,58,83,86,89,94,97,103" machi="97" ten="30,12000,1" yaku="1,1,0,1,52,1,54,1,53,1" doraHai="0" doraHaiUra="79" who="0" fromWho="0" sc="375,142,138,-44,128,-44,349,-44" /><INIT seed="4,5,0,0,5,43" ten="517,94,84,305" oya="0" hai0="117,44,68,106,119,69,7,81,124,101,35,61,20" hai1="112,54,109,134,48,36,129,18,93,63,126,55,47" hai2="133,115,9,29,49,98,21,94,23,40,130,122,77" hai3="19,62,34,51,96,132,102,76,56,24,75,38,27"/><T46/><D35/><U74/><E74/><V89/><F122/><W113/><G38/><T91/><D7/><U3/><E3/><V135/><F115/><W58/><G113/><T121/><D121/><U88/><E112/><V87/><F130/><W33/><G132/><N who="2" m="50761" /><F9/><W86/><G75/><T118/><D124/><U45/><E134/><V120/><F120/><W52/><G86/><T16/><D101/><U105/><E105/><V131/><F131/><W39/><G76/><T125/><D106/><U28/><E129/><V13/><F13/><W64/><G39/><T26/><D125/><U57/><E109/><V104/><F29/><W103/><G103/><T108/><D108/><U85/><E126/><V59/><F104/><W25/><REACH who="3" step="1"/><G19/><REACH who="3" ten="517,94,84,295" step="2"/><T83/><D69/><U90/><E36/><V2/><F77/><W92/><AGARI ba="5,1" hai="24,25,27,33,34,51,52,56,58,62,64,92,96,102" machi="92" ten="30,7900,0" yaku="1,1,2,1,0,1,54,1,53,0" doraHai="43" doraHaiUra="80" who="3" fromWho="3" sc="517,-44,94,-25,84,-25,295,104" /><INIT seed="5,0,0,4,3,76" ten="473,69,59,399" oya="1" hai0="117,36,17,50,21,33,54,25,131,56,70,64,15" hai1="35,42,129,8,26,58,61,13,75,115,116,19,38" hai2="24,120,57,0,71,59,84,86,80,29,81,53,85" hai3="74,112,82,6,28,126,47,68,113,49,63,134,48"/><U102/><E116/><V23/><F120/><W62/><G28/><T96/><D117/><U90/><E115/><N who="3" m="44106" /><G6/><T104/><D36/><U55/><E129/><V69/><F0/><W88/><G126/><T125/><D125/><U93/><E75/><V27/><F27/><W66/><G134/><T9/><D131/><U77/><E77/><V51/><REACH who="2" step="1"/><F57/><REACH who="2" ten="473,69,49,399" step="2"/><W32/><G32/><T83/><D25/><U110/><E110/><V11/><F11/><W101/><G101/><T122/><D9/><U16/><E102/><V106/><F106/><W128/><G128/><T31/><D104/><U97/><E35/><V37/><F37/><W5/><G5/><T103/><D33/><U34/><E34/><V40/><F40/><W52/><G49/><T124/><D122/><U127/><E127/><V78/><F78/><N who="3" m="44375" /><G63/><T2/><D124/><U123/><E123/><V3/><F3/><W132/><G132/><T87/><D2/><U45/><E26/><V99/><F99/><W67/><G67/><T46/><D96/><U94/><REACH who="1" step="1"/><E93/><REACH who="1" ten="473,59,49,399" step="2"/><V41/><F41/><W98/><G98/><T44/><D103/><U73/><E73/><V7/><F7/><AGARI ba="0,2" hai="7,8,13,16,19,38,42,45,55,58,61,90,94,97" machi="7" ten="30,12000,1" yaku="1,1,7,1,54,1,53,2" doraHai="76" doraHaiUra="14" who="1" fromWho="2" sc="473,0,59,140,49,-120,399,0" owari="473,57.3,199,-20.1,-71,-57.1,399,19.9" /></mjloggm>