<mjloggm ver="2.3"><GO type="169" lobby="0"/><UN n0="%E8%A3%8F%E7%9F%A5%E3%82%89%E3%81%9A" n1="%E3%82%A2%E3%83%A9%E3%82%B5%E3%83%BC%E3%81%A0%E3%82%88%21%21" n2="%E6%99%82%E8%A8%88%E5%9D%82%E9%9B%B6" n3="%E4%BA%9C%E6%9C%88" dan="17,18,16,17" rate="2200.95,2231.62,2157.11,2174.86" sx="M,F,M,M"/><TAIKYOKU oya="0"/><INIT seed="0,0,0,1,2,64" ten="250,250,250,250" oya="0" hai0="22,38,57,34,50,106,39,99,122,98,104,75,48" hai1="94,88,90,117,44,43,40,95,26,62,36,109,25" hai2="61,28,103,29,47,55,124,58,127,24,91,108,56" hai3="11,69,65,8,23,31,33,78,3,125,85,74,67"/><T37/><D75/><U112/><E117/><V49/><F103/><W7/><G125/><N who="2" m="48201" /><F108/><W115/><G115/><T9/><D34/><U60/><E109/><V10/><F10/><W96/><G74/><T1/><D22/><U4/><E44/><V123/><F123/><W97/><G33/><T84/><D84/><U5/><REACH who="1" step="1"/><E36/><REACH who="1" ten="250,240,250,250" step="2"/><V100/><F47/><W16/><G3/><T77/><D38/><U66/><E66/><N who="2" m="39207" /><F100/><W14/><G67/><T113/><D39/><U86/><E86/><V101/><F101/><W120/><G85/><T119/><D37/><U6/><E6/><V83/><F83/><W89/><G65/><T71/><D1/><U53/><E53/><V134/><F134/><W17/><G7/><T41/><D99/><U135/><E135/><V121/><F121/><W18/><G97/><T130/><D98/><U81/><E81/><V107/><F107/><W133/><G96/><T73/><D104/><U46/><E46/><V21/><F91/><W93/><G89/><T54/><D106/><U128/><E128/><V131/><F131/><W70/><G133/><T0/><D130/><U19/><E19/><AGARI ba="0,1" hai="19,21,24,28,29,49,55,58" m="39207,48201" machi="19" ten="30,1000,0" yaku="18,1" doraHai="64" who="2" fromWho="1" sc="250,0,240,-10,250,20,250,0" /><INIT seed="1,0,0,1,4,67" ten="250,230,270,250" oya="1" hai0="108,51,98,10,73,9,87,113,35,76,17,74,5" hai1="27,111,1,30,134,23,115,105,117,42,60,123,33" hai2="41,40,128,82,101,2,25,29,14,53,72,119,103" hai3="37,28,133,127,129,92,49,44,79,100,68,47,86"/><U126/><RYUUKYOKU type="yao9" ba="0,0" sc="250,0,230,0,270,0,250,0" hai1="1,23,27,30,33,42,60,105,111,115,117,123,126,134" /><INIT seed="1,1,0,3,4,79" ten="250,230,270,250" oya="1" hai0="70,64,34,12,39,67,3,124,14,35,47,100,87" hai1="1,24,112,135,130,51,82,48,10,129,75,88,90" hai2="15,94,56,131,32,110,7,5,54,53,121,105,89" hai3="59,92,16,41,99,33,2,44,132,81,120,114,29"/><U49/><E112/><V128/><F32/><W77/><G120/><T27/><D3/><U80/><E135/><V42/><F105/><W43/><G114/><T17/><D124/><U68/><E68/><V93/><F121/><W25/><G132/><T83/><D100/><U115/><E115/><V107/><F107/><W104/><G2/><T119/><D12/><U26/><E75/><V45/><F110/><W117/><G104/><T55/><D119/><U8/><E51/><V78/><F78/><W52/><G44/><T18/><D18/><U31/><E1/><V20/><F93/><W91/><G117/><T111/><D70/><U6/><E6/><V13/><F131/><W101/><G101/><T126/><D126/><U66/><E66/><V72/><F72/><W109/><G109/><T46/><D46/><U19/><E19/><N who="2" m="10351" /><F15/><W86/><REACH who="3" step="1"/><G16/><REACH who="3" ten="250,230,270,240" step="2"/><T133/><D133/><U23/><REACH who="1" step="1"/><E23/><REACH who="1" ten="250,220,270,240" step="2"/><V38/><F5/><W11/><G11/><T50/><D111/><U98/><E98/><V96/><F7/><W71/><G71/><T106/><D39/><U134/><E134/><V125/><F38/><W127/><G127/><T21/><D106/><U28/><AGARI ba="1,2" hai="8,10,24,26,28,31,48,49,80,82,88,90,129,130" machi="28" ten="25,18000,2" yaku="1,1,0,1,22,2,52,2,54,1,53,0" doraHai="79" doraHaiUra="9" who="1" fromWho="1" sc="250,-61,220,203,270,-61,240,-61" /><INIT seed="1,2,0,4,2,61" ten="189,423,209,179" oya="1" hai0="111,29,76,1,129,39,6,105,15,32,96,130,131" hai1="66,91,85,22,9,25,65,123,117,87,124,19,0" hai2="115,34,62,73,133,101,77,121,134,14,64,71,118" hai3="69,82,47,67,26,75,80,58,102,125,49,36,50"/><U83/><E123/><V104/><F121/><W97/><G125/><T40/><D15/><N who="1" m="7663" /><E117/><V46/><F14/><W41/><G75/><T55/><D111/><U92/><E0/><V18/><F18/><W126/><G126/><T44/><D55/><U127/><E124/><V89/><F89/><W63/><G26/><N who="0" m="18487" /><D76/><N who="1" m="46311" /><E127/><V113/><F118/><W24/><G24/><T13/><D13/><U90/><E90/><V33/><F46/><W119/><G119/><T12/><D12/><U94/><E94/><V28/><F77/><W42/><G42/><T107/><D96/><U112/><E112/><N who="2" m="43083" /><F73/><W74/><G74/><T21/><D21/><U108/><E108/><V114/><N who="2" m="43091" /><V51/><DORA hai="135" /><F51/><W128/><G50/><T5/><D1/><U59/><E59/><V2/><F2/><W56/><G58/><T45/><D44/><U116/><E116/><V37/><F37/><W72/><G72/><T106/><AGARI ba="2,0" hai="5,6,39,40,45,105,106,107,129,130,131" m="18487" machi="106" ten="40,1500,0" yaku="19,1" doraHai="61,135" who="0" fromWho="0" sc="189,21,423,-9,209,-6,179,-6" /><INIT seed="2,0,0,4,2,121" ten="210,414,203,173" oya="2" hai0="105,27,60,125,46,94,69,102,45,74,91,34,33" hai1="16,3,127,13,65,107,0,104,113,55,78,40,5" hai2="120,29,129,73,110,11,51,42,62,101,63,18,30" hai3="99,85,56,128,54,80,7,52,31,103,108,96,25"/><V50/><F73/><W98/><G128/><T20/><D74/><U84/><E65/><V9/><F120/><W115/><G115/><T82/><D82/><U133/><E113/><V21/><F129/><W67/><G7/><T36/><D125/><U92/><E40/><V39/><F39/><W15/><G15/><T43/><D46/><U122/><E133/><V28/><F101/><W97/><G108/><T68/><D102/><U4/><E127/><V14/><F110/><W53/><G67/><T95/><D94/><U59/><E4/><V123/><F123/><W76/><N who="3" m="24576" /><DORA hai="112" /><W66/><G66/><T26/><D60/><N who="2" m="23082" /><F42/><W47/><G47/><T93/><D45/><U132/><E3/><V24/><F9/><W37/><G37/><T114/><D36/><U111/><E111/><V131/><F131/><W58/><REACH who="3" step="1"/><G103/><REACH who="3" ten="210,414,203,163" step="2"/><T64/><D114/><U6/><E122/><V109/><F109/><W126/><G126/><T77/><D69/><U38/><E38/><V41/><F41/><W61/><G61/><T32/><D43/><U2/><E2/><V90/><F90/><W44/><G44/><T72/><D91/><U116/><E0/><V12/><F12/><W71/><G71/><T1/><D68/><U8/><E13/><V81/><F81/><W83/><G83/><T124/><D124/><U100/><E100/><V75/><F75/><W35/><AGARI ba="0,1" hai="25,31,35,52,53,54,56,58,76,80,85" m="24576" machi="35" ten="50,12000,2" yaku="1,1,0,1,54,1,53,3" doraHai="121,112" doraHaiUra="106,49" who="3" fromWho="3" sc="210,-30,414,-30,203,-60,163,130" /><INIT seed="3,0,0,4,0,111" ten="180,384,143,293" oya="3" hai0="40,23,36,7,1,33,116,76,47,74,35,2,34" hai1="28,65,101,126,135,50,87,106,123,122,8,120,62" hai2="105,61,100,22,30,25,92,96,119,51,15,121,84" hai3="31,90,21,128,9,91,93,55,56,115,26,125,72"/><W73/><G128/><T94/><D116/><U112/><E126/><V99/><F119/><W54/><G125/><T37/><D37/><U82/><E135/><V124/><F121/><W0/><G91/><T130/><D130/><U63/><E8/><V83/><F124/><W71/><G71/><T39/><D39/><U127/><E127/><V133/><F133/><W69/><G69/><T43/><D43/><U13/><E13/><V89/><F51/><W19/><G55/><T52/><D23/><U67/><E50/><V41/><F41/><W85/><G115/><T131/><D131/><U57/><E28/><V81/><F15/><W77/><G77/><T134/><D134/><U18/><E18/><V4/><F4/><W5/><REACH who="3" step="1"/><G31/><REACH who="3" ten="180,384,143,283" step="2"/><T20/><D52/><U103/><E112/><V45/><F30/><W109/><G109/><T53/><D53/><U38/><E123/><V48/><F89/><W68/><G68/><T17/><D40/><U110/><E110/><V42/><F42/><W132/><G132/><T11/><D76/><U24/><E38/><V86/><F100/><W59/><G59/><T78/><D78/><U70/><E103/><V108/><F108/><W27/><G27/><T60/><D36/><U114/><E24/><V107/><F25/><W88/><G88/><T3/><D60/><AGARI ba="0,1" hai="0,5,9,19,21,26,54,56,60,72,73,85,90,93" machi="60" ten="30,2900,0" yaku="1,1,7,1,53,0" doraHai="111" doraHaiUra="66" who="3" fromWho="0" sc="180,-29,384,0,143,0,283,39" /><INIT seed="3,1,0,2,3,84" ten="151,384,143,322" oya="3" hai0="89,102,58,57,91,73,16,68,96,80,35,11,1" hai1="126,124,40,56,55,66,98,72,13,87,114,46,88" hai2="70,28,92,49,3,45,63,78,38,6,22,30,85" hai3="69,67,133,17,82,83,41,108,86,107,4,119,117"/><W47/><G107/><T123/><D68/><U81/><E66/><V37/><F3/><W43/><G133/><T26/><D123/><U95/><E72/><V62/><F6/><W113/><G113/><T8/><D35/><U109/><E109/><V0/><F0/><W122/><G122/><T61/><D73/><U39/><E13/><V2/><F2/><W18/><G4/><T71/><D71/><U112/><E126/><V10/><F10/><N who="0" m="3626" /><D80/><U51/><E124/><V135/><F135/><W27/><G69/><T110/><D1/><U20/><REACH who="1" step="1"/><E20/><REACH who="1" ten="151,374,143,322" step="2"/><V100/><F22/><W44/><G108/><T106/><D110/><U118/><E118/><V23/><F23/><W74/><G74/><T53/><D106/><U24/><E24/><V120/><F120/><W64/><G27/><T101/><D26/><U99/><E99/><V104/><F70/><W60/><G86/><T54/><D96/><U19/><E19/><V129/><F104/><W134/><G134/><T15/><D15/><U50/><E50/><V36/><F49/><W77/><G60/><N who="0" m="35887" /><D16/><U128/><E128/><V14/><F14/><W21/><G21/><T33/><D33/><U97/><E97/><V31/><F129/><W76/><AGARI ba="1,1" hai="17,18,41,43,44,47,64,67,76,77,82,83,117,119" machi="76" ten="25,4800,0" yaku="0,1,22,2" doraHai="84" who="3" fromWho="3" sc="151,-17,374,-17,143,-17,322,61" /><INIT seed="3,2,0,3,1,115" ten="134,357,126,383" oya="3" hai0="77,121,27,6,116,51,41,43,54,114,128,86,48" hai1="8,73,98,99,111,127,126,2,19,70,5,1,132" hai2="40,72,112,33,123,39,83,0,76,102,42,18,44" hai3="84,53,34,100,71,11,101,131,105,15,96,45,52"/><W67/><G131/><T60/><D121/><U29/><E111/><V65/><F112/><W69/><G34/><T118/><D6/><U23/><E70/><V55/><F33/><W133/><G133/><T79/><D114/><U92/><E73/><V124/><F65/><W35/><G35/><T17/><D60/><U88/><E29/><V59/><F123/><W78/><G101/><T134/><D134/><U74/><E74/><V38/><F124/><N who="1" m="47657" /><E132/><V107/><F102/><W3/><G3/><T14/><D27/><N who="1" m="14847" /><E2/><V87/><F107/><W80/><G67/><T129/><D86/><AGARI ba="2,0" hai="1,5,8,86,88,92,98,99" m="14847,47657" machi="86" ten="30,2000,0" yaku="18,1,54,1" doraHai="115" who="1" fromWho="0" sc="134,-26,357,26,126,0,383,0" /><INIT seed="4,0,0,0,2,13" ten="108,383,126,383" oya="0" hai0="30,6,10,78,96,47,80,109,135,95,100,104,107" hai1="21,48,55,25,81,39,123,124,128,59,90,31,71" hai2="23,86,65,37,33,24,134,40,108,54,117,2,101" hai3="63,28,120,118,45,68,19,26,129,73,0,56,91"/><T64/><D135/><U9/><E123/><V112/><F108/><W82/><G118/><T133/><D109/><U87/><E71/><V58/><F134/><W29/><G0/><T84/><D133/><U11/><E124/><V50/><F112/><W3/><G3/><T41/><D64/><U77/><E128/><V35/><F2/><W88/><G68/><T106/><D30/><U36/><E36/><V7/><F7/><W70/><G70/><T22/><D22/><U89/><E39/><V20/><F117/><W53/><G129/><T119/><D119/><U57/><E57/><V72/><F72/><W52/><G73/><T125/><D125/><U99/><E99/><V121/><F20/><N who="3" m="13599" /><G120/><T103/><D10/><AGARI ba="0,0" hai="9,10,11,21,25,31,48,55,59,77,81,87,89,90" machi="10" ten="40,1300,0" yaku="8,1" doraHai="13" who="1" fromWho="0" sc="108,-13,383,13,126,0,383,0" /><INIT seed="5,0,0,3,4,4" ten="95,396,126,383" oya="1" hai0="34,55,9,107,56,32,21,40,92,105,58,126,5" hai1="102,82,114,73,121,86,79,83,122,2,67,38,81" hai2="24,35,64,3,11,66,68,118,13,110,1,130,45" hai3="76,28,43,94,18,37,47,8,6,63,17,85,119"/><U16/><E2/><V12/><F118/><W95/><G119/><T135/><D135/><U41/><E67/><V89/><F110/><W132/><G28/><T51/><D126/><U113/><E41/><V33/><F130/><W90/><G132/><T99/><D40/><U112/><E38/><V97/><F45/><W36/><G36/><T115/><D21/><U104/><E16/><V80/><F80/><N who="1" m="30825" /><E86/><V72/><F24/><W129/><G76/><T88/><D115/><U25/><E25/><V71/><F97/><AGARI ba="0,0" hai="73,79,83,97,102,104,112,113,114,121,122" m="30825" machi="97" ten="40,7700,0" yaku="15,1,34,2" doraHai="4" who="1" fromWho="2" sc="95,0,396,77,126,-77,383,0" /><INIT seed="5,1,0,2,4,55" ten="95,473,49,383" oya="1" hai0="71,123,26,99,117,48,40,134,61,23,135,70,14" hai1="3,44,28,64,133,67,13,59,62,72,38,6,34" hai2="58,82,49,30,42,91,22,21,33,66,120,15,4" hai3="81,128,27,80,35,69,73,32,2,114,92,36,77"/><U83/><E133/><N who="0" m="50697" /><D117/><U16/><E28/><V17/><F120/><W50/><G50/><T12/><D123/><U100/><E34/><V110/><F110/><W31/><G92/><T102/><D40/><U112/><E100/><V5/><F33/><W18/><G18/><N who="0" m="12663" /><D48/><U8/><E112/><V25/><F42/><W39/><G128/><T45/><D45/><U56/><E38/><V104/><F104/><W86/><G35/><T65/><D70/><U88/><E44/><V94/><F82/><W11/><G114/><T74/><D74/><U122/><E122/><V60/><REACH who="2" step="1"/><F49/><REACH who="2" ten="95,473,39,383" step="2"/><W53/><G39/><T43/><D43/><U84/><E83/><V76/><F76/><W121/><G81/><T9/><D9/><U116/><E8/><V127/><F127/><W115/><G11/><T95/><AGARI ba="1,1" hai="12,14,61,65,71,95,99,102" m="12663,50697" machi="95" ten="30,1100,0" yaku="20,1" doraHai="55" who="0" fromWho="0" sc="95,24,473,-6,39,-4,383,-4" /><INIT seed="6,0,0,1,2,11" ten="119,467,35,379" oya="2" hai0="117,35,68,77,110,47,108,12,19,98,132,134,25" hai1="16,72,1,54,62,113,40,73,0,33,42,13,121" hai2="90,83,18,115,105,41,28,126,133,75,30,129,104" hai3="101,128,58,44,10,64,38,29,106,24,123,55,107"/><V15/><F115/><W97/><G123/><T48/><D68/><U65/><E33/><V43/><F133/><N who="0" m="51306" /><D117/><U71/><E113/><V46/><F129/><W39/><G128/><T95/><D77/><U52/><E121/><V66/><F126/><W31/><G107/><T118/><D25/><U53/><E42/><V112/><F112/><W80/><G64/><T76/><D76/><U131/><E40/><V69/><F75/><W61/><G44/><T130/><D35/><U3/><REACH who="1" step="1"/><E131/><REACH who="1" ten="119,457,35,379" step="2"/><V14/><F41/><W78/><G39/><T119/><D130/><U67/><E67/><V51/><F66/><W99/><G38/><T37/><D37/><U74/><E74/><V124/><F124/><W26/><G99/><T7/><D118/><U59/><E59/><V114/><F69/><W4/><G31/><T103/><D119/><U6/><E6/><V120/><F120/><W135/><G29/><T49/><D7/><U94/><E94/><V88/><F114/><W60/><G135/><T36/><D36/><U86/><E86/><N who="2" m="50271" /><F105/><W63/><G106/><T50/><D47/><U56/><E56/><V127/><F104/><W22/><G58/><T93/><D93/><U5/><E5/><V81/><F127/><W116/><G4/><T89/><D95/><U2/><E2/><V85/><F18/><W92/><G92/><T82/><D19/><U45/><E45/><V91/><F91/><W27/><G116/><T17/><D89/><U34/><E34/><V79/><F90/><W122/><G122/><T102/><D17/><U100/><E100/><V9/><F9/><AGARI ba="0,1" hai="0,1,3,9,13,16,52,53,54,62,65,71,72,73" machi="9" ten="50,8000,1" yaku="1,1,6,1,52,1,54,2,53,0" doraHai="11" doraHaiUra="125" who="1" fromWho="2" sc="119,0,457,90,35,-80,379,0" owari="119,-28.1,547,64.7,-45,-54.5,379,17.9" /></mjloggm>