<mjloggm ver="2.3"><GO type="169" lobby="0"/><UN n0="%E3%81%B5%E3%81%9F%E3%81%97%E3%81%8A" n1="%E5%81%BD%E9%80%A0%E6%8D%8F%E9%80%A0%E5%AE%89%E5%80%8D%E6%99%8B%E4%B8%89" n2="%46%4C%41%52%45" n3="%E3%83%A4%E3%83%9E%E3%83%80%E3%81%95%E3%82%93" dan="16,16,16,16" rate="2046.08,2143.51,2134.91,2113.80" sx="M,M,M,M"/><TAIKYOKU oya="0"/><INIT seed="0,0,0,1,5,90" ten="250,250,250,250" oya="0" hai0="44,30,18,50,106,78,59,80,122,60,8,12,79" hai1="49,52,75,119,118,21,112,54,46,53,37,64,31" hai2="86,134,68,51,127,89,123,28,42,29,81,36,114" hai3="63,117,70,10,47,131,104,132,88,67,101,40,124"/><T85/><D122/><U83/><E75/><V19/><F123/><W109/><G117/><N who="1" m="44554" /><E31/><V34/><F114/><W82/><G109/><T69/><D69/><U38/><E83/><V108/><F108/><W93/><G124/><T3/><D106/><U107/><E21/><V98/><F127/><W95/><G131/><T72/><D3/><U57/><E107/><V99/><F36/><N who="1" m="13929" /><E112/><V23/><F68/><W24/><G132/><T121/><D121/><U1/><E1/><V129/><F134/><W128/><G128/><T27/><D72/><U26/><E26/><V74/><F74/><W11/><G24/><T58/><D79/><U56/><E64/><V62/><F34/><W20/><G20/><T65/><D27/><U33/><E33/><V111/><F111/><W115/><G115/><T116/><D30/><U133/><E133/><V77/><F129/><W9/><G104/><T16/><D116/><U126/><E126/><V17/><F19/><W73/><G101/><T43/><D18/><U71/><E71/><V25/><F98/><W125/><G125/><T5/><D16/><U35/><E35/><V4/><F4/><W55/><G55/><AGARI ba="0,0" hai="46,49,52,53,54,55,56,57" m="13929,44554" machi="55" ten="40,5200,0" yaku="34,2,54,1" doraHai="90" who="1" fromWho="3" sc="250,0,250,52,250,0,250,-52" /><INIT seed="1,0,0,4,2,68" ten="250,302,250,198" oya="1" hai0="62,106,73,69,109,46,102,91,67,99,87,15,25" hai1="74,8,4,5,113,23,37,120,92,77,34,134,31" hai2="88,7,52,107,28,6,40,21,75,18,1,11,53" hai3="111,124,47,9,63,19,44,123,130,43,89,132,117"/><U51/><E113/><V127/><F107/><W35/><G124/><T49/><D109/><U56/><E120/><V70/><F75/><W2/><G123/><T103/><D73/><U76/><E34/><V57/><F70/><W10/><G35/><T84/><D102/><U61/><E37/><V131/><F127/><W66/><G111/><T22/><D15/><U104/><E104/><V122/><F122/><W100/><G100/><T38/><D91/><U0/><E5/><V65/><F7/><W45/><G2/><T16/><REACH who="0" step="1"/><D38/><REACH who="0" ten="240,302,250,198" step="2"/><U108/><E108/><V79/><F88/><W80/><G89/><T98/><D98/><U101/><E74/><V85/><F79/><W78/><G78/><T12/><D12/><U30/><E77/><V72/><F72/><W24/><G117/><T41/><AGARI ba="0,1" hai="16,22,25,41,46,49,62,67,69,84,87,99,103,106" machi="41" ten="20,12000,2" yaku="1,1,0,1,7,1,54,1,53,2" doraHai="68" doraHaiUra="81" who="0" fromWho="0" sc="240,130,302,-60,250,-30,198,-30" /><INIT seed="2,0,0,5,1,122" ten="370,242,220,168" oya="2" hai0="83,5,63,111,62,89,79,110,58,99,11,38,43" hai1="51,77,4,103,18,118,127,17,13,101,117,37,76" hai2="82,57,15,1,134,45,92,42,67,10,40,25,9" hai3="19,7,24,98,97,135,112,41,64,123,68,39,113"/><V86/><F134/><W52/><G123/><T28/><D28/><U106/><E37/><V69/><F69/><W59/><G135/><T22/><D22/><U93/><E106/><V133/><F133/><W80/><G7/><T36/><D99/><U70/><E70/><V49/><F1/><W107/><G80/><T21/><D21/><U12/><E93/><V96/><F40/><W16/><G24/><T55/><D89/><U108/><E51/><V47/><F47/><N who="3" m="23999" /><G98/><T116/><D63/><U32/><E4/><V81/><F25/><W50/><G97/><T114/><D114/><N who="3" m="44137" /><G107/><T124/><D124/><U3/><E3/><V88/><F82/><W78/><G78/><T115/><D116/><U71/><E71/><V2/><F2/><W105/><G105/><T56/><D56/><U61/><E61/><AGARI ba="0,0" hai="16,19,50,52,59,61,64,68" m="44137,23999" machi="61" ten="30,7700,0" yaku="24,1,11,1,54,2" doraHai="122" who="3" fromWho="1" sc="370,0,242,-77,220,0,168,77" /><INIT seed="3,0,0,4,3,134" ten="370,165,220,245" oya="3" hai0="132,22,129,119,114,78,95,72,0,120,14,85,94" hai1="15,67,26,12,111,121,106,82,61,80,102,125,7" hai2="130,24,54,127,84,104,19,38,5,40,20,33,58" hai3="101,88,46,65,87,73,103,128,62,99,115,68,28"/><W133/><G115/><T11/><D132/><U86/><E121/><V45/><F104/><W42/><G133/><T43/><D120/><U92/><E111/><V107/><F107/><W126/><G73/><T64/><D119/><U90/><E106/><V52/><F130/><W6/><G128/><T112/><D129/><U75/><E75/><V51/><F33/><W110/><G110/><T4/><D64/><U63/><E26/><V32/><F32/><W44/><G28/><T70/><D70/><U83/><E102/><V96/><F127/><W77/><G77/><T124/><D124/><U8/><E125/><V57/><F96/><W41/><G6/><T9/><D22/><U49/><E49/><V60/><F84/><W93/><G126/><T89/><D43/><U117/><E117/><V47/><F5/><W122/><G122/><T30/><D30/><U18/><REACH who="1" step="1"/><E67/><REACH who="1" ten="370,155,220,245" step="2"/><V27/><F27/><W100/><G100/><T109/><D109/><U35/><E35/><V116/><F116/><W29/><G29/><T66/><D66/><U81/><N who="1" m="20480" /><DORA hai="113" /><U91/><E91/><V108/><F108/><W31/><G31/><T21/><D72/><U16/><E16/><V53/><F24/><W2/><G103/><T1/><D78/><U131/><E131/><V13/><F19/><W98/><G101/><T55/><D89/><U97/><E97/><V34/><F34/><W23/><G99/><T135/><D135/><U17/><E17/><V3/><F51/><N who="3" m="27023" /><G98/><T71/><D114/><U50/><E50/><V25/><F25/><W105/><G105/><T69/><D112/><RYUUKYOKU ba="0,1" sc="370,-10,155,30,220,-10,245,-10" hai1="7,8,12,15,18,61,63,86,90,92" /><INIT seed="4,1,1,3,4,44" ten="360,185,210,235" oya="0" hai0="25,53,29,110,108,84,123,32,99,132,9,10,117" hai1="65,37,133,116,80,2,131,89,49,82,34,91,60" hai2="85,57,81,101,70,45,118,126,121,106,97,16,72" hai3="39,109,102,20,48,130,5,75,127,74,124,31,7"/><T113/><D113/><U103/><E37/><V42/><F70/><W114/><G39/><T8/><D117/><U21/><E34/><V17/><F121/><W98/><G109/><N who="0" m="42091" /><D123/><U105/><E2/><V19/><F118/><W119/><G119/><T67/><D132/><U95/><E116/><V56/><F72/><W22/><G114/><T63/><D99/><U71/><E133/><V46/><F126/><N who="3" m="48171" /><G130/><T23/><D84/><U115/><E131/><V64/><F64/><W3/><G48/><T128/><D128/><U4/><E115/><V93/><F106/><W112/><G112/><T79/><D79/><U96/><E4/><N who="3" m="1610" /><G3/><T73/><D73/><N who="3" m="27657" /><G31/><T104/><D104/><AGARI ba="1,1" hai="20,22,98,102,104" m="27657,1610,48171" machi="104" ten="30,1000,0" yaku="18,1" doraHai="44" who="3" fromWho="0" sc="360,-13,185,0,210,0,235,23" /><INIT seed="5,0,0,3,0,90" ten="347,185,210,258" oya="1" hai0="126,57,91,68,75,16,55,132,41,49,125,89,65" hai1="30,64,92,63,109,40,36,20,60,108,117,99,59" hai2="34,31,42,4,66,124,135,6,50,73,130,5,79" hai3="11,113,103,21,98,52,88,56,43,83,72,29,10"/><U97/><E117/><V112/><F135/><W67/><G113/><T28/><D75/><U58/><E36/><V94/><F112/><W47/><G67/><T74/><D132/><U134/><E134/><V48/><F124/><N who="0" m="47722" /><D74/><U39/><E39/><V70/><F130/><W71/><G71/><T77/><D77/><U80/><E40/><V105/><F105/><W93/><G72/><T23/><D28/><U84/><E97/><V78/><F73/><W114/><G114/><T82/><D82/><U1/><E1/><V7/><F7/><W8/><G43/><T121/><D121/><U27/><E84/><V19/><F19/><W18/><G47/><N who="0" m="25839" /><D65/><U122/><E80/><V17/><F79/><W46/><G46/><T85/><D85/><U81/><E81/><V44/><F78/><W129/><G129/><T120/><D68/><U61/><E122/><V127/><F66/><W87/><G29/><T133/><D120/><U62/><REACH who="1" step="1"/><E58/><REACH who="1" ten="347,175,210,258" step="2"/><V14/><F127/><W104/><G83/><T76/><D133/><U32/><E32/><V3/><F3/><W0/><G0/><T53/><D57/><U35/><E35/><V15/><F34/><W69/><G69/><T107/><D76/><U24/><E24/><V26/><F26/><N who="3" m="14647" /><G56/><T100/><D107/><U118/><E118/><V37/><F70/><W45/><G45/><T33/><D33/><U86/><E86/><V131/><F44/><W38/><G38/><T115/><D115/><U13/><E13/><N who="2" m="4619" /><F37/><W106/><G106/><T9/><D23/><U111/><E111/><V128/><F42/><W119/><G119/><RYUUKYOKU ba="0,1" sc="347,-15,175,15,210,-15,258,15" hai1="20,27,30,59,60,61,62,63,64,92,99,108,109" hai3="8,10,11,52,87,88,93,98,103,104" /><INIT seed="5,1,1,1,1,79" ten="332,190,195,273" oya="1" hai0="102,60,33,133,120,47,119,0,66,69,29,89,100" hai1="116,105,70,80,34,18,11,131,68,110,124,15,90" hai2="93,122,64,52,111,97,121,134,6,59,35,2,25" hai3="98,45,24,53,63,72,27,10,8,75,92,125,61"/><U88/><E116/><V126/><F111/><W94/><G98/><T23/><D119/><U101/><E110/><V67/><F134/><W73/><G45/><T1/><D133/><U5/><E34/><V30/><F126/><W21/><G21/><T109/><D109/><U26/><E124/><V54/><F54/><W49/><G125/><T20/><D102/><U19/><E131/><V58/><F58/><W9/><G49/><T44/><D89/><U50/><E105/><V91/><F6/><W130/><G130/><T43/><D44/><U87/><E101/><V106/><F2/><W114/><G114/><T14/><D14/><U78/><E50/><V95/><F106/><W12/><G53/><T48/><D0/><U51/><E51/><V65/><REACH who="2" step="1"/><F95/><REACH who="2" ten="332,190,185,273" step="2"/><N who="3" m="36395" /><G12/><T3/><D1/><U77/><E68/><V117/><F117/><W13/><G13/><T36/><D3/><U107/><E70/><V37/><F37/><W83/><G63/><AGARI ba="1,2" hai="25,30,35,52,59,63,64,65,67,91,93,97,121,122" machi="63" ten="40,2600,0" yaku="1,1,54,1,53,0" doraHai="79" doraHaiUra="39" who="2" fromWho="3" sc="332,0,190,0,185,49,273,-29" /><INIT seed="6,0,0,4,3,50" ten="332,190,234,244" oya="2" hai0="73,2,79,94,127,21,11,125,107,67,68,81,85" hai1="12,129,69,119,1,46,43,104,28,76,4,31,39" hai2="115,63,36,134,78,132,19,51,18,6,24,114,25" hai3="64,65,17,56,14,117,74,101,32,30,52,3,83"/><V113/><F36/><W71/><G3/><T23/><D107/><U108/><E119/><V99/><F78/><W42/><G117/><T72/><D68/><U100/><E108/><V135/><F6/><W29/><G42/><T61/><D61/><U118/><E118/><V109/><F109/><W45/><G71/><T8/><D67/><N who="3" m="25673" /><G32/><T22/><D94/><U7/><E69/><V89/><F63/><N who="3" m="36231" /><G74/><T116/><D116/><U87/><E129/><V84/><F99/><W60/><G101/><T131/><D131/><U5/><E1/><V80/><F51/><W59/><G83/><T26/><D26/><AGARI ba="0,0" hai="18,19,24,25,26,80,84,89,113,114,115,132,134,135" machi="26" ten="50,4800,0" yaku="15,1,20,1" doraHai="50" who="2" fromWho="0" sc="332,-48,190,0,234,48,244,0" /><INIT seed="6,1,0,5,2,51" ten="284,190,282,244" oya="2" hai0="86,114,26,14,2,27,22,75,21,20,119,77,109" hai1="60,117,29,70,68,62,89,11,111,52,96,63,126" hai2="129,36,6,67,78,53,122,12,25,131,110,33,35" hai3="99,1,106,113,31,37,87,17,80,132,42,120,41"/><V59/><F122/><W83/><G1/><T57/><D109/><U134/><E111/><V130/><F110/><W39/><G31/><T45/><D75/><U46/><E117/><V103/><F67/><W3/><G87/><T55/><D2/><U23/><E11/><N who="2" m="4215" /><F36/><W30/><G30/><T0/><D0/><U98/><E134/><V43/><F43/><W88/><G3/><T71/><D71/><U102/><E126/><V18/><F78/><W73/><G73/><T97/><D114/><U16/><E29/><V40/><F40/><W124/><G106/><T90/><D45/><U112/><E112/><V91/><F103/><W123/><G113/><T101/><D77/><U116/><E116/><V56/><F91/><W82/><G132/><T133/><D14/><U54/><E89/><V118/><F118/><W10/><G124/><T127/><D127/><U38/><E38/><V15/><F25/><W115/><G115/><T50/><D133/><U74/><E74/><V69/><F69/><W48/><G41/><T81/><REACH who="0" step="1"/><D119/><REACH who="0" ten="274,190,282,244" step="2"/><U66/><E70/><V104/><F15/><N who="3" m="7415" /><G37/><T4/><D4/><U61/><E46/><V76/><F76/><W32/><G39/><T100/><D100/><U9/><E9/><V64/><F131/><W85/><G123/><T47/><D47/><U107/><REACH who="1" step="1"/><E98/><REACH who="1" ten="274,180,282,244" step="2"/><V93/><F130/><W28/><G99/><T58/><D58/><U84/><E84/><V95/><F59/><W121/><G121/><T79/><D79/><U8/><E8/><V13/><F56/><W72/><G120/><T7/><D7/><U92/><E92/><AGARI ba="1,2" hai="20,21,22,26,27,50,55,57,81,86,90,92,97,101" machi="92" ten="40,8000,1" yaku="1,1,6,1,8,1,52,1,53,0" doraHai="51" doraHaiUra="34" who="0" fromWho="1" sc="274,103,180,-83,282,0,244,0" /><INIT seed="7,0,0,0,4,90" ten="377,97,282,244" oya="3" hai0="105,10,108,110,125,79,18,109,83,72,50,91,36" hai1="44,61,93,116,103,114,15,89,31,23,74,84,38" hai2="75,98,35,26,13,57,88,0,107,122,66,34,100" hai3="49,124,73,132,22,96,112,43,46,68,51,54,58"/><W17/><G73/><T118/><D118/><U69/><E116/><V131/><F0/><W14/><G112/><T119/><D119/><U6/><E74/><V67/><F75/><W101/><G124/><T9/><D105/><U77/><E114/><V135/><F135/><W94/><G68/><T28/><D36/><U97/><E77/><V12/><F131/><W62/><REACH who="3" step="1"/><G132/><REACH who="3" ten="377,97,282,234" step="2"/><T99/><D125/><U104/><E69/><V11/><F122/><W52/><G52/><T117/><D117/><U92/><E61/><AGARI ba="0,1" hai="14,17,22,43,46,49,51,54,58,61,62,94,96,101" machi="61" ten="40,7700,0" yaku="1,1,8,1,52,1,53,0" doraHai="90" doraHaiUra="127" who="3" fromWho="1" sc="377,0,97,-77,282,0,234,87" /><INIT seed="7,1,0,1,3,106" ten="377,20,282,321" oya="3" hai0="32,78,120,103,83,43,23,102,107,125,58,80,124" hai1="69,104,114,56,9,51,64,73,74,134,111,99,96" hai2="89,117,2,60,132,11,65,35,22,10,52,82,97" hai3="29,31,42,4,81,49,45,116,101,25,40,122,129"/><W44/><G122/><T41/><D32/><U87/><E111/><V14/><F35/><W91/><G116/><T85/><D120/><U34/><E34/><V95/><F132/><W72/><G129/><T100/><D23/><U76/><E69/><V61/><F117/><W46/><G101/><T108/><D108/><U18/><E104/><V121/><F2/><W71/><G71/><T77/><D58/><U127/><E134/><V30/><F121/><W66/><G66/><T86/><D107/><U20/><E74/><V128/><F128/><W19/><G4/><T24/><D24/><N who="1" m="14359" /><E73/><V118/><F118/><W21/><G46/><T93/><D93/><U90/><E76/><V67/><F82/><W15/><G25/><T98/><D98/><N who="1" m="37419" /><E114/><V54/><F22/><W39/><REACH who="3" step="1"/><G91/><REACH who="3" ten="377,20,282,311" step="2"/><T55/><D55/><N who="2" m="21034" /><F30/><W1/><G1/><T27/><D27/><U115/><E115/><V84/><F67/><W37/><G37/><T109/><D109/><U50/><E127/><AGARI ba="1,1" hai="41,43,77,78,80,83,85,86,100,102,103,124,125,127" machi="127" ten="40,2600,0" yaku="9,1,18,1" doraHai="106" who="0" fromWho="1" sc="377,39,20,-29,282,0,311,0" owari="416,51.6,-9,-50.9,282,-11.8,311,11.1" /></mjloggm>