<mjloggm ver="2.3"><GO type="169" lobby="0"/><UN n0="%E8%80%81%E6%A5%BD" n1="%79%61%73%73%61%6E" n2="%6D%79%6D%65%6C%6F%58%58" n3="%31%35%2E%31%35%63%6D" dan="17,16,17,16" rate="2179.80,2164.52,2200.62,2155.61" sx="M,M,M,M"/><TAIKYOKU oya="0"/><INIT seed="0,0,0,2,1,118" ten="250,250,250,250" oya="0" hai0="56,104,58,40,132,133,69,43,117,28,113,23,130" hai1="102,89,54,83,53,29,72,115,112,134,18,8,79" hai2="24,55,4,105,17,80,88,46,95,71,62,131,61" hai3="14,121,60,51,94,22,76,128,82,49,77,97,73"/><T9/><D104/><U32/><E102/><V81/><F105/><W50/><G128/><T111/><D9/><U63/><E134/><N who="0" m="51817" /><D28/><U25/><E89/><V125/><F125/><W47/><G76/><T15/><D23/><U85/><E72/><V5/><F131/><W39/><G60/><N who="2" m="23145" /><F71/><W0/><G0/><T101/><D15/><N who="1" m="7527" /><E63/><V108/><F108/><W27/><G14/><T59/><D101/><U123/><E123/><V13/><F55/><W98/><G121/><T78/><D78/><U100/><E100/><V119/><F46/><W36/><G47/><T7/><D7/><N who="2" m="2634" /><F24/><W91/><REACH who="3" step="1"/><G98/><REACH who="3" ten="250,250,250,240" step="2"/><T30/><D130/><U86/><E86/><N who="2" m="52631" /><F119/><W120/><G120/><T12/><D12/><U33/><E33/><V127/><F127/><W99/><G99/><T45/><D117/><U66/><E66/><V114/><F114/><AGARI ba="0,1" hai="25,29,32,53,54,79,83,85,112,114,115" m="7527" machi="114" ten="30,1000,0" yaku="11,1" doraHai="118" who="1" fromWho="2" sc="250,0,250,20,250,-10,240,0" /><INIT seed="1,0,0,2,3,104" ten="250,270,240,240" oya="1" hai0="50,7,55,45,38,109,8,122,29,4,135,123,41" hai1="71,54,99,26,14,90,83,77,24,130,127,68,61" hai2="75,124,34,91,28,16,10,5,76,96,53,36,33" hai3="58,60,30,81,12,63,93,37,1,2,116,48,128"/><U97/><E130/><V132/><F132/><W17/><G37/><T74/><D135/><U35/><E127/><V0/><F124/><W59/><G128/><T106/><D106/><U85/><E68/><V95/><F28/><W133/><G133/><T65/><D29/><U114/><E114/><V18/><F36/><W115/><G30/><T23/><D23/><U3/><E3/><V19/><REACH who="2" step="1"/><F53/><REACH who="2" ten="250,270,230,240" step="2"/><W110/><G115/><T92/><D55/><U49/><E35/><V25/><F25/><W125/><G125/><T107/><D38/><U88/><E24/><V134/><F134/><W11/><G116/><T51/><D123/><U69/><E26/><V64/><F64/><W9/><G2/><T57/><D65/><U39/><E39/><V44/><F44/><W117/><G1/><T73/><D122/><U80/><E14/><V40/><F40/><W67/><G117/><T62/><D41/><U103/><E54/><V78/><F78/><W100/><G12/><T46/><D45/><U129/><E129/><V47/><F47/><W72/><G67/><T131/><D46/><U31/><E31/><V112/><F112/><W13/><G13/><T113/><D113/><U101/><E77/><V22/><F22/><W52/><G52/><T21/><D21/><U111/><E49/><V102/><F102/><W15/><G100/><T20/><D50/><U32/><E32/><V105/><F105/><W79/><G15/><T70/><D51/><U56/><E103/><V87/><F87/><W119/><G48/><T42/><D107/><N who="1" m="63919" /><E85/><V27/><F27/><W82/><G119/><RYUUKYOKU ba="0,1" sc="250,-10,270,-10,230,30,240,-10" hai2="0,5,10,16,18,19,33,34,75,76,91,95,96" /><INIT seed="2,1,1,0,2,125" ten="240,260,260,230" oya="2" hai0="84,37,43,121,34,23,51,87,63,101,88,71,36" hai1="10,38,16,21,55,19,72,8,82,107,67,77,68" hai2="129,118,92,0,24,130,76,86,27,100,31,39,75" hai3="61,126,13,128,44,4,83,74,127,106,116,45,56"/><V62/><F118/><W59/><G106/><T85/><D34/><U81/><E107/><V3/><F39/><W112/><G116/><T80/><D121/><U78/><E38/><V122/><F122/><W42/><G74/><T9/><D101/><U132/><E132/><V46/><F46/><W57/><G83/><T124/><D124/><N who="3" m="47657" /><G4/><T17/><D9/><U18/><E21/><V66/><F75/><W97/><G97/><T105/><D51/><U113/><E113/><V109/><F109/><W65/><G13/><T115/><D115/><U108/><E108/><V5/><F5/><W32/><G32/><T2/><D2/><U133/><E133/><V49/><F49/><N who="3" m="26775" /><G112/><T7/><D105/><U114/><E114/><V69/><F27/><W52/><G128/><N who="2" m="49257" /><F76/><W11/><G11/><T53/><D7/><U15/><E10/><V28/><F28/><W1/><G1/><T40/><D36/><U47/><E72/><V95/><F95/><W12/><G12/><T94/><D37/><U41/><E77/><V60/><F60/><N who="3" m="35847" /><G45/><T35/><D94/><U96/><E78/><V102/><F102/><W89/><G89/><T29/><D88/><U79/><E79/><V123/><F123/><W30/><G30/><T70/><D29/><U119/><E119/><V73/><F73/><W58/><AGARI ba="1,1" hai="57,58,59,61,65" m="35847,26775,47657" machi="58" ten="30,7900,0" yaku="18,1,34,2,54,1" doraHai="125" who="3" fromWho="3" sc="240,-21,260,-21,260,-40,230,92" /><INIT seed="3,0,0,3,1,60" ten="219,239,220,322" oya="3" hai0="48,36,79,37,26,17,85,125,81,100,73,29,91" hai1="32,9,13,87,18,94,88,82,117,2,134,49,97" hai2="95,51,40,132,75,106,68,58,133,67,135,64,71" hai3="8,77,53,16,107,98,21,72,12,43,30,3,52"/><W45/><G107/><T33/><D125/><U0/><E134/><V128/><F106/><W24/><G98/><T27/><D100/><U22/><E32/><V31/><F75/><W63/><G72/><T25/><D48/><U38/><E38/><V105/><F105/><W14/><G77/><T127/><D127/><U19/><E117/><V102/><F31/><W42/><G3/><T65/><D65/><N who="2" m="25162" /><F128/><W124/><G124/><T6/><D6/><U46/><E19/><V103/><F58/><N who="3" m="35271" /><G14/><T111/><D111/><U61/><E61/><V57/><F57/><W101/><G101/><N who="2" m="38409" /><F95/><W41/><G53/><T93/><D29/><U108/><E108/><V84/><F84/><W110/><G110/><T20/><REACH who="0" step="1"/><D33/><REACH who="0" ten="209,239,220,322" step="2"/><U129/><E129/><V4/><F4/><W44/><AGARI ba="0,1" hai="8,12,16,21,24,30,41,42,43,44,45" m="35271" machi="44" ten="30,6000,0" yaku="8,1,54,2" doraHai="60" who="3" fromWho="3" sc="209,-20,239,-20,220,-20,322,70" /><INIT seed="3,1,0,4,2,105" ten="189,219,200,392" oya="3" hai0="34,131,57,51,65,106,126,55,23,99,89,71,74" hai1="60,28,3,132,56,135,1,21,75,39,25,5,90" hai2="69,62,64,104,76,22,6,93,73,79,36,47,46" hai3="128,123,68,11,77,84,86,4,114,2,27,59,19"/><W31/><G114/><T82/><D34/><U116/><E39/><V72/><F104/><W102/><G123/><T20/><D126/><U50/><E116/><V98/><F6/><W120/><G120/><T29/><D131/><U10/><E3/><V134/><F134/><N who="1" m="51241" /><E50/><V53/><F22/><W63/><G68/><T24/><D20/><U96/><E96/><V0/><F0/><W92/><G128/><T111/><D111/><U108/><E90/><V30/><F30/><W48/><G48/><T45/><D71/><U15/><E1/><V66/><F53/><W121/><G19/><T130/><D130/><U13/><E13/><V122/><F122/><W41/><G41/><T94/><D106/><U117/><E117/><V125/><F125/><W124/><G124/><T38/><D38/><U7/><E7/><V58/><F36/><W9/><G2/><T110/><D110/><U8/><E8/><V43/><F43/><W112/><G4/><T88/><D89/><U49/><E49/><V118/><F118/><W35/><G121/><T133/><D133/><U103/><E103/><V12/><F12/><W17/><G102/><T33/><D33/><U44/><E44/><V18/><F18/><W113/><G17/><T129/><D129/><U42/><E42/><V81/><F69/><W14/><G14/><T97/><D97/><U115/><E115/><V101/><F66/><N who="3" m="39295" /><G113/><T16/><D65/><N who="1" m="39047" /><E108/><V85/><REACH who="2" step="1"/><F79/><REACH who="2" ten="189,219,190,392" step="2"/><W67/><G112/><T109/><D109/><U54/><E54/><V119/><F119/><W127/><G127/><T87/><D55/><U61/><E61/><RYUUKYOKU ba="1,1" sc="189,-15,219,15,190,15,392,-15" hai1="5,10,15,21,25,28,75" hai2="46,47,58,62,64,72,73,76,81,85,93,98,101" /><INIT seed="4,2,1,1,2,6" ten="174,234,205,377" oya="0" hai0="87,97,134,114,74,61,52,17,69,75,25,65,24" hai1="126,110,92,54,108,49,53,119,113,132,14,95,30" hai2="118,10,42,22,59,98,103,12,115,128,80,47,124" hai3="122,104,91,64,15,5,7,41,88,102,44,130,121"/><T117/><D117/><U21/><E119/><V58/><F115/><W70/><G130/><T62/><D114/><U46/><E113/><V23/><F128/><W0/><G0/><T19/><D134/><U73/><E73/><V37/><F118/><W4/><G64/><T77/><D87/><U35/><E35/><V135/><F135/><W72/><G70/><T79/><D65/><U112/><E112/><V1/><F1/><W36/><G72/><T45/><D45/><U111/><E132/><V78/><F124/><W18/><G102/><T29/><D29/><U71/><E71/><V56/><F80/><W127/><G104/><T125/><D69/><U107/><E107/><V99/><F78/><W123/><G127/><T83/><D83/><U40/><E126/><V55/><F55/><W11/><AGARI ba="2,1" hai="4,5,7,11,15,18,36,41,44,88,91,121,122,123" machi="11" ten="40,8000,1" yaku="0,1,13,1,52,1,54,1" doraHai="6" who="3" fromWho="3" sc="174,-42,234,-22,205,-22,377,96" /><INIT seed="5,0,0,1,3,15" ten="132,212,183,473" oya="1" hai0="130,93,51,78,63,103,119,65,6,79,85,30,32" hai1="43,46,42,95,125,13,16,62,39,23,132,134,41" hai2="50,2,100,127,58,59,34,98,99,11,37,74,113" hai3="135,90,109,10,69,68,92,88,71,35,38,129,57"/><U84/><E125/><V67/><F37/><W4/><G109/><T56/><D119/><U18/><E62/><V27/><F74/><W110/><G110/><T108/><D108/><U49/><E39/><V48/><F127/><W64/><G35/><T31/><D130/><U28/><E28/><V47/><F34/><W83/><G129/><T128/><D128/><U114/><E114/><V26/><F2/><W122/><G122/><T104/><D104/><U53/><E84/><V82/><F11/><W126/><G38/><T24/><D31/><U131/><E131/><V76/><F82/><W9/><G135/><N who="1" m="51754" /><E95/><V66/><F47/><W5/><G83/><T133/><D133/><U55/><E55/><V3/><F3/><W80/><G80/><T102/><D6/><U101/><E101/><V20/><F20/><W0/><G92/><T8/><D8/><N who="1" m="6183" /><E53/><V17/><F100/><W40/><G40/><T89/><REACH who="0" step="1"/><D51/><REACH who="0" ten="122,212,183,473" step="2"/><U86/><E86/><V81/><F113/><W73/><G126/><T120/><D120/><U107/><E107/><V61/><F61/><W96/><G5/><T22/><D22/><U117/><E117/><V118/><F118/><W77/><G4/><T52/><D52/><U25/><AGARI ba="0,1" hai="18,23,25,41,42,43,46,49" m="6183,51754" machi="25" ten="30,11700,0" yaku="20,1,52,2,54,1" doraHai="15" who="1" fromWho="1" sc="122,-39,212,127,183,-39,473,-39" /><INIT seed="5,1,0,2,2,1" ten="83,339,144,434" oya="1" hai0="16,85,38,24,62,126,114,31,124,61,50,52,2" hai1="26,104,69,44,10,3,12,113,34,99,93,58,42" hai2="70,41,89,102,79,28,107,94,30,112,87,98,63" hai3="118,36,75,67,37,95,80,120,39,125,111,14,29"/><U11/><E69/><V78/><F41/><W18/><G111/><T46/><D2/><U25/><E104/><V131/><F131/><W84/><G120/><T134/><D38/><U43/><E113/><V88/><F112/><W27/><G125/><T20/><D114/><U71/><E71/><V51/><F51/><W22/><G75/><T119/><D119/><U109/><E109/><V13/><F89/><W122/><G122/><T77/><D134/><U76/><E76/><V121/><F121/><W23/><G67/><T115/><D115/><U96/><E3/><V91/><F91/><W15/><G95/><T82/><REACH who="0" step="1"/><D31/><REACH who="0" ten="73,339,144,434" step="2"/><U53/><E42/><V40/><F40/><W0/><G0/><T90/><D90/><U97/><E93/><V45/><F30/><W110/><G118/><T57/><D57/><U103/><E103/><V55/><F28/><W64/><G29/><T101/><D101/><U17/><E34/><V60/><F70/><W105/><G110/><T6/><D6/><U65/><E43/><V116/><F116/><W117/><G117/><T9/><D9/><U132/><E132/><V54/><F102/><W128/><G37/><T56/><D56/><U19/><E44/><V106/><F45/><W59/><G59/><T68/><D68/><U32/><E32/><V49/><F88/><W135/><G135/><T130/><D130/><U86/><E11/><V8/><F94/><W7/><G39/><T35/><D35/><U100/><E100/><V4/><F8/><W33/><G36/><T21/><D21/><U66/><E10/><V72/><F4/><RYUUKYOKU ba="1,1" sc="73,30,339,-10,144,-10,434,-10" hai0="16,20,24,46,50,52,61,62,77,82,85,124,126" /><INIT seed="6,2,1,5,4,21" ten="103,329,134,424" oya="2" hai0="77,66,115,36,85,61,106,35,0,79,23,103,51" hai1="39,73,3,29,128,1,76,110,75,92,7,134,6" hai2="80,133,52,64,56,81,116,17,119,129,55,44,40" hai3="69,83,22,121,97,109,114,8,94,131,26,111,54"/><V67/><F17/><W71/><G121/><T34/><D36/><U124/><E92/><V42/><F56/><W49/><G131/><T37/><D37/><U4/><E39/><V11/><F11/><W59/><G83/><T57/><D0/><U132/><E76/><V58/><F58/><W98/><G98/><T93/><D115/><U12/><E110/><V105/><F105/><W62/><G114/><T102/><D106/><U113/><E113/><V43/><F44/><W135/><G135/><N who="1" m="51754" /><E128/><V48/><F133/><W100/><G8/><T90/><D35/><U88/><E88/><V32/><F32/><W20/><G20/><T13/><D34/><U120/><E124/><V84/><F129/><W82/><G82/><N who="2" m="31849" /><F48/><W74/><G71/><T63/><D63/><U30/><E12/><V107/><F84/><W108/><G69/><T53/><D79/><U18/><E18/><V95/><F95/><W38/><G38/><T68/><D77/><U122/><E75/><V99/><F99/><W31/><G74/><T101/><D101/><U117/><E73/><V19/><F19/><AGARI ba="2,1" hai="13,19,23,51,53,57,61,66,68,85,90,93,102,103" machi="19" ten="40,2600,0" yaku="25,2" doraHai="21" who="0" fromWho="2" sc="103,42,329,0,134,-32,424,0" /><INIT seed="7,0,0,2,2,10" ten="145,329,102,424" oya="3" hai0="45,81,49,123,36,60,14,125,135,119,106,63,80" hai1="18,94,52,113,83,0,88,67,122,112,84,22,78" hai2="66,107,19,118,95,93,28,51,11,87,127,21,2" hai3="115,90,75,34,53,73,96,117,64,129,13,121,20"/><W35/><G117/><T61/><D119/><U32/><E32/><V9/><F118/><W1/><G1/><T50/><D123/><U29/><E67/><V15/><F107/><W98/><G64/><T44/><D106/><U77/><E122/><V17/><F127/><W74/><G121/><T46/><D36/><U82/><E29/><V54/><F66/><W41/><G41/><T99/><D125/><U33/><E33/><V43/><F43/><W55/><G115/><T16/><D99/><U91/><E0/><V89/><F2/><W42/><G42/><T128/><D135/><U103/><E113/><V47/><F28/><W109/><G109/><T105/><D105/><U70/><E70/><V30/><F30/><W116/><G116/><T38/><D38/><U4/><E4/><V120/><F120/><W24/><G24/><T23/><D128/><U104/><E112/><V31/><F31/><W79/><G79/><T71/><D71/><U8/><E8/><V56/><F47/><W69/><G20/><T132/><D132/><U130/><E130/><V6/><F6/><W102/><G129/><T114/><D114/><U85/><E104/><V27/><F9/><W48/><G69/><T5/><D5/><U124/><E124/><V40/><F40/><W65/><G65/><T25/><D25/><U108/><E108/><V97/><F97/><W12/><G96/><T133/><D133/><U92/><E103/><V134/><F134/><W68/><G102/><T7/><REACH who="0" step="1"/><D7/><REACH who="0" ten="135,329,102,424" step="2"/><U3/><E3/><V72/><F72/><W86/><G35/><T110/><D110/><RYUUKYOKU ba="0,1" sc="135,15,329,-15,102,15,424,-15" hai0="14,16,23,44,45,46,49,50,60,61,63,80,81" hai2="11,15,17,19,21,27,51,54,56,87,89,93,95" owari="150,-25.0,314,11.4,117,-38.3,419,51.9" /></mjloggm>