<mjloggm ver="2.3"><GO type="169" lobby="0"/><UN n0="%E9%BE%8D%31%30" n1="%E3%83%A8%E3%83%BC%E3%83%BB%E3%83%9E%E3%82%A4%E3%82%AB" n2="%E9%A4%8A%E5%88%86%E4%B8%B8" n3="%6B%61%74%65%72%69%6E%61" dan="16,17,17,16" rate="2094.07,2200.19,2237.23,2129.00" sx="M,M,M,M"/><TAIKYOKU oya="0"/><INIT seed="0,0,0,3,2,62" ten="250,250,250,250" oya="0" hai0="60,87,16,76,113,108,84,69,122,23,105,0,26" hai1="106,110,32,18,126,93,58,61,115,81,130,73,109" hai2="90,66,27,1,114,10,89,46,49,123,24,17,103" hai3="104,133,129,92,22,86,101,21,77,64,97,28,75"/><T37/><D113/><U53/><E115/><V116/><F114/><W25/><G129/><T4/><D122/><U2/><E130/><V63/><F123/><W95/><G133/><T124/><D105/><U78/><E106/><V99/><F116/><W98/><G75/><T6/><D37/><U65/><E126/><V59/><F1/><W107/><G21/><T15/><D124/><U45/><E2/><V34/><F34/><W36/><G36/><T43/><D0/><U41/><E32/><V39/><F39/><W31/><G31/><N who="0" m="17887" /><D69/><U50/><E93/><V74/><F74/><W96/><G96/><T85/><D43/><U19/><REACH who="1" step="1"/><E41/><REACH who="1" ten="250,240,250,250" step="2"/><V56/><F103/><W57/><G95/><T88/><D108/><AGARI ba="0,1" hai="18,19,45,50,53,58,61,65,73,78,81,108,109,110" machi="108" ten="40,8000,1" yaku="1,1,2,1,14,1,52,1,53,0" doraHai="62" doraHaiUra="8" who="1" fromWho="0" sc="250,-80,240,90,250,0,250,0" /><INIT seed="1,0,0,4,3,12" ten="170,330,250,250" oya="1" hai0="119,41,93,113,8,123,64,108,39,27,92,117,9" hai1="104,111,19,22,17,32,103,126,97,98,29,114,44" hai2="78,47,121,40,110,33,88,20,63,16,51,28,66" hai3="135,133,14,127,107,86,2,124,5,132,31,43,128"/><U96/><E114/><V112/><F121/><W90/><G107/><T37/><D113/><U46/><E32/><V59/><F112/><W125/><G2/><T94/><D123/><U67/><E104/><V57/><F110/><W116/><G43/><T55/><D108/><U99/><E111/><V52/><F78/><W45/><G45/><N who="1" m="17514" /><E126/><V1/><F1/><W106/><G106/><T73/><D41/><U81/><E67/><V95/><F28/><W120/><G120/><T83/><D64/><U61/><E61/><V10/><F10/><N who="3" m="4431" /><G116/><T35/><D119/><U62/><E62/><V56/><F33/><W71/><G71/><T65/><D65/><U68/><E68/><V89/><F40/><W79/><G79/><T102/><D117/><U49/><E49/><V75/><F75/><W109/><G31/><T100/><D55/><U15/><E81/><V80/><F80/><N who="3" m="49479" /><G109/><T13/><D83/><U85/><E85/><N who="2" m="52623" /><F89/><W4/><G4/><T105/><D73/><U118/><E118/><V26/><AGARI ba="0,0" hai="16,20,26,47,51,52,56,57,59,63,66" m="52623" machi="26" ten="30,8000,1" yaku="8,1,52,1,54,3" doraHai="12" who="2" fromWho="2" sc="170,-20,330,-40,250,80,250,-20" /><INIT seed="2,0,0,1,0,131" ten="150,290,330,230" oya="2" hai0="124,32,28,121,27,36,116,72,81,132,102,125,90" hai1="25,17,96,6,65,88,46,8,14,118,74,70,113" hai2="95,89,135,63,126,37,92,110,120,57,9,100,30" hai3="10,7,44,35,82,115,42,105,80,86,24,41,5"/><V76/><F120/><W55/><G105/><T130/><D121/><U60/><E113/><V93/><F37/><W69/><G69/><T94/><D116/><U0/><E118/><V85/><F126/><N who="0" m="48746" /><D36/><U104/><E74/><V111/><F76/><W19/><G115/><T112/><D130/><U103/><E46/><V20/><F9/><W79/><G55/><T133/><D112/><U39/><E39/><V4/><F4/><W45/><G35/><T40/><D40/><U34/><E88/><V51/><F51/><W106/><G106/><T129/><D102/><U13/><REACH who="1" step="1"/><E17/><REACH who="1" ten="150,280,330,230" step="2"/><V22/><F89/><W119/><G119/><T58/><D129/><U38/><E38/><V117/><F117/><W54/><G45/><T83/><D58/><U11/><E11/><V26/><F85/><W123/><G123/><T98/><D72/><U21/><E21/><V75/><F75/><W62/><G10/><T49/><D49/><U91/><E91/><V67/><F22/><W134/><G19/><T64/><D64/><U77/><E77/><V108/><REACH who="2" step="1"/><F135/><AGARI ba="0,1" hai="27,28,32,81,83,90,94,98,132,133,135" m="48746" machi="135" ten="30,8000,1" yaku="20,1,18,1,52,3" doraHai="131" who="0" fromWho="2" sc="150,90,280,0,330,-80,230,0" /><INIT seed="3,0,0,1,2,70" ten="240,280,250,230" oya="3" hai0="76,68,112,121,67,11,61,84,129,51,73,106,24" hai1="100,19,105,44,36,123,125,110,65,22,113,2,92" hai2="124,111,126,55,116,17,53,14,108,93,52,57,50" hai3="89,6,29,54,102,35,101,132,48,77,69,43,59"/><W33/><G69/><T79/><D121/><U3/><E113/><V97/><F116/><W120/><G120/><T130/><D112/><U117/><E123/><V45/><F14/><W26/><G132/><T118/><D106/><U30/><E117/><V114/><F17/><W31/><G6/><T63/><D118/><U28/><E105/><V23/><F23/><W122/><G122/><T21/><D73/><U99/><E110/><N who="2" m="42027" /><F114/><W94/><G77/><T127/><D127/><N who="2" m="48682" /><F93/><W34/><G43/><T72/><D11/><U128/><E128/><N who="0" m="49257" /><D72/><U135/><E135/><V32/><F97/><W1/><G1/><T134/><D134/><U133/><E28/><V38/><F32/><W104/><G104/><T119/><D84/><U15/><E133/><V41/><AGARI ba="0,0" hai="38,41,45,50,52,53,55,57" m="48682,42027" machi="41" ten="40,12000,2" yaku="14,1,18,1,34,2,52,1,54,1" doraHai="70" who="2" fromWho="2" sc="240,-30,280,-30,250,120,230,-60" /><INIT seed="4,0,0,3,3,19" ten="210,250,370,170" oya="0" hai0="72,56,2,77,60,111,70,102,119,131,43,74,122" hai1="28,20,130,117,129,85,99,87,106,24,90,27,133" hai2="80,59,124,81,16,86,12,67,68,41,100,51,73" hai3="126,32,37,29,13,96,105,82,45,101,58,116,55"/><T97/><D119/><U114/><E117/><V83/><F73/><W113/><G116/><T48/><D122/><U109/><E109/><V50/><F68/><W0/><G0/><T9/><D111/><U3/><E3/><V127/><F100/><W6/><G113/><T22/><D77/><U7/><E7/><V21/><F86/><W134/><G134/><T98/><D70/><U121/><E121/><V53/><REACH who="2" step="1"/><F67/><REACH who="2" ten="210,250,360,170" step="2"/><W36/><G101/><T118/><D74/><U46/><E87/><V1/><F1/><W23/><G126/><T88/><D72/><U40/><E85/><V8/><F8/><W25/><G105/><T84/><D9/><U39/><E106/><V33/><F33/><W61/><G32/><T103/><D2/><U94/><E133/><V110/><F110/><W112/><G112/><T54/><D84/><U107/><E107/><V128/><F128/><W95/><G96/><T26/><D131/><U65/><E65/><V89/><F89/><W4/><G95/><N who="0" m="56551" /><D98/><U30/><REACH who="1" step="1"/><E114/><REACH who="1" ten="210,240,360,170" step="2"/><V35/><F35/><AGARI ba="0,2" hai="20,24,27,28,30,35,39,40,46,90,94,99,129,130" machi="35" ten="40,8000,1" yaku="1,1,2,1,52,1,53,1" doraHai="19" doraHaiUra="71" who="1" fromWho="2" sc="210,0,240,100,360,-80,170,0" /><INIT seed="5,0,0,3,3,31" ten="210,340,280,170" oya="1" hai0="86,42,84,91,133,61,98,13,25,26,66,75,49" hai1="57,68,17,118,115,76,96,113,95,47,108,124,65" hai2="6,12,22,101,128,110,120,9,58,33,92,83,46" hai3="109,37,48,73,35,56,52,131,104,36,5,134,3"/><U40/><E76/><V39/><F110/><W89/><G109/><T116/><D75/><U107/><E108/><V41/><F120/><W121/><G121/><T72/><D72/><U119/><E107/><V117/><F117/><N who="1" m="44553" /><E17/><V103/><F128/><W79/><G131/><T4/><D116/><U16/><E16/><V32/><F22/><W99/><G134/><T94/><D133/><U87/><E87/><V130/><F130/><W8/><G35/><T127/><D86/><U69/><E95/><V44/><F83/><W34/><G34/><T88/><D127/><U82/><E82/><V0/><F0/><W24/><G24/><T71/><D13/><U126/><E57/><V38/><F58/><W129/><G129/><T27/><D4/><U30/><E30/><V78/><F78/><W125/><G125/><N who="1" m="48234" /><E96/><V2/><F2/><W70/><G79/><T10/><D10/><U1/><E1/><V51/><F101/><W123/><G123/><T53/><D42/><U43/><E43/><V102/><F102/><W50/><G73/><T62/><D71/><N who="1" m="27211" /><E65/><V28/><F28/><W59/><G70/><T111/><D66/><U74/><E74/><V7/><F7/><W67/><G67/><T105/><D105/><U64/><E64/><V15/><F15/><W81/><G81/><N who="0" m="49167" /><D111/><U60/><E60/><V80/><F80/><W14/><G3/><T122/><D122/><U85/><E85/><V63/><F63/><W19/><G5/><T54/><D54/><U45/><E40/><V20/><F6/><W112/><G104/><T18/><D18/><U93/><E93/><RYUUKYOKU ba="0,0" sc="210,15,340,15,280,-15,170,-15" hai0="25,26,27,49,53,61,62,91,94,98" hai1="45,47,113,115" /><INIT seed="5,1,0,4,0,119" ten="225,355,265,155" oya="1" hai0="102,95,67,120,68,126,19,42,135,57,89,108,91" hai1="16,123,50,26,77,121,12,10,0,29,86,117,113" hai2="83,34,51,111,58,55,62,37,98,70,134,94,103" hai3="66,38,105,115,124,39,81,72,27,92,35,101,9"/><U130/><E50/><V13/><F111/><W8/><G115/><T24/><D108/><U4/><E77/><V53/><F34/><W128/><G128/><T93/><D68/><U22/><E86/><V20/><F134/><W18/><G124/><T104/><D135/><U76/><E76/><V133/><F133/><W46/><G92/><T116/><D104/><U64/><E64/><V32/><F32/><W110/><G110/><T28/><D116/><U3/><E117/><V85/><F37/><W56/><G72/><T82/><D102/><U43/><E43/><V59/><F70/><W41/><G81/><T129/><D42/><U71/><E71/><V97/><F97/><W15/><G38/><T54/><D67/><U48/><E48/><V125/><F125/><W6/><G35/><T5/><D82/><U60/><E60/><V14/><REACH who="2" step="1"/><F20/><REACH who="2" ten="225,355,255,155" step="2"/><W127/><G127/><T23/><D126/><U63/><E113/><V47/><F47/><W31/><G39/><T74/><D129/><U44/><E44/><V79/><AGARI ba="1,1" hai="13,14,51,53,55,58,59,62,79,83,85,94,98,103" machi="79" ten="20,5200,0" yaku="1,1,0,1,7,1,8,1,53,0" doraHai="119" doraHaiUra="33" who="2" fromWho="2" sc="225,-14,355,-27,255,65,155,-14" /><INIT seed="6,0,0,4,0,20" ten="211,328,320,141" oya="2" hai0="49,121,51,106,92,84,60,122,94,112,72,108,29" hai1="107,102,32,14,46,100,1,56,127,22,126,129,26" hai2="13,66,68,18,4,48,34,15,35,63,111,55,9" hai3="118,125,116,95,0,93,82,40,2,30,53,123,5"/><V88/><F111/><W134/><G123/><T39/><D108/><U67/><E1/><V70/><F70/><W133/><G53/><T73/><D106/><U114/><E114/><V42/><F42/><W74/><G40/><T85/><D112/><U43/><E129/><V62/><F62/><W103/><G5/><T104/><D60/><N who="1" m="38279" /><E14/><V78/><F78/><N who="3" m="44375" /><G30/><T87/><D104/><U90/><E90/><V76/><F76/><W25/><G25/><T97/><D29/><N who="1" m="17623" /><E107/><V65/><F65/><W119/><G2/><T38/><D87/><U69/><E32/><V12/><F88/><W113/><G0/><T86/><D85/><U21/><E21/><V96/><F96/><AGARI ba="0,0" hai="38,39,49,51,72,73,84,86,92,94,96,97,121,122" machi="96" ten="25,1600,0" yaku="22,2" doraHai="20" who="0" fromWho="2" sc="211,16,328,0,320,-16,141,0" /><INIT seed="7,0,0,3,1,20" ten="227,328,304,141" oya="3" hai0="37,4,3,23,80,43,48,110,26,90,53,47,91" hai1="89,71,5,94,62,93,34,84,44,17,50,109,73" hai2="6,32,21,108,85,114,72,9,63,41,68,28,102" hai3="57,87,104,67,79,60,105,65,58,125,133,39,42"/><W45/><G133/><T96/><D110/><U97/><E73/><V119/><F108/><W127/><G79/><T121/><D121/><U61/><E34/><V118/><F72/><W95/><G95/><T128/><D128/><U46/><E71/><V70/><F32/><W22/><G87/><T38/><D3/><U49/><E5/><V78/><F114/><W31/><G31/><T59/><D4/><U86/><E17/><V135/><F135/><W11/><G11/><T24/><D90/><N who="1" m="53447" /><E109/><V74/><F74/><W103/><G22/><T29/><D80/><N who="1" m="49351" /><E49/><V18/><F28/><W7/><G7/><T66/><D66/><U33/><E33/><V36/><F102/><W56/><G103/><T52/><D38/><U116/><E116/><V77/><F41/><W120/><G120/><T8/><D8/><U13/><E13/><V0/><F36/><W35/><G35/><T12/><D12/><U98/><E46/><V101/><F101/><W25/><G25/><N who="0" m="16575" /><D37/><U76/><E76/><V88/><F118/><W100/><G100/><T81/><D43/><N who="1" m="24863" /><E94/><V27/><F119/><W55/><G104/><T2/><D2/><U131/><E131/><V69/><REACH who="2" step="1"/><F63/><AGARI ba="0,0" hai="61,62,63,97,98" m="24863,49351,53447" machi="63" ten="30,1000,0" yaku="8,1" doraHai="20" who="1" fromWho="2" sc="227,0,328,10,304,-10,141,0" owari="227,-17.3,338,43.8,294,9.4,141,-35.9" /></mjloggm>