<mjloggm ver="2.3"><GO type="169" lobby="0"/><UN n0="%E3%82%80%E3%81%97%E6%AD%AF" n1="%E3%82%A8%E3%82%B0%E3%83%81%E3%80%81" n2="%E3%81%9F%E3%81%BE%E5%AD%90" n3="%58%E7%8C%AB" dan="17,17,16,16" rate="2157.18,2192.91,2139.60,2064.95" sx="M,M,M,M"/><TAIKYOKU oya="0"/><INIT seed="0,0,0,1,5,6" ten="250,250,250,250" oya="0" hai0="45,2,97,39,92,65,95,46,99,72,76,28,117" hai1="129,85,15,40,60,49,119,134,59,110,34,116,56" hai2="118,69,57,120,41,63,80,4,5,31,44,68,38" hai3="105,83,11,12,96,16,126,22,108,115,67,87,101"/><T131/><D117/><U51/><E34/><V25/><F120/><W109/><G115/><T3/><D131/><U18/><E129/><V100/><F118/><W114/><G114/><T64/><D76/><U9/><E110/><N who="3" m="42602" /><G126/><T21/><D21/><U79/><E134/><V35/><F100/><W106/><G67/><T86/><D86/><U122/><E122/><V74/><F74/><W130/><G130/><T91/><D72/><U52/><E119/><V98/><F98/><W0/><G0/><T111/><D111/><U50/><E116/><V20/><F80/><W29/><G29/><T84/><D84/><U124/><E124/><V36/><F36/><W81/><G81/><T55/><D28/><U7/><E79/><V19/><F69/><W71/><G71/><T14/><D14/><N who="1" m="5439" /><E85/><V30/><F68/><W27/><G27/><T70/><D70/><U107/><E107/><V62/><F30/><W102/><G102/><T37/><REACH who="0" step="1"/><D55/><REACH who="0" ten="240,250,250,250" step="2"/><N who="1" m="33823" /><E40/><V90/><F41/><W43/><G43/><T112/><D112/><U123/><E123/><V42/><F42/><W48/><G22/><AGARI ba="0,1" hai="15,18,22,49,50,51,52,59" m="33823,5439" machi="22" ten="30,3900,0" yaku="8,1,52,1,54,1" doraHai="6" who="1" fromWho="3" sc="240,0,250,49,250,0,250,-39" /><INIT seed="1,0,0,0,1,77" ten="240,299,250,211" oya="1" hai0="39,2,82,107,113,16,116,8,78,65,19,1,33" hai1="50,58,30,3,22,4,46,117,115,81,101,66,63" hai2="32,37,52,85,88,57,99,51,76,131,61,97,59" hai3="73,80,106,49,135,79,112,42,105,90,94,47,84"/><U98/><E115/><V102/><F37/><W9/><G112/><T125/><D116/><U11/><E117/><V69/><F131/><W100/><G135/><T103/><D113/><U20/><E30/><V21/><F32/><W7/><REACH who="3" step="1"/><G100/><REACH who="3" ten="240,299,250,201" step="2"/><T132/><D132/><U18/><E18/><V126/><F126/><W6/><G6/><T54/><D103/><U56/><E56/><V10/><F69/><W43/><G43/><T71/><D125/><U64/><E64/><N who="2" m="38959" /><F102/><W134/><G134/><T83/><D65/><U95/><REACH who="1" step="1"/><E81/><REACH who="1" ten="240,289,250,201" step="2"/><V96/><F59/><W127/><G127/><T130/><D83/><U44/><E44/><V13/><F10/><W91/><G91/><T48/><D82/><U74/><E74/><V12/><F88/><W111/><G111/><T29/><D8/><U124/><E124/><V60/><F76/><W28/><G28/><T86/><D29/><U89/><E89/><V38/><F21/><W123/><G123/><T45/><D78/><U27/><E27/><V122/><F122/><W15/><AGARI ba="0,2" hai="7,9,15,42,47,49,73,79,80,84,90,94,105,106" machi="15" ten="20,5200,0" yaku="1,1,0,1,7,1,52,1,53,0" doraHai="77" doraHaiUra="26" who="3" fromWho="3" sc="240,-13,289,-26,250,-13,201,72" /><INIT seed="2,0,0,1,5,18" ten="227,263,237,273" oya="2" hai0="92,91,71,111,50,118,13,84,36,33,80,45,82" hai1="39,89,57,98,24,95,61,30,120,93,87,128,52" hai2="78,11,75,90,23,103,25,119,62,67,0,63,121" hai3="55,83,72,42,106,124,46,27,102,115,112,97,131"/><V59/><F119/><W56/><G131/><T43/><D118/><U32/><E128/><V122/><F103/><W37/><G124/><T101/><D111/><U10/><E120/><V81/><F90/><W41/><G41/><T53/><D33/><U135/><E135/><V108/><F108/><W77/><G56/><T12/><D71/><U132/><E132/><V34/><F34/><W51/><G51/><T4/><D4/><U7/><E39/><V85/><F75/><W125/><G55/><T88/><D101/><U5/><REACH who="1" step="1"/><E10/><REACH who="1" ten="227,253,237,273" step="2"/><V96/><F11/><W76/><G125/><T113/><D113/><U126/><E126/><V17/><F0/><W40/><G40/><T107/><D107/><U48/><E48/><V1/><F1/><W117/><G117/><T74/><D74/><U15/><E15/><V47/><F96/><W2/><G2/><T29/><D36/><U22/><E22/><V9/><F9/><W8/><G8/><T38/><D38/><U94/><E94/><V19/><F121/><W134/><G134/><T58/><D82/><U123/><E123/><V86/><F122/><W116/><G116/><T66/><D13/><U127/><E127/><V109/><F109/><W16/><G83/><T73/><D12/><U114/><E114/><N who="3" m="43562" /><G72/><T3/><D73/><U104/><E104/><V21/><F86/><W44/><G44/><T129/><D129/><U26/><E26/><N who="2" m="14639" /><F47/><W49/><G37/><T68/><D3/><U20/><E20/><AGARI ba="0,1" hai="16,20,27,42,46,49,76,77,97,102,106" m="43562" machi="20" ten="30,3900,0" yaku="11,1,52,1,54,1" doraHai="18" who="3" fromWho="1" sc="227,0,253,-39,237,0,273,49" /><INIT seed="3,0,0,1,0,3" ten="227,214,237,322" oya="3" hai0="80,13,8,72,78,108,22,91,51,11,47,84,29" hai1="35,88,2,130,70,66,79,116,43,98,23,21,113" hai2="83,24,17,45,32,14,115,49,46,40,74,65,135" hai3="96,71,25,28,58,132,73,59,26,18,104,105,7"/><W41/><G73/><T0/><D108/><U77/><E113/><V122/><F115/><W111/><G41/><T62/><D0/><U103/><E130/><V12/><F135/><W87/><G87/><T128/><D128/><U76/><E116/><V36/><F122/><W99/><G71/><T90/><D62/><U100/><E35/><V33/><F65/><W94/><G94/><T86/><D72/><U126/><E126/><V68/><F68/><W53/><G18/><T20/><D78/><U6/><E43/><V106/><F106/><W52/><G28/><T34/><D34/><U67/><E88/><V102/><F102/><W15/><G15/><T31/><D31/><U133/><E133/><V127/><F24/><W117/><G132/><T101/><D101/><U19/><E70/><V89/><F12/><W81/><G81/><N who="0" m="49423" /><D29/><U64/><E19/><V95/><F74/><W82/><G82/><T37/><D37/><U54/><E54/><N who="2" m="29999" /><F95/><W120/><G111/><T1/><D1/><U85/><E103/><V30/><F30/><W114/><G114/><T42/><D11/><U9/><REACH who="1" step="1"/><E85/><REACH who="1" ten="227,204,237,322" step="2"/><N who="2" m="50367" /><F127/><W125/><G125/><T38/><D38/><U61/><E61/><V121/><F121/><W55/><G120/><T5/><AGARI ba="0,1" hai="5,8,13,20,22,42,47,51,80,86,91" m="49423" machi="5" ten="30,2000,0" yaku="8,1,52,1" doraHai="3" who="0" fromWho="0" sc="227,30,204,-5,237,-5,322,-10" /><INIT seed="4,0,0,5,4,105" ten="257,199,232,312" oya="0" hai0="41,81,44,67,110,76,33,50,42,129,130,74,5" hai1="11,9,124,118,35,31,117,80,121,95,75,18,107" hai2="26,37,96,57,88,119,70,1,59,113,93,120,48" hai3="127,112,131,68,85,3,8,71,83,47,116,40,132"/><T99/><D33/><U111/><E107/><V102/><F37/><W32/><G116/><T73/><D110/><U122/><E111/><V21/><F120/><N who="1" m="46185" /><E95/><V34/><F70/><W82/><G32/><T97/><D67/><U134/><E80/><V66/><F1/><W103/><G103/><T84/><D41/><U54/><E54/><V72/><F113/><W90/><G112/><T27/><D27/><N who="1" m="18943" /><E75/><N who="0" m="28681" /><D5/><U115/><E115/><V60/><F72/><W12/><G132/><T86/><D86/><U51/><E51/><V14/><F14/><W24/><G24/><T133/><D133/><U25/><E134/><V53/><F34/><W56/><G56/><T4/><D4/><U28/><E124/><V106/><F119/><N who="1" m="45577" /><E28/><N who="2" m="17487" /><F106/><W114/><G127/><T61/><D61/><U39/><E39/><V123/><F123/><W79/><G114/><T126/><D126/><U7/><E7/><V64/><F66/><W101/><G3/><T55/><D55/><U22/><AGARI ba="0,0" hai="9,11,18,22,25" m="45577,18943,46185" machi="22" ten="40,2700,0" yaku="34,2" doraHai="105" who="1" fromWho="1" sc="257,-13,199,27,232,-7,312,-7" /><INIT seed="5,0,0,3,2,76" ten="244,226,225,305" oya="1" hai0="8,28,5,39,86,15,0,107,89,7,90,84,101" hai1="67,87,56,104,108,98,2,110,46,66,75,61,63" hai2="111,52,65,57,106,53,51,47,24,129,30,78,114" hai3="38,44,37,29,113,50,91,70,74,134,33,77,115"/><U69/><E75/><V36/><F111/><N who="1" m="42537" /><E2/><V116/><F116/><W19/><G70/><T62/><D39/><U135/><E135/><V6/><F129/><W59/><G134/><T105/><D28/><U95/><E104/><V27/><F106/><W100/><G100/><T41/><D41/><U43/><E87/><V124/><F124/><W125/><G59/><T55/><D101/><U25/><E25/><V83/><F114/><W26/><G19/><T128/><D128/><U34/><E34/><V23/><F6/><W35/><G91/><T81/><D0/><U9/><E9/><V42/><F27/><W58/><G58/><N who="0" m="35167" /><D107/><U72/><E72/><V127/><F127/><W85/><G74/><T64/><D105/><U20/><E20/><V10/><F10/><W60/><G60/><T80/><D64/><N who="1" m="41103" /><E95/><V109/><F109/><W79/><G33/><T71/><D71/><U118/><E98/><V13/><F13/><W97/><G97/><T93/><D5/><U17/><E17/><V103/><F103/><W123/><G85/><T82/><AGARI ba="0,0" hai="7,8,15,80,81,82,84,86,89,90,93" m="35167" machi="82" ten="30,7900,0" yaku="8,1,52,3" doraHai="76" who="0" fromWho="0" sc="244,79,226,-39,225,-20,305,-20" /><INIT seed="6,0,0,0,2,114" ten="323,187,205,285" oya="2" hai0="43,65,86,127,72,64,69,104,128,27,59,81,40" hai1="32,0,35,42,98,38,94,76,85,111,80,99,60" hai2="89,106,25,112,125,102,41,14,45,84,57,71,48" hai3="97,28,90,37,88,117,7,103,5,77,75,66,95"/><V87/><F71/><W19/><G37/><T123/><D123/><U61/><E111/><V51/><F112/><W49/><G117/><T22/><D104/><U122/><E122/><V20/><F125/><W15/><G28/><T62/><D72/><U63/><E0/><V55/><F106/><W24/><G24/><T52/><D127/><U110/><E110/><V11/><F102/><W121/><G121/><T10/><D10/><U56/><E38/><V96/><F96/><W44/><G66/><N who="0" m="25707" /><D69/><U3/><E3/><V13/><F11/><N who="3" m="6655" /><G77/><N who="0" m="46383" /><D128/><U70/><E42/><V46/><F57/><W53/><G75/><T73/><D73/><U116/><E116/><V78/><F84/><W133/><G133/><T115/><D115/><U33/><E70/><V67/><F67/><W93/><G103/><T23/><D23/><U36/><E36/><V6/><F6/><W92/><G92/><T109/><D109/><U26/><E56/><V16/><REACH who="2" step="1"/><F78/><REACH who="2" ten="323,187,195,285" step="2"/><W50/><G5/><T100/><D100/><U126/><E126/><V91/><F91/><W39/><G7/><T132/><D132/><U2/><E2/><V12/><F12/><W1/><G1/><T8/><D8/><U79/><E79/><V134/><F134/><W29/><G90/><T34/><D59/><U105/><E105/><V107/><F107/><W124/><G124/><T101/><D101/><N who="1" m="60631" /><E99/><V4/><F4/><W135/><G135/><T118/><D118/><U82/><E82/><AGARI ba="0,1" hai="13,14,16,20,25,41,45,46,48,51,55,82,87,89" machi="82" ten="30,11600,0" yaku="1,1,7,1,8,1,54,1,53,0" doraHai="114" doraHaiUra="120" who="2" fromWho="1" sc="323,0,187,-116,195,126,285,0" /><INIT seed="6,1,0,4,3,7" ten="323,71,321,285" oya="2" hai0="37,62,128,96,100,80,12,34,44,22,58,43,24" hai1="25,40,118,71,38,33,11,54,91,119,51,77,115" hai2="30,59,134,130,31,4,133,61,63,6,98,21,28" hai3="90,68,99,53,41,114,122,64,113,9,72,36,46"/><V73/><F73/><W2/><G122/><T83/><D128/><U60/><E115/><N who="3" m="44042" /><G72/><T81/><D34/><U94/><E77/><V131/><F98/><W1/><G53/><T5/><D5/><N who="2" m="2154" /><F21/><W23/><G23/><T35/><D35/><U121/><E121/><V97/><F97/><W109/><G109/><T50/><D12/><U123/><E123/><V95/><F95/><N who="3" m="56823" /><G9/><T124/><D124/><U127/><E127/><V110/><F110/><W117/><G117/><T49/><D96/><U42/><E119/><V92/><F92/><W16/><G16/><T82/><D100/><U0/><E118/><V106/><F106/><W27/><G27/><T65/><N who="0" m="20480" /><DORA hai="15" /><T3/><REACH who="0" step="1"/><D3/><REACH who="0" ten="313,71,321,285" step="2"/><U70/><E0/><V79/><F79/><W75/><G75/><T112/><D112/><U18/><E33/><V74/><F74/><W126/><G126/><T89/><D89/><U56/><E25/><V57/><F130/><W17/><G17/><AGARI ba="1,1" hai="17,22,24,37,43,44,49,50,58,62,65" m="20480" machi="17" ten="50,8000,1" yaku="1,1,52,1,53,2" doraHai="7,15" doraHaiUra="48,45" who="0" fromWho="3" sc="313,93,71,0,321,0,285,-83" /><INIT seed="7,0,0,4,1,49" ten="406,71,321,202" oya="3" hai0="58,9,126,132,51,135,12,32,82,101,102,134,22" hai1="43,11,14,42,68,95,44,21,120,40,117,20,108" hai2="104,91,7,97,98,61,19,0,62,37,131,54,59" hai3="15,83,31,73,74,121,5,119,106,41,25,17,86"/><W2/><G121/><T39/><D39/><U34/><E108/><V65/><F131/><W81/><G119/><T105/><D32/><U66/><E120/><V4/><F37/><W124/><G106/><T96/><D102/><U1/><E34/><V113/><F113/><W128/><G41/><T24/><D82/><U130/><E130/><V47/><F0/><W50/><G128/><T125/><D51/><U69/><E1/><V78/><F78/><W123/><G123/><T99/><D99/><U114/><E117/><V63/><F104/><W33/><G83/><T60/><D22/><U79/><E79/><V46/><F97/><W77/><G124/><T3/><D24/><U93/><E114/><V8/><F19/><W122/><G122/><T36/><D36/><U23/><E66/><V6/><F8/><W118/><G118/><T112/><D3/><U53/><E44/><V133/><F133/><W64/><G64/><N who="0" m="38935" /><D112/><U88/><E88/><V28/><F28/><W48/><G74/><T84/><D84/><U100/><E100/><V35/><F35/><W56/><G56/><T116/><D116/><U110/><E110/><V30/><F30/><W115/><G73/><T27/><D27/><U89/><E89/><V107/><F107/><W76/><G76/><T26/><D26/><U52/><E14/><V70/><F63/><W103/><G103/><T75/><D75/><U13/><E13/><V71/><F70/><N who="1" m="27241" /><E11/><V80/><F80/><W90/><G77/><T111/><D111/><U10/><E10/><V127/><F127/><N who="0" m="48650" /><D9/><U18/><E18/><V45/><F91/><RYUUKYOKU ba="0,0" sc="406,10,71,10,321,10,202,-30" hai0="12,96,101,105,132,134,135" hai1="20,21,23,40,42,43,52,53,93,95" hai2="4,6,7,45,46,47,54,59,61,62,65,71,98" owari="416,51.6,81,-41.9,331,13.1,172,-22.8" /></mjloggm>