<mjloggm ver="2.3"><GO type="169" lobby="0"/><UN n0="%E8%99%9A%E6%B7%B5%E7%8E%84" n1="%41%6E%6B%6F%61%6E%6B%6F" n2="%E5%BA%84%E5%8F%B8%E5%81%A5%E5%A4%AA%E6%9C%97" n3="%E3%83%A1%E3%82%BF%E3%82%B9%E3%82%B3%E3%82%A2" dan="17,16,16,17" rate="2194.38,2141.85,2064.45,2128.05" sx="M,F,M,M"/><TAIKYOKU oya="0"/><INIT seed="0,0,0,1,1,32" ten="250,250,250,250" oya="0" hai0="9,15,74,49,38,81,42,48,30,101,2,29,58" hai1="16,108,24,90,95,98,129,45,33,4,51,78,14" hai2="66,39,103,125,28,115,82,131,61,97,46,47,0" hai3="105,50,96,110,70,91,26,18,113,6,43,64,11"/><T37/><D101/><U133/><E108/><V53/><F131/><W67/><G113/><T62/><D74/><U132/><E129/><V84/><F125/><W130/><G130/><T89/><D2/><U73/><E4/><V76/><F115/><W44/><G110/><T126/><D126/><U57/><E57/><V55/><F28/><N who="0" m="10858" /><D37/><U19/><E33/><V124/><F124/><W122/><G122/><T83/><D38/><U80/><E24/><V65/><F65/><W100/><G70/><T107/><D107/><U59/><E59/><V71/><F0/><W99/><G99/><T63/><D89/><U109/><E109/><V1/><F1/><W56/><G91/><T12/><D42/><U119/><E119/><V118/><F118/><W35/><G56/><T104/><D104/><U114/><E114/><V116/><F116/><W36/><G36/><T13/><D9/><U54/><REACH who="1" step="1"/><E19/><REACH who="1" ten="250,240,250,250" step="2"/><V10/><F71/><W94/><G35/><T52/><D63/><U41/><E41/><V17/><F61/><W79/><G6/><T75/><D75/><U88/><E88/><V134/><F103/><W111/><G111/><T25/><D25/><U72/><E72/><V102/><F102/><W121/><G26/><T112/><D112/><U60/><E60/><V22/><F17/><W34/><G18/><T92/><D92/><U120/><E120/><V8/><F46/><W93/><G121/><T3/><D3/><U127/><E127/><V69/><F47/><W27/><G44/><T117/><D117/><U5/><E5/><V68/><F69/><W135/><G34/><RYUUKYOKU ba="0,1" sc="250,15,240,15,250,-15,250,-15" hai0="12,13,15,48,49,52,58,62,81,83" hai1="14,16,45,51,54,73,78,80,90,95,98,132,133" /><INIT seed="0,1,1,1,2,20" ten="265,255,235,235" oya="0" hai0="85,112,60,10,121,1,65,106,49,13,93,47,72" hai1="64,104,86,129,79,66,48,110,81,8,67,133,76" hai2="73,87,88,80,45,7,90,37,41,127,118,0,61" hai3="130,54,100,82,126,70,53,77,4,2,117,56,42"/><T74/><D106/><U6/><E104/><V91/><F127/><W116/><G70/><T17/><D121/><U111/><E133/><V22/><F118/><W9/><G126/><T52/><D112/><U115/><E115/><V95/><F61/><W14/><G130/><T125/><D125/><U69/><E129/><V46/><F46/><W19/><G100/><T5/><D93/><U18/><E18/><V75/><F22/><W101/><G101/><T89/><D1/><U120/><E120/><V39/><F37/><W58/><G42/><T33/><D33/><U16/><E16/><V131/><F131/><W12/><G2/><T26/><D5/><U30/><E30/><V27/><F27/><W109/><G109/><N who="1" m="41482" /><E48/><V98/><REACH who="2" step="1"/><F91/><REACH who="2" ten="265,255,225,235" step="2"/><W135/><G117/><T92/><REACH who="0" step="1"/><D26/><REACH who="0" ten="255,255,225,235" step="2"/><U24/><E24/><V107/><F107/><W38/><G116/><T99/><D99/><U128/><E128/><V51/><F51/><W84/><G38/><T94/><D94/><U43/><E69/><AGARI ba="1,3" hai="10,13,17,47,49,52,60,65,69,72,74,85,89,92" machi="69" ten="30,5800,0" yaku="1,1,7,1,54,1,53,0" doraHai="20" doraHaiUra="123" who="0" fromWho="1" sc="255,91,255,-61,225,0,235,0" /><INIT seed="0,2,0,5,4,85" ten="346,194,225,235" oya="0" hai0="40,76,13,21,37,72,14,92,19,121,48,100,51" hai1="131,11,116,34,132,91,39,120,32,2,15,63,119" hai2="111,41,90,24,78,59,80,4,18,81,65,36,135" hai3="70,69,117,126,108,7,86,10,107,23,110,55,30"/><T89/><D121/><U73/><E73/><V99/><F111/><W83/><G117/><T42/><D100/><U25/><E39/><V56/><F65/><W82/><G107/><T27/><D76/><U28/><E120/><V104/><F4/><W74/><G74/><T6/><D72/><U97/><E132/><V16/><F135/><W109/><G126/><T75/><D37/><U94/><E131/><V50/><F36/><W84/><G55/><T113/><D113/><U62/><E34/><V60/><F24/><N who="3" m="16671" /><G83/><T87/><D75/><U133/><E133/><V118/><F118/><W125/><G125/><T61/><D61/><U115/><E115/><V128/><F128/><W88/><G84/><T58/><D6/><U1/><E119/><V17/><F60/><W46/><G46/><N who="0" m="25671" /><D58/><U57/><E63/><V122/><F122/><W20/><G20/><T22/><D22/><U112/><E112/><V33/><F33/><W31/><G31/><T35/><D35/><U79/><E79/><V8/><F104/><W127/><G127/><T44/><AGARI ba="2,0" hai="13,14,19,21,27,42,44,51,87,89,92" m="25671" machi="44" ten="30,3000,0" yaku="8,1,52,1" doraHai="85" who="0" fromWho="0" sc="346,36,194,-12,225,-12,235,-12" /><INIT seed="0,3,0,4,0,105" ten="382,182,213,223" oya="0" hai0="68,36,103,58,30,100,126,14,15,79,0,61,38" hai1="124,35,75,135,67,80,106,12,21,62,63,125,127" hai2="16,1,123,112,92,50,109,51,110,33,28,18,121" hai3="72,29,8,59,83,130,90,117,94,7,25,13,64"/><T32/><D0/><U39/><E35/><V70/><F70/><W48/><G117/><T97/><D126/><U54/><E39/><V52/><F112/><W11/><G130/><T128/><D128/><U73/><E106/><V133/><F1/><W22/><G11/><T60/><D79/><U43/><E43/><V78/><F133/><W107/><G107/><T99/><D58/><N who="1" m="35159" /><E80/><V46/><F78/><W45/><G83/><T119/><D30/><U41/><E41/><V96/><F51/><W84/><G72/><N who="1" m="27722" /><E135/><V86/><F86/><W6/><G6/><T31/><D31/><U66/><E63/><V115/><F115/><W129/><G129/><T17/><D32/><U87/><E87/><V49/><F49/><W104/><G104/><T23/><D68/><U44/><E44/><V81/><F81/><W53/><G64/><T74/><D74/><U42/><E42/><V98/><F98/><W19/><G7/><T101/><D119/><U122/><E122/><N who="2" m="46603" /><F28/><W113/><G113/><T20/><D101/><U69/><E69/><V56/><F56/><AGARI ba="3,0" hai="8,13,19,22,25,29,45,48,53,56,59,84,90,94" machi="56" ten="40,1300,0" yaku="8,1" doraHai="105" who="3" fromWho="2" sc="382,0,182,0,213,-22,223,22" /><INIT seed="1,0,0,1,2,97" ten="382,182,191,245" oya="1" hai0="107,47,83,27,31,23,100,109,99,56,49,43,131" hai1="130,122,79,35,81,37,29,117,116,45,21,61,17" hai2="127,82,108,95,39,110,36,19,57,85,92,65,70" hai3="13,91,133,44,75,86,0,103,4,15,80,14,125"/><U12/><E122/><V25/><F70/><W48/><G125/><T102/><D109/><N who="2" m="42090" /><F127/><W101/><G133/><T71/><D131/><U68/><E130/><V77/><F65/><W89/><G75/><T123/><D71/><U26/><E68/><V50/><F57/><W2/><G89/><T8/><D123/><U52/><E37/><N who="2" m="14411" /><F50/><W60/><G60/><T9/><D102/><N who="3" m="38921" /><G0/><T7/><D7/><U3/><E3/><V106/><F106/><W16/><G2/><T104/><D104/><U135/><E135/><V87/><F85/><W126/><G4/><T121/><D121/><U134/><E134/><V88/><F77/><W46/><G126/><T73/><D56/><U55/><E61/><V18/><F95/><W64/><G64/><T58/><D58/><U128/><E128/><V67/><F67/><W62/><G62/><T28/><D73/><U24/><E45/><N who="3" m="17514" /><G48/><T51/><D51/><U1/><E1/><V78/><F78/><W53/><G53/><T124/><D124/><U74/><REACH who="1" step="1"/><E26/><REACH who="1" ten="382,172,191,245" step="2"/><V98/><F25/><W114/><G114/><T69/><D69/><U33/><E33/><V118/><F98/><W41/><G41/><T40/><D40/><U113/><E113/><V38/><F38/><W93/><G80/><T76/><D83/><U5/><E5/><V94/><F82/><W84/><G84/><T90/><D43/><U120/><E120/><V63/><F63/><W10/><AGARI ba="0,1" hai="10,13,14,15,16,86,91,93" m="17514,38921" machi="10" ten="30,8000,1" yaku="8,1,52,3,54,1" doraHai="97" who="3" fromWho="3" sc="382,-20,172,-40,191,-20,245,90" /><INIT seed="2,0,0,1,1,20" ten="362,132,171,335" oya="2" hai0="69,132,66,92,47,21,88,113,61,25,87,105,76" hai1="71,60,94,15,5,44,0,48,117,115,39,89,46" hai2="102,70,83,124,7,77,68,78,118,123,8,17,50" hai3="64,32,29,131,126,3,35,114,52,127,129,110,51"/><V1/><F118/><W23/><G64/><T34/><D113/><U6/><E115/><V128/><F123/><W11/><G114/><T80/><D132/><U41/><E117/><V122/><F122/><W79/><G79/><T40/><D105/><U90/><E0/><V43/><F78/><W101/><G101/><T55/><D34/><N who="3" m="12841" /><G110/><T81/><D55/><U24/><E15/><V106/><F124/><N who="3" m="47659" /><G51/><T135/><D135/><U16/><E71/><V134/><F128/><N who="3" m="49227" /><G52/><T2/><D76/><U100/><E60/><V97/><F134/><W111/><G111/><T31/><REACH who="0" step="1"/><D2/><REACH who="0" ten="352,132,171,335" step="2"/><U130/><E130/><V26/><F43/><W57/><G57/><T49/><AGARI ba="0,1" hai="21,25,31,40,47,49,61,66,69,80,81,87,88,92" machi="49" ten="20,12000,2" yaku="1,1,2,1,0,1,7,1,52,1,54,1,53,1" doraHai="20" doraHaiUra="45" who="0" fromWho="0" sc="352,130,132,-30,171,-60,335,-30" /><INIT seed="3,0,0,5,4,1" ten="482,102,111,305" oya="3" hai0="92,128,106,67,134,71,110,80,95,25,75,88,46" hai1="126,16,17,54,33,39,103,76,63,50,10,62,118" hai2="21,28,119,23,86,85,60,89,29,121,111,129,104" hai3="107,57,41,79,58,26,123,116,5,4,59,35,68"/><W100/><G116/><T74/><D110/><U101/><E39/><V24/><F119/><W105/><G123/><T51/><D106/><U120/><E118/><V38/><F111/><W98/><G68/><T94/><D128/><U83/><E120/><V61/><F38/><W77/><G41/><T115/><D134/><U69/><E33/><V114/><F114/><W53/><G105/><T37/><D25/><U64/><E126/><V48/><F104/><W102/><G100/><T70/><D67/><U112/><E63/><V43/><F129/><W0/><G0/><T49/><D80/><U40/><E40/><V97/><F97/><W131/><G131/><T45/><D37/><U18/><E112/><V13/><F86/><W78/><REACH who="3" step="1"/><G53/><REACH who="3" ten="482,102,111,295" step="2"/><T87/><D115/><U20/><E103/><V42/><F42/><W27/><G27/><T109/><D109/><U117/><E101/><V15/><F121/><W6/><G6/><T72/><D71/><U47/><E117/><V32/><F43/><W113/><G113/><T14/><D70/><U19/><E10/><V9/><F24/><W73/><G73/><T30/><D74/><U56/><E69/><V82/><F9/><W130/><G130/><T81/><D72/><U66/><E66/><V99/><F15/><W44/><G44/><T11/><D75/><U22/><N who="1" m="4096" /><DORA hai="7" /><U2/><E2/><V125/><F13/><W135/><G135/><T96/><D46/><U52/><E64/><V124/><F125/><W93/><G93/><T12/><D45/><U31/><E47/><V91/><F124/><W65/><G65/><RYUUKYOKU ba="0,1" sc="482,-10,102,-10,111,-10,295,30" hai3="4,5,26,35,57,58,59,77,78,79,98,102,107" /><INIT seed="3,1,1,0,2,67" ten="472,92,101,325" oya="3" hai0="64,11,35,95,100,128,15,96,76,109,58,78,120" hai1="71,66,122,27,99,90,42,132,31,0,80,5,49" hai2="48,14,54,47,104,98,39,123,46,62,73,2,106" hai3="23,87,114,75,60,12,127,116,97,131,84,63,103"/><W59/><G114/><T69/><D120/><U16/><E122/><V32/><F2/><W70/><G116/><T134/><D35/><U36/><E132/><V91/><F73/><W117/><G117/><T28/><D69/><U3/><E36/><V118/><F32/><W56/><G75/><T51/><D28/><U101/><E5/><V38/><F118/><W9/><G127/><T4/><D109/><U105/><E42/><V113/><F113/><W94/><G131/><T74/><D134/><U22/><E49/><V45/><F106/><W89/><G23/><T18/><D74/><U43/><E43/><V44/><F14/><W82/><G84/><T126/><D126/><U133/><E133/><V102/><F123/><W24/><G24/><T79/><D128/><U86/><REACH who="1" step="1"/><E31/><REACH who="1" ten="472,82,101,325" step="2"/><V1/><F39/><W37/><G37/><T93/><D51/><U130/><E130/><V68/><F38/><W83/><G63/><AGARI ba="1,2" hai="0,3,16,22,27,63,66,71,80,86,90,99,101,105" machi="63" ten="40,5200,0" yaku="1,1,52,1,54,1,53,0" doraHai="67" doraHaiUra="135" who="1" fromWho="3" sc="472,0,82,75,101,0,325,-55" /><INIT seed="4,0,0,1,2,5" ten="472,157,101,270" oya="0" hai0="43,120,95,130,6,86,46,29,66,22,105,16,112" hai1="85,9,129,58,83,118,35,39,125,54,128,77,44" hai2="115,25,131,42,117,14,15,37,109,57,70,124,89" hai3="24,72,88,19,68,1,27,59,93,127,78,104,28"/><T60/><D120/><U102/><E118/><V71/><F89/><W64/><G68/><T41/><D105/><U4/><E35/><V135/><F25/><W13/><G104/><T30/><D112/><U90/><E125/><V100/><F100/><W3/><G127/><T49/><D6/><U21/><E102/><V126/><F109/><W101/><G101/><T26/><D130/><U34/><E34/><V119/><F57/><W81/><G64/><T33/><D41/><U67/><E21/><V107/><F107/><W65/><G65/><T113/><D113/><U48/><E90/><V132/><F42/><W91/><G59/><N who="0" m="37151" /><D33/><U53/><E67/><V103/><F103/><W134/><G134/><T45/><D45/><U40/><REACH who="1" step="1"/><E54/><REACH who="1" ten="472,147,101,270" step="2"/><V56/><F115/><W11/><G91/><AGARI ba="0,1" hai="16,22,26,29,30,43,46,49,86,91,95" m="37151" machi="91" ten="30,2900,0" yaku="8,1,54,1" doraHai="5" who="0" fromWho="3" sc="472,39,147,0,101,0,270,-29" /><INIT seed="4,1,0,5,2,95" ten="511,147,101,241" oya="0" hai0="45,41,43,20,23,42,87,61,7,109,60,0,16" hai1="71,106,70,48,81,13,62,32,37,1,17,116,14" hai2="54,135,113,98,63,66,82,27,119,100,58,117,133" hai3="104,52,26,85,123,31,57,40,89,53,28,92,108"/><T55/><D0/><U22/><E37/><V94/><F113/><W130/><G108/><T68/><D7/><U134/><E32/><V101/><F82/><W35/><G130/><T88/><D68/><U38/><E38/><V126/><F126/><W83/><G123/><T6/><D6/><U107/><E1/><V90/><F66/><W103/><G104/><T29/><D29/><U86/><E116/><N who="2" m="44619" /><F27/><W30/><G40/><T39/><D23/><U64/><E134/><AGARI ba="1,0" hai="54,58,63,90,94,98,100,101,133,134,135" m="44619" machi="134" ten="30,3900,0" yaku="20,1,12,1,52,1" doraHai="95" who="2" fromWho="1" sc="511,0,147,-42,101,42,241,0" /><INIT seed="5,0,0,4,5,39" ten="511,105,143,241" oya="1" hai0="58,69,60,119,73,121,118,19,8,1,86,22,92" hai1="80,59,77,134,123,15,5,91,75,66,114,130,38" hai2="120,127,132,133,26,109,11,23,117,98,96,82,112" hai3="14,25,104,107,21,135,105,94,79,108,20,55,16"/><U71/><E123/><V57/><F109/><W49/><G108/><T106/><D73/><U48/><E114/><V70/><F70/><W97/><G135/><T37/><D106/><U110/><E110/><V65/><F117/><W29/><G79/><T9/><D69/><U43/><E134/><N who="2" m="51819" /><F120/><W54/><REACH who="3" step="1"/><G49/><REACH who="3" ten="511,105,143,231" step="2"/><T41/><D121/><U72/><E48/><V46/><F112/><W31/><G31/><T56/><D119/><U2/><E77/><V89/><F127/><W125/><G125/><T10/><D118/><U116/><E116/><V76/><F76/><W42/><G42/><T4/><D41/><U6/><E43/><V7/><F98/><W128/><G128/><T84/><D37/><U28/><E38/><V111/><F96/><W67/><G67/><T0/><D0/><U68/><E28/><V34/><F65/><W78/><G78/><T13/><D1/><U47/><E66/><V95/><F111/><W83/><G83/><T100/><D84/><U85/><E2/><V35/><F82/><W53/><G53/><T103/><D86/><U126/><E126/><V52/><F52/><W81/><G81/><T50/><D50/><U45/><E80/><V61/><F46/><W12/><G12/><T102/><D13/><U18/><E15/><V44/><F44/><W40/><G40/><T32/><D60/><U115/><E85/><V113/><F113/><W30/><G30/><T90/><D56/><U33/><E115/><V87/><F57/><W24/><G24/><T124/><D58/><U36/><E59/><V129/><F61/><W122/><G122/><RYUUKYOKU ba="0,1" sc="511,-10,105,-10,143,-10,231,30" hai3="14,16,20,21,25,29,54,55,94,97,104,105,107" /><INIT seed="6,1,1,2,0,115" ten="501,95,133,261" oya="2" hai0="103,58,91,81,97,24,96,127,11,12,55,78,133" hai1="65,129,119,2,44,13,1,56,9,114,95,43,3" hai2="132,70,62,108,17,69,92,128,33,131,40,74,6" hai3="42,82,71,60,117,121,79,88,49,46,23,68,10"/><V110/><F132/><W111/><G121/><T15/><D127/><U39/><E114/><V52/><F74/><W38/><G111/><N who="2" m="42537" /><F33/><W112/><G117/><T106/><D24/><U50/><E129/><N who="2" m="49739" /><F6/><W104/><G104/><T51/><D133/><U20/><E119/><V116/><F116/><W99/><G38/><T64/><D64/><U84/><E20/><V4/><F4/><W85/><G112/><T124/><D124/><U31/><E31/><V61/><F92/><W102/><G23/><T48/><D11/><U109/><E109/><V120/><F120/><W16/><G60/><N who="2" m="23145" /><F17/><W87/><G16/><T29/><D29/><U37/><E65/><V14/><F14/><W98/><G102/><T101/><D101/><U22/><E22/><V118/><F118/><W76/><G10/><T5/><D5/><U0/><E0/><V47/><F52/><W25/><G25/><T100/><D12/><U26/><E26/><V75/><F75/><W93/><G79/><T125/><D78/><U45/><E13/><V36/><AGARI ba="1,1" hai="36,40,47,69,70" m="23145,49739,42537" machi="36" ten="40,12000,1" yaku="10,1,19,1,34,2" doraHai="115" who="2" fromWho="2" sc="501,-41,95,-41,133,133,261,-41" /><INIT seed="6,2,0,5,0,88" ten="460,54,266,220" oya="2" hai0="75,73,42,126,2,53,135,69,39,27,1,60,97" hai1="116,110,68,17,57,130,43,114,67,54,115,49,91" hai2="15,13,12,51,107,63,79,134,4,119,65,32,0" hai3="131,122,36,104,111,82,56,74,20,22,7,99,102"/><V47/><F119/><W5/><G122/><T108/><D108/><U34/><E34/><V9/><F32/><W106/><G111/><T46/><D126/><U48/><E110/><V109/><F109/><W94/><G131/><T10/><D135/><U21/><E116/><V8/><F107/><W83/><G36/><T92/><D27/><U37/><E130/><V70/><F79/><W19/><G74/><T103/><D53/><U86/><E37/><V16/><REACH who="2" step="1"/><F134/><REACH who="2" ten="460,54,256,220" step="2"/><W123/><G104/><T28/><D73/><U87/><E115/><V6/><F6/><W124/><G106/><T66/><D75/><U76/><E114/><V133/><F133/><W81/><G5/><T26/><D10/><U14/><E76/><V31/><F31/><W30/><G7/><T58/><D69/><U35/><E35/><AGARI ba="2,1" hai="1,2,26,28,35,39,42,46,58,60,66,92,97,103" machi="35" ten="30,2000,0" yaku="7,1,52,1" doraHai="88" who="0" fromWho="1" sc="460,36,54,-26,256,0,220,0" /><INIT seed="7,0,0,2,1,121" ten="496,28,256,220" oya="3" hai0="72,68,1,128,4,54,47,43,25,37,114,116,105" hai1="74,104,109,49,93,120,84,67,107,52,70,0,118" hai2="32,9,38,108,33,106,62,103,63,133,30,23,97" hai3="10,85,79,15,28,86,119,66,125,100,12,75,111"/><W45/><G119/><T123/><RYUUKYOKU type="yao9" ba="0,0" sc="496,0,28,0,256,0,220,0" hai0="1,4,25,37,43,47,54,68,72,105,114,116,123,128" /><INIT seed="7,1,0,1,3,94" ten="496,28,256,220" oya="3" hai0="5,57,101,33,12,99,95,21,48,90,6,129,19" hai1="62,13,102,117,32,116,9,29,126,46,107,106,80" hai2="40,42,27,104,75,127,11,135,130,78,35,120,113" hai3="23,43,68,15,55,24,25,69,1,77,31,87,115"/><W17/><G115/><T2/><D129/><U66/><E126/><V133/><F130/><W10/><G43/><N who="2" m="16425" /><F113/><W109/><G109/><T63/><D33/><U98/><E107/><V38/><F38/><W45/><G1/><T28/><D28/><U41/><E13/><V22/><F127/><W4/><G55/><N who="0" m="31975" /><D2/><U20/><E20/><V64/><F120/><W67/><G45/><T128/><D128/><U108/><E108/><V54/><F104/><W36/><G36/><T92/><D63/><U97/><E9/><V53/><F35/><W73/><G73/><T18/><D18/><U34/><E80/><N who="2" m="45151" /><F11/><W59/><G59/><T85/><AGARI ba="1,0" hai="5,6,12,19,21,85,90,92,95,99,101" m="31975" machi="85" ten="30,4000,0" yaku="25,1,8,1,52,1" doraHai="94" who="0" fromWho="0" sc="496,43,28,-11,256,-11,220,-21" owari="539,63.9,17,-48.3,245,4.5,199,-20.1" /></mjloggm>