<mjloggm ver="2.3"><GO type="169" lobby="0"/><UN n0="%E3%81%88%E3%81%84%E3%81%8D%E3%81%A1%40%35%6D%66" n1="%70%6F%6E%2D%65%6E" n2="%E7%B4%8D%E5%8D%9A%E7%A7%91%E5%A4%AB" n3="%E3%82%86%E3%81%86%E3%82%86%E3%81%8D" dan="17,16,16,16" rate="2206.20,2139.14,2141.71,2211.44" sx="M,F,F,M"/><TAIKYOKU oya="0"/><INIT seed="0,0,0,4,5,101" ten="250,250,250,250" oya="0" hai0="71,32,35,12,41,103,99,86,42,29,130,9,134" hai1="19,121,94,118,66,28,87,129,62,63,3,27,122" hai2="5,57,10,51,78,20,52,2,30,96,59,37,11" hai3="1,102,132,18,13,124,88,47,117,74,14,55,82"/><T69/><D130/><U84/><E118/><V45/><F78/><W0/><G117/><T112/><D112/><U22/><E129/><V53/><F37/><W107/><G132/><T58/><D134/><U128/><E128/><V16/><F30/><W60/><G124/><T93/><D71/><U65/><E3/><V33/><F33/><W125/><G13/><T115/><D69/><U40/><E40/><V24/><F11/><W25/><G25/><T83/><D115/><U64/><E19/><V109/><F109/><W89/><G125/><T50/><D29/><U131/><E131/><V120/><F120/><W105/><G102/><T80/><D80/><U116/><E116/><V70/><F70/><W81/><G60/><T67/><D35/><U98/><E121/><V36/><F36/><W114/><G114/><T113/><D32/><U43/><E43/><V111/><F111/><W75/><G14/><T127/><D127/><U61/><REACH who="1" step="1"/><E122/><REACH who="1" ten="250,240,250,250" step="2"/><V72/><F72/><W108/><G18/><N who="0" m="8463" /><D113/><U79/><E79/><V6/><F6/><W91/><G108/><T49/><D41/><U92/><E92/><V54/><REACH who="2" step="1"/><F96/><REACH who="2" ten="250,240,240,250" step="2"/><W119/><G119/><T15/><D99/><U7/><E7/><V123/><F123/><W97/><G97/><T104/><D86/><U34/><E34/><V21/><F21/><W95/><G74/><T133/><D133/><U76/><E76/><V135/><F135/><W4/><G75/><T77/><D77/><U44/><E44/><V23/><F23/><W38/><G4/><T31/><D31/><U73/><E73/><V90/><F90/><AGARI ba="0,2" hai="22,27,28,61,62,63,64,65,66,84,87,90,94,98" machi="90" ten="40,5200,0" yaku="1,1,6,1,8,1,53,0" doraHai="101" doraHaiUra="48" who="1" fromWho="2" sc="250,0,240,72,240,-52,250,0" /><INIT seed="1,0,0,5,0,10" ten="250,312,188,250" oya="1" hai0="127,55,17,53,109,0,31,87,100,48,28,36,134" hai1="94,76,16,124,45,121,35,103,4,102,88,65,89" hai2="5,128,61,112,54,25,26,119,73,78,52,50,29" hai3="68,64,24,8,132,83,18,108,57,106,131,130,15"/><U115/><E115/><V93/><F119/><W133/><G106/><T95/><D36/><U69/><E121/><V126/><F112/><W81/><G68/><T72/><D72/><U67/><E124/><V62/><F126/><W46/><G46/><T34/><D127/><U37/><E35/><V43/><F128/><N who="3" m="49195" /><G24/><T12/><D0/><U22/><E4/><V74/><F5/><W96/><G96/><N who="0" m="59423" /><D34/><U122/><E76/><V98/><F43/><W123/><G123/><T91/><D109/><U84/><E122/><V85/><F74/><W66/><G108/><T14/><D134/><N who="3" m="51817" /><G57/><N who="0" m="32935" /><D55/><U105/><E105/><V47/><F73/><W79/><G79/><T107/><D107/><U30/><E69/><V118/><F54/><W58/><G58/><T7/><D7/><U70/><E70/><V86/><F118/><W32/><G32/><T44/><D44/><U21/><E45/><V38/><F38/><W99/><G99/><T135/><D135/><U56/><E56/><V51/><F47/><W75/><G75/><T120/><D120/><U1/><E37/><V77/><F98/><W42/><G42/><T92/><D17/><U20/><E16/><V117/><F117/><W6/><G18/><T110/><D110/><U2/><E30/><AGARI ba="0,0" hai="12,14,28,30,31,87,91,92" m="32935,59423" machi="30" ten="30,3900,0" yaku="8,1,52,2" doraHai="10" who="0" fromWho="1" sc="250,39,312,-39,188,0,250,0" /><INIT seed="2,0,0,2,1,56" ten="289,273,188,250" oya="2" hai0="89,104,25,100,99,103,68,133,7,93,123,126,130" hai1="135,53,76,81,13,19,29,83,90,121,16,102,91" hai2="105,110,8,85,134,71,62,111,1,86,75,37,5" hai3="80,0,14,23,39,70,46,26,52,35,67,87,31"/><V24/><F75/><W41/><G0/><T108/><D68/><U58/><E135/><V101/><F37/><W32/><G14/><T20/><D123/><U84/><E121/><V113/><F113/><W109/><G109/><N who="2" m="41481" /><F134/><W57/><G67/><T17/><D108/><U119/><E119/><V114/><F114/><W3/><G70/><T61/><D133/><U122/><E122/><V73/><F73/><W95/><G95/><T50/><D130/><U129/><E129/><V54/><F24/><W128/><G3/><T2/><D126/><U79/><E29/><V30/><F30/><W64/><G64/><T78/><D78/><N who="1" m="29739" /><E102/><V6/><F6/><W27/><G128/><T82/><D82/><N who="1" m="31243" /><E84/><V38/><F38/><W34/><G87/><N who="2" m="33289" /><F101/><W88/><G80/><T40/><D103/><U4/><E4/><V60/><F71/><W12/><G27/><T96/><D7/><U127/><E127/><V59/><F105/><W98/><G12/><T10/><D2/><U48/><E19/><V106/><F106/><W22/><G26/><T69/><D69/><U63/><E48/><AGARI ba="0,0" hai="1,5,8,48,54,59,60,62" m="33289,41481" machi="48" ten="30,11600,0" yaku="14,1,10,1,52,2" doraHai="56" who="2" fromWho="1" sc="289,0,273,-116,188,116,250,0" /><INIT seed="2,1,0,3,1,100" ten="289,157,304,250" oya="2" hai0="25,31,29,46,38,118,109,24,94,35,77,30,22" hai1="80,34,62,131,72,51,102,52,81,135,54,134,73" hai2="42,4,119,37,113,47,86,97,129,75,1,11,90" hai3="68,45,120,74,16,53,9,111,87,96,43,14,127"/><V60/><F113/><W13/><G120/><T116/><D77/><U130/><E51/><V66/><F119/><N who="0" m="45610" /><D94/><U91/><E102/><V103/><F129/><N who="1" m="49161" /><E91/><V36/><F75/><N who="1" m="28745" /><E62/><V107/><F86/><W63/><G74/><T0/><D46/><U112/><E34/><V123/><F90/><W65/><G87/><T28/><D38/><U59/><E59/><V12/><F123/><W71/><G96/><T10/><D109/><U8/><E8/><V114/><F114/><W110/><G111/><T104/><D104/><U85/><E85/><V17/><F17/><W61/><G110/><T79/><D79/><U23/><E23/><V44/><F44/><W95/><G16/><N who="0" m="12359" /><D10/><U21/><E21/><V132/><F37/><W106/><G9/><T2/><AGARI ba="1,0" hai="0,2,25,28,29,30,31,35" m="12359,45610" machi="2" ten="40,8000,1" yaku="12,1,34,2,54,1" doraHai="100" who="0" fromWho="0" sc="289,83,157,-21,304,-41,250,-21" /><INIT seed="3,0,0,5,0,55" ten="372,136,263,229" oya="3" hai0="77,134,19,82,109,14,74,52,107,104,33,132,26" hai1="61,117,40,65,1,100,30,91,43,51,6,23,16" hai2="24,37,110,41,2,115,27,0,12,22,9,56,53" hai3="20,34,46,116,70,122,79,11,131,78,68,66,118"/><W38/><G122/><T60/><D109/><U17/><E117/><V76/><F115/><W47/><G34/><T7/><D7/><U108/><E108/><V49/><F110/><W99/><G20/><T128/><D128/><U84/><E100/><V31/><F76/><W29/><G29/><N who="0" m="19639" /><D60/><U42/><E51/><V8/><F8/><W4/><G99/><T103/><D52/><U92/><E1/><V21/><F41/><W64/><G11/><N who="0" m="6623" /><D103/><U3/><E3/><V72/><F72/><W114/><G4/><T119/><D119/><U73/><E73/><V93/><F93/><W44/><G38/><T10/><D10/><U63/><E6/><V54/><F37/><W101/><G101/><T18/><D18/><U71/><REACH who="1" step="1"/><E63/><REACH who="1" ten="372,126,263,229" step="2"/><V120/><F2/><W62/><G62/><T126/><D126/><U130/><E130/><V50/><F0/><W5/><G5/><T45/><D45/><U94/><E94/><V121/><F9/><W133/><G44/><T58/><D104/><U85/><E85/><V123/><F12/><W48/><G131/><T80/><D107/><U67/><E67/><V88/><F121/><W86/><G86/><T105/><D105/><U106/><E106/><V13/><F13/><W89/><G48/><T125/><D125/><U59/><E59/><N who="2" m="33199" /><F123/><W81/><G116/><T124/><D124/><U96/><E96/><V15/><F120/><W113/><G118/><T135/><D58/><U112/><E112/><V129/><F15/><W95/><G64/><T36/><D36/><U98/><E98/><V28/><F129/><W39/><G66/><RYUUKYOKU ba="0,1" sc="372,10,126,10,263,10,229,-30" hai0="74,77,80,82,132,134,135" hai1="16,17,23,30,40,42,43,61,65,71,84,91,92" hai2="21,22,24,27,28,31,50,54,56,88" /><INIT seed="4,1,1,3,4,62" ten="382,136,273,199" oya="0" hai0="24,7,37,43,71,111,63,96,115,47,26,50,116" hai1="132,40,85,113,2,114,52,120,134,60,42,48,46" hai2="92,76,88,87,91,54,98,53,20,77,135,25,38" hai3="81,9,44,75,35,33,104,121,8,34,95,94,39"/><T109/><D116/><U133/><E85/><V100/><F38/><W28/><G104/><T6/><D115/><N who="1" m="44043" /><E2/><V65/><F65/><W19/><G28/><T102/><D37/><U1/><E1/><V103/><F135/><W105/><G105/><T117/><D117/><U32/><E32/><V126/><F126/><W23/><G121/><T0/><D0/><U79/><E79/><V127/><F127/><W67/><G75/><T90/><D90/><U131/><E131/><V125/><F125/><W106/><G81/><T59/><D71/><U45/><E120/><V72/><F103/><W16/><G106/><N who="0" m="63815" /><D6/><U31/><E31/><V68/><F68/><W82/><G82/><T27/><D7/><U41/><E60/><V57/><F91/><W11/><G23/><T5/><D5/><U89/><E89/><V129/><F129/><W3/><G3/><T130/><D130/><U99/><E99/><V64/><F72/><W56/><G95/><T122/><D122/><U80/><E80/><N who="2" m="49255" /><F77/><W70/><G94/><T36/><D36/><AGARI ba="1,1" hai="36,40,41,42,45,46,48,52,132,133,134" m="44043" machi="36" ten="40,12000,2" yaku="20,1,15,1,11,1,34,2,54,1" doraHai="62" who="1" fromWho="0" sc="382,-123,136,133,273,0,199,0" /><INIT seed="5,0,0,5,3,58" ten="259,269,273,199" oya="1" hai0="52,113,21,87,127,15,31,26,61,77,78,28,83" hai1="2,37,74,89,47,14,107,106,38,8,80,73,111" hai2="96,41,17,20,66,79,70,4,32,59,102,72,57" hai3="119,54,67,133,25,71,68,3,103,42,86,40,105"/><U130/><E130/><V116/><F32/><W93/><G3/><T131/><D131/><U45/><E111/><V125/><F116/><W35/><G119/><T65/><D113/><U122/><E122/><V62/><F125/><W27/><G133/><T76/><D127/><U115/><E115/><V124/><F124/><W81/><G54/><T16/><D52/><U120/><E120/><V46/><F4/><W110/><G93/><T90/><REACH who="0" step="1"/><D26/><REACH who="0" ten="249,269,273,199" step="2"/><U101/><E47/><V0/><F46/><W84/><G25/><T12/><D12/><U98/><E14/><V44/><F0/><W134/><G27/><T56/><AGARI ba="0,1" hai="15,16,21,28,31,56,61,65,76,77,78,83,87,90" machi="56" ten="30,8000,1" yaku="1,1,0,1,8,1,52,1,54,1,53,0" doraHai="58" doraHaiUra="29" who="0" fromWho="0" sc="249,90,269,-40,273,-20,199,-20" /><INIT seed="6,0,0,5,3,11" ten="339,229,253,179" oya="2" hai0="89,18,111,53,8,101,119,98,127,126,4,108,64" hai1="32,102,29,5,52,106,121,17,115,83,105,110,0" hai2="94,103,109,73,71,120,76,51,20,125,21,13,61" hai3="87,68,41,14,39,1,44,124,34,133,16,26,57"/><V7/><F120/><W22/><G133/><T23/><D64/><U67/><E110/><V60/><F125/><N who="0" m="47626" /><D89/><U122/><E115/><V33/><F109/><W123/><G124/><T38/><D38/><U3/><E67/><V131/><F131/><W100/><G68/><T12/><D53/><U132/><E132/><V90/><F33/><W49/><G123/><N who="1" m="47114" /><E5/><V81/><F103/><W27/><G1/><N who="1" m="586" /><E17/><V93/><F93/><W10/><G100/><T40/><D40/><U48/><E102/><V47/><F71/><W84/><G39/><T95/><D119/><U58/><E83/><V130/><F130/><W30/><REACH who="3" step="1"/><G57/><REACH who="3" ten="339,229,253,169" step="2"/><T35/><D108/><U43/><E43/><V70/><F70/><W113/><G113/><T97/><D111/><U56/><E58/><V72/><F47/><W24/><G24/><AGARI ba="0,1" hai="24,29,32,48,52,56,105,106" m="586,47114" machi="24" ten="30,2000,0" yaku="13,1,54,1" doraHai="11" who="1" fromWho="3" sc="339,0,229,30,253,0,169,-20" /><INIT seed="7,0,0,3,4,102" ten="339,259,253,149" oya="3" hai0="9,114,107,0,42,58,59,49,85,82,73,87,110" hai1="14,115,74,6,134,36,56,91,5,8,117,126,25" hai2="92,20,125,109,104,122,98,28,118,29,41,21,27" hai3="88,69,95,121,30,100,48,128,64,96,132,16,47"/><W67/><G132/><T60/><D110/><U123/><E36/><V57/><F109/><W7/><G128/><T22/><D107/><U23/><E74/><V93/><F118/><W70/><G121/><T24/><D73/><U71/><E71/><V112/><F122/><W133/><G133/><T113/><D0/><U101/><E101/><V75/><F112/><N who="0" m="43114" /><D9/><U54/><E115/><V86/><F75/><W108/><G108/><T130/><D130/><U105/><E105/><V99/><F125/><W46/><G7/><T19/><D82/><U53/><E126/><V26/><F41/><W55/><G30/><T119/><D119/><U13/><E5/><V120/><F120/><W135/><G135/><T3/><D3/><U116/><E123/><V18/><F104/><W63/><G100/><T78/><D78/><U10/><E134/><V39/><F39/><W79/><G79/><T34/><D34/><U111/><E91/><V103/><F57/><N who="0" m="21514" /><D60/><U80/><E80/><V17/><F86/><W81/><G81/><T37/><D49/><U68/><E111/><V45/><F103/><W89/><G89/><T65/><D65/><U38/><E38/><V97/><REACH who="2" step="1"/><F45/><AGARI ba="0,0" hai="19,22,24,37,42,45,85,87" m="21514,43114" machi="45" ten="30,2000,0" yaku="15,1,11,1" doraHai="102" who="0" fromWho="2" sc="339,20,259,0,253,-20,149,0" owari="359,45.9,259,5.9,233,-16.7,149,-35.1" /></mjloggm>