<mjloggm ver="2.3"><GO type="169" lobby="0"/><UN n0="%E5%B0%8F%E4%B8%89%E5%85%83%E5%8D%97%E5%8D%98%E9%A8%8E" n1="%E3%82%AB%E3%83%A9%E6%9D%BE" n2="%E2%97%8E%E3%82%88%E3%81%97%E2%97%8E" n3="%61%6E%79%61%64%72%61" dan="16,17,17,16" rate="2110.68,2141.06,2174.92,2148.87" sx="M,M,M,M"/><TAIKYOKU oya="0"/><INIT seed="0,0,0,1,0,27" ten="250,250,250,250" oya="0" hai0="19,124,21,106,81,93,118,31,23,113,46,61,74" hai1="16,69,34,43,28,10,99,86,7,121,75,129,103" hai2="60,112,39,111,42,71,78,125,133,126,14,9,63" hai3="97,18,59,131,66,29,115,90,62,101,47,120,1"/><T4/><D113/><U72/><E121/><V58/><F112/><W105/><G115/><T57/><D118/><U127/><E127/><N who="2" m="48651" /><F78/><W11/><G120/><T95/><D124/><U35/><E69/><V70/><F14/><W25/><G131/><T41/><D106/><U73/><E129/><V123/><F123/><W79/><G79/><T51/><D4/><U89/><E43/><V64/><F9/><W54/><G90/><T109/><D74/><U77/><E77/><V49/><F111/><W83/><G83/><T94/><D109/><U116/><E116/><V17/><F17/><W130/><G130/><T24/><D81/><U85/><E35/><V107/><F107/><W55/><G47/><T135/><D135/><U22/><E89/><V88/><F88/><W87/><G87/><T45/><D45/><U44/><E44/><N who="2" m="23647" /><F133/><W102/><G102/><T134/><D134/><U122/><E122/><V37/><F37/><W92/><G105/><T80/><D80/><U68/><E103/><V36/><F36/><W114/><G114/><T0/><D0/><U132/><E132/><V3/><F3/><W40/><G40/><T96/><D96/><U15/><E99/><V52/><F63/><W20/><G1/><T48/><D48/><U33/><E73/><V2/><F2/><W56/><G56/><AGARI ba="0,0" hai="49,52,56,58,60,64,70,71" m="23647,48651" machi="56" ten="30,7700,0" yaku="18,1,34,2,54,1" doraHai="27" who="2" fromWho="3" sc="250,0,250,0,250,77,250,-77" /><INIT seed="1,0,0,0,3,103" ten="250,250,327,173" oya="1" hai0="70,110,55,98,14,81,59,28,4,22,134,23,120" hai1="84,113,86,54,45,123,76,130,72,57,79,111,33" hai2="127,44,85,75,115,56,2,32,97,133,93,73,101" hai3="102,47,3,128,107,50,100,63,94,62,25,27,91"/><U124/><E123/><V126/><F32/><W74/><G74/><N who="2" m="28169" /><F2/><W99/><G128/><T116/><D110/><U129/><E113/><V95/><F56/><W35/><G3/><T37/><D134/><U19/><E33/><V6/><F6/><W82/><G82/><T60/><D116/><U71/><E71/><V92/><F44/><W119/><G119/><T15/><D120/><U109/><E45/><V96/><F133/><W20/><G35/><T1/><D37/><U105/><E19/><V78/><F115/><W52/><G102/><T43/><D43/><U61/><E124/><N who="2" m="47659" /><F97/><W34/><G34/><T66/><D1/><U11/><E11/><V38/><F38/><W42/><G42/><T26/><D98/><U31/><E31/><V10/><F10/><W30/><REACH who="3" step="1"/><G25/><REACH who="3" ten="250,250,327,163" step="2"/><T64/><D26/><U5/><E130/><V108/><F108/><N who="1" m="41545" /><E129/><V39/><F39/><W69/><G69/><T89/><D70/><U18/><E72/><V80/><AGARI ba="0,1" hai="78,80,85,92,93,95,96,101" m="47659,28169" machi="80" ten="40,5200,0" yaku="18,1,34,2" doraHai="103" who="2" fromWho="2" sc="250,-13,250,-26,327,62,163,-13" /><INIT seed="2,0,0,2,5,68" ten="237,224,389,150" oya="2" hai0="43,105,34,48,40,130,121,44,51,47,5,84,9" hai1="92,124,38,0,13,21,99,112,18,131,109,59,19" hai2="42,75,58,119,128,65,36,53,15,61,81,123,71" hai3="20,85,107,23,114,134,96,79,74,126,116,39,3"/><V91/><F123/><W27/><G116/><T30/><D130/><U41/><E112/><V118/><F128/><W135/><G114/><T62/><D121/><U4/><E131/><V24/><F15/><W7/><G126/><T14/><D105/><U1/><E124/><V102/><F102/><N who="3" m="62919" /><G85/><T54/><D34/><U104/><E104/><V2/><F2/><W125/><G125/><T55/><D30/><U63/><E109/><V49/><F24/><W57/><G57/><T117/><D117/><U33/><E33/><V94/><F81/><N who="3" m="45303" /><G27/><T111/><D111/><U101/><E4/><V133/><F75/><W50/><G50/><T83/><REACH who="0" step="1"/><D62/><REACH who="0" ten="227,224,389,150" step="2"/><U93/><E63/><V25/><F119/><W87/><G135/><T73/><D73/><U56/><E0/><V60/><F118/><W95/><G134/><T77/><AGARI ba="0,1" hai="5,9,14,40,43,44,47,48,51,54,55,77,83,84" machi="77" ten="20,12000,2" yaku="1,1,0,1,7,1,9,1,25,2,8,1,53,0" doraHai="68" doraHaiUra="89" who="0" fromWho="0" sc="227,130,224,-30,389,-60,150,-30" /><INIT seed="3,0,0,4,3,54" ten="357,194,329,120" oya="3" hai0="88,94,79,41,125,116,118,101,58,130,12,26,43" hai1="50,110,11,60,27,59,75,64,131,31,35,128,10" hai2="38,46,7,121,69,20,85,122,55,70,32,45,133" hai3="83,17,34,71,113,114,24,40,80,4,14,42,9"/><W52/><G71/><N who="2" m="27145" /><F32/><W87/><G83/><T99/><D130/><N who="1" m="49707" /><E75/><V106/><F106/><W126/><G126/><T6/><D125/><U103/><E110/><V48/><F7/><W109/><G109/><T108/><D108/><U25/><E25/><V135/><F20/><W49/><G114/><T1/><D1/><U115/><E115/><V67/><F67/><W90/><G113/><T47/><D79/><U30/><E30/><V112/><F85/><W129/><G129/><T65/><D26/><U82/><E82/><V98/><F98/><W134/><G134/><N who="2" m="51209" /><F112/><W5/><G34/><T117/><D47/><U39/><E39/><V74/><F74/><W92/><G92/><T95/><D6/><N who="3" m="2665" /><G24/><T86/><REACH who="0" step="1"/><D12/><REACH who="0" ten="347,194,329,120" step="2"/><U100/><E27/><V19/><F19/><W119/><G119/><T56/><D56/><AGARI ba="0,1" hai="9,14,17,40,42,49,52,56,80,87,90" m="2665" machi="56" ten="30,5800,0" yaku="8,1,52,1,54,1" doraHai="54" who="3" fromWho="0" sc="347,-58,194,0,329,0,120,68" /><INIT seed="3,1,0,5,4,85" ten="289,194,329,188" oya="3" hai0="39,134,16,38,121,129,8,120,91,10,40,131,32" hai1="25,1,94,101,119,122,78,52,108,79,18,81,11" hai2="80,35,126,62,84,51,103,7,33,41,106,42,31" hai3="89,63,5,46,61,3,57,23,124,97,36,66,130"/><W87/><G124/><T73/><D73/><U26/><E122/><V72/><F72/><W69/><G130/><N who="0" m="49675" /><D32/><U116/><E108/><V43/><F126/><W96/><G23/><T55/><D134/><U104/><E104/><V53/><F7/><W50/><G5/><T2/><D55/><U47/><E1/><V28/><F62/><W22/><G22/><T127/><D127/><U59/><E47/><V125/><F125/><W9/><G9/><N who="0" m="3691" /><D2/><U27/><E11/><V111/><F111/><W21/><G21/><T24/><D40/><U68/><E68/><V114/><F114/><W14/><G14/><T135/><D135/><U128/><E18/><V102/><F33/><W86/><G3/><T34/><D91/><U110/><E110/><V76/><F106/><W48/><G86/><T4/><D4/><U56/><E128/><V37/><F37/><N who="0" m="13834" /><D16/><U49/><E59/><N who="2" m="33215" /><F35/><W64/><G36/><T29/><AGARI ba="1,0" hai="24,29,34,120,121" m="13834,3691,49675" machi="29" ten="40,1500,0" yaku="19,1" doraHai="85" who="0" fromWho="0" sc="289,18,194,-5,329,-5,188,-8" /><INIT seed="4,0,0,4,2,135" ten="307,189,324,180" oya="0" hai0="36,48,42,59,7,31,114,131,52,46,30,66,63" hai1="94,67,100,8,84,43,102,3,103,106,12,9,120" hai2="70,133,49,93,34,134,19,45,25,62,107,65,33" hai3="16,37,15,121,85,11,122,58,32,113,92,74,55"/><T73/><D114/><U10/><E120/><N who="3" m="46186" /><G74/><T115/><D115/><U126/><E3/><V40/><F107/><W86/><G113/><T97/><D131/><U109/><E109/><V132/><REACH who="2" step="1"/><F93/><REACH who="2" ten="307,189,314,180" step="2"/><W21/><G92/><T80/><D7/><U118/><E106/><V76/><F76/><W0/><G32/><T128/><D128/><U124/><E118/><V90/><F90/><W71/><G37/><T98/><D98/><U26/><E26/><V129/><F129/><W56/><G71/><N who="0" m="42463" /><D97/><U54/><E94/><V82/><F82/><W20/><G58/><T99/><D99/><U35/><E100/><V18/><F18/><W60/><G0/><T27/><D27/><U53/><E102/><V23/><AGARI ba="0,1" hai="19,23,25,33,34,40,45,49,62,65,70,132,133,134" machi="23" ten="40,5200,0" yaku="1,1,0,1,20,1,53,0" doraHai="135" doraHaiUra="108" who="2" fromWho="2" sc="307,-26,189,-13,314,62,180,-13" /><INIT seed="5,0,0,1,5,58" ten="281,176,376,167" oya="1" hai0="28,24,107,85,40,38,132,44,71,0,36,115,61" hai1="14,55,114,37,99,86,83,87,52,4,135,100,111" hai2="81,45,84,48,41,126,128,65,116,13,109,6,11" hai3="18,70,105,46,43,64,110,63,79,31,123,62,120"/><U94/><E114/><V102/><F126/><W47/><G105/><T78/><D0/><U34/><E34/><V73/><F128/><W93/><G110/><T134/><D115/><U19/><E111/><V131/><F131/><W54/><G31/><T103/><D85/><U3/><E135/><N who="0" m="51753" /><D78/><U53/><E37/><V104/><F73/><W75/><G93/><T30/><D38/><U96/><E96/><V91/><F109/><W80/><G18/><T51/><D51/><U101/><E101/><V66/><F116/><W97/><G97/><N who="0" m="61935" /><D24/><U15/><E3/><V130/><F130/><W20/><G20/><T59/><D71/><U68/><E68/><V57/><F104/><W42/><G42/><T76/><D76/><U90/><E4/><V113/><F102/><W25/><G25/><T27/><D27/><U26/><REACH who="1" step="1"/><E87/><REACH who="1" ten="281,166,376,167" step="2"/><V50/><F113/><W74/><G75/><T118/><D118/><U121/><E121/><V9/><F84/><W129/><G129/><T10/><D10/><U117/><E117/><V56/><F9/><W106/><G106/><T7/><D7/><U23/><AGARI ba="0,1" hai="14,15,19,23,26,52,53,55,83,86,90,94,99,100" machi="23" ten="30,12000,1" yaku="1,1,0,1,8,1,54,1,53,1" doraHai="58" doraHaiUra="12" who="1" fromWho="1" sc="281,-40,166,130,376,-40,167,-40" /><INIT seed="5,1,0,2,3,25" ten="241,296,336,127" oya="1" hai0="45,1,123,43,67,9,62,105,133,75,132,114,16" hai1="111,40,87,95,50,49,100,125,112,135,72,60,102" hai2="82,78,117,21,14,92,134,68,84,110,66,129,29" hai3="116,12,109,13,63,24,47,76,113,130,119,115,98"/><U69/><E72/><V77/><F110/><W36/><G109/><T65/><D114/><N who="3" m="43529" /><G76/><T8/><D123/><U59/><E112/><V58/><F117/><N who="3" m="45131" /><G98/><T61/><D105/><U96/><E111/><V108/><F108/><W35/><G63/><T30/><D1/><U4/><E69/><V97/><F68/><W31/><G130/><T128/><D128/><U22/><E125/><V32/><F129/><W90/><G90/><T91/><D16/><U79/><E135/><V74/><F134/><W51/><G36/><T5/><D5/><U88/><E4/><V80/><F97/><W20/><G35/><T70/><D91/><U3/><E79/><V54/><F78/><W103/><G103/><T94/><D94/><U64/><E100/><V126/><F92/><W55/><AGARI ba="1,0" hai="12,13,20,24,31,47,51,55" m="45131,43529" machi="55" ten="30,4000,0" yaku="15,1,12,1,52,1" doraHai="25" who="3" fromWho="3" sc="241,-11,296,-21,336,-11,127,43" /><INIT seed="6,0,0,4,4,25" ten="230,275,325,170" oya="2" hai0="72,86,101,51,73,133,92,70,68,0,58,90,69" hai1="36,119,15,31,27,53,14,83,7,105,32,10,9" hai2="17,11,19,99,4,135,124,28,77,96,131,125,54" hai3="87,85,98,109,35,62,132,13,130,42,65,104,81"/><V107/><F107/><W129/><G109/><T108/><D108/><U44/><E105/><V75/><F75/><W39/><G132/><T95/><D0/><U67/><E119/><V106/><F77/><W45/><G13/><T37/><D37/><U46/><E67/><V20/><F54/><W63/><G63/><T121/><D121/><U103/><E103/><V23/><F106/><W123/><G123/><T64/><D133/><U80/><E36/><V111/><F135/><W91/><G87/><T74/><D51/><U2/><E2/><N who="2" m="407" /><F111/><W29/><G98/><T3/><D3/><U110/><E110/><V113/><F96/><W66/><G104/><T55/><D101/><U76/><E53/><V1/><F99/><W41/><G41/><T12/><D12/><U82/><REACH who="1" step="1"/><E76/><REACH who="1" ten="230,265,325,170" step="2"/><V115/><F1/><W5/><G66/><T59/><D64/><U122/><E122/><V128/><F115/><W94/><G130/><N who="2" m="49705" /><F113/><W26/><G129/><T57/><REACH who="0" step="1"/><D55/><REACH who="0" ten="220,265,325,170" step="2"/><U114/><E114/><V18/><F20/><W33/><G33/><T112/><D112/><U117/><E117/><V8/><F8/><W118/><G118/><T60/><D60/><U126/><E126/><V116/><F116/><W71/><REACH who="3" step="1"/><G5/><AGARI ba="0,2" hai="5,7,9,10,14,15,27,31,32,44,46,80,82,83" machi="5" ten="40,5200,0" yaku="1,1,9,1,52,1,53,0" doraHai="25" doraHaiUra="49" who="1" fromWho="3" sc="220,0,265,72,325,0,170,-52" /><INIT seed="7,0,0,2,5,17" ten="220,337,325,118" oya="3" hai0="133,68,93,16,51,111,41,21,84,38,62,135,6" hai1="96,109,29,49,59,64,2,12,40,7,32,114,112" hai2="121,18,127,25,126,108,73,122,35,76,36,86,53" hai3="113,63,26,118,102,66,52,24,23,10,67,57,110"/><W123/><G123/><N who="2" m="47113" /><F108/><W11/><G118/><T132/><D111/><U1/><E109/><V83/><F36/><W14/><G113/><N who="1" m="43626" /><E96/><V65/><F65/><N who="3" m="24587" /><G110/><T60/><D68/><U81/><E81/><N who="2" m="45199" /><F53/><W39/><G39/><T0/><D38/><U77/><E77/><N who="2" m="46447" /><F18/><N who="3" m="10711" /><G102/><T107/><D107/><U124/><E124/><N who="2" m="47659" /><F25/><AGARI ba="0,0" hai="10,11,24,25,26,52,57,63" m="10711,24587" machi="25" ten="30,5800,0" yaku="8,1,52,1,54,1" doraHai="17" who="3" fromWho="2" sc="220,0,337,0,325,-58,118,58" /><INIT seed="7,1,0,4,5,1" ten="220,337,267,176" oya="3" hai0="25,29,35,118,39,94,68,81,44,133,112,41,126" hai1="110,12,124,117,80,46,72,21,56,27,90,83,69" hai2="48,113,115,26,51,86,75,100,109,54,32,91,60" hai3="13,87,16,97,17,42,30,53,65,120,9,74,92"/><W128/><G120/><T101/><D118/><U37/><E69/><V132/><F75/><W40/><G128/><T43/><D133/><U88/><E110/><V15/><F109/><W98/><G74/><T82/><D126/><U49/><E124/><V31/><F132/><W77/><G30/><T93/><D112/><N who="2" m="43082" /><F100/><W20/><G65/><T103/><D68/><U76/><E37/><V95/><F15/><N who="3" m="9247" /><G53/><T55/><D43/><N who="3" m="16425" /><G77/><T102/><REACH who="0" step="1"/><D55/><REACH who="0" ten="210,337,267,176" step="2"/><U123/><E117/><V10/><F54/><W127/><G127/><T106/><D106/><U96/><E123/><V36/><F36/><W50/><G50/><T89/><D89/><AGARI ba="1,1" hai="9,13,17,87,89,92,97,98" m="16425,9247" machi="89" ten="30,2900,0" yaku="8,1,54,1" doraHai="1" who="3" fromWho="0" sc="210,-32,337,0,267,0,176,42" /><INIT seed="7,2,0,5,5,6" ten="178,337,267,218" oya="3" hai0="109,111,66,20,63,30,106,51,71,29,123,79,2" hai1="62,90,36,14,22,34,130,124,68,39,131,114,4" hai2="25,75,35,89,15,31,27,94,23,103,135,98,93" hai3="82,125,95,58,102,104,45,100,16,86,97,50,21"/><W56/><G125/><T129/><D123/><U48/><E34/><V73/><F135/><W26/><G102/><T41/><D129/><U84/><E124/><V126/><F15/><W119/><G104/><T67/><D106/><U87/><E114/><V3/><F3/><W12/><G26/><T55/><D41/><U117/><E84/><V132/><F132/><W110/><G119/><T10/><D79/><U11/><E48/><V7/><F7/><W9/><G21/><T46/><D67/><U54/><E22/><V37/><F37/><W76/><G110/><T113/><D113/><U44/><E117/><V78/><F78/><W65/><G65/><T108/><REACH who="0" step="1"/><D20/><REACH who="0" ten="168,337,267,218" step="2"/><U19/><E130/><V42/><F42/><AGARI ba="2,1" hai="9,12,16,42,45,50,56,58,76,82,86,95,97,100" machi="42" ten="30,11600,0" yaku="7,1,8,1,52,1,54,1" doraHai="6" who="3" fromWho="2" sc="168,0,337,0,267,-122,218,132" owari="168,-23.2,337,13.7,145,-35.5,350,45.0" /></mjloggm>