<mjloggm ver="2.3"><GO type="169" lobby="0"/><UN n0="%44%61%6C%69" n1="%E3%81%88%E3%81%8C%E3%82%8F%E3%82%8A%E3%81%8A" n2="%E3%81%B5%E3%81%9F%E3%81%97%E3%81%8A" n3="%E3%81%A6%E3%81%A4%EF%BC%A3" dan="17,16,16,16" rate="2189.29,2134.02,2055.12,2134.97" sx="M,M,M,M"/><TAIKYOKU oya="0"/><INIT seed="0,0,0,0,2,26" ten="250,250,250,250" oya="0" hai0="19,50,3,84,32,77,109,35,44,129,134,55,4" hai1="70,52,119,78,121,46,124,101,128,8,39,83,15" hai2="27,113,110,72,25,86,104,87,117,53,37,36,20" hai3="61,6,67,57,118,88,71,45,105,120,85,69,75"/><T23/><D129/><U91/><E119/><V63/><F104/><W54/><G118/><T41/><D134/><U99/><E121/><V7/><F117/><W92/><G120/><T13/><D109/><U98/><E70/><V122/><F122/><W123/><G123/><T131/><D131/><U89/><E128/><V90/><F113/><W62/><G75/><T97/><D97/><U21/><E124/><V58/><F72/><W2/><G105/><T10/><REACH who="0" step="1"/><D41/><REACH who="0" ten="240,250,250,250" step="2"/><U17/><E99/><V60/><F110/><W9/><G45/><T29/><D29/><U18/><E98/><V94/><F37/><W38/><G38/><T112/><D112/><U49/><E39/><V127/><F36/><W22/><G22/><T0/><D0/><U59/><E46/><V12/><F127/><W5/><G5/><T47/><D47/><U66/><E101/><V42/><F7/><W96/><G96/><T116/><D116/><U108/><E108/><V135/><F135/><W93/><G71/><T34/><D34/><U73/><REACH who="1" step="1"/><E66/><REACH who="1" ten="240,240,250,250" step="2"/><N who="2" m="39191" /><F42/><W76/><G69/><T48/><D48/><U40/><E40/><V24/><F53/><W107/><G54/><T74/><D74/><U132/><E132/><V115/><F115/><W106/><G67/><T14/><D14/><AGARI ba="0,2" hai="8,14,15,17,18,21,49,52,59,73,78,83,89,91" machi="14" ten="30,3900,0" yaku="1,1,7,1,54,1,53,0" doraHai="26" doraHaiUra="28" who="1" fromWho="0" sc="240,-39,240,59,250,0,250,0" /><INIT seed="1,0,0,1,0,2" ten="201,299,250,250" oya="1" hai0="6,122,66,77,121,89,102,46,74,5,82,79,15" hai1="104,78,87,101,10,134,7,65,19,43,110,85,103" hai2="124,51,59,92,130,114,117,112,37,62,14,33,58" hai3="108,93,106,128,34,113,23,45,16,129,107,84,47"/><U75/><E134/><V76/><F117/><W31/><G113/><N who="2" m="43625" /><F33/><W133/><G133/><T54/><D66/><U36/><E65/><V131/><F76/><W88/><G31/><T55/><D102/><U26/><E110/><V57/><F92/><W4/><G34/><T27/><D27/><U86/><E104/><N who="3" m="39978" /><G4/><N who="0" m="1643" /><D79/><U80/><E19/><V17/><F37/><W40/><G108/><T0/><D0/><N who="1" m="359" /><E26/><V120/><F120/><N who="0" m="46186" /><D15/><U49/><E49/><V132/><F132/><W109/><G40/><T48/><D89/><U50/><E50/><V98/><F14/><N who="3" m="9623" /><G109/><T61/><D61/><U100/><E100/><V12/><F62/><W38/><G38/><T35/><D35/><U96/><E96/><V11/><F98/><W70/><G70/><T52/><AGARI ba="0,0" hai="46,48,52,54,55,74,77,82" m="46186,1643" machi="52" ten="30,8000,1" yaku="13,1,52,3,54,1" doraHai="2" who="0" fromWho="0" sc="201,80,299,-40,250,-20,250,-20" /><INIT seed="2,0,0,2,0,50" ten="281,259,230,230" oya="2" hai0="26,61,59,27,11,3,0,44,100,85,33,72,81" hai1="84,2,43,124,135,115,63,121,132,19,15,93,131" hai2="105,32,116,102,35,34,6,29,80,123,58,126,20" hai3="38,31,10,7,88,57,109,37,112,68,1,127,106"/><V73/><F116/><W74/><G109/><T14/><D72/><U113/><E2/><V97/><F123/><W49/><G112/><T39/><D100/><U90/><E121/><V108/><F126/><W9/><G127/><T92/><D92/><U134/><E124/><V78/><F6/><W18/><G68/><T101/><D101/><U23/><E131/><V24/><F108/><W22/><G106/><T54/><D3/><U82/><E43/><V128/><F128/><W130/><G74/><T77/><D0/><U96/><REACH who="1" step="1"/><E63/><REACH who="1" ten="281,249,230,230" step="2"/><V47/><F47/><W53/><G130/><T99/><D44/><U94/><E94/><V91/><F58/><W65/><G37/><T21/><D39/><U125/><E125/><V83/><F35/><W62/><G38/><T25/><D33/><U30/><E30/><V70/><F70/><W41/><G31/><N who="0" m="17839" /><D99/><U71/><E71/><V76/><REACH who="2" step="1"/><F91/><AGARI ba="0,1" hai="15,19,23,82,84,90,91,93,96,113,115,132,134,135" machi="91" ten="40,2600,0" yaku="1,1,20,1,53,0" doraHai="50" doraHaiUra="28" who="1" fromWho="2" sc="281,0,249,36,230,-26,230,0" /><INIT seed="3,0,0,3,3,109" ten="281,285,204,230" oya="3" hai0="44,124,99,38,20,54,101,89,102,135,116,36,57" hai1="52,69,46,45,42,94,51,5,74,117,87,95,17" hai2="7,29,15,73,68,33,61,49,78,39,97,120,104" hai3="14,22,130,91,43,100,56,53,34,133,37,47,28"/><W84/><G133/><T2/><D2/><U82/><E69/><V32/><F39/><W127/><G130/><T6/><D6/><U60/><E117/><V107/><F120/><W126/><G100/><T71/><D71/><U92/><E5/><V65/><F107/><W111/><G111/><T90/><D116/><U112/><E112/><V3/><F32/><W93/><G34/><T98/><D124/><U58/><E74/><V66/><F15/><W64/><G64/><T106/><D135/><U12/><E46/><V108/><F49/><N who="3" m="30767" /><G28/><T62/><D20/><U11/><REACH who="1" step="1"/><E94/><REACH who="1" ten="281,275,204,230" step="2"/><V85/><F108/><W13/><G127/><T121/><D121/><U67/><E67/><V118/><F66/><W110/><G110/><T1/><D44/><U18/><E18/><V114/><F118/><W31/><G126/><T132/><D132/><U59/><E59/><V72/><F7/><W129/><G129/><T24/><D57/><U134/><E134/><V122/><F122/><W79/><G31/><T19/><D19/><U105/><E105/><V27/><F3/><W70/><G70/><T88/><D1/><U25/><E25/><V41/><F73/><W9/><G14/><T119/><D24/><U50/><E50/><V115/><F72/><W35/><G13/><T103/><D119/><U16/><E16/><V96/><F104/><W113/><G113/><T23/><D106/><U8/><E8/><V83/><F115/><W76/><G9/><T81/><D62/><U128/><E128/><V55/><BYE who="1" /><F114/><W26/><G26/><T40/><D103/><U80/><E80/><RYUUKYOKU ba="0,1" sc="281,-10,275,30,204,-10,230,-10" hai1="11,12,17,42,45,51,52,58,60,82,87,92,95" /><INIT seed="4,1,1,2,5,5" ten="271,305,194,220" oya="0" hai0="22,0,110,102,128,72,131,66,63,104,70,37,114" hai1="52,99,51,87,30,123,40,129,108,106,82,32,60" hai2="97,126,50,29,79,42,100,18,46,56,112,57,119" hai3="80,68,55,115,17,49,111,78,44,26,54,41,71"/><T45/><D72/><U48/><E48/><V105/><F112/><UN n1="%E3%81%88%E3%81%8C%E3%82%8F%E3%82%8A%E3%81%8A" /><W127/><G115/><T4/><D114/><U34/><E108/><V35/><F126/><W10/><G127/><T117/><D117/><U23/><E123/><V75/><F119/><W61/><G111/><T47/><D110/><U132/><E132/><V94/><F35/><W21/><G71/><T113/><D113/><U19/><E129/><N who="0" m="49737" /><D37/><U15/><E60/><V20/><F29/><W39/><G68/><T33/><D33/><U84/><E40/><V36/><F36/><W16/><G61/><T73/><D73/><U98/><E84/><V28/><F28/><W6/><G17/><T103/><D22/><U7/><E7/><V24/><F105/><W11/><G6/><T89/><D89/><U93/><E30/><V12/><F75/><W9/><REACH who="3" step="1"/><G39/><REACH who="3" ten="271,305,194,210" step="2"/><T92/><D70/><U31/><E31/><N who="2" m="17799" /><F79/><W25/><G25/><T90/><D63/><U134/><E32/><V43/><F43/><W3/><G3/><T53/><D0/><U13/><E34/><V124/><F124/><W64/><G64/><T133/><D66/><U14/><E14/><V101/><F42/><W65/><G65/><T95/><D53/><U109/><E13/><V83/><F12/><W107/><G107/><T130/><D104/><U85/><E109/><V76/><F18/><W125/><G125/><T27/><D4/><U88/><E106/><V67/><F67/><W86/><AGARI ba="1,2" hai="9,10,11,16,21,26,41,44,49,54,55,78,80,86" machi="86" ten="30,12000,2" yaku="1,1,0,1,8,1,52,3,54,1,53,0" doraHai="5" doraHaiUra="8" who="3" fromWho="3" sc="271,-61,305,-31,194,-31,210,143" /><INIT seed="5,0,0,2,3,31" ten="210,274,163,353" oya="1" hai0="127,32,67,124,87,114,122,8,112,12,2,25,118" hai1="29,102,38,120,4,56,79,134,133,1,75,91,104" hai2="97,63,48,6,82,108,13,83,26,111,0,57,7" hai3="101,71,34,14,72,58,24,96,73,11,41,94,84"/><U35/><E120/><V65/><F0/><W129/><G71/><T100/><D67/><U80/><E38/><V62/><F97/><W131/><G41/><T18/><D100/><U20/><E20/><V106/><F106/><W125/><G125/><N who="0" m="48203" /><D118/><U40/><E40/><V105/><F105/><W95/><G58/><T132/><D87/><U89/><E56/><V77/><F82/><W99/><G84/><T23/><D122/><U27/><E4/><V113/><F113/><N who="0" m="43626" /><D132/><N who="1" m="50795" /><E1/><V53/><F62/><W119/><G119/><T15/><D32/><U123/><E123/><V45/><F83/><W130/><G24/><T10/><D2/><U60/><E60/><V74/><F26/><W103/><REACH who="3" step="1"/><G34/><REACH who="3" ten="210,274,163,343" step="2"/><T88/><D88/><N who="1" m="33867" /><E104/><V66/><F57/><W121/><G121/><T90/><D90/><U59/><E59/><V128/><F65/><W50/><G50/><T69/><D69/><U117/><E117/><V51/><F66/><W55/><G55/><T92/><D92/><U16/><E102/><V49/><F53/><W93/><G93/><T110/><D110/><U43/><E43/><V33/><F111/><W135/><G135/><T47/><D47/><U17/><AGARI ba="0,1" hai="16,17,27,29,35,75,79,80" m="33867,50795" machi="17" ten="30,11700,0" yaku="20,1,52,1,54,2" doraHai="31" who="1" fromWho="1" sc="210,-39,274,127,163,-39,343,-39" /><INIT seed="5,1,0,5,2,102" ten="171,401,124,304" oya="1" hai0="57,83,80,103,120,77,27,33,66,72,21,75,110" hai1="34,40,114,113,97,64,61,1,71,107,101,37,105" hai2="78,93,60,94,38,129,86,56,24,74,41,135,76" hai3="91,68,26,0,133,59,111,45,53,131,98,117,108"/><U106/><E1/><V88/><F129/><W90/><G0/><T115/><D110/><U116/><E116/><V12/><F135/><W81/><G117/><T52/><D33/><U55/><E55/><V9/><F74/><W22/><G131/><T58/><D115/><N who="1" m="44043" /><E34/><V48/><F38/><W79/><G133/><T132/><D132/><U50/><E50/><V87/><F24/><W2/><G68/><T67/><D120/><U84/><E84/><V43/><F94/><W126/><G45/><AGARI ba="1,0" hai="37,40,45,61,64,71,97,101,105,106,107" m="44043" machi="45" ten="30,12000,1" yaku="15,1,23,1,52,3" doraHai="102" who="1" fromWho="3" sc="171,0,401,123,124,0,304,-123" /><INIT seed="5,2,0,2,1,12" ten="171,524,124,181" oya="1" hai0="63,112,82,73,117,1,15,43,19,36,35,94,83" hai1="45,37,49,99,50,131,126,5,116,92,9,95,57" hai2="118,68,39,46,74,103,42,2,28,66,86,24,85" hai3="41,23,16,80,124,72,109,135,106,84,18,113,51"/><U33/><E116/><V60/><F118/><W20/><G109/><T100/><D1/><U22/><E33/><V91/><F2/><W34/><G34/><T10/><D35/><U64/><E37/><V44/><F74/><W53/><G72/><T38/><D117/><U70/><E70/><V26/><F103/><W81/><G113/><T93/><D112/><U27/><E131/><V54/><F28/><W89/><G106/><T67/><D43/><U78/><E78/><V90/><F85/><N who="3" m="50343" /><G135/><T13/><D73/><U6/><E9/><V21/><F86/><W122/><G122/><T107/><D107/><U96/><E92/><V134/><F134/><W71/><G71/><T11/><D100/><U8/><E8/><V79/><F79/><N who="3" m="46143" /><G41/><T121/><D121/><U0/><E0/><V133/><F91/><W102/><G124/><T7/><D82/><U30/><E99/><V14/><F90/><W97/><G97/><T48/><D83/><U29/><E29/><V125/><F125/><W104/><G102/><T77/><D77/><U31/><E31/><V115/><F115/><W17/><G104/><T32/><D32/><U119/><E126/><V40/><F133/><W65/><G65/><T88/><D93/><U128/><E119/><V110/><F110/><W3/><G3/><T129/><D129/><U69/><E69/><V87/><F87/><W75/><G75/><T101/><D101/><N who="1" m="60575" /><E128/><V132/><F132/><W62/><G62/><T123/><D123/><U25/><E64/><V56/><F66/><W61/><G61/><T105/><D105/><U114/><E114/><RYUUKYOKU ba="2,0" sc="171,-10,524,-10,124,-10,181,30" hai3="16,17,18,20,23,51,53" /><INIT seed="6,3,0,0,2,31" ten="161,514,114,211" oya="2" hai0="77,75,68,60,94,42,28,54,129,111,45,130,106" hai1="30,51,2,8,78,37,135,102,131,119,35,121,115" hai2="16,19,132,105,22,93,127,21,0,74,113,82,41" hai3="10,100,108,81,76,103,5,47,18,109,86,27,3"/><V88/><F105/><W95/><G109/><T20/><D106/><U44/><E119/><V110/><F0/><W114/><G108/><T6/><D111/><U48/><E37/><V84/><F110/><W56/><G114/><T24/><D75/><U101/><E115/><V85/><F113/><W96/><G47/><T65/><D77/><U128/><E78/><V36/><F132/><W124/><G124/><T17/><D6/><N who="1" m="1111" /><E121/><V53/><F74/><W14/><G56/><T97/><D54/><N who="1" m="29959" /><E51/><V67/><F127/><W72/><G72/><T98/><D17/><N who="2" m="6730" /><F36/><W125/><G125/><T104/><D104/><U80/><E80/><V69/><F69/><W87/><G87/><T49/><REACH who="0" step="1"/><D98/><REACH who="0" ten="151,514,114,211" step="2"/><U32/><E135/><V99/><F41/><W43/><G43/><T1/><D1/><U107/><E107/><V90/><F53/><W83/><G3/><T50/><D50/><U59/><E30/><V73/><F73/><W26/><G5/><T34/><D34/><N who="1" m="12843" /><E59/><V7/><F7/><W39/><G39/><T11/><D11/><U29/><E29/><V52/><F52/><W126/><G126/><T13/><D13/><U89/><E89/><AGARI ba="3,1" hai="20,24,28,42,45,49,60,65,68,89,94,97,129,130" machi="89" ten="40,1300,0" yaku="1,1,53,0" doraHai="31" doraHaiUra="123" who="0" fromWho="1" sc="151,32,514,-22,114,0,211,0" /><INIT seed="7,0,0,2,0,110" ten="183,492,114,211" oya="3" hai0="27,105,90,13,69,94,16,78,3,108,63,80,102" hai1="92,101,100,26,79,41,70,37,43,119,91,114,95" hai2="118,107,83,54,44,34,62,98,103,36,76,122,60" hai3="86,51,45,28,42,67,81,23,125,6,61,135,58"/><W8/><G125/><T17/><D3/><U15/><E70/><V124/><F118/><W48/><G135/><T49/><D108/><U19/><E119/><V134/><F124/><W113/><G113/><T68/><D49/><U9/><E114/><V111/><F111/><W104/><G104/><T33/><D105/><U120/><E120/><V106/><F34/><W5/><G51/><T24/><D102/><U96/><E79/><V2/><F2/><W74/><G74/><T82/><D63/><U46/><E41/><V56/><F134/><W93/><G93/><T50/><D50/><U53/><E53/><V71/><F122/><W59/><G59/><T35/><D13/><U29/><E95/><V84/><F106/><W52/><G28/><T14/><D14/><U57/><E57/><V99/><F103/><W55/><G23/><AGARI ba="0,0" hai="9,15,19,23,26,29,37,43,46,91,92,96,100,101" machi="23" ten="30,1000,0" yaku="7,1" doraHai="110" who="1" fromWho="3" sc="183,0,492,10,114,0,211,-10" owari="183,-21.7,502,60.2,114,-38.6,201,0.1" /></mjloggm>