<mjloggm ver="2.3"><GO type="169" lobby="0"/><UN n0="%E7%9C%9F%E4%B8%80" n1="%6F%69%6E%61%72%69%6E%67" n2="%70%6F%72%66%65%76%72%65" n3="%E3%82%A2%E3%83%B3%E3%83%88%E3%83%AC%E3%83%BC%E3%82%B9" dan="17,16,16,16" rate="2224.70,2080.94,2146.96,2069.86" sx="M,M,M,M"/><TAIKYOKU oya="0"/><INIT seed="0,0,0,2,0,33" ten="250,250,250,250" oya="0" hai0="123,51,84,53,122,90,124,36,3,76,86,45,93" hai1="20,77,6,28,25,133,110,2,9,135,55,78,85" hai2="128,13,30,22,108,65,64,94,118,96,35,19,7" hai3="99,119,81,100,115,83,131,121,117,120,89,5,79"/><T113/><D113/><U58/><E110/><V21/><F108/><W50/><G5/><T48/><D36/><U88/><E133/><V126/><F118/><N who="3" m="45067" /><G50/><T24/><D124/><U27/><E27/><V92/><F128/><W43/><G43/><T29/><D3/><U47/><E47/><V87/><F126/><W0/><G0/><T52/><D76/><U39/><E39/><V101/><F35/><W38/><G38/><T97/><D123/><N who="3" m="47177" /><G115/><T105/><D105/><U72/><E72/><V107/><F107/><N who="3" m="63903" /><G131/><T8/><D8/><U31/><E31/><V37/><F7/><W18/><G18/><T70/><D70/><U67/><E67/><V56/><F37/><W116/><N who="3" m="45075" /><W34/><DORA hai="46" /><G34/><T112/><D112/><U104/><E104/><V40/><F40/><W59/><G59/><N who="0" m="33191" /><D122/><U125/><E125/><V82/><F56/><W23/><G23/><AGARI ba="0,0" hai="23,24,29,45,51,52,84,86,90,93,97" m="33191" machi="23" ten="30,11600,0" yaku="8,1,52,2,54,1" doraHai="33,46" who="0" fromWho="3" sc="250,116,250,0,250,0,250,-116" /><INIT seed="0,1,0,4,4,76" ten="366,250,250,134" oya="0" hai0="5,54,3,66,88,37,116,129,22,127,73,57,59" hai1="122,51,112,93,8,118,108,13,18,28,56,30,71" hai2="115,124,125,19,102,38,94,81,29,132,86,25,121" hai3="45,48,69,17,10,16,96,135,63,82,87,113,11"/><T72/><D116/><U1/><E118/><V70/><F121/><W130/><G113/><T92/><D37/><U104/><E104/><V20/><F115/><W53/><G130/><T101/><D129/><U47/><E71/><V80/><F70/><W35/><G35/><T107/><D127/><N who="2" m="48714" /><F38/><W32/><G32/><T12/><D3/><U75/><E112/><V49/><F132/><W9/><G135/><T4/><D107/><U77/><E122/><V41/><F29/><W40/><G96/><T67/><D101/><U44/><E108/><V42/><F102/><W95/><G95/><T39/><D39/><U134/><E134/><V120/><F120/><W34/><G34/><T52/><D73/><U21/><E93/><V117/><F117/><W114/><G114/><T23/><D72/><U99/><E99/><V36/><F36/><W97/><G97/><T106/><D106/><U111/><E111/><V91/><F42/><W50/><G63/><N who="0" m="36263" /><D23/><U0/><E0/><V78/><F78/><N who="3" m="46551" /><G69/><T27/><D12/><U64/><E1/><V105/><F105/><W119/><G119/><T85/><D4/><U90/><E77/><V14/><F14/><W31/><G31/><N who="0" m="17911" /><D5/><U131/><E13/><V55/><F41/><W33/><G33/><T65/><D65/><U7/><E64/><V123/><F123/><W6/><G6/><T89/><D89/><U15/><E131/><V133/><F133/><W43/><G40/><T84/><D84/><U58/><E7/><V2/><F2/><W46/><AGARI ba="1,0" hai="9,10,11,16,17,43,45,46,48,50,53" m="46551" machi="46" ten="30,4000,0" yaku="8,1,52,1,54,1" doraHai="76" who="3" fromWho="3" sc="366,-21,250,-11,250,-11,134,43" /><INIT seed="1,0,0,4,2,98" ten="345,239,239,177" oya="1" hai0="42,15,68,81,52,54,93,92,120,63,109,71,91" hai1="12,9,13,24,20,1,18,126,84,8,60,75,69" hai2="33,76,77,56,53,4,6,64,30,25,49,29,55" hai3="114,85,39,130,122,90,135,5,118,21,19,112,36"/><U113/><E75/><V129/><F129/><W40/><G122/><T89/><D109/><U34/><E69/><V31/><F33/><W124/><G130/><T57/><D120/><U44/><E60/><V79/><F25/><W27/><G135/><T133/><D133/><U110/><E44/><V80/><F80/><W46/><G124/><T0/><D0/><U23/><E84/><V62/><REACH who="2" step="1"/><F53/><REACH who="2" ten="345,239,229,177" step="2"/><W125/><G125/><T107/><D81/><U73/><E126/><V94/><F94/><W61/><G118/><T104/><D54/><U102/><E34/><V58/><AGARI ba="0,1" hai="4,6,29,30,31,49,55,56,58,62,64,76,77,79" machi="58" ten="30,4000,0" yaku="1,1,0,1,8,1,53,0" doraHai="98" doraHaiUra="127" who="2" fromWho="2" sc="345,-10,239,-20,229,50,177,-10" /><INIT seed="2,0,0,1,0,63" ten="335,219,279,167" oya="2" hai0="114,90,18,121,115,59,104,17,33,48,1,21,108" hai1="82,111,43,42,66,80,110,5,34,19,83,46,84" hai2="44,30,40,133,98,49,132,54,117,56,23,88,106" hai3="127,28,113,53,4,119,60,126,61,45,37,69,20"/><V91/><F117/><W12/><G4/><T87/><D33/><U31/><E5/><V32/><F32/><W124/><G12/><T96/><D1/><U79/><E43/><V81/><F106/><W131/><G20/><T14/><D121/><U70/><E19/><V129/><F129/><W93/><G28/><T7/><D7/><U125/><E125/><V128/><F128/><W15/><G15/><T122/><D122/><U58/><E70/><V57/><F57/><N who="3" m="34863" /><G93/><T41/><D108/><N who="1" m="41515" /><E66/><V65/><F65/><N who="3" m="41135" /><G131/><T62/><D104/><U73/><E58/><V78/><F98/><W86/><G86/><T0/><D0/><U76/><E84/><V26/><F78/><W95/><G95/><T97/><D115/><U24/><E73/><V103/><F103/><W51/><G113/><T39/><D18/><U120/><E120/><V107/><F107/><W10/><G10/><T25/><D114/><U2/><E2/><V68/><F68/><W67/><G119/><T22/><D87/><U92/><E92/><V38/><REACH who="2" step="1"/><F81/><REACH who="2" ten="335,219,269,167" step="2"/><W13/><G67/><T123/><D97/><U8/><E34/><V101/><F101/><W85/><G124/><T52/><D96/><U99/><E99/><V29/><F29/><W36/><G126/><T71/><D71/><U55/><E79/><V105/><F105/><W47/><G127/><T11/><D123/><U27/><E76/><V118/><F118/><W3/><G36/><T94/><D39/><N who="1" m="21855" /><E31/><V6/><F6/><W130/><G37/><T50/><D59/><U89/><E83/><V100/><F100/><W64/><G130/><RYUUKYOKU ba="0,1" sc="335,-10,219,-10,269,30,167,-10" hai2="23,26,30,38,40,44,49,54,56,88,91,132,133" /><INIT seed="2,1,1,0,5,1" ten="325,209,299,157" oya="2" hai0="73,125,126,15,108,27,18,47,8,59,113,63,25" hai1="93,60,52,129,102,67,57,33,10,121,106,20,42" hai2="109,66,77,103,36,65,48,130,14,76,105,54,111" hai3="82,16,9,19,39,117,32,107,79,51,122,71,83"/><V95/><F36/><W4/><G117/><T128/><D113/><U85/><E129/><V2/><F2/><W78/><G122/><T35/><D108/><N who="2" m="41546" /><F105/><W55/><G39/><T70/><D73/><U84/><E33/><V62/><F130/><W131/><G71/><T21/><D128/><U132/><E121/><V115/><F115/><W68/><G68/><T127/><D70/><U12/><E132/><V90/><F103/><W89/><G32/><T94/><D35/><U13/><E42/><V41/><F14/><N who="3" m="5415" /><G107/><T50/><D94/><U31/><E106/><V81/><F41/><W134/><G89/><T34/><D34/><U58/><E102/><V0/><F0/><W101/><G101/><T28/><D27/><U97/><E13/><V112/><F112/><W80/><G134/><T29/><D50/><N who="1" m="30871" /><E93/><V74/><F62/><W44/><G131/><T133/><D47/><U11/><E97/><N who="2" m="57591" /><F77/><AGARI ba="1,1" hai="16,19,44,51,55,77,78,79,80,82,83" m="5415" machi="77" ten="30,3900,0" yaku="8,1,52,1,54,1" doraHai="1" who="3" fromWho="2" sc="325,0,209,0,299,-42,157,52" /><INIT seed="3,0,0,1,1,135" ten="325,209,257,209" oya="3" hai0="46,33,64,96,81,104,36,49,127,58,117,75,22" hai1="125,31,101,53,79,107,89,45,32,91,128,27,77" hai2="114,55,99,42,1,80,12,69,113,30,54,123,35" hai3="52,112,121,111,95,44,38,50,88,118,87,39,15"/><W120/><G112/><T14/><D33/><U106/><E128/><V93/><F1/><W74/><G118/><T41/><D117/><U67/><E67/><V97/><F69/><W131/><G131/><T17/><D127/><U4/><E125/><V83/><F123/><W70/><G70/><T84/><D75/><U0/><E77/><V9/><F42/><W124/><G124/><T47/><D104/><U8/><E79/><V72/><F72/><W11/><G74/><T134/><D96/><U119/><E119/><V78/><F78/><W18/><REACH who="3" step="1"/><G111/><REACH who="3" ten="325,209,257,199" step="2"/><T86/><D134/><U6/><E107/><V51/><F113/><W92/><G92/><T85/><D81/><U66/><E106/><V105/><F114/><W103/><G103/><T109/><D109/><U100/><E101/><V115/><F115/><W94/><G94/><T62/><REACH who="0" step="1"/><D46/><REACH who="0" ten="315,209,257,199" step="2"/><U20/><E45/><V68/><F83/><W29/><G29/><T16/><D16/><U21/><E31/><V90/><F80/><W76/><G76/><T23/><D23/><U126/><E21/><V10/><F30/><W82/><G82/><T59/><D59/><U24/><E20/><V133/><F68/><W61/><G61/><T5/><D5/><U102/><E4/><V37/><F105/><W3/><G3/><T63/><D63/><U129/><E126/><V7/><F7/><W98/><G98/><T40/><D40/><U57/><E6/><V108/><F97/><W65/><G65/><T60/><D60/><U13/><E66/><V71/><F99/><W26/><G26/><T34/><D34/><RYUUKYOKU ba="0,2" sc="315,15,209,-15,257,-15,199,15" hai0="14,17,22,36,41,47,49,58,62,64,84,85,86" hai3="11,15,18,38,39,44,50,52,87,88,95,120,121" /><INIT seed="3,1,2,2,4,21" ten="330,194,242,214" oya="3" hai0="124,119,26,56,118,95,125,6,42,79,4,80,30" hai1="112,104,130,100,69,10,19,106,113,97,87,70,65" hai2="84,52,68,51,40,132,33,122,98,92,123,25,64" hai3="120,17,103,15,28,32,29,108,37,50,117,5,133"/><W83/><G37/><T107/><D107/><U93/><E130/><V134/><F40/><W109/><G117/><T73/><D42/><U135/><E135/><N who="2" m="51755" /><F84/><W31/><G133/><T46/><D46/><U20/><E10/><V38/><F38/><W55/><G120/><T39/><D39/><U116/><E116/><N who="0" m="44585" /><D56/><U131/><E131/><V7/><F7/><W9/><G103/><T1/><D95/><U12/><E104/><V35/><F64/><W13/><G83/><T129/><D129/><U121/><E121/><N who="2" m="46091" /><F25/><W23/><REACH who="3" step="1"/><G32/><REACH who="3" ten="330,194,242,204" step="2"/><T102/><D102/><U11/><E100/><N who="2" m="60487" /><F68/><W48/><G48/><T41/><D80/><U62/><E69/><V78/><F78/><W96/><G96/><T88/><D79/><U77/><E97/><V16/><F16/><W27/><G27/><T45/><D26/><U66/><E19/><V63/><F63/><W58/><AGARI ba="1,3" hai="5,9,13,15,17,23,28,29,31,50,55,58,108,109" machi="58" ten="30,3000,0" yaku="1,1,0,1,53,0" doraHai="21" doraHaiUra="94" who="3" fromWho="3" sc="330,-11,194,-11,242,-11,204,63" /><INIT seed="3,2,0,5,1,109" ten="319,183,231,267" oya="3" hai0="73,84,99,122,46,16,134,11,102,55,135,103,83" hai1="82,5,66,121,108,107,79,44,72,89,1,116,31" hai2="19,7,104,41,90,120,18,14,56,48,124,114,70" hai3="123,96,10,43,17,74,0,88,101,105,24,133,62"/><W71/><G123/><T115/><D122/><U92/><E121/><V8/><F120/><RYUUKYOKU type="kaze4" ba="2,0" sc="319,0,183,0,231,0,267,0" /><INIT seed="3,3,0,3,4,129" ten="319,183,231,267" oya="3" hai0="44,96,103,131,73,110,104,18,87,71,22,54,113" hai1="76,91,82,43,121,37,31,3,117,5,67,23,79" hai2="63,118,107,98,78,29,68,35,41,115,66,93,94" hai3="64,48,34,17,30,123,108,125,102,13,14,70,49"/><W27/><G123/><T135/><D73/><U32/><E121/><V42/><F115/><W0/><G0/><T53/><D71/><U62/><E117/><V57/><F118/><W116/><G116/><T4/><D113/><U8/><E32/><V120/><F120/><W126/><G102/><T60/><D131/><U38/><E91/><V10/><F10/><W15/><G108/><T51/><D110/><U72/><E79/><V114/><F114/><W77/><G77/><T74/><D74/><U33/><E23/><V99/><F78/><W65/><G17/><T52/><D4/><U39/><E43/><V106/><F57/><W105/><G105/><T100/><D100/><U127/><E127/><N who="3" m="48650" /><G70/><T81/><D60/><U2/><E2/><V130/><F130/><W90/><G90/><T86/><D135/><U20/><E20/><V19/><F19/><W11/><G11/><T69/><D69/><N who="1" m="42231" /><E39/><V119/><F119/><W40/><G49/><T21/><D21/><U83/><E82/><V24/><F106/><W25/><G27/><AGARI ba="3,0" hai="3,5,8,27,31,33,37,38,72,76,83" m="42231" machi="27" ten="30,2000,0" yaku="33,2" doraHai="129" who="1" fromWho="3" sc="319,0,183,29,231,0,267,-29" /><INIT seed="4,0,0,2,1,107" ten="319,212,231,238" oya="0" hai0="87,93,43,15,102,16,52,98,7,131,51,126,72" hai1="23,3,12,127,135,129,73,34,124,92,74,54,130" hai2="4,44,99,134,84,41,114,19,109,100,119,24,79" hai3="1,80,64,77,21,120,118,30,58,18,110,49,103"/><T47/><D131/><N who="1" m="50187" /><E34/><V60/><F109/><W86/><G110/><T63/><D126/><N who="1" m="48171" /><E3/><V40/><F119/><W2/><G118/><T25/><D72/><N who="1" m="27755" /><E135/><V97/><F134/><W105/><G1/><T61/><D7/><U31/><E54/><V27/><F4/><W111/><G111/><T55/><D25/><N who="1" m="16831" /><E92/><V82/><F27/><W89/><G2/><T62/><REACH who="0" step="1"/><D87/><REACH who="0" ten="309,212,231,238" step="2"/><U20/><E20/><AGARI ba="0,1" hai="15,16,20,43,47,51,52,55,61,62,63,93,98,102" machi="20" ten="40,12000,1" yaku="1,1,2,1,8,1,54,2,53,0" doraHai="107" doraHaiUra="128" who="0" fromWho="1" sc="309,130,212,-120,231,0,238,0" /><INIT seed="4,1,0,3,5,24" ten="439,92,231,238" oya="0" hai0="79,101,84,95,17,74,6,113,61,21,92,15,104" hai1="103,36,100,114,56,75,23,110,122,130,29,97,51" hai2="64,33,31,91,66,18,28,121,108,50,98,65,57" hai3="44,32,34,93,13,60,0,124,80,47,131,106,77"/><T54/><D113/><U1/><E122/><V117/><F108/><W62/><G106/><T102/><D74/><U87/><E36/><V45/><F33/><W116/><G0/><T38/><D38/><U55/><E110/><V12/><F121/><W46/><G116/><T115/><D115/><U128/><E75/><V2/><F2/><W118/><G118/><T94/><D104/><U83/><E1/><V27/><F57/><W16/><G131/><T109/><D109/><U8/><E114/><V7/><F27/><W3/><G3/><T71/><D6/><U120/><E120/><V72/><F7/><W126/><G93/><T9/><D71/><U39/><E8/><N who="2" m="6407" /><F72/><W25/><G34/><T111/><D111/><U107/><E100/><V129/><F129/><N who="1" m="49769" /><E39/><V69/><F69/><W35/><G32/><T52/><D9/><U5/><E5/><V58/><F58/><W37/><G37/><T127/><D127/><N who="3" m="48681" /><G80/><N who="0" m="47135" /><D61/><N who="3" m="23657" /><G77/><T59/><D59/><U89/><E23/><V86/><F98/><W112/><G112/><T70/><D70/><U49/><E49/><V133/><F117/><W42/><G42/><T48/><D48/><U90/><E90/><V76/><F76/><W67/><G67/><T53/><AGARI ba="1,0" hai="15,17,21,52,53,54,92,94,95,101,102" m="47135" machi="53" ten="30,3000,0" yaku="8,1,54,1" doraHai="24" who="0" fromWho="0" sc="439,33,92,-11,231,-11,238,-11" /><INIT seed="4,2,0,3,2,16" ten="472,81,220,227" oya="0" hai0="119,103,135,97,47,133,117,60,8,51,100,104,15" hai1="6,107,18,90,110,39,61,99,78,34,111,31,27" hai2="64,19,42,76,124,33,84,134,129,131,128,106,32" hai3="53,48,108,20,0,35,41,56,67,127,77,29,82"/><T13/><D103/><U85/><E39/><V7/><F106/><W115/><G108/><T40/><D60/><U72/><E6/><V94/><F42/><W10/><G35/><T12/><REACH who="0" step="1"/><D8/><REACH who="0" ten="462,81,220,227" step="2"/><U62/><E62/><V130/><F129/><W49/><G10/><T25/><D25/><U122/><E122/><V132/><F64/><W59/><G67/><T69/><D69/><U58/><E110/><V86/><F7/><W120/><G120/><T80/><D80/><U55/><E111/><V101/><F101/><W4/><G82/><T50/><D50/><U88/><E107/><V1/><F94/><W126/><G49/><T96/><D96/><U74/><E99/><V28/><F131/><W113/><G48/><T70/><D70/><U38/><E38/><V91/><F130/><W68/><G4/><T116/><AGARI ba="2,1" hai="12,13,15,40,47,51,97,100,104,116,117,119,133,135" machi="116" ten="40,3900,0" yaku="1,1,0,1,53,0" doraHai="16" doraHaiUra="63" who="0" fromWho="0" sc="462,55,81,-15,220,-15,227,-15" /><INIT seed="4,3,0,3,1,67" ten="517,66,205,212" oya="0" hai0="115,18,121,92,14,93,133,68,13,43,83,20,70" hai1="38,34,112,77,36,130,122,103,126,76,12,27,19" hai2="23,32,89,98,30,117,75,42,51,80,79,66,135" hai3="9,104,53,96,1,97,81,24,134,62,72,35,105"/><T7/><D121/><U6/><E122/><V127/><F32/><W47/><G134/><T132/><D43/><U131/><E103/><V118/><F135/><N who="0" m="51786" /><D115/><U5/><E12/><V108/><F108/><W95/><G97/><T65/><D65/><U120/><E120/><V119/><F66/><W116/><G72/><T15/><D83/><U46/><E34/><V128/><F127/><W125/><G125/><T40/><D40/><U3/><E126/><V99/><F128/><N who="1" m="49193" /><E19/><V102/><F89/><W8/><G24/><N who="0" m="14359" /><D7/><N who="1" m="2571" /><E27/><N who="2" m="16767" /><F102/><W61/><G1/><T29/><D29/><U25/><E25/><V114/><F114/><W54/><G35/><T31/><D31/><U78/><E3/><V44/><AGARI ba="3,0" hai="42,44,51,75,79,80,98,99,117,118,119" m="16767" machi="44" ten="40,1500,0" yaku="12,1" doraHai="67" who="2" fromWho="2" sc="517,-10,66,-7,205,24,212,-7" /><INIT seed="5,0,0,4,1,96" ten="507,59,229,205" oya="1" hai0="2,131,82,104,51,123,120,50,16,106,11,126,94" hai1="89,14,26,128,88,100,43,122,7,108,46,54,84" hai2="77,124,80,113,22,9,117,33,35,98,3,66,39" hai3="105,27,115,101,18,15,62,134,92,63,118,129,81"/><U61/><E122/><N who="0" m="46633" /><D131/><U52/><E128/><V45/><F117/><W10/><G129/><T93/><D126/><U107/><E108/><V73/><F66/><W70/><G105/><N who="0" m="40555" /><D82/><U12/><E26/><V5/><F98/><N who="3" m="59591" /><G70/><T135/><D135/><U41/><E107/><V72/><F124/><W78/><G115/><T20/><D94/><U31/><E31/><V109/><F109/><W75/><G75/><T74/><D93/><U1/><E1/><V116/><F113/><W114/><G114/><T127/><D74/><U32/><E32/><V130/><F130/><W40/><G134/><T24/><D127/><U56/><E100/><V57/><F73/><W42/><G118/><T87/><D87/><U58/><E46/><V95/><F95/><W67/><G81/><T0/><D0/><U6/><REACH who="1" step="1"/><E61/><REACH who="1" ten="507,49,229,205" step="2"/><V68/><F3/><W99/><G27/><T4/><AGARI ba="0,1" hai="2,4,11,16,20,24,50,51" m="40555,46633" machi="4" ten="40,2700,0" yaku="13,1,54,1" doraHai="96" who="0" fromWho="0" sc="507,37,49,-13,229,-7,205,-7" /><INIT seed="6,0,0,5,5,38" ten="544,36,222,198" oya="2" hai0="39,55,42,56,52,118,91,49,107,93,26,83,36" hai1="130,40,128,29,80,72,84,110,60,88,73,100,108" hai2="113,104,2,54,17,122,106,68,116,15,61,7,131" hai3="50,34,89,3,87,1,109,71,76,23,105,132,20"/><V134/><F122/><W33/><G109/><N who="1" m="42090" /><E60/><V119/><F2/><W85/><G105/><T64/><D107/><U63/><E63/><V46/><F7/><W92/><G132/><T43/><D118/><U21/><E21/><V6/><F6/><W13/><G50/><N who="0" m="30743" /><D39/><U112/><E29/><V31/><F104/><W99/><G71/><T86/><D36/><U79/><E40/><N who="0" m="15401" /><D64/><U94/><E100/><V35/><F116/><W121/><G121/><T32/><D32/><U126/><E126/><V22/><F35/><W103/><G33/><T11/><D11/><U12/><E12/><V65/><F15/><W101/><G13/><T59/><D26/><U120/><E120/><V30/><F119/><W58/><G34/><T10/><D10/><U69/><E69/><V16/><F68/><W0/><G1/><T28/><D28/><U133/><E133/><V37/><F30/><W127/><G0/><T53/><D53/><U70/><E70/><V90/><F54/><W135/><G3/><T124/><D124/><U129/><E112/><V57/><F113/><W125/><G127/><T24/><D24/><U78/><E78/><V48/><F37/><W27/><G76/><T82/><AGARI ba="0,0" hai="49,55,59,82,83,86,91,93" m="15401,30743" machi="82" ten="30,8000,1" yaku="8,1,52,3,54,1" doraHai="38" who="0" fromWho="0" sc="544,80,36,-20,222,-40,198,-20" /><INIT seed="7,0,0,5,5,30" ten="624,16,182,178" oya="3" hai0="58,47,109,7,91,115,31,3,5,107,127,88,111" hai1="59,71,24,95,57,14,43,106,129,12,13,16,116" hai2="74,40,126,34,70,28,15,85,35,80,54,17,73" hai3="27,44,38,99,79,117,0,1,2,124,22,18,110"/><W20/><G117/><T130/><D107/><U23/><E106/><V69/><F126/><W81/><G124/><T49/><D127/><U33/><E71/><V92/><F40/><W4/><G110/><T133/><D31/><U8/><E43/><V121/><F121/><W52/><G99/><T84/><D130/><U63/><E116/><V105/><F105/><W128/><G128/><T19/><D133/><U77/><E129/><V64/><F28/><W60/><G38/><T113/><D58/><U125/><E125/><V66/><F54/><W90/><G90/><T67/><D19/><U112/><E112/><N who="0" m="43081" /><D67/><U93/><E77/><V26/><F64/><W51/><G22/><T10/><D7/><U119/><E119/><V108/><F108/><N who="0" m="41546" /><D84/><U82/><E82/><V122/><F66/><W36/><G36/><T25/><D25/><U103/><E33/><V89/><F26/><W120/><G60/><T29/><D29/><U102/><E57/><V98/><F122/><W75/><REACH who="3" step="1"/><G120/><REACH who="3" ten="624,16,182,168" step="2"/><T83/><D91/><U97/><E8/><AGARI ba="0,1" hai="0,1,2,4,8,18,20,27,44,51,52,75,79,81" machi="8" ten="40,7700,0" yaku="1,1,2,1,54,1,53,0" doraHai="30" doraHaiUra="56" who="3" fromWho="1" sc="624,0,16,-77,182,0,168,87" owari="624,72.4,-61,-56.1,182,-21.8,255,5.5" /></mjloggm>