<mjloggm ver="2.3"><GO type="169" lobby="0"/><UN n0="%4D%72%52%41%4D%4F" n1="%41%2E%53%74%61%72%73" n2="%E3%81%A6%E3%82%93%E3%81%8F%E3%81%86" n3="%E5%A4%A7%E6%A5%A0%E5%85%AC" dan="16,16,16,16" rate="2137.21,2041.51,2188.49,2135.20" sx="M,M,M,M"/><TAIKYOKU oya="0"/><INIT seed="0,0,0,5,1,11" ten="250,250,250,250" oya="0" hai0="77,3,63,17,18,81,54,57,131,41,55,93,127" hai1="99,50,74,108,60,76,62,80,22,114,64,23,49" hai2="19,96,70,13,29,38,86,132,73,16,135,51,25" hai3="44,24,123,126,125,21,43,106,111,34,105,0,91"/><T7/><D131/><U117/><E108/><V20/><F73/><W88/><G34/><T115/><D115/><U120/><E117/><V79/><F38/><W4/><G111/><T75/><D127/><N who="3" m="48649" /><G123/><T100/><D41/><U67/><E120/><V95/><F70/><W78/><G78/><T15/><D3/><U109/><E109/><V98/><F51/><N who="3" m="27039" /><G4/><T116/><D116/><U30/><E114/><V122/><F122/><W8/><G8/><T66/><D7/><U56/><E99/><V129/><F129/><W128/><G0/><T58/><D58/><U101/><E101/><V9/><F29/><N who="3" m="17551" /><G128/><T72/><D72/><U37/><E37/><V46/><F46/><W87/><G91/><T85/><D18/><U119/><E119/><V10/><F10/><W82/><AGARI ba="0,0" hai="82,87,88,105,106" m="17551,27039,48649" machi="82" ten="30,2000,0" yaku="18,1,54,1" doraHai="11" who="3" fromWho="3" sc="250,-10,250,-5,250,-5,250,20" /><INIT seed="1,0,0,1,0,24" ten="240,245,245,270" oya="1" hai0="100,107,51,116,71,37,54,34,41,49,103,87,135" hai1="99,90,78,11,57,38,14,102,65,123,98,119,67" hai2="115,68,129,97,86,108,32,74,83,92,18,20,104" hai3="117,112,43,53,124,128,16,101,48,21,118,127,10"/><U131/><E119/><N who="3" m="45578" /><G112/><T84/><D116/><U59/><E123/><V70/><F115/><W56/><G128/><T40/><D71/><U19/><E131/><V134/><F129/><W109/><G109/><T52/><D34/><U88/><E38/><V4/><F4/><W1/><G101/><T12/><D12/><U132/><E132/><V75/><F32/><W29/><G43/><T133/><REACH who="0" step="1"/><D37/><REACH who="0" ten="230,245,245,270" step="2"/><U23/><E78/><V110/><F68/><W27/><G1/><T126/><D126/><N who="3" m="48169" /><G10/><T95/><D95/><U26/><E67/><V82/><F70/><W60/><G48/><T76/><D76/><U22/><E22/><V62/><F134/><W58/><G58/><T66/><D66/><U79/><E79/><V122/><F110/><W111/><G111/><T55/><D55/><U7/><E59/><V81/><F108/><W17/><AGARI ba="0,1" hai="16,17,21,27,29,53,56,60" m="48169,45578" machi="17" ten="40,8000,1" yaku="12,1,18,1,52,1,54,1" doraHai="24" who="3" fromWho="3" sc="230,-20,245,-40,245,-20,270,90" /><INIT seed="2,0,0,5,4,16" ten="210,205,225,360" oya="2" hai0="117,52,44,26,130,29,24,62,84,2,88,97,80" hai1="18,120,8,93,13,115,54,40,123,116,34,105,95" hai2="15,78,113,121,70,94,74,14,101,100,11,107,63" hai3="25,7,106,98,72,37,53,134,79,12,122,73,69"/><V21/><F113/><W35/><G122/><N who="1" m="46634" /><E115/><V129/><F121/><W127/><G127/><T86/><D2/><U17/><E116/><V60/><F107/><W65/><G134/><T39/><D117/><U55/><E105/><V59/><F129/><W135/><G135/><T132/><D132/><U89/><E34/><V104/><F104/><W6/><G37/><T20/><D130/><U114/><E114/><V83/><F70/><W111/><G111/><T102/><D39/><U126/><E126/><V57/><F94/><W75/><G53/><N who="1" m="19978" /><E40/><V47/><F47/><W118/><G118/><T119/><D119/><U23/><E89/><V19/><F60/><N who="3" m="40103" /><G12/><AGARI ba="0,0" hai="8,12,13,17,18,23,93,95" m="19978,46634" machi="12" ten="30,2000,0" yaku="13,1,52,1" doraHai="16" who="1" fromWho="3" sc="210,0,205,20,225,0,360,-20" /><INIT seed="3,0,0,0,2,82" ten="210,225,225,340" oya="3" hai0="76,13,10,85,102,120,90,35,4,8,12,22,106" hai1="117,100,134,6,118,7,129,80,108,5,116,68,11" hai2="75,41,46,31,58,29,47,135,89,38,27,72,52" hai3="123,55,115,61,65,86,34,42,21,83,121,107,48"/><W62/><G34/><T59/><D120/><U1/><E68/><V70/><F135/><W104/><G115/><T114/><D35/><U125/><E100/><V28/><F70/><W105/><G42/><T3/><D114/><U128/><E134/><V113/><F113/><W88/><G21/><T15/><D76/><U79/><E108/><V64/><F64/><W0/><G0/><T54/><D22/><U60/><E60/><V18/><F46/><W71/><REACH who="3" step="1"/><G61/><REACH who="3" ten="210,225,225,330" step="2"/><T25/><D25/><U126/><E1/><V67/><F27/><W111/><G111/><T17/><D3/><U30/><E11/><V49/><F41/><W9/><G9/><T133/><D133/><U36/><E36/><V39/><F39/><W66/><G66/><T43/><D43/><U57/><E30/><V122/><F38/><W109/><G109/><T16/><D10/><U77/><E57/><AGARI ba="0,1" hai="48,55,57,62,65,71,83,86,88,104,105,107,121,123" machi="57" ten="40,12000,1" yaku="1,1,52,1,54,1,53,1" doraHai="82" doraHaiUra="63" who="3" fromWho="1" sc="210,0,225,-120,225,0,330,130" /><INIT seed="3,1,0,0,1,77" ten="210,105,225,460" oya="3" hai0="115,19,46,16,69,97,85,45,82,84,62,24,38" hai1="0,96,2,54,127,42,119,98,49,66,17,50,135" hai2="28,108,76,88,90,107,32,27,35,122,21,74,70" hai3="94,18,8,44,36,41,67,22,4,48,59,25,89"/><W52/><G67/><T31/><D115/><U23/><E127/><V53/><F122/><W93/><REACH who="3" step="1"/><G89/><REACH who="3" ten="210,105,225,450" step="2"/><T112/><D112/><U64/><E64/><V58/><F88/><W29/><G29/><T103/><D31/><U101/><E66/><V3/><F90/><W131/><G131/><T30/><D30/><U118/><E135/><V116/><F28/><W39/><G39/><T51/><D38/><U9/><E119/><V83/><F116/><W100/><G100/><T33/><D103/><U117/><E101/><V14/><F35/><W79/><G79/><T11/><D33/><U60/><E118/><V120/><F76/><W105/><G105/><T123/><D123/><U132/><E117/><V106/><F106/><W34/><G34/><T13/><D69/><U130/><E132/><V102/><F107/><W40/><G40/><T10/><D97/><U133/><E133/><V15/><F70/><W128/><G128/><T109/><D109/><U73/><E130/><V129/><F129/><W37/><G37/><T92/><D92/><U124/><E98/><V63/><F102/><W86/><G86/><T81/><D85/><U126/><E42/><V134/><F134/><W80/><G80/><T6/><D84/><U104/><E96/><V111/><F120/><W78/><G78/><T1/><D81/><U99/><E99/><V47/><F32/><W43/><G43/><T5/><D82/><U7/><E104/><V61/><F83/><W57/><G57/><T12/><D19/><U87/><E17/><V121/><F111/><W20/><G20/><T68/><D68/><RYUUKYOKU ba="1,1" sc="210,-10,105,-10,225,-10,450,30" hai3="4,8,18,22,25,36,41,44,48,52,59,93,94" /><INIT seed="3,2,1,3,1,75" ten="200,95,215,480" oya="3" hai0="125,67,8,51,77,106,60,50,47,91,24,101,33" hai1="110,23,71,80,66,2,124,111,56,132,48,94,25" hai2="5,104,39,58,21,115,65,70,128,7,117,118,105" hai3="108,83,64,40,16,99,126,0,38,74,116,13,15"/><W76/><G116/><T73/><D125/><U96/><E124/><V79/><F39/><W89/><G126/><T134/><D134/><U9/><E132/><V85/><F70/><W127/><G127/><T59/><D91/><U95/><E71/><V35/><F35/><W69/><G0/><T52/><D8/><U119/><E119/><V112/><F21/><W43/><G108/><N who="1" m="41514" /><E80/><V123/><F58/><W129/><G129/><T107/><D101/><U135/><E135/><V12/><F12/><W34/><G34/><T54/><D24/><U17/><E96/><V32/><F32/><W57/><G69/><T30/><D30/><U122/><E122/><V130/><F85/><W63/><G13/><T84/><D73/><U53/><E66/><V87/><F87/><W3/><G3/><T82/><REACH who="0" step="1"/><D33/><REACH who="0" ten="190,95,215,480" step="2"/><U18/><E18/><V72/><F72/><W11/><REACH who="3" step="1"/><G38/><REACH who="3" ten="190,95,215,470" step="2"/><T29/><D29/><U42/><E2/><V27/><F117/><W45/><G45/><AGARI ba="2,3" hai="45,47,50,51,52,54,59,60,67,77,82,84,106,107" machi="45" ten="30,12000,2" yaku="1,1,7,1,9,1,52,1,54,1,53,1" doraHai="75" doraHaiUra="61" who="0" fromWho="3" sc="190,156,95,0,215,0,470,-126" /><INIT seed="4,0,0,3,0,118" ten="346,95,215,344" oya="0" hai0="97,117,71,73,64,37,11,134,55,5,103,31,130" hai1="49,34,80,12,82,47,25,36,48,102,131,58,76" hai2="1,24,7,13,90,35,95,10,121,61,63,59,0" hai3="39,15,69,127,119,89,46,115,81,93,91,86,108"/><T101/><D117/><U68/><E131/><V16/><F121/><W107/><G107/><T129/><D73/><U21/><E68/><V53/><F63/><W114/><G119/><T22/><D37/><U77/><E34/><V84/><REACH who="2" step="1"/><F7/><REACH who="2" ten="346,95,205,344" step="2"/><W18/><G114/><T106/><D5/><U20/><E36/><V23/><F23/><W125/><G115/><T19/><D22/><U105/><E21/><V79/><F79/><W72/><G125/><T128/><D128/><U27/><E77/><V120/><F120/><W83/><G127/><T85/><D130/><U135/><E76/><V26/><F26/><W70/><G39/><T44/><D129/><U54/><E25/><V65/><F65/><W43/><G108/><T33/><D64/><U104/><E27/><V45/><F45/><W30/><G46/><T60/><D60/><U2/><E47/><V56/><F56/><W4/><G4/><T67/><D67/><U123/><E58/><V62/><F62/><W116/><G116/><T110/><D110/><U57/><E57/><V88/><F88/><W38/><G89/><T124/><D124/><U29/><E20/><V113/><F113/><W50/><G91/><T112/><D112/><U3/><E123/><V109/><F109/><W51/><G38/><T87/><D44/><U66/><E66/><V98/><F98/><W126/><G126/><T52/><D97/><U6/><E6/><V100/><F100/><W75/><G70/><T132/><D101/><U41/><E102/><V78/><F78/><W133/><G69/><T94/><D71/><U28/><E49/><RYUUKYOKU ba="0,1" sc="346,-10,95,-10,205,30,344,-10" hai2="0,1,10,13,16,24,35,53,59,61,84,90,95" /><INIT seed="5,1,1,1,0,100" ten="336,85,235,334" oya="1" hai0="78,81,40,97,53,57,25,1,48,102,99,92,30" hai1="83,34,58,29,43,85,15,129,91,84,61,127,109" hai2="101,125,11,77,89,27,117,96,5,26,39,131,121" hai3="65,12,56,112,120,106,113,36,45,124,94,133,44"/><U10/><E127/><V95/><F39/><W72/><G120/><T90/><D1/><U4/><E129/><V63/><F121/><W86/><G72/><T104/><D40/><U0/><E109/><V50/><F117/><W33/><G33/><T87/><D25/><U55/><E43/><V119/><F131/><W64/><G124/><T126/><D30/><U69/><E69/><V116/><F77/><W7/><G133/><T66/><D66/><U60/><E61/><V28/><F125/><W82/><G94/><T118/><REACH who="0" step="1"/><D126/><REACH who="0" ten="326,85,235,334" step="2"/><U46/><E46/><V41/><F41/><W54/><G45/><T68/><D68/><U31/><E34/><V88/><F26/><W22/><G44/><T42/><D42/><U17/><REACH who="1" step="1"/><E85/><REACH who="1" ten="326,75,235,334" step="2"/><V32/><F32/><W20/><G86/><T103/><D103/><U73/><E73/><V23/><F119/><AGARI ba="1,3" hai="48,53,57,78,81,87,90,92,97,99,102,104,118,119" machi="119" ten="40,2600,0" yaku="1,1,52,1,53,0" doraHai="100" doraHaiUra="9" who="0" fromWho="2" sc="326,59,75,0,235,-29,334,0" /><INIT seed="6,0,0,2,0,134" ten="385,75,206,334" oya="2" hai0="47,54,99,60,84,40,30,11,130,7,82,93,9" hai1="81,45,52,101,75,41,29,77,125,65,119,22,46" hai2="61,4,118,35,114,89,78,135,74,117,15,19,86" hai3="105,100,34,37,129,69,72,116,104,70,38,28,23"/><V91/><F135/><W68/><G23/><T20/><D130/><U2/><E119/><V13/><F35/><W127/><G116/><T5/><D30/><U98/><E2/><V1/><F1/><W12/><G12/><T128/><D128/><U111/><E111/><V26/><F74/><W64/><G129/><T51/><D20/><U95/><E65/><V80/><F114/><W79/><G64/><T97/><D9/><U10/><E10/><V3/><F3/><W16/><G16/><T32/><D32/><U108/><E108/><V92/><F91/><W0/><G0/><T88/><D11/><U83/><E83/><V131/><F4/><W109/><G109/><T112/><D97/><U59/><E41/><V67/><F26/><N who="3" m="18711" /><G127/><T25/><D25/><U106/><E106/><N who="3" m="41066" /><G100/><T58/><REACH who="0" step="1"/><D112/><REACH who="0" ten="375,75,206,334" step="2"/><U49/><REACH who="1" step="1"/><E125/><REACH who="1" ten="375,65,206,334" step="2"/><V85/><F131/><W107/><G107/><T102/><AGARI ba="0,2" hai="5,7,40,47,51,54,58,60,82,84,88,93,99,102" machi="102" ten="20,12000,2" yaku="1,1,2,1,0,1,7,1,8,1,54,1,53,0" doraHai="134" doraHaiUra="120" who="0" fromWho="0" sc="375,140,65,-30,206,-60,334,-30" /><INIT seed="7,0,0,5,1,91" ten="515,35,146,304" oya="3" hai0="133,89,126,71,38,125,19,21,104,135,66,131,119" hai1="80,74,62,25,123,83,39,2,20,67,30,49,100" hai2="130,24,112,109,77,8,42,94,134,101,132,122,120" hai3="92,79,36,5,129,48,78,51,34,72,1,65,14"/><W114/><G36/><T27/><D119/><U50/><E123/><N who="2" m="47147" /><F109/><W98/><G114/><T13/><D38/><U32/><E2/><V56/><F112/><W7/><G1/><T124/><D104/><U18/><E39/><V11/><F42/><W128/><G34/><T85/><D66/><U103/><E50/><N who="3" m="18986" /><G65/><T86/><D71/><U113/><E113/><V26/><F77/><N who="3" m="29195" /><G72/><T116/><D116/><U9/><E9/><N who="2" m="3659" /><F56/><W95/><G14/><T63/><D13/><U69/><E49/><V54/><F54/><W102/><G92/><T37/><D37/><U53/><E53/><V10/><F10/><W43/><G43/><T0/><D0/><U61/><E61/><V35/><F35/><W15/><G15/><T121/><D121/><U6/><E6/><V84/><F24/><W12/><G12/><T4/><D4/><U40/><E40/><V3/><F26/><W88/><G102/><T87/><D63/><U70/><E70/><V59/><F3/><W75/><G75/><T17/><D17/><U29/><E29/><V44/><F101/><N who="1" m="38985" /><E74/><V108/><F44/><W31/><G31/><T45/><D45/><U58/><E69/><V107/><F59/><W22/><G22/><T97/><D19/><U93/><E93/><V106/><F94/><W110/><G110/><T96/><D21/><U60/><E60/><V111/><F111/><W64/><G64/><T33/><D27/><N who="1" m="14743" /><E83/><V76/><F108/><W82/><G82/><T16/><D16/><U23/><E80/><V46/><F46/><W90/><G90/><T55/><D33/><U81/><E32/><RYUUKYOKU ba="0,0" sc="515,-15,35,15,146,-15,304,15" hai1="23,25,30,58,62,67,81" hai3="5,7,88,95,98,128,129" /><INIT seed="7,1,0,4,1,117" ten="500,50,131,319" oya="3" hai0="22,74,27,133,20,62,112,116,115,88,70,135,99" hai1="65,43,92,13,40,32,128,26,107,134,8,129,95" hai2="94,24,69,47,38,79,14,73,33,59,10,16,68" hai3="1,124,90,55,83,21,63,52,110,106,45,39,51"/><W101/><G124/><T91/><D116/><U6/><E107/><V64/><F73/><W0/><G110/><T3/><D3/><U5/><E65/><V35/><F79/><W97/><G39/><T4/><D74/><U2/><E43/><V23/><F33/><W131/><G131/><T100/><D4/><U96/><E40/><V56/><F35/><W82/><G21/><N who="0" m="8299" /><D27/><U18/><E95/><V76/><F76/><W30/><G30/><T29/><D29/><U127/><E92/><V66/><F68/><W46/><G63/><T78/><D78/><U104/><E96/><V132/><F38/><W108/><G108/><T125/><D125/><U81/><E81/><V103/><F69/><W119/><G119/><T80/><D70/><U15/><E104/><V93/><F47/><W48/><REACH who="3" step="1"/><G82/><REACH who="3" ten="500,50,131,309" step="2"/><T123/><D62/><U77/><E127/><V86/><F23/><W58/><G58/><T25/><D80/><U75/><E129/><V60/><F56/><W114/><G114/><T42/><D115/><U41/><E128/><V54/><F60/><W84/><AGARI ba="1,1" hai="0,1,45,46,48,51,52,55,83,84,90,97,101,106" machi="84" ten="30,11700,0" yaku="1,1,0,1,9,1,54,1,53,0" doraHai="117" doraHaiUra="61" who="3" fromWho="3" sc="500,-40,50,-40,131,-40,309,130" /><INIT seed="7,2,0,3,3,85" ten="460,10,91,439" oya="3" hai0="46,11,133,92,54,55,105,71,68,91,30,67,17" hai1="27,51,53,6,109,121,35,26,65,28,74,131,100" hai2="102,81,75,135,89,66,83,31,96,64,61,72,4" hai3="45,129,13,130,123,23,62,8,132,2,104,57,25"/><W5/><G123/><T52/><D105/><U87/><E109/><V124/><F61/><W19/><G104/><T39/><D133/><U84/><E131/><N who="3" m="50186" /><G45/><T118/><D118/><U86/><E121/><V33/><F89/><W56/><G132/><T69/><D30/><U18/><E74/><V1/><F83/><W47/><G47/><T22/><D11/><U82/><E6/><V58/><F96/><W70/><G70/><T38/><D67/><U126/><E126/><V0/><F4/><W49/><G49/><T20/><D46/><U97/><E65/><V34/><F34/><W50/><G50/><T80/><D80/><U44/><E18/><V60/><F81/><W36/><G36/><T120/><D120/><U16/><E27/><V134/><F31/><N who="3" m="17855" /><G62/><T103/><D103/><U128/><E128/><V112/><F102/><W42/><G42/><T63/><D63/><U37/><E37/><V14/><F60/><W7/><G7/><T125/><D125/><U77/><REACH who="1" step="1"/><E16/><REACH who="1" ten="460,0,91,439" step="2"/><V106/><F124/><W111/><G111/><T3/><D17/><U94/><AGARI ba="2,1" hai="26,28,35,44,51,53,77,82,84,86,87,94,97,100" machi="94" ten="20,8000,1" yaku="1,1,2,1,0,1,7,1,53,1" doraHai="85" doraHaiUra="24" who="1" fromWho="1" sc="460,-22,0,96,91,-22,439,-42" owari="438,53.8,96,-30.4,69,-43.1,397,19.7" /></mjloggm>