<mjloggm ver="2.3"><GO type="169" lobby="0"/><UN n0="%E2%97%8E%E3%82%88%E3%81%97%E2%97%8E" n1="%E3%82%BC%E3%83%B3%E3%83%84%E3%83%9E%E3%82%B7%E3%83%BC%E3%83%B3" n2="%E7%94%9F%E5%BE%92%E4%BC%9A%E3%80%90%E5%BA%8F%E3%80%91" n3="%E3%81%A6%E3%81%BE%E3%81%A1" dan="17,16,17,17" rate="2188.39,2151.66,2159.31,2133.35" sx="M,M,M,M"/><TAIKYOKU oya="0"/><INIT seed="0,0,0,1,0,44" ten="250,250,250,250" oya="0" hai0="103,49,41,85,40,33,39,132,79,82,108,15,72" hai1="21,135,94,102,114,22,9,58,17,66,134,6,96" hai2="55,106,107,70,74,47,23,37,57,100,42,27,101" hai3="104,109,7,99,26,52,64,13,83,8,54,126,10"/><T67/><D33/><U71/><E71/><V75/><F70/><W121/><G109/><T118/><D118/><U78/><E114/><V28/><F101/><W0/><G126/><T116/><D116/><U76/><E66/><V56/><F56/><W90/><G64/><T12/><D39/><U110/><E58/><V97/><REACH who="2" step="1"/><F106/><REACH who="2" ten="250,250,240,250" step="2"/><W123/><G104/><T122/><D108/><U62/><E110/><V5/><F5/><W111/><G111/><T16/><D67/><U87/><E6/><V32/><F32/><W35/><G35/><T60/><D103/><U112/><E102/><V19/><F19/><W105/><G105/><T20/><D60/><AGARI ba="0,1" hai="23,27,28,37,42,47,55,57,60,74,75,97,100,107" machi="60" ten="30,2000,0" yaku="1,1,7,1,53,0" doraHai="44" doraHaiUra="73" who="2" fromWho="0" sc="250,-20,250,0,240,30,250,0" /><INIT seed="1,0,0,3,2,86" ten="230,250,270,250" oya="1" hai0="116,16,41,104,131,133,33,55,72,66,123,84,52" hai1="28,75,56,93,117,89,100,96,46,113,67,79,122" hai2="18,130,21,61,83,108,98,69,30,110,38,106,51" hai3="19,101,82,12,129,2,68,109,9,13,128,45,36"/><U125/><E113/><V85/><F38/><W111/><G68/><T80/><D116/><U78/><E117/><V88/><F30/><W114/><G101/><T37/><D33/><U60/><E122/><V65/><F130/><N who="3" m="50283" /><G36/><T5/><D72/><U120/><E120/><V92/><F106/><W48/><G82/><T0/><D104/><U29/><E125/><V91/><REACH who="2" step="1"/><F51/><REACH who="2" ten="230,250,260,250" step="2"/><W77/><G114/><T95/><D131/><U118/><E118/><V107/><F107/><W11/><G111/><T27/><D37/><U119/><E119/><V6/><F6/><N who="3" m="3127" /><G109/><T44/><D5/><U4/><E4/><V20/><F20/><W87/><G2/><T15/><D0/><U81/><E28/><V94/><F94/><W39/><G39/><T3/><D3/><U73/><E29/><V62/><F62/><W115/><G115/><T135/><D95/><U40/><E93/><V17/><F17/><W97/><G48/><N who="0" m="26639" /><D123/><U35/><E60/><V105/><F105/><W99/><G19/><T31/><D135/><U49/><E49/><V76/><F76/><W26/><G77/><N who="0" m="46095" /><D133/><U121/><E121/><V63/><F63/><W112/><G112/><T59/><D31/><U53/><E79/><V14/><AGARI ba="0,1" hai="14,18,21,61,65,69,83,85,88,91,92,98,108,110" machi="14" ten="30,8000,1" yaku="1,1,0,1,52,2,54,1,53,0" doraHai="86" doraHaiUra="25" who="2" fromWho="2" sc="230,-20,250,-40,260,90,250,-20" /><INIT seed="2,0,0,3,4,109" ten="210,210,350,230" oya="2" hai0="117,85,75,79,132,97,99,52,135,9,59,116,50" hai1="114,22,61,67,89,66,43,8,98,73,83,110,31" hai2="122,82,42,107,13,77,127,14,32,57,128,95,49" hai3="124,20,15,100,11,54,4,36,111,86,17,106,64"/><V71/><F71/><W18/><G36/><T68/><D68/><U65/><E110/><V126/><F107/><W90/><G111/><T41/><D75/><U53/><E114/><V35/><F122/><W6/><G124/><N who="2" m="47657" /><F128/><W91/><G64/><T12/><D41/><U88/><E43/><V119/><F119/><N who="0" m="45642" /><D85/><U80/><E8/><V0/><F0/><W44/><G100/><T7/><D79/><U26/><E73/><V25/><F95/><W33/><G33/><N who="2" m="12873" /><F25/><W19/><G106/><T23/><D23/><U27/><E27/><V87/><F57/><W1/><G4/><T115/><D115/><U93/><REACH who="1" step="1"/><E89/><REACH who="1" ten="210,200,350,230" step="2"/><V125/><F125/><W30/><G91/><T101/><D101/><U3/><E3/><V130/><F130/><W62/><G90/><T2/><D2/><U134/><E134/><AGARI ba="0,1" hai="7,9,12,50,52,59,97,99,132,134,135" m="45642" machi="134" ten="30,3900,0" yaku="20,1,12,1,54,1" doraHai="109" who="0" fromWho="1" sc="210,49,200,-39,350,0,230,0" /><INIT seed="3,0,0,2,0,10" ten="259,161,350,230" oya="3" hai0="33,35,52,22,113,44,77,13,128,45,89,46,42" hai1="106,29,7,20,37,74,109,96,117,48,40,36,28" hai2="129,112,18,67,9,103,2,32,16,92,51,11,43" hai3="126,108,70,15,98,81,54,85,6,131,125,21,73"/><W4/><G73/><T56/><D128/><U118/><E74/><V30/><F112/><W99/><G70/><T14/><D113/><U39/><E109/><V105/><F105/><W27/><G131/><T24/><D35/><U34/><E34/><V100/><F129/><W90/><G54/><T69/><D33/><U63/><E7/><V115/><F115/><W91/><G108/><T75/><D69/><U71/><E40/><V66/><F32/><W38/><G38/><T110/><D110/><U59/><E71/><V17/><F30/><W64/><G64/><N who="2" m="24617" /><F2/><W53/><G53/><T121/><D121/><U31/><E48/><V122/><F122/><W127/><G90/><T84/><D77/><U102/><REACH who="1" step="1"/><E20/><REACH who="1" ten="259,151,350,230" step="2"/><V57/><F43/><W82/><G4/><T120/><D42/><U124/><E124/><V88/><F51/><W3/><G3/><T0/><D0/><U1/><E1/><V60/><F9/><N who="3" m="4535" /><G81/><N who="0" m="49295" /><D75/><U47/><E47/><V58/><F11/><W72/><G72/><T130/><D120/><U107/><E107/><V61/><F58/><W114/><G114/><T97/><D130/><U25/><E25/><V135/><F57/><W132/><G132/><T101/><D22/><U87/><E87/><N who="2" m="52255" /><F135/><W55/><G55/><AGARI ba="0,1" hai="28,29,31,36,37,39,55,59,63,96,102,106,117,118" machi="55" ten="50,1600,0" yaku="1,1,53,0" doraHai="10" doraHaiUra="19" who="1" fromWho="3" sc="259,0,151,26,350,0,230,-16" /><INIT seed="4,0,0,3,1,25" ten="259,177,350,214" oya="0" hai0="47,112,107,127,113,115,30,70,80,49,27,12,32" hai1="84,4,11,109,94,119,114,54,13,39,90,135,129" hai2="99,134,59,68,83,58,81,33,87,28,40,43,35" hai3="17,29,104,55,64,98,110,10,15,50,101,88,105"/><T118/><D118/><U0/><E119/><V1/><F68/><W16/><G110/><T24/><D127/><U76/><E109/><V106/><F1/><W26/><G64/><T92/><D107/><U108/><E108/><V56/><F134/><W60/><G60/><T46/><D70/><U132/><E39/><V20/><F106/><W18/><G105/><T126/><D126/><U78/><E129/><V73/><F99/><W96/><G96/><T75/><D12/><U116/><E116/><V65/><F65/><W2/><G2/><T133/><D133/><N who="1" m="51275" /><E114/><V72/><F20/><W6/><G88/><T120/><D120/><U100/><E100/><V62/><F62/><W125/><G125/><T14/><D14/><U103/><E103/><V97/><F97/><W66/><G66/><T130/><D130/><U53/><E0/><V91/><F91/><W71/><G71/><T38/><D38/><U79/><AGARI ba="0,0" hai="4,11,13,53,54,76,78,79,84,90,94" m="51275" machi="79" ten="30,1100,0" yaku="20,1" doraHai="25" who="1" fromWho="1" sc="259,-5,177,11,350,-3,214,-3" /><INIT seed="5,0,0,1,5,47" ten="254,188,347,211" oya="1" hai0="11,56,29,57,133,21,17,7,35,81,46,32,48" hai1="98,84,104,9,101,126,39,96,125,131,111,97,44" hai2="0,28,123,108,89,64,83,67,3,103,2,106,109" hai3="14,87,20,62,92,22,120,71,112,77,88,5,58"/><U93/><E9/><V128/><F123/><W24/><G71/><T129/><D133/><U113/><E39/><V68/><F128/><W45/><G112/><T102/><D129/><U31/><E31/><V19/><F28/><W73/><G120/><T37/><D37/><U8/><E8/><V91/><F19/><N who="3" m="10359" /><G73/><T99/><D81/><U134/><E44/><V69/><F83/><N who="3" m="47599" /><G45/><T33/><D29/><U66/><E66/><N who="2" m="25131" /><F103/><W1/><G1/><T16/><D17/><U43/><E43/><V94/><F94/><W53/><G5/><T26/><D102/><N who="1" m="62535" /><E131/><V70/><F106/><W18/><G92/><T23/><D99/><N who="1" m="59631" /><E113/><V72/><F72/><W41/><G88/><AGARI ba="0,0" hai="0,2,3,68,69,70,88,89,91,108,109" m="25131" machi="88" ten="40,5200,0" yaku="28,2,54,1" doraHai="47" who="2" fromWho="3" sc="254,0,188,0,347,52,211,-52" /><INIT seed="6,0,0,1,1,46" ten="254,188,399,159" oya="2" hai0="55,22,100,103,110,19,63,65,78,57,116,26,6" hai1="134,40,7,113,76,54,12,37,62,67,117,123,118" hai2="36,108,91,47,60,43,25,71,111,61,95,129,106" hai3="45,11,20,82,73,93,77,9,72,18,127,8,128"/><V29/><F106/><W74/><G128/><T10/><D110/><U130/><E113/><V70/><F129/><W88/><G127/><T39/><D39/><U79/><E130/><V80/><F80/><W85/><REACH who="3" step="1"/><G45/><REACH who="3" ten="254,188,399,149" step="2"/><T44/><D116/><U97/><E117/><V120/><F111/><W33/><G33/><T24/><D44/><U35/><E118/><V1/><F108/><W133/><G133/><T69/><D69/><U3/><E35/><V87/><F70/><W49/><G49/><T48/><D48/><U114/><E134/><V15/><F71/><W68/><G68/><T56/><D56/><U122/><E122/><V42/><F47/><W126/><G126/><T59/><D57/><U41/><E123/><V99/><F120/><W53/><G53/><T125/><D55/><U14/><E114/><V21/><F42/><W16/><G16/><T124/><D125/><U107/><E41/><V84/><F43/><W101/><G101/><T121/><D124/><U64/><E40/><V83/><F36/><W102/><G102/><T0/><D103/><U4/><E37/><V30/><F30/><W28/><G28/><T27/><D100/><U104/><E54/><V52/><F29/><W32/><G32/><T96/><D121/><U135/><E135/><V131/><F52/><W13/><AGARI ba="0,1" hai="8,9,11,13,18,20,72,73,74,77,82,85,88,93" machi="13" ten="30,4000,0" yaku="1,1,0,1,54,1,53,0" doraHai="46" doraHaiUra="51" who="3" fromWho="3" sc="254,-10,188,-10,399,-20,149,50" /><INIT seed="7,0,0,1,2,115" ten="244,178,379,199" oya="3" hai0="63,122,16,105,127,22,43,133,45,93,66,35,109" hai1="107,36,95,7,38,100,1,72,123,56,9,4,80" hai2="128,86,26,34,21,51,132,116,33,104,135,67,48" hai3="98,46,79,39,55,112,41,71,73,23,101,129,3"/><W103/><G3/><T5/><D105/><U91/><E123/><V60/><F116/><W42/><G71/><T77/><D35/><U29/><E4/><V117/><F117/><W27/><G112/><T68/><D127/><U53/><E29/><V62/><F104/><W57/><G42/><T70/><D133/><N who="2" m="51274" /><F128/><W6/><G6/><T119/><D119/><U94/><E107/><V65/><F86/><W85/><G73/><T75/><D70/><U92/><E100/><V17/><F60/><W124/><G124/><T110/><D122/><U99/><E99/><V96/><F96/><W20/><G20/><T47/><D47/><U49/><REACH who="1" step="1"/><E91/><REACH who="1" ten="244,168,379,199" step="2"/><V126/><F126/><W25/><G129/><T108/><D5/><U24/><E24/><V14/><F26/><W84/><G79/><AGARI ba="0,1" hai="1,7,9,36,38,49,53,56,72,79,80,92,94,95" machi="79" ten="40,1300,0" yaku="1,1,53,0" doraHai="115" doraHaiUra="31" who="1" fromWho="3" sc="244,0,168,23,379,0,199,-13" owari="244,4.4,191,-20.9,379,47.9,186,-31.4" /></mjloggm>