<mjloggm ver="2.3"><GO type="169" lobby="0"/><UN n0="%E8%99%B9%E8%89%B2%E3%82%B8%E3%83%A7%E3%83%BC%E3%82%AB%E3%83%BC" n1="%E3%83%A1%E3%82%AC%E3%83%95%E3%83%BC%E3%83%87%E3%82%A3%E3%83%B3" n2="%48%61%6C%66%73" n3="%E5%B0%8F%E5%AE%AE%E7%95%B3%E5%BA%97" dan="17,16,17,16" rate="2196.26,2220.80,2161.59,2113.82" sx="M,F,M,M"/><TAIKYOKU oya="0"/><INIT seed="0,0,0,5,3,36" ten="250,250,250,250" oya="0" hai0="69,78,31,10,100,131,84,49,6,83,89,16,48" hai1="60,24,77,71,52,96,127,65,101,109,115,64,134" hai2="50,4,92,1,8,75,130,53,55,23,133,135,94" hai3="132,76,47,33,11,17,40,3,85,26,28,114,105"/><T72/><D131/><U123/><E123/><V44/><F75/><W46/><G114/><T121/><D121/><U14/><E115/><V18/><F130/><W61/><G132/><N who="2" m="50761" /><F53/><W66/><G105/><T30/><D69/><U81/><E134/><V126/><F126/><W39/><G47/><T86/><D100/><U19/><E127/><V91/><F91/><W88/><G76/><T37/><D37/><U124/><E124/><V41/><F55/><W34/><G34/><T42/><D72/><U113/><E113/><V20/><F20/><W54/><G54/><T119/><D49/><U117/><E117/><V22/><F22/><W32/><G32/><T43/><D48/><U70/><E109/><V116/><F116/><W35/><G35/><T99/><D99/><U12/><E24/><AGARI ba="0,0" hai="1,4,8,18,23,24,41,44,50,92,94" m="50761" machi="24" ten="30,2000,0" yaku="20,1,52,1" doraHai="36" who="2" fromWho="1" sc="250,0,250,-20,250,20,250,0" /><INIT seed="1,0,0,2,3,100" ten="250,230,270,250" oya="1" hai0="31,66,88,3,46,102,27,111,16,127,94,132,98" hai1="60,9,52,30,121,128,29,41,109,25,57,130,95" hai2="72,4,1,76,68,78,71,54,104,36,20,107,77" hai3="35,48,65,47,87,86,23,42,58,45,80,11,79"/><U38/><E121/><V67/><F72/><W6/><G35/><T108/><D3/><U92/><E109/><V106/><F36/><W103/><G103/><T2/><D2/><U61/><E9/><V91/><F67/><W110/><G110/><N who="0" m="42027" /><D127/><U22/><E30/><V74/><F74/><W14/><G23/><N who="0" m="13799" /><D132/><U64/><E41/><V43/><F43/><W21/><G21/><T0/><D0/><U82/><E38/><V90/><F54/><W26/><G26/><T34/><D66/><U114/><E114/><V135/><F20/><W125/><G125/><T101/><D46/><U37/><E37/><V33/><F33/><W115/><G47/><T28/><D34/><U105/><E105/><V18/><F18/><W59/><G115/><T120/><D120/><U62/><E82/><V40/><F40/><W81/><REACH who="3" step="1"/><G65/><REACH who="3" ten="250,230,270,240" step="2"/><T53/><D53/><U75/><E64/><V50/><F135/><W113/><G113/><T32/><D32/><U123/><E123/><V134/><F134/><W5/><G5/><T55/><D55/><U96/><E75/><V63/><F4/><W15/><G15/><T8/><D8/><U119/><E52/><V89/><F1/><W133/><G133/><T70/><D70/><U12/><E12/><V69/><F63/><W39/><G39/><T7/><D7/><U24/><E61/><V131/><F50/><W116/><G116/><T49/><D49/><U56/><E119/><V126/><F126/><W73/><G73/><T13/><D13/><U129/><E62/><V122/><F122/><W51/><G51/><T85/><D102/><RYUUKYOKU ba="0,1" sc="250,10,230,-30,270,10,240,10" hai0="28,31,85,88,94,98,101" hai2="68,69,71,76,77,78,89,90,91,104,106,107,131" hai3="6,11,14,42,45,48,58,59,79,80,81,86,87" /><INIT seed="2,1,1,5,0,87" ten="260,200,280,250" oya="2" hai0="113,124,23,109,118,5,30,19,66,84,94,43,44" hai1="82,85,126,125,62,105,89,102,35,79,45,61,72" hai2="97,63,28,135,49,92,103,130,60,86,114,17,14" hai3="75,50,100,116,71,111,41,58,24,69,70,108,2"/><V133/><F114/><W98/><G2/><T52/><D113/><U117/><E117/><V8/><F130/><W110/><G75/><T20/><D118/><U123/><E123/><V40/><F28/><W6/><G6/><T36/><D109/><U122/><E122/><V95/><F40/><W25/><G116/><T32/><D66/><U93/><E35/><V38/><F38/><W129/><G129/><T59/><D5/><U27/><E27/><V57/><F49/><W77/><G77/><T1/><D1/><U64/><E45/><V127/><F127/><N who="1" m="48649" /><E64/><V10/><F10/><W18/><G18/><T56/><D56/><U54/><E54/><V121/><F121/><W131/><G131/><T46/><D46/><U33/><E33/><V29/><F29/><W9/><G9/><T99/><D84/><U88/><E89/><N who="2" m="53303" /><F57/><W101/><G101/><T7/><D7/><U39/><E39/><V51/><F51/><W67/><G67/><T15/><D32/><U132/><E132/><AGARI ba="1,1" hai="8,14,17,60,63,95,97,103,132,133,135" m="53303" machi="132" ten="30,2900,0" yaku="20,1,52,1" doraHai="87" who="2" fromWho="1" sc="260,0,200,-32,280,42,250,0" /><INIT seed="2,2,0,5,3,44" ten="260,168,322,250" oya="2" hai0="16,18,71,55,19,96,98,105,126,97,88,42,13" hai1="69,109,124,0,2,34,22,30,72,78,115,77,49" hai2="95,28,62,54,60,112,21,8,116,32,31,106,111" hai3="117,127,53,4,63,61,87,108,56,36,65,81,48"/><V114/><F106/><W15/><G117/><T101/><D71/><U125/><E69/><V58/><F116/><W47/><G108/><T5/><D42/><U99/><E115/><V70/><F111/><W94/><G127/><N who="1" m="48714" /><E109/><V75/><F75/><W74/><G74/><T79/><D79/><N who="1" m="30219" /><E72/><V123/><F123/><W129/><G129/><T45/><D126/><U57/><E34/><V118/><F118/><W110/><G110/><T11/><REACH who="0" step="1"/><D88/><REACH who="0" ten="250,168,322,250" step="2"/><U131/><E131/><V91/><F70/><W51/><G36/><T25/><D25/><N who="1" m="16695" /><E99/><V135/><F112/><W24/><G24/><T113/><D113/><U102/><E102/><V14/><F114/><W27/><G27/><T66/><D66/><U9/><E9/><V84/><F8/><N who="3" m="4487" /><G65/><T41/><D41/><U67/><E67/><V76/><F76/><N who="3" m="46503" /><G94/><T39/><D39/><U35/><E35/><V119/><F119/><W26/><G26/><T33/><D33/><U7/><E7/><V121/><F95/><W128/><G128/><T100/><D100/><U52/><AGARI ba="2,1" hai="0,2,49,52,57" m="16695,30219,48714" machi="52" ten="30,4000,0" yaku="18,1,52,1,54,1" doraHai="44" who="1" fromWho="1" sc="250,-12,168,56,322,-22,250,-12" /><INIT seed="3,0,0,3,5,98" ten="238,224,300,238" oya="3" hai0="66,121,116,7,2,123,129,65,32,82,71,26,107" hai1="92,119,132,81,33,131,93,126,6,96,25,76,118" hai2="9,117,47,52,63,70,95,41,1,55,89,38,13" hai3="60,48,64,10,39,113,106,23,4,3,12,67,133"/><W42/><G113/><T99/><D116/><N who="1" m="44587" /><E6/><V5/><F117/><W130/><G133/><T29/><D82/><U120/><E33/><V73/><F73/><W50/><G130/><T69/><D66/><U35/><E35/><V80/><F80/><W90/><G106/><T94/><D94/><U134/><E25/><V18/><F70/><W88/><G39/><T30/><D30/><U91/><E120/><V105/><F63/><W124/><G124/><T78/><D78/><U101/><E131/><V61/><F61/><W127/><G127/><T68/><D129/><U0/><E0/><V27/><F27/><W110/><G110/><T58/><D58/><U75/><E126/><V43/><F43/><W51/><G42/><T45/><D45/><U15/><E15/><V57/><F57/><W79/><G79/><T85/><D85/><AGARI ba="0,0" hai="75,76,81,85,91,92,93,96,101,132,134" m="44587" machi="85" ten="30,7700,0" yaku="12,1,34,2,52,1" doraHai="98" who="1" fromWho="0" sc="238,-77,224,77,300,0,238,0" /><INIT seed="4,0,0,1,1,47" ten="161,301,300,238" oya="0" hai0="56,3,1,107,46,77,82,9,18,100,132,2,30" hai1="14,135,103,97,48,63,101,17,10,11,35,123,42" hai2="106,78,44,24,65,73,111,109,127,120,83,68,74" hai3="40,62,128,130,112,6,71,110,70,60,4,20,33"/><T79/><D132/><U12/><E123/><V93/><F120/><W67/><G110/><T89/><D107/><U102/><E35/><V133/><F106/><W59/><G33/><T41/><D100/><U29/><E135/><V129/><F133/><W7/><G112/><T16/><D30/><U23/><E63/><V39/><F74/><W27/><G40/><T52/><D89/><U113/><E113/><V99/><F129/><N who="3" m="49771" /><G62/><T91/><D91/><U87/><E87/><V43/><F127/><W13/><G13/><T114/><D114/><U5/><E29/><AGARI ba="0,0" hai="4,6,7,20,27,29,59,60,67,70,71" m="49771" machi="29" ten="30,1000,0" yaku="19,1" doraHai="47" who="3" fromWho="1" sc="161,0,301,-10,300,0,238,10" /><INIT seed="5,0,0,2,5,100" ten="161,291,300,248" oya="1" hai0="12,80,29,4,86,104,75,78,33,8,126,113,96" hai1="101,85,95,27,39,44,89,71,123,81,25,73,54" hai2="59,20,32,125,40,31,37,49,76,115,65,102,108" hai3="98,3,84,122,131,90,48,43,117,36,120,99,66"/><U13/><E123/><V119/><F108/><W0/><G36/><T55/><D113/><U50/><E71/><V11/><F32/><W112/><G112/><T74/><D126/><U35/><E35/><V83/><F119/><W28/><G28/><T5/><D5/><U42/><E13/><V62/><F125/><W53/><G43/><T45/><D33/><U116/><E116/><V30/><F37/><W17/><G117/><T134/><D29/><U7/><E7/><V88/><F102/><W82/><G66/><T58/><D134/><U70/><E70/><V94/><F20/><W60/><G60/><T106/><D45/><U129/><E129/><V110/><F11/><W57/><G131/><T103/><REACH who="0" step="1"/><D106/><REACH who="0" ten="151,291,300,248" step="2"/><U121/><E121/><V22/><F115/><W130/><G122/><T135/><D135/><U16/><E16/><V111/><F31/><W118/><G130/><T61/><AGARI ba="0,1" hai="4,8,12,55,58,61,74,75,78,80,86,96,103,104" machi="61" ten="20,5200,0" yaku="1,1,0,1,7,1,52,1,53,0" doraHai="100" doraHaiUra="132" who="0" fromWho="0" sc="151,62,291,-26,300,-13,248,-13" /><INIT seed="6,0,0,1,1,37" ten="213,265,287,235" oya="2" hai0="72,41,84,115,111,45,118,80,9,22,67,90,40" hai1="36,106,116,28,100,24,77,23,52,87,88,53,110" hai2="62,78,113,42,29,86,66,130,51,54,79,49,38" hai3="97,102,121,93,34,107,46,108,131,7,132,18,4"/><V14/><F113/><W82/><G108/><T2/><D111/><U56/><E116/><V126/><F130/><W69/><G121/><T73/><D115/><U122/><E110/><V92/><F126/><W35/><G69/><T114/><D114/><U58/><E36/><V125/><F125/><W83/><G131/><T17/><D67/><U76/><E122/><V95/><F38/><W57/><G107/><T11/><D118/><U68/><E68/><V123/><F29/><W33/><G46/><T133/><D133/><U8/><E8/><V50/><F54/><N who="1" m="21097" /><E100/><V124/><F124/><W98/><G57/><N who="1" m="22122" /><E106/><V70/><F70/><W85/><G132/><T55/><D73/><U0/><E0/><V27/><F66/><W21/><G97/><T117/><D72/><U6/><E6/><V129/><F129/><W16/><G18/><T15/><D117/><U74/><E74/><V59/><F62/><W12/><REACH who="3" step="1"/><G83/><AGARI ba="0,0" hai="23,24,28,76,77,83,87,88" m="22122,21097" machi="83" ten="30,3900,0" yaku="8,1,54,2" doraHai="37" who="1" fromWho="3" sc="213,0,265,39,287,0,235,-39" /><INIT seed="7,0,0,3,1,129" ten="213,304,287,196" oya="3" hai0="128,107,54,30,131,38,116,41,65,52,19,95,43" hai1="51,68,9,127,100,61,87,115,125,45,36,22,4" hai2="76,74,94,56,17,64,10,123,120,6,27,46,21" hai3="58,101,99,84,26,42,70,33,53,69,59,135,73"/><W11/><G73/><T16/><D107/><U23/><E115/><V20/><F76/><W47/><G59/><T50/><D30/><U93/><E36/><V71/><F71/><W49/><G84/><T34/><D34/><U105/><E105/><V14/><F46/><W121/><G121/><T103/><D65/><N who="1" m="41007" /><E100/><V15/><F74/><W98/><G98/><N who="0" m="59871" /><D54/><N who="1" m="30063" /><E93/><V60/><REACH who="2" step="1"/><F94/><REACH who="2" ten="213,304,277,196" step="2"/><W8/><G70/><T111/><D131/><U114/><E114/><V24/><F24/><W55/><G69/><T3/><D128/><U77/><E77/><V80/><F80/><W89/><G89/><T124/><D43/><U90/><E90/><V48/><F48/><W31/><G55/><T78/><D78/><U18/><E18/><AGARI ba="0,1" hai="6,10,14,15,17,18,20,21,27,56,60,64,120,123" machi="18" ten="40,1300,0" yaku="1,1,53,0" doraHai="129" doraHaiUra="97" who="2" fromWho="1" sc="213,0,304,-13,277,23,196,0" owari="213,-18.7,291,9.1,300,40.0,196,-30.4" /></mjloggm>