<mjloggm ver="2.3"><GO type="169" lobby="0"/><UN n0="%E3%83%87%E3%83%A9%E3%82%B3%E3%83%83%E3%82%B3" n1="%57%44%44%69%65" n2="%E4%B9%9D%E7%B4%8B%E9%BE%8D%E5%8F%B2%E9%80%B2" n3="%E3%83%A8%E3%82%B7%E3%83%86%E3%83%AB%37%30%38" dan="16,16,19,16" rate="2143.64,2092.19,2285.86,2104.93" sx="M,M,M,M"/><TAIKYOKU oya="0"/><INIT seed="0,0,0,5,1,114" ten="250,250,250,250" oya="0" hai0="109,108,97,59,25,90,133,81,115,5,119,43,37" hai1="98,103,63,10,38,8,51,16,48,13,40,88,35" hai2="62,130,96,60,113,21,56,24,29,70,87,110,4" hai3="20,118,105,120,3,129,122,95,107,121,77,80,124"/><T22/><D115/><U65/><E35/><V19/><F113/><W67/><G3/><T32/><D133/><U131/><E131/><V101/><F130/><W66/><G129/><T68/><D68/><U17/><E38/><V7/><F110/><N who="0" m="42602" /><D5/><U0/><E0/><V84/><F70/><W85/><G124/><T92/><D32/><U30/><E30/><V79/><F62/><W15/><G118/><T73/><D59/><N who="1" m="37119" /><E103/><V47/><F47/><W72/><G67/><T49/><D37/><U123/><E40/><V64/><F19/><N who="1" m="7241" /><E123/><V34/><F34/><W1/><G66/><T83/><D73/><U18/><E10/><V99/><F99/><W126/><G1/><T91/><D119/><U74/><E74/><V111/><F111/><W100/><G20/><T36/><D36/><U54/><E54/><V12/><F79/><W132/><G132/><T127/><D127/><U75/><E75/><V9/><REACH who="2" step="1"/><F7/><REACH who="2" ten="250,250,240,250" step="2"/><W94/><G126/><T44/><D91/><U52/><E98/><V27/><F27/><W57/><G122/><T46/><D46/><N who="1" m="27671" /><E51/><V39/><F39/><W128/><G121/><T86/><D97/><U6/><E6/><V42/><F42/><W125/><G120/><T69/><D69/><U93/><E88/><V23/><F23/><W28/><G125/><T76/><D76/><U102/><E102/><V104/><AGARI ba="0,1" hai="4,9,12,21,24,29,56,60,64,84,87,96,101,104" machi="104" ten="20,2700,0" yaku="1,1,0,1,7,1,53,0" doraHai="114" doraHaiUra="45" who="2" fromWho="2" sc="250,-13,250,-7,240,37,250,-7" /><INIT seed="1,0,0,1,5,15" ten="237,243,277,243" oya="1" hai0="120,63,82,76,125,0,131,71,96,16,35,41,104" hai1="127,42,8,73,69,88,62,128,91,107,74,98,83" hai2="77,109,86,57,23,119,99,115,118,66,102,24,38" hai3="101,100,27,93,1,112,72,39,129,108,30,126,19"/><U36/><E128/><V89/><F38/><W51/><G39/><T6/><D131/><U40/><E127/><V60/><F109/><W117/><G72/><T121/><D125/><U54/><E91/><V105/><F77/><W67/><G108/><T97/><D35/><U5/><E42/><V32/><F32/><W48/><G1/><T55/><D41/><U18/><E40/><V116/><F115/><W49/><G112/><T130/><D130/><U50/><E36/><V84/><REACH who="2" step="1"/><F89/><REACH who="2" ten="237,243,267,243" step="2"/><W123/><G129/><T31/><D76/><U26/><E88/><V7/><F7/><W68/><G126/><T103/><D6/><U25/><E5/><V33/><F33/><W43/><G123/><T132/><D121/><U81/><E74/><V70/><F70/><W78/><G68/><T113/><D71/><U106/><E73/><V47/><F47/><W21/><G78/><T80/><D113/><U9/><E69/><V134/><F134/><W13/><G117/><T12/><D132/><U95/><E107/><V29/><AGARI ba="0,1" hai="23,24,29,57,60,66,84,86,99,102,105,116,118,119" machi="29" ten="30,4000,0" yaku="1,1,0,1,53,1" doraHai="15" doraHaiUra="52" who="2" fromWho="2" sc="237,-10,243,-20,267,50,243,-10" /><INIT seed="2,0,0,4,4,23" ten="227,223,317,233" oya="2" hai0="0,71,33,126,12,47,16,43,111,30,19,55,37" hai1="61,109,60,87,121,39,82,15,77,73,106,69,125" hai2="99,116,119,17,46,42,64,35,31,48,84,75,49" hai3="9,83,14,36,18,22,10,89,13,117,102,53,79"/><V78/><F75/><W131/><G117/><T62/><D0/><U120/><E39/><V93/><F64/><W132/><G132/><T11/><D111/><U123/><E106/><V130/><F130/><W29/><G131/><T45/><D126/><U96/><E109/><V38/><F17/><W101/><G36/><T44/><D19/><U135/><E135/><V94/><F49/><W41/><G41/><T115/><D115/><U63/><E125/><V134/><F38/><W3/><G3/><T21/><D33/><U50/><E96/><V1/><F1/><W76/><G89/><T51/><D30/><U86/><E69/><V27/><F134/><W7/><G53/><T65/><REACH who="0" step="1"/><D11/><REACH who="0" ten="217,223,317,233" step="2"/><U58/><E15/><V56/><F119/><W108/><G108/><T103/><D103/><U118/><E118/><V92/><F116/><W104/><G29/><T24/><D24/><U8/><E8/><V66/><F27/><W70/><G10/><T26/><D26/><U133/><E133/><V4/><F31/><W2/><G2/><T112/><D112/><U129/><E129/><V105/><F35/><W128/><G128/><T91/><D91/><U25/><E25/><V80/><F4/><W20/><G102/><T127/><D127/><U122/><E122/><V67/><F78/><W40/><G79/><T107/><D107/><U88/><E88/><V28/><F105/><W85/><G104/><T68/><D68/><U95/><E95/><V113/><F28/><W52/><G70/><T74/><D74/><U59/><E59/><AGARI ba="0,1" hai="12,16,21,37,43,44,45,47,51,55,59,62,65,71" machi="59" ten="30,8000,1" yaku="1,1,7,1,24,2,54,1,53,0" doraHai="23" doraHaiUra="110" who="0" fromWho="1" sc="217,90,223,-80,317,0,233,0" /><INIT seed="3,0,0,5,2,27" ten="307,143,317,233" oya="3" hai0="135,66,59,12,57,78,62,86,67,102,28,85,118" hai1="26,2,49,116,10,15,61,101,77,20,75,105,35" hai2="74,4,123,68,103,72,87,32,31,51,63,81,114" hai3="24,52,13,64,99,79,42,100,55,117,112,109,104"/><W89/><G117/><T119/><D135/><U73/><E116/><V80/><F114/><W18/><G112/><T7/><D102/><U11/><E35/><V39/><F39/><W130/><G130/><T122/><D122/><U96/><E2/><V65/><F123/><W1/><G1/><T133/><D133/><U19/><E49/><V6/><F103/><W69/><G79/><T132/><D132/><U115/><E115/><V0/><F51/><W45/><G89/><T131/><D131/><U56/><E77/><V23/><F32/><W98/><G98/><T5/><D78/><U21/><E21/><V110/><F110/><W92/><G92/><T106/><D12/><U129/><E129/><V54/><F54/><W34/><G109/><T58/><D58/><U97/><E97/><V120/><F120/><W127/><G127/><T46/><D46/><U126/><E126/><V93/><F93/><W70/><G70/><T71/><D62/><U108/><E108/><V128/><F128/><W88/><G88/><T33/><D33/><U8/><REACH who="1" step="1"/><E15/><REACH who="1" ten="307,133,317,233" step="2"/><V113/><F113/><W29/><G13/><T94/><D119/><U16/><E16/><V37/><F23/><W48/><G18/><T84/><D118/><U53/><AGARI ba="0,1" hai="8,10,11,19,20,26,53,56,61,73,75,96,101,105" machi="53" ten="30,2000,0" yaku="1,1,0,1,53,0" doraHai="27" doraHaiUra="91" who="1" fromWho="1" sc="307,-5,133,30,317,-5,233,-10" /><INIT seed="4,0,0,1,0,113" ten="302,163,312,223" oya="0" hai0="99,54,33,123,13,124,68,31,81,92,69,85,76" hai1="66,44,16,14,105,115,43,100,107,126,6,60,108" hai2="128,120,94,55,80,109,9,91,129,101,78,52,98" hai3="125,70,122,34,67,21,19,37,50,62,84,29,79"/><T35/><D123/><U73/><E108/><V103/><F109/><W39/><G125/><T24/><D35/><U18/><E73/><V106/><F9/><W48/><G34/><T8/><D124/><U90/><E126/><V130/><F120/><W25/><G122/><T121/><D121/><U96/><E107/><V118/><F118/><W2/><G2/><T4/><REACH who="0" step="1"/><D54/><REACH who="0" ten="292,163,312,223" step="2"/><N who="2" m="20522" /><F106/><W46/><G37/><T133/><D133/><U47/><E105/><V23/><F23/><W63/><G39/><T61/><D61/><U1/><E60/><V58/><F58/><W15/><G63/><T95/><D95/><U83/><E47/><V45/><F45/><W41/><G50/><T32/><D32/><U134/><E44/><V10/><F10/><W7/><G62/><T5/><D5/><U116/><E6/><V110/><F110/><W104/><G7/><T56/><D56/><U112/><E134/><V97/><F97/><W127/><G104/><T102/><AGARI ba="0,1" hai="4,8,13,24,31,33,68,69,76,81,85,92,99,102" machi="102" ten="20,7800,0" yaku="1,1,0,1,7,1,53,1" doraHai="113" doraHaiUra="30" who="0" fromWho="0" sc="292,88,163,-26,312,-26,223,-26" /><INIT seed="4,1,0,4,3,19" ten="380,137,286,197" oya="0" hai0="70,60,56,49,50,46,80,15,53,130,44,98,79" hai1="32,27,131,77,88,0,126,92,83,62,61,67,33" hai2="84,134,29,71,34,81,22,36,101,8,104,23,129" hai3="54,95,58,121,110,43,9,68,89,2,114,25,85"/><T14/><D130/><U69/><E0/><V73/><F73/><W96/><G110/><T76/><D98/><U48/><E131/><V66/><F36/><W39/><G114/><T124/><D124/><U42/><E126/><V3/><F129/><W75/><G75/><T55/><D70/><U117/><E117/><V6/><F134/><W111/><G111/><T116/><D116/><U31/><E62/><N who="2" m="40407" /><F84/><W115/><G115/><T40/><REACH who="0" step="1"/><D79/><REACH who="0" ten="370,137,286,197" step="2"/><U45/><E77/><V103/><F103/><W120/><G68/><T5/><D5/><U90/><E90/><V82/><F82/><W13/><G89/><T125/><D125/><U35/><REACH who="1" step="1"/><E83/><REACH who="1" ten="370,127,286,197" step="2"/><V97/><F81/><W4/><G121/><T17/><D17/><U78/><E78/><V24/><AGARI ba="1,2" hai="3,6,8,22,23,24,29,34,97,101,104" m="40407" machi="24" ten="30,4000,0" yaku="25,1,52,2" doraHai="19" who="2" fromWho="2" sc="370,-21,127,-11,286,63,197,-11" /><INIT seed="5,0,0,1,3,89" ten="349,116,349,186" oya="1" hai0="118,34,103,81,110,31,25,29,128,16,85,119,2" hai1="121,84,91,55,75,5,112,102,116,37,67,0,41" hai2="129,26,78,1,57,132,58,72,71,40,107,24,69" hai3="50,97,9,65,14,62,30,98,49,133,53,127,52"/><U27/><E116/><V60/><F1/><W59/><G133/><T123/><D110/><U20/><E121/><V35/><F107/><W3/><G3/><T82/><D2/><U115/><E75/><V64/><F129/><W39/><G39/><T22/><D128/><U46/><E67/><V101/><F40/><W43/><G43/><T74/><D123/><U99/><E55/><V80/><F132/><W73/><G73/><T100/><D74/><U38/><E38/><V19/><F101/><W120/><G30/><T96/><D31/><U66/><E66/><V18/><F35/><W122/><G122/><T108/><D103/><U48/><E37/><V88/><F57/><N who="3" m="37071" /><G127/><T21/><D34/><U104/><E0/><V90/><F26/><W33/><G33/><T79/><D82/><U106/><E5/><V13/><F24/><W92/><G120/><T54/><D54/><N who="3" m="21097" /><G59/><T87/><D108/><U125/><E125/><V114/><F58/><W130/><G98/><T17/><D87/><U117/><E117/><V12/><F71/><W94/><G130/><T63/><D29/><N who="1" m="17639" /><E106/><V56/><F69/><W7/><G97/><T44/><D63/><U23/><E23/><V86/><F72/><W83/><G83/><T47/><D119/><U15/><E15/><V109/><F109/><W8/><G9/><T113/><D118/><U135/><E135/><V61/><F61/><W124/><G124/><T68/><D68/><U10/><E10/><V76/><F60/><W93/><AGARI ba="0,0" hai="7,8,14,49,50,92,93,94" m="21097,37071" machi="93" ten="30,8000,1" yaku="8,1,52,3,54,1" doraHai="89" who="3" fromWho="3" sc="349,-20,116,-40,349,-20,186,80" /><INIT seed="6,0,0,2,4,24" ten="329,76,329,266" oya="2" hai0="78,43,28,87,132,113,3,80,69,60,18,50,55" hai1="0,34,98,48,58,123,65,93,64,126,71,4,115" hai2="49,7,75,74,133,129,67,6,72,108,119,105,109" hai3="53,14,42,125,12,27,101,96,44,130,117,29,89"/><V15/><F119/><W77/><G117/><T76/><D113/><U2/><E115/><V35/><F105/><W21/><G130/><T32/><D132/><U83/><E34/><V26/><F129/><W106/><G125/><T124/><D124/><U73/><E126/><V30/><F133/><W82/><G89/><T5/><D76/><U114/><E114/><V36/><F36/><W56/><G53/><T33/><D43/><U20/><E123/><V59/><F49/><W45/><G56/><T13/><D5/><U111/><E111/><N who="2" m="42571" /><F15/><W31/><G31/><T1/><D1/><U47/><E71/><V110/><N who="2" m="42579" /><V131/><DORA hai="41" /><F131/><W23/><G42/><T19/><D3/><U46/><E2/><V85/><F85/><W16/><G14/><T51/><D51/><U62/><E0/><V10/><F10/><W103/><G101/><T37/><D37/><U66/><E4/><V121/><F121/><W134/><G134/><T25/><D13/><U39/><E39/><V86/><F86/><AGARI ba="0,0" hai="12,16,21,23,27,29,44,45,77,82,86,96,103,106" machi="86" ten="30,8000,1" yaku="7,1,52,3,54,1" doraHai="24,41" who="3" fromWho="2" sc="329,0,76,0,329,-80,266,80" /><INIT seed="7,0,0,0,1,1" ten="329,76,249,346" oya="3" hai0="93,59,49,73,86,125,128,3,122,60,132,82,36" hai1="106,16,129,79,131,98,30,24,10,134,6,32,40" hai2="25,96,12,29,23,7,45,130,19,34,62,66,21" hai3="97,103,115,102,104,118,54,83,50,31,126,5,38"/><W76/><G118/><T53/><D122/><U101/><E40/><V107/><F130/><W9/><G38/><T44/><D128/><U55/><E55/><V120/><F120/><W89/><G31/><T39/><D132/><U81/><E134/><V111/><F111/><W17/><G17/><T75/><D125/><U46/><E46/><V64/><F45/><W0/><G115/><T67/><D3/><U58/><E58/><V133/><F133/><W42/><G42/><T91/><D39/><U61/><E61/><V28/><F28/><W56/><G126/><T123/><D123/><U4/><E131/><V69/><F64/><W13/><G89/><T18/><D36/><U94/><E129/><V33/><F33/><W78/><G103/><T14/><D93/><U127/><E127/><V108/><F108/><W113/><G113/><T88/><D91/><U124/><E124/><V48/><F48/><W114/><G114/><T110/><D110/><U20/><E106/><V100/><F19/><W117/><G117/><T72/><D72/><U112/><E112/><V27/><F25/><W95/><G104/><T70/><D44/><U63/><E63/><V105/><F105/><W77/><G0/><T109/><D109/><U51/><E51/><V71/><F71/><W37/><G37/><T15/><D15/><U74/><REACH who="1" step="1"/><E10/><AGARI ba="0,0" hai="10,14,18,49,53,59,60,67,70,73,75,82,86,88" machi="10" ten="30,2000,0" yaku="7,1,54,1" doraHai="1" who="0" fromWho="1" sc="329,20,76,-20,249,0,346,0" owari="349,44.9,56,-44.4,249,-15.1,346,14.6" /></mjloggm>