<mjloggm ver="2.3"><GO type="169" lobby="0"/><UN n0="%E3%82%82%E3%82%8D%E3%81%BF%E3%83%BC" n1="%E6%99%82%E8%A8%88%E5%9D%82%E9%9B%B6" n2="%E6%A1%9C%E5%B3%B6%E9%BA%BB%E8%A1%A3" n3="%E3%81%BD%E3%81%A3%E3%81%91%E3%81%95%E3%82%93" dan="17,16,16,17" rate="2135.10,2145.22,2131.83,2203.52" sx="M,M,F,M"/><TAIKYOKU oya="0"/><INIT seed="0,0,0,1,2,12" ten="250,250,250,250" oya="0" hai0="35,74,40,113,70,115,116,64,135,84,129,93,91" hai1="38,77,131,45,124,79,109,98,6,46,61,27,117" hai2="36,81,25,80,100,19,63,26,54,133,8,92,102" hai3="126,111,89,104,2,123,24,20,56,101,47,59,78"/><T118/><D35/><U53/><E117/><N who="0" m="45161" /><D40/><U42/><E109/><V71/><F133/><W97/><G111/><T90/><D64/><U1/><E124/><V107/><F107/><W121/><G126/><T3/><D3/><U86/><E131/><V119/><F36/><W120/><G2/><T28/><D28/><U52/><E98/><N who="2" m="59463" /><F102/><W51/><G78/><T128/><D70/><U96/><E96/><V43/><F43/><N who="3" m="25087" /><G89/><N who="0" m="53415" /><D74/><U49/><E27/><V87/><F71/><W68/><G68/><T33/><D33/><U44/><E1/><V62/><F26/><W16/><AGARI ba="0,0" hai="16,20,24,56,59,97,101,104,120,121,123" m="25087" machi="16" ten="30,4000,0" yaku="13,1,52,1,54,1" doraHai="12" who="3" fromWho="3" sc="250,-20,250,-10,250,-10,250,40" /><INIT seed="1,0,0,1,1,95" ten="230,240,240,290" oya="1" hai0="119,32,121,15,123,16,26,25,98,2,89,6,50" hai1="20,56,67,88,132,97,129,29,81,120,34,82,78" hai2="84,47,19,60,62,48,105,35,103,83,54,131,3" hai3="117,12,125,55,69,41,128,28,111,126,1,122,108"/><U11/><E34/><V33/><F3/><W80/><G80/><T77/><D119/><U21/><E120/><N who="0" m="46153" /><D77/><U36/><E36/><V100/><F131/><W59/><G1/><T113/><D113/><U127/><E129/><V110/><F110/><N who="3" m="42027" /><G28/><T22/><D32/><U92/><E127/><N who="3" m="48650" /><G12/><T13/><D2/><U49/><E132/><V44/><F35/><W116/><G122/><T14/><D50/><U37/><E37/><V94/><F105/><W17/><G17/><T63/><D63/><N who="1" m="38375" /><E78/><V90/><F33/><W38/><G69/><T42/><D42/><U24/><E11/><V51/><F19/><W46/><G128/><T18/><D6/><U124/><E124/><V106/><F106/><W135/><G135/><T4/><D4/><U8/><E8/><V7/><F7/><W79/><G79/><T39/><D39/><U130/><E130/><V5/><F5/><W71/><G71/><T85/><D85/><U109/><E109/><V96/><REACH who="2" step="1"/><F103/><REACH who="2" ten="230,240,230,290" step="2"/><W74/><G74/><T9/><D13/><U61/><E29/><V114/><F114/><W10/><G10/><T93/><AGARI ba="0,1" hai="9,14,15,16,18,22,25,26,89,93,98" m="46153" machi="93" ten="30,4000,0" yaku="13,1,52,1,54,1" doraHai="95" who="0" fromWho="0" sc="230,50,240,-20,230,-10,290,-10" /><INIT seed="2,0,0,3,5,54" ten="280,220,220,280" oya="2" hai0="118,3,47,92,36,14,23,73,15,30,116,112,133" hai1="0,16,100,64,48,81,74,96,107,120,2,126,52" hai2="119,114,121,58,22,87,10,42,122,51,29,103,12" hai3="17,65,79,59,60,38,13,85,61,40,26,106,130"/><V98/><F114/><W89/><G130/><T80/><D3/><U19/><E126/><V46/><F119/><W7/><G106/><T76/><D112/><U127/><E127/><V41/><F41/><W128/><G128/><T8/><D133/><U110/><E110/><V86/><F122/><W5/><G79/><T53/><D92/><U108/><E108/><V78/><F121/><W35/><G35/><T4/><D36/><U115/><E115/><V93/><F78/><W125/><G26/><T72/><D72/><U45/><E120/><V131/><F131/><W34/><G34/><T84/><D73/><U134/><E134/><V124/><F124/><W24/><G24/><T90/><D76/><U82/><E74/><V21/><F29/><W91/><G91/><T67/><D67/><U68/><E0/><V55/><F87/><W101/><G101/><T135/><D135/><U25/><E2/><V57/><F86/><W37/><G37/><T75/><D75/><U18/><REACH who="1" step="1"/><E25/><REACH who="1" ten="280,210,220,280" step="2"/><V123/><F123/><W117/><G125/><T83/><D116/><U97/><E97/><V132/><F132/><W62/><G117/><T20/><D118/><U105/><E105/><V70/><F70/><W111/><G111/><T49/><D30/><U6/><E6/><N who="2" m="3159" /><F42/><W88/><G7/><T11/><D83/><U1/><E1/><V33/><F33/><W109/><G109/><T9/><D11/><U95/><E95/><V28/><F28/><W43/><G43/><T104/><D104/><U99/><E99/><V102/><F102/><W71/><G40/><T63/><D4/><RYUUKYOKU ba="0,1" sc="280,-15,210,15,220,15,280,-15" hai1="16,18,19,45,48,52,64,68,81,82,96,100,107" hai2="21,22,46,51,55,57,58,93,98,103" /><INIT seed="2,1,1,2,0,108" ten="265,225,235,265" oya="2" hai0="77,71,4,0,55,127,92,24,87,22,44,105,52" hai1="58,20,53,102,93,131,28,48,42,21,96,116,45" hai2="123,73,119,98,29,49,132,70,30,85,54,67,75" hai3="91,126,113,78,17,57,59,36,101,121,118,51,14"/><V115/><F119/><W2/><G36/><T56/><D105/><U65/><E116/><V38/><F123/><W89/><G2/><T10/><D71/><U3/><E3/><V23/><F38/><W15/><G118/><T74/><D127/><U81/><E131/><V46/><F132/><W6/><G101/><T61/><D74/><U104/><E65/><V111/><F98/><W12/><G78/><T110/><D110/><U27/><E81/><V25/><F111/><W88/><G121/><T34/><D34/><U133/><E133/><V90/><F30/><W16/><G126/><T122/><D122/><U117/><E117/><V72/><F67/><W13/><G113/><T79/><D92/><U19/><E104/><V62/><F62/><W84/><G84/><T8/><D8/><U107/><E107/><V103/><F103/><W63/><G51/><T11/><D11/><U80/><E80/><V37/><F37/><W99/><G99/><T86/><D86/><U39/><REACH who="1" step="1"/><E19/><REACH who="1" ten="265,215,235,265" step="2"/><N who="3" m="7242" /><G63/><T114/><D0/><U83/><E83/><V33/><F70/><W41/><G41/><T124/><D61/><U69/><E69/><V32/><REACH who="2" step="1"/><F115/><REACH who="2" ten="265,215,225,265" step="2"/><W94/><G94/><AGARI ba="1,3" hai="23,25,29,32,33,46,49,54,72,73,75,85,90,94" machi="94" ten="40,3900,0" yaku="1,1,2,1,53,0" doraHai="108" doraHaiUra="135" who="2" fromWho="3" sc="265,0,215,0,225,72,265,-42" /><INIT seed="2,2,0,1,0,22" ten="265,215,297,223" oya="2" hai0="103,11,32,85,105,15,119,23,52,33,73,53,39" hai1="19,101,42,88,35,83,57,31,79,132,90,124,46" hai2="131,66,98,76,41,4,18,28,12,109,64,127,13" hai3="27,26,94,110,45,78,125,48,63,56,69,135,61"/><V1/><F127/><W7/><G69/><T9/><D73/><U115/><E115/><V59/><F131/><W25/><G125/><T77/><D39/><U89/><E124/><V133/><F133/><W95/><G135/><T29/><D119/><U65/><E132/><V74/><F41/><N who="3" m="24623" /><G110/><T20/><D103/><U107/><E19/><V51/><F28/><W5/><G78/><T100/><D100/><U70/><E57/><V112/><F112/><W44/><G44/><T96/><D96/><N who="1" m="61863" /><E46/><V129/><F1/><W3/><G3/><T92/><D105/><U104/><E42/><V67/><F74/><W108/><G108/><T16/><D32/><U82/><E79/><V117/><F76/><W30/><G30/><T72/><D33/><U47/><E47/><V97/><F117/><W122/><G63/><T86/><D72/><U87/><E87/><N who="0" m="33289" /><D92/><N who="3" m="35369" /><G122/><T36/><D36/><U111/><E111/><V106/><F106/><W130/><G130/><T120/><D120/><U81/><E104/><V68/><F129/><W58/><G58/><T116/><D116/><U99/><E99/><V40/><F68/><W123/><G123/><T118/><D118/><U8/><E82/><V0/><F109/><W54/><AGARI ba="2,0" hai="5,7,25,26,27,54,56,61" m="35369,24623" machi="54" ten="30,7900,0" yaku="8,1,52,3" doraHai="22" who="3" fromWho="3" sc="265,-22,215,-22,297,-41,223,85" /><INIT seed="3,0,0,4,5,56" ten="243,193,256,308" oya="3" hai0="79,16,25,85,121,88,95,129,58,80,91,86,6" hai1="34,23,47,11,111,65,39,2,90,22,28,46,92" hai2="98,96,54,110,107,62,68,127,122,61,51,31,97" hai3="82,74,109,55,24,132,84,1,126,53,49,57,116"/><W27/><G116/><T26/><D121/><U44/><E39/><V78/><F110/><W0/><G74/><T9/><D129/><U130/><E111/><V134/><F134/><W40/><G109/><T7/><D79/><U41/><E41/><V83/><F127/><W32/><G126/><T71/><D71/><U66/><E34/><V19/><F122/><W77/><G40/><T3/><D6/><U67/><E28/><V21/><F31/><W133/><G55/><T81/><D95/><U50/><E130/><V8/><F8/><W117/><G117/><T115/><D115/><U94/><E50/><V38/><F68/><W48/><G48/><T101/><D101/><U15/><E2/><V114/><F107/><W29/><REACH who="3" step="1"/><G27/><REACH who="3" ten="243,193,256,298" step="2"/><T30/><D30/><U106/><E106/><V10/><F38/><W93/><G93/><T128/><D128/><U102/><E92/><V104/><F104/><W72/><G72/><T73/><D73/><U76/><E94/><V103/><F114/><W118/><G118/><T63/><D16/><U20/><E66/><AGARI ba="0,1" hai="3,7,9,25,26,58,63,66,80,81,85,86,88,91" machi="66" ten="30,7700,0" yaku="7,1,9,1,52,1,54,1" doraHai="56" who="0" fromWho="1" sc="243,87,193,-77,256,0,298,0" /><INIT seed="4,0,0,2,2,28" ten="330,116,256,298" oya="0" hai0="35,12,48,100,69,4,134,59,67,132,81,91,116" hai1="129,71,17,104,58,52,5,64,51,31,86,123,122" hai2="42,110,30,113,57,26,56,72,92,44,133,79,97" hai3="127,119,32,87,43,16,61,3,45,74,2,82,41"/><T55/><D116/><U124/><E104/><V114/><F110/><W34/><G74/><T14/><D100/><U53/><E5/><V121/><F121/><W76/><G119/><T60/><D4/><U21/><E124/><V131/><F131/><W15/><G127/><T93/><D81/><U11/><E129/><V126/><F133/><N who="0" m="51306" /><D35/><U63/><E11/><V77/><F126/><W117/><G117/><T115/><D115/><N who="2" m="44042" /><F72/><W125/><G125/><T112/><D112/><U90/><E31/><V46/><F57/><W135/><G135/><T85/><AGARI ba="0,0" hai="12,14,48,55,59,60,67,69,85,91,93" m="51306" machi="85" ten="30,1500,0" yaku="20,1" doraHai="28" who="0" fromWho="0" sc="330,15,116,-5,256,-5,298,-5" /><INIT seed="4,1,0,0,4,67" ten="345,111,251,293" oya="0" hai0="1,129,17,111,15,103,89,66,122,57,19,92,22" hai1="2,79,128,70,7,13,30,24,31,64,45,23,110" hai2="52,87,41,125,107,14,126,118,73,53,58,21,16" hai3="46,71,40,77,25,42,131,6,18,33,135,114,85"/><T10/><D129/><U8/><E79/><V44/><F73/><W61/><G131/><T82/><D122/><U112/><E45/><V93/><F107/><W63/><G114/><T28/><D111/><U91/><E91/><N who="2" m="53503" /><F118/><W34/><G135/><T90/><D1/><U38/><E38/><V119/><F119/><W49/><G42/><T5/><D28/><U130/><E64/><V123/><F123/><W132/><G132/><T104/><D104/><U97/><E97/><V99/><F99/><W51/><G51/><T100/><D82/><U36/><E36/><V65/><F65/><W98/><G71/><T84/><D90/><U27/><E70/><V26/><F26/><W78/><G78/><T121/><D121/><U54/><E54/><V94/><F94/><W29/><G34/><T43/><D43/><U80/><E80/><V60/><F60/><W81/><G18/><N who="0" m="6667" /><D22/><U75/><E75/><V39/><F58/><W106/><REACH who="3" step="1"/><G6/><REACH who="3" ten="345,111,251,283" step="2"/><T20/><D20/><U9/><E112/><V113/><F113/><W120/><G120/><T68/><D68/><U127/><E128/><V47/><F47/><W108/><G108/><T37/><D37/><U115/><E127/><AGARI ba="1,1" hai="14,16,21,39,41,44,52,53,125,126,127" m="53503" machi="127" ten="30,3900,0" yaku="18,1,54,2" doraHai="67" who="2" fromWho="1" sc="345,0,111,-42,251,52,283,0" /><INIT seed="5,0,0,1,5,74" ten="345,69,303,283" oya="1" hai0="78,38,1,121,57,14,55,26,118,6,59,41,68" hai1="112,34,18,33,67,9,129,64,7,16,10,127,8" hai2="2,35,120,83,50,56,96,40,95,82,105,11,76" hai3="106,12,21,124,104,29,63,17,116,107,110,49,62"/><U133/><E112/><V125/><F120/><W85/><G110/><T28/><D118/><U3/><E64/><V20/><F35/><N who="1" m="13321" /><E67/><V119/><F105/><W92/><G116/><T61/><D1/><U89/><E89/><V22/><F83/><W75/><G75/><T126/><D68/><U113/><E113/><V5/><F125/><W94/><G124/><T30/><D126/><U36/><E36/><V103/><F119/><W114/><G114/><T86/><D38/><U65/><E65/><V44/><REACH who="2" step="1"/><F56/><REACH who="2" ten="345,69,293,283" step="2"/><W58/><G94/><T88/><D57/><U134/><E127/><V19/><F19/><N who="1" m="7209" /><E129/><V73/><AGARI ba="0,1" hai="2,5,11,20,22,40,44,50,73,76,82,95,96,103" machi="73" ten="20,8000,1" yaku="1,1,0,1,7,1,52,1,53,1" doraHai="74" doraHaiUra="43" who="2" fromWho="2" sc="345,-20,69,-40,293,90,283,-20" /><INIT seed="6,0,0,0,0,7" ten="325,29,383,263" oya="2" hai0="89,128,133,41,122,66,94,132,38,76,131,93,26" hai1="9,62,99,97,13,46,4,22,18,36,44,85,125" hai2="130,34,119,105,70,103,126,109,82,47,112,28,25" hai3="5,114,91,96,20,55,71,90,69,68,56,110,11"/><V84/><F119/><W111/><G20/><T120/><D66/><U43/><E125/><V57/><F112/><W129/><G114/><T17/><D41/><U14/><E62/><V60/><F126/><W32/><G32/><T107/><D38/><U81/><REACH who="1" step="1"/><E44/><REACH who="1" ten="325,19,383,263" step="2"/><V49/><F47/><W88/><G129/><T123/><D131/><U8/><E8/><V106/><F60/><W65/><G65/><T53/><D128/><U67/><E67/><V58/><F130/><W74/><G96/><T59/><D122/><U30/><E30/><V78/><F28/><W39/><G74/><T116/><D123/><U27/><E27/><V83/><F25/><W117/><G117/><T1/><D120/><U80/><E80/><V37/><F83/><W12/><REACH who="3" step="1"/><G39/><REACH who="3" ten="325,19,383,253" step="2"/><T54/><D116/><U115/><E115/><V127/><F37/><W15/><G15/><T31/><D26/><U29/><E29/><V48/><F127/><W79/><G79/><AGARI ba="0,2" hai="4,9,13,14,18,22,36,43,46,79,81,85,97,99" machi="79" ten="30,3900,0" yaku="1,1,7,1,52,1,53,0" doraHai="7" doraHaiUra="113" who="1" fromWho="3" sc="325,0,19,59,383,0,253,-39" /><INIT seed="7,0,0,1,2,93" ten="325,78,383,214" oya="3" hai0="127,124,41,60,21,27,116,13,37,57,105,47,1" hai1="129,61,14,15,100,87,59,109,88,90,29,86,83" hai2="34,114,99,110,108,97,3,130,135,51,46,53,9" hai3="30,28,2,56,128,85,45,75,67,24,32,125,77"/><W73/><G2/><T112/><D116/><U43/><E129/><V19/><F34/><W106/><G128/><T42/><D1/><U23/><E109/><V18/><F130/><W48/><G30/><T44/><D13/><U95/><E43/><V35/><F35/><W104/><G85/><T91/><D105/><U111/><E111/><V25/><F114/><W66/><G125/><N who="0" m="48203" /><D91/><U115/><E115/><V49/><F135/><W84/><G84/><T78/><D78/><U58/><E100/><V20/><F110/><W121/><G121/><T74/><D74/><U50/><E50/><N who="2" m="28887" /><F108/><W82/><G75/><T16/><D112/><U68/><E68/><V113/><F3/><W54/><REACH who="3" step="1"/><G67/><REACH who="3" ten="325,78,383,204" step="2"/><N who="0" m="39311" /><D37/><U26/><REACH who="1" step="1"/><E59/><REACH who="1" ten="325,68,383,204" step="2"/><V0/><F113/><W119/><G119/><T81/><D44/><U7/><E7/><V120/><F120/><W133/><G133/><T101/><D47/><U131/><E131/><V117/><F117/><W98/><G98/><T70/><D70/><U8/><E8/><V126/><F126/><W36/><G36/><T6/><D6/><U122/><E122/><V92/><F99/><W11/><G11/><T12/><D81/><U31/><E31/><V62/><F97/><W55/><G55/><AGARI ba="0,2" hai="14,15,23,26,29,55,58,61,83,86,87,88,90,95" machi="55" ten="30,8000,1" yaku="1,1,7,1,8,1,54,1,53,1" doraHai="93" doraHaiUra="89" who="1" fromWho="3" sc="325,0,68,100,383,0,204,-80" owari="325,12.5,168,-23.2,383,48.3,124,-37.6" /></mjloggm>