<mjloggm ver="2.3"><GO type="169" lobby="0"/><UN n0="%E3%81%A1%E3%82%83%E3%81%B0%E3%82%8A%E3%83%BC%E3%82%84" n1="%70%6F%6E%2D%65%6E" n2="%E4%B9%9D%E7%B4%8B%E9%BE%8D%E5%8F%B2%E9%80%B2" n3="%E6%9D%B1%E6%96%B9%E5%AE%9A%E5%8A%A9" dan="16,16,19,16" rate="2127.25,2158.62,2289.33,2126.24" sx="M,F,M,M"/><TAIKYOKU oya="0"/><INIT seed="0,0,0,1,2,119" ten="250,250,250,250" oya="0" hai0="67,83,77,122,84,24,56,27,18,107,23,70,86" hai1="9,130,62,93,132,101,13,75,92,113,80,45,116" hai2="111,135,88,57,49,48,127,105,39,99,19,60,100" hai3="37,20,133,128,98,69,117,5,76,25,42,28,94"/><T1/><D70/><U8/><E116/><V41/><F111/><W34/><G117/><T30/><D1/><U102/><E130/><V108/><F108/><W115/><G115/><T17/><D107/><U95/><E132/><V66/><F135/><W16/><G69/><T112/><D112/><U12/><E113/><V118/><F127/><W31/><G133/><T114/><D114/><U3/><E3/><V64/><F64/><W51/><G37/><T53/><D67/><U97/><E75/><V90/><F118/><W26/><G128/><T81/><D24/><U36/><E36/><V50/><REACH who="2" step="1"/><F19/><REACH who="2" ten="250,250,240,250" step="2"/><W2/><G16/><T134/><D134/><U54/><E102/><V72/><F72/><W55/><G31/><T129/><D129/><U110/><E101/><V78/><F78/><W109/><G76/><T126/><D126/><U104/><E110/><V103/><F103/><W120/><G28/><T87/><D122/><U124/><E124/><V11/><F11/><W15/><G120/><T59/><D77/><U106/><E8/><V125/><F125/><W6/><G109/><T85/><D81/><U10/><E9/><V131/><F131/><W21/><G6/><T61/><D83/><U0/><E10/><V82/><F82/><W33/><G5/><T63/><N who="0" m="21504" /><DORA hai="91" /><T14/><REACH who="0" step="1"/><D14/><REACH who="0" ten="240,250,240,250" step="2"/><U68/><E13/><V4/><F4/><W89/><G15/><T40/><D40/><U43/><E12/><V79/><F79/><W73/><G42/><T121/><D121/><U7/><E43/><V71/><F71/><W38/><G2/><T47/><D47/><AGARI ba="0,2" hai="39,41,47,48,49,50,57,60,66,88,90,99,100,105" machi="47" ten="40,12000,2" yaku="1,1,6,1,54,1,53,3" doraHai="119,91" doraHaiUra="35,44" who="2" fromWho="0" sc="240,-120,250,0,240,140,250,0" /><INIT seed="1,0,0,5,1,128" ten="120,250,380,250" oya="1" hai0="22,66,84,81,51,26,8,10,98,47,28,44,62" hai1="63,68,1,119,69,89,54,58,103,85,75,100,19" hai2="94,122,48,20,110,4,91,132,74,59,55,86,114" hai3="109,76,123,11,64,29,38,27,73,135,16,70,49"/><U60/><E75/><V124/><F122/><W104/><G123/><T56/><D44/><U65/><E119/><V30/><F110/><W40/><G49/><T32/><D32/><U14/><E1/><V72/><F124/><W93/><G93/><T24/><D24/><U88/><E69/><V2/><F114/><W111/><G16/><T21/><D21/><U102/><REACH who="1" step="1"/><E85/><REACH who="1" ten="120,240,380,250" step="2"/><V131/><F74/><W17/><G70/><T113/><D113/><U36/><E36/><V5/><F72/><W107/><G38/><T120/><D120/><U31/><E31/><V130/><F2/><W6/><G29/><T33/><D33/><U41/><E41/><V117/><F117/><W78/><G40/><T82/><D98/><U23/><AGARI ba="0,1" hai="14,19,23,54,58,60,63,65,68,88,89,100,102,103" machi="23" ten="30,12000,1" yaku="1,1,0,1,54,1,53,2" doraHai="128" doraHaiUra="57" who="1" fromWho="1" sc="120,-40,240,130,380,-40,250,-40" /><INIT seed="1,1,0,0,3,97" ten="80,370,340,210" oya="1" hai0="9,101,120,12,71,36,30,44,59,39,118,86,2" hai1="90,99,134,85,17,22,128,94,50,33,63,96,123" hai2="135,52,103,80,34,115,45,49,125,116,42,110,74" hai3="121,109,130,105,4,58,19,111,43,70,56,8,68"/><U27/><E123/><V57/><F116/><W29/><G121/><T75/><D118/><U73/><E128/><V112/><F34/><W76/><G29/><T35/><D75/><U89/><E73/><V64/><F135/><W16/><G43/><T28/><D71/><U10/><E134/><V83/><F110/><N who="3" m="41995" /><G76/><T98/><D2/><U46/><E33/><V14/><F125/><W24/><G105/><T84/><D120/><U82/><E63/><V48/><F64/><W62/><G56/><T91/><D59/><U67/><E67/><V104/><F14/><W87/><G87/><T54/><D86/><N who="1" m="52535" /><E10/><V92/><F104/><W37/><G37/><T122/><D36/><U31/><E31/><V126/><F126/><W41/><G41/><AGARI ba="1,0" hai="17,22,27,41,46,50,82,85,90,96,99" m="52535" machi="41" ten="30,1500,0" yaku="8,1" doraHai="97" who="1" fromWho="3" sc="80,0,370,18,340,0,210,-18" /><INIT seed="1,2,0,1,0,11" ten="80,388,340,192" oya="1" hai0="112,27,8,96,128,104,107,71,108,100,23,22,101" hai1="76,121,10,60,97,20,63,93,88,56,84,18,80" hai2="2,82,120,68,124,98,129,132,33,55,35,86,90" hai3="122,77,45,52,65,75,105,83,109,70,73,126,95"/><U50/><E121/><V17/><F120/><W43/><G105/><T4/><D112/><U123/><E10/><V133/><F2/><W44/><G122/><T40/><D108/><U9/><E9/><V19/><F68/><W125/><G73/><T117/><D117/><U24/><REACH who="1" step="1"/><E123/><REACH who="1" ten="80,378,340,192" step="2"/><V81/><F133/><W31/><G109/><T106/><D8/><U114/><E114/><V41/><F132/><W47/><G125/><T6/><D4/><U29/><E29/><V72/><F124/><W42/><G31/><T87/><D6/><U103/><E103/><V62/><F19/><W7/><G7/><T67/><D101/><U39/><E39/><V30/><F17/><W130/><G126/><T64/><D100/><U58/><E58/><V110/><F30/><W99/><G70/><T78/><D71/><U119/><E119/><V89/><F110/><W118/><G118/><T102/><D102/><U116/><E116/><V37/><F37/><W54/><G45/><T49/><D107/><U115/><E115/><V61/><F129/><W34/><G47/><T111/><D106/><U74/><E74/><V59/><F72/><W36/><G44/><T79/><D104/><U32/><E32/><V53/><F59/><W113/><G75/><T94/><D128/><U21/><E21/><V134/><F134/><W69/><G34/><T28/><D22/><U131/><E131/><V66/><F33/><W12/><G69/><T13/><D111/><U127/><E127/><V135/><F35/><W26/><G113/><T0/><D23/><U1/><E1/><V16/><F135/><RYUUKYOKU ba="2,1" sc="80,-10,378,30,340,-10,192,-10" hai1="18,20,24,50,56,60,63,76,80,84,88,93,97" /><INIT seed="1,3,1,2,2,69" ten="70,408,330,182" oya="1" hai0="46,25,43,123,60,110,102,107,24,1,121,118,98" hai1="73,76,104,45,63,36,84,134,101,8,74,80,19" hai2="75,11,47,37,41,55,127,124,51,72,27,26,130" hai3="95,77,89,86,135,126,70,10,120,30,96,68,66"/><U79/><E134/><V59/><F130/><W94/><G120/><N who="0" m="46155" /><D118/><U0/><E104/><V2/><F2/><W100/><G135/><T14/><D1/><U56/><E101/><V91/><F11/><W9/><G126/><N who="2" m="48169" /><F91/><W111/><G111/><T21/><D110/><U3/><E19/><V67/><F67/><W16/><G30/><T48/><D60/><U117/><E117/><V13/><F13/><W53/><G9/><T132/><D132/><U122/><E122/><V65/><F65/><W20/><G10/><T15/><D24/><AGARI ba="3,1" hai="24,26,27,37,41,47,51,55,59,72,75" m="48169" machi="24" ten="30,2000,0" yaku="18,1,52,1" doraHai="69" who="2" fromWho="0" sc="70,-29,408,0,330,39,182,0" /><INIT seed="2,0,0,3,5,0" ten="41,408,369,182" oya="2" hai0="43,134,133,113,86,13,24,45,85,31,63,78,46" hai1="131,76,48,12,98,104,135,75,94,64,50,72,61" hai2="62,81,56,106,30,126,128,84,53,122,123,83,125" hai3="41,21,7,114,71,4,73,87,100,25,47,82,17"/><V110/><F106/><W51/><G114/><T28/><D113/><U65/><E131/><V101/><F101/><W132/><G132/><T68/><D13/><U19/><E104/><V70/><F128/><W20/><G71/><T39/><D46/><U57/><E65/><V6/><F110/><W124/><G124/><N who="2" m="47721" /><F70/><W54/><G73/><T55/><D31/><U1/><E1/><V16/><F30/><W29/><G41/><T37/><D37/><U40/><E135/><N who="0" m="51721" /><D78/><U9/><E76/><N who="2" m="46119" /><F83/><W15/><REACH who="3" step="1"/><G100/><REACH who="3" ten="41,408,369,172" step="2"/><T99/><D68/><U60/><E75/><V105/><F123/><W95/><G95/><T90/><D43/><U34/><E72/><V22/><F122/><W127/><G127/><T3/><D39/><U36/><E36/><V35/><F105/><W97/><G97/><T32/><D99/><U67/><E40/><V92/><F92/><W42/><G42/><T116/><D116/><U115/><E115/><V88/><F35/><W33/><G33/><T44/><D32/><U10/><E34/><V102/><F102/><W14/><G14/><T69/><D69/><U89/><E98/><V107/><F107/><W117/><G117/><T27/><D3/><U59/><E94/><V111/><F111/><W26/><G26/><T103/><D103/><U11/><E12/><N who="2" m="9479" /><F88/><AGARI ba="0,1" hai="4,7,15,17,20,21,25,29,47,51,54,82,87,88" machi="88" ten="30,12000,2" yaku="1,1,7,1,8,1,52,2,54,1,53,1" doraHai="0" doraHaiUra="8" who="3" fromWho="2" sc="41,0,408,0,369,-120,172,130" /><INIT seed="3,0,0,1,0,74" ten="41,408,249,302" oya="3" hai0="63,106,88,23,89,119,82,121,103,108,117,17,5" hai1="133,38,61,65,109,104,81,129,83,92,110,58,6" hai2="128,0,95,101,111,25,68,8,3,14,91,114,19" hai3="125,46,22,24,87,2,80,16,10,60,102,96,54"/><W26/><G125/><T21/><D108/><N who="1" m="41579" /><E104/><V7/><F111/><W135/><G135/><T44/><D121/><U9/><E38/><V94/><F68/><W120/><G120/><T134/><D134/><U113/><E133/><V49/><F114/><W42/><G2/><T51/><D5/><U18/><E18/><V55/><F128/><W90/><G10/><T131/><D131/><U67/><E67/><V64/><F64/><W127/><G60/><T39/><D39/><U84/><E113/><V20/><F101/><W45/><G127/><T123/><D123/><U66/><E66/><V98/><REACH who="2" step="1"/><F95/><REACH who="2" ten="41,408,239,302" step="2"/><W40/><G54/><T31/><D103/><U79/><E92/><V70/><F70/><W107/><REACH who="3" step="1"/><G26/><REACH who="3" ten="41,408,239,292" step="2"/><T115/><D115/><U126/><E126/><V43/><F43/><AGARI ba="0,2" hai="16,22,24,40,42,43,45,46,80,87,90,96,102,107" machi="43" ten="40,7700,0" yaku="1,1,2,1,54,1,53,0" doraHai="74" doraHaiUra="30" who="3" fromWho="2" sc="41,0,408,0,239,-77,292,97" /><INIT seed="3,1,0,3,3,70" ten="41,408,162,389" oya="3" hai0="122,118,22,24,0,102,31,112,6,78,34,79,115" hai1="33,26,39,123,29,86,117,23,109,60,1,25,17" hai2="69,5,74,77,12,119,124,58,57,4,52,15,28" hai3="106,46,55,127,132,128,11,51,104,38,114,134,88"/><W54/><G114/><N who="0" m="43563" /><D102/><U53/><E109/><V8/><F69/><W47/><G127/><T67/><D67/><U9/><E123/><V16/><F124/><W36/><G11/><N who="0" m="2503" /><D78/><U120/><E120/><V83/><F119/><W110/><G88/><T81/><D81/><U105/><E105/><V75/><F28/><W21/><G21/><T49/><D49/><U98/><E98/><V13/><F58/><W73/><G73/><T68/><D68/><U56/><E117/><V96/><F75/><W116/><G116/><T30/><D79/><U80/><E39/><V126/><F126/><W63/><G63/><T97/><D97/><U10/><E1/><V121/><F121/><W19/><G51/><T125/><D125/><U40/><E40/><V133/><F5/><W27/><G110/><T135/><D118/><U99/><E99/><V20/><F96/><W37/><G106/><T32/><D122/><U95/><E95/><V85/><F74/><W93/><G93/><T44/><D44/><U64/><E64/><V61/><REACH who="2" step="1"/><F133/><REACH who="2" ten="41,408,152,389" step="2"/><W100/><G132/><T48/><D135/><U14/><E26/><AGARI ba="1,1" hai="4,8,12,13,15,16,20,26,52,57,61,77,83,85" machi="26" ten="30,12000,2" yaku="1,1,2,1,7,1,8,1,54,2,53,0" doraHai="70" doraHaiUra="91" who="2" fromWho="1" sc="41,0,408,-123,152,133,389,0" /><INIT seed="4,0,0,1,0,102" ten="41,285,285,389" oya="0" hai0="123,41,133,31,130,135,118,117,125,86,55,0,122" hai1="80,94,70,44,82,111,18,83,2,38,92,50,30" hai2="88,47,93,57,15,73,26,51,45,37,76,36,101" hai3="107,19,58,89,85,81,48,53,32,42,68,67,49"/><T64/><D0/><U129/><E111/><V66/><F101/><W59/><G32/><T10/><D10/><U124/><E129/><V104/><F104/><W78/><G107/><T116/><D31/><U112/><E124/><V105/><F105/><W127/><G127/><T7/><D7/><U72/><E72/><V11/><F26/><W54/><G68/><T134/><D86/><U21/><E38/><V121/><F47/><W9/><G67/><T97/><D97/><U95/><E70/><V12/><F12/><N who="3" m="7567" /><G42/><T13/><D13/><U1/><E112/><V115/><F115/><W84/><G84/><T114/><D64/><U34/><E34/><V131/><F121/><N who="0" m="46090" /><D41/><U126/><E126/><V43/><F131/><W132/><G78/><T69/><D125/><U52/><REACH who="1" step="1"/><E30/><REACH who="1" ten="41,275,285,389" step="2"/><V28/><F28/><W108/><G108/><T3/><D69/><U8/><E8/><V33/><F33/><W99/><G85/><T23/><D130/><U29/><E29/><V71/><F71/><W91/><G99/><T46/><D23/><U87/><E87/><N who="2" m="52383" /><F76/><W4/><G81/><T22/><D22/><U63/><E63/><N who="2" m="38255" /><F73/><W35/><G35/><T74/><D74/><U56/><E56/><V109/><F109/><W128/><G128/><T62/><D114/><U113/><E113/><V77/><F77/><W16/><G59/><N who="0" m="35199" /><D46/><U119/><E119/><V75/><F75/><W6/><G58/><T40/><D3/><U60/><E60/><V27/><F37/><W20/><G20/><T61/><D61/><U106/><E106/><V90/><F11/><W14/><G49/><RYUUKYOKU ba="0,1" sc="41,15,275,15,285,-15,389,-15" hai0="40,116,117,118,133,134,135" hai1="1,2,18,21,44,50,52,80,82,83,92,94,95" /><INIT seed="4,1,1,5,3,62" ten="56,290,270,374" oya="0" hai0="116,24,135,18,52,87,7,131,68,128,123,100,47" hai1="77,79,124,91,82,11,129,73,108,23,94,34,16" hai2="101,64,125,17,86,80,43,88,37,32,1,98,115" hai3="5,102,95,57,107,31,111,104,48,36,134,92,78"/><T21/><D116/><U26/><E108/><V74/><F1/><W10/><G36/><T4/><D123/><U110/><E110/><V67/><F32/><W70/><G111/><T27/><D135/><U97/><E124/><V53/><F125/><W2/><G70/><T46/><D100/><U85/><E129/><N who="0" m="49737" /><D68/><U29/><E11/><V40/><F115/><W59/><G10/><T12/><D87/><U9/><E9/><V69/><F69/><W56/><G102/><T58/><D47/><U117/><E117/><V41/><F37/><W83/><G59/><T19/><D46/><U39/><E39/><V51/><F17/><W133/><G57/><T65/><D65/><N who="2" m="25162" /><F74/><W118/><G118/><T112/><D112/><U20/><E34/><V127/><F127/><W15/><G133/><T122/><D122/><U6/><E6/><N who="0" m="2089" /><D19/><U126/><E126/><V54/><F51/><AGARI ba="1,1" hai="12,18,21,24,27,51,52,58" m="2089,49737" machi="51" ten="30,2900,0" yaku="19,1,54,1" doraHai="62" who="0" fromWho="2" sc="56,42,290,0,270,-32,374,0" /><INIT seed="4,2,0,5,2,66" ten="98,290,238,374" oya="0" hai0="109,87,69,11,52,116,12,55,126,103,79,27,86" hai1="92,51,105,122,98,47,17,97,21,29,81,10,115" hai2="45,125,16,40,128,49,4,30,22,117,61,72,120" hai3="50,37,123,127,63,129,134,107,74,8,7,39,36"/><T106/><D116/><U56/><E122/><V6/><F120/><W18/><G50/><T118/><D118/><U104/><E115/><V100/><F117/><W46/><G18/><T33/><D69/><U73/><E29/><V32/><F72/><W135/><G123/><T124/><D109/><U108/><E10/><V130/><F125/><N who="0" m="48234" /><D103/><U60/><E81/><V114/><F114/><W25/><G127/><T113/><D106/><U38/><E38/><V44/><F100/><W20/><G107/><T0/><D0/><U84/><E73/><V28/><F61/><W68/><G74/><T94/><D113/><U42/><E105/><V41/><F32/><W102/><G102/><T80/><D94/><U131/><E104/><V96/><F96/><W85/><G68/><T1/><D87/><U14/><E131/><N who="2" m="50219" /><F6/><W99/><G7/><N who="0" m="3199" /><D1/><U132/><E108/><V76/><F76/><W2/><G2/><T65/><D65/><N who="1" m="39047" /><E132/><V59/><F4/><W64/><G129/><T119/><D119/><U9/><E84/><V93/><F93/><W83/><G85/><T112/><D112/><U88/><E98/><V35/><F35/><W57/><G99/><T101/><D101/><U90/><E90/><V71/><F71/><W133/><G133/><T110/><D110/><U48/><E97/><V75/><F75/><W43/><G135/><T26/><D33/><U78/><E92/><V15/><F59/><W19/><G57/><T111/><D111/><U5/><E78/><V34/><F34/><W77/><G134/><T121/><D121/><U23/><E88/><V53/><F45/><RYUUKYOKU ba="2,0" sc="98,15,290,-15,238,15,374,-15" hai0="26,27,52,55,79,80,86" hai2="15,16,22,28,30,40,41,44,49,53" /><INIT seed="4,3,0,0,0,99" ten="113,275,253,359" oya="0" hai0="53,115,73,109,46,87,54,122,21,52,92,30,116" hai1="42,10,77,60,117,17,1,70,75,100,132,48,59" hai2="71,41,96,16,8,104,22,20,27,135,134,57,58" hai3="102,129,91,5,88,45,11,113,128,82,43,49,29"/><T78/><D116/><U69/><E117/><V118/><F118/><W50/><G113/><T35/><D122/><U126/><E126/><V110/><F110/><W28/><G102/><T6/><D115/><U4/><E132/><N who="2" m="50731" /><F71/><W106/><G106/><T7/><D35/><U37/><E17/><N who="2" m="12687" /><F8/><W38/><G29/><T2/><D73/><U15/><E15/><N who="2" m="9503" /><F41/><W12/><G28/><T83/><D109/><U26/><E70/><V13/><F13/><W9/><G11/><T72/><D2/><U133/><E69/><V84/><F84/><W108/><G108/><T120/><D120/><U124/><E10/><V55/><F55/><N who="0" m="21066" /><D72/><U62/><E75/><V80/><F80/><W111/><G82/><T39/><D39/><U14/><E42/><V0/><F0/><W32/><G111/><T86/><D54/><U36/><E14/><V90/><F104/><W125/><G38/><T64/><D46/><U119/><E36/><V23/><F23/><W103/><G45/><T25/><D64/><U85/><E37/><V79/><F79/><W114/><G43/><T63/><D63/><U107/><E62/><V81/><F81/><W24/><G114/><T56/><D56/><U95/><E77/><V131/><F131/><W74/><G129/><T66/><D66/><U34/><E60/><V65/><F65/><W89/><G128/><T40/><D40/><U18/><E59/><V105/><F105/><W112/><G112/><T123/><D123/><U67/><E107/><V33/><F33/><W98/><G32/><T3/><D3/><U94/><E133/><V47/><F47/><RYUUKYOKU ba="3,0" sc="113,15,275,-15,253,15,359,-15" hai0="6,7,21,25,30,78,83,86,87,92" hai2="57,58,90,96" /><INIT seed="4,4,0,3,5,124" ten="128,260,268,344" oya="0" hai0="93,116,63,102,10,113,27,84,39,51,58,132,83" hai1="101,59,3,54,0,128,37,71,42,32,108,72,131" hai2="64,73,94,98,87,60,44,8,134,9,91,4,31" hai3="99,97,36,79,106,50,26,57,95,92,110,107,45"/><T90/><D116/><U105/><E108/><V41/><F73/><W24/><G110/><T47/><D39/><U48/><E32/><V86/><F31/><W135/><G135/><T129/><D132/><U14/><E72/><V34/><F34/><W104/><G79/><T1/><D113/><U127/><E127/><V5/><F134/><W6/><G36/><T15/><D1/><U23/><E71/><V111/><F9/><W133/><G57/><T75/><D27/><U65/><E65/><V11/><F8/><W49/><G107/><T38/><D38/><U115/><E115/><V61/><F5/><W33/><G133/><T30/><D30/><U46/><E101/><V121/><F121/><W126/><G45/><T82/><D102/><U130/><E105/><V119/><F61/><W77/><G77/><T96/><D96/><U16/><AGARI ba="4,0" hai="0,3,14,16,23,37,42,46,48,54,59,128,130,131" machi="16" ten="40,12000,2" yaku="0,1,19,1,52,3,54,1" doraHai="124" who="1" fromWho="1" sc="128,-64,260,132,268,-34,344,-34" /><INIT seed="5,0,0,3,3,40" ten="64,392,234,310" oya="1" hai0="38,15,26,118,34,92,86,28,31,88,132,70,105" hai1="67,45,57,85,12,65,110,112,14,58,53,71,100" hai2="129,66,87,135,130,56,91,68,55,74,4,126,35" hai3="43,24,29,50,123,47,64,49,93,115,82,20,121"/><U119/><E119/><V131/><F74/><W114/><G64/><T120/><D132/><U77/><E71/><V48/><F35/><W78/><G93/><T36/><D120/><U1/><E1/><V94/><F4/><W11/><G11/><T51/><D118/><U16/><E112/><N who="3" m="43050" /><G50/><T61/><D105/><U101/><E14/><V75/><F75/><AGARI ba="0,0" hai="20,24,29,43,47,49,75,78,82,121,123" m="43050" machi="75" ten="30,2000,0" yaku="15,1,52,1" doraHai="40" who="3" fromWho="2" sc="64,0,392,0,234,-20,310,20" /><INIT seed="6,0,0,4,4,27" ten="64,392,214,330" oya="2" hai0="1,46,29,98,96,109,107,129,79,52,74,101,127" hai1="131,55,91,32,121,106,76,40,15,7,42,68,61" hai2="133,104,77,99,65,100,105,115,4,84,53,94,36" hai3="23,130,37,11,57,75,122,92,116,119,89,63,3"/><V26/><F36/><W73/><G122/><T17/><D127/><U113/><E106/><V72/><F115/><W117/><G37/><T28/><D129/><U132/><E113/><V71/><F133/><W33/><G33/><T0/><D109/><U2/><E2/><V126/><F126/><W18/><G11/><T22/><D74/><U8/><E131/><V24/><F4/><W108/><G3/><T128/><D128/><U66/><E32/><V20/><F26/><W125/><G108/><T86/><D0/><U45/><E121/><V83/><F53/><N who="3" m="34223" /><G125/><T6/><D98/><U67/><E67/><V112/><F112/><W54/><G54/><T50/><D6/><U123/><E132/><V47/><F47/><W56/><G56/><T70/><D70/><U59/><E76/><V13/><F13/><W9/><G9/><T21/><D1/><U43/><E91/><V81/><F65/><W82/><G82/><T88/><D79/><U135/><E123/><V49/><F49/><W90/><G90/><T102/><D102/><U25/><E25/><V62/><F62/><W103/><G103/><T41/><D41/><U118/><E118/><V38/><F38/><W85/><G130/><T51/><D51/><N who="1" m="31231" /><E135/><V5/><F71/><W134/><G134/><T78/><D78/><U69/><E69/><V93/><F77/><W12/><G75/><T19/><D21/><U110/><E110/><V114/><F72/><W124/><G73/><T30/><REACH who="0" step="1"/><D22/><REACH who="0" ten="54,392,214,330" step="2"/><U14/><E68/><V64/><F20/><N who="3" m="11335" /><G124/><T87/><D87/><U16/><E43/><V60/><F114/><RYUUKYOKU ba="0,1" sc="54,15,392,-15,214,-15,330,15" hai0="17,19,28,29,30,46,50,52,86,88,96,101,107" hai3="23,85,89,92,116,117,119" /><INIT seed="7,1,1,1,1,119" ten="69,377,199,345" oya="3" hai0="76,63,10,25,17,37,24,12,115,89,9,106,126" hai1="47,69,128,108,127,71,91,103,58,22,23,54,83" hai2="114,90,121,53,130,31,97,11,112,20,100,64,87" hai3="38,7,104,96,60,50,72,73,61,29,109,86,124"/><W132/><G38/><T42/><D106/><U131/><E108/><V113/><F130/><N who="1" m="49705" /><E127/><V74/><F74/><W5/><G124/><T32/><D76/><U19/><E103/><V78/><F78/><W67/><G60/><T51/><D37/><U93/><E47/><V62/><F53/><W4/><G109/><T101/><D101/><U98/><E83/><V94/><F11/><W16/><G29/><T123/><D126/><U56/><E56/><V35/><F35/><W1/><G1/><T107/><D107/><U0/><E0/><V68/><F121/><W59/><G86/><T111/><D89/><U21/><E19/><V41/><F41/><W117/><G117/><T40/><D111/><U99/><E99/><V95/><F20/><W82/><G82/><T80/><D80/><U79/><E79/><V65/><F65/><W13/><G132/><T34/><D123/><U118/><E118/><V110/><F110/><W81/><G81/><T134/><D42/><U85/><E98/><V30/><AGARI ba="1,1" hai="30,31,62,64,68,87,90,94,95,97,100,112,113,114" machi="30" ten="40,2700,0" yaku="0,1,15,1" doraHai="119" who="2" fromWho="2" sc="69,-8,377,-8,199,40,345,-14" owari="61,-43.9,369,46.9,239,-16.1,331,13.1" /></mjloggm>