<mjloggm ver="2.3"><GO type="169" lobby="0"/><UN n0="%41%4C%50%45%52%49%4E" n1="%E7%88%86%E7%89%8C%E3%82%A6%E3%82%B7%E3%82%B8%E3%83%9E%E3%81%8F%E3%82%93" n2="%E3%81%A1%E3%81%AA%E3%81%A4" n3="%E3%81%9F%E3%81%8B%E3%81%AA" dan="16,16,17,19" rate="2186.87,2130.90,2167.54,2236.33" sx="M,M,M,M"/><TAIKYOKU oya="0"/><INIT seed="0,0,0,5,0,61" ten="250,250,250,250" oya="0" hai0="86,82,18,33,120,68,14,97,55,37,71,7,45" hai1="131,117,92,121,49,100,84,24,85,75,66,127,107" hai2="34,89,135,122,16,109,101,118,116,94,110,56,43" hai3="99,115,130,32,81,50,80,105,88,38,64,96,59"/><T21/><D120/><U46/><E121/><V124/><F34/><W2/><G38/><T13/><D33/><U69/><E117/><N who="2" m="45163" /><F122/><W0/><G115/><T8/><D97/><U10/><E75/><V93/><F43/><W74/><G32/><T133/><D133/><U104/><E127/><V17/><F124/><W40/><G130/><T20/><D20/><U91/><E131/><V83/><F135/><W36/><G74/><T62/><D37/><U48/><E24/><V132/><F132/><W35/><G35/><T12/><D12/><U78/><E10/><V63/><F101/><W26/><G26/><T19/><D7/><U128/><E128/><V42/><F42/><W22/><G22/><T4/><D4/><U52/><E100/><V126/><F83/><W9/><G105/><T5/><D5/><U58/><E69/><V44/><F44/><W60/><G36/><T87/><D87/><U70/><E70/><V129/><F129/><W73/><G73/><T27/><D27/><U134/><E134/><V23/><F126/><W102/><G102/><T77/><REACH who="0" step="1"/><D62/><REACH who="0" ten="240,250,250,250" step="2"/><U30/><E107/><V103/><F23/><W125/><G125/><T65/><D65/><U53/><E104/><V90/><F103/><W123/><G123/><T3/><D3/><U28/><E66/><N who="2" m="39271" /><F110/><W57/><G60/><T119/><D119/><U114/><E114/><V76/><F109/><W106/><G64/><T79/><D79/><U95/><E78/><V41/><F76/><W39/><G39/><T98/><D98/><U112/><E112/><V11/><F89/><AGARI ba="0,1" hai="28,30,46,48,49,52,53,58,84,85,89,91,92,95" machi="89" ten="40,5200,0" yaku="9,1,8,1,54,1" doraHai="61" who="1" fromWho="2" sc="240,0,250,62,250,-52,250,0" /><INIT seed="1,0,0,5,5,81" ten="240,312,198,250" oya="1" hai0="73,57,85,50,39,88,9,80,91,48,49,70,59" hai1="84,22,76,107,16,72,15,56,109,55,92,104,93" hai2="45,120,111,35,64,129,90,63,71,30,103,113,43" hai3="79,98,112,97,34,121,38,132,18,134,99,19,37"/><U4/><E72/><V5/><F120/><W24/><G121/><T20/><D70/><U68/><E68/><V44/><F111/><W58/><G112/><T3/><D39/><U1/><E109/><V117/><F117/><W2/><G2/><T130/><D130/><U128/><E128/><V94/><F129/><W116/><G79/><T14/><D73/><U131/><E131/><V95/><F113/><W62/><G34/><T13/><D3/><U69/><E69/><V66/><F66/><W83/><G83/><T40/><D40/><U105/><E76/><V23/><F35/><W75/><G75/><T46/><D46/><U65/><E65/><V119/><F119/><W52/><G116/><T8/><D20/><U126/><E126/><V29/><F5/><W32/><G18/><N who="0" m="8487" /><D91/><U78/><E78/><V60/><F60/><W123/><G123/><T96/><D96/><U53/><E53/><V89/><F103/><W87/><G37/><T25/><D25/><U54/><E54/><V51/><F44/><W127/><G38/><T6/><AGARI ba="0,0" hai="6,9,14,48,49,50,57,59,80,85,88" m="8487" machi="6" ten="30,4000,0" yaku="8,1,52,1,54,1" doraHai="81" who="0" fromWho="0" sc="240,40,312,-20,198,-10,250,-10" /><INIT seed="2,0,0,5,1,27" ten="280,292,188,240" oya="2" hai0="96,82,22,29,106,126,122,11,130,74,42,80,86" hai1="16,115,103,26,124,105,68,15,111,38,51,47,75" hai2="134,69,66,10,41,93,102,60,45,53,77,107,63" hai3="98,128,34,71,59,87,52,50,121,119,54,30,73"/><V117/><F117/><W44/><G73/><T0/><D122/><U101/><E68/><V5/><F107/><W57/><G119/><T72/><D126/><U135/><E115/><V113/><F113/><W8/><G71/><T55/><D130/><U125/><E75/><V85/><F134/><W95/><G121/><T84/><D42/><U114/><E114/><V62/><F53/><W17/><G128/><T37/><D37/><U127/><E135/><V65/><F102/><W1/><G87/><T104/><D55/><U58/><E105/><N who="0" m="40553" /><D29/><U18/><E111/><V116/><F116/><W39/><G39/><T36/><D22/><N who="1" m="13639" /><E58/><V32/><F32/><W100/><G54/><T21/><D21/><N who="1" m="11487" /><E38/><V43/><F43/><AGARI ba="0,0" hai="43,47,51,101,103,124,125,127" m="11487,13639" machi="43" ten="30,2000,0" yaku="18,1,54,1" doraHai="27" who="1" fromWho="2" sc="280,0,292,20,188,-20,240,0" /><INIT seed="3,0,0,5,1,125" ten="280,312,168,240" oya="3" hai0="105,67,36,89,49,10,119,88,98,17,86,33,61" hai1="85,75,58,72,93,27,70,109,65,2,43,124,47" hai2="74,83,4,92,111,26,94,112,101,18,103,60,59" hai3="99,16,5,68,55,69,113,118,48,29,126,6,12"/><W51/><G113/><T56/><D119/><U1/><E70/><V0/><F112/><W50/><G118/><T57/><D33/><U35/><E124/><V100/><F111/><W122/><G126/><T102/><D36/><U123/><E123/><V91/><F0/><W44/><G122/><T82/><D49/><U3/><E109/><V53/><F4/><W114/><G114/><T22/><D10/><U79/><E65/><V106/><F106/><W41/><G68/><T76/><REACH who="0" step="1"/><D56/><REACH who="0" ten="270,312,168,240" step="2"/><U21/><E35/><V13/><F26/><AGARI ba="0,1" hai="17,22,26,57,61,67,76,82,86,88,89,98,102,105" machi="26" ten="30,7700,0" yaku="1,1,2,1,7,1,54,1,53,0" doraHai="125" doraHaiUra="32" who="0" fromWho="2" sc="270,87,312,0,168,-77,240,0" /><INIT seed="4,0,0,5,4,50" ten="357,312,91,240" oya="0" hai0="6,134,96,113,47,66,39,127,129,37,68,109,89" hai1="48,29,27,116,126,44,7,135,0,32,90,120,80" hai2="51,78,12,54,59,100,91,25,103,82,122,111,22" hai3="63,124,38,102,108,55,130,99,118,14,71,101,10"/><T95/><D113/><U67/><E116/><V84/><F122/><W17/><G108/><T125/><D109/><U5/><E120/><V117/><F117/><W65/><G118/><T30/><D129/><U9/><E126/><N who="0" m="48137" /><D134/><U24/><E135/><V46/><F111/><W60/><G124/><T33/><D6/><U97/><E67/><V16/><F78/><W31/><G38/><T105/><D105/><U75/><E7/><V36/><F36/><W112/><G112/><T132/><D132/><U28/><E75/><V49/><F25/><W34/><G130/><T8/><D8/><U69/><E69/><V35/><F35/><W72/><G72/><T114/><D114/><U21/><E80/><V61/><F51/><W40/><G40/><AGARI ba="0,0" hai="12,16,22,40,46,49,54,59,61,82,84,91,100,103" machi="40" ten="30,7700,0" yaku="7,1,8,1,52,1,54,1" doraHai="50" who="2" fromWho="3" sc="357,0,312,0,91,77,240,-77" /><INIT seed="5,0,0,1,4,3" ten="357,312,168,163" oya="1" hai0="37,96,89,67,11,82,45,70,84,85,80,69,2" hai1="90,109,8,132,50,77,46,56,129,99,95,125,73" hai2="66,116,112,43,103,39,88,26,48,55,4,133,106" hai3="38,29,134,60,33,40,52,23,28,13,63,12,117"/><U51/><E125/><V92/><F116/><W72/><G72/><T105/><D67/><U114/><E114/><V111/><F111/><W93/><G33/><T36/><D105/><U120/><E120/><V104/><F103/><W86/><G134/><T126/><D96/><U130/><E132/><V41/><F133/><W24/><G29/><T87/><D126/><U0/><E77/><V118/><F118/><W124/><G117/><T44/><D87/><U97/><E73/><V75/><F75/><W135/><G135/><T57/><D57/><U7/><E109/><V79/><F79/><W107/><G107/><T16/><D37/><U31/><E31/><V58/><F112/><W83/><G93/><T42/><D45/><U76/><E76/><V108/><F108/><W21/><G40/><N who="2" m="15433" /><F106/><W62/><G38/><T1/><D1/><U122/><E122/><V119/><F104/><W123/><G123/><T22/><D11/><U47/><E47/><V98/><F39/><W6/><G124/><T94/><D2/><U5/><E0/><V27/><F119/><W100/><G100/><T18/><D18/><U110/><E110/><V131/><F131/><W59/><G21/><T61/><D70/><U20/><E130/><V19/><F19/><W128/><G128/><T121/><D121/><U25/><E20/><V71/><F71/><W81/><G86/><T10/><D85/><U78/><E99/><V68/><F4/><W91/><G91/><T74/><D74/><U115/><E97/><V101/><F101/><W127/><G127/><T30/><D69/><U65/><E129/><RYUUKYOKU ba="0,0" sc="357,-10,312,-10,168,30,163,-10" hai2="26,27,48,55,58,66,68,88,92,98" /><INIT seed="6,1,0,2,2,97" ten="347,302,198,153" oya="2" hai0="132,50,46,39,24,102,77,87,43,54,37,116,114" hai1="40,100,14,134,2,7,127,64,112,19,81,103,29" hai2="5,115,83,49,53,42,4,80,20,106,85,27,45" hai3="73,119,118,44,28,98,75,51,10,66,65,104,76"/><V41/><F106/><W67/><G28/><T48/><D132/><U130/><E134/><V117/><F117/><W3/><G3/><T33/><D114/><U96/><E112/><V59/><F115/><W12/><G76/><T32/><D116/><U99/><E127/><V16/><F80/><W18/><G118/><T84/><D102/><U0/><E130/><V126/><F126/><W52/><REACH who="3" step="1"/><G119/><REACH who="3" ten="347,302,198,143" step="2"/><T131/><D131/><U120/><E29/><V135/><F135/><W68/><G68/><T38/><D77/><U30/><E30/><V62/><F42/><W109/><G109/><T63/><D33/><U108/><E40/><V17/><REACH who="2" step="1"/><F17/><REACH who="2" ten="347,302,188,143" step="2"/><W71/><G71/><T61/><D43/><U107/><E19/><V88/><AGARI ba="1,2" hai="4,5,16,20,27,41,45,49,53,59,62,83,85,88" machi="88" ten="20,24000,3" yaku="1,1,2,1,0,1,7,1,8,1,54,2,53,1" doraHai="97" doraHaiUra="22" who="2" fromWho="2" sc="347,-81,302,-81,188,263,143,-81" /><INIT seed="6,2,0,5,4,41" ten="266,221,451,62" oya="2" hai0="107,79,10,121,36,134,130,40,71,118,101,39,131" hai1="55,67,91,56,73,14,109,74,108,112,95,0,114" hai2="3,24,128,100,66,47,126,85,34,96,135,86,26" hai3="133,116,32,57,1,106,31,37,11,111,92,64,12"/><V35/><F3/><W15/><G106/><T53/><D121/><U81/><E0/><V124/><F66/><W99/><G111/><N who="1" m="42570" /><E67/><V29/><F135/><W98/><G116/><T63/><D118/><U117/><E14/><V50/><F128/><N who="0" m="49194" /><D134/><U127/><E117/><V76/><F26/><W9/><G133/><T68/><D79/><U42/><E42/><V113/><F35/><W22/><G37/><N who="0" m="14411" /><D10/><U28/><E28/><V102/><F113/><N who="1" m="43625" /><E81/><V82/><F86/><W89/><G1/><T30/><D40/><U115/><E127/><N who="2" m="48683" /><F96/><W25/><G98/><N who="0" m="61879" /><D30/><U122/><E122/><V132/><F132/><W8/><REACH who="3" step="1"/><G32/><REACH who="3" ten="266,221,451,52" step="2"/><T49/><D63/><AGARI ba="2,1" hai="8,9,11,12,15,22,25,31,57,63,64,89,92,99" machi="63" ten="40,8000,1" yaku="1,1,2,1,8,1,53,1" doraHai="41" doraHaiUra="59" who="3" fromWho="0" sc="266,-86,221,0,451,0,52,96" /><INIT seed="7,0,0,3,5,107" ten="180,221,451,148" oya="3" hai0="75,43,105,47,19,101,41,132,102,4,131,67,124" hai1="62,133,93,128,56,77,125,115,6,28,108,7,82" hai2="9,45,130,68,118,91,12,99,35,74,40,37,112" hai3="57,15,8,83,129,106,87,86,58,16,61,126,39"/><W121/><G121/><T72/><D124/><U66/><E125/><V100/><F118/><W26/><G126/><T96/><D131/><U119/><E108/><V104/><F35/><W127/><G127/><T116/><D116/><U60/><E119/><V117/><F117/><W55/><G129/><T1/><D132/><U36/><E36/><V110/><F110/><W0/><G39/><N who="0" m="21951" /><D19/><U90/><E128/><V29/><F29/><W63/><G106/><N who="0" m="63783" /><D67/><U79/><E115/><V95/><F68/><W114/><G114/><T89/><D89/><U53/><E133/><V59/><F112/><W2/><G26/><T32/><D43/><U20/><E28/><V18/><F130/><W50/><G86/><T51/><D51/><U3/><E20/><V30/><F30/><W76/><REACH who="3" step="1"/><G50/><REACH who="3" ten="180,221,451,138" step="2"/><T69/><D32/><U134/><E134/><V80/><F104/><W11/><G11/><N who="0" m="2447" /><D69/><U48/><E48/><V97/><F37/><W13/><G13/><T113/><D113/><U85/><E85/><V24/><F99/><AGARI ba="0,1" hai="72,75,99,102,105" m="2447,63783,21951" machi="99" ten="30,7700,0" yaku="33,2,52,2" doraHai="107" who="0" fromWho="2" sc="180,87,221,0,451,-77,138,0" owari="267,6.7,221,-17.9,374,47.4,138,-36.2" /></mjloggm>