<mjloggm ver="2.3"><GO type="169" lobby="0"/><UN n0="%E3%81%82%E3%81%9F%E3%81%8B%E3%81%AA" n1="%E6%8C%91%E6%88%A6%E8%80%85%EF%BC%81" n2="%6F%6B%61%62%65%73%68%69" n3="%E7%88%86%E7%89%8C%E3%82%A6%E3%82%B7%E3%82%B8%E3%83%9E%E3%81%8F%E3%82%93" dan="17,17,17,16" rate="2206.69,2205.14,2163.35,2138.63" sx="M,M,M,M"/><TAIKYOKU oya="0"/><INIT seed="0,0,0,1,3,117" ten="250,250,250,250" oya="0" hai0="86,92,57,94,97,102,32,60,20,29,89,81,47" hai1="113,22,35,3,125,104,98,21,95,69,17,134,93" hai2="5,43,126,85,44,129,121,79,124,101,64,114,128" hai3="88,16,42,108,1,90,112,96,33,52,36,27,14"/><T12/><D32/><U115/><E35/><V91/><F64/><W133/><G112/><T77/><D47/><U6/><E69/><V83/><F5/><W110/><G1/><T4/><D4/><U66/><E66/><V23/><F23/><W118/><G118/><T82/><D77/><U51/><E104/><V0/><F0/><W106/><G133/><T2/><D2/><U11/><E134/><V58/><F58/><W61/><G42/><T19/><REACH who="0" step="1"/><D29/><REACH who="0" ten="240,250,250,250" step="2"/><U10/><E115/><V76/><F44/><W73/><G33/><T34/><D34/><U26/><E113/><V59/><F114/><W50/><G36/><T105/><D105/><U54/><E125/><N who="2" m="48235" /><F43/><W24/><G106/><T120/><D120/><U40/><E40/><V49/><F59/><W25/><G73/><T130/><D130/><N who="2" m="50282" /><F49/><W28/><G28/><T127/><D127/><U13/><E3/><V56/><F56/><N who="3" m="34951" /><G50/><T103/><D103/><U84/><E6/><V67/><F67/><AGARI ba="0,1" hai="12,19,20,57,60,67,81,82,86,89,92,94,97,102" machi="67" ten="30,5800,0" yaku="1,1,7,1,8,1,53,0" doraHai="117" doraHaiUra="45" who="0" fromWho="2" sc="240,68,250,0,250,-58,250,0" /><INIT seed="0,1,0,0,1,88" ten="308,250,192,250" oya="0" hai0="117,116,100,69,113,28,39,51,60,1,92,25,91" hai1="31,133,82,34,53,22,5,54,62,112,123,121,57" hai2="56,128,17,18,63,90,24,85,122,52,102,37,97" hai3="48,110,96,42,68,61,76,49,33,8,119,66,3"/><T75/><D113/><U47/><E34/><V78/><F128/><W9/><G119/><T44/><D75/><U114/><E5/><V73/><F122/><N who="1" m="46601" /><E82/><V77/><F37/><W120/><G33/><T41/><D1/><U129/><E22/><V40/><F40/><W11/><G120/><T87/><D100/><U23/><E23/><V72/><F72/><W27/><G3/><T130/><D130/><U32/><E31/><V131/><F131/><W35/><G110/><T46/><D69/><U104/><E32/><V80/><F77/><W124/><G76/><T115/><D115/><N who="1" m="44075" /><E104/><V105/><REACH who="2" step="1"/><F24/><REACH who="2" ten="308,250,182,250" step="2"/><W83/><G27/><T29/><D117/><U135/><E129/><V55/><F55/><W67/><G42/><T126/><D116/><U16/><E16/><V43/><F43/><W65/><G65/><T59/><D25/><U12/><E12/><V64/><F64/><W71/><G67/><N who="0" m="39327" /><D28/><U45/><E53/><V36/><F36/><W19/><G71/><T0/><D29/><U10/><E10/><V111/><F111/><W89/><G11/><T108/><D108/><U127/><E127/><V95/><AGARI ba="1,1" hai="17,18,52,56,63,73,78,80,85,90,95,97,102,105" machi="95" ten="20,12000,2" yaku="1,1,0,1,7,1,24,2,52,1,54,1,53,0" doraHai="88" doraHaiUra="2" who="2" fromWho="2" sc="308,-61,250,-31,182,133,250,-31" /><INIT seed="1,0,0,2,0,89" ten="247,219,315,219" oya="1" hai0="98,66,34,118,8,62,16,15,48,61,101,9,43" hai1="106,76,90,69,121,21,96,19,91,54,56,109,122" hai2="13,114,130,55,67,47,27,81,105,116,29,2,107" hai3="111,38,104,58,36,93,57,134,63,68,60,71,11"/><U128/><E69/><V0/><F116/><W131/><G104/><T83/><D34/><U86/><E128/><V39/><F114/><W135/><G11/><T41/><D118/><U45/><E109/><V51/><F130/><W125/><G93/><N who="0" m="58575" /><D66/><U20/><E45/><V120/><F120/><W40/><G40/><N who="0" m="15435" /><D83/><U5/><E5/><V82/><F0/><W97/><G97/><T113/><D113/><U32/><E32/><V72/><F2/><W79/><G79/><T99/><D99/><U117/><E117/><V33/><F105/><W115/><G131/><T6/><D48/><U73/><E73/><V124/><F39/><W37/><G37/><T7/><D9/><U17/><E106/><V25/><F107/><W12/><G12/><T123/><D123/><U3/><E3/><V59/><F72/><W84/><G84/><T88/><D88/><N who="1" m="33835" /><E96/><V70/><F70/><W24/><G115/><T127/><D127/><U80/><E122/><V112/><F124/><W87/><G87/><T52/><D62/><N who="1" m="36119" /><E121/><V129/><F129/><W42/><G125/><T4/><D7/><U64/><E64/><V22/><F13/><W103/><G36/><T119/><D119/><U65/><E65/><V108/><F108/><W94/><G38/><T44/><D44/><U110/><E110/><V49/><F112/><W26/><G111/><T10/><D10/><U132/><E132/><V74/><F74/><W78/><G71/><T1/><D1/><U30/><E20/><V85/><F85/><W95/><G134/><T133/><D133/><U53/><E53/><N who="2" m="29887" /><F67/><W92/><G135/><RYUUKYOKU ba="0,0" sc="247,10,219,10,315,10,219,-30" hai0="4,6,8,15,16,52,61" hai1="17,19,21,30,76,80,86" hai2="22,25,27,29,33,51,55,59,81,82" /><INIT seed="1,1,0,0,3,50" ten="257,229,325,189" oya="1" hai0="117,39,65,108,135,114,37,23,122,34,26,128,0" hai1="73,20,126,134,60,84,88,115,12,28,118,47,132" hai2="69,18,36,110,100,24,111,74,10,98,68,14,8" hai3="45,92,91,56,3,40,94,21,62,67,42,43,11"/><U93/><E73/><V121/><F121/><W30/><G94/><T1/><RYUUKYOKU type="yao9" ba="1,0" sc="257,0,229,0,325,0,189,0" hai0="0,1,23,26,34,37,39,65,108,114,117,122,128,135" /><INIT seed="1,2,0,2,2,93" ten="257,229,325,189" oya="1" hai0="69,8,78,27,81,99,33,123,43,10,87,39,89" hai1="19,67,68,44,83,114,98,52,88,7,13,58,31" hai2="53,91,73,61,107,111,105,57,62,55,63,122,135" hai3="100,112,47,79,76,0,124,113,18,133,2,4,80"/><U127/><E114/><V71/><F73/><W116/><G124/><T108/><D108/><U128/><E127/><V70/><F91/><W90/><G133/><T23/><D69/><U134/><E134/><V34/><F135/><W59/><G116/><T82/><D33/><U101/><E128/><V115/><F34/><W130/><G100/><T24/><D123/><U110/><E110/><V92/><F111/><W102/><G102/><T109/><D39/><U96/><E31/><V120/><F92/><W125/><G59/><T119/><D43/><U42/><E7/><V64/><F115/><W132/><G4/><T29/><D119/><U60/><E101/><V16/><F107/><W66/><G66/><T15/><D15/><U72/><E72/><V121/><F105/><W1/><G1/><T54/><D54/><N who="2" m="20490" /><F16/><W25/><G132/><T106/><D27/><U17/><E17/><V104/><F104/><W3/><G3/><T45/><D45/><U36/><E88/><V95/><F95/><W35/><G90/><T131/><D131/><U28/><E83/><V41/><F41/><W5/><G18/><T48/><D109/><U103/><E103/><V117/><F117/><W37/><G130/><T11/><D106/><U126/><E28/><V129/><F129/><W38/><G125/><T46/><D82/><U85/><E85/><V40/><F40/><W49/><G80/><T22/><D29/><U32/><E32/><V118/><F118/><W14/><G35/><T50/><D81/><U77/><E126/><V65/><F57/><W20/><G113/><T30/><D89/><RYUUKYOKU ba="2,0" sc="257,-10,229,-10,325,30,189,-10" hai2="61,62,63,64,65,70,71,120,121,122" /><INIT seed="2,3,0,0,3,111" ten="247,219,355,179" oya="2" hai0="41,40,36,19,97,125,65,122,80,114,5,116,67" hai1="0,70,120,30,93,23,124,90,53,39,130,48,73" hai2="99,29,64,106,72,100,91,38,98,43,31,79,6" hai3="56,63,115,28,113,66,77,54,44,103,26,50,131"/><V22/><F64/><W58/><G77/><T4/><D122/><U21/><E39/><V20/><F6/><W108/><G108/><T107/><D36/><U35/><E120/><V55/><F72/><W78/><G78/><T134/><D97/><U68/><E73/><V37/><F79/><W32/><G131/><T14/><D14/><U47/><E0/><V59/><F43/><W13/><G103/><T34/><D34/><U51/><E124/><V7/><F7/><W49/><REACH who="3" step="1"/><G13/><REACH who="3" ten="247,219,355,169" step="2"/><T84/><D125/><U86/><E130/><V118/><F100/><W45/><G45/><T94/><D116/><U92/><E70/><V9/><F91/><W121/><G121/><T52/><D134/><U15/><E68/><V129/><F118/><W17/><G17/><T109/><D19/><U110/><E110/><V75/><F129/><W117/><G117/><T61/><D109/><U101/><E15/><V89/><F89/><W96/><G96/><T81/><D5/><U104/><E90/><V76/><F76/><W88/><G88/><T112/><D4/><U46/><E101/><V69/><F98/><W18/><G18/><T74/><D80/><U71/><E71/><V135/><F99/><W1/><G1/><T27/><D81/><U16/><E46/><V60/><F69/><W2/><G2/><T82/><D82/><U95/><E47/><V57/><F135/><W126/><G126/><T62/><D74/><U33/><E16/><V105/><F75/><W119/><G119/><T83/><D83/><U133/><E133/><V132/><F132/><W85/><G85/><RYUUKYOKU ba="3,1" sc="247,-10,219,-10,355,-10,169,30" hai3="26,28,32,44,49,50,54,56,58,63,66,113,115" /><INIT seed="3,4,1,1,1,132" ten="237,209,345,199" oya="3" hai0="51,11,33,118,47,92,10,5,57,107,45,77,16" hai1="127,25,128,6,105,79,110,59,130,76,17,8,114" hai2="62,115,46,101,123,126,129,108,32,37,44,133,69" hai3="135,68,43,13,28,35,67,78,38,61,14,53,56"/><W22/><G135/><T34/><D107/><U122/><E105/><V4/><RYUUKYOKU type="yao9" ba="4,1" sc="237,0,209,0,345,0,199,0" hai2="4,32,37,44,46,62,69,101,108,115,123,126,129,133" /><INIT seed="3,5,1,5,4,119" ten="237,209,345,199" oya="3" hai0="2,77,79,71,104,43,111,49,127,38,134,20,98" hai1="101,80,85,116,64,57,112,73,103,41,130,107,16" hai2="50,19,129,29,17,22,37,113,93,95,12,33,89" hai3="108,56,13,54,135,60,124,68,58,126,97,26,4"/><W72/><G72/><T5/><D20/><U31/><E112/><V110/><F37/><W46/><G68/><T34/><D49/><U52/><E73/><V39/><F39/><W86/><G135/><T123/><D98/><U81/><E107/><V109/><F113/><W53/><G108/><N who="2" m="41577" /><F129/><W8/><G46/><T84/><D84/><U28/><E41/><V35/><F29/><N who="1" m="11337" /><E64/><V91/><F50/><W83/><G26/><T122/><D5/><U102/><E116/><V36/><F36/><W131/><G131/><T120/><D71/><U87/><E130/><V59/><F59/><W14/><G14/><T44/><D111/><U23/><E80/><V67/><F67/><W94/><G83/><T18/><D2/><U25/><E81/><V0/><F0/><W114/><G86/><T75/><D104/><U65/><E65/><V128/><F128/><W7/><G7/><T133/><D34/><U1/><E1/><V30/><F30/><W47/><G47/><T6/><D75/><U118/><E118/><V76/><F76/><N who="0" m="29258" /><D6/><U90/><E90/><N who="2" m="34315" /><F19/><W125/><G114/><T15/><D134/><U24/><E24/><V61/><F61/><AGARI ba="5,1" hai="16,23,25,52,57,61,85,87,101,102,103" m="11337" machi="61" ten="30,3900,0" yaku="8,1,54,2" doraHai="119" who="1" fromWho="2" sc="237,0,209,64,345,-54,199,0" /><INIT seed="4,0,0,4,3,46" ten="237,273,291,199" oya="0" hai0="84,81,5,122,91,1,93,31,80,11,8,130,16" hai1="15,129,25,43,82,101,9,58,133,48,102,17,33" hai2="6,7,2,77,23,14,19,18,59,71,135,62,47" hai3="106,92,126,96,83,124,28,95,24,69,42,125,109"/><T113/><D113/><U76/><E129/><V37/><F135/><W67/><G109/><T73/><D130/><U131/><E131/><V21/><F71/><W0/><G0/><T34/><D122/><U85/><E133/><V107/><F107/><W90/><G42/><T54/><D73/><U70/><E70/><V29/><F29/><W10/><G10/><T114/><D114/><U51/><E33/><V100/><F100/><N who="1" m="38505" /><E43/><V64/><F2/><W117/><G117/><T132/><D132/><U66/><E25/><V134/><F134/><W94/><G106/><T13/><D34/><U121/><E121/><V4/><F37/><W97/><G83/><T119/><D119/><U79/><E79/><V12/><F47/><W61/><REACH who="3" step="1"/><G90/><REACH who="3" ten="237,273,291,189" step="2"/><T127/><D127/><U57/><E66/><V44/><F77/><W98/><G98/><T27/><D54/><U26/><E26/><V36/><F36/><W108/><G108/><T103/><D103/><U104/><E104/><V68/><F68/><W41/><G41/><T112/><D112/><U78/><E78/><V20/><REACH who="2" step="1"/><F44/><REACH who="2" ten="237,273,281,189" step="2"/><W38/><G38/><T87/><D1/><U75/><E75/><V65/><F65/><W89/><G89/><T3/><D87/><U120/><E120/><V56/><F56/><AGARI ba="0,2" hai="9,15,17,48,51,56,57,58,76,82,85" m="38505" machi="56" ten="30,3900,0" yaku="8,1,52,2" doraHai="46" who="1" fromWho="2" sc="237,0,273,59,281,-39,189,0" /><INIT seed="5,0,0,0,2,8" ten="237,332,242,189" oya="1" hai0="12,24,118,99,53,30,96,31,27,134,120,106,63" hai1="91,0,66,88,20,121,87,76,54,79,105,42,92" hai2="6,21,14,89,4,133,3,44,36,7,11,81,45" hai3="37,49,125,119,74,18,15,47,135,34,59,26,33"/><U115/><E105/><V72/><F133/><W19/><G74/><T129/><D118/><U61/><E121/><V10/><F45/><W107/><G107/><T68/><D134/><U23/><E0/><V50/><F21/><W104/><G104/><T58/><D68/><U75/><E115/><V98/><F98/><W39/><G135/><T85/><D129/><U16/><E42/><V83/><F83/><W29/><G119/><T111/><D111/><U25/><E75/><V97/><F97/><W13/><G59/><T56/><D106/><U62/><E54/><V109/><F109/><W60/><G60/><N who="1" m="23146" /><E66/><V90/><F90/><W123/><G123/><T65/><D120/><U93/><E23/><V22/><F22/><W9/><G34/><T100/><D63/><U77/><E77/><V101/><F101/><W102/><G102/><T113/><D113/><U122/><E122/><V108/><F108/><W116/><G125/><T38/><D53/><U70/><E70/><V130/><F130/><W82/><G82/><T86/><D100/><U131/><E131/><V41/><F50/><W64/><G64/><T69/><D69/><U127/><E127/><V103/><F103/><W48/><G116/><T78/><D65/><U40/><E40/><V95/><F95/><W110/><G110/><T73/><D73/><U67/><E67/><V57/><F57/><W84/><G84/><AGARI ba="0,0" hai="16,20,25,76,79,84,87,88,91,92,93" m="23146" machi="84" ten="30,5800,0" yaku="8,1,54,2" doraHai="8" who="1" fromWho="3" sc="237,0,332,58,242,0,189,-58" /><INIT seed="5,1,0,3,1,44" ten="237,390,242,131" oya="1" hai0="7,62,22,38,43,70,26,52,5,34,85,49,50" hai1="42,60,125,118,75,6,82,107,53,9,87,95,3" hai2="73,48,128,97,46,47,108,18,98,25,132,76,21" hai3="78,27,23,20,119,67,106,121,54,127,123,117,131"/><U28/><E107/><V29/><F108/><W71/><G78/><T24/><D38/><U55/><E118/><N who="3" m="45066" /><G106/><T11/><D34/><U36/><E28/><V31/><F128/><W8/><G67/><T51/><D43/><U65/><E95/><V124/><F124/><W116/><N who="3" m="45074" /><W91/><DORA hai="103" /><G71/><T37/><D37/><U120/><E125/><V88/><F132/><W13/><G91/><T77/><D11/><U1/><E1/><V111/><F46/><W61/><G127/><T114/><D26/><U74/><E120/><N who="3" m="46154" /><G61/><T4/><D114/><U96/><E96/><V58/><F111/><W110/><G110/><T105/><D105/><U30/><E75/><V99/><F58/><W90/><G90/><T135/><D135/><U69/><E74/><V63/><F63/><W89/><G89/><T92/><D92/><U130/><E42/><V33/><F33/><W115/><G54/><T81/><D62/><U134/><E36/><V109/><F109/><W122/><N who="3" m="46162" /><W84/><DORA hai="56" /><G84/><T40/><D40/><U113/><E60/><V102/><F102/><W15/><G115/><T126/><D126/><U57/><E87/><V94/><F76/><W79/><G79/><T39/><D39/><U100/><E113/><V101/><F73/><W2/><G131/><T64/><D70/><U72/><E69/><V93/><REACH who="2" step="1"/><F98/><REACH who="2" ten="237,390,232,131" step="2"/><W66/><G66/><T112/><D112/><U68/><E65/><V80/><F80/><W10/><G2/><T0/><D64/><U35/><E130/><V17/><F17/><N who="3" m="8375" /><G27/><T19/><D0/><U83/><E3/><RYUUKYOKU ba="1,1" sc="237,10,390,-30,232,10,131,10" hai0="4,5,7,19,22,24,49,50,51,52,77,81,85" hai2="18,21,25,29,31,47,48,88,93,94,97,99,101" hai3="8,15,20,23" /><INIT seed="6,2,1,2,5,125" ten="247,360,242,141" oya="2" hai0="29,96,70,109,58,82,39,56,115,46,55,54,69" hai1="124,22,24,33,113,42,37,133,81,78,23,53,80" hai2="89,108,122,32,135,68,92,51,134,67,129,31,126" hai3="101,93,49,120,4,0,128,27,127,91,131,104,64"/><V45/><F122/><W132/><G120/><T57/><D82/><U75/><E124/><V94/><F126/><W47/><G127/><T76/><D96/><U130/><E130/><N who="3" m="49706" /><G64/><T19/><D19/><U52/><E113/><V107/><F107/><W85/><G132/><N who="2" m="50729" /><F129/><W21/><G4/><T119/><D29/><U36/><E133/><V41/><F108/><W110/><G0/><T12/><D12/><U13/><E33/><V30/><F32/><W34/><G34/><T73/><D76/><U121/><E121/><V74/><F74/><W20/><G110/><T6/><D6/><U87/><E36/><V112/><F112/><W72/><G72/><T28/><D28/><N who="2" m="10794" /><F89/><W117/><G117/><T18/><D18/><U11/><E37/><V25/><F25/><W61/><G61/><AGARI ba="2,1" hai="41,45,51,61,67,68,92,94" m="10794,50729" machi="61" ten="30,1500,0" yaku="20,1" doraHai="125" who="2" fromWho="3" sc="247,0,360,0,242,31,141,-21" /><INIT seed="6,3,0,1,4,124" ten="247,360,273,120" oya="2" hai0="79,97,54,81,30,131,39,27,7,119,20,117,3" hai1="99,71,58,65,64,50,75,105,72,88,70,21,134" hai2="77,25,103,5,121,36,95,34,60,115,9,120,132" hai3="8,23,68,24,35,45,87,78,10,123,69,66,129"/><V15/><F36/><W26/><G123/><T73/><D39/><U74/><E134/><V82/><F132/><W118/><G118/><N who="0" m="45067" /><D54/><U100/><E21/><V89/><F115/><W112/><G112/><T61/><D61/><U11/><E11/><V67/><F103/><W63/><G69/><T110/><D110/><U127/><E127/><V52/><F34/><W76/><G35/><T85/><D97/><U133/><E133/><V59/><F25/><W102/><G26/><T90/><D131/><U106/><E106/><V29/><F29/><W53/><G102/><T37/><D37/><U13/><E13/><V0/><F0/><W40/><G53/><T19/><D7/><U116/><E116/><V84/><REACH who="2" step="1"/><F67/><REACH who="2" ten="247,360,263,120" step="2"/><W57/><G66/><T92/><D3/><U135/><E135/><V98/><AGARI ba="3,1" hai="5,9,15,52,59,60,77,82,84,89,95,98,120,121" machi="98" ten="20,18000,2" yaku="1,1,2,1,0,1,7,1,54,1,53,1" doraHai="124" doraHaiUra="55" who="2" fromWho="2" sc="247,-63,360,-63,263,199,120,-63" /><INIT seed="6,4,0,5,0,51" ten="184,297,462,57" oya="2" hai0="19,114,130,34,18,76,124,89,134,105,65,50,95" hai1="33,83,61,109,52,2,111,77,32,4,38,54,9" hai2="74,36,119,107,112,102,24,57,23,17,37,11,28" hai3="116,71,60,14,96,46,84,21,75,26,29,49,115"/><V106/><F119/><W69/><G75/><T44/><D34/><U30/><E38/><V81/><F112/><W127/><G116/><T1/><D1/><U72/><E32/><V62/><F107/><W97/><G127/><T63/><D105/><U132/><E132/><V27/><F106/><W13/><G115/><T121/><D121/><U16/><E61/><V7/><F102/><W85/><G60/><T48/><D114/><U113/><E113/><V110/><F110/><W45/><G21/><T90/><D76/><U10/><E111/><V128/><F128/><W12/><G49/><T99/><D124/><U5/><E109/><V20/><F74/><W25/><REACH who="3" step="1"/><G14/><REACH who="3" ten="184,297,462,47" step="2"/><T133/><D50/><U53/><E33/><V126/><F126/><W91/><G91/><T73/><D73/><U58/><E30/><AGARI ba="4,1" hai="12,13,25,26,29,30,45,46,69,71,84,85,96,97" machi="30" ten="25,3200,0" yaku="1,1,22,2,53,0" doraHai="51" doraHaiUra="118" who="3" fromWho="1" sc="184,0,297,-44,462,0,47,54" /><INIT seed="7,0,0,0,4,84" ten="184,253,462,101" oya="3" hai0="128,83,53,97,114,52,66,115,124,67,18,105,43" hai1="36,58,81,72,9,5,63,85,98,109,2,42,19" hai2="24,129,7,69,121,28,77,44,96,26,101,30,45" hai3="131,51,100,70,40,103,13,49,64,8,99,34,93"/><W20/><G34/><T48/><D124/><U94/><E109/><V33/><F121/><W107/><G131/><T88/><D128/><U4/><E72/><V25/><F129/><W62/><G40/><T12/><D43/><U65/><E36/><V133/><F133/><W35/><G35/><T113/><D105/><U6/><E19/><V108/><F108/><W76/><G76/><T38/><D38/><U90/><E42/><V120/><F120/><W39/><G39/><T31/><D31/><U125/><E125/><V132/><F132/><W59/><G20/><N who="0" m="11335" /><D53/><U29/><E29/><V23/><F69/><W15/><G70/><T75/><D75/><U110/><E110/><V111/><F111/><W61/><G61/><T86/><D97/><U89/><AGARI ba="0,0" hai="2,4,5,6,9,58,63,65,81,85,89,90,94,98" machi="89" ten="20,5200,0" yaku="0,1,7,1,52,2" doraHai="84" who="1" fromWho="1" sc="184,-13,253,52,462,-13,101,-26" owari="171,-22.9,305,10.5,449,54.9,75,-42.5" /></mjloggm>