<mjloggm ver="2.3"><GO type="169" lobby="0"/><UN n0="%E2%97%8E%E3%82%88%E3%81%97%E2%97%8E" n1="%E4%B8%89%E5%B3%B6%E5%85%AB%E9%9B%B2" n2="%E3%81%8A%E3%81%98%E3%81%95%E3%82%93" n3="%E6%99%A8%E6%98%8F%E5%B0%8D%E5%B3%99" dan="16,17,17,17" rate="2148.78,2229.02,2216.27,2206.63" sx="M,M,M,M"/><TAIKYOKU oya="0"/><INIT seed="0,0,0,1,1,129" ten="250,250,250,250" oya="0" hai0="112,26,45,31,56,96,32,7,25,8,30,105,81" hai1="62,29,59,73,94,98,28,111,133,91,46,125,47" hai2="85,67,14,95,108,70,43,114,51,66,16,55,86" hai3="130,127,126,89,110,9,65,60,52,35,18,12,97"/><T0/><BYE who="2" /><D112/><U99/><E73/><V34/><F34/><W121/><G35/><UN n2="%E3%81%8A%E3%81%98%E3%81%95%E3%82%93" /><T27/><D56/><U104/><E111/><V39/><F114/><W19/><G110/><T80/><D45/><U4/><E125/><N who="3" m="47626" /><G130/><T134/><D134/><U87/><E4/><V49/><F108/><W40/><G40/><T132/><D132/><U120/><E120/><V24/><F24/><W93/><G121/><T103/><REACH who="0" step="1"/><D27/><REACH who="0" ten="240,250,250,250" step="2"/><U82/><E133/><V58/><F70/><N who="3" m="42279" /><G52/><T113/><D113/><U78/><E47/><N who="2" m="25855" /><F39/><W124/><N who="3" m="47634" /><W107/><DORA hai="53" /><G107/><T2/><D2/><U57/><E46/><V36/><F36/><W69/><G69/><T68/><D68/><U64/><REACH who="1" step="1"/><E57/><REACH who="1" ten="240,240,250,250" step="2"/><V13/><F58/><W84/><G19/><T79/><D79/><U122/><E122/><V37/><F16/><W48/><G48/><T11/><D11/><U22/><E22/><AGARI ba="0,2" hai="0,7,8,22,25,26,30,31,32,80,81,96,103,105" machi="22" ten="30,5800,0" yaku="1,1,7,1,53,1" doraHai="129,53" doraHaiUra="33,115" who="0" fromWho="1" sc="240,78,240,-58,250,0,250,0" /><INIT seed="0,1,0,4,1,26" ten="318,182,250,250" oya="0" hai0="56,127,78,118,135,88,27,31,15,6,63,57,129" hai1="75,0,98,46,71,126,34,70,100,50,8,5,81" hai2="103,92,69,133,39,20,87,14,10,90,12,131,124" hai3="11,97,65,85,96,28,4,105,48,94,1,13,42"/><T119/><D127/><U107/><E126/><V123/><F124/><W86/><G65/><T134/><D78/><U52/><REACH who="1" step="1"/><E34/><REACH who="1" ten="318,172,250,250" step="2"/><V29/><F123/><W82/><G105/><T38/><D119/><U16/><E16/><V9/><F131/><W33/><G33/><T130/><D118/><U122/><E122/><V108/><F108/><W37/><G37/><T24/><D38/><U18/><E18/><V49/><F39/><W93/><G1/><T51/><D130/><U95/><E95/><V110/><F110/><W128/><G128/><T59/><D129/><U7/><E7/><V89/><F92/><W121/><G93/><T58/><D15/><U73/><E73/><V101/><F14/><W116/><G121/><T99/><D6/><U64/><E64/><V102/><F12/><W117/><G117/><T83/><D134/><U22/><E22/><V91/><F133/><W47/><G116/><T125/><D135/><U43/><E43/><V41/><F20/><W55/><G42/><T17/><D125/><U36/><E36/><V112/><F41/><W84/><G28/><T77/><D31/><U21/><E21/><V79/><F29/><W115/><G94/><N who="0" m="56775" /><D17/><U25/><E25/><V72/><F72/><W3/><G3/><T74/><D51/><U80/><E80/><V54/><F49/><W32/><G32/><T76/><D24/><U67/><E67/><V109/><F109/><W113/><REACH who="3" step="1"/><G82/><REACH who="3" ten="318,172,250,240" step="2"/><T40/><D83/><U111/><E111/><V61/><F101/><W62/><G62/><T19/><D40/><U35/><E35/><V30/><F102/><RYUUKYOKU ba="1,2" sc="318,-15,172,15,250,-15,240,15" hai1="0,5,8,46,50,52,70,71,75,81,98,100,107" hai3="4,11,13,47,48,55,84,85,86,96,97,113,115" /><INIT seed="1,2,2,4,4,91" ten="303,187,235,255" oya="1" hai0="72,49,98,57,17,100,82,108,125,101,22,39,5" hai1="103,31,124,75,24,95,51,55,86,74,23,105,29" hai2="36,15,53,1,4,42,96,80,78,2,134,133,83" hai3="50,122,11,69,114,106,119,21,38,71,135,113,20"/><U45/><E124/><V44/><F96/><W63/><G106/><T112/><D39/><U34/><E105/><V32/><F32/><W97/><G97/><T94/><D112/><N who="3" m="43113" /><G11/><T43/><D125/><U16/><E31/><V130/><F130/><W37/><G122/><T111/><D5/><U76/><E103/><V18/><F53/><W118/><G135/><N who="2" m="51721" /><F4/><W123/><G123/><T28/><D28/><U88/><E76/><V99/><F99/><W61/><G50/><T8/><D8/><U47/><E45/><V70/><F70/><N who="3" m="26635" /><G21/><T54/><D43/><U52/><E55/><V116/><F116/><N who="3" m="44587" /><G20/><T62/><D49/><U121/><E121/><V27/><F27/><AGARI ba="2,2" hai="16,23,24,27,29,34,47,51,52,74,75,86,88,95" machi="27" ten="30,12000,1" yaku="7,1,52,1,54,3" doraHai="91" who="1" fromWho="2" sc="303,0,187,146,235,-126,255,0" /><INIT seed="1,3,0,4,2,2" ten="303,333,109,255" oya="1" hai0="81,7,129,95,82,119,31,0,90,117,114,97,45" hai1="126,109,106,27,122,87,35,98,123,134,121,94,4" hai2="51,132,14,115,52,130,15,20,6,77,57,73,25" hai3="104,102,108,42,68,26,41,71,79,88,128,3,76"/><U135/><E35/><V28/><F130/><W103/><G3/><T34/><D114/><U118/><E27/><V30/><F115/><W39/><G104/><T33/><D129/><U80/><E4/><V62/><F132/><N who="1" m="50729" /><E118/><V116/><F116/><W11/><G39/><T8/><D45/><U22/><E22/><V75/><F30/><W5/><G26/><T18/><D117/><U85/><E126/><V107/><F107/><W47/><G128/><T131/><D119/><U84/><E106/><V58/><F77/><W65/><G11/><T48/><D131/><U46/><E46/><V125/><F125/><W91/><G47/><T111/><D33/><U44/><E44/><V89/><F89/><W105/><G105/><T61/><D34/><U83/><E109/><V72/><REACH who="2" step="1"/><F6/><REACH who="2" ten="303,333,99,255" step="2"/><W127/><G127/><T43/><D31/><U56/><E56/><V38/><F38/><W19/><G5/><T63/><D7/><U53/><E53/><AGARI ba="3,1" hai="14,15,20,25,28,51,52,53,57,58,62,72,73,75" machi="53" ten="40,8000,1" yaku="1,1,54,1,53,2" doraHai="2" doraHaiUra="10" who="2" fromWho="1" sc="303,0,333,-89,99,99,255,0" /><INIT seed="2,0,0,3,3,133" ten="303,244,198,255" oya="2" hai0="102,25,12,101,122,116,21,55,2,56,120,135,16" hai1="123,89,95,33,126,40,107,38,30,46,32,34,53" hai2="100,65,14,80,35,124,109,104,69,27,24,121,10" hai3="47,119,26,4,64,106,59,29,96,58,81,15,63"/><V134/><F121/><W75/><G119/><T108/><D135/><U51/><E107/><V92/><F134/><W45/><G59/><T36/><D2/><U42/><E123/><V48/><F104/><W76/><G4/><T68/><D36/><U85/><E42/><V99/><F35/><W130/><G15/><T66/><D108/><U70/><E70/><V50/><F109/><W115/><G130/><T113/><D113/><U57/><REACH who="1" step="1"/><E126/><REACH who="1" ten="303,234,198,255" step="2"/><V93/><F124/><W125/><G125/><T128/><D120/><U72/><E72/><V84/><F69/><W98/><G115/><T39/><D122/><U11/><E11/><V105/><F105/><W60/><G106/><T28/><D128/><U17/><E17/><N who="2" m="8407" /><F65/><W19/><G19/><T114/><D114/><U112/><E112/><V62/><F93/><W61/><G64/><T73/><D73/><U83/><E83/><V118/><F118/><W117/><G117/><T131/><D131/><U7/><E7/><V54/><F62/><W91/><G61/><T110/><D68/><U44/><E44/><N who="2" m="27911" /><F50/><W22/><G63/><T79/><D110/><U71/><E71/><V52/><F52/><N who="3" m="33863" /><G47/><T13/><D116/><U8/><E8/><V41/><F41/><W3/><G45/><T90/><D39/><U23/><E23/><V49/><F49/><W43/><G43/><T20/><D66/><U31/><AGARI ba="0,1" hai="30,31,32,33,34,38,40,46,51,53,57,85,89,95" machi="31" ten="40,2700,0" yaku="1,1,0,1,53,0" doraHai="133" doraHaiUra="5" who="1" fromWho="1" sc="303,-7,234,37,198,-13,255,-7" /><INIT seed="3,0,0,3,1,107" ten="296,271,185,248" oya="3" hai0="128,18,32,31,27,28,42,14,17,91,99,82,47" hai1="86,110,70,116,46,25,132,34,3,1,118,73,8" hai2="58,7,20,90,88,120,11,125,40,56,81,134,37" hai3="61,49,109,104,78,63,101,60,106,79,16,45,0"/><W38/><G0/><N who="1" m="74" /><E86/><V50/><F125/><W80/><G38/><T19/><D128/><U83/><E46/><N who="2" m="25927" /><F134/><W94/><G109/><T29/><D14/><U87/><E87/><N who="2" m="50287" /><F120/><W4/><G4/><T6/><D6/><U59/><E59/><N who="2" m="22571" /><F37/><W100/><G104/><T48/><REACH who="0" step="1"/><D82/><REACH who="0" ten="286,271,185,248" step="2"/><U123/><E83/><V53/><F7/><W23/><G80/><T68/><D68/><U52/><E70/><V5/><F5/><W72/><G106/><T93/><AGARI ba="0,1" hai="17,18,19,27,28,29,31,32,42,47,48,91,93,99" machi="93" ten="30,4000,0" yaku="1,1,0,1,53,1" doraHai="107" doraHaiUra="21" who="0" fromWho="0" sc="286,50,271,-10,185,-10,248,-20" /><INIT seed="4,0,0,2,1,0" ten="336,261,175,228" oya="0" hai0="58,26,127,31,125,44,126,78,21,42,3,110,101" hai1="108,120,77,70,71,63,87,85,112,84,94,27,39" hai2="18,13,98,130,69,107,28,93,129,113,22,75,41" hai3="105,72,4,121,60,10,33,109,91,111,66,49,123"/><T64/><D110/><N who="3" m="41993" /><G49/><T36/><D3/><U52/><E108/><V7/><F113/><W74/><G91/><T83/><D101/><U1/><E120/><N who="3" m="46154" /><G105/><T17/><D31/><U61/><E1/><V47/><F75/><W20/><G20/><T122/><D122/><U5/><E39/><V134/><F134/><W73/><G33/><T16/><D17/><U2/><E77/><V68/><F107/><W53/><G53/><T104/><D104/><U55/><E55/><V117/><F117/><W133/><G133/><T97/><D97/><U56/><E63/><V114/><F114/><W23/><G23/><T25/><D25/><U100/><E27/><V115/><F115/><W11/><G4/><T59/><REACH who="0" step="1"/><D64/><REACH who="0" ten="326,261,175,228" step="2"/><U40/><E112/><V6/><F28/><W48/><G48/><T43/><D43/><U88/><E40/><V128/><F69/><AGARI ba="0,1" hai="10,11,60,66,69,72,73,74" m="46154,41993" machi="69" ten="40,1300,0" yaku="13,1" doraHai="0" who="3" fromWho="2" sc="326,0,261,0,175,-13,228,23" /><INIT seed="5,0,0,0,2,113" ten="326,261,162,251" oya="1" hai0="51,97,81,10,58,72,70,108,118,88,60,34,61" hai1="32,86,38,8,59,56,28,66,68,1,132,109,90" hai2="55,36,110,104,7,124,126,73,99,33,12,65,133" hai3="89,77,69,80,42,11,114,52,43,128,16,48,35"/><U94/><E38/><V116/><F33/><W121/><G69/><T47/><D34/><U129/><E129/><V127/><F110/><W85/><G35/><T79/><D108/><U26/><E109/><V91/><F36/><W13/><G114/><T107/><D70/><U106/><E132/><V123/><F123/><W5/><G121/><T41/><D118/><U115/><E115/><V9/><F73/><W117/><G117/><T131/><D131/><U0/><E106/><V92/><F133/><W53/><G53/><T57/><D10/><U14/><E68/><V96/><F55/><W120/><G120/><T40/><D40/><N who="3" m="15401" /><G128/><T46/><D46/><U74/><E74/><V64/><REACH who="2" step="1"/><F116/><REACH who="2" ten="326,261,152,251" step="2"/><W24/><G24/><T4/><D72/><U27/><E26/><V15/><F15/><W39/><G39/><T102/><D41/><U76/><E14/><V37/><F37/><W63/><G63/><T135/><D60/><U49/><E27/><V84/><F84/><W122/><G122/><T45/><D61/><U100/><E86/><V111/><F111/><W95/><G52/><T105/><D135/><U71/><E32/><V62/><F62/><W30/><G48/><T78/><D51/><U25/><E25/><V87/><F87/><N who="3" m="52671" /><G30/><T19/><D97/><U83/><E28/><V3/><F3/><W18/><AGARI ba="0,1" hai="5,11,13,16,18,77,80,85" m="52671,15401" machi="18" ten="30,2000,0" yaku="8,1,54,1" doraHai="113" who="3" fromWho="3" sc="326,-5,261,-10,152,-5,251,30" /><INIT seed="6,0,0,2,3,105" ten="321,251,147,281" oya="2" hai0="79,75,11,108,54,122,21,78,85,96,3,22,102" hai1="119,82,69,61,45,68,51,107,58,12,34,47,135" hai2="20,36,15,74,91,109,62,48,70,72,133,101,66" hai3="25,114,103,32,7,9,93,132,106,39,37,128,8"/><V23/><F36/><N who="3" m="13899" /><G93/><T76/><D108/><U112/><E107/><V56/><F109/><W95/><G95/><T30/><D122/><U81/><E34/><V123/><F123/><W94/><G94/><T50/><D85/><U18/><E119/><V4/><F101/><W55/><G55/><T0/><D75/><U115/><E135/><V44/><F133/><W84/><G84/><T24/><D22/><U33/><E33/><V43/><F91/><W134/><G9/><T64/><D64/><U88/><E69/><V87/><F87/><W131/><G114/><N who="1" m="43562" /><E68/><V92/><F92/><W73/><G73/><T40/><D40/><N who="1" m="24999" /><E47/><V57/><F23/><W129/><G32/><T59/><D11/><N who="1" m="6431" /><E88/><V89/><F89/><W28/><G28/><T17/><D30/><U116/><E116/><V19/><F57/><W63/><G25/><T100/><D96/><U125/><E125/><V118/><F118/><W130/><N who="3" m="32768" /><DORA hai="60" /><W77/><G77/><T111/><D111/><U71/><E71/><V113/><F113/><W29/><G29/><T121/><D121/><U41/><E41/><V27/><REACH who="2" step="1"/><F56/><REACH who="2" ten="321,251,137,281" step="2"/><W6/><G103/><T35/><D35/><U10/><E10/><AGARI ba="0,1" hai="4,10,15,19,20,27,43,44,48,62,66,70,72,74" machi="10" ten="40,18000,2" yaku="1,1,2,1,52,3,53,1" doraHai="105,60" doraHaiUra="14,98" who="2" fromWho="1" sc="321,0,251,-180,137,190,281,0" /><INIT seed="6,1,0,4,4,18" ten="321,71,327,281" oya="2" hai0="75,105,67,104,4,118,133,13,56,38,15,106,73" hai1="93,71,26,85,3,117,6,46,109,100,49,63,59" hai2="61,88,83,89,52,7,25,14,33,116,36,98,37" hai3="95,60,132,110,58,44,43,2,129,96,120,102,119"/><V81/><F116/><W48/><G2/><T115/><D38/><U53/><E117/><V8/><F37/><W19/><G110/><T1/><D118/><U11/><E109/><V124/><F36/><W122/><G119/><T10/><D115/><U72/><E72/><V79/><F124/><W34/><G132/><T130/><D133/><U82/><E71/><V112/><F112/><W57/><G34/><T17/><D130/><U42/><E3/><V78/><F33/><W32/><G32/><T31/><D31/><U97/><E11/><V123/><F25/><W28/><G28/><T114/><D114/><U135/><E135/><V65/><F65/><W76/><G129/><T40/><D40/><U111/><E111/><V16/><F7/><W90/><G76/><N who="2" m="29225" /><F123/><W92/><G19/><T51/><D1/><U80/><E6/><V12/><F12/><W101/><G58/><T74/><D67/><U54/><E85/><V86/><F98/><W45/><G45/><T113/><D113/><U126/><E126/><V9/><F9/><W24/><G24/><T23/><REACH who="0" step="1"/><D73/><REACH who="0" ten="311,71,327,281" step="2"/><U47/><REACH who="1" step="1"/><E26/><REACH who="1" ten="311,61,327,281" step="2"/><V91/><F86/><N who="3" m="52311" /><G122/><T69/><D69/><U41/><E41/><V99/><F99/><W29/><G120/><T20/><D20/><U64/><E64/><V5/><F5/><W55/><G29/><T134/><D134/><U30/><E30/><V107/><F8/><W87/><G87/><T62/><D62/><U66/><E66/><V27/><F61/><W39/><G39/><AGARI ba="1,2" hai="39,42,46,47,49,53,54,59,63,80,82,93,97,100" machi="39" ten="30,3900,0" yaku="1,1,7,1,53,1" doraHai="18" doraHaiUra="68" who="1" fromWho="3" sc="311,0,61,62,327,0,281,-42" /><INIT seed="7,0,0,0,3,3" ten="311,123,327,239" oya="3" hai0="42,109,79,95,48,34,2,51,38,9,123,4,129" hai1="32,67,56,98,113,91,107,126,1,45,59,102,40" hai2="58,13,71,61,28,121,118,55,125,120,104,47,14" hai3="99,72,82,135,54,116,128,64,119,94,74,7,46"/><W21/><G135/><T103/><D123/><N who="2" m="47178" /><F118/><W33/><G33/><T93/><D109/><U131/><E113/><V43/><F125/><W36/><G128/><T11/><D34/><U105/><E126/><V19/><F104/><W88/><G64/><T50/><D129/><U68/><E131/><V108/><F108/><W75/><G21/><T31/><D31/><U83/><E107/><V35/><F71/><W85/><G54/><T92/><D11/><U66/><E1/><V117/><F117/><W80/><G80/><T101/><REACH who="0" step="1"/><D79/><REACH who="0" ten="301,123,327,239" step="2"/><U52/><E32/><V110/><F110/><W23/><G23/><T96/><D96/><U81/><E91/><V27/><F19/><W63/><G63/><T65/><D65/><U41/><E66/><V122/><F122/><W76/><REACH who="3" step="1"/><G7/><REACH who="3" ten="301,123,327,229" step="2"/><T130/><D130/><U70/><E67/><V37/><AGARI ba="0,2" hai="13,14,27,28,35,37,43,47,55,58,61" m="47178" machi="37" ten="30,1100,0" yaku="13,1" doraHai="3" who="2" fromWho="2" sc="301,-3,123,-3,327,31,229,-5" owari="298,9.8,120,-38.0,358,45.8,224,-17.6" /></mjloggm>