<mjloggm ver="2.3"><GO type="169" lobby="0"/><UN n0="%E3%81%9D%E3%82%93%E3%81%97%E6%A7%98" n1="%E3%82%AB%E3%83%AB%E3%83%94%E3%82%B9%E3%82%B5%E3%83%AF%E3%83%BC" n2="%47%68%6F%73%74%55%30" n3="%E3%83%A8%E3%83%BC%E3%83%BB%E3%83%9E%E3%82%A4%E3%82%AB" dan="17,17,16,17" rate="2232.51,2220.20,2120.29,2195.11" sx="M,M,M,M"/><TAIKYOKU oya="0"/><INIT seed="0,0,0,0,2,89" ten="250,250,250,250" oya="0" hai0="101,118,60,85,81,2,39,79,103,44,21,104,84" hai1="63,34,47,76,66,40,78,80,13,41,91,69,92" hai2="125,110,1,20,28,71,22,64,12,46,14,112,55" hai3="38,26,9,8,82,98,33,102,48,127,5,16,35"/><T27/><D118/><U29/><E13/><V4/><F64/><W6/><G38/><T87/><D2/><U31/><E34/><N who="3" m="12810" /><G82/><T73/><D104/><U18/><E18/><N who="2" m="10311" /><F71/><W116/><G98/><T7/><D7/><N who="3" m="2569" /><G48/><T3/><D3/><U70/><E70/><V51/><F112/><W111/><G102/><T93/><D60/><U25/><E25/><N who="2" m="16439" /><F125/><W122/><G116/><T43/><REACH who="0" step="1"/><D93/><REACH who="0" ten="240,250,250,250" step="2"/><U75/><E92/><V124/><F4/><W131/><G122/><T108/><D108/><U19/><E63/><V105/><F110/><W59/><G111/><T36/><D36/><U94/><E94/><V129/><F1/><W74/><G127/><T32/><D32/><U30/><E69/><V97/><F124/><W62/><G62/><T126/><D126/><U17/><E66/><V11/><F105/><W120/><G120/><T52/><D52/><U132/><E41/><V15/><F55/><W90/><G131/><T130/><D130/><U57/><E40/><V23/><F129/><W49/><G49/><T77/><D77/><U68/><E78/><V42/><F51/><W0/><G0/><T56/><D56/><U37/><E57/><V58/><F58/><W115/><G59/><T113/><D113/><U135/><E68/><V100/><F42/><W123/><G123/><T45/><D45/><U24/><E47/><V128/><F46/><W67/><G115/><T119/><D119/><U61/><E37/><V86/><F128/><W121/><G121/><T54/><D54/><U107/><E107/><V133/><F11/><N who="3" m="4171" /><G67/><T96/><D96/><U72/><E61/><RYUUKYOKU ba="0,1" sc="240,30,250,-10,250,-10,250,-10" hai0="21,27,39,43,44,73,79,81,84,85,87,101,103" /><INIT seed="0,1,1,2,3,44" ten="270,240,240,240" oya="0" hai0="0,134,43,52,26,112,62,99,91,87,8,73,118" hai1="88,23,10,128,130,47,72,29,21,90,24,77,53" hai2="97,74,70,111,123,106,41,18,32,48,42,31,115" hai3="85,94,13,39,7,40,2,135,63,129,38,46,93"/><T35/><D112/><U68/><E68/><V102/><F115/><W81/><G129/><N who="1" m="49770" /><E10/><V60/><F18/><W3/><G135/><T132/><D118/><U49/><E21/><V98/><F74/><W109/><G109/><T36/><D73/><U64/><E64/><N who="2" m="41223" /><F97/><W117/><G117/><T82/><D43/><U69/><E69/><V25/><F123/><W56/><G39/><T50/><D36/><U71/><E71/><V78/><F78/><W105/><G105/><T75/><D62/><U14/><E14/><V5/><F5/><W92/><G13/><T133/><D75/><U11/><E11/><V45/><F111/><W114/><G114/><T57/><D99/><U66/><E66/><V103/><F103/><W120/><G7/><N who="0" m="1127" /><D26/><U65/><E65/><V116/><F116/><W104/><G104/><T58/><D58/><U1/><E1/><V19/><F19/><W54/><REACH who="3" step="1"/><G120/><REACH who="3" ten="270,240,240,230" step="2"/><T84/><D84/><U76/><E72/><V100/><F100/><W80/><G80/><N who="0" m="49639" /><D35/><U27/><E27/><V20/><F20/><W110/><G110/><T17/><D17/><U15/><E15/><V34/><F34/><W124/><G124/><T4/><D4/><U61/><E23/><V96/><F96/><W9/><G9/><T131/><D131/><U37/><E24/><V101/><F101/><W113/><G113/><T51/><D82/><U28/><E37/><V30/><F30/><W86/><G86/><T122/><D122/><U55/><E28/><V127/><F127/><W89/><AGARI ba="1,2" hai="2,3,38,40,46,54,56,63,81,85,89,92,93,94" machi="89" ten="30,2000,0" yaku="1,1,0,1,53,0" doraHai="44" doraHaiUra="12" who="3" fromWho="3" sc="270,-11,240,-6,240,-6,230,43" /><INIT seed="1,0,0,0,5,129" ten="259,234,234,273" oya="1" hai0="114,2,11,48,91,49,8,111,103,42,80,126,128" hai1="85,46,100,102,39,0,94,120,78,44,130,1,115" hai2="98,35,41,135,14,131,38,58,110,56,97,32,12" hai3="23,93,7,70,134,88,31,37,4,92,75,118,99"/><U122/><E130/><V57/><F131/><W87/><G70/><T29/><D111/><U123/><E115/><V59/><F41/><W95/><G75/><T5/><D126/><U51/><E39/><V18/><F38/><W79/><G37/><T30/><D114/><U125/><E125/><V60/><F110/><W22/><G118/><T21/><D103/><U25/><E25/><V3/><F3/><W107/><G107/><T71/><D71/><U63/><E63/><V9/><F135/><W27/><G134/><T28/><D128/><U69/><E69/><V86/><F86/><W90/><G79/><T6/><D21/><U72/><E72/><V66/><REACH who="2" step="1"/><F12/><REACH who="2" ten="259,234,224,273" step="2"/><W13/><G95/><T67/><D42/><U73/><E94/><V74/><F74/><W101/><G101/><T132/><D132/><U108/><E73/><V119/><F119/><W34/><G34/><AGARI ba="0,1" hai="9,14,18,32,34,35,56,57,58,59,60,66,97,98" machi="34" ten="40,2600,0" yaku="1,1,53,1" doraHai="129" doraHaiUra="10" who="2" fromWho="3" sc="259,0,234,0,224,36,273,-26" /><INIT seed="2,0,0,3,1,100" ten="259,234,260,247" oya="2" hai0="133,0,132,33,81,34,82,76,66,5,73,134,50" hai1="55,37,91,46,18,45,97,79,105,107,1,121,65" hai2="108,26,98,9,83,94,118,71,29,70,86,114,10" hai3="32,27,104,57,131,85,44,87,111,135,77,53,39"/><V129/><F114/><W6/><G111/><T14/><D14/><U48/><E1/><V38/><F118/><W30/><G131/><T40/><D66/><U24/><E121/><V21/><F38/><W16/><G135/><T109/><D109/><U102/><E79/><V96/><F108/><W59/><G104/><T106/><D81/><U43/><E91/><V110/><F110/><W90/><G6/><T22/><D22/><U128/><E128/><V99/><F94/><W126/><G126/><T20/><D20/><U120/><E120/><V8/><REACH who="2" step="1"/><F129/><REACH who="2" ten="259,234,250,247" step="2"/><W84/><G39/><T112/><D112/><U122/><E122/><V52/><F52/><W7/><G77/><AGARI ba="0,1" hai="8,9,10,21,26,29,70,71,77,83,86,96,98,99" machi="77" ten="40,2000,0" yaku="1,1,53,0" doraHai="100" doraHaiUra="54" who="2" fromWho="3" sc="259,0,234,0,250,30,247,-20" /><INIT seed="2,1,0,5,3,65" ten="259,234,280,227" oya="2" hai0="96,83,5,45,10,101,99,98,30,23,104,43,1" hai1="132,79,29,52,108,50,46,71,80,114,69,42,64" hai2="76,66,68,26,62,107,103,123,56,16,117,84,12" hai3="75,87,44,15,11,90,89,60,20,58,35,105,73"/><V24/><F117/><W28/><G105/><T32/><D32/><U38/><E114/><V125/><F123/><W59/><G35/><T94/><D30/><U91/><E108/><V118/><F118/><W106/><G106/><T81/><D23/><U116/><E116/><V128/><F128/><W61/><G44/><T47/><D47/><U109/><E109/><V70/><F103/><W13/><G87/><T49/><REACH who="0" step="1"/><D96/><REACH who="0" ten="249,234,280,227" step="2"/><U2/><E29/><V72/><F125/><W92/><G28/><T17/><D17/><U126/><E126/><V36/><F36/><W77/><G20/><T124/><D124/><U122/><E122/><V18/><F18/><W78/><REACH who="3" step="1"/><G92/><REACH who="3" ten="249,234,280,217" step="2"/><T86/><D86/><U115/><E46/><V54/><F84/><W37/><G37/><T57/><D57/><U3/><E38/><V97/><F56/><W100/><G100/><AGARI ba="1,2" hai="1,5,10,43,45,49,81,83,94,98,99,100,101,104" machi="100" ten="30,2000,0" yaku="1,1,7,1,53,0" doraHai="65" doraHaiUra="53" who="0" fromWho="3" sc="249,43,234,0,280,0,217,-23" /><INIT seed="3,0,0,4,0,0" ten="292,234,280,194" oya="3" hai0="77,64,3,68,49,5,115,22,106,51,121,8,6" hai1="4,129,98,36,44,12,102,122,10,35,108,113,61" hai2="15,126,67,91,38,92,99,54,29,17,96,127,100" hai3="132,109,81,37,66,9,69,119,70,79,111,117,135"/><W14/><G37/><T45/><D121/><U133/><E122/><V73/><F38/><W105/><G105/><T30/><D106/><U114/><E35/><V71/><F73/><W118/><G81/><T58/><D68/><N who="3" m="26217" /><G79/><T32/><D32/><U110/><E129/><V31/><F71/><W85/><G85/><T65/><D115/><U20/><E133/><N who="3" m="51274" /><G66/><N who="0" m="25707" /><D3/><U76/><E76/><V18/><F67/><W89/><G89/><T50/><D77/><U107/><E113/><V60/><F91/><W75/><G75/><T87/><D8/><U94/><E114/><V46/><F92/><W53/><G53/><N who="0" m="32047" /><D87/><U57/><E107/><V52/><F100/><W123/><G123/><T112/><D112/><U124/><E102/><V42/><F42/><W41/><G41/><N who="0" m="24879" /><D51/><U2/><E36/><V28/><F99/><W93/><G93/><T116/><D116/><N who="3" m="29697" /><W39/><DORA hai="90" /><G39/><T72/><D72/><U24/><E98/><V82/><F96/><W56/><G56/><T128/><D128/><U26/><E57/><V74/><F74/><W83/><G83/><T48/><D48/><U7/><E94/><V130/><F82/><W43/><G43/><T104/><D104/><U19/><E10/><V120/><F120/><W88/><G88/><T34/><D34/><U55/><E20/><V84/><F84/><W33/><G33/><T59/><D59/><U86/><E86/><V40/><F130/><W1/><G1/><T13/><D30/><U78/><E78/><V95/><F95/><W101/><G101/><T11/><D22/><U97/><E97/><V25/><F40/><RYUUKYOKU ba="0,0" sc="292,15,234,-15,280,-15,194,15" hai0="5,6,11,13" hai3="9,14,109,111" /><INIT seed="3,1,0,0,5,70" ten="307,219,265,209" oya="3" hai0="66,44,12,84,105,127,75,5,120,94,33,83,85" hai1="69,117,80,107,47,76,4,46,8,62,35,30,74" hai2="21,63,48,29,134,114,7,3,135,61,97,126,50" hai3="54,113,6,11,19,39,125,51,58,40,60,96,32"/><W10/><G113/><T16/><D120/><U86/><E107/><V43/><F114/><W109/><G125/><T121/><D121/><U34/><E117/><V52/><F126/><W132/><G132/><N who="2" m="50729" /><F3/><W110/><G32/><T71/><D105/><U64/><E74/><V122/><F7/><W2/><G96/><T27/><D5/><U89/><E76/><V129/><F122/><W112/><G112/><T111/><D111/><N who="3" m="42505" /><G10/><T101/><D101/><U59/><E69/><V130/><F97/><W78/><G78/><T24/><D71/><U22/><E34/><V92/><F21/><W14/><G51/><N who="2" m="19497" /><F29/><W56/><G58/><T108/><D33/><U68/><E68/><V88/><F43/><W65/><G54/><T95/><D127/><U118/><E35/><V72/><F72/><W1/><G6/><T49/><D75/><U28/><E118/><V90/><F63/><W38/><G40/><T17/><D49/><U99/><E99/><N who="2" m="57735" /><F90/><W133/><G133/><T37/><D108/><U20/><E22/><V115/><F115/><W18/><G19/><T13/><D17/><U41/><E41/><V93/><F93/><W116/><G116/><T79/><D16/><U119/><E119/><V23/><F23/><W36/><AGARI ba="1,0" hai="1,2,11,14,18,36,38,39,56,60,65" m="42505" machi="36" ten="40,12000,1" yaku="14,1,10,1,52,3" doraHai="70" who="3" fromWho="3" sc="307,-41,219,-41,265,-41,209,123" /><INIT seed="3,2,0,2,1,91" ten="266,178,224,332" oya="3" hai0="5,83,110,65,116,129,18,56,53,103,99,74,68" hai1="2,4,123,55,93,98,38,108,78,90,114,10,115" hai2="39,96,8,85,102,130,71,6,104,73,61,107,40" hai3="21,97,87,125,3,24,11,82,77,119,94,127,0"/><W76/><G119/><T131/><D116/><U109/><E123/><V122/><F73/><W45/><G77/><N who="0" m="44471" /><D110/><N who="1" m="42603" /><E38/><V132/><F85/><W81/><G82/><T62/><D5/><U13/><E78/><V95/><F132/><W92/><G45/><T19/><D68/><U26/><E26/><V69/><F130/><N who="0" m="49674" /><D65/><U89/><E55/><V28/><F28/><W16/><G11/><T63/><D63/><U111/><N who="1" m="42611" /><U64/><DORA hai="128" /><E64/><V44/><F122/><W120/><G120/><T58/><D58/><U41/><E41/><V22/><F61/><W50/><G50/><T105/><AGARI ba="2,0" hai="18,19,53,56,62,99,103,105" m="49674,44471" machi="105" ten="30,1100,0" yaku="19,1" doraHai="91,128" who="0" fromWho="0" sc="266,17,178,-5,224,-5,332,-7" /><INIT seed="4,0,0,1,4,107" ten="283,173,219,325" oya="0" hai0="4,69,22,106,134,21,119,82,20,42,79,130,127" hai1="90,16,26,62,40,71,17,45,6,64,111,110,113" hai2="128,61,78,129,104,58,3,34,54,81,121,86,8" hai3="77,76,23,39,19,102,15,80,47,99,49,41,114"/><T18/><D119/><U120/><E120/><V1/><F121/><W123/><G123/><T24/><D69/><U11/><E113/><V117/><F104/><W72/><G114/><T43/><D106/><U97/><E97/><V12/><F34/><W133/><G133/><T98/><D134/><U7/><E90/><V83/><F117/><W66/><G66/><T135/><D135/><U37/><E6/><V91/><F129/><W38/><G76/><T122/><D122/><U125/><E125/><V53/><F53/><W52/><G41/><T101/><D4/><U116/><E116/><V63/><F63/><W88/><G88/><T70/><D70/><U0/><REACH who="1" step="1"/><E26/><REACH who="1" ten="283,163,219,325" step="2"/><V27/><F27/><W124/><G124/><T48/><D127/><U28/><E28/><V131/><F128/><W30/><G30/><T5/><D5/><U126/><E126/><V75/><F131/><W25/><G25/><T103/><D98/><U50/><E50/><V105/><F105/><AGARI ba="0,1" hai="15,19,23,38,39,47,49,52,72,77,80,99,102,105" machi="105" ten="30,3900,0" yaku="7,1,52,1,54,1" doraHai="107" who="3" fromWho="2" sc="283,0,163,0,219,-39,325,49" /><INIT seed="5,0,0,1,1,72" ten="283,163,180,374" oya="1" hai0="44,134,119,4,77,1,0,25,32,105,100,48,80" hai1="47,19,125,135,54,97,69,120,104,31,102,118,112" hai2="29,6,40,83,73,116,10,122,88,61,14,41,84" hai3="5,71,70,57,26,91,94,33,131,123,96,23,101"/><U115/><E118/><V127/><F122/><W53/><G33/><T16/><D119/><U12/><E120/><V46/><F116/><W92/><G123/><T114/><D114/><N who="1" m="43563" /><E69/><V42/><F127/><W49/><G131/><T37/><D37/><U35/><E135/><V11/><F29/><W67/><G5/><T68/><D68/><U86/><E125/><V51/><F61/><W66/><G70/><T128/><D4/><U64/><E64/><V132/><F132/><W74/><G74/><T43/><D32/><U76/><E31/><V99/><F73/><W9/><G9/><T39/><D39/><U2/><E2/><V109/><F109/><W117/><G71/><T98/><D128/><U7/><E7/><V113/><F113/><W108/><G108/><T56/><D134/><U130/><E35/><V78/><F10/><W36/><G36/><T21/><D56/><U27/><E27/><V13/><F13/><W126/><G117/><T15/><D25/><U103/><E103/><V63/><F63/><W24/><G24/><T79/><REACH who="0" step="1"/><D80/><REACH who="0" ten="273,163,180,374" step="2"/><N who="1" m="47367" /><E130/><V30/><F30/><N who="3" m="17759" /><G126/><T87/><D87/><AGARI ba="0,1" hai="49,53,57,66,67,87,91,92,94,96,101" m="17759" machi="87" ten="30,1000,0" yaku="8,1" doraHai="72" who="3" fromWho="0" sc="273,-10,163,0,180,0,374,20" /><INIT seed="6,0,0,1,4,41" ten="263,163,180,394" oya="2" hai0="96,55,54,125,29,19,85,69,103,58,117,133,97" hai1="53,4,102,59,70,49,17,42,13,32,82,83,72" hai2="112,22,90,108,107,2,80,23,36,73,118,56,6" hai3="84,30,126,87,105,63,0,71,62,25,122,116,61"/><V129/><F118/><W20/><G116/><T95/><D69/><U1/><E32/><V111/><F107/><W7/><G105/><T86/><D29/><U11/><E72/><V64/><F36/><W75/><G75/><T78/><D78/><U60/><E102/><V101/><F101/><W88/><G122/><T65/><D65/><U124/><E124/><V40/><F40/><W94/><G126/><T89/><D133/><U31/><E31/><V14/><F2/><W113/><G113/><T130/><D130/><U123/><E123/><V15/><F129/><W110/><G110/><N who="2" m="42025" /><F90/><N who="3" m="53575" /><G0/><T39/><D39/><U68/><E68/><V44/><F112/><W109/><G71/><T115/><D115/><U77/><E77/><N who="2" m="44079" /><F44/><W50/><G109/><T93/><D117/><U16/><E70/><V66/><F66/><W98/><G50/><N who="0" m="31063" /><D55/><U52/><E42/><V46/><F46/><W3/><G3/><T91/><D91/><U9/><E17/><V76/><F76/><W21/><G7/><T38/><D38/><U48/><E60/><N who="2" m="37895" /><F6/><W33/><G98/><T106/><D125/><U119/><E119/><V34/><F34/><W100/><G100/><T45/><D106/><U18/><E18/><V104/><F104/><W99/><G99/><T37/><D19/><U127/><E127/><V43/><F43/><W114/><G114/><T67/><D67/><U92/><E92/><V79/><F79/><W27/><G33/><T132/><D132/><U12/><E1/><V120/><F120/><W24/><G30/><T51/><D37/><U47/><AGARI ba="0,0" hai="4,9,11,12,13,16,47,48,49,52,53,59,82,83" machi="47" ten="20,12000,2" yaku="0,1,7,1,8,1,52,1,54,2" doraHai="41" who="1" fromWho="1" sc="263,-30,163,120,180,-60,394,-30" /><INIT seed="7,0,0,5,2,17" ten="233,283,120,364" oya="3" hai0="86,4,99,53,37,23,101,9,81,56,111,29,134" hai1="13,125,133,54,40,74,57,25,127,89,95,64,100" hai2="132,126,60,42,46,34,10,96,113,43,124,3,36" hai3="67,68,106,122,128,12,118,83,5,7,49,123,72"/><W76/><G118/><T63/><D134/><U121/><E121/><V115/><F34/><W20/><G128/><T1/><D37/><U120/><E120/><V52/><F3/><W109/><G106/><T58/><D111/><U33/><E74/><V78/><F78/><W30/><G68/><T75/><D75/><U103/><E40/><V16/><F96/><W94/><G67/><T41/><D41/><U24/><E64/><V2/><F2/><W47/><G7/><T131/><D131/><U14/><E133/><V8/><F132/><W104/><G104/><T84/><D58/><U98/><E13/><V85/><F85/><N who="3" m="48359" /><G109/><T32/><D32/><U114/><E114/><N who="2" m="43531" /><F8/><N who="3" m="4111" /><G72/><T73/><D73/><U27/><E33/><V97/><F97/><W11/><G11/><T116/><D116/><U51/><E14/><N who="2" m="7255" /><F36/><W80/><G80/><T65/><D81/><U87/><E100/><V107/><F107/><W44/><G94/><T117/><D101/><U22/><E103/><V119/><F119/><W82/><G82/><T77/><D99/><U102/><E98/><V0/><F0/><W91/><G91/><T110/><D77/><U50/><E102/><V92/><F92/><W129/><G129/><T28/><D117/><U112/><E112/><V59/><F46/><W90/><G90/><T108/><D108/><U55/><E89/><V6/><F6/><W31/><G47/><T130/><D110/><U48/><E95/><V66/><F66/><W61/><G123/><T69/><D65/><U19/><E87/><V26/><F26/><W21/><G122/><T88/><D130/><RYUUKYOKU ba="0,0" sc="233,-10,283,-10,120,30,364,-10" hai2="42,43,52,59,60,124,126" owari="223,-17.7,273,7.3,150,-35.0,354,45.4" /></mjloggm>