<mjloggm ver="2.3"><GO type="169" lobby="0"/><UN n0="%E7%8A%B6%E6%85%8B%E9%BA%BB%E9%9B%80" n1="%E3%83%A9%E3%83%B3%E3%82%B0%E3%83%A9" n2="%E8%8B%B1%E5%9B%BD%E5%A3%B2%E5%8D%B4" n3="%E3%82%AB%E3%83%A9%E6%9D%BE" dan="17,16,17,17" rate="2203.71,2070.01,2221.82,2146.66" sx="M,M,M,M"/><TAIKYOKU oya="0"/><INIT seed="0,0,0,1,5,122" ten="250,250,250,250" oya="0" hai0="76,99,85,14,88,98,132,39,26,71,89,31,93" hai1="119,4,131,95,67,20,97,18,126,101,58,72,94" hai2="6,23,111,7,112,104,50,81,121,8,86,105,36" hai3="118,116,37,64,49,55,92,129,2,48,38,32,117"/><T125/><D125/><U42/><E119/><V12/><F121/><W41/><G2/><T51/><D132/><U114/><E72/><V33/><F33/><W127/><G32/><T28/><D39/><U100/><E126/><V84/><F36/><W102/><G102/><T107/><D71/><U96/><E131/><V73/><F112/><W22/><G22/><T69/><D69/><U80/><E114/><V74/><F23/><W128/><G92/><T87/><D76/><U70/><E70/><V47/><F86/><W43/><G117/><T35/><D31/><U44/><E4/><V83/><F7/><W79/><G79/><T78/><D78/><U115/><E80/><V124/><F124/><W77/><G77/><T30/><D30/><U123/><E123/><V90/><F81/><W61/><G127/><T109/><D109/><U60/><E115/><V133/><F133/><W66/><G61/><T5/><D51/><U134/><E134/><V65/><F65/><W108/><G55/><T135/><D135/><U130/><E130/><V19/><F6/><W68/><G68/><T54/><D54/><U113/><E113/><V13/><F13/><W1/><G1/><T3/><D3/><U62/><E62/><V21/><F21/><W106/><G106/><N who="2" m="41065" /><F111/><AGARI ba="0,0" hai="37,38,41,43,48,49,64,66,108,111,116,118,128,129" machi="111" ten="25,12000,2" yaku="22,2,34,3,52,2" doraHai="122" who="3" fromWho="2" sc="250,0,250,0,250,-120,250,120" /><INIT seed="1,0,0,4,5,97" ten="250,250,130,370" oya="1" hai0="123,16,129,127,72,18,83,28,69,96,119,63,81" hai1="101,118,126,29,130,26,8,42,71,34,89,20,9" hai2="55,57,117,48,93,94,88,45,134,30,1,121,76" hai3="53,38,49,90,113,50,112,87,65,131,68,100,85"/><U104/><E118/><V27/><F117/><W120/><G38/><T62/><D119/><U95/><E130/><V77/><F121/><W105/><G120/><T35/><D123/><U124/><E71/><V7/><F134/><W44/><G131/><T12/><D129/><U116/><E116/><V4/><F94/><W107/><G68/><T13/><D127/><N who="1" m="48683" /><E42/><V40/><F1/><W59/><G65/><T25/><D69/><U46/><E46/><V0/><F0/><W22/><G22/><T6/><D6/><U79/><E79/><V5/><F27/><W133/><G133/><T39/><D39/><U36/><E36/><V102/><F30/><W110/><G110/><T60/><D72/><U109/><E34/><V54/><F102/><W24/><G24/><T114/><D114/><U111/><E104/><V67/><F67/><W78/><G107/><T47/><D47/><U132/><E132/><V17/><F17/><W3/><G44/><T14/><REACH who="0" step="1"/><D96/><REACH who="0" ten="240,250,130,370" step="2"/><N who="1" m="59551" /><E89/><V74/><F74/><W135/><G90/><T37/><D37/><U52/><E52/><N who="2" m="20011" /><F57/><W56/><G59/><T86/><D86/><AGARI ba="0,1" hai="4,5,7,40,45,48,76,77,86,88,93" m="20011" machi="86" ten="30,3900,0" yaku="8,1,54,2" doraHai="97" who="2" fromWho="0" sc="240,-39,250,0,130,49,370,0" /><INIT seed="2,0,0,4,3,84" ten="201,250,179,370" oya="2" hai0="19,131,26,63,60,111,115,39,30,13,103,94,24" hai1="69,32,37,80,121,129,125,36,1,135,79,2,17" hai2="16,52,96,10,97,101,114,23,127,85,40,61,119" hai3="56,46,90,65,8,38,34,14,35,82,107,44,7"/><V59/><F114/><W45/><G107/><T58/><D39/><U49/><E49/><V78/><F119/><W110/><G38/><T72/><D115/><U29/><E17/><V67/><F127/><W66/><G110/><T118/><D118/><U27/><E125/><V109/><F109/><W64/><G56/><T86/><D72/><N who="1" m="43111" /><E135/><V55/><F40/><W99/><REACH who="3" step="1"/><G82/><REACH who="3" ten="201,250,179,360" step="2"/><T31/><D111/><U95/><E37/><V77/><F10/><W87/><G87/><T98/><D86/><U54/><E36/><V71/><F85/><W105/><G105/><T130/><D58/><U83/><E83/><V102/><F71/><W18/><G18/><T42/><D19/><U5/><E69/><V22/><F78/><W104/><G104/><T81/><D81/><U73/><E73/><V6/><F77/><W74/><G74/><T117/><D117/><U11/><E11/><V106/><F6/><W41/><G41/><T48/><D42/><U92/><E5/><V47/><F47/><W15/><G15/><T134/><D13/><U132/><E132/><V0/><F0/><W62/><G62/><T9/><D134/><U113/><E113/><V133/><F133/><W116/><G116/><T100/><D9/><U76/><E76/><V51/><F16/><W128/><G128/><T21/><D48/><U57/><E129/><N who="0" m="49161" /><D63/><N who="1" m="36279" /><E121/><V122/><F122/><W70/><G70/><T12/><D60/><U33/><E1/><V43/><F43/><W89/><G89/><N who="0" m="55631" /><D12/><U124/><E2/><V93/><F55/><W120/><G120/><T123/><D123/><U20/><E124/><RYUUKYOKU ba="0,1" sc="201,0,250,0,179,0,360,0" hai0="21,24,26,30,31,100,103" hai1="20,27,29,32,33,92,95" hai2="22,23,51,52,59,61,67,93,96,97,101,102,106" hai3="7,8,14,34,35,44,45,46,64,65,66,90,99" /><INIT seed="2,1,1,0,0,108" ten="201,250,179,360" oya="2" hai0="23,13,133,65,36,78,9,48,67,107,97,61,12" hai1="93,60,74,22,24,110,21,27,116,70,29,77,75" hai2="134,62,54,20,44,128,129,50,71,87,81,89,121" hai3="47,63,125,80,68,115,99,104,88,41,119,131,69"/><V56/><F121/><W114/><G119/><T79/><D36/><U85/><E116/><V130/><F134/><W37/><G125/><T32/><D32/><U1/><E1/><V103/><F103/><W73/><G131/><T14/><D133/><U0/><E0/><V53/><F20/><W101/><G88/><T16/><D107/><U7/><E7/><V19/><F19/><W39/><G39/><T40/><D97/><U66/><E110/><V8/><F8/><W100/><G101/><T55/><D40/><U58/><E70/><AGARI ba="1,1" hai="44,50,53,54,56,62,70,71,81,87,89,128,129,130" machi="70" ten="40,2000,0" yaku="19,1" doraHai="108" who="2" fromWho="1" sc="201,0,250,-23,179,33,360,0" /><INIT seed="2,2,0,2,4,77" ten="201,227,212,360" oya="2" hai0="43,130,23,42,21,50,82,104,118,2,44,99,30" hai1="79,63,14,134,81,133,67,101,48,116,125,97,120" hai2="10,71,35,131,56,111,83,55,92,5,4,80,113" hai3="28,65,108,61,121,103,100,129,17,135,74,109,53"/><V16/><F113/><W12/><G121/><T86/><D130/><U46/><E116/><V13/><F131/><W90/><G74/><T72/><D72/><U94/><E125/><V47/><F71/><W119/><G119/><T20/><D2/><U127/><E127/><V114/><F35/><W31/><G129/><T122/><D122/><U54/><E120/><V40/><F114/><W7/><G7/><N who="2" m="2633" /><F111/><N who="3" m="42571" /><G53/><T68/><D68/><U22/><E14/><V8/><F8/><N who="3" m="6279" /><G90/><T26/><D43/><U45/><E45/><V93/><F47/><W3/><G3/><T102/><REACH who="0" step="1"/><D118/><REACH who="0" ten="191,227,212,360" step="2"/><U32/><E134/><V37/><F40/><W95/><G135/><T84/><D84/><U52/><E133/><V59/><F37/><W87/><G87/><T57/><D57/><N who="2" m="22090" /><F55/><W78/><G65/><T75/><D75/><U58/><E54/><V124/><F124/><W91/><G61/><T128/><D128/><U0/><E0/><V106/><F106/><W51/><G51/><T33/><D33/><U70/><E32/><V98/><F93/><W24/><G95/><T115/><D115/><U18/><E70/><V96/><F96/><W132/><G132/><T112/><D112/><U19/><REACH who="1" step="1"/><E22/><REACH who="1" ten="191,217,212,360" step="2"/><V69/><F69/><W9/><G9/><T110/><D110/><U1/><E1/><V66/><F66/><W6/><G24/><T15/><D15/><U27/><E27/><V73/><F73/><AGARI ba="2,2" hai="18,19,46,48,52,58,63,67,73,79,81,94,97,101" machi="73" ten="30,7700,0" yaku="1,1,7,1,52,1,54,1,53,0" doraHai="77" doraHaiUra="85" who="1" fromWho="2" sc="191,0,217,103,212,-83,360,0" /><INIT seed="3,0,0,0,1,52" ten="191,320,129,360" oya="3" hai0="92,65,47,2,68,24,91,112,127,9,50,129,73" hai1="20,44,19,77,89,96,119,14,132,102,109,93,90" hai2="130,3,115,33,56,126,13,87,29,57,123,18,99" hai3="86,26,38,51,31,75,80,43,35,103,106,48,17"/><W95/><G75/><T98/><D73/><U84/><E109/><V10/><F115/><W100/><G106/><T71/><D112/><U74/><E132/><V55/><F126/><W1/><G1/><T23/><D127/><U110/><E110/><V116/><F116/><W79/><G38/><T28/><D129/><U117/><E74/><V16/><F130/><W54/><G95/><T37/><D37/><U0/><E0/><V121/><F55/><W21/><G43/><T34/><D65/><U46/><E77/><V94/><F87/><W58/><REACH who="3" step="1"/><G51/><REACH who="3" ten="191,320,129,350" step="2"/><T7/><REACH who="0" step="1"/><D34/><REACH who="0" ten="181,320,129,350" step="2"/><U70/><E119/><V12/><F3/><W135/><G135/><T59/><D59/><U134/><E117/><V60/><F60/><W61/><G61/><T69/><D69/><U83/><E134/><V128/><F128/><W111/><G111/><T67/><D67/><U64/><E64/><V101/><F121/><W114/><G114/><T85/><D85/><N who="1" m="50367" /><E70/><V36/><F36/><W32/><G32/><T4/><D4/><U72/><E72/><V40/><F123/><W42/><G42/><AGARI ba="0,2" hai="2,7,9,23,24,28,42,47,50,68,71,91,92,98" machi="42" ten="30,2000,0" yaku="1,1,7,1,53,0" doraHai="52" doraHaiUra="8" who="0" fromWho="3" sc="181,40,320,0,129,0,350,-20" /><INIT seed="4,0,0,5,1,61" ten="221,320,129,330" oya="0" hai0="103,29,52,65,74,39,114,90,43,87,34,69,48" hai1="2,30,135,18,67,6,20,122,41,55,63,104,100" hai2="9,27,12,130,35,119,72,22,105,133,102,78,93" hai3="121,26,0,112,10,33,94,57,31,75,99,47,79"/><T134/><D74/><U110/><E110/><V7/><F130/><W38/><G112/><T8/><D114/><U77/><E122/><V76/><F133/><W113/><G113/><T25/><D134/><U17/><E41/><V101/><F105/><W127/><G121/><T45/><D103/><U16/><E135/><V107/><F107/><W15/><G127/><T5/><D69/><U59/><E77/><V129/><F129/><W19/><G79/><N who="2" m="30249" /><F72/><W126/><G75/><T91/><D65/><U42/><E42/><V108/><F35/><W70/><G70/><T125/><D87/><U80/><E80/><V1/><F1/><W128/><G128/><T84/><D84/><U83/><E83/><V89/><F108/><W46/><G38/><T49/><D39/><U58/><E30/><N who="2" m="17783" /><F119/><W3/><G3/><T37/><D125/><U62/><E6/><V116/><F116/><W64/><G0/><T123/><D123/><U98/><REACH who="1" step="1"/><E2/><REACH who="1" ten="221,310,129,330" step="2"/><V106/><F106/><W13/><G126/><T50/><D37/><U36/><E36/><V44/><F44/><W111/><G111/><T71/><D43/><U92/><E92/><V117/><F117/><W21/><G46/><T109/><D109/><U81/><E81/><V32/><F32/><W54/><G47/><T60/><D45/><U14/><AGARI ba="0,1" hai="14,16,17,18,20,55,58,59,62,63,67,98,100,104" machi="14" ten="20,8000,1" yaku="1,1,0,1,7,1,52,1,54,1,53,0" doraHai="61" doraHaiUra="118" who="1" fromWho="1" sc="221,-40,310,90,129,-20,330,-20" /><INIT seed="5,0,0,4,2,38" ten="181,400,109,310" oya="1" hai0="124,47,95,118,82,41,126,36,48,70,80,65,100" hai1="21,127,97,39,29,119,116,73,83,69,43,129,46" hai2="13,88,96,85,63,61,55,75,134,60,40,123,34" hai3="59,51,87,111,108,8,121,79,2,135,110,14,103"/><U62/><E129/><V44/><F123/><W49/><G2/><T10/><D118/><U93/><E127/><N who="0" m="48681" /><D10/><U9/><E9/><V122/><F122/><W64/><G121/><T19/><D19/><U50/><E39/><V30/><F75/><W131/><G135/><T91/><D100/><U92/><E92/><V27/><F134/><W25/><G131/><T90/><D48/><U22/><E69/><V105/><F13/><W115/><G103/><T109/><D109/><U77/><E62/><V133/><F133/><W11/><G25/><T66/><D91/><U125/><E125/><V74/><F74/><W86/><G108/><T94/><D95/><U26/><REACH who="1" step="1"/><E21/><REACH who="1" ten="181,390,109,310" step="2"/><V76/><F105/><W23/><G23/><T0/><D70/><U5/><E5/><V72/><F96/><W18/><G8/><T99/><D0/><U102/><AGARI ba="0,1" hai="22,26,29,43,46,50,73,77,83,93,97,102,116,119" machi="102" ten="20,7800,0" yaku="1,1,0,1,7,1,52,1,53,0" doraHai="38" doraHaiUra="1" who="1" fromWho="1" sc="181,-26,390,88,109,-26,310,-26" /><INIT seed="5,1,0,3,4,24" ten="155,478,83,284" oya="1" hai0="124,104,62,70,31,23,108,91,54,116,90,75,130" hai1="14,37,92,42,0,35,21,40,109,110,9,106,30" hai2="52,93,26,5,113,59,128,135,48,98,43,3,4" hai3="123,7,125,129,97,117,96,27,114,25,18,46,65"/><U64/><E106/><V83/><F128/><W79/><G129/><T47/><D130/><U122/><E122/><V41/><F135/><W49/><G123/><T73/><D108/><U89/><E35/><V57/><F113/><W60/><G114/><T33/><D116/><U101/><E101/><V81/><F59/><W38/><G38/><T50/><D33/><U72/><E72/><V16/><F3/><W87/><G7/><T8/><D104/><U1/><E64/><V102/><F5/><W100/><G125/><T82/><D8/><U105/><E105/><V32/><F4/><W13/><G97/><T134/><D134/><U86/><E37/><V121/><F121/><W66/><G66/><T68/><D124/><U67/><E67/><V112/><F112/><W29/><G87/><T80/><D62/><U126/><E42/><V99/><F99/><W63/><G79/><T69/><D82/><N who="2" m="31242" /><F32/><W127/><G127/><T107/><D107/><U103/><E0/><V6/><F6/><W15/><G65/><T20/><D20/><AGARI ba="1,0" hai="16,20,26,41,43,48,52,57,93,98,102" m="31242" machi="20" ten="30,3900,0" yaku="8,1,54,2" doraHai="24" who="2" fromWho="0" sc="155,-42,478,0,83,42,284,0" /><INIT seed="6,0,0,3,1,126" ten="113,478,125,284" oya="2" hai0="7,101,129,58,73,1,51,31,106,122,38,123,8" hai1="96,53,69,14,9,97,76,52,30,34,68,124,47" hai2="19,95,36,111,77,33,50,56,72,24,98,116,81" hai3="88,6,67,133,131,60,15,121,11,79,32,89,37"/><V113/><F116/><W75/><G121/><T134/><D73/><U41/><E124/><V114/><F36/><W90/><G37/><T59/><D38/><U17/><E76/><V49/><F111/><W66/><G32/><T44/><D134/><U99/><E30/><V13/><F24/><W64/><G133/><T117/><D117/><U80/><E34/><V108/><F33/><W16/><G75/><T25/><D129/><U92/><E80/><V127/><F108/><W84/><G131/><T27/><D123/><U62/><E69/><V54/><F50/><W115/><G115/><T105/><D122/><U12/><E68/><V18/><F127/><W35/><G35/><T55/><D27/><U2/><E2/><V65/><F65/><W87/><G79/><T71/><D71/><U21/><E62/><V46/><F46/><W120/><G120/><T40/><D101/><U42/><E92/><V103/><REACH who="2" step="1"/><F13/><REACH who="2" ten="113,478,115,284" step="2"/><N who="3" m="5367" /><G60/><T22/><REACH who="0" step="1"/><D40/><REACH who="0" ten="103,478,115,284" step="2"/><U4/><E47/><V112/><AGARI ba="0,2" hai="18,19,49,54,56,72,77,81,95,98,103,112,113,114" machi="112" ten="30,6000,0" yaku="1,1,0,1,15,1,53,0" doraHai="126" doraHaiUra="63" who="2" fromWho="2" sc="103,-20,478,-20,115,80,284,-20" /><INIT seed="6,1,0,2,4,118" ten="83,458,195,264" oya="2" hai0="23,26,122,73,108,64,75,49,117,116,6,53,95" hai1="1,0,13,127,46,45,125,106,123,29,20,32,30" hai2="27,67,109,37,129,51,87,54,94,107,19,52,34" hai3="71,66,119,103,39,121,130,12,101,70,31,2,44"/><V135/><F107/><W104/><G2/><T56/><D108/><U10/><E106/><V35/><F37/><W98/><G119/><N who="0" m="45643" /><D6/><U17/><E123/><V89/><F109/><W22/><G121/><T48/><D64/><U72/><E72/><N who="0" m="27721" /><D95/><U92/><E92/><V55/><F129/><W41/><G130/><T124/><D124/><N who="1" m="47691" /><E32/><V81/><F135/><W33/><G103/><T84/><D84/><U60/><E60/><V79/><F67/><W110/><G110/><T40/><D40/><U113/><E113/><V47/><F35/><W90/><G90/><T57/><D122/><U115/><E115/><V68/><F68/><W105/><G105/><T7/><D7/><N who="1" m="1383" /><E1/><V8/><F34/><W65/><G65/><T36/><D36/><U43/><E46/><V83/><F83/><W128/><G128/><T50/><D53/><U112/><E112/><V24/><F8/><W78/><G66/><T134/><D134/><U74/><E74/><V93/><F93/><W63/><G104/><T114/><D114/><U38/><AGARI ba="1,0" hai="13,17,20,29,30,38,43,45" m="1383,47691" machi="38" ten="30,1100,0" yaku="18,1" doraHai="118" who="1" fromWho="1" sc="83,-4,458,14,195,-6,264,-4" /><INIT seed="7,0,0,5,2,66" ten="79,472,189,260" oya="3" hai0="7,110,29,64,50,71,91,48,28,54,22,10,14" hai1="70,15,102,115,75,112,126,100,83,121,81,129,24" hai2="109,132,46,12,20,85,79,44,25,0,13,67,72" hai3="53,105,87,125,34,32,128,76,63,116,18,62,41"/><W8/><G105/><T96/><D110/><U86/><E121/><V95/><F109/><W114/><G114/><N who="1" m="43562" /><E70/><V134/><F0/><W130/><G116/><T94/><D50/><U56/><E129/><V107/><F107/><W97/><G41/><T93/><D64/><U11/><E126/><V111/><F111/><W23/><G8/><T57/><D71/><U47/><E56/><V31/><F72/><W98/><G125/><T35/><D35/><U19/><E24/><V103/><F67/><W27/><G32/><T131/><D131/><U36/><E75/><V1/><F1/><W80/><G34/><T99/><REACH who="0" step="1"/><D22/><REACH who="0" ten="69,472,189,260" step="2"/><U2/><E2/><V16/><F20/><W74/><G128/><T108/><D108/><U60/><E60/><V78/><F132/><W17/><G130/><T39/><D39/><U61/><E61/><V33/><F33/><W82/><G63/><T3/><D3/><U9/><E9/><V49/><F49/><W84/><G62/><T123/><D123/><U51/><E36/><V135/><F135/><W38/><G38/><T65/><D65/><U37/><E37/><V40/><F134/><W45/><G23/><T101/><D101/><N who="1" m="39019" /><E86/><V21/><F85/><W133/><G84/><T90/><AGARI ba="0,1" hai="7,10,14,28,29,48,54,57,90,91,93,94,96,99" machi="90" ten="20,8000,1" yaku="1,1,0,1,7,1,9,1,8,1,53,0" doraHai="66" doraHaiUra="30" who="0" fromWho="0" sc="69,90,472,-20,189,-20,260,-40" owari="159,-34.1,452,55.2,169,-23.1,220,2.0" /></mjloggm>