<mjloggm ver="2.3"><GO type="169" lobby="0"/><UN n0="%E9%B7%BA%E5%AE%AE%E6%85%A7%E5%A4%AA" n1="%E3%81%AF%E3%81%BE%E3%81%A1%E3%83%AA%E3%83%BC%E3%82%B0" n2="%E6%8C%91%E6%88%A6%E8%80%85%EF%BC%81" n3="%E6%98%8E%E6%98%9F%E5%B8%82%E6%B0%91" dan="16,17,17,16" rate="2118.83,2153.23,2181.46,2153.13" sx="M,M,M,M"/><TAIKYOKU oya="0"/><INIT seed="0,0,0,0,1,49" ten="250,250,250,250" oya="0" hai0="124,48,14,10,25,134,19,76,114,62,43,94,91" hai1="121,2,55,101,20,126,69,47,6,63,17,59,33" hai2="78,42,71,106,12,67,50,73,128,8,61,0,87" hai3="9,83,41,118,39,115,111,21,51,82,131,37,112"/><T77/><D114/><U132/><E121/><V7/><F106/><W125/><G118/><T92/><D134/><U98/><E33/><V107/><F107/><W119/><G119/><T75/><D124/><U117/><E117/><V15/><F128/><W88/><G131/><T65/><D75/><U103/><E132/><V109/><F109/><W79/><G111/><T46/><D25/><U135/><E135/><V53/><F73/><W72/><G125/><T113/><D113/><U38/><E126/><V54/><F15/><W86/><G21/><T105/><D105/><U3/><E69/><V100/><F100/><W122/><G122/><T110/><D110/><U96/><E103/><V16/><F0/><W45/><G37/><T120/><D120/><U133/><E6/><V35/><F35/><W29/><G29/><T36/><D36/><U44/><E98/><V84/><F84/><W24/><G24/><T60/><D94/><U129/><E129/><V93/><F16/><W130/><G130/><T95/><D95/><U27/><E133/><V108/><F93/><W32/><G32/><T56/><REACH who="0" step="1"/><D62/><REACH who="0" ten="240,250,250,250" step="2"/><U58/><E38/><V34/><F108/><W13/><G39/><T99/><AGARI ba="0,1" hai="10,14,19,43,46,48,56,60,65,76,77,91,92,99" machi="99" ten="20,12000,1" yaku="1,1,2,1,0,1,7,1,8,1,53,0" doraHai="49" doraHaiUra="70" who="0" fromWho="0" sc="240,130,250,-40,250,-40,250,-40" /><INIT seed="0,1,0,0,1,50" ten="370,210,210,210" oya="0" hai0="135,3,62,127,86,39,132,67,82,48,121,95,61" hai1="119,25,69,24,89,10,134,118,42,63,71,129,41" hai2="68,38,87,117,130,2,6,15,70,81,126,107,123" hai3="27,120,99,77,94,65,93,32,31,28,26,72,114"/><T91/><D121/><U30/><E129/><V100/><F123/><W75/><G114/><T80/><D39/><U108/><E108/><V115/><F115/><W36/><G36/><T64/><D3/><U97/><E134/><N who="0" m="51241" /><D127/><U18/><E119/><V133/><F133/><W83/><G120/><T9/><D9/><U102/><E89/><V73/><F73/><W131/><G131/><T29/><D29/><U5/><E18/><V49/><F38/><W112/><G112/><T37/><D37/><U4/><E24/><V56/><F2/><W7/><G7/><T125/><D125/><U11/><E11/><V55/><F130/><W66/><G72/><T124/><D124/><U45/><E118/><V44/><F126/><W54/><G94/><T33/><D33/><U85/><E85/><V53/><F117/><W105/><G105/><T19/><D19/><U20/><E4/><V12/><F107/><W88/><REACH who="3" step="1"/><G54/><REACH who="3" ten="370,210,210,200" step="2"/><T8/><D95/><U109/><E41/><V1/><F6/><W101/><G101/><T111/><D111/><U0/><E109/><V35/><F100/><W17/><G17/><T76/><D82/><U74/><E5/><V47/><F1/><W13/><G13/><T104/><D80/><U22/><E0/><V51/><F81/><W78/><G78/><T46/><D76/><U59/><E42/><V110/><F110/><W103/><G103/><T113/><D104/><U116/><E102/><V43/><F43/><W84/><G84/><T57/><D86/><U14/><E74/><V92/><F87/><W98/><G98/><T60/><D113/><RYUUKYOKU ba="1,1" sc="370,-10,210,-10,210,-10,200,30" hai3="26,27,28,31,32,65,66,75,77,83,88,93,99" /><INIT seed="1,2,1,4,0,71" ten="360,200,200,230" oya="1" hai0="106,110,64,33,5,105,63,53,37,123,34,102,81" hai1="75,61,108,116,29,12,25,43,84,6,77,76,41" hai2="125,93,39,52,100,111,80,55,68,17,0,133,47" hai3="44,48,3,23,50,42,107,58,45,122,28,134,96"/><U62/><E116/><V91/><F0/><W15/><G3/><T27/><D110/><U7/><E75/><V59/><F68/><W70/><G70/><T118/><D118/><U99/><E108/><V13/><F111/><W97/><G134/><T22/><D123/><U14/><E84/><V104/><F133/><W56/><G122/><T66/><D37/><U101/><E25/><V40/><F125/><W78/><G78/><T21/><D5/><U114/><E99/><V90/><F104/><W54/><G97/><T109/><D109/><U113/><REACH who="1" step="1"/><E101/><REACH who="1" ten="360,190,200,230" step="2"/><V129/><F100/><W16/><G96/><T74/><D102/><U83/><E83/><V98/><F129/><W117/><G117/><T127/><D81/><U79/><E79/><V130/><F130/><W57/><G107/><T8/><D27/><U2/><E2/><V88/><F80/><W32/><G32/><T46/><D74/><U73/><E73/><V72/><F72/><W124/><G124/><T11/><D127/><U89/><E89/><V9/><F55/><W82/><G82/><T121/><D53/><U92/><E92/><V94/><F94/><W20/><G28/><AGARI ba="2,2" hai="6,7,12,14,28,29,41,43,61,62,76,77,113,114" machi="28" ten="25,4800,0" yaku="1,1,22,2,53,0" doraHai="71" doraHaiUra="120" who="1" fromWho="3" sc="360,0,190,74,200,0,230,-54" /><INIT seed="1,3,0,2,0,79" ten="360,264,200,176" oya="1" hai0="53,111,127,22,69,19,118,36,115,2,99,93,88" hai1="40,61,87,43,76,70,86,80,29,23,15,117,132" hai2="21,125,95,52,0,129,26,97,101,67,55,107,122" hai3="73,131,126,31,20,28,30,25,5,81,82,109,105"/><U60/><E117/><V45/><F122/><W44/><G73/><T37/><D115/><U89/><E132/><V114/><F0/><W1/><G105/><T120/><D118/><U12/><E70/><V6/><F6/><W32/><G109/><T7/><D120/><U102/><E102/><V14/><F114/><W66/><G131/><T116/><D111/><U124/><E124/><V84/><F129/><W128/><G128/><T108/><D108/><U16/><E29/><V56/><F14/><W47/><G126/><T46/><D127/><U18/><E40/><V119/><F119/><W59/><G1/><T72/><D72/><U57/><E43/><V64/><F84/><W77/><G5/><T94/><D69/><U123/><E123/><V98/><F125/><W63/><G77/><T35/><D35/><U112/><E112/><V135/><F135/><W71/><G71/><T133/><D133/><U90/><E76/><V134/><F134/><W13/><G13/><T68/><D2/><U74/><E74/><V51/><F98/><W34/><G34/><T113/><D37/><U58/><E23/><V27/><F107/><W10/><G10/><T3/><D3/><U4/><E4/><V11/><F11/><W49/><G32/><T50/><D36/><U8/><E8/><V17/><F26/><W103/><G103/><T41/><D68/><U121/><E121/><V106/><F106/><W96/><G96/><T92/><D113/><U110/><E110/><V39/><F39/><W62/><G25/><T9/><D116/><U33/><E33/><V78/><F78/><RYUUKYOKU type="nm" ba="3,0" sc="360,80,264,-40,200,-20,176,-20" hai1="12,15,16,18,57,58,60,61,80,86,87,89,90" hai2="17,21,27,45,51,52,55,56,64,67,95,97,101" /><INIT seed="1,4,0,0,4,17" ten="440,224,180,156" oya="1" hai0="27,81,41,43,19,100,101,44,49,48,121,74,59" hai1="51,120,76,123,108,128,78,73,46,9,52,67,38" hai2="55,133,4,114,84,6,87,2,118,65,79,125,14" hai3="99,7,30,98,60,91,45,12,0,25,75,64,53"/><U102/><E128/><V132/><F118/><W90/><G0/><T127/><D127/><U54/><E67/><V22/><F125/><W115/><G75/><T130/><D130/><U86/><E38/><V104/><F104/><W16/><G7/><T66/><D121/><U50/><E108/><V109/><F109/><W72/><G72/><T106/><D106/><U13/><E73/><V77/><F2/><W11/><G115/><T97/><D74/><U8/><E102/><V80/><F65/><W96/><G53/><T10/><D81/><U3/><E3/><V15/><F80/><W113/><G45/><T28/><D66/><U39/><E39/><V37/><F37/><W116/><G113/><T70/><D70/><U23/><E23/><V34/><F34/><W29/><G116/><T126/><D126/><U1/><E1/><V63/><F63/><W135/><G135/><T119/><D119/><U93/><E123/><V134/><F55/><W103/><G103/><T117/><D117/><U89/><E120/><V94/><F94/><W69/><REACH who="3" step="1"/><G30/><REACH who="3" ten="440,224,180,146" step="2"/><T62/><D100/><U42/><E54/><V33/><F134/><W21/><AGARI ba="4,1" hai="11,12,16,21,25,29,60,64,69,90,91,96,98,99" machi="21" ten="30,16000,3" yaku="1,1,2,1,0,1,52,1,54,1,53,3" doraHai="17" doraHaiUra="95" who="3" fromWho="3" sc="440,-44,224,-84,180,-44,146,182" /><INIT seed="2,0,0,0,3,46" ten="396,140,136,328" oya="2" hai0="133,123,78,5,55,8,121,17,122,85,3,84,25" hai1="31,105,24,68,120,19,34,75,43,70,6,0,125" hai2="116,112,103,79,104,11,1,115,77,9,87,106,109" hai3="81,80,39,53,134,41,45,93,111,48,90,114,60"/><V15/><F116/><W66/><G111/><T73/><D133/><U65/><E125/><V88/><F1/><W35/><G134/><T4/><D4/><U27/><E120/><V113/><F109/><W132/><G132/><T92/><D92/><U119/><E119/><V44/><F9/><W67/><G35/><T49/><D73/><U59/><E75/><V33/><F33/><W96/><G114/><T128/><D78/><U107/><E59/><V54/><F103/><W23/><G23/><T102/><D102/><U135/><E135/><V57/><F44/><W58/><REACH who="3" step="1"/><G67/><REACH who="3" ten="396,140,136,318" step="2"/><T72/><D123/><U86/><E65/><V131/><F131/><W37/><G37/><T47/><D128/><U56/><E34/><V51/><F106/><W127/><G127/><T12/><D122/><U97/><E107/><V101/><F104/><W89/><G89/><T21/><D121/><U69/><E105/><V32/><F32/><W91/><G91/><T52/><D3/><U74/><E0/><V50/><F101/><W61/><G61/><T42/><D72/><U20/><E74/><V28/><F28/><W14/><G14/><T110/><D110/><U83/><E20/><V62/><F79/><W71/><AGARI ba="0,1" hai="39,41,45,48,53,58,60,66,71,80,81,90,93,96" machi="71" ten="20,12000,2" yaku="1,1,0,1,7,1,24,2,52,1,53,0" doraHai="46" doraHaiUra="118" who="3" fromWho="3" sc="396,-30,140,-30,136,-60,318,130" /><INIT seed="3,0,0,0,2,39" ten="366,110,76,448" oya="3" hai0="129,2,125,83,43,101,86,123,127,95,23,68,21" hai1="77,134,96,49,132,84,116,56,6,7,58,22,75" hai2="110,41,112,91,33,100,74,44,5,69,117,113,54" hai3="10,14,111,3,122,103,26,61,53,128,80,81,82"/><W29/><G122/><T60/><D123/><U62/><E75/><V78/><F117/><W92/><G128/><T94/><D2/><U79/><E116/><V131/><F33/><W64/><G3/><T115/><D129/><U133/><E96/><V76/><F69/><W0/><G0/><T11/><D11/><U106/><E106/><V50/><F5/><N who="1" m="1545" /><E84/><V4/><F4/><W8/><G53/><T72/><D72/><U90/><E90/><V99/><F131/><W102/><G111/><T1/><D1/><U118/><E118/><V36/><F91/><W107/><G107/><T67/><D115/><U63/><E22/><V40/><F110/><W9/><G14/><T37/><D21/><U114/><E114/><V105/><F78/><N who="1" m="29705" /><E49/><V32/><F32/><W15/><G15/><T27/><D101/><U31/><E31/><V13/><F13/><W17/><G17/><T34/><D34/><U120/><E120/><V47/><REACH who="2" step="1"/><F54/><REACH who="2" ten="366,110,66,448" step="2"/><W57/><G26/><T48/><D68/><U89/><E89/><V51/><F51/><W45/><G29/><T16/><D48/><U25/><E25/><V97/><F97/><N who="3" m="59687" /><G103/><T124/><D37/><U70/><E70/><V130/><F130/><W66/><G66/><T35/><D35/><U135/><E135/><V12/><F12/><W24/><G24/><T108/><D27/><U55/><E55/><V126/><F126/><W93/><G64/><T59/><D108/><U38/><E38/><V20/><F20/><W46/><G61/><AGARI ba="0,1" hai="56,58,61,62,63,132,133,134" m="29705,1545" machi="61" ten="40,5200,0" yaku="28,2,20,1" doraHai="39" who="1" fromWho="3" sc="366,0,110,62,66,0,448,-52" /><INIT seed="4,0,0,0,1,67" ten="366,172,66,396" oya="0" hai0="65,103,44,62,123,35,38,60,56,72,130,17,117" hai1="129,112,99,75,51,37,96,93,13,89,119,30,10" hai2="71,23,68,82,111,69,1,16,18,63,53,27,9" hai3="116,0,36,12,47,55,92,118,43,109,46,14,100"/><T134/><D117/><U33/><E119/><V39/><F39/><W48/><G0/><T127/><D123/><U106/><E37/><V108/><F82/><W64/><G109/><T24/><D72/><U41/><E75/><V15/><REACH who="2" step="1"/><F1/><REACH who="2" ten="366,172,56,396" step="2"/><W26/><G118/><T115/><D38/><U59/><E129/><V5/><F5/><W131/><G131/><T95/><D130/><U101/><E112/><V19/><F19/><W7/><G7/><T121/><D115/><U11/><E30/><V25/><F25/><W104/><G26/><T28/><D121/><U58/><E33/><V98/><F98/><W31/><G31/><T87/><D17/><U34/><E34/><V50/><F50/><W102/><G12/><T107/><D24/><U124/><E13/><V132/><F132/><W79/><G14/><T97/><D134/><U61/><E96/><V122/><F122/><W105/><G48/><T85/><D28/><U80/><E80/><V52/><F52/><W114/><G55/><T6/><D35/><U54/><E41/><V73/><F73/><W42/><G36/><T29/><D29/><U128/><E128/><V45/><F45/><W86/><G114/><T126/><D6/><U8/><E51/><V22/><F22/><W83/><G83/><T32/><D32/><U88/><E8/><V57/><AGARI ba="0,1" hai="9,15,16,18,23,27,53,57,63,68,69,71,108,111" machi="57" ten="40,12000,2" yaku="1,1,0,1,52,3,54,1,53,0" doraHai="67" doraHaiUra="77" who="2" fromWho="2" sc="366,-60,172,-30,56,130,396,-30" /><INIT seed="5,0,0,1,0,106" ten="306,142,186,366" oya="1" hai0="26,88,93,16,0,11,38,75,44,57,40,116,28" hai1="113,9,129,103,108,115,37,94,8,109,10,27,118" hai2="53,100,34,119,24,66,71,18,124,25,4,133,51" hai3="20,55,1,49,85,65,42,76,41,117,127,122,39"/><U104/><E37/><V87/><F119/><W70/><G1/><T96/><D116/><U95/><E118/><V68/><F4/><W82/><G122/><T31/><D0/><U81/><E104/><V86/><F100/><W72/><G39/><T32/><D31/><U97/><E129/><V46/><F124/><W90/><G127/><T30/><D30/><U130/><E130/><V112/><F133/><W69/><G20/><T114/><D114/><N who="1" m="43531" /><E27/><V98/><F98/><W29/><G29/><T45/><D45/><U64/><E64/><V111/><F111/><N who="1" m="42569" /><E94/><V84/><F112/><W123/><G123/><T132/><D132/><U128/><E128/><V5/><F34/><W12/><G65/><T19/><D11/><U79/><E10/><V15/><F5/><W91/><G70/><T36/><D36/><U107/><E107/><V23/><REACH who="2" step="1"/><F66/><REACH who="2" ten="306,142,176,366" step="2"/><W3/><G117/><T121/><D121/><U120/><E120/><V17/><F17/><W33/><G33/><T13/><D19/><U131/><E131/><V7/><F7/><W134/><G134/><T74/><D16/><U54/><E54/><V125/><F125/><W80/><G55/><T110/><D110/><U83/><E83/><V35/><F35/><W62/><G80/><T67/><D13/><U60/><E60/><V43/><F43/><W99/><G41/><T89/><D67/><U48/><E48/><V63/><F63/><W47/><G62/><T58/><D32/><U126/><E126/><V21/><F21/><W56/><G49/><T61/><D61/><U101/><E103/><V105/><F105/><RYUUKYOKU ba="0,1" sc="306,-15,142,15,176,15,366,-15" hai1="8,9,79,81,95,97,101" hai2="15,18,23,24,25,46,51,53,68,71,84,86,87" /><INIT seed="5,1,1,5,1,93" ten="291,157,191,351" oya="1" hai0="50,15,13,28,100,5,127,49,125,60,99,37,51" hai1="105,43,90,83,98,77,16,59,104,23,76,39,34" hai2="132,38,82,115,135,106,91,0,69,70,32,57,40" hai3="121,48,36,110,73,133,17,12,75,62,89,130,46"/><U56/><E34/><V41/><F32/><W54/><G121/><T42/><D28/><U35/><E35/><V31/><F31/><W117/><G110/><T113/><D113/><U52/><E39/><V65/><F0/><W109/><G109/><T87/><D87/><U55/><E43/><V7/><F7/><W20/><G133/><T29/><D29/><U118/><E118/><V1/><BYE who="0" /><F1/><W18/><G130/><T81/><D81/><U123/><E123/><UN n0="%E9%B7%BA%E5%AE%AE%E6%85%A7%E5%A4%AA" /><V129/><F106/><W3/><G3/><T84/><D84/><N who="1" m="50463" /><E105/><V21/><F21/><W101/><G101/><T11/><D15/><N who="1" m="9631" /><E104/><V63/><F91/><W122/><G89/><T134/><D134/><N who="2" m="51242" /><F82/><W8/><G36/><T107/><D42/><N who="2" m="16490" /><F38/><W131/><G117/><T86/><D37/><U108/><E98/><V61/><F129/><W30/><G30/><T24/><D86/><U97/><E97/><V92/><F92/><W78/><G131/><T119/><D119/><U79/><E108/><V88/><F88/><W19/><G122/><T14/><D24/><U33/><E33/><V116/><F116/><W6/><G20/><T112/><D112/><U45/><E45/><V103/><F103/><W102/><G102/><T4/><D100/><U27/><E27/><V111/><F111/><W120/><G120/><T74/><D107/><U126/><E126/><N who="0" m="48137" /><D99/><U94/><E94/><V44/><F115/><W80/><G73/><T47/><D74/><U128/><E128/><V67/><F44/><W25/><G25/><T95/><D47/><U68/><E68/><AGARI ba="1,1" hai="57,61,63,65,67,68,69,70" m="16490,51242" machi="68" ten="30,3900,0" yaku="20,1,34,2" doraHai="93" who="2" fromWho="1" sc="291,0,157,-42,191,52,351,0" /><BYE who="0" /><UN n0="%E9%B7%BA%E5%AE%AE%E6%85%A7%E5%A4%AA" /><INIT seed="6,0,0,1,3,8" ten="291,115,243,351" oya="2" hai0="117,120,77,90,10,131,104,50,21,23,116,29,12" hai1="38,25,37,100,98,130,53,88,73,66,22,60,20" hai2="63,59,44,79,114,35,119,126,54,125,48,30,74" hai3="110,51,86,68,83,118,99,71,14,32,135,76,81"/><V115/><F30/><W58/><G32/><T5/><D120/><U2/><E2/><V19/><F35/><W87/><G110/><T52/><D104/><U31/><E73/><V55/><F19/><W92/><G135/><T11/><D77/><U4/><E130/><V17/><F17/><W123/><G14/><N who="0" m="5455" /><D131/><U108/><E108/><V94/><F94/><W85/><G118/><N who="0" m="45675" /><D29/><U9/><E53/><N who="2" m="29831" /><F79/><W113/><G71/><T134/><D90/><U7/><E20/><V93/><F93/><W56/><G68/><T24/><D24/><U132/><E132/><V72/><F72/><W133/><G123/><T84/><D84/><U95/><E4/><V121/><F74/><W16/><G16/><N who="0" m="8223" /><D134/><U105/><E9/><V64/><F121/><W75/><G83/><T65/><D65/><U18/><E7/><V15/><F15/><W111/><G85/><T78/><D78/><U61/><E31/><V103/><F103/><W69/><G86/><T67/><D67/><U80/><E80/><V106/><F106/><W39/><G87/><T109/><D109/><U70/><REACH who="1" step="1"/><E60/><REACH who="1" ten="291,105,243,351" step="2"/><V96/><F119/><W57/><G81/><T102/><D102/><U42/><BYE who="0" /><E42/><V101/><F101/><W49/><G76/><T3/><D3/><U124/><E124/><N who="2" m="47723" /><F96/><AGARI ba="0,1" hai="18,22,25,37,38,61,66,70,88,95,96,98,100,105" machi="96" ten="30,7700,0" yaku="1,1,7,1,54,1,53,1" doraHai="8" doraHaiUra="89" who="1" fromWho="2" sc="291,0,105,87,243,-77,351,0" /><UN n0="%E9%B7%BA%E5%AE%AE%E6%85%A7%E5%A4%AA" /><INIT seed="7,0,0,2,5,29" ten="291,192,166,351" oya="3" hai0="63,91,13,9,3,11,17,83,122,23,66,43,77" hai1="130,75,22,37,115,71,108,34,101,10,93,85,58" hai2="7,107,51,109,124,38,73,40,74,81,128,15,56" hai3="35,50,52,105,33,102,31,0,53,114,79,118,125"/><W2/><G118/><T67/><D122/><U1/><E75/><V119/><F109/><W111/><G114/><T84/><D43/><U60/><E37/><V88/><F119/><W78/><G125/><T98/><D3/><U133/><E71/><V135/><F107/><W68/><G68/><T92/><REACH who="0" step="1"/><D67/><REACH who="0" ten="281,192,166,351" step="2"/><U44/><E115/><V112/><F112/><W47/><G0/><T28/><D28/><U110/><E1/><V49/><F124/><W72/><G2/><T95/><D95/><U46/><E110/><V42/><F38/><W70/><G31/><T134/><D134/><U96/><E133/><V113/><F113/><W61/><G111/><T14/><D14/><U117/><E108/><V39/><F39/><W26/><G26/><T89/><D89/><U123/><E123/><V120/><F120/><W94/><G105/><T90/><D90/><U106/><E117/><V127/><F127/><W86/><G102/><T62/><D62/><U100/><E100/><V8/><F135/><W36/><G94/><T30/><D30/><U59/><E60/><V48/><F128/><W21/><G36/><T24/><D24/><U129/><E129/><V12/><F12/><W4/><G61/><T126/><D126/><U57/><E130/><V19/><F7/><W27/><G4/><T25/><D25/><U69/><E106/><V80/><F56/><AGARI ba="0,1" hai="9,11,13,17,23,56,63,66,77,83,84,91,92,98" machi="56" ten="30,3900,0" yaku="1,1,7,1,8,1,53,0" doraHai="29" doraHaiUra="121" who="0" fromWho="2" sc="281,49,192,0,166,-39,351,0" owari="330,13.0,192,-20.8,127,-37.3,351,45.1" /></mjloggm>