<mjloggm ver="2.3"><GO type="169" lobby="0"/><UN n0="%67%6F%6B%75%61%6B%75" n1="%E9%AB%AD%E9%AF%A8" n2="%E4%B8%83%E7%94%9F%E5%A4%95" n3="%E3%81%B5%E3%81%BF%4B%55%4E" dan="17,16,16,16" rate="2210.98,2148.56,2099.79,2081.80" sx="M,M,M,F"/><TAIKYOKU oya="0"/><INIT seed="0,0,0,0,2,55" ten="250,250,250,250" oya="0" hai0="29,90,81,45,44,17,119,129,122,59,113,4,15" hai1="31,68,47,88,89,135,42,58,71,41,93,94,23" hai2="104,3,48,75,70,25,57,101,0,38,117,63,84" hai3="108,69,50,98,13,124,19,87,111,46,115,123,11"/><T112/><D119/><U77/><E77/><V30/><F75/><W78/><G115/><T116/><D116/><U109/><E109/><N who="3" m="42058" /><G69/><T43/><D129/><U72/><E72/><V134/><F38/><W1/><G124/><T102/><D122/><U8/><E8/><V65/><F134/><W24/><G123/><T62/><D102/><U80/><E80/><V54/><F84/><W39/><G98/><T118/><D118/><U40/><E135/><V79/><F79/><W60/><G60/><T12/><D29/><U2/><E2/><V28/><F28/><W128/><G128/><T26/><D113/><U21/><E47/><V9/><F9/><W106/><G106/><T99/><D26/><U14/><E31/><V95/><F95/><N who="1" m="36361" /><E58/><V121/><F121/><W131/><G131/><T16/><D99/><U53/><E53/><V66/><F66/><W22/><G1/><T67/><D112/><U27/><E14/><N who="0" m="5161" /><D43/><U52/><E27/><V51/><F117/><W107/><G107/><T36/><D36/><U37/><E37/><V85/><F85/><W91/><G39/><T130/><D4/><U61/><E68/><V105/><F105/><W120/><G120/><T49/><D130/><U126/><E71/><V76/><F104/><W83/><G78/><T20/><D20/><N who="1" m="7755" /><E126/><V82/><F76/><W10/><G24/><T103/><D103/><U125/><E125/><V56/><F101/><W32/><G32/><T96/><D96/><U100/><E100/><V110/><F25/><W35/><G35/><T18/><D49/><U5/><E5/><V64/><F110/><RYUUKYOKU ba="0,0" sc="250,10,250,10,250,-30,250,10" hai0="16,17,18,44,45,59,62,67,81,90" hai1="40,41,42,52,61,88,89" hai3="10,11,13,19,22,46,50,83,87,91" /><INIT seed="0,1,0,4,0,80" ten="260,260,220,260" oya="0" hai0="11,51,9,16,107,68,111,30,82,76,24,3,35" hai1="15,116,101,98,40,121,88,32,134,79,34,21,74" hai2="103,63,120,44,104,37,125,115,45,10,26,20,14" hai3="108,85,48,133,22,117,71,95,53,58,64,129,93"/><T47/><D107/><U114/><E116/><V91/><F115/><W25/><G117/><T106/><D106/><U1/><E1/><V13/><F120/><W56/><G108/><T118/><D68/><U42/><E121/><V96/><F125/><W38/><G38/><T36/><D118/><U54/><E134/><V59/><F37/><W23/><G133/><T31/><D31/><U50/><E79/><V135/><F135/><W46/><G129/><T97/><D36/><U90/><E74/><V78/><F78/><W60/><G23/><T86/><D111/><U69/><E69/><V81/><F14/><W84/><G58/><T89/><D3/><U124/><E124/><V18/><F91/><N who="1" m="34857" /><E32/><V112/><F81/><W43/><G64/><T72/><D97/><U99/><E34/><V62/><F62/><W52/><G53/><T131/><D131/><U8/><E21/><V87/><F87/><N who="3" m="33355" /><G71/><T61/><D61/><U0/><E0/><V77/><F77/><W29/><AGARI ba="1,0" hai="22,25,29,43,46,48,52,56,60,93,95" m="33355" machi="29" ten="30,8000,1" yaku="8,1,52,3,54,1" doraHai="80" who="3" fromWho="3" sc="260,-41,260,-21,220,-21,260,83" /><INIT seed="1,0,0,5,3,48" ten="219,239,199,343" oya="1" hai0="77,31,50,20,30,121,82,74,102,92,63,24,40" hai1="39,6,64,98,133,15,68,41,130,75,9,126,104" hai2="12,55,105,80,118,100,131,110,3,84,42,122,78" hai3="28,43,54,38,113,87,83,25,36,128,72,51,18"/><U99/><E130/><V58/><F118/><W16/><G113/><T90/><D121/><U59/><E126/><V97/><F3/><W85/><G128/><T114/><D114/><U14/><E133/><V27/><F131/><W7/><G72/><T44/><D102/><U17/><E68/><V135/><F110/><W94/><G7/><T81/><D81/><U112/><E75/><V22/><F135/><W70/><G70/><T53/><D63/><U52/><E104/><V47/><F12/><W19/><G43/><T124/><D124/><U67/><E41/><V61/><F122/><W8/><G8/><T46/><D46/><U116/><E39/><V65/><F47/><W5/><G5/><T89/><D89/><U107/><E107/><V91/><F42/><W34/><G94/><T33/><D33/><U21/><E116/><V108/><F108/><W57/><REACH who="3" step="1"/><G87/><REACH who="3" ten="219,239,199,333" step="2"/><T111/><D111/><U35/><E112/><V132/><F132/><W127/><G127/><T23/><D40/><U109/><E109/><V115/><F115/><W123/><G123/><T117/><D117/><U95/><E99/><V2/><F2/><W125/><G125/><T62/><D92/><U29/><E98/><V96/><F96/><W86/><G86/><T134/><D134/><U93/><E93/><V106/><F106/><W32/><G32/><T26/><D74/><U66/><E95/><V103/><F103/><W119/><G119/><T56/><D82/><U88/><E35/><V0/><F0/><W79/><AGARI ba="0,1" hai="16,18,19,25,28,34,36,38,51,54,57,79,83,85" machi="79" ten="30,12000,2" yaku="1,1,0,1,52,1,54,1,53,3" doraHai="48" doraHaiUra="13" who="3" fromWho="3" sc="219,-30,239,-60,199,-30,333,130" /><INIT seed="2,0,0,5,0,101" ten="189,179,169,463" oya="2" hai0="28,3,8,131,65,99,110,51,57,132,126,81,74" hai1="19,64,66,133,71,10,97,124,113,49,14,18,22" hai2="92,42,36,72,77,35,73,47,25,12,76,70,103" hai3="90,50,9,85,91,45,96,6,115,38,82,95,75"/><V61/><F12/><W93/><G115/><T119/><D110/><U60/><E113/><V55/><F77/><W112/><G112/><T34/><D132/><U48/><E133/><V29/><F76/><W98/><G38/><T121/><D121/><U130/><E130/><V80/><F80/><W89/><G75/><T15/><D131/><U94/><E124/><V52/><F92/><W44/><REACH who="3" step="1"/><G50/><REACH who="3" ten="189,179,169,453" step="2"/><T106/><D51/><U134/><E134/><V86/><F73/><W2/><AGARI ba="0,1" hai="2,6,9,44,45,82,85,89,90,91,93,95,96,98" machi="2" ten="20,8000,1" yaku="1,1,2,1,0,1,7,1,9,1,53,0" doraHai="101" doraHaiUra="56" who="3" fromWho="3" sc="189,-20,179,-20,169,-40,453,90" /><INIT seed="3,0,0,0,1,127" ten="169,159,129,543" oya="3" hai0="51,110,62,125,102,120,37,99,13,5,76,134,66" hai1="100,22,83,107,50,124,81,128,111,113,61,104,67" hai2="105,117,88,68,78,82,52,48,64,86,30,109,55" hai3="72,112,106,65,108,77,23,36,28,39,85,27,45"/><W101/><G112/><T38/><D120/><U43/><E113/><V132/><F117/><W70/><G72/><T122/><D122/><U33/><E33/><V31/><F109/><W3/><G3/><T8/><D110/><U16/><E124/><V119/><F119/><W73/><G108/><T6/><D125/><U96/><E104/><V2/><F2/><W19/><G73/><T0/><D134/><U17/><E128/><V32/><F132/><W74/><G74/><T25/><D76/><U60/><E60/><V9/><F105/><W12/><G45/><T34/><D51/><U115/><E115/><V40/><F9/><W84/><G84/><T42/><D42/><U103/><E103/><V98/><F32/><W90/><G77/><T49/><D49/><U95/><E107/><V91/><F64/><W93/><G65/><T46/><D46/><U54/><E17/><V135/><F68/><W97/><REACH who="3" step="1"/><G70/><REACH who="3" ten="169,159,129,533" step="2"/><T47/><D47/><N who="1" m="27999" /><E111/><V87/><F135/><W79/><G79/><T56/><D0/><U57/><E43/><V129/><F40/><W59/><G59/><T24/><D66/><U20/><E57/><V10/><F78/><W92/><G92/><T63/><D56/><U118/><E118/><V18/><F87/><W131/><G131/><T126/><D126/><U75/><E75/><V29/><F129/><W130/><G130/><T133/><D133/><U123/><E123/><V94/><F48/><W58/><G58/><T53/><D38/><U1/><E1/><V121/><F121/><W14/><G14/><AGARI ba="0,1" hai="10,14,18,29,30,31,52,55,82,86,88,91,94,98" machi="14" ten="40,5200,0" yaku="8,1,54,2" doraHai="127" who="2" fromWho="3" sc="169,0,159,0,129,62,533,-52" /><INIT seed="4,0,0,4,2,0" ten="169,159,191,481" oya="0" hai0="119,76,77,42,81,66,24,85,101,30,127,123,95" hai1="64,62,43,7,99,46,133,74,80,21,36,55,34" hai2="14,57,23,75,124,116,37,132,83,39,65,71,44" hai3="2,122,113,25,16,28,58,97,49,118,48,8,73"/><T70/><D123/><U78/><E133/><V126/><F132/><W94/><G118/><T103/><D119/><U111/><E111/><V68/><F116/><W27/><G73/><T61/><D127/><N who="2" m="48682" /><F83/><W114/><G122/><T105/><D42/><U86/><E34/><V107/><F107/><W67/><G2/><T87/><D105/><U9/><E99/><V38/><F75/><W93/><G93/><T22/><REACH who="0" step="1"/><D77/><REACH who="0" ten="159,159,191,481" step="2"/><U31/><E43/><V17/><F44/><W40/><G40/><T89/><AGARI ba="0,1" hai="22,24,30,61,66,70,76,81,85,87,89,95,101,103" machi="89" ten="30,11700,0" yaku="1,1,2,1,0,1,53,1" doraHai="0" doraHaiUra="26" who="0" fromWho="0" sc="159,127,159,-39,191,-39,481,-39" /><INIT seed="4,1,0,2,4,76" ten="286,120,152,442" oya="0" hai0="102,60,64,124,117,30,82,36,115,78,91,93,9" hai1="18,8,32,40,77,81,49,118,63,45,34,42,79" hai2="111,70,123,95,105,54,88,56,0,52,134,98,17" hai3="85,12,59,109,5,72,90,51,24,65,62,61,44"/><T6/><D117/><U120/><E118/><V132/><F111/><W114/><G109/><T19/><D36/><U58/><E120/><V135/><F123/><W103/><G72/><T10/><D30/><U26/><E42/><V35/><F70/><W97/><G114/><T125/><D115/><U53/><E77/><V16/><F35/><W100/><G24/><T28/><D28/><U33/><E33/><V3/><F105/><W11/><G62/><T131/><D102/><U130/><E130/><V37/><F37/><W107/><G97/><T21/><D131/><U128/><E128/><V108/><F108/><W94/><G107/><T96/><D6/><U41/><E41/><AGARI ba="1,0" hai="5,11,12,41,44,51,59,61,65,85,90,94,100,103" machi="41" ten="30,2000,0" yaku="7,1,8,1" doraHai="76" who="3" fromWho="1" sc="286,0,120,-23,152,0,442,23" /><INIT seed="5,0,0,2,0,95" ten="286,97,152,465" oya="1" hai0="128,98,89,116,3,49,23,42,14,102,83,45,70" hai1="67,74,114,76,88,111,1,38,80,25,93,82,13" hai2="36,124,75,40,12,68,57,21,110,73,29,104,78" hai3="8,115,4,43,17,119,127,66,19,129,123,33,7"/><U65/><E1/><V134/><F68/><W125/><G123/><T32/><D116/><U59/><E114/><V126/><F110/><W133/><G43/><T117/><D117/><U5/><E38/><V86/><F104/><W113/><G66/><T135/><D32/><U20/><E111/><V39/><F134/><W22/><G33/><T84/><D135/><U44/><E44/><V47/><F39/><W18/><G133/><T35/><D35/><U27/><E82/><N who="2" m="47447" /><F57/><W121/><G121/><T24/><D70/><U28/><E59/><V132/><F132/><W60/><G60/><T26/><D128/><U122/><E122/><V130/><F130/><W63/><G63/><T58/><D58/><U72/><E72/><V55/><F55/><W107/><G107/><T10/><D3/><U109/><E109/><V106/><F106/><W48/><G48/><T81/><D81/><U37/><E37/><V54/><F54/><W79/><G79/><T131/><D23/><U96/><REACH who="1" step="1"/><E25/><REACH who="1" ten="286,87,152,465" step="2"/><N who="2" m="16559" /><F12/><W118/><G129/><T77/><D131/><U64/><E64/><V50/><F36/><W41/><G118/><T71/><D71/><U92/><E92/><V103/><F73/><W91/><G119/><T2/><D2/><U46/><E46/><V15/><F75/><W34/><G115/><T6/><D77/><U62/><E62/><V97/><F15/><W52/><G113/><T69/><D69/><U61/><E61/><V101/><F126/><W53/><G127/><T11/><D26/><U99/><E99/><V120/><F124/><W94/><G125/><T85/><D24/><RYUUKYOKU ba="0,1" sc="286,-10,87,30,152,-10,465,-10" hai1="5,13,20,27,28,65,67,74,76,80,88,93,96" /><INIT seed="5,1,1,5,2,20" ten="276,117,142,455" oya="1" hai0="73,134,109,116,70,30,34,31,11,16,4,84,58" hai1="5,52,102,79,105,126,48,63,80,77,64,28,66" hai2="100,82,110,69,119,92,27,49,2,115,94,29,6" hai3="45,39,71,32,114,14,17,41,87,93,12,81,26"/><U7/><E126/><V61/><F110/><W13/><G71/><T51/><D109/><U15/><E28/><V1/><F119/><W96/><G114/><T57/><D116/><U22/><E105/><V37/><F37/><W101/><G32/><T106/><D73/><U40/><E102/><V125/><F125/><W46/><G46/><T103/><D70/><U18/><E40/><V129/><F129/><W36/><G36/><T47/><D134/><U55/><E55/><V130/><F130/><W135/><G135/><T123/><D123/><U42/><E42/><V19/><F19/><W68/><G68/><T117/><D117/><U59/><E64/><V44/><F82/><W60/><G60/><T107/><D107/><U112/><E112/><V85/><F6/><N who="1" m="2057" /><E80/><V50/><F115/><W0/><G0/><T33/><D33/><U62/><E62/><V108/><F108/><W111/><G111/><T21/><D34/><U90/><E90/><V67/><F50/><W3/><G3/><T53/><D103/><U35/><E35/><V104/><F104/><W89/><G17/><T10/><D106/><U56/><AGARI ba="1,1" hai="15,18,22,48,52,56,59,63,66,77,79" m="2057" machi="56" ten="30,3000,0" yaku="8,1,54,1" doraHai="20" who="1" fromWho="1" sc="276,-11,117,43,142,-11,455,-11" /><INIT seed="5,2,0,0,1,68" ten="265,160,131,444" oya="1" hai0="100,19,78,67,36,13,120,29,79,43,3,101,57" hai1="83,114,28,41,125,71,70,96,21,18,72,65,131" hai2="121,133,74,106,16,103,39,51,34,92,85,48,24" hai3="107,17,64,66,7,111,35,98,25,15,102,122,47"/><U130/><E114/><V116/><F116/><W129/><G111/><T55/><D3/><U73/><E28/><V53/><F121/><W84/><G122/><T2/><D2/><U56/><E41/><V61/><F74/><W42/><G129/><N who="1" m="49162" /><E125/><V135/><F106/><W6/><G84/><T97/><D29/><U87/><E96/><N who="2" m="59783" /><F34/><W69/><G25/><T8/><D120/><U82/><E56/><N who="2" m="34959" /><F85/><W37/><G35/><T14/><D97/><U89/><E65/><V108/><F108/><W126/><G126/><T124/><D67/><U109/><E109/><V104/><F104/><W54/><G54/><T45/><D124/><U27/><E73/><V76/><F76/><AGARI ba="2,0" hai="18,21,27,70,71,72,76,82,83,87,89" m="49162" machi="76" ten="30,1500,0" yaku="19,1" doraHai="68" who="1" fromWho="2" sc="265,0,160,21,131,-21,444,0" /><INIT seed="5,3,0,5,0,100" ten="265,181,110,444" oya="1" hai0="113,15,11,50,92,42,111,12,63,20,5,38,47" hai1="56,26,33,78,8,117,21,43,9,24,131,0,75" hai2="102,90,132,91,39,30,127,73,35,97,101,94,108" hai3="114,96,59,27,116,115,120,122,86,46,16,77,54"/><U44/><E117/><V61/><F39/><W125/><G125/><T22/><D111/><U3/><E131/><V57/><F108/><W19/><G116/><T60/><D113/><N who="3" m="43017" /><G96/><T1/><D38/><U37/><E33/><V74/><F127/><W105/><G105/><T40/><D40/><U98/><E98/><V17/><F132/><W51/><G46/><T124/><D124/><U13/><E56/><V135/><F135/><W52/><G54/><T84/><D1/><U104/><E104/><V32/><F17/><N who="3" m="6731" /><G27/><T79/><D15/><U112/><E112/><V88/><F101/><W10/><G10/><T95/><D20/><U103/><E103/><V68/><F68/><W18/><G18/><T80/><D22/><U93/><E21/><V81/><F81/><AGARI ba="3,0" hai="51,52,59,77,81,86,120,122" m="6731,43017" machi="81" ten="30,3900,0" yaku="15,1,54,2" doraHai="100" who="3" fromWho="2" sc="265,0,181,0,110,-48,444,48" /><INIT seed="6,0,0,1,3,22" ten="265,181,62,492" oya="2" hai0="118,67,122,43,128,5,131,120,129,49,73,35,86" hai1="51,81,28,8,23,112,60,121,44,108,126,101,50" hai2="42,31,29,71,25,83,70,116,39,124,105,24,63" hai3="79,58,94,10,90,64,96,80,38,93,30,84,114"/><V26/><F116/><W0/><G38/><T133/><D73/><U77/><E108/><V78/><F105/><W127/><G127/><T69/><D35/><U46/><E126/><V52/><F124/><W99/><G114/><T15/><D118/><U27/><E112/><V87/><F42/><W132/><G132/><T97/><D133/><U19/><E101/><V110/><F39/><W56/><G64/><T62/><D86/><N who="1" m="48431" /><E60/><V76/><F110/><W117/><G30/><N who="2" m="11273" /><F71/><W13/><G0/><T34/><D34/><U102/><E102/><V85/><F70/><W6/><G117/><T20/><D97/><U33/><E33/><V2/><F2/><W18/><G6/><T59/><D69/><U100/><E100/><AGARI ba="0,0" hai="10,13,18,56,58,79,80,84,90,93,94,96,99,100" machi="100" ten="30,2000,0" yaku="7,1,8,1" doraHai="22" who="3" fromWho="1" sc="265,0,181,-20,62,0,492,20" /><INIT seed="7,0,0,3,1,44" ten="265,161,62,512" oya="3" hai0="32,103,111,101,38,93,10,91,106,9,88,92,22" hai1="109,20,98,78,69,31,72,1,80,76,83,47,53" hai2="118,123,25,70,23,81,112,121,95,115,41,124,43" hai3="67,119,46,79,40,39,120,86,48,36,97,51,18"/><W99/><G119/><T135/><D32/><U15/><E69/><V28/><F118/><W3/><G3/><T42/><D111/><U24/><E109/><V107/><F107/><W89/><G120/><T14/><D135/><U87/><E1/><V12/><F70/><W0/><G0/><T114/><D114/><U54/><E47/><V62/><F62/><W104/><G79/><T73/><D73/><U57/><E57/><V108/><F108/><W11/><G67/><T116/><D42/><U134/><E134/><V56/><F56/><W58/><G39/><T30/><D38/><U77/><E77/><V71/><F71/><W127/><G127/><T96/><D106/><U6/><E98/><V117/><F117/><W84/><G84/><N who="0" m="52231" /><D116/><U64/><E64/><V113/><F124/><W59/><G104/><T33/><D33/><U37/><E37/><V100/><F81/><W19/><G58/><T49/><D9/><U128/><E128/><V132/><F132/><W68/><G68/><T75/><D75/><U50/><E50/><V16/><F43/><W130/><G130/><T55/><D49/><U45/><E45/><V131/><F41/><W4/><G59/><T85/><D55/><U133/><E133/><V65/><F65/><W125/><G125/><T129/><D129/><U126/><E126/><V110/><F131/><W63/><G63/><T52/><D96/><U2/><E80/><V61/><F110/><W29/><G97/><T82/><D82/><U102/><E83/><V34/><F61/><W27/><G99/><T66/><D66/><U94/><E76/><RYUUKYOKU ba="0,0" sc="265,-10,161,-10,62,30,512,-10" hai2="12,16,23,25,28,34,95,100,112,113,115,121,123" owari="255,5.5,151,-24.9,92,-40.8,502,60.2" /></mjloggm>