<mjloggm ver="2.3"><GO type="169" lobby="0"/><UN n0="%E3%82%82%E3%81%BF%E3%81%95%E3%81%92" n1="%E3%80%90%E3%83%A1%E3%82%BF%E3%83%A9%E3%83%BC%E3%80%91" n2="%E3%81%A3%E3%81%A6%E3%81%93%E3%81%A8%EF%BC%81%EF%BC%9F" n3="%31%74%61" dan="16,17,16,18" rate="2128.20,2127.47,2050.33,2295.03" sx="M,M,M,M"/><TAIKYOKU oya="0"/><INIT seed="0,0,0,0,1,10" ten="250,250,250,250" oya="0" hai0="116,107,83,86,87,28,52,118,13,35,108,79,131" hai1="3,127,54,94,85,21,76,130,89,91,6,78,61" hai2="64,95,60,71,117,43,129,58,55,114,84,0,80" hai3="75,47,49,29,106,11,124,41,135,73,48,22,37"/><T115/><D107/><U51/><E127/><V34/><F129/><W74/><G106/><T18/><D115/><U110/><E110/><V132/><F114/><W4/><G124/><T102/><D102/><U113/><E130/><V5/><F34/><W27/><REACH who="3" step="1"/><G135/><REACH who="3" ten="250,250,250,240" step="2"/><T8/><D131/><U101/><E113/><V62/><F132/><W70/><G70/><T82/><D108/><U32/><E78/><V99/><F117/><W104/><G104/><T40/><D118/><U30/><E76/><V25/><F71/><W12/><AGARI ba="0,1" hai="4,11,12,22,27,29,37,41,47,48,49,73,74,75" machi="12" ten="30,4000,0" yaku="1,1,0,1,52,1,53,0" doraHai="10" doraHaiUra="77" who="3" fromWho="3" sc="250,-20,250,-10,250,-10,240,50" /><INIT seed="1,0,0,5,4,91" ten="230,240,240,290" oya="1" hai0="49,11,69,80,86,128,66,98,38,83,81,60,115" hai1="74,1,112,3,39,89,75,23,108,92,42,7,37" hai2="124,105,20,77,133,35,90,68,63,113,134,129,119" hai3="12,107,34,32,122,104,110,61,120,54,103,27,106"/><U121/><E112/><V36/><RYUUKYOKU type="yao9" ba="0,0" sc="230,0,240,0,240,0,290,0" hai2="20,35,36,63,68,77,90,105,113,119,124,129,133,134" /><INIT seed="1,1,0,1,4,15" ten="230,240,240,290" oya="1" hai0="132,36,93,17,118,65,116,8,25,112,23,109,80" hai1="81,91,19,77,34,71,125,56,12,29,133,85,97" hai2="16,110,35,10,69,52,9,58,6,45,50,46,79" hai3="32,37,74,48,134,95,111,130,4,62,60,26,49"/><U102/><E125/><V114/><F69/><W106/><G106/><T94/><D112/><U96/><E133/><V64/><F35/><W40/><G74/><T30/><D36/><U117/><E117/><V126/><F114/><W41/><G111/><T51/><D132/><U0/><E71/><V21/><F110/><W5/><G134/><T72/><D65/><U53/><E0/><V18/><F126/><W22/><G32/><T24/><D109/><U87/><E34/><V103/><F103/><W70/><G37/><T120/><D120/><U78/><E29/><V113/><F113/><W3/><G3/><T98/><D51/><U108/><E108/><V76/><F64/><W20/><G70/><T7/><D80/><U73/><E73/><V124/><F124/><W92/><REACH who="3" step="1"/><G26/><REACH who="3" ten="230,240,240,280" step="2"/><T13/><D72/><U119/><E119/><V127/><F127/><W99/><G99/><N who="1" m="37962" /><E87/><V129/><F129/><AGARI ba="1,1" hai="4,5,20,22,40,41,48,49,60,62,92,95,129,130" machi="129" ten="25,3200,0" yaku="1,1,22,2,53,0" doraHai="15" doraHaiUra="107" who="3" fromWho="2" sc="230,0,240,0,240,-35,280,45" /><INIT seed="2,0,0,3,2,95" ten="230,240,205,325" oya="2" hai0="124,63,0,96,18,8,11,15,65,31,118,7,59" hai1="39,20,109,126,130,36,53,61,91,32,135,102,74" hai2="90,129,10,85,45,38,3,131,35,100,94,73,72" hai3="71,5,6,83,28,12,115,47,79,21,86,66,103"/><V17/><F35/><W69/><G115/><T34/><D124/><U44/><E32/><V56/><F56/><W24/><G47/><T19/><D118/><U87/><E74/><V127/><F127/><W68/><G66/><T128/><D128/><N who="2" m="49226" /><F100/><W119/><G119/><T16/><D31/><U58/><E109/><V42/><F17/><W46/><G103/><T50/><D34/><U41/><E102/><V64/><F64/><W75/><G75/><T92/><REACH who="0" step="1"/><D50/><REACH who="0" ten="220,240,205,325" step="2"/><U110/><E126/><V93/><F93/><W4/><REACH who="3" step="1"/><G46/><REACH who="3" ten="220,240,205,315" step="2"/><T51/><D51/><U49/><E130/><V122/><F122/><W9/><AGARI ba="0,2" hai="4,5,6,9,12,21,24,28,68,69,71,79,83,86" machi="9" ten="40,5200,0" yaku="1,1,2,1,0,1,53,0" doraHai="95" doraHaiUra="106" who="3" fromWho="3" sc="220,-13,240,-13,205,-26,315,72" /><INIT seed="3,0,0,3,3,121" ten="207,227,179,387" oya="3" hai0="93,18,60,1,3,21,41,58,135,119,32,9,13" hai1="24,40,117,107,33,73,115,11,48,4,50,37,2" hai2="35,5,96,120,110,79,122,47,90,108,46,126,112" hai3="101,74,89,39,129,82,12,30,116,17,7,53,134"/><W76/><G116/><T65/><D119/><U31/><E115/><V133/><F112/><W91/><G39/><T57/><D32/><U83/><E117/><V34/><F79/><W22/><G129/><T98/><D135/><U92/><E107/><V49/><F133/><W106/><G134/><T45/><D57/><U123/><E92/><N who="2" m="56343" /><F5/><W95/><G7/><T63/><D63/><U8/><E8/><V0/><F0/><W77/><G77/><T81/><D81/><U109/><E123/><N who="2" m="47147" /><F126/><W25/><G106/><T10/><D3/><U43/><E43/><N who="2" m="24799" /><F47/><W71/><G71/><T80/><D1/><U52/><E37/><V124/><F124/><W105/><G105/><T86/><D45/><U88/><E40/><V113/><F113/><W78/><G78/><N who="0" m="46359" /><D41/><U61/><E73/><V68/><F68/><W62/><G62/><T23/><D9/><U54/><E61/><V118/><F118/><W19/><G53/><T56/><D56/><U69/><E69/><V38/><F38/><W114/><G114/><T125/><D125/><U87/><E54/><V44/><F44/><W102/><G91/><AGARI ba="0,0" hai="10,13,18,21,23,58,60,65,91,93,98" m="46359" machi="91" ten="30,1000,0" yaku="8,1" doraHai="121" who="0" fromWho="3" sc="207,10,227,0,179,0,387,-10" /><INIT seed="4,0,0,4,2,1" ten="217,227,179,377" oya="0" hai0="33,29,42,39,127,98,68,8,60,2,80,3,54" hai1="16,118,64,89,44,135,108,14,106,88,78,15,73" hai2="67,63,110,95,102,101,76,129,53,56,0,5,131" hai3="104,43,92,12,70,11,86,123,25,93,132,85,119"/><T81/><D127/><U69/><E108/><V50/><F110/><W13/><G104/><T82/><D42/><U96/><E118/><V32/><F32/><W47/><G70/><T109/><D39/><U97/><E15/><V94/><F76/><W75/><G75/><T66/><D109/><U6/><E6/><V24/><F24/><W52/><G119/><T103/><D54/><U120/><E120/><V51/><F51/><N who="3" m="28799" /><G132/><T27/><REACH who="0" step="1"/><D8/><REACH who="0" ten="207,227,179,377" step="2"/><U87/><E135/><V41/><F41/><W134/><G43/><T22/><D22/><U128/><E64/><V9/><F129/><W19/><G134/><T125/><D125/><U116/><E128/><V130/><F131/><W35/><G11/><T28/><D28/><U65/><E65/><V38/><F130/><W113/><G35/><T112/><D112/><U7/><E116/><V21/><F21/><W4/><G113/><T30/><D30/><U83/><E69/><V122/><F122/><W57/><G123/><T114/><D114/><U55/><E55/><V20/><F20/><W124/><G124/><T71/><D71/><U79/><E44/><V115/><F115/><W107/><G57/><T77/><D77/><U37/><E79/><V84/><F38/><W99/><G25/><T36/><D36/><U58/><E58/><V62/><F67/><W45/><G45/><T17/><D17/><U90/><E16/><V100/><F62/><W126/><G19/><T23/><D23/><U31/><E31/><V26/><F63/><W49/><G126/><T72/><D72/><U121/><E37/><V74/><F74/><RYUUKYOKU ba="0,1" sc="207,30,227,-10,179,-10,377,-10" hai0="2,3,27,29,33,60,66,68,80,81,82,98,103" /><INIT seed="4,1,1,3,1,77" ten="237,217,169,367" oya="0" hai0="93,7,37,14,17,54,55,99,98,122,60,86,111" hai1="15,52,44,107,53,20,11,84,48,130,45,8,96" hai2="85,67,91,23,72,121,36,64,42,24,131,26,16" hai3="29,109,132,129,33,43,66,41,30,101,120,114,63"/><T78/><D37/><U22/><E130/><V19/><F121/><W10/><G109/><T74/><D122/><U46/><E11/><V76/><F131/><W110/><G110/><T108/><D7/><U32/><E32/><V49/><F36/><W28/><G33/><T5/><D5/><U12/><E12/><V106/><F106/><W89/><G101/><T35/><D35/><U81/><E96/><N who="0" m="36905" /><D74/><U127/><E107/><V100/><F100/><W68/><G129/><T133/><D133/><U58/><E53/><V135/><F76/><W70/><G132/><T112/><D112/><U61/><E61/><V104/><F72/><W47/><G70/><T57/><D108/><U27/><E27/><V117/><F104/><W65/><G68/><T9/><D111/><U39/><E39/><V25/><F117/><W6/><G6/><T56/><D93/><U90/><E127/><V38/><F38/><W124/><G124/><T87/><D78/><U123/><E123/><V83/><F135/><W118/><G114/><T59/><D59/><U113/><E113/><V88/><F91/><W128/><G118/><T18/><D17/><AGARI ba="1,1" hai="8,15,17,20,22,44,45,46,48,52,58,81,84,90" machi="17" ten="40,5200,0" yaku="8,1,52,1,54,1" doraHai="77" who="1" fromWho="0" sc="237,-55,217,65,169,0,367,0" /><INIT seed="5,0,0,1,0,90" ten="182,282,169,367" oya="1" hai0="83,88,120,110,111,124,43,62,24,66,35,99,76" hai1="52,3,121,37,26,94,25,28,14,11,56,112,23" hai2="87,63,85,0,49,114,70,107,93,13,42,78,57" hai3="55,79,46,118,54,74,122,103,40,8,50,91,16"/><U30/><E121/><V116/><F116/><W104/><G122/><T133/><D120/><U21/><E37/><V34/><F0/><W39/><G103/><T27/><D124/><U41/><E112/><V109/><F109/><W125/><G104/><T102/><D133/><U80/><E80/><V126/><F34/><W6/><G125/><T106/><D43/><U72/><E72/><V44/><F107/><W96/><G16/><T119/><D119/><U59/><E41/><V105/><F105/><W58/><G55/><T98/><D24/><U20/><E20/><V123/><F70/><W67/><G67/><T17/><D17/><U128/><E128/><V47/><F47/><W32/><G32/><T132/><D132/><U10/><E3/><V33/><F33/><W1/><G118/><T134/><D134/><U89/><E14/><V131/><F114/><W9/><G9/><T113/><D113/><U127/><E59/><V53/><F131/><W82/><G91/><T31/><D98/><AGARI ba="0,0" hai="1,6,8,39,40,46,50,54,58,74,79,82,96,98" machi="98" ten="40,2600,0" yaku="25,2" doraHai="90" who="3" fromWho="0" sc="182,-26,282,0,169,0,367,26" /><INIT seed="6,0,0,0,3,66" ten="156,282,169,393" oya="2" hai0="116,124,81,109,7,83,3,94,120,28,10,0,127" hai1="99,63,102,2,5,101,19,37,113,130,17,41,58" hai2="57,55,97,20,1,108,125,26,64,25,52,12,49" hai3="70,51,47,78,13,53,54,131,132,14,8,82,9"/><V36/><F1/><W95/><G70/><T128/><D109/><U129/><E113/><V6/><F36/><W126/><G131/><N who="1" m="50186" /><E41/><V33/><F33/><W111/><G111/><T122/><D128/><U134/><E37/><V84/><F108/><W11/><G126/><N who="0" m="48171" /><D116/><U88/><E134/><V87/><F64/><W24/><G24/><N who="2" m="9321" /><F97/><W56/><G95/><T4/><D94/><N who="1" m="56775" /><E5/><N who="0" m="2121" /><D28/><U31/><E31/><V107/><F107/><W16/><G132/><T121/><D10/><U32/><E32/><V46/><F125/><W76/><G14/><T71/><D71/><U110/><E2/><AGARI ba="0,0" hai="0,2,3,81,83,120,121,122" m="2121,48171" machi="2" ten="40,5200,0" yaku="28,2,18,1" doraHai="66" who="0" fromWho="1" sc="156,52,282,-52,169,0,393,0" /><INIT seed="7,0,0,3,4,9" ten="208,230,169,393" oya="3" hai0="125,23,66,13,57,130,10,109,116,69,35,134,64" hai1="90,16,39,89,80,121,73,59,42,108,131,2,118" hai2="112,32,95,92,106,51,111,11,41,43,34,6,102" hai3="93,40,22,0,20,12,103,62,31,50,77,132,94"/><W1/><G50/><T63/><D109/><U70/><E121/><V84/><F111/><W129/><G12/><T88/><D116/><U96/><E108/><V8/><F112/><W135/><G77/><T45/><D35/><U76/><E70/><V44/><F106/><W127/><G62/><T54/><D125/><U36/><E2/><V83/><F43/><W60/><G60/><T98/><D134/><U81/><E131/><V117/><F117/><W79/><G40/><T14/><D130/><U53/><E42/><V86/><F95/><W26/><G79/><T28/><D45/><U85/><E16/><V82/><F82/><W99/><G99/><T119/><D119/><U17/><E17/><V52/><F41/><W7/><G7/><T124/><D124/><U5/><E5/><V58/><F44/><W25/><G31/><T49/><D66/><U114/><E114/><V29/><F29/><W75/><G127/><T97/><D10/><U19/><E19/><V104/><F104/><W4/><G129/><T37/><D37/><U120/><E120/><V68/><F68/><W27/><G4/><T107/><D107/><U115/><E115/><V71/><F71/><W21/><G0/><T110/><D110/><U67/><E67/><V122/><F122/><W38/><G1/><T24/><D98/><U87/><E96/><N who="2" m="59655" /><F11/><W61/><G135/><T74/><D74/><U47/><E47/><V15/><F86/><W56/><G75/><T126/><D126/><U33/><E118/><V3/><F3/><W18/><G132/><T91/><D97/><U123/><E123/><RYUUKYOKU ba="0,0" sc="208,15,230,-15,169,15,393,-15" hai0="13,14,23,24,28,49,54,57,63,64,69,88,91" hai2="6,8,15,32,34,51,52,58,83,84" owari="223,2.3,215,-18.5,184,-31.6,378,47.8" /></mjloggm>