<mjloggm ver="2.3"><GO type="169" lobby="0"/><UN n0="%E3%82%82%E3%81%BF%E3%81%95%E3%81%92" n1="%E3%82%B5%E3%83%AF%E3%83%B3%E3%82%B3%E3%83%95" n2="%E3%81%82%E3%81%BE%E3%81%82%E3%82%93" n3="%E5%A4%A9%E6%89%8D%E9%BA%BB%E5%B0%86%E6%99%BA%E4%B9%83" dan="16,16,16,16" rate="2152.68,2200.98,2098.99,2161.64" sx="M,M,M,M"/><TAIKYOKU oya="0"/><INIT seed="0,0,0,1,3,40" ten="250,250,250,250" oya="0" hai0="100,13,84,123,105,16,75,8,70,9,120,27,111" hai1="102,58,128,17,2,7,21,33,71,10,89,54,81" hai2="129,28,92,118,19,117,125,113,90,52,49,119,121" hai3="109,15,3,101,76,35,104,63,107,53,115,116,29"/><T97/><D75/><U114/><E71/><V31/><F121/><W78/><G3/><T45/><D70/><U65/><E33/><V5/><F113/><W59/><G115/><T22/><D111/><U67/><E114/><V56/><F129/><W132/><G116/><T6/><D84/><U83/><E128/><V0/><F125/><W126/><G126/><T24/><D24/><U23/><E102/><V1/><F19/><W135/><G109/><T86/><D86/><U55/><E89/><V133/><F133/><N who="3" m="51275" /><G15/><T51/><REACH who="0" step="1"/><D9/><REACH who="0" ten="240,250,250,250" step="2"/><U43/><E10/><N who="2" m="2343" /><F1/><W12/><G78/><T32/><D32/><U18/><E2/><V30/><F30/><W85/><G76/><T87/><D87/><AGARI ba="0,1" hai="28,31,49,52,56,87,90,92,117,118,119" m="2343" machi="87" ten="30,2000,0" yaku="12,1,54,1" doraHai="40" who="2" fromWho="0" sc="240,-20,250,0,250,30,250,0" /><INIT seed="1,0,0,4,1,36" ten="220,250,280,250" oya="1" hai0="22,37,75,69,49,116,79,95,23,81,107,73,39" hai1="82,101,28,57,124,32,7,104,2,52,83,96,71" hai2="128,13,78,133,102,40,99,135,105,109,50,4,59" hai3="48,43,92,34,91,86,62,120,41,61,26,74,113"/><U60/><E124/><V58/><F109/><W100/><G113/><T31/><D107/><U108/><E108/><V10/><F128/><W12/><G120/><T72/><D116/><U132/><E132/><N who="2" m="50763" /><F78/><W24/><G74/><T44/><D69/><U35/><E71/><V0/><F0/><W111/><G111/><T30/><D95/><U89/><E28/><V70/><F70/><W64/><G100/><T90/><D90/><U112/><E112/><V87/><F87/><W119/><G119/><T38/><D30/><U130/><E130/><V121/><F121/><W63/><G64/><T1/><D1/><U98/><E98/><V11/><F11/><W25/><G34/><T117/><D117/><U84/><REACH who="1" step="1"/><E83/><REACH who="1" ten="220,240,280,250" step="2"/><V76/><F76/><W127/><G127/><T94/><D31/><U129/><E129/><V8/><F8/><AGARI ba="0,1" hai="2,7,8,32,35,52,57,60,82,84,89,96,101,104" machi="8" ten="40,3900,0" yaku="1,1,54,1,53,0" doraHai="36" doraHaiUra="123" who="1" fromWho="2" sc="220,0,240,49,280,-39,250,0" /><INIT seed="1,1,0,3,4,5" ten="220,289,241,250" oya="1" hai0="9,89,71,73,87,3,37,10,67,12,132,50,97" hai1="131,33,18,62,40,110,95,100,135,49,79,122,32" hai2="75,6,124,101,107,82,7,21,27,54,70,43,38" hai3="127,133,41,2,114,121,74,126,91,112,42,130,115"/><U26/><E122/><V78/><F70/><W63/><G2/><T11/><D37/><U96/><E131/><V61/><F124/><N who="3" m="47659" /><G74/><T1/><D73/><U20/><E135/><V102/><F38/><W13/><G91/><T22/><D71/><U81/><E110/><V39/><F39/><W64/><G13/><T58/><D132/><U48/><E62/><V93/><F43/><N who="3" m="16395" /><G133/><T118/><D118/><U52/><E48/><V77/><F77/><W104/><G104/><T8/><D97/><U15/><E40/><V68/><F107/><W134/><G134/><T103/><D103/><U29/><E81/><V125/><F125/><W116/><G116/><T119/><D119/><U46/><REACH who="1" step="1"/><E79/><REACH who="1" ten="220,279,241,250" step="2"/><V105/><F82/><W69/><G121/><T14/><D1/><U92/><E92/><V98/><F78/><W28/><G130/><T94/><D3/><U17/><E17/><V88/><F93/><W44/><G28/><T34/><D50/><U59/><E59/><V35/><F105/><W129/><G129/><T72/><D58/><U120/><E120/><V53/><F61/><W47/><AGARI ba="1,1" hai="44,47,63,64,69,112,114,115" m="16395,47659" machi="47" ten="40,5200,0" yaku="18,1,34,2" doraHai="5" who="3" fromWho="3" sc="220,-14,279,-27,241,-14,250,65" /><INIT seed="2,0,0,3,0,90" ten="206,252,227,315" oya="2" hai0="109,52,118,87,55,28,56,73,34,3,43,14,60" hai1="64,15,9,95,50,54,65,77,39,104,128,85,11" hai2="121,96,61,103,99,41,13,94,124,119,133,101,10" hai3="134,114,106,98,83,47,135,12,8,57,5,79,78"/><V107/><F119/><W49/><G114/><T66/><D73/><U125/><E104/><V35/><F121/><W127/><G127/><T46/><D3/><U76/><E39/><V108/><F124/><W37/><G37/><T113/><D113/><U4/><E128/><V111/><F35/><W38/><G38/><T67/><D28/><U51/><E125/><V27/><F133/><N who="3" m="50699" /><G57/><N who="0" m="34879" /><D14/><U21/><E21/><V122/><F122/><W130/><G130/><T110/><D34/><U25/><E25/><V48/><F27/><W24/><G24/><T68/><D87/><U89/><E9/><V97/><F61/><W53/><G83/><T18/><D18/><U42/><E42/><V91/><F41/><W105/><G98/><T63/><D118/><U88/><E89/><V30/><F48/><N who="1" m="18473" /><E54/><V7/><REACH who="2" step="1"/><F30/><REACH who="2" ten="206,252,217,315" step="2"/><W0/><G49/><N who="0" m="26847" /><D68/><U62/><E62/><V80/><F80/><W32/><G32/><T112/><D112/><U117/><E117/><V71/><F71/><W72/><G47/><T81/><D81/><U40/><E40/><V6/><F6/><W132/><G132/><T102/><D102/><U22/><E22/><V115/><F115/><W36/><G5/><T20/><D20/><U86/><E77/><V82/><F82/><AGARI ba="0,1" hai="4,11,15,64,65,76,82,85,86,88,95" m="18473" machi="82" ten="30,3900,0" yaku="8,1,52,1,54,1" doraHai="90" who="1" fromWho="2" sc="206,0,252,49,217,-39,315,0" /><INIT seed="3,0,0,2,4,97" ten="206,301,178,315" oya="3" hai0="85,134,89,10,76,125,7,59,3,30,114,4,88" hai1="93,8,33,63,110,47,13,46,82,101,131,11,80" hai2="130,81,62,67,98,118,1,91,103,129,69,20,122" hai3="60,90,78,87,71,17,79,31,127,73,50,9,100"/><W35/><G127/><T22/><D125/><U12/><E110/><V51/><F118/><W113/><G113/><T5/><D134/><U77/><E33/><V0/><F122/><W75/><G100/><T58/><D114/><U126/><E126/><V107/><F51/><W84/><G35/><T128/><D128/><N who="2" m="49258" /><F20/><W104/><G31/><T29/><D76/><U111/><E111/><V38/><F38/><W36/><G104/><T116/><D116/><U14/><E63/><V106/><F106/><W96/><G36/><T26/><D30/><U121/><E121/><V135/><F135/><W70/><G50/><T86/><D10/><N who="1" m="3627" /><E131/><V119/><F119/><W21/><G9/><T45/><D45/><N who="1" m="16907" /><E77/><V115/><F115/><W133/><G133/><T108/><D3/><U44/><E44/><V61/><F61/><W112/><G112/><T117/><D117/><U65/><E65/><V95/><F81/><N who="1" m="31337" /><E93/><V39/><F39/><W124/><G60/><T123/><D123/><U53/><E53/><V99/><AGARI ba="0,0" hai="0,1,62,67,69,91,95,98,99,103,107" m="49258" machi="99" ten="30,2000,0" yaku="19,1,52,1" doraHai="97" who="2" fromWho="2" sc="206,-5,301,-5,178,20,315,-10" /><INIT seed="4,0,0,2,0,110" ten="201,296,198,305" oya="0" hai0="108,39,4,37,20,89,66,111,87,63,17,75,25" hai1="33,67,2,80,106,47,22,135,7,8,125,34,48" hai2="133,0,122,28,60,88,109,59,69,12,115,29,123" hai3="61,15,9,74,92,40,19,90,1,107,14,44,119"/><T11/><D75/><U72/><E106/><V38/><F0/><W78/><G119/><T102/><D102/><U83/><E135/><V94/><F109/><N who="0" m="42058" /><D87/><U64/><E125/><V101/><F133/><W18/><G107/><T13/><D89/><U52/><E22/><V112/><F69/><AGARI ba="0,0" hai="4,11,13,17,20,25,37,39,63,66,69" m="42058" machi="69" ten="30,1500,0" yaku="10,1" doraHai="110" who="0" fromWho="2" sc="201,15,296,0,198,-15,305,0" /><INIT seed="4,1,0,3,4,25" ten="216,296,183,305" oya="0" hai0="120,85,54,134,113,66,99,131,89,0,114,63,64" hai1="21,119,116,135,90,87,38,106,78,101,16,36,20" hai2="91,8,128,88,14,33,77,41,34,47,70,49,29" hai3="50,84,18,129,1,15,71,23,30,123,7,68,81"/><T105/><D120/><U27/><E135/><V46/><F128/><W52/><G129/><T11/><D134/><U57/><E78/><V112/><F112/><N who="0" m="43114" /><D131/><U124/><E124/><V109/><F109/><W58/><G123/><T69/><D64/><U3/><E3/><V55/><F70/><W72/><G72/><T61/><D61/><U94/><E106/><V39/><F77/><W100/><G100/><N who="0" m="62623" /><D54/><U28/><E57/><V93/><F29/><W53/><G30/><T9/><D0/><U37/><REACH who="1" step="1"/><E101/><REACH who="1" ten="216,286,183,305" step="2"/><V80/><F80/><AGARI ba="1,1" hai="9,11,63,66,69,80,85,89" m="62623,43114" machi="80" ten="30,1500,0" yaku="15,1" doraHai="25" who="0" fromWho="2" sc="216,28,286,0,183,-18,305,0" /><INIT seed="4,2,0,5,4,27" ten="244,286,165,305" oya="0" hai0="18,93,100,58,63,44,114,86,120,90,134,133,11" hai1="130,106,15,52,17,5,99,64,128,75,54,45,2" hai2="62,26,73,122,116,51,4,84,129,28,59,123,53" hai3="124,94,31,60,9,70,68,22,42,49,8,43,108"/><T35/><D120/><U77/><E64/><V72/><F129/><N who="1" m="49769" /><E2/><V23/><F116/><W3/><G108/><T117/><D117/><U132/><E5/><V125/><F125/><W113/><G124/><T6/><D114/><U67/><E67/><V121/><F4/><W105/><G105/><T97/><D35/><U21/><E132/><N who="0" m="50793" /><D44/><U81/><E45/><V103/><F103/><AGARI ba="2,0" hai="15,17,21,52,54,75,77,81,99,103,106" m="49769" machi="103" ten="30,2000,0" yaku="19,1,54,1" doraHai="27" who="1" fromWho="2" sc="244,0,286,26,165,-26,305,0" /><INIT seed="5,0,0,3,3,71" ten="244,312,139,305" oya="1" hai0="28,16,128,89,45,37,46,75,29,129,121,34,52" hai1="87,77,66,91,117,43,9,13,40,21,4,111,113" hai2="33,55,27,12,104,10,120,88,115,112,95,7,25" hai3="119,24,114,116,11,118,72,78,0,130,106,20,15"/><U132/><E117/><V48/><F104/><W92/><G106/><T69/><D69/><U94/><E113/><N who="2" m="43595" /><F33/><W80/><G114/><T108/><D108/><U70/><E132/><V58/><F120/><W2/><G92/><T22/><D75/><U109/><E77/><V64/><F64/><W131/><G15/><T96/><D121/><U68/><E68/><V125/><F125/><W63/><G63/><T53/><D96/><AGARI ba="0,0" hai="7,10,12,25,27,48,55,58,88,95,96" m="43595" machi="96" ten="30,3900,0" yaku="15,1,11,1,54,1" doraHai="71" who="2" fromWho="0" sc="244,-39,312,0,139,39,305,0" /><INIT seed="6,0,0,0,1,135" ten="205,312,178,305" oya="2" hai0="120,99,42,31,57,66,67,54,52,82,35,43,81" hai1="133,16,69,64,51,93,50,95,68,103,101,121,24" hai2="87,105,32,59,7,12,49,29,134,119,94,11,80" hai3="23,38,3,113,44,79,61,17,89,39,117,128,19"/><V8/><F119/><W100/><G117/><T46/><D35/><U92/><E133/><V85/><F105/><W108/><G108/><T76/><D31/><U86/><E121/><V97/><F134/><W91/><G3/><T73/><D120/><U56/><E69/><V126/><F126/><W90/><G79/><T27/><D27/><U124/><E124/><V118/><F118/><W37/><G100/><N who="1" m="38474" /><E68/><V109/><F109/><W123/><G123/><T107/><D82/><U132/><E132/><V40/><F32/><W30/><G128/><T6/><D6/><U18/><E86/><V72/><F29/><W129/><G129/><T127/><D127/><U106/><E106/><V75/><F11/><W14/><G113/><T116/><D116/><U112/><E112/><V0/><F0/><W13/><G61/><T131/><D131/><U10/><E64/><V55/><F40/><W45/><REACH who="3" step="1"/><G30/><REACH who="3" ten="205,312,178,295" step="2"/><T130/><D130/><U71/><E71/><V78/><REACH who="2" step="1"/><F72/><REACH who="2" ten="205,312,168,295" step="2"/><W47/><G47/><T22/><D46/><U88/><E18/><V33/><F33/><W53/><G53/><T41/><D54/><U125/><E125/><V122/><F122/><W111/><G111/><T58/><D52/><U15/><E16/><V5/><F5/><W83/><G83/><T4/><D81/><U25/><E95/><V96/><F96/><W65/><G65/><T48/><D99/><U114/><E93/><V63/><F63/><W77/><G77/><T1/><D76/><U62/><E92/><V102/><AGARI ba="0,2" hai="7,8,12,49,55,59,75,78,80,85,87,94,97,102" machi="102" ten="20,3900,0" yaku="1,1,0,1,7,1,53,0" doraHai="135" doraHaiUra="20" who="2" fromWho="2" sc="205,-13,312,-13,168,59,295,-13" /><INIT seed="6,1,0,1,3,15" ten="192,299,227,282" oya="2" hai0="22,57,34,92,45,14,80,82,11,104,17,126,6" hai1="61,135,101,109,134,76,127,111,97,58,33,21,50" hai2="123,30,108,100,48,83,99,29,59,3,31,85,24" hai3="25,41,98,81,66,124,96,46,129,26,94,117,55"/><V35/><F123/><W119/><G117/><T72/><D104/><U87/><E33/><V78/><F3/><W103/><G119/><T47/><D126/><U36/><E36/><V16/><F108/><W32/><G124/><T60/><D34/><U77/><E50/><V110/><F110/><W42/><G129/><T79/><D82/><N who="1" m="47559" /><E77/><V86/><F86/><W67/><G55/><T115/><D115/><U102/><E21/><N who="2" m="13351" /><F35/><W44/><G81/><T128/><D92/><N who="1" m="58535" /><E102/><V118/><F118/><W88/><G32/><T5/><D128/><U38/><E38/><V116/><F116/><W125/><G125/><T107/><D107/><U65/><E127/><V49/><F59/><W91/><G103/><T51/><D51/><N who="2" m="19530" /><F100/><W28/><G94/><T39/><D39/><U74/><E74/><V106/><F106/><W2/><G2/><T18/><D5/><U132/><AGARI ba="1,0" hai="58,61,65,109,111,132,134,135" m="58535,47559" machi="132" ten="30,1100,0" yaku="20,1" doraHai="15" who="1" fromWho="1" sc="192,-4,299,14,227,-6,282,-4" /><INIT seed="7,0,0,5,4,47" ten="188,313,221,278" oya="3" hai0="100,51,52,21,85,54,60,37,101,102,25,29,80" hai1="34,132,73,0,98,77,87,40,45,120,5,106,76" hai2="17,89,68,121,91,95,18,79,53,112,56,72,125" hai3="129,12,10,65,114,107,27,48,115,90,135,36,103"/><W108/><G36/><T128/><D37/><N who="1" m="21647" /><E120/><V105/><F68/><W20/><G129/><T109/><D128/><U33/><E87/><V70/><F70/><W15/><G135/><T86/><D109/><U42/><E77/><V3/><F3/><W7/><G108/><T83/><D60/><U66/><E42/><V96/><F112/><N who="3" m="43051" /><G65/><T81/><REACH who="0" step="1"/><D54/><REACH who="0" ten="178,313,221,278" step="2"/><U63/><E63/><V119/><F121/><W2/><G48/><T28/><D28/><U64/><E66/><V92/><F119/><W24/><G24/><T134/><D134/><U99/><E64/><V22/><F125/><W9/><G27/><T4/><D4/><U126/><E126/><V94/><F18/><W46/><G7/><T6/><D6/><U133/><E133/><V88/><F53/><W118/><G118/><T69/><D69/><U41/><E132/><V44/><F56/><AGARI ba="0,1" hai="21,25,29,51,52,56,80,81,83,85,86,100,101,102" machi="56" ten="40,8000,1" yaku="1,1,8,1,52,1,54,1,53,0" doraHai="47" doraHaiUra="84" who="0" fromWho="2" sc="178,90,313,0,221,-80,278,0" owari="268,-13.2,313,41.3,141,-35.9,278,7.8" /></mjloggm>