<mjloggm ver="2.3"><GO type="225" lobby="0"/><UN n0="%E6%9C%88%E5%B3%B6%E5%9F%BA" n1="%E6%A1%9C%E8%8A%B1%E9%96%83%E3%80%85" n2="%43%55%4B%45%59" n3="%E3%82%BC%E3%83%AB%E3%83%80%E3%81%AE%E4%BC%9D%E8%AA%AC" dan="17,16,16,17" rate="2220.95,2195.48,2057.37,2169.32" sx="M,M,M,M"/><TAIKYOKU oya="0"/><INIT seed="0,0,0,1,1,88" ten="250,250,250,250" oya="0" hai0="93,121,133,91,43,135,116,20,123,127,81,131,83" hai1="109,29,3,78,67,10,9,87,37,58,55,102,120" hai2="16,2,24,65,40,96,84,12,104,106,75,54,60" hai3="15,61,122,47,124,74,99,17,117,18,31,115,48"/><T8/><D43/><U69/><E120/><N who="0" m="46153" /><D20/><U4/><E37/><V112/><F2/><W95/><G122/><T64/><D8/><U113/><E29/><V100/><F75/><W85/><G74/><T44/><D44/><U128/><E9/><V73/><F112/><W22/><G117/><T45/><D45/><U19/><E19/><V7/><F73/><W23/><G124/><T33/><D64/><U52/><E55/><V92/><F40/><W76/><G115/><T114/><D33/><U79/><E79/><V125/><F125/><W56/><G31/><T50/><D50/><U59/><E78/><V49/><F7/><W130/><G130/><T108/><D114/><U90/><E59/><V80/><F24/><W32/><G32/><T57/><D57/><U72/><E67/><V66/><F106/><W62/><G56/><T30/><D30/><U103/><E69/><V14/><F104/><W28/><G28/><T94/><D116/><U101/><E113/><V134/><F134/><N who="0" m="51210" /><D131/><U21/><E21/><N who="2" m="11399" /><F14/><N who="3" m="9527" /><G48/><T42/><D42/><U0/><E128/><V38/><F38/><W110/><G47/><T77/><D127/><U34/><E0/><V105/><F60/><W132/><G132/><T41/><D41/><U126/><E126/><V111/><F111/><W70/><G110/><T39/><D39/><U35/><E109/><V36/><F36/><W119/><G119/><T63/><D63/><N who="1" m="36295" /><E72/><V82/><F49/><W1/><G1/><T98/><D108/><U107/><E107/><V71/><F71/><W5/><G70/><T118/><D118/><U27/><E27/><RYUUKYOKU ba="0,0" sc="250,-10,250,30,250,-10,250,-10" hai1="3,4,10,34,35,87,90,101,102,103" /><INIT seed="1,1,0,1,5,100" ten="240,280,240,240" oya="1" hai0="70,120,95,82,81,9,132,117,54,38,107,30,49" hai1="60,45,16,78,106,76,1,73,112,110,135,94,121" hai2="67,13,74,37,127,84,98,7,91,72,92,44,33" hai3="10,26,133,51,12,101,75,124,83,6,99,4,19"/><U93/><E112/><V39/><F33/><W115/><G115/><T24/><D117/><U80/><E121/><V68/><F127/><W2/><G124/><T96/><D120/><U50/><E135/><V3/><F3/><W59/><G133/><T66/><D38/><U48/><E1/><V5/><F68/><W130/><G130/><T123/><D123/><U47/><E110/><V8/><F67/><W118/><G118/><T103/><D132/><U65/><E106/><V105/><F7/><W20/><G75/><T32/><D95/><U27/><E78/><V119/><F119/><W63/><G83/><T28/><D28/><U52/><E27/><V11/><F11/><W85/><G85/><T87/><D9/><U131/><E16/><V29/><F29/><W42/><G42/><T79/><D82/><U53/><REACH who="1" step="1"/><E131/><REACH who="1" ten="240,270,240,240" step="2"/><V57/><F105/><W125/><G125/><T126/><D126/><U113/><E113/><V17/><F17/><W77/><G77/><T14/><D14/><U64/><E64/><V129/><F129/><W90/><G2/><T43/><D66/><U111/><E111/><V62/><F74/><W104/><G4/><T23/><D79/><U128/><E128/><V56/><F72/><W109/><G109/><T36/><D107/><U88/><E88/><V15/><F15/><W86/><G90/><T116/><D116/><U108/><E108/><V55/><F13/><W40/><G6/><T0/><D0/><U89/><E89/><V97/><F91/><W18/><G104/><T134/><D134/><U71/><AGARI ba="1,1" hai="45,47,48,50,52,53,60,65,71,73,76,80,93,94" machi="71" ten="20,18000,2" yaku="1,1,0,1,7,1,9,1,54,1,53,1" doraHai="100" doraHaiUra="58" who="1" fromWho="1" sc="240,-61,270,193,240,-61,240,-61" /><INIT seed="1,2,0,3,2,90" ten="179,463,179,179" oya="1" hai0="21,10,0,100,104,44,83,121,13,118,9,92,29" hai1="116,95,117,26,51,37,72,66,38,129,18,55,115" hai2="75,59,65,11,87,60,88,131,128,53,99,91,82" hai3="19,70,48,94,47,76,133,122,57,22,108,135,112"/><U64/><E72/><V130/><F75/><W6/><G122/><T33/><D118/><N who="1" m="45675" /><E95/><N who="2" m="56807" /><F131/><W36/><BYE who="2" /><G112/><T84/><D121/><U46/><E18/><V8/><F8/><W17/><G70/><T12/><D104/><U89/><E26/><UN n2="%43%55%4B%45%59" /><V126/><F126/><W30/><G108/><T28/><D44/><N who="1" m="28135" /><E89/><V63/><F63/><W97/><G36/><N who="1" m="13930" /><E115/><V52/><F130/><W27/><G76/><T43/><D0/><U2/><E2/><V68/><F68/><W41/><G6/><T4/><D33/><U7/><E7/><V113/><F113/><W73/><G73/><T32/><D32/><U101/><E101/><V110/><F110/><W98/><G98/><N who="0" m="59463" /><D21/><U31/><E31/><V81/><F128/><W54/><G19/><N who="0" m="8591" /><D29/><U5/><E5/><V56/><F11/><W93/><G30/><T114/><D28/><U15/><E15/><V20/><F20/><W42/><G97/><T74/><D114/><U62/><E129/><V125/><F125/><W109/><G109/><T14/><D14/><U127/><E127/><V107/><F107/><W69/><G17/><T103/><D74/><U120/><E62/><N who="2" m="36103" /><F82/><W79/><G22/><T85/><D83/><U111/><E111/><V106/><F106/><W119/><G119/><T67/><D10/><U124/><E124/><V123/><F123/><W50/><G93/><T86/><D4/><U3/><E3/><V71/><F71/><W34/><G69/><T105/><D105/><U78/><E120/><V58/><F58/><W40/><G94/><T132/><D13/><U61/><E61/><V102/><F102/><RYUUKYOKU ba="2,0" sc="179,-10,463,-10,179,30,179,-10" hai2="53,59,60,65,81,87,91" /><INIT seed="2,3,0,3,2,108" ten="169,453,209,169" oya="2" hai0="97,49,21,87,63,81,70,102,124,133,10,122,68" hai1="55,64,31,34,6,130,45,88,57,16,131,65,60" hai2="104,32,78,15,99,77,105,75,30,83,23,56,127" hai3="38,53,17,29,41,62,90,135,91,61,132,74,120"/><V8/><F127/><W44/><G120/><T12/><D122/><U33/><E6/><V46/><F32/><W47/><G74/><T115/><D124/><U58/><E16/><V71/><F71/><W129/><G29/><T0/><D133/><N who="3" m="51273" /><G17/><T27/><D0/><U126/><E126/><V72/><F56/><W7/><G7/><T37/><D37/><U4/><E4/><V118/><F46/><W112/><G129/><N who="1" m="49162" /><E88/><N who="3" m="33834" /><G112/><T19/><D115/><U5/><E5/><V51/><F118/><W13/><G13/><T69/><D12/><U98/><E31/><V3/><F3/><W22/><G22/><T18/><D10/><U123/><E123/><V94/><F51/><AGARI ba="3,0" hai="38,41,44,47,51,53,61,62" m="33834,51273" machi="51" ten="30,2000,0" yaku="20,1,54,1" doraHai="108" who="3" fromWho="2" sc="169,0,453,0,209,-29,169,29" /><INIT seed="3,0,0,4,2,56" ten="169,453,180,198" oya="3" hai0="35,108,87,112,114,25,130,52,100,55,76,31,115" hai1="97,75,133,33,116,11,126,101,28,90,91,94,74" hai2="111,17,15,34,12,7,45,135,134,72,86,71,47" hai3="107,93,16,125,38,65,67,83,23,102,123,124,64"/><W36/><G107/><T131/><D108/><U4/><E126/><N who="3" m="48746" /><G123/><T10/><D100/><U8/><E133/><N who="2" m="50699" /><F72/><W84/><G93/><T104/><D104/><U120/><E11/><N who="2" m="4223" /><F111/><W79/><G102/><T40/><D40/><U32/><E91/><V1/><F1/><W19/><G19/><T132/><D132/><U118/><E101/><V68/><F34/><N who="1" m="13417" /><E28/><V49/><F86/><W13/><AGARI ba="0,0" hai="13,16,23,36,38,64,65,67,79,83,84" m="48746" machi="13" ten="30,3000,0" yaku="18,1,54,1" doraHai="56" who="3" fromWho="3" sc="169,-10,453,-10,180,-10,198,30" /><INIT seed="3,1,0,4,2,30" ten="159,443,170,228" oya="3" hai0="56,9,38,89,12,107,53,3,129,105,21,28,87" hai1="58,25,122,37,5,15,51,76,97,131,109,11,93" hai2="91,54,70,111,71,20,67,41,29,83,73,63,68" hai3="55,0,10,95,44,52,92,102,119,72,23,32,43"/><W47/><G23/><T24/><D38/><U114/><E37/><V77/><F111/><W124/><G10/><T82/><D3/><U85/><E109/><V120/><F120/><W16/><G16/><T90/><D129/><U130/><E122/><V64/><F41/><W113/><G102/><T75/><D75/><U61/><E51/><V94/><F54/><W100/><G100/><T99/><D99/><U103/><E114/><V6/><F6/><W134/><G0/><T135/><D135/><U110/><E110/><V36/><F36/><W125/><G72/><T118/><D118/><U84/><E25/><V8/><F8/><W126/><G134/><T133/><D133/><U59/><E59/><V81/><F81/><W112/><G119/><T132/><D132/><U57/><E57/><V50/><F50/><W117/><G117/><T78/><D105/><U27/><E27/><V19/><F29/><W18/><G18/><N who="0" m="8463" /><D107/><U26/><E26/><V79/><F79/><W108/><G108/><T14/><D14/><U86/><REACH who="1" step="1"/><E76/><REACH who="1" ten="159,433,170,228" step="2"/><V116/><F116/><W74/><G113/><T69/><D69/><U40/><E40/><V33/><F33/><W48/><G32/><T22/><D22/><U39/><E39/><V17/><F20/><W42/><G112/><T7/><D7/><U35/><E35/><V128/><F128/><W88/><G43/><T13/><D13/><U31/><E31/><V34/><F34/><W45/><G42/><T46/><D46/><U1/><E1/><V2/><F2/><W62/><G44/><T104/><D104/><U60/><E60/><AGARI ba="1,1" hai="21,24,28,53,56,60,78,82,87,89,90" m="8463" machi="60" ten="30,2000,0" yaku="6,1,8,1" doraHai="30" who="0" fromWho="1" sc="159,33,433,-23,170,0,228,0" owari="192,-20.8,410,51.0,170,-33.0,228,2.8" /></mjloggm>