<mjloggm ver="2.3"><GO type="169" lobby="0"/><UN n0="%E9%A2%A8%E3%81%A7%E9%B3%B4%E3%81%8F" n1="%E6%9C%AC%E5%AE%B6%E3%81%8B%E3%81%BE%E3%81%A9%E3%82%84" n2="%70%6F%6E%2D%65%6E" n3="%E6%98%8E%E6%98%9F%E5%B8%82%E6%B0%91" dan="16,16,16,16" rate="2155.18,2136.32,2110.24,2134.45" sx="M,M,F,M"/><TAIKYOKU oya="0"/><INIT seed="0,0,0,2,5,12" ten="250,250,250,250" oya="0" hai0="103,125,88,35,68,62,25,17,60,50,45,11,8" hai1="100,2,24,14,134,119,54,84,10,118,18,16,85" hai2="80,121,91,112,53,120,51,69,106,49,46,109,113" hai3="29,79,66,117,32,94,135,96,3,55,39,67,101"/><T98/><D125/><U90/><E134/><V6/><F106/><W81/><G135/><T83/><D68/><U97/><E2/><V99/><F6/><W128/><G3/><T107/><D8/><U38/><E38/><V52/><F99/><W82/><G39/><T27/><D27/><U129/><E129/><V21/><F21/><W41/><G41/><T126/><D126/><U37/><E37/><V9/><F9/><W0/><G0/><T4/><D4/><U34/><E34/><V75/><F91/><W124/><G124/><T63/><D35/><U40/><E40/><V74/><F80/><W87/><G128/><T42/><D11/><U23/><E54/><V1/><F1/><W47/><G117/><T110/><D110/><U131/><E131/><V115/><F109/><W71/><G71/><T102/><D102/><U114/><E114/><V108/><F108/><W31/><G32/><T123/><D123/><N who="2" m="47178" /><F75/><W78/><G31/><T116/><D116/><U26/><E26/><V105/><F105/><W89/><G29/><T93/><D83/><U76/><E76/><V28/><F28/><W95/><G81/><T59/><D107/><U61/><E61/><V72/><F74/><W70/><G70/><T104/><D104/><U30/><E30/><V44/><F72/><W56/><G78/><T58/><D103/><U127/><E127/><V15/><F15/><W111/><G111/><T77/><D77/><U64/><E118/><V48/><F69/><W132/><G132/><T43/><D43/><U122/><E119/><V5/><F5/><W73/><G73/><RYUUKYOKU ba="0,0" sc="250,15,250,-15,250,15,250,-15" hai0="17,25,42,45,50,58,59,60,62,63,88,93,98" hai2="44,46,48,49,51,52,53,112,113,115" /><INIT seed="0,1,0,0,1,39" ten="265,235,265,235" oya="0" hai0="82,57,85,123,131,122,50,75,119,116,68,32,120" hai1="22,10,78,30,107,91,88,31,56,101,36,69,16" hai2="126,95,70,83,26,54,103,121,130,40,124,15,17" hai3="7,45,23,52,35,128,108,61,67,20,33,3,24"/><T12/><D68/><U90/><E69/><V49/><F121/><W41/><G108/><T28/><D75/><U118/><E118/><V60/><F26/><W25/><G128/><T38/><D38/><U92/><E107/><V37/><F83/><W65/><G7/><T19/><D131/><U53/><E36/><V115/><F115/><W109/><G3/><T113/><D113/><U127/><E78/><V77/><F77/><W97/><G97/><T110/><D110/><U43/><E43/><V105/><F95/><W9/><G9/><T29/><D32/><U106/><E10/><V112/><F112/><W6/><G6/><T99/><D99/><N who="1" m="59623" /><E106/><V93/><F93/><W1/><G1/><T63/><D50/><N who="1" m="30775" /><E127/><V44/><F103/><W51/><G109/><T86/><D116/><U84/><E84/><V135/><F105/><W89/><G89/><T5/><D5/><U62/><E62/><V125/><F130/><W96/><G96/><T114/><D119/><U102/><E102/><V48/><F17/><N who="3" m="12303" /><G35/><T76/><D85/><U74/><E74/><V8/><F15/><AGARI ba="1,0" hai="15,16,22,30,31,88,90,91" m="30775,59623" machi="15" ten="30,3900,0" yaku="8,1,54,2" doraHai="39" who="1" fromWho="2" sc="265,0,235,42,265,-42,235,0" /><INIT seed="1,0,0,4,2,129" ten="265,277,223,235" oya="1" hai0="67,22,73,48,47,24,77,130,125,60,100,99,53" hai1="114,75,2,40,124,84,9,37,126,98,41,44,19" hai2="123,62,76,81,34,89,54,70,107,0,52,131,61" hai3="90,102,103,46,57,101,93,38,10,108,122,92,1"/><U43/><E114/><V11/><F34/><W74/><G74/><T31/><D130/><U79/><E98/><V56/><F107/><W85/><G108/><T133/><D125/><N who="1" m="48235" /><E84/><V78/><F123/><W33/><G33/><T72/><D77/><U8/><E19/><V50/><F131/><W32/><G32/><T45/><D45/><U106/><E106/><V135/><F70/><W118/><G122/><T18/><D18/><U27/><E27/><V117/><F117/><W87/><G1/><T110/><D110/><U97/><E97/><V128/><F128/><W69/><G69/><T88/><D88/><U35/><E35/><V15/><F0/><W105/><G10/><N who="1" m="4202" /><E2/><V20/><F20/><W91/><G118/><T68/><D133/><U83/><AGARI ba="0,0" hai="37,40,41,43,44,75,79,83" m="4202,48235" machi="83" ten="30,1500,0" yaku="18,1" doraHai="129" who="1" fromWho="1" sc="265,-5,277,15,223,-5,235,-5" /><INIT seed="1,1,0,2,3,109" ten="260,292,218,230" oya="1" hai0="121,78,41,2,37,10,7,9,33,3,84,47,114" hai1="77,30,95,58,97,22,14,42,53,104,11,100,93" hai2="34,82,62,8,55,80,46,56,99,124,65,73,29" hai3="92,52,120,122,89,4,31,68,125,19,50,49,131"/><U86/><E42/><V71/><F124/><W1/><G131/><T45/><D33/><U126/><E126/><V24/><F73/><W117/><G125/><T101/><D121/><U25/><E77/><V111/><F111/><W75/><G75/><T135/><D135/><U43/><E43/><V59/><F59/><W15/><G68/><T127/><D127/><U13/><E86/><V17/><F46/><W27/><G1/><T38/><D101/><U6/><REACH who="1" step="1"/><E14/><REACH who="1" ten="260,282,218,230" step="2"/><V23/><F99/><W108/><G122/><T63/><D84/><U12/><E12/><V88/><F80/><W116/><G120/><T69/><D78/><U21/><E21/><V107/><F82/><W40/><G108/><T26/><D41/><U132/><E132/><V115/><F23/><W83/><G40/><T79/><D79/><U118/><E118/><V36/><F34/><W112/><G83/><T28/><D3/><U70/><E70/><V133/><F71/><W20/><G117/><T51/><D2/><U81/><E81/><V64/><F133/><W76/><G76/><T32/><D69/><U60/><AGARI ba="1,1" hai="6,11,13,22,25,30,53,58,60,93,95,97,100,104" machi="60" ten="20,3900,0" yaku="1,1,0,1,7,1,53,0" doraHai="109" doraHaiUra="85" who="1" fromWho="1" sc="260,-14,282,52,218,-14,230,-14" /><INIT seed="1,2,0,5,4,123" ten="246,334,204,216" oya="1" hai0="118,102,10,15,112,4,16,95,89,56,38,26,11" hai1="1,99,71,69,130,17,27,85,44,98,97,103,52" hai2="14,93,109,22,127,133,72,2,108,125,86,3,91" hai3="31,33,43,41,54,8,55,7,128,129,116,92,61"/><U134/><E1/><N who="2" m="11" /><F72/><W81/><G33/><T29/><D38/><U35/><E103/><V64/><F133/><W110/><G31/><T87/><D112/><U20/><E35/><V114/><F114/><W37/><G81/><T68/><D68/><U34/><E134/><V60/><F22/><W48/><G92/><T30/><D118/><U111/><E130/><V82/><F14/><W132/><G8/><T42/><D42/><U36/><E85/><V65/><F82/><W124/><G7/><T9/><D102/><U25/><E25/><V96/><F96/><W101/><G101/><T62/><D4/><U13/><E34/><V67/><F60/><W57/><G132/><T121/><D121/><U94/><E94/><V77/><F77/><W104/><G104/><T6/><D6/><U76/><E76/><V73/><F73/><W45/><G116/><T12/><D12/><U80/><E80/><V24/><F24/><W18/><G18/><T117/><D117/><U50/><E36/><V115/><F115/><W106/><G106/><T32/><REACH who="0" step="1"/><D29/><REACH who="0" ten="236,334,204,216" step="2"/><U131/><E131/><N who="3" m="50250" /><G37/><T78/><D78/><U0/><E0/><V75/><F75/><W59/><G41/><T40/><D40/><U74/><E71/><V84/><F84/><W119/><G119/><T53/><AGARI ba="2,1" hai="9,10,11,15,16,26,30,32,53,56,62,87,89,95" machi="53" ten="20,8000,1" yaku="1,1,0,1,7,1,54,1,53,1" doraHai="123" doraHaiUra="28" who="0" fromWho="0" sc="236,96,334,-42,204,-22,216,-22" /><INIT seed="2,0,0,4,1,86" ten="332,292,182,194" oya="2" hai0="102,6,67,44,134,61,90,49,9,55,31,106,8" hai1="116,124,42,39,50,32,58,111,129,119,51,115,110" hai2="85,12,30,52,114,97,41,135,117,131,103,66,101" hai3="78,88,64,27,69,26,68,77,122,104,123,76,1"/><V34/><F114/><W21/><G104/><T35/><D134/><U11/><E32/><V71/><F117/><N who="1" m="45129" /><E11/><V60/><F135/><W18/><G1/><T105/><D102/><U59/><E115/><V79/><F131/><W5/><G5/><T20/><D35/><U63/><E129/><V82/><F41/><W133/><G133/><T99/><D106/><U126/><E39/><V29/><F34/><W89/><G64/><T121/><D105/><U24/><E24/><V10/><F52/><W120/><REACH who="3" step="1"/><G26/><REACH who="3" ten="332,292,182,184" step="2"/><N who="0" m="16839" /><D6/><U93/><E126/><V16/><REACH who="2" step="1"/><F103/><REACH who="2" ten="332,292,172,184" step="2"/><W3/><G3/><T130/><D130/><U36/><E124/><V91/><F91/><AGARI ba="0,2" hai="18,21,27,68,69,76,77,78,88,89,91,120,122,123" machi="91" ten="50,8000,1" yaku="1,1,52,3,54,1,53,0" doraHai="86" doraHaiUra="28" who="3" fromWho="2" sc="332,0,292,0,172,-80,184,100" /><INIT seed="3,0,0,3,4,32" ten="332,292,92,284" oya="3" hai0="91,116,132,5,41,24,121,14,20,67,37,94,79" hai1="26,100,114,70,76,59,82,9,49,54,127,30,53" hai2="13,43,78,62,15,51,21,84,123,72,128,81,2" hai3="18,105,4,77,97,6,92,89,101,129,52,28,27"/><W71/><G129/><T44/><D132/><U73/><E114/><V83/><F128/><W133/><G71/><T0/><D121/><U23/><E70/><V69/><F123/><W39/><G39/><T60/><D116/><U64/><E127/><V103/><F103/><W57/><G133/><T42/><D42/><U131/><E131/><V50/><F2/><W117/><G77/><T112/><D112/><U35/><E100/><V63/><F21/><W88/><G117/><T120/><D120/><U90/><E64/><V119/><F119/><W104/><G104/><T134/><D134/><U3/><E90/><N who="3" m="34922" /><G28/><T8/><D79/><U96/><E96/><V86/><F78/><W126/><G105/><T108/><D108/><U55/><REACH who="1" step="1"/><E35/><REACH who="1" ten="332,282,92,284" step="2"/><V16/><F69/><W102/><G102/><T12/><D91/><U111/><E111/><V7/><F72/><W113/><G126/><T74/><D94/><U33/><E33/><V68/><F68/><W36/><G113/><T125/><D74/><U95/><E95/><V58/><F43/><W98/><G98/><T93/><D93/><U56/><E56/><V85/><F85/><W11/><G36/><T1/><D125/><U22/><E22/><V10/><F58/><W106/><G106/><T130/><D130/><U47/><E47/><V46/><F46/><W122/><G122/><T75/><D75/><U38/><E38/><V65/><F65/><W61/><G11/><N who="0" m="4207" /><D67/><U109/><E109/><V118/><F118/><W107/><G107/><T115/><D115/><U45/><E45/><V66/><F66/><W25/><G25/><RYUUKYOKU ba="0,1" sc="332,-15,282,15,92,-15,284,15" hai1="3,9,23,26,30,49,53,54,55,59,73,76,82" hai3="4,6,18,27,52,57,61,92,97,101" /><INIT seed="3,1,1,5,0,82" ten="317,297,77,299" oya="3" hai0="56,35,89,12,44,60,11,21,119,95,105,34,57" hai1="112,78,20,125,96,17,127,79,47,102,64,5,90" hai2="31,117,118,88,75,29,55,15,99,24,37,81,132" hai3="0,43,52,16,2,7,3,91,107,87,94,133,109"/><W49/><G133/><T104/><D119/><U53/><E112/><V61/><F132/><W84/><G107/><T134/><D134/><U14/><E64/><V115/><F115/><W108/><G43/><T26/><D44/><U101/><E5/><V59/><F37/><W27/><G27/><T8/><D104/><U6/><E6/><V97/><F29/><W62/><G62/><T124/><D105/><U120/><E120/><V80/><F15/><W63/><G63/><T106/><D106/><U123/><E123/><V130/><F130/><W93/><G16/><T46/><D46/><U72/><E72/><V4/><F4/><W71/><G71/><T110/><D110/><N who="3" m="42601" /><G7/><T86/><D124/><N who="1" m="47691" /><E90/><V73/><F118/><W45/><G94/><T100/><D100/><N who="1" m="38507" /><E96/><AGARI ba="1,1" hai="0,2,3,45,49,52,84,87,91,93,96" m="42601" machi="96" ten="40,12000,1" yaku="14,1,10,1,52,2,54,1" doraHai="82" who="3" fromWho="1" sc="317,0,297,-123,77,0,299,133" /><INIT seed="3,2,0,3,0,71" ten="317,174,77,432" oya="3" hai0="113,45,33,42,62,40,35,51,53,11,128,97,39" hai1="9,86,77,55,28,114,76,52,80,133,14,124,105" hai2="118,63,102,134,46,36,94,19,29,16,108,31,103" hai3="60,70,82,91,72,0,83,21,69,18,85,73,92"/><W17/><G0/><T101/><D128/><U32/><E114/><V135/><F118/><W41/><G41/><T95/><D113/><U47/><E105/><V6/><F6/><W65/><G69/><T25/><D42/><U59/><E124/><V100/><F108/><W90/><G18/><N who="2" m="6697" /><F94/><W84/><REACH who="3" step="1"/><G92/><REACH who="3" ten="317,174,77,422" step="2"/><T88/><D40/><U26/><E133/><N who="2" m="50699" /><F63/><W1/><G1/><T125/><D62/><U129/><E129/><V7/><F7/><W2/><G2/><T34/><D125/><U37/><E37/><V111/><F111/><W23/><G23/><T116/><D39/><U117/><E117/><V12/><F12/><AGARI ba="2,1" hai="12,17,21,60,65,70,72,73,82,83,84,85,90,91" machi="12" ten="30,12000,1" yaku="1,1,7,1,9,1,53,2" doraHai="71" doraHaiUra="106" who="3" fromWho="2" sc="317,0,174,0,77,-126,422,136" owari="317,11.7,174,-22.6,-49,-54.9,558,65.8" /></mjloggm>