<mjloggm ver="2.3"><GO type="169" lobby="0"/><UN n0="%E6%95%97%E5%8C%97%E8%80%85%E3%81%AD%E3%82%8B" n1="%E3%81%9D%E3%82%93%E3%81%97%E6%A7%98" n2="%6B%61%77%61%69%31%32" n3="%41%63%75%6E%61%4A%72" dan="17,17,16,17" rate="2182.60,2226.67,2083.06,2252.10" sx="F,M,M,M"/><TAIKYOKU oya="0"/><INIT seed="0,0,0,4,1,114" ten="250,250,250,250" oya="0" hai0="23,3,79,41,133,96,48,28,61,66,104,80,77" hai1="129,81,4,29,42,11,14,118,123,36,6,70,26" hai2="50,65,58,87,43,106,5,12,49,75,76,9,78" hai3="72,117,30,67,59,115,109,73,25,54,68,31,102"/><T38/><D3/><U92/><E70/><V40/><F106/><W134/><G115/><T22/><D133/><U74/><E123/><V32/><F32/><W51/><G134/><T27/><D38/><U108/><E108/><V125/><F75/><W89/><G109/><T55/><D41/><N who="2" m="15946" /><F125/><W113/><G113/><T13/><D104/><U47/><E129/><V19/><F19/><W63/><G31/><T86/><D96/><U99/><E81/><N who="2" m="47527" /><F78/><W98/><G89/><T37/><D37/><U46/><E46/><V88/><F88/><W95/><G117/><T45/><D13/><U111/><E74/><V107/><F107/><W127/><G127/><T105/><D105/><U90/><E111/><V2/><F2/><W120/><G120/><T18/><D77/><U100/><E90/><V85/><F85/><W56/><REACH who="3" step="1"/><G68/><REACH who="3" ten="250,250,250,240" step="2"/><T124/><D124/><U83/><E118/><V1/><F1/><W20/><AGARI ba="0,1" hai="20,25,30,51,54,56,59,63,67,72,73,95,98,102" machi="20" ten="20,12000,2" yaku="1,1,2,1,0,1,7,1,25,2,53,1" doraHai="114" doraHaiUra="21" who="3" fromWho="3" sc="250,-60,250,-30,250,-30,240,130" /><INIT seed="1,0,0,1,4,69" ten="190,220,220,370" oya="1" hai0="56,114,15,100,55,68,125,71,135,90,28,35,46" hai1="129,12,7,108,17,104,74,79,3,81,96,44,0" hai2="76,123,11,80,22,65,30,99,113,47,128,62,32" hai3="84,20,91,52,70,109,82,116,85,130,103,105,33"/><U77/><E129/><V25/><F113/><W38/><G130/><T86/><D114/><U89/><E7/><V87/><F123/><W57/><G109/><T59/><D125/><U50/><E108/><V124/><F124/><W83/><G33/><T36/><D135/><U98/><E79/><V42/><F128/><W88/><G70/><T111/><D111/><U133/><E133/><V110/><F110/><W6/><G116/><T18/><D100/><U27/><E27/><V45/><F99/><W37/><G6/><T93/><D28/><U112/><E112/><V14/><F32/><W122/><G122/><T63/><D35/><U115/><E115/><V78/><F78/><W4/><G4/><T26/><D26/><U67/><E67/><V119/><F119/><W134/><G134/><T121/><D121/><U118/><E118/><V64/><F62/><W23/><G103/><T10/><REACH who="0" step="1"/><D59/><REACH who="0" ten="180,220,220,370" step="2"/><U66/><E104/><V94/><F94/><W24/><G105/><T54/><D54/><U19/><E66/><N who="2" m="25707" /><F42/><AGARI ba="0,1" hai="10,15,18,36,42,46,55,56,63,68,71,86,90,93" machi="42" ten="40,2600,0" yaku="1,1,52,1,53,0" doraHai="69" doraHaiUra="2" who="0" fromWho="2" sc="180,36,220,0,220,-26,370,0" /><INIT seed="2,0,0,1,5,125" ten="216,220,194,370" oya="2" hai0="63,56,116,30,16,107,35,46,27,126,109,127,90" hai1="50,18,66,39,61,41,8,24,13,106,2,44,75" hai2="99,81,15,130,91,113,37,64,69,120,65,54,52" hai3="97,22,9,98,42,85,131,1,21,129,34,88,133"/><V28/><F120/><W115/><G34/><T71/><D107/><U83/><E106/><V80/><F113/><W102/><G115/><T92/><D71/><U111/><E111/><V31/><F37/><W79/><G79/><T14/><D109/><U3/><E39/><V101/><F15/><W5/><G42/><T62/><D46/><U7/><E75/><V105/><F130/><N who="3" m="49675" /><G133/><T70/><D70/><U112/><E112/><V82/><F91/><W134/><G134/><T77/><D77/><U110/><E110/><V49/><F69/><W68/><G68/><T11/><D116/><U26/><E2/><V124/><F124/><N who="0" m="47658" /><D56/><U33/><E33/><V96/><F49/><W122/><G122/><T59/><D59/><U10/><E83/><V45/><F45/><W100/><G100/><T118/><D118/><U132/><E132/><V72/><F72/><W74/><G74/><T123/><D123/><U94/><E44/><V84/><F84/><AGARI ba="0,0" hai="11,14,16,27,30,35,62,63,84,90,92" m="47658" machi="84" ten="30,2000,0" yaku="18,1,54,1" doraHai="125" who="0" fromWho="2" sc="216,20,220,0,194,-20,370,0" /><INIT seed="3,0,0,0,5,107" ten="236,220,174,370" oya="3" hai0="79,50,78,47,73,11,74,63,127,34,131,100,95" hai1="87,124,72,56,27,85,117,12,69,37,35,26,86" hai2="82,119,96,114,19,44,71,4,125,102,40,92,112" hai3="49,88,101,30,123,116,115,91,105,22,135,7,39"/><W89/><G115/><T16/><D34/><U3/><E69/><V93/><F119/><W132/><G116/><T24/><D131/><U51/><E3/><V122/><F125/><W106/><G39/><T128/><D128/><U65/><E37/><V25/><F71/><W38/><G38/><T14/><D127/><U15/><E124/><V52/><F122/><W18/><G123/><T104/><D104/><U13/><E117/><V67/><F4/><W110/><G7/><T55/><D78/><U62/><E35/><V8/><F67/><W58/><G30/><T120/><D120/><U17/><E72/><V20/><F92/><W98/><G106/><T126/><D126/><U0/><E0/><V109/><F109/><W42/><G110/><T75/><D79/><U10/><E51/><V31/><F82/><W33/><G33/><T5/><D63/><U41/><E41/><V83/><F83/><W46/><REACH who="3" step="1"/><G58/><REACH who="3" ten="236,220,174,360" step="2"/><T66/><D66/><U129/><E129/><V99/><F114/><W134/><G134/><T94/><D100/><U36/><E36/><V68/><F112/><W57/><G57/><T32/><REACH who="0" step="1"/><D16/><REACH who="0" ten="226,220,174,360" step="2"/><U118/><E118/><V70/><F19/><W43/><G43/><T48/><D48/><U133/><E133/><V9/><F40/><W64/><G64/><T45/><D45/><U2/><E17/><V81/><F44/><W90/><N who="3" m="22528" /><DORA hai="1" /><W103/><G103/><T53/><D53/><U113/><E113/><V111/><F52/><W80/><G80/><T21/><D21/><U97/><E97/><N who="2" m="59695" /><F81/><W108/><G108/><T54/><D54/><RYUUKYOKU ba="0,2" sc="226,10,220,10,174,-30,360,10" hai0="5,11,14,24,32,47,50,55,73,74,75,94,95" hai1="2,10,12,13,15,26,27,56,62,65,85,86,87" hai3="18,22,42,46,49,98,101,105,132,135" /><INIT seed="3,1,2,4,5,100" ten="236,230,144,370" oya="3" hai0="40,29,63,51,77,37,2,36,64,124,65,123,46" hai1="48,27,129,95,13,80,24,52,135,67,53,15,19" hai2="134,103,73,18,66,26,8,11,130,17,42,9,23" hai3="87,44,28,4,1,41,58,55,89,30,92,35,47"/><W121/><G121/><T114/><D2/><U90/><E129/><V115/><F73/><W116/><G116/><T109/><D123/><U107/><E107/><V94/><F115/><W113/><G113/><T70/><D29/><U91/><E135/><V120/><F130/><W34/><G28/><T125/><D114/><U85/><E67/><V99/><F134/><W68/><G68/><N who="0" m="42015" /><D77/><U12/><E19/><V22/><F120/><W54/><G47/><T43/><D109/><U62/><E62/><V57/><F42/><N who="0" m="15914" /><D65/><U20/><E20/><V131/><F131/><W60/><G30/><T69/><D124/><U97/><REACH who="1" step="1"/><E53/><REACH who="1" ten="236,220,144,370" step="2"/><V81/><F66/><W38/><REACH who="3" step="1"/><G55/><REACH who="3" ten="236,220,144,360" step="2"/><N who="0" m="30199" /><D125/><U7/><E7/><V76/><F18/><W122/><G122/><T56/><D56/><AGARI ba="1,4" hai="12,13,15,24,27,48,52,56,80,85,90,91,95,97" machi="56" ten="40,5200,0" yaku="1,1,8,1,54,1,53,0" doraHai="100" doraHaiUra="127" who="1" fromWho="0" sc="236,-55,220,95,144,0,360,0" /><INIT seed="4,0,0,4,4,111" ten="181,315,144,360" oya="0" hai0="44,104,122,21,86,51,27,39,84,23,62,83,50" hai1="4,28,91,56,13,45,63,98,78,67,135,61,18" hai2="36,65,96,114,35,60,33,53,105,118,11,58,52" hai3="133,69,117,10,72,99,2,41,49,126,9,109,17"/><T47/><D122/><U102/><E135/><V43/><F118/><W64/><G117/><T82/><D104/><U37/><E78/><V92/><F105/><W112/><G109/><T0/><D0/><U22/><E91/><V81/><F114/><W85/><G72/><T75/><D75/><U127/><E127/><V115/><F115/><W125/><G112/><T93/><D62/><U5/><E37/><V29/><F81/><W101/><G133/><T1/><D1/><U12/><E45/><V73/><F73/><W120/><G120/><T108/><D108/><U34/><E13/><V80/><F80/><W20/><G85/><T76/><D93/><U95/><E34/><V131/><F131/><W16/><G64/><T103/><D103/><U70/><E28/><V68/><F11/><W79/><G79/><T46/><D39/><U57/><REACH who="1" step="1"/><E70/><REACH who="1" ten="181,305,144,360" step="2"/><V113/><F113/><W129/><G69/><T97/><D97/><U119/><E119/><V107/><F29/><W8/><G2/><T90/><REACH who="0" step="1"/><D21/><REACH who="0" ten="171,305,144,360" step="2"/><U71/><E71/><V130/><F33/><W88/><G20/><T121/><D121/><U123/><E123/><V31/><F35/><W134/><G134/><T19/><AGARI ba="0,2" hai="19,23,27,44,46,47,50,51,76,82,83,84,86,90" machi="19" ten="30,6000,0" yaku="1,1,0,1,8,1,53,0" doraHai="111" doraHaiUra="32" who="0" fromWho="0" sc="171,80,305,-20,144,-20,360,-20" /><INIT seed="4,1,0,5,3,49" ten="251,285,124,340" oya="0" hai0="92,108,10,88,134,9,87,67,78,54,7,120,100" hai1="114,133,55,122,40,68,2,105,107,39,85,125,79" hai2="99,51,104,89,91,117,97,17,81,102,24,72,62" hai3="123,47,5,23,75,57,0,118,128,121,61,48,112"/><T26/><D120/><N who="3" m="46153" /><G118/><T8/><D134/><U95/><E2/><V35/><F117/><W131/><G75/><T115/><D115/><U93/><E68/><V110/><F110/><W30/><G112/><T63/><D108/><U73/><E40/><V119/><F119/><W90/><G90/><T83/><D100/><U96/><E39/><V11/><F62/><W46/><G5/><T16/><D7/><U80/><E114/><V43/><F99/><W129/><G0/><T86/><D26/><U38/><E38/><V71/><F71/><W77/><G77/><T33/><D33/><U28/><E28/><V13/><F24/><N who="3" m="16671" /><G48/><T44/><D44/><U103/><E125/><V74/><F35/><W116/><G116/><T53/><REACH who="0" step="1"/><D16/><REACH who="0" ten="241,285,124,340" step="2"/><U12/><E103/><V69/><F102/><W59/><G59/><AGARI ba="1,1" hai="8,9,10,53,54,59,63,67,78,83,86,87,88,92" machi="59" ten="40,18000,2" yaku="1,1,2,1,8,1,52,2,54,1,53,0" doraHai="49" doraHaiUra="42" who="0" fromWho="3" sc="241,193,285,0,124,0,340,-183" /><INIT seed="4,2,0,3,2,60" ten="434,285,124,157" oya="0" hai0="75,131,64,133,20,124,59,119,1,99,108,26,115" hai1="51,103,88,31,123,41,81,117,44,11,98,9,101" hai2="56,8,3,13,63,126,90,73,6,61,125,38,114" hai3="43,96,93,12,67,80,87,135,68,33,83,39,128"/><T50/><D75/><U55/><E117/><V34/><F38/><W102/><G33/><T127/><D1/><U121/><E123/><V57/><F73/><W36/><G128/><T18/><D119/><U106/><E121/><V24/><F114/><W65/><G135/><T116/><D116/><U91/><E31/><V89/><F34/><W27/><G68/><T52/><D115/><U130/><E130/><V94/><F24/><W47/><G39/><T69/><D131/><U132/><E132/><V107/><F107/><W112/><G112/><T49/><D133/><U79/><E103/><V58/><F3/><W66/><G87/><T23/><D108/><U14/><E11/><V25/><F25/><W32/><REACH who="3" step="1"/><G12/><REACH who="3" ten="434,285,124,147" step="2"/><T48/><D69/><U70/><E70/><V42/><F42/><W120/><G120/><T129/><D129/><U110/><E41/><V19/><F6/><W40/><G40/><T95/><D124/><N who="2" m="47722" /><F89/><W16/><G16/><N who="0" m="12551" /><D127/><U118/><E118/><V37/><F37/><W134/><G134/><T74/><D74/><U86/><E110/><V54/><F54/><W111/><G111/><T7/><D7/><AGARI ba="2,1" hai="7,9,14,44,51,55,79,81,86,88,91,98,101,106" machi="7" ten="30,2000,0" yaku="7,1,54,1" doraHai="60" who="1" fromWho="0" sc="434,-26,285,36,124,0,147,0" /><INIT seed="5,0,0,4,4,57" ten="408,321,124,147" oya="1" hai0="78,43,65,47,38,8,92,103,129,7,77,121,14" hai1="16,94,122,83,12,74,105,56,80,63,13,45,39" hai2="41,133,40,3,46,61,82,60,42,1,90,69,2" hai3="17,0,10,64,21,114,86,15,67,62,112,134,131"/><U84/><E105/><V25/><F133/><W91/><G134/><T110/><D110/><U66/><E122/><V26/><F46/><W24/><G131/><T79/><D129/><U99/><E13/><V51/><F51/><W68/><G67/><T23/><D121/><U106/><E106/><V37/><F37/><W113/><G0/><T107/><D107/><U98/><E74/><V35/><F69/><W96/><G96/><N who="1" m="36906" /><E39/><V72/><F35/><W4/><REACH who="3" step="1"/><G112/><REACH who="3" ten="408,321,124,137" step="2"/><T58/><D65/><U73/><E73/><V101/><F72/><W75/><G75/><T135/><D135/><U116/><E116/><V97/><F97/><W9/><G9/><T119/><D103/><U50/><E84/><V48/><F101/><W85/><G85/><T117/><D119/><U70/><E70/><V53/><F82/><AGARI ba="0,1" hai="4,10,15,17,21,24,62,64,68,82,86,91,113,114" machi="82" ten="40,5200,0" yaku="1,1,52,1,53,1" doraHai="57" doraHaiUra="6" who="3" fromWho="2" sc="408,0,321,0,124,-52,137,62" /><INIT seed="6,0,0,4,4,134" ten="408,321,72,199" oya="2" hai0="95,61,22,121,38,35,114,6,48,66,115,128,69" hai1="71,100,86,96,65,10,29,62,58,89,47,51,46" hai2="108,2,131,116,104,14,0,117,90,49,43,30,77" hai3="67,125,78,11,64,44,111,94,72,28,16,99,18"/><V54/><F104/><W12/><G111/><T82/><D38/><U103/><E71/><V25/><F108/><W24/><G125/><T120/><D35/><U97/><E29/><V15/><F131/><W76/><G18/><T91/><D121/><U34/><E34/><V52/><F77/><N who="3" m="29803" /><G72/><T57/><D128/><U7/><E47/><V5/><F43/><W132/><G44/><T1/><D120/><U122/><E122/><V133/><F133/><W87/><G87/><T33/><D33/><U60/><E60/><V129/><F129/><W75/><G75/><T113/><D82/><U59/><E59/><V32/><F90/><N who="3" m="55767" /><G132/><T4/><D1/><U124/><E124/><V31/><F32/><W3/><G3/><T127/><D127/><U19/><E19/><V39/><F49/><W107/><G107/><T135/><D135/><U84/><E84/><V27/><REACH who="2" step="1"/><F5/><REACH who="2" ten="408,321,62,199" step="2"/><W119/><G119/><T23/><D4/><U80/><E100/><V9/><F9/><W98/><G98/><N who="0" m="57727" /><D6/><U50/><E103/><V112/><F112/><W93/><G93/><T13/><D48/><U20/><E51/><V109/><F109/><W101/><G101/><T26/><D115/><U105/><E105/><V74/><F74/><W102/><G102/><T106/><D106/><U118/><E10/><V42/><F42/><W73/><G73/><T63/><D114/><U56/><E7/><V83/><F83/><W85/><G85/><T79/><D79/><N who="1" m="46367" /><E96/><V8/><F8/><W55/><G11/><T92/><D92/><U70/><E97/><V88/><F88/><W36/><G36/><AGARI ba="0,1" hai="0,2,14,15,25,27,30,31,36,39,52,54,116,117" machi="36" ten="25,12000,1" yaku="1,1,6,1,22,2,54,1,53,0" doraHai="134" doraHaiUra="123" who="2" fromWho="3" sc="408,0,321,0,62,130,199,-120" /><INIT seed="6,1,0,3,5,120" ten="408,321,192,79" oya="2" hai0="64,96,89,111,41,38,13,90,61,19,81,4,67" hai1="21,106,126,121,29,50,101,124,80,75,56,68,105" hai2="92,133,66,43,1,99,17,134,48,94,114,78,130" hai3="72,11,53,127,129,118,3,60,20,104,10,97,132"/><V119/><F119/><W28/><G118/><T91/><D111/><U22/><E68/><V6/><F130/><W125/><G72/><T55/><D38/><U135/><E135/><N who="2" m="51723" /><F114/><W14/><G132/><T76/><D41/><U39/><E39/><V65/><F78/><W113/><G129/><T35/><D35/><U54/><E121/><V79/><F79/><W57/><G113/><T47/><D4/><U123/><E123/><V69/><F94/><W51/><G3/><T18/><D96/><U93/><E80/><V40/><F17/><N who="0" m="6154" /><D13/><U116/><E75/><V8/><F48/><W24/><G51/><N who="0" m="29183" /><D61/><U44/><E116/><V83/><F83/><W115/><G115/><T128/><D128/><U86/><E106/><V23/><F23/><W62/><G62/><T74/><D74/><U27/><E21/><V117/><F117/><W42/><G42/><N who="2" m="15913" /><F69/><W46/><G46/><T98/><D98/><U122/><E44/><V112/><F112/><W85/><G85/><N who="0" m="48295" /><D64/><U15/><E122/><V5/><F5/><W31/><G97/><T36/><D36/><U84/><E105/><V71/><F71/><W2/><G104/><T82/><D67/><U30/><E86/><AGARI ba="1,0" hai="82,86,89,90,91" m="48295,29183,6154" machi="86" ten="30,1000,0" yaku="8,1" doraHai="120" who="0" fromWho="1" sc="408,13,321,-13,192,0,79,0" /><INIT seed="7,0,0,0,3,97" ten="421,308,192,79" oya="3" hai0="8,40,38,118,73,132,53,80,91,79,89,20,115" hai1="11,57,114,74,59,30,9,126,83,18,87,103,36" hai2="47,4,125,31,119,71,105,108,60,65,29,85,13" hai3="0,48,12,111,135,16,112,7,52,23,54,37,46"/><W67/><G112/><T43/><D118/><U131/><E126/><V98/><F108/><W21/><G111/><T88/><D115/><U82/><E131/><V104/><F119/><W51/><G37/><T49/><D38/><U123/><E123/><V128/><F128/><W102/><G135/><T10/><D20/><U61/><E30/><V96/><F47/><W76/><G76/><T130/><D130/><U127/><E127/><V58/><F71/><W113/><G113/><T41/><REACH who="0" step="1"/><D132/><REACH who="0" ten="411,308,192,79" step="2"/><U42/><E36/><V70/><F70/><W22/><G67/><T109/><D109/><U63/><E87/><V44/><F58/><AGARI ba="0,1" hai="8,10,40,41,43,49,53,58,73,79,80,88,89,91" machi="58" ten="40,2600,0" yaku="1,1,54,1,53,0" doraHai="97" doraHaiUra="32" who="0" fromWho="2" sc="411,36,308,0,192,-26,79,0" owari="447,54.7,308,10.8,166,-23.4,79,-42.1" /></mjloggm>