<mjloggm ver="2.3"><GO type="225" lobby="0"/><UN n0="%E3%81%BF%E3%81%BF%E3%81%9A" n1="%4E%55%44%41" n2="%E3%81%8B%E3%82%8F%E3%81%A1%E3%82%83%E3%82%93%35%38" n3="%E9%A6%AC%E5%BC%95%E7%81%AB%33" dan="17,17,16,16" rate="2247.01,2163.41,2141.26,2133.33" sx="M,M,M,M"/><TAIKYOKU oya="0"/><INIT seed="0,0,0,4,0,134" ten="250,250,250,250" oya="0" hai0="118,31,79,63,116,45,124,85,112,89,28,26,65" hai1="8,52,50,6,80,83,20,17,51,120,22,42,76" hai2="71,64,84,68,54,2,16,56,99,34,66,12,1" hai3="38,0,114,87,135,100,35,36,30,41,98,53,4"/><T61/><D112/><U48/><E120/><V72/><F72/><W60/><G114/><T131/><D79/><U7/><E42/><V78/><F34/><W109/><G135/><T9/><D131/><U104/><E104/><V125/><F99/><W122/><G122/><T115/><D115/><U58/><E8/><V24/><F24/><W13/><G0/><T77/><D77/><U106/><E106/><V121/><F121/><W19/><G4/><N who="1" m="1578" /><E76/><V15/><F78/><W111/><G87/><T107/><D107/><U3/><E3/><V93/><F93/><N who="3" m="58447" /><G41/><T5/><D45/><U126/><E126/><V11/><F84/><W101/><G101/><T40/><D40/><U18/><E20/><V33/><F33/><W73/><G73/><T59/><D63/><N who="1" m="36295" /><E18/><V108/><F11/><N who="3" m="6591" /><G30/><T29/><D124/><U67/><E67/><V88/><F16/><W44/><G35/><T32/><D118/><U96/><E96/><V105/><F105/><W21/><G21/><T69/><D69/><U110/><E110/><N who="3" m="41994" /><G60/><T10/><D116/><U117/><E117/><V81/><F108/><W95/><G95/><T86/><D86/><U25/><AGARI ba="0,0" hai="17,22,25,48,50,51,80,83" m="36295,1578" machi="25" ten="30,2000,0" yaku="8,1,54,1" doraHai="134" who="1" fromWho="1" sc="250,-10,250,20,250,-5,250,-5" /><INIT seed="1,0,0,0,1,67" ten="240,270,245,245" oya="1" hai0="104,20,17,123,122,5,114,91,31,18,127,63,32" hai1="113,66,130,13,135,7,16,62,73,35,36,134,116" hai2="105,119,79,57,46,48,78,100,117,97,95,129,81" hai3="83,42,96,43,103,34,109,29,8,92,1,106,54"/><U38/><E113/><V27/><F129/><W99/><G109/><T110/><D104/><U70/><E116/><V124/><F124/><W14/><G1/><T132/><D127/><U39/><E130/><V23/><F57/><W107/><G107/><T40/><D110/><U25/><E7/><V75/><F79/><W19/><G83/><T125/><D125/><U15/><E73/><V98/><F98/><W126/><G126/><T118/><D118/><U4/><E4/><V72/><F72/><W108/><G108/><T58/><D114/><U2/><E2/><V50/><F50/><W49/><G29/><T53/><D132/><N who="1" m="50731" /><E35/><V88/><F100/><W65/><G65/><T33/><D5/><U0/><E0/><V55/><REACH who="2" step="1"/><F105/><REACH who="2" ten="240,270,235,245" step="2"/><W52/><G34/><N who="0" m="13419" /><D91/><U120/><E120/><N who="0" m="46121" /><D40/><U41/><E41/><V60/><F60/><W71/><G42/><T115/><D115/><U44/><E44/><V84/><F84/><W28/><G43/><T74/><D74/><U102/><E102/><V101/><F101/><W37/><G103/><T93/><D93/><U90/><E90/><V6/><F6/><W82/><G92/><T68/><D68/><U131/><E131/><V12/><F12/><N who="3" m="7559" /><G71/><T24/><AGARI ba="0,1" hai="17,18,20,24,31,53,58,63" m="46121,13419" machi="24" ten="40,1500,0" yaku="13,1" doraHai="67" who="0" fromWho="0" sc="240,25,270,-7,235,-4,245,-4" /><INIT seed="2,0,0,1,2,85" ten="265,263,231,241" oya="2" hai0="113,76,94,25,31,30,116,11,97,9,92,120,75" hai1="28,46,105,99,21,62,36,87,72,29,118,61,19" hai2="86,83,50,40,42,43,34,89,57,47,114,126,55" hai3="110,12,56,39,48,20,35,51,52,80,130,17,90"/><V104/><F126/><W70/><G110/><T45/><D120/><U125/><E72/><V7/><F114/><W15/><G39/><T119/><D113/><U38/><E118/><N who="0" m="45097" /><D45/><U14/><E125/><V107/><F34/><W106/><G70/><T81/><D94/><U84/><E105/><V65/><REACH who="2" step="1"/><F7/><REACH who="2" ten="265,263,221,241" step="2"/><W37/><G35/><N who="0" m="20943" /><D31/><U88/><E29/><V10/><F10/><W8/><G130/><T73/><D73/><U1/><E28/><V108/><F108/><W53/><G37/><T74/><D75/><U60/><E36/><V103/><F103/><AGARI ba="0,1" hai="9,11,74,76,81,92,97,103" m="20943,45097" machi="103" ten="30,1000,0" yaku="12,1" doraHai="85" who="0" fromWho="2" sc="265,20,263,0,221,-10,241,0" /><INIT seed="3,0,0,3,2,1" ten="285,263,211,241" oya="3" hai0="134,35,76,100,75,70,28,55,47,13,84,86,126" hai1="93,46,38,56,77,7,85,16,24,25,99,130,19" hai2="102,89,0,2,8,101,42,33,58,88,3,111,129" hai3="17,45,60,128,91,95,114,107,133,5,132,64,135"/><W57/><G114/><T123/><D70/><U44/><E130/><V26/><F42/><W30/><G128/><T80/><D123/><U122/><E122/><V29/><F129/><W125/><G125/><T120/><D120/><U37/><E56/><V82/><F111/><W53/><G107/><T31/><D126/><U113/><E113/><V71/><F71/><W65/><G30/><T115/><D115/><U49/><E7/><V61/><F8/><W87/><G5/><T27/><D134/><U39/><E85/><V48/><F48/><W73/><G73/><T67/><D67/><U59/><E59/><V52/><REACH who="2" step="1"/><F82/><REACH who="2" ten="285,263,201,241" step="2"/><W131/><G131/><T21/><D80/><U15/><E49/><V72/><F72/><W22/><G45/><T63/><D47/><U83/><E83/><V41/><F41/><W118/><REACH who="3" step="1"/><G118/><REACH who="3" ten="285,263,201,231" step="2"/><T78/><D75/><U4/><E44/><V62/><F62/><W116/><G116/><T54/><D63/><U51/><E46/><V12/><F12/><AGARI ba="0,2" hai="12,17,22,53,57,60,64,65,87,91,95,132,133,135" machi="12" ten="40,3900,0" yaku="1,1,20,1,53,0" doraHai="1" doraHaiUra="109" who="3" fromWho="2" sc="285,0,263,0,201,-39,231,59" /><INIT seed="3,1,0,2,4,50" ten="285,263,162,290" oya="3" hai0="129,33,77,58,109,86,113,45,91,104,130,75,118" hai1="122,95,52,112,35,96,127,39,42,93,59,1,76" hai2="41,88,10,0,107,21,8,65,40,90,62,108,98" hai3="19,18,99,27,103,94,89,116,9,43,7,131,3"/><W24/><G116/><T11/><D118/><U80/><E122/><V84/><F108/><W101/><G131/><T72/><D33/><U125/><E112/><V135/><F135/><W85/><G43/><T73/><D109/><U38/><E1/><V106/><F21/><W92/><G103/><T105/><D45/><N who="1" m="23767" /><E96/><V83/><F106/><N who="0" m="41066" /><D58/><U32/><E39/><V64/><F64/><W4/><REACH who="3" step="1"/><G7/><REACH who="3" ten="285,263,162,280" step="2"/><T16/><D113/><U23/><E35/><V20/><F41/><W12/><G12/><T15/><D130/><U123/><E32/><V74/><F40/><W26/><AGARI ba="1,1" hai="3,4,9,18,19,24,26,27,85,89,92,94,99,101" machi="26" ten="30,11700,0" yaku="1,1,0,1,53,2" doraHai="50" doraHaiUra="13" who="3" fromWho="3" sc="285,-40,263,-40,162,-40,280,130" owari="245,4.5,223,-17.7,122,-37.8,410,51.0" /></mjloggm>