<mjloggm ver="2.3"><GO type="169" lobby="0"/><UN n0="%E3%81%93%E3%81%94%E3%81%A6%E3%81%83%E3%83%BC" n1="%E3%81%93%E3%81%A1" n2="%E7%99%BE%E9%87%8E%E3%81%95%E3%82%93" n3="%E6%99%82%E8%A8%88%E5%9D%82%E9%9B%B6" dan="16,17,17,16" rate="2022.28,2209.72,2191.74,2161.47" sx="M,F,M,M"/><TAIKYOKU oya="0"/><INIT seed="0,0,0,3,1,124" ten="250,250,250,250" oya="0" hai0="2,110,52,79,51,133,80,123,95,90,129,94,9" hai1="132,135,74,73,19,117,49,115,16,65,86,107,96" hai2="56,25,1,44,32,82,105,75,8,87,84,68,93" hai3="10,76,45,106,91,12,3,22,67,88,43,111,97"/><T114/><D114/><U100/><E117/><V29/><F105/><W20/><G3/><T60/><D123/><U59/><E115/><V78/><F68/><W125/><G125/><T42/><D133/><N who="1" m="51275" /><E86/><V13/><F1/><W15/><G111/><T121/><D121/><U35/><E35/><V37/><F56/><W119/><G119/><T53/><D42/><U77/><E77/><V18/><F37/><W70/><G76/><T120/><D120/><U54/><E65/><V118/><F118/><W102/><G67/><T5/><D110/><U116/><E116/><V109/><F109/><W108/><G70/><T61/><D53/><U66/><E66/><V126/><F126/><W72/><G72/><AGARI ba="0,0" hai="16,19,49,54,59,72,73,74,96,100,107" m="51275" machi="72" ten="30,2000,0" yaku="20,1,54,1" doraHai="124" who="1" fromWho="3" sc="250,0,250,20,250,0,250,-20" /><INIT seed="1,0,0,4,0,123" ten="250,270,250,230" oya="1" hai0="60,87,37,69,16,21,38,35,115,11,98,27,132" hai1="20,30,54,73,83,111,7,106,90,80,31,103,134" hai2="5,70,10,19,62,91,118,110,17,86,15,127,29" hai3="46,97,130,116,109,23,76,24,124,102,125,58,105"/><U45/><E134/><V18/><F118/><W92/><G116/><T82/><D115/><U119/><E119/><V117/><F117/><W99/><G130/><T52/><D132/><U133/><E133/><V93/><F127/><N who="3" m="48715" /><G76/><T41/><D41/><U66/><E66/><V72/><F72/><W12/><G12/><T65/><D35/><U79/><E7/><V122/><F122/><W1/><G1/><T121/><D121/><U85/><E20/><V114/><F114/><W36/><G58/><T131/><D131/><U101/><E101/><V48/><F29/><N who="3" m="17567" /><G109/><T51/><D98/><U77/><E77/><V13/><F110/><W108/><G108/><T94/><D94/><U100/><E100/><V44/><F70/><W9/><G9/><T59/><REACH who="0" step="1"/><D11/><REACH who="0" ten="240,270,250,230" step="2"/><U71/><E111/><V84/><F10/><W28/><G99/><T55/><D55/><U57/><E54/><V107/><F107/><BYE who="2" /><W61/><G105/><T6/><D6/><U50/><E106/><V32/><F32/><W67/><G92/><T95/><D95/><U81/><E81/><V2/><F2/><W42/><G97/><UN n2="%E7%99%BE%E9%87%8E%E3%81%95%E3%82%93" /><T64/><D64/><U26/><E83/><V3/><F3/><W126/><BYE who="2" /><G126/><T56/><D56/><U47/><E57/><V74/><F74/><W8/><G8/><T68/><D68/><U88/><E71/><V0/><F0/><W14/><G67/><T78/><AGARI ba="0,1" hai="16,21,27,37,38,51,52,59,60,65,69,78,82,87" machi="78" ten="20,8000,1" yaku="1,1,0,1,7,1,54,2,53,0" doraHai="123" doraHaiUra="89" who="0" fromWho="0" sc="240,90,270,-40,250,-20,230,-20" /><INIT seed="2,0,0,3,5,109" ten="330,230,230,210" oya="2" hai0="80,110,4,28,132,53,0,133,38,24,44,1,129" hai1="56,90,117,51,15,128,32,76,19,2,27,93,60" hai2="83,118,87,79,13,6,67,11,134,5,97,59,23" hai3="61,103,43,85,9,66,25,89,125,37,68,29,52"/><V95/><F95/><W135/><G135/><N who="0" m="51787" /><D110/><UN n2="%E7%99%BE%E9%87%8E%E3%81%95%E3%82%93" /><U98/><E117/><V33/><F118/><W82/><G125/><T78/><D4/><U106/><E2/><V22/><F33/><W86/><G103/><T94/><D94/><U123/><E128/><V50/><F134/><W54/><G9/><T99/><D99/><U39/><E39/><V107/><F107/><W20/><REACH who="3" step="1"/><G86/><REACH who="3" ten="330,230,230,200" step="2"/><N who="0" m="48407" /><D129/><U35/><E123/><V3/><F97/><W8/><G8/><T104/><D104/><U105/><E105/><V64/><F3/><W16/><G16/><T121/><D121/><U48/><E106/><V34/><F5/><W49/><G49/><N who="0" m="28839" /><D38/><U84/><E51/><V46/><F6/><W7/><G7/><T77/><D77/><U116/><E48/><V124/><F11/><W81/><G81/><T26/><D26/><U130/><E76/><V17/><F124/><W131/><G131/><T31/><D31/><U18/><E130/><V113/><F50/><W14/><G14/><T115/><D1/><U63/><E116/><V100/><F46/><AGARI ba="0,1" hai="20,25,29,37,43,46,52,54,61,66,68,82,85,89" machi="46" ten="40,2600,0" yaku="1,1,54,1,53,0" doraHai="109" doraHaiUra="101" who="3" fromWho="2" sc="330,0,230,0,230,-26,200,36" /><INIT seed="3,0,0,0,4,128" ten="330,230,204,236" oya="3" hai0="87,18,11,57,84,82,107,61,4,14,118,20,13" hai1="77,112,10,53,79,49,120,66,113,73,124,95,44" hai2="43,96,7,19,23,21,55,9,37,132,39,133,50" hai3="12,27,35,6,92,125,28,91,52,64,127,114,130"/><W29/><G114/><T15/><D118/><U65/><E120/><V2/><F43/><W126/><G130/><T102/><D107/><U8/><E124/><V134/><F96/><W76/><G64/><T99/><D102/><U46/><E49/><V123/><F123/><W117/><G117/><T58/><D99/><U0/><E0/><V106/><F106/><W42/><G42/><T100/><D100/><U80/><E95/><V121/><F121/><W51/><G76/><N who="0" m="46151" /><D87/><U109/><E80/><V54/><F23/><W34/><G34/><T24/><D58/><U47/><E47/><N who="2" m="27999" /><F55/><AGARI ba="0,0" hai="4,11,13,14,15,18,20,24,55,57,61" m="46151" machi="55" ten="30,1000,0" yaku="8,1" doraHai="128" who="0" fromWho="2" sc="330,10,230,0,204,-10,236,0" /><INIT seed="4,0,0,3,2,59" ten="340,230,194,236" oya="0" hai0="83,135,100,67,3,11,112,40,124,74,94,2,80" hai1="1,52,5,90,38,45,51,101,35,125,29,77,128" hai2="18,28,65,8,19,118,106,82,103,4,108,56,49" hai3="70,71,93,84,25,54,122,42,129,76,36,7,99"/><T81/><D74/><U14/><E1/><V119/><F108/><W39/><G129/><T41/><D112/><U133/><E128/><V22/><F28/><W55/><G7/><T44/><D11/><U98/><E125/><V57/><F82/><W130/><G25/><T48/><D124/><U121/><E121/><V47/><F103/><W114/><G114/><T95/><D135/><U85/><E38/><V34/><F34/><W23/><G23/><T37/><D37/><U92/><E133/><V126/><F106/><W64/><G122/><T20/><D41/><U9/><E35/><V102/><F102/><W16/><G16/><N who="2" m="6185" /><F22/><W89/><G71/><T111/><D95/><U117/><E117/><N who="2" m="44555" /><F65/><W66/><G66/><T24/><D111/><U33/><E33/><V60/><F126/><W116/><G116/><T91/><D100/><U123/><E123/><V72/><F72/><W50/><G64/><T105/><D105/><U104/><E29/><V10/><F60/><W30/><G30/><N who="0" m="17671" /><D67/><U134/><E134/><V46/><F10/><W61/><G70/><T53/><D40/><U63/><E77/><V78/><F78/><W12/><G42/><T69/><D69/><U115/><E115/><V79/><F79/><W0/><G76/><T132/><D132/><U120/><E120/><V68/><F68/><W32/><G130/><T131/><D131/><U97/><E63/><V27/><F27/><W75/><G61/><T88/><D94/><U113/><E113/><V107/><F107/><W21/><G93/><T43/><D43/><U17/><E17/><V26/><F26/><RYUUKYOKU ba="0,0" sc="340,15,230,15,194,-15,236,-15" hai0="2,3,44,48,53,80,81,83,88,91" hai1="5,9,14,45,51,52,85,90,92,97,98,101,104" /><INIT seed="4,1,0,1,3,133" ten="355,245,179,221" oya="0" hai0="78,80,3,118,30,10,83,35,18,65,12,92,124" hai1="62,41,29,107,44,20,28,86,88,90,31,85,99" hai2="27,67,2,123,106,61,108,54,36,32,94,87,68" hai3="1,77,15,42,25,52,63,76,116,112,6,66,103"/><T13/><D118/><U48/><E20/><V43/><F123/><W23/><G1/><T22/><D65/><U69/><E69/><V51/><F108/><W109/><G109/><T9/><D83/><U131/><E131/><V96/><F2/><W98/><G116/><T60/><D60/><U58/><E107/><V56/><F87/><N who="1" m="33289" /><E99/><V64/><F64/><AGARI ba="1,0" hai="28,29,31,41,44,48,58,62,64,88,90" m="33289" machi="64" ten="30,2000,0" yaku="8,1,54,1" doraHai="133" who="1" fromWho="2" sc="355,0,245,23,179,-23,221,0" /><INIT seed="5,0,0,4,1,40" ten="355,268,156,221" oya="1" hai0="18,122,133,123,44,11,97,25,98,117,111,131,59" hai1="32,1,76,73,90,24,26,15,30,132,78,79,106" hai2="21,61,108,45,100,48,103,118,10,16,4,54,85" hai3="33,9,55,75,17,93,69,89,56,99,121,49,80"/><U92/><E1/><V0/><F118/><W51/><G69/><T120/><D111/><U130/><E106/><V12/><F108/><W107/><G33/><T27/><D117/><U43/><E130/><V14/><F0/><W23/><G121/><T46/><D131/><U53/><E132/><V84/><F61/><W81/><G75/><T66/><D133/><U5/><E73/><V8/><F21/><W62/><G107/><T86/><D86/><AGARI ba="0,0" hai="4,8,10,12,14,16,45,48,54,84,85,86,100,103" machi="86" ten="40,5200,0" yaku="8,1,52,1,54,1" doraHai="40" who="2" fromWho="0" sc="355,-52,268,0,156,52,221,0" /><INIT seed="6,0,0,5,2,119" ten="303,268,208,221" oya="2" hai0="118,95,76,57,53,65,63,39,93,87,121,9,51" hai1="101,1,69,45,33,99,110,5,12,71,116,125,27" hai2="30,61,6,13,109,108,62,107,11,78,41,94,111" hai3="3,67,50,85,88,70,72,59,8,84,15,106,48"/><V80/><F107/><W55/><G72/><T54/><D39/><U18/><E116/><V31/><F41/><W16/><G106/><T134/><D118/><U20/><E110/><V123/><F123/><W22/><G70/><T29/><D121/><U24/><E125/><V37/><F37/><W47/><G67/><T132/><D29/><U40/><E1/><V35/><F94/><N who="3" m="54535" /><G3/><T100/><D9/><U126/><E126/><V38/><F38/><W114/><G114/><T44/><D100/><U66/><E5/><V131/><F131/><W92/><G8/><T2/><D2/><U73/><E73/><V25/><REACH who="2" step="1"/><F31/><REACH who="2" ten="303,268,198,221" step="2"/><W56/><G50/><T124/><D124/><U128/><E128/><V115/><F115/><W103/><G103/><T133/><D65/><U36/><E66/><V135/><F135/><W98/><G98/><T32/><D32/><U89/><E33/><V4/><F4/><W77/><G92/><T122/><D122/><U26/><E101/><V90/><F90/><W79/><G79/><T23/><D23/><U7/><E7/><V58/><F58/><W17/><G17/><T83/><AGARI ba="0,1" hai="44,51,53,54,57,63,76,83,87,93,95,132,133,134" machi="83" ten="40,2700,0" yaku="0,1,20,1" doraHai="119" who="0" fromWho="0" sc="303,37,268,-7,198,-13,221,-7" /><INIT seed="7,0,0,1,1,103" ten="340,261,185,214" oya="3" hai0="18,110,19,96,47,86,80,113,53,77,88,20,130" hai1="111,45,124,127,128,38,59,5,117,135,126,70,133" hai2="56,30,9,65,109,82,40,108,4,66,97,107,122" hai3="8,93,55,58,16,1,39,98,72,27,22,119,6"/><W28/><G119/><T15/><D110/><U46/><E5/><V83/><F122/><W71/><G71/><T99/><D130/><U60/><E111/><V26/><F109/><W67/><G72/><T84/><D113/><U50/><E117/><V114/><F108/><W132/><G132/><N who="1" m="50762" /><E38/><V112/><F40/><W68/><G39/><T54/><D19/><U29/><E29/><V11/><F82/><W102/><G68/><T120/><D120/><U2/><E2/><V49/><F83/><W81/><G81/><N who="0" m="49167" /><D54/><N who="1" m="32215" /><E128/><V116/><F116/><W25/><G67/><AGARI ba="0,0" hai="45,46,60,67,70,124,126,127" m="32215,50762" machi="67" ten="40,8000,1" yaku="18,1,20,1,34,2" doraHai="103" who="1" fromWho="3" sc="340,0,261,80,185,0,214,-80" owari="340,14.0,341,44.1,185,-21.5,134,-36.6" /></mjloggm>