<mjloggm ver="2.3"><GO type="225" lobby="0"/><UN n0="%72%61%6B%33" n1="%E9%A6%AC%E5%BC%95%E7%81%AB%33" n2="%E4%BB%8A%E6%97%A5%E4%B8%80" n3="%E6%9C%88%E5%B3%B6%E5%9F%BA" dan="16,16,17,17" rate="2111.73,2154.54,2213.37,2212.22" sx="M,M,F,M"/><TAIKYOKU oya="0"/><INIT seed="0,0,0,2,4,104" ten="250,250,250,250" oya="0" hai0="62,83,29,135,50,123,82,67,97,65,132,96,84" hai1="103,128,12,126,31,5,131,79,28,39,124,10,85" hai2="0,7,81,134,89,38,87,107,105,127,14,125,36" hai3="21,98,47,37,22,41,100,17,80,13,109,68,101"/><T48/><D29/><N who="1" m="11339" /><E39/><N who="2" m="14891" /><F0/><W63/><G109/><T6/><D62/><U129/><E103/><V72/><F134/><W15/><G80/><AGARI ba="0,0" hai="5,10,12,79,80,85,124,126,128,129,131" m="11339" machi="80" ten="40,1300,0" yaku="19,1" doraHai="104" who="1" fromWho="3" sc="250,0,250,13,250,0,250,-13" /><INIT seed="1,0,0,2,2,50" ten="250,263,250,237" oya="1" hai0="122,56,77,33,128,32,90,83,40,84,133,27,15" hai1="111,34,120,123,78,98,2,26,79,61,107,92,1" hai2="81,96,99,110,72,28,100,16,68,46,4,135,94" hai3="102,134,97,112,59,21,62,13,114,44,132,60,82"/><U31/><E107/><V22/><F68/><W57/><G82/><T130/><D133/><N who="3" m="51305" /><G13/><T70/><D70/><U51/><E61/><N who="3" m="23658" /><G21/><T58/><D122/><U67/><E67/><V20/><F110/><W105/><G44/><T11/><D40/><U48/><E111/><V85/><F72/><W25/><G25/><T43/><D43/><U108/><E108/><V91/><F135/><W131/><G131/><T104/><D104/><U3/><E123/><V117/><F99/><W29/><G29/><T6/><D77/><U125/><E120/><V17/><F4/><W93/><G93/><T89/><D27/><U19/><E19/><V9/><F9/><W38/><G38/><T37/><D37/><U5/><E5/><V119/><F46/><W53/><G59/><T106/><D106/><U121/><E121/><V66/><F28/><W23/><G23/><T64/><D64/><U101/><E79/><V10/><F66/><W109/><G109/><T76/><D56/><U118/><E78/><V129/><F129/><N who="0" m="49770" /><D58/><U124/><E26/><V24/><F10/><W36/><G36/><T115/><D15/><AGARI ba="0,0" hai="15,16,17,20,22,24,81,85,91,94,96,100,117,119" machi="15" ten="30,2000,0" yaku="7,1,54,1" doraHai="50" who="2" fromWho="0" sc="250,-20,263,0,250,20,237,0" /><INIT seed="2,0,0,5,3,124" ten="230,263,270,237" oya="2" hai0="135,14,26,64,19,85,65,69,15,5,71,2,127" hai1="113,83,1,63,77,106,75,47,57,131,91,51,27" hai2="97,29,95,16,88,129,44,24,31,110,128,49,133" hai3="10,72,107,50,36,43,22,100,102,104,28,119,79"/><V3/><F133/><W30/><G119/><T125/><D26/><U126/><E113/><V9/><F110/><W101/><G36/><T94/><D94/><U46/><E1/><V56/><F56/><W17/><G72/><T40/><D85/><U20/><E126/><N who="0" m="48137" /><D40/><U70/><E70/><N who="0" m="26633" /><D19/><U7/><E106/><V62/><F62/><W90/><G104/><T67/><D135/><U13/><E91/><V35/><F31/><W60/><G107/><T68/><N who="0" m="26641" /><T123/><DORA hai="114" /><D123/><U61/><E61/><V4/><REACH who="2" step="1"/><F16/><REACH who="2" ten="230,263,260,237" step="2"/><W33/><G60/><T108/><D108/><U18/><E63/><V45/><F45/><W130/><G17/><T58/><D58/><U80/><E57/><V25/><F25/><W0/><G30/><T120/><D120/><U78/><E46/><V111/><F111/><W99/><G28/><T76/><D65/><U82/><E47/><V8/><F8/><W118/><G10/><T55/><D64/><U87/><E27/><V39/><F39/><W121/><G121/><T66/><D67/><U92/><E18/><V96/><F96/><W134/><G99/><T132/><D132/><U11/><E11/><V115/><F115/><W52/><G134/><T53/><D66/><U42/><E51/><V98/><F98/><W112/><G50/><T38/><D38/><U21/><E21/><V59/><F59/><W81/><G22/><T109/><D109/><U105/><E20/><V6/><F6/><W93/><G112/><T117/><D5/><U32/><E7/><V54/><AGARI ba="0,1" hai="3,4,9,24,29,35,44,49,54,88,95,97,128,129" machi="54" ten="30,18000,2" yaku="1,1,0,1,52,2,54,1,53,2" doraHai="124,114" doraHaiUra="23,86" who="2" fromWho="2" sc="230,-60,263,-60,260,190,237,-60" /><INIT seed="2,1,0,4,5,131" ten="170,203,450,177" oya="2" hai0="65,45,119,10,80,28,82,96,23,135,58,17,85" hai1="133,12,19,83,36,121,89,44,126,38,63,9,94" hai2="78,93,66,105,37,72,56,112,43,84,98,16,107" hai3="95,73,57,47,103,91,18,49,68,41,130,60,75"/><V109/><F112/><W40/><G130/><T70/><D135/><U7/><E133/><V27/><F72/><W127/><G127/><T79/><D119/><U21/><E126/><V52/><F66/><N who="3" m="39183" /><G68/><T26/><D70/><U4/><E121/><V110/><F43/><N who="3" m="24831" /><G75/><T104/><D104/><U48/><E83/><N who="2" m="47223" /><F37/><W74/><G74/><T14/><D82/><U61/><E38/><V25/><F25/><W118/><G73/><T1/><D1/><U59/><E36/><V42/><F42/><W122/><G122/><T124/><D124/><U97/><E59/><V108/><F93/><W35/><G35/><T125/><D125/><U6/><E21/><N who="2" m="13735" /><F98/><N who="3" m="59871" /><G118/><T77/><D96/><U24/><E24/><V64/><F64/><W53/><G53/><AGARI ba="1,0" hai="4,6,7,9,12,19,44,48,53,61,63,89,94,97" machi="53" ten="40,1300,0" yaku="8,1" doraHai="131" who="1" fromWho="3" sc="170,0,203,16,450,0,177,-16" /><INIT seed="3,0,0,4,4,37" ten="170,219,450,161" oya="3" hai0="118,12,61,19,123,63,81,3,86,109,39,111,21" hai1="117,93,24,126,135,106,85,95,132,72,17,129,31" hai2="35,94,33,55,15,25,80,13,45,100,77,47,110" hai3="124,66,104,30,5,64,28,49,18,22,6,102,29"/><W9/><G124/><T68/><D118/><U0/><E129/><V14/><F110/><N who="0" m="41994" /><D123/><U73/><E126/><V46/><F55/><W11/><G104/><T133/><D133/><N who="1" m="51275" /><E0/><V75/><F25/><N who="3" m="14551" /><G102/><T103/><D39/><U101/><E106/><V16/><F16/><W53/><G11/><T40/><D40/><U4/><E4/><N who="3" m="1642" /><G9/><T116/><D116/><U120/><E120/><V50/><F50/><W43/><G43/><T122/><D122/><U96/><E17/><V114/><F114/><W125/><G125/><T38/><D38/><U42/><E42/><V89/><REACH who="2" step="1"/><F100/><REACH who="2" ten="170,219,440,161" step="2"/><W91/><G91/><T59/><D103/><U97/><E117/><V108/><F108/><W10/><G10/><T8/><D8/><U65/><E101/><V56/><F56/><AGARI ba="0,1" hai="28,29,30,49,53,56,64,66" m="1642,14551" machi="56" ten="30,1500,0" yaku="8,1" doraHai="37" who="3" fromWho="2" sc="170,0,219,0,440,-15,161,25" /><INIT seed="3,1,0,0,2,61" ten="170,219,425,186" oya="3" hai0="110,12,63,31,14,47,9,57,95,3,81,127,79" hai1="115,35,114,17,6,44,52,62,129,121,80,85,90" hai2="73,28,134,45,112,33,65,93,41,126,133,107,16" hai3="25,66,27,20,88,11,71,92,7,117,97,5,37"/><W2/><G117/><T50/><D110/><U87/><E35/><V74/><F107/><W94/><G37/><T86/><D127/><U15/><E121/><V42/><F28/><W132/><G132/><T118/><D118/><U64/><E6/><V26/><F33/><W102/><G7/><T60/><D3/><U109/><E109/><V83/><F112/><W38/><G38/><T104/><D104/><U108/><E108/><V29/><F29/><W122/><G122/><T70/><D31/><U106/><E106/><V48/><F42/><W67/><G71/><T55/><D95/><U77/><E129/><V111/><F111/><W135/><G135/><N who="2" m="51721" /><F83/><W128/><G128/><T39/><D9/><U59/><E44/><V13/><F26/><W89/><G27/><T68/><D68/><U131/><E131/><V78/><F78/><W36/><G36/><T105/><D105/><U125/><E125/><V124/><F93/><W56/><G56/><T53/><REACH who="0" step="1"/><D39/><REACH who="0" ten="160,219,425,186" step="2"/><U4/><E115/><V119/><F119/><W72/><G72/><T82/><D82/><U22/><E114/><V21/><F74/><W101/><G101/><T40/><D40/><U54/><E80/><V113/><F113/><W43/><G43/><T116/><D116/><U19/><E22/><V69/><F73/><W99/><G102/><T120/><D120/><U130/><E130/><V96/><F124/><W8/><G8/><T100/><D100/><U0/><E0/><V75/><F75/><W103/><G103/><T18/><D18/><AGARI ba="1,1" hai="2,5,11,18,20,25,66,67,88,89,92,94,97,99" machi="18" ten="30,12000,1" yaku="7,1,9,1,52,2,54,1" doraHai="61" who="3" fromWho="0" sc="160,-123,219,0,425,0,186,133" /><INIT seed="3,2,0,4,0,21" ten="37,219,425,319" oya="3" hai0="22,12,2,109,4,76,102,33,0,34,24,27,6" hai1="122,96,54,94,117,70,86,130,49,100,41,134,111" hai2="87,35,97,127,25,43,123,92,55,93,31,30,88" hai3="99,79,71,133,18,17,118,19,105,44,53,121,113"/><W8/><G113/><T120/><D102/><U62/><E111/><V36/><F127/><W132/><G118/><T26/><D76/><U59/><E117/><V37/><F123/><W124/><G121/><T77/><D77/><U56/><E122/><V1/><F1/><N who="0" m="618" /><D120/><U69/><E130/><V32/><F43/><W116/><G116/><T95/><D95/><U38/><E134/><N who="3" m="51818" /><G124/><T115/><D109/><U91/><E38/><V131/><F131/><W73/><G71/><T5/><D115/><U72/><E72/><V28/><F28/><W101/><G8/><T50/><D50/><U106/><E41/><V128/><F128/><W129/><G129/><T48/><D48/><U98/><E98/><V119/><F119/><W90/><G90/><T10/><D22/><U82/><E106/><V83/><F55/><AGARI ba="2,0" hai="49,54,55,56,59,62,69,70,82,86,91,94,96,100" machi="55" ten="30,1000,0" yaku="7,1" doraHai="21" who="1" fromWho="2" sc="37,0,219,16,425,-16,319,0" owari="37,-46.3,235,-16.5,409,50.9,319,11.9" /></mjloggm>