<mjloggm ver="2.3"><GO type="169" lobby="0"/><UN n0="%E8%AA%B2%E9%95%B7%E8%A6%96%E9%87%8E%E7%8B%AD%E7%AA%84" n1="%E3%83%AD%E3%83%99%E3%83%AB%E3%82%BF%E3%81%95%E3%82%93%EF%BC%A0" n2="%64%69%76%61" n3="%E2%97%8E%E3%82%88%E3%81%97%E2%97%8E" dan="16,16,16,17" rate="2160.25,2145.26,2049.50,2179.03" sx="M,F,M,M"/><TAIKYOKU oya="0"/><INIT seed="0,0,0,4,4,93" ten="250,250,250,250" oya="0" hai0="81,47,95,131,72,127,29,51,52,120,58,0,115" hai1="22,124,17,65,40,111,126,101,110,59,135,105,32" hai2="9,63,60,35,90,118,14,103,97,5,19,46,4" hai3="42,18,20,16,109,26,77,88,78,132,83,108,7"/><T79/><D115/><U41/><E32/><V50/><F118/><W67/><G132/><T102/><D120/><U74/><E74/><V6/><F35/><W43/><G7/><T1/><D131/><U117/><E101/><V98/><F90/><W38/><G67/><T66/><D127/><N who="1" m="48683" /><E105/><V104/><REACH who="2" step="1"/><F97/><REACH who="2" ten="250,250,240,250" step="2"/><W80/><G88/><T96/><REACH who="0" step="1"/><D29/><REACH who="0" ten="240,250,240,250" step="2"/><U28/><E28/><V44/><F44/><W129/><G129/><T33/><D33/><U75/><E117/><V34/><F34/><W8/><G109/><T61/><AGARI ba="0,2" hai="0,1,47,51,52,58,61,66,72,79,81,95,96,102" machi="61" ten="30,11700,0" yaku="1,1,0,1,52,1,54,1,53,0" doraHai="93" doraHaiUra="125" who="0" fromWho="0" sc="240,137,250,-39,240,-39,250,-39" /><INIT seed="0,1,0,5,5,38" ten="377,211,201,211" oya="0" hai0="71,98,16,54,114,14,119,5,8,11,32,2,130" hai1="70,43,132,84,23,60,65,36,96,118,134,52,0" hai2="72,48,105,94,66,55,74,34,51,12,116,79,127" hai3="125,131,135,91,59,13,80,17,112,19,87,62,44"/><T115/><D71/><U7/><E118/><V50/><F116/><W3/><G112/><T128/><D119/><U39/><E23/><V76/><F34/><W117/><G117/><T88/><D32/><U4/><E84/><V9/><F105/><W29/><G3/><T92/><REACH who="0" step="1"/><D54/><REACH who="0" ten="367,211,201,211" step="2"/><U30/><E52/><V47/><F55/><W61/><G61/><T81/><D81/><U6/><E60/><V28/><F66/><W126/><G62/><T27/><D27/><U53/><E53/><V123/><F123/><W101/><G59/><T106/><D106/><U133/><E65/><V69/><F69/><W107/><G107/><T95/><D95/><U121/><E70/><V73/><F94/><W100/><G80/><T56/><D56/><U41/><E121/><V97/><F127/><W90/><G126/><T111/><D111/><U89/><E134/><V26/><F26/><W124/><G135/><T57/><D57/><U18/><E133/><V109/><F109/><W83/><G83/><T35/><D35/><U42/><E132/><V64/><F64/><W25/><G25/><T108/><D108/><U102/><E0/><V77/><F28/><W68/><G29/><T31/><D31/><U24/><E30/><V58/><F58/><W85/><G68/><T20/><D20/><U45/><E45/><V15/><F9/><W122/><G44/><T103/><D103/><U129/><E102/><V37/><F47/><W63/><G122/><T1/><D1/><U22/><REACH who="1" step="1"/><E129/><AGARI ba="1,1" hai="2,5,8,11,14,16,88,92,98,114,115,128,129,130" machi="129" ten="40,12000,1" yaku="1,1,19,1,54,2,53,1" doraHai="38" doraHaiUra="93" who="0" fromWho="1" sc="367,133,211,-123,201,0,211,0" /><INIT seed="0,2,0,2,5,128" ten="500,88,201,211" oya="0" hai0="129,2,38,19,96,11,54,34,58,24,16,124,46" hai1="127,5,18,87,110,68,81,6,105,106,15,73,95" hai2="30,17,94,71,13,107,37,14,56,60,4,70,50" hai3="130,93,114,55,76,104,21,67,85,134,42,98,91"/><T40/><D129/><U63/><E110/><V65/><F107/><W119/><G130/><T53/><D124/><U120/><E127/><V133/><F37/><W89/><G114/><T43/><D43/><U126/><E126/><V86/><F30/><W113/><G119/><T48/><D34/><U125/><E73/><V88/><F133/><W80/><G134/><T10/><D2/><U25/><E25/><V74/><F74/><W35/><G35/><T27/><D19/><U102/><E95/><V69/><F4/><W3/><G3/><T99/><D99/><U49/><E49/><V108/><F108/><W135/><G135/><T97/><D97/><U51/><E51/><V100/><F100/><W39/><G67/><T77/><D77/><U26/><E26/><V90/><F17/><W112/><G55/><T75/><D75/><U8/><E120/><V121/><F121/><W123/><G123/><T47/><D96/><U57/><E68/><V122/><F122/><W72/><G21/><T0/><D0/><U52/><E125/><V109/><F109/><W116/><G116/><T82/><D82/><U132/><E132/><V33/><F33/><W41/><G104/><N who="1" m="40042" /><E102/><V117/><F117/><W20/><G39/><T92/><D92/><U29/><E29/><V118/><F118/><W101/><G112/><T115/><D115/><U9/><E9/><V59/><F90/><N who="3" m="34315" /><G113/><T1/><D1/><U28/><E28/><V79/><F79/><N who="3" m="46239" /><G20/><N who="0" m="13319" /><D27/><U31/><E31/><V36/><F36/><W84/><G72/><T78/><D78/><U23/><E23/><V32/><F32/><RYUUKYOKU ba="2,0" sc="500,0,88,0,201,0,211,0" hai0="10,11,38,40,46,47,48,53,54,58" hai1="5,6,8,15,18,52,57,63,81,87" hai2="13,14,50,56,59,60,65,69,70,71,86,88,94" hai3="41,42,76,84,93,98,101" /><INIT seed="0,3,0,4,5,85" ten="500,88,201,211" oya="0" hai0="87,102,76,2,86,93,118,39,129,6,110,25,23" hai1="68,47,58,33,49,134,50,40,95,99,32,12,74" hai2="117,56,27,54,42,128,43,107,103,133,84,22,71" hai3="13,5,72,60,78,131,9,64,16,73,29,4,55"/><T59/><D118/><U41/><E134/><V122/><F122/><W121/><G131/><T62/><D39/><U36/><E68/><V127/><F71/><W34/><G121/><T92/><D129/><U65/><E74/><V79/><F128/><W28/><G55/><T45/><D110/><U38/><E12/><V57/><F117/><W120/><G120/><T35/><D35/><U51/><E58/><V19/><F133/><W1/><G5/><T125/><D125/><U69/><E69/><V123/><F127/><W88/><G78/><T20/><D45/><U108/><E65/><V8/><F57/><W67/><G67/><T101/><D59/><U77/><E77/><V31/><F103/><W48/><G48/><T100/><D76/><U105/><E105/><V111/><F107/><W75/><G34/><T63/><D6/><U94/><E108/><V80/><F111/><W52/><G52/><T114/><D2/><U126/><E126/><V10/><F123/><W53/><G53/><T132/><D132/><U119/><E119/><V82/><F80/><W26/><G26/><T91/><D114/><U0/><E0/><V17/><F8/><W89/><G60/><N who="0" m="23083" /><D25/><U83/><E38/><V30/><F10/><N who="3" m="6199" /><G64/><T124/><D124/><U46/><E36/><V96/><F43/><W14/><G1/><T90/><AGARI ba="3,0" hai="20,23,86,87,90,91,92,93,100,101,102" m="23083" machi="90" ten="30,6000,0" yaku="8,1,52,2" doraHai="85" who="0" fromWho="0" sc="500,69,88,-23,201,-23,211,-23" /><INIT seed="0,4,0,1,5,89" ten="569,65,178,188" oya="0" hai0="15,60,112,135,110,107,78,9,59,93,105,7,65" hai1="50,103,122,24,58,33,126,46,53,63,28,119,85" hai2="8,21,92,131,13,48,127,111,31,71,47,94,124" hai3="4,40,30,102,106,32,128,61,82,95,27,1,99"/><T6/><D112/><U108/><E108/><V81/><F71/><W117/><G117/><T96/><D110/><U5/><E126/><N who="2" m="48171" /><F111/><W57/><G128/><T129/><D129/><U123/><E119/><V26/><F81/><W72/><G40/><T80/><D7/><U79/><E5/><N who="2" m="3215" /><F131/><W91/><G4/><T69/><D135/><U130/><E130/><V36/><F36/><W121/><G1/><T17/><D6/><U54/><E103/><V38/><F38/><W25/><G25/><T132/><D69/><U16/><E79/><V51/><F51/><W73/><G121/><T20/><D132/><U115/><E115/><V74/><F74/><W100/><G100/><T11/><D107/><U90/><REACH who="1" step="1"/><E16/><REACH who="1" ten="569,55,178,188" step="2"/><V109/><F109/><W37/><G102/><N who="0" m="60687" /><D105/><U66/><E66/><V45/><F45/><W19/><G106/><T10/><D10/><U116/><E116/><V120/><F120/><W39/><G19/><T44/><D44/><U14/><E14/><V49/><F49/><W29/><G29/><T101/><D101/><U22/><E22/><V133/><F133/><W43/><G30/><T62/><D9/><U2/><E2/><V77/><F77/><W83/><G27/><T75/><D11/><U12/><E12/><V98/><F47/><W55/><G32/><T34/><D34/><U18/><E18/><V76/><F76/><W88/><G72/><T113/><D113/><U134/><E134/><V86/><F48/><W3/><G73/><T87/><D75/><U118/><E118/><V68/><F21/><W52/><G37/><T35/><D35/><RYUUKYOKU ba="4,1" sc="569,15,55,15,178,-15,188,-15" hai0="15,17,20,59,60,62,65,78,80,87" hai1="24,28,33,46,50,53,54,58,63,85,90,122,123" /><INIT seed="0,5,1,3,2,104" ten="584,70,163,173" oya="0" hai0="88,90,9,25,63,75,10,37,108,121,2,62,73" hai1="111,71,130,82,33,22,18,95,127,1,123,81,96" hai2="53,55,84,30,68,57,99,61,107,129,106,80,65" hai3="105,117,92,97,78,44,67,13,122,59,5,101,133"/><T119/><D119/><U100/><E111/><V74/><F129/><W27/><G117/><T6/><D121/><U43/><E123/><V79/><F53/><W4/><G133/><T128/><D37/><U89/><E127/><V118/><F118/><W102/><G78/><T109/><D128/><U115/><E71/><V70/><F70/><W83/><G83/><T103/><D103/><U0/><E33/><V45/><F45/><W26/><G105/><T47/><D47/><U48/><E130/><V11/><F99/><W39/><G102/><T134/><D134/><U19/><E19/><V28/><F11/><N who="3" m="4327" /><G39/><T110/><D25/><N who="3" m="9225" /><G122/><T49/><D49/><U126/><E81/><V72/><F107/><W135/><G135/><T125/><D125/><U36/><E36/><V50/><REACH who="2" step="1"/><F106/><REACH who="2" ten="584,70,153,173" step="2"/><W20/><G44/><T120/><D120/><U29/><E126/><V60/><F60/><N who="0" m="23082" /><D10/><U66/><E43/><V64/><F64/><W12/><G67/><T98/><D98/><U94/><E66/><V32/><F32/><W54/><G54/><T131/><D131/><U35/><E96/><V7/><F7/><W132/><G132/><T23/><D23/><U56/><E22/><V41/><F41/><W31/><G5/><T76/><D9/><U124/><E35/><V17/><F17/><N who="3" m="10279" /><G59/><T85/><D6/><U8/><E56/><V14/><F14/><W93/><G97/><T24/><D24/><U69/><E124/><V91/><F91/><N who="0" m="34858" /><D2/><U42/><E1/><V51/><F51/><W46/><G46/><T34/><D34/><U114/><E48/><V113/><F113/><RYUUKYOKU ba="5,2" sc="584,15,70,-15,153,15,173,-15" hai0="73,75,76,85,108,109,110" hai2="28,30,50,55,57,61,65,68,72,74,79,80,84" /><INIT seed="0,6,2,3,3,59" ten="599,55,168,158" oya="0" hai0="2,116,34,131,83,80,40,104,25,134,72,114,67" hai1="44,53,99,28,16,20,38,30,47,126,6,81,3" hai2="9,15,85,103,95,130,108,10,41,42,7,93,33" hai3="120,74,18,102,29,112,17,48,0,14,97,135,94"/><T79/><D114/><U46/><E126/><V63/><F108/><W89/><G0/><T90/><D116/><U37/><E53/><V117/><F33/><W58/><G74/><T119/><D119/><U106/><E81/><V64/><F130/><W88/><G112/><T73/><D2/><U128/><E128/><V70/><F117/><W91/><G135/><T4/><D104/><U86/><E86/><V35/><F35/><W23/><G120/><T129/><D4/><U26/><E106/><V125/><F125/><W24/><G14/><T87/><D72/><U78/><E78/><V98/><F93/><W76/><G76/><T113/><D113/><U109/><E99/><V56/><F70/><W115/><G115/><T12/><D134/><U13/><E3/><V11/><F85/><W61/><G48/><T54/><D40/><AGARI ba="6,2" hai="7,9,10,11,15,40,41,42,56,63,64,95,98,103" machi="40" ten="40,2600,0" yaku="8,1,52,1" doraHai="59" who="2" fromWho="0" sc="599,-44,55,0,168,64,158,0" /><INIT seed="1,0,0,3,2,109" ten="555,55,232,158" oya="1" hai0="1,121,73,43,75,103,99,35,82,95,116,85,102" hai1="115,133,64,38,81,53,91,20,70,37,127,46,66" hai2="26,16,105,49,51,114,111,6,54,79,27,44,76" hai3="74,128,84,15,19,63,135,107,124,88,18,113,11"/><U71/><E20/><V90/><F111/><W89/><G74/><T68/><D35/><U24/><E24/><V45/><F105/><W50/><G107/><T126/><D1/><U55/><E91/><V36/><F36/><N who="1" m="13929" /><E81/><V48/><F6/><W96/><G63/><T34/><D34/><U29/><E29/><V33/><F33/><W2/><G2/><T87/><D73/><U9/><E9/><V94/><F27/><W14/><G50/><T100/><D75/><U97/><E97/><V0/><F49/><W12/><G96/><T10/><D87/><U13/><E13/><V123/><F0/><W4/><G84/><T117/><D10/><U108/><E108/><V120/><F120/><W23/><G89/><T3/><D121/><U47/><E133/><V25/><F123/><W17/><G88/><T56/><D3/><U32/><E32/><V98/><F26/><W57/><G135/><T130/><D103/><U106/><E106/><V60/><F25/><W52/><G4/><T118/><D102/><U21/><E21/><V69/><F16/><W61/><G11/><T30/><D30/><U134/><E134/><V125/><F79/><W5/><G5/><T28/><D28/><U101/><E101/><V93/><F76/><W132/><G132/><T42/><D85/><U129/><E129/><V65/><F94/><W83/><G128/><T7/><D130/><U72/><E72/><V104/><F104/><W78/><G23/><T58/><D82/><U40/><E127/><V122/><F125/><W67/><G124/><T131/><D126/><U22/><E22/><RYUUKYOKU ba="0,0" sc="555,0,55,0,232,0,158,0" /><INIT seed="2,1,0,5,1,122" ten="555,55,232,158" oya="2" hai0="131,31,129,30,132,125,85,56,51,119,123,49,107" hai1="37,100,53,61,96,12,54,60,58,42,87,17,98" hai2="67,39,111,133,127,120,1,14,25,59,84,91,69" hai3="110,68,6,24,11,48,88,8,116,109,118,134,70"/><V41/><F120/><W117/><G134/><T86/><D123/><U97/><E37/><V105/><F105/><W32/><G48/><N who="0" m="18507" /><D107/><U7/><E42/><V126/><F1/><N who="3" m="79" /><G11/><T23/><D132/><U74/><E74/><V18/><F133/><W130/><G88/><T40/><D86/><U95/><E7/><V128/><F69/><N who="3" m="26731" /><G130/><T63/><D85/><U10/><REACH who="1" step="1"/><E87/><REACH who="1" ten="555,45,232,158" step="2"/><V106/><F84/><W27/><G27/><T16/><D40/><U21/><E21/><V66/><F25/><W89/><G89/><T115/><D131/><U101/><E101/><V124/><F128/><W104/><G104/><T83/><D129/><U62/><E62/><V112/><F106/><W20/><G20/><T34/><D23/><U36/><E36/><V103/><F39/><W78/><G78/><T45/><D63/><U33/><E33/><V22/><F41/><W47/><G47/><T75/><D45/><U76/><E76/><V57/><F103/><W72/><G72/><T93/><D75/><U46/><E46/><V121/><F91/><W80/><G80/><T64/><D83/><U92/><E92/><V55/><F121/><W94/><G94/><T73/><D93/><U13/><E13/><V82/><F82/><W71/><G24/><N who="0" m="18759" /><D73/><U90/><E90/><V135/><F135/><W5/><G32/><T65/><D119/><U113/><E113/><V50/><F112/><W3/><G5/><T35/><D115/><U29/><E29/><V108/><F14/><W102/><G3/><T44/><D31/><U77/><E77/><V4/><F4/><W81/><G116/><RYUUKYOKU ba="1,1" sc="555,-10,45,30,232,-10,158,-10" hai1="10,12,17,53,54,58,60,61,95,96,97,98,100" /><INIT seed="3,2,1,2,3,37" ten="545,75,222,148" oya="3" hai0="44,49,31,17,2,122,72,132,55,54,118,41,121" hai1="34,61,56,66,59,68,112,50,69,7,80,127,53" hai2="20,125,134,16,27,78,71,62,1,42,99,133,103" hai3="74,32,8,36,98,84,128,119,24,19,91,48,77"/><W30/><G119/><T96/><D118/><U89/><E34/><V58/><F71/><W25/><G36/><T15/><D72/><U93/><E112/><V95/><F1/><W9/><G128/><T116/><D116/><U101/><E127/><V126/><F78/><W94/><G74/><T65/><D2/><U135/><E135/><N who="2" m="51723" /><F42/><W22/><G77/><T43/><D132/><U23/><E101/><V76/><F76/><W104/><G104/><T88/><D65/><AGARI ba="2,1" hai="16,20,27,58,62,65,95,99,103,125,126" m="51723" machi="65" ten="30,2000,0" yaku="20,1,54,1" doraHai="37" who="2" fromWho="0" sc="545,-26,75,0,222,36,148,0" /><INIT seed="4,0,0,4,2,8" ten="519,75,258,148" oya="0" hai0="106,99,120,134,130,30,13,94,121,122,75,31,59" hai1="12,41,37,127,77,113,17,4,133,9,104,33,123" hai2="92,83,97,129,105,117,87,62,76,111,61,58,39" hai3="47,42,110,54,90,46,132,51,96,32,5,70,85"/><T38/><D106/><U93/><E104/><V67/><F111/><W78/><G110/><T125/><D75/><U27/><E123/><V81/><F39/><W29/><G70/><T108/><D38/><U68/><E68/><V20/><F117/><W101/><G78/><T118/><D108/><U119/><E119/><V19/><F129/><W0/><G132/><T16/><D118/><U22/><E127/><V79/><F105/><W44/><G0/><T40/><D125/><U80/><E133/><V45/><F45/><W50/><G5/><T114/><D134/><U82/><E113/><V43/><F43/><W131/><G29/><T126/><D114/><U86/><E33/><V69/><F87/><W36/><G32/><T1/><D1/><U115/><E115/><V53/><F79/><W84/><G131/><T107/><D107/><U21/><E82/><V100/><F76/><W71/><G71/><T7/><D130/><U74/><E93/><V52/><F53/><W18/><G90/><T34/><D34/><U28/><E37/><V23/><F23/><W6/><G6/><T25/><D126/><U98/><E41/><V95/><F95/><N who="3" m="58527" /><G18/><T2/><D2/><U3/><REACH who="1" step="1"/><E98/><REACH who="1" ten="519,65,258,148" step="2"/><V55/><F69/><W102/><G36/><T11/><D121/><U10/><E10/><V72/><F83/><W109/><G109/><T88/><D122/><U112/><E112/><V64/><F81/><W103/><G42/><T65/><D120/><U49/><E49/><V73/><F92/><W91/><G51/><T15/><D40/><U135/><E135/><V48/><F48/><RYUUKYOKU ba="0,1" sc="519,-10,65,30,258,-10,148,-10" hai1="3,4,9,12,17,21,22,27,28,74,77,80,86" /><INIT seed="5,1,1,5,2,90" ten="509,95,248,138" oya="1" hai0="116,38,95,88,47,8,42,76,105,25,82,26,9" hai1="41,79,27,128,111,60,94,131,100,30,52,83,69" hai2="89,3,5,14,134,6,65,4,57,23,33,81,46" hai3="74,110,99,97,113,127,96,119,48,11,133,115,112"/><U66/><E111/><V70/><F70/><W125/><G110/><T10/><D116/><U129/><E41/><V114/><F46/><W117/><G11/><T16/><D105/><U107/><E107/><V62/><F33/><W101/><G48/><T71/><D71/><U92/><E52/><V86/><F134/><W55/><G55/><T29/><D29/><U103/><E103/><V68/><F68/><W93/><G74/><T109/><D109/><U56/><E100/><V75/><F75/><W7/><G7/><T124/><D124/><N who="3" m="47689" /><G133/><T121/><D121/><U20/><E69/><V80/><F114/><W28/><G28/><T132/><D132/><U122/><E122/><V32/><F32/><W12/><G12/><T98/><REACH who="0" step="1"/><D16/><REACH who="0" ten="499,95,248,138" step="2"/><U17/><REACH who="1" step="1"/><E30/><REACH who="1" ten="499,85,248,138" step="2"/><V53/><F3/><W35/><G35/><T126/><D126/><U58/><E58/><V120/><F57/><W15/><G15/><T123/><D123/><U18/><E18/><V104/><F14/><W59/><G59/><T72/><AGARI ba="1,3" hai="8,9,10,25,26,38,42,47,72,76,82,88,95,98" machi="72" ten="30,7900,0" yaku="1,1,0,1,52,1,54,1,53,0" doraHai="90" doraHaiUra="108" who="0" fromWho="0" sc="499,112,85,-40,248,-21,138,-21" /><INIT seed="6,0,0,5,4,37" ten="611,45,227,117" oya="2" hai0="25,16,1,42,126,117,98,2,13,56,40,87,48" hai1="19,74,99,27,70,83,131,11,6,107,30,20,97" hai2="26,93,22,81,111,91,51,7,95,12,4,63,88" hai3="28,59,17,100,44,76,29,127,90,10,112,71,5"/><V78/><F111/><W72/><G71/><T53/><D126/><U124/><E131/><V62/><F51/><W110/><G100/><T134/><D134/><U55/><E124/><V130/><F130/><W135/><G17/><T109/><D109/><U96/><E70/><V39/><F39/><W129/><G59/><T58/><D117/><U115/><E115/><V128/><F128/><W121/><G90/><N who="2" m="34345" /><F81/><N who="3" m="45191" /><G110/><T8/><D87/><U23/><E107/><V52/><F78/><W45/><G121/><T54/><D98/><U89/><E55/><V103/><F103/><W116/><G116/><T122/><D122/><U118/><E118/><V133/><F133/><W61/><G61/><N who="2" m="23049" /><F52/><W31/><G135/><T24/><D2/><U114/><E114/><V36/><F36/><W41/><G112/><T0/><D1/><U68/><E68/><V119/><F119/><W82/><G127/><T104/><D0/><U47/><E74/><V3/><F3/><W106/><G106/><T65/><D65/><U43/><E83/><V132/><F132/><W38/><G82/><T108/><D104/><U18/><E89/><V66/><F66/><W94/><G38/><T79/><D79/><U85/><E85/><V60/><F60/><W102/><G102/><T9/><D108/><U92/><E92/><N who="2" m="35403" /><F12/><N who="3" m="5199" /><G94/><T105/><D105/><U57/><E57/><V14/><F14/><W64/><G64/><T80/><D80/><U101/><E101/><V35/><F35/><W123/><G123/><T15/><D48/><U75/><E75/><V69/><F69/><W33/><G129/><T34/><D34/><RYUUKYOKU ba="0,0" sc="611,15,45,-15,227,15,117,-15" hai0="8,9,13,15,16,24,25,40,42,53,54,56,58" hai2="4,7,22,26" /><INIT seed="6,1,0,2,2,25" ten="626,30,242,102" oya="2" hai0="132,52,15,119,14,17,62,28,22,12,92,109,35" hai1="91,104,9,30,93,20,54,16,40,106,70,67,21" hai2="77,13,134,7,61,27,131,128,113,3,71,101,47" hai3="94,124,24,38,112,63,95,43,110,31,114,123,2"/><V10/><F113/><N who="3" m="43627" /><G110/><T32/><D109/><U36/><E9/><V33/><F134/><W1/><G124/><T103/><D132/><U66/><E54/><V57/><F71/><W83/><G83/><T59/><D119/><U41/><E36/><V135/><F135/><W58/><G43/><N who="1" m="16458" /><E106/><V42/><F77/><W120/><G38/><T37/><D37/><U55/><E104/><V34/><F101/><W90/><G95/><T127/><D127/><U64/><E55/><V0/><F47/><W107/><G107/><T74/><D74/><U51/><E51/><V49/><F49/><W56/><G56/><T99/><D35/><U81/><E81/><V121/><F42/><W118/><G118/><T87/><D87/><N who="1" m="52479" /><E70/><V84/><F84/><N who="3" m="52551" /><G1/><T26/><AGARI ba="1,0" hai="12,14,15,17,22,26,28,32,52,59,62,92,99,103" machi="26" ten="30,4000,0" yaku="0,1,52,1,54,1" doraHai="25" who="0" fromWho="0" sc="626,43,30,-11,242,-21,102,-11" /><INIT seed="7,0,0,2,4,125" ten="669,19,221,91" oya="3" hai0="23,41,63,83,104,84,40,29,93,44,91,8,27" hai1="82,102,90,37,32,123,121,98,88,116,6,97,74" hai2="95,61,15,1,112,9,49,77,126,134,94,118,107" hai3="67,128,26,17,99,38,127,109,79,43,135,30,110"/><W51/><G127/><T4/><D104/><U33/><E37/><V7/><F107/><W86/><G38/><T66/><D93/><U124/><E6/><V5/><F5/><W71/><G135/><T55/><D55/><U73/><E82/><V48/><F1/><W21/><G99/><T11/><D44/><U70/><E70/><V53/><F134/><W14/><G43/><T113/><D113/><U62/><E62/><V16/><F77/><W36/><G51/><T46/><D46/><U12/><E12/><V31/><F48/><W76/><G36/><T39/><D11/><U54/><E124/><V81/><F61/><N who="3" m="40431" /><G86/><T45/><D40/><U117/><REACH who="1" step="1"/><E54/><REACH who="1" ten="669,9,221,91" step="2"/><V114/><F53/><W52/><G52/><T47/><D39/><U105/><E105/><V59/><F7/><W10/><G14/><N who="0" m="5383" /><D41/><U0/><E0/><V108/><F126/><W72/><G110/><T87/><D87/><U58/><E58/><AGARI ba="0,1" hai="23,27,29,45,47,58,63,66,83,84,91" m="5383" machi="58" ten="30,1000,0" yaku="8,1" doraHai="125" who="0" fromWho="1" sc="669,20,9,-10,221,0,91,0" owari="689,78.9,-1,-50.1,221,2.1,91,-30.9" /></mjloggm>