<mjloggm ver="2.3"><GO type="169" lobby="0"/><UN n0="%E4%BA%BA%E5%93%81%E3%81%AA%E3%81%97" n1="%E5%8D%83%E5%B9%B4%E5%B0%8F%E5%A6%96" n2="%E3%81%82%E3%81%A3%E3%81%8D%EF%BD%9E%E2%99%AA" n3="%E6%99%A8%E6%98%8F%E5%B0%8D%E5%B3%99" dan="17,16,16,17" rate="2198.40,2099.77,2085.00,2207.83" sx="M,M,M,M"/><TAIKYOKU oya="0"/><INIT seed="0,0,0,0,2,29" ten="250,250,250,250" oya="0" hai0="135,131,111,23,40,14,122,30,32,8,67,51,75" hai1="88,54,6,70,18,17,117,46,90,81,125,43,69" hai2="123,12,84,20,48,31,33,89,115,109,9,39,27" hai3="26,86,65,10,114,63,57,99,77,11,80,87,28"/><T79/><BYE who="2" /><D122/><UN n2="%E3%81%82%E3%81%A3%E3%81%8D%EF%BD%9E%E2%99%AA" /><U126/><E117/><V45/><F123/><W118/><G118/><T42/><D131/><U101/><E6/><V4/><F109/><W0/><G114/><T73/><D111/><U68/><E101/><V112/><F39/><W102/><G0/><T128/><D23/><U35/><E54/><V60/><F60/><W3/><G86/><T132/><D67/><U25/><E81/><V95/><REACH who="2" step="1"/><F20/><REACH who="2" ten="250,250,240,250" step="2"/><W105/><G3/><T91/><D51/><U134/><E134/><N who="0" m="51241" /><D128/><U13/><E125/><V7/><F7/><W133/><G133/><T50/><D50/><U78/><E126/><V53/><AGARI ba="0,1" hai="4,9,12,27,31,33,45,48,53,84,89,95,112,115" machi="53" ten="20,8000,1" yaku="1,1,0,1,7,1,52,1,53,1" doraHai="29" doraHaiUra="44" who="2" fromWho="2" sc="250,-40,250,-20,240,90,250,-20" /><INIT seed="1,0,0,2,3,82" ten="210,230,330,230" oya="1" hai0="67,19,64,87,8,125,48,51,1,65,101,16,62" hai1="42,60,128,96,0,47,71,59,103,29,30,130,41" hai2="52,89,32,25,118,49,95,116,119,113,34,109,86" hai3="53,63,18,3,126,104,22,26,83,102,38,56,78"/><U14/><E0/><V39/><F109/><W46/><G126/><T73/><D73/><U121/><E71/><V124/><F124/><W50/><G3/><T122/><D122/><U31/><E121/><V81/><F39/><W107/><G38/><T108/><D108/><U55/><E14/><V43/><F43/><W94/><G102/><T69/><D125/><U97/><E97/><V72/><F113/><W44/><G94/><T23/><D101/><U80/><E80/><V4/><F4/><W79/><G46/><T12/><D1/><U15/><E15/><V21/><F72/><W85/><REACH who="3" step="1"/><G79/><REACH who="3" ten="210,230,330,220" step="2"/><T134/><D134/><U92/><REACH who="1" step="1"/><E41/><AGARI ba="0,1" hai="18,22,26,41,44,50,53,56,63,78,83,85,104,107" machi="41" ten="30,7700,0" yaku="1,1,2,1,7,1,52,1,53,0" doraHai="82" doraHaiUra="68" who="3" fromWho="1" sc="210,0,230,-77,330,0,220,87" /><INIT seed="2,0,0,3,4,59" ten="210,153,330,307" oya="2" hai0="124,4,7,131,83,35,21,29,39,92,33,30,57" hai1="77,95,87,45,51,93,116,99,38,63,105,96,76" hai2="121,132,109,23,68,114,61,120,53,84,86,20,135" hai3="32,60,72,3,62,134,80,130,36,16,106,50,74"/><V101/><F101/><W88/><G106/><T42/><D124/><U126/><E116/><V94/><F114/><W43/><G32/><T81/><D131/><U108/><E38/><V66/><F53/><W34/><G34/><T71/><D71/><U102/><E126/><V78/><F109/><W111/><G36/><T26/><D92/><U15/><E108/><V54/><F54/><W28/><G3/><T41/><D39/><U14/><E105/><V91/><F84/><N who="3" m="50183" /><G111/><T49/><D21/><N who="2" m="8266" /><F78/><W18/><G72/><T73/><D57/><U112/><E112/><V89/><F89/><W48/><G74/><T129/><D73/><U56/><E77/><V37/><F37/><W85/><G28/><T69/><D69/><U127/><E127/><V65/><F65/><W115/><G115/><T1/><D129/><U0/><E0/><V47/><F47/><N who="3" m="25727" /><G130/><T5/><D1/><U2/><E2/><V8/><F8/><W9/><G50/><T110/><D110/><U25/><E87/><V13/><F13/><N who="3" m="7215" /><G134/><AGARI ba="0,0" hai="61,66,68,86,91,94,120,121,132,134,135" m="8266" machi="134" ten="30,2900,0" yaku="20,1,52,1" doraHai="59" who="2" fromWho="3" sc="210,0,153,0,330,29,307,-29" /><INIT seed="2,1,0,0,1,50" ten="210,153,359,278" oya="2" hai0="66,97,33,45,40,56,17,1,31,95,72,48,106" hai1="79,62,92,125,120,80,96,10,28,53,3,12,13" hai2="41,91,88,54,0,107,24,64,5,58,35,93,89" hai3="100,124,52,81,103,63,2,6,126,71,129,94,57"/><V20/><F107/><W74/><G129/><T16/><D72/><U38/><E38/><V27/><F35/><W108/><G108/><T8/><D106/><U116/><E116/><V25/><F41/><W133/><G133/><T132/><D132/><U7/><E125/><N who="3" m="48234" /><G71/><T69/><D69/><U104/><E104/><V135/><F135/><W14/><G2/><T75/><D75/><U78/><E28/><V134/><F64/><W19/><G6/><T34/><D1/><U84/><E79/><V90/><F134/><W55/><G94/><T86/><D86/><U4/><E120/><V73/><F73/><W44/><G44/><T23/><D8/><U127/><E4/><V130/><F130/><W30/><G30/><T87/><D87/><U76/><E76/><V114/><F114/><W32/><G32/><T122/><D122/><U9/><E9/><V39/><F39/><W67/><G100/><N who="0" m="60479" /><D33/><U113/><E113/><V115/><F115/><W112/><G103/><T49/><D49/><U121/><E121/><V60/><F5/><W111/><G112/><T59/><D59/><N who="1" m="35183" /><E127/><V128/><F0/><W22/><G111/><T85/><D85/><U65/><E65/><V61/><F128/><W42/><G42/><T82/><D34/><U11/><E11/><V46/><F46/><W70/><G70/><T131/><D131/><U26/><E26/><V77/><F61/><W83/><G83/><T68/><D68/><U51/><E51/><V99/><F77/><AGARI ba="1,0" hai="14,19,22,52,55,57,63,67,74,77,81" m="48234" machi="77" ten="30,7700,0" yaku="18,1,52,2,54,1" doraHai="50" who="3" fromWho="2" sc="210,0,153,0,359,-80,278,80" /><INIT seed="3,0,0,1,1,8" ten="210,153,279,358" oya="3" hai0="127,22,0,104,71,4,37,99,34,62,108,80,46" hai1="76,78,40,121,86,123,118,84,115,114,55,132,129" hai2="1,128,119,126,29,53,10,81,45,13,116,94,54" hai3="91,90,32,15,65,109,79,83,52,2,82,3,35"/><W106/><G106/><T16/><D34/><U43/><E55/><V26/><F126/><W124/><G65/><T6/><D127/><U120/><E40/><V130/><F1/><W38/><G124/><T47/><D108/><U64/><E64/><V117/><F81/><W100/><G100/><T107/><D80/><U9/><E43/><V59/><F45/><W67/><G67/><T134/><D134/><U18/><E18/><V19/><F94/><W103/><G103/><T51/><D71/><U92/><E9/><V63/><REACH who="2" step="1"/><F54/><REACH who="2" ten="210,153,269,358" step="2"/><W17/><G52/><T69/><D69/><U36/><E132/><V42/><F42/><W135/><G135/><T101/><D0/><U133/><E133/><V30/><F30/><W24/><G109/><T28/><D104/><U125/><E125/><V41/><F41/><W93/><G93/><T88/><D46/><U96/><E36/><V77/><F77/><N who="1" m="29801" /><E118/><V60/><F60/><W7/><G79/><T72/><D28/><U97/><E129/><V110/><F110/><W113/><G38/><T89/><D37/><U95/><E95/><V39/><F39/><W102/><G2/><T57/><D72/><U122/><E121/><V11/><F11/><W98/><G3/><T21/><D107/><U58/><E58/><V87/><F87/><N who="1" m="33321" /><E92/><V61/><F61/><W48/><G82/><T33/><D62/><U14/><E14/><V85/><F85/><W5/><G83/><T49/><D57/><U68/><E68/><V105/><F105/><W27/><G15/><T73/><D73/><U75/><E75/><V20/><AGARI ba="0,1" hai="10,13,19,20,26,29,53,59,63,116,117,119,128,130" machi="20" ten="40,8000,1" yaku="1,1,5,1,0,1,52,1,53,0" doraHai="8" doraHaiUra="131" who="2" fromWho="2" sc="210,-20,153,-20,269,90,358,-40" /><INIT seed="4,0,0,0,0,114" ten="190,133,359,318" oya="0" hai0="6,63,90,39,102,61,20,11,87,45,134,135,69" hai1="55,12,130,101,62,64,120,107,128,125,73,76,8" hai2="13,29,109,131,37,14,103,5,84,126,4,32,116" hai3="25,98,21,117,18,59,127,72,41,123,100,108,52"/><T0/><D102/><U57/><E120/><V75/><F75/><W53/><G108/><T43/><D20/><U44/><E125/><V7/><F37/><W85/><G127/><T115/><D115/><U79/><E107/><V133/><F126/><W81/><G72/><T106/><D106/><U112/><E101/><V15/><F103/><W46/><G123/><T86/><D86/><U49/><E112/><V91/><F84/><W56/><G117/><T36/><D36/><U51/><E51/><V3/><F91/><N who="3" m="51631" /><G41/><T80/><REACH who="0" step="1"/><D69/><REACH who="0" ten="180,133,359,318" step="2"/><U67/><E73/><V60/><F109/><W83/><G100/><T48/><D48/><U10/><E67/><V1/><F32/><W28/><G98/><T78/><D78/><U92/><E8/><V35/><F35/><W24/><G83/><T132/><AGARI ba="0,1" hai="0,6,11,39,43,45,61,63,80,87,90,132,134,135" machi="132" ten="30,6000,0" yaku="1,1,0,1,20,1,53,0" doraHai="114" doraHaiUra="113" who="0" fromWho="0" sc="180,70,133,-20,359,-20,318,-20" /><INIT seed="4,1,0,1,0,47" ten="250,113,339,298" oya="0" hai0="31,110,130,38,21,111,13,70,23,58,40,67,18" hai1="22,118,86,123,79,17,7,134,3,135,4,83,1" hai2="114,14,78,94,29,73,107,65,52,95,98,84,11" hai3="6,90,56,96,64,72,32,26,124,92,117,109,37"/><T16/><D70/><U76/><E118/><V54/><F114/><W33/><G109/><N who="0" m="41483" /><D130/><U89/><E123/><V41/><F107/><W121/><G117/><T36/><D31/><U2/><E89/><V108/><F108/><W28/><G124/><T71/><D71/><U80/><E17/><V104/><F104/><W59/><G37/><T34/><D34/><U5/><E22/><V53/><F73/><W127/><G127/><T77/><D77/><U48/><E48/><V35/><F65/><W125/><G121/><T60/><D40/><U97/><E97/><V81/><F41/><W132/><G72/><T49/><D49/><U24/><E24/><AGARI ba="1,0" hai="13,16,18,21,23,24,36,38,58,60,67" m="41483" machi="24" ten="30,2900,0" yaku="10,1,54,1" doraHai="47" who="0" fromWho="1" sc="250,32,113,-32,339,0,298,0" /><INIT seed="4,2,0,2,4,34" ten="282,81,339,298" oya="0" hai0="131,105,85,40,82,115,61,79,103,14,46,25,52" hai1="39,93,84,45,95,30,41,26,94,74,18,8,124" hai2="1,129,55,101,133,59,120,16,66,62,37,44,35" hai3="86,71,22,77,109,97,116,29,107,76,108,13,67"/><T32/><D115/><U102/><E74/><V132/><F35/><W81/><G116/><T53/><D131/><U36/><E124/><V83/><F101/><W114/><G114/><T112/><D112/><U2/><E102/><V48/><F83/><W134/><G134/><N who="2" m="51817" /><F1/><W123/><G123/><T130/><D130/><U10/><E39/><V121/><F16/><W80/><G71/><T111/><D111/><U135/><E135/><V110/><F129/><W50/><G67/><T4/><D61/><U65/><E65/><V27/><F27/><W106/><G50/><T100/><D25/><U113/><E113/><V118/><F110/><W20/><G13/><T128/><D32/><U117/><E117/><V56/><F118/><W87/><REACH who="3" step="1"/><G97/><REACH who="3" ten="282,81,339,288" step="2"/><T58/><D128/><U119/><E119/><V91/><F91/><W57/><G57/><N who="2" m="22089" /><F37/><W73/><G73/><T5/><D58/><AGARI ba="2,1" hai="44,48,55,58,62,66,120,121" m="22089,51817" machi="58" ten="30,3900,0" yaku="20,1,34,2" doraHai="34" who="2" fromWho="0" sc="282,-45,81,0,339,55,288,0" /><INIT seed="5,0,0,3,1,124" ten="237,81,394,288" oya="1" hai0="110,80,63,8,96,14,56,69,100,4,65,45,43" hai1="119,75,47,66,92,62,7,15,11,46,44,17,111" hai2="35,67,73,19,125,81,116,130,71,33,93,106,91" hai3="20,126,99,58,86,36,18,95,24,85,12,53,51"/><U97/><E119/><V105/><F116/><W135/><G126/><T10/><D110/><U103/><E75/><V34/><F125/><W13/><G36/><T60/><D10/><U16/><REACH who="1" step="1"/><E111/><REACH who="1" ten="237,71,394,288" step="2"/><V26/><F130/><W21/><G135/><T83/><D69/><AGARI ba="0,1" hai="7,11,15,16,17,44,46,47,62,66,69,92,97,103" machi="69" ten="40,7700,0" yaku="1,1,2,1,54,1,53,0" doraHai="124" doraHaiUra="101" who="1" fromWho="0" sc="237,-77,71,87,394,0,288,0" /><INIT seed="5,1,0,4,3,43" ten="160,158,394,288" oya="1" hai0="26,122,20,60,51,117,81,38,64,109,29,95,89" hai1="86,71,98,90,70,126,42,59,0,63,130,108,24" hai2="5,10,106,124,77,32,104,65,13,40,66,45,2" hai3="58,37,80,52,112,132,27,123,35,91,84,15,50"/><U9/><E130/><V33/><F124/><W78/><G123/><T31/><D109/><U73/><E73/><V131/><F131/><W48/><G37/><T34/><D117/><U88/><E126/><V21/><F77/><W107/><G107/><T83/><D38/><U4/><E108/><V120/><F120/><W46/><G112/><T100/><D122/><U134/><E134/><V69/><F106/><W68/><G68/><T11/><D34/><U113/><E113/><V93/><F104/><W99/><G132/><T7/><D31/><U49/><E24/><V67/><F93/><N who="3" m="56767" /><G35/><T76/><D51/><U28/><E28/><V16/><REACH who="2" step="1"/><F69/><REACH who="2" ten="160,158,384,288" step="2"/><W23/><G15/><T14/><D76/><U3/><E70/><V92/><F92/><W12/><G12/><T39/><D39/><AGARI ba="1,1" hai="2,5,10,13,16,21,32,33,39,40,45,65,66,67" machi="39" ten="40,5200,0" yaku="1,1,52,1,54,1,53,0" doraHai="43" doraHaiUra="127" who="2" fromWho="0" sc="160,-55,158,0,384,65,288,0" /><INIT seed="6,0,0,3,5,106" ten="105,158,449,288" oya="2" hai0="117,32,44,120,57,102,92,115,63,99,12,20,56" hai1="36,42,53,58,116,60,104,119,64,73,107,71,3" hai2="94,134,125,78,22,79,86,15,89,90,27,30,19" hai3="67,21,17,2,74,69,108,49,7,113,101,66,61"/><V105/><F105/><W24/><G108/><T83/><D120/><U34/><E3/><V133/><F125/><W6/><G113/><T4/><D115/><U84/><E34/><V33/><REACH who="2" step="1"/><F90/><REACH who="2" ten="105,158,439,288" step="2"/><W0/><G101/><T50/><D117/><U18/><E107/><V51/><F51/><W68/><G49/><T8/><D32/><U98/><E104/><V37/><F37/><W62/><REACH who="3" step="1"/><G74/><REACH who="3" ten="105,158,439,278" step="2"/><T43/><D63/><U35/><E73/><V31/><F31/><W39/><G39/><T130/><D130/><U65/><E36/><V121/><F121/><W127/><G127/><T54/><D43/><U38/><E42/><V40/><F40/><W9/><G9/><T114/><D114/><U95/><E38/><V81/><F81/><W26/><G26/><T52/><D83/><U126/><E126/><V75/><F75/><W123/><G123/><T59/><REACH who="0" step="1"/><D20/><REACH who="0" ten="95,158,439,278" step="2"/><U110/><E60/><V11/><F11/><W5/><AGARI ba="0,3" hai="0,2,5,6,7,17,21,24,61,62,66,67,68,69" machi="5" ten="30,4000,0" yaku="1,1,0,1,9,1,53,0" doraHai="106" doraHaiUra="128" who="3" fromWho="3" sc="95,-10,158,-10,439,-20,278,70" /><INIT seed="7,0,0,1,3,69" ten="85,148,419,348" oya="3" hai0="71,128,107,61,35,109,40,18,58,135,93,130,90" hai1="104,8,17,75,14,29,13,70,98,30,83,120,64" hai2="56,86,42,115,101,22,108,41,67,118,100,0,44" hai3="25,119,48,65,59,113,24,26,80,79,125,15,117"/><W43/><G125/><T1/><D109/><U16/><E120/><V37/><F108/><W84/><G113/><T50/><D107/><U6/><E70/><V19/><F115/><W129/><G129/><T112/><D112/><U77/><E64/><V123/><F118/><W62/><REACH who="3" step="1"/><G15/><REACH who="3" ten="85,148,419,338" step="2"/><T46/><D1/><U45/><E13/><V103/><F0/><W23/><G23/><T97/><D35/><U87/><E14/><V96/><F123/><W68/><G68/><T76/><D135/><U133/><E133/><V121/><F121/><W39/><G39/><T28/><D71/><U34/><E34/><V131/><F131/><W2/><G2/><T102/><D28/><U82/><E30/><V33/><F33/><W53/><G53/><T21/><D76/><U95/><E29/><V94/><F42/><W72/><G72/><T10/><D10/><U66/><E75/><V20/><F86/><W5/><G5/><T51/><D128/><U132/><E6/><V54/><F67/><W55/><G55/><T111/><D130/><U78/><E66/><V27/><F22/><W11/><G11/><T122/><D122/><U3/><E8/><V127/><F127/><W47/><AGARI ba="0,1" hai="24,25,26,43,47,48,59,62,65,79,80,84,117,119" machi="47" ten="30,3000,0" yaku="1,1,0,1,53,0" doraHai="69" doraHaiUra="7" who="3" fromWho="3" sc="85,-10,148,-10,419,-10,338,40" /><INIT seed="7,1,0,3,2,111" ten="75,138,409,378" oya="3" hai0="76,93,64,117,114,131,71,119,40,47,9,121,11" hai1="45,16,112,63,30,46,101,68,58,128,17,73,29" hai2="122,54,82,102,124,97,12,75,19,7,89,37,43" hai3="123,24,5,32,67,85,55,18,38,1,126,77,35"/><W115/><G123/><T105/><D105/><U135/><E68/><V42/><F122/><W23/><G38/><T34/><D121/><U50/><E73/><V21/><F124/><W88/><G126/><T39/><D34/><U22/><E128/><V79/><F89/><W66/><G115/><T109/><D109/><U84/><E112/><V15/><F54/><W91/><G35/><T44/><D131/><U116/><E135/><V33/><F33/><W8/><G55/><T134/><D134/><U14/><E101/><V26/><F37/><W95/><G77/><T81/><D114/><U108/><E116/><V113/><F113/><W10/><G10/><T104/><D104/><U96/><E96/><V51/><F51/><W94/><G32/><T99/><D117/><U74/><E74/><V52/><F52/><W65/><G65/><T20/><D119/><U107/><E107/><V62/><F62/><W6/><G6/><T132/><D132/><U41/><E46/><V90/><F90/><W92/><G92/><T103/><D47/><U80/><E17/><V57/><F57/><W106/><G106/><T36/><D36/><U98/><E98/><AGARI ba="1,0" hai="1,5,8,18,23,24,66,67,85,88,91,94,95,98" machi="98" ten="30,2900,0" yaku="7,1,54,1" doraHai="111" who="3" fromWho="1" sc="75,0,138,-32,409,0,378,32" owari="75,-42.5,106,-29.4,409,20.9,410,51.0" /></mjloggm>