<mjloggm ver="2.3"><GO type="169" lobby="0"/><UN n0="%E3%81%99%E3%83%BC%5F%E9%88%B4%E6%9C%A8%E6%B5%A9%E5%B9%B3" n1="%E8%B5%A4%E5%BA%A7%E3%81%82%E3%81%8B%E3%82%8A%45%58" n2="%44%61%6C%69" n3="%E9%AB%AD%E9%AF%A8" dan="16,16,17,16" rate="2101.35,2125.70,2178.86,2147.29" sx="M,M,M,M"/><TAIKYOKU oya="0"/><INIT seed="0,0,0,2,3,10" ten="250,250,250,250" oya="0" hai0="38,20,60,42,72,86,101,33,82,135,67,91,105" hai1="87,109,44,119,90,95,24,134,108,93,57,48,36" hai2="32,85,120,131,99,46,2,51,78,103,13,62,73" hai3="45,66,110,11,118,121,125,64,3,29,77,128,9"/><T111/><D33/><U65/><E119/><V55/><F2/><W56/><G118/><T4/><D135/><U116/><E116/><V18/><F120/><W43/><G110/><T52/><D111/><U15/><E134/><V80/><F32/><W25/><G128/><T28/><D72/><U98/><E36/><V112/><F112/><W19/><G125/><T74/><D74/><U63/><E24/><V5/><F131/><W126/><G126/><T49/><D4/><U21/><E21/><V81/><F5/><W127/><G127/><T40/><D38/><U100/><REACH who="1" step="1"/><E15/><REACH who="1" ten="250,240,250,250" step="2"/><V58/><F73/><W88/><G25/><T83/><D20/><U69/><E69/><V31/><F31/><W92/><G29/><T122/><D28/><U39/><E39/><V37/><F37/><W7/><G3/><T106/><D122/><U16/><E16/><V47/><F18/><W17/><G19/><T30/><D30/><U53/><AGARI ba="0,1" hai="44,48,53,57,63,65,87,90,93,95,98,100,108,109" machi="53" ten="30,7900,0" yaku="1,1,0,1,53,2" doraHai="10" doraHaiUra="123" who="1" fromWho="1" sc="250,-39,240,89,250,-20,250,-20" /><INIT seed="1,0,0,2,3,8" ten="211,329,230,230" oya="1" hai0="76,47,67,14,98,88,78,10,66,129,56,100,2" hai1="90,50,103,115,43,33,87,39,109,111,17,62,42" hai2="135,126,74,86,121,92,94,19,81,65,104,44,125" hai3="95,30,61,7,119,117,133,58,112,11,55,107,51"/><U120/><E115/><V53/><F65/><W40/><G107/><T63/><D2/><U3/><E120/><V73/><F53/><W59/><G112/><T114/><D114/><U68/><E33/><V23/><F44/><W131/><G133/><T80/><D129/><U84/><E3/><V130/><F104/><W128/><G30/><T75/><D47/><U93/><E39/><V26/><F121/><W124/><G95/><T110/><D78/><U49/><E103/><V122/><F122/><W0/><G124/><N who="2" m="47721" /><F130/><N who="3" m="49707" /><G40/><N who="1" m="15402" /><E87/><V46/><F46/><W72/><G72/><N who="2" m="27753" /><F135/><W96/><G96/><T64/><D110/><N who="1" m="41995" /><E17/><V57/><F57/><W48/><G48/><N who="1" m="18538" /><E62/><V34/><F34/><W52/><AGARI ba="0,0" hai="0,7,11,51,52,55,58,59,61,117,119" m="49707" machi="52" ten="30,2000,0" yaku="19,1,54,1" doraHai="8" who="3" fromWho="3" sc="211,-5,329,-10,230,-5,230,20" /><INIT seed="2,0,0,2,0,31" ten="206,319,225,250" oya="2" hai0="112,5,91,114,53,35,123,124,59,37,43,132,110" hai1="79,23,73,99,84,96,77,36,103,100,126,1,4" hai2="58,50,134,108,28,57,74,71,66,24,33,0,13" hai3="72,89,40,49,128,90,7,78,119,135,109,22,83"/><V64/><F0/><W61/><G119/><T26/><D123/><U12/><E36/><V131/><F74/><W105/><G105/><T45/><D132/><U102/><E1/><V29/><F134/><W27/><G109/><T129/><D5/><U113/><E113/><V52/><F131/><W6/><G128/><T86/><D110/><U125/><E4/><V133/><F133/><W9/><G61/><T18/><D124/><N who="1" m="47723" /><E23/><V127/><F108/><W19/><G7/><T93/><D129/><U16/><E16/><V120/><F120/><W111/><G111/><T121/><D121/><U104/><E12/><V20/><F127/><W11/><G11/><T62/><REACH who="0" step="1"/><D18/><REACH who="0" ten="196,319,225,250" step="2"/><U10/><E10/><V106/><F106/><W42/><G135/><T69/><D69/><U101/><E73/><V95/><F71/><W117/><G9/><T17/><D17/><U122/><E122/><V8/><F8/><W92/><G6/><T15/><D15/><U30/><E104/><V70/><F70/><W98/><G72/><T44/><D44/><U116/><E116/><V46/><F13/><W87/><G117/><T39/><D39/><U51/><E103/><V81/><F58/><W21/><G19/><T48/><D48/><U85/><E51/><V80/><F57/><W38/><G49/><T3/><D3/><U47/><E47/><V94/><F46/><W34/><G38/><T97/><D97/><N who="1" m="37451" /><E30/><AGARI ba="0,1" hai="26,30,35,37,43,45,53,59,62,86,91,93,112,114" machi="30" ten="40,2600,0" yaku="1,1,52,1,53,0" doraHai="31" doraHaiUra="75" who="0" fromWho="1" sc="196,36,319,-26,225,0,250,0" /><INIT seed="3,0,0,5,0,93" ten="232,293,225,250" oya="3" hai0="26,70,51,2,72,120,113,121,77,25,36,124,0" hai1="31,23,91,40,102,38,115,39,45,100,10,130,14" hai2="33,101,97,116,60,3,55,52,61,28,105,24,53" hai3="118,108,90,46,34,59,57,127,13,119,18,9,42"/><W11/><G34/><T79/><D36/><U54/><E115/><V50/><F116/><W96/><G127/><T133/><D51/><U94/><E39/><V87/><F3/><W44/><G108/><T84/><D84/><U129/><E54/><V29/><F29/><W41/><G90/><T85/><D85/><U106/><E106/><V69/><F87/><W131/><G13/><T92/><D92/><U1/><E1/><V117/><F117/><W62/><G62/><T21/><D21/><U30/><E100/><V125/><F125/><W83/><G18/><T75/><D124/><U19/><E102/><V32/><F32/><W104/><G104/><T66/><D66/><U114/><E114/><V89/><F89/><W74/><G74/><T135/><D70/><U64/><E64/><N who="2" m="41095" /><F61/><W63/><G63/><T134/><D133/><U4/><E4/><V107/><F107/><W22/><G22/><T27/><D27/><U37/><E37/><V48/><AGARI ba="0,0" hai="24,28,33,48,50,52,53,55,97,101,105" m="41095" machi="48" ten="30,4000,0" yaku="25,1,52,1,54,1" doraHai="93" who="2" fromWho="2" sc="232,-10,293,-10,225,40,250,-20" /><INIT seed="4,0,0,4,1,33" ten="222,283,265,230" oya="0" hai0="51,39,132,127,49,72,107,104,9,20,16,90,8" hai1="31,84,5,47,115,75,38,25,0,133,95,113,96" hai2="63,111,71,18,125,128,1,64,59,99,30,102,48" hai3="109,15,101,116,70,124,74,88,11,37,17,93,77"/><T67/><D39/><U134/><E75/><V80/><F111/><W85/><G109/><T29/><D72/><U68/><E68/><V41/><F30/><W57/><G70/><T52/><D127/><U100/><E84/><V65/><F125/><W117/><G124/><T91/><D67/><U126/><E126/><V43/><F128/><W114/><G37/><T22/><D132/><N who="1" m="50795" /><E47/><V45/><F80/><W32/><G32/><T35/><D35/><N who="1" m="20975" /><E38/><V26/><F43/><W89/><G74/><T92/><D29/><U56/><E56/><V66/><F71/><W119/><G77/><T53/><D92/><U86/><E86/><V62/><F62/><W2/><G57/><T129/><REACH who="0" step="1"/><D16/><REACH who="0" ten="212,283,265,230" step="2"/><U130/><E130/><AGARI ba="0,1" hai="8,9,20,22,49,51,52,53,90,91,104,107,129,130" machi="130" ten="25,12000,1" yaku="1,1,2,1,22,2,54,1,53,0" doraHai="33" doraHaiUra="54" who="0" fromWho="1" sc="212,130,283,-120,265,0,230,0" /><INIT seed="4,1,0,3,5,125" ten="342,163,265,230" oya="0" hai0="80,102,77,13,93,27,120,117,38,76,58,85,113" hai1="9,94,42,112,104,122,18,52,4,28,53,5,127" hai2="64,34,35,133,25,20,12,2,29,26,73,128,17" hai3="123,44,84,6,119,0,33,16,108,67,50,65,72"/><T87/><D38/><U107/><E122/><V14/><F64/><W99/><G108/><T97/><D120/><U41/><E127/><V115/><F73/><W91/><G119/><T57/><D117/><U68/><E68/><V47/><F47/><W39/><G72/><T98/><D113/><U49/><E28/><N who="2" m="17447" /><F115/><W62/><G33/><N who="2" m="12297" /><F133/><W21/><G39/><T132/><D132/><U71/><E71/><V7/><F128/><W10/><G99/><T121/><D121/><U51/><E94/><V54/><F54/><W83/><G62/><T30/><D13/><N who="2" m="5226" /><F17/><W100/><G100/><T40/><D40/><U95/><E95/><V114/><F114/><W82/><G82/><N who="0" m="47303" /><D98/><U101/><E112/><V59/><F59/><W129/><G129/><T60/><D60/><U46/><E18/><V79/><F79/><W111/><G123/><T43/><D43/><U89/><E89/><V103/><F103/><W22/><G65/><T45/><D45/><U70/><E70/><V32/><F7/><W19/><G67/><T88/><D77/><U55/><E55/><V126/><F126/><W118/><G19/><T124/><D124/><U74/><E74/><V1/><AGARI ba="1,0" hai="1,2,26,29,32" m="5226,12297,17447" machi="1" ten="30,8000,1" yaku="35,5" doraHai="125" who="2" fromWho="2" sc="342,-41,163,-21,265,83,230,-21" /><INIT seed="5,0,0,5,3,80" ten="301,142,348,209" oya="1" hai0="95,75,18,9,102,51,97,16,74,134,88,12,122" hai1="44,2,4,111,37,129,32,126,86,81,78,77,98" hai2="45,113,14,130,35,76,42,64,13,23,92,89,26" hai3="133,7,104,20,17,15,41,82,72,46,79,54,33"/><U69/><E69/><V5/><F35/><W56/><G133/><T68/><D68/><U39/><E32/><V57/><F130/><W29/><G104/><T118/><D118/><U112/><E129/><V103/><F76/><W105/><G105/><T115/><D134/><U93/><E112/><V43/><F103/><W10/><G33/><T11/><D115/><U59/><E126/><V40/><F113/><W3/><G29/><T60/><D122/><U135/><E135/><V49/><F57/><W73/><G56/><T123/><D123/><U52/><E78/><V87/><F64/><W125/><G54/><T90/><D60/><U117/><E117/><V128/><F128/><W108/><G108/><T8/><D75/><U31/><E31/><N who="2" m="17887" /><F14/><W119/><G119/><T70/><D74/><U96/><E111/><V121/><F121/><W109/><G109/><T47/><D70/><U36/><E44/><V71/><F71/><W99/><G99/><T24/><D24/><U83/><E83/><V22/><F22/><W55/><G73/><T107/><D107/><U114/><E93/><V27/><F27/><W94/><G94/><T91/><D12/><U120/><E120/><V63/><F63/><W66/><G66/><T28/><D28/><U19/><E19/><V21/><F21/><W61/><G61/><T1/><D1/><U62/><REACH who="1" step="1"/><E114/><REACH who="1" ten="301,132,348,209" step="2"/><V124/><F124/><W34/><G34/><T116/><REACH who="0" step="1"/><D116/><REACH who="0" ten="291,132,348,209" step="2"/><U53/><E53/><AGARI ba="0,2" hai="8,9,11,16,18,47,51,53,88,90,91,95,97,102" machi="53" ten="40,12000,2" yaku="1,1,2,1,8,1,54,2,53,1" doraHai="80" doraHaiUra="50" who="0" fromWho="1" sc="291,140,132,-120,348,0,209,0" /><INIT seed="6,0,0,1,1,33" ten="431,12,348,209" oya="2" hai0="19,91,74,62,25,59,67,68,27,24,10,16,114" hai1="75,119,72,99,4,65,46,47,79,76,105,77,28" hai2="70,50,112,45,21,86,26,60,2,31,78,54,126" hai3="43,55,49,12,102,73,118,108,14,107,23,90,13"/><V101/><F112/><W15/><G108/><T64/><D74/><U41/><E28/><V127/><F101/><W98/><G73/><T8/><D114/><U63/><E119/><V29/><F70/><W123/><G123/><T58/><D68/><U109/><E109/><V130/><F31/><W34/><G34/><T52/><D67/><U66/><E4/><V121/><F121/><W89/><G43/><T22/><D91/><U103/><E63/><V40/><F130/><W3/><G3/><T110/><D110/><U94/><E94/><V57/><F2/><W92/><G118/><T11/><D22/><U96/><E103/><V95/><REACH who="2" step="1"/><F78/><REACH who="2" ten="431,12,338,209" step="2"/><W42/><G107/><T132/><D132/><U88/><E79/><V39/><F39/><W9/><G9/><T82/><D82/><U18/><E105/><V87/><F87/><W38/><G38/><T93/><D93/><U36/><E36/><V69/><F69/><W131/><G131/><T116/><D116/><U1/><E1/><V61/><F61/><AGARI ba="0,1" hai="8,10,11,16,19,24,25,27,52,58,59,61,62,64" machi="61" ten="40,5200,0" yaku="8,1,54,2" doraHai="33" who="0" fromWho="2" sc="431,62,12,0,338,-52,209,0" /><INIT seed="7,0,0,2,3,34" ten="493,12,286,209" oya="3" hai0="63,19,131,88,35,27,78,39,54,127,67,134,49" hai1="74,101,47,124,94,46,42,84,80,119,14,43,111" hai2="71,102,116,51,112,70,2,85,22,81,55,29,68" hai3="99,17,15,133,87,76,28,82,110,69,48,89,21"/><W41/><G133/><T13/><D39/><U57/><E74/><V118/><F102/><W33/><G69/><T59/><D78/><U121/><E111/><V105/><F105/><W61/><G110/><T83/><D127/><U132/><E132/><V38/><F112/><W122/><G122/><T25/><D131/><U52/><E124/><V125/><F38/><W113/><G113/><T24/><D134/><U115/><E115/><V44/><F2/><W60/><G33/><T65/><D35/><U90/><E119/><V8/><F125/><W56/><G28/><T108/><D108/><U100/><E121/><V97/><F97/><W128/><G128/><T53/><D83/><U107/><E107/><V79/><F8/><W95/><G41/><T114/><D88/><U1/><E1/><V23/><F23/><W109/><G109/><T86/><D86/><U117/><E117/><V26/><AGARI ba="0,0" hai="22,26,29,44,51,55,68,70,71,79,81,85,116,118" machi="26" ten="40,1500,0" yaku="0,1" doraHai="34" who="2" fromWho="2" sc="493,-4,12,-4,286,15,209,-7" owari="489,58.9,8,-49.2,301,10.1,202,-19.8" /></mjloggm>