<mjloggm ver="2.3"><GO type="169" lobby="0"/><UN n0="%E2%97%8E%E3%82%88%E3%81%97%E2%97%8E" n1="%E5%BA%84%E5%8F%B8%E5%81%A5%E5%A4%AA%E6%9C%97" n2="%53%68%69%72%6C%65%79" n3="%31%35%2E%31%35%63%6D" dan="17,16,16,16" rate="2179.58,2074.76,2101.27,2148.09" sx="M,M,M,M"/><TAIKYOKU oya="0"/><INIT seed="0,0,0,3,5,78" ten="250,250,250,250" oya="0" hai0="74,31,103,89,75,110,135,121,77,134,44,46,79" hai1="8,62,123,88,95,129,30,114,92,9,105,51,131" hai2="34,63,15,84,59,45,124,28,2,41,5,120,108" hai3="47,104,26,111,80,116,70,91,66,43,35,99,18"/><T73/><D31/><U0/><E105/><V39/><F120/><W68/><G116/><T37/><D121/><U58/><E123/><V16/><F108/><W29/><G111/><T50/><D110/><U19/><E114/><V128/><F128/><W57/><G18/><T122/><D122/><U12/><E30/><V118/><F124/><W48/><G104/><T4/><D4/><U1/><E95/><V32/><F118/><W7/><G7/><T33/><D33/><U53/><E9/><V61/><F84/><W54/><G66/><T22/><D37/><U52/><E131/><V60/><F28/><W90/><G90/><T107/><D22/><U101/><E101/><V13/><F13/><W81/><G99/><N who="0" m="61951" /><D46/><U132/><E129/><V96/><F96/><W127/><G127/><T133/><D44/><U83/><E132/><V36/><F36/><W40/><G40/><T86/><D50/><U109/><E109/><V125/><F125/><W117/><G117/><T25/><D25/><U97/><REACH who="1" step="1"/><E83/><AGARI ba="0,0" hai="73,74,75,77,79,83,86,89,133,134,135" m="61951" machi="83" ten="40,12000,1" yaku="20,1,34,2,52,1" doraHai="78" who="0" fromWho="1" sc="250,120,250,-120,250,0,250,0" /><INIT seed="0,1,0,1,3,35" ten="370,130,250,250" oya="0" hai0="98,134,90,131,24,47,23,51,4,115,77,117,109" hai1="128,40,96,55,50,13,95,59,72,58,133,110,130" hai2="71,20,116,38,11,37,108,81,31,17,43,106,0" hai3="46,32,25,92,16,57,76,52,29,65,129,105,53"/><T102/><D117/><U18/><E72/><V54/><F106/><W70/><G105/><T41/><D115/><U7/><E110/><V99/><F108/><W33/><G129/><T74/><D131/><U124/><E133/><V97/><F71/><W89/><G33/><T132/><D109/><U83/><E124/><V19/><F31/><W15/><G70/><T36/><D90/><U5/><E40/><V12/><F43/><W26/><G76/><T62/><D62/><U21/><E130/><V3/><F81/><W75/><G75/><T88/><D36/><U28/><E128/><V112/><F112/><W85/><G26/><T67/><D67/><U118/><E28/><V61/><F61/><W126/><G126/><T121/><D121/><U78/><E59/><V8/><F54/><W103/><G103/><T111/><D111/><U123/><E123/><V86/><F86/><W64/><G46/><T104/><D4/><U2/><E2/><V69/><F12/><W22/><G53/><T39/><D39/><U44/><E44/><V100/><F69/><W45/><G45/><T87/><D77/><U125/><E125/><V79/><F79/><W73/><G73/><T119/><D74/><N who="1" m="43479" /><E118/><V34/><F116/><W60/><AGARI ba="1,0" hai="15,16,22,25,29,32,52,57,60,64,65,85,89,92" machi="60" ten="20,5200,0" yaku="0,1,7,1,54,2" doraHai="35" who="3" fromWho="3" sc="370,-27,130,-14,250,-14,250,55" /><INIT seed="1,0,0,1,4,86" ten="343,116,236,305" oya="1" hai0="63,1,92,127,40,36,105,68,116,112,76,69,9" hai1="101,41,72,50,52,77,35,65,81,104,14,30,47" hai2="31,34,6,79,122,51,2,21,126,38,121,18,70" hai3="46,73,3,0,89,27,44,15,97,43,67,22,55"/><U62/><E35/><V61/><F38/><W13/><G73/><T78/><D105/><U134/><E134/><V113/><F79/><W111/><G111/><T119/><D112/><U115/><E115/><V99/><F51/><W118/><G118/><T117/><D127/><U5/><E30/><V90/><F113/><W95/><G67/><T96/><D1/><U123/><E123/><V48/><F61/><W23/><G55/><T53/><D9/><U39/><E104/><V124/><F70/><W75/><G75/><T66/><D68/><U32/><E101/><V64/><F64/><W103/><G103/><T8/><D8/><U84/><E32/><V42/><F48/><W131/><G131/><T133/><D133/><U91/><E14/><N who="2" m="9431" /><F42/><W59/><G59/><T87/><D87/><U120/><E5/><V37/><F37/><W80/><G80/><T24/><D24/><U107/><E107/><V98/><F98/><W49/><G46/><T7/><D7/><U33/><E33/><V17/><F17/><W28/><G49/><T88/><REACH who="0" step="1"/><D53/><REACH who="0" ten="333,116,236,305" step="2"/><U128/><E120/><N who="2" m="46187" /><F6/><W135/><G135/><T20/><D20/><U85/><E128/><V29/><F2/><W102/><G3/><T57/><D57/><N who="1" m="32919" /><E91/><V58/><F34/><W11/><G89/><T94/><D94/><U4/><E4/><V132/><F132/><W114/><G114/><T19/><D19/><U93/><E93/><N who="2" m="56759" /><F58/><W130/><G130/><T129/><D129/><U16/><E16/><V110/><F110/><W82/><G0/><T109/><D109/><U54/><E54/><V45/><F45/><AGARI ba="0,1" hai="36,40,45,63,66,69,76,78,88,92,96,116,117,119" machi="45" ten="40,8000,1" yaku="1,1,6,1,52,1,54,1,53,1" doraHai="86" doraHaiUra="56" who="0" fromWho="2" sc="333,90,116,0,236,-80,305,0" /><INIT seed="2,0,0,4,1,64" ten="423,116,156,305" oya="2" hai0="3,63,9,100,110,30,62,107,103,94,32,72,78" hai1="132,84,36,53,120,15,77,102,11,109,98,117,134" hai2="86,135,48,85,26,42,92,80,60,57,130,105,76" hai3="44,111,13,2,96,106,46,93,1,7,17,133,50"/><V22/><F130/><W122/><G106/><T56/><D107/><U52/><E117/><V97/><F135/><N who="1" m="51753" /><E36/><V19/><F105/><W20/><G122/><T101/><D62/><U35/><E35/><V90/><F48/><W124/><G133/><T125/><D78/><U126/><E109/><V5/><F5/><W89/><G111/><T43/><D94/><N who="1" m="58711" /><E126/><V61/><F42/><W129/><G124/><T67/><D43/><U59/><E120/><V6/><F6/><W14/><G129/><T115/><D125/><U34/><E34/><V29/><F29/><W79/><G79/><T38/><D30/><U24/><E24/><V65/><REACH who="2" step="1"/><F60/><REACH who="2" ten="423,116,146,305" step="2"/><W54/><G7/><T55/><D63/><U91/><E59/><V49/><F49/><W69/><G46/><T27/><D56/><U112/><E112/><V16/><F16/><W21/><G44/><T95/><D115/><U87/><E77/><V83/><F83/><W127/><G50/><T68/><D38/><U66/><E66/><V37/><F37/><W23/><G17/><T75/><D67/><U0/><E0/><V116/><F116/><W81/><G1/><T28/><D3/><U71/><E71/><V4/><F4/><W47/><G2/><T70/><D68/><U113/><E113/><V123/><F123/><W8/><G69/><T74/><D70/><U45/><E45/><V41/><F41/><W40/><G40/><T25/><D110/><U118/><E118/><V104/><F104/><W58/><G127/><T31/><D28/><U128/><E128/><V18/><F18/><W82/><G47/><RYUUKYOKU ba="0,1" sc="423,-10,116,-10,146,30,305,-10" hai2="19,22,26,57,61,65,76,80,85,86,90,92,97" /><INIT seed="2,1,1,5,1,115" ten="413,106,176,295" oya="2" hai0="73,71,126,24,85,134,67,74,129,34,22,116,11" hai1="101,47,86,8,31,57,102,111,87,52,94,133,36" hai2="78,106,16,61,109,42,83,118,69,56,14,58,59" hai3="66,82,23,44,53,18,64,60,117,125,26,54,46"/><V121/><F121/><W40/><G117/><T4/><D34/><U76/><E111/><V105/><F118/><W122/><G122/><T6/><D67/><U98/><E133/><V114/><F114/><W104/><G104/><T1/><D71/><U9/><E102/><V55/><F109/><W25/><G125/><T38/><D38/><U79/><E31/><V13/><F42/><W68/><G66/><T21/><D129/><U110/><E110/><V75/><F13/><W49/><G82/><T100/><D100/><U27/><E27/><V91/><F91/><W62/><G62/><T90/><D6/><U92/><E47/><V123/><F123/><W65/><G65/><T17/><D134/><U39/><E39/><V124/><F124/><W50/><REACH who="3" step="1"/><G26/><REACH who="3" ten="413,106,176,285" step="2"/><T29/><D116/><U107/><E107/><V128/><F128/><W113/><G113/><T5/><D126/><U19/><E36/><V95/><F105/><W84/><G84/><N who="1" m="32298" /><E94/><V15/><F95/><W63/><G63/><T20/><D74/><U77/><E19/><V3/><F106/><W81/><G81/><T51/><D73/><U28/><E28/><V88/><F83/><W7/><G7/><T130/><D5/><U32/><E32/><V112/><F112/><W35/><G35/><N who="0" m="20903" /><D130/><U33/><E33/><V108/><F75/><W132/><G132/><T89/><D17/><U72/><E72/><V37/><F16/><W41/><AGARI ba="1,2" hai="18,23,25,40,41,44,46,49,50,53,54,60,64,68" machi="41" ten="20,5200,0" yaku="1,1,0,1,7,1,9,1,53,0" doraHai="115" doraHaiUra="131" who="3" fromWho="3" sc="413,-14,106,-14,176,-27,285,75" /><INIT seed="3,0,0,2,1,46" ten="399,92,149,360" oya="3" hai0="53,58,106,119,51,20,113,114,6,38,65,36,107" hai1="8,57,31,27,48,89,94,112,128,104,75,101,122" hai2="2,92,133,56,14,69,77,99,132,135,81,41,49" hai3="62,123,63,39,109,91,80,5,110,124,120,103,79"/><W102/><G39/><N who="0" m="14891" /><D119/><U116/><E116/><V16/><F69/><W68/><G5/><T30/><D6/><U130/><E112/><N who="0" m="43113" /><D65/><U22/><E122/><N who="3" m="46634" /><G68/><T1/><D1/><U86/><E8/><V50/><F56/><W52/><G124/><T88/><D88/><U15/><E15/><V87/><F41/><W93/><G62/><T125/><D125/><U61/><E61/><V29/><F29/><W129/><G129/><T108/><D108/><N who="3" m="41577" /><G52/><T84/><D84/><U0/><E75/><V11/><F2/><W28/><G28/><T134/><D134/><U10/><E0/><V37/><F37/><W118/><G63/><T21/><D30/><U90/><E130/><V54/><F54/><W95/><G118/><T111/><D111/><U26/><E31/><V105/><F105/><AGARI ba="0,0" hai="20,21,51,53,58,105,106,107" m="43113,14891" machi="105" ten="40,2600,0" yaku="11,1,52,1" doraHai="46" who="0" fromWho="2" sc="399,26,92,0,149,-26,360,0" /><INIT seed="4,0,0,3,4,128" ten="425,92,123,360" oya="0" hai0="1,26,118,55,54,23,48,39,74,70,69,124,112" hai1="87,115,4,46,96,33,38,122,85,14,99,56,47" hai2="10,5,89,110,19,43,65,16,73,35,92,53,88" hai3="51,126,20,90,67,75,109,49,24,71,106,34,117"/><T135/><D74/><U8/><E122/><V15/><F110/><W111/><G117/><T132/><D1/><U2/><E33/><V103/><F73/><W86/><G75/><T9/><D118/><U57/><E115/><V22/><F35/><W36/><G36/><T93/><D39/><U13/><E8/><V101/><F43/><W32/><G106/><T97/><D9/><U134/><E38/><V98/><F65/><W113/><G71/><T41/><D41/><U125/><E4/><V0/><F53/><N who="0" m="19978" /><D48/><U80/><E80/><V45/><F45/><W27/><G113/><T123/><D124/><U42/><E42/><V91/><REACH who="2" step="1"/><F19/><REACH who="2" ten="425,92,113,360" step="2"/><W114/><G67/><T81/><D112/><U94/><E125/><V29/><F29/><W68/><G114/><T116/><D123/><U64/><E64/><V7/><F7/><W79/><G126/><T130/><D116/><U133/><REACH who="1" step="1"/><E94/><REACH who="1" ten="425,82,113,360" step="2"/><V50/><F50/><W129/><G49/><T121/><D93/><U3/><AGARI ba="0,2" hai="2,3,13,14,46,47,56,57,85,87,96,99,133,134" machi="3" ten="25,12000,2" yaku="1,1,2,1,0,1,22,2,52,2,53,0" doraHai="128" doraHaiUra="60" who="1" fromWho="1" sc="425,-60,82,140,113,-30,360,-30" /><INIT seed="5,0,0,5,2,89" ten="365,222,83,330" oya="1" hai0="22,99,124,113,125,90,8,43,71,112,30,62,15" hai1="134,44,48,75,0,34,95,77,20,96,61,21,110" hai2="135,54,56,70,103,52,12,109,126,86,59,47,73" hai3="3,97,31,122,100,51,127,120,19,72,41,98,92"/><U80/><E34/><V55/><F109/><W18/><G72/><T132/><D43/><U111/><E134/><V46/><F73/><W102/><G3/><T104/><D62/><U6/><E61/><V64/><F103/><W39/><G39/><T69/><D30/><U87/><E75/><V101/><F101/><W94/><G127/><N who="0" m="48715" /><D22/><U76/><E76/><V107/><F107/><W4/><G4/><N who="0" m="3463" /><D132/><U2/><E2/><V7/><F126/><W133/><G31/><T83/><D83/><U119/><E119/><V1/><F1/><W33/><G33/><T68/><D90/><N who="1" m="55415" /><E6/><V27/><F27/><W123/><G133/><T67/><D67/><U115/><E0/><V50/><F135/><W10/><G10/><T29/><D29/><U9/><E9/><V45/><F86/><W91/><G91/><T66/><D66/><U118/><E115/><N who="0" m="44105" /><D99/><U81/><E80/><V105/><F7/><W128/><G128/><T130/><D104/><U129/><E129/><AGARI ba="0,0" hai="68,69,71,129,130" m="44105,3463,48715" machi="129" ten="40,2600,0" yaku="18,1,15,1" doraHai="89" who="0" fromWho="1" sc="365,26,222,-26,83,0,330,0" /><INIT seed="6,0,0,5,1,98" ten="391,196,83,330" oya="2" hai0="61,73,82,1,13,117,94,113,6,112,119,24,129" hai1="122,28,39,4,43,109,48,47,19,22,51,78,45" hai2="99,15,63,87,32,83,0,84,126,66,76,91,134" hai3="124,90,92,50,57,81,79,41,70,30,7,49,93"/><V71/><F0/><W21/><G70/><T89/><D1/><U106/><E109/><V17/><F134/><W80/><G124/><T110/><D110/><U121/><E106/><V67/><F126/><W127/><G127/><T96/><D24/><N who="1" m="16407" /><E4/><V100/><F32/><W130/><G130/><T58/><D129/><U104/><E104/><V77/><F84/><W27/><G7/><T135/><D135/><U59/><E78/><V3/><F67/><W97/><G79/><N who="0" m="44399" /><D13/><U103/><E103/><V64/><F64/><W23/><G41/><T131/><D6/><U69/><E69/><V116/><F3/><W74/><G74/><T42/><D42/><N who="1" m="24631" /><E19/><V29/><F29/><W5/><G5/><T60/><D60/><U101/><E101/><V72/><F72/><W53/><G50/><T33/><D33/><U26/><E26/><V118/><F76/><W34/><G34/><T18/><D18/><U128/><E59/><V46/><F46/><W86/><REACH who="3" step="1"/><G21/><REACH who="3" ten="391,196,83,320" step="2"/><T68/><D68/><U25/><E128/><V40/><F40/><W111/><G111/><T108/><D108/><U55/><E43/><V11/><REACH who="2" step="1"/><F77/><REACH who="2" ten="391,196,73,320" step="2"/><W35/><G35/><T2/><D131/><U85/><E85/><V123/><F123/><W133/><G133/><T105/><D2/><U115/><E39/><V65/><F65/><W75/><G75/><T14/><D119/><U12/><E122/><V107/><AGARI ba="0,2" hai="11,15,17,63,66,71,83,87,91,99,100,107,116,118" machi="107" ten="20,12000,1" yaku="1,1,0,1,7,1,52,1,53,1" doraHai="98" doraHaiUra="95" who="2" fromWho="2" sc="391,-40,196,-40,73,140,320,-40" /><INIT seed="6,1,0,1,2,103" ten="351,156,213,280" oya="2" hai0="16,22,90,41,36,135,58,73,61,116,122,29,50" hai1="55,1,75,127,47,14,109,9,21,80,82,31,87" hai2="25,130,104,0,43,91,120,49,24,71,28,86,88" hai3="85,2,32,126,119,81,69,46,123,112,17,65,72"/><V23/><F120/><W134/><RYUUKYOKU type="yao9" ba="1,0" sc="351,0,156,0,213,0,280,0" hai3="2,17,32,46,65,69,72,81,85,112,119,123,126,134" /><INIT seed="6,2,0,3,4,51" ten="351,156,213,280" oya="2" hai0="25,84,122,58,15,9,114,40,94,129,20,28,91" hai1="89,31,32,100,98,74,104,127,34,133,29,112,90" hai2="47,38,37,61,41,118,101,115,33,44,13,63,124" hai3="26,125,11,96,109,132,67,19,95,21,66,18,23"/><V108/><F33/><W54/><G109/><T27/><D122/><U119/><E119/><V79/><F118/><W64/><G132/><T111/><D114/><U3/><E3/><V120/><F120/><W52/><G125/><T42/><D129/><U4/><E112/><V110/><F115/><W6/><G6/><N who="0" m="3511" /><D111/><N who="2" m="42538" /><F79/><W113/><G11/><T71/><D71/><U48/><E4/><V76/><F76/><W102/><REACH who="3" step="1"/><G113/><REACH who="3" ten="351,156,213,270" step="2"/><T7/><D7/><U83/><E133/><V35/><F124/><W82/><G82/><T62/><D27/><AGARI ba="2,1" hai="18,19,21,23,26,27,52,54,64,66,67,95,96,102" machi="27" ten="40,12000,2" yaku="1,1,9,1,8,1,52,2,54,1,53,0" doraHai="51" doraHaiUra="106" who="3" fromWho="0" sc="351,-126,156,0,213,0,270,136" /><INIT seed="7,0,0,0,2,90" ten="225,156,213,406" oya="3" hai0="0,59,104,65,122,73,119,133,15,31,17,4,100" hai1="58,44,96,114,60,86,67,19,20,102,2,89,38" hai2="52,128,40,8,7,101,41,113,99,132,117,63,94" hai3="34,32,70,5,68,111,87,23,13,45,51,108,125"/><W82/><G125/><T49/><D73/><U66/><E114/><V123/><F117/><W106/><G106/><T30/><D49/><U10/><E2/><V103/><F113/><W46/><G34/><T1/><D59/><U91/><E91/><N who="2" m="55775" /><F128/><W26/><G32/><T39/><D65/><U131/><E131/><V14/><F132/><W77/><G46/><T92/><D92/><U54/><E10/><V93/><F123/><W9/><G108/><T33/><D104/><U43/><E102/><N who="2" m="38923" /><F93/><W130/><G111/><T79/><D100/><U80/><REACH who="1" step="1"/><E96/><REACH who="1" ten="225,146,213,406" step="2"/><V110/><F110/><W127/><G130/><T129/><D129/><U97/><E97/><V11/><F8/><W21/><G127/><T78/><D0/><U107/><E107/><V88/><F88/><W115/><G115/><T12/><D1/><U50/><E50/><V36/><F36/><W37/><G37/><T74/><D39/><U105/><E105/><V64/><F64/><W109/><G109/><T61/><D122/><U76/><E76/><V134/><F134/><W98/><G98/><T6/><D133/><U25/><AGARI ba="0,1" hai="19,20,25,38,43,44,54,58,60,66,67,80,86,89" machi="25" ten="20,5200,0" yaku="1,1,0,1,7,1,53,1" doraHai="90" doraHaiUra="18" who="1" fromWho="1" sc="225,-13,146,62,213,-13,406,-26" owari="212,1.2,208,-19.2,200,-30.0,380,48.0" /></mjloggm>