<mjloggm ver="2.3"><GO type="169" lobby="0"/><UN n0="%31%35%2E%31%35%63%6D" n1="%42%65%6E%63%68%69%6E%67" n2="%E3%81%A1%E3%82%83%E3%82%8B%E3%82%81%E3%82%89" n3="%E6%95%97%E5%8C%97%E8%80%85%E3%81%AD%E3%82%8B" dan="16,16,17,17" rate="2149.51,2097.25,2211.43,2165.82" sx="M,M,M,F"/><TAIKYOKU oya="0"/><INIT seed="0,0,0,0,4,41" ten="250,250,250,250" oya="0" hai0="15,98,119,67,58,60,59,122,105,131,116,115,96" hai1="69,134,73,101,74,76,80,54,64,133,71,126,83" hai2="11,5,31,81,52,117,56,32,51,135,120,19,53" hai3="38,45,6,95,102,66,2,97,49,118,77,50,124"/><T100/><D115/><U112/><E112/><V13/><F120/><W84/><G118/><T128/><D122/><U25/><E126/><V35/><F117/><W108/><G108/><T46/><D15/><U103/><E54/><V14/><F135/><N who="1" m="51721" /><E64/><V89/><F31/><W86/><G124/><T87/><D87/><U61/><E61/><V29/><F29/><W114/><G114/><T109/><D109/><U24/><E24/><V21/><F81/><N who="1" m="31305" /><E25/><V1/><F1/><W72/><G72/><N who="1" m="27754" /><E76/><V39/><F39/><W130/><G77/><T111/><D111/><U68/><AGARI ba="0,0" hai="68,69,71,101,103" m="27754,31305,51721" machi="68" ten="40,5200,0" yaku="28,2,20,1" doraHai="41" who="1" fromWho="1" sc="250,-26,250,52,250,-13,250,-13" /><INIT seed="1,0,0,2,3,69" ten="224,302,237,237" oya="1" hai0="25,113,43,30,127,46,65,73,104,118,85,94,83" hai1="4,27,31,19,116,33,32,80,0,95,35,51,15" hai2="58,74,34,91,56,63,93,59,24,128,77,84,112" hai3="45,23,82,57,62,72,96,49,50,134,107,86,121"/><U126/><E116/><V131/><F112/><W90/><G121/><T37/><D113/><U21/><E126/><V71/><F74/><W6/><G134/><T129/><D118/><U38/><E95/><V114/><F77/><W28/><G72/><T103/><D127/><U39/><E51/><V105/><F105/><W2/><G2/><T87/><D129/><N who="2" m="49738" /><F114/><W102/><G6/><T124/><D124/><U108/><E80/><V111/><F111/><W135/><G135/><T12/><D104/><U40/><E40/><V133/><F133/><W55/><G45/><T109/><D109/><U29/><E108/><V98/><F84/><W5/><G5/><T44/><D65/><U130/><E130/><V110/><F110/><W48/><G23/><T61/><D61/><U47/><E47/><V117/><F117/><W76/><REACH who="3" step="1"/><G28/><REACH who="3" ten="224,302,237,227" step="2"/><T1/><D1/><U20/><REACH who="1" step="1"/><E29/><REACH who="1" ten="224,292,237,227" step="2"/><N who="2" m="19751" /><F71/><W64/><G64/><AGARI ba="0,2" hai="56,58,59,63,64,91,93,98" m="19751,49738" machi="64" ten="30,1000,0" yaku="19,1" doraHai="69" who="2" fromWho="3" sc="224,0,292,0,237,30,227,-10" /><INIT seed="2,0,0,3,0,131" ten="224,292,267,217" oya="2" hai0="47,128,113,74,87,84,102,33,122,127,9,120,42" hai1="123,50,76,96,73,2,114,88,11,89,38,4,116" hai2="45,109,95,24,125,101,79,69,99,17,5,107,86" hai3="32,72,90,6,126,3,111,105,82,62,67,23,100"/><V81/><F125/><W36/><G111/><T56/><D33/><U39/><E116/><V70/><F109/><W78/><G23/><T58/><D74/><U44/><E114/><V135/><F5/><W21/><G21/><T133/><D102/><U132/><E132/><V29/><F135/><W43/><G90/><T129/><D9/><U26/><E26/><V52/><F17/><W1/><G126/><T12/><D12/><U94/><E123/><N who="0" m="47145" /><D127/><U7/><E7/><V22/><REACH who="2" step="1"/><F107/><REACH who="2" ten="224,292,257,217" step="2"/><W130/><G6/><T13/><D133/><U34/><E4/><V46/><F46/><W93/><G105/><T37/><D113/><U119/><E44/><V118/><F118/><W16/><G16/><T49/><D47/><U19/><E19/><V97/><F97/><W98/><G130/><T31/><D129/><U85/><E119/><V60/><F60/><W92/><G98/><T106/><D106/><U75/><E96/><V91/><F91/><W77/><G1/><T104/><D104/><U14/><E89/><V71/><F71/><W41/><G3/><T35/><D128/><U53/><E2/><V103/><F103/><W115/><G100/><T18/><D18/><U117/><E117/><V40/><F40/><W134/><G41/><T110/><D42/><U59/><E88/><V30/><F30/><W65/><G43/><T10/><D31/><U57/><E38/><V0/><F0/><W27/><G36/><T28/><D28/><U15/><E39/><V20/><F20/><W48/><G115/><T25/><D37/><U51/><E34/><V80/><F80/><RYUUKYOKU ba="0,1" sc="224,-10,292,-10,257,30,217,-10" hai2="22,24,29,45,52,69,70,79,81,86,95,99,101" /><INIT seed="2,1,1,5,3,107" ten="214,282,287,207" oya="2" hai0="60,72,3,54,21,23,91,97,55,132,34,98,30" hai1="31,9,39,48,28,105,117,15,134,121,114,52,125" hai2="82,113,69,14,47,27,101,16,89,44,11,92,81" hai3="118,128,129,119,103,57,65,93,73,19,108,68,22"/><V123/><F113/><W90/><G103/><T62/><D3/><U33/><E117/><V49/><F69/><W35/><G35/><T37/><D37/><U24/><E114/><V1/><F1/><W25/><G68/><T104/><D34/><U116/><E116/><V67/><F67/><W26/><G108/><T75/><D104/><U109/><E109/><V120/><F101/><W79/><G26/><T77/><D77/><U13/><E105/><V42/><F123/><W38/><G38/><T106/><D106/><U122/><E39/><V100/><F100/><W10/><G10/><T36/><D36/><U126/><E28/><V18/><F47/><W32/><G32/><T87/><D87/><U45/><E134/><V20/><REACH who="2" step="1"/><F120/><REACH who="2" ten="214,282,277,207" step="2"/><N who="1" m="46185" /><E13/><V58/><F58/><W96/><G57/><T64/><D64/><U41/><E41/><V12/><F12/><W102/><G102/><T115/><D115/><U110/><E110/><V51/><F51/><W29/><G65/><T99/><D132/><U88/><E88/><V131/><F131/><W95/><G119/><T78/><D91/><U46/><E46/><V61/><F61/><W112/><G118/><T66/><D66/><U86/><E86/><AGARI ba="1,2" hai="11,14,16,18,20,27,42,44,49,81,82,86,89,92" machi="86" ten="30,11600,0" yaku="1,1,7,1,8,1,54,1,53,0" doraHai="107" doraHaiUra="2" who="2" fromWho="1" sc="214,0,282,-119,277,139,207,0" /><INIT seed="2,2,0,0,3,44" ten="214,163,416,207" oya="2" hai0="35,24,125,112,34,48,122,109,114,94,106,104,1" hai1="53,57,43,41,21,32,39,102,134,20,74,67,82" hai2="95,55,120,121,129,61,69,12,27,91,4,17,15" hai3="131,124,119,103,126,50,14,130,9,116,89,77,25"/><V16/><F129/><N who="3" m="49163" /><G77/><T127/><D122/><U76/><E134/><V45/><F4/><W2/><G103/><T107/><D1/><U58/><E32/><N who="0" m="12329" /><D24/><U64/><E102/><V92/><F27/><W71/><G71/><T70/><D94/><U105/><E105/><V51/><F95/><W128/><G89/><T113/><D48/><U29/><E39/><V110/><F110/><W84/><G84/><T54/><D54/><U96/><E96/><V79/><F79/><W38/><G38/><T83/><D83/><U63/><E64/><V68/><F68/><W3/><G50/><T5/><D5/><U132/><E132/><V99/><F69/><W93/><G93/><T47/><D47/><U7/><E7/><V33/><F33/><W22/><G128/><T18/><D18/><U37/><E37/><V87/><F61/><W72/><G72/><T36/><D36/><U40/><REACH who="1" step="1"/><E29/><REACH who="1" ten="214,153,416,207" step="2"/><V73/><F121/><W108/><G108/><T60/><D109/><U135/><E135/><V81/><F120/><W19/><G119/><T13/><D107/><U11/><E11/><V123/><F123/><W26/><G116/><T111/><D111/><U117/><E117/><V52/><F99/><W65/><G65/><N who="0" m="41255" /><D106/><U97/><E97/><V49/><F17/><N who="3" m="8399" /><G26/><T78/><D104/><U115/><E115/><V30/><F30/><W6/><G6/><T0/><D113/><U42/><N who="1" m="10240" /><DORA hai="101" /><U98/><E98/><V56/><F16/><W88/><G2/><T85/><D0/><U133/><E133/><V59/><F12/><W46/><G3/><T23/><D112/><RYUUKYOKU ba="2,1" sc="214,-10,153,30,416,-10,207,-10" hai1="20,21,53,57,58,63,67,74,76,82" /><INIT seed="3,3,1,5,3,127" ten="204,183,406,197" oya="3" hai0="39,54,122,121,34,102,111,5,7,41,51,48,62" hai1="23,80,42,53,90,18,70,14,120,13,33,24,69" hai2="19,125,16,104,98,50,97,36,29,47,73,11,81" hai3="119,60,109,3,27,79,2,78,68,126,95,66,113"/><W4/><G119/><T71/><D34/><U8/><E120/><V75/><F36/><W12/><G113/><T112/><D102/><U129/><E129/><V0/><F29/><W82/><G126/><T133/><D5/><U128/><E128/><V93/><F125/><W88/><G109/><T92/><D7/><U123/><E123/><N who="0" m="47113" /><D92/><U94/><E42/><V134/><F0/><W45/><G45/><N who="0" m="23743" /><D111/><U10/><E53/><V28/><F28/><W124/><G124/><T130/><D133/><U9/><E70/><V25/><F98/><W100/><G100/><T84/><D84/><N who="1" m="50439" /><E69/><V99/><F99/><W131/><G131/><T17/><D17/><N who="1" m="12399" /><E33/><V74/><F104/><W103/><G103/><T37/><D130/><U115/><E115/><V132/><F81/><W40/><G40/><T107/><D107/><U15/><E94/><V61/><F25/><W63/><G27/><T35/><D35/><U110/><E110/><V58/><F93/><W117/><G117/><T46/><D112/><U38/><E38/><V89/><F97/><W108/><G108/><T49/><D37/><U101/><E101/><V96/><F96/><W30/><G30/><T87/><D87/><U85/><E85/><V6/><F89/><W55/><G12/><AGARI ba="3,1" hai="8,9,10,12,13,14,15,18" m="12399,50439" machi="12" ten="30,1000,0" yaku="8,1" doraHai="127" who="1" fromWho="3" sc="204,0,183,29,406,0,197,-19" /><INIT seed="4,0,0,3,4,42" ten="204,212,406,178" oya="0" hai0="25,114,3,21,86,8,62,121,101,34,55,99,69" hai1="91,63,96,125,109,79,128,85,48,97,30,0,60" hai2="107,40,133,64,17,39,89,61,4,41,33,100,75" hai3="76,53,37,103,46,12,115,13,49,22,19,66,78"/><T29/><D114/><U59/><E0/><V98/><F33/><W27/><G115/><T18/><D121/><U9/><E125/><V52/><F75/><W83/><G37/><T122/><D122/><U88/><E109/><V65/><F4/><W82/><G103/><T38/><D38/><U124/><E124/><V112/><F112/><W58/><G82/><T10/><D86/><U106/><E128/><V110/><F110/><W127/><G127/><T92/><D3/><U108/><E108/><V81/><F133/><W70/><G70/><T23/><D34/><U105/><E30/><V24/><F41/><W16/><G83/><T57/><REACH who="0" step="1"/><D69/><REACH who="0" ten="194,212,406,178" step="2"/><U104/><E85/><V68/><F39/><W123/><G123/><T135/><D135/><U50/><E79/><V87/><F87/><W67/><G78/><T32/><D32/><U28/><E97/><V94/><F98/><W31/><G76/><T93/><D93/><U77/><E96/><V5/><F94/><W134/><G134/><T130/><D130/><U26/><E77/><V1/><F68/><W84/><G84/><T73/><D73/><U113/><E113/><V35/><F35/><W120/><G120/><T20/><D20/><U51/><E105/><V131/><F107/><W2/><G2/><T6/><D6/><U95/><E106/><V7/><F5/><W117/><G117/><T45/><D45/><U90/><E104/><V43/><F1/><W72/><G72/><T14/><AGARI ba="0,1" hai="8,10,14,18,21,23,25,29,55,57,62,92,99,101" machi="14" ten="20,7800,0" yaku="1,1,0,1,7,1,8,1,53,0" doraHai="42" doraHaiUra="71" who="0" fromWho="0" sc="194,88,212,-26,406,-26,178,-26" /><INIT seed="4,1,0,0,5,36" ten="282,186,380,152" oya="0" hai0="70,113,99,44,42,83,1,47,80,120,114,30,128" hai1="19,55,15,11,115,57,62,130,86,54,65,131,89" hai2="92,111,39,5,127,90,110,69,68,81,10,106,117" hai3="59,56,71,60,46,104,31,112,108,87,134,72,109"/><T0/><D120/><U12/><E115/><N who="0" m="44041" /><D70/><U132/><E132/><V122/><F122/><W119/><G72/><T105/><D30/><U63/><E15/><V48/><F39/><W53/><G104/><T37/><D128/><U17/><E17/><V18/><F106/><W38/><G31/><T6/><D47/><U34/><E34/><V23/><F81/><N who="0" m="31306" /><D6/><U98/><E98/><V51/><F117/><W129/><G119/><T101/><AGARI ba="1,0" hai="0,1,37,42,44,99,101,105" m="31306,44041" machi="101" ten="30,3000,0" yaku="15,1,52,1" doraHai="36" who="0" fromWho="0" sc="282,33,186,-11,380,-11,152,-11" /><INIT seed="4,2,0,3,0,107" ten="315,175,369,141" oya="0" hai0="135,85,7,44,26,77,31,114,57,76,78,86,5" hai1="23,88,27,36,18,111,87,123,63,20,21,48,101" hai2="35,22,64,72,134,52,1,58,128,3,16,28,73" hai3="110,14,127,50,125,17,74,19,116,131,34,47,124"/><T37/><D114/><U102/><E123/><V92/><F64/><W43/><G116/><T15/><D135/><U68/><E36/><V61/><F134/><W108/><G34/><T49/><D37/><U42/><E111/><N who="3" m="42538" /><G131/><T41/><D57/><U96/><E68/><V109/><F109/><W113/><G113/><T12/><D12/><U119/><E119/><V94/><F28/><W103/><G103/><N who="1" m="39434" /><E63/><V126/><F35/><W55/><G43/><T24/><D24/><U121/><E96/><V53/><F61/><W129/><G129/><T54/><D41/><U8/><E8/><V62/><F62/><W105/><G105/><T120/><D120/><U0/><E0/><V2/><F128/><W6/><G6/><T98/><D98/><U84/><E84/><N who="0" m="32361" /><D15/><U99/><E99/><V60/><F126/><W81/><G14/><T67/><D67/><U112/><E112/><V69/><F69/><W40/><G40/><T133/><D133/><U38/><E38/><V71/><F71/><W79/><AGARI ba="2,0" hai="17,19,47,50,55,74,79,81,124,125,127" m="42538" machi="79" ten="40,2700,0" yaku="18,1,52,1" doraHai="107" who="3" fromWho="3" sc="315,-15,175,-9,369,-9,141,33" /><INIT seed="5,0,0,1,1,59" ten="300,166,360,174" oya="1" hai0="60,135,100,104,73,40,95,11,57,25,134,103,97" hai1="110,102,109,45,90,44,43,74,54,93,96,101,50" hai2="58,84,48,117,42,12,13,114,75,80,94,122,91" hai3="113,23,38,62,61,107,128,56,51,5,70,46,49"/><U3/><E74/><V116/><F122/><W85/><G107/><T32/><D73/><U82/><E3/><V27/><F114/><W67/><G113/><T17/><D40/><U123/><E123/><V111/><F111/><N who="1" m="42505" /><E82/><V131/><F131/><W19/><G128/><T125/><D125/><U106/><E106/><V39/><F39/><AGARI ba="0,0" hai="39,43,44,45,50,54,90,93,96,101,102" m="42505" machi="39" ten="30,1500,0" yaku="10,1" doraHai="59" who="1" fromWho="2" sc="300,0,166,15,360,-15,174,0" /><INIT seed="5,1,0,3,1,57" ten="300,181,345,174" oya="1" hai0="33,74,93,89,41,88,32,121,27,78,92,15,5" hai1="2,71,55,103,122,21,26,133,106,112,110,42,64" hai2="69,23,100,17,117,73,53,66,111,29,47,96,134" hai3="7,120,18,36,58,52,84,35,16,128,98,13,54"/><U114/><E122/><V124/><F111/><W49/><G120/><T82/><D121/><U8/><E42/><V123/><F123/><W104/><G36/><T80/><D41/><U126/><E110/><V115/><F73/><W94/><G35/><T118/><D118/><U77/><E133/><V9/><F134/><W45/><G128/><T56/><D27/><U107/><E126/><V129/><F129/><W119/><G119/><T86/><D82/><U38/><E38/><V85/><F29/><W130/><G130/><T79/><D79/><U67/><E55/><V135/><F9/><N who="3" m="4287" /><G84/><T108/><D108/><U109/><E77/><V1/><F53/><W37/><G104/><T6/><D56/><U12/><E2/><V95/><F85/><W39/><G39/><T22/><D6/><N who="1" m="3095" /><E109/><V62/><F1/><W65/><G65/><N who="1" m="25162" /><E71/><V105/><F124/><W90/><G37/><T127/><D127/><U97/><E106/><V83/><F135/><W125/><G125/><T10/><REACH who="0" step="1"/><D22/><REACH who="0" ten="290,181,345,174" step="2"/><U101/><E21/><V51/><F117/><W31/><G31/><T116/><D116/><U102/><E26/><V20/><F83/><W43/><G43/><T11/><D11/><U14/><E14/><V28/><F28/><W30/><G30/><T48/><D48/><AGARI ba="1,1" hai="16,18,45,48,49,52,54,58,90,94,98" m="4287" machi="48" ten="30,3900,0" yaku="8,1,54,2" doraHai="57" who="3" fromWho="0" sc="290,-42,181,0,345,0,174,52" /><INIT seed="6,0,0,3,2,84" ten="248,181,345,226" oya="2" hai0="11,4,103,43,93,59,39,49,133,6,31,101,46" hai1="60,12,25,55,61,45,120,19,73,44,128,75,71" hai2="50,29,69,105,83,115,0,33,124,15,130,8,54" hai3="72,131,5,47,87,78,79,125,121,77,22,81,80"/><V24/><F115/><W30/><G121/><T21/><D133/><U119/><E119/><V85/><F105/><W86/><G5/><N who="0" m="2155" /><D39/><U102/><E120/><V89/><F124/><W117/><G117/><T100/><D11/><U98/><E128/><V58/><F130/><W7/><G7/><T2/><D2/><U110/><E110/><V107/><F107/><W116/><G116/><T129/><D129/><U48/><E25/><V16/><REACH who="2" step="1"/><F69/><REACH who="2" ten="248,181,335,226" step="2"/><W28/><G131/><T18/><D31/><U65/><E61/><V27/><F27/><W66/><G30/><T126/><D126/><U32/><E32/><V35/><F35/><W123/><G28/><T23/><D18/><U109/><E109/><V67/><F67/><W108/><G66/><T99/><D59/><U17/><E17/><V56/><F56/><W68/><G68/><T91/><AGARI ba="0,1" hai="21,23,43,46,49,91,93,99,100,101,103" m="2155" machi="91" ten="30,2000,0" yaku="8,1,52,1" doraHai="84" who="0" fromWho="0" sc="248,30,181,-5,335,-10,226,-5" /><INIT seed="7,0,0,5,5,65" ten="278,176,325,221" oya="3" hai0="25,34,67,18,112,69,23,128,40,83,9,81,41" hai1="1,38,19,46,39,74,58,120,90,95,99,29,75" hai2="0,31,12,73,129,24,134,101,82,85,7,70,56" hai3="94,111,6,71,89,52,5,30,132,8,68,122,98"/><W64/><G122/><T3/><D128/><U36/><E120/><V22/><F73/><W91/><G132/><T33/><D41/><U11/><E46/><V47/><F70/><W78/><G111/><T114/><D40/><U92/><E29/><V121/><F0/><W131/><G131/><T42/><D42/><U76/><E76/><V63/><F129/><W96/><G78/><T119/><D119/><U126/><E126/><V27/><F134/><W14/><G30/><T124/><D124/><U102/><E58/><V115/><F115/><N who="0" m="44074" /><D3/><U17/><E1/><V108/><F108/><W118/><G118/><T110/><D9/><U87/><REACH who="1" step="1"/><E11/><REACH who="1" ten="278,166,325,221" step="2"/><N who="2" m="4223" /><F47/><W106/><G8/><T57/><D110/><U43/><E43/><V103/><F56/><W61/><G71/><T123/><D57/><U116/><E116/><V62/><F31/><W26/><G68/><T21/><D123/><U16/><AGARI ba="0,1" hai="16,17,19,36,38,39,74,75,87,90,92,95,99,102" machi="16" ten="40,5200,0" yaku="1,1,0,1,54,1,53,0" doraHai="65" doraHaiUra="51" who="1" fromWho="1" sc="278,-13,166,62,325,-13,221,-26" owari="265,6.5,228,-17.2,312,41.2,195,-30.5" /></mjloggm>