<mjloggm ver="2.3"><GO type="169" lobby="0"/><UN n0="%E3%81%88%E3%81%8C%E3%82%8F%E3%82%8A%E3%81%8A" n1="%74%65%63%68%74%6F" n2="%70%6F%72%66%65%76%72%65" n3="%E3%83%94%E3%83%B3%E3%82%B5%E3%83%AD%E5%BA%97%E5%93%A1" dan="16,17,16,17" rate="2119.36,2139.88,2134.58,2246.04" sx="M,M,M,M"/><TAIKYOKU oya="0"/><INIT seed="0,0,0,3,4,67" ten="250,250,250,250" oya="0" hai0="19,39,64,90,120,129,82,0,125,48,119,61,65" hai1="121,95,66,47,104,49,110,5,37,13,63,87,28" hai2="43,86,41,88,135,77,105,124,134,22,122,1,70" hai3="24,34,130,131,7,99,14,27,118,33,128,93,102"/><T89/><D119/><U40/><E121/><V85/><F122/><W126/><G118/><T15/><D120/><U30/><E104/><V58/><F1/><W52/><G126/><T11/><D39/><U16/><E5/><V46/><F105/><W32/><REACH who="3" step="1"/><G52/><REACH who="3" ten="250,250,250,240" step="2"/><T109/><D125/><U117/><E117/><V113/><F124/><W69/><G69/><T57/><D109/><U107/><E110/><V72/><F70/><W73/><G73/><T127/><D127/><U114/><E114/><V116/><F72/><W23/><G23/><T56/><D129/><U106/><E106/><V75/><F75/><W100/><G100/><T35/><D35/><U98/><E107/><V2/><F22/><W103/><G103/><T112/><D112/><U101/><E87/><V36/><F86/><W81/><G81/><T97/><D82/><U68/><REACH who="1" step="1"/><E37/><REACH who="1" ten="250,240,250,240" step="2"/><V111/><F113/><W20/><G20/><AGARI ba="0,2" hai="13,16,20,28,30,40,47,49,63,66,68,95,98,101" machi="20" ten="30,12000,2" yaku="1,1,2,1,7,1,52,1,54,1,53,1" doraHai="67" doraHaiUra="8" who="1" fromWho="3" sc="250,0,240,140,250,0,240,-120" /><INIT seed="1,0,0,3,4,86" ten="250,380,250,120" oya="1" hai0="30,122,101,96,41,102,20,62,128,74,125,15,124" hai1="113,56,88,3,11,89,2,118,12,5,37,55,64" hai2="135,33,105,65,97,52,111,0,103,85,112,69,131" hai3="87,66,116,35,75,39,29,115,106,13,133,57,19"/><U120/><E113/><V134/><F112/><W60/><G115/><T132/><D74/><U46/><E120/><V90/><F0/><W8/><G75/><T99/><D122/><U127/><E118/><V73/><F73/><W25/><G133/><T110/><D132/><N who="2" m="50730" /><F33/><W80/><G116/><T7/><D110/><U47/><E127/><N who="0" m="48713" /><D128/><U117/><E117/><V121/><F111/><W21/><G39/><T92/><D41/><U53/><E64/><V83/><F131/><W34/><REACH who="3" step="1"/><G106/><REACH who="3" ten="250,380,250,110" step="2"/><T61/><D7/><U58/><E37/><V50/><F121/><W109/><G109/><T126/><D126/><U82/><E2/><V10/><F10/><W79/><AGARI ba="0,1" hai="8,13,19,21,25,29,34,35,57,60,66,79,80,87" machi="79" ten="20,2700,0" yaku="1,1,0,1,7,1,53,0" doraHai="86" doraHaiUra="68" who="3" fromWho="3" sc="250,-7,380,-13,250,-7,110,37" /><INIT seed="2,0,0,1,0,6" ten="243,367,243,147" oya="2" hai0="54,42,80,27,118,77,93,39,81,117,128,106,73" hai1="64,127,35,96,52,107,101,111,13,103,97,71,82" hai2="3,16,92,31,1,105,22,59,102,8,120,113,126" hai3="125,15,87,109,69,24,34,38,61,67,104,12,51"/><V44/><F120/><W78/><G38/><T134/><D106/><U11/><E111/><V7/><F105/><W122/><G122/><T84/><D134/><U100/><E127/><V86/><F113/><W47/><G109/><T40/><D128/><U116/><E116/><N who="0" m="44649" /><D93/><U58/><E35/><V41/><F126/><W17/><G125/><T37/><D54/><U75/><E71/><V50/><F31/><W18/><G104/><T56/><D56/><U46/><E64/><V79/><F3/><W121/><G121/><T10/><D27/><U45/><E75/><V119/><F119/><W19/><G34/><T9/><D37/><U108/><E82/><N who="0" m="31849" /><D73/><U132/><E132/><V62/><F79/><W98/><G78/><T63/><D63/><U65/><E65/><V5/><F86/><W20/><G87/><T85/><D77/><U94/><E103/><V36/><F36/><W130/><G98/><T124/><D124/><U89/><E101/><V135/><F135/><W133/><G130/><T48/><D48/><U114/><E114/><V53/><F92/><W43/><REACH who="3" step="1"/><G133/><REACH who="3" ten="243,367,243,137" step="2"/><T129/><D129/><U29/><E108/><V68/><F1/><W55/><G55/><T0/><D0/><U25/><E52/><V72/><F72/><W123/><G123/><T33/><D33/><U60/><E107/><V57/><F53/><W23/><G23/><T99/><D99/><U21/><E97/><V4/><F22/><W91/><G91/><T74/><D39/><U131/><E131/><V49/><F102/><W88/><G88/><T110/><D74/><U70/><E100/><RYUUKYOKU ba="0,1" sc="243,-10,367,-10,243,-10,137,30" hai3="12,15,17,18,19,20,24,43,47,51,61,67,69" /><INIT seed="3,1,1,0,5,43" ten="233,357,233,167" oya="3" hai0="63,30,124,8,89,61,125,108,134,25,28,95,135" hai1="88,111,29,75,6,10,99,77,86,101,84,12,116" hai2="103,105,24,73,128,2,93,55,98,90,60,120,16" hai3="41,42,122,46,22,36,54,53,78,51,117,4,118"/><W20/><G122/><T109/><D8/><U37/><E37/><V0/><F73/><W69/><G69/><T72/><D72/><U94/><E29/><N who="0" m="11369" /><D25/><U38/><E111/><N who="0" m="42569" /><D95/><U9/><E38/><V14/><F128/><W23/><G78/><T50/><D89/><U71/><E71/><V40/><F40/><W7/><G41/><T18/><D18/><U112/><E86/><V34/><F120/><W85/><G85/><T3/><D50/><U62/><E10/><V130/><F130/><W70/><G70/><T19/><D19/><U79/><E75/><V115/><F34/><W121/><G121/><T87/><D87/><U119/><E79/><V127/><F2/><W100/><G100/><T59/><D59/><U64/><E77/><V76/><F76/><W91/><G91/><T102/><D102/><U27/><E27/><V21/><F0/><W35/><G35/><T49/><D49/><U32/><E32/><V81/><F103/><W104/><G104/><T56/><D56/><U11/><E11/><V92/><F105/><W26/><G26/><T39/><D39/><U15/><E9/><V47/><F24/><W17/><G17/><T57/><D3/><U13/><E84/><V133/><F16/><W80/><G80/><T107/><D107/><U123/><E123/><V66/><F81/><W106/><G106/><T48/><D48/><U96/><E101/><V129/><F93/><W52/><REACH who="3" step="1"/><G36/><REACH who="3" ten="233,357,233,157" step="2"/><T33/><D33/><U45/><E88/><V1/><F90/><W74/><G74/><T5/><D5/><AGARI ba="1,2" hai="4,5,7,20,22,23,42,46,51,52,53,54,117,118" machi="5" ten="40,12000,1" yaku="1,1,52,1,54,1,53,1" doraHai="43" doraHaiUra="44" who="3" fromWho="0" sc="233,-123,357,0,233,0,157,143" /><INIT seed="3,2,0,5,5,101" ten="110,357,233,300" oya="3" hai0="122,96,129,2,74,88,116,91,85,105,39,1,68" hai1="8,20,126,12,80,61,43,38,67,36,9,98,7" hai2="22,83,130,64,37,35,48,117,51,110,79,70,40" hai3="30,132,125,84,42,120,34,123,54,99,90,5,72"/><W63/><G72/><T18/><D116/><U115/><E115/><V17/><F117/><W28/><G132/><T109/><D122/><U128/><E43/><V119/><F119/><W13/><G125/><T55/><D74/><U69/><E128/><V127/><F130/><W46/><G99/><T24/><D129/><U124/><E80/><V50/><F35/><W95/><G123/><T113/><D113/><U58/><E20/><V77/><F127/><N who="1" m="48681" /><E69/><V100/><F100/><W3/><G3/><T92/><D39/><U56/><E58/><V111/><F64/><W25/><G30/><T75/><D75/><U86/><E86/><V121/><F70/><W108/><G108/><N who="2" m="41513" /><F83/><W21/><G120/><T26/><D68/><U14/><E98/><V71/><F71/><W78/><G78/><T81/><D109/><U33/><E33/><V102/><F102/><W15/><G34/><T29/><D29/><U97/><E97/><V19/><F121/><W44/><G5/><AGARI ba="2,0" hai="5,7,8,9,12,14,36,38,56,61,67" m="48681" machi="5" ten="30,1000,0" yaku="18,1" doraHai="101" who="1" fromWho="3" sc="110,0,357,16,233,0,300,-16" /><INIT seed="4,0,0,0,3,62" ten="110,373,233,284" oya="0" hai0="48,53,95,0,70,76,16,24,69,100,120,81,118" hai1="93,64,90,39,8,126,80,61,104,133,107,109,30" hai2="19,112,134,89,66,22,106,58,72,75,91,28,128" hai3="87,129,15,44,83,122,85,131,123,63,43,98,101"/><T68/><D118/><U33/><E109/><V47/><F106/><W4/><G15/><T79/><D0/><U130/><E39/><V108/><F108/><W41/><G4/><T46/><D120/><N who="3" m="46121" /><G63/><T7/><D7/><U11/><E104/><V105/><F105/><N who="3" m="63671" /><G85/><T127/><D127/><U113/><E126/><V9/><F28/><W2/><G2/><T114/><D114/><U21/><E30/><V67/><F9/><W3/><G3/><T5/><D5/><U32/><E61/><V78/><F112/><W31/><G31/><T20/><REACH who="0" step="1"/><D81/><REACH who="0" ten="100,373,233,284" step="2"/><U125/><E80/><V34/><F134/><W71/><G83/><T13/><D13/><U96/><E133/><V65/><F128/><W17/><G129/><T103/><D103/><U97/><E130/><V82/><F75/><W18/><G131/><T10/><D10/><U49/><E125/><V121/><F121/><W73/><G73/><T50/><D50/><U27/><E49/><V116/><F116/><W1/><G1/><T119/><D119/><U110/><E113/><V12/><F89/><W84/><G71/><T36/><D36/><U59/><E8/><V86/><F72/><W99/><G99/><AGARI ba="0,1" hai="16,20,24,46,48,53,68,69,70,76,79,95,99,100" machi="99" ten="40,3900,0" yaku="1,1,54,1,53,0" doraHai="62" doraHaiUra="25" who="0" fromWho="3" sc="100,49,373,0,233,0,284,-39" /><INIT seed="4,1,0,0,1,121" ten="149,373,233,245" oya="0" hai0="109,80,131,17,12,49,32,6,53,86,57,29,3" hai1="88,52,15,101,58,28,78,124,31,128,127,69,18" hai2="35,91,70,44,42,75,73,55,8,62,107,120,45" hai3="1,77,114,26,51,7,135,46,97,33,110,98,111"/><T40/><D131/><U14/><E69/><V27/><F120/><W5/><G114/><T2/><D40/><U10/><E78/><V79/><F107/><W59/><G135/><T13/><D13/><U123/><E101/><V22/><F35/><W9/><G77/><T113/><D113/><U64/><E64/><V66/><F91/><W20/><G33/><T37/><D37/><U54/><E123/><V19/><F55/><W0/><G59/><T71/><D71/><U34/><E128/><V118/><F45/><W90/><G7/><T39/><D39/><U125/><E54/><V95/><F95/><W23/><G1/><T119/><D119/><U117/><E117/><V112/><F112/><W48/><G23/><T68/><D68/><U115/><E115/><V72/><F8/><W85/><G98/><T50/><D50/><N who="1" m="30999" /><E34/><V134/><F134/><W104/><G97/><T30/><D32/><U132/><E132/><V116/><REACH who="2" step="1"/><F79/><REACH who="2" ten="149,373,223,245" step="2"/><W4/><G104/><T83/><D53/><U67/><E88/><V89/><F89/><W96/><G90/><T105/><D105/><U92/><E92/><V102/><F102/><W41/><G96/><T36/><D80/><U60/><E10/><V56/><F56/><W103/><G9/><T81/><D83/><U11/><E11/><V65/><F65/><W24/><G103/><T133/><D57/><U94/><E94/><V16/><F16/><W100/><G100/><T122/><D17/><U76/><E18/><V129/><F129/><W93/><G93/><T106/><D81/><U126/><N who="1" m="31744" /><DORA hai="43" /><U74/><E76/><RYUUKYOKU ba="1,1" sc="149,-10,373,-10,223,30,245,-10" hai2="19,22,27,42,44,62,66,70,72,73,75,116,118" /><INIT seed="5,2,1,0,3,77" ten="139,363,253,235" oya="1" hai0="17,61,52,120,1,65,113,54,4,72,117,103,123" hai1="122,112,111,134,49,7,102,32,11,118,99,106,93" hai2="91,22,85,27,135,10,90,44,9,97,56,18,62" hai3="13,128,50,94,68,109,132,69,43,105,92,53,34"/><U58/><E118/><V2/><F135/><W131/><G109/><T38/><D117/><U41/><E122/><N who="0" m="46633" /><D38/><U108/><E32/><V127/><F127/><W74/><G105/><T130/><D113/><U20/><E112/><V114/><F2/><W36/><G34/><T33/><D33/><U59/><E134/><V0/><F0/><W107/><G107/><T104/><D130/><N who="3" m="49705" /><G132/><T116/><D116/><U25/><E106/><V84/><F44/><N who="3" m="23655" /><G74/><T26/><D72/><U46/><E111/><V100/><F114/><W98/><G13/><T28/><D17/><U12/><REACH who="1" step="1"/><E108/><REACH who="1" ten="139,353,253,235" step="2"/><V55/><F10/><W86/><G86/><T37/><D104/><U15/><E15/><V14/><F85/><W16/><G92/><T67/><D1/><U40/><E40/><V23/><F84/><W24/><G94/><T47/><D37/><U79/><E79/><V39/><F39/><W30/><G98/><T83/><D26/><U121/><E121/><V35/><F35/><N who="3" m="20935" /><G16/><AGARI ba="2,2" hai="7,11,12,16,20,25,41,46,49,58,59,93,99,102" machi="16" ten="30,11600,0" yaku="1,1,7,1,8,1,54,1,53,0" doraHai="77" doraHaiUra="87" who="1" fromWho="3" sc="139,0,353,142,253,0,235,-122" /><INIT seed="5,3,0,3,0,65" ten="139,495,253,113" oya="1" hai0="126,67,57,16,19,61,32,47,111,18,73,94,6" hai1="116,92,12,14,59,113,77,0,9,58,96,131,66" hai2="35,8,49,89,93,117,106,85,107,81,124,26,99" hai3="84,56,37,63,50,2,102,29,28,128,41,20,112"/><U4/><E116/><V46/><F117/><W21/><G2/><T119/><D119/><U101/><E113/><V86/><F124/><W121/><G37/><T71/><D73/><U10/><E131/><V88/><F35/><W1/><G1/><T125/><D32/><U31/><E77/><V76/><F26/><W103/><G121/><T129/><D111/><U90/><E31/><N who="3" m="11850" /><G112/><T27/><D129/><U24/><E24/><V30/><F30/><W17/><G84/><T95/><D6/><U54/><E66/><V11/><F106/><W114/><G114/><T60/><D47/><U62/><E10/><V120/><F107/><W127/><G127/><T123/><D123/><U78/><E78/><V87/><F120/><W132/><G132/><T80/><D27/><U68/><E68/><V122/><F122/><W45/><G128/><T15/><D15/><U51/><E101/><N who="3" m="38410" /><G17/><T74/><D125/><U91/><E90/><V104/><F104/><W69/><G69/><T83/><D126/><U33/><E33/><V72/><REACH who="2" step="1"/><F89/><REACH who="2" ten="139,495,243,113" step="2"/><W109/><G109/><T97/><D74/><U110/><E110/><V38/><F38/><W39/><G39/><T105/><D105/><U100/><E100/><V34/><F34/><W44/><G44/><T40/><D97/><U134/><E96/><V108/><F108/><W23/><G23/><T22/><D22/><U118/><E91/><V115/><F115/><W64/><AGARI ba="3,1" hai="20,21,41,45,50,56,63,64" m="38410,11850" machi="64" ten="30,1100,0" yaku="8,1" doraHai="65" who="3" fromWho="3" sc="139,-6,495,-8,243,-6,113,30" /><INIT seed="6,0,0,3,2,60" ten="133,487,237,143" oya="2" hai0="4,89,107,19,48,7,10,16,112,93,74,97,91" hai1="11,73,28,41,18,123,9,12,66,57,31,8,124" hai2="103,69,129,62,43,121,132,68,32,80,3,5,78" hai3="130,20,85,39,90,46,23,101,63,54,72,94,119"/><V79/><F121/><W47/><G119/><T127/><D74/><U29/><E73/><V61/><F32/><W64/><G72/><T134/><D107/><U45/><E124/><V102/><F43/><W128/><G101/><T59/><D127/><U100/><E100/><V77/><F80/><W133/><G133/><T114/><D134/><U95/><E95/><V75/><F75/><W115/><G115/><N who="0" m="44075" /><D89/><U109/><E109/><V67/><F132/><W22/><G54/><N who="0" m="32199" /><D4/><U76/><E76/><V84/><F84/><W92/><G92/><T42/><D42/><U106/><E106/><V111/><F129/><N who="3" m="49771" /><G39/><T116/><D116/><U26/><E26/><V56/><F111/><W83/><G83/><T33/><D33/><U81/><E81/><V135/><F135/><W44/><G44/><T14/><AGARI ba="0,0" hai="7,10,14,16,19,91,93,97" m="32199,44075" machi="14" ten="30,2000,0" yaku="15,1,54,1" doraHai="60" who="0" fromWho="0" sc="133,20,487,-5,237,-10,143,-5" /><INIT seed="7,0,0,5,2,26" ten="153,482,227,138" oya="3" hai0="84,50,130,4,7,20,90,51,88,37,13,42,66" hai1="67,106,129,59,47,122,80,113,8,94,108,86,62" hai2="61,6,128,134,111,30,135,10,24,53,115,41,64" hai3="110,70,87,43,104,102,21,93,82,124,91,27,83"/><W65/><G124/><T127/><D37/><U114/><E108/><V123/><F111/><W116/><G116/><T117/><D117/><U74/><E122/><V1/><F128/><W3/><G110/><T125/><D130/><U29/><E106/><V56/><F115/><W25/><G3/><T77/><D66/><U17/><E74/><V121/><F41/><W118/><G118/><T15/><D77/><U34/><E94/><V0/><F53/><W126/><G126/><N who="0" m="48139" /><D90/><U45/><E29/><V132/><F1/><W9/><G43/><T81/><D50/><U32/><E47/><V11/><F10/><W73/><G9/><T2/><D2/><U18/><E45/><V120/><F135/><W97/><G27/><T31/><D31/><U38/><E18/><V52/><F64/><W39/><G39/><T22/><D15/><U44/><E17/><V35/><AGARI ba="0,0" hai="0,6,11,24,30,35,52,56,61,120,121,123,132,134" machi="35" ten="40,8000,1" yaku="0,1,13,1,52,1,54,1" doraHai="26" who="2" fromWho="2" sc="153,-20,482,-20,227,80,138,-40" owari="133,-26.7,462,56.2,307,10.7,98,-40.2" /></mjloggm>