<mjloggm ver="2.3"><GO type="169" lobby="0"/><UN n0="%E3%81%86%E3%81%AA%E3%81%8E%E9%BA%BA" n1="%62%73%64%5F%33" n2="%31%74%61" n3="%53%6F%6C%69%64" dan="17,16,18,17" rate="2188.02,2053.92,2293.26,2142.88" sx="M,F,M,M"/><TAIKYOKU oya="0"/><INIT seed="0,0,0,4,5,82" ten="250,250,250,250" oya="0" hai0="55,7,85,107,94,130,50,100,39,131,129,80,10" hai1="75,47,70,24,16,132,11,20,73,3,109,102,81" hai2="19,133,5,46,79,112,123,113,125,34,103,53,135" hai3="92,121,60,86,17,27,57,71,127,126,26,77,59"/><T124/><D124/><N who="3" m="47657" /><G121/><T111/><D39/><U2/><E70/><V88/><F125/><W28/><G17/><T98/><D111/><U68/><E109/><V106/><F34/><N who="3" m="20759" /><G27/><T101/><D101/><U31/><E68/><V108/><F108/><W41/><G41/><T63/><D63/><U61/><E132/><N who="2" m="50763" /><F5/><W119/><G119/><T99/><D99/><U42/><E102/><V84/><F123/><W13/><G13/><T49/><D107/><U90/><E61/><V96/><F19/><W87/><G71/><T66/><D66/><U76/><E73/><V122/><F122/><W30/><G30/><T116/><D116/><U115/><E115/><N who="2" m="44107" /><F46/><W134/><G134/><T67/><D67/><U105/><E105/><V104/><F53/><N who="3" m="33839" /><G77/><N who="0" m="46223" /><D55/><U33/><E47/><V0/><F0/><AGARI ba="0,0" hai="0,7,10,49,50,94,98,100,129,130,131" m="46223" machi="0" ten="30,2900,0" yaku="19,1,52,1" doraHai="82" who="0" fromWho="2" sc="250,29,250,0,250,-29,250,0" /><INIT seed="0,1,0,1,2,25" ten="279,250,221,250" oya="0" hai0="116,118,33,11,38,27,89,53,125,34,2,88,47" hai1="100,134,21,12,104,101,105,103,50,41,130,8,4" hai2="113,119,26,49,17,67,131,51,71,78,56,69,99" hai3="23,72,109,129,117,40,123,13,112,63,57,1,95"/><T81/><D125/><U83/><E134/><V73/><F113/><W58/><G112/><T124/><D124/><U46/><E130/><V62/><F131/><W9/><G129/><T80/><D80/><U79/><REACH who="1" step="1"/><E21/><REACH who="1" ten="279,240,221,250" step="2"/><V22/><F119/><W30/><G23/><T52/><D118/><U31/><E31/><V28/><F28/><W90/><G30/><T15/><D116/><U82/><E82/><V126/><F126/><W98/><G117/><T65/><D34/><U108/><E108/><V92/><F71/><W37/><G109/><T111/><D111/><U29/><E29/><V87/><F69/><W84/><G123/><T0/><D33/><U122/><E122/><V43/><F73/><AGARI ba="1,1" hai="4,8,12,41,46,50,73,79,83,100,101,103,104,105" machi="73" ten="40,1300,0" yaku="1,1,53,0" doraHai="25" doraHaiUra="61" who="1" fromWho="2" sc="279,0,240,26,221,-16,250,0" /><INIT seed="1,0,0,3,5,90" ten="279,266,205,250" oya="1" hai0="19,95,84,66,62,70,129,79,91,61,78,8,21" hai1="29,132,92,109,46,128,30,108,47,126,22,112,115" hai2="73,110,133,63,131,27,44,123,56,68,71,5,105" hai3="24,72,103,28,9,39,55,114,86,1,100,88,53"/><U4/><E128/><V16/><F123/><W116/><G114/><N who="1" m="43562" /><E132/><V130/><F73/><W38/><G72/><T12/><D129/><N who="2" m="49162" /><F105/><W17/><G116/><T74/><D74/><U33/><E126/><V89/><F133/><W51/><G39/><T49/><D49/><U10/><E47/><V59/><F5/><W23/><G38/><T82/><D62/><U13/><E46/><V85/><F44/><N who="3" m="27879" /><G1/><T69/><D69/><N who="2" m="26698" /><F63/><W120/><G120/><T76/><REACH who="0" step="1"/><D8/><REACH who="0" ten="269,266,205,250" step="2"/><U34/><E34/><V122/><F122/><W81/><G55/><T104/><D104/><U135/><E135/><V64/><F64/><W40/><G40/><T67/><D67/><U134/><E134/><V2/><F59/><W117/><G117/><T113/><D113/><U80/><E33/><V7/><F56/><W3/><G3/><T26/><D26/><U65/><E65/><V15/><F27/><W121/><G121/><T106/><D106/><U93/><E80/><V35/><F35/><W36/><G36/><T96/><AGARI ba="0,1" hai="12,19,21,61,66,70,76,78,79,82,84,91,95,96" machi="96" ten="20,5200,0" yaku="1,1,0,1,7,1,52,1,53,0" doraHai="90" doraHaiUra="48" who="0" fromWho="0" sc="269,62,266,-26,205,-13,250,-13" /><INIT seed="2,0,0,3,3,102" ten="331,240,192,237" oya="2" hai0="68,81,110,23,8,33,36,17,4,13,1,114,20" hai1="35,133,50,22,64,53,87,46,37,60,2,77,91" hai2="70,103,130,79,115,132,83,86,112,80,113,10,129" hai3="92,90,95,120,15,62,126,104,76,34,39,32,82"/><V123/><F70/><W24/><G120/><T3/><D36/><U100/><E35/><V88/><F123/><W42/><G126/><T58/><D68/><U28/><E2/><V38/><F38/><W69/><G104/><T89/><D114/><U109/><E109/><V14/><F103/><W25/><G39/><T11/><D33/><U66/><E133/><V97/><F132/><W65/><G42/><T0/><D58/><U108/><E108/><V16/><REACH who="2" step="1"/><F97/><REACH who="2" ten="331,240,182,237" step="2"/><W63/><G69/><T75/><D110/><U48/><E100/><V55/><F55/><W30/><G65/><T45/><D0/><U7/><E37/><V93/><F93/><W127/><G92/><T26/><D1/><U105/><E66/><V47/><F47/><W40/><G95/><T31/><D45/><U59/><E53/><V135/><F135/><W73/><G127/><T9/><D81/><U54/><E54/><V72/><AGARI ba="0,1" hai="10,14,16,72,79,80,83,86,88,112,113,115,129,130" machi="72" ten="40,12000,1" yaku="1,1,0,1,54,2,53,0" doraHai="102" doraHaiUra="101" who="2" fromWho="2" sc="331,-40,240,-40,182,130,237,-40" /><INIT seed="2,1,0,3,3,123" ten="291,200,312,197" oya="2" hai0="125,60,65,15,76,66,90,91,4,23,18,79,40" hai1="82,105,93,106,88,112,124,83,81,12,46,6,16" hai2="68,38,121,67,19,8,39,22,1,134,128,54,25" hai3="34,9,2,89,114,57,84,42,58,102,29,17,104"/><V71/><F121/><W26/><G114/><T99/><D125/><U41/><E112/><V122/><F122/><W35/><G35/><T120/><D120/><U47/><E6/><V127/><F127/><W116/><G116/><T117/><D117/><U61/><E61/><V21/><F128/><W111/><G42/><T129/><D129/><U80/><N who="1" m="20480" /><DORA hai="63" /><U10/><E124/><V73/><F73/><W92/><G111/><T72/><D72/><U85/><REACH who="1" step="1"/><E47/><REACH who="1" ten="291,190,312,197" step="2"/><V7/><F7/><W109/><G109/><T70/><D4/><U75/><E75/><V30/><F1/><W50/><G2/><T53/><D79/><U20/><E20/><V24/><F22/><W101/><G9/><T56/><D76/><U14/><E14/><V5/><F8/><W107/><G34/><T69/><D69/><U96/><E96/><V108/><F5/><W49/><G26/><T36/><D70/><U28/><E28/><V119/><F71/><W100/><G29/><T98/><D98/><U133/><E133/><V37/><F68/><W59/><REACH who="3" step="1"/><G17/><REACH who="3" ten="291,190,312,187" step="2"/><T27/><D27/><U86/><E86/><V113/><F25/><W45/><G45/><T33/><D33/><U118/><E118/><V31/><F119/><W43/><G43/><T55/><D40/><U103/><E103/><V87/><F113/><W3/><G3/><T44/><D44/><U52/><E52/><V32/><F54/><W77/><G77/><T135/><D55/><U13/><E13/><V74/><F32/><W48/><AGARI ba="1,2" hai="48,49,50,57,58,59,84,89,92,100,101,102,104,107" machi="48" ten="40,8000,1" yaku="1,1,0,1,29,2,53,0" doraHai="123,63" doraHaiUra="115,64" who="3" fromWho="3" sc="291,-21,190,-21,312,-41,187,103" /><INIT seed="3,0,0,2,2,62" ten="270,169,271,290" oya="3" hai0="107,74,67,102,37,97,19,2,47,120,132,94,50" hai1="135,125,131,35,103,51,113,36,105,11,117,56,124" hai2="101,109,44,57,0,78,104,93,133,79,49,15,34" hai3="115,72,127,99,86,118,12,66,13,76,16,21,70"/><W33/><G118/><T39/><D120/><U110/><RYUUKYOKU type="yao9" ba="0,0" sc="270,0,169,0,271,0,290,0" hai1="11,35,36,51,56,103,105,110,113,117,124,125,131,135" /><INIT seed="3,1,0,4,3,59" ten="270,169,271,290" oya="3" hai0="112,131,118,36,21,52,60,40,67,30,90,20,48" hai1="2,116,45,56,34,100,114,92,87,79,35,62,103" hai2="130,15,29,134,65,68,81,73,71,49,104,14,17" hai3="84,133,76,38,107,74,109,128,99,129,53,44,69"/><W1/><G1/><T41/><D118/><U66/><E114/><V33/><F104/><W0/><G0/><T42/><D112/><U7/><E116/><V61/><F130/><N who="3" m="50283" /><G69/><T9/><D131/><U111/><E111/><V51/><F134/><W77/><G74/><T96/><D36/><U119/><E119/><V80/><F29/><W110/><G133/><T64/><D9/><U24/><E7/><V88/><F33/><W94/><G107/><T106/><D106/><U132/><E2/><V54/><F71/><W124/><G124/><T115/><D115/><U55/><E132/><V26/><F51/><N who="3" m="28903" /><G38/><T121/><D121/><U23/><E35/><V127/><F127/><W28/><G28/><T47/><D30/><U46/><E34/><V18/><F73/><W82/><G77/><T3/><D3/><U97/><E103/><AGARI ba="1,0" hai="76,82,84,94,99,103,109,110" m="28903,50283" machi="103" ten="30,1500,0" yaku="19,1" doraHai="59" who="3" fromWho="1" sc="270,0,169,-18,271,0,290,18" /><INIT seed="3,2,0,5,1,4" ten="270,151,271,308" oya="3" hai0="90,57,108,98,80,102,94,36,16,83,123,133,134" hai1="75,31,125,120,28,89,64,6,61,37,55,72,34" hai2="99,118,70,35,27,114,29,30,50,121,79,40,115" hai3="88,15,39,110,86,82,44,93,96,128,66,33,21"/><W26/><G128/><T54/><D36/><U52/><E120/><V81/><F118/><W60/><G110/><T42/><D42/><U5/><E37/><V84/><F70/><W48/><G33/><T9/><D123/><U23/><E34/><V18/><F121/><W62/><G39/><T3/><D108/><U68/><E125/><V14/><F30/><W74/><G74/><T85/><D83/><U127/><E127/><V135/><F99/><W47/><G15/><T77/><D102/><U104/><E104/><V63/><F63/><W49/><G49/><T51/><REACH who="0" step="1"/><D3/><REACH who="0" ten="260,151,271,308" step="2"/><U45/><E72/><V92/><F135/><W100/><G48/><T8/><D8/><U119/><E75/><V126/><F126/><W12/><G62/><T65/><D65/><U132/><E132/><V106/><F106/><W116/><G116/><T111/><D111/><U113/><E119/><V11/><REACH who="2" step="1"/><F92/><REACH who="2" ten="260,151,261,308" step="2"/><W53/><G60/><T117/><D117/><U41/><E61/><V67/><F67/><W122/><G66/><T71/><D71/><U91/><E64/><V87/><F87/><W112/><G122/><T56/><D56/><U13/><E68/><V131/><F131/><W20/><G86/><T22/><D22/><U24/><E23/><V59/><F59/><W97/><G21/><T19/><D19/><U43/><E45/><AGARI ba="2,2" hai="11,14,18,27,29,35,40,45,50,79,81,84,114,115" machi="45" ten="40,2600,0" yaku="1,1,52,1,53,0" doraHai="4" doraHaiUra="1" who="2" fromWho="1" sc="260,0,151,-32,261,52,308,0" /><INIT seed="4,0,0,3,5,79" ten="260,119,313,308" oya="0" hai0="77,12,126,45,131,33,85,48,58,23,18,71,127" hai1="32,0,3,21,92,43,119,67,20,50,122,132,91" hai2="24,15,53,78,34,16,27,41,81,84,90,89,14" hai3="10,98,100,113,25,42,8,128,30,96,112,69,116"/><T130/><D71/><U36/><E119/><V110/><F110/><W55/><G116/><T87/><D58/><U72/><E122/><V51/><F41/><W123/><G69/><T44/><D33/><U22/><E36/><V82/><F34/><W133/><G42/><N who="0" m="24599" /><D45/><U103/><E72/><V108/><F108/><W109/><G109/><T135/><D135/><U111/><E111/><V94/><F14/><W31/><G133/><T114/><D114/><N who="3" m="44137" /><G128/><N who="0" m="49195" /><D77/><U93/><E32/><V62/><F62/><W57/><G123/><T9/><D23/><U129/><E67/><V73/><F51/><N who="3" m="30975" /><G31/><T35/><D35/><U101/><E132/><V70/><F53/><W95/><G98/><T80/><D80/><U120/><E120/><V4/><F70/><W76/><G76/><T47/><D47/><U102/><E129/><V46/><F46/><W97/><G97/><T26/><D26/><U88/><E50/><V75/><F75/><W68/><G68/><T37/><D37/><U59/><E59/><V118/><F118/><W105/><G105/><T117/><D117/><U66/><E43/><V63/><F63/><W11/><G30/><T29/><D29/><U13/><E66/><V64/><F64/><W115/><N who="3" m="44145" /><W124/><DORA hai="2" /><G25/><T106/><D106/><U134/><E134/><V52/><F24/><W74/><G96/><T19/><D19/><U125/><E125/><AGARI ba="0,0" hai="9,12,18,85,87,125,126,127" m="49195,24599" machi="125" ten="30,2900,0" yaku="18,1,19,1" doraHai="79,2" who="0" fromWho="1" sc="260,29,119,-29,313,0,308,0" /><INIT seed="4,1,0,5,3,72" ten="289,90,313,308" oya="0" hai0="24,110,112,46,135,34,122,54,132,3,32,131,33" hai1="100,21,2,36,97,5,62,29,103,48,89,85,52" hai2="37,106,53,25,134,86,81,77,87,76,78,83,129" hai3="47,50,60,12,93,120,79,22,65,43,111,127,105"/><T102/><D122/><U96/><E36/><V126/><F37/><W113/><G105/><T51/><D3/><U109/><E109/><V114/><F114/><W121/><G111/><T84/><D110/><U11/><E62/><V45/><F106/><W94/><G113/><T28/><D112/><U88/><E29/><V0/><F0/><W107/><G107/><T7/><D102/><U41/><E41/><V101/><F101/><W30/><G127/><T71/><D7/><U115/><E115/><V17/><F126/><W116/><G116/><T1/><D1/><U68/><E68/><V40/><F134/><N who="0" m="51242" /><D71/><U10/><E21/><N who="2" m="13487" /><F40/><W98/><G94/><T58/><D131/><U104/><E10/><V66/><F66/><W123/><G30/><T95/><D46/><U44/><REACH who="1" step="1"/><E85/><REACH who="1" ten="289,80,313,308" step="2"/><N who="2" m="32267" /><F129/><W42/><G43/><T80/><D95/><AGARI ba="1,1" hai="2,5,11,44,48,52,88,89,95,96,97,100,103,104" machi="95" ten="30,7700,0" yaku="1,1,7,1,54,2,53,0" doraHai="72" doraHaiUra="67" who="1" fromWho="0" sc="289,-80,80,90,313,0,308,0" /><INIT seed="5,0,0,5,3,112" ten="209,170,313,308" oya="1" hai0="41,17,33,59,85,123,78,125,80,103,49,15,36" hai1="40,120,130,39,16,12,96,26,108,21,122,101,105" hai2="71,4,18,0,67,79,23,6,9,118,34,104,60" hai3="82,48,66,8,133,134,83,127,30,107,64,57,109"/><U114/><E114/><V115/><F115/><W87/><G109/><T93/><D33/><U129/><E108/><V99/><F34/><W58/><G107/><T47/><D125/><U22/><E40/><V77/><F118/><W86/><G48/><T61/><D123/><U116/><E39/><V97/><F4/><W98/><G98/><T65/><D103/><U102/><E102/><V14/><F104/><W42/><G42/><T10/><REACH who="0" step="1"/><D93/><REACH who="0" ten="199,170,313,308" step="2"/><U117/><E122/><V46/><F46/><W29/><G127/><T100/><D100/><U38/><E120/><V76/><AGARI ba="0,1" hai="0,6,9,14,18,23,60,67,71,76,77,79,97,99" machi="76" ten="30,1100,0" yaku="0,1" doraHai="112" who="2" fromWho="2" sc="199,-3,170,-5,313,21,308,-3" /><INIT seed="6,0,0,2,2,116" ten="196,165,334,305" oya="2" hai0="56,7,22,37,126,5,127,21,114,50,27,80,38" hai1="92,93,24,44,28,43,11,20,40,61,72,32,26" hai2="110,31,13,109,108,78,106,90,77,74,71,67,105" hai3="59,33,2,39,68,48,104,82,103,97,83,17,87"/><V35/><F13/><W79/><G39/><T14/><D114/><U85/><E72/><V128/><F128/><W29/><G68/><T86/><D56/><U64/><E43/><V60/><F90/><W54/><G2/><T19/><D50/><U84/><E11/><V58/><F58/><W107/><G33/><T88/><D38/><U10/><E10/><V124/><F124/><N who="0" m="47658" /><D37/><U16/><E93/><V55/><F55/><W34/><G29/><AGARI ba="0,0" hai="5,7,14,19,21,22,27,29,80,86,88" m="47658" machi="29" ten="30,2000,0" yaku="18,1,54,1" doraHai="116" who="0" fromWho="3" sc="196,20,165,0,334,0,305,-20" /><INIT seed="7,0,0,2,0,135" ten="216,165,334,285" oya="3" hai0="47,44,35,46,63,75,103,28,126,34,76,70,106" hai1="22,114,56,68,89,105,100,113,119,95,17,133,97" hai2="4,99,77,80,60,41,122,128,94,39,67,31,49" hai3="16,40,57,14,83,72,21,36,19,134,1,29,0"/><W33/><G134/><T111/><D111/><U91/><E133/><V87/><F128/><W129/><G129/><T88/><D76/><U66/><E68/><V117/><F117/><W48/><G36/><T96/><D75/><U54/><E66/><V45/><F122/><W52/><G40/><T125/><D88/><U10/><E10/><V71/><F31/><W37/><G37/><T81/><D81/><U64/><E64/><V27/><F27/><W53/><G19/><T58/><D70/><U98/><E91/><V107/><F107/><W112/><G112/><T7/><D7/><U43/><E43/><V110/><F4/><W120/><G120/><T42/><D42/><U55/><E119/><V5/><F5/><W101/><G101/><T51/><D51/><U12/><E55/><V2/><F2/><W116/><G116/><T123/><D123/><U62/><REACH who="1" step="1"/><E12/><REACH who="1" ten="216,155,334,285" step="2"/><V26/><F71/><W86/><G53/><T132/><D132/><U108/><E108/><V74/><F110/><W20/><G14/><T59/><D103/><U38/><E38/><V118/><F67/><W11/><G11/><T15/><D15/><U3/><E3/><V124/><F39/><W23/><G1/><T78/><D78/><U18/><E18/><V8/><F77/><N who="3" m="44455" /><G0/><T13/><D13/><U90/><E90/><V61/><F41/><W92/><G16/><T82/><D28/><U25/><AGARI ba="0,1" hai="17,22,25,54,56,62,89,95,97,98,100,105,113,114" machi="25" ten="30,7900,0" yaku="1,1,0,1,25,2,53,0" doraHai="135" doraHaiUra="127" who="1" fromWho="1" sc="216,-20,155,89,334,-20,285,-39" owari="196,-30.4,244,-15.6,314,41.4,246,4.6" /></mjloggm>