<mjloggm ver="2.3"><GO type="169" lobby="0"/><UN n0="%58%59%47%59" n1="%E3%82%A2%E3%83%B3%E3%83%88%E3%83%AC%E3%83%BC%E3%82%B9" n2="%E3%81%91%E3%82%93%E3%81%9E%E3%83%BC%E3%83%99%E3%82%A4" n3="%4E%6F%73%75%6B%65" dan="16,16,16,16" rate="2074.38,2088.39,2085.54,2130.13" sx="M,M,M,M"/><TAIKYOKU oya="0"/><INIT seed="0,0,0,5,4,133" ten="250,250,250,250" oya="0" hai0="120,75,20,88,28,56,43,80,86,100,51,52,36" hai1="134,113,105,71,69,92,108,18,10,109,77,128,48" hai2="93,42,102,81,121,21,8,72,0,73,44,98,58" hai3="91,104,114,84,115,32,24,2,127,66,123,89,40"/><T107/><D120/><U122/><E105/><V59/><F121/><W11/><G123/><T61/><D75/><U67/><E122/><V27/><F0/><W79/><G104/><T23/><D36/><U35/><E35/><V63/><F8/><W47/><G66/><T26/><D107/><U135/><E77/><V124/><F81/><W90/><G79/><T53/><D100/><U6/><E18/><V9/><F9/><W60/><G60/><T85/><D85/><U15/><E128/><V111/><F111/><N who="1" m="42569" /><E113/><V95/><F95/><W5/><G84/><T99/><D99/><U46/><E92/><V17/><F59/><W29/><REACH who="3" step="1"/><G127/><REACH who="3" ten="250,250,250,240" step="2"/><T3/><D3/><U68/><E67/><V65/><REACH who="2" step="1"/><F124/><REACH who="2" ten="250,250,240,240" step="2"/><W45/><G45/><N who="0" m="26047" /><D23/><U55/><AGARI ba="0,2" hai="6,10,15,46,48,55,68,69,71,134,135" m="42569" machi="55" ten="40,1500,0" yaku="14,1" doraHai="133" who="1" fromWho="1" sc="250,-7,250,35,240,-4,240,-4" /><INIT seed="1,0,0,0,0,76" ten="243,285,236,236" oya="1" hai0="58,12,8,74,86,4,105,30,79,19,13,125,33" hai1="121,37,97,102,106,5,132,70,27,85,98,63,135" hai2="133,73,108,96,87,62,51,134,123,2,126,107,42" hai3="17,36,50,55,71,29,130,44,68,35,7,25,40"/><U38/><E121/><V112/><F123/><W91/><G130/><T21/><D74/><U43/><E5/><V118/><F73/><W83/><G7/><T26/><D105/><U6/><E6/><V67/><F2/><W92/><G17/><N who="0" m="10415" /><D58/><U57/><E70/><V69/><F118/><W99/><REACH who="3" step="1"/><G83/><REACH who="3" ten="243,285,236,226" step="2"/><T113/><D113/><U104/><E132/><V78/><F112/><W129/><G129/><T84/><D125/><U117/><E135/><V80/><F126/><W90/><G90/><T0/><D79/><U122/><E122/><V23/><F134/><W89/><G89/><T60/><D60/><U114/><E114/><V53/><F133/><W94/><G94/><T9/><AGARI ba="0,1" hai="0,4,8,9,12,19,26,30,33,84,86" m="10415" machi="9" ten="30,1100,0" yaku="24,1" doraHai="76" who="0" fromWho="0" sc="243,21,285,-5,236,-3,226,-3" /><INIT seed="2,0,0,2,4,60" ten="264,280,233,223" oya="2" hai0="62,115,73,99,15,95,90,24,13,98,46,33,103" hai1="72,74,85,38,25,4,113,117,0,57,54,63,8" hai2="129,81,48,1,89,80,45,27,128,3,26,69,94" hai3="87,109,124,47,7,12,131,61,111,37,105,91,10"/><V40/><F69/><W18/><G105/><T70/><D115/><U119/><E113/><V43/><F43/><W66/><G131/><N who="2" m="50249" /><F27/><W68/><G124/><T134/><D73/><U55/><E38/><V67/><F67/><W122/><G122/><T78/><D78/><U42/><E42/><V51/><F51/><W31/><G31/><T102/><D134/><U50/><E25/><V29/><F81/><W83/><G37/><T22/><D33/><U132/><E132/><V84/><F80/><W127/><G127/><T106/><D46/><U30/><E30/><V32/><AGARI ba="0,0" hai="1,3,26,29,32,40,45,48,84,89,94" m="50249" machi="32" ten="30,1500,0" yaku="19,1" doraHai="60" who="2" fromWho="2" sc="264,-5,280,-5,233,15,223,-5" /><INIT seed="2,1,0,4,1,55" ten="259,275,248,218" oya="2" hai0="115,129,130,121,120,0,24,78,111,86,38,134,4" hai1="57,64,75,82,63,47,122,84,76,97,10,119,117" hai2="126,74,26,54,89,23,34,21,100,5,79,29,32" hai3="113,44,46,93,104,90,3,71,27,109,37,73,112"/><V61/><F100/><W95/><G104/><T101/><D38/><U28/><E122/><V42/><F42/><W83/><G71/><T72/><D0/><U45/><E75/><V125/><F5/><W107/><G107/><T131/><D4/><U52/><E28/><V2/><F2/><W58/><G3/><T7/><D7/><U80/><E10/><V105/><F105/><W40/><G109/><T67/><D24/><U36/><E82/><V48/><F61/><W17/><G44/><T106/><D67/><U68/><E97/><V124/><F34/><W88/><G58/><T69/><D69/><U127/><E127/><V135/><F135/><W25/><G73/><T59/><D59/><U98/><E98/><V114/><F114/><N who="3" m="44139" /><G83/><N who="0" m="45511" /><D115/><U9/><E9/><V19/><F79/><W123/><G123/><N who="0" m="47179" /><D134/><U102/><E102/><V56/><F74/><W1/><G1/><T70/><D70/><U133/><E133/><V31/><F32/><W99/><G17/><T43/><D43/><N who="1" m="22759" /><E47/><V60/><F60/><W49/><G37/><T116/><D116/><U15/><E15/><N who="2" m="9471" /><F31/><W128/><G128/><T6/><D6/><U77/><E77/><V20/><F20/><W16/><G16/><T65/><D111/><U35/><E35/><V11/><F11/><W39/><G39/><T22/><D22/><U118/><E118/><V85/><F126/><W50/><G50/><AGARI ba="1,0" hai="50,52,57,63,64,68,76,80,84,117,119" m="22759" machi="50" ten="30,3900,0" yaku="24,1,52,1,54,1" doraHai="55" who="1" fromWho="3" sc="259,0,275,42,248,0,218,-42" /><INIT seed="3,0,0,0,2,99" ten="259,317,248,176" oya="3" hai0="88,84,70,52,108,72,79,107,59,133,13,5,50" hai1="105,25,66,75,21,132,48,39,85,115,119,51,31" hai2="24,100,56,78,64,37,92,67,29,117,93,45,46" hai3="87,44,55,41,96,57,83,16,1,118,61,12,42"/><W22/><G118/><T127/><D108/><U106/><E75/><V8/><F78/><W15/><G1/><T101/><D133/><U121/><E39/><V129/><F129/><W35/><G35/><T89/><D70/><U65/><E121/><V120/><F120/><W110/><G110/><T18/><D5/><U113/><E132/><V26/><F8/><W4/><G96/><T126/><D72/><U23/><E85/><V125/><F125/><N who="0" m="47626" /><D79/><U124/><E124/><V38/><F56/><W94/><G94/><T74/><D74/><U73/><E73/><V62/><F62/><W76/><REACH who="3" step="1"/><G44/><REACH who="3" ten="259,317,248,166" step="2"/><T9/><D84/><U63/><E119/><V116/><F29/><W122/><G122/><T71/><D71/><U40/><E113/><V135/><REACH who="2" step="1"/><F135/><REACH who="2" ten="259,317,238,166" step="2"/><W112/><G112/><T33/><D33/><U47/><E115/><V98/><F98/><AGARI ba="0,2" hai="9,13,18,50,52,59,88,89,98,101,107" m="47626" machi="98" ten="30,7700,0" yaku="18,1,52,1,54,2" doraHai="99" who="0" fromWho="2" sc="259,97,317,0,238,-77,166,0" /><INIT seed="4,0,0,5,4,64" ten="356,317,161,166" oya="0" hai0="34,17,24,35,119,73,94,44,69,23,68,60,48" hai1="93,129,54,117,99,32,105,42,87,66,112,83,10" hai2="51,127,104,89,40,28,19,16,63,39,134,96,20" hai3="70,124,6,85,27,114,88,47,45,103,49,36,86"/><T37/><D37/><U115/><E32/><V78/><F39/><W25/><G114/><N who="1" m="43562" /><E42/><V79/><F127/><W133/><G124/><T14/><D73/><U61/><E117/><V11/><F134/><W122/><G133/><T77/><D119/><U7/><E129/><V2/><F28/><W8/><G122/><T81/><D94/><U95/><E54/><V126/><F63/><W67/><G103/><T100/><D100/><N who="1" m="62623" /><E87/><V107/><F107/><W38/><G86/><T113/><D113/><U3/><E83/><V116/><F104/><W135/><G135/><T55/><D60/><U97/><E97/><V58/><F126/><W52/><G38/><T15/><D15/><U98/><E98/><V90/><F96/><W0/><G36/><T123/><D123/><U80/><E80/><V106/><F106/><W26/><G45/><T13/><D13/><U43/><E43/><V71/><F2/><W130/><G130/><T102/><D102/><U59/><AGARI ba="0,0" hai="3,7,10,59,61,66,93,95" m="62623,43562" machi="59" ten="30,2000,0" yaku="15,1,11,1" doraHai="64" who="1" fromWho="1" sc="356,-10,317,20,161,-5,166,-5" /><INIT seed="5,0,0,4,3,40" ten="346,337,156,161" oya="1" hai0="10,6,97,72,67,43,52,41,56,14,125,92,109" hai1="73,34,27,8,120,23,53,133,71,11,90,62,112" hai2="84,95,26,38,36,57,30,13,58,48,50,108,87" hai3="7,115,15,91,124,113,78,131,32,86,83,88,123"/><U61/><E120/><V5/><F108/><W118/><G32/><T45/><D72/><U126/><E73/><V74/><F74/><W102/><G123/><T107/><D109/><U104/><E104/><V89/><F84/><W93/><G7/><T100/><D125/><U101/><E101/><V85/><F85/><N who="3" m="48375" /><G15/><T21/><D107/><U111/><E34/><V81/><F81/><N who="3" m="49231" /><G124/><T76/><D76/><U44/><E111/><V35/><F38/><W114/><G102/><T105/><D105/><U135/><E126/><V31/><F36/><W69/><G69/><T75/><D75/><U16/><E90/><V98/><F98/><N who="3" m="57663" /><G131/><T82/><D21/><U127/><E127/><V70/><F70/><W19/><G19/><T37/><D37/><U2/><E2/><V54/><F31/><W103/><G103/><T20/><D20/><U3/><E3/><V33/><F33/><W66/><G66/><T117/><D67/><U132/><E71/><V79/><F79/><W106/><G106/><T65/><D65/><U130/><E130/><V96/><F96/><W47/><G47/><T12/><D45/><U99/><E99/><V77/><F77/><W55/><G55/><T18/><D52/><U116/><E44/><V25/><F25/><W94/><G94/><T39/><D92/><U119/><E53/><V0/><F0/><W28/><G28/><T17/><D39/><U63/><E8/><N who="2" m="4239" /><F54/><W60/><G60/><T122/><D43/><U59/><E11/><V42/><F42/><W1/><G1/><T4/><D41/><U129/><E129/><V49/><AGARI ba="0,0" hai="26,30,35,48,49,50,57,58,87,89,95" m="4239" machi="49" ten="30,1100,0" yaku="5,1" doraHai="40" who="2" fromWho="2" sc="346,-3,337,-5,156,11,161,-3" /><INIT seed="6,0,0,4,2,26" ten="343,332,167,158" oya="2" hai0="133,0,84,39,88,69,121,35,38,12,58,49,61" hai1="44,16,102,87,83,127,132,80,124,123,116,29,3" hai2="90,51,21,110,126,134,23,135,17,10,109,72,98" hai3="34,107,122,86,97,28,60,37,5,101,31,63,85"/><V15/><F72/><W56/><G122/><T70/><D121/><U99/><E3/><V59/><F126/><N who="1" m="48169" /><E123/><V53/><F98/><W32/><G37/><T93/><D0/><U108/><E108/><N who="2" m="41579" /><F90/><W95/><G5/><T125/><D35/><U62/><E132/><AGARI ba="0,0" hai="10,15,17,21,23,51,53,59,132,134,135" m="41579" machi="132" ten="30,2900,0" yaku="20,1,10,1" doraHai="26" who="2" fromWho="1" sc="343,0,332,-29,167,29,158,0" /><INIT seed="6,1,0,4,0,132" ten="343,303,196,158" oya="2" hai0="109,94,125,59,100,72,89,122,101,90,93,80,112" hai1="66,17,128,97,108,113,127,67,5,75,56,26,57" hai2="6,63,46,31,135,111,37,30,131,91,41,24,103" hai3="60,34,15,52,18,119,13,25,14,84,9,32,16"/><V78/><F135/><W1/><G119/><T69/><D59/><U79/><E108/><V85/><F131/><W124/><G84/><N who="0" m="52391" /><D69/><U68/><E128/><V38/><F111/><W123/><G123/><T110/><D122/><U3/><E113/><V64/><F103/><N who="0" m="39498" /><D112/><U35/><E97/><V121/><F78/><W33/><G52/><T102/><D102/><U120/><E120/><V10/><F38/><W49/><G49/><T77/><D125/><U8/><E127/><V104/><F104/><W54/><G54/><T118/><D118/><U53/><E68/><V86/><F121/><W39/><G60/><T62/><D62/><U116/><E57/><V133/><F133/><W11/><G39/><T20/><D20/><U126/><E126/><V107/><F107/><W50/><G50/><T22/><D22/><U45/><E45/><V83/><F86/><AGARI ba="1,0" hai="72,77,80,86,90,94,109,110" m="39498,52391" machi="86" ten="30,2000,0" yaku="34,2" doraHai="132" who="0" fromWho="2" sc="343,23,303,0,196,-23,158,0" /><INIT seed="7,0,0,0,2,122" ten="366,303,173,158" oya="3" hai0="38,77,36,119,34,72,76,53,1,96,99,103,59" hai1="114,100,13,112,80,84,20,85,15,41,106,9,60" hai2="33,52,43,22,4,117,31,55,51,21,67,126,5" hai3="120,8,87,131,54,111,39,101,92,25,66,49,47"/><W79/><G120/><T58/><D53/><U129/><E129/><V110/><F33/><W40/><G131/><T28/><D28/><U2/><E2/><V29/><F126/><W68/><G25/><T57/><D34/><U86/><E106/><V121/><F121/><W50/><G101/><T134/><D134/><U113/><E100/><V109/><F67/><W18/><G18/><T74/><D103/><U107/><E107/><V61/><F51/><W26/><G26/><T108/><D59/><U46/><E60/><V0/><F61/><N who="3" m="40015" /><G8/><T71/><D71/><U70/><E70/><V44/><F0/><W75/><G75/><T10/><D10/><U16/><E80/><V98/><F98/><W125/><G125/><T105/><D1/><U30/><E30/><V3/><F3/><W45/><G92/><T133/><D105/><U127/><E127/><V95/><F95/><W56/><G87/><T17/><D17/><U69/><E69/><V82/><F82/><W42/><G79/><T14/><D14/><U97/><E97/><V11/><F11/><W128/><G128/><T93/><D93/><U6/><REACH who="1" step="1"/><E86/><REACH who="1" ten="366,293,173,158" step="2"/><V32/><F31/><W63/><G111/><T81/><D108/><U62/><E62/><AGARI ba="0,1" hai="39,40,42,45,47,49,50,54,56,62,63" m="40015" machi="62" ten="30,18000,2" yaku="24,1,35,5" doraHai="122" who="3" fromWho="1" sc="366,0,293,-180,173,0,158,190" /><INIT seed="7,1,0,0,0,92" ten="366,113,173,348" oya="3" hai0="98,87,21,16,43,38,119,93,3,33,22,15,14" hai1="133,66,45,34,118,26,75,84,32,7,110,103,79" hai2="23,112,20,132,36,59,65,102,31,18,77,89,53" hai3="104,127,107,37,123,78,61,74,117,114,57,115,55"/><W54/><G117/><T70/><D33/><U111/><E118/><V46/><F36/><W129/><G123/><T60/><D3/><U122/><E122/><V44/><F77/><W90/><G37/><T10/><D119/><U12/><E133/><V42/><F102/><W76/><G129/><T30/><D43/><U52/><E75/><V72/><F72/><W99/><G127/><T83/><D38/><U128/><E128/><V108/><F65/><W28/><G28/><T94/><D98/><U5/><E103/><V121/><F31/><W125/><G125/><T124/><D124/><U101/><E101/><V17/><F59/><N who="3" m="35063" /><G74/><T27/><D60/><U39/><E66/><V48/><F132/><W81/><G107/><T47/><D47/><U0/><E0/><V19/><F108/><W49/><G104/><T6/><D70/><U56/><E45/><V131/><F46/><W73/><G78/><AGARI ba="1,0" hai="6,10,14,15,16,21,22,27,30,78,83,87,93,94" machi="78" ten="30,3900,0" yaku="7,1,8,1,54,1" doraHai="92" who="0" fromWho="3" sc="366,42,113,0,173,0,348,-42" owari="408,50.8,113,-38.7,173,-22.7,306,10.6" /></mjloggm>