<mjloggm ver="2.3"><GO type="169" lobby="0"/><UN n0="%63%61%72%6C%6F%73%6E" n1="%61%6E%79%61%64%72%61" n2="%61%73%61%64%61%31%32" n3="%E8%99%9A%E6%B7%B5%E7%8E%84" dan="17,16,17,17" rate="2213.18,2154.85,2195.47,2215.55" sx="M,M,M,M"/><TAIKYOKU oya="0"/><INIT seed="0,0,0,5,5,116" ten="250,250,250,250" oya="0" hai0="11,118,80,27,93,110,24,47,113,22,92,83,82" hai1="103,81,37,87,96,46,69,131,101,73,43,41,54" hai2="64,109,60,134,2,15,106,13,34,102,132,68,20" hai3="48,126,124,25,127,55,86,53,119,14,100,56,85"/><T121/><D113/><U105/><E131/><V17/><F2/><W125/><G119/><T135/><D118/><U75/><E69/><V3/><F3/><W112/><G112/><T133/><D110/><U104/><E43/><V107/><F109/><W32/><G100/><T0/><D47/><U123/><E54/><V129/><F129/><W58/><G14/><T28/><D27/><U21/><E21/><V35/><F15/><W120/><N who="3" m="31744" /><DORA hai="72" /><W8/><G8/><T52/><D52/><U94/><E123/><V67/><F64/><W128/><G120/><T50/><D50/><U29/><E29/><V84/><F84/><W40/><G40/><T78/><D78/><U62/><E62/><V59/><F68/><W12/><G12/><T79/><D79/><U16/><E16/><V70/><F70/><W45/><G128/><T49/><D49/><U39/><E39/><V51/><F51/><N who="3" m="30783" /><G45/><T89/><D121/><U63/><E63/><V111/><F111/><W61/><G61/><T1/><D92/><U31/><E94/><V98/><REACH who="2" step="1"/><F106/><REACH who="2" ten="250,250,240,250" step="2"/><W38/><G38/><T44/><D0/><U7/><E105/><V4/><F4/><W97/><G97/><T91/><D1/><U36/><E7/><V10/><F10/><W122/><G122/><T117/><D11/><U90/><E36/><V6/><F6/><W18/><G32/><AGARI ba="0,1" hai="13,17,20,32,34,35,59,60,67,98,102,107,132,134" machi="32" ten="40,1300,0" yaku="1,1,53,0" doraHai="116,72" doraHaiUra="66,108" who="2" fromWho="3" sc="250,0,250,0,240,23,250,-13" /><INIT seed="1,0,0,2,1,69" ten="250,250,263,237" oya="1" hai0="126,57,36,32,79,65,71,113,106,98,122,40,88" hai1="48,17,75,13,37,60,105,56,94,1,22,135,7" hai2="11,5,30,12,111,97,91,67,72,55,121,81,92" hai3="23,59,130,89,99,95,74,21,39,119,104,103,16"/><U73/><E105/><V127/><F121/><W115/><G115/><T78/><D113/><U131/><E135/><V19/><F30/><W4/><G130/><T128/><D71/><U14/><E131/><V76/><F67/><W3/><G74/><T124/><D128/><U58/><E1/><V112/><F111/><W70/><G23/><T2/><D32/><U33/><E33/><V90/><F127/><N who="0" m="48682" /><D2/><U45/><E94/><V20/><F112/><W35/><G70/><T24/><D24/><U62/><E7/><V61/><F61/><W87/><G35/><T0/><D0/><U10/><E62/><V93/><F55/><W63/><G119/><T54/><D65/><U26/><E14/><V15/><F93/><W100/><G100/><AGARI ba="0,0" hai="5,11,12,15,19,20,72,76,81,90,91,92,97,100" machi="100" ten="30,1000,0" yaku="7,1" doraHai="69" who="2" fromWho="3" sc="250,0,250,0,263,10,237,-10" /><INIT seed="2,0,0,0,0,76" ten="250,250,273,227" oya="2" hai0="71,12,128,29,117,133,106,13,37,89,99,100,96" hai1="84,30,85,31,77,87,35,40,38,1,45,63,102" hai2="42,78,11,73,98,47,21,97,43,24,105,125,44" hai3="121,58,33,3,2,131,60,124,57,15,28,10,46"/><V93/><F105/><W20/><G121/><T70/><D37/><U54/><E1/><V69/><F69/><W110/><G110/><T5/><D128/><U34/><E102/><V114/><F114/><W48/><G124/><T66/><D133/><U9/><E9/><V18/><F125/><W16/><G131/><T113/><D113/><U123/><E123/><V116/><F116/><W23/><G33/><T65/><D117/><U109/><E109/><V129/><F129/><W22/><G28/><T26/><D66/><U4/><E4/><V122/><F122/><W74/><G74/><T134/><D134/><U56/><E31/><V17/><F73/><W95/><G95/><T83/><D5/><U81/><REACH who="1" step="1"/><E30/><REACH who="1" ten="250,240,273,227" step="2"/><V6/><F6/><W59/><REACH who="3" step="1"/><G60/><REACH who="3" ten="250,240,273,217" step="2"/><T62/><D29/><U103/><E103/><V112/><F112/><W107/><G107/><T132/><D106/><U79/><E79/><V0/><F78/><W126/><G126/><T91/><D100/><U25/><E25/><V36/><F0/><W8/><G8/><T68/><D26/><U55/><E55/><AGARI ba="0,2" hai="2,3,10,15,16,20,22,23,46,48,55,57,58,59" machi="55" ten="40,2600,0" yaku="1,1,54,1,53,0" doraHai="76" doraHaiUra="64" who="3" fromWho="1" sc="250,0,240,-26,273,0,217,46" /><INIT seed="3,0,0,3,4,69" ten="250,214,273,263" oya="3" hai0="81,88,119,21,44,85,60,99,23,72,26,33,59" hai1="25,17,40,86,61,11,68,96,18,10,94,70,76" hai2="130,52,57,92,36,65,101,83,90,51,115,3,77" hai3="134,110,49,43,128,64,35,58,9,84,31,78,120"/><W80/><G120/><T16/><D119/><U50/><E70/><V106/><F115/><W118/><G118/><T71/><D33/><U91/><E68/><V47/><F3/><W79/><G128/><T135/><D71/><U48/><E61/><V114/><F114/><W28/><G134/><T125/><D135/><U127/><E127/><V108/><F130/><W1/><G110/><T62/><D125/><U133/><E133/><V15/><F101/><W55/><G64/><T32/><D32/><U42/><E50/><V100/><F100/><W75/><G35/><T12/><D72/><U97/><E76/><V19/><F106/><W8/><G1/><T34/><D34/><U38/><E48/><V45/><F65/><W4/><G75/><T20/><D60/><U82/><E97/><V104/><F104/><W24/><G78/><T29/><D44/><U129/><E129/><V126/><F126/><W95/><G95/><T0/><D0/><U67/><E67/><V14/><F108/><W46/><G24/><T117/><D117/><U122/><E122/><V73/><F15/><N who="3" m="5543" /><G8/><N who="1" m="3114" /><E38/><V89/><F36/><W27/><G27/><T5/><D5/><U98/><E25/><V2/><F2/><W74/><G74/><T131/><D131/><U105/><E105/><V37/><F37/><W132/><G132/><T30/><D99/><N who="1" m="37931" /><E94/><V63/><F92/><W121/><G121/><T116/><D116/><U112/><E112/><V87/><F73/><W113/><G113/><T39/><D39/><U7/><E7/><V56/><F45/><W103/><G103/><T54/><BYE who="3" /><D26/><RYUUKYOKU ba="0,0" sc="250,10,214,10,273,-30,263,10" hai0="12,16,20,21,23,29,30,54,59,62,81,85,88" hai1="17,18,40,42,82,86,91" hai3="28,31,43,46,49,55,58,79,80,84" /><UN n3="%E8%99%9A%E6%B7%B5%E7%8E%84" /><INIT seed="3,1,0,5,0,134" ten="260,224,243,273" oya="3" hai0="131,60,112,117,66,50,65,86,32,57,38,75,126" hai1="43,11,9,94,59,124,100,97,3,6,103,118,93" hai2="76,31,96,101,122,135,62,119,109,127,25,52,41" hai3="125,107,33,72,2,81,58,19,15,98,54,14,116"/><W49/><G2/><T104/><D117/><U99/><E118/><V1/><F1/><W70/><G116/><T42/><D75/><U111/><E111/><V73/><F119/><W83/><G33/><T80/><D104/><U17/><E43/><V95/><F135/><W84/><G70/><T37/><D32/><U128/><E128/><V48/><F109/><W71/><G71/><T63/><D131/><U4/><E17/><V110/><F110/><W34/><G34/><T28/><D28/><U20/><E20/><V36/><F122/><W44/><G72/><T30/><D30/><U114/><E59/><V85/><F73/><W45/><G81/><T130/><D130/><U53/><E53/><V27/><F36/><W120/><G15/><T16/><D112/><U61/><E61/><V24/><F41/><W12/><G12/><T10/><D126/><U133/><E133/><V92/><F127/><W67/><G125/><T29/><D29/><U68/><E124/><V129/><F129/><W89/><G67/><T64/><D38/><U26/><E68/><V8/><F8/><W78/><G120/><T39/><D39/><U108/><E108/><V35/><F62/><W51/><G51/><T91/><D37/><U113/><E26/><V123/><F123/><W13/><G13/><AGARI ba="1,0" hai="3,4,6,9,11,13,93,94,97,99,100,103,113,114" machi="13" ten="30,2000,0" yaku="7,1,9,1" doraHai="134" who="1" fromWho="3" sc="260,0,224,23,243,0,273,-23" /><INIT seed="4,0,0,0,1,122" ten="260,247,243,250" oya="0" hai0="12,72,21,53,83,128,22,14,35,33,52,37,62" hai1="55,27,126,43,66,133,93,125,30,18,54,68,120" hai2="65,23,103,109,7,106,63,10,113,134,87,100,108" hai3="29,135,97,42,32,73,75,88,85,99,110,48,132"/><T3/><D3/><U86/><E120/><V107/><F23/><W96/><G29/><T117/><D117/><U124/><E133/><N who="3" m="51274" /><G32/><T17/><D37/><U98/><E43/><V91/><F134/><W50/><G42/><T56/><D128/><U81/><E18/><V76/><F63/><W28/><G28/><T115/><D115/><U95/><E66/><V118/><F65/><W31/><G31/><T59/><D72/><N who="3" m="27721" /><G110/><N who="2" m="42601" /><F10/><W4/><G4/><T0/><D83/><AGARI ba="0,0" hai="48,50,83,85,88,96,97,99" m="27721,51274" machi="83" ten="40,2600,0" yaku="20,1,54,1" doraHai="122" who="3" fromWho="0" sc="260,-26,247,0,243,0,250,26" /><INIT seed="5,0,0,3,2,75" ten="234,247,243,276" oya="1" hai0="64,74,123,118,48,58,105,95,76,119,82,52,23" hai1="69,6,114,4,8,57,56,126,120,94,26,128,28" hai2="44,46,129,0,63,104,13,60,2,43,9,116,83" hai3="25,84,33,81,72,11,36,125,133,45,54,100,108"/><U41/><E120/><V87/><F116/><W39/><G72/><T16/><D105/><U117/><E117/><V19/><F104/><W115/><G108/><T112/><D123/><U67/><E114/><V122/><F129/><W99/><G133/><T91/><D64/><U24/><E128/><V17/><F122/><W38/><G125/><T106/><D106/><U71/><E126/><V102/><F102/><W62/><G11/><T40/><D40/><U20/><E41/><V90/><F2/><W49/><G62/><T113/><D113/><U55/><E57/><V1/><F1/><W15/><G15/><T78/><D78/><U88/><E26/><V53/><F0/><W5/><G5/><T80/><D82/><U32/><E32/><V107/><F107/><W97/><G100/><T134/><D134/><U29/><E29/><V124/><F124/><W61/><G61/><T3/><D3/><U111/><E111/><V31/><F31/><W68/><G68/><T22/><D22/><U21/><E21/><V131/><F131/><W37/><G37/><T7/><D7/><N who="1" m="2603" /><E8/><V47/><F43/><W77/><REACH who="3" step="1"/><G115/><REACH who="3" ten="234,247,243,266" step="2"/><T14/><REACH who="0" step="1"/><D112/><REACH who="0" ten="224,247,243,266" step="2"/><U66/><E71/><V130/><F130/><W50/><G50/><T93/><D93/><U127/><E69/><V18/><F63/><W34/><G34/><T92/><D92/><U12/><E127/><V42/><F42/><W35/><G35/><T103/><D103/><U86/><E12/><V110/><F110/><W96/><G96/><AGARI ba="0,2" hai="14,16,23,48,52,58,74,76,80,91,95,96,118,119" machi="96" ten="30,8000,1" yaku="1,1,7,1,52,1,54,2,53,0" doraHai="75" doraHaiUra="27" who="0" fromWho="3" sc="224,100,247,0,243,0,266,-80" /><INIT seed="6,0,0,0,1,74" ten="324,247,243,186" oya="2" hai0="13,70,51,58,14,97,98,59,100,7,26,84,23" hai1="127,121,81,32,107,29,112,44,9,75,83,66,45" hai2="16,52,28,79,21,77,134,105,2,124,76,106,85" hai3="33,57,113,17,3,133,96,8,102,12,91,24,41"/><V116/><F2/><W47/><G133/><T126/><D70/><U131/><E112/><V55/><F116/><W108/><G108/><T11/><D126/><U35/><E127/><V86/><F124/><W78/><G113/><T101/><D14/><U68/><E131/><V82/><F134/><W132/><G132/><T60/><D84/><N who="2" m="32362" /><F106/><W95/><G3/><T64/><D51/><U0/><E107/><V109/><F105/><W39/><G57/><T114/><D59/><U4/><E121/><V19/><F109/><W111/><G111/><T129/><D129/><U38/><E83/><V53/><F82/><W71/><G71/><T49/><D49/><U115/><E115/><V88/><F88/><W90/><REACH who="3" step="1"/><G78/><REACH who="3" ten="324,247,243,176" step="2"/><T92/><D114/><U87/><E68/><V99/><F99/><W117/><G117/><T93/><D98/><U25/><E0/><V89/><F89/><W63/><G63/><T128/><D128/><U80/><E44/><V135/><F135/><W30/><AGARI ba="0,1" hai="8,12,17,24,30,33,39,41,47,90,91,95,96,102" machi="30" ten="30,2000,0" yaku="1,1,0,1,53,0" doraHai="74" doraHaiUra="123" who="3" fromWho="3" sc="324,-5,247,-5,243,-10,176,30" /><INIT seed="7,0,0,1,5,36" ten="319,242,233,206" oya="3" hai0="91,58,93,53,89,99,103,13,1,107,94,85,76" hai1="20,64,106,77,52,87,65,37,126,57,105,21,3" hai2="113,129,47,98,25,111,102,17,62,45,31,59,110" hai3="51,2,131,48,30,9,38,40,86,92,56,54,127"/><W32/><G38/><T73/><D1/><U14/><E3/><V23/><F113/><W119/><G119/><T72/><D76/><U100/><E37/><V112/><F112/><W18/><G131/><T134/><D134/><U61/><E126/><V29/><F129/><W7/><G127/><T67/><D67/><U70/><E106/><V118/><F118/><W24/><G18/><T16/><D107/><U109/><E109/><V79/><F79/><W97/><G86/><T121/><D103/><U10/><E100/><V34/><F111/><W80/><G80/><T4/><D4/><N who="1" m="3399" /><E70/><V117/><F117/><W90/><REACH who="3" step="1"/><G40/><REACH who="3" ten="319,242,233,196" step="2"/><T104/><D85/><U95/><E87/><V0/><F110/><W22/><G22/><T78/><D73/><U39/><E20/><V83/><F83/><W12/><G12/><T115/><D72/><U71/><E21/><V8/><F0/><W68/><G68/><T130/><D115/><U63/><E39/><V27/><F17/><W46/><G46/><T125/><D16/><U88/><E71/><V135/><F8/><W43/><G43/><T69/><D125/><U41/><E41/><V82/><F82/><W124/><G124/><T6/><D69/><U81/><E81/><V15/><F15/><W96/><G96/><N who="0" m="57391" /><D130/><U101/><E77/><V55/><F135/><W133/><G133/><T120/><D78/><U114/><E114/><V50/><F50/><AGARI ba="0,1" hai="2,7,9,24,30,32,48,50,51,54,56,90,92,97" machi="50" ten="30,5800,0" yaku="1,1,7,1,53,1" doraHai="36" doraHaiUra="49" who="3" fromWho="2" sc="319,0,242,0,233,-58,196,68" /><INIT seed="7,1,0,3,1,103" ten="319,242,175,264" oya="3" hai0="77,23,120,48,66,65,57,21,97,24,31,79,126" hai1="81,18,94,29,6,27,108,30,41,54,102,82,121" hai2="19,68,119,87,70,101,4,123,88,109,16,73,36" hai3="64,116,47,104,131,111,49,135,107,83,125,133,67"/><W96/><G116/><T71/><D120/><U122/><E108/><V117/><F73/><W95/><G125/><T12/><D71/><U8/><E122/><V91/><F109/><W13/><G111/><T43/><D126/><U114/><E121/><V32/><F123/><W100/><G131/><T1/><D1/><U50/><E41/><V60/><F101/><W28/><G28/><N who="1" m="10858" /><E6/><V63/><F4/><W113/><G83/><T128/><D97/><N who="1" m="59703" /><E114/><V115/><F87/><W84/><G13/><T11/><D128/><U53/><E54/><V69/><F36/><W58/><G84/><T3/><D23/><N who="1" m="13815" /><E8/><V130/><F130/><W38/><G38/><T93/><D3/><U0/><E0/><V52/><F52/><N who="3" m="29759" /><G113/><T105/><D43/><U51/><E50/><V14/><F115/><W76/><G76/><T72/><D79/><U59/><AGARI ba="1,0" hai="51,53,59,81,82" m="13815,59703,10858" machi="59" ten="30,1100,0" yaku="8,1" doraHai="103" who="1" fromWho="1" sc="319,-4,242,14,175,-4,264,-6" owari="315,41.5,256,-14.4,171,-32.9,258,5.8" /></mjloggm>