<mjloggm ver="2.3"><GO type="169" lobby="0"/><UN n0="%E3%81%9D%E3%82%93%E3%81%97%E6%A7%98" n1="%E3%83%95%E3%82%AF%E3%83%AD%E3%82%A6%E3%82%B5%E3%83%B3" n2="%6F%6B%62%6F%6B%62" n3="%E3%82%AD%E3%83%B3%E3%82%B0%E3%81%82%E3%81%A4%E3%81%97" dan="17,17,17,16" rate="2217.16,2177.98,2197.96,2158.64" sx="M,M,M,M"/><TAIKYOKU oya="0"/><INIT seed="0,0,0,5,2,30" ten="250,250,250,250" oya="0" hai0="51,49,68,94,61,118,119,12,1,28,81,90,36" hai1="34,82,73,131,8,47,104,18,103,9,38,71,10" hai2="98,5,62,52,13,26,75,2,127,132,70,45,85" hai3="53,108,128,133,100,21,72,17,87,114,43,46,102"/><T115/><D115/><U58/><E71/><V83/><F2/><W59/><G114/><T25/><D1/><U130/><E58/><V57/><F75/><W126/><G72/><T64/><D36/><U125/><E103/><V20/><F127/><W92/><G126/><T78/><D12/><U11/><E104/><V76/><F70/><W4/><G4/><T15/><D15/><U93/><E93/><V79/><F98/><W3/><G3/><T0/><D0/><U19/><E125/><V135/><F45/><W24/><G108/><T22/><D118/><U122/><E122/><V40/><F40/><W74/><G74/><T60/><D60/><U66/><E66/><V41/><F41/><W99/><G87/><T16/><D119/><U23/><E8/><V101/><F101/><W67/><G128/><N who="1" m="49194" /><E23/><V35/><F76/><W109/><G109/><T134/><D134/><U39/><E34/><V42/><F35/><W56/><G133/><T31/><D31/><U69/><E69/><V65/><F42/><W29/><G67/><T77/><D28/><U91/><E47/><V14/><F65/><W95/><G53/><T120/><D120/><U123/><E123/><V27/><F135/><W88/><G100/><T44/><D44/><U32/><E32/><V110/><F132/><W89/><G102/><T7/><D7/><U124/><E124/><V63/><F110/><W33/><G46/><T48/><REACH who="0" step="1"/><D81/><REACH who="0" ten="240,250,250,250" step="2"/><U37/><E18/><N who="2" m="10319" /><F63/><W55/><G43/><T97/><AGARI ba="0,1" hai="16,22,25,48,49,51,61,64,68,77,78,90,94,97" machi="97" ten="30,6000,0" yaku="1,1,0,1,54,1,53,0" doraHai="30" doraHaiUra="50" who="0" fromWho="0" sc="240,70,250,-20,250,-20,250,-20" /><INIT seed="0,1,0,4,1,54" ten="310,230,230,230" oya="0" hai0="127,13,134,18,70,132,58,50,34,110,30,92,81" hai1="6,32,72,129,76,16,94,74,53,69,33,123,67" hai2="63,116,117,118,24,60,82,115,73,55,29,31,41" hai3="10,61,126,83,35,46,36,25,26,71,3,124,84"/><T90/><D70/><U135/><E123/><V112/><F41/><N who="3" m="22823" /><G35/><T114/><D114/><U48/><E129/><V80/><F73/><W131/><G71/><T22/><D127/><N who="3" m="48681" /><G131/><T7/><D7/><U62/><E135/><N who="0" m="51753" /><D81/><N who="2" m="31338" /><F55/><W44/><G44/><T52/><D110/><U109/><E109/><V19/><F19/><W95/><G95/><T47/><D47/><U21/><E6/><V100/><F100/><W130/><G61/><N who="2" m="23625" /><F24/><W89/><G130/><T9/><D34/><U102/><E102/><V39/><F39/><W77/><G77/><T98/><D30/><AGARI ba="1,0" hai="29,30,31,112,115,116,117,118" m="23625,31338" machi="30" ten="40,5200,0" yaku="28,2,12,1" doraHai="54" who="2" fromWho="0" sc="310,-55,230,0,230,55,230,0" /><INIT seed="1,0,0,4,1,131" ten="255,230,285,230" oya="1" hai0="85,48,18,15,24,76,27,101,6,13,79,130,35" hai1="25,92,81,114,28,23,106,52,87,36,132,94,86" hai2="111,0,44,39,84,118,109,73,17,119,59,38,69" hai3="121,75,72,51,117,37,113,126,90,100,1,98,22"/><U42/><E114/><V3/><F73/><W71/><G37/><N who="2" m="13833" /><F44/><W30/><G71/><T9/><D130/><U63/><E106/><V5/><F5/><W32/><G1/><N who="2" m="585" /><F59/><W133/><G32/><T64/><D101/><U8/><E36/><V120/><F84/><W65/><G113/><T62/><D48/><U34/><E42/><V68/><F17/><W16/><G51/><T82/><D76/><U66/><E34/><V12/><F12/><W10/><G16/><T128/><D128/><U61/><E8/><V11/><F11/><W135/><G10/><T47/><D47/><U58/><E87/><V50/><F50/><W97/><G75/><T20/><REACH who="0" step="1"/><D35/><REACH who="0" ten="245,230,285,230" step="2"/><U40/><E63/><V2/><F120/><W46/><G46/><T78/><D78/><U110/><E61/><V103/><F103/><W88/><G100/><T57/><AGARI ba="0,1" hai="6,9,13,15,18,20,24,27,57,62,64,79,82,85" machi="57" ten="20,5200,0" yaku="1,1,0,1,7,1,8,1,53,0" doraHai="131" doraHaiUra="129" who="0" fromWho="0" sc="245,62,230,-26,285,-13,230,-13" /><INIT seed="2,0,0,2,5,25" ten="307,204,272,217" oya="2" hai0="36,10,104,73,18,3,110,121,122,97,108,86,6" hai1="106,89,22,34,49,43,14,127,15,45,19,116,69" hai2="113,16,72,47,114,135,9,65,17,20,80,55,129" hai3="13,48,21,24,57,7,31,4,68,38,76,64,130"/><V103/><F65/><W81/><G130/><T112/><D112/><U119/><E69/><V70/><F70/><W11/><G38/><T58/><D73/><U23/><E34/><V109/><F129/><W96/><G68/><T132/><D132/><U32/><E32/><V83/><F135/><W39/><G39/><T100/><D36/><U98/><E127/><V131/><F131/><W63/><G48/><T85/><D18/><U93/><E106/><V27/><F103/><W60/><G60/><T59/><D59/><U0/><E0/><V79/><F83/><W52/><G96/><T67/><D58/><U62/><E62/><V40/><F55/><W53/><REACH who="3" step="1"/><G7/><REACH who="3" ten="307,204,272,207" step="2"/><T30/><D97/><U133/><E133/><V56/><F109/><W107/><G107/><T1/><D104/><U29/><E119/><V54/><F114/><W8/><G8/><T78/><D10/><U61/><E116/><V28/><F9/><W117/><G117/><T33/><D6/><U46/><E61/><V94/><F113/><W12/><G12/><T77/><D110/><U124/><E124/><V26/><F26/><W51/><G51/><T35/><D108/><U84/><E98/><V102/><F102/><W115/><G115/><T87/><D100/><U42/><E14/><V123/><F27/><W44/><G44/><N who="1" m="17002" /><E49/><V2/><F47/><W120/><G120/><T111/><D111/><U134/><E134/><V5/><F2/><W91/><G91/><T125/><D125/><U88/><E89/><V71/><F123/><W37/><G37/><T50/><D122/><U66/><E66/><RYUUKYOKU ba="0,1" sc="307,-15,204,15,272,-15,207,15" hai1="15,19,22,23,29,42,43,84,88,93" hai3="4,11,13,21,24,31,52,53,57,63,64,76,81" /><INIT seed="3,1,1,3,2,88" ten="292,219,257,222" oya="3" hai0="134,8,6,96,81,28,45,115,73,2,33,3,117" hai1="10,63,127,100,48,99,89,98,27,108,75,95,79" hai2="54,133,120,25,5,91,29,14,97,72,56,128,18" hai3="0,42,21,68,11,41,104,76,114,102,92,30,124"/><W49/><G114/><T35/><D117/><U34/><E108/><V101/><F72/><W84/><G68/><T65/><D134/><U20/><E127/><V82/><F133/><W43/><G124/><T16/><D65/><U80/><E34/><V60/><F128/><W94/><G104/><T22/><D115/><U123/><E123/><V83/><F5/><W4/><G102/><T122/><D122/><U119/><E119/><V118/><F91/><W106/><G106/><T126/><D126/><U105/><E10/><V38/><F38/><W129/><G129/><T58/><D58/><U135/><E135/><V44/><F44/><W47/><G76/><T86/><D73/><U59/><E48/><V23/><F118/><W1/><G84/><T74/><D74/><U13/><E13/><V112/><F112/><W64/><G64/><T77/><D2/><U69/><E69/><V51/><F51/><W15/><G1/><T62/><D62/><U36/><E36/><V7/><F7/><W46/><G0/><T111/><D111/><U103/><E99/><V85/><F85/><W57/><G57/><T132/><D132/><U109/><E105/><V9/><REACH who="2" step="1"/><F120/><REACH who="2" ten="292,219,247,222" step="2"/><W93/><G47/><T26/><D45/><U32/><E109/><V90/><F90/><W87/><G87/><T70/><D96/><U52/><REACH who="1" step="1"/><E32/><REACH who="1" ten="292,209,247,222" step="2"/><V110/><F110/><W125/><G125/><T61/><D70/><U24/><E24/><AGARI ba="1,3" hai="4,11,15,21,24,30,41,42,43,46,49,92,93,94" machi="24" ten="40,12000,1" yaku="8,1,52,3" doraHai="88" who="3" fromWho="1" sc="292,0,209,-123,247,0,222,153" /><INIT seed="3,2,0,3,4,53" ten="292,86,247,375" oya="3" hai0="50,54,129,124,112,55,3,30,67,22,68,104,58" hai1="38,80,60,86,14,23,92,32,90,57,79,21,12" hai2="8,107,33,24,56,19,34,114,11,85,102,64,111" hai3="94,44,36,1,15,5,9,118,119,52,42,66,6"/><W110/><G66/><T87/><D104/><U48/><E38/><V35/><F111/><W81/><G110/><T88/><D3/><U131/><E131/><V109/><F109/><W4/><G94/><N who="0" m="54559" /><D129/><U39/><E39/><V37/><F37/><W46/><G81/><T105/><D105/><U47/><E32/><V61/><F114/><W43/><G52/><N who="0" m="32023" /><D124/><U26/><E48/><V97/><F85/><W103/><G103/><T95/><D68/><U17/><E23/><V74/><F74/><W135/><G135/><T71/><D71/><U16/><E17/><V134/><F134/><W120/><G120/><T122/><D67/><U82/><E47/><V75/><F75/><W108/><G108/><T117/><D117/><U98/><REACH who="1" step="1"/><E82/><REACH who="1" ten="292,76,247,375" step="2"/><V7/><F19/><N who="3" m="8687" /><G36/><T89/><D122/><U115/><E115/><V27/><REACH who="2" step="1"/><F8/><REACH who="2" ten="292,76,237,375" step="2"/><W83/><G119/><T125/><D112/><U126/><E126/><V123/><F123/><W51/><G118/><T100/><D125/><U113/><E113/><V20/><F20/><W101/><G6/><T31/><D22/><U59/><E59/><V18/><F18/><W127/><G5/><T0/><D30/><U63/><E63/><V78/><F78/><W62/><G127/><T69/><D31/><U2/><E2/><AGARI ba="2,2" hai="2,7,11,24,27,33,34,35,56,61,64,97,102,107" machi="2" ten="40,5200,0" yaku="1,1,52,1,53,1" doraHai="53" doraHaiUra="99" who="2" fromWho="1" sc="292,0,76,-58,237,78,375,0" /><INIT seed="4,0,0,1,3,121" ten="292,18,315,375" oya="0" hai0="58,14,26,55,50,39,51,52,124,97,46,128,23" hai1="60,45,67,81,88,127,98,12,106,2,135,110,125" hai2="70,42,116,112,75,69,64,68,30,4,49,95,103" hai3="118,63,119,24,17,7,99,84,87,38,57,1,41"/><T80/><D128/><U33/><E2/><V0/><F75/><W5/><G1/><T104/><D124/><N who="1" m="47691" /><E33/><V21/><F112/><W72/><G72/><T62/><D39/><U40/><E12/><V34/><F34/><W48/><G38/><T76/><D14/><U44/><E135/><V13/><F0/><W74/><G74/><T113/><D113/><U89/><E81/><V32/><F32/><W129/><G99/><T133/><D133/><U79/><E79/><V20/><F64/><W126/><G129/><T56/><D97/><U92/><E106/><V31/><F95/><W29/><G29/><T15/><D15/><U43/><E89/><V3/><F103/><W59/><G126/><T90/><D104/><U134/><E134/><V19/><F116/><W117/><G17/><N who="0" m="12655" /><D76/><U94/><E94/><V11/><F21/><W53/><G24/><T47/><D50/><U35/><E35/><V16/><REACH who="2" step="1"/><F19/><REACH who="2" ten="292,18,305,375" step="2"/><W123/><G118/><T107/><D107/><U71/><E110/><V61/><F61/><W130/><G63/><T6/><D6/><U10/><E10/><V132/><F132/><W8/><G5/><T83/><D83/><U54/><E67/><V22/><F22/><W73/><G7/><T77/><D77/><U131/><E131/><V78/><F78/><W86/><G130/><T122/><D122/><U115/><E115/><V27/><F27/><W85/><G73/><T111/><D111/><U65/><E65/><V82/><F82/><W96/><G123/><T36/><D36/><U114/><E114/><V120/><F120/><W102/><G117/><RYUUKYOKU ba="0,1" sc="292,15,18,-15,305,15,375,-15" hai0="46,47,51,52,55,56,58,62,80,90" hai2="3,4,11,13,16,20,30,31,42,49,68,69,70" /><INIT seed="4,1,1,1,3,95" ten="307,3,320,360" oya="0" hai0="115,21,9,1,46,53,129,3,130,85,73,134,24" hai1="28,54,4,70,47,107,89,94,17,64,38,10,62" hai2="44,126,117,45,78,39,55,71,72,43,0,106,67" hai3="121,16,93,68,42,110,66,50,125,83,123,108,2"/><T59/><D115/><U20/><E107/><V91/><F126/><W96/><G125/><T30/><D134/><U135/><E28/><V102/><F117/><W98/><G2/><T37/><D73/><U101/><E101/><V80/><F91/><N who="3" m="55359" /><G98/><T63/><D85/><U128/><E128/><N who="0" m="49257" /><D9/><U5/><E10/><V77/><F77/><W127/><G127/><T76/><D76/><U26/><E135/><V33/><F55/><W14/><G83/><T112/><D112/><U29/><E29/><V15/><F45/><N who="3" m="25911" /><G66/><T103/><D103/><U36/><E36/><V86/><F102/><W40/><G40/><AGARI ba="1,1" hai="1,3,21,24,30,37,40,46,53,59,63" m="49257" machi="40" ten="30,1500,0" yaku="19,1" doraHai="95" who="0" fromWho="3" sc="307,28,3,0,320,0,360,-18" /><INIT seed="4,2,0,3,5,22" ten="335,3,320,342" oya="0" hai0="98,17,77,101,123,37,27,95,21,31,13,14,81" hai1="103,29,76,69,91,43,40,84,1,62,119,126,88" hai2="94,23,85,51,72,135,56,108,41,111,79,78,0" hai3="55,19,89,68,2,131,90,12,93,109,8,44,96"/><T36/><D123/><U54/><E119/><V7/><F135/><W60/><G109/><T106/><D106/><U32/><E1/><V110/><F72/><W134/><G131/><T87/><REACH who="0" step="1"/><D13/><REACH who="0" ten="325,3,320,342" step="2"/><U61/><E126/><V130/><F130/><W120/><G120/><T73/><D73/><U4/><E69/><V99/><F0/><W71/><G2/><T35/><AGARI ba="2,1" hai="14,17,21,27,31,35,36,37,77,81,87,95,98,101" machi="35" ten="20,7800,0" yaku="1,1,0,1,7,1,52,1,53,0" doraHai="22" doraHaiUra="46" who="0" fromWho="0" sc="325,94,3,-28,320,-28,342,-28" owari="419,51.9,-25,-52.5,292,-10.8,314,11.4" /></mjloggm>