<mjloggm ver="2.3"><GO type="169" lobby="0"/><UN n0="%E3%81%82%E3%81%BE%E3%81%82%E3%82%93" n1="%E3%81%B5%E3%81%BF%4B%55%4E" n2="%E5%8F%97%E3%81%91%E5%85%A5%E3%82%8C%E9%87%8D%E8%A6%96" n3="%50%72%65%6D%6F%76%65" dan="16,16,16,17" rate="2071.89,2097.58,2151.68,2327.09" sx="M,F,M,M"/><TAIKYOKU oya="0"/><INIT seed="0,0,0,3,0,82" ten="250,250,250,250" oya="0" hai0="30,74,2,7,98,110,66,53,91,25,6,12,44" hai1="124,125,104,28,94,75,1,11,129,16,69,102,14" hai2="20,111,127,35,115,23,37,51,57,32,89,3,105" hai3="81,80,134,118,79,42,43,87,78,103,29,27,45"/><T24/><D74/><U70/><E75/><V132/><F115/><W55/><G134/><T67/><D2/><U9/><E104/><V33/><F37/><W22/><G118/><T63/><D110/><U112/><E28/><V96/><F132/><W65/><G65/><N who="0" m="24587" /><D30/><U73/><E73/><V52/><F111/><W31/><G103/><T34/><D34/><U47/><E47/><V39/><F3/><W122/><G122/><T8/><D6/><U15/><E1/><V59/><F39/><W86/><G31/><T131/><D131/><U77/><E77/><V107/><F127/><N who="1" m="48713" /><E129/><V68/><F68/><W17/><G29/><T10/><D10/><U84/><E102/><V40/><F40/><W130/><G130/><T19/><D7/><N who="1" m="3391" /><E112/><V92/><F59/><W60/><G45/><T76/><D76/><U126/><N who="1" m="48721" /><U93/><DORA hai="41" /><E93/><V54/><REACH who="2" step="1"/><F54/><REACH who="2" ten="250,250,240,250" step="2"/><W99/><REACH who="3" step="1"/><G99/><REACH who="3" ten="250,250,240,240" step="2"/><T113/><D113/><U36/><E36/><V46/><F46/><W108/><G108/><T4/><D44/><U133/><E133/><V116/><F116/><W38/><G38/><T85/><D98/><U90/><AGARI ba="0,2" hai="11,15,16,69,70,84,90,94" m="3391,48721" machi="90" ten="40,5200,0" yaku="18,1,52,1,54,1" doraHai="82,41" who="1" fromWho="1" sc="250,-26,250,72,240,-13,240,-13" /><INIT seed="1,0,0,0,1,83" ten="224,322,227,227" oya="1" hai0="81,121,112,11,63,56,66,99,127,78,67,57,124" hai1="88,7,37,85,49,86,71,19,42,76,132,44,117" hai2="73,33,59,118,31,106,70,91,51,28,40,9,62" hai3="53,47,38,97,55,135,15,87,123,65,107,115,30"/><U126/><E117/><V113/><F118/><W122/><G115/><T48/><D112/><U58/><E126/><V131/><F113/><W103/><G135/><T72/><D121/><U111/><E132/><V79/><F106/><W6/><G65/><T110/><D110/><U13/><E71/><V16/><F70/><W133/><G133/><T39/><D39/><U75/><E75/><V34/><F131/><W101/><G101/><T60/><D48/><U129/><E129/><V100/><F100/><W20/><G38/><T4/><REACH who="0" step="1"/><D99/><REACH who="0" ten="214,322,227,227" step="2"/><U77/><E37/><V74/><F51/><W45/><G122/><T119/><D119/><U134/><E111/><V12/><F40/><W10/><G123/><T96/><D96/><U109/><E109/><V43/><F43/><W14/><G97/><T35/><D35/><U2/><E134/><V5/><F34/><W32/><G32/><T36/><D36/><U17/><E42/><V89/><F33/><W82/><G107/><T104/><D104/><U92/><E44/><V23/><F73/><W25/><G47/><T93/><D93/><N who="1" m="54415" /><E2/><AGARI ba="0,1" hai="2,4,11,56,57,60,63,66,67,72,78,81,124,127" machi="2" ten="40,2600,0" yaku="1,1,9,1,53,0" doraHai="83" doraHaiUra="125" who="0" fromWho="1" sc="214,36,322,-26,227,0,227,0" /><INIT seed="2,0,0,3,1,131" ten="250,296,227,227" oya="2" hai0="44,134,48,46,69,45,51,17,31,50,98,108,74" hai1="79,63,10,6,8,125,0,29,102,67,57,3,20" hai2="104,133,117,18,39,100,25,71,96,106,4,110,37" hai3="32,95,49,124,26,55,23,5,52,47,40,22,89"/><V14/><F117/><W118/><G118/><T115/><D74/><U53/><E125/><V42/><F71/><W34/><G124/><T13/><D115/><U107/><E79/><V76/><F106/><W135/><G5/><T82/><D69/><U132/><E132/><V87/><F110/><W121/><G121/><T105/><D108/><U101/><E107/><V128/><F128/><W109/><G109/><T112/><D112/><U83/><E83/><V93/><F133/><W12/><G135/><T24/><D134/><U97/><E97/><V62/><F4/><W72/><G72/><T129/><D129/><U75/><E75/><V1/><F1/><W59/><G12/><T33/><D82/><U85/><E85/><V11/><F42/><W120/><G55/><T99/><REACH who="0" step="1"/><D105/><REACH who="0" ten="240,296,227,227" step="2"/><U77/><E0/><V15/><F104/><W60/><G120/><T36/><D36/><U43/><E3/><V66/><F39/><W130/><G130/><T41/><D41/><U64/><E43/><V58/><F37/><W2/><G2/><T86/><D86/><U103/><E77/><V126/><F126/><W61/><G61/><T70/><D70/><U28/><E64/><V113/><F113/><W7/><G60/><T119/><D119/><U54/><E67/><V90/><F76/><W122/><G122/><T78/><D78/><U88/><E63/><V94/><F11/><AGARI ba="0,1" hai="11,13,17,24,31,33,44,45,46,48,50,51,98,99" machi="11" ten="40,1300,0" yaku="1,1,53,0" doraHai="131" doraHaiUra="56" who="0" fromWho="2" sc="240,23,296,0,227,-13,227,0" /><INIT seed="3,0,0,2,0,78" ten="263,296,214,227" oya="3" hai0="52,110,1,86,38,12,84,48,59,25,83,134,100" hai1="119,98,123,2,46,60,126,19,29,53,63,14,99" hai2="35,65,61,67,108,3,5,54,97,94,33,102,72" hai3="112,105,32,62,114,68,23,20,122,45,133,73,128"/><W77/><G122/><T21/><D1/><U57/><E123/><V74/><F108/><W18/><G32/><T69/><D110/><U47/><E2/><V13/><F3/><W30/><G105/><T109/><D109/><U34/><E126/><V10/><F54/><W95/><G128/><T56/><D69/><U92/><E99/><V132/><F132/><W89/><G133/><T71/><D71/><U36/><E119/><V50/><F50/><W80/><G45/><T0/><D0/><U41/><E47/><V27/><F65/><W82/><G30/><T31/><D38/><U9/><E29/><V51/><F51/><W90/><G23/><T26/><D134/><U130/><E34/><V28/><REACH who="2" step="1"/><F33/><REACH who="2" ten="263,296,204,227" step="2"/><W104/><G112/><T58/><D48/><U24/><E53/><V49/><F49/><W70/><G114/><T113/><D113/><U120/><E120/><V11/><F11/><W39/><G39/><T91/><D52/><U43/><E9/><V15/><F15/><W37/><G37/><T118/><D12/><U64/><E14/><V88/><F88/><W42/><G62/><T125/><D91/><U135/><E60/><V121/><F121/><W131/><G89/><T129/><D125/><U81/><E135/><V4/><F4/><W96/><G90/><T103/><D129/><U40/><E63/><V66/><F66/><W6/><G131/><T79/><D118/><U75/><E130/><V85/><F85/><N who="0" m="32874" /><D26/><U116/><E36/><V93/><F93/><W127/><G127/><T16/><D31/><U55/><E24/><V7/><F7/><RYUUKYOKU ba="0,1" sc="263,15,296,-15,204,15,227,-15" hai0="16,21,25,56,58,59,79,83,100,103" hai2="5,10,13,27,28,35,61,67,72,74,94,97,102" /><INIT seed="4,1,1,3,4,134" ten="278,281,219,212" oya="0" hai0="76,25,48,71,3,46,123,127,99,59,22,86,4" hai1="92,29,51,60,2,10,53,54,57,89,132,11,30" hai2="34,98,80,105,102,113,13,56,126,90,117,84,82" hai3="91,74,68,72,104,118,120,41,62,69,37,33,83"/><T88/><D123/><U124/><E132/><V109/><F109/><W119/><G120/><T39/><D71/><N who="3" m="27209" /><G91/><T131/><D131/><U108/><E108/><V16/><F34/><W8/><G62/><T100/><D76/><U43/><E43/><V106/><F105/><W107/><G8/><N who="1" m="3114" /><E2/><V110/><F110/><W95/><G95/><T45/><D3/><U26/><E26/><V103/><F103/><W23/><G23/><T47/><D4/><U121/><E124/><V81/><F113/><W20/><G20/><T7/><D7/><U128/><E128/><V129/><F129/><W17/><G17/><T130/><D127/><U1/><E1/><V135/><F135/><W96/><G33/><T70/><D70/><U77/><E77/><V32/><F32/><W116/><G83/><T94/><D130/><U18/><E18/><V122/><F122/><W42/><G42/><T15/><D15/><U75/><E75/><N who="3" m="28714" /><G96/><T0/><D0/><U24/><E24/><V112/><F112/><W115/><G115/><T79/><D79/><U9/><N who="1" m="3122" /><U133/><DORA hai="44" /><E133/><V125/><F125/><W85/><G85/><T64/><D25/><U114/><E114/><V101/><F126/><W38/><G41/><N who="0" m="22719" /><D22/><U12/><E12/><V28/><F13/><W5/><G5/><T36/><D86/><N who="1" m="52279" /><E121/><V55/><F84/><W111/><G111/><T58/><D99/><U65/><E54/><V19/><F55/><W66/><G66/><T6/><D64/><U27/><E27/><V31/><F98/><W67/><G67/><T73/><D73/><U14/><E14/><RYUUKYOKU ba="1,1" sc="278,-15,281,15,219,-15,212,15" hai1="29,30,51,53,57,60,65" hai3="37,38,104,107,116,118,119" /><INIT seed="5,2,1,2,3,125" ten="263,296,204,227" oya="1" hai0="102,71,0,20,55,95,126,37,8,68,132,42,40" hai1="19,6,67,87,50,39,66,5,51,11,106,117,25" hai2="38,44,29,91,80,4,103,105,96,116,131,100,21" hai3="31,99,53,119,3,36,72,101,128,18,58,118,10"/><U45/><E117/><N who="3" m="44554" /><G72/><T23/><D126/><U28/><E106/><V135/><F116/><W74/><G74/><T77/><D132/><U70/><E39/><V115/><F135/><W89/><G36/><T92/><D37/><U12/><E51/><V75/><F103/><W1/><G31/><T122/><D102/><U48/><E48/><V57/><F115/><W88/><G18/><T124/><D124/><U33/><E87/><V24/><F131/><W123/><G123/><T30/><D30/><U120/><E120/><V27/><F4/><N who="3" m="1295" /><G3/><T94/><D0/><U14/><E70/><V43/><F27/><W56/><G128/><T59/><D8/><U26/><E26/><V22/><F22/><N who="0" m="8234" /><D122/><U60/><E60/><V129/><F129/><W84/><G84/><T46/><D71/><U111/><E111/><V82/><F75/><W133/><G133/><T64/><D68/><U73/><E73/><V85/><REACH who="2" step="1"/><F57/><REACH who="2" ten="263,296,194,227" step="2"/><N who="3" m="22123" /><G53/><T97/><D55/><U107/><E6/><V35/><F35/><W79/><G79/><T108/><D77/><U49/><E33/><V90/><F90/><W86/><G86/><T34/><D34/><U114/><E5/><V109/><F109/><W32/><G32/><T63/><D108/><U2/><E2/><V65/><F65/><W15/><G15/><T62/><D62/><U121/><E66/><V9/><F9/><W41/><G41/><N who="0" m="15979" /><D97/><U52/><E67/><V61/><F61/><W104/><AGARI ba="2,2" hai="88,89,99,101,104" m="22123,1295,44554" machi="104" ten="30,2000,0" yaku="12,1,54,1" doraHai="125" who="3" fromWho="3" sc="263,-7,296,-12,194,-7,227,46" /><INIT seed="6,0,0,2,2,44" ten="256,284,187,273" oya="2" hai0="84,43,29,27,52,41,111,48,132,28,129,76,39" hai1="116,45,12,61,107,46,0,49,75,56,95,120,59" hai2="37,128,105,47,96,42,101,10,134,4,133,82,53" hai3="18,17,55,23,1,123,16,124,65,69,68,57,125"/><V113/><F113/><W60/><G123/><T79/><D111/><U6/><E107/><V85/><F53/><W50/><G1/><T35/><D129/><U122/><E116/><V90/><REACH who="2" step="1"/><F128/><REACH who="2" ten="256,284,177,273" step="2"/><W51/><G68/><T104/><D43/><U130/><E130/><V7/><F7/><W88/><G124/><T15/><D41/><U115/><E115/><V34/><F34/><W99/><G125/><T58/><D35/><U26/><E6/><V86/><F86/><W14/><REACH who="3" step="1"/><G51/><REACH who="3" ten="256,284,177,263" step="2"/><T8/><D48/><U97/><E49/><V118/><F118/><W13/><G13/><AGARI ba="0,2" hai="4,10,13,37,42,47,82,85,90,96,101,105,133,134" machi="13" ten="40,7700,0" yaku="1,1,53,2" doraHai="44" doraHaiUra="131" who="2" fromWho="3" sc="256,0,284,0,177,97,263,-77" /><INIT seed="6,1,0,3,5,104" ten="256,284,274,186" oya="2" hai0="133,76,87,47,77,86,7,18,110,46,74,122,125" hai1="43,49,45,11,116,66,121,23,34,75,70,68,93" hai2="108,135,53,33,6,36,118,134,71,50,106,131,64" hai3="63,14,80,127,88,99,3,55,21,62,96,44,61"/><V52/><F118/><W17/><G127/><T32/><D110/><U56/><E34/><V37/><F33/><W54/><G3/><T82/><D122/><U92/><E116/><V40/><F106/><W81/><G44/><T72/><D125/><U9/><E121/><V10/><F40/><W39/><G39/><T4/><D32/><U24/><E75/><V78/><F108/><W94/><REACH who="3" step="1"/><G99/><REACH who="3" ten="256,284,274,176" step="2"/><T16/><REACH who="0" step="1"/><D82/><AGARI ba="1,1" hai="14,17,21,54,55,61,62,63,80,81,82,88,94,96" machi="82" ten="40,8000,1" yaku="1,1,2,1,8,1,54,1,53,1" doraHai="104" doraHaiUra="12" who="3" fromWho="0" sc="256,-83,284,0,274,0,176,93" /><INIT seed="7,0,0,0,0,55" ten="173,284,274,269" oya="3" hai0="27,17,109,80,81,116,110,111,88,2,62,123,70" hai1="108,118,89,54,53,32,102,33,15,39,12,130,46" hai2="63,58,106,3,114,85,117,37,40,74,41,127,42" hai3="78,13,82,38,50,26,72,95,113,100,35,9,107"/><W87/><G38/><T57/><D116/><U20/><E108/><V64/><F74/><W96/><G113/><T134/><D123/><U7/><E130/><V75/><F75/><W45/><G35/><T18/><D2/><U99/><E89/><V56/><F117/><W49/><G26/><T44/><D70/><U48/><E39/><V30/><F106/><W21/><G21/><T76/><D134/><U133/><E133/><V121/><F37/><W93/><G72/><T97/><D44/><U24/><E53/><V6/><F114/><W129/><G129/><T66/><D27/><U112/><E112/><V28/><F121/><W25/><G25/><T10/><D10/><U120/><E120/><V65/><F127/><W60/><G60/><T4/><D4/><U103/><E103/><V101/><F101/><W14/><G49/><T84/><REACH who="0" step="1"/><D97/><REACH who="0" ten="163,284,274,269" step="2"/><U131/><E118/><V31/><F3/><W98/><G98/><T11/><D11/><U23/><E7/><V115/><F115/><W124/><G124/><T79/><D79/><U8/><E131/><V22/><F6/><W71/><G71/><T47/><D47/><U5/><E15/><V0/><F0/><W19/><G14/><T125/><D125/><U104/><E23/><V73/><F22/><W51/><G45/><T122/><D122/><U128/><E128/><V86/><F73/><AGARI ba="0,1" hai="17,18,57,62,66,73,76,80,81,84,88,109,110,111" machi="73" ten="40,5200,0" yaku="1,1,52,1,54,1,53,0" doraHai="55" doraHaiUra="43" who="0" fromWho="2" sc="163,62,284,0,274,-52,269,0" /><INIT seed="8,0,0,2,5,1" ten="225,284,222,269" oya="0" hai0="24,20,47,51,133,68,19,69,104,131,67,94,5" hai1="35,44,96,2,118,52,86,27,43,106,73,84,93" hai2="36,85,66,100,59,39,9,135,40,123,46,101,105" hai3="82,16,23,56,83,103,57,99,41,107,132,55,8"/><T70/><D104/><U130/><E73/><V125/><F123/><W89/><G132/><T112/><D112/><U60/><E2/><V50/><F135/><W32/><G32/><T77/><D133/><U97/><E118/><V30/><F125/><W87/><G41/><T116/><D116/><U129/><E106/><V91/><F30/><W48/><G8/><T113/><D113/><U0/><E0/><V111/><F111/><W45/><REACH who="3" step="1"/><G82/><REACH who="3" ten="225,284,222,259" step="2"/><T7/><D131/><U71/><E43/><V49/><F9/><W115/><G115/><T102/><D67/><U61/><E35/><V21/><F66/><W78/><G78/><T3/><D77/><U119/><E119/><V108/><F108/><W124/><G124/><T22/><D22/><U12/><E129/><V11/><F11/><W75/><G75/><T17/><D3/><U64/><E130/><V128/><F128/><W88/><G88/><T92/><D19/><U28/><E64/><V29/><F91/><W53/><G53/><T54/><REACH who="0" step="1"/><D102/><REACH who="0" ten="215,284,222,259" step="2"/><U42/><E28/><V63/><F100/><W10/><G10/><T81/><D81/><U26/><E71/><V62/><F101/><W76/><G76/><T6/><AGARI ba="0,2" hai="5,6,7,17,20,24,47,51,54,68,69,70,92,94" machi="6" ten="40,18000,2" yaku="1,1,0,1,52,3,53,1" doraHai="1" doraHaiUra="13" who="0" fromWho="0" sc="215,200,284,-60,222,-60,259,-60" owari="415,51.5,224,2.4,162,-33.8,199,-20.1" /></mjloggm>