<mjloggm ver="2.3"><GO type="169" lobby="0"/><UN n0="%62%69%70%73%64" n1="%E6%B2%B3%E7%AB%A5%E3%81%AE%E3%83%AF%E3%82%AB%E3%83%9E%E3%83%84" n2="%E6%B3%A2%E4%B9%83%E7%90%86" n3="%E5%BA%84%E5%8F%B8%E5%81%A5%E5%A4%AA%E6%9C%97" dan="18,17,16,16" rate="2263.20,2203.92,2122.08,2078.47" sx="M,M,M,M"/><TAIKYOKU oya="0"/><INIT seed="0,0,0,1,1,22" ten="250,250,250,250" oya="0" hai0="105,77,108,128,67,118,69,13,91,7,16,92,134" hai1="54,127,70,133,53,85,12,113,36,37,132,90,44" hai2="55,119,40,86,29,43,14,62,38,117,72,89,115" hai3="78,123,47,68,122,33,28,63,125,17,120,84,51"/><T19/><D118/><N who="2" m="45066" /><F72/><W121/><G125/><T80/><D105/><U25/><E70/><V82/><F38/><W112/><G112/><T5/><D128/><U109/><E127/><V21/><F115/><W94/><G123/><T58/><D69/><U39/><E113/><V1/><F1/><W0/><G0/><T35/><D35/><U75/><E75/><V32/><F32/><W49/><G17/><T20/><D134/><N who="1" m="51819" /><E109/><V103/><F103/><W34/><G51/><T110/><D19/><U46/><E12/><V102/><F102/><W76/><G94/><T48/><D80/><N who="1" m="49447" /><E25/><N who="2" m="16559" /><F14/><W66/><G34/><T131/><D77/><U95/><E95/><V4/><F4/><W23/><G33/><T50/><D131/><U9/><E9/><V31/><F31/><W79/><G84/><T106/><D106/><U8/><E8/><V96/><F96/><W59/><G68/><T27/><D5/><U65/><E65/><V83/><F83/><W30/><REACH who="3" step="1"/><G23/><REACH who="3" ten="250,250,250,240" step="2"/><T104/><D104/><U135/><E135/><V45/><F62/><W107/><G107/><T88/><D110/><U111/><E111/><V26/><F86/><W100/><G100/><T64/><D108/><U101/><E101/><V10/><F10/><W97/><G97/><T6/><D92/><U87/><E87/><V3/><F3/><W57/><G57/><T18/><D58/><U15/><E36/><V74/><F74/><W130/><G130/><T11/><D6/><U60/><E60/><V124/><F124/><W24/><G24/><T73/><D7/><U56/><E56/><V93/><F26/><RYUUKYOKU ba="0,1" sc="250,-10,250,-10,250,-10,240,30" hai3="28,30,47,49,59,63,66,76,78,79,120,121,122" /><INIT seed="1,1,1,0,5,97" ten="240,240,240,270" oya="1" hai0="76,104,75,26,132,36,27,41,125,14,129,3,57" hai1="9,91,39,120,34,70,52,48,78,45,92,79,28" hai2="109,98,117,63,119,88,69,58,51,116,95,127,67" hai3="12,108,84,103,25,99,93,105,71,53,130,124,18"/><U115/><E115/><V30/><F109/><W16/><G108/><T8/><D104/><U102/><E120/><V62/><F30/><W20/><G130/><T107/><D107/><U33/><E70/><V126/><REACH who="2" step="1"/><F51/><REACH who="2" ten="240,240,230,270" step="2"/><W55/><G124/><T60/><D125/><U72/><E28/><V90/><F90/><W83/><G71/><T32/><D129/><U6/><E39/><V7/><F7/><W59/><G105/><T96/><D36/><U31/><E31/><V68/><F68/><W114/><G114/><T44/><D32/><U80/><E79/><V61/><F61/><W85/><G83/><T113/><D60/><U23/><E23/><V123/><F123/><W11/><G55/><AGARI ba="1,2" hai="55,58,62,63,67,69,88,95,98,116,117,119,126,127" machi="55" ten="40,5200,0" yaku="1,1,54,1,53,1" doraHai="97" doraHaiUra="66" who="2" fromWho="3" sc="240,0,240,0,230,75,270,-55" /><INIT seed="2,0,0,4,0,18" ten="240,240,305,215" oya="2" hai0="7,94,93,31,40,77,11,10,89,24,126,91,55" hai1="128,69,43,17,49,28,70,0,30,47,4,88,23" hai2="120,81,96,123,54,34,63,53,29,19,68,105,114" hai3="133,16,32,109,22,127,6,97,73,75,98,74,103"/><V100/><F114/><W51/><G32/><T3/><D126/><U129/><E4/><V104/><F104/><W95/><G127/><T108/><D108/><U66/><E0/><V121/><F81/><W37/><G37/><T41/><D77/><U134/><E134/><V78/><F78/><W76/><G109/><T131/><D131/><N who="1" m="50251" /><E66/><V60/><F60/><W21/><G133/><T48/><D10/><U112/><E112/><V113/><F19/><W72/><G6/><T59/><D91/><U92/><E30/><V102/><F102/><W99/><G51/><T124/><D94/><U87/><E28/><V115/><F54/><W12/><REACH who="3" step="1"/><G22/><REACH who="3" ten="240,240,305,205" step="2"/><T2/><D124/><U58/><E58/><V117/><F117/><W90/><G90/><T135/><D135/><U33/><E33/><V101/><F101/><W122/><G122/><T25/><D2/><U52/><E43/><V116/><F116/><W85/><G85/><T118/><D118/><U82/><E82/><AGARI ba="0,1" hai="12,16,21,72,73,74,75,76,82,95,97,98,99,103" machi="82" ten="40,5200,0" yaku="1,1,52,1,54,1,53,0" doraHai="18" doraHaiUra="46" who="3" fromWho="1" sc="240,0,240,-52,305,0,205,62" /><INIT seed="3,0,0,3,1,10" ten="240,188,305,267" oya="3" hai0="114,61,59,110,103,135,27,78,134,123,77,39,85" hai1="24,91,96,87,37,18,102,98,5,72,128,122,49" hai2="76,132,83,1,84,23,26,20,54,119,121,56,81" hai3="36,55,9,105,130,38,109,111,124,86,30,51,6"/><W45/><G105/><T66/><D123/><U25/><E37/><V7/><F119/><W107/><G107/><T68/><D39/><U13/><E122/><V32/><F121/><W19/><G124/><T125/><D125/><U69/><E69/><V82/><F32/><W95/><G130/><T15/><D110/><N who="3" m="41993" /><G19/><T28/><D103/><U31/><E72/><V89/><F132/><W92/><G92/><T104/><D104/><U116/><E128/><V65/><F65/><W47/><G30/><T62/><D114/><U93/><E116/><V41/><F41/><W97/><G86/><T44/><D85/><U22/><E102/><V63/><F23/><W106/><G47/><T113/><D44/><U73/><E73/><V57/><F57/><W80/><G80/><T8/><D113/><U53/><E5/><V0/><F7/><W67/><G67/><T118/><D118/><U126/><E126/><V60/><F82/><W52/><G55/><N who="0" m="34047" /><D135/><U50/><E25/><V3/><F81/><W12/><G106/><T74/><D74/><U90/><E53/><V14/><F76/><W129/><G129/><T94/><D94/><N who="1" m="56407" /><E87/><V43/><F43/><W11/><G9/><AGARI ba="0,0" hai="9,13,18,22,24,31,49,50,91,93,98" m="56407" machi="9" ten="30,2000,0" yaku="8,1,52,1" doraHai="10" who="1" fromWho="3" sc="240,0,188,20,305,0,267,-20" /><INIT seed="4,0,0,4,5,59" ten="240,208,305,247" oya="0" hai0="97,6,30,28,112,19,129,124,48,69,95,64,123" hai1="101,31,29,40,56,45,26,4,113,107,78,77,1" hai2="5,96,38,68,13,43,32,75,3,86,17,34,90" hai3="20,79,103,0,14,128,121,87,57,33,11,52,39"/><T119/><D119/><U84/><E113/><V53/><F68/><W132/><G39/><T114/><D123/><U125/><E125/><V18/><F75/><W23/><G33/><T60/><D124/><U92/><E107/><V89/><F43/><W35/><G35/><T58/><D129/><U83/><E78/><V41/><F41/><W73/><G73/><T36/><D36/><U25/><E1/><V81/><F81/><N who="3" m="47551" /><G0/><T131/><D6/><U117/><E117/><V24/><F38/><W27/><G132/><T134/><D134/><U71/><E71/><V76/><F76/><W42/><G42/><T85/><D85/><U21/><E4/><V116/><F116/><W88/><G103/><T8/><D131/><U94/><E101/><V66/><F3/><W100/><G100/><T54/><D19/><U91/><E77/><V74/><F74/><W37/><G37/><T108/><D8/><U82/><E82/><V22/><F34/><W102/><G102/><N who="0" m="60735" /><D108/><U55/><E26/><V72/><F72/><W110/><G121/><T127/><D127/><U115/><E29/><V105/><F105/><W12/><G110/><T15/><D15/><N who="3" m="5673" /><G11/><T126/><D126/><U46/><E115/><AGARI ba="0,0" hai="28,30,48,54,58,60,64,69,112,114,115" m="60735" machi="115" ten="30,2900,0" yaku="15,1,52,1" doraHai="59" who="0" fromWho="1" sc="240,29,208,-29,305,0,247,0" /><INIT seed="4,1,0,5,1,22" ten="269,179,305,247" oya="0" hai0="123,11,122,114,127,95,62,86,115,2,17,105,57" hai1="117,13,66,42,132,108,38,20,14,47,18,25,46" hai2="121,53,84,98,85,33,55,36,90,58,64,40,120" hai3="5,79,133,68,49,81,119,75,102,56,7,19,44"/><T28/><D105/><U31/><E132/><V65/><F33/><W83/><G68/><T96/><D28/><U70/><E117/><V32/><F32/><W107/><G119/><T21/><D86/><U59/><E108/><V76/><F98/><W128/><G128/><T39/><D39/><U110/><E110/><V77/><F36/><W131/><G56/><T80/><D80/><U93/><E70/><V125/><F58/><W113/><G113/><N who="0" m="43019" /><D127/><U116/><E116/><V74/><F125/><W72/><G102/><N who="0" m="60703" /><D11/><U111/><E111/><V24/><F40/><W89/><G107/><T73/><D73/><U101/><E47/><V48/><F48/><W54/><G131/><T78/><D78/><U87/><E87/><V15/><F74/><W126/><G133/><T103/><D2/><U16/><E93/><V34/><F34/><W67/><G126/><T91/><D91/><U41/><E42/><V12/><F90/><W45/><G89/><T82/><D82/><U9/><E101/><V69/><F69/><W71/><G83/><T97/><D97/><U30/><REACH who="1" step="1"/><E14/><REACH who="1" ten="269,169,305,247" step="2"/><V124/><REACH who="2" step="1"/><F124/><REACH who="2" ten="269,169,295,247" step="2"/><W94/><G72/><T35/><D103/><U112/><E112/><V10/><F10/><W61/><G94/><T1/><D1/><U3/><E3/><V134/><F134/><W43/><G75/><T6/><D57/><U4/><E4/><V99/><F99/><W60/><G7/><T52/><D6/><U37/><E37/><V118/><F118/><W130/><G5/><T92/><D92/><U104/><E104/><V135/><F135/><W106/><G106/><RYUUKYOKU ba="1,2" sc="269,-15,169,15,295,15,247,-15" hai1="9,13,16,18,20,25,30,31,38,41,46,59,66" hai2="12,15,24,53,55,64,65,76,77,84,85,120,121" /><INIT seed="5,2,2,0,0,106" ten="254,184,310,232" oya="1" hai0="53,22,25,91,135,51,89,80,60,20,4,11,56" hai1="110,128,47,16,65,83,75,82,97,7,50,86,122" hai2="121,123,45,134,43,115,64,44,15,27,19,132,59" hai3="116,73,36,48,66,99,114,102,0,1,38,17,58"/><U126/><E122/><V34/><F64/><W8/><G73/><T30/><D135/><N who="2" m="51754" /><F43/><W35/><G35/><T5/><D80/><U28/><E128/><V84/><F84/><W9/><G1/><T125/><D125/><U85/><E126/><V12/><F59/><W37/><G114/><T52/><D20/><U69/><E110/><V70/><F70/><W62/><G0/><T32/><D32/><U18/><E7/><N who="0" m="2633" /><D11/><U21/><E97/><V23/><F115/><W14/><G48/><T90/><D53/><N who="1" m="29919" /><E65/><V78/><F78/><W67/><G116/><T105/><D105/><U111/><E69/><V127/><F127/><W39/><G39/><T10/><D10/><U55/><E75/><V81/><F81/><N who="1" m="30729" /><E111/><V31/><F15/><W101/><G67/><N who="0" m="39303" /><D91/><U63/><E55/><V131/><F131/><W119/><G119/><T133/><D133/><U40/><E40/><V77/><F77/><W74/><G74/><T24/><D25/><N who="1" m="16431" /><E63/><V42/><F45/><AGARI ba="2,2" hai="22,24,30,45,51,52,89,90" m="39303,2633" machi="45" ten="30,2000,0" yaku="8,1,54,1" doraHai="106" who="0" fromWho="2" sc="254,46,184,0,310,-26,232,0" /><INIT seed="6,0,0,4,5,52" ten="300,184,284,232" oya="2" hai0="49,40,19,76,53,105,37,98,122,79,101,102,127" hai1="80,39,9,51,104,4,28,64,94,23,93,117,41" hai2="113,29,134,11,61,34,22,109,45,32,63,108,67" hai3="2,0,133,44,58,95,90,62,96,88,119,26,78"/><V70/><F113/><W5/><G119/><T99/><D122/><U131/><E117/><V18/><F134/><W6/><G133/><T84/><D127/><U65/><E104/><V13/><F45/><W123/><G123/><T24/><D40/><U1/><E131/><V69/><F63/><W91/><G78/><T115/><D37/><U124/><E124/><V17/><F70/><W35/><G44/><T107/><D84/><U25/><E51/><V36/><F29/><W48/><G48/><T100/><D102/><U87/><E41/><V125/><F36/><W72/><G72/><T75/><D75/><U12/><E39/><V16/><F18/><W30/><G5/><T114/><D76/><U130/><E130/><V77/><F77/><W38/><G38/><T106/><D79/><U3/><E1/><V14/><REACH who="2" step="1"/><F125/><REACH who="2" ten="300,184,274,232" step="2"/><W31/><G30/><T89/><D19/><U120/><E120/><V81/><F81/><W118/><G118/><T20/><D115/><U126/><E126/><V103/><F103/><W7/><G7/><T8/><D114/><U129/><E129/><V46/><F46/><W33/><G35/><AGARI ba="0,1" hai="11,13,14,16,17,22,32,34,35,61,67,69,108,109" machi="35" ten="40,3900,0" yaku="1,1,54,1,53,0" doraHai="52" doraHaiUra="110" who="2" fromWho="3" sc="300,0,184,0,274,49,232,-39" /><INIT seed="6,1,0,1,3,70" ten="300,184,323,193" oya="2" hai0="88,62,113,21,102,78,28,130,39,51,116,48,65" hai1="50,135,58,90,84,123,38,20,43,5,128,45,49" hai2="52,92,31,124,118,60,33,126,93,56,69,99,54" hai3="119,89,64,35,108,115,17,18,117,61,72,96,6"/><V134/><F118/><W125/><G108/><T105/><D116/><U80/><E128/><V106/><F134/><W9/><G72/><T30/><D78/><U104/><E135/><V41/><F41/><W77/><G35/><T122/><D122/><U95/><E104/><V7/><F7/><W0/><G77/><T101/><D39/><U11/><E123/><V42/><F42/><W112/><G125/><N who="2" m="48233" /><F69/><N who="3" m="42127" /><G18/><T103/><D105/><U13/><E20/><V44/><F31/><W15/><G89/><T91/><D130/><U73/><E73/><V129/><F129/><W109/><G96/><T34/><D34/><U87/><REACH who="1" step="1"/><E58/><REACH who="1" ten="300,174,323,193" step="2"/><N who="2" m="34887" /><F33/><W29/><G109/><T68/><D21/><U127/><E127/><V132/><F132/><W82/><G117/><T32/><D32/><U3/><E3/><V37/><F106/><W4/><G119/><T114/><D28/><U94/><E94/><V86/><F93/><W120/><G120/><T55/><D30/><U79/><AGARI ba="1,1" hai="5,11,13,38,43,45,49,50,79,80,84,87,90,95" machi="79" ten="20,8000,1" yaku="1,1,0,1,7,1,52,1,53,1" doraHai="70" doraHaiUra="76" who="1" fromWho="1" sc="300,-21,174,93,323,-41,193,-21" /><INIT seed="7,0,0,3,1,128" ten="279,267,282,172" oya="3" hai0="27,69,7,125,117,54,23,26,12,41,30,112,1" hai1="126,99,9,32,85,105,82,91,39,44,73,134,122" hai2="57,84,49,131,64,114,70,17,124,0,106,34,92" hai3="4,60,108,5,29,75,43,56,80,55,42,133,113"/><W15/><G108/><T25/><D69/><U6/><E122/><V63/><F106/><W52/><G113/><T111/><D41/><U129/><E32/><V66/><F114/><W107/><G107/><T71/><D71/><U65/><E129/><V59/><F131/><W119/><G119/><T45/><D112/><U100/><E126/><V62/><F34/><W76/><G29/><T132/><D117/><U109/><E109/><V2/><F124/><W21/><G133/><T47/><D1/><U103/><E65/><V74/><F74/><W48/><G21/><T86/><D111/><U51/><E100/><V3/><F17/><W50/><G50/><T93/><D125/><U120/><E120/><V19/><F19/><W53/><G53/><T16/><D132/><U35/><E35/><V121/><F121/><W118/><G118/><T135/><D7/><U13/><E73/><V104/><F104/><W10/><REACH who="3" step="1"/><G5/><REACH who="3" ten="279,267,282,162" step="2"/><T123/><D135/><U110/><E134/><V68/><F49/><W77/><G77/><T22/><D123/><U8/><E110/><V116/><F116/><W20/><G20/><N who="0" m="15655" /><D54/><U36/><E9/><V14/><F70/><W101/><G101/><T88/><D26/><U102/><E103/><V115/><F115/><W96/><G96/><T90/><D90/><U72/><E51/><V87/><F68/><W94/><G94/><T11/><D11/><U81/><E8/><V28/><F28/><AGARI ba="0,1" hai="12,16,22,23,27,28,45,47,86,88,93" m="15655" machi="28" ten="30,3900,0" yaku="8,1,54,2" doraHai="128" who="0" fromWho="2" sc="279,49,267,0,282,-39,162,0" owari="328,42.8,267,6.7,243,-15.7,162,-33.8" /></mjloggm>