<mjloggm ver="2.3"><GO type="169" lobby="0"/><UN n0="%E6%B2%B3%E7%AB%A5%E3%81%AE%E3%83%AF%E3%82%AB%E3%83%9E%E3%83%84" n1="%42%65%6E%63%68%69%6E%67" n2="%70%6F%6E%2D%65%6E" n3="%E8%B5%A4%E6%AF%9B%E3%81%AE%E3%82%AD%E3%83%A7%E3%83%B3" dan="17,16,16,18" rate="2211.16,2093.93,2111.93,2339.69" sx="M,M,F,M"/><TAIKYOKU oya="0"/><INIT seed="0,0,0,0,3,125" ten="250,250,250,250" oya="0" hai0="80,42,3,52,45,94,78,107,18,58,26,37,1" hai1="121,91,83,23,44,111,56,19,122,31,75,59,89" hai2="108,133,8,88,30,63,12,49,7,77,66,101,71" hai3="130,86,40,39,97,129,15,32,29,38,47,22,61"/><T85/><D107/><U10/><E111/><V53/><F108/><W64/><G32/><T73/><D73/><U87/><E75/><V48/><F133/><W98/><G39/><T74/><D74/><U93/><E121/><V127/><F127/><W54/><G54/><T103/><D103/><U102/><E102/><V72/><F30/><W21/><G86/><T36/><D36/><U114/><E114/><V5/><F101/><W99/><G15/><T35/><D94/><U113/><E113/><V57/><F88/><W20/><REACH who="3" step="1"/><G29/><REACH who="3" ten="250,250,250,240" step="2"/><T106/><D35/><U110/><E31/><V81/><REACH who="2" step="1"/><F49/><REACH who="2" ten="250,250,240,240" step="2"/><W112/><G112/><T120/><D37/><U95/><E110/><V135/><F135/><W92/><G92/><T14/><D106/><U60/><E95/><V51/><F51/><W27/><G27/><T109/><D26/><U115/><E93/><V124/><F124/><W76/><G76/><T2/><D109/><U132/><E132/><V4/><AGARI ba="0,2" hai="4,5,7,8,12,48,53,57,63,66,71,72,77,81" machi="4" ten="20,5200,0" yaku="1,1,0,1,7,1,53,1" doraHai="125" doraHaiUra="104" who="2" fromWho="2" sc="250,-26,250,-13,240,72,240,-13" /><INIT seed="1,0,0,1,2,113" ten="224,237,312,227" oya="1" hai0="57,28,20,130,26,2,46,72,94,87,74,123,134" hai1="85,135,71,109,6,112,24,22,55,132,121,60,101" hai2="99,84,118,78,107,18,42,105,96,49,98,56,75" hai3="12,59,23,38,48,0,76,29,114,106,44,67,83"/><U127/><E112/><V17/><F75/><W41/><G114/><T111/><D2/><U110/><E101/><V45/><F118/><W91/><G0/><T70/><D70/><U124/><E85/><V47/><F56/><W8/><G106/><T103/><D111/><N who="1" m="42507" /><E6/><V86/><F47/><W54/><G91/><T73/><D130/><U61/><E121/><V51/><F51/><W36/><G67/><T81/><D123/><U82/><E82/><V50/><F50/><W33/><G33/><T115/><D115/><U128/><E128/><V7/><F7/><W117/><G117/><T95/><D103/><U97/><E97/><V14/><F17/><W3/><G3/><T25/><D81/><U88/><E88/><V43/><F43/><W58/><G83/><T131/><D87/><U104/><E104/><V10/><F84/><W63/><G76/><T1/><D1/><U92/><E92/><V9/><F9/><W11/><G36/><T89/><D94/><U53/><E71/><V133/><F133/><N who="1" m="51273" /><E53/><V32/><F78/><W108/><G108/><T120/><D134/><U69/><E55/><V34/><F86/><W30/><G54/><T5/><D120/><U37/><E37/><V119/><F119/><W129/><G38/><T102/><D131/><U13/><E13/><V40/><F40/><W4/><G129/><T27/><D5/><U19/><E69/><V16/><F105/><W66/><G4/><T126/><D95/><U21/><E21/><N who="2" m="11415" /><F107/><W125/><G23/><T64/><D20/><U77/><E77/><V68/><F68/><W52/><G12/><AGARI ba="0,0" hai="10,12,18,32,34,42,45,49,96,98,99" m="11415" machi="12" ten="30,2000,0" yaku="6,1,54,1" doraHai="113" who="2" fromWho="3" sc="224,0,237,0,312,20,227,-20" /><INIT seed="2,0,0,1,1,91" ten="224,237,332,207" oya="2" hai0="54,50,127,129,108,86,14,97,124,88,34,71,25" hai1="61,7,60,125,16,115,32,102,93,22,31,20,57" hai2="1,12,11,33,2,40,65,96,107,105,19,36,28" hai3="76,80,75,121,26,98,70,59,44,94,116,23,128"/><V92/><F65/><W100/><G116/><T82/><D71/><U69/><E115/><V63/><F63/><W64/><G121/><T110/><D129/><U95/><E125/><N who="0" m="48201" /><D14/><N who="1" m="9239" /><E32/><V134/><F134/><W53/><G128/><T72/><D72/><U73/><E73/><V37/><F28/><W27/><G44/><N who="0" m="27975" /><D97/><U52/><E69/><V29/><F29/><AGARI ba="0,0" hai="25,29,34,82,86,88,108,110" m="27975,48201" machi="29" ten="30,2000,0" yaku="18,1,54,1" doraHai="91" who="0" fromWho="2" sc="224,20,237,0,332,-20,207,0" /><INIT seed="3,0,0,5,5,47" ten="244,237,312,207" oya="3" hai0="40,85,21,121,26,124,111,35,78,132,2,65,41" hai1="19,58,98,7,12,91,0,105,43,131,76,81,130" hai2="25,103,30,27,61,49,50,72,82,64,106,100,29" hai3="45,129,114,37,3,60,90,59,133,42,122,87,79"/><W66/><G114/><T135/><D121/><U112/><E112/><V73/><F82/><W10/><G122/><T68/><D2/><U8/><E43/><V120/><F61/><W88/><G129/><N who="1" m="49162" /><E58/><V56/><F56/><W31/><G133/><N who="0" m="51275" /><D35/><U109/><E109/><V4/><F4/><W83/><REACH who="3" step="1"/><G31/><REACH who="3" ten="244,237,312,197" step="2"/><T17/><D111/><U115/><E115/><V22/><F120/><W96/><G96/><T46/><D124/><U63/><E98/><V5/><F30/><W127/><G127/><T55/><D40/><U23/><E105/><V93/><F29/><W67/><G67/><T9/><D65/><U34/><E34/><V39/><F64/><W70/><G70/><T101/><D68/><U18/><E18/><V24/><F106/><W62/><G62/><T15/><D41/><U77/><E63/><V1/><F5/><AGARI ba="0,1" hai="3,5,10,37,42,45,59,60,66,79,83,87,88,90" machi="5" ten="40,3900,0" yaku="1,1,54,1,53,0" doraHai="47" doraHaiUra="117" who="3" fromWho="2" sc="244,0,237,0,312,-39,197,49" /><INIT seed="3,1,0,4,1,98" ten="244,237,273,246" oya="3" hai0="38,71,43,100,127,80,107,110,37,18,20,97,1" hai1="74,57,35,12,96,89,21,77,68,61,17,49,69" hai2="124,94,85,42,119,60,58,86,65,115,9,34,129" hai3="13,16,90,5,102,81,104,46,130,55,132,14,41"/><W103/><G104/><T30/><D71/><U93/><E35/><V73/><F73/><W134/><G130/><T44/><D1/><U109/><E109/><V63/><F115/><W135/><G55/><T52/><D110/><U118/><E118/><V133/><F119/><W122/><G122/><T101/><D127/><U53/><E74/><V79/><F34/><W3/><G3/><T33/><D38/><U10/><E77/><V50/><F124/><W75/><G5/><T48/><D33/><U23/><E23/><V7/><F133/><W15/><G16/><T92/><D80/><U106/><E106/><V121/><F129/><W24/><G24/><T54/><D30/><U70/><REACH who="1" step="1"/><E10/><REACH who="1" ten="244,227,273,246" step="2"/><V45/><F79/><N who="3" m="44287" /><G90/><N who="0" m="55447" /><D107/><U22/><E22/><V28/><F121/><W111/><G111/><T125/><D125/><U123/><E123/><V0/><F9/><W87/><G87/><T128/><D128/><U117/><E117/><V59/><F86/><W113/><G113/><T131/><D131/><U29/><E29/><V62/><F28/><W83/><G83/><T26/><D37/><AGARI ba="1,1" hai="13,14,15,37,41,46,102,103,132,134,135" m="44287" machi="37" ten="40,7700,0" yaku="20,1,52,2" doraHai="98" who="3" fromWho="0" sc="244,-80,227,0,273,0,246,90" /><INIT seed="3,2,0,3,0,18" ten="164,227,273,336" oya="3" hai0="84,76,107,65,97,64,60,85,54,29,55,58,120" hai1="25,30,112,128,32,117,50,22,34,83,108,24,102" hai2="80,88,53,14,20,37,109,46,114,61,35,39,38" hai3="63,78,93,127,105,95,41,129,111,124,28,5,3"/><W106/><G41/><T21/><D120/><U66/><E112/><V126/><F35/><W48/><G48/><T56/><D107/><N who="3" m="40969" /><G63/><T16/><D29/><U121/><E108/><V33/><F109/><W17/><G111/><T100/><D97/><U91/><E128/><V57/><F126/><N who="3" m="48171" /><G28/><T62/><D100/><U125/><E125/><V96/><F33/><W49/><G49/><T26/><D76/><U87/><E117/><V72/><F114/><W67/><G67/><AGARI ba="2,0" hai="16,21,26,54,55,56,58,60,62,64,65,67,84,85" machi="67" ten="40,8000,1" yaku="9,1,8,1,52,1,54,1" doraHai="18" who="0" fromWho="3" sc="164,86,227,0,273,0,336,-86" /><INIT seed="4,0,0,0,0,27" ten="250,227,273,250" oya="0" hai0="26,132,11,49,23,111,40,52,17,6,15,54,36" hai1="96,80,2,14,93,92,60,88,38,70,124,89,126" hai2="44,69,103,21,5,45,117,112,129,133,105,108,95" hai3="16,115,31,107,81,29,131,119,10,48,4,30,106"/><T12/><D132/><U34/><E2/><V86/><F112/><W77/><G119/><T100/><D111/><U8/><E38/><V47/><F108/><W7/><G115/><T57/><D100/><U56/><E70/><V109/><F109/><W75/><G131/><T19/><D36/><U65/><E34/><V91/><F69/><W61/><G61/><T99/><D99/><U127/><E80/><V58/><F133/><W24/><G48/><T35/><D35/><U110/><E110/><V37/><F129/><W82/><G82/><T113/><D113/><U42/><E42/><V13/><F117/><W121/><G121/><T62/><D40/><U46/><E46/><V85/><F85/><W32/><G32/><T43/><D43/><U25/><E25/><V123/><F58/><W9/><G24/><T33/><D33/><U63/><E60/><V59/><F59/><W0/><REACH who="3" step="1"/><G16/><REACH who="3" ten="250,227,273,240" step="2"/><N who="0" m="10631" /><D26/><U3/><E3/><AGARI ba="0,1" hai="0,3,4,7,9,10,29,30,31,75,77,81,106,107" machi="3" ten="40,8000,1" yaku="1,1,9,1,52,3,53,0" doraHai="27" doraHaiUra="87" who="3" fromWho="1" sc="250,0,227,-80,273,0,240,90" /><INIT seed="5,0,0,4,3,41" ten="250,147,273,330" oya="1" hai0="46,123,38,110,102,0,53,78,127,74,135,49,90" hai1="97,30,81,31,50,58,23,37,119,56,61,114,69" hai2="95,131,115,62,101,28,125,9,32,10,98,40,5" hai3="76,73,85,33,34,93,35,52,25,103,29,64,124"/><U24/><E119/><V20/><F125/><W39/><G39/><T18/><D110/><U120/><E114/><V44/><F131/><W105/><G64/><T129/><D0/><U48/><E120/><V79/><F32/><W130/><G130/><T67/><D129/><U65/><E37/><V77/><F10/><W59/><G124/><T68/><D127/><U109/><E109/><V83/><F115/><W116/><G116/><T96/><D38/><U22/><E81/><V71/><F83/><W133/><G73/><T55/><D78/><U128/><E128/><V51/><F62/><W21/><G133/><T132/><D74/><U60/><E97/><V106/><F71/><W26/><G105/><T113/><D90/><U104/><E104/><V1/><REACH who="2" step="1"/><F106/><REACH who="2" ten="250,147,263,330" step="2"/><W7/><G35/><T82/><D82/><U70/><REACH who="1" step="1"/><E24/><AGARI ba="0,1" hai="1,5,9,20,24,28,40,44,51,77,79,95,98,101" machi="24" ten="40,5200,0" yaku="1,1,2,1,52,1,53,0" doraHai="41" doraHaiUra="57" who="2" fromWho="1" sc="250,0,147,-52,263,62,330,0" /><INIT seed="6,0,0,0,4,76" ten="250,95,325,330" oya="2" hai0="66,95,49,19,40,89,105,96,29,70,120,108,42" hai1="104,71,32,8,98,43,62,24,132,9,91,130,134" hai2="58,31,84,111,35,37,131,13,121,85,114,1,92" hai3="59,110,125,115,67,83,17,16,54,50,124,45,116"/><V97/><F1/><W11/><G110/><T6/><D120/><U118/><E118/><V101/><F121/><W26/><G116/><T75/><D108/><U102/><E43/><V64/><F111/><W61/><G115/><T113/><D113/><U103/><E103/><V15/><F114/><W30/><G83/><T5/><D75/><U7/><E91/><V81/><F37/><W65/><G65/><T112/><D105/><U88/><E130/><V93/><F131/><W33/><REACH who="3" step="1"/><G11/><REACH who="3" ten="250,95,325,320" step="2"/><T38/><D66/><U122/><E122/><V78/><F64/><W127/><AGARI ba="0,1" hai="16,17,26,30,33,45,50,54,59,61,67,124,125,127" machi="127" ten="30,12000,2" yaku="1,1,2,1,0,1,18,1,54,1,53,1" doraHai="76" doraHaiUra="63" who="3" fromWho="3" sc="250,-30,95,-30,325,-60,320,130" /><INIT seed="7,0,0,1,5,83" ten="220,65,265,450" oya="3" hai0="19,120,90,22,9,59,6,128,26,64,107,65,73" hai1="23,44,41,82,11,84,110,100,127,96,75,61,67" hai2="57,106,55,85,42,63,40,18,20,30,62,16,102" hai3="27,117,93,89,87,124,28,58,7,125,88,34,52"/><W76/><G117/><T35/><D120/><U116/><E110/><V48/><F106/><W77/><G7/><T126/><D73/><U134/><E134/><V129/><F129/><W10/><G10/><T78/><D78/><U115/><E115/><V118/><F118/><W133/><G133/><T14/><D107/><U132/><E116/><V25/><F102/><W72/><G89/><T95/><D126/><N who="3" m="48745" /><G72/><T81/><D81/><U33/><E33/><V5/><F5/><W68/><G68/><T32/><D128/><U114/><E114/><V98/><F98/><W53/><G53/><T112/><D112/><U108/><E108/><V104/><F104/><W0/><G0/><T74/><D74/><U113/><E113/><V47/><F30/><W86/><G86/><T39/><D39/><U91/><E127/><V1/><F85/><W101/><G101/><T2/><D59/><U123/><E132/><V15/><F1/><W13/><G13/><T97/><REACH who="0" step="1"/><D35/><REACH who="0" ten="210,65,265,450" step="2"/><U21/><E75/><V103/><F103/><W60/><AGARI ba="0,1" hai="27,28,34,52,58,60,76,77,87,88,93" m="48745" machi="60" ten="30,11700,0" yaku="18,1,52,1,54,2" doraHai="83" who="3" fromWho="3" sc="210,-39,65,-39,265,-39,450,127" owari="171,-22.9,26,-47.4,226,2.6,577,67.7" /></mjloggm>