<mjloggm ver="2.3"><GO type="169" lobby="0"/><UN n0="%E7%8A%B6%E6%85%8B%E9%BA%BB%E9%9B%80" n1="%E5%8F%97%E3%81%91%E5%85%A5%E3%82%8C%E9%87%8D%E8%A6%96" n2="%73%65%2D%74%61" n3="%E7%B4%94%E6%BD%94%E3%83%94%E3%83%A9%E3%83%8B%E3%82%A2" dan="18,16,17,16" rate="2250.54,2168.84,2198.44,2130.79" sx="M,M,M,M"/><TAIKYOKU oya="0"/><INIT seed="0,0,0,3,3,131" ten="250,250,250,250" oya="0" hai0="116,0,51,31,3,92,122,11,70,46,84,4,130" hai1="134,33,62,75,98,94,8,129,69,34,111,113,128" hai2="91,86,12,72,133,61,90,105,64,47,95,38,59" hai3="101,21,45,107,121,7,114,18,36,125,15,29,30"/><T53/><D116/><U20/><E75/><V110/><F72/><W26/><G107/><T117/><D117/><U99/><E111/><V48/><F105/><W37/><G101/><T124/><D122/><U54/><E113/><V22/><F110/><W93/><G114/><T17/><D130/><N who="1" m="50283" /><E99/><V52/><F38/><W89/><G125/><T135/><D70/><U13/><E20/><V100/><F133/><W28/><G121/><T50/><D124/><U109/><E109/><V9/><F22/><W76/><G76/><T102/><D31/><U126/><E126/><V1/><F1/><W104/><G104/><T27/><D3/><U55/><E134/><V88/><F100/><W44/><G37/><T81/><D135/><U120/><E120/><V67/><F67/><W68/><G68/><T19/><D27/><U24/><E24/><V66/><F66/><W127/><G36/><T82/><D82/><U23/><E23/><V74/><F74/><W106/><G106/><T6/><D6/><AGARI ba="0,0" hai="6,9,12,47,48,52,59,61,64,86,88,90,91,95" machi="6" ten="30,7700,0" yaku="7,1,8,1,54,2" doraHai="131" who="2" fromWho="0" sc="250,-77,250,0,250,77,250,0" /><INIT seed="1,0,0,0,3,60" ten="173,250,327,250" oya="1" hai0="117,90,31,7,94,78,19,85,34,134,43,105,14" hai1="68,71,63,3,33,8,79,4,111,15,102,108,98" hai2="126,28,23,74,32,128,95,53,59,97,87,86,9" hai3="114,42,11,22,91,25,29,96,67,70,13,104,72"/><U99/><E33/><V113/><F74/><W64/><G70/><T51/><D117/><U18/><E79/><V110/><F32/><W61/><G72/><T81/><D134/><U20/><E98/><V66/><F113/><W17/><G114/><T36/><D36/><U127/><E127/><V101/><F126/><W118/><G118/><T135/><D135/><U89/><E89/><V55/><F128/><W40/><G104/><T56/><D105/><U6/><E4/><V47/><F9/><W133/><G61/><T24/><D7/><U49/><E49/><V62/><F110/><N who="1" m="42025" /><E63/><V120/><F120/><W80/><G133/><T75/><D43/><N who="3" m="16425" /><G80/><T115/><D115/><U73/><E73/><V109/><F109/><W103/><G103/><T107/><D107/><AGARI ba="0,0" hai="3,6,8,15,18,20,68,71,99,102,107" m="42025" machi="107" ten="30,2900,0" yaku="14,1,10,1" doraHai="60" who="1" fromWho="0" sc="173,-29,250,29,327,0,250,0" /><INIT seed="1,1,0,1,2,127" ten="144,279,327,250" oya="1" hai0="49,87,124,112,14,118,40,45,80,133,79,92,11" hai1="130,103,36,19,48,107,46,25,98,3,59,34,91" hai2="4,1,116,132,53,121,85,37,81,117,10,63,99" hai3="88,12,6,39,61,16,54,28,7,90,106,32,42"/><U51/><E3/><V131/><F37/><W2/><G106/><T30/><D124/><U65/><E36/><V123/><F99/><W97/><G39/><T104/><D133/><U55/><E130/><V120/><F132/><W102/><G42/><T135/><D135/><U100/><E103/><V94/><F94/><W119/><G119/><T96/><D118/><U67/><E91/><V115/><F115/><W84/><G28/><T111/><D111/><U82/><E82/><V128/><F53/><W122/><G32/><T22/><D104/><U60/><E51/><V125/><F63/><W134/><G2/><T18/><D112/><U62/><E19/><V57/><F57/><N who="3" m="34999" /><G122/><T72/><D72/><U89/><E89/><N who="3" m="34410" /><G84/><T29/><REACH who="0" step="1"/><D22/><REACH who="0" ten="134,279,327,250" step="2"/><U20/><E20/><V66/><F125/><W129/><G134/><T33/><D33/><U21/><E21/><V0/><F116/><W73/><G73/><T110/><D110/><U15/><E34/><V114/><F114/><W27/><G27/><T101/><AGARI ba="1,1" hai="11,14,18,29,30,40,45,49,79,80,87,92,96,101" machi="101" ten="20,5200,0" yaku="1,1,0,1,7,1,8,1,53,0" doraHai="127" doraHaiUra="31" who="0" fromWho="0" sc="134,65,279,-27,327,-14,250,-14" /><INIT seed="2,0,0,4,3,104" ten="199,252,313,236" oya="2" hai0="103,106,24,119,130,1,40,45,37,54,53,35,58" hai1="49,118,113,135,96,25,79,83,95,21,84,74,125" hai2="128,38,34,65,52,124,23,64,121,105,36,132,2" hai3="94,77,76,131,122,63,51,26,100,120,13,15,44"/><V18/><F2/><W7/><G131/><T133/><D130/><U42/><E113/><V80/><F105/><W75/><G63/><T92/><D1/><U57/><E118/><V90/><F34/><W39/><G39/><T17/><D119/><U12/><E125/><V111/><F121/><W43/><G26/><T29/><D133/><U116/><E116/><V67/><F128/><W85/><G76/><T22/><D106/><U98/><E135/><V48/><F132/><W129/><G129/><T110/><D110/><U102/><E12/><V32/><F32/><W30/><G30/><T93/><D103/><U127/><E127/><V33/><F33/><W16/><G7/><T101/><D101/><U78/><E98/><V97/><F124/><W6/><G6/><T108/><D108/><U134/><E134/><V89/><F111/><W68/><G68/><T0/><D0/><U59/><E78/><V4/><F38/><W88/><G15/><T72/><D72/><U55/><E42/><V81/><F36/><W109/><G100/><T10/><D10/><U46/><REACH who="1" step="1"/><E74/><REACH who="1" ten="199,242,313,236" step="2"/><V115/><F115/><W19/><G109/><T8/><D8/><U71/><E71/><V82/><F4/><W99/><G99/><T73/><D73/><U126/><E126/><V107/><F107/><W11/><REACH who="3" step="1"/><G19/><AGARI ba="0,1" hai="19,21,25,46,49,55,57,59,79,83,84,95,96,102" machi="19" ten="30,3900,0" yaku="1,1,7,1,8,1,53,0" doraHai="104" doraHaiUra="123" who="1" fromWho="3" sc="199,0,242,49,313,0,236,-39" /><INIT seed="3,0,0,2,1,62" ten="199,291,313,197" oya="3" hai0="118,23,95,53,21,127,107,73,66,81,94,67,111" hai1="4,84,114,36,30,130,74,109,34,69,82,77,19" hai2="57,132,88,100,76,59,22,35,50,44,32,2,128" hai3="65,70,27,16,9,123,108,12,104,80,24,6,68"/><W43/><G123/><T119/><D107/><U47/><E114/><V124/><F2/><W49/><G104/><T78/><D111/><U112/><E112/><V38/><F38/><W25/><G108/><T52/><D81/><U10/><E109/><V125/><F76/><W40/><G70/><T135/><D78/><U11/><E130/><V45/><F100/><W103/><G103/><T91/><D91/><U120/><E120/><V61/><F128/><W106/><G106/><T93/><D73/><U17/><E10/><V72/><F72/><W101/><G101/><T54/><D127/><U96/><E84/><V7/><F7/><W13/><G80/><T105/><D105/><U126/><E69/><V102/><F102/><W28/><G28/><T31/><D135/><U46/><E126/><V8/><F8/><W26/><N who="3" m="6144" /><DORA hai="89" /><W99/><G99/><T63/><D31/><U129/><E30/><V41/><F132/><W42/><G68/><T48/><D48/><U113/><E34/><V33/><F33/><W98/><G98/><T122/><D63/><U131/><E113/><V64/><F125/><W75/><G75/><T92/><N who="0" m="23552" /><DORA hai="115" /><T37/><D37/><U60/><E131/><V86/><F124/><W58/><G49/><T133/><D133/><U0/><E129/><V1/><F35/><W90/><G90/><T117/><D122/><U134/><E134/><V29/><F32/><W121/><G121/><T15/><D15/><U110/><E110/><V116/><F116/><W18/><G13/><T83/><D83/><U55/><E82/><V85/><F29/><RYUUKYOKU ba="0,0" sc="199,15,291,-15,313,-15,197,15" hai0="21,23,52,53,54,66,67,117,118,119" hai3="6,9,12,16,18,40,42,43,58,65" /><INIT seed="3,1,0,3,5,68" ten="214,276,298,212" oya="3" hai0="76,41,15,59,40,49,70,27,36,98,67,75,84" hai1="72,55,25,86,3,104,88,23,111,65,64,22,81" hai2="119,117,45,128,78,108,19,127,46,2,29,44,37" hai3="93,10,58,124,112,92,134,12,120,26,39,100,8"/><W38/><G112/><T96/><D75/><U69/><E3/><V1/><F29/><W73/><G120/><T105/><D105/><U132/><E104/><V102/><F102/><W7/><G73/><T21/><D70/><U77/><E111/><V97/><F97/><N who="0" m="37482" /><D36/><U121/><E121/><V57/><F108/><W133/><G100/><T33/><D33/><U90/><E132/><N who="3" m="50794" /><G124/><T126/><D126/><U14/><E69/><V83/><F127/><W6/><G58/><T51/><D15/><U82/><E90/><V50/><F37/><N who="3" m="13835" /><G26/><T114/><D114/><U5/><E55/><V24/><F57/><W110/><G110/><T48/><D67/><U95/><E81/><V91/><F24/><W131/><G131/><T32/><D59/><U123/><E123/><V54/><F128/><W109/><G109/><T47/><D47/><U74/><E74/><V61/><F46/><W63/><G63/><T0/><D0/><AGARI ba="1,0" hai="0,6,7,8,10,12,92,93" m="13835,50794" machi="0" ten="30,11600,0" yaku="20,1,52,3" doraHai="68" who="3" fromWho="0" sc="214,-119,276,0,298,0,212,119" /><INIT seed="3,2,0,3,0,53" ten="95,276,298,331" oya="3" hai0="50,26,8,35,124,52,5,101,71,67,111,68,3" hai1="109,113,134,62,72,38,114,32,120,54,30,11,121" hai2="104,90,34,126,84,78,24,31,23,97,44,74,95" hai3="87,6,86,48,37,59,132,88,14,1,91,89,116"/><W70/><G37/><T76/><D111/><U94/><E38/><V9/><F126/><W128/><G116/><T100/><D124/><U13/><E72/><V127/><F127/><W12/><G70/><T27/><D76/><U0/><E0/><V19/><F44/><W64/><G128/><T51/><D51/><U82/><E109/><V39/><F39/><W29/><G132/><T40/><D40/><U122/><E82/><V7/><F74/><W130/><G130/><T49/><D49/><U33/><E134/><V96/><F78/><W98/><G29/><T80/><D80/><U47/><E94/><V110/><F110/><W102/><G1/><T77/><D77/><U115/><E30/><V106/><F106/><W69/><G69/><T105/><D35/><U99/><E99/><V56/><F104/><W92/><G64/><T16/><D27/><U10/><E47/><V79/><F79/><W22/><G22/><T57/><D105/><U83/><E83/><V119/><F119/><W103/><G103/><T93/><D93/><U15/><E54/><V45/><F45/><W112/><G112/><T75/><D75/><U129/><E62/><V135/><F135/><W21/><G21/><T20/><REACH who="0" step="1"/><D71/><REACH who="0" ten="85,276,298,331" step="2"/><U58/><E129/><V131/><F131/><W46/><G46/><T25/><D25/><U85/><E115/><V123/><F123/><W118/><G118/><T18/><D18/><U60/><E121/><V2/><F34/><W63/><G48/><T66/><D66/><U41/><E41/><V125/><F125/><W17/><G17/><T36/><D36/><RYUUKYOKU ba="2,1" sc="85,30,276,-10,298,-10,331,-10" hai0="3,5,8,16,20,26,50,52,57,67,68,100,101" /><INIT seed="4,3,1,4,3,54" ten="115,266,288,321" oya="0" hai0="96,95,6,130,72,115,48,42,125,102,110,31,9" hai1="61,81,4,40,98,25,7,68,127,8,70,124,62" hai2="45,77,104,133,44,85,55,90,53,11,78,65,80" hai3="18,23,88,82,112,106,59,73,16,29,134,14,94"/><T39/><D115/><U76/><E40/><V46/><F104/><W74/><G106/><T63/><D130/><U97/><E25/><V36/><F36/><W22/><G112/><T107/><D125/><U5/><E8/><V17/><F65/><W0/><G0/><T33/><D110/><U71/><E81/><V52/><F133/><W131/><G134/><T117/><D117/><U64/><E76/><V93/><F93/><W111/><G111/><T51/><D72/><U26/><E26/><V30/><F30/><W113/><G113/><T135/><D135/><U50/><E50/><V120/><F120/><W57/><G29/><T119/><D119/><U21/><E21/><V43/><F43/><W100/><G131/><T86/><D39/><U41/><E41/><V126/><F126/><N who="1" m="48169" /><E64/><V108/><F108/><W118/><G118/><T89/><D42/><U132/><E132/><V60/><F60/><AGARI ba="3,1" hai="4,5,7,60,61,62,68,70,71,97,98" m="48169" machi="60" ten="40,5200,0" yaku="28,2,18,1" doraHai="54" who="1" fromWho="2" sc="115,0,266,71,288,-61,321,0" /><INIT seed="5,0,0,0,4,23" ten="115,337,227,321" oya="1" hai0="125,11,80,0,75,37,99,73,29,15,70,107,56" hai1="109,129,127,81,21,17,35,115,52,12,76,30,119" hai2="100,14,42,105,116,111,62,32,19,87,9,57,27" hai3="54,51,33,44,102,83,55,93,20,124,36,110,78"/><U95/><E119/><V120/><F116/><W114/><G33/><T91/><D70/><U47/><E115/><V69/><F120/><W22/><G114/><T121/><D0/><U40/><E127/><V67/><F111/><W130/><G110/><T65/><D37/><U90/><E109/><V98/><F87/><W5/><G124/><T50/><D121/><U41/><E129/><V63/><F42/><W89/><G102/><T108/><D108/><U66/><E66/><V13/><F13/><W112/><G130/><T2/><D2/><U126/><E126/><V134/><F134/><W104/><G104/><T58/><D125/><U46/><E35/><V60/><F57/><W103/><G103/><T34/><D107/><U131/><E30/><AGARI ba="0,0" hai="9,14,19,27,30,32,60,62,63,67,69,98,100,105" machi="30" ten="40,5200,0" yaku="25,2,52,1" doraHai="23" who="2" fromWho="1" sc="115,0,337,-52,227,52,321,0" /><INIT seed="6,0,0,4,5,12" ten="115,285,279,321" oya="2" hai0="132,97,27,125,59,40,63,42,51,130,76,134,6" hai1="52,61,71,94,37,112,79,70,39,44,77,126,9" hai2="105,124,53,34,95,57,22,93,35,90,15,114,78" hai3="96,113,17,122,101,111,64,98,58,60,135,3,86"/><V49/><F105/><W2/><G111/><T32/><D76/><U131/><E112/><V21/><F78/><W129/><G122/><T48/><D6/><U92/><E126/><V33/><F124/><W85/><G129/><T31/><D125/><U103/><E131/><V56/><F114/><W24/><G135/><T87/><D130/><U11/><E61/><V69/><F69/><W20/><G96/><T82/><D97/><U109/><E44/><V55/><F15/><W115/><G113/><T18/><D42/><U88/><E103/><V80/><F80/><W43/><G43/><T66/><D40/><U91/><REACH who="1" step="1"/><E52/><REACH who="1" ten="115,275,279,321" step="2"/><V46/><F46/><W116/><G115/><T73/><D134/><U10/><E10/><V75/><F75/><W29/><G116/><T5/><D73/><U25/><E25/><V7/><F7/><W83/><G2/><T117/><D5/><U89/><E89/><V68/><F68/><W119/><G3/><T54/><D117/><U14/><E14/><V106/><F106/><W13/><G119/><T41/><D41/><U102/><E102/><V120/><F120/><W128/><G128/><T99/><D132/><U1/><E1/><V30/><F90/><W8/><REACH who="3" step="1"/><G83/><REACH who="3" ten="115,275,279,311" step="2"/><T74/><D82/><U104/><E104/><AGARI ba="0,2" hai="8,13,17,20,24,29,58,60,64,85,86,98,101,104" machi="104" ten="30,7700,0" yaku="1,1,2,1,7,1,52,1,53,0" doraHai="12" doraHaiUra="133" who="3" fromWho="1" sc="115,0,275,-77,279,0,311,97" /><INIT seed="7,0,0,1,5,100" ten="115,198,279,408" oya="3" hai0="62,110,102,135,122,83,31,25,49,132,3,57,55" hai1="59,96,27,116,95,48,124,131,13,129,88,32,0" hai2="29,36,97,78,9,70,134,130,85,80,104,111,63" hai3="42,53,91,34,106,60,74,71,23,133,82,51,113"/><W84/><G106/><T39/><D110/><U6/><E0/><V58/><F111/><W123/><G34/><T14/><D122/><U115/><E115/><V76/><F36/><W128/><G23/><T73/><D39/><U50/><E124/><V107/><F134/><W18/><G18/><T30/><D3/><U8/><E116/><V26/><F130/><N who="1" m="49673" /><E59/><V35/><F9/><W90/><G91/><T64/><D73/><U28/><AGARI ba="0,0" hai="6,8,13,27,28,32,48,50,88,95,96" m="49673" machi="28" ten="30,2000,0" yaku="19,1,54,1" doraHai="100" who="1" fromWho="1" sc="115,-5,198,20,279,-5,408,-10" owari="110,-39.0,218,-18.2,274,7.4,398,49.8" /></mjloggm>