<mjloggm ver="2.3"><GO type="169" lobby="0"/><UN n0="%E3%83%8A%E3%82%AB%E3%81%AB%E3%81%97" n1="%70%6F%6E%2D%65%6E" n2="%E8%B5%A4%E4%BA%94%E7%AB%8B%E7%9B%B4" n3="%E3%81%86%E3%81%AA%E3%81%8E%E9%BA%BA" dan="17,16,16,17" rate="2257.69,2156.55,2182.22,2178.83" sx="M,F,F,M"/><TAIKYOKU oya="0"/><INIT seed="0,0,0,1,2,73" ten="250,250,250,250" oya="0" hai0="34,68,46,4,71,37,61,116,82,117,100,122,60" hai1="20,75,51,54,50,58,99,110,0,38,14,130,118" hai2="63,78,64,105,57,76,27,95,18,23,36,106,41" hai3="87,3,70,16,84,67,17,123,86,32,74,44,39"/><T108/><D34/><U26/><E0/><V21/><F95/><W65/><G32/><T12/><D122/><U7/><E38/><V55/><F36/><W81/><G3/><T94/><D12/><U98/><E118/><N who="0" m="45673" /><D94/><U129/><E75/><V13/><F41/><W79/><G123/><T31/><D82/><U103/><E7/><V24/><F13/><W107/><G107/><T59/><D31/><U8/><E14/><V45/><F105/><W97/><G97/><T42/><D100/><U49/><E8/><V91/><F106/><W90/><G90/><T83/><D83/><U10/><E10/><V48/><F91/><W56/><G70/><N who="0" m="26667" /><D4/><U127/><E20/><V25/><F25/><W40/><REACH who="3" step="1"/><G56/><REACH who="3" ten="250,250,250,240" step="2"/><T104/><D104/><U113/><E58/><V120/><REACH who="2" step="1"/><F120/><REACH who="2" ten="250,250,240,240" step="2"/><W1/><G1/><T29/><D59/><U15/><E99/><V47/><F47/><W109/><G109/><T92/><D108/><U62/><E98/><V69/><F69/><W72/><G72/><T53/><D46/><U2/><E2/><V112/><F112/><W125/><G125/><T114/><D114/><U28/><E127/><V115/><F115/><W33/><G33/><T35/><D35/><U5/><E113/><V135/><F135/><W66/><AGARI ba="0,2" hai="16,17,39,40,44,65,66,67,74,79,81,84,86,87" machi="66" ten="30,7900,0" yaku="1,1,0,1,52,1,54,1,53,0" doraHai="73" doraHaiUra="133" who="3" fromWho="3" sc="250,-39,250,-20,240,-20,240,99" /><INIT seed="1,0,0,0,1,119" ten="211,230,220,339" oya="1" hai0="85,49,118,34,61,125,116,102,38,43,7,23,65" hai1="47,19,48,2,111,122,79,11,105,53,10,66,67" hai2="68,9,32,97,131,35,92,56,78,108,73,104,76" hai3="55,16,64,60,135,100,51,83,5,89,13,46,37"/><U33/><E105/><V129/><F68/><W50/><G135/><T103/><D34/><U127/><E33/><V87/><F108/><W80/><G5/><T75/><D75/><U27/><E127/><V28/><F9/><W90/><G37/><T8/><D38/><U40/><E111/><V3/><F3/><W1/><G1/><T93/><D125/><U107/><E107/><V82/><F56/><W126/><G126/><T62/><D116/><U4/><E79/><V24/><F32/><W91/><G51/><T54/><D43/><U123/><E53/><V39/><F39/><W99/><G100/><T114/><D114/><U72/><E72/><V81/><REACH who="2" step="1"/><F104/><REACH who="2" ten="211,230,210,339" step="2"/><W98/><G98/><T52/><D8/><U77/><E10/><V14/><F14/><W21/><REACH who="3" step="1"/><G99/><REACH who="3" ten="211,230,210,329" step="2"/><T115/><D118/><U121/><E2/><V86/><F86/><W124/><G124/><T84/><D85/><U134/><E4/><V106/><F106/><W6/><G6/><T15/><D84/><U63/><E134/><V31/><F31/><W71/><AGARI ba="0,2" hai="13,16,21,46,50,55,60,64,71,80,83,89,90,91" machi="71" ten="30,7900,0" yaku="1,1,0,1,54,1,53,1" doraHai="119" doraHaiUra="57" who="3" fromWho="3" sc="211,-20,230,-39,210,-20,329,99" /><INIT seed="2,0,0,0,1,56" ten="191,191,190,428" oya="2" hai0="0,4,48,131,134,23,99,26,45,38,111,89,114" hai1="84,36,21,17,80,125,65,64,62,52,25,61,90" hai2="75,68,1,59,32,24,7,5,93,44,87,41,71" hai3="16,96,88,103,110,91,94,100,33,43,39,47,6"/><V3/><F75/><W95/><G110/><T83/><D114/><U115/><E125/><V82/><F93/><W2/><G33/><T127/><D111/><U73/><E115/><V85/><F32/><W54/><G6/><T40/><D127/><U22/><E36/><V50/><F24/><W120/><G2/><T67/><D131/><U13/><E73/><V132/><F132/><W129/><G120/><T20/><D134/><U69/><E52/><V76/><F85/><W27/><G54/><T101/><D0/><U74/><E74/><V9/><REACH who="2" step="1"/><F59/><REACH who="2" ten="191,191,180,428" step="2"/><W106/><G129/><T133/><D26/><U11/><E25/><V53/><F53/><W60/><G106/><T126/><D133/><U58/><AGARI ba="0,1" hai="11,13,17,21,22,58,61,62,64,65,69,80,84,90" machi="58" ten="20,5200,0" yaku="0,1,7,1,52,2" doraHai="56" who="1" fromWho="1" sc="191,-13,191,62,180,-26,428,-13" /><INIT seed="3,0,0,0,5,40" ten="178,253,154,415" oya="3" hai0="96,37,135,89,71,49,86,24,99,56,112,93,35" hai1="42,63,45,10,78,77,57,44,68,12,8,33,59" hai2="103,7,21,60,31,129,120,3,117,41,22,98,76" hai3="74,128,87,26,90,13,48,32,123,115,118,34,113"/><W64/><G74/><T9/><D71/><U58/><E33/><V30/><F117/><W52/><G118/><T1/><D37/><U66/><E10/><V39/><F129/><W81/><G123/><T106/><D135/><U121/><E121/><V88/><F120/><W124/><G128/><T5/><D112/><U97/><E97/><V84/><F76/><W75/><G124/><T116/><D116/><U65/><E65/><V28/><F3/><W36/><G36/><T126/><D126/><U53/><E53/><V108/><F108/><W73/><G64/><T47/><D56/><U92/><E92/><V51/><F39/><W131/><G131/><T79/><D79/><U25/><E25/><V91/><F60/><W134/><G134/><T83/><D106/><U19/><REACH who="1" step="1"/><E45/><REACH who="1" ten="178,243,154,415" step="2"/><N who="2" m="26031" /><F7/><W101/><G34/><T94/><D99/><U69/><E69/><V109/><F109/><W85/><G32/><T130/><D130/><U29/><E29/><V23/><F84/><W6/><G87/><T100/><D35/><U18/><E18/><V82/><F82/><W133/><G81/><T127/><D127/><U16/><E16/><V54/><F54/><W132/><G52/><T61/><D83/><U72/><E72/><V110/><F110/><W46/><G85/><T102/><D24/><U105/><E105/><V111/><F111/><W4/><G26/><T27/><D27/><U38/><AGARI ba="0,1" hai="8,12,19,38,42,44,57,58,59,63,66,68,77,78" machi="38" ten="30,7900,0" yaku="1,1,0,1,52,1,53,1" doraHai="40" doraHaiUra="70" who="1" fromWho="1" sc="178,-20,243,89,154,-20,415,-39" /><INIT seed="4,0,0,4,1,8" ten="158,332,134,376" oya="0" hai0="97,0,116,109,89,115,43,71,66,102,59,29,104" hai1="100,44,69,131,32,5,129,121,49,2,22,133,75" hai2="30,16,26,64,42,52,88,120,105,91,124,122,73" hai3="31,76,81,114,35,55,15,12,130,123,17,101,10"/><T86/><D116/><U92/><E32/><V4/><F73/><W38/><G38/><T128/><D0/><U25/><E121/><V96/><F4/><W103/><G123/><T99/><D115/><U24/><E69/><V34/><F42/><W106/><G114/><T134/><D128/><U111/><E75/><V94/><F64/><W67/><G130/><T83/><D134/><U63/><E63/><V74/><F105/><W51/><G67/><T70/><D109/><U36/><E36/><V135/><F135/><W57/><G106/><T62/><D43/><U39/><E25/><V118/><F74/><W40/><G40/><T6/><D6/><U20/><E20/><V18/><F124/><W61/><G61/><T132/><D132/><U60/><E60/><V82/><F118/><W113/><G113/><T53/><D99/><N who="1" m="59495" /><E39/><V48/><F122/><W50/><G50/><T125/><D125/><U46/><E46/><V11/><F11/><N who="3" m="6303" /><G31/><T93/><D53/><N who="1" m="29863" /><E111/><V58/><REACH who="2" step="1"/><F120/><REACH who="2" ten="158,332,124,376" step="2"/><W87/><G35/><T80/><REACH who="0" step="1"/><D29/><REACH who="0" ten="148,332,124,376" step="2"/><U47/><E133/><V95/><F95/><W14/><G55/><T3/><D3/><U126/><E126/><V127/><F127/><W41/><G41/><T117/><D117/><U19/><E5/><V108/><F108/><W98/><G81/><AGARI ba="0,2" hai="59,62,66,70,71,80,81,83,86,89,93,97,102,104" machi="81" ten="40,12000,1" yaku="1,1,53,3" doraHai="8" doraHaiUra="79" who="0" fromWho="3" sc="148,140,332,0,124,0,376,-120" /><INIT seed="4,1,0,2,5,23" ten="288,332,124,256" oya="0" hai0="40,130,61,4,14,85,72,107,97,115,118,98,42" hai1="57,33,19,80,84,30,65,86,15,54,21,13,75" hai2="135,87,68,129,109,125,106,69,127,88,119,102,104" hai3="34,18,81,37,123,91,62,11,60,26,67,43,16"/><T17/><D118/><U48/><E65/><V105/><F109/><W50/><G37/><T7/><D72/><U73/><E86/><V124/><F119/><W55/><G43/><N who="0" m="16427" /><D107/><U134/><E134/><V111/><F111/><W126/><G126/><T9/><D115/><U110/><E110/><V77/><F135/><W133/><G133/><T5/><D130/><U6/><E6/><V58/><F58/><W112/><G112/><T82/><D61/><U71/><E13/><V99/><F129/><W27/><G34/><T46/><D46/><U51/><E71/><V35/><F35/><W47/><G123/><T78/><AGARI ba="1,0" hai="4,5,7,9,14,17,78,82,85,97,98" m="16427" machi="78" ten="30,1500,0" yaku="8,1" doraHai="23" who="0" fromWho="0" sc="288,18,332,-6,124,-6,256,-6" /><INIT seed="4,2,0,5,1,8" ten="306,326,118,250" oya="0" hai0="132,85,104,13,90,114,27,20,112,129,86,62,38" hai1="125,46,12,35,69,50,40,133,122,17,96,30,106" hai2="115,97,1,134,39,79,34,21,18,2,68,16,48" hai3="100,89,26,60,102,31,88,63,71,33,42,15,28"/><T94/><D104/><U123/><E69/><V87/><F39/><W103/><G42/><T25/><D38/><U81/><E133/><V54/><F68/><W119/><G119/><T117/><D117/><U61/><E125/><V29/><F134/><W66/><G31/><T56/><D132/><U0/><E0/><V51/><F115/><N who="0" m="44074" /><D129/><U58/><E81/><V52/><F34/><W127/><G127/><T76/><D76/><U65/><E30/><V77/><F97/><W107/><G107/><T32/><D86/><U47/><E47/><V128/><F128/><W83/><G63/><T59/><D32/><U126/><E35/><V80/><F29/><W118/><G118/><T10/><D20/><U14/><E126/><V37/><F37/><W57/><G71/><T4/><D56/><U93/><E106/><V82/><F87/><W98/><G98/><T109/><D109/><U67/><E67/><AGARI ba="2,0" hai="4,10,13,25,27,59,62,67,85,90,94" m="44074" machi="67" ten="30,2900,0" yaku="15,1,52,1" doraHai="8" who="0" fromWho="1" sc="306,35,326,-35,118,0,250,0" /><INIT seed="4,3,0,3,4,91" ten="341,291,118,250" oya="0" hai0="3,112,56,24,99,6,121,105,80,79,116,32,7" hai1="135,31,30,33,62,57,125,20,78,2,71,44,134" hai2="111,14,69,35,82,51,104,40,114,96,70,46,110" hai3="13,4,109,0,127,107,53,126,98,66,37,8,130"/><T119/><D121/><U83/><E33/><V52/><F35/><W17/><G109/><T47/><D112/><U55/><E2/><V93/><F114/><W65/><G130/><T60/><D47/><U41/><E71/><V16/><F104/><W89/><G37/><T48/><D48/><N who="1" m="26639" /><E20/><V102/><F110/><W76/><G76/><T123/><D123/><U120/><E125/><N who="3" m="47626" /><G53/><T54/><D32/><U39/><E39/><V22/><F111/><W97/><G89/><T34/><D3/><U21/><E21/><V38/><REACH who="2" step="1"/><F82/><REACH who="2" ten="341,291,108,250" step="2"/><W77/><G107/><T103/><D119/><U9/><E83/><V118/><F118/><W68/><G68/><T26/><D34/><U58/><E120/><V27/><F27/><W64/><G77/><T61/><D26/><U84/><E78/><V72/><F72/><W132/><G132/><T86/><D24/><U25/><E25/><V85/><F85/><W23/><AGARI ba="3,1" hai="0,4,8,13,17,23,64,65,66,97,98" m="47626" machi="23" ten="30,1100,0" yaku="18,1" doraHai="91" who="3" fromWho="3" sc="341,-8,291,-6,108,-6,250,30" /><INIT seed="5,0,0,2,4,0" ten="333,285,102,280" oya="1" hai0="14,29,20,53,111,79,15,91,97,40,57,9,28" hai1="96,48,110,63,102,85,94,11,26,64,126,87,81" hai2="78,68,80,93,17,101,45,105,35,128,39,69,130" hai3="113,66,120,108,42,104,129,90,4,89,135,114,36"/><U2/><E126/><V5/><F17/><W33/><G33/><T67/><D111/><U52/><E110/><V54/><F93/><W121/><G104/><T58/><D40/><U71/><E26/><V118/><F118/><W23/><G108/><T131/><D79/><U77/><E11/><V72/><F54/><W34/><G34/><T82/><D131/><U119/><E2/><V43/><F35/><W27/><G129/><T37/><D37/><U7/><E7/><V44/><F44/><W75/><G75/><T125/><D125/><U92/><E119/><V47/><F47/><W88/><G66/><T3/><D3/><U25/><E25/><V22/><F22/><W73/><G73/><T8/><D67/><U19/><E19/><V61/><F5/><W103/><G103/><T60/><D58/><U46/><REACH who="1" step="1"/><E85/><REACH who="1" ten="333,275,102,280" step="2"/><V55/><F128/><W24/><G4/><T107/><D8/><U49/><E49/><V59/><REACH who="2" step="1"/><F130/><REACH who="2" ten="333,275,92,280" step="2"/><W124/><G27/><T133/><D9/><U127/><E127/><V12/><F12/><W115/><G124/><T18/><D15/><U16/><E16/><V70/><F70/><W100/><G24/><T21/><D14/><U62/><E62/><V1/><F1/><W122/><G23/><T98/><D18/><U65/><E65/><V99/><AGARI ba="0,2" hai="39,43,45,55,59,61,68,69,72,78,80,99,101,105" machi="99" ten="30,2000,0" yaku="1,1,0,1,53,0" doraHai="0" doraHaiUra="84" who="2" fromWho="2" sc="333,-5,275,-10,92,40,280,-5" /><INIT seed="6,0,0,0,2,71" ten="328,265,132,275" oya="2" hai0="44,38,53,107,116,10,65,31,56,30,121,105,43" hai1="13,95,26,98,55,24,18,40,45,124,125,75,22" hai2="39,88,4,7,0,85,96,19,112,91,28,27,82" hai3="46,42,34,33,63,68,47,97,114,87,21,126,2"/><V106/><F112/><W94/><G2/><T11/><D121/><U9/><E55/><V49/><F39/><W111/><G111/><T104/><D116/><U131/><E131/><V15/><F0/><W130/><G47/><T62/><D11/><U60/><E60/><V54/><F106/><W109/><G109/><T32/><D32/><U8/><E8/><N who="2" m="6631" /><F96/><W103/><G114/><T93/><D93/><U17/><E75/><V78/><F28/><W48/><G130/><T35/><D35/><U1/><E1/><V83/><F27/><W133/><G133/><T66/><D66/><U51/><REACH who="1" step="1"/><E26/><REACH who="1" ten="328,255,132,275" step="2"/><V14/><F14/><W102/><G63/><T12/><REACH who="0" step="1"/><D53/><REACH who="0" ten="318,255,132,275" step="2"/><U59/><E59/><N who="2" m="33231" /><F82/><W123/><G68/><T115/><D115/><U129/><E129/><V132/><F132/><W80/><G123/><T128/><D128/><U120/><E120/><V101/><F101/><AGARI ba="0,2" hai="9,13,17,18,22,24,40,45,51,95,98,101,124,125" machi="101" ten="40,1300,0" yaku="1,1,53,0" doraHai="71" doraHaiUra="58" who="1" fromWho="2" sc="318,0,255,33,132,-13,275,0" /><INIT seed="7,0,0,1,3,57" ten="318,288,119,275" oya="3" hai0="131,101,19,124,114,5,58,92,56,110,0,121,39" hai1="11,32,130,86,40,66,102,127,67,109,50,133,34" hai2="33,103,79,45,2,7,71,22,83,41,129,74,53" hai3="59,99,93,78,108,77,54,111,97,17,60,80,134"/><W72/><G134/><T105/><D39/><U116/><E109/><N who="3" m="42058" /><G78/><T128/><D110/><U35/><E133/><V85/><F129/><N who="0" m="49738" /><D105/><U76/><E130/><V4/><F33/><W25/><G93/><T107/><D107/><U16/><E127/><V113/><F113/><W90/><G90/><T96/><D121/><U21/><E116/><V61/><F103/><W44/><G44/><T1/><D114/><U88/><E11/><V70/><F85/><W123/><G123/><T125/><D19/><U87/><E102/><V27/><F2/><N who="0" m="1130" /><D5/><U52/><E40/><V38/><F70/><W23/><AGARI ba="0,0" hai="17,23,25,54,59,60,72,77,80,97,99" m="42058" machi="23" ten="30,3000,0" yaku="10,1,52,1" doraHai="57" who="3" fromWho="3" sc="318,-10,288,-10,119,-10,275,30" /><INIT seed="7,1,0,2,0,93" ten="308,278,109,305" oya="3" hai0="36,110,19,105,46,128,58,123,101,17,60,26,47" hai1="84,99,97,72,96,49,114,39,73,41,89,95,119" hai2="77,126,103,80,129,16,78,124,98,48,2,125,10" hai3="14,65,55,76,40,131,66,134,35,69,42,111,71"/><W53/><G35/><T100/><D110/><U15/><E39/><V6/><F129/><W120/><G76/><T38/><D123/><U115/><E119/><V50/><F16/><N who="0" m="6218" /><D105/><U0/><E15/><V21/><F21/><W106/><G106/><T112/><D38/><U92/><E0/><V32/><F32/><W13/><G131/><T33/><D33/><U118/><E118/><V24/><F24/><W121/><G134/><T51/><D36/><U102/><E49/><N who="2" m="19051" /><F80/><W74/><G74/><N who="1" m="28778" /><E41/><V9/><F9/><W25/><G25/><T34/><D112/><AGARI ba="1,0" hai="84,89,92,95,96,97,99,102,112,114,115" m="28778" machi="112" ten="30,12000,2" yaku="15,1,34,2,52,3" doraHai="93" who="1" fromWho="0" sc="308,-123,278,123,109,0,305,0" owari="185,-21.5,401,50.1,109,-39.1,305,10.5" /></mjloggm>