<mjloggm ver="2.3"><GO type="169" lobby="0"/><UN n0="%4E%55%44%41" n1="%E5%87%8D%E9%AD%9A%E5%87%8D%E9%AD%9A" n2="%E7%B4%94%E6%BD%94%E3%83%94%E3%83%A9%E3%83%8B%E3%82%A2" n3="%E3%81%A6%E3%82%93%E3%81%8F%E3%81%86" dan="17,18,17,16" rate="2166.20,2155.97,2199.76,2169.12" sx="M,M,M,M"/><TAIKYOKU oya="0"/><INIT seed="0,0,0,4,4,126" ten="250,250,250,250" oya="0" hai0="103,88,104,18,78,48,4,29,85,16,26,42,54" hai1="2,81,109,7,71,84,19,129,66,8,77,83,51" hai2="68,56,67,30,21,34,39,74,111,99,59,135,96" hai3="86,131,114,95,116,33,117,101,110,80,130,53,90"/><T65/><D4/><U23/><E109/><V44/><F74/><W107/><G33/><T41/><D65/><U49/><E129/><N who="3" m="49162" /><G114/><T55/><D78/><U63/><REACH who="1" step="1"/><E83/><REACH who="1" ten="250,240,250,250" step="2"/><V125/><F111/><W127/><G110/><T134/><D134/><U57/><E57/><V20/><F56/><W40/><G127/><T32/><D104/><U60/><E60/><V43/><F59/><W50/><G107/><T87/><D103/><U123/><E123/><V118/><F125/><W31/><G40/><T28/><D42/><U92/><E92/><V58/><F58/><N who="3" m="33079" /><G31/><T12/><D29/><U46/><E46/><V22/><F135/><W52/><G52/><T1/><D41/><U13/><AGARI ba="0,1" hai="2,7,8,13,19,23,49,51,63,66,71,77,81,84" machi="13" ten="20,5200,0" yaku="1,1,0,1,7,1,53,1" doraHai="126" doraHaiUra="82" who="1" fromWho="1" sc="250,-26,240,62,250,-13,250,-13" /><INIT seed="1,0,0,2,3,15" ten="224,302,237,237" oya="1" hai0="40,8,135,63,113,69,87,35,61,105,110,0,14" hai1="31,95,59,49,57,106,58,133,60,124,129,112,107" hai2="100,3,52,93,33,37,43,131,6,36,101,75,119" hai3="42,78,94,54,97,122,29,74,85,32,51,16,55"/><U117/><E112/><V48/><F75/><W10/><G122/><T62/><D113/><U132/><E117/><V109/><F119/><W91/><G74/><T5/><D110/><U98/><E129/><V68/><F68/><W47/><G29/><T2/><D135/><N who="1" m="51787" /><E124/><V13/><F33/><W64/><G64/><T53/><D105/><N who="1" m="39947" /><E31/><V71/><F71/><W102/><G32/><T46/><D69/><U73/><E49/><V111/><F3/><W11/><G11/><T9/><D35/><U121/><E121/><V115/><F131/><W20/><G10/><T82/><D9/><U86/><E86/><V120/><F120/><W104/><REACH who="3" step="1"/><G78/><REACH who="3" ten="224,302,237,227" step="2"/><T118/><D118/><U128/><E73/><V126/><F115/><W50/><G50/><N who="0" m="26951" /><D53/><N who="1" m="33839" /><E128/><V80/><F111/><W77/><G77/><AGARI ba="0,1" hai="0,2,5,8,14,61,62,63,77,82,87" m="26951" machi="77" ten="30,1000,0" yaku="25,1" doraHai="15" who="0" fromWho="3" sc="224,20,302,0,237,0,227,-10" /><INIT seed="2,0,0,2,4,97" ten="244,302,237,217" oya="2" hai0="39,16,131,117,68,53,48,43,11,35,10,2,91" hai1="85,94,36,33,128,70,49,0,66,65,7,84,79" hai2="127,135,1,113,73,29,108,71,20,114,111,37,46" hai3="61,77,15,50,118,9,130,3,6,129,64,132,103"/><V34/><F20/><W102/><G118/><T134/><D117/><U88/><E36/><V116/><F46/><W95/><G132/><T112/><D112/><U74/><E33/><V121/><F29/><W21/><G77/><T58/><D134/><U81/><E128/><N who="3" m="49258" /><G95/><T32/><D131/><U19/><E19/><V96/><F135/><W14/><G50/><T56/><D68/><U105/><E105/><V57/><F57/><N who="3" m="36911" /><G3/><T101/><D2/><U24/><E70/><V12/><F116/><W51/><G51/><T55/><D39/><U69/><E69/><V107/><F121/><W76/><G76/><T45/><D48/><U30/><E49/><V100/><F127/><W63/><G63/><T27/><D45/><U98/><E0/><V92/><F37/><W120/><G120/><T13/><D43/><U86/><E7/><V47/><F47/><W104/><G104/><T23/><D56/><U72/><E74/><V44/><F44/><W80/><G80/><T90/><D58/><U106/><E106/><V126/><F126/><W41/><G41/><T89/><D89/><U42/><E42/><V124/><F124/><W25/><G14/><T110/><D13/><U52/><E52/><V75/><F1/><W22/><G21/><T40/><D40/><U82/><E82/><V4/><F34/><W78/><G78/><T28/><D35/><U83/><E83/><V133/><F133/><W99/><G99/><T87/><D32/><N who="1" m="20551" /><E65/><V5/><F71/><W125/><G125/><T54/><D54/><U67/><E66/><V18/><F113/><W26/><G26/><RYUUKYOKU ba="0,0" sc="244,-15,302,15,237,-15,217,15" hai1="67,72,79,81,84,85,86,88,94,98" hai3="6,9,15,22,25,102,103" /><INIT seed="3,1,0,4,5,36" ten="229,317,222,232" oya="3" hai0="112,78,53,33,25,2,6,131,51,49,69,128,126" hai1="116,41,100,39,79,58,0,72,96,30,47,66,18" hai2="15,60,133,81,109,86,104,34,5,26,4,35,27" hai3="38,64,70,132,3,67,134,61,10,7,31,20,13"/><W95/><G64/><T103/><D126/><U80/><E116/><V63/><F104/><W94/><G38/><T117/><D117/><U29/><E18/><V92/><F92/><W120/><G120/><T12/><D2/><U22/><E0/><V82/><F15/><W118/><G118/><T71/><D112/><U76/><E76/><V135/><REACH who="2" step="1"/><F86/><REACH who="2" ten="229,317,212,232" step="2"/><W119/><G119/><T45/><D12/><U102/><E102/><V88/><F88/><W125/><G125/><T127/><D103/><U85/><E85/><V28/><F28/><W84/><G13/><T91/><D91/><U83/><E80/><V9/><F9/><W105/><G105/><T121/><D127/><U54/><E29/><V97/><F97/><W129/><G129/><T40/><D128/><U114/><E30/><V111/><AGARI ba="1,1" hai="4,5,26,27,34,35,60,63,81,82,109,111,133,135" machi="111" ten="25,12000,2" yaku="1,1,0,1,22,2,53,2" doraHai="36" doraHaiUra="59" who="2" fromWho="2" sc="229,-31,317,-31,212,133,232,-61" /><INIT seed="4,0,0,4,1,15" ten="198,286,345,171" oya="0" hai0="95,19,104,32,98,60,18,10,114,4,46,78,118" hai1="83,111,82,9,130,105,127,12,22,13,40,73,58" hai2="67,14,107,59,25,45,88,7,54,92,36,47,101" hai3="71,27,135,38,57,65,126,108,76,16,134,116,100"/><T90/><D118/><U122/><E111/><V132/><F132/><N who="3" m="50731" /><G108/><T42/><D32/><U3/><E122/><V39/><F25/><W11/><G116/><T89/><D114/><U120/><E120/><V113/><F113/><W87/><G38/><T56/><D104/><U23/><E105/><V96/><F67/><W8/><G71/><T1/><D89/><U74/><E3/><V64/><F64/><W52/><G65/><T110/><D110/><U131/><E58/><V49/><F39/><W68/><G100/><T121/><D121/><U29/><E40/><V41/><F7/><W53/><G68/><T97/><D97/><U125/><REACH who="1" step="1"/><E29/><REACH who="1" ten="198,276,345,171" step="2"/><V6/><F59/><W21/><G126/><T93/><D93/><U62/><E62/><V86/><F6/><W43/><G43/><T80/><D56/><U69/><E69/><V70/><F70/><W106/><G106/><T119/><D60/><U85/><E85/><V84/><F86/><W26/><G53/><T129/><D119/><U50/><E50/><V20/><F36/><W35/><G87/><T77/><D129/><U117/><E117/><V75/><F75/><W33/><G57/><T103/><D42/><U79/><E79/><N who="0" m="30217" /><D46/><U109/><E109/><V55/><F45/><W124/><G76/><T66/><D66/><U123/><E123/><V91/><F84/><W61/><G124/><T48/><D48/><U28/><E28/><V128/><F128/><W112/><G112/><T133/><D133/><U31/><E31/><V63/><F107/><W37/><G37/><T102/><D80/><U34/><E34/><RYUUKYOKU ba="0,1" sc="198,15,276,15,345,-15,171,-15" hai0="1,4,10,18,19,90,95,98,102,103" hai1="9,12,13,22,23,73,74,82,83,125,127,130,131" /><INIT seed="4,1,1,3,3,86" ten="213,291,330,156" oya="0" hai0="49,91,39,51,116,127,8,96,44,15,89,21,112" hai1="94,63,76,84,2,11,7,52,98,47,57,115,126" hai2="56,12,41,28,132,5,66,46,14,70,22,54,100" hai3="36,10,18,62,107,48,90,79,43,77,37,64,24"/><T3/><D116/><U30/><E126/><V124/><F124/><W0/><G107/><T4/><D127/><U114/><E30/><V93/><F132/><W35/><G77/><T99/><D39/><U83/><REACH who="1" step="1"/><E47/><REACH who="1" ten="213,281,330,156" step="2"/><V9/><F46/><W85/><G37/><T75/><D112/><U17/><E17/><V102/><F28/><W133/><G36/><T88/><D75/><U122/><E122/><V34/><F5/><W130/><G18/><N who="0" m="10463" /><D3/><U134/><E134/><V53/><F34/><W27/><G35/><T92/><D44/><U19/><E19/><V65/><F41/><W6/><G6/><T23/><D23/><U74/><E74/><V109/><F22/><W80/><G0/><T110/><D110/><U55/><E55/><V104/><F56/><W108/><G133/><T125/><D125/><U87/><E87/><V68/><F109/><W26/><G108/><T61/><D4/><U40/><E40/><V128/><F9/><W106/><G43/><T38/><D38/><U13/><E13/><V29/><F29/><W118/><G10/><T59/><D8/><U101/><AGARI ba="1,2" hai="2,7,11,52,57,63,76,83,84,94,98,101,114,115" machi="101" ten="30,4000,0" yaku="1,1,0,1,54,1,53,0" doraHai="86" doraHaiUra="16" who="1" fromWho="1" sc="213,-21,281,63,330,-11,156,-11" /><INIT seed="5,0,0,2,5,107" ten="192,344,319,145" oya="1" hai0="39,40,38,46,34,71,131,105,53,74,103,96,65" hai1="26,128,112,16,106,70,9,85,12,68,100,37,115" hai2="102,50,66,134,64,60,119,32,20,77,92,118,30" hai3="73,93,75,44,36,124,82,84,29,125,72,76,47"/><U63/><E37/><V58/><F32/><W81/><G29/><T21/><D131/><U28/><E128/><V57/><F134/><W132/><G132/><T110/><D110/><U122/><E122/><V130/><F130/><W11/><G93/><T59/><D21/><U33/><E85/><V90/><F77/><W101/><G101/><T6/><D6/><U19/><E19/><V45/><F102/><W0/><G81/><T54/><D39/><U88/><E88/><V2/><F2/><W111/><G111/><T120/><D120/><U48/><E48/><V10/><F10/><W25/><G25/><T89/><D89/><U129/><E129/><V113/><F113/><N who="1" m="43593" /><E63/><V23/><F118/><W27/><G27/><T83/><D34/><U5/><E5/><V62/><F30/><W135/><G135/><T117/><D117/><U133/><E133/><V116/><F116/><W126/><G36/><T114/><D114/><U14/><E14/><V78/><F78/><W22/><G22/><T91/><D91/><U43/><E43/><N who="2" m="24895" /><F119/><W104/><G104/><T56/><D56/><U15/><E15/><V61/><F62/><W69/><G69/><T18/><D71/><U3/><E3/><V41/><F41/><W127/><N who="3" m="31744" /><DORA hai="35" /><W13/><G0/><T67/><D59/><U8/><E8/><V4/><F4/><AGARI ba="0,0" hai="4,11,13,44,47,72,73,75,76,82,84" m="31744" machi="4" ten="70,8000,1" yaku="18,1,52,3" doraHai="107,35" who="3" fromWho="2" sc="192,0,344,0,319,-80,145,80" /><INIT seed="6,0,0,3,2,1" ten="192,344,239,225" oya="2" hai0="57,56,28,108,129,31,121,98,4,2,65,43,67" hai1="53,99,5,63,40,124,110,19,78,69,45,134,106" hai2="133,103,8,54,111,84,44,60,10,36,24,119,131" hai3="83,104,52,89,79,118,94,91,97,9,112,35,51"/><V70/><F119/><W96/><G118/><T75/><D121/><U17/><E110/><V18/><F111/><W50/><G35/><T22/><D108/><U26/><E124/><V13/><F131/><W87/><G112/><T117/><D117/><U113/><E113/><V14/><F133/><W90/><G104/><T30/><D129/><U38/><E134/><V109/><F109/><W71/><G71/><T123/><D123/><U80/><E5/><V81/><F103/><W130/><G130/><T3/><D75/><U107/><E26/><V0/><F0/><W86/><G86/><T68/><D68/><U25/><E25/><V76/><F24/><W128/><G128/><T47/><D22/><U11/><E11/><V74/><F74/><W125/><G51/><T132/><D132/><U48/><E17/><V12/><F36/><W20/><G125/><T27/><D27/><U77/><E19/><V105/><F105/><W92/><G20/><T93/><D3/><U34/><E34/><V66/><F10/><W39/><G39/><T61/><D2/><U62/><E107/><V15/><F15/><W29/><G9/><T46/><D4/><U82/><E69/><V73/><F73/><W116/><G116/><T126/><D126/><U33/><E33/><V72/><F72/><W37/><G37/><T115/><D115/><U100/><E38/><V135/><F135/><W102/><G29/><T64/><D43/><U122/><E40/><V49/><AGARI ba="0,0" hai="8,12,13,14,18,44,49,54,60,66,70,76,81,84" machi="49" ten="30,1500,0" yaku="0,1" doraHai="1" who="2" fromWho="2" sc="192,-5,344,-5,239,15,225,-5" /><INIT seed="6,1,0,5,3,58" ten="187,339,254,220" oya="2" hai0="77,44,86,42,48,80,14,108,31,121,67,10,130" hai1="116,111,81,92,27,105,110,52,23,24,85,82,97" hai2="19,126,3,21,65,41,71,35,113,101,45,134,26" hai3="98,100,57,124,54,122,18,123,106,59,94,64,30"/><V132/><F3/><W119/><G124/><T91/><D130/><U55/><E116/><V63/><F126/><W78/><G78/><T61/><D108/><U39/><E39/><V129/><F129/><W133/><G133/><N who="2" m="51305" /><F101/><W115/><G119/><T128/><D128/><U109/><E105/><V38/><F35/><W40/><G40/><T62/><D121/><U49/><E85/><V114/><AGARI ba="1,0" hai="19,21,26,38,41,45,63,65,71,113,114" m="51305" machi="114" ten="30,3000,0" yaku="20,1,52,1" doraHai="58" who="2" fromWho="2" sc="187,-11,339,-11,254,33,220,-11" /><INIT seed="6,2,0,1,2,68" ten="176,328,287,209" oya="2" hai0="43,61,71,117,107,23,93,12,83,133,10,88,132" hai1="95,62,31,38,17,16,101,37,25,97,129,47,78" hai2="79,63,118,42,91,130,126,58,89,77,60,76,55" hai3="39,44,135,119,112,99,29,108,40,94,105,128,86"/><V11/><F118/><W72/><G119/><T13/><D117/><U35/><E129/><V5/><F130/><W74/><G108/><T33/><D33/><U57/><E78/><V81/><F126/><W124/><G128/><T120/><D120/><U114/><E114/><V48/><F81/><W18/><G124/><T4/><D107/><U69/><E69/><V111/><F111/><W110/><G110/><T122/><D122/><U34/><E34/><V75/><F75/><W28/><G135/><N who="0" m="51787" /><D43/><U56/><E56/><V50/><F50/><W65/><G65/><N who="0" m="41391" /><D83/><U85/><E85/><V59/><F42/><W102/><G112/><T27/><D13/><U51/><E51/><V22/><F22/><W104/><G104/><T6/><D12/><U32/><E32/><V121/><F121/><W52/><G18/><N who="0" m="12791" /><D10/><U21/><E47/><V2/><REACH who="2" step="1"/><F48/><REACH who="2" ten="176,328,277,209" step="2"/><W24/><G40/><T90/><D90/><U100/><E101/><V116/><F116/><W45/><G102/><T8/><D8/><U92/><E35/><V19/><F19/><N who="1" m="7241" /><E95/><V87/><F87/><AGARI ba="2,1" hai="4,6,87,88,93" m="12791,41391,51787" machi="87" ten="30,2000,0" yaku="20,1,54,1" doraHai="68" who="0" fromWho="2" sc="176,36,328,0,277,-26,209,0" /><INIT seed="7,0,0,2,1,111" ten="212,328,251,209" oya="3" hai0="75,67,1,123,76,84,72,37,118,135,82,19,91" hai1="79,104,53,71,93,16,28,49,29,73,25,15,23" hai2="24,10,57,41,130,115,46,40,129,112,51,83,47" hai3="113,74,38,86,89,102,103,33,127,80,106,68,20"/><W124/><G33/><T50/><D37/><U43/><E104/><V128/><F24/><W35/><G35/><T11/><D123/><U62/><E43/><V66/><F10/><W65/><G38/><T116/><D67/><U85/><E73/><N who="0" m="28233" /><D19/><U13/><E71/><V6/><F6/><W70/><G74/><N who="0" m="43287" /><D50/><U26/><E62/><N who="2" m="38223" /><F83/><W77/><G65/><T61/><D61/><U36/><E36/><AGARI ba="0,0" hai="36,40,41,46,47,51,112,115,128,129,130" m="38223" machi="36" ten="30,8000,1" yaku="19,1,34,2,52,2" doraHai="111" who="2" fromWho="1" sc="212,0,328,-80,251,80,209,0" owari="212,-18.8,248,4.8,331,43.1,209,-29.1" /></mjloggm>