<mjloggm ver="2.3"><GO type="169" lobby="0"/><UN n0="%E4%B8%83%E7%94%9F%E5%A4%95" n1="%E3%81%86%E3%81%91%E3%81%AA%E3%81%8C%E3%81%97%E3%81%BE%E3%81%9B%E3%82%93" n2="%4E%6F%73%75%6B%65" n3="%61%6B%69%62%61%62%61%6E" dan="16,17,16,17" rate="2111.84,2256.75,2130.42,2163.21" sx="M,F,M,M"/><TAIKYOKU oya="0"/><INIT seed="0,0,0,1,0,56" ten="250,250,250,250" oya="0" hai0="122,110,76,18,68,10,9,134,103,19,112,116,91" hai1="0,38,37,45,67,94,108,23,85,43,87,61,70" hai2="15,74,126,81,27,93,121,72,52,59,22,41,95" hai3="97,39,84,33,101,129,48,128,102,13,2,130,75"/><T57/><D68/><U123/><E123/><V100/><F121/><W88/><G2/><T79/><D122/><U71/><E0/><V7/><F41/><W32/><G39/><T111/><D103/><U73/><E73/><V17/><F126/><W62/><G75/><T118/><D57/><U135/><E135/><V49/><F74/><W98/><G48/><T131/><D91/><U86/><E108/><N who="0" m="41513" /><D112/><U104/><E104/><V89/><F100/><N who="3" m="38507" /><G13/><T46/><D46/><U51/><E71/><V117/><F117/><N who="0" m="45162" /><D134/><U83/><E94/><V113/><F113/><W58/><G98/><T124/><D124/><U65/><E83/><V133/><F133/><W132/><G97/><T3/><D131/><U82/><E82/><V106/><F106/><W80/><G132/><T69/><D69/><U40/><E40/><V105/><F105/><W77/><G77/><N who="0" m="29771" /><D3/><U99/><E99/><V107/><F107/><W12/><G12/><T125/><D125/><U63/><E70/><V30/><F72/><W5/><G5/><T127/><D127/><U35/><E38/><V115/><F7/><W78/><G78/><T109/><N who="0" m="41521" /><T114/><DORA hai="8" /><D114/><U26/><E37/><V50/><F115/><W54/><AGARI ba="0,0" hai="32,33,54,58,62,80,84,88,128,129,130" m="38507" machi="54" ten="40,5200,0" yaku="19,1,52,1,54,1" doraHai="56,8" who="3" fromWho="3" sc="250,-26,250,-13,250,-13,250,52" /><INIT seed="1,0,0,4,4,49" ten="224,237,237,302" oya="1" hai0="13,16,21,29,8,20,135,83,33,10,44,116,11" hai1="121,12,46,58,103,99,71,70,88,7,19,51,86" hai2="108,18,27,109,130,60,119,113,38,87,1,0,125" hai3="4,62,117,126,47,72,50,111,45,91,75,102,14"/><U43/><E121/><V64/><F119/><W39/><G111/><N who="2" m="42569" /><F38/><W65/><G117/><T23/><D116/><U100/><E7/><V81/><F130/><W42/><G126/><T124/><D83/><U79/><E79/><N who="2" m="46527" /><F125/><W101/><G72/><T73/><D73/><U55/><E71/><N who="2" m="42375" /><F113/><W17/><G4/><N who="0" m="3207" /><D44/><U28/><E28/><V63/><F63/><W74/><G74/><T133/><D124/><U78/><E99/><V93/><F93/><W98/><G75/><T36/><D36/><U26/><E78/><V107/><F107/><W67/><G91/><T104/><D104/><U134/><E134/><N who="0" m="51209" /><D16/><U77/><E70/><V89/><F89/><W110/><G110/><T34/><D29/><U105/><E77/><V132/><F132/><W127/><G127/><T131/><D131/><U59/><E105/><V32/><F18/><W35/><G101/><N who="1" m="38986" /><E43/><V40/><F40/><W25/><G102/><T2/><D2/><U68/><E68/><V15/><F15/><W22/><G14/><T69/><D69/><U76/><E76/><V54/><F27/><W30/><G25/><T123/><D123/><U129/><E26/><V48/><F32/><AGARI ba="0,0" hai="10,11,20,21,23,32,33,34" m="51209,3207" machi="32" ten="40,5200,0" yaku="20,1,34,2" doraHai="49" who="0" fromWho="2" sc="224,52,237,0,237,-52,302,0" /><INIT seed="2,0,0,0,4,20" ten="276,237,185,302" oya="2" hai0="3,60,100,30,96,63,114,38,6,108,77,87,111" hai1="129,122,133,13,58,107,65,68,12,101,116,131,75" hai2="72,28,135,43,132,32,25,90,7,125,45,112,27" hai3="2,98,39,24,80,37,115,16,57,83,74,21,67"/><V18/><F112/><W86/><G2/><T124/><D38/><U35/><E116/><V31/><F72/><W46/><G115/><T120/><D120/><U49/><E75/><V10/><F90/><W109/><G109/><N who="0" m="42059" /><D124/><U119/><E119/><V118/><F118/><W44/><G98/><T69/><D30/><U14/><E122/><V17/><F45/><W130/><G130/><T99/><D99/><U73/><E73/><V93/><F93/><W76/><G37/><T103/><D103/><U81/><E35/><N who="2" m="20879" /><F43/><W34/><G34/><T22/><D22/><U66/><E101/><V105/><F105/><W110/><G110/><T15/><D3/><U126/><E81/><V42/><F42/><W127/><G127/><T59/><D69/><U4/><E68/><V134/><F125/><W0/><G0/><AGARI ba="0,0" hai="0,7,10,17,18,27,31,32,132,134,135" m="20879" machi="0" ten="30,12000,1" yaku="20,1,34,2,52,2" doraHai="20" who="2" fromWho="3" sc="276,0,237,0,185,120,302,-120" /><INIT seed="2,1,0,1,0,60" ten="276,237,305,182" oya="2" hai0="125,24,88,103,120,30,82,116,127,89,34,40,110" hai1="51,106,6,46,107,28,97,14,80,53,87,130,123" hai2="68,75,49,35,5,43,19,41,11,115,56,109,126" hai3="119,124,134,118,77,36,4,12,101,76,85,104,83"/><V10/><F68/><W122/><G36/><T27/><D120/><U79/><E123/><V20/><F115/><W23/><G122/><T94/><D103/><U8/><E130/><V52/><F75/><W42/><G42/><T91/><D40/><U18/><E28/><V13/><F126/><N who="0" m="48138" /><D110/><U29/><E29/><V2/><F109/><W39/><G39/><T70/><D116/><U99/><E107/><V86/><F35/><W132/><G124/><T100/><D27/><U61/><E106/><V64/><F64/><W112/><G112/><T44/><D44/><U90/><E61/><V131/><F131/><W98/><G23/><T55/><D55/><U48/><E48/><V1/><REACH who="2" step="1"/><F86/><REACH who="2" ten="276,237,295,182" step="2"/><W16/><G118/><T66/><D70/><U74/><REACH who="1" step="1"/><E6/><AGARI ba="1,1" hai="1,2,5,6,10,11,13,19,20,41,43,49,52,56" machi="6" ten="40,12000,1" yaku="1,1,2,1,9,1,54,1,53,0" doraHai="60" doraHaiUra="26" who="2" fromWho="1" sc="276,0,237,-123,295,133,182,0" /><INIT seed="2,2,0,0,0,116" ten="276,114,428,182" oya="2" hai0="19,40,17,79,104,134,68,7,57,42,37,51,39" hai1="41,18,43,49,97,98,48,66,8,69,23,107,33" hai2="10,34,117,96,1,100,24,35,131,76,111,6,47" hai3="86,103,78,80,32,110,106,84,64,128,109,135,3"/><V82/><F117/><W125/><G32/><T122/><D104/><U4/><E33/><V120/><F131/><W123/><G3/><T77/><D57/><U119/><E119/><V21/><F111/><N who="3" m="42507" /><G64/><T65/><D51/><U92/><E107/><N who="2" m="63879" /><F21/><W31/><G31/><T44/><D65/><U20/><E66/><V15/><F15/><W81/><G128/><T67/><D67/><U127/><E92/><V105/><F105/><W91/><G125/><T9/><D68/><U30/><E30/><V101/><F101/><W115/><G135/><T11/><D44/><U72/><E72/><N who="2" m="43271" /><F24/><W133/><G133/><T56/><D134/><U46/><E69/><V113/><F113/><W59/><G59/><T14/><D56/><U45/><E127/><V95/><F95/><W62/><G62/><T118/><D118/><U102/><E102/><V52/><F35/><W13/><G13/><T61/><D14/><U54/><E54/><V29/><F52/><W93/><G115/><T25/><D25/><U94/><E94/><V83/><F47/><W108/><G108/><T58/><D58/><U16/><REACH who="1" step="1"/><E8/><REACH who="1" ten="276,104,428,182" step="2"/><V114/><F29/><W87/><G106/><T70/><D70/><U0/><E0/><V53/><F53/><W2/><G2/><T60/><D11/><U55/><E55/><V74/><F34/><W112/><G112/><T88/><D9/><U71/><E71/><V5/><F114/><W26/><G103/><T27/><D61/><U22/><E22/><V28/><F28/><W63/><G63/><T75/><D60/><U126/><E126/><V38/><F1/><RYUUKYOKU ba="2,1" sc="276,-10,104,30,428,-10,182,-10" hai1="4,16,18,20,23,41,43,45,46,48,49,97,98" /><INIT seed="3,3,1,0,2,18" ten="266,134,418,172" oya="3" hai0="130,84,115,73,28,69,70,71,68,2,91,99,58" hai1="22,65,98,110,60,123,54,23,125,10,103,24,114" hai2="85,95,50,76,129,37,81,88,94,26,116,80,106" hai3="34,15,33,48,133,17,44,79,89,111,39,5,46"/><W126/><G133/><T74/><D2/><U128/><E123/><V13/><F37/><W21/><G126/><T113/><D130/><U92/><E114/><N who="0" m="43529" /><D71/><U47/><E128/><V93/><F129/><W66/><G79/><T127/><D127/><U118/><E125/><V107/><F116/><W49/><G39/><T72/><D28/><U77/><E118/><V40/><F13/><W75/><G75/><T87/><D58/><U1/><E77/><N who="2" m="46223" /><F50/><W83/><G66/><T36/><D36/><U131/><E110/><V3/><F26/><W4/><G111/><T78/><D78/><U101/><E101/><V14/><F14/><W100/><G100/><T108/><D108/><U52/><E131/><V20/><F20/><W0/><G0/><T11/><D11/><U105/><E105/><N who="2" m="39947" /><F40/><N who="3" m="24583" /><G34/><T53/><D53/><U16/><E23/><V31/><F31/><W64/><G64/><T109/><D109/><U42/><E42/><V12/><F12/><W38/><G38/><T61/><D61/><U30/><E30/><V41/><F41/><N who="3" m="24783" /><G33/><T45/><D45/><U32/><E32/><V132/><F132/><W62/><G62/><T7/><D7/><U104/><E47/><V43/><F43/><W135/><G135/><T8/><D8/><U120/><E104/><V55/><F55/><W90/><G83/><T29/><D29/><U82/><E82/><V27/><F3/><W57/><G57/><T122/><D122/><U121/><E121/><V117/><F117/><W63/><G63/><T119/><D119/><U96/><E120/><V124/><F124/><W51/><G51/><RYUUKYOKU ba="3,1" sc="266,15,134,-15,418,-15,172,15" hai0="68,69,70,72,73,74,84,87,91,99" hai3="4,5,15,17,21,89,90" /><INIT seed="3,4,1,3,3,41" ten="281,119,403,187" oya="3" hai0="34,75,91,72,78,12,100,131,90,43,27,81,33" hai1="66,25,39,70,22,135,80,18,116,128,45,60,133" hai2="10,115,32,92,30,40,87,20,63,119,124,117,21" hai3="51,97,85,13,28,109,9,14,126,122,130,125,17"/><W79/><G122/><T89/><D131/><U0/><E128/><V49/><F115/><W76/><G130/><T50/><D100/><U47/><E39/><V36/><F32/><W48/><G28/><T99/><D72/><U11/><E116/><V95/><F36/><W54/><G51/><T105/><D105/><U23/><E23/><V104/><F104/><W55/><G54/><T3/><D3/><U31/><E80/><V58/><F10/><W4/><G97/><T53/><D43/><U120/><E120/><V118/><F124/><N who="3" m="47723" /><G109/><T35/><D12/><U67/><E67/><V101/><F30/><W94/><G94/><T38/><D38/><U82/><E82/><V16/><F95/><W98/><G98/><T111/><D111/><U71/><E71/><V19/><F101/><W113/><G85/><T57/><REACH who="0" step="1"/><D99/><REACH who="0" ten="271,119,403,187" step="2"/><U123/><E123/><V77/><F40/><W88/><G113/><T2/><D2/><U96/><E96/><V103/><F103/><W134/><G134/><N who="1" m="51210" /><E0/><V62/><F119/><W112/><G112/><T121/><D121/><U29/><E29/><AGARI ba="4,2" hai="27,29,33,34,35,50,53,57,75,78,81,89,90,91" machi="29" ten="40,2600,0" yaku="1,1,53,1" doraHai="41" doraHaiUra="106" who="0" fromWho="1" sc="271,58,119,-38,403,0,187,0" /><INIT seed="4,0,0,4,3,11" ten="329,81,403,187" oya="0" hai0="62,25,48,63,19,88,66,128,37,67,15,95,104" hai1="111,4,75,17,93,113,101,53,41,30,27,117,107" hai2="80,68,58,9,126,108,16,59,31,110,121,115,32" hai3="102,120,47,6,21,92,39,33,83,118,23,125,103"/><T89/><D37/><U87/><E111/><V135/><F121/><W52/><G118/><T64/><D104/><U122/><E117/><V0/><F68/><W65/><G33/><T81/><D128/><U20/><E122/><V119/><F119/><W55/><G120/><T12/><D48/><U7/><E75/><V45/><F115/><W69/><G125/><T91/><D81/><U56/><E113/><V114/><F114/><W76/><G69/><T77/><D77/><U132/><E132/><V73/><F135/><W29/><G65/><T98/><D25/><U18/><E41/><V130/><F126/><W116/><G6/><T44/><D44/><U3/><E107/><V61/><F130/><W85/><G116/><T26/><D26/><U60/><E3/><V40/><F59/><W99/><G103/><N who="0" m="60895" /><D19/><U123/><E18/><V74/><F31/><W78/><G78/><T71/><D71/><U5/><E123/><V86/><F32/><W46/><G29/><T2/><D2/><U129/><E129/><V94/><F94/><W105/><G105/><T10/><D10/><U35/><E101/><V50/><F74/><W43/><REACH who="3" step="1"/><G46/><REACH who="3" ten="329,81,403,177" step="2"/><T38/><D38/><U72/><E7/><V82/><F45/><W106/><G106/><T51/><D51/><U84/><E5/><V49/><F49/><W22/><AGARI ba="0,1" hai="21,22,23,39,43,47,52,55,76,83,85,92,99,102" machi="22" ten="30,4000,0" yaku="1,1,0,1,54,1,53,0" doraHai="11" doraHaiUra="133" who="3" fromWho="3" sc="329,-20,81,-10,403,-10,177,50" /><INIT seed="5,0,0,5,3,28" ten="309,71,393,227" oya="1" hai0="94,48,63,104,58,122,119,80,118,59,120,11,54" hai1="15,76,17,102,127,77,86,69,32,10,40,49,85" hai2="95,20,3,39,70,67,87,43,55,97,37,81,13" hai3="110,82,52,114,83,1,103,89,25,74,16,36,12"/><U90/><E69/><V9/><F3/><W125/><G110/><T29/><D104/><U108/><E108/><V133/><F133/><W0/><G36/><T72/><D11/><U116/><E116/><V53/><F20/><W134/><G134/><T113/><D94/><U121/><E121/><N who="0" m="46697" /><D29/><U107/><E127/><V62/><F55/><W41/><G41/><T23/><D23/><U35/><E102/><V111/><F111/><W129/><G114/><T38/><D80/><U31/><E107/><V92/><F53/><W30/><G129/><T60/><D72/><U132/><E132/><V84/><F43/><W100/><G83/><T128/><D113/><U130/><E130/><V93/><F97/><W27/><G27/><T19/><D19/><U75/><E75/><V123/><F123/><W106/><G106/><T50/><D38/><U56/><E86/><V101/><F101/><W112/><G125/><T105/><D105/><U115/><E115/><V135/><F135/><W47/><G1/><T45/><D128/><U88/><E56/><N who="0" m="21545" /><D50/><U65/><E65/><V51/><F51/><N who="3" m="28799" /><G0/><T78/><D78/><U91/><E31/><V46/><F81/><W57/><G74/><T18/><D18/><U99/><E99/><V96/><F96/><W26/><G112/><T21/><D21/><U61/><E61/><AGARI ba="0,0" hai="45,48,54,60,61,63,118,119" m="21545,46697" machi="61" ten="30,3900,0" yaku="13,1,34,2" doraHai="28" who="0" fromWho="1" sc="309,39,71,-39,393,0,227,0" /><INIT seed="6,0,0,1,3,5" ten="348,32,393,227" oya="2" hai0="119,9,48,62,35,116,107,11,130,122,19,101,74" hai1="45,115,54,25,63,1,53,43,127,79,49,124,51" hai2="57,75,134,103,112,88,106,123,32,113,85,68,97" hai3="40,90,94,125,135,71,3,14,13,23,47,111,96"/><V8/><F68/><W50/><G111/><T42/><D122/><U128/><E25/><V100/><F123/><W36/><G125/><T65/><D74/><U10/><E79/><V6/><F32/><W70/><G3/><T61/><D130/><U91/><E91/><V82/><F134/><W21/><G135/><T81/><D35/><U98/><E98/><V46/><F103/><W20/><G36/><T78/><D62/><U55/><E1/><V104/><F75/><W99/><G99/><N who="0" m="61887" /><D19/><U31/><E31/><V69/><F69/><W59/><G70/><N who="0" m="42287" /><D48/><U129/><E10/><N who="0" m="3593" /><D78/><U102/><E102/><V16/><F16/><W131/><G71/><T133/><D81/><U39/><E63/><V17/><F17/><W66/><G131/><T33/><D33/><U93/><E93/><N who="2" m="58415" /><F57/><W83/><G83/><T27/><D27/><U80/><E80/><V15/><F46/><W29/><G59/><T120/><D42/><U28/><E129/><V34/><F34/><W44/><G44/><T117/><D133/><U132/><E128/><V7/><F7/><W12/><G66/><T76/><D76/><U72/><E72/><V84/><F84/><W52/><G40/><T118/><D118/><U89/><E132/><V121/><F121/><W2/><G2/><T108/><D120/><U37/><E37/><V30/><F30/><AGARI ba="0,0" hai="12,13,14,20,21,23,29,30,47,50,52,90,94,96" machi="30" ten="40,2600,0" yaku="8,1,54,1" doraHai="5" who="3" fromWho="2" sc="348,0,32,0,393,-26,227,26" /><INIT seed="7,0,0,0,3,77" ten="348,32,367,253" oya="3" hai0="11,91,118,62,13,85,56,10,65,131,40,74,127" hai1="59,66,26,24,41,17,107,103,71,61,109,94,9" hai2="75,114,29,48,1,115,47,117,96,133,106,73,5" hai3="28,72,45,30,79,49,110,63,86,111,84,46,36"/><W80/><G63/><T19/><D74/><U44/><E107/><V113/><F117/><W119/><G119/><T54/><D118/><U32/><E32/><V34/><F133/><W100/><G100/><T42/><D127/><U128/><E128/><V88/><F1/><W55/><G30/><T14/><D65/><U6/><E109/><V2/><F2/><W90/><G28/><T27/><D27/><U105/><E105/><V126/><F5/><W58/><G72/><T16/><D131/><U33/><E33/><V60/><F126/><W53/><G36/><T123/><D123/><U4/><E71/><V130/><F130/><W112/><G112/><T81/><AGARI ba="0,0" hai="10,11,13,14,16,19,40,42,54,56,62,81,85,91" machi="81" ten="20,12000,2" yaku="0,1,7,1,9,1,8,1,52,1,54,1" doraHai="77" who="0" fromWho="0" sc="348,120,32,-30,367,-30,253,-60" owari="468,56.8,2,-49.8,337,13.7,193,-20.7" /></mjloggm>