<mjloggm ver="2.3"><GO type="169" lobby="0"/><UN n0="%6B%61%74%65%72%69%6E%61" n1="%E3%81%8B%E3%82%81%E3%81%98%E3%82%8D%E3%81%86" n2="%E6%BB%9D%E6%9C%AC%E3%81%B2%E3%81%B5%E3%81%BF%EF%BC%81" n3="%E6%95%97%E5%8C%97%E8%80%85%E3%81%AD%E3%82%8B" dan="16,17,16,17" rate="2111.86,2220.40,2177.81,2187.99" sx="M,M,M,F"/><TAIKYOKU oya="0"/><INIT seed="0,0,0,3,4,131" ten="250,250,250,250" oya="0" hai0="110,55,32,56,12,68,122,79,18,51,2,71,6" hai1="96,67,108,129,26,120,75,78,118,62,35,23,123" hai2="4,57,58,77,5,17,135,130,134,61,44,69,74" hai3="92,52,46,104,95,112,119,132,39,101,49,1,28"/><T88/><D122/><U72/><E118/><V53/><F130/><W84/><G112/><T42/><D32/><U127/><E129/><V90/><F69/><W66/><G119/><T107/><D107/><U8/><E108/><V103/><F44/><W14/><G1/><T3/><D79/><U60/><E127/><V105/><F90/><W70/><G28/><T113/><D113/><U85/><E8/><V25/><F74/><W11/><G132/><N who="2" m="50729" /><F77/><W45/><G45/><T125/><D125/><U117/><E35/><V19/><F25/><W43/><G104/><T83/><D110/><U106/><E85/><V73/><F73/><W41/><G101/><T111/><D111/><U22/><E26/><V36/><F36/><W29/><G29/><T9/><D42/><U47/><E47/><V21/><F57/><N who="3" m="32911" /><G84/><T65/><D71/><U7/><E78/><V133/><N who="2" m="50737" /><V109/><DORA hai="86" /><F109/><W59/><G59/><T50/><D68/><U33/><E72/><V126/><F126/><W63/><G41/><T31/><D88/><U100/><E75/><V93/><F105/><W91/><G91/><T37/><D37/><U121/><E106/><V40/><F40/><W24/><G24/><T27/><D27/><U80/><E120/><V30/><F30/><W20/><G20/><T54/><D31/><U81/><E23/><V94/><F94/><W89/><G89/><T16/><D56/><U98/><E22/><V124/><F124/><W64/><G64/><T15/><D65/><U97/><E123/><V76/><F76/><W13/><G11/><T102/><D102/><RYUUKYOKU ba="0,0" sc="250,-10,250,-10,250,-10,250,30" hai3="13,14,39,43,46,63,66,70,92,95" /><INIT seed="1,1,0,5,5,6" ten="240,240,240,280" oya="1" hai0="33,17,77,24,16,14,132,58,85,43,69,29,30" hai1="26,46,5,48,76,97,74,99,101,123,124,12,84" hai2="122,54,114,0,56,133,59,134,68,131,107,38,127" hai3="70,89,39,115,61,86,10,96,50,25,121,82,81"/><U92/><E123/><V112/><RYUUKYOKU type="yao9" ba="1,0" sc="240,0,240,0,240,0,280,0" hai2="0,38,54,56,59,68,107,112,114,122,127,131,133,134" /><INIT seed="1,2,0,3,5,112" ten="240,240,240,280" oya="1" hai0="131,127,77,98,60,22,9,53,17,97,114,59,107" hai1="16,30,89,54,62,126,58,111,50,113,43,28,105" hai2="66,120,27,55,11,19,7,118,49,18,130,20,109" hai3="67,44,106,41,102,104,1,135,116,86,74,110,65"/><U79/><E113/><V88/><F109/><W5/><G74/><T133/><D114/><U56/><E126/><V15/><F130/><W91/><G110/><T71/><D131/><U39/><E111/><V134/><F120/><W4/><G135/><T57/><D127/><U14/><E105/><V13/><F134/><W115/><G115/><T72/><D133/><U10/><E79/><V35/><F66/><W73/><G73/><T87/><D72/><U78/><E78/><V23/><F35/><W2/><G102/><T24/><D71/><U129/><E129/><V52/><F118/><W95/><G116/><T125/><D125/><U121/><E121/><V101/><F101/><W29/><G29/><T42/><D42/><U76/><E76/><V108/><F108/><W103/><G4/><T25/><D25/><U36/><E36/><V122/><F122/><W94/><G94/><T124/><D107/><U69/><E69/><V46/><REACH who="2" step="1"/><F88/><REACH who="2" ten="240,240,230,280" step="2"/><W92/><G103/><T80/><D124/><U99/><E89/><V48/><F48/><W12/><G106/><T68/><D68/><U84/><E99/><V3/><F3/><W82/><G104/><T47/><D97/><U96/><E96/><V33/><F33/><W90/><G2/><T61/><D98/><U93/><E93/><V83/><F83/><N who="3" m="49503" /><G1/><T21/><D80/><U119/><E119/><V32/><F32/><W34/><G34/><T40/><D77/><U45/><REACH who="1" step="1"/><E84/><REACH who="1" ten="240,230,230,280" step="2"/><V85/><F85/><N who="3" m="50615" /><G95/><T38/><D87/><U37/><E37/><V0/><F0/><W8/><G92/><T123/><D38/><AGARI ba="2,2" hai="5,8,12,38,41,44,65,67" m="50615,49503" machi="38" ten="30,1000,0" yaku="6,1" doraHai="112" who="3" fromWho="0" sc="240,-16,230,0,230,0,280,36" /><INIT seed="2,0,0,4,4,79" ten="224,230,230,316" oya="2" hai0="63,84,75,7,56,58,109,29,41,31,121,90,127" hai1="43,49,125,0,5,105,73,39,135,32,115,2,36" hai2="123,82,25,128,78,37,23,70,10,52,38,45,107" hai3="111,60,46,130,98,74,35,62,129,42,6,132,122"/><V101/><F123/><W87/><G122/><T117/><D121/><U114/><E49/><V34/><F34/><W15/><G74/><T21/><D75/><U126/><E135/><V133/><F70/><W119/><G35/><T104/><D104/><U120/><E120/><V81/><F128/><N who="3" m="49259" /><G119/><T33/><D33/><U94/><E94/><V112/><F133/><W51/><G111/><T54/><D109/><U13/><E13/><V89/><F112/><N who="1" m="43049" /><E105/><V113/><F113/><W9/><G132/><T124/><D117/><U64/><E64/><V92/><F10/><W30/><G30/><T55/><D41/><U14/><E14/><V86/><F107/><W59/><G59/><T76/><D76/><U65/><E65/><V8/><F8/><W1/><G1/><N who="1" m="618" /><E5/><V27/><F101/><W19/><G98/><T22/><D7/><U26/><E73/><V83/><F78/><W116/><G116/><T106/><D106/><U91/><E91/><V102/><F102/><W72/><G72/><T16/><D90/><U100/><E100/><V48/><REACH who="2" step="1"/><F25/><REACH who="2" ten="224,230,220,316" step="2"/><W61/><G87/><T108/><D84/><U85/><E85/><V71/><F71/><W28/><G28/><AGARI ba="0,1" hai="23,27,28,37,38,45,48,52,81,82,83,86,89,92" machi="28" ten="40,12000,1" yaku="1,1,52,3,54,1,53,0" doraHai="79" doraHaiUra="53" who="2" fromWho="3" sc="224,0,230,0,220,130,316,-120" /><INIT seed="2,1,0,4,1,103" ten="224,230,350,196" oya="2" hai0="46,121,64,21,28,132,3,17,122,25,117,96,107" hai1="85,134,112,35,125,120,97,27,68,9,2,118,106" hai2="43,54,44,57,32,42,76,36,119,1,11,37,6" hai3="91,47,101,82,26,49,65,126,15,81,53,22,20"/><V100/><F119/><W34/><G126/><T92/><D3/><U70/><RYUUKYOKU type="yao9" ba="1,0" sc="224,0,230,0,350,0,196,0" hai1="2,9,27,35,68,70,85,97,106,112,118,120,125,134" /><INIT seed="2,2,0,5,5,14" ten="224,230,350,196" oya="2" hai0="27,15,57,59,124,75,31,51,126,128,92,114,106" hai1="23,66,80,98,19,112,47,104,42,0,68,4,134" hai2="132,16,94,78,61,8,121,45,120,86,90,133,70" hai3="44,131,24,76,38,101,49,109,110,85,6,3,129"/><V22/><F45/><W53/><G38/><T18/><D106/><U62/><E112/><V108/><F8/><N who="3" m="2143" /><G101/><T74/><D114/><U37/><E134/><N who="2" m="51819" /><F108/><N who="3" m="41579" /><G24/><T71/><D71/><U77/><E98/><V107/><F107/><W10/><G10/><T60/><D128/><N who="3" m="49225" /><G85/><T36/><D36/><U64/><E104/><V33/><F33/><W58/><G76/><T40/><D75/><U32/><E32/><V50/><F78/><W54/><G58/><T127/><D74/><U46/><E4/><V29/><F29/><W52/><AGARI ba="2,0" hai="44,49,52,53,54" m="49225,41579,2143" machi="52" ten="40,5200,0" yaku="14,1,19,1,54,1" doraHai="14" who="3" fromWho="3" sc="224,-15,230,-15,350,-28,196,58" /><INIT seed="3,0,0,1,3,121" ten="209,215,322,254" oya="3" hai0="67,0,122,117,124,135,8,16,69,47,90,115,27" hai1="62,89,56,78,123,58,19,74,97,14,59,45,65" hai2="6,99,98,134,4,105,68,108,104,7,116,93,73" hai3="43,119,20,87,100,38,28,94,70,102,82,46,30"/><W132/><G119/><T63/><D117/><U118/><E118/><V51/><F116/><RYUUKYOKU type="kaze4" ba="0,0" sc="209,0,215,0,322,0,254,0" /><INIT seed="3,1,0,2,5,55" ten="209,215,322,254" oya="3" hai0="109,47,94,127,74,25,121,91,34,110,87,35,90" hai1="66,107,72,42,82,6,13,54,43,33,95,41,51" hai2="105,4,48,89,21,104,50,75,18,114,30,1,3" hai3="15,117,44,92,131,100,22,123,132,101,0,61,80"/><W83/><G117/><T5/><D121/><U38/><E33/><V98/><F114/><W71/><G123/><T77/><D127/><U65/><E107/><V69/><F69/><W86/><G0/><T84/><D5/><U70/><E38/><V32/><F75/><W68/><G131/><T129/><D129/><U99/><E70/><V37/><F37/><W29/><G132/><T85/><D47/><U112/><E112/><V126/><F126/><W97/><G101/><T93/><D74/><U108/><E108/><N who="0" m="41577" /><D25/><U2/><E2/><V113/><F113/><W9/><G44/><T115/><D115/><U64/><E82/><AGARI ba="1,0" hai="34,35,77,82,84,85,87,90,91,93,94" m="41577" machi="82" ten="30,1000,0" yaku="14,1" doraHai="55" who="0" fromWho="1" sc="209,13,215,-13,322,0,254,0" /><INIT seed="4,0,0,2,1,58" ten="222,202,322,254" oya="0" hai0="71,17,105,87,8,111,75,13,53,6,42,86,124" hai1="46,80,130,135,66,10,38,83,36,104,44,34,18" hai2="47,24,68,132,4,102,101,14,12,69,77,131,134" hai3="2,126,79,55,114,103,49,39,133,72,125,7,32"/><T9/><D75/><U48/><E104/><V116/><F131/><W119/><G39/><T73/><D73/><U15/><E34/><V74/><F116/><W57/><G32/><T51/><D105/><U129/><E135/><N who="2" m="51755" /><F24/><W0/><G119/><T5/><D71/><N who="2" m="27210" /><F47/><W118/><G118/><T63/><D124/><N who="3" m="47721" /><G133/><T3/><D111/><U85/><E66/><V11/><F12/><W93/><G7/><T100/><D100/><U23/><E23/><V122/><F122/><W21/><G114/><T91/><D42/><U54/><E46/><V90/><F90/><W50/><G50/><T96/><D6/><U81/><REACH who="1" step="1"/><E85/><REACH who="1" ten="222,192,322,254" step="2"/><V20/><F20/><W67/><G21/><T31/><D87/><U33/><E33/><V52/><F52/><N who="3" m="31887" /><G67/><T99/><D53/><U123/><E123/><V25/><F25/><W110/><G55/><T16/><D86/><U27/><E27/><V59/><F59/><W95/><G110/><T43/><D43/><U60/><E60/><V94/><F94/><N who="3" m="35851" /><G103/><T109/><D109/><U84/><E84/><V120/><F120/><W64/><G64/><T108/><D108/><U82/><N who="1" m="20480" /><DORA hai="37" /><U97/><E97/><V62/><F74/><W117/><G117/><T40/><D96/><U19/><E19/><V70/><F77/><W35/><G35/><T76/><D76/><U30/><E30/><V29/><F29/><W106/><G106/><T127/><D31/><U22/><E22/><V115/><F115/><W107/><G107/><T88/><D127/><U65/><E65/><AGARI ba="0,1" hai="4,11,14,62,65,70,101,102" m="27210,51755" machi="65" ten="30,2000,0" yaku="20,1,52,1" doraHai="58,37" who="2" fromWho="1" sc="222,0,192,-20,322,30,254,0" /><INIT seed="5,0,0,2,4,101" ten="222,172,352,254" oya="1" hai0="62,24,97,135,35,15,42,11,44,34,104,123,40" hai1="132,85,133,3,125,31,95,1,29,2,17,107,71" hai2="12,79,119,53,105,91,83,52,30,109,96,61,26" hai3="28,13,57,112,6,68,72,43,33,8,19,65,89"/><U80/><E71/><V110/><F119/><W87/><G68/><T5/><D135/><N who="1" m="51787" /><E95/><N who="2" m="56447" /><F105/><W106/><G72/><T20/><D123/><U120/><E120/><V127/><F109/><W126/><G106/><T99/><D62/><U103/><E125/><V59/><F110/><W50/><G112/><T37/><D42/><U63/><E63/><V77/><F127/><W73/><G73/><T4/><D4/><U75/><E75/><V69/><F69/><W56/><G65/><T14/><D14/><U16/><E29/><V117/><F117/><W58/><G126/><T98/><REACH who="0" step="1"/><D104/><REACH who="0" ten="212,172,352,254" step="2"/><U70/><E70/><V25/><F12/><W111/><G6/><T113/><D113/><U18/><E31/><AGARI ba="0,1" hai="5,11,15,20,24,31,34,35,37,40,44,97,98,99" machi="31" ten="40,2600,0" yaku="1,1,53,1" doraHai="101" doraHaiUra="9" who="0" fromWho="1" sc="212,36,172,-26,352,0,254,0" /><INIT seed="6,0,0,0,5,60" ten="248,146,352,254" oya="2" hai0="46,8,111,13,130,30,62,87,123,72,96,84,79" hai1="100,44,89,99,127,10,92,85,115,1,21,51,5" hai2="120,98,82,106,125,28,101,135,109,4,41,104,102" hai3="27,57,53,80,105,58,129,93,48,61,121,22,81"/><V35/><F120/><W76/><G121/><T107/><D123/><U23/><E115/><V45/><F135/><W38/><G105/><T90/><D111/><U132/><E127/><V37/><F125/><W7/><G38/><T32/><D130/><U25/><E132/><V133/><F133/><W117/><G117/><T65/><D46/><U124/><E124/><V36/><F109/><W18/><G129/><T118/><D118/><U75/><E75/><V66/><F4/><W113/><G113/><T83/><D30/><U29/><E29/><V2/><F2/><W68/><G68/><T128/><D32/><U94/><REACH who="1" step="1"/><E25/><REACH who="1" ten="248,136,352,254" step="2"/><V42/><F28/><W114/><G114/><T40/><D128/><U110/><E110/><V50/><F35/><W73/><G7/><T24/><D24/><U34/><E34/><V71/><F36/><W26/><G27/><T52/><D72/><U78/><E78/><V54/><F37/><W88/><G76/><T134/><D79/><U47/><E47/><V20/><F45/><W33/><G73/><T95/><D134/><U11/><E11/><V19/><F20/><W119/><G33/><T131/><D131/><U0/><E0/><V55/><F104/><W91/><G119/><T9/><D107/><U97/><E97/><V122/><F98/><N who="3" m="57639" /><G91/><T15/><D96/><U126/><E126/><V108/><F106/><W86/><G86/><T59/><D87/><U31/><E31/><V39/><F122/><W64/><AGARI ba="0,1" hai="18,22,26,48,53,57,58,61,64,80,81" m="57639" machi="64" ten="30,4000,0" yaku="8,1,52,1,54,1" doraHai="60" who="3" fromWho="3" sc="248,-10,136,-10,352,-20,254,50" /><INIT seed="7,0,0,1,1,132" ten="238,126,332,304" oya="3" hai0="118,70,4,52,3,43,126,69,84,26,88,0,87" hai1="54,42,10,86,127,44,7,68,38,51,39,22,121" hai2="95,113,80,98,56,57,20,125,36,103,72,58,96" hai3="18,99,74,46,8,108,6,104,19,34,111,124,12"/><W61/><G74/><T11/><D118/><U114/><E121/><V100/><F36/><W60/><G34/><T21/><D43/><U116/><E116/><V101/><F113/><W31/><G124/><T9/><D126/><U27/><E114/><V15/><F125/><W65/><G31/><T5/><D84/><U78/><E127/><V91/><F72/><W14/><G46/><T120/><D120/><U123/><E68/><V62/><F80/><W35/><G35/><T28/><REACH who="0" step="1"/><D52/><REACH who="0" ten="228,126,332,304" step="2"/><U97/><E123/><V77/><F77/><W67/><G99/><T1/><D1/><U71/><E71/><V89/><F96/><W92/><G104/><T49/><D49/><U90/><E54/><V129/><F98/><W32/><G32/><T33/><D33/><U110/><E110/><N who="3" m="42026" /><G92/><AGARI ba="0,1" hai="0,3,4,5,9,11,21,26,28,69,70,87,88,92" machi="92" ten="30,7700,0" yaku="1,1,7,1,9,1,54,1,53,0" doraHai="132" doraHaiUra="102" who="0" fromWho="3" sc="228,87,126,0,332,0,304,-77" owari="315,11.5,126,-37.4,332,43.2,227,-17.3" /></mjloggm>