<mjloggm ver="2.3"><GO type="169" lobby="0"/><UN n0="%4D%72%52%41%4D%4F" n1="%E5%8B%98%E5%BC%81%E3%81%97%E3%81%A6%E3%82%88" n2="%E8%80%81%E6%A5%BD" n3="%E3%83%94%E3%83%B3%E3%82%B5%E3%83%AD%E5%BA%97%E5%93%A1" dan="16,17,17,17" rate="2143.31,2222.53,2212.59,2233.44" sx="M,M,M,M"/><TAIKYOKU oya="0"/><INIT seed="0,0,0,5,1,77" ten="250,250,250,250" oya="0" hai0="18,32,110,85,94,106,90,124,13,114,121,122,3" hai1="67,53,98,132,71,61,117,81,87,103,130,73,91" hai2="68,23,8,9,28,75,25,116,102,45,33,38,14" hai3="69,2,128,113,64,22,7,4,0,135,126,51,16"/><T12/><D114/><U10/><E130/><V104/><F38/><W100/><G100/><T127/><D3/><N who="3" m="1065" /><G51/><T88/><D106/><U40/><E132/><V54/><F75/><W56/><G56/><T19/><D32/><U79/><E117/><V123/><F45/><W112/><G64/><T119/><D119/><U20/><E10/><V24/><F54/><W83/><G83/><T17/><D110/><U92/><E20/><V93/><F93/><W97/><G97/><T95/><D19/><U66/><E66/><V35/><F116/><W63/><G63/><T111/><D111/><U86/><E53/><V62/><F14/><N who="3" m="9495" /><G69/><T37/><D85/><U15/><E15/><V70/><F123/><W27/><G128/><T78/><D78/><U52/><E40/><V59/><F59/><W29/><G126/><T101/><D101/><U108/><E108/><V5/><F70/><W118/><G135/><T60/><D60/><U57/><E103/><V109/><F109/><W72/><G72/><T49/><D49/><AGARI ba="0,0" hai="49,52,57,61,67,71,73,79,81,86,87,91,92,98" machi="49" ten="30,3900,0" yaku="7,1,52,1,54,1" doraHai="77" who="1" fromWho="0" sc="250,-39,250,39,250,0,250,0" /><INIT seed="1,0,0,2,4,54" ten="211,289,250,250" oya="1" hai0="61,82,12,113,52,108,74,16,44,51,134,75,116" hai1="126,98,4,125,62,27,133,14,65,83,7,94,28" hai2="18,40,109,5,36,101,1,72,73,79,87,32,117" hai3="50,111,35,97,17,58,76,96,41,20,67,59,105"/><U43/><E43/><V78/><F18/><W69/><G35/><T22/><D108/><U81/><E133/><V128/><F87/><W77/><G69/><T112/><D134/><U104/><E104/><V131/><F101/><W33/><G33/><T11/><D116/><U85/><E14/><V102/><F102/><W80/><G111/><T23/><D61/><U122/><E122/><V34/><F109/><W26/><G105/><T92/><D92/><U64/><E64/><V115/><F117/><W31/><G31/><T56/><D44/><U42/><E42/><V120/><F115/><W60/><G77/><T3/><D3/><U24/><E24/><V30/><F120/><W47/><REACH who="3" step="1"/><G58/><REACH who="3" ten="211,289,250,240" step="2"/><T114/><REACH who="0" step="1"/><D82/><REACH who="0" ten="201,289,250,240" step="2"/><U25/><E83/><V107/><F107/><W13/><G13/><T95/><D95/><U6/><E126/><V57/><F1/><W68/><G68/><T121/><D121/><U90/><E125/><V124/><F124/><W19/><G19/><T123/><D123/><U0/><E0/><V93/><F93/><W21/><G21/><AGARI ba="0,2" hai="11,12,16,21,22,23,51,52,56,74,75,112,113,114" machi="21" ten="40,8000,1" yaku="1,1,52,1,54,2,53,0" doraHai="54" doraHaiUra="135" who="0" fromWho="3" sc="201,100,289,0,250,0,240,-80" /><INIT seed="2,0,0,3,1,90" ten="301,289,250,160" oya="2" hai0="88,116,102,86,133,19,76,55,16,101,35,115,87" hai1="40,70,26,43,84,120,97,68,27,3,108,21,52" hai2="56,77,126,98,118,18,131,113,69,8,15,33,61" hai3="81,93,123,58,74,64,107,28,127,96,51,85,22"/><V78/><F113/><W44/><G127/><T109/><D115/><U20/><E3/><V9/><F118/><W119/><G123/><T7/><D35/><U72/><E72/><V42/><F69/><W29/><G107/><T6/><D116/><U103/><E108/><V23/><F126/><W71/><G74/><T38/><D38/><U37/><E37/><V5/><F33/><W31/><G71/><T47/><D133/><U75/><E75/><V89/><F42/><W135/><G135/><T114/><D109/><U73/><E73/><V17/><F131/><W49/><G119/><T13/><D76/><U2/><E2/><V50/><F50/><W121/><G121/><T10/><D86/><U24/><E70/><V63/><F63/><N who="3" m="38007" /><G22/><T112/><D112/><U1/><E1/><V46/><F46/><W110/><G44/><T48/><D114/><U65/><E120/><V53/><F9/><W4/><G4/><N who="0" m="1579" /><D19/><U30/><E65/><V92/><REACH who="2" step="1"/><F17/><REACH who="2" ten="301,289,240,160" step="2"/><W91/><G110/><T134/><D134/><U129/><E68/><V32/><F32/><W66/><G66/><T0/><D0/><AGARI ba="0,1" hai="0,5,8,15,18,23,53,56,61,77,78,89,92,98" machi="0" ten="30,5800,0" yaku="1,1,7,1,52,1,53,0" doraHai="90" doraHaiUra="25" who="2" fromWho="0" sc="301,-58,289,0,240,68,160,0" /><INIT seed="2,1,0,2,2,99" ten="243,289,308,160" oya="2" hai0="114,82,14,41,106,26,117,104,91,42,1,6,8" hai1="38,115,135,21,0,25,47,124,10,44,133,86,123" hai2="120,12,28,85,100,134,59,49,61,66,45,39,128" hai3="37,77,72,50,79,63,23,65,108,80,116,81,34"/><V2/><F2/><W24/><G108/><T40/><D114/><U56/><E115/><V97/><F120/><W36/><G116/><T46/><D117/><U57/><E124/><V55/><F128/><W67/><G50/><T69/><D69/><U54/><E123/><V13/><F134/><N who="1" m="51209" /><E38/><V32/><F39/><W94/><G94/><T132/><D132/><U5/><E86/><V118/><F118/><W119/><G34/><T103/><D1/><U4/><E4/><V125/><F125/><W89/><G89/><T126/><D126/><U74/><E74/><V127/><F127/><W90/><G90/><T129/><D129/><U16/><E57/><V88/><F28/><W60/><G119/><T110/><D110/><U76/><E76/><V83/><REACH who="2" step="1"/><F32/><REACH who="2" ten="243,289,298,160" step="2"/><W7/><G37/><T18/><D40/><U20/><E20/><V93/><AGARI ba="1,1" hai="12,13,45,49,55,59,61,66,83,85,88,93,97,100" machi="93" ten="20,24000,3" yaku="1,1,2,1,0,1,7,1,8,1,52,1,54,1,53,1" doraHai="99" doraHaiUra="62" who="2" fromWho="2" sc="243,-81,289,-81,298,253,160,-81" /><INIT seed="2,2,0,4,5,103" ten="162,208,551,79" oya="2" hai0="23,83,85,125,108,76,19,7,89,121,132,97,47" hai1="58,46,77,80,106,101,29,78,93,59,25,22,55" hai2="69,4,92,129,5,10,84,63,11,27,86,124,91" hai3="128,88,131,38,32,120,40,111,94,31,118,72,33"/><V15/><F124/><W13/><G118/><T82/><D121/><U126/><E126/><V115/><F115/><W73/><G120/><T127/><D108/><U65/><E65/><V6/><F129/><N who="3" m="49739" /><G111/><T119/><D132/><U95/><E106/><V112/><F112/><W114/><G114/><T67/><D119/><U48/><E78/><V42/><F42/><W57/><G57/><T62/><D7/><U102/><E95/><V26/><F69/><W133/><G133/><T81/><D47/><U52/><E93/><V44/><F44/><N who="3" m="23575" /><G13/><T110/><D110/><U18/><E29/><V75/><F75/><N who="3" m="28747" /><G31/><T36/><D36/><U107/><E107/><V100/><F63/><W20/><G20/><T45/><D45/><U21/><E46/><V130/><F130/><W56/><G56/><N who="0" m="37319" /><D127/><U28/><E80/><N who="0" m="30825" /><D125/><U2/><E2/><V70/><F70/><W8/><G8/><N who="2" m="3113" /><F100/><W9/><G9/><T109/><D109/><U0/><E0/><V60/><F15/><W24/><G24/><N who="2" m="9257" /><F60/><W134/><G134/><T16/><D23/><U50/><E77/><V113/><F113/><W51/><G51/><T34/><D34/><U71/><E71/><V105/><F105/><W104/><G104/><T41/><D41/><U14/><AGARI ba="2,0" hai="14,18,21,22,25,28,48,50,52,55,58,59,101,102" machi="14" ten="20,8000,1" yaku="0,1,7,1,9,1,8,1,54,1" doraHai="103" who="1" fromWho="1" sc="162,-22,208,86,551,-42,79,-22" /><INIT seed="3,0,0,1,4,81" ten="140,294,509,57" oya="3" hai0="26,16,123,32,112,93,57,55,91,4,125,109,132" hai1="129,21,68,102,1,24,75,34,74,38,104,7,86" hai2="40,47,98,80,108,122,128,61,118,101,77,107,114" hai3="51,131,37,94,92,22,36,5,31,58,70,52,79"/><W103/><G70/><T83/><D123/><U30/><E38/><V115/><F118/><W46/><G131/><T44/><D109/><U25/><E129/><V100/><F128/><W95/><G5/><T9/><D125/><U18/><E68/><V96/><F61/><W19/><G31/><T3/><D132/><U66/><E66/><V97/><F108/><W54/><G79/><T28/><D112/><U6/><E102/><V106/><F122/><W82/><G82/><T124/><D124/><U17/><E104/><V88/><F47/><W116/><G116/><T56/><D83/><U45/><E45/><V41/><F40/><W48/><REACH who="3" step="1"/><G103/><REACH who="3" ten="140,294,509,47" step="2"/><T42/><D4/><U11/><E7/><V113/><F101/><W71/><G71/><T73/><D28/><U78/><E18/><V72/><F100/><W110/><G110/><T23/><D16/><U130/><E130/><V134/><F113/><W39/><G39/><T8/><D3/><U117/><E117/><V35/><F114/><W135/><G135/><T29/><D29/><U127/><E127/><V20/><F134/><W87/><G87/><T99/><D73/><U0/><E0/><V43/><F72/><W126/><G126/><T67/><D32/><U111/><E111/><V2/><F35/><W12/><AGARI ba="0,1" hai="12,19,22,36,37,46,48,51,52,54,58,92,94,95" machi="12" ten="30,6000,0" yaku="1,1,0,1,54,1,53,0" doraHai="81" doraHaiUra="64" who="3" fromWho="3" sc="140,-20,294,-20,509,-20,47,70" /><INIT seed="3,1,0,1,4,121" ten="120,274,489,117" oya="3" hai0="41,94,46,81,48,77,3,60,30,114,85,127,61" hai1="79,56,43,38,21,110,90,101,52,135,35,23,2" hai2="109,15,37,63,69,5,7,86,111,107,130,54,84" hai3="96,42,91,16,55,106,29,122,80,1,75,64,53"/><W45/><G122/><T65/><D3/><U47/><E35/><V104/><F37/><W13/><G1/><T83/><D127/><U32/><E32/><V99/><F130/><W50/><G29/><T134/><D134/><U72/><E135/><V22/><F99/><W44/><G64/><T113/><D30/><U105/><E2/><V119/><F119/><W4/><G4/><T120/><D120/><U14/><E110/><N who="2" m="41995" /><F22/><W68/><G68/><T9/><D94/><U123/><E123/><V11/><F7/><W70/><G70/><T78/><D9/><U126/><E126/><V62/><F54/><W27/><G27/><T108/><D108/><U98/><E23/><V102/><F102/><W129/><G129/><T67/><D67/><U25/><E14/><V12/><F12/><W51/><G106/><N who="2" m="40489" /><F69/><W33/><G33/><T59/><REACH who="0" step="1"/><D61/><AGARI ba="1,0" hai="5,11,15,61,62,63,84,86" m="40489,41995" machi="61" ten="30,7700,0" yaku="14,1,52,3" doraHai="121" who="2" fromWho="0" sc="120,-80,274,0,489,80,117,0" /><INIT seed="4,0,0,0,0,22" ten="40,274,569,117" oya="0" hai0="114,112,89,59,106,133,37,24,47,14,19,121,127" hai1="108,27,41,30,116,38,128,7,43,117,91,74,13" hai2="8,3,69,118,84,58,120,130,40,39,29,54,76" hai3="64,0,44,86,124,109,63,92,4,83,31,110,61"/><T28/><D121/><U51/><E108/><V36/><F69/><W57/><G124/><T129/><D106/><U62/><E38/><V100/><F100/><W71/><G92/><T111/><D127/><U131/><E74/><V122/><F40/><W49/><G4/><T77/><D111/><U123/><E123/><V107/><F29/><W45/><G0/><T79/><D129/><N who="1" m="49739" /><E91/><V94/><F3/><W98/><G98/><T65/><D89/><U132/><E132/><V115/><F8/><W67/><G45/><T46/><D133/><U101/><E101/><V56/><F54/><W2/><G2/><T103/><D103/><U55/><E62/><V104/><F94/><W16/><G31/><T53/><D65/><U21/><E7/><V80/><F84/><W95/><G95/><T12/><D37/><U70/><E13/><N who="0" m="5225" /><D19/><U88/><E70/><V20/><F130/><W82/><G16/><T34/><D79/><U15/><E15/><V105/><F105/><W96/><G96/><T50/><D77/><U35/><E35/><V10/><F76/><W5/><G5/><T75/><D75/><U73/><E73/><V99/><F107/><W134/><G134/><T126/><D126/><U32/><E32/><V66/><F104/><W93/><G93/><T6/><D6/><U102/><E102/><V72/><F122/><W119/><G83/><T48/><D48/><U18/><E18/><V68/><F80/><W1/><G1/><T97/><D97/><U125/><E88/><V113/><F120/><W23/><G110/><T26/><D26/><U17/><E125/><RYUUKYOKU ba="0,0" sc="40,30,274,-10,569,-10,117,-10" hai0="24,28,34,46,47,50,53,59,112,114" /><INIT seed="4,1,0,1,0,18" ten="70,264,559,107" oya="0" hai0="90,114,14,43,133,120,75,119,36,2,96,38,60" hai1="86,130,35,83,87,115,42,108,22,32,126,41,1" hai2="55,23,105,102,113,128,89,97,51,62,13,52,117" hai3="29,48,39,21,15,16,5,71,79,64,27,78,54"/><T68/><D119/><U104/><E1/><V92/><F113/><W11/><G39/><T109/><D120/><U57/><E104/><V80/><F128/><W10/><G64/><T129/><D2/><U106/><E108/><V53/><F117/><W88/><G71/><T7/><D75/><U132/><E106/><V84/><F62/><W66/><G66/><T59/><D68/><U67/><E130/><V34/><F34/><W127/><G127/><T125/><D129/><U26/><E132/><V6/><F105/><W33/><G88/><T19/><D7/><U100/><E100/><V82/><F82/><W58/><REACH who="3" step="1"/><G11/><REACH who="3" ten="70,264,559,97" step="2"/><T110/><D125/><U116/><E126/><V73/><F89/><W112/><G112/><T45/><D114/><U28/><E115/><V30/><F80/><W74/><G74/><T121/><D36/><U122/><E122/><V8/><F73/><W20/><G20/><N who="0" m="11383" /><D121/><U98/><E116/><V134/><F134/><W85/><G85/><T81/><D133/><U101/><E87/><V107/><F84/><W76/><G76/><T69/><D69/><U111/><E86/><V118/><F118/><W123/><G123/><T31/><D81/><U65/><E83/><V3/><F23/><W24/><AGARI ba="1,1" hai="5,10,15,16,21,24,27,29,33,48,54,58,78,79" machi="24" ten="20,12000,2" yaku="1,1,0,1,7,1,52,1,54,1,53,1" doraHai="18" doraHaiUra="46" who="3" fromWho="3" sc="70,-61,264,-31,559,-31,97,133" /><INIT seed="5,0,0,4,4,110" ten="9,233,528,230" oya="1" hai0="4,33,27,113,109,88,16,117,51,75,0,104,132" hai1="50,81,44,69,87,67,135,11,49,102,130,66,84" hai2="124,106,94,22,76,129,114,30,35,45,37,57,83" hai3="10,60,73,105,79,54,95,5,99,53,19,107,133"/><U14/><E130/><V65/><F22/><W123/><G123/><T39/><RYUUKYOKU type="yao9" ba="0,0" sc="9,0,233,0,528,0,230,0" hai0="0,4,16,27,33,39,51,75,88,104,109,113,117,132" /><INIT seed="5,1,0,5,2,97" ten="9,233,528,230" oya="1" hai0="41,42,61,31,38,107,88,98,122,92,11,121,95" hai1="85,5,80,43,113,2,131,15,106,91,124,105,81" hai2="127,8,9,45,51,36,84,23,48,63,67,1,58" hai3="21,76,74,62,40,20,109,17,133,39,54,130,28"/><U64/><E2/><V77/><F127/><W82/><G109/><T96/><D107/><U18/><E5/><V117/><F36/><W49/><G130/><T78/><D31/><U13/><E131/><V111/><F51/><W72/><G133/><T108/><D108/><U83/><E124/><V129/><F117/><W100/><G62/><T16/><D78/><U125/><E125/><V65/><F65/><W27/><G39/><T69/><D69/><U90/><E113/><V68/><F68/><W29/><G40/><T99/><D61/><U60/><E43/><V24/><F1/><W102/><G74/><T132/><D132/><U52/><E106/><V59/><F59/><W79/><G79/><T123/><D38/><U55/><E105/><V86/><F86/><W71/><G71/><T126/><D126/><U6/><E91/><V46/><F46/><W4/><G4/><T66/><D66/><U32/><E32/><V7/><F7/><W75/><G75/><T56/><D56/><N who="1" m="36871" /><E6/><V14/><F111/><W33/><G33/><T103/><D96/><U128/><E15/><AGARI ba="1,0" hai="11,15,16,41,42,88,92,95,98,99,103,121,122,123" machi="15" ten="40,8000,1" yaku="13,1,52,1,54,2" doraHai="97" who="0" fromWho="1" sc="9,83,233,-83,528,0,230,0" /><INIT seed="6,0,0,0,5,73" ten="92,150,528,230" oya="2" hai0="20,55,89,53,6,7,46,54,96,112,33,83,111" hai1="45,32,68,40,119,79,76,101,104,18,94,82,109" hai2="0,11,72,5,133,34,49,113,120,99,70,12,69" hai3="95,1,51,15,61,37,124,128,39,44,91,114,123"/><V38/><F49/><W80/><G1/><T110/><D33/><U26/><E109/><V27/><F12/><W71/><G123/><T118/><D112/><U93/><E119/><V84/><F84/><W108/><G108/><T62/><D118/><U87/><E68/><V67/><F99/><W131/><G15/><T125/><D125/><U66/><E66/><V102/><F102/><W122/><G122/><T97/><D62/><U35/><E104/><V30/><F67/><N who="3" m="41455" /><G80/><T25/><D46/><U107/><E107/><V86/><F86/><N who="3" m="52727" /><G124/><T63/><D63/><U81/><E101/><V78/><F120/><W85/><G85/><N who="0" m="50367" /><D111/><U41/><E18/><V31/><F31/><W48/><G114/><T115/><D115/><U24/><E87/><V98/><F98/><N who="0" m="37994" /><D110/><U13/><E13/><V16/><F113/><W17/><G51/><T47/><D47/><AGARI ba="0,0" hai="24,26,32,35,40,41,45,47,76,79,81,82,93,94" machi="47" ten="25,6400,0" yaku="22,2,52,2" doraHai="73" who="1" fromWho="0" sc="92,-64,150,64,528,0,230,0" /><INIT seed="7,0,0,3,2,117" ten="28,214,528,230" oya="3" hai0="110,85,44,81,52,124,65,97,70,115,39,13,22" hai1="57,8,100,71,108,105,98,30,91,101,43,46,67" hai2="63,42,34,51,76,11,84,86,83,119,123,56,128" hai3="126,131,29,107,27,9,92,17,48,64,20,31,15"/><W23/><G107/><T41/><D110/><U66/><E108/><V78/><F51/><W95/><G131/><T130/><D130/><U55/><E71/><V109/><F56/><W69/><G126/><T79/><D124/><U68/><E68/><V73/><F63/><W74/><G74/><T7/><D115/><U88/><E100/><V62/><F62/><W121/><G121/><T133/><D133/><U40/><E30/><V59/><F59/><W37/><G37/><T77/><D70/><U99/><E8/><V112/><F11/><W32/><G69/><T36/><D65/><U61/><E43/><V14/><F42/><W18/><G64/><T26/><D77/><U103/><E67/><V89/><F14/><W10/><G48/><T72/><D72/><U24/><E24/><V5/><F5/><N who="3" m="3503" /><G95/><T132/><D132/><U49/><E66/><V116/><F34/><N who="3" m="20799" /><G92/><AGARI ba="0,0" hai="40,46,49,55,57,61,88,91,92,98,99,101,103,105" machi="92" ten="30,2000,0" yaku="7,1,54,1" doraHai="117" who="1" fromWho="3" sc="28,0,214,20,528,0,230,-20" owari="28,-47.2,234,3.4,528,62.8,210,-19.0" /></mjloggm>