<mjloggm ver="2.3"><GO type="169" lobby="0"/><UN n0="%31%74%61" n1="%E4%BF%9D%E8%82%B2%E5%A3%AB" n2="%6E%69%73%69%35%30%32%38" n3="%4B%6F%74%61%38%31%36" dan="17,16,16,17" rate="2205.42,2196.21,2120.84,2184.14" sx="M,M,M,M"/><TAIKYOKU oya="0"/><INIT seed="0,0,0,1,2,55" ten="250,250,250,250" oya="0" hai0="35,28,121,59,108,106,32,125,58,9,126,102,12" hai1="85,104,22,40,134,112,80,14,89,115,118,31,132" hai2="37,30,0,39,84,54,131,83,50,127,130,53,122" hai3="101,105,93,107,20,41,103,44,61,25,26,124,69"/><T82/><D121/><U63/><E40/><V34/><F122/><W65/><G124/><N who="0" m="47723" /><D108/><U64/><E104/><V48/><F0/><W79/><G79/><T70/><D70/><U43/><E43/><V18/><F127/><W71/><G71/><T66/><D82/><U21/><E118/><V16/><F83/><W2/><G2/><T113/><D113/><N who="1" m="43595" /><E14/><V98/><F84/><W72/><G72/><T62/><D28/><U92/><E80/><V17/><F98/><W110/><G110/><T94/><D106/><U74/><E74/><V128/><F30/><W11/><G105/><T7/><D59/><N who="1" m="36991" /><E31/><V129/><F34/><W42/><G69/><T46/><D46/><U117/><E117/><V56/><N who="2" m="32768" /><DORA hai="88" /><V120/><REACH who="2" step="1"/><F120/><REACH who="2" ten="250,250,240,250" step="2"/><W47/><G107/><T67/><D66/><U116/><E116/><V29/><F29/><W123/><G65/><T15/><D12/><U96/><E85/><V33/><F33/><W36/><G123/><T24/><D24/><U97/><E96/><AGARI ba="0,1" hai="7,9,15,32,35,58,62,67,94,96,102" m="47723" machi="96" ten="30,5800,0" yaku="18,1,52,2" doraHai="55,88" who="0" fromWho="1" sc="250,68,250,-58,240,0,250,0" /><INIT seed="0,1,0,2,0,26" ten="318,192,240,250" oya="0" hai0="95,36,127,14,64,128,93,2,103,1,54,52,23" hai1="114,132,30,29,49,77,22,70,33,120,86,106,126" hai2="0,84,131,99,28,15,55,42,67,41,51,83,96" hai3="111,4,7,16,78,65,129,94,11,88,24,130,75"/><T63/><D36/><U104/><E120/><V109/><F0/><W121/><G121/><T117/><D117/><U87/><E70/><V38/><F38/><W18/><G111/><T116/><D116/><U27/><E126/><V50/><F109/><W92/><G65/><T135/><D127/><U122/><E122/><V10/><F67/><W112/><G112/><T124/><D124/><U25/><E114/><V62/><F62/><W12/><G92/><T90/><D128/><N who="3" m="49257" /><G18/><T133/><D103/><U31/><E31/><V3/><F28/><W72/><G24/><T43/><D43/><U113/><E113/><V97/><F3/><W39/><G39/><T68/><D1/><U123/><E123/><V110/><F110/><W8/><G78/><T82/><D2/><U17/><E132/><N who="0" m="50761" /><D82/><U79/><E17/><N who="2" m="8439" /><F131/><W119/><G119/><T125/><D125/><U37/><E37/><V98/><N who="2" m="24576" /><DORA hai="81" /><V47/><F51/><W60/><G60/><T19/><D95/><U9/><E49/><V46/><F46/><W74/><G8/><T69/><D68/><U102/><E9/><V66/><F66/><W44/><G44/><T76/><D76/><AGARI ba="1,0" hai="41,42,47,50,55,76,83,84" m="24576,8439" machi="76" ten="40,2600,0" yaku="8,1,52,1" doraHai="26,81" who="2" fromWho="0" sc="318,-29,192,0,240,29,250,0" /><INIT seed="1,0,0,3,3,78" ten="289,192,269,250" oya="1" hai0="125,16,67,135,40,42,34,60,57,122,70,56,71" hai1="80,93,38,64,130,28,91,30,20,26,24,75,120" hai2="100,103,19,29,90,21,107,14,43,62,69,63,82" hai3="36,47,118,81,0,59,77,35,105,112,131,4,8"/><U85/><E120/><V74/><F43/><N who="0" m="16426" /><D34/><U31/><E38/><V115/><F115/><W48/><G112/><T68/><D16/><N who="1" m="12295" /><E75/><V53/><F29/><N who="1" m="11369" /><E130/><V89/><F74/><W18/><G35/><T102/><D122/><U66/><E93/><V39/><F39/><W25/><G131/><T126/><D102/><U108/><E108/><V13/><F107/><W113/><G105/><T2/><D2/><U6/><E6/><V9/><F69/><N who="0" m="26730" /><D135/><U104/><E104/><V124/><F103/><W84/><G113/><T114/><D114/><U10/><E10/><V7/><F100/><W11/><G36/><T46/><D46/><U65/><N who="1" m="11377" /><U12/><DORA hai="27" /><E26/><V49/><F9/><W127/><G25/><T55/><D71/><U123/><E123/><V121/><F121/><W58/><G11/><T54/><D126/><U132/><E132/><V3/><F124/><W73/><G127/><T83/><D125/><U109/><E109/><V86/><F7/><W95/><G118/><T50/><D83/><U116/><E116/><V133/><F133/><W76/><G95/><T52/><AGARI ba="0,0" hai="50,52,54,55,56,57,60,67" m="26730,16426" machi="52" ten="30,12000,2" yaku="35,5,54,1" doraHai="78,27" who="0" fromWho="0" sc="289,120,192,-60,269,-30,250,-30" /><INIT seed="2,0,0,3,5,46" ten="409,132,239,220" oya="2" hai0="101,78,72,64,105,117,5,85,108,129,22,99,29" hai1="130,103,66,79,119,18,35,67,13,7,45,77,56" hai2="65,36,12,37,15,34,80,3,19,54,20,126,88" hai3="33,76,10,110,30,111,4,62,116,89,27,104,51"/><V92/><F3/><W115/><G116/><T9/><D108/><U81/><E119/><V114/><F114/><W39/><G39/><T95/><D117/><U131/><E35/><V14/><F34/><W42/><G104/><T47/><D64/><U43/><E103/><V91/><F126/><W97/><G76/><T69/><D69/><U107/><E77/><V125/><F65/><W49/><G42/><T6/><D47/><U134/><E134/><V25/><F125/><W120/><G120/><T61/><D61/><U87/><E107/><V83/><F91/><W60/><G115/><T50/><D50/><N who="3" m="18953" /><G97/><T73/><D73/><U1/><E1/><V68/><F68/><W57/><G89/><T100/><D72/><U96/><E96/><N who="2" m="57351" /><F36/><W84/><G84/><T24/><D85/><U124/><E124/><V102/><F37/><W121/><G57/><T23/><D78/><U8/><E43/><V112/><F112/><W86/><G86/><T0/><D99/><U17/><E45/><V31/><F102/><W128/><G121/><T82/><D101/><U2/><E56/><V48/><F31/><W16/><G128/><T122/><D129/><U118/><E118/><V38/><F38/><W75/><G75/><T133/><D100/><U21/><E131/><V71/><F71/><W41/><G41/><T11/><D105/><U59/><E130/><V63/><F63/><W135/><G135/><T94/><D133/><U109/><E59/><AGARI ba="0,0" hai="12,14,15,19,20,25,48,54,59,80,83" m="57351" machi="59" ten="30,5800,0" yaku="8,1,52,1,54,1" doraHai="46" who="2" fromWho="1" sc="409,0,132,-58,239,58,220,0" /><INIT seed="2,1,0,2,3,26" ten="409,74,297,220" oya="2" hai0="102,83,91,134,47,35,1,34,78,40,7,92,70" hai1="54,10,87,122,66,127,133,4,42,52,89,43,11" hai2="80,113,60,33,88,50,49,37,39,68,128,85,81" hai3="129,17,48,3,27,110,55,108,65,74,109,51,105"/><V14/><F113/><W84/><G74/><N who="0" m="43479" /><D102/><U130/><E130/><V100/><F33/><W67/><G105/><T36/><D70/><U96/><E133/><V15/><F128/><W0/><G129/><T135/><D35/><U45/><E127/><V8/><F100/><W93/><G93/><T103/><D34/><U99/><E66/><V44/><F68/><W57/><G84/><N who="0" m="52327" /><D103/><U120/><E87/><N who="2" m="50279" /><F60/><W20/><REACH who="3" step="1"/><G51/><REACH who="3" ten="409,74,297,210" step="2"/><T25/><D135/><U2/><E89/><N who="2" m="51375" /><F50/><W59/><G59/><T18/><D134/><U125/><E125/><V75/><F75/><W123/><G123/><T64/><D36/><U121/><E121/><V56/><F56/><W22/><G22/><T53/><D47/><U28/><E45/><V131/><F131/><W46/><G46/><T21/><D21/><U114/><E114/><V95/><F95/><W77/><G77/><T117/><D117/><U94/><E94/><V19/><F37/><W24/><G24/><T61/><D25/><U41/><E41/><V116/><F39/><W72/><G72/><T30/><D40/><U124/><E124/><V5/><F116/><W111/><N who="3" m="27648" /><DORA hai="104" /><W90/><G90/><T23/><D23/><U32/><E32/><V98/><F49/><W82/><G82/><T107/><D107/><U38/><E38/><V29/><F44/><W62/><G62/><T106/><D61/><U119/><E119/><V126/><F126/><W58/><G58/><T115/><D106/><U112/><E112/><V9/><F98/><W76/><G76/><T63/><D63/><U79/><E122/><V71/><F71/><RYUUKYOKU ba="1,1" sc="409,-15,74,-15,297,15,210,15" hai2="5,8,9,14,15,19,29" hai3="0,3,17,20,27,48,55,57,65,67" /><INIT seed="2,2,1,0,2,92" ten="394,59,312,225" oya="2" hai0="68,69,73,43,24,40,17,49,94,21,61,27,118" hai1="78,88,46,13,57,81,41,48,102,14,45,100,132" hai2="8,117,38,9,22,89,65,44,119,11,130,15,108" hai3="71,97,110,116,30,28,53,122,82,25,112,120,42"/><V85/><F65/><W10/><G71/><T111/><D73/><U106/><E132/><V75/><F75/><W16/><G42/><T127/><D111/><U54/><E45/><V66/><F66/><W105/><G116/><T35/><D127/><U101/><E106/><V128/><F108/><W36/><G36/><T77/><D77/><U86/><REACH who="1" step="1"/><E78/><REACH who="1" ten="394,49,312,225" step="2"/><V90/><F44/><W19/><G105/><T129/><D118/><U37/><AGARI ba="2,2" hai="13,14,37,41,46,48,54,57,81,86,88,100,101,102" machi="37" ten="30,8000,1" yaku="1,1,2,1,0,1,54,1,53,1" doraHai="92" doraHaiUra="47" who="1" fromWho="1" sc="394,-22,49,106,312,-42,225,-22" /><INIT seed="3,0,0,2,1,95" ten="372,155,270,203" oya="3" hai0="129,4,86,41,20,117,67,119,99,92,56,12,93" hai1="45,61,60,88,17,114,96,126,32,10,15,73,111" hai2="50,66,130,11,38,53,113,71,121,24,21,124,122" hai3="1,47,101,46,9,132,70,76,51,49,28,5,94"/><W6/><G70/><T103/><D129/><U100/><E114/><V134/><F113/><W78/><G132/><T30/><D41/><U85/><E73/><V131/><F38/><W36/><G36/><T7/><D119/><U116/><E116/><V127/><F11/><W72/><G28/><T108/><D108/><U109/><E32/><V0/><F0/><W18/><G6/><T3/><D3/><U74/><E74/><V77/><F77/><W133/><G133/><T33/><D33/><U25/><E45/><V27/><F134/><W35/><G35/><T57/><D57/><U123/><E123/><N who="2" m="47115" /><F66/><W8/><G72/><T91/><D117/><U84/><E84/><V104/><F104/><W19/><G1/><T65/><D65/><U14/><E25/><N who="2" m="9803" /><F21/><W135/><G5/><T97/><D86/><U22/><E126/><N who="2" m="48171" /><F71/><W81/><G135/><T64/><D64/><U107/><E111/><V55/><F50/><W80/><REACH who="3" step="1"/><G94/><REACH who="3" ten="372,155,270,193" step="2"/><T98/><D30/><U31/><E109/><V59/><F59/><W29/><G29/><T39/><D39/><U87/><E31/><V42/><F42/><W43/><G43/><T128/><D4/><U37/><E37/><V68/><F68/><W90/><G90/><T125/><D91/><U115/><E115/><V106/><F106/><W89/><G89/><T63/><D7/><N who="1" m="3423" /><E85/><V118/><F118/><W69/><G69/><T62/><D125/><U23/><E87/><V13/><F131/><W110/><G110/><T58/><D128/><U44/><E107/><V52/><F130/><W54/><G54/><N who="0" m="34071" /><D93/><U26/><E88/><RYUUKYOKU ba="0,1" sc="372,10,155,-30,270,10,193,10" hai0="12,20,58,63,67,92,97,98,99,103" hai2="13,52,53,55" hai3="8,9,18,19,46,47,49,51,76,78,80,81,101" /><INIT seed="3,1,1,4,5,47" ten="382,125,280,203" oya="3" hai0="76,0,61,11,132,101,13,70,131,57,5,10,77" hai1="122,19,91,92,4,110,102,98,115,105,90,6,12" hai2="46,26,74,40,23,27,116,125,79,72,8,88,15" hai3="35,93,28,2,82,75,65,111,53,18,109,124,121"/><W100/><G121/><T16/><D131/><U135/><E122/><V86/><F116/><W108/><G2/><T50/><D132/><U95/><E135/><V114/><F114/><W30/><G124/><T37/><D37/><U96/><E110/><V104/><F104/><W59/><G65/><T69/><D101/><U85/><REACH who="1" step="1"/><E115/><REACH who="1" ten="382,115,280,203" step="2"/><V66/><F125/><W9/><G35/><T103/><D70/><U39/><E39/><V128/><F128/><W81/><G108/><T84/><D69/><U20/><AGARI ba="1,2" hai="4,6,12,19,20,85,90,91,92,95,96,98,102,105" machi="20" ten="20,2700,0" yaku="1,1,0,1,7,1,53,0" doraHai="47" doraHaiUra="51" who="1" fromWho="1" sc="382,-8,115,50,280,-8,203,-14" /><INIT seed="4,0,0,5,4,97" ten="374,165,272,189" oya="0" hai0="16,6,84,36,117,67,86,32,2,119,54,76,45" hai1="121,126,29,17,95,42,11,82,88,124,22,53,15" hai2="107,18,102,89,103,87,132,99,133,122,62,66,5" hai3="33,93,19,73,47,104,120,96,114,128,77,111,12"/><T43/><D32/><U116/><E116/><V72/><F5/><W81/><G111/><T64/><D54/><U49/><E121/><V110/><F110/><W1/><G1/><T20/><D119/><U39/><E39/><V125/><F122/><W91/><G120/><T130/><D130/><U48/><E42/><V134/><F72/><W70/><G70/><T25/><D117/><U51/><E82/><N who="2" m="49399" /><F18/><W34/><G128/><T74/><D86/><U109/><E109/><V44/><F44/><W112/><G47/><T108/><D84/><N who="1" m="52615" /><E29/><V7/><F7/><W46/><G46/><T79/><D108/><U75/><E75/><V71/><F125/><N who="1" m="48233" /><E11/><V37/><F37/><W38/><G104/><T115/><D79/><U85/><E85/><V27/><F27/><W69/><G69/><T90/><D76/><U13/><E15/><V98/><F107/><W59/><G38/><T78/><D78/><U23/><E22/><V105/><F105/><W26/><G34/><T101/><D20/><U92/><E92/><V100/><AGARI ba="0,0" hai="62,66,71,98,99,100,102,103,132,133,134" m="49399" machi="100" ten="40,8000,1" yaku="20,1,52,3" doraHai="97" who="2" fromWho="2" sc="374,-40,165,-20,272,80,189,-20" /><INIT seed="5,0,0,5,0,116" ten="334,145,352,169" oya="1" hai0="123,133,67,16,40,19,134,21,61,20,108,77,68" hai1="86,55,113,132,35,56,9,66,80,106,32,36,46" hai2="3,5,58,59,109,26,7,31,39,102,10,70,73" hai3="24,119,96,94,22,12,105,52,126,135,29,15,41"/><U99/><E113/><V91/><F109/><W118/><G105/><T71/><D108/><U45/><E132/><N who="0" m="50793" /><D40/><U124/><E124/><V129/><F70/><W48/><G135/><T115/><D115/><U127/><E127/><V2/><F39/><W128/><G41/><T64/><D77/><U79/><E66/><N who="0" m="25129" /><D123/><U121/><E121/><V23/><F73/><W25/><G126/><T78/><D78/><U53/><E9/><V11/><F129/><W98/><G25/><N who="0" m="14471" /><D61/><U54/><E56/><V60/><F102/><W17/><G128/><T101/><D101/><U43/><REACH who="1" step="1"/><E45/><REACH who="1" ten="334,135,352,169" step="2"/><V1/><F59/><W62/><G118/><T13/><AGARI ba="0,1" hai="13,19,21,68,71" m="14471,25129,50793" machi="13" ten="30,2000,0" yaku="20,1,54,1" doraHai="116" who="0" fromWho="0" sc="334,30,135,-10,352,-5,169,-5" /><INIT seed="6,0,0,1,0,14" ten="364,125,347,164" oya="2" hai0="100,113,128,69,0,103,34,6,89,24,86,83,27" hai1="49,130,36,84,115,121,116,117,10,65,46,98,107" hai2="81,3,43,105,91,54,104,76,53,99,37,90,87" hai3="79,88,32,44,11,30,48,92,8,77,124,4,95"/><V110/><F110/><W60/><G124/><T71/><D113/><U35/><E115/><V25/><F3/><W101/><G101/><T7/><D0/><U73/><E73/><V55/><F25/><W26/><G92/><T80/><D86/><U63/><E36/><V56/><F56/><W106/><G60/><T16/><D89/><U2/><E35/><V62/><F62/><W118/><G106/><T41/><D41/><U19/><E121/><V112/><F112/><W51/><G118/><T33/><D128/><U125/><E130/><V18/><F43/><W126/><G126/><T96/><D16/><U82/><E125/><V85/><F37/><W50/><G44/><T1/><D1/><U75/><E75/><V119/><F119/><W122/><G122/><T70/><D70/><U64/><E2/><V42/><F42/><W57/><G57/><T15/><D15/><N who="1" m="7671" /><E117/><V102/><F105/><W40/><G40/><T23/><D23/><U61/><E116/><V97/><F97/><AGARI ba="0,0" hai="6,7,24,27,33,34,69,71,80,83,96,97,100,103" machi="97" ten="25,1600,0" yaku="22,2" doraHai="14" who="0" fromWho="2" sc="364,16,125,0,347,-16,164,0" /><INIT seed="7,0,0,2,2,30" ten="380,125,331,164" oya="3" hai0="18,27,80,105,95,99,24,106,132,93,1,62,135" hai1="86,91,55,3,34,94,69,125,72,58,21,107,61" hai2="46,14,123,129,8,47,78,23,120,56,52,42,130" hai3="101,16,81,103,0,71,60,65,35,98,70,131,33"/><W20/><G71/><T127/><D1/><U15/><E3/><V90/><F78/><W40/><G0/><T74/><D127/><U108/><E108/><V112/><F112/><W11/><G11/><T111/><D111/><U87/><E72/><V109/><F109/><W10/><G10/><T26/><D18/><U83/><E107/><V31/><F90/><W41/><G131/><N who="2" m="50185" /><F23/><W133/><G133/><N who="0" m="51275" /><D62/><U110/><E110/><V89/><F89/><W59/><G81/><T32/><D32/><U118/><E125/><V19/><F31/><W43/><G70/><T44/><D44/><N who="2" m="16938" /><F42/><W76/><G76/><N who="0" m="44055" /><D95/><U9/><E21/><V96/><F96/><W38/><G38/><T67/><D67/><U100/><E118/><V51/><AGARI ba="0,0" hai="8,14,19,51,52,56,120,123" m="16938,50185" machi="51" ten="30,2000,0" yaku="19,1,54,1" doraHai="30" who="2" fromWho="2" sc="380,-5,125,-5,331,20,164,-10" owari="375,47.5,120,-38.0,351,15.1,154,-24.6" /></mjloggm>