<mjloggm ver="2.3"><GO type="169" lobby="0"/><UN n0="%E5%B0%8F%E6%B1%A0%E7%BE%8E%E6%B3%A2%E2%8A%BF" n1="%E9%87%A3%E3%82%8A%E6%97%A5%E5%92%8C" n2="%E8%B5%A4%E3%81%84%E9%83%A8%E5%B1%8B" n3="%5B%5B%79%75%79%75%5D%5D" dan="16,17,16,16" rate="2190.20,2207.80,2133.69,2143.16" sx="M,M,M,M"/><TAIKYOKU oya="0"/><INIT seed="0,0,0,5,4,120" ten="250,250,250,250" oya="0" hai0="33,125,90,135,107,44,88,66,69,117,23,15,48" hai1="36,83,133,130,98,55,100,68,121,123,46,93,118" hai2="59,124,17,64,5,102,79,20,128,110,1,38,114" hai3="89,61,132,39,6,134,108,22,25,35,82,99,29"/><T19/><D117/><U27/><E118/><V41/><F114/><W72/><G39/><T78/><D33/><U111/><E68/><V67/><F128/><W18/><G6/><T129/><D107/><U43/><E130/><V109/><F124/><W26/><G72/><T3/><D129/><U71/><E71/><V47/><F102/><W11/><G11/><T16/><D3/><U91/><E133/><V45/><F79/><W115/><G115/><T57/><D69/><U12/><E27/><V8/><F45/><W80/><G61/><N who="0" m="38191" /><D135/><N who="3" m="51753" /><G108/><N who="2" m="41577" /><F59/><W30/><G30/><T112/><D112/><U87/><E111/><V84/><F84/><W2/><G2/><T126/><D78/><U62/><E87/><V97/><F97/><W101/><G89/><T70/><D70/><U28/><E91/><V122/><F122/><W10/><G10/><N who="0" m="6263" /><D126/><U86/><E123/><V65/><F65/><W53/><G53/><N who="0" m="29831" /><D125/><U95/><E121/><V0/><F0/><W32/><G32/><T74/><D74/><U103/><E55/><V106/><F106/><AGARI ba="0,0" hai="18,22,25,26,29,35,80,82,99,101,106" m="51753" machi="106" ten="30,1000,0" yaku="20,1" doraHai="120" who="3" fromWho="2" sc="250,0,250,0,250,-10,250,10" /><INIT seed="1,0,0,1,0,86" ten="250,250,240,260" oya="1" hai0="50,92,118,37,56,131,94,104,122,121,9,54,135" hai1="132,134,91,80,4,107,69,72,74,62,22,58,41" hai2="35,96,46,128,15,42,5,112,78,133,64,32,115" hai3="45,126,2,47,65,38,0,66,102,26,16,119,109"/><U40/><E107/><V100/><F78/><W49/><G119/><T117/><D104/><U43/><E69/><V108/><F64/><W81/><G126/><T23/><D37/><U113/><E113/><N who="2" m="43595" /><F108/><W127/><G109/><T59/><D131/><U110/><E110/><V57/><F57/><W90/><G127/><T130/><D130/><U17/><E4/><V61/><F61/><W88/><G38/><T53/><D23/><U106/><E106/><N who="2" m="63751" /><F133/><N who="1" m="51305" /><E58/><V124/><F124/><W95/><G102/><T18/><D135/><U34/><E62/><V67/><F67/><N who="3" m="25611" /><G2/><T24/><D24/><N who="1" m="14415" /><E34/><V71/><F71/><W44/><G0/><T79/><D118/><U123/><E123/><V60/><F60/><W114/><G114/><T7/><D117/><U98/><E80/><V28/><F28/><W97/><G49/><T99/><D50/><U82/><E82/><V68/><F68/><W101/><G81/><T31/><D31/><U73/><E72/><V76/><F76/><W11/><G26/><T125/><D79/><U48/><E48/><N who="2" m="26711" /><F128/><W84/><G84/><T52/><D125/><U55/><E55/><V75/><F75/><W30/><G30/><T129/><D54/><U120/><E120/><V111/><F111/><W12/><AGARI ba="0,0" hai="11,12,16,44,45,47,88,90,95,97,101" m="25611" machi="12" ten="30,8000,1" yaku="8,1,52,2,54,2" doraHai="86" who="3" fromWho="3" sc="250,-20,250,-40,240,-20,260,80" /><INIT seed="2,0,0,0,2,40" ten="230,210,220,340" oya="2" hai0="3,125,38,34,91,111,104,135,85,119,132,67,56" hai1="75,83,7,128,61,45,103,115,62,17,8,105,14" hai2="109,35,21,0,64,127,53,18,39,129,11,117,22" hai3="33,84,12,86,82,126,74,93,90,58,101,48,6"/><V50/><F117/><W81/><G126/><T106/><D34/><U55/><E115/><V29/><F39/><W133/><G33/><T100/><D3/><U63/><E128/><V92/><F129/><W60/><G133/><N who="0" m="51275" /><D38/><U108/><E108/><V72/><F72/><W87/><G74/><T10/><D10/><U26/><E105/><N who="0" m="40553" /><D67/><U32/><E103/><V88/><F127/><W13/><G101/><T19/><D19/><U1/><E75/><V54/><F109/><W66/><G48/><T116/><D56/><U5/><E83/><N who="3" m="31754" /><G12/><T59/><D59/><U51/><REACH who="1" step="1"/><E1/><REACH who="1" ten="230,200,220,340" step="2"/><V99/><F0/><W78/><G78/><T130/><D125/><U89/><E89/><V49/><F88/><W30/><G30/><AGARI ba="0,1" hai="5,7,8,14,17,26,30,32,45,51,55,61,62,63" machi="30" ten="40,2600,0" yaku="1,1,52,1,53,0" doraHai="40" doraHaiUra="52" who="1" fromWho="3" sc="230,0,200,36,220,0,340,-26" /><INIT seed="3,0,0,1,1,79" ten="230,236,220,314" oya="3" hai0="78,94,7,116,108,126,92,100,82,34,2,105,89" hai1="110,75,51,18,81,120,52,47,64,35,101,130,88" hai2="109,127,33,113,14,26,8,30,99,19,60,119,124" hai3="132,0,122,67,17,41,58,125,62,15,112,53,95"/><W115/><G0/><T36/><D34/><U49/><E120/><V114/><F60/><W107/><G107/><T27/><D36/><U32/><E110/><V133/><F99/><W66/><G122/><T50/><D2/><U69/><E130/><V74/><F74/><W46/><G132/><T31/><D7/><U129/><E129/><V16/><F119/><W22/><G125/><N who="2" m="48201" /><F109/><W42/><G95/><T61/><D108/><U87/><E101/><V45/><F45/><W134/><G134/><T68/><D126/><U23/><E75/><V76/><F76/><W5/><G5/><T1/><D1/><U55/><E64/><V93/><F93/><W25/><G115/><N who="2" m="44041" /><F133/><W44/><G112/><T39/><D94/><U123/><E69/><V70/><F70/><W4/><G4/><AGARI ba="0,0" hai="4,8,14,16,19,26,30,33" m="44041,48201" machi="4" ten="30,7700,0" yaku="18,1,34,2,54,1" doraHai="79" who="2" fromWho="3" sc="230,0,236,0,220,77,314,-77" /><INIT seed="4,0,0,3,5,74" ten="230,236,297,237" oya="0" hai0="14,78,43,131,46,110,9,128,87,36,58,34,129" hai1="18,62,52,56,7,108,95,27,49,71,86,111,130" hai2="123,47,124,106,83,12,8,107,32,99,66,57,24" hai3="98,135,82,112,53,35,105,11,94,118,125,90,113"/><T60/><D34/><U3/><E130/><V103/><F123/><W101/><G35/><T29/><D29/><U93/><E3/><V116/><F124/><W84/><G118/><T28/><D28/><U104/><E104/><V67/><F116/><W30/><G30/><T2/><D2/><U59/><E71/><V63/><F47/><W72/><G11/><T73/><D73/><U89/><E7/><V77/><F32/><W10/><G10/><T39/><D110/><U64/><E95/><V100/><F24/><W20/><G20/><T65/><D39/><U50/><E50/><V132/><F132/><W91/><G53/><T121/><D121/><U114/><E114/><N who="3" m="44138" /><G135/><T55/><D55/><U40/><E40/><V37/><F37/><W102/><G125/><T97/><D97/><U16/><REACH who="1" step="1"/><E27/><REACH who="1" ten="230,226,297,237" step="2"/><V42/><F42/><W1/><G1/><T92/><D92/><U54/><E54/><V41/><F41/><W61/><G61/><T21/><D43/><U122/><E122/><V76/><F66/><W85/><G102/><T13/><D36/><U44/><E44/><V109/><F103/><W68/><G68/><T96/><D46/><U51/><E51/><V115/><F115/><W81/><G72/><T17/><D129/><U88/><E88/><V70/><F70/><W69/><G69/><T119/><D131/><U15/><E15/><V48/><F48/><W79/><G82/><N who="0" m="47575" /><D128/><U134/><E134/><V38/><F38/><W33/><G33/><T126/><D119/><U5/><E5/><V0/><F0/><W25/><G25/><T6/><D126/><RYUUKYOKU ba="0,1" sc="230,10,226,10,297,-30,237,10" hai0="6,9,13,14,17,21,58,60,65,96" hai1="16,18,49,52,56,59,62,64,86,89,93,108,111" hai3="79,81,84,85,90,91,94,98,101,105" /><INIT seed="4,1,1,4,1,112" ten="240,236,267,247" oya="0" hai0="58,108,123,55,82,68,35,15,17,40,2,48,20" hai1="85,66,130,9,118,67,95,5,21,31,86,60,54" hai2="104,121,10,24,96,11,14,44,23,93,22,92,87" hai3="26,114,76,102,122,133,120,49,3,98,30,91,134"/><T36/><D35/><U52/><E130/><V12/><F121/><N who="3" m="46699" /><G3/><T94/><D123/><U8/><E118/><V0/><F0/><W77/><G114/><T46/><D2/><U53/><E5/><V105/><F44/><W99/><G49/><T51/><D108/><U73/><E73/><V13/><F87/><N who="1" m="33289" /><E95/><V127/><F127/><W124/><G124/><T111/><D111/><U89/><E89/><V135/><F135/><N who="3" m="51723" /><G26/><T42/><D82/><U7/><E7/><V75/><F75/><W56/><G56/><T39/><D94/><U28/><E60/><V65/><F14/><W132/><N who="3" m="51731" /><W126/><DORA hai="18" /><G30/><N who="1" m="11306" /><E21/><V78/><F24/><W29/><G29/><T70/><REACH who="0" step="1"/><D40/><REACH who="0" ten="230,236,267,247" step="2"/><U71/><E71/><AGARI ba="1,2" hai="15,17,20,36,39,42,46,48,51,55,58,68,70,71" machi="71" ten="40,7700,0" yaku="1,1,2,1,52,1,53,0" doraHai="112,18" doraHaiUra="128,109" who="0" fromWho="1" sc="230,100,236,-80,267,0,247,0" /><INIT seed="4,2,0,3,1,16" ten="330,156,267,247" oya="0" hai0="112,101,89,81,37,132,109,113,97,124,63,28,86" hai1="117,77,106,8,6,83,68,41,29,11,116,115,93" hai2="39,58,103,95,96,12,44,15,73,13,71,20,67" hai3="3,19,133,26,69,10,120,129,90,72,62,27,75"/><T80/><D37/><U5/><E106/><V66/><F73/><W64/><G120/><T36/><D36/><U1/><E68/><V92/><F71/><W21/><G129/><T34/><D34/><U60/><E60/><V104/><F104/><W100/><G133/><T38/><D38/><U76/><E41/><V42/><F95/><W131/><G131/><T55/><D28/><U9/><E9/><V2/><F2/><W91/><G100/><T49/><D63/><U56/><E56/><V7/><F7/><W30/><G75/><T45/><D109/><U33/><E115/><N who="0" m="44105" /><D124/><U119/><E83/><V110/><F110/><W130/><G72/><T4/><D4/><U78/><E93/><V31/><REACH who="2" step="1"/><F58/><REACH who="2" ten="330,156,257,247" step="2"/><W98/><G130/><T48/><D132/><U51/><E117/><V114/><F114/><W108/><G108/><T0/><D0/><U111/><E111/><V52/><F52/><W127/><G127/><T54/><D80/><U79/><N who="1" m="19456" /><DORA hai="24" /><U87/><E119/><V57/><F57/><W14/><G3/><T50/><D54/><U47/><E116/><V135/><F135/><W43/><G43/><T25/><D55/><U123/><E5/><V53/><F53/><W99/><G98/><T18/><D97/><U134/><E134/><V22/><F22/><W17/><G99/><T82/><D82/><U61/><E8/><V59/><F59/><W107/><G107/><T35/><D35/><AGARI ba="2,1" hai="10,14,17,19,21,26,27,30,35,62,64,69,90,91" machi="35" ten="30,3900,0" yaku="7,1,52,2" doraHai="16,24" who="3" fromWho="0" sc="330,-45,156,0,257,0,247,55" /><INIT seed="5,0,0,5,5,108" ten="285,156,257,302" oya="1" hai0="72,115,100,5,80,76,37,93,68,12,104,102,116" hai1="24,88,1,87,2,91,41,118,26,27,53,95,114" hai2="20,135,64,124,22,11,30,122,23,40,71,121,66" hai3="129,67,43,112,126,106,82,14,73,103,51,61,6"/><U48/><E118/><V52/><F135/><W33/><G129/><T99/><D116/><U70/><E70/><V69/><F30/><W105/><G126/><T0/><D68/><N who="2" m="26186" /><F40/><W36/><G33/><T97/><D37/><U83/><E41/><V29/><F29/><W16/><G6/><T84/><D0/><U120/><E120/><V18/><F11/><W54/><G36/><T65/><D65/><N who="2" m="25194" /><F18/><W111/><G43/><T4/><D115/><U38/><E114/><V117/><F117/><W32/><G112/><T85/><D12/><U127/><E127/><V59/><F59/><W31/><G111/><T39/><D39/><U101/><E101/><V50/><F50/><W119/><G119/><T21/><D21/><U62/><E62/><V134/><F134/><W77/><G103/><T34/><D34/><U86/><REACH who="1" step="1"/><E38/><REACH who="1" ten="285,146,257,302" step="2"/><V58/><F124/><W98/><G61/><T96/><D102/><U79/><E79/><V74/><F122/><W131/><G77/><T89/><D100/><U3/><E3/><V128/><F121/><W55/><G106/><T81/><D104/><U110/><E110/><V92/><F128/><W35/><G105/><T60/><D60/><U28/><E28/><V44/><F52/><W25/><G31/><T42/><D42/><U46/><AGARI ba="0,1" hai="1,2,24,26,27,46,48,53,83,86,87,88,91,95" machi="46" ten="30,6000,0" yaku="1,1,0,1,54,1,53,0" doraHai="108" doraHaiUra="113" who="1" fromWho="1" sc="285,-20,146,70,257,-20,302,-20" /><INIT seed="5,1,0,5,3,131" ten="265,216,237,282" oya="1" hai0="103,120,94,85,59,7,14,1,101,47,82,112,71" hai1="98,23,63,10,79,31,109,37,49,124,61,135,20" hai2="2,89,84,57,105,56,65,27,62,33,35,78,28" hai3="34,52,16,46,128,41,12,73,126,92,122,97,96"/><U83/><E37/><V107/><F2/><W118/><G122/><T125/><D71/><U15/><E124/><V19/><F33/><W132/><G73/><T134/><D1/><U121/><E121/><V74/><F74/><W45/><G118/><T66/><D120/><U133/><E109/><V95/><F78/><W127/><G34/><T114/><D125/><N who="3" m="47625" /><G128/><T32/><D32/><U69/><E49/><V119/><F119/><W67/><G67/><T39/><D39/><U18/><E98/><V0/><F0/><W100/><G41/><T42/><D66/><U86/><E69/><V53/><REACH who="2" step="1"/><F19/><REACH who="2" ten="265,216,227,282" step="2"/><W90/><G16/><T24/><D7/><U80/><E31/><V4/><F4/><W113/><G113/><T64/><D114/><U93/><E10/><V116/><F116/><W60/><G12/><T123/><D14/><U81/><E79/><V22/><F22/><W13/><G13/><T29/><D112/><U129/><E23/><V104/><F104/><W26/><G26/><T11/><D24/><U44/><E129/><V70/><F70/><W21/><G21/><T77/><D77/><U110/><E110/><V17/><F17/><W5/><G5/><T40/><D123/><U102/><E20/><V87/><F87/><W68/><G68/><T6/><D85/><U48/><E86/><V117/><F117/><W75/><G75/><T8/><D6/><U88/><E18/><V38/><F38/><W50/><G97/><T25/><D25/><U111/><E111/><V54/><F54/><W72/><G72/><T36/><D36/><U51/><E15/><RYUUKYOKU ba="1,1" sc="265,-10,216,-10,227,30,282,-10" hai2="27,28,35,53,56,57,62,65,84,89,95,105,107" /><INIT seed="6,2,1,4,3,115" ten="255,206,257,272" oya="2" hai0="112,63,9,16,99,38,42,28,70,43,116,122,58" hai1="73,46,47,15,127,50,94,103,131,126,79,134,22" hai2="8,117,53,31,109,118,74,129,4,123,113,95,65" hai3="5,76,114,107,121,133,82,105,62,83,84,104,33"/><V66/><F123/><W132/><G33/><T48/><D122/><U80/><E134/><N who="3" m="51818" /><G121/><T27/><D70/><U52/><E131/><V88/><F74/><N who="3" m="43287" /><G5/><T93/><D38/><U135/><E135/><V110/><F31/><W91/><G62/><T106/><D106/><U2/><E2/><N who="2" m="23" /><F53/><W59/><G59/><T128/><D112/><AGARI ba="2,1" hai="83,84,91,104,105,107,112,114" m="43287,51818" machi="112" ten="40,5200,0" yaku="20,1,34,2" doraHai="115" who="3" fromWho="0" sc="255,-58,206,0,257,0,272,68" /><INIT seed="7,0,0,3,5,28" ten="197,206,257,340" oya="3" hai0="24,34,106,82,113,35,111,83,96,15,78,70,92" hai1="32,47,60,46,48,79,54,95,6,119,22,67,53" hai2="13,74,129,131,36,109,126,89,69,71,49,100,39" hai3="121,17,52,42,114,26,107,7,127,86,93,81,122"/><W97/><G107/><T123/><D123/><U37/><E32/><N who="0" m="12329" /><D111/><U56/><E119/><V33/><F109/><W0/><G42/><T12/><D70/><U76/><E6/><V40/><F126/><W84/><G127/><T94/><D106/><U130/><E130/><V88/><F33/><W124/><G124/><T75/><D24/><U14/><E37/><V134/><F134/><W9/><G84/><T105/><D105/><U31/><E95/><N who="0" m="36393" /><D96/><U125/><E125/><V45/><F100/><W72/><G72/><T11/><D11/><U101/><E101/><V5/><F74/><W58/><G26/><T117/><D75/><U30/><E14/><N who="0" m="5161" /><D117/><U87/><E22/><V50/><F13/><W57/><G97/><T80/><D78/><N who="1" m="29739" /><E87/><V102/><F102/><W64/><G86/><T103/><D103/><U41/><E41/><V3/><F40/><W135/><G9/><T99/><D99/><U25/><E25/><V68/><F68/><W104/><G104/><T116/><D116/><U133/><E133/><V19/><F71/><W65/><G135/><T51/><D51/><AGARI ba="0,0" hai="30,31,46,47,48,51,53,54,56,60,67" m="29739" machi="51" ten="30,1000,0" yaku="8,1" doraHai="28" who="1" fromWho="0" sc="197,-10,206,10,257,0,340,0" owari="187,-31.3,216,-18.4,257,5.7,340,44.0" /></mjloggm>