<mjloggm ver="2.3"><GO type="225" lobby="0"/><UN n0="%E3%81%82%E3%81%84%E3%81%82%E3%81%8A%E3%81%84" n1="%E3%81%94%E3%83%BC%E3%81%A9%E3%82%93" n2="%E7%B4%94%E6%BD%94%E3%83%94%E3%83%A9%E3%83%8B%E3%82%A2" n3="%E3%81%BF%E3%81%BF%E3%81%9A" dan="18,16,16,17" rate="2222.41,2098.49,2170.02,2247.80" sx="M,M,M,M"/><TAIKYOKU oya="0"/><INIT seed="0,0,0,1,4,123" ten="250,250,250,250" oya="0" hai0="20,32,5,122,126,131,67,121,125,83,24,57,21" hai1="108,61,10,96,40,76,74,34,68,7,26,130,15" hai2="104,58,113,124,55,81,30,86,101,85,25,63,97" hai3="38,95,92,127,3,60,79,109,2,53,56,100,71"/><T52/><D131/><U59/><E130/><V50/><F124/><N who="0" m="47722" /><D67/><U89/><E68/><V135/><F135/><W75/><G127/><T98/><D5/><U66/><E40/><V128/><F128/><W16/><G38/><T77/><D98/><U49/><E49/><V82/><F113/><W80/><G109/><T28/><D121/><U37/><E37/><V115/><F115/><W102/><G71/><T41/><D41/><U111/><E76/><V4/><F4/><W72/><G72/><N who="0" m="43431" /><D122/><U54/><E74/><V106/><F106/><W39/><G39/><T31/><D31/><U12/><E12/><V120/><F120/><W132/><G132/><T22/><D32/><U73/><E73/><V118/><F118/><W17/><G95/><T27/><D28/><U110/><E66/><V70/><F82/><W114/><G114/><T88/><D88/><U35/><E26/><V29/><F29/><W42/><G42/><T69/><D69/><U94/><AGARI ba="0,0" hai="7,10,15,34,35,54,59,61,89,94,96,108,110,111" machi="94" ten="40,8000,1" yaku="0,1,14,1,52,3" doraHai="123" who="1" fromWho="1" sc="250,-40,250,80,250,-20,250,-20" /><INIT seed="1,0,0,2,4,76" ten="210,330,230,230" oya="1" hai0="8,132,68,39,95,12,124,110,109,113,44,108,115" hai1="69,119,55,25,60,89,127,130,104,19,4,23,28" hai2="16,121,70,129,114,91,107,82,37,67,48,118,15" hai3="49,117,58,90,64,38,79,50,54,99,63,111,14"/><U13/><E119/><V24/><F118/><W134/><G38/><T35/><D68/><U112/><E112/><V40/><F114/><W57/><G117/><T46/><D35/><U21/><E104/><V135/><F121/><W75/><G111/><T0/><D124/><U133/><E127/><V17/><F107/><W51/><G134/><T126/><D126/><U83/><E133/><V80/><F37/><W53/><G75/><T66/><D66/><U71/><E130/><V33/><F129/><W85/><G79/><T3/><D132/><U96/><E4/><V34/><F34/><W73/><G73/><T18/><D95/><U61/><E71/><V59/><F70/><W122/><G99/><T97/><D97/><U2/><E2/><N who="0" m="553" /><D46/><U87/><E69/><V98/><F33/><W11/><G122/><T74/><D74/><U81/><E96/><V131/><F131/><W123/><G123/><T5/><D44/><U120/><E120/><V29/><F29/><W6/><REACH who="3" step="1"/><G64/><REACH who="3" ten="210,330,230,220" step="2"/><T116/><D39/><U92/><E55/><N who="2" m="32231" /><F67/><W52/><G52/><T93/><D116/><U42/><E42/><V20/><F40/><W26/><G26/><T10/><D93/><AGARI ba="0,1" hai="6,11,14,49,50,51,53,54,57,58,63,85,90,93" machi="93" ten="30,12000,2" yaku="1,1,7,1,8,1,53,3" doraHai="76" doraHaiUra="45" who="3" fromWho="0" sc="210,-120,330,0,230,0,220,130" /><INIT seed="2,0,0,5,2,130" ten="90,330,230,350" oya="2" hai0="6,94,20,118,126,15,86,88,11,96,27,72,102" hai1="121,52,76,4,25,0,40,34,113,23,36,103,114" hai2="128,55,124,38,62,60,134,110,63,35,123,119,30" hai3="10,13,133,98,83,106,70,50,53,48,97,73,91"/><V9/><F128/><W104/><G70/><T92/><D126/><U93/><E76/><V49/><F124/><W51/><G133/><T87/><D72/><U5/><E40/><V66/><F119/><W14/><G73/><T85/><REACH who="0" step="1"/><D118/><REACH who="0" ten="80,330,230,350" step="2"/><U2/><E113/><V107/><F123/><W37/><G106/><T71/><D71/><U116/><E114/><V122/><F122/><W89/><G104/><T65/><D65/><U29/><E121/><V135/><F66/><W127/><G127/><T1/><D1/><U95/><E0/><V82/><F107/><W108/><G108/><T101/><D101/><U18/><E103/><V84/><F110/><W105/><G105/><T68/><D68/><U100/><E2/><V3/><F38/><W47/><G37/><T46/><D46/><U129/><E100/><V12/><F3/><W67/><G67/><T17/><AGARI ba="0,1" hai="6,11,15,17,20,27,85,86,87,88,92,94,96,102" machi="17" ten="20,8000,1" yaku="1,1,0,1,7,1,8,1,54,1,53,0" doraHai="130" doraHaiUra="109" who="0" fromWho="0" sc="80,90,330,-20,230,-40,350,-20" /><INIT seed="3,0,0,4,3,95" ten="170,310,190,330" oya="3" hai0="28,121,71,38,92,57,48,118,49,54,83,135,99" hai1="80,34,106,12,14,125,70,24,51,134,37,23,9" hai2="19,133,8,74,104,3,93,46,78,88,18,84,87" hai3="107,36,98,65,68,129,53,127,4,43,124,90,132"/><W119/><G119/><T115/><D118/><U75/><E37/><V91/><F104/><W120/><G120/><T55/><D121/><U58/><E70/><V31/><F133/><W111/><G129/><T47/><D135/><U101/><E134/><V113/><F113/><W25/><G132/><T62/><D115/><U116/><E34/><V16/><F31/><W13/><G111/><T72/><D38/><U114/><E114/><V77/><F74/><W130/><G53/><T128/><D128/><U0/><E125/><V41/><F8/><W131/><G25/><T40/><D71/><U27/><E116/><V33/><F3/><W44/><G65/><T39/><D28/><U7/><E75/><V1/><F1/><W11/><G68/><T97/><D39/><U73/><E73/><V76/><F33/><W52/><G52/><T105/><D105/><U60/><E51/><N who="2" m="27087" /><F91/><W89/><G89/><T108/><D108/><U15/><E80/><AGARI ba="0,0" hai="16,18,19,76,77,78,80,84,87,88,93" m="27087" machi="80" ten="30,3900,0" yaku="8,1,54,2" doraHai="95" who="2" fromWho="1" sc="170,0,310,-39,190,39,330,0" owari="170,-33.0,271,7.1,229,-17.1,330,43.0" /></mjloggm>