<mjloggm ver="2.3"><GO type="225" lobby="0"/><UN n0="%4B%2E%32%2E%4B%2E" n1="%70%68%65%6E%6F%6D%65" n2="%E6%9C%88%E5%A4%9C%E3%81%AB%E9%A2%A8" n3="%E3%81%BF%E3%81%BF%E3%81%9A" dan="17,16,16,17" rate="2170.38,2180.31,2070.22,2248.46" sx="M,M,M,M"/><TAIKYOKU oya="0"/><INIT seed="0,0,0,5,3,6" ten="250,250,250,250" oya="0" hai0="53,43,80,66,77,31,125,16,124,63,101,100,74" hai1="72,52,40,24,122,30,29,94,99,28,96,38,46" hai2="64,2,81,98,55,106,9,129,111,71,110,88,27" hai3="22,13,78,32,87,83,119,115,75,34,135,73,133"/><T82/><D43/><U76/><E122/><V123/><F123/><W25/><G115/><T8/><D31/><U79/><E72/><N who="3" m="27722" /><G13/><N who="0" m="7207" /><D53/><U134/><E134/><N who="3" m="51210" /><G119/><T90/><D90/><U49/><E24/><V19/><F129/><W33/><G22/><T7/><D7/><U60/><E60/><N who="2" m="40327" /><F55/><W0/><G0/><T86/><D82/><U107/><E107/><V116/><F116/><W26/><AGARI ba="0,0" hai="25,26,32,33,34,78,83,87" m="51210,27722" machi="26" ten="40,1500,0" yaku="20,1" doraHai="6" who="3" fromWho="3" sc="250,-7,250,-4,250,-4,250,15" /><INIT seed="1,0,0,5,0,58" ten="243,246,246,265" oya="1" hai0="129,35,39,13,14,4,127,121,86,132,37,82,51" hai1="128,94,6,124,44,0,98,81,97,84,45,26,105" hai2="23,118,17,119,70,2,96,95,9,31,120,102,83" hai3="57,16,126,33,27,110,48,41,46,114,87,42,25"/><U18/><E124/><V122/><F70/><W111/><G114/><T112/><D127/><U104/><E128/><V64/><F64/><W50/><G126/><T63/><D112/><U133/><E133/><V5/><F31/><W69/><G69/><T1/><D35/><U32/><E0/><V74/><F74/><W10/><G87/><T55/><D129/><U93/><E6/><V54/><F83/><W77/><G77/><T53/><D1/><U8/><E32/><V22/><F22/><W106/><G106/><T43/><D121/><U75/><E75/><V29/><F29/><W108/><G33/><T36/><D132/><U67/><E67/><V131/><F131/><W61/><G48/><T89/><D4/><U76/><E104/><V72/><F72/><W30/><G41/><T130/><D130/><U135/><E105/><V107/><F54/><N who="3" m="33975" /><G30/><T38/><N who="0" m="9216" /><DORA hai="123" /><T24/><D24/><U88/><E135/><V59/><F59/><W21/><G10/><T92/><D43/><U116/><E116/><N who="2" m="44587" /><F107/><W78/><G78/><T20/><D20/><N who="1" m="13591" /><E8/><V66/><F66/><W80/><G80/><T85/><D55/><U65/><E65/><V49/><F49/><W101/><G101/><AGARI ba="0,0" hai="44,45,76,81,84,88,93,94,97,98,101" m="13591" machi="101" ten="30,2900,0" yaku="8,1,54,1" doraHai="58,123" who="1" fromWho="3" sc="243,0,246,29,246,0,265,-29" /><INIT seed="1,1,0,0,3,24" ten="243,275,246,236" oya="1" hai0="46,113,4,105,42,81,13,129,51,47,27,95,58" hai1="34,135,101,91,128,134,117,64,67,73,16,21,121" hai2="108,112,71,22,133,104,80,93,8,49,18,50,15" hai3="118,124,53,77,75,5,70,131,63,85,56,102,62"/><U120/><E117/><V45/><F104/><W89/><G118/><T38/><D105/><U98/><E73/><V60/><F108/><W72/><G124/><T59/><D113/><U11/><E34/><V130/><F133/><N who="1" m="50697" /><E11/><V19/><F130/><W61/><G131/><T66/><D129/><U84/><E128/><V6/><F93/><W119/><G119/><T116/><D116/><U0/><E0/><V78/><F112/><W36/><G102/><T1/><D1/><U41/><E41/><V125/><F125/><W54/><G36/><T39/><D81/><N who="1" m="49551" /><E64/><V111/><F111/><W103/><G103/><T69/><D38/><U26/><E67/><V126/><F71/><W43/><G43/><T37/><D95/><AGARI ba="1,0" hai="16,21,26,95,98,101,120,121" m="49551,50697" machi="95" ten="30,2900,0" yaku="20,1,54,1" doraHai="24" who="1" fromWho="0" sc="243,-32,275,32,246,0,236,0" /><INIT seed="1,2,0,1,3,21" ten="211,307,246,236" oya="1" hai0="69,30,6,55,23,56,126,101,107,44,14,104,61" hai1="12,130,60,62,58,132,92,111,133,81,85,4,13" hai2="59,18,83,73,127,97,98,119,121,36,38,123,131" hai3="75,32,37,100,22,20,112,91,31,42,45,64,120"/><U68/><E130/><V106/><F131/><W72/><G120/><T95/><D126/><U122/><E122/><V74/><F127/><W78/><G112/><T19/><D69/><U53/><E111/><V26/><F119/><W15/><G100/><T50/><D6/><U54/><E92/><V117/><F117/><W70/><G91/><T9/><D104/><U52/><E68/><V96/><F106/><W49/><G78/><T10/><D107/><U125/><E125/><V63/><F36/><W51/><G22/><T46/><D46/><U43/><E43/><V35/><F38/><W113/><G113/><T66/><REACH who="0" step="1"/><D30/><REACH who="0" ten="201,307,246,236" step="2"/><U80/><E4/><V87/><F123/><W99/><G31/><T16/><D16/><U84/><E54/><V128/><F121/><W103/><G70/><T102/><D102/><U17/><E17/><V0/><F18/><W79/><G103/><T82/><D82/><U90/><E58/><V8/><F59/><W41/><G45/><T89/><D89/><AGARI ba="2,1" hai="12,13,52,53,60,62,80,81,84,85,89,90,132,133" machi="89" ten="25,4800,0" yaku="22,2,54,1" doraHai="21" who="1" fromWho="0" sc="201,-54,307,64,246,0,236,0" /><INIT seed="1,3,0,2,4,110" ten="147,371,246,236" oya="1" hai0="1,54,71,88,100,40,58,17,92,120,106,55,99" hai1="8,112,22,18,49,57,25,114,105,109,129,118,104" hai2="61,115,35,38,48,29,21,46,72,89,124,75,12" hai3="16,33,65,52,47,37,127,69,2,125,85,27,74"/><U19/><E118/><V101/><F124/><N who="3" m="47691" /><G74/><T84/><D120/><U70/><E70/><V14/><F38/><W63/><G2/><T62/><D1/><U91/><E109/><V9/><F101/><W26/><G33/><T34/><D71/><U42/><E91/><V111/><F35/><W10/><G85/><T130/><D130/><U0/><E129/><V67/><F89/><W98/><G98/><T132/><D132/><U90/><E90/><V59/><F111/><W83/><G83/><T64/><D34/><U7/><E19/><V93/><F93/><W30/><G30/><T53/><D40/><U6/><E6/><V82/><F82/><W86/><G86/><T94/><REACH who="0" step="1"/><D17/><REACH who="0" ten="137,371,246,236" step="2"/><U41/><E42/><V95/><F29/><W28/><G28/><T117/><D117/><U107/><REACH who="1" step="1"/><E41/><REACH who="1" ten="137,361,246,236" step="2"/><V5/><F5/><W50/><G37/><T126/><D126/><U79/><E79/><V23/><F75/><W56/><G69/><T51/><D51/><U32/><E32/><V135/><F72/><W102/><G102/><T73/><D73/><U119/><E119/><V133/><F48/><W134/><G134/><T97/><D97/><U87/><E87/><V3/><F135/><W13/><AGARI ba="3,2" hai="10,13,16,26,27,47,50,52,56,63,65" m="47691" machi="13" ten="30,4000,0" yaku="18,1,54,2" doraHai="110" who="3" fromWho="3" sc="137,-13,361,-23,246,-13,236,69" /><INIT seed="2,0,0,3,3,52" ten="124,338,233,305" oya="2" hai0="49,12,90,72,113,119,105,42,7,46,58,19,15" hai1="92,65,47,96,43,123,26,75,88,29,93,4,39" hai2="10,87,34,112,71,70,3,59,45,128,91,13,44" hai3="1,0,18,134,127,57,8,30,9,23,126,122,21"/><V5/><F112/><W129/><G122/><T133/><D119/><U35/><E123/><V73/><F73/><W56/><G30/><T114/><D133/><U99/><E75/><V66/><F34/><W54/><G54/><T84/><D105/><U41/><E41/><V125/><F125/><N who="3" m="47627" /><G134/><T24/><D72/><U110/><E110/><V108/><F128/><W86/><G86/><T33/><D33/><U130/><E130/><V124/><F108/><W51/><G51/><T98/><D98/><U120/><E120/><V27/><F71/><W118/><G118/><T74/><D74/><U107/><E107/><V111/><F70/><W25/><G21/><T121/><D121/><U83/><E4/><V55/><F66/><W103/><G103/><T109/><D109/><U40/><E40/><V102/><F102/><W48/><G48/><T95/><D113/><U78/><E65/><V106/><F106/><W81/><G81/><T31/><D31/><U77/><REACH who="1" step="1"/><E83/><REACH who="1" ten="124,328,233,305" step="2"/><N who="2" m="49663" /><F111/><W89/><G129/><T60/><D114/><U14/><E14/><V22/><F124/><W79/><G79/><T38/><D7/><U94/><E94/><V6/><F3/><N who="3" m="1099" /><G89/><AGARI ba="0,1" hai="26,29,35,39,43,47,77,78,88,89,92,93,96,99" machi="89" ten="30,7700,0" yaku="1,1,7,1,9,1,54,1,53,0" doraHai="52" doraHaiUra="53" who="1" fromWho="3" sc="124,0,328,87,233,0,305,-77" /><INIT seed="3,0,0,2,5,0" ten="124,415,233,228" oya="3" hai0="27,42,71,113,103,17,54,124,20,24,126,5,116" hai1="28,50,131,112,61,85,81,110,53,10,11,1,48" hai2="43,65,6,119,69,2,120,98,47,67,29,95,40" hai3="86,14,109,45,44,106,60,38,25,80,46,37,59"/><W12/><G106/><T23/><D71/><U79/><E112/><V31/><F119/><W96/><G109/><T91/><D42/><U4/><E110/><V135/><F135/><W105/><G105/><T121/><D54/><U64/><E131/><V97/><F2/><W75/><G75/><T34/><D103/><U52/><E28/><N who="2" m="10827" /><F6/><W93/><G25/><T117/><D34/><U15/><E50/><N who="2" m="26983" /><F69/><W30/><G30/><T18/><D91/><U66/><E64/><N who="2" m="24651" /><F120/><W115/><G115/><T9/><D113/><U74/><E81/><V7/><F7/><W83/><G37/><T55/><D55/><U3/><E85/><V114/><F114/><W19/><G38/><T16/><D17/><U72/><E79/><V26/><F43/><W123/><G123/><T35/><D35/><U122/><E48/><V107/><F107/><W130/><G130/><T111/><D111/><U58/><E11/><V129/><F129/><W87/><G59/><T70/><D70/><U89/><E15/><N who="3" m="5674" /><G60/><T78/><D78/><U56/><E122/><V127/><F127/><N who="0" m="48682" /><D121/><U21/><E3/><V118/><F118/><W36/><G36/><T49/><D49/><N who="1" m="30735" /><E74/><V82/><F26/><W57/><G57/><T77/><D77/><U88/><E72/><V104/><F104/><W92/><G96/><N who="2" m="36969" /><F82/><N who="3" m="31275" /><G19/><T125/><N who="0" m="48690" /><T128/><DORA hai="39" /><D128/><U133/><E1/><V63/><F63/><W100/><G100/><T8/><D8/><U84/><E58/><V99/><F99/><W68/><G68/><T76/><D76/><U41/><E61/><V73/><F73/><W51/><G86/><RYUUKYOKU ba="0,0" sc="124,15,415,-15,233,15,228,-15" hai0="5,9,16,18,20,23,24,27,116,117" hai2="95" owari="139,-36.1,400,50.0,248,4.8,213,-18.7" /></mjloggm>