<mjloggm ver="2.3"><GO type="169" lobby="0"/><UN n0="%E3%82%BC%E3%83%B3%E3%83%84%E3%83%9E%E3%82%B7%E3%83%BC%E3%83%B3" n1="%70%6F%6E%2D%65%6E" n2="%E3%81%B1%E3%82%93%E3%81%AA%E3%81%93%E3%81%BE%E3%81%A3%E3%81%9F" n3="%E4%BA%9C%E6%9C%88" dan="16,16,17,17" rate="2145.84,2149.99,2247.32,2182.57" sx="M,F,M,M"/><TAIKYOKU oya="0"/><INIT seed="0,0,0,5,5,117" ten="250,250,250,250" oya="0" hai0="119,37,7,95,54,61,15,16,88,84,125,22,41" hai1="33,49,2,68,91,11,101,63,132,126,128,90,60" hai2="52,121,113,118,104,26,5,59,124,0,51,103,73" hai3="56,82,55,79,74,38,50,8,62,86,105,116,9"/><T134/><D119/><U100/><E126/><V10/><F118/><W112/><G116/><T39/><D125/><U47/><E128/><V109/><F124/><W129/><G112/><T89/><D134/><U18/><E132/><V72/><F113/><W92/><G129/><T45/><D7/><U23/><E33/><V87/><F109/><W96/><G38/><T25/><D39/><U102/><E2/><V81/><F121/><W69/><G69/><T43/><D43/><N who="1" m="24831" /><E11/><V31/><F103/><W94/><G105/><T106/><D106/><U80/><E68/><V85/><F104/><W29/><G29/><T110/><D110/><U19/><E19/><V44/><F44/><W40/><G74/><T3/><D3/><U127/><E80/><V77/><REACH who="2" step="1"/><F73/><REACH who="2" ten="250,250,240,250" step="2"/><W34/><G34/><AGARI ba="0,1" hai="0,5,10,26,31,34,51,52,59,72,77,81,85,87" machi="34" ten="30,8000,1" yaku="1,1,2,1,7,1,54,1,53,1" doraHai="117" doraHaiUra="46" who="2" fromWho="3" sc="250,0,250,0,240,90,250,-80" /><INIT seed="1,0,0,0,5,109" ten="250,250,330,170" oya="1" hai0="87,68,124,22,67,111,6,108,21,114,0,50,62" hai1="88,73,91,106,1,86,119,123,92,41,31,105,39" hai2="103,33,104,79,3,28,95,34,76,121,59,117,74" hai3="71,42,129,80,52,7,135,24,118,127,112,101,107"/><U15/><E1/><V5/><F117/><W58/><G71/><T55/><D124/><U70/><E119/><V84/><F121/><W66/><G118/><T44/><D114/><U11/><E123/><V133/><F133/><W78/><G127/><T40/><D87/><U134/><E134/><V2/><F104/><W43/><G135/><T16/><D6/><U130/><E130/><V115/><F28/><W56/><G129/><T10/><D0/><U19/><E73/><V38/><F38/><W100/><G7/><T102/><D102/><U37/><E70/><V116/><F5/><W46/><G24/><T125/><D125/><U29/><E39/><V4/><F4/><W8/><G8/><T14/><REACH who="0" step="1"/><D40/><REACH who="0" ten="240,250,330,170" step="2"/><U98/><E41/><V27/><F84/><W128/><G101/><T35/><D35/><U132/><E132/><V60/><F34/><W72/><G100/><T120/><D120/><U69/><E106/><V97/><F116/><W51/><G107/><T13/><D13/><U110/><E105/><V89/><F115/><W93/><G112/><T26/><D26/><U36/><E15/><V82/><F103/><W63/><G128/><T113/><D113/><U96/><E86/><V126/><F126/><W99/><G42/><T20/><AGARI ba="0,1" hai="10,14,16,20,21,22,44,50,55,62,67,68,108,111" machi="20" ten="30,7900,0" yaku="1,1,0,1,54,1,53,1" doraHai="109" doraHaiUra="49" who="0" fromWho="0" sc="240,89,250,-39,330,-20,170,-20" /><INIT seed="2,0,0,1,0,91" ten="329,211,310,150" oya="2" hai0="21,75,82,78,94,57,58,69,89,135,67,119,110" hai1="120,99,84,38,130,45,115,71,13,37,47,104,0" hai2="10,68,53,116,7,40,74,9,25,32,73,124,132" hai3="11,65,79,2,63,108,54,60,77,122,92,70,18"/><V19/><F116/><W20/><G122/><T39/><D135/><U16/><E115/><V49/><F68/><W80/><G108/><T55/><D110/><U28/><E0/><V62/><F132/><W102/><G54/><T29/><D119/><U61/><E28/><V50/><F124/><W103/><G63/><T101/><D39/><U23/><E130/><V22/><F32/><W66/><G66/><T112/><D112/><U42/><E120/><V127/><F127/><W128/><G128/><T81/><D69/><U27/><E27/><V105/><F105/><W113/><G113/><T35/><D35/><U51/><E84/><V133/><F133/><W8/><G79/><T3/><D3/><U44/><E61/><V52/><F40/><W107/><G107/><T36/><D36/><U96/><E71/><V100/><F100/><W14/><G103/><T131/><D131/><U134/><E134/><V83/><F83/><W121/><G2/><T117/><D117/><U126/><E104/><V24/><F62/><W17/><G17/><T6/><D82/><U72/><E72/><V111/><F111/><W56/><G70/><T97/><D67/><U31/><E31/><V33/><F33/><W114/><G114/><T12/><D29/><U64/><E64/><V48/><F25/><W30/><G30/><T15/><D75/><N who="2" m="28682" /><F7/><W118/><G118/><T26/><D6/><U4/><E4/><V86/><F86/><N who="3" m="48399" /><G121/><T87/><D87/><U1/><E1/><V76/><F76/><W43/><G43/><T123/><D123/><U88/><E126/><V109/><F109/><RYUUKYOKU ba="0,0" sc="329,-15,211,-15,310,15,150,15" hai2="9,10,19,22,24,48,49,50,52,53" hai3="8,11,14,18,20,56,60,65,92,102" /><INIT seed="2,1,0,5,0,105" ten="314,196,325,165" oya="2" hai0="132,25,50,94,104,93,103,49,98,75,27,2,65" hai1="118,54,31,57,24,131,9,0,89,129,59,67,72" hai2="16,107,114,48,68,62,56,6,12,32,115,123,109" hai3="39,112,76,55,53,17,42,58,91,95,34,86,29"/><V7/><F123/><W74/><G112/><T14/><D2/><U121/><E118/><V1/><F32/><W61/><G34/><T3/><D3/><U13/><E121/><V110/><F107/><W64/><G29/><T30/><D132/><U106/><E0/><V83/><F68/><W60/><G17/><T77/><D65/><U100/><E89/><V127/><F48/><W20/><G20/><T10/><D104/><U92/><E92/><V41/><F41/><W120/><G120/><T70/><D70/><U52/><E67/><V102/><F102/><W51/><G39/><T108/><D108/><N who="2" m="41578" /><F83/><W23/><G23/><T81/><D94/><U21/><E100/><V26/><F26/><W28/><G42/><T135/><D25/><U99/><E106/><V119/><F119/><W71/><G51/><T122/><D135/><U79/><E24/><V37/><F37/><W85/><G71/><T125/><D125/><U33/><E33/><V47/><F47/><W90/><G61/><T43/><D43/><U96/><E59/><V126/><F1/><W101/><G101/><T22/><REACH who="0" step="1"/><D122/><REACH who="0" ten="304,196,325,165" step="2"/><U18/><E129/><V133/><F133/><W116/><G116/><T82/><D82/><U78/><E131/><V38/><F115/><W5/><G64/><T87/><D87/><U35/><E99/><V66/><F114/><W46/><G86/><T44/><D44/><U130/><E96/><V36/><F127/><W4/><G85/><T117/><D117/><U69/><E130/><V45/><F126/><W84/><G84/><T97/><D97/><U113/><E69/><RYUUKYOKU ba="1,1" sc="304,30,196,-10,325,-10,165,-10" hai0="10,14,22,27,30,49,50,75,77,81,93,98,103" /><INIT seed="3,2,1,5,0,93" ten="334,186,315,155" oya="3" hai0="59,50,22,73,35,1,57,117,120,17,21,51,58" hai1="99,134,33,47,34,85,110,4,55,39,62,94,88" hai2="5,23,13,128,16,135,14,112,77,98,130,30,127" hai3="20,56,43,36,9,122,81,82,19,42,75,72,131"/><W2/><G122/><T7/><D35/><U101/><E110/><V114/><F77/><W37/><G131/><N who="2" m="50217" /><F98/><W6/><G56/><T40/><D117/><U46/><E134/><V87/><F87/><W64/><G64/><T115/><D120/><U71/><E4/><V106/><F106/><W48/><G48/><T63/><D73/><U65/><E47/><V126/><F135/><W125/><G125/><N who="2" m="47625" /><F30/><W76/><G37/><T97/><D115/><N who="2" m="44074" /><F5/><W27/><G36/><T53/><D7/><U68/><E68/><V107/><F107/><W18/><G18/><T133/><D97/><U25/><E39/><V91/><F91/><W26/><G26/><AGARI ba="2,1" hai="13,14,16,23,26" m="44074,47625,50217" machi="26" ten="40,8000,1" yaku="19,1,18,1,34,2,54,1" doraHai="93" who="2" fromWho="3" sc="334,0,186,0,315,96,155,-86" /><INIT seed="4,0,0,5,3,93" ten="334,186,411,69" oya="0" hai0="81,38,26,117,47,83,96,111,33,30,0,64,54" hai1="84,6,106,40,133,66,21,44,29,3,107,122,109" hai2="101,70,74,132,69,102,46,127,35,72,22,79,119" hai3="14,42,23,98,128,75,58,52,59,100,85,57,131"/><T114/><D117/><U129/><E122/><V39/><F35/><W112/><G75/><T120/><D120/><U65/><E109/><V1/><F1/><W134/><G42/><T32/><D114/><U80/><E129/><N who="3" m="49738" /><G112/><T62/><D111/><U16/><E133/><V41/><F101/><W113/><G113/><T55/><D0/><U94/><E29/><V123/><F22/><W97/><G134/><T20/><D38/><U50/><E94/><V87/><F69/><W45/><G85/><T99/><D33/><U24/><E106/><V82/><F46/><W15/><G100/><T71/><D32/><U51/><E107/><V9/><F9/><W48/><G14/><T28/><D28/><U31/><E31/><V4/><F82/><W88/><G88/><T76/><D83/><U78/><REACH who="1" step="1"/><E50/><REACH who="1" ten="334,176,411,69" step="2"/><V36/><F39/><W60/><G60/><T125/><D125/><U118/><E118/><V110/><F36/><W95/><G95/><T25/><D30/><U67/><E67/><V27/><F119/><W105/><G105/><T92/><D92/><U86/><E86/><V115/><F87/><W121/><G121/><T12/><D64/><U13/><E13/><V135/><F123/><W17/><AGARI ba="0,1" hai="15,17,23,45,48,52,57,58,59,97,98" m="49738" machi="17" ten="40,8000,1" yaku="19,1,52,2,54,1" doraHai="93" who="3" fromWho="3" sc="334,-40,176,-20,411,-20,69,90" /><INIT seed="5,0,0,2,2,7" ten="294,156,391,159" oya="1" hai0="27,133,21,4,65,86,89,116,108,71,78,67,11" hai1="131,84,12,105,79,1,35,125,74,25,56,30,100" hai2="87,18,8,47,52,92,60,113,83,61,81,130,90" hai3="62,58,68,114,66,103,22,33,124,73,13,75,77"/><U45/><E125/><V129/><F113/><W119/><G124/><T26/><D108/><U102/><E131/><N who="2" m="50187" /><F47/><W80/><G114/><T48/><D116/><U46/><E1/><V17/><F17/><W9/><G33/><T128/><D128/><U120/><E74/><V70/><F70/><W106/><G119/><T118/><D118/><U55/><E120/><V20/><F8/><W88/><G22/><T43/><D43/><U23/><E35/><V134/><F134/><W59/><G75/><T112/><D112/><U24/><E105/><V95/><F95/><W29/><G29/><T54/><D71/><U2/><E2/><V85/><F52/><W107/><G107/><T50/><D133/><U82/><E25/><N who="2" m="14487" /><F92/><W126/><G106/><T122/><D122/><U132/><E132/><V6/><F6/><W3/><G3/><T15/><D78/><AGARI ba="0,0" hai="60,61,78,81,83,85,87,90" m="14487,50187" machi="78" ten="30,1000,0" yaku="19,1" doraHai="7" who="2" fromWho="0" sc="294,-10,156,0,391,10,159,0" /><INIT seed="6,0,0,5,4,81" ten="284,156,401,159" oya="2" hai0="63,50,3,36,46,8,25,32,96,49,64,30,16" hai1="62,118,7,98,102,101,65,130,120,85,113,76,28" hai2="27,67,38,97,75,77,12,126,107,79,35,103,121" hai3="78,21,123,134,57,4,90,114,6,51,13,31,26"/><V1/><F1/><W80/><G123/><T61/><D36/><U119/><E130/><V42/><F121/><W24/><G134/><T9/><D3/><U73/><E120/><V110/><F126/><W39/><G39/><T44/><D96/><U124/><E124/><V131/><F131/><W55/><G114/><T128/><D128/><U87/><E113/><V11/><F110/><W60/><G90/><T0/><D0/><U45/><E73/><V106/><F106/><W105/><G105/><T66/><D49/><U133/><E133/><V58/><F58/><W53/><G13/><T125/><D125/><U56/><E7/><V117/><F67/><W70/><G26/><T115/><D46/><U17/><E28/><V129/><F42/><W34/><G34/><T93/><D93/><U91/><E45/><V37/><F27/><W72/><G70/><T86/><D86/><N who="1" m="32779" /><E119/><V111/><F35/><W23/><G23/><T10/><D115/><U100/><E118/><V92/><F107/><W40/><G40/><T95/><D44/><AGARI ba="0,0" hai="4,6,21,24,31,44,51,53,55,57,60,72,78,80" machi="44" ten="30,1000,0" yaku="7,1" doraHai="81" who="3" fromWho="0" sc="284,-10,156,0,401,0,159,10" /><INIT seed="7,0,0,2,1,28" ten="274,156,401,169" oya="3" hai0="75,130,127,76,117,96,18,105,25,5,17,73,97" hai1="131,102,72,38,91,78,39,92,56,118,122,115,112" hai2="63,6,119,57,123,1,13,52,2,81,15,124,27" hai3="16,94,4,54,90,65,41,68,35,29,126,50,60"/><W51/><G126/><T121/><D5/><U21/><E122/><V55/><F119/><W14/><G4/><T7/><D7/><U109/><E109/><V64/><F124/><W12/><G41/><T83/><D127/><U128/><E102/><V8/><F123/><W87/><G12/><T116/><D25/><U3/><E3/><V44/><F2/><W23/><G51/><T132/><D17/><U108/><E108/><V125/><F125/><W49/><G50/><T58/><D18/><U34/><E34/><V61/><F81/><W84/><G29/><T106/><D58/><U37/><E118/><V70/><F27/><W69/><G69/><T98/><D121/><U100/><E100/><V47/><F55/><W24/><G87/><T113/><D130/><N who="1" m="49707" /><E21/><V79/><F1/><W114/><G114/><N who="1" m="43562" /><E56/><V0/><F0/><W129/><G129/><T42/><D113/><U74/><E78/><V120/><F79/><W80/><G24/><T110/><D76/><U66/><E66/><V93/><F120/><W20/><G20/><T77/><D77/><U32/><E32/><V43/><F43/><W67/><G67/><T101/><D42/><U33/><E33/><V111/><F111/><W11/><G35/><T30/><D110/><U88/><E88/><V36/><F36/><W26/><G80/><T71/><D71/><U45/><E45/><V22/><F63/><W9/><G26/><T40/><D116/><U133/><E133/><V19/><F6/><W85/><G85/><AGARI ba="0,0" hai="37,38,39,72,74,85,91,92" m="43562,49707" machi="85" ten="40,2600,0" yaku="19,1,15,1" doraHai="28" who="1" fromWho="3" sc="274,0,156,26,401,0,169,-26" owari="274,7.4,182,-21.8,401,50.1,143,-35.7" /></mjloggm>