<mjloggm ver="2.3"><GO type="169" lobby="0"/><UN n0="%E3%83%A1%E3%82%AC%E3%83%95%E3%83%BC%E3%83%87%E3%82%A3%E3%83%B3" n1="%E4%BF%9D%E8%82%B2%E5%A3%AB" n2="%E3%81%9B%E3%81%A9%E3%81%AA%E3%82%8A%E3%81%82%E3%82%93" n3="%E5%BE%A1%E5%BD%B1%E3%82%86%E3%81%9A%E3%81%8D" dan="16,16,17,17" rate="2221.52,2214.38,2168.08,2206.26" sx="F,M,F,M"/><TAIKYOKU oya="0"/><INIT seed="0,0,0,2,1,52" ten="250,250,250,250" oya="0" hai0="107,58,0,74,4,51,114,72,134,119,63,42,131" hai1="67,109,36,76,55,132,39,62,122,78,48,3,17" hai2="54,115,95,80,81,66,57,31,125,105,61,1,84" hai3="129,33,37,99,113,19,117,79,71,18,22,68,69"/><T38/><D114/><U23/><E122/><V50/><F115/><W8/><G113/><T93/><D119/><U75/><E3/><V91/><F105/><W108/><G117/><T6/><D107/><U45/><E109/><V27/><F125/><W25/><G37/><T86/><D38/><U112/><E132/><V35/><REACH who="2" step="1"/><F1/><REACH who="2" ten="250,250,240,250" step="2"/><W123/><G108/><T133/><D0/><U5/><E112/><V47/><AGARI ba="0,1" hai="27,31,35,47,50,54,57,61,66,80,81,84,91,95" machi="47" ten="20,12000,2" yaku="1,1,2,1,0,1,7,1,52,1,53,1" doraHai="52" doraHaiUra="85" who="2" fromWho="2" sc="250,-60,250,-30,240,130,250,-30" /><INIT seed="1,0,0,1,5,113" ten="190,220,370,220" oya="1" hai0="9,105,130,88,6,73,116,107,129,49,87,124,96" hai1="110,36,29,42,118,65,83,127,93,76,61,60,1" hai2="51,78,0,94,52,74,67,133,101,75,122,64,32" hai3="104,50,4,40,38,126,85,54,121,111,131,55,24"/><U33/><E1/><V90/><F122/><W5/><G104/><T17/><D73/><U134/><E118/><V91/><F32/><W97/><G121/><T109/><D17/><U27/><E134/><V57/><F0/><W77/><G38/><T10/><D109/><U86/><E127/><V63/><F133/><W15/><G126/><T28/><D28/><U37/><E110/><V115/><F115/><W69/><G69/><T106/><D124/><U81/><E42/><V102/><F67/><W41/><G111/><T47/><D96/><U123/><E123/><V120/><F91/><W72/><G72/><T58/><D58/><U82/><E60/><V7/><F7/><W20/><G97/><T3/><D10/><U53/><E53/><V43/><F43/><W31/><G131/><T21/><D21/><U114/><E114/><V95/><F95/><W30/><G30/><T103/><D103/><U46/><E46/><V84/><F74/><W16/><G41/><T117/><D49/><U68/><REACH who="1" step="1"/><E93/><REACH who="1" ten="190,210,370,220" step="2"/><V11/><F120/><W12/><G40/><T14/><D47/><U39/><AGARI ba="0,1" hai="27,29,33,36,37,39,61,65,68,76,81,82,83,86" machi="39" ten="30,6000,0" yaku="1,1,2,1,0,1,53,0" doraHai="113" doraHaiUra="100" who="1" fromWho="1" sc="190,-20,210,70,370,-20,220,-20" /><INIT seed="1,1,0,2,0,100" ten="170,280,350,200" oya="1" hai0="39,56,47,111,41,16,74,59,30,76,10,37,73" hai1="50,130,124,68,60,13,9,126,21,18,45,78,29" hai2="135,57,7,81,17,119,42,127,86,33,97,106,133" hai3="82,122,38,94,5,125,20,128,112,117,43,110,67"/><U48/><E78/><V71/><F71/><W3/><G20/><T32/><D111/><U12/><E130/><V85/><F33/><W2/><G94/><T129/><D129/><U88/><E68/><V108/><F119/><W23/><G23/><T11/><D32/><U70/><E70/><V54/><F42/><W69/><G82/><T49/><D30/><U118/><E60/><V64/><F64/><W105/><G5/><T22/><D37/><U83/><E118/><V63/><F127/><W91/><G91/><T93/><D93/><U65/><E65/><V95/><F7/><W89/><G89/><T72/><D76/><U19/><E29/><V44/><F44/><W40/><G43/><T6/><D39/><U101/><E101/><V96/><F17/><W103/><G40/><T134/><D134/><U115/><E115/><V104/><F108/><W53/><G53/><T87/><D87/><N who="2" m="33290" /><F81/><W102/><G103/><T92/><D92/><U28/><E28/><V98/><F95/><W0/><G102/><T58/><REACH who="0" step="1"/><D6/><REACH who="0" ten="160,280,350,200" step="2"/><U31/><E31/><V1/><F1/><W52/><G2/><T99/><D99/><U25/><E126/><V55/><F133/><W113/><G0/><T84/><D84/><N who="1" m="50207" /><E124/><V90/><F135/><W34/><G67/><T107/><D107/><N who="2" m="41002" /><F90/><W8/><G125/><T15/><AGARI ba="1,1" hai="10,11,15,16,22,41,47,49,56,58,59,72,73,74" machi="15" ten="40,5200,0" yaku="1,1,0,1,54,1,53,0" doraHai="100" doraHaiUra="61" who="0" fromWho="0" sc="160,65,280,-27,350,-14,200,-14" /><INIT seed="2,0,0,0,4,135" ten="225,253,336,186" oya="2" hai0="41,49,100,42,70,107,51,30,106,17,22,39,50" hai1="65,64,4,26,127,79,115,118,69,61,84,24,10" hai2="58,23,12,94,119,103,102,131,54,95,128,92,129" hai3="33,21,32,1,71,112,125,123,89,15,111,29,68"/><V90/><F119/><W34/><G123/><T57/><D70/><U122/><E115/><V9/><F23/><W2/><G89/><T59/><D30/><U85/><E122/><V7/><REACH who="2" step="1"/><F90/><REACH who="2" ten="225,253,326,186" step="2"/><W74/><G21/><T133/><D22/><U52/><E118/><V53/><F53/><W80/><G34/><T18/><D133/><U96/><E52/><V47/><F47/><W66/><G32/><T109/><D109/><U121/><E121/><V87/><F87/><W83/><G33/><T16/><D100/><U82/><E85/><V44/><F44/><W62/><G111/><T130/><D130/><U13/><E84/><V46/><F46/><W38/><G74/><T45/><REACH who="0" step="1"/><D41/><REACH who="0" ten="215,253,326,186" step="2"/><U3/><E26/><V8/><F8/><W91/><G112/><T116/><D116/><U110/><E10/><V120/><F120/><W134/><G134/><T126/><D126/><U98/><E127/><V81/><F81/><W105/><G83/><T88/><D88/><U60/><E24/><V5/><F5/><W67/><G91/><T0/><D0/><U37/><E4/><V55/><F55/><W11/><G80/><T27/><D27/><U124/><E3/><V19/><F19/><W86/><G1/><T97/><D97/><U72/><E124/><V28/><F28/><W104/><G2/><T113/><D113/><U35/><E82/><V25/><F25/><W48/><G125/><T43/><D43/><U36/><E98/><V101/><F101/><W73/><G29/><T14/><D14/><U78/><E13/><V76/><F76/><W114/><G15/><RYUUKYOKU ba="0,2" sc="215,15,253,-15,326,15,186,-15" hai0="16,17,18,39,42,45,49,50,51,57,59,106,107" hai2="7,9,12,54,58,92,94,95,102,103,128,129,131" /><INIT seed="2,1,2,5,1,98" ten="230,238,341,171" oya="2" hai0="123,88,33,65,54,24,61,85,19,44,9,30,129" hai1="57,79,36,108,60,102,48,27,117,82,62,2,107" hai2="58,4,132,43,125,42,77,100,37,95,35,93,15" hai3="14,38,120,16,96,83,89,111,18,46,47,103,66"/><V109/><F35/><W71/><G120/><T59/><D123/><U23/><E36/><V20/><F37/><W101/><G111/><T86/><D129/><U10/><E117/><V94/><F125/><W110/><G110/><T115/><D115/><U3/><E108/><V75/><F109/><W126/><G126/><T12/><D85/><U31/><E48/><V99/><F132/><W7/><G38/><T52/><REACH who="0" step="1"/><D44/><REACH who="0" ten="220,238,341,171" step="2"/><N who="3" m="16937" /><G71/><T87/><D87/><U84/><E84/><V1/><F75/><W45/><G45/><T25/><D25/><U133/><E27/><V41/><F43/><W119/><G119/><T28/><D28/><U134/><E31/><V112/><F42/><W69/><G69/><T26/><D26/><U13/><E134/><V76/><F41/><W128/><G128/><T11/><D11/><U72/><E10/><V40/><F40/><W55/><G7/><T49/><D49/><U0/><E133/><V127/><F127/><W91/><G18/><T90/><D90/><U34/><E72/><V74/><F74/><W131/><G131/><T135/><D135/><U6/><E6/><V51/><F4/><W80/><G91/><T29/><D29/><U22/><E0/><V104/><F1/><W122/><G122/><T64/><D64/><U121/><E2/><V68/><F112/><W56/><G66/><T116/><D116/><U113/><E3/><V5/><F68/><W124/><G124/><T67/><D67/><U106/><E121/><V92/><F5/><W105/><G89/><T70/><D70/><U32/><E113/><V8/><F8/><RYUUKYOKU ba="1,3" sc="220,30,238,-10,341,-10,171,-10" hai0="9,12,19,24,30,33,52,54,59,61,65,86,88" /><INIT seed="3,2,3,1,0,79" ten="250,228,331,161" oya="3" hai0="65,70,127,59,27,38,84,39,82,61,118,124,115" hai1="4,26,31,23,33,135,69,108,131,32,52,107,126" hai2="86,5,49,95,22,20,9,18,104,80,73,7,112" hai3="11,116,121,25,89,60,37,46,58,29,8,125,76"/><W40/><G121/><T13/><D118/><U100/><E69/><V17/><F104/><W62/><G116/><T74/><D74/><U113/><E113/><V122/><F73/><W12/><G125/><N who="0" m="48203" /><D115/><U129/><E126/><V47/><F95/><W98/><G76/><N who="0" m="46151" /><D13/><U103/><E4/><N who="2" m="1611" /><F122/><W44/><G44/><T68/><D27/><U63/><E108/><V102/><F102/><N who="1" m="38953" /><E135/><V28/><F28/><W67/><G12/><T130/><D130/><N who="1" m="49675" /><E107/><V36/><F36/><AGARI ba="2,3" hai="36,38,39,59,61,65,68,70" m="46151,48203" machi="36" ten="30,2000,0" yaku="18,1,52,1" doraHai="79" who="0" fromWho="2" sc="250,56,228,0,331,-26,161,0" /><INIT seed="4,0,0,2,0,61" ten="306,228,305,161" oya="0" hai0="125,107,94,51,8,124,26,54,29,78,98,37,12" hai1="87,116,52,83,95,23,18,19,32,9,58,89,133" hai2="35,90,103,11,126,67,42,104,17,81,3,40,45" hai3="28,108,121,112,16,120,22,92,30,131,111,49,74"/><T55/><D107/><U57/><E32/><V127/><F35/><W25/><G74/><T1/><D37/><U48/><E116/><V5/><F17/><W27/><G92/><T46/><D1/><U73/><E133/><V66/><F103/><W39/><G49/><T63/><D78/><U38/><E38/><V33/><F33/><N who="3" m="20623" /><G39/><T101/><D55/><U15/><E73/><V0/><F0/><W130/><G30/><T2/><D2/><U79/><E58/><V132/><F132/><W6/><G6/><T75/><D75/><U47/><E57/><V60/><F60/><W31/><G31/><T109/><D63/><U7/><REACH who="1" step="1"/><E23/><REACH who="1" ten="306,218,305,161" step="2"/><V59/><F59/><W102/><G112/><T115/><D115/><U62/><E62/><V99/><F45/><W129/><G102/><T43/><D109/><AGARI ba="0,1" hai="16,22,27,108,109,111,120,121,129,130,131" m="20623" machi="109" ten="40,8000,1" yaku="19,1,34,2,54,1" doraHai="61" who="3" fromWho="0" sc="306,-80,218,0,305,0,161,90" /><INIT seed="5,0,0,5,1,116" ten="226,218,305,251" oya="1" hai0="86,6,19,77,110,54,121,39,56,50,53,97,103" hai1="106,7,102,113,109,100,132,11,129,125,26,0,25" hai2="101,84,127,32,108,124,48,16,90,41,111,107,13" hai3="18,74,8,15,118,66,23,117,31,28,134,57,133"/><U30/><E113/><V98/><F32/><W94/><G74/><T131/><D39/><U5/><E132/><N who="3" m="50794" /><G94/><T49/><D110/><U22/><E109/><V24/><F24/><N who="3" m="14455" /><G57/><T29/><D131/><U9/><E129/><V87/><F87/><W38/><G66/><T60/><D6/><U122/><E125/><N who="2" m="48203" /><F48/><W45/><G45/><T63/><D29/><N who="3" m="11337" /><G38/><T40/><D40/><U78/><E106/><V126/><F41/><W36/><G36/><T2/><D2/><U37/><E37/><V47/><F47/><W10/><G10/><T67/><D86/><U62/><E62/><V68/><F68/><W80/><G80/><T105/><D77/><U12/><E78/><V85/><F85/><W21/><G21/><T81/><D81/><U51/><E51/><V76/><F76/><W58/><G58/><T20/><D67/><U123/><REACH who="1" step="1"/><E26/><REACH who="1" ten="226,208,305,251" step="2"/><V72/><F126/><W82/><G82/><T130/><D130/><U65/><E65/><V79/><F79/><W112/><G112/><T17/><D105/><U119/><E119/><V73/><F108/><W33/><G33/><T88/><D63/><U83/><E83/><N who="2" m="49439" /><F111/><W52/><G52/><T70/><D54/><U61/><E61/><V99/><F73/><W93/><G93/><T69/><D49/><U92/><E92/><V115/><F72/><W14/><G14/><N who="0" m="9271" /><D50/><U89/><E89/><V4/><F115/><W3/><G3/><T128/><D88/><U43/><E43/><V46/><F46/><W35/><G35/><T71/><D128/><U75/><E75/><V34/><F107/><W27/><G27/><RYUUKYOKU ba="0,1" sc="226,-15,208,15,305,-15,251,15" hai1="0,5,7,9,11,12,22,25,30,100,102,122,123" hai3="8,15,117,118" /><INIT seed="5,1,1,3,4,117" ten="211,223,290,266" oya="1" hai0="94,52,121,9,123,71,87,100,3,20,74,4,45" hai1="119,65,14,135,93,11,97,109,102,113,50,86,38" hai2="51,127,42,78,75,133,96,5,134,40,28,63,114" hai3="68,66,104,47,103,131,33,15,6,36,128,76,95"/><U130/><E119/><V39/><F39/><W29/><G76/><T101/><D74/><U105/><E38/><V27/><F5/><W24/><G95/><T118/><D118/><U46/><E113/><V124/><F63/><N who="3" m="40031" /><G15/><T56/><D71/><U70/><E130/><V77/><F96/><N who="3" m="61543" /><G6/><T60/><D20/><U44/><E135/><N who="2" m="51723" /><F114/><W88/><G88/><N who="0" m="53535" /><D45/><U21/><E44/><N who="2" m="25991" /><F42/><AGARI ba="1,1" hai="24,29,33,36,42,47,128,131" m="61543,40031" machi="42" ten="30,2000,0" yaku="25,1,23,1" doraHai="117" who="3" fromWho="2" sc="211,0,223,0,290,-23,266,33" /><INIT seed="6,0,0,2,1,70" ten="211,223,267,299" oya="2" hai0="114,65,42,16,123,17,86,62,78,75,105,133,50" hai1="8,32,7,52,12,71,134,85,5,2,48,131,26" hai2="21,127,36,95,69,102,44,74,135,79,10,38,104" hai3="41,129,15,33,118,3,121,100,96,91,4,76,47"/><V24/><F69/><W11/><G121/><T0/><D123/><U27/><E71/><V84/><F44/><W45/><G118/><T92/><D114/><U132/><E131/><V130/><F10/><W99/><G129/><T126/><D133/><N who="1" m="51307" /><E32/><V93/><F93/><W106/><G33/><T29/><D126/><U119/><E119/><V72/><F72/><W68/><G68/><T107/><D0/><U37/><E37/><V66/><F66/><W115/><G115/><T67/><D29/><U112/><E112/><V90/><F130/><W39/><G45/><T122/><D122/><U31/><E85/><V1/><F1/><W110/><G110/><T51/><D75/><U88/><E88/><V53/><F127/><W23/><G76/><T63/><D78/><U125/><E125/><V120/><F120/><W22/><G3/><T6/><D86/><U94/><E94/><V9/><F135/><W64/><G64/><T61/><D92/><U55/><E26/><V35/><F35/><W58/><G58/><T59/><D6/><U13/><E5/><V98/><F9/><W80/><G80/><T49/><D42/><U117/><E117/><V40/><F40/><W77/><G77/><T19/><D59/><N who="1" m="33159" /><E55/><V128/><F53/><W54/><G54/><T83/><D83/><U87/><E87/><V60/><F128/><W20/><G91/><T57/><D57/><U111/><E111/><V34/><F34/><W116/><G116/><T97/><D107/><U81/><E81/><N who="2" m="45303" /><F60/><W124/><G124/><T18/><N who="0" m="4096" /><DORA hai="56" /><T109/><D109/><U89/><E89/><RYUUKYOKU ba="0,0" sc="211,0,223,0,267,0,299,0" hai0="49,50,51,61,62,63,65,67,97,105" hai1="2,7,8,12,13,27,31" hai2="21,24,36,38,84,90,95,98,102,104" hai3="4,11,15,20,22,23,39,41,47,96,99,100,106" /><INIT seed="6,1,0,3,5,12" ten="211,223,267,299" oya="2" hai0="1,11,78,95,107,62,59,73,92,49,32,41,100" hai1="33,110,35,129,134,108,6,124,72,89,42,70,79" hai2="80,40,76,50,115,81,38,46,116,23,119,84,34" hai3="27,43,99,82,77,122,71,111,133,4,31,24,0"/><V104/><F34/><W9/><G122/><T86/><D32/><U101/><E70/><V98/><F115/><W66/><G111/><T90/><D1/><U64/><E72/><V75/><F38/><W106/><G43/><T117/><D117/><U94/><E129/><V103/><REACH who="2" step="1"/><F23/><REACH who="2" ten="211,223,257,299" step="2"/><W67/><G133/><T118/><D118/><U16/><E35/><V45/><F45/><W63/><G31/><T55/><D11/><U14/><E33/><V21/><F21/><W120/><G120/><T22/><D22/><U36/><E36/><V56/><F56/><W30/><G30/><T39/><D39/><U48/><E110/><V3/><F3/><W128/><G128/><T135/><D135/><U132/><E108/><V91/><AGARI ba="1,1" hai="40,46,50,75,76,80,81,84,91,98,103,104,116,119" machi="91" ten="20,7800,0" yaku="1,1,0,1,7,1,53,1" doraHai="12" doraHaiUra="105" who="2" fromWho="2" sc="211,-27,223,-27,257,91,299,-27" /><INIT seed="6,2,0,1,5,7" ten="184,196,348,272" oya="2" hai0="94,44,48,75,100,60,49,84,1,69,10,45,28" hai1="27,98,80,43,12,54,93,36,63,85,41,82,64" hai2="61,130,47,101,57,40,2,67,127,81,86,88,62" hai3="39,99,89,123,131,76,133,23,33,111,113,79,8"/><V87/><F2/><W74/><G33/><T83/><D75/><U31/><E54/><V72/><F72/><W34/><G34/><T73/><D73/><U124/><E124/><V0/><F0/><W90/><G39/><T125/><D125/><U56/><E36/><V114/><F114/><W129/><G123/><T117/><D117/><U71/><E71/><V103/><F130/><N who="3" m="49675" /><G111/><T4/><D28/><U128/><E128/><V19/><F62/><W59/><G74/><T119/><D119/><U14/><E41/><V42/><F127/><W3/><G133/><T66/><D49/><U11/><E43/><N who="2" m="16427" /><F47/><W17/><G59/><T50/><D48/><U102/><E85/><V65/><F65/><W109/><G109/><T104/><D104/><U106/><E106/><V97/><F97/><W32/><G32/><T46/><D50/><U26/><E12/><V118/><F87/><W15/><G113/><T135/><D135/><U35/><REACH who="1" step="1"/><E26/><REACH who="1" ten="184,186,348,272" step="2"/><V116/><F116/><W24/><G3/><T120/><D120/><U29/><E29/><V126/><F126/><W5/><G99/><T22/><D84/><U115/><E115/><V6/><F118/><W18/><G5/><AGARI ba="2,1" hai="5,11,14,27,31,35,56,63,64,80,82,93,98,102" machi="5" ten="30,3900,0" yaku="1,1,7,1,52,1,53,0" doraHai="7" doraHaiUra="107" who="1" fromWho="3" sc="184,0,186,55,348,0,272,-45" /><INIT seed="7,0,0,3,0,34" ten="184,241,348,227" oya="3" hai0="32,36,0,70,61,55,127,91,35,28,64,96,78" hai1="58,1,124,108,43,14,45,17,26,75,23,112,134" hai2="48,97,21,11,59,83,114,25,111,67,125,90,24" hai3="68,54,60,39,88,123,52,104,9,30,116,22,80"/><W10/><G39/><T117/><D127/><U107/><E1/><V46/><F111/><W7/><G123/><T115/><D117/><U82/><E107/><V20/><F114/><W73/><G104/><T128/><D128/><U84/><E75/><V102/><F11/><W6/><G116/><T3/><D36/><U113/><E58/><V93/><F125/><W79/><G88/><T62/><D115/><N who="1" m="44107" /><E124/><V77/><F102/><W50/><G30/><T74/><D55/><U129/><E134/><V18/><F59/><W33/><G33/><N who="0" m="12875" /><D91/><N who="1" m="51607" /><E108/><V8/><F8/><W87/><G73/><T15/><D15/><U94/><E94/><V2/><F67/><W130/><G130/><T13/><D13/><U19/><E129/><V126/><F93/><W118/><G118/><T47/><D47/><U66/><E66/><V38/><F46/><W40/><G54/><T41/><D41/><U86/><E86/><V98/><F90/><W56/><G40/><T5/><D61/><U119/><E119/><V131/><F131/><W27/><G60/><T133/><D133/><U4/><E14/><V49/><F49/><W103/><G50/><T109/><D28/><U37/><E43/><V71/><F48/><W63/><G63/><T29/><D29/><U92/><E45/><V100/><F126/><W12/><G12/><T81/><D109/><U106/><E37/><V85/><F38/><W31/><G31/><T135/><D135/><U95/><E17/><V65/><F18/><W101/><G52/><T99/><D5/><U105/><E4/><V76/><F85/><W122/><G7/><RYUUKYOKU ba="0,0" sc="184,15,241,15,348,-15,227,-15" hai0="0,3,62,64,70,74,78,81,96,99" hai1="19,23,26,92,95,105,106" owari="199,-30.1,256,5.6,333,43.3,212,-18.8" /></mjloggm>