<mjloggm ver="2.3"><GO type="169" lobby="0"/><UN n0="%73%61%69%63%68%61%6E%7A" n1="%E7%B9%AD%E3%82%92%E8%A7%A3%E3%81%8F" n2="%E3%83%97%E3%83%AC%E3%82%B9%E3%83%97" n3="%E3%81%A1%E3%81%AA%E3%81%A4" dan="17,17,16,17" rate="2136.50,2206.12,2175.68,2177.39" sx="M,M,M,M"/><TAIKYOKU oya="0"/><INIT seed="0,0,0,2,3,79" ten="250,250,250,250" oya="0" hai0="75,87,126,2,18,69,41,78,131,77,22,97,36" hai1="0,43,21,134,116,62,15,111,120,117,121,106,89" hai2="24,48,91,13,23,132,3,17,16,30,57,6,82" hai3="64,47,32,92,40,133,114,129,49,11,35,84,127"/><T33/><D75/><U50/><E0/><V103/><F132/><W52/><G114/><T34/><D69/><U124/><E15/><V102/><F17/><W5/><G133/><T51/><D36/><U38/><E21/><V60/><F48/><W85/><G64/><T94/><D2/><U56/><E89/><V67/><F6/><W55/><G129/><T63/><D131/><U9/><E9/><V37/><F37/><W112/><G112/><T28/><D126/><U119/><E106/><V71/><F71/><W73/><G73/><T72/><D72/><U90/><E90/><V44/><F44/><W113/><G113/><T123/><D123/><N who="1" m="47179" /><E134/><V93/><F3/><W96/><G127/><T122/><D122/><U65/><E124/><V86/><REACH who="2" step="1"/><F93/><REACH who="2" ten="250,250,240,250" step="2"/><W29/><G29/><T98/><D51/><U68/><E111/><V100/><F100/><W83/><G5/><T101/><D94/><U45/><E38/><V76/><F76/><W8/><G8/><AGARI ba="0,1" hai="8,13,16,23,24,30,57,60,67,82,86,91,102,103" machi="8" ten="30,8000,1" yaku="1,1,7,1,8,1,52,1,54,1,53,0" doraHai="79" doraHaiUra="104" who="2" fromWho="3" sc="250,0,250,0,240,90,250,-80" /><INIT seed="1,0,0,1,2,52" ten="250,250,330,170" oya="1" hai0="1,130,85,32,107,11,98,21,12,108,0,38,43" hai1="71,121,104,91,73,49,69,47,116,56,64,8,75" hai2="9,57,89,27,67,119,135,74,33,29,58,125,15" hai3="22,46,92,87,81,7,84,102,63,78,62,94,95"/><U68/><E104/><V34/><F119/><W88/><G7/><T101/><D32/><U39/><E116/><V80/><F34/><W20/><G46/><T18/><D108/><U14/><E121/><V48/><F125/><W93/><G102/><T122/><D122/><U126/><E126/><V96/><F135/><W103/><G103/><T90/><D130/><U118/><E118/><V10/><F74/><W113/><G113/><T30/><D38/><U19/><E39/><V120/><F10/><W40/><G40/><T50/><D43/><U5/><E5/><V16/><F120/><W128/><G128/><T105/><D105/><U35/><E35/><V82/><F67/><W97/><G97/><T44/><D30/><U66/><E91/><V77/><F77/><W4/><G4/><T42/><REACH who="0" step="1"/><D21/><AGARI ba="0,0" hai="20,21,22,62,63,78,81,84,87,88,92,93,94,95" machi="21" ten="40,2600,0" yaku="8,1,54,1" doraHai="52" who="3" fromWho="0" sc="250,-26,250,0,330,0,170,26" /><INIT seed="2,0,0,5,0,6" ten="224,250,330,196" oya="2" hai0="125,132,94,36,37,38,101,68,26,86,0,42,78" hai1="122,54,100,118,73,44,14,31,10,112,129,21,32" hai2="104,30,91,82,64,95,41,60,74,29,89,8,50" hai3="63,25,67,115,2,46,97,114,77,61,105,84,70"/><V90/><F104/><W93/><G2/><T55/><D125/><U43/><E118/><V65/><F74/><W92/><G105/><T75/><D132/><U40/><E112/><V69/><F65/><W111/><G111/><T83/><D68/><U134/><E134/><V27/><F82/><W133/><G133/><T81/><D0/><U72/><E129/><V13/><F95/><W130/><G130/><T4/><D4/><U106/><E122/><V108/><F108/><W85/><G93/><T9/><D9/><U116/><E116/><V51/><F41/><W33/><G61/><T22/><D55/><U48/><E32/><V80/><F80/><W121/><G121/><T7/><D7/><U88/><E73/><V117/><F117/><W3/><G3/><T58/><D58/><U135/><E72/><V52/><F27/><W96/><G96/><T12/><D12/><U19/><E135/><V76/><F76/><W23/><G33/><T131/><D42/><N who="1" m="15915" /><E100/><V128/><F128/><W126/><G46/><T34/><D34/><U24/><E106/><V56/><REACH who="2" step="1"/><F51/><REACH who="2" ten="224,250,320,196" step="2"/><W79/><G79/><T11/><D131/><U28/><E88/><V15/><F15/><W53/><G126/><T1/><D83/><U127/><E127/><V57/><F57/><W45/><G77/><T103/><D75/><U107/><E107/><V87/><F87/><W59/><G85/><T71/><D94/><U120/><E120/><V16/><AGARI ba="0,1" hai="8,13,16,29,30,50,52,56,60,64,69,89,90,91" machi="16" ten="30,18000,2" yaku="1,1,0,1,52,1,54,2,53,1" doraHai="6" doraHaiUra="5" who="2" fromWho="2" sc="224,-60,250,-60,320,190,196,-60" /><INIT seed="2,1,0,0,0,51" ten="164,190,510,136" oya="2" hai0="5,39,3,70,120,20,85,109,82,64,131,43,121" hai1="47,68,106,45,60,117,14,57,118,129,56,50,34" hai2="134,18,81,24,48,127,104,132,22,119,91,73,74" hai3="1,30,40,52,69,37,116,25,100,67,27,80,41"/><V133/><F119/><N who="1" m="45577" /><E14/><V16/><F127/><W96/><G116/><T6/><D109/><U36/><E34/><V7/><F104/><W26/><G1/><T110/><D110/><U61/><E106/><V125/><F125/><W79/><G30/><T89/><D131/><U78/><E78/><V108/><F108/><W31/><G31/><T123/><D20/><U101/><E101/><V21/><F7/><W111/><G111/><T28/><D28/><U124/><E124/><V2/><F2/><W72/><G37/><T112/><D112/><U66/><E129/><V126/><F126/><W65/><G69/><T33/><D33/><U13/><E13/><V71/><F71/><W0/><G0/><T102/><D102/><U53/><E36/><V77/><F91/><W10/><G10/><T107/><D107/><U19/><E19/><V92/><F92/><W86/><G72/><T105/><D105/><U128/><E128/><V83/><F83/><W54/><G96/><T59/><D3/><U46/><E57/><V29/><F74/><W115/><G115/><T87/><D70/><U17/><E17/><V135/><N who="2" m="33792" /><DORA hai="8" /><V98/><F98/><W130/><G130/><T4/><D85/><U55/><AGARI ba="1,0" hai="45,46,47,50,53,55,56,60,61,66,68" m="45577" machi="55" ten="30,7900,0" yaku="34,2,52,2" doraHai="51,8" who="1" fromWho="1" sc="164,-21,190,82,510,-40,136,-21" /><INIT seed="3,0,0,2,0,92" ten="143,272,470,115" oya="3" hai0="135,134,80,58,14,111,60,125,86,29,1,114,103" hai1="6,55,133,88,18,112,102,63,54,56,33,108,109" hai2="2,44,124,68,47,41,78,127,27,32,120,59,64" hai3="126,3,65,26,0,94,90,99,72,97,115,39,43"/><W74/><G115/><T119/><D119/><U50/><E112/><V35/><F120/><W67/><G39/><T20/><D1/><U121/><E121/><V131/><F2/><W70/><G0/><T42/><D114/><U75/><E75/><V71/><F78/><W98/><G3/><T79/><D111/><U48/><E33/><V13/><F13/><W100/><G126/><N who="2" m="48169" /><F131/><W107/><G43/><T53/><D125/><U76/><E76/><V25/><F59/><W69/><G26/><N who="2" m="9737" /><F64/><W24/><G24/><N who="0" m="16519" /><D14/><U118/><E118/><V95/><F95/><W96/><G72/><T11/><D11/><U91/><E56/><V89/><F89/><W28/><G74/><T34/><D34/><N who="2" m="12842" /><F41/><W93/><G28/><T9/><D9/><U116/><E116/><V132/><F132/><N who="0" m="50730" /><D42/><U57/><E133/><V83/><F83/><W36/><G107/><T49/><D103/><U66/><E102/><V46/><AGARI ba="0,0" hai="44,46,47,68,71" m="12842,9737,48169" machi="46" ten="40,5200,0" yaku="28,2,18,1" doraHai="92" who="2" fromWho="2" sc="143,-13,272,-13,470,52,115,-26" /><INIT seed="4,0,0,5,1,51" ten="130,259,522,89" oya="0" hai0="46,59,48,130,16,22,133,85,47,42,1,65,100" hai1="12,129,39,91,70,41,11,49,34,69,127,112,97" hai2="103,74,30,15,126,58,67,96,92,29,27,121,95" hai3="101,75,3,135,102,35,113,111,61,60,71,36,24"/><T13/><D130/><U119/><E39/><V107/><F121/><W38/><G111/><T4/><D133/><U78/><E34/><V89/><F74/><W53/><G75/><T115/><D115/><U114/><E119/><V43/><F126/><W98/><G3/><T88/><D100/><U8/><E127/><V99/><F43/><W17/><G113/><N who="1" m="43626" /><E78/><V31/><F15/><W73/><G73/><T128/><D128/><U45/><E129/><V82/><F82/><W40/><G135/><T52/><D65/><U10/><E12/><V86/><F58/><W117/><G117/><T32/><D32/><U122/><E122/><V9/><F67/><W105/><G101/><T132/><D132/><U66/><E66/><V63/><F63/><W25/><G61/><T33/><D33/><U124/><E124/><V84/><F9/><N who="1" m="3689" /><E91/><V5/><F5/><W106/><G106/><T109/><D109/><U83/><E83/><V23/><REACH who="2" step="1"/><F107/><REACH who="2" ten="130,259,512,89" step="2"/><W6/><G6/><T90/><D4/><U108/><E108/><V68/><F68/><N who="1" m="26217" /><E11/><V80/><F80/><W54/><G71/><T93/><D1/><U56/><E56/><V131/><F131/><W64/><G64/><T77/><D77/><U72/><E72/><V79/><F79/><W104/><G104/><T125/><D125/><U120/><E120/><V134/><F134/><W87/><G105/><T76/><D76/><U26/><E26/><V81/><F81/><W20/><G25/><T28/><D59/><U110/><E110/><V50/><F50/><W123/><G123/><T14/><D48/><U116/><E116/><RYUUKYOKU ba="0,1" sc="130,-15,259,15,512,15,89,-15" hai1="41,45,49,97" hai2="23,27,29,30,31,84,86,89,92,95,96,99,103" /><INIT seed="5,1,1,4,5,121" ten="115,274,527,74" oya="1" hai0="130,53,51,8,24,59,113,71,38,80,52,47,2" hai1="74,93,0,72,82,112,17,118,100,123,25,29,76" hai2="115,135,117,134,92,42,44,99,32,9,65,126,1" hai3="12,132,77,22,73,10,103,120,119,19,7,95,94"/><U88/><E112/><V127/><F32/><W67/><G120/><T101/><D113/><U63/><E123/><V124/><F117/><W104/><G119/><T3/><D130/><U34/><E118/><V26/><F115/><W128/><G128/><T15/><D71/><U110/><E0/><V131/><F65/><W41/><G132/><T83/><D101/><U21/><E100/><N who="2" m="60519" /><F131/><W58/><G41/><T50/><D38/><U46/><E46/><V69/><F69/><W54/><G67/><T13/><D24/><U68/><E68/><V27/><F9/><W28/><G28/><T35/><D35/><U105/><E105/><V79/><F79/><W89/><G104/><T129/><D129/><U61/><E74/><V57/><F57/><W5/><G5/><T86/><D80/><U48/><E48/><N who="2" m="26647" /><F1/><W14/><G103/><T87/><D87/><U16/><E110/><V18/><F18/><W40/><G40/><T102/><D102/><U64/><E64/><V106/><F106/><W30/><G30/><T4/><REACH who="0" step="1"/><D3/><REACH who="0" ten="105,274,527,74" step="2"/><U11/><E34/><V97/><F97/><W109/><G109/><T78/><AGARI ba="1,2" hai="2,4,8,13,15,47,50,51,52,53,59,78,83,86" machi="78" ten="20,8000,1" yaku="1,1,2,1,0,1,7,1,54,1,53,0" doraHai="121" doraHaiUra="23" who="0" fromWho="0" sc="105,103,274,-41,527,-21,74,-21" /><INIT seed="6,0,0,2,4,58" ten="208,233,506,53" oya="2" hai0="38,114,94,119,5,104,11,122,6,47,70,65,32" hai1="126,130,60,107,75,111,64,40,123,33,36,77,99" hai2="76,83,12,101,51,41,103,63,67,95,2,117,10" hai3="25,71,29,30,16,89,3,13,91,135,86,23,85"/><V134/><F2/><W125/><G3/><T18/><D122/><U69/><E111/><V128/><F117/><W19/><G135/><T0/><D6/><U15/><E15/><V116/><F116/><W42/><G125/><T110/><D119/><U31/><E126/><V79/><F128/><W72/><G72/><T131/><D110/><U24/><E130/><V106/><F106/><W49/><G71/><T100/><D94/><U129/><E129/><V97/><F103/><W87/><G42/><T96/><D18/><U90/><E90/><V74/><F76/><W37/><G37/><T81/><D131/><U50/><E50/><V53/><F41/><W46/><G19/><T20/><D20/><U17/><E17/><V133/><F53/><W43/><REACH who="3" step="1"/><G29/><REACH who="3" ten="208,233,506,43" step="2"/><T8/><D70/><U59/><E40/><V108/><F108/><W21/><AGARI ba="0,1" hai="13,16,21,23,25,30,43,46,49,85,86,87,89,91" machi="21" ten="30,12000,2" yaku="1,1,2,1,0,1,8,1,54,1,53,1" doraHai="58" doraHaiUra="45" who="3" fromWho="3" sc="208,-30,233,-30,506,-60,43,130" /><INIT seed="7,0,0,3,0,2" ten="178,203,446,173" oya="3" hai0="50,78,41,127,86,132,3,93,134,51,85,117,40" hai1="80,18,92,29,22,91,20,37,60,24,45,104,84" hai2="68,135,81,54,11,27,90,6,73,38,99,65,19" hai3="59,67,77,14,69,125,102,88,5,55,46,107,74"/><W105/><G69/><T43/><D117/><U98/><E104/><V70/><F38/><W95/><G67/><T34/><D3/><U111/><E111/><V122/><F135/><N who="0" m="51754" /><D34/><U52/><E37/><V75/><F54/><W13/><G125/><T115/><D127/><U1/><E1/><V97/><F122/><W108/><G108/><T8/><D8/><U15/><E60/><V12/><F75/><W33/><G33/><T28/><D28/><U48/><E98/><V53/><F53/><W61/><G46/><T30/><D30/><U62/><E62/><V113/><F113/><W66/><G66/><T44/><D115/><U47/><E80/><V118/><F118/><W120/><G120/><T57/><D78/><U124/><E124/><V129/><F73/><W4/><G77/><T106/><D106/><U114/><E114/><V0/><F27/><W39/><G39/><T10/><D10/><U42/><E42/><N who="0" m="16489" /><D93/><U131/><E131/><V83/><F83/><W96/><G74/><T79/><D79/><U58/><AGARI ba="0,0" hai="15,18,20,22,24,29,45,47,48,52,58,84,91,92" machi="58" ten="20,12000,2" yaku="0,1,7,1,25,2,8,1,54,1" doraHai="2" who="1" fromWho="1" sc="178,-30,203,120,446,-30,173,-60" owari="148,-25.2,323,12.3,416,51.6,113,-38.7" /></mjloggm>