<mjloggm ver="2.3"><GO type="169" lobby="0"/><UN n0="%E5%A4%A9%E6%89%8D%E9%BA%BB%E5%B0%86%E6%99%BA%E4%B9%83" n1="%73%61%69%63%68%61%6E%7A" n2="%E7%B5%B6%E5%AF%BE%E9%98%B2%E5%BE%A1%E5%B0%86%E8%BB%8D" n3="%4E%6F%73%75%6B%65" dan="16,17,16,16" rate="2149.02,2146.75,2092.14,2124.40" sx="M,M,M,M"/><TAIKYOKU oya="0"/><INIT seed="0,0,0,2,5,131" ten="250,250,250,250" oya="0" hai0="72,39,94,68,77,6,106,54,76,56,132,90,73" hai1="24,124,114,134,46,104,105,26,65,82,59,80,49" hai2="50,52,85,33,28,22,0,99,78,87,36,27,11" hai3="117,44,2,69,31,63,135,45,7,84,88,70,15"/><T126/><D68/><U21/><E114/><V9/><F36/><W34/><G117/><T57/><D106/><U10/><E124/><V61/><F33/><W98/><G2/><T83/><D39/><U16/><E26/><V122/><F122/><W107/><G135/><T23/><D126/><U133/><E10/><V116/><F116/><W74/><G74/><T101/><D101/><U5/><E5/><V119/><F119/><W118/><G118/><T48/><D6/><U112/><E112/><V32/><F32/><W93/><G15/><T79/><D73/><U102/><E59/><V43/><F43/><W30/><G7/><T40/><D40/><U120/><E65/><V110/><F61/><W115/><G115/><T47/><D132/><N who="1" m="50795" /><E120/><V97/><F110/><W17/><G70/><T20/><D57/><U121/><E121/><V12/><F9/><W125/><G125/><T29/><D56/><U42/><E102/><V128/><F128/><W14/><G69/><T8/><D8/><U3/><E3/><V127/><F0/><W113/><G113/><T62/><D62/><U100/><E100/><V60/><F60/><W41/><G63/><T108/><D108/><U55/><E42/><V123/><F127/><W96/><G41/><T111/><D111/><U71/><E71/><V89/><F123/><W35/><G45/><T4/><D4/><U1/><E1/><V130/><F130/><W86/><G44/><T67/><D67/><U51/><E51/><V18/><F50/><W25/><G25/><N who="0" m="16551" /><D23/><U66/><E66/><V95/><F52/><W103/><G103/><RYUUKYOKU ba="0,0" sc="250,10,250,10,250,10,250,-30" hai0="47,48,54,72,76,77,79,83,90,94" hai1="16,21,24,46,49,55,80,82,104,105" hai2="11,12,18,22,27,28,78,85,87,89,95,97,99" /><INIT seed="0,1,0,2,4,15" ten="260,260,260,220" oya="0" hai0="100,71,34,81,83,69,110,28,134,125,94,91,88" hai1="23,2,135,40,0,98,13,68,95,80,62,115,46" hai2="133,111,57,39,73,49,86,41,22,120,102,103,27" hai3="123,97,131,114,130,3,7,66,50,109,45,116,33"/><T47/><D134/><U26/><E135/><V78/><F120/><W84/><G116/><T54/><D125/><U79/><E115/><V87/><F39/><W124/><G114/><T89/><D34/><U55/><E13/><V76/><F111/><W104/><G33/><T37/><D110/><U12/><E12/><V56/><F73/><W64/><G109/><T128/><D128/><N who="3" m="49193" /><G123/><T61/><D28/><U14/><E14/><V106/><F106/><W6/><G124/><T19/><D37/><U65/><E55/><N who="2" m="31855" /><F57/><W53/><G84/><N who="2" m="32297" /><F41/><W5/><G3/><T90/><D100/><AGARI ba="1,0" hai="5,6,7,45,50,53,64,66,97,100,104" m="49193" machi="100" ten="30,1000,0" yaku="19,1" doraHai="15" who="3" fromWho="0" sc="260,-13,260,0,260,0,220,13" /><INIT seed="1,0,0,3,1,134" ten="247,260,260,233" oya="1" hai0="2,133,131,110,95,65,4,51,116,91,105,124,59" hai1="52,20,99,135,60,72,127,113,12,90,14,102,83" hai2="98,29,87,74,129,62,22,81,7,31,15,44,111" hai3="86,79,107,33,16,117,93,26,103,109,50,8,118"/><U43/><E113/><V84/><F74/><W23/><G109/><T27/><D105/><U32/><E32/><V92/><F111/><W125/><G107/><T119/><D110/><U82/><E135/><V40/><F62/><W30/><G8/><T41/><D133/><U13/><E43/><V85/><F129/><W35/><G125/><T19/><D131/><U78/><E127/><V48/><F81/><W115/><G115/><T67/><D124/><U36/><E36/><V25/><F15/><W94/><G50/><T46/><D4/><U11/><E20/><V57/><F57/><W80/><G35/><T71/><D2/><U68/><E11/><V61/><F61/><W97/><REACH who="3" step="1"/><G93/><REACH who="3" ten="247,260,260,223" step="2"/><T122/><D95/><N who="1" m="58751" /><E68/><V66/><F92/><W34/><G34/><T38/><D71/><U89/><E78/><V49/><F48/><W106/><G106/><T1/><D51/><U120/><E120/><V0/><F49/><W55/><G55/><T130/><D122/><U37/><E37/><V9/><F9/><W104/><G104/><T108/><D38/><U64/><E72/><V75/><F75/><W6/><G6/><T28/><D108/><U53/><E64/><V126/><F66/><W18/><G18/><T69/><D65/><U39/><E39/><V73/><F126/><W24/><AGARI ba="0,1" hai="16,23,24,26,30,33,79,80,86,94,97,103,117,118" machi="24" ten="30,4000,0" yaku="1,1,0,1,54,1,53,0" doraHai="134" doraHaiUra="56" who="3" fromWho="3" sc="247,-10,260,-20,260,-10,223,50" /><INIT seed="2,0,0,3,1,119" ten="237,240,250,273" oya="2" hai0="58,115,20,55,68,99,64,57,6,61,96,38,108" hai1="79,31,75,120,42,41,67,62,133,130,113,98,34" hai2="22,43,48,47,26,71,78,53,15,59,131,103,9" hai3="66,37,80,12,83,94,127,24,122,8,85,63,3"/><V36/><F131/><W95/><G127/><T112/><D6/><U11/><E113/><V117/><F117/><W49/><G37/><T40/><D20/><U123/><E130/><V77/><F103/><W27/><G122/><N who="1" m="46634" /><E133/><V101/><F101/><W65/><G49/><N who="0" m="30959" /><D108/><U60/><E98/><N who="0" m="37417" /><D58/><N who="1" m="37271" /><E11/><V109/><F71/><W97/><G3/><T104/><D104/><U70/><E31/><V16/><REACH who="2" step="1"/><F109/><REACH who="2" ten="237,240,240,273" step="2"/><W52/><G66/><T17/><D64/><N who="1" m="41239" /><E34/><V106/><F106/><W102/><G102/><T135/><D112/><U19/><E19/><AGARI ba="0,1" hai="9,15,16,19,22,26,36,43,47,48,53,59,77,78" machi="19" ten="30,11600,0" yaku="1,1,7,1,54,1,53,1" doraHai="119" doraHaiUra="21" who="2" fromWho="1" sc="237,0,240,-116,240,126,273,0" /><INIT seed="2,1,0,1,2,55" ten="237,124,366,273" oya="2" hai0="17,82,28,135,106,92,66,43,115,87,54,127,22" hai1="120,99,65,76,75,98,113,90,23,63,117,39,64" hai2="33,30,62,124,7,108,85,121,132,94,24,133,32" hai3="37,134,5,91,89,18,78,21,125,16,53,4,20"/><V128/><F121/><W83/><G37/><T71/><D106/><U84/><E117/><V67/><F124/><W48/><G125/><T49/><D115/><U126/><E113/><V3/><F128/><W100/><G100/><T40/><D135/><U101/><E126/><V27/><F7/><W31/><G31/><T104/><D104/><U58/><E39/><V102/><F3/><W15/><G134/><N who="2" m="51817" /><F108/><W118/><G118/><T47/><D127/><U129/><E129/><V93/><F102/><W56/><G5/><T74/><D74/><U1/><E120/><V96/><F96/><W38/><G4/><T80/><D28/><U8/><E76/><V105/><F105/><W29/><G29/><T13/><D66/><U116/><E75/><V0/><F0/><W14/><G38/><T52/><D71/><U109/><E109/><V107/><F107/><W61/><G61/><T123/><D123/><U111/><E101/><V130/><F130/><W50/><G50/><N who="0" m="29023" /><D92/><N who="2" m="35434" /><F85/><AGARI ba="1,0" hai="14,15,16,18,20,21,48,53,56,78,83,85,89,91" machi="85" ten="30,8000,1" yaku="7,1,9,1,8,1,52,1,54,1" doraHai="55" who="3" fromWho="2" sc="237,0,124,0,366,-83,273,83" /><INIT seed="3,0,0,2,4,134" ten="237,124,283,356" oya="3" hai0="127,18,1,78,34,68,122,29,58,87,121,40,105" hai1="88,17,15,14,135,60,118,16,91,123,125,73,61" hai2="24,65,103,47,98,86,27,23,76,56,96,119,81" hai3="25,5,4,54,44,97,99,13,22,85,51,30,72"/><W12/><G72/><T41/><D68/><U133/><E73/><V104/><F119/><W126/><G126/><T109/><D105/><U113/><E118/><V93/><F47/><W43/><G85/><T48/><D1/><U55/><E123/><V131/><F131/><W129/><G129/><T130/><D130/><U21/><E113/><V71/><F71/><W94/><G43/><T42/><D109/><U112/><E112/><V82/><F82/><W95/><G4/><T70/><D70/><U57/><E125/><V114/><F114/><W9/><REACH who="3" step="1"/><G13/><REACH who="3" ten="237,124,283,346" step="2"/><T64/><D127/><U52/><REACH who="1" step="1"/><E57/><REACH who="1" ten="237,114,283,346" step="2"/><V128/><F128/><W49/><G49/><T107/><D48/><U36/><E36/><V111/><F56/><W0/><G0/><T33/><D58/><U35/><E35/><V102/><F111/><W45/><G45/><T63/><D34/><U69/><E69/><V7/><F86/><W6/><G6/><T115/><D115/><U2/><E2/><V117/><F7/><W37/><G37/><T77/><D87/><U28/><E28/><V20/><F117/><W90/><G90/><T83/><D29/><U26/><E26/><V67/><F27/><W39/><G39/><T84/><D33/><U62/><E62/><V89/><F24/><W59/><G59/><T11/><D63/><U116/><E116/><V10/><F89/><W132/><G132/><T53/><D84/><U3/><E3/><V19/><F103/><W92/><AGARI ba="0,2" hai="5,9,12,22,25,30,44,51,54,92,94,95,97,99" machi="92" ten="30,6000,0" yaku="1,1,0,1,8,1,53,0" doraHai="134" doraHaiUra="75" who="3" fromWho="3" sc="237,-20,114,-20,283,-20,346,80" /><INIT seed="3,1,0,1,0,133" ten="217,94,263,426" oya="3" hai0="4,118,53,31,3,60,72,37,116,101,112,26,64" hai1="121,10,117,76,5,69,49,113,12,104,52,34,111" hai2="15,6,102,17,91,109,86,79,57,78,96,39,36" hai3="71,51,129,22,40,35,106,0,7,90,131,107,98"/><W50/><G35/><T84/><D53/><U43/><E113/><V16/><F109/><W120/><G120/><T132/><D132/><U54/><E111/><V74/><F6/><W105/><G71/><N who="0" m="42375" /><D84/><U95/><E104/><V130/><F74/><W23/><G7/><T92/><D92/><U2/><E121/><V41/><F57/><W123/><G123/><T75/><D101/><U81/><E69/><V99/><F41/><W88/><G0/><T126/><D37/><U125/><E34/><V73/><F73/><N who="0" m="28234" /><D112/><U56/><E117/><V61/><F86/><W68/><G68/><T21/><D21/><N who="3" m="7689" /><G98/><T80/><D80/><U59/><E2/><V94/><F99/><W33/><G33/><N who="0" m="20727" /><D126/><U89/><E43/><V25/><F96/><W66/><G66/><T77/><D77/><U70/><E70/><V42/><F39/><W20/><G20/><T24/><D24/><U14/><E14/><V119/><F15/><W124/><G124/><T38/><D38/><U45/><E125/><V62/><F25/><W46/><G51/><T108/><D108/><U55/><E56/><V19/><F36/><W9/><G9/><AGARI ba="1,0" hai="3,4,9,116,118" m="20727,28234,42375" machi="9" ten="30,1000,0" yaku="23,1" doraHai="133" who="0" fromWho="3" sc="217,13,94,0,263,0,426,-13" /><INIT seed="4,0,0,1,0,56" ten="230,94,263,413" oya="0" hai0="42,45,102,33,39,51,130,109,82,75,103,132,114" hai1="2,7,88,60,110,50,28,120,52,8,83,123,5" hai2="32,10,84,0,18,128,131,117,49,20,108,111,127" hai3="122,38,62,37,129,15,3,25,23,72,97,105,59"/><T70/><D114/><U81/><E110/><N who="2" m="42027" /><F49/><W44/><G3/><T77/><D109/><U107/><E107/><V16/><F84/><W121/><G72/><T48/><D130/><N who="2" m="49706" /><F127/><W96/><G15/><T55/><D132/><U64/><E28/><V67/><F67/><W13/><G13/><T68/><D33/><U113/><E113/><V26/><F117/><W89/><G129/><T112/><D112/><U54/><E7/><N who="2" m="1383" /><F32/><W126/><G126/><T22/><D51/><U4/><E4/><V99/><F99/><W21/><G89/><T85/><D75/><U71/><E54/><V116/><F116/><W93/><G93/><T74/><D74/><U65/><E65/><V47/><F47/><W57/><G44/><T12/><D103/><U69/><E69/><V43/><F43/><W31/><G105/><T76/><D76/><U6/><E6/><V134/><F134/><W1/><G38/><T17/><REACH who="0" step="1"/><D102/><REACH who="0" ten="220,94,263,413" step="2"/><U98/><E120/><V106/><F106/><W19/><G122/><T124/><D124/><U104/><E123/><V80/><F80/><W118/><G121/><T27/><D27/><U34/><E34/><V86/><F86/><W30/><G25/><T91/><D91/><U119/><E119/><V9/><F9/><W101/><G101/><T78/><D78/><U61/><E104/><V73/><F73/><W35/><G35/><T87/><D87/><U46/><REACH who="1" step="1"/><E61/><REACH who="1" ten="220,84,263,413" step="2"/><V40/><F40/><W133/><G62/><T11/><D11/><U125/><E125/><V95/><F95/><AGARI ba="0,2" hai="2,5,8,46,50,52,60,64,71,81,83,88,95,98" machi="95" ten="40,8000,1" yaku="1,1,52,1,54,2,53,1" doraHai="56" doraHaiUra="92" who="1" fromWho="2" sc="220,0,84,100,263,-80,413,0" /><INIT seed="5,0,0,1,1,123" ten="220,184,183,413" oya="1" hai0="104,94,2,50,96,41,93,53,86,131,7,87,73" hai1="102,30,122,64,118,111,120,18,44,54,25,21,129" hai2="77,15,110,95,57,69,62,135,45,1,37,116,117" hai3="14,26,46,47,56,13,8,107,114,63,70,121,83"/><U101/><E118/><V6/><F69/><W55/><G121/><T112/><D73/><U98/><E129/><V19/><F135/><W27/><G107/><T103/><D131/><U92/><E102/><V31/><F77/><W125/><G114/><T85/><D41/><U76/><E76/><V124/><F124/><W35/><G14/><T67/><D67/><U34/><E111/><V38/><F110/><W68/><G68/><T66/><D66/><U29/><E64/><V9/><F31/><W36/><G70/><T51/><D51/><U90/><E30/><V108/><F108/><W128/><G125/><T115/><D7/><U78/><E78/><V84/><F84/><W17/><G83/><T23/><D23/><U134/><E134/><V72/><F95/><W75/><G75/><T105/><D2/><U0/><E0/><V130/><F72/><W99/><G99/><T113/><D105/><U79/><E79/><V33/><F33/><W48/><G35/><T119/><D119/><U132/><E101/><V60/><F130/><W3/><G3/><T127/><D127/><U11/><E11/><V22/><F62/><W80/><G80/><T106/><D106/><U74/><E74/><V109/><F109/><W39/><G128/><T20/><D20/><U88/><E90/><V32/><F32/><W81/><G81/><T4/><D4/><U43/><E132/><V65/><REACH who="2" step="1"/><F38/><REACH who="2" ten="220,184,173,413" step="2"/><W91/><G39/><T42/><D104/><U5/><E122/><V97/><F97/><W28/><G36/><T100/><D94/><N who="1" m="56647" /><E120/><V10/><F10/><N who="3" m="6327" /><G28/><T71/><D113/><RYUUKYOKU ba="0,1" sc="220,-10,184,-10,173,30,413,-10" hai2="1,6,9,15,19,22,37,45,57,60,65,116,117" /><INIT seed="6,1,1,0,1,134" ten="210,174,203,403" oya="2" hai0="112,55,79,6,129,54,87,23,72,61,100,9,126" hai1="89,44,109,32,95,17,36,83,103,90,82,12,86" hai2="70,2,117,13,57,62,71,64,15,122,130,111,99" hai3="59,53,123,38,63,121,40,81,92,37,75,42,114"/><V28/><F117/><W80/><G92/><T60/><D72/><U131/><E109/><V84/><F122/><W106/><G106/><T118/><D126/><U128/><E32/><V14/><F2/><W47/><G114/><T27/><D129/><U50/><E36/><V8/><F8/><W135/><G135/><T22/><D112/><U132/><E103/><V48/><F130/><W120/><G75/><T3/><D100/><U7/><E132/><V1/><F1/><W67/><G53/><N who="0" m="19979" /><D3/><U0/><E7/><V68/><F111/><W108/><G108/><T33/><D33/><U101/><E101/><V74/><F74/><W88/><G88/><T29/><D22/><U52/><E0/><V113/><F113/><W115/><G115/><T10/><D118/><U116/><E116/><V30/><F48/><W73/><G73/><T94/><D94/><U35/><E35/><V21/><F99/><W119/><G119/><T45/><D45/><AGARI ba="1,1" hai="37,38,40,42,45,47,59,63,67,80,81,120,121,123" machi="45" ten="40,1300,0" yaku="9,1" doraHai="134" who="3" fromWho="0" sc="210,-16,174,0,203,0,403,26" /><INIT seed="7,0,0,4,3,132" ten="194,174,203,429" oya="3" hai0="10,53,1,67,5,77,92,27,41,111,134,23,15" hai1="88,135,48,70,66,82,34,42,16,28,73,44,98" hai2="128,84,33,35,72,56,6,130,100,85,64,4,20" hai3="107,12,119,133,78,50,121,102,18,103,74,49,114"/><W46/><G78/><T11/><D111/><U81/><E135/><V80/><F72/><W69/><G102/><T30/><D134/><U117/><E117/><V131/><F100/><W8/><G103/><T37/><D67/><U106/><E73/><V97/><F97/><W87/><G87/><N who="2" m="33353" /><F80/><N who="1" m="30825" /><E34/><N who="2" m="12811" /><F20/><W17/><G50/><T89/><D77/><U61/><E70/><V52/><F64/><W104/><G49/><AGARI ba="0,0" hai="4,6,49,52,56,128,130,131" m="12811,33353" machi="49" ten="40,2600,0" yaku="19,1,54,1" doraHai="132" who="2" fromWho="3" sc="194,0,174,0,203,26,429,-26" owari="194,-20.6,174,-32.6,229,2.9,403,50.3" /></mjloggm>