<mjloggm ver="2.3"><GO type="169" lobby="0"/><UN n0="%6D%6F%75%77" n1="%E3%83%8F%E3%83%B3%E3%83%81%E3%83%A7%E3%82%A6%E5%A4%A7%E6%A7%BB" n2="%E3%81%8A%E3%82%8D%E3%81%BD%E3%82%93%32%E5%8F%B7" n3="%E3%83%87%E3%83%A9%E3%82%B3%E3%83%83%E3%82%B3" dan="16,16,17,16" rate="2130.03,2096.73,2191.91,2174.79" sx="M,M,F,M"/><TAIKYOKU oya="0"/><INIT seed="0,0,0,5,1,122" ten="250,250,250,250" oya="0" hai0="46,17,93,56,101,52,30,49,21,38,80,41,116" hai1="79,62,107,125,78,114,113,124,104,1,24,50,95" hai2="10,128,77,94,86,6,88,13,96,115,58,132,83" hai3="100,89,105,121,123,63,87,130,75,16,27,40,39"/><T18/><D116/><U26/><E1/><V25/><F128/><W43/><G75/><T131/><D131/><U61/><E50/><V5/><F132/><W33/><G130/><T102/><D30/><U2/><E95/><V42/><F115/><W4/><G4/><T60/><D80/><U126/><E2/><V85/><F42/><W54/><G100/><T111/><D111/><U90/><E90/><V72/><F6/><W65/><G105/><N who="1" m="40522" /><E26/><V51/><F51/><W7/><G7/><T98/><D102/><U34/><E24/><V31/><REACH who="2" step="1"/><F58/><REACH who="2" ten="250,250,240,250" step="2"/><W8/><G40/><T76/><D76/><N who="1" m="29227" /><E34/><AGARI ba="0,1" hai="5,10,13,25,31,34,72,77,83,85,86,88,94,96" machi="34" ten="30,3900,0" yaku="1,1,7,1,54,1,53,0" doraHai="122" doraHaiUra="64" who="2" fromWho="1" sc="250,0,250,-39,240,49,250,0" /><INIT seed="1,0,0,3,2,70" ten="250,211,289,250" oya="1" hai0="56,111,42,113,30,62,85,15,102,74,45,119,3" hai1="108,90,35,36,21,59,132,101,27,0,75,77,16" hai2="129,60,39,134,82,105,34,92,14,50,18,9,71" hai3="54,107,86,2,122,131,100,104,8,128,78,37,84"/><U135/><E0/><V79/><F105/><N who="3" m="40523" /><G54/><T38/><D74/><U1/><E1/><V48/><F134/><N who="1" m="51241" /><E101/><V126/><F129/><N who="3" m="49739" /><G8/><T31/><D102/><U80/><E35/><V26/><F126/><W109/><G2/><T106/><D106/><U23/><E59/><V96/><F39/><W63/><G63/><T73/><D73/><U118/><E90/><V32/><F71/><W125/><G37/><T93/><D31/><U133/><N who="1" m="51249" /><U89/><DORA hai="52" /><E89/><V61/><F34/><W17/><G17/><T13/><D30/><N who="1" m="17775" /><E118/><V94/><F26/><W95/><G125/><T41/><D15/><N who="1" m="9631" /><E108/><V98/><F32/><W124/><G109/><T57/><D13/><U58/><E58/><V20/><F20/><W88/><G124/><T115/><D3/><U43/><E43/><V46/><F14/><W67/><G67/><T10/><D10/><U83/><E83/><V112/><F18/><W40/><G40/><T110/><D119/><U81/><E81/><V99/><F9/><W53/><G53/><T47/><D111/><U114/><E36/><V5/><F82/><N who="3" m="47191" /><G100/><T55/><D110/><U72/><E72/><V103/><F103/><W64/><G64/><T28/><D28/><U24/><E24/><V44/><F5/><W91/><G91/><N who="0" m="53487" /><D57/><U11/><E11/><V97/><F46/><W130/><G130/><T22/><D22/><U25/><E25/><V121/><F44/><W123/><AGARI ba="0,0" hai="86,88,95,122,123" m="47191,49739,40523" machi="123" ten="40,8000,1" yaku="19,1,34,2,54,1" doraHai="70,52" who="3" fromWho="3" sc="250,-20,211,-40,289,-20,250,80" /><INIT seed="2,0,0,1,2,106" ten="230,171,269,330" oya="2" hai0="97,14,86,69,44,12,63,53,126,130,80,35,23" hai1="78,127,55,133,27,52,83,70,16,75,96,25,84" hai2="94,5,1,8,9,102,122,15,58,20,99,82,112" hai3="103,115,77,57,85,118,7,26,111,119,45,108,36"/><V132/><F112/><W93/><G7/><T73/><D35/><U47/><E127/><V64/><F132/><W48/><G26/><T40/><D130/><U79/><E70/><V98/><F122/><W0/><G0/><T125/><D97/><U109/><E109/><N who="3" m="42058" /><G57/><N who="0" m="35247" /><D23/><U117/><E117/><N who="3" m="44554" /><G48/><N who="0" m="26631" /><D73/><U129/><E129/><V18/><F82/><N who="3" m="47311" /><G45/><T31/><D31/><U95/><E133/><V10/><REACH who="2" step="1"/><F99/><REACH who="2" ten="230,171,259,330" step="2"/><N who="3" m="59887" /><G36/><T37/><D37/><U121/><E121/><V30/><F30/><W72/><G72/><T91/><D126/><U113/><E75/><V120/><F120/><W81/><G81/><T22/><D125/><U67/><E83/><V51/><F51/><W43/><G43/><T74/><D74/><U34/><E47/><V3/><F3/><W41/><G41/><T4/><D80/><U11/><E67/><V135/><F135/><W59/><G59/><T128/><D69/><U89/><E55/><V66/><F66/><W19/><G115/><T105/><D128/><U33/><E113/><V123/><F123/><W131/><G131/><T104/><D86/><U116/><E84/><V29/><F29/><W50/><G50/><T39/><D39/><U62/><E116/><V88/><F88/><W87/><G87/><T49/><D91/><U61/><E89/><V56/><F56/><W13/><G19/><N who="0" m="10599" /><D49/><U100/><E16/><V90/><F90/><W2/><G2/><T134/><D134/><U46/><E46/><V28/><F28/><W54/><G54/><T92/><D4/><U17/><E52/><V101/><F101/><W107/><G107/><N who="0" m="41035" /><D92/><U124/><E95/><RYUUKYOKU ba="0,1" sc="230,10,171,-30,259,10,330,10" hai0="14" hai2="1,5,8,9,10,15,18,20,58,64,94,98,102" hai3="13" /><INIT seed="2,1,1,0,5,87" ten="240,141,269,340" oya="2" hai0="84,34,5,113,3,28,61,43,15,78,127,17,39" hai1="25,126,4,103,1,27,112,51,107,62,99,101,115" hai2="95,116,128,22,91,52,63,106,85,57,49,81,92" hai3="108,114,132,100,33,72,47,90,133,105,42,111,135"/><V71/><F128/><W32/><G72/><T37/><D113/><U65/><E126/><V86/><F116/><W104/><G114/><T50/><D127/><U69/><E51/><V35/><F35/><N who="3" m="13387" /><G90/><T59/><D5/><U122/><E27/><V80/><F106/><N who="3" m="41067" /><G100/><T68/><D3/><U53/><E53/><V120/><F120/><W82/><G82/><T36/><D28/><U9/><E103/><V56/><F22/><W58/><G58/><T44/><D34/><U67/><E25/><V79/><REACH who="2" step="1"/><F71/><REACH who="2" ten="240,141,259,340" step="2"/><W2/><G2/><T21/><D68/><U6/><E122/><V0/><F0/><W41/><G47/><T54/><D44/><U96/><E115/><V74/><F74/><W45/><G45/><T124/><D124/><U125/><E125/><V134/><F134/><W30/><G30/><T102/><D21/><U48/><E112/><V118/><F118/><W14/><G14/><T94/><D15/><U129/><E129/><V73/><F73/><W26/><G26/><T110/><D59/><U31/><E31/><V89/><F89/><W117/><G117/><T11/><D78/><U119/><E119/><V46/><F46/><W98/><G41/><T131/><D43/><U60/><E1/><V29/><F29/><W16/><G42/><T123/><D131/><U20/><E69/><V83/><F83/><W70/><G70/><T13/><D123/><U8/><E20/><V40/><F40/><W66/><G135/><T64/><D13/><U7/><E107/><V38/><F38/><W12/><G133/><T88/><D39/><U130/><E130/><RYUUKYOKU ba="1,2" sc="240,-10,141,-10,259,30,340,-10" hai2="49,52,56,57,63,79,80,81,85,86,91,92,95" /><INIT seed="2,2,2,3,2,3" ten="230,131,289,330" oya="2" hai0="2,95,64,68,125,91,101,73,126,8,53,128,112" hai1="96,71,34,56,49,102,117,76,133,119,21,103,135" hai2="85,116,28,104,36,118,75,105,77,99,132,129,111" hai3="54,39,23,62,113,40,82,123,5,59,17,48,50"/><V100/><F36/><W41/><G123/><T10/><D112/><U37/><E37/><V98/><F28/><W65/><G113/><T81/><D128/><U24/><E34/><V26/><F26/><W124/><G124/><N who="0" m="47723" /><D101/><U55/><E71/><V115/><F115/><W67/><G82/><T134/><D134/><N who="1" m="51211" /><E76/><V14/><F132/><W32/><G32/><T86/><D2/><U61/><E49/><N who="3" m="19050" /><G5/><T74/><D53/><U43/><E43/><N who="3" m="16458" /><G39/><T114/><D114/><U16/><E103/><N who="2" m="62583" /><F14/><AGARI ba="2,2" hai="14,17,23,54,59,62,65,67" m="16458,19050" machi="14" ten="30,1000,0" yaku="8,1" doraHai="3" who="3" fromWho="2" sc="230,0,131,0,289,-16,330,36" /><INIT seed="3,0,0,0,0,103" ten="230,131,273,366" oya="3" hai0="8,34,63,81,116,29,80,122,36,0,25,44,19" hai1="38,65,127,95,105,16,102,113,67,4,79,135,94" hai2="124,69,57,3,108,89,28,78,87,11,130,13,58" hai3="9,101,117,121,24,17,26,73,60,30,83,68,48"/><W96/><G117/><T33/><D122/><U7/><E113/><V32/><F69/><W35/><G121/><T112/><D34/><U61/><E38/><V12/><F130/><W2/><G48/><T129/><D116/><U50/><E79/><V55/><F124/><W84/><G24/><T47/><D47/><U54/><E127/><V74/><F3/><W97/><G97/><T27/><D81/><U6/><E135/><V70/><F13/><W109/><G17/><T133/><D63/><U90/><E90/><V76/><F70/><W64/><G84/><T52/><D36/><U118/><E118/><V15/><F15/><W106/><G109/><T119/><D19/><U39/><E39/><V99/><F74/><W20/><G20/><T88/><D27/><U42/><E42/><V134/><F134/><W110/><G110/><T85/><D129/><U40/><E40/><V22/><F32/><W123/><G123/><T14/><D0/><U107/><E16/><N who="2" m="8223" /><F58/><W59/><G59/><T43/><D43/><U111/><E111/><V21/><F99/><W5/><G83/><T51/><D133/><U120/><E120/><V77/><F28/><W100/><G100/><T41/><D119/><U71/><E67/><V31/><F31/><W125/><G125/><T10/><D112/><U126/><E126/><V131/><F131/><W72/><AGARI ba="0,0" hai="2,5,9,26,30,35,60,64,68,72,73,96,101,106" machi="72" ten="30,18000,2" yaku="0,1,25,2,33,3,52,1" doraHai="103" who="3" fromWho="3" sc="230,-60,131,-60,273,-60,366,180" /><INIT seed="3,1,0,3,2,17" ten="170,71,213,546" oya="3" hai0="80,6,59,116,74,100,110,126,69,52,130,134,30" hai1="93,83,22,85,48,57,24,108,31,78,131,104,75" hai2="98,120,60,0,15,67,105,43,25,123,44,73,129" hai3="118,82,64,79,106,119,94,132,89,51,11,16,99"/><W20/><G132/><T54/><D69/><U21/><E108/><V81/><F0/><W72/><G11/><T102/><D116/><U135/><E131/><V87/><F129/><W39/><G39/><T121/><D121/><N who="2" m="46666" /><F73/><W8/><G8/><T111/><D6/><U13/><E104/><V56/><F15/><W58/><G106/><T55/><D130/><U34/><E135/><V40/><F25/><W133/><G133/><T128/><D128/><U70/><E70/><V96/><F105/><W125/><G125/><T92/><D134/><U107/><E107/><V77/><F43/><W122/><G122/><T90/><D59/><U23/><E13/><V37/><AGARI ba="1,0" hai="37,40,44,56,60,67,77,81,87,96,98" m="46666" machi="37" ten="30,1100,0" yaku="13,1" doraHai="17" who="2" fromWho="2" sc="170,-4,71,-4,213,14,546,-6" /><INIT seed="4,0,0,2,2,35" ten="166,67,227,540" oya="0" hai0="9,10,62,68,18,132,26,40,90,13,135,79,122" hai1="120,75,86,84,8,51,98,72,103,17,127,15,80" hai2="55,81,23,34,54,95,46,58,2,3,121,16,64" hai3="5,87,110,21,31,6,112,102,71,104,82,133,32"/><T130/><D79/><U66/><E120/><V47/><F34/><W56/><G110/><T59/><D68/><U107/><E127/><V93/><F121/><W39/><G71/><T14/><D122/><U45/><E66/><V85/><F64/><W117/><G32/><T73/><D73/><U29/><E29/><V97/><F46/><W105/><G39/><T44/><D26/><U1/><E86/><V128/><F47/><W94/><G117/><T76/><D76/><U63/><E63/><V52/><F58/><W108/><G108/><T30/><D90/><U7/><E84/><V20/><F20/><W43/><G43/><T67/><D30/><U125/><E125/><V99/><F128/><W12/><G56/><T101/><D101/><U22/><REACH who="1" step="1"/><E80/><REACH who="1" ten="166,57,227,540" step="2"/><V38/><F85/><W19/><G31/><T96/><D130/><U24/><E24/><V131/><F81/><W53/><G87/><T28/><D28/><U33/><E33/><V113/><F131/><W69/><G82/><T41/><D96/><U42/><AGARI ba="0,1" hai="1,7,8,15,17,22,42,45,51,72,75,98,103,107" machi="42" ten="20,12000,2" yaku="1,1,0,1,7,1,52,1,53,2" doraHai="35" doraHaiUra="106" who="1" fromWho="1" sc="166,-60,57,130,227,-30,540,-30" /><INIT seed="5,0,0,5,2,49" ten="106,187,197,510" oya="1" hai0="71,87,81,41,102,56,10,85,59,26,134,73,44" hai1="116,122,43,94,40,58,7,33,39,124,4,42,91" hai2="61,48,16,27,99,38,77,80,90,60,28,125,104" hai3="83,32,79,78,114,35,127,113,11,20,117,103,130"/><U131/><E116/><V57/><F38/><W110/><G117/><T8/><D71/><U36/><E33/><V96/><F125/><W51/><G127/><T105/><D73/><U12/><E124/><V50/><F61/><W118/><G118/><T45/><D134/><U46/><E122/><V29/><F29/><W88/><G110/><T76/><D105/><U75/><E75/><V0/><F0/><W132/><G103/><T17/><D102/><U106/><E106/><V135/><F135/><W9/><G20/><T111/><D111/><U115/><E115/><N who="3" m="44042" /><G132/><T25/><D81/><U15/><E131/><V108/><F108/><W121/><G121/><T129/><D17/><U31/><E31/><V66/><F104/><W98/><G130/><T18/><D18/><U63/><E39/><V19/><F50/><W2/><G51/><T92/><D41/><U70/><E46/><V21/><F48/><W97/><G79/><T54/><D129/><U84/><E70/><V119/><F119/><W101/><G88/><T37/><D37/><U89/><E89/><V95/><REACH who="2" step="1"/><F99/><REACH who="2" ten="106,187,187,510" step="2"/><N who="3" m="37899" /><G101/><T34/><D34/><N who="3" m="12841" /><G2/><T67/><D45/><U65/><E36/><V69/><F69/><W64/><G64/><T5/><D44/><U82/><E94/><V100/><F100/><W47/><G47/><T3/><D67/><U13/><AGARI ba="0,1" hai="4,7,12,13,15,40,42,43,58,63,65,82,84,91" machi="13" ten="30,3000,0" yaku="0,1,8,1" doraHai="49" who="1" fromWho="1" sc="106,-10,187,40,187,-10,510,-10" /><INIT seed="5,1,0,3,3,128" ten="96,227,177,500" oya="1" hai0="15,35,132,23,89,20,70,5,0,85,2,86,34" hai1="112,76,107,42,100,109,39,94,24,22,9,43,1" hai2="106,65,62,54,29,30,32,111,129,7,28,131,69" hai3="78,58,63,33,123,61,14,8,46,45,31,74,82"/><U104/><E112/><V134/><F111/><W59/><G123/><T84/><D70/><U12/><E1/><V13/><F106/><W49/><G33/><T90/><D15/><U87/><E39/><V113/><F32/><W130/><G31/><T119/><D85/><U51/><E104/><V110/><F110/><W102/><G102/><T79/><D5/><U53/><E107/><V71/><F71/><W44/><G130/><N who="2" m="49673" /><F54/><W55/><REACH who="3" step="1"/><G59/><REACH who="3" ten="96,227,177,490" step="2"/><T21/><D35/><U114/><E109/><V126/><F113/><W83/><G83/><T50/><D34/><U25/><E114/><V95/><F126/><W36/><G36/><T98/><D119/><U52/><E100/><V125/><F125/><W103/><G103/><T121/><D121/><U60/><E94/><V81/><F81/><W48/><G48/><T40/><D50/><U118/><E118/><V6/><F95/><W108/><G108/><T57/><D57/><U3/><E51/><V122/><F122/><W99/><G99/><T124/><D98/><U101/><E101/><V75/><F30/><W97/><G97/><T120/><D124/><U10/><E60/><V67/><F29/><W105/><G105/><T73/><D120/><U127/><E127/><V4/><F28/><W37/><G37/><T27/><D90/><U72/><E76/><V92/><F92/><W16/><AGARI ba="1,1" hai="8,14,16,44,45,46,49,55,58,61,63,74,78,82" machi="16" ten="30,4000,0" yaku="1,1,0,1,54,1,53,0" doraHai="128" doraHaiUra="38" who="3" fromWho="3" sc="96,-11,227,-21,177,-11,490,53" /><INIT seed="6,0,0,4,5,101" ten="85,206,166,543" oya="2" hai0="47,123,20,129,67,69,27,19,117,34,52,132,24" hai1="23,17,128,62,93,74,25,37,89,119,11,43,114" hai2="3,68,124,99,40,121,0,2,55,100,87,51,131" hai3="30,13,60,53,10,125,91,118,73,57,130,86,12"/><V8/><F121/><W112/><G118/><T96/><D132/><U94/><E119/><V35/><F131/><W4/><G73/><T39/><D129/><U120/><E74/><V98/><F124/><W61/><G130/><T45/><D123/><U107/><E128/><V115/><F115/><W59/><G125/><T110/><D110/><U41/><E62/><V21/><F35/><W6/><G30/><T5/><D117/><U46/><E114/><V50/><F68/><W32/><G32/><T58/><D5/><N who="3" m="2153" /><G10/><T78/><D78/><U102/><E11/><V42/><F8/><W82/><G112/><T79/><D79/><U63/><E63/><V95/><F21/><W97/><G97/><T22/><D34/><U92/><E43/><V116/><F116/><W38/><G38/><T44/><D39/><U113/><E113/><V109/><F87/><W48/><G61/><T83/><D69/><U81/><E81/><V49/><F109/><W29/><G29/><T75/><D83/><U16/><E17/><V65/><F65/><AGARI ba="0,0" hai="12,13,48,53,57,59,60,65,82,86,91" m="2153" machi="65" ten="30,1000,0" yaku="8,1" doraHai="101" who="3" fromWho="2" sc="85,0,206,0,166,-10,543,10" /><INIT seed="7,0,0,3,2,17" ten="85,206,156,553" oya="3" hai0="48,54,55,88,111,31,97,79,103,104,86,51,134" hai1="64,59,21,116,106,39,46,22,4,131,25,30,90" hai2="14,16,5,133,3,1,43,72,13,126,73,96,52" hai3="80,112,15,91,60,63,105,118,82,93,121,98,101"/><W9/><G118/><T78/><D134/><U12/><E106/><V107/><F43/><W113/><G121/><T0/><D0/><U57/><E116/><V27/><F133/><W135/><G135/><T71/><D71/><U19/><E131/><V129/><F129/><W37/><G37/><T7/><D7/><U44/><E4/><V119/><F119/><W87/><G63/><T18/><D31/><U94/><E39/><V36/><F36/><W99/><G60/><T117/><D111/><U70/><E70/><V45/><F73/><W130/><G130/><T110/><D110/><U41/><E41/><V128/><F72/><W77/><G15/><T29/><D29/><U28/><E28/><V85/><F27/><W61/><G61/><T109/><D109/><U56/><E64/><V100/><F85/><AGARI ba="0,0" hai="12,19,21,22,25,30,44,46,56,57,59,85,90,94" machi="85" ten="40,5200,0" yaku="8,1,52,2" doraHai="17" who="1" fromWho="2" sc="85,0,206,52,156,-52,553,0" owari="85,-41.5,258,5.8,104,-29.6,553,65.3" /></mjloggm>