<mjloggm ver="2.3"><GO type="169" lobby="0"/><UN n0="%E6%B7%B3%E5%AD%90%E3%81%A7%E3%81%99" n1="%E3%81%95%E3%81%8B%E3%81%8D" n2="%44%61%6C%69" n3="%73%79%75%70%6F%6E" dan="17,16,17,17" rate="2173.77,2123.60,2198.84,2216.60" sx="M,M,M,M"/><TAIKYOKU oya="0"/><INIT seed="0,0,0,4,1,130" ten="250,250,250,250" oya="0" hai0="9,114,13,1,72,119,85,27,108,92,11,59,69" hai1="111,47,74,100,88,70,60,121,25,49,99,6,33" hai2="67,97,102,7,44,98,52,65,42,28,126,41,101" hai3="29,53,125,79,2,112,14,89,48,133,115,94,82"/><T107/><D114/><U71/><E121/><V0/><F126/><W56/><G2/><T50/><D69/><U113/><E74/><V62/><F28/><W34/><G125/><T51/><D72/><U96/><E113/><V54/><F0/><W117/><G117/><T3/><D107/><U39/><E39/><V132/><F7/><W17/><G34/><T110/><D119/><U63/><E6/><V10/><F10/><W135/><G29/><T46/><D27/><U20/><E111/><N who="0" m="42537" /><D59/><U128/><E33/><V131/><F131/><W16/><G112/><T105/><D51/><U91/><E128/><V57/><F132/><N who="3" m="50763" /><G115/><T123/><D105/><U116/><E71/><V106/><F67/><W86/><G14/><T61/><D61/><U120/><E70/><V32/><F32/><W8/><G8/><N who="0" m="3147" /><D13/><U26/><E116/><V84/><F84/><AGARI ba="0,0" hai="16,17,48,53,56,79,82,84,86,89,94" m="50763" machi="84" ten="30,8000,1" yaku="20,1,52,3,54,1" doraHai="130" who="3" fromWho="2" sc="250,0,250,0,250,-80,250,80" /><INIT seed="1,0,0,3,3,84" ten="250,250,170,330" oya="1" hai0="75,120,49,53,80,122,118,48,131,43,65,47,106" hai1="20,36,2,26,103,93,34,64,127,107,12,31,82" hai2="37,111,128,16,74,62,126,114,60,116,78,24,90" hai3="105,9,73,54,102,134,81,124,117,38,30,104,29"/><U28/><E36/><V55/><F116/><W115/><G115/><T5/><D106/><U45/><E107/><V33/><F114/><W95/><G38/><T63/><D5/><U83/><E127/><V0/><F111/><W7/><G134/><T121/><D75/><U98/><E2/><V3/><F37/><W44/><G73/><T35/><D80/><U91/><E64/><V99/><F126/><W76/><G44/><N who="0" m="25631" /><D35/><U70/><E70/><V97/><F128/><W59/><G95/><T58/><D131/><U77/><E45/><V11/><F74/><W101/><G101/><T32/><D32/><U17/><E31/><V110/><F78/><W135/><G135/><T88/><D88/><U1/><E1/><V40/><F110/><W25/><G102/><T13/><D13/><U123/><E123/><V8/><F40/><W56/><G56/><T23/><D23/><U15/><E77/><V130/><F130/><W119/><G124/><T50/><D50/><U94/><REACH who="1" step="1"/><E12/><REACH who="1" ten="250,240,170,330" step="2"/><V10/><F0/><W41/><G105/><T125/><D125/><U72/><E72/><V69/><F3/><W132/><G104/><T27/><D27/><U92/><E92/><V86/><F24/><W85/><G132/><T4/><D4/><U112/><E112/><V21/><F69/><W61/><G25/><T6/><D6/><U42/><E42/><V108/><F108/><W51/><G41/><T96/><D96/><AGARI ba="0,1" hai="15,17,20,26,28,34,82,83,91,93,94,96,98,103" machi="96" ten="30,5800,0" yaku="1,1,7,1,52,1,53,0" doraHai="84" doraHaiUra="133" who="1" fromWho="0" sc="250,-58,240,68,170,0,330,0" /><INIT seed="1,1,0,2,5,96" ten="192,308,170,330" oya="1" hai0="80,18,71,100,38,82,133,103,65,9,130,60,79" hai1="16,35,86,5,47,4,56,95,93,43,113,23,41" hai2="134,109,45,111,7,14,85,21,123,10,101,98,39" hai3="105,32,8,58,31,46,30,117,51,135,126,57,13"/><U87/><E113/><V36/><F123/><W63/><G105/><T54/><D38/><U69/><E69/><V42/><F134/><W92/><G135/><T102/><D133/><U17/><E35/><V0/><F85/><W120/><G120/><T22/><D130/><U110/><E110/><V118/><F118/><W37/><G37/><T68/><D68/><U40/><E56/><V50/><F39/><W64/><G126/><T106/><D9/><U108/><E108/><V34/><F34/><W67/><G32/><T115/><D115/><U1/><E47/><V116/><F116/><W78/><G117/><T81/><D54/><U121/><E121/><V72/><F72/><W88/><G78/><T25/><REACH who="0" step="1"/><D106/><REACH who="0" ten="182,308,170,330" step="2"/><U6/><E1/><V11/><F36/><W48/><G67/><T90/><D90/><N who="1" m="53463" /><E23/><V114/><F21/><W132/><G132/><T33/><D33/><U70/><E70/><V124/><F114/><W76/><G64/><T24/><D24/><U12/><E12/><V62/><F109/><W15/><G15/><T49/><D49/><U107/><E107/><V128/><F111/><W27/><G51/><T122/><D122/><U52/><E52/><V127/><F62/><W2/><G63/><T73/><AGARI ba="1,1" hai="18,22,25,60,65,71,73,79,80,81,82,100,102,103" machi="73" ten="30,8000,1" yaku="1,1,0,1,52,3,53,0" doraHai="96" doraHaiUra="53" who="0" fromWho="0" sc="182,93,308,-41,170,-21,330,-21" /><INIT seed="2,0,0,5,0,50" ten="275,267,149,309" oya="2" hai0="59,82,27,4,90,32,13,124,113,134,70,44,96" hai1="91,65,63,73,17,85,18,52,118,68,71,24,49" hai2="74,106,29,79,19,125,33,114,123,48,10,97,128" hai3="61,1,62,54,2,98,127,89,35,9,45,119,6"/><V77/><F114/><W121/><G119/><T56/><D70/><U8/><E118/><V0/><F123/><W75/><G75/><T135/><D113/><U47/><E73/><V100/><F128/><W15/><G35/><T57/><D44/><U22/><E68/><V53/><F125/><W116/><G116/><T129/><D129/><U117/><E117/><V78/><F33/><W58/><G121/><T92/><D124/><U95/><REACH who="1" step="1"/><E8/><REACH who="1" ten="275,257,149,309" step="2"/><V21/><F74/><W42/><G127/><T115/><D115/><U86/><E86/><V84/><F84/><W87/><G98/><T25/><D135/><U36/><E36/><V66/><F10/><W110/><G110/><T37/><D37/><U30/><AGARI ba="0,1" hai="17,18,22,24,30,47,49,52,63,65,71,85,91,95" machi="30" ten="20,12000,2" yaku="1,1,0,1,7,1,52,1,54,1,53,1" doraHai="50" doraHaiUra="88" who="1" fromWho="1" sc="275,-30,257,130,149,-60,309,-30" /><INIT seed="3,0,0,5,3,52" ten="245,387,89,279" oya="3" hai0="34,112,5,24,97,55,50,131,56,67,126,71,101" hai1="121,102,95,11,76,100,96,16,0,98,124,15,61" hai2="68,6,86,60,109,22,10,84,119,23,43,59,66" hai3="9,8,125,19,118,94,108,91,25,89,82,123,12"/><W42/><G118/><T77/><D126/><U72/><E121/><V129/><F119/><W134/><G123/><T122/><D122/><U130/><E124/><V75/><F75/><W115/><G115/><T3/><D131/><U49/><E130/><V51/><F109/><W46/><G125/><T133/><D133/><U127/><E127/><V117/><F117/><W85/><G134/><T110/><D110/><U7/><E72/><V80/><F129/><W87/><G108/><T116/><D77/><U14/><E76/><V33/><F33/><W44/><G25/><T114/><D3/><U27/><E49/><V128/><F128/><W92/><G82/><T4/><D5/><U38/><E38/><V2/><F84/><W28/><G28/><N who="0" m="19719" /><D4/><U39/><E39/><V41/><F68/><W78/><G78/><T62/><D116/><U120/><E120/><V132/><F132/><W17/><G42/><T1/><D1/><U26/><E61/><V99/><F99/><W105/><G105/><AGARI ba="0,0" hai="50,55,56,62,67,71,97,101,105,112,114" m="19719" machi="105" ten="30,2000,0" yaku="25,1,52,1" doraHai="52" who="0" fromWho="3" sc="245,20,387,0,89,0,279,-20" /><INIT seed="4,0,0,1,1,115" ten="265,387,89,259" oya="0" hai0="3,9,111,128,7,79,46,21,44,59,83,74,93" hai1="132,106,91,71,69,51,84,102,99,130,30,19,43" hai2="121,118,97,56,28,27,55,110,101,16,95,89,78" hai3="5,67,107,120,50,126,18,58,53,1,75,13,0"/><T116/><D116/><U25/><E130/><V39/><F110/><W68/><G75/><T103/><D128/><U77/><E132/><V66/><F121/><W127/><G107/><T64/><D111/><U38/><E38/><V40/><F78/><W104/><G104/><T24/><D103/><U70/><E19/><V22/><F66/><W114/><G114/><T87/><D93/><U133/><E133/><V90/><F118/><W123/><G5/><T125/><D74/><U15/><E15/><V94/><F39/><W113/><G113/><T32/><D32/><U76/><E51/><V82/><F40/><W26/><G26/><T100/><D100/><U33/><REACH who="1" step="1"/><E43/><REACH who="1" ten="265,377,89,259" step="2"/><V61/><F82/><AGARI ba="0,1" hai="25,30,33,69,70,71,76,77,82,84,91,99,102,106" machi="82" ten="40,2600,0" yaku="1,1,2,1,53,0" doraHai="115" doraHaiUra="8" who="1" fromWho="2" sc="265,0,377,36,89,-26,259,0" /><INIT seed="5,0,0,4,0,91" ten="265,413,63,259" oya="1" hai0="41,96,70,111,101,52,22,55,93,128,104,0,134" hai1="79,42,83,45,123,84,108,119,63,126,68,69,1" hai2="6,8,10,56,9,39,132,50,13,15,62,47,23" hai3="76,100,120,20,78,131,116,86,59,51,58,102,71"/><U129/><E119/><V27/><F39/><W74/><G71/><T130/><D111/><U66/><E123/><V89/><F132/><W4/><G74/><T7/><D70/><U18/><E1/><V103/><F103/><W81/><G131/><N who="0" m="50219" /><D134/><U121/><E121/><V28/><F15/><W90/><G116/><T72/><D72/><U48/><E129/><V92/><F50/><W14/><G120/><T19/><D41/><U109/><E126/><V80/><F80/><W106/><G106/><T60/><D60/><U127/><E127/><V110/><F47/><W17/><G4/><T125/><D125/><U94/><E69/><V44/><F44/><W33/><G33/><T16/><D104/><U107/><E107/><V5/><F5/><W26/><G26/><N who="0" m="14663" /><D19/><U135/><E135/><V97/><REACH who="2" step="1"/><F110/><REACH who="2" ten="265,413,53,259" step="2"/><W11/><G14/><T65/><D7/><U99/><E109/><V57/><F57/><W31/><G58/><T98/><D0/><U85/><E108/><V49/><F49/><W3/><G51/><T32/><D65/><AGARI ba="0,1" hai="6,8,9,10,13,23,27,28,56,62,65,89,92,97" machi="65" ten="30,7700,0" yaku="1,1,7,1,8,1,52,1,53,0" doraHai="91" doraHaiUra="117" who="2" fromWho="0" sc="265,-77,413,0,53,87,259,0" /><INIT seed="6,0,0,1,5,86" ten="188,413,140,259" oya="2" hai0="14,74,49,130,105,46,1,99,123,79,6,107,42" hai1="64,114,24,73,81,10,43,108,50,58,4,126,88" hai2="121,94,131,53,75,110,68,44,21,95,66,22,3" hai3="30,96,112,39,67,16,12,100,63,36,5,60,102"/><V93/><F121/><W106/><G30/><T127/><D123/><U109/><E114/><V56/><F75/><W7/><G112/><T15/><D1/><U2/><E126/><V19/><F3/><W85/><G102/><T111/><D111/><U69/><E69/><V48/><F131/><W28/><G28/><T0/><D0/><U34/><E73/><V117/><F117/><W52/><G36/><T41/><D127/><U134/><E134/><V18/><F110/><W8/><G39/><T47/><D130/><U35/><E35/><V133/><F68/><W84/><G5/><T120/><D120/><U61/><E24/><V62/><F133/><W71/><G7/><T135/><D135/><U80/><E80/><V87/><F22/><W101/><G101/><T26/><D26/><U104/><E104/><V78/><F78/><W40/><G40/><T55/><D55/><U57/><E34/><V32/><F32/><W29/><G29/><T70/><D70/><U59/><E43/><V9/><F9/><W132/><G132/><T98/><D6/><U118/><E118/><V13/><REACH who="2" step="1"/><F19/><REACH who="2" ten="188,413,130,259" step="2"/><W116/><G116/><T97/><D79/><U124/><E124/><V38/><F38/><W90/><G8/><T54/><D74/><U89/><E109/><V103/><F103/><W92/><G16/><T33/><D33/><U72/><E108/><V125/><F125/><W82/><G100/><T11/><D11/><U37/><E37/><V83/><F83/><W31/><G82/><T17/><D17/><U119/><E119/><V128/><F128/><W113/><G71/><RYUUKYOKU ba="0,1" sc="188,-10,413,-10,130,30,259,-10" hai2="13,18,21,44,48,53,56,62,66,87,93,94,95" /><INIT seed="6,1,1,4,1,110" ten="178,403,160,249" oya="2" hai0="37,32,68,126,70,86,41,105,17,29,52,66,81" hai1="51,20,118,61,3,44,95,12,5,133,73,59,104" hai2="100,46,16,0,94,35,85,64,74,71,7,6,18" hai3="33,2,115,92,48,42,8,123,135,23,30,119,67"/><V63/><F74/><W103/><G33/><T45/><D105/><U40/><E104/><V34/><F34/><W120/><G119/><T28/><D126/><U78/><E118/><V132/><F132/><W87/><G67/><T128/><D128/><U125/><E125/><V101/><F35/><W77/><G135/><T22/><D32/><U69/><E133/><V96/><F101/><W47/><G2/><T131/><D131/><U83/><E3/><V58/><F71/><W90/><G8/><T19/><D19/><N who="2" m="7210" /><F0/><W84/><G103/><T116/><D116/><U106/><E69/><V89/><F46/><W14/><G14/><T114/><D114/><U15/><E106/><V130/><F130/><W129/><G115/><T117/><D66/><U25/><E5/><V111/><F111/><W102/><G102/><T113/><D113/><U134/><E134/><V1/><F1/><W97/><G129/><T122/><D122/><U27/><E27/><V62/><F63/><W93/><G47/><T39/><D39/><U49/><E61/><V38/><F38/><W10/><G48/><N who="0" m="28687" /><D68/><U65/><E73/><V36/><F36/><W11/><G123/><T80/><D70/><U31/><E44/><V43/><F43/><W79/><G42/><T4/><D117/><U57/><E40/><V76/><F76/><W108/><G120/><T56/><D41/><U91/><E78/><V127/><F127/><W53/><G77/><N who="0" m="46351" /><D37/><U82/><E51/><V54/><F64/><W9/><G79/><T109/><D109/><U107/><E65/><V112/><F112/><W124/><G124/><RYUUKYOKU ba="1,1" sc="178,-10,403,-10,160,30,249,-10" hai2="6,7,54,58,62,85,89,94,96,100" /><INIT seed="6,2,1,1,2,124" ten="168,393,190,239" oya="2" hai0="21,20,130,33,72,80,41,123,48,108,44,15,46" hai1="113,98,43,75,29,1,58,84,118,40,128,31,9" hai2="64,49,122,125,117,45,7,121,42,50,59,135,67" hai3="76,57,4,95,62,104,53,69,77,24,26,79,114"/><V3/><F7/><W55/><G104/><T34/><D108/><U96/><E75/><V100/><F100/><W132/><G69/><T54/><D123/><N who="2" m="47114" /><F3/><W0/><G132/><T103/><D103/><U126/><E84/><V107/><F107/><W13/><G0/><T61/><D130/><U18/><E128/><V111/><F125/><W11/><G114/><T101/><D101/><U36/><E113/><V30/><F30/><W82/><G82/><T66/><D21/><U47/><E1/><V14/><F14/><W127/><G127/><T8/><D20/><U112/><E18/><V83/><F83/><W17/><G95/><T87/><D72/><U85/><E85/><V32/><F32/><W91/><G91/><T73/><D73/><U23/><E23/><V81/><F81/><W70/><G70/><T27/><D27/><N who="3" m="10281" /><G4/><T37/><D61/><U129/><E129/><V28/><F28/><W16/><G17/><T93/><D66/><AGARI ba="2,1" hai="11,13,16,53,55,57,62,66,76,77,79" m="10281" machi="66" ten="30,2000,0" yaku="8,1,54,1" doraHai="124" who="3" fromWho="0" sc="168,-26,393,0,190,0,239,36" /><INIT seed="7,0,0,4,4,91" ten="142,393,190,275" oya="3" hai0="2,27,134,114,31,99,117,112,33,17,62,101,55" hai1="36,61,0,135,116,122,15,86,131,21,4,59,8" hai2="22,128,108,35,82,94,64,126,3,87,53,104,23" hai3="29,30,37,5,24,41,105,66,95,109,10,48,63"/><W81/><G105/><T78/><D117/><U47/><E116/><V1/><F104/><W65/><G37/><T57/><D134/><U20/><E122/><V16/><F35/><W110/><G81/><T44/><D2/><U111/><E111/><V71/><F108/><W102/><G66/><T25/><D78/><U40/><E131/><V98/><F128/><W133/><G30/><T88/><D44/><U28/><E135/><V90/><F126/><W67/><G67/><T97/><D97/><U9/><E86/><V32/><F32/><W12/><G48/><T60/><D60/><U19/><E28/><V49/><F23/><W52/><G41/><T54/><D54/><AGARI ba="0,0" hai="0,4,8,9,15,19,20,21,36,40,47,54,59,61" machi="54" ten="30,1000,0" yaku="7,1" doraHai="91" who="1" fromWho="0" sc="142,-10,393,10,190,0,275,0" owari="132,-36.8,403,50.3,190,-21.0,275,7.5" /></mjloggm>