<mjloggm ver="2.3"><GO type="169" lobby="0"/><UN n0="%E3%82%B9%E3%82%AB%E3%83%9D%E3%83%B3" n1="%E7%91%9E%E5%8E%9F%E3%83%B4%E3%82%A1%E3%82%AE%E3%83%8A" n2="%E7%99%BD%E8%97%A4%E6%9D%8F%E5%AD%90" n3="%75%79%61%6D%61" dan="17,16,16,17" rate="2237.17,2072.13,2037.01,2104.84" sx="M,M,F,M"/><TAIKYOKU oya="0"/><INIT seed="0,0,0,4,1,41" ten="250,250,250,250" oya="0" hai0="30,46,19,94,0,48,70,10,23,129,69,124,45" hai1="96,27,53,93,91,55,22,127,61,18,105,118,82" hai2="47,79,9,71,133,83,32,60,92,64,20,42,120" hai3="113,128,100,7,87,95,5,112,88,77,90,122,50"/><T74/><D124/><U1/><E127/><V11/><F133/><W2/><G128/><T104/><D104/><U117/><E1/><V119/><F32/><W38/><G38/><T106/><D106/><U51/><E105/><V12/><F120/><W111/><G122/><T49/><D74/><U108/><E108/><V132/><F132/><W3/><G111/><T17/><D129/><U76/><E55/><V97/><F20/><W73/><G100/><T115/><D115/><U6/><E6/><V98/><F119/><W67/><G67/><T57/><D57/><U52/><E53/><V81/><F81/><W56/><G56/><T109/><D30/><U25/><E25/><V21/><F21/><W107/><G107/><T101/><D70/><U130/><E130/><V99/><F92/><W59/><G59/><T15/><D69/><U80/><E80/><V36/><REACH who="2" step="1"/><F12/><REACH who="2" ten="250,250,240,250" step="2"/><W89/><G95/><T29/><D0/><U43/><E118/><V126/><F126/><W75/><G2/><T31/><D109/><U66/><E117/><V44/><F44/><N who="0" m="17002" /><D31/><U37/><E82/><V13/><F13/><W134/><G3/><T116/><D29/><U8/><E93/><V28/><F28/><W135/><G135/><T78/><D116/><U63/><E22/><V84/><AGARI ba="0,1" hai="9,11,36,42,47,60,64,71,79,83,84,97,98,99" machi="84" ten="30,8000,1" yaku="1,1,0,1,52,1,53,2" doraHai="41" doraHaiUra="4" who="2" fromWho="2" sc="250,-40,250,-20,240,90,250,-20" /><INIT seed="1,0,0,4,3,79" ten="210,230,330,230" oya="1" hai0="81,28,8,78,100,72,23,32,90,40,106,52,118" hai1="35,41,61,10,56,75,94,64,117,82,36,33,97" hai2="7,92,126,1,12,73,95,48,104,80,135,14,57" hai3="9,37,46,114,128,22,19,107,96,105,77,39,54"/><U122/><E117/><V38/><F38/><W55/><G114/><T134/><D118/><U86/><E75/><V58/><F104/><W103/><G128/><T21/><D134/><U5/><E122/><V109/><F109/><W67/><G107/><T130/><D130/><U127/><E127/><V88/><F1/><W51/><G67/><T110/><D110/><U17/><E17/><V0/><F0/><W59/><G9/><T120/><D40/><U91/><E41/><V44/><F73/><W84/><G77/><T98/><D8/><U43/><E43/><V15/><F7/><W62/><REACH who="3" step="1"/><G84/><REACH who="3" ten="210,230,330,220" step="2"/><T123/><D123/><U124/><E124/><V60/><F126/><W13/><AGARI ba="0,1" hai="13,19,22,37,39,46,51,54,55,59,62,96,103,105" machi="13" ten="20,5200,0" yaku="1,1,2,1,0,1,7,1,53,0" doraHai="79" doraHaiUra="131" who="3" fromWho="3" sc="210,-13,230,-26,330,-13,220,62" /><INIT seed="2,0,0,5,0,79" ten="197,204,317,282" oya="2" hai0="33,41,36,83,133,123,49,117,122,80,13,47,16" hai1="76,99,29,81,28,119,30,82,100,104,96,128,78" hai2="77,65,101,9,86,22,85,54,120,109,4,67,48" hai3="126,50,87,97,84,116,17,127,38,10,135,113,6"/><V21/><F120/><W44/><G116/><T70/><D33/><U12/><E119/><V8/><F109/><W32/><G135/><T106/><D117/><U103/><E128/><V94/><F101/><W89/><G38/><T34/><D34/><U39/><E39/><V40/><F40/><W131/><G131/><T59/><D133/><U57/><E57/><V37/><F37/><W43/><G32/><T61/><D106/><U125/><E125/><N who="3" m="47626" /><G17/><T45/><D70/><U26/><E12/><N who="2" m="5127" /><F9/><W73/><G73/><T134/><D134/><U108/><E108/><V115/><F94/><N who="3" m="56527" /><G113/><T1/><D1/><AGARI ba="0,0" hai="1,6,10,43,44,50,84,87" m="56527,47626" machi="1" ten="30,1000,0" yaku="18,1" doraHai="79" who="3" fromWho="0" sc="197,-10,204,0,317,0,282,10" /><INIT seed="3,0,0,0,1,81" ten="187,204,317,292" oya="3" hai0="92,112,9,59,71,4,97,2,105,116,84,113,15" hai1="32,109,95,96,133,122,17,67,1,13,117,35,37" hai2="34,27,12,0,40,5,50,65,88,131,119,80,63" hai3="69,44,6,46,94,70,14,42,72,20,54,18,26"/><W126/><G72/><T39/><D116/><U120/><E1/><V30/><F131/><W98/><G126/><T76/><D71/><U130/><E130/><V38/><F38/><W8/><G54/><T93/><D39/><U111/><E117/><V110/><F0/><W82/><G82/><N who="0" m="47175" /><D59/><U101/><E37/><V7/><F110/><N who="1" m="41993" /><E67/><V43/><F12/><W41/><G46/><T61/><D61/><U52/><E133/><V132/><F132/><W129/><G129/><T58/><D58/><U102/><E102/><V21/><F34/><N who="1" m="12841" /><E52/><V3/><F3/><W86/><G41/><T45/><D45/><U62/><E62/><V49/><F119/><W53/><G53/><T106/><D2/><U74/><E74/><V57/><F49/><W75/><G75/><T51/><D51/><U24/><E24/><V108/><F108/><W36/><REACH who="3" step="1"/><G86/><REACH who="3" ten="187,204,317,282" step="2"/><T100/><D106/><U31/><E31/><V60/><F40/><W127/><G127/><T56/><D105/><U16/><E17/><V78/><F43/><W11/><G11/><AGARI ba="0,1" hai="11,13,16,95,96,101,120,122" m="12841,41993" machi="11" ten="30,2000,0" yaku="14,1,54,1" doraHai="81" who="1" fromWho="3" sc="187,0,204,30,317,0,282,-20" /><INIT seed="4,0,0,4,4,38" ten="187,234,317,262" oya="0" hai0="83,0,62,36,25,131,87,121,130,37,24,81,106" hai1="35,90,8,99,6,103,49,63,93,79,48,84,126" hai2="69,117,88,20,134,58,73,135,15,128,96,4,60" hai3="27,75,44,116,30,124,65,113,9,66,115,39,16"/><T29/><D121/><U120/><E120/><V2/><F73/><W111/><G75/><T82/><D106/><U94/><E35/><V109/><F109/><W95/><G111/><T64/><D0/><U54/><E126/><V51/><F128/><N who="0" m="49194" /><D87/><U86/><E63/><V23/><F69/><W102/><G116/><T122/><D122/><U114/><E114/><N who="3" m="43530" /><G102/><T55/><D55/><U108/><E108/><V129/><F51/><W76/><G76/><T46/><D46/><U45/><E49/><V110/><F2/><W3/><G95/><T71/><D24/><U41/><E54/><V22/><F110/><W10/><G3/><T112/><D112/><U19/><E19/><V77/><F129/><W100/><G100/><T104/><D104/><U119/><E119/><V72/><F117/><W18/><G18/><T53/><D53/><U74/><E74/><V12/><F72/><W56/><G16/><T80/><N who="0" m="20480" /><DORA hai="61" /><T17/><D17/><U7/><E79/><V21/><F77/><W11/><G124/><T1/><D1/><U92/><E8/><V97/><F21/><AGARI ba="0,0" hai="21,25,29,36,37,62,64,71" m="20480,49194" machi="21" ten="40,3900,0" yaku="19,1,52,1" doraHai="38,61" who="0" fromWho="2" sc="187,39,234,0,317,-39,262,0" /><INIT seed="4,1,0,1,0,13" ten="226,234,278,262" oya="0" hai0="119,126,86,106,81,80,53,102,9,100,51,121,18" hai1="132,104,63,90,20,134,108,110,124,70,1,48,111" hai2="75,60,2,98,44,117,34,68,10,55,91,24,105" hai3="5,127,99,54,103,50,89,96,0,41,22,11,47"/><T43/><D121/><U4/><E104/><V76/><F117/><W72/><G127/><T77/><D126/><U64/><E124/><V92/><F44/><W78/><G89/><T87/><D106/><U26/><E48/><V71/><F55/><W42/><G96/><T79/><D43/><U28/><E1/><V82/><F60/><W101/><G101/><T46/><D119/><U52/><E4/><V36/><F36/><W14/><G78/><T66/><D66/><U129/><E129/><V118/><F118/><W59/><G72/><T120/><D120/><U23/><E90/><V112/><F112/><W25/><G0/><T69/><D69/><U19/><REACH who="1" step="1"/><E52/><REACH who="1" ten="226,224,278,262" step="2"/><V67/><F2/><W17/><G47/><T115/><D115/><U16/><E16/><V35/><F91/><W3/><REACH who="3" step="1"/><G3/><REACH who="3" ten="226,224,278,252" step="2"/><T135/><D46/><U62/><E62/><V131/><F105/><AGARI ba="1,2" hai="5,11,14,17,22,25,41,42,50,54,59,99,103,105" machi="105" ten="30,8000,1" yaku="1,1,2,1,7,1,52,1,53,1" doraHai="13" doraHaiUra="93" who="3" fromWho="2" sc="226,0,224,0,278,-83,252,103" /><INIT seed="5,0,0,3,4,122" ten="226,224,195,355" oya="1" hai0="106,114,18,116,25,135,13,85,74,123,90,119,42" hai1="4,8,37,56,1,60,86,47,121,31,102,14,77" hai2="35,71,128,19,64,63,112,43,53,101,11,134,70" hai3="130,95,65,49,59,127,105,87,23,79,24,46,22"/><U73/><E121/><V80/><F35/><W98/><G105/><T17/><D135/><U132/><E132/><V50/><F134/><W94/><G127/><T5/><D114/><U39/><E102/><V41/><F112/><W55/><G130/><T100/><D74/><U3/><E86/><V126/><F126/><W45/><G22/><T12/><D25/><U83/><E31/><V58/><F128/><W89/><G65/><T129/><D5/><U72/><E72/><V62/><F101/><W99/><G99/><T108/><D42/><N who="2" m="15882" /><F80/><W28/><REACH who="3" step="1"/><G79/><REACH who="3" ten="226,224,195,345" step="2"/><T107/><D107/><U82/><E77/><V68/><F11/><W103/><AGARI ba="0,1" hai="23,24,28,45,46,49,55,59,87,89,94,95,98,103" machi="103" ten="20,8000,1" yaku="1,1,2,1,0,1,7,1,8,1,53,0" doraHai="122" doraHaiUra="6" who="3" fromWho="3" sc="226,-20,224,-40,195,-20,345,90" /><INIT seed="6,0,0,0,1,13" ten="206,184,175,435" oya="2" hai0="124,2,117,132,116,101,75,122,20,87,106,31,12" hai1="81,56,66,59,72,85,67,126,74,16,6,43,79" hai2="90,34,68,21,35,96,4,80,99,26,10,14,51" hai3="52,24,109,41,19,73,30,110,82,17,108,94,118"/><V46/><F68/><W62/><G118/><N who="0" m="45675" /><D122/><U130/><E6/><V69/><F69/><W70/><G41/><T104/><D132/><U38/><E130/><V27/><F34/><W95/><G73/><T127/><D75/><U129/><E129/><V11/><F11/><W63/><G82/><T112/><D112/><U50/><E126/><N who="0" m="48169" /><D2/><U22/><E38/><V105/><F105/><W121/><G121/><T55/><D101/><U98/><E98/><N who="2" m="37419" /><F35/><W71/><G109/><T120/><D120/><U8/><E8/><V18/><F27/><W123/><G123/><T76/><D55/><U33/><E33/><V134/><F134/><W45/><G52/><T83/><D31/><U7/><E7/><V84/><F51/><W61/><G61/><T77/><D77/><U28/><E28/><N who="2" m="17487" /><F46/><W60/><G60/><T47/><D47/><N who="1" m="25983" /><E74/><V25/><F25/><W37/><G24/><T65/><D106/><U119/><E72/><V125/><F125/><W102/><G45/><T86/><D104/><U48/><E119/><V23/><F23/><W97/><G30/><T114/><D114/><U39/><E39/><V135/><F135/><W113/><G37/><T91/><D20/><U93/><E48/><V36/><F36/><W15/><G113/><T58/><D12/><N who="1" m="9479" /><E93/><V103/><F4/><W42/><G108/><T115/><D115/><U54/><E59/><V49/><F49/><W0/><G110/><T107/><D107/><U53/><E56/><V131/><F131/><W133/><G70/><T40/><D58/><U44/><E44/><V29/><F29/><W3/><G133/><RYUUKYOKU ba="0,0" sc="206,-15,184,15,175,15,435,-15" hai1="53,54,66,67,79,81,85" hai2="10,14,18,80,84,90,103" /><INIT seed="6,1,0,5,5,47" ten="191,199,190,420" oya="2" hai0="124,107,89,117,73,24,113,43,16,64,28,118,92" hai1="26,83,108,5,66,7,29,104,65,97,21,122,38" hai2="69,42,56,3,60,119,126,12,90,129,41,58,33" hai3="39,27,19,37,32,79,76,45,100,101,40,31,115"/><V99/><F119/><N who="0" m="45578" /><D113/><U11/><E108/><V94/><F3/><W116/><G116/><T57/><D124/><U70/><E38/><V52/><F126/><W135/><G39/><T121/><D121/><U20/><E70/><V127/><F127/><W53/><G135/><T93/><D107/><U36/><E36/><V6/><F33/><W133/><G133/><T34/><D73/><U51/><E122/><V128/><F69/><W134/><G134/><T46/><D16/><U9/><E83/><V30/><F30/><W25/><G115/><T130/><D130/><N who="2" m="50282" /><F58/><W85/><G53/><T62/><D89/><U123/><E123/><V75/><F75/><W14/><G25/><T59/><D59/><U13/><E21/><V91/><F90/><W8/><G85/><T0/><D0/><U44/><E97/><V4/><F12/><W132/><G132/><T61/><D61/><U71/><E104/><V81/><F81/><W10/><G101/><T103/><D103/><U48/><E71/><V88/><F91/><W78/><G100/><T87/><D87/><U111/><E111/><V86/><F86/><W74/><G74/><T2/><D2/><U55/><E51/><AGARI ba="1,0" hai="24,28,34,43,46,51,57,62,64,92,93" m="45578" machi="51" ten="30,2000,0" yaku="12,1,52,1" doraHai="47" who="0" fromWho="1" sc="191,23,199,-23,190,0,420,0" /><INIT seed="7,0,0,0,3,69" ten="214,176,190,420" oya="3" hai0="134,59,108,65,14,34,84,8,6,95,12,52,28" hai1="49,75,107,96,120,37,23,77,5,100,86,125,94" hai2="43,106,56,127,10,122,87,48,20,132,27,103,63" hai3="113,66,4,33,80,67,79,98,16,44,35,9,102"/><W62/><G16/><T73/><D108/><U51/><E120/><V135/><F127/><W70/><G44/><T22/><D73/><U119/><E119/><V15/><F122/><W111/><G67/><T30/><D134/><N who="2" m="51242" /><F87/><W57/><G57/><T1/><D34/><U0/><E125/><V60/><F103/><W112/><G111/><T47/><D47/><U7/><E23/><V19/><F106/><W114/><G80/><T72/><D72/><U42/><E0/><V76/><F76/><W38/><G38/><T97/><D84/><U133/><E133/><V25/><F25/><W83/><G83/><T39/><D39/><U93/><E93/><V123/><F123/><W3/><G79/><T90/><D65/><U130/><E130/><V21/><F21/><W89/><G89/><T124/><D124/><U31/><E31/><N who="2" m="17895" /><F43/><W74/><G74/><T45/><D45/><N who="1" m="23759" /><E5/><V121/><F121/><W29/><G29/><T117/><D117/><U55/><E7/><V36/><F36/><W109/><G109/><T26/><D30/><U64/><E64/><N who="2" m="38919" /><F48/><AGARI ba="0,0" hai="1,6,8,12,14,22,26,28,48,52,59,90,95,97" machi="48" ten="30,2000,0" yaku="7,1,54,1" doraHai="69" who="0" fromWho="2" sc="214,20,176,0,190,-20,420,0" owari="234,3.4,176,-22.4,170,-33.0,420,52.0" /></mjloggm>