<mjloggm ver="2.3"><GO type="225" lobby="0"/><UN n0="%72%61%6B%33" n1="%E3%81%8C%E3%81%9F" n2="%E3%83%A9%E3%83%BC%E3%83%A1%E3%83%B3%E4%BA%94%E9%83%8E" n3="%E3%82%BC%E3%83%AB%E3%83%80%E3%81%AE%E4%BC%9D%E8%AA%AC" dan="16,17,16,17" rate="2108.15,2168.60,2065.03,2163.87" sx="M,F,M,M"/><TAIKYOKU oya="0"/><INIT seed="0,0,0,3,5,129" ten="250,250,250,250" oya="0" hai0="99,126,117,52,58,62,11,89,14,39,111,40,55" hai1="84,113,32,115,119,53,104,10,87,9,123,95,71" hai2="25,69,65,122,76,42,116,85,64,77,88,27,80" hai3="130,112,57,23,6,38,82,33,28,48,135,107,22"/><T102/><D117/><U120/><E119/><V8/><F122/><W83/><G38/><T110/><D126/><U31/><E104/><V114/><F114/><N who="1" m="43529" /><E71/><V19/><F116/><W125/><G112/><T96/><D39/><U78/><E53/><V36/><F36/><W94/><G107/><T72/><D72/><U109/><E109/><N who="0" m="41481" /><D40/><U90/><E31/><V12/><F42/><W68/><G68/><T3/><D3/><U15/><E32/><V100/><F100/><W86/><G6/><N who="0" m="3447" /><D102/><U128/><E128/><V92/><F76/><W30/><G125/><T16/><D89/><N who="1" m="53671" /><E78/><V54/><F54/><W133/><G130/><T35/><D35/><U118/><E118/><V45/><F45/><W37/><G33/><T93/><D93/><N who="1" m="54495" /><E10/><V50/><F50/><W106/><G37/><T24/><D55/><U61/><E61/><V131/><F131/><W51/><G94/><T132/><D132/><U34/><E34/><V43/><F43/><W63/><G106/><T98/><D98/><U13/><E13/><V21/><F27/><W4/><G63/><T67/><D67/><U17/><AGARI ba="0,0" hai="9,15,17,120,123" m="54495,53671,43529" machi="17" ten="30,1100,0" yaku="11,1" doraHai="129" who="1" fromWho="1" sc="250,-5,250,11,250,-3,250,-3" /><INIT seed="1,0,0,4,4,109" ten="245,261,247,247" oya="1" hai0="44,46,66,30,89,95,90,92,42,114,17,75,37" hai1="55,39,116,45,73,100,6,5,25,29,82,14,118" hai2="43,119,70,132,36,20,58,64,41,91,106,21,105" hai3="0,12,40,71,133,85,8,56,65,33,78,129,96"/><U101/><E116/><V32/><F119/><W77/><G33/><T48/><D75/><U83/><E118/><V2/><F2/><W99/><G0/><T104/><D104/><U88/><E73/><V125/><F32/><W103/><G71/><T107/><D107/><U131/><E131/><V51/><F70/><W52/><G129/><T135/><D135/><U128/><E128/><V117/><F117/><W26/><G133/><T69/><D30/><U86/><E83/><V127/><F36/><W124/><G124/><N who="2" m="47689" /><F132/><W110/><G110/><T94/><D114/><U72/><E72/><V18/><F21/><W81/><G40/><N who="2" m="15433" /><F91/><N who="3" m="51631" /><G65/><T3/><D66/><U28/><E39/><V61/><F51/><N who="3" m="30751" /><G26/><AGARI ba="0,0" hai="18,20,26,58,61,64,105,106" m="15433,47689" machi="26" ten="30,1000,0" yaku="18,1" doraHai="109" who="2" fromWho="3" sc="245,0,261,0,247,10,247,-10" /><INIT seed="2,0,0,1,3,109" ten="245,261,257,237" oya="2" hai0="42,13,40,133,0,7,17,54,113,58,10,26,87" hai1="22,84,15,57,20,28,120,135,49,24,37,12,67" hai2="1,131,50,64,21,6,110,92,93,78,89,47,83" hai3="126,108,82,27,25,5,74,43,46,107,111,44,59"/><V86/><F131/><W102/><G126/><T32/><D133/><U71/><E37/><V101/><F110/><N who="3" m="42027" /><G5/><T61/><D113/><U8/><E135/><V85/><F64/><W104/><G59/><T34/><D87/><U94/><E120/><V19/><F1/><W23/><G102/><T76/><D76/><U97/><E71/><V98/><F6/><W114/><G114/><T79/><D79/><U95/><E84/><V16/><REACH who="2" step="1"/><F21/><REACH who="2" ten="245,261,247,237" step="2"/><W72/><G23/><N who="0" m="11695" /><D34/><U18/><E67/><V4/><F4/><W29/><G74/><T73/><D73/><U30/><E22/><V100/><F100/><W106/><G72/><T11/><D11/><U90/><E8/><V63/><F63/><W132/><G132/><T129/><D129/><U14/><E20/><V35/><F35/><W116/><G116/><T31/><AGARI ba="0,1" hai="0,7,10,26,31,32,40,42,54,58,61" m="11695" machi="31" ten="30,1100,0" yaku="24,1" doraHai="109" who="0" fromWho="0" sc="245,21,261,-3,247,-5,237,-3" /><INIT seed="3,0,0,0,2,36" ten="266,258,242,234" oya="3" hai0="17,90,81,50,3,44,68,101,59,134,82,13,129" hai1="79,29,30,41,66,61,14,120,76,62,128,48,16" hai2="38,55,6,25,20,57,52,97,40,130,124,31,88" hai3="132,108,49,35,103,4,135,100,74,131,45,77,117"/><W22/><G117/><T24/><D68/><U127/><E128/><V15/><F130/><W42/><G131/><T85/><D129/><U1/><E127/><V122/><F124/><W99/><G35/><T92/><D3/><U53/><E1/><V104/><F122/><W64/><G108/><T91/><D134/><N who="3" m="51241" /><G4/><T109/><D109/><U111/><E111/><V34/><F104/><N who="3" m="63519" /><G103/><T80/><D101/><U19/><E120/><V105/><F105/><W32/><G32/><T98/><D59/><N who="1" m="37183" /><E62/><V39/><F34/><W119/><G119/><T84/><D24/><U73/><E73/><V123/><F123/><W70/><G22/><T12/><D98/><U9/><E19/><V27/><F27/><W78/><G74/><T65/><D65/><U133/><E133/><V95/><F55/><W7/><G7/><T60/><D60/><AGARI ba="0,0" hai="42,45,49,60,64,70,77,78" m="63519,51241" machi="60" ten="30,2900,0" yaku="20,1,52,1" doraHai="36" who="3" fromWho="0" sc="266,-29,258,0,242,0,234,29" /><INIT seed="3,1,0,4,3,3" ten="237,258,242,263" oya="3" hai0="77,28,132,123,61,63,102,56,34,6,96,10,8" hai1="97,87,83,46,130,135,55,115,117,80,0,74,92" hai2="86,113,94,72,59,81,133,21,66,99,91,118,89" hai3="53,110,44,119,24,19,4,90,65,47,82,125,37"/><W131/><G119/><T39/><D39/><U114/><E0/><V76/><F113/><N who="1" m="43017" /><E55/><V128/><F118/><W32/><G125/><T105/><D123/><U22/><E22/><V11/><F133/><W106/><G131/><T17/><D132/><U18/><E18/><V64/><F128/><W134/><G134/><T85/><D34/><U33/><E46/><V48/><F21/><W95/><G110/><T104/><D28/><U93/><E33/><V109/><F109/><W67/><G106/><T40/><D40/><U15/><E15/><V70/><F70/><W69/><G82/><T68/><D68/><U120/><E130/><V108/><F108/><W116/><G116/><T50/><D17/><U124/><E117/><V103/><F11/><W2/><G69/><T16/><D50/><U129/><E129/><V58/><F91/><W75/><G75/><T112/><D112/><U121/><E124/><V36/><F36/><W13/><G2/><T12/><D56/><N who="2" m="21546" /><F48/><N who="3" m="28807" /><G4/><T31/><D31/><U107/><E135/><V57/><N who="2" m="21554" /><V1/><DORA hai="71" /><F1/><W88/><G32/><T78/><D105/><AGARI ba="1,0" hai="64,66,72,76,81,86,89,94,99,103,105" m="21554" machi="105" ten="30,1000,0" yaku="24,1" doraHai="3,71" who="2" fromWho="0" sc="237,-13,258,0,242,13,263,0" /><INIT seed="4,0,0,4,0,89" ten="224,258,255,263" oya="0" hai0="135,106,26,62,119,105,24,114,51,85,61,31,53" hai1="1,25,55,82,67,110,129,124,50,118,9,60,21" hai2="39,47,134,73,94,49,46,84,48,87,34,122,59" hai3="97,71,13,22,40,100,125,80,41,99,132,12,54"/><T56/><D119/><U88/><E110/><V42/><F122/><W109/><G71/><T64/><D114/><U66/><E118/><V37/><F73/><W6/><G109/><T65/><D135/><U23/><E129/><V19/><F134/><W18/><G132/><T28/><D85/><N who="1" m="50231" /><E1/><V120/><F120/><W102/><G125/><T92/><D92/><U90/><E124/><V14/><F34/><W32/><G32/><T101/><D101/><N who="3" m="39017" /><G80/><T103/><D103/><U76/><E76/><V3/><F3/><W98/><G54/><T96/><D96/><U112/><E112/><V15/><F59/><W30/><G30/><T113/><D113/><U121/><E121/><V116/><F116/><W8/><AGARI ba="0,0" hai="6,8,12,13,18,22,40,41,97,98,99" m="39017" machi="8" ten="30,1100,0" yaku="8,1" doraHai="89" who="3" fromWho="3" sc="224,-5,258,-3,255,-3,263,11" /><INIT seed="5,0,0,3,1,108" ten="219,255,252,274" oya="1" hai0="95,10,39,129,79,105,122,128,82,123,65,132,114" hai1="121,99,41,23,130,131,126,124,7,77,48,76,43" hai2="57,134,100,53,116,44,90,29,91,26,107,133,20" hai3="6,36,50,37,87,127,58,75,73,49,66,52,21"/><U125/><E121/><N who="0" m="46089" /><D39/><U64/><E64/><V109/><F109/><W33/><G33/><T42/><D42/><N who="1" m="15883" /><E7/><V45/><F116/><W13/><G127/><T84/><D65/><U98/><E48/><N who="2" m="30887" /><F107/><W24/><G66/><T9/><D9/><U22/><E22/><V103/><F91/><W89/><G49/><T2/><D2/><U47/><E23/><V118/><F90/><W3/><G3/><T63/><D63/><U28/><E47/><N who="2" m="17995" /><F118/><W74/><G6/><T5/><D10/><U54/><E54/><V135/><AGARI ba="0,0" hai="20,26,29,100,103,133,134,135" m="17995,30887" machi="135" ten="40,1500,0" yaku="20,1" doraHai="108" who="2" fromWho="2" sc="219,-4,255,-7,252,15,274,-4" /><INIT seed="6,0,0,5,4,122" ten="215,248,267,270" oya="2" hai0="46,113,134,116,48,5,98,65,3,112,17,111,11" hai1="106,37,125,49,35,120,78,10,0,14,117,42,118" hai2="89,63,13,67,77,26,52,51,92,131,44,123,2" hai3="79,8,81,29,103,71,43,32,126,45,53,119,104"/><V20/><F123/><W99/><G119/><T68/><D116/><U23/><E120/><V130/><F2/><W62/><G126/><T64/><D134/><U22/><E35/><V18/><F77/><W128/><G128/><T87/><D98/><U102/><E37/><V90/><F26/><W129/><G129/><N who="2" m="49161" /><F92/><W85/><G8/><T61/><D64/><U94/><E106/><V16/><F18/><W124/><G124/><T25/><D87/><U24/><E0/><V28/><F28/><W38/><G53/><T133/><D133/><U80/><E24/><V4/><F4/><W55/><G55/><T70/><D70/><AGARI ba="0,0" hai="13,16,20,44,51,52,63,67,70,89,90" m="49161" machi="70" ten="30,5800,0" yaku="19,1,54,2" doraHai="122" who="2" fromWho="0" sc="215,-58,248,0,267,58,270,0" owari="157,-34.3,248,-15.2,325,42.5,270,7.0" /></mjloggm>