<mjloggm ver="2.3"><GO type="169" lobby="0"/><UN n0="%E3%83%A9%E3%83%B3%E3%82%B0%E3%83%A9" n1="%E3%81%9D%E3%81%86%E3%81%9F%E3%81%A3%E3%81%9F" n2="%E3%81%95%E3%81%8F%E3%82%88%E3%81%93%E3%81%A1%E3%82%83%E3%82%93" n3="%41%4C%50%45%52%49%4E" dan="16,16,16,17" rate="2072.22,2211.66,2047.54,2183.36" sx="M,M,M,M"/><TAIKYOKU oya="0"/><INIT seed="0,0,0,4,5,78" ten="250,250,250,250" oya="0" hai0="39,12,7,15,76,32,23,56,134,98,1,108,45" hai1="57,74,44,99,24,93,4,16,131,36,13,102,94" hai2="126,48,68,112,10,104,8,37,40,103,50,109,115" hai3="20,71,79,118,53,117,22,92,90,77,132,55,70"/><T67/><D32/><U86/><E74/><V83/><F68/><W35/><G35/><T42/><D134/><U106/><E131/><V30/><F109/><W66/><G66/><T123/><D123/><U124/><E124/><V34/><F126/><W72/><G72/><T122/><D122/><U47/><E36/><V105/><F34/><W14/><G92/><T29/><D108/><U89/><E4/><V52/><F103/><W9/><G14/><T59/><D98/><U127/><E24/><V130/><F30/><W110/><G90/><T129/><D129/><U87/><E127/><V101/><F101/><W5/><G5/><T91/><D91/><U41/><E106/><V11/><F11/><W85/><G85/><T84/><D1/><U43/><E57/><V58/><F58/><W95/><G95/><T119/><D119/><U17/><E87/><V62/><F130/><W69/><G69/><T21/><D21/><N who="1" m="11407" /><E17/><V81/><F37/><W60/><G60/><N who="0" m="38279" /><D59/><U26/><E26/><V28/><F28/><W111/><REACH who="3" step="1"/><G9/><REACH who="3" ten="250,250,250,240" step="2"/><T38/><D7/><U82/><E94/><V64/><F62/><W116/><G116/><T133/><D12/><U125/><E125/><V33/><F33/><W97/><G97/><T51/><D15/><U100/><E102/><V135/><F64/><W121/><G121/><T2/><D84/><U63/><E63/><V27/><F27/><W65/><G65/><T49/><D23/><U61/><E61/><V75/><F75/><W25/><G25/><T96/><D96/><U73/><E73/><V46/><F105/><W107/><G107/><RYUUKYOKU ba="0,1" sc="250,-15,250,15,250,-15,240,15" hai1="41,43,44,47,82,86,89,93,99,100" hai3="20,22,53,55,70,71,77,79,110,111,117,118,132" /><INIT seed="1,1,1,1,3,3" ten="235,265,235,255" oya="1" hai0="135,50,95,88,10,108,98,82,103,113,52,1,117" hai1="85,104,99,33,69,14,26,56,22,46,23,106,120" hai2="39,111,84,91,116,18,72,9,118,107,60,58,34" hai3="5,133,75,32,90,77,28,115,78,125,43,93,127"/><U79/><E120/><V71/><F111/><W66/><G115/><T122/><D113/><U37/><E69/><V45/><F71/><W35/><G133/><T105/><D135/><U17/><E33/><V19/><F107/><W25/><G35/><T16/><D108/><U49/><E37/><V114/><F72/><W31/><G31/><T74/><D117/><U76/><E56/><V80/><F34/><W51/><G66/><T67/><D67/><U40/><E85/><V109/><F109/><W63/><G63/><T64/><D64/><U102/><REACH who="1" step="1"/><E106/><REACH who="1" ten="235,255,235,255" step="2"/><V11/><F114/><W6/><G75/><T27/><D122/><U36/><E36/><V65/><F118/><W53/><G32/><T100/><D105/><U47/><E47/><V86/><F116/><W7/><G127/><T94/><D74/><U112/><E112/><V13/><F45/><N who="3" m="27887" /><G125/><T29/><D95/><U119/><E119/><V61/><F39/><W41/><G93/><T101/><D82/><U59/><E59/><V131/><F86/><W55/><G41/><T44/><D101/><U21/><E21/><V129/><F61/><W2/><G43/><T110/><D110/><U57/><E57/><V4/><REACH who="2" step="1"/><F9/><REACH who="2" ten="235,255,225,255" step="2"/><W130/><G130/><AGARI ba="1,3" hai="4,11,13,18,19,58,60,65,80,84,91,129,130,131" machi="130" ten="40,8000,1" yaku="1,1,2,1,19,1,52,1,53,0" doraHai="3" doraHaiUra="89" who="2" fromWho="3" sc="235,0,255,0,225,113,255,-83" /><INIT seed="2,0,0,5,1,17" ten="235,255,338,172" oya="2" hai0="92,120,63,121,49,88,97,21,105,22,42,93,111" hai1="48,29,78,112,96,37,70,76,60,61,123,66,38" hai2="84,117,9,8,95,54,62,18,110,53,43,87,109" hai3="51,102,79,12,125,115,47,80,131,107,20,94,28"/><V50/><F117/><W89/><G125/><T36/><D36/><U72/><E112/><V68/><F68/><W59/><G131/><T41/><D105/><U103/><E123/><V52/><F62/><W58/><G115/><T127/><D127/><U133/><E133/><V6/><F18/><W113/><G113/><T27/><D111/><N who="2" m="42506" /><F95/><W99/><G12/><T69/><D69/><U34/><E61/><V119/><F119/><W77/><G77/><T64/><D63/><U11/><E78/><V81/><F81/><W15/><G15/><T55/><D64/><U122/><E122/><V56/><F8/><W39/><G39/><T1/><D1/><U7/><E48/><V74/><F74/><W101/><G101/><N who="0" m="60583" /><D121/><U30/><E38/><V124/><F124/><W33/><G33/><T75/><D75/><U23/><E34/><V134/><F134/><W126/><G126/><T118/><D120/><U24/><E72/><V46/><F56/><W91/><G59/><N who="0" m="33263" /><D118/><U26/><E37/><V67/><F67/><W83/><G58/><T19/><D93/><N who="1" m="58767" /><E66/><V4/><F4/><W31/><G107/><T98/><D98/><U44/><E60/><V114/><F114/><W104/><G104/><T135/><D135/><U128/><E70/><V100/><F100/><W82/><G79/><T129/><D129/><U57/><E76/><V65/><F65/><W86/><G102/><T45/><D88/><U35/><E128/><V5/><F5/><W14/><G91/><T130/><D130/><U32/><E57/><V13/><AGARI ba="0,0" hai="6,9,13,43,46,50,52,53,54,84,87" m="42506" machi="13" ten="30,6000,0" yaku="14,1,10,1,54,1" doraHai="17" who="2" fromWho="2" sc="235,-20,255,-20,338,60,172,-20" /><INIT seed="2,1,0,3,2,0" ten="215,235,398,152" oya="2" hai0="21,30,27,11,37,10,89,84,2,54,51,42,6" hai1="135,24,93,125,112,131,77,33,82,26,122,69,88" hai2="53,114,109,4,117,98,123,18,36,38,47,31,121" hai3="74,87,71,3,70,91,12,95,90,116,111,20,32"/><V126/><F114/><W44/><G116/><T118/><D118/><U41/><E69/><V124/><F117/><W128/><G3/><T127/><D127/><U86/><E112/><V75/><F75/><W49/><G32/><T107/><D107/><U43/><E135/><V129/><F129/><W66/><G74/><T40/><D37/><U16/><E122/><V110/><F31/><W19/><G111/><N who="2" m="42505" /><F18/><W92/><G66/><T113/><D11/><U133/><E133/><V67/><F98/><W48/><G48/><T61/><D61/><U14/><E125/><N who="2" m="48235" /><F67/><W79/><G79/><T25/><D113/><U101/><E131/><V50/><F4/><W96/><REACH who="3" step="1"/><G128/><REACH who="3" ten="215,235,398,142" step="2"/><T57/><REACH who="0" step="1"/><D25/><REACH who="0" ten="205,235,398,142" step="2"/><U56/><E26/><V103/><F123/><W23/><G23/><T22/><D22/><U81/><E24/><V85/><F121/><W78/><G78/><T68/><D68/><U29/><E77/><V108/><F108/><W80/><G80/><AGARI ba="1,2" hai="2,6,10,21,27,30,40,42,51,54,57,80,84,89" machi="80" ten="30,3900,0" yaku="1,1,7,1,52,1,53,0" doraHai="0" doraHaiUra="104" who="0" fromWho="3" sc="205,62,235,0,398,0,142,-42" /><INIT seed="3,0,0,4,4,46" ten="267,235,398,100" oya="3" hai0="72,21,51,50,83,105,57,13,111,58,94,53,36" hai1="16,37,102,133,98,17,75,74,8,28,92,30,20" hai2="89,84,47,55,130,80,48,66,135,71,95,52,85" hai3="14,33,77,106,12,97,0,134,25,3,42,27,76"/><W29/><G42/><T26/><D36/><U107/><E37/><V59/><F130/><W113/><G106/><T112/><D105/><U2/><E133/><V121/><F121/><W87/><G97/><T9/><D111/><U103/><E107/><V125/><F135/><W60/><G60/><T62/><D112/><U100/><E75/><V56/><F125/><W61/><G61/><T119/><D119/><U19/><E74/><V73/><F73/><W70/><G70/><T23/><D94/><U31/><REACH who="1" step="1"/><E20/><REACH who="1" ten="267,225,398,100" step="2"/><V67/><F71/><W116/><G134/><T54/><D26/><U65/><E65/><N who="2" m="24587" /><F55/><W108/><G27/><T49/><D72/><U34/><E34/><V82/><F95/><W127/><G25/><T11/><D83/><U131/><E131/><V44/><F59/><W124/><G33/><T91/><D9/><U32/><E32/><V96/><F96/><W90/><G124/><T128/><D128/><U63/><E63/><V115/><F115/><W101/><G127/><T5/><D21/><U1/><E1/><V99/><F99/><W120/><G3/><T69/><D69/><U110/><E110/><V132/><F132/><W109/><G0/><T123/><D123/><U126/><E126/><V114/><F114/><W79/><G113/><T6/><D23/><U86/><E86/><V35/><F35/><W129/><G129/><T45/><D62/><U15/><E15/><V117/><F117/><W81/><G109/><T78/><D13/><U43/><E43/><V4/><F56/><N who="0" m="21610" /><D11/><U104/><E104/><V40/><F40/><W122/><G108/><RYUUKYOKU ba="0,1" sc="267,-10,225,30,398,-10,100,-10" hai1="2,8,16,17,19,28,30,31,92,98,100,102,103" /><INIT seed="4,1,1,0,0,22" ten="257,255,388,90" oya="0" hai0="35,7,130,41,81,80,37,14,11,43,79,52,68" hai1="113,120,49,28,50,92,55,15,59,48,31,6,82" hai2="97,135,34,32,133,95,129,128,39,102,98,109,118" hai3="40,111,100,107,66,36,0,63,112,12,58,94,123"/><T110/><D68/><U46/><E120/><V90/><F109/><W29/><G0/><T103/><D110/><U18/><E113/><V76/><F76/><W108/><G112/><T121/><D121/><U13/><E82/><V67/><F67/><W75/><G123/><T131/><D35/><N who="2" m="13354" /><F39/><W106/><G75/><T114/><D114/><U117/><E117/><V9/><F9/><W24/><G12/><T71/><D71/><U132/><E132/><N who="2" m="50763" /><F118/><W20/><G94/><AGARI ba="1,1" hai="90,94,95,97,98,102,128,129" m="50763,13354" machi="94" ten="40,1300,0" yaku="20,1" doraHai="22" who="2" fromWho="3" sc="257,0,255,0,388,26,90,-16" /><INIT seed="5,0,0,3,5,129" ten="257,255,414,74" oya="1" hai0="46,34,31,29,40,135,12,86,50,130,105,0,25" hai1="42,81,74,24,120,15,110,53,73,102,104,19,84" hai2="58,111,103,94,59,26,28,88,126,63,17,91,1" hai3="33,54,41,5,127,124,64,66,18,37,68,13,27"/><U90/><E120/><V9/><F111/><W95/><G5/><T101/><D0/><U6/><E110/><V61/><F126/><W60/><G66/><T108/><D108/><U115/><E115/><V93/><F103/><W65/><G65/><T4/><D130/><U35/><E42/><V30/><F1/><W32/><G54/><T16/><D4/><U36/><E36/><V49/><F49/><W123/><G123/><T87/><D31/><U71/><E71/><V23/><F9/><W98/><G41/><T114/><D114/><U122/><E122/><V96/><F59/><W85/><G85/><T14/><D135/><U109/><E109/><V125/><F125/><N who="3" m="48203" /><G27/><T51/><D12/><U121/><E53/><N who="2" m="33999" /><F63/><W2/><G2/><T75/><D75/><U133/><E121/><V106/><F106/><W38/><G38/><T113/><D113/><U117/><E74/><V82/><F82/><W67/><G67/><T70/><D50/><U100/><E104/><V56/><F56/><W76/><G76/><T8/><D70/><U79/><E79/><V62/><F62/><W134/><G37/><T47/><D47/><U131/><E131/><V132/><F28/><W20/><G134/><T55/><D40/><U118/><E133/><V119/><F30/><W80/><G80/><T83/><D83/><U72/><E72/><V22/><F132/><W39/><G39/><T43/><D43/><U48/><E73/><V3/><F3/><W92/><G92/><T10/><D86/><U97/><E84/><N who="2" m="52359" /><F23/><W112/><G112/><T7/><D87/><U57/><E48/><RYUUKYOKU ba="0,0" sc="257,-15,255,-15,414,15,74,15" hai2="17,22,26,91,94,96,119" hai3="13,18,20,32,33,60,64,68,95,98" /><INIT seed="6,1,0,4,0,41" ten="242,240,429,89" oya="2" hai0="39,25,110,67,63,61,60,93,92,131,56,44,109" hai1="48,85,83,125,54,70,74,15,49,80,114,105,35" hai2="108,135,57,58,19,123,52,117,97,82,62,130,73" hai3="20,72,23,89,7,27,96,47,81,78,134,51,133"/><V100/><F117/><W29/><G7/><T128/><D25/><U42/><E70/><V124/><F123/><W90/><G23/><T71/><D92/><U76/><E114/><V45/><F108/><N who="0" m="41578" /><D93/><U77/><E125/><V17/><F124/><W116/><G116/><T104/><D104/><U46/><E105/><V95/><F130/><N who="0" m="49706" /><D71/><U65/><E65/><V2/><F2/><W68/><G68/><T12/><D12/><U5/><E35/><V11/><F95/><W10/><G10/><T98/><D98/><U32/><E32/><V106/><F97/><W118/><G118/><T43/><AGARI ba="1,0" hai="39,43,44,56,60,61,63,67" m="49706,41578" machi="43" ten="40,8000,1" yaku="19,1,34,2,52,1" doraHai="41" who="0" fromWho="0" sc="242,83,240,-21,429,-41,89,-21" /><INIT seed="7,0,0,3,2,60" ten="325,219,388,68" oya="3" hai0="37,71,87,69,129,65,19,103,80,36,8,42,46" hai1="88,98,43,41,74,24,85,20,82,57,73,51,61" hai2="100,108,50,133,70,15,9,76,54,106,53,81,63" hai3="27,83,118,18,49,84,35,17,78,125,114,124,126"/><W77/><G118/><T47/><D129/><U79/><E98/><V28/><F108/><W67/><G114/><T62/><D103/><U25/><E25/><V38/><F38/><W23/><G35/><T116/><D116/><U123/><E51/><V55/><F28/><W120/><G120/><T34/><D34/><U110/><E110/><V5/><F133/><W119/><G119/><T111/><D111/><U130/><E130/><V52/><F100/><W117/><G117/><T113/><D113/><U112/><E74/><V93/><F93/><W121/><G121/><T10/><D71/><U107/><E107/><V135/><F106/><W95/><G78/><T40/><REACH who="0" step="1"/><D19/><REACH who="0" ten="315,219,388,68" step="2"/><U86/><E73/><N who="2" m="43151" /><F70/><W75/><G18/><T14/><D14/><U134/><E134/><V13/><F13/><W3/><G3/><T31/><D31/><N who="1" m="17799" /><E123/><V132/><F15/><W90/><REACH who="3" step="1"/><G49/><REACH who="3" ten="315,219,388,58" step="2"/><T131/><D131/><U94/><E112/><V4/><F50/><W105/><G105/><T66/><D66/><AGARI ba="0,2" hai="41,43,57,61,66,79,82,85,86,88,94" m="17799" machi="66" ten="30,3900,0" yaku="8,1,52,1,54,1" doraHai="60" who="1" fromWho="0" sc="315,-39,219,59,388,0,58,0" /><AGARI ba="0,0" hai="17,23,27,66,67,75,77,83,84,90,95,124,125,126" machi="66" ten="40,12000,1" yaku="1,1,18,1,52,2,53,0" doraHai="60" doraHaiUra="30" who="3" fromWho="0" sc="276,-120,278,0,388,0,58,120" /><INIT seed="7,1,0,5,4,75" ten="156,278,388,178" oya="3" hai0="66,88,108,133,36,25,17,37,58,40,74,1,18" hai1="30,41,13,90,109,79,71,42,113,96,123,134,3" hai2="116,121,85,78,68,129,38,26,106,82,89,115,6" hai3="124,49,125,5,28,56,97,11,47,44,65,70,4"/><W53/><G28/><T69/><D108/><U101/><E3/><V20/><F116/><W102/><G65/><T15/><D1/><U92/><E123/><V43/><F121/><W60/><G70/><T87/><D69/><U55/><E113/><V33/><F68/><W34/><G34/><T8/><D74/><U52/><E134/><V117/><F117/><W127/><G60/><N who="0" m="38167" /><D37/><U103/><E79/><V46/><F115/><W72/><G72/><T118/><D36/><U39/><E39/><V24/><F106/><W62/><G11/><T12/><D133/><U105/><E109/><V112/><F112/><W64/><REACH who="3" step="1"/><G47/><REACH who="3" ten="156,278,388,168" step="2"/><T14/><D118/><U131/><E71/><V128/><F33/><W86/><G86/><T31/><D40/><U16/><E30/><V107/><F46/><W122/><G122/><T48/><D8/><U98/><E42/><V99/><F43/><W81/><G81/><N who="0" m="49263" /><D48/><U19/><E41/><V111/><F85/><W100/><G100/><T59/><D59/><U9/><E103/><V51/><F51/><W57/><G57/><T120/><D120/><U35/><E35/><V126/><F111/><W104/><AGARI ba="1,1" hai="4,5,44,49,53,56,62,64,97,102,104,124,125,127" machi="104" ten="30,6000,0" yaku="1,1,0,1,18,1,53,0" doraHai="75" doraHaiUra="21" who="3" fromWho="3" sc="156,-21,278,-21,388,-21,168,73" /><INIT seed="7,2,0,2,2,24" ten="135,257,367,241" oya="3" hai0="92,130,31,63,79,59,42,45,28,15,46,113,0" hai1="2,21,119,75,43,81,58,14,86,103,37,93,129" hai2="3,120,64,26,35,20,6,66,25,112,76,105,69" hai3="100,57,40,77,56,111,78,89,128,70,51,95,4"/><W132/><G70/><T8/><D0/><U90/><E2/><V68/><F105/><W61/><G128/><T121/><D121/><U133/><E129/><V83/><F120/><W108/><G132/><T96/><D130/><U73/><E119/><V52/><F6/><W33/><G33/><T47/><D79/><U67/><E37/><V27/><F3/><W98/><G4/><T124/><D124/><U74/><E43/><V107/><F107/><W72/><G100/><T49/><D113/><U123/><E133/><V54/><F35/><W53/><G40/><T32/><D32/><U50/><E67/><N who="2" m="25643" /><F68/><W22/><G22/><T7/><D46/><U104/><E104/><V127/><F69/><W84/><G72/><T115/><D45/><U88/><E103/><V114/><F20/><W13/><G13/><T116/><D115/><N who="2" m="44074" /><F127/><W94/><G94/><T118/><D118/><U11/><E21/><V109/><F109/><N who="3" m="42059" /><G98/><T71/><D71/><U106/><E106/><V60/><F60/><W1/><G1/><T65/><D116/><U39/><E93/><V41/><F41/><W17/><G17/><T29/><D29/><U85/><E123/><V110/><F110/><W117/><G117/><T44/><D44/><U135/><E135/><V131/><F131/><W91/><G78/><T9/><D9/><U23/><E23/><V48/><F48/><W134/><G77/><T19/><D7/><U10/><E10/><V5/><F5/><W97/><G134/><T38/><D38/><U101/><E39/><V12/><F76/><W36/><G36/><T126/><D126/><RYUUKYOKU ba="2,0" sc="135,30,257,-10,367,-10,241,-10" hai0="8,15,19,28,31,42,47,49,59,63,65,92,96" owari="165,-33.5,247,4.7,357,45.7,231,-16.9" /></mjloggm>