<mjloggm ver="2.3"><GO type="169" lobby="0"/><UN n0="%E2%91%A3%E3%82%BB%E3%83%B3%E3%83%81" n1="%E5%A4%A7%E4%BB%81%E7%94%B0%E8%96%84" n2="%E6%A4%9B%E5%8D%97" n3="%E2%97%8E%E3%82%88%E3%81%97%E2%97%8E" dan="18,17,18,17" rate="2327.84,2189.81,2200.68,2195.07" sx="M,M,F,M"/><TAIKYOKU oya="0"/><INIT seed="0,0,0,3,3,91" ten="250,250,250,250" oya="0" hai0="127,132,58,18,107,115,41,73,116,128,30,28,87" hai1="90,124,109,129,40,66,44,135,121,92,96,83,8" hai2="5,54,130,102,10,134,7,64,43,63,103,117,45" hai3="21,34,131,55,82,48,69,37,111,2,16,104,6"/><T52/><D73/><U42/><E109/><V75/><F134/><W112/><G104/><T51/><D115/><U26/><E121/><V3/><F130/><W20/><G69/><T15/><D116/><U22/><E135/><V61/><F75/><W19/><G37/><T99/><D132/><U13/><E124/><V84/><F7/><W29/><G112/><T122/><D122/><U98/><E129/><V17/><F54/><W56/><G34/><T77/><D128/><U88/><E66/><V1/><F1/><W57/><G29/><T133/><D133/><U114/><E114/><V74/><F74/><W113/><G111/><T49/><D99/><U71/><E71/><V53/><F53/><W38/><G38/><T0/><D107/><U79/><E79/><V9/><F84/><W89/><G6/><T39/><D39/><U11/><E44/><V100/><F64/><W94/><G2/><T35/><D35/><U70/><E70/><V126/><F126/><W72/><G72/><T76/><D0/><U119/><E119/><V27/><F117/><W78/><G113/><T32/><D32/><U33/><E33/><V123/><F123/><W65/><G131/><T31/><D87/><N who="1" m="50303" /><E98/><V47/><F47/><W12/><G57/><T125/><D125/><U86/><E96/><V85/><F85/><N who="3" m="52527" /><G65/><T110/><D110/><U101/><E101/><V97/><F97/><W4/><G4/><T50/><D127/><U118/><E118/><V106/><F106/><W120/><G120/><T105/><D105/><U60/><E60/><V36/><F27/><N who="3" m="14727" /><G78/><N who="0" m="30315" /><D41/><N who="1" m="15979" /><E26/><V46/><F46/><RYUUKYOKU ba="0,0" sc="250,0,250,0,250,0,250,0" hai0="15,18,28,30,31,49,50,51,52,58" hai1="8,11,13,22,86,90,92" hai2="3,5,9,10,17,36,43,45,61,63,100,102,103" hai3="12,19,21,48,55,56,82" /><INIT seed="0,1,0,4,2,99" ten="250,250,250,250" oya="0" hai0="2,113,1,13,63,24,55,10,0,118,84,35,108" hai1="68,20,123,71,72,125,77,131,81,43,83,11,46" hai2="58,95,50,33,111,115,44,129,36,85,126,18,82" hai3="34,92,127,30,41,119,104,103,106,4,56,121,124"/><T64/><D113/><U96/><E123/><V101/><F115/><W76/><G119/><T19/><D118/><U45/><E125/><V60/><F126/><N who="3" m="48171" /><G4/><T15/><D55/><U29/><E131/><V53/><F111/><W51/><G76/><T133/><D84/><U23/><E11/><V38/><F33/><W52/><G41/><T65/><D63/><U88/><E45/><V39/><F129/><W86/><G121/><T61/><D61/><U47/><E46/><V42/><F18/><W114/><G114/><T134/><D65/><U27/><E20/><V97/><REACH who="2" step="1"/><F36/><REACH who="2" ten="250,250,240,250" step="2"/><W132/><G132/><N who="0" m="50795" /><D64/><U69/><E81/><V93/><F93/><W28/><G34/><T17/><D108/><U120/><E120/><V9/><F9/><W22/><G22/><N who="0" m="11583" /><D2/><U7/><E7/><V91/><AGARI ba="1,1" hai="38,39,42,44,50,53,58,60,82,85,91,95,97,101" machi="91" ten="20,5200,0" yaku="1,1,0,1,7,1,52,1,53,0" doraHai="99" doraHaiUra="3" who="2" fromWho="2" sc="250,-27,250,-14,240,65,250,-14" /><INIT seed="1,0,0,0,2,40" ten="223,236,305,236" oya="1" hai0="57,132,13,100,116,15,46,18,66,5,99,26,102" hai1="126,81,92,97,90,85,39,6,37,16,47,11,20" hai2="80,38,28,30,0,109,10,82,4,98,69,3,48" hai3="125,60,50,88,104,115,43,44,33,120,91,106,14"/><U51/><E126/><V103/><F38/><W24/><G115/><T124/><D116/><U133/><E133/><V31/><F69/><W55/><G120/><T58/><D124/><U7/><E39/><V36/><F36/><W122/><G122/><T73/><D73/><U72/><E72/><V12/><F109/><W75/><G75/><T87/><D132/><U101/><E37/><V113/><F113/><W79/><G79/><T64/><D87/><U70/><E70/><V112/><F112/><W95/><G91/><T94/><D26/><U27/><E11/><V86/><F48/><W54/><G14/><T25/><D25/><U77/><E101/><V42/><F42/><AGARI ba="0,0" hai="6,7,16,20,27,42,47,51,77,81,85,90,92,97" machi="42" ten="30,11600,0" yaku="7,1,8,1,52,1,54,1" doraHai="40" who="1" fromWho="2" sc="223,0,236,116,305,-116,236,0" /><INIT seed="1,1,0,3,5,23" ten="223,352,189,236" oya="1" hai0="21,100,113,127,118,60,124,53,12,38,85,75,15" hai1="87,37,40,97,122,42,76,125,80,47,57,13,32" hai2="96,79,8,49,70,22,26,90,130,31,20,128,52" hai3="98,44,121,83,104,101,2,84,129,108,56,9,110"/><U112/><E122/><V92/><F70/><W117/><G56/><T4/><D75/><U48/><E112/><V77/><F8/><W19/><G121/><T94/><D118/><U7/><E125/><V86/><F96/><W16/><G117/><T45/><D113/><U17/><E32/><V34/><F34/><W65/><G65/><T88/><D100/><U10/><E97/><V54/><F54/><W109/><G129/><N who="2" m="49769" /><F22/><W102/><G102/><T58/><D4/><U27/><E57/><AGARI ba="1,0" hai="20,26,31,49,52,57,77,79,86,90,92" m="49769" machi="57" ten="30,3900,0" yaku="19,1,52,1,54,1" doraHai="23" who="2" fromWho="1" sc="223,0,352,-42,189,42,236,0" /><INIT seed="2,0,0,2,1,105" ten="223,310,231,236" oya="2" hai0="20,93,33,13,67,62,116,124,78,88,34,43,30" hai1="69,129,89,84,17,131,135,70,97,64,75,3,109" hai2="36,59,26,68,99,56,29,117,4,11,90,22,122" hai3="50,104,111,81,133,102,48,55,76,119,123,92,32"/><V49/><F36/><W72/><G119/><T110/><D116/><U52/><E3/><V23/><F117/><W108/><G123/><T115/><D115/><U112/><E112/><V125/><F68/><W85/><G32/><T134/><D110/><N who="3" m="42025" /><G133/><T27/><D134/><U91/><E109/><V132/><F125/><W12/><G12/><T16/><D78/><U103/><E64/><V58/><F122/><W24/><G24/><T107/><D107/><U8/><E75/><V57/><F23/><W66/><G66/><T44/><D124/><U106/><E91/><V121/><F121/><W101/><G50/><T14/><D14/><N who="1" m="7367" /><E52/><V31/><F132/><W127/><G127/><T77/><D77/><U94/><E135/><V19/><F49/><W15/><G15/><T37/><D67/><U114/><E114/><V87/><F99/><N who="3" m="61503" /><G55/><T74/><D74/><U80/><E106/><V60/><F60/><W28/><G28/><T7/><D7/><U126/><E126/><V39/><F39/><W21/><G21/><T41/><D41/><U40/><E40/><V9/><F9/><W53/><G53/><T96/><REACH who="0" step="1"/><D62/><REACH who="0" ten="213,310,231,236" step="2"/><U86/><E131/><V35/><F35/><AGARI ba="0,1" hai="13,16,20,27,30,33,34,35,37,43,44,88,93,96" machi="35" ten="30,12000,2" yaku="1,1,2,1,7,1,54,2,53,1" doraHai="105" doraHaiUra="18" who="0" fromWho="2" sc="213,130,310,0,231,-120,236,0" /><INIT seed="3,0,0,0,0,113" ten="343,310,111,236" oya="3" hai0="116,101,55,114,88,19,3,115,72,52,47,126,20" hai1="38,99,37,43,110,25,123,69,73,4,45,30,96" hai2="64,130,132,26,117,6,112,9,63,121,71,100,62" hai3="74,35,48,124,39,0,33,2,60,91,16,95,86"/><W29/><G39/><T131/><D72/><U94/><E123/><V49/><F121/><W46/><G74/><T107/><D3/><U24/><E110/><V119/><F112/><N who="0" m="43050" /><D116/><U15/><E69/><V78/><F132/><W109/><G124/><T111/><D111/><U77/><E38/><V32/><F130/><W84/><G109/><T70/><D70/><U81/><E25/><V120/><F63/><W66/><G84/><T134/><D47/><U103/><E96/><V92/><F78/><W34/><G29/><T122/><D122/><U18/><E4/><V127/><F49/><W85/><G86/><T42/><D42/><U61/><E61/><V31/><F127/><W89/><G91/><T58/><D55/><U80/><E80/><V97/><REACH who="2" step="1"/><F120/><REACH who="2" ten="343,310,101,236" step="2"/><W57/><REACH who="3" step="1"/><G16/><REACH who="3" ten="343,310,101,226" step="2"/><T118/><D19/><U79/><E79/><V11/><F11/><W59/><G59/><T40/><D58/><U87/><E73/><V76/><F76/><W21/><G21/><T14/><D20/><U17/><E17/><V75/><F75/><W133/><G133/><T82/><D134/><U125/><E125/><V65/><F65/><W50/><G50/><T22/><D22/><U106/><E18/><V5/><F5/><W12/><G12/><AGARI ba="0,2" hai="6,9,12,26,31,32,62,64,71,92,97,100,117,119" machi="12" ten="30,7700,0" yaku="1,1,7,1,52,2,53,0" doraHai="113" doraHaiUra="53" who="2" fromWho="3" sc="343,0,310,0,101,97,226,-77" /><INIT seed="4,0,0,4,3,34" ten="343,310,198,149" oya="0" hai0="53,41,30,109,125,28,99,85,92,72,123,105,128" hai1="8,55,94,46,100,131,0,112,26,10,74,33,111" hai2="14,69,103,113,16,50,13,62,88,124,56,80,9" hai3="61,66,73,106,129,60,54,45,91,22,2,11,101"/><T84/><D72/><U135/><E74/><V133/><F113/><W130/><G73/><T127/><D123/><U70/><E70/><V29/><F133/><W21/><G91/><T120/><D120/><U5/><E111/><V19/><F124/><N who="0" m="47690" /><D105/><U118/><E118/><V95/><F69/><W52/><G101/><T116/><D41/><U134/><E131/><V122/><F29/><N who="0" m="11370" /><D116/><U39/><E26/><V90/><F50/><N who="3" m="28751" /><G106/><T81/><D128/><N who="3" m="49257" /><G54/><T40/><D40/><U67/><E67/><N who="2" m="39367" /><F80/><W108/><G108/><T65/><D65/><U18/><E33/><V117/><F117/><W20/><G66/><T15/><D109/><U110/><E112/><V48/><F48/><W75/><G75/><T77/><D53/><U4/><E110/><V83/><F83/><W6/><AGARI ba="0,0" hai="2,6,11,20,21,22,60,61" m="49257,28751" machi="6" ten="40,5200,0" yaku="19,1,52,1,54,1" doraHai="34" who="3" fromWho="3" sc="343,-26,310,-13,198,-13,149,52" /><INIT seed="5,0,0,3,1,110" ten="317,297,185,201" oya="1" hai0="51,64,116,121,93,119,130,2,85,96,82,19,56" hai1="66,76,79,129,49,10,107,1,36,42,5,95,62" hai2="6,57,89,25,59,54,125,104,4,81,127,92,0" hai3="46,14,12,38,74,113,71,132,32,28,8,112,33"/><U63/><E107/><V20/><F104/><W41/><G71/><T16/><D2/><U31/><E36/><V122/><F122/><W30/><G74/><T77/><D121/><U86/><E129/><V11/><F6/><N who="3" m="3095" /><G14/><T100/><D130/><U61/><E31/><N who="3" m="11818" /><G132/><T123/><D123/><U35/><E35/><V75/><F59/><W126/><G126/><T88/><D119/><U97/><E86/><V40/><F40/><W91/><G91/><T78/><D116/><U94/><E66/><V34/><F34/><W9/><G9/><T128/><D128/><U131/><E131/><V98/><F81/><W7/><G7/><T103/><D103/><U102/><E95/><V109/><F109/><W105/><G105/><T80/><D51/><U52/><REACH who="1" step="1"/><E42/><REACH who="1" ten="317,287,185,201" step="2"/><V50/><F75/><W21/><G33/><T48/><D64/><U99/><E99/><V15/><REACH who="2" step="1"/><F0/><REACH who="2" ten="317,287,175,201" step="2"/><W124/><G32/><T47/><D82/><U55/><E55/><V108/><F108/><W13/><G124/><T39/><D80/><U65/><E65/><V29/><AGARI ba="0,2" hai="4,11,15,20,25,29,50,54,57,89,92,98,125,127" machi="29" ten="30,4000,0" yaku="1,1,0,1,53,1" doraHai="110" doraHaiUra="22" who="2" fromWho="2" sc="317,-10,287,-20,175,60,201,-10" /><INIT seed="6,0,0,5,5,53" ten="307,267,235,191" oya="2" hai0="67,2,54,105,98,17,121,91,87,80,36,127,24" hai1="49,88,38,90,59,63,126,107,28,108,7,111,92" hai2="9,13,34,96,112,110,21,66,30,122,113,25,65" hai3="94,14,133,41,134,79,128,69,35,42,40,132,68"/><V29/><F122/><W5/><G35/><T26/><D121/><U37/><E107/><V11/><F96/><W129/><G79/><T102/><D36/><U47/><E28/><V75/><F75/><W50/><G94/><T46/><D2/><U56/><E7/><V97/><F97/><W85/><G85/><T58/><D127/><U19/><E126/><V10/><F66/><W62/><G14/><T15/><D46/><U109/><E19/><V60/><F110/><W78/><G78/><T20/><REACH who="0" step="1"/><D67/><REACH who="0" ten="297,267,235,191" step="2"/><U51/><E47/><V76/><F113/><W22/><G5/><T61/><AGARI ba="0,1" hai="15,17,20,24,26,54,58,61,80,87,91,98,102,105" machi="61" ten="20,12000,2" yaku="1,1,2,1,0,1,7,1,52,1,53,1" doraHai="53" doraHaiUra="103" who="0" fromWho="0" sc="297,130,267,-30,235,-60,191,-30" /><INIT seed="7,0,0,1,2,25" ten="427,237,175,161" oya="3" hai0="130,36,127,110,9,91,52,131,81,7,93,100,86" hai1="53,35,27,4,82,56,129,108,106,16,40,126,87" hai2="103,11,115,95,114,119,112,51,70,49,134,23,88" hai3="78,18,48,24,73,122,118,37,15,41,76,33,77"/><W102/><G118/><T116/><D116/><U98/><E108/><V113/><F113/><W105/><G122/><T46/><D110/><U2/><E40/><V66/><F119/><W29/><G37/><T69/><D69/><U20/><E126/><V10/><F103/><W72/><G102/><T117/><D117/><U74/><E74/><V75/><F75/><W80/><G105/><T55/><D127/><U17/><E35/><V71/><F134/><W84/><G41/><N who="0" m="22823" /><D93/><U1/><E129/><N who="0" m="49161" /><D100/><U34/><E34/><V85/><F23/><W64/><G64/><T101/><D101/><U0/><E98/><V44/><F51/><W97/><G48/><T3/><AGARI ba="0,0" hai="3,7,9,52,55,81,86,91" m="49161,22823" machi="3" ten="30,2000,0" yaku="19,1,54,1" doraHai="25" who="0" fromWho="0" sc="427,20,237,-5,175,-5,161,-10" owari="447,54.7,232,3.2,170,-23.0,151,-34.9" /></mjloggm>