<mjloggm ver="2.3"><GO type="225" lobby="0"/><UN n0="%E9%A6%AC%E5%BC%95%E7%81%AB%33" n1="%E3%81%BF%E3%81%BF%E3%81%9A" n2="%E5%BA%84%E5%8F%B8%E5%81%A5%E5%A4%AA%E6%9C%97" n3="%E7%B4%94%E6%BD%94%E3%83%94%E3%83%A9%E3%83%8B%E3%82%A2" dan="16,17,16,16" rate="2131.04,2250.41,2050.88,2144.60" sx="M,M,M,M"/><TAIKYOKU oya="0"/><INIT seed="0,0,0,5,3,105" ten="250,250,250,250" oya="0" hai0="65,112,87,74,73,39,33,62,133,84,126,55,75" hai1="30,88,123,120,110,41,124,10,135,122,6,28,102" hai2="9,8,76,4,59,58,101,54,3,71,90,121,107" hai3="81,36,25,86,45,38,23,29,109,131,89,67,117"/><T48/><D112/><U115/><E115/><V51/><F71/><W43/><G117/><T49/><D39/><U70/><E70/><V130/><F121/><W128/><G109/><T113/><D113/><U85/><E110/><V0/><F130/><N who="3" m="49707" /><G67/><T116/><D116/><U57/><E124/><V32/><F32/><W40/><G40/><T31/><D126/><U22/><E102/><V104/><F76/><W100/><G100/><T37/><D37/><AGARI ba="0,0" hai="23,25,29,36,37,38,43,45,81,86,89" m="49707" machi="37" ten="30,1000,0" yaku="19,1" doraHai="105" who="3" fromWho="0" sc="250,-10,250,0,250,0,250,10" /><INIT seed="1,0,0,3,5,82" ten="240,250,250,260" oya="1" hai0="95,1,25,120,76,38,8,105,60,123,92,129,93" hai1="61,98,48,62,45,110,31,55,6,86,109,73,42" hai2="117,96,101,66,19,127,16,58,115,57,121,128,78" hai3="113,39,130,22,94,32,50,114,103,70,29,52,91"/><U17/><E73/><V20/><F117/><W100/><G32/><T27/><D105/><U2/><E31/><V46/><F121/><N who="0" m="46666" /><D129/><U85/><E17/><V40/><F127/><W81/><G39/><T11/><D38/><U0/><E98/><V125/><F125/><W33/><G33/><T37/><D37/><U84/><E6/><V43/><F115/><W107/><G107/><T108/><D108/><N who="1" m="41579" /><E42/><V23/><F128/><W7/><G70/><T122/><D122/><U77/><E77/><V111/><F78/><W51/><G7/><N who="0" m="1135" /><D76/><U24/><E24/><N who="0" m="9289" /><D11/><U132/><E132/><V49/><F111/><W14/><G130/><T80/><D80/><U67/><E62/><AGARI ba="0,0" hai="60,62,92,93,95" m="9289,1135,46666" machi="62" ten="40,1300,0" yaku="13,1" doraHai="82" who="0" fromWho="1" sc="240,13,250,-13,250,0,260,0" /><INIT seed="2,0,0,3,0,67" ten="253,237,250,260" oya="2" hai0="77,95,94,50,21,29,124,104,92,63,57,86,70" hai1="88,3,131,91,117,26,66,27,69,72,43,82,127" hai2="61,46,62,128,116,24,97,53,56,48,34,105,99" hai3="87,45,51,19,60,121,8,134,23,106,30,13,119"/><V83/><F116/><W47/><G121/><T100/><D124/><U31/><E117/><V93/><F128/><W58/><G106/><T89/><D77/><U74/><E3/><V41/><F105/><W84/><G134/><T18/><D29/><U132/><E132/><V38/><F83/><W98/><G98/><T114/><D114/><U0/><E0/><V112/><F112/><W11/><G45/><T122/><D122/><U7/><E7/><V5/><F5/><W78/><G119/><T64/><D100/><U133/><E133/><V135/><F99/><W42/><G30/><T71/><D104/><U113/><E113/><V125/><F125/><W32/><G32/><T111/><D111/><U39/><E131/><V40/><F40/><W108/><G108/><T59/><D59/><U20/><E127/><V96/><F96/><W85/><REACH who="3" step="1"/><G78/><REACH who="3" ten="253,237,250,250" step="2"/><T25/><REACH who="0" step="1"/><D50/><REACH who="0" ten="243,237,250,250" step="2"/><U10/><E39/><V129/><F135/><W65/><AGARI ba="0,2" hai="8,11,13,19,23,42,47,51,58,60,65,84,85,87" machi="65" ten="30,7900,0" yaku="1,1,2,1,0,1,8,1,53,0" doraHai="67" doraHaiUra="123" who="3" fromWho="3" sc="243,-20,237,-20,250,-39,250,99" /><INIT seed="3,0,0,3,2,95" ten="223,217,211,349" oya="3" hai0="90,99,102,6,110,131,50,49,91,48,70,39,128" hai1="57,42,0,28,134,17,18,98,34,106,55,117,101" hai2="3,103,11,123,33,14,83,45,35,67,124,13,5" hai3="132,44,69,121,104,114,125,107,66,81,7,37,15"/><W25/><G104/><N who="0" m="63583" /><D110/><U38/><E134/><V119/><F119/><W96/><G15/><N who="2" m="5641" /><F67/><W8/><G44/><T68/><D6/><U52/><E0/><V135/><F103/><W36/><G66/><T9/><D9/><U105/><E117/><V100/><F100/><W72/><G25/><T1/><D39/><U62/><E106/><V88/><F88/><N who="0" m="33834" /><D1/><U20/><E34/><N who="2" m="12811" /><F83/><W60/><G8/><T116/><D116/><U94/><E105/><V47/><F47/><W115/><G107/><T84/><D84/><U54/><E38/><V112/><F45/><W92/><G7/><T22/><D22/><U41/><E28/><V108/><F135/><W4/><G132/><T89/><N who="0" m="33842" /><T75/><DORA hai="127" /><D75/><U82/><E82/><V56/><F108/><W85/><G72/><T65/><D65/><N who="1" m="39119" /><E20/><V61/><F124/><W32/><G125/><T12/><D12/><U16/><AGARI ba="0,0" hai="16,17,18,41,42,52,54,55,94,98,101" m="39119" machi="16" ten="30,7900,0" yaku="8,1,52,1,54,2" doraHai="95,127" who="1" fromWho="1" sc="223,-20,217,79,211,-20,349,-39" owari="203,-19.7,296,9.6,191,-30.9,310,41.0" /></mjloggm>