<mjloggm ver="2.3"><GO type="169" lobby="0"/><UN n0="%61%6B%69%62%61%62%61%6E" n1="%E3%81%86%E3%81%AA%E3%81%8E%E9%BA%BA" n2="%E3%82%B1%E3%83%AB%E3%83%B4%E3%82%A3%E3%83%B3" n3="%E6%A4%9B%E5%8D%97" dan="17,17,16,18" rate="2159.26,2161.01,2155.69,2211.90" sx="M,M,M,F"/><TAIKYOKU oya="0"/><INIT seed="0,0,0,0,2,113" ten="250,250,250,250" oya="0" hai0="19,82,35,123,21,13,1,66,18,38,112,130,86" hai1="11,87,99,24,78,114,3,77,42,108,92,74,107" hai2="5,106,17,90,89,70,88,122,8,20,6,98,44" hai3="104,76,10,133,26,109,60,128,84,91,15,32,96"/><T54/><D112/><U46/><E114/><V40/><F122/><W111/><G133/><T23/><D123/><U127/><E108/><V36/><F70/><W135/><G135/><T25/><D130/><U131/><E127/><V100/><REACH who="2" step="1"/><F8/><REACH who="2" ten="250,250,240,250" step="2"/><W56/><G128/><T63/><D38/><U110/><E131/><V94/><F94/><W14/><G10/><T121/><D121/><U125/><E92/><V83/><F83/><W120/><G120/><T93/><D93/><U116/><E110/><V59/><F59/><W69/><G69/><T72/><D72/><U53/><E11/><V57/><F57/><W61/><G56/><N who="0" m="35223" /><D1/><U134/><E3/><V119/><F119/><W9/><G9/><T45/><D45/><U41/><E116/><V132/><F132/><W55/><G111/><T101/><D66/><U58/><E46/><V75/><F75/><W118/><G109/><T102/><D35/><U31/><E74/><V95/><F95/><W64/><G118/><T115/><D115/><U73/><E73/><V67/><F67/><W30/><G64/><T65/><D65/><U37/><E134/><V39/><F39/><W129/><G129/><T79/><AGARI ba="0,1" hai="13,18,19,21,23,25,79,82,86,101,102" m="35223" machi="79" ten="30,1500,0" yaku="8,1" doraHai="113" who="0" fromWho="0" sc="250,25,250,-5,240,-5,250,-5" /><INIT seed="0,1,0,5,4,134" ten="275,245,235,245" oya="0" hai0="62,67,29,57,87,61,32,81,48,123,108,98,89" hai1="79,36,28,16,126,46,93,132,7,73,2,24,72" hai2="51,64,65,95,106,11,4,99,8,115,20,37,14" hai3="39,42,128,27,102,133,77,19,60,17,135,92,101"/><T131/><D123/><U69/><E69/><V85/><F37/><W86/><G128/><T58/><D131/><U120/><E120/><V35/><F35/><W112/><G112/><T15/><D108/><U25/><E132/><V68/><F115/><W109/><G109/><T44/><D98/><U22/><E2/><V66/><F106/><W53/><G39/><T63/><D32/><U13/><E7/><V31/><F68/><W6/><G6/><T78/><D29/><U34/><E79/><V59/><F11/><W10/><G42/><T26/><D26/><U5/><E5/><V96/><F85/><W105/><G105/><T100/><D100/><U124/><E93/><V83/><F83/><W1/><G77/><T82/><D15/><U125/><E25/><V94/><F20/><W45/><G27/><T127/><D127/><U23/><E34/><V121/><F121/><W80/><G92/><N who="2" m="35369" /><F31/><W116/><G80/><T84/><REACH who="0" step="1"/><D67/><REACH who="0" ten="265,245,235,245" step="2"/><U90/><E90/><V111/><F111/><W97/><G97/><T50/><D50/><U9/><E23/><V88/><F88/><W33/><G33/><T110/><D110/><U12/><E13/><V30/><F30/><W107/><G135/><T55/><AGARI ba="1,1" hai="44,48,55,57,58,61,62,63,78,81,82,84,87,89" machi="55" ten="30,6000,0" yaku="1,1,0,1,8,1,53,0" doraHai="134" doraHaiUra="18" who="0" fromWho="0" sc="265,73,245,-21,235,-21,245,-21" /><INIT seed="0,2,0,1,4,42" ten="338,224,214,224" oya="0" hai0="126,57,88,21,73,33,25,123,40,55,52,7,118" hai1="106,48,115,45,121,34,113,104,80,74,27,79,0" hai2="133,58,19,132,87,78,76,17,61,95,101,28,60" hai3="67,75,11,130,15,51,100,77,116,135,62,83,13"/><T20/><D118/><U72/><E72/><V29/><F58/><W86/><G116/><T125/><D73/><U131/><E0/><V124/><F87/><W127/><G135/><T59/><D123/><U39/><E39/><V112/><F95/><W43/><G130/><T134/><D7/><U120/><E131/><V66/><F66/><W91/><G127/><N who="0" m="48651" /><D134/><U2/><E2/><V30/><F124/><W105/><G11/><T92/><D33/><U5/><E5/><V1/><F30/><W122/><G122/><T56/><D40/><U90/><E90/><V64/><F1/><W46/><G100/><T38/><D38/><U96/><E121/><V98/><F64/><W85/><G105/><T102/><D102/><U107/><E96/><V108/><F101/><W69/><REACH who="3" step="1"/><G75/><REACH who="3" ten="338,224,214,214" step="2"/><T68/><D68/><U128/><E128/><V111/><REACH who="2" step="1"/><F98/><REACH who="2" ten="338,224,204,214" step="2"/><W81/><AGARI ba="2,2" hai="13,15,43,46,51,62,67,69,77,81,83,85,86,91" machi="81" ten="20,8000,1" yaku="1,1,2,1,0,1,7,1,52,1,53,0" doraHai="42" doraHaiUra="32" who="3" fromWho="3" sc="338,-42,224,-22,204,-22,214,106" /><INIT seed="1,0,0,5,5,83" ten="296,202,182,320" oya="1" hai0="116,77,18,56,86,76,89,68,20,135,78,91,102" hai1="111,124,43,58,4,59,99,30,87,9,67,16,101" hai2="57,133,54,128,118,108,48,60,25,95,72,17,98" hai3="84,114,96,32,19,44,31,70,106,74,66,1,73"/><U39/><E124/><V50/><F108/><W80/><G114/><T113/><D68/><U45/><E111/><V134/><F118/><W81/><G1/><T37/><D37/><U93/><E30/><V28/><F72/><W11/><G44/><T49/><D116/><U75/><E75/><V15/><F128/><W100/><G81/><T27/><D113/><U3/><E67/><V0/><F0/><W65/><G65/><T90/><D102/><U26/><REACH who="1" step="1"/><E87/><REACH who="1" ten="296,192,182,320" step="2"/><V51/><F134/><W53/><G66/><T29/><D135/><U104/><E104/><V10/><F133/><W122/><G74/><T55/><REACH who="0" step="1"/><D29/><REACH who="0" ten="286,192,182,320" step="2"/><U63/><E63/><V5/><F28/><W61/><G61/><T46/><D46/><U110/><E110/><V22/><REACH who="2" step="1"/><F51/><REACH who="2" ten="286,192,172,320" step="2"/><W71/><G31/><T2/><D2/><U33/><E33/><V64/><F64/><W94/><G32/><T52/><D52/><U69/><E69/><V123/><F123/><W21/><G122/><T14/><D14/><U97/><E97/><V109/><F109/><W13/><G53/><T47/><D47/><U107/><E107/><V23/><F23/><AGARI ba="0,3" hai="3,4,9,16,23,26,39,43,45,58,59,93,99,101" machi="23" ten="40,7700,0" yaku="1,1,54,1,53,1" doraHai="83" doraHaiUra="92" who="1" fromWho="2" sc="286,0,192,107,172,-77,320,0" /><INIT seed="1,1,0,1,3,27" ten="286,299,95,320" oya="1" hai0="11,93,72,30,62,63,118,19,123,49,18,83,77" hai1="44,59,1,86,51,34,87,57,105,101,71,130,132" hai2="40,38,2,21,35,28,55,46,121,95,8,41,32" hai3="98,10,100,75,78,92,73,58,16,69,7,124,119"/><U50/><E1/><V81/><F121/><W128/><G69/><T15/><D118/><U113/><E71/><V42/><F21/><W9/><G119/><T134/><D123/><U52/><E113/><V126/><F126/><W135/><G135/><T66/><D134/><U36/><E36/><V97/><F81/><W112/><G128/><T131/><D131/><U85/><E132/><V89/><F55/><W26/><G124/><T33/><D49/><U111/><E130/><V29/><F46/><W108/><G108/><T17/><D93/><U103/><E111/><V82/><F38/><W56/><G78/><T5/><REACH who="0" step="1"/><D66/><REACH who="0" ten="276,299,95,320" step="2"/><U45/><E105/><V125/><F125/><W107/><G107/><T43/><D43/><U117/><E117/><V22/><F82/><W104/><G104/><T99/><D99/><U115/><E115/><V65/><F65/><W61/><G92/><T109/><D109/><U47/><E34/><V96/><F96/><W94/><G94/><T24/><AGARI ba="1,1" hai="5,11,15,17,18,19,24,30,33,62,63,72,77,83" machi="24" ten="30,4000,0" yaku="1,1,0,1,52,1,53,0" doraHai="27" doraHaiUra="102" who="0" fromWho="0" sc="276,53,299,-21,95,-11,320,-11" /><INIT seed="2,0,0,2,3,127" ten="329,278,84,309" oya="2" hai0="36,133,16,60,122,128,111,101,64,110,47,33,108" hai1="2,62,102,99,15,8,91,68,4,29,67,121,80" hai2="107,1,39,96,70,31,5,19,57,103,116,17,123" hai3="83,38,55,21,30,23,53,12,28,95,51,92,75"/><V37/><F123/><W134/><G38/><T25/><D122/><U65/><E121/><V120/><F120/><W112/><G134/><T66/><D133/><U88/><E67/><V24/><F116/><W84/><G75/><T118/><D118/><U40/><E40/><V13/><F70/><W117/><G112/><T114/><D114/><U27/><E2/><V34/><F57/><W20/><G12/><T130/><D101/><U76/><E80/><V89/><F89/><W22/><G55/><T77/><D77/><U106/><REACH who="1" step="1"/><E76/><REACH who="1" ten="329,268,84,309" step="2"/><V42/><F42/><W104/><G117/><T0/><D0/><U72/><E72/><V126/><F126/><W59/><G30/><N who="0" m="19663" /><D66/><U41/><E41/><V10/><REACH who="2" step="1"/><F19/><REACH who="2" ten="329,268,74,309" step="2"/><W69/><G69/><N who="0" m="42119" /><D16/><U74/><E74/><V79/><F79/><W18/><G18/><T49/><D36/><U46/><E46/><V132/><F132/><W54/><G28/><T14/><D47/><U97/><E97/><V98/><F98/><W124/><G124/><T73/><D73/><U135/><E135/><V52/><F52/><W6/><G54/><T61/><D110/><U87/><E87/><V100/><F100/><W109/><G109/><T11/><D111/><U115/><E115/><V129/><F129/><W44/><G44/><T50/><D108/><U93/><E93/><V45/><F45/><W113/><G113/><T56/><D128/><U35/><AGARI ba="0,2" hai="4,8,15,27,29,35,62,65,68,88,91,99,102,106" machi="35" ten="20,16000,3" yaku="1,1,0,1,7,1,25,2,54,1,53,2" doraHai="127" doraHaiUra="86" who="1" fromWho="1" sc="329,-40,268,180,74,-80,309,-40" owari="289,8.9,448,54.8,-6,-50.6,269,-13.1" /></mjloggm>