<mjloggm ver="2.3"><GO type="169" lobby="0"/><UN n0="%E3%83%87%E3%83%A9%E3%82%B3%E3%83%83%E3%82%B3" n1="%2D%E8%B1%8A%E5%8F%A3%E3%82%81%E3%81%90%E3%81%BF%2D" n2="%71%75%65%79%69%6D%65%6E" n3="%E5%A4%A7%E6%A5%A0%E5%85%AC" dan="16,17,16,16" rate="2180.66,2166.12,2114.00,2137.27" sx="M,F,M,M"/><TAIKYOKU oya="0"/><INIT seed="0,0,0,1,0,121" ten="250,250,250,250" oya="0" hai0="66,4,101,80,43,86,116,81,129,78,103,62,0" hai1="120,42,44,61,36,67,115,33,110,92,3,75,60" hai2="21,56,54,124,37,89,28,59,76,5,130,91,40" hai3="70,71,73,32,50,20,111,127,114,108,84,10,100"/><T8/><D116/><U31/><E120/><V113/><F113/><W17/><G73/><T27/><D129/><U23/><E115/><V52/><F76/><W133/><G114/><T112/><D112/><U41/><E3/><V95/><F5/><W104/><G32/><T118/><D118/><U88/><E75/><V77/><F77/><W55/><G127/><T65/><D43/><U125/><E125/><V18/><F28/><W58/><G133/><T2/><D2/><U39/><E33/><V106/><F106/><W12/><G10/><T30/><D81/><U69/><E60/><V74/><F74/><W25/><G25/><T83/><D80/><U49/><E110/><N who="3" m="42026" /><G84/><T94/><D94/><U64/><E64/><V122/><F95/><W48/><G50/><T46/><D46/><U96/><E42/><V35/><F40/><W29/><G29/><T47/><D47/><U57/><E31/><V24/><F35/><W107/><G100/><T7/><D7/><U68/><REACH who="1" step="1"/><E23/><REACH who="1" ten="250,240,250,250" step="2"/><V1/><F21/><W90/><G90/><T16/><D30/><U132/><E132/><V72/><F91/><W109/><G109/><T102/><D62/><U79/><E79/><V14/><F89/><W128/><G128/><T9/><REACH who="0" step="1"/><D27/><REACH who="0" ten="240,240,250,250" step="2"/><U63/><E63/><V51/><F24/><W93/><G93/><T22/><D22/><U15/><E15/><AGARI ba="0,2" hai="0,4,8,9,15,16,65,66,78,83,86,101,102,103" machi="15" ten="40,3900,0" yaku="1,1,54,1,53,0" doraHai="121" doraHaiUra="126" who="0" fromWho="1" sc="240,59,240,-39,250,0,250,0" /><INIT seed="0,1,0,4,1,119" ten="299,201,250,250" oya="0" hai0="96,66,87,75,77,95,2,7,81,50,52,61,84" hai1="16,51,65,45,118,3,63,4,122,98,86,11,18" hai2="123,111,40,88,117,8,58,57,129,99,72,47,32" hai3="82,69,49,25,42,23,108,20,48,132,64,107,105"/><T76/><D2/><U89/><E118/><V43/><F117/><W35/><G35/><T135/><D7/><U41/><E98/><V102/><F32/><W27/><G82/><T46/><D135/><U37/><E37/><V104/><F72/><W73/><G73/><T92/><D77/><U121/><E18/><V97/><F123/><W114/><G42/><T113/><D113/><U1/><E1/><V0/><F111/><W79/><G79/><T15/><D15/><U67/><E16/><V5/><F43/><W60/><G108/><T34/><D34/><U120/><REACH who="1" step="1"/><E63/><REACH who="1" ten="299,191,250,250" step="2"/><V36/><REACH who="2" step="1"/><F129/><REACH who="2" ten="299,191,240,250" step="2"/><W22/><G114/><T91/><REACH who="0" step="1"/><D92/><AGARI ba="1,2" hai="3,4,11,41,45,51,65,67,86,89,92,120,121,122" machi="92" ten="40,8000,1" yaku="1,1,2,1,52,3,53,0" doraHai="119" doraHaiUra="94" who="1" fromWho="0" sc="299,-83,191,103,240,0,250,0" /><AGARI ba="1,0" hai="0,5,8,36,40,47,57,58,88,92,97,99,102,104" machi="92" ten="40,8000,1" yaku="1,1,2,1,54,1,53,2" doraHai="119" doraHaiUra="94" who="2" fromWho="0" sc="216,-80,294,0,240,80,250,0" /><INIT seed="1,0,0,0,2,95" ten="136,294,320,250" oya="1" hai0="74,134,87,90,26,97,20,12,58,22,80,68,33" hai1="75,132,44,130,117,70,102,42,62,23,21,1,17" hai2="69,127,9,15,11,121,50,5,8,96,118,89,31" hai3="124,25,45,13,52,66,29,110,7,40,35,123,65"/><U41/><E117/><V116/><F121/><W60/><G123/><T114/><D68/><U0/><E75/><V46/><F69/><W47/><G110/><T36/><D114/><U85/><E132/><V24/><F127/><W84/><G124/><T64/><D134/><U18/><E130/><V38/><F38/><W100/><G100/><T93/><D36/><U83/><E102/><V126/><F126/><W82/><G47/><T72/><D33/><U79/><E62/><V108/><F108/><W59/><G13/><T88/><D12/><U115/><E70/><V71/><F71/><W49/><REACH who="3" step="1"/><G7/><REACH who="3" ten="136,294,320,240" step="2"/><T120/><D120/><U129/><E115/><V112/><F112/><W91/><AGARI ba="0,1" hai="25,29,35,40,45,49,52,59,60,65,66,82,84,91" machi="91" ten="20,8000,1" yaku="1,1,2,1,0,1,7,1,54,1,53,0" doraHai="95" doraHaiUra="131" who="3" fromWho="3" sc="136,-20,294,-40,320,-20,240,90" /><INIT seed="2,0,0,3,1,9" ten="116,254,300,330" oya="2" hai0="84,91,109,76,80,134,75,114,67,4,135,105,72" hai1="69,133,1,7,42,103,95,5,125,96,45,122,25" hai2="101,108,64,100,102,115,107,88,104,65,13,23,12" hai3="61,52,49,32,58,116,113,11,131,8,30,18,74"/><V22/><F115/><W59/><G116/><T124/><D4/><U118/><E118/><V78/><F78/><W70/><G70/><T46/><D67/><U106/><E69/><V37/><F101/><W132/><G74/><N who="0" m="43031" /><D46/><U85/><E125/><V93/><F93/><W87/><G113/><T39/><D39/><U44/><E133/><N who="0" m="50697" /><D114/><U98/><E85/><V38/><F108/><W55/><G131/><T97/><D109/><U36/><E122/><V2/><REACH who="2" step="1"/><F2/><REACH who="2" ten="116,254,290,330" step="2"/><W17/><G132/><T89/><D124/><U129/><E95/><V24/><F24/><W82/><G32/><T79/><D79/><U10/><E103/><V66/><F66/><W51/><G30/><T16/><D105/><U119/><E106/><V68/><F68/><W121/><G121/><T86/><D97/><U20/><E98/><V73/><F73/><N who="0" m="28234" /><D16/><N who="3" m="6249" /><G61/><T50/><D50/><U120/><E1/><V111/><F111/><W28/><G28/><T71/><D71/><U41/><E96/><V81/><F81/><W54/><G54/><T130/><D130/><U57/><E129/><V62/><F62/><W90/><AGARI ba="0,1" hai="8,11,49,51,52,55,58,59,82,87,90" m="6249" machi="90" ten="30,4000,0" yaku="8,1,54,2" doraHai="9" who="3" fromWho="3" sc="116,-10,254,-10,290,-20,330,50" /><INIT seed="3,0,0,2,2,61" ten="106,244,270,380" oya="3" hai0="112,49,131,75,96,23,37,88,125,73,72,51,93" hai1="68,84,7,1,60,82,132,38,122,78,77,59,128" hai2="80,39,83,85,58,91,106,26,129,76,111,22,13" hai3="79,14,118,115,56,119,86,81,8,127,124,62,21"/><W19/><G115/><T41/><D125/><N who="3" m="48201" /><G8/><T6/><D131/><U12/><E122/><V103/><F129/><W134/><G134/><T123/><D123/><U35/><E35/><V11/><F111/><W50/><G50/><T46/><D112/><U43/><E1/><V71/><F71/><W54/><AGARI ba="0,0" hai="14,19,21,54,56,62,79,81,86,118,119" m="48201" machi="54" ten="30,1500,0" yaku="18,1" doraHai="61" who="3" fromWho="3" sc="106,-5,244,-5,270,-5,380,15" /><INIT seed="3,1,0,2,1,14" ten="101,239,265,395" oya="3" hai0="20,103,26,25,93,126,15,111,6,133,129,66,123" hai1="124,105,47,92,48,122,74,34,19,63,10,76,67" hai2="83,113,55,120,16,57,40,104,118,52,107,86,51" hai3="5,72,73,79,115,9,62,100,97,71,96,114,94"/><W39/><G39/><T69/><D123/><U130/><E105/><V128/><F118/><W38/><G38/><T116/><D116/><U109/><E122/><V27/><F120/><W119/><G119/><T13/><D111/><U44/><E34/><V53/><F113/><W70/><G97/><T134/><D66/><U58/><E109/><V23/><F128/><W12/><G79/><T4/><D69/><U78/><E130/><V82/><F82/><W77/><G77/><T59/><D59/><U8/><E124/><V106/><REACH who="2" step="1"/><F40/><REACH who="2" ten="101,239,255,395" step="2"/><W108/><G108/><T65/><D129/><U22/><E74/><V37/><F37/><W101/><G73/><T28/><D126/><U91/><E76/><AGARI ba="1,1" hai="16,23,27,51,52,53,55,57,76,83,86,104,106,107" machi="76" ten="40,8000,1" yaku="1,1,52,1,54,2,53,0" doraHai="14" doraHaiUra="121" who="2" fromWho="1" sc="101,0,239,-83,255,93,395,0" /><INIT seed="4,0,0,4,3,83" ten="101,156,348,395" oya="0" hai0="135,53,131,46,133,66,125,1,40,57,109,3,77" hai1="99,81,32,69,36,35,104,95,74,75,42,85,7" hai2="93,10,33,102,47,56,88,39,29,123,13,121,110" hai3="30,44,19,79,18,84,4,65,20,31,15,106,117"/><T101/><D101/><U127/><E69/><V0/><F110/><W114/><G106/><T63/><D77/><U115/><E7/><V48/><F102/><W103/><G103/><T9/><D9/><U80/><E104/><V72/><F72/><W54/><G117/><T76/><D76/><U8/><E8/><V90/><F0/><W105/><G105/><T82/><D82/><U112/><E127/><V59/><F90/><W11/><G114/><N who="1" m="43562" /><E42/><V38/><F33/><N who="1" m="12873" /><E36/><V23/><F39/><W132/><G65/><T107/><D107/><U5/><E5/><V71/><F38/><W14/><G132/><N who="0" m="50763" /><D125/><U55/><E55/><V58/><F71/><W16/><G4/><T86/><D109/><U94/><E81/><V62/><F123/><W120/><G120/><T128/><D53/><U118/><E118/><V108/><F108/><W100/><G79/><T26/><D26/><U113/><E113/><V2/><F121/><W25/><G54/><T78/><D40/><U37/><E37/><V12/><F2/><N who="0" m="522" /><D46/><U27/><E27/><N who="2" m="16639" /><F62/><W67/><G44/><T116/><D116/><U51/><E51/><V124/><F124/><W60/><G25/><T43/><D43/><U134/><E134/><V119/><F10/><W21/><G11/><T41/><D41/><U50/><E50/><V87/><F119/><W73/><G60/><T24/><D24/><U49/><E49/><V68/><F68/><W111/><G111/><T70/><D70/><U52/><E52/><AGARI ba="0,0" hai="12,13,47,48,52,56,58,59,87,88,93" m="16639" machi="52" ten="30,7700,0" yaku="8,1,52,1,54,2" doraHai="83" who="2" fromWho="1" sc="101,0,156,-77,348,77,395,0" /><INIT seed="5,0,0,0,0,113" ten="101,79,425,395" oya="1" hai0="44,92,125,50,69,65,77,133,1,80,21,98,121" hai1="110,35,27,34,32,106,49,38,64,75,96,89,93" hai2="42,122,114,124,37,130,14,43,107,6,13,102,54" hai3="82,66,81,123,97,87,3,10,29,119,116,25,2"/><U16/><E38/><V90/><F122/><W94/><G123/><T20/><D121/><U134/><E75/><V108/><F108/><W60/><G3/><T91/><D1/><U74/><E74/><V52/><F114/><W12/><G2/><T31/><D133/><U76/><E76/><V55/><F107/><W101/><G12/><T22/><D125/><U56/><E134/><V17/><F130/><W99/><G99/><T120/><D120/><U79/><E79/><V46/><F102/><W111/><G10/><T19/><D69/><U48/><E106/><V0/><F0/><W36/><G36/><T86/><D65/><U128/><E128/><V71/><F71/><W9/><G9/><T7/><D7/><U112/><E112/><V83/><F124/><W61/><G111/><T135/><D135/><U129/><E129/><V73/><F73/><W78/><G82/><T45/><D31/><U28/><E110/><V53/><F6/><W47/><G47/><N who="0" m="17995" /><D50/><U117/><E117/><N who="3" m="45130" /><G66/><T8/><D8/><U33/><E64/><V115/><F115/><W30/><G30/><T41/><D41/><N who="2" m="15370" /><F37/><W100/><G101/><T5/><D5/><U131/><E131/><V18/><F14/><AGARI ba="0,0" hai="14,19,20,21,22,77,80,86,91,92,98" m="17995" machi="14" ten="30,1000,0" yaku="8,1" doraHai="113" who="0" fromWho="2" sc="101,10,79,0,425,-10,395,0" /><INIT seed="6,0,0,1,1,80" ten="111,79,415,395" oya="2" hai0="52,60,11,83,79,101,32,65,25,20,40,114,3" hai1="75,58,107,49,95,128,115,94,56,42,54,50,76" hai2="51,10,63,12,102,37,135,108,70,105,134,5,96" hai3="8,120,73,62,112,90,72,53,61,110,23,99,116"/><V28/><F37/><W9/><G110/><T38/><D32/><U133/><E107/><V122/><F122/><W17/><G116/><T31/><D101/><U117/><E117/><V33/><F51/><W98/><G120/><T89/><D114/><U132/><E115/><V119/><F119/><W13/><G112/><T131/><D131/><U129/><E76/><V121/><F121/><W64/><G73/><T59/><D89/><U123/><E75/><V30/><F108/><W78/><G78/><T46/><D3/><U86/><E123/><V106/><F106/><W124/><G72/><T44/><D11/><U84/><REACH who="1" step="1"/><E54/><REACH who="1" ten="111,69,415,395" step="2"/><V24/><F105/><W14/><G53/><T48/><D79/><U127/><E127/><V26/><F135/><W109/><G124/><T81/><AGARI ba="0,1" hai="20,25,31,38,40,44,46,48,52,59,60,65,81,83" machi="81" ten="30,2000,0" yaku="0,1,54,1" doraHai="80" who="0" fromWho="0" sc="111,30,69,-5,415,-10,395,-5" /><INIT seed="7,0,0,2,1,133" ten="141,64,405,390" oya="3" hai0="116,26,106,127,129,44,87,18,98,6,39,121,75" hai1="35,69,86,43,126,82,79,123,56,11,90,111,49" hai2="61,81,28,84,5,36,67,60,83,32,131,88,113" hai3="24,0,71,65,124,48,99,47,72,95,70,120,76"/><W1/><G120/><T8/><D75/><U3/><E111/><V34/><F36/><W93/><G124/><T38/><D127/><U63/><E123/><V57/><F113/><W64/><G72/><T80/><D121/><U16/><E35/><V130/><F5/><W77/><G24/><T29/><D18/><U41/><E126/><V108/><F108/><W59/><G59/><T19/><D19/><U53/><E3/><V119/><F119/><W91/><G91/><T103/><D129/><N who="2" m="49162" /><F28/><W54/><G54/><T115/><D44/><U89/><E69/><N who="2" m="42223" /><F83/><W78/><G78/><T125/><D116/><U10/><E10/><V105/><F105/><W37/><G37/><T52/><D52/><AGARI ba="0,0" hai="32,34,52,57,60,81,84,88" m="42223,49162" machi="52" ten="30,3900,0" yaku="19,1,54,2" doraHai="133" who="2" fromWho="0" sc="141,-39,64,0,405,39,390,0" owari="102,-29.8,64,-43.6,444,54.4,390,19.0" /></mjloggm>