<mjloggm ver="2.3"><GO type="169" lobby="0"/><UN n0="%E9%87%A3%E3%82%8A%E6%97%A5%E5%92%8C" n1="%E3%81%A1%E3%82%83%E3%82%93%E3%81%AE%E3%81%B6" n2="%68%69%73%61%74%6F%E6%A3%92" n3="%6D%6F%75%77" dan="17,17,16,16" rate="2173.03,2139.91,2144.66,2126.75" sx="M,M,M,M"/><TAIKYOKU oya="0"/><INIT seed="0,0,0,2,2,44" ten="250,250,250,250" oya="0" hai0="114,31,21,33,129,12,49,93,18,60,110,68,70" hai1="61,125,34,76,102,56,52,3,17,75,1,46,13" hai2="10,40,53,132,82,23,43,90,89,58,100,36,32" hai3="25,107,9,130,51,118,4,117,81,0,123,98,39"/><T19/><D114/><U112/><E34/><V86/><F32/><W8/><G39/><T69/><D129/><U105/><E112/><V79/><F100/><W7/><G130/><T22/><D110/><U84/><E75/><V128/><F132/><W80/><G123/><T103/><D33/><U11/><E125/><V92/><F36/><W64/><G25/><T27/><D31/><U95/><E46/><V119/><F89/><W29/><G29/><T37/><D37/><U41/><E41/><V50/><F119/><W85/><G64/><T14/><D27/><U78/><E105/><V77/><F77/><W87/><G98/><T72/><D72/><U67/><E3/><V71/><F71/><W83/><G83/><T62/><REACH who="0" step="1"/><D49/><REACH who="0" ten="240,250,250,250" step="2"/><U104/><E1/><V57/><F128/><W91/><G51/><T38/><D38/><U113/><E113/><V63/><F40/><W96/><G118/><T109/><D109/><U126/><E126/><V133/><F43/><W121/><G117/><T42/><D42/><U35/><E35/><V2/><F133/><W115/><G115/><T30/><D30/><U122/><E13/><V59/><F63/><W94/><G121/><T108/><D108/><U124/><E61/><V74/><F50/><W134/><G134/><T73/><D73/><U6/><E122/><V131/><F131/><W97/><G0/><T47/><D47/><U45/><E45/><V16/><F53/><W135/><G135/><T26/><D26/><U106/><E52/><V88/><F2/><W127/><G127/><T101/><D101/><U54/><E102/><RYUUKYOKU ba="0,1" sc="240,30,250,-10,250,-10,250,-10" hai0="12,14,18,19,21,22,60,62,68,69,70,93,103" /><INIT seed="0,1,1,1,5,108" ten="270,240,240,240" oya="0" hai0="26,128,103,37,11,134,14,58,47,43,100,20,51" hai1="3,52,110,120,76,21,22,104,97,56,112,135,127" hai2="91,98,36,80,27,77,53,105,102,74,107,96,24" hai3="30,92,15,99,41,61,1,29,46,116,121,78,70"/><T88/><D134/><U95/><E120/><V83/><F36/><W115/><G1/><T19/><D128/><U75/><E3/><V5/><F5/><W94/><G116/><T16/><D37/><U8/><E110/><V113/><F53/><W117/><G117/><T35/><D35/><U64/><E104/><V13/><F13/><W67/><G121/><T63/><REACH who="0" step="1"/><D88/><REACH who="0" ten="260,240,240,240" step="2"/><U17/><E135/><V12/><F91/><W45/><G78/><T109/><D109/><U18/><E76/><V49/><F77/><W55/><G99/><T44/><D44/><U28/><E97/><V33/><F33/><W68/><G46/><T59/><D59/><U60/><E56/><V111/><F111/><W106/><G45/><T79/><D79/><U131/><E131/><V132/><F132/><W2/><G70/><T23/><D23/><U42/><E22/><V71/><F71/><W6/><G68/><T38/><D38/><U48/><E21/><V133/><F133/><W129/><G129/><T85/><D85/><U4/><E75/><V73/><F74/><W122/><G122/><T40/><D40/><U7/><E42/><V25/><F73/><W50/><G41/><T34/><D34/><U123/><E123/><V54/><F96/><W101/><G101/><T90/><D90/><U82/><E82/><V81/><F98/><W62/><G94/><T32/><D32/><U124/><E95/><V66/><F102/><W130/><G92/><T126/><D126/><U86/><E124/><V87/><F83/><W69/><G130/><T31/><D31/><U119/><E28/><RYUUKYOKU ba="1,2" sc="260,30,240,-10,240,-10,240,-10" hai0="11,14,16,19,20,26,43,47,51,58,63,100,103" /><INIT seed="0,2,2,4,1,112" ten="290,230,230,230" oya="0" hai0="81,19,121,12,65,32,98,42,52,95,10,36,132" hai1="17,50,21,109,76,72,18,15,80,38,25,62,30" hai2="86,53,43,27,46,94,20,45,110,26,118,128,124" hai3="120,70,117,77,0,47,75,99,59,63,127,24,54"/><T5/><D121/><U93/><E38/><V16/><F110/><W49/><G0/><T7/><D32/><U48/><E109/><V40/><F128/><W23/><G127/><T34/><D34/><U55/><E93/><V87/><F53/><W111/><G111/><T73/><D132/><U91/><E91/><V92/><F20/><W67/><G75/><T1/><D65/><U69/><E18/><V100/><F16/><W131/><G131/><T60/><D42/><U37/><E37/><V14/><F14/><W107/><G77/><T66/><D36/><U51/><E62/><V105/><F105/><W106/><G120/><T11/><D19/><U126/><E69/><V116/><F100/><W3/><G3/><T108/><D108/><U4/><E4/><V122/><REACH who="2" step="1"/><F122/><REACH who="2" ten="290,230,220,230" step="2"/><W90/><G107/><T134/><D52/><U82/><E126/><AGARI ba="2,3" hai="26,27,40,43,45,46,86,87,92,94,116,118,124,126" machi="126" ten="25,12000,2" yaku="1,1,2,1,22,2,52,2,53,0" doraHai="112" doraHaiUra="58" who="2" fromWho="1" sc="290,0,230,-126,220,156,230,0" /><INIT seed="1,0,0,1,3,36" ten="290,104,376,230" oya="1" hai0="80,3,10,126,50,71,67,134,98,15,52,78,66" hai1="96,1,62,106,43,113,100,4,123,55,97,87,69" hai2="56,16,89,104,112,49,41,31,101,40,77,20,116" hai3="108,12,84,7,33,68,82,21,75,110,92,23,24"/><U18/><E123/><V59/><F31/><N who="3" m="19687" /><G68/><T72/><D3/><U65/><E113/><V64/><F77/><W70/><G70/><T76/><D134/><U111/><E111/><N who="3" m="42538" /><G92/><T22/><D126/><U133/><E133/><V119/><F101/><W107/><G107/><T28/><D76/><U11/><E97/><V131/><F104/><W58/><G75/><T86/><D72/><U115/><E115/><V39/><F39/><W46/><G58/><T81/><D81/><U91/><E55/><V5/><F131/><W79/><G46/><T25/><D71/><U114/><E114/><V9/><F89/><W53/><G53/><T90/><D78/><U93/><REACH who="1" step="1"/><E18/><REACH who="1" ten="290,94,376,230" step="2"/><V35/><F112/><W122/><G122/><T129/><D98/><U47/><E47/><V0/><F116/><W57/><G84/><T60/><D129/><U27/><E27/><V109/><F119/><W73/><G73/><T6/><D60/><U19/><E19/><V13/><F109/><W29/><G29/><T51/><D52/><U32/><E32/><V54/><F35/><W95/><G23/><T117/><D117/><U128/><E128/><V48/><F54/><W103/><G21/><T125/><D125/><U105/><E105/><V45/><F64/><AGARI ba="0,1" hai="6,10,15,22,25,28,50,51,64,66,67,80,86,90" machi="64" ten="40,1300,0" yaku="8,1" doraHai="36" who="0" fromWho="2" sc="290,23,94,0,376,-13,230,0" /><INIT seed="2,0,0,4,2,95" ten="313,94,363,230" oya="2" hai0="55,19,101,91,67,100,9,133,83,70,5,23,121" hai1="92,1,97,63,26,71,50,39,61,99,40,128,104" hai2="29,131,31,27,106,44,84,25,66,135,41,49,36" hai3="114,89,14,79,58,119,6,107,108,105,59,74,12"/><V3/><F3/><W51/><G119/><T48/><D121/><U130/><E1/><V77/><F106/><W37/><G37/><T96/><D133/><U42/><E39/><V120/><F131/><N who="1" m="50217" /><E104/><V80/><F36/><W73/><G51/><T33/><D33/><U103/><E71/><V111/><F135/><W24/><G24/><T117/><D117/><U87/><E87/><V68/><F120/><W122/><G89/><T0/><D67/><U69/><E69/><V17/><F111/><W75/><G79/><T127/><D70/><U10/><E10/><V126/><F126/><W123/><G75/><T86/><D127/><U52/><E26/><V125/><F125/><W54/><G54/><T32/><D32/><U134/><E134/><V35/><F66/><W11/><G11/><T38/><D38/><U132/><E132/><V82/><F68/><W112/><REACH who="3" step="1"/><G6/><REACH who="3" ten="313,94,363,220" step="2"/><T85/><D5/><U64/><E64/><V113/><F25/><W45/><G45/><T72/><D9/><U4/><E4/><V110/><F110/><AGARI ba="0,1" hai="12,14,58,59,73,74,105,107,108,110,112,114,122,123" machi="110" ten="25,3200,0" yaku="1,1,22,2,53,0" doraHai="95" doraHaiUra="43" who="3" fromWho="2" sc="313,0,94,0,363,-32,220,42" /><INIT seed="3,0,0,1,4,18" ten="313,94,331,262" oya="3" hai0="11,109,53,39,51,92,10,20,50,61,70,123,25" hai1="116,31,14,100,107,47,48,15,40,74,7,113,91" hai2="108,69,85,99,67,134,45,36,68,130,104,101,118" hai3="115,23,1,0,111,52,133,5,16,77,98,59,131"/><W41/><G115/><T8/><D123/><U78/><E113/><V63/><F85/><W95/><G133/><T58/><D39/><U127/><E127/><V4/><F108/><W119/><G119/><T84/><D109/><U60/><E116/><V29/><F118/><W110/><G131/><T26/><D70/><U128/><E128/><V82/><F82/><W13/><G41/><T21/><D92/><U9/><E91/><V76/><F76/><W112/><G112/><T93/><D93/><U66/><E31/><V72/><F69/><W3/><G5/><T96/><D84/><U132/><E132/><V65/><F65/><W125/><G125/><T71/><D96/><U54/><E78/><V103/><F103/><W87/><G87/><T90/><D90/><U62/><E74/><V17/><F17/><W56/><G56/><T24/><D71/><U75/><E75/><V30/><F4/><W6/><G6/><T120/><D120/><U38/><E100/><V49/><F72/><W42/><G42/><T33/><D33/><U126/><E126/><V114/><F114/><W19/><G19/><T57/><D50/><U86/><E86/><V73/><F73/><W55/><G55/><AGARI ba="0,0" hai="8,10,11,20,21,24,25,26,51,53,55,57,58,61" machi="55" ten="40,5200,0" yaku="8,1,52,2" doraHai="18" who="0" fromWho="3" sc="313,52,94,0,331,0,262,-52" /><INIT seed="4,0,0,5,2,13" ten="365,94,331,210" oya="0" hai0="67,90,126,60,62,41,9,52,86,5,87,133,74" hai1="134,76,109,122,58,132,11,64,3,23,106,46,48" hai2="50,31,82,32,69,12,63,1,27,88,118,18,107" hai3="100,39,94,53,51,77,75,47,0,81,26,93,125"/><T71/><D74/><U19/><E106/><V6/><F107/><W45/><G125/><T99/><D126/><U10/><E109/><V68/><F63/><W73/><G73/><T34/><D34/><U135/><E122/><V14/><F14/><W37/><G0/><T89/><D133/><U25/><E3/><V35/><F35/><W72/><G72/><T65/><D41/><U131/><E131/><V70/><F50/><W17/><G100/><T4/><D99/><U38/><E76/><V66/><F66/><W7/><G7/><T16/><D52/><N who="1" m="32007" /><E64/><V24/><F24/><W104/><G104/><T80/><D9/><N who="1" m="3083" /><E46/><V43/><F1/><W54/><G54/><T128/><D128/><U95/><E95/><V114/><F6/><W112/><G47/><T130/><D130/><U44/><E44/><V105/><F105/><W116/><G116/><T55/><D55/><U84/><E84/><V85/><F43/><W30/><G93/><T20/><D67/><U120/><E120/><V91/><F118/><W79/><G94/><T21/><D65/><U124/><E124/><V119/><F119/><W98/><G79/><T123/><D123/><U78/><E78/><V103/><F103/><W56/><G45/><T40/><D40/><U28/><E38/><V33/><F33/><N who="3" m="20695" /><G39/><T127/><D127/><U92/><E92/><V115/><REACH who="2" step="1"/><F91/><REACH who="2" ten="365,94,321,210" step="2"/><W57/><G51/><T96/><D90/><U61/><E61/><V36/><F36/><W113/><G37/><T83/><D89/><U101/><E101/><V22/><AGARI ba="0,1" hai="12,18,22,27,31,32,68,69,70,82,85,88,114,115" machi="22" ten="40,8000,1" yaku="1,1,0,1,52,1,54,1,53,0" doraHai="13" doraHaiUra="42" who="2" fromWho="2" sc="365,-40,94,-20,321,90,210,-20" /><INIT seed="5,0,0,4,3,22" ten="325,74,411,190" oya="1" hai0="127,115,124,61,116,132,74,96,10,50,109,48,52" hai1="94,112,80,42,28,60,121,31,71,117,40,79,54" hai2="120,62,119,86,30,125,49,104,101,106,47,25,35" hai3="29,85,18,33,118,90,26,51,122,34,126,103,108"/><U53/><E117/><V3/><F3/><W58/><G108/><T93/><D109/><U95/><E121/><V1/><F1/><W110/><G110/><T102/><D116/><U17/><E71/><V88/><F125/><N who="0" m="48202" /><D74/><U98/><E112/><V129/><F129/><W83/><G122/><T76/><D76/><U37/><E17/><V87/><F87/><W63/><G126/><T131/><D131/><U9/><E9/><V99/><F62/><W2/><G2/><T46/><D115/><U97/><E80/><V113/><F113/><W27/><G103/><T84/><D132/><U134/><E60/><V78/><F78/><W91/><G51/><N who="0" m="28791" /><D84/><U69/><E79/><V23/><F119/><W105/><G105/><T70/><D10/><U38/><REACH who="1" step="1"/><E69/><REACH who="1" ten="325,64,411,190" step="2"/><V82/><F120/><W45/><G18/><T6/><D6/><U133/><AGARI ba="0,1" hai="28,31,37,38,40,42,53,54,94,95,97,98,133,134" machi="133" ten="25,12000,1" yaku="1,1,2,1,0,1,22,2,53,0" doraHai="22" doraHaiUra="59" who="1" fromWho="1" sc="325,-40,64,130,411,-40,190,-40" /><INIT seed="5,1,0,2,4,72" ten="285,194,371,150" oya="1" hai0="129,39,18,105,82,95,117,134,15,3,7,37,26" hai1="2,33,57,71,64,92,107,100,103,104,118,24,79" hai2="41,53,25,126,48,1,128,80,101,9,61,75,109" hai3="14,55,97,6,91,49,108,52,38,78,29,110,73"/><U85/><E118/><V17/><F109/><W130/><G38/><T70/><D105/><U76/><E2/><V135/><F135/><W51/><G130/><T46/><D70/><U45/><E57/><V20/><F101/><W111/><G29/><T32/><D117/><U113/><E45/><V59/><F41/><W23/><G97/><T12/><D12/><U98/><E113/><V132/><F126/><W133/><G133/><T83/><D134/><U65/><E24/><V35/><F35/><W124/><G124/><T67/><D67/><U50/><E50/><V42/><F42/><W115/><G115/><T19/><D19/><U96/><E33/><V131/><F48/><W28/><G91/><T16/><D18/><U27/><E27/><V58/><F58/><W122/><G122/><T116/><D116/><U86/><REACH who="1" step="1"/><E92/><REACH who="1" ten="285,184,371,150" step="2"/><V66/><F132/><W44/><G28/><T87/><D46/><U47/><E47/><V125/><F125/><W68/><G68/><AGARI ba="1,1" hai="64,65,68,71,76,79,85,86,96,98,100,103,104,107" machi="68" ten="25,18000,2" yaku="1,1,22,2,52,2,53,2" doraHai="72" doraHaiUra="74" who="1" fromWho="3" sc="285,0,184,193,371,0,150,-183" owari="285,-11.5,377,47.7,371,17.1,-33,-53.3" /></mjloggm>