<mjloggm ver="2.3"><GO type="225" lobby="0"/><UN n0="%E3%81%82%E3%81%84%E3%81%82%E3%81%8A%E3%81%84" n1="%E6%A1%9C%E8%8A%B1%E9%96%83%E3%80%85" n2="%E5%BA%84%E5%8F%B8%E5%81%A5%E5%A4%AA%E6%9C%97" n3="%E3%81%A4%E3%81%A3%E3%81%B1%E3%82%8A%E3%83%9D%E3%83%BC%E3%83%AB" dan="18,16,16,17" rate="2256.83,2227.89,2049.77,2160.38" sx="M,M,M,M"/><TAIKYOKU oya="0"/><INIT seed="0,0,0,0,1,50" ten="250,250,250,250" oya="0" hai0="74,92,58,124,43,100,70,57,94,116,75,51,111" hai1="129,134,36,61,81,6,48,13,64,62,131,97,60" hai2="35,126,98,125,17,29,39,23,45,83,49,32,34" hai3="46,121,16,72,96,112,89,76,5,106,31,52,118"/><T93/><D116/><U86/><E36/><V128/><F39/><W18/><G118/><T1/><D70/><U68/><E134/><V108/><F108/><W20/><G112/><T19/><D1/><U87/><E97/><V117/><F128/><N who="1" m="49225" /><E48/><V47/><F117/><W110/><G110/><T107/><D111/><U30/><E30/><V105/><F83/><W132/><G132/><T91/><D91/><N who="1" m="51663" /><E87/><V4/><F4/><W80/><G5/><T27/><D75/><U120/><E120/><V90/><F47/><W7/><G7/><T8/><D74/><U24/><E24/><V38/><F38/><W122/><G106/><T54/><D27/><U59/><E68/><V41/><F29/><W69/><G69/><T53/><D43/><U33/><E33/><V22/><F17/><W133/><G133/><T12/><D107/><U65/><E65/><V25/><F25/><N who="3" m="16807" /><G96/><N who="0" m="59399" /><D124/><N who="2" m="47722" /><F90/><W130/><G89/><T104/><D104/><U44/><E44/><V82/><F82/><W10/><G130/><T11/><D11/><AGARI ba="0,0" hai="6,11,13,59,60,61,62,64" m="51663,49225" machi="11" ten="30,1000,0" yaku="19,1" doraHai="50" who="1" fromWho="0" sc="250,-10,250,10,250,0,250,0" /><INIT seed="1,0,0,2,5,76" ten="240,260,250,250" oya="1" hai0="24,17,10,84,113,65,75,62,103,122,15,38,35" hai1="29,54,68,111,9,117,21,127,106,59,56,121,69" hai2="134,61,128,78,58,66,1,125,4,26,55,48,70" hai3="130,50,95,132,124,22,13,120,86,18,104,8,43"/><U64/><E106/><V77/><F1/><W85/><G104/><T123/><D75/><U110/><E117/><V16/><F4/><W45/><G120/><N who="0" m="46123" /><D38/><U36/><E121/><V30/><F128/><W7/><G130/><T60/><D113/><U52/><E9/><V37/><F37/><W131/><G131/><T100/><D84/><U97/><E97/><V14/><F134/><W42/><G132/><T93/><D93/><U39/><E127/><V101/><F101/><N who="0" m="38986" /><D65/><U109/><E64/><V107/><F107/><W92/><G124/><T88/><D88/><U71/><E29/><AGARI ba="0,0" hai="10,15,17,24,29,35,60,62" m="38986,46123" machi="29" ten="30,1000,0" yaku="13,1" doraHai="76" who="0" fromWho="1" sc="240,10,260,-10,250,0,250,0" /><INIT seed="2,0,0,1,5,135" ten="250,250,250,250" oya="2" hai0="112,33,90,67,32,41,134,104,107,1,54,76,31" hai1="73,83,132,42,120,106,24,103,118,44,55,74,2" hai2="56,70,50,123,40,46,30,20,26,91,5,121,114" hai3="39,37,117,78,35,127,9,79,96,84,48,61,131"/><V77/><F70/><W38/><G117/><T82/><D112/><U95/><E118/><V124/><F114/><W52/><G35/><T129/><D1/><U6/><E95/><V11/><F124/><W113/><G113/><T93/><D67/><U21/><E55/><V89/><F77/><W12/><G131/><T19/><D41/><U18/><E132/><V126/><F126/><W63/><G127/><T15/><D134/><U34/><E34/><V119/><F119/><W101/><G84/><T87/><D129/><U105/><E120/><V128/><F128/><W51/><G51/><T22/><D33/><U108/><E108/><V65/><F123/><W75/><G75/><T14/><D14/><U60/><E60/><N who="2" m="38023" /><F121/><W94/><G63/><T66/><D66/><U25/><E25/><V69/><F69/><W0/><G61/><T92/><D92/><U59/><E59/><V98/><F98/><W36/><N who="3" m="9216" /><DORA hai="115" /><W23/><G23/><T58/><D31/><U68/><E68/><V88/><F11/><W49/><G49/><N who="0" m="31055" /><D32/><U72/><E83/><V45/><F46/><W53/><G0/><T8/><D8/><N who="1" m="2135" /><E103/><V16/><F5/><W97/><G53/><T85/><AGARI ba="0,0" hai="15,19,22,76,82,85,87,90,93,104,107" m="31055" machi="85" ten="30,1100,0" yaku="25,1" doraHai="135,115" who="0" fromWho="0" sc="250,11,250,-3,250,-5,250,-3" /><INIT seed="3,0,0,3,0,21" ten="261,247,245,247" oya="3" hai0="60,94,130,119,99,27,103,48,28,128,100,116,111" hai1="54,52,71,20,46,29,32,87,108,82,34,3,35" hai2="90,31,17,125,112,88,5,42,61,6,57,65,59" hai3="74,107,11,8,134,43,13,67,45,37,117,24,131"/><W69/><G117/><T124/><D111/><U51/><E108/><V55/><F112/><W132/><G131/><N who="0" m="50219" /><D103/><U109/><E109/><V83/><F125/><W19/><G107/><T44/><D60/><U84/><E3/><V114/><F114/><W133/><G74/><T47/><D124/><U121/><E121/><V127/><F31/><W80/><G80/><T38/><D38/><U12/><E71/><V66/><F42/><W1/><G67/><N who="2" m="25609" /><F127/><W120/><G69/><T10/><D10/><U79/><E54/><N who="2" m="33975" /><F17/><W26/><G120/><T105/><D105/><U7/><E7/><AGARI ba="0,0" hai="1,7,8,11,13,19,24,26,37,43,45,132,133,134" machi="7" ten="40,7700,0" yaku="20,1,52,2" doraHai="21" who="3" fromWho="1" sc="261,0,247,-77,245,0,247,77" owari="261,6.1,170,-33.0,245,-15.5,324,42.4" /></mjloggm>