<mjloggm ver="2.3"><GO type="169" lobby="0"/><UN n0="%6F%6B%61%62%65%73%68%69" n1="%E3%81%B8%E3%81%9D%E3%81%AA%E3%82%81%E3%81%9F%E3%81%84" n2="%E8%B5%A4%E6%9C%A8%E3%81%97%E3%81%92%E3%82%8B" n3="%73%79%75%70%6F%6E" dan="17,16,16,17" rate="2194.93,2144.14,2079.48,2210.77" sx="M,M,M,M"/><TAIKYOKU oya="0"/><INIT seed="0,0,0,3,3,81" ten="250,250,250,250" oya="0" hai0="23,127,43,72,125,31,67,130,63,48,38,1,4" hai1="64,55,42,94,88,52,30,128,8,11,21,106,45" hai2="28,90,91,53,22,34,112,84,66,121,35,10,17" hai3="107,110,16,18,96,5,116,27,82,62,6,33,59"/><T103/><D72/><U41/><E106/><V15/><F112/><W93/><G116/><T80/><D38/><U122/><E64/><V57/><F66/><W73/><G107/><T99/><D130/><U36/><E122/><V71/><F71/><W20/><G110/><T39/><D39/><U24/><E128/><V68/><F68/><W70/><G70/><T108/><D108/><U120/><E120/><V56/><F121/><W13/><G73/><T69/><D4/><U97/><REACH who="1" step="1"/><E41/><REACH who="1" ten="250,240,250,250" step="2"/><V47/><F34/><W79/><G33/><T54/><D43/><U29/><E29/><V135/><F35/><W32/><G32/><T37/><D31/><U87/><E87/><V85/><F135/><W76/><G5/><T78/><D67/><U83/><E83/><N who="2" m="49439" /><F28/><W119/><G82/><T100/><D80/><U115/><E115/><V131/><F131/><W61/><G6/><T98/><D69/><U77/><E77/><V109/><F109/><W123/><G123/><T102/><D78/><U7/><E7/><V26/><F85/><W58/><G76/><T19/><D98/><U25/><E25/><V12/><F26/><W44/><G79/><T0/><D99/><U95/><E95/><V14/><F91/><W86/><G86/><T75/><D75/><U89/><E89/><V134/><F134/><W117/><G93/><T2/><D103/><U49/><E49/><N who="2" m="28863" /><F10/><AGARI ba="0,1" hai="8,10,11,21,24,30,36,42,45,52,55,88,94,97" machi="10" ten="40,5200,0" yaku="1,1,54,2,53,0" doraHai="81" doraHaiUra="132" who="1" fromWho="2" sc="250,0,240,62,250,-52,250,0" /><INIT seed="1,0,0,4,0,48" ten="250,302,198,250" oya="1" hai0="49,18,103,89,9,61,13,129,70,17,15,96,106" hai1="134,19,43,115,95,7,5,98,32,21,63,94,126" hai2="102,120,125,91,51,74,52,131,67,107,110,69,99" hai3="114,113,112,56,87,42,78,86,22,90,64,68,16"/><U130/><E115/><V46/><F74/><W127/><G127/><T44/><D129/><U37/><E126/><V109/><F120/><W30/><G68/><T85/><D70/><U33/><E130/><V58/><F69/><W27/><G42/><T104/><D61/><U10/><E95/><V36/><F131/><W45/><G45/><T60/><D60/><U25/><E5/><V93/><F125/><W55/><G64/><T71/><D71/><U117/><E134/><V54/><F67/><W124/><G124/><T133/><D133/><U3/><E117/><V108/><F36/><W65/><G65/><T77/><D77/><U24/><E63/><N who="2" m="36311" /><F91/><W97/><G78/><T80/><D96/><U41/><E37/><V118/><F118/><W66/><G66/><T34/><D34/><U76/><E76/><V26/><F26/><W116/><G116/><T35/><D35/><U0/><E0/><V123/><F123/><W101/><G30/><T53/><D103/><U81/><E81/><V47/><F47/><W38/><G38/><T88/><D89/><U82/><E82/><V132/><F132/><W128/><G128/><T28/><D28/><U39/><E39/><V122/><F122/><W23/><G90/><T111/><D111/><N who="2" m="28418" /><V1/><DORA hai="84" /><F1/><W29/><G113/><T79/><D79/><U31/><E33/><V2/><F2/><W100/><G114/><T105/><D105/><AGARI ba="0,0" hai="46,51,52,93,99,102,105,107" m="28418,36311" machi="105" ten="40,8000,1" yaku="14,1,52,2,54,1" doraHai="48,84" who="2" fromWho="0" sc="250,-80,302,0,198,80,250,0" /><INIT seed="2,0,0,4,2,95" ten="170,302,278,250" oya="2" hai0="1,82,131,123,37,11,71,69,27,17,54,62,36" hai1="129,15,23,109,51,96,12,4,84,114,55,122,59" hai2="121,128,0,90,20,7,132,73,24,81,117,61,98" hai3="110,45,49,112,66,87,65,126,93,105,28,68,60"/><V111/><F121/><W79/><G105/><T101/><D123/><U106/><E122/><V80/><F117/><W6/><G110/><T86/><D131/><U120/><E120/><V5/><F128/><W119/><G119/><T135/><D135/><U92/><E129/><V58/><F132/><W22/><G126/><T74/><D74/><U47/><E114/><V75/><F111/><W133/><G133/><T53/><D36/><U118/><E118/><V115/><F115/><W64/><G112/><T43/><D43/><U44/><E106/><V25/><F0/><W89/><G6/><N who="2" m="2057" /><F73/><W29/><G79/><T14/><D37/><U57/><E84/><V88/><F75/><W76/><G76/><T127/><D1/><U91/><E109/><V99/><F24/><W56/><G68/><T108/><D127/><U38/><E38/><V21/><F21/><W77/><G77/><T16/><D101/><U32/><E32/><V70/><F70/><W107/><G107/><T46/><D54/><U83/><E83/><N who="2" m="31819" /><F90/><W26/><REACH who="3" step="1"/><G29/><REACH who="3" ten="170,302,278,240" step="2"/><T100/><D71/><U78/><E78/><V35/><F88/><W94/><G94/><T10/><D69/><U50/><E4/><V19/><F35/><W125/><G125/><T85/><D108/><U33/><E33/><V116/><F116/><W3/><G3/><T41/><D82/><U63/><E91/><V124/><F124/><W39/><G39/><T72/><D72/><U34/><E92/><V18/><F18/><W40/><AGARI ba="0,1" hai="22,26,28,40,45,49,56,60,64,65,66,87,89,93" machi="40" ten="20,5200,0" yaku="1,1,0,1,7,1,8,1,53,0" doraHai="95" doraHaiUra="67" who="3" fromWho="3" sc="170,-13,302,-13,278,-26,240,62" /><INIT seed="3,0,0,4,5,88" ten="157,289,252,302" oya="3" hai0="7,22,89,26,39,40,4,83,12,2,126,5,98" hai1="24,75,87,49,28,117,35,30,23,113,84,62,45" hai2="81,108,61,19,93,27,118,101,13,10,125,105,57" hai3="71,104,41,56,15,58,33,3,106,85,92,63,11"/><W8/><G33/><T52/><D2/><U69/><E75/><V66/><F118/><W18/><G41/><T100/><D126/><U123/><E113/><V14/><F125/><W46/><G46/><T134/><D134/><U34/><E123/><V31/><F105/><W53/><G71/><T20/><D39/><U74/><E74/><V68/><F108/><W65/><G3/><T110/><D110/><U128/><E128/><V37/><F37/><W29/><G29/><T129/><D129/><U90/><E117/><V112/><F112/><W72/><G72/><T102/><D40/><U42/><E87/><V127/><F81/><W0/><G0/><T122/><D122/><U16/><E34/><V107/><F127/><W99/><G85/><T133/><D133/><U77/><E77/><V67/><F107/><W103/><REACH who="3" step="1"/><G8/><REACH who="3" ten="157,289,252,292" step="2"/><T116/><D116/><U25/><E30/><V121/><F68/><W21/><G21/><T60/><D20/><U119/><E119/><V97/><F121/><W64/><G64/><T120/><D120/><U55/><E69/><V48/><F31/><W70/><G70/><T114/><D114/><U32/><E35/><V91/><F67/><W115/><G115/><T96/><D22/><U94/><E42/><V38/><F10/><W76/><G76/><T54/><D98/><U79/><E79/><V109/><F109/><W78/><G78/><T44/><D96/><U36/><E36/><V17/><F97/><W1/><G1/><T6/><D44/><U111/><E111/><V135/><F38/><W59/><G59/><T51/><D51/><AGARI ba="0,1" hai="11,15,18,51,53,56,58,63,65,92,99,103,104,106" machi="51" ten="30,11600,0" yaku="1,1,6,1,7,1,52,1,53,0" doraHai="88" doraHaiUra="86" who="3" fromWho="0" sc="157,-116,289,0,252,0,292,126" /><INIT seed="3,1,0,0,5,6" ten="41,289,252,418" oya="3" hai0="33,23,132,16,71,80,95,63,108,12,27,36,42" hai1="58,20,67,21,109,39,123,75,134,97,83,25,22" hai2="121,7,55,45,68,35,74,11,66,26,5,102,89" hai3="44,37,127,47,84,116,38,87,128,100,1,103,91"/><W59/><G116/><T72/><D132/><U94/><E123/><V131/><F74/><W40/><G1/><T62/><D108/><U57/><E109/><V111/><F5/><W32/><G32/><T130/><D130/><U10/><E39/><V98/><F89/><W105/><G128/><T79/><D71/><U30/><E134/><V13/><F111/><W115/><G115/><T110/><D110/><U53/><E75/><V119/><F131/><W125/><G59/><T114/><D114/><U9/><E83/><V3/><F119/><W129/><G129/><T73/><D73/><U31/><E58/><V133/><F3/><W46/><G105/><T14/><D14/><U70/><E67/><V34/><F133/><W52/><G91/><T18/><D36/><N who="3" m="13929" /><G52/><T43/><D62/><U124/><E124/><N who="3" m="47690" /><G40/><T64/><D95/><U99/><E70/><V88/><F34/><W54/><G54/><T24/><D24/><U93/><E25/><V101/><F26/><W19/><G19/><T117/><D117/><U56/><E22/><V77/><F35/><W112/><G112/><T17/><D33/><U82/><E82/><V135/><F135/><W28/><G28/><T61/><D61/><U104/><E53/><V69/><F55/><W122/><G122/><T8/><REACH who="0" step="1"/><D17/><REACH who="0" ten="31,289,252,418" step="2"/><U0/><E0/><V48/><F121/><W92/><G92/><T65/><D65/><U51/><E51/><V86/><F66/><W29/><G29/><T106/><D106/><U15/><E15/><V118/><F118/><W85/><AGARI ba="1,1" hai="44,46,47,84,85,87,100,103" m="47690,13929" machi="85" ten="40,7800,0" yaku="28,2,18,1" doraHai="6" who="3" fromWho="3" sc="31,-27,289,-27,252,-27,418,91" /><INIT seed="3,2,0,1,0,125" ten="4,262,225,509" oya="3" hai0="88,135,127,16,18,130,62,111,86,8,82,116,30" hai1="11,110,35,89,123,74,98,46,21,79,52,44,67" hai2="92,120,69,5,41,22,108,36,121,97,122,51,19" hai3="37,84,77,64,34,101,61,96,42,93,48,3,6"/><W20/><G34/><T95/><D116/><U47/><E123/><N who="2" m="31491" /><V40/><DORA hai="83" /><F5/><W91/><G37/><T128/><D127/><U45/><E35/><V59/><F108/><W112/><G112/><T25/><D111/><U31/><E110/><V115/><F115/><W114/><G77/><T29/><D135/><U72/><E67/><V107/><F107/><W66/><G3/><T80/><D80/><U1/><E79/><V23/><F69/><W117/><G6/><T132/><D132/><U109/><E109/><V94/><F36/><W57/><G114/><T81/><D81/><U4/><E21/><N who="2" m="7691" /><F19/><N who="0" m="7210" /><D25/><U119/><E31/><N who="0" m="11785" /><D8/><U90/><E119/><V60/><F51/><W53/><G20/><T56/><D62/><U7/><E4/><V131/><F131/><N who="0" m="50218" /><D82/><U39/><E39/><V9/><F9/><W99/><G117/><T2/><D56/><U78/><E78/><V126/><F126/><W49/><G57/><T76/><D76/><U105/><E11/><V104/><F104/><W75/><G61/><T103/><D2/><U58/><E1/><V100/><F94/><W15/><G93/><T102/><AGARI ba="2,0" hai="86,88,95,102,103" m="50218,11785,7210" machi="102" ten="40,12000,2" yaku="19,1,52,4,54,2" doraHai="125,83" who="0" fromWho="0" sc="4,126,262,-32,225,-32,509,-62" /><INIT seed="4,0,0,1,4,30" ten="130,230,193,447" oya="0" hai0="47,3,24,52,32,86,27,102,71,94,67,19,68" hai1="53,59,77,62,70,84,101,89,0,69,44,125,50" hai2="107,111,14,73,118,99,13,112,119,78,109,100,128" hai3="132,51,103,123,117,42,15,25,26,43,23,120,65"/><T55/><D3/><U96/><E125/><V63/><F63/><W16/><G117/><N who="2" m="44553" /><F13/><W133/><G65/><T22/><D67/><U8/><E77/><V82/><F14/><W92/><G103/><T104/><D104/><U72/><E72/><V80/><F112/><W33/><G92/><T11/><D11/><U66/><E8/><V85/><F128/><W93/><G93/><T91/><D102/><U79/><E79/><AGARI ba="0,0" hai="73,78,79,80,82,85,99,100,107,109,111" m="44553" machi="79" ten="30,3900,0" yaku="12,1,34,2" doraHai="30" who="2" fromWho="1" sc="130,0,230,-39,193,39,447,0" /><INIT seed="5,0,0,2,5,55" ten="130,191,232,447" oya="1" hai0="36,44,15,108,14,111,124,106,11,54,120,82,56" hai1="79,88,67,99,104,20,107,18,101,89,115,113,45" hai2="93,76,91,34,64,66,102,60,58,85,40,96,72" hai3="110,121,26,53,74,33,32,13,114,123,38,39,17"/><U109/><E107/><N who="2" m="63943" /><F40/><W25/><G74/><T30/><D106/><U84/><E109/><V68/><F34/><W48/><G114/><N who="1" m="43530" /><E45/><V6/><F6/><W5/><G5/><T8/><D120/><U90/><E67/><N who="2" m="39319" /><F68/><W80/><G80/><AGARI ba="0,0" hai="64,66,72,76,80,85,91,93" m="39319,63943" machi="80" ten="30,2000,0" yaku="24,1,52,1" doraHai="55" who="2" fromWho="3" sc="130,0,191,0,232,20,447,-20" /><INIT seed="6,0,0,3,5,41" ten="130,191,252,427" oya="2" hai0="86,122,11,62,124,46,82,59,72,125,116,108,93" hai1="120,17,54,36,67,21,25,28,75,64,99,97,109" hai2="92,18,57,4,37,2,133,87,119,105,12,9,71" hai3="58,23,65,42,69,22,49,45,20,38,50,30,3"/><V123/><F105/><W135/><G3/><T61/><D72/><U60/><E109/><V102/><F37/><W83/><G135/><T47/><D108/><U26/><E75/><V10/><F71/><W127/><G127/><N who="0" m="48715" /><D122/><U34/><E36/><V77/><F123/><W89/><G50/><T134/><D134/><U29/><E120/><V128/><F119/><W106/><G106/><T44/><D116/><U94/><E28/><V79/><F128/><W101/><G101/><T48/><D93/><U115/><E99/><V76/><F133/><W5/><G5/><T1/><D1/><U74/><E115/><V121/><F121/><W73/><G89/><N who="0" m="51415" /><D11/><U98/><E98/><V111/><F111/><W132/><G42/><N who="0" m="24599" /><D62/><U96/><E97/><V31/><F31/><W39/><G30/><T88/><D88/><N who="1" m="55367" /><E74/><V66/><F102/><W24/><G73/><T68/><D68/><U56/><AGARI ba="0,0" hai="17,21,25,26,29,34,54,56,60,64,67" m="55367" machi="56" ten="30,2000,0" yaku="25,1,54,1" doraHai="41" who="1" fromWho="1" sc="130,-5,191,20,252,-10,427,-5" /><INIT seed="7,0,0,0,2,25" ten="125,211,242,422" oya="3" hai0="109,122,79,53,63,46,61,90,24,121,133,128,74" hai1="23,80,92,18,106,66,105,81,14,62,102,118,101" hai2="130,17,117,58,78,132,12,32,26,42,119,35,91" hai3="3,76,15,96,115,89,75,65,116,19,93,99,30"/><W94/><G3/><T129/><D79/><U41/><E118/><V67/><F78/><W73/><G65/><T59/><D74/><U114/><E114/><V131/><F42/><W98/><G30/><T7/><D7/><U6/><E41/><V49/><F132/><W52/><G52/><N who="0" m="34023" /><D24/><U87/><E6/><V31/><F35/><W36/><G96/><T51/><D90/><U9/><E80/><V120/><F91/><W83/><G94/><T4/><D4/><U0/><E0/><V60/><F49/><W20/><G19/><T97/><D97/><U70/><E9/><V104/><F104/><W69/><G69/><T113/><D109/><U100/><REACH who="1" step="1"/><E92/><REACH who="1" ten="125,201,242,422" step="2"/><V40/><F40/><W85/><G93/><T11/><D11/><U123/><E123/><N who="0" m="47113" /><D113/><U127/><E127/><V77/><F120/><W86/><G115/><T50/><D133/><U84/><E84/><V126/><F126/><W8/><G85/><T110/><D110/><U134/><E134/><V33/><F117/><W22/><G86/><T103/><D103/><U10/><E10/><N who="2" m="6295" /><F119/><W88/><G116/><T13/><D13/><U57/><E57/><V108/><F108/><W82/><G15/><T44/><D63/><U124/><E124/><V71/><F58/><W68/><G82/><T1/><D1/><U55/><E55/><AGARI ba="0,1" hai="44,46,50,51,53,55,128,129" m="47113,34023" machi="55" ten="30,3900,0" yaku="34,2,54,1" doraHai="25" who="0" fromWho="1" sc="125,49,201,-39,242,0,422,0" owari="174,-22.6,162,-33.8,242,4.2,422,52.2" /></mjloggm>