<mjloggm ver="2.3"><GO type="169" lobby="0"/><UN n0="%6C%61%79%65%72%38%31" n1="%44%61%6C%69" n2="%E7%91%9E%E5%8E%9F%E3%83%B4%E3%82%A1%E3%82%AE%E3%83%8A" n3="%4F%4D%41%4E%54%41" dan="17,17,16,17" rate="2149.53,2194.38,2057.70,2187.76" sx="M,M,M,M"/><TAIKYOKU oya="0"/><INIT seed="0,0,0,0,0,18" ten="250,250,250,250" oya="0" hai0="99,9,105,76,48,127,58,87,55,52,112,126,121" hai1="116,37,29,44,106,96,32,50,4,34,45,86,83" hai2="64,68,17,122,109,22,89,15,10,42,28,124,11" hai3="125,74,128,39,114,72,12,8,51,53,120,36,97"/><T130/><D112/><U31/><E116/><V16/><F122/><W95/><G114/><T118/><D118/><U79/><E4/><V129/><F42/><W132/><G128/><T61/><D121/><U115/><E115/><V25/><F68/><W90/><G120/><T135/><D130/><U104/><E37/><V26/><F64/><W41/><G125/><N who="0" m="47627" /><D9/><N who="2" m="3082" /><F89/><W2/><G2/><T108/><D135/><U102/><E106/><V19/><F129/><W54/><G132/><T7/><D7/><U91/><E45/><V71/><F71/><W43/><G39/><T33/><D33/><U49/><E49/><V13/><F124/><W40/><G36/><T88/><D76/><U107/><E107/><V5/><F109/><W21/><G21/><T80/><D108/><U93/><E32/><N who="2" m="20495" /><F5/><W119/><G119/><T92/><D105/><U110/><E110/><V117/><F117/><W6/><REACH who="3" step="1"/><G54/><REACH who="3" ten="250,250,250,240" step="2"/><N who="0" m="34007" /><D48/><U69/><E34/><V59/><F59/><AGARI ba="0,1" hai="6,8,12,40,41,43,51,53,59,72,74,90,95,97" machi="59" ten="40,1300,0" yaku="1,1,53,0" doraHai="18" doraHaiUra="133" who="3" fromWho="2" sc="250,0,250,0,250,-13,240,23" /><INIT seed="1,0,0,2,0,27" ten="250,250,237,263" oya="1" hai0="74,72,14,69,13,32,103,83,133,73,81,92,89" hai1="48,30,55,4,33,31,50,121,117,90,134,62,44" hai2="37,111,91,51,116,80,114,124,113,21,79,10,2" hai3="94,120,5,57,112,12,95,115,104,22,52,67,1"/><U76/><E117/><V63/><F116/><W3/><G104/><T59/><D69/><U70/><E121/><V41/><F111/><W96/><G120/><T132/><D32/><U9/><E134/><N who="0" m="51817" /><D59/><U19/><E33/><V129/><F129/><W24/><G67/><T49/><D49/><U131/><E131/><V93/><F124/><W35/><G35/><T108/><D13/><U88/><E76/><V16/><F63/><W36/><G36/><T84/><D14/><N who="1" m="5415" /><E70/><V61/><F37/><W39/><G39/><T105/><D108/><U122/><E122/><V38/><F38/><W110/><G110/><T11/><D11/><U66/><E66/><V123/><F61/><W118/><G12/><T43/><D43/><N who="1" m="24607" /><E62/><V64/><F64/><W23/><G118/><T65/><D65/><U15/><E19/><V86/><F123/><W29/><G23/><T97/><AGARI ba="0,0" hai="72,73,74,81,83,84,89,92,97,103,105" m="51817" machi="97" ten="40,5200,0" yaku="20,1,34,2" doraHai="27" who="0" fromWho="0" sc="250,52,250,-26,237,-13,263,-13" /><INIT seed="2,0,0,1,3,96" ten="302,224,224,250" oya="2" hai0="37,27,86,98,25,10,28,81,32,34,135,120,6" hai1="41,102,82,9,62,40,129,109,58,23,107,59,47" hai2="77,7,2,95,94,8,130,3,31,0,21,106,114" hai3="12,123,127,90,83,115,15,53,54,11,79,132,29"/><V33/><F114/><W26/><G123/><T76/><D135/><U128/><E109/><V16/><F106/><W73/><G132/><T14/><D37/><U89/><E9/><V57/><F130/><N who="1" m="50281" /><E23/><V49/><F77/><W93/><G127/><T39/><D39/><N who="1" m="21919" /><E41/><V105/><F105/><W65/><G65/><T92/><D120/><U112/><E112/><V103/><F49/><W108/><G108/><T133/><D133/><U36/><E36/><V61/><F31/><W91/><G15/><T75/><D25/><U85/><E62/><V20/><F20/><W118/><G118/><T78/><D78/><U45/><E45/><V122/><F33/><W30/><G115/><T99/><D34/><U19/><E19/><V43/><F43/><W116/><G116/><T17/><D17/><U5/><E5/><V84/><F122/><W101/><G30/><T67/><D67/><U80/><E80/><V56/><F8/><W60/><G60/><T13/><D13/><U42/><E42/><V111/><F7/><W46/><G46/><T74/><REACH who="0" step="1"/><D99/><AGARI ba="0,0" hai="58,59,82,85,89,99,102,107" m="21919,50281" machi="99" ten="30,2000,0" yaku="19,1,52,1" doraHai="96" who="1" fromWho="0" sc="302,-20,224,20,224,0,250,0" /><INIT seed="3,0,0,2,0,71" ten="282,244,224,250" oya="3" hai0="115,14,15,123,108,92,6,30,67,12,85,96,29" hai1="51,88,86,5,19,8,23,35,26,40,50,21,113" hai2="68,79,127,22,66,114,27,47,91,117,90,33,100" hai3="52,89,102,120,93,34,63,55,39,116,105,118,97"/><W131/><G120/><T36/><D123/><U20/><E113/><V54/><F114/><W95/><G34/><T119/><D119/><U65/><E65/><V58/><F117/><W84/><G131/><T18/><D67/><U59/><E35/><V45/><F33/><W69/><G118/><T44/><D6/><U98/><E98/><V49/><F127/><W72/><G116/><T106/><D18/><U11/><E11/><V81/><F100/><W57/><G69/><T103/><D108/><U3/><E51/><V124/><F124/><W82/><G39/><T25/><D115/><U73/><E73/><V110/><F110/><W7/><G7/><T53/><D53/><U121/><E121/><V78/><F79/><W129/><G129/><T10/><D10/><U107/><E107/><V132/><F132/><W133/><G133/><T41/><REACH who="0" step="1"/><D25/><REACH who="0" ten="272,244,224,250" step="2"/><U101/><E19/><N who="2" m="12767" /><F68/><W80/><REACH who="3" step="1"/><G55/><REACH who="3" ten="272,244,224,240" step="2"/><T38/><D38/><U16/><E5/><V64/><F64/><W104/><G104/><T75/><D75/><U126/><E126/><V4/><F66/><W31/><G31/><T111/><D111/><U99/><E26/><V60/><F4/><W48/><G48/><T24/><D24/><U2/><E50/><V76/><F49/><W134/><G134/><T94/><D94/><U70/><E70/><V37/><F37/><W128/><G128/><T77/><D77/><AGARI ba="0,2" hai="52,57,63,72,77,80,82,84,89,93,95,97,102,105" machi="77" ten="40,3900,0" yaku="1,1,54,1,53,0" doraHai="71" doraHaiUra="61" who="3" fromWho="0" sc="272,-39,244,0,224,0,240,59" /><INIT seed="3,1,0,0,3,30" ten="233,244,224,299" oya="3" hai0="37,10,9,86,42,132,102,62,93,63,117,91,74" hai1="114,129,17,109,47,103,60,36,25,90,40,0,76" hai2="135,48,59,51,61,80,119,98,11,77,83,53,75" hai3="92,69,31,118,94,13,23,57,89,100,26,15,115"/><W96/><G69/><T19/><D117/><U68/><E114/><V41/><F135/><W24/><G115/><T46/><D132/><U44/><E129/><V81/><F119/><W7/><G118/><T2/><D74/><U32/><E109/><V116/><F116/><W29/><G7/><T1/><D102/><U56/><E0/><V88/><F11/><W28/><G57/><T105/><D105/><U38/><E76/><V125/><F125/><W82/><G82/><T123/><D123/><U20/><E103/><V101/><F41/><W66/><G66/><T3/><D19/><U49/><E68/><V55/><F88/><W18/><REACH who="3" step="1"/><G26/><REACH who="3" ten="233,244,224,289" step="2"/><T108/><D108/><U21/><E25/><V95/><REACH who="2" step="1"/><F61/><REACH who="2" ten="233,244,214,289" step="2"/><W16/><G16/><T111/><D111/><U72/><E17/><V54/><F54/><W124/><G124/><T71/><D63/><U4/><E60/><V127/><F127/><W78/><G78/><T107/><D62/><U12/><E40/><V39/><F39/><W6/><G6/><T65/><D71/><U130/><E4/><V35/><F35/><W64/><G64/><T106/><D65/><U52/><E32/><V50/><F50/><W97/><AGARI ba="1,2" hai="13,15,18,23,24,28,29,31,89,92,94,96,97,100" machi="97" ten="30,6000,0" yaku="1,1,0,1,8,1,53,0" doraHai="30" doraHaiUra="67" who="3" fromWho="3" sc="233,-21,244,-21,214,-21,289,83" /><INIT seed="3,2,0,5,2,69" ten="212,223,193,372" oya="3" hai0="40,79,89,67,117,96,1,133,71,102,10,58,56" hai1="119,53,72,32,7,37,103,73,116,31,122,51,121" hai2="0,60,113,35,90,76,28,123,42,3,66,110,47" hai3="70,18,78,85,132,2,114,5,125,95,29,49,101"/><W50/><G114/><T105/><D117/><N who="1" m="45131" /><E103/><V129/><F113/><W13/><G70/><T109/><D109/><U98/><E98/><V112/><F112/><W57/><G29/><T25/><D133/><U30/><E7/><V94/><F110/><W74/><G132/><T9/><D79/><U52/><E37/><V63/><F129/><W45/><G74/><N who="1" m="28778" /><E32/><V83/><F123/><N who="1" m="47113" /><E51/><V124/><F124/><W43/><G125/><T75/><D96/><U4/><E4/><V8/><F35/><W38/><G101/><T48/><D48/><U59/><E59/><V19/><F63/><W34/><G34/><T126/><D58/><U21/><E21/><V84/><F60/><W61/><G78/><T27/><D56/><U22/><E22/><V36/><F66/><W33/><G33/><T81/><D67/><U118/><N who="1" m="45139" /><U91/><DORA hai="14" /><E91/><V120/><F120/><W106/><G106/><T115/><D89/><U54/><AGARI ba="2,0" hai="30,31,52,53,54" m="47113,28778,45139" machi="54" ten="50,8000,1" yaku="28,2,12,1,54,1" doraHai="69,14" who="1" fromWho="1" sc="212,-22,223,86,193,-22,372,-42" /><INIT seed="4,0,0,0,1,88" ten="190,309,171,330" oya="0" hai0="26,39,23,43,74,40,44,60,81,112,118,87,108" hai1="122,21,11,134,97,29,95,33,36,124,38,72,73" hai2="131,35,117,65,132,4,42,126,82,121,109,5,135" hai3="34,98,64,56,104,67,89,63,7,90,30,8,25"/><T94/><D118/><U1/><E122/><V92/><F121/><W103/><REACH who="3" step="1"/><G67/><REACH who="3" ten="190,309,171,320" step="2"/><T19/><D108/><U80/><E124/><V10/><F65/><W2/><AGARI ba="0,1" hai="2,7,8,25,30,34,56,63,64,89,90,98,103,104" machi="2" ten="20,8000,1" yaku="21,2,2,1,0,1,7,1,53,0" doraHai="88" doraHaiUra="17" who="3" fromWho="3" sc="190,-40,309,-20,171,-20,320,90" /><INIT seed="5,0,0,3,1,45" ten="150,289,151,410" oya="1" hai0="61,33,67,10,85,83,20,73,57,88,86,21,55" hai1="50,89,41,18,51,99,62,109,124,115,93,87,71" hai2="94,84,134,132,121,25,131,81,90,63,101,28,98" hai3="40,119,59,46,76,38,74,100,78,3,108,23,9"/><U66/><E115/><V110/><F110/><W15/><G108/><T4/><D73/><U24/><E124/><V58/><F121/><W64/><G119/><T126/><D33/><U65/><E109/><V5/><F131/><W27/><G3/><T104/><D104/><U22/><E66/><V13/><F13/><W29/><G74/><T34/><D34/><U54/><E41/><V116/><F5/><W117/><G117/><T111/><D126/><U7/><E7/><V31/><F116/><W127/><G127/><T97/><D97/><U128/><E128/><V129/><F129/><W72/><G72/><T79/><D67/><U17/><E54/><V53/><REACH who="2" step="1"/><F25/><REACH who="2" ten="150,289,141,410" step="2"/><W1/><G15/><N who="0" m="5575" /><D111/><U113/><E113/><V107/><F107/><W6/><G27/><T42/><D42/><U106/><REACH who="1" step="1"/><E18/><REACH who="1" ten="150,279,141,410" step="2"/><V0/><F0/><W35/><G40/><T133/><D133/><AGARI ba="0,2" hai="28,31,53,58,63,81,84,90,94,98,101,132,133,134" machi="133" ten="40,2600,0" yaku="1,1,20,1,53,0" doraHai="45" doraHaiUra="44" who="2" fromWho="0" sc="150,-26,279,0,141,46,410,0" /><INIT seed="6,0,0,4,4,95" ten="124,279,187,410" oya="2" hai0="84,97,128,32,115,96,69,66,117,28,55,67,70" hai1="54,81,34,103,122,17,90,7,121,73,71,82,111" hai2="24,119,104,8,21,20,133,37,41,135,59,101,100" hai3="134,131,130,77,98,79,57,113,94,105,120,25,5"/><V106/><F119/><W86/><G120/><N who="1" m="46186" /><E34/><V125/><F125/><W4/><G134/><N who="2" m="51209" /><F59/><W102/><G113/><T40/><D40/><U91/><E71/><N who="0" m="27145" /><D55/><U124/><E7/><N who="3" m="2634" /><G25/><T52/><D84/><U60/><E111/><V14/><F41/><W2/><G2/><T80/><D80/><N who="1" m="30827" /><E73/><V43/><F43/><W114/><G114/><T88/><D115/><U126/><E17/><N who="2" m="8391" /><F37/><W39/><G39/><T36/><D36/><U10/><E10/><V123/><F20/><W9/><G9/><T23/><D32/><U12/><E126/><V35/><F35/><W72/><G57/><T53/><D117/><U110/><E124/><V127/><F127/><W44/><G44/><T118/><D118/><U13/><E110/><V49/><F49/><W108/><G72/><T99/><D23/><U47/><E60/><V129/><F123/><W87/><G108/><T1/><D28/><U48/><E48/><V132/><N who="2" m="51217" /><V42/><DORA hai="89" /><F42/><W0/><G0/><T61/><D61/><U85/><E47/><V30/><F129/><W76/><G130/><T22/><D22/><U68/><E68/><V58/><F58/><W11/><G11/><T56/><D56/><U74/><E74/><V38/><F38/><W64/><G131/><T6/><D128/><U31/><E54/><N who="0" m="21097" /><D6/><U78/><E78/><V26/><F26/><W18/><G18/><T109/><D1/><U50/><E50/><V51/><F51/><W112/><G112/><T33/><D109/><U45/><E45/><V93/><F101/><N who="3" m="60631" /><G64/><N who="0" m="24619" /><D33/><U62/><E62/><V3/><F3/><W65/><G65/><RYUUKYOKU ba="0,0" sc="124,10,279,-30,187,10,410,10" hai0="88,96,97,99" hai2="21,24,30,93,100,104,106" hai3="76,77,79,86,87,102,105" /><INIT seed="6,1,0,5,0,130" ten="134,249,197,420" oya="2" hai0="108,53,6,86,119,24,110,90,58,126,87,22,64" hai1="82,116,42,106,92,62,135,15,104,44,78,27,0" hai2="99,18,122,112,131,98,76,129,29,28,16,91,79" hai3="10,3,51,103,88,14,70,89,41,109,37,120,80"/><V2/><F2/><W54/><G109/><T13/><D126/><U60/><E0/><V66/><F66/><W43/><G70/><T26/><D119/><U77/><E116/><V113/><REACH who="2" step="1"/><F91/><REACH who="2" ten="134,249,187,420" step="2"/><W134/><G88/><T85/><D64/><U111/><E111/><V125/><F125/><W49/><G89/><T101/><D110/><U65/><E65/><V12/><F12/><W5/><G14/><T8/><D108/><U21/><E15/><V121/><AGARI ba="1,1" hai="16,18,28,29,76,79,98,99,112,113,121,122,129,131" machi="121" ten="25,12000,1" yaku="1,1,0,1,22,2,54,1,53,0" doraHai="130" doraHaiUra="100" who="2" fromWho="2" sc="134,-41,249,-41,187,133,420,-41" /><INIT seed="6,2,0,3,2,40" ten="93,208,320,379" oya="2" hai0="37,2,35,124,15,39,32,48,33,12,119,51,6" hai1="57,120,129,82,41,86,24,79,27,88,11,106,108" hai2="123,36,9,97,47,20,0,77,126,60,75,117,62" hai3="67,118,16,21,101,50,103,78,26,122,105,58,45"/><V7/><F117/><W29/><G122/><T127/><D2/><U92/><E108/><V65/><F123/><W76/><G118/><T85/><D119/><U111/><E120/><V84/><F126/><N who="0" m="48170" /><D6/><U95/><E129/><V52/><F84/><W116/><G116/><T93/><D93/><U98/><E111/><V113/><F113/><W81/><G105/><T68/><D68/><U4/><E106/><V1/><F1/><W74/><G78/><T135/><D85/><U99/><E57/><V18/><F97/><W19/><G19/><T42/><D42/><U70/><E70/><V54/><F62/><W5/><G5/><T38/><D135/><U107/><E107/><V128/><F128/><W132/><G132/><T96/><D96/><U25/><E41/><N who="2" m="22951" /><F18/><W125/><G125/><T115/><D115/><U114/><E114/><V53/><F20/><W31/><G31/><T72/><D72/><U66/><E66/><V71/><F54/><W64/><G29/><T102/><D102/><U49/><E49/><AGARI ba="2,0" hai="12,15,32,33,35,37,38,39,48,49,51" m="48170" machi="49" ten="50,6400,0" yaku="28,2,18,1" doraHai="40" who="0" fromWho="1" sc="93,70,208,-70,320,0,379,0" /><INIT seed="7,0,0,0,2,28" ten="163,138,320,379" oya="3" hai0="47,26,29,121,80,55,78,9,87,96,68,133,75" hai1="105,45,135,10,123,101,16,114,84,58,27,34,53" hai2="62,69,59,89,130,98,38,40,46,70,126,11,73" hai3="20,24,2,30,14,65,0,111,92,25,49,8,15"/><W115/><G65/><T4/><D68/><U18/><E123/><V22/><F73/><W102/><G115/><T43/><D133/><U113/><E135/><V94/><F130/><W100/><G111/><T106/><D55/><U48/><E105/><V83/><F126/><W64/><G64/><T32/><D121/><U117/><E101/><V33/><F11/><W81/><G81/><T66/><D66/><U63/><E117/><V52/><F33/><W54/><G25/><T23/><D87/><U60/><E60/><V7/><F7/><W41/><G41/><T6/><D23/><U86/><E34/><V21/><F83/><W103/><G2/><T125/><D125/><U124/><E124/><V44/><F44/><N who="3" m="27943" /><G0/><T132/><D132/><U71/><E71/><V77/><F77/><W72/><G72/><T93/><D106/><U119/><E119/><V61/><F61/><W91/><G8/><T42/><D9/><U109/><E109/><V90/><F22/><W97/><AGARI ba="0,0" hai="14,15,20,24,30,91,92,97,100,102,103" m="27943" machi="97" ten="30,1500,0" yaku="8,1" doraHai="28" who="3" fromWho="3" sc="163,-5,138,-5,320,-5,379,15" owari="158,-24.2,133,-36.7,315,11.5,394,49.4" /></mjloggm>