<mjloggm ver="2.3"><GO type="169" lobby="0"/><UN n0="%E7%99%BE%E9%87%8E%E3%81%95%E3%82%93" n1="%E3%82%A4%E3%82%A7%E3%83%83%E3%82%BF%E3%82%A4%E3%82%AC%E3%83%BC" n2="%41%43%73" n3="%4C%61%72%72%6B" dan="17,16,16,16" rate="2192.63,2135.87,2124.30,2148.61" sx="M,M,M,M"/><TAIKYOKU oya="0"/><INIT seed="0,0,0,2,3,103" ten="250,250,250,250" oya="0" hai0="89,125,111,71,62,1,54,44,8,14,93,91,61" hai1="121,82,60,78,41,28,31,23,6,74,53,116,33" hai2="115,68,123,108,12,85,96,102,36,84,4,132,83" hai3="19,0,24,55,135,113,73,2,18,10,29,38,128"/><T77/><D1/><N who="3" m="617" /><G38/><T46/><D125/><U22/><E121/><V81/><F36/><W86/><G73/><T88/><D77/><U13/><E116/><V35/><F68/><W122/><G55/><T7/><D111/><U79/><E41/><V27/><F115/><W40/><G40/><T17/><D71/><U134/><E134/><V59/><F132/><W112/><G86/><T114/><D114/><N who="3" m="44137" /><G135/><T107/><D107/><U30/><E33/><V51/><F123/><W34/><G122/><T97/><D7/><U43/><E43/><V20/><F35/><W69/><G69/><T72/><D72/><U45/><E79/><V5/><F108/><W95/><G95/><T37/><D37/><U133/><E133/><V100/><F5/><W65/><G65/><T49/><REACH who="0" step="1"/><D46/><REACH who="0" ten="240,250,250,250" step="2"/><U87/><E74/><V56/><F4/><W16/><G128/><T101/><AGARI ba="0,1" hai="8,14,17,44,49,54,61,62,88,89,91,93,97,101" machi="101" ten="30,12000,1" yaku="1,1,2,1,0,1,8,1,54,1,53,0" doraHai="103" doraHaiUra="70" who="0" fromWho="0" sc="240,130,250,-40,250,-40,250,-40" /><INIT seed="0,1,0,2,1,113" ten="370,210,210,210" oya="0" hai0="12,21,35,128,58,53,68,1,9,10,38,66,18" hai1="29,75,36,134,5,55,25,103,24,48,77,118,82" hai2="94,23,117,61,116,16,43,14,125,50,40,72,115" hai3="98,6,56,131,100,101,30,47,126,81,20,124,88"/><T28/><D38/><U110/><E36/><V85/><F115/><W52/><G47/><T95/><D128/><U91/><E118/><N who="2" m="45675" /><F72/><W99/><G6/><T120/><D120/><U34/><E134/><V15/><F125/><N who="3" m="48235" /><G131/><T64/><D68/><U105/><E110/><V8/><F61/><N who="3" m="35975" /><G99/><T109/><D109/><U84/><E5/><N who="2" m="3343" /><F50/><W45/><G45/><T17/><D1/><U83/><E24/><V111/><F111/><W133/><G133/><T119/><D119/><U2/><E2/><V7/><F7/><W122/><G122/><T26/><D10/><U127/><E127/><V19/><F19/><W87/><G98/><T89/><D28/><U57/><E105/><V67/><F67/><W114/><G114/><T31/><D31/><U63/><REACH who="1" step="1"/><E103/><REACH who="1" ten="370,200,210,210" step="2"/><V132/><F132/><W71/><G71/><T135/><D135/><U73/><E73/><V49/><F49/><AGARI ba="1,1" hai="25,29,34,48,49,55,57,63,75,77,82,83,84,91" machi="49" ten="40,1300,0" yaku="1,1,53,0" doraHai="113" doraHaiUra="62" who="1" fromWho="2" sc="370,0,200,26,210,-16,210,0" /><INIT seed="1,0,0,1,1,42" ten="370,226,194,210" oya="1" hai0="53,87,104,7,23,73,120,21,60,130,135,62,94" hai1="6,58,83,109,127,61,16,64,1,29,13,78,28" hai2="119,110,85,33,118,81,102,114,113,47,17,34,65" hai3="30,8,126,77,10,101,91,103,133,66,3,106,132"/><U67/><E127/><V26/><F65/><W88/><G66/><T41/><D104/><U35/><E67/><V24/><F102/><W84/><G30/><T37/><D73/><U107/><E107/><V76/><F110/><W32/><G32/><N who="2" m="12393" /><F17/><W54/><G126/><T38/><D130/><U80/><E109/><V97/><F97/><W22/><G22/><T72/><D72/><U92/><E92/><V68/><F68/><W99/><G54/><T31/><D135/><N who="3" m="51785" /><G3/><T117/><D117/><N who="2" m="44554" /><F47/><W128/><G128/><T63/><D7/><U116/><E116/><V40/><F40/><W108/><G108/><T105/><D105/><U55/><E64/><V75/><F75/><W5/><G5/><T70/><D70/><U129/><E129/><V89/><F89/><N who="3" m="34379" /><G103/><T71/><D71/><U82/><E78/><V52/><F52/><W131/><G131/><T25/><D53/><U122/><E35/><V79/><F79/><W2/><G2/><T46/><D23/><U50/><E61/><V90/><F76/><W112/><G112/><AGARI ba="0,0" hai="24,26,81,85,90,112,113,114" m="44554,12393" machi="112" ten="40,1300,0" yaku="11,1" doraHai="42" who="2" fromWho="3" sc="370,0,226,0,194,13,210,-13" /><INIT seed="2,0,0,2,4,67" ten="370,226,207,197" oya="2" hai0="118,75,89,29,6,58,56,96,12,98,0,108,45" hai1="30,33,55,110,135,20,62,119,43,128,13,71,88" hai2="3,90,125,2,101,27,76,80,81,9,82,48,51" hai3="116,8,129,36,126,47,21,83,95,133,31,54,15"/><V117/><F117/><W40/><G116/><T86/><D118/><U65/><E119/><RYUUKYOKU type="kaze4" ba="0,0" sc="370,0,226,0,207,0,197,0" /><INIT seed="2,1,0,4,5,15" ten="370,226,207,197" oya="2" hai0="129,35,71,113,50,18,133,26,31,30,90,63,100" hai1="88,97,85,23,78,102,52,84,120,47,128,40,95" hai2="130,41,86,117,49,80,108,73,3,62,34,12,94" hai3="103,42,123,2,37,131,74,21,76,135,134,125,119"/><V104/><F104/><W28/><G28/><T109/><D113/><U112/><E112/><V66/><F117/><W16/><G103/><T39/><D39/><U7/><E128/><V36/><F3/><W114/><G114/><T110/><D129/><U72/><E120/><V83/><F36/><W58/><G131/><T122/><D122/><U98/><E7/><V111/><F34/><W105/><G123/><T29/><D100/><U75/><E23/><V9/><F73/><W116/><G105/><T106/><D106/><U51/><E40/><V107/><F107/><W121/><G2/><T93/><D133/><N who="3" m="50697" /><G121/><T82/><D82/><U0/><E0/><V101/><F130/><W25/><G125/><T10/><D50/><U77/><E98/><N who="2" m="59607" /><F86/><W79/><G58/><T1/><D63/><U44/><E44/><N who="2" m="25743" /><F66/><W24/><G24/><T32/><D71/><U43/><E43/><V60/><F62/><W92/><G92/><T65/><D65/><U55/><E55/><V20/><F60/><W11/><G11/><T19/><D1/><U118/><E118/><N who="3" m="45098" /><G74/><T57/><D57/><U89/><E75/><V69/><F69/><W132/><N who="3" m="50705" /><W33/><DORA hai="126" /><G33/><N who="0" m="12875" /><D10/><U17/><E72/><V14/><F20/><W61/><G61/><T45/><D26/><U124/><E124/><V70/><F70/><W27/><G27/><T4/><D45/><AGARI ba="1,0" hai="16,21,25,37,42,45,76,79" m="45098,50705" machi="45" ten="50,6400,0" yaku="20,1,52,1,54,1" doraHai="15,126" who="3" fromWho="0" sc="370,-67,226,0,207,0,197,67" /><INIT seed="3,0,0,5,1,132" ten="303,226,207,264" oya="3" hai0="17,54,41,6,5,76,110,51,37,9,100,25,22" hai1="97,56,67,78,81,19,49,117,108,28,7,105,134" hai2="114,64,14,87,129,74,69,40,96,70,35,2,85" hai3="122,24,26,104,73,89,45,58,71,86,52,44,0"/><W125/><G122/><T39/><D110/><U65/><E134/><V99/><F2/><W82/><G71/><T55/><D41/><U84/><E117/><V29/><F74/><W135/><G135/><T94/><D6/><U3/><E108/><V102/><F99/><W92/><G0/><T12/><D76/><U115/><E115/><V128/><F40/><W66/><G104/><T33/><D33/><U47/><E28/><V16/><F114/><W98/><G73/><T111/><D111/><U112/><E112/><V133/><F29/><W103/><G125/><T15/><D15/><U130/><E130/><N who="2" m="50283" /><F35/><W118/><G118/><T18/><D5/><U124/><E124/><V123/><F69/><W75/><G75/><T88/><D100/><U90/><E56/><V42/><F42/><W23/><G66/><T8/><D8/><U116/><E116/><V127/><F127/><W21/><G21/><T27/><D55/><U46/><E3/><V121/><F64/><W72/><G72/><T43/><D43/><U109/><E109/><V60/><F60/><N who="3" m="35911" /><G26/><T13/><D37/><U93/><E105/><N who="2" m="63687" /><F70/><W48/><G48/><T61/><D39/><U53/><E7/><V10/><F133/><W31/><AGARI ba="0,0" hai="23,24,31,44,45,82,86,89,92,98,103" m="35911" machi="31" ten="30,3000,0" yaku="8,1,54,1" doraHai="132" who="3" fromWho="3" sc="303,-10,226,-10,207,-10,264,30" /><INIT seed="3,1,0,0,4,122" ten="293,216,197,294" oya="3" hai0="7,89,11,106,13,101,77,38,104,47,113,68,56" hai1="18,86,30,69,9,62,88,39,17,57,72,71,41" hai2="48,63,45,54,3,73,100,107,55,115,60,22,75" hai3="79,87,81,35,91,127,27,31,67,14,83,46,44"/><W85/><G127/><T125/><D68/><U129/><E72/><V95/><F3/><W118/><G118/><T4/><D125/><U8/><E129/><V128/><F128/><W135/><G135/><T92/><D113/><U24/><E41/><V94/><F107/><W103/><G103/><T28/><D28/><U96/><E39/><V23/><F100/><W90/><G67/><T93/><D101/><U16/><E96/><V110/><F48/><W112/><G112/><T43/><D77/><U109/><E109/><V108/><REACH who="2" step="1"/><F45/><REACH who="2" ten="293,216,187,294" step="2"/><W15/><G79/><T131/><D104/><U134/><E134/><V64/><F64/><W97/><G97/><T59/><D106/><U49/><E49/><V36/><F36/><W19/><REACH who="3" step="1"/><G14/><REACH who="3" ten="293,216,187,284" step="2"/><T82/><D131/><U10/><E24/><V12/><F12/><W53/><G53/><T37/><D13/><U34/><E30/><V21/><F21/><AGARI ba="1,2" hai="15,19,21,27,31,35,44,46,81,83,85,87,90,91" machi="21" ten="30,12000,1" yaku="1,1,7,1,9,1,53,2" doraHai="122" doraHaiUra="40" who="3" fromWho="2" sc="293,0,216,0,187,-123,284,143" /><INIT seed="3,2,0,2,2,123" ten="293,216,64,427" oya="3" hai0="40,71,58,15,93,115,69,96,131,132,19,104,16" hai1="25,21,76,46,35,130,110,6,60,114,67,101,37" hai2="4,57,0,48,111,8,47,134,75,88,103,120,61" hai3="51,26,85,20,64,2,83,105,92,128,122,9,119"/><W125/><G122/><T3/><D104/><U55/><E110/><V11/><F120/><W66/><G105/><T78/><D3/><U36/><E114/><V98/><F134/><W113/><G119/><T50/><D132/><U121/><E121/><V126/><F75/><W13/><G113/><T74/><D115/><U1/><E130/><V56/><F126/><W62/><G128/><T63/><D131/><U97/><E76/><V43/><F111/><W22/><G125/><T94/><D78/><U39/><E35/><V95/><F11/><W42/><G2/><T14/><D74/><U54/><E46/><V133/><F133/><W41/><G92/><T33/><D33/><U118/><E118/><V108/><F108/><W17/><G20/><T99/><D50/><U65/><E1/><V32/><F32/><W81/><G81/><T124/><D58/><U12/><E6/><V72/><F72/><W89/><G51/><T87/><D87/><U38/><E12/><V117/><F117/><W129/><G129/><T86/><D86/><U70/><N who="1" m="9216" /><DORA hai="73" /><U90/><E90/><V102/><REACH who="2" step="1"/><F56/><REACH who="2" ten="293,216,54,427" step="2"/><N who="3" m="36935" /><G66/><AGARI ba="2,1" hai="0,4,8,43,47,48,57,61,66,88,95,98,102,103" machi="66" ten="30,7700,0" yaku="1,1,7,1,54,1,53,1" doraHai="123,73" doraHaiUra="44,10" who="2" fromWho="3" sc="293,0,216,0,54,93,427,-83" /><INIT seed="4,0,0,3,5,41" ten="293,216,147,344" oya="0" hai0="27,78,6,57,28,132,2,125,75,82,92,134,84" hai1="1,101,90,96,15,115,42,131,74,112,62,63,129" hai2="5,83,121,24,85,91,53,8,13,65,19,55,72" hai3="4,68,77,126,17,39,106,93,25,108,71,69,47"/><T128/><D128/><N who="1" m="49227" /><E1/><V97/><F121/><W81/><G108/><T44/><D125/><U38/><E74/><V88/><F72/><W76/><G106/><T107/><D107/><N who="1" m="63911" /><E90/><V37/><F65/><W16/><G126/><T43/><D57/><U30/><E15/><V117/><F37/><W130/><G4/><T14/><D14/><U86/><E86/><V105/><F117/><W119/><G119/><T66/><D66/><U113/><E30/><V26/><F105/><W31/><G93/><T79/><D92/><U104/><E104/><V123/><F123/><W67/><G67/><T10/><D84/><U80/><E80/><V100/><F100/><W114/><G77/><T102/><D79/><U9/><E9/><V36/><F36/><W11/><G11/><T40/><D102/><U22/><E22/><V61/><F61/><W118/><G118/><T33/><REACH who="0" step="1"/><D43/><REACH who="0" ten="283,216,147,344" step="2"/><U49/><E38/><AGARI ba="0,1" hai="2,6,10,27,28,33,38,40,44,75,78,82,132,134" machi="38" ten="40,18000,2" yaku="1,1,2,1,25,2,23,2,52,1,53,0" doraHai="41" doraHaiUra="51" who="0" fromWho="1" sc="283,190,216,-180,147,0,344,0" /><INIT seed="4,1,0,2,4,1" ten="473,36,147,344" oya="0" hai0="27,4,102,112,21,23,64,31,108,62,111,66,26" hai1="79,134,95,70,0,101,107,77,12,16,126,72,18" hai2="33,46,73,19,2,53,120,25,135,28,9,89,45" hai3="8,133,114,69,90,29,76,96,121,97,88,41,34"/><T84/><D112/><U50/><E0/><V63/><F120/><W10/><G114/><T17/><D102/><U51/><E70/><V49/><F135/><W58/><G121/><T5/><D84/><U116/><E134/><V104/><F104/><W42/><G69/><T15/><D66/><U118/><E126/><V117/><F73/><W13/><G133/><T87/><D87/><U93/><E107/><V122/><F122/><W55/><G34/><T35/><D64/><U106/><E106/><V78/><F78/><W75/><G29/><N who="0" m="17615" /><D62/><U14/><REACH who="1" step="1"/><E101/><REACH who="1" ten="473,26,147,344" step="2"/><V40/><F117/><W54/><G75/><AGARI ba="1,1" hai="12,14,16,18,50,51,72,75,77,79,93,95,116,118" machi="75" ten="25,8000,1" yaku="1,1,2,1,22,2,54,1,53,0" doraHai="1" doraHaiUra="82" who="1" fromWho="3" sc="473,0,26,93,147,0,344,-83" /><INIT seed="5,0,0,0,0,44" ten="473,119,147,261" oya="1" hai0="92,131,109,121,87,25,85,124,71,26,9,101,36" hai1="21,104,55,39,78,67,16,2,61,28,45,108,24" hai2="93,1,50,117,116,6,133,134,11,60,94,114,81" hai3="62,118,59,100,73,77,53,89,65,54,111,3,74"/><U40/><E104/><V20/><F81/><W49/><G111/><T119/><D119/><N who="2" m="45642" /><F60/><W135/><G118/><T91/><D109/><U86/><E108/><V33/><F33/><W128/><G3/><T41/><D131/><U58/><E2/><V105/><F105/><W82/><G128/><T83/><D71/><U127/><E127/><V0/><F0/><W56/><G135/><N who="2" m="51721" /><F114/><W125/><G125/><T5/><D121/><U72/><E72/><V110/><F110/><W7/><G7/><T31/><D124/><U30/><E78/><V107/><F107/><W126/><G126/><T35/><D26/><U90/><REACH who="1" step="1"/><E67/><REACH who="1" ten="473,109,147,261" step="2"/><V14/><F50/><W23/><G74/><T84/><D36/><U17/><E17/><AGARI ba="0,1" hai="1,6,11,14,17,20,93,94" m="51721,45642" machi="17" ten="30,1000,0" yaku="20,1" doraHai="44" who="2" fromWho="1" sc="473,0,109,-10,147,20,261,0" /><INIT seed="6,0,0,0,3,9" ten="473,99,167,261" oya="2" hai0="34,15,29,39,5,85,50,116,10,42,133,91,48" hai1="68,8,77,58,7,18,63,112,79,55,123,124,64" hai2="6,36,17,98,16,4,62,103,135,100,21,14,49" hai3="57,86,96,41,30,67,111,19,114,105,3,76,2"/><V122/><F36/><W53/><G111/><T82/><D133/><U0/><E123/><V99/><F122/><W109/><G109/><T110/><D110/><U11/><E112/><V83/><F135/><W74/><G74/><T35/><D116/><U115/><E115/><V72/><F62/><W31/><G41/><T80/><D39/><U52/><E124/><V118/><F118/><W121/><G121/><T66/><D66/><U47/><E47/><V56/><F83/><W130/><G67/><T119/><D119/><U45/><E45/><V132/><F72/><W61/><G2/><T107/><D107/><U92/><E92/><N who="2" m="58439" /><F132/><W127/><G3/><T81/><D42/><U1/><E55/><N who="2" m="31855" /><F99/><W120/><G127/><T12/><D34/><U70/><E70/><V59/><F103/><W73/><G73/><T60/><D29/><U93/><E93/><V117/><F117/><W128/><G114/><T51/><D35/><U104/><E104/><V43/><F43/><W71/><G105/><T106/><D106/><U113/><E113/><V20/><F59/><W94/><G120/><T87/><D60/><U95/><E95/><V131/><F131/><W97/><G71/><T25/><D25/><AGARI ba="0,0" hai="4,6,14,16,17,20,21,25" m="31855,58439" machi="25" ten="30,5800,0" yaku="8,1,52,1,54,1" doraHai="9" who="2" fromWho="0" sc="473,-58,99,0,167,58,261,0" /><INIT seed="6,1,0,4,2,30" ten="415,99,225,261" oya="2" hai0="128,55,133,92,99,28,112,80,48,16,78,87,132" hai1="35,126,73,51,88,62,85,95,100,94,50,110,120" hai2="31,97,106,20,41,29,109,45,19,18,93,13,11" hai3="64,84,61,40,33,70,82,14,86,114,52,32,10"/><V91/><F106/><W37/><G86/><T59/><D112/><U27/><E110/><V130/><F130/><W8/><G8/><T43/><D28/><U12/><E120/><V0/><F109/><W2/><G2/><T127/><D128/><U135/><E135/><N who="0" m="51785" /><D43/><U36/><E36/><V49/><REACH who="2" step="1"/><F0/><REACH who="2" ten="415,99,215,261" step="2"/><W113/><G113/><T108/><D108/><U67/><E126/><V119/><F119/><W103/><G114/><T125/><D127/><U83/><E12/><AGARI ba="1,1" hai="11,12,13,18,19,20,29,31,41,45,49,91,93,97" machi="12" ten="30,11600,0" yaku="1,1,7,1,8,1,53,1" doraHai="30" doraHaiUra="6" who="2" fromWho="1" sc="415,0,99,-119,215,129,261,0" owari="415,51.5,-20,-52.0,344,14.4,261,-13.9" /></mjloggm>