<mjloggm ver="2.3"><GO type="169" lobby="0"/><UN n0="%64%69%76%61" n1="%61%6B%69%62%61%62%61%6E" n2="%E3%81%A6%E3%81%BE%E3%81%A1" n3="%E6%A8%99" dan="16,17,17,16" rate="2044.17,2167.79,2137.51,2128.12" sx="M,M,M,M"/><TAIKYOKU oya="0"/><INIT seed="0,0,0,0,1,131" ten="250,250,250,250" oya="0" hai0="59,31,107,96,132,47,69,65,100,133,16,87,18" hai1="17,109,97,125,7,62,119,102,40,70,29,84,4" hai2="77,48,128,14,113,0,21,45,34,78,74,51,73" hai3="89,2,63,15,101,9,93,118,135,68,39,43,99"/><T44/><D69/><U117/><E109/><V11/><F113/><W46/><G118/><T49/><D31/><U83/><E125/><V55/><F128/><W3/><G135/><N who="0" m="51787" /><D87/><U25/><E17/><N who="0" m="6761" /><D65/><U79/><E29/><V10/><F74/><W56/><G68/><T20/><D20/><U36/><E70/><V35/><F73/><W90/><G2/><T76/><D76/><U52/><E84/><V94/><F0/><W121/><G3/><T126/><D126/><U75/><E79/><V127/><F21/><W105/><G121/><T66/><D49/><U81/><E75/><V85/><F85/><W1/><G1/><T54/><D54/><U8/><E52/><V26/><F55/><W67/><G105/><T123/><D123/><U5/><E117/><V32/><F51/><W95/><G93/><T22/><D22/><U110/><E119/><V42/><F94/><W13/><G13/><T134/><N who="0" m="51795" /><T71/><DORA hai="82" /><D71/><U60/><E81/><V80/><F80/><W111/><REACH who="3" step="1"/><G111/><REACH who="3" ten="250,250,250,240" step="2"/><T86/><D86/><U130/><E110/><V88/><F14/><W112/><G112/><T91/><D91/><U12/><E12/><V124/><F88/><W58/><G58/><T19/><N who="0" m="6769" /><AGARI ba="0,1" hai="9,15,19,39,43,46,56,63,67,89,90,95,99,101" machi="19" ten="30,7700,0" yaku="1,1,3,1,7,1,53,1" doraHai="131,82" doraHaiUra="38,120" who="3" fromWho="0" sc="250,-77,250,0,250,0,240,87" /><INIT seed="1,0,0,5,2,7" ten="173,250,250,327" oya="1" hai0="104,36,68,110,52,116,81,84,26,85,19,115,0" hai1="132,27,87,23,29,11,21,57,40,55,121,105,15" hai2="97,24,92,76,65,2,1,90,83,98,31,77,9" hai3="17,73,45,32,25,53,8,59,22,108,126,96,50"/><U56/><E121/><V34/><F65/><W37/><G126/><T111/><D116/><U69/><E132/><V94/><F76/><W61/><G73/><T135/><D104/><U112/><E112/><V44/><F44/><W47/><G108/><N who="0" m="41515" /><D0/><U20/><E69/><V14/><F94/><W86/><G32/><T38/><D68/><U106/><E40/><V75/><REACH who="2" step="1"/><F98/><REACH who="2" ten="173,250,240,327" step="2"/><W133/><G96/><T43/><D115/><U107/><E87/><V48/><F48/><W118/><G86/><T95/><D85/><U102/><E102/><V80/><F80/><W62/><G45/><T63/><D95/><U88/><E88/><V10/><F10/><W131/><G47/><T39/><D43/><U71/><E71/><V129/><F129/><W114/><G50/><T127/><D127/><U12/><E56/><V101/><F101/><W58/><G59/><N who="0" m="35303" /><D26/><U54/><E54/><V64/><F64/><W66/><G58/><T67/><D67/><U18/><REACH who="1" step="1"/><E15/><REACH who="1" ten="173,240,240,327" step="2"/><V49/><F49/><AGARI ba="0,2" hai="11,12,18,20,21,23,27,29,49,55,57,105,106,107" machi="49" ten="40,7700,0" yaku="1,1,2,1,52,1,53,0" doraHai="7" doraHaiUra="60" who="1" fromWho="2" sc="173,0,240,97,240,-77,327,0" /><INIT seed="1,1,0,1,4,67" ten="173,337,163,327" oya="1" hai0="38,44,91,102,84,24,51,60,75,47,98,74,80" hai1="9,95,20,33,43,109,81,55,108,28,35,112,88" hai2="129,73,5,3,66,115,103,39,122,68,42,124,27" hai3="46,70,13,123,58,48,110,113,116,83,25,56,128"/><U134/><E112/><V64/><F122/><W54/><G113/><T121/><D121/><U59/><E134/><V71/><F103/><W100/><G123/><T4/><D38/><U132/><E132/><V63/><F115/><W57/><G100/><T32/><D44/><U101/><E101/><V107/><F107/><W34/><G110/><N who="1" m="42602" /><E81/><V7/><F73/><W11/><G128/><T52/><D4/><U15/><E43/><V31/><F129/><W114/><G114/><T36/><D36/><U127/><E127/><V99/><F99/><W130/><G116/><T12/><D12/><U23/><E28/><V82/><F82/><W87/><G130/><T104/><REACH who="0" step="1"/><D60/><REACH who="0" ten="163,337,163,327" step="2"/><N who="1" m="35967" /><E33/><N who="2" m="20735" /><F7/><W96/><G34/><T94/><D94/><U6/><E35/><V79/><F5/><W131/><G13/><T1/><D1/><U8/><E9/><V65/><F124/><W78/><G11/><T30/><AGARI ba="1,1" hai="24,30,32,47,51,52,74,75,80,84,91,98,102,104" machi="30" ten="30,7900,0" yaku="1,1,0,1,54,1,53,1" doraHai="67" doraHaiUra="45" who="0" fromWho="0" sc="163,92,337,-40,163,-21,327,-21" /><INIT seed="2,0,0,1,1,6" ten="255,297,142,306" oya="2" hai0="123,133,42,71,82,117,135,46,29,38,22,21,88" hai1="96,108,89,0,25,90,67,60,103,30,92,26,68" hai2="18,81,24,72,2,7,56,126,101,78,66,115,76" hai3="3,122,55,45,113,110,64,41,129,118,130,44,28"/><V121/><F115/><W57/><G3/><T33/><D123/><U111/><E0/><V95/><F121/><W9/><G28/><T84/><D71/><U70/><E70/><V73/><F126/><W5/><G122/><T65/><D65/><U107/><E26/><V14/><F24/><W119/><G5/><T134/><D117/><N who="3" m="44553" /><G9/><T43/><D43/><U49/><E49/><V12/><F2/><W10/><G10/><T11/><D11/><U124/><E124/><V40/><F40/><W125/><G125/><T91/><D91/><U52/><E52/><V54/><F7/><W61/><G110/><N who="1" m="42026" /><E92/><V106/><F106/><W62/><G113/><T93/><REACH who="0" step="1"/><D82/><REACH who="0" ten="245,297,142,306" step="2"/><U8/><E8/><V86/><F66/><W63/><G41/><T105/><D105/><U23/><AGARI ba="0,1" hai="23,25,30,60,67,68,89,90,96,103,107" m="42026" machi="23" ten="30,1100,0" yaku="14,1" doraHai="6" who="1" fromWho="1" sc="245,-3,297,21,142,-5,306,-3" /><INIT seed="3,0,0,0,3,43" ten="242,318,137,303" oya="3" hai0="57,67,60,38,81,40,120,74,86,98,126,18,61" hai1="90,52,97,13,54,76,20,123,49,111,119,104,51" hai2="41,7,112,46,72,134,70,37,12,117,66,19,2" hai3="16,101,102,135,106,64,114,55,48,39,83,82,73"/><W56/><G114/><T115/><D120/><U125/><E123/><V95/><F117/><W44/><G135/><T68/><D74/><U47/><E119/><V53/><F134/><W108/><G108/><T94/><D115/><U84/><E111/><V62/><F112/><W17/><G106/><T34/><D126/><U91/><E125/><V24/><F72/><W78/><G82/><T129/><D129/><U15/><E104/><V130/><F130/><W80/><G83/><T31/><D18/><N who="1" m="10319" /><E97/><V77/><F77/><W128/><G128/><T121/><D121/><U6/><E76/><V65/><F65/><W109/><G109/><T33/><D31/><U133/><E133/><V127/><F127/><W42/><G64/><T92/><D92/><U8/><E84/><V122/><F122/><W75/><REACH who="3" step="1"/><G73/><REACH who="3" ten="242,318,137,293" step="2"/><T45/><D68/><U5/><E5/><V29/><F95/><W22/><G22/><T89/><REACH who="0" step="1"/><D61/><REACH who="0" ten="232,318,137,293" step="2"/><U21/><E21/><V23/><F62/><W9/><G9/><T28/><D28/><U3/><E3/><V14/><F29/><W132/><G132/><T103/><AGARI ba="0,2" hai="33,34,38,40,45,57,60,67,81,86,89,94,98,103" machi="103" ten="20,8000,1" yaku="1,1,0,1,7,1,52,1,53,1" doraHai="43" doraHaiUra="88" who="0" fromWho="0" sc="232,100,318,-20,137,-20,293,-40" /><INIT seed="4,0,0,2,4,91" ten="332,298,117,253" oya="0" hai0="133,82,101,100,69,81,13,58,56,75,37,21,73" hai1="50,66,99,83,130,65,93,45,120,67,135,104,70" hai2="127,0,25,107,111,103,23,72,129,62,5,117,87" hai3="95,76,86,3,9,61,134,14,8,19,71,59,22"/><T90/><D37/><U108/><E108/><V132/><F127/><W39/><G134/><T2/><D2/><U85/><E120/><V97/><F129/><W38/><G71/><T113/><D69/><U110/><E110/><V35/><F132/><W16/><G3/><T29/><D133/><U12/><E104/><V112/><F112/><W68/><G68/><T119/><D119/><U31/><E130/><V94/><F111/><W57/><G57/><T109/><D109/><U49/><E70/><V28/><F72/><W92/><G38/><T98/><D113/><U60/><E31/><V116/><F62/><W32/><G39/><T17/><D29/><U105/><E105/><V46/><F46/><W20/><G32/><T41/><D41/><U88/><E135/><V26/><F87/><W126/><G126/><T52/><D58/><N who="1" m="37015" /><E12/><V30/><REACH who="2" step="1"/><F107/><REACH who="2" ten="332,298,107,253" step="2"/><W11/><G86/><T10/><D75/><U74/><E74/><V124/><F124/><W122/><G122/><T78/><D73/><U15/><E49/><V27/><F27/><N who="3" m="14751" /><G76/><T48/><D78/><N who="1" m="46327" /><E15/><V7/><F7/><W118/><G118/><T80/><D13/><U42/><AGARI ba="0,1" hai="42,45,50,66,67,88,93,99" m="46327,37015" machi="42" ten="30,4000,0" yaku="8,1,52,1,54,1" doraHai="91" who="1" fromWho="1" sc="332,-20,298,50,107,-10,253,-10" /><INIT seed="5,0,0,3,3,56" ten="312,348,97,243" oya="1" hai0="76,72,28,4,103,99,13,63,45,29,88,85,52" hai1="77,14,21,97,92,69,75,134,104,44,118,87,129" hai2="66,127,78,79,9,64,124,43,110,101,37,113,100" hai3="94,62,126,115,107,84,82,16,59,33,114,81,131"/><U119/><E129/><V125/><F110/><W7/><G107/><T41/><D72/><U73/><E69/><V8/><F43/><W39/><G33/><T24/><D76/><N who="2" m="29226" /><F37/><W11/><G39/><T111/><D111/><U117/><E44/><V90/><F90/><N who="3" m="53575" /><G131/><T35/><D28/><U122/><E21/><V108/><F108/><W132/><G132/><T25/><D25/><U121/><E14/><V22/><F22/><W95/><G95/><N who="0" m="58879" /><D24/><U98/><E134/><V30/><F30/><W49/><G49/><N who="0" m="26799" /><D29/><U15/><E15/><V40/><F40/><W86/><G126/><T47/><D35/><U80/><E104/><V3/><F3/><W130/><G130/><T83/><D4/><U31/><E31/><V42/><F42/><W105/><G105/><T0/><D47/><U12/><E12/><V10/><F113/><N who="3" m="43019" /><G86/><T91/><D13/><U6/><E98/><V120/><F120/><N who="1" m="46185" /><E6/><V20/><F20/><W57/><G7/><T128/><D128/><U18/><E18/><V51/><F51/><W34/><G34/><T133/><D133/><U53/><E73/><V38/><F38/><W60/><G11/><T116/><D0/><U1/><E1/><V26/><F26/><W54/><G16/><T48/><D48/><U50/><E75/><V61/><F61/><W36/><G36/><T106/><D106/><U19/><E19/><V55/><F55/><AGARI ba="0,0" hai="54,55,57,59,60,62,81,82" m="43019,53575" machi="55" ten="30,3900,0" yaku="15,1,52,2" doraHai="56" who="3" fromWho="2" sc="312,0,348,0,97,-39,243,39" /><INIT seed="6,0,0,1,2,36" ten="312,348,58,282" oya="2" hai0="61,98,63,130,65,75,126,108,128,99,85,104,5" hai1="52,9,101,55,12,132,48,21,25,124,89,72,2" hai2="54,47,93,46,43,16,81,83,96,129,76,105,49" hai3="121,123,114,67,66,60,100,57,7,15,19,38,37"/><V26/><F129/><N who="0" m="49770" /><D75/><U0/><E72/><V34/><F105/><W13/><G7/><T73/><D73/><U3/><E101/><V53/><F47/><W107/><G114/><T116/><D104/><U127/><E89/><V14/><F26/><W59/><G107/><T51/><D108/><U131/><E131/><V30/><F30/><W134/><G100/><T35/><D35/><U71/><E71/><V8/><F34/><W70/><G70/><T29/><D5/><N who="1" m="3119" /><E48/><V28/><F28/><W80/><G80/><T62/><D29/><N who="1" m="17583" /><E132/><V6/><F6/><W20/><G134/><T44/><D116/><U120/><E120/><V64/><F64/><W103/><G103/><T40/><D126/><AGARI ba="0,0" hai="0,2,3,52,55,124,126,127" m="17583,3119" machi="126" ten="40,2600,0" yaku="18,1,54,1" doraHai="36" who="1" fromWho="0" sc="312,-26,348,26,58,0,282,0" /><INIT seed="7,0,0,2,3,103" ten="286,374,58,282" oya="3" hai0="51,128,19,92,31,43,15,65,8,124,81,63,48" hai1="90,34,52,28,5,38,108,1,110,53,116,97,80" hai2="70,56,99,84,42,76,109,66,135,33,71,113,13" hai3="21,23,82,131,94,117,83,10,123,9,79,125,39"/><W85/><G117/><T59/><D128/><U130/><E38/><V30/><F30/><W32/><G32/><T69/><D124/><U106/><E130/><V20/><F20/><W129/><G123/><T122/><D122/><U41/><E41/><V88/><F88/><W29/><G39/><T6/><D31/><U57/><E53/><V54/><F54/><W50/><G125/><T7/><D69/><U126/><E126/><V114/><F114/><W133/><G133/><T16/><D19/><U49/><E116/><V95/><F95/><W91/><G82/><T61/><D81/><U119/><E119/><V25/><F25/><W35/><G35/><T132/><D132/><U18/><E18/><V45/><F45/><W46/><G129/><T86/><D63/><U107/><E5/><N who="0" m="1545" /><D43/><U93/><E1/><V89/><F42/><N who="3" m="24919" /><G131/><T74/><D74/><U111/><REACH who="1" step="1"/><E80/><REACH who="1" ten="286,364,58,282" step="2"/><V100/><F135/><W55/><G55/><T98/><D86/><U62/><E62/><V101/><F84/><N who="3" m="52583" /><G29/><T58/><D48/><U96/><E96/><V4/><F99/><W60/><G60/><T37/><D37/><U104/><E104/><V105/><F105/><W0/><G0/><T27/><D51/><U77/><E77/><V14/><F76/><W22/><AGARI ba="0,1" hai="9,10,21,22,23,79,83,85" m="52583,24919" machi="22" ten="30,1500,0" yaku="8,1" doraHai="103" who="3" fromWho="3" sc="286,-5,364,-5,58,-5,282,25" /><INIT seed="7,1,0,5,3,54" ten="281,359,53,307" oya="3" hai0="87,134,76,114,1,78,47,29,74,105,118,112,45" hai1="80,3,55,26,32,123,77,33,34,27,106,71,2" hai2="12,62,7,24,59,101,131,8,35,104,99,100,25" hai3="122,11,48,132,129,36,16,61,42,109,92,125,22"/><W121/><G132/><T127/><D118/><U30/><E55/><V15/><F131/><W20/><G36/><T79/><D1/><N who="1" m="11" /><E123/><V82/><F101/><W67/><G109/><T60/><D134/><U130/><E130/><V52/><F35/><N who="1" m="13385" /><E26/><V75/><F12/><N who="3" m="7199" /><G129/><T113/><D74/><N who="1" m="43063" /><E71/><V86/><F75/><W14/><G125/><T98/><D127/><U5/><E5/><V116/><F116/><W103/><G121/><T102/><D29/><U84/><E84/><V41/><F41/><W97/><G122/><T46/><REACH who="0" step="1"/><D60/><REACH who="0" ten="271,359,53,307" step="2"/><U6/><E6/><V90/><REACH who="2" step="1"/><F104/><AGARI ba="1,1" hai="27,30,34,104,106" m="43063,13385,11" machi="104" ten="30,2000,0" yaku="33,2" doraHai="54" who="1" fromWho="2" sc="271,0,359,33,53,-23,307,0" owari="271,-12.9,392,49.2,30,-47.0,307,10.7" /></mjloggm>