<mjloggm ver="2.3"><GO type="169" lobby="0"/><UN n0="%74%73%75%6B%69%31" n1="%E3%83%87%E3%83%A9%E3%82%B3%E3%83%83%E3%82%B3" n2="%E3%80%90%E7%BD%AA%E6%AD%8C%E3%80%91" n3="%6E%69%6E%6A%61%68" dan="16,16,17,16" rate="2191.96,2160.19,2145.14,2119.35" sx="M,M,M,M"/><TAIKYOKU oya="0"/><INIT seed="0,0,0,1,5,90" ten="250,250,250,250" oya="0" hai0="42,68,51,19,55,126,66,115,87,13,112,128,3" hai1="31,117,17,85,29,22,99,60,34,15,8,95,18" hai2="81,130,82,33,118,96,102,114,111,43,37,113,6" hai3="12,107,105,124,57,64,20,5,122,40,125,75,69"/><T67/><D3/><U14/><E117/><V35/><F6/><W97/><G75/><T76/><D128/><U116/><E116/><V72/><F111/><W74/><G74/><T106/><D106/><U44/><E34/><V78/><F118/><W94/><G69/><T63/><D67/><U2/><E2/><V4/><F130/><W109/><G40/><T70/><D70/><U91/><E60/><V9/><F81/><W80/><G80/><T54/><D126/><N who="3" m="48745" /><G109/><T47/><D76/><U48/><REACH who="1" step="1"/><E99/><REACH who="1" ten="250,240,250,250" step="2"/><V84/><F114/><W16/><G122/><T59/><D115/><U1/><E1/><N who="2" m="143" /><F113/><W98/><G98/><T133/><D112/><U27/><E27/><V7/><F35/><W41/><G5/><T61/><D133/><U30/><E30/><V89/><F33/><W110/><G110/><T62/><D87/><U56/><E56/><V26/><F7/><W36/><G57/><N who="0" m="34999" /><D13/><U52/><AGARI ba="0,1" hai="8,14,15,17,18,22,29,31,44,48,52,85,91,95" machi="52" ten="20,12000,2" yaku="1,1,0,1,7,1,8,1,52,1,54,1,53,0" doraHai="90" doraHaiUra="100" who="1" fromWho="1" sc="250,-60,240,130,250,-30,250,-30" /><INIT seed="1,0,0,5,3,33" ten="190,370,220,220" oya="1" hai0="96,30,25,112,4,66,28,125,19,69,118,133,134" hai1="54,50,64,35,59,128,95,110,3,8,0,91,90" hai2="98,80,16,86,94,45,49,123,135,74,127,101,92" hai3="132,126,44,5,41,34,102,71,18,29,61,55,32"/><U121/><E121/><V119/><F135/><N who="0" m="51722" /><D112/><U113/><E113/><V7/><F127/><W70/><G132/><T67/><D69/><U20/><E35/><V6/><F74/><W99/><G5/><T111/><D96/><U42/><E128/><V124/><F124/><W52/><G126/><T58/><D125/><U122/><E122/><V97/><F123/><W79/><G79/><T27/><D58/><U63/><E8/><V39/><F39/><W10/><G10/><T38/><D38/><U131/><E131/><V75/><F75/><W13/><G32/><T11/><D67/><U117/><E117/><V24/><F119/><W53/><G29/><N who="0" m="11371" /><D66/><U14/><E42/><V83/><F83/><W105/><G34/><T31/><D118/><U73/><E73/><V15/><F24/><N who="0" m="9290" /><D31/><U114/><E114/><V106/><F106/><W78/><G61/><T23/><D111/><U81/><E110/><V37/><F37/><W60/><G60/><T109/><D109/><U17/><E81/><V89/><F49/><W77/><G71/><T1/><D19/><U2/><REACH who="1" step="1"/><E95/><REACH who="1" ten="190,360,220,220" step="2"/><V120/><F120/><W47/><G41/><T26/><D26/><U48/><E48/><V62/><F62/><W100/><G105/><T87/><D23/><U103/><E103/><V130/><F130/><W40/><G102/><T21/><D21/><U107/><E107/><V116/><F116/><W129/><G100/><T36/><D36/><U22/><E22/><N who="2" m="11551" /><F45/><AGARI ba="0,1" hai="0,2,3,14,17,20,45,50,54,59,63,64,90,91" machi="45" ten="40,12000,1" yaku="1,1,52,3,53,1" doraHai="33" doraHaiUra="51" who="1" fromWho="2" sc="190,0,360,130,220,-120,220,0" /><INIT seed="1,1,0,0,0,95" ten="190,490,100,220" oya="1" hai0="11,133,124,84,79,114,64,7,81,85,66,14,13" hai1="82,131,4,70,134,16,69,121,77,53,9,126,46" hai2="26,111,56,78,94,109,57,87,12,108,75,2,30" hai3="104,112,101,31,1,103,55,86,129,74,39,120,5"/><U59/><E121/><V119/><F75/><W63/><G112/><T24/><D114/><U88/><E131/><V93/><F2/><W28/><G39/><T36/><D36/><U6/><E134/><V32/><F119/><W58/><G74/><T52/><D133/><U115/><E115/><V22/><F93/><W107/><G120/><T25/><D124/><U48/><E126/><V62/><F78/><W43/><G43/><T76/><D7/><U117/><E117/><V50/><F50/><W116/><G129/><T135/><D135/><U99/><E59/><V72/><F72/><W27/><G86/><T18/><D52/><U60/><E60/><V33/><F12/><W49/><G103/><T51/><D51/><U35/><E35/><V118/><F57/><W42/><G116/><T91/><D14/><N who="1" m="7247" /><E70/><V41/><F41/><W61/><G63/><T15/><D15/><U20/><E20/><V17/><F17/><W106/><G61/><T127/><D127/><U68/><E68/><V67/><REACH who="2" step="1"/><F118/><REACH who="2" ten="190,490,90,220" step="2"/><W23/><G1/><T80/><REACH who="0" step="1"/><D76/><REACH who="0" ten="180,490,90,220" step="2"/><U38/><E38/><V105/><F105/><W73/><G107/><T123/><D123/><U96/><E77/><V90/><AGARI ba="1,2" hai="22,26,30,32,33,56,62,67,87,90,94,108,109,111" machi="90" ten="40,8000,1" yaku="1,1,0,1,14,1,53,1" doraHai="95" doraHaiUra="89" who="2" fromWho="2" sc="180,-21,490,-41,90,103,220,-21" /><INIT seed="2,0,0,3,4,96" ten="159,449,193,199" oya="2" hai0="113,4,114,135,48,14,11,47,25,107,80,32,127" hai1="59,24,56,29,134,108,38,105,33,103,129,12,95" hai2="68,84,63,117,132,79,130,73,22,53,119,92,86" hai3="20,97,128,18,93,42,131,6,3,27,78,64,41"/><V26/><F73/><W36/><G64/><T100/><D135/><U126/><E38/><V46/><F132/><W71/><G71/><T44/><D127/><U37/><E37/><V62/><F130/><N who="3" m="49707" /><G78/><T111/><D111/><U16/><E129/><V121/><F121/><W120/><G120/><T85/><D32/><U5/><E134/><V94/><F79/><W54/><G36/><T74/><D25/><U98/><E108/><V7/><F7/><W72/><G72/><T43/><D47/><U102/><E126/><V49/><F92/><W13/><G54/><T106/><D74/><U66/><E66/><V2/><F2/><W17/><G6/><T21/><D21/><U77/><E77/><V23/><F23/><N who="3" m="11695" /><G3/><T0/><D0/><U104/><E5/><V61/><F68/><W58/><G58/><T69/><D69/><U75/><E75/><V31/><REACH who="2" step="1"/><F94/><REACH who="2" ten="159,449,183,199" step="2"/><W40/><G40/><T65/><D107/><U39/><E95/><V52/><F52/><W87/><G87/><AGARI ba="0,1" hai="22,26,31,46,49,53,61,62,63,84,86,87,117,119" machi="87" ten="40,3900,0" yaku="1,1,53,1" doraHai="96" doraHaiUra="19" who="2" fromWho="3" sc="159,0,449,0,183,49,199,-39" /><INIT seed="2,1,0,3,0,9" ten="159,449,232,160" oya="2" hai0="132,131,61,15,99,50,43,42,14,7,33,17,117" hai1="24,79,119,22,86,129,58,133,55,74,124,6,59" hai2="128,90,83,46,97,127,78,20,2,36,66,98,80" hai3="52,77,38,62,11,41,115,8,112,34,51,12,92"/><V0/><F127/><W111/><G111/><T130/><D33/><U21/><E119/><V69/><F128/><N who="0" m="49194" /><D117/><U73/><E129/><V48/><F36/><W81/><G34/><T106/><D132/><U121/><E133/><V135/><F135/><W26/><G26/><T18/><D61/><U75/><E6/><V29/><F66/><W16/><G92/><T49/><D7/><U114/><E114/><N who="3" m="43562" /><G62/><T88/><D106/><U120/><E124/><V84/><F69/><W118/><G11/><N who="0" m="6367" /><D42/><U94/><E94/><V64/><F64/><W35/><G35/><T103/><D103/><U100/><E100/><V23/><F0/><W105/><G105/><T45/><D50/><U102/><E102/><V44/><F2/><W108/><G108/><T109/><D109/><U68/><E68/><V5/><F48/><W65/><G65/><T60/><D60/><U76/><E74/><V4/><F29/><W37/><G41/><T134/><D134/><U27/><E55/><V39/><F39/><W113/><G118/><T25/><D25/><U122/><E122/><V40/><F40/><W57/><G113/><T93/><D18/><U82/><E82/><V107/><F107/><W31/><G31/><T95/><D95/><U89/><E86/><AGARI ba="1,0" hai="8,12,16,37,38,51,52,57,77,81,86" m="43562" machi="86" ten="30,7700,0" yaku="11,1,52,1,54,2" doraHai="9" who="3" fromWho="1" sc="159,0,449,-80,232,0,160,80" /><INIT seed="3,0,0,2,3,4" ten="159,369,232,240" oya="3" hai0="25,28,23,39,98,56,1,108,116,128,113,112,99" hai1="41,17,68,81,87,114,118,72,109,7,19,66,82" hai2="126,24,61,131,15,83,103,34,63,9,48,93,3" hai3="79,120,71,44,106,40,85,46,62,125,123,29,73"/><W84/><G73/><T110/><D116/><U95/><E114/><N who="0" m="44137" /><D39/><U22/><E109/><N who="0" m="42089" /><D128/><U127/><E127/><V77/><F3/><W57/><G125/><T42/><D42/><U47/><E7/><V58/><F103/><W89/><G71/><T8/><D56/><U0/><E0/><V70/><F70/><W12/><G106/><T43/><D43/><U35/><E47/><V88/><F131/><W134/><G46/><T121/><D121/><U10/><E41/><V33/><F126/><W14/><G134/><T91/><D91/><U55/><E55/><V129/><F129/><W45/><G44/><T59/><D59/><U101/><E66/><V31/><F34/><W21/><G57/><T26/><D26/><U11/><E35/><V78/><F48/><W32/><G45/><T30/><D30/><U53/><E53/><V65/><F63/><W135/><G62/><T69/><D69/><U64/><E64/><V105/><F105/><W80/><G32/><T86/><D86/><U16/><E87/><V5/><F83/><N who="1" m="31753" /><E68/><V119/><F119/><W13/><G40/><T117/><D117/><U104/><E104/><V67/><F67/><W74/><G120/><T51/><D51/><U130/><E72/><V90/><F90/><W124/><G124/><T75/><D75/><U102/><E130/><V92/><F92/><N who="3" m="54311" /><G123/><T115/><N who="0" m="44145" /><T100/><DORA hai="122" /><D100/><N who="1" m="38507" /><E95/><V37/><F37/><W132/><G74/><T76/><D76/><U6/><E118/><V27/><F27/><W96/><G29/><T52/><D52/><U50/><E50/><V38/><F38/><RYUUKYOKU ba="0,0" sc="159,15,369,-15,232,15,240,-15" hai0="1,8,23,25,28,98,99" hai2="5,9,15,24,31,33,58,61,65,77,78,88,93" /><INIT seed="4,1,0,0,1,24" ten="174,354,247,225" oya="0" hai0="16,32,18,93,48,1,126,103,34,122,100,62,27" hai1="17,128,60,76,111,33,6,127,23,134,11,94,119" hai2="21,45,5,113,130,54,99,79,115,83,129,82,120" hai3="41,112,114,91,69,70,50,123,58,4,124,29,55"/><T107/><D1/><U105/><E111/><V12/><F120/><W78/><G78/><T9/><D122/><U25/><E119/><V89/><F54/><W22/><G124/><T10/><D107/><U92/><E105/><V51/><F5/><W59/><G4/><T63/><D27/><U20/><E33/><V36/><F36/><W77/><G77/><T109/><D48/><U118/><E118/><V2/><F21/><W66/><G123/><T49/><D49/><U102/><E76/><V38/><F12/><W56/><G41/><T98/><D93/><U30/><E60/><V40/><F2/><W110/><G110/><T81/><D109/><U15/><E127/><V8/><F8/><W90/><G66/><T117/><D117/><U57/><E57/><V52/><F38/><W85/><G90/><T74/><D98/><U3/><E128/><N who="2" m="49259" /><F40/><W31/><G22/><T96/><D96/><U84/><E102/><V135/><F135/><W14/><G14/><T65/><D81/><N who="2" m="30730" /><F79/><W108/><G108/><T106/><D106/><U28/><E134/><V19/><F19/><W0/><G0/><T68/><D126/><U42/><E42/><V86/><F99/><W80/><G69/><T75/><REACH who="0" step="1"/><D65/><REACH who="0" ten="164,354,247,225" step="2"/><U39/><E39/><V121/><F121/><W97/><G97/><T132/><D132/><U43/><E3/><V67/><F67/><W7/><G80/><AGARI ba="1,1" hai="45,51,52,80,86,89,113,115" m="30730,49259" machi="80" ten="30,2000,0" yaku="19,1,54,1" doraHai="24" who="2" fromWho="3" sc="164,0,354,0,247,33,225,-23" /><INIT seed="5,0,0,5,2,97" ten="164,354,280,202" oya="1" hai0="128,20,75,54,94,60,48,106,57,52,67,116,134" hai1="47,9,18,100,42,0,121,135,122,105,109,4,68" hai2="63,29,123,130,101,34,69,89,120,85,83,2,41" hai3="36,51,102,96,40,87,133,65,95,99,15,119,58"/><U59/><E68/><V77/><F2/><W56/><G36/><T21/><D106/><U3/><E3/><V88/><F41/><W127/><G127/><T45/><D75/><U117/><E117/><V61/><F130/><W7/><G133/><T19/><D116/><U84/><E135/><V64/><F101/><W72/><G72/><T111/><D134/><U104/><E104/><V49/><F49/><W12/><G119/><T114/><D128/><U37/><E109/><V132/><F132/><W125/><G125/><T90/><D111/><U17/><E84/><V82/><F89/><W27/><G27/><T53/><D114/><U26/><E59/><V129/><F129/><W73/><G73/><T55/><REACH who="0" step="1"/><D19/><REACH who="0" ten="154,354,280,202" step="2"/><U107/><E18/><V13/><F123/><W16/><G16/><T126/><D126/><U23/><E107/><V79/><F120/><W43/><G7/><T10/><D10/><U8/><E8/><V24/><F79/><W22/><G22/><T14/><D14/><U86/><E105/><V39/><F13/><W115/><G12/><T118/><D118/><U124/><E124/><V62/><F39/><W11/><G15/><T112/><D112/><U110/><E110/><V46/><F77/><W50/><G11/><T6/><D6/><U28/><E122/><V113/><F113/><W80/><G115/><T92/><D92/><U70/><E121/><V131/><F131/><W74/><G95/><T103/><D103/><U76/><E100/><V44/><F83/><W108/><G102/><T71/><D71/><U31/><E70/><V33/><F33/><RYUUKYOKU ba="0,1" sc="154,10,354,10,280,10,202,-30" hai0="20,21,45,48,52,53,54,55,57,60,67,90,94" hai1="0,4,9,17,23,26,28,31,37,42,47,76,86" hai2="24,29,34,44,46,61,62,63,64,69,82,85,88" /><INIT seed="5,1,1,4,4,62" ten="164,364,290,172" oya="1" hai0="64,14,54,104,18,0,102,84,109,116,59,46,88" hai1="110,111,96,80,68,89,92,24,37,117,94,3,53" hai2="2,6,73,76,95,115,127,31,77,32,66,48,99" hai3="98,23,79,22,74,11,26,47,50,67,49,20,129"/><U52/><E117/><V63/><F127/><W45/><G129/><T58/><D0/><U29/><E37/><V135/><F135/><W27/><G11/><T93/><D116/><U81/><E3/><V134/><F134/><W40/><G79/><T78/><D109/><N who="1" m="41483" /><E68/><V25/><F115/><W28/><G74/><T126/><D126/><U123/><E94/><V113/><F113/><W72/><G72/><T1/><D1/><U10/><E10/><V131/><F131/><W15/><G15/><T42/><D78/><U21/><E123/><V112/><F112/><W120/><G120/><T61/><D104/><U43/><E43/><V69/><F48/><W85/><G85/><T108/><D102/><U124/><E124/><V38/><F38/><W105/><G27/><T132/><D132/><U90/><E90/><V70/><F70/><W71/><G105/><T8/><D108/><U51/><E53/><V41/><F41/><W130/><G98/><T119/><D119/><U87/><E96/><V121/><F121/><W103/><G103/><T86/><D86/><U125/><E125/><V34/><F73/><W82/><G82/><T75/><D75/><U107/><E107/><V7/><F2/><W100/><G100/><T13/><D13/><U35/><E35/><V17/><F34/><W114/><G130/><T39/><D54/><U91/><E91/><N who="2" m="55807" /><F77/><W97/><G114/><T83/><D83/><U33/><E33/><V118/><F76/><W19/><G97/><T122/><D122/><U5/><E5/><N who="2" m="1547" /><F118/><W106/><G106/><T55/><D55/><U36/><E36/><RYUUKYOKU ba="1,1" sc="164,10,364,10,290,10,172,-30" hai0="8,14,18,39,42,46,58,59,61,64,84,88,93" hai1="21,24,29,51,52,80,81,87,89,92" hai2="17,25,31,32,63,66,69" /><INIT seed="5,2,1,0,5,89" ten="174,374,300,142" oya="1" hai0="128,8,100,32,56,113,97,71,70,48,28,125,118" hai1="26,62,5,83,49,115,102,82,127,63,2,39,60" hai2="67,80,16,91,9,88,119,106,122,38,47,131,79" hai3="72,130,3,120,29,133,124,17,25,54,21,33,73"/><U75/><E39/><V58/><F119/><W99/><G120/><T68/><D118/><U52/><E115/><V135/><F122/><W55/><G130/><T15/><D113/><U40/><E127/><V57/><F106/><W61/><G124/><T30/><D32/><U24/><E40/><V42/><F131/><W6/><G133/><T76/><D76/><U109/><E109/><V65/><F135/><W74/><G99/><T123/><D128/><U85/><E102/><V51/><F38/><W105/><G105/><T10/><D10/><U69/><E69/><V12/><F58/><W66/><G6/><T35/><D35/><U1/><E75/><V22/><F9/><W117/><G3/><T14/><D14/><U31/><E5/><V86/><F57/><W96/><G96/><T94/><D125/><U37/><E37/><V20/><F22/><W59/><REACH who="3" step="1"/><G117/><REACH who="3" ten="174,374,300,132" step="2"/><T98/><D123/><U93/><E1/><V95/><REACH who="2" step="1"/><F91/><REACH who="2" ten="174,374,290,132" step="2"/><W34/><G34/><T27/><D100/><U84/><E2/><V87/><AGARI ba="2,3" hai="12,16,20,42,47,51,65,67,79,80,86,87,88,95" machi="87" ten="20,16000,3" yaku="1,1,2,1,0,1,7,1,8,1,52,1,54,2,53,0" doraHai="89" doraHaiUra="126" who="2" fromWho="2" sc="174,-42,374,-82,290,196,132,-42" /><INIT seed="6,0,0,3,5,5" ten="132,292,486,90" oya="2" hai0="30,55,41,112,1,56,49,43,61,65,117,12,129" hai1="36,114,126,94,45,105,26,131,58,23,35,107,47" hai2="44,132,9,72,99,48,122,51,37,3,57,78,96" hai3="68,98,111,121,86,69,32,93,95,54,101,80,84"/><V60/><F122/><W133/><G32/><T81/><D1/><U87/><E35/><V83/><F132/><W39/><G39/><T76/><D112/><U130/><E114/><V88/><F51/><W50/><G121/><T16/><D30/><U118/><E118/><V34/><F34/><W19/><G111/><T59/><D129/><U106/><E58/><V52/><F88/><W134/><G93/><T71/><D71/><U135/><E135/><N who="3" m="51722" /><G19/><T85/><REACH who="0" step="1"/><D117/><REACH who="0" ten="122,292,486,90" step="2"/><U40/><E131/><V33/><F33/><W4/><G4/><T7/><D7/><U115/><E130/><V73/><F3/><W10/><G68/><T110/><D110/><U116/><E115/><V42/><F73/><W46/><G69/><T17/><D17/><U109/><E116/><V28/><F28/><W25/><G25/><T0/><D0/><U15/><E26/><V2/><F2/><W102/><G102/><T11/><AGARI ba="0,1" hai="11,12,16,41,43,49,55,56,59,61,65,76,81,85" machi="11" ten="20,12000,2" yaku="1,1,0,1,7,1,8,1,52,1,54,1,53,1" doraHai="5" doraHaiUra="14" who="0" fromWho="0" sc="122,130,292,-30,486,-60,90,-30" /><INIT seed="7,0,0,4,4,38" ten="252,262,426,60" oya="3" hai0="36,35,40,115,108,28,10,33,82,127,19,61,99" hai1="55,113,23,53,49,64,114,77,112,32,39,43,94" hai2="119,121,126,89,11,6,80,73,26,47,117,79,134" hai3="124,60,107,81,111,91,102,12,46,131,95,58,76"/><W41/><G124/><T69/><D108/><U88/><E32/><V4/><F4/><W20/><G131/><T2/><D28/><U130/><E130/><V87/><F134/><W56/><G111/><T66/><D127/><U29/><E77/><V123/><F126/><W27/><G102/><T57/><D57/><BYE who="0" /><U51/><E64/><UN n0="%74%73%75%6B%69%31" /><V54/><F26/><W45/><G12/><T22/><D115/><U78/><E78/><V100/><F54/><N who="1" m="20489" /><E39/><V50/><F50/><N who="3" m="26927" /><G46/><T48/><D36/><U96/><E43/><V104/><F47/><W15/><G15/><T24/><D40/><U68/><E68/><V16/><F100/><W52/><G58/><T86/><D48/><U128/><E128/><V101/><F101/><W84/><G107/><T7/><D99/><U92/><E92/><V120/><F104/><W59/><G59/><T9/><D9/><U3/><E3/><V110/><F110/><W74/><G74/><T1/><D2/><U8/><E8/><V0/><F0/><W75/><G75/><T132/><D132/><U67/><E67/><V106/><F106/><W83/><G76/><AGARI ba="0,0" hai="1,7,10,19,22,24,33,35,61,66,69,76,82,86" machi="76" ten="30,1000,0" yaku="7,1" doraHai="38" who="0" fromWho="3" sc="252,10,262,0,426,0,60,-10" owari="262,6.2,262,-13.8,426,52.6,50,-45.0" /></mjloggm>