<mjloggm ver="2.3"><GO type="169" lobby="0"/><UN n0="%E6%AD%A3%E6%B0%A3%E5%8D%81%E8%B6%B3" n1="%E3%82%86%E3%81%88%EF%BC%A0%E9%9B%80%E9%AC%BC%E6%B5%81%E7%B8%9B%E3%82%8A" n2="%E8%B5%A4%E7%BE%8E%E6%BF%83%E3%81%BE%E3%81%90%E3%82%8D" n3="%70%6F%6E%2D%65%6E" dan="16,17,17,16" rate="2087.42,2167.98,2238.70,2195.21" sx="M,F,M,F"/><TAIKYOKU oya="0"/><INIT seed="0,0,0,5,2,54" ten="250,250,250,250" oya="0" hai0="125,75,44,8,30,53,49,56,80,128,38,105,88" hai1="103,2,55,63,94,14,16,109,45,133,60,131,48" hai2="68,4,66,20,72,114,41,76,78,73,81,67,58" hai3="96,111,35,91,12,112,74,21,87,40,85,69,115"/><T26/><D105/><U32/><E2/><V7/><F114/><W118/><G35/><T25/><D128/><U65/><E131/><V43/><F20/><W121/><G69/><T23/><D125/><U124/><E124/><V95/><F95/><W64/><G64/><T36/><D8/><U51/><E32/><V61/><F68/><W93/><G40/><T132/><D132/><U46/><E133/><V39/><F39/><W5/><G5/><T57/><D38/><U126/><E126/><V33/><F33/><W1/><G12/><T27/><D36/><U71/><E109/><V100/><F100/><W92/><G21/><N who="0" m="15663" /><D75/><U84/><E65/><V113/><F113/><W83/><G1/><T42/><D42/><U24/><E24/><N who="0" m="9257" /><D23/><N who="1" m="11671" /><E71/><V129/><F129/><W10/><G10/><T18/><D18/><U22/><E22/><V119/><F119/><W9/><G9/><T108/><D108/><U3/><E3/><V123/><F123/><W89/><G111/><T29/><D29/><U28/><E28/><V86/><F67/><W130/><G130/><T79/><D79/><U106/><E106/><V70/><F70/><W31/><G31/><T97/><D97/><N who="1" m="59831" /><E84/><AGARI ba="0,0" hai="44,49,53,56,57,80,84,88" m="9257,15663" machi="84" ten="30,11600,0" yaku="8,1,52,2,54,1" doraHai="54" who="0" fromWho="1" sc="250,116,250,-116,250,0,250,0" /><INIT seed="0,1,0,5,0,46" ten="366,134,250,250" oya="0" hai0="125,63,34,43,92,121,29,47,98,17,124,50,15" hai1="78,42,38,122,77,26,131,8,30,130,58,123,12" hai2="102,67,87,68,40,106,101,70,9,107,27,84,13" hai3="129,110,48,132,75,72,103,74,76,104,115,127,91"/><T90/><D121/><N who="1" m="46091" /><E58/><V119/><F119/><W33/><G33/><T56/><D29/><U116/><E42/><V2/><F2/><W62/><G62/><T109/><D34/><N who="1" m="20823" /><E38/><V113/><F113/><W86/><G48/><T55/><REACH who="0" step="1"/><D109/><REACH who="0" ten="356,134,250,250" step="2"/><U80/><E116/><V83/><F106/><W81/><G104/><T44/><D44/><U1/><E1/><V4/><F107/><W14/><G110/><T88/><D88/><U108/><E108/><V118/><F118/><W22/><G91/><T61/><D61/><U31/><E31/><V82/><F102/><W133/><G103/><T37/><D37/><U52/><E78/><V79/><F101/><W5/><G76/><T135/><D135/><U45/><E77/><V11/><F79/><W126/><G132/><T35/><D35/><U36/><E36/><V28/><F28/><W69/><G133/><T93/><D93/><U19/><E80/><V117/><F83/><W60/><G81/><T111/><D111/><U18/><E45/><V21/><F82/><W64/><G75/><T53/><D53/><U3/><E52/><V7/><F117/><W128/><G74/><T10/><AGARI ba="1,1" hai="10,15,17,43,47,50,55,56,63,90,92,98,124,125" machi="10" ten="30,6000,0" yaku="1,1,0,1,52,1,53,0" doraHai="46" doraHaiUra="23" who="0" fromWho="0" sc="356,73,134,-21,250,-21,250,-21" /><INIT seed="0,2,0,1,0,17" ten="429,113,229,229" oya="0" hai0="63,95,86,87,133,69,11,65,103,80,98,45,1" hai1="72,76,25,117,102,70,47,22,29,105,110,89,2" hai2="27,91,135,56,106,71,60,44,121,62,77,18,79" hai3="75,41,55,61,10,4,49,30,93,15,68,43,28"/><T128/><D133/><U23/><E70/><V5/><F121/><W134/><G75/><T0/><D128/><U9/><E117/><V122/><F122/><W104/><G104/><T59/><D45/><U132/><E132/><V34/><F106/><W37/><G134/><T64/><D86/><U54/><E105/><V131/><F71/><W20/><G93/><T90/><D64/><U97/><E102/><V32/><F5/><W101/><G101/><T88/><D69/><U130/><E130/><V19/><F44/><W125/><G125/><T114/><D114/><U83/><E110/><V85/><F131/><W39/><G39/><T58/><D58/><U24/><E9/><V35/><F135/><W13/><G61/><T126/><D126/><U127/><E2/><V50/><F50/><W40/><G37/><T57/><D57/><U3/><E3/><V36/><F36/><W113/><G113/><T73/><D73/><U46/><E54/><V52/><F62/><W78/><G78/><T8/><D103/><U33/><E33/><V109/><F109/><W31/><G68/><T84/><D98/><U7/><E7/><V51/><F60/><W99/><G99/><T81/><D95/><N who="1" m="56559" /><E127/><V26/><F79/><W92/><G92/><T82/><D82/><U129/><E129/><V119/><F77/><W53/><G49/><T115/><D115/><U124/><E124/><V67/><F119/><W116/><G116/><T100/><D100/><U118/><E118/><V38/><F38/><W107/><G107/><T123/><D123/><U112/><E112/><V120/><F120/><RYUUKYOKU ba="2,0" sc="429,10,113,10,229,-30,229,10" hai0="0,1,8,11,59,63,65,80,81,84,87,88,90" hai1="22,23,24,25,29,46,47,72,76,83" hai3="4,10,13,15,20,28,30,31,40,41,43,53,55" /><INIT seed="0,3,0,1,0,127" ten="439,123,199,239" oya="0" hai0="46,37,57,118,4,5,117,97,79,80,87,124,21" hai1="32,35,133,16,39,71,123,104,98,3,93,65,75" hai2="69,94,49,110,8,53,121,40,73,66,90,43,89" hai3="109,100,106,85,114,18,51,81,102,56,58,22,26"/><T59/><D124/><U76/><E93/><V33/><F121/><W0/><G109/><T55/><D117/><U78/><E78/><V1/><F33/><W88/><G114/><T6/><D118/><U12/><E12/><V103/><F73/><W108/><G108/><T63/><D37/><U105/><E76/><V122/><F103/><W36/><G36/><T131/><D46/><U107/><E98/><V27/><F27/><W31/><G0/><T115/><D115/><U9/><E16/><V34/><F34/><W125/><G125/><T11/><D21/><U91/><E91/><V47/><F90/><W17/><G106/><T52/><D97/><U95/><E95/><V86/><F122/><W77/><G77/><T13/><REACH who="0" step="1"/><D131/><REACH who="0" ten="429,123,199,239" step="2"/><U112/><E35/><V20/><F110/><W45/><G45/><T41/><D41/><U129/><E123/><V2/><F40/><W130/><G130/><T14/><D14/><U74/><E129/><V15/><F43/><W82/><G22/><T61/><AGARI ba="3,1" hai="4,5,6,11,13,52,55,57,59,61,63,79,80,87" machi="61" ten="20,18000,2" yaku="1,1,0,1,7,1,9,1,8,1,54,1,53,0" doraHai="127" doraHaiUra="64" who="0" fromWho="0" sc="429,199,123,-63,199,-63,239,-63" /><INIT seed="0,4,0,1,5,27" ten="628,60,136,176" oya="0" hai0="80,83,123,5,13,124,65,84,102,135,21,72,117" hai1="132,44,58,125,105,25,134,29,24,77,53,54,74" hai2="62,6,115,56,42,119,19,12,90,81,26,60,30" hai3="73,114,71,38,92,76,112,107,110,75,67,28,48"/><T40/><D117/><U46/><E105/><V55/><F115/><W133/><G48/><T52/><D123/><U34/><E125/><V0/><F0/><W131/><G92/><T91/><D65/><U126/><E126/><V100/><F119/><W94/><G94/><T86/><D40/><U7/><E7/><V49/><F100/><W36/><G76/><T95/><D72/><U45/><E77/><V85/><F6/><W31/><G67/><T122/><D122/><U51/><E74/><V16/><F42/><W113/><G113/><T9/><D135/><N who="1" m="51755" /><E24/><V69/><F69/><W22/><G22/><T103/><D124/><U120/><E120/><V1/><F1/><W78/><G78/><T15/><D95/><U39/><E39/><V130/><F130/><W4/><G133/><T89/><D52/><AGARI ba="4,0" hai="25,29,34,44,45,46,51,52,53,54,58" m="51755" machi="52" ten="30,3900,0" yaku="20,1,52,1,54,1" doraHai="27" who="1" fromWho="0" sc="628,-51,60,51,136,0,176,0" /><INIT seed="1,0,0,2,4,86" ten="577,111,136,176" oya="1" hai0="0,96,73,23,99,118,42,14,13,11,120,65,7" hai1="29,3,6,91,122,4,98,70,56,20,28,27,67" hai2="80,82,9,54,69,68,37,103,76,131,26,72,19" hai3="50,132,112,46,57,87,71,30,24,130,8,48,45"/><U53/><E3/><V102/><F131/><W107/><G71/><T34/><D34/><U105/><E122/><V84/><F37/><W10/><G107/><T108/><D118/><U129/><E129/><V75/><F54/><W117/><G112/><T63/><D73/><U126/><E126/><V113/><F113/><W127/><G132/><T79/><D79/><U74/><E74/><V16/><F75/><W119/><G127/><T12/><D108/><U2/><E2/><V134/><F134/><W31/><G57/><T128/><D128/><U83/><E105/><V43/><F43/><W92/><G130/><T49/><D23/><U81/><E67/><V60/><F19/><W104/><G104/><T125/><D120/><U62/><E70/><V51/><F51/><W123/><G87/><T66/><D66/><U101/><E29/><V32/><F32/><W59/><G92/><T100/><D100/><U40/><E40/><V33/><F33/><W18/><G59/><T52/><D42/><U41/><E101/><V116/><F116/><W77/><G18/><T5/><D5/><N who="1" m="2155" /><E41/><V90/><F69/><W21/><G123/><T133/><D133/><U39/><E39/><V35/><F35/><W88/><G119/><T114/><D125/><U93/><AGARI ba="0,0" hai="20,27,28,53,56,62,81,83,91,93,98" m="2155" machi="93" ten="30,3000,0" yaku="8,1,52,1" doraHai="86" who="1" fromWho="1" sc="577,-10,111,30,136,-10,176,-10" /><INIT seed="1,1,0,2,1,54" ten="567,141,126,166" oya="1" hai0="1,129,32,27,34,52,15,122,105,58,28,107,106" hai1="5,43,73,63,60,123,36,104,97,80,133,38,6" hai2="4,37,65,50,31,72,9,102,49,134,0,71,8" hai3="98,120,41,81,17,78,68,24,7,131,61,125,114"/><U47/><E38/><V115/><F72/><W85/><G120/><T67/><D1/><U25/><E123/><V57/><F37/><W29/><G114/><T91/><D122/><U92/><E104/><V13/><F71/><W90/><G131/><T51/><D129/><U109/><E133/><V74/><F74/><W69/><G125/><T118/><D118/><U82/><E25/><V101/><F31/><W64/><G7/><T44/><D15/><U12/><E109/><V46/><F115/><W40/><G68/><T113/><D91/><U116/><E116/><V126/><F126/><W79/><G17/><T20/><REACH who="0" step="1"/><D113/><REACH who="0" ten="557,141,126,166" step="2"/><U93/><E12/><V100/><F134/><W77/><REACH who="3" step="1"/><G98/><REACH who="3" ten="557,141,126,156" step="2"/><T22/><D22/><AGARI ba="1,2" hai="22,24,29,40,41,61,64,69,77,78,79,81,85,90" machi="22" ten="40,2600,0" yaku="1,1,2,1,53,0" doraHai="54" doraHaiUra="121" who="3" fromWho="0" sc="557,-29,141,0,126,0,156,49" /><INIT seed="2,0,0,3,0,45" ten="528,141,126,205" oya="2" hai0="102,73,96,36,38,21,1,127,63,81,12,116,31" hai1="10,14,100,42,117,95,88,105,65,8,9,69,135" hai2="123,109,126,37,115,91,29,78,3,121,108,56,41" hai3="49,98,30,60,54,55,133,5,129,101,23,93,70"/><V51/><F3/><W22/><G129/><T25/><D1/><U113/><E42/><V104/><F78/><W32/><G133/><T83/><D127/><U130/><E113/><V44/><F104/><W76/><G5/><T61/><D116/><U19/><E117/><V67/><F29/><W33/><G76/><T131/><D131/><U112/><E112/><V80/><F91/><W52/><G33/><T128/><D128/><U39/><E39/><V46/><F80/><W71/><G71/><T85/><D81/><U15/><E130/><V4/><F4/><W89/><G89/><T94/><D73/><U97/><E135/><V48/><F115/><W122/><G122/><N who="2" m="46601" /><F126/><W86/><G86/><T6/><D36/><U75/><E75/><V118/><F118/><W64/><REACH who="3" step="1"/><G49/><REACH who="3" ten="528,141,126,195" step="2"/><N who="2" m="19017" /><F46/><W99/><G99/><T7/><D6/><U120/><E120/><V40/><F40/><W58/><G58/><T26/><D38/><U68/><E88/><V107/><F107/><W0/><G0/><T57/><D57/><U119/><E105/><V106/><F106/><W103/><G103/><T132/><D132/><U114/><E119/><V11/><F56/><W82/><G82/><T87/><D83/><U28/><E114/><V59/><F59/><W79/><G79/><T24/><D85/><U134/><E134/><V77/><F77/><W90/><G90/><T34/><D87/><U74/><E74/><V20/><F44/><W92/><G92/><T66/><D34/><U110/><E100/><V84/><F84/><W35/><G35/><T18/><D102/><U50/><E97/><RYUUKYOKU ba="0,1" sc="528,-10,141,-10,126,-10,195,30" hai3="22,23,30,32,52,54,55,60,64,70,93,98,101" /><INIT seed="3,1,1,2,2,12" ten="518,131,116,225" oya="3" hai0="92,119,114,29,17,48,88,28,76,95,67,86,8" hai1="111,30,2,120,107,94,113,77,87,134,78,112,3" hai2="43,116,109,16,99,44,27,42,41,39,135,1,32" hai3="10,69,20,18,100,57,123,71,110,19,47,61,50"/><W125/><G123/><T103/><D119/><U13/><E107/><V36/><F116/><W91/><G125/><T106/><D114/><U5/><E120/><V46/><F109/><W131/><G131/><T105/><D106/><U31/><E111/><V81/><F135/><W102/><G110/><T26/><D105/><U34/><E134/><V104/><F43/><N who="3" m="24959" /><G71/><T97/><D67/><U49/><E34/><V62/><F62/><W128/><G69/><T115/><D115/><U52/><E3/><V82/><F1/><W98/><G128/><T96/><D48/><U83/><E78/><V63/><F63/><W85/><G98/><T60/><D60/><U89/><E2/><V14/><F32/><W75/><G75/><T6/><D6/><U80/><E113/><V130/><F27/><W74/><G74/><T54/><D54/><U127/><E127/><V132/><F132/><W4/><G4/><T37/><D37/><U51/><E51/><V122/><F122/><W124/><G10/><T90/><D76/><U56/><E77/><V9/><F130/><W101/><G20/><N who="0" m="13583" /><D8/><N who="1" m="4239" /><E112/><V64/><F64/><N who="3" m="38959" /><G124/><T59/><D59/><U118/><E118/><V84/><F84/><W66/><G66/><T72/><D72/><U73/><E73/><V21/><F9/><W11/><G11/><T58/><D58/><U70/><E70/><V15/><F15/><W0/><G0/><T68/><D68/><U129/><E129/><V33/><F33/><W24/><G24/><T65/><D65/><U45/><E56/><V25/><F25/><W40/><G40/><T133/><D133/><RYUUKYOKU ba="1,1" sc="518,0,131,0,116,0,225,0" hai0="28,29,86,88,90,92,95,96,97,103" hai1="30,31,45,49,52,80,83,87,89,94" hai2="14,16,21,36,39,41,42,44,46,81,82,99,104" hai3="18,19,85,91,100,101,102" /><INIT seed="3,2,1,2,3,42" ten="518,131,116,225" oya="3" hai0="35,32,98,122,127,84,29,115,47,56,97,86,33" hai1="62,9,38,43,74,93,130,46,66,123,54,113,16" hai2="119,10,135,3,128,88,23,7,132,124,107,58,53" hai3="82,50,48,111,65,110,91,83,75,85,112,28,6"/><W17/><G112/><T59/><D122/><U31/><E74/><V41/><F119/><W34/><G6/><T125/><D29/><U36/><E113/><V61/><F107/><W70/><G17/><T25/><D115/><U51/><E123/><V118/><F118/><W117/><G117/><T96/><D25/><U103/><E130/><V21/><F128/><W131/><G131/><T120/><D47/><U26/><E43/><V92/><F41/><W95/><G65/><T30/><D30/><U99/><E9/><V81/><F81/><N who="3" m="30731" /><G70/><T129/><D120/><U45/><E16/><V12/><F124/><N who="0" m="47690" /><D129/><U77/><E77/><V76/><F76/><W40/><G75/><T69/><D69/><U68/><REACH who="1" step="1"/><E46/><REACH who="1" ten="518,121,116,225" step="2"/><V55/><F3/><W102/><G40/><T1/><D1/><U15/><E15/><V4/><F4/><W20/><G111/><T104/><D104/><U57/><E57/><AGARI ba="2,2" hai="32,33,35,56,57,59,84,86,96,97,98" m="47690" machi="57" ten="40,5200,0" yaku="28,2,18,1" doraHai="42" who="0" fromWho="1" sc="518,78,121,-58,116,0,225,0" /><INIT seed="4,0,0,0,0,123" ten="596,63,116,225" oya="0" hai0="62,68,25,86,65,55,97,70,131,84,64,8,130" hai1="110,39,98,20,15,104,101,63,95,22,111,113,90" hai2="106,103,32,41,48,58,135,47,59,99,120,31,73" hai3="94,69,112,102,18,17,56,6,29,5,34,85,37"/><T21/><D8/><U24/><E39/><V36/><F120/><W82/><G69/><T7/><D7/><U78/><E78/><V40/><F135/><W33/><G37/><T42/><D42/><U75/><E75/><V61/><F73/><W66/><G112/><T12/><D12/><U128/><E128/><V132/><F132/><W38/><G38/><T67/><D97/><U127/><E127/><V28/><F58/><W1/><G29/><T72/><D72/><U83/><E83/><V116/><F116/><W108/><G56/><N who="0" m="35103" /><D68/><U30/><E113/><V124/><F32/><W46/><G85/><T80/><D70/><U87/><REACH who="1" step="1"/><E63/><REACH who="1" ten="596,53,116,225" step="2"/><V74/><F74/><W117/><G117/><T9/><D80/><U51/><E51/><V114/><F114/><W81/><G82/><T2/><D130/><U100/><E100/><V52/><F124/><W3/><G102/><T121/><D131/><U0/><E0/><V119/><F119/><W96/><G81/><T60/><D60/><U54/><E54/><V109/><F36/><W35/><G3/><T92/><D2/><U11/><E11/><V79/><F79/><W44/><G1/><T14/><D9/><U10/><E10/><V71/><F41/><W27/><G5/><T43/><D43/><U49/><E49/><V118/><F118/><W134/><G6/><T93/><D64/><U57/><E57/><V126/><F126/><W45/><G66/><T133/><D65/><U129/><E129/><V19/><F71/><W88/><G134/><T16/><D133/><U105/><E105/><V77/><F106/><RYUUKYOKU ba="0,1" sc="596,-10,53,30,116,-10,225,-10" hai1="15,20,22,24,30,87,90,95,98,101,104,110,111" /><INIT seed="5,1,1,3,1,59" ten="586,83,106,215" oya="1" hai0="8,20,58,71,46,88,17,9,18,130,122,112,1" hai1="81,56,125,116,22,75,50,96,102,115,7,14,29" hai2="98,43,135,110,10,129,104,66,5,25,64,113,114" hai3="3,117,106,134,54,91,27,105,68,53,67,52,87"/><U42/><E75/><V6/><F110/><W41/><G3/><T131/><D71/><U69/><E69/><V45/><F129/><W51/><G134/><T124/><D112/><N who="2" m="43114" /><F135/><W94/><G117/><T83/><D124/><U92/><E125/><V55/><F55/><W128/><G128/><T78/><D122/><U35/><E35/><V85/><F85/><W37/><G37/><T97/><D46/><N who="1" m="25943" /><E116/><V49/><F25/><W86/><G86/><T84/><D130/><U4/><E81/><V16/><F16/><W121/><G121/><T123/><D18/><N who="1" m="10583" /><E29/><V21/><F21/><W26/><G106/><T23/><D23/><U76/><E115/><V72/><F72/><W109/><G105/><T15/><D123/><U107/><E107/><V13/><F5/><W89/><G109/><T133/><D1/><U63/><E76/><V82/><F82/><W65/><G68/><T95/><D131/><U100/><E100/><AGARI ba="1,1" hai="6,10,13,43,45,49,64,66,98,100,104" m="43114" machi="100" ten="30,2000,0" yaku="15,1,11,1" doraHai="59" who="2" fromWho="1" sc="586,0,83,-23,106,33,215,0" /><INIT seed="6,0,0,1,4,115" ten="586,60,139,215" oya="2" hai0="33,67,102,39,6,23,131,133,18,50,57,110,104" hai1="37,40,121,31,1,82,73,66,38,113,62,53,46" hai2="80,27,11,116,55,95,59,99,60,107,65,90,7" hai3="76,79,109,4,71,42,74,35,63,10,78,15,19"/><V13/><F116/><W85/><G109/><T3/><D39/><U100/><E38/><V117/><F117/><W96/><G74/><T17/><D110/><U68/><E113/><V20/><F107/><W26/><G42/><T32/><D133/><U56/><E121/><V97/><F80/><W92/><G71/><T103/><D131/><U81/><E73/><V48/><F99/><W135/><G135/><T87/><D3/><U101/><E1/><V54/><REACH who="2" step="1"/><F48/><REACH who="2" ten="586,60,129,215" step="2"/><W43/><G96/><T120/><D50/><U34/><E82/><V58/><F58/><W9/><G92/><T69/><D57/><U72/><E81/><V127/><F127/><W0/><G79/><T70/><D104/><U130/><E130/><V8/><F8/><W108/><G10/><T64/><D69/><U47/><E47/><V16/><AGARI ba="0,1" hai="7,11,13,16,20,27,54,55,59,60,65,90,95,97" machi="16" ten="20,18000,2" yaku="1,1,0,1,7,1,8,1,54,1,53,1" doraHai="115" doraHaiUra="52" who="2" fromWho="2" sc="586,-60,60,-60,129,190,215,-60" /><INIT seed="6,1,0,0,5,78" ten="526,0,319,155" oya="2" hai0="88,112,39,129,36,67,3,20,99,75,107,130,57" hai1="121,37,47,90,116,96,117,113,66,13,62,15,103" hai2="61,94,80,26,9,70,128,14,43,102,24,73,115" hai3="98,93,125,79,1,108,31,8,7,60,59,68,123"/><V12/><F115/><W55/><G108/><T64/><D3/><U131/><E37/><V48/><F128/><N who="0" m="49258" /><D112/><U69/><E131/><V29/><F70/><W30/><G123/><T46/><D75/><U127/><E113/><V92/><F61/><W0/><G125/><T18/><D57/><U21/><E127/><V52/><F43/><W25/><G0/><T119/><D119/><U58/><E121/><V54/><F54/><W49/><G79/><T124/><D124/><U27/><E47/><V42/><F42/><W51/><G68/><T84/><D99/><U106/><E116/><V33/><F24/><W97/><G97/><T5/><D5/><U16/><E117/><V71/><F71/><W111/><G31/><T100/><D100/><U72/><E72/><V44/><F102/><W132/><G132/><T19/><D107/><U110/><E110/><V32/><F32/><W120/><G120/><T83/><D18/><U105/><E105/><V77/><REACH who="2" step="1"/><F14/><REACH who="2" ten="526,0,309,155" step="2"/><W76/><G111/><T86/><D64/><U40/><E40/><V10/><F10/><W95/><G60/><T74/><D67/><U11/><E69/><V63/><F63/><W38/><G55/><T122/><D122/><U91/><E15/><V104/><F104/><W35/><G8/><T41/><D41/><U109/><E109/><V6/><AGARI ba="1,1" hai="6,9,12,26,29,33,44,48,52,73,77,80,92,94" machi="6" ten="20,18000,2" yaku="1,1,0,1,7,1,52,1,54,1,53,2" doraHai="78" doraHaiUra="89" who="2" fromWho="2" sc="526,-61,0,-61,309,193,155,-61" owari="465,26.5,-61,-56.1,502,60.2,94,-30.6" /></mjloggm>