<mjloggm ver="2.3"><GO type="169" lobby="0"/><UN n0="%E3%83%8F%E3%83%B3%E3%83%81%E3%83%A7%E3%82%A6%E5%A4%A7%E6%A7%BB" n1="%E6%B2%B3%E7%AB%A5%E3%81%AE%E3%83%AF%E3%82%AB%E3%83%9E%E3%83%84" n2="%2D%E8%B1%8A%E5%8F%A3%E3%82%81%E3%81%90%E3%81%BF%2D" n3="%62%73%64%5F%33" dan="16,17,17,17" rate="2094.18,2166.39,2162.33,2106.72" sx="M,M,F,F"/><TAIKYOKU oya="0"/><INIT seed="0,0,0,4,3,4" ten="250,250,250,250" oya="0" hai0="14,115,53,133,77,50,86,90,123,96,27,59,9" hai1="128,82,81,119,40,32,58,103,109,61,112,102,8" hai2="11,51,56,46,74,47,104,48,67,95,91,21,49" hai3="18,83,117,66,68,33,24,19,88,113,124,6,70"/><T12/><D115/><U37/><E119/><V54/><F104/><W94/><G117/><T43/><D123/><U52/><E32/><V17/><F74/><W130/><G113/><T44/><D133/><U126/><E112/><V34/><F34/><W64/><G130/><T38/><D27/><U16/><E128/><V132/><F132/><W98/><G124/><T125/><D125/><U111/><E126/><V63/><F11/><W76/><G6/><T31/><D31/><U15/><E40/><V89/><F95/><W79/><G79/><T1/><D96/><U75/><E37/><V20/><F20/><W26/><G70/><T5/><REACH who="0" step="1"/><D77/><REACH who="0" ten="240,250,250,250" step="2"/><N who="1" m="44223" /><E82/><AGARI ba="0,1" hai="1,5,9,12,14,38,43,44,50,53,59,82,86,90" machi="82" ten="30,11600,0" yaku="1,1,7,1,52,1,53,1" doraHai="4" doraHaiUra="55" who="0" fromWho="1" sc="240,126,250,-116,250,0,250,0" /><INIT seed="0,1,0,3,3,53" ten="366,134,250,250" oya="0" hai0="101,103,34,19,56,62,116,21,14,104,109,88,39" hai1="118,25,10,64,12,44,45,75,106,22,6,76,81" hai2="51,125,54,50,58,69,123,112,57,77,96,99,134" hai3="52,11,2,93,4,78,107,124,122,113,126,29,0"/><T37/><D116/><U9/><E118/><V132/><F112/><W105/><G113/><T59/><D34/><U89/><E106/><V128/><F123/><W46/><G0/><T49/><D104/><U27/><E27/><V92/><F69/><W94/><G122/><T36/><D109/><U110/><E110/><V35/><F35/><W32/><G78/><T119/><D119/><U86/><E10/><V48/><F125/><N who="3" m="48235" /><G94/><T111/><D111/><U74/><E64/><V1/><F1/><W61/><G93/><T23/><D21/><U84/><E75/><V79/><F128/><W16/><G29/><T63/><D49/><U131/><E74/><V33/><F33/><W83/><G83/><T30/><D88/><U43/><E43/><V135/><F54/><W73/><G73/><T117/><D30/><N who="1" m="17719" /><E131/><V26/><F26/><W87/><G87/><T13/><D117/><U20/><E20/><V97/><F92/><AGARI ba="1,0" hai="6,9,12,44,45,76,81,84,86,89,92" m="17719" machi="92" ten="30,1000,0" yaku="8,1" doraHai="53" who="1" fromWho="2" sc="366,0,134,13,250,-13,250,0" /><INIT seed="1,0,0,5,0,75" ten="366,147,237,250" oya="1" hai0="83,120,51,65,4,96,36,30,91,130,39,124,26" hai1="92,131,49,128,34,8,45,62,111,99,59,16,122" hai2="50,73,7,27,81,123,61,110,64,52,132,102,95" hai3="107,14,70,29,129,67,9,89,112,119,47,17,3"/><U88/><E34/><V93/><F123/><W87/><G112/><T116/><D116/><U115/><E115/><V84/><F110/><W22/><G107/><T18/><D65/><U44/><E122/><V97/><F132/><W133/><G119/><T31/><D4/><U46/><E111/><V126/><F126/><W80/><G133/><T134/><D134/><U12/><REACH who="1" step="1"/><E49/><REACH who="1" ten="366,137,237,250" step="2"/><V54/><F50/><W101/><G129/><T40/><D51/><U79/><E79/><V100/><F73/><W57/><G47/><T135/><D120/><U48/><E48/><V76/><F7/><W32/><G32/><T106/><D130/><U58/><E58/><N who="2" m="36919" /><F27/><W98/><G57/><T86/><D26/><U38/><E38/><V109/><F109/><W19/><G70/><T56/><D56/><U41/><E41/><V71/><F71/><W118/><G118/><T90/><D40/><U105/><E105/><V117/><F117/><W127/><G127/><T77/><D106/><U66/><AGARI ba="0,1" hai="8,12,16,44,45,46,59,62,66,88,92,99,128,131" machi="66" ten="30,11700,0" yaku="1,1,0,1,54,2,53,0" doraHai="75" doraHaiUra="72" who="1" fromWho="1" sc="366,-39,137,127,237,-39,250,-39" /><INIT seed="1,1,0,2,5,28" ten="327,264,198,211" oya="1" hai0="94,103,51,106,66,70,129,33,23,79,39,63,14" hai1="54,82,34,91,36,1,126,102,118,130,5,61,16" hai2="58,4,49,73,17,15,38,93,13,111,123,68,100" hai3="83,56,9,133,8,32,71,35,125,124,108,20,85"/><U24/><E118/><V55/><F123/><W26/><G71/><T127/><D39/><U0/><E36/><V52/><F111/><W75/><G75/><T65/><D79/><U90/><E102/><V80/><F68/><W120/><G120/><T41/><D66/><U117/><E117/><V76/><F38/><W109/><G56/><T114/><D94/><U113/><E113/><V134/><F134/><W48/><G48/><T47/><D114/><U87/><E130/><V42/><F42/><W119/><G119/><T18/><D127/><N who="3" m="48713" /><G133/><T105/><D129/><U122/><E122/><V81/><F81/><W19/><G9/><T131/><D131/><U78/><E126/><V3/><F55/><W12/><G85/><T121/><D121/><U57/><E5/><V44/><F58/><W88/><G88/><T22/><D103/><U7/><E7/><V110/><F110/><N who="3" m="42603" /><G83/><T11/><D11/><U45/><E90/><V37/><F37/><W62/><G62/><T128/><D128/><U98/><E45/><V64/><F64/><W40/><G40/><T53/><D41/><U95/><E61/><V112/><F112/><W107/><G107/><T46/><D46/><U6/><E57/><V115/><F115/><W101/><G101/><T10/><D106/><U21/><E54/><V60/><F60/><W43/><G43/><T96/><D105/><U97/><E91/><V29/><F100/><W25/><G25/><T2/><D96/><U135/><E97/><V69/><F69/><W31/><AGARI ba="1,0" hai="8,12,19,20,26,31,32,35" m="42603,48713" machi="31" ten="30,12000,2" yaku="18,1,14,1,34,2,52,2" doraHai="28" who="3" fromWho="3" sc="327,-31,264,-61,198,-31,211,123" /><INIT seed="2,0,0,1,3,29" ten="296,203,167,334" oya="2" hai0="0,46,131,40,11,59,134,70,116,37,20,16,26" hai1="82,66,47,6,60,86,73,68,122,57,23,110,41" hai2="64,102,51,115,58,28,107,48,5,109,133,101,67" hai3="22,21,81,90,112,97,94,119,77,3,31,2,108"/><V99/><F115/><W104/><G119/><T113/><D113/><U17/><E110/><V18/><F133/><W117/><G117/><T8/><D131/><U92/><E122/><V103/><F109/><W74/><G108/><T63/><D70/><U61/><E73/><V80/><F5/><W15/><G112/><T83/><D134/><U132/><E132/><V100/><F18/><W96/><G22/><T91/><D0/><U35/><E92/><V10/><F10/><W130/><G130/><T9/><D116/><U43/><E6/><V49/><F58/><W42/><G42/><T44/><D40/><U135/><E47/><V12/><F12/><W76/><G76/><T53/><D37/><U14/><E35/><V30/><REACH who="2" step="1"/><F80/><REACH who="2" ten="296,203,157,334" step="2"/><W78/><G15/><T69/><D69/><U124/><E135/><V121/><F121/><W125/><G81/><T127/><D127/><U56/><E124/><V39/><F39/><W50/><G2/><T88/><D83/><U1/><E1/><V118/><F118/><W13/><G13/><T7/><D7/><U34/><E68/><V27/><F27/><W123/><G3/><T54/><D46/><U52/><REACH who="1" step="1"/><E34/><REACH who="1" ten="296,193,157,334" step="2"/><V38/><F38/><W62/><G125/><T114/><D114/><U72/><E72/><V24/><F24/><W93/><G74/><T75/><D75/><U129/><E129/><V71/><F71/><W128/><G128/><T89/><D44/><U45/><E45/><V105/><F105/><W33/><G104/><T85/><D85/><U4/><E4/><V65/><AGARI ba="0,2" hai="28,30,48,49,51,64,65,67,99,100,101,102,103,107" machi="65" ten="40,12000,1" yaku="1,1,0,1,29,2,53,0" doraHai="29" doraHaiUra="19" who="2" fromWho="2" sc="296,-40,193,-40,157,140,334,-40" /><INIT seed="2,1,0,0,2,131" ten="256,153,297,294" oya="2" hai0="97,68,103,40,106,86,90,42,112,69,98,2,41" hai1="49,30,46,99,56,58,17,109,44,73,29,35,67" hai2="108,59,62,10,6,123,118,26,74,43,15,33,133" hai3="3,104,22,89,60,32,119,70,45,115,47,23,84"/><V135/><F118/><W81/><G32/><T48/><D2/><U94/><E73/><V87/><F74/><W77/><G3/><T92/><D112/><U130/><E130/><V5/><F123/><W117/><G115/><T50/><D69/><U107/><E107/><V100/><F108/><W72/><G117/><T82/><REACH who="0" step="1"/><D68/><REACH who="0" ten="246,153,297,294" step="2"/><U126/><E109/><V88/><F5/><W114/><G70/><T37/><D37/><U28/><E126/><V111/><F111/><W128/><G114/><T36/><D36/><U79/><E35/><V14/><F33/><W55/><G119/><T78/><AGARI ba="1,1" hai="40,41,42,48,50,78,82,86,90,92,97,98,103,106" machi="78" ten="30,7900,0" yaku="1,1,0,1,53,2" doraHai="131" doraHaiUra="93" who="0" fromWho="0" sc="246,92,153,-21,297,-40,294,-21" /><INIT seed="3,0,0,0,5,48" ten="338,132,257,273" oya="3" hai0="19,22,113,71,102,29,64,59,5,75,13,43,73" hai1="85,124,30,23,96,127,130,34,26,79,132,32,86" hai2="47,4,24,63,103,84,52,61,133,106,36,67,49" hai3="78,17,110,53,95,90,40,118,129,16,20,83,33"/><W55/><G118/><T108/><D108/><U134/><E96/><V28/><F133/><N who="1" m="51305" /><E79/><V98/><F36/><W3/><G33/><N who="1" m="12906" /><E85/><V117/><F117/><W101/><G3/><T6/><D71/><U39/><E39/><V41/><F4/><W50/><G110/><T131/><D102/><U109/><E109/><V51/><F84/><N who="3" m="48247" /><G129/><T93/><D131/><U27/><E86/><V56/><REACH who="2" step="1"/><F67/><REACH who="2" ten="338,132,247,273" step="2"/><W112/><G112/><T77/><D64/><U0/><E130/><V120/><F120/><W65/><G65/><T42/><D75/><U92/><E0/><V69/><F69/><W100/><G100/><T70/><D73/><U123/><E123/><V58/><F58/><W114/><G101/><T97/><D70/><U66/><E66/><V2/><F2/><W21/><G114/><T128/><D113/><U89/><E89/><V104/><F104/><W121/><G90/><T88/><D128/><U11/><E92/><V44/><F44/><N who="3" m="25863" /><G95/><T115/><D115/><U82/><E82/><V80/><F80/><W54/><G121/><T68/><D68/><U37/><E37/><V1/><F1/><W81/><G81/><T76/><D59/><U87/><E87/><V9/><F9/><W10/><G10/><T38/><D38/><U125/><E11/><V15/><F15/><W8/><G8/><T7/><D77/><U72/><E72/><V60/><F60/><W107/><G107/><T111/><D76/><U18/><E125/><V46/><F46/><W74/><G74/><T91/><D111/><U122/><E122/><V116/><F116/><W31/><G31/><RYUUKYOKU ba="0,1" sc="338,-30,132,10,247,10,273,10" hai1="18,23,26,27,30,124,127" hai2="24,28,41,47,49,51,52,56,61,63,98,103,106" hai3="16,17,20,21,53,54,55" /><INIT seed="3,1,1,2,3,103" ten="308,142,257,283" oya="3" hai0="46,32,83,53,17,74,27,54,94,11,108,117,100" hai1="3,106,72,55,18,4,119,56,34,60,59,1,104" hai2="22,86,25,115,132,107,128,23,15,91,66,61,92" hai3="62,47,41,37,95,87,97,85,101,35,29,90,30"/><W88/><G62/><T57/><D117/><U121/><E121/><V126/><F115/><W31/><G35/><T0/><D0/><U131/><E72/><V123/><F123/><W16/><G16/><T93/><D32/><U81/><E131/><V51/><F128/><W125/><G125/><T127/><D127/><U130/><E119/><V14/><F126/><W71/><G71/><T10/><D100/><U133/><E133/><V135/><F51/><W112/><G112/><T76/><D108/><U70/><E81/><V8/><F107/><W79/><G79/><T2/><D2/><U111/><E111/><V20/><F25/><W58/><G58/><T6/><D6/><U38/><E38/><V49/><F49/><W36/><G37/><T114/><D114/><U84/><E84/><V77/><F77/><W69/><G69/><T28/><D17/><U116/><E70/><N who="2" m="42319" /><F8/><W102/><REACH who="3" step="1"/><G90/><REACH who="3" ten="308,142,257,273" step="2"/><T110/><D110/><U21/><E34/><V19/><F19/><W89/><G89/><T80/><D76/><U124/><E124/><V52/><F23/><W113/><G113/><T120/><D120/><U67/><E130/><V68/><F68/><W13/><G13/><T50/><D57/><U98/><E116/><V45/><F15/><W5/><G5/><T7/><D7/><U129/><E129/><V82/><F14/><W33/><G33/><T26/><D50/><N who="1" m="30839" /><E4/><V63/><F22/><W43/><G43/><T73/><D46/><U109/><E109/><V24/><F45/><W96/><G96/><T40/><D40/><U75/><E21/><V99/><F20/><RYUUKYOKU ba="1,2" sc="308,15,142,-15,257,-15,273,15" hai0="10,11,26,27,28,53,54,73,74,80,83,93,94" hai3="29,30,31,36,41,47,85,87,88,95,97,101,102" /><INIT seed="3,2,2,5,4,35" ten="323,127,242,288" oya="3" hai0="123,121,33,56,22,112,68,91,81,12,96,32,97" hai1="107,75,1,70,37,92,83,134,44,66,43,0,57" hai2="135,16,6,105,20,71,50,26,73,17,132,60,85" hai3="52,88,131,61,94,64,125,15,126,128,114,39,53"/><W101/><G114/><T76/><D68/><U7/><E107/><V102/><F73/><W9/><G39/><T115/><D56/><U5/><E70/><V21/><F85/><N who="3" m="52495" /><G101/><T116/><D116/><U78/><E134/><N who="2" m="51243" /><F50/><W42/><G42/><T24/><D12/><U122/><E122/><V124/><F124/><N who="3" m="47723" /><G64/><T117/><D117/><U3/><REACH who="1" step="1"/><E92/><REACH who="1" ten="323,117,242,288" step="2"/><V133/><F133/><W104/><G104/><T95/><D123/><U119/><E119/><V72/><F71/><W28/><G131/><T84/><D121/><U8/><E8/><V49/><F105/><W89/><G128/><T130/><D130/><U29/><E29/><V45/><F72/><W31/><G31/><N who="0" m="17815" /><D97/><U79/><E79/><V11/><F11/><W80/><G28/><T103/><D76/><U87/><E87/><V58/><F20/><W51/><G61/><AGARI ba="2,3" hai="0,1,3,5,7,37,43,44,57,61,66,75,78,83" machi="61" ten="40,8000,1" yaku="1,1,52,3,53,1" doraHai="35" doraHaiUra="62" who="1" fromWho="3" sc="323,0,117,116,242,0,288,-86" /><INIT seed="4,0,0,3,0,124" ten="323,233,242,202" oya="0" hai0="24,120,132,131,49,60,90,39,118,101,43,47,84" hai1="99,35,59,11,129,85,125,57,2,110,50,74,71" hai2="7,34,78,107,10,6,14,25,116,48,102,32,77" hai3="96,16,103,93,117,87,36,79,38,82,80,111,52"/><T113/><D101/><U119/><E110/><V122/><F122/><W44/><G111/><T95/><D118/><U100/><E119/><V55/><F116/><W40/><G117/><T45/><D120/><U67/><E74/><V106/><F6/><W89/><G38/><T134/><D113/><U30/><E125/><V41/><F41/><W97/><G16/><T27/><D60/><U108/><E85/><V68/><F68/><W53/><REACH who="3" step="1"/><G80/><REACH who="3" ten="323,233,242,192" step="2"/><T86/><D39/><U58/><E108/><V15/><F7/><W130/><G130/><T31/><D131/><U81/><E129/><V4/><F4/><W64/><G64/><T75/><D31/><U112/><E81/><V1/><F10/><W115/><G115/><T126/><D126/><U135/><E112/><V73/><F25/><W8/><G8/><T17/><D17/><U109/><E109/><V65/><F65/><W114/><G114/><T23/><D27/><U13/><E11/><V0/><F15/><W46/><G46/><T26/><D26/><U72/><E13/><V9/><F14/><W133/><G133/><T18/><D47/><U12/><E12/><V104/><F9/><W94/><AGARI ba="0,1" hai="36,40,44,52,53,79,82,87,89,93,94,96,97,103" machi="94" ten="20,12000,2" yaku="1,1,0,1,7,1,54,1,53,2" doraHai="124" doraHaiUra="92" who="3" fromWho="3" sc="323,-60,233,-30,242,-30,192,130" /><INIT seed="5,0,0,0,3,45" ten="263,203,212,322" oya="1" hai0="92,109,100,127,38,108,75,67,21,117,37,73,4" hai1="96,80,78,26,110,64,30,66,57,79,24,131,10" hai2="36,0,14,72,128,2,54,121,15,91,97,68,42" hai3="35,22,9,122,59,11,28,82,48,107,89,94,119"/><U115/><E115/><V86/><F121/><W135/><G122/><T111/><D117/><U106/><E131/><V70/><F72/><W93/><G107/><T62/><D4/><U90/><E110/><V17/><F128/><W20/><G35/><T13/><D13/><U43/><E43/><V112/><F97/><W40/><G40/><T31/><D92/><N who="1" m="56343" /><E106/><V52/><F42/><W118/><G135/><T3/><D3/><U49/><E10/><V53/><F36/><W132/><G132/><T84/><D100/><U25/><E30/><V19/><F112/><W63/><G28/><T58/><D84/><N who="1" m="48151" /><E79/><V103/><F103/><W129/><G129/><T55/><D31/><U33/><E33/><V77/><F77/><W6/><G82/><T124/><D21/><U8/><E8/><V114/><F114/><W83/><G83/><T18/><D18/><U41/><E41/><V88/><F54/><AGARI ba="0,0" hai="24,25,26,49,54,57,64,66" m="48151,56343" machi="54" ten="30,2900,0" yaku="8,1,52,1" doraHai="45" who="1" fromWho="2" sc="263,0,203,29,212,-29,322,0" /><INIT seed="5,1,0,0,3,19" ten="263,232,183,322" oya="1" hai0="72,53,27,35,121,11,29,84,87,102,6,36,24" hai1="131,135,118,1,93,32,120,25,132,82,85,51,22" hai2="112,31,78,2,28,77,54,0,39,105,95,66,99" hai3="116,67,45,58,97,133,43,115,129,38,52,75,55"/><U125/><E120/><V73/><F39/><W114/><G75/><T16/><D72/><U74/><E118/><V5/><F105/><W37/><G116/><T4/><D102/><U61/><E1/><V59/><F66/><W90/><G133/><N who="1" m="51274" /><E131/><V91/><F112/><N who="3" m="43051" /><G129/><T7/><D36/><U103/><E125/><V111/><F111/><W56/><G90/><T79/><D79/><U10/><E10/><V20/><F31/><W94/><G37/><T13/><D121/><U110/><E61/><V80/><F5/><W26/><G26/><T107/><D107/><U41/><E32/><V64/><F64/><W123/><G123/><T9/><D11/><U62/><E62/><V18/><F28/><W60/><G94/><T57/><REACH who="0" step="1"/><D27/><REACH who="0" ten="253,232,183,322" step="2"/><U117/><E74/><V71/><F77/><W124/><G124/><T48/><AGARI ba="1,1" hai="4,6,7,9,13,16,24,29,35,48,53,57,84,87" machi="48" ten="30,7900,0" yaku="1,1,2,1,0,1,54,1,53,0" doraHai="19" doraHaiUra="128" who="0" fromWho="0" sc="253,92,232,-40,183,-21,322,-21" /><INIT seed="6,0,0,2,3,92" ten="345,192,162,301" oya="2" hai0="47,36,68,104,83,33,93,128,87,1,131,97,4" hai1="125,116,82,78,54,80,88,27,51,111,72,23,25" hai2="66,11,32,115,14,134,71,65,48,26,77,123,19" hai3="119,5,59,41,18,17,42,63,84,124,113,55,60"/><V57/><F123/><W133/><G119/><T99/><D68/><U52/><E111/><V114/><F77/><W103/><G124/><T13/><D33/><U109/><E109/><V46/><F71/><W90/><G133/><T15/><D1/><U126/><E116/><V85/><F85/><W76/><G103/><T98/><D4/><U107/><E107/><V70/><F70/><W100/><G100/><T108/><D93/><U44/><E54/><V89/><F89/><W91/><G5/><T2/><D2/><U35/><E35/><V43/><F134/><W122/><G122/><T53/><D104/><U0/><E0/><V24/><F24/><W79/><G113/><N who="2" m="43017" /><F57/><W112/><G91/><N who="0" m="51711" /><D108/><U61/><E61/><V22/><F32/><W101/><G101/><T74/><D74/><U106/><E106/><V118/><F118/><W94/><G63/><T30/><D30/><AGARI ba="0,0" hai="11,14,19,22,26,30,43,46,48,65,66" m="43017" machi="30" ten="30,1500,0" yaku="15,1" doraHai="92" who="2" fromWho="0" sc="345,-15,192,0,162,15,301,0" /><INIT seed="6,1,0,3,0,107" ten="330,192,177,301" oya="2" hai0="43,132,106,63,3,86,51,80,44,119,14,35,109" hai1="13,117,19,66,49,131,97,22,52,42,53,72,87" hai2="58,91,33,90,101,37,41,1,122,21,95,28,59" hai3="23,130,64,4,24,11,124,8,89,27,57,128,47"/><V123/><F33/><W67/><G124/><T108/><D3/><U98/><E117/><V105/><F1/><W92/><G47/><T40/><D132/><U125/><E72/><V20/><F41/><W88/><G57/><T76/><D35/><U38/><E131/><V110/><F37/><W34/><G34/><T94/><D106/><U112/><E112/><V62/><F110/><W96/><G89/><T26/><D26/><N who="3" m="9769" /><G23/><T6/><D119/><U61/><E125/><V16/><F28/><W104/><G104/><T115/><D115/><U103/><E38/><V134/><F134/><W29/><G29/><T126/><D126/><U18/><E42/><V135/><F135/><W56/><G56/><T39/><D94/><U84/><E22/><V113/><F113/><W10/><G4/><T54/><D63/><U77/><E61/><V32/><F32/><W116/><G116/><T71/><D71/><U15/><E66/><V46/><F46/><W102/><G102/><T68/><D68/><U99/><E103/><V118/><F118/><W75/><G75/><T70/><D70/><U55/><E49/><V7/><F7/><W65/><G130/><T48/><D39/><U2/><E2/><V69/><F69/><W5/><G128/><T50/><D109/><U0/><E0/><V12/><F21/><W127/><G127/><T45/><D108/><U81/><E84/><N who="2" m="52679" /><F91/><W17/><G5/><T100/><D100/><U78/><E77/><V73/><F73/><W120/><G120/><N who="2" m="46121" /><F62/><W74/><G74/><T36/><D54/><U93/><E93/><V133/><F133/><RYUUKYOKU ba="1,0" sc="330,0,192,0,177,0,301,0" hai0="6,14,36,40,43,44,45,48,50,51,76,80,86" hai1="13,15,18,19,52,53,55,78,81,87,97,98,99" hai2="12,16,20,58,59,101,105" hai3="8,10,11,17,64,65,67,88,92,96" /><INIT seed="6,2,0,0,5,91" ten="330,192,177,301" oya="2" hai0="60,121,16,76,64,13,5,109,104,134,116,122,1" hai1="48,68,94,56,74,66,87,115,44,2,85,22,101" hai2="58,123,110,19,46,32,130,80,26,39,47,126,82" hai3="98,42,0,75,99,90,37,7,57,10,71,106,89"/><V88/><F123/><W11/><G71/><T120/><D104/><U92/><E74/><V132/><F126/><W18/><G75/><T72/><D109/><U15/><E2/><V125/><F125/><W73/><G73/><T45/><D134/><U81/><E68/><V61/><F132/><W70/><G70/><T100/><D100/><U51/><E115/><V127/><F127/><W112/><G37/><T105/><D105/><U67/><E101/><V111/><F130/><W43/><G57/><T135/><D135/><U3/><E3/><V30/><F19/><W6/><G18/><T24/><D24/><U103/><E103/><V79/><F79/><W62/><G62/><T65/><D45/><U20/><E15/><V63/><F63/><W55/><G55/><T41/><D41/><U59/><E44/><V28/><F28/><W49/><G106/><T23/><D116/><U77/><E81/><V12/><F12/><W38/><G38/><T29/><D29/><U131/><E77/><V128/><F128/><AGARI ba="2,0" hai="20,22,48,51,56,59,66,67,85,87,92,94,128,131" machi="128" ten="25,6400,0" yaku="22,2,52,2" doraHai="91" who="1" fromWho="2" sc="330,0,192,70,177,-70,301,0" /><INIT seed="7,0,0,2,3,8" ten="330,262,107,301" oya="3" hai0="130,113,93,63,40,131,48,17,134,73,20,75,2" hai1="41,7,18,44,85,30,119,13,66,87,88,64,31" hai2="58,16,69,122,39,23,97,22,125,101,76,19,111" hai3="121,127,114,123,35,132,79,6,98,105,82,55,108"/><W120/><G35/><T1/><D134/><U77/><E119/><V65/><F111/><W4/><G132/><T9/><D113/><U34/><E7/><V11/><F125/><W60/><G114/><T83/><D93/><U112/><E112/><V104/><F122/><W128/><G127/><T70/><D9/><N who="1" m="6447" /><E34/><V102/><F39/><W116/><G116/><T32/><D32/><U61/><E85/><V72/><F69/><W59/><G108/><T3/><D83/><N who="1" m="49279" /><E77/><V62/><F102/><W81/><G128/><N who="0" m="49195" /><D70/><U28/><E61/><V14/><F76/><W133/><G133/><T0/><D63/><U57/><E57/><V126/><F126/><W25/><G82/><T94/><D0/><U56/><E56/><V89/><F72/><W38/><G38/><T115/><D115/><U49/><AGARI ba="0,0" hai="28,30,31,41,44,49,64,66" m="49279,6447" machi="49" ten="30,4000,0" yaku="8,1,52,1,54,1" doraHai="8" who="1" fromWho="1" sc="330,-10,262,40,107,-10,301,-20" owari="320,42.0,302,10.2,97,-40.3,281,-11.9" /></mjloggm>