<mjloggm ver="2.3"><GO type="169" lobby="0"/><UN n0="%E9%BE%8D%31%30" n1="%47%65%74%74%65%72" n2="%E3%83%87%E3%83%A9%E3%82%B3%E3%83%83%E3%82%B3" n3="%E3%81%84%E3%81%A1%E3%82%8D%E3%83%BC%32%36%32%E6%AD%B3" dan="16,16,16,16" rate="2121.59,2127.56,2154.91,2160.02" sx="M,F,M,M"/><TAIKYOKU oya="0"/><INIT seed="0,0,0,5,5,25" ten="250,250,250,250" oya="0" hai0="123,21,29,58,124,130,94,91,19,7,82,119,15" hai1="57,103,12,16,74,23,27,45,113,128,65,114,108" hai2="30,86,62,50,120,36,100,67,101,47,70,135,78" hai3="117,127,87,10,105,99,34,111,61,46,28,132,129"/><T109/><D119/><U43/><E74/><V31/><F120/><W73/><G73/><T49/><D123/><U118/><E118/><V93/><F36/><W88/><G117/><T55/><D124/><U85/><E108/><V90/><F135/><W32/><G111/><T33/><D109/><U76/><E128/><V75/><F75/><W51/><G132/><T41/><D130/><U60/><E103/><V98/><F78/><W104/><G129/><T13/><D82/><U2/><E2/><V0/><F0/><W80/><G127/><T8/><D41/><U14/><E76/><V92/><REACH who="2" step="1"/><F101/><REACH who="2" ten="250,250,240,250" step="2"/><W131/><G131/><T39/><D39/><U97/><E113/><V115/><F115/><W112/><G112/><T133/><D133/><U48/><E114/><V107/><F107/><W126/><G126/><T26/><D91/><U77/><REACH who="1" step="1"/><E97/><REACH who="1" ten="250,240,240,250" step="2"/><V52/><AGARI ba="0,2" hai="30,31,47,50,52,62,67,70,86,90,92,93,98,100" machi="52" ten="20,12000,2" yaku="1,1,0,1,7,1,52,2,54,1,53,0" doraHai="25" doraHaiUra="79" who="2" fromWho="2" sc="250,-60,240,-30,240,140,250,-30" /><INIT seed="1,0,0,3,2,15" ten="190,210,380,220" oya="1" hai0="129,2,73,9,55,125,69,46,92,110,95,62,103" hai1="57,23,115,122,114,44,35,24,132,121,6,42,71" hai2="133,36,130,30,85,65,29,63,49,1,7,58,87" hai3="126,47,56,77,128,68,43,14,34,119,81,135,78"/><U107/><E71/><V52/><F36/><W124/><G34/><T90/><D110/><U109/><E107/><V13/><F1/><W26/><G26/><T40/><D73/><U59/><E35/><V32/><F133/><W127/><G68/><T64/><D125/><U98/><E132/><V111/><F111/><W10/><G135/><T70/><D129/><U4/><E109/><V104/><F104/><W33/><G33/><T39/><D103/><U88/><E98/><V25/><F30/><W112/><G112/><T72/><D69/><U27/><E23/><V74/><F74/><W48/><G128/><T120/><D72/><U82/><E44/><V17/><F7/><W123/><G123/><T0/><D120/><U117/><E82/><V60/><F60/><W96/><G119/><T86/><D95/><U16/><E42/><V80/><F80/><W131/><G131/><T113/><D113/><U51/><E51/><V94/><F94/><W106/><G56/><T50/><REACH who="0" step="1"/><D9/><REACH who="0" ten="180,210,380,220" step="2"/><U116/><REACH who="1" step="1"/><E88/><REACH who="1" ten="180,200,380,220" step="2"/><V37/><F130/><W105/><G81/><T100/><D100/><U5/><E5/><V101/><F101/><N who="3" m="62631" /><G106/><T67/><D67/><U66/><E66/><V102/><F102/><W20/><G20/><T108/><D108/><U19/><AGARI ba="0,2" hai="4,6,16,19,24,27,57,59,114,115,116,117,121,122" machi="19" ten="25,18000,2" yaku="1,1,0,1,22,2,52,2,54,1,53,0" doraHai="15" doraHaiUra="76" who="1" fromWho="1" sc="180,-60,200,200,380,-60,220,-60" /><INIT seed="1,1,0,0,2,14" ten="120,400,320,160" oya="1" hai0="80,33,25,112,105,56,129,125,99,34,104,88,19" hai1="111,115,89,96,7,75,81,27,51,36,92,132,61" hai2="69,45,121,124,24,103,63,101,94,128,95,4,85" hai3="97,102,66,12,3,116,55,48,46,74,119,52,110"/><U82/><E36/><V113/><F121/><W135/><G3/><T32/><D112/><U93/><E115/><V54/><F113/><W120/><G74/><T67/><D125/><U0/><E0/><V1/><F124/><W109/><G120/><T8/><D129/><U38/><E38/><V2/><F128/><W20/><G66/><T77/><D56/><U18/><E7/><V58/><F69/><W44/><G135/><T15/><D67/><U76/><E132/><V123/><F123/><W70/><G70/><T90/><D25/><U5/><E5/><V9/><F2/><W40/><G20/><T16/><D19/><U57/><E51/><V78/><F45/><W11/><G46/><T98/><D99/><U22/><E92/><V127/><F24/><W31/><G31/><T106/><REACH who="0" step="1"/><D98/><REACH who="0" ten="110,400,320,160" step="2"/><U134/><E134/><V87/><F127/><W64/><G64/><T100/><D100/><U107/><E107/><V71/><F71/><W118/><G109/><T108/><D108/><U28/><E111/><V59/><F59/><W131/><G110/><T130/><D130/><U50/><E28/><V41/><F103/><W53/><G131/><T6/><D6/><U83/><REACH who="1" step="1"/><E50/><REACH who="1" ten="110,390,320,160" step="2"/><V114/><F114/><W65/><G118/><T39/><D39/><U30/><E30/><V122/><F122/><W23/><G119/><T84/><AGARI ba="1,2" hai="8,15,16,32,33,34,77,80,84,88,90,104,105,106" machi="84" ten="40,8000,1" yaku="1,1,0,1,52,1,54,2,53,0" doraHai="14" doraHaiUra="17" who="0" fromWho="0" sc="110,103,390,-41,320,-21,160,-21" /><INIT seed="2,0,0,4,0,94" ten="213,349,299,139" oya="2" hai0="18,58,35,0,64,71,93,104,24,133,25,43,100" hai1="37,66,105,116,69,55,110,23,77,20,129,67,83" hai2="22,82,119,68,15,134,28,34,86,60,16,26,88" hai3="50,73,5,97,76,112,2,131,115,89,8,41,121"/><V40/><F134/><W85/><G121/><T51/><D0/><U118/><E37/><V14/><F40/><W132/><G132/><T103/><D104/><U17/><E105/><V74/><F74/><W130/><G73/><T117/><D35/><U30/><E110/><V98/><F119/><W53/><G41/><T19/><D117/><U63/><E129/><N who="3" m="49162" /><G76/><T49/><D71/><U44/><E66/><V39/><F39/><W3/><G3/><T6/><D6/><U72/><E30/><V80/><F80/><W4/><G4/><T32/><D32/><U45/><E20/><V123/><F123/><W7/><G7/><T70/><D70/><U47/><REACH who="1" step="1"/><E55/><REACH who="1" ten="213,339,299,139" step="2"/><V29/><F29/><W101/><G53/><T78/><D133/><U48/><E48/><V11/><F68/><W111/><G50/><T62/><D49/><U91/><E91/><V31/><F31/><W127/><G111/><T54/><D43/><U1/><E1/><V79/><F60/><W9/><G9/><T135/><D62/><U59/><E59/><V124/><F34/><W122/><G122/><T96/><D58/><U52/><E52/><V13/><F124/><W99/><G127/><T42/><D54/><U81/><E81/><V61/><F61/><W125/><G125/><T90/><D51/><U75/><E75/><V84/><F84/><W10/><G10/><T56/><D64/><U65/><E65/><V27/><F27/><AGARI ba="0,1" hai="17,23,27,44,45,47,63,67,69,72,77,83,116,118" machi="27" ten="40,1300,0" yaku="1,1,53,0" doraHai="94" doraHaiUra="46" who="1" fromWho="2" sc="213,0,339,23,299,-13,139,0" /><INIT seed="3,0,0,3,2,10" ten="213,362,286,139" oya="3" hai0="107,93,109,131,48,41,13,85,38,66,27,8,124" hai1="33,42,134,133,64,113,91,20,5,29,108,49,22" hai2="95,9,58,120,44,68,98,129,114,79,84,6,101" hai3="18,118,59,77,24,104,1,74,37,17,82,45,35"/><W75/><G118/><T100/><D107/><U132/><E113/><V21/><F68/><W127/><G104/><T47/><D109/><U63/><E108/><V57/><F114/><W116/><G116/><T50/><D124/><U130/><E130/><V89/><F129/><W126/><G1/><T25/><D131/><U39/><E39/><V80/><F120/><W83/><G59/><T111/><D66/><U115/><E115/><V105/><F21/><W94/><G94/><T106/><D106/><U125/><E125/><N who="3" m="47626" /><G35/><T62/><D62/><U72/><E72/><N who="3" m="27690" /><G24/><T60/><D60/><U32/><E33/><V96/><REACH who="2" step="1"/><F44/><REACH who="2" ten="213,362,276,139" step="2"/><W65/><G45/><T88/><D111/><U15/><E32/><V69/><F69/><W71/><G71/><T78/><D47/><U117/><E117/><V3/><AGARI ba="0,1" hai="3,6,9,57,58,79,80,84,89,95,96,98,101,105" machi="3" ten="20,2700,0" yaku="1,1,0,1,7,1,53,0" doraHai="10" doraHaiUra="14" who="2" fromWho="2" sc="213,-7,362,-7,276,37,139,-13" /><INIT seed="4,0,0,3,3,69" ten="206,355,313,126" oya="0" hai0="76,134,72,42,81,3,19,54,74,114,53,60,78" hai1="79,123,89,101,58,125,56,14,63,67,86,95,127" hai2="111,4,12,11,15,31,83,121,124,21,1,96,49" hai3="41,23,45,130,55,120,61,135,2,33,32,132,94"/><T48/><D3/><U29/><E123/><V97/><F121/><W26/><G120/><T84/><D114/><U20/><E79/><V105/><F111/><W73/><G73/><T68/><D134/><N who="3" m="51241" /><G2/><T39/><D76/><U25/><E101/><V57/><F83/><W30/><G130/><T103/><D54/><U28/><E28/><V40/><F124/><W109/><G109/><T102/><D74/><U92/><E92/><V119/><F119/><W129/><G129/><T88/><D19/><U110/><E110/><V66/><F105/><W46/><G94/><T7/><D7/><U16/><REACH who="1" step="1"/><E58/><REACH who="1" ten="206,345,313,126" step="2"/><V71/><F57/><N who="3" m="35007" /><G46/><T18/><D103/><U27/><E27/><V34/><F31/><W107/><G107/><T62/><D102/><U122/><E122/><V85/><F71/><W93/><G93/><T38/><D68/><U115/><E115/><V75/><F75/><W77/><G77/><T98/><D78/><U91/><E91/><V5/><F97/><W59/><G59/><T8/><D98/><U65/><E65/><V36/><F66/><W70/><G70/><T13/><D72/><U100/><E100/><V112/><F96/><W99/><G99/><T24/><D24/><U10/><AGARI ba="0,1" hai="10,14,16,20,25,29,56,63,67,86,89,95,125,127" machi="10" ten="30,4000,0" yaku="1,1,0,1,54,1,53,0" doraHai="69" doraHaiUra="43" who="1" fromWho="1" sc="206,-20,345,50,313,-10,126,-10" /><INIT seed="5,0,0,1,1,9" ten="186,395,303,116" oya="1" hai0="54,88,127,129,111,19,104,97,4,40,49,44,86" hai1="113,28,73,30,56,1,65,123,76,36,26,100,32" hai2="116,58,103,29,0,68,79,71,63,90,55,107,77" hai3="33,84,133,115,35,117,25,122,10,24,12,91,31"/><U105/><E123/><V38/><F116/><W120/><G117/><T3/><D111/><U7/><E56/><V41/><F0/><W23/><G115/><T59/><D127/><U92/><E92/><V128/><F128/><W15/><G133/><T48/><D129/><U46/><E30/><V37/><F29/><N who="3" m="19623" /><G91/><T132/><D132/><U130/><E65/><V60/><F90/><W22/><G84/><T20/><D4/><U134/><E113/><V67/><F103/><W53/><G53/><T39/><D3/><U42/><E130/><V5/><F5/><N who="3" m="3151" /><G35/><T47/><D104/><U124/><E134/><V125/><F107/><W95/><G95/><T110/><D97/><U112/><E112/><V17/><F79/><W85/><G85/><T69/><D69/><U108/><E108/><V109/><F77/><W45/><G45/><T99/><D99/><U80/><E100/><V61/><F109/><W94/><G94/><T70/><D70/><U52/><E52/><V13/><F41/><W34/><G34/><T6/><D110/><U72/><E105/><V43/><F43/><W98/><G98/><T89/><D6/><U16/><E73/><V2/><F2/><W78/><G78/><T50/><D89/><U21/><E7/><V121/><F71/><W14/><G23/><T93/><REACH who="0" step="1"/><D47/><REACH who="0" ten="176,395,303,116" step="2"/><U96/><E96/><V75/><F68/><W102/><G102/><T82/><D82/><U62/><E46/><V119/><F119/><W57/><G57/><T135/><D135/><U11/><E80/><V83/><F83/><W51/><G51/><T101/><D101/><RYUUKYOKU ba="0,1" sc="176,15,395,-15,303,-15,116,15" hai0="19,20,39,40,44,48,49,50,54,59,86,88,93" hai3="14,15,22,25,31,120,122" /><INIT seed="6,1,1,2,3,120" ten="191,380,288,131" oya="2" hai0="87,15,102,12,53,3,118,63,129,133,65,20,54" hai1="110,113,117,67,115,42,75,14,73,80,50,91,36" hai2="132,27,19,47,72,9,104,82,26,98,111,88,49" hai3="39,43,100,61,37,41,51,112,44,1,119,126,7"/><V94/><F132/><W76/><G119/><T97/><D118/><U52/><E117/><V89/><F104/><W40/><G100/><T85/><D3/><U79/><E67/><V30/><F111/><W29/><G29/><T22/><D129/><U11/><E110/><V8/><F72/><W6/><G1/><T124/><D133/><U66/><E66/><V108/><F108/><W116/><G116/><T103/><D124/><U81/><E42/><N who="3" m="16490" /><G76/><T57/><D65/><U32/><E32/><V78/><F78/><W24/><G24/><T93/><D54/><U48/><E48/><V109/><F109/><W84/><G84/><N who="0" m="32331" /><D103/><U23/><E91/><V4/><F89/><W55/><G6/><T60/><D60/><U34/><E34/><V121/><F82/><W101/><G7/><T0/><D0/><U122/><E80/><V131/><F131/><W95/><G101/><T74/><D74/><U125/><E23/><AGARI ba="1,1" hai="12,15,20,22,23,53,57,63,93,97,102" m="32331" machi="23" ten="30,1000,0" yaku="8,1" doraHai="120" who="0" fromWho="1" sc="191,23,380,-13,288,0,131,0" /><INIT seed="7,0,0,5,1,86" ten="214,367,288,131" oya="3" hai0="63,58,14,66,55,60,108,15,93,133,120,44,48" hai1="84,38,116,18,42,50,33,2,28,80,90,126,123" hai2="5,52,17,23,92,114,53,13,91,34,109,46,101" hai3="82,65,78,69,71,37,125,118,49,73,39,21,8"/><W83/><G118/><T56/><D120/><U27/><E123/><V62/><F109/><W131/><G131/><T45/><D108/><U7/><E38/><V57/><F34/><W88/><G125/><T77/><D77/><U97/><E116/><V4/><F101/><W40/><G21/><T119/><D133/><U130/><E130/><V19/><F19/><W31/><G31/><T115/><D115/><U102/><E126/><V1/><F1/><W105/><G105/><T12/><D119/><U129/><E129/><V72/><F72/><W113/><G113/><T74/><D74/><U35/><E18/><V36/><F114/><W100/><G100/><T111/><D111/><U24/><E7/><V0/><F0/><W99/><G8/><T135/><D135/><U75/><E2/><V41/><REACH who="2" step="1"/><F53/><REACH who="2" ten="214,367,278,131" step="2"/><W79/><G65/><T94/><REACH who="0" step="1"/><D44/><REACH who="0" ten="204,367,278,131" step="2"/><U122/><E75/><V112/><F112/><W25/><G73/><T61/><D61/><U95/><E122/><V11/><F11/><W81/><G78/><T104/><D104/><U107/><E107/><V3/><F3/><W20/><G79/><T103/><D103/><U117/><E117/><V32/><F32/><W54/><G69/><T30/><D30/><U26/><E33/><V16/><F16/><N who="3" m="12423" /><G71/><T76/><D76/><U68/><E68/><V127/><F127/><W64/><G64/><AGARI ba="0,2" hai="12,14,15,45,48,55,56,58,60,63,64,66,93,94" machi="64" ten="40,5200,0" yaku="1,1,9,1,8,1,53,0" doraHai="86" doraHaiUra="70" who="0" fromWho="3" sc="204,72,367,0,278,0,131,-52" owari="276,-12.4,367,46.7,278,7.8,79,-42.1" /></mjloggm>