<mjloggm ver="2.3"><GO type="169" lobby="0"/><UN n0="%65%2D%6D%61%6E" n1="%E4%B8%83%E7%94%9F%E5%A4%95" n2="%E3%81%97%E3%82%82%E3%82%93%E3%81%AC" n3="%58%E7%8C%AB" dan="16,16,17,16" rate="2092.10,2118.28,2179.61,2070.05" sx="M,M,M,M"/><TAIKYOKU oya="0"/><INIT seed="0,0,0,0,2,122" ten="250,250,250,250" oya="0" hai0="135,89,102,1,12,78,39,41,31,57,116,81,115" hai1="123,125,86,85,124,53,25,75,13,94,87,32,72" hai2="67,112,100,84,103,119,121,107,17,88,26,40,45" hai3="83,97,28,46,50,58,98,21,44,104,34,5,114"/><T62/><D1/><U56/><E123/><V80/><F121/><W30/><G114/><T134/><D115/><U110/><E13/><V118/><F112/><W127/><G127/><N who="1" m="48714" /><E94/><V117/><F67/><W38/><G34/><T129/><D116/><U68/><E68/><V37/><REACH who="2" step="1"/><F107/><REACH who="2" ten="250,250,240,250" step="2"/><W55/><G104/><T54/><D134/><U22/><E32/><V63/><F63/><W11/><G30/><T71/><D135/><U82/><E82/><V60/><F60/><W47/><G83/><T14/><D31/><N who="1" m="17847" /><E110/><V69/><F69/><W79/><G79/><T73/><D71/><U111/><E111/><V42/><F42/><W66/><G66/><T108/><D108/><U128/><E128/><V130/><F130/><W65/><G65/><T9/><D129/><U18/><E18/><V113/><F113/><W23/><G28/><T35/><D35/><U133/><E133/><V90/><F90/><W43/><G43/><T49/><D89/><U52/><E53/><V8/><F8/><W24/><G11/><T96/><D9/><U6/><E6/><V10/><F10/><W70/><G5/><T29/><D29/><U101/><E101/><V91/><F91/><W120/><G70/><T92/><REACH who="0" step="1"/><D39/><REACH who="0" ten="240,250,240,250" step="2"/><U64/><E64/><V20/><AGARI ba="0,2" hai="17,20,26,37,40,45,80,84,88,100,103,117,118,119" machi="20" ten="40,8000,1" yaku="1,1,0,1,12,1,54,1,53,0" doraHai="122" doraHaiUra="95" who="2" fromWho="2" sc="240,-40,250,-20,240,100,250,-20" /><INIT seed="1,0,0,1,2,117" ten="200,230,340,230" oya="1" hai0="133,4,3,102,37,108,100,62,17,67,78,12,63" hai1="68,35,116,19,105,93,84,98,125,7,126,57,26" hai2="45,64,10,51,21,32,121,89,33,114,134,115,28" hai3="94,23,118,48,96,86,41,77,46,73,107,128,2"/><U14/><E68/><V58/><F134/><W47/><G2/><T104/><D133/><U75/><E75/><V36/><F36/><W40/><G118/><T54/><D108/><U60/><E116/><V83/><F121/><W129/><G23/><T97/><D37/><U42/><E42/><V79/><F89/><W85/><G107/><T76/><D102/><U13/><E105/><V92/><F92/><W111/><G111/><T95/><D3/><U31/><E84/><V101/><F101/><W22/><G22/><T99/><D4/><U69/><E69/><V119/><F10/><W53/><G73/><T25/><D25/><U71/><E71/><V61/><F21/><W88/><G53/><T65/><D54/><U120/><E120/><V130/><F130/><W49/><REACH who="3" step="1"/><G77/><REACH who="3" ten="200,230,340,220" step="2"/><T80/><D76/><U109/><E109/><V90/><F119/><W8/><G8/><T113/><D113/><U72/><E72/><V82/><F79/><W15/><G15/><T20/><D67/><N who="1" m="39311" /><E7/><V52/><F114/><W87/><AGARI ba="0,1" hai="40,41,46,47,48,49,85,86,87,88,94,96,128,129" machi="87" ten="30,7900,0" yaku="1,1,0,1,9,1,54,1,53,0" doraHai="117" doraHaiUra="122" who="3" fromWho="3" sc="200,-20,230,-39,340,-20,220,89" /><INIT seed="2,0,0,2,2,79" ten="180,191,320,309" oya="2" hai0="43,61,76,107,28,133,4,96,15,3,56,70,124" hai1="50,21,59,77,99,84,29,127,126,33,64,6,119" hai2="123,58,2,26,87,94,114,122,49,37,86,51,132" hai3="34,71,13,135,109,88,1,23,117,105,40,104,113"/><V14/><F114/><W103/><G117/><T25/><D133/><U101/><E119/><V134/><F2/><W46/><G1/><T20/><D124/><U24/><E6/><V67/><F37/><W12/><G34/><T125/><D125/><U54/><E64/><V120/><F26/><W69/><G135/><N who="2" m="51753" /><F14/><W52/><G103/><T36/><D70/><U7/><E7/><V75/><F75/><W35/><G35/><T18/><D76/><U72/><E72/><V118/><F118/><W11/><G40/><T112/><D112/><U102/><E102/><V121/><F121/><W74/><G74/><T38/><D43/><U131/><E33/><V68/><F68/><W82/><G113/><T30/><D30/><U0/><E0/><V16/><F16/><N who="3" m="8223" /><G71/><T48/><D48/><N who="2" m="18506" /><F94/><W100/><G69/><T8/><D107/><U44/><E44/><V129/><F129/><W5/><G5/><T47/><D47/><U66/><E131/><V98/><F98/><W62/><G46/><T10/><REACH who="0" step="1"/><D96/><REACH who="0" ten="170,191,320,309" step="2"/><U78/><E126/><V108/><F108/><W85/><G109/><T80/><D80/><N who="1" m="47119" /><E127/><V92/><F92/><W93/><G105/><T111/><D111/><U128/><E128/><V95/><F95/><W130/><G104/><T39/><D39/><U90/><E99/><V97/><F97/><N who="3" m="59439" /><G130/><T57/><D57/><U116/><E59/><V91/><F91/><W115/><G115/><T53/><AGARI ba="0,1" hai="3,4,8,10,15,18,20,25,28,36,38,53,56,61" machi="53" ten="20,5200,0" yaku="1,1,0,1,7,1,53,1" doraHai="79" doraHaiUra="27" who="0" fromWho="0" sc="170,62,191,-13,320,-26,309,-13" /><INIT seed="3,0,0,2,2,93" ten="232,178,294,296" oya="3" hai0="41,7,22,100,16,6,101,32,0,27,105,11,97" hai1="9,88,107,125,72,108,129,60,79,130,95,2,45" hai2="134,102,46,135,25,94,120,42,12,121,54,63,104" hai3="90,29,67,52,65,84,49,3,119,133,61,66,111"/><W53/><G119/><T70/><D70/><U126/><E107/><V91/><F25/><W57/><G3/><T68/><D68/><U117/><E117/><V113/><F113/><W64/><G133/><N who="2" m="50697" /><F12/><W23/><G111/><T37/><D7/><N who="1" m="1271" /><E60/><V43/><F104/><W114/><G114/><T38/><D41/><N who="2" m="15370" /><F102/><W123/><G123/><N who="2" m="47177" /><F63/><W48/><G29/><T122/><D122/><U87/><E108/><V116/><F116/><W58/><G23/><T112/><D112/><U20/><E20/><V18/><F18/><W118/><G118/><T85/><D101/><U36/><E36/><V35/><F35/><W71/><G84/><T69/><D69/><U4/><E4/><V132/><N who="2" m="50705" /><V92/><DORA hai="8" /><F91/><AGARI ba="0,0" hai="48,49,52,53,57,58,61,64,65,66,67,71,90,91" machi="91" ten="40,3900,0" yaku="9,1,54,1" doraHai="93,8" who="3" fromWho="2" sc="232,0,178,0,294,-39,296,39" /><INIT seed="3,1,0,2,1,91" ten="232,178,255,335" oya="3" hai0="59,71,135,103,53,30,18,54,20,16,1,19,130" hai1="95,94,97,125,118,99,84,29,14,58,9,41,121" hai2="75,111,77,124,11,8,24,79,93,48,119,7,33" hai3="34,62,2,42,85,63,65,92,25,116,128,61,120"/><W82/><G120/><T133/><D71/><U12/><E121/><V28/><F119/><W134/><G116/><T89/><D130/><U112/><E112/><V102/><F111/><W27/><G2/><T5/><D103/><N who="1" m="60855" /><E125/><V129/><F124/><W105/><G105/><T46/><D46/><U44/><E29/><V113/><F129/><W39/><G128/><T47/><D47/><U70/><E70/><V23/><F113/><W115/><G115/><T51/><D54/><U107/><E107/><V87/><F75/><W126/><G126/><T15/><D30/><U3/><E3/><V123/><F123/><W80/><G134/><N who="0" m="51211" /><D89/><N who="1" m="55791" /><E118/><V83/><F48/><W32/><G65/><T26/><D1/><U22/><E84/><V101/><F28/><W35/><G42/><T43/><D43/><U122/><E122/><V45/><F87/><W17/><G39/><T114/><D114/><U13/><E58/><V56/><F56/><W21/><G85/><T38/><D38/><U60/><E60/><V78/><F45/><W55/><G55/><T108/><D108/><U109/><E109/><V100/><F100/><W49/><G49/><T0/><D0/><U36/><E36/><V57/><F57/><W73/><G73/><T104/><D104/><U50/><E22/><V98/><F102/><W88/><G82/><T67/><D67/><U37/><E37/><V110/><F83/><W52/><G80/><T66/><D66/><U106/><E106/><V132/><F132/><W4/><G34/><T74/><D74/><U96/><E96/><V40/><F110/><W68/><G35/><RYUUKYOKU ba="1,0" sc="232,15,178,15,255,-15,335,-15" hai0="5,15,16,18,19,20,26,51,53,59" hai1="9,12,13,14,41,44,50" /><INIT seed="4,2,0,1,4,125" ten="247,193,240,320" oya="0" hai0="95,12,44,131,73,66,119,34,8,20,124,82,15" hai1="104,92,83,29,115,110,134,76,128,91,9,39,1" hai2="26,65,13,58,77,60,36,121,61,14,52,57,41" hai3="118,120,81,23,88,93,97,108,79,50,16,51,70"/><T33/><D119/><U107/><E39/><V63/><F121/><W75/><G118/><T123/><D123/><U96/><E29/><V25/><F77/><W35/><G120/><T101/><D124/><U130/><E9/><V32/><F61/><W56/><G70/><T48/><D66/><U102/><E1/><V54/><F65/><W69/><G69/><T7/><D73/><U3/><E3/><V38/><REACH who="2" step="1"/><F41/><REACH who="2" ten="247,193,230,320" step="2"/><W22/><G108/><T67/><D67/><U4/><E110/><V111/><F111/><W78/><G78/><T99/><D34/><AGARI ba="2,1" hai="13,14,25,26,32,34,36,38,52,54,57,58,60,63" machi="34" ten="25,6400,0" yaku="1,1,22,2,54,1,53,0" doraHai="125" doraHaiUra="0" who="2" fromWho="0" sc="247,-70,193,0,230,80,320,0" /><INIT seed="5,0,0,2,0,104" ten="177,193,310,320" oya="1" hai0="0,50,8,127,131,25,59,117,119,10,9,69,53" hai1="65,90,134,93,62,78,36,103,14,31,45,87,111" hai2="80,112,48,52,128,67,34,72,135,54,108,33,96" hai3="15,116,82,47,109,84,21,115,1,57,38,75,39"/><U42/><E134/><V95/><F108/><W110/><G1/><T107/><D131/><U49/><E111/><V125/><F128/><W61/><G75/><T5/><D127/><U113/><E113/><V79/><F125/><W102/><G102/><T97/><D69/><U120/><E120/><V32/><F135/><W81/><G81/><T73/><D73/><U16/><E31/><V101/><F112/><W129/><G115/><T41/><D41/><U27/><E27/><V2/><F2/><W123/><G129/><T18/><D25/><U68/><E103/><V94/><F67/><W23/><G23/><T60/><D107/><U66/><E66/><V114/><F114/><W64/><G123/><T19/><D97/><U83/><E36/><V22/><F22/><W91/><G38/><T3/><D60/><U76/><REACH who="1" step="1"/><E83/><REACH who="1" ten="177,183,310,320" step="2"/><V105/><REACH who="2" step="1"/><F54/><REACH who="2" ten="177,183,300,320" step="2"/><W132/><G132/><T133/><D133/><U77/><E77/><V29/><F29/><W100/><G110/><T63/><D53/><U88/><E88/><V122/><F122/><W121/><G109/><T35/><D119/><U43/><E43/><V70/><F70/><W30/><G121/><T92/><D117/><U99/><E99/><V118/><F118/><W20/><G116/><T86/><D35/><U56/><E56/><AGARI ba="0,2" hai="32,33,34,48,52,56,72,79,80,94,95,96,101,105" machi="56" ten="40,5200,0" yaku="1,1,52,1,54,1,53,0" doraHai="104" doraHaiUra="130" who="2" fromWho="1" sc="177,0,183,-52,300,72,320,0" /><INIT seed="6,0,0,5,1,42" ten="177,131,372,320" oya="2" hai0="121,23,32,98,24,118,104,1,100,7,69,72,33" hai1="87,20,39,45,78,30,62,103,127,97,75,5,131" hai2="129,6,58,16,66,88,43,89,44,8,80,52,115" hai3="76,51,94,29,26,99,73,41,57,61,91,68,12"/><V9/><F115/><W116/><G116/><T22/><D121/><U128/><E75/><V122/><F122/><W65/><G73/><T81/><D118/><U63/><E5/><V37/><F66/><W82/><G12/><T124/><D124/><U106/><E127/><V135/><F129/><N who="1" m="49737" /><E78/><V40/><F40/><W130/><G130/><T35/><D69/><U96/><E87/><V67/><F67/><W95/><G95/><T46/><D23/><U34/><E34/><V54/><F135/><W17/><G17/><T120/><D120/><U126/><E97/><V15/><F80/><W3/><G3/><T77/><D22/><U27/><E126/><V109/><F109/><W114/><G114/><T102/><D102/><U11/><E11/><V101/><F101/><W84/><G68/><T85/><D85/><U123/><E123/><V86/><F86/><W59/><G59/><T14/><D14/><U133/><E133/><V110/><F110/><W47/><G26/><T56/><D56/><U134/><E134/><V2/><F54/><W10/><G29/><N who="0" m="19495" /><D46/><U70/><E70/><V117/><F117/><W64/><G10/><AGARI ba="0,0" hai="1,7,10,33,35,72,77,81,98,100,104" m="19495" machi="10" ten="30,2000,0" yaku="33,2" doraHai="42" who="0" fromWho="3" sc="177,20,131,0,372,0,320,-20" /><INIT seed="7,0,0,2,4,113" ten="197,131,372,300" oya="3" hai0="25,37,22,62,123,43,116,115,105,110,70,28,83" hai1="99,109,47,52,118,49,84,9,96,85,57,86,12" hai2="103,59,94,21,15,92,50,20,23,41,66,89,56" hai3="55,77,64,91,134,44,8,32,100,130,79,129,117"/><W14/><G32/><T119/><D110/><U16/><E109/><V34/><F34/><W80/><G100/><T54/><D123/><U30/><E30/><V39/><F39/><W97/><G64/><T108/><D108/><U6/><E118/><V132/><F132/><W27/><G134/><T53/><D105/><U68/><E68/><V121/><F121/><W104/><G27/><T95/><D115/><U131/><E131/><N who="3" m="50186" /><G104/><T135/><D135/><U45/><E6/><V3/><F3/><W61/><G117/><T90/><D83/><U120/><E120/><V78/><F78/><W2/><G2/><T106/><D106/><U102/><E102/><V71/><F71/><W26/><G26/><T126/><D126/><U13/><E13/><V46/><F66/><W101/><G101/><T88/><D70/><U38/><E38/><V5/><F103/><W76/><G97/><T93/><D37/><U74/><E74/><V58/><F89/><W29/><G29/><T73/><D73/><U10/><E10/><AGARI ba="0,0" hai="5,10,15,20,21,23,41,46,50,56,58,59,92,94" machi="10" ten="40,1300,0" yaku="8,1" doraHai="113" who="2" fromWho="1" sc="197,0,131,-13,372,13,300,0" owari="197,-20.3,118,-38.2,385,48.5,300,10.0" /></mjloggm>