<mjloggm ver="2.3"><GO type="169" lobby="0"/><UN n0="%70%6F%6E%2D%65%6E" n1="%4B%4F%52%41%49%40%40%40" n2="%E3%81%8B%E3%81%AA%E3%81%8D%E3%83%BC" n3="%6D%62%72%63%68%61%6E" dan="16,16,17,16" rate="2133.89,2134.92,2234.81,2131.63" sx="F,M,F,M"/><TAIKYOKU oya="0"/><INIT seed="0,0,0,4,5,91" ten="250,250,250,250" oya="0" hai0="39,131,90,116,93,10,110,135,23,29,89,72,134" hai1="66,69,124,121,100,58,34,120,52,51,36,82,80" hai2="11,3,60,115,92,122,22,86,95,71,24,129,94" hai3="79,18,61,102,109,16,20,27,28,41,103,1,38"/><T106/><D116/><U85/><E34/><V63/><F122/><W77/><G1/><T98/><D39/><U81/><E124/><V104/><F104/><W78/><G109/><T70/><D70/><U87/><E36/><V40/><F115/><W13/><G38/><T62/><D62/><N who="2" m="23594" /><F71/><W73/><G73/><T55/><D55/><U114/><E69/><V74/><F74/><W42/><G61/><T30/><D72/><U127/><E127/><V4/><F40/><W125/><G125/><T65/><D65/><U84/><E114/><V46/><F46/><W49/><G18/><T67/><D67/><U123/><E66/><V14/><F3/><W8/><REACH who="3" step="1"/><G49/><REACH who="3" ten="250,250,250,240" step="2"/><T133/><D110/><U2/><E2/><V75/><F75/><W47/><G47/><T111/><D111/><U113/><E113/><V0/><F0/><W35/><G35/><T6/><D134/><U68/><E68/><V101/><F129/><W21/><G21/><T119/><D131/><U105/><E105/><V15/><F15/><W56/><G56/><T64/><D106/><U107/><E107/><V130/><F130/><W99/><G99/><T43/><D98/><U50/><E50/><V31/><F86/><W96/><G96/><AGARI ba="0,1" hai="4,11,14,22,24,31,92,94,95,96,101" m="23594" machi="96" ten="30,7700,0" yaku="8,1,52,3" doraHai="91" who="2" fromWho="3" sc="250,0,250,0,250,87,240,-77" /><INIT seed="1,0,0,1,1,128" ten="250,250,337,163" oya="1" hai0="131,20,22,17,102,75,117,72,111,74,50,93,87" hai1="9,29,46,97,33,58,0,67,43,19,134,37,61" hai2="25,99,65,16,15,110,85,41,53,42,135,92,45" hai3="76,84,116,30,133,3,26,132,83,7,2,34,104"/><U88/><E33/><V95/><F110/><W47/><G104/><T129/><D111/><U12/><E29/><V48/><F135/><N who="3" m="51787" /><G116/><T115/><D50/><U101/><E134/><V100/><F65/><W63/><G7/><T81/><D17/><U1/><REACH who="1" step="1"/><E88/><REACH who="1" ten="250,240,337,163" step="2"/><N who="2" m="53263" /><F25/><W56/><G47/><T49/><D129/><U40/><E40/><V24/><F24/><W69/><G69/><T118/><D131/><U125/><E125/><V108/><F108/><W96/><G96/><T91/><D91/><U120/><E120/><V23/><AGARI ba="0,1" hai="15,16,23,41,42,45,48,53,95,99,100" m="53263" machi="23" ten="30,4000,0" yaku="8,1,54,2" doraHai="128" who="2" fromWho="2" sc="250,-10,240,-20,337,50,163,-10" /><INIT seed="2,0,0,0,0,72" ten="240,220,387,153" oya="2" hai0="63,113,38,109,17,104,68,117,102,86,120,74,79" hai1="41,54,10,11,14,116,95,115,3,6,67,129,26" hai2="9,29,75,23,81,118,44,110,99,107,125,84,90" hai3="43,65,135,51,98,50,114,103,16,25,132,57,56"/><V62/><F118/><W89/><G114/><T112/><D38/><U32/><E115/><V78/><F125/><W42/><G89/><T131/><D17/><U127/><E116/><V108/><F9/><W77/><G77/><T111/><D63/><U94/><E129/><V122/><F122/><W21/><G65/><T1/><D1/><U76/><E41/><V123/><F123/><W7/><G7/><T73/><D68/><U106/><E106/><V134/><F134/><W105/><G51/><T70/><D70/><U47/><E47/><V55/><F29/><W35/><G35/><T121/><D86/><U88/><E54/><V18/><F107/><W13/><G25/><T59/><D59/><U133/><E127/><V33/><F33/><W60/><G57/><T97/><D117/><U83/><E88/><V45/><F99/><W91/><G91/><T40/><D40/><U12/><E67/><V34/><F34/><W19/><G19/><T69/><D69/><U36/><E36/><V128/><F128/><W0/><G0/><T8/><D131/><U5/><E133/><N who="3" m="51274" /><G60/><T130/><D130/><U53/><E3/><V64/><F64/><W48/><G48/><T85/><D120/><U80/><E53/><AGARI ba="0,0" hai="13,16,21,42,43,50,53,56,98,103,105" m="51274" machi="53" ten="30,2000,0" yaku="20,1,54,1" doraHai="72" who="3" fromWho="1" sc="240,0,220,-20,387,0,153,20" /><INIT seed="3,0,0,2,0,123" ten="240,200,387,173" oya="3" hai0="22,102,92,28,0,45,101,31,37,116,41,73,13" hai1="48,103,134,88,89,6,96,39,15,69,85,132,2" hai2="64,128,66,67,14,77,34,95,135,119,47,29,65" hai3="20,94,90,98,127,78,86,60,114,125,32,110,57"/><W53/><G114/><T81/><D116/><U3/><E39/><V82/><F128/><W83/><G32/><T36/><D36/><U104/><E69/><V55/><F135/><N who="1" m="51753" /><E48/><V9/><F95/><W4/><G4/><T129/><D129/><U126/><E126/><N who="3" m="48138" /><G20/><T7/><D13/><U19/><E6/><V56/><F34/><W61/><G61/><T68/><D68/><U130/><E130/><V5/><F29/><W115/><G115/><T111/><D92/><N who="1" m="54287" /><E89/><V50/><F119/><W54/><G54/><T10/><D28/><U71/><E71/><V51/><F67/><W1/><G1/><T23/><D31/><U42/><E42/><V8/><F8/><AGARI ba="0,0" hai="2,3,8,15,19,96,103,104" m="54287,51753" machi="8" ten="30,2000,0" yaku="20,1,54,1" doraHai="123" who="1" fromWho="2" sc="240,0,200,20,387,-20,173,0" /><INIT seed="4,0,0,1,3,57" ten="240,220,367,173" oya="0" hai0="71,79,109,121,131,30,8,128,42,61,45,124,35" hai1="117,70,68,135,77,75,10,60,86,99,24,18,82" hai2="16,116,12,98,123,52,21,110,120,114,88,26,56" hai3="50,112,74,62,47,102,43,125,15,36,96,101,58"/><T4/><D121/><U81/><E117/><V22/><F110/><W6/><G112/><T119/><D119/><U133/><E99/><V29/><F114/><W59/><G125/><T48/><D124/><U122/><E122/><V132/><F116/><W90/><G74/><T66/><D109/><U34/><E34/><V104/><F132/><N who="1" m="50761" /><E24/><V17/><F29/><W78/><G78/><T89/><D79/><N who="1" m="44287" /><E60/><N who="2" m="35847" /><F104/><W73/><G73/><T67/><D67/><U72/><E72/><V53/><F53/><W105/><G36/><T69/><D69/><U129/><E129/><V11/><F22/><W83/><G59/><T7/><D89/><U51/><E51/><V111/><F111/><W115/><G115/><T126/><D126/><U107/><E107/><V92/><AGARI ba="0,0" hai="11,12,16,17,21,26,88,92,98,120,123" m="35847" machi="92" ten="30,8000,1" yaku="25,1,52,1,54,3" doraHai="57" who="2" fromWho="2" sc="240,-40,220,-20,367,80,173,-20" /><INIT seed="5,0,0,5,1,39" ten="200,200,447,153" oya="1" hai0="88,89,60,65,104,5,47,92,52,33,114,124,100" hai1="101,56,23,26,1,42,27,132,9,31,48,18,54" hai2="103,85,127,125,51,43,53,14,58,119,62,91,130" hai3="87,69,30,15,7,120,76,22,35,75,106,73,81"/><U121/><E132/><V57/><F119/><W97/><G120/><T38/><D33/><U110/><E121/><V95/><F130/><W102/><G69/><T98/><D114/><U34/><E110/><V24/><F103/><W93/><G35/><T49/><D124/><U115/><E115/><V133/><F133/><W135/><G135/><T36/><D5/><U131/><E131/><V116/><F116/><W82/><G7/><T77/><D77/><U44/><E101/><V86/><F24/><W63/><G63/><T46/><D46/><U79/><E79/><V74/><F74/><W83/><G83/><T59/><BYE who="3" /><D89/><UN n3="%6D%62%72%63%68%61%6E" /><U61/><REACH who="1" step="1"/><E9/><REACH who="1" ten="200,190,447,153" step="2"/><V4/><F127/><W122/><G122/><T37/><REACH who="0" step="1"/><D38/><REACH who="0" ten="190,190,447,153" step="2"/><U40/><E40/><V32/><F43/><W99/><G76/><T8/><D8/><U118/><E118/><V67/><F125/><W29/><G102/><T111/><D111/><U123/><E123/><V71/><BYE who="3" /><F91/><W41/><G41/><T16/><D16/><U105/><E105/><UN n3="%6D%62%72%63%68%61%6E" /><V68/><F4/><W112/><G112/><T10/><D10/><U109/><E109/><V0/><F32/><W129/><G129/><T50/><D50/><U20/><E20/><V12/><F51/><W21/><G21/><T80/><D80/><U2/><AGARI ba="0,2" hai="1,2,18,23,26,27,31,34,42,44,48,54,56,61" machi="2" ten="30,11700,0" yaku="1,1,0,1,52,1,53,1" doraHai="39" doraHaiUra="25" who="1" fromWho="1" sc="190,-39,190,137,447,-39,153,-39" /><INIT seed="5,1,0,1,1,13" ten="151,327,408,114" oya="1" hai0="107,132,70,97,111,63,110,1,37,56,29,16,42" hai1="10,91,28,47,53,12,84,7,113,90,117,115,95" hai2="22,128,44,39,50,118,20,46,3,83,54,102,99" hai3="134,59,106,55,87,41,130,114,127,35,52,98,79"/><U31/><E117/><V133/><F118/><W78/><G114/><T24/><D1/><U19/><E113/><V131/><F3/><W72/><G72/><T26/><D132/><U109/><E115/><V116/><F116/><W112/><G112/><T123/><D123/><U80/><E109/><V103/><F133/><W36/><G134/><T21/><D70/><U120/><E120/><V25/><F83/><W122/><G122/><T67/><D42/><U74/><E7/><V15/><F15/><W51/><G130/><N who="2" m="49705" /><F99/><W32/><G127/><T9/><D37/><U81/><E74/><V65/><F65/><W38/><G41/><T33/><REACH who="0" step="1"/><D9/><REACH who="0" ten="141,327,408,114" step="2"/><U82/><E82/><V58/><F39/><W43/><G43/><T96/><D96/><N who="1" m="57463" /><E81/><V73/><F73/><W61/><G38/><T105/><D105/><U5/><E5/><V64/><F64/><W104/><G36/><T75/><D75/><U18/><E80/><V101/><F20/><W27/><G106/><T85/><D85/><U4/><E84/><V60/><F50/><W88/><G98/><T49/><D49/><N who="1" m="28863" /><E91/><V108/><F108/><W2/><G2/><T126/><D126/><U92/><E92/><V30/><AGARI ba="1,1" hai="22,25,30,44,46,54,58,60,101,102,103" m="49705" machi="30" ten="30,1100,0" yaku="19,1" doraHai="13" who="2" fromWho="2" sc="141,-4,327,-6,408,24,114,-4" /><INIT seed="6,0,0,4,5,74" ten="137,321,432,110" oya="2" hai0="27,68,17,26,98,129,21,78,87,117,13,42,73" hai1="116,104,31,108,58,124,23,109,57,10,134,97,48" hai2="120,62,106,25,8,125,45,2,82,11,36,16,135" hai3="4,86,60,99,101,131,1,53,127,113,28,94,32"/><V3/><F120/><W20/><G32/><T121/><D73/><U132/><E104/><V90/><F125/><W102/><G127/><T39/><D121/><U30/><E97/><V93/><F135/><W18/><G131/><T77/><D68/><U119/><E124/><V110/><F110/><W105/><G28/><N who="1" m="10794" /><E48/><V50/><F36/><W80/><G113/><T111/><D111/><N who="1" m="42571" /><E23/><N who="2" m="13543" /><F2/><W43/><G43/><T9/><D42/><U49/><E49/><V34/><F3/><W96/><G1/><T7/><D39/><U61/><E61/><V71/><F106/><W128/><G128/><T88/><D129/><U72/><E72/><V56/><F82/><W100/><G4/><T24/><D98/><U14/><E58/><V55/><F71/><W85/><G102/><T89/><D117/><N who="1" m="45131" /><E57/><V69/><F69/><W5/><G60/><T79/><D89/><U29/><N who="1" m="10802" /><U133/><DORA hai="44" /><E133/><V47/><F47/><W123/><G123/><T75/><D75/><U22/><E22/><V12/><F45/><W92/><G105/><T51/><D51/><U15/><E15/><V118/><F12/><N who="3" m="9287" /><G53/><T35/><D35/><U52/><E52/><V41/><F34/><W46/><G46/><T40/><D40/><U0/><E0/><V114/><F118/><W91/><G86/><T63/><D63/><U67/><E67/><V81/><F62/><W115/><G115/><T65/><D65/><U59/><E59/><V19/><F114/><W37/><G37/><T112/><D112/><U130/><E130/><V84/><F41/><W103/><G103/><T6/><D21/><RYUUKYOKU ba="0,0" sc="137,10,321,10,432,-30,110,10" hai0="6,7,9,13,17,24,26,27,77,78,79,87,88" hai1="10,14,132,134" hai3="5,80,85,91,92,94,96,99,100,101" /><INIT seed="7,1,0,3,2,116" ten="147,331,402,120" oya="3" hai0="72,73,15,16,96,98,80,68,26,64,76,35,43" hai1="122,113,62,78,89,100,103,83,32,66,130,97,36" hai2="101,51,57,50,99,102,84,67,88,93,47,121,60" hai3="69,133,52,12,19,23,65,74,126,44,118,105,104"/><W53/><G118/><T117/><D117/><U42/><E32/><V81/><F121/><W90/><G74/><T91/><D73/><U63/><E36/><V75/><F75/><W20/><G133/><T40/><D68/><U131/><E42/><N who="2" m="24951" /><F51/><W123/><G123/><T111/><D64/><U95/><E66/><V129/><F129/><N who="1" m="49161" /><E62/><V59/><F59/><W70/><G126/><T110/><D110/><U3/><E63/><V5/><F5/><W134/><G134/><T27/><D111/><U71/><E3/><V108/><F108/><W38/><G90/><AGARI ba="1,0" hai="57,60,67,81,84,88,90,93,99,101,102" m="24951" machi="90" ten="30,2000,0" yaku="8,1,54,1" doraHai="116" who="2" fromWho="3" sc="147,0,331,0,402,23,120,-23" owari="147,-25.3,331,13.1,425,52.5,97,-40.3" /></mjloggm>