<mjloggm ver="2.3"><GO type="169" lobby="0"/><UN n0="%44%61%6C%69" n1="%E6%98%8E%E6%98%9F%E5%B8%82%E6%B0%91" n2="%E3%81%A1%E3%82%83%E3%82%8B%E3%82%81%E3%82%89" n3="%E3%81%9A%E3%82%93%E3%81%9A%E3%82%93%E3%80%82" dan="17,16,17,17" rate="2180.17,2169.09,2209.42,2140.40" sx="M,M,M,M"/><TAIKYOKU oya="0"/><INIT seed="0,0,0,3,5,62" ten="250,250,250,250" oya="0" hai0="54,66,53,110,68,16,57,0,49,12,63,31,67" hai1="22,127,91,79,47,45,95,80,55,94,92,69,108" hai2="101,85,25,3,72,75,78,118,130,44,73,111,36" hai3="90,61,96,107,120,20,126,114,109,56,116,40,104"/><T87/><D0/><U74/><E108/><V11/><F111/><W35/><G35/><T5/><D110/><U9/><E127/><V37/><F25/><W39/><G114/><T133/><D133/><U112/><E112/><V23/><F23/><W93/><G116/><T46/><D5/><U83/><E69/><V119/><F101/><W18/><G126/><T8/><D68/><U77/><E91/><V135/><F135/><W106/><G109/><T103/><D103/><U27/><E9/><V14/><F3/><W59/><G120/><T24/><D87/><U34/><E55/><V7/><F130/><W28/><G28/><T6/><D6/><U48/><E34/><AGARI ba="0,0" hai="8,12,16,24,31,34,46,49,53,54,57,63,66,67" machi="34" ten="30,11600,0" yaku="7,1,52,2,54,1" doraHai="62" who="0" fromWho="1" sc="250,116,250,-116,250,0,250,0" /><INIT seed="0,1,0,2,2,68" ten="366,134,250,250" oya="0" hai0="128,104,85,114,19,82,30,6,89,3,98,122,36" hai1="131,106,110,1,81,124,117,42,107,109,52,70,25" hai2="73,126,50,67,69,48,16,135,53,63,20,24,59" hai3="71,35,55,84,34,46,54,43,77,38,10,87,7"/><T132/><D114/><U79/><E117/><V102/><F135/><W49/><G71/><T56/><D122/><U11/><E70/><V115/><F115/><W119/><G119/><T8/><D132/><U127/><E42/><V120/><F120/><W28/><G28/><T37/><D128/><U93/><E25/><V2/><F126/><N who="1" m="48169" /><E1/><V31/><F73/><W133/><G133/><T100/><D30/><U51/><E11/><V121/><F121/><W65/><G65/><T96/><D19/><U32/><E32/><V60/><F2/><W118/><G118/><T116/><D116/><U57/><E93/><V83/><F83/><W125/><G55/><T40/><D40/><U41/><E41/><V15/><REACH who="2" step="1"/><F102/><REACH who="2" ten="366,134,240,250" step="2"/><W103/><G103/><T78/><REACH who="0" step="1"/><D56/><REACH who="0" ten="356,134,240,250" step="2"/><U90/><E131/><V108/><F108/><N who="1" m="41577" /><E90/><V22/><AGARI ba="1,2" hai="15,16,20,22,24,31,48,50,53,59,60,63,67,69" machi="22" ten="20,5200,0" yaku="1,1,0,1,7,1,54,1,53,0" doraHai="68" doraHaiUra="129" who="2" fromWho="2" sc="356,-27,134,-14,240,75,250,-14" /><INIT seed="1,0,0,3,1,127" ten="329,120,315,236" oya="1" hai0="42,50,66,31,78,55,47,37,112,60,95,0,123" hai1="109,118,2,114,67,129,48,62,65,19,84,134,12" hai2="108,115,20,71,117,4,38,119,54,25,8,13,40" hai3="97,57,5,135,77,15,113,27,9,122,30,132,43"/><U128/><E114/><V29/><F115/><W88/><G113/><T53/><D0/><U23/><E118/><V99/><F71/><W45/><G77/><T51/><D112/><U91/><E134/><N who="3" m="51242" /><G57/><N who="0" m="32951" /><D95/><U68/><E2/><V33/><F54/><W22/><G122/><T41/><D78/><U133/><E133/><V90/><F108/><W104/><G104/><T89/><D89/><U58/><E109/><V106/><F40/><N who="0" m="15466" /><D31/><U83/><E48/><V93/><F38/><N who="3" m="21751" /><G88/><T32/><D32/><U85/><REACH who="1" step="1"/><E84/><REACH who="1" ten="329,110,315,236" step="2"/><V70/><F119/><W121/><G121/><T11/><D123/><U1/><E1/><V6/><F117/><W116/><G116/><T63/><D37/><U81/><E81/><V100/><F33/><W28/><G97/><T18/><D66/><U17/><E17/><AGARI ba="0,1" hai="5,9,15,17,22,27,28,30" m="21751,51242" machi="17" ten="30,1000,0" yaku="20,1" doraHai="127" who="3" fromWho="1" sc="329,0,110,-10,315,0,236,20" /><INIT seed="2,0,0,0,1,60" ten="329,100,315,256" oya="2" hai0="62,58,5,77,1,57,28,32,54,27,133,100,37" hai1="102,94,10,75,12,96,16,134,81,116,13,113,8" hai2="83,131,43,24,53,108,25,125,130,82,61,90,68" hai3="6,123,59,46,115,64,41,87,47,67,31,76,79"/><V14/><F125/><W20/><G123/><T110/><D37/><U95/><E116/><V72/><F43/><W44/><G115/><T71/><D71/><U97/><E113/><V17/><F72/><W69/><G69/><T119/><D110/><U45/><E134/><V74/><F74/><W65/><G41/><T135/><D119/><U9/><E75/><V52/><F108/><W51/><G6/><T120/><D120/><U21/><E81/><N who="2" m="30731" /><F90/><W107/><G107/><T34/><D100/><U22/><E45/><V11/><F25/><N who="3" m="16807" /><G87/><T50/><D77/><N who="3" m="29769" /><G51/><T121/><D121/><U101/><REACH who="1" step="1"/><E22/><REACH who="1" ten="329,90,315,256" step="2"/><V93/><F131/><W39/><G39/><T128/><D128/><U126/><E126/><V0/><F130/><W29/><G29/><T36/><D36/><U18/><AGARI ba="0,1" hai="8,9,10,12,13,16,18,21,94,95,96,97,101,102" machi="18" ten="20,16000,3" yaku="1,1,0,1,7,1,9,1,8,1,54,1,53,2" doraHai="60" doraHaiUra="88" who="1" fromWho="1" sc="329,-40,90,170,315,-80,256,-40" /><INIT seed="3,0,0,0,3,33" ten="289,260,235,216" oya="3" hai0="115,103,15,20,118,8,84,125,18,9,74,26,11" hai1="16,132,58,6,111,41,14,134,35,64,120,40,97" hai2="12,28,49,34,10,76,69,3,72,27,108,124,130" hai3="70,53,47,51,65,99,128,61,19,59,39,29,91"/><W44/><G128/><T63/><D74/><U77/><E120/><V4/><F130/><W119/><G119/><T110/><D118/><U55/><E111/><V81/><F108/><W101/><G91/><T42/><D110/><U24/><E77/><V114/><F114/><W127/><G127/><T116/><D116/><U93/><E64/><V23/><F124/><W30/><G19/><T117/><D117/><U45/><E6/><V13/><F69/><W131/><G131/><T105/><D125/><U79/><E79/><V2/><F2/><W106/><REACH who="3" step="1"/><G47/><REACH who="3" ten="289,260,235,206" step="2"/><T17/><D115/><U36/><E45/><V113/><F113/><W126/><G126/><T94/><D18/><U57/><E16/><V62/><F62/><W46/><G46/><T37/><D63/><U86/><E134/><V7/><F7/><W87/><G87/><T54/><D84/><U122/><E86/><V22/><F49/><W66/><G66/><T109/><D17/><U89/><E132/><V1/><F72/><W96/><G96/><T25/><D109/><U95/><E89/><V98/><F98/><W43/><AGARI ba="0,1" hai="29,30,39,43,44,51,53,59,61,65,70,99,101,106" machi="43" ten="30,12000,1" yaku="1,1,0,1,24,2,53,1" doraHai="33" doraHaiUra="52" who="3" fromWho="3" sc="289,-40,260,-40,235,-40,206,130" /><INIT seed="3,1,0,5,0,100" ten="249,220,195,336" oya="3" hai0="52,86,63,34,31,7,11,38,5,74,57,18,125" hai1="40,130,47,117,62,79,90,83,49,37,51,27,8" hai2="12,36,109,56,123,14,126,17,21,67,108,72,13" hai3="68,64,75,120,1,119,54,65,22,77,28,115,96"/><W91/><G1/><T48/><D74/><U129/><E117/><V15/><F72/><W19/><G75/><T66/><D38/><U85/><E27/><V134/><F36/><W0/><G0/><T44/><D125/><U32/><E32/><V35/><F126/><W113/><G77/><T78/><D34/><U111/><E111/><N who="2" m="42571" /><F35/><W112/><G68/><T81/><D31/><U53/><E8/><V99/><F134/><W121/><G28/><T46/><D46/><U114/><E114/><V132/><F132/><W41/><G41/><T71/><D71/><U89/><E62/><N who="2" m="38343" /><F99/><W10/><G10/><T105/><D105/><U87/><E79/><V122/><AGARI ba="1,0" hai="12,13,14,15,17,21,122,123" m="38343,42571" machi="122" ten="40,1500,0" yaku="14,1" doraHai="100" who="2" fromWho="2" sc="249,-5,220,-5,195,18,336,-8" /><INIT seed="4,0,0,1,4,40" ten="244,215,213,328" oya="0" hai0="71,100,10,86,114,13,119,73,54,87,80,93,99" hai1="70,5,117,51,127,103,34,30,58,72,82,25,35" hai2="79,2,41,42,23,88,15,55,110,97,9,116,126" hai3="32,47,92,123,109,111,108,81,60,118,24,37,66"/><T78/><D71/><U57/><E70/><V52/><F110/><W18/><G118/><T67/><D119/><U64/><E127/><V84/><F2/><W33/><G123/><T69/><D114/><U122/><E35/><V95/><F126/><W36/><G92/><T49/><D67/><U120/><E117/><V129/><F129/><W61/><G18/><T102/><D69/><U90/><E103/><V101/><F79/><W133/><G133/><T112/><D112/><U7/><E122/><V22/><F42/><W107/><G81/><T75/><D75/><U104/><E104/><V19/><F41/><W121/><G121/><T94/><D94/><U89/><E57/><V63/><F116/><W128/><G128/><T68/><D68/><U8/><E5/><V50/><F63/><W135/><G66/><T17/><REACH who="0" step="1"/><D102/><REACH who="0" ten="234,215,213,328" step="2"/><U26/><E120/><V105/><REACH who="2" step="1"/><F55/><REACH who="2" ten="234,215,203,328" step="2"/><W44/><G109/><T83/><D83/><U77/><E64/><V27/><F27/><W11/><G135/><T39/><D39/><U46/><E26/><V12/><F12/><W96/><G24/><T91/><D91/><U48/><E89/><V65/><F65/><W16/><G111/><T43/><D43/><U29/><E90/><V31/><F31/><W3/><G108/><T45/><AGARI ba="0,2" hai="10,13,17,45,49,54,73,78,80,86,87,93,99,100" machi="45" ten="20,7800,0" yaku="1,1,0,1,7,1,52,1,53,0" doraHai="40" doraHaiUra="131" who="0" fromWho="0" sc="234,98,215,-26,203,-26,328,-26" /><INIT seed="4,1,0,3,5,26" ten="332,189,177,302" oya="0" hai0="22,33,70,18,109,54,79,82,87,25,91,29,121" hai1="122,6,134,55,90,110,74,13,128,48,95,8,31" hai2="129,127,123,58,102,40,104,130,81,69,131,36,44" hai3="94,53,80,98,76,107,83,7,45,89,124,112,100"/><T16/><D121/><U24/><E110/><V118/><F123/><W135/><G112/><T15/><D70/><U51/><E122/><V62/><F81/><W64/><G64/><T126/><D126/><U19/><E74/><V93/><F93/><W3/><G7/><T35/><D109/><U63/><E128/><V114/><F114/><W117/><G3/><T72/><D54/><U120/><E134/><V111/><F111/><W38/><G117/><T125/><D125/><U66/><E6/><V108/><F108/><W27/><G80/><T113/><D113/><U133/><E133/><V32/><F127/><W17/><G38/><T73/><D18/><U78/><E78/><V103/><F118/><W5/><G5/><T84/><REACH who="0" step="1"/><D35/><REACH who="0" ten="322,189,177,302" step="2"/><U23/><E55/><V41/><F69/><W101/><G124/><T132/><D132/><U20/><E120/><V39/><F32/><W86/><G135/><T37/><D37/><U50/><E66/><N who="2" m="39255" /><F104/><W65/><G65/><T2/><D2/><U12/><E63/><V77/><F77/><W71/><G71/><T59/><D59/><U34/><REACH who="1" step="1"/><E13/><REACH who="1" ten="322,179,177,302" step="2"/><V96/><F131/><W88/><G76/><T60/><D60/><U10/><E10/><V49/><F130/><W47/><G53/><T52/><D52/><U97/><AGARI ba="1,2" hai="8,12,19,20,23,24,31,34,48,50,51,90,95,97" machi="97" ten="30,7900,0" yaku="1,1,0,1,52,1,53,1" doraHai="26" doraHaiUra="4" who="1" fromWho="1" sc="322,-40,179,102,177,-21,302,-21" /><INIT seed="5,0,0,0,4,15" ten="282,281,156,281" oya="1" hai0="10,18,88,107,104,86,19,56,103,40,69,128,63" hai1="51,33,1,112,34,31,113,50,80,30,110,12,125" hai2="109,21,126,127,71,83,37,70,81,62,27,97,24" hai3="132,67,17,133,85,105,102,45,32,82,92,25,114"/><U28/><E110/><V84/><F37/><W106/><G67/><T115/><D69/><U73/><E125/><V135/><F97/><N who="3" m="59687" /><G45/><T11/><D115/><N who="1" m="44107" /><E1/><V5/><F5/><W36/><G32/><N who="1" m="12394" /><E12/><V116/><F116/><W117/><G36/><T131/><D40/><U46/><E46/><V58/><F109/><W61/><G61/><T8/><D103/><U55/><E55/><V47/><F47/><W6/><G6/><T57/><D104/><N who="3" m="40041" /><G25/><T14/><D107/><U72/><E80/><V54/><F83/><W90/><G114/><T59/><D63/><U121/><E121/><V91/><F27/><W119/><G17/><T22/><REACH who="0" step="1"/><D19/><REACH who="0" ten="272,281,156,281" step="2"/><U2/><E2/><V95/><F127/><W76/><G76/><T53/><D53/><U3/><E3/><V77/><F126/><W38/><G38/><T94/><AGARI ba="0,1" hai="8,10,11,14,18,22,56,57,59,86,88,94,128,131" machi="94" ten="40,8000,1" yaku="1,1,0,1,52,1,54,1,53,0" doraHai="15" doraHaiUra="100" who="0" fromWho="0" sc="272,90,281,-40,156,-20,281,-20" /><INIT seed="6,0,0,3,3,105" ten="362,241,136,261" oya="2" hai0="91,56,103,16,22,21,49,62,55,50,112,8,135" hai1="77,82,84,43,69,59,27,129,122,28,18,132,29" hai2="23,123,124,85,104,68,10,13,0,64,32,54,87" hai3="44,19,70,98,119,93,74,5,65,33,67,102,133"/><V47/><F123/><W130/><G119/><T35/><D35/><U117/><E69/><V30/><F104/><W53/><G33/><T66/><D112/><U36/><E117/><V118/><F118/><W89/><G74/><T14/><D135/><U51/><E132/><V76/><F124/><W4/><G70/><T24/><D103/><U121/><E36/><V34/><F68/><W6/><G130/><T17/><D91/><U92/><E129/><V81/><F64/><N who="3" m="24651" /><G133/><T11/><D50/><U3/><E3/><V86/><F34/><W26/><G26/><T40/><D40/><U131/><E131/><V128/><F128/><W116/><G116/><T127/><D127/><U42/><E92/><V97/><F97/><W115/><G19/><T45/><AGARI ba="0,0" hai="8,11,14,16,17,21,22,24,45,49,55,56,62,66" machi="45" ten="20,5200,0" yaku="0,1,7,1,8,1,54,1" doraHai="105" who="0" fromWho="0" sc="362,52,241,-13,136,-26,261,-13" /><INIT seed="7,0,0,5,0,34" ten="414,228,110,248" oya="3" hai0="72,105,22,51,57,129,42,71,88,21,111,10,5" hai1="68,3,65,38,95,7,64,131,118,100,84,127,112" hai2="4,45,19,46,36,98,62,60,28,53,54,63,97" hai3="1,9,96,79,110,130,2,61,0,31,18,91,103"/><W69/><G31/><T33/><D33/><U20/><E38/><V24/><F4/><W109/><G79/><T50/><D71/><U17/><E112/><V55/><F36/><W26/><G91/><T49/><D72/><U81/><E131/><V106/><F106/><W115/><G115/><T66/><D105/><U25/><E68/><V16/><F28/><W93/><G130/><T78/><D78/><U126/><E118/><V108/><F108/><N who="3" m="41579" /><G26/><T43/><D111/><U123/><E123/><V125/><F125/><N who="1" m="47625" /><E95/><V30/><F30/><W116/><G116/><T14/><D129/><U58/><E58/><V70/><F70/><W120/><G120/><T99/><D88/><N who="1" m="51215" /><E100/><V39/><F39/><W133/><G133/><T12/><D99/><N who="2" m="37898" /><F24/><W85/><G85/><T132/><D132/><U74/><E74/><V48/><F48/><W35/><G35/><T59/><D59/><U76/><E76/><V82/><F82/><W135/><G135/><T11/><D57/><U121/><E121/><V8/><F8/><AGARI ba="0,0" hai="3,7,8,17,20,25,64,65" m="51215,47625" machi="8" ten="30,3900,0" yaku="18,1,52,1,54,1" doraHai="34" who="1" fromWho="2" sc="414,0,228,39,110,-39,248,0" owari="414,51.4,267,6.7,71,-42.9,248,-15.2" /></mjloggm>