<mjloggm ver="2.3"><GO type="169" lobby="0"/><UN n0="%E8%B5%A4%E5%BA%A7%E3%81%82%E3%81%8B%E3%82%8A%45%58" n1="%E3%81%97%E3%82%82%E3%82%93%E3%81%AC" n2="%E6%97%A5%E9%99%B0%E3%81%95%E3%82%93" n3="%E3%82%B7%E3%83%B3%E3%83%97%E3%83%AB%E3%81%AA%E3%83%AF%E3%82%AD%E3%82%AC" dan="16,16,17,17" rate="2168.67,2199.16,2177.75,2234.29" sx="M,M,F,M"/><TAIKYOKU oya="0"/><INIT seed="0,0,0,3,4,55" ten="250,250,250,250" oya="0" hai0="65,122,127,66,110,56,98,92,8,97,51,120,41" hai1="19,76,106,85,103,112,87,52,29,93,102,89,109" hai2="3,69,33,54,107,53,96,81,42,46,121,23,132" hai3="35,75,31,45,100,15,10,82,5,83,60,40,37"/><T72/><D72/><U38/><E38/><V114/><F121/><W99/><G75/><T18/><D127/><U68/><E68/><V22/><F114/><W111/><G111/><T91/><D110/><U39/><E39/><V12/><F3/><W34/><G31/><T135/><D135/><U80/><E109/><V74/><F33/><W77/><G83/><T14/><D98/><U62/><E112/><V117/><F69/><W2/><G15/><T32/><D32/><U17/><E29/><V21/><F132/><W48/><G48/><T63/><REACH who="0" step="1"/><D65/><REACH who="0" ten="240,250,250,250" step="2"/><U25/><E106/><V57/><F96/><W115/><G115/><T13/><D13/><U36/><E36/><V124/><F12/><W118/><G118/><T86/><D86/><U67/><E67/><V20/><F74/><N who="3" m="43319" /><G60/><T58/><D58/><N who="1" m="35143" /><E25/><V108/><F107/><AGARI ba="0,1" hai="2,5,10,34,35,37,40,45,99,100,107" m="43319" machi="107" ten="30,3900,0" yaku="25,1,33,2" doraHai="55" who="3" fromWho="2" sc="240,0,250,0,250,-39,250,49" /><INIT seed="1,0,0,2,1,40" ten="240,250,211,299" oya="1" hai0="125,128,65,75,80,116,107,18,5,4,64,48,43" hai1="59,97,8,133,34,113,72,33,131,30,29,110,41" hai2="67,10,81,20,50,52,96,28,54,100,122,57,85" hai3="3,115,6,106,77,109,61,86,19,1,105,2,95"/><U74/><E113/><V101/><F122/><W46/><G115/><T134/><D107/><U32/><E131/><V60/><F10/><W94/><G6/><T17/><D116/><U24/><E133/><V44/><F96/><W35/><G35/><T13/><D125/><U98/><E110/><V70/><F28/><W132/><G109/><T12/><D128/><U16/><E59/><V121/><F121/><W82/><G132/><T15/><D134/><U76/><E41/><V90/><REACH who="2" step="1"/><F20/><REACH who="2" ten="240,250,201,299" step="2"/><W99/><G99/><T66/><D4/><U58/><E97/><V53/><F53/><W103/><G1/><T9/><D9/><U22/><E98/><V49/><AGARI ba="0,1" hai="44,49,50,52,54,57,60,67,70,81,85,90,100,101" machi="49" ten="20,8000,1" yaku="1,1,0,1,7,1,52,1,54,1,53,0" doraHai="40" doraHaiUra="71" who="2" fromWho="2" sc="240,-20,250,-40,201,90,299,-20" /><INIT seed="2,0,0,0,1,86" ten="220,210,291,279" oya="2" hai0="8,3,111,129,72,14,78,31,91,30,79,38,52" hai1="94,126,99,37,104,125,98,76,102,89,0,59,7" hai2="132,24,74,135,70,120,68,84,131,36,6,101,114" hai3="53,5,92,62,66,39,11,115,116,134,4,133,57"/><V58/><F114/><W51/><G116/><T48/><D38/><U27/><E37/><V123/><F74/><W47/><G115/><T90/><D3/><U61/><E76/><N who="0" m="29225" /><D72/><U93/><E27/><V64/><F6/><W108/><G108/><T55/><D111/><U112/><E112/><V29/><F101/><W22/><G22/><T2/><D2/><U49/><E49/><V60/><F36/><W118/><G118/><T97/><D129/><U16/><E16/><V25/><F131/><W117/><G117/><T23/><D97/><U71/><E71/><N who="2" m="42375" /><F84/><W109/><G109/><T41/><D41/><U124/><E0/><V69/><F25/><W54/><G39/><T88/><D23/><U10/><E10/><V40/><F40/><W44/><G11/><T80/><D80/><U17/><E17/><V32/><F58/><W122/><G122/><AGARI ba="0,0" hai="24,29,32,68,69,70,120,122,123,132,135" m="42375" machi="122" ten="40,2000,0" yaku="23,1" doraHai="86" who="2" fromWho="3" sc="220,0,210,0,291,20,279,-20" /><INIT seed="2,1,0,2,5,87" ten="220,210,311,259" oya="2" hai0="34,47,6,11,78,58,92,103,124,115,122,134,132" hai1="77,102,135,114,44,24,4,111,19,89,5,8,101" hai2="54,0,31,56,93,59,90,120,21,71,37,128,112" hai3="10,131,42,46,70,69,64,127,91,73,97,84,33"/><V99/><F112/><W22/><G33/><T45/><D34/><U117/><E114/><V63/><F120/><W119/><G119/><T82/><D115/><U35/><E117/><V96/><F71/><W40/><G73/><T86/><D122/><U72/><E111/><V38/><F0/><W121/><G121/><T15/><D124/><U16/><E135/><N who="0" m="51753" /><D58/><U113/><E113/><V14/><F128/><W88/><G131/><T126/><D126/><U25/><E72/><V17/><F31/><W52/><G127/><T26/><D26/><U85/><E77/><V48/><REACH who="2" step="1"/><F99/><AGARI ba="1,0" hai="6,11,15,45,47,78,82,86,92,99,103" m="51753" machi="99" ten="30,1000,0" yaku="20,1" doraHai="87" who="0" fromWho="2" sc="220,13,210,0,311,-13,259,0" /><INIT seed="3,0,0,4,1,84" ten="233,210,298,259" oya="3" hai0="122,11,20,107,89,123,34,78,105,97,101,110,32" hai1="91,2,109,129,76,30,37,58,26,130,29,87,45" hai2="28,121,65,127,50,52,19,112,132,68,14,88,43" hai3="35,81,33,54,27,95,108,13,94,120,82,41,103"/><W61/><G120/><N who="0" m="46123" /><D20/><U133/><E2/><V117/><F121/><W80/><G41/><T113/><D11/><U49/><E109/><V57/><F112/><W114/><G114/><T96/><D32/><U72/><E133/><V12/><F117/><W134/><G134/><T39/><D34/><U102/><E102/><V1/><F1/><W17/><G108/><T40/><D40/><U119/><E37/><V46/><F127/><W5/><G5/><T53/><D53/><U59/><E76/><V44/><F28/><W85/><G27/><T71/><D71/><U77/><E77/><V60/><F132/><W36/><G36/><T55/><D55/><N who="1" m="30127" /><E72/><V47/><F43/><W125/><G125/><T0/><D39/><U70/><E70/><V124/><F124/><W131/><G131/><N who="1" m="50186" /><E119/><V93/><F19/><W79/><G33/><T73/><D0/><U21/><E29/><V118/><REACH who="2" step="1"/><F118/><REACH who="2" ten="233,210,288,259" step="2"/><W38/><G35/><T63/><D113/><U115/><E115/><V8/><F8/><W24/><G17/><T51/><D110/><U31/><E31/><V15/><F15/><W16/><G16/><T9/><D9/><U66/><E66/><V99/><AGARI ba="0,1" hai="12,14,44,46,47,50,52,57,60,65,68,88,93,99" machi="99" ten="30,12000,2" yaku="1,1,0,1,52,1,54,2,53,1" doraHai="84" doraHaiUra="90" who="2" fromWho="2" sc="233,-30,210,-30,288,130,259,-60" /><INIT seed="4,0,0,5,0,131" ten="203,180,418,199" oya="0" hai0="4,124,116,1,113,109,14,115,46,20,22,79,130" hai1="29,42,114,23,77,121,11,73,57,59,80,111,25" hai2="56,18,34,132,12,90,105,17,78,82,33,100,83" hai3="39,5,37,16,92,128,53,71,93,52,135,51,108"/><T24/><D79/><U81/><E111/><V2/><F2/><W99/><G108/><T72/><D72/><U107/><E121/><V97/><F132/><W0/><G71/><T76/><D76/><U94/><E107/><V43/><F43/><W133/><G128/><T26/><D46/><U19/><E114/><N who="0" m="43529" /><D130/><U74/><E74/><V58/><F90/><W32/><G32/><T9/><D109/><U87/><E94/><V31/><F82/><W38/><G92/><T127/><D116/><U84/><E73/><V104/><F104/><W129/><G129/><T67/><D67/><U110/><E110/><V69/><F69/><W64/><G64/><T96/><D96/><U3/><E42/><V21/><F31/><W134/><G51/><T98/><D98/><U44/><E44/><V112/><F112/><W91/><REACH who="3" step="1"/><G16/><REACH who="3" ten="203,180,418,189" step="2"/><N who="0" m="12295" /><D1/><U60/><E3/><V106/><F105/><W54/><G54/><T48/><D48/><U36/><E36/><V6/><F106/><W30/><G30/><AGARI ba="0,1" hai="4,9,14,22,26,30,124,127" m="12295,43529" machi="30" ten="30,11600,0" yaku="15,1,34,2,54,1" doraHai="131" who="0" fromWho="3" sc="203,126,180,0,418,0,189,-116" /><INIT seed="4,1,0,4,3,74" ten="329,180,418,73" oya="0" hai0="25,68,60,97,108,66,117,65,87,7,80,39,67" hai1="19,107,84,32,72,127,131,128,51,123,94,22,83" hai2="15,124,40,30,120,130,55,96,88,17,27,47,14" hai3="29,69,45,89,95,42,110,125,78,18,4,44,105"/><T109/><D117/><U13/><E107/><V76/><F120/><W41/><G110/><N who="0" m="42603" /><D39/><U126/><E123/><V58/><F130/><N who="1" m="49705" /><E32/><V59/><F124/><N who="1" m="47657" /><E51/><V113/><F113/><W100/><G125/><T48/><D7/><U115/><E115/><V21/><F55/><W85/><G69/><T16/><D97/><U24/><E94/><V93/><F15/><W53/><G4/><T79/><D48/><U34/><E72/><V71/><F71/><W36/><G105/><T73/><D73/><U57/><E57/><V31/><F58/><W77/><G100/><T8/><D8/><U86/><E83/><V91/><F59/><W134/><G53/><T103/><D103/><U63/><E63/><V9/><F40/><W11/><G29/><AGARI ba="1,0" hai="13,19,22,24,29,34,84,86" m="47657,49705" machi="29" ten="30,2000,0" yaku="19,1,18,1" doraHai="74" who="1" fromWho="3" sc="329,0,180,23,418,0,73,-23" /><INIT seed="5,0,0,3,1,108" ten="329,203,418,50" oya="1" hai0="17,128,31,113,11,61,81,99,88,63,65,124,15" hai1="87,131,82,77,94,78,30,121,46,72,23,28,47" hai2="51,111,106,62,52,134,132,14,66,127,76,73,109" hai3="105,58,39,22,89,10,112,38,130,53,93,80,102"/><U25/><E121/><V117/><F106/><W126/><G126/><T42/><D124/><U24/><E131/><V135/><F127/><W70/><G70/><T35/><D128/><U91/><REACH who="1" step="1"/><E77/><REACH who="1" ten="329,193,418,50" step="2"/><V85/><F76/><W7/><G130/><T33/><D33/><AGARI ba="0,1" hai="23,24,25,28,30,33,46,47,72,78,82,87,91,94" machi="33" ten="30,5800,0" yaku="1,1,2,1,7,1,53,0" doraHai="108" doraHaiUra="125" who="1" fromWho="0" sc="329,-58,193,68,418,0,50,0" /><INIT seed="5,1,0,2,2,81" ten="271,261,418,50" oya="1" hai0="132,41,98,67,33,128,35,47,102,110,30,39,106" hai1="56,74,10,79,114,133,126,50,21,130,0,52,18" hai2="95,27,1,8,134,12,60,49,14,13,129,6,40" hai3="42,82,69,100,124,90,32,135,11,121,2,45,78"/><U107/><E107/><V76/><F129/><W115/><G121/><T46/><D110/><U73/><E130/><V20/><F134/><W84/><G69/><T29/><D128/><U68/><E133/><V53/><F76/><W89/><G135/><T62/><D132/><U118/><E118/><V131/><F131/><W59/><G32/><T96/><D96/><U28/><E114/><V117/><F117/><W63/><G115/><T87/><D47/><U9/><E68/><V7/><F7/><W57/><G124/><T31/><REACH who="0" step="1"/><D87/><REACH who="0" ten="261,261,418,50" step="2"/><U99/><E99/><V83/><F40/><W105/><G105/><T120/><D120/><U112/><E112/><V116/><F116/><W55/><G100/><T93/><D93/><U43/><E74/><V65/><F95/><W26/><G45/><T34/><D34/><U101/><E101/><V123/><F123/><W75/><G42/><T54/><D54/><U70/><E73/><V104/><F104/><W58/><G75/><T38/><D38/><U37/><E37/><V23/><F53/><W77/><G84/><T88/><D88/><U61/><E52/><V92/><F92/><W64/><G55/><T86/><D86/><U22/><E43/><V36/><F36/><W91/><G90/><T16/><D16/><U103/><E18/><V24/><F83/><W48/><G89/><T111/><D111/><U122/><E103/><V113/><F113/><W5/><G91/><T19/><D19/><U15/><E122/><V3/><F65/><W97/><G97/><T71/><AGARI ba="1,1" hai="29,30,31,33,35,39,41,46,62,67,71,98,102,106" machi="71" ten="30,2000,0" yaku="1,1,0,1,53,0" doraHai="81" doraHaiUra="44" who="0" fromWho="0" sc="261,33,261,-11,418,-6,50,-6" /><INIT seed="6,0,0,4,1,31" ten="294,250,412,44" oya="2" hai0="75,132,16,39,95,65,96,123,127,124,45,78,59" hai1="76,15,7,5,10,22,61,103,83,20,28,121,27" hai2="107,12,86,30,2,85,50,90,21,81,53,36,79" hai3="44,102,13,70,128,99,26,47,118,43,101,1,110"/><V111/><F36/><W23/><G110/><T69/><D69/><U4/><E121/><V134/><F2/><W18/><G128/><T37/><D123/><U120/><E120/><V68/><F68/><W116/><G1/><T112/><D112/><U52/><E103/><V25/><F107/><W38/><G70/><T98/><D132/><U91/><E91/><V125/><F134/><W100/><G99/><T82/><D98/><U126/><E126/><N who="0" m="48169" /><D45/><U63/><E20/><V129/><F129/><W19/><REACH who="3" step="1"/><G47/><REACH who="3" ten="294,250,412,34" step="2"/><T108/><D96/><U94/><E4/><V97/><F125/><W34/><G34/><T133/><D108/><U60/><E5/><V67/><F97/><W117/><G117/><T57/><D133/><U122/><E122/><V71/><F71/><W77/><G77/><T87/><D78/><U109/><E109/><V35/><F111/><W74/><G74/><T33/><D75/><U41/><E76/><V51/><F79/><W11/><AGARI ba="0,1" hai="11,13,18,19,23,26,38,43,44,100,101,102,116,118" machi="11" ten="30,4000,0" yaku="1,1,0,1,53,1" doraHai="31" doraHaiUra="9" who="3" fromWho="3" sc="294,-10,250,-10,412,-20,34,50" /><INIT seed="7,0,0,5,0,99" ten="284,240,392,84" oya="3" hai0="7,105,111,33,52,39,63,80,122,94,16,25,120" hai1="75,92,35,5,62,101,87,81,126,96,89,93,68" hai2="135,66,41,116,46,109,4,59,79,0,131,117,15" hai3="129,95,121,18,43,106,97,73,19,8,20,83,40"/><W50/><G121/><T82/><D111/><U118/><E35/><V71/><F109/><W56/><G129/><T1/><D105/><U90/><E5/><V30/><F71/><W77/><G106/><T48/><D39/><U3/><E3/><V64/><F0/><W47/><G56/><T28/><D63/><U134/><E62/><V17/><F4/><W123/><G123/><T67/><D67/><U51/><E51/><V32/><F135/><W84/><G73/><T45/><D82/><N who="1" m="49399" /><E68/><V86/><F131/><W49/><G8/><T78/><D94/><N who="1" m="58519" /><E134/><V21/><F30/><W69/><G69/><T29/><D29/><U128/><E128/><V36/><F32/><W112/><G112/><T113/><D113/><U107/><E126/><V6/><F6/><W102/><REACH who="3" step="1"/><G20/><REACH who="3" ten="284,240,392,74" step="2"/><T31/><D120/><U13/><E107/><V72/><F21/><W119/><G119/><T127/><D122/><U98/><E118/><V9/><F72/><W130/><G130/><T58/><D58/><U125/><E125/><V24/><F59/><W65/><G65/><T23/><D127/><U115/><E115/><V114/><F114/><W124/><G124/><T54/><D33/><U38/><E75/><V34/><F64/><W42/><G42/><T100/><D23/><U132/><E132/><V91/><F66/><W70/><G70/><T10/><D10/><U88/><E98/><V76/><F116/><W110/><G110/><T27/><D1/><U104/><E104/><V57/><F117/><W14/><G14/><T11/><D11/><U44/><E13/><V103/><F15/><RYUUKYOKU ba="0,1" sc="284,-10,240,-10,392,-10,74,30" hai3="18,19,40,43,47,49,50,77,83,84,95,97,102" /><INIT seed="7,1,1,0,1,6" ten="274,230,382,104" oya="3" hai0="107,128,63,29,41,4,133,46,101,75,132,28,72" hai1="14,98,11,94,131,106,81,49,57,96,30,130,105" hai2="73,50,44,97,26,22,25,115,84,79,32,53,91" hai3="9,108,64,42,119,24,127,104,17,60,36,95,100"/><W40/><G119/><T62/><D4/><U52/><E30/><N who="0" m="11881" /><D101/><N who="1" m="60567" /><E81/><V120/><F32/><W18/><G127/><T124/><D107/><U86/><E86/><V125/><F115/><W88/><G108/><T45/><D124/><U21/><E21/><V1/><F1/><W90/><G104/><T92/><D92/><U126/><E98/><V47/><F120/><W93/><G100/><T20/><D20/><U3/><E3/><V34/><F34/><W110/><G110/><T116/><D116/><U54/><E54/><V122/><F122/><W129/><G129/><N who="1" m="49162" /><E126/><V7/><F7/><AGARI ba="1,1" hai="7,11,14,49,52,57,105,106" m="49162,60567" machi="7" ten="30,3900,0" yaku="19,1,52,1,54,1" doraHai="6" who="1" fromWho="2" sc="274,0,230,52,382,-42,104,0" owari="274,-12.6,282,8.2,340,44.0,104,-39.6" /></mjloggm>