<mjloggm ver="2.3"><GO type="169" lobby="0"/><UN n0="%E8%99%B9%E8%89%B2%E3%82%B8%E3%83%A7%E3%83%BC%E3%82%AB%E3%83%BC" n1="%E2%97%8E%E3%82%88%E3%81%97%E2%97%8E" n2="%E3%83%97%E3%83%AC%E3%82%B9%E3%83%97" n3="%40%75" dan="17,16,16,17" rate="2201.39,2125.67,2162.45,2189.63" sx="M,M,M,F"/><TAIKYOKU oya="0"/><INIT seed="0,0,0,4,2,107" ten="250,250,250,250" oya="0" hai0="109,61,81,47,17,48,131,108,4,71,113,32,102" hai1="19,53,83,94,35,60,110,67,99,6,62,41,75" hai2="33,74,24,8,29,49,50,72,91,69,9,0,76" hai3="57,34,36,10,55,124,56,105,63,16,122,7,23"/><T84/><D113/><U90/><E110/><N who="0" m="42601" /><D32/><U51/><E35/><V37/><F69/><W101/><G34/><T58/><D131/><U92/><E6/><V40/><F91/><W3/><G124/><T130/><D130/><U116/><E41/><V38/><F76/><W30/><G36/><N who="2" m="13929" /><F50/><W82/><G122/><T114/><D114/><U98/><E116/><V85/><F85/><W117/><G117/><T95/><D4/><U54/><E19/><V118/><F49/><W64/><G30/><T13/><D71/><U25/><E25/><V121/><F40/><W89/><G105/><T73/><D102/><U1/><E1/><V20/><F9/><W88/><G101/><T96/><D96/><U18/><E18/><V77/><F77/><W2/><G82/><T111/><D95/><U22/><E22/><V68/><F20/><W123/><G3/><T66/><N who="0" m="42609" /><T119/><DORA hai="26" /><D119/><U100/><E67/><V44/><F118/><W135/><G123/><T79/><D84/><U132/><E99/><V106/><F121/><W126/><G126/><T12/><D17/><U97/><E98/><V128/><F68/><W11/><G11/><T86/><D86/><U15/><E97/><V133/><F128/><W129/><G129/><T103/><D103/><U65/><E100/><V21/><F33/><W43/><G43/><AGARI ba="0,0" hai="12,13,43,47,48,58,61,66,73,79,81" m="42609" machi="43" ten="40,7700,0" yaku="14,1,10,1,52,1" doraHai="107,26" who="0" fromWho="3" sc="250,77,250,0,250,0,250,-77" /><INIT seed="0,1,0,1,4,41" ten="327,250,250,173" oya="0" hai0="68,48,52,42,127,33,39,100,64,73,116,60,37" hai1="26,72,125,78,66,106,5,126,30,36,110,101,51" hai2="120,9,14,11,49,53,93,65,80,94,128,38,77" hai3="130,4,2,27,91,18,135,45,81,59,50,117,83"/><T67/><D73/><U40/><E51/><V122/><F38/><N who="0" m="14346" /><D100/><U3/><E110/><V71/><F128/><W102/><G117/><T75/><D75/><U15/><E15/><V95/><F65/><W24/><G135/><T63/><D33/><N who="1" m="20695" /><E66/><V131/><F71/><W115/><G115/><T19/><D19/><U123/><E123/><V118/><F131/><W22/><G130/><T99/><D99/><N who="1" m="61759" /><E40/><V46/><F118/><W112/><G112/><T84/><D84/><U47/><E47/><V12/><F12/><W104/><G104/><T10/><D10/><N who="1" m="2367" /><E36/><V21/><F21/><W79/><G102/><T97/><D97/><U107/><E107/><V8/><REACH who="2" step="1"/><F14/><REACH who="2" ten="327,250,240,173" step="2"/><W113/><G113/><T87/><D116/><U108/><E108/><V7/><F7/><W111/><G111/><T25/><D25/><U16/><E126/><V133/><F133/><W28/><G4/><T31/><D127/><U29/><E125/><V76/><F76/><W13/><G27/><T20/><D20/><U55/><E78/><V105/><F105/><W43/><G79/><T58/><D31/><U119/><E29/><V89/><F89/><W35/><G2/><T134/><D134/><U82/><E119/><V57/><F57/><W85/><REACH who="3" step="1"/><G59/><REACH who="3" ten="327,250,240,163" step="2"/><T92/><D58/><U70/><E70/><V90/><F90/><W132/><G132/><T88/><D68/><U17/><E17/><V0/><F0/><W124/><G124/><T62/><D88/><U23/><E16/><V86/><AGARI ba="1,2" hai="8,9,11,46,49,53,77,80,86,93,94,95,120,122" machi="86" ten="30,4000,0" yaku="1,1,0,1,52,1,53,0" doraHai="41" doraHaiUra="109" who="2" fromWho="2" sc="327,-21,250,-11,240,63,163,-11" /><INIT seed="1,0,0,4,4,86" ten="306,239,303,152" oya="1" hai0="96,79,9,109,93,92,122,48,98,63,106,102,91" hai1="31,42,2,64,134,18,10,67,54,114,133,95,20" hai2="28,73,32,101,121,116,85,130,45,37,24,41,34" hai3="100,56,62,110,80,40,123,99,115,66,11,13,94"/><U107/><E107/><V119/><F121/><W7/><G110/><T74/><D109/><U0/><E114/><V30/><F73/><W27/><G123/><T71/><D122/><U5/><E2/><V117/><F130/><W89/><G115/><T88/><D48/><U33/><E42/><V49/><F101/><W23/><G40/><T44/><D44/><U29/><E54/><V3/><F49/><W125/><G125/><T51/><D51/><U17/><E95/><V82/><F3/><W83/><REACH who="3" step="1"/><G100/><REACH who="3" ten="306,239,303,142" step="2"/><N who="0" m="62727" /><D9/><U50/><E10/><V81/><F116/><W75/><G75/><T65/><D71/><U127/><E127/><V22/><F117/><W26/><G26/><T105/><D65/><U90/><E67/><V104/><F119/><W103/><G103/><T21/><D63/><U52/><E64/><V53/><F53/><W135/><G135/><T12/><D12/><U78/><E52/><V38/><F37/><W61/><G61/><T118/><D118/><U108/><E133/><V129/><F41/><W60/><G60/><T113/><D113/><U19/><E134/><V69/><F38/><W43/><G43/><T14/><D14/><U131/><E131/><V84/><F129/><W59/><G59/><T72/><D72/><U120/><E120/><V35/><F69/><W126/><G126/><T6/><D105/><U39/><E39/><V68/><F104/><W1/><G1/><T112/><D112/><U128/><E128/><V70/><F70/><W124/><G124/><T76/><D74/><U132/><E132/><V87/><F68/><W97/><G97/><RYUUKYOKU ba="0,1" sc="306,-10,239,-10,303,-10,142,30" hai3="7,11,13,23,27,56,62,66,80,83,89,94,99" /><INIT seed="2,1,1,0,2,101" ten="296,229,293,172" oya="2" hai0="98,7,29,93,113,103,10,71,2,39,68,16,135" hai1="49,4,20,81,54,17,82,12,116,53,32,26,114" hai2="24,21,11,106,118,65,3,31,58,87,134,133,83" hai3="8,33,52,38,55,86,62,74,43,110,84,115,92"/><V121/><F118/><W100/><G74/><T120/><D113/><U47/><E114/><V75/><F75/><W45/><G115/><T41/><D120/><U85/><E116/><V125/><F121/><W130/><G33/><T111/><D111/><U131/><E131/><V51/><F125/><W57/><G110/><T25/><D135/><U107/><E107/><V15/><F3/><W89/><G130/><T90/><D41/><U76/><E32/><V28/><F28/><W36/><G36/><T44/><D44/><U34/><E34/><V14/><F106/><W19/><G100/><T35/><D39/><U132/><E132/><N who="2" m="50795" /><F11/><W112/><G112/><T46/><D46/><U97/><E97/><V61/><F51/><W105/><G105/><T95/><D95/><U108/><E108/><V102/><F102/><W1/><G86/><T94/><REACH who="0" step="1"/><D16/><REACH who="0" ten="286,229,293,172" step="2"/><U77/><E4/><V128/><F128/><W22/><G8/><T30/><D30/><U88/><E26/><V60/><F60/><W96/><G1/><T59/><D59/><U70/><E70/><V69/><F69/><W67/><REACH who="3" step="1"/><G96/><AGARI ba="1,2" hai="2,7,10,25,29,35,68,71,90,93,94,96,98,103" machi="96" ten="30,2000,0" yaku="1,1,7,1,53,0" doraHai="101" doraHaiUra="78" who="0" fromWho="3" sc="286,43,229,0,293,0,172,-23" /><INIT seed="3,0,0,3,2,126" ten="329,229,293,149" oya="3" hai0="74,85,38,35,6,18,58,61,71,115,51,41,106" hai1="4,90,44,121,97,88,63,117,32,23,67,93,77" hai2="8,12,128,45,2,80,119,16,131,81,114,46,102" hai3="118,55,108,26,120,53,39,22,57,104,87,15,52"/><W27/><G118/><T30/><D74/><U135/><E32/><V5/><F119/><W129/><G120/><T112/><D106/><U99/><E117/><V124/><F114/><N who="0" m="43562" /><D85/><U84/><E121/><V78/><F102/><W110/><G104/><T133/><D6/><U49/><E135/><V0/><F124/><W19/><G39/><T11/><D30/><U82/><E4/><V91/><F91/><W127/><G127/><T79/><D79/><U96/><E23/><V98/><F98/><W122/><G122/><T60/><D18/><U130/><E130/><N who="2" m="49707" /><F81/><W21/><G129/><T113/><D11/><U10/><E10/><N who="2" m="6167" /><F2/><W17/><G87/><AGARI ba="0,0" hai="0,5,8,45,46,78,80,87" m="6167,49707" machi="87" ten="30,8000,1" yaku="19,1,52,3,54,1" doraHai="126" who="2" fromWho="3" sc="329,0,229,0,293,80,149,-80" /><INIT seed="4,0,0,4,2,79" ten="329,229,373,69" oya="0" hai0="48,38,134,89,50,125,75,122,28,95,72,63,128" hai1="40,100,53,64,82,15,65,14,35,58,121,23,31" hai2="9,76,83,81,84,127,74,30,45,16,4,132,86" hai3="26,5,96,66,57,1,129,85,39,110,116,0,55"/><T107/><D122/><U91/><E121/><V12/><F127/><W32/><G110/><T8/><D38/><U36/><E100/><V118/><F132/><W106/><G116/><T60/><D107/><U98/><E35/><V104/><F104/><W13/><G39/><T135/><D28/><U29/><E36/><V77/><F118/><W109/><G109/><T24/><D24/><N who="1" m="16543" /><E40/><V62/><F30/><W27/><G66/><N who="1" m="25706" /><E31/><V105/><F105/><W44/><G32/><T3/><D125/><U130/><E130/><V111/><F111/><W56/><G129/><T43/><D128/><U120/><E120/><V113/><F113/><W37/><G106/><T97/><D3/><U87/><E98/><V131/><F62/><AGARI ba="0,0" hai="14,15,53,58,62,82,87,91" m="25706,16543" machi="62" ten="30,2000,0" yaku="8,1,52,1" doraHai="79" who="1" fromWho="2" sc="329,0,229,20,373,-20,69,0" /><INIT seed="5,0,0,0,3,104" ten="329,249,353,69" oya="1" hai0="123,77,46,113,87,31,76,11,21,66,97,92,23" hai1="22,45,34,37,115,2,93,59,64,109,54,57,102" hai2="75,4,134,119,20,58,19,82,107,70,17,91,86" hai3="3,131,72,98,30,39,62,105,108,1,81,36,112"/><U48/><E34/><V32/><F119/><W69/><G108/><T38/><D123/><U127/><E2/><N who="3" m="522" /><G30/><T25/><D113/><U63/><E115/><V24/><F70/><W12/><G12/><T103/><D66/><U128/><E109/><V9/><F107/><W106/><G112/><T53/><D11/><U96/><E127/><V42/><F32/><W83/><G83/><T117/><D117/><U68/><E128/><V55/><F42/><W6/><G6/><T16/><D87/><U133/><E133/><V89/><F19/><W130/><G106/><T80/><D80/><U78/><E37/><N who="3" m="14410" /><G62/><T52/><D38/><U14/><E78/><N who="0" m="30313" /><D46/><U79/><E79/><V101/><F101/><N who="3" m="62647" /><G81/><T10/><D10/><U73/><E45/><V67/><F9/><W129/><G69/><T125/><D125/><U120/><E68/><V28/><F4/><W121/><G121/><T40/><D40/><U26/><E120/><V44/><F28/><W95/><G95/><T29/><D29/><N who="1" m="17623" /><E14/><AGARI ba="0,0" hai="14,16,21,23,25,31,52,53,92,97,103" m="30313" machi="14" ten="30,3900,0" yaku="8,1,54,2" doraHai="104" who="0" fromWho="1" sc="329,39,249,-39,353,0,69,0" /><INIT seed="6,0,0,1,3,74" ten="368,210,353,69" oya="2" hai0="129,20,103,119,25,10,32,57,75,93,48,123,62" hai1="80,53,14,35,91,104,22,52,23,39,0,109,7" hai2="78,8,64,58,132,49,131,15,3,130,27,134,63" hai3="117,120,92,68,79,72,47,24,85,11,107,18,12"/><V96/><F3/><W4/><G117/><T82/><D123/><U88/><E35/><V65/><F27/><W86/><G120/><T111/><D111/><U55/><E109/><V41/><F65/><W128/><G128/><N who="2" m="49193" /><F96/><W26/><G107/><T101/><D129/><U98/><E0/><V31/><F31/><W73/><G68/><T42/><D32/><U81/><E39/><V21/><F21/><W61/><G61/><T125/><D125/><U40/><E40/><V133/><F78/><W127/><G127/><T71/><D71/><U112/><E98/><V89/><F89/><W76/><G73/><T45/><D10/><U105/><E55/><V60/><F60/><W66/><G72/><T100/><D119/><U5/><REACH who="1" step="1"/><E14/><REACH who="1" ten="368,200,353,69" step="2"/><V69/><F41/><W6/><G66/><T124/><D42/><U54/><E54/><N who="2" m="32079" /><F15/><W43/><G24/><T87/><D124/><U84/><E84/><N who="3" m="32362" /><G26/><T19/><D75/><U121/><E121/><V59/><F8/><W34/><G34/><T135/><D25/><U90/><E90/><V83/><F83/><W46/><G43/><T44/><D82/><U115/><AGARI ba="0,1" hai="5,7,22,23,52,53,80,81,88,91,104,105,112,115" machi="115" ten="25,12000,2" yaku="1,1,0,1,22,2,54,2,53,0" doraHai="74" doraHaiUra="28" who="1" fromWho="1" sc="368,-30,200,130,353,-60,69,-30" /><INIT seed="7,0,0,1,3,25" ten="338,330,293,39" oya="3" hai0="108,38,125,62,133,84,29,50,49,82,52,132,88" hai1="100,48,57,77,104,65,1,91,22,15,107,60,40" hai2="81,45,98,8,34,6,44,27,2,75,46,89,116" hai3="33,122,114,54,117,120,63,67,13,115,12,31,128"/><W130/><G54/><T92/><D108/><U126/><E1/><V121/><F116/><W135/><G63/><T39/><D125/><U61/><E126/><V17/><F121/><N who="3" m="46699" /><G67/><T51/><D29/><U26/><E77/><V58/><F58/><W42/><G42/><T9/><D9/><U3/><E3/><V131/><F131/><N who="3" m="50219" /><G117/><T53/><D82/><U35/><E100/><V28/><F17/><W37/><G37/><N who="0" m="13835" /><D62/><U103/><E103/><V113/><F113/><N who="3" m="43019" /><G135/><AGARI ba="0,0" hai="49,50,51,52,53,84,88,92,132,133,135" m="13835" machi="135" ten="40,5200,0" yaku="20,1,54,2" doraHai="25" who="0" fromWho="3" sc="338,52,330,0,293,0,39,-52" owari="390,49.0,330,13.0,293,-10.7,-13,-51.3" /></mjloggm>