<mjloggm ver="2.3"><GO type="169" lobby="0"/><UN n0="%E4%BC%8A%E5%8B%A2%E3%81%AE%E3%82%B3%E3%83%AD%E3%83%83%E3%82%B1%E5%B1%8B" n1="%E3%81%A6%E3%81%A4%EF%BC%A3" n2="%72%65%62%65%65%72" n3="%E3%81%A8%E3%81%B3%E3%81%BE%E3%81%93" dan="16,16,16,16" rate="2094.13,2133.88,2167.90,2170.76" sx="M,M,M,M"/><TAIKYOKU oya="0"/><INIT seed="0,0,0,4,4,49" ten="250,250,250,250" oya="0" hai0="94,70,43,38,34,87,77,83,1,71,42,81,0" hai1="131,50,132,90,129,60,99,108,67,24,76,20,105" hai2="52,53,57,7,9,36,121,41,4,11,69,72,44" hai3="98,122,84,92,46,30,113,127,51,8,68,37,102"/><T29/><D94/><U93/><E132/><V65/><F121/><W101/><G122/><T15/><D15/><U125/><E108/><V16/><F72/><W28/><G113/><T95/><D95/><U17/><E125/><V119/><F69/><W45/><G68/><T104/><D83/><U124/><E124/><V63/><F119/><W12/><G127/><T111/><D111/><U97/><E76/><V62/><F62/><W19/><G102/><T134/><D134/><U66/><E50/><V123/><F123/><W96/><G96/><T112/><D112/><U91/><E91/><V47/><F47/><W107/><G45/><N who="0" m="23767" /><D87/><U118/><E118/><V33/><F33/><W61/><G61/><T64/><D43/><U103/><REACH who="1" step="1"/><E60/><REACH who="1" ten="250,240,250,250" step="2"/><V117/><F117/><W40/><G37/><T114/><D114/><U32/><E32/><V86/><F86/><W56/><G84/><T23/><D34/><U135/><E135/><V133/><F133/><W115/><G115/><T21/><D77/><U109/><E109/><V6/><REACH who="2" step="1"/><F11/><REACH who="2" ten="250,240,240,250" step="2"/><W74/><G74/><T10/><D10/><U88/><E88/><V25/><F25/><W3/><G8/><T73/><D73/><U110/><E110/><V100/><F100/><W120/><G101/><T78/><D78/><U31/><E31/><V13/><AGARI ba="0,2" hai="4,6,7,9,13,16,36,41,44,52,53,57,63,65" machi="13" ten="30,16000,3" yaku="1,1,0,1,52,2,54,2,53,2" doraHai="49" doraHaiUra="48" who="2" fromWho="2" sc="250,-80,240,-40,240,180,250,-40" /><INIT seed="1,0,0,2,0,79" ten="170,200,420,210" oya="1" hai0="54,84,82,7,15,3,102,130,104,129,6,109,22" hai1="59,42,56,50,9,74,75,34,132,46,77,45,107" hai2="110,55,52,62,100,113,32,117,20,23,112,118,53" hai3="5,122,11,126,65,103,83,12,29,60,86,27,85"/><U61/><E132/><V0/><F32/><W135/><G122/><T67/><D109/><U89/><E107/><V69/><F0/><W80/><G135/><T128/><D3/><U120/><E120/><V127/><F100/><W88/><G103/><T93/><D104/><U31/><E59/><V25/><F110/><W26/><G126/><T105/><D105/><U39/><E89/><V10/><F10/><W71/><REACH who="3" step="1"/><G29/><REACH who="3" ten="170,200,420,200" step="2"/><T134/><D134/><U123/><E123/><V44/><F127/><W90/><AGARI ba="0,1" hai="5,11,12,26,27,60,65,71,80,83,85,86,88,90" machi="90" ten="20,16000,3" yaku="1,1,2,1,0,1,7,1,9,1,52,2,54,1,53,0" doraHai="79" doraHaiUra="41" who="3" fromWho="3" sc="170,-40,200,-80,420,-40,200,170" /><INIT seed="2,0,0,0,4,36" ten="130,120,380,370" oya="2" hai0="64,13,132,62,77,131,55,44,16,103,54,73,75" hai1="48,61,97,9,96,39,120,76,86,98,78,52,116" hai2="21,37,84,114,135,100,115,60,123,56,33,91,28" hai3="50,53,71,110,85,119,113,15,58,89,5,8,130"/><V18/><F123/><W20/><G110/><T14/><D131/><U2/><E116/><V90/><F135/><W124/><G119/><T65/><D132/><U6/><E39/><V107/><F37/><W27/><G130/><T126/><D103/><U82/><E120/><V3/><F3/><W122/><G122/><T63/><D126/><U19/><E61/><V95/><F33/><W43/><G124/><T125/><D125/><U34/><E34/><V22/><F28/><W31/><G71/><T38/><D77/><U67/><E67/><V40/><F22/><W88/><G113/><T121/><D121/><U105/><E76/><V25/><F91/><W112/><G112/><T99/><D99/><U74/><E19/><V128/><F128/><W118/><G118/><T129/><D129/><U41/><E41/><V4/><F4/><W101/><G101/><T30/><D30/><U127/><E127/><V23/><F23/><W102/><G102/><T12/><D16/><U79/><E79/><V108/><F40/><W29/><G29/><T80/><D80/><U133/><E133/><V69/><F69/><W17/><G43/><T72/><D38/><U70/><E70/><V92/><F107/><W134/><G134/><T35/><D35/><U26/><E26/><V32/><F32/><W42/><G42/><T106/><D106/><U49/><E105/><V93/><F108/><W117/><G117/><T7/><D7/><U111/><E111/><V83/><F100/><W11/><REACH who="3" step="1"/><G85/><REACH who="3" ten="130,120,380,360" step="2"/><T45/><D73/><U68/><E68/><V94/><N who="2" m="23552" /><DORA hai="109" /><V57/><F115/><RYUUKYOKU ba="0,1" sc="130,-10,120,-10,380,-10,360,30" hai3="5,8,11,15,17,20,27,31,50,53,58,88,89" /><INIT seed="3,1,1,5,2,101" ten="120,110,370,390" oya="3" hai0="93,65,15,39,114,28,126,134,116,41,10,106,14" hai1="119,75,24,3,62,53,105,8,102,60,117,30,21" hai2="49,111,103,43,37,108,9,25,107,12,100,38,47" hai3="51,13,81,135,26,88,94,34,61,82,17,89,31"/><W104/><G104/><T46/><D116/><N who="1" m="44619" /><E75/><V118/><F25/><W59/><G51/><T67/><D134/><U132/><E132/><V120/><F118/><W122/><G122/><T72/><D72/><U11/><E53/><V97/><F103/><W56/><G56/><T57/><D126/><U27/><E27/><V7/><REACH who="2" step="1"/><F120/><REACH who="2" ten="120,110,360,390" step="2"/><W50/><G135/><T129/><D114/><U20/><E102/><V42/><F42/><W125/><G125/><T45/><D41/><U76/><E24/><V63/><F63/><W44/><G61/><T78/><D28/><U36/><E60/><V64/><F64/><W133/><G133/><T121/><D65/><U131/><E62/><V115/><F115/><W86/><G59/><T99/><D67/><U79/><E30/><V98/><F98/><W54/><REACH who="3" step="1"/><G89/><REACH who="3" ten="120,110,360,380" step="2"/><T35/><D57/><U5/><E105/><V92/><F92/><W52/><G52/><T109/><D106/><U123/><E123/><V87/><F87/><W112/><G112/><T90/><D90/><U4/><E36/><AGARI ba="1,3" hai="7,9,12,36,37,38,43,47,49,97,100,107,108,111" machi="36" ten="40,2600,0" yaku="1,1,52,1,53,0" doraHai="101" doraHaiUra="23" who="2" fromWho="1" sc="120,0,110,-29,360,59,380,0" /><INIT seed="4,0,0,2,1,25" ten="120,81,419,380" oya="0" hai0="124,53,111,33,118,105,76,22,129,28,101,8,10" hai1="50,62,80,97,115,99,95,120,58,90,67,65,130" hai2="128,114,78,42,48,84,83,133,2,55,13,11,85" hai3="91,54,29,51,72,110,1,127,39,109,61,131,3"/><T57/><D118/><U82/><E120/><V73/><F114/><W45/><G72/><T123/><D129/><U6/><E130/><V106/><F106/><W30/><G131/><T100/><D123/><U117/><E117/><V49/><F2/><W68/><G127/><T79/><D124/><U75/><E115/><V108/><F108/><W64/><G91/><T35/><D111/><U60/><E75/><V7/><F133/><W113/><G113/><T134/><D134/><U132/><E132/><V24/><F128/><W52/><G54/><T103/><D105/><U20/><E6/><V37/><F37/><W38/><G3/><T47/><D47/><U14/><E50/><V9/><F9/><N who="0" m="3690" /><D33/><U70/><REACH who="1" step="1"/><E99/><REACH who="1" ten="120,71,419,380" step="2"/><V43/><F49/><W15/><G110/><T96/><D96/><U88/><E88/><V36/><F36/><W32/><G109/><T41/><D79/><U21/><E21/><V19/><F73/><W71/><G39/><T94/><D35/><U18/><AGARI ba="0,1" hai="14,18,20,58,60,62,65,67,70,80,82,90,95,97" machi="18" ten="30,7900,0" yaku="1,1,0,1,53,2" doraHai="25" doraHaiUra="63" who="1" fromWho="1" sc="120,-39,71,89,419,-20,380,-20" /><INIT seed="5,0,0,3,5,118" ten="81,160,399,360" oya="1" hai0="27,39,79,111,105,93,5,45,131,57,74,81,133" hai1="58,104,80,120,52,94,89,123,28,108,53,60,11" hai2="78,50,59,127,33,90,8,35,49,97,119,9,112" hai3="92,126,41,135,36,56,72,116,46,117,76,12,87"/><U106/><E28/><V16/><F119/><N who="3" m="45643" /><G126/><T13/><D105/><U42/><E42/><V115/><F78/><W121/><G121/><T34/><D111/><U100/><E108/><V6/><F127/><W130/><G130/><T99/><D131/><U69/><E69/><V82/><F59/><W110/><G135/><T83/><D133/><U113/><E113/><N who="2" m="43595" /><F82/><N who="3" m="45319" /><G110/><T114/><D114/><U62/><E80/><V86/><F86/><W10/><G56/><T91/><D83/><U85/><E100/><V29/><F97/><W109/><G109/><T63/><D45/><U23/><E11/><V71/><F90/><N who="3" m="53343" /><G12/><T96/><D96/><U19/><E62/><V132/><F29/><W67/><G67/><T68/><D68/><U125/><E53/><V47/><F47/><W37/><G10/><T124/><D124/><U70/><E70/><V18/><F9/><W25/><G25/><T2/><D2/><U4/><E4/><V38/><F38/><AGARI ba="0,0" hai="36,37,38,41,46" m="53343,45319,45643" machi="38" ten="30,1000,0" yaku="12,1" doraHai="118" who="3" fromWho="2" sc="81,0,160,0,399,-10,360,10" /><INIT seed="6,0,0,1,0,55" ten="81,160,389,370" oya="2" hai0="26,105,90,110,125,68,129,36,120,78,66,82,46" hai1="83,22,112,58,131,81,29,77,104,99,67,44,11" hai2="43,30,79,69,4,89,45,71,88,49,51,33,53" hai3="3,80,92,50,40,126,114,70,48,76,13,16,21"/><V62/><F79/><W28/><G70/><T7/><D120/><U23/><E112/><V122/><F122/><W102/><G3/><T133/><D105/><U103/><E131/><V59/><F4/><W64/><G114/><T85/><D110/><U128/><E128/><V19/><F19/><W63/><G28/><T1/><D125/><U54/><E44/><V86/><F89/><W61/><G126/><T31/><D133/><U84/><E67/><V37/><F51/><W118/><G118/><T12/><D129/><U60/><E29/><V72/><F72/><W123/><G40/><T27/><D1/><U32/><E32/><V113/><F113/><W52/><G63/><T93/><D68/><U0/><E83/><V121/><F121/><W47/><G50/><T56/><D36/><U135/><E135/><V73/><F73/><W15/><G123/><T109/><D109/><U6/><AGARI ba="0,0" hai="0,6,11,22,23,54,58,60,77,81,84,99,103,104" machi="6" ten="30,2000,0" yaku="0,1,52,1" doraHai="55" who="1" fromWho="1" sc="81,-5,160,20,389,-10,370,-5" /><INIT seed="7,0,0,3,3,84" ten="76,180,379,365" oya="3" hai0="43,90,88,52,100,65,127,51,112,101,13,86,56" hai1="61,120,82,35,59,75,11,5,133,10,29,98,115" hai2="7,111,39,9,49,94,14,31,113,0,83,16,114" hai3="99,2,79,108,134,67,131,69,95,22,38,42,47"/><W37/><G2/><T66/><D127/><U76/><E120/><V17/><F111/><W74/><G108/><T48/><D112/><N who="2" m="43114" /><F39/><W106/><G106/><T68/><D68/><U110/><E29/><V89/><F31/><W71/><G38/><T92/><D13/><U70/><E70/><V135/><F135/><W50/><G134/><T121/><D121/><U45/><E45/><V18/><F49/><W30/><G131/><T21/><D21/><U124/><E11/><N who="2" m="6367" /><F83/><W4/><G4/><T28/><D28/><U123/><E98/><AGARI ba="0,0" hai="0,7,9,16,18,89,94,98" m="6367,43114" machi="98" ten="30,3900,0" yaku="15,1,52,1,54,1" doraHai="84" who="2" fromWho="1" sc="76,0,180,-39,379,39,365,0" owari="76,-42.4,141,-25.9,418,51.8,365,16.5" /></mjloggm>