<mjloggm ver="2.3"><GO type="225" lobby="0"/><UN n0="%E3%81%8B%E3%82%8F%E3%81%A1%E3%82%83%E3%82%93%35%38" n1="%E3%81%BD%E3%81%A1%E3%81%9F%E3%81%93%E3%82%84" n2="%E3%81%BF%E3%81%BF%E3%81%9A" n3="%E3%81%AF%E3%82%88%E3%81%8A%E3%81%98%E3%81%95%E3%82%93" dan="16,16,17,16" rate="2152.30,2115.86,2247.36,2198.50" sx="M,M,M,M"/><TAIKYOKU oya="0"/><INIT seed="0,0,0,2,5,54" ten="250,250,250,250" oya="0" hai0="123,78,120,5,110,72,101,88,131,33,111,16,59" hai1="3,93,90,83,70,1,47,80,65,61,108,28,15" hai2="30,79,63,14,76,94,77,41,17,124,87,31,69" hai3="89,42,133,64,10,50,43,84,62,56,53,106,9"/><T0/><D33/><U82/><E108/><N who="0" m="41513" /><D131/><U134/><E134/><V119/><F124/><W98/><G133/><T95/><D101/><U51/><E15/><V20/><F119/><W67/><G98/><T36/><D36/><U121/><E28/><V71/><F71/><W60/><G106/><T127/><D127/><U26/><E26/><V75/><F75/><W12/><G62/><T44/><D44/><U34/><E34/><V81/><F41/><W105/><G105/><T115/><D115/><U6/><E6/><V132/><F132/><W7/><G9/><N who="0" m="2215" /><D78/><N who="2" m="30314" /><F69/><W24/><G24/><T122/><D72/><U68/><E68/><V74/><F74/><W38/><G38/><T39/><D39/><U48/><E48/><V117/><F117/><W21/><G21/><T92/><D16/><U18/><E18/><V37/><F37/><W96/><G96/><N who="0" m="57351" /><D95/><U103/><E103/><V112/><F112/><W109/><G109/><T125/><D125/><U128/><E128/><V129/><F94/><N who="3" m="54567" /><G43/><T46/><D46/><AGARI ba="0,0" hai="7,10,12,42,46,50,53,56,60,64,67" m="54567" machi="46" ten="30,2000,0" yaku="8,1,52,1" doraHai="54" who="3" fromWho="0" sc="250,-20,250,0,250,0,250,20" /><INIT seed="1,0,0,1,5,22" ten="230,250,250,270" oya="1" hai0="65,70,81,10,87,98,31,25,119,27,19,90,51" hai1="28,60,101,35,131,107,124,2,108,127,74,104,103" hai2="59,97,4,91,61,11,0,56,135,47,99,38,33" hai3="121,52,112,128,114,58,40,62,16,120,1,29,84"/><U39/><E2/><V126/><F135/><W9/><G29/><T123/><D119/><U23/><E39/><V54/><F126/><N who="1" m="48169" /><E35/><V116/><F116/><W133/><G133/><T50/><D123/><U15/><E74/><V46/><F33/><W115/><G128/><T49/><D70/><U125/><N who="1" m="48177" /><U117/><DORA hai="12" /><E117/><V85/><F59/><W64/><G40/><T79/><D65/><U76/><E76/><V95/><F38/><W129/><G129/><T89/><D98/><U96/><E131/><V72/><F72/><W55/><G1/><T69/><D69/><U63/><E108/><V53/><F53/><W102/><G102/><N who="1" m="38922" /><E96/><V118/><F118/><W26/><G120/><T13/><REACH who="0" step="1"/><D27/><REACH who="0" ten="220,250,250,270" step="2"/><N who="1" m="16511" /><E15/><V44/><AGARI ba="0,1" hai="0,4,11,44,46,47,54,56,61,85,91,95,97,99" machi="44" ten="30,1100,0" yaku="0,1" doraHai="22,12" who="2" fromWho="2" sc="220,-3,250,-5,250,21,270,-3" /><INIT seed="2,0,0,5,3,50" ten="217,245,271,267" oya="2" hai0="5,77,2,85,106,29,51,54,18,56,59,74,90" hai1="27,93,65,119,24,70,34,87,52,135,53,118,35" hai2="64,104,88,107,109,125,129,134,103,33,98,47,123" hai3="63,132,22,76,89,43,62,73,4,48,81,116,67"/><V71/><F123/><W21/><G116/><T101/><D29/><U105/><E105/><V7/><F125/><W40/><G132/><T79/><D74/><U14/><E135/><V115/><F134/><W13/><G63/><T60/><D2/><U117/><E65/><V55/><F115/><W121/><G121/><T57/><D5/><U45/><E70/><V32/><F107/><W42/><G89/><T122/><D122/><U39/><E14/><V86/><F7/><W131/><G131/><T38/><D38/><U1/><E1/><V20/><F129/><W124/><BYE who="0" /><G124/><T120/><D120/><U128/><E128/><V26/><F109/><W16/><G4/><T6/><D6/><U110/><E110/><UN n0="%E3%81%8B%E3%82%8F%E3%81%A1%E3%82%83%E3%82%93%35%38" /><V36/><F64/><W108/><G108/><T100/><D18/><U82/><E93/><V72/><F72/><W96/><G96/><T80/><D56/><U15/><E15/><V114/><F71/><W10/><REACH who="3" step="1"/><G48/><REACH who="3" ten="217,245,271,257" step="2"/><T41/><D106/><U69/><E118/><V37/><F37/><W8/><G8/><T84/><D41/><U28/><E117/><V58/><F36/><W61/><G61/><T130/><D130/><U111/><E111/><V23/><F104/><W95/><G95/><N who="0" m="54727" /><D79/><N who="1" m="46559" /><E119/><V25/><F98/><W97/><G97/><T75/><D75/><U92/><E92/><V9/><F9/><W78/><G78/><T99/><D99/><U102/><E39/><V133/><F133/><W19/><G19/><T0/><D0/><U11/><E11/><V17/><F17/><W126/><G126/><T44/><D60/><U83/><E102/><RYUUKYOKU ba="0,1" sc="217,15,245,-15,271,-15,257,15" hai0="44,51,54,57,59,77,80,85,100,101" hai3="10,13,16,21,22,40,42,43,62,67,73,76,81" /><INIT seed="3,1,1,4,2,124" ten="232,230,256,272" oya="3" hai0="100,45,109,18,90,0,46,103,132,82,79,42,133" hai1="69,33,1,74,91,55,9,28,39,70,95,40,75" hai2="24,43,106,52,26,15,65,8,92,81,125,130,110" hai3="12,50,4,2,10,30,27,128,59,119,99,29,48"/><W53/><G119/><T85/><D0/><U64/><E55/><V134/><F106/><W56/><G128/><T80/><D18/><U5/><E95/><V36/><F130/><W19/><G99/><T22/><D22/><U76/><E91/><V101/><F110/><W118/><G118/><T111/><D42/><U7/><E7/><V84/><F134/><N who="0" m="51818" /><D45/><N who="1" m="23711" /><E64/><V89/><F65/><W20/><G2/><T117/><D46/><U44/><E44/><V62/><F125/><W73/><G73/><N who="1" m="27658" /><E76/><V41/><F36/><W104/><G104/><T88/><D117/><U121/><E121/><V126/><F126/><W13/><G13/><T129/><D129/><U17/><E17/><V98/><F43/><W96/><G96/><T94/><D90/><U67/><E67/><V3/><F41/><W68/><G68/><T32/><D32/><U115/><E115/><V23/><F3/><W97/><G97/><N who="0" m="57543" /><D80/><U120/><E120/><V21/><F23/><W108/><G108/><AGARI ba="1,1" hai="79,82,85,100,103,108,109,111" m="57543,51818" machi="108" ten="30,8000,1" yaku="14,1,20,1,34,2,54,1" doraHai="124" who="0" fromWho="3" sc="232,93,230,0,256,0,272,-83" owari="325,42.5,230,-17.0,256,5.6,189,-31.1" /></mjloggm>