<mjloggm ver="2.3"><GO type="169" lobby="0"/><UN n0="%E2%91%A3%E3%82%BB%E3%83%B3%E3%83%81" n1="%E5%A4%A9%E6%89%8D%E9%BA%BB%E5%B0%86%E6%99%BA%E4%B9%83" n2="%E5%B2%A9%E4%B8%8A%E9%80%9A%E3%82%8A" n3="%E6%98%8E%E6%98%9F%E5%B8%82%E6%B0%91" dan="18,16,16,16" rate="2304.40,2175.41,2133.36,2157.27" sx="M,M,M,M"/><TAIKYOKU oya="0"/><INIT seed="0,0,0,1,3,36" ten="250,250,250,250" oya="0" hai0="6,122,16,115,31,32,11,124,84,61,80,12,18" hai1="71,19,7,39,20,24,90,26,119,76,4,38,58" hai2="95,103,45,60,62,106,129,77,131,120,51,83,89" hai3="91,41,93,126,97,27,2,5,116,67,37,53,33"/><T28/><D115/><U9/><E71/><V56/><F120/><W54/><G126/><T135/><D122/><U109/><E119/><V34/><F34/><W65/><G116/><T127/><D61/><U25/><E109/><V49/><F106/><W10/><G33/><T74/><D74/><U52/><E76/><V108/><F103/><W85/><G27/><N who="0" m="18463" /><D84/><U88/><E39/><V23/><F108/><W1/><G1/><T96/><D96/><U98/><E38/><V134/><F134/><W79/><G67/><T35/><D80/><U117/><E117/><V59/><F23/><W102/><G65/><T64/><D64/><U57/><E57/><V44/><F83/><W68/><G68/><T130/><D130/><U123/><E123/><V21/><F21/><W3/><G3/><N who="0" m="479" /><D135/><U17/><E9/><V47/><F77/><W30/><G79/><T13/><D13/><U118/><E118/><V86/><F86/><W8/><G8/><N who="0" m="6151" /><D18/><N who="1" m="6667" /><E20/><V104/><F104/><W101/><G101/><T48/><D48/><N who="2" m="18506" /><F89/><N who="1" m="34409" /><E98/><V63/><F95/><W72/><G72/><T42/><D35/><U78/><E78/><V113/><F113/><W70/><G70/><T22/><D22/><U94/><E94/><V110/><F110/><W50/><G37/><T15/><D31/><U46/><E46/><V92/><F92/><N who="3" m="54383" /><G30/><T121/><D121/><U73/><E73/><V40/><F131/><W133/><G133/><T105/><D105/><U112/><E112/><V66/><F129/><W87/><G87/><T75/><D75/><U81/><E81/><V14/><F66/><W132/><G132/><RYUUKYOKU ba="0,0" sc="250,-15,250,15,250,-15,250,15" hai1="4,7,24,25,26,52,58" hai3="2,5,10,41,50,53,54,93,97,102" /><INIT seed="1,1,0,4,0,56" ten="235,265,235,265" oya="1" hai0="135,31,27,55,88,64,9,110,44,21,7,46,80" hai1="67,24,133,52,65,124,63,13,35,78,14,118,102" hai2="68,29,94,42,132,43,75,41,72,106,45,90,126" hai3="84,91,105,50,2,26,11,129,109,22,93,12,69"/><U19/><E118/><V92/><F106/><W99/><G2/><T25/><D110/><U49/><E124/><V4/><F68/><W16/><G109/><T107/><D107/><U120/><E120/><V98/><F126/><W59/><G69/><T37/><D135/><U74/><E133/><V131/><F132/><W104/><G129/><T70/><D37/><U114/><E114/><V119/><F119/><W1/><G1/><T96/><D55/><U115/><E115/><V81/><F131/><W58/><G58/><T3/><D27/><U117/><E117/><V17/><F29/><W51/><G105/><T61/><REACH who="0" step="1"/><D80/><REACH who="0" ten="225,265,235,265" step="2"/><U53/><E53/><V20/><F81/><W125/><G125/><T82/><D82/><U111/><E111/><V85/><F75/><W112/><G112/><T8/><D8/><U66/><E74/><V18/><F72/><W116/><G116/><T113/><D113/><U103/><E78/><V5/><F45/><W54/><G104/><T57/><D57/><N who="1" m="35239" /><E35/><V28/><F43/><W76/><G76/><T40/><D40/><U127/><E127/><V86/><F42/><W122/><G122/><T48/><D48/><U47/><E49/><V87/><F41/><W33/><G33/><T0/><D0/><U39/><E39/><V95/><F98/><W71/><G99/><T79/><D79/><U30/><E47/><V130/><F130/><W36/><G36/><T73/><D73/><U23/><E30/><V97/><F97/><W34/><G34/><T101/><D101/><AGARI ba="1,1" hai="13,14,19,23,24,65,66,67,101,102,103" m="35239" machi="101" ten="30,5800,0" yaku="8,1,52,1,54,1" doraHai="56" who="1" fromWho="0" sc="225,-61,265,71,235,0,265,0" /><INIT seed="1,2,0,0,2,134" ten="164,336,235,265" oya="1" hai0="18,98,40,115,38,78,42,120,96,70,110,83,37" hai1="2,73,29,24,135,79,16,125,3,6,33,84,7" hai2="13,64,100,132,97,80,61,58,23,127,27,92,65" hai3="90,86,87,41,46,116,19,34,36,123,89,85,101"/><U43/><E73/><V130/><F132/><W47/><G123/><T66/><D115/><U39/><E135/><V32/><F130/><W128/><G34/><T93/><D120/><U113/><E113/><V31/><F32/><W44/><G128/><T119/><D119/><U26/><E43/><V20/><F127/><W62/><G116/><T9/><D98/><U68/><E68/><V30/><F80/><W106/><G36/><T76/><D76/><U102/><E39/><V103/><F13/><W118/><G41/><T22/><D9/><N who="1" m="2263" /><E84/><V8/><F8/><W82/><G62/><T109/><D42/><U95/><E95/><V91/><REACH who="2" step="1"/><F65/><REACH who="2" ten="164,336,225,265" step="2"/><W75/><G118/><T72/><D38/><U45/><E125/><V131/><F131/><W126/><G126/><T52/><D66/><U48/><E33/><V108/><F108/><W67/><G67/><T133/><D133/><U35/><E35/><V114/><F114/><W77/><G19/><T121/><D121/><U21/><E16/><V50/><F50/><W117/><G117/><T74/><D110/><U28/><E48/><V51/><F51/><W63/><G63/><T94/><D109/><U81/><E29/><V5/><F5/><W49/><G49/><T124/><D124/><U122/><E28/><V1/><F1/><W57/><G82/><T105/><D37/><U0/><E7/><V11/><F11/><W111/><G111/><T12/><D18/><U112/><E112/><V69/><F69/><W60/><G60/><T71/><D71/><U129/><E129/><V15/><F15/><W104/><G77/><RYUUKYOKU ba="2,1" sc="164,-10,336,-10,225,30,265,-10" hai2="20,23,27,30,31,58,61,64,91,92,97,100,103" /><INIT seed="2,3,1,1,2,37" ten="154,326,255,255" oya="2" hai0="20,81,96,25,88,62,35,29,107,73,44,38,82" hai1="51,45,89,118,119,54,18,93,123,16,11,13,129" hai2="78,63,90,91,110,132,94,101,80,83,60,50,39" hai3="7,8,130,43,74,67,27,95,65,32,113,6,30"/><V124/><F39/><W108/><G108/><T33/><D62/><U99/><E129/><V69/><F110/><W68/><G130/><T46/><D46/><U117/><REACH who="1" step="1"/><E123/><REACH who="1" ten="154,316,255,255" step="2"/><V61/><F124/><W98/><G113/><T111/><D111/><U70/><E70/><V53/><F132/><W0/><G68/><T24/><D35/><U75/><E75/><V49/><F69/><W40/><G74/><T48/><D73/><U72/><E72/><V2/><F2/><W116/><G116/><T4/><D33/><U23/><E23/><V120/><F120/><W103/><REACH who="3" step="1"/><G7/><AGARI ba="3,2" hai="7,11,13,16,18,45,51,54,89,93,99,117,118,119" machi="7" ten="40,2600,0" yaku="1,1,54,1,53,0" doraHai="37" doraHaiUra="22" who="1" fromWho="3" sc="154,0,316,55,255,0,255,-35" /><INIT seed="3,0,0,3,1,41" ten="154,371,255,220" oya="3" hai0="109,90,111,113,76,84,49,59,53,56,48,89,61" hai1="50,106,42,64,20,87,70,77,67,127,102,108,116" hai2="32,58,120,1,121,26,73,128,51,23,55,9,18" hai3="36,96,12,60,16,22,118,129,24,46,5,112,3"/><W63/><G118/><T82/><D113/><U43/><E108/><V14/><F73/><W69/><G112/><T117/><D117/><U0/><E0/><V44/><F128/><W10/><G129/><T25/><D111/><U72/><E72/><V38/><F38/><W125/><G125/><T11/><D109/><U94/><E127/><V27/><F58/><W104/><G69/><T34/><D34/><U57/><E106/><V31/><REACH who="2" step="1"/><F1/><REACH who="2" ten="154,371,245,220" step="2"/><W30/><G36/><T81/><D59/><U114/><E114/><V85/><F85/><W123/><G123/><T88/><D82/><U62/><E116/><V101/><F101/><W131/><G131/><T97/><D25/><U45/><E102/><V80/><F80/><W107/><G96/><T7/><REACH who="0" step="1"/><D97/><REACH who="0" ten="144,371,245,220" step="2"/><U98/><E98/><V29/><AGARI ba="0,2" hai="9,14,18,23,26,27,29,31,32,44,51,55,120,121" machi="29" ten="30,4000,0" yaku="1,1,0,1,52,1,53,0" doraHai="41" doraHaiUra="66" who="2" fromWho="2" sc="144,-10,371,-10,245,60,220,-20" /><INIT seed="4,0,0,1,0,71" ten="134,361,305,200" oya="0" hai0="8,135,29,33,20,124,84,75,119,23,114,37,42" hai1="18,101,49,68,131,130,0,96,31,120,134,63,5" hai2="44,25,78,59,16,67,105,92,132,83,116,87,46" hai3="127,51,129,108,13,79,39,14,55,32,110,77,99"/><T30/><D75/><U103/><E120/><V4/><F105/><W27/><G129/><T74/><D74/><U88/><E31/><V97/><F132/><W117/><G117/><T21/><D119/><U133/><E49/><V61/><F4/><W2/><G2/><T56/><D56/><U91/><E18/><V95/><F95/><W107/><G127/><T66/><D66/><N who="1" m="41055" /><E103/><V52/><F67/><W93/><G107/><T72/><D72/><U53/><E53/><V12/><F116/><W102/><G32/><T15/><D135/><N who="1" m="51723" /><E5/><V7/><F7/><W122/><G122/><T22/><D124/><U94/><E0/><V48/><F48/><W123/><G51/><T45/><N who="0" m="5120" /><DORA hai="109" /><T65/><D65/><U128/><AGARI ba="0,0" hai="88,91,94,96,101,128,130,131" m="51723,41055" machi="128" ten="40,5200,0" yaku="19,1,20,1,54,1" doraHai="71,109" who="1" fromWho="1" sc="134,-26,361,52,305,-13,200,-13" /><INIT seed="5,0,0,1,1,26" ten="108,413,292,187" oya="1" hai0="59,51,5,15,131,13,109,57,32,130,52,58,111" hai1="94,8,24,22,33,68,85,95,28,23,46,103,41" hai2="34,119,21,110,108,61,134,12,133,9,90,77,43" hai3="42,25,122,17,67,89,96,102,35,72,83,36,121"/><U31/><E68/><V101/><F77/><W70/><G42/><T69/><D32/><U64/><E64/><V105/><F43/><W93/><G36/><T87/><D87/><U120/><E120/><V40/><F40/><W113/><G67/><T60/><D5/><U118/><E118/><V116/><F90/><W112/><G70/><T62/><D15/><U48/><E8/><V2/><F34/><W125/><G17/><T127/><D13/><U6/><E6/><N who="2" m="1239" /><F61/><N who="0" m="23658" /><D127/><U76/><E103/><V84/><F84/><N who="3" m="50335" /><G25/><T30/><D30/><N who="1" m="11307" /><E33/><V29/><F105/><W65/><G65/><T3/><D3/><U55/><E41/><V14/><F101/><W54/><G125/><T80/><D80/><N who="1" m="47239" /><E22/><V16/><F119/><W97/><G35/><T63/><N who="0" m="23666" /><T88/><DORA hai="117" /><D88/><U11/><E11/><N who="2" m="6175" /><F116/><W81/><G54/><T4/><D4/><U7/><E7/><V10/><F10/><W56/><G72/><T98/><D98/><U86/><E86/><V1/><F1/><W126/><G97/><T39/><D39/><U44/><E95/><V99/><F99/><W53/><G126/><T100/><D100/><U45/><E94/><V132/><F29/><AGARI ba="0,0" hai="23,24,29,44,45,46,48,55" m="47239,11307" machi="29" ten="30,12000,1" yaku="8,1,52,4" doraHai="26,117" who="1" fromWho="2" sc="108,0,413,120,292,-120,187,0" /><INIT seed="5,1,0,4,4,108" ten="108,533,172,187" oya="1" hai0="0,48,130,104,109,125,96,38,37,60,118,84,87" hai1="116,62,32,16,90,26,76,20,100,82,89,83,58" hai2="74,22,40,107,57,52,9,25,50,70,6,122,78" hai3="39,54,114,72,27,73,8,85,31,133,75,134,51"/><U110/><E116/><V86/><F107/><W29/><G39/><T80/><D0/><U92/><E110/><V24/><F74/><W81/><G114/><T66/><D109/><U28/><E100/><V49/><F70/><W2/><G8/><T35/><D118/><U19/><E90/><V121/><F121/><W67/><G67/><T119/><D119/><U124/><E124/><V117/><F122/><W4/><G4/><T111/><D111/><U126/><E126/><V56/><F117/><W42/><G42/><T63/><D63/><U95/><E95/><V15/><F22/><W129/><G129/><T18/><D87/><U115/><E115/><V68/><F68/><W46/><G2/><T53/><D35/><U71/><E71/><V17/><F17/><W105/><G105/><T36/><D18/><U13/><E76/><V23/><F23/><W21/><REACH who="3" step="1"/><G31/><REACH who="3" ten="108,533,172,177" step="2"/><T7/><D7/><U3/><E3/><V127/><F127/><W1/><G1/><T112/><D112/><U103/><E19/><V98/><F40/><W131/><G131/><T61/><D66/><U101/><E28/><V120/><F120/><W11/><G11/><T106/><D130/><U135/><E13/><V55/><F98/><W94/><G94/><T10/><D125/><U65/><E16/><V33/><F33/><W102/><G102/><N who="0" m="62535" /><D10/><U14/><E32/><V45/><F9/><W91/><AGARI ba="1,1" hai="21,27,29,46,51,54,72,73,75,81,85,91,133,134" machi="91" ten="40,5200,0" yaku="1,1,0,1,53,1" doraHai="108" doraHaiUra="41" who="3" fromWho="3" sc="108,-14,533,-27,172,-14,177,65" /><INIT seed="6,0,0,5,3,101" ten="94,506,158,242" oya="2" hai0="130,72,30,43,68,3,19,127,56,119,131,47,40" hai1="83,33,52,13,62,107,105,49,45,114,108,76,5" hai2="65,70,54,28,8,96,21,58,17,69,11,95,123" hai3="29,87,63,39,34,26,25,66,122,100,120,50,86"/><V103/><F123/><W117/><G39/><T20/><D72/><U118/><E108/><V12/><F65/><W121/><G117/><T82/><D3/><U71/><E33/><V1/><F11/><W110/><G110/><T111/><D111/><U61/><E118/><V102/><F102/><W14/><G50/><T112/><D119/><U91/><E91/><V67/><F67/><W89/><G100/><T42/><D30/><U109/><E71/><V133/><F133/><W85/><G14/><T55/><D82/><U53/><E107/><V80/><F80/><W92/><REACH who="3" step="1"/><G25/><REACH who="3" ten="94,506,158,232" step="2"/><T124/><D112/><U116/><E114/><V59/><F1/><W64/><G64/><T51/><D68/><AGARI ba="0,1" hai="26,29,34,63,66,68,85,86,87,89,92,120,121,122" machi="68" ten="40,1300,0" yaku="1,1,53,0" doraHai="101" doraHaiUra="104" who="3" fromWho="0" sc="94,-13,506,0,158,0,232,23" /><INIT seed="7,0,0,0,3,7" ten="81,506,158,255" oya="3" hai0="70,62,129,71,6,81,112,73,116,99,78,126,48" hai1="69,16,68,54,26,72,106,98,30,55,88,42,122" hai2="93,92,130,40,43,111,100,52,27,25,91,19,82" hai3="108,121,87,124,117,64,104,57,65,80,115,28,53"/><W4/><G115/><T49/><D116/><U107/><E72/><V96/><F111/><W39/><G121/><T135/><D126/><U66/><E42/><V0/><F0/><W60/><G104/><T132/><D129/><U95/><E16/><V84/><F130/><W1/><G124/><T51/><D99/><U114/><E69/><V58/><F82/><W109/><G39/><T125/><D125/><U41/><E41/><N who="2" m="15947" /><F19/><W32/><G28/><T36/><D36/><U101/><E88/><V120/><F120/><W134/><G32/><T85/><D73/><U75/><E55/><V33/><F33/><W110/><G134/><T127/><D127/><U50/><E98/><V23/><F23/><W61/><G61/><AGARI ba="0,0" hai="25,27,52,58,61,84,91,92,93,96,100" m="15947" machi="61" ten="30,2000,0" yaku="8,1,54,1" doraHai="7" who="2" fromWho="3" sc="81,0,506,0,158,20,255,-20" owari="81,-41.9,506,60.6,178,-22.2,235,3.5" /></mjloggm>