<mjloggm ver="2.3"><GO type="169" lobby="0"/><UN n0="%E3%81%9F%E3%81%8F%E3%81%9E%E3%81%85" n1="%E3%83%AB%E3%82%AB%E3%83%AB%E3%83%88" n2="%2D%E8%B1%8A%E5%8F%A3%E3%82%81%E3%81%90%E3%81%BF%2D" n3="%E8%B5%A4%E7%BE%8E%E6%BF%83%E3%81%BE%E3%81%90%E3%82%8D" dan="16,16,17,17" rate="2127.56,2202.12,2160.19,2216.48" sx="M,M,F,M"/><TAIKYOKU oya="0"/><INIT seed="0,0,0,4,5,65" ten="250,250,250,250" oya="0" hai0="98,86,69,44,68,122,40,32,59,96,127,39,115" hai1="18,80,26,21,58,135,28,102,108,113,90,57,95" hai2="93,53,2,14,129,83,116,43,62,126,70,119,75" hai3="114,6,87,50,111,13,38,16,73,110,4,91,128"/><T92/><D115/><U34/><E108/><N who="3" m="41514" /><G38/><T5/><D122/><U15/><E113/><V41/><F2/><W29/><G73/><T7/><D32/><U31/><E135/><V46/><F93/><N who="3" m="54527" /><G114/><T78/><D127/><U77/><E31/><V107/><F107/><W37/><G37/><T85/><D59/><U132/><E102/><V106/><F106/><W84/><G29/><T99/><D86/><U131/><E131/><V123/><F14/><W52/><G84/><T89/><REACH who="0" step="1"/><D78/><REACH who="0" ten="240,250,250,250" step="2"/><U10/><E34/><V72/><F123/><W109/><G128/><T60/><D60/><U11/><E132/><V120/><F120/><W17/><G109/><T81/><D81/><U130/><E130/><V56/><F129/><W64/><G64/><T22/><D22/><U117/><E117/><V12/><F83/><W124/><G124/><T118/><D118/><U20/><E58/><V103/><F126/><W9/><G6/><AGARI ba="0,1" hai="5,6,7,39,40,44,68,69,85,89,92,96,98,99" machi="6" ten="40,7700,0" yaku="1,1,52,2,53,0" doraHai="65" doraHaiUra="104" who="0" fromWho="3" sc="240,87,250,0,250,0,250,-77" /><INIT seed="0,1,0,4,0,30" ten="327,250,250,173" oya="0" hai0="39,45,106,36,68,88,124,66,111,96,119,55,46" hai1="77,95,6,92,11,38,76,73,32,71,85,91,41" hai2="24,14,104,31,49,130,13,133,79,7,23,19,99" hai3="16,126,135,18,115,87,81,35,123,63,34,72,118"/><T27/><D119/><U2/><E71/><V64/><F130/><W28/><G115/><T3/><D3/><U112/><E112/><V82/><F133/><W97/><G118/><T29/><D124/><U1/><E1/><V108/><F108/><W10/><G72/><T9/><D9/><U21/><E21/><V94/><F104/><W50/><G126/><T8/><D8/><U69/><E69/><V83/><F7/><W48/><G135/><T59/><D111/><U125/><E125/><V101/><F64/><W43/><G97/><T40/><D66/><U4/><E4/><V107/><F107/><W103/><G103/><T86/><D68/><U58/><E58/><V62/><F62/><W5/><G63/><T105/><D96/><U117/><E117/><V70/><F70/><W110/><G110/><T25/><D25/><U52/><E52/><V60/><F60/><W47/><G50/><T90/><D90/><U54/><E54/><V53/><F79/><N who="3" m="46527" /><G123/><T74/><D74/><U42/><E73/><V37/><F37/><W20/><G28/><T93/><D59/><U122/><E122/><V127/><F127/><W78/><G78/><N who="1" m="30314" /><E38/><V114/><F114/><W56/><G56/><T44/><D44/><U109/><E109/><V80/><REACH who="2" step="1"/><F31/><REACH who="2" ten="327,250,240,173" step="2"/><W57/><G18/><T65/><D65/><U129/><E6/><V120/><F120/><W116/><G116/><T100/><D39/><U113/><E113/><V15/><F15/><N who="3" m="5583" /><G57/><AGARI ba="1,1" hai="13,14,19,23,24,49,53,57,80,82,83,94,99,101" machi="57" ten="40,2600,0" yaku="1,1,8,1,53,0" doraHai="30" doraHaiUra="84" who="2" fromWho="3" sc="327,0,250,0,240,39,173,-29" /><INIT seed="1,0,0,2,5,116" ten="327,250,279,144" oya="1" hai0="58,124,2,84,71,95,70,81,115,24,31,6,32" hai1="47,98,14,50,89,51,27,46,87,19,86,88,90" hai2="41,110,97,67,120,1,45,83,78,40,55,93,17" hai3="121,22,56,123,118,82,109,4,94,69,44,66,5"/><U112/><E112/><V26/><F1/><W16/><G69/><T30/><D115/><U102/><E27/><V108/><F67/><W15/><G109/><N who="2" m="42089" /><F55/><W21/><G118/><T10/><D124/><U72/><E72/><V52/><F17/><W42/><G94/><T106/><D106/><U18/><E102/><V20/><F120/><W73/><G22/><T133/><D133/><U61/><E98/><V105/><F105/><W113/><G113/><T39/><D39/><U11/><E61/><V114/><F114/><W25/><G56/><T119/><D119/><U68/><E68/><V117/><F117/><W132/><G66/><T75/><D30/><U135/><E135/><V122/><F122/><W99/><G99/><T104/><D104/><U37/><E37/><V34/><F34/><W62/><G62/><T8/><D58/><U57/><E57/><V60/><F60/><W76/><G132/><T7/><D75/><U0/><E0/><V92/><F92/><W125/><G125/><T13/><D95/><U96/><E19/><N who="2" m="12575" /><F52/><W49/><REACH who="3" step="1"/><G25/><REACH who="3" ten="327,250,279,134" step="2"/><T65/><D65/><U29/><E96/><V79/><F93/><W38/><G38/><T80/><D80/><U48/><E47/><V128/><F83/><W33/><G33/><T131/><D71/><U54/><E46/><V134/><F134/><W12/><G12/><T126/><D70/><U28/><E54/><V100/><F45/><W23/><G23/><T103/><D126/><U59/><E59/><V101/><F97/><W74/><G74/><T53/><D32/><U9/><E9/><V64/><F64/><RYUUKYOKU ba="0,1" sc="327,-15,250,15,279,-15,134,15" hai1="11,14,18,28,29,48,50,51,86,87,88,89,90" hai3="4,5,15,16,21,42,44,49,73,76,82,121,123" /><INIT seed="1,1,1,3,5,122" ten="312,265,264,149" oya="1" hai0="38,40,23,89,24,116,119,128,20,25,88,45,41" hai1="53,12,82,104,29,134,109,30,72,127,17,101,117" hai2="135,42,131,35,91,19,10,44,133,46,94,71,95" hai3="70,61,74,6,64,77,8,118,90,121,120,48,50"/><U56/><E117/><V1/><F35/><W108/><G118/><T51/><D128/><U79/><E134/><N who="2" m="51211" /><F71/><W123/><G108/><T31/><D40/><U15/><E127/><V28/><F28/><W129/><G129/><T36/><D119/><U27/><E109/><V16/><F131/><W22/><G22/><T111/><D111/><U43/><E43/><V99/><F95/><W112/><G112/><T92/><D116/><U47/><E47/><N who="2" m="17963" /><F42/><W73/><G90/><T52/><D41/><U3/><E3/><V49/><F49/><W59/><G77/><T87/><REACH who="0" step="1"/><D89/><REACH who="0" ten="302,265,264,149" step="2"/><U75/><E75/><V76/><F76/><W132/><G132/><T63/><D63/><U11/><E72/><V13/><F1/><W0/><G74/><T7/><D7/><AGARI ba="1,2" hai="7,10,13,16,19,91,94,99" m="17963,51211" machi="7" ten="30,2000,0" yaku="20,1,54,1" doraHai="122" who="2" fromWho="0" sc="302,-23,265,0,264,43,149,0" /><INIT seed="2,0,0,3,4,7" ten="279,265,307,149" oya="2" hai0="81,117,0,3,93,132,59,19,87,99,109,12,2" hai1="48,111,131,49,46,26,32,44,116,35,42,47,17" hai2="10,120,123,127,4,64,75,110,128,133,21,67,31" hai3="11,61,50,113,107,74,45,91,118,5,27,82,92"/><V8/><F75/><W56/><G107/><T112/><D112/><U51/><E116/><V80/><F80/><W72/><G118/><T57/><D117/><U18/><E111/><V41/><F41/><W53/><G113/><T38/><D38/><U122/><E42/><V90/><F90/><W60/><G27/><T126/><D109/><U66/><E66/><V108/><F4/><W39/><G39/><T43/><D43/><U70/><E70/><V73/><F73/><W134/><G134/><T89/><D126/><U9/><E131/><V14/><F14/><W22/><G22/><T124/><D124/><U114/><E114/><V71/><F21/><W88/><G61/><T23/><REACH who="0" step="1"/><D132/><REACH who="0" ten="269,265,307,149" step="2"/><U29/><E122/><V79/><F133/><W77/><G72/><T104/><D104/><U83/><E35/><V102/><F127/><W86/><G91/><AGARI ba="0,1" hai="0,2,3,12,19,23,57,59,81,87,89,91,93,99" machi="91" ten="40,2600,0" yaku="1,1,53,1" doraHai="7" doraHaiUra="94" who="0" fromWho="3" sc="269,36,265,0,307,0,149,-26" /><INIT seed="3,0,0,5,5,102" ten="305,265,307,123" oya="3" hai0="44,46,13,41,19,124,105,134,89,34,33,11,47" hai1="48,106,80,108,43,115,100,127,121,133,78,93,36" hai2="24,32,10,85,112,82,110,90,9,74,53,107,6" hai3="118,58,69,92,57,17,75,1,135,35,39,49,8"/><W51/><G39/><T128/><D128/><U15/><E121/><V22/><F112/><W113/><G75/><T2/><D2/><U101/><E115/><V96/><F110/><W0/><G69/><T4/><D134/><U30/><E36/><V16/><F32/><W37/><G37/><T99/><D41/><U98/><E108/><V67/><F67/><W21/><G35/><T62/><D124/><U72/><E133/><V7/><F74/><W18/><G135/><T120/><D120/><U40/><E30/><V103/><REACH who="2" step="1"/><F53/><REACH who="2" ten="305,265,297,123" step="2"/><W97/><G113/><T25/><D34/><U123/><E123/><V86/><F86/><W88/><G118/><T42/><D33/><U59/><E127/><V52/><F52/><W81/><G1/><T104/><D42/><U29/><E43/><V77/><F77/><W12/><G0/><T111/><D111/><U117/><E117/><V38/><F38/><W14/><REACH who="3" step="1"/><G81/><REACH who="3" ten="305,265,297,113" step="2"/><T64/><D64/><U114/><E114/><V55/><F55/><W26/><G26/><T87/><D25/><U68/><E80/><V45/><F45/><W73/><G73/><T129/><D44/><U84/><E72/><V70/><F70/><W109/><G109/><T94/><D46/><U76/><E68/><V65/><F65/><W126/><G126/><T54/><D47/><U66/><E66/><V61/><F61/><W31/><G31/><T27/><D62/><U56/><E29/><V3/><F3/><W23/><G23/><T131/><D27/><U125/><E125/><V122/><F122/><W132/><G132/><T79/><D54/><RYUUKYOKU ba="0,2" sc="305,-15,265,-15,297,15,113,15" hai2="6,7,9,10,16,22,24,82,85,90,96,103,107" hai3="8,12,14,17,18,21,49,51,57,58,88,92,97" /><INIT seed="3,1,2,4,1,108" ten="290,250,312,128" oya="3" hai0="8,24,106,17,61,128,105,28,88,23,45,130,68" hai1="70,7,38,60,107,76,131,43,19,97,44,104,10" hai2="21,4,35,100,5,48,109,40,81,13,126,82,18" hai3="30,14,3,31,129,65,117,123,64,99,41,93,75"/><W58/><G117/><T72/><D72/><U120/><E120/><V80/><F109/><W132/><G123/><T2/><D45/><U55/><E131/><N who="0" m="50217" /><D88/><U0/><E19/><V37/><F37/><W98/><G3/><T15/><D2/><U46/><E46/><N who="2" m="25671" /><F35/><W26/><G75/><T103/><D103/><U111/><E111/><V77/><F126/><W59/><G129/><T118/><D118/><U49/><E97/><V78/><F100/><W34/><G132/><T56/><D68/><U133/><E133/><V94/><F94/><W102/><G41/><T112/><D112/><U22/><E76/><AGARI ba="1,2" hai="4,5,13,18,21,76,77,78,80,81,82" m="25671" machi="76" ten="30,1000,0" yaku="8,1" doraHai="108" who="2" fromWho="1" sc="290,0,250,-13,312,33,128,0" /><INIT seed="4,0,0,3,5,33" ten="290,237,345,128" oya="0" hai0="103,66,14,122,94,93,31,72,83,64,82,127,59" hai1="108,53,20,16,18,98,38,125,47,68,44,27,55" hai2="119,99,113,117,107,75,23,96,132,22,120,129,106" hai3="24,128,90,46,19,30,123,61,28,74,36,88,133"/><T73/><D127/><U37/><E108/><V25/><F120/><W15/><G74/><T2/><D31/><U87/><E68/><V78/><F113/><W118/><G118/><T45/><D14/><U41/><E125/><V70/><F70/><W121/><G128/><T92/><D103/><U104/><E87/><V109/><F109/><W26/><G133/><T85/><D122/><U86/><E86/><V21/><F129/><W84/><G61/><T29/><D29/><U6/><E6/><V35/><F132/><W71/><G71/><T67/><D59/><U7/><E7/><V56/><F35/><W11/><G36/><T17/><D17/><U80/><E80/><V9/><F25/><W1/><G46/><T62/><D62/><U79/><E79/><V49/><F9/><W110/><G110/><T40/><D2/><U43/><E104/><V10/><F10/><W58/><G58/><T48/><REACH who="0" step="1"/><D83/><REACH who="0" ten="280,237,345,128" step="2"/><U8/><E98/><V50/><F99/><W97/><G123/><T39/><D39/><U34/><E34/><V54/><F96/><W3/><G121/><T114/><D114/><U13/><AGARI ba="0,1" hai="8,13,16,18,20,27,37,38,41,43,44,47,53,55" machi="13" ten="30,4000,0" yaku="0,1,9,1,54,1" doraHai="33" who="1" fromWho="1" sc="280,-20,237,50,345,-10,128,-10" /><INIT seed="5,0,0,5,1,94" ten="260,287,335,118" oya="1" hai0="37,69,1,47,58,118,89,10,106,38,5,112,31" hai1="17,24,80,60,61,101,8,114,85,13,113,102,110" hai2="32,9,19,121,64,36,129,18,45,86,41,125,84" hai3="122,107,98,130,132,72,123,73,54,133,27,90,91"/><U115/><E110/><V71/><F121/><N who="3" m="46091" /><G54/><T4/><D118/><U11/><E24/><V25/><F86/><W15/><G15/><T119/><D119/><U26/><E26/><V93/><F93/><W46/><G46/><T62/><D106/><U100/><REACH who="1" step="1"/><E8/><REACH who="1" ten="260,277,335,118" step="2"/><V95/><F25/><W83/><G27/><T7/><D10/><U111/><E111/><V120/><F9/><W42/><G130/><T44/><D4/><U131/><E131/><V56/><F129/><W28/><G28/><T33/><D5/><U74/><E74/><N who="3" m="28778" /><G42/><T52/><D7/><U81/><E81/><V39/><F41/><W16/><G16/><T2/><D31/><U53/><E53/><V117/><F19/><W12/><G12/><T66/><D33/><U87/><E87/><V49/><F84/><W48/><G83/><T108/><D108/><U75/><E75/><V67/><F120/><W0/><G0/><T21/><D1/><U105/><E105/><V135/><F18/><W92/><G107/><T124/><D2/><U103/><N who="1" m="25600" /><DORA hai="40" /><U70/><E70/><V65/><F71/><W22/><G22/><T97/><D21/><U82/><E82/><V63/><F32/><W30/><G30/><T134/><D69/><U128/><E128/><V127/><F117/><W77/><G133/><T20/><D134/><U14/><E14/><V78/><F135/><W116/><G132/><T29/><D20/><U55/><E55/><V34/><F34/><W126/><G116/><T68/><D29/><U109/><E109/><V99/><F67/><W96/><G126/><T50/><D124/><RYUUKYOKU ba="0,1" sc="260,-10,277,30,335,-10,118,-10" hai1="11,13,17,60,61,80,85,113,114,115" /><INIT seed="5,1,1,1,0,78" ten="250,307,325,108" oya="1" hai0="60,34,117,27,125,20,94,112,38,55,103,81,89" hai1="24,83,88,72,35,111,61,68,56,46,115,17,128" hai2="40,121,2,100,52,42,73,0,123,102,49,77,18" hai3="50,30,58,129,99,133,67,85,110,84,47,107,104"/><U116/><E116/><V4/><F18/><W106/><G110/><T31/><D117/><U98/><E111/><V28/><F28/><W109/><G109/><T32/><D38/><U76/><E68/><V16/><F16/><W19/><G30/><T71/><D112/><U7/><E115/><V113/><F113/><W23/><G129/><T130/><D130/><U1/><E128/><V118/><F118/><W36/><G36/><T124/><D103/><U63/><E63/><V13/><F13/><W134/><G99/><T131/><D131/><U22/><E46/><V132/><F132/><N who="3" m="50795" /><G58/><N who="0" m="34911" /><D71/><U39/><E39/><V45/><F77/><W86/><G67/><T65/><D65/><U9/><E35/><V66/><F66/><W75/><G75/><T90/><D90/><U41/><E41/><V26/><F40/><N who="3" m="24935" /><G104/><T91/><D32/><U5/><E5/><V87/><F4/><W21/><G21/><T54/><D54/><U70/><E70/><V14/><F73/><W69/><G69/><T127/><D34/><U64/><E98/><V126/><F42/><W11/><G11/><T37/><D37/><U3/><REACH who="1" step="1"/><E88/><REACH who="1" ten="250,297,325,108" step="2"/><V25/><F45/><W108/><G108/><T96/><D91/><U53/><E53/><V82/><F52/><W8/><G8/><T122/><D122/><U12/><AGARI ba="1,2" hai="1,3,7,9,12,17,22,24,56,61,64,72,76,83" machi="12" ten="20,7800,0" yaku="1,1,0,1,7,1,52,1,53,0" doraHai="78" doraHaiUra="80" who="1" fromWho="1" sc="250,-27,297,101,325,-27,108,-27" /><INIT seed="5,2,0,0,5,117" ten="223,398,298,81" oya="1" hai0="30,7,79,1,27,55,58,50,98,51,36,49,89" hai1="108,62,127,57,123,92,73,88,3,87,43,76,37" hai2="99,40,19,34,20,18,71,131,125,33,134,24,0" hai3="21,74,60,53,47,10,90,29,35,111,5,26,82"/><U119/><E119/><V48/><F71/><W68/><G111/><T122/><D36/><U118/><E118/><V13/><F0/><W132/><G132/><T109/><D109/><U23/><E108/><V93/><F134/><W86/><G74/><T28/><D79/><U112/><E3/><V9/><F125/><W32/><G68/><T31/><D7/><U66/><E112/><V44/><REACH who="2" step="1"/><F131/><REACH who="2" ten="223,398,288,81" step="2"/><W46/><G35/><T115/><D1/><U84/><E127/><V96/><F96/><W80/><G32/><T75/><D115/><U25/><E73/><V59/><F59/><W120/><G120/><T56/><D75/><U130/><E130/><V65/><F65/><W95/><G47/><T42/><D122/><U64/><E64/><V126/><F126/><W101/><G46/><T70/><D70/><U121/><E37/><V22/><F22/><W2/><G2/><T11/><D58/><U107/><E123/><V15/><F15/><W81/><G10/><T113/><D11/><U94/><E121/><V105/><F105/><W110/><G110/><T116/><D113/><U12/><E107/><V54/><F54/><W114/><G114/><T97/><D116/><U72/><E12/><V17/><F17/><W16/><G5/><T128/><D128/><U124/><E124/><V6/><F6/><W8/><G8/><T102/><D27/><U4/><E4/><V69/><F69/><W106/><G106/><N who="0" m="63823" /><D42/><U67/><E43/><V38/><F38/><W103/><REACH who="3" step="1"/><G29/><REACH who="3" ten="223,398,288,71" step="2"/><T61/><D28/><U41/><E41/><V129/><F129/><W52/><G52/><RYUUKYOKU ba="2,2" sc="223,10,398,-30,288,10,71,10" hai0="30,31,49,50,51,55,56,61,89,98" hai2="9,13,18,19,20,24,33,34,40,44,48,93,99" hai3="16,21,26,53,60,80,81,82,86,90,95,101,103" /><INIT seed="6,3,2,3,3,15" ten="233,368,298,81" oya="2" hai0="110,59,112,113,98,79,35,51,132,16,114,107,0" hai1="91,12,105,29,89,55,45,90,125,14,50,100,21" hai2="6,60,127,30,31,37,27,67,86,20,28,80,77" hai3="133,72,85,78,17,7,121,96,42,81,134,92,94"/><V53/><F127/><W4/><G121/><T71/><D110/><U131/><E131/><V58/><F37/><W34/><G34/><T23/><D35/><U8/><E125/><V9/><REACH who="2" step="1"/><F67/><REACH who="2" ten="233,368,288,81" step="2"/><W74/><G133/><T44/><D132/><U24/><E105/><V103/><F103/><W5/><G134/><T99/><D107/><U18/><E100/><V122/><F122/><W101/><G42/><T52/><D0/><AGARI ba="3,3" hai="0,6,9,20,27,28,30,31,53,58,60,77,80,86" machi="0" ten="30,2900,0" yaku="1,1,7,1,53,0" doraHai="15" doraHaiUra="109" who="2" fromWho="0" sc="233,-38,368,0,288,68,81,0" /><INIT seed="6,4,0,5,5,89" ten="195,368,356,81" oya="2" hai0="27,6,96,11,131,120,133,31,87,53,95,9,49" hai1="7,86,68,119,42,93,97,62,54,57,102,118,130" hai2="100,101,44,63,103,52,25,29,111,94,71,16,81" hai3="14,8,109,26,74,73,64,77,83,58,48,56,69"/><V24/><F111/><W59/><G109/><T55/><D120/><U61/><E130/><V35/><F81/><W65/><G73/><T126/><D131/><U117/><E42/><V36/><F36/><W45/><G26/><T79/><D126/><U98/><E7/><V3/><F3/><W33/><G33/><T84/><D133/><U129/><E129/><V19/><F25/><W112/><G112/><T60/><D60/><U20/><E20/><V85/><F71/><W0/><G0/><T99/><D99/><U38/><E38/><V121/><F121/><W123/><G123/><T1/><D11/><U67/><E86/><V41/><F41/><W12/><G69/><T22/><D55/><U4/><E4/><V75/><F75/><W135/><G135/><T110/><D79/><U50/><E62/><V32/><F32/><W17/><REACH who="3" step="1"/><G14/><REACH who="3" ten="195,368,356,71" step="2"/><T128/><D110/><U46/><E68/><V10/><F35/><W13/><G13/><T113/><D113/><U78/><E119/><V28/><F24/><W104/><G104/><T91/><D128/><U23/><E118/><V124/><F124/><W105/><G105/><T134/><D134/><U132/><E117/><V127/><F127/><W107/><G107/><T72/><D72/><U92/><E132/><V115/><F115/><W21/><G21/><T125/><D125/><U30/><E23/><V76/><F10/><W108/><G108/><T5/><D5/><U114/><E114/><V18/><F29/><W43/><AGARI ba="4,1" hai="8,12,17,43,45,48,56,58,59,64,65,74,77,83" machi="43" ten="30,4000,0" yaku="1,1,0,1,53,1" doraHai="89" doraHaiUra="37" who="3" fromWho="3" sc="195,-14,368,-14,356,-24,71,62" /><INIT seed="7,0,0,2,0,3" ten="181,354,332,133" oya="3" hai0="1,80,55,113,61,78,36,75,44,34,91,18,74" hai1="58,56,122,63,69,30,102,124,84,103,50,121,59" hai2="62,112,96,46,26,70,125,64,38,9,97,116,19" hai3="129,108,12,0,92,117,71,132,51,134,28,39,109"/><W31/><G39/><T17/><D34/><U105/><E124/><V13/><F116/><W127/><G117/><T33/><D33/><U41/><E30/><N who="3" m="11306" /><G71/><T48/><D75/><U89/><E69/><V14/><F125/><W20/><G127/><T16/><D1/><U2/><E2/><V82/><F112/><W66/><G0/><T101/><D101/><N who="1" m="38411" /><E105/><V110/><F110/><N who="3" m="42603" /><G92/><T47/><D113/><U29/><E29/><V118/><F26/><W10/><G66/><T95/><D61/><U114/><E122/><V106/><F106/><W86/><G86/><T40/><D18/><U90/><E121/><V22/><F82/><W15/><G51/><T120/><D120/><U23/><E84/><AGARI ba="0,0" hai="16,17,36,40,44,47,48,55,74,78,80,84,91,95" machi="84" ten="30,2000,0" yaku="7,1,54,1" doraHai="3" who="0" fromWho="1" sc="181,20,354,-20,332,0,133,0" owari="201,-19.9,334,43.4,332,13.2,133,-36.7" /></mjloggm>