<mjloggm ver="2.3"><GO type="169" lobby="0"/><UN n0="%68%69%74%6F%6D%69" n1="%73%6F%72%75%6B%61%6E%6F" n2="%6B%6F%61%6C%61" n3="%4E%49%4B%55%59%41" dan="16,16,16,16" rate="2101.88,2138.92,2122.30,2088.22" sx="F,M,M,M"/><TAIKYOKU oya="0"/><INIT seed="0,0,0,3,5,103" ten="250,250,250,250" oya="0" hai0="94,95,67,92,2,58,120,26,47,31,74,128,97" hai1="131,119,44,72,133,10,123,77,122,87,29,55,15" hai2="18,65,118,38,69,104,109,132,91,126,60,52,108" hai3="42,24,17,116,25,48,106,0,53,59,6,14,9"/><T16/><D120/><U107/><E119/><V85/><F118/><W111/><G116/><T51/><D2/><U129/><E72/><V89/><F126/><W117/><G117/><T110/><D74/><U125/><E29/><V130/><F130/><N who="1" m="49673" /><E125/><V127/><F127/><W23/><G111/><N who="2" m="42569" /><F132/><W115/><G115/><T62/><D128/><U34/><E34/><V56/><F38/><W54/><G42/><T45/><D110/><U80/><E133/><V39/><F39/><W105/><REACH who="3" step="1"/><G53/><REACH who="3" ten="250,250,250,240" step="2"/><T32/><D97/><U61/><E55/><V84/><F52/><W57/><G57/><T78/><D51/><U30/><E123/><V90/><F56/><W41/><G41/><T46/><D78/><U5/><E122/><V11/><F69/><W73/><G73/><T40/><D40/><U135/><E135/><V49/><F49/><W33/><G33/><T114/><D114/><U98/><E77/><V86/><F86/><W113/><G113/><T82/><D47/><U4/><E44/><V81/><F84/><W75/><G75/><T3/><D46/><U37/><E87/><V12/><F85/><W76/><G76/><T68/><D45/><U70/><E37/><V96/><F81/><W28/><G28/><T100/><D68/><U35/><E80/><V71/><F96/><W63/><G63/><T20/><D82/><U27/><E70/><V83/><F83/><W22/><G22/><T64/><D32/><U101/><E61/><V8/><F8/><W43/><G43/><T21/><D21/><U19/><AGARI ba="0,1" hai="4,5,10,15,19,27,30,35,98,101,107" m="49673" machi="19" ten="30,2000,0" yaku="19,1,52,1" doraHai="103" who="1" fromWho="1" sc="250,-10,250,30,250,-5,240,-5" /><INIT seed="1,0,0,2,2,131" ten="240,280,245,235" oya="1" hai0="71,94,87,44,50,77,121,39,11,119,66,135,133" hai1="13,111,53,2,134,129,24,18,54,5,114,27,35" hai2="58,43,65,128,103,106,34,73,78,120,95,127,56" hai3="61,108,67,104,102,97,130,51,84,124,55,74,93"/><U6/><E114/><V36/><F34/><W49/><G130/><T4/><D119/><U100/><E129/><V126/><F106/><W122/><G122/><T10/><D39/><U86/><E2/><V16/><F128/><W57/><G108/><T31/><D121/><U64/><E64/><V3/><F3/><W42/><G124/><N who="2" m="47657" /><F120/><W23/><G74/><T118/><D118/><U62/><E111/><V47/><F73/><W76/><G42/><T81/><D31/><U0/><E0/><V98/><F78/><W99/><G23/><T52/><D94/><U85/><E100/><V30/><F30/><W68/><G84/><T109/><D109/><U110/><E110/><V25/><F65/><W80/><G80/><T112/><D112/><U19/><E13/><V46/><F46/><W59/><G76/><T22/><D22/><AGARI ba="0,0" hai="16,22,25,36,43,47,56,58,95,98,103" m="47657" machi="22" ten="30,2000,0" yaku="18,1,54,1" doraHai="131" who="2" fromWho="0" sc="240,-20,280,0,245,20,235,0" /><INIT seed="2,0,0,3,4,34" ten="220,280,265,235" oya="2" hai0="125,2,39,75,1,40,108,19,15,30,61,89,97" hai1="112,56,52,32,31,5,0,79,77,54,7,83,10" hai2="129,69,110,46,60,84,118,98,128,92,99,64,24" hai3="44,13,101,68,36,91,135,53,51,47,80,130,11"/><V16/><F118/><W74/><G68/><T121/><D121/><U78/><E112/><V102/><F110/><W25/><G130/><N who="2" m="50281" /><F46/><W109/><G135/><T38/><D125/><U17/><E17/><V85/><F99/><W90/><G109/><T100/><D75/><U122/><E122/><V28/><F16/><W18/><G101/><T114/><D114/><U43/><E43/><V111/><F111/><W73/><G25/><T94/><D30/><U33/><E83/><V76/><F76/><W82/><G82/><T12/><D108/><U115/><E115/><V22/><AGARI ba="0,0" hai="22,24,28,60,64,69,84,85,92,98,102" m="50281" machi="22" ten="30,1500,0" yaku="19,1" doraHai="34" who="2" fromWho="2" sc="220,-5,280,-5,265,15,235,-5" /><INIT seed="2,1,0,1,2,11" ten="215,275,280,230" oya="2" hai0="57,85,95,2,55,77,98,122,90,9,0,97,88" hai1="82,70,12,103,7,37,135,18,28,15,128,47,16" hai2="34,53,17,8,1,29,68,4,50,126,26,63,58" hai3="69,54,76,96,20,75,87,114,83,130,60,106,93"/><V94/><F126/><W36/><G36/><T40/><D122/><U5/><E70/><V74/><F74/><W49/><G130/><T107/><D40/><U110/><E110/><V14/><F94/><W109/><G109/><T27/><D77/><U30/><E128/><V13/><REACH who="2" step="1"/><F17/><REACH who="2" ten="215,275,270,230" step="2"/><W10/><G93/><T80/><D107/><U129/><E129/><V119/><F119/><W44/><G106/><T41/><D98/><U32/><E16/><V125/><F125/><W3/><G96/><T64/><D97/><U124/><E124/><V38/><F38/><W89/><G75/><T134/><D95/><U117/><E37/><V56/><F56/><W51/><G69/><T101/><D57/><U105/><E105/><V91/><F91/><W104/><G89/><T108/><D90/><U99/><E117/><V35/><F35/><W100/><G104/><T71/><D108/><U22/><E32/><V84/><F84/><W123/><G87/><T79/><D71/><U120/><E18/><V67/><AGARI ba="1,1" hai="1,4,8,13,14,26,29,34,50,53,58,63,67,68" machi="67" ten="30,12000,1" yaku="1,1,0,1,52,2,53,1" doraHai="11" doraHaiUra="6" who="2" fromWho="2" sc="215,-41,275,-41,270,133,230,-41" /><INIT seed="2,2,0,4,5,76" ten="174,234,403,189" oya="2" hai0="72,29,99,108,86,30,63,124,133,103,126,112,130" hai1="56,80,7,105,101,1,33,0,88,47,79,128,39" hai2="25,24,70,20,97,10,18,95,28,98,5,71,104" hai3="75,89,41,31,135,23,46,109,66,3,131,122,110"/><V44/><F44/><W118/><G75/><T107/><D112/><U74/><E33/><V82/><F104/><W100/><G100/><T102/><D72/><U52/><E128/><V8/><F98/><W14/><G3/><T38/><D38/><U13/><E101/><V22/><F8/><W40/><G66/><T120/><D120/><U43/><E105/><V129/><F129/><W78/><G78/><T65/><D130/><U4/><E88/><V91/><REACH who="2" step="1"/><F82/><REACH who="2" ten="174,234,393,189" step="2"/><W132/><G46/><T123/><D99/><U49/><REACH who="1" step="1"/><E4/><REACH who="1" ten="174,224,393,189" step="2"/><V114/><F114/><W48/><G131/><T12/><D107/><U17/><E17/><V84/><F84/><W68/><G122/><T26/><D86/><U59/><E59/><V55/><F55/><W96/><G96/><T87/><D123/><U58/><E58/><V113/><F113/><W106/><G106/><T85/><D87/><U6/><E6/><V64/><F64/><W21/><G40/><T116/><D65/><U11/><AGARI ba="2,2" hai="0,1,7,11,13,39,43,47,49,52,56,74,79,80" machi="11" ten="30,7900,0" yaku="1,1,0,1,52,1,54,1,53,0" doraHai="76" doraHaiUra="90" who="1" fromWho="1" sc="174,-22,224,105,393,-41,189,-22" /><INIT seed="3,0,0,4,4,71" ten="152,329,352,167" oya="3" hai0="10,113,29,81,44,96,21,68,108,38,133,61,75" hai1="122,72,82,32,4,97,109,115,23,118,79,41,55" hai2="127,26,69,126,53,60,40,67,56,33,25,46,101" hai3="27,77,22,18,24,39,1,78,45,20,37,131,5"/><W105/><G105/><T49/><D108/><U15/><E115/><V11/><F11/><W57/><G131/><T132/><D113/><U91/><E122/><V80/><F80/><W28/><G5/><T54/><D96/><U94/><E109/><V123/><F101/><W93/><G1/><T36/><D10/><U103/><E32/><V88/><F88/><W0/><G0/><T62/><D29/><U102/><E118/><V63/><F33/><W95/><G57/><N who="0" m="34999" /><D21/><U112/><E112/><V120/><F25/><W135/><G135/><N who="0" m="51787" /><D81/><U30/><E30/><V9/><F26/><W92/><REACH who="3" step="1"/><G45/><REACH who="3" ten="152,329,352,157" step="2"/><T129/><D129/><U59/><E4/><V34/><F120/><W86/><G86/><T50/><D75/><U107/><E107/><V48/><F123/><W116/><G116/><T52/><D50/><U65/><E72/><V99/><F48/><W66/><G66/><AGARI ba="0,1" hai="36,38,44,49,52,62,66,68" m="51787,34999" machi="66" ten="30,12000,2" yaku="20,1,34,2,52,2,54,1" doraHai="71" who="0" fromWho="3" sc="152,130,329,0,352,0,157,-120" /><INIT seed="4,0,0,5,1,19" ten="282,329,352,37" oya="0" hai0="102,1,87,135,83,16,86,85,81,12,80,7,134" hai1="27,99,89,57,4,56,8,114,121,33,22,51,44" hai2="63,131,129,73,97,26,72,82,61,104,119,65,29" hai3="70,88,50,39,58,43,93,94,117,115,76,25,13"/><T41/><D41/><U17/><E121/><V36/><F36/><W9/><G117/><T49/><D102/><U126/><E126/><V45/><F45/><W132/><G70/><T109/><D109/><U130/><E130/><N who="2" m="49675" /><F119/><W78/><G132/><N who="0" m="50731" /><D49/><U71/><E71/><N who="2" m="42415" /><F63/><W95/><G115/><T106/><D106/><U18/><E33/><N who="2" m="20663" /><F82/><W128/><G128/><T96/><D96/><U37/><E37/><V34/><F34/><W48/><G39/><T66/><D66/><U77/><E77/><V0/><F0/><W47/><G25/><T112/><D112/><U110/><E110/><V42/><F42/><W64/><G64/><T107/><D107/><U79/><E79/><V53/><F53/><W24/><G24/><T38/><D38/><U23/><E114/><V35/><F35/><W54/><REACH who="3" step="1"/><G88/><REACH who="3" ten="282,329,352,27" step="2"/><T67/><D67/><U69/><E69/><V31/><F31/><W125/><G125/><T6/><D1/><U120/><E27/><V98/><F98/><W11/><G11/><AGARI ba="0,1" hai="6,7,11,12,16,80,81,83,85,86,87" m="50731" machi="11" ten="40,3900,0" yaku="20,1,54,1" doraHai="19" who="0" fromWho="3" sc="282,49,329,0,352,0,27,-39" owari="331,13.1,329,-7.1,352,45.2,-12,-51.2" /></mjloggm>