<mjloggm ver="2.3"><GO type="169" lobby="0"/><UN n0="%6D%61%74%74%75%61%6E" n1="%E4%B8%89%E5%8D%81%E7%94%BB%E7%94%9F" n2="%E3%83%8A%E3%82%AB%E3%81%AB%E3%81%97" n3="%E5%8D%97%E5%B8%9D%E5%8D%97%E6%B5%A6" dan="18,16,17,17" rate="2263.46,2130.14,2240.88,2212.91" sx="M,M,M,M"/><TAIKYOKU oya="0"/><INIT seed="0,0,0,5,4,11" ten="250,250,250,250" oya="0" hai0="85,64,32,62,109,27,80,41,127,22,100,121,24" hai1="132,47,95,79,29,103,65,110,3,106,87,99,130" hai2="67,20,78,134,119,16,89,53,10,69,105,37,104" hai3="0,91,82,75,61,113,128,90,33,72,71,40,125"/><T35/><D121/><U42/><E3/><V26/><F37/><W1/><G40/><T55/><D127/><U49/><E110/><V111/><F111/><W84/><G33/><T7/><D41/><U46/><E130/><V96/><F134/><W15/><G61/><T129/><D129/><U74/><E132/><V60/><F78/><W135/><G71/><T25/><D22/><U123/><E123/><V51/><F119/><W116/><G84/><T39/><D39/><U86/><E29/><V18/><F89/><W112/><G82/><T21/><D21/><U107/><E65/><V12/><REACH who="2" step="1"/><F96/><REACH who="2" ten="250,250,240,250" step="2"/><W63/><G116/><T81/><D109/><U45/><E79/><V70/><F70/><W77/><G77/><T133/><D133/><U118/><E118/><V13/><F13/><W30/><G15/><T6/><D35/><U23/><E99/><V57/><AGARI ba="0,1" hai="10,12,16,18,20,26,51,53,57,60,67,69,104,105" machi="57" ten="20,8000,1" yaku="1,1,0,1,7,1,52,1,54,1,53,0" doraHai="11" doraHaiUra="120" who="2" fromWho="2" sc="250,-40,250,-20,240,90,250,-20" /><INIT seed="1,0,0,1,2,48" ten="210,230,330,230" oya="1" hai0="103,51,47,110,41,29,19,72,8,58,6,28,108" hai1="85,107,2,89,129,90,132,38,23,113,66,133,99" hai2="33,34,60,124,105,76,11,13,46,5,114,102,10" hai3="95,120,86,15,26,32,16,78,87,92,25,104,56"/><U94/><E38/><V88/><F124/><W7/><G120/><T61/><D72/><U3/><E113/><V96/><F114/><W126/><G104/><T1/><D103/><U77/><E77/><V123/><F123/><W54/><G7/><T18/><D18/><U84/><E129/><V112/><F112/><W27/><G32/><T106/><D106/><U69/><E23/><V118/><F118/><W17/><G126/><T45/><D45/><U131/><E131/><V62/><F76/><W70/><G70/><T111/><REACH who="0" step="1"/><D19/><REACH who="0" ten="200,230,330,230" step="2"/><U44/><E44/><V81/><F46/><W68/><G17/><T64/><AGARI ba="0,1" hai="1,6,8,28,29,41,47,51,58,61,64,108,110,111" machi="64" ten="30,7900,0" yaku="1,1,2,1,0,1,14,1,53,0" doraHai="48" doraHaiUra="20" who="0" fromWho="0" sc="200,89,230,-39,330,-20,230,-20" /><INIT seed="2,0,0,0,2,43" ten="289,191,310,210" oya="2" hai0="102,51,13,39,117,97,80,12,53,40,10,91,92" hai1="68,71,129,126,34,107,121,60,44,125,73,84,133" hai2="130,104,58,33,7,19,35,81,134,112,55,0,124" hai3="20,99,90,25,6,48,3,49,54,36,98,57,108"/><V42/><F112/><W131/><G131/><T96/><D117/><U119/><RYUUKYOKU type="yao9" ba="0,0" sc="289,0,191,0,310,0,210,0" hai1="34,44,60,68,71,73,84,107,119,121,125,126,129,133" /><INIT seed="2,1,0,4,3,27" ten="289,191,310,210" oya="2" hai0="5,131,66,118,26,100,88,25,61,99,126,33,133" hai1="7,43,71,98,48,125,16,47,51,112,84,85,18" hai2="110,15,130,20,91,76,86,120,24,13,21,38,12" hai3="111,69,34,77,128,87,82,108,49,11,0,68,10"/><V117/><F117/><W75/><G128/><T55/><D131/><U124/><E71/><V74/><F130/><W52/><G34/><T103/><D126/><U123/><E112/><V83/><F120/><W17/><G75/><T121/><D121/><U9/><E123/><V39/><F110/><N who="3" m="42027" /><G17/><T8/><D133/><U79/><E98/><V2/><F2/><W135/><G135/><T81/><D118/><U89/><E51/><V57/><F57/><N who="3" m="32911" /><G0/><T3/><D55/><U6/><E6/><V113/><F21/><W64/><G64/><T22/><D33/><U134/><E134/><V31/><REACH who="2" step="1"/><F113/><REACH who="2" ten="289,191,300,210" step="2"/><W30/><G30/><T4/><D22/><U109/><E109/><V65/><F65/><W94/><G68/><T59/><D3/><U63/><E125/><V37/><F37/><W67/><G69/><T90/><D66/><U58/><E124/><V60/><F60/><W127/><G127/><T42/><D61/><U122/><E122/><V35/><F35/><W56/><G67/><T101/><D59/><U132/><E132/><V29/><F29/><W46/><G56/><T102/><D8/><U104/><E63/><V53/><F53/><W23/><G23/><T41/><D41/><U114/><E58/><V97/><F97/><W95/><G46/><T28/><D42/><U92/><E114/><V80/><AGARI ba="1,1" hai="12,13,15,20,24,31,38,39,74,76,80,83,86,91" machi="80" ten="30,11700,0" yaku="1,1,0,1,52,1,53,1" doraHai="27" doraHaiUra="105" who="2" fromWho="2" sc="289,-40,191,-40,300,130,210,-40" /><INIT seed="2,2,0,0,5,77" ten="249,151,430,170" oya="2" hai0="125,37,62,82,11,30,83,93,94,31,9,23,43" hai1="124,40,3,36,4,99,72,113,133,50,17,70,56" hai2="54,79,61,126,32,53,68,81,65,33,78,67,39" hai3="106,123,117,118,63,122,66,92,85,96,44,129,6"/><V97/><F39/><W110/><G6/><T86/><D125/><U42/><E113/><V0/><F0/><W2/><G2/><T47/><D62/><U109/><E70/><V46/><F126/><W35/><G35/><T104/><D104/><U131/><E124/><V19/><F97/><W121/><G44/><T52/><D31/><U15/><E109/><V7/><F7/><W34/><G34/><T10/><D52/><U116/><E116/><V18/><F46/><W48/><G48/><T84/><D84/><U14/><E36/><V120/><F61/><W55/><G55/><T119/><D119/><N who="3" m="45577" /><G63/><T26/><REACH who="0" step="1"/><D83/><REACH who="0" ten="239,151,430,170" step="2"/><U27/><E56/><V95/><F95/><W41/><BYE who="2" /><G41/><T60/><D60/><U76/><E42/><V128/><F128/><W135/><G66/><T1/><D1/><U127/><E131/><V45/><F45/><W8/><G129/><T112/><D112/><U25/><E40/><V64/><F64/><W102/><G110/><T75/><D75/><U28/><E72/><V130/><F130/><W132/><G8/><T107/><D107/><U73/><E73/><V49/><F49/><W115/><G115/><T103/><D103/><U89/><E50/><V13/><F13/><W38/><G38/><T134/><D134/><N who="3" m="51241" /><G85/><T114/><D114/><U57/><E133/><V87/><F87/><W111/><G111/><T105/><D105/><AGARI ba="2,1" hai="92,96,102,105,106,121,122,123" m="51241,45577" machi="105" ten="40,5200,0" yaku="20,1,34,2" doraHai="77" who="3" fromWho="0" sc="239,-58,151,0,430,0,170,68" /><INIT seed="3,0,0,3,5,7" ten="181,151,430,238" oya="3" hai0="23,93,81,119,60,27,28,29,121,98,49,20,91" hai1="113,3,42,129,94,30,117,105,64,34,116,90,97" hai2="44,111,40,134,2,5,131,79,11,125,70,75,19" hai3="128,84,120,103,112,102,50,83,88,15,104,26,123"/><W36/><G36/><T124/><D119/><U39/><E113/><V37/><F37/><W135/><G112/><T4/><D121/><N who="3" m="46665" /><G15/><T63/><D124/><U48/><E39/><V92/><F92/><W73/><G50/><T51/><D4/><UN n2="%E3%83%8A%E3%82%AB%E3%81%AB%E3%81%97" /><U89/><E105/><V122/><F122/><W69/><G26/><N who="0" m="16455" /><D81/><U47/><E129/><V33/><F70/><W126/><G69/><T24/><D24/><U99/><E64/><V106/><F33/><W132/><G126/><T0/><D0/><U52/><E3/><V76/><F2/><W118/><G118/><N who="1" m="45674" /><E30/><V35/><F35/><W12/><G12/><T57/><D63/><U21/><E21/><V45/><F131/><W68/><G68/><T108/><D108/><U62/><E34/><V46/><F111/><W8/><G8/><T31/><D31/><U80/><E80/><V14/><F11/><W13/><G13/><T10/><D10/><U115/><E115/><V95/><F14/><W54/><G54/><AGARI ba="0,0" hai="23,27,29,49,51,54,57,60,91,93,98" m="16455" machi="54" ten="30,1000,0" yaku="8,1" doraHai="7" who="0" fromWho="3" sc="181,10,151,0,430,0,238,-10" /><INIT seed="4,0,0,0,5,113" ten="191,151,430,228" oya="0" hai0="129,85,130,120,11,24,20,77,8,31,9,76,124" hai1="59,55,58,6,74,127,56,12,118,83,46,5,48" hai2="23,87,111,108,69,126,39,47,75,7,68,107,21" hai3="29,10,25,33,104,37,102,57,40,22,30,96,123"/><T101/><D120/><U0/><E127/><V122/><F122/><W82/><G123/><T72/><D124/><U78/><E0/><V4/><F75/><W92/><G10/><T13/><D72/><U61/><E61/><V50/><F39/><W116/><G82/><T51/><D101/><U54/><E54/><V65/><F107/><W91/><G37/><T14/><D51/><U133/><E133/><V2/><F87/><W67/><G40/><T17/><D14/><U28/><E28/><V103/><F103/><W131/><G131/><N who="0" m="50187" /><D85/><U106/><E106/><V84/><F84/><W132/><G132/><T70/><D70/><U73/><E73/><V15/><F15/><W71/><G71/><T86/><D86/><U109/><E109/><V90/><F50/><W125/><G125/><T38/><D38/><U119/><REACH who="1" step="1"/><E12/><REACH who="1" ten="191,141,430,228" step="2"/><V94/><F2/><W19/><G30/><T49/><D49/><U134/><E134/><V16/><F126/><W43/><G29/><T64/><D64/><U100/><E100/><V117/><F65/><W34/><G102/><T62/><D62/><U80/><E80/><V81/><F81/><W44/><G104/><T32/><AGARI ba="0,1" hai="8,9,11,13,17,20,24,31,32,76,77" m="50187" machi="32" ten="30,1500,0" yaku="19,1" doraHai="113" who="0" fromWho="0" sc="191,25,141,-5,430,-5,228,-5" /><INIT seed="4,1,0,5,2,25" ten="216,136,425,223" oya="0" hai0="5,63,46,126,36,24,29,57,118,78,115,109,74" hai1="113,10,68,94,33,65,67,134,89,90,22,102,3" hai2="27,37,92,53,47,34,39,88,87,19,75,55,44" hai3="116,129,1,45,97,73,120,28,77,56,101,40,48"/><T100/><D118/><U14/><E134/><V117/><F75/><W85/><G116/><T35/><D115/><U58/><E68/><V32/><F117/><W11/><G129/><T72/><D126/><U86/><E33/><V81/><F19/><W107/><G120/><T20/><D109/><U23/><E3/><V96/><F44/><W104/><G73/><T83/><D100/><U114/><E102/><V42/><F39/><W2/><G107/><T105/><D105/><U62/><E67/><V15/><F15/><W16/><G28/><T112/><D112/><N who="1" m="43115" /><E90/><V0/><F0/><W41/><G41/><T8/><D35/><U6/><AGARI ba="1,0" hai="6,10,14,22,23,58,62,65,86,89,94" m="43115" machi="6" ten="30,2000,0" yaku="15,1,11,1" doraHai="25" who="1" fromWho="1" sc="216,-11,136,23,425,-6,223,-6" /><INIT seed="5,0,0,1,0,107" ten="205,159,419,217" oya="1" hai0="20,9,8,62,76,59,123,42,85,96,66,95,69" hai1="93,121,78,91,22,90,21,79,104,7,125,115,94" hai2="52,114,31,97,18,133,71,68,28,32,50,109,60" hai3="100,5,67,29,89,53,64,116,4,75,55,36,45"/><U33/><E104/><V111/><F133/><W120/><G100/><T119/><D119/><U25/><E33/><V126/><F126/><W81/><G120/><T40/><D69/><U61/><E121/><V46/><F114/><W43/><G29/><T113/><D113/><U6/><E115/><V38/><F18/><W34/><G34/><T74/><D74/><U1/><E61/><V134/><F134/><W83/><G89/><N who="0" m="55407" /><D20/><U15/><E15/><V58/><F97/><W10/><G116/><T92/><D123/><U102/><E102/><V73/><F73/><W12/><G4/><T30/><D30/><N who="2" m="11306" /><F68/><W110/><G110/><T11/><D92/><U44/><E44/><V65/><F32/><W35/><G35/><T13/><D13/><U112/><E112/><V72/><F72/><W2/><G83/><AGARI ba="0,0" hai="8,9,11,40,42,59,62,66,76,83,85" m="55407" machi="83" ten="30,1000,0" yaku="8,1" doraHai="107" who="0" fromWho="3" sc="205,10,159,0,419,0,217,-10" /><INIT seed="6,0,0,4,5,119" ten="215,159,419,207" oya="2" hai0="75,73,34,27,105,51,121,42,24,9,95,15,46" hai1="7,36,18,96,23,103,31,13,74,10,135,72,116" hai2="127,93,71,86,104,107,132,61,8,44,129,92,45" hai3="99,118,134,33,4,47,88,100,52,122,28,126,109"/><V108/><F129/><W128/><G118/><T11/><D121/><U102/><E116/><V70/><F132/><W115/><G109/><T90/><D105/><U54/><E135/><V5/><F127/><W76/><G134/><T117/><D11/><U57/><E36/><V48/><F61/><W16/><G128/><T14/><D15/><U25/><E102/><V50/><F86/><W2/><G126/><T58/><D117/><U68/><E68/><V97/><F8/><W94/><G122/><T32/><D32/><U6/><E74/><V67/><F67/><W101/><G2/><T38/><D27/><U41/><E41/><V53/><F97/><W131/><G4/><T84/><D24/><U123/><E72/><V89/><F89/><W19/><G76/><T69/><D34/><U21/><E10/><V111/><F53/><W22/><G131/><T35/><D35/><U83/><E83/><V29/><F29/><W26/><G115/><T60/><D38/><U120/><E7/><AGARI ba="0,0" hai="5,7,44,45,48,50,70,71,92,93,104,107,108,111" machi="7" ten="25,2400,0" yaku="22,2" doraHai="119" who="2" fromWho="1" sc="215,0,159,-24,419,24,207,0" /><INIT seed="6,1,0,4,4,112" ten="215,135,443,207" oya="2" hai0="108,8,96,46,18,86,36,104,72,56,66,35,111" hai1="53,92,97,59,84,119,120,39,45,15,131,123,80" hai2="106,63,55,102,101,103,69,19,135,85,94,16,47" hai3="4,48,17,87,9,67,76,52,51,54,65,73,116"/><V7/><F106/><W107/><G107/><T113/><D35/><U71/><E131/><V6/><F135/><W93/><G73/><T10/><D72/><U57/><E71/><V40/><F69/><W98/><G116/><T61/><D113/><U60/><E39/><V58/><F85/><W110/><G110/><T43/><D10/><U68/><E68/><V127/><F127/><W0/><G17/><T62/><D61/><U132/><E132/><V81/><F81/><W27/><G27/><T82/><D8/><U99/><E45/><V129/><F94/><W28/><G28/><T130/><D18/><U70/><E70/><V89/><F89/><W32/><G32/><T49/><D130/><U90/><E15/><V117/><F117/><W11/><G11/><T79/><REACH who="0" step="1"/><D36/><REACH who="0" ten="205,135,443,207" step="2"/><U44/><E119/><V5/><F129/><W74/><G74/><T134/><D134/><U114/><E114/><V115/><F115/><W22/><G22/><T33/><D33/><U75/><E44/><V23/><F23/><W25/><G9/><T3/><D3/><U118/><E118/><V77/><F47/><N who="3" m="27679" /><G0/><T124/><D124/><U2/><E2/><V14/><F7/><W83/><G4/><T91/><D91/><U37/><E37/><V128/><F6/><W34/><G34/><T133/><D133/><U88/><E59/><V30/><F5/><W26/><G26/><T121/><D121/><U122/><REACH who="1" step="1"/><E75/><REACH who="1" ten="205,125,443,207" step="2"/><V12/><F58/><N who="3" m="33119" /><G25/><T1/><D1/><U31/><E31/><V21/><F30/><W50/><G50/><T105/><D105/><U78/><E78/><RYUUKYOKU ba="1,2" sc="205,10,125,10,443,-30,207,10" hai0="43,46,49,56,62,66,79,82,86,96,104,108,111" hai1="53,57,60,80,84,88,90,92,97,99,120,122,123" hai3="65,67,76,83,87,93,98" /><INIT seed="7,2,2,0,3,29" ten="215,135,413,217" oya="3" hai0="3,102,111,89,126,8,66,17,92,23,106,121,82" hai1="62,36,26,117,127,115,68,50,132,77,28,4,11" hai2="45,72,112,9,46,54,120,39,97,65,73,1,87" hai3="67,64,133,34,12,76,24,22,81,119,105,135,95"/><W40/><G119/><T83/><D111/><U91/><E36/><V38/><F65/><W90/><G105/><T128/><D121/><U13/><E115/><V6/><F112/><W61/><G40/><T69/><D128/><U18/><E132/><N who="3" m="50762" /><G12/><T110/><D110/><U53/><E127/><V99/><F87/><N who="3" m="52703" /><G61/><T75/><D126/><U47/><E117/><V94/><F120/><W85/><G34/><T27/><D75/><U57/><E68/><V2/><F6/><W35/><G35/><T58/><D69/><U108/><E108/><V5/><F5/><W131/><G131/><T14/><D102/><U74/><E91/><V25/><F25/><W103/><G103/><T37/><D37/><U70/><E70/><V10/><F94/><W109/><G109/><T100/><D106/><U86/><E74/><V123/><F123/><W129/><G129/><T33/><D33/><U71/><E71/><V56/><F54/><W20/><G20/><T7/><D3/><U84/><E77/><V59/><AGARI ba="2,2" hai="1,2,9,10,38,39,45,46,56,59,72,73,97,99" machi="59" ten="25,3200,0" yaku="0,1,22,2" doraHai="29" who="2" fromWho="2" sc="215,-10,135,-10,413,58,217,-18" owari="205,0.5,125,-37.5,471,57.1,199,-20.1" /></mjloggm>