<mjloggm ver="2.3"><GO type="225" lobby="0"/><UN n0="%E6%81%A5%E6%99%92%E3%81%97" n1="%E3%81%8B%E3%82%8F%E3%81%A1%E3%82%83%E3%82%93%35%38" n2="%E6%A1%9C%E8%8A%B1%E9%96%83%E3%80%85" n3="%E6%A0%B9%E5%85%83%E3%81%8B%E3%82%89%E5%90%B9%E3%81%A3%E9%A3%9B%E3%81%B6" dan="16,16,16,16" rate="2057.68,2131.20,2197.80,2134.77" sx="M,M,M,F"/><TAIKYOKU oya="0"/><INIT seed="0,0,0,0,5,37" ten="250,250,250,250" oya="0" hai0="89,34,0,62,36,14,11,65,8,91,88,59,53" hai1="90,19,102,131,73,127,82,1,30,5,124,99,128" hai2="63,33,39,106,95,133,46,10,28,109,135,27,24" hai3="43,129,70,69,50,86,23,35,38,52,12,49,119"/><T61/><D34/><U18/><E30/><V116/><F106/><W26/><G119/><T55/><D36/><U107/><E5/><V103/><F116/><W100/><G35/><T94/><D0/><U15/><E1/><V6/><F63/><W98/><G12/><T68/><D94/><N who="1" m="56791" /><E15/><V58/><F58/><W108/><G38/><T51/><REACH who="0" step="1"/><D14/><REACH who="0" ten="240,250,250,250" step="2"/><U93/><E93/><V114/><F95/><N who="3" m="58463" /><G70/><T47/><AGARI ba="0,1" hai="8,11,47,51,53,55,59,61,62,65,68,88,89,91" machi="47" ten="30,6000,0" yaku="1,1,0,1,54,1,53,0" doraHai="37" doraHaiUra="80" who="0" fromWho="0" sc="240,70,250,-20,250,-20,250,-20" /><INIT seed="0,1,0,1,1,80" ten="310,230,230,230" oya="0" hai0="92,7,38,123,24,129,120,35,18,113,26,105,76" hai1="39,128,116,126,22,63,100,122,4,1,127,40,133" hai2="42,89,82,46,90,61,119,50,19,108,70,74,13" hai3="72,6,16,68,67,97,135,112,104,48,57,65,25"/><T134/><D113/><U94/><E116/><V51/><F119/><W31/><G112/><T130/><D105/><U85/><E122/><V15/><F108/><W36/><G72/><T91/><D38/><U14/><E128/><N who="0" m="49257" /><D76/><U12/><E133/><V64/><F51/><W60/><G36/><T125/><D134/><U111/><E111/><V21/><REACH who="2" step="1"/><F15/><REACH who="2" ten="310,230,220,230" step="2"/><W98/><G135/><T83/><D123/><U11/><E12/><V17/><F17/><W59/><G16/><T58/><D18/><U84/><E14/><V47/><F47/><W86/><G48/><T81/><D120/><U66/><E39/><V28/><F28/><W37/><G31/><T79/><D7/><U20/><E40/><V118/><F118/><W32/><G6/><T114/><D114/><U10/><E10/><V23/><F23/><W49/><G37/><T75/><D35/><U9/><E9/><V124/><F124/><N who="1" m="47657" /><E20/><V30/><F30/><W44/><G32/><T73/><D125/><U45/><E45/><V33/><F33/><W88/><G44/><T52/><D26/><U107/><E22/><V121/><F121/><W0/><G25/><T41/><D24/><U29/><E29/><V78/><AGARI ba="1,1" hai="13,19,21,42,46,50,61,64,70,74,78,82,89,90" machi="78" ten="30,2000,0" yaku="1,1,0,1,53,0" doraHai="80" doraHaiUra="34" who="2" fromWho="2" sc="310,-11,230,-6,220,33,230,-6" /><INIT seed="1,0,0,1,2,49" ten="299,224,253,224" oya="1" hai0="8,102,77,125,114,99,108,97,73,75,130,79,123" hai1="56,30,80,50,12,38,74,26,9,88,57,84,63" hai2="115,121,55,129,43,42,105,67,61,6,18,109,2" hai3="87,95,132,127,52,103,86,91,76,96,41,122,21"/><U69/><E38/><V28/><F121/><W54/><G122/><T126/><D114/><U101/><E74/><N who="0" m="28169" /><D123/><U32/><E101/><V117/><F109/><W110/><G110/><T62/><D108/><U33/><E50/><V0/><F129/><W15/><G127/><N who="0" m="48651" /><D130/><U119/><E119/><V93/><F93/><N who="3" m="58767" /><G132/><T7/><D62/><U39/><E39/><V83/><F18/><N who="3" m="10463" /><G41/><T78/><D102/><U23/><E57/><V128/><F61/><W64/><G64/><T46/><D46/><U133/><E69/><V3/><F67/><W66/><G66/><T48/><D48/><U71/><E71/><V5/><F115/><W36/><G36/><T35/><D35/><U17/><REACH who="1" step="1"/><E133/><REACH who="1" ten="299,214,253,224" step="2"/><V51/><F51/><W100/><G100/><T60/><D60/><U124/><E124/><V13/><F117/><W25/><G25/><T70/><D70/><U92/><E92/><V4/><F42/><W19/><G19/><T37/><D37/><U120/><E120/><V29/><F43/><W112/><G112/><T89/><D89/><U81/><E81/><AGARI ba="0,1" hai="52,54,76,81,86,87,91,95" m="10463,58767" machi="81" ten="30,7700,0" yaku="8,1,52,2,54,1" doraHai="49" who="3" fromWho="1" sc="299,0,214,-77,253,0,224,87" /><INIT seed="2,0,0,4,1,67" ten="299,137,253,311" oya="2" hai0="7,45,109,115,97,35,62,47,93,96,78,6,3" hai1="91,100,85,114,8,88,20,30,42,83,87,46,43" hai2="59,31,105,86,70,124,60,49,37,132,90,89,126" hai3="10,81,17,101,25,23,48,61,15,84,110,53,107"/><V133/><F105/><W123/><G110/><T118/><D115/><U121/><E114/><V77/><F31/><N who="3" m="17855" /><G107/><T66/><D109/><U50/><E121/><V134/><F37/><W28/><G123/><T129/><D129/><U122/><E122/><V68/><F49/><W16/><G28/><T1/><D35/><U4/><E100/><V64/><F77/><N who="3" m="46127" /><G101/><T51/><D78/><U113/><E113/><V117/><F117/><W27/><G61/><T38/><D38/><U71/><E71/><N who="2" m="27179" /><F90/><W2/><G2/><T5/><D118/><U125/><E125/><V80/><AGARI ba="0,0" hai="59,60,64,80,86,89,124,126,132,133,134" m="27179" machi="80" ten="40,12000,1" yaku="20,1,52,3" doraHai="67" who="2" fromWho="2" sc="299,-40,137,-40,253,120,311,-40" /><INIT seed="2,1,0,2,4,25" ten="259,97,373,271" oya="2" hai0="101,122,39,67,91,71,65,1,125,8,30,112,4" hai1="13,12,105,75,135,81,22,38,60,92,7,56,21" hai2="120,72,82,79,123,28,58,104,98,52,126,110,74" hai3="34,62,61,50,107,99,100,76,111,97,106,23,102"/><V51/><F126/><W131/><G111/><T18/><D122/><U0/><E105/><V42/><F110/><W90/><G131/><T115/><D39/><U35/><E135/><V24/><F72/><W119/><G34/><T2/><D2/><U6/><E38/><V32/><REACH who="2" step="1"/><F42/><REACH who="2" ten="259,97,363,271" step="2"/><W94/><G119/><T96/><D125/><U20/><E75/><V84/><F84/><W5/><G5/><T117/><D112/><U128/><E6/><V132/><F132/><W57/><G76/><T53/><D115/><U69/><E7/><V37/><F37/><W83/><G83/><T47/><D4/><U44/><E81/><V29/><F29/><W73/><G73/><T64/><D30/><U114/><E128/><V55/><F55/><W88/><G23/><T46/><D53/><U36/><E21/><V11/><F11/><W109/><G109/><T129/><D8/><U85/><E22/><V93/><F93/><W40/><G94/><T68/><D129/><U49/><E36/><V121/><F121/><W95/><G95/><T9/><D9/><U15/><E20/><V113/><F113/><W14/><G40/><T33/><D33/><U26/><E114/><V108/><F108/><W3/><G3/><T70/><D1/><U43/><E0/><V87/><F87/><W17/><G14/><N who="1" m="3586" /><U86/><DORA hai="78" /><E92/><V124/><F124/><W19/><G17/><T31/><D18/><U63/><E35/><V45/><F45/><W127/><G19/><T66/><D31/><U10/><E43/><V27/><F27/><W48/><G127/><T134/><D134/><RYUUKYOKU ba="1,1" sc="259,-15,97,-15,363,15,271,15" hai2="24,28,32,51,52,58,74,79,82,98,104,120,123" hai3="48,50,57,61,62,88,90,97,99,100,102,106,107" /><INIT seed="2,2,1,2,2,134" ten="244,82,378,286" oya="2" hai0="117,93,97,130,59,2,26,44,106,27,68,43,135" hai1="18,95,63,77,40,118,82,42,115,57,32,80,22" hai2="65,61,83,113,58,37,24,5,66,72,85,105,120" hai3="102,46,50,8,38,99,107,76,71,6,54,17,127"/><V7/><F113/><W10/><G71/><T13/><D68/><U16/><E118/><V4/><F120/><W67/><G67/><T98/><D2/><U116/><E116/><V29/><F105/><W70/><G70/><T114/><D114/><U104/><E104/><V56/><F37/><W84/><G38/><T36/><D117/><U23/><E32/><V103/><F103/><W33/><G33/><T45/><D135/><U123/><E123/><V21/><F72/><W101/><G101/><T28/><D45/><U125/><E115/><V30/><F30/><W96/><G96/><T12/><D130/><U9/><E9/><V121/><F121/><W64/><G64/><N who="2" m="24681" /><F61/><W19/><G10/><T14/><D106/><U25/><E95/><V91/><AGARI ba="2,1" hai="4,5,7,21,24,29,56,58,83,85,91" m="24681" machi="91" ten="30,1500,0" yaku="8,1" doraHai="134" who="2" fromWho="2" sc="244,-7,82,-7,378,31,286,-7" /><INIT seed="2,3,0,5,1,12" ten="237,75,409,279" oya="2" hai0="15,39,97,89,92,94,77,21,62,121,31,100,58" hai1="57,105,18,87,122,16,9,79,128,111,14,113,25" hai2="47,65,7,88,0,75,33,4,63,52,46,10,132" hai3="115,99,56,93,80,1,102,125,124,108,86,54,11"/><V49/><F132/><W101/><G11/><T50/><D121/><U119/><E113/><V19/><F33/><W69/><G1/><T51/><D77/><U126/><E119/><V35/><F35/><W38/><G38/><T27/><D39/><U116/><E116/><V82/><F4/><W13/><G69/><T17/><D92/><U84/><E105/><V34/><F34/><W120/><G115/><T48/><D89/><U103/><E122/><V85/><F75/><W117/><G117/><T98/><D98/><U24/><E111/><V91/><F91/><N who="3" m="55743" /><G13/><T2/><D2/><U118/><E118/><V107/><F107/><W90/><G120/><T135/><D135/><U30/><E126/><N who="3" m="48746" /><G108/><T64/><REACH who="0" step="1"/><D51/><AGARI ba="3,0" hai="51,54,56,80,86,90,101,102" m="48746,55743" machi="51" ten="30,1000,0" yaku="18,1" doraHai="12" who="3" fromWho="0" sc="237,-19,75,0,409,0,279,19" /><INIT seed="3,0,0,2,2,43" ten="218,75,409,298" oya="3" hai0="91,9,128,89,59,51,114,122,1,78,66,132,90" hai1="69,48,28,19,42,85,76,11,123,52,84,103,135" hai2="25,108,30,61,86,131,88,57,92,62,113,112,33" hai3="8,111,4,67,60,97,79,93,99,98,24,101,105"/><W100/><G111/><T82/><D122/><U115/><E135/><V134/><F134/><W39/><G39/><T23/><D132/><U72/><E123/><V15/><F108/><W119/><G119/><T129/><D114/><U37/><E115/><V75/><F75/><W126/><G126/><T47/><D23/><U73/><E73/><V130/><F61/><W70/><G79/><T58/><D128/><N who="2" m="49194" /><F15/><W64/><G98/><T22/><D22/><U80/><E103/><V133/><F133/><W118/><G118/><T5/><D66/><AGARI ba="0,0" hai="25,30,33,57,62,66,86,88,92,112,113" m="49194" machi="66" ten="30,2000,0" yaku="19,1,54,1" doraHai="43" who="2" fromWho="0" sc="218,-20,75,0,409,20,298,0" owari="198,-20.2,75,-42.5,429,52.9,298,9.8" /></mjloggm>