<mjloggm ver="2.3"><GO type="225" lobby="0"/><UN n0="%E3%83%A9%E3%82%B9%E7%8E%87%EF%BC%93%E5%89%B2" n1="%E3%81%8B%E3%82%8F%E3%81%A1%E3%82%83%E3%82%93%35%38" n2="%E6%98%93%E5%88%A9%E8%96%A9%E4%BC%AF" n3="%E3%81%A4%E3%81%A3%E3%81%B1%E3%82%8A%E3%83%9D%E3%83%BC%E3%83%AB" dan="17,16,17,17" rate="2204.59,2124.19,2224.02,2172.08" sx="F,M,F,M"/><TAIKYOKU oya="0"/><INIT seed="0,0,0,2,1,126" ten="250,250,250,250" oya="0" hai0="82,109,37,36,66,91,54,111,69,18,53,1,47" hai1="100,72,67,8,71,97,125,83,90,114,13,40,70" hai2="6,24,3,133,134,21,10,14,32,79,7,110,95" hai3="75,124,107,122,80,130,31,19,112,51,16,93,63"/><T98/><D1/><U78/><E125/><V60/><F79/><W64/><G107/><T26/><D18/><U131/><E114/><V74/><F74/><W89/><G124/><T86/><D26/><U4/><E67/><V108/><F60/><W68/><G112/><T23/><D23/><U87/><E40/><V0/><F95/><W105/><G105/><T48/><D54/><U104/><REACH who="1" step="1"/><E131/><REACH who="1" ten="250,240,250,250" step="2"/><V116/><F116/><W2/><G130/><T25/><D66/><U11/><E11/><V56/><F133/><W58/><G64/><T5/><D69/><U119/><E119/><V117/><F134/><W123/><G68/><T65/><D65/><U52/><E52/><V35/><F117/><W84/><G123/><T41/><D53/><U120/><E120/><V113/><F113/><W33/><G122/><T118/><D118/><U85/><E85/><V129/><F129/><W30/><G84/><T38/><D86/><U55/><E55/><V20/><F56/><W61/><G58/><T59/><D59/><U92/><AGARI ba="0,1" hai="4,8,13,70,71,72,78,83,87,90,92,97,100,104" machi="92" ten="20,12000,2" yaku="1,1,0,1,7,1,24,2,53,1" doraHai="126" doraHaiUra="88" who="1" fromWho="1" sc="250,-60,240,130,250,-30,250,-30" /><INIT seed="1,0,0,2,1,5" ten="190,370,220,220" oya="1" hai0="36,76,33,28,122,72,91,90,79,114,23,51,131" hai1="20,14,106,48,73,128,7,83,10,6,27,82,38" hai2="25,17,115,134,104,118,67,42,50,132,4,101,133" hai3="59,44,52,135,81,39,107,95,105,13,26,130,31"/><U74/><E38/><V45/><F118/><W34/><G135/><T58/><D36/><U119/><E106/><V98/><F115/><W53/><G130/><T12/><D33/><U22/><E119/><V70/><F4/><W11/><G81/><T1/><D1/><U94/><E128/><V99/><F99/><W40/><G95/><T121/><D72/><U108/><E108/><V57/><F70/><W110/><G110/><T21/><D131/><U35/><E35/><V0/><F0/><W75/><G75/><T49/><D12/><U64/><E64/><V19/><REACH who="2" step="1"/><F25/><REACH who="2" ten="190,370,210,220" step="2"/><W63/><G53/><T62/><D114/><U85/><E27/><V8/><F8/><W29/><G29/><T109/><D28/><U96/><E10/><V18/><F18/><AGARI ba="0,1" hai="11,13,18,26,31,34,39,40,44,52,59,63,105,107" machi="18" ten="30,3900,0" yaku="7,1,52,1,54,1" doraHai="5" who="3" fromWho="2" sc="190,0,370,0,210,-39,220,49" /><INIT seed="2,0,0,0,3,13" ten="190,370,171,269" oya="2" hai0="75,105,12,91,103,132,21,32,107,123,20,92,52" hai1="88,6,53,0,47,76,60,72,16,97,56,104,64" hai2="134,113,93,119,23,110,96,71,114,89,129,84,48" hai3="44,1,2,24,67,7,55,15,100,87,41,125,121"/><V115/><F119/><W127/><G121/><T90/><D32/><U45/><E0/><V14/><F134/><W94/><G67/><T128/><D75/><U95/><E6/><V49/><F71/><W43/><G55/><T73/><D73/><U109/><E109/><V9/><F129/><W117/><G117/><T86/><D128/><U120/><E120/><V111/><F23/><W85/><G24/><T11/><D132/><U122/><E122/><V38/><F38/><W18/><G7/><T5/><D103/><U78/><E104/><V42/><F96/><N who="3" m="59415" /><G87/><T63/><D123/><U124/><E124/><N who="3" m="47690" /><G85/><T80/><D107/><U131/><E131/><V36/><F36/><N who="3" m="21543" /><G43/><T116/><D105/><U135/><E135/><V101/><F101/><W27/><G27/><T102/><D102/><U57/><E72/><V108/><F42/><W69/><G69/><T62/><D116/><U106/><E106/><V70/><F70/><W68/><G68/><T83/><D63/><N who="1" m="36239" /><E47/><V126/><F126/><W31/><G31/><T79/><D91/><U74/><E45/><V35/><F35/><W65/><G65/><T33/><D33/><U4/><E4/><AGARI ba="0,0" hai="4,9,14,48,49,84,89,93,108,110,111,113,114,115" machi="4" ten="50,4800,0" yaku="14,1,10,1" doraHai="13" who="2" fromWho="1" sc="190,0,370,-48,171,48,269,0" /><INIT seed="2,1,0,4,4,48" ten="190,322,219,269" oya="2" hai0="78,40,74,85,33,59,97,24,9,106,12,123,91" hai1="67,18,126,98,0,28,53,44,65,7,112,21,13" hai2="119,120,11,34,1,93,32,111,4,81,63,57,118" hai3="104,128,62,26,131,90,117,83,51,95,100,19,102"/><V3/><F120/><W86/><G117/><T17/><D123/><U5/><E112/><V132/><F132/><W80/><G62/><T35/><D40/><U84/><E126/><V37/><F37/><W73/><G51/><T77/><D24/><U58/><E44/><V56/><F111/><W25/><G19/><T38/><D38/><U41/><E41/><V135/><F3/><W76/><G83/><T52/><D35/><U47/><E47/><V94/><F135/><W42/><G42/><T10/><D33/><U50/><E0/><V127/><F127/><W23/><G26/><T60/><D74/><U107/><E107/><V45/><F45/><W64/><G64/><N who="1" m="24650" /><E98/><V43/><F43/><W114/><G114/><T99/><D10/><U108/><E108/><V68/><F68/><W39/><G39/><T75/><D75/><U110/><E110/><V16/><F34/><W134/><G134/><T66/><D66/><U105/><E105/><V6/><F32/><W122/><G122/><T15/><D15/><U96/><E96/><N who="0" m="36937" /><D106/><U124/><E124/><V54/><F1/><W36/><G36/><T61/><D61/><U20/><E84/><V22/><F63/><W125/><G125/><T121/><D121/><U14/><E14/><V133/><F133/><W27/><G27/><AGARI ba="1,0" hai="5,7,13,18,20,21,27,28,50,53,58" m="24650" machi="27" ten="30,2000,0" yaku="8,1,52,1" doraHai="48" who="1" fromWho="3" sc="190,0,322,23,219,0,269,-23" /><INIT seed="3,0,0,0,1,87" ten="190,345,219,246" oya="3" hai0="63,130,1,83,99,131,98,62,108,47,10,25,49" hai1="59,24,4,74,65,0,15,51,103,122,28,88,85" hai2="96,60,16,124,7,129,30,13,36,23,40,90,101" hai3="81,123,35,125,102,75,14,91,78,118,70,120,37"/><W68/><G37/><T67/><D108/><U134/><E74/><V121/><F129/><W61/><G35/><T97/><D83/><U95/><E0/><V38/><F124/><W17/><G118/><T3/><D25/><U76/><E122/><V54/><F90/><W5/><G5/><T69/><D63/><U58/><E134/><V114/><F114/><W29/><G29/><T33/><D33/><U32/><E65/><V21/><F7/><W66/><G68/><T73/><D73/><U31/><E31/><V84/><F84/><W126/><G102/><T92/><D10/><U9/><E76/><V89/><F89/><W113/><G113/><T39/><D39/><U109/><E109/><V77/><F77/><W107/><G107/><T48/><D92/><U56/><E103/><V117/><F40/><W19/><G19/><T34/><D34/><U44/><E58/><N who="2" m="34903" /><F117/><W20/><G91/><T119/><D119/><U105/><E105/><V11/><F121/><W43/><REACH who="3" step="1"/><G43/><AGARI ba="0,0" hai="4,9,15,24,28,32,43,44,51,56,59,85,88,95" machi="43" ten="30,3900,0" yaku="7,1,52,1,54,1" doraHai="87" who="1" fromWho="3" sc="190,0,345,39,219,0,246,-39" owari="190,-31.0,384,48.4,219,1.9,207,-19.3" /></mjloggm>