<mjloggm ver="2.3"><GO type="169" lobby="0"/><UN n0="%E3%83%AA%E3%83%84%E3%83%9F%E3%82%B5%E3%83%B3" n1="%E2%97%8E%E3%82%88%E3%81%97%E2%97%8E" n2="%E3%83%A9%E3%83%A0%E3%83%9E%E3%82%B8%E5%A4%A9%E4%BD%BF" n3="%64%69%76%61" dan="18,17,17,16" rate="2231.12,2181.82,2131.38,2041.05" sx="M,M,M,M"/><TAIKYOKU oya="0"/><INIT seed="0,0,0,4,1,73" ten="250,250,250,250" oya="0" hai0="88,18,92,32,19,80,129,53,2,116,131,13,133" hai1="41,31,37,85,15,112,84,56,6,95,118,14,1" hai2="123,101,54,5,71,12,55,81,115,134,47,58,96" hai3="98,7,102,36,82,17,77,79,44,60,128,78,97"/><T99/><D116/><U117/><E1/><V100/><F123/><W66/><G128/><N who="0" m="49227" /><D2/><U109/><E109/><V91/><F115/><W65/><G36/><T38/><D32/><U63/><E31/><V89/><F71/><W68/><G7/><T34/><D34/><U8/><E112/><V40/><F134/><W20/><G98/><T114/><D114/><U70/><E70/><V61/><F55/><W3/><G66/><T127/><D38/><U107/><E107/><V126/><F126/><W121/><G3/><T72/><D133/><U87/><E95/><V45/><F100/><W105/><G44/><T49/><D127/><U110/><E110/><V90/><F81/><W43/><G43/><T42/><D42/><U21/><E41/><V29/><F29/><W57/><G68/><T23/><D19/><U113/><E37/><V27/><F27/><W59/><G59/><N who="0" m="33199" /><D80/><U11/><E113/><V4/><F12/><W67/><G67/><T62/><D72/><U9/><E21/><V125/><F125/><W106/><G121/><T51/><D51/><U64/><REACH who="1" step="1"/><E9/><REACH who="1" ten="250,240,250,250" step="2"/><V33/><F33/><W120/><G120/><T122/><D122/><U48/><E48/><V103/><F103/><W94/><REACH who="3" step="1"/><G82/><REACH who="3" ten="250,240,250,240" step="2"/><T35/><D35/><U16/><AGARI ba="0,2" hai="6,8,11,14,15,16,56,63,64,84,85,87,117,118" machi="16" ten="30,8000,1" yaku="1,1,0,1,54,1,53,2" doraHai="73" doraHaiUra="10" who="1" fromWho="1" sc="250,-40,240,100,250,-20,240,-20" /><INIT seed="1,0,0,2,2,4" ten="210,340,230,220" oya="1" hai0="18,110,62,123,94,84,63,53,104,70,10,108,132" hai1="41,89,122,31,107,42,39,67,44,57,134,109,87" hai2="29,135,61,93,25,97,83,49,113,121,80,120,98" hai3="43,102,30,40,28,8,77,48,21,101,50,128,91"/><U13/><E122/><V69/><F135/><W95/><G128/><T12/><D104/><U37/><E134/><V15/><F113/><W51/><G77/><T36/><D123/><U114/><E107/><V115/><F115/><W116/><G116/><T60/><D36/><U106/><E106/><V33/><F121/><W133/><G133/><T19/><D132/><U46/><E114/><V59/><F120/><W27/><G28/><T125/><D125/><U79/><E109/><N who="0" m="42089" /><D53/><U129/><E129/><V68/><F49/><W131/><G131/><T85/><D70/><U2/><E2/><V22/><F69/><W71/><G71/><T34/><D34/><U65/><E79/><V66/><F68/><W56/><G56/><T130/><D130/><U92/><E31/><V118/><F118/><W81/><G81/><T76/><D76/><U74/><E74/><V52/><F66/><W58/><G58/><T20/><D94/><U73/><E73/><V78/><F93/><W16/><G40/><T9/><D20/><U88/><E57/><V32/><F83/><W96/><REACH who="3" step="1"/><G43/><REACH who="3" ten="210,340,230,210" step="2"/><T24/><D24/><U35/><E35/><V23/><F33/><W124/><G124/><T11/><D12/><AGARI ba="0,1" hai="8,12,16,21,27,30,48,50,51,91,95,96,101,102" machi="12" ten="40,8000,1" yaku="1,1,8,1,52,1,54,1,53,0" doraHai="4" doraHaiUra="127" who="3" fromWho="0" sc="210,-80,340,0,230,0,210,90" /><INIT seed="2,0,0,4,1,91" ten="130,340,230,300" oya="2" hai0="81,103,126,22,121,42,29,95,85,101,35,133,58" hai1="62,63,127,28,67,72,94,88,43,134,27,54,102" hai2="48,93,32,100,10,50,44,11,79,98,38,87,122" hai3="107,3,131,36,39,19,65,104,115,73,82,108,119"/><V59/><F122/><W33/><RYUUKYOKU type="yao9" ba="0,0" sc="130,0,340,0,230,0,300,0" hai3="3,19,33,36,39,65,73,82,104,107,108,115,119,131" /><INIT seed="2,1,0,3,3,43" ten="130,340,230,300" oya="2" hai0="131,104,52,62,64,23,74,112,75,128,53,2,19" hai1="12,98,0,63,47,51,5,73,86,110,1,94,83" hai2="13,120,95,114,8,55,3,30,132,28,44,57,126" hai3="97,85,101,38,77,107,26,50,60,9,69,33,117"/><V123/><F114/><W66/><G117/><T125/><D2/><U81/><E110/><V49/><F126/><W56/><G38/><T108/><D104/><U127/><E127/><V92/><F132/><W61/><G50/><T121/><D125/><U122/><E73/><V102/><F3/><W133/><G133/><T7/><D7/><U71/><E83/><V48/><F123/><W18/><G77/><T15/><D108/><U105/><E105/><V65/><F120/><W68/><G85/><T70/><D112/><U96/><E96/><V124/><F124/><W21/><G9/><T116/><D121/><U20/><E63/><V84/><F65/><W90/><G90/><T118/><D75/><U134/><E71/><V78/><F95/><W115/><G115/><T34/><D34/><U31/><E31/><V16/><F102/><W35/><G69/><T42/><D42/><U67/><E67/><V88/><F78/><W41/><G41/><AGARI ba="1,0" hai="8,13,16,28,30,41,44,48,49,55,57,84,88,92" machi="41" ten="30,12000,1" yaku="7,1,8,1,52,1,54,2" doraHai="43" who="2" fromWho="3" sc="130,0,340,0,230,123,300,-123" /><INIT seed="2,2,0,0,5,10" ten="130,340,353,177" oya="2" hai0="114,43,11,106,102,111,1,0,119,80,36,27,52" hai1="20,74,61,9,116,69,94,121,88,117,59,112,122" hai2="130,97,56,73,6,24,101,100,83,129,38,104,77" hai3="81,37,78,79,133,68,14,23,125,40,28,134,18"/><V34/><F56/><W16/><G68/><T64/><D114/><U42/><E69/><V51/><F51/><W15/><G125/><T115/><D111/><U35/><E35/><V72/><F6/><W5/><G5/><T82/><D64/><N who="1" m="38975" /><E74/><N who="2" m="43447" /><F38/><W26/><G37/><T3/><D119/><U54/><E42/><V118/><F118/><W39/><G79/><T49/><D115/><U21/><E112/><V4/><F4/><W126/><G126/><T2/><D27/><U123/><E9/><V67/><F67/><W96/><G96/><T47/><D11/><U55/><E117/><V7/><F7/><W60/><G60/><T103/><N who="0" m="0" /><DORA hai="87" /><T105/><D103/><U113/><E116/><V48/><F48/><W75/><G40/><T65/><D65/><U30/><E113/><V76/><F76/><W41/><G41/><T95/><D106/><U19/><E30/><N who="2" m="19783" /><F101/><W86/><G75/><AGARI ba="2,0" hai="72,73,75,97,100,104,129,130" m="19783,43447" machi="75" ten="30,1500,0" yaku="23,1" doraHai="10,87" who="2" fromWho="3" sc="130,0,340,0,353,21,177,-21" /><INIT seed="2,3,0,3,2,101" ten="130,340,374,156" oya="2" hai0="87,59,12,110,7,23,94,17,86,78,90,106,62" hai1="49,80,13,92,82,107,76,56,135,35,115,95,19" hai2="119,123,116,81,127,25,114,103,60,6,63,9,65" hai3="48,30,122,72,105,5,111,57,39,113,134,8,96"/><V53/><F114/><W42/><G122/><T51/><D110/><U46/><E35/><V84/><F123/><W104/><G111/><T98/><D7/><U128/><E135/><V14/><F127/><W4/><G134/><T91/><D106/><U130/><E115/><V71/><F25/><W70/><G113/><T50/><D78/><U118/><E56/><V41/><F41/><W45/><G72/><T44/><D44/><U125/><E107/><V131/><F131/><N who="1" m="50217" /><E118/><V75/><F103/><W64/><G96/><T32/><D32/><U33/><E33/><V47/><F75/><W85/><G85/><T133/><D98/><U24/><E24/><V0/><F0/><W99/><G99/><T11/><D23/><N who="1" m="11759" /><E80/><V52/><F47/><W69/><G30/><T18/><D18/><U102/><E102/><V26/><F26/><W54/><G70/><T31/><D31/><U40/><E125/><V79/><REACH who="2" step="1"/><F63/><REACH who="2" ten="130,340,364,156" step="2"/><N who="3" m="40095" /><G4/><T68/><D133/><U34/><E34/><V29/><F29/><W10/><G10/><T89/><D89/><U109/><E109/><V120/><F120/><W43/><G43/><T93/><REACH who="0" step="1"/><D68/><REACH who="0" ten="120,340,364,156" step="2"/><U112/><E112/><V132/><F132/><W28/><G28/><T126/><D126/><U61/><E61/><V27/><F27/><W83/><G39/><T21/><D21/><U38/><E38/><V16/><F16/><W97/><G42/><T108/><D108/><U100/><E100/><V1/><F1/><W124/><G45/><T37/><D37/><U67/><E40/><V58/><F58/><N who="3" m="33095" /><G124/><T55/><AGARI ba="3,2" hai="11,12,17,50,51,55,59,62,86,87,90,91,93,94" machi="55" ten="20,12000,2" yaku="1,1,0,1,7,1,9,1,8,1,53,2" doraHai="101" doraHaiUra="88" who="0" fromWho="0" sc="120,149,340,-33,364,-63,156,-33" /><INIT seed="3,0,0,1,3,2" ten="269,307,301,123" oya="3" hai0="59,29,19,43,27,115,127,57,5,6,1,25,125" hai1="61,78,32,10,107,124,92,4,45,0,86,82,93" hai2="68,36,88,30,70,72,87,79,9,119,52,133,37" hai3="11,134,24,42,74,135,16,39,110,99,53,117,23"/><W81/><G117/><T106/><D106/><U91/><E124/><N who="0" m="47689" /><D1/><U50/><E32/><V34/><F119/><W73/><G110/><T83/><D43/><U55/><E107/><V96/><F133/><N who="3" m="50699" /><G53/><T15/><D83/><U101/><E101/><V20/><F52/><W76/><G99/><T113/><D59/><U51/><E51/><V114/><F96/><W18/><G42/><T80/><D80/><U95/><REACH who="1" step="1"/><E61/><REACH who="1" ten="269,297,301,123" step="2"/><V103/><F103/><W62/><G62/><T35/><D57/><U48/><E48/><V109/><F109/><W98/><G39/><T121/><D121/><U58/><E58/><V38/><F38/><W14/><G98/><AGARI ba="0,1" hai="0,4,10,45,50,55,78,82,86,91,92,93,95,98" machi="98" ten="30,3900,0" yaku="1,1,7,1,52,1,53,0" doraHai="2" doraHaiUra="8" who="1" fromWho="3" sc="269,0,297,49,301,0,123,-39" /><INIT seed="4,0,0,1,1,110" ten="269,346,301,84" oya="0" hai0="100,48,66,76,78,69,4,16,50,62,94,118,70" hai1="65,124,23,86,68,92,51,127,80,111,126,40,35" hai2="98,75,73,20,38,81,25,44,26,37,12,119,54" hai3="58,82,21,7,89,90,29,129,77,115,11,3,14"/><T104/><D104/><U120/><E111/><V43/><F119/><W2/><G129/><T59/><D4/><U91/><E35/><V53/><F12/><W52/><G2/><T117/><D100/><U71/><E120/><V46/><F98/><W22/><G3/><T27/><D94/><U112/><E112/><V114/><F20/><W33/><G33/><T121/><D27/><U116/><E116/><V32/><F32/><W105/><G105/><T24/><D24/><U106/><E106/><V74/><F81/><W101/><G101/><T107/><D107/><U13/><E65/><V17/><F17/><W39/><G39/><T30/><D59/><U15/><E15/><V47/><F114/><W60/><G115/><T49/><D121/><U41/><E80/><V67/><F67/><W28/><G22/><T36/><D30/><U8/><E23/><V135/><F135/><W96/><G21/><T10/><D78/><U85/><E86/><V56/><F56/><W57/><G57/><T31/><D76/><U0/><E0/><V88/><F88/><W108/><G108/><T18/><D31/><U133/><E133/><V93/><F93/><W6/><G6/><T122/><D122/><U134/><E134/><V84/><F84/><W45/><G90/><T113/><D113/><U95/><E92/><V1/><F1/><W125/><G96/><T102/><D118/><U34/><E34/><V72/><N who="2" m="18432" /><DORA hai="130" /><V19/><F19/><W123/><G123/><T131/><D18/><N who="1" m="8487" /><E68/><V97/><F97/><W87/><G77/><T79/><D117/><U99/><E71/><RYUUKYOKU ba="0,0" sc="269,0,346,0,301,0,84,0" /><INIT seed="5,1,0,2,3,15" ten="269,346,301,84" oya="1" hai0="23,10,91,120,7,123,46,125,68,27,112,87,24" hai1="71,32,11,113,8,29,80,31,64,108,111,43,77" hai2="22,83,124,93,110,100,70,126,59,48,99,106,19" hai3="82,28,117,55,16,3,4,65,128,135,73,119,109"/><U76/><E43/><V94/><F110/><N who="1" m="42025" /><E80/><V42/><F70/><W66/><G109/><T105/><D68/><U97/><E71/><V101/><F83/><W58/><G28/><N who="1" m="10826" /><E97/><V85/><F42/><W33/><G33/><T44/><D112/><U72/><E72/><V45/><F106/><W116/><G73/><T131/><D125/><N who="2" m="48234" /><F85/><W56/><G56/><T39/><D131/><U35/><E64/><V5/><F5/><W90/><G128/><T121/><D105/><U134/><E134/><V95/><F45/><W12/><G135/><T21/><D39/><U17/><E17/><V107/><F48/><W36/><G36/><T9/><D87/><U30/><E30/><V57/><F101/><W114/><G82/><T25/><D91/><U20/><E20/><N who="0" m="7753" /><D7/><U47/><E47/><AGARI ba="1,0" hai="9,10,24,25,27,44,46,47,120,121,123" m="7753" machi="47" ten="40,5200,0" yaku="28,2,13,1" doraHai="15" who="0" fromWho="1" sc="269,55,346,-55,301,0,84,0" /><INIT seed="6,0,0,2,4,24" ten="324,291,301,84" oya="2" hai0="39,4,11,94,79,48,103,132,3,77,124,56,42" hai1="37,64,68,82,135,85,88,30,81,62,58,84,34" hai2="74,15,110,2,118,43,114,51,128,53,9,28,44" hai3="47,1,16,20,19,6,126,104,97,70,98,71,33"/><V89/><F118/><W27/><G126/><T13/><D39/><U50/><E135/><V46/><F114/><W29/><G47/><T17/><D132/><U113/><E113/><V49/><F128/><W25/><G98/><T102/><D94/><U36/><E68/><V129/><F129/><W76/><G76/><T117/><D117/><U95/><E50/><V26/><F2/><W91/><G19/><T57/><D57/><U14/><E14/><V67/><F74/><W63/><G63/><T61/><D3/><U123/><E123/><V122/><F122/><W40/><G40/><T52/><D4/><U55/><E95/><V60/><F89/><W12/><G91/><T130/><D124/><U78/><REACH who="1" step="1"/><E64/><REACH who="1" ten="324,281,301,84" step="2"/><V112/><F112/><W66/><G66/><T105/><D130/><U101/><E101/><N who="0" m="38409" /><D105/><U54/><E54/><V116/><F116/><W106/><G106/><T38/><D38/><U72/><E72/><V21/><F110/><W111/><G111/><T41/><D41/><U119/><E119/><V69/><F15/><W7/><G104/><T100/><D100/><U23/><E23/><V65/><F65/><W18/><G71/><T35/><D35/><U83/><E83/><V86/><F9/><W10/><G70/><T107/><D107/><U93/><E93/><V5/><F5/><N who="3" m="1327" /><G97/><T127/><D127/><U131/><E131/><V125/><F125/><W87/><G87/><T31/><D13/><U0/><E0/><V108/><F86/><W133/><G133/><T121/><D11/><AGARI ba="0,1" hai="6,7,11,12,16,18,20,25,27,29,33" m="1327" machi="11" ten="30,12000,2" yaku="35,5,52,1,54,1" doraHai="24" who="3" fromWho="0" sc="324,-120,281,0,301,0,84,130" /><INIT seed="7,0,0,3,1,18" ten="204,281,301,214" oya="3" hai0="135,23,14,75,49,39,83,60,122,65,16,6,38" hai1="69,73,109,47,15,61,81,82,2,0,112,104,4" hai2="78,26,33,36,51,34,123,110,13,105,28,3,92" hai3="114,100,41,85,111,134,93,116,101,86,76,43,99"/><W87/><G116/><T120/><D135/><U62/><E104/><V17/><F110/><W52/><G134/><T32/><D32/><U84/><E109/><V133/><F133/><W71/><G111/><T95/><D6/><U98/><E98/><V132/><F132/><W124/><G124/><T44/><D95/><U107/><E107/><V5/><F105/><W20/><G71/><T12/><D12/><U1/><E69/><V94/><F36/><W45/><G101/><T29/><D29/><U127/><E127/><V64/><F78/><W30/><G76/><T106/><D106/><U119/><E119/><V8/><F64/><W9/><G9/><T55/><D83/><U70/><E73/><V10/><F34/><W24/><G114/><T19/><D19/><U97/><E97/><V67/><F67/><W103/><G103/><T22/><D75/><U96/><E96/><V21/><F123/><W48/><AGARI ba="0,0" hai="20,24,30,41,43,45,48,52,85,86,87,93,99,100" machi="48" ten="30,11700,0" yaku="0,1,8,1,52,1,54,1" doraHai="18" who="3" fromWho="3" sc="204,-39,281,-39,301,-39,214,117" owari="165,-33.5,242,-15.8,262,6.2,331,43.1" /></mjloggm>