<mjloggm ver="2.3"><GO type="169" lobby="0"/><UN n0="%E6%84%9A%E5%85%84%E3%81%8C%E6%84%9A%E5%BD%A2" n1="%E5%A7%AB%E7%95%99" n2="%73%61%6E%64%69%72%69%73" n3="%E6%A0%B9%E5%85%83%E3%81%8B%E3%82%89%E5%90%B9%E3%81%A3%E9%A3%9B%E3%81%B6" dan="18,16,17,16" rate="2224.88,2127.82,2217.90,2154.73" sx="M,M,M,F"/><TAIKYOKU oya="0"/><INIT seed="0,0,0,4,0,52" ten="250,250,250,250" oya="0" hai0="29,124,114,116,125,71,84,22,14,28,57,108,61" hai1="15,1,77,36,25,45,46,9,53,131,13,101,81" hai2="26,82,123,20,41,42,62,39,110,5,117,54,105" hai3="91,106,89,115,31,55,60,17,18,79,66,90,83"/><T21/><D114/><U24/><E131/><V12/><F123/><W135/><G115/><T73/><D73/><U47/><E101/><V50/><F105/><W127/><G127/><N who="0" m="48715" /><D116/><U107/><E107/><V59/><F117/><W19/><G135/><T78/><D71/><U11/><E1/><V51/><F110/><W67/><G106/><T10/><D78/><U104/><E36/><V132/><F132/><W6/><G6/><N who="0" m="3415" /><D84/><U27/><E53/><V7/><F39/><W38/><G38/><T72/><D72/><U118/><E104/><V87/><F42/><W56/><REACH who="3" step="1"/><G31/><REACH who="3" ten="250,250,250,240" step="2"/><N who="0" m="11851" /><D108/><U120/><E118/><V100/><F5/><W113/><G113/><T119/><D119/><U16/><E120/><V134/><F134/><W37/><G37/><T8/><D8/><U2/><E9/><V85/><F7/><W30/><G30/><T34/><D34/><U43/><E11/><V98/><F20/><W112/><G112/><T58/><D61/><U95/><E43/><V32/><F41/><W102/><G102/><T63/><D63/><U122/><E122/><V93/><F100/><W129/><G129/><T80/><D80/><U96/><E81/><V65/><F62/><W94/><G94/><T23/><AGARI ba="0,1" hai="21,22,23,57,58" m="11851,3415,48715" machi="23" ten="40,7800,0" yaku="18,1,52,2" doraHai="52" who="0" fromWho="0" sc="250,88,250,-26,250,-26,240,-26" /><INIT seed="0,1,0,5,4,114" ten="338,224,224,214" oya="0" hai0="96,33,66,9,101,38,43,108,15,56,120,49,29" hai1="79,118,63,42,3,48,20,119,41,117,18,34,94" hai2="122,26,91,17,31,113,13,58,44,50,126,39,93" hai3="68,112,99,132,47,6,78,98,67,61,129,59,57"/><T83/><D120/><U53/><E34/><V84/><F126/><W89/><G112/><T8/><D38/><U5/><E63/><V54/><F113/><W81/><G129/><T62/><D108/><U32/><E32/><V135/><F135/><W7/><G132/><T133/><D133/><U30/><E30/><V2/><F2/><W85/><G47/><T71/><D83/><U22/><E79/><V51/><F39/><W27/><G27/><T109/><D109/><U11/><E94/><V105/><F105/><W125/><G125/><T23/><D33/><U65/><E65/><V55/><F122/><W127/><G127/><T21/><D9/><U97/><E97/><N who="3" m="36874" /><G68/><T70/><D70/><U1/><E1/><V28/><REACH who="2" step="1"/><F26/><REACH who="2" ten="338,224,214,214" step="2"/><W92/><G59/><T115/><D115/><U69/><E69/><V10/><AGARI ba="1,1" hai="10,13,17,28,31,44,50,51,54,55,58,84,91,93" machi="10" ten="20,12000,2" yaku="1,1,2,1,0,1,7,1,8,1,53,1" doraHai="114" doraHaiUra="90" who="2" fromWho="2" sc="338,-61,224,-31,214,133,214,-31" /><INIT seed="1,0,0,3,5,29" ten="277,193,347,183" oya="1" hai0="134,21,8,116,125,113,115,104,48,38,86,57,79" hai1="124,55,111,100,3,129,44,37,95,7,97,94,20" hai2="49,59,51,96,26,67,128,42,82,34,40,2,114" hai3="83,14,9,30,118,88,85,33,35,75,15,117,24"/><U107/><E129/><V127/><F2/><W47/><G75/><T61/><D116/><N who="3" m="44649" /><G47/><T11/><D38/><U63/><E124/><V69/><F127/><W130/><G130/><T89/><D104/><U99/><E111/><V77/><F128/><W28/><G28/><T50/><D79/><U45/><E37/><V71/><F114/><W101/><G101/><T126/><D134/><U36/><E36/><V112/><F112/><W54/><G54/><T10/><D115/><U92/><E99/><V108/><F96/><W58/><G58/><T106/><D106/><U131/><E131/><V72/><F26/><W31/><G14/><T23/><D113/><U121/><E121/><V6/><F6/><N who="3" m="3511" /><G31/><T18/><D126/><U68/><E20/><AGARI ba="0,0" hai="20,24,30,33,35,83,85,88" m="3511,44649" machi="20" ten="30,7700,0" yaku="12,1,52,2,54,1" doraHai="29" who="3" fromWho="1" sc="277,0,193,-77,347,0,183,77" /><INIT seed="2,0,0,5,2,48" ten="277,116,347,260" oya="2" hai0="101,19,63,57,124,20,1,62,29,74,41,8,17" hai1="26,16,49,24,120,126,91,0,50,40,65,72,47" hai2="128,60,129,104,131,99,27,112,132,5,21,113,70" hai3="76,79,111,53,33,133,25,34,86,95,3,116,2"/><V90/><F5/><W77/><G116/><T115/><D74/><U45/><E126/><V22/><F132/><W11/><G111/><T67/><D124/><U107/><E107/><V88/><F104/><W100/><G133/><T84/><D101/><U56/><E120/><V54/><F70/><W18/><G86/><T69/><D41/><U93/><E72/><V121/><F121/><W37/><G37/><T96/><D96/><U59/><E0/><V42/><F42/><W108/><G108/><T73/><D73/><U109/><E109/><V110/><F110/><W68/><G68/><T82/><D1/><U105/><E105/><V92/><F90/><W89/><G100/><T118/><D115/><N who="2" m="44106" /><F27/><W94/><G94/><T36/><D36/><U55/><E65/><V52/><F60/><W123/><G123/><T39/><D39/><U30/><E30/><V114/><F114/><W32/><G25/><T31/><D8/><U78/><E78/><V102/><F102/><W97/><G2/><T43/><D43/><U51/><E16/><V23/><AGARI ba="0,0" hai="21,22,23,52,54,88,92,99,128,129,131" m="44106" machi="23" ten="40,12000,1" yaku="19,1,52,2,54,2" doraHai="48" who="2" fromWho="2" sc="277,-40,116,-40,347,120,260,-40" /><INIT seed="2,1,0,4,2,133" ten="237,76,467,220" oya="2" hai0="75,3,76,39,64,109,0,46,30,79,15,108,32" hai1="20,135,89,120,103,34,83,50,78,53,48,98,42" hai2="117,57,86,104,43,122,49,19,27,131,28,65,87" hai3="11,47,94,115,127,119,97,99,4,125,41,10,70"/><V44/><F117/><W52/><G70/><T56/><D15/><U111/><E34/><V9/><F104/><W59/><G119/><T80/><D79/><U38/><E111/><V112/><F112/><W93/><G115/><T12/><D12/><U121/><E135/><V110/><F122/><W26/><G26/><T106/><D106/><U82/><E38/><V67/><F131/><W101/><G47/><T31/><D31/><U74/><E42/><V96/><F110/><W72/><G72/><T69/><D56/><U55/><E20/><V45/><F96/><W100/><G41/><N who="0" m="22847" /><D109/><U107/><E48/><V116/><F45/><W40/><G40/><T88/><D88/><U84/><REACH who="1" step="1"/><E50/><REACH who="1" ten="237,66,467,220" step="2"/><V134/><F134/><W63/><G11/><T29/><D108/><U36/><E36/><V2/><F116/><W124/><REACH who="3" step="1"/><G125/><REACH who="3" ten="237,66,467,210" step="2"/><T17/><D32/><U102/><E102/><V113/><F43/><W14/><AGARI ba="1,2" hai="4,10,14,52,59,63,93,94,97,99,100,101,124,127" machi="14" ten="30,16000,3" yaku="1,1,2,1,0,1,9,1,52,2,54,1,53,2" doraHai="133" doraHaiUra="95" who="3" fromWho="3" sc="237,-41,66,-41,467,-81,210,183" /><INIT seed="3,0,0,1,3,121" ten="196,25,386,393" oya="3" hai0="25,74,27,135,49,75,52,112,34,72,44,67,24" hai1="17,10,50,71,118,13,134,4,86,93,126,66,108" hai2="18,56,80,33,54,78,111,58,105,53,39,38,69" hai3="43,94,21,23,3,85,37,107,30,122,8,115,7"/><W88/><G122/><T116/><D116/><U106/><E106/><V95/><F105/><W133/><G115/><T77/><D112/><U76/><E118/><V120/><F69/><W99/><G133/><T12/><D67/><U128/><E134/><V117/><F117/><W81/><G30/><T98/><D98/><U65/><E126/><V123/><F33/><W62/><G107/><T51/><D135/><U103/><E128/><V9/><F120/><W26/><G26/><T36/><D36/><U131/><E131/><V59/><F123/><W70/><G43/><T109/><D77/><U124/><E124/><V40/><F95/><W64/><REACH who="3" step="1"/><G37/><REACH who="3" ten="196,25,386,383" step="2"/><T29/><D25/><U113/><E113/><V22/><F40/><W1/><G1/><T129/><D24/><U125/><E125/><V104/><F39/><W2/><G2/><T73/><D27/><U92/><E71/><V89/><F38/><W6/><G6/><T68/><D29/><U119/><E119/><V63/><F104/><W91/><AGARI ba="0,1" hai="3,7,8,21,23,62,64,70,81,85,88,91,94,99" machi="91" ten="20,12000,1" yaku="1,1,0,1,7,1,54,1,53,1" doraHai="121" doraHaiUra="5" who="3" fromWho="3" sc="196,-40,25,-40,386,-40,383,130" owari="156,-24.4,-15,-51.5,346,14.6,513,61.3" /></mjloggm>