<mjloggm ver="2.3"><GO type="169" lobby="0"/><UN n0="%E3%81%BE%E3%81%88%E3%81%9F" n1="%E3%81%A1%E3%81%AA%E3%81%A4" n2="%E6%95%97%E5%8C%97%E8%80%85%E3%81%AD%E3%82%8B" n3="%4C%61%72%72%6B" dan="17,17,17,16" rate="2169.59,2157.04,2185.88,2163.52" sx="F,M,F,M"/><TAIKYOKU oya="0"/><INIT seed="0,0,0,0,4,71" ten="250,250,250,250" oya="0" hai0="93,45,130,19,69,20,83,111,1,62,112,94,80" hai1="97,12,132,16,127,15,124,39,133,66,84,108,14" hai2="91,109,54,86,52,4,106,25,13,40,48,21,57" hai3="103,90,51,32,29,56,120,101,70,34,114,38,41"/><T105/><D105/><U116/><E116/><V42/><F109/><W49/><G114/><T81/><D112/><U74/><E74/><V123/><F106/><W100/><G70/><T61/><D1/><U85/><E108/><V7/><F123/><W126/><G126/><N who="1" m="48170" /><E66/><V28/><F54/><W37/><G90/><T22/><D111/><U63/><E63/><N who="0" m="24073" /><D69/><U129/><E97/><V10/><REACH who="2" step="1"/><F4/><REACH who="2" ten="250,250,240,250" step="2"/><W60/><G120/><T24/><D130/><U67/><E129/><V31/><F31/><W43/><G29/><N who="0" m="17543" /><D45/><U2/><E67/><V77/><F77/><W104/><G104/><T73/><D73/><U53/><E53/><V5/><F5/><W102/><G60/><T78/><D78/><U82/><E2/><V134/><F134/><W110/><G110/><T76/><D76/><U87/><E82/><AGARI ba="0,1" hai="7,10,13,21,25,28,40,42,48,52,57,82,86,91" machi="82" ten="30,7700,0" yaku="1,1,7,1,8,1,54,1,53,0" doraHai="71" doraHaiUra="68" who="2" fromWho="1" sc="250,0,250,-77,240,87,250,0" /><INIT seed="1,0,0,3,4,105" ten="250,173,327,250" oya="1" hai0="46,116,114,20,47,19,10,30,86,11,75,124,9" hai1="33,100,135,110,73,92,74,89,39,17,97,51,14" hai2="12,50,43,81,66,37,84,130,52,13,57,72,108" hai3="90,67,56,28,120,96,8,15,7,113,115,109,128"/><U63/><E39/><V18/><F108/><W119/><G109/><T70/><D70/><U53/><E33/><V126/><F130/><W48/><G120/><T21/><D114/><U133/><E110/><V129/><F129/><W125/><G128/><T121/><D121/><U36/><E36/><V71/><F126/><W24/><G125/><T3/><D3/><U76/><E76/><V16/><F72/><W58/><G119/><T60/><D60/><U122/><E63/><V26/><F71/><W94/><G67/><T93/><D75/><U64/><E64/><V127/><F66/><W134/><G134/><N who="1" m="51210" /><E100/><V83/><F127/><W41/><G115/><T88/><D124/><U118/><E118/><V98/><F43/><W111/><G113/><T27/><REACH who="0" step="1"/><D116/><REACH who="0" ten="240,173,327,250" step="2"/><U131/><E122/><V80/><F37/><W2/><G2/><T6/><D6/><U123/><E123/><V106/><F84/><W102/><G111/><T42/><D42/><U99/><E97/><V62/><F62/><W61/><G61/><T77/><D77/><U82/><E131/><V104/><F98/><W29/><G41/><T4/><D4/><U78/><E74/><V68/><F68/><W1/><G1/><T79/><D79/><U107/><E107/><V54/><F54/><W103/><G7/><T65/><D65/><U32/><E32/><V44/><F106/><W87/><G87/><T59/><D59/><N who="1" m="33215" /><E17/><N who="2" m="6763" /><F104/><W34/><G96/><T132/><D132/><U112/><E112/><V5/><F5/><W49/><G34/><T85/><D85/><U91/><E14/><AGARI ba="0,1" hai="9,10,11,14,19,20,21,27,30,46,47,86,88,93" machi="14" ten="40,8000,1" yaku="1,1,8,1,54,1,53,1" doraHai="105" doraHaiUra="25" who="0" fromWho="1" sc="240,90,173,-80,327,0,250,0" /><INIT seed="2,0,0,3,4,91" ten="330,93,327,250" oya="2" hai0="128,32,46,97,84,73,115,71,110,56,6,13,10" hai1="107,7,38,36,35,51,31,104,89,61,60,114,119" hai2="117,43,54,17,105,66,3,96,88,108,48,99,62" hai3="106,118,33,127,120,87,21,57,0,113,76,45,125"/><V95/><F117/><W94/><G33/><T52/><D71/><U63/><E114/><V47/><F3/><W74/><G0/><T112/><D73/><U53/><E119/><V15/><F108/><W79/><G118/><T69/><D69/><U130/><E130/><V12/><F43/><W22/><G113/><T78/><D110/><U29/><E7/><V40/><F40/><W135/><G120/><T42/><D32/><U85/><E35/><V49/><F49/><W25/><G106/><T67/><D67/><U100/><E100/><V81/><F81/><W30/><G45/><T83/><D97/><U65/><E65/><V98/><F105/><W72/><G57/><T77/><D77/><U101/><E101/><V133/><F133/><W64/><G64/><T122/><D128/><U123/><E123/><V129/><F129/><W116/><G116/><T93/><D93/><U44/><E107/><V55/><F55/><W9/><G9/><T82/><D82/><U18/><E104/><V109/><F109/><W134/><G87/><T39/><REACH who="0" step="1"/><D122/><REACH who="0" ten="320,93,327,250" step="2"/><U121/><E121/><V1/><F99/><W14/><G135/><T28/><D28/><U19/><E29/><V92/><F98/><W23/><G134/><T132/><D132/><U27/><E31/><V102/><F102/><W58/><G74/><T2/><D2/><U90/><E85/><V34/><F34/><W68/><G76/><T37/><D37/><U5/><E36/><V4/><F96/><W103/><G79/><T75/><D75/><U59/><E38/><V70/><F66/><W80/><G80/><RYUUKYOKU ba="0,1" sc="320,30,93,-10,327,-10,250,-10" hai0="6,10,13,39,42,46,52,56,78,83,84,112,115" /><INIT seed="3,1,1,3,5,84" ten="350,83,317,240" oya="3" hai0="37,1,102,18,86,43,108,119,100,48,114,91,40" hai1="123,112,120,129,130,3,69,124,131,9,118,85,46" hai2="78,65,107,74,93,51,79,98,42,15,28,111,52" hai3="47,77,80,54,104,23,32,33,60,106,73,45,0"/><W135/><G0/><T101/><D1/><U105/><E112/><V76/><F111/><W14/><G135/><T72/><D72/><U66/><E105/><V95/><F107/><W35/><G45/><T38/><D108/><U58/><E69/><V8/><F65/><W134/><G134/><T21/><D114/><U7/><E124/><V57/><F42/><W25/><G14/><T110/><D110/><U29/><E118/><V4/><F28/><W11/><G11/><T26/><D119/><U113/><E113/><V97/><F74/><W17/><REACH who="3" step="1"/><G47/><REACH who="3" ten="350,83,317,230" step="2"/><T90/><D38/><U83/><E46/><V41/><F41/><W34/><N who="3" m="8192" /><DORA hai="44" /><W19/><G19/><T116/><D37/><U126/><E29/><V10/><F10/><W99/><G99/><AGARI ba="1,2" hai="4,8,15,51,52,57,76,78,79,93,95,97,98,99" machi="99" ten="40,5200,0" yaku="8,1,52,1,54,1" doraHai="84,44" who="2" fromWho="3" sc="350,0,83,0,317,75,230,-55" /><INIT seed="4,0,0,3,0,22" ten="350,83,392,175" oya="0" hai0="46,115,7,3,107,98,118,132,14,17,2,26,71" hai1="18,16,129,58,128,13,44,102,63,1,97,72,123" hai2="53,133,105,113,86,80,94,116,125,124,49,99,40" hai3="90,67,43,122,121,78,100,96,69,64,39,59,32"/><T119/><D71/><U24/><E1/><V41/><F105/><W93/><G69/><T38/><D115/><U57/><E72/><V83/><F113/><W110/><G110/><T52/><D132/><U79/><E79/><V27/><F133/><W84/><G32/><T109/><D109/><U127/><E123/><V108/><F108/><W70/><G70/><T5/><D3/><U0/><E0/><V28/><F116/><W85/><G78/><T81/><D81/><U65/><E127/><N who="2" m="48715" /><F94/><W30/><G30/><T35/><D38/><U25/><E44/><N who="2" m="27815" /><F99/><W92/><G84/><T117/><D2/><U12/><E58/><V10/><F10/><W29/><G29/><T73/><D73/><U103/><E129/><V6/><F6/><W4/><G4/><T106/><D106/><U101/><E97/><V75/><F75/><W82/><G93/><T11/><D98/><U68/><E68/><V61/><F61/><W114/><G59/><T47/><D107/><U76/><E76/><N who="2" m="46343" /><F83/><W34/><G34/><AGARI ba="0,0" hai="27,28,34,40,41" m="46343,27815,48715" machi="34" ten="30,2000,0" yaku="18,1,52,1" doraHai="22" who="2" fromWho="3" sc="350,0,83,0,392,20,175,-20" /><INIT seed="5,0,0,1,4,12" ten="350,83,412,155" oya="1" hai0="18,66,79,68,25,48,132,83,47,7,90,55,4" hai1="40,3,72,127,124,78,50,49,17,30,101,10,118" hai2="82,102,93,107,46,105,92,22,37,125,99,134,114" hai3="53,59,112,44,95,56,104,94,20,81,86,9,39"/><U32/><E118/><V71/><F71/><W128/><G104/><T96/><D132/><U91/><E101/><V0/><F0/><W115/><G128/><T98/><D68/><U74/><E91/><V58/><F134/><W80/><G9/><T117/><D66/><U60/><E60/><V106/><F125/><N who="1" m="48201" /><E3/><V100/><F58/><N who="3" m="22059" /><G20/><N who="0" m="13463" /><D117/><U122/><E122/><V130/><F46/><W61/><G61/><T33/><D33/><U54/><E40/><V1/><F37/><W2/><G80/><T131/><D131/><U111/><E111/><V85/><F22/><W42/><G53/><T113/><D113/><N who="3" m="43593" /><G2/><T45/><D98/><U103/><E103/><N who="2" m="62719" /><F1/><W73/><G73/><N who="1" m="28266" /><E78/><AGARI ba="0,0" hai="39,42,44,78,81,86,94,95" m="43593,22059" machi="78" ten="30,1000,0" yaku="15,1" doraHai="12" who="3" fromWho="1" sc="350,0,83,-10,412,0,155,10" /><INIT seed="6,0,0,3,3,15" ten="350,73,412,165" oya="2" hai0="83,44,49,33,99,11,73,92,77,113,31,28,126" hai1="81,4,79,67,58,125,19,57,129,131,70,46,40" hai2="21,71,97,105,30,7,47,100,12,109,24,94,56" hai3="59,117,1,17,115,0,66,86,107,106,133,85,26"/><V45/><F71/><W88/><G117/><T122/><D122/><U3/><E125/><V8/><F109/><W48/><G133/><T121/><D126/><U130/><E4/><V108/><F108/><W135/><G135/><T111/><D111/><U55/><E3/><V65/><F105/><W112/><G0/><T74/><D113/><N who="3" m="43593" /><G1/><T80/><D33/><U13/><E70/><V96/><F96/><W16/><G85/><T29/><D11/><N who="1" m="6591" /><E67/><V22/><F22/><N who="3" m="13639" /><G17/><T51/><D121/><U132/><E55/><V41/><F41/><W123/><G123/><T103/><D44/><U64/><E64/><V134/><F134/><W36/><G36/><T127/><D127/><U101/><E101/><V61/><AGARI ba="0,0" hai="7,8,12,21,24,30,45,47,56,61,65,94,97,100" machi="61" ten="30,11700,0" yaku="0,1,25,2,8,1" doraHai="15" who="2" fromWho="2" sc="350,-39,73,-39,412,117,165,-39" /><INIT seed="6,1,0,3,2,75" ten="311,34,529,126" oya="2" hai0="86,12,62,134,123,82,6,64,106,34,117,23,115" hai1="94,35,18,114,129,89,108,28,78,54,97,59,70" hai2="42,110,47,127,65,130,67,43,81,51,46,55,44" hai3="118,36,109,61,92,60,4,48,63,69,11,57,72"/><V76/><F130/><W128/><G128/><T66/><D106/><U32/><E108/><V39/><F127/><W116/><G109/><T1/><D1/><U98/><E70/><V50/><REACH who="2" step="1"/><F110/><REACH who="2" ten="311,34,519,126" step="2"/><W8/><G118/><T88/><D117/><U19/><E129/><V107/><F107/><W71/><G116/><T25/><D123/><U58/><E114/><V120/><F120/><W100/><G71/><T101/><D115/><U27/><E32/><V119/><F119/><W135/><G69/><T85/><D134/><U112/><E112/><V125/><F125/><W29/><G135/><T7/><D34/><U3/><E3/><V74/><AGARI ba="1,1" hai="39,42,43,44,46,47,50,51,55,65,67,74,76,81" machi="74" ten="20,7800,0" yaku="1,1,0,1,7,1,52,1,53,0" doraHai="75" doraHaiUra="2" who="2" fromWho="2" sc="311,-27,34,-27,519,91,126,-27" /><INIT seed="6,2,0,1,4,26" ten="284,7,610,99" oya="2" hai0="97,135,44,124,33,89,98,39,53,32,75,48,108" hai1="118,91,36,92,3,79,72,128,47,119,8,10,109" hai2="69,110,21,121,95,101,14,62,83,70,96,76,100" hai3="115,54,90,46,60,25,57,2,111,105,114,38,23"/><V6/><F121/><W81/><G111/><T88/><D75/><U64/><E109/><V0/><F110/><W74/><G2/><T84/><D39/><U112/><E64/><V87/><F101/><W85/><G105/><T27/><D108/><U9/><E3/><V127/><F127/><W61/><G74/><T125/><D135/><U107/><E107/><V5/><F0/><W29/><G60/><T37/><D37/><U67/><E67/><V12/><F70/><W56/><G56/><T30/><D33/><U45/><E112/><N who="3" m="43050" /><G38/><T49/><D49/><U134/><E134/><V68/><F68/><W18/><G46/><T99/><REACH who="0" step="1"/><D89/><REACH who="0" ten="274,7,610,99" step="2"/><U126/><E126/><V94/><F69/><W102/><G102/><T66/><D66/><U11/><E128/><V65/><F62/><W19/><AGARI ba="2,1" hai="18,19,23,25,29,54,57,61,81,85,90" m="43050" machi="19" ten="30,4000,0" yaku="15,1,11,1,52,1" doraHai="26" who="3" fromWho="3" sc="274,-12,7,-12,610,-22,99,56" owari="262,6.2,-5,-50.5,588,68.8,155,-24.5" /></mjloggm>