<mjloggm ver="2.3"><GO type="169" lobby="0"/><UN n0="%E3%80%90%E3%83%A1%E3%82%BF%E3%83%A9%E3%83%BC%E3%80%91" n1="%E5%8C%97%E6%AC%A7%E3%81%AE%E3%82%82%E3%81%93%E3%81%86" n2="%E3%82%82%E3%81%BF%E3%81%95%E3%81%92" n3="%74%6F%72%69%30%36%31%32" dan="17,16,17,18" rate="2154.72,2112.71,2178.80,2194.63" sx="M,M,M,M"/><TAIKYOKU oya="0"/><INIT seed="0,0,0,5,2,19" ten="250,250,250,250" oya="0" hai0="50,63,62,129,3,10,4,26,100,122,0,56,114" hai1="135,131,36,55,47,87,116,78,120,128,99,48,13" hai2="18,52,58,14,27,96,92,46,125,130,67,80,124" hai3="51,118,43,72,41,24,101,30,5,16,112,73,134"/><T83/><D114/><U45/><E116/><V11/><F130/><N who="1" m="49705" /><E120/><V123/><F123/><W70/><G70/><T133/><D122/><U119/><E119/><V89/><F67/><W94/><G112/><T115/><D133/><U28/><E99/><V108/><F108/><W127/><G134/><T98/><D115/><U132/><E28/><V7/><F80/><W79/><G5/><T2/><D83/><N who="1" m="47607" /><E13/><V39/><F39/><W6/><G79/><T20/><D50/><N who="1" m="29135" /><E36/><V1/><F46/><W44/><G43/><AGARI ba="0,0" hai="43,47,48,132,135" m="29135,47607,49705" machi="43" ten="30,1000,0" yaku="19,1" doraHai="19" who="1" fromWho="3" sc="250,0,250,10,250,0,250,-10" /><INIT seed="1,0,0,1,1,97" ten="250,260,250,240" oya="1" hai0="96,25,50,31,15,54,29,118,86,41,11,56,43" hai1="98,1,79,16,101,122,135,51,134,2,19,42,23" hai2="108,82,61,102,94,49,133,74,60,6,89,66,129" hai3="93,8,63,111,103,36,95,57,105,70,121,65,88"/><U28/><E79/><V113/><F6/><W92/><G111/><T46/><D118/><U107/><E122/><V126/><F108/><W87/><G36/><T52/><D86/><U22/><E28/><V38/><F38/><W100/><G121/><T45/><D96/><U123/><E123/><V7/><F7/><W132/><G105/><T75/><D75/><U17/><E42/><V24/><F129/><W0/><G132/><N who="1" m="50730" /><E51/><V62/><F133/><W76/><G76/><T9/><D9/><U73/><E73/><V21/><F126/><W124/><G124/><T67/><D67/><U77/><E77/><V4/><F4/><W99/><G8/><T106/><D106/><U37/><E37/><V48/><F74/><W5/><G5/><T114/><D114/><U64/><E64/><V10/><F10/><W30/><G0/><AGARI ba="0,0" hai="0,1,2,16,17,19,22,23,98,101,107" m="50730" machi="0" ten="40,7700,0" yaku="20,1,52,1,54,1" doraHai="97" who="1" fromWho="3" sc="250,0,260,77,250,0,240,-77" /><INIT seed="1,1,0,3,5,23" ten="250,337,250,163" oya="1" hai0="48,7,64,40,69,132,82,131,76,63,119,6,95" hai1="21,116,11,113,102,56,46,16,68,110,78,39,29" hai2="84,62,85,42,103,5,58,31,45,101,0,15,126" hai3="17,127,37,18,30,98,55,3,100,112,130,108,111"/><U91/><E113/><V52/><F126/><W57/><G37/><T71/><D119/><U12/><E116/><V66/><F0/><W19/><G3/><T51/><D131/><U96/><E68/><V59/><F31/><W77/><G112/><T4/><D132/><U93/><E110/><N who="3" m="42026" /><G130/><T38/><D71/><U27/><E78/><V121/><F121/><W72/><G30/><T14/><D38/><U129/><E129/><V135/><F135/><W79/><G72/><T54/><D95/><U41/><REACH who="1" step="1"/><E56/><REACH who="1" ten="250,327,250,163" step="2"/><V118/><F118/><W47/><G127/><T13/><D76/><U25/><E25/><V92/><F59/><W114/><G114/><T9/><D69/><U61/><E61/><V88/><F66/><W123/><G123/><T106/><D63/><U8/><E8/><V60/><F60/><N who="3" m="35903" /><G47/><T34/><D64/><U86/><E86/><V49/><F84/><W125/><G125/><T87/><D87/><U20/><E20/><V22/><F22/><W10/><G10/><AGARI ba="1,1" hai="5,10,15,42,45,49,52,58,62,85,88,92,101,103" machi="10" ten="40,5200,0" yaku="8,1,54,2" doraHai="23" who="2" fromWho="3" sc="250,0,327,0,250,65,163,-55" /><INIT seed="2,0,0,4,3,39" ten="250,327,315,108" oya="2" hai0="112,90,129,26,135,67,70,74,108,92,65,37,96" hai1="88,78,124,45,100,23,48,69,42,126,132,114,98" hai2="31,57,32,79,54,4,38,41,8,52,91,115,64" hai3="19,16,95,21,62,33,119,102,12,75,97,14,46"/><V120/><F120/><W15/><G33/><T123/><D112/><U20/><E114/><V113/><F79/><W105/><G75/><T43/><D123/><U116/><E116/><V3/><F64/><W10/><G119/><T87/><D108/><U9/><E132/><V49/><F31/><W73/><G73/><T121/><D121/><U130/><E69/><V68/><F68/><W2/><G2/><T131/><D74/><U1/><E78/><V59/><F32/><W29/><G29/><T94/><D70/><U17/><E130/><N who="0" m="49673" /><D26/><U89/><E9/><V22/><F22/><N who="1" m="8233" /><E17/><V133/><F133/><W18/><G62/><T122/><D122/><U28/><E1/><V66/><F66/><W85/><G46/><N who="0" m="23919" /><D135/><U109/><E109/><V134/><F91/><AGARI ba="0,0" hai="65,67,87,90,91,92,94,96" m="23919,49673" machi="91" ten="30,2000,0" yaku="19,1,52,1" doraHai="39" who="0" fromWho="2" sc="250,20,327,0,315,-20,108,0" /><INIT seed="3,0,0,3,2,11" ten="270,327,295,108" oya="3" hai0="42,57,128,16,70,59,133,103,113,50,39,93,22" hai1="108,72,56,98,3,119,1,12,61,41,47,4,135" hai2="46,71,62,74,118,29,66,19,14,122,21,124,110" hai3="52,127,120,78,92,123,64,54,20,18,30,31,87"/><W45/><G127/><T88/><D70/><U96/><E108/><V76/><F124/><W44/><G64/><T94/><D128/><U33/><E72/><V115/><F115/><W7/><G7/><T27/><D133/><U65/><E33/><V80/><F122/><W28/><G123/><T58/><D39/><U106/><E135/><V99/><F110/><W104/><G104/><T81/><D113/><U129/><E129/><V17/><F118/><W101/><G120/><T90/><D103/><U130/><E119/><V117/><F117/><W35/><G35/><T77/><D77/><U109/><E106/><V112/><F112/><W100/><G78/><T5/><D5/><U23/><E109/><V10/><F29/><W24/><G87/><N who="0" m="50287" /><D90/><U89/><E1/><V95/><F46/><AGARI ba="0,0" hai="16,22,27,42,46,50,57,58,59,93,94" m="50287" machi="46" ten="30,3900,0" yaku="8,1,54,2" doraHai="11" who="0" fromWho="2" sc="270,39,327,0,295,-39,108,0" /><INIT seed="4,0,0,4,0,58" ten="309,327,256,108" oya="0" hai0="116,84,29,60,36,1,90,5,106,85,102,39,74" hai1="4,107,99,18,95,72,130,93,127,119,76,88,27" hai2="73,68,66,89,41,134,40,79,96,83,54,104,52" hai3="59,80,21,53,10,48,92,91,20,22,110,42,125"/><T16/><D116/><U65/><E119/><V13/><F134/><W69/><G69/><T46/><D74/><U101/><E130/><V122/><F122/><W35/><G35/><T38/><D29/><U81/><E65/><V87/><F13/><W34/><G34/><T44/><D5/><U123/><E4/><V24/><F24/><W14/><G110/><T2/><D106/><U128/><E18/><V77/><F77/><W15/><G125/><T71/><D102/><U121/><E27/><V109/><F109/><W31/><G80/><T113/><D113/><U131/><E93/><N who="2" m="54463" /><F41/><W7/><G42/><T32/><D32/><U118/><E127/><V19/><F40/><W70/><G70/><T105/><D105/><U114/><E114/><V0/><F0/><W112/><G112/><T45/><D16/><U6/><E6/><V49/><F49/><W64/><G64/><T120/><D120/><N who="1" m="46155" /><E118/><V67/><F67/><W11/><G11/><T43/><D43/><U126/><E126/><V82/><F82/><W61/><G31/><T100/><D100/><U28/><E28/><V124/><F19/><W62/><G15/><T98/><D2/><U117/><E117/><V57/><F68/><W9/><G9/><T132/><D132/><U129/><E129/><V33/><F33/><W37/><G37/><T78/><D78/><U108/><E108/><V25/><F25/><W111/><G111/><T51/><D1/><U75/><E75/><V3/><F3/><W30/><G30/><T133/><D133/><U55/><E55/><V26/><F124/><W12/><G12/><RYUUKYOKU ba="0,0" sc="309,-15,327,15,256,-15,108,15" hai1="72,76,81,88,95,99,101,107,128,131" hai3="7,10,14,20,21,22,48,53,59,61,62,91,92" /><INIT seed="5,1,0,0,2,16" ten="294,342,241,123" oya="1" hai0="55,115,3,72,127,38,29,8,13,2,120,133,9" hai1="49,41,130,52,100,17,21,135,63,44,102,50,56" hai2="62,15,60,114,36,31,80,32,61,73,110,124,119" hai3="112,71,82,42,24,74,83,59,99,118,111,103,117"/><U0/><E135/><V76/><F110/><W4/><G71/><T121/><D72/><U68/><E130/><V77/><F119/><W11/><G111/><T78/><D78/><U93/><E0/><N who="0" m="41" /><D38/><U47/><E68/><V67/><F124/><W45/><G59/><T123/><D55/><U128/><E93/><V37/><F114/><W122/><G112/><T64/><D64/><N who="1" m="39015" /><E128/><V23/><F67/><W46/><G74/><T109/><D109/><U86/><E86/><V54/><F76/><W58/><G99/><T96/><D96/><U75/><E75/><V108/><F108/><W107/><G107/><T98/><D98/><U10/><E10/><N who="0" m="4201" /><D115/><U95/><E95/><V66/><F66/><W34/><G103/><T12/><D133/><U69/><E69/><V125/><F125/><W51/><G83/><T132/><D132/><U26/><AGARI ba="1,0" hai="17,21,26,41,44,47,49,50,52,100,102" m="39015" machi="26" ten="30,6000,0" yaku="8,1,52,1,54,1" doraHai="16" who="1" fromWho="1" sc="294,-21,342,63,241,-21,123,-21" /><INIT seed="5,2,0,5,0,55" ten="273,405,220,102" oya="1" hai0="73,114,110,42,27,58,97,123,4,64,125,112,128" hai1="52,14,81,117,103,77,47,31,100,119,92,76,2" hai2="67,104,30,113,95,56,20,16,120,135,6,106,21" hai3="82,33,74,44,134,118,46,49,115,79,1,54,122"/><U65/><E2/><V70/><F120/><W0/><G122/><T63/><D110/><U40/><E65/><V7/><F70/><W72/><G33/><T91/><D73/><U84/><E31/><V105/><F135/><W5/><G134/><T32/><D123/><U96/><E100/><V75/><F75/><W17/><G115/><N who="0" m="44075" /><D4/><U29/><E76/><V62/><F113/><W18/><G118/><T98/><D42/><U69/><E69/><V43/><F43/><W121/><G121/><T34/><D125/><U90/><E29/><V71/><F71/><W13/><G5/><T86/><D128/><U109/><E109/><V9/><F9/><W15/><G54/><T108/><D108/><U60/><E14/><V45/><F45/><W48/><G82/><N who="0" m="49623" /><D27/><U23/><E77/><AGARI ba="2,0" hai="0,1,13,15,17,18,44,46,48,49,72,74,77,79" machi="77" ten="25,1600,0" yaku="22,2" doraHai="55" who="3" fromWho="1" sc="273,0,405,-22,220,0,102,22" /><INIT seed="6,0,0,1,1,57" ten="273,383,220,124" oya="2" hai0="94,92,121,131,119,36,77,26,130,101,93,22,127" hai1="72,96,111,29,129,99,10,73,40,122,103,128,117" hai2="78,61,89,84,56,113,51,133,38,82,14,5,65" hai3="25,46,42,19,17,83,8,105,23,21,69,85,12"/><V86/><F113/><W95/><G105/><T37/><D121/><U104/><E111/><V58/><F133/><W135/><G69/><T13/><D101/><U116/><E40/><V81/><F38/><W30/><G95/><T112/><D112/><U28/><E122/><V54/><F14/><W1/><G1/><T70/><D70/><U3/><E3/><V87/><F87/><W24/><G135/><T71/><D71/><U110/><E10/><V126/><F126/><W11/><G30/><T50/><D77/><U106/><E110/><V67/><F5/><W32/><G32/><T47/><D13/><U35/><E103/><V120/><F120/><W4/><G11/><T62/><D62/><U79/><E79/><V33/><F33/><AGARI ba="0,0" hai="28,29,33,35,72,73,96,99,104,106,116,117,128,129" machi="33" ten="25,1600,0" yaku="22,2" doraHai="57" who="1" fromWho="2" sc="273,0,383,16,220,-16,124,0" /><INIT seed="7,0,0,3,3,72" ten="273,399,204,124" oya="3" hai0="119,65,17,73,80,76,68,93,22,87,21,115,58" hai1="88,36,34,13,100,127,123,71,97,130,61,15,108" hai2="131,59,56,113,114,39,46,90,45,29,16,78,9" hai3="83,66,63,31,109,128,55,40,86,53,0,25,92"/><W81/><G0/><T3/><D119/><U135/><E88/><V57/><F29/><W2/><G2/><T20/><D3/><U125/><E34/><V50/><F131/><W98/><G128/><T54/><D68/><U5/><E36/><V1/><F1/><W105/><G105/><T134/><D134/><U19/><E108/><V26/><F90/><W62/><G40/><T35/><D35/><U101/><E123/><V107/><F107/><W64/><G109/><T8/><D115/><N who="2" m="44042" /><F39/><W4/><G4/><T11/><D65/><N who="3" m="25193" /><G25/><T6/><D93/><U85/><E61/><N who="3" m="23050" /><G31/><T103/><D103/><U14/><E101/><V69/><F69/><W91/><G83/><T89/><D17/><U12/><E19/><V49/><F26/><W42/><G42/><T126/><D6/><U38/><E130/><V129/><F129/><W112/><G112/><T24/><D24/><U51/><E38/><V133/><F133/><W52/><G55/><T104/><D104/><U124/><E71/><V7/><F7/><W74/><G74/><T41/><D41/><U30/><E135/><V37/><F37/><W32/><G32/><T75/><D75/><U132/><E132/><V94/><F16/><W77/><AGARI ba="0,0" hai="52,53,77,81,86,91,92,98" m="23050,25193" machi="77" ten="30,6000,0" yaku="8,1,52,1,54,1" doraHai="72" who="3" fromWho="3" sc="273,-20,399,-20,204,-20,124,60" /><INIT seed="7,1,0,0,0,68" ten="253,379,184,184" oya="3" hai0="62,77,38,67,21,111,88,82,84,135,70,59,57" hai1="99,132,97,0,93,43,130,3,63,60,127,13,53" hai2="19,72,75,81,15,112,102,119,100,32,7,2,121" hai3="27,48,128,46,25,86,37,45,120,23,110,66,73"/><W106/><G73/><T87/><D111/><U115/><E43/><V47/><F119/><W92/><G106/><T55/><D38/><U50/><E115/><V10/><F112/><W56/><G120/><T1/><D1/><U76/><E76/><V94/><F121/><W4/><G110/><T35/><D35/><U9/><E130/><V12/><F32/><W58/><G128/><T41/><D135/><U124/><E132/><V17/><F47/><W79/><G4/><T89/><D41/><U14/><E63/><V118/><F118/><W117/><G27/><T49/><D21/><U16/><E60/><V42/><F42/><W34/><G34/><T107/><D107/><U123/><E13/><V22/><F94/><W61/><G37/><T98/><D98/><N who="1" m="37387" /><E93/><V44/><F44/><W90/><G79/><T80/><D70/><U74/><E74/><V11/><REACH who="2" step="1"/><F81/><REACH who="2" ten="253,379,174,184" step="2"/><W78/><G117/><T26/><D82/><U131/><E123/><V91/><F91/><W8/><G78/><T5/><D77/><U85/><E131/><V31/><F31/><N who="3" m="17855" /><G8/><T39/><D89/><U103/><E9/><V65/><F65/><W126/><G126/><T122/><D122/><U125/><E125/><V83/><F83/><W33/><G33/><T133/><D80/><U28/><E127/><V40/><F40/><W54/><AGARI ba="1,1" hai="45,46,48,54,56,58,61,66,86,90,92" m="17855" machi="54" ten="30,1500,0" yaku="8,1" doraHai="68" who="3" fromWho="3" sc="253,-6,379,-6,174,-6,184,28" /><INIT seed="7,2,0,4,4,107" ten="247,373,168,212" oya="3" hai0="0,17,94,80,89,22,113,130,112,82,102,43,48" hai1="16,81,77,83,85,53,50,98,10,26,101,84,79" hai2="71,49,66,56,91,110,31,100,15,109,20,95,119" hai3="52,103,69,123,131,28,125,30,6,55,129,24,134"/><W36/><G123/><T59/><D130/><N who="3" m="49673" /><G69/><T46/><D102/><U78/><E78/><V47/><F119/><W51/><G36/><T34/><D0/><U76/><E76/><V115/><F115/><N who="0" m="44106" /><D59/><U41/><E41/><V96/><F71/><W45/><G125/><T117/><D34/><U11/><E26/><V128/><F128/><W14/><G134/><T61/><D61/><U63/><E16/><V9/><F109/><W99/><G55/><T93/><D117/><U2/><E63/><V60/><F110/><W108/><G108/><T68/><D68/><U64/><E64/><V121/><F121/><W3/><G3/><T39/><D39/><U116/><E2/><V114/><F114/><W38/><G38/><T29/><D29/><U18/><E18/><V33/><F33/><W127/><G127/><T40/><D40/><U106/><E116/><V25/><F47/><AGARI ba="2,0" hai="10,11,47,50,53,77,79,81,83,84,85,98,101,106" machi="47" ten="30,2000,0" yaku="7,1,9,1" doraHai="107" who="1" fromWho="2" sc="247,0,373,26,168,-26,212,0" owari="247,4.7,399,49.9,142,-35.8,212,-18.8" /></mjloggm>