<mjloggm ver="2.3"><GO type="169" lobby="0"/><UN n0="%E3%82%AB%E3%82%B6%E3%83%A9%E3%82%AD" n1="%E3%82%AB%E3%83%A9%E6%9D%BE" n2="%E3%82%80%E3%81%97%E6%AD%AF" n3="%E3%83%8F%E3%83%B3%E3%83%81%E3%83%A7%E3%82%A6%E5%A4%A7%E6%A7%BB" dan="17,17,17,16" rate="2233.02,2139.29,2154.50,2103.65" sx="M,M,M,M"/><TAIKYOKU oya="0"/><INIT seed="0,0,0,0,5,86" ten="250,250,250,250" oya="0" hai0="45,79,112,24,75,3,15,71,103,106,81,128,16" hai1="35,54,125,120,46,122,1,25,33,80,67,105,29" hai2="95,36,57,21,65,26,126,99,98,11,131,43,22" hai3="55,44,102,50,14,8,85,108,133,27,28,93,129"/><T2/><D112/><U30/><E125/><V118/><F126/><W74/><G74/><T113/><D113/><U130/><E130/><V92/><F131/><W56/><G108/><T6/><D71/><U41/><E54/><V32/><F118/><W100/><G133/><T123/><D128/><U94/><E105/><V117/><F117/><W39/><G39/><T121/><D24/><U115/><E115/><V72/><F72/><W89/><G129/><T119/><D119/><U96/><E1/><V69/><F32/><W87/><G44/><T47/><D6/><U19/><E19/><V110/><F69/><W31/><G85/><T7/><D7/><U70/><E80/><V60/><F11/><W12/><G12/><T135/><D135/><U78/><E78/><V9/><F9/><W68/><G68/><T5/><D5/><U59/><E70/><V51/><F36/><W42/><G42/><T88/><D2/><U76/><E76/><V58/><F110/><W84/><G84/><T111/><D3/><U34/><E34/><V38/><F38/><W134/><G134/><T124/><D124/><U0/><E0/><V4/><F4/><N who="3" m="3335" /><G27/><T82/><D111/><U61/><E35/><V48/><F43/><W114/><G114/><T64/><D64/><U18/><E33/><V97/><F26/><W107/><G107/><T90/><D81/><U91/><E30/><AGARI ba="0,0" hai="28,30,31,50,55,56,87,89,93,100,102" m="3335" machi="30" ten="30,2000,0" yaku="8,1,52,1" doraHai="86" who="3" fromWho="1" sc="250,0,250,-20,250,0,250,20" /><INIT seed="1,0,0,5,3,83" ten="250,230,250,270" oya="1" hai0="11,120,23,42,99,35,15,134,68,124,116,7,1" hai1="104,39,130,3,70,37,43,132,24,122,31,78,19" hai2="125,36,53,118,113,54,86,20,27,88,133,91,127" hai3="114,52,72,18,103,101,30,58,79,109,0,2,107"/><U55/><E122/><V13/><F118/><W81/><G114/><T93/><D68/><U76/><E70/><V66/><F113/><W90/><G30/><T51/><D35/><U111/><E3/><V26/><F36/><W47/><G109/><T73/><D73/><U74/><E104/><V56/><F133/><W63/><G47/><T49/><D116/><U98/><E132/><V75/><F75/><W92/><G18/><T64/><D64/><U82/><E130/><V97/><F13/><W14/><G14/><T62/><D62/><U12/><E78/><V112/><F112/><W128/><G128/><T117/><D117/><U16/><E111/><V135/><F135/><W38/><G38/><T80/><D134/><U94/><E43/><V84/><F97/><W61/><G61/><T77/><D124/><U32/><E55/><V8/><F8/><W45/><G45/><T34/><D34/><U17/><REACH who="1" step="1"/><E12/><REACH who="1" ten="250,220,250,270" step="2"/><V50/><F54/><W60/><G107/><T33/><D42/><U57/><E57/><V119/><F119/><W115/><G115/><T121/><D121/><U4/><E4/><V48/><F66/><W44/><G44/><T65/><D65/><U67/><E67/><V102/><F53/><W96/><REACH who="3" step="1"/><G63/><REACH who="3" ten="250,220,250,260" step="2"/><T25/><D120/><U29/><E29/><V71/><F125/><W110/><G110/><T89/><D15/><U41/><E41/><V10/><F127/><W126/><G126/><T69/><D69/><U59/><E59/><V108/><F56/><W28/><G28/><N who="0" m="17471" /><D33/><U131/><E131/><V6/><F71/><W123/><G123/><RYUUKYOKU ba="0,2" sc="250,10,220,10,250,-30,260,10" hai0="1,7,11,49,51,77,80,89,93,99" hai1="16,17,19,24,31,32,37,39,74,76,82,94,98" hai3="0,2,52,58,60,72,79,81,90,92,96,101,103" /><INIT seed="1,1,2,2,2,110" ten="260,230,220,270" oya="1" hai0="89,30,55,46,112,61,124,78,45,117,83,118,80" hai1="63,73,8,27,14,60,48,76,21,85,95,42,17" hai2="23,123,66,15,50,116,79,31,59,97,114,87,120" hai3="125,126,7,135,94,90,93,10,36,133,52,84,119"/><U20/><E73/><V54/><F116/><W47/><G119/><T28/><D89/><U22/><E27/><V13/><F66/><W96/><G36/><T107/><D61/><U3/><E3/><V98/><F120/><W104/><G104/><T18/><D55/><U77/><E95/><V24/><F123/><W12/><G47/><T4/><D4/><U75/><E75/><V9/><F114/><W34/><G34/><T35/><D18/><U58/><E85/><V32/><F32/><W68/><G68/><T49/><D49/><U39/><E39/><V40/><F40/><W67/><G67/><T0/><D35/><U103/><E103/><V127/><F127/><N who="3" m="48651" /><G52/><T71/><D124/><U101/><E101/><AGARI ba="1,2" hai="7,10,12,84,90,93,94,96,101,133,135" m="48651" machi="101" ten="30,1000,0" yaku="18,1" doraHai="110" who="3" fromWho="1" sc="260,0,230,-13,220,0,270,33" /><INIT seed="2,0,0,4,2,88" ten="260,217,220,303" oya="2" hai0="46,115,29,69,72,31,106,20,34,66,108,123,104" hai1="4,96,78,16,93,126,100,0,133,124,40,92,10" hai2="15,125,56,62,81,32,116,114,67,127,52,13,132" hai3="129,122,128,14,120,42,107,109,43,55,41,22,17"/><V68/><F114/><W134/><G107/><T71/><D115/><U44/><E133/><V110/><F116/><W76/><G134/><T60/><D20/><U63/><E78/><V35/><F132/><W5/><G109/><T24/><D123/><U117/><E117/><V8/><F110/><W39/><G39/><T91/><D108/><U86/><E63/><V38/><F38/><W54/><G76/><T3/><D31/><U111/><E111/><V45/><F45/><W98/><G5/><T102/><D71/><U73/><E73/><V105/><F105/><W51/><G98/><T83/><D91/><U2/><E2/><V77/><F15/><W53/><REACH who="3" step="1"/><G51/><REACH who="3" ten="260,217,220,293" step="2"/><T1/><D104/><U113/><E113/><V95/><F125/><W26/><G26/><T61/><D61/><U23/><E126/><V47/><F127/><W49/><G49/><T79/><REACH who="0" step="1"/><D46/><REACH who="0" ten="250,217,220,293" step="2"/><U135/><E124/><V99/><F47/><W101/><G101/><T97/><AGARI ba="0,2" hai="1,3,24,29,34,60,66,69,72,79,83,97,102,106" machi="97" ten="30,16000,3" yaku="1,1,2,1,0,1,25,2,33,3,53,0" doraHai="88" doraHaiUra="7" who="0" fromWho="0" sc="250,180,217,-40,220,-80,293,-40" /><INIT seed="3,0,0,1,1,11" ten="430,177,140,253" oya="3" hai0="20,114,98,72,119,27,58,12,56,70,95,61,105" hai1="131,29,0,73,65,129,9,83,34,104,69,26,100" hai2="48,51,47,92,45,135,49,54,7,103,31,108,50" hai3="122,62,3,21,24,93,97,76,132,66,35,130,38"/><W81/><G122/><T120/><D119/><U106/><E73/><V42/><F108/><W39/><G130/><N who="1" m="49674" /><E83/><V115/><F115/><W37/><G3/><T10/><D120/><U121/><E121/><V25/><F135/><W46/><G132/><T96/><D72/><U28/><E28/><V19/><F7/><W43/><G35/><T89/><D70/><U74/><E74/><V2/><F2/><W82/><G82/><T32/><D32/><U41/><E41/><V13/><F92/><W16/><G81/><T4/><D114/><U90/><E90/><V102/><F102/><W60/><G76/><T124/><D124/><U18/><E100/><V88/><F88/><W80/><G80/><T55/><D58/><U123/><E123/><V33/><REACH who="2" step="1"/><F103/><REACH who="2" ten="430,177,130,253" step="2"/><W112/><G112/><T107/><REACH who="0" step="1"/><D96/><REACH who="0" ten="420,177,130,253" step="2"/><U101/><E104/><V79/><F79/><W109/><G97/><T77/><D77/><U116/><E106/><V84/><F84/><W1/><G93/><T30/><AGARI ba="0,2" hai="4,10,12,20,27,30,55,56,61,89,95,98,105,107" machi="30" ten="20,8000,1" yaku="1,1,0,1,7,1,52,1,53,1" doraHai="11" doraHaiUra="8" who="0" fromWho="0" sc="420,100,177,-20,130,-20,253,-40" /><INIT seed="4,0,0,0,5,5" ten="520,157,110,213" oya="0" hai0="106,34,64,111,87,80,115,24,122,100,39,48,17" hai1="0,116,117,54,108,16,33,1,70,61,59,119,42" hai2="31,133,49,114,25,75,66,73,26,15,23,44,53" hai3="109,113,40,125,104,37,103,90,124,47,97,36,135"/><T28/><D122/><U71/><E108/><V21/><F114/><W14/><G109/><T102/><D39/><U79/><E33/><V92/><F133/><W84/><G113/><T85/><D115/><U76/><E42/><V45/><F66/><W95/><G135/><T132/><D132/><U127/><E127/><V120/><F120/><W18/><REACH who="3" step="1"/><G37/><REACH who="3" ten="520,157,110,203" step="2"/><T83/><D111/><U32/><E116/><V105/><F105/><W60/><G60/><T89/><D106/><U29/><E117/><V8/><F92/><W13/><G13/><T107/><D107/><U134/><E119/><V58/><F75/><W88/><G88/><T57/><D102/><U35/><E134/><V74/><F74/><W99/><G99/><T110/><D100/><U98/><E98/><V51/><F73/><W131/><G131/><T112/><D112/><U123/><E123/><V77/><F77/><W128/><G128/><T38/><D38/><U65/><E76/><V46/><F15/><W6/><G6/><T62/><D110/><U11/><E79/><V56/><F51/><W82/><G82/><T3/><D3/><U69/><E0/><V130/><F130/><W41/><G41/><T121/><D121/><U4/><E1/><V78/><F78/><W101/><G101/><T129/><D129/><U63/><E4/><V55/><F49/><W94/><G94/><T96/><D96/><U126/><E126/><V10/><F44/><W7/><G7/><T81/><D48/><U19/><E63/><V67/><F67/><W2/><G2/><T93/><D85/><U9/><E65/><RYUUKYOKU ba="0,1" sc="520,10,157,-30,110,10,203,10" hai0="17,24,28,34,57,62,64,80,81,83,87,89,93" hai2="8,10,21,23,25,26,31,45,46,53,55,56,58" hai3="14,18,36,40,47,84,90,95,97,103,104,124,125" /><INIT seed="4,1,1,2,1,14" ten="530,127,120,213" oya="0" hai0="43,100,7,58,116,102,24,21,105,69,32,94,72" hai1="25,71,110,93,50,3,86,124,34,4,130,19,1" hai2="99,11,129,90,87,49,13,128,56,9,37,122,30" hai3="48,0,73,127,29,97,89,57,107,60,132,39,123"/><T45/><D69/><U91/><E110/><V5/><F122/><W68/><G0/><T42/><D32/><U112/><E71/><V74/><F74/><W96/><G73/><T88/><D72/><U6/><E124/><V18/><F37/><W83/><G39/><T23/><D105/><U78/><E130/><N who="2" m="50283" /><F30/><W75/><G29/><T2/><D116/><U12/><E112/><V131/><N who="2" m="50291" /><V55/><DORA hai="84" /><F99/><W81/><G68/><T125/><D125/><U31/><E78/><V103/><F103/><W120/><G48/><T38/><D42/><U22/><REACH who="1" step="1"/><E50/><REACH who="1" ten="530,117,120,213" step="2"/><V113/><F113/><W108/><G127/><T8/><D38/><U62/><E62/><V10/><F5/><AGARI ba="1,2" hai="1,3,4,5,6,12,19,22,25,31,34,86,91,93" machi="5" ten="40,8000,1" yaku="1,1,52,2,53,1" doraHai="14,84" doraHaiUra="52,15" who="1" fromWho="2" sc="530,0,117,103,120,-83,213,0" /><INIT seed="5,0,0,0,1,20" ten="530,220,37,213" oya="1" hai0="108,55,70,97,99,79,71,40,112,51,83,114,105" hai1="42,128,33,66,84,56,103,59,82,53,38,44,9" hai2="47,24,60,31,80,131,43,48,75,34,21,107,16" hai3="134,130,69,6,95,1,5,46,118,11,68,89,121"/><U113/><E33/><V65/><F131/><W35/><G121/><T126/><D40/><U50/><E128/><V37/><F107/><W64/><G130/><T62/><D108/><U14/><E113/><N who="0" m="43625" /><D126/><U41/><E103/><V39/><F80/><W120/><G120/><T122/><D122/><U119/><E119/><V117/><F75/><W78/><G78/><T12/><D12/><U58/><E66/><V96/><F96/><W54/><G35/><T77/><D77/><U127/><E127/><V49/><F39/><W93/><G93/><T129/><D62/><U13/><E13/><V32/><F117/><W133/><G5/><T125/><D129/><U17/><REACH who="1" step="1"/><E38/><REACH who="1" ten="530,210,37,213" step="2"/><V7/><F34/><W109/><G64/><T3/><D125/><U15/><E15/><V123/><F123/><W72/><G118/><T36/><D36/><U19/><E19/><V111/><F111/><W135/><G109/><T76/><D3/><U91/><AGARI ba="0,1" hai="9,14,17,41,42,44,50,53,56,58,59,82,84,91" machi="91" ten="30,12000,1" yaku="1,1,0,1,25,2,8,1,53,0" doraHai="20" doraHaiUra="94" who="1" fromWho="1" sc="530,-40,210,130,37,-40,213,-40" owari="490,59.0,340,14.0,-3,-50.3,173,-22.7" /></mjloggm>