<mjloggm ver="2.3"><GO type="169" lobby="0"/><UN n0="%E3%82%AB%E3%83%A9%E6%9D%BE" n1="%E9%BE%8D%31%30" n2="%79%61%6E%72%6F%75" n3="%63%68%78%63%63" dan="17,16,16,17" rate="2159.87,2095.32,2147.30,2150.56" sx="M,M,M,M"/><TAIKYOKU oya="0"/><INIT seed="0,0,0,5,3,21" ten="250,250,250,250" oya="0" hai0="9,8,16,44,45,72,118,58,40,11,80,49,98" hai1="114,109,56,23,117,51,55,90,7,6,54,95,121" hai2="97,122,93,34,127,29,96,75,13,31,74,77,68" hai3="39,129,131,88,135,48,115,27,82,101,38,94,133"/><T32/><D118/><U92/><E117/><V37/><F122/><W47/><G115/><T30/><D98/><U63/><E121/><V116/><F37/><W43/><G101/><T84/><D72/><U71/><E71/><V5/><F68/><W128/><G82/><T19/><D58/><U130/><E114/><V62/><F127/><W76/><G76/><T69/><D69/><U91/><E109/><V42/><F42/><W112/><G112/><T132/><D132/><N who="3" m="50761" /><G27/><T85/><D85/><AGARI ba="0,0" hai="38,39,43,47,48,85,88,94,128,129,131" m="50761" machi="85" ten="40,5200,0" yaku="19,1,20,1,54,1" doraHai="21" who="3" fromWho="0" sc="250,-52,250,0,250,0,250,52" /><INIT seed="1,0,0,1,3,7" ten="198,250,250,302" oya="1" hai0="80,27,84,71,129,96,48,31,102,46,70,91,92" hai1="61,55,20,73,34,37,15,101,65,28,18,100,6" hai2="103,79,2,114,126,104,25,132,38,49,50,87,86" hai3="135,3,83,16,24,89,52,66,106,120,11,108,29"/><U109/><E73/><V21/><F126/><W23/><G106/><T93/><D129/><U110/><E37/><V122/><F122/><W35/><G66/><T118/><D118/><U76/><E55/><V40/><F132/><W77/><G108/><N who="1" m="41578" /><E76/><V117/><F117/><W123/><G120/><T125/><D125/><U45/><E45/><V10/><F38/><W72/><G123/><T54/><REACH who="0" step="1"/><D93/><REACH who="0" ten="188,250,250,302" step="2"/><U56/><E6/><V85/><F104/><W12/><G135/><T99/><D99/><U64/><E64/><V47/><F114/><W78/><G78/><T113/><D113/><U62/><E62/><V131/><F131/><W59/><G89/><T105/><D105/><U39/><E39/><V42/><F79/><W44/><G44/><T98/><D98/><U51/><E51/><V1/><F49/><W43/><G43/><T134/><D134/><U26/><AGARI ba="0,1" hai="15,18,20,26,28,34,56,61,65,100,101" m="41578" machi="26" ten="30,3000,0" yaku="14,1,10,1" doraHai="7" who="1" fromWho="1" sc="188,-10,250,40,250,-10,302,-10" /><INIT seed="1,1,0,0,3,8" ten="178,290,240,292" oya="1" hai0="20,116,67,25,4,47,53,24,121,79,48,72,118" hai1="59,117,90,123,52,97,94,77,2,98,127,104,89" hai2="43,57,60,64,54,84,76,134,115,81,92,16,17" hai3="126,33,5,27,38,42,1,58,132,62,100,31,109"/><U124/><E117/><V15/><F134/><W86/><G109/><T40/><D121/><U128/><E123/><V105/><F105/><W0/><G126/><N who="1" m="48170" /><E2/><V22/><F115/><W9/><G132/><T32/><D32/><U56/><E128/><V114/><F114/><W129/><G129/><T107/><D107/><U19/><E104/><V37/><F37/><W46/><G100/><T99/><D116/><U102/><E77/><V133/><F133/><W119/><G86/><T71/><D118/><U73/><E59/><V69/><F43/><W110/><G110/><T30/><D79/><U49/><E73/><V70/><F92/><W106/><G106/><T12/><D72/><U3/><E3/><V45/><F45/><W112/><G119/><T23/><D71/><U50/><E98/><V35/><F35/><W26/><G26/><T135/><D99/><U88/><E19/><V130/><F130/><W7/><G112/><T29/><D135/><U55/><E55/><V91/><F76/><W122/><G122/><T131/><D67/><U65/><E65/><V14/><F64/><W80/><G5/><T113/><D113/><U21/><E21/><AGARI ba="1,0" hai="14,15,16,17,21,22,54,57,60,69,70,81,84,91" machi="21" ten="30,8000,1" yaku="7,1,9,1,52,2,54,1" doraHai="8" who="2" fromWho="1" sc="178,0,290,-83,240,83,292,0" /><INIT seed="2,0,0,0,0,41" ten="178,207,323,292" oya="2" hai0="27,88,121,89,6,75,29,70,93,129,10,109,3" hai1="21,105,50,114,9,115,100,65,113,57,28,47,74" hai2="81,38,20,134,116,60,44,36,66,63,23,64,7" hai3="130,68,2,126,46,48,96,8,78,125,24,13,122"/><V39/><F116/><W73/><G122/><T90/><D121/><U83/><E9/><V87/><F134/><W11/><G68/><T4/><D75/><U86/><E74/><V34/><F34/><W92/><G2/><T59/><D70/><U98/><E57/><V117/><F117/><W85/><G73/><T22/><D109/><U37/><E65/><V101/><F7/><W18/><G11/><T0/><D129/><U124/><E37/><V17/><F101/><W95/><G24/><T77/><D77/><U55/><E124/><V91/><F44/><W99/><G130/><T107/><D107/><U33/><E33/><V56/><REACH who="2" step="1"/><F17/><REACH who="2" ten="178,207,313,292" step="2"/><W128/><G128/><T16/><D4/><U42/><E42/><V15/><F15/><W30/><G126/><T82/><D3/><U120/><E120/><V61/><F61/><W123/><G125/><T112/><D112/><U76/><REACH who="1" step="1"/><E115/><REACH who="1" ten="178,197,313,292" step="2"/><V84/><F84/><W52/><G123/><T25/><D0/><U62/><E62/><V69/><AGARI ba="0,2" hai="20,23,36,38,39,56,60,63,64,66,69,81,87,91" machi="69" ten="30,3000,0" yaku="1,1,0,1,53,0" doraHai="41" doraHaiUra="127" who="2" fromWho="2" sc="178,-10,197,-10,313,50,292,-10" /><INIT seed="2,1,0,1,4,85" ten="168,187,363,282" oya="2" hai0="121,114,47,65,89,129,40,71,0,57,118,74,80" hai1="2,63,127,53,33,64,97,67,24,76,5,11,14" hai2="26,13,111,20,36,52,135,86,7,15,112,78,84" hai3="46,92,49,107,55,101,18,58,68,35,54,77,42"/><V113/><F36/><W128/><G68/><T100/><D121/><U95/><E127/><V105/><F105/><W93/><G35/><T17/><D114/><U106/><E76/><V22/><F135/><W29/><G29/><T66/><D0/><U115/><E106/><V32/><F32/><W50/><G107/><T96/><D71/><U28/><E2/><V103/><F103/><W61/><G128/><T44/><D129/><U19/><E5/><V98/><F98/><W9/><G77/><T99/><D118/><U134/><E115/><V56/><F111/><W104/><G104/><T16/><D100/><U83/><E83/><N who="2" m="47223" /><F112/><W27/><G101/><T45/><D40/><U31/><E31/><N who="2" m="17863" /><F7/><W133/><G133/><T91/><D74/><U72/><E72/><V94/><F22/><N who="3" m="13783" /><G9/><T124/><D124/><U6/><E6/><V125/><F125/><W131/><G131/><T51/><D80/><U117/><E117/><V4/><F4/><W39/><G39/><T75/><D75/><U1/><E1/><V8/><F8/><W60/><G60/><T126/><D126/><U123/><E134/><V48/><F113/><W21/><G21/><T90/><D17/><U69/><E123/><V102/><F102/><W34/><G34/><T59/><D16/><U87/><E19/><V70/><F70/><W120/><G120/><T110/><D110/><U43/><E33/><V108/><F108/><W122/><G122/><T38/><D38/><U109/><E69/><V41/><F41/><W81/><G81/><T37/><D37/><U88/><E109/><V132/><F132/><RYUUKYOKU ba="1,0" sc="168,-15,187,-15,363,15,282,15" hai2="13,15,48,52,56,86,94" hai3="42,46,49,50,54,55,58,61,92,93" /><INIT seed="2,2,0,5,4,20" ten="153,172,378,297" oya="2" hai0="41,1,98,15,82,2,123,115,44,64,134,121,49" hai1="83,66,4,107,19,93,125,113,14,119,34,127,114" hai2="79,5,68,45,122,84,133,53,26,69,21,24,92" hai3="0,8,65,39,38,129,67,86,73,106,37,6,75"/><V89/><F122/><W81/><G106/><T97/><D115/><U11/><E107/><V25/><F133/><W36/><N who="3" m="9216" /><DORA hai="116" /><W85/><G85/><T23/><D134/><U108/><E66/><V9/><F21/><W126/><G126/><N who="1" m="48138" /><E83/><V18/><F18/><W43/><G43/><T102/><D64/><U60/><E93/><V56/><F45/><W117/><G117/><T30/><D82/><U103/><E60/><V63/><REACH who="2" step="1"/><F79/><REACH who="2" ten="153,172,368,297" step="2"/><W88/><REACH who="3" step="1"/><G129/><REACH who="3" ten="153,172,368,287" step="2"/><T128/><D128/><U110/><E119/><V22/><F22/><W7/><G7/><T112/><D23/><N who="1" m="11767" /><E34/><V105/><F105/><W35/><G35/><T135/><D135/><U31/><E31/><V96/><F96/><W32/><G32/><T61/><D30/><U78/><E78/><V27/><N who="2" m="6144" /><DORA hai="120" /><V46/><F46/><W42/><G42/><T91/><D41/><U10/><E114/><V77/><F77/><W17/><G17/><T50/><D112/><U132/><E113/><V40/><F40/><W59/><G59/><T111/><D44/><U76/><E132/><V104/><F104/><W80/><G80/><T99/><D97/><U58/><E76/><V3/><AGARI ba="2,2" hai="3,5,9,53,56,63,68,69,84,89,92" m="6144" machi="3" ten="40,18000,2" yaku="1,1,0,1,52,4,53,0" doraHai="20,116,120" doraHaiUra="16,62,28" who="2" fromWho="2" sc="153,-62,172,-62,368,206,287,-62" /><INIT seed="2,3,0,0,1,20" ten="91,110,574,225" oya="2" hai0="112,11,120,28,62,84,71,79,108,92,105,75,15" hai1="30,113,29,7,18,129,42,67,58,6,93,64,63" hai2="91,109,2,12,48,3,14,123,77,127,40,125,100" hai3="86,96,8,33,90,119,38,66,32,107,1,53,37"/><V50/><F123/><W51/><G119/><T101/><D112/><U25/><E113/><V34/><F34/><W4/><G66/><N who="1" m="25130" /><E42/><V22/><F100/><W72/><G72/><T134/><D120/><U36/><E36/><V61/><F61/><W115/><G115/><T110/><D62/><U104/><E104/><V41/><F91/><W82/><G38/><T21/><D71/><U57/><E93/><V135/><F22/><W74/><G37/><T45/><D105/><U46/><E46/><V0/><F135/><W39/><G39/><T80/><D134/><U44/><E44/><V17/><F17/><W131/><G74/><T122/><D45/><U73/><E73/><V43/><F77/><W102/><G131/><T9/><D122/><U116/><E129/><V126/><REACH who="2" step="1"/><F109/><REACH who="2" ten="91,110,564,225" step="2"/><W5/><G5/><T85/><D110/><U89/><E116/><V133/><F133/><W132/><G132/><T47/><D108/><U49/><E89/><V23/><F23/><W130/><G130/><T54/><D21/><U111/><E18/><V118/><F118/><W31/><G31/><T68/><D28/><U69/><E7/><V24/><F24/><W16/><G16/><T103/><D79/><U97/><E6/><V19/><F19/><W128/><G128/><T83/><D103/><U94/><E29/><V117/><F117/><W27/><G27/><T76/><D101/><U114/><E25/><V99/><F99/><W121/><G121/><T26/><D26/><U95/><E30/><V52/><F52/><W13/><G13/><AGARI ba="3,1" hai="0,2,3,12,13,14,40,41,43,48,50,125,126,127" machi="13" ten="60,18000,2" yaku="1,1,29,2,28,2,18,1,53,0" doraHai="20" doraHaiUra="78" who="2" fromWho="3" sc="91,0,110,0,564,199,225,-189" /><INIT seed="2,4,0,2,4,56" ten="91,110,763,36" oya="2" hai0="42,34,102,96,58,133,68,38,97,134,83,16,54" hai1="87,110,69,115,39,66,23,78,12,5,18,35,111" hai2="9,25,105,7,124,61,120,122,63,30,98,55,22" hai3="123,21,70,59,131,114,127,116,85,107,4,17,74"/><V93/><F105/><W90/><G74/><T75/><D68/><U86/><E39/><V92/><F124/><W24/><G70/><T64/><D34/><U103/><E115/><V100/><F93/><W62/><G107/><T118/><D64/><U129/><E35/><V72/><F72/><W15/><G123/><T95/><D118/><U67/><E129/><V45/><F122/><W94/><G116/><T2/><D2/><U81/><E103/><V80/><F80/><W13/><G114/><T51/><D97/><U26/><E86/><V88/><F100/><W8/><G131/><T29/><D29/><N who="1" m="17631" /><E5/><V11/><F120/><W10/><G127/><T135/><D38/><U82/><E81/><V77/><F77/><W117/><G117/><T50/><D83/><U108/><E69/><V91/><F91/><W46/><G46/><N who="0" m="25943" /><D16/><U48/><E48/><N who="2" m="29071" /><F7/><W14/><REACH who="3" step="1"/><G10/><AGARI ba="4,0" hai="10,12,18,66,67,78,82,87,108,110,111" m="17631" machi="10" ten="30,1000,0" yaku="14,1" doraHai="56" who="1" fromWho="3" sc="91,0,110,22,763,0,36,-22" /><AGARI ba="4,0" hai="9,10,11,22,25,30,61,63,88,92,98" m="29071" machi="10" ten="30,11600,0" yaku="8,1,52,2,54,1" doraHai="56" who="2" fromWho="3" sc="91,0,132,0,763,116,14,-116" owari="91,-30.9,132,-6.8,879,97.9,-102,-60.2" /></mjloggm>