<mjloggm ver="2.3"><GO type="169" lobby="0"/><UN n0="%6D%79%6D%65%6C%6F%58%58" n1="%70%6F%6E%2D%65%6E" n2="%57%49%4E%44%59%58%58" n3="%E6%99%82%E8%A8%88%E5%9D%82%E9%9B%B6" dan="17,16,17,16" rate="2205.20,2102.29,2157.28,2140.59" sx="F,F,M,M"/><TAIKYOKU oya="0"/><INIT seed="0,0,0,1,5,111" ten="250,250,250,250" oya="0" hai0="6,107,100,56,68,36,128,134,126,66,79,51,47" hai1="125,74,69,54,5,95,52,118,114,11,8,32,96" hai2="124,122,16,41,103,35,45,59,1,38,23,7,17" hai3="117,115,64,30,121,46,55,2,84,106,19,14,129"/><T58/><D79/><U131/><E74/><V15/><F122/><W75/><G75/><T108/><D107/><U63/><E118/><V22/><F35/><W21/><G121/><T3/><D100/><U86/><E32/><V90/><F124/><W127/><G106/><T24/><D6/><U105/><E131/><V78/><F78/><W83/><G2/><T71/><D24/><U88/><E125/><V135/><F135/><W80/><G127/><T9/><D9/><U102/><E114/><V113/><F103/><W116/><G129/><T93/><D93/><U76/><E76/><V112/><F59/><N who="0" m="22570" /><D3/><U94/><E105/><V57/><F57/><W89/><G30/><T44/><D128/><U73/><E73/><V109/><F109/><W97/><G117/><T62/><D108/><U91/><E102/><V92/><F7/><W28/><G28/><T31/><D31/><U77/><E77/><V48/><F38/><W81/><G116/><T98/><D98/><U61/><E11/><V110/><F1/><W120/><G97/><T132/><D126/><U26/><E26/><V33/><F33/><W123/><G123/><T43/><D71/><U37/><E37/><V40/><F110/><W133/><G120/><T25/><D25/><U42/><E42/><AGARI ba="0,0" hai="36,42,43,44,47,51,62,66,68,132,134" m="22570" machi="42" ten="30,2900,0" yaku="34,2" doraHai="111" who="0" fromWho="1" sc="250,29,250,-29,250,0,250,0" /><INIT seed="0,1,0,5,3,48" ten="279,221,250,250" oya="0" hai0="92,5,55,85,59,104,81,111,77,37,20,44,3" hai1="22,78,84,117,18,56,28,29,53,15,14,9,113" hai2="128,105,119,102,106,71,34,30,68,95,60,99,110" hai3="26,116,27,61,38,114,36,24,131,98,89,1,88"/><T135/><D104/><U129/><E117/><V93/><F119/><W122/><G116/><T47/><D135/><U65/><E65/><V43/><F110/><W79/><G114/><T91/><D111/><U134/><E134/><V70/><F128/><W17/><G1/><T13/><D3/><U76/><E129/><V58/><F43/><W0/><G0/><T80/><D37/><U46/><E46/><V64/><F34/><W69/><G131/><T57/><D57/><U12/><E113/><V33/><F33/><W6/><G6/><T101/><D101/><U107/><E107/><V51/><F51/><W23/><G79/><N who="1" m="30250" /><E84/><V96/><REACH who="2" step="1"/><F30/><REACH who="2" ten="279,221,240,250" step="2"/><N who="1" m="11881" /><E22/><V82/><F82/><W112/><G112/><T11/><D20/><U97/><E97/><V25/><F25/><W75/><G24/><T126/><D126/><U45/><E45/><N who="0" m="17481" /><D77/><U74/><E74/><V86/><F86/><W31/><G75/><T35/><D35/><U50/><AGARI ba="1,1" hai="9,12,14,15,18,50,53,56" m="11881,30250" machi="50" ten="30,2000,0" yaku="8,1,52,1" doraHai="48" who="1" fromWho="1" sc="279,-11,221,33,240,-6,250,-6" /><INIT seed="1,0,0,1,0,107" ten="268,254,234,244" oya="1" hai0="32,126,51,0,122,130,110,87,83,44,80,25,102" hai1="97,74,56,48,50,89,124,54,101,128,11,47,64" hai2="58,123,112,68,43,30,81,113,115,2,26,15,69" hai3="53,77,49,5,111,127,35,134,100,117,12,60,9"/><U116/><E116/><V57/><F2/><W71/><G35/><T3/><D122/><U76/><E124/><V98/><F123/><W84/><G127/><T96/><D126/><U8/><E128/><V88/><F43/><W79/><G111/><T72/><D130/><U67/><E89/><V55/><F15/><W75/><G134/><T66/><D66/><U36/><E36/><V94/><F81/><W65/><G117/><T61/><D61/><U108/><E108/><V85/><F85/><W6/><G100/><T105/><D110/><U42/><E67/><V132/><F132/><W129/><G129/><T38/><D83/><U135/><E135/><V119/><F119/><W17/><G84/><T29/><D87/><U106/><REACH who="1" step="1"/><E64/><REACH who="1" ten="268,244,234,244" step="2"/><V27/><F27/><W40/><G65/><T10/><D38/><U23/><E23/><V78/><F78/><W41/><G77/><T90/><D90/><U46/><E46/><V13/><F13/><W37/><G37/><T4/><D44/><U92/><E92/><V114/><N who="2" m="28672" /><DORA hai="14" /><V131/><F131/><W1/><G12/><T20/><D20/><U24/><E24/><V121/><F121/><W28/><G79/><T45/><D45/><U7/><E7/><V103/><F88/><W91/><G91/><T95/><D95/><U125/><E125/><V104/><F94/><W22/><G5/><T82/><D4/><U63/><E63/><N who="2" m="36287" /><F58/><W21/><G6/><T31/><D25/><U16/><E16/><V34/><AGARI ba="0,1" hai="26,30,34,68,69,98,103,104" m="36287,28672" machi="34" ten="60,2000,0" yaku="11,1" doraHai="107,14" who="2" fromWho="2" sc="268,-5,244,-10,234,30,244,-5" /><INIT seed="2,0,0,5,4,128" ten="263,234,264,239" oya="2" hai0="19,95,25,23,21,4,40,46,116,87,44,5,98" hai1="28,70,94,111,129,11,82,52,102,96,55,92,2" hai2="36,8,91,60,17,64,65,119,86,10,83,12,53" hai3="29,49,126,57,123,108,14,43,27,99,34,80,97"/><V103/><F119/><W22/><G123/><T89/><D116/><U66/><E111/><V6/><F36/><W41/><G108/><T117/><D117/><U124/><E124/><V63/><F103/><W20/><G34/><T50/><D46/><U88/><E129/><V134/><F134/><W3/><G3/><T45/><D45/><U24/><E82/><V135/><F135/><W122/><G80/><T69/><D69/><U72/><E72/><V77/><F77/><W54/><G126/><T71/><D71/><U39/><E39/><V33/><F33/><W79/><G79/><T113/><D113/><U105/><E2/><V16/><F53/><W73/><G73/><T118/><D118/><U121/><E11/><V101/><F101/><W85/><G85/><T37/><D37/><U48/><E48/><V93/><F93/><W100/><G122/><T133/><D133/><U115/><E94/><V59/><REACH who="2" step="1"/><F10/><REACH who="2" ten="263,234,254,239" step="2"/><W130/><G130/><T112/><D112/><U131/><E131/><V104/><F104/><W30/><G100/><N who="0" m="60511" /><D23/><N who="1" m="15391" /><E121/><V84/><F84/><W75/><G75/><T7/><D7/><U109/><E115/><V1/><F1/><W76/><G22/><T68/><D5/><U26/><E109/><V110/><F110/><W114/><G20/><T106/><D4/><U32/><E105/><V67/><F67/><W107/><G107/><T127/><D106/><U81/><E102/><V62/><F62/><W15/><G114/><T58/><D127/><U74/><E74/><V31/><F31/><W125/><G30/><T0/><D0/><U42/><E92/><RYUUKYOKU ba="0,1" sc="263,-10,234,-10,254,30,239,-10" hai2="6,8,12,16,17,59,60,63,64,65,83,86,91" /><INIT seed="2,1,1,2,2,34" ten="253,224,284,229" oya="2" hai0="13,73,62,99,26,74,121,59,129,27,91,108,31" hai1="39,38,124,4,40,131,78,23,117,58,29,32,109" hai2="86,64,128,90,84,133,70,101,37,116,115,30,68" hai3="77,135,89,110,47,113,3,17,51,9,48,18,44"/><V96/><F116/><W11/><G110/><T69/><D121/><U83/><E117/><V79/><F115/><W71/><G71/><T107/><D69/><U10/><E109/><V7/><F37/><W104/><G104/><T105/><D108/><U100/><E124/><V125/><F125/><W52/><G135/><T60/><D91/><U43/><E131/><V127/><F127/><W25/><G77/><T114/><D13/><U0/><E32/><V54/><F128/><W94/><G113/><T46/><D114/><U57/><E100/><V132/><F30/><W2/><G25/><T75/><D75/><N who="1" m="43487" /><E40/><V1/><F79/><W50/><G50/><T19/><D31/><U20/><E39/><V66/><F54/><W122/><G122/><T95/><D19/><U56/><E29/><V24/><F24/><W8/><G17/><T134/><D134/><N who="2" m="51818" /><F84/><W33/><G33/><T76/><D76/><U36/><E36/><V118/><F118/><W41/><REACH who="3" step="1"/><G18/><REACH who="3" ten="253,224,284,219" step="2"/><T14/><D129/><U53/><E53/><V49/><F68/><W65/><G65/><T97/><D107/><U63/><E63/><V93/><F49/><W123/><G123/><T82/><D105/><U112/><E112/><V81/><F70/><W12/><G12/><T120/><D14/><U85/><E38/><V35/><F35/><W67/><G67/><T72/><D62/><U126/><E126/><V130/><F130/><W6/><G6/><T55/><D60/><U61/><E61/><V42/><F42/><W28/><G28/><T88/><D120/><U98/><E43/><V111/><F111/><RYUUKYOKU ba="1,2" sc="253,-15,224,-15,284,15,219,15" hai2="1,7,64,66,81,86,90,93,96,101" hai3="2,3,8,9,11,41,44,47,48,51,52,89,94" /><INIT seed="2,2,2,0,4,22" ten="238,209,299,234" oya="2" hai0="57,134,37,109,68,73,93,127,74,43,135,75,45" hai1="3,17,25,35,42,113,24,110,40,18,46,72,10" hai2="11,41,15,99,103,122,83,1,106,55,44,14,16" hai3="90,61,104,129,6,117,30,91,126,52,82,80,34"/><V54/><F122/><W102/><G117/><T21/><D68/><U112/><E72/><V125/><F1/><W88/><G126/><T124/><D109/><U76/><E76/><V38/><F125/><N who="0" m="48202" /><D93/><U77/><E77/><V9/><F83/><W27/><G129/><T101/><D101/><U116/><E116/><V62/><F62/><W78/><G6/><AGARI ba="2,2" hai="6,9,11,14,15,16,38,41,44,54,55,99,103,106" machi="6" ten="30,2900,0" yaku="7,1,54,1" doraHai="22" who="2" fromWho="3" sc="238,0,209,0,299,55,234,-35" /><INIT seed="2,3,0,0,1,135" ten="238,209,354,199" oya="2" hai0="101,71,69,119,60,62,20,50,1,57,88,70,125" hai1="28,18,98,11,19,41,84,27,59,86,12,131,113" hai2="92,118,72,52,75,104,133,48,35,33,51,94,95" hai3="40,34,78,74,0,47,7,6,103,81,93,31,105"/><V15/><F104/><W55/><G55/><T76/><D1/><U73/><E73/><N who="2" m="28235" /><F52/><W53/><G53/><T38/><D76/><U24/><E131/><V2/><F15/><W79/><G79/><T124/><D38/><U114/><E41/><V17/><F17/><W36/><G93/><T106/><D50/><N who="2" m="18986" /><F133/><W23/><G23/><T37/><D37/><U58/><E98/><V120/><F2/><W68/><G6/><T10/><D10/><U99/><E99/><V77/><F77/><W22/><G22/><T4/><D4/><U43/><E43/><V66/><F120/><W91/><G91/><T117/><D88/><U87/><E28/><V3/><F3/><W13/><G13/><T56/><D20/><U128/><E128/><V8/><F8/><N who="3" m="2151" /><G31/><T134/><D134/><U122/><E122/><V83/><F66/><W129/><G129/><T107/><D70/><U21/><REACH who="1" step="1"/><E27/><REACH who="1" ten="238,199,354,199" step="2"/><V109/><F118/><W108/><G40/><T29/><D29/><U44/><E44/><V80/><F109/><W89/><G47/><T130/><D130/><U14/><E14/><V61/><F61/><W46/><G46/><T100/><AGARI ba="3,1" hai="56,57,60,62,69,71,100,101,106,107,117,119,124,125" machi="100" ten="25,8000,1" yaku="0,1,22,2,52,2" doraHai="135" who="0" fromWho="0" sc="238,99,199,-23,354,-43,199,-23" /><INIT seed="3,0,0,5,5,0" ten="337,176,311,176" oya="3" hai0="23,46,99,25,94,57,4,52,45,71,43,95,126" hai1="29,2,35,51,47,33,82,26,100,13,93,132,112" hai2="73,7,79,5,64,90,62,84,92,70,61,27,30" hai3="16,8,86,78,36,83,56,109,53,116,85,115,3"/><W122/><G115/><T41/><D71/><U97/><E2/><V54/><F73/><W22/><G116/><T125/><D4/><U6/><E132/><V103/><F79/><W69/><G69/><T32/><D32/><U59/><E112/><V117/><F117/><W124/><G122/><T20/><D25/><U49/><E82/><V66/><F54/><W58/><G36/><T96/><REACH who="0" step="1"/><D52/><REACH who="0" ten="327,176,311,176" step="2"/><U111/><E35/><V135/><F135/><W12/><G109/><T123/><D123/><U18/><E111/><V40/><F40/><W110/><G110/><T74/><D74/><U76/><E59/><AGARI ba="0,1" hai="20,23,41,43,45,46,57,59,94,95,96,99,125,126" machi="59" ten="25,8000,1" yaku="1,1,22,2,53,2" doraHai="0" doraHaiUra="55" who="0" fromWho="1" sc="327,90,176,-80,311,0,176,0" /><INIT seed="4,0,0,0,4,79" ten="417,96,311,176" oya="0" hai0="73,123,109,46,103,40,113,96,26,11,16,104,112" hai1="125,24,18,36,119,47,61,88,1,133,74,17,71" hai2="100,4,126,14,91,60,110,5,72,54,45,84,86" hai3="0,9,121,43,80,82,7,127,15,10,37,97,101"/><T28/><D123/><U66/><E119/><V107/><F72/><W44/><G127/><T89/><D73/><U33/><E125/><V135/><F110/><W62/><G62/><T8/><D109/><U90/><E133/><V39/><F135/><W29/><G29/><T102/><D102/><U12/><E1/><V106/><F126/><W49/><G37/><T51/><D89/><U42/><E74/><V57/><F100/><W124/><G121/><T129/><D129/><U94/><E94/><V118/><F118/><W25/><G25/><T68/><D68/><U117/><E117/><V13/><F39/><W132/><G132/><T83/><D83/><U20/><REACH who="1" step="1"/><E33/><REACH who="1" ten="417,86,311,176" step="2"/><V59/><F106/><W92/><REACH who="3" step="1"/><G124/><REACH who="3" ten="417,86,311,166" step="2"/><T38/><D104/><U120/><E120/><V70/><F107/><W41/><G41/><T19/><D40/><U81/><E81/><V131/><F131/><W114/><G114/><T116/><D113/><U122/><E122/><V93/><F93/><W2/><G2/><T77/><D112/><U75/><E75/><V67/><F4/><AGARI ba="0,2" hai="0,4,7,9,10,15,43,44,49,80,82,92,97,101" machi="4" ten="30,7700,0" yaku="1,1,7,1,52,2,53,0" doraHai="79" doraHaiUra="31" who="3" fromWho="2" sc="417,0,86,0,311,-77,166,97" /><INIT seed="5,0,0,1,3,20" ten="417,86,234,263" oya="1" hai0="3,26,42,49,80,53,99,47,37,98,65,39,75" hai1="45,58,21,1,41,30,85,54,106,63,95,97,113" hai2="102,126,135,109,79,131,6,104,82,86,14,15,112" hai3="40,115,23,19,35,9,123,73,64,111,118,18,50"/><U83/><E113/><V43/><F109/><W108/><G73/><T107/><D3/><U24/><E1/><V124/><F112/><W67/><G35/><T36/><D107/><U116/><E106/><V55/><F131/><W69/><G69/><T71/><D80/><U46/><E116/><V17/><F135/><W4/><G115/><T94/><D75/><U122/><E122/><V133/><F133/><W10/><G23/><T13/><D13/><U101/><REACH who="1" step="1"/><E41/><REACH who="1" ten="417,76,234,263" step="2"/><V25/><F43/><W78/><G40/><T89/><D42/><U22/><E22/><N who="2" m="13519" /><F104/><W16/><G123/><T70/><D39/><U12/><E12/><V120/><F120/><W28/><G118/><T121/><D37/><U32/><E32/><V7/><F15/><W128/><G111/><T51/><D36/><U62/><E62/><V11/><F124/><W84/><G108/><T92/><D121/><U8/><E8/><V129/><F126/><W74/><G9/><T27/><D51/><U44/><E44/><V87/><F129/><W110/><G128/><T130/><D130/><U52/><E52/><V2/><F55/><W56/><G110/><T66/><D49/><U72/><E72/><V93/><F2/><W105/><G74/><T100/><D53/><U127/><E127/><V29/><F14/><W90/><G105/><T81/><D47/><U134/><E134/><V88/><F11/><W114/><G114/><T77/><D66/><U38/><E38/><V117/><F117/><W119/><G64/><T31/><D65/><U33/><E33/><V60/><F60/><N who="3" m="38279" /><G10/><T68/><D68/><RYUUKYOKU ba="0,1" sc="417,-10,76,30,234,-10,263,-10" hai1="21,24,30,45,46,54,58,63,83,85,95,97,101" /><INIT seed="5,1,1,5,2,38" ten="407,106,224,253" oya="1" hai0="5,127,111,50,97,48,125,36,14,41,17,113,52" hai1="59,119,91,81,134,23,77,30,15,7,13,84,26" hai2="9,103,90,123,105,73,128,93,76,102,116,6,70" hai3="54,126,78,92,4,88,86,27,122,63,72,31,19"/><U83/><E119/><V69/><F116/><W99/><G126/><N who="0" m="48139" /><D113/><U74/><E134/><V49/><F123/><W64/><G122/><T98/><D111/><U40/><E7/><V3/><F128/><W66/><G4/><T87/><D87/><U46/><REACH who="1" step="1"/><E59/><REACH who="1" ten="407,96,224,253" step="2"/><V12/><F3/><W21/><G72/><T34/><D5/><U61/><E61/><V20/><F6/><W29/><G63/><T1/><D1/><U94/><E94/><V117/><F93/><W51/><G99/><T0/><D0/><U121/><E121/><V118/><F118/><W109/><G92/><T58/><D98/><U24/><E24/><V11/><F117/><W60/><G27/><T85/><D97/><U32/><E32/><V18/><F105/><W22/><G60/><T108/><D34/><U25/><E25/><V89/><F69/><W124/><G124/><T47/><D108/><U2/><E2/><V107/><F70/><W120/><G120/><T39/><D85/><U135/><E135/><V101/><F107/><W33/><G86/><T112/><D112/><U68/><E68/><V132/><F132/><W10/><G33/><T57/><D58/><U8/><E8/><AGARI ba="1,2" hai="8,14,17,36,39,41,47,48,50,52,57" m="48139" machi="8" ten="30,3900,0" yaku="18,1,52,1,54,1" doraHai="38" who="0" fromWho="1" sc="407,62,96,-42,224,0,253,0" /><INIT seed="6,0,0,1,0,15" ten="469,54,224,253" oya="2" hai0="133,49,107,26,69,131,45,135,95,51,59,76,6" hai1="34,35,57,127,53,116,98,78,50,65,29,64,129" hai2="13,7,54,82,67,92,101,52,102,96,124,18,120" hai3="28,32,105,17,109,61,87,80,81,72,27,115,25"/><V23/><F120/><W79/><G105/><T89/><D107/><U8/><E116/><V66/><F124/><W122/><G122/><T37/><D69/><U46/><E129/><V108/><F108/><W85/><G109/><T68/><D68/><U1/><E127/><V3/><F101/><W20/><G115/><T103/><D103/><U38/><E78/><V111/><F111/><W16/><G61/><T104/><D104/><U41/><E98/><V12/><F3/><W9/><REACH who="3" step="1"/><G80/><REACH who="3" ten="469,54,224,243" step="2"/><T128/><D128/><U97/><E97/><V125/><F82/><W77/><G77/><T74/><D131/><U73/><E73/><V21/><F125/><W75/><G75/><T90/><D76/><U43/><E43/><V60/><F66/><W117/><G117/><T99/><D74/><U36/><E36/><V62/><F62/><W0/><G0/><T94/><D37/><U30/><E65/><V71/><F7/><W83/><G83/><T91/><D95/><U2/><E64/><V48/><F48/><W14/><AGARI ba="0,1" hai="9,14,16,17,20,25,27,28,32,72,79,81,85,87" machi="14" ten="30,8000,1" yaku="1,1,0,1,52,2,54,1,53,0" doraHai="15" doraHaiUra="84" who="3" fromWho="3" sc="469,-20,54,-20,224,-40,243,90" /><INIT seed="7,0,0,4,5,124" ten="449,34,184,333" oya="3" hai0="94,70,6,107,61,123,9,120,116,46,79,126,81" hai1="51,48,97,65,0,27,88,93,36,99,83,10,109" hai2="98,23,60,112,66,75,58,2,72,125,45,133,26" hai3="62,114,68,105,78,29,111,43,77,91,115,33,30"/><W69/><G105/><T37/><D116/><U41/><E109/><V80/><F2/><W121/><G121/><T25/><D107/><U104/><E36/><V31/><F125/><W47/><G111/><T117/><D94/><U82/><E0/><V24/><F112/><N who="3" m="43051" /><G91/><T103/><D103/><U95/><E104/><V16/><F133/><W17/><G17/><T122/><D117/><U42/><E65/><V132/><F132/><W96/><G96/><T13/><D126/><U108/><E108/><V52/><F98/><W67/><G68/><T129/><D25/><U135/><E135/><V15/><F26/><N who="3" m="18615" /><G30/><T8/><D8/><U18/><E27/><V50/><F80/><W128/><G128/><T119/><D129/><U71/><E71/><V118/><REACH who="2" step="1"/><F118/><REACH who="2" ten="449,34,174,333" step="2"/><W74/><G74/><T40/><D119/><U38/><E38/><AGARI ba="0,1" hai="38,43,47,62,67,69,77,78" m="18615,43051" machi="38" ten="30,1500,0" yaku="15,1" doraHai="124" who="3" fromWho="1" sc="449,0,34,-15,174,0,333,25" /><INIT seed="7,1,0,5,3,95" ten="449,19,174,358" oya="3" hai0="7,23,54,79,38,90,82,83,85,133,59,17,122" hai1="0,14,45,13,135,58,22,53,3,132,112,40,28" hai2="6,30,92,68,103,86,5,78,111,91,42,130,4" hai3="1,98,127,129,70,76,39,116,124,126,34,115,134"/><W61/><RYUUKYOKU type="yao9" ba="1,0" sc="449,0,19,0,174,0,358,0" hai3="1,34,39,61,70,76,98,115,116,124,126,127,129,134" /><INIT seed="7,2,0,3,5,71" ten="449,19,174,358" oya="3" hai0="40,43,10,33,1,89,84,73,52,53,111,127,97" hai1="134,130,79,11,76,41,118,100,60,55,65,114,8" hai2="54,93,14,5,22,67,86,113,128,23,117,6,66" hai3="34,109,16,18,78,32,50,46,58,108,112,83,77"/><W125/><G112/><T69/><D111/><N who="3" m="42569" /><G58/><T63/><D33/><N who="3" m="12905" /><G125/><T39/><D73/><U103/><E55/><V81/><F54/><N who="3" m="30039" /><G77/><T29/><D29/><U9/><E60/><V20/><F117/><W92/><G92/><T116/><D116/><U3/><E65/><V31/><F93/><W102/><G102/><T80/><D127/><U133/><E41/><V27/><F113/><W82/><G82/><T64/><D97/><U38/><E114/><V129/><F31/><W36/><G36/><T7/><D43/><U98/><E118/><V51/><F27/><W19/><G19/><T122/><D122/><U26/><E26/><V56/><F56/><W24/><G24/><T28/><D28/><U87/><E87/><V30/><F30/><W21/><G21/><T94/><D94/><U13/><E98/><V72/><F51/><W115/><G115/><T99/><D99/><U62/><E62/><V17/><F72/><AGARI ba="2,0" hai="16,18,72,78,83" m="30039,12905,42569" machi="72" ten="30,2900,0" yaku="10,1,54,1" doraHai="71" who="3" fromWho="2" sc="449,0,19,0,174,-35,358,35" /><INIT seed="7,3,0,3,1,99" ten="449,19,139,393" oya="3" hai0="112,16,3,14,66,11,6,71,109,43,64,35,88" hai1="40,116,4,93,80,78,29,58,74,67,51,122,53" hai2="95,50,133,130,57,20,131,135,9,5,39,36,75" hai3="76,100,105,8,94,31,132,12,37,96,2,123,79"/><W0/><G123/><T89/><D109/><U121/><E116/><V117/><F75/><W119/><G119/><T106/><D106/><U103/><E122/><V21/><F117/><W65/><G37/><N who="2" m="14409" /><F95/><W44/><G132/><N who="2" m="50761" /><F57/><W110/><G110/><T27/><D43/><U115/><E115/><V97/><F97/><W25/><G44/><T120/><D112/><U108/><E108/><V49/><F21/><W83/><G65/><N who="0" m="25195" /><D71/><U126/><E126/><V38/><F20/><W63/><G63/><T45/><D45/><U28/><E121/><V107/><F107/><W18/><G105/><T128/><D128/><N who="2" m="49194" /><F38/><W82/><G82/><T61/><D61/><U86/><E67/><V91/><F91/><W1/><REACH who="3" step="1"/><G83/><REACH who="3" ten="449,19,139,383" step="2"/><T15/><D120/><U54/><E80/><V7/><F7/><W47/><G47/><T72/><D72/><U124/><E4/><V33/><F33/><AGARI ba="3,1" hai="0,1,2,8,12,18,25,31,33,76,79,94,96,100" machi="33" ten="40,3900,0" yaku="1,1,52,1,53,0" doraHai="99" doraHaiUra="85" who="3" fromWho="2" sc="449,0,19,0,139,-48,383,58" /><INIT seed="7,4,0,2,0,103" ten="449,19,91,441" oya="3" hai0="124,122,59,127,123,47,33,91,98,134,34,48,65" hai1="85,119,17,110,51,73,32,80,62,0,109,93,31" hai2="117,128,111,104,25,5,102,16,81,2,71,12,54" hai3="118,131,26,49,82,22,83,77,39,28,27,11,42"/><W89/><G39/><T79/><D79/><U96/><E119/><V58/><F111/><W76/><G118/><T35/><D134/><U7/><E73/><V9/><F117/><W13/><G131/><T86/><D98/><U100/><E0/><V6/><F71/><W61/><G61/><N who="0" m="38079" /><D48/><U38/><E38/><V68/><F68/><W133/><G133/><T67/><D67/><U40/><E7/><V105/><F102/><W115/><G115/><T44/><D44/><U107/><E32/><V57/><F128/><W74/><G89/><T78/><D78/><N who="3" m="30313" /><G74/><T19/><D19/><U132/><E132/><V37/><F57/><W15/><G27/><T92/><D47/><U56/><E31/><V63/><F81/><N who="3" m="30731" /><G11/><T55/><D55/><U108/><E17/><V106/><F37/><W41/><G49/><T53/><D53/><U120/><E120/><V24/><F6/><W60/><G60/><T90/><D90/><U113/><E113/><V114/><F114/><W66/><G66/><T69/><D69/><U112/><E112/><V121/><F121/><W29/><G29/><T3/><D3/><U129/><E129/><V20/><AGARI ba="4,0" hai="2,5,9,12,16,20,24,25,54,58,63,104,105,106" machi="20" ten="30,8000,1" yaku="0,1,52,3,54,1" doraHai="103" who="2" fromWho="2" sc="449,-24,19,-24,91,92,441,-44" owari="425,52.5,-5,-50.5,183,-21.7,397,19.7" /></mjloggm>