<mjloggm ver="2.3"><GO type="169" lobby="0"/><UN n0="%E3%83%94%E3%83%B3%E3%82%B5%E3%83%AD%E5%BA%97%E5%93%A1" n1="%4B%2E%47%2E%4C" n2="%48%65%69%68%65%69%30%35" n3="%7A%6F%6F%31%39%36%34" dan="17,17,16,17" rate="2250.79,2272.88,2049.63,2198.39" sx="M,M,M,M"/><TAIKYOKU oya="0"/><INIT seed="0,0,0,1,0,121" ten="250,250,250,250" oya="0" hai0="65,27,73,14,13,57,90,88,122,7,82,24,64" hai1="66,49,102,114,80,21,42,44,81,30,48,41,75" hai2="67,60,96,46,86,103,105,9,45,22,16,61,40" hai3="76,15,69,4,37,35,126,115,5,43,133,20,59"/><T12/><D122/><U31/><E114/><V109/><F61/><W19/><G69/><T70/><D70/><U130/><E130/><V47/><F9/><W113/><G76/><T129/><D129/><U26/><E102/><V108/><F40/><W87/><G35/><T112/><D112/><U83/><E66/><N who="0" m="25705" /><D73/><U10/><E75/><V79/><F79/><W84/><G37/><T85/><D7/><U71/><E71/><V124/><F124/><W117/><G43/><T32/><D32/><U95/><E95/><V50/><F86/><W23/><G117/><T116/><D116/><U89/><E10/><V123/><F50/><W93/><G126/><T17/><D57/><U72/><E72/><V94/><F105/><W34/><G34/><T1/><D1/><U8/><E8/><V58/><REACH who="2" step="1"/><F123/><REACH who="2" ten="250,250,240,250" step="2"/><W100/><G87/><N who="0" m="50295" /><D17/><U18/><REACH who="1" step="1"/><E89/><REACH who="1" ten="250,240,240,250" step="2"/><V98/><F98/><W6/><G115/><T62/><D62/><U51/><E51/><V38/><F38/><W120/><G113/><T111/><D90/><U104/><E104/><V74/><F74/><W125/><G125/><T25/><D85/><U3/><E3/><V127/><F127/><W56/><G84/><T68/><D68/><U36/><E36/><V131/><F131/><W54/><G120/><T2/><D2/><U107/><E107/><V106/><F106/><W55/><G100/><T128/><D128/><U53/><E53/><V11/><F11/><W39/><G39/><T28/><D28/><U33/><E33/><V99/><F99/><W118/><G118/><T29/><D29/><U135/><E135/><RYUUKYOKU ba="0,2" sc="250,10,240,10,240,10,250,-30" hai0="12,13,14,24,25,27,111" hai1="18,21,26,30,31,41,42,44,48,49,80,81,83" hai2="16,22,45,46,47,58,60,67,94,96,103,108,109" /><INIT seed="0,1,2,5,1,34" ten="260,250,250,220" oya="0" hai0="74,50,58,120,126,7,32,111,27,33,64,29,93" hai1="87,96,3,130,18,125,70,71,79,63,88,31,44" hai2="73,122,26,121,56,85,37,35,113,57,13,16,24" hai3="91,75,90,110,4,128,19,107,105,8,103,38,104"/><T49/><D120/><U53/><E125/><V89/><F73/><W98/><G38/><T65/><D74/><U76/><E130/><V46/><F113/><W67/><G67/><T119/><D119/><U123/><E123/><V72/><F72/><W106/><G19/><T30/><D126/><U86/><E3/><V134/><F134/><W129/><G75/><T131/><D131/><N who="3" m="50249" /><G110/><T135/><D135/><U62/><E31/><V77/><F77/><W133/><G133/><T40/><D111/><U95/><E70/><V100/><F100/><W59/><G59/><T80/><D80/><N who="1" m="47367" /><E71/><V97/><F97/><W1/><AGARI ba="1,2" hai="1,4,8,90,91,98,103,104,105,106,107" m="50249" machi="1" ten="40,2700,0" yaku="19,1,52,1" doraHai="34" who="3" fromWho="3" sc="260,-14,250,-8,250,-8,220,50" /><INIT seed="1,0,0,0,5,103" ten="246,242,242,270" oya="1" hai0="129,19,41,109,27,117,92,38,63,87,44,77,20" hai1="79,35,93,124,1,72,95,101,67,52,134,50,58" hai2="36,46,102,10,0,131,54,114,110,122,28,49,111" hai3="51,116,97,40,123,80,18,64,84,53,2,70,13"/><U9/><E35/><V69/><F122/><W100/><G2/><T135/><D117/><U104/><E124/><V94/><F69/><W48/><G116/><T8/><D109/><U17/><E134/><V98/><F114/><W16/><G123/><T96/><D129/><U15/><E1/><V133/><F133/><W130/><G130/><T29/><D135/><U90/><E67/><V7/><F28/><W23/><G70/><T30/><D63/><U106/><E101/><V120/><F120/><W83/><G64/><T6/><D87/><U55/><E93/><V62/><F131/><W108/><G108/><N who="2" m="41513" /><F62/><W82/><G40/><T5/><D77/><U66/><E66/><V107/><F36/><W22/><G84/><T33/><D33/><U25/><E25/><V68/><F68/><W75/><G53/><T76/><D76/><U47/><E79/><V32/><F32/><W118/><G75/><T121/><D121/><U125/><E125/><V71/><F71/><W86/><G86/><T65/><D65/><U85/><E72/><V128/><F128/><W132/><G118/><T12/><REACH who="0" step="1"/><D29/><REACH who="0" ten="236,242,242,270" step="2"/><U57/><E47/><V56/><F46/><W11/><G132/><T112/><D112/><U88/><E90/><AGARI ba="0,1" hai="5,6,8,12,19,20,27,30,38,41,44,90,92,96" machi="90" ten="30,3900,0" yaku="1,1,7,1,53,1" doraHai="103" doraHaiUra="24" who="0" fromWho="1" sc="236,49,242,-39,242,0,270,0" /><INIT seed="2,0,0,4,0,19" ten="285,203,242,270" oya="2" hai0="37,40,93,124,4,54,78,86,63,111,31,98,67" hai1="115,34,15,134,69,84,129,101,81,50,24,1,68" hai2="22,16,21,70,3,32,120,55,58,76,10,100,107" hai3="53,17,80,123,44,23,13,12,112,0,59,62,105"/><V42/><F120/><W2/><G123/><T38/><D111/><U43/><E115/><V95/><F70/><W110/><G105/><T125/><D54/><U30/><E1/><V39/><F32/><W7/><G110/><T45/><D4/><U20/><E129/><V99/><F76/><W36/><G112/><T102/><D38/><U52/><E43/><V18/><F3/><W74/><G7/><T47/><D47/><U127/><E101/><V14/><F107/><W103/><G103/><T8/><D8/><U72/><E72/><V65/><F65/><W133/><G133/><T41/><D41/><U71/><E134/><V56/><F10/><W132/><G132/><T64/><D31/><U26/><E15/><N who="2" m="9439" /><F39/><W83/><G13/><T29/><D29/><U119/><E119/><V60/><F42/><W48/><G36/><T33/><D33/><U91/><E127/><N who="0" m="48713" /><D63/><U73/><E73/><V114/><F114/><W9/><G74/><T131/><D131/><U92/><E81/><AGARI ba="0,0" hai="37,40,45,64,67,78,81,86,93,98,102" m="48713" machi="81" ten="30,1000,0" yaku="18,1" doraHai="19" who="0" fromWho="1" sc="285,10,203,-10,242,0,270,0" /><INIT seed="3,0,0,1,0,135" ten="295,193,242,270" oya="3" hai0="88,28,126,117,116,4,111,73,49,87,95,34,44" hai1="78,57,31,24,7,109,69,131,2,118,66,16,93" hai2="70,12,99,101,0,53,112,114,75,54,133,38,100" hai3="48,6,58,124,128,22,41,65,20,72,127,26,97"/><W85/><G72/><T130/><D73/><U40/><E69/><V11/><F38/><W59/><G128/><T123/><D123/><U91/><E131/><V113/><F75/><W84/><G6/><T102/><D130/><U120/><E120/><V1/><F70/><W63/><G97/><T8/><D111/><U55/><E78/><V83/><F133/><W25/><G41/><T30/><D102/><U62/><E109/><V60/><F83/><W68/><G68/><T46/><D46/><U129/><E129/><V82/><F82/><W9/><G9/><T89/><D89/><U107/><E107/><V27/><F27/><W121/><G121/><T14/><D126/><N who="3" m="48169" /><G48/><T29/><REACH who="0" step="1"/><D34/><REACH who="0" ten="285,193,242,270" step="2"/><U35/><E35/><V98/><F101/><W3/><G3/><T52/><AGARI ba="0,1" hai="4,8,14,28,29,30,44,49,52,87,88,95,116,117" machi="52" ten="30,8000,1" yaku="1,1,2,1,0,1,54,2,53,0" doraHai="135" doraHaiUra="119" who="0" fromWho="0" sc="285,90,193,-20,242,-20,270,-40" /><INIT seed="4,0,0,1,0,58" ten="375,173,222,230" oya="0" hai0="68,126,57,92,28,9,111,18,45,125,127,102,73" hai1="67,132,55,23,19,35,41,130,94,114,70,37,106" hai2="65,76,11,42,109,33,0,103,56,75,86,14,44" hai3="60,128,15,38,25,52,16,34,135,104,79,101,123"/><T32/><D68/><U83/><E35/><V110/><F33/><W12/><G38/><T50/><D73/><U46/><E106/><V13/><F103/><W49/><G104/><T54/><D111/><U4/><E130/><V27/><F27/><W134/><G101/><T81/><D81/><U51/><E4/><V21/><F0/><W115/><G128/><T129/><D129/><U88/><E83/><V77/><F75/><W2/><G2/><T62/><D28/><U90/><E132/><N who="3" m="50730" /><G115/><T74/><D74/><U80/><E114/><V59/><F109/><W7/><G123/><T100/><D32/><U131/><E131/><V3/><F3/><W108/><G79/><T30/><D30/><U124/><E124/><V117/><F117/><W91/><G108/><T66/><D92/><U84/><E67/><V107/><F107/><W36/><G36/><T122/><D122/><U64/><E64/><V121/><F65/><W120/><G91/><T78/><D78/><U95/><E90/><V29/><F77/><W87/><G87/><T1/><REACH who="0" step="1"/><D18/><REACH who="0" ten="365,173,222,230" step="2"/><U40/><E70/><V17/><F110/><W26/><G120/><T8/><D8/><U89/><E80/><N who="2" m="47367" /><F29/><W63/><G34/><T99/><D99/><N who="1" m="57799" /><E37/><V48/><F121/><W119/><G119/><T93/><D93/><U43/><E19/><AGARI ba="0,1" hai="11,13,14,17,19,21,42,44,48,56,59" m="47367" machi="19" ten="30,1000,0" yaku="8,1" doraHai="58" who="2" fromWho="1" sc="365,0,173,-10,222,20,230,0" /><INIT seed="5,0,0,5,1,48" ten="365,163,242,230" oya="1" hai0="19,59,89,31,67,46,8,29,88,53,16,133,3" hai1="37,132,119,42,122,35,79,134,73,98,126,135,33" hai2="60,93,75,103,49,124,32,6,99,10,90,41,131" hai3="26,22,34,80,0,58,92,62,23,9,5,105,95"/><U28/><E119/><V56/><F32/><N who="1" m="12361" /><E122/><V51/><F75/><W84/><G105/><T112/><D112/><U87/><E28/><N who="0" m="10825" /><D3/><U85/><E126/><V120/><F120/><W57/><G34/><T14/><D133/><N who="1" m="34051" /><U115/><DORA hai="55" /><E115/><V50/><F124/><W30/><G23/><T113/><D113/><U114/><E114/><V2/><F131/><W68/><G68/><T82/><D82/><N who="1" m="45423" /><E98/><V45/><REACH who="2" step="1"/><F103/><REACH who="2" ten="365,163,232,230" step="2"/><W64/><REACH who="3" step="1"/><G58/><REACH who="3" ten="365,163,232,220" step="2"/><T52/><D59/><U86/><E37/><V106/><F106/><W77/><AGARI ba="0,2" hai="0,5,9,22,26,30,57,62,64,77,80,84,92,95" machi="77" ten="20,8000,1" yaku="1,1,2,1,0,1,7,1,52,1,53,0" doraHai="48,55" doraHaiUra="11,100" who="3" fromWho="3" sc="365,-20,163,-40,232,-20,220,100" /><INIT seed="6,0,0,2,0,12" ten="345,123,212,320" oya="2" hai0="130,97,65,106,111,7,93,86,132,127,62,71,112" hai1="76,126,8,123,61,39,129,113,60,6,2,40,25" hai2="67,120,96,5,128,74,100,115,77,18,55,119,103" hai3="64,124,73,56,49,57,75,31,47,79,99,95,44"/><V88/><F120/><W125/><G31/><T38/><D111/><U70/><E123/><V133/><F119/><W122/><G122/><T91/><D38/><U82/><E113/><V121/><F121/><W72/><G79/><T29/><D112/><U14/><E126/><N who="3" m="48746" /><G64/><T9/><D127/><U78/><E78/><V134/><F115/><W32/><G32/><T45/><D130/><U11/><E129/><V48/><F5/><W80/><G80/><T53/><D132/><N who="2" m="50794" /><F67/><W26/><G26/><T59/><D29/><U90/><E70/><V85/><F128/><W51/><G51/><T58/><D45/><N who="3" m="17481" /><G49/><T110/><D110/><U22/><E39/><V131/><F131/><W24/><G24/><T23/><D53/><U69/><E40/><V102/><F74/><W36/><G36/><T28/><D28/><U19/><E69/><V16/><F77/><W15/><G15/><T87/><D71/><U66/><E66/><V52/><F96/><W135/><G135/><T83/><D65/><U10/><E90/><AGARI ba="0,0" hai="56,57,72,73,75,90,95,99" m="17481,48746" machi="90" ten="40,1300,0" yaku="18,1" doraHai="12" who="3" fromWho="1" sc="345,0,123,-13,212,0,320,13" /><INIT seed="7,0,0,5,4,7" ten="345,110,212,333" oya="3" hai0="95,118,104,47,85,13,23,78,46,14,19,92,36" hai1="39,57,65,100,0,52,108,5,121,102,70,71,112" hai2="131,38,45,43,21,77,114,83,66,130,24,67,62" hai3="128,12,68,126,87,79,44,1,6,37,120,132,88"/><W30/><G120/><T127/><D118/><U42/><E121/><V34/><F34/><W111/><G68/><T107/><D127/><U135/><E108/><V134/><F114/><W93/><G126/><T74/><D74/><U101/><E112/><V125/><F125/><W35/><G111/><T94/><D107/><U33/><E33/><V103/><F103/><W58/><G128/><N who="2" m="49193" /><F62/><W123/><G123/><T55/><D104/><U32/><E32/><V61/><F61/><W76/><G1/><T26/><D36/><U89/><E135/><V27/><F27/><W9/><G132/><T106/><D106/><U25/><E25/><V29/><F134/><W80/><G35/><T2/><D2/><U22/><E22/><V11/><F11/><W72/><G30/><T75/><D75/><AGARI ba="0,0" hai="21,24,29,38,43,45,66,67,75,77,83" m="49193" machi="75" ten="30,1000,0" yaku="19,1" doraHai="7" who="2" fromWho="0" sc="345,-10,110,0,212,10,333,0" owari="335,43.5,110,-39.0,222,-17.8,333,13.3" /></mjloggm>