<mjloggm ver="2.3"><GO type="169" lobby="0"/><UN n0="%73%6F%63%63%68%79" n1="%E7%8F%BE%E5%A0%B4%E3%81%AD%E3%81%93" n2="%E3%83%97%E3%83%AC%E3%82%B9%E3%83%97" n3="%E3%82%AB%E3%83%AB%E3%83%94%E3%82%B9%E3%82%B5%E3%83%AF%E3%83%BC" dan="16,16,16,17" rate="2089.29,2081.18,2180.92,2202.81" sx="M,M,M,M"/><TAIKYOKU oya="0"/><INIT seed="0,0,0,3,2,70" ten="250,250,250,250" oya="0" hai0="132,121,78,5,49,21,85,125,92,15,89,41,73" hai1="45,123,124,37,129,31,118,53,61,24,14,20,108" hai2="52,94,33,4,9,35,66,80,93,56,50,17,22" hai3="95,71,74,55,27,47,77,103,104,119,86,90,88"/><T115/><D115/><U96/><E118/><V12/><F66/><W23/><G119/><T7/><D121/><U122/><E61/><V67/><F67/><W76/><G71/><T133/><D125/><U2/><E2/><V83/><F33/><W98/><G90/><T75/><D21/><U19/><E53/><V84/><F35/><W58/><G47/><N who="0" m="25839" /><D78/><U16/><E19/><V69/><F69/><W44/><G44/><T26/><D26/><U25/><E25/><V51/><F51/><W34/><G74/><N who="0" m="28171" /><D15/><U65/><E124/><V68/><F68/><W0/><G0/><T59/><D59/><U99/><E122/><V39/><F39/><W81/><G104/><T62/><D62/><U38/><E123/><V32/><F32/><W91/><G76/><T127/><D127/><U54/><E65/><V63/><F63/><N who="3" m="36319" /><G34/><T40/><D40/><U120/><E120/><V134/><F134/><AGARI ba="0,0" hai="5,7,85,89,92,132,133,134" m="28171,25839" machi="134" ten="30,1500,0" yaku="20,1" doraHai="70" who="0" fromWho="2" sc="250,15,250,0,250,-15,250,0" /><INIT seed="0,1,0,1,4,116" ten="265,250,235,250" oya="0" hai0="31,109,38,36,6,89,66,19,8,67,25,30,111" hai1="5,90,26,18,10,34,24,45,97,74,64,20,69" hai2="70,107,84,48,119,100,0,61,44,88,39,57,1" hai3="43,14,17,115,101,122,55,46,87,33,125,130,35"/><T110/><D19/><U133/><E74/><V22/><F119/><W91/><G115/><T112/><D112/><U114/><E114/><V42/><F107/><W63/><G130/><T9/><D89/><U50/><E133/><V102/><F70/><W79/><G79/><T96/><D96/><U106/><E69/><V131/><F131/><W40/><G125/><T105/><D105/><U29/><E64/><N who="0" m="24617" /><D25/><U11/><E5/><V4/><F39/><N who="0" m="14890" /><D6/><U65/><E65/><V103/><F22/><W3/><G3/><T113/><D113/><U121/><E121/><V120/><F120/><W21/><G101/><T60/><D60/><U23/><E34/><V135/><F135/><W73/><G122/><T108/><D108/><U75/><E75/><V53/><REACH who="2" step="1"/><F4/><REACH who="2" ten="265,250,225,250" step="2"/><W41/><G33/><T95/><D95/><AGARI ba="1,1" hai="0,1,42,44,48,53,57,61,84,88,95,100,102,103" machi="95" ten="40,5200,0" yaku="1,1,2,1,54,1,53,0" doraHai="116" doraHaiUra="72" who="2" fromWho="0" sc="265,-55,250,0,225,65,250,0" /><INIT seed="1,0,0,1,1,127" ten="210,250,290,250" oya="1" hai0="58,99,32,113,126,105,118,59,90,53,86,39,134" hai1="47,131,130,66,76,104,106,62,51,107,42,12,24" hai2="34,128,10,121,108,102,64,54,48,94,15,78,89" hai3="28,72,70,75,85,6,0,37,23,36,88,119,18"/><U124/><E124/><V31/><F121/><W95/><G70/><T82/><D113/><U8/><E76/><V13/><F108/><W111/><G111/><T17/><D39/><U56/><REACH who="1" step="1"/><E24/><REACH who="1" ten="210,240,290,250" step="2"/><V20/><F78/><W129/><G119/><T120/><D126/><U115/><E115/><V135/><F135/><W96/><G72/><T98/><D134/><U25/><E25/><V26/><F26/><W38/><G75/><T61/><D118/><U29/><E29/><V4/><F31/><W117/><G28/><T91/><D120/><U116/><E116/><V83/><F34/><W33/><G33/><T79/><D32/><U97/><E97/><V57/><F15/><W101/><G117/><T125/><D125/><U74/><E74/><V14/><F14/><W112/><G112/><T77/><D77/><U1/><E1/><V65/><F13/><W19/><G0/><T84/><D79/><U7/><AGARI ba="0,1" hai="7,8,12,42,47,51,56,62,66,104,106,107,130,131" machi="7" ten="40,12000,1" yaku="1,1,0,1,52,2,53,0" doraHai="127" doraHaiUra="109" who="1" fromWho="1" sc="210,-40,240,130,290,-40,250,-40" /><INIT seed="1,1,0,1,2,56" ten="170,370,250,210" oya="1" hai0="79,55,19,18,0,122,60,31,131,85,80,63,104" hai1="23,81,69,64,95,118,90,129,113,133,50,49,25" hai2="6,68,53,115,88,106,107,124,91,109,119,43,67" hai3="132,11,14,108,120,99,70,66,42,59,34,12,45"/><U26/><E113/><V30/><F119/><W44/><G120/><T2/><D104/><U77/><E118/><V84/><F109/><W100/><G34/><T110/><D110/><U72/><E129/><V38/><F124/><W98/><G108/><T15/><D131/><U35/><E35/><V21/><F6/><W57/><G132/><T13/><D31/><U37/><E37/><V105/><F115/><W76/><G76/><T46/><D0/><U71/><E26/><V74/><F74/><W82/><G82/><T61/><D2/><U126/><E126/><V39/><F43/><W33/><G33/><T96/><D96/><U123/><E123/><V7/><F7/><W65/><G70/><T94/><D94/><U41/><E71/><V54/><F67/><W52/><G42/><T135/><D135/><U130/><E41/><V29/><F21/><W24/><G24/><T102/><D102/><U127/><E127/><V32/><F32/><W5/><G5/><T117/><D117/><U134/><E130/><V112/><F112/><W51/><G51/><N who="0" m="29175" /><D122/><U16/><E133/><V75/><F68/><W83/><G83/><T116/><D116/><U97/><REACH who="1" step="1"/><E134/><REACH who="1" ten="170,360,250,210" step="2"/><V111/><F111/><W62/><G100/><T103/><D103/><U73/><E73/><V17/><F39/><W36/><G36/><T86/><D86/><U3/><E3/><V8/><F38/><W22/><G99/><T1/><D1/><U78/><E78/><V10/><F75/><W89/><G98/><T20/><D13/><U58/><E58/><V114/><F84/><W48/><G14/><RYUUKYOKU ba="1,1" sc="170,15,360,15,250,-15,210,-15" hai0="15,18,19,20,60,61,63,79,80,85" hai1="16,23,25,49,50,64,69,72,77,81,90,95,97" /><INIT seed="1,2,1,1,1,39" ten="185,375,235,195" oya="1" hai0="2,84,16,123,31,76,112,6,15,89,74,130,131" hai1="75,85,44,98,38,126,45,94,97,34,50,25,58" hai2="120,127,107,128,135,59,32,37,91,113,86,8,63" hai3="62,42,9,27,119,60,117,36,122,100,132,129,5"/><U22/><E126/><V13/><F120/><W77/><G122/><T95/><D123/><U103/><E75/><V40/><F127/><W124/><G124/><T48/><D112/><U125/><E125/><V3/><F3/><W101/><G27/><T114/><D114/><U64/><E34/><V18/><F128/><N who="0" m="49194" /><D31/><U23/><E38/><V102/><F135/><W11/><G129/><T53/><D6/><U105/><E44/><V28/><F102/><W70/><G77/><T115/><D2/><U1/><E1/><V109/><F107/><W67/><G132/><T104/><D104/><U61/><E85/><V116/><F109/><W121/><G121/><T92/><D76/><U71/><E71/><V110/><F110/><W68/><G36/><T24/><D24/><U88/><REACH who="1" step="1"/><E25/><REACH who="1" ten="185,365,235,195" step="2"/><V57/><F113/><W80/><G70/><T10/><D74/><U51/><E51/><V0/><F0/><W35/><G35/><T111/><D115/><U78/><E78/><V41/><F37/><W29/><G68/><T66/><D111/><U20/><E20/><V87/><F87/><W46/><G46/><N who="0" m="27799" /><D66/><U4/><E4/><V96/><F32/><W134/><G5/><T55/><D55/><AGARI ba="2,2" hai="22,23,45,50,55,58,61,64,88,94,97,98,103,105" machi="55" ten="30,5800,0" yaku="1,1,7,1,54,1,53,0" doraHai="39" doraHaiUra="65" who="1" fromWho="0" sc="185,-64,365,84,235,0,195,0" /><INIT seed="1,3,0,0,3,31" ten="121,449,235,195" oya="1" hai0="72,44,123,110,100,104,73,8,36,103,57,28,79" hai1="25,92,27,67,38,18,112,111,12,64,98,106,58" hai2="77,118,124,91,105,75,5,108,45,97,66,69,125" hai3="26,133,15,71,114,47,115,33,96,113,13,16,134"/><U52/><E38/><V54/><F118/><W50/><G71/><T17/><D28/><U21/><E106/><V116/><F116/><W55/><G96/><T68/><D68/><U56/><E112/><V49/><F108/><W43/><G43/><T62/><D110/><U109/><E109/><V61/><F5/><W76/><G76/><T86/><D86/><U51/><E111/><V22/><F22/><N who="3" m="13639" /><G33/><T117/><D123/><U99/><E99/><V53/><F53/><W90/><G90/><T78/><D17/><U102/><E58/><V84/><F77/><W11/><G11/><T74/><D8/><U40/><E40/><V70/><F75/><W60/><G60/><T30/><D30/><U10/><REACH who="1" step="1"/><E27/><REACH who="1" ten="121,439,235,195" step="2"/><V4/><F97/><W80/><G114/><T41/><D117/><U93/><E93/><V122/><F105/><W131/><G113/><T0/><D104/><U83/><E83/><V37/><F37/><W87/><G115/><T59/><D59/><U127/><E127/><V48/><F70/><W14/><G80/><T42/><D42/><U81/><E81/><V132/><F124/><W101/><G134/><T129/><D36/><U89/><E89/><V128/><F132/><W20/><G133/><T88/><D88/><U9/><E9/><V130/><F125/><W121/><G101/><N who="0" m="38987" /><D41/><U135/><E135/><V19/><F69/><W7/><G121/><T6/><D44/><U3/><E3/><V46/><F46/><W29/><G47/><T23/><D57/><U126/><E126/><V120/><F122/><W34/><G14/><T85/><D0/><RYUUKYOKU ba="3,1" sc="121,-10,439,30,235,-10,195,-10" hai1="10,12,18,21,25,51,52,56,64,67,92,98,102" /><INIT seed="1,4,1,3,4,34" ten="111,469,225,185" oya="1" hai0="50,42,28,45,68,126,92,24,58,95,30,75,57" hai1="22,120,103,46,93,15,63,118,27,107,32,78,51" hai2="131,16,98,12,5,0,113,89,105,86,73,76,43" hai3="70,49,133,52,20,82,39,111,36,122,59,72,54"/><U53/><E118/><V101/><F131/><W29/><G122/><T116/><D68/><U25/><E120/><V115/><F43/><W13/><G70/><T56/><D75/><U100/><E107/><V110/><F110/><W62/><G111/><T121/><D116/><U38/><E38/><V61/><F61/><W9/><G133/><T114/><D114/><U80/><E63/><V37/><F37/><W87/><G72/><T21/><D121/><U99/><E103/><V79/><F5/><W83/><G83/><T66/><D126/><U128/><E32/><V4/><F4/><W18/><G29/><T31/><REACH who="0" step="1"/><D66/><REACH who="0" ten="101,469,225,185" step="2"/><U23/><E128/><V8/><F113/><W106/><G106/><T90/><D90/><U17/><E23/><V112/><F112/><W40/><G20/><T67/><D67/><U129/><E129/><V35/><F73/><AGARI ba="4,2" hai="15,17,22,25,27,46,51,53,73,78,80,93,99,100" machi="73" ten="30,1500,0" yaku="7,1" doraHai="34" who="1" fromWho="2" sc="101,0,469,47,225,-27,185,0" /><INIT seed="1,5,0,3,1,23" ten="101,516,198,185" oya="1" hai0="64,89,0,119,5,95,18,30,78,33,76,93,62" hai1="86,12,53,69,36,32,98,35,8,116,67,129,58" hai2="134,118,19,57,131,45,31,114,97,121,63,74,94" hai3="3,20,133,7,11,16,61,54,56,126,4,10,29"/><U27/><E116/><V112/><F118/><W38/><G126/><T83/><D119/><U71/><E36/><V22/><F121/><W130/><G130/><T44/><D0/><U25/><E129/><V13/><F131/><W82/><G133/><T65/><D5/><U60/><E35/><V34/><F134/><W59/><G38/><T104/><D104/><U66/><E32/><V50/><F74/><W107/><G107/><T37/><D65/><N who="1" m="24587" /><E71/><V26/><F57/><W1/><G59/><T73/><D78/><U43/><E69/><V55/><REACH who="2" step="1"/><F63/><REACH who="2" ten="101,516,188,185" step="2"/><W49/><G82/><T48/><D62/><U115/><E115/><V28/><F28/><W70/><G70/><T111/><D30/><U77/><E43/><V41/><F41/><W109/><G29/><T79/><D83/><N who="1" m="47471" /><E98/><V128/><F128/><W14/><REACH who="3" step="1"/><G109/><REACH who="3" ten="101,516,188,175" step="2"/><T75/><D111/><U132/><E132/><V135/><F135/><W105/><G105/><T51/><D44/><U6/><AGARI ba="5,2" hai="6,8,12,25,27,53,58,60" m="47471,24587" machi="6" ten="30,6000,0" yaku="8,1,52,2" doraHai="23" who="1" fromWho="1" sc="101,-25,516,95,188,-25,175,-25" /><INIT seed="1,6,0,1,3,32" ten="76,611,163,150" oya="1" hai0="40,60,18,86,30,49,73,130,3,120,65,41,118" hai1="80,129,66,88,132,4,48,5,55,21,38,47,24" hai2="14,27,0,43,50,15,35,6,104,113,98,72,131" hai3="36,94,100,95,134,68,117,85,108,127,39,82,87"/><U97/><E129/><V125/><F72/><W79/><G68/><T126/><D73/><U37/><E132/><V119/><F119/><W93/><G134/><T25/><D118/><U45/><E66/><V67/><F125/><W10/><G117/><T84/><D126/><U103/><E37/><V17/><F131/><W13/><G127/><T116/><D116/><U26/><E26/><V62/><F50/><W111/><G100/><T33/><D120/><U63/><E63/><V109/><F43/><W64/><G64/><T90/><D3/><U121/><E121/><V78/><F78/><W91/><G39/><T128/><D86/><U58/><E38/><V53/><F53/><W71/><G71/><T34/><D34/><U8/><E4/><V1/><F109/><N who="3" m="42059" /><G36/><T20/><D49/><U75/><E75/><V54/><F54/><W22/><G22/><T122/><D122/><U114/><E103/><N who="2" m="62583" /><F6/><AGARI ba="6,0" hai="6,10,13,79,82,85,87,91,93,94,95" m="42059" machi="6" ten="30,1000,0" yaku="14,1" doraHai="32" who="3" fromWho="2" sc="76,0,611,0,163,-28,150,28" /><INIT seed="2,0,0,2,3,17" ten="76,611,135,178" oya="2" hai0="39,42,29,101,107,90,57,23,78,135,123,44,11" hai1="95,0,121,31,106,47,113,110,13,89,64,69,84" hai2="82,66,61,85,118,20,96,124,128,120,127,15,125" hai3="25,52,36,108,116,5,58,41,102,70,74,56,50"/><V32/><F32/><W8/><G116/><T10/><D123/><U93/><E106/><V40/><F118/><W77/><G108/><T43/><D135/><U48/><E0/><V94/><F120/><W46/><G102/><T35/><D35/><U79/><E121/><V130/><F40/><W68/><G58/><T105/><D78/><U53/><E113/><V62/><F15/><W18/><G18/><T80/><D43/><U129/><E79/><V33/><F33/><W72/><G25/><T111/><D111/><U3/><E3/><V21/><F62/><W59/><G59/><T91/><D57/><U133/><E133/><V19/><F19/><W27/><G27/><N who="0" m="16639" /><D91/><U73/><E73/><V9/><F9/><W115/><G115/><T87/><D101/><U26/><E129/><N who="2" m="49771" /><F94/><W109/><G109/><T12/><D10/><U28/><E110/><V132/><F96/><W114/><G114/><T6/><D107/><U81/><E13/><V117/><F117/><W98/><G98/><T97/><D97/><U76/><E95/><V30/><F30/><W100/><G8/><T122/><D105/><U51/><E26/><V83/><F132/><W24/><G24/><T34/><D34/><U60/><E48/><V131/><N who="2" m="49779" /><V37/><DORA hai="45" /><F37/><W1/><G36/><T38/><D122/><U119/><E119/><V75/><F75/><W16/><G72/><T67/><D38/><U88/><E31/><V65/><F65/><W4/><G74/><T49/><D39/><U54/><E64/><AGARI ba="0,0" hai="6,11,12,42,44,49,64,67,80,87,90" m="16639" machi="64" ten="30,3900,0" yaku="8,1,52,2" doraHai="17,45" who="0" fromWho="1" sc="76,39,611,-39,135,0,178,0" /><INIT seed="3,0,0,1,5,67" ten="115,572,135,178" oya="3" hai0="87,57,69,36,112,3,120,32,41,103,84,133,39" hai1="127,77,124,100,132,52,122,64,43,95,106,121,79" hai2="123,60,118,59,71,109,6,44,48,75,61,70,113" hai3="49,78,65,111,11,54,46,63,135,66,82,114,72"/><W20/><G114/><T27/><D3/><U85/><E43/><N who="2" m="24607" /><F75/><W116/><G116/><T92/><D120/><U23/><E64/><N who="2" m="38943" /><F6/><W68/><G135/><T22/><D133/><U14/><E52/><V101/><F101/><W131/><G131/><T129/><D129/><U105/><E14/><V9/><F9/><W110/><G65/><T58/><D69/><N who="2" m="26122" /><F113/><W38/><G11/><T99/><D32/><U50/><E23/><V13/><F13/><W31/><REACH who="3" step="1"/><G38/><REACH who="3" ten="115,572,135,168" step="2"/><T1/><D39/><U94/><E132/><V30/><F118/><W91/><G91/><T37/><D37/><U40/><E122/><V18/><F123/><W26/><AGARI ba="0,1" hai="20,26,31,46,49,54,63,66,68,72,78,82,110,111" machi="26" ten="30,11700,0" yaku="1,1,0,1,52,1,53,1" doraHai="67" doraHaiUra="107" who="3" fromWho="3" sc="115,-39,572,-39,135,-39,168,127" /><INIT seed="3,1,0,5,5,32" ten="76,533,96,295" oya="3" hai0="7,135,107,94,106,84,123,121,117,88,131,2,59" hai1="20,50,126,1,64,40,28,10,93,102,54,127,42" hai2="110,38,30,18,16,116,108,43,48,113,31,74,75" hai3="65,69,77,4,129,52,29,46,125,78,51,11,124"/><W66/><G29/><N who="2" m="10761" /><F116/><W98/><G129/><T68/><D68/><U6/><E64/><N who="3" m="24682" /><G69/><T22/><D117/><U120/><E120/><V45/><F113/><W19/><G19/><N who="2" m="7209" /><F38/><W47/><G98/><T91/><D22/><U104/><E104/><V0/><F0/><N who="3" m="391" /><G46/><T63/><D131/><U55/><E55/><V132/><F132/><W80/><G80/><T41/><D41/><U112/><E112/><V101/><F101/><W105/><G105/><T25/><D25/><U89/><E102/><V35/><F35/><W130/><G130/><T60/><D135/><U44/><E40/><V134/><F134/><W76/><G78/><T114/><D114/><U9/><E9/><V33/><F33/><W100/><G100/><T81/><D107/><U79/><E79/><V34/><F34/><W119/><G119/><T24/><D24/><U95/><E42/><V3/><F3/><W103/><G103/><T8/><D106/><U12/><E95/><V92/><F92/><W57/><G47/><T62/><REACH who="0" step="1"/><D59/><REACH who="0" ten="66,533,96,295" step="2"/><U87/><REACH who="1" step="1"/><E12/><REACH who="1" ten="66,523,96,295" step="2"/><V26/><F26/><AGARI ba="1,2" hai="1,6,10,20,26,28,44,50,54,87,89,93,126,127" machi="26" ten="40,5200,0" yaku="1,1,2,1,52,1,53,0" doraHai="32" doraHaiUra="128" who="1" fromWho="2" sc="66,0,523,75,96,-55,295,0" /><INIT seed="4,0,0,4,2,73" ten="66,598,41,295" oya="0" hai0="98,116,17,39,0,134,53,59,33,86,68,12,122" hai1="95,66,11,130,85,81,20,76,102,31,131,10,113" hai2="3,36,9,55,121,99,110,25,80,58,8,119,105" hai3="32,56,106,112,78,69,93,7,57,128,49,84,48"/><T79/><D116/><U107/><E113/><V72/><F121/><W90/><G69/><T13/><D0/><U96/><E66/><V71/><F71/><W1/><G32/><T14/><D39/><U60/><E60/><V70/><F70/><W19/><G106/><T87/><D33/><U104/><E20/><V103/><F110/><W101/><G101/><T54/><D68/><U97/><E31/><V88/><F36/><W83/><G112/><T24/><D134/><U44/><E44/><V74/><F119/><W77/><G128/><N who="1" m="49194" /><E107/><V109/><F109/><W27/><G7/><T63/><D122/><U42/><E42/><V115/><F115/><W46/><G1/><T129/><D129/><U111/><E111/><V50/><F25/><W51/><G46/><T16/><D98/><U82/><E82/><V41/><F41/><W62/><G83/><N who="0" m="47487" /><D24/><U43/><E43/><V47/><F47/><W45/><G45/><T38/><D38/><U6/><E6/><V23/><F3/><W120/><G120/><T35/><D35/><U28/><E28/><V92/><F23/><N who="3" m="13823" /><G56/><N who="0" m="35215" /><D87/><U26/><E26/><V30/><F30/><W133/><G133/><T34/><D34/><U100/><AGARI ba="0,0" hai="10,11,76,81,85,95,96,97,100,102,104" m="49194" machi="100" ten="30,2000,0" yaku="19,1,52,1" doraHai="73" who="1" fromWho="1" sc="66,-10,598,20,41,-5,295,-5" /><INIT seed="5,0,0,4,4,21" ten="56,618,36,290" oya="1" hai0="88,7,47,77,17,123,120,89,18,19,119,84,5" hai1="112,69,74,96,75,81,62,71,107,3,110,97,12" hai2="28,104,24,61,40,32,70,98,90,80,20,72,13" hai3="91,73,65,38,131,79,129,102,29,37,15,127,132"/><U78/><E112/><V14/><F40/><W6/><G102/><T39/><D119/><U126/><E126/><V105/><F72/><W41/><G65/><T99/><D39/><U111/><E12/><V51/><F51/><W42/><G91/><N who="0" m="34891" /><D47/><U100/><E97/><V45/><F45/><W121/><G121/><N who="0" m="46667" /><D99/><U86/><E3/><V33/><F33/><W0/><G0/><T30/><D30/><U59/><E75/><V128/><F128/><W117/><G73/><T85/><D77/><U118/><E118/><V122/><F122/><W106/><G79/><T113/><D113/><U35/><E35/><V93/><F80/><W55/><G29/><T4/><AGARI ba="0,0" hai="4,5,7,17,18,19,84,85" m="46667,34891" machi="4" ten="40,8000,1" yaku="28,2,13,1,54,1" doraHai="21" who="0" fromWho="0" sc="56,80,618,-40,36,-20,290,-20" /><INIT seed="6,0,0,1,5,26" ten="136,578,16,270" oya="2" hai0="42,11,127,50,29,65,107,118,3,45,14,83,48" hai1="119,76,7,133,81,120,105,111,25,98,61,115,63" hai2="17,54,82,94,135,85,73,49,5,10,124,132,24" hai3="122,74,97,27,57,36,8,86,108,34,96,129,125"/><V71/><F71/><W112/><G108/><T68/><D107/><U64/><E119/><V13/><F124/><W110/><G110/><T9/><D127/><U30/><E111/><V104/><F104/><W39/><G74/><T72/><D118/><U19/><E7/><V1/><F73/><W23/><G34/><T44/><D29/><U75/><E19/><V93/><F24/><W69/><G69/><T128/><D128/><U90/><E120/><V117/><F117/><W0/><G122/><T12/><D65/><U18/><E18/><V66/><F66/><W35/><G35/><T62/><D62/><U99/><E63/><V84/><F84/><W102/><G112/><T130/><D68/><U16/><E16/><V95/><F1/><W59/><G129/><T37/><D130/><U106/><E133/><V58/><REACH who="2" step="1"/><F5/><REACH who="2" ten="136,578,6,270" step="2"/><W88/><G86/><T80/><D72/><U101/><E106/><V20/><F20/><W103/><G23/><T100/><D3/><U89/><E99/><V79/><AGARI ba="0,1" hai="10,13,17,49,54,58,79,82,85,93,94,95,132,135" machi="79" ten="30,3000,0" yaku="1,1,0,1,53,0" doraHai="26" doraHaiUra="116" who="2" fromWho="2" sc="136,-10,578,-10,6,40,270,-10" /><INIT seed="6,1,0,2,0,65" ten="126,568,46,260" oya="2" hai0="93,122,63,133,70,57,120,132,134,98,48,44,36" hai1="115,52,61,12,81,47,11,30,110,102,123,28,35" hai2="113,2,87,56,8,86,75,126,59,7,71,33,32" hai3="95,117,31,23,15,109,90,64,129,101,22,69,60"/><V40/><F75/><W111/><G117/><T106/><D106/><U96/><E110/><V85/><F113/><W4/><G101/><N who="0" m="60623" /><D36/><U82/><E115/><V43/><F126/><W107/><G107/><T84/><D84/><U26/><E28/><V80/><F80/><W20/><G129/><T27/><D27/><U53/><E53/><V42/><REACH who="2" step="1"/><F71/><REACH who="2" ten="126,568,36,260" step="2"/><W73/><G73/><T125/><D125/><U24/><E82/><V114/><F114/><W112/><G112/><T91/><D70/><U99/><E81/><V100/><F100/><W45/><G109/><T10/><D91/><U0/><E102/><V25/><F25/><W50/><G111/><T68/><D68/><U19/><E26/><V37/><F37/><W41/><G90/><T76/><D76/><U9/><E24/><V39/><F39/><W1/><G31/><T51/><D122/><U3/><E30/><V108/><F108/><W6/><G69/><T124/><D120/><U38/><E123/><V119/><F119/><W77/><G77/><T105/><D124/><U127/><E38/><V74/><F74/><W21/><G95/><T104/><D104/><U18/><E127/><V67/><F67/><W13/><G64/><N who="0" m="39023" /><D105/><U14/><E35/><AGARI ba="1,1" hai="2,7,8,32,33,35,40,42,43,56,59,85,86,87" machi="35" ten="50,4800,0" yaku="1,1,53,1" doraHai="65" doraHaiUra="5" who="2" fromWho="1" sc="126,0,568,-51,36,61,260,0" /><INIT seed="6,2,0,1,2,109" ten="126,517,97,260" oya="2" hai0="97,86,32,29,117,84,73,12,13,56,75,51,82" hai1="11,116,24,31,27,48,52,23,90,7,60,89,107" hai2="104,125,16,6,99,59,25,95,94,74,103,28,77" hai3="9,21,61,45,78,130,68,70,127,46,19,40,71"/><V41/><F125/><W69/><G127/><T88/><D117/><U110/><E116/><V50/><F6/><W80/><G130/><T118/><D118/><U58/><E107/><V3/><F3/><W54/><G9/><T98/><D32/><U55/><E27/><V18/><F74/><W128/><G128/><T113/><D29/><U91/><E110/><V10/><F77/><W135/><G135/><T22/><D113/><U66/><REACH who="1" step="1"/><E48/><REACH who="1" ten="126,507,97,260" step="2"/><V62/><F50/><W83/><G71/><T133/><D51/><U37/><E37/><V105/><F105/><W132/><G69/><T101/><D133/><U42/><E42/><V119/><F41/><W122/><G68/><T43/><D43/><U33/><E33/><V100/><F119/><W72/><G70/><T131/><D131/><U106/><E106/><V0/><F0/><AGARI ba="2,1" hai="0,7,11,23,24,31,52,55,58,60,66,89,90,91" machi="0" ten="40,2600,0" yaku="1,1,54,1,53,0" doraHai="109" doraHaiUra="120" who="1" fromWho="2" sc="126,0,507,42,97,-32,260,0" /><INIT seed="7,0,0,1,5,93" ten="126,549,65,260" oya="3" hai0="111,45,26,8,46,30,100,9,48,101,110,65,135" hai1="115,105,4,5,83,94,35,118,34,131,63,96,82" hai2="54,69,87,27,21,37,64,29,71,12,77,108,24" hai3="67,134,68,42,25,98,51,20,7,0,70,91,14"/><W56/><G0/><T126/><D65/><U114/><E105/><V107/><F108/><W81/><G134/><T113/><D135/><U62/><E94/><V109/><F109/><W41/><G68/><T120/><D120/><U55/><E55/><V10/><F37/><W86/><G70/><T116/><D26/><U95/><E95/><V132/><F132/><W31/><G98/><T60/><D30/><U6/><E96/><V52/><F107/><W104/><G104/><T123/><D123/><U15/><E15/><V22/><F69/><W58/><G67/><T79/><D79/><U103/><E103/><V19/><F64/><W40/><REACH who="3" step="1"/><G51/><REACH who="3" ten="126,549,65,250" step="2"/><T127/><D48/><U47/><E115/><V61/><F71/><W44/><G44/><T75/><D113/><U73/><E114/><V53/><F61/><W36/><G36/><T78/><D60/><U32/><E47/><V122/><F122/><W66/><G66/><T99/><D99/><U129/><E62/><V121/><F121/><W11/><AGARI ba="0,1" hai="7,11,14,20,25,31,40,41,42,56,58,81,86,91" machi="11" ten="30,6000,0" yaku="1,1,0,1,8,1,53,0" doraHai="93" doraHaiUra="97" who="3" fromWho="3" sc="126,-20,549,-20,65,-20,250,70" /><INIT seed="7,1,0,4,1,63" ten="106,529,45,320" oya="3" hai0="59,1,60,121,26,50,47,0,131,53,123,67,70" hai1="101,134,99,76,114,75,107,118,15,115,27,117,69" hai2="78,66,72,52,14,130,11,132,41,104,4,20,97" hai3="68,88,48,25,49,95,21,122,128,135,112,46,109"/><W87/><G122/><T39/><D131/><U13/><E134/><V74/><F132/><W54/><G135/><T31/><D123/><U77/><E69/><V62/><F130/><W43/><G128/><T28/><D121/><U106/><E27/><V86/><F41/><W126/><G112/><T2/><D26/><U105/><E15/><V125/><F125/><W10/><G126/><T92/><D92/><N who="1" m="58599" /><E13/><V22/><F72/><W29/><G109/><T40/><AGARI ba="1,0" hai="0,1,2,28,31,39,40,47,50,53,59,60,67,70" machi="40" ten="40,8000,1" yaku="0,1,24,2,52,1" doraHai="63" who="0" fromWho="0" sc="106,83,529,-21,45,-21,320,-41" owari="189,-21.1,508,60.8,24,-47.6,279,7.9" /></mjloggm>