<mjloggm ver="2.3"><GO type="169" lobby="0"/><UN n0="%2D%E8%B1%8A%E5%8F%A3%E3%82%81%E3%81%90%E3%81%BF%2D" n1="%E8%B5%A4%E3%83%9E%E3%83%AB%E5%A4%A7%E4%BD%90" n2="%E6%99%82%E8%A8%88%E5%9D%82%E9%9B%B6" n3="%E3%82%B4%E3%83%AB%E3%83%95%E3%82%AB%E3%83%BC%E3%83%88%E5%9B%BD%E9%81%93" dan="17,16,16,16" rate="2184.87,2100.32,2142.67,2096.04" sx="F,F,M,M"/><TAIKYOKU oya="0"/><INIT seed="0,0,0,5,5,57" ten="250,250,250,250" oya="0" hai0="47,102,38,40,131,132,43,112,100,82,91,16,20" hai1="75,54,60,95,0,11,13,87,49,72,14,101,123" hai2="67,85,77,65,116,31,96,9,33,86,25,98,22" hai3="62,127,115,125,34,27,126,83,84,2,10,92,58"/><T1/><D112/><U134/><E123/><V111/><F111/><W108/><G108/><T41/><D1/><U3/><E134/><V122/><F122/><W117/><G115/><T7/><D7/><U52/><E0/><V59/><F116/><W5/><G117/><T19/><D132/><U130/><E3/><V46/><F33/><W17/><G92/><T51/><D131/><U118/><E118/><V26/><F9/><W93/><G93/><T128/><D128/><U99/><E130/><V6/><F6/><W129/><G129/><T23/><D38/><U133/><E133/><V135/><F135/><W90/><G17/><N who="0" m="6731" /><D91/><U89/><E75/><V73/><F73/><W105/><G105/><T61/><D82/><N who="1" m="49399" /><E11/><V80/><F26/><W114/><G114/><T124/><D124/><U37/><E37/><V70/><F46/><W71/><G71/><T76/><D76/><U113/><E72/><V110/><F110/><W97/><G97/><T120/><D120/><U29/><E29/><V24/><F24/><W68/><G68/><T104/><D104/><U66/><E66/><V55/><F70/><W103/><G103/><N who="0" m="39467" /><D61/><U30/><E30/><V78/><F98/><W36/><G36/><T109/><D109/><U32/><E32/><V4/><F96/><W56/><REACH who="3" step="1"/><G62/><REACH who="3" ten="250,250,250,240" step="2"/><T35/><D35/><U15/><E113/><V88/><F31/><AGARI ba="0,1" hai="2,5,10,27,31,34,56,58,83,84,90,125,126,127" machi="31" ten="40,5200,0" yaku="1,1,2,1,18,1,53,0" doraHai="57" doraHaiUra="48" who="3" fromWho="2" sc="250,0,250,0,250,-52,240,62" /><INIT seed="1,0,0,0,2,101" ten="250,250,198,302" oya="1" hai0="80,69,21,124,4,55,70,14,44,2,97,50,15" hai1="116,98,114,3,104,45,54,96,112,6,125,37,92" hai2="12,32,35,102,78,128,62,16,65,5,118,8,135" hai3="130,126,113,89,67,38,106,94,119,121,75,127,26"/><U103/><E116/><V82/><F118/><W99/><G38/><T19/><D124/><N who="3" m="47657" /><G67/><T74/><D2/><U18/><E125/><V58/><F128/><W86/><G26/><T0/><D0/><U17/><E3/><V42/><F135/><W73/><G119/><T77/><REACH who="0" step="1"/><D97/><REACH who="0" ten="240,250,198,302" step="2"/><U48/><E114/><V76/><F76/><W109/><G113/><T87/><D87/><U57/><E112/><V66/><F78/><W115/><G115/><T123/><D123/><U25/><E98/><V40/><F66/><W133/><G121/><T36/><D36/><U79/><E79/><V52/><F65/><W30/><G99/><T11/><AGARI ba="0,1" hai="4,11,14,15,19,21,44,50,55,69,70,74,77,80" machi="11" ten="30,2000,0" yaku="1,1,0,1,53,0" doraHai="101" doraHaiUra="39" who="0" fromWho="0" sc="240,30,250,-10,198,-5,302,-5" /><INIT seed="2,0,0,3,3,121" ten="270,240,193,297" oya="2" hai0="123,41,52,42,102,13,87,24,35,135,43,2,28" hai1="69,96,118,131,95,66,30,99,116,101,119,53,75" hai2="57,83,104,33,125,97,110,130,98,50,48,82,107" hai3="89,38,6,9,84,18,22,68,105,79,63,91,60"/><V120/><F33/><W64/><G105/><T12/><D123/><U58/><E75/><V40/><F120/><W26/><G38/><T128/><D2/><U25/><E131/><V34/><F34/><W36/><G36/><T19/><D135/><U1/><E1/><V59/><F40/><W100/><G100/><T81/><D102/><U67/><E99/><V78/><F78/><W108/><G108/><T31/><D128/><U74/><E74/><V54/><F54/><W86/><G63/><T93/><D93/><U8/><E8/><V80/><F80/><W4/><G79/><T49/><D31/><U76/><E69/><V10/><F10/><W85/><REACH who="3" step="1"/><G4/><REACH who="3" ten="270,240,193,287" step="2"/><T72/><D72/><U127/><E76/><V124/><REACH who="2" step="1"/><F130/><REACH who="2" ten="270,240,183,287" step="2"/><W129/><G129/><T3/><D42/><U90/><E119/><V37/><F37/><W126/><G126/><T114/><D43/><U15/><E127/><V29/><F29/><W92/><G92/><T39/><D41/><U61/><E118/><V112/><F112/><W122/><G122/><T106/><D114/><U113/><E113/><V11/><F11/><W51/><G51/><T47/><D39/><U17/><E116/><V77/><F77/><W5/><G5/><T134/><D49/><U94/><E30/><V0/><F0/><AGARI ba="0,2" hai="0,6,9,18,22,26,60,64,68,84,85,86,89,91" machi="0" ten="40,1300,0" yaku="1,1,53,0" doraHai="121" doraHaiUra="44" who="3" fromWho="2" sc="270,0,240,0,183,-13,287,33" /><INIT seed="3,0,0,4,5,0" ten="270,240,170,320" oya="3" hai0="42,106,34,11,44,16,70,103,2,39,121,62,117" hai1="122,32,90,89,31,3,77,91,46,134,113,24,72" hai2="40,125,119,38,27,81,30,71,133,23,96,128,12" hai3="114,86,37,4,20,57,116,45,92,115,10,26,87"/><W80/><G116/><T109/><D117/><U18/><E122/><V88/><F119/><W25/><G92/><T17/><D121/><U132/><E113/><V19/><F71/><W5/><G57/><T14/><D34/><U50/><E3/><V84/><F133/><N who="1" m="51305" /><E18/><V110/><F110/><W41/><G87/><T99/><D109/><U65/><E65/><V105/><F128/><W63/><G63/><T36/><D2/><U85/><E77/><V22/><F125/><W29/><G26/><T129/><D129/><U75/><E85/><V53/><F53/><AGARI ba="0,0" hai="24,31,32,46,50,53,72,75,89,90,91" m="51305" machi="53" ten="30,1000,0" yaku="20,1" doraHai="0" who="1" fromWho="2" sc="270,0,240,10,170,-10,320,0" /><INIT seed="4,0,0,3,0,30" ten="270,250,160,320" oya="0" hai0="76,98,69,47,44,14,130,111,83,60,67,1,6" hai1="39,126,128,48,97,107,8,100,17,7,88,81,18" hai2="74,102,64,108,5,35,58,112,71,114,42,2,131" hai3="34,38,51,20,12,92,68,115,28,65,40,85,45"/><T133/><D1/><U55/><E39/><V109/><F74/><W72/><G72/><T53/><D133/><U11/><E128/><V77/><F77/><W59/><G115/><N who="2" m="44073" /><F102/><W95/><G85/><T135/><D135/><U117/><E117/><V31/><F58/><W93/><G20/><T13/><D130/><U54/><E126/><V63/><F42/><W79/><G12/><T89/><D111/><N who="2" m="42570" /><F131/><W73/><G79/><T103/><D89/><U90/><E55/><V125/><F125/><W62/><G73/><T3/><D47/><U94/><E81/><V33/><F31/><W52/><REACH who="3" step="1"/><G92/><REACH who="3" ten="270,250,160,310" step="2"/><T0/><D76/><U29/><E94/><V84/><F84/><W129/><G129/><T120/><D83/><U116/><E107/><V49/><F49/><W9/><G9/><AGARI ba="0,1" hai="2,5,9,33,35,63,64,71" m="42570,44073" machi="9" ten="30,7700,0" yaku="15,1,23,1,52,2" doraHai="30" who="2" fromWho="3" sc="270,0,250,0,160,87,310,-77" /><INIT seed="5,0,0,4,0,127" ten="270,250,247,233" oya="1" hai0="4,6,128,67,43,57,45,93,116,37,0,18,75" hai1="17,69,25,52,59,28,41,56,3,121,46,108,125" hai2="112,44,12,90,104,55,68,97,14,122,102,5,35" hai3="74,38,100,89,54,60,16,15,126,117,91,99,58"/><U33/><E121/><V76/><F122/><W19/><G126/><T34/><D116/><U135/><E125/><V26/><F68/><W85/><G117/><T78/><D34/><U24/><E3/><V9/><F76/><W88/><G74/><T11/><D6/><U73/><E73/><V63/><F112/><W7/><G38/><T61/><D93/><U82/><E69/><V13/><F90/><W36/><G36/><T111/><D18/><U120/><E120/><V1/><F44/><W132/><G132/><T71/><D111/><U51/><E135/><V110/><F110/><W65/><G65/><T66/><D128/><U109/><E59/><V83/><F83/><W23/><G19/><T72/><D67/><U42/><E42/><V98/><F98/><W20/><G7/><T77/><D77/><U64/><E82/><V96/><F96/><W31/><G85/><T92/><D92/><U95/><E95/><V114/><F114/><W94/><G31/><T86/><D86/><U10/><E64/><V49/><F49/><W119/><G119/><T8/><D8/><AGARI ba="0,0" hai="8,15,16,20,23,54,58,60,88,89,91,94,99,100" machi="8" ten="40,5200,0" yaku="8,1,54,2" doraHai="127" who="3" fromWho="0" sc="270,-52,250,0,247,0,233,52" /><INIT seed="6,0,0,4,4,15" ten="218,250,247,285" oya="2" hai0="72,41,78,93,94,106,47,66,34,12,44,119,127" hai1="13,71,114,77,46,33,61,29,110,28,86,50,134" hai2="4,21,132,70,81,0,131,31,67,104,99,111,35" hai3="107,124,74,58,88,98,53,64,56,36,57,80,73"/><V37/><F132/><W30/><G124/><T27/><D106/><U129/><E110/><V87/><F131/><W39/><G64/><T18/><D127/><U43/><E129/><V85/><F37/><W25/><G53/><T42/><D119/><U65/><E134/><V79/><F111/><W54/><G54/><T123/><D123/><U3/><E3/><V130/><F130/><W49/><G49/><T84/><D66/><U22/><E33/><V91/><F21/><W117/><G117/><T96/><D72/><U59/><E71/><V75/><F4/><W135/><G135/><T109/><D109/><U60/><E60/><N who="2" m="40295" /><F0/><W112/><G112/><T115/><D115/><U5/><E114/><V113/><F91/><W55/><G55/><T7/><D7/><U120/><E120/><V26/><F113/><W62/><G62/><T32/><D32/><U48/><E48/><V2/><F2/><W10/><G10/><T90/><D27/><U19/><REACH who="1" step="1"/><E5/><REACH who="1" ten="218,240,247,285" step="2"/><V8/><F8/><W68/><G68/><T1/><D34/><U6/><E6/><V95/><F95/><N who="3" m="56679" /><G39/><T83/><D1/><U24/><E24/><V116/><F116/><W69/><G36/><T92/><D92/><U16/><E16/><V118/><F118/><W125/><G69/><T45/><REACH who="0" step="1"/><D93/><REACH who="0" ten="208,240,247,285" step="2"/><U40/><E40/><V17/><F17/><W38/><G25/><T51/><D51/><U89/><E89/><V121/><F121/><W11/><G38/><T63/><D63/><U126/><E126/><V20/><F35/><W100/><G125/><T103/><D103/><U133/><E133/><RYUUKYOKU ba="0,2" sc="208,10,240,10,247,10,285,-30" hai0="12,18,41,42,44,45,47,78,83,84,90,94,96" hai1="13,19,22,28,29,43,46,50,59,61,65,77,86" hai2="20,26,31,75,79,81,85,87,99,104" /><INIT seed="6,1,2,5,2,45" ten="218,250,257,255" oya="2" hai0="130,29,111,84,74,17,49,21,13,105,110,98,86" hai1="67,128,8,10,30,19,60,63,40,22,53,117,71" hai2="82,120,121,72,80,103,76,23,100,43,12,1,18" hai3="126,48,50,79,70,42,11,2,61,44,26,116,27"/><V89/><F1/><W9/><G116/><T41/><D74/><U109/><E109/><V39/><F39/><W57/><G126/><T15/><D130/><U37/><E117/><V34/><F34/><W131/><G131/><T132/><D132/><U6/><E128/><V73/><F43/><W94/><G79/><T125/><D125/><U65/><E30/><V59/><F59/><W124/><G124/><T68/><D68/><U85/><E53/><V108/><F108/><W127/><G127/><T3/><D3/><U102/><E102/><V36/><F36/><W38/><G94/><T106/><D29/><U135/><E85/><V51/><F51/><N who="3" m="27031" /><G70/><T55/><D41/><U7/><E135/><V66/><F66/><N who="3" m="39215" /><G2/><T99/><D21/><U119/><E119/><V95/><F80/><W4/><G38/><T87/><D87/><U81/><E81/><V56/><F56/><W115/><G115/><T0/><D0/><U33/><E33/><V107/><F73/><W92/><G92/><T93/><D93/><U31/><E40/><V5/><F103/><W52/><G4/><N who="1" m="1578" /><E37/><V46/><F5/><W75/><G75/><T14/><D111/><U133/><E133/><V112/><F112/><W91/><G91/><T90/><D110/><U113/><E113/><V16/><F100/><W64/><G64/><T47/><D105/><U25/><E31/><V78/><F107/><W58/><G50/><T123/><D106/><U24/><E24/><AGARI ba="1,2" hai="9,11,24,26,27,48,52,58" m="39215,27031" machi="24" ten="30,7700,0" yaku="8,1,52,2,54,1" doraHai="45" who="3" fromWho="1" sc="218,0,250,-80,257,0,255,100" /><INIT seed="7,0,0,5,3,16" ten="218,170,257,355" oya="3" hai0="49,25,98,119,91,86,87,20,107,103,40,4,125" hai1="43,94,62,78,36,77,112,42,31,101,102,57,109" hai2="29,45,122,92,37,39,89,47,17,73,81,5,34" hai3="99,96,26,55,3,65,115,60,121,116,133,113,114"/><W104/><G116/><T35/><D119/><U120/><E120/><V52/><F5/><W6/><G121/><T15/><D125/><U21/><E109/><V66/><F66/><W24/><G133/><T23/><D35/><U83/><E112/><V128/><F128/><W38/><G38/><T124/><D124/><U108/><E108/><V58/><F122/><W117/><G117/><T53/><D40/><U85/><E78/><V7/><F7/><W61/><G104/><T111/><D111/><U134/><E134/><V10/><F29/><W69/><G26/><T80/><D25/><N who="1" m="16815" /><E36/><V51/><F34/><W67/><G55/><T129/><D129/><U18/><E18/><V9/><F17/><W127/><G24/><T33/><D33/><U76/><E76/><V82/><F37/><W84/><G84/><T79/><D15/><U126/><E126/><V72/><F72/><W46/><G46/><N who="2" m="17417" /><F73/><W11/><G127/><T22/><D4/><U74/><E74/><V1/><F1/><W59/><AGARI ba="0,0" hai="3,6,11,59,60,61,65,67,69,96,99,113,114,115" machi="59" ten="30,3000,0" yaku="0,1,15,1" doraHai="16" who="3" fromWho="3" sc="218,-10,170,-10,257,-10,355,30" owari="208,-19.2,160,-34.0,247,4.7,385,48.5" /></mjloggm>