<mjloggm ver="2.3"><GO type="169" lobby="0"/><UN n0="%E6%8E%A2%39" n1="%73%69%65%72%61%34%30%31" n2="%E3%81%AF%E3%81%92%E3%81%97%E3%81%8F%E3%82%A6%E3%83%84" n3="%4B%2E%32%2E%4B%2E" dan="17,17,18,17" rate="2186.06,2248.00,2216.46,2171.94" sx="M,F,M,M"/><TAIKYOKU oya="0"/><INIT seed="0,0,0,0,2,1" ten="250,250,250,250" oya="0" hai0="35,83,95,70,121,7,29,126,53,42,75,106,100" hai1="18,47,67,43,78,128,116,66,81,60,94,28,101" hai2="102,33,17,82,57,24,16,31,4,5,36,72,91" hai3="69,77,103,117,20,127,45,89,85,115,98,25,30"/><T37/><D121/><U84/><E116/><V88/><F36/><W120/><G115/><T41/><D126/><U21/><E128/><V34/><F102/><W55/><G117/><T51/><D70/><U6/><E28/><V59/><F72/><W133/><G69/><T107/><D37/><U118/><E118/><V131/><F131/><W135/><G127/><T129/><D129/><U130/><E130/><V10/><F34/><W74/><G120/><T125/><D95/><U71/><E66/><V97/><F97/><W23/><G23/><T93/><D93/><U22/><E18/><V104/><F104/><N who="3" m="63607" /><G55/><T15/><D107/><U12/><E94/><V14/><F17/><W0/><G45/><T92/><D106/><U68/><E68/><V38/><F38/><W76/><G0/><T50/><D50/><N who="1" m="27007" /><E101/><V2/><F5/><W109/><G109/><T63/><D7/><U8/><AGARI ba="0,0" hai="6,8,12,21,22,60,67,71,78,81,84" m="27007" machi="8" ten="30,2000,0" yaku="25,1,52,1" doraHai="1" who="1" fromWho="1" sc="250,-10,250,20,250,-5,250,-5" /><INIT seed="1,0,0,4,1,79" ten="240,270,245,245" oya="1" hai0="36,108,71,93,51,29,87,30,31,116,18,24,90" hai1="68,66,132,97,73,17,70,62,126,81,3,46,50" hai2="101,25,106,60,14,118,1,57,58,11,115,55,96" hai3="19,110,95,10,117,69,134,123,122,39,120,16,38"/><U23/><E126/><V72/><F118/><W33/><G33/><T92/><D36/><U67/><E132/><V22/><F1/><W83/><G69/><T42/><D116/><U84/><E3/><V88/><F115/><W15/><G117/><T0/><D0/><U2/><E2/><V49/><F72/><W34/><G134/><T13/><D71/><U129/><E129/><V37/><F37/><W26/><G110/><T131/><D108/><U35/><E35/><V61/><F88/><W80/><G39/><T98/><D131/><U9/><E9/><V133/><F133/><W12/><G38/><T91/><D42/><U119/><E97/><V75/><F75/><W109/><G95/><T27/><REACH who="0" step="1"/><D51/><REACH who="0" ten="230,270,245,245" step="2"/><U94/><E68/><V128/><F128/><W21/><REACH who="3" step="1"/><G109/><REACH who="3" ten="230,270,245,235" step="2"/><T104/><D104/><U82/><E70/><V6/><REACH who="2" step="1"/><F58/><REACH who="2" ten="230,270,235,235" step="2"/><W63/><G63/><T130/><D130/><U107/><E62/><V85/><F85/><W121/><G121/><T44/><D44/><U114/><E84/><V43/><F43/><W135/><G135/><T8/><AGARI ba="0,3" hai="8,13,18,24,27,29,30,31,87,90,91,92,93,98" machi="8" ten="30,4000,0" yaku="1,1,0,1,8,1,53,0" doraHai="79" doraHaiUra="74" who="0" fromWho="0" sc="230,70,270,-20,235,-10,235,-10" /><INIT seed="2,0,0,0,4,59" ten="300,250,225,225" oya="2" hai0="69,90,55,49,80,116,95,53,85,134,26,106,133" hai1="82,83,107,79,126,77,20,118,122,78,121,74,35" hai2="88,48,12,65,131,62,47,105,114,29,58,71,117" hai3="44,10,115,39,101,75,52,125,123,87,70,66,23"/><V132/><F114/><W30/><G75/><T97/><D106/><U68/><E35/><V112/><F112/><W94/><G115/><T73/><D73/><U60/><E118/><V1/><F117/><W25/><G123/><N who="1" m="47114" /><E107/><V99/><F1/><W46/><G125/><T51/><D116/><U36/><E36/><V2/><F2/><W24/><G39/><T38/><D38/><U63/><E68/><V102/><F131/><W45/><G10/><T86/><D69/><U98/><E126/><V33/><F132/><N who="0" m="50794" /><D26/><U34/><E34/><V120/><F120/><W21/><G66/><T18/><D18/><U135/><E135/><V8/><F29/><W42/><G42/><T3/><D3/><U40/><E40/><V14/><F33/><W92/><G70/><T110/><D110/><U76/><E98/><V13/><F71/><W111/><G111/><T4/><D4/><U100/><E100/><V113/><F113/><W16/><G101/><T37/><D37/><U56/><E56/><V103/><F103/><W119/><G119/><T61/><D85/><U7/><E7/><V6/><REACH who="2" step="1"/><F88/><REACH who="2" ten="300,250,215,225" step="2"/><N who="3" m="53279" /><G94/><T93/><D95/><U128/><E128/><V32/><F32/><W72/><G72/><T104/><D93/><U43/><E82/><V54/><AGARI ba="0,1" hai="6,8,12,13,14,47,48,54,58,62,65,99,102,105" machi="54" ten="20,12000,1" yaku="1,1,0,1,7,1,52,1,53,1" doraHai="59" doraHaiUra="96" who="2" fromWho="2" sc="300,-40,250,-40,215,130,225,-40" /><INIT seed="2,1,0,1,4,100" ten="260,210,345,185" oya="2" hai0="116,91,71,7,88,13,35,104,11,9,61,134,126" hai1="66,131,40,44,109,83,92,123,121,41,39,16,2" hai2="78,82,46,86,114,122,84,128,103,42,125,31,0" hai3="98,127,58,70,25,96,49,95,106,135,51,8,87"/><V64/><F114/><W20/><G70/><T115/><D115/><U23/><E2/><V18/><F122/><W97/><G106/><T48/><D35/><U45/><E109/><V57/><F128/><W14/><G127/><T79/><D126/><U85/><E66/><V37/><F125/><W15/><G135/><T68/><D79/><U93/><E131/><V94/><F31/><W54/><G8/><T38/><D38/><U29/><E29/><V36/><F36/><W119/><G119/><T77/><D77/><U105/><E105/><V6/><F18/><W118/><G118/><T108/><D108/><U81/><E92/><V34/><F34/><W27/><G49/><T69/><D116/><U56/><E56/><V59/><F64/><W60/><G51/><T132/><D61/><U1/><E1/><V113/><F113/><W89/><REACH who="3" step="1"/><G27/><REACH who="3" ten="260,210,345,175" step="2"/><T50/><D104/><U101/><E121/><V65/><F37/><W102/><G102/><T24/><D24/><U32/><E123/><V53/><F103/><W55/><G55/><T133/><D11/><U73/><E101/><V112/><F53/><W75/><G75/><T117/><D117/><U67/><E73/><V5/><F112/><W12/><G12/><T72/><D72/><U21/><E39/><V3/><F0/><W80/><G80/><T76/><D50/><N who="1" m="26887" /><E81/><V62/><F3/><W74/><G74/><T30/><D48/><U124/><E83/><V10/><F82/><W19/><AGARI ba="1,1" hai="14,15,19,20,25,54,58,60,87,89,95,96,97,98" machi="19" ten="30,4000,0" yaku="1,1,0,1,8,1,53,0" doraHai="100" doraHaiUra="129" who="3" fromWho="3" sc="260,-11,210,-11,345,-21,175,53" /><INIT seed="3,0,0,1,4,70" ten="249,199,324,228" oya="3" hai0="116,48,79,62,63,114,46,45,25,44,53,42,67" hai1="28,20,91,74,134,119,33,133,38,41,40,90,51" hai2="115,82,55,77,131,107,122,57,75,15,111,83,69" hai3="49,86,65,71,24,13,61,17,50,99,72,43,34"/><W30/><G72/><T23/><D116/><U66/><E74/><V117/><F115/><W9/><G86/><T103/><D114/><U120/><E120/><V7/><F117/><W78/><G78/><T87/><D103/><U128/><E33/><V89/><F69/><W109/><G109/><T132/><D132/><U123/><E123/><V12/><F122/><W124/><G124/><T31/><D67/><U101/><E101/><V130/><F107/><W54/><G54/><T88/><D79/><U37/><E119/><V110/><F83/><W100/><REACH who="3" step="1"/><G43/><REACH who="3" ten="249,199,324,218" step="2"/><T113/><D113/><U11/><E41/><V39/><F111/><W19/><G19/><T64/><D64/><U93/><E66/><V0/><F110/><W108/><G108/><T96/><D96/><U35/><E40/><V6/><F77/><W8/><G8/><T85/><D87/><U129/><E11/><V56/><F75/><W14/><G14/><T104/><D42/><U18/><E18/><V80/><F12/><W112/><G112/><T36/><D85/><U60/><E133/><V59/><F15/><W81/><G81/><T98/><D98/><U127/><E134/><V10/><F55/><W58/><G58/><T3/><D53/><U135/><E127/><V68/><F68/><W22/><G22/><T76/><D23/><U29/><E20/><V32/><F82/><W16/><G16/><T95/><D45/><U125/><E135/><V2/><F80/><W27/><G27/><T84/><D44/><U4/><E125/><V118/><F57/><W5/><G5/><T106/><D46/><RYUUKYOKU ba="0,1" sc="249,-10,199,-10,324,-10,218,30" hai3="9,13,17,24,30,34,49,50,61,65,71,99,100" /><INIT seed="3,1,1,5,4,37" ten="239,189,314,248" oya="3" hai0="74,44,73,86,53,82,12,66,1,30,94,113,52" hai1="88,11,22,42,5,26,110,41,21,127,90,68,57" hai2="124,123,6,71,58,78,106,43,116,60,119,45,103" hai3="87,112,10,91,2,100,121,55,129,81,16,105,48"/><W36/><G112/><T25/><D1/><U79/><E68/><V75/><F124/><W134/><G121/><T15/><D113/><U27/><E127/><V93/><F123/><W20/><G129/><T34/><D66/><U13/><E79/><V39/><F106/><W61/><G134/><T76/><D53/><U84/><E110/><V98/><F71/><W80/><G36/><T14/><REACH who="0" step="1"/><D94/><REACH who="0" ten="229,189,314,248" step="2"/><N who="1" m="54535" /><E57/><V117/><F117/><W109/><G2/><T7/><D7/><U115/><E115/><V62/><F6/><W54/><G54/><T19/><D19/><N who="1" m="12607" /><E90/><V3/><F3/><W31/><G91/><T40/><D40/><U120/><E120/><V29/><F116/><W89/><G89/><T126/><D126/><U59/><E59/><V35/><F58/><W118/><G118/><T85/><D85/><U70/><E70/><V128/><F43/><W104/><G104/><T18/><D18/><AGARI ba="1,2" hai="5,11,13,18,22,27,41,42" m="12607,54535" machi="18" ten="30,7700,0" yaku="8,1,52,2,54,1" doraHai="37" who="1" fromWho="0" sc="229,-80,189,100,314,0,248,0" /><INIT seed="4,0,0,3,5,38" ten="149,289,314,248" oya="0" hai0="97,25,92,112,5,68,59,96,69,53,21,10,24" hai1="33,118,94,65,135,111,34,73,101,123,74,7,83" hai2="119,91,54,130,23,52,80,61,22,44,78,79,129" hai3="56,2,93,11,84,26,67,16,46,51,126,8,71"/><T76/><D112/><U114/><E118/><V105/><F105/><W66/><G71/><T127/><D127/><U39/><E123/><V42/><F119/><W82/><G126/><T116/><D116/><U115/><E111/><V40/><F91/><W117/><G117/><T18/><D76/><N who="2" m="29226" /><F80/><W58/><G82/><T48/><D25/><U86/><E7/><V120/><F120/><W110/><G2/><T29/><D29/><U43/><E65/><N who="3" m="24586" /><G84/><T19/><D18/><U45/><E135/><V77/><F77/><W90/><G90/><T47/><D59/><N who="3" m="22569" /><G93/><T57/><D57/><U62/><E62/><V99/><F99/><W87/><G87/><T37/><D37/><U109/><E109/><V17/><F61/><W128/><G128/><N who="2" m="49257" /><F23/><N who="3" m="13671" /><G110/><T4/><D97/><N who="1" m="59575" /><E86/><V55/><F44/><W124/><G124/><T20/><D20/><U122/><E83/><V32/><F32/><N who="1" m="12393" /><E122/><V107/><F107/><W63/><G63/><T13/><REACH who="0" step="1"/><D4/><REACH who="0" ten="139,289,314,248" step="2"/><U125/><E125/><V27/><AGARI ba="0,1" hai="17,22,27,40,42,52,54,55" m="49257,29226" machi="27" ten="40,8000,1" yaku="19,1,52,2,54,1" doraHai="38" who="2" fromWho="2" sc="139,-40,289,-20,314,90,248,-20" /><INIT seed="5,0,0,3,0,7" ten="99,269,404,228" oya="1" hai0="111,37,125,16,77,98,63,24,96,112,38,41,134" hai1="58,127,81,126,61,99,64,19,48,100,56,51,50" hai2="4,90,87,43,84,3,107,82,133,52,28,21,135" hai3="66,74,129,5,20,42,6,8,132,123,88,105,117"/><U67/><E81/><V83/><F107/><W109/><G123/><T57/><D111/><U25/><E25/><V108/><F108/><W69/><G105/><T32/><D77/><U40/><E19/><V116/><F116/><W106/><G106/><T17/><D112/><U27/><E27/><N who="2" m="16495" /><F43/><W118/><G74/><T115/><D115/><U1/><E1/><V80/><F84/><W65/><G109/><T9/><D125/><N who="1" m="47627" /><E100/><V2/><F52/><W130/><G132/><N who="2" m="50761" /><F4/><W73/><G42/><T85/><D41/><U33/><E99/><V18/><F18/><W95/><G73/><T110/><D98/><U70/><E33/><V31/><F31/><W75/><G5/><T60/><D96/><U22/><E40/><V76/><F76/><W12/><G75/><T102/><D32/><U113/><E113/><V92/><AGARI ba="0,0" hai="2,3,80,82,83,87,90,92" m="50761,16495" machi="92" ten="30,1100,0" yaku="20,1" doraHai="7" who="2" fromWho="2" sc="99,-3,269,-5,404,11,228,-3" /><INIT seed="6,0,0,1,2,126" ten="96,264,415,225" oya="2" hai0="34,6,112,48,45,13,127,41,47,104,22,82,89" hai1="76,65,30,78,64,73,2,53,20,130,60,59,44" hai2="16,135,72,39,122,121,99,116,101,84,9,74,77" hai3="26,114,5,125,61,93,100,128,52,109,24,88,132"/><V123/><F39/><W42/><G109/><T21/><D34/><U108/><E108/><V15/><F116/><W129/><G125/><T86/><D127/><U63/><E2/><V106/><REACH who="2" step="1"/><F135/><REACH who="2" ten="96,264,405,225" step="2"/><W134/><G134/><T68/><D112/><U25/><E73/><V8/><F8/><W57/><G132/><T58/><D68/><U90/><E65/><V69/><F69/><W23/><G114/><T38/><D104/><U14/><E64/><V4/><F4/><W79/><G5/><T131/><D131/><U85/><E130/><V117/><F117/><W95/><G128/><T87/><D6/><U28/><E63/><V40/><F40/><W1/><G42/><T133/><D133/><U46/><E60/><V92/><F92/><W66/><G66/><T83/><D38/><U97/><E44/><V110/><F110/><W91/><G93/><T7/><D47/><U19/><E46/><V103/><F103/><W36/><G36/><T113/><D113/><U27/><E53/><V0/><F0/><W120/><G1/><T35/><D58/><U80/><E59/><V96/><F96/><W31/><G129/><T70/><D70/><U3/><E97/><V81/><AGARI ba="0,1" hai="9,15,16,72,74,77,81,84,99,101,106,121,122,123" machi="81" ten="40,7800,0" yaku="1,1,0,1,54,1,53,0" doraHai="126" doraHaiUra="32" who="2" fromWho="2" sc="96,-26,264,-26,405,88,225,-26" /><INIT seed="6,1,0,3,3,100" ten="70,238,493,199" oya="2" hai0="1,54,107,135,76,115,27,6,111,31,52,86,10" hai1="84,81,50,17,91,93,53,3,66,134,105,45,124" hai2="78,97,123,119,88,75,133,34,47,74,2,25,5" hai3="104,95,127,110,83,92,77,4,20,30,49,69,26"/><V116/><F123/><W60/><G110/><T80/><D111/><U7/><E124/><V0/><F133/><W63/><G127/><T11/><D135/><U19/><E134/><V96/><F47/><W72/><G104/><T130/><D115/><U121/><E121/><V12/><F12/><W102/><G4/><T57/><D130/><U79/><E105/><V65/><F65/><W39/><G39/><T46/><D11/><U120/><E120/><V18/><F18/><W70/><G102/><T117/><D117/><U44/><E66/><V106/><F106/><W59/><G49/><T29/><D107/><U122/><E122/><V38/><F78/><W56/><G70/><T94/><D94/><U64/><E64/><V129/><F25/><W9/><G9/><T108/><D108/><U62/><E62/><V73/><F73/><W61/><G69/><T109/><D109/><U48/><E7/><V132/><F5/><W114/><G114/><T15/><D1/><U23/><E23/><V113/><F132/><W71/><G71/><T112/><D112/><U90/><E90/><V28/><F113/><W22/><G22/><T24/><D46/><U21/><E21/><V118/><F116/><W36/><G36/><T128/><D128/><U8/><E8/><V89/><F129/><W125/><G125/><T101/><D101/><U42/><REACH who="1" step="1"/><E3/><REACH who="1" ten="70,228,493,199" step="2"/><V55/><F89/><W126/><REACH who="3" step="1"/><G126/><REACH who="3" ten="70,228,493,189" step="2"/><T98/><D6/><U41/><E41/><V40/><F40/><W87/><G87/><AGARI ba="1,2" hai="17,19,42,44,45,48,50,53,79,81,84,87,91,93" machi="87" ten="30,7700,0" yaku="1,1,7,1,8,1,53,1" doraHai="100" doraHaiUra="37" who="1" fromWho="3" sc="70,0,228,100,493,0,189,-80" /><INIT seed="7,0,0,0,2,16" ten="70,328,493,109" oya="3" hai0="61,97,106,55,72,124,107,121,101,57,120,54,20" hai1="70,26,39,60,51,33,14,11,34,103,23,81,112" hai2="46,29,38,59,5,77,48,109,134,74,85,129,127" hai3="67,90,7,116,122,44,21,4,31,41,12,126,69"/><W37/><G116/><T73/><D124/><U87/><E39/><V49/><F109/><W50/><G122/><T19/><D107/><U84/><E112/><V18/><F74/><W125/><G90/><T76/><D55/><U91/><E103/><V117/><F38/><W2/><G2/><T123/><REACH who="0" step="1"/><D76/><REACH who="0" ten="60,328,493,109" step="2"/><U17/><E51/><V135/><F5/><W53/><G7/><T92/><D92/><U132/><E132/><V75/><F29/><W105/><G105/><T1/><D1/><U88/><E60/><V62/><F75/><W22/><G4/><T0/><D0/><U13/><E70/><V96/><F96/><W111/><G111/><T82/><D82/><U65/><E65/><V100/><F100/><W131/><G131/><T8/><D8/><U35/><E33/><V79/><F127/><N who="3" m="48651" /><G12/><AGARI ba="0,1" hai="12,19,20,54,57,61,72,73,97,101,106,120,121,123" machi="12" ten="40,2600,0" yaku="1,1,52,1,53,0" doraHai="16" doraHaiUra="130" who="0" fromWho="3" sc="60,36,328,0,493,0,109,-26" owari="96,-30.4,328,12.8,493,59.3,83,-41.7" /></mjloggm>