<mjloggm ver="2.3"><GO type="169" lobby="0"/><UN n0="%41%2E%53%74%61%72%73" n1="%31%74%61" n2="%64%69%76%61" n3="%6D%62%72%63%68%61%6E" dan="16,17,16,16" rate="2030.51,2262.16,2044.66,2131.83" sx="M,M,M,M"/><TAIKYOKU oya="0"/><INIT seed="0,0,0,4,1,41" ten="250,250,250,250" oya="0" hai0="27,98,51,86,110,49,17,74,29,11,73,128,87" hai1="93,42,4,118,127,85,59,35,131,83,69,0,102" hai2="135,7,96,19,37,63,9,116,53,71,97,33,67" hai3="62,10,91,20,81,45,95,39,122,48,134,15,14"/><T52/><D128/><U99/><E118/><V26/><F116/><W113/><G113/><T80/><D110/><U92/><E69/><V124/><F124/><W13/><G134/><T132/><D132/><U47/><E35/><V130/><F130/><W117/><G117/><T64/><D64/><U6/><E131/><V54/><F37/><W60/><G39/><T109/><D109/><U108/><E108/><V32/><F32/><W84/><G122/><T8/><D98/><U68/><E68/><V129/><F129/><W28/><G10/><T103/><D103/><U78/><E127/><V112/><F112/><W58/><G58/><T3/><D51/><N who="1" m="27127" /><E0/><V89/><F135/><W24/><REACH who="3" step="1"/><G81/><REACH who="3" ten="250,250,250,240" step="2"/><T101/><D11/><U1/><E1/><V125/><F9/><W66/><G66/><T23/><D3/><U46/><E59/><V88/><F125/><W18/><G18/><T21/><D8/><U61/><E61/><V57/><F19/><W31/><G31/><T25/><D101/><N who="1" m="60647" /><E46/><V94/><F71/><W77/><G77/><T34/><D34/><U40/><E4/><V120/><F7/><W56/><G56/><T65/><D65/><U38/><E6/><V126/><F126/><W43/><AGARI ba="0,1" hai="13,14,15,20,24,28,43,45,48,60,62,84,91,95" machi="43" ten="30,7900,0" yaku="1,1,0,1,8,1,52,1,53,0" doraHai="41" doraHaiUra="2" who="3" fromWho="3" sc="250,-39,250,-20,250,-20,240,89" /><INIT seed="1,0,0,0,5,2" ten="211,230,230,329" oya="1" hai0="27,117,118,14,103,111,51,39,78,88,30,58,99" hai1="10,5,62,86,105,0,22,95,16,17,92,85,18" hai2="72,90,113,48,33,65,3,91,82,108,11,38,76" hai3="26,89,87,45,110,9,71,43,8,68,53,97,44"/><U20/><E105/><V46/><F33/><W121/><G110/><T66/><D39/><U119/><E119/><V96/><F108/><W126/><G121/><T60/><D111/><U74/><E74/><V102/><F65/><W59/><G126/><T109/><D109/><U36/><E36/><V19/><F113/><W32/><G97/><T106/><D78/><U7/><E62/><V28/><F28/><W130/><G130/><T73/><D73/><U134/><E134/><V42/><F48/><W128/><G128/><T1/><D1/><U23/><REACH who="1" step="1"/><E7/><REACH who="1" ten="211,220,230,329" step="2"/><N who="2" m="1535" /><F19/><W80/><G71/><T64/><D118/><U125/><E125/><V124/><F124/><W127/><G68/><T120/><D117/><U21/><N who="1" m="5120" /><DORA hai="37" /><U123/><E123/><V15/><F15/><W12/><G12/><T40/><D14/><U31/><E31/><V54/><F54/><W79/><G53/><T29/><D120/><U57/><E57/><V115/><F115/><W50/><G59/><T116/><D116/><U135/><E135/><V69/><F69/><W56/><G56/><T133/><D133/><U132/><E132/><V129/><F129/><W122/><G122/><T4/><D4/><U114/><E114/><V67/><F67/><W70/><G70/><T13/><D13/><U131/><E131/><V81/><F38/><W112/><G112/><T55/><D30/><U35/><E35/><V98/><F72/><W107/><G32/><N who="0" m="20543" /><D60/><U83/><E83/><V24/><F81/><W61/><G80/><T34/><D34/><U94/><AGARI ba="0,1" hai="0,5,10,16,17,18,85,86,92,94,95" m="5120" machi="94" ten="50,18000,2" yaku="1,1,0,1,29,2,52,1,54,1,53,1" doraHai="2,37" doraHaiUra="63,6" who="1" fromWho="1" sc="211,-60,220,190,230,-60,329,-60" /><INIT seed="1,1,0,3,5,124" ten="151,410,170,269" oya="1" hai0="119,102,59,131,17,109,125,39,44,1,76,6,133" hai1="117,127,12,121,88,99,0,70,80,100,43,49,61" hai2="98,32,84,106,130,64,126,11,77,57,15,78,116" hai3="50,33,67,110,112,72,135,66,21,118,29,103,74"/><U58/><E117/><V54/><F126/><W24/><G112/><T51/><D125/><U94/><E0/><V18/><F32/><W40/><G110/><T41/><D119/><U26/><E121/><V86/><F116/><W25/><G135/><T10/><D109/><U8/><E127/><V92/><F106/><W45/><G118/><T105/><D133/><U114/><E114/><V91/><F130/><W47/><G103/><T108/><D108/><U115/><E115/><V2/><F64/><W65/><REACH who="3" step="1"/><G47/><REACH who="3" ten="151,410,170,259" step="2"/><T101/><D105/><U3/><E100/><V69/><F2/><W128/><G128/><T13/><D131/><U73/><E3/><V19/><F69/><W52/><G52/><T129/><D129/><U79/><E70/><V46/><F46/><W5/><G5/><T63/><D76/><N who="2" m="29290" /><F18/><AGARI ba="1,1" hai="18,21,24,25,29,33,40,45,50,65,66,67,72,74" machi="18" ten="40,1300,0" yaku="1,1,53,0" doraHai="124" doraHaiUra="48" who="3" fromWho="2" sc="151,0,410,0,170,-16,259,26" /><INIT seed="2,0,0,4,0,84" ten="151,410,154,285" oya="2" hai0="100,32,94,104,60,126,112,120,10,35,42,63,79" hai1="38,80,113,25,18,49,22,64,105,72,46,97,127" hai2="130,82,122,12,109,29,124,26,11,41,69,75,70" hai3="101,3,59,1,36,87,24,28,134,83,34,132,16"/><V43/><F122/><W65/><G36/><T133/><D120/><U125/><E38/><V131/><F75/><W103/><G103/><T67/><D112/><U54/><E64/><V62/><F82/><W51/><G101/><T114/><D114/><U0/><E0/><V93/><F124/><N who="1" m="47689" /><E113/><V15/><F15/><W128/><G128/><N who="2" m="49193" /><F93/><W53/><G65/><T6/><D126/><U98/><E105/><V106/><F106/><W68/><G68/><N who="2" m="26217" /><F62/><W37/><G37/><T116/><D104/><U71/><E71/><V40/><F109/><W102/><G102/><T121/><D121/><U44/><E44/><V123/><F123/><W61/><G61/><T13/><D63/><U86/><E72/><V74/><F74/><W95/><G95/><T129/><D129/><U88/><AGARI ba="0,0" hai="18,22,25,46,49,54,80,86,88,97,98" m="47689" machi="88" ten="30,4000,0" yaku="18,1,52,1,54,1" doraHai="84" who="1" fromWho="1" sc="151,-10,410,40,154,-20,285,-10" /><INIT seed="3,0,0,5,0,12" ten="141,450,134,275" oya="3" hai0="29,109,43,94,68,27,73,35,20,25,72,100,134" hai1="71,64,19,113,53,69,115,7,10,80,48,84,14" hai2="107,110,60,112,8,63,23,41,105,26,77,83,11" hai3="33,62,127,95,50,99,117,49,79,28,57,108,74"/><W76/><G117/><T128/><D109/><U87/><E87/><V15/><F110/><W4/><G4/><T54/><D68/><U3/><E69/><V75/><F112/><W6/><G6/><T103/><D128/><U92/><E92/><V18/><F41/><W56/><G56/><T38/><D134/><U126/><E126/><V39/><F8/><W114/><G114/><T125/><D125/><U85/><E85/><V82/><F82/><W37/><G37/><T124/><D124/><U67/><E71/><V130/><F130/><W65/><G108/><T46/><D54/><U30/><E30/><V122/><F122/><W121/><G121/><T9/><D9/><N who="1" m="6607" /><E115/><V21/><F21/><W98/><G98/><T24/><D24/><U101/><E101/><V45/><F45/><W59/><G59/><T86/><D103/><U70/><E70/><V42/><F42/><W58/><G58/><T81/><D94/><U91/><E113/><V40/><F40/><W32/><G127/><T102/><D73/><U89/><E89/><V88/><F88/><N who="3" m="55783" /><G74/><T34/><D72/><U123/><E123/><V93/><F93/><W129/><G129/><T44/><D44/><AGARI ba="0,0" hai="3,7,10,44,48,53,64,67,80,84,91" m="6607" machi="44" ten="30,2000,0" yaku="25,1,52,1" doraHai="12" who="1" fromWho="0" sc="141,-20,450,20,134,0,275,0" /><INIT seed="4,0,0,0,5,24" ten="121,470,134,275" oya="0" hai0="8,98,42,58,50,52,28,18,101,47,3,129,104" hai1="93,123,73,108,34,97,59,22,126,81,53,95,48" hai2="128,135,130,121,41,38,94,131,25,16,66,87,120" hai3="62,12,21,46,49,29,115,70,80,71,127,33,40"/><T84/><D129/><U1/><E108/><V37/><F66/><W5/><G115/><T118/><D118/><U77/><E34/><V68/><F68/><W82/><G127/><T45/><D45/><U79/><E1/><V76/><F135/><W89/><G33/><T4/><D18/><U88/><E123/><V105/><F105/><W63/><G71/><T67/><D84/><U110/><E110/><V14/><F25/><N who="3" m="16559" /><G70/><T83/><D83/><N who="3" m="31785" /><G89/><T64/><REACH who="0" step="1"/><D28/><REACH who="0" ten="111,470,134,275" step="2"/><U133/><E81/><V61/><F76/><W60/><G5/><T35/><D35/><U19/><E19/><V103/><F121/><W106/><G106/><T69/><D69/><U6/><E6/><V100/><F120/><W109/><G109/><T85/><D85/><U9/><E79/><V57/><F87/><W134/><G134/><T117/><D117/><U116/><E116/><V17/><F131/><W30/><G30/><T132/><D132/><U90/><E133/><V96/><F130/><W78/><G78/><T112/><D112/><U119/><E119/><V39/><F128/><W102/><G46/><T113/><D113/><U65/><E77/><V111/><F111/><W2/><G2/><T43/><D43/><U36/><E126/><V54/><F41/><W0/><G0/><T15/><D15/><U32/><E32/><V99/><F14/><W13/><G13/><T51/><AGARI ba="0,1" hai="3,4,8,42,47,50,51,52,58,64,67,98,101,104" machi="51" ten="20,7800,0" yaku="1,1,0,1,7,1,54,1,53,0" doraHai="24" doraHaiUra="27" who="0" fromWho="0" sc="111,88,470,-26,134,-26,275,-26" /><INIT seed="4,1,0,3,0,115" ten="199,444,108,249" oya="0" hai0="9,6,107,96,39,52,69,51,118,70,83,16,62" hai1="22,117,12,91,66,23,97,18,53,130,14,94,55" hai2="86,15,101,13,49,106,103,59,67,33,25,28,71" hai3="19,17,108,41,82,30,68,134,63,2,122,126,47"/><T89/><D39/><U116/><E66/><V57/><F103/><W48/><G108/><T81/><D118/><U3/><E3/><V95/><F57/><W43/><G126/><T73/><D16/><U32/><E32/><V92/><F92/><W38/><G2/><T26/><D26/><U44/><E130/><V132/><F132/><W76/><G134/><T85/><D62/><U84/><E97/><V125/><F125/><W119/><G119/><T80/><D96/><U7/><E53/><V75/><F75/><W87/><G122/><T79/><D81/><U20/><E7/><V77/><F49/><W100/><G100/><T123/><D107/><U5/><E5/><V45/><F45/><W34/><G43/><T120/><D120/><U104/><E104/><V74/><F59/><W114/><G114/><T11/><D123/><U37/><E37/><V135/><F135/><W31/><G38/><T78/><D89/><U60/><E60/><V127/><F127/><W133/><G133/><T46/><REACH who="0" step="1"/><D11/><REACH who="0" ten="189,444,108,249" step="2"/><N who="1" m="6431" /><E117/><V113/><F113/><W121/><G121/><T10/><D10/><U35/><E116/><V61/><F95/><W93/><G93/><T0/><AGARI ba="1,1" hai="0,6,9,46,51,52,69,70,73,78,79,80,83,85" machi="0" ten="20,7800,0" yaku="1,1,0,1,7,1,54,1,53,0" doraHai="115" doraHaiUra="54" who="0" fromWho="0" sc="189,91,444,-27,108,-27,249,-27" /><INIT seed="4,2,0,0,3,94" ten="280,417,81,222" oya="0" hai0="76,125,18,17,56,40,92,116,1,101,30,59,13" hai1="117,34,132,99,63,91,61,53,48,12,28,23,111" hai2="73,10,7,35,96,49,133,86,102,128,55,127,14" hai3="100,33,82,5,118,85,2,16,31,123,52,95,87"/><T64/><D116/><U77/><E117/><V54/><F133/><W103/><G118/><T42/><D125/><U97/><E111/><V60/><F127/><W22/><G123/><T39/><D1/><U50/><E34/><V26/><F128/><W44/><G31/><T134/><D134/><U122/><E77/><V109/><F109/><W131/><G33/><T58/><D30/><U21/><E122/><V79/><F73/><W126/><G131/><T0/><D0/><U107/><E107/><V129/><F129/><W90/><G5/><T83/><D64/><U37/><E37/><V69/><F26/><W113/><G2/><T114/><D114/><U71/><E71/><V89/><F35/><W130/><G113/><T24/><D24/><N who="1" m="16399" /><E50/><V32/><F79/><W104/><G104/><T66/><D66/><U11/><E23/><V41/><F32/><W8/><G8/><T68/><D68/><U20/><E20/><V119/><F119/><W43/><G130/><T93/><D39/><U38/><E38/><V62/><F69/><W98/><G43/><N who="0" m="16427" /><D13/><U67/><E67/><V9/><F41/><W112/><G112/><T36/><D36/><U81/><E132/><V72/><F72/><W78/><G87/><N who="0" m="48615" /><D93/><U45/><E81/><V6/><F14/><N who="3" m="9495" /><G126/><T47/><D47/><U121/><E121/><V84/><F6/><W15/><G15/><T106/><D106/><U110/><E110/><V124/><F7/><W57/><G44/><T51/><D51/><AGARI ba="2,0" hai="51,52,57,78,82,85,90,95,98,100,103" m="9495" machi="51" ten="30,7700,0" yaku="8,1,52,1,54,2" doraHai="94" who="3" fromWho="0" sc="280,-83,417,0,81,0,222,83" /><INIT seed="5,0,0,2,4,11" ten="197,417,81,305" oya="1" hai0="66,38,17,70,18,35,90,19,25,78,46,128,101" hai1="65,112,24,34,31,32,133,58,124,60,100,118,126" hai2="114,41,123,91,10,43,92,62,33,132,72,74,1" hai3="55,86,48,9,115,53,5,45,56,36,77,89,110"/><U4/><E118/><V15/><F123/><W130/><G110/><T85/><D128/><U76/><E112/><V108/><F108/><W113/><G130/><T68/><D78/><U131/><E131/><V8/><F114/><W20/><G77/><T81/><D101/><U29/><E133/><V84/><F132/><W28/><G28/><T0/><D0/><U119/><E119/><V93/><F33/><W21/><G113/><T135/><D135/><U27/><E76/><V69/><F1/><W97/><G97/><T26/><D66/><U120/><E120/><V75/><F8/><W42/><G55/><T37/><D46/><U52/><E4/><V64/><REACH who="2" step="1"/><F92/><REACH who="2" ten="197,417,71,305" step="2"/><W13/><G115/><T106/><D106/><U12/><E32/><V88/><F88/><W40/><G40/><T109/><D109/><U83/><E34/><V117/><F117/><W47/><G47/><T67/><D35/><U39/><E100/><V3/><F3/><W71/><G71/><T122/><D122/><U79/><E79/><V14/><F14/><W51/><G36/><T99/><D38/><U22/><E39/><V125/><F125/><W103/><G103/><T61/><D37/><U134/><E134/><V6/><AGARI ba="0,1" hai="6,10,15,41,43,62,64,69,72,74,75,84,91,93" machi="6" ten="30,4000,0" yaku="1,1,0,1,52,1,53,0" doraHai="11" doraHaiUra="98" who="2" fromWho="2" sc="197,-10,417,-20,71,50,305,-10" /><INIT seed="6,0,0,0,3,107" ten="187,397,121,295" oya="2" hai0="65,7,103,134,25,121,18,96,41,31,36,97,75" hai1="1,106,82,104,120,50,129,130,111,94,52,34,5" hai2="73,124,26,86,9,128,55,22,59,46,42,53,133" hai3="108,84,38,20,80,64,0,12,60,113,119,4,99"/><V49/><F128/><N who="1" m="49257" /><E111/><V27/><F133/><W114/><G119/><T83/><D134/><U76/><E34/><V2/><F124/><W116/><G116/><T71/><D121/><U68/><E68/><V10/><F2/><W102/><G38/><T39/><D18/><U127/><E120/><V58/><F73/><W90/><G108/><T30/><D97/><U51/><E94/><V123/><F123/><W17/><G4/><T88/><D7/><U35/><E35/><V8/><F86/><W67/><G0/><T29/><D25/><U19/><E19/><V105/><F105/><N who="1" m="40553" /><E52/><V57/><REACH who="2" step="1"/><F27/><REACH who="2" ten="187,397,111,295" step="2"/><W16/><G84/><T95/><D75/><U110/><E127/><V61/><F61/><W48/><G60/><T56/><D71/><U98/><E110/><V115/><F115/><W91/><G114/><T74/><D41/><U100/><E1/><V54/><F54/><W47/><G113/><T72/><D65/><U66/><E66/><V6/><F6/><W85/><G67/><T11/><D74/><U14/><E5/><V62/><F62/><W92/><G64/><T101/><D72/><U44/><E14/><V70/><F70/><W63/><G63/><T23/><D83/><U13/><E13/><V40/><F40/><W93/><G12/><T21/><D56/><U45/><E82/><V87/><F87/><W125/><G125/><T122/><D122/><U15/><E15/><V43/><F43/><W131/><G131/><T33/><D11/><U24/><E24/><V132/><F132/><W69/><G69/><T37/><D33/><U28/><E44/><RYUUKYOKU ba="0,1" sc="187,15,397,-15,111,15,295,-15" hai0="21,23,29,30,31,36,37,39,88,95,96,101,103" hai2="8,9,10,22,26,42,46,49,53,55,57,58,59" /><INIT seed="6,1,1,2,5,70" ten="202,382,126,280" oya="2" hai0="109,55,8,123,117,42,54,107,119,73,87,2,12" hai1="88,37,126,11,62,93,90,77,82,116,40,131,0" hai2="104,5,94,45,132,7,60,18,61,22,97,86,72" hai3="48,105,59,99,103,57,64,6,46,85,130,15,74"/><V122/><F122/><W91/><G74/><T79/><D109/><U16/><E116/><N who="0" m="44617" /><D123/><U113/><E62/><N who="2" m="24171" /><F72/><W31/><G31/><T43/><D107/><U23/><E0/><V21/><F132/><W19/><G6/><N who="2" m="2057" /><F104/><W41/><G64/><T83/><D2/><U110/><E37/><V108/><F108/><W78/><G78/><T118/><N who="0" m="44625" /><T3/><DORA hai="17" /><D3/><U106/><E106/><V53/><F86/><W30/><G130/><T80/><D43/><U134/><E131/><V135/><F135/><W49/><G49/><T111/><D42/><U14/><E134/><V24/><F45/><W36/><G30/><T39/><D39/><U38/><E38/><V66/><F66/><W63/><G63/><T52/><D111/><U120/><E110/><V47/><F47/><W51/><G51/><T71/><D71/><U1/><E1/><V98/><F53/><W44/><G44/><T115/><D115/><U102/><E40/><V133/><F133/><W101/><G48/><T68/><D68/><U95/><E113/><V81/><F81/><W27/><G36/><T67/><D67/><U9/><E82/><V33/><F33/><W129/><G129/><T84/><D83/><U75/><E75/><V26/><F94/><W32/><G32/><T58/><D58/><U127/><E95/><V114/><F114/><W112/><G112/><T29/><D73/><U56/><E120/><V100/><F100/><W35/><G103/><T25/><D80/><U4/><E102/><V121/><F121/><W128/><G128/><T125/><D84/><U89/><E93/><RYUUKYOKU ba="1,1" sc="202,-10,382,-10,126,30,280,-10" hai2="18,21,22,24,26,97,98" /><INIT seed="6,2,1,5,3,0" ten="192,372,156,270" oya="2" hai0="69,66,13,35,103,105,38,36,97,101,21,58,100" hai1="123,90,91,59,47,88,111,51,95,9,83,85,119" hai2="135,53,65,102,77,60,131,25,41,71,108,52,75" hai3="80,125,62,37,61,81,124,30,6,31,64,24,99"/><V12/><F131/><W70/><G37/><T22/><D35/><U118/><E111/><V54/><F135/><W17/><G99/><T72/><D69/><U133/><E133/><V50/><F108/><W45/><G45/><T116/><D116/><U20/><E123/><V76/><F102/><W14/><G6/><T84/><D72/><U129/><E129/><V48/><F25/><W109/><G62/><N who="0" m="38231" /><D38/><U46/><E9/><V106/><F106/><W49/><G49/><T34/><D34/><U121/><E121/><V40/><F75/><W56/><G70/><T93/><D36/><U98/><E90/><V89/><F89/><W39/><G39/><T87/><D105/><U110/><E110/><V67/><F67/><W18/><G18/><N who="0" m="10447" /><D22/><U117/><E20/><V104/><F104/><W15/><G15/><T44/><D44/><U79/><E91/><AGARI ba="2,1" hai="84,87,91,93,97,100,101,103" m="10447,38231" machi="91" ten="30,1000,0" yaku="8,1" doraHai="0" who="0" fromWho="1" sc="192,26,372,-16,156,0,270,0" /><INIT seed="7,0,0,1,5,118" ten="218,356,156,270" oya="3" hai0="48,86,115,5,114,126,109,90,89,96,125,8,76" hai1="49,30,62,43,51,83,132,59,38,27,34,127,78" hai2="45,75,128,124,110,0,91,40,88,12,92,70,133" hai3="135,57,85,19,94,41,130,67,36,79,73,55,9"/><W106/><G73/><T54/><D109/><U87/><E132/><V63/><F110/><W100/><G106/><T7/><D76/><U13/><E127/><N who="0" m="48649" /><D96/><U134/><E134/><V82/><F133/><W117/><G117/><T39/><D39/><U23/><E34/><V58/><F124/><W28/><G28/><T44/><D90/><U98/><E98/><V2/><F70/><W16/><G67/><T11/><D11/><U42/><E13/><V80/><F128/><W60/><G41/><N who="1" m="15370" /><E38/><V131/><F131/><W113/><G36/><T93/><D7/><U122/><E122/><V104/><F104/><W81/><G113/><T18/><D18/><U121/><E121/><V116/><F116/><W22/><G130/><T119/><D119/><U123/><E123/><V97/><F12/><AGARI ba="0,0" hai="5,8,12,44,48,54,86,89,93,114,115" m="48649" machi="12" ten="30,1000,0" yaku="18,1" doraHai="118" who="0" fromWho="2" sc="218,10,356,0,156,-10,270,0" owari="228,-17.2,356,45.6,146,-35.4,270,7.0" /></mjloggm>