<mjloggm ver="2.3"><GO type="169" lobby="0"/><UN n0="%45%72%77%69%6E%52%64" n1="%E3%81%8A%E3%82%8D%E3%81%BD%E3%82%93%32%E5%8F%B7" n2="%E5%A5%B3%E3%81%AA%E3%81%AE%E3%81%82%E3%81%8C%E3%82%89%E3%81%9B%E3%81%A6" n3="%E3%83%A4%E3%83%8A%E3%83%AA%E3%83%B3%E3%82%B9%E3%82%AD%E3%83%BC" dan="16,17,16,17" rate="2124.79,2191.19,2127.68,2153.04" sx="M,F,M,M"/><TAIKYOKU oya="0"/><INIT seed="0,0,0,4,2,107" ten="250,250,250,250" oya="0" hai0="23,18,58,72,5,119,29,108,56,121,80,114,52" hai1="13,17,69,66,92,81,44,126,26,7,101,105,38" hai2="116,41,20,57,39,32,123,91,117,1,132,67,54" hai3="76,70,90,36,50,64,51,4,131,16,0,40,21"/><T24/><D114/><U34/><E126/><V65/><F32/><W102/><G131/><T61/><D119/><N who="2" m="45642" /><F1/><W73/><G102/><T8/><D121/><U49/><E38/><V100/><F100/><W124/><G124/><T9/><D108/><U68/><E105/><V77/><F91/><W87/><G64/><N who="2" m="24649" /><F20/><W129/><G70/><T15/><D56/><U37/><E37/><V133/><F77/><W6/><G129/><T118/><D118/><U43/><E66/><V53/><F123/><W62/><G62/><T122/><D122/><U2/><E81/><V55/><F57/><W130/><G130/><T86/><D8/><U30/><E7/><V63/><F63/><W10/><G4/><T85/><REACH who="0" step="1"/><D5/><REACH who="0" ten="240,250,250,250" step="2"/><U47/><E69/><V78/><F78/><AGARI ba="0,1" hai="9,15,18,23,24,29,52,58,61,72,78,80,85,86" machi="78" ten="40,12000,1" yaku="1,1,2,1,52,1,54,1,53,1" doraHai="107" doraHaiUra="22" who="0" fromWho="2" sc="240,130,250,0,250,-120,250,0" /><INIT seed="0,1,0,0,3,88" ten="370,250,130,250" oya="0" hai0="57,40,48,96,114,63,87,14,45,29,112,20,13" hai1="83,37,62,46,125,120,50,38,133,19,51,27,104" hai2="126,106,70,42,78,89,56,116,36,49,98,134,108" hai3="60,39,23,1,67,18,59,77,107,8,35,54,64"/><T100/><D87/><U135/><E120/><V58/><F70/><W85/><G39/><N who="1" m="14858" /><E104/><V72/><F36/><W6/><G107/><T103/><D103/><U4/><E4/><V69/><F69/><W61/><G35/><T101/><D101/><U105/><E105/><V17/><F108/><W90/><G77/><T7/><D7/><U47/><E83/><V15/><F116/><W53/><G61/><T109/><D109/><U128/><E27/><V16/><F106/><W41/><G41/><T113/><D29/><U124/><E19/><V52/><F42/><W55/><G64/><T80/><D80/><U65/><E51/><V34/><F34/><W21/><REACH who="3" step="1"/><G18/><REACH who="3" ten="370,250,130,240" step="2"/><T11/><D113/><U129/><E62/><V3/><F78/><W33/><G33/><T0/><D114/><U74/><E65/><V30/><F17/><W86/><G86/><T31/><D112/><U43/><E74/><V26/><F72/><W28/><G28/><T110/><D110/><U130/><E47/><V119/><F119/><W127/><G127/><AGARI ba="1,1" hai="43,46,50,124,125,127,128,129,130,133,135" m="14858" machi="127" ten="40,12000,2" yaku="30,2,18,1,19,1,34,2" doraHai="88" who="1" fromWho="3" sc="370,0,250,133,130,0,240,-123" /><INIT seed="1,0,0,2,3,97" ten="370,383,130,117" oya="1" hai0="60,22,28,120,104,66,16,77,62,30,46,42,52" hai1="19,43,99,63,130,70,127,125,1,48,73,57,75" hai2="31,13,88,101,8,2,93,68,89,105,110,50,41" hai3="37,9,129,44,76,132,119,38,15,4,133,27,64"/><U100/><E1/><V36/><F36/><W69/><G129/><T65/><D104/><U3/><E3/><V112/><F68/><W34/><G119/><T61/><D120/><U115/><E115/><V45/><F112/><W35/><G76/><T94/><D77/><U95/><E130/><V106/><F2/><W123/><G123/><T7/><D7/><U118/><E118/><V21/><F110/><W49/><G64/><N who="0" m="24683" /><D94/><U79/><E70/><V113/><F113/><W128/><G69/><T6/><D6/><U92/><E63/><V24/><F105/><W108/><G108/><T114/><D42/><U23/><E95/><V96/><F106/><W86/><G86/><T5/><D5/><AGARI ba="0,0" hai="5,8,13,21,24,31,41,45,50,88,89,93,96,101" machi="5" ten="30,7700,0" yaku="7,1,8,1,52,1,54,1" doraHai="97" who="2" fromWho="0" sc="370,-77,383,0,130,77,117,0" /><INIT seed="2,0,0,1,0,99" ten="293,383,207,117" oya="2" hai0="73,53,8,75,56,81,112,45,93,25,126,104,96" hai1="30,11,12,113,83,9,49,16,23,117,19,101,42" hai2="2,97,50,36,78,39,6,114,10,116,3,85,17" hai3="68,95,90,89,21,14,48,131,87,107,18,88,133"/><V86/><F116/><W74/><G68/><T115/><D104/><U71/><E117/><V69/><F69/><W92/><G131/><T29/><D126/><U57/><E71/><V129/><F114/><W34/><G133/><T33/><D45/><U65/><E113/><V102/><F129/><W44/><G107/><T125/><D125/><U106/><E30/><V26/><F3/><W1/><G34/><T109/><D109/><U62/><E83/><V13/><F26/><W105/><G105/><T58/><D58/><U111/><E111/><V54/><F39/><W27/><G74/><T130/><D130/><U135/><E135/><V40/><F40/><W67/><G67/><T55/><D55/><U7/><E19/><V77/><F36/><W22/><G1/><T123/><D123/><U79/><E79/><N who="2" m="30219" /><F6/><W59/><G59/><T98/><D98/><U51/><E42/><V80/><F80/><W28/><REACH who="3" step="1"/><G92/><REACH who="3" ten="293,383,207,107" step="2"/><T132/><D73/><U134/><E134/><V70/><F70/><W52/><AGARI ba="0,1" hai="14,18,21,22,27,28,44,48,52,87,88,89,90,95" machi="52" ten="20,16000,3" yaku="1,1,2,1,0,1,7,1,8,1,54,2,53,1" doraHai="99" doraHaiUra="91" who="3" fromWho="3" sc="293,-40,383,-40,207,-80,107,170" /><INIT seed="3,0,0,2,0,34" ten="253,343,127,277" oya="3" hai0="105,44,30,122,131,50,20,125,64,76,103,65,99" hai1="107,102,81,53,43,129,10,11,28,59,3,83,135" hai2="13,62,72,96,6,130,15,33,127,113,58,92,8" hai3="5,66,79,0,27,115,1,104,88,21,94,36,86"/><W106/><G115/><T35/><D122/><U124/><E129/><V31/><F113/><W29/><G36/><T25/><D131/><U82/><E135/><V47/><F130/><W23/><G66/><T38/><D38/><U71/><E71/><V78/><F127/><W119/><G119/><T68/><D125/><U73/><E73/><V120/><F120/><W95/><G79/><T2/><D2/><U57/><E124/><V84/><F72/><W101/><G21/><T56/><D56/><U12/><E43/><V41/><F33/><W98/><REACH who="3" step="1"/><G5/><REACH who="3" ten="253,343,127,267" step="2"/><T39/><D39/><U42/><E28/><V19/><F31/><W17/><G17/><T91/><D76/><U116/><E116/><V89/><F19/><W40/><G40/><T70/><D20/><U4/><E42/><V14/><F78/><W22/><G22/><T100/><D64/><U61/><E53/><V132/><F132/><W51/><G51/><T16/><D16/><U126/><E126/><V117/><F117/><W108/><G108/><T69/><D65/><U85/><E61/><V49/><REACH who="2" step="1"/><F96/><REACH who="2" ten="253,343,117,267" step="2"/><W112/><G112/><T60/><D35/><U134/><E134/><V24/><F24/><W37/><G37/><T133/><D25/><U93/><E4/><V110/><F110/><W9/><G9/><T75/><D133/><U118/><E118/><V90/><F90/><W67/><G67/><AGARI ba="0,2" hai="6,8,13,14,15,41,47,49,58,62,67,84,89,92" machi="67" ten="30,3900,0" yaku="1,1,7,1,8,1,53,0" doraHai="34" doraHaiUra="109" who="2" fromWho="3" sc="253,0,343,0,117,59,267,-39" /><INIT seed="4,0,0,3,1,99" ten="253,343,176,228" oya="0" hai0="93,57,72,64,43,21,116,79,94,77,125,131,100" hai1="59,73,133,52,110,51,15,14,78,32,97,102,105" hai2="108,38,83,30,91,132,3,16,60,88,2,106,66" hai3="26,46,104,69,48,115,50,86,118,80,54,37,29"/><T123/><D116/><U113/><E110/><V1/><F108/><W126/><G118/><T62/><D123/><U109/><E109/><V75/><F38/><W67/><G115/><T121/><D121/><U81/><E32/><V89/><F132/><W76/><G126/><T68/><D125/><U58/><E133/><V56/><F106/><W70/><G104/><T65/><D131/><U24/><E113/><V103/><F30/><W74/><G37/><T33/><D33/><U96/><E24/><V6/><F103/><W114/><G114/><T7/><D72/><U11/><E97/><V95/><F6/><W120/><G120/><T13/><D43/><U41/><E41/><V124/><F124/><W129/><G129/><T18/><D7/><U44/><E14/><V10/><F83/><W8/><G67/><N who="0" m="39375" /><D68/><U117/><E117/><V101/><F75/><W49/><G74/><T55/><D55/><U27/><E27/><V63/><F63/><W135/><G135/><T42/><D42/><U40/><E40/><V119/><F119/><W92/><G8/><T130/><D130/><U82/><E81/><V85/><REACH who="2" step="1"/><F101/><REACH who="2" ten="253,343,166,228" step="2"/><W107/><G107/><T127/><D127/><U20/><E20/><V28/><F28/><W36/><G36/><T39/><D39/><U47/><E44/><V84/><F84/><W17/><G29/><T31/><D31/><U25/><E25/><V35/><F35/><W111/><G111/><T0/><D0/><U98/><E96/><V71/><F71/><N who="3" m="27147" /><G92/><N who="0" m="35435" /><D100/><U5/><AGARI ba="0,1" hai="5,11,15,47,51,52,58,59,73,78,82,98,102,105" machi="5" ten="20,5200,0" yaku="0,1,7,1,52,1,54,1" doraHai="99" who="1" fromWho="1" sc="253,-26,343,62,166,-13,228,-13" /><INIT seed="5,0,0,0,0,27" ten="227,405,153,215" oya="1" hai0="135,10,18,108,85,12,4,105,80,54,21,115,84" hai1="60,81,67,126,102,40,9,24,78,16,90,37,48" hai2="120,45,66,51,104,122,86,1,29,82,64,34,35" hai3="130,65,97,36,101,11,107,43,73,109,30,15,74"/><U94/><E37/><V116/><F116/><W88/><G109/><T33/><D108/><U72/><E126/><V38/><F38/><W92/><G130/><T129/><D129/><U69/><E102/><V7/><F104/><W53/><G65/><T125/><D105/><U39/><E39/><V99/><F99/><W113/><G113/><T0/><D115/><U83/><E83/><V52/><F1/><W3/><G3/><T31/><D125/><U55/><E40/><V62/><F7/><W5/><G53/><T71/><D71/><U57/><E9/><V8/><F8/><W46/><REACH who="3" step="1"/><G30/><REACH who="3" ten="227,405,153,205" step="2"/><T2/><D2/><U89/><E94/><V133/><F66/><W111/><G111/><T75/><D54/><U26/><E26/><V121/><F133/><W22/><G22/><T128/><D135/><U17/><E24/><V127/><F127/><W50/><G50/><T117/><D128/><U13/><E13/><V119/><F119/><W28/><G28/><T58/><D117/><U96/><E48/><V20/><F20/><W123/><G123/><T103/><D31/><U77/><E55/><V95/><F29/><W25/><G25/><T132/><D132/><U42/><E67/><V49/><F49/><W134/><G134/><T56/><D33/><U110/><E110/><V87/><F64/><W70/><G70/><T47/><D0/><U23/><E69/><V131/><F131/><W106/><G106/><T114/><D21/><U41/><E23/><V19/><F62/><W100/><G100/><T91/><D103/><U118/><E60/><V98/><F121/><RYUUKYOKU ba="0,1" sc="227,-10,405,-10,153,-10,205,30" hai3="5,11,15,36,43,46,73,74,88,92,97,101,107" /><INIT seed="6,1,1,4,0,134" ten="217,395,143,235" oya="2" hai0="82,53,72,100,89,76,114,65,5,21,52,26,43" hai1="4,118,128,27,17,1,92,90,25,68,54,11,99" hai2="44,97,58,12,124,70,113,19,60,74,93,123,13" hai3="105,86,107,41,18,121,131,31,36,32,104,24,117"/><V34/><F123/><W87/><G121/><T116/><D114/><U91/><E118/><V47/><F113/><W59/><G117/><T69/><D116/><U85/><E128/><V81/><F70/><W49/><G131/><T133/><D133/><U73/><E73/><V64/><F34/><W103/><G103/><T135/><D100/><U45/><E68/><V110/><F110/><W51/><G36/><T109/><D109/><U67/><E67/><V23/><F124/><W0/><G0/><T29/><D135/><U71/><E71/><V77/><REACH who="2" step="1"/><F13/><REACH who="2" ten="217,395,133,235" step="2"/><W37/><G32/><T30/><D69/><U48/><E17/><V119/><F119/><W79/><G18/><T3/><D3/><U120/><E120/><V102/><AGARI ba="1,2" hai="12,19,23,44,47,58,60,64,74,77,81,93,97,102" machi="102" ten="20,7800,0" yaku="1,1,0,1,7,1,53,1" doraHai="134" doraHaiUra="14" who="2" fromWho="2" sc="217,-27,395,-27,133,101,235,-27" /><INIT seed="6,2,0,1,4,32" ten="190,368,234,208" oya="2" hai0="53,95,96,18,26,101,127,117,97,54,78,126,123" hai1="23,19,118,6,49,44,36,58,2,103,46,50,81" hai2="35,0,65,82,93,67,131,48,110,106,77,31,104" hai3="10,120,135,69,70,52,122,125,45,13,66,113,39"/><V8/><F131/><W107/><G107/><T5/><D123/><U64/><E118/><V119/><F119/><W55/><G125/><N who="0" m="47627" /><D117/><U102/><E36/><V1/><F110/><W7/><G135/><T73/><D96/><U72/><E6/><V128/><F128/><W99/><G113/><T16/><D5/><U56/><E2/><V109/><F109/><W89/><G120/><T34/><D34/><U91/><E72/><V116/><F116/><W37/><G122/><T105/><D105/><U84/><E50/><V86/><F31/><W115/><G115/><T79/><D73/><U132/><E46/><V80/><F35/><W114/><G114/><T87/><D87/><U111/><E132/><V59/><F93/><W38/><G45/><T108/><D108/><U121/><E121/><V29/><F29/><W76/><G76/><N who="0" m="29227" /><D26/><N who="1" m="14719" /><E111/><V9/><F86/><W61/><REACH who="3" step="1"/><G69/><REACH who="3" ten="190,368,234,198" step="2"/><T40/><D40/><N who="1" m="24711" /><E56/><V21/><F59/><W14/><G14/><T98/><D98/><U63/><AGARI ba="2,1" hai="58,63,64,81,84,91,102,103" m="24711,14719" machi="63" ten="30,1100,0" yaku="8,1" doraHai="32" who="1" fromWho="1" sc="190,-5,368,27,234,-7,198,-5" /><INIT seed="7,0,0,2,5,77" ten="185,395,227,193" oya="3" hai0="70,28,120,80,30,58,133,45,103,94,127,16,48" hai1="78,130,126,128,134,71,116,55,12,36,32,22,113" hai2="24,129,52,63,66,38,19,124,84,135,90,4,10" hai3="0,46,96,121,17,65,20,89,29,118,47,114,51"/><W57/><G118/><T75/><D120/><U33/><E36/><V76/><F38/><W21/><G121/><T9/><D70/><U37/><E37/><V92/><F124/><W8/><G114/><T131/><D133/><U39/><E39/><V72/><F135/><W83/><G0/><T25/><D127/><U1/><E71/><V23/><F129/><W35/><G35/><T5/><D131/><N who="1" m="50219" /><E1/><V91/><F52/><N who="3" m="31903" /><G65/><T14/><D58/><U93/><E134/><V60/><F72/><W111/><G111/><T108/><D108/><U7/><E126/><V18/><F76/><W54/><G29/><T82/><D75/><U99/><E113/><V104/><F104/><W122/><G122/><T125/><D5/><U101/><E78/><V41/><F19/><W85/><G96/><N who="0" m="59799" /><D125/><U56/><E116/><V61/><F41/><W49/><G47/><T62/><D62/><N who="1" m="36127" /><E7/><V119/><F119/><W13/><AGARI ba="0,0" hai="8,13,17,20,21,46,49,54,83,85,89" m="31903" machi="13" ten="30,11700,0" yaku="25,1,8,1,52,1,54,1" doraHai="77" who="3" fromWho="3" sc="185,-39,395,-39,227,-39,193,117" /><INIT seed="7,1,0,2,4,27" ten="146,356,188,310" oya="3" hai0="17,72,57,65,47,89,68,49,91,103,46,92,67" hai1="44,8,3,87,85,48,98,43,81,21,132,128,13" hai2="14,42,20,119,82,109,70,34,104,41,45,97,116" hai3="135,102,111,38,9,79,117,122,23,76,80,125,123"/><W105/><G38/><T40/><D72/><U54/><E128/><V61/><F109/><W39/><G39/><T64/><D68/><U5/><E132/><V28/><F82/><W106/><G23/><T51/><D57/><U7/><E87/><V6/><F20/><W133/><G9/><T113/><D113/><U75/><E75/><V4/><F14/><W59/><G59/><T60/><D60/><U53/><E5/><V10/><F42/><W12/><G12/><T18/><D103/><U90/><E98/><V88/><F6/><W130/><G130/><T62/><D62/><U77/><E90/><V66/><F88/><W129/><G129/><T86/><REACH who="0" step="1"/><D89/><REACH who="0" ten="136,356,188,310" step="2"/><U94/><E94/><V112/><F112/><W19/><G102/><T22/><D22/><U115/><E115/><V131/><F131/><W50/><G111/><T120/><D120/><U73/><E73/><V25/><F119/><W31/><G122/><T127/><D127/><U126/><E126/><V118/><F118/><W0/><G123/><T24/><D24/><U93/><E93/><V108/><F116/><W83/><G117/><T134/><D134/><U36/><E21/><V63/><F63/><W96/><G125/><T16/><D16/><U1/><E77/><V74/><F74/><W58/><G19/><T55/><AGARI ba="1,1" hai="17,18,40,46,47,49,51,55,64,65,67,86,91,92" machi="55" ten="30,4000,0" yaku="1,1,0,1,8,1,53,0" doraHai="27" doraHaiUra="2" who="0" fromWho="0" sc="136,53,356,-11,188,-11,310,-21" owari="189,-21.1,345,44.5,177,-32.3,289,8.9" /></mjloggm>