<mjloggm ver="2.3"><GO type="225" lobby="0"/><UN n0="%33%74%72%65%65" n1="%E3%83%96%E3%83%83%E3%83%91%E3%82%AA%E3%83%96%E3%83%81%E3%82%AD%E3%83%B3" n2="%E6%81%A5%E6%99%92%E3%81%97" n3="%E3%82%BC%E3%83%AB%E3%83%80%E3%81%AE%E4%BC%9D%E8%AA%AC" dan="17,16,16,17" rate="2161.82,2138.00,2057.18,2145.28" sx="F,M,M,M"/><TAIKYOKU oya="0"/><INIT seed="0,0,0,2,2,113" ten="250,250,250,250" oya="0" hai0="101,10,25,32,83,9,121,88,65,105,5,60,61" hai1="6,41,129,11,124,12,89,127,97,134,19,132,81" hai2="70,82,112,103,3,48,58,38,123,68,117,128,28" hai3="114,7,59,8,80,90,43,35,106,52,79,57,42"/><T54/><D121/><U109/><E41/><V115/><F123/><W119/><G114/><T15/><D105/><U99/><E109/><V104/><F38/><W40/><G35/><T21/><D32/><U0/><E81/><V36/><F36/><W94/><G106/><T66/><D101/><U110/><E110/><V63/><F3/><W45/><G119/><T55/><D10/><N who="1" m="2375" /><E89/><V14/><F128/><W73/><G59/><T44/><D44/><U76/><E76/><V23/><F82/><W39/><G94/><T130/><D130/><U133/><E99/><N who="2" m="61567" /><F48/><W118/><G118/><T111/><D111/><U96/><E96/><V72/><F72/><W85/><G85/><N who="0" m="50239" /><D61/><U13/><E97/><V53/><F117/><W102/><G90/><T37/><D37/><U67/><E129/><V34/><F68/><W29/><G29/><N who="0" m="17583" /><D60/><U2/><E2/><V108/><F70/><W107/><G102/><T126/><D126/><N who="1" m="48171" /><E67/><AGARI ba="0,0" hai="5,9,15,54,55,65,66,67" m="17583,50239" machi="67" ten="30,2900,0" yaku="8,1,54,1" doraHai="113" who="0" fromWho="1" sc="250,29,250,-29,250,0,250,0" /><INIT seed="0,1,0,1,0,124" ten="279,221,250,250" oya="0" hai0="129,120,68,64,76,22,12,71,72,119,48,52,16" hai1="30,47,49,85,33,86,82,81,106,69,43,134,132" hai2="67,127,93,24,107,90,7,6,89,65,108,55,17" hai3="62,79,53,19,84,113,37,4,123,42,20,39,96"/><T44/><D119/><U54/><E106/><V118/><F127/><W8/><G113/><T133/><D120/><U130/><E69/><V98/><F118/><W99/><G123/><T50/><D133/><N who="1" m="51307" /><E33/><V10/><F108/><W18/><G42/><T135/><D135/><U97/><E30/><V100/><F55/><W111/><G111/><T109/><D109/><U61/><E97/><V83/><F107/><W110/><G110/><T59/><D129/><U41/><E130/><V32/><F32/><W74/><G74/><T3/><D3/><U40/><E61/><V102/><F102/><W25/><G19/><T88/><D64/><U15/><E15/><N who="2" m="7415" /><F24/><W70/><G39/><T116/><D116/><U14/><E14/><V128/><F128/><W26/><G26/><T101/><D101/><U5/><E5/><V1/><F1/><W58/><G37/><T60/><D60/><U92/><E92/><V104/><F104/><W66/><G79/><T105/><D105/><U27/><E27/><V95/><F83/><AGARI ba="1,0" hai="40,41,43,47,49,54,81,82,83,85,86" m="51307" machi="83" ten="30,1000,0" yaku="20,1" doraHai="124" who="1" fromWho="2" sc="279,0,221,13,250,-13,250,0" /><INIT seed="1,0,0,2,2,49" ten="279,234,237,250" oya="1" hai0="16,114,23,73,126,36,2,29,80,128,90,121,14" hai1="123,3,12,116,18,19,4,79,99,88,38,5,72" hai2="32,101,44,108,69,21,75,27,54,104,8,20,135" hai3="93,92,82,43,96,112,59,41,10,74,30,78,34"/><U67/><E116/><V85/><F75/><W103/><G112/><T113/><D128/><U125/><E123/><V31/><F108/><W56/><G10/><T47/><D121/><U48/><E38/><V129/><F129/><W119/><G119/><T127/><D2/><U83/><E3/><V124/><F124/><N who="0" m="47658" /><D29/><U0/><E125/><V37/><F135/><W22/><G34/><T1/><D1/><U107/><E0/><V62/><F85/><N who="3" m="48343" /><G92/><T110/><D110/><U63/><E19/><V9/><F37/><W71/><G71/><T45/><D90/><U100/><E48/><N who="2" m="28935" /><F9/><W24/><G74/><T26/><D80/><U25/><E25/><V132/><F8/><W57/><AGARI ba="0,0" hai="22,24,30,41,43,56,57,59,93,96,103" m="48343" machi="57" ten="30,1100,0" yaku="8,1" doraHai="49" who="3" fromWho="3" sc="279,-3,234,-5,237,-3,250,11" /><INIT seed="2,0,0,0,0,5" ten="276,229,234,261" oya="2" hai0="83,0,99,40,84,108,64,111,78,33,102,87,3" hai1="120,103,133,46,114,28,85,13,100,69,79,56,52" hai2="119,132,113,23,17,109,134,30,54,27,82,39,36" hai3="89,61,45,16,31,118,19,130,59,35,115,101,110"/><V37/><F113/><W107/><G118/><T97/><D33/><U128/><E69/><V81/><F119/><W60/><G115/><T73/><D64/><U41/><E114/><V126/><F126/><W21/><G110/><N who="0" m="42027" /><D40/><U106/><E106/><V49/><F109/><W9/><G130/><T124/><D124/><U18/><E128/><V1/><F1/><N who="0" m="586" /><D99/><U51/><E133/><N who="2" m="51307" /><F30/><W34/><G89/><T98/><D98/><U88/><E28/><V48/><F48/><W80/><G80/><T43/><D43/><U105/><E79/><V71/><F71/><W53/><G61/><T14/><D14/><U12/><E105/><AGARI ba="0,0" hai="73,78,83,84,87,97,102,105" m="586,42027" machi="105" ten="30,1000,0" yaku="14,1" doraHai="5" who="0" fromWho="1" sc="276,10,229,-10,234,0,261,0" /><INIT seed="3,0,0,5,3,63" ten="286,219,234,261" oya="3" hai0="82,68,55,111,76,73,124,129,104,79,15,113,90" hai1="84,54,31,134,35,114,126,28,60,95,99,48,40" hai2="8,29,97,66,109,14,121,78,101,96,13,45,23" hai3="0,116,132,69,83,93,108,57,64,89,34,6,100"/><W118/><G34/><T65/><D104/><U110/><E114/><V133/><F109/><W125/><G69/><T112/><D111/><U120/><E110/><V71/><F133/><W33/><G108/><T53/><D129/><U106/><E120/><V4/><F121/><W9/><G33/><T74/><D124/><U19/><E134/><V26/><F78/><W5/><G132/><T86/><D15/><U21/><E126/><V20/><F45/><W127/><G127/><T85/><D68/><U41/><E84/><V115/><F115/><N who="0" m="44106" /><D65/><U123/><E60/><V81/><F81/><W7/><G125/><T50/><D79/><U1/><E1/><V94/><F71/><W62/><G100/><T105/><D105/><U119/><E106/><V70/><F70/><W77/><G116/><T75/><D50/><U46/><E119/><V59/><F14/><W12/><G0/><T92/><AGARI ba="0,0" hai="53,55,73,74,75,76,82,85,86,90,92" m="44106" machi="92" ten="40,1500,0" yaku="11,1" doraHai="63" who="0" fromWho="0" sc="286,15,219,-4,234,-4,261,-7" owari="301,40.1,215,-28.5,230,-17.0,254,5.4" /></mjloggm>