<mjloggm ver="2.3"><GO type="169" lobby="0"/><UN n0="%E6%9D%B1%E4%BA%AC%E9%9B%BB%E5%8A%9B" n1="%6C%6E%61%69" n2="%E5%A4%A7%E7%A9%BA%E3%82%B9%E3%83%90%E3%83%AB%E2%98%86" n3="%65%6B%61%72%75%74%65" dan="17,16,16,16" rate="2176.41,2050.58,2099.43,2093.18" sx="M,M,F,M"/><TAIKYOKU oya="0"/><INIT seed="0,0,0,3,4,72" ten="250,250,250,250" oya="0" hai0="33,31,85,131,67,9,128,123,84,109,8,104,0" hai1="132,80,120,115,25,58,101,23,133,77,21,118,7" hai2="17,43,63,83,71,75,11,61,82,87,56,10,116" hai3="99,92,64,91,74,6,30,1,108,125,36,113,111"/><T130/><D123/><U3/><E118/><V52/><F116/><W96/><G113/><T54/><D109/><N who="3" m="42057" /><G125/><T76/><D104/><U103/><E120/><V106/><F106/><W124/><G124/><T26/><D67/><U46/><E115/><V12/><F43/><W55/><G36/><T68/><D68/><U90/><E90/><V42/><F42/><W15/><G74/><T32/><D32/><U48/><E58/><V35/><F35/><W41/><G41/><T51/><D0/><U20/><E25/><V57/><F71/><W47/><G30/><T105/><D105/><U45/><E7/><V38/><F38/><W59/><G1/><T50/><D50/><U2/><E2/><V102/><F102/><N who="1" m="38921" /><E48/><V60/><F11/><N who="0" m="4170" /><D76/><U14/><E14/><V89/><F75/><W28/><G15/><T53/><D53/><U66/><E66/><N who="2" m="39175" /><F63/><N who="3" m="38015" /><G6/><T119/><D119/><U5/><E5/><V95/><AGARI ba="0,0" hai="10,12,17,52,57,61,82,83,87,89,95" m="39175" machi="95" ten="30,2000,0" yaku="8,1,54,1" doraHai="72" who="2" fromWho="2" sc="250,-10,250,-5,250,20,250,-5" /><INIT seed="1,0,0,5,3,55" ten="240,245,270,245" oya="1" hai0="59,95,98,45,70,90,8,0,86,115,51,108,75" hai1="99,33,57,3,39,117,65,31,124,96,127,32,119" hai2="83,74,28,87,104,88,42,78,118,40,77,54,129" hai3="113,23,14,126,30,2,64,58,22,123,62,27,94"/><U24/><E39/><V34/><F104/><W101/><G123/><T84/><D70/><U36/><E36/><V103/><F103/><W128/><G113/><T29/><D75/><U107/><E3/><V92/><F118/><W72/><G2/><T100/><D108/><U114/><E114/><V131/><F78/><W1/><G1/><T17/><D115/><U102/><E96/><V18/><F18/><W81/><G126/><N who="1" m="48170" /><E33/><V56/><F28/><W66/><G128/><N who="2" m="49225" /><F34/><W133/><G133/><T16/><D29/><U73/><E73/><V93/><F93/><W134/><G134/><T48/><D86/><U122/><E122/><V130/><N who="2" m="49233" /><V121/><DORA hai="82" /><F121/><W112/><G112/><T11/><D51/><AGARI ba="0,0" hai="40,42,51,54,56,74,77,83,87,88,92" m="49233" machi="51" ten="40,8000,1" yaku="19,1,52,2,54,1" doraHai="55,82" who="2" fromWho="0" sc="240,-80,245,0,270,80,245,0" /><INIT seed="2,0,0,1,1,104" ten="160,245,350,245" oya="2" hai0="91,99,1,76,5,111,90,123,63,57,8,47,79" hai1="20,61,60,128,14,68,32,98,85,100,113,31,72" hai2="56,28,4,93,97,110,135,116,89,40,82,86,27" hai3="75,62,126,84,109,6,118,114,108,16,18,53,2"/><V33/><F116/><W44/><G118/><T67/><D123/><U92/><E113/><V74/><F135/><W7/><G114/><T83/><D111/><N who="3" m="42569" /><G126/><T29/><D29/><U71/><E128/><V120/><F120/><W50/><G84/><T121/><D121/><U102/><E32/><V107/><F110/><W51/><G62/><T0/><D0/><U78/><E102/><V48/><F4/><N who="3" m="1579" /><G2/><T43/><D99/><U21/><E61/><V12/><F12/><W37/><G37/><T131/><D79/><U77/><E60/><V24/><F24/><W30/><G30/><T87/><REACH who="0" step="1"/><D131/><REACH who="0" ten="150,245,350,245" step="2"/><U36/><E78/><V34/><F28/><W17/><G51/><AGARI ba="0,1" hai="1,5,8,43,47,51,57,63,67,76,83,87,90,91" machi="51" ten="30,3900,0" yaku="1,1,2,1,7,1,53,0" doraHai="104" doraHaiUra="64" who="0" fromWho="3" sc="150,49,245,0,350,0,245,-39" /><INIT seed="3,0,0,4,0,64" ten="199,245,350,206" oya="3" hai0="42,62,109,101,107,108,125,9,28,67,74,57,36" hai1="70,20,87,76,10,3,106,97,51,22,112,123,26" hai2="116,29,34,19,81,117,33,18,54,124,94,133,128" hai3="23,30,38,6,4,11,88,93,105,55,12,95,59"/><W80/><G105/><T2/><D28/><U66/><E123/><V83/><F94/><W111/><G38/><T21/><D21/><U24/><E112/><V41/><F29/><W56/><G111/><N who="0" m="42571" /><D74/><U78/><E51/><V45/><F54/><W85/><G4/><T65/><D9/><U14/><E3/><V122/><F45/><W16/><G30/><T73/><D73/><U118/><E118/><V53/><F53/><W63/><REACH who="3" step="1"/><G56/><REACH who="3" ten="199,245,350,196" step="2"/><T126/><D107/><U44/><E106/><V7/><F7/><W47/><G47/><N who="0" m="24007" /><D2/><AGARI ba="0,1" hai="2,6,11,12,16,23,55,59,63,80,85,88,93,95" machi="2" ten="30,12000,1" yaku="1,1,7,1,54,2,53,1" doraHai="64" doraHaiUra="15" who="3" fromWho="0" sc="199,-120,245,0,350,0,196,130" /><INIT seed="3,1,0,3,5,7" ten="79,245,350,326" oya="3" hai0="0,40,26,100,119,90,89,28,68,109,52,29,92" hai1="72,32,2,23,130,133,61,64,33,66,91,131,77" hai2="25,80,24,54,45,98,125,88,94,126,34,105,17" hai3="113,106,79,12,48,110,47,114,30,6,14,83,63"/><W74/><G106/><T57/><D119/><U1/><E133/><V84/><F105/><W16/><G30/><T99/><D109/><U27/><E72/><V103/><F34/><N who="1" m="13417" /><E77/><V62/><F17/><W95/><G63/><T104/><D68/><U3/><E91/><V127/><F62/><W19/><G95/><T97/><D0/><U38/><E38/><V129/><F129/><N who="1" m="49161" /><E61/><V102/><F102/><W60/><G60/><T96/><D40/><U85/><E85/><V81/><F81/><W93/><G93/><T44/><D44/><U15/><E15/><V11/><F11/><W69/><G6/><T22/><D99/><U132/><E132/><V49/><AGARI ba="1,0" hai="24,25,45,49,54,80,84,88,94,98,103,125,126,127" machi="49" ten="40,5200,0" yaku="0,1,18,1,54,1" doraHai="7" who="2" fromWho="2" sc="79,-14,245,-14,350,55,326,-27" /><INIT seed="4,0,0,1,3,23" ten="65,231,405,299" oya="0" hai0="12,115,4,52,31,18,42,70,96,56,51,113,82" hai1="84,110,119,131,62,39,50,5,35,10,94,81,48" hai2="29,107,104,49,124,66,109,57,132,75,60,98,63" hai3="128,44,102,2,93,55,11,46,89,36,54,25,15"/><T71/><D4/><U67/><E110/><V16/><F109/><W116/><G116/><T47/><D96/><U126/><E39/><V85/><F75/><W74/><G74/><T92/><D92/><U19/><E119/><V100/><F29/><W97/><G2/><T135/><D135/><U6/><E126/><V103/><F49/><W80/><G128/><T78/><D31/><U69/><E131/><V125/><F63/><W1/><G1/><T88/><D113/><U64/><E35/><V101/><F132/><W65/><G65/><T111/><D111/><U129/><E129/><V61/><F61/><W79/><G79/><T34/><D34/><U21/><E67/><V76/><F16/><N who="3" m="8319" /><G36/><T105/><D105/><U30/><E94/><V108/><F108/><W73/><G73/><T106/><D106/><U118/><E30/><V58/><F58/><W130/><G130/><T37/><D115/><U41/><E118/><V3/><F3/><W90/><G25/><T14/><D14/><U91/><E41/><V45/><F107/><W68/><G68/><T95/><D78/><U114/><E114/><V112/><F112/><W26/><G26/><T20/><REACH who="0" step="1"/><D82/><REACH who="0" ten="55,231,405,299" step="2"/><U7/><E7/><V27/><F98/><N who="3" m="59727" /><G80/><T43/><D43/><U22/><E5/><V53/><F104/><W83/><G97/><T28/><D28/><U59/><E6/><V77/><F77/><W32/><G32/><T133/><D133/><U33/><E33/><V120/><F76/><W24/><G83/><T8/><D8/><U123/><E10/><V40/><F40/><W117/><G117/><RYUUKYOKU ba="0,1" sc="55,30,231,-10,405,-10,299,-10" hai0="12,18,20,37,42,47,51,52,56,70,71,88,95" /><INIT seed="4,1,1,1,0,115" ten="85,221,395,289" oya="0" hai0="66,49,121,47,53,28,83,71,97,102,86,117,36" hai1="27,78,61,43,8,131,5,10,23,134,39,109,72" hai2="99,21,7,91,82,4,42,30,94,19,15,132,110" hai3="105,95,40,60,130,34,135,67,129,1,87,68,12"/><T35/><D121/><U88/><E109/><V127/><F110/><W24/><G105/><T29/><D117/><U107/><E107/><V16/><F127/><W56/><G1/><T14/><D36/><U100/><E100/><V32/><F132/><W52/><G135/><T69/><D35/><U44/><E134/><V80/><F42/><W118/><G40/><T2/><D2/><U120/><E120/><V41/><F41/><W63/><G12/><T17/><D69/><U106/><E106/><V128/><F128/><N who="3" m="49259" /><G87/><T77/><D66/><U79/><E72/><V37/><F37/><W57/><G95/><T92/><D92/><U85/><BYE who="0" /><E61/><V73/><F73/><W104/><G104/><T89/><D89/><U6/><E6/><N who="2" m="2091" /><F30/><N who="3" m="19783" /><G68/><UN n0="%E6%9D%B1%E4%BA%AC%E9%9B%BB%E5%8A%9B" /><T31/><D71/><U103/><E103/><V114/><F114/><W101/><G101/><T33/><D33/><U22/><E131/><V55/><F32/><W48/><G63/><T75/><D75/><U3/><E8/><N who="2" m="6247" /><F55/><W65/><G65/><T50/><D50/><U112/><E112/><V84/><F84/><W13/><G13/><AGARI ba="1,1" hai="13,19,21,80,82,91,94,99" m="6247,2091" machi="13" ten="30,2000,0" yaku="8,1,54,1" doraHai="115" who="2" fromWho="3" sc="85,0,221,0,395,33,289,-23" /><INIT seed="5,0,0,4,1,106" ten="85,221,428,266" oya="1" hai0="55,119,59,116,127,129,32,74,93,126,40,105,3" hai1="17,23,39,30,87,42,48,26,11,29,76,64,132" hai2="98,94,85,123,54,131,69,66,104,16,108,82,77" hai3="46,25,84,18,133,125,5,9,63,15,47,78,100"/><U99/><E39/><V75/><F108/><W53/><G125/><N who="0" m="47627" /><D105/><U0/><E132/><V10/><F123/><W86/><G133/><T135/><D3/><U88/><E64/><V36/><F36/><W13/><G100/><T60/><D32/><U27/><E99/><V22/><F131/><W120/><G25/><T31/><D31/><U43/><E76/><V102/><F10/><W92/><G120/><T49/><D93/><U2/><E2/><V35/><F35/><W58/><G84/><T24/><D24/><U37/><E37/><V80/><F54/><W20/><REACH who="3" step="1"/><G78/><REACH who="3" ten="85,221,428,256" step="2"/><T21/><D135/><U113/><E27/><V89/><F82/><W14/><G14/><T51/><D129/><U103/><E103/><V73/><F102/><W79/><G79/><T1/><D1/><U38/><E0/><V122/><F122/><W81/><G81/><T45/><D21/><U28/><E30/><V114/><F80/><W95/><G95/><T124/><N who="0" m="47635" /><T52/><DORA hai="91" /><D74/><U109/><E29/><V57/><F77/><W72/><G72/><T44/><AGARI ba="0,1" hai="40,44,45,49,51,52,55,59,60,116,119" m="47635" machi="44" ten="40,8000,1" yaku="18,1,34,2,54,1" doraHai="106,91" who="0" fromWho="0" sc="85,90,221,-40,428,-20,256,-20" /><INIT seed="6,0,0,3,0,97" ten="175,181,408,236" oya="2" hai0="116,123,6,27,112,75,3,79,102,40,5,28,77" hai1="41,92,114,12,1,89,24,130,104,95,46,9,62" hai2="110,93,120,84,7,74,132,31,43,133,113,107,19" hai3="78,98,91,10,42,32,129,38,86,111,15,106,21"/><V76/><F19/><W4/><G32/><T16/><D123/><U64/><E104/><V65/><F43/><W88/><G111/><T126/><D126/><U8/><E114/><V61/><F31/><W135/><G129/><T20/><D112/><U26/><E130/><V54/><F54/><W99/><G135/><N who="2" m="51785" /><F7/><W57/><G38/><T82/><D116/><U83/><E83/><N who="2" m="45463" /><F61/><W117/><G117/><T121/><D121/><U63/><E1/><V72/><F65/><W59/><G42/><T66/><D79/><U29/><E63/><V128/><F128/><W45/><G45/><T55/><D66/><U85/><E29/><V53/><F53/><W36/><G36/><T80/><D80/><U96/><E9/><V39/><F39/><W50/><G78/><T105/><D40/><U47/><E47/><V125/><F72/><W122/><G50/><T58/><D3/><U44/><E44/><V115/><F107/><W81/><G122/><T90/><D28/><U94/><E46/><V71/><F71/><W22/><G106/><T69/><D69/><U124/><E41/><V37/><F37/><W0/><G59/><T52/><D55/><U51/><E51/><V17/><F120/><W30/><G57/><T18/><D18/><N who="1" m="8455" /><E64/><V49/><F17/><N who="3" m="10431" /><G91/><T70/><D90/><N who="1" m="55319" /><E62/><V109/><F49/><W60/><G60/><N who="0" m="35911" /><D70/><U13/><E124/><V2/><F125/><W23/><G30/><T103/><D105/><U73/><E73/><V14/><F2/><W134/><G134/><T101/><D75/><U68/><E68/><V34/><F115/><W119/><G119/><RYUUKYOKU ba="0,0" sc="175,15,181,-15,408,-15,236,15" hai0="5,6,16,20,27,77,82,101,102,103" hai3="0,4,10,22,23,81,86,88,98,99" /><INIT seed="7,1,0,2,0,49" ten="190,166,393,251" oya="3" hai0="60,108,104,32,18,118,89,98,126,47,63,127,48" hai1="113,111,70,22,27,96,0,107,41,33,35,134,122" hai2="99,114,15,54,5,62,105,81,9,82,34,53,120" hai3="14,29,80,68,129,37,40,16,28,123,112,116,19"/><W79/><G116/><T75/><D118/><U8/><E122/><V119/><F34/><W42/><G123/><T78/><D108/><U76/><E70/><V59/><F119/><W95/><G68/><T92/><D32/><U2/><E111/><V24/><F114/><W115/><G129/><T31/><D31/><N who="3" m="11849" /><G95/><T109/><D109/><U132/><E76/><V17/><F120/><W55/><G37/><T26/><D104/><U100/><E113/><N who="3" m="43594" /><G55/><T64/><D64/><U50/><E33/><V125/><F105/><W1/><G1/><T44/><D126/><U133/><E35/><V10/><F125/><W131/><G131/><T7/><D127/><U36/><E36/><V57/><F99/><W97/><G97/><T72/><D47/><U130/><E130/><V101/><F101/><W110/><G110/><T86/><D7/><U85/><E85/><V56/><F56/><W90/><G90/><T121/><D75/><U87/><E87/><V61/><F24/><W102/><G102/><T83/><D72/><U84/><E84/><V3/><F3/><BYE who="2" /><W30/><N who="3" m="11857" /><W46/><DORA hai="51" /><G46/><T117/><D117/><U74/><E74/><UN n2="%E5%A4%A7%E7%A9%BA%E3%82%B9%E3%83%90%E3%83%AB%E2%98%86" /><V124/><F124/><W58/><G58/><T21/><D121/><U12/><E41/><AGARI ba="1,0" hai="18,21,26,41,44,48,60,63,78,83,86,89,92,98" machi="41" ten="30,2000,0" yaku="7,1,8,1" doraHai="49,51" who="0" fromWho="1" sc="190,23,166,-23,393,0,251,0" owari="213,-18.7,143,-35.7,393,49.3,251,5.1" /></mjloggm>