<mjloggm ver="2.3"><GO type="169" lobby="0"/><UN n0="%E5%B0%8F%E6%B1%A0%E7%BE%8E%E6%B3%A2%E2%8A%BF" n1="%62%73%64%5F%33" n2="%72%65%2E" n3="%E8%8B%B1%E5%9B%BD%E5%A3%B2%E5%8D%B4" dan="16,16,16,17" rate="2189.00,2072.96,2079.23,2223.46" sx="M,F,M,M"/><TAIKYOKU oya="0"/><INIT seed="0,0,0,0,2,117" ten="250,250,250,250" oya="0" hai0="125,91,65,34,107,100,97,20,61,30,62,7,32" hai1="68,1,128,85,120,73,111,71,96,126,94,15,35" hai2="11,64,53,75,132,42,134,82,116,127,106,29,54" hai3="6,56,95,4,24,83,43,90,77,16,25,112,39"/><T105/><D125/><U57/><E73/><V41/><F127/><W70/><G70/><T8/><D107/><U58/><E1/><V3/><F116/><W40/><G112/><T27/><D91/><U81/><E35/><V5/><F106/><W2/><G2/><T44/><D44/><U19/><E111/><V93/><F64/><W66/><G39/><T108/><D62/><U102/><E128/><V60/><F29/><W50/><G83/><T103/><D103/><U28/><E28/><V22/><F22/><N who="3" m="13383" /><G25/><T135/><D108/><U121/><E126/><V52/><F93/><W46/><G77/><T10/><D135/><N who="2" m="51754" /><F60/><N who="3" m="38151" /><G43/><N who="2" m="16393" /><F82/><W74/><G74/><AGARI ba="0,0" hai="3,5,11,52,53,54,74,75" m="16393,51754" machi="74" ten="40,2600,0" yaku="20,1,54,1" doraHai="117" who="2" fromWho="3" sc="250,0,250,0,250,26,250,-26" /><INIT seed="1,0,0,1,3,14" ten="250,250,276,224" oya="1" hai0="8,123,104,92,108,34,105,78,39,106,131,18,122" hai1="24,125,13,103,15,77,52,126,7,87,109,110,94" hai2="69,86,85,121,3,79,72,46,75,57,43,40,89" hai3="2,117,10,37,74,76,130,19,47,23,12,135,134"/><U93/><E24/><V56/><F121/><N who="0" m="46090" /><D34/><U61/><E77/><V68/><F79/><W5/><G130/><T11/><D39/><U128/><E128/><V133/><F46/><W38/><G117/><T27/><D131/><U91/><E7/><V116/><F89/><W20/><G20/><N who="0" m="13719" /><D108/><N who="1" m="41579" /><E103/><V55/><F55/><W49/><G49/><T82/><D92/><U31/><E31/><V112/><F3/><W83/><REACH who="3" step="1"/><G38/><REACH who="3" ten="250,250,276,214" step="2"/><T44/><D44/><U67/><E94/><V25/><F116/><W129/><G129/><T118/><D118/><U84/><E84/><AGARI ba="0,1" hai="8,11,78,82,84,104,105,106" m="13719,46090" machi="84" ten="40,2600,0" yaku="13,1,52,1" doraHai="14" who="0" fromWho="1" sc="250,36,250,-26,276,0,214,0" /><INIT seed="2,0,0,2,3,85" ten="286,224,276,214" oya="2" hai0="65,25,23,58,35,17,18,130,128,45,61,93,28" hai1="94,69,21,62,0,32,31,51,4,52,87,96,50" hai2="100,116,81,72,41,104,84,132,71,11,110,92,124" hai3="91,22,95,79,14,74,103,83,5,16,121,113,26"/><V82/><F71/><W8/><G113/><T115/><D115/><U49/><E32/><V38/><F38/><W127/><G127/><T3/><D3/><U6/><E69/><V80/><F41/><W118/><G103/><T111/><D111/><U105/><E105/><V10/><F124/><W101/><G101/><T129/><D35/><U131/><E131/><V20/><F116/><W30/><G121/><T37/><D37/><U122/><E0/><V59/><F132/><W102/><G102/><T40/><D93/><U34/><E34/><V24/><F110/><W135/><G135/><T7/><D7/><N who="1" m="2603" /><E87/><V119/><F119/><W98/><REACH who="3" step="1"/><G118/><REACH who="3" ten="286,224,276,204" step="2"/><T1/><D1/><U19/><E122/><V99/><F104/><W56/><G56/><T13/><D45/><N who="1" m="27695" /><E62/><V29/><F59/><W27/><G27/><T120/><D120/><U15/><E31/><AGARI ba="0,1" hai="5,8,14,16,22,26,30,31,74,79,83,91,95,98" machi="31" ten="40,5200,0" yaku="1,1,52,1,54,1,53,0" doraHai="85" doraHaiUra="42" who="3" fromWho="1" sc="286,0,224,-52,276,0,204,62" /><INIT seed="3,0,0,5,4,56" ten="286,172,276,266" oya="3" hai0="64,75,96,26,8,31,119,5,93,125,45,29,76" hai1="39,71,115,128,6,22,2,78,36,19,134,106,9" hai2="67,27,104,99,61,89,121,37,131,108,105,100,3" hai3="90,20,81,135,110,21,103,57,97,7,87,17,69"/><W59/><G135/><T49/><D119/><U74/><E115/><V58/><F108/><W54/><G69/><T18/><D125/><U112/><E112/><V48/><F131/><W66/><G110/><T118/><D118/><U113/><E113/><V107/><F121/><W127/><G127/><T101/><D75/><U12/><E128/><V13/><F3/><W70/><G70/><T63/><D76/><U10/><E106/><V85/><F37/><W60/><G7/><T51/><D18/><U35/><E134/><V46/><F13/><W62/><REACH who="3" step="1"/><G17/><REACH who="3" ten="286,172,276,256" step="2"/><T116/><D116/><U32/><E71/><V122/><F122/><W14/><G14/><N who="0" m="5391" /><D26/><U41/><E19/><V132/><F27/><W86/><G86/><T44/><D31/><U72/><E12/><V16/><F16/><W52/><G52/><T120/><D29/><U25/><E6/><V43/><REACH who="2" step="1"/><F132/><REACH who="2" ten="286,172,266,256" step="2"/><W98/><G98/><T123/><D120/><U4/><E4/><V65/><F65/><W73/><G73/><T91/><D123/><U111/><E74/><V114/><F114/><W117/><G117/><T79/><D64/><U102/><E72/><V23/><F23/><W15/><G15/><T109/><D109/><U130/><E111/><V42/><F42/><W55/><G55/><T34/><D96/><U80/><E41/><V84/><F84/><W28/><G28/><T11/><D34/><U40/><E35/><V124/><F124/><W95/><AGARI ba="0,2" hai="20,21,54,57,59,60,62,66,81,87,90,95,97,103" machi="95" ten="20,18000,2" yaku="1,1,0,1,7,1,8,1,52,2,53,0" doraHai="56" doraHaiUra="129" who="3" fromWho="3" sc="286,-60,172,-60,266,-60,256,200" /><INIT seed="3,1,0,4,2,16" ten="226,112,206,456" oya="3" hai0="92,23,27,6,46,122,132,10,28,42,128,4,65" hai1="134,77,76,3,25,118,130,17,19,88,70,38,32" hai2="84,29,97,9,129,22,67,111,74,51,50,68,117" hai3="11,109,57,54,71,21,123,91,7,52,2,110,14"/><W78/><G123/><T89/><D122/><U45/><E70/><V41/><F117/><W103/><G71/><T49/><D128/><U5/><E130/><V80/><F74/><W48/><G78/><T31/><D132/><U114/><E114/><V34/><F111/><N who="3" m="42507" /><G103/><T66/><D28/><U37/><E134/><V113/><F34/><W108/><N who="3" m="42515" /><W135/><DORA hai="98" /><G135/><T85/><REACH who="0" step="1"/><D4/><REACH who="0" ten="216,112,206,456" step="2"/><U62/><E5/><V105/><F29/><W56/><G91/><T121/><D121/><U90/><E88/><V94/><F129/><W1/><G21/><T24/><D24/><U81/><E25/><V12/><F22/><W96/><G96/><T55/><D55/><U116/><E90/><V15/><F97/><W100/><G100/><T131/><D131/><U13/><E116/><V26/><F113/><W101/><G101/><T127/><D127/><U133/><E118/><V39/><F26/><W58/><G54/><T83/><D83/><U8/><E81/><V115/><F80/><W120/><G120/><T0/><AGARI ba="1,1" hai="0,6,10,23,27,31,42,46,49,65,66,85,89,92" machi="0" ten="20,8000,1" yaku="1,1,0,1,7,1,52,1,53,1" doraHai="16,98" doraHaiUra="75,20" who="0" fromWho="0" sc="216,93,112,-21,206,-21,456,-41" /><INIT seed="4,0,0,4,2,89" ten="309,91,185,415" oya="0" hai0="31,79,126,17,130,43,121,11,68,61,102,111,129" hai1="80,15,20,133,21,124,64,91,45,106,63,38,107" hai2="72,96,93,82,108,77,118,115,110,123,66,135,1" hai3="41,12,9,59,122,98,23,24,101,81,104,128,28"/><T103/><D121/><U51/><E133/><V26/><F1/><W114/><G114/><T32/><D32/><U117/><E117/><V71/><F26/><W73/><G128/><N who="0" m="49259" /><D31/><U14/><E124/><V119/><F66/><W86/><G122/><T54/><D126/><U87/><E38/><V58/><F58/><W76/><G59/><N who="0" m="35063" /><D68/><U74/><E74/><V52/><F71/><W46/><G73/><T49/><D79/><U27/><E107/><V33/><F33/><W78/><G78/><T34/><D34/><U95/><E106/><V0/><F0/><W39/><G12/><N who="0" m="7327" /><D111/><N who="2" m="42538" /><F123/><W99/><G9/><T22/><D22/><U109/><E21/><V53/><F135/><W29/><G99/><T37/><D37/><U13/><E109/><V60/><F115/><W125/><G125/><T127/><D127/><U10/><E10/><V44/><F60/><W57/><G57/><T84/><D84/><U65/><E63/><V4/><F44/><AGARI ba="0,0" hai="43,44,49,102,103" m="7327,35063,49259" machi="44" ten="30,1500,0" yaku="19,1" doraHai="89" who="0" fromWho="2" sc="309,15,91,0,185,-15,415,0" /><INIT seed="4,1,0,3,4,95" ten="324,91,170,415" oya="0" hai0="126,92,86,84,56,55,38,67,52,122,121,19,104" hai1="89,103,26,50,82,94,97,119,59,6,25,33,12" hai2="63,102,78,16,115,87,128,106,18,21,105,127,15" hai3="41,107,110,3,47,109,112,27,58,75,5,2,66"/><T81/><D104/><U8/><E119/><V99/><F115/><W85/><G75/><T111/><D38/><U90/><E33/><V93/><F127/><W22/><G107/><T69/><D126/><U124/><E124/><V116/><F128/><W20/><G112/><T35/><D35/><U101/><E90/><V131/><F131/><W98/><G85/><T60/><D111/><U30/><E82/><V96/><F116/><W64/><G5/><T29/><D29/><U68/><E68/><V11/><F63/><W133/><G133/><T54/><D69/><U13/><E13/><V51/><F51/><W62/><G66/><T77/><D19/><U61/><E50/><V31/><F31/><W9/><G9/><T117/><D117/><U65/><REACH who="1" step="1"/><E25/><REACH who="1" ten="324,81,170,415" step="2"/><V74/><F74/><W23/><G27/><T118/><D118/><U72/><E72/><V32/><F32/><W7/><G3/><T135/><D135/><U91/><E91/><V80/><F96/><W125/><G98/><T83/><D122/><U120/><E120/><V46/><F46/><W36/><G125/><T79/><D121/><U1/><E1/><V48/><REACH who="2" step="1"/><F48/><REACH who="2" ten="324,81,160,415" step="2"/><W40/><G109/><T44/><D44/><U4/><E4/><V88/><F88/><W45/><G110/><T43/><D79/><U114/><E114/><V28/><F28/><W42/><G36/><T108/><D108/><U34/><AGARI ba="1,2" hai="6,8,12,26,30,34,59,61,65,89,94,97,101,103" machi="34" ten="20,5200,0" yaku="1,1,0,1,7,1,52,1,53,0" doraHai="95" doraHaiUra="130" who="1" fromWho="1" sc="324,-27,81,75,160,-14,415,-14" /><INIT seed="5,0,0,2,0,131" ten="297,156,146,401" oya="1" hai0="17,74,82,56,9,100,49,89,54,102,19,8,93" hai1="87,50,78,63,48,83,58,126,20,124,90,64,118" hai2="73,94,36,85,98,77,24,22,65,45,3,86,110" hai3="51,115,116,120,16,7,69,111,99,13,129,26,68"/><U37/><E37/><V105/><F110/><W108/><G99/><T0/><D74/><U4/><E118/><V121/><F121/><W30/><G51/><T1/><D82/><U5/><E20/><V67/><F3/><W29/><G68/><T128/><D128/><U101/><E101/><N who="0" m="39017" /><D0/><U27/><E27/><V14/><F105/><W21/><G69/><T41/><D41/><U61/><E61/><V113/><F14/><W133/><G129/><T117/><D1/><U23/><E23/><V11/><F11/><N who="0" m="4170" /><D117/><U97/><E50/><V57/><F73/><W43/><G43/><T18/><D18/><U122/><E48/><V96/><F36/><W70/><G70/><T28/><D28/><U46/><E46/><V53/><F45/><W72/><G72/><T55/><D55/><U52/><E64/><V33/><F67/><W104/><G104/><T119/><D119/><U42/><E42/><V134/><F65/><W25/><G120/><T34/><D34/><U84/><E122/><V76/><F33/><W2/><G2/><T66/><D66/><U103/><E4/><V95/><F53/><W38/><G7/><T125/><D125/><U107/><REACH who="1" step="1"/><E5/><REACH who="1" ten="297,146,146,401" step="2"/><V60/><F22/><W62/><G38/><T47/><D47/><U88/><E88/><V92/><F24/><W31/><G62/><T81/><D49/><U35/><E35/><V127/><F60/><W79/><G116/><T112/><D54/><U130/><E130/><V59/><F127/><W114/><G29/><T6/><D6/><U71/><E71/><V91/><F91/><W10/><G30/><RYUUKYOKU ba="0,1" sc="297,-10,146,30,146,-10,401,-10" hai1="52,58,63,78,83,84,87,90,97,103,107,124,126" /><INIT seed="5,1,1,0,4,91" ten="287,176,136,391" oya="1" hai0="88,20,101,70,23,122,60,27,120,1,86,33,9" hai1="35,103,84,71,77,75,21,78,65,68,53,6,49" hai2="30,0,43,13,28,46,40,96,10,74,108,22,24" hai3="8,34,107,73,61,19,95,113,79,89,18,52,130"/><U100/><E35/><V124/><F108/><W41/><G107/><T47/><D101/><U72/><E6/><V123/><F74/><W32/><G41/><T66/><D47/><U97/><E21/><V87/><F123/><W82/><G113/><T38/><D38/><U63/><E71/><V50/><F124/><W48/><G61/><T116/><D116/><U15/><E15/><V110/><F110/><W80/><G80/><T36/><D36/><U2/><E2/><V109/><F109/><W26/><G130/><T76/><D76/><U67/><E67/><V121/><F121/><N who="0" m="46698" /><D1/><U56/><E100/><V135/><F135/><W55/><G55/><T54/><D9/><U114/><E114/><V25/><F0/><W58/><G8/><T127/><D54/><U37/><E37/><V105/><F87/><W69/><G69/><T81/><D127/><U7/><E7/><V17/><F43/><W93/><G93/><T11/><D11/><U92/><REACH who="1" step="1"/><E84/><REACH who="1" ten="287,166,136,391" step="2"/><V134/><F134/><W31/><G34/><T111/><D111/><U131/><E131/><V45/><F96/><AGARI ba="1,2" hai="18,19,26,31,32,48,52,58,73,79,82,89,95,96" machi="96" ten="30,3900,0" yaku="7,1,52,1,54,1" doraHai="91" who="3" fromWho="2" sc="287,0,166,0,136,-42,391,62" /><INIT seed="6,0,0,3,3,53" ten="287,166,94,453" oya="2" hai0="4,72,114,37,90,89,92,31,105,82,99,28,32" hai1="69,113,55,127,85,8,64,126,131,26,40,61,100" hai2="9,22,35,44,49,91,94,109,128,42,58,80,3" hai3="86,120,112,6,68,108,39,17,129,46,41,34,81"/><V36/><F35/><W21/><G120/><T38/><D105/><U18/><E113/><V23/><F128/><W98/><G108/><T125/><D114/><U104/><E131/><V95/><F109/><W93/><G129/><T135/><D125/><U71/><E40/><V102/><F3/><W60/><G34/><T78/><D135/><U115/><E115/><V123/><F123/><W79/><G6/><T1/><D32/><U16/><E71/><V29/><F9/><W110/><G112/><T70/><D70/><U20/><E85/><N who="2" m="50599" /><F36/><W48/><G110/><T118/><D118/><U76/><E76/><V13/><F102/><W111/><G111/><T132/><D132/><U43/><E43/><V57/><F23/><W119/><G119/><T56/><D90/><U14/><REACH who="1" step="1"/><E55/><REACH who="1" ten="287,156,94,453" step="2"/><V45/><F45/><W106/><G46/><T30/><D78/><U103/><E103/><V25/><F13/><W124/><G41/><T33/><D72/><U66/><E66/><V133/><F133/><W75/><G79/><T130/><D130/><U59/><E59/><AGARI ba="0,1" hai="22,25,29,42,44,49,57,58,59,94,95" m="50599" machi="59" ten="30,11600,0" yaku="8,1,52,3" doraHai="53" who="2" fromWho="1" sc="287,0,156,-116,94,126,453,0" /><INIT seed="6,1,0,2,5,122" ten="287,40,220,453" oya="2" hai0="116,56,126,17,50,127,135,105,42,103,22,113,117" hai1="81,11,0,20,51,40,32,7,67,37,132,115,44" hai2="14,36,26,125,73,109,28,29,16,83,65,128,47" hai3="57,63,21,121,54,84,87,27,35,45,133,13,86"/><V55/><F125/><N who="0" m="47626" /><D105/><U66/><E32/><V77/><F128/><W10/><G35/><T110/><D103/><U33/><E33/><V58/><F36/><W68/><G68/><T98/><D98/><U119/><E119/><N who="0" m="45641" /><D113/><U1/><E1/><V12/><F65/><W78/><G121/><T91/><D91/><U131/><E131/><V134/><F47/><W88/><G133/><T23/><D135/><U112/><E132/><V64/><F64/><W39/><G39/><T34/><D34/><U72/><E51/><V52/><F55/><W38/><G38/><T62/><D17/><U43/><E43/><V107/><F107/><W85/><G45/><N who="0" m="25911" /><D110/><U82/><E20/><V104/><F104/><W118/><G78/><T30/><D30/><U6/><E6/><V124/><F124/><W111/><G111/><T31/><D31/><N who="2" m="11850" /><F109/><W102/><G102/><T99/><D99/><U129/><E129/><V97/><F97/><W108/><G108/><T2/><D2/><U9/><E9/><V24/><F134/><W75/><G75/><T90/><D90/><U106/><E106/><V95/><F16/><N who="3" m="12711" /><G118/><T93/><D93/><U89/><E89/><V60/><F95/><N who="3" m="54663" /><G87/><T101/><D101/><U49/><E49/><V18/><F18/><AGARI ba="1,0" hai="10,13,18,54,57,63,85,86" m="54663,12711" machi="18" ten="30,3900,0" yaku="8,1,54,2" doraHai="122" who="3" fromWho="2" sc="287,0,40,0,220,-42,453,42" /><INIT seed="7,0,0,4,3,135" ten="287,40,178,495" oya="3" hai0="10,80,14,96,36,114,88,59,60,13,106,87,95" hai1="73,5,83,62,54,86,7,119,77,66,130,90,49" hai2="121,124,11,32,35,104,113,129,9,131,44,94,2" hai3="126,20,27,84,110,43,125,51,50,18,92,99,57"/><W45/><G110/><T117/><D117/><U97/><E130/><V120/><F104/><W91/><G57/><T4/><D36/><U48/><E119/><V93/><F44/><W3/><G3/><T63/><D106/><U69/><E49/><V127/><F2/><W72/><G72/><T29/><D114/><AGARI ba="0,0" hai="9,11,32,35,93,94,113,114,120,121,124,127,129,131" machi="114" ten="25,6400,0" yaku="22,2,52,2" doraHai="135" who="2" fromWho="0" sc="287,-64,40,0,178,64,495,0" owari="223,-17.7,40,-46.0,242,4.2,495,59.5" /></mjloggm>