<mjloggm ver="2.3"><GO type="225" lobby="0"/><UN n0="%E3%81%BF%E3%81%BF%E3%81%9A" n1="%E3%81%8B%E3%82%8F%E3%81%A1%E3%82%83%E3%82%93%35%38" n2="%E3%83%B4%E3%83%A0%EF%BC%99%E3%81%A6" n3="%E3%82%A4%E3%83%BC%E3%82%B1%E3%83%97%E3%83%A9" dan="17,16,17,17" rate="2228.36,2120.83,2146.36,2164.41" sx="M,M,M,M"/><TAIKYOKU oya="0"/><INIT seed="0,0,0,1,5,87" ten="250,250,250,250" oya="0" hai0="71,135,11,99,131,90,23,132,112,22,2,17,130" hai1="97,60,109,52,45,44,92,127,62,129,20,5,13" hai2="48,39,70,88,8,101,49,116,26,57,78,63,36" hai3="56,3,55,102,94,31,1,59,77,34,122,125,6"/><T74/><D71/><U124/><E109/><V86/><F116/><W120/><G77/><T46/><D74/><U100/><E129/><N who="0" m="49161" /><D46/><U119/><E119/><V84/><F101/><W123/><G125/><N who="1" m="48202" /><E5/><V10/><F70/><W61/><G6/><N who="0" m="1495" /><D112/><U96/><E96/><V76/><F26/><N who="3" m="18807" /><G59/><T50/><D50/><N who="2" m="19562" /><F39/><W24/><G24/><N who="0" m="14415" /><D23/><U65/><E52/><N who="2" m="34215" /><F36/><W21/><G21/><T110/><D110/><U4/><E4/><V30/><F30/><W118/><G118/><T93/><AGARI ba="0,0" hai="90,93,99,132,135" m="14415,1495,49161" machi="93" ten="30,3000,0" yaku="19,1,52,1" doraHai="87" who="0" fromWho="0" sc="250,30,250,-10,250,-10,250,-10" /><INIT seed="0,1,0,2,1,120" ten="280,240,240,240" oya="0" hai0="41,108,81,56,128,101,36,78,89,34,48,6,94" hai1="14,95,21,76,20,11,2,50,17,64,98,67,122" hai2="83,107,49,55,115,57,102,7,80,129,116,33,60" hai3="39,127,54,26,73,24,114,130,61,16,66,65,99"/><T28/><D128/><U135/><E122/><V70/><F115/><W124/><G73/><T25/><D6/><U35/><E35/><V58/><F129/><W117/><G39/><T46/><D101/><U68/><E135/><V42/><F33/><W97/><G130/><T23/><D108/><U109/><E109/><V19/><F70/><W126/><G114/><T121/><D121/><U69/><E69/><V112/><F112/><W96/><G117/><T9/><D9/><U123/><E123/><V47/><F116/><W110/><G110/><T45/><D56/><U111/><E111/><V3/><F3/><W82/><G82/><T133/><D133/><U18/><E76/><V59/><F7/><W30/><G30/><T12/><D12/><N who="1" m="9255" /><E68/><V77/><F80/><W87/><G87/><T44/><D34/><U84/><E84/><V103/><F103/><W85/><G85/><N who="0" m="48311" /><D36/><U13/><E50/><V75/><F102/><W91/><G91/><T134/><D134/><U52/><E52/><V5/><F107/><W63/><G54/><T15/><D15/><N who="1" m="9439" /><E2/><V51/><F51/><W31/><G31/><T37/><D37/><U131/><E131/><V92/><F58/><W71/><G16/><T125/><D125/><U104/><E104/><V4/><F57/><AGARI ba="1,0" hai="24,26,57,61,63,65,66,71,96,97,99,124,126,127" machi="57" ten="50,1600,0" yaku="18,1" doraHai="120" who="3" fromWho="2" sc="280,0,240,0,240,-19,240,19" /><INIT seed="1,0,0,4,5,69" ten="280,240,221,259" oya="1" hai0="81,28,21,9,51,61,82,98,4,78,75,49,118" hai1="40,22,32,97,110,25,122,18,35,11,27,107,76" hai2="19,43,86,17,20,111,46,1,62,129,26,87,121" hai3="130,65,54,8,84,103,52,104,12,56,47,108,133"/><U126/><E122/><V94/><F121/><W92/><G108/><T31/><D118/><U123/><E123/><V60/><F111/><W44/><G104/><T135/><D135/><U134/><E110/><V36/><F1/><W38/><G133/><T23/><D98/><U64/><E134/><V59/><F129/><W14/><G130/><T73/><D61/><U3/><E126/><V127/><F127/><W120/><G120/><T116/><D9/><U66/><E76/><V13/><F94/><W48/><G38/><T125/><D125/><U90/><E40/><V114/><F114/><W85/><G65/><T45/><D45/><N who="3" m="17481" /><G54/><T71/><D78/><U77/><E77/><V79/><F79/><W102/><G14/><T53/><D53/><U124/><E124/><V101/><F101/><N who="3" m="38411" /><G92/><T132/><D132/><U72/><E72/><V29/><F60/><W10/><G10/><T105/><D105/><U41/><E41/><V96/><F96/><W6/><AGARI ba="0,0" hai="6,8,12,48,52,56,84,85" m="38411,17481" machi="6" ten="30,2000,0" yaku="8,1,54,1" doraHai="69" who="3" fromWho="3" sc="280,-5,240,-10,221,-5,259,20" /><INIT seed="2,0,0,1,2,15" ten="275,230,216,279" oya="2" hai0="94,70,83,71,32,92,119,9,10,54,127,77,16" hai1="68,130,113,72,58,101,49,30,41,73,59,3,24" hai2="85,13,51,5,0,91,31,89,4,65,118,111,37" hai3="108,106,50,86,66,35,117,25,76,99,19,100,42"/><V12/><F118/><W47/><G117/><T67/><D32/><U80/><E68/><V20/><F37/><W2/><G2/><T69/><D119/><U112/><E3/><V17/><F0/><W105/><G108/><T107/><D107/><U34/><E130/><V33/><F111/><W125/><G106/><T46/><D67/><U126/><E126/><V64/><F89/><W124/><G66/><N who="2" m="25705" /><F33/><W61/><G61/><T84/><D127/><N who="3" m="48713" /><G35/><T53/><D46/><U74/><E101/><V52/><F31/><W27/><G19/><T60/><D9/><U44/><REACH who="1" step="1"/><E80/><AGARI ba="0,0" hai="25,27,42,47,50,76,80,86,99,100,105" m="48713" machi="80" ten="30,1000,0" yaku="18,1" doraHai="15" who="3" fromWho="1" sc="275,0,230,-10,216,0,279,10" /><INIT seed="3,0,0,5,4,125" ten="275,220,216,289" oya="3" hai0="54,75,69,68,12,70,55,45,78,32,116,48,6" hai1="10,41,43,0,81,63,15,49,114,13,27,90,131" hai2="60,34,72,56,2,79,30,94,7,85,77,46,58" hai3="42,31,135,17,93,82,18,29,91,122,108,102,123"/><W38/><G38/><T92/><D32/><U130/><E114/><V28/><F72/><W127/><G42/><N who="1" m="15882" /><E49/><V129/><F46/><W67/><G67/><T95/><D116/><U115/><E115/><V59/><F60/><W106/><G106/><T20/><D54/><U86/><E27/><V96/><F34/><W111/><G82/><T87/><D75/><U74/><E74/><V105/><F105/><W99/><G127/><T36/><D36/><U109/><E109/><N who="3" m="42058" /><G135/><T66/><D66/><U73/><E73/><V47/><F47/><W23/><G91/><T83/><REACH who="0" step="1"/><D20/><REACH who="0" ten="265,220,216,289" step="2"/><U5/><E63/><V133/><F133/><W110/><N who="3" m="42066" /><W104/><DORA hai="117" /><G23/><T57/><D57/><U113/><E113/><V53/><F53/><W8/><G8/><AGARI ba="0,1" hai="6,8,12,45,48,55,68,69,70,78,83,87,92,95" machi="8" ten="40,8000,1" yaku="1,1,53,3" doraHai="125,117" doraHaiUra="65,121" who="0" fromWho="3" sc="265,90,220,0,216,0,289,-80" owari="355,45.5,220,2.0,216,-18.4,209,-29.1" /></mjloggm>