<mjloggm ver="2.3"><GO type="169" lobby="0"/><UN n0="%E5%B2%A9%E4%B8%8A%E9%80%9A%E3%82%8A" n1="%E6%99%82%E8%A8%88%E5%9D%82%E9%9B%B6" n2="%E3%81%BE%E3%81%A1%E3%81%8A" n3="%E3%83%A1%E3%82%AB%E3%82%BC%E3%83%83%E3%83%88%E3%83%B3" dan="16,16,16,17" rate="2119.43,2146.54,2173.78,2180.63" sx="M,M,M,M"/><TAIKYOKU oya="0"/><INIT seed="0,0,0,1,2,43" ten="250,250,250,250" oya="0" hai0="98,121,88,14,84,25,77,96,64,66,117,53,81" hai1="58,124,45,52,95,65,125,113,118,85,57,32,90" hai2="37,31,54,126,5,128,10,46,134,7,114,100,19" hai3="33,74,28,80,51,24,111,47,63,30,92,87,36"/><T108/><D121/><U120/><E32/><V22/><F114/><W55/><G111/><T50/><D117/><U79/><E118/><V127/><F128/><W67/><G30/><T0/><D0/><U26/><E26/><V39/><F134/><W119/><G119/><T97/><D108/><U11/><E120/><V91/><F100/><W44/><G92/><T6/><D25/><U123/><E123/><V61/><F31/><W103/><G103/><T56/><D77/><U18/><E113/><V83/><F61/><W69/><G74/><T110/><D110/><U115/><E115/><V109/><F109/><W72/><G72/><T49/><D50/><N who="1" m="28751" /><E65/><V89/><F39/><W42/><G87/><T40/><D40/><U48/><E48/><N who="2" m="28951" /><F37/><W99/><REACH who="3" step="1"/><G80/><REACH who="3" ten="250,250,250,240" step="2"/><T41/><D41/><U16/><E124/><N who="2" m="47659" /><F83/><W101/><G101/><T21/><D6/><N who="2" m="2058" /><F10/><W131/><G131/><T8/><D8/><U132/><E125/><V59/><F59/><N who="1" m="22537" /><E132/><V13/><AGARI ba="0,1" hai="13,19,22,89,91" m="2058,47659,28951" machi="13" ten="30,2000,0" yaku="18,1,52,1" doraHai="43" who="2" fromWho="2" sc="250,-10,250,-5,250,30,240,-5" /><INIT seed="1,0,0,5,0,19" ten="240,245,280,235" oya="1" hai0="76,126,53,84,37,103,69,39,109,49,35,51,127" hai1="124,29,16,92,101,23,7,1,100,57,38,90,15" hai2="131,13,66,25,10,5,24,135,14,94,62,116,110" hai3="55,33,20,30,67,65,91,74,75,85,71,41,122"/><U80/><E38/><V117/><F110/><W44/><G33/><T61/><D103/><U27/><E124/><V4/><F131/><W97/><G122/><T59/><D76/><U132/><E132/><V123/><F123/><W83/><G55/><T63/><D84/><U130/><E130/><V105/><F105/><W108/><G108/><T118/><D35/><N who="1" m="20927" /><E57/><V88/><F135/><W77/><G97/><T36/><D109/><U114/><E114/><V50/><F50/><W54/><G54/><T119/><D51/><U60/><E80/><V52/><F117/><N who="0" m="44554" /><D69/><U78/><E78/><V113/><F113/><W40/><G71/><T79/><D79/><U107/><E107/><V0/><F0/><W102/><G102/><T86/><D86/><N who="1" m="52311" /><E60/><AGARI ba="0,0" hai="36,37,39,49,53,59,60,61,63,126,127" m="44554" machi="60" ten="40,2600,0" yaku="34,2" doraHai="19" who="0" fromWho="1" sc="240,26,245,-26,280,0,235,0" /><INIT seed="2,0,0,5,4,133" ten="266,219,280,235" oya="2" hai0="36,114,50,33,77,35,78,135,1,58,48,85,72" hai1="28,108,8,47,89,6,90,101,74,124,134,99,51" hai2="26,128,61,60,119,115,129,110,25,43,57,112,122" hai3="10,45,14,84,73,52,32,29,117,53,91,46,127"/><V131/><F119/><W7/><G73/><T69/><D36/><U17/><E74/><V92/><F122/><W11/><G117/><T65/><D72/><U4/><E134/><V95/><F43/><W23/><G32/><T22/><D1/><U94/><E28/><V12/><F12/><W21/><G127/><T126/><D69/><U40/><E108/><V104/><F104/><W27/><G23/><T130/><D135/><U106/><E124/><V111/><F128/><W120/><G120/><T34/><D114/><U97/><E17/><V82/><F57/><W71/><G71/><T18/><D126/><U38/><E8/><V83/><AGARI ba="0,0" hai="25,26,60,61,82,83,92,95,110,111,112,115,129,131" machi="83" ten="25,4800,0" yaku="0,1,22,2" doraHai="133" who="2" fromWho="2" sc="266,-16,219,-16,280,48,235,-16" /><INIT seed="2,1,0,0,0,132" ten="250,203,328,219" oya="2" hai0="1,16,46,20,111,51,78,116,121,50,81,3,42" hai1="89,41,101,85,36,120,129,106,26,133,77,115,53" hai2="100,30,21,96,47,22,72,15,63,55,9,40,7" hai3="28,52,23,95,94,110,38,12,0,66,67,75,10"/><V5/><F72/><W43/><G75/><T73/><D121/><U98/><E115/><V19/><F30/><W118/><G110/><T62/><D111/><U14/><E133/><V84/><F84/><W49/><G0/><T131/><D131/><U59/><E129/><V2/><F7/><W102/><G43/><T128/><D128/><U34/><E120/><V124/><F22/><W39/><G39/><T45/><D62/><U108/><E108/><V25/><F63/><W68/><G38/><T17/><D116/><U60/><E14/><V64/><F55/><W18/><G68/><T65/><D65/><N who="3" m="24585" /><G102/><T31/><D31/><U54/><E54/><V24/><F64/><W90/><G90/><T13/><REACH who="0" step="1"/><D17/><REACH who="0" ten="240,203,328,219" step="2"/><U88/><E60/><V123/><F123/><W91/><G118/><T35/><D35/><U112/><E112/><V74/><F74/><W71/><G71/><T86/><D86/><U134/><E85/><V87/><F87/><N who="3" m="52607" /><G28/><T37/><D37/><U109/><E36/><V119/><F119/><W69/><G69/><T29/><D29/><U125/><E34/><V32/><F32/><W4/><G4/><T103/><D103/><U79/><E101/><V48/><F5/><W6/><G6/><T58/><D58/><U113/><E59/><V8/><F19/><W114/><G114/><T117/><D117/><U104/><E113/><V33/><F33/><W126/><G18/><T61/><D61/><U27/><E109/><V122/><F100/><W80/><G49/><T107/><D107/><U105/><E105/><V44/><F122/><W56/><G56/><RYUUKYOKU ba="1,1" sc="240,30,203,-10,328,-10,219,-10" hai0="1,3,13,16,20,42,45,46,50,51,73,78,81" /><INIT seed="3,2,1,0,2,75" ten="270,193,318,209" oya="3" hai0="117,54,0,31,123,27,119,71,118,99,72,36,2" hai1="60,3,85,127,57,46,116,111,130,18,13,84,40" hai2="133,94,96,1,42,61,131,79,110,9,62,37,4" hai3="43,53,12,34,74,30,35,67,68,121,115,48,81"/><W69/><G121/><T65/><D123/><U77/><E3/><V10/><F110/><W47/><G115/><T113/><D113/><U102/><E111/><V55/><F131/><W129/><G129/><T103/><D54/><U83/><E130/><V26/><F133/><W33/><G30/><T89/><D89/><U11/><E127/><V25/><F10/><W90/><G67/><T58/><D58/><U120/><E116/><V21/><F26/><W100/><G100/><T107/><D36/><U56/><E120/><V124/><F124/><W49/><G12/><T80/><D80/><U22/><E102/><V59/><F42/><W125/><G125/><T19/><D19/><U44/><E57/><V63/><F37/><W28/><G28/><T97/><D97/><U135/><E135/><V105/><F105/><W101/><G101/><T39/><D72/><U52/><E40/><V6/><F6/><W134/><G134/><T128/><D39/><U126/><E126/><V109/><F109/><W91/><G74/><T78/><D78/><U23/><E85/><V32/><F79/><W15/><G15/><T16/><D16/><N who="1" m="8255" /><E23/><V50/><F32/><W112/><G112/><T51/><D51/><U45/><E45/><V38/><F38/><W8/><G8/><T86/><D86/><U7/><E7/><V29/><F50/><W64/><G64/><T92/><D128/><U41/><E41/><V73/><F73/><W132/><G132/><T95/><D2/><U24/><AGARI ba="2,1" hai="18,22,24,44,46,52,56,60,77,83,84" m="8255" machi="24" ten="30,7900,0" yaku="8,1,52,1,54,2" doraHai="75" who="1" fromWho="1" sc="270,-22,193,95,318,-22,209,-41" /><INIT seed="4,0,0,5,4,14" ten="248,288,296,168" oya="0" hai0="33,48,44,130,99,105,108,18,87,65,69,124,22" hai1="127,121,45,1,66,120,82,53,92,47,113,79,2" hai2="24,117,9,104,109,11,63,42,125,4,12,80,96" hai3="75,10,101,0,119,132,20,60,131,59,40,43,133"/><T123/><D33/><U78/><E66/><V5/><F109/><W84/><G75/><T95/><D123/><U106/><E106/><V126/><F117/><W34/><G34/><T58/><D108/><U49/><E127/><N who="2" m="48651" /><F42/><W26/><G101/><T129/><D124/><U35/><E35/><V36/><F36/><W54/><G119/><T25/><D105/><U110/><E110/><V70/><F24/><W118/><G118/><T41/><D87/><U107/><E107/><V135/><F135/><N who="3" m="51787" /><G131/><T30/><D69/><U91/><E120/><V46/><F46/><W13/><G84/><T71/><D71/><U16/><E121/><V67/><F80/><W28/><G0/><T38/><D30/><U98/><E113/><V94/><F104/><W56/><G59/><T97/><D65/><U27/><E47/><V90/><F11/><W86/><G86/><T68/><D68/><U93/><E1/><V61/><F61/><W74/><G74/><T51/><D97/><N who="1" m="57503" /><E2/><V31/><F31/><W32/><G32/><T73/><D73/><U115/><E115/><V111/><F111/><W6/><AGARI ba="0,0" hai="6,10,13,20,26,28,40,43,54,56,60" m="51787" machi="6" ten="30,1100,0" yaku="20,1" doraHai="14" who="3" fromWho="3" sc="248,-5,288,-3,296,-3,168,11" /><INIT seed="5,0,0,1,0,6" ten="243,285,293,179" oya="1" hai0="79,74,58,131,59,22,34,69,27,33,1,73,0" hai1="57,124,97,66,68,55,125,98,72,42,35,103,120" hai2="89,67,8,5,80,26,45,105,101,32,93,118,109" hai3="4,49,39,96,37,44,76,94,122,63,16,19,23"/><U117/><E35/><V130/><F109/><W60/><G122/><T14/><D69/><U11/><E72/><V20/><F118/><W62/><G76/><T70/><D70/><U82/><E117/><V18/><F32/><W92/><G4/><T88/><D79/><U113/><E120/><V54/><F130/><W25/><G19/><T17/><D131/><U90/><E113/><V15/><F67/><W119/><G119/><T9/><D34/><U108/><E108/><V104/><F80/><W107/><G107/><T56/><D0/><U99/><E42/><V75/><F101/><W85/><G85/><T129/><D129/><U38/><E38/><V48/><REACH who="2" step="1"/><F75/><REACH who="2" ten="243,285,283,179" step="2"/><W134/><G134/><T51/><D74/><U53/><E103/><V2/><F2/><W46/><G94/><T115/><D73/><U133/><E66/><V36/><F36/><W135/><G135/><T29/><D115/><U31/><E82/><V128/><F128/><W100/><REACH who="3" step="1"/><G44/><REACH who="3" ten="243,285,283,169" step="2"/><T114/><D114/><U106/><E133/><V50/><F50/><W102/><G102/><T123/><D123/><U10/><E106/><V3/><F3/><W126/><G126/><T71/><D1/><U95/><E124/><V127/><F127/><W132/><G132/><T61/><D51/><U24/><E125/><V110/><F110/><W81/><G81/><T7/><D61/><U77/><E95/><V64/><F64/><W12/><G12/><T43/><D14/><U52/><E68/><V116/><F116/><W21/><G21/><T86/><D71/><U28/><E77/><V112/><F112/><RYUUKYOKU ba="0,2" sc="243,-15,285,-15,283,15,169,15" hai2="5,8,15,18,20,26,45,48,54,89,93,104,105" hai3="16,23,25,37,39,46,49,60,62,63,92,96,100" /><INIT seed="6,1,2,0,1,6" ten="228,270,298,184" oya="2" hai0="83,108,71,103,133,130,95,120,91,19,49,46,92" hai1="26,81,1,131,37,67,82,129,110,4,58,13,10" hai2="22,127,89,52,100,14,59,80,77,76,60,8,121" hai3="31,96,87,84,21,48,34,74,101,32,0,62,86"/><V2/><F121/><W117/><G117/><T105/><D71/><U16/><E37/><V125/><F2/><W115/><G74/><T94/><D108/><U43/><E43/><V7/><F100/><W116/><G116/><T9/><D120/><U38/><E38/><V23/><F89/><W106/><G0/><T36/><D36/><U66/><E26/><V122/><F122/><W24/><G115/><T51/><D133/><U134/><E134/><V57/><F59/><W53/><REACH who="3" step="1"/><G62/><REACH who="3" ten="228,270,298,174" step="2"/><T88/><D130/><N who="1" m="49675" /><E110/><V111/><F111/><W98/><G98/><T47/><D103/><U72/><E72/><N who="2" m="43015" /><F77/><W28/><G28/><T107/><D91/><U17/><E1/><V5/><F127/><W61/><G61/><T118/><D118/><U25/><E66/><V18/><F125/><W93/><G93/><T55/><D107/><U50/><E67/><V65/><F65/><W126/><G126/><T11/><D105/><U85/><E85/><V33/><F60/><W113/><G113/><T45/><D19/><U30/><E17/><V78/><F18/><W3/><G3/><T41/><D47/><AGARI ba="1,3" hai="21,24,31,32,34,47,48,53,84,86,87,96,101,106" machi="47" ten="40,1300,0" yaku="1,1,53,0" doraHai="6" doraHaiUra="90" who="3" fromWho="0" sc="228,-16,270,0,298,0,174,46" /><INIT seed="7,0,0,1,1,55" ten="212,270,298,220" oya="3" hai0="60,70,1,112,38,40,113,49,101,33,0,115,124" hai1="47,105,59,103,128,64,42,67,12,66,134,50,39" hai2="116,48,68,131,107,85,69,44,63,25,81,19,109" hai3="51,96,71,18,3,129,133,117,10,126,22,91,27"/><W2/><G71/><T4/><D124/><U53/><E105/><V110/><F116/><W119/><G51/><T80/><D38/><U111/><E103/><V79/><F107/><W127/><G91/><T23/><D33/><U72/><E72/><V93/><F93/><W100/><G96/><T16/><D101/><U11/><E111/><V95/><F95/><W5/><G100/><T30/><D4/><U31/><E31/><V62/><F131/><W32/><G129/><T17/><D30/><U87/><E87/><V6/><F6/><W123/><G123/><T118/><D118/><N who="3" m="45065" /><G133/><T77/><D49/><U26/><E26/><V121/><F121/><W92/><G92/><T99/><D40/><U106/><E106/><V29/><F69/><W114/><G114/><T94/><D94/><U13/><E128/><V73/><F68/><W43/><G43/><T97/><D99/><U74/><E74/><V56/><F73/><W9/><G32/><T35/><D35/><U104/><E104/><V65/><F63/><W24/><G24/><N who="0" m="14439" /><D17/><U132/><E132/><V37/><F19/><W46/><G46/><T21/><D97/><U122/><E134/><V75/><F37/><W41/><G41/><T8/><D80/><U76/><E122/><V45/><F45/><W7/><AGARI ba="0,0" hai="2,3,5,7,9,10,18,22,27,126,127" m="45065" machi="7" ten="30,3000,0" yaku="34,2" doraHai="55" who="3" fromWho="3" sc="212,-10,270,-10,298,-10,220,30" /><INIT seed="7,1,0,1,4,103" ten="202,260,288,250" oya="3" hai0="46,126,9,124,109,24,129,134,123,63,66,23,75" hai1="31,69,15,42,1,62,125,39,7,3,115,82,58" hai2="131,92,71,41,68,105,43,133,0,26,121,61,65" hai3="40,35,112,51,120,54,20,97,59,89,100,85,21"/><W60/><G112/><T6/><D75/><U104/><E69/><V30/><F0/><W33/><G120/><T48/><D123/><U56/><E31/><V90/><F121/><W86/><G33/><T78/><D109/><U110/><E110/><V52/><F71/><W72/><G72/><T77/><D129/><U127/><E115/><V49/><F105/><W32/><G32/><T101/><D101/><U16/><E82/><V76/><F76/><W4/><G35/><T91/><D134/><U116/><E104/><V102/><F102/><W113/><G4/><T132/><D91/><U88/><E88/><V27/><F131/><W10/><G10/><T34/><D34/><U64/><E116/><V118/><F133/><W12/><G113/><T96/><D96/><U93/><E93/><V22/><F27/><W53/><G40/><T18/><D132/><U17/><E42/><V5/><F5/><W44/><G12/><T50/><D9/><N who="1" m="4543" /><E39/><V70/><F70/><W2/><G2/><N who="1" m="522" /><E58/><V37/><F37/><W36/><G36/><T87/><D6/><U57/><E57/><V111/><F118/><W80/><REACH who="3" step="1"/><G85/><REACH who="3" ten="202,260,288,240" step="2"/><T108/><D108/><U119/><E119/><V8/><F111/><W84/><G84/><T28/><D126/><AGARI ba="1,1" hai="16,17,56,62,64,125,126,127" m="522,4543" machi="126" ten="30,2000,0" yaku="18,1,54,1" doraHai="103" who="1" fromWho="0" sc="202,-23,260,33,288,0,240,0" /><INIT seed="8,0,0,0,0,10" ten="179,293,288,240" oya="0" hai0="38,90,7,132,102,49,99,108,106,2,45,42,105" hai1="26,51,74,61,33,104,9,78,76,114,77,54,14" hai2="53,125,117,70,39,29,109,44,1,66,31,81,65" hai3="60,56,134,50,101,30,111,35,67,27,20,130,57"/><T24/><D132/><U103/><E104/><V48/><F109/><W12/><G111/><T89/><D108/><U115/><E103/><V110/><F110/><W40/><G130/><T94/><D2/><U36/><E36/><V16/><F1/><W133/><G101/><T8/><D38/><U21/><E33/><V4/><F4/><W128/><G128/><T116/><D116/><U58/><E74/><V68/><F125/><W11/><G35/><T96/><D24/><U79/><E79/><V46/><F117/><W88/><G88/><T47/><D47/><U3/><E3/><V63/><F81/><W34/><G34/><T86/><D90/><U43/><E43/><V92/><F92/><W119/><G119/><T107/><REACH who="0" step="1"/><D99/><REACH who="0" ten="169,293,288,240" step="2"/><U22/><E26/><V25/><F44/><N who="3" m="25863" /><G133/><T135/><D135/><U52/><E114/><V113/><F113/><W124/><G134/><T69/><D69/><U131/><E115/><V127/><F39/><W62/><G124/><T83/><D83/><U37/><E37/><V118/><F127/><W100/><G100/><T5/><D5/><N who="1" m="3375" /><E131/><V64/><F118/><W84/><G27/><T55/><D55/><U98/><E98/><V87/><F70/><W91/><G91/><T13/><AGARI ba="0,1" hai="7,8,13,42,45,49,86,89,94,96,102,105,106,107" machi="13" ten="20,7800,0" yaku="1,1,0,1,7,1,52,1,53,0" doraHai="10" doraHaiUra="72" who="0" fromWho="0" sc="169,88,293,-26,288,-26,240,-26" /><INIT seed="8,1,0,0,3,75" ten="257,267,262,214" oya="0" hai0="39,102,96,76,14,133,51,108,56,72,98,62,32" hai1="122,52,107,44,12,5,46,68,81,36,16,78,126" hai2="49,31,134,74,66,135,127,9,92,30,97,20,130" hai3="59,95,71,61,90,120,121,65,10,58,7,25,24"/><T13/><D39/><U99/><E68/><V41/><F74/><W18/><G71/><T4/><D32/><U67/><E67/><V123/><F123/><W93/><G121/><T77/><D72/><U63/><E122/><V118/><F130/><W21/><G120/><T29/><D108/><U100/><E5/><V34/><F34/><W129/><G129/><T45/><D29/><U35/><E35/><V70/><F127/><W83/><G25/><T11/><D14/><U53/><E126/><V88/><F9/><W119/><G119/><T94/><D98/><U115/><E115/><V37/><F37/><W116/><G116/><T50/><D133/><N who="2" m="50698" /><F20/><W3/><REACH who="3" step="1"/><G58/><REACH who="3" ten="257,267,262,204" step="2"/><T60/><D60/><U131/><E131/><V91/><F118/><W43/><G43/><N who="0" m="24895" /><D51/><U112/><E112/><V73/><F49/><W17/><G17/><T6/><D6/><U104/><E63/><V125/><F41/><W84/><AGARI ba="1,1" hai="3,7,10,18,21,24,59,61,65,83,84,90,93,95" machi="84" ten="30,2000,0" yaku="1,1,0,1,53,0" doraHai="75" doraHaiUra="114" who="3" fromWho="3" sc="257,-11,267,-6,262,-6,204,33" /><INIT seed="9,0,0,5,5,69" ten="246,261,256,237" oya="1" hai0="101,95,0,118,97,39,21,76,121,20,111,48,31" hai1="60,94,114,104,5,85,80,7,127,123,2,23,84" hai2="77,41,99,81,14,89,63,66,24,68,98,106,52" hai3="47,42,135,29,75,16,40,90,36,133,107,125,119"/><U35/><E35/><V120/><F120/><W65/><G107/><T45/><D0/><U103/><E104/><V49/><F41/><W116/><G75/><T18/><D111/><U96/><E123/><V10/><F24/><W117/><G125/><T108/><D108/><U100/><E114/><V17/><F106/><W86/><G65/><T9/><D121/><U53/><E2/><V13/><F13/><W131/><G131/><T6/><D39/><U64/><E100/><V8/><F8/><W34/><G40/><T33/><D118/><U134/><E134/><N who="3" m="51210" /><G16/><T11/><D76/><U130/><E127/><V67/><F89/><W132/><N who="3" m="51218" /><W126/><DORA hai="113" /><G126/><T112/><D112/><U92/><E64/><V87/><REACH who="2" step="1"/><F67/><REACH who="2" ten="246,261,246,237" step="2"/><W51/><G36/><T27/><D11/><U71/><E130/><V73/><F73/><W28/><G34/><T93/><D33/><U4/><E23/><V105/><F105/><W82/><AGARI ba="0,1" hai="28,29,42,47,51,82,86,90,116,117,119" m="51218" machi="82" ten="50,12000,2" yaku="16,1,12,1,20,1,52,3" doraHai="69,113" who="3" fromWho="3" sc="246,-30,261,-60,246,-30,237,130" owari="216,1.6,201,-29.9,216,-18.4,367,46.7" /></mjloggm>