<mjloggm ver="2.3"><GO type="169" lobby="0"/><UN n0="%2D%E8%B1%8A%E5%8F%A3%E3%82%81%E3%81%90%E3%81%BF%2D" n1="%72%65%2E" n2="%6B%61%74%65%72%69%6E%61" n3="%E3%82%B0%E3%83%AA%E3%83%B3" dan="17,16,16,16" rate="2170.26,2066.67,2109.55,2168.42" sx="F,M,M,M"/><TAIKYOKU oya="0"/><INIT seed="0,0,0,3,0,2" ten="250,250,250,250" oya="0" hai0="37,108,44,129,93,128,57,71,94,126,101,89,100" hai1="48,7,59,39,12,78,24,19,125,120,77,86,40" hai2="87,91,4,29,49,112,20,27,35,61,111,74,50" hai3="92,22,70,47,82,109,60,73,9,122,52,30,115"/><T69/><D57/><U25/><E120/><V32/><F112/><W1/><G115/><T79/><D44/><U83/><E125/><V23/><F74/><W131/><G122/><T105/><D37/><U5/><E39/><V95/><F111/><W99/><G109/><T58/><D58/><U56/><E77/><V130/><F130/><W104/><G104/><T6/><D108/><U90/><E56/><V18/><F61/><W14/><G1/><T17/><D17/><U123/><E123/><V85/><F85/><W135/><G70/><T54/><D79/><U21/><E78/><V55/><F4/><N who="1" m="1609" /><E40/><V41/><F41/><W96/><G131/><T45/><D105/><U26/><E59/><N who="2" m="33263" /><F50/><AGARI ba="0,0" hai="12,19,21,24,25,26,48,50,83,86,90" m="1609" machi="50" ten="30,7700,0" yaku="8,1,52,3" doraHai="2" who="1" fromWho="2" sc="250,0,250,77,250,-77,250,0" /><INIT seed="1,0,0,5,2,55" ten="250,327,173,250" oya="1" hai0="72,24,118,75,71,60,127,61,85,51,28,25,112" hai1="132,34,99,114,113,94,31,123,23,117,49,103,38" hai2="107,89,50,36,29,43,128,77,93,91,11,76,124" hai3="116,3,22,9,14,63,26,87,47,46,2,6,59"/><U20/><E38/><V66/><F107/><W12/><G116/><T0/><D112/><U120/><E117/><V110/><F36/><W90/><G2/><T18/><D0/><U44/><E132/><V122/><F122/><W54/><G14/><T56/><D118/><U62/><E34/><V100/><F110/><W8/><G8/><T97/><D85/><U82/><E113/><V98/><F128/><W16/><REACH who="3" step="1"/><G3/><REACH who="3" ten="250,327,173,240" step="2"/><T126/><D25/><U135/><E114/><V39/><F11/><W104/><G104/><T108/><D24/><U64/><E120/><V131/><F131/><W30/><G30/><T27/><D27/><U133/><E123/><V32/><F29/><W95/><AGARI ba="0,1" hai="6,9,12,16,22,26,46,47,54,59,63,87,90,95" machi="95" ten="20,16000,3" yaku="1,1,0,1,7,1,8,1,52,1,54,1,53,2" doraHai="55" doraHaiUra="41" who="3" fromWho="3" sc="250,-40,327,-80,173,-40,240,170" /><INIT seed="2,0,0,1,5,92" ten="210,247,133,410" oya="2" hai0="110,48,24,2,128,1,77,34,70,0,14,130,95" hai1="17,64,80,111,37,28,44,89,134,135,104,55,68" hai2="51,82,3,87,39,66,8,74,46,99,50,86,107" hai3="96,116,58,59,35,47,113,63,22,20,56,129,41"/><V16/><F66/><W88/><G116/><T27/><D70/><U4/><E111/><V106/><F74/><W123/><G123/><T23/><D77/><U26/><E4/><V72/><F72/><W6/><G35/><T43/><D43/><U18/><E104/><V131/><F131/><N who="0" m="50218" /><D48/><U75/><E64/><V57/><F39/><W30/><G129/><T42/><D42/><U40/><E55/><V79/><F86/><W112/><G6/><T102/><D110/><U67/><E67/><V105/><F3/><W119/><G63/><T12/><D95/><U90/><E68/><V115/><F57/><W122/><G119/><T15/><D102/><U83/><E83/><V85/><F85/><W109/><G122/><T133/><D133/><N who="1" m="50699" /><E75/><V25/><F115/><N who="3" m="44107" /><G30/><N who="0" m="19807" /><D2/><U10/><E80/><V121/><F121/><W71/><G71/><T103/><D103/><U11/><E89/><V19/><F51/><N who="3" m="27119" /><G109/><T33/><D33/><N who="1" m="20631" /><E90/><V49/><F49/><W108/><G108/><T100/><D100/><U29/><E29/><AGARI ba="0,0" hai="0,1,12,14,15,23,24,29" m="19807,50218" machi="29" ten="30,3900,0" yaku="19,1,34,2" doraHai="92" who="0" fromWho="1" sc="210,39,247,-39,133,0,410,0" /><INIT seed="3,0,0,4,4,11" ten="249,208,133,410" oya="3" hai0="28,56,115,43,97,13,15,68,42,48,44,17,135" hai1="98,40,105,10,62,14,76,16,70,125,50,74,86" hai2="89,1,49,20,122,52,91,106,104,129,79,0,37" hai3="95,72,78,133,4,12,58,75,113,22,47,109,80"/><W73/><G113/><T85/><D68/><U110/><E110/><V61/><F37/><W69/><G69/><T81/><D115/><U112/><E112/><V27/><F122/><W54/><G109/><T25/><D135/><U39/><E125/><V121/><F121/><W120/><G133/><T108/><D108/><U65/><E74/><V7/><F129/><W124/><G47/><T2/><D2/><U93/><E105/><V31/><F31/><W111/><G124/><T38/><D17/><U30/><E30/><V84/><F79/><W134/><G120/><T41/><D97/><U57/><E39/><V34/><F34/><W63/><G134/><T132/><D56/><U90/><E70/><V45/><F61/><W100/><G111/><T33/><D132/><U55/><E40/><V131/><F131/><W102/><G95/><T116/><D116/><U127/><E127/><V88/><F84/><W36/><G36/><T77/><REACH who="0" step="1"/><D38/><REACH who="0" ten="239,208,133,410" step="2"/><U64/><E62/><V8/><F1/><W128/><G58/><T114/><D114/><U117/><E117/><V82/><F82/><AGARI ba="0,1" hai="10,14,16,50,55,57,64,65,76,82,86,90,93,98" machi="82" ten="40,5200,0" yaku="8,1,52,1,54,1" doraHai="11" who="1" fromWho="2" sc="239,0,208,62,133,-52,410,0" /><INIT seed="4,0,0,2,3,19" ten="239,270,81,410" oya="0" hai0="34,5,60,23,95,107,25,96,114,20,127,3,110" hai1="37,98,15,102,8,131,33,82,83,80,84,103,88" hai2="45,55,94,9,97,65,72,24,53,101,71,36,52" hai3="42,43,100,105,132,78,39,49,62,18,133,48,17"/><T40/><D107/><U4/><E37/><V50/><F72/><W115/><G39/><T30/><D114/><U0/><E131/><V104/><F36/><W10/><G78/><T92/><D40/><N who="3" m="15401" /><G62/><T99/><D127/><U119/><E119/><V16/><F104/><W27/><G10/><T41/><D41/><U11/><E33/><V54/><F71/><W79/><G79/><T116/><D116/><U38/><E38/><V93/><F65/><W26/><G100/><T57/><D110/><U29/><E29/><V90/><F9/><W1/><G1/><T46/><D46/><U130/><E102/><V128/><F128/><W91/><G91/><T122/><D122/><U85/><E85/><V135/><F135/><N who="3" m="51787" /><G105/><T117/><D117/><U35/><E35/><V58/><F93/><W56/><G56/><T51/><D51/><N who="3" m="19529" /><G115/><T61/><D5/><U108/><E130/><V66/><F66/><W113/><G113/><T47/><D47/><U129/><E129/><V76/><F76/><W134/><G134/><T86/><D86/><U73/><E108/><V106/><F106/><W69/><G69/><T67/><D3/><U14/><E0/><V59/><REACH who="2" step="1"/><F101/><REACH who="2" ten="239,270,71,410" step="2"/><W12/><G12/><T21/><D95/><N who="1" m="58847" /><E73/><V6/><F6/><AGARI ba="0,1" hai="4,6,8,11,14,15,80,82,83,84,88" m="58847" machi="6" ten="30,2000,0" yaku="8,1,54,1" doraHai="19" who="1" fromWho="2" sc="239,0,270,30,71,-20,410,0" /><INIT seed="5,0,0,1,4,122" ten="239,300,51,410" oya="1" hai0="108,96,116,46,35,50,71,4,90,58,112,98,2" hai1="78,125,38,68,77,103,119,85,86,84,26,128,82" hai2="101,107,14,132,124,123,41,0,65,13,18,115,63" hai3="130,109,79,29,16,59,87,60,72,20,25,127,97"/><U11/><E68/><V100/><F0/><W83/><G109/><T75/><D71/><U49/><E38/><V21/><F123/><W56/><G127/><T36/><D35/><U24/><E119/><V62/><F124/><W95/><G130/><T81/><D116/><U52/><E128/><V104/><F132/><W31/><G72/><T47/><D47/><U6/><E125/><V12/><F41/><W131/><G131/><T37/><D112/><U74/><E103/><V61/><F65/><N who="3" m="39047" /><G59/><T118/><D36/><U55/><E77/><V57/><F57/><W88/><AGARI ba="0,0" hai="16,20,25,29,31,79,83,87,88,95,97" m="39047" machi="88" ten="30,4000,0" yaku="8,1,54,2" doraHai="122" who="3" fromWho="3" sc="239,-10,300,-20,51,-10,410,40" /><INIT seed="6,0,0,1,2,66" ten="229,280,41,450" oya="2" hai0="109,27,106,35,51,84,105,7,77,44,26,16,126" hai1="82,71,123,112,38,120,0,17,131,50,30,9,134" hai2="29,31,124,42,87,102,113,10,127,83,135,93,20" hai3="4,58,11,128,39,95,53,14,75,74,94,129,6"/><V119/><F119/><W28/><G39/><T81/><D109/><U32/><E38/><V97/><F113/><W21/><G74/><T96/><D7/><U88/><E112/><V47/><F135/><W25/><G75/><T85/><D85/><U65/><E131/><N who="3" m="50250" /><G4/><T36/><D36/><U76/><E50/><AGARI ba="0,0" hai="6,11,14,21,25,28,50,53,58,94,95" m="50250" machi="50" ten="30,1000,0" yaku="19,1" doraHai="66" who="3" fromWho="1" sc="229,0,280,-10,41,0,450,10" /><INIT seed="7,0,0,5,1,126" ten="229,270,41,460" oya="3" hai0="81,12,110,1,73,15,24,118,75,29,74,23,121" hai1="48,107,92,25,52,123,112,86,47,27,63,17,93" hai2="46,120,3,13,51,19,89,33,7,131,2,65,100" hai3="102,109,90,76,54,80,62,36,114,8,133,84,129"/><W134/><G54/><T56/><D118/><U64/><E107/><V6/><F65/><W101/><G62/><T78/><D110/><U69/><E112/><V85/><F100/><N who="3" m="38507" /><G36/><T60/><D1/><U68/><E123/><V115/><F51/><W10/><G10/><T20/><D121/><U34/><E25/><V37/><F46/><W26/><G8/><T43/><D43/><U32/><E32/><V35/><F37/><W38/><G26/><T55/><D15/><U49/><E49/><V124/><F89/><W91/><G38/><T16/><AGARI ba="0,0" hai="12,16,20,23,24,29,55,56,60,73,74,75,78,81" machi="16" ten="30,2000,0" yaku="0,1,54,1" doraHai="126" who="0" fromWho="0" sc="229,20,270,-5,41,-5,460,-10" owari="249,-15.1,265,6.5,36,-46.4,450,55.0" /></mjloggm>