<mjloggm ver="2.3"><GO type="169" lobby="0"/><UN n0="%4D%75%64%46%6C%6F%77" n1="%E6%BD%94" n2="%68%69%72%6F%30%33%30%39" n3="%E7%BD%AA%E5%88%91%E6%B3%95%E5%AE%9A%E4%B8%BB%E7%BE%A9" dan="16,16,16,17" rate="2113.87,2063.09,2070.50,2233.74" sx="M,F,M,M"/><TAIKYOKU oya="0"/><INIT seed="0,0,0,3,1,77" ten="250,250,250,250" oya="0" hai0="117,26,92,112,61,59,97,49,81,135,113,37,67" hai1="93,22,65,2,119,42,10,3,94,100,74,57,104" hai2="66,120,8,69,62,58,44,124,46,60,34,89,28" hai3="47,88,116,13,126,114,68,38,121,125,50,102,129"/><T23/><D117/><U122/><E119/><V52/><F120/><W131/><G116/><T20/><D37/><U103/><E122/><V12/><F124/><N who="3" m="47723" /><G121/><T115/><D135/><U90/><E74/><V91/><F34/><W43/><G102/><T36/><D36/><U45/><E104/><V40/><F28/><W79/><G79/><T64/><D64/><U95/><E90/><V98/><F98/><W133/><G114/><T87/><D49/><U16/><E10/><V83/><F46/><W35/><G35/><T54/><D67/><U53/><E65/><V4/><REACH who="2" step="1"/><F83/><REACH who="2" ten="250,250,240,250" step="2"/><W118/><G118/><T30/><D20/><U85/><E103/><V123/><F123/><W111/><G111/><T1/><D1/><U15/><E100/><V82/><F82/><W109/><G109/><T32/><D32/><U71/><E2/><V96/><F96/><W86/><G133/><T76/><D112/><U75/><E3/><V9/><F9/><W5/><G38/><AGARI ba="0,1" hai="4,8,12,38,40,44,52,58,60,62,66,69,89,91" machi="38" ten="30,3900,0" yaku="1,1,7,1,54,1,53,0" doraHai="77" doraHaiUra="107" who="2" fromWho="3" sc="250,0,250,0,240,49,250,-39" /><INIT seed="1,0,0,2,5,47" ten="250,250,289,211" oya="1" hai0="110,8,57,32,20,31,95,15,22,90,43,69,35" hai1="102,60,49,59,113,12,127,42,17,0,98,61,62" hai2="5,97,10,84,100,109,114,51,133,37,36,18,41" hai3="115,28,30,107,27,89,75,16,11,123,86,81,120"/><U121/><E113/><V9/><F109/><W85/><G115/><T53/><D69/><U103/><E121/><V122/><F114/><W99/><G75/><T108/><D43/><U125/><E0/><V96/><F122/><W13/><G30/><T68/><D68/><U56/><E127/><V21/><F133/><W73/><G73/><T67/><D67/><U91/><E91/><V134/><F134/><W88/><G99/><T117/><D117/><U131/><E131/><V111/><F84/><W25/><G107/><T63/><D31/><U7/><E7/><V55/><F41/><W64/><G64/><T70/><D70/><U26/><E26/><V72/><F72/><W128/><G128/><T40/><D40/><U65/><E125/><V119/><F97/><W44/><G44/><T58/><D58/><U104/><E102/><V93/><F111/><N who="0" m="42538" /><D32/><U6/><E6/><V34/><F34/><W2/><G2/><T124/><D35/><U54/><REACH who="1" step="1"/><E42/><REACH who="1" ten="250,240,289,211" step="2"/><V74/><F5/><W118/><G118/><T33/><D124/><U48/><E48/><V19/><F119/><W52/><G27/><T71/><D90/><U39/><E39/><V101/><F101/><W79/><G89/><T4/><D4/><U78/><E78/><V80/><F36/><W130/><G130/><T135/><D135/><U1/><E1/><V129/><F37/><W106/><G123/><T92/><D15/><U82/><E82/><V126/><F80/><N who="3" m="49191" /><G120/><T3/><D3/><U45/><E45/><V105/><F126/><W76/><G79/><T87/><D63/><U132/><E132/><RYUUKYOKU ba="0,1" sc="250,-10,240,30,289,-10,211,-10" hai1="12,17,49,54,56,59,60,61,62,65,98,103,104" /><INIT seed="1,1,1,5,2,62" ten="240,270,279,201" oya="1" hai0="1,58,120,107,39,27,35,124,43,94,126,111,41" hai1="67,59,40,95,66,115,112,21,53,8,73,72,69" hai2="34,51,38,64,10,88,61,133,127,125,11,13,20" hai3="6,91,77,92,48,135,134,71,26,23,63,80,93"/><U65/><E69/><V98/><F38/><W113/><G113/><T52/><D1/><U60/><E40/><V78/><F34/><W85/><G6/><T128/><D107/><U117/><E117/><V32/><F32/><W74/><G48/><T102/><D111/><U42/><E42/><V100/><F133/><W130/><G130/><T30/><D128/><U97/><E21/><V46/><F78/><W86/><G93/><T70/><D70/><U81/><E8/><V75/><F75/><W116/><G116/><T9/><D9/><U101/><REACH who="1" step="1"/><E81/><REACH who="1" ten="240,260,279,201" step="2"/><V24/><F10/><W19/><REACH who="3" step="1"/><G74/><AGARI ba="1,2" hai="53,59,60,65,66,67,72,73,74,95,97,101,112,115" machi="74" ten="40,12000,1" yaku="1,1,2,1,52,3,53,0" doraHai="62" doraHaiUra="118" who="1" fromWho="3" sc="240,0,260,143,279,0,201,-123" /><INIT seed="1,2,0,4,2,103" ten="240,403,279,78" oya="1" hai0="96,92,2,91,11,82,67,126,111,118,42,74,98" hai1="97,120,51,0,41,14,31,75,83,59,24,104,17" hai2="99,72,130,6,16,3,127,105,46,90,124,10,39" hai3="27,117,25,65,15,66,21,87,134,122,93,63,8"/><U123/><E0/><V38/><F72/><W114/><G122/><T80/><D118/><U32/><E75/><V102/><F130/><W36/><G36/><T113/><D113/><U116/><E116/><V55/><F90/><W108/><G108/><T69/><D111/><U29/><E29/><V54/><F54/><W109/><G109/><T20/><D126/><N who="2" m="48170" /><F55/><W13/><G117/><T30/><D42/><U76/><E59/><V125/><F125/><W34/><G114/><T112/><D74/><U78/><E120/><V119/><F119/><W81/><G134/><T57/><D69/><U5/><E5/><V49/><F49/><W18/><G93/><T7/><D98/><U1/><E1/><V19/><F46/><W62/><G34/><T23/><D112/><U70/><E70/><V22/><F19/><W85/><G18/><T44/><D44/><U106/><E123/><V129/><F129/><W94/><G94/><T68/><D68/><U56/><E97/><V28/><F28/><W35/><G35/><T101/><D91/><U53/><E41/><V73/><F73/><W88/><G88/><T40/><D40/><U84/><REACH who="1" step="1"/><E76/><REACH who="1" ten="240,393,279,78" step="2"/><V95/><F105/><W61/><G66/><T33/><D67/><U52/><E52/><V60/><F38/><W26/><G65/><T100/><D30/><U47/><E47/><V115/><F39/><W37/><G37/><T86/><D57/><U58/><E58/><V45/><F45/><W64/><G64/><T110/><D110/><U77/><E77/><V132/><F115/><W9/><G87/><T121/><D86/><RYUUKYOKU ba="2,1" sc="240,-10,393,30,279,-10,78,-10" hai1="14,17,24,31,32,51,53,56,78,83,84,104,106" /><INIT seed="1,3,1,0,4,13" ten="230,423,269,68" oya="1" hai0="20,125,72,36,78,9,128,40,41,91,7,18,21" hai1="60,59,47,130,52,116,108,113,17,15,65,77,73" hai2="76,69,53,27,49,79,35,48,25,104,132,38,0" hai3="103,46,50,119,131,44,106,135,84,45,81,118,28"/><U58/><E113/><V66/><F38/><W22/><G131/><T54/><D128/><U56/><E116/><N who="3" m="44586" /><G135/><T94/><D125/><U96/><E130/><V117/><F117/><W24/><G103/><T10/><D54/><U6/><E6/><V26/><F35/><W92/><G92/><T57/><D57/><U101/><E108/><V23/><F104/><W93/><G93/><T134/><D134/><U87/><E73/><V127/><F132/><W107/><G50/><T75/><D21/><U30/><E30/><V115/><F0/><W90/><AGARI ba="3,1" hai="22,24,28,44,45,46,81,84,90,106,107" m="44586" machi="90" ten="30,1100,0" yaku="12,1" doraHai="13" who="3" fromWho="3" sc="230,-6,423,-8,269,-6,68,30" /><INIT seed="2,0,0,0,5,82" ten="224,415,263,98" oya="2" hai0="22,56,66,93,79,124,132,7,90,23,8,116,58" hai1="4,42,64,1,35,3,105,125,77,91,33,20,37" hai2="76,103,60,36,11,14,98,24,50,135,52,96,12" hai3="54,63,13,101,40,43,86,61,111,129,6,78,134"/><V45/><F135/><W10/><G134/><T72/><D132/><U120/><E105/><V115/><F115/><W16/><G111/><T30/><D124/><U31/><E125/><V38/><F24/><W97/><G129/><T28/><D72/><U71/><E77/><V32/><F32/><W118/><G118/><T17/><D79/><U68/><E120/><V99/><F103/><W41/><G54/><T92/><D66/><U81/><E20/><V57/><F76/><W9/><G78/><T130/><D130/><U49/><E37/><V117/><F14/><W88/><G97/><T27/><D30/><U131/><E131/><V21/><F21/><W47/><G47/><T94/><D90/><U113/><E113/><V2/><F2/><W109/><G101/><T95/><N who="0" m="23552" /><DORA hai="121" /><T26/><REACH who="0" step="1"/><D116/><REACH who="0" ten="214,415,263,98" step="2"/><U39/><E91/><V48/><F117/><W122/><G122/><T29/><D29/><U0/><E64/><V80/><F80/><N who="3" m="49223" /><G109/><T69/><D69/><U85/><E68/><V15/><F99/><W70/><G70/><T104/><D104/><U18/><E71/><V46/><F98/><W126/><G126/><T133/><D133/><U53/><E31/><V84/><F96/><W73/><G73/><T110/><D110/><U5/><E81/><V114/><F84/><W59/><G59/><T44/><D44/><N who="1" m="23647" /><E85/><V107/><F46/><W83/><G83/><T55/><D55/><U100/><E100/><V106/><F45/><W67/><G67/><T87/><D87/><U119/><E53/><V127/><F52/><W34/><G34/><N who="1" m="12810" /><E119/><V74/><F127/><RYUUKYOKU ba="0,1" sc="214,15,415,-15,263,-15,98,15" hai0="7,8,17,22,23,26,27,28,56,58" hai3="6,9,10,13,16,40,41,43,61,63" /><INIT seed="3,1,1,4,5,94" ten="229,400,248,113" oya="3" hai0="65,40,108,12,20,31,128,106,90,49,103,133,78" hai1="33,34,132,13,100,122,19,52,38,101,112,130,17" hai2="96,123,16,62,56,92,68,47,120,35,87,44,85" hai3="37,80,24,107,6,9,1,135,7,119,4,109,82"/><W111/><G37/><T89/><D108/><N who="3" m="41545" /><G107/><T45/><D128/><U27/><E122/><N who="2" m="46635" /><F68/><W41/><G41/><T115/><D133/><U10/><E112/><V23/><F35/><W53/><G53/><T66/><D115/><U131/><E38/><V57/><F44/><W26/><G82/><T64/><D78/><U74/><E74/><V79/><F47/><W32/><G80/><T21/><D106/><U121/><E121/><V88/><F57/><W91/><G91/><T71/><D71/><U97/><E101/><V50/><F50/><W76/><G76/><T72/><D72/><U126/><E126/><V124/><F124/><W114/><G114/><T129/><D129/><N who="1" m="49163" /><E52/><N who="2" m="34055" /><F79/><W69/><G69/><T25/><D103/><U116/><E116/><V36/><F36/><W98/><G98/><T110/><D110/><U28/><E132/><V75/><F75/><W2/><G135/><T125/><D125/><U77/><E77/><V61/><F61/><W93/><G93/><T22/><REACH who="0" step="1"/><D12/><AGARI ba="1,1" hai="12,16,23,85,87,88,92,96" m="34055,46635" machi="12" ten="30,8000,1" yaku="13,1,52,1,54,3" doraHai="94" who="2" fromWho="0" sc="229,-83,400,0,248,93,113,0" /><INIT seed="4,0,0,3,4,106" ten="146,400,341,113" oya="0" hai0="74,45,99,122,61,62,72,46,129,78,7,19,100" hai1="31,85,68,124,120,57,64,93,94,47,111,84,11" hai2="34,131,42,67,110,26,43,96,9,4,125,37,21" hai3="127,6,98,83,13,15,123,24,53,56,27,101,20"/><T3/><D122/><U82/><E111/><V1/><F110/><W79/><G127/><T126/><D126/><U66/><E120/><V104/><F125/><W52/><G123/><T135/><D135/><U69/><E124/><V18/><F67/><W130/><G130/><T23/><D129/><U35/><E35/><V77/><F131/><W128/><G128/><T51/><D78/><U132/><E31/><V113/><F113/><W80/><G6/><T107/><D7/><U2/><E47/><V114/><F114/><W105/><G53/><T134/><D3/><U39/><E39/><V88/><F77/><W22/><G22/><T60/><D134/><U86/><E82/><V118/><F118/><W91/><G91/><T115/><D115/><U70/><E132/><V109/><F37/><W65/><G65/><T133/><D133/><U44/><E44/><V92/><F109/><W40/><G40/><T17/><D46/><U55/><E11/><V10/><F10/><W32/><G32/><T30/><D30/><U87/><E2/><V36/><F36/><W59/><G59/><T102/><D102/><U117/><E117/><V28/><F104/><W8/><G8/><T75/><REACH who="0" step="1"/><D23/><REACH who="0" ten="136,400,341,113" step="2"/><U103/><E103/><V76/><F76/><W33/><G33/><T71/><D71/><U73/><E69/><V41/><F42/><AGARI ba="0,1" hai="17,19,42,45,51,60,61,62,72,74,75,99,100,107" machi="42" ten="50,12000,1" yaku="1,1,52,3,53,0" doraHai="106" doraHaiUra="89" who="0" fromWho="2" sc="136,130,400,0,341,-120,113,0" /><INIT seed="4,1,0,4,3,62" ten="266,400,221,113" oya="0" hai0="85,29,83,89,116,53,76,128,127,42,60,93,103" hai1="63,80,109,87,90,118,132,39,66,14,101,26,1" hai2="51,113,6,70,18,0,33,34,46,117,68,31,20" hai3="107,112,22,108,13,71,125,12,72,7,52,4,23"/><T44/><D116/><U57/><E109/><V73/><F73/><W97/><G108/><T43/><D128/><U5/><E118/><V129/><F117/><W102/><G71/><T11/><D127/><U40/><E132/><V41/><F113/><W114/><G72/><T92/><D29/><U96/><E1/><V58/><F129/><W131/><G131/><T94/><D103/><U48/><E39/><V38/><F31/><W65/><G65/><T30/><D30/><U64/><E26/><V16/><F18/><W61/><G125/><T124/><D124/><U111/><E111/><V47/><F58/><N who="3" m="35015" /><G13/><T123/><D123/><U79/><E40/><V8/><F68/><W10/><G7/><T24/><D24/><U25/><E48/><V54/><REACH who="2" step="1"/><F70/><REACH who="2" ten="266,400,211,113" step="2"/><W74/><G74/><T81/><D44/><U49/><E57/><V130/><F130/><W2/><G2/><T69/><D69/><U110/><E110/><V17/><F17/><W98/><G98/><T32/><D85/><U21/><E96/><V75/><F75/><W106/><G106/><T88/><D32/><U104/><E87/><V135/><F135/><W86/><G86/><T99/><D99/><U122/><E104/><V100/><F100/><W9/><G9/><T36/><D11/><U50/><E101/><V3/><F3/><W91/><G114/><T19/><D19/><U115/><E115/><V78/><F78/><W27/><G112/><T15/><D76/><U84/><E79/><V119/><F119/><W28/><G23/><T121/><D89/><U105/><E90/><V95/><F95/><RYUUKYOKU ba="1,1" sc="266,-15,400,-15,211,15,113,15" hai2="0,6,8,16,20,33,34,38,41,46,47,51,54" hai3="4,10,12,22,27,28,91,97,102,107" /><INIT seed="5,2,1,0,3,91" ten="251,385,226,128" oya="1" hai0="113,61,124,16,88,40,85,60,30,42,50,125,3" hai1="35,54,43,81,56,29,78,46,24,6,90,134,101" hai2="71,87,77,36,92,110,107,84,51,114,67,89,66" hai3="109,28,23,26,116,68,57,120,12,127,128,130,123"/><U18/><E134/><V19/><F36/><W34/><G68/><T80/><D3/><U8/><E101/><V38/><F38/><W74/><G74/><T111/><D111/><U118/><E118/><V21/><F110/><W100/><G100/><T83/><D30/><U13/><E90/><V75/><F75/><W20/><G57/><T133/><D133/><U119/><E119/><V86/><F107/><W117/><G109/><T47/><D40/><U96/><E96/><N who="2" m="57359" /><F71/><W132/><G132/><T9/><D83/><U14/><E56/><V70/><F70/><W25/><G12/><N who="0" m="7183" /><D113/><U4/><E54/><V73/><F73/><W49/><G49/><T98/><D98/><U37/><REACH who="1" step="1"/><E14/><REACH who="1" ten="251,375,226,128" step="2"/><N who="2" m="9463" /><F114/><W79/><G79/><T55/><D42/><U82/><E82/><V95/><F77/><W58/><G58/><T22/><D124/><U11/><E11/><V69/><F69/><W1/><G1/><T129/><D125/><U33/><E33/><V121/><F67/><W115/><G127/><T2/><D2/><U131/><E131/><V102/><F66/><W104/><G115/><T97/><D129/><U94/><E94/><V31/><F95/><W106/><REACH who="3" step="1"/><G28/><REACH who="3" ten="251,375,226,118" step="2"/><T62/><D97/><U44/><E44/><V45/><F31/><W53/><G53/><T76/><D76/><U48/><E48/><V27/><F102/><W108/><G108/><T64/><D64/><U39/><E39/><V126/><F126/><W103/><G103/><T7/><D47/><U135/><E135/><V63/><F45/><W72/><G72/><AGARI ba="2,3" hai="4,6,8,13,18,24,29,35,37,43,46,72,78,81" machi="72" ten="30,11600,0" yaku="1,1,7,1,53,2" doraHai="91" doraHaiUra="0" who="1" fromWho="3" sc="251,0,375,152,226,0,118,-122" owari="251,5.1,527,62.7,226,-17.4,-4,-50.4" /></mjloggm>