<mjloggm ver="2.3"><GO type="169" lobby="0"/><UN n0="%E3%82%A2%E3%83%B3%E3%83%88%E3%83%AC%E3%83%BC%E3%82%B9" n1="%62%73%64%5F%33" n2="%E7%B5%B6%E5%AF%BE%E9%98%B2%E5%BE%A1%E5%B0%86%E8%BB%8D" n3="%E3%82%B1%E3%83%AB%E3%83%B4%E3%82%A3%E3%83%B3" dan="16,17,16,16" rate="2073.36,2160.58,2122.26,2153.95" sx="M,F,M,M"/><TAIKYOKU oya="0"/><INIT seed="0,0,0,2,4,108" ten="250,250,250,250" oya="0" hai0="57,92,1,76,109,75,101,6,111,99,58,20,11" hai1="114,17,55,23,132,8,123,39,91,27,10,49,98" hai2="73,93,13,133,43,115,47,125,44,24,113,33,61" hai3="80,129,88,32,46,66,79,28,110,16,36,107,68"/><T121/><D121/><U60/><E123/><V34/><F73/><W54/><G107/><T12/><D76/><U95/><E39/><V2/><F2/><W71/><G110/><N who="0" m="41995" /><D75/><U78/><E132/><V135/><F125/><W70/><G129/><T124/><D124/><U25/><E114/><N who="2" m="43531" /><F24/><W134/><G28/><T30/><D1/><U67/><E78/><V0/><F0/><W85/><G134/><N who="2" m="51209" /><F47/><W37/><G32/><T9/><D9/><U64/><E27/><AGARI ba="0,0" hai="6,11,12,20,27,30,57,58,92,99,101" m="41995" machi="27" ten="30,2900,0" yaku="14,1,10,1" doraHai="108" who="0" fromWho="1" sc="250,29,250,-29,250,0,250,0" /><INIT seed="0,1,0,4,1,23" ten="279,221,250,250" oya="0" hai0="62,76,123,12,71,20,22,82,33,8,14,25,38" hai1="60,97,95,131,100,91,34,9,36,39,30,29,63" hai2="94,122,120,84,108,92,44,65,61,77,99,68,70" hai3="59,132,47,118,114,87,66,43,125,52,57,54,103"/><T74/><D123/><U116/><E116/><V40/><F108/><W50/><G103/><T7/><D38/><U121/><E121/><V37/><F70/><W129/><G118/><T53/><D53/><U73/><E73/><V106/><F106/><W119/><G119/><T130/><D130/><U134/><E134/><V31/><F31/><W104/><G104/><T89/><D89/><U49/><E131/><V83/><REACH who="2" step="1"/><F92/><REACH who="2" ten="279,221,240,250" step="2"/><W78/><G129/><T64/><REACH who="0" step="1"/><D12/><REACH who="0" ten="269,221,240,250" step="2"/><U85/><E91/><AGARI ba="1,2" hai="37,40,44,61,65,68,77,83,84,91,94,99,120,122" machi="91" ten="30,3900,0" yaku="1,1,2,1,7,1,53,0" doraHai="23" doraHaiUra="2" who="2" fromWho="1" sc="269,0,221,-42,240,62,250,0" /><INIT seed="1,0,0,5,5,52" ten="269,179,302,250" oya="1" hai0="44,60,23,105,25,45,49,0,123,65,32,6,89" hai1="82,42,135,24,57,5,132,58,53,31,29,66,116" hai2="40,22,80,4,19,9,54,10,18,133,51,33,17" hai3="70,124,128,96,95,87,7,111,16,48,94,67,118"/><U39/><E116/><V86/><F133/><N who="1" m="51273" /><E5/><V61/><F33/><W55/><G118/><T100/><D32/><U119/><E119/><V47/><F22/><W115/><G124/><T85/><D123/><U117/><E117/><V41/><F61/><W81/><G111/><T78/><D6/><U26/><E82/><V34/><F34/><W38/><G38/><T125/><D0/><U88/><E66/><V20/><F20/><W21/><G128/><T62/><D125/><U74/><E74/><V37/><F37/><W126/><G126/><T69/><D62/><U2/><E2/><V99/><F99/><W79/><G115/><T1/><D1/><U76/><E76/><V84/><F84/><W46/><G7/><T134/><D78/><U11/><E11/><N who="2" m="4107" /><F4/><W36/><G36/><T71/><D134/><U109/><E109/><V59/><F47/><W68/><G67/><T72/><D44/><N who="1" m="23647" /><E88/><AGARI ba="0,0" hai="17,18,19,40,41,51,54,59,80,86,88" m="4107" machi="88" ten="30,3900,0" yaku="8,1,52,1,54,1" doraHai="52" who="2" fromWho="1" sc="269,0,179,-39,302,39,250,0" /><INIT seed="2,0,0,5,1,80" ten="269,140,341,250" oya="2" hai0="103,101,115,4,5,93,105,109,102,77,68,87,110" hai1="83,63,133,135,12,127,38,71,92,3,85,39,41" hai2="48,21,120,111,60,134,126,70,62,31,67,35,6" hai3="104,100,91,19,78,124,28,129,2,18,84,56,30"/><V72/><F120/><W33/><G2/><T81/><D68/><U118/><E3/><V51/><F35/><W52/><G129/><T53/><D53/><U130/><E118/><V106/><F72/><W55/><G124/><T54/><D54/><U117/><E117/><V123/><F123/><W121/><G121/><T125/><D5/><U22/><E127/><V66/><F106/><W94/><G78/><T97/><D4/><U45/><E130/><V96/><F126/><W88/><G104/><T10/><D10/><U36/><E92/><V49/><F134/><N who="1" m="51209" /><E22/><V43/><F6/><W58/><G100/><N who="0" m="38507" /><D125/><U25/><E25/><V13/><F96/><W1/><G1/><T32/><D32/><U64/><E12/><V99/><F99/><W119/><G119/><T9/><D9/><U69/><E69/><V122/><F122/><W59/><G91/><AGARI ba="0,0" hai="36,38,39,41,45,63,64,71,83,85,91" m="51209" machi="91" ten="30,2000,0" yaku="20,1,52,1" doraHai="80" who="1" fromWho="3" sc="269,0,140,20,341,0,250,-20" /><INIT seed="3,0,0,5,4,131" ten="269,160,341,230" oya="3" hai0="43,106,66,109,74,77,100,114,49,124,25,85,52" hai1="62,59,56,128,20,117,29,50,88,23,54,36,42" hai2="112,46,108,125,115,47,92,19,94,133,127,34,111" hai3="119,101,118,96,103,90,40,63,105,26,39,107,89"/><W72/><G39/><T64/><D109/><N who="2" m="42058" /><F133/><W65/><G40/><T41/><D74/><U61/><E128/><V129/><F129/><W93/><G72/><T73/><D73/><U82/><E117/><V97/><F19/><W22/><G119/><T35/><D124/><N who="2" m="47690" /><F34/><W44/><G44/><N who="2" m="16937" /><F97/><W37/><G37/><T83/><D114/><AGARI ba="0,0" hai="92,94,112,114,115" m="16937,47690,42058" machi="114" ten="40,8000,1" yaku="28,2,14,1,18,1" doraHai="131" who="2" fromWho="0" sc="269,-80,160,0,341,80,230,0" /><INIT seed="4,0,0,5,3,120" ten="189,160,421,230" oya="0" hai0="55,5,72,123,104,130,76,63,16,88,112,19,20" hai1="42,101,62,115,117,133,81,90,125,23,9,12,128" hai2="6,69,52,40,1,47,45,27,29,64,97,114,32" hai3="84,132,92,60,58,41,68,53,73,110,44,107,129"/><T134/><D123/><U30/><E117/><V54/><F114/><W50/><G107/><T39/><D39/><U121/><E121/><V103/><F1/><W49/><G73/><T85/><D104/><U71/><E133/><V46/><F6/><W21/><G132/><T99/><D134/><U100/><E128/><V91/><F91/><W43/><G129/><T10/><D130/><U131/><E125/><V122/><F40/><W22/><G110/><T135/><D135/><U127/><E115/><V75/><F75/><W15/><G68/><T77/><D99/><U116/><E116/><V61/><REACH who="2" step="1"/><F122/><REACH who="2" ten="189,160,411,230" step="2"/><W48/><G43/><T93/><D72/><U25/><E42/><V82/><F82/><W14/><G14/><N who="0" m="7255" /><D5/><U83/><E131/><V7/><F7/><W67/><G15/><N who="0" m="9343" /><D112/><U119/><E119/><V124/><F124/><W11/><G41/><T108/><D108/><U109/><E109/><V57/><F57/><AGARI ba="0,1" hai="55,57,63,76,77,85,88,93" m="9343,7255" machi="57" ten="30,5800,0" yaku="8,1,54,2" doraHai="120" who="0" fromWho="2" sc="189,68,160,0,411,-58,230,0" /><INIT seed="4,1,0,3,0,63" ten="257,160,353,230" oya="0" hai0="37,80,121,14,25,65,50,3,10,66,84,133,102" hai1="64,106,42,47,17,2,26,70,95,12,67,82,22" hai2="100,126,132,122,114,34,90,24,8,125,29,116,33" hai3="0,123,91,58,88,94,16,119,52,83,93,85,41"/><T18/><D121/><U57/><E106/><V105/><F122/><W107/><G123/><T128/><D37/><U113/><E2/><V27/><F114/><W92/><G107/><T76/><D3/><U15/><E113/><V73/><F73/><W87/><G0/><T55/><D128/><U30/><E70/><V59/><F132/><W98/><G119/><T72/><D133/><U35/><E57/><V97/><F116/><W53/><G41/><T75/><D102/><U124/><E124/><N who="2" m="47723" /><F90/><W112/><G112/><T49/><D49/><U4/><E95/><V81/><F81/><W23/><G58/><T68/><D68/><U19/><E4/><V40/><F40/><W71/><G71/><T39/><D39/><U129/><E82/><V51/><F8/><W79/><G94/><T20/><D72/><U60/><E60/><V36/><F36/><W9/><G9/><T115/><D75/><U127/><E129/><V78/><F78/><W108/><G108/><T103/><D103/><U89/><E89/><V45/><F45/><W54/><G54/><T43/><D43/><U61/><E61/><V110/><F110/><W44/><G44/><N who="0" m="28103" /><D115/><U48/><E127/><V1/><F1/><W101/><G101/><T13/><D10/><AGARI ba="1,0" hai="10,12,15,17,19,22,26,30,35,42,47,48,64,67" machi="10" ten="30,3900,0" yaku="7,1,52,2" doraHai="63" who="1" fromWho="0" sc="257,-42,160,42,353,0,230,0" /><INIT seed="5,0,0,3,2,37" ten="215,202,353,230" oya="1" hai0="87,122,119,38,60,28,132,43,72,56,118,66,6" hai1="17,1,92,112,123,67,16,102,13,10,117,26,15" hai2="22,120,108,121,110,46,78,36,51,11,111,58,64" hai3="101,49,34,80,61,55,59,109,107,127,2,24,134"/><U105/><E105/><V90/><F90/><W19/><G109/><T25/><D72/><U31/><E123/><N who="2" m="47179" /><F22/><W126/><G2/><T65/><D122/><U0/><E117/><V77/><F11/><W93/><G107/><T8/><D66/><U30/><E112/><V40/><F77/><W76/><G101/><T4/><D132/><U116/><E116/><V128/><F78/><W89/><G134/><T114/><D114/><U69/><E69/><V42/><F128/><W113/><G113/><T96/><D4/><U50/><E67/><V130/><F130/><W85/><G34/><T98/><D87/><U104/><E104/><V74/><F74/><W83/><G83/><T81/><D81/><U125/><E125/><V9/><F9/><W63/><G126/><T82/><D82/><U57/><E92/><V124/><F124/><W129/><G129/><T18/><D18/><U39/><E39/><V100/><F100/><W20/><REACH who="3" step="1"/><G127/><REACH who="3" ten="215,202,353,220" step="2"/><T86/><D119/><U68/><E102/><V133/><F133/><W12/><G12/><T71/><D118/><U84/><E0/><V52/><F64/><W94/><G94/><T115/><D65/><U53/><E1/><V3/><F3/><W41/><G41/><AGARI ba="0,1" hai="36,40,41,42,46,51,52,58,108,110,111" m="47179" machi="41" ten="40,12000,2" yaku="34,2,52,3,54,1" doraHai="37" who="2" fromWho="3" sc="215,0,202,0,353,130,220,-120" /><INIT seed="6,0,0,5,3,98" ten="215,202,483,100" oya="2" hai0="96,135,101,118,0,92,44,90,55,107,72,85,131" hai1="33,13,105,129,24,3,22,39,65,132,11,109,35" hai2="51,18,23,91,106,114,4,32,99,112,133,52,20" hai3="38,124,57,128,117,134,74,75,43,46,27,30,31"/><V104/><F32/><N who="1" m="12361" /><E65/><V97/><F4/><W102/><G31/><T26/><D0/><U93/><E93/><N who="2" m="56511" /><F133/><W15/><G57/><T60/><D26/><U28/><E39/><V34/><F34/><W119/><G15/><T56/><D135/><U82/><E82/><V108/><F108/><W12/><G12/><T61/><D72/><U9/><E105/><V84/><F84/><W67/><G30/><T88/><D131/><U5/><E109/><V110/><F110/><W49/><G49/><T86/><D118/><U50/><E50/><V73/><F73/><N who="3" m="27659" /><G27/><T63/><REACH who="0" step="1"/><D44/><REACH who="0" ten="205,202,483,100" step="2"/><U66/><E132/><V78/><F114/><W21/><G134/><T62/><D62/><U2/><E129/><V113/><F112/><W59/><G128/><T25/><D25/><U121/><E121/><V120/><F113/><W6/><G119/><T41/><D41/><U127/><E127/><V80/><F120/><W87/><G124/><T94/><AGARI ba="0,1" hai="55,56,60,61,63,85,86,88,90,92,94,96,101,107" machi="94" ten="20,12000,2" yaku="1,1,0,1,7,1,9,1,52,1,54,1,53,0" doraHai="98" doraHaiUra="47" who="0" fromWho="0" sc="205,130,202,-30,483,-60,100,-30" /><INIT seed="7,0,0,2,1,51" ten="335,172,423,70" oya="3" hai0="53,89,86,119,115,114,127,26,108,3,9,55,20" hai1="94,93,42,7,11,90,57,36,95,83,30,121,18" hai2="25,133,63,19,21,23,50,102,61,34,135,80,5" hai3="43,78,15,13,6,109,24,100,96,12,22,97,46"/><W104/><G109/><T69/><D108/><U16/><E121/><V39/><F39/><W128/><G128/><T31/><D119/><U75/><E30/><V106/><F34/><W65/><G65/><T98/><D127/><U92/><E57/><V79/><F5/><W105/><G78/><T134/><D134/><N who="2" m="51210" /><F50/><W64/><G64/><T113/><D98/><U70/><E70/><V40/><F40/><W49/><G97/><T87/><D69/><U59/><E95/><V103/><F23/><W116/><G116/><T110/><D110/><U2/><E18/><V45/><F45/><W62/><G62/><N who="2" m="23561" /><F106/><W29/><REACH who="3" step="1"/><G105/><REACH who="3" ten="335,172,423,60" step="2"/><T74/><D113/><U33/><E75/><AGARI ba="0,1" hai="19,21,25,75,79,80,102,103" m="23561,51210" machi="75" ten="30,1000,0" yaku="20,1" doraHai="51" who="2" fromWho="1" sc="335,0,172,-10,423,20,60,0" owari="335,13.5,162,-23.8,443,54.3,60,-44.0" /></mjloggm>