<mjloggm ver="2.3"><GO type="169" lobby="0"/><UN n0="%E9%87%A3%E3%82%8A%E6%97%A5%E5%92%8C" n1="%E3%81%9E%E3%81%88%E3%82%82%E3%82%93%E3%81%A7%E3%81%83" n2="%4B%6F%74%61%38%31%36" n3="%E3%83%81%E3%83%83%E3%82%BF%E3%82%BD%E3%83%BC" dan="17,16,17,16" rate="2172.71,2122.85,2186.29,2143.10" sx="M,M,M,F"/><TAIKYOKU oya="0"/><INIT seed="0,0,0,1,4,126" ten="250,250,250,250" oya="0" hai0="65,105,90,3,89,92,84,45,61,73,103,98,121" hai1="40,29,38,43,26,70,53,109,35,4,39,21,132" hai2="76,101,49,83,11,63,71,91,55,116,128,102,82" hai3="19,112,60,56,134,30,31,77,50,86,113,2,108"/><T122/><D3/><U0/><E70/><V114/><F114/><W111/><G2/><T104/><D45/><U131/><E109/><N who="3" m="42058" /><G50/><T74/><D61/><U120/><E120/><N who="0" m="46185" /><D65/><U79/><E79/><V17/><F116/><W5/><G5/><T68/><D68/><U33/><E132/><V10/><F91/><N who="0" m="34826" /><D84/><U64/><E64/><V14/><F10/><W51/><G51/><T57/><D57/><U59/><E21/><V58/><F63/><W133/><G19/><T18/><D18/><U7/><E59/><V27/><F71/><W47/><G47/><T54/><D54/><U25/><E29/><N who="3" m="10762" /><G86/><T80/><D80/><U127/><E0/><V34/><F83/><W69/><G77/><T32/><D32/><U97/><E97/><V94/><F82/><W96/><G96/><T135/><D135/><N who="3" m="51721" /><G69/><T81/><D81/><U66/><E66/><AGARI ba="0,0" hai="56,60,66,112,113" m="51721,10762,42058" machi="66" ten="30,2000,0" yaku="14,1,20,1" doraHai="126" who="3" fromWho="1" sc="250,0,250,-20,250,0,250,20" /><INIT seed="1,0,0,3,2,24" ten="250,230,250,270" oya="1" hai0="42,121,67,111,65,69,122,119,60,27,104,85,118" hai1="86,75,81,50,88,2,116,52,56,134,135,83,124" hai2="89,71,45,35,96,32,17,68,63,39,30,43,70" hai3="12,128,58,0,82,64,97,20,54,106,61,3,7"/><U93/><E116/><N who="0" m="44585" /><D104/><U23/><E2/><V101/><F89/><W47/><G128/><T15/><D85/><U28/><E124/><V95/><F17/><W125/><G125/><T117/><N who="0" m="44593" /><T131/><DORA hai="90" /><D15/><U80/><REACH who="1" step="1"/><E75/><REACH who="1" ten="250,220,250,270" step="2"/><V22/><REACH who="2" step="1"/><F63/><REACH who="2" ten="250,220,240,270" step="2"/><W123/><G61/><T44/><D60/><U77/><E77/><V99/><F99/><W1/><G97/><T26/><D131/><U66/><E66/><V29/><F29/><W59/><G64/><T79/><D67/><U8/><E8/><V94/><F94/><W130/><G130/><T4/><D65/><U16/><E16/><V105/><F105/><W10/><G106/><T108/><D79/><U49/><E49/><V57/><F57/><W19/><G59/><T31/><D31/><U46/><E46/><V114/><F114/><W14/><G47/><T87/><D44/><U115/><E115/><V102/><F102/><W84/><G58/><T107/><D107/><U48/><E48/><V133/><F133/><W51/><G51/><T38/><D121/><U37/><E37/><V76/><F76/><W120/><G123/><T126/><D122/><U98/><E98/><V78/><F78/><W40/><G120/><T100/><D100/><U73/><E73/><V55/><F55/><W5/><G54/><T18/><D18/><U13/><E13/><V110/><F110/><W129/><G129/><T6/><D126/><U21/><E21/><V132/><F132/><W92/><G20/><T41/><D108/><U112/><E112/><V11/><F11/><W34/><G10/><T9/><D9/><RYUUKYOKU ba="0,2" sc="250,-15,220,15,240,15,270,-15" hai1="23,28,50,52,56,80,81,83,86,88,93,134,135" hai2="22,30,32,35,39,43,45,68,70,71,95,96,101" /><INIT seed="1,1,2,3,4,121" ten="235,235,255,255" oya="1" hai0="65,92,68,40,69,12,39,36,89,18,112,57,22" hai1="93,2,83,74,3,44,59,31,13,60,21,103,55" hai2="46,98,135,43,73,124,110,122,78,33,53,109,41" hai3="114,125,16,94,91,38,54,9,81,10,48,123,108"/><U51/><E74/><V75/><F122/><W35/><G123/><T64/><D112/><U102/><E83/><V32/><F135/><W30/><G114/><T20/><D57/><U113/><E113/><V70/><F70/><W80/><G125/><T133/><D133/><U115/><E115/><V99/><F53/><W104/><G38/><T7/><D7/><U11/><E3/><V19/><F19/><W56/><G104/><T15/><D40/><N who="2" m="15434" /><F46/><W8/><G30/><T95/><D18/><N who="1" m="8511" /><E2/><V82/><F124/><W45/><G35/><N who="2" m="13385" /><F73/><W106/><G106/><T47/><REACH who="0" step="1"/><D89/><REACH who="0" ten="225,235,255,255" step="2"/><U72/><E72/><V29/><F29/><W52/><G16/><T34/><D34/><U6/><E6/><V119/><F119/><W101/><G101/><T67/><D67/><U42/><E31/><V100/><F100/><W90/><G91/><T71/><D71/><U49/><E21/><V105/><F105/><W27/><G90/><T28/><D28/><U58/><E93/><V134/><F134/><W87/><G94/><T76/><D76/><U117/><E117/><V84/><F75/><W86/><G80/><T61/><D61/><U85/><E85/><V37/><F37/><W66/><G81/><T120/><D120/><U23/><E23/><V1/><F78/><W129/><G86/><T14/><D14/><U132/><E132/><V26/><F1/><W62/><G87/><T127/><D127/><U126/><E126/><V116/><F116/><W107/><G107/><T50/><D50/><U0/><E0/><V131/><F82/><W63/><G48/><T24/><D24/><RYUUKYOKU ba="1,3" sc="225,15,235,15,255,-15,255,-15" hai0="12,15,20,22,36,39,47,64,65,68,69,92,95" hai1="42,44,49,51,55,58,59,60,102,103" /><INIT seed="1,2,3,1,4,128" ten="240,250,240,240" oya="1" hai0="28,125,7,67,20,111,45,1,120,3,83,130,44" hai1="2,71,84,9,43,101,134,123,26,75,23,108,114" hai2="54,105,5,16,51,113,24,13,72,55,115,92,107" hai3="36,133,135,68,78,4,129,132,118,0,73,99,14"/><U34/><E114/><N who="2" m="43531" /><F72/><W8/><G129/><T40/><D130/><U117/><E123/><V79/><F79/><W18/><G68/><T88/><D120/><U11/><E75/><V70/><F70/><W49/><G36/><T98/><D67/><U32/><E117/><V30/><F92/><W37/><G37/><T56/><D56/><U124/><E101/><V96/><F5/><W19/><G118/><T42/><D7/><U59/><E71/><V38/><F38/><W77/><G99/><T90/><D98/><U82/><E43/><V106/><F51/><W33/><G33/><T47/><D83/><U119/><E119/><V15/><F96/><W39/><G39/><T27/><D111/><U126/><E108/><V103/><F103/><W52/><G73/><T61/><D61/><U76/><E59/><V109/><F109/><W86/><G86/><T53/><D42/><U89/><E76/><N who="3" m="29290" /><G0/><T65/><D3/><U80/><E2/><V25/><F13/><W100/><G100/><T46/><D1/><U31/><E80/><V48/><F30/><W74/><G74/><T95/><D28/><U62/><E62/><V131/><F131/><W17/><G4/><T112/><D40/><U93/><E82/><V10/><F54/><W102/><G102/><T41/><D53/><U104/><E104/><V110/><F110/><W91/><G91/><T57/><D90/><U50/><E50/><V121/><F121/><W22/><G8/><N who="1" m="3146" /><E34/><V12/><F12/><W97/><G97/><T94/><D112/><U63/><E63/><V116/><F116/><W87/><G87/><RYUUKYOKU ba="2,3" sc="240,-15,250,-15,240,15,240,15" hai2="10,15,16,24,25,48,55,105,106,107" hai3="14,17,18,19,22,49,52,132,133,135" /><INIT seed="2,3,3,2,4,45" ten="225,235,255,255" oya="2" hai0="82,48,129,108,61,47,63,80,11,12,71,103,10" hai1="107,81,36,93,91,23,58,57,32,5,2,20,96" hai2="73,102,38,0,40,112,111,65,92,83,89,55,59" hai3="52,126,133,19,114,49,98,22,68,54,100,39,34"/><V131/><F112/><W124/><G133/><T90/><D108/><U41/><E32/><V75/><F0/><W85/><G39/><T16/><D129/><U27/><E107/><V26/><F131/><W62/><G34/><T60/><D71/><U79/><E36/><V17/><F65/><W95/><G114/><T35/><D35/><U86/><E41/><V97/><F111/><W31/><G31/><T66/><D103/><U115/><E115/><V132/><F132/><W121/><G121/><T70/><D10/><U123/><E123/><V37/><F40/><W43/><G43/><T117/><D117/><U50/><E20/><N who="2" m="13583" /><F102/><W87/><G68/><T76/><D80/><U15/><E50/><V42/><F42/><W134/><G134/><T18/><D18/><N who="1" m="12791" /><E2/><V120/><F120/><W64/><G64/><T30/><D30/><U122/><E122/><V116/><F116/><W69/><G69/><T119/><D119/><U84/><E96/><V8/><F8/><AGARI ba="3,3" hai="5,8,15,57,58,79,81,84,86,91,93" m="12791" machi="8" ten="30,1000,0" yaku="8,1" doraHai="45" who="1" fromWho="2" sc="225,0,235,49,255,-19,255,0" /><INIT seed="3,0,0,4,5,112" ten="225,284,236,255" oya="3" hai0="3,121,1,134,66,107,19,37,98,59,14,74,7" hai1="9,60,36,62,77,38,108,27,124,44,73,96,131" hai2="49,109,4,24,22,16,85,31,33,92,0,91,55" hai3="105,88,17,26,84,2,57,82,45,58,10,29,81"/><W93/><G105/><T113/><D121/><U83/><E108/><V51/><F109/><W135/><G135/><T125/><D74/><U76/><E124/><V64/><F64/><W65/><G45/><T129/><D37/><U75/><E131/><V52/><F49/><W118/><G118/><T106/><D125/><U102/><E27/><V53/><F51/><W35/><G65/><T41/><D41/><U78/><E9/><V56/><F56/><W47/><G47/><T30/><D30/><U111/><E111/><V54/><F54/><W110/><G110/><T90/><D7/><U50/><E38/><V18/><REACH who="2" step="1"/><F22/><REACH who="2" ten="225,284,226,255" step="2"/><W89/><G58/><T43/><D59/><U48/><E36/><V63/><F63/><W126/><G57/><T127/><D66/><U79/><E48/><V115/><F115/><W15/><G126/><T32/><D113/><U100/><E50/><V87/><F87/><W101/><G2/><T123/><D1/><U39/><E39/><V12/><F12/><W8/><G10/><AGARI ba="0,1" hai="0,4,10,16,18,24,31,33,52,53,55,85,91,92" machi="10" ten="40,5200,0" yaku="1,1,54,2,53,0" doraHai="112" doraHaiUra="116" who="2" fromWho="3" sc="225,0,284,0,226,62,255,-52" /><INIT seed="4,0,0,1,0,95" ten="225,284,288,203" oya="0" hai0="41,69,76,121,9,56,45,65,44,16,89,118,28" hai1="31,98,62,36,102,123,61,22,88,32,21,4,11" hai2="66,122,131,48,93,0,79,129,33,13,26,34,119" hai3="37,113,38,128,24,25,134,55,67,91,87,12,58"/><T110/><D118/><U84/><E123/><V86/><F122/><W18/><G128/><T92/><D121/><U17/><E36/><V29/><F0/><W46/><G134/><T47/><D69/><U97/><E32/><V59/><F34/><W30/><G113/><T120/><D120/><U2/><E31/><V54/><F119/><W109/><G67/><T10/><D110/><U7/><E21/><V114/><F114/><W8/><G109/><T19/><D76/><U35/><E35/><V1/><F1/><W99/><G99/><N who="1" m="37898" /><E11/><N who="0" m="4105" /><D41/><U73/><E73/><V80/><F33/><W15/><G15/><T81/><D28/><U127/><E2/><V103/><F29/><W64/><G64/><T107/><D107/><U135/><E135/><V42/><F66/><W78/><G78/><T90/><D81/><N who="1" m="49167" /><E102/><V57/><F103/><W94/><G37/><T49/><D90/><U43/><E43/><V101/><F101/><W74/><G74/><T117/><D117/><U132/><E132/><V70/><F129/><W108/><G108/><T50/><D89/><U126/><E126/><V27/><F79/><W82/><G30/><T111/><D111/><U23/><E23/><V100/><F42/><N who="3" m="22871" /><G82/><T115/><D115/><U85/><E85/><V124/><F86/><W20/><G20/><T14/><D92/><U75/><E127/><V133/><F124/><W40/><G40/><T104/><D104/><U77/><E77/><V63/><F131/><W51/><G8/><N who="0" m="6215" /><D19/><U53/><E75/><V3/><F133/><W52/><G55/><N who="0" m="31863" /><D65/><U105/><E105/><V130/><F130/><RYUUKYOKU ba="0,0" sc="225,15,284,-15,288,-15,203,15" hai0="44,45,47,49" hai3="12,18,24,25,51,52,58,87,91,94" /><INIT seed="4,1,0,2,5,37" ten="240,269,273,218" oya="0" hai0="121,27,63,104,15,74,125,112,30,61,25,134,6" hai1="40,123,45,55,114,75,11,28,22,7,53,133,49" hai2="88,127,73,81,3,14,9,72,128,129,29,105,110" hai3="108,98,56,100,93,126,58,71,62,64,119,102,107"/><T1/><D121/><U85/><E75/><V57/><F105/><W12/><G126/><T118/><D118/><U116/><E123/><V111/><F3/><W106/><G108/><N who="2" m="41513" /><F29/><W117/><G12/><T65/><D74/><N who="2" m="28778" /><F57/><W92/><G71/><T16/><D27/><N who="1" m="16503" /><E116/><V69/><F69/><W99/><REACH who="3" step="1"/><G62/><REACH who="3" ten="240,269,273,208" step="2"/><T122/><D63/><U52/><E133/><V41/><F127/><W51/><G51/><T132/><D125/><U21/><E114/><V131/><F14/><W33/><G33/><T38/><D112/><U39/><E39/><V83/><F9/><W5/><G5/><T89/><D6/><U103/><E21/><V101/><F128/><W34/><G34/><T59/><D38/><U115/><E115/><V23/><F23/><W113/><G113/><T70/><D70/><U95/><E11/><V94/><F129/><W36/><G36/><T48/><D132/><U26/><E7/><V84/><F131/><W77/><G77/><T18/><D134/><U54/><E26/><V109/><F109/><W86/><G86/><T19/><D15/><U135/><E135/><V42/><F101/><W96/><G96/><T44/><D122/><U43/><E85/><V90/><F84/><W31/><G31/><T78/><D1/><U17/><E17/><V32/><F32/><W4/><G4/><T13/><D13/><U80/><E80/><V124/><F81/><W120/><G120/><T76/><D89/><U82/><E82/><V2/><F2/><W130/><G130/><T47/><D25/><U68/><E68/><V10/><F124/><W91/><G91/><RYUUKYOKU ba="1,1" sc="240,-15,269,15,273,-15,208,15" hai1="40,43,45,49,52,53,54,55,95,103" hai3="56,58,64,92,93,98,99,100,102,106,107,117,119" /><INIT seed="5,2,1,3,1,1" ten="225,284,258,223" oya="1" hai0="15,71,55,128,80,5,106,7,75,85,50,121,77" hai1="131,95,4,56,133,126,63,103,67,16,81,113,14" hai2="124,91,114,60,35,37,53,74,39,132,96,28,3" hai3="32,111,40,61,8,17,102,26,118,44,64,25,29"/><U51/><E113/><V24/><F132/><W86/><G111/><T125/><D71/><U88/><E133/><V21/><F124/><W109/><G109/><T20/><D106/><U43/><E126/><V68/><F74/><W34/><G118/><T87/><D125/><U31/><E131/><V11/><F114/><W12/><G102/><T116/><D116/><U47/><E31/><V84/><F96/><W13/><G86/><T9/><D128/><U10/><E81/><V46/><F35/><W2/><G2/><T107/><D107/><U70/><E103/><V135/><F135/><W36/><G12/><T58/><D121/><U65/><E70/><V100/><F100/><W105/><G105/><T79/><D20/><U119/><E119/><V6/><F46/><W49/><G36/><T101/><D101/><U82/><E82/><V94/><REACH who="2" step="1"/><F53/><REACH who="2" ten="225,284,248,223" step="2"/><W92/><G34/><T54/><D54/><N who="1" m="34199" /><E4/><V22/><F22/><W130/><G130/><T112/><D112/><U110/><E110/><V19/><F19/><W0/><G32/><T99/><D5/><U117/><E117/><V23/><F23/><W69/><G29/><T120/><D75/><U33/><E33/><V38/><F38/><W76/><G17/><T66/><D120/><U127/><E127/><V45/><F45/><W90/><G44/><T57/><D7/><U52/><E43/><V73/><F73/><W98/><G40/><T83/><D55/><U97/><AGARI ba="2,2" hai="10,14,16,47,51,52,65,67,88,95,97" m="34199" machi="97" ten="30,11700,0" yaku="8,1,54,3" doraHai="1" who="1" fromWho="1" sc="225,-41,284,143,248,-41,223,-41" /><INIT seed="5,3,0,1,2,36" ten="184,427,207,182" oya="1" hai0="102,83,97,7,25,2,82,3,56,33,106,12,130" hai1="92,99,50,135,37,54,35,80,73,131,123,58,120" hai2="86,89,128,51,93,26,127,110,105,117,55,124,101" hai3="76,13,27,87,108,46,0,4,19,114,5,129,109"/><U24/><E37/><V60/><F117/><W81/><G114/><T8/><D130/><U42/><E35/><V20/><F110/><W119/><G129/><T1/><REACH who="0" step="1"/><D56/><REACH who="0" ten="174,427,207,182" step="2"/><U22/><E58/><V77/><F128/><W133/><G119/><T71/><D71/><U98/><E131/><V122/><F127/><W112/><G112/><T75/><D75/><U65/><E123/><V11/><F124/><W116/><G116/><T88/><D88/><U61/><E120/><V111/><F122/><W113/><G113/><T47/><D47/><U30/><E65/><V18/><F111/><W94/><G109/><T28/><AGARI ba="3,1" hai="1,2,3,7,8,12,25,28,33,82,83,97,102,106" machi="28" ten="40,2700,0" yaku="1,1,0,1,53,0" doraHai="36" doraHaiUra="67" who="0" fromWho="0" sc="174,46,427,-16,207,-10,182,-10" /><INIT seed="6,0,0,3,1,99" ten="220,411,197,172" oya="2" hai0="72,102,117,100,78,58,50,12,97,129,38,125,70" hai1="101,55,90,81,20,49,130,65,92,39,121,47,62" hai2="59,66,28,3,64,34,94,87,9,74,69,132,88" hai3="52,73,36,11,45,43,113,112,24,110,16,119,6"/><V37/><F69/><W106/><G110/><T116/><D38/><U2/><E2/><V10/><F37/><W48/><G119/><N who="0" m="45643" /><D70/><U54/><E39/><V1/><F74/><W18/><G73/><T91/><D129/><U41/><E130/><V68/><F68/><W27/><G106/><T63/><D125/><U82/><E121/><V25/><F132/><W8/><G24/><T103/><D50/><U128/><E20/><V29/><F29/><W4/><G4/><T79/><D72/><U57/><E128/><V80/><F80/><N who="1" m="30825" /><E101/><N who="0" m="39017" /><D12/><U46/><E46/><V86/><F86/><AGARI ba="0,0" hai="41,47,49,54,55,57,62,65,86,90,92" m="30825" machi="86" ten="30,1000,0" yaku="8,1" doraHai="99" who="1" fromWho="2" sc="220,0,411,10,197,-10,172,0" /><INIT seed="7,0,0,2,3,5" ten="220,421,187,172" oya="3" hai0="0,120,111,41,63,9,66,7,50,61,8,101,36" hai1="130,54,126,80,35,113,25,96,83,86,70,4,133" hai2="132,15,40,46,121,115,110,134,106,20,2,72,26" hai3="16,19,38,45,18,123,11,14,65,95,71,3,105"/><W49/><G123/><T116/><D111/><U98/><E70/><V27/><F110/><W102/><G105/><T64/><D116/><U81/><E113/><V51/><F106/><W75/><G75/><T58/><D36/><U135/><E86/><V89/><F72/><W127/><G3/><T55/><D120/><U60/><E4/><V52/><F121/><W94/><G38/><T77/><D101/><U125/><E130/><V24/><F2/><W119/><G119/><T56/><D41/><U108/><E108/><V88/><F115/><W22/><G127/><N who="1" m="48650" /><E54/><V37/><F15/><N who="3" m="7295" /><G71/><T118/><D118/><U131/><E60/><V17/><F26/><N who="3" m="14679" /><G65/><T32/><D32/><U78/><E78/><V43/><F27/><W112/><G102/><T100/><D100/><U90/><E90/><N who="2" m="34923" /><F37/><W103/><G103/><T104/><D104/><U87/><E87/><V93/><F93/><W76/><G76/><T31/><D77/><U44/><E131/><V28/><F28/><W82/><G82/><T73/><D73/><U91/><E91/><V23/><F23/><N who="3" m="11767" /><G112/><T6/><D31/><N who="1" m="19951" /><E98/><V109/><F109/><W10/><G10/><N who="0" m="4203" /><D0/><U13/><E96/><V42/><F132/><W69/><G69/><T79/><D79/><U30/><E30/><V107/><F134/><N who="1" m="51209" /><E13/><V57/><F107/><W74/><G74/><T84/><D84/><U117/><E117/><V34/><F34/><W47/><G47/><AGARI ba="0,0" hai="6,7,47,50,55,56,58,61,63,64,66" m="4203" machi="47" ten="30,7700,0" yaku="8,1,52,3" doraHai="5" who="0" fromWho="3" sc="220,77,421,0,187,0,172,-77" /><AGARI ba="0,0" hai="44,47,80,81,83" m="51209,19951,48650" machi="47" ten="40,2600,0" yaku="18,1,20,1" doraHai="5" who="1" fromWho="3" sc="297,0,421,26,187,0,95,-26" owari="297,9.7,447,54.7,187,-21.3,69,-43.1" /></mjloggm>