<mjloggm ver="2.3"><GO type="169" lobby="0"/><UN n0="%45%7A%61%6B%69" n1="%E3%83%9C%E3%82%A4%E3%83%AD%E5%B0%86%E6%A3%8B%E9%83%A8%E5%93%A1" n2="%68%69%72%6F%30%33%30%39" n3="%E3%81%9F%E3%81%AA%E3%81%8B%E6%95%99%E7%A5%96" dan="16,17,16,17" rate="2108.94,2176.42,2076.54,2150.56" sx="M,M,M,M"/><TAIKYOKU oya="0"/><INIT seed="0,0,0,1,4,87" ten="250,250,250,250" oya="0" hai0="53,122,4,113,34,132,135,46,24,64,20,59,95" hai1="18,54,16,81,56,83,114,42,62,106,125,133,1" hai2="99,63,68,30,97,21,75,28,94,129,92,19,66" hai3="22,71,35,27,44,33,126,85,96,10,45,120,89"/><T118/><D113/><U79/><E114/><V48/><F75/><W13/><G71/><T98/><D118/><U25/><E106/><V67/><F129/><W112/><G112/><T31/><D122/><U105/><E105/><V49/><F66/><W72/><G72/><T119/><D119/><U134/><E125/><V108/><F108/><W12/><G126/><T102/><D4/><U130/><E130/><V9/><F9/><W93/><G120/><T115/><D115/><U116/><E116/><V37/><F37/><W69/><G69/><T124/><D124/><U32/><E1/><V36/><F36/><W104/><G104/><T41/><D34/><U90/><E42/><V107/><F107/><W65/><G65/><T61/><REACH who="0" step="1"/><D53/><REACH who="0" ten="240,250,250,250" step="2"/><U70/><E32/><V123/><F123/><W2/><G33/><T0/><D0/><U5/><E5/><V88/><F30/><W101/><G35/><T103/><D103/><U77/><E54/><V127/><F28/><W86/><G2/><T80/><D80/><U29/><E81/><V57/><F127/><W60/><G101/><T121/><D121/><U7/><E7/><V128/><F128/><W8/><G10/><T74/><D74/><U39/><E29/><V43/><F68/><W84/><G8/><T100/><D100/><U23/><E70/><V78/><F43/><W82/><G82/><T50/><AGARI ba="0,1" hai="20,24,31,41,46,50,59,61,64,95,98,102,132,135" machi="50" ten="30,11700,0" yaku="1,1,0,1,25,2,53,0" doraHai="87" doraHaiUra="11" who="0" fromWho="0" sc="240,127,250,-39,250,-39,250,-39" /><INIT seed="0,1,0,1,0,62" ten="367,211,211,211" oya="0" hai0="53,44,20,90,79,135,57,114,119,56,123,28,10" hai1="130,48,99,117,74,18,25,86,134,87,100,97,54" hai2="95,59,38,27,22,26,50,71,110,132,64,63,122" hai3="17,37,109,77,91,83,15,108,106,40,112,51,72"/><T118/><D114/><U42/><E117/><V115/><F115/><W69/><G112/><T94/><D123/><U84/><E74/><V43/><F122/><W13/><G106/><T21/><D135/><U31/><E134/><V126/><F132/><W45/><G69/><T128/><D128/><U92/><E130/><V65/><F110/><N who="3" m="42603" /><G91/><T7/><D79/><U23/><E97/><V41/><F126/><W14/><G37/><T66/><D118/><U16/><REACH who="1" step="1"/><E42/><REACH who="1" ten="367,201,211,211" step="2"/><V29/><F41/><W8/><AGARI ba="1,1" hai="8,13,14,15,17,40,45,51,72,77,83" m="42603" machi="8" ten="30,1100,0" yaku="14,1" doraHai="62" who="3" fromWho="3" sc="367,-6,201,-4,211,-4,211,24" /><INIT seed="1,0,0,1,2,8" ten="361,197,207,235" oya="1" hai0="62,106,46,116,10,121,100,45,66,68,126,104,55" hai1="35,130,51,29,133,0,31,2,74,1,5,58,43" hai2="83,81,88,26,113,82,27,60,72,107,99,53,17" hai3="14,16,75,39,30,132,37,22,122,48,135,13,52"/><U101/><E74/><V117/><F117/><W4/><G122/><T15/><D116/><U77/><E77/><V63/><F72/><W79/><G30/><T44/><D121/><U70/><E70/><V93/><F113/><W34/><G34/><T111/><D111/><U86/><E101/><V18/><F107/><W25/><G4/><T41/><D126/><U23/><E35/><V38/><F38/><N who="3" m="14347" /><G79/><T36/><D100/><U110/><E110/><V115/><F115/><W57/><G75/><T7/><REACH who="0" step="1"/><D45/><REACH who="0" ten="351,197,207,235" step="2"/><U129/><E129/><V119/><F119/><W97/><G97/><T90/><D90/><U109/><E130/><V131/><F131/><W95/><G95/><T120/><D120/><U87/><E109/><V73/><F88/><W6/><G6/><T108/><D108/><U96/><E5/><V102/><F93/><W125/><G125/><T127/><D127/><U32/><E96/><V85/><F102/><W49/><G49/><AGARI ba="0,1" hai="7,10,15,36,41,44,46,49,55,62,66,68,104,106" machi="49" ten="40,2600,0" yaku="1,1,52,1,53,0" doraHai="8" doraHaiUra="91" who="0" fromWho="3" sc="351,36,197,0,207,0,235,-26" /><INIT seed="2,0,0,5,1,21" ten="387,197,207,209" oya="2" hai0="15,53,102,99,26,125,116,59,97,100,4,118,28" hai1="40,38,16,25,84,19,94,3,96,10,120,104,6" hai2="123,129,37,107,131,17,83,127,46,36,78,56,61" hai3="50,64,9,119,71,111,135,130,23,92,113,108,132"/><V117/><F107/><W14/><G50/><T72/><D72/><U76/><E120/><V24/><F117/><N who="0" m="45162" /><D125/><U112/><E112/><V63/><F123/><W95/><G119/><T122/><D122/><U43/><E104/><V34/><F127/><W45/><G45/><T48/><D102/><U85/><E38/><N who="2" m="14955" /><F46/><W27/><G64/><T74/><D74/><U75/><E75/><V55/><F63/><W54/><G54/><T126/><D126/><U12/><E19/><V33/><F17/><N who="3" m="8399" /><G71/><T105/><D97/><U8/><E25/><V128/><F24/><W88/><G113/><T68/><D68/><U29/><E29/><V35/><F83/><W7/><G7/><T42/><D42/><U80/><REACH who="1" step="1"/><E85/><REACH who="1" ten="387,187,207,209" step="2"/><V60/><F35/><W18/><G130/><T93/><D105/><U5/><E5/><V98/><F98/><N who="3" m="57607" /><G95/><T106/><D106/><U39/><E39/><V65/><F78/><W90/><G90/><AGARI ba="0,1" hai="3,6,8,10,12,16,40,43,76,80,84,90,94,96" machi="90" ten="30,3900,0" yaku="1,1,7,1,54,1,53,0" doraHai="21" doraHaiUra="20" who="1" fromWho="3" sc="387,0,187,49,207,0,209,-39" /><INIT seed="3,0,0,4,3,115" ten="387,236,207,170" oya="3" hai0="85,38,25,56,48,11,111,119,95,45,74,121,13" hai1="15,94,126,117,20,37,77,132,35,7,108,93,135" hai2="65,57,110,105,44,83,90,107,29,63,54,125,91" hai3="31,128,89,12,84,82,17,34,130,21,2,27,36"/><W112/><G36/><T22/><D121/><U134/><E35/><V58/><F110/><W5/><REACH who="3" step="1"/><G112/><REACH who="3" ten="387,236,207,160" step="2"/><T62/><D38/><U3/><E37/><V86/><F125/><W99/><G99/><T19/><D111/><U88/><E126/><V76/><F44/><W131/><G131/><T120/><D120/><U70/><E108/><V6/><F29/><W100/><G100/><T24/><D45/><U8/><E132/><V0/><F107/><W49/><G49/><T9/><D48/><U113/><E113/><V46/><F105/><W114/><G114/><T101/><D101/><U4/><E134/><V133/><F46/><W106/><G106/><T129/><D129/><U81/><E135/><V26/><F133/><W66/><G66/><T103/><D103/><U68/><E68/><V14/><F65/><W18/><G18/><T1/><D19/><U73/><E70/><V55/><F6/><W40/><G40/><T59/><D59/><U116/><E4/><V97/><F97/><W51/><G51/><T98/><D56/><U60/><E60/><V96/><F96/><W16/><G16/><T50/><D62/><U41/><E41/><V78/><F58/><W118/><G118/><T127/><D50/><U61/><E61/><V52/><F57/><W109/><G109/><T124/><D119/><U39/><E39/><V53/><F63/><W42/><G42/><T32/><D98/><N who="1" m="57639" /><E117/><V64/><F64/><W28/><G28/><T92/><D127/><U102/><E116/><V10/><F54/><W71/><G71/><T122/><D124/><U47/><E47/><RYUUKYOKU ba="0,1" sc="387,-10,236,-10,207,-10,160,30" hai3="2,5,12,17,21,27,31,34,82,84,89,128,130" /><INIT seed="3,1,1,3,5,121" ten="377,226,197,190" oya="3" hai0="35,52,53,11,33,65,95,4,38,100,59,44,107" hai1="82,30,71,117,115,91,22,112,111,126,105,62,15" hai2="49,20,46,69,75,131,63,67,12,74,54,80,31" hai3="104,79,124,118,113,125,119,128,134,43,17,45,9"/><W78/><G113/><T25/><D107/><U93/><E105/><V14/><F131/><W68/><G104/><T99/><D65/><U41/><E126/><N who="3" m="48746" /><G68/><T86/><D86/><U55/><E117/><N who="3" m="44554" /><G128/><T120/><D120/><U51/><E41/><V26/><REACH who="2" step="1"/><F80/><REACH who="2" ten="377,226,187,190" step="2"/><W130/><G130/><T97/><D35/><U92/><E82/><V24/><F24/><W106/><G134/><T13/><D25/><U98/><E112/><V42/><F42/><W133/><G133/><T3/><D33/><U83/><E83/><V81/><F81/><W77/><G106/><T87/><D38/><U32/><E32/><V114/><F114/><W0/><G78/><T89/><D3/><U88/><E115/><V48/><F48/><N who="3" m="26687" /><G0/><T7/><D95/><U101/><E92/><V70/><F70/><W36/><G36/><T29/><D99/><U58/><E71/><V135/><F135/><W34/><G34/><T110/><D97/><U47/><E93/><V23/><F23/><W122/><G122/><T90/><D11/><U27/><E98/><V10/><F10/><W50/><G50/><T116/><D116/><U39/><E39/><V61/><F61/><W57/><G79/><T19/><D90/><U132/><E88/><V73/><AGARI ba="1,2" hai="12,14,20,26,31,46,49,54,63,67,69,73,74,75" machi="73" ten="30,2000,0" yaku="1,1,0,1,53,0" doraHai="121" doraHaiUra="28" who="2" fromWho="2" sc="377,-6,226,-6,187,43,190,-11" /><INIT seed="4,0,0,4,5,107" ten="371,220,230,179" oya="0" hai0="115,120,108,96,127,10,64,86,122,61,70,21,66" hai1="82,110,111,46,132,102,92,72,65,48,38,97,121" hai2="5,99,42,24,18,125,36,57,11,0,33,105,89" hai3="56,41,93,55,80,98,62,34,88,94,3,81,101"/><T83/><D115/><U9/><E121/><V4/><F125/><W1/><G34/><T19/><D127/><U60/><E38/><V15/><F57/><W114/><G114/><T84/><D108/><U67/><E132/><V109/><F109/><W59/><G41/><T40/><D40/><U113/><E65/><V79/><F79/><W78/><G59/><T47/><D47/><U77/><E9/><V45/><F89/><W75/><REACH who="3" step="1"/><G80/><REACH who="3" ten="371,220,230,169" step="2"/><T100/><D83/><U6/><E113/><V35/><F33/><W44/><G44/><T2/><D122/><U63/><E110/><V91/><F35/><W124/><G124/><T51/><D120/><U25/><E111/><V68/><F45/><W135/><G135/><T49/><D66/><U43/><E67/><V104/><F42/><W50/><G50/><T87/><D51/><U37/><E48/><V12/><F36/><W26/><G26/><T133/><D49/><U134/><E134/><V129/><F24/><W112/><G112/><T106/><D133/><U28/><REACH who="1" step="1"/><E6/><REACH who="1" ten="371,210,230,169" step="2"/><V13/><F5/><W30/><G30/><T58/><D58/><U126/><E126/><V128/><F68/><W116/><G116/><T23/><D2/><U54/><E54/><V39/><F39/><W29/><G29/><T8/><D23/><AGARI ba="0,2" hai="23,25,28,37,43,46,60,63,72,77,82,92,97,102" machi="23" ten="30,3900,0" yaku="1,1,7,1,52,1,53,0" doraHai="107" doraHaiUra="31" who="1" fromWho="0" sc="371,-39,210,59,230,0,169,0" /><INIT seed="5,0,0,3,5,126" ten="332,269,230,169" oya="1" hai0="34,92,124,107,86,21,47,103,93,38,29,125,68" hai1="71,4,95,52,24,90,112,101,119,10,99,1,109" hai2="44,81,111,51,94,27,74,14,32,110,98,91,115" hai3="42,35,77,59,19,40,60,128,122,127,33,11,53"/><U23/><E119/><V13/><F115/><W39/><G122/><T69/><D34/><U28/><E112/><V100/><F32/><W79/><G127/><N who="0" m="48715" /><D107/><U66/><E109/><V26/><F110/><W57/><G35/><T96/><D29/><U3/><E71/><N who="0" m="27209" /><D21/><U22/><E66/><V56/><F56/><W130/><G33/><T80/><D93/><U104/><E22/><V84/><F111/><W72/><G59/><T105/><D105/><U55/><REACH who="1" step="1"/><E1/><REACH who="1" ten="332,259,230,169" step="2"/><V70/><F70/><W132/><G132/><T2/><D2/><U83/><E83/><V6/><F74/><W12/><G72/><T131/><D80/><U43/><E43/><N who="3" m="16426" /><G39/><T133/><D38/><U114/><E114/><V82/><F81/><W123/><G123/><T8/><D133/><U102/><E102/><V135/><F135/><W31/><G31/><T15/><D103/><U46/><E46/><V0/><F44/><W50/><G50/><T61/><D47/><U49/><E49/><V113/><F51/><W20/><G20/><T88/><D61/><U58/><E58/><V18/><F113/><W17/><G17/><N who="0" m="8423" /><D96/><AGARI ba="0,1" hai="3,4,10,23,24,28,52,55,90,95,96,99,101,104" machi="96" ten="30,5800,0" yaku="1,1,7,1,54,1,53,0" doraHai="126" doraHaiUra="75" who="1" fromWho="0" sc="332,-58,259,68,230,0,169,0" /><INIT seed="5,1,0,1,1,68" ten="274,327,230,169" oya="1" hai0="46,16,58,65,112,50,71,54,77,93,38,119,56" hai1="17,29,6,25,73,40,91,52,99,107,82,8,118" hai2="55,7,109,78,134,61,20,15,11,124,51,121,86" hai3="3,123,135,30,63,41,85,47,108,102,117,94,32"/><U83/><E118/><V0/><F109/><W70/><G108/><T9/><D119/><U34/><E40/><V13/><F121/><W106/><G117/><T133/><D112/><U27/><E73/><V116/><F116/><W21/><G123/><T24/><D133/><U127/><E127/><V37/><F134/><W114/><G135/><T104/><D104/><U75/><E75/><V122/><F122/><W69/><G114/><T28/><D77/><U132/><E132/><V97/><F61/><W43/><G3/><T60/><D93/><U48/><E17/><V5/><F97/><W87/><G32/><T115/><D115/><U76/><E25/><V31/><F86/><W125/><G43/><N who="0" m="22903" /><D58/><U111/><E76/><V49/><F78/><W80/><G106/><T35/><D9/><U23/><E34/><V129/><F11/><W18/><G30/><T66/><D66/><U67/><E67/><V57/><F31/><W92/><G63/><T126/><D16/><U110/><E110/><V113/><F57/><W26/><G125/><AGARI ba="1,0" hai="24,28,35,50,54,56,60,65,71,125,126" m="22903" machi="125" ten="30,2000,0" yaku="24,1,52,1" doraHai="68" who="0" fromWho="3" sc="274,23,327,0,230,0,169,-23" /><INIT seed="6,0,0,0,1,94" ten="297,327,230,146" oya="2" hai0="70,66,23,116,37,64,99,56,40,33,60,84,26" hai1="17,93,77,54,130,92,71,123,88,34,41,18,121" hai2="38,129,74,106,29,21,125,36,95,59,98,4,112" hai3="101,19,43,80,52,31,108,27,117,45,22,78,49"/><V120/><F120/><N who="1" m="46153" /><E34/><V107/><F74/><W16/><G108/><T28/><D116/><U85/><E71/><V7/><F112/><W91/><G117/><T90/><D33/><U135/><E130/><V111/><F125/><W2/><G2/><T61/><D37/><U11/><E41/><V128/><F111/><W124/><G124/><T67/><D40/><U62/><E135/><V10/><F59/><W42/><G91/><T122/><D122/><U118/><E118/><V44/><F44/><W97/><G42/><T83/><REACH who="0" step="1"/><D66/><REACH who="0" ten="287,327,230,146" step="2"/><U68/><E54/><V131/><F36/><W5/><G43/><T1/><D1/><U104/><E77/><V30/><F38/><W134/><G134/><T51/><D51/><U47/><E62/><V57/><F128/><W86/><REACH who="3" step="1"/><G5/><REACH who="3" ten="287,327,230,136" step="2"/><T72/><D72/><U8/><E68/><V109/><F109/><W58/><G58/><T81/><D81/><U6/><E6/><V132/><F57/><W82/><G82/><T13/><D13/><U39/><E47/><V126/><F132/><W20/><G20/><T35/><D35/><U32/><E32/><V25/><F126/><W73/><G73/><T103/><D103/><U69/><E69/><V79/><F21/><W65/><G65/><T100/><D100/><U3/><E39/><V113/><F4/><W127/><G127/><T55/><D55/><U119/><E3/><V53/><F53/><W12/><G12/><T46/><D46/><U102/><E102/><V76/><F7/><W63/><G63/><T15/><D15/><U50/><E119/><V114/><F129/><RYUUKYOKU ba="0,2" sc="287,15,327,-15,230,-15,136,15" hai0="23,26,28,56,60,61,64,67,70,83,84,90,99" hai3="16,19,22,27,31,45,49,52,78,80,86,97,101" /><INIT seed="7,1,2,2,2,99" ten="302,312,215,151" oya="3" hai0="63,18,60,115,114,59,106,13,117,22,78,129,133" hai1="91,43,75,72,67,11,19,10,124,69,3,82,116" hai2="125,128,57,2,24,94,89,33,77,111,71,37,86" hai3="46,132,130,121,131,135,73,38,95,14,93,120,5"/><W68/><G68/><T64/><D117/><U96/><E43/><V110/><F71/><W32/><G32/><T52/><D129/><N who="3" m="49161" /><G73/><T102/><D133/><N who="3" m="51273" /><G5/><T55/><D78/><U26/><E116/><V8/><F128/><W0/><G0/><T58/><D102/><U16/><E3/><V126/><F37/><W80/><G14/><T23/><D106/><U103/><E72/><V108/><F77/><W107/><G46/><T34/><D34/><U70/><E75/><V97/><F57/><W112/><G38/><T65/><D23/><U56/><E10/><V39/><F39/><W48/><G48/><T45/><D45/><U79/><E11/><V42/><F42/><W98/><G80/><T9/><D9/><U105/><E82/><V100/><F2/><W62/><G62/><T83/><D83/><U17/><E69/><V134/><F134/><W1/><G1/><T54/><AGARI ba="1,2" hai="13,18,22,52,54,55,58,59,60,63,64,65,114,115" machi="54" ten="30,4000,0" yaku="0,1,9,1,54,1" doraHai="99" who="0" fromWho="0" sc="302,63,312,-11,215,-11,151,-21" owari="365,46.5,301,10.1,204,-19.6,130,-37.0" /></mjloggm>