<mjloggm ver="2.3"><GO type="169" lobby="0"/><UN n0="%6F%6B%61%62%65%73%68%69" n1="%E6%84%9B%E3%81%AF%E6%AD%A3%E7%BE%A9" n2="%E6%8C%91%E6%88%A6%E8%80%85%EF%BC%81" n3="%E9%BA%BB%E5%80%89%E8%91%89" dan="17,16,17,16" rate="2199.52,2075.30,2186.86,2142.63" sx="M,F,M,M"/><TAIKYOKU oya="0"/><INIT seed="0,0,0,2,4,84" ten="250,250,250,250" oya="0" hai0="19,73,126,92,31,40,38,8,27,16,106,2,72" hai1="123,115,12,103,65,129,28,60,133,122,108,35,45" hai2="71,79,116,86,13,69,4,114,88,41,96,127,54" hai3="102,107,113,117,42,30,70,85,64,43,75,111,89"/><T98/><D106/><U3/><E3/><V6/><F114/><W0/><G113/><T131/><D126/><U90/><E115/><V119/><F127/><W9/><G117/><N who="2" m="45129" /><F41/><W14/><G0/><T76/><D131/><U34/><E129/><V32/><F32/><W104/><G75/><T130/><D130/><U47/><E103/><V62/><F79/><W17/><G111/><T23/><D72/><U52/><E108/><V80/><F96/><W39/><G30/><T82/><D40/><U112/><E112/><V10/><F4/><W22/><G64/><T59/><D38/><U49/><E133/><V24/><F24/><W100/><G70/><T25/><D2/><U15/><E47/><V83/><F83/><W67/><G67/><T21/><D8/><U33/><E28/><V135/><F135/><W48/><G39/><T55/><D31/><U37/><E37/><V95/><F80/><W1/><G1/><T134/><D134/><U68/><E123/><V7/><F7/><W20/><G104/><T81/><D76/><U91/><REACH who="1" step="1"/><E122/><REACH who="1" ten="250,240,250,250" step="2"/><V87/><F87/><W118/><G118/><T29/><D73/><U132/><E132/><V110/><F110/><W36/><G36/><T128/><D29/><U44/><E44/><V57/><AGARI ba="0,1" hai="6,10,13,54,57,62,69,71,86,88,95" m="45129" machi="57" ten="30,4000,0" yaku="12,1,52,1,54,1" doraHai="84" who="2" fromWho="2" sc="250,-20,240,-10,250,50,250,-10" /><INIT seed="1,0,0,4,1,80" ten="230,230,300,240" oya="1" hai0="14,15,110,24,25,21,112,1,81,64,17,95,133" hai1="7,55,92,86,94,0,60,85,61,43,20,119,62" hai2="37,89,59,10,34,113,71,66,122,93,42,96,69" hai3="4,77,129,79,18,2,114,44,11,105,58,87,57"/><U116/><E43/><V76/><F34/><W98/><G114/><T123/><D112/><U31/><E0/><V75/><F122/><W51/><G129/><T16/><D123/><U135/><E135/><V120/><F120/><W117/><G117/><T82/><D1/><U45/><E7/><V27/><F113/><W130/><G130/><T12/><D133/><U8/><E8/><V19/><F59/><W52/><G18/><T90/><D110/><U33/><E33/><V102/><F66/><W13/><G2/><T99/><D64/><U53/><E45/><V70/><F42/><W38/><G38/><T72/><D72/><U56/><E62/><V5/><F37/><W41/><G105/><T103/><D103/><U109/><E20/><AGARI ba="0,0" hai="12,14,15,16,17,20,21,24,25,81,82,90,95,99" machi="20" ten="40,5200,0" yaku="9,1,8,1,54,1" doraHai="80" who="0" fromWho="1" sc="230,52,230,-52,300,0,240,0" /><INIT seed="2,0,0,0,2,91" ten="282,178,300,240" oya="2" hai0="42,132,55,19,51,94,37,99,43,75,26,48,60" hai1="103,3,68,49,9,44,6,69,33,0,5,74,117" hai2="95,88,101,118,10,29,30,38,108,97,116,16,86" hai3="45,124,78,39,102,50,17,20,81,120,12,7,35"/><V36/><F108/><W111/><G111/><T109/><D109/><U79/><E117/><V21/><F10/><W134/><G124/><T71/><D75/><U14/><E103/><V58/><F118/><W105/><G134/><T133/><D37/><U11/><E33/><V123/><F123/><W125/><G120/><T62/><D71/><U59/><E59/><V135/><F135/><N who="0" m="51786" /><D48/><U114/><E114/><V40/><F116/><W96/><G125/><T113/><D113/><U63/><E14/><V66/><F40/><N who="0" m="15402" /><D19/><U32/><E32/><V129/><F129/><W2/><G35/><T112/><D26/><U41/><E63/><N who="2" m="38263" /><F38/><W90/><G39/><T47/><D112/><U93/><E93/><N who="2" m="54423" /><F36/><W27/><G2/><T77/><D77/><U82/><AGARI ba="0,0" hai="0,3,5,6,9,11,41,44,49,68,69,74,79,82" machi="82" ten="30,2000,0" yaku="0,1,9,1" doraHai="91" who="1" fromWho="1" sc="282,-5,178,20,300,-10,240,-5" /><INIT seed="3,0,0,5,2,114" ten="277,198,290,235" oya="3" hai0="115,21,80,109,31,91,72,26,6,76,100,4,105" hai1="23,87,86,7,46,130,97,108,27,22,125,5,51" hai2="54,29,39,117,58,11,126,121,90,104,123,106,83" hai3="43,36,20,55,13,98,52,71,45,12,116,135,118"/><W69/><G98/><T67/><D115/><U47/><E108/><V35/><F39/><W132/><G20/><N who="1" m="7722" /><E130/><V99/><F11/><W17/><G17/><T60/><D109/><U16/><E125/><V44/><F44/><N who="1" m="16937" /><E51/><V53/><F126/><W18/><G18/><T73/><D73/><U25/><E97/><V94/><F83/><W133/><G13/><T3/><D3/><U112/><E112/><V82/><F82/><W30/><G12/><T81/><D100/><U68/><E68/><N who="3" m="26186" /><G30/><T101/><D101/><U66/><E66/><V75/><F75/><W38/><G38/><T85/><D105/><U14/><E87/><V96/><F29/><W10/><G10/><T124/><D124/><U77/><E86/><V128/><F35/><W127/><G127/><T107/><D107/><U61/><E61/><V129/><F94/><W113/><G113/><T49/><D49/><U95/><E95/><V41/><F90/><W56/><G55/><T33/><D33/><U79/><E7/><V48/><F106/><W9/><G9/><T70/><AGARI ba="0,0" hai="4,6,21,26,31,60,67,70,72,76,80,81,85,91" machi="70" ten="20,1500,0" yaku="0,1,7,1" doraHai="114" who="0" fromWho="0" sc="277,15,198,-4,290,-4,235,-7" /><INIT seed="4,0,0,2,2,124" ten="292,194,286,228" oya="0" hai0="44,38,36,58,43,29,42,106,135,27,72,26,96" hai1="16,122,98,31,90,41,46,65,101,55,50,132,28" hai2="62,60,68,40,116,19,13,33,80,86,5,100,75" hai3="8,92,53,133,32,82,115,64,120,25,69,54,89"/><T134/><D72/><U123/><E132/><N who="0" m="50729" /><D58/><U71/><E123/><V103/><F33/><W23/><G115/><T131/><D26/><U108/><E108/><V59/><F75/><W127/><G133/><T88/><D42/><U61/><E122/><V52/><F116/><W30/><G127/><T97/><D36/><U4/><E4/><V51/><F5/><W102/><G102/><N who="2" m="38953" /><F40/><W125/><G125/><T110/><D106/><U91/><E28/><V95/><F95/><W70/><G82/><T37/><D37/><U57/><E31/><V34/><F68/><W39/><G39/><T6/><D6/><U49/><REACH who="1" step="1"/><E16/><REACH who="1" ten="292,184,286,228" step="2"/><V12/><F34/><W11/><G32/><N who="0" m="20543" /><D110/><U2/><E2/><V24/><F24/><W77/><G70/><T93/><D97/><U73/><E73/><V104/><F104/><AGARI ba="0,1" hai="41,46,49,50,55,57,61,65,71,90,91,98,101,104" machi="104" ten="30,2000,0" yaku="1,1,7,1,53,0" doraHai="124" doraHaiUra="109" who="1" fromWho="2" sc="292,0,184,30,286,-20,228,0" /><INIT seed="5,0,0,1,0,119" ten="292,214,266,228" oya="1" hai0="110,27,58,131,34,106,9,42,116,107,45,49,99" hai1="109,94,123,79,102,8,105,112,15,111,75,85,23" hai2="95,44,103,74,37,92,3,83,11,46,87,67,91" hai3="0,39,14,20,121,90,19,53,41,4,88,40,33"/><U35/><E123/><V17/><F67/><W52/><G121/><T16/><D116/><U82/><E35/><V86/><F74/><W132/><G132/><T1/><D110/><N who="1" m="41995" /><E23/><V21/><F37/><W97/><G33/><T124/><D124/><U56/><E112/><V51/><F3/><W93/><G39/><T38/><D131/><U98/><E56/><V60/><F60/><W133/><G133/><T128/><D128/><U22/><E22/><V72/><F72/><W47/><G0/><T130/><D130/><U100/><E15/><V63/><F63/><W28/><G28/><T114/><D114/><U125/><E8/><V31/><F31/><W84/><G4/><T66/><D34/><U71/><E71/><V70/><F70/><W65/><G65/><T68/><D27/><U62/><E62/><V50/><F11/><W104/><G104/><T129/><D1/><U77/><E125/><V36/><F36/><W135/><G135/><T55/><D129/><U126/><E126/><V117/><F117/><W25/><G25/><T30/><D30/><U6/><E6/><V113/><F113/><W118/><G118/><T73/><D66/><U57/><E57/><V29/><F29/><W76/><G76/><N who="1" m="29258" /><E75/><V2/><F2/><W59/><G47/><N who="2" m="17961" /><F21/><W122/><G122/><T54/><D73/><U115/><E115/><V127/><F17/><W78/><G78/><T10/><D68/><U89/><E105/><V64/><F127/><W120/><G120/><T24/><D107/><U32/><E32/><V61/><F64/><W5/><G5/><T26/><D106/><RYUUKYOKU ba="0,0" sc="292,-10,214,30,266,-10,228,-10" hai1="82,85,89,94,98,100,102" /><INIT seed="5,1,0,0,3,94" ten="282,244,256,218" oya="1" hai0="53,109,35,70,42,131,76,41,103,100,30,43,107" hai1="78,108,69,129,39,6,135,36,130,56,84,73,38" hai2="105,14,58,20,93,3,16,111,33,72,4,18,54" hai3="57,127,110,82,128,19,83,48,74,37,106,64,7"/><U28/><E73/><V15/><F105/><W133/><G7/><T118/><D109/><U80/><E69/><V23/><F72/><W68/><G19/><T86/><D118/><U71/><E71/><V50/><F33/><W120/><G48/><T26/><D131/><N who="1" m="50187" /><E108/><V75/><F75/><W134/><G57/><T125/><D125/><U34/><E6/><V66/><F111/><W11/><G11/><T5/><D5/><U96/><E135/><V67/><F93/><W116/><G64/><T22/><D70/><U117/><E117/><V99/><F99/><W124/><G82/><N who="0" m="47431" /><D107/><U31/><E56/><V29/><F29/><N who="1" m="11337" /><E34/><V17/><F17/><W95/><G124/><T51/><D35/><U65/><E65/><V2/><REACH who="2" step="1"/><F3/><REACH who="2" ten="282,244,246,218" step="2"/><W9/><G133/><T115/><D115/><U49/><E49/><V63/><F63/><W98/><G127/><T87/><D87/><U114/><E114/><V59/><F59/><AGARI ba="1,1" hai="22,26,30,41,42,43,51,53,59,100,103" m="47431" machi="59" ten="30,1000,0" yaku="8,1" doraHai="94" who="0" fromWho="2" sc="282,23,244,0,246,-13,218,0" /><INIT seed="6,0,0,1,0,35" ten="305,244,233,218" oya="2" hai0="129,97,116,113,28,125,22,43,93,111,75,33,132" hai1="122,65,133,105,14,56,131,12,48,21,89,18,5" hai2="45,63,36,67,134,83,20,108,120,39,29,49,92" hai3="118,70,123,42,81,58,79,44,76,61,82,26,3"/><V52/><F120/><W25/><G70/><T109/><D33/><U13/><E122/><V107/><F107/><W114/><G118/><T71/><D75/><U10/><E131/><V121/><F121/><W40/><G123/><T51/><D71/><U38/><E38/><V41/><F134/><W112/><G44/><T90/><D129/><U68/><E105/><V0/><F108/><W59/><G61/><T119/><D132/><U1/><E133/><V46/><F0/><AGARI ba="0,0" hai="0,3,25,26,40,42,58,59,76,79,81,82,112,114" machi="0" ten="25,6400,0" yaku="22,2,52,2" doraHai="35" who="3" fromWho="2" sc="305,0,244,0,233,-64,218,64" /><INIT seed="7,0,0,2,0,16" ten="305,244,169,282" oya="3" hai0="23,87,125,92,72,76,81,105,88,9,18,14,80" hai1="52,56,61,122,130,55,62,44,40,86,46,108,104" hai2="37,8,35,30,132,96,83,26,48,39,41,115,31" hai3="11,10,28,6,98,21,33,36,27,71,7,29,54"/><W103/><G36/><T12/><D125/><U91/><E108/><V120/><F48/><W118/><G71/><T78/><D105/><U64/><E122/><V65/><F65/><W129/><G129/><T77/><REACH who="0" step="1"/><D72/><REACH who="0" ten="295,244,169,282" step="2"/><U22/><E104/><V133/><F41/><W45/><G118/><T117/><D117/><U79/><E130/><V109/><F109/><W59/><G33/><T119/><D119/><U131/><E131/><V106/><F106/><W19/><G45/><T75/><D75/><U57/><E40/><V114/><F96/><W101/><G98/><T90/><D90/><U3/><E79/><V127/><F83/><W82/><G82/><T20/><D20/><U70/><E3/><V24/><F8/><N who="3" m="3115" /><G6/><AGARI ba="0,1" hai="6,9,12,14,18,23,76,77,78,80,81,87,88,92" machi="6" ten="40,8000,1" yaku="1,1,8,1,52,1,54,1,53,0" doraHai="16" doraHaiUra="124" who="0" fromWho="3" sc="295,90,244,0,169,0,282,-80" owari="385,48.5,244,4.4,169,-33.1,202,-19.8" /></mjloggm>