<mjloggm ver="2.3"><GO type="169" lobby="0"/><UN n0="%E8%B5%A4%E5%9B%A3%E8%8A%B1%E9%96%8B" n1="%E3%81%82%E3%81%A3%E3%81%8D%EF%BD%9E%E2%99%AA" n2="%E9%B3%B3%E5%8D%97%E3%81%AE%E3%81%B6%E3%81%9F%E3%81%95%E3%82%93" n3="%E7%8F%BE%E5%A0%B4%E3%81%AD%E3%81%93" dan="17,16,18,16" rate="2159.63,2079.65,2238.69,2087.97" sx="M,M,M,M"/><TAIKYOKU oya="0"/><INIT seed="0,0,0,5,3,59" ten="250,250,250,250" oya="0" hai0="64,65,16,135,114,80,7,96,35,23,70,127,54" hai1="133,19,109,32,79,24,45,98,83,120,132,39,117" hai2="27,18,128,130,71,89,118,14,129,78,9,4,77" hai3="40,2,72,73,105,42,108,100,86,5,46,94,69"/><T3/><D114/><U97/><E117/><V29/><F118/><W61/><G40/><T76/><D127/><U1/><E120/><V25/><F71/><W99/><G86/><T68/><D35/><U33/><E109/><V26/><F29/><W81/><G94/><T85/><D135/><N who="1" m="51787" /><E1/><V119/><F119/><W8/><G81/><T22/><D22/><N who="1" m="13407" /><E45/><V110/><F110/><W90/><G90/><T104/><D54/><U21/><E21/><V6/><REACH who="2" step="1"/><F89/><REACH who="2" ten="250,250,240,250" step="2"/><W126/><G108/><T63/><D70/><U11/><E33/><V15/><F15/><W111/><G111/><T124/><D68/><U51/><E32/><V62/><F62/><W84/><G126/><T0/><D124/><U88/><E88/><V116/><F116/><W37/><REACH who="3" step="1"/><G84/><REACH who="3" ten="250,250,240,240" step="2"/><T13/><D85/><U107/><E98/><V66/><F66/><AGARI ba="0,2" hai="2,5,8,37,42,46,61,66,69,72,73,99,100,105" machi="66" ten="40,12000,2" yaku="1,1,2,1,33,3,52,1,53,0" doraHai="59" doraHaiUra="82" who="3" fromWho="2" sc="250,0,250,0,240,-120,240,140" /><INIT seed="1,0,0,3,1,66" ten="250,250,120,380" oya="1" hai0="32,78,1,49,4,39,88,86,107,87,128,60,33" hai1="10,21,72,84,41,97,93,18,122,130,117,67,34" hai2="70,81,76,92,119,121,110,45,102,54,58,100,42" hai3="68,125,19,51,62,8,127,129,108,40,98,134,30"/><U106/><E117/><V71/><F119/><W85/><G30/><T79/><D39/><U133/><E122/><V0/><F0/><W35/><G35/><T50/><D107/><U29/><E133/><V57/><F121/><W115/><G98/><T109/><D109/><U112/><E112/><V5/><F5/><W38/><G85/><T36/><D36/><U132/><E132/><V89/><F110/><W17/><G17/><T22/><D128/><U82/><E130/><V80/><F57/><W12/><G38/><T123/><D123/><U75/><E106/><V64/><F64/><W94/><G94/><T91/><D60/><U126/><E126/><V99/><F45/><W63/><G63/><T43/><D22/><U69/><E41/><V118/><F42/><W59/><G129/><T6/><REACH who="0" step="1"/><D43/><REACH who="0" ten="240,250,120,380" step="2"/><U56/><E34/><V28/><F118/><W104/><G104/><T20/><D20/><U65/><E10/><V83/><F28/><W9/><G108/><T61/><D61/><U116/><E116/><V73/><F81/><W131/><G131/><T37/><D37/><U120/><E120/><V95/><F80/><W25/><G134/><T52/><D52/><U101/><E21/><V11/><F11/><W74/><G8/><T77/><D77/><U16/><E29/><V105/><F92/><W44/><G9/><T23/><D23/><U96/><E93/><V114/><F114/><W53/><G115/><T26/><D26/><U113/><E113/><V90/><F90/><W2/><G40/><T48/><D48/><U103/><E82/><V14/><F83/><RYUUKYOKU ba="0,1" sc="240,30,250,-10,120,-10,380,-10" hai0="1,4,6,32,33,49,50,78,79,86,87,88,91" /><INIT seed="2,1,1,4,2,70" ten="270,240,110,370" oya="2" hai0="78,56,48,26,67,89,100,0,54,114,135,82,87" hai1="23,4,35,6,13,49,66,17,60,50,124,52,41" hai2="9,110,28,134,71,59,103,85,32,19,15,131,10" hai3="86,107,74,65,55,22,31,116,90,29,95,93,126"/><V45/><F71/><W7/><G74/><T21/><D114/><U129/><E129/><V39/><F131/><W121/><G107/><T24/><D0/><U125/><E35/><V98/><F134/><W133/><G116/><T62/><D135/><U96/><E96/><V75/><F75/><W94/><G121/><T128/><D128/><U27/><E41/><V58/><F110/><W37/><G37/><T18/><D100/><U64/><E49/><V46/><F85/><W127/><G65/><N who="1" m="25194" /><E60/><V36/><F9/><W104/><G104/><T130/><D130/><U92/><E92/><N who="3" m="35434" /><G7/><T79/><REACH who="0" step="1"/><D26/><REACH who="0" ten="260,240,110,370" step="2"/><U99/><E27/><V122/><F122/><W123/><G133/><T42/><D42/><U91/><E125/><V109/><F109/><W73/><G123/><T102/><D102/><U5/><E124/><V11/><F103/><W69/><G127/><T101/><D101/><U105/><E105/><V43/><F43/><W115/><G126/><T2/><D2/><U53/><E99/><V108/><F98/><W113/><G113/><T44/><AGARI ba="1,2" hai="18,21,24,44,48,54,56,62,67,78,79,82,87,89" machi="44" ten="20,8000,1" yaku="1,1,0,1,7,1,8,1,53,1" doraHai="70" doraHaiUra="84" who="0" fromWho="0" sc="260,103,240,-21,110,-41,370,-21" /><INIT seed="3,0,0,4,5,113" ten="363,219,69,349" oya="3" hai0="20,135,133,103,122,47,54,90,129,126,98,2,132" hai1="110,78,45,80,49,114,30,65,67,32,95,81,46" hai2="31,56,121,36,28,21,73,82,27,44,86,1,94" hai3="8,72,105,57,99,77,61,59,24,43,26,10,64"/><W109/><G109/><T34/><D122/><U19/><E114/><V93/><F121/><W87/><G72/><T0/><D34/><U23/><E110/><V111/><F111/><W18/><G43/><T85/><D20/><U128/><E128/><V13/><F1/><W117/><G117/><T17/><D17/><U134/><E134/><V119/><F73/><W22/><G105/><T40/><D54/><U75/><E45/><V100/><F31/><W127/><G99/><T116/><D126/><U97/><E80/><V120/><F120/><W5/><G127/><T63/><D63/><U29/><E29/><V9/><F100/><W38/><G38/><T104/><D129/><U62/><E62/><V70/><F70/><W12/><G8/><T118/><D0/><U91/><E30/><V69/><F69/><W89/><G77/><T4/><D4/><U74/><E74/><V96/><F96/><W60/><G26/><T3/><D2/><U131/><E32/><V101/><F101/><W7/><G7/><T14/><D14/><U102/><E102/><V83/><F56/><N who="3" m="36871" /><G61/><T39/><D3/><U25/><REACH who="1" step="1"/><E131/><REACH who="1" ten="363,209,69,349" step="2"/><V51/><F82/><AGARI ba="0,1" hai="5,10,12,18,22,24,57,59,82,87,89" m="36871" machi="82" ten="30,1500,0" yaku="8,1" doraHai="113" who="3" fromWho="2" sc="363,0,209,0,69,-15,349,25" /><AGARI ba="0,0" hai="39,40,47,82,85,90,98,103,104,116,118,132,133,135" machi="82" ten="40,5200,0" yaku="20,1,52,2" doraHai="113" who="0" fromWho="2" sc="363,52,209,0,54,-52,374,0" /><INIT seed="3,1,0,4,3,121" ten="415,209,2,374" oya="3" hai0="74,5,49,78,117,40,63,96,108,111,134,17,22" hai1="135,88,95,77,81,133,107,7,130,123,31,122,4" hai2="30,112,91,89,13,61,27,86,67,84,128,76,68" hai3="90,72,69,99,50,57,10,97,115,87,1,60,14"/><W103/><G72/><T127/><D117/><U2/><E107/><V21/><F128/><W53/><G115/><T94/><D5/><N who="1" m="2123" /><E31/><V110/><F112/><W32/><G32/><T33/><D33/><U85/><E2/><V75/><F75/><W132/><G132/><N who="1" m="50762" /><E130/><V35/><F76/><W20/><G1/><T56/><D134/><U62/><E62/><V109/><F13/><W92/><G20/><T34/><D34/><U58/><E58/><V24/><F84/><AGARI ba="1,0" hai="77,81,84,85,88,95,122,123" m="50762,2123" machi="84" ten="30,2000,0" yaku="20,1,54,1" doraHai="121" who="1" fromWho="2" sc="415,0,209,23,2,-23,374,0" owari="415,51.5,232,-16.8,-21,-52.1,374,17.4" /></mjloggm>