<mjloggm ver="2.3"><GO type="169" lobby="0"/><UN n0="%E3%81%B5%E3%81%98%E3%81%8A" n1="%E3%81%8B%E3%81%AA%E3%81%8D%E3%83%BC" n2="%E3%83%AD%E3%83%AD%E3%82%93" n3="%E9%A6%AC%E3%81%AE%E8%80%B3%E3%81%AB%E5%BF%B5%E4%BB%8F" dan="16,17,16,17" rate="2125.07,2236.82,2116.47,2170.46" sx="M,F,M,M"/><TAIKYOKU oya="0"/><INIT seed="0,0,0,3,3,21" ten="250,250,250,250" oya="0" hai0="54,102,94,18,40,65,120,27,61,70,122,96,8" hai1="121,13,6,31,80,118,17,16,57,37,93,90,56" hai2="101,82,3,26,34,44,2,51,41,53,84,7,103" hai3="91,100,119,114,81,36,74,75,32,50,112,135,115"/><T107/><D40/><U30/><E118/><V52/><F3/><W12/><G36/><T92/><D54/><U79/><E121/><V55/><F7/><W66/><G66/><T68/><D68/><U29/><E37/><V14/><F14/><W11/><G119/><T110/><D110/><U62/><E6/><V109/><F109/><W127/><G50/><T131/><D131/><U0/><E0/><V42/><F2/><W77/><G12/><T20/><REACH who="0" step="1"/><D8/><REACH who="0" ten="240,250,250,250" step="2"/><U63/><E57/><V86/><F41/><W35/><G11/><T134/><D134/><U10/><E56/><V1/><F1/><W85/><G135/><T45/><D45/><U95/><E10/><V87/><REACH who="2" step="1"/><F82/><REACH who="2" ten="240,250,240,250" step="2"/><W117/><G81/><T9/><D9/><U133/><E80/><V129/><F129/><W58/><G117/><T106/><D106/><U78/><E133/><V76/><F76/><W22/><G77/><T49/><D49/><U89/><E79/><V48/><F48/><W83/><G83/><T111/><D111/><U24/><E78/><V23/><F23/><W132/><G22/><T59/><D59/><U33/><E33/><V124/><F124/><W28/><G127/><T4/><D4/><U46/><E46/><V69/><F69/><W116/><G132/><T25/><D25/><U43/><E43/><V60/><F60/><W72/><G116/><T105/><D105/><U73/><E63/><V67/><F67/><W39/><G58/><T125/><D125/><U130/><E62/><V97/><F97/><W38/><G35/><T15/><D15/><U5/><E13/><RYUUKYOKU ba="0,2" sc="240,15,250,-15,240,15,250,-15" hai0="18,20,27,61,65,70,92,94,96,102,107,120,122" hai2="26,34,42,44,51,52,53,55,84,86,87,101,103" /><INIT seed="0,1,2,0,4,103" ten="255,235,255,235" oya="0" hai0="29,107,22,67,94,81,117,56,77,63,11,45,96" hai1="43,21,44,47,42,40,95,116,53,106,28,46,109" hai2="17,6,8,57,9,115,62,49,30,105,129,32,98" hai3="19,108,51,88,101,75,130,122,41,48,13,59,39"/><T86/><D117/><U125/><E116/><V79/><F79/><W3/><G3/><T64/><D11/><U26/><E109/><V128/><F115/><W72/><G108/><T18/><D29/><U66/><E125/><V50/><F30/><W35/><G35/><T135/><D135/><U134/><E134/><V87/><F87/><W112/><G112/><T102/><D45/><U126/><E126/><V104/><F32/><W119/><G119/><T89/><D67/><U71/><E106/><V85/><F85/><W16/><G39/><T113/><D113/><U55/><E71/><V20/><F98/><W33/><G33/><T111/><D111/><U2/><E2/><V37/><F37/><W4/><G59/><T15/><REACH who="0" step="1"/><D107/><REACH who="0" ten="245,235,255,235" step="2"/><U1/><E66/><V92/><F9/><W27/><G122/><T131/><D131/><U90/><REACH who="1" step="1"/><E1/><REACH who="1" ten="245,225,255,235" step="2"/><V23/><F129/><W73/><G130/><T31/><D31/><U83/><E83/><V52/><F104/><W93/><G93/><T99/><D99/><AGARI ba="1,4" hai="21,26,28,40,42,43,44,46,47,53,55,90,95,99" machi="99" ten="40,2600,0" yaku="1,1,8,1,53,0" doraHai="103" doraHaiUra="10" who="1" fromWho="0" sc="245,-29,225,69,255,0,235,0" /><INIT seed="1,0,0,0,3,115" ten="216,294,255,235" oya="1" hai0="53,55,92,131,44,56,87,125,103,127,79,60,68" hai1="38,102,20,135,104,90,14,129,133,99,48,58,116" hai2="36,121,49,43,83,81,0,63,4,33,51,42,126" hai3="86,76,105,80,120,24,88,69,54,27,30,130,41"/><U98/><E38/><V37/><F33/><W72/><G120/><T6/><D131/><U31/><E129/><V75/><F126/><N who="0" m="48138" /><D6/><U47/><E58/><V40/><F121/><W100/><G130/><T67/><D44/><U74/><E74/><V97/><F97/><W94/><G41/><T66/><D66/><U59/><E59/><V11/><F63/><W62/><G30/><T57/><D103/><U73/><E73/><V108/><F108/><W19/><G19/><T119/><D119/><U111/><E111/><V70/><F70/><W132/><G132/><T32/><D32/><U117/><E90/><V50/><REACH who="2" step="1"/><F75/><REACH who="2" ten="216,294,245,235" step="2"/><W39/><G69/><T134/><D134/><U82/><E98/><V123/><F123/><W64/><G62/><T23/><D68/><U46/><E133/><V118/><F118/><W22/><G72/><T17/><D67/><U91/><E135/><V77/><F77/><W16/><G76/><T110/><D110/><U113/><E117/><V7/><F7/><W78/><G64/><T2/><D79/><U10/><E116/><V29/><F29/><W84/><G78/><T9/><D60/><U96/><E31/><V1/><F1/><W71/><G71/><T124/><D124/><U13/><E99/><V21/><F21/><W128/><G22/><T18/><D23/><U65/><E20/><V109/><F109/><W26/><G128/><T101/><D2/><U93/><E65/><V112/><F112/><W5/><G5/><T28/><D28/><U15/><E113/><V35/><F35/><W3/><G3/><T8/><D8/><RYUUKYOKU ba="0,1" sc="216,-10,294,-10,245,30,235,-10" hai2="0,4,11,36,37,40,42,43,49,50,51,81,83" /><INIT seed="2,1,1,4,1,19" ten="206,284,275,225" oya="2" hai0="21,70,95,62,36,115,56,111,48,81,121,107,11" hai1="120,127,6,130,125,5,57,27,92,132,110,128,75" hai2="79,33,50,85,12,108,118,104,17,87,101,16,109" hai3="39,89,37,18,35,114,1,65,2,78,67,26,8"/><V10/><F33/><W43/><G78/><T4/><D121/><U64/><E75/><V83/><F118/><W59/><G114/><T82/><D115/><U3/><E92/><V73/><F50/><W68/><G68/><T22/><D107/><U86/><E86/><V122/><F122/><W77/><G77/><T20/><D36/><U46/><E46/><V28/><F28/><W71/><G71/><T45/><D70/><U133/><E120/><V72/><F72/><W112/><G59/><T105/><D105/><U58/><E110/><N who="2" m="42603" /><F17/><W129/><G18/><T84/><D111/><U93/><E93/><V53/><F53/><W55/><G55/><N who="0" m="34079" /><D11/><U135/><E27/><V94/><F104/><W91/><G43/><N who="0" m="24639" /><D4/><N who="1" m="1643" /><E3/><V29/><F29/><W52/><G52/><T126/><D126/><N who="1" m="48139" /><E64/><V80/><F80/><W15/><G67/><T34/><D34/><U44/><E44/><V96/><AGARI ba="1,1" hai="10,12,16,73,79,83,85,87,94,96,101" m="42603" machi="96" ten="30,6000,0" yaku="14,1,10,1,54,1" doraHai="19" who="2" fromWho="2" sc="206,-21,284,-21,275,73,225,-21" /><INIT seed="2,2,0,3,5,68" ten="185,263,348,204" oya="2" hai0="74,12,113,103,70,26,122,76,96,115,49,15,44" hai1="101,112,56,57,118,39,9,35,14,105,123,71,89" hai2="18,97,108,125,42,87,45,99,132,66,4,94,134" hai3="31,77,86,110,5,69,20,46,52,55,50,80,135"/><V16/><F66/><W30/><G110/><T13/><D70/><U0/><E71/><V8/><F108/><W62/><G135/><N who="2" m="51753" /><F125/><W67/><G5/><T82/><D122/><U102/><E112/><V84/><F97/><W114/><G114/><T129/><D129/><U126/><E118/><V106/><F106/><W38/><G38/><T6/><D6/><U81/><E126/><V63/><F63/><W24/><REACH who="3" step="1"/><G55/><REACH who="3" ten="185,263,348,194" step="2"/><T124/><D124/><U43/><E39/><N who="2" m="21727" /><F4/><W29/><AGARI ba="2,1" hai="20,24,29,30,31,46,50,52,62,67,69,77,80,86" machi="29" ten="20,5200,0" yaku="1,1,0,1,7,1,54,1,53,0" doraHai="68" doraHaiUra="120" who="3" fromWho="3" sc="185,-15,263,-15,348,-28,194,68" /><INIT seed="3,0,0,5,5,115" ten="170,248,320,262" oya="3" hai0="119,43,97,30,4,83,58,23,64,36,100,90,54" hai1="93,86,65,62,116,44,14,56,28,13,51,9,132" hai2="88,26,79,82,50,94,127,39,71,25,109,49,84" hai3="121,124,45,48,102,60,5,21,106,17,24,15,34"/><W123/><G124/><T8/><D64/><U111/><E111/><V122/><F39/><W130/><G130/><T53/><D43/><U68/><E132/><V67/><F127/><W75/><G75/><T95/><D36/><U103/><E68/><V91/><F122/><W12/><G102/><T77/><D100/><U114/><E114/><V31/><F109/><W110/><G106/><T105/><D105/><U74/><E74/><V87/><F26/><W120/><G110/><T131/><D131/><U11/><E116/><V29/><F29/><W16/><G60/><T118/><D23/><U2/><E2/><V3/><F3/><W129/><G129/><T20/><D20/><U35/><E28/><V101/><F101/><W69/><G69/><T55/><D58/><U72/><E72/><V126/><F126/><W33/><G5/><T7/><D30/><U108/><E35/><V113/><F113/><W117/><G24/><T63/><D63/><U1/><E1/><V133/><F133/><W135/><G135/><T70/><D70/><U76/><E76/><V59/><F71/><W42/><REACH who="3" step="1"/><G117/><REACH who="3" ten="170,248,320,252" step="2"/><T66/><D4/><U134/><E134/><V37/><F25/><W89/><G89/><T104/><D104/><U18/><E108/><V85/><F91/><W27/><G27/><T22/><D119/><U10/><E103/><V98/><F31/><W96/><G96/><T52/><D118/><U78/><E78/><V107/><F79/><W19/><G19/><T81/><D77/><U92/><E18/><V46/><F107/><W41/><G41/><T99/><D99/><RYUUKYOKU ba="0,1" sc="170,-10,248,-10,320,-10,252,30" hai3="12,15,16,17,21,33,34,42,45,48,120,121,123" /><INIT seed="3,1,1,3,2,11" ten="160,238,310,282" oya="3" hai0="53,39,33,100,97,117,95,25,108,92,37,58,5" hai1="28,7,40,79,43,94,59,119,35,42,83,129,52" hai2="74,134,124,2,98,76,68,61,115,1,41,133,66" hai3="32,114,130,12,123,14,67,105,118,131,126,51,55"/><W125/><G114/><T82/><D117/><U90/><E129/><N who="3" m="49162" /><G118/><T49/><D108/><U69/><E69/><V18/><F115/><W80/><G123/><T22/><D33/><U111/><E111/><V56/><F124/><N who="3" m="47723" /><G32/><T75/><D5/><U78/><E7/><V103/><F41/><W102/><G67/><T34/><D34/><U0/><E0/><V19/><F56/><N who="3" m="32895" /><G80/><T122/><D122/><U116/><E83/><V13/><F19/><W16/><G16/><T104/><D82/><U107/><E35/><V70/><F70/><W38/><G38/><T110/><D110/><U64/><E64/><V81/><F2/><W36/><G36/><T50/><D39/><U20/><E116/><V63/><F1/><W113/><G113/><T30/><D37/><U128/><E119/><V47/><F66/><W89/><G89/><T96/><D50/><U44/><E128/><V121/><F18/><W29/><G29/><T101/><REACH who="0" step="1"/><D75/><REACH who="0" ten="150,238,310,282" step="2"/><U65/><E79/><V31/><F74/><W8/><G8/><T120/><D120/><U77/><E78/><V88/><F76/><W99/><AGARI ba="1,2" hai="12,14,99,102,105" m="32895,47723,49162" machi="99" ten="40,12000,1" yaku="19,1,18,1,52,2" doraHai="11" who="3" fromWho="3" sc="150,-41,238,-41,310,-41,282,143" /><INIT seed="3,2,0,2,3,74" ten="109,197,269,425" oya="3" hai0="97,75,132,89,31,42,52,84,119,125,71,78,55" hai1="7,108,24,38,126,15,10,69,135,112,82,25,65" hai2="18,127,95,36,58,64,30,56,73,23,83,11,26" hai3="27,101,62,113,40,91,70,32,28,111,46,61,1"/><W81/><G113/><T13/><D119/><U16/><E112/><V57/><F36/><W39/><G111/><T120/><D120/><U43/><E108/><V107/><F107/><W103/><G1/><T51/><D71/><U98/><E126/><V124/><F95/><W122/><G122/><T94/><D125/><N who="2" m="48202" /><F64/><W99/><G61/><T87/><D132/><U134/><E98/><V4/><F73/><W116/><G116/><T33/><D75/><U21/><E82/><V45/><F45/><W53/><G53/><T131/><D131/><U115/><E115/><V3/><F83/><W92/><REACH who="3" step="1"/><G81/><REACH who="3" ten="109,197,269,415" step="2"/><T37/><D55/><U29/><E134/><V109/><F109/><W128/><G128/><T47/><D52/><U117/><E135/><V121/><F121/><W6/><G6/><T96/><D42/><U20/><E117/><V17/><AGARI ba="2,1" hai="3,4,11,17,18,23,26,30,56,57,58" m="48202" machi="17" ten="40,1500,0" yaku="18,1" doraHai="74" who="2" fromWho="2" sc="109,-6,197,-6,269,31,415,-9" /><INIT seed="4,0,0,1,4,73" ten="103,191,300,406" oya="0" hai0="118,94,72,31,25,104,41,35,12,66,54,22,3" hai1="50,88,56,106,98,57,7,37,89,23,18,51,74" hai2="9,103,15,10,64,111,99,116,102,61,6,8,91" hai3="21,16,109,2,5,114,52,28,75,0,70,132,105"/><T107/><D118/><U40/><E37/><V93/><F111/><W128/><G109/><T46/><D72/><U34/><E34/><V117/><F117/><W1/><G70/><T115/><D115/><U55/><E74/><V124/><F124/><W119/><G105/><T19/><D66/><U82/><E7/><V85/><F116/><W96/><G96/><T48/><D94/><U77/><E106/><V87/><F87/><W76/><G119/><T126/><D126/><U13/><E98/><V44/><F44/><W43/><G43/><T127/><D127/><U101/><E101/><V133/><F103/><W36/><G36/><T45/><REACH who="0" step="1"/><D3/><REACH who="0" ten="93,191,300,406" step="2"/><U120/><E120/><V26/><F133/><W83/><G114/><T49/><AGARI ba="0,1" hai="12,19,22,25,31,35,41,45,46,48,49,54,104,107" machi="49" ten="20,12000,1" yaku="1,1,2,1,0,1,7,1,53,1" doraHai="73" doraHaiUra="39" who="0" fromWho="0" sc="93,130,191,-40,300,-40,406,-40" /><INIT seed="4,1,0,1,2,16" ten="223,151,260,366" oya="0" hai0="111,129,61,3,53,131,67,85,68,92,119,132,103" hai1="69,80,58,4,81,124,123,108,1,48,8,122,50" hai2="117,128,133,5,32,29,105,98,70,125,30,90,14" hai3="110,0,28,109,37,72,38,118,55,23,18,40,56"/><T59/><D119/><U75/><E69/><V22/><F70/><W126/><G118/><T77/><D3/><U21/><E108/><V12/><F117/><W7/><G72/><T39/><D111/><U83/><E75/><V64/><F64/><W6/><G37/><T91/><D132/><U2/><E2/><V115/><F115/><W71/><G71/><T20/><D39/><U57/><E124/><V135/><F105/><W116/><G28/><T54/><D77/><U107/><E107/><V45/><F45/><W74/><G74/><T44/><D103/><U9/><E83/><V52/><F52/><W24/><G6/><T66/><D66/><U113/><E1/><V62/><F62/><W42/><G42/><T15/><D44/><U49/><E49/><V93/><F125/><W86/><G86/><T27/><D15/><U31/><E31/><V34/><F128/><N who="0" m="49226" /><D68/><U104/><E104/><V127/><F127/><W73/><G38/><T120/><D120/><U60/><E113/><V134/><F30/><AGARI ba="1,0" hai="20,27,30,53,54,59,61,67,85,91,92" m="49226" machi="30" ten="30,2900,0" yaku="19,1,52,1" doraHai="16" who="0" fromWho="2" sc="223,32,151,0,260,-32,366,0" /><INIT seed="4,2,0,5,3,134" ten="255,151,228,366" oya="0" hai0="42,107,11,112,21,6,91,49,50,28,70,128,82" hai1="123,65,124,93,131,37,118,18,27,92,89,75,72" hai2="76,135,31,111,35,97,86,64,5,78,7,81,69" hai3="44,116,87,68,88,110,61,56,127,115,79,38,90"/><T95/><D107/><U60/><E118/><V0/><F135/><W55/><G110/><T40/><D70/><U53/><E123/><V29/><F111/><W77/><G116/><T130/><D112/><U105/><E105/><V23/><F78/><W71/><G71/><T8/><D82/><U117/><E37/><V73/><F35/><W121/><G115/><T113/><D113/><U85/><E53/><V104/><F23/><W3/><G3/><T19/><D28/><U122/><E122/><V129/><F129/><N who="0" m="49770" /><D50/><U52/><E117/><V33/><F31/><W9/><G68/><T45/><D42/><U101/><E101/><V94/><F69/><W109/><G109/><T126/><D6/><U16/><E92/><V96/><F96/><W2/><G61/><T43/><D43/><U30/><E30/><V132/><F64/><W4/><G4/><T47/><D47/><U58/><E65/><V41/><F41/><W54/><G44/><T83/><D83/><U1/><E131/><V98/><F98/><W125/><G56/><T22/><D22/><U102/><E102/><N who="2" m="62543" /><F0/><W74/><G2/><T12/><D126/><N who="3" m="48137" /><G121/><T108/><D108/><U84/><E1/><V120/><F132/><W114/><G114/><T46/><D46/><U14/><E124/><V106/><F120/><W17/><G38/><T133/><D133/><U20/><REACH who="1" step="1"/><E85/><AGARI ba="2,0" hai="8,11,12,19,21,40,45,49,85,91,95" m="49770" machi="85" ten="30,1500,0" yaku="19,1" doraHai="134" who="0" fromWho="1" sc="255,21,151,-21,228,0,366,0" /><INIT seed="4,3,0,3,2,56" ten="276,130,228,366" oya="0" hai0="45,103,123,117,69,90,68,43,132,79,125,40,84" hai1="50,10,46,9,99,13,59,128,95,37,82,52,112" hai2="65,120,23,74,75,58,78,102,107,28,100,83,118" hai3="71,106,93,26,94,42,88,24,87,30,22,35,2"/><T6/><D117/><U41/><E128/><V135/><F75/><W0/><G106/><T85/><D123/><U61/><E112/><V81/><F81/><W5/><G42/><T8/><D125/><U55/><E82/><V57/><F57/><W27/><G27/><T127/><D127/><U131/><E131/><V119/><F135/><W105/><G105/><T121/><D121/><U86/><E86/><V113/><F113/><W98/><G5/><T64/><D132/><U20/><E55/><V60/><F120/><W15/><G15/><T134/><D134/><U14/><E37/><V80/><F80/><W116/><G71/><T122/><D122/><U44/><E46/><V108/><F108/><W111/><G116/><T38/><D103/><N who="1" m="60927" /><E13/><V18/><F28/><W62/><G111/><T124/><D124/><U25/><E14/><V36/><F36/><W39/><G39/><T70/><D43/><U11/><E11/><V72/><F72/><W3/><G3/><T133/><D133/><U97/><E97/><V126/><F126/><W34/><G34/><T115/><D115/><U129/><E129/><V12/><REACH who="2" step="1"/><F102/><REACH who="2" ten="276,130,218,366" step="2"/><W89/><G30/><AGARI ba="3,1" hai="9,10,20,25,30,41,44,50,52,59,61" m="60927" machi="30" ten="30,3900,0" yaku="8,1,52,1,54,1" doraHai="56" who="1" fromWho="3" sc="276,0,130,58,218,0,366,-48" /><INIT seed="5,0,0,2,2,30" ten="276,188,218,318" oya="1" hai0="24,0,74,36,16,123,11,115,54,63,65,26,23" hai1="109,91,135,25,37,44,97,80,64,112,114,29,131" hai2="48,60,116,31,14,126,34,127,125,122,85,21,95" hai3="79,130,105,27,120,128,22,102,3,1,40,13,106"/><U42/><E131/><N who="3" m="50218" /><G120/><T56/><D123/><U88/><E135/><V46/><F122/><W118/><G118/><T75/><D115/><N who="1" m="44075" /><E109/><V76/><F116/><W70/><G70/><T18/><D36/><U119/><E119/><V73/><F73/><W82/><G40/><T92/><D92/><N who="1" m="56455" /><E64/><V121/><F60/><W132/><G13/><T81/><D81/><U69/><E69/><V104/><F104/><N who="3" m="40043" /><G102/><T98/><D98/><U86/><E29/><V96/><F121/><W71/><G71/><T111/><D111/><U6/><E25/><V57/><F57/><W33/><G132/><T5/><D65/><U20/><E20/><AGARI ba="0,0" hai="0,5,11,16,18,20,23,24,26,54,56,63,74,75" machi="20" ten="40,2600,0" yaku="9,1,54,1" doraHai="30" who="0" fromWho="1" sc="276,26,188,-26,218,0,318,0" /><INIT seed="6,0,0,1,1,17" ten="302,162,218,318" oya="2" hai0="115,93,27,62,134,102,106,18,100,29,73,132,37" hai1="13,60,40,43,117,113,23,0,14,8,133,30,31" hai2="44,79,97,58,47,32,48,129,103,2,76,99,87" hai3="109,85,124,70,105,107,59,83,86,96,53,114,22"/><V10/><F32/><W12/><G109/><T77/><D115/><U6/><E117/><V20/><F129/><W98/><G124/><T54/><D37/><U24/><E113/><V75/><F75/><W89/><G114/><T63/><D106/><U7/><E133/><N who="0" m="51305" /><D18/><N who="1" m="12407" /><E60/><N who="0" m="23081" /><D54/><U39/><E43/><V33/><F33/><W123/><G70/><T46/><D46/><U21/><E40/><V111/><F111/><W25/><G123/><T120/><D120/><U131/><E39/><V101/><F58/><W38/><G38/><T82/><D93/><U42/><E42/><V125/><F87/><W78/><G107/><T56/><D56/><U110/><E110/><V130/><F48/><W68/><G68/><T45/><D45/><U61/><E61/><V116/><F116/><W57/><G105/><T11/><D11/><N who="1" m="2503" /><E131/><V119/><F119/><W5/><G59/><T51/><D51/><U81/><E81/><V94/><F125/><W66/><G53/><T15/><D15/><U128/><E128/><V52/><F130/><W4/><G66/><T1/><D1/><U108/><E108/><V122/><F52/><W88/><G57/><T55/><D55/><U26/><E13/><V49/><F122/><W67/><G12/><T34/><AGARI ba="0,0" hai="27,29,34,73,77,82,100,102" m="23081,51305" machi="34" ten="30,1100,0" yaku="20,1" doraHai="17" who="0" fromWho="0" sc="302,11,162,-3,218,-5,318,-3" /><INIT seed="7,0,0,0,5,14" ten="313,159,213,315" oya="3" hai0="48,39,30,99,43,52,104,60,91,78,132,103,73" hai1="1,114,72,47,100,85,96,26,27,82,80,95,28" hai2="76,118,45,49,61,126,21,101,55,37,134,44,57" hai3="123,117,23,108,4,46,53,32,3,41,64,20,56"/><W79/><G117/><T86/><D132/><U51/><E114/><V25/><F134/><W110/><G123/><T15/><D30/><U7/><E1/><V131/><F126/><W84/><G64/><T34/><D34/><U19/><E7/><V69/><F118/><W75/><G84/><T87/><D60/><U121/><E121/><V22/><F76/><W107/><G107/><T71/><D71/><U120/><E120/><V8/><F8/><N who="3" m="2079" /><G32/><T13/><D87/><U92/><E72/><V115/><F115/><W65/><G65/><T66/><D66/><U83/><E28/><V125/><F125/><W9/><G9/><T68/><D68/><U105/><E105/><V38/><F101/><W127/><G127/><T124/><D124/><U50/><E50/><V135/><F135/><W74/><G56/><T130/><D130/><U31/><E31/><V102/><F102/><W113/><G53/><T90/><D90/><U77/><E95/><V81/><F81/><N who="3" m="45303" /><G75/><T119/><D119/><U106/><E106/><V122/><F122/><W93/><G93/><N who="0" m="54519" /><D39/><U0/><E0/><V2/><F2/><W109/><G113/><T6/><D6/><U94/><E94/><V59/><F131/><W10/><G10/><T18/><D18/><U62/><E62/><V29/><F61/><W16/><G16/><T36/><D36/><AGARI ba="0,0" hai="20,23,36,41,46,108,109,110" m="45303,2079" machi="36" ten="30,2900,0" yaku="25,1,10,1" doraHai="14" who="3" fromWho="0" sc="313,-29,159,0,213,0,315,29" owari="284,8.4,159,-34.1,213,-18.7,344,44.4" /></mjloggm>