<mjloggm ver="2.3"><GO type="169" lobby="0"/><UN n0="%E5%81%BD%E9%80%A0%E6%8D%8F%E9%80%A0%E5%AE%89%E5%80%8D%E6%99%8B%E4%B8%89" n1="%E2%91%A3%E3%82%BB%E3%83%B3%E3%83%81" n2="%E3%82%BC%E3%83%B3%E3%83%84%E3%83%9E%E3%82%B7%E3%83%BC%E3%83%B3" n3="%61%6B%69%62%61%62%61%6E" dan="16,18,16,17" rate="2130.87,2271.22,2146.73,2153.10" sx="M,M,M,M"/><TAIKYOKU oya="0"/><INIT seed="0,0,0,0,5,81" ten="250,250,250,250" oya="0" hai0="117,108,69,47,5,40,104,34,134,113,121,92,7" hai1="27,124,76,55,94,24,80,39,63,77,119,2,61" hai2="87,14,64,128,3,48,60,102,31,11,133,91,22" hai3="62,0,131,73,118,58,111,17,114,112,93,125,65"/><T132/><D104/><U18/><E119/><V28/><F133/><N who="0" m="51306" /><D69/><U8/><E39/><V86/><F128/><W35/><G118/><T32/><D117/><U53/><E2/><V130/><F130/><W43/><G131/><T68/><D68/><U83/><E94/><V105/><F3/><W90/><G35/><N who="0" m="13355" /><D113/><U51/><E8/><V21/><F102/><W9/><G73/><T16/><D121/><U106/><E18/><V101/><F101/><W116/><G116/><T66/><D66/><U122/><E51/><V12/><F105/><W23/><G125/><T95/><D16/><U107/><REACH who="1" step="1"/><E122/><REACH who="1" ten="250,240,250,250" step="2"/><V89/><F48/><W127/><G9/><T82/><D108/><U96/><E96/><V46/><F11/><W123/><G111/><T19/><D19/><U50/><E50/><V6/><F6/><N who="0" m="2058" /><D82/><U74/><E74/><V79/><F31/><W78/><G123/><T97/><D97/><U84/><E84/><V75/><F86/><W115/><G0/><T67/><D67/><U98/><E98/><V57/><F87/><W38/><G17/><T56/><D95/><U103/><E103/><V49/><F64/><W129/><G112/><T20/><D92/><U54/><E54/><V33/><F28/><W99/><G129/><T59/><D20/><U88/><E88/><V109/><F91/><W42/><G23/><T13/><D13/><U36/><E36/><AGARI ba="0,1" hai="36,40,47,56,59" m="2058,13355,51306" machi="36" ten="30,1500,0" yaku="20,1" doraHai="81" who="0" fromWho="1" sc="250,25,240,-15,250,0,250,0" /><INIT seed="0,1,0,4,0,39" ten="275,225,250,250" oya="0" hai0="111,57,78,133,33,130,88,31,128,73,125,14,63" hai1="52,110,44,98,101,32,117,25,121,3,62,49,1" hai2="23,36,41,12,29,22,82,115,24,30,99,42,5" hai3="28,95,106,17,71,76,60,132,102,105,120,56,124"/><T100/><D100/><U80/><E117/><V43/><F115/><W113/><G113/><T8/><D125/><U59/><E121/><V77/><F36/><W134/><G120/><T19/><D133/><N who="3" m="51305" /><G124/><T10/><D111/><U118/><E118/><V2/><F2/><W53/><G28/><N who="2" m="10857" /><F99/><N who="3" m="59775" /><G71/><T61/><D78/><U68/><E110/><V20/><F24/><W45/><G76/><T11/><D73/><U79/><E25/><V50/><F5/><W83/><G83/><T64/><D31/><U66/><E32/><V16/><F50/><N who="3" m="28879" /><G17/><T107/><D33/><U103/><E68/><V34/><F34/><W93/><G93/><T54/><D107/><U119/><E103/><V48/><F48/><W0/><G0/><T75/><D75/><U67/><E67/><AGARI ba="1,0" hai="56,60,67,105,106" m="28879,59775,51305" machi="67" ten="30,1000,0" yaku="20,1" doraHai="39" who="3" fromWho="1" sc="275,0,225,-13,250,0,250,13" /><INIT seed="1,0,0,2,2,86" ten="275,212,250,263" oya="1" hai0="80,84,66,7,71,126,63,18,19,55,62,9,21" hai1="5,32,29,90,17,35,47,22,77,109,27,13,125" hai2="89,129,14,39,58,10,97,0,46,68,92,110,59" hai3="102,108,69,78,53,52,51,30,12,112,26,79,135"/><U43/><E125/><V133/><F68/><W121/><G121/><T36/><D126/><U20/><E77/><V116/><F116/><W91/><G112/><T1/><D36/><U106/><E106/><V38/><F0/><W3/><G3/><T31/><D31/><U41/><E41/><V57/><F110/><W85/><G108/><T64/><D55/><U114/><E109/><V15/><F129/><W50/><G69/><T67/><D63/><U81/><E5/><V88/><F133/><W98/><G12/><T65/><REACH who="0" step="1"/><D21/><REACH who="0" ten="265,212,250,263" step="2"/><U119/><E114/><V107/><F39/><W95/><G53/><T134/><D134/><U115/><E115/><V45/><F38/><W83/><G51/><T37/><D37/><U132/><E132/><V120/><F120/><W99/><G135/><T122/><D122/><U40/><E40/><V100/><F15/><W44/><REACH who="3" step="1"/><G99/><REACH who="3" ten="265,212,250,253" step="2"/><T16/><D16/><U54/><E54/><V33/><F97/><W56/><G56/><T111/><D111/><U127/><E127/><V42/><F59/><W130/><G130/><T70/><D70/><U8/><E43/><V60/><F58/><W34/><AGARI ba="0,2" hai="26,30,34,44,50,52,78,79,83,85,91,95,98,102" machi="34" ten="20,12000,2" yaku="1,1,0,1,7,1,52,1,54,1,53,2" doraHai="86" doraHaiUra="73" who="3" fromWho="3" sc="265,-30,212,-60,250,-30,253,140" /><INIT seed="2,0,0,1,4,25" ten="235,152,220,393" oya="2" hai0="17,86,98,35,71,31,10,66,117,78,37,26,13" hai1="48,135,5,119,30,56,80,64,109,79,101,0,133" hai2="47,132,15,127,7,40,28,111,123,3,110,129,63" hai3="74,51,46,113,20,102,88,67,45,8,115,50,24"/><V120/><F3/><W52/><G74/><T41/><D117/><U134/><E119/><V21/><F129/><W84/><G102/><T65/><D71/><U11/><E109/><N who="2" m="41483" /><F132/><W29/><G67/><T18/><D37/><U75/><E101/><V100/><F127/><W94/><REACH who="3" step="1"/><G8/><REACH who="3" ten="235,152,220,383" step="2"/><T77/><D65/><U2/><E64/><V106/><F100/><W93/><G93/><T32/><D66/><U97/><E135/><V104/><F104/><W59/><G59/><T14/><D10/><U68/><E134/><V122/><F106/><W23/><G23/><T85/><D32/><U116/><E133/><V54/><F21/><W92/><G92/><T82/><D35/><U6/><E116/><V1/><F122/><W73/><G73/><T96/><D82/><U125/><E80/><V22/><F22/><W36/><G36/><T58/><D58/><U53/><E75/><V43/><F123/><W72/><G72/><T34/><D34/><U55/><E56/><N who="2" m="35223" /><F120/><W99/><G99/><T16/><D98/><U38/><E97/><V61/><F47/><W103/><G103/><T89/><D96/><U118/><E118/><V12/><F61/><W95/><G95/><T108/><D108/><U87/><E11/><N who="2" m="2543" /><F28/><W19/><G19/><T27/><D18/><U91/><E30/><V76/><F76/><W121/><G121/><T112/><D31/><U62/><E79/><V107/><F107/><W33/><G33/><T83/><D83/><U39/><E39/><V9/><F9/><W114/><G114/><T70/><D112/><U44/><E38/><V81/><F81/><RYUUKYOKU ba="0,1" sc="235,-15,152,-15,220,15,383,15" hai2="12,15,40,43" hai3="20,24,29,45,46,50,51,52,84,88,94,113,115" /><INIT seed="2,1,1,4,1,117" ten="220,137,235,398" oya="2" hai0="66,123,13,68,0,126,4,56,57,74,24,25,120" hai1="48,80,105,90,45,18,119,17,127,63,134,33,47" hai2="76,115,3,86,93,46,83,98,113,116,53,65,124" hai3="118,97,14,110,125,42,79,38,81,5,49,64,91"/><V39/><F116/><W60/><G118/><T128/><D74/><U41/><E119/><V102/><F3/><W36/><G110/><T55/><D0/><U95/><E105/><V40/><F124/><W85/><G125/><T122/><D126/><U1/><E127/><V75/><F65/><W132/><G132/><T15/><D68/><U9/><E33/><V6/><F6/><W16/><G5/><T22/><D128/><U19/><E134/><V89/><REACH who="2" step="1"/><F53/><REACH who="2" ten="220,137,225,398" step="2"/><W77/><G64/><T69/><D4/><U100/><E1/><V87/><F87/><W7/><G85/><T135/><D135/><U20/><E9/><V114/><F114/><W29/><G7/><T70/><D66/><U30/><E41/><V34/><F34/><W129/><G42/><T58/><D55/><U112/><E112/><V37/><F37/><W43/><G43/><T44/><D69/><U94/><E20/><V103/><F103/><W131/><G38/><T51/><D70/><U67/><E100/><V10/><F10/><W12/><G36/><T106/><D22/><U28/><E67/><V26/><F26/><W73/><G129/><T21/><D21/><U72/><E72/><V104/><AGARI ba="1,2" hai="39,40,46,75,76,83,86,89,93,98,102,104,113,115" machi="104" ten="20,12000,1" yaku="1,1,0,1,7,1,24,2,53,0" doraHai="117" doraHaiUra="2" who="2" fromWho="2" sc="220,-41,137,-41,225,143,398,-41" /><INIT seed="2,2,0,1,2,83" ten="179,96,368,357" oya="2" hai0="117,19,97,66,88,7,39,35,61,114,12,18,5" hai1="17,130,121,77,126,81,107,49,2,71,14,21,75" hai2="29,62,15,124,95,45,72,78,22,51,80,84,79" hai3="70,53,90,135,91,128,86,106,37,44,94,64,131"/><V123/><F123/><W26/><G106/><T55/><D114/><U87/><E121/><V52/><F124/><W125/><G125/><T122/><D122/><U134/><E126/><V23/><F72/><W58/><G135/><T38/><D35/><U82/><E134/><V59/><F29/><W50/><G26/><T132/><D132/><U4/><E71/><V85/><F15/><W24/><G24/><T73/><D73/><U36/><E36/><V96/><F79/><W33/><G33/><T34/><D34/><U6/><E130/><V109/><F109/><W8/><G8/><T99/><D55/><U93/><E107/><V48/><F48/><W10/><G10/><T98/><D88/><U16/><E2/><V20/><F85/><W63/><G90/><T42/><D42/><AGARI ba="2,0" hai="37,42,44,50,53,58,63,64,70,86,91,94,128,131" machi="42" ten="40,5200,0" yaku="24,2,52,1" doraHai="83" who="3" fromWho="0" sc="179,-58,96,0,368,0,357,58" /><INIT seed="3,0,0,1,4,5" ten="121,96,368,415" oya="3" hai0="30,127,112,68,116,70,67,81,60,105,66,43,20" hai1="61,8,90,45,44,22,64,28,94,73,123,107,79" hai2="41,56,118,1,10,13,121,9,69,96,39,103,58" hai3="18,40,124,119,122,111,93,76,117,26,131,29,55"/><W6/><G76/><T109/><D105/><U113/><E107/><V46/><F69/><W82/><G82/><T2/><D2/><U52/><E123/><V24/><F118/><W14/><G40/><T32/><D32/><U34/><E34/><V74/><F74/><W23/><G122/><T130/><D116/><U59/><E113/><V125/><F121/><W102/><G131/><T88/><D112/><U15/><E79/><V114/><F114/><W38/><G38/><T36/><D130/><U100/><E100/><V21/><F125/><W62/><G6/><T3/><D3/><U35/><E35/><V47/><F1/><W72/><G72/><T63/><D127/><U108/><E108/><V19/><F47/><W126/><G111/><T17/><D30/><U120/><E73/><V11/><REACH who="2" step="1"/><F24/><REACH who="2" ten="121,96,358,415" step="2"/><W83/><G124/><T4/><D109/><U48/><E120/><V92/><AGARI ba="0,1" hai="9,10,11,13,19,21,39,41,46,56,58,92,96,103" machi="92" ten="30,16000,3" yaku="1,1,2,1,0,1,52,3,53,3" doraHai="5" doraHaiUra="7" who="2" fromWho="2" sc="121,-40,96,-40,358,170,415,-80" /><INIT seed="4,0,0,5,3,75" ten="81,56,528,335" oya="0" hai0="104,80,6,113,123,55,76,82,61,84,43,48,134" hai1="32,109,29,133,60,95,122,85,13,72,15,5,107" hai2="118,9,36,117,88,56,34,64,17,126,14,42,115" hai3="96,40,54,77,67,25,102,92,11,97,1,19,8"/><T21/><D123/><U38/><E107/><V73/><F73/><W79/><G67/><T81/><D104/><U131/><E72/><V125/><F34/><W68/><G68/><T83/><D113/><U135/><E38/><V90/><F115/><W50/><G40/><T28/><D134/><N who="1" m="51211" /><E60/><N who="2" m="37895" /><F42/><W103/><G1/><T4/><D61/><U101/><E101/><V44/><F44/><W100/><G8/><T121/><D43/><U12/><E95/><V87/><F36/><W46/><G100/><T0/><D0/><U111/><E85/><V108/><F108/><N who="1" m="41545" /><E131/><V66/><F66/><W39/><G39/><T2/><D2/><U130/><E130/><V119/><F90/><W18/><G11/><T27/><REACH who="0" step="1"/><D121/><REACH who="0" ten="71,56,528,335" step="2"/><U69/><E122/><V93/><AGARI ba="0,1" hai="9,14,17,87,88,93,117,118,119,125,126" m="37895" machi="93" ten="40,2700,0" yaku="12,1,54,1" doraHai="75" who="2" fromWho="2" sc="71,-13,56,-7,528,37,335,-7" /><INIT seed="5,0,0,0,3,126" ten="58,49,565,328" oya="1" hai0="21,125,106,49,39,2,90,112,29,64,38,107,22" hai1="9,121,82,8,32,79,19,89,28,81,54,120,109" hai2="99,53,84,57,77,26,130,30,18,36,15,119,103" hai3="55,51,87,73,115,108,69,134,85,47,101,48,20"/><U33/><E28/><V71/><F119/><W118/><G108/><T37/><D2/><U78/><E89/><V11/><F130/><W65/><G73/><T10/><D125/><U92/><E92/><V31/><F71/><W14/><G118/><T40/><D64/><U52/><REACH who="1" step="1"/><E19/><REACH who="1" ten="58,39,565,328" step="2"/><V114/><F31/><W27/><G101/><T4/><D90/><U72/><E72/><V16/><F18/><W0/><G134/><T45/><D112/><U93/><E93/><V61/><F30/><W132/><G132/><T102/><D29/><U58/><E58/><V124/><F16/><W83/><G115/><T6/><D6/><U70/><E70/><V86/><F57/><W43/><G69/><T95/><D95/><U46/><E46/><V42/><F114/><W122/><G47/><T34/><D34/><U98/><E98/><V60/><F99/><W116/><G116/><T105/><REACH who="0" step="1"/><D102/><REACH who="0" ten="48,39,565,328" step="2"/><U66/><E66/><V62/><F103/><W23/><G65/><T88/><D88/><U50/><E50/><V3/><F124/><W123/><G51/><T5/><D5/><U74/><E74/><V56/><F56/><W128/><G48/><T7/><D7/><U12/><E12/><V111/><F15/><W17/><G14/><T97/><D97/><U104/><E104/><V117/><F117/><W131/><G17/><T44/><D44/><U135/><E135/><V41/><F3/><W59/><G0/><T91/><D91/><U75/><E75/><V100/><F100/><W94/><G59/><T80/><D80/><U1/><E1/><V35/><F26/><RYUUKYOKU ba="0,2" sc="48,15,39,15,565,-15,328,-15" hai0="4,10,21,22,37,38,39,40,45,49,105,106,107" hai1="8,9,32,33,52,54,78,79,81,82,109,120,121" /><INIT seed="5,1,2,1,4,116" ten="63,54,550,313" oya="1" hai0="74,114,16,12,85,120,28,75,124,123,115,34,87" hai1="99,23,32,36,130,96,70,90,92,15,24,83,63" hai2="82,4,7,110,105,127,5,53,64,118,31,94,77" hai3="52,51,37,13,50,133,78,29,102,122,22,3,54"/><U129/><E36/><V25/><F105/><W107/><G37/><T38/><D38/><U97/><E32/><V55/><F110/><W121/><G3/><T72/><D124/><U61/><E15/><V104/><F104/><W135/><G78/><T68/><D68/><U76/><E70/><V30/><F127/><W100/><G107/><T67/><D67/><U27/><E27/><V0/><F118/><W10/><G22/><T128/><D128/><N who="1" m="49259" /><E61/><V2/><F64/><W71/><G71/><T117/><D117/><U60/><E60/><V66/><F66/><W112/><G112/><N who="0" m="43051" /><D28/><N who="1" m="17439" /><E63/><V93/><F0/><W57/><G29/><N who="2" m="10761" /><F2/><W106/><G106/><T108/><D108/><U45/><E45/><V1/><F1/><W132/><G13/><T33/><D33/><U119/><E119/><V39/><F25/><W49/><G10/><N who="0" m="6167" /><D34/><U125/><E125/><V44/><F39/><W17/><G17/><T69/><D69/><U11/><E11/><V109/><F109/><W111/><G111/><T43/><D43/><U80/><E80/><V79/><F44/><N who="3" m="27687" /><G50/><T14/><D14/><U9/><E9/><V41/><F41/><W103/><AGARI ba="1,2" hai="51,54,57,100,102,103,121,122,132,133,135" m="27687" machi="103" ten="40,8000,1" yaku="20,1,52,2,54,1" doraHai="116" who="3" fromWho="3" sc="63,-21,54,-41,550,-21,313,103" /><INIT seed="6,0,0,5,3,19" ten="42,13,529,416" oya="2" hai0="69,122,3,17,65,64,52,31,59,83,121,125,54" hai1="7,108,62,20,89,45,14,63,55,111,9,8,92" hai2="133,80,30,85,95,78,99,88,37,135,117,102,27" hai3="72,104,42,57,110,73,75,53,79,44,22,56,15"/><V114/><F37/><W107/><G110/><T28/><D3/><U34/><E34/><V91/><F117/><W82/><G104/><T115/><D69/><U11/><E111/><V81/><F114/><W120/><G107/><T61/><D115/><U26/><E108/><V84/><REACH who="2" step="1"/><F78/><REACH who="2" ten="42,13,519,416" step="2"/><W86/><G120/><T43/><D122/><U124/><E124/><V46/><F46/><W134/><G134/><T93/><D125/><U24/><E24/><V21/><AGARI ba="0,1" hai="21,27,30,80,81,84,85,88,91,95,99,102,133,135" machi="21" ten="30,18000,2" yaku="1,1,0,1,9,1,52,1,54,1,53,1" doraHai="19" doraHaiUra="18" who="2" fromWho="2" sc="42,-60,13,-60,519,190,416,-60" owari="-18,-41.8,-47,-54.7,709,80.9,356,15.6" /></mjloggm>