<mjloggm ver="2.3"><GO type="169" lobby="0"/><UN n0="%E3%82%86%E3%81%88%EF%BC%A0%E9%9B%80%E9%AC%BC%E6%B5%81%E7%B8%9B%E3%82%8A" n1="%E8%99%9A%E6%B7%B5%E7%8E%84" n2="%E4%B8%9E%E9%A3%9B" n3="%E8%B5%A4%E7%BE%8E%E6%BF%83%E3%81%BE%E3%81%90%E3%82%8D" dan="17,17,16,17" rate="2155.97,2208.86,2077.91,2196.91" sx="F,M,F,M"/><TAIKYOKU oya="0"/><INIT seed="0,0,0,5,3,34" ten="250,250,250,250" oya="0" hai0="87,103,55,37,9,52,117,119,28,100,36,89,59" hai1="25,115,94,106,110,61,113,33,5,116,102,60,131" hai2="29,92,95,63,24,112,66,19,81,122,45,69,32" hai3="134,74,56,43,42,57,23,79,13,8,49,108,98"/><T12/><D28/><U47/><E106/><V14/><F112/><W38/><G108/><T54/><D59/><U10/><E116/><V41/><F122/><W77/><G134/><T121/><D121/><U1/><E110/><V104/><F81/><W97/><G38/><T44/><D119/><U17/><E131/><V129/><F104/><W35/><G35/><T101/><D117/><U133/><E47/><V118/><F129/><W85/><G74/><T4/><REACH who="0" step="1"/><D44/><REACH who="0" ten="240,250,250,250" step="2"/><U40/><E115/><V6/><F118/><W82/><G57/><T90/><D90/><U75/><E113/><V130/><F130/><W30/><G56/><T123/><D123/><U91/><E133/><V78/><F78/><W68/><G68/><T96/><D96/><U73/><E102/><V15/><F45/><W76/><G98/><T111/><D111/><U21/><E33/><V64/><F69/><W2/><G97/><T128/><D128/><U58/><E61/><V72/><F29/><W31/><G31/><T120/><D120/><U65/><E40/><V3/><F32/><W127/><G42/><T105/><D105/><U50/><E50/><V86/><F63/><W114/><G49/><T26/><D26/><U135/><E135/><V109/><F24/><W107/><G43/><T48/><D48/><U80/><E80/><AGARI ba="0,1" hai="4,9,12,36,37,52,54,55,80,87,89,100,101,103" machi="80" ten="40,3900,0" yaku="1,1,54,1,53,0" doraHai="34" doraHaiUra="20" who="0" fromWho="1" sc="240,49,250,-39,250,0,250,0" /><INIT seed="0,1,0,3,3,81" ten="289,211,250,250" oya="0" hai0="134,10,94,47,62,12,123,39,95,132,27,88,64" hai1="77,33,36,45,28,80,110,103,102,0,113,74,114" hai2="46,131,57,82,119,70,7,87,60,112,128,2,78" hai3="98,135,35,14,21,122,107,9,4,20,19,130,51"/><T17/><D95/><U75/><E0/><V97/><F112/><N who="1" m="43113" /><E28/><V120/><F120/><W26/><G122/><T8/><D123/><U91/><E33/><V52/><F119/><W124/><G135/><N who="0" m="51755" /><D27/><U92/><E36/><V43/><F70/><W106/><G130/><N who="2" m="49705" /><F97/><W111/><G35/><T129/><D129/><U83/><E45/><V50/><F7/><W58/><G107/><T3/><D47/><U24/><E24/><V72/><F2/><W79/><G106/><T59/><D39/><U6/><E6/><V104/><F104/><W22/><G98/><N who="0" m="57671" /><D3/><U96/><E110/><V125/><F125/><W49/><G111/><T108/><D108/><U65/><E65/><V25/><F25/><W84/><G124/><T127/><D127/><U29/><E29/><V15/><F15/><W37/><G37/><T118/><D118/><U42/><E42/><V56/><F56/><W67/><G26/><T86/><D10/><U99/><E99/><V101/><F101/><W55/><G22/><T5/><D5/><U1/><E1/><V100/><F100/><W38/><G4/><T73/><D73/><AGARI ba="1,0" hai="43,46,50,52,57,60,72,73,78,82,87" m="49705" machi="73" ten="30,3900,0" yaku="19,1,52,1,54,1" doraHai="81" who="2" fromWho="0" sc="289,-42,211,0,250,42,250,0" /><INIT seed="1,0,0,0,1,131" ten="247,211,292,250" oya="1" hai0="45,76,47,54,111,40,134,30,28,8,68,22,0" hai1="25,3,18,16,115,132,87,110,20,27,31,129,113" hai2="2,38,73,123,83,13,6,74,66,112,86,89,100" hai3="58,84,7,23,46,65,92,121,102,99,71,15,67"/><U9/><E87/><V94/><F123/><W96/><G71/><T85/><D68/><U48/><E48/><V120/><F120/><W35/><G35/><T118/><D118/><U80/><E80/><V107/><F38/><W119/><G121/><T116/><D116/><U44/><E44/><V57/><F112/><N who="1" m="43081" /><E129/><V39/><F39/><W36/><G119/><T29/><D54/><U4/><E110/><V14/><F107/><W91/><G36/><T82/><D47/><U108/><E108/><V43/><F43/><W42/><G96/><T124/><D111/><U122/><E122/><V17/><F57/><W69/><G69/><T32/><D45/><U106/><E106/><V126/><F66/><W77/><G77/><T10/><D85/><U12/><E132/><V49/><F49/><N who="3" m="26839" /><G58/><T52/><D76/><U95/><E95/><V41/><F94/><N who="3" m="54631" /><G23/><T64/><D82/><U75/><E75/><V70/><F83/><W33/><G33/><T104/><D64/><U79/><E79/><V34/><F34/><W24/><G24/><T72/><D72/><U114/><N who="1" m="43089" /><U98/><DORA hai="11" /><E98/><V62/><F86/><W61/><G61/><T103/><D40/><U90/><E90/><V63/><F41/><W130/><G130/><T101/><D104/><U19/><E27/><V50/><F63/><W81/><G81/><T125/><D101/><U97/><E97/><V128/><F62/><W56/><G56/><T93/><D103/><U26/><E26/><V105/><F70/><W59/><G59/><T117/><D117/><U127/><E127/><V78/><F126/><RYUUKYOKU ba="0,0" sc="247,-15,211,15,292,-15,250,15" hai1="3,4,9,12,16,18,19,20,25,31" hai3="7,15,65,67,92,99,102" /><INIT seed="1,1,0,5,3,97" ten="232,226,277,265" oya="1" hai0="53,101,24,134,95,5,63,76,21,118,36,102,22" hai1="31,23,99,92,74,73,131,14,112,15,111,72,109" hai2="64,85,79,82,94,52,1,104,12,69,113,50,86" hai3="44,106,93,41,8,83,129,66,68,107,120,38,78"/><U20/><E112/><V0/><F104/><W59/><G120/><T10/><D36/><U122/><E122/><V19/><F113/><W77/><G129/><T40/><D118/><U105/><E105/><V75/><F69/><W89/><G59/><N who="0" m="35311" /><D134/><U135/><E131/><V80/><F64/><W42/><G42/><T70/><D70/><U33/><E33/><V32/><F32/><W116/><G116/><T18/><D40/><U67/><E67/><V71/><F71/><W7/><G78/><T84/><D10/><U100/><E135/><V17/><F75/><W90/><G90/><N who="0" m="53703" /><D5/><U88/><E88/><V46/><F94/><W130/><G130/><T49/><D76/><U65/><E65/><V30/><F30/><W6/><G6/><T58/><D22/><N who="1" m="8235" /><E31/><V117/><F117/><W43/><G43/><T98/><D98/><U25/><E25/><V27/><F27/><W35/><G35/><T34/><D34/><U45/><E45/><V91/><F17/><W96/><G66/><T51/><D58/><U55/><E55/><V119/><F119/><W126/><G68/><T81/><D81/><U110/><AGARI ba="1,0" hai="14,15,72,73,74,92,99,100,109,110,111" m="8235" machi="110" ten="40,7800,0" yaku="14,1,10,1,52,1" doraHai="97" who="1" fromWho="1" sc="232,-27,226,81,277,-27,265,-27" /><INIT seed="1,2,0,3,4,53" ten="205,307,250,238" oya="1" hai0="39,35,51,129,69,17,91,113,54,62,46,59,97" hai1="65,67,85,61,29,41,16,117,112,127,24,64,43" hai2="36,21,63,6,2,79,105,5,9,52,22,68,101" hai3="102,108,75,31,88,110,77,92,66,124,14,45,86"/><U49/><E112/><V23/><F36/><W111/><G124/><T57/><D35/><U128/><E117/><V70/><F79/><W73/><G102/><T118/><D113/><U47/><E128/><V134/><F134/><W109/><N who="3" m="27648" /><DORA hai="72" /><W98/><G66/><T0/><D0/><U126/><E41/><V100/><F6/><W96/><G31/><T132/><D118/><U87/><E61/><V99/><REACH who="2" step="1"/><F100/><REACH who="2" ten="205,307,240,238" step="2"/><W56/><G77/><T135/><D39/><U89/><E127/><V13/><F13/><W27/><G27/><T33/><D129/><U28/><E126/><V71/><F71/><W106/><G14/><T38/><D38/><U37/><E37/><V104/><F104/><W103/><G45/><T55/><D69/><U119/><E119/><V95/><F95/><W7/><G7/><T11/><D46/><U32/><E89/><V58/><AGARI ba="2,1" hai="2,5,9,21,22,23,52,58,63,68,70,99,101,105" machi="58" ten="30,8000,1" yaku="1,1,0,1,52,1,54,1,53,1" doraHai="53,72" doraHaiUra="115,34" who="2" fromWho="2" sc="205,-22,307,-42,240,96,238,-22" /><INIT seed="2,0,0,1,5,67" ten="183,265,336,216" oya="2" hai0="126,2,69,5,97,12,121,91,34,98,55,40,66" hai1="92,23,106,127,88,134,99,101,51,46,96,4,84" hai2="13,22,21,108,128,0,103,119,19,89,30,71,82" hai3="70,53,124,56,105,117,17,115,123,131,86,133,43"/><V59/><F71/><W78/><G105/><T107/><D40/><U39/><E134/><V1/><F119/><W80/><G117/><T122/><D2/><U65/><E127/><V42/><F128/><W83/><G123/><T104/><D126/><U36/><E4/><V57/><F108/><W120/><G120/><T85/><D34/><U28/><E65/><V3/><F103/><W48/><G124/><T26/><D26/><U113/><E113/><V6/><F42/><W47/><G131/><T77/><D77/><U118/><E118/><V90/><F6/><W62/><G133/><T11/><D121/><U27/><REACH who="1" step="1"/><E99/><REACH who="1" ten="183,255,336,216" step="2"/><V58/><F82/><W114/><G83/><T73/><D98/><U102/><E102/><V44/><F0/><W110/><G110/><T45/><D97/><U9/><E9/><V75/><F1/><W37/><G17/><T38/><D11/><U16/><E16/><V52/><F3/><W79/><G79/><T54/><D5/><U63/><E63/><V8/><F8/><W20/><G115/><T7/><D66/><U29/><E29/><V14/><F30/><W109/><G114/><T64/><D64/><U100/><E100/><V32/><F19/><W74/><G109/><T10/><D10/><U112/><E112/><V135/><F135/><W24/><G62/><T93/><D7/><U68/><E68/><V25/><F25/><W94/><G70/><T132/><D132/><U18/><E18/><V15/><F14/><W116/><G116/><T76/><D122/><U129/><E129/><V87/><F15/><W72/><G94/><RYUUKYOKU ba="0,1" sc="183,-15,255,15,336,-15,216,15" hai1="23,27,28,36,39,46,51,84,88,92,96,101,106" hai3="20,24,37,43,47,48,53,56,72,74,78,80,86" /><INIT seed="3,1,1,1,2,60" ten="168,270,321,231" oya="3" hai0="84,66,130,15,29,45,76,2,106,121,46,37,108" hai1="78,77,40,105,126,135,62,4,72,67,104,73,33" hai2="85,107,52,131,48,119,9,128,81,88,54,28,125" hai3="71,22,111,32,99,44,95,82,11,21,51,13,17"/><W12/><G32/><T86/><D2/><U133/><E40/><V102/><F119/><W35/><G35/><T23/><D121/><U122/><E4/><V93/><F125/><W70/><G111/><T34/><D34/><U42/><E42/><V115/><F115/><W25/><G82/><T68/><D106/><N who="1" m="41067" /><E33/><V134/><F107/><W39/><G39/><T75/><D29/><U36/><E36/><V50/><F28/><W38/><G38/><T132/><D23/><U5/><E5/><V74/><F134/><N who="1" m="51209" /><E126/><V96/><F9/><W31/><G95/><T24/><D108/><U55/><E55/><N who="2" m="21035" /><F74/><N who="1" m="28777" /><E122/><V63/><F63/><W100/><G71/><AGARI ba="1,1" hai="62,67,71,77,78" m="28777,51209,41067" machi="71" ten="40,2600,0" yaku="20,1,52,1" doraHai="60" who="1" fromWho="3" sc="168,0,270,39,321,0,231,-29" /><INIT seed="4,0,0,4,1,103" ten="168,309,321,202" oya="0" hai0="0,18,110,36,47,132,40,135,52,19,106,61,76" hai1="54,107,126,62,49,125,81,28,15,31,41,55,130" hai2="108,3,113,93,133,114,72,12,91,53,95,102,111" hai3="80,104,74,7,38,26,1,66,89,69,134,6,83"/><T105/><D0/><U79/><E41/><V87/><F3/><W60/><G134/><N who="0" m="51243" /><D76/><U99/><E62/><V22/><F133/><W4/><G38/><T44/><D110/><N who="2" m="42026" /><F53/><W101/><G89/><T34/><D34/><U43/><E43/><V57/><F57/><W115/><G115/><N who="2" m="44041" /><F22/><W9/><G74/><T13/><D18/><U39/><E39/><V51/><F51/><W10/><G26/><T17/><D19/><U37/><E37/><V84/><F12/><W46/><G46/><T77/><D77/><U90/><E15/><V96/><F72/><W50/><G50/><N who="0" m="28743" /><D61/><U33/><E49/><V75/><F75/><W116/><G116/><T117/><D117/><U14/><E14/><V67/><F67/><W128/><G6/><T29/><D29/><U119/><E28/><V85/><AGARI ba="0,0" hai="84,85,87,91,93,95,96,102" m="44041,42026" machi="85" ten="40,5200,0" yaku="15,1,34,2" doraHai="103" who="2" fromWho="2" sc="168,-26,309,-13,321,52,202,-13" /><INIT seed="5,0,0,0,1,98" ten="142,296,373,189" oya="1" hai0="115,80,106,99,69,133,102,13,93,54,96,77,101" hai1="71,41,108,128,30,64,82,103,75,6,29,33,100" hai2="94,111,117,43,125,49,48,5,47,19,92,76,42" hai3="74,31,126,55,79,67,86,7,25,134,107,70,11"/><U109/><E41/><V34/><F117/><W4/><G126/><T17/><D69/><U1/><E128/><V22/><F34/><W90/><G134/><T2/><D2/><U44/><E44/><V65/><F111/><N who="1" m="42569" /><E6/><V45/><F5/><W119/><G119/><T50/><D115/><U40/><E40/><V28/><F125/><W132/><G132/><T129/><D129/><U83/><E1/><V85/><F65/><W56/><G107/><T53/><D133/><U81/><E75/><V122/><F28/><N who="1" m="10857" /><E33/><V120/><F76/><W20/><G7/><T26/><D26/><U52/><E52/><V59/><F59/><W58/><G55/><T62/><D62/><AGARI ba="0,0" hai="62,64,71,81,82,83,100,103" m="10857,42569" machi="62" ten="40,7700,0" yaku="10,1,52,2" doraHai="98" who="1" fromWho="0" sc="142,-77,296,77,373,0,189,0" /><INIT seed="5,1,0,2,3,28" ten="65,373,373,189" oya="1" hai0="121,118,73,11,64,65,15,106,116,67,3,55,72" hai1="50,13,96,82,80,89,41,81,62,32,123,91,53" hai2="61,49,39,6,98,124,19,75,57,23,90,135,68" hai3="59,44,107,46,117,26,86,109,22,120,114,8,122"/><U21/><E123/><V79/><F39/><W35/><G109/><T95/><D106/><U119/><E119/><V40/><F124/><W10/><G107/><T110/><D110/><U7/><E32/><V9/><F135/><W93/><G114/><T134/><D3/><U101/><E41/><V85/><F68/><W97/><G117/><T105/><D105/><U31/><E62/><V18/><F75/><W47/><G86/><T4/><D134/><U113/><E113/><V69/><F69/><W131/><G131/><T16/><D121/><U94/><E7/><V58/><F79/><W43/><G43/><T5/><D116/><U128/><E128/><V48/><F98/><W100/><G35/><T2/><D118/><U84/><E101/><V38/><F38/><W83/><G83/><T25/><D5/><U0/><E0/><V129/><F58/><W60/><G120/><T126/><D126/><U71/><E71/><V87/><F87/><W12/><G12/><T51/><D95/><U37/><E37/><V36/><F36/><W77/><G77/><T115/><D25/><N who="1" m="16815" /><E13/><N who="2" m="5303" /><F129/><W45/><N who="3" m="11264" /><DORA hai="108" /><W63/><G122/><T133/><D133/><U112/><E112/><V20/><F19/><N who="3" m="12639" /><G63/><T104/><D104/><U130/><E130/><V125/><F40/><W74/><G74/><T111/><D111/><U27/><E27/><N who="2" m="14743" /><F23/><W34/><G34/><T33/><D115/><U14/><E14/><V70/><F70/><W30/><G30/><T42/><D42/><U1/><E1/><V54/><F125/><W78/><BYE who="2" /><G78/><UN n2="%E4%B8%9E%E9%A3%9B" /><T103/><D73/><U17/><E17/><RYUUKYOKU ba="1,0" sc="65,-30,373,10,373,10,189,10" hai1="50,53,80,81,82,84,89,91,94,96" hai2="48,49,54,57,61,85,90" hai3="8,10,59,60,93,97,100" /><INIT seed="5,2,0,2,3,27" ten="35,383,383,199" oya="1" hai0="35,46,55,78,52,80,107,95,4,39,130,76,104" hai1="59,102,45,86,6,111,106,64,81,30,119,41,99" hai2="105,19,94,23,49,50,16,9,53,10,56,47,1" hai3="135,54,57,127,28,60,128,73,91,131,112,83,43"/><U115/><E119/><V67/><F105/><W7/><G112/><T85/><D104/><U79/><E115/><V77/><F1/><W24/><G7/><T118/><D118/><U103/><E111/><V51/><F77/><W12/><G12/><T90/><D130/><N who="3" m="49705" /><G43/><T110/><D110/><U21/><E103/><V29/><F67/><W134/><G91/><T25/><D107/><U14/><E59/><V2/><F2/><W89/><G89/><T120/><D120/><U121/><E64/><V13/><F94/><W97/><G97/><T100/><D100/><U98/><E121/><V0/><F0/><W8/><G8/><N who="2" m="3177" /><F19/><W69/><G69/><T40/><D4/><U96/><E6/><V18/><F18/><W68/><G68/><T125/><D125/><U37/><REACH who="1" step="1"/><E14/><REACH who="1" ten="35,373,383,199" step="2"/><V15/><F15/><W31/><G127/><T75/><REACH who="0" step="1"/><D78/><REACH who="0" ten="25,373,383,199" step="2"/><U93/><E93/><V92/><F92/><W5/><G5/><T34/><D34/><U66/><E66/><V65/><F65/><W33/><G135/><T123/><D123/><U116/><E116/><V36/><F47/><W44/><G44/><T133/><D133/><U26/><AGARI ba="2,2" hai="21,26,30,37,41,45,79,81,86,96,98,99,102,106" machi="26" ten="30,6000,0" yaku="1,1,0,1,52,1,53,0" doraHai="27" doraHaiUra="129" who="1" fromWho="1" sc="25,-22,373,86,383,-22,199,-22" /><INIT seed="5,3,0,1,4,40" ten="3,459,361,177" oya="1" hai0="74,108,17,111,115,53,83,127,114,20,82,61,123" hai1="102,67,1,10,43,31,73,12,80,2,29,49,131" hai2="130,70,25,59,120,28,52,72,94,3,9,99,64" hai3="0,6,41,124,14,129,55,105,69,128,47,110,46"/><U45/><E131/><N who="3" m="50250" /><G105/><T21/><D61/><U30/><E67/><V36/><F72/><W77/><G0/><T96/><D53/><U125/><E125/><V27/><F36/><W98/><G69/><T50/><D50/><U79/><REACH who="1" step="1"/><E102/><REACH who="1" ten="3,449,361,177" step="2"/><V57/><F130/><W15/><G124/><T62/><D127/><U84/><E84/><V18/><F64/><W66/><G66/><T116/><D74/><U86/><E86/><V58/><F120/><W76/><G110/><N who="0" m="42027" /><D96/><U38/><E38/><V87/><F99/><W112/><G98/><T97/><D97/><U11/><E11/><V71/><F9/><W34/><G112/><N who="0" m="43051" /><D62/><U93/><E93/><V32/><F94/><W39/><G39/><T16/><D123/><U26/><E26/><V89/><F27/><W4/><G15/><N who="0" m="9247" /><D116/><U134/><E134/><V133/><F133/><W63/><G63/><T100/><D100/><U101/><E101/><V135/><F135/><W75/><G75/><T65/><D65/><U121/><E121/><V118/><F118/><W103/><G103/><T122/><D122/><U60/><E60/><V37/><F71/><W78/><G14/><AGARI ba="3,1" hai="14,17,21,82,83" m="9247,43051,42027" machi="14" ten="30,2000,0" yaku="15,1,54,1" doraHai="40" who="0" fromWho="3" sc="3,39,449,0,361,0,177,-29" /><INIT seed="6,0,0,0,3,46" ten="42,449,361,148" oya="2" hai0="43,76,25,112,38,56,65,0,124,22,82,118,81" hai1="19,90,10,115,13,114,28,1,121,50,40,87,64" hai2="7,48,120,130,99,89,17,126,54,106,110,34,97" hai3="98,74,9,26,39,27,91,63,37,2,96,66,30"/><V49/><F34/><W52/><G74/><T59/><D0/><U53/><E40/><V116/><F7/><W18/><G27/><T122/><D122/><U111/><E111/><V8/><F8/><W134/><G134/><T32/><D32/><U102/><E64/><V44/><F44/><W135/><BYE who="2" /><G135/><T80/><D124/><U71/><E71/><V95/><F95/><W5/><G18/><T58/><D112/><N who="1" m="43051" /><E102/><V85/><F85/><W24/><G24/><T125/><D125/><U41/><E41/><V86/><F86/><W11/><G11/><T133/><D133/><U42/><E42/><V57/><F57/><W119/><G119/><T20/><D118/><U77/><E28/><V60/><F60/><W70/><G96/><T69/><D43/><U67/><E67/><V129/><F129/><W123/><G123/><T88/><D38/><U131/><E131/><V104/><F104/><W16/><G91/><T79/><D69/><UN n2="%E4%B8%9E%E9%A3%9B" /><U94/><E77/><N who="0" m="29769" /><D65/><U132/><E121/><V62/><F116/><W92/><G39/><T35/><D35/><U33/><E33/><V14/><F89/><W73/><G37/><T117/><D117/><U45/><E132/><V84/><F130/><W101/><G73/><T55/><D88/><U83/><E1/><V127/><F110/><W31/><REACH who="3" step="1"/><G52/><REACH who="3" ten="42,449,361,138" step="2"/><T12/><D55/><U108/><E108/><V23/><F54/><W75/><G75/><T6/><D25/><U68/><E68/><V21/><F120/><W113/><G113/><T93/><D93/><AGARI ba="0,1" hai="10,13,19,45,50,53,83,87,90,93,94" m="43051" machi="93" ten="30,3900,0" yaku="25,1,15,1,52,1" doraHai="46" who="1" fromWho="0" sc="42,-39,449,49,361,0,138,0" /><INIT seed="7,0,0,0,5,53" ten="3,498,361,138" oya="3" hai0="100,51,34,40,14,65,19,93,82,134,0,10,74" hai1="119,50,87,120,115,83,95,5,92,56,17,77,42" hai2="54,20,108,121,76,72,28,98,18,60,59,88,29" hai3="52,11,104,70,94,43,110,16,1,62,103,111,4"/><W118/><G118/><T27/><D74/><U26/><E115/><V8/><F121/><W12/><G104/><T67/><D134/><U132/><E5/><V68/><F68/><W46/><G103/><T36/><D36/><U133/><E120/><V135/><F8/><W85/><G94/><T64/><D0/><U86/><E119/><V107/><F107/><W125/><G85/><T63/><D34/><U6/><E6/><V84/><F72/><W30/><G30/><T102/><D82/><U130/><E130/><V81/><F108/><N who="3" m="41515" /><G125/><T122/><D122/><U128/><E128/><V99/><F135/><N who="1" m="51785" /><E86/><V44/><F44/><W91/><G91/><T35/><D35/><U112/><E112/><V32/><F32/><W3/><G4/><T90/><D27/><U69/><E95/><N who="2" m="56679" /><F99/><W38/><G70/><T126/><D126/><U66/><E92/><V131/><F131/><W127/><G127/><T7/><D7/><U23/><E69/><V124/><F124/><W57/><AGARI ba="0,0" hai="1,3,11,12,16,38,43,46,52,57,62" m="41515" machi="57" ten="30,11700,0" yaku="10,1,52,1,54,2" doraHai="53" who="3" fromWho="3" sc="3,-39,498,-39,361,-39,138,117" owari="-36,-53.6,459,55.9,322,12.2,255,-14.5" /></mjloggm>