<mjloggm ver="2.3"><GO type="169" lobby="0"/><UN n0="%E3%83%87%E3%83%A9%E3%82%B3%E3%83%83%E3%82%B3" n1="%E6%B3%A2%E4%B9%83%E7%90%86" n2="%E3%82%82%E3%81%BF%E3%81%95%E3%81%92" n3="%E3%81%9B%E3%81%A9%E3%81%AA%E3%82%8A%E3%81%82%E3%82%93" dan="16,16,16,17" rate="2137.37,2123.55,2152.31,2200.61" sx="M,M,M,F"/><TAIKYOKU oya="0"/><INIT seed="0,0,0,5,0,37" ten="250,250,250,250" oya="0" hai0="103,86,16,125,8,71,119,4,87,17,40,76,95" hai1="44,59,96,13,33,81,102,18,116,9,83,115,36" hai2="49,55,26,122,66,112,80,31,42,113,0,135,20" hai3="11,85,2,24,10,63,134,53,78,25,106,30,104"/><T69/><D119/><U5/><E116/><V3/><F122/><W110/><G110/><T43/><D125/><U107/><E115/><V70/><F135/><W27/><G134/><T98/><D71/><U129/><E129/><V130/><F130/><W126/><G126/><T109/><D69/><U84/><E33/><V120/><F120/><W58/><G30/><T65/><D65/><U75/><E75/><V50/><F66/><W39/><G39/><T62/><D62/><U15/><E59/><V12/><F12/><W88/><G78/><T91/><D76/><U127/><E127/><V118/><F70/><W117/><G117/><T45/><D109/><U21/><REACH who="1" step="1"/><E84/><REACH who="1" ten="250,240,250,250" step="2"/><V123/><F118/><W60/><G60/><T97/><D86/><U133/><E133/><V99/><F123/><W57/><G57/><T64/><D64/><U47/><E47/><V128/><F128/><W124/><G124/><T1/><D45/><U56/><E56/><V52/><F113/><W94/><REACH who="3" step="1"/><G2/><REACH who="3" ten="250,240,250,240" step="2"/><T93/><REACH who="0" step="1"/><D98/><REACH who="0" ten="240,240,250,240" step="2"/><U51/><E51/><V14/><F49/><W68/><G68/><T90/><D90/><U92/><E92/><V23/><F50/><W100/><G100/><T22/><D22/><U48/><E48/><V114/><F99/><W32/><G32/><T77/><D77/><U28/><E28/><V6/><F31/><W79/><G79/><T34/><D34/><U54/><E54/><V72/><F52/><W29/><G29/><T73/><D73/><U89/><E89/><V41/><F55/><W67/><G67/><T105/><D105/><AGARI ba="0,3" hai="10,11,24,25,27,53,58,63,85,88,94,104,105,106" machi="105" ten="40,2600,0" yaku="1,1,54,1,53,0" doraHai="37" doraHaiUra="121" who="3" fromWho="0" sc="240,-26,240,0,250,0,240,56" /><INIT seed="1,0,0,1,0,135" ten="214,240,250,296" oya="1" hai0="133,55,93,5,107,130,43,83,41,76,134,17,68" hai1="28,117,70,57,30,10,72,12,67,78,88,49,15" hai2="58,129,63,104,123,100,39,44,119,59,112,35,74" hai3="62,13,126,81,116,61,50,65,132,80,113,79,31"/><U98/><E117/><V8/><F123/><W106/><G113/><T75/><D107/><U66/><E70/><V48/><F112/><W20/><G106/><T71/><D5/><U114/><E114/><V32/><F74/><W110/><G132/><N who="0" m="50795" /><D130/><U111/><E78/><V94/><F104/><W7/><G110/><T90/><D55/><N who="1" m="31983" /><E72/><V47/><F129/><W18/><G31/><N who="1" m="11818" /><E111/><V26/><F39/><W103/><G103/><T108/><D108/><U36/><E36/><V3/><F3/><W95/><G95/><T0/><D0/><U91/><E15/><V56/><F32/><W42/><G13/><T64/><D17/><N who="1" m="8343" /><E98/><V87/><F35/><W22/><G79/><T115/><D115/><U34/><E34/><V40/><F119/><W77/><G77/><T120/><D120/><U4/><E4/><V9/><F87/><W125/><G7/><T53/><D53/><U97/><E97/><V37/><F37/><W89/><G116/><T54/><D54/><U46/><E46/><V29/><F44/><W11/><G11/><T6/><D6/><U14/><E14/><V122/><F122/><W23/><G18/><T131/><D131/><U27/><E27/><V109/><F109/><W92/><G20/><T45/><D45/><U127/><E127/><N who="3" m="48650" /><G22/><T33/><D33/><U118/><E118/><V121/><F121/><W73/><G73/><T86/><D71/><U99/><E99/><N who="2" m="59511" /><F63/><AGARI ba="0,0" hai="41,43,63,64,68,75,76,83,86,90,93" m="50795" machi="63" ten="30,1000,0" yaku="20,1" doraHai="135" who="0" fromWho="2" sc="214,10,240,0,250,-10,296,0" /><INIT seed="2,0,0,3,0,10" ten="224,240,240,296" oya="2" hai0="1,131,135,39,102,73,32,84,103,55,51,38,122" hai1="52,69,27,75,123,72,76,87,22,94,33,12,35" hai2="83,43,112,62,30,17,67,111,9,126,120,24,116" hai3="118,13,86,49,132,99,100,79,28,93,133,31,50"/><V34/><F120/><W98/><G118/><T16/><D122/><U63/><E69/><V117/><F112/><W11/><G99/><T37/><D73/><U41/><E41/><V3/><F126/><W29/><G79/><T110/><D1/><U2/><E2/><V36/><F111/><W65/><G65/><T104/><D110/><U45/><E123/><V23/><F83/><W105/><G105/><T54/><D32/><U101/><E35/><V19/><F43/><W5/><REACH who="3" step="1"/><G86/><REACH who="3" ten="224,240,240,286" step="2"/><T4/><D84/><U47/><E75/><V0/><F36/><W18/><G18/><T77/><D77/><U42/><E72/><V97/><F97/><W90/><G90/><T20/><D104/><U25/><E76/><V119/><F67/><W6/><G6/><T71/><D4/><U115/><E87/><V81/><F81/><W91/><G91/><T56/><D71/><U109/><E109/><V57/><F62/><W88/><G88/><T53/><D103/><U64/><E101/><V124/><F124/><W74/><G74/><T48/><D102/><U82/><E63/><V95/><F95/><W130/><G130/><T78/><D131/><U58/><E64/><V114/><F114/><W59/><G59/><N who="0" m="33191" /><D78/><U7/><E58/><V66/><F57/><W107/><G107/><T14/><D135/><AGARI ba="0,1" hai="5,11,13,28,29,31,49,50,93,98,100,132,133,135" machi="135" ten="40,5200,0" yaku="1,1,20,1,52,1,53,0" doraHai="10" doraHaiUra="21" who="3" fromWho="0" sc="224,-52,240,0,240,0,286,62" /><INIT seed="3,0,0,3,1,70" ten="172,240,240,348" oya="3" hai0="90,1,105,94,74,109,73,71,35,132,93,41,26" hai1="49,129,29,30,60,32,15,14,135,4,131,120,37" hai2="18,110,55,57,64,43,91,86,39,103,84,78,114" hai3="117,2,81,119,22,61,20,12,63,56,8,59,77"/><W3/><G12/><T104/><D109/><U17/><E60/><V130/><F114/><W54/><G8/><T134/><D1/><U127/><E49/><V67/><F103/><W102/><G102/><T68/><D41/><U108/><E37/><V34/><F34/><W16/><G81/><T115/><D35/><U50/><E50/><V82/><F130/><N who="1" m="49673" /><E108/><V25/><F110/><W80/><G80/><T7/><D7/><U27/><E120/><V111/><F111/><W95/><G95/><T45/><D45/><U125/><E30/><V113/><F113/><W116/><G77/><T98/><D115/><U62/><E62/><V40/><F25/><W24/><REACH who="3" step="1"/><G20/><REACH who="3" ten="172,240,240,338" step="2"/><T123/><D26/><N who="1" m="18487" /><E4/><V42/><F78/><W11/><G11/><T97/><REACH who="0" step="1"/><D90/><REACH who="0" ten="162,240,240,338" step="2"/><U46/><E46/><V122/><F91/><W118/><G118/><T47/><D47/><U65/><E65/><AGARI ba="0,2" hai="2,3,16,22,24,54,56,59,61,63,65,116,117,119" machi="65" ten="40,12000,1" yaku="1,1,54,1,53,3" doraHai="70" doraHaiUra="112" who="3" fromWho="1" sc="162,0,240,-120,240,0,338,140" /><INIT seed="3,1,0,5,1,44" ten="162,120,240,478" oya="3" hai0="14,86,23,35,40,15,52,65,34,48,133,0,36" hai1="95,81,37,58,74,51,98,38,22,67,130,80,16" hai2="128,119,88,112,12,122,7,101,30,62,47,50,42" hai3="26,120,4,11,28,56,90,106,21,113,9,115,104"/><W63/><G120/><T102/><D0/><U69/><E130/><V84/><F119/><W134/><G134/><T79/><D133/><U70/><E74/><V117/><F117/><W27/><G90/><T82/><D65/><U53/><E38/><V60/><F112/><W96/><G96/><T10/><D102/><U110/><E110/><V126/><F126/><W1/><G9/><T18/><D36/><U24/><E37/><V64/><F101/><W123/><G123/><T25/><D40/><U92/><E92/><V108/><F122/><W72/><G72/><T71/><D71/><U13/><E70/><V77/><F77/><W100/><G100/><T89/><D79/><U103/><E69/><V135/><F135/><W85/><G85/><T97/><D97/><U31/><REACH who="1" step="1"/><E67/><REACH who="1" ten="162,110,240,478" step="2"/><V32/><F64/><W132/><G132/><T93/><D93/><U43/><E43/><V19/><F108/><W68/><G68/><T6/><REACH who="0" step="1"/><D25/><REACH who="0" ten="152,110,240,478" step="2"/><U45/><E45/><AGARI ba="1,2" hai="6,10,14,15,18,23,34,35,45,48,52,82,86,89" machi="45" ten="30,8000,1" yaku="1,1,2,1,7,1,52,1,54,1,53,0" doraHai="44" doraHaiUra="59" who="0" fromWho="1" sc="152,103,110,-83,240,0,478,0" /><INIT seed="4,0,0,3,4,38" ten="255,27,240,478" oya="0" hai0="135,111,101,67,127,107,11,17,79,88,77,129,128" hai1="103,27,114,66,102,132,81,35,108,125,123,12,109" hai2="115,62,24,117,63,73,31,57,56,45,40,65,3" hai3="61,121,32,80,2,59,94,130,122,55,42,9,16"/><T28/><D28/><U87/><E66/><V29/><F3/><W10/><G32/><T4/><D67/><U68/><E68/><V72/><F115/><W52/><G130/><N who="0" m="50283" /><D127/><U78/><E35/><V23/><F117/><W71/><G71/><T49/><D135/><U75/><E12/><V18/><F72/><W26/><G94/><T131/><D111/><U85/><E27/><V0/><F0/><W93/><G93/><T64/><D64/><U6/><E6/><V116/><F73/><W89/><G42/><T126/><D126/><U8/><E8/><V119/><F119/><W37/><G37/><T74/><D74/><U84/><E125/><V113/><F113/><W100/><G100/><T120/><D120/><N who="3" m="46185" /><G55/><T46/><D17/><U86/><E123/><V91/><F116/><W98/><G2/><N who="0" m="407" /><D131/><U41/><E41/><V83/><F62/><W13/><G26/><T104/><D101/><N who="1" m="38411" /><E114/><V33/><F33/><W112/><G112/><T82/><D107/><U92/><E132/><V70/><F70/><W124/><G124/><T106/><D106/><U22/><E22/><V15/><F24/><W34/><G34/><T133/><D133/><U5/><E5/><V97/><F56/><W43/><G9/><T118/><D104/><U25/><E25/><V47/><F29/><W51/><G10/><T1/><D1/><U30/><E30/><V69/><F31/><W14/><G14/><T44/><D118/><U20/><E20/><V90/><F23/><W39/><G13/><T54/><D44/><U48/><E48/><V7/><F45/><W50/><G50/><RYUUKYOKU ba="0,0" sc="255,15,27,15,240,-15,478,-15" hai0="46,49,54,77,79,82,88" hai1="75,78,81,84,85,86,87,92,108,109" /><INIT seed="4,1,0,2,4,1" ten="270,42,225,463" oya="0" hai0="40,117,59,49,133,79,90,96,27,61,52,83,71" hai1="4,21,46,0,14,99,98,111,48,86,30,81,102" hai2="17,53,10,107,57,63,56,125,103,106,8,105,7" hai3="32,134,93,9,124,75,126,129,37,128,95,42,6"/><T116/><D133/><U69/><E69/><V87/><F125/><N who="3" m="48235" /><G75/><T127/><D127/><U72/><E72/><V91/><F103/><W77/><G32/><T16/><D96/><U25/><E111/><V45/><F45/><N who="3" m="23759" /><G77/><T123/><D90/><U39/><E39/><V35/><F35/><W104/><G104/><T74/><D123/><U78/><E0/><V130/><F130/><N who="3" m="50283" /><G134/><T34/><D34/><U110/><E102/><V118/><F118/><W73/><G73/><T119/><D119/><U131/><E110/><V101/><F101/><W76/><G76/><T113/><D117/><U58/><E58/><V120/><F120/><W92/><G92/><T23/><D116/><U135/><E135/><V64/><F17/><W88/><G88/><T54/><D71/><U89/><E89/><V12/><F10/><W11/><G11/><T67/><REACH who="0" step="1"/><D113/><REACH who="0" ten="260,42,225,463" step="2"/><U36/><E131/><V94/><REACH who="2" step="1"/><F107/><REACH who="2" ten="260,42,215,463" step="2"/><W29/><G29/><T62/><D62/><AGARI ba="1,2" hai="7,8,12,53,56,57,62,63,64,87,91,94,105,106" machi="62" ten="30,7700,0" yaku="1,1,2,1,7,1,52,1,53,0" doraHai="1" doraHaiUra="65" who="2" fromWho="0" sc="260,-80,42,0,215,100,463,0" /><INIT seed="5,0,0,4,5,46" ten="180,42,315,463" oya="1" hai0="107,112,85,96,114,105,3,27,89,28,110,63,59" hai1="74,106,65,60,101,45,29,134,20,84,32,52,80" hai2="64,37,61,26,125,56,81,117,25,126,86,44,83" hai3="47,129,54,67,51,104,57,7,38,87,33,111,76"/><U133/><E32/><V6/><F6/><W68/><G111/><T55/><D3/><U9/><E74/><V13/><F13/><W99/><G33/><N who="0" m="20639" /><D96/><U40/><E9/><V53/><F117/><W115/><G115/><N who="0" m="44075" /><D110/><U1/><E1/><V30/><F30/><W71/><G129/><T92/><AGARI ba="0,0" hai="55,59,63,85,89,92,105,107" m="44075,20639" machi="92" ten="30,1100,0" yaku="15,1" doraHai="46" who="0" fromWho="0" sc="180,11,42,-5,315,-3,463,-3" /><INIT seed="6,0,0,4,4,26" ten="191,37,312,460" oya="2" hai0="115,42,121,84,66,15,123,132,116,87,112,131,8" hai1="2,105,29,96,48,86,37,59,11,122,7,76,109" hai2="47,93,118,34,124,60,133,5,120,94,51,71,67" hai3="53,98,68,106,126,57,82,21,12,3,6,95,0"/><V104/><F120/><N who="0" m="46154" /><D66/><U108/><E122/><V35/><F118/><W1/><G126/><T9/><D42/><U70/><E70/><V50/><F104/><W31/><G68/><T62/><D62/><U38/><E109/><V111/><F111/><W101/><G82/><T24/><D116/><U79/><E108/><V33/><F124/><W128/><G128/><T25/><D131/><U90/><E38/><V83/><F133/><W99/><G31/><T46/><D46/><U40/><E37/><V135/><F135/><W85/><G85/><N who="0" m="32843" /><D15/><U110/><E110/><V107/><F107/><W103/><G21/><T4/><D4/><U61/><E48/><V97/><F5/><W89/><G89/><T56/><D56/><U41/><E79/><V114/><F83/><W75/><G75/><T65/><D65/><U10/><E76/><V119/><F119/><W27/><G27/><N who="0" m="10315" /><D132/><U72/><E72/><V69/><F69/><W58/><G53/><T129/><D129/><U23/><E11/><AGARI ba="0,0" hai="8,9,11,112,115" m="10315,32843,46154" machi="11" ten="40,2600,0" yaku="28,2" doraHai="26" who="0" fromWho="1" sc="191,26,37,-26,312,0,460,0" /><INIT seed="7,0,0,5,2,92" ten="217,11,312,460" oya="3" hai0="90,110,6,100,63,35,107,72,74,38,76,129,2" hai1="42,31,91,54,15,30,67,125,88,106,68,32,56" hai2="21,65,103,12,16,64,97,51,93,7,108,48,49" hai3="60,127,112,22,133,9,80,66,70,83,135,10,124"/><W1/><G112/><T119/><D110/><U69/><E56/><V78/><F108/><W28/><G28/><T14/><D119/><U0/><E15/><V81/><REACH who="2" step="1"/><F7/><REACH who="2" ten="217,11,302,460" step="2"/><N who="3" m="1263" /><G124/><T24/><D129/><U114/><E125/><V102/><F102/><W82/><G127/><T8/><D14/><U116/><E114/><V36/><F36/><W25/><G133/><T126/><D126/><U77/><E116/><V53/><F53/><W94/><G135/><T71/><D38/><U105/><E54/><V55/><F55/><W123/><G123/><T41/><D41/><U113/><E113/><V26/><F26/><W44/><G25/><T73/><D90/><U85/><E42/><V3/><F3/><W62/><G66/><N who="0" m="41439" /><D76/><U122/><E0/><V5/><F5/><W50/><G60/><T34/><D34/><U86/><E77/><V75/><AGARI ba="0,1" hai="12,16,21,48,49,51,64,65,75,78,81,93,97,103" machi="75" ten="30,12000,2" yaku="1,1,0,1,52,1,54,1,53,3" doraHai="92" doraHaiUra="46" who="2" fromWho="2" sc="217,-30,11,-30,302,130,460,-60" owari="187,-21.3,-19,-51.9,432,53.2,400,20.0" /></mjloggm>