<mjloggm ver="2.3"><GO type="169" lobby="0"/><UN n0="%72%65%62%65%65%72" n1="%E3%81%BB%E3%83%BC%E3%82%8A%E3%83%BC" n2="%E6%B2%96%E3%83%92%E3%82%AB%E3%83%AB%EF%BC%88%E6%9C%AC%E7%89%A9%EF%BC%89" n3="%E5%A4%9A%E6%91%A9%E3%82%BD%E3%83%BC%E3%82%B8" dan="16,17,17,17" rate="2166.50,2223.76,2137.94,2213.54" sx="M,M,F,M"/><TAIKYOKU oya="0"/><INIT seed="0,0,0,2,3,37" ten="250,250,250,250" oya="0" hai0="21,6,50,58,101,81,77,132,79,66,67,60,133" hai1="45,40,46,7,47,73,116,92,84,126,118,123,12" hai2="96,2,56,9,25,35,64,97,80,119,55,8,39" hai3="70,57,15,108,10,117,33,85,111,27,43,129,69"/><T98/><D6/><U61/><E73/><V18/><F119/><W83/><G117/><T31/><D66/><U20/><E123/><V24/><F64/><W100/><G129/><T102/><D102/><U120/><E120/><V11/><F39/><W89/><G100/><T53/><D31/><U36/><E126/><V76/><F2/><W5/><G57/><T90/><D90/><U99/><E116/><V72/><F25/><W14/><G14/><T3/><D3/><U41/><E118/><V49/><REACH who="2" step="1"/><F18/><REACH who="2" ten="250,250,240,250" step="2"/><W109/><REACH who="3" step="1"/><G43/><REACH who="3" ten="250,250,240,240" step="2"/><T17/><D133/><U131/><E40/><V112/><F112/><W130/><G130/><T51/><D132/><U107/><E41/><V63/><F63/><W134/><G134/><T23/><D51/><U42/><E61/><V44/><F44/><W30/><AGARI ba="0,2" hai="5,10,15,27,30,33,69,70,83,85,89,108,109,111" machi="30" ten="40,5200,0" yaku="1,1,0,1,14,1,53,0" doraHai="37" doraHaiUra="19" who="3" fromWho="3" sc="250,-26,250,-13,240,-13,240,72" /><INIT seed="1,0,0,5,1,130" ten="224,237,227,312" oya="1" hai0="0,101,38,65,134,33,73,86,83,108,6,62,51" hai1="31,88,28,96,119,47,25,109,21,133,59,80,123" hai2="30,5,102,85,27,84,124,45,89,116,24,15,22" hai3="126,48,12,98,72,127,79,44,23,54,92,87,7"/><U99/><E119/><V11/><F124/><N who="3" m="47659" /><G72/><T128/><D128/><U91/><E123/><V1/><F116/><W13/><G7/><T37/><D33/><U120/><E120/><V81/><F102/><N who="3" m="60743" /><G23/><T14/><D0/><U34/><E34/><V60/><F1/><W58/><G44/><T103/><D73/><U77/><E109/><V114/><F114/><W8/><G8/><T36/><D51/><U132/><E47/><V46/><F27/><W70/><G70/><T56/><D108/><U10/><E10/><V53/><F85/><W71/><G71/><T26/><D26/><U95/><E28/><V69/><F69/><W112/><G112/><T19/><D6/><U67/><E96/><V32/><F32/><W78/><G78/><T122/><D122/><U39/><E39/><V63/><F46/><W90/><G79/><T106/><D106/><U64/><E91/><V9/><F9/><W50/><G50/><AGARI ba="0,0" hai="5,11,15,22,24,30,45,50,53,60,63,81,84,89" machi="50" ten="40,1300,0" yaku="8,1" doraHai="130" who="2" fromWho="3" sc="224,0,237,0,227,13,312,-13" /><INIT seed="2,0,0,5,4,77" ten="224,237,240,299" oya="2" hai0="106,113,101,43,51,115,66,12,63,32,0,18,1" hai1="128,108,34,61,71,124,134,116,126,5,30,35,52" hai2="69,75,60,74,85,135,121,47,129,64,16,120,11" hai3="112,92,42,104,93,88,27,117,122,82,68,57,130"/><V127/><F129/><W46/><G122/><T125/><D32/><U48/><E116/><V39/><F135/><W36/><G117/><T14/><D125/><N who="1" m="48235" /><E128/><V91/><F127/><W86/><G68/><T79/><D0/><U44/><E134/><V114/><F114/><W25/><G104/><T87/><D1/><U94/><E5/><V54/><F75/><W119/><G119/><T24/><D24/><U26/><E108/><V53/><F74/><W13/><G130/><T37/><D37/><U72/><E72/><V111/><F54/><W102/><G112/><T6/><D6/><U15/><E15/><N who="2" m="7295" /><F39/><W78/><G57/><T19/><D101/><U7/><E7/><V81/><F111/><W20/><G102/><T107/><D107/><U70/><E34/><V38/><F38/><W8/><G20/><T28/><D106/><U58/><E94/><V33/><F33/><W31/><G31/><T90/><D28/><U133/><E133/><V23/><F23/><W99/><G93/><T97/><D115/><U41/><AGARI ba="0,0" hai="26,30,35,41,44,48,52,58,61,70,71" m="48235" machi="41" ten="30,2000,0" yaku="18,1,54,1" doraHai="77" who="1" fromWho="1" sc="224,-5,237,20,240,-10,299,-5" /><INIT seed="3,0,0,4,3,31" ten="219,257,230,294" oya="3" hai0="71,115,11,26,2,57,76,46,103,66,119,34,19" hai1="38,117,120,50,95,134,79,83,35,111,113,87,17" hai2="13,10,55,15,56,24,81,108,0,7,89,102,14" hai3="85,47,68,41,77,123,114,60,39,33,22,78,104"/><W43/><G104/><T62/><D119/><U12/><E38/><V94/><F108/><W36/><G114/><T96/><D115/><U93/><E113/><V88/><F24/><W118/><G118/><T127/><D127/><U32/><E117/><V42/><F42/><W99/><G123/><T4/><D76/><U59/><E120/><V131/><F131/><W122/><G122/><T84/><D84/><U20/><E111/><V1/><F1/><W80/><G33/><T121/><D46/><U49/><E134/><V107/><F81/><W133/><G133/><T124/><D124/><U45/><E59/><V52/><F55/><W53/><G22/><T112/><D121/><U105/><E50/><V116/><F107/><W5/><G5/><T23/><D112/><U74/><E105/><V54/><F54/><W110/><G110/><T3/><D3/><U48/><E49/><V63/><REACH who="2" step="1"/><F116/><REACH who="2" ten="219,257,220,294" step="2"/><W51/><G41/><T9/><D2/><U91/><E93/><V82/><F82/><W101/><G78/><T90/><D26/><U67/><E67/><V30/><F30/><W132/><G132/><T37/><D66/><U64/><E64/><V58/><F58/><N who="3" m="34895" /><G68/><T8/><D57/><U75/><E74/><V97/><AGARI ba="0,1" hai="0,7,10,13,14,15,52,56,63,88,89,94,97,102" machi="97" ten="30,7900,0" yaku="1,1,0,1,54,2,53,0" doraHai="31" doraHaiUra="70" who="2" fromWho="2" sc="219,-20,257,-20,220,89,294,-39" /><INIT seed="4,0,0,5,5,131" ten="199,237,309,255" oya="0" hai0="20,17,110,63,104,29,71,61,103,113,83,9,37" hai1="118,38,3,76,80,7,30,34,48,89,58,26,31" hai2="82,77,72,95,5,107,85,35,81,124,57,22,120" hai3="74,2,114,106,112,127,53,15,86,28,40,130,12"/><T125/><D113/><U133/><E38/><V135/><F35/><W87/><G74/><T94/><D37/><U39/><E39/><V101/><F5/><W41/><G53/><T64/><D125/><U19/><E118/><V123/><F22/><W108/><G28/><T49/><D104/><U13/><E30/><V122/><F124/><W105/><G127/><T84/><D110/><U102/><E102/><V10/><F10/><W128/><REACH who="3" step="1"/><G2/><REACH who="3" ten="199,237,309,245" step="2"/><T121/><D29/><U129/><E3/><V46/><F120/><W33/><G33/><T14/><D121/><U98/><E31/><V93/><F72/><W4/><G4/><T47/><D63/><U116/><E7/><V90/><F122/><W111/><AGARI ba="0,1" hai="12,15,40,41,86,87,105,106,108,111,112,114,128,130" machi="111" ten="25,6400,0" yaku="1,1,0,1,22,2,53,0" doraHai="131" doraHaiUra="119" who="3" fromWho="3" sc="199,-32,237,-16,309,-16,245,74" /><INIT seed="5,0,0,4,4,62" ten="167,221,293,319" oya="1" hai0="13,21,87,61,27,128,75,7,111,102,94,114,35" hai1="18,76,83,81,104,36,112,23,107,30,63,89,45" hai2="3,28,113,49,58,71,122,90,117,39,134,32,22" hai3="64,70,52,9,73,127,79,29,65,82,1,66,80"/><U50/><E112/><V106/><RYUUKYOKU type="yao9" ba="0,0" sc="167,0,221,0,293,0,319,0" hai2="3,22,28,32,39,49,58,71,90,106,113,117,122,134" /><INIT seed="5,1,0,5,0,50" ten="167,221,293,319" oya="1" hai0="18,68,42,105,62,6,128,101,23,125,64,9,103" hai1="85,116,39,127,33,80,0,20,56,106,48,121,41" hai2="45,124,109,5,21,16,47,99,1,19,69,75,104" hai3="38,35,133,113,37,110,89,108,115,114,17,107,52"/><U78/><E116/><V27/><F109/><N who="3" m="42091" /><G107/><T73/><D73/><U66/><E33/><V129/><F69/><W122/><G35/><T112/><D105/><U32/><E32/><V84/><F75/><W88/><G122/><T77/><D77/><U55/><E121/><V30/><F129/><W120/><G120/><T118/><D118/><U25/><E106/><V71/><F71/><W119/><G119/><T54/><D42/><U123/><E123/><V61/><F124/><W86/><G133/><T67/><D67/><U82/><E127/><V117/><F84/><W135/><G135/><T96/><D96/><U87/><E0/><V111/><F5/><W100/><G100/><T70/><D70/><U15/><E39/><N who="3" m="14858" /><G17/><T98/><D98/><U40/><E15/><V63/><F19/><W49/><G86/><T2/><D128/><U92/><E92/><V13/><F1/><W29/><G29/><T31/><D31/><N who="1" m="17831" /><E66/><V131/><F131/><W65/><G65/><T74/><D74/><U26/><E26/><V58/><F111/><W3/><G3/><T76/><D125/><U83/><E83/><V72/><F72/><W24/><G24/><N who="0" m="14455" /><D103/><U12/><E12/><V10/><F117/><W22/><G22/><T11/><D101/><U51/><E51/><V91/><F104/><W132/><G132/><T8/><D2/><U94/><E94/><N who="2" m="56799" /><F63/><W60/><G60/><N who="0" m="39943" /><D6/><U102/><E102/><V46/><F61/><W44/><AGARI ba="1,0" hai="44,49,52,88,89,113,114,115" m="14858,42091" machi="44" ten="40,8000,1" yaku="15,1,52,1,54,2" doraHai="50" who="3" fromWho="3" sc="167,-21,221,-41,293,-21,319,83" /><INIT seed="6,0,0,5,1,118" ten="146,180,272,402" oya="2" hai0="111,50,29,62,43,125,52,56,10,38,1,17,97" hai1="0,86,16,46,32,133,47,119,85,19,110,122,106" hai2="90,132,99,92,82,83,37,121,108,63,117,33,48" hai3="22,20,35,74,24,41,69,2,25,7,116,8,53"/><V126/><F37/><W54/><G69/><T5/><D111/><U80/><E119/><V123/><F33/><W30/><G116/><T51/><D125/><U124/><E32/><V61/><F117/><W109/><G109/><T3/><D3/><U75/><E110/><V70/><F108/><W87/><G74/><T130/><D130/><U131/><E75/><V67/><F126/><W39/><G35/><T12/><D29/><U21/><E124/><V9/><F132/><W66/><G66/><T73/><D73/><U68/><E68/><V57/><F48/><W26/><G26/><T107/><D107/><U4/><E106/><V40/><F40/><W127/><G127/><T112/><D97/><U100/><E100/><V49/><F49/><W115/><G115/><T93/><D93/><U59/><E133/><V64/><REACH who="2" step="1"/><F9/><REACH who="2" ten="146,180,262,402" step="2"/><W31/><G41/><T105/><D112/><U134/><E134/><V78/><F78/><W65/><G39/><T113/><D113/><U77/><E77/><V103/><F103/><W98/><G8/><T104/><D51/><U13/><E131/><V71/><F71/><W81/><G20/><N who="0" m="11303" /><D38/><U45/><E21/><V89/><F89/><W76/><G22/><T44/><D43/><U135/><E135/><V101/><F101/><W60/><G76/><T15/><D1/><U96/><E0/><V55/><F55/><W94/><G53/><T79/><D79/><U14/><E46/><V6/><F6/><W129/><G7/><T27/><D27/><U88/><E4/><V58/><F58/><W120/><G54/><N who="0" m="34071" /><D5/><U72/><E59/><RYUUKYOKU ba="0,1" sc="146,15,180,-15,262,15,402,-15" hai0="10,15,44,50,52,104,105" hai2="57,61,63,64,67,70,82,83,90,92,99,121,123" /><INIT seed="6,1,1,2,4,54" ten="161,165,277,387" oya="2" hai0="2,124,82,102,13,104,17,5,94,27,20,120,4" hai1="41,50,42,90,98,135,80,16,56,111,26,33,116" hai2="113,112,88,8,40,78,3,121,37,72,76,1,30" hai3="19,81,96,103,71,15,123,6,66,107,83,134,45"/><V68/><F121/><W7/><G123/><T110/><D120/><U65/><E111/><V46/><F30/><W34/><G134/><T127/><D110/><U115/><E116/><V109/><F109/><W38/><G34/><T52/><D104/><U119/><E119/><V122/><F122/><W92/><G71/><T130/><D130/><U11/><E33/><V23/><F23/><W57/><G107/><T100/><D82/><N who="3" m="31241" /><G45/><T93/><D2/><U10/><E135/><V24/><F68/><W58/><G38/><T0/><D0/><U60/><E115/><N who="2" m="44107" /><F3/><W91/><G103/><N who="0" m="39467" /><D127/><U67/><E67/><V129/><F129/><W87/><G96/><T70/><D70/><U108/><E108/><V35/><F72/><W101/><G101/><T97/><D124/><U43/><E50/><V84/><F35/><W21/><G66/><T74/><D74/><U69/><E69/><V95/><F24/><W126/><G126/><T53/><D27/><U9/><E80/><V44/><F46/><W114/><G114/><T28/><D28/><U106/><E106/><V128/><F128/><W12/><G12/><T63/><D94/><N who="1" m="56663" /><E26/><V32/><F32/><W47/><G47/><T79/><D79/><U39/><E39/><V61/><F76/><W29/><G29/><T133/><D133/><U25/><E25/><V55/><F78/><W132/><G132/><T89/><D53/><U59/><E59/><AGARI ba="1,1" hai="6,7,15,19,21,57,58,59,87,91,92" m="31241" machi="59" ten="30,7700,0" yaku="8,1,52,3" doraHai="54" who="3" fromWho="1" sc="161,0,165,-80,277,0,387,90" /><AGARI ba="1,0" hai="4,5,13,17,20,52,59,63,89,93,97" m="39467" machi="59" ten="30,3900,0" yaku="8,1,52,1,54,1" doraHai="54" who="0" fromWho="1" sc="161,39,85,-39,277,0,477,0" /><INIT seed="7,0,0,2,3,125" ten="200,46,277,477" oya="3" hai0="97,130,14,132,50,67,29,34,41,13,63,135,116" hai1="79,57,131,56,87,68,36,133,26,78,5,69,129" hai2="118,128,83,84,95,48,31,11,0,80,8,66,102" hai3="88,28,46,119,3,124,104,92,15,19,39,35,70"/><W16/><G104/><T103/><D116/><U59/><E87/><V107/><F31/><W134/><G3/><T53/><D41/><U2/><E2/><V47/><F66/><W45/><G70/><T110/><D110/><U121/><E26/><V89/><F11/><W17/><G35/><T109/><D109/><U38/><E5/><V9/><F9/><W1/><G1/><T91/><D91/><U6/><E6/><V77/><F83/><W64/><G64/><T75/><D75/><U85/><E85/><V100/><F100/><W123/><G28/><T126/><D126/><U40/><E40/><V55/><F0/><W127/><G119/><T23/><D130/><U81/><E81/><V37/><F128/><W10/><G123/><T33/><D33/><U86/><E59/><V30/><F30/><W72/><G72/><T27/><D135/><U122/><REACH who="1" step="1"/><E86/><REACH who="1" ten="200,36,277,477" step="2"/><V90/><F84/><W73/><G73/><T51/><D27/><U21/><E21/><V12/><F80/><W32/><G32/><T25/><D23/><U61/><E61/><V117/><F8/><W120/><G10/><T18/><D63/><U7/><E7/><V115/><F12/><W44/><G134/><T49/><D132/><U98/><E98/><V111/><F111/><W24/><G24/><T93/><D13/><U94/><E94/><V42/><F95/><W74/><G92/><T99/><D93/><U65/><E65/><V101/><F42/><W20/><G74/><T108/><D67/><U82/><E82/><V71/><F71/><W105/><G15/><T113/><D14/><RYUUKYOKU ba="0,1" sc="200,-10,36,30,277,-10,477,-10" hai1="36,38,56,57,68,69,78,79,121,122,129,131,133" owari="190,-21.0,66,-43.4,267,6.7,477,57.7" /></mjloggm>