<mjloggm ver="2.3"><GO type="225" lobby="0"/><UN n0="%70%68%65%6E%6F%6D%65" n1="%E6%A1%9C%E8%8A%B1%E9%96%83%E3%80%85" n2="%70%6F%69%73%6F%6E%30%32" n3="%43%55%4B%45%59" dan="16,16,16,16" rate="2182.09,2201.78,2123.70,2058.95" sx="M,M,M,M"/><TAIKYOKU oya="0"/><INIT seed="0,0,0,0,2,134" ten="250,250,250,250" oya="0" hai0="59,86,124,63,12,52,23,90,61,76,84,16,87" hai1="96,82,28,101,10,70,49,22,72,93,30,36,133" hai2="35,57,53,98,126,103,135,11,51,19,100,14,45" hai3="38,123,111,114,110,18,79,5,102,58,68,67,6"/><T117/><D117/><U9/><E36/><V108/><F108/><N who="3" m="41515" /><G38/><T121/><D121/><U75/><E133/><V85/><F135/><W107/><G123/><T120/><D120/><U31/><E70/><V55/><F35/><W24/><G68/><T119/><D119/><U13/><E49/><V132/><F126/><W8/><G79/><T81/><D124/><U73/><REACH who="1" step="1"/><E82/><REACH who="1" ten="250,240,250,250" step="2"/><V127/><F132/><W20/><G114/><T47/><D47/><U104/><E104/><V125/><F127/><W115/><G115/><T2/><D2/><U113/><E113/><V91/><F125/><W39/><G39/><T41/><D41/><U40/><E40/><V106/><F106/><W77/><G107/><T42/><D42/><U80/><E80/><N who="2" m="49575" /><F98/><W88/><G77/><T97/><D61/><AGARI ba="0,1" hai="11,14,19,45,51,53,55,57,61,100,103" m="49575" machi="61" ten="30,2000,0" yaku="25,1,8,1" doraHai="134" who="2" fromWho="0" sc="250,-20,240,0,250,30,250,0" /><INIT seed="1,0,0,1,4,53" ten="230,240,280,250" oya="1" hai0="82,110,25,124,59,33,60,114,95,106,39,122,84" hai1="32,121,56,23,46,88,22,37,100,104,21,93,30" hai2="63,4,9,129,44,118,31,12,34,119,64,27,15" hai3="120,78,123,135,101,47,85,98,115,28,133,18,105"/><U17/><E121/><N who="3" m="46666" /><G47/><T35/><D114/><U61/><E104/><V107/><F129/><W103/><G18/><T24/><D106/><U29/><E100/><V92/><F107/><W90/><G28/><N who="1" m="10858" /><E37/><V70/><F92/><N who="3" m="54351" /><G115/><T6/><D110/><U49/><E32/><V8/><REACH who="2" step="1"/><F44/><REACH who="2" ten="230,240,270,250" step="2"/><W40/><G103/><T19/><D122/><U42/><E17/><AGARI ba="0,1" hai="4,8,9,12,15,17,27,31,34,63,64,70,118,119" machi="17" ten="30,3900,0" yaku="1,1,2,1,7,1,53,0" doraHai="53" doraHaiUra="36" who="2" fromWho="1" sc="230,0,240,-39,270,49,250,0" /><INIT seed="2,0,0,1,3,134" ten="230,201,319,250" oya="2" hai0="79,132,101,23,45,59,58,124,70,81,5,114,103" hai1="6,135,0,25,128,74,55,71,98,42,129,91,102" hai2="120,110,26,66,89,119,8,105,4,33,39,62,122" hai3="127,84,73,46,36,85,121,35,77,86,29,12,19"/><V104/><F39/><W133/><G133/><T111/><D132/><U9/><E135/><V83/><F89/><W16/><G121/><T88/><D114/><U34/><E74/><V10/><F83/><W118/><G118/><T31/><D70/><U76/><E76/><V43/><F43/><W57/><G35/><T14/><D111/><U92/><E71/><V78/><F78/><W24/><G36/><T72/><D45/><U116/><E116/><V51/><F51/><W107/><G107/><T37/><D37/><U90/><E42/><V93/><F93/><W64/><G46/><T130/><D130/><N who="1" m="50283" /><E55/><V40/><F40/><W80/><G127/><T68/><D68/><U97/><E97/><V48/><F48/><W49/><G49/><T22/><D124/><U69/><E69/><V28/><F110/><W100/><G100/><N who="0" m="38475" /><D79/><U106/><E106/><V95/><F105/><W87/><G73/><T52/><D72/><U99/><E99/><V1/><F104/><W2/><G2/><T15/><D58/><U21/><E34/><V108/><F108/><W113/><G113/><T38/><D38/><U112/><E112/><V13/><F95/><W44/><G44/><T30/><D81/><U75/><E75/><V54/><F119/><W123/><G123/><T3/><D88/><U32/><E32/><V18/><F54/><W17/><G57/><AGARI ba="0,0" hai="1,4,8,10,13,18,26,28,33,57,62,66,120,122" machi="57" ten="30,1500,0" yaku="7,1" doraHai="134" who="2" fromWho="3" sc="230,0,201,0,319,15,250,-15" /><INIT seed="2,1,0,3,3,15" ten="230,201,334,235" oya="2" hai0="127,28,25,47,10,103,1,75,38,20,11,45,6" hai1="5,83,62,32,73,109,94,77,16,35,42,87,85" hai2="98,118,69,124,49,133,57,52,8,101,92,61,93" hai3="121,14,100,68,120,71,88,64,48,34,65,43,108"/><V91/><F118/><W53/><G34/><T13/><D75/><U67/><E109/><V117/><F117/><W18/><G100/><T80/><D127/><U126/><E126/><V59/><F69/><W135/><G135/><T123/><D123/><U104/><E104/><V105/><F133/><W129/><G129/><T102/><D80/><U29/><E5/><V97/><F124/><W112/><G112/><T66/><D66/><N who="3" m="25705" /><G88/><T41/><REACH who="0" step="1"/><D45/><REACH who="0" ten="220,201,334,235" step="2"/><U17/><E73/><V27/><F105/><W3/><G121/><T19/><AGARI ba="1,1" hai="1,6,10,11,13,19,20,25,28,38,41,47,102,103" machi="19" ten="20,8000,1" yaku="1,1,2,1,0,1,7,1,52,1,53,0" doraHai="15" doraHaiUra="79" who="0" fromWho="0" sc="220,93,201,-21,334,-41,235,-21" /><INIT seed="3,0,0,1,4,97" ten="313,180,293,214" oya="3" hai0="119,56,55,28,78,84,17,42,14,132,91,30,99" hai1="51,93,89,86,4,64,102,62,83,58,130,126,5" hai2="15,52,103,25,108,68,116,11,100,32,37,65,40" hai3="120,21,77,114,33,35,70,19,111,1,135,7,27"/><W49/><G114/><T12/><D119/><U76/><E126/><V118/><F108/><W63/><G111/><T3/><D3/><U106/><E130/><V101/><F65/><W23/><G120/><T87/><D132/><U2/><E2/><V26/><F68/><W124/><G135/><T110/><D42/><U95/><E95/><V10/><F10/><W122/><G122/><T53/><D55/><U117/><E117/><V115/><F115/><W105/><G105/><T57/><D56/><U45/><E106/><V98/><F98/><W123/><G77/><T8/><D14/><U59/><E59/><V18/><F40/><W73/><G73/><T24/><D110/><U74/><REACH who="1" step="1"/><E102/><REACH who="1" ten="313,170,293,214" step="2"/><V50/><F118/><W60/><G124/><T107/><D57/><U61/><E61/><V80/><F116/><W85/><G63/><T72/><D107/><U47/><E47/><V0/><F0/><W129/><G60/><T29/><D30/><U113/><E113/><V131/><F131/><W36/><G129/><T13/><D28/><U134/><E134/><V69/><F69/><W34/><G70/><T9/><D29/><U66/><E66/><V90/><F32/><W31/><G123/><T41/><D9/><U125/><E125/><V104/><F104/><W82/><G35/><T112/><D8/><U44/><E44/><N who="2" m="27719" /><F37/><W16/><G36/><T22/><D112/><U92/><E92/><V67/><F67/><W133/><G34/><T88/><D22/><U6/><E6/><V39/><F39/><W128/><G33/><T71/><D71/><U46/><E46/><RYUUKYOKU ba="0,1" sc="313,-15,170,15,293,15,214,-15" hai1="4,5,45,51,58,62,64,74,76,83,86,89,93" hai2="11,15,18,25,26,80,90,100,101,103" owari="298,9.8,185,-31.5,318,41.8,199,-20.1" /></mjloggm>