<mjloggm ver="2.3"><GO type="169" lobby="0"/><UN n0="%E3%82%AB%E3%83%AB%E3%83%94%E3%82%B9%E3%82%B5%E3%83%AF%E3%83%BC" n1="%E3%81%93%E3%81%AB" n2="%E3%82%82%E3%82%8A%E3%82%8A%E3%82%93%E3%82%82%E3%82%8A%E3%82%82%E3%82%8A" n3="%E5%9C%A7%E5%80%92%E7%9A%84%E3%83%9D%E3%83%B3" dan="17,16,16,17" rate="2222.11,2156.46,2094.05,2208.62" sx="M,M,M,M"/><TAIKYOKU oya="0"/><INIT seed="0,0,0,1,3,128" ten="250,250,250,250" oya="0" hai0="45,108,85,101,18,22,122,131,72,1,10,134,15" hai1="105,116,7,29,80,31,44,55,94,0,47,32,132" hai2="24,66,62,95,74,65,69,12,23,27,4,28,103" hai3="70,63,52,51,120,96,13,61,118,48,41,37,119"/><T109/><D122/><U3/><E105/><V100/><F74/><W35/><G35/><T102/><D72/><U133/><E116/><V17/><F66/><W84/><G120/><T49/><D131/><U60/><E80/><V30/><F4/><W106/><G84/><T71/><D71/><U8/><E3/><V33/><REACH who="2" step="1"/><F95/><REACH who="2" ten="250,250,240,250" step="2"/><W126/><G118/><T92/><D92/><U73/><E73/><V42/><F42/><W76/><G119/><T89/><D108/><U79/><E94/><V16/><F16/><W90/><G41/><T91/><D109/><U9/><E31/><V121/><F121/><W56/><G106/><T46/><D18/><U20/><E29/><V59/><F59/><W99/><G70/><T64/><D64/><U127/><E7/><V135/><F135/><W87/><G126/><T11/><D134/><U129/><E127/><V6/><F6/><W43/><G37/><T98/><D1/><U14/><E0/><V36/><F36/><W68/><G68/><T38/><D38/><U53/><E132/><V57/><F57/><W78/><G99/><T112/><D98/><U104/><E104/><V58/><F58/><W77/><G96/><T117/><D117/><U86/><E133/><V40/><F40/><W110/><G110/><T83/><D85/><U130/><E86/><V21/><AGARI ba="0,1" hai="12,17,21,23,24,27,28,30,33,62,65,69,100,103" machi="21" ten="20,2700,0" yaku="1,1,0,1,7,1,53,0" doraHai="128" doraHaiUra="5" who="2" fromWho="2" sc="250,-13,250,-7,240,37,250,-7" /><INIT seed="1,0,0,4,0,96" ten="237,243,277,243" oya="1" hai0="16,69,113,75,98,82,17,53,43,9,105,87,12" hai1="57,45,52,34,32,41,47,31,95,125,49,92,134" hai2="64,74,20,8,106,118,72,6,88,94,39,23,132" hai3="76,114,129,22,119,27,0,108,24,13,115,63,121"/><U128/><E125/><V103/><F118/><W14/><G76/><T117/><D113/><U127/><E127/><V42/><F132/><W86/><G86/><T48/><D117/><U67/><E128/><V40/><F64/><W78/><G78/><T111/><D75/><U71/><E134/><V131/><F131/><W29/><G63/><T21/><D69/><U60/><E47/><V25/><F74/><W70/><G70/><T35/><D35/><U123/><E123/><V107/><F72/><W28/><G129/><T124/><D124/><U85/><E31/><V59/><F106/><W89/><G89/><T90/><D111/><U130/><E130/><V38/><F107/><W93/><G93/><T7/><D43/><U33/><REACH who="1" step="1"/><E85/><REACH who="1" ten="237,233,277,243" step="2"/><V61/><F40/><W135/><G135/><T126/><D126/><U10/><E10/><V100/><F42/><W19/><G121/><T18/><D21/><U56/><E56/><V83/><F23/><W97/><G119/><T99/><REACH who="0" step="1"/><D105/><REACH who="0" ten="227,233,277,243" step="2"/><U11/><E11/><V80/><F20/><W112/><G114/><T1/><D1/><U84/><E84/><V79/><F8/><W68/><G0/><T44/><AGARI ba="0,2" hai="7,9,12,16,17,18,44,48,53,82,87,90,98,99" machi="44" ten="30,7900,0" yaku="1,1,0,1,8,1,54,1,53,0" doraHai="96" doraHaiUra="58" who="0" fromWho="0" sc="227,99,233,-39,277,-20,243,-20" /><INIT seed="2,0,0,3,0,113" ten="326,194,257,223" oya="2" hai0="74,100,24,33,59,70,46,81,54,58,92,53,86" hai1="4,29,118,40,10,15,89,91,84,116,82,117,121" hai2="85,18,57,49,76,125,50,42,61,122,55,31,47" hai3="14,102,30,8,34,126,22,67,132,21,107,35,108"/><V95/><F122/><W37/><G37/><T26/><D70/><U27/><E121/><V111/><F125/><W45/><G126/><T83/><D46/><U60/><E40/><V1/><F1/><W36/><G67/><T127/><D127/><U39/><E39/><V17/><F111/><W131/><G132/><T11/><D74/><U71/><E60/><V110/><F110/><W97/><G131/><T0/><D0/><U9/><E9/><V77/><F31/><W41/><G108/><T65/><D11/><U7/><E71/><V135/><F135/><W5/><REACH who="3" step="1"/><G30/><REACH who="3" ten="326,194,257,213" step="2"/><T73/><D65/><U103/><E103/><V112/><F112/><W52/><G52/><T124/><D54/><U128/><E128/><V3/><F3/><W68/><G68/><T93/><D53/><U62/><E62/><V51/><F61/><W96/><G96/><T69/><D69/><U129/><E129/><V43/><F43/><W106/><G106/><T130/><D130/><U80/><E4/><V16/><F50/><W98/><G98/><T28/><D100/><U38/><E38/><V119/><REACH who="2" step="1"/><F119/><REACH who="2" ten="326,194,247,213" step="2"/><W19/><G19/><T20/><D124/><U25/><E29/><V72/><F72/><W90/><G90/><AGARI ba="0,2" hai="16,17,18,42,47,49,51,55,57,76,77,85,90,95" machi="90" ten="40,7700,0" yaku="1,1,8,1,54,1,53,0" doraHai="113" doraHaiUra="64" who="2" fromWho="3" sc="326,0,194,0,247,97,213,-77" /><INIT seed="2,1,0,1,0,121" ten="326,194,344,136" oya="2" hai0="128,49,20,112,42,29,77,48,74,44,72,36,93" hai1="71,55,111,83,62,118,53,79,103,37,6,0,134" hai2="13,94,65,131,51,106,35,23,108,28,32,10,24" hai3="40,100,78,90,61,25,70,135,3,86,11,76,97"/><V132/><F106/><W22/><G135/><T52/><D112/><U69/><E118/><V81/><F132/><W43/><G70/><T1/><D128/><U39/><E103/><V47/><F65/><W107/><G61/><T87/><D1/><U38/><E6/><V7/><F131/><W80/><G3/><T30/><D36/><U133/><E0/><V50/><F94/><W16/><G11/><T8/><D8/><U98/><E98/><V9/><F108/><W124/><G124/><T73/><D20/><U92/><E92/><V67/><F67/><W58/><G58/><T82/><REACH who="0" step="1"/><D93/><REACH who="0" ten="316,194,344,136" step="2"/><U57/><E133/><V75/><F10/><W88/><REACH who="3" step="1"/><G90/><REACH who="3" ten="316,194,344,126" step="2"/><T64/><D64/><U95/><E134/><V56/><F9/><W119/><G119/><T15/><D15/><U18/><E71/><V127/><F13/><W125/><G125/><T129/><D129/><U84/><E69/><V14/><F127/><W105/><G105/><T96/><D96/><U12/><E12/><V59/><F14/><W89/><G89/><T104/><D104/><U123/><E123/><V26/><F56/><AGARI ba="1,2" hai="29,30,42,44,48,49,52,56,72,73,74,77,82,87" machi="56" ten="40,2600,0" yaku="1,1,54,1,53,0" doraHai="121" doraHaiUra="109" who="0" fromWho="2" sc="316,49,194,0,344,-29,126,0" /><INIT seed="3,0,0,3,5,93" ten="365,194,315,126" oya="3" hai0="100,60,55,61,106,64,85,24,110,7,40,121,65" hai1="50,70,57,72,46,115,11,89,104,48,28,44,80" hai2="82,8,13,114,19,73,102,125,103,59,6,66,12" hai3="76,34,49,68,9,41,83,91,133,96,42,117,112"/><W127/><G117/><T37/><D121/><U120/><E120/><V18/><F125/><W22/><G112/><T105/><D110/><U0/><E70/><V16/><F114/><W101/><G68/><T52/><D7/><U118/><E118/><V25/><F25/><W116/><G34/><T75/><D75/><U10/><E104/><V126/><F126/><W74/><G116/><T98/><D85/><U123/><E72/><V43/><F43/><W38/><G38/><T124/><D124/><U94/><E123/><V27/><F27/><W35/><G35/><T33/><D40/><U3/><E80/><V86/><F73/><W71/><G71/><N who="0" m="42375" /><D106/><U45/><E28/><V15/><F59/><W31/><G127/><T62/><D37/><U17/><E57/><V26/><F66/><W32/><G91/><T39/><D39/><U20/><E115/><V99/><F26/><W5/><G32/><T29/><D61/><U97/><E3/><V63/><F63/><W135/><G22/><T36/><D36/><U58/><E0/><V84/><F103/><W128/><G31/><T134/><D134/><N who="3" m="51209" /><G49/><N who="1" m="19050" /><E58/><AGARI ba="0,0" hai="24,29,33,52,55,58,62,65,98,100,105" m="42375" machi="58" ten="30,3900,0" yaku="25,1,52,1,54,1" doraHai="93" who="0" fromWho="1" sc="365,39,194,-39,315,0,126,0" /><INIT seed="4,0,0,5,0,66" ten="404,155,315,126" oya="0" hai0="59,87,2,56,34,41,72,42,108,106,40,52,81" hai1="48,132,95,102,115,16,103,65,64,134,31,114,25" hai2="19,74,111,27,129,54,7,104,113,63,73,0,85" hai3="135,6,32,128,17,43,15,49,39,122,60,1,37"/><T53/><D106/><U110/><E110/><V20/><F111/><W11/><G32/><T82/><D108/><U89/><E48/><V84/><F104/><W112/><G112/><N who="1" m="43050" /><E31/><V57/><F129/><W117/><G117/><T133/><D34/><U97/><E64/><V78/><F113/><W125/><G122/><T105/><D105/><U130/><E65/><V93/><F0/><W22/><G128/><T79/><D2/><U44/><E44/><V71/><F71/><W21/><G125/><T98/><D133/><N who="1" m="51307" /><E130/><V118/><F118/><W3/><G135/><T126/><D126/><U116/><E116/><V4/><F74/><W69/><G60/><T24/><D24/><U13/><E25/><V26/><F26/><W70/><G1/><T83/><D56/><U51/><E51/><V92/><F73/><W124/><G124/><T33/><D72/><U58/><E58/><V68/><F68/><W80/><G39/><T96/><D53/><U62/><E62/><V10/><F54/><W101/><G37/><T47/><D47/><U123/><E123/><V131/><F131/><W50/><G50/><N who="0" m="31127" /><D33/><U76/><E76/><V99/><F78/><W28/><G49/><T23/><D23/><AGARI ba="0,0" hai="13,16,23,89,95,97,102,103" m="51307,43050" machi="23" ten="30,7700,0" yaku="15,1,11,1,20,1,54,1" doraHai="66" who="1" fromWho="0" sc="404,-77,155,77,315,0,126,0" /><INIT seed="5,0,0,3,5,50" ten="327,232,315,126" oya="1" hai0="24,62,112,52,18,116,46,95,56,43,135,23,129" hai1="113,33,65,130,85,32,76,105,128,66,71,123,103" hai2="133,63,84,104,114,100,17,108,21,72,37,89,131" hai3="3,12,99,70,67,13,30,90,59,78,22,80,20"/><U16/><E123/><V44/><F108/><W60/><G3/><T125/><D116/><U54/><E113/><V68/><F114/><W69/><G69/><T14/><D112/><U109/><E109/><V94/><F133/><W39/><G39/><T119/><D119/><U121/><E121/><V41/><F131/><N who="1" m="50217" /><E103/><V86/><F72/><W77/><G70/><T96/><D129/><U134/><E105/><V61/><F104/><W15/><G30/><T117/><D117/><U29/><E134/><V42/><F100/><W126/><G126/><T127/><D14/><U81/><E16/><V91/><F41/><W5/><G5/><T122/><D122/><U83/><E29/><V10/><F10/><W97/><G90/><N who="0" m="55415" /><D135/><U49/><E83/><V124/><F68/><W25/><G25/><T26/><D26/><U110/><E110/><V19/><F19/><W8/><G8/><T87/><D87/><U79/><E79/><V115/><F115/><W82/><G82/><T9/><D9/><U88/><E76/><V120/><F120/><W74/><REACH who="3" step="1"/><G77/><REACH who="3" ten="327,232,315,116" step="2"/><T64/><D127/><U53/><E71/><V102/><F124/><W55/><G55/><N who="1" m="21002" /><E49/><V40/><F37/><W92/><G92/><T34/><D125/><U118/><E118/><V1/><F94/><W73/><G73/><T132/><D132/><U38/><E38/><V98/><F102/><W58/><G58/><T11/><D11/><U45/><E45/><V28/><F44/><W107/><G107/><T4/><D46/><U35/><AGARI ba="0,1" hai="32,33,35,65,66,81,85,88" m="21002,50217" machi="35" ten="40,12000,1" yaku="19,1,52,3,54,1" doraHai="50" who="1" fromWho="1" sc="327,-40,232,130,315,-40,116,-40" /><INIT seed="5,1,0,0,4,26" ten="287,362,275,76" oya="1" hai0="43,73,42,51,108,71,115,101,110,97,79,130,37" hai1="13,91,22,88,39,68,20,78,133,53,45,131,85" hai2="36,6,84,30,28,25,33,121,54,5,122,82,35" hai3="56,38,16,89,94,10,72,14,76,107,106,112,102"/><U105/><E105/><V77/><F36/><W92/><G38/><T81/><D71/><U113/><E113/><V86/><F25/><W120/><G120/><T93/><D115/><U27/><E68/><V123/><F54/><W128/><G112/><T34/><D34/><U74/><E74/><V1/><F1/><W127/><G127/><T80/><D37/><U9/><E131/><V21/><F21/><W2/><G128/><T31/><D130/><U75/><E75/><V60/><F60/><W8/><G76/><T41/><D31/><N who="1" m="17895" /><E22/><V50/><F50/><W99/><G72/><T96/><D80/><N who="1" m="47255" /><E133/><V23/><F23/><W129/><G129/><T104/><REACH who="0" step="1"/><D51/><REACH who="0" ten="277,362,275,76" step="2"/><N who="1" m="28911" /><E39/><V87/><F33/><W3/><G3/><T48/><D48/><U109/><E109/><V117/><F35/><W7/><REACH who="3" step="1"/><G56/><REACH who="3" ten="277,362,275,66" step="2"/><T24/><D24/><U62/><E62/><V32/><F122/><W44/><G44/><T64/><D64/><U59/><E59/><V95/><F121/><W125/><G125/><T98/><D98/><AGARI ba="1,2" hai="2,7,8,10,14,16,89,92,94,98,99,102,106,107" machi="98" ten="30,3900,0" yaku="1,1,7,1,54,1,53,0" doraHai="26" doraHaiUra="70" who="3" fromWho="0" sc="277,-42,362,0,275,0,66,62" /><INIT seed="6,0,0,4,5,129" ten="235,362,275,128" oya="2" hai0="1,119,53,51,118,59,41,7,55,23,132,102,58" hai1="73,44,8,65,40,87,109,126,103,127,98,91,21" hai2="64,0,31,113,37,114,20,92,29,68,81,10,4" hai3="86,121,104,13,99,38,48,16,30,106,124,70,117"/><V11/><F37/><W9/><G38/><T130/><D130/><U122/><E73/><V80/><F64/><W24/><G121/><T5/><D41/><U71/><E109/><V75/><F68/><W94/><G70/><T56/><D102/><U115/><E115/><N who="2" m="44043" /><F92/><W32/><G117/><N who="0" m="44555" /><D1/><U60/><E122/><V28/><F75/><W89/><G124/><T131/><D131/><U54/><E54/><N who="0" m="20489" /><D51/><U42/><E65/><V2/><F80/><W125/><G125/><T128/><D128/><U84/><E71/><V101/><F81/><W79/><G79/><T33/><D33/><U105/><E91/><V57/><F57/><W133/><G48/><T14/><D132/><U83/><E103/><V45/><F45/><W36/><G36/><T15/><D23/><U47/><E47/><V69/><F69/><W111/><G111/><T39/><D39/><U50/><E44/><V61/><F61/><W3/><G133/><T96/><D96/><U52/><E98/><V27/><F101/><W34/><G34/><T95/><D95/><U120/><E60/><V22/><F22/><W76/><G76/><T62/><D62/><U77/><E21/><V135/><F135/><W116/><G116/><T93/><D93/><U26/><E77/><V72/><F72/><W63/><G63/><T46/><D46/><U112/><E112/><V88/><F88/><W97/><G97/><T12/><AGARI ba="0,0" hai="5,7,12,14,15,56,58,59" m="20489,44555" machi="12" ten="40,5200,0" yaku="28,2,12,1" doraHai="129" who="0" fromWho="0" sc="235,52,362,-13,275,-26,128,-13" /><INIT seed="7,0,0,5,3,100" ten="287,349,249,115" oya="3" hai0="112,46,63,43,35,75,129,116,54,81,74,51,36" hai1="123,50,0,105,134,18,108,8,24,89,132,53,5" hai2="107,21,79,39,1,127,69,73,60,9,59,111,28" hai3="114,62,31,104,78,72,29,83,25,118,93,130,125"/><W86/><G118/><T101/><D116/><U6/><E108/><V97/><F39/><W121/><G121/><T71/><D35/><U2/><E123/><V82/><F127/><W115/><G125/><T66/><D129/><U58/><E105/><V96/><F111/><W80/><G130/><T84/><D101/><U44/><E89/><V126/><F126/><W26/><G62/><T124/><D112/><N who="3" m="43049" /><G93/><T10/><D10/><U110/><E110/><V14/><F69/><W76/><G104/><T91/><REACH who="0" step="1"/><D124/><REACH who="0" ten="277,349,249,115" step="2"/><U52/><E8/><V41/><F107/><W15/><G15/><T133/><D133/><U4/><E132/><V70/><F1/><W56/><G56/><AGARI ba="0,1" hai="36,43,46,51,54,56,63,66,71,74,75,81,84,91" machi="56" ten="30,7700,0" yaku="1,1,7,1,24,2,53,0" doraHai="100" doraHaiUra="16" who="0" fromWho="3" sc="277,87,349,0,249,0,115,-77" owari="364,46.4,349,14.9,249,-15.1,38,-46.2" /></mjloggm>