<mjloggm ver="2.3"><GO type="169" lobby="0"/><UN n0="%E3%81%AF%E3%81%BE%E3%81%A1%E3%83%AA%E3%83%BC%E3%82%B0" n1="%E3%81%A1%E3%82%83%E3%82%93%E3%81%AE%E3%81%B6" n2="%E9%B3%B4%E8%8C%B6" n3="%61%73%61%64%61%31%32" dan="17,17,16,17" rate="2153.04,2148.70,2164.02,2205.12" sx="M,M,M,M"/><TAIKYOKU oya="0"/><INIT seed="0,0,0,5,5,129" ten="250,250,250,250" oya="0" hai0="106,15,54,92,85,56,42,114,132,101,95,120,28" hai1="133,52,26,108,50,130,34,29,75,98,0,31,57" hai2="74,83,96,78,72,43,46,64,37,13,39,77,7" hai3="66,70,35,119,100,27,115,135,122,45,30,110,20"/><T126/><D114/><U113/><E130/><V94/><F64/><W102/><G119/><T5/><D120/><U67/><E75/><V21/><F78/><W58/><G115/><T125/><D42/><U48/><E113/><V90/><F74/><W41/><G110/><T81/><D28/><U9/><E108/><V82/><F83/><W3/><G3/><T65/><D65/><U60/><E31/><V111/><F111/><W116/><G116/><T59/><D5/><U2/><E9/><V109/><F109/><W14/><G122/><T62/><D15/><U40/><E50/><V53/><F53/><W16/><G70/><T51/><D106/><U10/><E10/><V104/><F104/><W105/><G105/><T49/><D101/><U69/><E133/><V80/><F80/><W107/><G107/><T36/><D36/><U47/><REACH who="1" step="1"/><E98/><REACH who="1" ten="250,240,250,250" step="2"/><V134/><F134/><W86/><G135/><T23/><D132/><U79/><E79/><V32/><F7/><W128/><G128/><T84/><D62/><U44/><E44/><V103/><F37/><W91/><G45/><T121/><D121/><U97/><E97/><V55/><F77/><W131/><G131/><T127/><D23/><U25/><E25/><V71/><F21/><W68/><G68/><T124/><D124/><U17/><E17/><V1/><F71/><W118/><G118/><T61/><D61/><U88/><E88/><V117/><F90/><W123/><G123/><T22/><D22/><U112/><E112/><V18/><F117/><W93/><G41/><T33/><D126/><U4/><E4/><RYUUKYOKU ba="0,1" sc="250,-15,240,15,250,-15,250,15" hai1="0,2,26,29,34,40,47,48,52,57,60,67,69" hai3="14,16,20,27,30,35,58,66,86,91,93,100,102" /><INIT seed="1,1,1,2,0,91" ten="235,255,235,265" oya="1" hai0="5,132,90,105,44,109,72,47,11,117,135,116,134" hai1="127,38,101,20,9,32,16,133,13,7,71,46,8" hai2="68,74,104,115,129,24,67,43,30,69,66,14,84" hai3="3,80,51,94,27,45,114,131,12,120,87,85,25"/><U124/><E71/><V1/><F74/><W58/><G3/><T79/><D105/><U55/><E101/><V99/><F1/><W18/><G114/><T86/><D109/><U111/><E133/><V33/><F115/><W10/><G120/><T21/><D21/><U0/><E111/><V23/><F43/><W15/><G131/><T26/><D26/><U108/><E108/><V98/><F129/><W112/><G112/><T106/><D106/><U41/><E32/><V110/><F110/><W65/><G85/><T88/><D79/><U62/><REACH who="1" step="1"/><E9/><REACH who="1" ten="235,245,235,265" step="2"/><V92/><F69/><W77/><G10/><T6/><D11/><U61/><E61/><V42/><F68/><W122/><G122/><T22/><D134/><U34/><E34/><V121/><F33/><W56/><G51/><T50/><D50/><U118/><E118/><V52/><F121/><W2/><G2/><T4/><D117/><U28/><E28/><V17/><F30/><W130/><G130/><T100/><D116/><U19/><E19/><V123/><F17/><W113/><G18/><T31/><D135/><U107/><E107/><V95/><F104/><W89/><G113/><T54/><D132/><U37/><E37/><V97/><F123/><W125/><G125/><T64/><D31/><U103/><E103/><V39/><F39/><W57/><G65/><T35/><D64/><U60/><E60/><V73/><F67/><W49/><G27/><T128/><D128/><U81/><E81/><V70/><F66/><W75/><G25/><T96/><D35/><U36/><E36/><V82/><F70/><RYUUKYOKU ba="1,2" sc="235,-15,245,15,235,-15,265,15" hai1="0,7,8,13,16,20,38,41,46,55,62,124,127" hai3="12,15,45,49,56,57,58,75,77,80,87,89,94" /><INIT seed="1,2,2,4,1,60" ten="220,260,220,280" oya="1" hai0="99,52,127,54,14,30,44,7,98,42,135,6,0" hai1="93,31,10,86,112,55,121,25,102,57,53,68,101" hai2="49,18,92,11,71,74,45,67,111,5,23,130,75" hai3="35,107,59,15,33,120,70,1,47,39,69,100,64"/><U105/><E112/><V34/><F111/><W48/><G15/><T65/><D0/><U40/><E121/><V12/><F130/><W90/><G90/><T109/><D109/><U46/><E68/><V115/><F34/><W8/><G70/><T80/><D127/><U132/><E105/><V89/><F115/><W73/><G120/><T117/><D117/><U20/><E132/><V108/><F108/><W126/><G59/><T37/><D135/><U83/><E10/><V119/><F119/><W66/><G48/><T96/><D30/><U4/><E4/><V43/><F71/><W122/><G122/><T29/><D29/><U63/><E93/><V106/><F106/><W56/><G56/><T3/><D3/><U129/><E55/><V95/><F67/><N who="3" m="25643" /><G69/><T72/><D65/><U27/><E27/><V91/><F89/><W76/><G100/><T84/><D72/><U94/><E129/><V24/><REACH who="2" step="1"/><F95/><REACH who="2" ten="220,260,210,280" step="2"/><W21/><G107/><T116/><D116/><U36/><E94/><V133/><F133/><W26/><G35/><T62/><D62/><U131/><E131/><V124/><F124/><W118/><G33/><T19/><D6/><U38/><E36/><V103/><F103/><W28/><G39/><T125/><D7/><U110/><E110/><V77/><F77/><AGARI ba="2,3" hai="20,25,31,38,40,46,53,57,63,77,83,86,101,102" machi="77" ten="30,1500,0" yaku="7,1" doraHai="60" who="1" fromWho="2" sc="220,0,260,51,210,-21,280,0" /><INIT seed="1,3,0,4,4,102" ten="220,311,189,280" oya="1" hai0="0,15,126,29,9,119,133,57,16,11,45,132,64" hai1="54,110,48,19,50,127,41,86,84,35,98,92,82" hai2="104,27,123,53,83,134,107,20,78,34,2,87,58" hai3="40,33,49,113,129,37,89,111,5,21,61,70,76"/><U99/><E35/><V116/><F123/><W55/><G113/><T24/><D45/><U114/><E114/><V60/><F116/><W105/><G105/><T90/><D90/><U14/><E127/><V81/><F2/><W18/><G76/><T47/><D47/><N who="1" m="25711" /><E110/><V100/><F134/><N who="0" m="51818" /><D57/><N who="1" m="32983" /><E92/><V77/><F100/><W68/><G111/><T108/><D64/><U121/><E121/><V56/><F58/><W94/><G33/><N who="0" m="20647" /><D108/><U88/><E84/><V135/><F34/><W4/><G68/><T51/><D51/><U38/><E38/><V17/><REACH who="2" step="1"/><F135/><REACH who="2" ten="220,311,179,280" step="2"/><W44/><G70/><T128/><D119/><U71/><E71/><V12/><F12/><W43/><G37/><T101/><D101/><U124/><E124/><V95/><F95/><W62/><G94/><T125/><D128/><U80/><E80/><V39/><F39/><W32/><G129/><T93/><D93/><U7/><E7/><AGARI ba="3,1" hai="0,7,9,11,15,16,125,126" m="20647,51818" machi="7" ten="30,7700,0" yaku="20,1,34,2,54,1" doraHai="102" who="0" fromWho="1" sc="220,96,311,-86,179,0,280,0" /><INIT seed="2,0,0,4,2,40" ten="316,225,179,280" oya="2" hai0="33,6,38,42,49,0,102,36,103,65,3,130,97" hai1="93,51,26,86,124,47,122,53,60,74,114,14,132" hai2="123,44,73,71,27,7,66,64,77,81,46,128,108" hai3="4,16,37,21,101,90,8,94,119,88,1,82,129"/><V61/><F123/><W35/><G119/><T127/><D33/><U131/><E74/><V41/><F128/><W106/><G129/><T79/><D130/><U43/><E131/><V92/><F108/><W56/><G35/><T11/><D127/><U45/><E114/><V120/><F120/><W48/><G37/><T69/><D49/><N who="1" m="26815" /><E122/><V17/><F7/><W85/><G106/><N who="0" m="63823" /><D103/><U15/><E124/><V80/><F41/><W39/><G39/><T72/><D0/><U134/><E26/><V89/><F81/><W22/><G22/><T32/><D32/><U133/><E60/><V58/><F17/><W115/><G101/><T95/><D95/><U62/><E62/><V110/><F27/><W70/><G70/><T107/><D107/><U18/><E18/><V105/><F105/><W118/><G118/><T83/><D42/><U91/><AGARI ba="0,0" hai="14,15,47,51,53,86,91,93,132,133,134" m="26815" machi="91" ten="40,5200,0" yaku="20,1,52,2" doraHai="40" who="1" fromWho="1" sc="316,-13,225,52,179,-26,280,-13" /><INIT seed="3,0,0,1,4,16" ten="303,277,153,267" oya="3" hai0="45,90,28,44,11,6,88,43,107,34,42,66,114" hai1="120,0,24,63,55,59,72,18,104,128,131,112,38" hai2="51,41,82,5,3,91,39,65,2,123,50,116,115" hai3="78,62,75,49,121,53,9,74,71,92,126,69,22"/><W30/><G121/><T106/><D66/><U135/><E112/><V111/><F115/><W26/><G126/><T100/><D114/><U124/><E120/><V83/><F116/><W95/><G9/><T4/><D11/><U94/><E104/><V122/><F65/><W21/><G62/><T57/><D57/><U96/><E38/><V129/><F129/><W99/><G92/><T58/><D58/><U84/><E72/><V86/><F111/><W35/><G75/><T67/><D67/><U102/><E0/><V31/><F31/><W15/><G78/><T130/><D28/><U119/><E124/><V93/><F39/><W77/><G77/><T68/><D34/><U46/><E119/><V37/><F37/><W110/><G74/><T76/><D76/><U27/><E135/><V109/><F86/><W85/><G110/><T25/><D25/><U20/><E84/><V54/><F91/><N who="3" m="53743" /><G99/><T19/><D19/><U29/><REACH who="1" step="1"/><E46/><REACH who="1" ten="303,267,153,267" step="2"/><V98/><F3/><W64/><G71/><T52/><D68/><U40/><E40/><V13/><F2/><W36/><G36/><T32/><D43/><U105/><E105/><V56/><F41/><W97/><G69/><T81/><D42/><U125/><E125/><V12/><F123/><W87/><G87/><T23/><D107/><U113/><E113/><V10/><F122/><W73/><G73/><T117/><D106/><U133/><E133/><V61/><F109/><W89/><G97/><T33/><D117/><U14/><E14/><V101/><F13/><W8/><G15/><T134/><D134/><U79/><E79/><RYUUKYOKU ba="0,1" sc="303,-15,267,15,153,15,267,-15" hai1="18,20,24,27,29,55,59,63,94,96,102,128,131" hai2="5,10,12,50,51,54,56,61,82,83,93,98,101" /><INIT seed="4,1,1,5,3,82" ten="288,282,168,252" oya="0" hai0="27,17,100,44,107,61,51,126,58,94,26,73,128" hai1="50,114,102,25,24,113,7,49,97,90,70,72,23" hai2="104,83,35,132,15,48,109,120,63,4,62,43,124" hai3="41,2,99,59,52,46,53,65,38,14,118,127,116"/><T64/><D73/><U57/><E70/><V119/><F120/><W5/><G2/><T129/><D107/><U20/><E72/><V111/><F104/><W21/><G127/><T33/><D126/><U8/><E90/><V60/><F124/><W84/><G99/><N who="0" m="59511" /><D17/><U10/><E57/><V71/><F71/><W134/><G134/><T105/><D33/><U86/><E86/><V67/><F67/><W32/><G32/><T76/><D76/><U87/><E87/><V112/><F35/><W117/><G65/><T69/><D105/><U40/><E40/><V96/><F132/><W122/><G122/><T108/><D108/><U88/><E88/><V36/><F36/><W133/><G133/><T68/><D68/><U115/><E97/><V66/><F66/><W45/><G84/><T1/><D1/><U91/><E91/><V18/><F96/><W11/><G59/><T55/><D69/><U28/><E102/><V31/><F4/><W135/><G135/><T39/><D39/><U34/><E34/><V74/><F31/><W123/><G123/><T29/><D29/><N who="1" m="17543" /><E8/><N who="2" m="6503" /><F119/><W30/><G46/><T125/><D125/><U56/><E56/><V93/><F93/><W54/><G117/><T131/><AGARI ba="1,1" hai="26,27,44,51,55,58,61,64,128,129,131" m="59511" machi="131" ten="30,1500,0" yaku="19,1" doraHai="82" who="0" fromWho="0" sc="288,28,282,-6,168,-6,252,-6" /><INIT seed="4,2,0,1,4,44" ten="316,276,162,246" oya="0" hai0="130,121,28,106,124,96,16,20,79,107,74,34,37" hai1="86,65,61,77,47,67,8,58,59,83,17,125,134" hai2="6,95,14,108,42,3,11,127,36,40,0,27,43" hai3="114,4,22,53,35,132,19,115,13,38,10,99,15"/><T102/><D121/><U18/><E125/><V91/><F108/><W101/><G38/><T84/><D37/><U109/><E109/><V5/><F127/><W105/><G35/><T119/><D124/><U129/><E129/><V12/><F36/><W70/><G70/><T89/><D119/><U100/><E134/><V48/><F27/><W1/><G132/><T31/><D107/><U80/><E100/><V62/><F62/><W90/><G90/><T23/><D34/><U78/><E47/><V122/><F122/><W110/><G110/><T135/><D23/><U111/><E111/><V60/><F60/><W117/><G117/><T81/><D130/><U116/><E116/><V72/><F72/><W76/><G76/><T103/><D103/><U7/><E59/><V120/><F120/><W56/><REACH who="3" step="1"/><G1/><REACH who="3" ten="316,276,162,236" step="2"/><T93/><REACH who="0" step="1"/><D135/><REACH who="0" ten="306,276,162,236" step="2"/><U112/><E112/><V94/><F0/><W88/><G88/><T71/><D71/><U45/><E77/><V46/><F3/><W32/><G32/><T68/><D68/><U97/><E78/><V24/><F91/><W75/><G75/><T39/><D39/><U51/><E80/><V57/><F94/><W21/><G21/><T26/><AGARI ba="2,2" hai="16,20,26,28,31,74,79,81,84,89,93,96,102,106" machi="26" ten="20,18000,2" yaku="1,1,0,1,7,1,24,2,54,1,53,0" doraHai="44" doraHaiUra="69" who="0" fromWho="0" sc="306,206,276,-62,162,-62,236,-62" /><INIT seed="4,3,0,5,2,59" ten="512,214,100,174" oya="0" hai0="30,80,103,46,12,24,54,37,85,86,49,88,0" hai1="112,69,42,33,19,74,15,104,95,66,81,43,6" hai2="41,135,11,76,10,108,5,64,65,78,22,71,3" hai3="126,101,75,52,17,9,67,27,38,77,93,55,116"/><T96/><D0/><U109/><E109/><V94/><F108/><W13/><G38/><T105/><D37/><U118/><E118/><V60/><F135/><W91/><G116/><T18/><D85/><U28/><E104/><V84/><F41/><W127/><G101/><T129/><D129/><U16/><E6/><V99/><F11/><W115/><G115/><T102/><D102/><U90/><E112/><V97/><F22/><W36/><G36/><T44/><D44/><U89/><E28/><V53/><F65/><W124/><G67/><T110/><D110/><U50/><E33/><V70/><F71/><W111/><G111/><T58/><D46/><U128/><E50/><V113/><F113/><W39/><G39/><T23/><REACH who="0" step="1"/><D12/><REACH who="0" ten="502,214,100,174" step="2"/><U87/><E128/><V31/><F84/><N who="3" m="52455" /><G27/><T29/><AGARI ba="3,1" hai="18,23,24,29,30,49,54,58,80,86,88,96,103,105" machi="29" ten="30,6000,0" yaku="1,1,0,1,54,1,53,0" doraHai="59" doraHaiUra="73" who="0" fromWho="0" sc="502,79,214,-23,100,-23,174,-23" /><INIT seed="4,4,0,2,4,16" ten="581,191,77,151" oya="0" hai0="49,32,120,59,14,69,52,2,41,105,67,17,119" hai1="54,27,66,104,133,22,73,96,51,65,131,76,102" hai2="117,44,113,83,118,71,91,39,46,124,107,84,94" hai3="115,135,64,129,1,109,111,82,5,132,75,30,123"/><T3/><D119/><N who="2" m="45578" /><F71/><W28/><G64/><T13/><D32/><U121/><E121/><V70/><F70/><W79/><G115/><T110/><D120/><U98/><E131/><V47/><F113/><W26/><G123/><T101/><D110/><U4/><E133/><N who="3" m="51274" /><G129/><T88/><D41/><U90/><E4/><V130/><F107/><W34/><G30/><T38/><D38/><U81/><E90/><N who="2" m="51487" /><F130/><W12/><G12/><T112/><D112/><U92/><E98/><N who="2" m="57695" /><F124/><W9/><AGARI ba="4,0" hai="1,5,9,26,28,34,75,79,82,109,111" m="51274" machi="9" ten="30,2000,0" yaku="20,1,23,1" doraHai="16" who="3" fromWho="3" sc="581,-14,191,-9,77,-9,151,32" /><INIT seed="5,0,0,4,3,68" ten="567,182,68,183" oya="1" hai0="82,42,24,73,1,16,59,29,92,12,86,112,77" hai1="27,34,128,47,49,4,132,76,123,129,117,70,109" hai2="10,9,79,55,90,2,26,60,113,61,32,84,63" hai3="87,25,99,33,8,15,67,116,83,125,28,126,13"/><U39/><E117/><V94/><F113/><W106/><G116/><T6/><D112/><U46/><E123/><V23/><F32/><W30/><G28/><T45/><D59/><U64/><E76/><V118/><F118/><W93/><G106/><T54/><D54/><U89/><E89/><V7/><F10/><W135/><G67/><T35/><D92/><U131/><E4/><V100/><F79/><N who="3" m="46591" /><G8/><N who="0" m="2127" /><D86/><U50/><E27/><V44/><F100/><N who="3" m="60527" /><G135/><T119/><D119/><U130/><E34/><V104/><F104/><W65/><G65/><T58/><D58/><U102/><E102/><V37/><F55/><W31/><G31/><T72/><D72/><U41/><E132/><V120/><F120/><W78/><G78/><T14/><D16/><U69/><E109/><V21/><REACH who="2" step="1"/><F26/><REACH who="2" ten="567,182,58,183" step="2"/><W85/><G25/><T114/><D114/><U22/><E128/><V17/><F17/><W51/><G30/><T108/><D108/><U52/><E22/><V134/><F134/><W48/><G33/><T40/><D40/><AGARI ba="0,1" hai="2,7,9,21,23,37,40,44,60,61,63,84,90,94" machi="40" ten="40,5200,0" yaku="1,1,52,1,53,1" doraHai="68" doraHaiUra="81" who="2" fromWho="0" sc="567,-52,182,0,58,62,183,0" /><INIT seed="6,0,0,2,3,91" ten="515,182,120,183" oya="2" hai0="3,97,13,48,32,25,47,102,14,111,101,132,71" hai1="68,41,117,108,30,18,19,34,24,72,49,70,82" hai2="110,112,88,75,58,118,20,11,45,65,38,22,37" hai3="113,125,121,74,36,15,76,23,6,81,1,63,50"/><V40/><F118/><W29/><G121/><T10/><D111/><U8/><E108/><V94/><F110/><W107/><G107/><T123/><D71/><U78/><E117/><V60/><F112/><W67/><G125/><T26/><D3/><U106/><E106/><V104/><F104/><W114/><G50/><T98/><D132/><U16/><REACH who="1" step="1"/><E8/><REACH who="1" ten="515,172,120,183" step="2"/><V27/><F75/><W7/><G114/><T80/><D10/><U79/><E79/><V62/><F11/><W64/><G76/><T86/><D123/><U73/><E73/><V42/><F62/><W83/><G63/><T93/><D32/><U130/><E130/><V5/><F5/><W31/><G74/><T56/><D102/><U92/><E92/><V85/><REACH who="2" step="1"/><F27/><REACH who="2" ten="515,172,110,183" step="2"/><W39/><G113/><T59/><D25/><U131/><E131/><V61/><F61/><W44/><G7/><T115/><D26/><U103/><E103/><V119/><F119/><W134/><G6/><T122/><D115/><U127/><E127/><V51/><F51/><W17/><G39/><T90/><D48/><U84/><E84/><V135/><F135/><W69/><G134/><T87/><D122/><U57/><E57/><V4/><F4/><W28/><G1/><T52/><D56/><U54/><E54/><V46/><AGARI ba="0,2" hai="20,22,37,38,40,42,45,46,58,60,65,85,88,94" machi="46" ten="30,12000,1" yaku="1,1,0,1,9,1,52,1,54,1,53,0" doraHai="91" doraHaiUra="21" who="2" fromWho="2" sc="515,-40,172,-40,110,140,183,-40" /><INIT seed="6,1,0,5,1,77" ten="475,132,250,143" oya="2" hai0="78,7,106,93,115,48,57,90,131,51,37,117,52" hai1="58,70,89,113,21,60,71,130,5,61,111,101,16" hai2="4,23,54,76,129,102,96,126,79,27,40,99,65" hai3="42,108,44,39,19,10,35,109,73,64,114,47,38"/><V127/><F129/><W59/><G35/><T134/><D106/><U82/><E111/><N who="3" m="42570" /><G19/><T105/><D105/><U33/><E33/><V14/><F40/><N who="3" m="22551" /><G10/><T88/><D131/><U0/><E130/><V87/><F65/><W3/><G73/><T116/><D115/><U22/><E101/><V86/><F54/><W53/><G3/><T72/><D134/><U81/><E113/><V107/><F14/><W118/><G114/><T50/><D37/><U94/><E71/><V45/><F4/><W123/><G64/><T29/><D7/><U91/><E70/><V128/><F128/><W8/><G8/><T95/><D29/><U55/><E5/><V25/><F107/><W85/><G85/><T30/><D30/><U67/><E0/><V41/><F102/><W135/><G135/><T83/><D95/><U132/><E132/><V32/><F32/><W13/><G13/><T92/><D93/><U1/><E1/><V74/><F74/><W63/><G118/><T62/><REACH who="0" step="1"/><D90/><REACH who="0" ten="465,132,250,143" step="2"/><U20/><E91/><V103/><F103/><W124/><G123/><T121/><D121/><U119/><E119/><V26/><F99/><AGARI ba="1,1" hai="48,50,51,52,57,62,72,78,83,88,92,99,116,117" machi="99" ten="40,8000,1" yaku="1,1,52,1,54,2,53,0" doraHai="77" doraHaiUra="28" who="0" fromWho="2" sc="465,93,132,0,250,-83,143,0" /><INIT seed="7,0,0,4,1,99" ten="558,132,167,143" oya="3" hai0="114,96,86,121,52,58,20,119,109,15,48,77,126" hai1="133,132,76,106,116,65,60,135,32,21,62,29,22" hai2="61,83,23,25,101,16,9,102,75,94,34,3,19" hai3="108,36,42,5,39,115,4,1,55,127,113,120,31"/><W40/><G120/><T124/><D109/><U26/><E116/><V41/><F34/><W122/><G122/><T27/><D121/><U68/><E106/><V12/><F3/><W57/><G1/><T44/><D119/><U74/><E62/><V18/><F41/><N who="3" m="15979" /><G31/><T63/><D114/><N who="3" m="43529" /><G108/><T28/><D15/><U56/><E68/><V54/><F75/><W88/><G127/><N who="0" m="48683" /><D96/><U103/><E103/><N who="2" m="39435" /><F94/><W90/><G5/><T84/><D77/><U30/><E30/><N who="2" m="17727" /><F83/><AGARI ba="0,0" hai="21,22,26,29,32,56,60,65,74,76,83,132,133,135" machi="83" ten="40,1300,0" yaku="20,1" doraHai="99" who="1" fromWho="2" sc="558,0,132,13,167,-13,143,0" owari="558,65.8,145,-25.5,154,-4.6,143,-35.7" /></mjloggm>