<mjloggm ver="2.3"><GO type="169" lobby="0"/><UN n0="%E3%83%9B%E3%83%B3%E3%82%A4%E3%83%84%E8%B5%A4%EF%BC%93" n1="%E2%91%A3%E3%82%BB%E3%83%B3%E3%83%81" n2="%56%45%54%54%45%4C" n3="%E5%9C%A7%E5%80%92%E7%9A%84%E3%83%9D%E3%83%B3" dan="16,18,16,17" rate="2094.49,2304.97,2130.71,2192.27" sx="M,M,M,M"/><TAIKYOKU oya="0"/><INIT seed="0,0,0,0,1,54" ten="250,250,250,250" oya="0" hai0="29,120,87,127,55,58,19,48,3,43,24,50,39" hai1="88,32,122,51,7,61,94,93,131,134,0,37,124" hai2="128,129,104,83,46,85,121,95,18,72,57,11,105" hai3="77,42,86,60,52,40,110,91,28,118,36,113,64"/><T123/><D3/><U62/><E37/><V6/><F121/><W26/><G118/><T115/><D115/><U89/><E32/><V100/><F18/><W112/><G110/><T90/><D127/><U82/><E122/><V17/><F17/><W10/><G77/><T68/><D68/><U71/><E82/><V107/><F46/><W92/><G40/><T31/><D39/><U41/><E134/><V132/><F132/><W22/><G10/><T79/><D79/><U99/><E71/><V84/><F57/><W25/><G64/><T16/><D43/><U33/><E33/><V30/><F30/><W20/><G42/><T67/><D67/><U97/><E131/><N who="2" m="50251" /><F72/><W21/><G36/><T13/><D50/><U81/><E124/><V74/><F74/><W9/><G9/><N who="0" m="6191" /><D123/><U59/><E7/><V126/><F126/><W106/><G106/><T12/><D24/><U35/><E35/><V73/><F73/><W117/><G117/><T98/><D98/><U8/><E0/><N who="2" m="455" /><F83/><W69/><G69/><T45/><D120/><U27/><E27/><V75/><F75/><W34/><REACH who="3" step="1"/><G25/><REACH who="3" ten="250,250,250,240" step="2"/><T14/><D14/><U109/><E41/><V102/><F104/><W2/><G2/><T103/><D103/><U47/><E8/><V70/><F70/><W125/><G125/><T80/><D45/><U111/><E47/><V53/><F102/><W119/><G119/><T135/><D135/><U130/><E130/><V66/><F100/><W65/><G65/><T108/><D108/><U15/><E111/><V49/><F66/><W44/><G44/><T76/><D76/><RYUUKYOKU ba="0,1" sc="250,15,250,-15,250,-15,240,15" hai0="12,19,29,31,48,55,58,80,87,90" hai3="20,21,22,26,28,34,52,60,86,91,92,112,113" /><INIT seed="0,1,1,1,1,69" ten="265,235,235,255" oya="0" hai0="12,101,53,71,40,4,112,97,133,114,122,10,93" hai1="14,31,13,20,88,134,9,34,66,24,78,129,84" hai2="82,72,91,28,124,45,57,96,131,65,29,23,106" hai3="41,7,115,126,98,89,79,30,39,125,108,56,74"/><T63/><D122/><U2/><E129/><V120/><F120/><W21/><G115/><T128/><D133/><U94/><E134/><V123/><F123/><W22/><G7/><T33/><D33/><U99/><E66/><V35/><F35/><W73/><G79/><T85/><D128/><U58/><E58/><V5/><F131/><W102/><G89/><T95/><D40/><U105/><E34/><V48/><F5/><W8/><G56/><T116/><D116/><U130/><E130/><V25/><F124/><N who="3" m="47723" /><G8/><T11/><D53/><U50/><E2/><V1/><F1/><W90/><G90/><T62/><D11/><U107/><E14/><V70/><F70/><W86/><G86/><T80/><D93/><U46/><E78/><V6/><F6/><W77/><G77/><T67/><D63/><U38/><E84/><V92/><F106/><N who="3" m="63831" /><G30/><T119/><D119/><U36/><E107/><V49/><F72/><N who="3" m="27755" /><G108/><T51/><REACH who="0" step="1"/><D51/><REACH who="0" ten="255,235,235,255" step="2"/><U75/><E105/><V26/><F48/><W44/><AGARI ba="1,2" hai="21,22,39,41,44" m="27755,63831,47723" machi="44" ten="40,2700,0" yaku="18,1,52,1" doraHai="69" who="3" fromWho="3" sc="255,-14,235,-8,235,-8,255,50" /><INIT seed="1,0,0,5,2,96" ten="241,227,227,305" oya="1" hai0="107,9,91,3,97,8,88,66,112,79,55,132,80" hai1="39,27,70,84,68,62,53,101,75,103,5,124,11" hai2="128,74,67,57,81,12,133,47,120,123,34,41,105" hai3="20,131,135,58,102,23,89,48,10,87,7,37,106"/><U13/><E75/><V121/><F34/><W26/><G37/><T2/><D66/><U115/><E115/><V129/><F133/><W15/><G135/><T16/><D132/><U30/><E39/><V77/><F105/><W51/><G23/><T113/><D55/><U31/><E124/><V116/><F116/><W110/><G110/><T100/><D113/><U44/><E70/><V92/><F12/><W111/><G111/><T6/><D112/><U24/><E68/><V52/><F67/><W72/><G72/><T85/><REACH who="0" step="1"/><D16/><REACH who="0" ten="231,227,227,305" step="2"/><U25/><E62/><V109/><F109/><W32/><G131/><T38/><D38/><U98/><E98/><V14/><F128/><W99/><G32/><T82/><D82/><U59/><E59/><V78/><F129/><W42/><G58/><T21/><D21/><U18/><E18/><V17/><F120/><W49/><G42/><T125/><D125/><U69/><E69/><V46/><F121/><W35/><G35/><T61/><D61/><U117/><E117/><V93/><F123/><W28/><G49/><T130/><D130/><U22/><E22/><V127/><F127/><W83/><AGARI ba="0,1" hai="7,10,15,20,26,28,48,51,83,87,89,99,102,106" machi="83" ten="20,2700,0" yaku="0,1,7,1,52,1" doraHai="96" who="3" fromWho="3" sc="231,-7,227,-13,227,-7,305,37" /><INIT seed="2,0,0,1,1,42" ten="224,214,220,342" oya="2" hai0="53,98,86,50,90,40,82,3,27,109,28,121,124" hai1="95,89,92,103,10,118,123,79,119,33,106,31,91" hai2="34,45,133,131,24,65,43,46,104,66,72,81,88" hai3="47,130,108,122,16,128,102,93,125,101,80,83,85"/><V116/><F116/><W48/><G122/><T55/><D3/><U12/><E123/><V127/><F131/><N who="3" m="50219" /><G108/><T107/><D109/><U76/><E31/><V105/><F127/><W13/><G93/><N who="1" m="35914" /><E12/><V29/><F133/><W67/><G67/><T32/><D124/><U25/><E10/><V21/><F34/><W126/><G126/><T99/><D121/><U41/><E41/><V49/><F72/><W26/><G26/><T15/><D15/><U73/><E25/><V60/><F66/><W6/><G6/><T69/><D69/><U17/><E17/><V11/><F11/><N who="3" m="6207" /><G83/><T2/><D2/><U114/><E33/><V22/><F22/><W37/><G37/><T61/><D107/><U70/><E70/><V23/><F23/><W64/><G64/><T94/><D99/><N who="1" m="61823" /><E114/><V19/><F29/><W38/><G38/><T68/><D68/><U44/><E73/><V1/><F1/><W39/><G39/><T134/><D134/><U75/><E75/><V111/><F111/><W110/><G110/><T120/><D120/><U78/><E44/><N who="2" m="25759" /><F104/><W115/><G115/><T20/><D32/><U62/><E62/><V77/><F105/><W18/><G18/><T56/><D40/><U87/><E87/><N who="2" m="50287" /><F77/><N who="3" m="46223" /><G125/><T8/><D8/><U0/><E0/><V36/><F36/><W132/><G132/><T57/><D86/><U135/><E135/><V58/><AGARI ba="0,0" hai="19,21,24,45,46,58,60,65" m="50287,25759" machi="58" ten="30,12000,1" yaku="8,1,52,3,54,1" doraHai="42" who="2" fromWho="2" sc="224,-40,214,-40,220,120,342,-40" /><INIT seed="2,1,0,0,0,108" ten="184,174,340,302" oya="2" hai0="87,12,105,123,91,131,84,109,53,61,73,32,124" hai1="9,76,11,40,70,28,85,64,0,41,80,111,117" hai2="71,16,59,82,133,50,126,62,107,2,101,54,4" hai3="88,34,113,97,44,68,18,3,65,115,55,119,83"/><V46/><F126/><W14/><G3/><T35/><D105/><U86/><E117/><V67/><F133/><W52/><G34/><T104/><D104/><U45/><E111/><V78/><F4/><W66/><G119/><T118/><D73/><U23/><E41/><V13/><F2/><W93/><G83/><T30/><D109/><U92/><E70/><V127/><F127/><W49/><G55/><T116/><D124/><U94/><E64/><V81/><F78/><W128/><G128/><T33/><D131/><U74/><E11/><V6/><F6/><W37/><G37/><T90/><D123/><U57/><E57/><V38/><F101/><W95/><G93/><T25/><D12/><U89/><E23/><V69/><F107/><W24/><G24/><T120/><D120/><U112/><E28/><V122/><F122/><W48/><G48/><T135/><D135/><U31/><E31/><V36/><F71/><W75/><G75/><T134/><D134/><U47/><E47/><V8/><REACH who="2" step="1"/><F38/><REACH who="2" ten="184,174,330,302" step="2"/><W43/><G68/><T42/><D118/><U1/><E1/><V51/><F51/><W10/><REACH who="3" step="1"/><G43/><AGARI ba="1,1" hai="8,13,16,36,43,46,50,54,59,62,67,69,81,82" machi="43" ten="40,12000,1" yaku="1,1,24,2,54,1,53,1" doraHai="108" doraHaiUra="39" who="2" fromWho="3" sc="184,0,174,0,330,133,302,-123" /><INIT seed="2,2,0,1,3,5" ten="184,174,463,179" oya="2" hai0="59,22,50,10,77,97,62,131,75,83,12,8,61" hai1="60,11,3,109,84,20,74,101,51,33,2,79,96" hai2="31,132,100,130,128,24,29,42,126,103,63,121,88" hai3="7,28,21,49,17,67,120,53,107,94,106,129,18"/><V72/><F121/><W44/><G120/><T102/><D131/><N who="2" m="50218" /><F72/><W55/><G129/><T85/><D75/><U37/><E37/><V125/><F42/><W6/><G67/><T23/><D50/><U25/><E33/><N who="2" m="20647" /><F31/><W115/><G115/><T134/><D134/><U89/><E109/><V86/><F132/><W95/><G28/><T13/><D102/><N who="2" m="38954" /><F63/><W104/><G55/><N who="0" m="34047" /><D97/><U64/><E60/><V90/><F90/><W57/><G57/><T92/><D62/><U99/><E74/><V91/><F91/><W36/><G36/><T58/><D58/><U87/><E89/><V78/><F78/><W66/><G66/><T40/><D40/><U19/><E79/><V81/><AGARI ba="2,0" hai="81,86,88,125,126" m="38954,20647,50218" machi="81" ten="30,3000,0" yaku="19,1,54,1" doraHai="5" who="2" fromWho="2" sc="184,-12,174,-12,463,36,179,-12" /><INIT seed="2,3,0,1,1,77" ten="172,162,499,167" oya="2" hai0="1,51,95,70,68,99,20,12,35,118,72,135,101" hai1="19,127,83,104,0,97,94,10,48,112,31,74,42" hai2="27,98,117,100,46,7,90,122,113,105,62,30,102" hai3="40,26,108,41,81,67,11,124,75,82,80,92,120"/><V43/><F113/><W29/><G120/><T78/><D35/><U63/><E112/><V134/><F122/><W59/><G75/><T71/><D1/><U129/><E104/><V4/><F117/><W34/><G108/><T109/><D109/><U128/><E31/><V23/><F134/><W54/><G67/><T64/><D135/><U32/><E32/><V53/><F102/><W49/><G124/><T110/><D110/><U89/><E63/><V58/><REACH who="2" step="1"/><F90/><REACH who="2" ten="172,162,489,167" step="2"/><W114/><G114/><T65/><D118/><U84/><E89/><V17/><F17/><W86/><G86/><T33/><D101/><U119/><E19/><V79/><F79/><W2/><REACH who="3" step="1"/><G92/><REACH who="3" ten="172,162,489,157" step="2"/><T24/><D95/><U87/><E87/><V28/><F28/><W125/><G125/><T123/><D123/><U56/><E84/><V3/><F3/><W21/><G21/><T8/><D20/><U9/><E127/><V61/><F61/><W60/><G60/><T76/><D72/><U111/><E111/><V115/><F115/><W15/><G15/><T91/><D12/><U45/><E0/><V126/><F126/><W85/><G85/><T47/><D33/><U96/><E94/><V5/><F5/><AGARI ba="3,2" hai="2,5,11,26,29,34,40,41,49,54,59,80,81,82" machi="5" ten="40,12000,2" yaku="1,1,52,3,53,2" doraHai="77" doraHaiUra="36" who="3" fromWho="2" sc="172,0,162,0,489,-129,157,149" /><INIT seed="3,0,0,3,4,13" ten="172,162,360,306" oya="3" hai0="12,59,101,8,35,32,43,128,79,115,70,81,93" hai1="68,27,47,21,118,10,66,17,127,98,84,15,106" hai2="14,1,122,30,109,100,96,56,48,6,123,119,88" hai3="50,90,52,77,57,121,83,71,102,134,53,67,104"/><W29/><G121/><N who="2" m="46089" /><F119/><W63/><G134/><T51/><D70/><U132/><E118/><V24/><F1/><W19/><G29/><T28/><D128/><U20/><E132/><V133/><F133/><W34/><G34/><T112/><D101/><U39/><E127/><V126/><F126/><W91/><G53/><N who="0" m="32191" /><D28/><U7/><E68/><V108/><F6/><W45/><G71/><T73/><D93/><U72/><E72/><V42/><F14/><W18/><G102/><T2/><D2/><U16/><E66/><V64/><F42/><W99/><G104/><T37/><D43/><U46/><E39/><V38/><F38/><W111/><G111/><N who="2" m="42569" /><F100/><W25/><G25/><T54/><D37/><U131/><E131/><V85/><F96/><W26/><G26/><T40/><D40/><U55/><E98/><V103/><F103/><W114/><G114/><N who="0" m="43563" /><D54/><U117/><E106/><V105/><F105/><W33/><G33/><T82/><D82/><U120/><E120/><V94/><F48/><W60/><G63/><T113/><N who="0" m="43571" /><T89/><DORA hai="65" /><D89/><N who="3" m="33801" /><G99/><T9/><D9/><U129/><E129/><V75/><F30/><W3/><G3/><T36/><D36/><U92/><E117/><V116/><F116/><W74/><G74/><T97/><D97/><U11/><E11/><V86/><F75/><W76/><G83/><T31/><D31/><U95/><E55/><V58/><F86/><W49/><G50/><T87/><D73/><U80/><E84/><V124/><F124/><W5/><G5/><AGARI ba="0,0" hai="5,8,12,32,35,79,81,87" m="43571,32191" machi="5" ten="40,1300,0" yaku="11,1" doraHai="13,65" who="0" fromWho="3" sc="172,13,162,0,360,0,306,-13" /><INIT seed="4,0,0,4,5,103" ten="185,162,360,293" oya="0" hai0="98,75,101,24,55,72,1,48,111,127,5,60,14" hai1="36,33,51,42,91,34,96,79,86,76,6,39,26" hai2="88,110,38,131,106,123,43,116,130,18,19,11,22" hai3="133,70,128,74,93,78,15,47,7,84,49,66,46"/><T23/><D1/><U44/><E6/><V35/><F123/><W59/><G74/><T3/><D3/><U69/><E69/><V135/><F110/><W82/><G128/><N who="2" m="49193" /><F135/><W40/><G133/><T95/><D111/><U32/><E96/><V108/><F108/><W29/><G70/><T2/><D2/><U27/><E79/><V120/><F35/><W65/><G29/><T94/><D127/><U4/><E76/><V45/><F120/><W41/><G59/><T13/><D60/><U114/><E4/><V119/><F106/><W113/><G93/><N who="0" m="58575" /><D75/><U115/><E39/><V107/><F107/><W77/><G77/><T54/><D72/><U126/><E36/><V53/><F53/><N who="0" m="19978" /><D48/><U64/><E64/><V71/><F71/><W68/><G68/><T89/><D5/><U104/><E104/><V0/><F0/><W97/><G97/><N who="0" m="57551" /><D95/><N who="1" m="54775" /><E126/><V125/><F125/><W99/><G99/><T73/><D73/><U129/><E129/><V25/><F88/><W122/><G122/><T62/><D62/><U90/><E90/><V121/><F121/><W37/><REACH who="3" step="1"/><G113/><AGARI ba="0,0" hai="26,27,32,33,34,42,44,51,113,114,115" m="54775" machi="113" ten="40,2600,0" yaku="15,1,11,1" doraHai="103" who="1" fromWho="3" sc="185,0,162,26,360,0,293,-26" /><INIT seed="5,0,0,5,1,19" ten="185,188,360,267" oya="1" hai0="93,125,49,106,46,118,68,99,110,62,74,87,5" hai1="47,0,134,94,76,36,126,83,97,115,45,75,16" hai2="39,120,31,101,53,127,132,51,70,9,117,116,80" hai3="55,12,33,90,50,40,88,92,107,65,95,123,100"/><U10/><E115/><V73/><F39/><W28/><G123/><T20/><D118/><U52/><E126/><V30/><F70/><W42/><G65/><T119/><D119/><U8/><E134/><V105/><F120/><W38/><G38/><T3/><D106/><U113/><E113/><V71/><F71/><W79/><G79/><T11/><D74/><U111/><E111/><V114/><F114/><W108/><G108/><T61/><D110/><U15/><E36/><V64/><F127/><W102/><G107/><T124/><D125/><U41/><E41/><N who="3" m="15978" /><G33/><T56/><D124/><U26/><E26/><V129/><F105/><W48/><G12/><T130/><D130/><U109/><E109/><V82/><F73/><W103/><G28/><T60/><D68/><U98/><E98/><V72/><F72/><W131/><G131/><T89/><D20/><U7/><REACH who="1" step="1"/><E52/><REACH who="1" ten="185,178,360,267" step="2"/><V1/><F132/><W128/><G128/><T59/><REACH who="0" step="1"/><D99/><REACH who="0" ten="175,178,360,267" step="2"/><U96/><E96/><V84/><F129/><W18/><G103/><AGARI ba="0,2" hai="0,7,8,10,15,16,45,47,75,76,83,94,97,103" machi="103" ten="30,11600,0" yaku="1,1,7,1,54,1,53,1" doraHai="19" doraHaiUra="91" who="1" fromWho="3" sc="175,0,178,136,360,0,267,-116" /><INIT seed="5,1,0,5,0,99" ten="175,314,360,151" oya="1" hai0="37,18,32,55,69,39,100,123,75,70,88,101,76" hai1="53,60,95,56,1,125,8,118,106,16,20,112,4" hai2="9,131,10,3,117,109,30,83,110,27,68,17,13" hai3="89,36,51,85,129,66,23,132,61,78,54,46,2"/><U48/><E106/><V35/><F68/><W104/><G129/><T38/><D32/><U84/><E118/><V133/><F117/><W103/><G132/><T57/><D123/><U14/><E112/><V90/><F133/><W94/><G2/><T116/><D116/><U130/><E125/><V42/><F42/><W12/><G36/><T87/><D76/><U93/><E130/><V63/><F131/><W72/><G12/><T96/><D75/><U47/><REACH who="1" step="1"/><E84/><REACH who="1" ten="175,304,360,151" step="2"/><V91/><F109/><W111/><G111/><T59/><D87/><U80/><E80/><V126/><F110/><W22/><G72/><T11/><D96/><U71/><E71/><V49/><F83/><W105/><G78/><T92/><D69/><U97/><E97/><V62/><F126/><W77/><G77/><T82/><D70/><U45/><E45/><V108/><F108/><W121/><G121/><T40/><D59/><U50/><E50/><V114/><F49/><W64/><G105/><T15/><D82/><U26/><E26/><V119/><F114/><W28/><G61/><T98/><REACH who="0" step="1"/><D40/><AGARI ba="1,1" hai="1,4,8,14,16,20,40,47,48,53,56,60,93,95" machi="40" ten="30,5800,0" yaku="1,1,7,1,54,1,53,0" doraHai="99" doraHaiUra="120" who="1" fromWho="0" sc="175,-61,304,71,360,0,151,0" /><INIT seed="5,2,0,3,0,111" ten="114,375,360,151" oya="1" hai0="114,34,127,88,108,39,107,61,23,86,85,21,13" hai1="99,68,67,126,97,48,44,57,98,66,49,95,41" hai2="46,133,120,135,17,1,52,104,103,58,31,0,60" hai3="128,93,89,113,62,118,64,116,81,29,91,73,132"/><U96/><E126/><V43/><F120/><W37/><G37/><T79/><D107/><U100/><REACH who="1" step="1"/><E68/><REACH who="1" ten="114,365,360,151" step="2"/><V102/><F133/><W28/><G132/><T101/><D127/><U117/><E117/><V20/><F135/><W12/><G118/><T119/><D108/><U3/><E3/><V7/><F0/><W8/><G116/><T42/><D119/><U54/><AGARI ba="2,1" hai="41,44,48,49,54,57,66,67,95,96,97,98,99,100" machi="54" ten="30,11700,0" yaku="1,1,0,1,8,1,53,1" doraHai="111" doraHaiUra="40" who="1" fromWho="1" sc="114,-41,365,133,360,-41,151,-41" /><INIT seed="5,3,0,1,0,3" ten="73,498,319,110" oya="1" hai0="8,121,28,4,131,128,20,123,9,30,108,88,127" hai1="100,69,34,53,24,14,56,97,72,19,116,114,36" hai2="93,42,135,54,16,101,17,48,86,78,0,83,76" hai3="90,10,25,71,84,105,91,60,82,129,57,120,119"/><U80/><E69/><V85/><F135/><W6/><G129/><N who="0" m="49739" /><D108/><U109/><E36/><V126/><F0/><W130/><G120/><N who="0" m="46155" /><D127/><U99/><E114/><V44/><F126/><W43/><G105/><T18/><D88/><U38/><E38/><V133/><F133/><W89/><G119/><T111/><D111/><U87/><E116/><V73/><F73/><W26/><G71/><T59/><D59/><U112/><E72/><V102/><F42/><W104/><G104/><T40/><D40/><U106/><E99/><N who="2" m="59631" /><F102/><W110/><G43/><T31/><D4/><U65/><E112/><V117/><F117/><W41/><G41/><T98/><D98/><U12/><E109/><V94/><F94/><W134/><G134/><T27/><AGARI ba="3,0" hai="8,9,18,20,27,28,30,31" m="46155,49739" machi="27" ten="40,8000,1" yaku="19,1,13,1,34,2" doraHai="3" who="0" fromWho="0" sc="73,89,498,-43,319,-23,110,-23" /><INIT seed="6,0,0,0,0,119" ten="162,455,296,87" oya="2" hai0="49,132,123,2,105,96,21,107,53,92,88,68,100" hai1="87,90,79,134,126,27,131,61,124,67,116,91,7" hai2="5,29,16,109,84,38,28,121,9,108,4,51,48" hai3="101,14,76,80,97,74,15,111,64,3,26,83,103"/><V46/><F38/><W75/><G3/><T43/><D68/><U89/><E116/><V118/><F118/><W37/><G37/><T40/><D2/><U81/><E131/><V128/><F128/><W102/><G64/><T25/><D132/><U71/><E134/><V117/><F117/><W1/><G1/><T39/><D39/><U78/><E78/><V33/><F84/><W35/><G111/><N who="2" m="42569" /><F121/><W86/><G97/><T135/><D123/><U52/><E7/><N who="2" m="2635" /><F33/><W112/><G112/><T20/><D107/><U120/><E120/><V114/><F114/><W8/><G8/><T66/><D135/><U17/><E17/><V85/><F85/><W12/><G83/><T93/><D105/><U95/><E27/><V56/><F56/><W36/><G36/><T18/><D21/><U45/><E95/><V104/><F104/><W13/><N who="3" m="3072" /><DORA hai="54" /><W63/><REACH who="3" step="1"/><G63/><REACH who="3" ten="162,455,296,77" step="2"/><T65/><D66/><U0/><E0/><V10/><F9/><W125/><G125/><T127/><D127/><U59/><E126/><V113/><F10/><W41/><G41/><T130/><D65/><U55/><E124/><V50/><F113/><W110/><G110/><T99/><D130/><U94/><E67/><V19/><F46/><AGARI ba="0,1" hai="18,20,25,40,43,46,49,53,88,92,93,96,99,100" machi="46" ten="30,3900,0" yaku="7,1,8,1,54,1" doraHai="119,54" who="0" fromWho="2" sc="162,49,455,0,296,-39,77,0" /><INIT seed="7,0,0,1,2,67" ten="211,455,257,77" oya="3" hai0="54,15,111,31,47,129,107,57,49,119,21,82,123" hai1="6,110,13,135,60,105,77,127,48,24,66,12,19" hai2="14,106,29,20,33,38,97,79,32,85,62,23,45" hai3="10,9,118,75,11,96,53,116,46,39,115,58,91"/><W3/><G75/><T99/><D123/><U41/><E105/><V70/><F79/><W4/><G115/><T109/><D119/><U131/><E110/><V83/><F83/><W30/><G30/><T89/><D129/><U64/><E64/><N who="2" m="41239" /><F33/><W22/><G22/><T36/><D36/><U28/><E127/><V114/><F85/><W95/><G118/><T43/><D107/><U126/><E135/><V65/><F65/><W26/><G26/><T37/><D82/><U134/><E41/><N who="2" m="22711" /><F14/><W117/><G117/><T59/><D59/><U2/><E24/><N who="2" m="18471" /><F114/><W34/><G34/><T8/><D21/><U100/><E100/><AGARI ba="0,0" hai="20,23,97,100,106" m="18471,22711,41239" machi="100" ten="30,2000,0" yaku="25,1,52,1" doraHai="67" who="2" fromWho="1" sc="211,0,455,-20,257,20,77,0" owari="211,-18.9,435,53.5,277,7.7,77,-42.3" /></mjloggm>