<mjloggm ver="2.3"><GO type="169" lobby="0"/><UN n0="%E5%9C%A7%E5%80%92%E7%9A%84%E3%83%9D%E3%83%B3" n1="%E3%81%A1%E3%82%83%E3%82%8B%E3%82%81%E3%82%89" n2="%E3%81%97%E3%82%82%E3%82%93%E3%81%AC" n3="%45%72%77%69%6E%52%64" dan="17,17,17,16" rate="2222.70,2218.79,2162.50,2154.19" sx="M,M,M,M"/><TAIKYOKU oya="0"/><INIT seed="0,0,0,4,5,96" ten="250,250,250,250" oya="0" hai0="60,11,18,26,39,49,42,17,59,134,71,98,131" hai1="97,23,133,51,116,36,33,100,35,30,29,117,79" hai2="126,64,73,54,7,88,82,78,119,68,127,81,41" hai3="40,16,32,95,102,63,80,69,120,46,125,22,72"/><T52/><D131/><U101/><E36/><V111/><F111/><W93/><G32/><T8/><D134/><U85/><E133/><V89/><F119/><W113/><G113/><T10/><D26/><U86/><E97/><V38/><F64/><W6/><G6/><T109/><D109/><U121/><E51/><V25/><F68/><W94/><G125/><N who="2" m="47625" /><F25/><W15/><G120/><T13/><D17/><U75/><E79/><N who="2" m="44271" /><F7/><W24/><G24/><T57/><D57/><U92/><E92/><V76/><F54/><W99/><G69/><T115/><D115/><U130/><E23/><V67/><F67/><W108/><G63/><T9/><D71/><U3/><E75/><N who="2" m="43295" /><F78/><W83/><G108/><T45/><REACH who="0" step="1"/><D98/><REACH who="0" ten="240,250,250,250" step="2"/><U20/><E130/><V53/><F53/><W65/><G65/><T128/><D128/><U27/><E27/><V47/><AGARI ba="0,1" hai="38,41,47,88,89" m="43295,44271,47625" machi="47" ten="30,2000,0" yaku="18,1,54,1" doraHai="96" who="2" fromWho="2" sc="240,-10,250,-5,250,30,250,-5" /><INIT seed="1,0,0,3,0,17" ten="230,245,280,245" oya="1" hai0="66,39,125,68,57,102,128,99,126,13,72,86,44" hai1="3,130,88,47,129,132,9,64,89,63,35,114,51" hai2="56,61,111,75,58,118,92,120,31,123,103,10,105" hai3="2,131,134,16,4,71,55,97,5,15,37,127,109"/><U40/><E114/><V73/><F118/><W81/><G109/><T121/><D121/><U110/><E35/><V87/><F111/><W14/><G37/><T46/><D72/><U27/><E110/><V38/><F38/><W67/><G131/><N who="1" m="50186" /><E132/><V65/><F105/><W119/><G134/><T83/><D68/><N who="1" m="42015" /><E27/><V113/><F113/><W32/><G32/><T21/><D128/><U41/><E40/><V78/><F10/><W42/><G42/><T100/><D39/><U49/><E49/><V11/><F11/><W69/><G67/><T0/><D0/><U52/><E41/><V112/><F112/><W122/><G122/><T54/><D66/><U6/><AGARI ba="0,0" hai="3,6,9,47,51,52,88,89" m="42015,50186" machi="6" ten="30,6000,0" yaku="19,1,54,2" doraHai="17" who="1" fromWho="1" sc="230,-20,245,60,280,-20,245,-20" /><INIT seed="1,1,0,5,4,35" ten="210,305,260,225" oya="1" hai0="76,39,135,4,65,92,22,31,63,128,13,96,20" hai1="70,57,16,38,33,6,103,30,89,109,94,111,49" hai2="80,3,121,86,60,95,112,5,23,15,44,54,114" hai3="79,99,34,32,125,85,90,1,24,115,113,67,134"/><U48/><E38/><V126/><F121/><W11/><G134/><T87/><D39/><U27/><E70/><V25/><F126/><W51/><G125/><T9/><D135/><U132/><E103/><V88/><F80/><W107/><G67/><T97/><D128/><U129/><E132/><V98/><F86/><W120/><G120/><T108/><D108/><N who="1" m="41547" /><E129/><V52/><F15/><W75/><G51/><T69/><D97/><U41/><E41/><V123/><F123/><W82/><G24/><T18/><D31/><U127/><E127/><V68/><F44/><W101/><G113/><N who="2" m="43625" /><F68/><W77/><G77/><T117/><D117/><U62/><E6/><V50/><F50/><W56/><G56/><T17/><D17/><U45/><E45/><V19/><F60/><W119/><G119/><T42/><D42/><U131/><E131/><V71/><F71/><W72/><G115/><T21/><D76/><U106/><E106/><V104/><F104/><W46/><G46/><T7/><REACH who="0" step="1"/><D87/><REACH who="0" ten="200,305,260,225" step="2"/><N who="1" m="52543" /><E16/><V53/><F5/><N who="3" m="1455" /><G72/><T0/><D0/><AGARI ba="1,1" hai="0,3,19,23,25,52,53,54,88,95,98" m="43625" machi="0" ten="30,8000,1" yaku="11,1,52,2,54,2" doraHai="35" who="2" fromWho="0" sc="200,-83,305,0,260,93,225,0" /><INIT seed="2,0,0,4,3,133" ten="117,305,353,225" oya="2" hai0="61,66,82,100,102,1,67,73,134,104,2,135,63" hai1="109,93,89,52,64,51,94,12,10,122,72,91,123" hai2="36,76,14,25,29,17,15,88,20,22,85,18,9" hai3="28,31,79,115,35,4,78,77,84,43,71,27,103"/><V106/><F36/><W117/><G117/><T129/><D82/><U74/><E64/><N who="0" m="24617" /><D73/><U68/><E68/><V44/><F106/><W58/><G71/><T13/><D13/><U108/><E12/><V75/><F75/><N who="1" m="28713" /><E52/><V127/><F127/><W24/><G115/><T8/><D8/><U95/><E51/><V131/><F131/><W128/><G128/><T99/><D129/><U57/><E57/><V80/><REACH who="2" step="1"/><F44/><REACH who="2" ten="117,305,343,225" step="2"/><W65/><G35/><T45/><D45/><U46/><E46/><V86/><F86/><W50/><G84/><T54/><D104/><U70/><E70/><V125/><F125/><W5/><G43/><T33/><D99/><U132/><E132/><N who="0" m="50729" /><D33/><U87/><E87/><V49/><F49/><W21/><G50/><T38/><D38/><U101/><E101/><N who="0" m="39017" /><D54/><U120/><E10/><V19/><F19/><W16/><G103/><T98/><D98/><U0/><E0/><AGARI ba="0,1" hai="0,1,2,61,63" m="39017,50729,24617" machi="0" ten="40,5200,0" yaku="28,2,20,1" doraHai="133" who="0" fromWho="1" sc="117,62,305,-52,343,0,225,0" /><INIT seed="3,0,0,0,5,62" ten="179,253,343,225" oya="3" hai0="65,114,44,66,36,28,40,123,38,106,42,86,34" hai1="74,68,69,54,85,46,116,112,45,1,124,125,51" hai2="60,73,91,122,134,90,71,8,18,88,19,67,2" hai3="82,78,32,99,33,64,105,6,70,135,80,61,102"/><W57/><G135/><T63/><D123/><U7/><E74/><V127/><F134/><W117/><G117/><T75/><D75/><U128/><E112/><V79/><F122/><W108/><G108/><T3/><D3/><U109/><E109/><V43/><F127/><N who="1" m="48713" /><E116/><V107/><F107/><W97/><G80/><T56/><D106/><U48/><E85/><V81/><REACH who="2" step="1"/><F43/><REACH who="2" ten="179,253,333,225" step="2"/><W133/><G133/><T121/><D121/><U39/><E128/><V120/><F120/><W41/><G41/><T23/><D114/><U26/><E39/><V25/><F25/><W87/><G99/><T0/><D42/><N who="1" m="24631" /><E26/><V115/><F115/><W16/><G6/><AGARI ba="0,1" hai="2,6,8,18,19,60,67,71,73,79,81,88,90,91" machi="6" ten="40,5200,0" yaku="1,1,52,1,54,1,53,0" doraHai="62" doraHaiUra="93" who="2" fromWho="3" sc="179,0,253,0,333,62,225,-52" /><INIT seed="4,0,0,5,1,26" ten="179,253,395,173" oya="0" hai0="6,18,134,14,130,48,67,97,131,30,117,25,63" hai1="128,85,28,71,125,105,80,59,72,52,133,86,79" hai2="55,27,135,61,110,41,82,126,50,51,102,46,60" hai3="96,106,94,129,34,7,24,104,33,101,43,87,37"/><T49/><D117/><U111/><E111/><V116/><F110/><W8/><G129/><N who="0" m="49163" /><D6/><U36/><E128/><V47/><F116/><W114/><G114/><T32/><D97/><U92/><E105/><V76/><F135/><W42/><G37/><T23/><D134/><U22/><E36/><V16/><F126/><W122/><G122/><T84/><D84/><U65/><E125/><V89/><F102/><W64/><G64/><T58/><AGARI ba="0,0" hai="14,18,23,25,30,32,48,49,58,63,67" m="49163" machi="58" ten="30,3000,0" yaku="19,1,52,1" doraHai="26" who="0" fromWho="0" sc="179,30,253,-10,395,-10,173,-10" /><INIT seed="4,1,0,5,0,118" ten="209,243,385,163" oya="0" hai0="76,2,4,108,103,89,46,128,5,41,45,107,112" hai1="60,134,132,99,54,9,42,78,75,95,52,18,79" hai2="62,3,92,36,68,8,135,24,16,15,67,13,23" hai3="26,82,50,1,115,104,106,100,85,49,73,56,17"/><T83/><D108/><U28/><E28/><V94/><F135/><N who="1" m="51753" /><E42/><V14/><REACH who="2" step="1"/><F36/><REACH who="2" ten="209,243,375,163" step="2"/><W109/><G109/><T40/><D128/><U117/><E117/><V86/><F86/><W87/><G87/><T110/><D110/><U126/><E75/><V102/><F102/><W51/><G73/><T30/><D103/><U32/><E99/><V113/><F113/><W39/><G100/><T33/><D112/><U27/><E79/><V72/><F72/><W0/><G39/><T21/><D76/><U96/><E78/><V34/><F34/><W114/><G114/><T71/><D33/><U90/><E32/><V63/><F63/><W57/><G115/><T25/><D107/><U19/><E60/><V127/><F127/><W11/><G104/><T119/><D119/><U116/><E126/><V91/><F91/><W7/><G106/><T125/><D125/><U31/><E116/><V105/><F105/><W20/><REACH who="3" step="1"/><G1/><REACH who="3" ten="209,243,375,153" step="2"/><T120/><D2/><U123/><E96/><V38/><F38/><W97/><G97/><T12/><D89/><AGARI ba="1,2" hai="0,7,11,17,20,26,49,50,51,56,57,82,85,89" machi="89" ten="40,1300,0" yaku="1,1,53,0" doraHai="118" doraHaiUra="43" who="3" fromWho="0" sc="209,-16,243,0,375,0,153,36" /><INIT seed="5,0,0,5,5,105" ten="193,243,375,189" oya="1" hai0="23,123,77,121,28,129,48,18,51,36,74,19,65" hai1="71,37,90,115,83,109,44,27,52,128,25,100,108" hai2="79,126,76,30,97,101,58,0,49,125,62,29,86" hai3="8,57,41,114,59,81,72,88,98,133,127,42,80"/><U120/><E120/><N who="0" m="46153" /><D36/><U61/><E115/><V53/><F0/><W7/><G114/><T116/><D116/><U40/><E100/><V34/><F62/><W64/><G133/><T96/><D65/><U87/><E128/><V85/><F85/><W106/><G127/><N who="2" m="48649" /><F34/><W107/><G64/><T68/><D68/><U39/><E39/><V119/><F119/><W67/><G67/><T92/><D129/><U47/><E71/><V94/><F86/><W35/><G35/><T13/><D28/><AGARI ba="0,0" hai="28,29,30,49,53,58,76,79,94,97,101" m="48649" machi="28" ten="30,1000,0" yaku="18,1" doraHai="105" who="2" fromWho="0" sc="193,-10,243,0,375,10,189,0" /><INIT seed="6,0,0,4,5,30" ten="183,243,385,189" oya="2" hai0="51,60,99,17,24,21,123,14,73,80,109,113,130" hai1="104,59,70,88,98,12,26,71,47,4,42,133,75" hai2="61,126,79,23,7,100,127,117,25,13,132,58,45" hai3="46,89,76,52,9,44,27,22,97,32,29,66,119"/><V108/><F117/><W86/><G119/><T50/><D123/><U54/><E75/><V0/><F0/><W11/><G66/><T40/><D113/><U134/><E26/><V6/><F132/><N who="1" m="50793" /><E12/><V20/><F79/><W39/><G76/><T92/><D109/><U67/><E67/><V49/><F108/><W122/><G97/><T111/><D111/><U74/><E4/><V55/><F100/><W56/><G122/><T96/><D96/><U72/><E72/><V69/><F69/><W34/><G9/><T65/><D130/><U16/><E16/><N who="2" m="10255" /><F126/><W115/><G11/><T102/><D73/><U121/><E74/><V10/><F10/><W131/><G131/><T31/><D80/><U37/><E121/><V118/><F127/><W128/><G115/><T95/><D95/><N who="1" m="56679" /><E104/><V101/><F101/><W135/><G135/><T63/><D65/><U91/><E91/><V129/><F129/><W1/><G1/><T41/><D24/><U33/><E33/><V15/><F15/><W94/><G128/><T106/><D31/><U83/><E83/><V48/><F118/><W38/><G38/><T110/><D106/><U77/><E77/><V87/><F6/><W53/><G39/><T18/><D18/><U78/><E78/><V62/><F7/><W93/><G93/><T43/><D110/><U90/><E90/><V8/><F25/><W124/><G124/><T103/><D102/><U64/><E64/><V85/><F8/><W2/><G2/><T114/><D114/><U68/><E68/><V82/><F82/><W35/><G56/><T112/><D112/><RYUUKYOKU ba="0,0" sc="183,10,243,10,385,-30,189,10" hai0="14,17,21,40,41,43,50,51,60,63,92,99,103" hai1="37,42,47,54,59,70,71" hai3="22,27,29,32,34,35,44,46,52,53,86,89,94" /><INIT seed="7,1,0,2,1,75" ten="193,253,355,199" oya="3" hai0="77,127,70,121,110,79,57,83,23,24,27,45,92" hai1="122,69,117,128,58,15,84,78,17,91,64,54,56" hai2="68,89,25,65,109,96,28,0,6,61,72,36,52" hai3="34,116,100,80,130,35,30,2,49,10,93,108,118"/><W90/><G100/><T66/><D121/><U63/><E122/><V21/><F109/><W94/><G108/><T120/><D120/><U101/><E128/><V88/><F36/><W7/><G130/><T8/><D110/><U103/><E117/><V3/><F72/><W85/><G93/><T133/><D70/><U115/><E115/><V132/><F132/><W98/><G49/><T50/><D133/><U22/><E78/><N who="0" m="29705" /><D127/><U126/><E69/><V131/><F131/><W82/><G118/><T18/><D83/><N who="1" m="49567" /><E126/><V76/><F76/><W135/><G135/><T60/><D8/><U40/><E40/><V67/><F67/><W71/><G71/><T29/><D92/><U107/><E107/><V12/><F0/><W47/><G80/><T123/><D123/><U106/><E106/><V129/><F3/><W119/><G119/><T43/><D27/><U74/><E74/><V11/><F129/><W37/><G116/><T9/><D9/><U55/><E64/><V113/><F65/><W5/><G5/><T62/><D60/><AGARI ba="1,0" hai="15,17,22,54,55,56,58,60,63,101,103" m="49567" machi="60" ten="30,1000,0" yaku="8,1" doraHai="75" who="1" fromWho="0" sc="193,-13,253,13,355,0,199,0" owari="180,-32.0,266,6.6,355,45.5,199,-20.1" /></mjloggm>