<mjloggm ver="2.3"><GO type="169" lobby="0"/><UN n0="%73%6F%72%75%6B%61%6E%6F" n1="%54%61%62%61%73%63%6F" n2="%E3%83%8D%E3%82%AA%E3%81%92%E3%82%8D%E3%81%A3%E3%81%B4" n3="%E6%97%A5%E9%99%B0%E3%81%95%E3%82%93" dan="16,16,16,17" rate="2134.95,2099.50,2128.79,2218.32" sx="M,M,M,F"/><TAIKYOKU oya="0"/><INIT seed="0,0,0,5,4,66" ten="250,250,250,250" oya="0" hai0="11,81,60,3,128,52,47,87,20,92,22,93,89" hai1="80,55,51,103,112,31,48,0,46,97,38,45,82" hai2="95,30,21,27,56,68,116,63,85,132,44,133,40" hai3="121,70,37,23,34,35,65,29,78,84,109,76,8"/><T110/><D128/><U108/><E0/><V61/><F116/><W28/><G37/><T104/><D104/><U32/><E108/><V91/><F68/><W73/><G73/><T124/><D124/><U113/><E38/><V102/><F102/><W117/><G117/><T4/><D110/><U6/><E6/><V64/><REACH who="2" step="1"/><F61/><REACH who="2" ten="250,250,240,250" step="2"/><W106/><G70/><T98/><D92/><U53/><E112/><V100/><F100/><W99/><G109/><T36/><D60/><U41/><E113/><V9/><F9/><W115/><G8/><T15/><D3/><U10/><E10/><V25/><F25/><W101/><G101/><T126/><D126/><U17/><E103/><V33/><F33/><W16/><G34/><T118/><D118/><U83/><E32/><V14/><F14/><W12/><G35/><T54/><D22/><U130/><E130/><V19/><F19/><W24/><G16/><T96/><D20/><U127/><E127/><V71/><F71/><W39/><G12/><T67/><D93/><U26/><E17/><V111/><F111/><W88/><G115/><T5/><D5/><U120/><E26/><V69/><F69/><W50/><G24/><T1/><D1/><U86/><E31/><V72/><F72/><W79/><G29/><T13/><D13/><U131/><E131/><V42/><F42/><W125/><G28/><T49/><D15/><U58/><E41/><V123/><F123/><W94/><G94/><T57/><D11/><U107/><E120/><V135/><F135/><W75/><G125/><T129/><D129/><U122/><E122/><RYUUKYOKU ba="0,1" sc="250,-10,250,-10,240,30,250,-10" hai2="21,27,30,40,44,56,63,64,85,91,95,132,133" /><INIT seed="1,1,1,1,2,13" ten="240,240,270,240" oya="1" hai0="3,22,85,31,95,72,96,112,127,8,35,4,91" hai1="74,29,97,101,88,133,123,122,121,68,42,54,75" hai2="86,113,126,132,26,66,44,15,125,40,56,103,21" hai3="30,106,84,58,25,53,79,67,115,28,110,47,83"/><U5/><E68/><V37/><F132/><W0/><G110/><T33/><D112/><U87/><E42/><V90/><F113/><W102/><G115/><T80/><D127/><U6/><E29/><V77/><F103/><W52/><G0/><T130/><D130/><U16/><E133/><V76/><F15/><W134/><G134/><T17/><D31/><U93/><E54/><V9/><F9/><W59/><G67/><T55/><D72/><U57/><E57/><V7/><F7/><W92/><G106/><T69/><D55/><U20/><E75/><V10/><F10/><W49/><G25/><T73/><D73/><U38/><E38/><V63/><F90/><W61/><REACH who="3" step="1"/><G47/><REACH who="3" ten="240,240,270,230" step="2"/><T108/><D108/><U94/><REACH who="1" step="1"/><E74/><REACH who="1" ten="240,230,270,230" step="2"/><V50/><F126/><W100/><G100/><T43/><D69/><U81/><E81/><V117/><F125/><W34/><G34/><T119/><D119/><U105/><E105/><V107/><F107/><W65/><G65/><T78/><REACH who="0" step="1"/><D43/><REACH who="0" ten="230,230,270,230" step="2"/><U114/><E114/><V98/><F40/><W60/><G60/><T135/><D135/><U19/><E19/><V118/><F63/><W104/><G104/><T51/><D51/><U23/><E23/><V124/><F50/><W32/><G32/><T2/><D2/><U82/><E82/><V36/><F21/><W64/><G64/><T128/><D128/><U48/><E48/><V11/><F66/><W111/><G111/><T109/><D109/><U24/><AGARI ba="1,4" hai="5,6,16,20,24,87,88,93,94,97,101,121,122,123" machi="24" ten="30,12000,1" yaku="1,1,0,1,52,1,54,2,53,0" doraHai="13" doraHaiUra="70" who="1" fromWho="1" sc="230,-41,230,163,270,-41,230,-41" /><INIT seed="1,2,0,2,1,106" ten="189,393,229,189" oya="1" hai0="104,89,13,65,66,125,57,127,70,118,43,112,73" hai1="102,68,39,97,24,51,78,26,41,96,16,87,79" hai2="61,48,42,14,45,37,50,93,6,119,31,105,35" hai3="81,74,115,23,114,129,62,54,0,69,12,95,29"/><U108/><E39/><V15/><F105/><W101/><G0/><T63/><D118/><U92/><E68/><V28/><F119/><W27/><G129/><T52/><D112/><U85/><E108/><V121/><F121/><W33/><G33/><T19/><D104/><U53/><E41/><V17/><F6/><W116/><G116/><T30/><D30/><U80/><E96/><V77/><F77/><W86/><G12/><T58/><D43/><U72/><E72/><V88/><F14/><W82/><G74/><T71/><D73/><U91/><E16/><V36/><F61/><W117/><G117/><T124/><D89/><U3/><E3/><V44/><F35/><W2/><G2/><T130/><D66/><U99/><E99/><N who="2" m="57767" /><F37/><W100/><G100/><T126/><N who="0" m="31744" /><DORA hai="21" /><T1/><D130/><U34/><E34/><V103/><F103/><W56/><G69/><T76/><D76/><N who="1" m="29227" /><E87/><V134/><F134/><W107/><G107/><T123/><D123/><U128/><E128/><V25/><F36/><W60/><G114/><T9/><REACH who="0" step="1"/><D1/><REACH who="0" ten="179,393,229,189" step="2"/><U20/><E102/><V132/><F132/><W109/><G115/><T11/><D11/><U90/><E20/><N who="2" m="13455" /><F15/><W67/><G101/><T18/><D18/><U5/><E5/><V55/><AGARI ba="2,1" hai="28,31,42,44,45,48,50,55" m="13455,57767" machi="55" ten="30,4000,0" yaku="8,1,52,1,54,1" doraHai="106,21" who="2" fromWho="2" sc="179,-12,393,-22,229,56,189,-12" /><INIT seed="2,0,0,2,5,34" ten="167,371,285,177" oya="2" hai0="27,58,87,110,39,54,50,52,35,84,133,71,24" hai1="86,47,51,90,108,99,48,78,92,109,25,74,41" hai2="122,104,116,130,85,1,118,9,60,37,64,102,101" hai3="57,26,28,115,31,124,119,55,53,6,121,20,93"/><V120/><F37/><W45/><G119/><T65/><D110/><N who="1" m="42603" /><E74/><V69/><F130/><W77/><G121/><N who="2" m="46697" /><F85/><W30/><G124/><T22/><D133/><U62/><E62/><V103/><F103/><W0/><G115/><T2/><D39/><N who="1" m="21951" /><E25/><V88/><F88/><W127/><G127/><T117/><D117/><U89/><E78/><V100/><F100/><W134/><G134/><T15/><D71/><U82/><AGARI ba="0,0" hai="48,51,82,86,89,90,92,99" m="21951,42603" machi="82" ten="30,1100,0" yaku="14,1" doraHai="34" who="1" fromWho="1" sc="167,-3,371,11,285,-5,177,-3" /><INIT seed="3,0,0,5,5,134" ten="164,382,280,174" oya="3" hai0="21,87,56,101,123,114,43,98,75,40,104,67,65" hai1="22,44,48,5,28,84,36,76,14,29,68,131,59" hai2="127,63,129,66,53,103,99,88,113,3,1,96,109" hai3="7,80,121,41,26,38,33,54,118,12,85,92,93"/><W2/><G118/><T86/><D123/><U10/><E68/><V108/><F113/><W24/><G121/><T97/><D75/><U18/><E131/><V106/><F53/><W31/><G2/><T30/><D114/><U116/><E36/><V15/><F129/><W82/><G82/><T133/><D133/><U20/><E59/><N who="2" m="37247" /><F15/><W72/><G54/><T91/><D98/><U77/><E22/><V46/><F46/><W128/><G128/><T25/><D87/><U125/><E77/><V102/><F88/><W90/><G72/><T4/><D4/><U61/><E5/><V51/><F51/><W74/><G74/><T73/><D73/><U13/><E48/><V9/><F9/><W57/><G57/><T27/><D27/><U95/><E10/><V70/><F70/><W111/><G111/><N who="2" m="42569" /><F127/><W62/><G62/><T122/><D122/><U52/><E125/><V107/><AGARI ba="0,0" hai="1,3,96,99,102,103,106,107" m="42569,37247" machi="107" ten="30,1100,0" yaku="14,1" doraHai="134" who="2" fromWho="2" sc="164,-3,382,-3,280,11,174,-5" /><INIT seed="4,0,0,1,1,98" ten="161,379,291,169" oya="0" hai0="119,89,108,112,134,104,42,57,13,21,79,121,113" hai1="82,114,22,100,69,72,61,74,29,97,2,90,129" hai2="77,40,60,36,115,51,8,75,5,103,31,93,62" hai3="10,101,111,27,1,116,70,32,125,84,96,78,56"/><T46/><D119/><U95/><E2/><V124/><F36/><W26/><G111/><T83/><D121/><U68/><E129/><V50/><F115/><N who="0" m="44106" /><D108/><U117/><E117/><V59/><F31/><W127/><G116/><T88/><D134/><U11/><E11/><V34/><F34/><W41/><G70/><T133/><D133/><U28/><E74/><V128/><F128/><W123/><G123/><T67/><D104/><U0/><E0/><V43/><F77/><W6/><G41/><T109/><D109/><U7/><E7/><V33/><F33/><W39/><G39/><N who="0" m="21855" /><D67/><U71/><E61/><V66/><F75/><W80/><G56/><T81/><D57/><U16/><E114/><V122/><F122/><W85/><G85/><N who="0" m="48319" /><D83/><U73/><E73/><V19/><F59/><W135/><G135/><T48/><D48/><U3/><E3/><V86/><F51/><W110/><G110/><T20/><D20/><U4/><E4/><V55/><F66/><W102/><G32/><T105/><D105/><U92/><E82/><V130/><F50/><W132/><G132/><T65/><D65/><U91/><E91/><V53/><F130/><W118/><G118/><T14/><D21/><U38/><E38/><V24/><F43/><W49/><G49/><T44/><D44/><U76/><E76/><V120/><F40/><W37/><G37/><T23/><D23/><U58/><E72/><V131/><F131/><W87/><G78/><T9/><D9/><U106/><E58/><V47/><F47/><W107/><G10/><T45/><D45/><U15/><E106/><RYUUKYOKU ba="0,0" sc="161,15,379,15,291,-15,169,-15" hai0="13,14,88,89" hai1="15,16,22,28,29,68,69,71,90,92,95,97,100" /><INIT seed="4,1,0,0,0,14" ten="176,394,276,154" oya="0" hai0="133,74,83,10,119,37,114,81,80,28,82,9,58" hai1="77,113,27,4,111,56,94,129,39,115,86,59,63" hai2="128,93,132,40,95,121,122,19,87,127,76,99,65" hai3="32,66,49,85,60,90,6,96,100,124,64,62,15"/><T22/><D119/><U67/><E111/><V117/><F65/><W69/><G124/><T70/><D70/><U91/><E39/><V23/><F117/><W97/><G32/><T110/><D110/><U44/><E129/><V36/><F127/><W134/><G134/><T57/><D133/><U46/><E77/><V5/><F132/><W53/><G6/><T107/><D107/><U7/><E59/><V102/><F128/><W0/><G0/><T78/><D114/><N who="1" m="43531" /><E27/><V118/><F5/><AGARI ba="1,0" hai="4,5,7,44,46,56,63,67,86,91,94" m="43531" machi="5" ten="30,2000,0" yaku="15,1,11,1" doraHai="14" who="1" fromWho="2" sc="176,0,394,23,276,-23,154,0" /><INIT seed="5,0,0,2,0,79" ten="176,417,253,154" oya="1" hai0="47,36,120,126,119,57,128,118,21,110,9,99,35" hai1="77,48,78,34,61,125,3,69,85,44,97,27,94" hai2="103,71,25,68,107,41,12,17,50,5,42,58,87" hai3="111,105,43,11,86,7,83,14,0,112,100,29,10"/><U20/><E125/><V93/><F107/><W101/><G111/><T54/><D110/><U104/><E3/><V31/><F5/><W72/><G72/><T76/><D35/><U131/><E131/><V39/><F39/><W114/><G29/><T28/><D128/><U45/><E104/><V108/><F108/><W62/><G43/><T135/><D126/><U52/><E45/><V56/><F68/><W96/><G100/><T91/><D76/><U38/><E85/><V134/><F71/><W65/><G11/><T6/><D135/><U109/><E34/><V55/><F56/><W75/><G14/><T24/><D47/><U102/><E38/><V16/><F17/><W23/><G23/><T84/><D99/><U40/><E109/><V13/><F13/><W123/><G123/><T73/><D73/><U90/><E102/><V95/><F134/><W122/><G75/><T1/><D36/><U33/><E33/><V88/><F25/><W124/><G122/><T106/><D106/><U30/><E69/><V127/><F31/><W82/><G124/><T67/><D67/><U80/><E80/><V133/><F133/><W18/><G18/><T81/><REACH who="0" step="1"/><D120/><REACH who="0" ten="166,417,253,154" step="2"/><U37/><E37/><V113/><F127/><W4/><G86/><T66/><D66/><U46/><E46/><V74/><F74/><W98/><G98/><T116/><D116/><U51/><E78/><V32/><F32/><W19/><G65/><T117/><D117/><U53/><E77/><V26/><F87/><W2/><G105/><T70/><D70/><U49/><E40/><V60/><F41/><RYUUKYOKU ba="0,1" sc="166,15,417,15,253,-15,154,-15" hai0="1,6,9,21,24,28,54,57,81,84,91,118,119" hai1="20,27,30,44,48,49,51,52,53,61,90,94,97" /><INIT seed="5,1,1,4,2,59" ten="181,432,238,139" oya="1" hai0="13,129,47,65,44,99,12,38,72,25,8,35,1" hai1="127,95,117,23,30,133,96,125,16,114,77,120,115" hai2="5,68,36,92,134,130,132,26,54,27,85,135,32" hai3="131,82,89,119,31,48,9,108,102,91,104,90,71"/><U76/><E120/><V10/><F36/><W18/><G108/><T66/><D1/><U15/><E117/><V21/><F68/><W57/><G71/><T67/><D72/><U113/><E30/><N who="2" m="19543" /><F54/><W88/><G119/><T64/><D129/><U107/><E107/><V73/><F73/><W61/><G131/><T84/><D13/><U22/><E133/><V0/><F85/><W123/><G123/><T118/><D118/><U19/><E77/><V128/><F92/><W14/><G31/><AGARI ba="1,1" hai="0,5,10,21,27,31,128,130,132,134,135" m="19543" machi="31" ten="30,3900,0" yaku="20,1,34,2" doraHai="59" who="2" fromWho="3" sc="181,0,432,0,238,52,139,-42" /><INIT seed="6,0,0,5,1,17" ten="181,432,290,97" oya="2" hai0="47,55,25,35,122,46,13,99,29,84,133,11,57" hai1="28,63,48,31,68,52,106,70,8,54,85,18,109" hai2="6,41,36,53,125,14,116,105,115,110,33,75,104" hai3="16,38,92,79,124,39,37,56,72,91,88,19,4"/><V24/><F53/><W64/><G124/><T3/><D133/><U98/><E109/><V127/><F116/><W90/><G4/><T34/><D122/><U111/><E111/><V1/><F110/><W66/><G92/><T65/><D3/><U77/><E77/><V30/><F75/><W97/><G97/><T78/><D35/><U60/><E85/><V9/><F115/><W96/><G96/><T27/><D65/><U126/><E8/><V71/><F71/><W81/><REACH who="3" step="1"/><G66/><REACH who="3" ten="181,432,290,87" step="2"/><T103/><D99/><U82/><E98/><V94/><F94/><W69/><G69/><T134/><D103/><U123/><E126/><N who="2" m="48139" /><F105/><W119/><G119/><T118/><D118/><U15/><E70/><V5/><F104/><W26/><G26/><T129/><D27/><U0/><E68/><V80/><F80/><W87/><G87/><T49/><D84/><U22/><E82/><V21/><F5/><W59/><G59/><T86/><D25/><U32/><E106/><V12/><F33/><W42/><G42/><T61/><D34/><U93/><E93/><V135/><F135/><W120/><G120/><T43/><D43/><U20/><E32/><V7/><F7/><W58/><G58/><T45/><D57/><U73/><E123/><V100/><F100/><W114/><G114/><T50/><D134/><U101/><E101/><V76/><F76/><W113/><G113/><T62/><D78/><U83/><E83/><V10/><F41/><W23/><G23/><T132/><D132/><U67/><E67/><V117/><F117/><W74/><G74/><T44/><D86/><RYUUKYOKU ba="0,1" sc="181,-10,432,-10,290,-10,87,30" hai3="16,19,37,38,39,56,64,72,79,81,88,90,91" /><INIT seed="7,1,1,4,1,96" ten="171,422,280,117" oya="3" hai0="135,53,74,13,128,106,31,63,36,59,21,119,108" hai1="4,11,47,124,34,101,55,62,12,24,72,22,38" hai2="110,127,40,93,66,111,130,58,79,95,43,109,49" hai3="112,17,123,41,15,29,105,50,35,120,86,19,51"/><W77/><G105/><T65/><D108/><U122/><E72/><V134/><F79/><W68/><G68/><T26/><D119/><U5/><E34/><V44/><F134/><W117/><G117/><T121/><D121/><U126/><E5/><V2/><F2/><W25/><G112/><T52/><D74/><U82/><E82/><V78/><F78/><W88/><G77/><T73/><D73/><U98/><E38/><V3/><F3/><W60/><G60/><T89/><D135/><U131/><E47/><V84/><F43/><W0/><G0/><T125/><D36/><U133/><E55/><V80/><F127/><W118/><G118/><T64/><D125/><U57/><E57/><V45/><F45/><W27/><G27/><T56/><D128/><U94/><E131/><V30/><F130/><W115/><G115/><T54/><D106/><U69/><E62/><N who="2" m="38231" /><F30/><W90/><G41/><T10/><D89/><N who="3" m="34409" /><G86/><T67/><D63/><U20/><E69/><V46/><F84/><W104/><G104/><T103/><D103/><U87/><E101/><V100/><F100/><W33/><G33/><T129/><D129/><U113/><E87/><V70/><F70/><W1/><G1/><T9/><D9/><U116/><E116/><V83/><F93/><W48/><G19/><AGARI ba="1,1" hai="10,13,19,21,26,31,52,53,54,56,59,64,65,67" machi="19" ten="40,2600,0" yaku="8,1,54,1" doraHai="96" who="0" fromWho="3" sc="171,39,422,0,280,0,117,-29" owari="210,-19.0,422,52.2,280,8.0,88,-41.2" /></mjloggm>