<mjloggm ver="2.3"><GO type="169" lobby="0"/><UN n0="%6E%61%67%61%69%6D%6F" n1="%E6%8C%91%E6%88%A6%E8%80%85%EF%BC%81" n2="%E4%BA%BA%E5%8F%82%E5%BD%B9%E8%80%85%E3%81%8F%E3%82%93" n3="%43%68%61%72%6F%2E" dan="16,17,17,17" rate="2113.89,2186.81,2167.75,2189.70" sx="M,M,M,M"/><TAIKYOKU oya="0"/><INIT seed="0,0,0,2,1,34" ten="250,250,250,250" oya="0" hai0="84,128,81,3,10,31,122,24,107,85,13,9,133" hai1="120,82,106,78,12,18,41,52,57,75,72,96,95" hai2="132,36,104,112,73,113,7,28,68,77,103,65,118" hai3="89,33,111,59,116,80,109,108,99,51,15,37,19"/><T25/><D107/><U17/><E120/><V74/><F118/><W123/><G116/><T69/><D69/><U97/><E41/><V90/><F36/><W61/><G37/><T125/><D122/><U92/><E72/><N who="2" m="27755" /><F28/><W43/><G33/><T55/><D55/><U70/><E70/><V129/><F7/><W1/><G123/><T8/><D13/><U62/><E106/><V35/><F35/><W76/><G76/><T46/><D46/><U79/><E79/><V131/><F65/><W40/><G51/><T88/><D31/><U30/><E30/><V135/><F77/><W16/><G19/><T117/><D117/><U100/><REACH who="1" step="1"/><E12/><REACH who="1" ten="250,240,250,250" step="2"/><V94/><F68/><W11/><G43/><T38/><D38/><U127/><E127/><V39/><F39/><W56/><G40/><T0/><D125/><U23/><E23/><V32/><F32/><W115/><G111/><T54/><D25/><U49/><E49/><V4/><F104/><W98/><G108/><T124/><D24/><U86/><E86/><V102/><F113/><W44/><G109/><T101/><D85/><U50/><E50/><V14/><F112/><W67/><G115/><T121/><D124/><U5/><E5/><V60/><F4/><W119/><G119/><T47/><D121/><U63/><E63/><V126/><F60/><W29/><G29/><T71/><D71/><U114/><E114/><V53/><F126/><W130/><G61/><T20/><D20/><U27/><E27/><V110/><F110/><W105/><G105/><T45/><D84/><U42/><E42/><V6/><F6/><RYUUKYOKU ba="0,1" sc="250,-10,240,30,250,-10,250,-10" hai1="17,18,52,57,62,75,78,82,92,95,96,97,100" /><INIT seed="1,1,1,2,4,126" ten="240,270,240,240" oya="1" hai0="103,72,47,96,122,50,64,32,58,81,120,43,132" hai1="22,115,100,68,1,101,66,35,18,51,17,25,76" hai2="118,73,69,77,21,127,67,63,56,57,14,89,41" hai3="87,128,85,45,105,117,12,112,123,37,8,42,97"/><U49/><E115/><V16/><F127/><W54/><G112/><T33/><D132/><U0/><E35/><V102/><F118/><W71/><G123/><T84/><D72/><U111/><E76/><V95/><F102/><W90/><G117/><T82/><D82/><U130/><E66/><V10/><F41/><W46/><G71/><T59/><D33/><U3/><E68/><V30/><F73/><W98/><G105/><T114/><D32/><U27/><E111/><V31/><F77/><W93/><G87/><T104/><D114/><U38/><E38/><V91/><F91/><W7/><G128/><T129/><D64/><U48/><E130/><V116/><F116/><W19/><G46/><T135/><D135/><U55/><E55/><V23/><F57/><W20/><REACH who="3" step="1"/><G54/><REACH who="3" ten="240,270,240,230" step="2"/><T124/><D124/><U29/><E29/><N who="2" m="10763" /><F69/><W134/><G134/><T131/><D59/><U52/><E52/><V121/><F121/><N who="0" m="46698" /><D58/><U53/><E53/><V99/><AGARI ba="1,2" hai="10,14,16,21,23,56,63,67,89,95,99" m="10763" machi="99" ten="30,2000,0" yaku="8,1,54,1" doraHai="126" who="2" fromWho="2" sc="240,-6,270,-11,240,43,230,-6" /><INIT seed="2,0,0,0,3,17" ten="234,259,283,224" oya="2" hai0="51,70,47,57,104,116,22,46,96,122,90,33,6" hai1="3,56,4,62,65,10,118,2,36,117,85,72,135" hai2="37,86,125,43,89,9,100,50,132,121,73,31,12" hai3="98,15,60,58,114,14,105,24,92,110,128,38,134"/><V131/><F121/><W119/><G119/><T101/><D33/><U52/><E72/><V93/><F125/><W55/><G110/><T13/><D70/><U5/><E36/><V91/><F73/><W95/><G128/><T80/><D122/><U7/><E135/><V94/><F132/><W112/><G134/><T45/><D116/><U19/><E118/><V71/><F71/><W126/><G126/><T111/><D111/><U18/><E117/><V102/><F37/><W79/><G38/><T28/><D6/><U49/><E85/><V77/><F77/><W35/><G79/><T67/><D80/><U124/><E124/><V27/><F131/><W88/><G105/><T108/><D90/><U59/><REACH who="1" step="1"/><E4/><REACH who="1" ten="234,249,283,224" step="2"/><V54/><F43/><W107/><G107/><T32/><D108/><U97/><E97/><V53/><F86/><W68/><G92/><T127/><D127/><U87/><E87/><V78/><F94/><W63/><G114/><T115/><D115/><U113/><E113/><V39/><F93/><W84/><G84/><T133/><D133/><U48/><E48/><V25/><F50/><W129/><G112/><T106/><D106/><U29/><E29/><V76/><F39/><W75/><G75/><T74/><D74/><U20/><E20/><V8/><F31/><N who="3" m="19943" /><G129/><T64/><D32/><U99/><E99/><V0/><F0/><W11/><G11/><AGARI ba="0,1" hai="2,3,5,7,10,11,18,19,49,52,56,59,62,65" machi="11" ten="40,5200,0" yaku="1,1,9,1,54,1,53,0" doraHai="17" doraHaiUra="83" who="1" fromWho="3" sc="234,0,249,62,283,0,224,-52" /><INIT seed="3,0,0,5,0,103" ten="234,311,283,172" oya="3" hai0="39,63,90,43,1,18,78,6,0,24,72,4,5" hai1="37,93,100,8,55,40,115,68,3,82,22,12,14" hai2="36,57,41,23,108,89,113,64,30,132,29,122,131" hai3="26,118,31,109,107,27,34,61,53,130,87,59,58"/><W127/><G118/><T111/><D63/><U54/><E115/><V81/><F113/><W65/><G130/><T51/><D39/><U94/><E68/><V50/><F108/><W32/><G127/><T7/><D111/><U62/><E3/><V95/><F132/><W25/><G109/><T71/><D71/><U52/><E40/><V16/><F81/><W92/><G107/><T33/><D78/><U70/><E37/><V105/><F105/><W13/><G13/><T56/><D72/><U114/><E114/><V124/><F122/><W123/><G123/><T116/><D116/><U125/><E125/><V75/><F75/><W67/><G32/><T2/><D90/><U73/><E70/><V21/><F21/><W69/><G69/><T9/><D43/><U91/><E73/><V84/><F131/><W112/><G112/><T102/><D102/><U126/><E126/><V38/><F38/><W74/><G74/><T49/><D56/><U42/><E42/><V106/><F106/><W85/><G67/><T19/><D51/><U83/><E62/><N who="2" m="37967" /><F36/><W80/><G92/><N who="1" m="35434" /><E100/><V47/><F124/><W28/><G34/><T15/><D49/><U96/><E96/><V117/><F117/><W44/><G44/><T120/><D120/><U45/><E45/><V88/><F89/><N who="3" m="51367" /><G87/><T60/><D60/><AGARI ba="0,0" hai="25,26,27,28,31,53,58,59,60,61,65" m="51367" machi="60" ten="30,1500,0" yaku="8,1" doraHai="103" who="3" fromWho="0" sc="234,-15,311,0,283,0,172,15" /><INIT seed="3,1,0,3,4,53" ten="219,311,283,187" oya="3" hai0="62,105,110,33,108,13,83,100,111,93,10,92,78" hai1="43,59,117,29,42,89,82,95,0,134,91,124,130" hai2="1,71,68,31,36,38,121,20,27,12,46,45,30" hai3="131,66,44,106,56,28,72,16,81,94,101,80,55"/><W122/><G106/><T39/><D39/><U73/><E0/><V23/><F1/><W116/><G122/><T114/><D33/><U77/><E29/><V69/><F121/><W67/><G116/><T11/><D11/><U54/><E117/><V6/><F6/><W120/><G120/><T104/><D62/><U76/><E76/><V118/><F118/><W48/><G131/><T60/><D60/><U128/><E124/><V84/><F84/><W88/><G101/><T49/><D49/><N who="1" m="31183" /><E91/><V119/><F119/><W123/><G28/><T2/><D2/><U70/><E70/><V115/><F12/><W127/><G127/><T112/><D10/><U109/><E134/><V135/><F115/><N who="0" m="44074" /><D13/><U50/><E50/><V87/><F87/><N who="3" m="52511" /><G72/><N who="0" m="43463" /><D100/><U51/><E51/><V58/><F58/><W41/><G123/><T40/><D40/><U129/><E109/><V15/><F15/><W22/><G41/><T132/><D132/><U133/><E133/><V19/><F135/><W21/><G44/><T24/><D24/><U107/><E107/><AGARI ba="1,0" hai="92,93,104,105,107,108,110,111" m="43463,44074" machi="107" ten="40,8000,1" yaku="14,1,11,1,34,2" doraHai="53" who="0" fromWho="1" sc="219,83,311,-83,283,0,187,0" /><INIT seed="4,0,0,1,0,58" ten="302,228,283,187" oya="0" hai0="74,61,20,127,29,57,52,36,81,110,133,55,103" hai1="69,135,78,72,3,14,48,6,5,31,26,66,13" hai2="83,35,18,8,123,15,132,68,109,47,17,24,104" hai3="80,39,40,101,131,34,117,70,93,96,51,45,59"/><T90/><D36/><U63/><E135/><V37/><F123/><W1/><G117/><T94/><D133/><U84/><E72/><V95/><F104/><W108/><G108/><T16/><D110/><U41/><E3/><V124/><F124/><W67/><G1/><T44/><D127/><U100/><E100/><V115/><F115/><W86/><G34/><T102/><D29/><U50/><E13/><V32/><F68/><W30/><G30/><T126/><D126/><U11/><E5/><V38/><F132/><W98/><G131/><T122/><D122/><U2/><E2/><V99/><F83/><W7/><G7/><T105/><D105/><U53/><E41/><V56/><F56/><W43/><G43/><T77/><D44/><U4/><E4/><V71/><F71/><W89/><G70/><T64/><D64/><U46/><E50/><V106/><F106/><W75/><G39/><T10/><D55/><U12/><E12/><V88/><F109/><W116/><G116/><T129/><D10/><U91/><E78/><V82/><F82/><W76/><REACH who="3" step="1"/><G101/><REACH who="3" ten="302,228,283,177" step="2"/><T33/><D33/><U119/><E119/><V0/><F0/><W60/><AGARI ba="0,1" hai="40,45,51,59,60,67,75,76,80,86,89,93,96,98" machi="60" ten="30,7900,0" yaku="1,1,2,1,0,1,52,1,53,0" doraHai="58" doraHaiUra="27" who="3" fromWho="3" sc="302,-39,228,-20,283,-20,177,89" /><INIT seed="5,0,0,5,1,99" ten="263,208,263,266" oya="1" hai0="130,0,64,124,112,49,45,108,81,61,114,106,88" hai1="23,22,66,120,39,6,26,8,113,11,104,12,3" hai2="2,57,34,52,60,63,18,80,119,87,35,97,20" hai3="24,110,14,100,7,77,36,62,58,107,111,86,54"/><U70/><E120/><V48/><F119/><W121/><G36/><T78/><D0/><U43/><E113/><V98/><F2/><W42/><G121/><T133/><D108/><U129/><E129/><V96/><F34/><W79/><G42/><T40/><D130/><U83/><E104/><V72/><F35/><W76/><G86/><T71/><D133/><U31/><E66/><V75/><F72/><W109/><G24/><T118/><D118/><U55/><E70/><V117/><F75/><W32/><G32/><T103/><D124/><U33/><E55/><V132/><F132/><W69/><G69/><T25/><D25/><U53/><E53/><V115/><F115/><W27/><G27/><T65/><D65/><U128/><E83/><V90/><REACH who="2" step="1"/><F117/><REACH who="2" ten="263,208,253,266" step="2"/><W46/><G111/><T89/><D114/><U125/><E128/><V92/><F92/><W127/><G110/><T126/><D112/><U1/><E125/><V4/><F4/><W123/><G109/><T44/><D126/><U38/><E1/><V73/><F73/><W122/><G127/><T94/><D106/><U134/><E134/><V9/><F9/><W85/><G7/><T29/><D94/><U13/><E3/><V91/><F91/><W15/><G123/><T135/><D88/><U5/><E39/><V17/><F17/><W74/><G74/><T10/><D89/><U19/><E19/><V68/><F68/><W21/><G122/><T101/><D135/><U82/><E82/><V30/><F30/><W41/><G107/><T93/><D81/><U56/><E56/><V50/><F50/><RYUUKYOKU ba="0,1" sc="263,-15,208,15,253,15,266,-15" hai1="5,6,8,11,12,13,22,23,26,31,33,38,43" hai2="18,20,48,52,57,60,63,80,87,90,96,97,98" /><INIT seed="5,1,1,3,5,46" ten="248,223,268,251" oya="1" hai0="127,116,122,32,87,112,16,19,104,66,126,119,102" hai1="56,75,107,61,10,25,50,110,35,125,64,49,82" hai2="12,69,72,95,67,48,89,85,59,131,29,52,81" hai3="99,28,96,97,0,14,108,123,33,132,41,8,40"/><U133/><E107/><V90/><F131/><W129/><G123/><T2/><D122/><U80/><E125/><V101/><F101/><W15/><G108/><T60/><D2/><U128/><E110/><V45/><F29/><W62/><G129/><T79/><D32/><U24/><E128/><V47/><F72/><W7/><G132/><T106/><D112/><U42/><E133/><V71/><F12/><W103/><G103/><T118/><D87/><U74/><E74/><V93/><F81/><N who="1" m="31337" /><E35/><V9/><F9/><W114/><G114/><T34/><D34/><U121/><E75/><V117/><F117/><W77/><G77/><T94/><D79/><U26/><E42/><N who="3" m="16490" /><G33/><T11/><D106/><U17/><E121/><V84/><F67/><W92/><G28/><T43/><D43/><U115/><E115/><V44/><AGARI ba="1,1" hai="44,45,47,48,52,59,69,71,84,85,89,90,93,95" machi="44" ten="30,7900,0" yaku="0,1,9,1,52,1,54,1" doraHai="46" who="2" fromWho="2" sc="248,-21,223,-40,268,92,251,-21" /><INIT seed="6,0,0,0,0,116" ten="227,183,360,230" oya="2" hai0="64,6,86,1,79,18,31,15,99,46,122,101,108" hai1="23,22,132,53,89,80,14,40,100,66,62,95,77" hai2="133,32,0,54,126,50,30,44,125,57,105,96,48" hai3="56,38,58,61,81,131,128,33,83,102,49,135,51"/><V16/><F0/><W24/><G102/><T110/><D31/><U124/><E132/><V119/><F119/><W25/><G61/><T97/><D64/><U65/><E124/><V109/><F133/><W11/><G135/><T37/><D1/><U78/><E40/><V74/><F74/><W118/><G118/><T27/><D6/><U43/><E43/><V117/><F117/><W68/><G11/><T106/><D27/><U19/><E100/><V113/><F96/><W84/><G84/><T17/><D97/><U103/><E103/><V35/><F105/><W73/><G73/><T134/><D18/><U127/><E127/><V20/><F113/><W98/><G98/><T7/><D7/><U107/><E107/><V34/><F30/><W130/><G68/><T69/><D69/><U29/><E53/><V28/><F28/><W85/><G85/><T8/><D134/><U91/><E91/><V72/><F72/><W39/><REACH who="3" step="1"/><G131/><REACH who="3" ten="227,183,360,220" step="2"/><T90/><D110/><U52/><E66/><V121/><F109/><W41/><G41/><T94/><D108/><U70/><E80/><V63/><F63/><W10/><G10/><T47/><D37/><U55/><E78/><V129/><F129/><W12/><G12/><T26/><D26/><U2/><E77/><V5/><F126/><W76/><G76/><T59/><D79/><U115/><E115/><V120/><F125/><W114/><G114/><T9/><D9/><U45/><E2/><V112/><F112/><W111/><G111/><T93/><D106/><U75/><E75/><V60/><F60/><W71/><G71/><RYUUKYOKU ba="0,1" sc="227,-10,183,-10,360,-10,220,30" hai3="24,25,33,38,39,49,51,56,58,81,83,128,130" /><INIT seed="7,1,1,0,5,127" ten="217,173,350,250" oya="3" hai0="98,79,43,99,23,67,113,9,3,2,11,125,0" hai1="28,27,123,66,60,38,47,112,16,101,24,116,58" hai2="80,10,91,94,44,75,14,95,26,124,109,35,85" hai3="71,132,104,6,53,8,115,57,74,81,32,73,31"/><W135/><G104/><T49/><D125/><U52/><E123/><V40/><F124/><W30/><G71/><T119/><D119/><U33/><E116/><V45/><F109/><W105/><G105/><T72/><D67/><U118/><E118/><V120/><F45/><W107/><G107/><T7/><D113/><U48/><E101/><V20/><F35/><W87/><G115/><T83/><D23/><U1/><E1/><V63/><F63/><W12/><G74/><T51/><D43/><U92/><E112/><V41/><F75/><W36/><G36/><T89/><D89/><U29/><E92/><N who="2" m="35371" /><F44/><W34/><G73/><T86/><D72/><U50/><E38/><V97/><F97/><W15/><G15/><T82/><D0/><U65/><E50/><V68/><F68/><W111/><G34/><T25/><D25/><U126/><E126/><V61/><F61/><W84/><G84/><T129/><D86/><U4/><E4/><N who="2" m="3399" /><F120/><W13/><G32/><T88/><D7/><U121/><E121/><V108/><F108/><W39/><G39/><T37/><D37/><U46/><E16/><AGARI ba="1,1" hai="16,20,26,40,41,80,85,91" m="3399,35371" machi="16" ten="30,2000,0" yaku="8,1,54,1" doraHai="127" who="2" fromWho="1" sc="217,0,173,-23,350,33,250,0" owari="217,-18.3,150,-35.0,383,48.3,250,5.0" /></mjloggm>