<mjloggm ver="2.3"><GO type="169" lobby="0"/><UN n0="%42%4F%53%23%31%31" n1="%75%79%61%6D%61" n2="%73%61%69%63%68%61%6E%7A" n3="%E5%A4%95%E5%87%AA" dan="16,17,17,17" rate="2116.50,2133.63,2142.09,2076.28" sx="M,M,M,M"/><TAIKYOKU oya="0"/><INIT seed="0,0,0,4,4,75" ten="250,250,250,250" oya="0" hai0="37,97,33,55,89,78,107,20,86,64,2,4,56" hai1="46,54,115,52,101,108,23,22,84,82,44,7,102" hai2="16,12,132,117,88,123,45,41,116,34,27,5,9" hai3="43,94,35,3,77,0,21,57,121,42,99,90,92"/><T67/><D33/><U60/><E108/><V87/><F123/><W127/><G35/><T85/><D37/><U79/><E7/><V100/><F100/><N who="1" m="38505" /><E115/><V135/><F5/><W134/><G121/><T61/><D107/><U38/><E38/><N who="2" m="21687" /><F27/><W13/><G134/><N who="2" m="51241" /><F34/><W71/><G71/><T66/><D2/><U70/><E70/><V28/><F28/><W26/><G13/><T25/><D4/><U80/><E80/><AGARI ba="0,0" hai="9,12,16,80,87,88,116,117" m="51241,21687" machi="80" ten="30,3900,0" yaku="20,1,54,2" doraHai="75" who="2" fromWho="1" sc="250,0,250,-39,250,39,250,0" /><INIT seed="1,0,0,0,1,59" ten="250,211,289,250" oya="1" hai0="118,34,0,87,23,39,134,56,127,70,110,88,68" hai1="40,64,81,21,121,122,98,103,94,120,72,4,115" hai2="19,62,13,119,92,41,109,45,11,47,57,50,126" hai3="131,108,33,69,107,63,135,128,25,95,17,16,130"/><U38/><E115/><V73/><F119/><W51/><G108/><T84/><D34/><U52/><E4/><V100/><F109/><W112/><G112/><T9/><D118/><U97/><E64/><V99/><F126/><W133/><G107/><T123/><D123/><U91/><E40/><V114/><F114/><W2/><G51/><T86/><D110/><U124/><E38/><V1/><F73/><W65/><G2/><T129/><D39/><U54/><E124/><V96/><F1/><W80/><G80/><T61/><D127/><U43/><E43/><V14/><F47/><W7/><G7/><T105/><D105/><U111/><E21/><V18/><F99/><W26/><G95/><T82/><D129/><U71/><E71/><V22/><F57/><W3/><G3/><T77/><D134/><N who="3" m="51209" /><G26/><T55/><D23/><U75/><E111/><V32/><F32/><W90/><G90/><T125/><D125/><U83/><E83/><V113/><F113/><W102/><G102/><T117/><D87/><U28/><E28/><AGARI ba="0,0" hai="16,17,25,28,33,63,65,69,128,130,131" m="51209" machi="28" ten="40,8000,1" yaku="19,1,20,1,52,1,54,1" doraHai="59" who="3" fromWho="1" sc="250,0,211,-80,289,0,250,80" /><INIT seed="2,0,0,5,5,128" ten="250,131,289,330" oya="2" hai0="93,70,22,16,132,20,98,7,26,131,110,79,40" hai1="44,38,58,13,61,11,102,30,49,3,96,15,25" hai2="116,60,122,53,75,78,71,37,73,100,109,87,89" hai3="5,76,135,18,72,123,129,48,112,74,62,9,23"/><V12/><F116/><W31/><G123/><T41/><D131/><U27/><E38/><V106/><F122/><W24/><G129/><T94/><D110/><U36/><E36/><V55/><F37/><W2/><G112/><T45/><D70/><U4/><E3/><V47/><F109/><W115/><G115/><T114/><D114/><U35/><E15/><V51/><F78/><W17/><G17/><T133/><D7/><U43/><E30/><V46/><F100/><W124/><G48/><T103/><D79/><U126/><E35/><V134/><F106/><W130/><G124/><T86/><D86/><U108/><E126/><V92/><F134/><N who="0" m="51818" /><D45/><U6/><E6/><V77/><F77/><W28/><G74/><T111/><D111/><U120/><E120/><V105/><F105/><W80/><G130/><T104/><D22/><U52/><REACH who="1" step="1"/><E108/><REACH who="1" ten="250,121,289,330" step="2"/><V81/><F12/><W8/><G135/><T33/><D33/><U1/><E1/><V101/><F73/><W59/><G8/><T119/><D119/><U83/><E83/><V14/><F14/><W19/><G31/><T85/><D85/><U107/><AGARI ba="0,1" hai="4,11,13,25,27,43,44,49,52,58,61,96,102,107" machi="107" ten="20,8000,1" yaku="1,1,0,1,7,1,54,1,53,1" doraHai="128" doraHaiUra="95" who="1" fromWho="1" sc="250,-20,121,90,289,-40,330,-20" /><INIT seed="3,0,0,1,4,71" ten="230,211,249,310" oya="3" hai0="113,48,49,92,134,75,10,82,65,98,8,37,28" hai1="57,2,131,72,99,23,126,30,53,130,9,69,78" hai2="59,100,119,63,109,124,103,64,61,35,112,93,94" hai3="38,26,135,84,114,24,116,60,97,128,0,117,91"/><W107/><G0/><T118/><D118/><U87/><E69/><V27/><F112/><W22/><G114/><T85/><D75/><U58/><E72/><V79/><F119/><W36/><G26/><T50/><D113/><U81/><E126/><V44/><F124/><W56/><G117/><T5/><D134/><U88/><E30/><V83/><F109/><W20/><G20/><T46/><D65/><U127/><E127/><V121/><F121/><W123/><G123/><T4/><D28/><U31/><E23/><V110/><F110/><W125/><G125/><T19/><D37/><U68/><E68/><V14/><F61/><W106/><G116/><T62/><D62/><U86/><E31/><V96/><F14/><W43/><G43/><T70/><D70/><U89/><E99/><V21/><F35/><W54/><G128/><N who="1" m="49194" /><E53/><V6/><F6/><N who="0" m="2666" /><D46/><U15/><E2/><V11/><F44/><W45/><G45/><T52/><D52/><U39/><E39/><N who="3" m="14890" /><G135/><T76/><D19/><N who="1" m="8687" /><E78/><V105/><F11/><W16/><G84/><T95/><D95/><AGARI ba="0,0" hai="57,58,81,86,87,88,89,95" m="8687,49194" machi="95" ten="30,2000,0" yaku="19,1,54,1" doraHai="71" who="1" fromWho="0" sc="230,-20,211,20,249,0,310,0" /><AGARI ba="0,0" hai="16,22,24,54,56,60,91,95,97,106,107" m="14890" machi="95" ten="30,12000,1" yaku="25,1,52,3,54,1" doraHai="71" who="3" fromWho="0" sc="210,-120,231,0,249,0,310,120" /><INIT seed="3,1,0,2,2,26" ten="90,231,249,430" oya="3" hai0="32,36,84,125,43,75,88,7,78,76,79,126,50" hai1="1,49,15,59,44,40,116,134,33,112,51,98,120" hai2="121,91,115,57,118,35,19,62,63,23,61,90,77" hai3="110,108,82,104,30,124,74,106,89,29,27,109,122"/><W5/><G122/><T103/><D36/><U93/><E120/><V95/><F115/><W9/><G124/><N who="0" m="47723" /><D7/><U67/><E112/><V135/><F118/><W41/><G41/><T4/><D4/><U45/><E1/><V11/><F35/><W105/><G27/><T85/><D32/><U48/><E33/><V119/><F119/><W28/><G74/><T128/><D43/><U20/><E116/><V99/><F135/><W100/><G82/><N who="0" m="45343" /><D50/><U92/><E134/><V37/><F37/><W117/><G117/><T86/><D128/><U96/><E67/><V14/><F121/><W13/><G89/><T10/><D10/><U42/><E15/><V21/><F77/><N who="0" m="29194" /><D103/><AGARI ba="1,0" hai="5,9,13,28,29,30,100,103,104,105,106,108,109,110" machi="103" ten="60,18000,2" yaku="29,2,14,1,10,1,52,3" doraHai="26" who="3" fromWho="0" sc="90,-183,231,0,249,0,430,183" owari="-93,-59.3,231,-16.9,249,4.9,613,71.3" /></mjloggm>