<mjloggm ver="2.3"><GO type="169" lobby="0"/><UN n0="%E3%81%8A%E9%AB%98" n1="%E3%81%82%E3%81%95%E3%81%B4%E3%82%93%EF%BC%A0%EF%BD%8D%EF%BD%8A" n2="%E6%96%B0%E6%9C%88%E9%97%87%E9%9F%B3" n3="%E8%B5%A4%E5%BA%A7%E3%81%82%E3%81%8B%E3%82%8A%45%58" dan="18,18,17,16" rate="2248.45,2290.67,2168.73,2152.78" sx="M,M,M,M"/><TAIKYOKU oya="0"/><INIT seed="0,0,0,2,0,119" ten="250,250,250,250" oya="0" hai0="12,64,80,88,14,56,6,103,68,13,78,112,130" hai1="61,127,116,73,135,72,69,104,89,29,63,102,107" hai2="114,66,17,57,16,49,132,111,128,70,7,113,84" hai3="124,120,94,30,18,38,59,39,20,76,81,3,24"/><T53/><D112/><U97/><E116/><V131/><F7/><W85/><G3/><T9/><D130/><N who="2" m="49706" /><F84/><W33/><G124/><T21/><D103/><U5/><E127/><V98/><F98/><W26/><G120/><T134/><D134/><U35/><E135/><V15/><F132/><W11/><G11/><T129/><D64/><N who="1" m="41103" /><E107/><V50/><F17/><W90/><REACH who="3" step="1"/><G59/><REACH who="3" ten="250,250,250,240" step="2"/><T133/><D133/><U67/><E5/><V60/><F111/><W118/><G118/><T54/><D129/><U86/><E67/><V74/><F57/><W122/><G122/><T110/><D110/><U62/><E63/><V87/><F114/><W75/><AGARI ba="0,1" hai="18,20,24,26,30,33,38,39,75,76,81,85,90,94" machi="75" ten="20,2700,0" yaku="1,1,0,1,7,1,53,0" doraHai="119" doraHaiUra="4" who="3" fromWho="3" sc="250,-13,250,-7,250,-7,240,37" /><INIT seed="1,0,0,3,2,90" ten="237,243,243,277" oya="1" hai0="55,56,42,36,11,115,133,131,132,98,2,66,113" hai1="46,21,26,108,89,63,48,19,73,47,76,51,75" hai2="28,116,3,100,124,58,49,27,64,103,39,24,20" hai3="29,30,96,16,14,110,23,54,72,4,8,62,40"/><U69/><E108/><V37/><F116/><W25/><G72/><T70/><D98/><U17/><E69/><V99/><F124/><W102/><G40/><T71/><D11/><U122/><E122/><V13/><F3/><W117/><G117/><T119/><D119/><U91/><E63/><V1/><F1/><W107/><REACH who="3" step="1"/><G110/><REACH who="3" ten="237,243,243,267" step="2"/><T114/><D2/><U123/><E123/><V92/><F39/><W41/><G41/><T88/><D42/><U87/><E75/><V121/><F37/><W9/><G9/><T57/><D36/><U67/><E73/><V104/><F121/><W68/><G68/><T93/><D70/><U22/><E76/><V79/><F79/><W61/><G61/><T35/><D71/><U130/><E130/><V80/><F104/><W32/><G32/><T95/><D35/><U53/><E87/><V127/><F127/><W94/><G94/><T86/><D93/><U106/><E106/><V6/><F92/><W65/><G65/><T38/><D38/><U120/><E120/><V0/><F64/><W81/><G81/><T134/><D131/><U83/><E83/><V101/><F80/><W111/><G111/><T74/><D74/><U50/><E67/><V77/><F77/><W7/><G7/><T84/><D84/><U135/><E135/><V33/><F33/><W45/><G45/><N who="1" m="16906" /><E53/><V44/><F44/><W85/><G85/><T129/><D129/><U10/><E10/><V60/><F60/><W126/><G126/><T125/><D125/><U5/><E5/><V15/><F6/><W34/><G34/><T31/><D133/><RYUUKYOKU ba="0,1" sc="237,-15,243,15,243,-15,267,15" hai1="17,19,21,22,26,48,50,51,89,91" hai3="4,8,14,16,23,25,29,30,54,62,96,102,107" /><INIT seed="1,1,1,1,4,132" ten="222,258,228,282" oya="1" hai0="8,127,102,68,43,49,12,108,48,35,90,17,57" hai1="69,134,11,91,116,16,58,19,117,47,86,32,118" hai2="85,120,56,70,7,104,2,14,109,95,63,45,30" hai3="130,5,36,28,73,44,40,92,38,9,100,84,94"/><U133/><E69/><V46/><F120/><W75/><G38/><T88/><D68/><U128/><E32/><V119/><F104/><W51/><G130/><T34/><D108/><U53/><E128/><V103/><F119/><W121/><G121/><T82/><D102/><U129/><E129/><V60/><F2/><W29/><G36/><T122/><D122/><U24/><E47/><V6/><F109/><W64/><G64/><T80/><D127/><U125/><E125/><V3/><F3/><W59/><G59/><T77/><D34/><U101/><E101/><V20/><F63/><W123/><G123/><T37/><D35/><U67/><E67/><N who="2" m="39303" /><F70/><W126/><G126/><T18/><D18/><U25/><E25/><N who="2" m="16679" /><F85/><W4/><G75/><T62/><D37/><U113/><E113/><V23/><F23/><W106/><G73/><T97/><D43/><U78/><E78/><V1/><F1/><W22/><G22/><T124/><D77/><U96/><E24/><V33/><F33/><W112/><G112/><T0/><D0/><U50/><E86/><V21/><F21/><W42/><G42/><T15/><D15/><N who="1" m="7295" /><E19/><V79/><F79/><W13/><G106/><T31/><D31/><U71/><E71/><V27/><F27/><W55/><G40/><T83/><D124/><U114/><E114/><V89/><F103/><W107/><G107/><T105/><D105/><U131/><E131/><V26/><F26/><W54/><G100/><T65/><D97/><U41/><E41/><V39/><F39/><W93/><G29/><T99/><D99/><U74/><E74/><RYUUKYOKU ba="1,1" sc="222,15,258,15,228,-15,282,-15" hai0="8,12,17,48,49,57,62,65,80,82,83,88,90" hai1="50,53,58,91,96,116,117,118,133,134" /><INIT seed="1,2,1,2,4,40" ten="237,273,213,267" oya="1" hai0="74,117,100,108,95,1,63,134,16,118,69,43,81" hai1="29,75,76,86,27,91,127,105,85,78,30,39,132" hai2="61,25,51,120,128,53,65,88,89,18,44,57,92" hai3="54,96,73,83,24,106,64,70,130,3,56,112,12"/><U28/><E105/><V121/><F128/><W93/><G112/><T47/><D1/><U123/><E123/><V82/><F82/><W45/><G3/><T42/><D42/><U58/><E75/><V116/><F116/><W4/><G106/><T10/><D108/><U50/><E39/><V98/><REACH who="2" step="1"/><F89/><REACH who="2" ten="237,273,203,267" step="2"/><W41/><G83/><T101/><D81/><U17/><E91/><V111/><F111/><W8/><G130/><T36/><D117/><U52/><E132/><V2/><F2/><W46/><G73/><T11/><D74/><U72/><E72/><V87/><F87/><N who="1" m="33289" /><E127/><V33/><F33/><W14/><G96/><T67/><D134/><U0/><E0/><V22/><AGARI ba="2,2" hai="18,22,25,44,51,53,57,61,65,88,92,98,120,121" machi="22" ten="30,7900,0" yaku="1,1,0,1,52,1,54,1,53,0" doraHai="40" doraHaiUra="71" who="2" fromWho="2" sc="237,-22,273,-41,203,105,267,-22" /><INIT seed="2,0,0,2,0,8" ten="215,232,308,245" oya="2" hai0="48,3,28,85,4,27,43,58,102,24,124,62,49" hai1="133,121,109,46,15,84,93,10,96,92,7,94,98" hai2="56,68,103,63,76,39,1,50,23,82,42,37,25" hai3="69,120,91,117,118,19,45,11,80,114,123,79,21"/><V31/><F1/><W53/><G69/><T14/><D124/><U135/><E109/><V74/><F68/><W20/><G91/><T57/><D3/><U129/><E129/><V54/><REACH who="2" step="1"/><F103/><REACH who="2" ten="215,232,298,245" step="2"/><W90/><G120/><T83/><D102/><U40/><E121/><V122/><F122/><W104/><G123/><T26/><D28/><U112/><E112/><V81/><F81/><W16/><G80/><T34/><D34/><U5/><E5/><V130/><F130/><W107/><G114/><T116/><D116/><U113/><E113/><V61/><F61/><W88/><G118/><T52/><D43/><U75/><E75/><V111/><F111/><W64/><G117/><T55/><D62/><U18/><E7/><V134/><F134/><N who="1" m="51209" /><E84/><V72/><F72/><W65/><G19/><T99/><D99/><U95/><N who="1" m="23552" /><DORA hai="35" /><U67/><E67/><V36/><F36/><AGARI ba="0,1" hai="10,15,18,36,40,46,96,98" m="23552,51209" machi="36" ten="40,2600,0" yaku="20,1,52,1" doraHai="8,35" who="1" fromWho="2" sc="215,0,232,36,298,-26,245,0" /><INIT seed="3,0,0,5,1,109" ten="215,268,272,245" oya="3" hai0="125,42,19,18,58,135,134,111,80,23,65,9,98" hai1="79,47,52,123,10,78,48,2,1,113,103,87,3" hai2="93,70,97,68,63,112,118,37,105,117,40,66,90" hai3="82,4,67,61,129,41,115,127,25,32,85,34,49"/><W107/><G107/><T20/><D42/><U95/><E123/><V22/><F70/><W126/><G4/><T0/><D80/><U7/><E113/><V74/><F74/><W31/><G34/><T62/><D98/><U54/><E54/><V64/><F64/><W35/><G32/><T122/><D122/><U53/><E53/><V133/><F112/><W116/><G116/><T38/><D38/><U110/><E110/><V96/><F133/><N who="0" m="50698" /><D125/><N who="3" m="47625" /><G129/><T51/><D51/><U39/><E39/><V57/><F57/><N who="3" m="37295" /><G49/><T26/><D111/><U36/><E36/><V89/><F22/><N who="0" m="8234" /><D26/><U12/><REACH who="1" step="1"/><E103/><REACH who="1" ten="215,258,272,245" step="2"/><V94/><REACH who="2" step="1"/><F105/><REACH who="2" ten="215,258,262,245" step="2"/><W119/><G119/><T24/><D24/><U27/><E27/><V76/><F76/><N who="3" m="46279" /><G41/><T33/><D33/><U6/><E6/><AGARI ba="0,2" hai="0,6,9,18,19,58,62,65" m="8234,50698" machi="6" ten="30,1000,0" yaku="20,1" doraHai="109" who="0" fromWho="1" sc="215,30,258,-10,262,0,245,0" /><INIT seed="4,0,0,3,3,107" ten="245,248,262,245" oya="0" hai0="75,54,60,67,133,120,23,71,117,126,24,119,104" hai1="47,21,3,128,51,28,89,74,5,35,110,19,68" hai2="45,56,18,131,40,111,31,113,101,82,64,114,79" hai3="59,134,14,2,42,41,11,78,6,50,115,99,96"/><T36/><D120/><U118/><E110/><V37/><F111/><W85/><G115/><N who="2" m="44041" /><F131/><W84/><G134/><T43/><D104/><U127/><E118/><V17/><F31/><W91/><G2/><T66/><D133/><U94/><E68/><V46/><F101/><W81/><G42/><T109/><D109/><U0/><E128/><V10/><F46/><W76/><G76/><T108/><D66/><U129/><E129/><V55/><F64/><W116/><G116/><T65/><D67/><U112/><E112/><V90/><F90/><W53/><REACH who="3" step="1"/><G41/><REACH who="3" ten="245,248,262,235" step="2"/><T12/><D108/><U103/><E0/><V102/><F79/><W87/><G87/><T97/><D43/><U20/><E3/><V9/><F40/><W69/><G69/><T58/><D71/><U80/><E127/><V1/><F1/><W61/><G61/><T98/><D60/><U52/><E51/><V77/><F77/><W8/><G8/><T132/><D126/><U34/><E47/><V38/><F45/><W33/><G33/><T123/><D132/><U27/><E34/><V16/><F9/><W72/><G72/><T83/><D75/><U22/><E74/><V7/><F10/><W39/><G39/><T124/><D36/><U92/><E35/><V15/><F38/><W57/><G57/><T25/><D58/><U125/><E125/><V32/><F32/><W70/><G70/><T93/><D124/><U122/><E122/><V135/><F37/><W62/><G62/><T48/><D123/><U44/><E44/><V4/><F135/><W73/><G73/><T88/><D48/><RYUUKYOKU ba="0,1" sc="245,-10,248,-10,262,-10,235,30" hai3="6,11,14,50,53,59,78,81,84,85,91,96,99" /><INIT seed="5,1,1,0,2,9" ten="235,238,252,265" oya="1" hai0="90,25,76,48,123,117,15,124,53,64,66,82,85" hai1="36,49,19,103,72,91,60,87,70,100,94,43,17" hai2="45,93,33,41,135,92,109,68,59,89,113,120,55" hai3="108,134,115,98,63,110,32,23,22,65,74,16,119"/><U24/><E36/><V127/><F109/><W128/><G32/><T96/><D117/><U34/><E72/><V101/><F120/><W52/><G74/><T47/><D124/><U95/><E34/><V99/><F68/><W6/><G119/><T0/><D0/><U11/><E70/><V44/><F33/><W107/><G6/><T114/><D114/><U88/><E60/><V81/><F127/><W54/><G115/><T7/><D25/><U77/><E77/><V131/><F113/><W27/><G128/><T13/><D123/><U116/><E116/><V130/><F135/><W78/><G78/><T80/><D7/><U83/><E24/><V121/><F81/><W31/><G134/><T18/><D13/><N who="1" m="7359" /><E19/><V71/><F71/><W51/><G108/><T132/><D132/><U104/><E104/><V2/><F2/><W106/><G110/><T125/><D125/><U84/><E83/><V105/><F105/><W62/><G62/><T69/><D69/><U10/><E10/><V8/><F8/><W102/><G107/><T42/><D80/><U1/><E1/><V35/><F35/><W75/><G75/><T40/><D64/><U14/><E14/><V97/><F121/><W38/><G38/><T50/><D66/><U73/><E73/><V67/><F67/><W122/><G122/><T26/><D26/><U28/><E28/><V12/><F12/><N who="3" m="9479" /><G51/><T118/><D48/><U79/><E79/><V46/><REACH who="2" step="1"/><F41/><REACH who="2" ten="235,238,242,265" step="2"/><W86/><G65/><T112/><D118/><U21/><E21/><V37/><F37/><W111/><G111/><T30/><D112/><RYUUKYOKU ba="1,2" sc="235,-15,238,15,242,15,265,-15" hai1="43,49,84,87,88,91,94,95,100,103" hai2="44,45,46,55,59,89,92,93,97,99,101,130,131" /><INIT seed="5,2,2,4,2,104" ten="220,253,257,250" oya="1" hai0="69,31,25,125,30,15,58,5,8,0,65,102,46" hai1="2,123,32,85,40,105,43,23,44,99,116,20,36" hai2="3,110,14,24,64,76,26,4,22,118,28,54,113" hai3="60,61,74,128,108,73,135,11,62,107,134,53,33"/><U71/><E116/><V109/><F64/><W88/><G108/><T120/><D69/><U91/><E123/><V13/><F54/><W47/><G107/><T18/><D125/><U75/><E32/><N who="2" m="20487" /><F76/><W97/><G33/><T84/><D120/><U80/><E71/><V49/><F49/><N who="3" m="28863" /><G11/><T86/><D102/><N who="1" m="62687" /><E43/><V117/><F3/><W94/><G128/><T119/><D119/><N who="2" m="45578" /><F113/><W133/><AGARI ba="2,2" hai="60,61,62,73,74,88,94,97,133,134,135" m="28863" machi="133" ten="40,8000,1" yaku="20,1,52,2,54,1" doraHai="104" who="3" fromWho="3" sc="220,-22,253,-42,257,-22,250,106" /><INIT seed="6,0,0,2,5,128" ten="198,211,235,356" oya="2" hai0="48,21,124,111,19,81,44,34,3,105,8,24,79" hai1="20,70,54,0,23,118,116,96,92,71,32,93,46" hai2="42,56,75,64,65,130,28,114,134,49,6,109,127" hai3="112,72,29,106,61,68,7,4,39,50,80,135,10"/><V51/><F75/><W31/><G39/><T125/><D111/><U110/><E32/><V59/><F6/><W16/><G80/><T15/><D105/><U25/><E0/><V69/><F28/><W26/><G106/><T100/><D100/><U102/><E110/><V45/><F109/><W86/><G86/><T43/><D34/><U132/><E132/><V13/><F13/><W121/><G135/><T67/><D67/><U41/><E54/><N who="2" m="31823" /><F134/><W38/><G4/><T95/><D95/><U66/><E20/><V37/><F130/><W99/><G31/><T52/><D43/><U12/><E12/><V1/><F1/><W57/><G72/><T119/><D119/><U85/><E116/><V73/><F73/><W63/><G7/><T35/><D35/><U108/><E118/><V30/><F30/><W27/><G27/><T77/><D3/><U36/><E66/><N who="2" m="25707" /><F114/><W82/><G29/><T74/><REACH who="0" step="1"/><D77/><REACH who="0" ten="188,211,235,356" step="2"/><U47/><E108/><V60/><F127/><W107/><G107/><T84/><D84/><U87/><E87/><V126/><F126/><W104/><G104/><T113/><D113/><U18/><E85/><V117/><F117/><W5/><G112/><T129/><D129/><U131/><E131/><V78/><F78/><W97/><G97/><T103/><D103/><U9/><E93/><V17/><F69/><N who="1" m="26121" /><E41/><V22/><F37/><W133/><G38/><T2/><D2/><U62/><E36/><V83/><F42/><W40/><G40/><T53/><D53/><U33/><E33/><V90/><F83/><W120/><G82/><T58/><D58/><RYUUKYOKU ba="0,1" sc="188,30,211,-10,235,-10,356,-10" hai0="8,15,19,21,24,44,48,52,74,79,81,124,125" /><INIT seed="7,1,1,2,0,77" ten="218,201,225,346" oya="3" hai0="116,89,47,117,39,104,55,20,49,21,63,0,35" hai1="50,60,5,118,81,38,36,53,102,1,99,91,113" hai2="59,120,8,100,72,45,28,25,74,34,58,43,110" hai3="32,26,101,73,30,4,86,62,65,48,114,18,9"/><W98/><G73/><T52/><D35/><U92/><E113/><V24/><F110/><W79/><G114/><T134/><D0/><U119/><E60/><V3/><F120/><W93/><G48/><T95/><D104/><U67/><E67/><V19/><F100/><W41/><G41/><T123/><D39/><U44/><E5/><V42/><F42/><W37/><G18/><T64/><D123/><U87/><REACH who="1" step="1"/><E1/><REACH who="1" ten="218,191,225,346" step="2"/><V56/><F3/><W29/><G62/><T130/><D130/><U12/><E12/><V10/><F25/><W23/><G65/><T131/><D131/><U69/><E69/><V94/><F24/><W103/><G4/><T128/><D128/><U106/><E106/><V22/><F34/><W71/><G26/><T85/><D134/><U46/><E46/><V54/><F45/><W66/><G66/><T15/><D55/><U122/><E122/><V111/><F54/><W84/><G71/><T135/><D135/><U33/><E33/><V115/><F115/><W126/><G32/><T70/><REACH who="0" step="1"/><D15/><REACH who="0" ten="208,191,225,346" step="2"/><U82/><E82/><V31/><F43/><W27/><G27/><T75/><D75/><U109/><E109/><V107/><F111/><W132/><G132/><T76/><D76/><U2/><E2/><V40/><F40/><W80/><G79/><T96/><D96/><U105/><E105/><V112/><F107/><W88/><G98/><T13/><D13/><U57/><E57/><V61/><F112/><W108/><G108/><T97/><D97/><U17/><E17/><V127/><F19/><W78/><G78/><T51/><D51/><RYUUKYOKU ba="1,3" sc="208,15,191,15,225,-15,346,-15" hai0="20,21,47,49,52,63,64,70,85,89,95,116,117" hai1="36,38,44,50,53,81,87,91,92,99,102,118,119" owari="223,2.3,206,-29.4,210,-19.0,361,46.1" /></mjloggm>