<mjloggm ver="2.3"><GO type="225" lobby="0"/><UN n0="%E3%81%BF%E3%81%BF%E3%81%9A" n1="%E3%83%96%E3%83%83%E3%83%91%E3%82%AA%E3%83%96%E3%83%81%E3%82%AD%E3%83%B3" n2="%33%74%72%65%65" n3="%E8%B5%A4%E3%81%84%E8%9B%99%31%31" dan="17,16,17,16" rate="2274.63,2132.90,2166.66,2096.84" sx="M,M,F,M"/><TAIKYOKU oya="0"/><INIT seed="0,0,0,2,1,117" ten="250,250,250,250" oya="0" hai0="74,31,134,87,6,103,56,54,109,108,51,69,50" hai1="41,102,120,42,38,97,67,86,76,40,32,59,105" hai2="1,18,94,80,37,73,82,84,19,89,57,63,88" hai3="70,61,100,98,78,36,0,39,60,133,13,25,66"/><T116/><D74/><U115/><E115/><V128/><F128/><W44/><G133/><T16/><D116/><U113/><E113/><V10/><F37/><W123/><G0/><T11/><D134/><U5/><E32/><V43/><F43/><W110/><G110/><N who="0" m="42603" /><D69/><U71/><E71/><V72/><F72/><W49/><G78/><T96/><D31/><U58/><E38/><V91/><F73/><W34/><G61/><N who="0" m="35991" /><D87/><U132/><E132/><V106/><F106/><W135/><G135/><T95/><D16/><N who="2" m="6186" /><F1/><AGARI ba="0,0" hai="1,6,11,50,51,95,96,103" m="35991,42603" machi="1" ten="30,2900,0" yaku="14,1,10,1" doraHai="117" who="0" fromWho="2" sc="250,29,250,0,250,-29,250,0" /><INIT seed="0,1,0,2,1,67" ten="279,250,221,250" oya="0" hai0="43,16,132,29,100,15,66,60,93,61,18,40,98" hai1="62,4,21,22,34,72,76,6,48,102,108,63,73" hai2="127,104,82,95,41,32,119,17,97,25,123,37,51" hai3="79,45,1,113,129,81,42,107,2,68,53,14,83"/><T86/><D132/><U74/><E34/><V92/><F123/><W46/><G107/><T56/><D29/><U23/><E108/><V111/><F111/><W44/><G113/><T131/><D131/><U90/><E102/><V24/><F37/><W117/><G117/><T54/><D86/><U30/><E30/><V135/><F135/><W75/><G129/><T11/><REACH who="0" step="1"/><D18/><REACH who="0" ten="269,250,221,250" step="2"/><U20/><E76/><V52/><F17/><W38/><G79/><T49/><D49/><U134/><E134/><V3/><F51/><W26/><G38/><T110/><D110/><U57/><E48/><V118/><F118/><W28/><G28/><T84/><D84/><U109/><E109/><V89/><F119/><W12/><G75/><T64/><D64/><U13/><E13/><V39/><F39/><W77/><G77/><T124/><D124/><U94/><N who="1" m="5120" /><DORA hai="87" /><U0/><E0/><V50/><F3/><W125/><G125/><T55/><D55/><U80/><E80/><V33/><F52/><W120/><G53/><T31/><D31/><U99/><REACH who="1" step="1"/><E63/><REACH who="1" ten="269,240,221,250" step="2"/><V122/><F82/><W114/><G1/><T70/><AGARI ba="1,2" hai="11,15,16,40,43,54,56,60,61,66,70,93,98,100" machi="70" ten="20,12000,1" yaku="1,1,0,1,7,1,52,1,54,1,53,0" doraHai="67,87" doraHaiUra="35,47" who="0" fromWho="0" sc="269,143,240,-41,221,-41,250,-41" /><INIT seed="0,2,0,2,1,64" ten="412,199,180,209" oya="0" hai0="13,103,105,44,80,50,93,48,30,125,113,14,102" hai1="94,133,115,83,135,127,121,43,74,61,86,5,124" hai2="6,56,63,11,84,126,100,87,116,99,77,7,97" hai3="92,109,71,23,17,65,89,91,81,49,57,95,0"/><T96/><D113/><U25/><E121/><V37/><F37/><W47/><G0/><T12/><D125/><N who="1" m="48203" /><E43/><V98/><F126/><W22/><G109/><T58/><D30/><U122/><E122/><V59/><F116/><W82/><G71/><T132/><D132/><N who="1" m="50763" /><E5/><N who="2" m="1547" /><F100/><W20/><G17/><T40/><D80/><N who="3" m="30825" /><G57/><N who="2" m="22089" /><F77/><W88/><G65/><T8/><D105/><U28/><E61/><V18/><F63/><W106/><G106/><T85/><D85/><N who="2" m="32842" /><F18/><W34/><G34/><T51/><D103/><U1/><E1/><V101/><F101/><W68/><G68/><T118/><D118/><U104/><E104/><V69/><F69/><W107/><G107/><T41/><D41/><AGARI ba="2,0" hai="20,22,23,41,47,49,88,89,91,92,95" m="30825" machi="41" ten="30,2000,0" yaku="8,1,54,1" doraHai="64" who="3" fromWho="0" sc="412,-26,199,0,180,0,209,26" /><INIT seed="1,0,0,2,5,26" ten="386,199,180,235" oya="1" hai0="108,43,71,102,104,40,34,64,4,57,38,7,62" hai1="27,37,135,35,25,127,2,47,12,116,75,88,115" hai2="112,118,8,73,31,0,69,130,42,91,60,119,132" hai3="10,56,133,11,68,120,107,121,30,65,122,15,98"/><U110/><RYUUKYOKU type="yao9" ba="0,0" sc="386,0,199,0,180,0,235,0" hai1="2,12,25,27,35,37,47,75,88,110,115,116,127,135" /><INIT seed="1,1,0,0,0,77" ten="386,199,180,235" oya="1" hai0="108,17,120,30,121,53,36,85,96,32,93,58,48" hai1="56,42,65,7,47,10,57,52,119,113,20,102,25" hai2="3,12,55,37,82,8,92,83,71,33,14,0,130" hai3="107,126,122,13,90,127,34,118,70,98,76,75,46"/><U24/><E113/><V89/><F71/><W29/><G122/><N who="0" m="47211" /><D108/><U45/><E119/><V6/><F33/><W44/><G13/><T67/><D36/><U131/><E131/><V95/><F37/><W40/><G70/><T51/><D67/><U81/><E102/><V50/><F130/><W11/><G11/><T123/><D123/><U15/><E65/><V66/><F66/><W68/><G68/><T129/><D129/><U99/><E99/><V103/><F0/><W62/><G62/><N who="0" m="36175" /><D85/><U111/><E111/><V5/><F103/><W49/><G46/><N who="1" m="17418" /><E42/><V104/><F104/><W59/><G107/><T31/><D17/><N who="1" m="12303" /><E57/><N who="2" m="33015" /><F3/><W134/><G59/><T69/><D69/><U106/><E106/><V41/><F41/><W78/><G40/><T91/><D32/><U94/><E25/><V19/><F5/><W73/><G34/><T132/><D132/><U28/><E28/><AGARI ba="1,0" hai="28,30,31,48,51,91,93,96" m="36175,47211" machi="28" ten="30,1000,0" yaku="13,1" doraHai="77" who="0" fromWho="1" sc="386,13,199,-13,180,0,235,0" /><INIT seed="2,0,0,5,2,129" ten="399,186,180,235" oya="2" hai0="70,55,84,97,18,46,37,54,41,79,40,100,130" hai1="123,15,4,7,76,77,27,19,24,131,114,56,115" hai2="20,62,135,61,102,116,13,10,23,126,44,83,28" hai3="67,111,81,60,74,65,35,95,26,104,43,3,134"/><V59/><F116/><W52/><G3/><T132/><D70/><U53/><E131/><V113/><F113/><W31/><G104/><T80/><D130/><U5/><E123/><V112/><F112/><W78/><G111/><T125/><D125/><U21/><E115/><V25/><F126/><W38/><G134/><T119/><D132/><U107/><E107/><V47/><F135/><W69/><G65/><T39/><D119/><U64/><E64/><V124/><F124/><W94/><REACH who="3" step="1"/><G52/><REACH who="3" ten="399,186,180,225" step="2"/><T127/><D127/><U93/><E114/><V68/><F62/><W85/><G85/><T14/><D40/><U72/><E72/><V45/><F61/><W1/><G1/><T71/><D71/><U6/><N who="1" m="1024" /><DORA hai="32" /><U34/><E93/><V33/><F68/><W16/><G16/><T117/><D117/><U36/><E36/><V9/><F59/><W120/><G120/><T48/><D37/><U92/><E92/><V108/><F108/><W103/><G103/><T49/><D39/><U17/><E17/><N who="2" m="10287" /><F102/><W133/><G133/><T8/><D48/><U29/><REACH who="1" step="1"/><E15/><REACH who="1" ten="399,176,180,225" step="2"/><V58/><F83/><W88/><G88/><T90/><D90/><U96/><E96/><V121/><F121/><W0/><G0/><T12/><D14/><U51/><AGARI ba="0,2" hai="19,21,24,27,29,34,51,53,56,76,77" m="1024" machi="51" ten="40,8000,1" yaku="1,1,0,1,53,2" doraHai="129,32" doraHaiUra="75,11" who="1" fromWho="1" sc="399,-20,176,100,180,-40,225,-20" /><INIT seed="3,0,0,0,3,23" ten="379,276,140,205" oya="3" hai0="7,117,91,132,26,77,58,22,32,92,71,15,21" hai1="97,104,50,20,52,79,69,5,84,64,125,12,109" hai2="112,48,81,126,31,37,0,123,100,122,13,55,66" hai3="19,24,111,74,94,63,75,43,2,36,45,134,128"/><W85/><G2/><T129/><D71/><U102/><E109/><V18/><F112/><W41/><G134/><T9/><D117/><U76/><E125/><V106/><F126/><W59/><G128/><T82/><D129/><U62/><E84/><V131/><F131/><W99/><G43/><T10/><D132/><U124/><E124/><V93/><F37/><W40/><G85/><T101/><D101/><U49/><E49/><V54/><F0/><W4/><G4/><T38/><D38/><U30/><E5/><V33/><F106/><W28/><G41/><T83/><D10/><U114/><E114/><V107/><F107/><W96/><G19/><N who="0" m="12607" /><D32/><U3/><E3/><V89/><F66/><W60/><G60/><T103/><D103/><U6/><E6/><V42/><F42/><W135/><G111/><T57/><D22/><U29/><E29/><V11/><F100/><W39/><G39/><T88/><D91/><U35/><E35/><V80/><F123/><W119/><G119/><T90/><D90/><U86/><E86/><V17/><F122/><W95/><G135/><T116/><D77/><U78/><E78/><V127/><F127/><W14/><G75/><T46/><D46/><U72/><E72/><V1/><F1/><W56/><G74/><T113/><D113/><U68/><E68/><V70/><F70/><W87/><G36/><T8/><D8/><U25/><REACH who="1" step="1"/><E12/><REACH who="1" ten="379,266,140,205" step="2"/><V51/><F33/><W53/><G14/><N who="0" m="5439" /><D116/><U120/><E120/><V133/><F133/><W73/><G73/><T115/><D15/><U27/><E27/><V130/><F13/><RYUUKYOKU ba="0,1" sc="379,-10,266,30,140,-10,205,-10" hai1="20,25,30,50,52,62,64,69,76,79,97,102,104" owari="379,47.9,296,9.6,130,-37.0,195,-20.5" /></mjloggm>