<mjloggm ver="2.3"><GO type="169" lobby="0"/><UN n0="%E3%83%94%E3%83%B3%E3%82%B5%E3%83%AD%E5%BA%97%E5%93%A1" n1="%E3%81%82%E3%81%95%E3%81%B4%E3%82%93%EF%BC%A0%EF%BD%8D%EF%BD%8A" n2="%E3%81%A1%E3%82%83%E3%82%8B%E3%82%81%E3%82%89" n3="%E3%83%8F%E3%83%B3%E3%83%81%E3%83%A7%E3%82%A6%E5%A4%A7%E6%A7%BB" dan="17,18,17,16" rate="2250.12,2277.43,2182.49,2101.92" sx="M,M,M,M"/><TAIKYOKU oya="0"/><INIT seed="0,0,0,4,4,12" ten="250,250,250,250" oya="0" hai0="35,104,74,119,91,129,2,41,90,9,66,25,53" hai1="108,8,109,43,51,29,16,103,1,89,7,38,122" hai2="98,121,97,69,42,54,107,44,60,126,32,40,6" hai3="114,96,3,128,82,55,31,48,79,13,36,37,71"/><T87/><D119/><U99/><E122/><V19/><F32/><W24/><G3/><T106/><D74/><U113/><E38/><V61/><F121/><W30/><G114/><T133/><D129/><U135/><E29/><V33/><F33/><W50/><G71/><T112/><D112/><U34/><E34/><V46/><F6/><W120/><G96/><T4/><D133/><U101/><E113/><V11/><F126/><W110/><G24/><T52/><D66/><U26/><E135/><V57/><F69/><W94/><G94/><T18/><D41/><U62/><E62/><V23/><F11/><W83/><G13/><T116/><D91/><U15/><E26/><V92/><F107/><W134/><G120/><T93/><D116/><U95/><E51/><V65/><F98/><W78/><G134/><T39/><D39/><U118/><E43/><N who="2" m="16427" /><F61/><W131/><REACH who="3" step="1"/><G55/><REACH who="3" ten="250,250,250,240" step="2"/><T5/><D106/><U45/><E118/><V0/><F0/><W63/><G63/><T47/><D104/><U21/><REACH who="1" step="1"/><E45/><REACH who="1" ten="250,240,250,240" step="2"/><V132/><F132/><W111/><AGARI ba="0,2" hai="30,31,36,37,48,50,78,79,82,83,110,111,128,131" machi="111" ten="25,6400,0" yaku="1,1,0,1,22,2,53,0" doraHai="12" doraHaiUra="102" who="3" fromWho="3" sc="250,-32,240,-16,250,-16,240,84" /><INIT seed="1,0,0,5,3,62" ten="218,224,234,324" oya="1" hai0="98,119,31,37,117,15,32,80,96,16,54,42,14" hai1="8,106,45,76,104,27,109,48,85,4,26,52,132" hai2="29,113,100,23,35,21,50,134,43,44,116,121,46" hai3="39,18,69,13,1,51,25,72,77,34,75,2,79"/><U122/><E122/><V22/><F121/><W20/><G69/><T33/><D54/><U12/><E132/><V0/><F116/><W49/><G13/><T5/><D80/><U38/><E109/><V73/><F134/><W129/><G20/><T65/><D5/><U133/><E133/><V56/><F0/><W124/><G25/><T53/><D53/><U36/><E76/><V71/><F71/><W112/><G18/><T24/><D33/><U127/><E127/><V92/><F73/><W11/><G11/><T83/><D14/><U101/><E85/><V19/><F35/><W107/><G34/><T131/><D131/><U82/><E82/><V120/><F113/><W84/><G84/><T64/><D83/><U97/><REACH who="1" step="1"/><E104/><REACH who="1" ten="218,214,234,324" step="2"/><V114/><F120/><W93/><G107/><T86/><D86/><U70/><E70/><V123/><F114/><W61/><G112/><T74/><D119/><U28/><E28/><V66/><F29/><W47/><G124/><T67/><D117/><U130/><E130/><V90/><F123/><W6/><G129/><T135/><D135/><U78/><E78/><V125/><F125/><W110/><G110/><T126/><D126/><U89/><E89/><V91/><F91/><W59/><G79/><T108/><D108/><U81/><E81/><V7/><F90/><W94/><G77/><T87/><D87/><U88/><E88/><V118/><F118/><W3/><G75/><T128/><D74/><U41/><E41/><V9/><F92/><W63/><G72/><T10/><D128/><U102/><E102/><V111/><F100/><RYUUKYOKU ba="0,1" sc="218,15,214,15,234,-15,324,-15" hai0="10,15,16,24,31,32,37,42,64,65,67,96,98" hai1="4,8,12,26,27,36,38,45,48,52,97,101,106" /><INIT seed="1,1,1,0,0,4" ten="233,229,219,309" oya="1" hai0="107,135,45,39,112,125,55,17,62,54,40,71,13" hai1="31,49,83,108,127,53,80,0,77,130,37,69,89" hai2="75,19,35,106,50,14,116,27,9,114,85,30,93" hai3="44,56,105,34,38,113,128,124,18,58,109,99,87"/><U118/><E118/><V10/><F106/><W7/><G34/><T43/><D107/><U12/><E0/><V16/><F75/><W131/><G113/><T123/><D112/><U15/><E37/><V121/><F114/><W68/><G68/><T60/><D135/><U36/><E36/><V48/><F116/><W66/><G7/><T122/><D125/><U42/><E69/><V72/><F72/><W104/><G44/><N who="0" m="23583" /><D13/><U84/><E42/><V59/><F121/><N who="0" m="46090" /><D17/><U70/><E70/><V111/><F111/><W76/><G18/><T102/><D102/><U24/><E127/><V11/><F19/><W133/><G109/><T90/><D90/><U52/><E108/><V26/><F26/><W97/><G133/><T74/><D74/><U86/><E130/><V51/><REACH who="2" step="1"/><F59/><REACH who="2" ten="233,229,209,309" step="2"/><W3/><G124/><T100/><D100/><U95/><E24/><V81/><F81/><W94/><G56/><T96/><D71/><U132/><E132/><V2/><F2/><W8/><G3/><T65/><D96/><U120/><E120/><V57/><F57/><W82/><G58/><N who="0" m="37015" /><D62/><U47/><E31/><V67/><F67/><W61/><G66/><T110/><D110/><U126/><E126/><V79/><F79/><W64/><G64/><T5/><D5/><U103/><E53/><V73/><F73/><W134/><G134/><T115/><D115/><U101/><E101/><V129/><F129/><W33/><G61/><T91/><D91/><AGARI ba="1,2" hai="9,10,11,14,16,27,30,35,48,50,51,85,91,93" machi="91" ten="40,12000,2" yaku="1,1,52,3,54,1,53,1" doraHai="4" doraHaiUra="21" who="2" fromWho="0" sc="233,-123,229,0,209,143,309,0" /><INIT seed="2,0,0,0,4,51" ten="110,229,352,309" oya="2" hai0="48,99,115,79,101,86,122,32,62,134,131,124,44" hai1="0,128,1,13,108,4,68,113,14,100,27,123,33" hai2="81,59,67,107,76,41,64,37,20,54,125,89,17" hai3="98,5,43,31,85,30,47,114,34,103,7,83,116"/><V91/><F107/><W111/><G116/><T106/><D122/><U11/><E68/><V65/><F125/><W23/><G34/><T102/><D115/><U3/><E100/><V119/><F119/><W40/><G111/><T60/><D32/><U36/><E36/><V6/><F6/><W92/><G114/><T71/><D124/><U77/><E77/><V12/><F41/><W42/><G47/><T96/><D131/><U35/><E113/><V9/><F9/><W118/><G118/><T88/><D79/><U110/><E128/><V46/><F46/><W127/><G127/><T82/><D134/><U126/><E126/><V2/><F2/><N who="1" m="1129" /><E123/><V120/><F37/><W19/><G31/><T63/><D71/><U97/><E97/><V93/><F120/><W109/><G30/><T38/><D38/><U74/><E74/><V22/><F22/><W130/><G109/><N who="1" m="42090" /><E35/><V112/><F112/><W66/><G66/><T73/><D73/><U94/><E94/><V61/><REACH who="2" step="1"/><F93/><REACH who="2" ten="110,229,342,309" step="2"/><W26/><G130/><T69/><D69/><U21/><E33/><V57/><F57/><W95/><G92/><T16/><D106/><U72/><E72/><AGARI ba="0,1" hai="12,17,20,54,59,61,64,65,67,72,76,81,89,91" machi="72" ten="40,7700,0" yaku="1,1,52,1,53,1" doraHai="51" doraHaiUra="75" who="2" fromWho="1" sc="110,0,229,-77,342,87,309,0" /><INIT seed="2,1,0,1,5,107" ten="110,152,429,309" oya="2" hai0="45,11,121,39,135,22,132,62,28,43,118,5,16" hai1="23,19,0,77,128,34,78,38,87,81,126,68,57" hai2="117,4,106,12,99,42,63,47,1,2,119,31,134" hai3="55,75,113,66,49,130,73,112,92,44,61,115,46"/><V13/><F63/><W58/><G130/><T133/><D121/><U27/><E68/><V111/><F106/><W6/><G6/><T74/><D118/><U80/><E128/><V96/><F31/><W86/><G46/><T54/><D28/><U10/><E38/><V84/><F84/><W95/><G86/><T48/><D62/><U29/><E126/><V124/><F47/><W82/><G82/><T122/><D122/><U59/><E10/><V25/><F25/><W41/><G41/><T108/><D108/><U51/><E0/><V125/><F4/><W30/><G30/><T131/><D131/><U14/><REACH who="1" step="1"/><E51/><REACH who="1" ten="110,142,429,309" step="2"/><V70/><F70/><W90/><G90/><T120/><D120/><U33/><E33/><V53/><F111/><W56/><REACH who="3" step="1"/><G58/><REACH who="3" ten="110,142,429,299" step="2"/><T71/><D71/><U65/><E65/><V85/><F1/><W98/><G98/><T79/><D135/><U60/><E60/><V110/><F99/><W100/><G100/><T15/><D133/><U52/><E52/><V93/><F96/><W36/><G36/><T7/><D132/><U88/><E88/><V91/><F53/><W8/><G8/><T89/><D11/><U97/><E97/><V116/><F2/><W102/><G102/><T40/><D89/><U104/><E104/><V17/><F134/><W103/><G103/><T32/><D39/><U123/><E123/><V9/><F110/><W129/><G129/><T67/><D67/><U101/><E101/><V37/><F37/><W127/><G127/><T64/><D64/><U50/><E50/><V21/><F42/><N who="0" m="15914" /><D32/><U83/><E83/><AGARI ba="1,2" hai="5,7,15,16,22,45,48,54,74,79,83" m="15914" machi="83" ten="30,3900,0" yaku="6,1,52,1,54,1" doraHai="107" who="0" fromWho="1" sc="110,62,142,-42,429,0,299,0" /><INIT seed="3,0,0,0,4,88" ten="172,100,429,299" oya="3" hai0="51,5,79,103,132,114,110,80,116,109,118,129,43" hai1="62,106,33,78,32,70,47,49,39,86,61,124,37" hai2="35,26,83,104,95,31,17,111,11,112,94,7,99" hai3="98,45,12,34,82,113,9,28,73,108,60,20,115"/><W27/><G108/><N who="0" m="41579" /><D5/><U42/><E106/><V96/><F111/><W76/><G60/><T100/><D43/><U14/><E124/><V91/><F112/><W30/><G45/><T1/><D51/><U40/><E14/><V36/><F36/><N who="1" m="13897" /><E86/><V53/><F104/><W101/><G30/><T87/><D1/><U25/><E78/><V66/><F66/><W72/><G72/><T18/><D18/><U15/><E15/><V93/><F17/><W0/><G34/><T77/><D114/><U74/><E25/><V4/><F53/><W2/><G2/><T120/><D120/><U127/><E32/><V58/><F58/><W68/><G68/><T123/><D123/><U57/><E33/><V122/><F122/><W41/><G41/><T128/><D79/><U22/><E22/><N who="2" m="15831" /><F11/><W107/><REACH who="3" step="1"/><G0/><REACH who="3" ten="172,100,429,289" step="2"/><T67/><D67/><N who="1" m="41327" /><E74/><V55/><F55/><W21/><G21/><T134/><D116/><U38/><E127/><V46/><F46/><W133/><G133/><N who="0" m="51307" /><D118/><U117/><E117/><V71/><F71/><W3/><G3/><T56/><D56/><U29/><E29/><V19/><F35/><W50/><G50/><T125/><D125/><U119/><E119/><V63/><F63/><W90/><G90/><T54/><D54/><N who="1" m="30015" /><E38/><V64/><F91/><W105/><G105/><T102/><AGARI ba="0,1" hai="77,80,87,100,102,103,128,129" m="51307,41579" machi="102" ten="40,8000,1" yaku="14,1,20,1,34,2" doraHai="88" who="0" fromWho="0" sc="172,90,100,-20,429,-20,289,-40" /><INIT seed="4,0,0,2,3,42" ten="262,80,409,249" oya="0" hai0="17,51,99,74,62,68,120,106,29,116,27,98,91" hai1="101,18,126,110,115,93,45,33,31,76,37,89,9" hai2="14,65,41,114,55,130,112,127,16,94,95,19,132" hai3="56,57,7,67,26,122,22,72,61,53,58,46,40"/><T63/><D116/><U104/><E110/><V12/><F41/><W133/><G72/><T113/><D120/><U96/><E126/><V100/><F127/><W2/><G7/><T50/><D74/><U88/><E115/><N who="2" m="44075" /><F65/><W77/><G77/><T15/><D113/><U66/><E76/><V6/><F6/><W59/><G2/><T135/><D135/><U121/><E121/><V75/><F75/><W81/><G81/><T128/><D128/><U92/><E66/><V123/><F123/><W117/><G122/><T85/><D68/><U78/><E78/><V35/><F35/><W84/><G84/><T111/><D111/><U23/><E9/><N who="2" m="6159" /><F132/><W69/><G22/><N who="0" m="15607" /><D106/><U60/><E60/><N who="0" m="23081" /><D51/><U30/><E33/><V5/><F5/><W124/><G124/><T34/><D50/><U125/><E125/><V102/><F55/><W20/><G133/><T21/><D34/><U8/><E8/><N who="2" m="6599" /><F130/><W108/><G108/><T28/><D28/><U0/><E0/><V25/><F25/><W80/><G26/><T119/><D119/><U105/><E30/><V82/><F82/><AGARI ba="0,0" hai="15,17,21,82,85,91,98,99" m="23081,15607" machi="82" ten="30,1500,0" yaku="8,1" doraHai="42" who="0" fromWho="2" sc="262,15,80,0,409,-15,249,0" /><INIT seed="4,1,0,4,5,58" ten="277,80,394,249" oya="0" hai0="110,41,22,75,54,69,20,40,2,82,128,10,113" hai1="101,30,11,127,16,130,60,125,74,93,33,37,18" hai2="87,48,55,28,34,76,7,98,15,62,123,42,115" hai3="45,36,49,116,32,14,135,12,85,8,88,26,68"/><T107/><D107/><U50/><E37/><V52/><F115/><W84/><G116/><T46/><D113/><U51/><E74/><V39/><F39/><W105/><G105/><T78/><D69/><U1/><E130/><V106/><F34/><W64/><G36/><N who="0" m="21767" /><D41/><U71/><E30/><V122/><F42/><W95/><G135/><T118/><D118/><U24/><E33/><V77/><F28/><W109/><G109/><T44/><D128/><U73/><E73/><V23/><F123/><W112/><G112/><T104/><D104/><U56/><E71/><V47/><F122/><W129/><G129/><T53/><D110/><U121/><E121/><V120/><F120/><W3/><G3/><T57/><D44/><U89/><E101/><V65/><F55/><N who="0" m="21002" /><D57/><U9/><E1/><V102/><F87/><W103/><G103/><T99/><D99/><N who="1" m="57775" /><E51/><V29/><F29/><W100/><G100/><T108/><D108/><U131/><E50/><V35/><F35/><W59/><G68/><T5/><AGARI ba="1,0" hai="2,5,10,20,22,75,78,82" m="21002,21767" machi="5" ten="30,1500,0" yaku="25,1" doraHai="58" who="0" fromWho="0" sc="277,18,80,-6,394,-6,249,-6" /><INIT seed="4,2,0,2,2,26" ten="295,74,388,243" oya="0" hai0="101,62,19,81,135,48,59,37,46,69,116,80,4" hai1="91,47,34,86,133,130,82,84,129,13,104,67,40" hai2="39,117,27,0,29,24,25,109,23,31,49,20,6" hai3="50,41,134,96,93,92,16,52,125,15,45,94,33"/><T57/><D116/><U28/><E104/><V89/><F39/><W8/><G125/><T121/><D121/><U12/><E67/><V103/><F117/><W2/><G41/><T58/><D135/><U124/><E124/><V70/><F70/><W108/><G108/><T55/><D4/><U10/><E133/><V118/><F118/><W112/><G112/><T38/><D101/><U35/><E86/><V43/><F103/><W123/><G33/><T68/><D19/><U122/><E122/><V113/><F109/><W71/><G71/><N who="0" m="27211" /><D81/><U36/><E13/><V5/><F113/><W77/><G2/><T114/><D80/><U53/><E53/><V32/><F32/><W127/><G127/><T7/><D7/><N who="2" m="2570" /><F0/><W9/><G134/><T83/><D83/><U51/><E36/><N who="0" m="13929" /><D114/><U90/><E90/><V111/><F111/><W88/><G123/><T107/><D107/><U30/><E34/><V56/><F89/><W65/><G65/><AGARI ba="2,0" hai="46,48,55,57,58,59,62,65" m="13929,27211" machi="65" ten="30,12000,1" yaku="35,5" doraHai="26" who="0" fromWho="3" sc="295,126,74,0,388,0,243,-126" /><INIT seed="4,3,0,0,3,56" ten="421,74,388,117" oya="0" hai0="130,32,69,37,16,98,97,75,88,19,67,22,44" hai1="63,105,48,65,108,9,1,35,101,74,115,86,27" hai2="134,21,70,15,36,26,109,53,30,4,61,50,119" hai3="118,7,43,85,91,129,103,55,0,117,57,40,6"/><T121/><D121/><U45/><E108/><V34/><F109/><W64/><G129/><T96/><D32/><U39/><E74/><V131/><F131/><W110/><G110/><T112/><D130/><U54/><E115/><V11/><F36/><W59/><G0/><T133/><D75/><U12/><E1/><V62/><F70/><W92/><G103/><T24/><D112/><U3/><E3/><V99/><F134/><W8/><G117/><T127/><D133/><U83/><E39/><V78/><F34/><W93/><G118/><T126/><D19/><U113/><E113/><V73/><F119/><W66/><G8/><T31/><D31/><U51/><E51/><V76/><F99/><W5/><G55/><T123/><D123/><U87/><E105/><V77/><REACH who="2" step="1"/><F73/><REACH who="2" ten="421,74,378,117" step="2"/><W125/><G125/><N who="0" m="47627" /><D37/><U107/><E35/><V116/><F116/><W90/><G7/><T89/><D44/><AGARI ba="3,1" hai="4,11,15,21,26,30,44,50,53,61,62,76,77,78" machi="44" ten="40,8000,1" yaku="1,1,8,1,52,2,53,1" doraHai="56" doraHaiUra="2" who="2" fromWho="0" sc="421,-89,74,0,378,99,117,0" /><INIT seed="5,0,0,5,3,107" ten="332,74,477,117" oya="1" hai0="9,113,31,33,134,58,85,22,79,50,39,28,90" hai1="132,111,126,43,54,72,102,3,7,15,62,26,27" hai2="100,32,67,96,4,117,106,29,121,0,105,66,34" hai3="110,1,19,130,123,94,46,86,73,55,82,64,77"/><U23/><E3/><V104/><F117/><W38/><G123/><T78/><D39/><U127/><E132/><V116/><F116/><W87/><G110/><T2/><D33/><U75/><E111/><V24/><F121/><W49/><G130/><T70/><D70/><U122/><E43/><V99/><F34/><W92/><G64/><T45/><D113/><U36/><E36/><V53/><F53/><W61/><G1/><T40/><D134/><U13/><E102/><V76/><F99/><W108/><G108/><T95/><D2/><U56/><E122/><V128/><F128/><W18/><G61/><T131/><D9/><N who="1" m="4287" /><E15/><V81/><F67/><W52/><G55/><T48/><D131/><U101/><E101/><V103/><F66/><W119/><G38/><T83/><D79/><U80/><E80/><V21/><F21/><W109/><G109/><T65/><D22/><U68/><E68/><V41/><F103/><W124/><G119/><T120/><D120/><U69/><E69/><V30/><F30/><W6/><G6/><T97/><REACH who="0" step="1"/><D50/><REACH who="0" ten="322,74,477,117" step="2"/><U93/><E23/><V115/><F115/><W20/><G20/><T51/><D51/><U8/><E8/><N who="2" m="2055" /><F41/><W98/><G49/><T71/><D71/><U118/><E118/><V17/><F17/><W60/><G19/><T47/><D47/><U63/><E26/><V10/><F10/><W5/><G18/><T57/><D57/><N who="1" m="35127" /><E27/><V25/><F24/><W88/><G5/><T14/><D14/><U11/><E11/><V84/><F106/><W12/><G12/><T135/><D135/><U35/><E35/><RYUUKYOKU ba="0,1" sc="322,15,74,-15,477,15,117,-15" hai0="28,31,40,45,48,58,65,78,83,85,90,95,97" hai2="25,29,32,76,81,84,96,100,104,105" /><INIT seed="6,1,1,2,5,31" ten="337,59,492,102" oya="2" hai0="35,108,65,17,33,44,123,86,64,116,23,59,80" hai1="21,66,70,115,100,124,12,30,10,87,109,71,42" hai2="113,110,4,14,94,83,125,27,81,58,74,78,34" hai3="1,68,52,47,29,103,18,53,11,102,75,0,119"/><V93/><F113/><W72/><G119/><T84/><D108/><U122/><E109/><V92/><F110/><W55/><G68/><T85/><D123/><U90/><E122/><V36/><F36/><W9/><G47/><T37/><D116/><U96/><E115/><V67/><F125/><W77/><G29/><T79/><D37/><U43/><E124/><V25/><F34/><W89/><G89/><T45/><D45/><U19/><E70/><V130/><F130/><W133/><G77/><T5/><D5/><U91/><E66/><V131/><F131/><W135/><G18/><T63/><D44/><U61/><E61/><N who="2" m="38327" /><F74/><W97/><G55/><T128/><D128/><U57/><E57/><V40/><F40/><W60/><G60/><T28/><D28/><U56/><E56/><V134/><F134/><W26/><G26/><N who="2" m="9737" /><F78/><W98/><AGARI ba="1,1" hai="0,1,9,11,52,53,72,75,97,98,102,103,133,135" machi="98" ten="25,6400,0" yaku="0,1,22,2,54,1" doraHai="31" who="3" fromWho="3" sc="337,-17,59,-17,492,-33,102,77" /><INIT seed="7,0,0,0,4,41" ten="320,42,459,179" oya="3" hai0="117,5,28,36,45,77,35,120,20,135,54,74,23" hai1="44,18,125,92,51,82,61,9,91,43,113,84,121" hai2="25,1,86,66,110,19,38,106,69,101,79,22,83" hai3="99,2,53,70,67,16,39,93,97,29,85,26,116"/><W124/><G116/><T111/><D111/><U103/><E113/><V123/><F110/><W7/><G39/><T94/><D120/><U12/><E125/><V115/><F1/><W75/><G75/><T8/><D117/><U40/><E121/><V98/><F123/><W88/><G124/><T134/><D94/><U21/><E61/><V81/><F38/><W114/><G70/><T90/><D90/><U130/><E130/><V33/><F115/><W112/><G67/><T15/><D35/><U58/><E58/><V14/><F66/><W73/><G73/><T96/><D96/><U104/><E104/><V3/><F3/><W133/><G133/><N who="0" m="50699" /><D28/><U60/><E60/><V24/><F33/><W0/><G29/><T72/><D72/><U102/><E92/><V42/><F42/><W48/><G7/><T32/><D32/><U56/><E56/><V30/><F69/><W11/><G114/><T109/><D109/><U95/><E95/><V4/><F4/><W131/><G131/><T49/><D36/><U78/><E91/><V13/><F83/><AGARI ba="0,0" hai="5,8,15,20,23,45,49,54,74,77,83" m="50699" machi="83" ten="30,2000,0" yaku="20,1,52,1" doraHai="41" who="0" fromWho="2" sc="320,20,42,0,459,-20,179,0" owari="340,14.0,42,-45.8,439,53.9,179,-22.1" /></mjloggm>