<mjloggm ver="2.3"><GO type="169" lobby="0"/><UN n0="%E4%BC%8A%E5%8B%A2%E3%81%AE%E3%82%B3%E3%83%AD%E3%83%83%E3%82%B1%E5%B1%8B" n1="%E3%81%82%E3%81%8B%E3%82%8A%E3%82%8D%E3%82%93" n2="%E5%B0%8F%E8%B1%86%E6%A2%93" n3="%6F%69%6E%61%72%69%6E%67" dan="16,16,17,16" rate="2087.68,2179.07,2191.35,2077.07" sx="M,F,F,M"/><TAIKYOKU oya="0"/><INIT seed="0,0,0,0,3,20" ten="250,250,250,250" oya="0" hai0="101,126,85,118,35,96,34,23,64,22,132,107,51" hai1="130,48,75,41,62,42,45,24,90,39,5,99,72" hai2="88,103,33,113,29,73,115,98,31,70,21,53,127" hai3="32,67,57,44,3,47,4,83,112,82,65,120,30"/><T1/><D1/><U2/><E130/><V135/><F70/><W123/><G112/><T97/><D118/><U52/><E62/><V128/><F73/><W40/><G3/><T61/><D132/><U71/><E71/><V16/><F33/><W17/><G4/><T13/><D97/><U9/><E41/><V119/><F135/><W104/><G104/><T36/><D36/><U80/><E24/><V94/><F128/><W121/><G17/><T58/><D126/><U105/><E105/><V110/><F110/><W43/><G30/><N who="2" m="11273" /><F127/><W15/><G15/><T93/><D51/><U133/><E133/><V11/><F119/><W14/><G14/><T117/><D117/><U111/><E111/><V0/><F0/><W37/><G32/><T10/><D34/><U92/><REACH who="1" step="1"/><E80/><REACH who="1" ten="250,240,250,250" step="2"/><N who="3" m="30762" /><G57/><AGARI ba="0,1" hai="2,5,9,39,42,45,48,52,57,72,75,90,92,99" machi="57" ten="30,7700,0" yaku="1,1,7,1,54,1,53,1" doraHai="20" doraHaiUra="49" who="1" fromWho="3" sc="250,0,240,87,250,0,250,-77" /><INIT seed="1,0,0,0,2,135" ten="250,327,250,173" oya="1" hai0="28,116,37,1,49,97,36,118,61,89,133,14,84" hai1="92,83,131,108,64,80,20,90,7,117,130,25,93" hai2="23,119,30,120,29,18,72,70,122,54,53,99,69" hai3="10,105,63,121,107,128,77,87,60,98,100,123,50"/><U3/><E117/><V16/><F72/><W102/><G128/><N who="1" m="49194" /><E64/><V8/><F8/><W51/><G10/><T34/><D1/><U6/><E108/><V86/><F86/><W65/><G87/><T79/><D61/><U35/><E35/><V5/><F5/><N who="1" m="1545" /><E3/><V134/><F134/><W129/><G129/><T111/><D34/><U11/><E11/><V88/><F23/><W9/><G9/><T68/><D68/><U45/><E45/><V106/><F106/><W85/><G85/><T31/><D111/><U127/><E127/><V42/><F119/><W57/><G98/><T39/><D97/><N who="1" m="57495" /><E93/><V75/><F99/><W12/><G12/><T112/><D14/><U94/><E94/><V26/><F26/><W46/><G46/><T66/><D66/><U58/><E58/><V17/><F17/><AGARI ba="0,0" hai="17,20,25,80,83" m="57495,1545,49194" machi="17" ten="30,1500,0" yaku="19,1" doraHai="135" who="1" fromWho="2" sc="250,0,327,15,250,-15,173,0" /><INIT seed="1,1,0,5,3,119" ten="250,342,235,173" oya="1" hai0="102,121,56,134,63,15,54,22,84,135,1,64,17" hai1="71,72,12,76,38,43,115,50,96,97,18,40,98" hai2="116,79,32,131,53,75,104,60,49,10,68,59,35" hai3="77,19,16,44,100,132,127,82,51,42,90,39,8"/><U112/><E71/><V2/><F116/><W26/><G127/><T33/><D33/><U130/><E130/><V89/><F104/><W83/><G132/><N who="0" m="50731" /><D1/><U101/><E38/><V47/><F131/><W133/><G133/><T99/><D84/><U31/><E31/><V29/><F29/><W85/><G100/><T124/><D124/><U27/><E27/><V20/><F20/><W95/><G83/><T28/><D28/><U65/><E65/><V0/><F0/><W9/><G39/><T52/><D121/><U30/><E30/><V111/><F111/><W61/><G61/><T58/><D56/><U108/><E108/><V118/><F118/><W23/><REACH who="3" step="1"/><G19/><REACH who="3" ten="250,342,235,163" step="2"/><T66/><D64/><U62/><E62/><V55/><F60/><W109/><G109/><T48/><D48/><U11/><E101/><V129/><F49/><W123/><G123/><T24/><D66/><U78/><E50/><V113/><F129/><W120/><G120/><T103/><D103/><U110/><E110/><V6/><F113/><W105/><G105/><N who="0" m="63711" /><D54/><U74/><E112/><V7/><F55/><W125/><G125/><T128/><D128/><U88/><E115/><V41/><F53/><W57/><G57/><T37/><D37/><U107/><E107/><V73/><F59/><W45/><G45/><T93/><D93/><N who="1" m="56359" /><E40/><V91/><F41/><W80/><G80/><T34/><D34/><U14/><E43/><V86/><F47/><W36/><G36/><T4/><D4/><N who="1" m="3175" /><E72/><AGARI ba="1,1" hai="8,9,16,23,26,42,44,51,72,77,82,85,90,95" machi="72" ten="30,3900,0" yaku="1,1,7,1,54,1,53,0" doraHai="119" doraHaiUra="122" who="3" fromWho="1" sc="250,0,342,-42,235,0,163,52" /><INIT seed="2,0,0,4,1,30" ten="250,300,235,215" oya="2" hai0="91,74,102,40,71,31,93,18,36,123,128,82,0" hai1="133,10,111,106,95,32,131,118,56,16,135,103,132" hai2="35,120,5,6,125,38,92,4,130,115,13,75,105" hai3="121,9,107,108,54,26,122,1,28,34,42,116,99"/><V117/><RYUUKYOKU type="yao9" ba="0,0" sc="250,0,300,0,235,0,215,0" hai2="4,5,6,13,35,38,75,92,105,115,117,120,125,130" /><INIT seed="2,1,0,5,0,73" ten="250,300,235,215" oya="2" hai0="97,52,63,16,89,13,124,110,43,85,108,74,135" hai1="6,66,130,29,133,81,104,40,92,18,3,57,59" hai2="21,132,131,45,60,87,127,51,84,107,99,88,117" hai3="15,111,67,55,32,41,90,2,129,38,122,109,116"/><V1/><F117/><W33/><G116/><T28/><D74/><U126/><E104/><V118/><F118/><W56/><G2/><T11/><D135/><U119/><E119/><V105/><F132/><W14/><G122/><T10/><D124/><U37/><E133/><V53/><F1/><W82/><G129/><T48/><D28/><U106/><E106/><V91/><F127/><W114/><G67/><T26/><D26/><U101/><E126/><V30/><F131/><W72/><G114/><T5/><D97/><U19/><E130/><V24/><F99/><W61/><G41/><T102/><D63/><U103/><E29/><V83/><REACH who="2" step="1"/><F60/><REACH who="2" ten="250,300,225,215" step="2"/><W12/><G38/><T125/><D125/><U95/><E3/><V80/><AGARI ba="1,1" hai="21,24,30,45,51,53,80,83,84,87,88,91,105,107" machi="80" ten="20,18000,2" yaku="1,1,2,1,0,1,7,1,9,1,54,1,53,0" doraHai="73" doraHaiUra="36" who="2" fromWho="2" sc="250,-61,300,-61,225,193,215,-61" /><INIT seed="2,2,0,4,3,53" ten="189,239,418,154" oya="2" hai0="51,0,112,116,100,50,63,91,122,127,98,124,108" hai1="7,20,70,85,56,59,110,47,83,17,74,46,106" hai2="52,4,86,19,26,38,132,1,39,109,113,131,125" hai3="82,90,80,12,57,88,71,99,130,11,69,62,35"/><V41/><F113/><W92/><G130/><T120/><D0/><U25/><E70/><V64/><F64/><W44/><G35/><T104/><D112/><U28/><E74/><V43/><F1/><W24/><G24/><T6/><D6/><U36/><E106/><V14/><F4/><W66/><G44/><N who="1" m="16938" /><E36/><V22/><F131/><W73/><G73/><T23/><D108/><U87/><E110/><V78/><F109/><W126/><G126/><N who="0" m="48171" /><D116/><U121/><E121/><V60/><F125/><W58/><G71/><T2/><D2/><U77/><E7/><V101/><F101/><W133/><G133/><T33/><D33/><U89/><E17/><V123/><F123/><W27/><G27/><T94/><D23/><U72/><E72/><V13/><F132/><W111/><G111/><T119/><D119/><U34/><E34/><V18/><F39/><W118/><G118/><T3/><D3/><U96/><E96/><V105/><F105/><W102/><G90/><T107/><D107/><U29/><E29/><V115/><F115/><W15/><G15/><N who="2" m="5641" /><F19/><W61/><G102/><T10/><D100/><U68/><E68/><V134/><F38/><W45/><G45/><T79/><D104/><U93/><AGARI ba="2,0" hai="20,25,28,56,59,77,83,85,87,89,93" m="16938" machi="93" ten="30,4000,0" yaku="8,1,52,2" doraHai="53" who="1" fromWho="1" sc="189,-12,239,46,418,-22,154,-12" /><INIT seed="3,0,0,3,2,53" ten="177,285,396,142" oya="3" hai0="98,135,44,17,107,2,32,115,91,125,50,16,105" hai1="43,20,21,95,35,92,63,112,38,86,71,62,101" hai2="127,7,128,130,24,110,94,58,48,30,122,76,6" hai3="60,120,11,45,9,64,29,31,89,106,133,14,103"/><W28/><G120/><T126/><D2/><U109/><E112/><V4/><F76/><W67/><G133/><T84/><D32/><U41/><E35/><V47/><F58/><W82/><G45/><T15/><D135/><U78/><E109/><V73/><F73/><W70/><G67/><T96/><D115/><U61/><E71/><V119/><F119/><W79/><G89/><T111/><D111/><U3/><E3/><V68/><F68/><W87/><REACH who="3" step="1"/><G14/><REACH who="3" ten="177,285,396,132" step="2"/><T65/><D65/><U83/><E38/><V85/><F122/><W113/><G113/><T19/><D15/><U121/><E121/><V52/><F110/><W5/><G5/><T93/><D125/><U123/><E123/><V99/><F127/><W22/><G22/><N who="1" m="8810" /><E101/><V18/><F4/><W102/><G102/><T49/><D126/><U54/><E54/><V132/><F132/><W81/><G81/><T34/><D34/><U13/><E13/><V26/><F6/><W55/><G55/><T114/><D114/><U27/><E27/><V134/><F134/><W23/><G23/><T100/><D44/><U124/><E124/><V117/><F24/><W90/><G90/><T88/><REACH who="0" step="1"/><D107/><REACH who="0" ten="167,285,396,132" step="2"/><U97/><E41/><V36/><F47/><W131/><G131/><T12/><D12/><U118/><E43/><V57/><F130/><W42/><G42/><T108/><D108/><U1/><E1/><V69/><F128/><W59/><G59/><T10/><D10/><U77/><E83/><AGARI ba="0,2" hai="16,17,19,49,50,83,84,88,91,93,96,98,100,105" machi="83" ten="40,5200,0" yaku="1,1,54,2,53,0" doraHai="53" doraHaiUra="66" who="0" fromWho="1" sc="167,72,285,-52,396,0,132,0" /><INIT seed="4,0,0,0,4,96" ten="239,233,396,132" oya="0" hai0="54,9,47,99,66,80,37,14,48,97,83,51,78" hai1="95,72,88,128,62,3,46,61,85,52,110,28,71" hai2="23,133,56,11,114,77,79,93,111,4,10,107,15" hai3="92,16,68,22,27,132,119,125,21,31,24,19,12"/><T50/><D66/><U113/><E110/><V104/><F111/><W40/><G68/><T60/><D80/><U69/><E72/><V13/><F114/><W100/><G119/><T127/><D127/><U64/><E3/><V25/><F133/><W0/><G132/><T115/><D115/><U8/><E113/><V20/><F56/><W105/><G105/><T26/><D26/><U121/><E121/><V55/><F55/><W122/><G125/><T70/><D70/><U120/><E120/><V81/><F93/><W43/><G0/><T94/><D97/><U131/><E28/><V59/><F59/><W87/><G122/><T33/><D60/><U41/><E8/><V44/><F44/><W109/><G109/><T101/><D33/><U75/><E75/><V6/><F81/><W117/><G117/><T42/><D37/><U32/><E32/><V73/><F25/><W135/><G135/><T65/><D54/><U36/><REACH who="1" step="1"/><E52/><REACH who="1" ten="239,223,396,132" step="2"/><V84/><F73/><W124/><G124/><T123/><D123/><U57/><E57/><V86/><AGARI ba="0,1" hai="4,6,10,11,13,15,20,23,77,79,84,86,104,107" machi="86" ten="25,3200,0" yaku="0,1,22,2" doraHai="96" who="2" fromWho="2" sc="239,-16,223,-8,396,42,132,-8" /><INIT seed="5,0,0,3,3,36" ten="223,215,438,124" oya="1" hai0="93,127,117,12,89,124,9,60,22,107,133,49,46" hai1="75,91,28,52,78,126,135,98,119,71,83,108,30" hai2="125,92,106,11,77,97,81,43,18,85,26,82,109" hai3="65,94,7,86,41,62,120,1,104,34,33,132,31"/><U40/><E119/><V59/><F109/><W63/><G120/><T105/><D117/><U10/><E71/><V72/><F106/><W24/><G104/><T39/><D39/><U73/><E73/><V6/><F125/><N who="0" m="48202" /><D22/><U90/><E126/><V64/><F43/><W69/><G132/><T57/><D12/><U114/><E135/><V8/><F64/><W80/><G63/><T58/><D9/><U56/><E114/><V103/><F59/><N who="0" m="22538" /><D60/><U134/><E134/><V130/><F11/><W32/><G94/><T4/><D4/><U13/><E40/><V5/><F8/><W45/><G7/><T29/><D29/><U47/><E47/><V54/><F5/><W113/><G113/><T53/><D133/><U87/><E108/><V19/><F6/><W66/><G66/><T3/><D3/><U129/><E129/><V102/><F130/><W100/><G100/><T38/><D38/><U0/><E0/><V16/><F103/><W23/><G1/><T76/><D76/><U55/><E55/><V67/><F54/><W70/><G70/><T68/><D68/><U121/><E121/><V74/><F67/><W17/><G31/><N who="1" m="11818" /><E75/><V99/><F74/><W14/><G14/><T20/><D20/><U118/><E118/><V122/><F122/><W112/><G112/><T27/><D27/><U2/><E2/><V110/><F26/><W131/><G131/><T88/><D89/><U128/><E128/><V96/><F110/><W79/><REACH who="3" step="1"/><G34/><REACH who="3" ten="223,215,438,114" step="2"/><T61/><D61/><N who="1" m="35975" /><E98/><AGARI ba="0,1" hai="46,49,53,88,93,98,105,107" m="22538,48202" machi="98" ten="30,2000,0" yaku="18,1,54,1" doraHai="36" who="0" fromWho="1" sc="223,30,215,-20,438,0,114,0" /><INIT seed="6,0,0,0,0,23" ten="253,195,438,114" oya="2" hai0="22,39,1,54,49,123,58,20,116,37,27,135,2" hai1="114,36,46,75,32,96,88,51,109,65,66,120,50" hai2="9,11,62,91,130,70,34,104,13,108,47,28,8" hai3="119,84,80,113,57,85,107,77,18,79,132,55,41"/><V100/><F130/><W40/><G119/><T125/><D123/><U44/><E109/><V83/><F47/><W43/><G107/><T129/><D135/><U19/><E75/><V134/><F134/><W48/><G132/><T112/><D112/><U68/><E32/><V90/><F83/><W101/><G113/><T26/><D129/><U98/><E114/><V38/><F38/><W25/><G101/><T17/><D125/><U117/><E117/><V126/><F13/><W5/><G5/><T92/><D116/><U14/><E36/><V105/><F105/><W6/><G6/><T52/><D92/><N who="1" m="56327" /><E98/><V31/><F126/><W122/><G122/><T73/><D73/><U59/><E59/><V82/><F82/><W121/><G121/><T30/><D39/><U29/><E29/><V74/><F31/><W71/><G71/><T33/><D37/><U60/><E60/><V103/><F74/><W45/><G84/><T42/><D42/><N who="1" m="24855" /><E68/><V94/><F108/><W93/><G93/><T99/><D33/><U4/><E4/><V0/><F94/><W124/><G124/><T115/><D115/><U16/><E120/><V111/><F70/><W127/><G127/><T87/><D99/><U67/><E14/><V53/><F111/><W24/><G77/><T64/><D64/><U3/><E3/><V102/><F0/><W81/><G81/><T12/><D12/><U10/><E10/><V106/><F106/><W7/><G7/><T76/><D54/><AGARI ba="0,0" hai="16,19,46,51,54,65,66,67" m="24855,56327" machi="54" ten="30,3900,0" yaku="8,1,54,2" doraHai="23" who="1" fromWho="0" sc="253,-39,195,39,438,0,114,0" /><INIT seed="7,0,0,3,5,9" ten="214,234,438,114" oya="3" hai0="49,22,34,125,56,101,53,72,60,98,25,103,48" hai1="1,90,27,109,121,67,79,18,86,104,12,120,38" hai2="115,42,44,112,117,17,128,32,45,84,10,132,28" hai3="68,41,29,106,126,94,127,31,20,99,124,13,116"/><W129/><G116/><T100/><D72/><U5/><E109/><V15/><F117/><W135/><G106/><T73/><D73/><U102/><E38/><V7/><F128/><W105/><G105/><T107/><D34/><U39/><E39/><V95/><F132/><W78/><G129/><T119/><D125/><U40/><E40/><V65/><F65/><W76/><G68/><T71/><D119/><U75/><E67/><V108/><F108/><W43/><G135/><T57/><D71/><U93/><E27/><V11/><F28/><W110/><G110/><T62/><D107/><U24/><E24/><V122/><F32/><W59/><G59/><T2/><D98/><N who="1" m="61527" /><E5/><V19/><F122/><W8/><G20/><T58/><D2/><U82/><E1/><V37/><F115/><W92/><G29/><T134/><D134/><U83/><E83/><V3/><F45/><W111/><G31/><N who="0" m="17847" /><D57/><U97/><E97/><V69/><F112/><W50/><G111/><T63/><D63/><U64/><E64/><AGARI ba="0,0" hai="48,49,53,56,58,60,62,64,100,101,103" m="17847" machi="64" ten="30,1000,0" yaku="8,1" doraHai="9" who="0" fromWho="1" sc="214,10,234,-10,438,0,114,0" owari="224,2.4,224,-17.6,438,53.8,114,-38.6" /></mjloggm>