<mjloggm ver="2.3"><GO type="169" lobby="0"/><UN n0="%E9%B3%B4%E8%8C%B6" n1="%6E%61%67%61%69%6D%6F" n2="%50%65%74%65%72%50%61%6E" n3="%E3%80%8C%E3%82%AD%E3%82%BF%E3%80%8D" dan="16,16,17,16" rate="2158.06,2129.55,2218.65,2040.38" sx="M,M,M,M"/><TAIKYOKU oya="0"/><INIT seed="0,0,0,2,1,56" ten="250,250,250,250" oya="0" hai0="1,28,115,39,25,58,18,27,22,34,10,30,100" hai1="38,94,91,132,31,33,29,26,13,49,73,77,70" hai2="124,118,135,84,120,74,9,72,83,109,40,32,93" hai3="106,90,131,57,133,67,60,130,37,42,44,17,122"/><T35/><D39/><U20/><E38/><V16/><F120/><W107/><G122/><T65/><D115/><U110/><E132/><V41/><F32/><N who="0" m="12330" /><D58/><U43/><E70/><V0/><F135/><W103/><G133/><T15/><D65/><U114/><E114/><V50/><F93/><W24/><G90/><T51/><D51/><U125/><E77/><V62/><F118/><W36/><G36/><T8/><D100/><U53/><E73/><V2/><F2/><W134/><G134/><T121/><D121/><U88/><E43/><V95/><F95/><W68/><G68/><T97/><D97/><U104/><E91/><V64/><F0/><W127/><G127/><T78/><D78/><U99/><E104/><V119/><F124/><W5/><G5/><N who="0" m="1071" /><D27/><U63/><E125/><V113/><F113/><W61/><G60/><T92/><D92/><U128/><E49/><V123/><F123/><W112/><G112/><T98/><D98/><U52/><E53/><V111/><F50/><W116/><G116/><T4/><AGARI ba="0,0" hai="4,10,15,18,22,25,28,30" m="1071,12330" machi="4" ten="30,12000,1" yaku="35,5" doraHai="56" who="0" fromWho="0" sc="250,120,250,-40,250,-40,250,-40" /><INIT seed="0,1,0,0,5,55" ten="370,210,210,210" oya="0" hai0="123,112,68,37,90,30,7,91,32,63,66,25,44" hai1="125,57,8,58,23,114,122,56,19,51,59,24,45" hai2="120,39,20,72,0,67,38,80,87,42,10,134,110" hai3="127,69,33,70,128,74,94,102,105,4,1,92,82"/><T97/><D112/><U129/><E122/><V35/><F120/><W107/><G33/><T49/><D123/><U117/><E117/><V73/><F35/><W77/><G127/><T3/><D37/><U101/><E125/><V83/><F110/><W54/><G128/><T75/><D75/><U78/><E129/><V2/><F20/><W26/><G26/><T130/><D130/><U108/><E108/><V46/><F134/><W13/><G1/><T29/><D29/><U84/><E114/><V34/><F34/><W100/><G4/><T14/><D3/><U40/><E101/><V9/><F67/><W79/><G13/><T21/><D97/><U41/><E8/><V121/><F121/><W76/><G54/><T111/><D111/><U52/><N who="1" m="14336" /><DORA hai="86" /><U133/><E133/><V118/><F87/><W109/><G109/><T93/><D93/><N who="3" m="35945" /><G69/><T5/><D7/><U95/><REACH who="1" step="1"/><E95/><REACH who="1" ten="370,200,210,210" step="2"/><V115/><F115/><W113/><G113/><T36/><D36/><U132/><E132/><V31/><F118/><W65/><G70/><T103/><D103/><N who="3" m="39465" /><G65/><T126/><D126/><U17/><E17/><V64/><F64/><W53/><G53/><T104/><D66/><U28/><E28/><V71/><F71/><W16/><G16/><T89/><D30/><U11/><E11/><V62/><F31/><W124/><G124/><T12/><D32/><U85/><E85/><V61/><F42/><W81/><G74/><T96/><D68/><U98/><E98/><V116/><F116/><W15/><G15/><T99/><D14/><U47/><E47/><AGARI ba="1,1" hai="0,2,9,10,38,39,46,47,61,62,72,73,80,83" machi="47" ten="25,1600,0" yaku="22,2" doraHai="55,86" who="2" fromWho="1" sc="370,0,200,-19,210,29,210,0" /><INIT seed="1,0,0,0,3,88" ten="370,181,239,210" oya="1" hai0="47,124,44,48,121,40,13,38,116,35,98,43,68" hai1="114,36,58,30,117,111,82,60,100,26,72,7,118" hai2="52,97,8,31,75,69,19,115,105,9,129,45,16" hai3="109,33,96,11,130,132,10,54,77,83,131,78,84"/><U92/><E36/><V49/><F75/><W122/><G122/><T80/><D121/><U103/><E114/><V0/><F69/><W14/><G33/><T59/><D68/><U65/><E7/><V12/><F129/><W95/><G109/><T42/><D35/><U27/><E111/><V102/><F31/><W73/><G132/><T101/><D124/><U70/><E70/><V15/><REACH who="2" step="1"/><F0/><REACH who="2" ten="370,181,229,210" step="2"/><W4/><G131/><T34/><D116/><U1/><E1/><V28/><F28/><W24/><G130/><T112/><D112/><AGARI ba="0,1" hai="8,9,12,15,16,19,45,49,52,97,102,105,112,115" machi="112" ten="40,8000,1" yaku="1,1,9,1,54,2,53,0" doraHai="88" doraHaiUra="127" who="2" fromWho="0" sc="370,-80,181,0,229,90,210,0" /><INIT seed="2,0,0,3,2,41" ten="290,181,319,210" oya="2" hai0="131,25,60,107,90,122,46,23,127,30,83,111,52" hai1="45,80,69,6,54,116,94,5,96,74,38,14,129" hai2="108,42,55,48,33,12,71,35,32,95,34,119,88" hai3="120,53,43,20,86,73,93,117,128,101,77,113,64"/><V84/><F119/><W87/><G117/><T40/><D122/><U105/><E69/><V63/><F42/><W47/><G120/><T92/><D107/><U15/><E105/><V17/><F108/><W109/><G109/><T13/><D111/><U66/><E66/><V10/><N who="2" m="8192" /><DORA hai="9" /><V89/><F89/><W121/><G121/><T72/><D127/><U61/><E116/><V11/><F63/><W76/><G64/><T98/><D131/><U67/><E129/><V36/><F36/><W114/><G128/><T50/><D13/><N who="1" m="4619" /><E38/><V62/><F62/><W123/><G123/><T110/><D110/><U102/><E74/><V124/><F71/><W8/><G43/><T28/><D72/><U70/><E70/><V68/><F68/><W21/><G73/><T1/><D1/><U44/><E67/><V56/><REACH who="2" step="1"/><F11/><REACH who="2" ten="290,181,309,210" step="2"/><W126/><G8/><T37/><D60/><U24/><E80/><V18/><F18/><W91/><G91/><T82/><REACH who="0" step="1"/><D30/><REACH who="0" ten="280,181,309,210" step="2"/><U132/><E61/><V81/><F81/><W97/><G126/><AGARI ba="0,2" hai="10,12,17,48,55,56,84,88,95,124,126" m="8192" machi="126" ten="70,12000,1" yaku="1,1,52,1,54,1,53,0" doraHai="41,9" doraHaiUra="78,27" who="2" fromWho="3" sc="280,0,181,0,309,140,210,-120" /><INIT seed="2,1,0,2,3,84" ten="280,181,449,90" oya="2" hai0="14,77,25,41,92,69,125,132,103,71,30,59,7" hai1="106,82,123,70,64,62,99,3,101,110,85,27,31" hai2="97,4,61,6,2,96,80,39,94,49,73,114,38" hai3="127,35,46,60,68,74,75,87,53,78,9,37,22"/><V16/><F114/><W111/><G35/><T109/><D109/><U104/><E110/><V33/><F33/><W65/><G111/><T5/><D132/><U0/><E106/><V58/><F49/><W134/><G134/><T90/><D77/><U88/><REACH who="1" step="1"/><E123/><REACH who="1" ten="280,171,449,90" step="2"/><V124/><F124/><W26/><G127/><T113/><D125/><U42/><E42/><V117/><F117/><W44/><G75/><T83/><D41/><U13/><E13/><V79/><F73/><W12/><G74/><T52/><D14/><U118/><E118/><V129/><F2/><W66/><G37/><T56/><D113/><U18/><E18/><V17/><F16/><W48/><G66/><T34/><D34/><AGARI ba="1,1" hai="0,3,27,31,34,62,64,70,82,85,88,99,101,104" machi="34" ten="30,12000,2" yaku="1,1,7,1,25,2,52,1,54,1,53,0" doraHai="84" doraHaiUra="115" who="1" fromWho="0" sc="280,-123,171,133,449,0,90,0" /><INIT seed="3,0,0,2,0,51" ten="157,304,449,90" oya="3" hai0="27,129,134,3,24,50,7,73,98,18,82,126,12" hai1="53,39,111,83,63,68,72,23,17,46,30,132,6" hai2="124,113,11,119,33,116,125,66,120,76,10,28,77" hai3="40,21,123,99,100,91,87,35,43,102,127,29,13"/><W106/><G123/><T133/><D98/><U74/><E132/><N who="0" m="50793" /><D82/><U37/><E111/><V2/><F66/><W110/><G127/><N who="2" m="48713" /><F120/><W44/><G102/><T1/><D126/><U86/><E30/><V101/><F101/><W19/><G110/><T71/><D73/><U59/><E6/><N who="2" m="1367" /><F113/><W64/><G64/><T45/><D71/><U70/><E70/><V122/><F122/><W62/><G62/><T56/><D56/><U80/><E68/><V95/><F95/><W26/><REACH who="3" step="1"/><G44/><REACH who="3" ten="157,304,449,80" step="2"/><T89/><D45/><U9/><E46/><V36/><F119/><W48/><G48/><T105/><D50/><U52/><E39/><V115/><F116/><W94/><AGARI ba="0,1" hai="13,19,21,26,29,35,40,43,87,91,94,99,100,106" machi="94" ten="20,7800,0" yaku="1,1,0,1,7,1,53,1" doraHai="51" doraHaiUra="81" who="3" fromWho="3" sc="157,-26,304,-26,449,-26,80,88" /><INIT seed="3,1,0,1,0,73" ten="131,278,423,168" oya="3" hai0="38,95,61,31,59,107,4,3,112,96,29,6,62" hai1="124,111,97,36,50,127,129,40,37,23,8,12,16" hai2="101,51,85,86,9,19,39,113,53,67,92,91,74" hai3="32,134,0,15,71,48,106,98,79,5,87,41,72"/><W128/><G32/><T123/><D123/><U99/><E111/><V131/><F74/><W27/><G71/><T35/><D35/><U45/><E129/><V110/><F39/><W108/><G128/><T43/><D107/><U121/><E121/><V28/><F131/><W1/><G72/><T82/><D3/><U132/><E132/><V11/><F110/><W7/><G27/><T13/><D43/><U69/><E69/><V118/><F118/><W44/><G134/><T109/><D38/><U78/><E78/><V42/><F42/><W133/><G133/><T22/><D82/><U104/><E104/><V93/><F67/><W114/><G7/><T105/><D105/><U120/><E120/><V66/><F66/><W130/><G130/><T68/><D68/><U80/><E80/><V76/><F28/><W54/><G114/><T46/><D46/><U103/><E103/><V88/><F113/><W126/><G126/><N who="1" m="48170" /><E37/><V119/><F119/><W90/><G108/><T102/><D109/><U33/><E33/><V26/><F76/><W60/><G106/><T94/><D112/><U14/><E36/><V56/><F101/><W24/><G24/><N who="0" m="16535" /><D94/><U49/><E49/><V25/><F25/><W52/><G1/><T30/><D62/><U89/><E89/><V2/><F2/><W135/><G60/><T64/><D4/><AGARI ba="1,0" hai="4,8,12,14,16,23,40,45,50,97,99" m="48170" machi="4" ten="30,2000,0" yaku="18,1,54,1" doraHai="73" who="1" fromWho="0" sc="131,-23,278,23,423,0,168,0" /><INIT seed="4,0,0,5,1,8" ten="108,301,423,168" oya="0" hai0="22,65,45,14,53,3,13,109,81,130,27,131,116" hai1="88,125,33,61,31,85,29,127,54,102,48,134,51" hai2="39,99,123,87,55,11,121,114,79,38,115,104,93" hai3="126,98,84,120,49,5,83,105,10,68,21,73,106"/><T19/><D116/><U7/><E102/><V15/><F104/><W28/><G68/><T52/><D3/><U94/><E134/><V42/><F55/><N who="0" m="21066" /><D45/><U78/><E78/><V18/><F87/><W57/><G73/><T6/><D6/><U17/><E7/><V117/><F79/><W74/><G74/><T2/><D2/><U63/><E48/><V132/><F132/><W60/><G126/><N who="1" m="48138" /><E33/><V59/><F59/><W97/><G106/><T96/><D65/><U43/><E43/><V71/><F71/><W50/><G105/><T41/><D41/><U76/><E76/><V86/><F86/><W16/><G28/><N who="1" m="10826" /><E17/><V0/><F0/><W34/><G34/><T111/><D81/><U35/><E35/><V107/><F107/><W26/><G120/><N who="2" m="46153" /><F42/><W119/><G119/><T25/><D96/><U108/><E108/><N who="0" m="41545" /><D27/><U91/><E91/><N who="2" m="55743" /><F117/><W20/><G98/><T135/><D135/><U64/><E64/><V44/><F44/><AGARI ba="0,0" hai="44,51,54,61,63,85,88,94" m="10826,48138" machi="44" ten="30,2000,0" yaku="18,1,54,1" doraHai="8" who="1" fromWho="2" sc="108,0,301,20,423,-20,168,0" /><INIT seed="5,0,0,3,5,68" ten="108,321,403,168" oya="1" hai0="58,26,21,42,17,99,90,75,47,46,2,84,39" hai1="28,77,43,80,119,124,89,70,61,54,107,81,125" hai2="101,92,30,76,86,102,7,64,16,114,121,3,78" hai3="72,67,27,55,88,35,50,112,56,33,23,132,5"/><U131/><E107/><V79/><F121/><W29/><G72/><T13/><D2/><U19/><E119/><V37/><F30/><W34/><G112/><T44/><D75/><U98/><E28/><V109/><F109/><W36/><G36/><T48/><D26/><U15/><E131/><V96/><F64/><W93/><G132/><T1/><D1/><U38/><E70/><V118/><F118/><W51/><G5/><T108/><D108/><U62/><E98/><V45/><F114/><W134/><G134/><T20/><D20/><U18/><E89/><V6/><F102/><W4/><G4/><T116/><D99/><U25/><E25/><V59/><F59/><W127/><G67/><T74/><D74/><U52/><E43/><V106/><F3/><W115/><G127/><T71/><D71/><U65/><E65/><V8/><F86/><W24/><G115/><T40/><D116/><U9/><E15/><V53/><F53/><W103/><G103/><T66/><D42/><U135/><E9/><V95/><F95/><W111/><G111/><T100/><D100/><U122/><E135/><V87/><F87/><W85/><REACH who="3" step="1"/><G51/><REACH who="3" ten="108,321,403,158" step="2"/><T120/><D120/><U104/><E122/><V94/><F7/><W0/><G0/><T60/><REACH who="0" step="1"/><D39/><REACH who="0" ten="98,321,403,158" step="2"/><U91/><E38/><V57/><F37/><W10/><G10/><T105/><D105/><U41/><E104/><V123/><F106/><W12/><G12/><T113/><D113/><U14/><E14/><V110/><F8/><W69/><G69/><T128/><D128/><U82/><E125/><V133/><F123/><RYUUKYOKU ba="0,2" sc="98,15,321,-15,403,-15,158,15" hai0="13,17,21,40,44,46,47,48,58,60,66,84,90" hai3="23,24,27,29,33,34,35,50,55,56,85,88,93" /><INIT seed="6,1,2,4,2,50" ten="113,306,388,173" oya="2" hai0="66,109,73,6,81,26,42,59,103,36,23,48,28" hai1="79,71,80,126,45,88,92,0,20,22,127,29,15" hai2="3,134,35,94,76,47,5,90,113,43,97,130,39" hai3="89,106,2,74,41,56,112,4,75,16,54,123,68"/><V32/><F113/><W117/><G117/><T116/><D109/><U60/><E0/><V17/><F130/><W63/><G123/><T9/><D116/><U131/><E131/><V82/><F17/><W40/><G106/><T33/><D103/><U124/><E29/><V93/><F93/><W67/><G112/><T107/><D107/><U44/><E20/><V111/><F134/><W110/><G110/><T24/><D36/><U12/><E12/><V101/><F90/><W121/><G4/><T83/><D73/><U61/><E22/><V91/><F91/><W96/><G2/><T70/><D70/><U37/><E15/><V72/><F111/><W31/><G31/><T108/><D108/><U38/><E38/><V115/><F115/><W64/><G64/><T65/><D26/><U85/><E71/><V102/><F102/><W122/><G75/><T58/><D33/><U119/><E119/><V77/><F77/><W46/><G74/><T84/><D42/><N who="1" m="22607" /><E45/><V49/><F49/><N who="3" m="30799" /><G41/><T57/><D48/><U25/><E25/><V52/><F32/><W10/><G10/><T18/><D28/><U11/><E11/><N who="2" m="2495" /><F35/><W87/><G96/><AGARI ba="1,2" hai="60,61,79,80,85,88,92,96,124,126,127" m="22607" machi="96" ten="30,2000,0" yaku="18,1,54,1" doraHai="50" who="1" fromWho="3" sc="113,0,306,43,388,0,173,-23" /><INIT seed="7,0,0,5,0,37" ten="113,349,388,150" oya="3" hai0="133,106,128,53,73,97,111,1,112,69,91,4,9" hai1="81,28,67,134,76,54,120,127,80,89,6,65,39" hai2="102,30,118,47,124,122,101,8,20,103,119,60,70" hai3="27,5,25,42,10,38,79,104,13,63,16,109,115"/><W105/><G115/><T126/><RYUUKYOKU type="yao9" ba="0,0" sc="113,0,349,0,388,0,150,0" hai0="1,4,9,53,69,73,91,97,106,111,112,126,128,133" /><INIT seed="7,1,0,0,2,78" ten="113,349,388,150" oya="3" hai0="43,60,55,42,102,107,70,22,61,114,62,39,75" hai1="12,128,29,41,24,129,18,53,93,116,8,44,118" hai2="77,124,82,85,25,134,51,106,111,110,67,69,21" hai3="98,109,66,58,127,9,90,16,76,84,46,115,2"/><W35/><G115/><T1/><D1/><U49/><E93/><V88/><F106/><W23/><G35/><T0/><D0/><U36/><E36/><V131/><F124/><W68/><G127/><T65/><D75/><U119/><REACH who="1" step="1"/><E41/><REACH who="1" ten="113,339,388,150" step="2"/><N who="0" m="15369" /><D107/><U4/><E4/><V87/><F134/><W135/><G135/><T126/><D102/><U57/><E57/><V32/><F131/><W34/><G58/><N who="0" m="34911" /><D126/><U95/><E95/><V103/><F103/><W54/><G68/><N who="0" m="42031" /><D22/><AGARI ba="1,1" hai="8,12,18,22,24,29,44,49,53,116,118,119,128,129" machi="22" ten="40,2600,0" yaku="1,1,12,1,53,0" doraHai="78" doraHaiUra="100" who="1" fromWho="0" sc="113,-29,339,39,388,0,150,0" owari="84,-41.6,378,17.8,388,48.8,150,-25.0" /></mjloggm>