<mjloggm ver="2.3"><GO type="169" lobby="0"/><UN n0="%E4%BF%9D%E8%82%B2%E5%A3%AB" n1="%E4%BA%8C%E9%9A%8E%E5%A0%82%E7%9C%9F%E7%B4%85%E3%81%A1%E3%82%83%E3%82%93" n2="%E3%82%80%E3%81%97%E6%AD%AF" n3="%E3%81%95%E3%81%8F%E3%82%88%E3%81%93%E3%81%A1%E3%82%83%E3%82%93" dan="16,16,17,16" rate="2179.03,2150.38,2178.16,2055.62" sx="M,M,M,M"/><TAIKYOKU oya="0"/><INIT seed="0,0,0,3,1,12" ten="250,250,250,250" oya="0" hai0="37,107,40,7,52,11,119,59,48,45,13,20,23" hai1="34,54,75,61,110,14,16,102,58,76,35,38,82" hai2="108,80,118,22,28,57,112,126,113,83,104,49,68" hai3="4,60,131,65,91,5,63,39,117,129,26,72,36"/><T1/><D119/><U53/><E110/><V111/><F68/><W86/><G72/><T15/><D107/><U103/><E38/><N who="3" m="14378" /><G26/><T42/><D42/><U66/><E34/><V87/><F104/><W99/><G99/><T92/><D1/><U10/><REACH who="1" step="1"/><E35/><REACH who="1" ten="250,240,250,250" step="2"/><V130/><F111/><W24/><G117/><T9/><REACH who="0" step="1"/><D92/><REACH who="0" ten="240,240,250,250" step="2"/><U70/><E70/><V2/><F118/><W114/><G131/><T21/><D21/><U97/><E97/><V98/><F22/><W25/><G129/><T101/><D101/><AGARI ba="0,2" hai="10,14,16,53,54,58,61,66,75,76,82,101,102,103" machi="101" ten="40,5200,0" yaku="1,1,52,1,54,1,53,0" doraHai="12" doraHaiUra="27" who="1" fromWho="0" sc="240,-52,240,72,250,0,250,0" /><INIT seed="1,0,0,3,5,38" ten="188,312,250,250" oya="1" hai0="74,84,0,120,134,42,105,133,61,15,60,65,104" hai1="89,64,9,106,20,82,52,4,58,1,71,36,32" hai2="112,110,92,45,78,127,2,115,22,130,16,13,114" hai3="8,101,85,18,47,100,98,118,96,55,50,10,62"/><U135/><E32/><V95/><F110/><W68/><G118/><T125/><D74/><U33/><E33/><V87/><F2/><W41/><G85/><T26/><D0/><U11/><E106/><V111/><F111/><W90/><G90/><T79/><D125/><U94/><E135/><V128/><F127/><W7/><G18/><T43/><D120/><U66/><E36/><V40/><F78/><W27/><G27/><T3/><D3/><U113/><E71/><V86/><F86/><W119/><G119/><T131/><D131/><N who="2" m="50218" /><F87/><W76/><G76/><T83/><D26/><U35/><E35/><V107/><F107/><N who="0" m="41034" /><D15/><U93/><E82/><V39/><AGARI ba="0,0" hai="13,16,22,39,40,45,92,95,112,114,115" m="50218" machi="39" ten="40,8000,1" yaku="11,1,19,1,52,1,54,1" doraHai="38" who="2" fromWho="2" sc="188,-20,312,-40,250,80,250,-20" /><INIT seed="2,0,0,5,4,112" ten="168,272,330,230" oya="2" hai0="122,15,25,20,70,89,123,11,6,127,111,106,121" hai1="7,67,33,126,48,92,113,37,71,120,130,57,64" hai2="124,78,101,88,104,115,42,135,95,128,73,129,49" hai3="31,76,34,3,65,97,94,66,21,59,84,30,23"/><V51/><F115/><W18/><G3/><T8/><D106/><U132/><E33/><V50/><F135/><W102/><G34/><T83/><D70/><U41/><E7/><V118/><F124/><W77/><G23/><T86/><D127/><U43/><E126/><V81/><F42/><W19/><G19/><T91/><D8/><U10/><E10/><V103/><F118/><W14/><G66/><T96/><D111/><U35/><E35/><V40/><F40/><W114/><G114/><T134/><D134/><U0/><E0/><V108/><F108/><W62/><REACH who="3" step="1"/><G84/><REACH who="3" ten="168,272,330,220" step="2"/><T105/><D122/><U58/><E67/><V28/><F28/><AGARI ba="0,1" hai="14,18,21,28,30,31,59,62,65,76,77,94,97,102" machi="28" ten="40,5200,0" yaku="1,1,2,1,8,1,53,0" doraHai="112" doraHaiUra="45" who="3" fromWho="2" sc="168,0,272,0,330,-52,220,62" /><INIT seed="3,0,0,5,1,48" ten="168,272,278,282" oya="3" hai0="3,38,72,108,126,75,12,4,103,131,114,79,32" hai1="44,73,15,117,97,34,25,118,8,33,99,20,113" hai2="85,51,49,89,95,31,40,30,100,6,35,77,110" hai3="83,46,106,18,70,80,24,119,81,135,16,17,69"/><W124/><G119/><N who="1" m="45578" /><E73/><V93/><F110/><W122/><G122/><T56/><D103/><U50/><E113/><V87/><F6/><W109/><G106/><T128/><D79/><U62/><E62/><V134/><F134/><W116/><G116/><T91/><D91/><U65/><E65/><V19/><F35/><N who="1" m="13321" /><E15/><V11/><F100/><W102/><G102/><T133/><D12/><U68/><E8/><V23/><F11/><W104/><G104/><T127/><D108/><U28/><E68/><V115/><F115/><W96/><G109/><T130/><D114/><U41/><AGARI ba="0,0" hai="20,25,28,41,44,50,97,99" m="13321,45578" machi="41" ten="30,1100,0" yaku="12,1" doraHai="48" who="1" fromWho="1" sc="168,-3,272,11,278,-3,282,-5" /><INIT seed="4,0,0,3,0,111" ten="165,283,275,277" oya="0" hai0="95,1,68,42,3,54,104,131,113,120,76,132,66" hai1="86,91,43,0,114,12,31,2,75,59,71,37,63" hai2="6,128,65,98,41,50,133,96,130,19,123,35,9" hai3="110,108,116,56,77,10,25,126,124,73,24,109,70"/><T52/><D120/><U26/><E75/><V20/><F123/><W88/><G70/><T5/><D104/><U99/><E71/><V102/><F35/><W58/><G116/><T16/><D42/><U134/><E134/><V119/><F65/><W55/><G77/><T30/><D132/><U94/><E12/><V29/><F29/><W18/><G73/><T34/><D76/><U103/><E37/><V87/><F87/><W51/><G58/><T46/><D131/><N who="2" m="50218" /><F133/><W40/><G40/><T106/><D106/><U127/><E127/><N who="3" m="48682" /><G88/><T69/><D66/><U90/><E90/><V72/><F72/><W125/><N who="3" m="48690" /><W11/><DORA hai="22" /><G18/><T74/><D74/><U44/><E91/><V122/><F122/><W81/><G81/><T49/><D16/><U135/><E86/><V105/><F98/><W100/><G100/><T121/><D121/><U107/><E99/><V32/><F119/><W4/><G10/><T101/><D101/><U47/><E103/><V64/><F64/><W53/><G55/><T89/><D54/><U36/><E43/><V78/><F78/><W8/><G8/><T33/><D30/><U61/><E31/><V48/><F41/><W112/><G112/><T27/><D52/><U13/><E114/><V62/><F62/><W23/><G23/><T60/><D113/><U21/><E63/><V45/><F32/><W129/><G129/><T79/><D60/><U97/><E61/><V67/><F67/><W14/><AGARI ba="0,0" hai="4,11,14,24,25,51,53,56,108,109,110" m="48690" machi="14" ten="50,6400,0" yaku="18,1,52,2" doraHai="111,22" who="3" fromWho="3" sc="165,-32,283,-16,275,-16,277,64" /><INIT seed="5,0,0,1,1,59" ten="133,267,259,341" oya="1" hai0="105,28,6,49,128,76,120,83,118,85,4,133,100" hai1="40,61,93,0,125,112,121,33,7,70,42,74,108" hai2="14,90,60,8,95,99,114,92,32,84,12,51,101" hai3="46,67,55,11,62,77,109,52,47,58,68,43,80"/><U129/><RYUUKYOKU type="yao9" ba="0,0" sc="133,0,267,0,259,0,341,0" hai1="0,7,33,40,42,61,70,74,93,108,112,121,125,129" /><INIT seed="5,1,0,0,3,67" ten="133,267,259,341" oya="1" hai0="114,68,92,32,24,13,60,31,80,87,1,17,15" hai1="122,91,36,50,93,35,100,63,123,111,12,2,28" hai2="10,58,85,61,94,64,96,4,19,116,82,88,34" hai3="124,128,46,27,105,69,29,40,6,97,74,84,126"/><U76/><E36/><V47/><F116/><W72/><G84/><T5/><D114/><U102/><E2/><V16/><F47/><W127/><G6/><T95/><D13/><U26/><E111/><V45/><F45/><W109/><G109/><T52/><D5/><U75/><E50/><V83/><F83/><W20/><G69/><T11/><D1/><U7/><E76/><V115/><F34/><W37/><G128/><T25/><D25/><U130/><E75/><V129/><F129/><W112/><G112/><T98/><D98/><U90/><E90/><V79/><REACH who="2" step="1"/><F115/><REACH who="2" ten="133,267,249,341" step="2"/><W3/><G46/><T99/><D99/><U56/><E130/><V0/><AGARI ba="1,1" hai="0,4,10,16,19,58,61,64,79,82,85,88,94,96" machi="0" ten="20,16000,3" yaku="1,1,2,1,0,1,7,1,54,2,53,2" doraHai="67" doraHaiUra="14" who="2" fromWho="2" sc="133,-41,267,-81,249,173,341,-41" /><INIT seed="6,0,0,0,5,78" ten="92,186,422,300" oya="2" hai0="108,115,84,66,26,116,129,83,4,109,114,14,21" hai1="104,35,82,133,38,117,51,42,103,55,121,32,111" hai2="61,20,37,52,17,10,124,90,76,118,91,62,16" hai3="119,96,89,19,33,59,15,112,100,99,72,13,57"/><V29/><F118/><W11/><G119/><T58/><D116/><U126/><E117/><RYUUKYOKU type="kaze4" ba="0,0" sc="92,0,186,0,422,0,300,0" /><INIT seed="6,1,0,5,1,135" ten="92,186,422,300" oya="2" hai0="11,112,51,65,48,98,92,56,80,57,20,134,30" hai1="62,54,95,99,76,46,94,1,49,66,31,117,73" hai2="118,127,109,38,68,70,44,52,100,10,29,77,106" hai3="71,110,123,2,25,91,17,26,47,85,105,97,37"/><V131/><F118/><W55/><G110/><T24/><D134/><U121/><E117/><V58/><F109/><W116/><G116/><T41/><D112/><U12/><E1/><V113/><F113/><W119/><G119/><T50/><D80/><U115/><E115/><V8/><F127/><W81/><G71/><T101/><D56/><U111/><E121/><V19/><F29/><W133/><G2/><T53/><D11/><U79/><E73/><V60/><F77/><W75/><G123/><T107/><D107/><U128/><E31/><V114/><F114/><W0/><G0/><T61/><REACH who="0" step="1"/><D41/><REACH who="0" ten="82,186,422,300" step="2"/><U42/><E42/><N who="2" m="22615" /><F10/><W40/><G40/><T59/><AGARI ba="1,1" hai="20,24,30,48,50,51,53,57,59,61,65,92,98,101" machi="59" ten="20,12000,2" yaku="1,1,0,1,7,1,25,2,8,1,53,0" doraHai="135" doraHaiUra="7" who="0" fromWho="0" sc="82,133,186,-31,422,-61,300,-31" /><INIT seed="7,0,0,5,3,25" ten="215,155,361,269" oya="3" hai0="9,40,58,17,22,134,102,135,78,0,88,54,14" hai1="47,19,117,53,83,100,97,66,110,99,74,59,39" hai2="6,37,124,75,89,114,111,115,93,42,31,27,70" hai3="21,24,44,15,96,67,126,45,5,38,107,61,125"/><W123/><G123/><T1/><D40/><U79/><E110/><V52/><F111/><W11/><G107/><T87/><D102/><U16/><E117/><V77/><F70/><W63/><G96/><T116/><D78/><U92/><E66/><V127/><F6/><W68/><G63/><T64/><D64/><U85/><E74/><V128/><F128/><W103/><G103/><T69/><D9/><U34/><E34/><N who="2" m="20863" /><F52/><W94/><G94/><N who="0" m="54559" /><D69/><U35/><E35/><V43/><F77/><W56/><G68/><T91/><D91/><U18/><E99/><N who="2" m="57775" /><F75/><W28/><G38/><T130/><D116/><U3/><E3/><N who="0" m="1097" /><D130/><U46/><REACH who="1" step="1"/><E39/><REACH who="1" ten="215,145,361,269" step="2"/><V26/><F37/><W86/><G67/><T51/><AGARI ba="0,1" hai="14,17,22,51,54,58,134,135" m="1097,54559" machi="51" ten="30,2000,0" yaku="25,1,54,1" doraHai="25" who="0" fromWho="0" sc="215,30,145,-5,361,-5,269,-10" owari="245,-15.5,140,-36.0,356,45.6,259,5.9" /></mjloggm>