<mjloggm ver="2.3"><GO type="225" lobby="0"/><UN n0="%E9%B3%B4%E8%8C%B6" n1="%2D%E8%B1%8A%E5%8F%A3%E3%82%81%E3%81%90%E3%81%BF%2D" n2="%4C%4F%4C%49%54%41" n3="%E9%A6%AC%E5%BC%95%E7%81%AB%33" dan="16,17,16,16" rate="2146.19,2215.74,2083.44,2141.46" sx="M,F,F,M"/><TAIKYOKU oya="0"/><INIT seed="0,0,0,3,4,10" ten="250,250,250,250" oya="0" hai0="120,3,33,77,132,112,38,102,18,108,74,40,73" hai1="101,7,55,94,127,56,48,100,104,86,107,31,41" hai2="42,25,12,95,122,70,63,129,28,65,16,135,19" hai3="45,39,53,50,91,109,35,82,85,99,22,14,4"/><T89/><D112/><U113/><E113/><V72/><F122/><W105/><G109/><T13/><D120/><U27/><E127/><V68/><F72/><W64/><G35/><T62/><D3/><U126/><E126/><V5/><F129/><W96/><G39/><T98/><D33/><U130/><E130/><V71/><F135/><W15/><G105/><T69/><D132/><U17/><E7/><V92/><F42/><W1/><G1/><T37/><D108/><U21/><E41/><V111/><F5/><W106/><G106/><T9/><D89/><U51/><E101/><V83/><F83/><W47/><G47/><T59/><D69/><U52/><E31/><V116/><F116/><W23/><G64/><T66/><D77/><U54/><E54/><V24/><F24/><W128/><G128/><T97/><D98/><N who="3" m="37417" /><G4/><T30/><D30/><U93/><E100/><V124/><F19/><W134/><G134/><T20/><D20/><AGARI ba="0,0" hai="14,15,20,22,23,45,50,53,82,85,91" m="37417" machi="20" ten="30,3900,0" yaku="8,1,52,2" doraHai="10" who="3" fromWho="0" sc="250,-39,250,0,250,0,250,39" /><INIT seed="1,0,0,2,0,66" ten="211,250,250,289" oya="1" hai0="116,49,44,46,56,3,120,8,39,18,95,108,98" hai1="83,121,32,60,109,125,114,16,23,59,51,62,47" hai2="15,17,112,91,9,102,7,134,42,86,5,85,90" hai3="113,128,27,101,55,29,74,11,50,71,69,115,25"/><U48/><E114/><V132/><F112/><W38/><G38/><T12/><D116/><U68/><E121/><V126/><F126/><W107/><G74/><T2/><D120/><U124/><E32/><V14/><F102/><W73/><G73/><T87/><D108/><U111/><E83/><V35/><F35/><W119/><G11/><T72/><D72/><U70/><E23/><V97/><F97/><W79/><G79/><T67/><D87/><U94/><E94/><V129/><F42/><W10/><G10/><T37/><D39/><U45/><E59/><V36/><F36/><W0/><G0/><T53/><D46/><U105/><REACH who="1" step="1"/><E16/><REACH who="1" ten="211,240,250,289" step="2"/><V24/><F17/><W1/><G115/><T58/><D56/><U21/><E21/><V84/><F9/><W80/><G80/><T41/><REACH who="0" step="1"/><D67/><REACH who="0" ten="201,240,250,289" step="2"/><U117/><E117/><V33/><F132/><W133/><G119/><T26/><D26/><U88/><E88/><AGARI ba="0,2" hai="2,3,8,12,18,37,41,44,49,53,58,88,95,98" machi="88" ten="30,3900,0" yaku="1,1,7,1,54,1,53,0" doraHai="66" doraHaiUra="30" who="0" fromWho="1" sc="201,59,240,-39,250,0,289,0" /><INIT seed="2,0,0,4,3,5" ten="260,201,250,289" oya="2" hai0="32,52,12,65,105,89,15,94,77,128,54,9,1" hai1="83,84,126,33,34,95,10,108,20,37,31,25,115" hai2="68,118,38,56,4,101,44,57,134,97,36,76,90" hai3="104,24,72,132,107,82,110,69,35,41,133,92,78"/><V123/><F123/><W129/><G69/><T113/><D113/><U45/><E115/><V42/><F118/><W93/><G41/><T19/><D105/><N who="3" m="40521" /><G24/><T121/><D128/><U13/><E108/><V23/><F68/><W49/><G49/><T17/><D32/><U75/><E126/><V22/><F38/><W87/><G35/><T80/><D1/><U61/><E95/><N who="3" m="36426" /><G110/><T103/><D65/><U120/><E75/><V2/><F56/><W43/><G43/><T66/><D66/><U58/><E45/><V27/><F57/><W14/><G14/><T30/><D30/><U48/><E48/><V3/><F23/><W109/><G109/><T21/><D103/><U74/><E74/><V50/><F50/><W100/><G129/><T79/><D121/><U71/><E37/><V60/><F60/><W99/><G72/><T16/><D17/><U125/><E125/><V98/><F4/><W114/><G114/><T112/><D112/><U111/><E71/><V6/><F6/><W117/><G117/><T55/><D80/><U91/><E120/><V7/><F7/><W124/><G124/><T18/><D19/><N who="1" m="8631" /><E111/><V11/><F2/><W8/><G8/><T46/><D46/><U53/><E33/><V86/><F3/><W102/><G102/><T135/><D135/><U29/><E34/><V81/><F44/><W26/><G26/><T116/><D116/><U106/><E106/><AGARI ba="0,0" hai="78,82,87,99,100,106,132,133" m="36426,40521" machi="106" ten="30,2000,0" yaku="34,2" doraHai="5" who="3" fromWho="1" sc="260,0,201,-20,250,0,289,20" /><INIT seed="3,0,0,1,5,66" ten="260,181,250,309" oya="3" hai0="87,61,107,78,116,34,74,55,105,40,20,89,58" hai1="60,99,83,128,86,0,67,129,26,64,5,19,112" hai2="52,15,42,101,130,119,68,65,90,22,124,122,9" hai3="111,4,135,10,50,53,1,106,54,97,21,63,91"/><W118/><G118/><T59/><D34/><U48/><E112/><V72/><F119/><W82/><G135/><T43/><D116/><U109/><E109/><V125/><F72/><W31/><G111/><T100/><D74/><U44/><E99/><V33/><F33/><W2/><G2/><T79/><D107/><U57/><E67/><V69/><F130/><W12/><G63/><N who="0" m="36319" /><D100/><U103/><E103/><V41/><F122/><W96/><G106/><T132/><D20/><U85/><E5/><V8/><F101/><W76/><G76/><N who="0" m="29227" /><D132/><U51/><E0/><V113/><F113/><W127/><G54/><N who="0" m="34039" /><D105/><U92/><E92/><AGARI ba="0,0" hai="40,43,87,89,92" m="34039,29227,36319" machi="92" ten="30,1000,0" yaku="8,1" doraHai="66" who="0" fromWho="1" sc="260,10,181,-10,250,0,309,0" owari="270,7.0,171,-32.9,250,-15.0,309,40.9" /></mjloggm>