<mjloggm ver="2.3"><GO type="169" lobby="0"/><UN n0="%E3%83%8F%E3%82%BA%E3%83%AC" n1="%E3%81%91%E3%82%93%E3%81%9E%E3%83%BC%E3%83%99%E3%82%A4" n2="%E6%8E%A2%39" n3="%E4%BF%9D%E8%82%B2%E5%A3%AB" dan="17,16,17,16" rate="2185.16,2079.23,2199.47,2179.54" sx="M,M,M,M"/><TAIKYOKU oya="0"/><INIT seed="0,0,0,3,4,20" ten="250,250,250,250" oya="0" hai0="7,90,79,122,99,96,130,59,97,115,60,13,74" hai1="48,11,71,40,33,72,39,2,135,121,43,127,47" hai2="118,6,133,12,105,113,5,124,32,81,68,119,89" hai3="106,69,57,49,25,3,64,123,92,53,55,84,22"/><T62/><D122/><U108/><RYUUKYOKU type="yao9" ba="0,0" sc="250,0,250,0,250,0,250,0" hai1="2,11,33,39,40,43,47,48,71,72,108,121,127,135" /><INIT seed="0,1,0,2,4,40" ten="250,250,250,250" oya="0" hai0="33,135,0,3,57,36,21,20,23,41,123,98,104" hai1="99,11,46,114,62,5,94,120,109,93,110,128,31" hai2="7,84,66,83,90,14,113,28,64,60,67,61,4" hai3="22,25,117,89,63,72,54,9,1,70,2,131,68"/><T53/><D123/><U97/><E120/><V101/><F113/><W79/><G117/><T122/><D122/><U39/><E31/><V15/><F101/><W52/><G131/><T47/><D33/><U18/><E128/><V56/><F28/><W121/><G121/><T73/><D73/><U35/><E35/><V24/><F24/><W125/><G125/><T126/><D126/><U6/><E18/><V91/><F90/><W16/><G89/><T118/><D118/><U102/><E62/><V38/><F38/><W12/><G79/><T29/><D29/><U107/><E114/><V116/><F116/><W77/><G1/><T27/><D27/><U37/><E107/><V119/><F119/><W134/><G2/><T92/><D104/><U96/><E96/><V69/><REACH who="2" step="1"/><F67/><REACH who="2" ten="250,250,240,250" step="2"/><W103/><G103/><T32/><D135/><U50/><E110/><V58/><F58/><W10/><G134/><T26/><D26/><U65/><E109/><V74/><F74/><W133/><G133/><T43/><D32/><U59/><E65/><V86/><F86/><W76/><G76/><T8/><D36/><U127/><E59/><V115/><F115/><W106/><G106/><T130/><D57/><U30/><E30/><V45/><F45/><W95/><G77/><T42/><D130/><U55/><E127/><V80/><F80/><W17/><G72/><T13/><D47/><U82/><E82/><V129/><F129/><W108/><G108/><T51/><D98/><U85/><E85/><V78/><F78/><W124/><G124/><T75/><D75/><U44/><E37/><RYUUKYOKU ba="1,1" sc="250,-10,250,-10,240,30,250,-10" hai2="4,7,14,15,56,60,61,64,66,69,83,84,91" /><INIT seed="1,2,1,4,2,94" ten="240,240,270,240" oya="1" hai0="60,73,116,65,2,98,54,81,22,72,48,86,32" hai1="52,39,34,110,82,3,56,126,8,61,106,89,41" hai2="36,127,62,120,17,12,74,69,6,15,53,133,21" hai3="129,58,7,104,4,130,93,11,16,14,76,38,101"/><U95/><E106/><V131/><F120/><W51/><G38/><T119/><D32/><U64/><E34/><V33/><F74/><W44/><G58/><T80/><D2/><U105/><E105/><V47/><F33/><W30/><G30/><T123/><D123/><U79/><E126/><V122/><F122/><W121/><G76/><T18/><D73/><U87/><E110/><V83/><F131/><N who="3" m="50187" /><G104/><T24/><D72/><U134/><E134/><V113/><F83/><W55/><G121/><T99/><D116/><U19/><E39/><V77/><F77/><W92/><G92/><T90/><D80/><U66/><E41/><V29/><F29/><W23/><G23/><T75/><D75/><U103/><E103/><V31/><F21/><W13/><G13/><T40/><D40/><U125/><E125/><V128/><F15/><W70/><G70/><T5/><D5/><U114/><E114/><V27/><F6/><W9/><G9/><T20/><D20/><U1/><E1/><V108/><F12/><W59/><G44/><N who="0" m="27911" /><D119/><U124/><E124/><V43/><F113/><W102/><G102/><T107/><D107/><U118/><E118/><V68/><F31/><W37/><G37/><T132/><D132/><U0/><E0/><V46/><F133/><W117/><G117/><T49/><D49/><U78/><E3/><V96/><F128/><W88/><G101/><T25/><D25/><U135/><E135/><V84/><F27/><W10/><G10/><T63/><D63/><U50/><E61/><V85/><F127/><W26/><G26/><T115/><D115/><RYUUKYOKU ba="2,1" sc="240,15,240,-15,270,-15,240,15" hai0="18,22,24,60,65,81,86,90,98,99" hai3="4,7,11,14,16,51,55,59,88,93" /><INIT seed="2,3,1,4,0,102" ten="255,225,255,255" oya="2" hai0="4,59,96,44,109,67,11,57,37,121,54,62,65" hai1="60,97,94,14,88,61,81,107,7,132,29,51,3" hai2="122,63,42,83,30,1,79,130,78,32,73,119,26" hai3="113,106,87,55,12,40,43,112,64,82,114,116,120"/><V16/><F130/><W8/><G116/><T74/><D74/><U100/><E3/><V68/><F119/><W108/><G120/><T131/><D121/><U58/><E29/><V117/><F117/><W35/><G35/><T45/><D109/><U105/><E132/><V93/><F122/><W76/><G108/><T15/><D131/><U128/><E128/><V84/><F1/><W41/><G64/><T125/><D125/><U21/><E51/><V23/><F42/><W92/><G92/><T66/><D37/><U85/><E61/><V127/><F127/><W0/><G0/><T25/><D57/><U10/><E21/><V33/><F30/><W77/><G55/><AGARI ba="3,1" hai="7,10,14,55,58,60,81,85,88,94,97,100,105,107" machi="55" ten="30,7700,0" yaku="7,1,52,2,54,1" doraHai="102" who="1" fromWho="3" sc="255,0,225,96,255,0,255,-86" /><INIT seed="3,0,0,1,4,107" ten="255,321,255,169" oya="3" hai0="80,53,106,84,83,63,92,89,24,72,125,37,128" hai1="8,121,100,120,55,62,91,124,131,44,17,93,98" hai2="113,9,122,33,30,135,95,41,1,129,77,27,104" hai3="81,111,123,101,86,48,118,96,58,36,130,16,69"/><W105/><G118/><T132/><D37/><U99/><E131/><V28/><F104/><W29/><G130/><T15/><D128/><U134/><E134/><V60/><F129/><W13/><G36/><T25/><D132/><U49/><E62/><V22/><F135/><W56/><G123/><T127/><D106/><U68/><E68/><V12/><F113/><W102/><G69/><T87/><D15/><U117/><E124/><N who="0" m="47689" /><D72/><U43/><E117/><V11/><F41/><W116/><G116/><T61/><D80/><U45/><E17/><N who="2" m="8335" /><F95/><W51/><G102/><T47/><D47/><U39/><E8/><V78/><F60/><N who="0" m="23114" /><D53/><U20/><E20/><V114/><F78/><AGARI ba="0,0" hai="24,25,78,83,84,87,89,92" m="23114,47689" machi="78" ten="30,1000,0" yaku="18,1" doraHai="107" who="0" fromWho="2" sc="255,10,321,0,255,-10,169,0" /><INIT seed="4,0,0,0,5,63" ten="265,321,245,169" oya="0" hai0="105,107,108,103,93,123,2,74,18,119,72,132,0" hai1="60,88,61,3,32,5,77,25,83,43,42,37,115" hai2="16,33,89,19,50,44,30,122,14,78,8,11,28" hai3="118,13,68,97,86,62,73,41,84,129,40,58,111"/><T76/><D18/><U4/><E32/><V20/><F122/><W90/><G111/><T54/><D54/><U126/><E25/><N who="2" m="14471" /><F33/><W64/><G118/><T81/><D2/><U9/><E5/><V29/><F78/><W6/><G73/><N who="0" m="43151" /><D0/><U109/><E109/><V127/><F127/><W45/><G129/><T117/><D108/><U51/><E126/><V135/><F135/><W67/><G97/><N who="0" m="59823" /><D123/><U101/><E51/><V98/><F89/><W15/><G68/><T85/><D132/><U55/><E43/><N who="3" m="16458" /><G45/><T114/><D114/><U120/><E115/><V95/><F50/><W113/><G113/><T31/><D31/><U71/><E71/><V80/><F44/><W82/><G84/><T99/><D119/><U121/><E121/><V100/><F80/><W38/><G38/><T52/><D52/><U35/><E83/><V125/><F125/><W92/><G82/><T27/><D27/><U131/><E37/><V53/><F53/><N who="3" m="34127" /><G6/><T104/><D117/><U24/><E4/><V102/><F102/><W116/><G116/><T22/><D22/><AGARI ba="0,0" hai="8,11,14,19,22,28,29,30,95,98,100" m="14471" machi="22" ten="30,2000,0" yaku="8,1,54,1" doraHai="63" who="2" fromWho="0" sc="265,-20,321,0,245,20,169,0" /><INIT seed="5,0,0,2,2,27" ten="245,321,265,169" oya="1" hai0="4,3,38,89,130,91,99,116,28,25,37,21,1" hai1="5,30,19,44,23,86,46,73,10,11,58,47,129" hai2="42,59,100,55,122,96,68,51,12,26,93,105,135" hai3="77,39,63,14,29,78,84,74,70,95,71,98,79"/><U9/><E73/><V15/><F135/><W64/><G74/><T34/><D116/><U72/><E72/><V134/><F134/><W66/><G39/><T0/><D130/><U45/><E129/><V62/><F122/><W8/><G84/><T31/><D4/><U32/><E32/><V13/><F105/><W41/><G41/><T123/><D123/><U80/><E47/><V94/><F94/><W75/><G75/><T125/><D125/><U114/><E114/><V48/><F68/><W52/><G52/><T121/><D121/><U119/><E119/><V7/><F7/><W110/><G110/><T61/><D61/><U22/><E5/><V57/><F26/><W127/><G127/><T132/><D132/><U120/><E58/><V17/><F42/><W103/><G66/><T36/><REACH who="0" step="1"/><D99/><REACH who="0" ten="235,321,265,169" step="2"/><U118/><E118/><V69/><F69/><W56/><G71/><T2/><N who="0" m="0" /><DORA hai="97" /><T102/><D102/><U107/><E120/><V111/><F111/><W18/><REACH who="3" step="1"/><G70/><REACH who="3" ten="235,321,265,159" step="2"/><T53/><D53/><U49/><E44/><V112/><F55/><W92/><G92/><T85/><D85/><U108/><E45/><V83/><F93/><W43/><G43/><T65/><D65/><U126/><E126/><V131/><F131/><W40/><G40/><T82/><D82/><U115/><E80/><V113/><F83/><W35/><G35/><T117/><D117/><U6/><E108/><V109/><F109/><W101/><G101/><T76/><D76/><U124/><E86/><V20/><F100/><W128/><G128/><T54/><D54/><U81/><E124/><RYUUKYOKU ba="0,2" sc="235,15,321,-15,265,-15,159,15" hai0="21,25,28,31,34,36,37,38,89,91" hai3="8,14,18,29,56,63,64,77,78,79,95,98,103" /><INIT seed="6,1,2,1,5,91" ten="250,306,250,174" oya="2" hai0="6,65,16,108,92,53,112,25,17,74,95,127,66" hai1="43,40,10,7,11,118,87,79,128,3,115,126,59" hai2="83,129,105,80,62,130,39,54,69,72,4,119,46" hai3="12,50,85,121,34,70,48,93,88,96,23,77,41"/><V68/><F119/><W82/><G121/><T42/><D74/><U5/><E118/><V104/><F4/><W57/><G70/><N who="2" m="27241" /><F62/><W33/><G41/><T21/><D108/><U131/><E115/><V86/><F54/><W73/><G57/><T89/><D6/><U2/><E59/><V97/><F72/><W103/><G48/><T102/><D127/><U81/><E126/><V61/><F61/><W58/><G50/><T63/><D42/><AGARI ba="1,2" hai="2,3,5,7,10,11,40,42,43,79,81,87,128,131" machi="42" ten="40,1300,0" yaku="9,1" doraHai="91" who="1" fromWho="0" sc="250,-16,306,36,250,0,174,0" /><INIT seed="7,0,0,5,1,64" ten="234,342,250,174" oya="3" hai0="57,83,67,24,113,133,80,74,45,16,85,48,53" hai1="38,106,9,7,102,112,29,14,130,114,40,23,117" hai2="107,68,104,17,82,98,60,77,26,84,27,46,108" hai3="37,105,1,65,8,41,90,33,128,101,32,115,19"/><W99/><G128/><T76/><D133/><U2/><E130/><V22/><F108/><W20/><G115/><N who="1" m="44074" /><E117/><V70/><F46/><W88/><G41/><T124/><D124/><U18/><E29/><V55/><F27/><W97/><G37/><T72/><D113/><U120/><E120/><V11/><F11/><W89/><G99/><T54/><D67/><U47/><E102/><V126/><F126/><W86/><G86/><T10/><D80/><U34/><E34/><V69/><REACH who="2" step="1"/><F98/><REACH who="2" ten="234,342,240,174" step="2"/><W59/><G8/><T5/><D10/><U87/><E87/><V109/><F109/><W36/><G36/><T35/><D74/><U122/><E122/><V81/><F81/><W28/><G28/><T44/><D72/><U129/><E129/><V50/><F50/><W91/><N who="3" m="22528" /><DORA hai="61" /><W58/><G1/><T92/><D45/><U116/><E116/><V51/><F51/><W125/><G125/><T100/><D44/><U75/><E75/><V131/><F131/><W31/><G31/><T63/><D48/><U118/><E118/><V56/><AGARI ba="0,1" hai="17,22,26,55,56,60,68,69,70,77,82,84,104,107" machi="56" ten="40,12000,2" yaku="1,1,0,1,52,3,53,1" doraHai="64,61" doraHaiUra="134,73" who="2" fromWho="2" sc="234,-30,342,-30,240,130,174,-60" owari="204,-19.6,312,11.2,370,47.0,114,-38.6" /></mjloggm>