<mjloggm ver="2.3"><GO type="169" lobby="0"/><UN n0="%E3%81%94%E3%82%8B%E3%81%AF%E3%82%80%33%30" n1="%E8%B5%A4%E6%9C%A8%E3%81%97%E3%81%92%E3%82%8B" n2="%E8%80%81%E6%A5%BD" n3="%70%65%6E%74%6F%6C%61" dan="17,16,17,17" rate="2186.22,2077.54,2234.82,2207.34" sx="F,M,M,M"/><TAIKYOKU oya="0"/><INIT seed="0,0,0,1,2,103" ten="250,250,250,250" oya="0" hai0="0,83,1,127,28,15,111,24,36,118,74,41,93" hai1="26,116,71,113,51,125,75,68,47,5,16,65,22" hai2="122,60,119,96,3,100,72,46,11,130,117,132,10" hai3="53,92,123,40,54,23,108,81,133,104,66,105,29"/><T6/><D118/><U37/><E75/><V115/><F115/><W17/><G29/><T35/><D127/><U57/><E37/><V91/><F91/><W110/><G133/><T67/><D67/><U62/><E116/><V13/><F13/><W90/><G81/><T20/><D111/><N who="3" m="42537" /><G40/><T21/><D93/><U63/><E125/><V89/><F89/><W82/><G66/><T107/><D41/><U52/><E113/><V4/><F11/><W98/><G82/><T78/><D36/><U64/><REACH who="1" step="1"/><E5/><REACH who="1" ten="250,240,250,250" step="2"/><V31/><F4/><W131/><G131/><T14/><D6/><U120/><E120/><V84/><F72/><W87/><G123/><T134/><D74/><U128/><E128/><V7/><F130/><W43/><G43/><T8/><D134/><U102/><E102/><V95/><F132/><W33/><G33/><T55/><D35/><U97/><E97/><V9/><F122/><W121/><G98/><T38/><D38/><U61/><E61/><V77/><F60/><W69/><G121/><T126/><D126/><U56/><AGARI ba="0,1" hai="16,22,26,47,51,52,56,57,62,63,64,65,68,71" machi="56" ten="20,12000,2" yaku="1,1,0,1,7,1,9,1,54,2,53,0" doraHai="103" doraHaiUra="73" who="1" fromWho="1" sc="250,-60,240,130,250,-30,250,-30" /><INIT seed="1,0,0,1,3,3" ten="190,370,220,220" oya="1" hai0="117,108,67,41,97,49,56,126,50,32,79,47,99" hai1="1,113,120,110,38,124,91,119,73,5,51,21,17" hai2="102,90,66,134,48,85,81,53,86,7,115,83,71" hai3="109,28,104,84,57,121,114,60,4,18,64,58,42"/><U44/><E73/><V82/><F134/><W9/><G114/><T25/><D117/><U2/><E38/><V118/><F118/><W61/><G121/><T45/><D108/><U128/><E119/><V13/><F115/><W29/><G104/><T37/><D79/><U111/><E113/><V69/><F102/><W31/><G42/><T88/><D126/><U74/><E74/><V16/><F7/><W12/><G109/><N who="1" m="41482" /><E120/><V130/><F130/><W34/><G84/><T14/><D14/><N who="1" m="9399" /><E128/><V135/><F66/><W95/><G95/><T24/><D37/><U94/><E124/><V122/><F135/><W78/><G78/><T76/><D76/><U55/><E5/><V39/><F39/><W92/><G92/><T133/><D133/><U59/><E44/><V15/><F15/><W112/><G112/><T6/><D6/><U107/><E107/><V131/><F131/><W11/><G34/><T35/><D35/><U125/><E125/><V105/><F105/><W106/><G106/><T96/><D32/><U27/><E27/><V22/><F122/><W8/><REACH who="3" step="1"/><G4/><REACH who="3" ten="190,370,220,210" step="2"/><T30/><D41/><U65/><E65/><AGARI ba="0,1" hai="8,9,11,12,18,28,29,31,57,58,60,61,64,65" machi="65" ten="40,8000,1" yaku="1,1,2,1,9,1,8,1,53,0" doraHai="3" doraHaiUra="68" who="3" fromWho="1" sc="190,0,370,-80,220,0,210,90" /><INIT seed="2,0,0,5,5,15" ten="190,290,220,300" oya="2" hai0="93,63,114,36,128,131,91,47,109,19,72,126,18" hai1="89,104,127,111,25,31,96,75,34,20,83,24,62" hai2="9,69,30,110,58,11,40,44,65,42,32,106,39" hai3="135,12,27,70,117,60,7,73,16,78,105,67,129"/><V4/><F40/><W10/><G117/><T88/><D114/><U130/><E111/><V0/><F110/><W56/><G105/><T8/><D109/><U122/><E130/><N who="0" m="49705" /><D126/><U107/><E127/><V98/><F58/><W103/><G129/><T132/><D132/><U37/><E37/><V51/><F51/><W119/><G119/><T124/><D124/><U80/><E122/><V125/><F125/><W102/><G135/><T87/><D72/><U55/><E80/><V118/><F118/><W23/><G73/><T133/><D133/><U90/><E75/><V92/><F11/><W120/><G120/><T85/><D63/><U33/><E33/><V100/><F92/><W1/><G78/><T46/><D8/><U101/><E83/><V76/><F76/><W99/><G70/><T123/><D123/><U3/><E3/><V94/><F94/><W97/><G1/><T52/><D52/><U41/><E41/><V66/><F66/><W5/><G7/><T21/><D36/><U116/><E116/><V74/><F74/><W64/><G67/><T54/><D54/><U68/><E104/><V95/><F95/><W108/><G108/><T81/><D21/><U48/><E62/><N who="2" m="40119" /><F30/><W13/><G13/><T113/><D113/><U57/><E68/><V53/><F53/><W61/><G61/><T43/><D43/><U49/><REACH who="1" step="1"/><E48/><REACH who="1" ten="190,280,220,300" step="2"/><V17/><F32/><W84/><G60/><T86/><D86/><U82/><E82/><V50/><F39/><W22/><G84/><T59/><D59/><U2/><E2/><V71/><F71/><W115/><G56/><RYUUKYOKU ba="0,1" sc="190,10,280,10,220,10,300,-30" hai0="18,19,46,47,81,85,87,88,91,93" hai1="20,24,25,31,34,49,55,57,89,90,96,101,107" hai2="0,4,9,17,42,44,50,98,100,106" /><INIT seed="2,1,1,4,1,83" ten="200,290,230,270" oya="2" hai0="8,100,95,89,24,128,16,62,74,96,76,15,35" hai1="122,53,121,133,120,86,80,68,75,36,2,118,58" hai2="88,87,97,119,0,14,26,46,34,67,10,61,17" hai3="19,77,48,41,114,22,13,5,42,127,117,25,109"/><V45/><F119/><W20/><G117/><T113/><D113/><U47/><E118/><V110/><F0/><W85/><G114/><T78/><D128/><U65/><E75/><V12/><F110/><W64/><G109/><T70/><D74/><U40/><E2/><V71/><F97/><W6/><G64/><T106/><D70/><U81/><E81/><V7/><F26/><W79/><G127/><T54/><D62/><U99/><E99/><V4/><F34/><W116/><G116/><T30/><REACH who="0" step="1"/><D54/><REACH who="0" ten="190,290,230,270" step="2"/><U38/><E68/><V93/><REACH who="2" step="1"/><F4/><REACH who="2" ten="190,290,220,270" step="2"/><W115/><G6/><T69/><D69/><U49/><E133/><V21/><AGARI ba="1,3" hai="7,10,12,14,17,21,45,46,61,67,71,87,88,93" machi="21" ten="20,18000,2" yaku="1,1,2,1,0,1,7,1,52,1,54,1,53,1" doraHai="83" doraHaiUra="66" who="2" fromWho="2" sc="190,-61,290,-61,220,213,270,-61" /><INIT seed="2,2,0,2,1,113" ten="129,229,433,209" oya="2" hai0="96,63,127,27,11,10,102,25,15,100,69,133,72" hai1="85,52,30,117,121,29,94,64,38,44,134,1,59" hai2="70,58,130,4,48,28,101,20,80,46,33,68,110" hai3="54,75,47,32,97,60,119,124,128,3,73,82,91"/><V5/><F33/><W40/><G3/><T65/><D133/><U43/><E1/><V106/><F58/><W103/><G32/><T118/><D127/><U13/><E134/><V36/><F20/><W92/><G124/><T108/><D72/><U88/><E121/><V57/><F28/><W129/><G54/><T24/><D108/><U114/><E114/><V35/><F57/><W77/><G60/><T105/><D102/><U98/><E117/><V93/><F48/><W62/><G62/><T61/><D118/><U95/><E64/><V104/><F46/><W116/><G73/><T99/><D99/><U19/><E95/><V34/><F93/><N who="3" m="58799" /><G47/><T8/><REACH who="0" step="1"/><D63/><REACH who="0" ten="119,229,433,209" step="2"/><U9/><REACH who="1" step="1"/><E98/><REACH who="1" ten="119,219,433,209" step="2"/><V90/><F110/><W83/><G119/><T87/><D87/><U16/><E16/><AGARI ba="2,2" hai="8,10,11,15,16,24,25,27,61,65,69,96,100,105" machi="16" ten="40,2600,0" yaku="1,1,54,1,53,0" doraHai="113" doraHaiUra="17" who="0" fromWho="1" sc="119,52,219,-32,433,0,209,0" /><INIT seed="3,0,0,3,2,123" ten="171,187,433,209" oya="3" hai0="47,13,27,130,22,96,1,48,61,30,26,94,8" hai1="16,100,90,119,104,3,87,51,55,0,97,109,44" hai2="18,36,42,128,4,117,49,52,74,69,9,115,59" hai3="116,88,93,68,24,20,132,14,76,121,32,83,113"/><W28/><G121/><T107/><D130/><U46/><E119/><V53/><F115/><W81/><G68/><T2/><D107/><U84/><E84/><V98/><F74/><W58/><G113/><T6/><D27/><U79/><E79/><V89/><F18/><W122/><G122/><T62/><D2/><U12/><E44/><V66/><F53/><W73/><G116/><T38/><D1/><U65/><E65/><V34/><F34/><W92/><G132/><T127/><D38/><U29/><E29/><V41/><F128/><W111/><G58/><T54/><REACH who="0" step="1"/><D127/><REACH who="0" ten="161,187,433,209" step="2"/><U50/><E0/><V82/><F36/><W108/><G14/><T19/><D19/><U7/><E3/><V56/><F117/><W80/><G32/><T60/><D60/><U25/><E25/><V77/><F4/><W45/><G45/><T131/><D131/><U133/><E7/><V37/><F37/><W106/><G106/><T75/><D75/><U129/><E129/><V118/><F118/><W40/><G40/><T23/><D23/><U11/><E133/><V101/><F41/><W31/><G31/><T71/><D71/><U86/><E51/><V124/><F42/><W102/><G73/><T120/><D120/><U126/><E126/><V21/><F124/><W112/><G112/><T67/><D67/><U85/><REACH who="1" step="1"/><E90/><AGARI ba="0,1" hai="6,8,13,22,26,30,47,48,54,61,62,90,94,96" machi="90" ten="30,3900,0" yaku="1,1,7,1,8,1,53,0" doraHai="123" doraHaiUra="39" who="0" fromWho="1" sc="161,49,187,-39,433,0,209,0" /><INIT seed="4,0,0,4,5,36" ten="210,148,433,209" oya="0" hai0="29,130,109,119,118,135,15,89,21,22,1,17,39" hai1="85,67,95,98,96,37,74,30,44,88,61,79,63" hai2="54,0,53,51,8,11,40,107,12,49,69,27,111" hai3="66,43,65,2,26,28,58,7,75,32,3,6,123"/><T76/><D76/><U62/><E30/><V68/><F27/><W57/><G75/><T38/><D1/><U46/><E67/><V122/><F12/><W60/><G123/><T81/><D130/><U55/><E46/><V31/><F107/><W102/><G102/><T128/><D128/><U131/><E131/><V41/><F31/><W72/><G72/><T125/><D125/><U71/><E71/><V105/><F105/><W99/><G99/><T104/><D104/><U114/><E114/><V83/><F83/><W110/><G110/><T126/><D126/><U82/><E55/><V35/><F0/><W47/><G3/><T120/><D120/><U20/><REACH who="1" step="1"/><E20/><REACH who="1" ten="210,138,433,209" step="2"/><V117/><F122/><W108/><G2/><T93/><D29/><U116/><E116/><V127/><F117/><W101/><G108/><T16/><D109/><U115/><E115/><V14/><F111/><W23/><G23/><T87/><D118/><U80/><E80/><V106/><F69/><W33/><G33/><T42/><D119/><U4/><E4/><V34/><F68/><W48/><G101/><T25/><D81/><U70/><E70/><V52/><F54/><W94/><G94/><T64/><D64/><U84/><E84/><V97/><F53/><W124/><G124/><T129/><D129/><U59/><E59/><V5/><F127/><W73/><G73/><T103/><D103/><U91/><E91/><V45/><F106/><W92/><G92/><T132/><D93/><U121/><E121/><V86/><F34/><W9/><G9/><N who="2" m="3657" /><F35/><W113/><G113/><T100/><D100/><RYUUKYOKU ba="0,1" sc="210,-15,138,15,433,-15,209,15" hai1="37,44,61,62,63,74,79,82,85,88,95,96,98" hai3="6,7,26,28,32,43,47,48,57,58,60,65,66" /><INIT seed="5,1,1,1,1,41" ten="195,153,418,224" oya="1" hai0="128,101,134,40,11,106,4,100,81,45,16,94,105" hai1="80,15,76,69,130,63,118,6,56,131,10,95,58" hai2="42,32,120,64,102,17,83,71,112,73,126,55,72" hai3="79,86,135,33,13,49,78,30,114,108,125,117,70"/><U20/><E118/><V85/><F55/><W2/><G70/><T31/><D31/><U122/><E122/><V14/><F32/><W34/><G2/><T12/><D128/><N who="1" m="49195" /><E95/><V46/><F102/><W111/><G49/><T119/><D119/><U1/><E69/><V47/><F120/><W50/><G50/><T89/><D134/><U52/><E20/><V98/><F98/><W36/><G36/><T113/><D113/><U115/><E56/><V90/><F126/><W91/><G117/><T60/><D81/><U99/><E99/><V121/><F121/><W123/><G123/><T57/><D105/><U88/><E88/><V129/><F129/><W107/><G91/><T104/><D104/><U59/><E59/><V110/><F110/><W8/><G107/><T96/><D106/><U124/><E124/><V21/><F112/><W51/><G125/><T74/><D74/><N who="1" m="43031" /><E115/><V18/><F73/><W87/><G114/><T54/><D4/><U43/><E43/><V38/><F72/><W109/><G34/><T67/><D67/><U53/><E1/><V116/><F116/><W44/><G79/><T68/><D68/><U132/><E132/><V133/><F133/><W7/><G78/><T127/><D127/><U23/><E23/><N who="2" m="11703" /><F64/><AGARI ba="1,1" hai="6,10,15,52,53,58,63,64" m="43031,49195" machi="64" ten="30,2900,0" yaku="19,1,54,1" doraHai="41" who="1" fromWho="2" sc="195,0,153,42,418,-32,224,0" /><INIT seed="5,2,0,4,2,12" ten="195,195,386,224" oya="1" hai0="60,46,45,38,94,75,119,20,14,131,87,59,108" hai1="66,116,5,23,128,118,25,115,73,133,48,18,37" hai2="95,68,54,93,80,53,0,76,9,109,39,127,51" hai3="97,69,8,77,82,74,10,72,15,99,70,113,105"/><U111/><E73/><V102/><F68/><W132/><G113/><T101/><D75/><U26/><E37/><V88/><F39/><W44/><G44/><T28/><D108/><U30/><E66/><V3/><F54/><W121/><G121/><T124/><D119/><N who="1" m="45611" /><E48/><V34/><F34/><W100/><G132/><T41/><D46/><U135/><E115/><V106/><F95/><W7/><G74/><T55/><D101/><U65/><E65/><V81/><F9/><W21/><G97/><T52/><D131/><U123/><E123/><V57/><F109/><W67/><G67/><T122/><D122/><U24/><E111/><V91/><F91/><W13/><REACH who="3" step="1"/><G21/><REACH who="3" ten="195,195,386,214" step="2"/><T92/><D20/><N who="1" m="15623" /><E128/><V1/><F57/><W56/><G56/><T62/><D59/><U22/><E5/><AGARI ba="2,1" hai="5,7,8,10,13,15,69,70,72,77,82,99,100,105" machi="5" ten="30,3900,0" yaku="1,1,7,1,9,1,53,0" doraHai="12" doraHaiUra="129" who="3" fromWho="1" sc="195,0,195,-45,386,0,214,55" /><INIT seed="6,0,0,1,3,0" ten="195,150,386,269" oya="2" hai0="92,75,17,81,58,114,120,112,15,105,9,23,55" hai1="82,56,35,70,42,51,62,118,54,123,98,43,115" hai2="126,110,72,65,14,116,66,26,1,44,95,78,2" hai3="29,128,33,19,91,22,122,127,28,12,84,80,100"/><V4/><F116/><W74/><G122/><T103/><D120/><U30/><E123/><V27/><F14/><W49/><G127/><T59/><D105/><U68/><E118/><V61/><F95/><W77/><G128/><T53/><D75/><U67/><E30/><V104/><F44/><W10/><G33/><T94/><D81/><U88/><E35/><V124/><F104/><W63/><G63/><T60/><D23/><U3/><E3/><V52/><F78/><W69/><G69/><N who="1" m="26730" /><E98/><V47/><F72/><W6/><G49/><N who="0" m="31023" /><D103/><U86/><E115/><AGARI ba="0,0" hai="9,15,17,55,59,60,92,94,112,114,115" m="31023" machi="115" ten="30,1000,0" yaku="15,1" doraHai="0" who="0" fromWho="1" sc="195,10,150,-10,386,0,269,0" /><INIT seed="7,0,0,1,5,32" ten="205,140,386,269" oya="3" hai0="60,44,119,43,127,9,110,105,103,118,116,2,89" hai1="72,58,38,117,63,39,90,26,91,102,96,46,68" hai2="70,34,29,10,71,62,126,66,76,99,50,20,84" hai3="45,69,114,5,53,28,22,65,51,52,120,74,55"/><W37/><G74/><T122/><D122/><U24/><E72/><V41/><F34/><W13/><G120/><T85/><D127/><U97/><E117/><V1/><F99/><W135/><G114/><T107/><D60/><U132/><E68/><V98/><F98/><W75/><G75/><T104/><D103/><U42/><E132/><V101/><F101/><W121/><G121/><T30/><D30/><U47/><E63/><V95/><F71/><W61/><G135/><T88/><D110/><U86/><E86/><V17/><F29/><W93/><G93/><T79/><D79/><U123/><E123/><V81/><F95/><W125/><G125/><T124/><D124/><U14/><E58/><V8/><F1/><W59/><G5/><T33/><D33/><U6/><E14/><V108/><F108/><W67/><G67/><T94/><D89/><U77/><E77/><V3/><F3/><W11/><G22/><T7/><REACH who="0" step="1"/><D119/><REACH who="0" ten="195,140,386,269" step="2"/><U111/><E6/><V115/><F50/><AGARI ba="0,1" hai="2,7,9,43,44,50,85,88,94,104,105,107,116,118" machi="50" ten="40,8000,1" yaku="1,1,2,1,52,1,54,1,53,0" doraHai="32" doraHaiUra="56" who="0" fromWho="2" sc="195,90,140,0,386,-80,269,0" owari="285,8.5,140,-36.0,306,40.6,269,-13.1" /></mjloggm>