<mjloggm ver="2.3"><GO type="169" lobby="0"/><UN n0="%E3%83%99%E3%83%A8%E3%83%B3%E3%82%B8%E3%83%A5" n1="%2D%E8%B1%8A%E5%8F%A3%E3%82%81%E3%81%90%E3%81%BF%2D" n2="%4D%41%54%59%55%49%E2%98%86" n3="%E4%BA%8C%E6%8A%9E%E4%BA%BA" dan="16,17,17,16" rate="2084.52,2142.74,2186.79,2044.57" sx="M,F,M,F"/><TAIKYOKU oya="0"/><INIT seed="0,0,0,2,1,3" ten="250,250,250,250" oya="0" hai0="38,81,24,92,127,89,91,18,95,71,87,44,19" hai1="99,102,57,54,42,13,61,63,96,5,132,110,45" hai2="51,130,70,2,11,72,98,104,97,123,9,101,30" hai3="56,116,7,0,106,88,55,1,15,111,73,25,17"/><T74/><BYE who="1" /><D127/><UN n1="%2D%E8%B1%8A%E5%8F%A3%E3%82%81%E3%81%90%E3%81%BF%2D" /><U10/><E110/><V76/><F123/><W94/><G106/><T79/><D71/><U46/><E132/><V85/><F130/><W75/><G116/><T29/><D38/><U32/><E32/><V115/><F115/><W124/><G124/><T82/><D44/><U53/><E102/><V21/><F70/><W52/><G55/><T86/><REACH who="0" step="1"/><D81/><REACH who="0" ten="240,250,250,250" step="2"/><U83/><E83/><V113/><F113/><W65/><G111/><T23/><AGARI ba="0,1" hai="18,19,23,24,29,74,79,82,86,87,89,91,92,95" machi="23" ten="20,12000,1" yaku="1,1,2,1,0,1,7,1,9,1,53,0" doraHai="3" doraHaiUra="64" who="0" fromWho="0" sc="240,130,250,-40,250,-40,250,-40" /><INIT seed="0,1,0,2,3,25" ten="370,210,210,210" oya="0" hai0="133,42,32,19,132,38,80,18,44,23,51,118,123" hai1="96,88,58,37,102,129,82,75,64,119,85,17,33" hai2="111,6,78,69,55,65,67,20,56,77,91,5,34" hai3="35,2,31,104,107,62,109,61,68,52,71,105,21"/><T15/><D118/><U135/><E119/><V122/><F34/><W125/><G2/><T98/><D123/><U134/><E37/><V8/><F122/><W46/><G35/><T84/><D32/><U121/><E121/><V100/><F111/><W73/><G73/><T22/><D98/><U127/><E33/><V9/><F69/><W81/><G81/><T86/><D38/><U48/><E127/><V45/><F45/><W79/><G79/><T63/><D63/><U47/><E129/><V74/><F74/><W95/><G95/><T3/><D3/><U7/><E7/><V92/><F100/><W14/><G109/><T50/><D50/><U76/><E17/><V24/><F8/><W1/><G1/><T116/><D116/><U106/><E58/><V97/><F77/><W70/><G125/><T59/><D59/><U12/><E12/><N who="2" m="5167" /><F6/><W27/><REACH who="3" step="1"/><G14/><REACH who="3" ten="370,210,210,200" step="2"/><N who="0" m="9559" /><D80/><U99/><E99/><V28/><F78/><W53/><G53/><T94/><D94/><N who="1" m="54543" /><E64/><V87/><F97/><W43/><G43/><AGARI ba="1,1" hai="43,47,48,75,76,82,96,102,106,134,135" m="54543" machi="43" ten="30,2000,0" yaku="24,1,54,1" doraHai="25" who="1" fromWho="3" sc="370,0,210,33,210,0,200,-23" /><INIT seed="1,0,0,3,4,2" ten="370,243,210,177" oya="1" hai0="48,61,86,29,109,96,133,108,28,32,30,64,122" hai1="116,46,34,22,97,27,23,14,33,72,10,75,17" hai2="45,82,110,42,44,31,58,5,105,25,53,3,79" hai3="15,65,102,26,52,51,99,101,112,83,80,0,1"/><U93/><E116/><V91/><F110/><N who="0" m="42602" /><D133/><U128/><E128/><V16/><F105/><W131/><G112/><T60/><D122/><U24/><E46/><V74/><F91/><W130/><G65/><T18/><D96/><U20/><E75/><V4/><F3/><W69/><G69/><N who="0" m="42119" /><D61/><U40/><E40/><V77/><F77/><W11/><G26/><N who="1" m="9770" /><E93/><V127/><F127/><W92/><G101/><T47/><D18/><N who="1" m="8535" /><E72/><V41/><F16/><N who="3" m="8319" /><G80/><T57/><D86/><U37/><E97/><V100/><F100/><W9/><G83/><T95/><D95/><U89/><E37/><V19/><F19/><W126/><G9/><T94/><D94/><U118/><E89/><V113/><F113/><W43/><G43/><N who="0" m="24703" /><D57/><U36/><E36/><V111/><F111/><W114/><G126/><T129/><D129/><N who="3" m="49161" /><G114/><T38/><D38/><U66/><E66/><V59/><F42/><W84/><G84/><T135/><D32/><N who="1" m="12395" /><E118/><V98/><F98/><W39/><G39/><T88/><D135/><U117/><E117/><V8/><F41/><W6/><G102/><T106/><D88/><U54/><E54/><V70/><F53/><W78/><G78/><T124/><D124/><U115/><E115/><V90/><F90/><W123/><G92/><T62/><D62/><U71/><E71/><V73/><F70/><W125/><G99/><T134/><D134/><U107/><E107/><AGARI ba="0,0" hai="28,29,30,106,107" m="24703,42119,42602" machi="107" ten="30,1000,0" yaku="14,1" doraHai="2" who="0" fromWho="1" sc="370,10,243,-10,210,0,177,0" /><INIT seed="2,0,0,0,0,89" ten="380,233,210,177" oya="2" hai0="7,39,9,77,26,13,135,31,27,57,111,74,16" hai1="65,0,62,70,51,82,30,32,36,4,71,97,98" hai2="11,55,47,83,3,64,96,6,45,23,134,116,99" hai3="38,119,108,118,121,61,133,53,104,80,90,34,44"/><V87/><F116/><W127/><G34/><N who="0" m="20855" /><D57/><U14/><E36/><V129/><F129/><W19/><G121/><T113/><D39/><U1/><E70/><V101/><F134/><W115/><G104/><T56/><D56/><U46/><E30/><V91/><F64/><W10/><G133/><T86/><D86/><U29/><E29/><V5/><F5/><W103/><G115/><T85/><D85/><U84/><E32/><V112/><F112/><W28/><G103/><T63/><D63/><U128/><E128/><V41/><F23/><W24/><G61/><T69/><D74/><U88/><E1/><V40/><F55/><W78/><G53/><T60/><D77/><U8/><REACH who="1" step="1"/><E0/><REACH who="1" ten="380,223,210,177" step="2"/><V42/><REACH who="2" step="1"/><F99/><REACH who="2" ten="380,223,200,177" step="2"/><W49/><G118/><T20/><D113/><U120/><E120/><V43/><N who="2" m="10240" /><DORA hai="130" /><V125/><F125/><W52/><G127/><T15/><D135/><U105/><E105/><AGARI ba="0,2" hai="3,6,11,45,47,83,87,91,96,101,105" m="10240" machi="105" ten="50,4800,0" yaku="1,1,53,1" doraHai="89,130" doraHaiUra="124,100" who="2" fromWho="1" sc="380,0,223,-48,200,68,177,0" /><INIT seed="2,1,0,4,4,66" ten="380,175,268,177" oya="2" hai0="89,119,88,75,0,17,45,82,37,121,62,51,39" hai1="35,109,3,47,41,91,120,16,14,84,32,6,46" hai2="106,80,90,133,117,112,57,13,107,76,11,5,54" hai3="23,64,92,15,73,115,96,100,103,131,102,118,108"/><V31/><F112/><W79/><G118/><T43/><D121/><U18/><E109/><V123/><F117/><W34/><G34/><T98/><D119/><U58/><E120/><V27/><F123/><W116/><G116/><T61/><D0/><U111/><E111/><V105/><F133/><W71/><G108/><T74/><D17/><U42/><E3/><V52/><F90/><W63/><G131/><T33/><D33/><U25/><E6/><V21/><REACH who="2" step="1"/><F57/><REACH who="2" ten="380,175,258,177" step="2"/><W99/><G115/><T28/><D88/><U122/><E58/><V4/><F4/><W40/><G102/><T113/><D89/><U67/><E122/><V97/><F97/><W60/><G103/><T69/><D98/><U9/><E91/><V104/><N who="2" m="26624" /><DORA hai="72" /><V56/><F56/><W26/><G96/><T114/><D113/><U49/><E46/><V7/><F7/><W101/><G101/><T55/><D45/><U85/><E47/><V81/><F81/><W65/><G99/><T95/><D82/><U125/><E125/><V124/><F124/><W77/><G100/><T132/><D132/><U12/><E42/><V29/><F29/><W50/><G79/><T83/><D83/><U53/><E41/><V22/><F22/><W1/><G77/><T2/><D28/><U129/><E35/><V10/><F10/><W24/><G40/><T93/><D43/><U19/><E32/><V78/><F78/><W36/><G23/><T94/><D114/><U110/><E110/><V86/><AGARI ba="1,1" hai="5,11,13,21,27,31,52,54,76,80,86" m="26624" machi="86" ten="60,12000,1" yaku="1,1,0,1,52,1,54,1,53,0" doraHai="66,72" doraHaiUra="126,130" who="2" fromWho="2" sc="380,-41,175,-41,258,133,177,-41" /><INIT seed="2,2,0,1,1,18" ten="339,134,391,136" oya="2" hai0="116,91,37,15,127,43,100,108,19,54,96,40,5" hai1="0,113,112,9,21,126,106,25,122,53,65,50,86" hai2="80,94,62,2,90,51,133,67,125,93,49,119,102" hai3="129,58,36,38,31,97,56,1,34,82,118,68,6"/><V20/><F119/><W10/><G118/><T52/><D108/><U69/><E106/><V3/><F133/><W48/><G68/><T44/><D116/><U22/><E126/><V72/><F102/><W23/><G129/><T111/><D111/><U30/><E122/><V135/><F135/><W84/><G34/><T101/><D5/><U14/><E0/><V78/><F94/><W87/><G97/><T24/><D24/><U70/><E86/><V74/><F74/><W89/><G84/><T88/><D127/><U120/><E120/><V123/><F123/><W117/><G117/><T73/><D73/><U107/><E107/><V55/><F49/><W71/><G71/><T75/><D75/><U109/><E109/><V110/><F110/><W13/><G48/><T83/><D40/><U8/><E65/><V134/><F134/><W98/><G98/><T121/><D100/><U41/><E41/><V81/><F81/><W63/><G56/><T79/><D79/><U17/><E70/><V114/><F114/><W131/><G131/><T45/><D45/><U27/><E69/><V59/><F125/><W57/><G57/><T128/><D128/><U7/><REACH who="1" step="1"/><E8/><REACH who="1" ten="339,124,391,136" step="2"/><V11/><F11/><W64/><G1/><T33/><D121/><U95/><E95/><V47/><F2/><W76/><G76/><T77/><D77/><U46/><AGARI ba="2,1" hai="7,9,14,17,21,22,25,27,30,46,50,53,112,113" machi="46" ten="20,8000,1" yaku="1,1,0,1,7,1,52,2,53,0" doraHai="18" doraHaiUra="39" who="1" fromWho="1" sc="339,-22,124,96,391,-42,136,-22" /><INIT seed="3,0,0,5,1,20" ten="317,220,349,114" oya="3" hai0="127,91,10,61,49,59,86,133,83,74,102,100,101" hai1="6,55,69,30,39,21,93,38,70,57,119,82,62" hai2="114,117,88,0,58,4,32,72,124,12,108,13,77" hai3="54,18,33,60,28,16,92,53,36,99,122,121,67"/><W96/><G36/><T75/><D127/><U7/><E82/><V128/><F114/><W130/><G130/><T34/><D133/><U85/><E119/><V14/><F117/><W25/><G99/><T68/><D34/><U37/><E85/><V84/><F32/><W135/><G135/><T41/><D10/><U27/><REACH who="1" step="1"/><E93/><REACH who="1" ten="317,210,349,114" step="2"/><V132/><F84/><W103/><G122/><T19/><D83/><U81/><E81/><V26/><F132/><W65/><G121/><T94/><D94/><U111/><E111/><V90/><F108/><W42/><G42/><T15/><D86/><U87/><E87/><V45/><F77/><W80/><G80/><T71/><D75/><U76/><E76/><V126/><F72/><W118/><G118/><T29/><D74/><U50/><E50/><V43/><F43/><W113/><G113/><T44/><D49/><U66/><E66/><V120/><F120/><W98/><G98/><T104/><D41/><U106/><E106/><V116/><F116/><W40/><G40/><T8/><D104/><U52/><E52/><V9/><F124/><W24/><G67/><T95/><D95/><U17/><E17/><V63/><F126/><W48/><G54/><T51/><D51/><U64/><E64/><V3/><F63/><W31/><G48/><T131/><D19/><U47/><E47/><V107/><F45/><W46/><G46/><T78/><D44/><U109/><E109/><V112/><F107/><W123/><G53/><T125/><D78/><U105/><E105/><V22/><F112/><W2/><G123/><T23/><D125/><RYUUKYOKU ba="0,1" sc="317,-10,210,30,349,-10,114,-10" hai1="6,7,21,27,30,37,38,39,55,57,62,69,70" /><INIT seed="4,1,1,5,0,116" ten="307,240,339,104" oya="0" hai0="88,16,42,100,115,101,70,15,120,65,127,107,104" hai1="40,90,60,109,50,5,122,58,57,47,132,53,25" hai2="75,24,108,118,131,4,123,8,130,69,33,85,103" hai3="72,20,113,124,126,114,83,125,89,22,97,34,36"/><T12/><D115/><N who="3" m="44041" /><G34/><T77/><D77/><U86/><E109/><V73/><F69/><W66/><G36/><T68/><D42/><U62/><E132/><V44/><F108/><W81/><G66/><T41/><D41/><U135/><E135/><V98/><F118/><W128/><G20/><T71/><D65/><U10/><E25/><V39/><F85/><N who="3" m="50351" /><G22/><T2/><D2/><U110/><E110/><V46/><F24/><W84/><G128/><T49/><D49/><U80/><E122/><V52/><F123/><W3/><G3/><T95/><D120/><U13/><REACH who="1" step="1"/><E58/><REACH who="1" ten="307,230,339,104" step="2"/><V21/><F130/><W119/><G119/><T37/><D71/><U112/><E112/><V133/><F131/><W92/><G72/><T76/><D70/><U7/><E7/><V117/><F4/><W106/><G106/><T134/><D68/><U0/><E0/><V93/><F75/><W28/><G28/><T32/><D134/><U78/><E78/><V30/><F73/><W59/><G59/><T54/><D76/><U19/><E19/><V29/><F133/><W23/><G23/><T38/><D16/><U45/><E45/><V9/><F117/><W94/><G97/><T79/><D104/><U51/><AGARI ba="1,2" hai="5,10,13,40,47,50,51,53,57,60,62,80,86,90" machi="51" ten="20,5200,0" yaku="1,1,0,1,7,1,8,1,53,0" doraHai="116" doraHaiUra="64" who="1" fromWho="1" sc="307,-27,230,75,339,-14,104,-14" /><INIT seed="5,0,0,1,2,75" ten="280,305,325,90" oya="1" hai0="65,22,117,6,25,80,20,52,0,98,28,60,17" hai1="29,114,30,71,34,126,94,92,113,4,135,48,70" hai2="91,72,61,8,39,1,54,43,78,93,41,10,12" hai3="105,23,128,85,77,90,74,38,106,11,125,122,2"/><U84/><E126/><V134/><F134/><W96/><G122/><T53/><D117/><U82/><E4/><V47/><F41/><W24/><G125/><T118/><D118/><U68/><E48/><V123/><F123/><W62/><G38/><T18/><D0/><U7/><E7/><V46/><F1/><W59/><G128/><T13/><D6/><U57/><E57/><V9/><F47/><W132/><G11/><T33/><D98/><U14/><E14/><V37/><F37/><W88/><G2/><T97/><D97/><U40/><E40/><V109/><F109/><W103/><G105/><T102/><D102/><U42/><E42/><V49/><F61/><W21/><G132/><T130/><D80/><U120/><E120/><V100/><F100/><W5/><G5/><T107/><D107/><U133/><E34/><V32/><F32/><W67/><G74/><T35/><D35/><U131/><E131/><V99/><F39/><W64/><G64/><T76/><D76/><U31/><E135/><V112/><F43/><W50/><G50/><T16/><D18/><U86/><E133/><V119/><F119/><W44/><G44/><T95/><D95/><N who="1" m="36395" /><E82/><N who="2" m="45383" /><F12/><W129/><G129/><T101/><D101/><U51/><E51/><V81/><F81/><N who="3" m="47279" /><G24/><T108/><D130/><U3/><E3/><V104/><F104/><W36/><G36/><T56/><D108/><U15/><E15/><AGARI ba="0,0" hai="13,15,16,17,20,22,25,28,33,52,53,56,60,65" machi="15" ten="30,7700,0" yaku="7,1,9,1,54,2" doraHai="75" who="0" fromWho="1" sc="280,77,305,-77,325,0,90,0" /><INIT seed="6,0,0,1,5,112" ten="357,228,325,90" oya="2" hai0="74,39,19,54,28,37,11,130,65,36,131,4,109" hai1="34,18,5,122,94,56,82,89,2,120,43,103,48" hai2="41,30,1,118,51,102,77,23,114,76,110,123,75" hai3="86,78,98,126,33,85,64,8,80,100,16,49,113"/><V96/><F123/><W46/><G33/><T21/><D109/><U83/><E34/><V97/><F1/><W91/><G126/><T3/><D74/><U60/><E103/><V92/><F118/><W53/><G113/><T27/><D65/><U31/><E31/><V88/><F114/><W121/><G121/><N who="1" m="46698" /><E18/><V104/><F110/><W117/><G64/><T79/><D79/><U58/><E5/><V25/><REACH who="2" step="1"/><F75/><REACH who="2" ten="357,228,315,90" step="2"/><W68/><G68/><T125/><D125/><U59/><E2/><V20/><F20/><W107/><G85/><T101/><D3/><U47/><E60/><V13/><F13/><N who="3" m="7207" /><G78/><T84/><D21/><U111/><E111/><V57/><F57/><W106/><G106/><T67/><D11/><U90/><E59/><V45/><AGARI ba="0,1" hai="23,25,30,41,45,51,76,77,88,92,96,97,102,104" machi="45" ten="30,6000,0" yaku="1,1,0,1,54,1,53,0" doraHai="112" doraHaiUra="29" who="2" fromWho="2" sc="357,-20,228,-20,315,70,90,-20" /><INIT seed="6,1,0,5,2,45" ten="337,208,385,70" oya="2" hai0="22,67,42,87,50,57,58,13,71,70,85,37,63" hai1="60,21,126,44,116,9,110,98,129,51,31,59,128" hai2="101,3,68,90,27,19,118,73,15,40,114,48,14" hai3="33,96,76,104,25,28,47,38,5,62,72,11,97"/><V95/><F3/><W18/><G18/><T113/><D113/><U80/><E110/><V122/><F118/><W121/><G121/><T17/><D57/><U4/><E116/><V61/><F73/><W7/><G7/><T35/><D35/><U29/><E126/><V105/><F105/><W92/><G62/><T32/><D32/><U8/><E98/><V52/><F122/><W0/><G92/><T102/><D102/><U53/><E80/><V43/><F101/><W81/><REACH who="3" step="1"/><G104/><REACH who="3" ten="337,208,385,60" step="2"/><T24/><D17/><U111/><E4/><V120/><F61/><W103/><G103/><T100/><D63/><U36/><E60/><V83/><F95/><W82/><G82/><T89/><D100/><U86/><E31/><V2/><F19/><W26/><G26/><T112/><D24/><U16/><E29/><V117/><F27/><W65/><G65/><T12/><D67/><U39/><E16/><V69/><F83/><W123/><G123/><T119/><D119/><U23/><E9/><V130/><F120/><W135/><G135/><T108/><D108/><U109/><E8/><V77/><F117/><W84/><G84/><T94/><D85/><U20/><E86/><V46/><F15/><W49/><G49/><T133/><D12/><U134/><E134/><V41/><F48/><W56/><G56/><T93/><D93/><U79/><E59/><V115/><F14/><W124/><G124/><T74/><D133/><U99/><E111/><V91/><F46/><W54/><G54/><N who="0" m="32087" /><D74/><U88/><E109/><V1/><F52/><W64/><G64/><T131/><D94/><RYUUKYOKU ba="1,1" sc="337,-10,208,-10,385,-10,60,30" hai3="0,5,11,25,28,33,38,47,72,76,81,96,97" /><INIT seed="7,2,1,4,4,21" ten="327,198,375,90" oya="3" hai0="133,45,60,52,49,6,37,122,14,51,83,124,123" hai1="116,66,50,131,98,22,130,26,120,29,76,28,88" hai2="69,43,5,72,8,16,23,115,19,56,31,36,90" hai3="70,25,18,134,61,104,103,34,39,48,97,35,86"/><W100/><G39/><T17/><D6/><U80/><E120/><V110/><F69/><W113/><G113/><T67/><D124/><U79/><E66/><V4/><F72/><W11/><G134/><T59/><D133/><U58/><E116/><V119/><F119/><W63/><G103/><T74/><D37/><U0/><E0/><V38/><F56/><W129/><G129/><N who="1" m="49162" /><E29/><V92/><F110/><W78/><G48/><T54/><D83/><U132/><E132/><V118/><F31/><W89/><G78/><T85/><D85/><N who="1" m="50215" /><E98/><V106/><F118/><W9/><G35/><T121/><D74/><U44/><E58/><V135/><F135/><W81/><G63/><T53/><REACH who="0" step="1"/><D45/><REACH who="0" ten="317,198,375,90" step="2"/><U96/><E96/><V93/><F36/><W87/><G87/><T24/><D24/><U62/><E62/><V107/><F38/><W40/><G40/><AGARI ba="2,2" hai="22,26,28,40,44,50,76,79" m="50215,49162" machi="40" ten="30,3900,0" yaku="19,1,52,1,54,1" doraHai="21" who="1" fromWho="3" sc="317,0,198,65,375,0,90,-45" owari="317,11.7,263,-13.7,375,47.5,45,-45.5" /></mjloggm>