<mjloggm ver="2.3"><GO type="169" lobby="0"/><UN n0="%E3%82%AD%E3%83%B3%E3%82%B0%E3%81%82%E3%81%A4%E3%81%97" n1="%E5%B0%8F%E4%B8%89%E5%85%83%E5%8D%97%E5%8D%98%E9%A8%8E" n2="%E3%81%94%E3%82%8B%E3%81%AF%E3%82%80%33%30" n3="%E4%BE%8D" dan="16,16,17,17" rate="2176.90,2116.41,2192.60,2241.36" sx="M,M,F,M"/><TAIKYOKU oya="0"/><INIT seed="0,0,0,5,5,43" ten="250,250,250,250" oya="0" hai0="45,25,22,110,75,50,23,42,82,87,85,107,40" hai1="77,44,119,83,103,124,47,109,29,17,62,66,51" hai2="120,46,21,134,108,115,49,97,73,61,54,132,37" hai3="88,128,39,113,101,129,57,86,6,122,11,41,55"/><T94/><D107/><U58/><E119/><V20/><F120/><W18/><G113/><T100/><D110/><U12/><E109/><V78/><F108/><W16/><G101/><T34/><D34/><U84/><E124/><V7/><F115/><W9/><G122/><T48/><D75/><U60/><E103/><V31/><F7/><W123/><G123/><T127/><D127/><U80/><E29/><V126/><F126/><W105/><G105/><T52/><D22/><U106/><E106/><V121/><F121/><W118/><G41/><N who="0" m="24623" /><D100/><U27/><E27/><V13/><F37/><W114/><G39/><T38/><D94/><U135/><E135/><N who="2" m="51755" /><F97/><W28/><G28/><N who="0" m="17471" /><D38/><U70/><E83/><N who="2" m="45519" /><F31/><W26/><G118/><T35/><D35/><U4/><E51/><V71/><F13/><W131/><G26/><T67/><D67/><AGARI ba="0,0" hai="20,21,46,49,54,61,67,71" m="45519,51755" machi="67" ten="30,2000,0" yaku="20,1,52,1" doraHai="43" who="2" fromWho="0" sc="250,-20,250,0,250,20,250,0" /><INIT seed="1,0,0,0,1,44" ten="230,250,270,250" oya="1" hai0="125,134,76,106,0,69,52,118,115,96,57,83,9" hai1="10,89,110,60,85,47,87,14,130,63,54,116,84" hai2="81,49,35,70,33,46,67,101,80,62,126,56,18" hai3="32,28,111,19,45,94,112,102,16,123,131,100,93"/><U127/><E116/><V21/><F126/><W92/><G112/><T107/><D115/><U12/><E127/><V7/><F7/><W1/><G1/><T117/><D125/><U50/><E130/><V2/><F2/><W104/><G123/><T135/><D69/><U68/><E110/><V61/><F101/><W122/><G122/><T37/><D37/><U79/><E68/><V105/><F105/><N who="0" m="39946" /><D96/><U30/><E79/><V51/><F35/><W20/><G111/><T121/><D9/><U26/><E89/><V95/><F95/><W31/><G32/><T6/><D6/><U109/><E109/><V77/><F33/><W88/><G131/><T90/><D90/><U114/><E114/><V124/><F46/><W55/><G104/><T119/><D0/><U38/><E38/><V120/><F120/><W129/><G129/><T86/><D121/><U128/><E14/><V25/><F124/><W74/><G74/><T43/><D43/><U8/><E8/><V108/><F108/><W72/><G88/><T11/><D11/><U65/><E65/><V53/><REACH who="2" step="1"/><F81/><REACH who="2" ten="230,250,260,250" step="2"/><W3/><G3/><T78/><D119/><U59/><E128/><V91/><F91/><W99/><G102/><T103/><D103/><U24/><E24/><V22/><BYE who="1" /><F22/><W71/><G93/><T133/><D78/><U113/><E113/><V39/><F39/><W34/><G92/><T36/><D36/><U64/><E64/><V5/><F5/><W132/><G94/><UN n1="%E5%B0%8F%E4%B8%89%E5%85%83%E5%8D%97%E5%8D%98%E9%A8%8E" /><T42/><D42/><U66/><E66/><V48/><F48/><AGARI ba="0,1" hai="48,52,57,76,83,86,117,118,133,134,135" m="39946" machi="48" ten="40,5200,0" yaku="20,1,52,1,54,1" doraHai="44" who="0" fromWho="2" sc="230,62,250,0,260,-52,250,0" /><INIT seed="2,0,0,1,0,132" ten="292,250,208,250" oya="2" hai0="77,36,20,134,114,2,69,29,26,23,102,17,87" hai1="107,91,30,44,103,71,51,38,110,39,41,119,135" hai2="94,125,14,12,48,79,67,76,54,5,101,59,109" hai3="25,90,52,115,104,60,73,57,93,128,108,84,40"/><V124/><F109/><W120/><G108/><T89/><D114/><U82/><E110/><V130/><F130/><W111/><G111/><T112/><D112/><U123/><E123/><V129/><BYE who="1" /><F129/><W42/><G115/><T99/><D69/><U98/><E98/><N who="2" m="59607" /><F67/><W97/><G128/><T113/><D36/><U37/><E37/><V122/><F122/><W10/><G120/><T16/><D2/><U63/><E63/><V86/><F86/><W80/><G104/><T105/><D134/><U34/><E34/><V65/><F65/><W0/><G73/><T75/><D113/><U85/><E85/><V31/><F31/><UN n1="%E5%B0%8F%E4%B8%89%E5%85%83%E5%8D%97%E5%8D%98%E9%A8%8E" /><W4/><REACH who="3" step="1"/><G25/><REACH who="3" ten="292,250,208,240" step="2"/><T15/><D75/><U18/><E107/><V100/><F100/><AGARI ba="0,1" hai="0,4,10,40,42,52,57,60,80,84,90,93,97,100" machi="100" ten="30,7700,0" yaku="1,1,2,1,7,1,54,1,53,0" doraHai="132" doraHaiUra="126" who="3" fromWho="2" sc="292,0,250,0,208,-77,240,87" /><INIT seed="3,0,0,0,2,75" ten="292,250,131,327" oya="3" hai0="52,80,103,117,83,122,36,35,81,107,86,134,63" hai1="132,98,111,121,30,76,4,12,23,47,48,100,74" hai2="119,73,60,16,6,91,82,99,7,50,96,38,13" hai3="128,2,29,118,34,27,0,37,104,56,105,15,133"/><W127/><G118/><T79/><D122/><U95/><E121/><V40/><F119/><W84/><G84/><T71/><D117/><U101/><E111/><V67/><F38/><W64/><G56/><N who="0" m="35207" /><D107/><U5/><E132/><V135/><F135/><W14/><G133/><T43/><D35/><U90/><E74/><V20/><F40/><W102/><G64/><T62/><D71/><U18/><E30/><V9/><F50/><W17/><G37/><T70/><D70/><U125/><E125/><V1/><F6/><N who="1" m="2665" /><E76/><V24/><F1/><W68/><G104/><T78/><D36/><U51/><E51/><V41/><F41/><AGARI ba="0,0" hai="12,18,23,41,47,48,90,95,98,100,101" m="2665" machi="41" ten="30,1000,0" yaku="8,1" doraHai="75" who="1" fromWho="2" sc="292,0,250,10,131,-10,327,0" /><INIT seed="4,0,0,0,5,99" ten="292,260,121,327" oya="0" hai0="24,129,70,58,8,31,5,83,39,23,57,63,34" hai1="25,73,30,97,16,100,47,134,131,38,29,126,35" hai2="12,116,128,0,65,62,110,67,118,119,68,28,43" hai3="17,2,105,85,103,41,72,132,113,107,75,111,54"/><T120/><D120/><U60/><E134/><V95/><F0/><W27/><G2/><T7/><D129/><U61/><E131/><V127/><F128/><W69/><G41/><T42/><D70/><U9/><E126/><V121/><F121/><W84/><G54/><T86/><D57/><U14/><E73/><N who="3" m="28234" /><G17/><T88/><D34/><U108/><E108/><V45/><F110/><W50/><G50/><T77/><D77/><U71/><E30/><V133/><F133/><W91/><G27/><T114/><D114/><U102/><E102/><V89/><F127/><W78/><G69/><T1/><D7/><U90/><E90/><V96/><F65/><W122/><G111/><T92/><D92/><U52/><E71/><V18/><F28/><W13/><G13/><T82/><D82/><U37/><E61/><V59/><F68/><W112/><G132/><T10/><D10/><U135/><E135/><V53/><F67/><W15/><G15/><T79/><D79/><U55/><E60/><V101/><F89/><W44/><G44/><T56/><REACH who="0" step="1"/><D63/><REACH who="0" ten="282,260,121,327" step="2"/><U26/><E35/><V64/><F64/><W11/><G11/><T115/><D115/><U6/><E9/><V51/><REACH who="2" step="1"/><F116/><REACH who="2" ten="282,260,111,327" step="2"/><W3/><G122/><T104/><D104/><U40/><E6/><V32/><F32/><W94/><G107/><T21/><D21/><AGARI ba="0,2" hai="12,18,21,43,45,51,53,59,62,95,96,101,118,119" machi="21" ten="40,2600,0" yaku="1,1,52,1,53,0" doraHai="99" doraHaiUra="66" who="2" fromWho="0" sc="282,-26,260,0,111,46,327,0" /><INIT seed="5,0,0,4,0,73" ten="256,260,157,327" oya="1" hai0="122,30,13,26,63,99,79,124,54,93,57,107,121" hai1="109,69,1,89,58,28,94,49,5,68,131,112,64" hai2="67,19,120,15,108,47,85,21,72,20,51,61,114" hai3="81,101,50,82,60,130,128,17,116,27,48,110,75"/><U104/><E112/><V62/><F108/><W71/><G110/><T97/><D124/><U87/><E109/><V127/><F72/><W31/><G17/><T24/><D107/><U29/><E104/><V76/><F120/><N who="0" m="46186" /><D13/><U56/><E131/><N who="3" m="50218" /><G101/><T105/><D105/><U113/><E113/><V55/><F114/><W86/><G75/><T78/><D24/><U88/><E5/><V12/><F127/><W11/><G11/><T119/><D119/><U9/><E9/><V96/><F96/><N who="0" m="36938" /><D93/><U95/><E49/><N who="3" m="19050" /><G116/><T100/><D100/><U37/><E87/><V98/><F98/><W18/><G18/><T53/><D53/><U36/><REACH who="1" step="1"/><E64/><REACH who="1" ten="256,250,157,327" step="2"/><V132/><F67/><N who="3" m="41447" /><G86/><T16/><D16/><U22/><E22/><AGARI ba="0,1" hai="22,27,31,81,82" m="41447,19050,50218" machi="22" ten="30,1000,0" yaku="19,1" doraHai="73" who="3" fromWho="1" sc="256,0,250,-10,157,0,327,20" /><AGARI ba="0,0" hai="22,26,30,54,57,63,78,79" m="36938,46186" machi="22" ten="30,3900,0" yaku="13,1,52,2" doraHai="73" who="0" fromWho="1" sc="256,39,240,-39,157,0,347,0" /><INIT seed="6,0,0,5,0,105" ten="295,201,157,347" oya="2" hai0="20,80,115,118,86,16,103,3,62,135,98,63,88" hai1="37,34,57,25,45,56,27,35,128,102,130,55,18" hai2="112,51,42,8,95,120,53,122,108,61,77,124,125" hai3="73,116,17,31,129,32,22,97,133,52,46,66,114"/><V12/><F112/><W6/><G116/><T74/><D115/><U29/><E102/><V11/><F108/><W104/><G114/><T69/><D135/><U48/><E18/><V40/><F77/><W7/><G73/><T30/><D3/><U132/><E132/><V78/><F78/><W94/><G104/><T36/><D36/><U100/><E100/><V79/><F79/><W54/><G133/><T76/><D30/><N who="1" m="19791" /><E37/><V85/><F61/><W70/><G31/><T44/><D44/><U106/><E106/><V101/><F40/><W49/><G32/><T0/><D0/><U83/><E83/><V127/><F42/><W134/><G129/><AGARI ba="0,0" hai="27,29,35,45,48,55,56,57,128,129,130" m="19791" machi="129" ten="30,1000,0" yaku="19,1" doraHai="105" who="1" fromWho="3" sc="295,0,201,10,157,0,347,-10" /><INIT seed="7,0,0,0,1,114" ten="295,211,157,337" oya="3" hai0="92,110,106,71,128,27,36,23,111,31,82,34,120" hai1="26,129,107,122,132,90,118,105,124,84,77,121,86" hai2="95,18,38,88,25,8,127,32,10,12,73,19,5" hai3="94,9,22,98,104,80,65,39,28,63,74,62,3"/><W69/><G39/><T2/><D106/><N who="1" m="40459" /><E26/><V103/><F127/><W4/><G104/><T55/><D71/><U102/><E124/><V41/><F73/><W93/><G63/><T1/><D36/><U51/><E51/><V13/><F103/><W123/><G123/><T89/><D120/><N who="1" m="46187" /><E132/><V48/><F38/><W54/><G54/><T125/><D55/><U53/><E53/><V24/><F32/><W58/><G69/><T6/><D34/><U29/><E29/><V35/><F5/><W99/><G80/><T67/><D27/><U81/><E102/><V112/><F112/><W97/><G74/><T11/><D31/><U20/><E20/><V47/><F35/><W56/><G58/><T119/><D23/><U49/><E49/><V57/><F57/><W16/><G28/><T108/><D6/><U76/><E129/><V101/><F101/><W46/><G46/><T68/><D128/><U15/><E15/><V87/><AGARI ba="0,0" hai="8,10,12,13,18,19,24,25,41,47,48,87,88,95" machi="87" ten="20,8000,1" yaku="0,1,7,1,9,1,8,1,54,1" doraHai="114" who="2" fromWho="2" sc="295,-20,211,-20,157,80,337,-40" /><INIT seed="8,0,0,5,2,51" ten="275,191,237,297" oya="0" hai0="68,34,7,96,111,39,11,36,123,31,72,33,95" hai1="67,133,127,23,121,131,113,57,78,97,63,4,114" hai2="6,124,5,94,92,83,53,100,55,10,13,65,30" hai3="14,107,48,60,74,56,122,69,132,135,58,125,130"/><T104/><D123/><U87/><E121/><V126/><F65/><N who="3" m="41127" /><G122/><T19/><D111/><U35/><E133/><N who="3" m="51274" /><G74/><T89/><D68/><U108/><E108/><V25/><F83/><W129/><G107/><T91/><D72/><U134/><E134/><V22/><F5/><W98/><G125/><N who="2" m="48233" /><F100/><W79/><G79/><T50/><D19/><U12/><E127/><V27/><F25/><W62/><G98/><T0/><D104/><U20/><E35/><V88/><F92/><W112/><G112/><N who="1" m="43114" /><E97/><AGARI ba="0,0" hai="6,10,13,22,27,30,53,55,88,94,97" m="48233" machi="97" ten="30,7700,0" yaku="18,1,52,2,54,1" doraHai="51" who="2" fromWho="1" sc="275,0,191,-77,237,77,297,0" owari="275,-12.5,114,-38.6,314,41.4,297,9.7" /></mjloggm>