<mjloggm ver="2.3"><GO type="169" lobby="0"/><UN n0="%E3%83%94%E3%83%B3%E3%82%B5%E3%83%AD%E5%BA%97%E5%93%A1" n1="%E6%99%82%E8%A8%88%E5%9D%82%E9%9B%B6" n2="%E6%B3%A2%E4%B9%83%E7%90%86" n3="%E6%95%97%E5%8C%97%E8%80%85%E3%81%AD%E3%82%8B" dan="17,16,16,17" rate="2246.98,2147.34,2109.44,2184.51" sx="M,M,M,F"/><TAIKYOKU oya="0"/><INIT seed="0,0,0,0,4,75" ten="250,250,250,250" oya="0" hai0="8,38,49,84,51,85,42,20,50,68,67,98,103" hai1="54,23,53,13,111,131,96,46,6,123,15,82,22" hai2="60,59,109,80,106,74,134,69,58,107,88,119,118" hai3="83,64,32,25,128,28,72,3,65,61,41,55,18"/><T12/><D20/><U125/><E123/><V91/><F69/><W9/><G128/><T81/><D38/><U0/><E0/><V57/><F60/><W110/><G110/><T35/><D35/><U76/><E131/><V47/><F47/><W52/><G41/><T37/><D37/><U122/><E122/><V93/><F109/><W48/><G55/><T17/><D68/><U66/><E66/><V94/><F134/><W26/><G26/><T105/><D67/><U124/><E96/><V7/><F7/><W112/><G112/><T92/><D105/><N who="2" m="39946" /><F74/><W135/><G135/><T101/><D85/><U14/><E6/><V36/><F80/><W5/><G18/><T126/><D126/><N who="1" m="48747" /><E111/><V130/><F36/><W90/><G61/><T133/><D133/><U100/><E100/><V129/><F130/><W79/><REACH who="3" step="1"/><G90/><REACH who="3" ten="250,250,250,240" step="2"/><N who="2" m="34345" /><F129/><W108/><G108/><T116/><D42/><U127/><E127/><V115/><F115/><W78/><G78/><T87/><D49/><N who="1" m="28855" /><E54/><V34/><F34/><W27/><G27/><T44/><D51/><U120/><E120/><V86/><F86/><AGARI ba="0,1" hai="13,14,15,22,23,76,82,86" m="28855,48747" machi="86" ten="30,2000,0" yaku="18,1,52,1" doraHai="75" who="1" fromWho="2" sc="250,0,250,30,250,-20,240,0" /><INIT seed="1,0,0,2,2,62" ten="250,280,230,240" oya="1" hai0="39,126,73,124,10,54,69,56,55,75,71,84,112" hai1="99,65,30,89,18,51,63,7,115,95,131,78,58" hai2="52,122,119,0,127,17,105,107,2,134,34,16,98" hai3="120,50,5,60,42,38,20,25,49,41,33,133,123"/><U91/><E115/><V9/><F122/><W48/><G33/><T97/><D112/><U12/><E131/><V19/><F34/><W70/><G5/><T114/><D114/><U82/><E30/><V74/><F119/><W4/><G4/><T80/><D39/><U100/><E7/><V121/><F121/><W61/><G20/><T14/><D97/><U113/><E113/><V53/><F98/><W102/><G25/><T128/><D128/><U110/><E110/><V104/><F74/><N who="0" m="28170" /><D14/><U72/><REACH who="1" step="1"/><E51/><REACH who="1" ten="250,270,230,240" step="2"/><V57/><F134/><W103/><G48/><T11/><D126/><U77/><E77/><V8/><F127/><W22/><G38/><T31/><D31/><U76/><E76/><V117/><F117/><W90/><G133/><T85/><D124/><U109/><E109/><V66/><F2/><W130/><G130/><T83/><D71/><U106/><E106/><V35/><F35/><W26/><G70/><T86/><D69/><U129/><E129/><V135/><F135/><W37/><G37/><T111/><D111/><U43/><E43/><V13/><F0/><W40/><G40/><T28/><D28/><U27/><E27/><V93/><F107/><W32/><G26/><T96/><D83/><U45/><E45/><V47/><F47/><W79/><G79/><T125/><D80/><U24/><E24/><V108/><F108/><W21/><G32/><T118/><D125/><U68/><E68/><V87/><F105/><W81/><G81/><T88/><D118/><U15/><E15/><N who="2" m="7271" /><F104/><W1/><G1/><T46/><D46/><U116/><E116/><RYUUKYOKU ba="0,1" sc="250,-15,270,15,230,-15,240,15" hai1="12,18,58,63,65,72,78,82,89,91,95,99,100" hai3="21,22,41,42,49,50,60,61,90,102,103,120,123" /><INIT seed="1,1,1,3,0,66" ten="235,285,215,255" oya="1" hai0="58,107,62,33,119,88,35,109,43,46,104,18,27" hai1="60,89,17,108,110,39,76,101,92,83,118,69,102" hai2="24,115,84,65,32,135,79,96,111,21,52,68,63" hai3="90,129,55,80,11,28,2,128,56,50,26,41,14"/><U49/><E39/><V93/><F111/><N who="1" m="42537" /><E49/><V72/><F72/><W103/><G2/><T4/><D119/><U12/><E118/><V42/><F42/><W95/><G103/><T130/><D4/><U121/><E121/><V113/><F32/><W67/><G41/><T5/><D5/><U114/><E114/><N who="2" m="43531" /><F135/><W123/><G67/><T117/><D117/><U19/><E19/><N who="2" m="12351" /><F79/><W40/><G40/><T112/><D112/><U132/><E132/><V38/><F38/><W47/><G123/><T75/><D75/><N who="1" m="43423" /><E89/><N who="2" m="53415" /><F96/><W31/><G90/><T87/><D109/><U34/><E34/><V23/><F23/><W70/><G128/><T94/><D130/><U71/><E60/><V7/><F7/><W116/><G129/><T100/><D35/><U57/><E57/><V131/><F131/><W97/><G56/><T82/><D33/><U30/><E30/><V3/><F3/><W6/><G28/><T127/><D58/><U53/><E53/><AGARI ba="1,1" hai="52,53,63,65,68" m="53415,12351,43531" machi="53" ten="30,3900,0" yaku="11,1,52,1,54,1" doraHai="66" who="2" fromWho="1" sc="235,0,285,-42,215,52,255,0" /><INIT seed="2,0,0,4,2,93" ten="235,243,267,255" oya="2" hai0="92,61,102,82,118,12,121,105,94,53,29,127,62" hai1="25,95,54,113,43,40,124,116,72,81,42,98,115" hai2="91,123,14,99,86,30,135,59,6,85,84,111,51" hai3="9,44,37,96,57,32,134,21,2,16,128,48,66"/><V19/><F123/><W73/><G32/><T90/><D121/><U28/><E116/><V80/><F135/><W31/><G31/><T17/><D105/><U74/><E124/><V10/><F30/><W67/><G73/><T34/><D127/><U103/><E54/><N who="2" m="32223" /><F111/><W46/><G134/><T45/><D118/><U101/><E101/><V23/><F99/><W71/><G71/><T114/><D114/><U131/><E131/><V27/><AGARI ba="0,0" hai="6,10,14,19,23,27,80,84,85,86,91" m="32223" machi="27" ten="30,1500,0" yaku="8,1" doraHai="93" who="2" fromWho="2" sc="235,-5,243,-5,267,15,255,-5" /><INIT seed="2,1,0,4,2,15" ten="230,238,282,250" oya="2" hai0="85,8,111,18,30,94,75,107,69,125,115,68,1" hai1="48,89,22,113,134,82,28,2,72,12,42,47,35" hai2="92,128,31,88,10,38,127,6,109,34,40,93,46" hai3="63,41,50,33,77,103,129,78,112,80,19,97,106"/><V39/><F127/><W100/><G33/><T25/><D115/><U23/><E113/><V43/><F128/><W56/><G112/><T83/><D107/><U130/><E2/><V32/><F109/><W131/><G103/><T99/><D75/><U105/><E105/><V73/><F73/><W4/><G4/><T21/><D125/><U29/><E130/><N who="3" m="49674" /><G80/><T71/><D111/><U26/><E134/><V81/><F31/><W57/><G19/><T24/><D1/><U7/><E72/><V126/><F126/><W37/><G37/><T62/><D62/><U58/><E35/><V51/><F81/><W116/><G116/><T110/><D110/><U67/><E7/><V122/><F93/><W98/><G98/><T9/><D25/><U5/><E5/><V123/><F34/><W76/><G63/><T124/><D30/><U117/><E117/><V49/><F32/><W52/><G41/><T0/><D0/><U74/><E74/><V17/><F6/><W132/><G132/><T86/><D124/><U133/><E133/><V13/><F123/><W16/><G16/><T59/><D86/><N who="1" m="50391" /><E12/><V95/><F122/><W64/><G64/><T61/><D85/><U84/><E84/><N who="2" m="52231" /><F95/><W54/><G54/><N who="0" m="34039" /><D83/><U55/><E67/><V60/><F60/><W44/><AGARI ba="1,0" hai="44,50,52,56,57,76,77,78,97,100,106" m="49674" machi="44" ten="30,2000,0" yaku="19,1,54,1" doraHai="15" who="3" fromWho="3" sc="230,-6,238,-6,282,-11,250,23" /><INIT seed="3,0,0,5,2,59" ten="224,232,271,273" oya="3" hai0="99,89,116,56,19,47,98,16,15,70,32,117,58" hai1="11,2,65,24,22,104,53,77,112,14,110,28,0" hai2="44,75,115,57,76,20,30,135,133,71,64,81,129" hai3="38,91,40,125,62,101,118,5,29,13,61,80,85"/><W49/><G118/><T95/><D70/><U106/><E112/><V109/><F115/><W1/><G1/><T54/><D32/><U74/><E110/><V100/><F109/><W92/><G38/><T52/><D47/><U67/><E74/><V7/><F100/><W127/><G29/><T88/><D95/><U103/><E77/><V21/><F129/><W36/><G36/><T46/><D46/><U66/><E103/><V55/><F7/><W84/><G49/><T111/><D15/><U48/><E0/><V33/><F44/><W134/><G40/><T102/><D102/><U42/><E42/><V35/><F35/><W27/><G27/><T25/><D25/><U51/><E51/><V96/><F96/><W123/><G123/><T87/><D87/><U86/><E86/><V78/><F78/><N who="3" m="46103" /><G101/><T50/><REACH who="0" step="1"/><D50/><REACH who="0" ten="214,232,271,273" step="2"/><U82/><E48/><N who="2" m="30951" /><F33/><W31/><G134/><N who="2" m="51209" /><F30/><W108/><G31/><T18/><D18/><U39/><E28/><V119/><F119/><W17/><G5/><T113/><D113/><U63/><E39/><V128/><F128/><W4/><G4/><T122/><D122/><U68/><E2/><V130/><F130/><W26/><G26/><T79/><D79/><U132/><E24/><V120/><F120/><W34/><G34/><T12/><D12/><U10/><E14/><V41/><F41/><W43/><G43/><T90/><D90/><U114/><E132/><V72/><F75/><W23/><G108/><AGARI ba="0,1" hai="16,19,52,54,56,58,88,89,98,99,108,111,116,117" machi="108" ten="25,16000,3" yaku="1,1,22,2,54,3,53,2" doraHai="59" doraHaiUra="93" who="0" fromWho="3" sc="214,170,232,0,271,0,273,-160" /><INIT seed="4,0,0,5,3,62" ten="384,232,271,113" oya="0" hai0="29,50,33,82,88,95,15,121,127,111,92,68,110" hai1="97,5,84,94,108,34,101,57,40,87,16,131,65" hai2="46,126,112,23,43,105,123,28,2,79,74,47,8" hai3="81,17,67,6,91,77,30,134,130,69,49,39,96"/><T132/><D121/><U7/><E34/><V71/><F123/><W59/><G39/><T45/><D132/><U118/><E108/><N who="0" m="41513" /><D127/><U52/><E40/><V90/><F112/><W98/><G134/><T106/><D106/><U21/><E131/><V61/><F105/><W19/><G130/><T99/><D68/><U100/><E100/><V3/><F90/><W70/><G30/><T9/><D29/><U58/><E118/><V22/><F3/><W41/><G6/><N who="0" m="3511" /><D33/><U125/><E125/><V93/><F28/><W35/><G35/><T20/><D20/><U36/><E36/><V37/><F47/><N who="3" m="25839" /><G69/><T26/><D26/><N who="1" m="14631" /><E5/><V104/><F104/><W24/><G70/><T124/><D124/><U1/><E7/><N who="2" m="1143" /><F126/><W103/><G24/><T135/><D135/><U51/><E1/><V32/><F32/><W128/><G128/><T18/><D18/><U116/><E116/><V25/><F25/><W80/><G17/><T38/><D38/><U60/><AGARI ba="0,0" hai="51,52,57,58,60,65,84,87,94,97,101" m="14631" machi="60" ten="30,7900,0" yaku="8,1,52,1,54,2" doraHai="62" who="1" fromWho="1" sc="384,-39,232,79,271,-20,113,-20" /><INIT seed="5,0,0,5,0,106" ten="345,311,251,93" oya="1" hai0="39,1,109,4,42,132,13,133,83,24,69,45,10" hai1="48,52,122,29,119,3,57,120,16,2,71,135,90" hai2="68,19,105,93,53,18,127,129,20,96,46,101,72" hai3="11,65,61,27,7,130,73,41,67,23,70,66,54"/><U86/><E119/><V74/><F68/><W104/><G104/><T58/><D109/><U125/><E71/><V51/><F129/><W77/><G130/><T64/><D69/><U89/><E29/><V9/><F127/><W6/><G41/><T14/><D24/><U22/><E135/><N who="0" m="51785" /><D83/><U87/><E125/><V131/><F131/><W81/><G70/><T107/><D107/><U21/><E21/><V49/><F105/><W97/><G97/><T44/><D45/><U63/><E63/><AGARI ba="0,0" hai="1,4,10,13,14,39,42,44,58,63,64" m="51785" machi="63" ten="30,1000,0" yaku="20,1" doraHai="106" who="0" fromWho="1" sc="345,10,311,-10,251,0,93,0" /><INIT seed="6,0,0,4,2,8" ten="355,301,251,93" oya="2" hai0="118,81,66,58,46,114,74,84,42,9,105,1,76" hai1="53,107,117,61,18,123,79,36,57,50,28,23,44" hai2="120,92,69,89,33,21,60,0,102,83,45,72,62" hai3="129,20,49,30,3,134,41,4,90,126,108,51,116"/><V31/><F120/><W13/><G116/><T88/><D105/><U86/><E107/><V113/><F0/><W35/><G108/><T38/><D118/><U43/><E117/><V99/><F33/><W112/><G112/><T80/><D114/><U22/><E123/><V70/><F113/><W93/><G129/><T26/><D26/><U111/><E111/><V59/><F45/><W34/><G126/><T133/><D133/><U119/><E119/><V95/><F62/><W29/><G134/><T87/><D66/><U24/><E36/><V115/><F115/><W71/><G71/><T85/><D58/><U82/><REACH who="1" step="1"/><E23/><REACH who="1" ten="355,291,251,93" step="2"/><V2/><F2/><W65/><G34/><T68/><D68/><U121/><E121/><V125/><F125/><W104/><G35/><T32/><D32/><U5/><E5/><AGARI ba="0,1" hai="1,5,9,38,42,46,74,76,80,81,84,85,87,88" machi="5" ten="40,5200,0" yaku="25,2,54,1" doraHai="8" who="0" fromWho="1" sc="355,62,291,-52,251,0,93,0" /><INIT seed="7,0,0,5,3,0" ten="417,239,251,93" oya="3" hai0="134,82,25,46,102,100,36,61,107,10,115,111,92" hai1="86,125,62,93,103,121,98,69,32,27,31,18,75" hai2="16,74,39,117,34,118,122,116,26,15,6,7,127" hai3="72,105,114,45,3,12,37,33,29,133,73,55,79"/><W43/><G105/><T52/><D111/><U58/><E121/><V76/><F39/><W119/><G119/><T104/><D36/><U71/><E75/><V101/><F101/><W23/><G3/><T132/><D115/><U50/><E125/><V70/><F70/><W48/><G114/><T17/><D82/><U88/><E18/><V130/><F76/><W94/><G133/><N who="0" m="51307" /><D100/><U19/><E19/><V66/><F66/><W99/><G79/><T2/><D25/><U112/><E50/><V128/><F74/><W120/><G33/><T123/><D123/><U113/><E113/><V60/><F60/><W11/><G120/><T5/><D17/><U63/><E63/><V49/><F49/><W84/><G84/><T38/><D38/><U126/><E126/><V56/><F56/><W81/><G81/><T9/><D9/><U131/><E131/><N who="2" m="50219" /><F122/><W51/><G37/><T35/><D35/><U85/><E85/><V24/><F127/><W53/><G43/><T90/><D102/><U64/><E112/><V42/><F42/><W97/><G97/><N who="0" m="57495" /><D46/><U41/><E41/><V13/><F13/><W59/><G23/><T40/><D40/><U110/><E110/><V22/><F24/><W80/><G80/><AGARI ba="0,0" hai="27,31,32,58,62,64,69,71,80,86,88,93,98,103" machi="80" ten="30,2000,0" yaku="7,1,54,1" doraHai="0" who="1" fromWho="3" sc="417,0,239,20,251,0,93,-20" owari="417,51.7,259,5.9,251,-14.9,73,-42.7" /></mjloggm>