<mjloggm ver="2.3"><GO type="169" lobby="0"/><UN n0="%E9%AB%AD%E9%AF%A8" n1="%E8%B5%A4%E6%9C%A8%E3%81%97%E3%81%92%E3%82%8B" n2="%E2%91%A3%E3%82%BB%E3%83%B3%E3%83%81" n3="%E3%81%9F%E3%81%8B%E3%81%AF%E3%81%97%E3%81%83%E3%81%83%E3%81%83" dan="16,16,18,19" rate="2135.12,2058.47,2267.29,2238.71" sx="M,M,M,M"/><TAIKYOKU oya="0"/><INIT seed="0,0,0,1,0,27" ten="250,250,250,250" oya="0" hai0="57,93,113,90,9,51,62,88,110,123,11,103,78" hai1="92,135,28,6,115,64,48,21,32,107,56,15,26" hai2="124,80,75,109,127,23,121,67,101,117,20,133,60" hai3="126,120,52,111,43,68,108,44,13,95,38,72,49"/><T7/><D113/><U106/><E135/><V104/><F121/><W125/><G72/><T65/><D123/><U17/><E115/><V8/><F133/><W77/><G77/><T37/><D37/><U132/><E132/><V59/><F109/><N who="3" m="42059" /><G95/><T96/><D110/><U53/><E64/><V73/><F117/><W91/><G91/><T10/><D78/><U14/><E14/><V66/><F8/><W79/><G13/><T119/><D119/><U71/><E71/><V39/><F39/><W83/><G83/><T54/><REACH who="0" step="1"/><D7/><REACH who="0" ten="240,250,250,250" step="2"/><U35/><E6/><V24/><F127/><N who="3" m="48651" /><G79/><T89/><D89/><U105/><REACH who="1" step="1"/><E92/><REACH who="1" ten="240,240,250,250" step="2"/><V33/><F124/><W112/><G112/><T63/><D63/><U4/><E4/><V97/><F60/><W74/><G120/><T29/><D29/><U122/><E122/><V98/><F80/><W3/><G38/><T19/><D19/><U16/><E16/><V61/><F61/><W58/><G49/><T41/><D41/><U34/><AGARI ba="0,2" hai="15,17,21,26,28,32,34,35,48,53,56,105,106,107" machi="34" ten="40,5200,0" yaku="1,1,0,1,52,1,53,0" doraHai="27" doraHaiUra="36" who="1" fromWho="1" sc="240,-26,240,72,250,-13,250,-13" /><INIT seed="1,0,0,5,1,19" ten="214,312,237,237" oya="1" hai0="69,98,1,29,115,114,127,79,51,104,117,105,107" hai1="103,121,84,96,68,123,135,11,10,86,23,77,14" hai2="20,125,52,75,15,94,129,56,27,3,95,61,88" hai3="60,5,34,111,7,89,97,43,78,99,17,100,47"/><U120/><E68/><V82/><F3/><W59/><G34/><T116/><D1/><U134/><E77/><V21/><F125/><W126/><G111/><T113/><D69/><U124/><E124/><V87/><F129/><W50/><G126/><T2/><D2/><U71/><E71/><V131/><F131/><W130/><G130/><T91/><D127/><U26/><E11/><V36/><F36/><W63/><G78/><T13/><D29/><N who="1" m="17631" /><E14/><V118/><F118/><W55/><G63/><T65/><D13/><U106/><E10/><V25/><F75/><W67/><G67/><T46/><D65/><U30/><E30/><N who="2" m="17703" /><F15/><W42/><G17/><AGARI ba="0,0" hai="17,21,27,52,56,61,82,87,88,94,95" m="17703" machi="17" ten="30,8000,1" yaku="8,1,52,2,54,2" doraHai="19" who="2" fromWho="3" sc="214,0,312,0,237,80,237,-80" /><INIT seed="2,0,0,5,4,28" ten="214,312,317,157" oya="2" hai0="84,63,70,36,125,98,34,122,127,11,78,25,96" hai1="134,43,3,1,47,108,10,94,49,27,59,73,53" hai2="20,40,95,104,109,16,112,32,133,50,118,81,120" hai3="76,31,39,113,12,92,26,79,9,68,77,119,48"/><V24/><F104/><W107/><G107/><T93/><D36/><U67/><E73/><V87/><F112/><W23/><G39/><T6/><D122/><U117/><E117/><V58/><F118/><W55/><G68/><T82/><D70/><U74/><E74/><V103/><F120/><W22/><G119/><T105/><D105/><U86/><E134/><V128/><F133/><W121/><G121/><T33/><D63/><U5/><E108/><V61/><F128/><W64/><G64/><T124/><D25/><U18/><E1/><V69/><F69/><W13/><G113/><T101/><REACH who="0" step="1"/><D96/><REACH who="0" ten="204,312,317,157" step="2"/><U44/><E27/><V51/><F109/><W91/><G9/><T72/><D72/><U102/><E10/><V114/><F61/><W19/><G12/><AGARI ba="0,1" hai="6,11,12,33,34,78,82,84,93,98,101,124,125,127" machi="12" ten="40,8000,1" yaku="1,1,18,1,52,2,53,0" doraHai="28" doraHaiUra="52" who="0" fromWho="3" sc="204,90,312,0,317,0,157,-80" /><INIT seed="3,0,0,3,1,35" ten="294,312,317,77" oya="3" hai0="125,127,34,47,134,43,66,74,73,132,101,63,6" hai1="75,113,68,70,2,22,105,119,89,24,25,62,41" hai2="23,131,37,65,88,15,18,58,46,27,60,1,99" hai3="71,28,50,128,11,93,114,100,135,42,38,84,13"/><W108/><G114/><T3/><D101/><U81/><E113/><V95/><F131/><W21/><G38/><N who="0" m="22007" /><D34/><U33/><E33/><V56/><F1/><W97/><G71/><N who="0" m="42463" /><D6/><U129/><E105/><V61/><F37/><W59/><G128/><T76/><D3/><U5/><E24/><V111/><F111/><W19/><G108/><T30/><D30/><U104/><E22/><V0/><F46/><N who="3" m="25943" /><G135/><N who="0" m="51755" /><D76/><U92/><E129/><V102/><F0/><W72/><G72/><AGARI ba="0,0" hai="72,73,74,125,127" m="51755,42463,22007" machi="72" ten="30,2000,0" yaku="20,1,23,1" doraHai="35" who="0" fromWho="3" sc="294,20,312,0,317,0,77,-20" /><INIT seed="4,0,0,2,5,120" ten="314,312,317,57" oya="0" hai0="78,66,71,40,0,105,8,81,123,60,9,5,98" hai1="117,106,64,54,18,45,132,56,96,102,51,95,28" hai2="17,70,21,114,104,20,126,85,7,108,121,62,109" hai3="115,127,37,125,67,135,94,128,26,88,107,16,100"/><T43/><D123/><U116/><E132/><V49/><F121/><W84/><G135/><T93/><D9/><U69/><E28/><V22/><F104/><W68/><G37/><T25/><D105/><U80/><E80/><V12/><F70/><W42/><G42/><T39/><D25/><U63/><E18/><V77/><F7/><W4/><G115/><T91/><REACH who="0" step="1"/><D39/><REACH who="0" ten="304,312,317,57" step="2"/><U130/><E130/><V29/><F114/><W90/><G128/><T30/><D30/><U89/><E69/><V23/><F29/><W50/><G4/><T53/><D53/><U34/><E34/><V112/><F112/><W48/><G68/><T46/><D46/><U82/><E116/><V86/><F17/><W103/><G67/><T122/><D122/><U73/><E117/><V124/><F126/><N who="3" m="48139" /><G107/><T38/><D38/><U58/><E45/><V97/><F124/><W79/><G79/><T10/><D10/><U113/><E113/><V24/><F24/><W134/><G134/><T101/><D101/><N who="3" m="38985" /><G90/><T1/><D1/><U15/><E106/><V52/><F12/><W61/><G61/><T41/><D41/><U33/><E15/><V72/><F62/><W2/><G2/><T32/><D32/><U59/><E63/><V27/><F27/><W99/><G99/><T11/><D11/><U65/><E33/><V6/><F97/><W133/><G133/><T3/><D3/><U14/><E14/><V119/><F77/><W55/><G55/><T75/><AGARI ba="0,1" hai="0,5,8,40,43,60,66,71,75,78,81,91,93,98" machi="75" ten="20,3900,0" yaku="1,1,0,1,7,1,53,0" doraHai="120" doraHaiUra="129" who="0" fromWho="0" sc="304,49,312,-13,317,-13,57,-13" /><INIT seed="4,1,0,2,3,109" ten="353,299,304,44" oya="0" hai0="17,122,95,126,47,14,51,81,92,7,135,49,123" hai1="2,79,99,24,57,39,60,120,58,33,102,106,91" hai2="12,27,87,115,30,29,40,41,108,73,127,98,10" hai3="5,113,82,42,100,128,18,32,1,94,35,118,0"/><T45/><D7/><U50/><E120/><V117/><F73/><W37/><G118/><T25/><D25/><U119/><E119/><V61/><F108/><W96/><G128/><T8/><D126/><U48/><E2/><V6/><F117/><W59/><G1/><T75/><D135/><U103/><E39/><V3/><F127/><W21/><G59/><T97/><D92/><U63/><E24/><V56/><F30/><W77/><G21/><T130/><D130/><U80/><E33/><V46/><F87/><W86/><G18/><T4/><D4/><U23/><E23/><V43/><F98/><W66/><G66/><T65/><D65/><U19/><E19/><V129/><F129/><W22/><G22/><T16/><D81/><U72/><E91/><V88/><F88/><W68/><G68/><T125/><D75/><U105/><E60/><V44/><F3/><W26/><G26/><T64/><D64/><U38/><E58/><V131/><F131/><W90/><G113/><T67/><D67/><U132/><E38/><V78/><F78/><W110/><G110/><T71/><D71/><U52/><E132/><V70/><F115/><W84/><G5/><N who="0" m="3343" /><D125/><U53/><REACH who="1" step="1"/><E53/><REACH who="1" ten="353,289,304,44" step="2"/><N who="2" m="33935" /><F70/><W107/><REACH who="3" step="1"/><G0/><REACH who="3" ten="353,289,304,34" step="2"/><T112/><D123/><U34/><E34/><V114/><F27/><W134/><G134/><T76/><D122/><U55/><E55/><V83/><F6/><W104/><G104/><T124/><D124/><U20/><E20/><V101/><F29/><W62/><G62/><T13/><D17/><U121/><E121/><V54/><F54/><W74/><G74/><RYUUKYOKU ba="1,2" sc="353,-15,289,15,304,-15,34,15" hai1="48,50,52,57,63,72,79,80,99,102,103,105,106" hai3="32,35,37,42,77,82,84,86,90,94,96,100,107" /><INIT seed="5,2,2,5,4,23" ten="338,304,289,49" oya="1" hai0="71,38,5,39,88,133,125,102,78,44,98,128,42" hai1="58,97,47,90,3,4,132,127,104,41,123,106,17" hai2="77,92,63,14,69,130,2,49,81,115,80,7,113" hai3="111,13,30,118,91,60,74,24,20,25,0,9,99"/><U35/><E123/><V55/><F2/><W110/><G74/><T124/><D71/><U101/><E35/><V129/><F92/><W26/><G0/><T52/><D78/><U15/><E132/><V68/><F7/><W84/><G118/><T21/><D128/><N who="2" m="49258" /><F14/><W76/><G110/><T126/><D133/><U29/><E127/><V59/><F81/><N who="3" m="47143" /><G60/><T86/><D5/><U116/><E116/><V48/><F80/><W72/><G72/><T64/><D64/><U85/><E58/><N who="2" m="33135" /><F48/><W31/><G31/><T51/><D21/><U62/><E29/><V83/><F83/><W100/><G100/><T57/><D86/><U87/><E104/><V27/><F27/><N who="3" m="16743" /><G111/><T82/><D82/><U8/><E90/><V45/><F77/><W37/><G37/><N who="0" m="21583" /><D88/><U131/><E131/><V36/><F69/><W67/><G67/><T119/><D119/><U108/><E108/><V94/><F68/><W32/><G32/><T65/><D65/><U105/><E105/><AGARI ba="2,2" hai="38,39,51,52,57,98,102,105,124,125,126" m="21583" machi="105" ten="30,2000,0" yaku="18,1,54,1" doraHai="23" who="0" fromWho="1" sc="338,46,304,-26,289,0,49,0" /><INIT seed="6,0,0,4,4,81" ten="384,278,289,49" oya="2" hai0="77,74,123,113,58,95,53,39,42,54,43,109,126" hai1="45,49,6,103,102,89,97,61,19,11,41,91,69" hai2="112,3,72,29,94,117,107,37,13,12,63,86,21" hai3="59,5,131,129,127,85,78,7,15,56,70,128,119"/><V124/><F72/><W76/><G70/><T16/><D109/><U32/><E32/><V106/><F3/><W115/><G119/><T0/><D0/><U121/><E121/><V134/><F37/><W33/><G33/><T55/><D123/><U14/><E102/><V62/><F117/><W99/><G127/><T73/><D126/><U47/><E69/><V57/><F124/><W67/><G115/><T23/><D113/><U98/><E98/><V18/><F112/><W133/><G133/><T130/><D130/><U2/><E61/><V50/><F29/><W116/><G116/><T35/><D35/><U34/><E47/><V1/><F1/><W75/><G75/><T66/><D39/><U92/><REACH who="1" step="1"/><E34/><REACH who="1" ten="384,268,289,49" step="2"/><V104/><F134/><W31/><G99/><T30/><D58/><U82/><E82/><V40/><F63/><N who="3" m="38375" /><G59/><T108/><D108/><U46/><E46/><N who="2" m="25927" /><F107/><W20/><G129/><T79/><D95/><U83/><E83/><V48/><F106/><W101/><G131/><T71/><D71/><U125/><E125/><V28/><F104/><W80/><G128/><T96/><D96/><U132/><E132/><V8/><F62/><W10/><G101/><T60/><D60/><U65/><E65/><V110/><F110/><W51/><G78/><T25/><D66/><U122/><E122/><V36/><F57/><W17/><G51/><T27/><D77/><U120/><E120/><V38/><F48/><W105/><G105/><T114/><D114/><U88/><E88/><N who="2" m="53527" /><F28/><W22/><G31/><T100/><D79/><U68/><E68/><V9/><F21/><AGARI ba="0,1" hai="5,7,10,15,17,20,21,22,76,80,85" m="38375" machi="21" ten="30,3900,0" yaku="6,1,8,1,52,1" doraHai="81" who="3" fromWho="2" sc="384,0,268,0,289,-39,49,49" /><AGARI ba="0,0" hai="2,6,11,14,19,21,41,45,49,89,91,92,97,103" machi="21" ten="30,3900,0" yaku="1,1,6,1,7,1,53,0" doraHai="81" doraHaiUra="118" who="1" fromWho="2" sc="384,0,268,39,250,-39,98,0" /><INIT seed="7,0,0,5,4,113" ten="384,307,211,98" oya="3" hai0="107,98,103,44,71,61,47,110,59,25,133,18,52" hai1="72,129,19,84,122,93,23,70,22,32,13,0,35" hai2="131,49,102,16,96,26,112,125,101,57,6,45,108" hai3="69,31,100,109,94,85,34,42,79,99,30,12,95"/><W78/><G109/><T111/><D71/><U106/><E70/><V66/><F108/><W117/><G69/><T116/><D116/><U15/><E72/><V5/><F112/><W75/><G117/><T46/><D133/><U3/><E106/><V68/><F125/><W127/><G127/><T4/><D4/><N who="2" m="1642" /><F131/><W21/><G75/><T62/><D62/><U92/><E84/><V132/><F96/><W126/><G126/><T36/><D36/><U9/><E92/><V28/><F28/><N who="3" m="10795" /><G34/><N who="1" m="12842" /><E93/><V118/><F132/><W67/><G67/><T82/><REACH who="0" step="1"/><D82/><REACH who="0" ten="374,307,211,98" step="2"/><U134/><E134/><V104/><F118/><W37/><G37/><T10/><D10/><N who="1" m="6583" /><E122/><V119/><F119/><W64/><G64/><T20/><AGARI ba="0,1" hai="18,20,25,44,46,47,52,59,61,98,103,107,110,111" machi="20" ten="30,4000,0" yaku="1,1,0,1,54,1,53,0" doraHai="113" doraHaiUra="39" who="0" fromWho="0" sc="374,50,307,-10,211,-10,98,-20" owari="424,52.4,297,9.7,201,-19.9,78,-42.2" /></mjloggm>