<mjloggm ver="2.3"><GO type="169" lobby="0"/><UN n0="%E3%83%99%E3%83%A8%E3%83%B3%E3%82%B8%E3%83%A5" n1="%E5%90%83%E8%B2%A8%E5%B0%8F%E5%8C%97%E5%8C%97" n2="%E3%83%AD%E3%83%99%E3%83%AB%E3%82%BF%E3%81%95%E3%82%93%EF%BC%A0" n3="%E3%81%BB%E3%83%BC%E3%82%8A%E3%83%BC" dan="16,18,16,17" rate="2080.97,2282.16,2122.52,2218.57" sx="M,M,F,M"/><TAIKYOKU oya="0"/><INIT seed="0,0,0,3,1,67" ten="250,250,250,250" oya="0" hai0="70,108,92,135,43,93,48,20,128,132,97,109,96" hai1="88,52,110,21,17,106,114,35,42,81,7,34,65" hai2="0,119,77,121,47,66,14,68,69,13,11,123,95" hai3="53,129,45,125,39,134,46,57,117,103,116,122,84"/><T38/><D38/><U59/><E106/><V99/><F66/><W120/><G103/><T64/><D20/><U111/><E7/><V24/><F0/><W133/><G84/><T80/><D43/><U41/><E65/><V31/><F119/><N who="3" m="45643" /><G125/><T130/><D48/><U44/><E114/><V49/><F77/><W9/><G9/><T10/><D10/><U4/><E4/><V60/><F60/><W107/><G107/><T89/><D70/><U36/><E42/><V63/><F63/><W23/><G23/><T83/><D64/><U5/><E5/><V75/><F75/><W1/><G1/><T61/><D61/><U54/><E54/><V8/><F8/><W118/><G118/><T58/><D58/><U16/><E34/><V127/><F127/><W25/><G25/><T131/><D131/><U76/><E35/><V15/><F11/><W51/><G129/><T40/><D40/><U30/><E30/><V112/><F112/><W74/><G74/><T27/><D27/><U12/><E17/><V100/><F123/><N who="3" m="47147" /><G39/><T86/><D86/><U37/><E36/><V91/><F100/><W87/><G87/><T104/><D104/><U28/><E28/><V55/><REACH who="2" step="1"/><F121/><REACH who="2" ten="250,250,240,250" step="2"/><W32/><G32/><AGARI ba="0,1" hai="13,14,15,24,31,32,47,49,55,68,69,91,95,99" machi="32" ten="40,8000,1" yaku="1,1,2,1,52,2,53,1" doraHai="67" doraHaiUra="22" who="2" fromWho="3" sc="250,0,250,0,240,90,250,-80" /><INIT seed="1,0,0,3,0,13" ten="250,250,330,170" oya="1" hai0="62,135,71,23,94,68,20,16,1,65,28,2,73" hai1="64,76,17,115,60,78,107,118,79,87,52,89,131" hai2="38,108,43,66,25,36,128,93,35,130,39,54,99" hai3="103,120,106,117,80,97,48,133,113,18,61,24,119"/><U42/><E115/><V116/><F108/><W114/><G61/><T47/><D135/><U92/><E118/><N who="3" m="45066" /><G48/><T85/><D73/><U90/><E131/><V10/><F116/><W123/><G24/><T37/><D68/><U50/><E107/><V96/><F96/><W19/><G133/><T63/><D63/><U26/><E42/><V22/><F66/><W27/><G27/><T77/><D23/><N who="1" m="13679" /><E89/><V70/><F70/><W101/><G103/><T75/><D75/><U91/><E91/><V127/><F35/><W59/><G59/><T129/><D28/><U132/><E132/><V32/><F32/><W100/><G101/><T55/><D37/><U5/><E5/><V88/><F127/><W95/><G106/><T7/><D7/><U8/><E8/><V33/><F10/><W82/><G113/><T112/><D112/><U6/><E6/><V45/><F54/><W104/><G104/><T34/><D34/><U67/><E60/><V86/><F33/><W3/><G3/><T109/><D1/><U58/><AGARI ba="0,0" hai="50,52,58,64,67,76,78,79,87,90,92" m="13679" machi="58" ten="30,6000,0" yaku="8,1,52,1,54,1" doraHai="13" who="1" fromWho="1" sc="250,-20,250,60,330,-20,170,-20" /><INIT seed="1,1,0,1,0,101" ten="230,310,310,150" oya="1" hai0="49,6,60,15,115,114,103,26,67,3,84,7,47" hai1="95,4,127,5,10,107,21,113,104,116,50,42,87" hai2="28,81,117,131,119,125,98,30,109,129,44,51,132" hai3="111,128,133,88,24,41,91,96,40,14,72,118,80"/><U65/><E113/><V99/><F109/><W29/><G111/><T135/><D135/><U134/><E116/><N who="2" m="44619" /><F81/><W75/><G118/><T74/><D74/><U105/><E134/><V25/><F125/><W37/><G133/><T59/><D3/><U2/><E127/><V46/><F132/><W31/><G14/><T89/><D26/><U23/><E65/><V126/><F126/><W34/><G128/><N who="2" m="49225" /><F30/><W108/><G108/><T48/><D48/><U77/><E5/><V12/><F12/><W38/><G24/><T68/><D68/><U120/><E120/><V57/><F57/><W20/><G80/><T17/><D103/><U124/><E124/><V66/><F66/><W71/><G71/><T63/><D63/><U18/><E77/><V86/><F86/><W1/><G1/><T110/><D110/><U122/><E122/><V121/><F46/><W19/><G20/><T93/><D114/><U76/><E76/><V11/><F11/><W8/><G8/><N who="0" m="6375" /><D115/><U64/><E64/><V97/><F97/><W62/><G96/><T55/><AGARI ba="1,0" hai="6,7,47,49,55,59,60,67,84,89,93" m="6375" machi="55" ten="30,1100,0" yaku="8,1" doraHai="101" who="0" fromWho="0" sc="230,14,310,-6,310,-4,150,-4" /><INIT seed="2,0,0,2,5,85" ten="244,304,306,146" oya="2" hai0="92,55,53,50,7,111,31,38,4,68,23,96,106" hai1="20,94,49,89,16,1,11,15,75,47,21,91,6" hai2="17,28,62,40,133,77,66,82,27,2,63,14,124" hai3="5,123,46,88,101,86,30,104,60,122,70,114,18"/><V95/><F133/><W134/><G134/><T76/><D111/><U59/><E75/><V32/><F124/><W119/><G119/><T112/><D112/><U98/><E59/><V116/><F2/><W131/><G5/><T107/><D38/><U132/><E132/><V26/><F26/><W129/><G30/><T35/><D35/><U102/><REACH who="1" step="1"/><E21/><REACH who="1" ten="244,294,306,146" step="2"/><V13/><F116/><W61/><G114/><T54/><D23/><U128/><E128/><V3/><F32/><W130/><G122/><T105/><D68/><U64/><E64/><V51/><F66/><W41/><G123/><T87/><D31/><U8/><E8/><V52/><F28/><W117/><G70/><T109/><D109/><U33/><E33/><V69/><F69/><W12/><G117/><T24/><D24/><U56/><E56/><V115/><F27/><W9/><G104/><T121/><D121/><U67/><E67/><V36/><F115/><W72/><G72/><T81/><REACH who="0" step="1"/><D50/><REACH who="0" ten="234,294,306,146" step="2"/><U120/><E120/><V78/><F51/><N who="3" m="27087" /><G101/><AGARI ba="0,2" hai="4,7,53,54,55,76,81,87,92,96,101,105,106,107" machi="101" ten="50,1600,0" yaku="1,1,53,0" doraHai="85" doraHaiUra="127" who="0" fromWho="3" sc="234,36,294,0,306,0,146,-16" /><INIT seed="3,0,0,1,3,126" ten="270,294,306,130" oya="3" hai0="42,133,3,78,21,54,88,85,7,55,93,49,43" hai1="34,117,10,65,122,112,60,75,17,56,11,77,39" hai2="14,99,118,135,61,68,53,80,108,9,52,83,67" hai3="58,101,36,90,22,100,18,51,123,48,23,116,131"/><W28/><G116/><T4/><D133/><U74/><E122/><V44/><F108/><W106/><G123/><T30/><D78/><U31/><E39/><V63/><F135/><W87/><G36/><T96/><D3/><U35/><E112/><V45/><F118/><W120/><G120/><T24/><D55/><U12/><E117/><V26/><F26/><N who="3" m="16471" /><G106/><T72/><D72/><U15/><E31/><V5/><F99/><W29/><G29/><T102/><D4/><U91/><E91/><V115/><F115/><W84/><G84/><T132/><D7/><U71/><E71/><V111/><F111/><W1/><G1/><T121/><D132/><U124/><E124/><V127/><F127/><W98/><G98/><T86/><D86/><U70/><E70/><V104/><F104/><W109/><G109/><T59/><REACH who="0" step="1"/><D121/><REACH who="0" ten="260,294,306,130" step="2"/><U37/><E77/><V13/><F5/><W57/><G51/><T20/><D20/><U0/><E0/><V134/><F134/><W6/><G6/><T113/><D113/><U47/><E74/><V105/><F53/><N who="3" m="31911" /><G131/><T62/><D62/><U40/><E75/><V110/><F63/><W92/><G58/><T95/><AGARI ba="0,1" hai="21,24,30,42,43,49,54,59,85,88,93,95,96,102" machi="95" ten="20,8000,1" yaku="1,1,0,1,7,1,8,1,54,1,53,0" doraHai="126" doraHaiUra="41" who="0" fromWho="0" sc="260,90,294,-20,306,-20,130,-40" /><INIT seed="4,0,0,4,0,48" ten="350,274,286,90" oya="0" hai0="125,115,113,95,57,32,37,36,93,100,55,68,79" hai1="14,107,64,43,88,116,118,129,40,19,71,85,47" hai2="31,21,49,7,8,104,135,67,69,3,134,10,50" hai3="89,41,23,62,84,46,20,44,96,106,65,30,128"/><T33/><D68/><U72/><E72/><V119/><F104/><W117/><G117/><T122/><D122/><U16/><E107/><V82/><F119/><W77/><G128/><T127/><D79/><U130/><E64/><V66/><F82/><W39/><G77/><T92/><D100/><U99/><E99/><V27/><F8/><W5/><G5/><T87/><D87/><U101/><E101/><V24/><F24/><W38/><G30/><T9/><D9/><U54/><E71/><V121/><F121/><W28/><G28/><T58/><REACH who="0" step="1"/><D95/><REACH who="0" ten="340,274,286,90" step="2"/><U91/><E85/><V0/><F69/><W124/><G106/><T80/><D80/><U18/><E116/><V35/><F10/><W78/><G78/><T120/><D120/><U29/><E118/><V52/><F134/><W102/><G102/><T25/><D25/><U17/><E129/><V56/><F135/><W22/><G96/><T70/><D70/><U51/><E130/><V110/><F27/><W81/><G124/><T15/><D15/><U133/><E133/><V12/><F12/><W90/><G90/><N who="1" m="34346" /><E29/><V108/><F31/><W1/><G1/><T13/><D13/><U111/><E111/><V123/><F0/><W86/><G86/><T103/><D103/><U61/><E61/><V97/><F3/><W94/><G81/><T60/><D60/><U11/><AGARI ba="0,1" hai="11,14,16,17,18,19,40,43,47,51,54" m="34346" machi="11" ten="30,7900,0" yaku="8,1,52,1,54,2" doraHai="48" who="1" fromWho="1" sc="340,-39,274,89,286,-20,90,-20" /><INIT seed="5,0,0,5,4,6" ten="301,363,266,70" oya="1" hai0="27,107,82,118,105,128,86,16,121,98,76,126,13" hai1="59,89,45,85,40,65,90,115,8,31,33,21,53" hai2="127,114,125,122,108,57,134,34,113,5,2,77,63" hai3="73,88,41,24,38,119,110,116,37,44,0,101,1"/><U3/><E33/><V78/><F34/><W43/><G110/><T123/><D118/><N who="3" m="45097" /><G73/><T68/><D68/><U133/><E115/><N who="2" m="44043" /><F108/><W30/><G101/><T54/><D126/><N who="2" m="48138" /><F134/><W26/><G44/><T120/><D128/><U91/><E65/><N who="2" m="39151" /><F122/><W32/><G32/><T71/><D27/><N who="3" m="10281" /><G30/><T103/><D71/><U74/><E74/><V22/><F22/><W117/><N who="3" m="45105" /><W35/><DORA hai="96" /><G35/><T49/><D107/><U81/><E21/><V14/><F2/><N who="3" m="1131" /><G88/><T104/><D104/><U97/><E31/><V50/><F50/><W132/><G132/><T72/><D72/><U64/><E133/><V7/><F7/><W23/><G23/><T12/><D120/><U79/><E90/><V109/><F109/><W20/><G20/><T99/><D121/><U18/><E89/><V46/><F46/><W47/><G47/><T61/><D123/><U100/><E91/><V17/><F17/><W67/><G67/><T80/><D16/><U62/><E64/><V70/><F70/><W66/><G66/><T93/><D49/><U36/><E3/><V84/><F84/><W55/><G55/><T112/><D112/><U29/><E29/><V39/><F39/><AGARI ba="0,0" hai="37,38,39,41,43" m="1131,10281,45105" machi="39" ten="50,6400,0" yaku="28,2,12,1" doraHai="6,96" who="3" fromWho="2" sc="301,0,363,0,266,-64,70,64" /><INIT seed="6,0,0,1,3,62" ten="301,363,202,134" oya="2" hai0="10,22,79,58,127,27,3,55,90,93,34,64,85" hai1="20,121,16,47,26,19,134,98,46,83,122,44,56" hai2="21,4,54,130,37,94,49,92,71,0,67,25,117" hai3="41,48,35,11,31,13,120,89,119,73,5,45,29"/><V36/><F130/><W7/><G119/><T52/><D127/><U80/><E134/><V107/><F107/><W43/><G120/><N who="1" m="46186" /><E98/><V50/><F117/><W96/><G73/><T128/><D34/><U97/><E97/><V30/><F49/><W6/><G35/><T88/><D79/><U59/><E19/><V126/><F126/><W61/><G43/><T113/><D113/><U38/><E38/><V76/><F76/><W125/><G125/><T1/><D128/><U77/><E83/><V82/><F82/><W108/><G108/><T60/><D90/><U118/><E118/><V15/><F0/><W109/><G109/><T66/><D1/><U9/><E9/><V133/><F133/><W51/><G51/><T78/><D78/><U135/><E135/><V81/><F81/><W103/><G89/><T86/><D86/><AGARI ba="0,0" hai="16,20,26,44,46,47,56,59,77,80,86" m="46186" machi="86" ten="30,2000,0" yaku="13,1,54,1" doraHai="62" who="1" fromWho="0" sc="301,-20,363,20,202,0,134,0" /><INIT seed="7,0,0,4,5,41" ten="281,383,202,134" oya="3" hai0="65,19,46,43,42,62,87,79,98,109,61,126,81" hai1="10,27,124,117,53,76,11,106,33,25,9,80,44" hai2="96,34,88,84,49,94,104,86,58,39,4,37,114" hai3="5,7,1,45,6,111,90,70,57,93,95,82,115"/><W68/><G1/><T63/><D109/><U75/><E106/><V71/><F71/><W101/><G111/><T30/><D126/><U119/><E124/><V118/><F34/><W89/><G115/><T133/><D133/><U127/><E127/><V66/><F118/><N who="1" m="45065" /><E33/><V123/><F114/><W0/><G0/><T55/><D30/><U69/><E69/><V99/><F4/><W35/><G35/><T12/><D65/><U2/><E2/><V16/><F123/><W105/><G82/><T130/><D130/><U108/><E108/><V102/><F84/><W132/><G132/><T78/><D98/><U72/><E72/><V21/><F99/><W56/><G105/><T18/><D18/><U48/><AGARI ba="0,0" hai="9,10,11,25,27,44,48,53,75,76,80" m="45065" machi="48" ten="40,2700,0" yaku="12,1,52,1" doraHai="41" who="1" fromWho="1" sc="281,-7,383,27,202,-7,134,-13" owari="274,7.4,410,51.0,195,-20.5,121,-37.9" /></mjloggm>