<mjloggm ver="2.3"><GO type="225" lobby="0"/><UN n0="%E3%82%A4%E3%83%BC%E3%82%B1%E3%83%97%E3%83%A9" n1="%33%74%72%65%65" n2="%E7%B4%94%E6%BD%94%E3%83%94%E3%83%A9%E3%83%8B%E3%82%A2" n3="%E8%B5%A4%E3%81%84%E8%9B%99%31%31" dan="17,17,16,16" rate="2157.53,2149.60,2202.14,2077.71" sx="M,F,M,M"/><TAIKYOKU oya="0"/><INIT seed="0,0,0,1,2,121" ten="250,250,250,250" oya="0" hai0="30,9,85,23,18,36,93,52,128,38,84,80,82" hai1="4,61,35,123,105,98,109,42,69,12,127,64,15" hai2="70,95,51,54,124,113,32,132,8,16,39,122,96" hai3="2,134,47,3,108,76,22,0,49,46,119,97,67"/><T6/><D128/><U66/><E123/><V94/><F122/><W25/><G119/><T20/><D93/><U71/><E127/><V100/><F39/><W63/><G134/><T92/><D92/><U120/><E120/><V131/><F113/><W88/><G76/><T48/><D30/><U101/><E42/><V83/><F70/><W7/><G7/><T114/><D114/><U62/><E4/><V33/><F124/><W34/><G34/><T111/><D111/><U13/><REACH who="1" step="1"/><E35/><REACH who="1" ten="250,240,250,250" step="2"/><V115/><F33/><W72/><G72/><T78/><D6/><U37/><E37/><V74/><F32/><W11/><G0/><T55/><D38/><U135/><E135/><V56/><F132/><W106/><G2/><T77/><D36/><U126/><E126/><V60/><F115/><W130/><G3/><T133/><D133/><U116/><E116/><V59/><F74/><W28/><G130/><T89/><D78/><U17/><E17/><V107/><F131/><W81/><G28/><T102/><D18/><U53/><E53/><V65/><F16/><W75/><G75/><T112/><D112/><U118/><E118/><V19/><F19/><W41/><G41/><T110/><D55/><U10/><E10/><V1/><F8/><W99/><G11/><T29/><D9/><U87/><E87/><V14/><F1/><W117/><G117/><T27/><D29/><U31/><E31/><V5/><F5/><W43/><G43/><T50/><D52/><U86/><E86/><V24/><F54/><W73/><G73/><T104/><D84/><U129/><E129/><RYUUKYOKU ba="0,1" sc="250,-10,240,30,250,-10,250,-10" hai1="12,13,15,61,62,64,66,69,71,98,101,105,109" /><INIT seed="1,1,1,4,5,119" ten="240,270,240,240" oya="1" hai0="41,112,107,129,37,44,74,106,67,124,46,48,24" hai1="113,130,135,108,16,96,90,103,10,27,60,61,26" hai2="111,11,131,57,97,25,84,85,76,1,94,72,5" hai3="2,80,99,45,92,29,32,63,52,71,82,125,64"/><U132/><E113/><V59/><F111/><W122/><G2/><T31/><D112/><U121/><E108/><V22/><F131/><W69/><G69/><T3/><D74/><U23/><E130/><V127/><F127/><W14/><G122/><T49/><D129/><U134/><E121/><V55/><F72/><W118/><G118/><T95/><D3/><U81/><E10/><V105/><F105/><W8/><G125/><T56/><D124/><U77/><E90/><V128/><F76/><W12/><G29/><T91/><D37/><U17/><E17/><V38/><F38/><W39/><G32/><T4/><D4/><U18/><E18/><V6/><F6/><W102/><G14/><T70/><D70/><U28/><E81/><V87/><F55/><W126/><G126/><T73/><D73/><U83/><E83/><V78/><F78/><W42/><REACH who="3" step="1"/><G52/><REACH who="3" ten="240,270,240,230" step="2"/><T21/><D56/><U54/><E54/><V65/><F128/><W58/><G58/><T9/><D67/><U114/><E114/><V116/><F65/><W79/><G79/><T7/><D46/><U53/><E77/><V13/><F1/><W115/><G115/><T133/><D48/><U93/><E53/><V40/><F116/><W43/><G43/><T110/><D110/><U33/><AGARI ba="1,2" hai="16,23,26,27,28,33,60,61,93,96,103,132,134,135" machi="33" ten="30,6000,0" yaku="0,1,20,1,54,1" doraHai="119" who="1" fromWho="1" sc="240,-21,270,83,240,-21,230,-21" /><INIT seed="1,2,0,1,0,107" ten="219,353,219,209" oya="1" hai0="30,55,100,94,29,0,98,12,126,120,52,89,127" hai1="2,18,97,67,45,31,81,56,75,32,65,72,135" hai2="124,76,20,105,85,40,84,64,121,69,116,77,35" hai3="63,36,11,46,41,62,57,66,106,103,79,117,129"/><U87/><E2/><V78/><F35/><W26/><G129/><T10/><D0/><U24/><E135/><V25/><F116/><W4/><G117/><T68/><D68/><U13/><E97/><V102/><F121/><W22/><G79/><T59/><D120/><U96/><E96/><V123/><F123/><W82/><G82/><T122/><D122/><U50/><E65/><V5/><F102/><W15/><G106/><T51/><D100/><U3/><E3/><V16/><F105/><W132/><G103/><T112/><D112/><U23/><E56/><V37/><F5/><W130/><G130/><T125/><REACH who="0" step="1"/><D55/><REACH who="0" ten="209,353,219,209" step="2"/><U108/><E67/><V109/><F64/><W131/><G131/><T93/><D93/><U33/><E108/><V7/><F69/><W128/><G128/><T91/><D91/><U115/><E115/><V92/><F109/><W1/><G132/><T119/><D119/><U90/><E33/><V113/><F92/><W88/><G1/><T17/><AGARI ba="2,1" hai="10,12,17,29,30,51,52,59,89,94,98,125,126,127" machi="17" ten="30,8000,1" yaku="1,1,0,1,18,1,54,1,53,1" doraHai="107" doraHaiUra="86" who="0" fromWho="0" sc="209,96,353,-42,219,-22,209,-22" /><INIT seed="2,0,0,2,1,93" ten="305,311,197,187" oya="2" hai0="2,101,117,104,70,125,123,5,67,61,0,98,17" hai1="82,96,108,4,36,22,51,52,46,30,49,69,111" hai2="50,9,42,53,18,62,3,41,72,68,58,89,85" hai3="54,88,87,33,13,39,135,59,99,94,55,43,38"/><V65/><F72/><W40/><G33/><T71/><D123/><U57/><E36/><V35/><F35/><W121/><G121/><T114/><D114/><U132/><E69/><V6/><REACH who="2" step="1"/><F18/><REACH who="2" ten="305,311,187,187" step="2"/><W124/><G124/><T26/><D17/><U131/><E108/><V126/><F126/><W31/><G135/><T25/><D125/><U23/><E111/><V83/><AGARI ba="0,1" hai="3,6,9,41,42,50,53,58,62,65,68,83,85,89" machi="83" ten="20,3900,0" yaku="1,1,0,1,7,1,53,0" doraHai="93" doraHaiUra="100" who="2" fromWho="2" sc="305,-13,311,-13,187,49,187,-13" /><INIT seed="2,1,0,0,0,100" ten="292,298,236,174" oya="2" hai0="135,42,125,0,103,27,25,76,81,93,60,40,116" hai1="87,9,5,71,7,20,3,84,44,85,121,91,1" hai2="80,35,130,58,110,39,37,113,32,97,122,54,38" hai3="127,61,123,75,26,64,88,69,132,17,99,13,41"/><V21/><F113/><W63/><G123/><T66/><D0/><U74/><E121/><V51/><F122/><W126/><G75/><T53/><D135/><U79/><E71/><V104/><F130/><W68/><G41/><N who="0" m="15979" /><D125/><U105/><E44/><V102/><F110/><W115/><G132/><T101/><D66/><U47/><E47/><V22/><REACH who="2" step="1"/><F80/><REACH who="2" ten="292,298,226,174" step="2"/><W43/><G115/><T14/><D81/><U134/><E134/><V83/><F83/><W8/><G127/><T56/><D116/><U45/><E74/><V11/><F11/><W109/><G109/><T33/><D76/><U95/><E79/><V52/><F52/><W98/><G126/><T28/><D53/><U106/><E45/><V90/><F90/><W65/><G43/><T120/><D120/><U124/><E124/><V108/><F108/><W67/><G67/><T6/><D101/><U48/><E48/><V118/><F118/><W49/><G49/><T19/><D103/><U4/><E9/><V92/><F92/><W34/><REACH who="3" step="1"/><G88/><REACH who="3" ten="292,298,226,164" step="2"/><T96/><D93/><U73/><E95/><V114/><F114/><W23/><G23/><AGARI ba="1,2" hai="21,22,23,32,35,37,38,39,51,54,58,97,102,104" machi="23" ten="40,3900,0" yaku="1,1,52,1,53,0" doraHai="100" doraHaiUra="89" who="2" fromWho="3" sc="292,0,298,0,226,62,164,-42" /><INIT seed="2,2,0,0,4,21" ten="292,298,288,122" oya="2" hai0="67,97,94,58,41,5,54,48,127,73,109,87,78" hai1="1,129,50,72,16,63,76,30,12,26,95,80,40" hai2="114,11,22,45,79,35,28,134,93,36,107,19,131" hai3="15,60,118,103,84,34,81,4,86,39,33,130,56"/><V70/><F107/><W135/><G118/><T98/><D109/><U65/><E129/><V66/><F114/><W112/><G112/><T120/><D120/><U99/><E1/><V113/><F113/><W133/><G39/><T122/><D122/><U89/><E40/><V68/><F131/><W53/><G130/><T108/><D108/><U91/><E50/><V110/><F110/><W57/><G103/><T102/><D127/><U61/><E91/><V31/><F35/><W13/><G4/><T106/><D5/><U75/><E75/><V83/><F93/><W101/><G101/><T42/><D73/><U3/><E3/><V29/><F11/><W62/><G81/><T43/><D67/><U17/><E12/><V0/><F66/><W18/><G18/><T55/><D55/><U85/><E72/><V96/><F96/><W128/><G128/><T104/><REACH who="0" step="1"/><D98/><REACH who="0" ten="282,298,288,122" step="2"/><U124/><E124/><V77/><F0/><W6/><G6/><T25/><D25/><U126/><E126/><V88/><F68/><W38/><G38/><T105/><D105/><U125/><E125/><V47/><F70/><W117/><G117/><T37/><D37/><U7/><E7/><V46/><F36/><W115/><G115/><T52/><D52/><AGARI ba="2,1" hai="13,15,33,34,52,53,56,57,60,62,84,86,133,135" machi="52" ten="25,3200,0" yaku="22,2,54,1" doraHai="21" who="3" fromWho="0" sc="282,-38,298,0,288,0,122,48" /><INIT seed="3,0,0,1,0,66" ten="244,298,288,170" oya="3" hai0="85,55,128,99,86,124,83,38,82,116,134,115,80" hai1="87,111,105,8,75,0,37,50,10,97,123,27,95" hai2="63,41,117,69,91,30,13,68,100,92,9,11,90" hai3="126,54,77,39,94,23,101,62,93,25,64,67,78"/><W71/><G126/><T6/><D116/><U18/><E37/><V40/><F117/><W19/><G39/><T132/><D38/><U104/><E75/><V14/><F63/><W125/><G125/><T46/><D124/><U110/><E123/><V135/><F92/><W131/><G131/><T120/><D120/><U76/><E50/><V107/><F100/><W12/><G64/><T79/><D128/><U44/><E44/><V130/><F130/><W5/><G54/><T45/><D6/><N who="1" m="1095" /><E87/><V133/><F30/><W33/><G94/><T26/><D115/><U121/><E76/><V127/><F127/><W103/><G5/><T24/><D99/><U34/><E121/><V21/><F21/><W65/><G65/><T70/><D83/><U47/><E47/><V43/><F41/><W84/><G101/><T72/><D72/><U1/><E1/><V52/><F52/><W61/><G61/><T109/><D55/><U58/><E58/><V118/><F118/><W20/><G33/><T3/><D3/><U98/><E34/><V96/><F96/><N who="1" m="36969" /><E95/><V60/><F60/><W48/><G48/><T59/><D59/><U106/><E27/><V17/><F17/><W102/><G102/><T31/><D31/><U129/><E129/><V7/><F7/><W57/><G103/><T73/><D73/><U89/><E89/><V113/><F113/><W4/><G57/><T29/><D29/><U53/><E53/><V2/><F2/><W22/><G4/><T56/><D56/><U114/><E114/><V51/><F51/><W74/><G74/><T119/><D119/><RYUUKYOKU ba="0,0" sc="244,-15,298,15,288,15,170,-15" hai1="10,18,104,105,106,110,111" hai2="9,11,13,14,40,43,68,69,90,91,107,133,135" owari="229,-17.1,313,41.3,303,10.3,155,-34.5" /></mjloggm>