<mjloggm ver="2.3"><GO type="169" lobby="0"/><UN n0="%E3%81%94%E3%83%BC%E3%81%A9%E3%82%93" n1="%6B%61%74%65%72%69%6E%61" n2="%2D%E8%B1%8A%E5%8F%A3%E3%82%81%E3%81%90%E3%81%BF%2D" n3="%E3%82%AB%E3%83%AB%E3%83%94%E3%82%B9%E3%82%B5%E3%83%AF%E3%83%BC" dan="16,16,17,17" rate="2105.98,2138.31,2168.16,2224.23" sx="M,M,F,M"/><TAIKYOKU oya="0"/><INIT seed="0,0,0,3,5,55" ten="250,250,250,250" oya="0" hai0="33,23,122,129,52,107,89,103,21,67,46,130,42" hai1="77,121,44,6,61,43,111,28,70,110,14,29,94" hai2="108,82,75,81,115,101,45,100,83,68,80,16,117" hai3="26,48,78,84,50,20,2,131,22,120,60,124,12"/><T123/><D33/><U32/><E121/><V71/><F115/><W5/><G2/><T128/><D67/><N who="1" m="41327" /><E32/><V95/><F108/><N who="1" m="41513" /><E77/><V51/><F117/><W39/><G39/><T126/><D126/><U34/><E34/><V127/><F127/><W0/><G0/><T3/><D3/><U69/><E69/><V85/><F71/><W74/><G74/><T135/><D135/><U58/><E94/><V38/><F38/><W88/><G78/><T36/><D89/><U102/><E102/><V10/><F68/><W9/><G124/><T1/><D1/><U4/><E58/><V24/><F95/><W86/><G120/><T72/><D72/><U134/><E134/><V133/><F133/><W7/><G84/><T8/><D122/><U118/><E118/><V41/><F75/><W62/><G5/><N who="1" m="2154" /><E14/><N who="2" m="7255" /><F24/><W64/><G26/><T125/><D125/><U11/><E11/><V53/><F41/><W27/><G27/><T76/><D123/><U66/><E66/><V105/><F105/><W13/><G64/><T25/><D107/><U87/><E87/><V47/><F47/><W15/><G9/><T106/><D8/><U73/><E73/><V79/><AGARI ba="0,0" hai="45,51,53,79,80,81,82,83,85,100,101" m="7255" machi="79" ten="30,2000,0" yaku="8,1,54,1" doraHai="55" who="2" fromWho="2" sc="250,-10,250,-5,250,20,250,-5" /><INIT seed="1,0,0,0,0,26" ten="240,245,270,245" oya="1" hai0="76,114,40,20,119,18,73,91,122,97,63,107,56" hai1="82,79,9,0,85,61,3,36,87,33,15,64,5" hai2="13,118,31,133,46,65,98,71,128,124,55,130,4" hai3="125,95,39,134,32,88,123,75,35,102,72,68,49"/><U57/><E33/><V83/><F118/><W41/><G123/><T24/><D114/><U30/><E36/><V78/><F124/><W74/><G68/><T8/><D119/><U77/><REACH who="1" step="1"/><E30/><REACH who="1" ten="240,235,270,245" step="2"/><V67/><F31/><W135/><G39/><T2/><D122/><U105/><E105/><V112/><F112/><W121/><G121/><T37/><D107/><U29/><E29/><V96/><F130/><W90/><G32/><T69/><D37/><U117/><E117/><V70/><F128/><W131/><G35/><T27/><D69/><U44/><E44/><V132/><F70/><W58/><G131/><T53/><D56/><U25/><E25/><V17/><F71/><W45/><G58/><T116/><D27/><U34/><E34/><V12/><F46/><W54/><G125/><T16/><D24/><U42/><E42/><V51/><F133/><N who="3" m="50699" /><G41/><T115/><D40/><U127/><E127/><V100/><F132/><W6/><G6/><T101/><D116/><U38/><E38/><V23/><F4/><W62/><G45/><T109/><D115/><U66/><E66/><V21/><F67/><W113/><G113/><T52/><D53/><U47/><E47/><V22/><F65/><W60/><G54/><T129/><D52/><U103/><E103/><V50/><F100/><W10/><G102/><T81/><D129/><U108/><E108/><V94/><F55/><W43/><G43/><T111/><D101/><U92/><E92/><V14/><F94/><W59/><G95/><T104/><D109/><U48/><E48/><N who="2" m="18475" /><F17/><N who="0" m="6762" /><D111/><U120/><E120/><V89/><F83/><AGARI ba="0,1" hai="0,3,5,9,15,57,61,64,77,79,82,83,85,87" machi="83" ten="40,7700,0" yaku="1,1,6,1,9,1,53,0" doraHai="26" doraHaiUra="99" who="1" fromWho="2" sc="240,0,235,87,270,-77,245,0" /><INIT seed="1,1,0,3,2,102" ten="240,322,193,245" oya="1" hai0="82,67,42,53,135,122,5,95,104,16,92,65,130" hai1="51,12,8,99,11,63,33,27,93,17,114,34,35" hai2="39,73,90,18,6,134,59,115,10,45,80,46,101" hai3="25,84,123,57,66,40,71,118,133,107,91,20,19"/><U48/><E114/><V72/><F134/><W43/><G123/><T36/><D135/><U50/><E63/><V28/><F115/><W64/><G133/><T61/><D122/><U7/><E27/><V49/><F28/><W62/><G118/><T47/><D130/><U86/><E86/><V23/><F101/><W106/><G66/><T3/><D67/><U38/><E38/><V30/><F30/><W109/><G109/><T128/><D128/><U116/><E116/><V120/><F120/><W41/><REACH who="3" step="1"/><G71/><REACH who="3" ten="240,322,193,235" step="2"/><T83/><D65/><U110/><E110/><V75/><F75/><W55/><G55/><T87/><D53/><U58/><E58/><V4/><F73/><W21/><G21/><T108/><D108/><U13/><REACH who="1" step="1"/><E35/><REACH who="1" ten="240,312,193,235" step="2"/><V113/><F59/><W74/><G74/><T81/><D87/><U14/><E14/><V121/><F72/><W111/><G111/><T78/><D3/><U1/><E1/><V94/><F121/><W52/><G52/><T79/><D79/><U15/><E15/><V32/><F32/><W56/><G56/><T31/><D78/><U119/><E119/><V77/><F113/><W37/><G37/><T100/><D36/><U117/><E117/><V60/><F39/><W88/><G88/><AGARI ba="1,2" hai="7,8,11,12,13,17,33,34,48,50,51,88,93,99" machi="88" ten="40,3900,0" yaku="1,1,54,1,53,0" doraHai="102" doraHaiUra="126" who="1" fromWho="3" sc="240,0,312,62,193,0,235,-42" /><INIT seed="1,2,0,2,0,112" ten="240,374,193,193" oya="1" hai0="55,83,53,31,109,18,37,50,103,29,32,117,78" hai1="57,131,111,94,14,10,63,69,51,91,3,115,56" hai2="89,96,15,41,17,2,128,61,72,64,46,0,54" hai3="12,44,81,47,38,134,7,85,104,88,65,123,49"/><U11/><E115/><V95/><F72/><W71/><G123/><T39/><D109/><U52/><E131/><V90/><F128/><W13/><G104/><T76/><D83/><U129/><E129/><V93/><F54/><W108/><G108/><T24/><D103/><U114/><E114/><V107/><F107/><W5/><G134/><T119/><D18/><U23/><E111/><V120/><F120/><W20/><G38/><T97/><D97/><U79/><E69/><V25/><F25/><W43/><G47/><T87/><D87/><N who="1" m="52607" /><E79/><V126/><F126/><W34/><G34/><T116/><D29/><U27/><E3/><V122/><F122/><W75/><G75/><T48/><D39/><U113/><E113/><V36/><F15/><N who="3" m="5707" /><G71/><T21/><D32/><U35/><E35/><V67/><F17/><W130/><G130/><T84/><D37/><U66/><E14/><V80/><F80/><W105/><G105/><T22/><D84/><U9/><E11/><V133/><F133/><W16/><G65/><T118/><N who="0" m="29696" /><DORA hai="45" /><T100/><D100/><U99/><E99/><V70/><REACH who="2" step="1"/><F67/><REACH who="2" ten="240,374,183,193" step="2"/><W4/><G5/><T1/><D53/><U110/><E110/><V121/><F121/><W58/><G58/><T86/><D55/><U33/><E33/><V8/><F8/><W6/><G4/><T19/><D1/><U73/><E73/><V127/><F127/><W60/><G60/><T68/><D24/><AGARI ba="2,1" hai="6,7,16,20,24,43,44,49,81,85,88" m="5707" machi="24" ten="30,7700,0" yaku="8,1,52,1,54,2" doraHai="112,45" who="3" fromWho="0" sc="240,-83,374,0,183,0,193,93" /><INIT seed="2,0,0,4,4,0" ten="157,374,183,286" oya="2" hai0="31,10,79,107,95,26,121,60,90,30,14,123,99" hai1="58,86,127,120,89,96,42,49,114,23,55,72,111" hai2="101,13,132,130,93,9,4,77,5,118,50,119,100" hai3="129,41,103,80,124,128,108,48,40,65,82,53,34"/><V3/><F77/><W67/><G34/><T85/><D107/><U62/><E114/><V94/><F50/><W38/><G103/><T117/><D117/><U35/><E35/><V1/><F13/><W81/><G108/><T12/><D31/><U125/><E111/><V7/><F9/><W63/><G124/><N who="1" m="47690" /><E72/><V115/><F132/><W133/><G133/><T29/><D29/><U15/><E96/><V116/><F130/><N who="3" m="50283" /><G38/><T113/><D12/><U47/><E120/><V64/><F64/><N who="3" m="24651" /><G63/><T69/><D60/><U25/><E15/><V32/><F32/><W22/><G22/><T68/><D14/><U98/><E98/><V92/><REACH who="2" step="1"/><F115/><REACH who="2" ten="157,374,173,286" step="2"/><W70/><G70/><T37/><D69/><U110/><E110/><V18/><F18/><W46/><AGARI ba="0,1" hai="40,41,46,48,53,80,81,82" m="24651,50283" machi="46" ten="40,1500,0" yaku="19,1" doraHai="0" who="3" fromWho="3" sc="157,-4,374,-4,173,-7,286,25" /><INIT seed="3,0,0,0,0,55" ten="153,370,166,311" oya="3" hai0="11,26,72,130,73,30,29,124,53,3,33,92,123" hai1="128,93,63,67,27,127,58,66,34,59,8,114,121" hai2="7,14,108,17,104,100,13,32,46,87,10,106,35" hai3="16,54,62,86,9,15,71,80,20,48,44,101,49"/><W120/><G120/><T70/><D123/><U18/><E114/><V1/><F108/><W126/><G126/><T77/><D124/><U38/><E127/><V119/><F119/><W12/><G101/><T5/><D130/><U31/><E128/><V113/><F113/><W97/><G97/><T68/><D73/><U129/><E129/><V118/><F118/><W78/><G71/><T99/><D30/><U84/><E38/><V41/><F1/><W95/><G95/><T131/><D131/><U2/><E121/><V82/><F104/><W74/><G74/><T56/><D77/><U134/><E134/><V115/><F100/><W98/><G98/><T40/><D40/><U24/><E24/><V91/><F106/><W85/><G85/><T37/><D37/><U76/><E2/><V65/><F65/><W42/><G62/><T75/><D70/><U122/><E122/><V110/><F110/><W105/><G105/><T45/><D45/><U23/><E34/><V0/><F0/><W109/><G109/><T43/><D43/><U79/><E93/><V61/><F61/><W111/><G111/><T89/><REACH who="0" step="1"/><D68/><REACH who="0" ten="143,370,166,311" step="2"/><U96/><E79/><V28/><F28/><W102/><G102/><T116/><D116/><U36/><E36/><N who="2" m="21799" /><F115/><W19/><REACH who="3" step="1"/><G54/><REACH who="3" ten="143,370,166,301" step="2"/><T69/><D69/><U60/><E67/><V133/><F133/><W135/><G135/><T117/><D117/><U125/><E66/><V107/><F107/><W47/><G47/><T132/><D132/><U39/><E125/><V88/><F91/><W94/><G94/><T90/><D90/><U81/><E76/><RYUUKYOKU ba="0,2" sc="143,10,370,-30,166,10,301,10" hai0="3,5,11,26,29,33,53,56,72,75,89,92,99" hai2="7,10,13,14,17,32,35,82,87,88" hai3="9,12,15,16,19,20,42,44,48,49,78,80,86" /><INIT seed="3,1,2,2,1,63" ten="153,340,176,311" oya="3" hai0="99,34,101,82,88,29,102,133,73,43,53,130,61" hai1="18,21,52,39,112,125,98,56,49,1,97,128,46" hai2="131,8,14,38,31,126,100,76,62,81,54,44,107" hai3="64,117,41,87,5,129,86,66,35,104,6,68,10"/><W105/><G117/><T71/><D130/><U26/><E112/><V113/><F113/><W32/><G10/><T12/><D133/><U111/><E111/><V83/><F131/><W47/><G129/><T120/><D120/><U110/><E128/><V94/><F107/><W119/><G119/><T33/><D43/><U106/><E110/><V134/><F134/><W95/><G41/><T80/><D53/><U24/><E1/><V93/><F31/><W124/><G95/><T0/><D0/><U70/><E70/><V115/><F115/><W27/><G68/><T89/><D12/><U37/><E125/><V20/><F20/><W2/><G2/><T13/><D13/><U77/><E77/><V28/><F28/><W74/><G47/><T40/><D40/><U116/><E116/><V75/><F38/><W121/><G27/><T92/><D102/><U72/><E72/><V67/><F100/><W135/><G135/><T4/><D4/><U79/><E79/><V58/><F126/><W50/><G124/><T96/><D89/><U30/><E46/><V57/><F83/><W36/><G74/><T65/><D73/><U108/><E108/><V123/><F123/><W132/><G132/><T91/><D91/><U9/><E9/><V25/><F25/><W122/><G50/><T78/><D78/><U60/><E49/><N who="2" m="30927" /><F44/><W15/><G15/><T23/><D23/><N who="1" m="13431" /><E106/><V114/><F114/><W45/><G45/><T85/><D80/><U48/><E48/><V11/><F11/><W90/><G90/><N who="0" m="55319" /><D29/><U16/><E30/><V19/><F75/><W59/><G36/><AGARI ba="1,2" hai="16,21,26,36,37,39,52,56,60,97,98" m="13431" machi="36" ten="30,3900,0" yaku="6,1,54,2" doraHai="63" who="1" fromWho="3" sc="153,0,340,62,176,0,311,-42" /><INIT seed="4,0,0,5,5,104" ten="153,402,176,269" oya="0" hai0="80,124,122,32,65,56,41,71,19,83,44,118,27" hai1="18,66,73,21,69,7,6,87,94,2,14,38,3" hai2="28,77,13,1,47,45,106,15,34,121,31,125,133" hai3="37,59,88,84,123,100,95,86,101,81,26,20,40"/><T105/><D118/><U114/><E38/><V72/><F106/><W129/><G129/><T109/><D122/><U53/><E114/><V98/><F1/><W48/><G37/><T54/><D124/><U9/><E53/><V60/><F121/><W135/><G135/><T107/><D109/><U103/><E66/><V39/><F98/><W85/><G123/><T50/><D107/><U49/><E69/><V8/><F133/><W74/><G74/><T12/><D105/><U11/><E73/><V112/><F112/><W134/><G134/><T132/><D132/><U97/><E49/><V51/><F34/><W119/><G119/><T115/><D115/><U22/><E87/><V108/><F108/><W25/><G25/><T82/><D32/><U4/><E4/><V30/><F60/><W76/><G85/><T127/><D127/><U126/><E22/><V29/><F125/><AGARI ba="0,0" hai="2,3,6,7,9,11,14,18,21,94,97,103,125,126" machi="125" ten="40,1300,0" yaku="9,1" doraHai="104" who="1" fromWho="2" sc="153,0,402,13,176,-13,269,0" /><INIT seed="5,0,0,2,4,23" ten="153,415,163,269" oya="1" hai0="81,98,85,80,96,45,95,57,9,10,125,90,71" hai1="11,39,133,123,28,116,62,44,24,109,16,33,2" hai2="17,0,126,51,50,20,3,26,8,6,67,104,130" hai3="61,21,72,100,99,82,54,40,60,73,48,42,27"/><U12/><E116/><V129/><F104/><W47/><G60/><T31/><D71/><U79/><E123/><V59/><F0/><W135/><G135/><T63/><D125/><U68/><E133/><V41/><F126/><W19/><G61/><T56/><D31/><U124/><E124/><V84/><F67/><W77/><REACH who="3" step="1"/><G72/><REACH who="3" ten="153,415,163,259" step="2"/><T88/><D63/><U113/><E62/><V29/><F130/><W66/><G66/><T118/><D118/><U30/><E68/><V86/><F129/><W93/><AGARI ba="0,1" hai="19,21,27,40,42,47,48,54,73,77,82,93,99,100" machi="93" ten="20,5200,0" yaku="1,1,0,1,7,1,52,1,53,0" doraHai="23" doraHaiUra="119" who="3" fromWho="3" sc="153,-13,415,-26,163,-13,259,62" /><INIT seed="6,0,0,5,3,85" ten="140,389,150,321" oya="2" hai0="129,2,125,81,123,75,65,74,102,93,84,87,8" hai1="46,122,118,128,12,39,90,110,107,16,131,105,11" hai2="86,124,13,101,78,21,96,116,121,63,95,73,114" hai3="0,92,132,111,126,60,33,57,62,44,26,64,55"/><V120/><F116/><W79/><G111/><T71/><D71/><U83/><E110/><V52/><F73/><N who="0" m="27658" /><D65/><U113/><E113/><V20/><F114/><W115/><G115/><T5/><D123/><U89/><E122/><V80/><F124/><W27/><G0/><T45/><D45/><U53/><E118/><V31/><F21/><W25/><G126/><T41/><D41/><N who="1" m="22847" /><E83/><V66/><F52/><W47/><G132/><T32/><D32/><U17/><E17/><V103/><F103/><W1/><G1/><T7/><D125/><U9/><E53/><V104/><F104/><N who="1" m="40009" /><E9/><V88/><F78/><W14/><G33/><T77/><D7/><U22/><E22/><V100/><F100/><W127/><G127/><T23/><D23/><U98/><E98/><V94/><F80/><W18/><G92/><T10/><D10/><U37/><E37/><V56/><F13/><W29/><G29/><T6/><D6/><U35/><E35/><V43/><F43/><W49/><G79/><T54/><D54/><U109/><E109/><V15/><F15/><W135/><G135/><T69/><D102/><U72/><E72/><V133/><F133/><W36/><G36/><T91/><D69/><U59/><E59/><V34/><F34/><W48/><G60/><T3/><D3/><U58/><E58/><V42/><F42/><N who="3" m="24599" /><G14/><T4/><D4/><U24/><E24/><AGARI ba="0,0" hai="20,24,31,56,63,66,86,88,94,95,96,101,120,121" machi="24" ten="40,12000,1" yaku="25,2,52,1,54,1" doraHai="85" who="2" fromWho="1" sc="140,0,389,-120,150,120,321,0" /><INIT seed="6,1,0,5,5,31" ten="140,269,270,321" oya="2" hai0="112,12,3,25,41,101,124,10,54,83,95,19,128" hai1="89,76,108,59,97,113,34,132,28,121,24,50,82" hai2="48,33,134,115,23,118,102,106,69,44,36,49,105" hai3="2,61,29,32,4,123,125,1,107,96,77,70,26"/><V85/><F118/><W13/><G123/><T88/><D128/><U120/><E108/><V133/><F69/><W14/><G125/><T91/><D112/><U66/><E113/><V37/><F115/><W27/><G77/><T110/><D110/><U55/><E132/><V126/><F126/><W22/><G107/><T73/><D124/><U111/><E111/><V38/><F23/><W9/><G96/><T90/><D3/><N who="3" m="1033" /><G61/><T11/><D41/><U15/><E66/><V21/><F21/><W8/><G70/><T7/><D54/><U78/><E15/><N who="3" m="5642" /><G4/><T17/><D11/><U117/><E117/><V5/><F5/><W98/><G98/><T87/><D25/><U122/><E97/><V6/><F6/><W114/><G114/><T56/><D56/><U53/><E53/><V64/><F85/><AGARI ba="1,0" hai="24,28,34,50,55,59,76,78,82,85,89,120,121,122" machi="85" ten="40,2600,0" yaku="13,1,52,1" doraHai="31" who="1" fromWho="2" sc="140,0,269,29,270,-29,321,0" /><INIT seed="7,0,0,4,1,92" ten="140,298,241,321" oya="3" hai0="48,71,27,68,81,47,37,25,12,117,86,40,115" hai1="131,64,14,59,94,87,129,102,50,96,124,42,93" hai2="20,105,133,63,98,74,21,18,33,58,3,22,35" hai3="90,134,56,83,128,123,78,73,26,99,70,127,28"/><W77/><G123/><T24/><D117/><U100/><E124/><V39/><F39/><W54/><G70/><T132/><D132/><U75/><E75/><V110/><F110/><W4/><G134/><T97/><D37/><U89/><E102/><V101/><F133/><W17/><G127/><T55/><D71/><U8/><E42/><V118/><F118/><W30/><G128/><N who="1" m="49226" /><E50/><V31/><F3/><W34/><G4/><T69/><D115/><U43/><E43/><V53/><F74/><W103/><G77/><T135/><D135/><U122/><E122/><V9/><F31/><W109/><G109/><T0/><D0/><U36/><E36/><V57/><F57/><W67/><G67/><T126/><D126/><U7/><E59/><V6/><F6/><W104/><G90/><T13/><D68/><U38/><E38/><V66/><F53/><W52/><G28/><T2/><D2/><U1/><E14/><V45/><F45/><W125/><G125/><T15/><D69/><U46/><E46/><V82/><F82/><W85/><G73/><T106/><D106/><U65/><AGARI ba="0,0" hai="1,7,8,64,65,87,89,93,94,96,100" m="49226" machi="65" ten="30,2000,0" yaku="19,1,52,1" doraHai="92" who="1" fromWho="1" sc="140,-5,298,20,241,-5,321,-10" owari="135,-36.5,318,41.8,236,-16.4,311,11.1" /></mjloggm>