<mjloggm ver="2.3"><GO type="169" lobby="0"/><UN n0="%E3%81%97%E3%82%83%E3%82%93%E3%81%8A%E3%81%98" n1="%E3%81%A9%E3%82%93%E3%81%9F%E3%82%83%E3%82%93" n2="%E9%95%B7%E5%A4%A7%E3%82%92%E5%87%BA%E3%81%9F%E3%81%91%E3%82%8C%E3%81%A9" n3="%62%73%64%5F%33" dan="17,16,16,17" rate="2169.03,2170.32,2180.00,2112.16" sx="F,F,M,F"/><TAIKYOKU oya="0"/><INIT seed="0,0,0,4,0,32" ten="250,250,250,250" oya="0" hai0="93,0,25,88,94,71,21,85,56,49,122,6,70" hai1="5,76,95,12,117,79,132,129,106,110,23,63,1" hai2="2,4,101,44,104,34,11,59,91,57,65,51,103" hai3="128,3,8,46,114,107,18,7,20,66,135,29,58"/><T22/><D122/><U13/><E106/><V74/><F34/><W133/><G107/><T121/><D121/><U75/><E117/><V10/><F74/><W119/><G119/><T125/><D125/><U69/><E110/><V52/><F11/><W37/><G114/><T108/><D108/><U131/><E132/><N who="3" m="50762" /><G37/><T78/><D78/><U61/><E95/><V47/><F91/><W19/><G66/><T73/><D73/><U111/><E111/><V24/><F24/><N who="3" m="16519" /><G58/><T38/><D38/><U35/><E35/><V98/><REACH who="2" step="1"/><F103/><REACH who="2" ten="250,250,240,250" step="2"/><W16/><G46/><T112/><D112/><U36/><E75/><V60/><AGARI ba="0,1" hai="2,4,10,44,47,51,52,57,59,60,65,98,101,104" machi="60" ten="30,8000,1" yaku="1,1,2,1,0,1,52,1,54,1,53,0" doraHai="32" doraHaiUra="105" who="2" fromWho="2" sc="250,-40,250,-20,240,90,250,-20" /><INIT seed="1,0,0,3,3,22" ten="210,230,330,230" oya="1" hai0="134,64,29,27,16,32,103,127,130,69,128,72,133" hai1="70,48,42,26,90,31,49,8,93,123,52,79,24" hai2="92,126,87,111,53,45,57,55,132,1,116,20,63" hai3="46,36,19,124,109,7,100,62,34,105,66,68,39"/><U112/><E112/><V18/><F1/><W125/><G34/><T95/><D72/><U85/><E123/><V41/><F116/><W113/><G113/><T118/><D118/><U73/><E70/><V82/><F111/><W104/><G109/><T15/><D103/><U89/><E31/><V33/><F33/><W23/><G7/><T119/><D95/><N who="1" m="54703" /><E79/><V80/><F132/><N who="0" m="50794" /><D119/><U78/><E78/><V74/><F126/><N who="3" m="48747" /><G100/><T37/><D37/><N who="3" m="14409" /><G46/><T110/><D110/><U108/><E73/><V83/><F74/><W17/><G17/><T117/><D117/><U135/><E135/><V88/><F53/><W11/><G11/><N who="0" m="6271" /><D127/><U25/><E108/><V50/><REACH who="2" step="1"/><F80/><REACH who="2" ten="210,230,320,230" step="2"/><W71/><G71/><T106/><D106/><U98/><E42/><V96/><F96/><W54/><G54/><T99/><D99/><U76/><E76/><V47/><F47/><W2/><G2/><T13/><D13/><AGARI ba="0,1" hai="13,18,20,41,45,50,55,57,63,82,83,87,88,92" machi="13" ten="30,7700,0" yaku="1,1,7,1,8,1,54,1,53,0" doraHai="22" doraHaiUra="5" who="2" fromWho="0" sc="210,-77,230,0,320,87,230,0" /><AGARI ba="0,0" hai="13,19,23,62,66,68,104,105" m="14409,48747" machi="13" ten="30,1000,0" yaku="18,1" doraHai="22" who="3" fromWho="0" sc="133,-10,230,0,407,0,230,10" /><INIT seed="2,0,0,2,1,3" ten="123,230,407,240" oya="2" hai0="105,118,114,123,110,52,119,11,65,15,47,27,84" hai1="104,85,102,10,9,127,128,53,86,4,109,82,13" hai2="7,18,74,54,62,34,134,29,42,129,61,107,75" hai3="94,95,89,0,36,33,68,132,51,38,44,70,96"/><V73/><F107/><W1/><G33/><T78/><D105/><U43/><E109/><V14/><F134/><W97/><G132/><T58/><D114/><U23/><E127/><V117/><F129/><W26/><G26/><T59/><D123/><U49/><E128/><V81/><F117/><N who="0" m="44554" /><D110/><U46/><E23/><V32/><F42/><W55/><G0/><T19/><D65/><U111/><E111/><V69/><F29/><W121/><G121/><T31/><D78/><U64/><E64/><V2/><F81/><W17/><G17/><T67/><D84/><U5/><E82/><V80/><F80/><W72/><G1/><T83/><D83/><U101/><E43/><V135/><F69/><W93/><G93/><T125/><D67/><U88/><E104/><V133/><F54/><W25/><G25/><T35/><D125/><U106/><E106/><V20/><F135/><W112/><G112/><T24/><D27/><U100/><REACH who="1" step="1"/><E88/><REACH who="1" ten="123,220,407,240" step="2"/><V28/><F133/><W39/><G72/><T8/><D8/><U56/><E56/><V87/><F87/><W116/><REACH who="3" step="1"/><G116/><REACH who="3" ten="123,220,407,230" step="2"/><T22/><D35/><U77/><E77/><V50/><F32/><W92/><G92/><T57/><D47/><U131/><E131/><V103/><F34/><W130/><G130/><T48/><AGARI ba="0,2" hai="11,15,19,22,24,31,48,52,57,58,59" m="44554" machi="48" ten="30,2000,0" yaku="12,1,54,1" doraHai="3" who="0" fromWho="0" sc="123,40,220,-5,407,-10,230,-5" /><INIT seed="3,0,0,2,4,19" ten="163,215,397,225" oya="3" hai0="97,71,61,98,128,92,57,120,45,56,122,46,113" hai1="108,51,28,115,133,69,48,52,50,9,3,91,101" hai2="44,17,43,112,130,62,109,31,15,89,74,86,68" hai3="10,105,131,4,14,132,81,34,25,41,116,104,85"/><W82/><G116/><T123/><D128/><U114/><E69/><V42/><F74/><W111/><G131/><T38/><D113/><U13/><E3/><V18/><F109/><W40/><G132/><T26/><D71/><U55/><E108/><V93/><F31/><W11/><G111/><T117/><D117/><U99/><E133/><V7/><F112/><W106/><G82/><T27/><D38/><U12/><E91/><V126/><F126/><W87/><G87/><T72/><D72/><U77/><E77/><V125/><F125/><W124/><G124/><T20/><D26/><U35/><E114/><V96/><F96/><W21/><G11/><T59/><D61/><U30/><E115/><V127/><F7/><W47/><G47/><T84/><D84/><U78/><E78/><V0/><F18/><W54/><G54/><N who="1" m="20522" /><E35/><V75/><F0/><W39/><G39/><T66/><D66/><U29/><E9/><V58/><F68/><W70/><G34/><T129/><D98/><U121/><E121/><V67/><F75/><W36/><G36/><T5/><D5/><U53/><N who="1" m="20530" /><U95/><AGARI ba="0,0" hai="12,13,28,29,30,48,50,51,95,99,101" m="20530" machi="95" ten="40,5200,0" yaku="4,1,8,1,54,1" doraHai="19" who="1" fromWho="1" sc="163,-13,215,52,397,-13,225,-26" /><INIT seed="4,0,0,1,2,73" ten="150,267,384,199" oya="0" hai0="81,12,27,13,132,102,120,63,65,25,122,33,55" hai1="109,111,115,133,80,75,95,21,60,103,101,96,93" hai2="38,16,76,18,11,135,35,90,118,8,67,20,41" hai3="86,100,9,3,61,83,43,99,116,113,34,29,44"/><T121/><D132/><U5/><E5/><V107/><F107/><W1/><G116/><T37/><D37/><U127/><E60/><V59/><F35/><W131/><G113/><T71/><D55/><U51/><E51/><V49/><F118/><W124/><G124/><T88/><D102/><N who="1" m="60687" /><E21/><V108/><F90/><W126/><G131/><T134/><D134/><U52/><E52/><N who="2" m="32143" /><F38/><W30/><G126/><T24/><REACH who="0" step="1"/><D33/><REACH who="0" ten="140,267,384,199" step="2"/><U57/><E133/><V10/><F135/><W91/><G34/><T87/><AGARI ba="0,1" hai="12,13,24,25,27,63,65,71,81,87,88,120,121,122" machi="87" ten="40,12000,1" yaku="1,1,2,1,0,1,54,1,53,0" doraHai="73" doraHaiUra="104" who="0" fromWho="0" sc="140,130,267,-40,384,-40,199,-40" /><INIT seed="4,1,0,5,0,70" ten="270,227,344,159" oya="0" hai0="127,30,124,40,20,116,102,22,96,88,98,83,93" hai1="81,90,92,123,63,19,94,117,33,135,67,132,0" hai2="9,23,1,104,18,82,73,128,61,3,99,34,41" hai3="59,129,105,36,64,44,13,51,2,62,42,113,112"/><T16/><D116/><U52/><E117/><V72/><F128/><W75/><G2/><T5/><D5/><U6/><E123/><V126/><F23/><W121/><G105/><T80/><D40/><U55/><E33/><V58/><F18/><W122/><G75/><T28/><D22/><U32/><E32/><V46/><F126/><N who="0" m="48170" /><D80/><U107/><E107/><V133/><F58/><W84/><G84/><N who="0" m="50207" /><D96/><N who="1" m="57367" /><E19/><V48/><F34/><W125/><G13/><AGARI ba="1,0" hai="13,16,20,28,30,93,98,102" m="50207,48170" machi="13" ten="30,5800,0" yaku="18,1,54,2" doraHai="70" who="0" fromWho="3" sc="270,61,227,0,344,0,159,-61" /><INIT seed="4,2,0,2,4,132" ten="331,227,344,98" oya="0" hai0="11,60,57,4,89,49,13,96,53,78,64,19,43" hai1="106,3,102,23,10,88,58,129,70,15,109,9,117" hai2="54,66,133,47,119,55,114,100,125,48,130,115,103" hai3="29,0,95,39,135,63,116,93,27,112,30,33,111"/><T69/><D78/><U72/><E70/><V51/><F133/><W82/><G39/><T62/><D43/><U120/><E120/><V90/><F130/><W59/><G116/><T14/><D96/><U97/><E109/><V92/><F119/><W108/><G135/><T5/><D89/><U118/><E72/><V84/><F66/><W127/><G0/><T68/><D4/><U24/><E129/><V61/><F61/><W123/><G123/><T31/><D31/><U81/><E58/><V128/><F128/><W113/><G82/><T21/><REACH who="0" step="1"/><D60/><REACH who="0" ten="321,227,344,98" step="2"/><U25/><E88/><V76/><F76/><W17/><G111/><T104/><D104/><U28/><E97/><V44/><F103/><W18/><G108/><T22/><D22/><U46/><E23/><V65/><F100/><W98/><G98/><T45/><AGARI ba="2,1" hai="5,11,13,14,19,21,45,49,53,57,62,64,68,69" machi="45" ten="20,3900,0" yaku="1,1,0,1,7,1,53,0" doraHai="132" doraHaiUra="122" who="0" fromWho="0" sc="321,55,227,-15,344,-15,98,-15" /><INIT seed="4,3,0,5,0,81" ten="376,212,329,83" oya="0" hai0="131,115,27,111,70,64,112,5,58,1,55,57,89" hai1="30,117,94,90,38,32,78,37,129,114,4,120,80" hai2="42,63,46,66,85,39,3,36,20,13,15,34,0" hai3="26,98,133,121,59,49,35,118,17,102,84,88,134"/><T23/><D131/><U24/><E117/><V109/><F15/><W108/><G108/><T25/><D111/><U106/><E120/><V123/><F13/><W135/><G118/><T77/><D77/><U47/><E129/><V74/><F20/><N who="3" m="13583" /><G35/><T132/><D132/><N who="3" m="33793" /><W73/><DORA hai="45" /><G73/><T119/><D119/><U40/><E114/><N who="0" m="43561" /><D70/><U124/><E124/><V52/><F123/><W83/><G121/><T29/><D64/><U54/><E106/><V53/><F74/><W92/><G59/><T50/><D27/><U79/><E4/><V76/><F39/><W31/><G31/><T65/><D5/><U9/><E9/><V10/><F34/><W130/><G130/><T96/><D1/><U11/><E11/><V62/><F10/><W126/><G49/><T2/><D2/><U69/><E69/><V67/><F109/><W51/><G51/><T41/><D41/><U91/><E37/><V7/><F7/><W87/><G87/><T93/><D65/><U43/><E43/><V82/><F0/><W99/><G99/><T95/><D95/><U56/><E56/><AGARI ba="3,0" hai="23,25,29,50,55,56,57,58,89,93,96" m="43561" machi="56" ten="30,2900,0" yaku="15,1,52,1" doraHai="81,45" who="0" fromWho="1" sc="376,38,212,-38,329,0,83,0" /><INIT seed="4,4,0,4,0,111" ten="414,174,329,83" oya="0" hai0="128,107,14,66,103,9,83,41,114,113,93,22,97" hai1="17,73,85,90,132,127,86,54,88,99,3,0,16" hai2="20,2,38,118,45,126,35,96,19,79,47,133,134" hai3="43,61,100,55,5,53,89,67,80,26,74,70,64"/><T135/><D135/><U116/><E132/><V49/><F35/><W42/><G5/><T37/><D128/><U117/><E99/><V23/><F2/><W122/><G100/><T119/><D119/><U34/><E34/><V12/><F126/><W44/><G26/><T7/><D66/><U131/><E54/><N who="3" m="20490" /><G89/><T124/><D124/><U31/><E127/><V92/><F38/><N who="3" m="21591" /><G80/><T82/><D41/><U32/><E32/><V27/><F49/><W94/><G94/><T25/><D37/><U108/><E108/><V18/><F118/><W106/><G74/><T98/><D82/><U51/><E51/><V71/><F71/><N who="3" m="42383" /><G106/><T46/><D83/><U28/><E73/><V50/><F79/><W120/><G120/><T10/><D46/><U39/><E39/><V62/><F134/><W65/><G122/><T81/><D81/><U77/><E77/><V75/><F75/><W115/><G115/><N who="0" m="44043" /><D10/><U13/><E13/><V56/><F133/><W129/><G129/><AGARI ba="4,0" hai="0,3,16,17,28,31,85,86,88,90,116,117,129,131" machi="129" ten="25,6400,0" yaku="22,2,54,2" doraHai="111" who="1" fromWho="3" sc="414,0,174,76,329,0,83,-76" /><INIT seed="5,0,0,2,3,53" ten="414,250,329,7" oya="1" hai0="64,89,78,42,97,135,57,37,17,18,63,79,24" hai1="98,22,2,60,114,69,65,74,124,32,40,110,96" hai2="88,109,43,77,133,83,130,111,66,101,30,86,121" hai3="1,13,12,4,107,45,54,80,122,118,29,120,27"/><U61/><E32/><V55/><F121/><N who="3" m="46699" /><G107/><T0/><D0/><U58/><E74/><V51/><F133/><W50/><G80/><T72/><D135/><U128/><E2/><V75/><F130/><W44/><G54/><T131/><D131/><U105/><E128/><V49/><F30/><W31/><G50/><T119/><D119/><U6/><E6/><V127/><F127/><W95/><G95/><N who="0" m="56559" /><D72/><U82/><E124/><V85/><F66/><W46/><G27/><T16/><D37/><U102/><E114/><V34/><F34/><W47/><N who="3" m="11264" /><DORA hai="125" /><W39/><G1/><T73/><D73/><U112/><E112/><V35/><F43/><W94/><G94/><T91/><D42/><U20/><E40/><V93/><F49/><W11/><G4/><T67/><D67/><U48/><E48/><V129/><F35/><W134/><G11/><T132/><D132/><U106/><E110/><V25/><F129/><W38/><G134/><T108/><D108/><U19/><E82/><V28/><F101/><W117/><G31/><T10/><D10/><U87/><E87/><V14/><F14/><N who="3" m="5739" /><G29/><T103/><D103/><U126/><E126/><V116/><F75/><W9/><G9/><T92/><D24/><U33/><E33/><V36/><F25/><W26/><G26/><T100/><D100/><U56/><E105/><V15/><F28/><W113/><G113/><T21/><D21/><U84/><E84/><AGARI ba="0,0" hai="16,17,18,57,63,64,78,79,84,91,92" m="56559" machi="84" ten="30,3900,0" yaku="8,1,52,1,54,1" doraHai="53,125" who="0" fromWho="1" sc="414,39,250,-39,329,0,7,0" /><INIT seed="6,0,0,1,1,121" ten="453,211,329,7" oya="2" hai0="49,126,37,134,85,71,90,100,58,26,14,57,4" hai1="131,112,125,135,129,104,11,89,40,96,107,116,62" hai2="28,24,0,10,42,65,61,94,113,38,106,81,73" hai3="124,87,127,91,13,70,5,67,22,117,122,101,9"/><V75/><F106/><N who="1" m="40489" /><E40/><V34/><F113/><W17/><G122/><T123/><D71/><U56/><E56/><V114/><F94/><W79/><G117/><T119/><D37/><U32/><E62/><V109/><F114/><W59/><G70/><T77/><D134/><U69/><E11/><V51/><F51/><W18/><G101/><T43/><D100/><U78/><E32/><V84/><F38/><W46/><G79/><T86/><D77/><U6/><E6/><V105/><F42/><W3/><G46/><T82/><D126/><N who="3" m="48169" /><G18/><T93/><D123/><U19/><E125/><V132/><F105/><W36/><G36/><T68/><D68/><U60/><E112/><V102/><F102/><W20/><G20/><T108/><D26/><U41/><E19/><V27/><F27/><W98/><G98/><T115/><D119/><U120/><E116/><V103/><F103/><W63/><G87/><T35/><D35/><U21/><E120/><V2/><F10/><W31/><G91/><T55/><D43/><U7/><E41/><V74/><F132/><W45/><G45/><T52/><D115/><U29/><E135/><V16/><F16/><W15/><G31/><T118/><D118/><U128/><E78/><V33/><F33/><W8/><G8/><N who="0" m="4359" /><D85/><U25/><E69/><N who="2" m="42159" /><F84/><W80/><G80/><T54/><D82/><U47/><E131/><V133/><F133/><W97/><G97/><T111/><D55/><U92/><E129/><V23/><F23/><W95/><G95/><T1/><D1/><N who="2" m="618" /><F81/><W39/><G39/><T53/><D49/><U30/><E21/><RYUUKYOKU ba="0,0" sc="453,10,211,-30,329,10,7,10" hai0="52,53,54,57,58,86,90,93,108,111" hai2="24,28,34,73,74,75,109" hai3="3,5,9,13,15,17,22,59,63,67" /><INIT seed="6,1,0,2,5,130" ten="463,181,339,17" oya="2" hai0="132,87,91,47,56,14,36,19,9,17,2,74,107" hai1="94,84,120,27,5,46,101,7,61,110,103,31,37" hai2="52,88,72,50,25,57,15,124,96,29,8,6,66" hai3="38,40,83,3,32,24,115,42,55,104,60,12,97"/><V119/><F119/><W75/><G3/><T133/><D74/><U45/><E110/><V129/><F72/><W125/><G125/><T126/><D107/><U13/><E120/><V53/><F129/><W22/><G38/><T28/><D126/><U1/><E1/><V71/><F124/><W121/><G121/><T21/><D28/><U26/><E61/><V10/><F71/><W128/><G128/><T78/><D78/><U90/><E13/><V43/><F10/><W73/><G32/><T70/><D70/><U44/><E37/><V102/><F43/><W114/><G12/><T116/><D116/><U109/><E109/><V113/><F113/><N who="3" m="43019" /><G55/><T127/><D127/><U33/><E26/><V108/><F108/><W106/><G60/><T82/><D56/><U68/><E68/><V105/><F53/><W93/><G75/><T41/><D19/><U65/><E65/><V48/><F66/><W63/><G63/><T81/><D81/><U118/><E118/><V135/><F50/><W64/><G64/><T76/><D76/><U59/><E59/><V20/><REACH who="2" step="1"/><F88/><REACH who="2" ten="463,181,329,17" step="2"/><N who="3" m="55463" /><G42/><T134/><D2/><U98/><E103/><V77/><F77/><N who="3" m="44463" /><G40/><T11/><AGARI ba="1,1" hai="9,11,14,17,21,36,41,47,82,87,91,132,133,134" machi="11" ten="40,8000,1" yaku="0,1,20,1,52,3" doraHai="130" who="0" fromWho="0" sc="463,93,181,-21,329,-41,17,-21" owari="556,65.6,160,-24.0,288,8.8,-4,-50.4" /></mjloggm>