<mjloggm ver="2.3"><GO type="169" lobby="0"/><UN n0="%E7%95%99%E3%83%81%E3%83%A7%E3%83%AD" n1="%E3%81%9F%E3%81%8F%E3%81%9E%E3%81%85" n2="%E3%81%9B%E3%81%A9%E3%81%AA%E3%82%8A%E3%81%82%E3%82%93" n3="%E2%97%8E%E3%82%88%E3%81%97%E2%97%8E" dan="19,16,17,17" rate="2328.28,2133.19,2200.39,2165.54" sx="M,M,F,M"/><TAIKYOKU oya="0"/><INIT seed="0,0,0,5,4,3" ten="250,250,250,250" oya="0" hai0="94,42,29,76,17,8,49,121,64,117,83,2,12" hai1="133,116,105,70,115,125,32,43,59,24,82,61,58" hai2="128,31,67,48,63,101,19,96,69,1,38,84,60" hai3="87,89,129,73,72,0,99,131,95,114,23,100,93"/><T54/><D117/><U109/><E82/><V57/><F38/><W110/><G0/><T113/><D113/><U9/><E9/><V130/><F48/><W36/><G36/><T97/><D121/><U37/><E24/><V78/><F19/><W46/><G46/><T7/><D64/><U52/><E105/><V44/><F44/><W74/><G23/><T10/><D29/><U51/><E32/><V107/><F78/><W6/><G6/><T135/><D135/><U45/><E116/><V22/><F84/><W47/><G47/><T90/><D42/><U102/><E102/><V134/><F134/><W53/><G53/><T77/><REACH who="0" step="1"/><D83/><REACH who="0" ten="240,250,250,250" step="2"/><U103/><E133/><V98/><F31/><W119/><G119/><T106/><D106/><U55/><E115/><V41/><F67/><W16/><G114/><T81/><D81/><U68/><E125/><V108/><F107/><W86/><G110/><T111/><D111/><U75/><E109/><V124/><F41/><W15/><G129/><T66/><D66/><N who="1" m="39223" /><E75/><V25/><F124/><W27/><G131/><T14/><D14/><U88/><E103/><V92/><F101/><W127/><G127/><T122/><D122/><U28/><E28/><V112/><F108/><W56/><G15/><T13/><D13/><U35/><E43/><V30/><F112/><W65/><G65/><T123/><D123/><U104/><E104/><V18/><F128/><W71/><G73/><T79/><D79/><U20/><E37/><V4/><F130/><W26/><G72/><T62/><D62/><U21/><E55/><V80/><F63/><RYUUKYOKU ba="0,1" sc="240,30,250,-10,250,-10,250,-10" hai0="2,7,8,10,12,17,49,54,76,77,90,94,97" /><INIT seed="0,1,1,1,5,27" ten="270,240,240,240" oya="0" hai0="104,134,79,56,31,120,8,108,84,11,50,117,100" hai1="76,78,114,58,62,135,133,74,22,115,59,52,73" hai2="125,106,48,10,90,15,54,92,86,26,116,3,85" hai3="18,72,80,118,37,94,57,99,109,83,21,67,95"/><T126/><D117/><U129/><E129/><V23/><F3/><W70/><G37/><T24/><D120/><U7/><E7/><V19/><F125/><W119/><G70/><T89/><D126/><U0/><E22/><V131/><F131/><W123/><G109/><T60/><D134/><N who="1" m="51211" /><E0/><V88/><F106/><W39/><G39/><T91/><D108/><U43/><E43/><V20/><F116/><W105/><G123/><T107/><D79/><N who="1" m="30251" /><E59/><V97/><F23/><W65/><G57/><T103/><D50/><U14/><E14/><V71/><F71/><W132/><G21/><N who="0" m="15759" /><D107/><U34/><E34/><V28/><REACH who="2" step="1"/><F90/><REACH who="2" ten="270,240,230,240" step="2"/><W63/><G105/><T16/><D91/><U98/><E98/><V1/><F1/><W61/><G99/><T29/><D104/><U47/><E47/><AGARI ba="1,2" hai="10,15,19,20,26,28,47,48,54,85,86,88,92,97" machi="47" ten="30,12000,2" yaku="1,1,7,1,8,1,52,1,54,1,53,1" doraHai="27" doraHaiUra="41" who="2" fromWho="1" sc="270,0,240,-123,230,143,240,0" /><INIT seed="1,0,0,2,4,71" ten="270,117,373,240" oya="1" hai0="24,111,20,91,101,120,75,44,80,43,72,19,119" hai1="46,106,124,16,63,54,39,31,36,5,105,47,83" hai2="84,3,82,86,66,112,55,96,74,88,11,113,0" hai3="50,12,126,61,121,21,2,13,42,117,18,135,128"/><U108/><E5/><V57/><F66/><W110/><G121/><T89/><D119/><U93/><E31/><V48/><F74/><W53/><G2/><T64/><D111/><U70/><E83/><V60/><F96/><W56/><G110/><T6/><D120/><U8/><E108/><V116/><F116/><W34/><G34/><T35/><D64/><U1/><E1/><V68/><F68/><W62/><G126/><T92/><D6/><U51/><E124/><V23/><F11/><W102/><G102/><T32/><D101/><U22/><E8/><V79/><F60/><W130/><G117/><T25/><D89/><U125/><E125/><V40/><F40/><W58/><G135/><T45/><D45/><U133/><E133/><V77/><F77/><W4/><G42/><T78/><D24/><U90/><E63/><V129/><F129/><N who="3" m="49771" /><G58/><T97/><REACH who="0" step="1"/><D75/><REACH who="0" ten="260,117,373,240" step="2"/><U73/><E73/><V67/><F67/><W100/><G100/><T107/><D107/><U33/><E70/><V114/><REACH who="2" step="1"/><F23/><REACH who="2" ten="260,117,363,240" step="2"/><W28/><G21/><T115/><D115/><U9/><E9/><V76/><F76/><W30/><G4/><T85/><D85/><U15/><E33/><V131/><F131/><W103/><G103/><T122/><D122/><U98/><REACH who="1" step="1"/><E47/><REACH who="1" ten="260,107,363,240" step="2"/><V10/><F10/><W99/><G56/><T14/><D14/><U59/><E59/><V104/><F104/><AGARI ba="0,3" hai="15,16,22,36,39,46,51,54,90,93,98,104,105,106" machi="104" ten="40,12000,1" yaku="1,1,52,2,54,1,53,1" doraHai="71" doraHaiUra="87" who="1" fromWho="2" sc="260,0,107,150,363,-120,240,0" /><INIT seed="1,1,0,1,4,89" ten="260,257,243,240" oya="1" hai0="38,104,73,5,132,111,131,57,97,56,72,21,13" hai1="80,121,129,69,87,102,75,28,19,24,95,82,50" hai2="25,128,71,88,1,63,112,48,36,29,119,113,83" hai3="70,49,77,47,68,22,105,35,66,15,54,74,61"/><U108/><E121/><V130/><F36/><W114/><G114/><N who="2" m="44137" /><F1/><W122/><G122/><T33/><D33/><U110/><E69/><V52/><F119/><W84/><G105/><T55/><D38/><U101/><E129/><N who="2" m="49771" /><F63/><W124/><G124/><T3/><D3/><U31/><E50/><V51/><F71/><W41/><G35/><T45/><D45/><U92/><E19/><V0/><F0/><W134/><G68/><T120/><D56/><U96/><E75/><V62/><F62/><W17/><G74/><T27/><D120/><U106/><E24/><V46/><F51/><W42/><REACH who="3" step="1"/><G134/><REACH who="3" ten="260,257,243,230" step="2"/><T125/><D132/><U9/><E106/><V67/><F67/><W10/><G10/><T118/><D104/><U93/><E9/><V91/><F83/><AGARI ba="1,1" hai="15,17,22,41,42,47,49,54,61,66,70,77,83,84" machi="83" ten="40,1300,0" yaku="1,1,53,0" doraHai="89" doraHaiUra="32" who="3" fromWho="2" sc="260,0,257,0,243,-16,230,26" /><INIT seed="2,0,0,5,1,130" ten="260,257,227,256" oya="2" hai0="90,12,95,10,80,54,63,109,88,40,3,62,115" hai1="113,79,9,111,35,67,7,25,58,132,37,87,117" hai2="0,55,32,52,127,50,61,120,42,2,91,24,101" hai3="104,114,56,16,31,18,92,73,118,77,48,57,116"/><V21/><F120/><W66/><G104/><T71/><D115/><U72/><E113/><V129/><F32/><W135/><G114/><T119/><D109/><U100/><E111/><V83/><F129/><W122/><G122/><T13/><D119/><U76/><E100/><V47/><F127/><W74/><G31/><T39/><D3/><U8/><E117/><V84/><F101/><W78/><G48/><T20/><D39/><U98/><E98/><V121/><F121/><W94/><G66/><T99/><D40/><U97/><E97/><V124/><F124/><W5/><G5/><T102/><D71/><U43/><E87/><V128/><F128/><W89/><G89/><T69/><D69/><U125/><E58/><V64/><F0/><W126/><G126/><T81/><D20/><U45/><E67/><V28/><REACH who="2" step="1"/><F2/><REACH who="2" ten="260,257,217,256" step="2"/><W36/><G36/><T108/><D108/><U33/><E33/><V86/><F86/><W131/><G131/><T107/><D102/><U44/><E35/><V85/><F85/><W34/><G34/><T110/><D99/><U93/><E37/><V53/><F53/><W27/><G116/><T17/><D54/><U4/><E125/><V22/><F22/><W11/><G118/><T105/><D110/><U38/><E38/><V123/><F123/><W65/><G65/><T46/><D105/><U59/><E9/><V112/><F112/><W49/><G11/><T60/><D107/><U133/><E8/><V82/><F82/><W26/><G74/><T75/><D75/><U103/><E72/><V23/><F23/><W96/><G73/><RYUUKYOKU ba="0,1" sc="260,-10,257,-10,217,30,256,-10" hai2="21,24,28,42,47,50,52,55,61,64,83,84,91" /><INIT seed="2,1,1,2,0,7" ten="250,247,247,246" oya="2" hai0="90,4,25,42,17,27,11,131,93,124,22,40,54" hai1="8,16,29,76,0,77,67,129,105,68,6,110,85" hai2="58,3,30,69,56,98,34,21,2,5,109,117,88" hai3="86,48,111,31,23,123,12,87,127,49,96,71,103"/><V100/><F117/><W121/><G71/><T36/><D131/><U57/><E105/><V115/><F115/><W44/><G111/><T65/><D124/><U84/><E110/><V10/><F109/><W101/><G127/><T120/><D120/><U73/><E68/><V132/><F2/><W46/><G12/><T128/><D128/><U1/><E1/><V20/><F132/><W114/><G23/><T24/><D65/><U47/><E29/><V82/><F34/><W18/><G18/><T97/><D54/><U134/><E129/><V95/><F69/><W116/><G31/><T35/><D35/><U13/><E134/><V32/><F32/><W41/><G96/><T81/><D81/><U45/><E73/><V50/><F50/><W119/><REACH who="3" step="1"/><G41/><REACH who="3" ten="250,247,247,236" step="2"/><N who="0" m="15979" /><D36/><U26/><E26/><V78/><F100/><W133/><G133/><T60/><D60/><N who="1" m="38287" /><E0/><V107/><F107/><W43/><G43/><T64/><D64/><U83/><E6/><V66/><F66/><W59/><G59/><T15/><AGARI ba="1,2" hai="4,11,15,17,22,24,25,27,90,93,97" m="15979" machi="15" ten="30,2000,0" yaku="8,1,52,1" doraHai="7" who="0" fromWho="0" sc="250,43,247,-6,247,-11,236,-6" /><INIT seed="3,0,0,1,2,116" ten="293,241,236,230" oya="3" hai0="121,71,117,104,119,114,16,100,42,45,28,8,43" hai1="106,3,39,131,20,76,98,32,66,77,51,60,84" hai2="17,126,55,67,35,122,7,99,22,34,46,80,79" hai3="49,92,130,123,109,78,56,108,135,91,89,120,72"/><W70/><G70/><T10/><D71/><U128/><E3/><V83/><F7/><W73/><G130/><T33/><D114/><U74/><E32/><V41/><F67/><W65/><G135/><T64/><D64/><U105/><E39/><V94/><F126/><W30/><G30/><T27/><D42/><U88/><E20/><V97/><F55/><N who="3" m="31855" /><G65/><T134/><D134/><U4/><E51/><V118/><F118/><W13/><G91/><T9/><D121/><N who="3" m="46665" /><G13/><T96/><REACH who="0" step="1"/><D16/><REACH who="0" ten="283,241,236,230" step="2"/><U132/><E132/><V24/><F17/><W107/><G107/><T53/><D53/><U90/><E66/><V2/><F41/><W125/><G125/><T31/><D31/><U61/><E106/><V54/><F54/><W129/><G129/><T11/><N who="0" m="2048" /><DORA hai="82" /><T58/><D58/><U85/><E105/><V86/><F122/><W12/><G12/><T62/><D62/><U37/><E61/><V110/><F2/><W19/><G19/><T93/><D93/><U124/><E60/><V113/><F94/><W81/><G109/><T26/><D26/><U87/><E124/><V101/><F24/><W48/><G108/><T18/><D18/><U95/><E95/><V111/><F113/><W21/><G92/><T23/><D23/><U47/><E131/><V75/><F110/><W50/><G21/><T0/><D0/><U25/><E25/><V29/><F111/><W36/><G81/><T69/><D69/><U38/><E128/><V115/><F115/><W63/><G63/><T57/><D57/><U14/><E14/><V112/><F112/><W6/><G6/><RYUUKYOKU ba="0,1" sc="283,30,241,-10,236,-10,230,-10" hai0="27,28,33,43,45,96,100,104,117,119" /><INIT seed="4,1,1,5,4,106" ten="313,231,226,220" oya="0" hai0="66,121,96,99,4,79,76,100,111,131,119,90,44" hai1="22,128,135,114,21,130,40,33,46,101,29,104,24" hai2="89,83,56,108,127,109,61,116,27,105,58,94,19" hai3="7,113,8,88,2,10,95,55,54,64,26,34,1"/><T93/><D119/><U47/><E135/><V87/><F105/><W6/><G113/><T115/><D121/><U9/><E114/><V25/><F127/><W120/><G120/><T11/><D115/><U122/><E122/><V30/><F116/><W48/><G64/><T110/><D66/><U14/><E47/><V85/><F108/><N who="0" m="41514" /><D44/><U32/><E101/><V118/><F118/><W103/><G103/><T20/><D20/><U82/><E22/><V59/><F19/><W73/><G73/><T67/><D67/><U69/><E69/><V92/><F109/><W68/><G68/><T17/><D17/><U15/><E104/><V133/><F133/><W39/><G39/><T60/><D60/><U124/><E124/><V63/><F92/><W65/><G65/><T52/><D52/><U41/><E82/><V45/><F45/><W57/><G54/><T107/><D131/><N who="1" m="50219" /><E40/><V62/><REACH who="2" step="1"/><F30/><REACH who="2" ten="313,231,216,220" step="2"/><W50/><G57/><T129/><D129/><U91/><E46/><V81/><F81/><W37/><G37/><T28/><D28/><U71/><E71/><V134/><F134/><W3/><G95/><T35/><D107/><U102/><E41/><V16/><F16/><W5/><G5/><T126/><D126/><U80/><E80/><V123/><F123/><W84/><G6/><T77/><D93/><U72/><E29/><V112/><F112/><W43/><G7/><T51/><D4/><U125/><E125/><V31/><F31/><W132/><G132/><T117/><D117/><U78/><E21/><V38/><F38/><W53/><G43/><T13/><D11/><RYUUKYOKU ba="1,2" sc="313,-10,231,-10,216,30,220,-10" hai2="25,27,56,58,59,61,62,63,83,85,87,89,94" /><INIT seed="5,2,2,2,1,2" ten="303,221,246,210" oya="1" hai0="121,43,129,12,21,71,30,114,41,91,76,116,101" hai1="97,92,42,35,6,135,25,75,17,96,51,39,18" hai2="117,98,123,112,67,79,134,8,26,69,27,7,33" hai3="126,107,45,10,53,87,85,120,102,77,130,128,93"/><U19/><E75/><V70/><F117/><W37/><G120/><T74/><D116/><U24/><E39/><V44/><F123/><W38/><G126/><T15/><D121/><U4/><E135/><V103/><F79/><W34/><G34/><T72/><D71/><U62/><E62/><V68/><F134/><W118/><G118/><T36/><D101/><U40/><E35/><V57/><F44/><W14/><G107/><T28/><D21/><U31/><E31/><V94/><F112/><W3/><G3/><T52/><D91/><N who="1" m="55327" /><E97/><V11/><F11/><W56/><G102/><T1/><D1/><U82/><E82/><V66/><F33/><W99/><G99/><T108/><D36/><U29/><E29/><V49/><F67/><W23/><G38/><T46/><D28/><U63/><E63/><V106/><F106/><W119/><G119/><T73/><D30/><U122/><E122/><V61/><REACH who="2" step="1"/><F49/><REACH who="2" ten="303,221,236,210" step="2"/><N who="3" m="30767" /><G37/><T132/><D114/><U13/><E51/><V80/><F80/><W32/><G32/><T58/><D46/><U111/><E111/><V48/><F48/><W16/><G45/><T115/><D108/><U105/><E105/><V81/><F81/><W124/><G77/><T50/><D76/><U90/><E42/><V47/><F47/><W88/><G10/><T104/><D104/><U100/><E40/><N who="0" m="15433" /><D115/><U55/><E55/><V59/><F59/><W9/><G9/><T0/><D132/><U113/><E113/><V127/><F127/><W95/><G124/><T89/><D52/><U110/><E110/><V84/><F84/><W60/><G60/><RYUUKYOKU ba="2,3" sc="303,-15,221,-15,236,15,210,15" hai2="7,8,26,27,57,61,66,68,69,70,94,98,103" hai3="14,16,23,85,87,88,93,95,128,130" /><INIT seed="6,3,3,4,0,113" ten="288,206,251,225" oya="2" hai0="0,78,32,47,70,21,93,102,127,77,2,58,79" hai1="29,107,63,60,39,133,124,92,130,90,44,54,40" hai2="8,38,51,95,87,16,114,3,120,31,129,73,119" hai3="59,72,74,132,48,122,7,131,10,125,53,101,81"/><V13/><F119/><W28/><G122/><T103/><D32/><U135/><E107/><V66/><F120/><W80/><G28/><T111/><D70/><U18/><E124/><V43/><F73/><W65/><G101/><T19/><D111/><U86/><E130/><V84/><F38/><W15/><G125/><T99/><D127/><U121/><E121/><V115/><F66/><W71/><G131/><T126/><D126/><U98/><E29/><V24/><F129/><W104/><G104/><T108/><D108/><U14/><E98/><V75/><F75/><W42/><G42/><T55/><D47/><U96/><E96/><V5/><F51/><W89/><G80/><T25/><REACH who="0" step="1"/><D102/><REACH who="0" ten="278,206,251,225" step="2"/><U12/><E135/><V30/><F114/><W37/><G132/><T88/><D88/><U36/><E133/><V97/><F115/><W67/><G71/><T26/><D26/><U116/><E36/><V76/><F24/><W20/><G37/><T41/><D41/><U6/><E40/><V11/><F43/><W17/><G89/><T46/><D46/><U100/><E100/><V50/><F76/><W62/><G59/><T123/><D123/><U109/><E109/><V4/><F31/><W110/><G110/><T49/><AGARI ba="3,4" hai="0,2,19,21,25,49,55,58,77,78,79,93,99,103" machi="49" ten="30,2000,0" yaku="1,1,0,1,53,0" doraHai="113" doraHaiUra="85" who="0" fromWho="0" sc="278,69,206,-8,251,-13,225,-8" /><INIT seed="7,0,0,2,3,1" ten="347,198,238,217" oya="3" hai0="73,109,119,132,8,70,15,126,26,106,135,71,101" hai1="100,10,82,5,69,78,2,0,35,32,75,77,44" hai2="57,51,95,18,128,98,16,56,7,113,59,38,89" hai3="61,4,68,90,67,123,130,41,87,66,49,54,129"/><W72/><G72/><T81/><D109/><U58/><E0/><V102/><F38/><W17/><G66/><T12/><D106/><U11/><E69/><V91/><F113/><W9/><G41/><T127/><D101/><U94/><E78/><V55/><F128/><W112/><G17/><N who="2" m="6761" /><F7/><W115/><G123/><T105/><D26/><U13/><E58/><AGARI ba="0,0" hai="51,55,56,57,58,59,89,91,95,98,102" m="6761" machi="58" ten="30,2000,0" yaku="8,1,54,1" doraHai="1" who="2" fromWho="1" sc="347,0,198,-20,238,20,217,0" owari="347,44.7,178,-32.2,258,5.8,217,-18.3" /></mjloggm>