<mjloggm ver="2.3"><GO type="169" lobby="0"/><UN n0="%E4%B8%89%E6%B2%B3%E5%B1%8B%E3%81%AE%E3%82%B5%E3%83%96" n1="%E3%83%8F%E3%82%BA%E3%83%AC" n2="%E3%81%8D%E3%81%B3%E3%81%A0%E3%82%93%E3%81%94%CE%B1" n3="%E3%81%BB%E3%81%A3%E3%81%A1%E3%82%83%E3%82%93" dan="16,17,17,17" rate="2139.30,2179.15,2134.93,2190.52" sx="M,M,M,F"/><TAIKYOKU oya="0"/><INIT seed="0,0,0,2,5,52" ten="250,250,250,250" oya="0" hai0="34,104,61,3,94,59,73,25,13,18,74,60,23" hai1="134,88,71,19,98,121,44,114,45,14,33,91,57" hai2="107,124,9,63,118,43,2,42,126,100,93,70,81" hai3="38,86,46,50,72,58,108,30,17,127,82,47,131"/><T80/><D104/><U129/><E71/><V28/><F107/><W130/><G108/><T75/><D3/><U26/><E121/><V69/><F118/><W110/><G110/><T22/><D34/><U12/><E129/><N who="3" m="49162" /><G127/><N who="2" m="48681" /><F28/><W128/><N who="3" m="49170" /><W10/><DORA hai="5" /><G30/><T120/><D120/><U111/><E111/><V132/><F132/><W106/><G72/><T95/><D80/><U97/><E134/><V76/><F100/><W85/><G106/><T99/><D59/><U113/><E26/><V1/><F93/><W96/><G96/><T90/><REACH who="0" step="1"/><D94/><REACH who="0" ten="240,250,250,250" step="2"/><U64/><E33/><V109/><F109/><W65/><G82/><T40/><D40/><U79/><E57/><V102/><F1/><W49/><G58/><T54/><D54/><U77/><E64/><N who="2" m="41119" /><F70/><W29/><G65/><T16/><AGARI ba="0,1" hai="13,16,18,22,23,25,60,61,73,74,75,90,95,99" machi="16" ten="40,12000,1" yaku="1,1,0,1,54,1,53,1" doraHai="52,5" doraHaiUra="0,84" who="0" fromWho="0" sc="240,130,250,-40,250,-40,250,-40" /><INIT seed="0,1,0,5,5,55" ten="370,210,210,210" oya="0" hai0="109,100,58,111,16,88,40,119,63,106,90,20,54" hai1="17,104,29,86,23,56,107,52,33,26,25,78,128" hai2="135,68,37,6,64,129,36,60,125,50,74,72,121" hai3="133,15,12,96,31,21,103,120,24,134,75,46,97"/><T10/><D119/><U35/><E35/><V7/><F121/><W105/><G120/><T66/><D40/><U38/><E38/><V94/><F129/><W92/><G75/><T77/><D77/><U34/><E34/><V57/><F135/><N who="3" m="51723" /><G46/><T85/><D10/><U123/><E128/><V112/><F112/><W83/><G83/><T114/><D114/><U130/><E130/><V122/><F122/><W79/><G79/><T101/><D66/><U19/><E123/><V28/><F28/><W80/><G80/><N who="0" m="49191" /><D90/><AGARI ba="1,0" hai="12,15,21,24,31,90,92,96,97,103,105" m="51723" machi="90" ten="30,1000,0" yaku="20,1" doraHai="55" who="3" fromWho="0" sc="370,-13,210,0,210,0,210,13" /><INIT seed="1,0,0,4,5,41" ten="357,210,210,223" oya="1" hai0="115,80,95,66,20,45,1,109,18,119,113,88,4" hai1="129,39,81,5,36,29,90,40,68,128,14,106,132" hai2="43,83,7,105,103,108,91,28,3,2,57,50,100" hai3="26,84,67,133,116,24,34,114,10,54,107,59,11"/><U25/><E106/><V85/><F108/><W23/><G114/><T112/><D119/><U77/><E68/><V122/><F122/><W6/><G133/><T15/><D109/><U74/><E132/><V46/><F28/><W118/><G107/><T117/><D117/><N who="3" m="45161" /><G67/><T44/><D66/><U131/><E90/><V79/><F105/><W51/><G34/><T123/><D123/><U130/><N who="1" m="32768" /><DORA hai="69" /><U65/><E65/><V97/><F7/><W98/><G98/><T27/><D1/><U93/><E93/><N who="2" m="56511" /><F2/><W76/><G23/><T75/><D4/><U73/><E73/><V92/><F3/><N who="3" m="351" /><G11/><T70/><D70/><U21/><E40/><V89/><F57/><W47/><G59/><T52/><D27/><U102/><E102/><V30/><F30/><W60/><G60/><T110/><D110/><U124/><E124/><V12/><F12/><W32/><G32/><T55/><D80/><AGARI ba="0,0" hai="24,26,47,51,54,76,80,84" m="351,45161" machi="80" ten="30,2000,0" yaku="12,1,52,1" doraHai="41,69" who="3" fromWho="0" sc="357,-20,210,0,210,0,223,20" /><INIT seed="2,0,0,2,0,43" ten="337,210,210,243" oya="2" hai0="66,53,62,68,9,78,116,57,82,77,28,97,56" hai1="95,27,41,29,51,88,38,132,110,113,98,115,118" hai2="126,121,55,100,25,26,18,4,71,99,106,61,22" hai3="59,102,128,84,134,7,16,47,40,5,112,127,50"/><V81/><F121/><W93/><G128/><T2/><D116/><U130/><E130/><V92/><F126/><W117/><G117/><T133/><BYE who="2" /><D133/><U104/><E118/><V30/><F30/><W17/><G127/><T32/><D68/><U87/><E110/><V96/><F96/><N who="3" m="59663" /><G134/><UN n2="%E3%81%8D%E3%81%B3%E3%81%A0%E3%82%93%E3%81%94%CE%B1" /><T58/><D58/><U46/><E132/><V45/><F4/><N who="3" m="1611" /><G112/><T75/><D9/><U20/><REACH who="1" step="1"/><E38/><REACH who="1" ten="337,200,210,243" step="2"/><V19/><F19/><BYE who="2" /><W54/><G84/><T63/><D75/><U49/><E49/><AGARI ba="0,1" hai="16,17,40,47,49,50,54,59" m="1611,59663" machi="49" ten="30,3900,0" yaku="8,1,52,1,54,1" doraHai="43" who="3" fromWho="1" sc="337,0,200,-39,210,0,243,49" /><INIT seed="3,0,0,3,4,69" ten="337,161,210,292" oya="3" hai0="0,132,91,59,30,92,123,47,118,74,73,79,106" hai1="124,116,52,44,36,103,87,68,89,114,135,77,54" hai2="16,119,125,19,94,122,85,26,99,5,75,62,86" hai3="20,71,18,127,133,78,115,83,55,21,31,70,110"/><W134/><G115/><T13/><D0/><UN n2="%E3%81%8D%E3%81%B3%E3%81%A0%E3%82%93%E3%81%94%CE%B1" /><U12/><E114/><V82/><F119/><W65/><G127/><T100/><D30/><U22/><E68/><V27/><F122/><W53/><G110/><T67/><D118/><U63/><E116/><V96/><F125/><W56/><G31/><T97/><D123/><U104/><E124/><V112/><F112/><W6/><G6/><T4/><D132/><N who="3" m="50793" /><G65/><T80/><D73/><U109/><E109/><V17/><F5/><W51/><G53/><T98/><D47/><U23/><E77/><V43/><F43/><W95/><G95/><T38/><D38/><U57/><E135/><V61/><F75/><N who="3" m="43487" /><G20/><T34/><D34/><U1/><E1/><V42/><F42/><W126/><G126/><T111/><D111/><U37/><E103/><V35/><F35/><W105/><G105/><T131/><D131/><U14/><E23/><V107/><F107/><W45/><G45/><T10/><D59/><U88/><E104/><V108/><F108/><W76/><G76/><T7/><D67/><U58/><E44/><V11/><F94/><W60/><G60/><N who="2" m="23145" /><F11/><W90/><G90/><T29/><D29/><U15/><E22/><V120/><F120/><W39/><G39/><T130/><D130/><U2/><E2/><V128/><F128/><W129/><G129/><T117/><D117/><U102/><E102/><V9/><F9/><W101/><G101/><T28/><D28/><U64/><E64/><V84/><F82/><W81/><G81/><T48/><D4/><U121/><E121/><V50/><F50/><W24/><AGARI ba="0,0" hai="18,21,24,51,55,56,70,71" m="43487,50793" machi="24" ten="30,3000,0" yaku="5,1,20,1" doraHai="69" who="3" fromWho="3" sc="337,-10,161,-10,210,-10,292,30" /><INIT seed="3,1,0,1,1,135" ten="327,151,200,322" oya="3" hai0="33,3,122,19,114,109,134,37,46,1,85,64,76" hai1="125,118,91,92,111,47,131,11,13,53,102,18,14" hai2="124,45,39,74,40,5,108,7,106,23,78,77,79" hai3="63,4,26,56,126,52,20,55,28,51,87,50,119"/><W54/><G119/><T99/><D122/><U123/><E111/><V127/><F108/><W115/><G115/><T129/><D109/><U25/><E131/><V88/><F106/><W86/><G4/><T80/><D134/><U67/><E123/><V32/><F32/><W112/><G112/><T130/><D114/><U36/><E118/><V21/><F74/><W34/><G126/><N who="2" m="48169" /><F88/><W69/><G69/><T60/><D33/><U27/><E125/><V120/><F120/><W113/><G34/><T94/><D19/><U121/><E121/><V41/><F41/><W93/><G113/><T15/><D15/><U97/><E67/><V8/><F5/><W104/><G104/><T132/><D46/><U89/><E89/><V57/><F57/><N who="3" m="32919" /><G93/><T62/><D37/><U30/><E36/><V16/><F16/><W103/><G103/><T110/><D110/><U58/><E30/><V43/><F43/><W105/><G105/><T31/><D31/><U44/><E91/><V83/><F83/><W116/><G116/><T10/><D132/><U9/><E25/><V95/><F95/><W48/><G54/><T81/><D81/><U42/><E42/><V107/><F107/><W128/><G128/><T17/><D130/><U75/><E75/><V6/><F6/><W84/><AGARI ba="1,0" hai="20,26,28,48,51,55,56,63,84,86,87" m="32919" machi="84" ten="30,3000,0" yaku="8,1,54,1" doraHai="135" who="3" fromWho="3" sc="327,-11,151,-11,200,-11,322,33" /><INIT seed="3,2,0,0,2,95" ten="316,140,189,355" oya="3" hai0="29,98,112,76,110,28,119,116,111,92,67,31,2" hai1="83,51,129,1,46,97,70,104,37,0,128,108,120" hai2="127,3,23,77,41,12,66,74,86,55,68,27,130" hai3="124,30,80,50,54,18,73,38,117,16,42,7,105"/><W19/><G117/><N who="0" m="45131" /><D2/><U122/><E83/><V90/><F3/><N who="1" m="1097" /><E70/><V49/><F41/><W88/><G124/><T52/><D67/><U11/><E11/><V60/><F127/><W61/><G105/><T78/><D52/><N who="1" m="29815" /><E37/><V8/><F77/><N who="0" m="29802" /><D92/><U34/><E34/><V33/><F33/><W57/><G73/><T63/><D63/><U109/><E122/><V118/><F74/><W131/><G38/><T101/><D101/><N who="1" m="62511" /><E120/><V99/><F118/><W102/><G102/><T94/><D94/><U75/><E75/><V132/><F68/><W15/><G30/><T58/><D58/><U125/><E125/><V10/><F66/><W62/><G42/><T100/><D100/><U35/><E35/><V25/><F60/><W89/><G62/><T9/><D9/><U79/><E79/><V43/><F10/><N who="3" m="4575" /><G61/><T53/><D53/><U56/><E56/><V32/><F55/><W135/><G54/><T69/><D69/><U91/><E91/><V113/><F90/><W59/><G89/><T84/><D84/><U71/><E71/><V121/><F86/><W103/><G88/><T133/><D98/><U115/><E115/><V134/><F99/><W26/><G59/><T6/><D6/><U47/><E47/><N who="2" m="25855" /><F113/><W22/><G57/><T20/><D112/><U87/><E87/><V82/><F121/><W36/><G36/><T107/><D107/><U65/><E65/><V24/><F82/><W114/><G80/><T44/><D44/><U72/><E72/><V17/><F32/><W85/><G114/><T21/><D29/><U106/><E106/><V81/><F81/><RYUUKYOKU ba="2,0" sc="316,-10,140,30,189,-10,355,-10" hai1="108,109,128,129" /><INIT seed="4,3,0,5,2,92" ten="306,170,179,345" oya="0" hai0="95,96,101,104,25,63,30,127,48,94,91,23,74" hai1="68,121,37,60,76,31,38,65,114,110,81,69,120" hai2="107,118,5,83,49,11,55,19,88,75,40,21,124" hai3="100,7,129,123,131,54,79,42,47,106,0,20,32"/><T98/><D74/><N who="1" m="43159" /><E110/><V112/><F112/><W126/><G126/><T26/><D127/><U109/><E109/><V15/><F124/><W12/><G123/><N who="1" m="47178" /><E31/><V78/><F118/><W53/><G32/><T77/><D77/><U52/><E52/><V29/><F107/><W67/><G67/><T117/><D117/><U87/><E87/><V115/><F115/><W41/><G79/><T24/><D48/><U27/><E27/><V43/><F29/><W130/><G0/><T86/><REACH who="0" step="1"/><D63/><REACH who="0" ten="296,170,179,345" step="2"/><N who="1" m="39999" /><E114/><V45/><REACH who="2" step="1"/><F88/><AGARI ba="3,1" hai="23,24,25,26,30,86,88,91,94,95,96,98,101,104" machi="88" ten="30,12000,1" yaku="1,1,7,1,52,2,54,1,53,0" doraHai="92" doraHaiUra="9" who="0" fromWho="2" sc="296,139,170,0,179,-129,345,0" /><INIT seed="4,4,0,5,3,44" ten="435,170,50,345" oya="0" hai0="97,6,72,104,88,9,123,95,130,128,112,100,8" hai1="115,133,10,120,36,105,49,131,59,70,82,5,51" hai2="52,87,127,91,14,34,134,48,56,2,116,107,66" hai3="77,89,57,78,64,39,58,85,103,12,110,19,76"/><T69/><D69/><U122/><E70/><V117/><F2/><W62/><G110/><T26/><D123/><U54/><E36/><V114/><F107/><W86/><G39/><T102/><D112/><U13/><E105/><V32/><F114/><W75/><G75/><T99/><D72/><U1/><E131/><N who="0" m="50217" /><D26/><U28/><E133/><V129/><F134/><W135/><G135/><T109/><D109/><U17/><E115/><V43/><F129/><W27/><G103/><N who="0" m="62575" /><D8/><U96/><E96/><V81/><F127/><W55/><G27/><T74/><D74/><U60/><E28/><V67/><F43/><W4/><G4/><T50/><D50/><U3/><E3/><AGARI ba="4,0" hai="3,6,9,88,95,99,100,102" m="62575,50217" machi="3" ten="30,2900,0" yaku="19,1,54,1" doraHai="44" who="0" fromWho="1" sc="435,41,170,-41,50,0,345,0" /><INIT seed="4,5,0,4,0,9" ten="476,129,50,345" oya="0" hai0="120,46,24,126,103,100,87,34,121,30,12,11,41" hai1="38,51,5,74,33,2,53,90,134,72,62,105,47" hai2="52,111,73,89,0,94,122,4,66,107,77,20,6" hai3="64,42,17,98,124,25,37,95,15,99,32,113,31"/><T60/><D126/><U28/><E134/><V26/><F122/><W22/><G124/><T92/><D60/><U13/><E105/><V71/><F111/><W7/><G113/><T10/><D10/><U133/><E38/><V69/><F107/><W117/><G117/><T116/><D116/><U128/><E128/><V57/><F73/><W18/><G64/><T84/><D121/><U97/><E2/><V3/><F77/><W70/><G70/><T19/><D120/><U27/><E133/><V58/><F58/><W85/><G37/><T76/><D76/><U108/><E108/><V61/><F3/><W91/><G42/><T49/><REACH who="0" step="1"/><D92/><REACH who="0" ten="466,129,50,345" step="2"/><U101/><E62/><V132/><F132/><W75/><G75/><T127/><D127/><U14/><E72/><V114/><F114/><W45/><G95/><T125/><D125/><U88/><E74/><V102/><F0/><W44/><G7/><T130/><D130/><U54/><E5/><V36/><F71/><W39/><G98/><T78/><D78/><U129/><E129/><V112/><F112/><W86/><G99/><T131/><D131/><U16/><E97/><N who="2" m="57551" /><F102/><AGARI ba="5,1" hai="11,12,19,24,30,34,41,46,49,84,87,100,102,103" machi="102" ten="40,7700,0" yaku="1,1,52,1,53,1" doraHai="9" doraHaiUra="23" who="0" fromWho="2" sc="466,102,129,0,50,-92,345,0" owari="568,66.8,129,-27.1,-42,-54.2,345,14.5" /></mjloggm>