<mjloggm ver="2.3"><GO type="169" lobby="0"/><UN n0="%E9%81%8B%E3%81%A7%E5%8B%9D%E3%81%A4" n1="%74%2E%6F%2E%6F%2E%73" n2="%E8%B5%A4%E7%BE%8E%E6%BF%83%E3%81%BE%E3%81%90%E3%82%8D" n3="%E8%88%B9%E8%B6%8A%E8%8B%B1%E4%B8%80%E9%83%8E" dan="16,17,17,17" rate="2112.87,2128.73,2225.51,2135.87" sx="M,M,M,M"/><TAIKYOKU oya="0"/><INIT seed="0,0,0,5,2,122" ten="250,250,250,250" oya="0" hai0="51,13,67,123,132,133,80,0,66,81,59,84,98" hai1="11,105,97,102,23,32,37,33,1,95,12,119,111" hai2="19,109,27,30,39,106,85,74,22,29,130,88,60" hai3="128,90,127,110,64,78,21,18,99,53,71,89,86"/><T5/><D123/><U47/><E119/><V50/><F39/><W131/><G71/><T113/><D113/><U7/><E105/><V77/><F106/><W92/><G64/><T55/><D0/><U82/><E82/><V43/><F130/><N who="3" m="49707" /><G53/><T101/><D66/><U40/><E111/><V41/><F74/><W6/><G6/><T75/><D67/><U125/><E125/><V14/><F77/><W83/><G127/><T49/><D75/><U108/><E108/><V93/><F109/><W73/><G110/><T112/><D112/><U54/><E54/><V100/><F100/><N who="3" m="60519" /><G73/><T36/><D36/><U117/><E117/><V4/><F60/><W96/><G96/><T38/><D38/><U31/><E31/><V87/><F87/><W115/><G115/><T121/><D121/><U57/><E57/><V116/><F116/><W70/><G70/><T25/><D51/><U120/><E120/><V24/><F4/><W107/><G107/><N who="0" m="63927" /><D25/><AGARI ba="0,0" hai="18,21,25,78,83,86,89,90" m="60519,49707" machi="25" ten="30,1000,0" yaku="19,1" doraHai="122" who="3" fromWho="0" sc="250,-10,250,0,250,0,250,10" /><INIT seed="1,0,0,5,5,10" ten="240,250,250,260" oya="1" hai0="62,20,122,26,71,56,121,82,127,104,15,44,120" hai1="133,89,43,54,90,128,7,61,78,79,74,8,68" hai2="132,126,6,48,34,67,41,0,53,125,116,97,4" hai3="94,119,3,33,66,40,58,123,25,36,27,60,19"/><U88/><E128/><V103/><F116/><W22/><G123/><T21/><D104/><U1/><E133/><V63/><F41/><W31/><G3/><T46/><D71/><U124/><E124/><N who="2" m="47723" /><F34/><W45/><REACH who="3" step="1"/><G94/><REACH who="3" ten="240,250,250,250" step="2"/><T95/><D127/><U14/><E1/><V87/><F0/><W23/><G23/><T5/><D95/><U85/><E74/><V50/><F132/><W12/><G12/><T29/><D82/><U24/><E24/><V100/><F100/><W93/><G93/><T110/><D110/><U77/><E43/><V106/><F103/><W101/><G101/><T51/><D21/><U47/><E68/><V55/><F106/><W111/><G111/><T16/><D122/><U49/><E61/><V32/><F32/><W108/><G108/><T76/><D120/><U134/><E134/><V83/><F63/><W107/><G107/><T69/><D69/><U2/><E2/><V9/><F9/><W115/><G115/><T35/><D121/><U117/><E117/><AGARI ba="0,1" hai="19,22,25,27,31,33,36,40,45,58,60,66,117,119" machi="117" ten="40,1300,0" yaku="1,1,53,0" doraHai="10" doraHaiUra="98" who="3" fromWho="1" sc="240,0,250,-13,250,0,250,23" /><INIT seed="2,0,0,4,3,38" ten="240,237,250,273" oya="2" hai0="18,126,89,118,78,12,61,45,4,31,13,54,63" hai1="120,114,64,44,132,60,79,81,108,56,48,98,52" hai2="39,96,36,113,62,34,106,70,115,33,102,72,8" hai3="37,68,100,101,1,73,67,15,43,94,40,85,69"/><V86/><F86/><W16/><G1/><T93/><D126/><U112/><E108/><V5/><F72/><W74/><G37/><N who="2" m="14409" /><F8/><W71/><G67/><T46/><D118/><U41/><E132/><V10/><F10/><W35/><G35/><N who="2" m="13321" /><F5/><W22/><G100/><T129/><D31/><U109/><E109/><V131/><F131/><W11/><G11/><N who="0" m="4199" /><D78/><U80/><E120/><V111/><F111/><W57/><G57/><N who="0" m="34999" /><D63/><U49/><E98/><V97/><F97/><W92/><G101/><T103/><D103/><U116/><E116/><V51/><F51/><W66/><G66/><AGARI ba="0,0" hai="62,66,70,96,102,106,113,115" m="13321,14409" machi="66" ten="30,1500,0" yaku="23,1" doraHai="38" who="2" fromWho="3" sc="240,0,237,0,250,15,273,-15" /><INIT seed="2,1,0,3,5,119" ten="240,237,265,258" oya="2" hai0="29,101,66,35,94,32,65,68,127,37,104,89,46" hai1="79,54,99,13,30,134,133,130,61,45,111,19,3" hai2="87,129,21,7,83,48,41,126,95,72,105,77,59" hai3="80,23,128,17,20,76,67,115,109,97,57,26,117"/><V25/><F105/><W27/><G117/><T50/><D127/><U2/><E111/><V69/><F126/><W114/><G109/><T116/><D116/><U28/><E130/><V75/><F69/><W33/><G33/><T135/><D37/><U131/><E131/><V38/><F38/><W102/><G128/><T0/><D0/><N who="1" m="43" /><E79/><V1/><F129/><W43/><G43/><T78/><D78/><U58/><E99/><V98/><F1/><W120/><G120/><T52/><D135/><N who="1" m="51723" /><E45/><V39/><F7/><W42/><G42/><T44/><D44/><U86/><E86/><V113/><F39/><W47/><G47/><T12/><D68/><U103/><E103/><V51/><F41/><W122/><G122/><T24/><D35/><U34/><E34/><V112/><F113/><W14/><G57/><T73/><D73/><U70/><E70/><V36/><F36/><W40/><G40/><T74/><D74/><U110/><E110/><V9/><F112/><N who="3" m="43051" /><G67/><T55/><D55/><U81/><E81/><V8/><F75/><N who="3" m="43039" /><G23/><AGARI ba="1,0" hai="13,19,23,28,30,54,58,61" m="51723,43" machi="23" ten="30,1000,0" yaku="20,1" doraHai="119" who="1" fromWho="3" sc="240,0,237,13,265,0,258,-13" /><INIT seed="3,0,0,4,1,126" ten="240,250,265,245" oya="3" hai0="122,82,91,84,107,6,18,55,27,67,37,63,87" hai1="105,59,36,35,68,12,53,96,44,86,57,127,46" hai2="110,85,19,0,135,40,26,83,64,95,112,100,109" hai3="31,106,47,134,121,25,24,61,133,43,74,79,9"/><W71/><G121/><T4/><D107/><U23/><E68/><V89/><F0/><W123/><G123/><T14/><D122/><U104/><E35/><V52/><F40/><W29/><G106/><T32/><D37/><U2/><E2/><V130/><F64/><N who="3" m="41359" /><G9/><T48/><D32/><U111/><E111/><N who="2" m="42507" /><F112/><W124/><G124/><T51/><D27/><N who="3" m="10313" /><G79/><T108/><D108/><U132/><E59/><V102/><F26/><W20/><G20/><T119/><D119/><U62/><E23/><V120/><F19/><W90/><G90/><T30/><D30/><U113/><E127/><V8/><F8/><W118/><G74/><T13/><D4/><U39/><E104/><V97/><F120/><W88/><G88/><T114/><D6/><U17/><E96/><V45/><F102/><W56/><G56/><T131/><D114/><U73/><E57/><V33/><F33/><W75/><G75/><T69/><D87/><U49/><E73/><V99/><F99/><W7/><G7/><T16/><D14/><U98/><E12/><V28/><F28/><W3/><G3/><T41/><D18/><U22/><E17/><V54/><F45/><W60/><G118/><T78/><D78/><U1/><E1/><V72/><F72/><W66/><G47/><N who="0" m="25711" /><D13/><U50/><E113/><V125/><F125/><W93/><G43/><T101/><D101/><U81/><E105/><V10/><F10/><W34/><G34/><T115/><D115/><U80/><E86/><V77/><F100/><W117/><G117/><T65/><D69/><U94/><E36/><V15/><F15/><RYUUKYOKU ba="0,0" sc="240,0,250,0,265,0,245,0" /><INIT seed="4,1,0,3,3,55" ten="240,250,265,245" oya="0" hai0="3,39,22,2,41,126,14,114,15,125,81,128,119" hai1="104,27,103,49,107,85,40,33,60,53,6,47,0" hai2="76,5,90,13,68,75,28,58,38,36,25,95,89" hai3="62,34,135,23,32,19,51,131,61,97,99,52,101"/><T72/><D119/><U102/><E0/><V10/><F68/><W46/><G131/><T122/><D122/><U71/><E6/><V83/><F89/><W63/><G135/><T16/><D128/><U84/><E107/><V130/><F130/><W121/><G121/><T24/><D39/><U94/><E104/><V106/><F106/><W54/><G54/><T112/><D41/><U127/><E127/><N who="0" m="48649" /><D81/><U92/><E33/><V93/><F93/><W18/><G18/><T26/><D72/><U116/><E27/><N who="0" m="10281" /><D15/><U43/><E116/><V29/><F29/><W86/><G86/><T66/><D66/><U20/><E84/><V109/><F38/><W78/><G78/><T132/><D132/><U111/><E85/><V88/><F36/><W105/><REACH who="3" step="1"/><G99/><REACH who="3" ten="240,250,265,235" step="2"/><T120/><D120/><U30/><E53/><V70/><F76/><W65/><G65/><T98/><D98/><U59/><E40/><V73/><F73/><W96/><G96/><T12/><D12/><AGARI ba="1,1" hai="12,19,23,32,34,46,51,52,61,62,63,97,101,105" machi="12" ten="40,5200,0" yaku="1,1,54,1,53,1" doraHai="55" doraHaiUra="45" who="3" fromWho="0" sc="240,-55,250,0,265,0,235,65" /><INIT seed="5,0,0,0,4,77" ten="185,250,265,300" oya="1" hai0="69,94,68,87,19,53,122,78,4,108,9,123,54" hai1="49,61,117,48,72,130,43,33,104,83,58,11,17" hai2="40,93,121,76,127,3,118,24,21,38,20,101,129" hai3="63,23,16,111,115,47,64,6,67,98,75,12,90"/><U8/><E117/><V70/><F118/><W102/><G111/><T109/><D19/><U46/><E104/><V106/><F121/><N who="0" m="46090" /><D94/><U56/><E33/><V26/><F70/><N who="0" m="27242" /><D87/><U62/><E130/><V2/><F106/><W113/><G75/><T125/><D78/><U1/><E1/><V116/><F116/><W105/><G6/><T92/><D92/><U36/><E36/><V99/><F129/><W71/><G67/><T13/><D125/><U81/><E72/><V30/><F127/><W128/><G128/><T119/><D119/><U96/><E96/><V110/><F110/><AGARI ba="0,0" hai="4,9,13,53,54,108,109,110" m="27242,46090" machi="110" ten="40,1300,0" yaku="13,1" doraHai="77" who="0" fromWho="2" sc="185,13,250,0,265,-13,300,0" /><INIT seed="6,0,0,0,3,118" ten="198,250,252,300" oya="2" hai0="102,117,40,119,130,89,109,67,41,71,13,68,103" hai1="14,132,46,133,124,100,70,32,125,84,69,127,19" hai2="12,18,131,92,93,135,76,52,111,44,55,105,75" hai3="39,104,66,64,50,27,110,9,99,25,2,16,60"/><V98/><F105/><W108/><G39/><T116/><D109/><U87/><E32/><V22/><F135/><N who="1" m="51785" /><E100/><N who="0" m="38441" /><D13/><U81/><E46/><V79/><F131/><W126/><G60/><T77/><D67/><U94/><E94/><V36/><F111/><W53/><G99/><T78/><D89/><N who="1" m="51343" /><E87/><V26/><F75/><W21/><G104/><T58/><D58/><U95/><E95/><N who="2" m="36427" /><F36/><W54/><G66/><T10/><D10/><AGARI ba="0,0" hai="10,14,19,69,70,124,125,127" m="51343,51785" machi="10" ten="40,2600,0" yaku="18,1,20,1" doraHai="118" who="1" fromWho="0" sc="198,-26,250,26,252,0,300,0" /><INIT seed="7,0,0,3,4,34" ten="172,276,252,300" oya="3" hai0="42,83,0,134,79,23,62,25,5,76,22,39,38" hai1="9,61,122,124,14,11,115,89,71,128,3,12,111" hai2="6,86,50,132,78,120,48,110,127,41,77,90,72" hai3="15,88,2,32,75,80,29,126,51,101,70,45,102"/><W131/><G2/><T119/><D119/><U103/><E103/><V40/><F72/><W16/><G70/><T121/><D121/><U84/><E122/><V105/><F105/><W7/><G7/><T92/><D134/><U106/><E106/><V54/><F110/><W21/><G131/><T8/><D79/><U99/><E99/><V69/><F69/><W108/><G126/><T65/><D92/><U44/><E111/><V30/><F127/><W135/><G135/><T52/><D42/><U35/><E35/><V87/><F132/><W46/><G46/><T93/><D93/><U91/><E124/><V37/><F37/><W57/><G57/><T68/><D52/><U109/><E109/><V24/><F6/><W129/><G129/><T59/><D68/><U73/><E73/><V17/><F17/><W82/><G82/><T43/><D43/><U36/><E115/><V64/><F64/><W53/><G108/><T125/><D125/><U74/><E74/><V117/><F117/><W133/><G133/><T19/><REACH who="0" step="1"/><D23/><REACH who="0" ten="162,276,252,300" step="2"/><U116/><E71/><V20/><F120/><W13/><G53/><T55/><D55/><U66/><E116/><V104/><F41/><W33/><G33/><T123/><D123/><U26/><E44/><V97/><F40/><W118/><G45/><T81/><D81/><U94/><E94/><N who="2" m="56535" /><F104/><W31/><G32/><T107/><D107/><U10/><E36/><V114/><F54/><W1/><G80/><T56/><D56/><U113/><E89/><V49/><F114/><W47/><G118/><T63/><D63/><U58/><E61/><RYUUKYOKU ba="0,1" sc="162,15,276,-15,252,15,300,-15" hai0="0,5,8,19,22,25,38,39,59,62,65,76,83" hai2="20,24,30,48,49,50,77,78,86,87" /><INIT seed="8,1,1,2,4,127" ten="177,261,267,285" oya="0" hai0="62,114,21,47,97,63,117,49,55,92,3,75,38" hai1="88,120,102,76,33,26,30,126,5,87,70,42,101" hai2="35,65,82,112,89,12,34,79,31,106,86,113,67" hai3="10,123,80,7,84,94,68,22,74,24,29,44,48"/><T91/><D114/><U13/><E120/><V37/><F37/><W83/><G68/><T61/><D75/><U122/><E122/><V124/><F124/><W125/><G125/><T99/><D117/><U50/><E70/><V25/><F35/><W56/><G123/><T15/><D3/><U54/><E126/><V64/><F106/><W36/><G36/><T109/><D109/><U108/><E108/><V52/><F12/><N who="3" m="5215" /><G56/><T57/><D38/><U51/><E76/><V28/><F28/><W19/><G29/><T4/><D99/><U53/><E42/><V134/><F134/><W90/><G74/><T119/><D119/><U105/><E5/><V20/><F34/><W81/><G81/><T11/><REACH who="0" step="1"/><D21/><REACH who="0" ten="167,261,267,285" step="2"/><U6/><E33/><V77/><F113/><W73/><G73/><T18/><D18/><U72/><E72/><V98/><F112/><W46/><G46/><AGARI ba="1,2" hai="4,11,15,46,47,49,55,57,61,62,63,91,92,97" machi="46" ten="40,3900,0" yaku="1,1,8,1,53,0" doraHai="127" doraHaiUra="71" who="0" fromWho="3" sc="167,62,261,0,267,0,285,-42" /><INIT seed="8,2,0,4,3,115" ten="229,261,267,243" oya="0" hai0="55,1,123,22,82,89,41,6,42,107,65,104,15" hai1="112,127,90,9,32,117,62,78,21,99,60,135,36" hai2="103,33,0,47,40,25,108,54,20,50,43,29,16" hai3="122,11,96,5,91,56,58,133,67,118,102,113,13"/><T101/><D123/><U84/><E32/><V45/><F108/><W80/><G122/><T74/><D1/><U68/><E36/><V100/><F0/><W3/><G113/><T23/><D65/><U27/><E68/><V83/><F83/><W44/><G133/><T49/><D107/><U109/><E109/><V126/><F126/><W69/><G3/><T129/><D129/><U66/><E66/><V37/><REACH who="2" step="1"/><F43/><REACH who="2" ten="229,261,257,243" step="2"/><N who="0" m="16394" /><D74/><U17/><E127/><V87/><F87/><W64/><G80/><T131/><D131/><U57/><E84/><V92/><F92/><W76/><G69/><T125/><D125/><U106/><E112/><V132/><F132/><W70/><G70/><T38/><D38/><U81/><E135/><V95/><F95/><W19/><G76/><T59/><D104/><U24/><E78/><V26/><AGARI ba="2,1" hai="16,20,25,26,29,33,37,40,45,47,50,54,100,103" machi="26" ten="20,5200,0" yaku="1,1,0,1,7,1,54,1,53,0" doraHai="115" doraHaiUra="110" who="2" fromWho="2" sc="229,-28,261,-15,257,68,243,-15" owari="201,-29.9,246,4.6,325,42.5,228,-17.2" /></mjloggm>