<mjloggm ver="2.3"><GO type="169" lobby="0"/><UN n0="%70%6F%6E%2D%65%6E" n1="%63%61%74%6D%65%56%47%43" n2="%2D%E8%B1%8A%E5%8F%A3%E3%82%81%E3%81%90%E3%81%BF%2D" n3="%E3%81%BD%E3%81%A3%E3%81%91%E3%81%95%E3%82%93" dan="16,18,17,17" rate="2147.59,2267.74,2163.98,2195.14" sx="F,M,F,M"/><TAIKYOKU oya="0"/><INIT seed="0,0,0,0,4,35" ten="250,250,250,250" oya="0" hai0="20,38,62,47,65,123,48,83,43,32,90,9,49" hai1="67,18,8,129,128,13,84,81,5,73,115,63,88" hai2="101,28,82,119,106,118,91,34,19,114,113,109,0" hai3="15,36,45,100,24,95,21,104,69,116,74,105,121"/><T70/><D32/><U99/><E115/><V126/><F101/><W108/><G74/><T29/><D123/><U111/><E111/><V77/><F106/><W131/><G69/><T25/><D90/><U22/><E99/><V127/><F91/><W26/><G95/><T66/><D66/><U52/><E73/><V76/><F19/><W68/><G68/><T3/><REACH who="0" step="1"/><D83/><REACH who="0" ten="240,250,250,250" step="2"/><U75/><E67/><V102/><F34/><W33/><G33/><T64/><D64/><U10/><E129/><V58/><F82/><W50/><G131/><T94/><D94/><U72/><E128/><V6/><F113/><W96/><G104/><T42/><D42/><U133/><E133/><V120/><F114/><W60/><G105/><T107/><D107/><U12/><REACH who="1" step="1"/><E22/><REACH who="1" ten="240,240,250,250" step="2"/><V80/><F120/><W89/><G21/><T7/><AGARI ba="0,2" hai="3,7,9,20,25,29,38,43,47,48,49,62,65,70" machi="7" ten="30,6000,0" yaku="1,1,0,1,52,1,53,0" doraHai="35" doraHaiUra="93" who="0" fromWho="0" sc="240,80,240,-20,250,-20,250,-20" /><INIT seed="0,1,0,5,3,2" ten="320,220,230,230" oya="0" hai0="92,28,57,100,119,22,73,90,76,62,3,63,93" hai1="34,111,115,106,118,58,89,98,24,50,7,101,54" hai2="112,42,74,107,45,82,13,99,71,21,51,97,5" hai3="104,38,37,130,15,19,18,125,114,35,117,134,31"/><T67/><D119/><U59/><E111/><V80/><F112/><W64/><G104/><T124/><D124/><U23/><E115/><V32/><F32/><W49/><G49/><T26/><D73/><U91/><E34/><V128/><F71/><W81/><G15/><T41/><D76/><U27/><E27/><V60/><F128/><W95/><G95/><T85/><D41/><U56/><E7/><V66/><F107/><W16/><G19/><T17/><D3/><U44/><REACH who="1" step="1"/><E118/><REACH who="1" ten="320,210,230,230" step="2"/><V20/><F5/><W25/><G25/><T96/><D63/><U94/><E94/><V120/><F13/><W12/><G12/><T10/><D10/><U84/><E84/><V88/><F20/><W126/><G35/><T36/><D36/><U46/><E46/><V0/><F21/><W75/><G38/><T43/><REACH who="0" step="1"/><D43/><REACH who="0" ten="310,210,230,230" step="2"/><U127/><E127/><V132/><F0/><W133/><G37/><T129/><D129/><U4/><E4/><V68/><F42/><W113/><G130/><T65/><D65/><U69/><E69/><V131/><F131/><W102/><G117/><T48/><D48/><U135/><E135/><V123/><F132/><W53/><G133/><T116/><D116/><U86/><E86/><N who="2" m="50247" /><F51/><W33/><G134/><T70/><D70/><U8/><E8/><V78/><F68/><W79/><G125/><T14/><D14/><U72/><E72/><V105/><F66/><W87/><G64/><T39/><D39/><U55/><E55/><V103/><F60/><W30/><G126/><T29/><AGARI ba="1,2" hai="17,22,26,28,29,57,62,67,85,90,92,93,96,100" machi="29" ten="30,11700,0" yaku="1,1,0,1,8,1,53,1" doraHai="2" doraHaiUra="52" who="0" fromWho="0" sc="310,140,210,-40,230,-40,230,-40" /><INIT seed="0,2,0,5,4,5" ten="450,170,190,190" oya="0" hai0="3,76,34,121,27,15,43,26,67,37,54,115,80" hai1="33,16,105,94,75,4,51,63,25,62,128,18,132" hai2="119,108,64,102,48,40,100,95,90,79,98,23,122" hai3="74,20,83,111,130,24,118,114,116,59,46,117,47"/><T65/><D115/><U109/><E105/><V42/><F122/><W70/><G70/><T125/><D3/><U129/><E75/><V96/><F108/><W84/><G74/><T68/><D121/><U99/><E109/><V106/><F79/><W93/><G111/><T31/><D125/><U113/><E113/><V104/><F119/><W110/><G114/><T85/><D68/><U9/><E132/><V19/><F64/><W103/><G110/><T78/><D78/><U36/><E36/><V86/><REACH who="2" step="1"/><F48/><REACH who="2" ten="450,170,180,190" step="2"/><W127/><G118/><T66/><D67/><U0/><E51/><V69/><F69/><W133/><G117/><T87/><D66/><U13/><E63/><V1/><F1/><W53/><G116/><T14/><D65/><U7/><E62/><V12/><AGARI ba="2,1" hai="12,19,23,40,42,86,90,95,96,98,100,102,104,106" machi="12" ten="20,5200,0" yaku="1,1,0,1,7,1,9,1,53,0" doraHai="5" doraHaiUra="50" who="2" fromWho="2" sc="450,-28,170,-15,180,68,190,-15" /><INIT seed="1,0,0,1,4,3" ten="422,155,248,175" oya="1" hai0="132,51,73,129,52,21,25,116,67,66,119,114,90" hai1="100,80,59,128,75,76,33,23,49,11,82,101,54" hai2="134,55,57,47,46,89,68,58,109,22,117,14,79" hai3="81,72,83,127,88,35,7,56,36,18,110,26,0"/><U113/><E113/><V78/><F117/><W131/><G36/><T61/><D114/><U9/><E33/><V121/><F121/><W48/><G110/><T1/><D73/><U53/><E128/><V41/><F68/><W2/><G131/><T45/><D129/><U28/><E80/><V29/><F109/><W10/><G127/><T77/><D77/><U115/><E115/><V97/><F58/><W95/><G2/><T123/><D132/><U126/><E126/><V27/><F134/><W24/><G72/><T65/><D123/><U30/><E54/><V74/><F74/><W37/><G37/><T85/><D1/><U38/><E38/><V17/><F89/><W40/><G26/><T43/><D43/><U6/><E9/><V71/><F97/><W62/><G48/><T39/><D39/><U60/><E49/><N who="2" m="26831" /><F71/><W94/><G94/><T63/><D119/><U13/><REACH who="1" step="1"/><E23/><REACH who="1" ten="422,145,248,175" step="2"/><N who="2" m="11703" /><F47/><W4/><G40/><T87/><D116/><U106/><E106/><V93/><F93/><W70/><G35/><T69/><D67/><U50/><E50/><AGARI ba="0,1" hai="22,27,29,50,55,57,78,79" m="11703,26831" machi="50" ten="30,1000,0" yaku="8,1" doraHai="3" who="2" fromWho="1" sc="422,0,145,-10,248,20,175,0" /><INIT seed="2,0,0,5,1,88" ten="422,135,268,175" oya="2" hai0="90,34,100,102,5,76,31,38,95,71,52,64,124" hai1="73,79,121,6,42,2,13,130,25,126,17,75,93" hai2="56,53,82,50,120,32,24,59,48,81,45,106,43" hai3="122,54,74,101,33,98,87,46,4,105,22,84,7"/><V89/><F120/><W1/><G33/><T62/><D124/><U99/><E126/><V72/><F106/><W30/><G74/><T55/><D38/><U96/><E121/><V37/><F72/><W118/><G122/><T91/><D76/><U9/><E130/><V51/><F32/><W132/><G118/><T134/><D134/><U18/><E42/><V127/><F127/><W94/><G105/><T111/><D111/><U86/><E99/><V11/><F24/><N who="3" m="16663" /><G1/><T27/><D90/><U116/><E17/><V3/><F3/><W131/><G131/><T67/><D67/><U103/><E25/><V39/><F11/><W92/><G132/><T69/><D69/><U40/><E40/><V57/><F39/><W58/><G46/><T47/><D5/><N who="3" m="2121" /><G92/><T108/><D108/><U119/><E119/><V41/><F41/><W135/><G135/><T68/><D68/><U133/><E116/><V114/><F114/><W107/><G107/><T104/><D47/><U14/><E133/><V20/><F20/><W83/><G83/><T23/><D23/><U8/><REACH who="1" step="1"/><E2/><REACH who="1" ten="422,125,268,175" step="2"/><V12/><F37/><W21/><G21/><T44/><D34/><U70/><E70/><V63/><F43/><W26/><G26/><T80/><D27/><U129/><E129/><V16/><F12/><W115/><G115/><T61/><D71/><U110/><E110/><V78/><F16/><W35/><G35/><T28/><D31/><U66/><E66/><V97/><F53/><W65/><G65/><T128/><D55/><U109/><E109/><V49/><N who="2" m="12288" /><DORA hai="19" /><V125/><F125/><RYUUKYOKU ba="0,1" sc="422,-15,125,15,268,-15,175,15" hai1="6,8,9,13,14,18,73,75,79,86,93,96,103" hai3="54,58,84,87,94,98,101" /><INIT seed="3,1,1,1,4,50" ten="407,140,253,190" oya="3" hai0="95,102,91,127,61,77,64,87,12,17,106,59,52" hai1="31,60,19,132,117,108,133,130,38,75,56,78,70" hai2="32,8,81,43,67,51,98,103,74,44,134,73,113" hai3="118,123,69,58,119,45,104,24,0,131,13,6,47"/><W25/><G69/><T10/><D127/><U22/><E38/><V41/><F113/><W48/><G0/><T18/><D106/><U111/><E70/><V35/><F134/><N who="1" m="51817" /><E31/><V54/><F67/><W46/><G104/><T109/><D109/><N who="1" m="42059" /><E130/><V93/><F8/><W57/><G123/><T33/><D33/><U97/><E97/><V71/><F71/><W126/><G131/><T80/><D102/><U53/><E117/><V28/><F28/><W83/><G126/><T96/><REACH who="0" step="1"/><D64/><REACH who="0" ten="397,140,253,190" step="2"/><U42/><E42/><V27/><F43/><W63/><G118/><T72/><D72/><U116/><E116/><V101/><F74/><W36/><G119/><T121/><D121/><U55/><E55/><V4/><F41/><W29/><G36/><T112/><D112/><U23/><E19/><AGARI ba="1,2" hai="10,12,17,18,19,52,59,61,77,80,87,91,95,96" machi="19" ten="30,8000,1" yaku="1,1,7,1,8,1,52,1,54,1,53,0" doraHai="50" doraHaiUra="3" who="0" fromWho="1" sc="397,103,140,-83,253,0,190,0" /><INIT seed="4,0,0,3,1,20" ten="500,57,253,190" oya="0" hai0="11,88,27,59,50,125,131,69,13,17,97,117,19" hai1="16,31,132,93,6,64,104,42,107,26,74,39,33" hai2="124,73,113,123,87,56,38,51,105,0,101,4,92" hai3="108,8,1,86,34,7,48,23,134,103,62,100,114"/><T82/><D69/><U112/><E74/><V28/><F123/><W57/><G34/><T47/><D117/><U94/><E132/><V25/><F38/><W3/><G108/><T49/><D125/><U84/><E6/><V95/><F73/><W18/><G1/><T77/><D131/><U91/><E64/><V60/><F113/><W52/><G114/><T118/><D118/><U61/><E61/><V96/><F124/><W116/><G134/><T127/><D127/><U89/><E112/><V45/><F87/><W122/><G122/><T37/><D37/><U58/><E58/><V76/><F76/><W29/><G29/><T68/><D68/><U133/><E133/><V121/><F121/><W54/><G116/><T70/><D70/><U78/><E78/><V98/><F4/><W135/><G86/><T72/><D59/><U75/><E75/><V128/><F0/><W12/><G135/><T10/><D47/><AGARI ba="0,0" hai="3,7,8,12,18,23,47,48,52,54,57,62,100,103" machi="47" ten="30,2000,0" yaku="7,1,54,1" doraHai="20" who="3" fromWho="0" sc="500,-20,57,0,253,0,190,20" /><INIT seed="5,0,0,0,3,77" ten="480,57,253,210" oya="1" hai0="13,34,66,134,29,104,128,28,95,18,96,36,32" hai1="102,9,75,6,67,52,8,99,82,89,26,35,53" hai2="78,33,61,10,130,98,113,85,106,118,87,109,76" hai3="50,83,97,30,117,44,64,22,46,57,12,54,48"/><U108/><E108/><V84/><F33/><W20/><G117/><T74/><D36/><U121/><E121/><V24/><F118/><W1/><G1/><T4/><D104/><U0/><E67/><V73/><F24/><W114/><G114/><T60/><D74/><U21/><E35/><V41/><F41/><W81/><G64/><T132/><D128/><U131/><E8/><V120/><F61/><W7/><G97/><T125/><D125/><U49/><E131/><V92/><F10/><N who="3" m="4191" /><G46/><T31/><D4/><U123/><E123/><V43/><F43/><N who="3" m="24607" /><G30/><T25/><D34/><U59/><E53/><V100/><F130/><W110/><G110/><T93/><D32/><U16/><E75/><V58/><F58/><W23/><AGARI ba="0,0" hai="20,22,23,50,54,57,81,83" m="24607,4191" machi="23" ten="30,4000,0" yaku="8,1,52,2" doraHai="77" who="3" fromWho="3" sc="480,-10,57,-20,253,-10,210,40" /><INIT seed="6,0,0,5,1,39" ten="470,37,243,250" oya="2" hai0="99,4,0,48,110,133,90,85,63,96,54,134,76" hai1="83,16,79,112,18,84,73,62,3,124,68,43,50" hai2="98,61,125,94,45,24,51,105,132,25,70,102,91" hai3="114,34,56,131,87,13,117,80,55,106,60,113,32"/><V23/><F125/><W12/><G106/><T118/><D110/><U10/><E124/><V82/><F132/><W111/><G111/><T119/><D63/><U19/><E112/><N who="3" m="43114" /><G117/><N who="0" m="44555" /><D76/><U26/><E73/><V93/><F82/><W108/><G108/><T97/><D4/><U5/><E26/><V129/><F129/><W29/><G131/><T59/><D0/><U9/><E9/><V22/><F70/><W75/><G75/><T42/><D42/><U69/><REACH who="1" step="1"/><E62/><REACH who="1" ten="470,27,243,250" step="2"/><V44/><F61/><W128/><G128/><T1/><D1/><U21/><E21/><V89/><F23/><W77/><G34/><T66/><D134/><U104/><E104/><V107/><F107/><W71/><G71/><T100/><D133/><U40/><E40/><V46/><F25/><AGARI ba="0,1" hai="12,13,25,29,32,55,56,60,77,80,87" m="43114" machi="25" ten="30,2000,0" yaku="15,1,11,1" doraHai="39" who="3" fromWho="2" sc="470,0,27,0,243,-20,250,30" /><INIT seed="7,0,0,4,0,53" ten="470,27,223,280" oya="3" hai0="49,97,63,17,123,2,46,35,90,102,79,48,27" hai1="72,88,13,15,6,73,52,135,92,127,133,104,60" hai2="120,22,65,83,9,57,14,95,0,100,11,47,93" hai3="1,66,98,75,129,114,50,118,41,68,26,20,61"/><W77/><G118/><T19/><D2/><U3/><E3/><V70/><F70/><W76/><G1/><T43/><D123/><U132/><E104/><V4/><F120/><W74/><G114/><T29/><D79/><U54/><E127/><V23/><F83/><W32/><G32/><T134/><D90/><U99/><E6/><V18/><F47/><W71/><G71/><T39/><D134/><U86/><E86/><V119/><F119/><W89/><G129/><T111/><D111/><U58/><E72/><V128/><F128/><W87/><G98/><T37/><D48/><U24/><E73/><V113/><F113/><W115/><G115/><T110/><D110/><U21/><REACH who="1" step="1"/><E54/><REACH who="1" ten="470,17,223,280" step="2"/><V121/><F4/><W117/><G74/><T81/><D97/><U96/><E96/><V28/><F0/><W105/><G75/><T45/><D43/><U40/><E40/><V7/><F7/><W64/><G41/><T125/><D125/><U91/><E91/><V56/><F121/><W82/><G89/><T108/><D102/><U5/><E5/><V25/><F100/><W55/><G87/><T131/><D131/><U130/><E130/><V106/><F106/><W112/><G105/><T42/><D42/><U69/><E69/><V67/><F67/><W10/><G66/><T107/><D107/><U33/><E33/><V122/><F122/><W78/><G64/><T62/><D35/><U126/><E126/><V12/><F65/><W51/><G68/><T31/><D108/><U109/><E109/><V84/><F84/><W38/><G78/><T85/><D85/><RYUUKYOKU ba="0,1" sc="470,-10,17,30,223,-10,280,-10" hai1="13,15,21,24,52,58,60,88,92,99,132,133,135" owari="470,57.0,47,-45.3,213,-18.7,270,7.0" /></mjloggm>