<mjloggm ver="2.3"><GO type="169" lobby="0"/><UN n0="%E5%8C%97%E6%AC%A7%E3%81%AE%E3%82%82%E3%81%93%E3%81%86" n1="%E3%81%9F%E3%81%8B%31%34%31" n2="%E3%81%97%E3%82%82%E3%82%93%E3%81%AC" n3="%E3%81%8B%E3%81%A3%E3%81%95%E3%83%BC" dan="16,16,16,16" rate="2131.69,2123.65,2170.21,2150.63" sx="M,M,M,M"/><TAIKYOKU oya="0"/><INIT seed="0,0,0,1,1,98" ten="250,250,250,250" oya="0" hai0="80,113,109,126,110,23,42,73,13,51,133,14,82" hai1="76,115,111,87,105,131,65,101,5,124,64,7,96" hai2="91,118,1,20,49,38,88,107,100,134,56,85,63" hai3="86,123,67,54,77,83,12,116,48,3,8,127,30"/><T29/><D113/><U11/><E115/><V6/><F38/><W66/><G116/><T36/><D36/><U31/><E111/><N who="0" m="42505" /><D133/><U10/><E124/><V103/><F134/><W27/><G3/><T108/><D126/><U59/><E131/><V84/><F107/><W46/><G123/><T47/><N who="0" m="42513" /><T72/><DORA hai="95" /><D29/><U122/><E122/><V37/><F37/><W58/><G127/><T18/><D13/><U94/><E31/><V90/><F118/><W44/><G44/><T70/><D70/><U78/><E105/><V28/><F1/><W117/><G46/><T26/><D26/><U50/><E87/><N who="2" m="33355" /><F49/><W53/><G53/><T112/><D112/><U41/><E41/><V129/><F129/><W35/><REACH who="3" step="1"/><G117/><REACH who="3" ten="250,250,250,240" step="2"/><T16/><D18/><AGARI ba="0,1" hai="8,12,18,27,30,35,48,54,58,66,67,77,83,86" machi="18" ten="30,7700,0" yaku="1,1,2,1,7,1,53,1" doraHai="98,95" doraHaiUra="81,32" who="3" fromWho="0" sc="250,-77,250,0,250,0,240,87" /><INIT seed="1,0,0,1,3,15" ten="173,250,250,327" oya="1" hai0="109,134,8,76,40,36,44,113,61,114,72,116,108" hai1="66,54,25,111,124,132,87,103,133,6,93,84,123" hai2="18,67,99,55,129,20,62,105,57,65,49,59,82" hai3="23,10,12,27,24,89,119,63,74,11,21,71,100"/><U91/><E123/><V78/><F129/><W127/><G74/><T41/><D8/><U94/><E66/><V26/><F105/><W122/><G119/><T106/><D106/><U37/><E37/><V102/><F99/><W64/><G122/><T29/><D29/><U47/><E124/><V16/><F102/><W125/><G100/><T22/><D22/><U53/><E6/><V48/><F65/><W79/><G79/><T81/><D116/><U120/><E120/><V1/><F1/><W112/><G112/><T85/><D61/><U9/><E9/><V17/><REACH who="2" step="1"/><F49/><REACH who="2" ten="173,250,240,327" step="2"/><W115/><G127/><T68/><D114/><U51/><E103/><V128/><F128/><W98/><G125/><T92/><D113/><U77/><E51/><V117/><F117/><W60/><G98/><T30/><D134/><U52/><E133/><V45/><F45/><W131/><G131/><T130/><D130/><U5/><E132/><V88/><F88/><W126/><G89/><N who="0" m="53295" /><D68/><U83/><E47/><V32/><F32/><W42/><G64/><T4/><D44/><U38/><E38/><V110/><F110/><N who="0" m="42602" /><D36/><U69/><E69/><V104/><F104/><W135/><G71/><T96/><D96/><U56/><E111/><V70/><F70/><W28/><G135/><T3/><D30/><U13/><E56/><V7/><F7/><W101/><G126/><T14/><D3/><U95/><E5/><V121/><F121/><W19/><G115/><T118/><D118/><U39/><E39/><V97/><F97/><W46/><G46/><T86/><D72/><AGARI ba="0,1" hai="16,17,18,20,26,48,55,57,59,62,67,72,78,82" machi="72" ten="30,12000,2" yaku="1,1,7,1,52,3,54,1,53,0" doraHai="15" doraHaiUra="33" who="2" fromWho="0" sc="173,-120,250,0,240,130,327,0" /><INIT seed="2,0,0,1,3,35" ten="53,250,370,327" oya="2" hai0="110,1,96,6,80,72,19,67,109,41,15,74,121" hai1="84,18,49,104,47,69,119,106,14,92,129,25,10" hai2="118,103,8,81,66,135,132,59,13,23,99,56,50" hai3="20,34,75,30,52,38,100,77,2,112,64,68,91"/><V4/><F118/><W70/><G38/><T12/><D121/><U93/><E119/><V31/><F81/><W78/><G34/><T97/><D67/><U0/><E69/><V5/><F5/><W116/><G116/><T128/><D128/><U95/><E129/><V29/><F56/><W55/><G100/><T39/><D41/><U48/><E48/><V27/><F29/><W90/><G20/><T60/><D60/><U133/><E133/><V71/><F71/><W86/><G86/><T73/><D80/><U117/><E117/><V33/><F33/><W43/><G43/><T82/><D82/><U26/><E84/><V36/><F36/><W45/><G2/><T111/><D39/><U125/><E125/><V24/><F24/><W122/><G30/><T37/><D37/><U130/><E130/><V83/><F83/><W127/><G75/><T57/><D57/><U105/><REACH who="1" step="1"/><E0/><REACH who="1" ten="53,240,370,327" step="2"/><V62/><REACH who="2" step="1"/><F50/><REACH who="2" ten="53,240,360,327" step="2"/><W107/><G70/><T9/><REACH who="0" step="1"/><D12/><REACH who="0" ten="43,240,360,327" step="2"/><U115/><E115/><V101/><F101/><W17/><G112/><T11/><AGARI ba="0,3" hai="1,6,9,11,15,19,72,73,74,96,97,109,110,111" machi="11" ten="40,8000,1" yaku="1,1,2,1,0,1,14,1,52,1,53,0" doraHai="35" doraHaiUra="61" who="0" fromWho="0" sc="43,110,240,-20,360,-40,327,-20" /><INIT seed="3,0,0,4,1,99" ten="153,220,320,307" oya="3" hai0="110,16,4,41,94,9,74,87,69,55,52,56,36" hai1="134,70,63,93,15,84,79,109,61,0,133,89,112" hai2="14,124,72,31,82,7,73,22,1,60,76,6,118" hai3="25,78,30,125,35,75,81,17,128,71,103,120,130"/><W67/><G120/><T66/><D74/><U51/><E0/><V53/><F118/><W123/><G123/><T34/><D34/><U37/><E37/><V114/><F114/><W129/><G125/><T132/><D110/><U2/><E2/><V38/><F73/><W33/><G17/><T104/><D104/><U86/><E112/><V96/><F38/><W119/><G119/><T20/><D132/><N who="1" m="50795" /><E109/><V100/><F1/><W106/><G35/><T59/><D69/><U5/><E51/><V32/><F32/><W122/><G122/><T92/><D41/><U42/><E42/><V45/><F124/><W21/><G21/><T27/><D36/><U64/><E63/><V24/><F14/><W97/><G67/><T29/><D66/><U50/><E50/><V39/><F39/><W10/><G10/><T65/><D65/><U80/><E15/><V11/><F11/><W83/><G83/><T12/><D87/><U54/><E54/><N who="0" m="20521" /><D4/><AGARI ba="0,0" hai="4,5,61,64,70,79,80,84,86,89,93" m="50795" machi="4" ten="30,1000,0" yaku="20,1" doraHai="99" who="1" fromWho="0" sc="153,-10,220,10,320,0,307,0" /><INIT seed="4,0,0,2,1,57" ten="143,230,320,307" oya="0" hai0="93,11,29,40,5,49,36,91,128,20,106,87,80" hai1="113,83,26,72,132,3,31,1,79,24,127,4,88" hai2="123,51,69,64,121,63,34,15,110,126,43,62,103" hai3="18,19,54,129,108,61,59,9,41,111,97,23,52"/><T77/><D128/><U85/><E132/><V95/><F34/><W130/><G41/><T38/><D106/><U12/><E127/><V65/><F110/><W125/><G125/><T100/><D100/><U45/><E113/><V74/><F74/><W47/><G9/><T32/><D32/><U105/><E105/><V56/><F126/><W90/><G47/><N who="0" m="25831" /><D29/><U58/><E45/><N who="2" m="26047" /><F15/><W48/><G48/><T25/><D36/><U84/><E72/><V14/><F14/><W122/><G54/><T134/><D134/><U116/><E116/><V82/><F82/><W30/><G30/><N who="0" m="17703" /><D38/><U44/><E44/><V17/><F103/><W8/><G8/><T33/><D33/><U37/><E37/><V53/><F95/><N who="3" m="56567" /><G18/><T117/><D117/><U2/><E31/><V102/><F17/><W98/><G122/><N who="2" m="46601" /><F102/><W50/><G50/><T92/><D91/><U70/><E1/><V21/><F21/><W46/><G46/><T118/><D118/><U112/><E2/><V55/><AGARI ba="0,0" hai="53,55,56,62,63,64,65,69" m="46601,26047" machi="55" ten="30,7900,0" yaku="34,2,52,2" doraHai="57" who="2" fromWho="2" sc="143,-39,230,-20,320,79,307,-20" /><INIT seed="5,0,0,0,5,128" ten="104,210,399,287" oya="1" hai0="10,116,26,84,86,14,4,21,45,117,85,37,36" hai1="111,114,22,124,82,125,133,64,39,32,40,49,118" hai2="75,97,47,83,60,73,48,132,52,50,123,108,25" hai3="62,69,92,104,105,126,15,43,20,107,63,29,89"/><U90/><E32/><V58/><F108/><W42/><G126/><N who="1" m="48746" /><E118/><V127/><F123/><W76/><G76/><T94/><D94/><U44/><E111/><V46/><F127/><W11/><G20/><T130/><D130/><U31/><E114/><V81/><F97/><W53/><G29/><T34/><D34/><U96/><E64/><V12/><F25/><W59/><G63/><T88/><D45/><U23/><E31/><V70/><F70/><W68/><G69/><T112/><D112/><U3/><E3/><V38/><F38/><W18/><REACH who="3" step="1"/><G68/><REACH who="3" ten="104,210,399,277" step="2"/><T57/><D117/><U95/><E22/><V119/><F60/><W109/><G109/><T80/><D116/><U0/><E23/><V99/><F119/><W28/><G28/><N who="0" m="17487" /><D36/><U93/><E39/><V91/><F48/><W135/><G135/><T115/><D37/><U5/><E133/><V74/><F132/><W51/><G51/><T110/><D110/><U98/><E0/><V78/><F78/><W19/><G19/><T67/><D115/><U30/><E30/><V6/><F50/><W106/><N who="3" m="26624" /><DORA hai="102" /><W16/><G16/><T101/><D101/><N who="1" m="60559" /><E5/><V35/><F6/><W121/><G121/><T33/><D33/><U8/><E8/><V122/><F35/><W87/><AGARI ba="0,1" hai="11,15,18,42,43,53,59,62,87,89,92" m="26624" machi="87" ten="60,16000,3" yaku="1,1,0,1,52,4,53,4" doraHai="128,102" doraHaiUra="77,103" who="3" fromWho="3" sc="104,-40,210,-80,399,-40,277,170" /><INIT seed="6,0,0,2,2,84" ten="64,130,359,447" oya="2" hai0="49,4,23,85,95,69,53,8,114,133,89,22,48" hai1="90,63,13,39,73,57,16,115,109,126,34,21,1" hai2="19,131,105,97,54,62,26,20,98,103,75,60,119" hai3="91,12,11,86,29,121,9,33,83,129,72,134,64"/><V58/><F131/><W128/><G121/><T42/><D133/><U106/><E109/><V25/><F119/><W47/><G134/><T51/><D114/><U108/><E108/><V135/><F135/><W35/><G72/><T93/><D69/><U68/><E68/><V132/><F132/><W3/><G3/><T41/><D53/><U18/><E39/><V71/><F75/><W74/><G74/><T44/><D95/><U43/><E43/><V7/><F7/><W45/><G64/><T76/><D76/><U28/><E1/><V87/><F97/><W92/><G92/><T96/><D96/><U124/><E106/><V117/><F117/><W32/><G29/><T67/><D67/><U61/><E73/><V113/><F113/><W46/><REACH who="3" step="1"/><G9/><REACH who="3" ten="64,130,359,437" step="2"/><T104/><D104/><U99/><E115/><V65/><REACH who="2" step="1"/><F87/><REACH who="2" ten="64,130,349,437" step="2"/><W2/><G2/><T130/><D130/><U31/><E99/><V127/><F127/><W88/><G88/><T110/><D110/><U79/><E90/><V82/><F82/><W78/><G78/><T36/><REACH who="0" step="1"/><D41/><REACH who="0" ten="54,130,349,437" step="2"/><U50/><E79/><V116/><F116/><W66/><G66/><T37/><D37/><U70/><E126/><V94/><F94/><W102/><G102/><T120/><D120/><U111/><E124/><V125/><F125/><W17/><AGARI ba="0,3" hai="11,12,17,32,33,35,45,46,47,83,86,91,128,129" machi="17" ten="40,5200,0" yaku="1,1,0,1,52,1,53,0" doraHai="84" doraHaiUra="38" who="3" fromWho="3" sc="54,-13,130,-13,349,-26,437,82" /><INIT seed="7,0,0,2,1,135" ten="41,117,323,519" oya="3" hai0="43,38,32,126,52,49,82,66,112,55,131,51,9" hai1="3,45,53,134,37,118,72,99,24,122,61,28,114" hai2="108,76,35,60,77,64,115,16,34,48,133,2,84" hai3="73,11,85,8,130,96,71,31,27,117,94,78,7"/><W10/><G73/><T95/><D32/><U113/><E3/><V93/><F108/><W59/><G71/><T18/><D95/><U107/><E72/><V39/><F39/><W89/><G59/><N who="0" m="33167" /><D82/><U47/><E122/><V22/><F2/><W110/><G130/><T81/><D18/><U26/><E134/><V42/><F115/><N who="1" m="44041" /><E118/><V41/><F133/><W109/><G117/><T44/><D81/><U5/><E5/><V33/><F48/><W111/><G78/><T15/><D131/><U125/><E24/><V17/><F17/><W21/><G85/><T87/><D112/><U30/><E30/><V69/><F77/><W100/><G100/><T103/><D103/><U58/><E99/><V97/><F84/><W56/><G56/><N who="0" m="32895" /><D87/><U20/><E107/><V90/><REACH who="2" step="1"/><F76/><REACH who="2" ten="41,117,313,519" step="2"/><W80/><G110/><T6/><D6/><U98/><E37/><V79/><F79/><W127/><G109/><T123/><D15/><AGARI ba="0,1" hai="15,16,22,33,34,35,41,42,60,64,69,90,93,97" machi="15" ten="40,2600,0" yaku="1,1,54,1,53,0" doraHai="135" doraHaiUra="68" who="2" fromWho="0" sc="41,-26,117,0,313,36,519,0" owari="15,-48.5,117,-28.3,349,14.9,519,61.9" /></mjloggm>