<mjloggm ver="2.3"><GO type="169" lobby="0"/><UN n0="%64%69%76%61" n1="%E5%81%BD%E9%80%A0%E6%8D%8F%E9%80%A0%E5%AE%89%E5%80%8D%E6%99%8B%E4%B8%89" n2="%E7%99%BE%E9%87%8E%E3%81%95%E3%82%93" n3="%E3%83%AD%E3%83%99%E3%83%AB%E3%82%BF%E3%81%95%E3%82%93%EF%BC%A0" dan="16,16,17,17" rate="2064.83,2131.00,2191.71,2152.45" sx="M,M,M,F"/><TAIKYOKU oya="0"/><INIT seed="0,0,0,4,4,76" ten="250,250,250,250" oya="0" hai0="26,61,21,113,133,32,37,57,40,38,2,17,99" hai1="120,89,25,30,79,105,129,35,128,4,112,53,88" hai2="45,132,77,107,6,63,135,102,51,83,65,0,46" hai3="131,33,126,54,29,82,111,74,5,97,16,41,78"/><T87/><D113/><U44/><E120/><V48/><F0/><W13/><G111/><T90/><D2/><U71/><E112/><V86/><F6/><W49/><G131/><N who="1" m="50250" /><E105/><V91/><F102/><W134/><G134/><N who="2" m="51241" /><F107/><W19/><G126/><T1/><D1/><U81/><E71/><V122/><F122/><W12/><G41/><T121/><D121/><U124/><E4/><V9/><F9/><W34/><G5/><T10/><D40/><U95/><E95/><V3/><F3/><W47/><G29/><T109/><D109/><U73/><E124/><V7/><F7/><W125/><G97/><T27/><D133/><U8/><E8/><V119/><F119/><W93/><G93/><T60/><D99/><U117/><E117/><V69/><F77/><W104/><G104/><T18/><D10/><U55/><E44/><AGARI ba="0,0" hai="44,45,46,48,51,63,65,69,83,86,91" m="51241" machi="44" ten="30,2000,0" yaku="20,1,52,1" doraHai="76" who="2" fromWho="1" sc="250,0,250,-20,250,20,250,0" /><INIT seed="1,0,0,0,5,54" ten="250,230,270,250" oya="1" hai0="135,74,92,131,73,35,125,6,5,12,78,63,22" hai1="123,94,96,11,28,105,39,1,97,71,59,58,27" hai2="122,89,30,24,47,115,0,81,110,118,119,3,52" hai3="116,64,98,31,9,128,76,121,33,44,72,84,75"/><U53/><E71/><V2/><F122/><W87/><G64/><T113/><D113/><U65/><E123/><V45/><F110/><W83/><G9/><T90/><D35/><U130/><E39/><V23/><F115/><W51/><G128/><T32/><D32/><U68/><E130/><V126/><F126/><W109/><G109/><T40/><D131/><U56/><E68/><V91/><F47/><W20/><G33/><T66/><D125/><U10/><E65/><V37/><F37/><W79/><G116/><T117/><D40/><U41/><E41/><V67/><F67/><W100/><G121/><T55/><D117/><U129/><E129/><V21/><F21/><W107/><G84/><T13/><D78/><U124/><E1/><V29/><F29/><W112/><G79/><T93/><D55/><U114/><E105/><V48/><F91/><W8/><G8/><N who="1" m="3114" /><E114/><V120/><F120/><W7/><G7/><T106/><D106/><U102/><E97/><V18/><F30/><W43/><G112/><T34/><D34/><U16/><E28/><V88/><REACH who="2" step="1"/><F89/><REACH who="2" ten="250,230,260,250" step="2"/><W104/><G31/><T127/><D90/><U82/><E124/><V15/><F15/><W26/><G20/><T108/><D22/><N who="1" m="13767" /><E82/><V46/><F46/><W85/><G44/><T57/><D108/><U14/><E14/><V42/><F42/><W99/><G43/><T133/><D127/><U17/><E17/><V134/><F134/><W4/><G83/><T77/><D66/><U86/><E86/><AGARI ba="0,1" hai="0,2,3,18,23,24,45,48,52,81,86,88,118,119" machi="86" ten="40,5200,0" yaku="1,1,54,2,53,0" doraHai="54" doraHaiUra="60" who="2" fromWho="1" sc="250,0,230,-52,260,62,250,0" /><INIT seed="2,0,0,1,5,13" ten="250,178,322,250" oya="2" hai0="55,130,85,98,28,32,30,62,131,70,43,4,106" hai1="47,2,52,17,61,124,132,10,126,46,63,84,27" hai2="114,89,56,12,41,59,60,66,90,50,42,88,94" hai3="45,125,25,33,40,21,102,31,83,76,82,65,115"/><V38/><F38/><W128/><G128/><N who="0" m="49195" /><D43/><U0/><E132/><V101/><F114/><W35/><G125/><N who="1" m="48234" /><E84/><V107/><F107/><W113/><G65/><N who="0" m="41271" /><D4/><N who="1" m="1287" /><E2/><V103/><F94/><W67/><G67/><T69/><D69/><U119/><E119/><V37/><F37/><W15/><G40/><N who="2" m="15465" /><F12/><W129/><G15/><T105/><D32/><U36/><E36/><V92/><F92/><W91/><G129/><T3/><D3/><U87/><E87/><V68/><F68/><W118/><G35/><T127/><D127/><U51/><E47/><V81/><F81/><W6/><G33/><T97/><D85/><U109/><E109/><V5/><F5/><W7/><G7/><T1/><D1/><U19/><E27/><V122/><F122/><W9/><G6/><T120/><D120/><U80/><E80/><V16/><F59/><W24/><G83/><T22/><D98/><U121/><E121/><V71/><F71/><W75/><G82/><T58/><D97/><U99/><E99/><V74/><F74/><W77/><G75/><T26/><D30/><U104/><E104/><V44/><F44/><W112/><G45/><T108/><D108/><U18/><AGARI ba="0,0" hai="17,18,19,46,51,52,61,63" m="1287,48234" machi="18" ten="30,8000,1" yaku="18,1,52,3,54,1" doraHai="13" who="1" fromWho="1" sc="250,-20,178,80,322,-40,250,-20" /><INIT seed="3,0,0,1,5,14" ten="230,258,282,230" oya="3" hai0="21,16,83,101,63,33,30,122,126,40,79,34,52" hai1="82,25,23,50,36,7,26,44,89,54,107,31,99" hai2="112,59,37,127,115,58,39,124,72,38,68,29,41" hai3="90,84,69,48,111,92,113,74,94,87,32,93,9"/><W100/><G113/><N who="2" m="43593" /><F72/><W114/><G114/><T132/><D122/><U70/><E70/><V128/><F68/><W19/><G74/><T53/><D40/><U103/><E36/><V22/><F29/><W6/><G32/><T24/><D132/><U56/><E7/><V64/><F22/><W80/><G69/><T95/><D126/><N who="2" m="48170" /><F128/><W15/><G111/><T117/><D117/><U5/><E5/><V130/><F130/><W110/><G110/><T47/><D33/><U12/><E12/><V86/><F86/><W121/><G121/><T62/><D62/><U2/><E2/><V71/><F41/><W51/><G100/><T20/><D34/><U61/><E26/><V129/><F129/><W67/><G67/><T131/><D131/><U49/><E44/><V3/><F3/><W134/><G134/><T116/><D116/><U78/><REACH who="1" step="1"/><E89/><REACH who="1" ten="230,248,282,230" step="2"/><V109/><F109/><W119/><G119/><T77/><D47/><U118/><E118/><V85/><F71/><W43/><G6/><T60/><D63/><U102/><E102/><V42/><F39/><W10/><G15/><N who="0" m="9247" /><D60/><U125/><E125/><V106/><F38/><W76/><G90/><T120/><D120/><U11/><E11/><V13/><F37/><W27/><G10/><T123/><D123/><U73/><AGARI ba="0,1" hai="23,25,31,49,50,54,56,61,73,78,82,99,103,107" machi="73" ten="20,5200,0" yaku="1,1,0,1,7,1,53,1" doraHai="14" doraHaiUra="57" who="1" fromWho="1" sc="230,-13,248,62,282,-13,230,-26" /><INIT seed="4,0,0,4,1,99" ten="217,310,269,204" oya="0" hai0="126,97,106,73,25,100,71,63,1,123,61,4,78" hai1="47,77,15,19,20,84,65,76,124,7,109,48,26" hai2="108,91,122,134,6,23,121,39,21,13,3,119,32" hai3="52,34,101,98,131,53,74,58,94,51,115,18,17"/><T50/><D123/><U130/><E109/><V112/><F39/><W118/><G115/><T24/><D126/><U127/><E130/><V107/><F108/><W43/><G118/><T55/><D71/><U59/><E59/><V0/><F107/><W44/><G131/><T90/><D73/><U67/><E124/><V80/><F80/><W75/><G34/><T40/><D40/><U132/><E132/><V133/><F91/><W16/><REACH who="3" step="1"/><G53/><REACH who="3" ten="217,310,269,194" step="2"/><T95/><D78/><U85/><E77/><V72/><F32/><W70/><G70/><T105/><D63/><AGARI ba="0,1" hai="16,17,18,43,44,51,52,58,63,74,75,94,98,101" machi="63" ten="40,8000,1" yaku="1,1,52,1,54,2,53,0" doraHai="99" doraHaiUra="129" who="3" fromWho="0" sc="217,-80,310,0,269,0,194,90" /><INIT seed="5,0,0,0,4,29" ten="137,310,269,284" oya="1" hai0="34,101,61,57,119,99,48,3,45,91,26,88,32" hai1="43,114,77,124,1,85,84,59,82,14,95,90,36" hai2="64,78,10,117,6,132,68,8,23,50,18,118,41" hai3="110,115,37,9,49,25,22,24,30,127,47,93,76"/><U5/><E1/><V73/><F132/><W16/><G115/><T97/><D3/><U111/><E114/><V17/><F64/><W63/><G110/><T96/><D119/><U53/><E111/><V123/><F68/><W116/><G127/><T40/><D26/><U103/><E124/><V98/><F98/><W89/><G37/><T67/><REACH who="0" step="1"/><D101/><REACH who="0" ten="127,310,269,284" step="2"/><U44/><E103/><V20/><F118/><W86/><G116/><T33/><AGARI ba="0,1" hai="32,33,34,40,45,48,57,61,67,88,91,96,97,99" machi="33" ten="40,12000,2" yaku="1,1,2,1,0,1,52,3,54,1,53,0" doraHai="29" doraHaiUra="134" who="0" fromWho="0" sc="127,130,310,-60,269,-30,284,-30" /><INIT seed="6,0,0,1,2,101" ten="257,250,239,254" oya="2" hai0="72,58,42,34,117,16,64,15,90,53,33,107,37" hai1="93,68,28,97,44,62,20,91,27,95,66,30,76" hai2="87,19,4,128,75,96,51,80,67,73,31,86,111" hai3="113,52,130,45,59,126,32,11,26,60,115,98,106"/><V57/><F128/><W129/><G126/><T74/><D117/><U100/><E76/><V125/><F125/><W10/><G45/><T29/><D29/><U56/><E68/><V132/><F132/><W88/><G26/><T24/><D24/><U23/><E44/><V84/><F31/><W104/><G32/><T103/><D64/><U70/><E70/><V112/><F112/><N who="3" m="43083" /><G88/><T118/><D118/><U36/><E36/><V1/><F111/><W122/><G122/><T17/><D90/><U110/><E110/><V105/><F80/><W35/><G35/><T48/><D33/><U50/><E50/><V8/><F19/><W7/><G10/><T78/><D34/><U21/><E28/><V133/><F133/><W89/><G89/><T61/><D17/><U18/><E18/><V3/><F1/><N who="3" m="495" /><G98/><AGARI ba="0,0" hai="20,21,23,27,30,56,62,66,91,93,95,97,98,100" machi="98" ten="30,7700,0" yaku="7,1,25,2,8,1" doraHai="101" who="1" fromWho="3" sc="257,0,250,77,239,0,254,-77" /><INIT seed="7,0,0,0,2,22" ten="257,327,239,177" oya="3" hai0="68,10,12,37,106,96,35,16,67,62,56,94,122" hai1="127,26,15,130,121,119,111,3,126,116,18,107,27" hai2="49,42,63,54,13,72,131,58,88,59,34,110,81" hai3="77,73,69,32,17,83,29,38,95,101,98,93,61"/><W75/><G38/><T19/><D122/><U132/><E111/><V129/><F110/><W5/><G5/><T109/><D109/><U11/><E121/><V28/><F13/><W114/><G114/><T14/><D37/><U90/><E107/><V55/><F42/><W48/><G48/><T43/><D43/><U57/><E130/><N who="2" m="49675" /><F72/><W24/><G17/><T84/><D35/><U85/><E132/><V70/><F70/><W65/><REACH who="3" step="1"/><G75/><REACH who="3" ten="257,327,239,167" step="2"/><T92/><D19/><U25/><E3/><V74/><F74/><W99/><G99/><T123/><D96/><U31/><E31/><V105/><F28/><W120/><G120/><T102/><D123/><U91/><E119/><V115/><F115/><W97/><G97/><T66/><D16/><U108/><E116/><V50/><F49/><W6/><G6/><T23/><D106/><AGARI ba="0,1" hai="24,29,32,61,65,69,73,77,83,93,95,98,101,106" machi="106" ten="30,12000,1" yaku="1,1,7,1,25,2,52,1,53,0" doraHai="22" doraHaiUra="71" who="3" fromWho="0" sc="257,-120,327,0,239,0,167,130" /><INIT seed="7,1,0,0,0,52" ten="137,327,239,297" oya="3" hai0="93,127,48,77,49,38,11,60,55,89,128,58,47" hai1="24,20,16,129,100,4,54,98,28,69,92,75,12" hai2="62,21,41,84,134,22,9,131,37,68,126,106,45" hai3="109,13,43,83,59,56,26,64,97,105,46,108,96"/><W91/><G13/><T125/><D77/><U114/><E69/><V87/><F106/><W7/><G7/><T29/><D29/><U94/><E75/><V50/><F131/><W121/><G121/><T71/><D11/><N who="1" m="4199" /><E114/><V30/><F134/><W72/><G26/><T65/><D128/><U79/><E79/><V133/><F126/><N who="0" m="48138" /><D89/><U74/><E74/><V132/><F9/><W81/><G64/><T116/><D93/><N who="1" m="58447" /><E129/><V31/><F37/><W5/><G5/><T42/><D116/><U90/><E90/><V44/><F68/><W25/><G25/><T113/><D113/><U67/><E67/><V78/><F62/><AGARI ba="1,0" hai="38,42,47,48,49,55,58,60,62,65,71" m="48138" machi="62" ten="30,7700,0" yaku="18,1,34,2,52,1" doraHai="52" who="0" fromWho="2" sc="137,80,327,0,239,-80,297,0" owari="217,-18.3,327,42.7,159,-34.1,297,9.7" /></mjloggm>