<mjloggm ver="2.3"><GO type="169" lobby="0"/><UN n0="%E4%BA%BA%E5%93%81%E3%81%AA%E3%81%97" n1="%E5%A4%A9%E7%A9%BA%E3%81%AE%E6%8A%80" n2="%E3%81%8B%E3%82%81%E3%81%98%E3%82%8D%E3%81%86" n3="%E3%82%AD%E3%83%B3%E3%82%B0%E3%81%82%E3%81%A4%E3%81%97" dan="17,16,16,16" rate="2213.55,2138.66,2151.45,2172.96" sx="M,M,M,M"/><TAIKYOKU oya="0"/><INIT seed="0,0,0,4,1,61" ten="250,250,250,250" oya="0" hai0="100,79,31,5,80,10,92,67,71,134,72,41,64" hai1="88,119,46,120,75,26,52,73,95,2,118,65,15" hai2="130,53,48,60,22,6,93,77,83,89,111,127,19" hai3="58,125,124,44,51,8,36,109,86,25,24,85,97"/><T37/><D71/><U27/><E2/><V42/><F111/><W35/><G109/><T47/><D31/><U81/><E120/><V133/><F127/><N who="3" m="48715" /><G36/><T16/><D134/><U132/><E132/><V128/><F133/><W90/><G58/><T13/><D100/><U99/><E75/><V102/><F6/><W29/><G8/><T7/><D92/><U54/><E15/><V105/><F42/><N who="3" m="24983" /><G25/><T23/><REACH who="0" step="1"/><D5/><REACH who="0" ten="240,250,250,250" step="2"/><U11/><E95/><AGARI ba="0,1" hai="24,29,35,85,86,90,95,97" m="24983,48715" machi="95" ten="30,1000,0" yaku="18,1" doraHai="61" who="3" fromWho="1" sc="240,0,250,-10,250,0,250,20" /><INIT seed="1,0,0,2,2,41" ten="240,240,250,270" oya="1" hai0="99,51,60,73,61,87,2,90,111,19,122,125,75" hai1="88,119,27,80,93,12,5,8,110,28,74,10,100" hai2="132,106,102,115,63,59,66,76,57,13,42,113,128" hai3="71,1,72,92,4,69,79,21,33,32,78,39,6"/><U120/><E119/><V31/><F76/><W98/><G39/><T65/><D111/><U49/><E120/><V67/><F31/><W108/><G108/><T25/><D125/><U24/><E110/><V127/><F13/><W37/><G37/><T77/><D2/><U64/><E100/><V70/><F102/><W58/><G1/><T105/><D122/><U18/><E64/><V131/><F106/><W20/><G58/><N who="2" m="22025" /><F127/><W44/><G92/><T0/><D0/><U91/><E74/><V68/><F132/><W104/><G98/><T94/><D51/><U121/><E121/><V11/><F11/><W22/><G22/><T43/><D43/><U107/><E107/><V130/><F42/><W14/><G14/><T17/><D25/><U117/><E117/><V9/><F9/><W112/><G104/><T114/><D114/><N who="2" m="43530" /><F63/><W7/><G7/><T97/><D61/><U36/><E10/><V55/><F55/><W29/><G112/><T101/><D75/><U135/><E135/><V118/><F118/><W81/><G81/><T86/><D73/><U34/><E27/><V40/><F40/><W38/><G72/><T47/><D77/><U46/><E36/><V116/><F116/><W26/><G38/><T52/><D17/><U56/><E18/><V23/><F23/><W89/><G26/><T84/><D19/><U133/><E133/><V126/><F126/><W16/><G16/><T123/><D123/><U95/><E8/><V62/><F62/><W53/><G29/><T134/><D105/><U50/><E28/><V103/><F103/><W3/><G3/><RYUUKYOKU ba="0,0" sc="240,-10,240,-10,250,30,270,-10" hai2="66,67,68,70,128,130,131" /><INIT seed="2,1,0,4,2,79" ten="230,230,280,260" oya="2" hai0="2,61,9,72,73,133,48,30,52,102,106,94,92" hai1="135,55,7,89,77,26,49,99,120,128,57,34,80" hai2="117,42,132,45,46,40,123,118,114,91,108,103,44" hai3="98,116,115,71,87,126,85,134,104,81,125,16,59"/><V105/><F105/><W17/><G71/><T36/><D133/><U96/><E128/><V75/><F103/><N who="3" m="62583" /><G116/><N who="2" m="44649" /><F91/><N who="3" m="51631" /><G134/><T78/><D106/><U14/><E135/><V68/><F75/><W84/><G59/><T129/><D129/><U51/><E120/><V121/><F132/><W13/><G17/><T29/><D73/><U27/><E34/><V22/><F22/><N who="3" m="11535" /><G115/><T8/><D36/><U76/><E7/><V31/><F31/><W127/><AGARI ba="1,0" hai="84,87,125,126,127" m="11535,51631,62583" machi="127" ten="30,4000,0" yaku="18,1,52,1,54,1" doraHai="79" who="3" fromWho="3" sc="230,-11,230,-11,280,-21,260,43" /><INIT seed="3,0,0,0,1,85" ten="219,219,259,303" oya="3" hai0="82,37,72,129,118,62,81,25,47,24,75,135,103" hai1="12,44,23,70,122,57,43,26,56,20,7,97,45" hai2="115,54,5,51,108,65,0,87,124,84,69,39,106" hai3="41,4,132,63,48,107,105,127,133,31,88,68,10"/><W89/><G127/><T76/><D118/><U74/><E70/><V92/><F115/><W15/><G31/><T36/><D129/><U123/><E74/><V49/><F106/><N who="3" m="40459" /><G41/><T58/><D135/><N who="3" m="51785" /><G48/><T29/><D103/><U50/><E7/><V95/><F39/><W2/><G2/><T86/><D25/><U130/><E12/><V42/><F124/><W38/><G38/><T94/><D94/><U120/><E130/><V71/><F42/><W91/><G63/><T52/><D47/><U64/><E45/><V53/><F5/><N who="3" m="3535" /><G68/><T110/><D75/><U78/><E64/><V73/><F73/><W111/><G4/><T79/><REACH who="0" step="1"/><D110/><AGARI ba="0,0" hai="88,89,91,110,111" m="3535,51785,40459" machi="110" ten="40,12000,1" yaku="20,1,52,3,54,1" doraHai="85" who="3" fromWho="0" sc="219,-120,219,0,259,0,303,120" /><INIT seed="3,1,0,3,4,54" ten="99,219,259,423" oya="3" hai0="85,101,15,61,76,56,48,63,0,109,20,58,65" hai1="53,113,98,72,81,68,35,40,51,18,118,75,44" hai2="24,89,110,104,8,43,124,132,11,131,10,112,27" hai3="87,125,71,97,73,129,34,127,123,21,30,13,59"/><W106/><G123/><T38/><D109/><U91/><E68/><V52/><F112/><W45/><G71/><T86/><D38/><U32/><E113/><V42/><F104/><W96/><G73/><T17/><D0/><U83/><E75/><V64/><F110/><W49/><G129/><T26/><D48/><U4/><E4/><V105/><F105/><W69/><G69/><T46/><D46/><U80/><E72/><V107/><F107/><W74/><G74/><T25/><D101/><U31/><E31/><V134/><F131/><W128/><G106/><T66/><D76/><U108/><E118/><V133/><F64/><W90/><G34/><T60/><D63/><U36/><E18/><V126/><F52/><N who="3" m="32143" /><G45/><T102/><D102/><U55/><E35/><V114/><F89/><W94/><G128/><T50/><D50/><U37/><E32/><V121/><F114/><W1/><G1/><T117/><D117/><U93/><E108/><V41/><REACH who="2" step="1"/><F121/><REACH who="2" ten="99,219,249,423" step="2"/><W88/><G90/><T19/><REACH who="0" step="1"/><D26/><AGARI ba="1,1" hai="8,10,11,24,26,27,41,42,43,124,126,132,133,134" machi="26" ten="50,16000,3" yaku="1,1,2,1,29,2,28,2,20,1,53,3" doraHai="54" doraHaiUra="7" who="2" fromWho="0" sc="99,-163,219,0,249,173,423,0" owari="-64,-56.4,219,-18.1,422,22.2,423,52.3" /></mjloggm>