<mjloggm ver="2.3"><GO type="169" lobby="0"/><UN n0="%6B%65%79%33" n1="%48%41%43%4F" n2="%E3%83%8F%E3%83%B3%E3%83%81%E3%83%A7%E3%82%A6%E5%A4%A7%E6%A7%BB" n3="%E3%81%8B%E3%81%AA%E3%81%8D%E3%83%BC" dan="16,16,16,17" rate="2070.35,2069.12,2098.99,2229.37" sx="M,M,M,F"/><TAIKYOKU oya="0"/><INIT seed="0,0,0,1,5,130" ten="250,250,250,250" oya="0" hai0="75,14,33,51,90,128,129,95,133,66,134,54,119" hai1="97,78,82,2,47,80,125,94,116,87,20,77,135" hai2="5,112,57,98,76,24,58,91,111,31,36,48,79" hai3="102,16,69,28,62,88,115,109,86,35,32,65,12"/><T70/><D119/><U85/><E2/><V30/><F36/><W41/><G115/><T120/><D120/><U64/><E116/><V43/><F112/><W132/><G109/><T117/><D117/><U56/><E125/><V107/><F5/><W108/><G108/><T84/><D75/><U19/><E135/><N who="0" m="51721" /><D33/><U60/><E47/><V46/><F107/><W25/><G132/><T92/><D14/><U67/><E19/><V53/><F58/><W118/><G118/><T104/><D104/><U83/><E20/><N who="2" m="15623" /><F31/><W106/><G106/><T42/><D42/><U11/><E11/><V122/><F122/><W101/><G41/><T99/><D66/><U123/><E123/><V45/><F45/><W27/><G35/><T63/><D63/><U23/><E23/><V9/><F9/><W50/><G27/><T38/><D70/><U81/><REACH who="1" step="1"/><E67/><REACH who="1" ten="250,240,250,250" step="2"/><V121/><F121/><W127/><G65/><T52/><D38/><U100/><AGARI ba="0,1" hai="56,60,64,77,78,80,81,82,83,85,87,94,97,100" machi="100" ten="20,12000,2" yaku="1,1,2,1,0,1,7,1,9,1,8,1,53,0" doraHai="130" doraHaiUra="131" who="1" fromWho="1" sc="250,-60,240,130,250,-30,250,-30" /><INIT seed="1,0,0,1,2,71" ten="190,370,220,220" oya="1" hai0="107,112,69,125,28,31,34,66,16,72,78,130,63" hai1="135,13,43,19,119,77,12,122,120,79,129,132,85" hai2="104,113,59,73,5,126,26,121,106,89,127,61,109" hai3="33,81,133,62,101,24,55,94,76,0,102,118,74"/><U103/><E119/><V1/><F121/><W108/><G108/><T27/><D112/><U57/><E43/><V8/><F109/><W51/><G133/><T82/><D125/><U88/><E57/><V36/><F113/><W97/><G0/><T4/><D4/><U10/><E103/><V53/><F26/><W93/><G62/><T29/><D130/><U114/><E114/><V39/><F73/><W18/><G118/><T131/><D131/><U2/><E2/><V70/><F70/><W105/><G102/><T47/><D47/><U80/><E129/><V124/><F89/><W116/><G116/><T7/><D7/><U86/><E13/><V14/><F14/><W23/><REACH who="3" step="1"/><G33/><REACH who="3" ten="190,370,220,210" step="2"/><T60/><D63/><U83/><E122/><V46/><F46/><AGARI ba="0,1" hai="18,23,24,46,51,55,74,76,81,93,94,97,101,105" machi="46" ten="30,3900,0" yaku="1,1,2,1,7,1,53,0" doraHai="71" doraHaiUra="37" who="3" fromWho="2" sc="190,0,370,0,220,-39,210,49" /><INIT seed="2,0,0,1,1,83" ten="190,370,181,259" oya="2" hai0="51,103,71,73,79,43,124,113,116,89,19,87,38" hai1="16,106,52,69,65,53,85,1,25,76,33,98,10" hai2="14,104,4,105,47,91,112,18,22,128,132,5,81" hai3="20,86,40,80,82,93,39,44,130,11,78,90,6"/><V121/><F121/><W24/><G130/><T122/><D113/><U48/><E69/><V36/><F112/><W92/><G92/><T57/><D122/><U95/><E106/><V64/><F132/><W96/><G82/><T30/><D71/><U37/><E37/><V56/><F128/><W67/><G67/><T94/><D38/><U50/><E65/><V107/><F64/><W72/><G20/><T66/><D124/><U120/><E1/><V27/><F56/><W45/><G24/><T9/><D30/><U77/><E33/><V75/><F27/><W12/><REACH who="3" step="1"/><G44/><REACH who="3" ten="190,370,181,249" step="2"/><T110/><D94/><U133/><E120/><V21/><F21/><W35/><G35/><T8/><D66/><U49/><E133/><V29/><F29/><W2/><G2/><T117/><D117/><U97/><E25/><V108/><F108/><W111/><G111/><T88/><D116/><U125/><E125/><V123/><F123/><W84/><AGARI ba="0,1" hai="6,11,12,39,40,45,72,78,80,84,86,90,93,96" machi="84" ten="30,7900,0" yaku="1,1,0,1,52,2,53,0" doraHai="83" doraHaiUra="55" who="3" fromWho="3" sc="190,-20,370,-20,181,-39,249,89" /><INIT seed="3,0,0,2,0,73" ten="170,350,142,338" oya="3" hai0="7,46,38,58,15,44,60,5,43,27,121,80,8" hai1="10,50,6,4,2,14,12,86,103,32,115,101,107" hai2="112,85,40,132,19,78,54,88,37,135,22,67,28" hai3="3,11,31,63,87,129,65,1,41,18,124,47,23"/><W13/><G129/><T120/><D5/><U127/><E107/><V125/><F112/><W102/><G124/><T77/><D27/><U71/><E71/><V79/><F67/><W39/><G102/><T20/><D20/><U83/><E32/><V119/><F119/><W76/><G31/><T118/><D46/><U104/><E104/><V33/><F125/><W122/><G122/><T64/><REACH who="0" step="1"/><D118/><REACH who="0" ten="160,350,142,338" step="2"/><U70/><E6/><V133/><F33/><W84/><G23/><T97/><D97/><U114/><E4/><V94/><F28/><W117/><G117/><T91/><D91/><U109/><E10/><V126/><F126/><W106/><G11/><T116/><D116/><U81/><E127/><V34/><F34/><W110/><G47/><T52/><D52/><U89/><E2/><V25/><F54/><W49/><G1/><T75/><AGARI ba="0,1" hai="7,8,15,38,43,44,58,60,64,75,77,80,120,121" machi="75" ten="20,5200,0" yaku="1,1,0,1,7,1,52,1,53,0" doraHai="73" doraHaiUra="66" who="0" fromWho="0" sc="160,62,350,-13,142,-13,338,-26" /><INIT seed="4,0,0,0,2,112" ten="222,337,129,312" oya="0" hai0="111,15,83,6,95,88,119,39,11,38,93,31,109" hai1="106,90,126,122,45,9,64,117,70,100,107,54,3" hai2="68,89,97,134,81,13,73,69,7,55,46,128,53" hai3="94,32,104,118,23,98,22,28,63,51,59,25,30"/><T102/><D31/><U50/><E117/><V99/><F73/><W129/><G118/><T71/><D71/><U41/><E122/><V47/><F13/><W120/><G104/><T16/><D119/><U18/><E126/><V36/><F81/><W110/><G110/><N who="0" m="41995" /><D102/><U77/><E77/><V62/><F62/><W42/><G129/><T124/><D124/><U20/><E90/><V113/><F7/><W40/><G120/><T26/><D95/><U132/><E132/><V82/><F82/><W72/><G72/><T135/><D83/><U24/><E100/><V131/><F36/><W67/><G32/><T121/><D135/><U123/><E123/><V130/><F134/><W116/><G116/><T127/><D127/><U4/><E64/><V44/><F89/><N who="3" m="55631" /><G51/><T0/><D26/><AGARI ba="0,0" hai="22,23,25,26,28,30,40,42,59,63,67" m="55631" machi="26" ten="30,1000,0" yaku="8,1" doraHai="112" who="3" fromWho="0" sc="222,-10,337,0,129,0,312,10" /><INIT seed="5,0,0,0,2,68" ten="212,337,129,322" oya="1" hai0="120,94,43,126,46,70,116,90,50,37,63,76,27" hai1="107,45,98,11,16,128,89,3,117,88,65,26,17" hai2="22,34,10,9,99,122,0,79,124,59,25,95,119" hai3="44,84,100,85,67,62,64,81,52,6,51,4,39"/><U5/><E117/><V111/><F119/><W2/><G100/><T105/><D105/><U108/><E128/><V103/><F122/><W123/><G2/><T48/><D76/><U125/><E125/><V29/><F111/><W74/><G67/><T132/><D126/><U33/><E108/><V73/><F124/><W87/><G123/><T55/><D132/><U86/><E65/><V18/><F73/><W53/><G53/><T93/><D116/><U54/><E33/><V60/><F79/><W101/><G101/><T80/><D27/><U130/><E26/><V114/><F0/><W91/><G39/><T41/><D50/><N who="1" m="29007" /><E3/><V131/><F131/><W82/><G87/><N who="0" m="50535" /><D43/><U36/><E36/><V7/><F7/><W12/><G12/><T121/><D93/><N who="1" m="56615" /><E107/><V135/><F135/><W109/><G74/><T8/><D70/><U42/><E42/><V19/><F34/><W112/><G109/><T75/><D37/><U96/><E96/><V110/><F110/><W71/><REACH who="3" step="1"/><G112/><REACH who="3" ten="212,337,129,312" step="2"/><T69/><D75/><U47/><E130/><V40/><F40/><W32/><G32/><T113/><D113/><U28/><E47/><V77/><F114/><W78/><AGARI ba="0,1" hai="4,6,44,51,52,62,64,71,78,81,82,84,85,91" machi="78" ten="20,8000,1" yaku="1,1,0,1,7,1,54,1,53,1" doraHai="68" doraHaiUra="56" who="3" fromWho="3" sc="212,-20,337,-40,129,-20,312,90" /><INIT seed="6,0,0,0,4,57" ten="192,297,109,402" oya="2" hai0="9,108,43,15,48,61,121,129,109,117,82,12,130" hai1="116,119,84,97,47,46,14,86,16,134,77,36,50" hai2="91,60,115,19,95,10,135,112,45,110,34,92,5" hai3="63,87,75,128,102,6,106,81,8,99,25,104,1"/><V41/><F34/><W11/><G128/><N who="0" m="49259" /><D121/><U21/><E134/><V24/><F135/><W64/><G75/><T65/><D117/><U13/><E36/><V4/><F110/><W70/><G11/><T72/><D15/><U23/><E97/><V59/><F95/><W122/><G25/><T7/><D43/><U85/><E77/><V132/><F132/><W80/><G80/><T17/><D48/><U98/><E98/><V120/><F120/><W100/><G122/><T32/><D17/><U88/><E116/><V96/><F45/><N who="1" m="16905" /><E50/><V0/><F5/><W71/><G71/><N who="0" m="42415" /><D32/><U20/><E119/><V127/><F41/><W94/><G102/><T90/><D90/><AGARI ba="0,0" hai="1,6,8,63,64,70,81,87,90,94,99,100,104,106" machi="90" ten="30,2000,0" yaku="7,1,52,1" doraHai="57" who="3" fromWho="0" sc="192,-20,297,0,109,0,402,20" /><INIT seed="7,0,0,4,0,19" ten="172,297,109,422" oya="3" hai0="52,134,105,129,57,16,58,60,42,74,94,75,107" hai1="46,47,101,123,80,118,90,24,97,29,77,73,133" hai2="0,4,10,8,92,112,116,76,128,79,72,20,38" hai3="18,34,41,37,66,106,27,25,26,111,51,127,115"/><W78/><G106/><T33/><D33/><U35/><E133/><V85/><F116/><W61/><G37/><T59/><D42/><U83/><E123/><V31/><F38/><W70/><G34/><T54/><D134/><U88/><E118/><V43/><F43/><W6/><G6/><T40/><D40/><U62/><E62/><V23/><F72/><W130/><G115/><T87/><D129/><U28/><E28/><V9/><F128/><W53/><G127/><T3/><D3/><U81/><E81/><V100/><F112/><W135/><G111/><T36/><D36/><U86/><E90/><N who="2" m="53327" /><F0/><W89/><G78/><N who="2" m="29737" /><F4/><W125/><G125/><T114/><D114/><U5/><E5/><V7/><F7/><W96/><G96/><T56/><D74/><U44/><E44/><V22/><F100/><W110/><G110/><T113/><D75/><U17/><E17/><V1/><F1/><W109/><G41/><T63/><D113/><U82/><E82/><V126/><F126/><W67/><G67/><T11/><D105/><AGARI ba="0,0" hai="24,29,35,46,47,73,77,80,83,86,88,97,101,105" machi="105" ten="30,2000,0" yaku="7,1,54,1" doraHai="19" who="1" fromWho="0" sc="172,-20,297,20,109,0,422,0" owari="152,-24.8,317,11.7,109,-39.1,422,52.2" /></mjloggm>