<mjloggm ver="2.3"><GO type="169" lobby="0"/><UN n0="%E3%82%BC%E3%83%B3%E3%83%84%E3%83%9E%E3%82%B7%E3%83%BC%E3%83%B3" n1="%E3%81%9B%E3%81%A9%E3%81%AA%E3%82%8A%E3%81%82%E3%82%93" n2="%6C%6E%61%69" n3="%E3%83%A8%E3%82%B7%E3%83%86%E3%83%AB%37%30%38" dan="16,17,16,16" rate="2139.16,2199.13,2046.75,2088.43" sx="M,F,M,M"/><TAIKYOKU oya="0"/><INIT seed="0,0,0,3,2,47" ten="250,250,250,250" oya="0" hai0="70,75,32,91,18,15,130,50,79,38,134,3,116" hai1="83,78,105,108,115,118,129,35,1,95,56,97,67" hai2="86,34,109,20,21,112,22,65,14,126,71,89,52" hai3="49,9,26,81,0,42,92,113,28,107,6,11,131"/><T27/><D116/><U101/><E1/><V25/><F112/><W45/><G107/><T40/><D38/><U96/><E35/><V5/><F109/><W111/><G111/><T117/><D117/><U124/><E108/><V128/><F126/><W33/><G131/><T121/><D121/><U100/><E118/><V74/><F74/><W13/><G92/><T43/><D3/><U127/><E67/><V99/><F99/><W98/><G98/><T51/><D70/><U119/><E56/><V93/><F128/><W29/><G29/><T106/><D106/><U54/><E54/><V10/><F34/><W60/><G60/><T2/><D2/><U59/><E59/><V85/><F85/><W31/><G31/><T73/><D130/><U8/><E8/><V110/><F110/><W44/><G44/><T37/><D37/><U123/><E119/><V48/><F65/><W7/><REACH who="3" step="1"/><G81/><REACH who="3" ten="250,250,250,240" step="2"/><T68/><D32/><U4/><E129/><V125/><F125/><W30/><G30/><T122/><D122/><U133/><E123/><V84/><F71/><W104/><G104/><T120/><D68/><U132/><E115/><AGARI ba="0,1" hai="0,6,7,9,11,13,26,28,33,42,45,49,113,115" machi="115" ten="40,2600,0" yaku="1,1,52,1,53,0" doraHai="47" doraHaiUra="88" who="3" fromWho="1" sc="250,0,250,-26,250,0,240,36" /><INIT seed="1,0,0,2,3,84" ten="250,224,250,276" oya="1" hai0="97,31,81,45,121,33,63,80,66,102,40,11,129" hai1="109,105,51,118,132,90,82,41,19,14,26,104,64" hai2="44,39,22,113,116,38,73,16,96,6,37,61,50" hai3="122,98,87,42,46,111,76,101,43,107,123,53,20"/><U10/><E118/><V115/><F116/><W117/><G117/><T17/><D121/><U133/><E64/><V75/><F6/><W59/><G111/><T106/><D129/><U35/><E109/><V52/><F61/><W112/><G112/><N who="2" m="43081" /><F96/><W99/><G98/><T0/><D17/><U18/><E41/><V68/><F68/><W128/><G43/><T34/><D11/><U108/><E51/><V29/><F29/><W54/><G54/><T131/><D0/><U79/><E108/><V92/><F92/><W134/><G128/><T95/><D131/><U88/><E104/><V3/><F3/><W62/><G134/><N who="1" m="51818" /><E105/><V110/><F110/><W36/><G122/><T2/><D2/><U32/><E19/><V21/><F21/><W5/><G20/><T58/><D106/><U83/><E83/><V27/><AGARI ba="0,0" hai="16,22,27,37,38,39,44,50,52,73,75" m="43081" machi="27" ten="40,5200,0" yaku="11,1,54,2" doraHai="84" who="2" fromWho="2" sc="250,-13,224,-26,250,52,276,-13" /><INIT seed="2,0,0,0,3,57" ten="237,198,302,263" oya="2" hai0="106,34,100,40,36,27,132,129,35,96,29,101,49" hai1="2,38,120,80,107,79,71,127,4,7,50,1,85" hai2="22,81,110,92,116,19,112,39,78,131,123,84,134" hai3="83,54,24,48,17,87,32,28,95,65,33,5,18"/><V111/><F39/><W128/><G128/><T109/><D109/><N who="2" m="41482" /><F112/><W119/><G119/><T122/><D122/><U21/><E71/><V88/><F116/><W113/><G113/><T58/><D132/><U47/><E107/><V135/><F123/><W59/><G5/><T3/><D129/><U72/><E127/><V25/><F131/><W31/><G95/><T68/><D3/><U115/><E115/><V82/><F82/><W45/><G31/><T55/><D100/><U23/><E38/><V64/><F64/><W77/><REACH who="3" step="1"/><G33/><REACH who="3" ten="237,198,302,253" step="2"/><T11/><D35/><U103/><E4/><V46/><F46/><W43/><G43/><T118/><D40/><U108/><E108/><V10/><F10/><W102/><G102/><T67/><D101/><U91/><E103/><V75/><AGARI ba="0,1" hai="19,22,25,75,78,81,84,88,92,134,135" m="41482" machi="75" ten="30,6000,0" yaku="14,1,10,1,54,1" doraHai="57" who="2" fromWho="2" sc="237,-20,198,-20,302,70,253,-20" /><INIT seed="2,1,0,3,3,135" ten="217,178,372,233" oya="2" hai0="26,89,130,110,84,34,22,35,102,68,49,73,57" hai1="87,119,78,98,30,64,106,128,63,11,112,101,43" hai2="25,104,88,5,56,0,24,15,42,55,123,8,91" hai3="23,6,3,7,32,61,66,72,12,69,77,52,118"/><V132/><F123/><W86/><G118/><T74/><D110/><U129/><E43/><V117/><F117/><W19/><G32/><T71/><D130/><U67/><E119/><V125/><F104/><W29/><G29/><T120/><D120/><U14/><E112/><V82/><F132/><W21/><G72/><T39/><D39/><U50/><E50/><V85/><F42/><W65/><G65/><T27/><D102/><U41/><E41/><V53/><F125/><W113/><G3/><T38/><D38/><U122/><E122/><V96/><F0/><W124/><G124/><T81/><D73/><U133/><E133/><V2/><F2/><W13/><G113/><T79/><D49/><U131/><E30/><V76/><F55/><W103/><G103/><T93/><D57/><U99/><E99/><V36/><F36/><W116/><G116/><T83/><D27/><N who="2" m="10314" /><F96/><W107/><G107/><T37/><D37/><U62/><E67/><V134/><F134/><W92/><G52/><T95/><D35/><U54/><E54/><V108/><F108/><W100/><G100/><T40/><D40/><U127/><E127/><V75/><F75/><W47/><G47/><T9/><D34/><U4/><REACH who="1" step="1"/><E64/><REACH who="1" ten="217,168,372,233" step="2"/><V20/><F20/><W51/><G51/><AGARI ba="1,1" hai="5,8,15,51,53,56,76,82,85,88,91" m="10314" machi="51" ten="30,2900,0" yaku="8,1,54,1" doraHai="135" who="2" fromWho="3" sc="217,0,168,0,372,42,233,-32" /><INIT seed="2,2,0,2,5,121" ten="217,168,414,201" oya="2" hai0="55,109,135,39,40,131,125,45,62,96,108,111,17" hai1="83,75,82,74,73,16,132,49,51,12,13,76,99" hai2="90,107,32,97,102,5,56,87,88,93,22,53,20" hai3="114,115,95,8,67,11,2,81,126,69,65,52,130"/><V92/><F32/><W128/><G2/><T6/><D131/><N who="3" m="50217" /><G81/><T29/><D135/><U80/><E132/><V127/><F5/><W70/><G95/><T66/><D125/><U79/><E99/><V28/><F127/><W72/><G72/><T54/><D29/><U35/><E35/><V103/><F103/><W60/><G126/><T77/><D77/><U105/><E105/><V42/><F42/><W24/><G24/><T86/><D6/><U134/><E134/><V4/><F4/><W19/><G19/><T98/><D86/><U38/><E38/><V18/><F28/><W10/><G52/><N who="0" m="20011" /><D17/><U120/><E120/><V68/><F68/><AGARI ba="2,0" hai="39,40,45,62,66,68,96,98,108,109,111" m="20011" machi="68" ten="30,8000,1" yaku="14,1,52,3,54,1" doraHai="121" who="0" fromWho="2" sc="217,86,168,0,414,-86,201,0" /><INIT seed="3,0,0,3,4,129" ten="303,168,328,201" oya="3" hai0="120,106,114,90,4,9,135,23,108,30,56,76,94" hai1="54,96,50,78,0,12,65,92,123,131,117,20,113" hai2="57,49,98,75,130,89,86,126,105,45,32,43,52" hai3="15,55,81,67,28,70,51,93,64,69,22,116,100"/><W115/><G116/><T36/><D120/><U37/><E123/><V35/><F75/><W99/><G115/><T41/><D106/><U31/><E113/><V5/><F130/><W102/><G102/><T85/><D108/><U62/><E131/><V72/><F72/><W79/><G70/><T109/><D109/><U2/><E37/><V1/><F126/><W110/><G69/><T82/><D114/><U91/><E78/><V17/><F17/><W66/><G110/><T122/><D122/><U95/><E117/><V61/><F98/><W111/><G111/><T112/><D112/><U80/><E80/><V77/><F105/><W16/><G28/><T42/><D135/><U11/><E92/><V71/><F77/><W14/><G14/><T27/><D56/><U63/><E65/><V46/><F71/><W53/><REACH who="3" step="1"/><G51/><REACH who="3" ten="303,168,328,191" step="2"/><T3/><REACH who="0" step="1"/><D36/><REACH who="0" ten="293,168,328,191" step="2"/><U18/><E0/><V104/><F1/><W34/><G34/><T33/><D33/><U26/><REACH who="1" step="1"/><E2/><REACH who="1" ten="293,158,328,191" step="2"/><V7/><F104/><W58/><G58/><AGARI ba="0,3" hai="11,12,18,20,26,31,50,54,58,62,63,91,95,96" machi="58" ten="30,7700,0" yaku="1,1,2,1,7,1,8,1,53,0" doraHai="129" doraHaiUra="127" who="1" fromWho="3" sc="293,0,158,107,328,0,191,-77" /><INIT seed="4,0,0,5,4,41" ten="293,265,328,114" oya="0" hai0="91,9,96,54,121,58,70,50,44,93,59,61,117" hai1="52,5,85,29,86,0,40,133,60,64,81,105,15" hai2="4,87,35,75,110,116,123,12,132,51,79,71,45" hai3="126,38,73,63,112,127,42,34,1,107,80,65,129"/><T66/><D121/><U25/><E105/><V78/><F123/><W16/><G107/><T39/><D117/><U24/><E0/><V33/><F110/><W14/><G112/><T3/><REACH who="0" step="1"/><D39/><REACH who="0" ten="283,265,328,114" step="2"/><U119/><E119/><V135/><F116/><W57/><G129/><T76/><D76/><U28/><E133/><V53/><F79/><W134/><G134/><T32/><D32/><U82/><E28/><V22/><F78/><W83/><G34/><T48/><D48/><U37/><E29/><V67/><F35/><W43/><G38/><T100/><D100/><U55/><E37/><V19/><F33/><W128/><G128/><T31/><D31/><U11/><E81/><V20/><F132/><W104/><G83/><T84/><D84/><U114/><E85/><V92/><F87/><W101/><G80/><T72/><D72/><U102/><E102/><V88/><F75/><W36/><G73/><T94/><D94/><U56/><E114/><V8/><F135/><W120/><G36/><T69/><D69/><U77/><E40/><V62/><F4/><AGARI ba="0,1" hai="3,4,9,44,50,54,58,59,61,66,70,91,93,96" machi="4" ten="40,7700,0" yaku="1,1,52,1,53,1" doraHai="41" doraHaiUra="89" who="0" fromWho="2" sc="283,87,265,0,328,-77,114,0" /><INIT seed="4,1,0,2,2,17" ten="370,265,251,114" oya="0" hai0="42,46,96,25,132,75,24,36,73,33,122,16,115" hai1="114,10,72,60,91,71,0,102,62,13,128,44,34" hai2="125,93,121,49,48,9,40,18,80,117,61,26,103" hai3="11,20,81,110,112,55,100,97,29,5,14,52,35"/><T113/><D122/><U85/><E72/><V87/><F121/><W124/><G112/><N who="0" m="43083" /><D132/><U21/><E34/><V108/><F108/><W101/><G124/><T63/><D63/><U82/><E128/><V74/><F125/><W38/><G110/><T23/><D96/><U54/><E71/><V68/><F117/><W118/><G118/><T77/><D77/><U123/><E123/><V95/><F74/><W135/><G135/><T84/><D84/><U133/><E133/><V66/><F103/><W22/><G38/><T50/><D36/><U30/><E0/><V41/><F49/><W99/><G81/><T7/><D7/><U8/><E102/><N who="3" m="39530" /><G35/><T116/><D116/><U32/><E32/><V56/><F68/><W83/><G29/><AGARI ba="1,0" hai="16,23,24,25,29,33,42,46,50,73,75" m="43083" machi="29" ten="30,5800,0" yaku="15,1,52,1,54,1" doraHai="17" who="0" fromWho="3" sc="370,61,265,0,251,0,114,-61" /><INIT seed="4,2,0,5,0,56" ten="431,265,251,53" oya="0" hai0="9,21,31,18,78,50,58,119,82,52,100,128,129" hai1="64,69,28,17,106,84,6,122,46,23,97,42,32" hai2="10,80,127,83,71,12,96,11,79,19,25,33,44" hai3="38,91,87,93,112,99,13,53,118,48,111,115,94"/><T76/><D119/><U35/><E122/><V70/><F127/><W133/><G38/><T116/><D116/><U49/><E6/><V68/><F96/><W2/><G2/><T67/><D100/><U81/><E28/><V108/><F108/><W103/><G118/><T5/><D31/><U60/><E97/><V113/><F113/><W30/><G30/><T109/><D109/><U47/><E47/><V73/><F25/><W65/><G111/><T105/><D105/><U8/><E8/><V43/><F33/><W40/><G40/><T110/><D110/><U102/><E102/><V61/><F83/><W114/><G65/><T120/><D67/><U85/><E85/><V86/><F11/><W101/><G13/><T34/><D34/><U90/><REACH who="1" step="1"/><E106/><REACH who="1" ten="431,255,251,53" step="2"/><V63/><REACH who="2" step="1"/><F86/><REACH who="2" ten="431,255,241,53" step="2"/><W22/><G103/><T126/><D9/><U41/><E41/><V125/><F125/><W14/><G22/><T16/><D21/><U29/><E29/><V104/><F104/><W92/><G14/><AGARI ba="2,2" hai="14,17,23,32,35,42,46,49,60,64,69,81,84,90" machi="14" ten="30,3900,0" yaku="1,1,7,1,52,1,53,0" doraHai="56" doraHaiUra="51" who="1" fromWho="3" sc="431,0,255,65,241,0,53,-45" /><INIT seed="5,0,0,2,5,121" ten="431,320,241,8" oya="1" hai0="129,83,85,11,105,38,99,15,5,92,109,76,9" hai1="0,19,89,59,102,54,7,95,77,29,65,71,27" hai2="57,128,94,106,24,37,51,86,79,10,56,52,30" hai3="43,16,55,110,118,44,12,48,41,73,18,98,107"/><U133/><E133/><V97/><F128/><W49/><G73/><T25/><D109/><U72/><E102/><V67/><F37/><W93/><G107/><T127/><D129/><U116/><E116/><V115/><F106/><W60/><G118/><T13/><D127/><U47/><E47/><V91/><F115/><W123/><G123/><T131/><D105/><U130/><E130/><V3/><F3/><W22/><G110/><T134/><D38/><U100/><E100/><V113/><F113/><W40/><G60/><T114/><D114/><U84/><E65/><V58/><F10/><W8/><G93/><T50/><D131/><U53/><E71/><V111/><F111/><W61/><G98/><T80/><D134/><U39/><E39/><V20/><REACH who="2" step="1"/><F67/><REACH who="2" ten="431,320,231,8" step="2"/><W68/><G61/><T96/><D11/><U104/><E104/><V6/><F6/><W81/><G68/><T33/><D9/><U63/><E7/><V32/><F32/><W75/><G75/><T122/><D5/><U1/><E1/><V42/><F42/><W78/><G78/><T126/><D76/><U66/><E0/><V82/><AGARI ba="0,1" hai="20,24,30,51,52,56,57,58,79,82,86,91,94,97" machi="82" ten="30,7900,0" yaku="1,1,0,1,8,1,54,1,53,0" doraHai="121" doraHaiUra="132" who="2" fromWho="2" sc="431,-20,320,-39,231,89,8,-20" owari="411,51.1,281,-11.9,320,12.0,-12,-51.2" /></mjloggm>