<mjloggm ver="2.3"><GO type="169" lobby="0"/><UN n0="%72%65%62%65%65%72" n1="%E3%83%94%E3%83%B3%E3%82%B5%E3%83%AD%E5%BA%97%E5%93%A1" n2="%E6%99%82%E8%A8%88%E5%9D%82%E9%9B%B6" n3="%E3%81%8D%E3%81%B3%E3%81%A0%E3%82%93%E3%81%94%CE%B1" dan="16,17,16,17" rate="2164.08,2207.78,2119.43,2128.71" sx="M,M,M,M"/><TAIKYOKU oya="0"/><INIT seed="0,0,0,3,5,7" ten="250,250,250,250" oya="0" hai0="95,60,65,78,20,11,52,131,73,88,89,109,47" hai1="27,120,83,130,129,16,53,37,32,112,101,118,10" hai2="96,111,17,86,67,24,128,90,55,92,108,134,57" hai3="54,39,116,103,29,49,126,51,115,114,4,102,34"/><T1/><D131/><N who="1" m="50187" /><E37/><V14/><F128/><W72/><G39/><T13/><D109/><N who="2" m="42058" /><F134/><W23/><G34/><T70/><D1/><U69/><E69/><V46/><F46/><W44/><G4/><T0/><D0/><U8/><E101/><V25/><F67/><W45/><G72/><T79/><D20/><N who="1" m="13703" /><E118/><V84/><F84/><W59/><G23/><T133/><D133/><U3/><E3/><V94/><F94/><W87/><G87/><T21/><D21/><U40/><E40/><V61/><F86/><W33/><G116/><T99/><D89/><U122/><E112/><V41/><F41/><W97/><G103/><T28/><D28/><U74/><E53/><V64/><F55/><W36/><G29/><T56/><D73/><U9/><E32/><V119/><F119/><W42/><G33/><T22/><D22/><AGARI ba="0,0" hai="14,17,22,24,25,57,61,64,90,92,96" m="42058" machi="22" ten="30,1000,0" yaku="14,1" doraHai="7" who="2" fromWho="0" sc="250,-10,250,0,250,10,250,0" /><INIT seed="1,0,0,2,3,94" ten="240,250,260,250" oya="1" hai0="82,95,13,98,11,24,37,108,70,14,25,41,88" hai1="38,117,127,93,52,63,67,66,51,135,18,113,45" hai2="105,27,64,21,31,125,130,84,128,102,119,97,5" hai3="124,106,20,7,43,120,104,77,12,96,34,29,87"/><U60/><E113/><V55/><F119/><W116/><G120/><T0/><D70/><U1/><E117/><V47/><F125/><W46/><G116/><T100/><D108/><U91/><E127/><V17/><F64/><W83/><G34/><T71/><D71/><U133/><E1/><V15/><F5/><W32/><G32/><T56/><D0/><U89/><E38/><V42/><F84/><W68/><G68/><T9/><D41/><U75/><E75/><V126/><F55/><W78/><G78/><T85/><D56/><U16/><E93/><V79/><F79/><W121/><G121/><T39/><D39/><U50/><REACH who="1" step="1"/><E52/><REACH who="1" ten="240,240,260,250" step="2"/><V4/><F126/><W33/><G124/><T49/><D37/><U48/><E48/><V112/><F112/><W114/><G106/><T6/><REACH who="0" step="1"/><D49/><REACH who="0" ten="230,240,260,250" step="2"/><U92/><E92/><V22/><F105/><W2/><G104/><T99/><D99/><U115/><E115/><V58/><F97/><W23/><G96/><T134/><D134/><U44/><AGARI ba="0,2" hai="16,18,44,45,50,51,60,63,66,67,89,91,133,135" machi="44" ten="25,12000,1" yaku="1,1,0,1,22,2,54,1,53,0" doraHai="94" doraHaiUra="118" who="1" fromWho="1" sc="230,-40,240,140,260,-40,250,-40" /><INIT seed="1,1,0,5,3,85" ten="190,380,220,210" oya="1" hai0="70,97,75,66,82,121,33,27,81,125,93,124,63" hai1="7,16,118,30,51,56,49,53,21,48,116,74,95" hai2="119,86,88,40,0,120,71,127,78,8,18,1,101" hai3="103,55,43,58,123,80,130,98,77,62,38,3,107"/><U96/><E74/><V87/><F71/><W24/><G123/><T112/><D112/><U11/><E30/><V89/><F120/><W115/><G115/><T92/><D121/><U57/><E57/><V29/><F119/><W64/><G3/><T31/><D92/><U42/><E42/><V102/><F29/><W113/><G113/><T135/><D135/><U109/><E109/><V19/><F78/><W128/><G24/><T52/><D75/><U94/><E94/><V134/><F40/><W32/><G32/><T131/><D131/><N who="3" m="50217" /><G43/><T105/><D105/><U129/><E129/><V23/><F134/><W90/><G90/><N who="2" m="34921" /><F127/><N who="0" m="48714" /><D52/><U84/><E84/><N who="2" m="32299" /><F0/><W68/><G38/><T35/><D35/><U15/><E118/><V65/><F1/><W46/><G46/><T9/><D9/><U6/><E116/><V76/><F76/><W106/><G106/><T54/><D54/><U25/><E7/><V67/><F8/><W60/><G77/><T100/><AGARI ba="1,0" hai="27,31,33,63,66,70,81,82,93,97,100" m="48714" machi="100" ten="30,1100,0" yaku="18,1" doraHai="85" who="0" fromWho="0" sc="190,14,380,-6,220,-4,210,-4" /><INIT seed="2,0,0,5,0,42" ten="204,374,216,206" oya="2" hai0="23,135,118,97,25,67,52,79,93,51,83,13,30" hai1="7,69,35,45,121,29,34,21,6,128,98,16,84" hai2="107,85,134,59,53,48,104,96,26,1,86,60,109" hai3="4,78,33,58,100,133,32,77,20,18,111,90,28"/><V46/><F1/><W127/><G111/><T117/><D135/><U19/><E69/><V55/><F134/><W38/><G38/><T101/><D13/><U2/><E84/><V124/><F124/><W80/><G133/><T81/><D67/><U130/><E98/><V71/><F109/><W75/><G4/><N who="1" m="1578" /><E45/><V103/><F107/><W116/><G116/><N who="0" m="44651" /><D79/><U5/><E121/><V47/><F71/><W113/><G100/><T57/><AGARI ba="0,0" hai="23,25,30,51,52,57,81,83,93,97,101" m="44651" machi="57" ten="30,2000,0" yaku="12,1,54,1" doraHai="42" who="0" fromWho="0" sc="204,20,374,-5,216,-10,206,-5" /><INIT seed="3,0,0,5,2,76" ten="224,369,206,201" oya="3" hai0="127,22,1,102,7,14,69,12,82,65,8,105,47" hai1="49,88,134,11,0,110,2,101,116,10,45,36,60" hai2="41,89,3,80,42,72,52,78,51,16,121,131,17" hai3="64,50,126,115,44,113,35,48,20,94,84,95,5"/><W26/><G35/><T32/><D69/><U33/><E33/><V92/><F3/><W123/><G123/><T93/><D105/><U54/><E101/><V100/><F100/><W66/><G126/><T31/><D65/><U83/><E110/><V130/><F121/><W6/><G84/><T91/><D127/><U62/><E36/><V29/><F29/><W61/><G20/><T86/><D32/><U15/><E134/><V34/><F34/><W133/><G44/><T107/><D107/><U19/><E116/><V71/><F71/><W21/><G21/><T27/><REACH who="0" step="1"/><D47/><REACH who="0" ten="214,369,206,201" step="2"/><U132/><E132/><V73/><F131/><W85/><G133/><T70/><D70/><U57/><E11/><V103/><F130/><W96/><G66/><T40/><D40/><U135/><E135/><V75/><F42/><W18/><G115/><T4/><D4/><U90/><E62/><V53/><F41/><W39/><G113/><T63/><D63/><U68/><E68/><V97/><F53/><W111/><G61/><T122/><D122/><U37/><E37/><V98/><F52/><W23/><G39/><T129/><D129/><U24/><E60/><V108/><F108/><W38/><G38/><T28/><D28/><U9/><E45/><V112/><F112/><W87/><G64/><T59/><D59/><U81/><E10/><V30/><F30/><W13/><G111/><T79/><D79/><U114/><E114/><V25/><F51/><W109/><G109/><T67/><D67/><U128/><E128/><V119/><F119/><W99/><G50/><T77/><D77/><RYUUKYOKU ba="0,1" sc="214,30,369,-10,206,-10,201,-10" hai0="1,7,8,12,14,22,27,31,82,86,91,93,102" /><INIT seed="4,1,1,5,0,23" ten="244,359,196,191" oya="0" hai0="80,125,52,41,56,92,130,85,3,75,73,50,89" hai1="100,27,129,29,46,25,53,55,69,133,74,93,13" hai2="86,126,102,40,103,76,96,122,91,14,28,110,121" hai3="77,98,31,6,16,127,66,115,21,67,87,124,0"/><T82/><D3/><U90/><E74/><V134/><F40/><W49/><G31/><T88/><D130/><U32/><E69/><V30/><F110/><W101/><G115/><T45/><D125/><N who="3" m="48201" /><G49/><T60/><REACH who="0" step="1"/><D82/><REACH who="0" ten="234,359,196,191" step="2"/><U36/><E129/><V83/><F126/><W11/><G77/><T68/><D68/><U108/><E108/><V111/><F111/><W62/><G87/><AGARI ba="1,2" hai="41,45,50,52,56,60,73,75,80,85,87,88,89,92" machi="87" ten="30,12000,1" yaku="1,1,7,1,54,2,53,1" doraHai="23" doraHaiUra="58" who="0" fromWho="3" sc="234,143,359,0,196,0,191,-123" /><INIT seed="4,2,0,3,5,23" ten="377,359,196,68" oya="0" hai0="12,67,43,40,86,118,18,34,107,106,81,69,60" hai1="110,78,126,57,83,134,113,51,82,99,4,105,116" hai2="30,16,41,89,52,37,32,1,47,132,9,85,80" hai3="46,38,127,115,70,109,20,93,130,28,45,71,90"/><T58/><D118/><U66/><E110/><V124/><F132/><W64/><G109/><T120/><D120/><U48/><E116/><V27/><F124/><W72/><G127/><T94/><D34/><U68/><E126/><V62/><F1/><W2/><G2/><T96/><D69/><U54/><E134/><V39/><F39/><W79/><G115/><T97/><D107/><U59/><E113/><V6/><F6/><W108/><G108/><T14/><D97/><U10/><E68/><V55/><REACH who="2" step="1"/><F62/><REACH who="2" ten="377,359,186,68" step="2"/><W101/><G130/><T65/><D60/><U117/><E4/><V31/><F31/><W36/><G38/><T119/><D119/><U29/><E29/><V15/><AGARI ba="2,1" hai="9,15,16,27,30,32,37,41,47,52,55,80,85,89" machi="15" ten="30,8000,1" yaku="1,1,0,1,52,1,54,2,53,0" doraHai="23" doraHaiUra="102" who="2" fromWho="2" sc="377,-42,359,-22,186,96,68,-22" /><INIT seed="5,0,0,4,2,33" ten="335,337,282,46" oya="1" hai0="20,133,121,100,26,59,34,119,31,22,92,52,130" hai1="9,51,118,47,89,114,38,94,83,98,67,55,120" hai2="28,14,77,102,106,1,113,48,45,39,40,10,107" hai3="68,129,109,5,56,88,23,58,71,12,62,110,79"/><U75/><E118/><V18/><F28/><W86/><G129/><T64/><D119/><U90/><E120/><V69/><F69/><W73/><G71/><T15/><D130/><U13/><E114/><V54/><F113/><W60/><G68/><T6/><D133/><U53/><E38/><V93/><F77/><W135/><G135/><T123/><D64/><U80/><E67/><V50/><F39/><W46/><G46/><T108/><D108/><U36/><E36/><V29/><F29/><W4/><G73/><T57/><D57/><U95/><E55/><V122/><F122/><N who="0" m="46602" /><D6/><U0/><E0/><V8/><F93/><W96/><G96/><N who="0" m="59399" /><D15/><U24/><E24/><V97/><F107/><W63/><G79/><T32/><D32/><U82/><E75/><V78/><F78/><W125/><G125/><T70/><D70/><U30/><E30/><V124/><F124/><W104/><G104/><T42/><D42/><U101/><REACH who="1" step="1"/><E95/><REACH who="1" ten="335,327,282,46" step="2"/><V49/><REACH who="2" step="1"/><F54/><REACH who="2" ten="335,327,272,46" step="2"/><W81/><G110/><T126/><D126/><U91/><E91/><V16/><F16/><AGARI ba="0,2" hai="9,13,16,47,51,53,80,82,83,89,90,94,98,101" machi="16" ten="40,7700,0" yaku="1,1,8,1,54,1,53,0" doraHai="33" doraHaiUra="111" who="1" fromWho="2" sc="335,0,327,97,272,-77,46,0" /><INIT seed="5,1,0,1,3,125" ten="335,424,195,46" oya="1" hai0="47,67,59,84,9,75,12,70,32,78,131,104,66" hai1="3,15,41,128,36,79,119,74,90,60,80,58,50" hai2="76,7,64,100,2,107,38,89,26,53,56,43,62" hai3="111,113,18,105,6,108,114,93,116,48,34,40,122"/><U124/><E119/><V129/><F76/><W57/><G105/><T27/><D75/><U21/><E3/><V98/><F89/><W106/><G106/><T127/><D70/><U33/><E33/><V65/><F7/><W87/><G34/><T29/><D104/><U132/><E124/><V126/><F2/><W121/><G6/><T86/><D86/><U52/><E132/><V73/><F73/><W115/><G18/><T102/><D102/><U117/><E117/><V24/><F126/><W4/><G4/><T23/><D32/><U85/><E36/><V112/><F112/><W30/><G30/><T95/><D59/><U37/><E37/><V135/><F135/><W69/><G69/><T110/><D110/><N who="3" m="42025" /><G40/><T88/><D78/><U133/><E133/><V1/><F1/><W118/><G48/><T130/><D47/><U134/><E134/><V49/><F24/><W28/><G57/><T8/><D8/><U82/><E41/><V103/><F26/><W109/><G28/><T77/><D77/><U44/><E15/><V71/><F103/><W17/><G17/><N who="0" m="8335" /><D127/><U54/><E21/><V61/><F43/><W99/><G87/><T123/><D123/><N who="3" m="47113" /><G109/><T10/><D10/><U96/><REACH who="1" step="1"/><E96/><REACH who="1" ten="335,414,195,46" step="2"/><V14/><F98/><W46/><G46/><T35/><D35/><U120/><E120/><V16/><F38/><W19/><G19/><T97/><D97/><U101/><E101/><AGARI ba="1,1" hai="93,99,101,113,114,115,116,118" m="47113,42025" machi="101" ten="40,32000,5" yakuman="50" doraHai="125" who="3" fromWho="1" sc="335,0,414,-323,195,0,46,333" /><INIT seed="6,0,0,2,5,89" ten="335,91,195,379" oya="2" hai0="81,20,42,109,33,28,75,64,117,62,13,108,135" hai1="10,103,73,35,118,70,43,38,24,0,133,52,60" hai2="51,120,39,72,67,95,127,107,66,47,99,8,25" hai3="96,50,91,41,26,56,119,105,123,110,48,98,106"/><V4/><F120/><W90/><G110/><T100/><D135/><U130/><E133/><V15/><F39/><W69/><G69/><T11/><D117/><U129/><E118/><V14/><F72/><W17/><G119/><T36/><D33/><U54/><E103/><V80/><F107/><W125/><G56/><T30/><D30/><U18/><E73/><V132/><F132/><W1/><G17/><T84/><D75/><U93/><E43/><V61/><F127/><W82/><G26/><T49/><D100/><U12/><E38/><V116/><F116/><W77/><G1/><T78/><D36/><U37/><E37/><V23/><F80/><W21/><G21/><T71/><D28/><U59/><E70/><V94/><F15/><W19/><G19/><T76/><D78/><U128/><E0/><V112/><F112/><W101/><G101/><T46/><REACH who="0" step="1"/><D20/><REACH who="0" ten="325,91,195,379" step="2"/><U63/><E35/><V32/><F32/><W124/><G77/><T122/><D122/><U113/><E113/><V7/><F23/><W134/><G123/><T29/><D29/><U131/><N who="1" m="32768" /><DORA hai="40" /><U97/><E24/><V104/><F25/><W22/><G22/><T27/><D27/><U34/><E34/><V58/><F104/><W55/><G106/><T102/><D102/><N who="1" m="60719" /><E60/><V6/><F61/><W83/><G105/><T68/><D68/><U86/><E86/><V5/><F8/><W85/><G85/><T115/><D115/><U114/><E114/><V3/><F3/><W53/><G134/><T126/><D126/><U88/><E88/><V45/><F99/><W79/><G79/><RYUUKYOKU ba="0,1" sc="325,10,91,10,195,-30,379,10" hai0="11,13,42,46,49,62,64,71,76,81,84,108,109" hai1="10,12,18,52,54,59,63" hai3="41,48,50,53,55,82,83,90,91,96,98,124,125" /><INIT seed="7,1,1,5,4,102" ten="335,101,165,389" oya="3" hai0="46,39,8,24,35,25,109,82,127,53,119,134,52" hai1="7,105,78,118,42,114,17,84,135,70,12,41,90" hai2="76,61,92,22,94,95,30,67,74,20,80,51,38" hai3="1,21,18,130,122,98,79,104,19,83,116,106,28"/><W120/><G1/><T4/><D119/><U68/><E118/><V36/><F51/><W132/><G116/><T43/><D109/><U34/><E34/><V14/><F30/><W126/><G130/><T60/><D134/><U47/><E135/><V23/><REACH who="2" step="1"/><F14/><REACH who="2" ten="335,101,155,389" step="2"/><W111/><G28/><T54/><D35/><U117/><E117/><V86/><F86/><W73/><G132/><T44/><D127/><U113/><E42/><V99/><F99/><W103/><G98/><T57/><D46/><U110/><E110/><V58/><AGARI ba="1,2" hai="20,22,23,36,38,58,61,67,74,76,80,92,94,95" machi="58" ten="30,8000,1" yaku="1,1,0,1,53,3" doraHai="102" doraHaiUra="16" who="2" fromWho="2" sc="335,-21,101,-21,155,103,389,-41" owari="314,11.4,80,-42.0,258,-14.2,348,44.8" /></mjloggm>