<mjloggm ver="2.3"><GO type="169" lobby="0"/><UN n0="%E7%89%A7%E5%A0%B4%E3%81%AE%E5%B0%8F%E5%A5%B3" n1="%E2%91%A3%E3%82%BB%E3%83%B3%E3%83%81" n2="%E3%83%9F%E3%83%84%E3%83%8F%E3%82%B7%E3%82%A2%E3%82%B9%E3%83%9E" n3="%6E%69%6E%6A%61%68" dan="17,18,16,16" rate="2184.89,2299.07,2047.42,2122.11" sx="F,M,M,M"/><TAIKYOKU oya="0"/><INIT seed="0,0,0,5,5,67" ten="250,250,250,250" oya="0" hai0="71,26,88,1,84,96,15,106,23,36,86,78,127" hai1="61,50,95,112,81,132,119,45,117,49,22,42,18" hai2="47,93,107,12,131,72,79,9,126,44,25,94,39" hai3="73,125,102,21,116,85,4,34,62,122,66,55,52"/><T10/><D1/><U41/><E132/><V109/><F107/><W110/><G34/><T74/><D36/><U128/><E128/><V20/><F131/><W130/><G73/><T57/><D71/><U89/><E112/><V82/><F109/><W103/><G116/><T59/><D127/><U97/><E61/><V124/><F39/><W114/><G114/><T43/><D43/><U53/><E81/><V68/><F68/><W91/><G130/><T75/><D74/><U51/><E51/><V63/><F63/><W58/><G125/><N who="2" m="48233" /><F44/><W108/><G122/><T105/><D106/><U7/><E7/><N who="2" m="3135" /><F47/><W69/><G4/><N who="0" m="3527" /><D75/><U28/><E28/><AGARI ba="0,0" hai="20,25,28,72,79,82,93,94" m="3135,48233" machi="28" ten="30,1000,0" yaku="18,1" doraHai="67" who="2" fromWho="1" sc="250,0,250,-10,250,10,250,0" /><INIT seed="1,0,0,5,4,58" ten="250,240,260,250" oya="1" hai0="126,111,118,15,103,12,90,45,93,98,107,78,49" hai1="119,109,62,71,31,106,37,128,88,134,83,32,22" hai2="87,75,86,131,59,85,116,27,112,64,34,110,11" hai3="121,39,122,61,124,7,101,135,73,57,70,65,20"/><U23/><E119/><V114/><F116/><W130/><G73/><T33/><D118/><U4/><E106/><V13/><F75/><W81/><G101/><T50/><D33/><U36/><E32/><V74/><F74/><W127/><G7/><T52/><D78/><U51/><E4/><V47/><F110/><W42/><G20/><T21/><D126/><N who="3" m="48169" /><G81/><T133/><D133/><U48/><E134/><V14/><F131/><W117/><G117/><T69/><D69/><U123/><E123/><V115/><F47/><N who="3" m="24031" /><G135/><T28/><D111/><U40/><E40/><V60/><REACH who="2" step="1"/><F11/><REACH who="2" ten="250,240,250,250" step="2"/><W26/><G130/><T2/><D45/><U95/><E128/><V38/><F38/><W120/><G26/><T97/><D2/><U102/><E37/><V53/><F53/><W17/><G17/><T46/><D28/><AGARI ba="0,1" hai="13,14,27,28,34,59,60,64,85,86,87,112,114,115" machi="28" ten="50,6400,0" yaku="1,1,11,1,52,1,53,0" doraHai="58" doraHaiUra="84" who="2" fromWho="0" sc="250,-64,240,0,250,74,250,0" /><INIT seed="2,0,0,0,5,125" ten="186,240,324,250" oya="2" hai0="132,43,101,6,41,54,98,56,74,118,18,82,33" hai1="131,24,87,22,7,110,11,45,44,35,65,79,84" hai2="2,52,75,86,78,116,124,100,130,111,20,128,68" hai3="8,60,76,49,9,129,0,55,71,28,1,122,112"/><V58/><F116/><W21/><G122/><T34/><D6/><U106/><E106/><V94/><F68/><W32/><G32/><T126/><D132/><U83/><E35/><V102/><F124/><W133/><G133/><T92/><D33/><U16/><E110/><V4/><F75/><W30/><G76/><T31/><D126/><U95/><E65/><V120/><F120/><W81/><G81/><T12/><D118/><U40/><E131/><N who="2" m="50219" /><F111/><W73/><G60/><T47/><D31/><U109/><E109/><V59/><F59/><W127/><G28/><T37/><D34/><U61/><E61/><N who="2" m="36039" /><F20/><W123/><G21/><T88/><D74/><U72/><E45/><V57/><F57/><W80/><G71/><T135/><D135/><U121/><E121/><V19/><F19/><W10/><G73/><T107/><D47/><U36/><REACH who="1" step="1"/><E95/><REACH who="1" ten="186,230,324,250" step="2"/><V50/><F50/><W89/><G49/><T66/><D92/><U39/><E39/><V96/><F102/><W26/><G129/><T97/><D37/><U134/><E134/><V77/><F86/><W90/><G127/><T38/><D38/><U117/><E117/><V99/><F96/><W25/><G123/><T93/><D98/><U51/><E51/><V62/><F62/><W46/><G46/><T42/><D97/><U69/><E69/><V64/><F64/><W85/><G85/><T70/><D66/><U115/><E115/><V14/><F2/><AGARI ba="0,1" hai="2,7,11,16,22,24,36,40,44,72,79,83,84,87" machi="2" ten="30,8000,1" yaku="1,1,7,1,25,2,54,1,53,0" doraHai="125" doraHaiUra="48" who="1" fromWho="2" sc="186,0,230,90,324,-80,250,0" /><INIT seed="3,0,0,2,1,33" ten="186,320,244,250" oya="3" hai0="19,128,104,91,122,89,68,105,64,112,133,107,129" hai1="71,115,110,54,40,56,55,26,124,132,49,42,30" hai2="98,114,34,32,102,90,23,39,123,51,24,86,44" hai3="62,72,78,93,8,58,131,75,111,35,92,41,121"/><W99/><G121/><T38/><D64/><U77/><E115/><V65/><F114/><W25/><G131/><N who="0" m="50251" /><D112/><U67/><E110/><V20/><F123/><W73/><G111/><T101/><D122/><U126/><E77/><V134/><F39/><W61/><G41/><N who="1" m="15978" /><E26/><V81/><F134/><W2/><G78/><T17/><D38/><U88/><E88/><N who="0" m="33865" /><D68/><U94/><E94/><V97/><F65/><W135/><G135/><T1/><D133/><U11/><E11/><V119/><F119/><W28/><G99/><T60/><D60/><N who="1" m="40423" /><E30/><V18/><F23/><W116/><G116/><T118/><D118/><U4/><E4/><V113/><F98/><W15/><G61/><T16/><D101/><U37/><E132/><V14/><F113/><W95/><G62/><T36/><D36/><U66/><E37/><V31/><F97/><W87/><G87/><T6/><D6/><U127/><E66/><V100/><F34/><W5/><REACH who="3" step="1"/><G58/><REACH who="3" ten="186,320,244,240" step="2"/><T48/><D48/><N who="1" m="30791" /><E127/><V21/><F102/><W52/><G52/><T12/><D12/><AGARI ba="0,1" hai="2,5,8,12,15,25,28,35,72,73,75,92,93,95" machi="12" ten="50,4800,0" yaku="1,1,52,1,53,0" doraHai="33" doraHaiUra="130" who="3" fromWho="0" sc="186,-48,320,0,244,0,240,58" /><INIT seed="3,1,0,2,2,121" ten="138,320,244,298" oya="3" hai0="85,78,46,102,130,132,87,33,92,53,28,91,106" hai1="6,57,127,29,83,48,0,73,32,95,113,77,89" hai2="112,100,4,71,98,42,125,114,43,119,51,16,54" hai3="115,25,7,22,103,63,129,108,10,131,13,65,94"/><W80/><G115/><T30/><D132/><U101/><E113/><V55/><F119/><W123/><G123/><T26/><D130/><U66/><E127/><V40/><F4/><W44/><G80/><T38/><D28/><U96/><E0/><V75/><F75/><W41/><G94/><T59/><D106/><U31/><E6/><V104/><F125/><W128/><G103/><T45/><D102/><U116/><E116/><V69/><F114/><W1/><G1/><T56/><D56/><U21/><E32/><V84/><F112/><W23/><G25/><T110/><D110/><U88/><E48/><V12/><F84/><W47/><G47/><T52/><D53/><U2/><E2/><V62/><F62/><W37/><REACH who="3" step="1"/><G108/><REACH who="3" ten="138,320,244,288" step="2"/><T86/><D78/><U134/><E134/><V120/><F120/><W97/><G97/><T124/><D124/><U34/><E34/><V58/><REACH who="2" step="1"/><F54/><REACH who="2" ten="138,320,234,288" step="2"/><W93/><G93/><T74/><D74/><U118/><E118/><V61/><F61/><W17/><G17/><T82/><D82/><U24/><E31/><V49/><F49/><W50/><G50/><T107/><D52/><U39/><E39/><V5/><F5/><W64/><G64/><T90/><D38/><U9/><E66/><V67/><F67/><W133/><G133/><T105/><D30/><U11/><E73/><V36/><F36/><W20/><G20/><AGARI ba="1,2" hai="12,16,20,40,42,43,51,55,58,69,71,98,100,104" machi="20" ten="40,2600,0" yaku="1,1,54,1,53,0" doraHai="121" doraHaiUra="27" who="2" fromWho="3" sc="138,0,320,0,234,49,288,-29" /><INIT seed="4,0,0,4,1,68" ten="138,320,283,259" oya="0" hai0="94,100,53,128,120,67,6,10,133,24,101,32,122" hai1="91,114,17,84,38,19,42,108,0,113,88,15,81" hai2="27,109,98,132,30,25,60,22,103,82,2,127,61" hai3="72,35,96,79,69,87,124,135,80,21,9,8,16"/><T44/><D133/><U4/><E108/><V57/><F109/><W56/><G69/><T47/><D128/><U111/><E111/><V5/><F132/><W65/><G35/><T55/><D67/><U14/><E0/><V34/><F127/><W23/><G135/><T75/><D75/><U13/><E4/><V43/><F5/><W66/><G23/><T118/><D118/><U104/><E104/><V119/><F2/><W39/><G124/><T78/><D78/><U73/><E73/><V51/><F82/><W99/><G39/><T3/><D32/><U71/><E71/><V59/><F119/><W26/><G72/><T1/><D6/><U112/><E91/><V130/><F130/><W28/><G8/><T129/><D94/><U46/><AGARI ba="0,0" hai="13,14,15,17,19,38,42,46,81,84,88,112,113,114" machi="46" ten="40,8000,1" yaku="0,1,15,1,11,1,52,1,54,1" doraHai="68" who="1" fromWho="1" sc="138,-40,320,80,283,-20,259,-20" /><INIT seed="5,0,0,3,3,112" ten="98,400,263,239" oya="1" hai0="45,104,31,66,82,127,115,124,129,125,43,100,83" hai1="74,38,69,32,113,30,3,12,21,10,41,133,61" hai2="122,48,101,117,55,27,22,13,89,85,6,71,134" hai3="126,53,11,111,79,29,114,16,24,42,52,118,77"/><U95/><E74/><V94/><F122/><W121/><G111/><T59/><D31/><U47/><E113/><V106/><F71/><W91/><G121/><T67/><D115/><U39/><E32/><V105/><F134/><W46/><G114/><T40/><D100/><U99/><E3/><V63/><F63/><W103/><G103/><T76/><D104/><U75/><E75/><V17/><F117/><W92/><G126/><T23/><D129/><U128/><E128/><V110/><F110/><W84/><G118/><T0/><D0/><U98/><E39/><V88/><F101/><W90/><G90/><T102/><D102/><U56/><E69/><V60/><F60/><W44/><G77/><T65/><D23/><U78/><E78/><V80/><F6/><W36/><G46/><T9/><D9/><U35/><E35/><V1/><F27/><W97/><G29/><T72/><D82/><U58/><E58/><V96/><REACH who="2" step="1"/><F1/><REACH who="2" ten="98,400,253,239" step="2"/><W86/><G24/><T81/><D125/><U49/><E61/><V64/><F64/><W107/><G107/><T70/><D66/><U34/><E133/><V8/><F8/><W73/><G11/><T108/><D70/><U15/><E10/><V120/><F120/><W116/><G116/><T130/><D108/><U19/><E12/><V131/><F131/><W119/><G119/><T57/><D130/><U50/><E15/><V37/><F37/><W109/><G36/><T68/><D68/><U123/><E38/><V54/><F54/><W2/><G53/><T25/><D127/><U28/><E123/><V93/><F93/><RYUUKYOKU ba="0,1" sc="98,-10,400,-10,253,30,239,-10" hai2="13,17,22,48,55,80,85,88,89,94,96,105,106" /><INIT seed="6,1,1,4,5,73" ten="88,390,283,229" oya="2" hai0="49,14,6,55,59,31,28,66,130,85,62,93,52" hai1="69,17,80,82,22,129,77,132,89,53,125,81,105" hai2="64,4,60,33,120,19,54,117,65,13,99,63,107" hai3="131,16,111,30,71,51,91,100,2,95,84,0,124"/><V104/><F117/><W40/><G111/><T90/><D130/><U108/><E108/><V45/><F120/><W87/><G71/><T72/><D72/><U121/><E105/><V79/><F33/><W61/><G30/><T1/><D1/><U76/><E69/><V123/><F123/><W3/><G131/><T103/><D103/><U18/><E121/><V23/><F4/><W48/><G124/><T44/><D6/><U83/><E129/><V7/><F7/><W12/><G61/><T114/><D114/><U113/><E113/><V5/><F5/><W20/><G40/><T36/><D36/><U37/><E37/><V118/><F118/><W43/><G43/><T112/><D112/><U115/><E132/><V27/><F27/><W57/><G57/><T9/><REACH who="0" step="1"/><D66/><REACH who="0" ten="78,390,283,229" step="2"/><U88/><E115/><V92/><F65/><W47/><G100/><T38/><D38/><U98/><E125/><V135/><F64/><W26/><G0/><T109/><D109/><U39/><E39/><V58/><F107/><W133/><G2/><T56/><D56/><U122/><E122/><V70/><F104/><W25/><G3/><T21/><D21/><U42/><E22/><V119/><F58/><W24/><G133/><T68/><D68/><U67/><E67/><V86/><F70/><W126/><G126/><T78/><D78/><U8/><E77/><V116/><F79/><W134/><G134/><T97/><D97/><U101/><E76/><V50/><F135/><W94/><G47/><T29/><D29/><U10/><E98/><V34/><F119/><W128/><G128/><RYUUKYOKU ba="1,2" sc="78,15,390,-15,283,-15,229,15" hai0="9,14,28,31,44,49,52,55,59,62,85,90,93" hai3="12,16,20,24,25,26,48,51,84,87,91,94,95" /><INIT seed="7,2,2,3,5,4" ten="93,375,268,244" oya="3" hai0="37,65,22,66,56,39,131,15,111,109,20,104,5" hai1="53,7,121,122,63,119,67,41,45,36,129,94,9" hai2="98,2,3,18,133,87,126,33,57,70,40,21,74" hai3="78,59,48,42,128,54,28,84,81,135,123,75,24"/><W34/><G123/><T43/><D104/><U107/><E107/><V35/><F70/><W77/><G128/><T52/><D131/><U76/><E129/><V91/><F74/><W112/><G112/><T108/><D43/><U114/><E114/><V125/><F40/><W80/><REACH who="3" step="1"/><G42/><REACH who="3" ten="93,375,268,234" step="2"/><T68/><D111/><U17/><E121/><V38/><F126/><W90/><G90/><T13/><D109/><U113/><E113/><V46/><F91/><W117/><G117/><T47/><D108/><U85/><E119/><V73/><F125/><W96/><G96/><T86/><D37/><U29/><E122/><V55/><F98/><W110/><G110/><T44/><D39/><U89/><E89/><V69/><F38/><W92/><G92/><T102/><D102/><U72/><E94/><V132/><F132/><AGARI ba="2,3" hai="24,28,34,48,54,59,75,77,78,80,81,84,132,135" machi="132" ten="40,2000,0" yaku="1,1,53,0" doraHai="4" doraHaiUra="124" who="3" fromWho="2" sc="93,0,375,0,268,-26,234,56" /><INIT seed="7,3,0,5,3,38" ten="93,375,242,290" oya="3" hai0="23,112,68,64,114,31,15,11,82,59,67,53,76" hai1="74,100,3,72,75,9,90,58,63,108,123,32,44" hai2="36,70,40,34,115,126,98,131,113,0,16,84,132" hai3="24,49,47,8,22,65,122,61,103,105,78,124,118"/><W69/><G118/><T110/><D110/><U128/><E108/><V120/><RYUUKYOKU type="yao9" ba="3,0" sc="93,0,375,0,242,0,290,0" hai2="0,16,34,36,40,70,84,98,113,115,120,126,131,132" /><INIT seed="7,4,0,5,2,78" ten="93,375,242,290" oya="3" hai0="114,57,72,3,1,131,87,76,83,31,7,30,34" hai1="129,133,112,64,6,24,106,51,73,47,121,46,35" hai2="8,25,110,44,71,92,15,0,63,70,33,119,40" hai3="38,124,99,120,41,132,88,50,69,82,43,49,37"/><W36/><G120/><T9/><D131/><U42/><E121/><V135/><F110/><W134/><G69/><T127/><D127/><U22/><E73/><V20/><F119/><W4/><G4/><T111/><D111/><U59/><E106/><V86/><F135/><N who="3" m="51755" /><G124/><T84/><D114/><U16/><E133/><V12/><F33/><W89/><G99/><T117/><D117/><U91/><E112/><V85/><F0/><W118/><G118/><T2/><D72/><U32/><E129/><V65/><F71/><W101/><G101/><T26/><D30/><U122/><E122/><V123/><F92/><W10/><G10/><T109/><D109/><U54/><E6/><V28/><F12/><W11/><G11/><T81/><REACH who="0" step="1"/><D57/><REACH who="0" ten="83,375,242,290" step="2"/><U90/><E35/><V95/><F123/><W53/><G41/><T105/><D105/><U45/><E32/><V29/><F40/><W128/><G43/><T52/><D52/><U100/><E42/><V94/><F29/><W103/><G128/><T55/><D55/><U115/><E115/><V96/><F28/><W18/><G53/><T62/><D62/><U116/><E116/><V67/><F63/><W102/><G38/><T14/><D14/><U56/><E56/><V126/><F126/><W130/><G130/><T58/><D58/><U5/><E54/><V66/><F15/><W80/><G37/><T77/><AGARI ba="4,1" hai="1,2,3,7,9,26,31,34,76,77,81,83,84,87" machi="77" ten="20,12000,2" yaku="1,1,0,1,7,1,9,1,52,2,53,0" doraHai="78" doraHaiUra="48" who="0" fromWho="0" sc="83,142,375,-34,242,-34,290,-64" owari="225,-17.5,341,44.1,208,-29.2,226,2.6" /></mjloggm>