<mjloggm ver="2.3"><GO type="169" lobby="0"/><UN n0="%61%6B%61%69%6B%69" n1="%4D%41%54%59%55%49%E2%98%86" n2="%E3%81%BD%E3%81%A3%E3%81%91%E3%81%95%E3%82%93" n3="%43%65%6C%65%73%54%65" dan="17,17,17,16" rate="2219.55,2189.68,2183.12,2131.05" sx="M,M,M,M"/><TAIKYOKU oya="0"/><INIT seed="0,0,0,5,0,11" ten="250,250,250,250" oya="0" hai0="26,135,59,70,91,93,120,62,41,123,102,61,73" hai1="99,72,132,64,6,56,5,27,9,18,82,131,55" hai2="101,97,110,112,1,83,119,107,105,48,34,52,95" hai3="58,10,38,114,69,79,88,17,65,127,108,98,19"/><T78/><D135/><U76/><E132/><V25/><F1/><W75/><G114/><T13/><D102/><U16/><E131/><V57/><F112/><W8/><G69/><T32/><D41/><U104/><E64/><V42/><F110/><W23/><G127/><T66/><D73/><U103/><E27/><V7/><F7/><W94/><G38/><T85/><D78/><U49/><REACH who="1" step="1"/><E5/><REACH who="1" ten="250,240,250,250" step="2"/><V15/><F25/><W54/><G108/><T115/><D115/><U96/><E96/><V39/><F97/><W126/><G65/><T36/><D123/><U45/><E45/><V116/><F119/><W106/><G126/><T77/><D120/><U133/><E133/><V86/><F116/><W4/><G4/><T84/><D26/><U28/><E28/><V80/><F34/><W2/><G19/><T51/><D32/><U81/><E81/><V29/><F83/><W40/><G17/><T92/><D66/><U118/><E118/><V31/><F80/><W89/><G98/><T113/><D113/><U24/><E24/><V22/><F29/><W30/><G30/><T74/><D70/><U0/><AGARI ba="0,1" hai="0,6,9,16,18,49,55,56,72,76,82,99,103,104" machi="0" ten="20,5200,0" yaku="1,1,0,1,7,1,54,1,53,0" doraHai="11" doraHaiUra="125" who="1" fromWho="1" sc="250,-26,240,62,250,-13,250,-13" /><INIT seed="1,0,0,4,1,60" ten="224,302,237,237" oya="1" hai0="129,31,93,84,21,132,24,45,79,110,14,107,99" hai1="131,33,10,134,130,111,74,15,113,18,123,128,1" hai2="36,56,50,62,126,65,54,49,109,0,80,112,63" hai3="11,98,85,61,20,64,115,51,122,118,70,26,40"/><U82/><E113/><V17/><F0/><W66/><G115/><T117/><D117/><U100/><E123/><V52/><F112/><W48/><G122/><T8/><D110/><U81/><E134/><V77/><F109/><W87/><G118/><T28/><D132/><U35/><E111/><V114/><F114/><W59/><G11/><T22/><D129/><U13/><E1/><V3/><F36/><W9/><G9/><T19/><D107/><U34/><E74/><V29/><F3/><W94/><G85/><T67/><D45/><U121/><E121/><V76/><F126/><W104/><G87/><T95/><D67/><N who="3" m="25641" /><G70/><T71/><D71/><U78/><E78/><V16/><F29/><N who="3" m="17607" /><G40/><T89/><D79/><N who="2" m="30282" /><F80/><W57/><G104/><T2/><D2/><U55/><E82/><V133/><F133/><W32/><G32/><T124/><D124/><U43/><E81/><V7/><F7/><W68/><G68/><T39/><D39/><U38/><E43/><V37/><F37/><W23/><G23/><T58/><D22/><U46/><E38/><V30/><F30/><W86/><G86/><T72/><D72/><U120/><E120/><V6/><F6/><W103/><G59/><T47/><D58/><U41/><E41/><V27/><F27/><W125/><G125/><T105/><D105/><U97/><E35/><V116/><F116/><W135/><G135/><T96/><D84/><U102/><E34/><V83/><F83/><W5/><G5/><N who="0" m="3343" /><D47/><U88/><E46/><N who="2" m="27703" /><F65/><AGARI ba="0,0" hai="48,51,57,61,65,94,98,103" m="17607,25641" machi="65" ten="30,12000,2" yaku="25,1,8,1,52,4" doraHai="60" who="3" fromWho="2" sc="224,0,302,0,237,-120,237,120" /><INIT seed="2,0,0,5,5,119" ten="224,302,117,357" oya="2" hai0="53,108,103,84,124,55,101,98,70,105,30,22,115" hai1="58,114,3,89,133,36,21,67,104,46,17,2,82" hai2="123,0,90,97,18,125,64,15,94,50,31,71,63" hai3="78,34,79,92,51,60,43,24,93,19,32,49,95"/><V12/><F0/><W10/><G34/><T106/><D115/><U120/><E114/><V96/><F125/><W74/><G32/><T118/><D124/><U83/><E104/><V62/><F31/><W66/><G74/><T72/><D72/><U116/><E116/><V6/><F6/><W37/><G37/><T127/><D118/><U88/><E133/><V57/><F50/><W113/><G113/><T4/><D127/><U5/><E67/><V85/><F123/><W56/><G49/><T112/><D112/><U65/><E65/><V77/><F77/><W48/><G48/><T26/><D70/><U47/><E58/><V40/><F40/><W87/><G87/><T129/><D108/><U23/><E5/><V13/><REACH who="2" step="1"/><F18/><REACH who="2" ten="224,302,107,357" step="2"/><W107/><G43/><T69/><D4/><U134/><E17/><V76/><F76/><W14/><G51/><T68/><D30/><U1/><E1/><V132/><F132/><W110/><G79/><T52/><D69/><U59/><E134/><V131/><F131/><W100/><G78/><T86/><D68/><U20/><E120/><V128/><F128/><W81/><G19/><T7/><D7/><U135/><E135/><V126/><F126/><W54/><G110/><T39/><D129/><U102/><E2/><V8/><F8/><W73/><G10/><T16/><D39/><U91/><E3/><V80/><F80/><W41/><G81/><T117/><D117/><U122/><E83/><V121/><F121/><W109/><G109/><T9/><D9/><U33/><E122/><V130/><F130/><W75/><G75/><RYUUKYOKU ba="0,1" sc="224,15,302,-15,107,15,357,-15" hai0="16,22,26,52,53,55,84,86,98,101,103,105,106" hai2="12,13,15,57,62,63,64,71,85,90,94,96,97" /><INIT seed="2,1,1,2,3,99" ten="239,287,122,342" oya="2" hai0="66,41,134,110,63,52,48,100,11,72,118,43,57" hai1="0,18,27,127,123,22,19,90,80,111,30,93,9" hai2="135,38,124,106,126,89,75,97,14,6,64,12,94" hai3="96,61,70,55,116,62,125,102,88,120,128,109,113"/><V25/><F38/><W29/><G116/><T49/><D72/><U16/><E111/><V37/><F37/><W23/><G120/><T115/><D115/><U133/><E133/><V76/><F135/><W24/><G109/><T32/><D110/><U59/><E127/><N who="2" m="48683" /><F6/><W65/><G125/><T130/><D134/><U68/><E68/><V84/><F64/><W10/><G128/><T73/><D73/><U105/><E105/><V71/><F71/><W34/><G113/><T69/><D32/><U77/><E123/><V21/><F75/><W13/><G23/><T85/><D130/><U46/><E46/><V117/><F117/><W35/><G35/><T5/><D118/><U81/><E77/><V50/><F50/><W112/><G112/><T132/><D132/><U40/><E40/><V45/><F45/><W86/><G55/><T33/><D33/><U78/><E78/><V3/><F3/><W56/><G56/><T103/><D85/><U131/><E59/><V91/><F76/><W98/><G65/><T15/><REACH who="0" step="1"/><D49/><REACH who="0" ten="229,287,122,342" step="2"/><U74/><E74/><V36/><F36/><W122/><G122/><T82/><D82/><U101/><E131/><V58/><F58/><W1/><G70/><T42/><AGARI ba="1,2" hai="5,11,15,41,42,43,48,52,57,63,66,69,100,103" machi="42" ten="30,8000,1" yaku="1,1,0,1,52,2,54,1,53,0" doraHai="99" doraHaiUra="108" who="0" fromWho="0" sc="229,103,287,-21,122,-41,342,-21" /><INIT seed="3,0,0,0,3,54" ten="332,266,81,321" oya="3" hai0="86,121,108,70,58,56,81,55,82,103,49,119,31" hai1="110,10,116,74,36,30,7,57,76,24,20,92,26" hai2="13,125,101,8,60,5,80,59,134,113,42,63,85" hai3="72,16,102,95,43,18,47,129,51,0,94,130,64"/><W135/><G72/><T40/><D119/><U44/><E116/><V122/><F113/><W75/><G75/><T109/><D121/><U114/><E114/><V32/><F122/><W128/><G0/><T22/><D70/><U90/><E110/><N who="0" m="42601" /><D40/><U120/><E120/><V77/><F32/><W88/><G135/><T87/><D103/><U68/><E68/><V48/><F134/><W127/><G127/><T132/><D132/><U33/><E76/><V27/><F125/><W126/><G126/><T12/><D12/><U78/><E78/><V2/><F2/><W46/><G64/><T104/><D104/><U6/><E74/><V133/><F133/><W83/><G47/><N who="0" m="28095" /><D86/><U9/><E36/><V21/><F101/><W25/><G25/><N who="0" m="16823" /><D82/><U69/><E69/><V17/><REACH who="2" step="1"/><F59/><REACH who="2" ten="332,266,71,321" step="2"/><W115/><G115/><T65/><D65/><U29/><E57/><V53/><F53/><W107/><G102/><T99/><D99/><U131/><E33/><V19/><F19/><N who="3" m="7211" /><G107/><T35/><D35/><U96/><E96/><V111/><F111/><W41/><G41/><T39/><D39/><U23/><E6/><V14/><F14/><W3/><G3/><T89/><AGARI ba="0,1" hai="56,58,81,87,89" m="16823,28095,42601" machi="89" ten="30,4000,0" yaku="14,1,52,2" doraHai="54" who="0" fromWho="0" sc="332,50,266,-10,71,-10,321,-20" /><INIT seed="4,0,0,3,2,117" ten="382,256,61,301" oya="0" hai0="89,47,55,12,125,71,90,101,99,48,107,94,118" hai1="110,100,119,91,111,115,43,88,113,36,13,59,10" hai2="0,27,130,17,128,40,85,44,122,106,83,120,98" hai3="53,74,108,37,121,93,105,57,54,64,30,6,41"/><T104/><D118/><U26/><E119/><V4/><F0/><W72/><G105/><T103/><D71/><U96/><E26/><V61/><F4/><W75/><G108/><N who="1" m="41514" /><E59/><V11/><F61/><W7/><G30/><T73/><D125/><U3/><E3/><V45/><F106/><W5/><G93/><T51/><D73/><U69/><E43/><V42/><F98/><W132/><G132/><T127/><D127/><U95/><E36/><V109/><F109/><W63/><G41/><T87/><D107/><U32/><E32/><V81/><F85/><W82/><G37/><T133/><D133/><U9/><E9/><V46/><F46/><W114/><G82/><T20/><D104/><U38/><E38/><V58/><F58/><W78/><G78/><T8/><D20/><U116/><E69/><V131/><F131/><W23/><G23/><T60/><D48/><U14/><E14/><V80/><F80/><W39/><G39/><T29/><D60/><U76/><E76/><V22/><F22/><W49/><G49/><T52/><D55/><U33/><E33/><V70/><F70/><W123/><G54/><T62/><D29/><U67/><E67/><V15/><F15/><W84/><G53/><T129/><D129/><U97/><E97/><V24/><F17/><W2/><G2/><T65/><D62/><U126/><E126/><V124/><F124/><W112/><REACH who="3" step="1"/><G84/><REACH who="3" ten="382,256,61,291" step="2"/><T16/><D65/><U25/><E116/><V1/><REACH who="2" step="1"/><F1/><REACH who="2" ten="382,256,51,291" step="2"/><W35/><G35/><T18/><D18/><N who="1" m="8503" /><E25/><V34/><F34/><W68/><G68/><T77/><D77/><RYUUKYOKU ba="0,2" sc="382,0,256,0,51,0,291,0" hai0="8,12,16,47,51,52,87,89,90,94,99,101,103" hai1="88,91,95,96,100,113,115" hai2="11,24,27,40,42,44,45,81,83,120,122,128,130" hai3="5,6,7,57,63,64,72,74,75,112,114,121,123" /><INIT seed="4,1,2,5,0,50" ten="382,256,51,291" oya="0" hai0="69,123,103,40,70,119,111,44,8,115,53,81,130" hai1="21,131,107,94,45,1,33,13,101,72,41,60,76" hai2="102,120,108,128,18,11,75,2,78,110,10,65,68" hai3="126,43,48,36,100,56,26,95,104,91,23,12,99"/><T28/><D119/><U7/><E131/><V9/><F2/><W117/><G117/><T79/><D123/><U105/><E94/><V24/><F120/><W89/><G126/><T83/><D130/><U55/><E33/><V73/><F128/><W54/><G12/><T82/><D115/><U90/><E90/><V25/><F102/><W125/><G125/><T132/><D132/><U32/><E32/><V52/><F65/><W58/><G58/><T27/><D111/><U121/><E101/><V34/><F68/><W109/><G109/><T16/><D103/><U17/><E121/><V71/><F71/><W124/><G124/><T57/><D79/><U42/><E42/><V77/><F11/><W29/><REACH who="3" step="1"/><G104/><REACH who="3" ten="382,256,51,281" step="2"/><T14/><D69/><U3/><E107/><V66/><F66/><W37/><G37/><T30/><D70/><U63/><E105/><V64/><F64/><W127/><G127/><T112/><D112/><U47/><E13/><V135/><F135/><W22/><G22/><T35/><D30/><U133/><E21/><V59/><F34/><W38/><G38/><T86/><D44/><AGARI ba="1,3" hai="23,26,29,36,43,44,48,54,56,89,91,95,99,100" machi="44" ten="40,2600,0" yaku="1,1,52,1,53,0" doraHai="50" doraHaiUra="15" who="3" fromWho="0" sc="382,-29,256,0,51,0,281,59" /><INIT seed="5,0,0,3,0,15" ten="353,256,51,340" oya="1" hai0="52,29,22,25,10,117,126,12,89,113,100,66,48" hai1="0,39,11,110,26,128,87,119,20,72,41,8,59" hai2="122,9,130,47,4,123,13,57,78,34,94,32,61" hai3="81,109,18,7,84,19,54,24,82,93,46,53,30"/><U35/><E119/><V115/><F130/><W31/><G109/><T2/><D117/><U131/><E72/><V65/><F34/><W3/><G3/><T85/><D113/><U17/><E110/><V101/><F32/><W62/><G7/><T106/><D126/><U121/><E121/><V71/><F71/><W135/><G135/><T67/><D2/><U107/><E107/><V6/><F115/><W134/><G134/><T124/><D100/><U40/><E35/><V69/><F6/><W114/><G114/><T42/><D42/><U58/><E87/><V83/><F69/><W90/><G54/><T133/><D106/><U38/><E0/><V97/><REACH who="2" step="1"/><F47/><REACH who="2" ten="353,256,41,340" step="2"/><W16/><G46/><N who="0" m="27671" /><D133/><U51/><E131/><V108/><F108/><W102/><G24/><T49/><D124/><U70/><E70/><V116/><F116/><W127/><G127/><T1/><D1/><U74/><E128/><V36/><F36/><W120/><G120/><T37/><D37/><U5/><E5/><V33/><F33/><W104/><G104/><T55/><D25/><U23/><E26/><V95/><F95/><W45/><G45/><T14/><D12/><U98/><E38/><V44/><F44/><W99/><G81/><T68/><D68/><U56/><E39/><V50/><F50/><W64/><G64/><T86/><D66/><U105/><E51/><V91/><F91/><W103/><G103/><T125/><D67/><U43/><E105/><V60/><F60/><W129/><G129/><T132/><D125/><U96/><E43/><V88/><F88/><W111/><G111/><RYUUKYOKU ba="0,1" sc="353,-15,256,-15,41,15,340,15" hai2="4,9,13,57,61,65,78,83,94,97,101,122,123" hai3="16,18,19,30,31,53,62,82,84,90,93,99,102" /><INIT seed="6,1,1,5,5,8" ten="338,241,56,355" oya="2" hai0="112,35,119,52,68,51,85,133,82,74,53,105,78" hai1="73,25,17,111,118,69,5,60,28,94,134,117,36" hai2="48,43,44,39,9,31,65,84,110,47,38,98,7" hai3="22,135,96,89,11,14,32,115,121,61,124,63,33"/><V95/><F110/><W130/><G121/><T10/><D35/><U88/><E111/><V90/><F31/><W26/><G124/><T16/><D105/><U30/><E73/><V15/><F65/><W67/><G130/><T75/><D68/><U2/><E36/><V42/><REACH who="2" step="1"/><F48/><REACH who="2" ten="338,241,46,355" step="2"/><W127/><G67/><T59/><D51/><U57/><E28/><V99/><AGARI ba="1,2" hai="7,9,15,38,39,42,43,44,47,84,90,95,98,99" machi="99" ten="30,12000,1" yaku="1,1,2,1,0,1,9,1,52,1,53,0" doraHai="8" doraHaiUra="56" who="2" fromWho="2" sc="338,-41,241,-41,46,143,355,-41" /><INIT seed="6,2,0,3,3,2" ten="297,200,189,314" oya="2" hai0="59,5,111,128,66,78,24,36,32,109,31,101,92" hai1="93,0,72,43,112,34,52,3,41,113,123,18,84" hai2="81,23,25,127,14,9,15,131,38,33,8,29,130" hai3="80,48,95,4,91,45,77,1,75,89,122,17,13"/><V135/><F38/><W105/><G122/><T51/><D36/><U133/><E72/><V44/><F44/><W120/><G105/><T11/><D128/><N who="2" m="49194" /><F127/><W69/><G120/><T49/><D78/><U47/><E123/><V64/><F64/><W7/><G69/><T27/><D27/><U83/><E34/><V126/><F126/><W121/><G121/><T86/><D66/><U12/><E93/><V88/><F135/><W19/><G1/><T42/><D42/><U26/><E26/><V114/><F114/><N who="1" m="44137" /><E133/><V94/><F81/><W99/><G91/><T61/><D61/><U97/><E97/><N who="2" m="57543" /><F15/><W96/><G96/><T40/><D24/><U28/><E0/><V62/><F62/><W106/><G106/><T53/><D51/><N who="1" m="28799" /><E28/><V117/><F117/><W54/><G13/><T104/><D31/><U132/><E3/><V67/><F67/><W70/><G70/><T107/><D107/><U55/><E55/><V35/><F8/><W46/><G46/><T68/><D11/><N who="1" m="6431" /><E132/><V56/><F56/><W116/><G54/><T119/><D59/><U134/><E134/><V21/><F35/><W124/><G124/><T71/><D32/><U37/><E37/><V85/><F85/><W65/><G65/><T82/><D86/><U6/><E84/><V30/><F30/><W63/><G63/><T90/><D71/><U57/><E57/><V118/><F118/><W102/><G116/><T100/><D68/><U110/><E83/><V115/><F115/><W39/><G39/><T74/><D82/><U60/><E60/><V98/><F98/><W22/><G99/><RYUUKYOKU ba="2,0" sc="297,-10,200,-10,189,30,314,-10" hai2="9,14,21,23,25,29,33" /><INIT seed="6,3,0,5,1,45" ten="287,190,219,304" oya="2" hai0="126,46,35,75,65,122,67,102,91,3,124,86,25" hai1="127,56,72,5,78,114,17,121,15,106,110,24,107" hai2="4,108,10,132,109,100,18,120,42,52,93,41,115" hai3="21,123,113,27,82,38,88,105,19,7,135,99,6"/><V50/><F120/><W28/><G123/><T66/><D122/><U14/><E121/><RYUUKYOKU type="kaze4" ba="3,0" sc="287,0,190,0,219,0,304,0" /><INIT seed="6,4,0,1,4,110" ten="287,190,219,304" oya="2" hai0="52,96,95,74,82,4,100,119,21,24,134,44,113" hai1="13,105,57,124,8,117,49,45,133,22,123,92,46" hai2="115,43,98,94,78,26,71,15,73,97,86,77,17" hai3="12,36,55,135,68,93,27,128,104,84,56,109,107"/><V89/><F71/><W79/><G109/><T60/><D134/><U53/><E105/><V18/><F115/><W20/><G128/><T37/><D119/><U50/><E117/><V102/><F43/><W59/><G68/><T28/><D4/><U87/><E133/><V118/><F118/><W61/><G135/><T66/><D113/><U72/><E72/><V62/><F73/><W40/><G36/><T90/><D37/><U70/><E70/><V2/><F2/><W31/><G40/><T30/><D74/><U47/><E124/><V81/><F62/><W80/><G93/><T127/><D127/><U14/><E123/><V111/><F111/><W6/><G6/><T10/><D10/><U11/><E50/><V108/><F108/><W42/><G42/><T88/><D30/><U121/><E121/><V29/><F15/><W5/><G59/><N who="0" m="37151" /><D82/><U126/><E126/><V41/><F41/><W132/><G132/><T19/><D19/><N who="2" m="7178" /><F98/><W76/><G107/><T38/><D38/><U103/><E22/><AGARI ba="4,0" hai="22,26,29,77,78,81,86,89,94,97,102" m="7178" machi="22" ten="30,1500,0" yaku="8,1" doraHai="110" who="2" fromWho="1" sc="287,0,190,-27,219,27,304,0" /><INIT seed="6,5,0,1,3,105" ten="287,163,246,304" oya="2" hai0="31,56,17,81,44,90,14,67,15,96,20,51,40" hai1="89,86,83,78,62,112,9,92,130,69,95,110,122" hai2="48,37,133,98,60,106,47,22,118,32,65,30,28" hai3="12,58,2,43,21,104,75,71,102,84,46,70,74"/><V13/><F118/><W38/><G84/><T45/><D31/><U61/><E110/><V120/><F120/><W29/><G58/><T59/><D67/><U64/><E122/><V79/><F37/><W34/><G12/><T66/><D66/><U114/><E130/><V97/><F79/><W101/><G101/><T35/><D35/><U108/><E108/><V10/><F133/><W72/><G21/><T121/><D121/><U77/><E77/><V80/><F80/><W87/><G87/><N who="0" m="50543" /><D96/><N who="2" m="36970" /><F32/><W27/><G2/><T131/><D131/><U1/><E62/><V68/><F106/><W125/><G125/><T53/><D15/><U82/><E1/><V99/><F22/><W11/><G11/><T128/><D128/><U103/><E9/><V119/><F119/><W85/><G85/><T42/><D45/><U63/><E63/><V39/><F39/><W111/><G111/><T18/><D18/><U117/><E117/><V54/><F99/><AGARI ba="5,0" hai="27,29,34,38,43,46,70,71,72,74,75,99,102,104" machi="99" ten="40,12000,2" yaku="33,3,52,3" doraHai="105" who="3" fromWho="2" sc="287,0,163,0,246,-135,304,135" /><INIT seed="7,0,0,5,5,38" ten="287,163,111,439" oya="3" hai0="125,12,103,91,124,80,98,59,72,8,23,101,76" hai1="62,89,116,135,10,43,39,117,126,131,114,19,113" hai2="63,56,55,37,7,17,25,100,24,69,58,54,18" hai3="118,88,44,57,9,45,81,121,104,83,111,74,75"/><W92/><G118/><N who="1" m="45674" /><E131/><V28/><F69/><W16/><G121/><T48/><D23/><U40/><E135/><V130/><F37/><W87/><G104/><T85/><D59/><U42/><E126/><V30/><F130/><W120/><G120/><T110/><D48/><U15/><E39/><V26/><F7/><W61/><G75/><T134/><D110/><U32/><E32/><V2/><F2/><W46/><G74/><T95/><D12/><U53/><E89/><V99/><F99/><W20/><G9/><T129/><D8/><U73/><E73/><V14/><F100/><W112/><G112/><N who="1" m="43114" /><E62/><V102/><F102/><W52/><G111/><T50/><D129/><U4/><E53/><V47/><F47/><W60/><G60/><T13/><D134/><U123/><E123/><V119/><F119/><W36/><G36/><T70/><D103/><U133/><E133/><V94/><F94/><W84/><G84/><T93/><D125/><U67/><E67/><V51/><REACH who="2" step="1"/><F18/><AGARI ba="0,0" hai="4,10,15,18,19,40,42,43" m="43114,45674" machi="18" ten="40,8000,1" yaku="12,1,15,1,52,3" doraHai="38" who="1" fromWho="2" sc="287,0,163,80,111,-80,439,0" owari="287,8.7,243,-15.7,31,-46.9,439,53.9" /></mjloggm>