<mjloggm ver="2.3"><GO type="169" lobby="0"/><UN n0="%E3%81%8B%E3%82%81%E3%81%98%E3%82%8D%E3%81%86" n1="%E3%82%A4%E3%82%AB%E3%81%AB%E3%82%82%E6%9D%B1%E5%8C%97" n2="%68%61%72%75%6B%61%73" n3="%4D%41%54%59%55%49%E2%98%86" dan="16,16,16,17" rate="2123.39,2175.23,2225.08,2192.43" sx="M,M,M,M"/><TAIKYOKU oya="0"/><INIT seed="0,0,0,3,4,1" ten="250,250,250,250" oya="0" hai0="69,29,60,134,108,123,39,79,0,2,132,9,23" hai1="3,50,122,59,20,61,8,7,130,26,120,90,42" hai2="18,126,44,103,128,88,113,31,40,77,93,56,119" hai3="47,125,41,57,5,53,4,19,115,102,49,94,124"/><T131/><D39/><U98/><E130/><V97/><F113/><W36/><G115/><T87/><D123/><U67/><E42/><V14/><F126/><N who="3" m="48747" /><G19/><T66/><D131/><U10/><E50/><V121/><F119/><W70/><G70/><T127/><D127/><U58/><E58/><V75/><F31/><W117/><G117/><T62/><D62/><U81/><E10/><V22/><F121/><W24/><G24/><N who="0" m="16543" /><D108/><U110/><E110/><V17/><F18/><W76/><G76/><T72/><D72/><U118/><E118/><V84/><F75/><W33/><G33/><T96/><D96/><AGARI ba="0,0" hai="4,5,36,41,47,49,53,57,94,96,102" m="48747" machi="96" ten="30,3900,0" yaku="18,1,52,2" doraHai="1" who="3" fromWho="0" sc="250,-39,250,0,250,0,250,39" /><INIT seed="1,0,0,5,2,52" ten="211,250,250,289" oya="1" hai0="56,70,101,121,13,123,45,72,39,90,97,115,134" hai1="91,111,100,116,22,40,5,120,127,0,61,51,74" hai2="122,4,30,50,1,79,76,73,16,106,130,104,109" hai3="81,20,84,98,67,85,88,110,68,99,7,54,35"/><U46/><E116/><V2/><F122/><W37/><G35/><T12/><D70/><U78/><E120/><N who="0" m="46153" /><D115/><U75/><E127/><V25/><F109/><W66/><G37/><T103/><D72/><U105/><E111/><V49/><F30/><W24/><G110/><T59/><D90/><U60/><E105/><V14/><F25/><W21/><G7/><T112/><D112/><U9/><E100/><N who="0" m="38473" /><D97/><N who="3" m="36873" /><G68/><T119/><D119/><U43/><E43/><V128/><F4/><W44/><G20/><T57/><D134/><U131/><E131/><V65/><F73/><W41/><G41/><AGARI ba="0,0" hai="12,13,39,41,45,56,57,59" m="38473,46153" machi="41" ten="40,8000,1" yaku="13,1,52,3" doraHai="52" who="0" fromWho="3" sc="211,80,250,0,250,0,289,-80" /><INIT seed="2,0,0,1,5,62" ten="291,250,250,209" oya="2" hai0="24,40,59,38,95,42,129,84,16,75,107,99,63" hai1="69,130,21,103,27,41,51,93,14,44,34,83,13" hai2="50,112,113,102,92,131,118,122,116,101,23,6,135" hai3="4,104,100,66,57,0,32,17,56,26,25,1,89"/><V125/><F6/><W97/><G56/><T3/><D75/><U12/><E130/><V90/><F23/><W132/><G132/><T111/><D111/><U49/><E69/><V22/><F22/><W47/><G47/><T35/><D3/><U115/><E115/><V70/><F50/><W78/><G78/><T72/><D72/><U79/><E34/><V81/><F70/><W58/><G58/><T121/><D121/><U67/><E67/><V33/><F33/><W127/><G127/><T124/><D124/><U126/><E126/><V30/><F30/><W94/><G17/><T123/><D129/><U39/><E93/><V29/><F29/><W11/><G0/><T53/><D123/><U108/><E103/><N who="2" m="39435" /><F125/><W52/><G66/><T36/><D84/><U54/><E108/><V20/><F20/><W15/><G1/><T133/><D107/><U120/><E120/><V2/><F2/><W88/><G104/><T65/><D133/><U98/><E98/><N who="2" m="57623" /><F122/><W117/><G117/><N who="2" m="45161" /><F135/><W43/><G43/><N who="0" m="16427" /><D35/><U85/><REACH who="1" step="1"/><E54/><REACH who="1" ten="291,240,250,209" step="2"/><V109/><F109/><W5/><G32/><T7/><D53/><U82/><E82/><V73/><F131/><W68/><G68/><T64/><D65/><U48/><E48/><V19/><F19/><AGARI ba="0,1" hai="12,13,14,19,21,27,39,41,44,49,51,79,83,85" machi="19" ten="40,8000,1" yaku="1,1,53,3" doraHai="62" doraHaiUra="10" who="1" fromWho="2" sc="291,0,240,90,250,-80,209,0" /><INIT seed="3,0,0,1,5,99" ten="291,330,170,209" oya="3" hai0="130,125,36,13,9,127,59,106,52,107,63,46,110" hai1="76,104,81,89,102,44,74,90,124,83,18,131,123" hai2="0,17,73,28,1,77,51,129,54,80,55,31,6" hai3="98,85,10,57,117,128,39,8,109,96,135,14,19"/><W47/><G117/><T41/><D110/><U111/><E123/><V34/><F129/><W58/><G128/><T133/><D130/><U67/><E131/><V126/><F126/><N who="0" m="48138" /><D133/><U115/><E124/><V43/><F55/><W122/><G122/><T93/><D93/><U132/><E115/><V26/><F43/><W56/><G135/><T94/><D94/><U29/><E29/><V72/><F73/><W108/><G85/><T40/><D40/><U12/><E67/><V23/><F6/><AGARI ba="0,0" hai="6,9,13,36,41,46,52,59,63,106,107" m="48138" machi="6" ten="30,2000,0" yaku="18,1,54,1" doraHai="99" who="0" fromWho="2" sc="291,20,330,0,170,-20,209,0" /><INIT seed="4,0,0,2,5,124" ten="311,330,150,209" oya="0" hai0="68,113,39,23,72,74,75,56,110,97,49,106,20" hai1="125,1,105,40,89,126,131,44,98,60,33,24,118" hai2="79,116,0,95,31,2,127,18,29,100,57,7,71" hai3="117,65,3,103,47,91,86,36,84,43,130,25,111"/><T70/><D39/><U85/><E118/><V27/><F71/><W104/><G117/><T5/><D113/><U10/><E131/><V58/><F127/><N who="1" m="48649" /><E60/><V35/><F79/><W62/><G3/><T63/><D110/><U46/><E105/><V32/><F116/><W78/><G111/><T129/><D5/><N who="1" m="1327" /><E98/><V94/><F18/><W8/><G8/><T14/><D129/><U99/><E99/><V132/><F7/><W96/><G78/><T37/><D37/><U66/><E66/><V82/><F82/><W93/><G25/><T81/><D49/><U42/><E33/><V135/><REACH who="2" step="1"/><F27/><REACH who="2" ten="311,330,140,209" step="2"/><W45/><G130/><T41/><D70/><U51/><E24/><V119/><F119/><W67/><G47/><T87/><D68/><U22/><E44/><V26/><F26/><W64/><REACH who="3" step="1"/><G86/><REACH who="3" ten="311,330,140,199" step="2"/><T121/><D87/><U88/><E85/><V80/><F80/><W30/><G30/><T59/><D81/><U115/><E46/><V17/><F17/><W9/><G9/><T21/><D14/><U11/><E11/><V19/><F19/><W12/><G12/><T102/><D75/><U90/><E22/><V83/><F83/><W108/><G108/><T77/><D74/><U13/><E13/><V107/><F107/><W4/><G4/><T76/><D72/><U120/><E115/><V101/><AGARI ba="0,2" hai="0,2,29,31,32,35,57,58,94,95,100,101,132,135" machi="101" ten="25,12000,2" yaku="1,1,0,1,22,2,53,2" doraHai="124" doraHaiUra="34" who="2" fromWho="2" sc="311,-60,330,-30,140,140,199,-30" /><INIT seed="5,0,0,4,2,67" ten="251,300,280,169" oya="1" hai0="117,43,37,27,130,34,73,88,129,12,30,3,96" hai1="59,68,112,133,0,57,40,62,99,118,50,80,46" hai2="56,93,72,23,10,32,114,90,15,97,102,83,124" hai3="8,66,87,13,70,17,74,94,91,35,58,84,25"/><U119/><E0/><V71/><F32/><W101/><G74/><T55/><D117/><N who="1" m="44555" /><E99/><V22/><F71/><W95/><G58/><N who="1" m="22026" /><E80/><V98/><F124/><W89/><G101/><T110/><D110/><U82/><E82/><V131/><F131/><N who="0" m="50186" /><D73/><U116/><N who="1" m="44563" /><U123/><DORA hai="105" /><E123/><V45/><F114/><W111/><G111/><T115/><D3/><U28/><E28/><V52/><F45/><W79/><G79/><T48/><D115/><U5/><E5/><V108/><F108/><W18/><G35/><T134/><D12/><U135/><E112/><V1/><F1/><W132/><G132/><N who="1" m="50762" /><E62/><N who="2" m="36103" /><F72/><W61/><REACH who="3" step="1"/><G25/><REACH who="3" ten="251,300,280,159" step="2"/><T103/><D134/><U120/><E120/><V126/><F102/><W64/><G64/><T31/><D103/><U20/><E20/><V11/><F23/><W42/><G42/><T53/><D34/><U113/><E113/><V65/><F65/><W109/><G109/><T2/><D27/><U29/><E29/><V125/><F22/><W24/><G24/><T69/><D31/><U104/><E104/><V78/><F78/><W92/><G92/><T122/><D30/><U39/><E68/><V106/><F93/><W6/><AGARI ba="0,1" hai="6,8,13,17,18,61,66,70,84,87,89,91,94,95" machi="6" ten="20,12000,2" yaku="1,1,0,1,7,1,9,1,52,1,53,1" doraHai="67,105" doraHaiUra="9,26" who="3" fromWho="3" sc="251,-30,300,-60,280,-30,159,130" /><INIT seed="6,0,0,3,2,82" ten="221,240,250,289" oya="2" hai0="63,135,70,99,3,116,66,7,30,60,134,125,117" hai1="27,77,22,97,12,100,62,83,112,108,38,0,101" hai2="103,39,21,127,87,98,48,16,59,119,42,91,40" hai3="75,102,37,13,90,19,11,28,129,10,25,23,56"/><V20/><F127/><W26/><G37/><T31/><D125/><U109/><E0/><V105/><F119/><N who="0" m="45642" /><D99/><U81/><E38/><V5/><F5/><W72/><G129/><T41/><D41/><U35/><E35/><V55/><F21/><W24/><G102/><T54/><D7/><U6/><E112/><V88/><F91/><W15/><G56/><N who="0" m="34839" /><D3/><U67/><E12/><V73/><F73/><W130/><G130/><T43/><D43/><U110/><E6/><V92/><F39/><W65/><G65/><T33/><D33/><U61/><E101/><V115/><F115/><W122/><G122/><T86/><D86/><U32/><E32/><V51/><F48/><W45/><G45/><T85/><D85/><U44/><E44/><V34/><F34/><W17/><G90/><T47/><D47/><U79/><E79/><V36/><F36/><W9/><G75/><T128/><D128/><U52/><E52/><V95/><F105/><W50/><G72/><T113/><D113/><U18/><E77/><V93/><F95/><W121/><G121/><T120/><D120/><U123/><E123/><V131/><F131/><W1/><G50/><T58/><D70/><U107/><REACH who="1" step="1"/><E61/><REACH who="1" ten="221,230,250,289" step="2"/><V133/><F133/><AGARI ba="0,1" hai="30,31,58,63,66,133,134,135" m="34839,45642" machi="133" ten="30,2000,0" yaku="20,1,12,1" doraHai="82" who="0" fromWho="2" sc="221,30,230,0,250,-20,289,0" /><INIT seed="7,0,0,1,3,11" ten="251,230,230,289" oya="3" hai0="46,1,91,71,58,102,5,95,135,60,107,0,36" hai1="65,133,74,44,98,53,21,40,63,54,2,49,109" hai2="90,96,83,108,130,92,67,26,81,9,100,22,64" hai3="10,125,97,87,4,86,28,120,93,80,13,32,59"/><W68/><G68/><T110/><D110/><U41/><E109/><V70/><F108/><W33/><G120/><T89/><D71/><U12/><E2/><V84/><F130/><W123/><G123/><T76/><D135/><U19/><E74/><V62/><F64/><W72/><G72/><T27/><D76/><U117/><E117/><V113/><F113/><W20/><G125/><T6/><D107/><U55/><E133/><V127/><F9/><W106/><G106/><T69/><D69/><U29/><E29/><V39/><F39/><W104/><G104/><T57/><D102/><U114/><E114/><V122/><F122/><W111/><G33/><T79/><D79/><U31/><E31/><V105/><F127/><W34/><G34/><T121/><D27/><U24/><E98/><V82/><F105/><W85/><G32/><T66/><D58/><N who="1" m="37111" /><E40/><V43/><F43/><W131/><G131/><T124/><D121/><U48/><E49/><V126/><F126/><W75/><G75/><T45/><D124/><U129/><E129/><V25/><F25/><AGARI ba="0,0" hai="12,19,21,24,25,41,44,48,53,54,55" m="37111" machi="25" ten="30,2000,0" yaku="8,1,52,1" doraHai="11" who="1" fromWho="2" sc="251,0,230,20,230,-20,289,0" /><INIT seed="8,0,0,4,4,104" ten="251,250,210,289" oya="0" hai0="51,39,2,74,109,107,19,105,62,67,88,112,52" hai1="30,32,63,58,118,96,99,21,40,33,116,53,108" hai2="38,27,14,43,130,125,123,28,121,90,100,13,44" hai3="35,45,122,86,84,119,113,12,41,132,81,80,134"/><T22/><D112/><U18/><E108/><V93/><F100/><W34/><G113/><T103/><D2/><U23/><E40/><V75/><F75/><W117/><G12/><T91/><D39/><U37/><E37/><V124/><F130/><W64/><G64/><T133/><D74/><U120/><E120/><V106/><F106/><W65/><G65/><T127/><D127/><N who="2" m="48714" /><F121/><W95/><G95/><T79/><D79/><U36/><E36/><V8/><F8/><W29/><G122/><T66/><D133/><N who="3" m="51305" /><G84/><T0/><D0/><U6/><E6/><V17/><F123/><W89/><G81/><T129/><D129/><U83/><E83/><V60/><F60/><W42/><G42/><T115/><D115/><U4/><E4/><V5/><F5/><W78/><G89/><N who="0" m="34379" /><D109/><U135/><E135/><V110/><F110/><W128/><G128/><T111/><D111/><U73/><E73/><V3/><F3/><W31/><G35/><T82/><D107/><U114/><E32/><N who="2" m="20511" /><F17/><W92/><G92/><T10/><D10/><U126/><E126/><V20/><F20/><W57/><G34/><T24/><D62/><U101/><E33/><V70/><F70/><W16/><G29/><T55/><D105/><U59/><E114/><V76/><F76/><W56/><G31/><T49/><D103/><U26/><E101/><V9/><F9/><W94/><G94/><T69/><D69/><U48/><E99/><AGARI ba="0,0" hai="13,14,38,43,44,90,93,99" m="20511,48714" machi="99" ten="30,1000,0" yaku="18,1" doraHai="104" who="2" fromWho="1" sc="251,0,250,-10,210,10,289,0" /><INIT seed="9,0,0,2,5,25" ten="251,240,220,289" oya="1" hai0="61,41,38,124,10,7,128,67,95,34,64,90,87" hai1="134,52,83,23,122,75,50,120,29,18,71,70,28" hai2="47,40,121,24,46,94,107,98,13,5,17,116,114" hai3="96,66,84,3,1,59,131,21,118,60,32,44,54"/><U53/><E75/><V37/><F121/><W85/><G32/><T48/><D124/><U2/><E2/><V110/><F110/><W39/><G131/><T93/><D128/><U27/><E83/><V82/><F107/><W20/><G96/><T9/><D34/><U55/><E134/><V15/><F116/><W81/><G85/><T126/><D38/><U62/><E50/><V68/><F68/><W86/><G86/><T43/><D126/><U16/><E62/><V132/><F132/><W51/><G118/><T135/><D135/><U111/><E111/><V19/><F114/><W30/><G20/><T80/><D10/><U8/><E8/><N who="2" m="4239" /><F37/><W97/><G97/><T22/><D22/><U115/><E115/><V77/><F24/><N who="3" m="16655" /><G39/><T112/><D112/><U103/><E103/><V56/><F40/><N who="0" m="15434" /><D48/><U11/><E71/><V127/><F127/><W4/><G1/><T74/><D74/><U45/><E70/><V106/><F106/><W100/><G100/><T33/><D33/><U69/><E69/><V65/><F82/><W26/><G26/><T117/><D117/><U129/><E129/><V92/><F92/><N who="0" m="35402" /><D61/><U12/><REACH who="1" step="1"/><E45/><REACH who="1" ten="251,230,220,289" step="2"/><V31/><F47/><W79/><G3/><T105/><D105/><U76/><E76/><V119/><F46/><W58/><G44/><T42/><D42/><U73/><E73/><V57/><F77/><W109/><G109/><T72/><D72/><U63/><E63/><V125/><F125/><W49/><G51/><T102/><D102/><U14/><E14/><AGARI ba="0,1" hai="7,9,14,64,67,80,87,90" m="35402,15434" machi="14" ten="30,1000,0" yaku="8,1" doraHai="25" who="0" fromWho="1" sc="251,20,230,-10,220,0,289,0" /><INIT seed="10,0,0,5,0,119" ten="271,220,220,289" oya="2" hai0="31,34,95,68,22,54,0,35,64,135,75,55,131" hai1="82,45,30,121,114,94,11,49,21,48,18,117,98" hai2="90,46,84,71,41,93,43,106,2,128,76,26,116" hai3="74,4,28,5,107,7,69,77,118,120,19,101,47"/><V32/><F116/><W1/><G69/><T59/><D75/><U40/><E117/><V113/><F113/><W110/><G120/><T66/><D0/><U127/><E114/><V23/><F71/><W108/><G47/><T20/><D68/><U89/><E127/><V57/><F2/><W10/><G118/><T16/><D131/><U38/><E121/><V58/><F32/><W83/><G28/><T92/><D135/><U85/><E11/><V112/><F106/><W67/><G67/><T122/><D122/><U97/><E30/><N who="2" m="17759" /><F128/><W65/><G65/><T33/><D31/><U88/><REACH who="1" step="1"/><E98/><REACH who="1" ten="271,210,220,289" step="2"/><N who="2" m="57655" /><F112/><W37/><G10/><T96/><D96/><U52/><E52/><V39/><F39/><W15/><G37/><T109/><D35/><U133/><E133/><V27/><F27/><AGARI ba="0,1" hai="18,21,27,38,40,45,48,49,82,85,88,89,94,97" machi="27" ten="30,3900,0" yaku="1,1,7,1,54,1,53,0" doraHai="119" doraHaiUra="6" who="1" fromWho="2" sc="271,0,210,49,220,-39,289,0" /><INIT seed="11,0,0,2,1,109" ten="271,259,181,289" oya="3" hai0="32,7,85,6,0,11,76,42,70,128,46,108,3" hai1="1,115,30,33,12,79,101,122,93,89,99,31,69" hai2="25,57,119,66,77,4,45,61,123,73,28,49,105" hai3="62,98,29,50,43,116,10,5,113,82,39,86,65"/><W72/><G113/><T80/><D108/><U56/><E1/><V58/><F105/><W117/><G39/><T8/><D128/><U120/><E69/><V100/><F119/><N who="3" m="45643" /><G72/><T60/><D32/><U103/><E115/><V41/><F123/><W114/><G114/><T34/><D34/><U47/><E79/><V95/><F73/><W52/><G43/><T18/><D18/><U15/><E56/><V134/><F134/><W24/><G98/><T23/><D23/><U13/><E47/><V96/><F58/><N who="3" m="33047" /><G24/><T20/><D20/><U135/><E135/><V131/><F131/><W92/><G92/><T54/><D54/><U44/><E44/><V127/><F127/><W129/><G29/><T104/><D104/><U40/><E40/><V21/><REACH who="2" step="1"/><F77/><REACH who="2" ten="271,259,171,289" step="2"/><N who="3" m="46415" /><G129/><T55/><D70/><U132/><E132/><V36/><F36/><W2/><G65/><T87/><D76/><U81/><E122/><V16/><F16/><W48/><G48/><T133/><D133/><U19/><E19/><V90/><F90/><W35/><G35/><T91/><D91/><U112/><E33/><V14/><F14/><W67/><G67/><T22/><D3/><U84/><E120/><V83/><F83/><W26/><G26/><T59/><D80/><U71/><E112/><V51/><F51/><W121/><G121/><T68/><D68/><U63/><E103/><V97/><F97/><W17/><G17/><T88/><D88/><U27/><E27/><V106/><F106/><W124/><G124/><T126/><D126/><U107/><E107/><V102/><F102/><W110/><G110/><RYUUKYOKU ba="0,1" sc="271,-30,259,10,171,10,289,10" hai1="12,13,15,30,31,63,71,81,84,89,93,99,101" hai2="4,21,25,28,41,45,49,57,61,66,95,96,100" hai3="2,5,10,62" /><INIT seed="11,1,1,2,4,38" ten="241,269,181,299" oya="3" hai0="128,33,95,50,4,14,23,69,132,134,25,99,63" hai1="29,88,129,103,78,122,47,2,10,94,124,126,114" hai2="107,80,117,76,84,28,53,39,3,66,59,22,35" hai3="70,101,74,135,97,54,98,115,106,125,112,12,82"/><W49/><G70/><T36/><D36/><U100/><E122/><V64/><F117/><W6/><G135/><T16/><D128/><U41/><E114/><V15/><F107/><W57/><G125/><N who="1" m="48234" /><E29/><V81/><F3/><W91/><G98/><T130/><D130/><U77/><E10/><V121/><F121/><W89/><G89/><T40/><D69/><U104/><E2/><V131/><F131/><W8/><G91/><N who="0" m="55807" /><D63/><U37/><E129/><V73/><F35/><W24/><G24/><T48/><D40/><U46/><E47/><V26/><F39/><W18/><G6/><T43/><D43/><U17/><E17/><V123/><F123/><W32/><G32/><T52/><D52/><U110/><E110/><V105/><F105/><W42/><G42/><T19/><D4/><U34/><E34/><V118/><F118/><W133/><G133/><N who="0" m="51307" /><D33/><U11/><E11/><AGARI ba="1,1" hai="11,14,16,19,23,25,48,50" m="51307,55807" machi="11" ten="30,2000,0" yaku="20,1,54,1" doraHai="38" who="0" fromWho="1" sc="241,33,269,-23,181,0,299,0" owari="274,7.4,246,-15.4,181,-31.9,299,39.9" /></mjloggm>