<mjloggm ver="2.3"><GO type="169" lobby="0"/><UN n0="%61%6D%61%69%6B%61" n1="%E3%82%8F%E3%81%98" n2="%4D%41%43%4F%54%4F" n3="%E2%97%8E%E3%82%88%E3%81%97%E2%97%8E" dan="16,16,16,17" rate="2147.75,2137.57,2059.37,2180.49" sx="M,M,F,M"/><TAIKYOKU oya="0"/><INIT seed="0,0,0,3,5,105" ten="250,250,250,250" oya="0" hai0="81,118,79,88,127,13,80,17,2,27,87,78,99" hai1="86,109,19,53,65,47,126,104,125,44,75,33,117" hai2="82,11,103,0,121,77,10,37,52,70,30,18,96" hai3="92,108,74,28,38,130,89,71,135,124,4,23,62"/><T41/><D118/><U16/><E104/><V69/><F121/><W91/><G38/><T36/><D127/><N who="1" m="48651" /><E33/><V73/><F37/><W100/><G4/><T12/><D2/><U84/><E65/><V76/><F76/><W22/><G71/><T56/><D56/><U128/><E117/><V45/><F30/><W54/><G62/><T24/><D41/><U7/><E7/><V42/><F0/><W94/><G54/><T20/><D36/><U9/><E109/><V64/><F42/><W51/><G28/><T68/><D68/><U55/><E75/><V40/><F40/><W39/><G39/><T132/><D132/><U67/><E67/><V110/><F110/><W107/><G124/><T50/><D50/><U133/><E128/><V72/><F72/><W111/><G130/><T57/><D57/><U1/><E1/><V34/><F34/><W61/><G107/><T134/><D134/><U35/><E35/><V106/><F64/><W26/><G135/><T131/><D131/><U43/><E133/><V98/><F70/><W5/><G74/><T66/><D66/><U29/><E29/><V25/><F69/><W46/><G108/><T122/><D27/><U113/><E113/><V120/><F120/><W85/><G26/><T90/><D122/><U123/><E123/><V102/><F25/><W63/><G111/><T129/><D129/><U115/><E115/><V6/><F6/><W112/><G112/><T101/><D12/><N who="1" m="7183" /><E47/><V119/><F119/><W60/><G46/><T14/><D14/><U95/><E44/><V15/><F45/><W59/><G5/><RYUUKYOKU ba="0,0" sc="250,0,250,0,250,0,250,0" /><INIT seed="1,1,0,3,1,44" ten="250,250,250,250" oya="1" hai0="14,89,45,84,125,126,46,100,124,36,27,87,17" hai1="1,133,97,52,128,106,79,16,113,77,51,4,43" hai2="135,105,65,103,25,121,39,90,99,83,111,70,123" hai3="63,112,22,86,11,5,6,129,0,9,110,48,8"/><U21/><E113/><V3/><F3/><W12/><G112/><T35/><D100/><U59/><E128/><V31/><F39/><W130/><G63/><T82/><D36/><U104/><E133/><V33/><F111/><W116/><G110/><T109/><D109/><U2/><E43/><V101/><F101/><W29/><G86/><T118/><D118/><U68/><E68/><V40/><F40/><W7/><G48/><T69/><D69/><U15/><E97/><V53/><F135/><W114/><G114/><T88/><D27/><U19/><E1/><V119/><F119/><W24/><G116/><T127/><N who="0" m="31744" /><DORA hai="122" /><T107/><D35/><U96/><E96/><V75/><F53/><W94/><REACH who="3" step="1"/><G94/><REACH who="3" ten="250,250,250,240" step="2"/><N who="0" m="54559" /><D107/><U81/><E106/><V55/><F105/><W47/><G47/><T54/><D54/><U91/><E104/><N who="2" m="63615" /><F55/><W37/><G37/><T10/><AGARI ba="1,1" hai="10,14,17,45,46,82,84,89" m="54559,31744" machi="10" ten="60,4000,0" yaku="18,1,54,1" doraHai="44,122" who="0" fromWho="0" sc="250,53,250,-21,250,-11,240,-11" /><INIT seed="2,0,0,0,1,32" ten="303,229,239,229" oya="2" hai0="22,24,103,30,81,43,99,131,5,34,125,110,47" hai1="29,3,58,54,69,6,49,128,20,10,101,59,18" hai2="98,78,97,135,96,64,21,79,104,124,84,75,113" hai3="44,109,38,52,122,39,83,1,19,71,61,17,134"/><V68/><F68/><W120/><G109/><T80/><D110/><U15/><E69/><V102/><F64/><W127/><G134/><T33/><D125/><U118/><E118/><V13/><F21/><W2/><G127/><T12/><D131/><U85/><E128/><V133/><F13/><W88/><G71/><T25/><D5/><U111/><E111/><V56/><F56/><W90/><G83/><T112/><D12/><U26/><E101/><V51/><F51/><W62/><REACH who="3" step="1"/><G52/><REACH who="3" ten="303,229,239,219" step="2"/><T11/><D81/><U121/><E121/><V108/><F124/><W48/><G48/><T8/><D80/><U14/><E85/><V100/><F84/><W41/><G41/><T115/><D115/><U28/><E59/><V9/><F108/><W53/><G53/><T27/><D112/><U63/><E49/><V130/><F130/><W46/><AGARI ba="0,1" hai="1,2,17,19,38,39,44,46,61,62,88,90,120,122" machi="46" ten="25,12000,2" yaku="1,1,0,1,22,2,52,2,54,1,53,0" doraHai="32" doraHaiUra="16" who="3" fromWho="3" sc="303,-30,229,-30,239,-60,219,130" /><INIT seed="3,0,0,0,2,84" ten="273,199,179,349" oya="3" hai0="80,26,104,78,116,101,44,20,0,125,105,127,124" hai1="122,23,13,96,30,55,58,29,1,8,56,42,70" hai2="14,15,60,41,74,133,107,2,27,19,21,77,32" hai3="63,103,31,91,88,110,75,47,6,25,5,100,94"/><W53/><G75/><T82/><D0/><U79/><E70/><V114/><F114/><W61/><G110/><T36/><D116/><U111/><E111/><V102/><F133/><W121/><G121/><T28/><D101/><N who="3" m="38985" /><G94/><T45/><D80/><U129/><E1/><V92/><F107/><W118/><G118/><T9/><D9/><U106/><E106/><N who="0" m="41065" /><D36/><U67/><E96/><V97/><F2/><W40/><G40/><T59/><D59/><U87/><E42/><V17/><F41/><W112/><G112/><T7/><D7/><N who="3" m="2569" /><G31/><T134/><D134/><U49/><E122/><V3/><F3/><W76/><G76/><T35/><D35/><U123/><E79/><V37/><F37/><W52/><G25/><T83/><D83/><U89/><E123/><V4/><F77/><W128/><G128/><T24/><D24/><U113/><E129/><V85/><F74/><AGARI ba="0,0" hai="20,26,28,44,45,74,78,82,124,125,127" m="41065" machi="74" ten="40,1300,0" yaku="18,1" doraHai="84" who="0" fromWho="2" sc="273,13,199,0,179,-13,349,0" /><INIT seed="4,0,0,5,3,117" ten="286,199,166,349" oya="0" hai0="98,64,119,9,73,12,112,35,57,8,0,55,41" hai1="22,15,32,88,121,115,19,101,24,122,111,75,90" hai2="44,128,82,116,66,94,61,17,126,100,58,2,29" hai3="133,118,45,54,33,51,23,74,127,49,114,30,124"/><T65/><D119/><U103/><E75/><V36/><F2/><W6/><G118/><T4/><D73/><U43/><E111/><V93/><F116/><W99/><G33/><T96/><D35/><U38/><E43/><V108/><F108/><W11/><G74/><T97/><D112/><U102/><E38/><V70/><F128/><W69/><G69/><T132/><D132/><U106/><E106/><V71/><F29/><W92/><G114/><T77/><D77/><U39/><E39/><V7/><F7/><W83/><G83/><T80/><D80/><U18/><E115/><V85/><F126/><W40/><G23/><T86/><D86/><U20/><REACH who="1" step="1"/><E32/><REACH who="1" ten="286,189,166,349" step="2"/><V62/><F36/><W16/><G127/><T31/><D41/><U28/><E28/><V5/><F71/><W104/><G30/><T59/><D31/><U123/><AGARI ba="0,1" hai="15,18,19,20,22,24,88,90,101,102,103,121,122,123" machi="123" ten="40,12000,2" yaku="1,1,0,1,52,3,54,1,53,0" doraHai="117" doraHaiUra="110" who="1" fromWho="1" sc="286,-60,189,130,166,-30,349,-30" /><INIT seed="5,0,0,3,1,43" ten="226,319,136,319" oya="1" hai0="86,9,55,134,135,73,4,65,60,82,85,76,30" hai1="53,121,93,24,104,58,14,18,113,67,1,103,96" hai2="69,19,101,40,89,110,84,107,25,124,68,32,5" hai3="126,20,17,62,95,133,57,59,79,97,127,109,71"/><U48/><E1/><V34/><F110/><W105/><G105/><T31/><D55/><U50/><E121/><V39/><F124/><N who="3" m="47659" /><G79/><T8/><D31/><U90/><E113/><V63/><F5/><W37/><G37/><T111/><D30/><U26/><E67/><V115/><F115/><W83/><G83/><T2/><D9/><U100/><E50/><V106/><F63/><W38/><G38/><T78/><D111/><U51/><E51/><V128/><F128/><W6/><G6/><T35/><D35/><U54/><E54/><V120/><F120/><W46/><G46/><T87/><REACH who="0" step="1"/><D78/><REACH who="0" ten="216,319,136,319" step="2"/><U108/><E108/><V91/><F34/><W45/><G109/><T28/><D28/><U122/><E122/><V77/><F32/><W72/><G20/><T102/><D102/><N who="1" m="38955" /><E104/><V49/><F106/><W56/><G17/><T61/><D61/><U52/><E53/><V132/><F107/><W125/><G125/><T23/><D23/><AGARI ba="0,1" hai="14,18,23,24,26,48,52,58,90,93,96" m="38955" machi="23" ten="30,2900,0" yaku="8,1,54,1" doraHai="43" who="1" fromWho="0" sc="216,-29,319,39,136,0,319,0" /><INIT seed="5,1,0,0,1,1" ten="187,358,136,319" oya="1" hai0="26,3,8,56,104,38,100,78,67,0,113,4,45" hai1="116,108,86,134,28,82,74,55,12,31,130,81,85" hai2="35,27,115,95,16,41,71,73,21,97,94,118,10" hai3="33,119,135,120,63,48,7,15,80,30,69,37,52"/><U133/><E116/><V88/><F118/><W50/><G37/><T109/><D109/><U29/><E74/><V128/><F71/><W47/><G120/><T90/><D113/><U53/><E108/><V43/><F128/><W93/><G33/><T91/><D78/><U79/><E12/><V20/><F35/><W126/><G30/><T62/><D0/><U39/><E39/><V57/><F73/><W84/><G69/><T51/><D38/><U32/><E32/><V76/><F76/><W5/><G135/><N who="1" m="51722" /><E130/><V13/><F21/><W14/><G63/><T60/><D60/><U72/><E72/><V19/><F115/><W125/><G93/><T34/><D104/><U23/><E23/><V106/><F106/><W49/><G119/><T70/><D100/><U65/><E65/><V59/><F95/><W46/><G14/><T6/><D6/><N who="3" m="2057" /><G15/><T103/><D103/><U111/><E111/><V44/><F41/><W17/><G17/><T36/><D36/><AGARI ba="1,0" hai="10,13,16,19,20,27,36,43,44,57,59,88,94,97" machi="36" ten="30,3900,0" yaku="7,1,54,2" doraHai="1" who="2" fromWho="0" sc="187,-42,358,0,136,42,319,0" /><INIT seed="6,0,0,2,2,15" ten="145,358,178,319" oya="2" hai0="56,37,29,76,68,132,62,97,34,28,38,23,64" hai1="32,66,123,26,53,63,17,116,78,60,126,50,58" hai2="130,14,112,9,111,2,4,100,47,98,3,11,18" hai3="133,102,119,108,80,121,92,117,103,21,113,89,124"/><V84/><F112/><W106/><G21/><T35/><D132/><U41/><E116/><N who="3" m="44618" /><G108/><T24/><D76/><U125/><E78/><V43/><F111/><W86/><G133/><T12/><D97/><U6/><E6/><V90/><F130/><W75/><G121/><T44/><D68/><U88/><E123/><V0/><F84/><N who="3" m="52263" /><G124/><N who="1" m="47722" /><E88/><V61/><F90/><N who="3" m="51527" /><G113/><T131/><D131/><U122/><E122/><V105/><REACH who="2" step="1"/><F61/><REACH who="2" ten="145,358,168,319" step="2"/><W77/><G106/><T46/><D37/><AGARI ba="0,1" hai="0,2,3,4,9,11,14,18,37,43,47,98,100,105" machi="37" ten="30,12000,1" yaku="1,1,2,1,7,1,52,1,53,1" doraHai="15" doraHaiUra="94" who="2" fromWho="0" sc="145,-120,358,0,168,130,319,0" /><INIT seed="6,1,0,1,2,52" ten="25,358,298,319" oya="2" hai0="25,66,22,120,99,134,118,87,60,54,23,42,117" hai1="126,2,28,108,11,13,102,18,43,24,0,55,36" hai2="95,114,37,88,128,127,38,41,9,30,98,6,129" hai3="112,89,83,94,86,107,85,32,46,81,84,15,96"/><V29/><F114/><W10/><G112/><T51/><D120/><U3/><E102/><V5/><F127/><W65/><G32/><T50/><D134/><U39/><E126/><V105/><F105/><W92/><G107/><T90/><D99/><U74/><E74/><V121/><F121/><W82/><G65/><T59/><D42/><U73/><E73/><V122/><F122/><W35/><G35/><T72/><D72/><U14/><E108/><V131/><F5/><W100/><REACH who="3" step="1"/><G46/><REACH who="3" ten="25,358,298,309" step="2"/><T91/><D118/><U113/><E113/><V19/><F19/><AGARI ba="1,1" hai="10,15,19,81,82,83,84,85,86,89,92,94,96,100" machi="19" ten="40,5200,0" yaku="1,1,2,1,8,1,53,0" doraHai="52" doraHaiUra="132" who="3" fromWho="2" sc="25,0,358,0,298,-55,309,65" /><INIT seed="7,0,0,5,3,84" ten="25,358,243,374" oya="3" hai0="26,88,3,33,60,13,121,70,54,42,45,109,8" hai1="51,80,110,97,53,112,78,129,93,6,35,0,92" hai2="123,73,41,36,116,11,21,134,114,91,34,27,124" hai3="66,28,59,89,67,120,72,118,122,87,7,5,63"/><W52/><G118/><T77/><D109/><U39/><E39/><V19/><F116/><W94/><G72/><T18/><D121/><U10/><E110/><V106/><F73/><W62/><G28/><T12/><D77/><U127/><E112/><V68/><F68/><W50/><G120/><T24/><D3/><U15/><E127/><V4/><F106/><W103/><G103/><T76/><D76/><U105/><E35/><V101/><F123/><W131/><G131/><T74/><D74/><U31/><E31/><V2/><F101/><W95/><G95/><T96/><D33/><U132/><E105/><V20/><F36/><W64/><G122/><T40/><D70/><U90/><E129/><V102/><F102/><W125/><G125/><T119/><D119/><U113/><E113/><V99/><F41/><W56/><G66/><T107/><D107/><U49/><E132/><V23/><F124/><W48/><G48/><T81/><D12/><U111/><E111/><V83/><F134/><W43/><G43/><T100/><D100/><U44/><E93/><V86/><F99/><W85/><G85/><T30/><D30/><U98/><E98/><V104/><F104/><W22/><G22/><T46/><D46/><AGARI ba="0,0" hai="5,7,46,50,52,56,59,62,63,64,67,87,89,94" machi="46" ten="30,12000,1" yaku="7,1,9,1,8,1,52,1,54,1" doraHai="84" who="3" fromWho="0" sc="25,-120,358,0,243,0,374,120" owari="-95,-59.5,358,15.8,243,-15.7,494,59.4" /></mjloggm>