<mjloggm ver="2.3"><GO type="169" lobby="0"/><UN n0="%E5%A4%A9%E7%A9%BA%E3%81%AE%E6%8A%80" n1="%E3%81%AA%E3%82%93%E3%81%93%E3%81%86" n2="%64%69%76%61" n3="%E3%81%BD%E3%81%A3%E3%81%91%E3%81%95%E3%82%93" dan="16,16,16,17" rate="2137.86,2069.09,2055.23,2171.33" sx="M,M,M,M"/><TAIKYOKU oya="0"/><INIT seed="0,0,0,4,4,77" ten="250,250,250,250" oya="0" hai0="134,84,103,2,11,78,93,36,61,83,4,85,10" hai1="5,81,55,120,24,130,37,108,116,45,113,132,64" hai2="100,133,31,17,118,94,12,124,68,91,87,6,92" hai3="125,75,117,22,135,40,112,80,72,131,27,16,71"/><T33/><D134/><U111/><E5/><V99/><F133/><W34/><G71/><T38/><D33/><U3/><E24/><V39/><F39/><W98/><G112/><T109/><D109/><N who="1" m="42059" /><E3/><V14/><F124/><W62/><G117/><T123/><D123/><U74/><E132/><V86/><F118/><W89/><G135/><T18/><D61/><U63/><E116/><V60/><F31/><W0/><G0/><T79/><D103/><U43/><E120/><V19/><F6/><W53/><G125/><T121/><D121/><U13/><E13/><V69/><F60/><W26/><G40/><T107/><D107/><U58/><E113/><V15/><F68/><W1/><G1/><T126/><D126/><U101/><E101/><V9/><F69/><W105/><G131/><T49/><D49/><U57/><E74/><V114/><F114/><W20/><G34/><T104/><D104/><U25/><E25/><V106/><F14/><W29/><G105/><T102/><D11/><U59/><E81/><V67/><F67/><W46/><G80/><T8/><D78/><U88/><E88/><V50/><F50/><N who="3" m="28887" /><G62/><T70/><D70/><N who="1" m="42271" /><E130/><V115/><F115/><W122/><G122/><T41/><D10/><U66/><E66/><V32/><F32/><W28/><G28/><T73/><D18/><U54/><AGARI ba="0,0" hai="37,43,45,54,55,57,58,59" m="42271,42059" machi="54" ten="40,5200,0" yaku="14,1,34,2" doraHai="77" who="1" fromWho="1" sc="250,-26,250,52,250,-13,250,-13" /><INIT seed="1,0,0,2,2,27" ten="224,302,237,237" oya="1" hai0="64,13,95,32,55,101,117,47,33,15,79,5,111" hai1="132,121,108,17,48,78,72,105,131,130,115,91,4" hai2="1,18,51,30,57,14,53,56,75,88,109,74,85" hai3="24,104,9,77,124,36,50,59,38,66,106,54,113"/><U116/><E4/><V44/><F109/><W8/><G113/><T60/><D111/><U93/><E108/><V25/><F1/><W87/><G124/><T118/><D79/><U128/><E17/><V37/><F75/><W28/><G66/><T114/><D114/><U81/><E115/><V45/><F74/><W19/><G106/><T100/><D47/><U96/><E48/><V84/><F84/><W135/><G104/><T41/><D41/><U122/><E116/><V86/><F86/><W129/><G135/><T61/><D95/><U90/><E132/><V29/><F44/><W83/><G129/><T110/><D110/><U39/><E39/><V112/><F112/><W69/><G69/><T102/><D102/><N who="1" m="62663" /><E91/><V70/><F25/><W133/><G133/><T127/><D5/><U2/><E2/><V58/><F70/><W35/><REACH who="3" step="1"/><G19/><REACH who="3" ten="224,302,237,227" step="2"/><T6/><D64/><U103/><E103/><V71/><F71/><W40/><G40/><T11/><D101/><U126/><E126/><V49/><F37/><AGARI ba="0,1" hai="8,9,24,28,35,36,37,38,50,54,59,77,83,87" machi="37" ten="40,2600,0" yaku="1,1,52,1,53,0" doraHai="27" doraHaiUra="34" who="3" fromWho="2" sc="224,0,302,0,237,-26,227,36" /><INIT seed="2,0,0,2,5,30" ten="224,302,211,263" oya="2" hai0="96,69,18,16,49,85,8,71,59,44,129,61,100" hai1="11,113,4,117,23,57,35,77,43,116,111,125,37" hai2="14,98,106,26,94,34,131,107,114,25,41,91,12" hai3="54,87,95,115,109,2,127,108,68,17,86,53,29"/><V101/><F114/><W119/><G119/><T120/><D129/><U118/><E113/><V112/><F112/><W31/><G115/><T36/><D36/><U63/><E35/><V88/><F131/><W9/><G68/><T28/><D85/><N who="3" m="32265" /><G95/><T73/><D73/><U93/><E111/><N who="3" m="42570" /><G127/><T64/><D28/><N who="3" m="10825" /><G17/><T122/><D18/><U72/><E93/><V89/><F34/><W32/><G32/><T55/><D71/><U128/><E128/><V20/><F20/><W79/><G79/><T47/><D69/><U13/><E23/><V123/><F123/><W6/><AGARI ba="0,0" hai="2,6,9,53,54" m="10825,42570,32265" machi="6" ten="40,1500,0" yaku="14,1" doraHai="30" who="3" fromWho="3" sc="224,-4,302,-4,211,-7,263,15" /><INIT seed="3,0,0,2,4,42" ten="220,298,204,278" oya="3" hai0="58,44,103,118,122,52,48,117,107,5,16,109,46" hai1="110,112,128,19,126,68,7,38,105,120,75,24,31" hai2="41,1,123,55,49,79,34,87,100,90,56,66,106" hai3="65,28,3,2,43,33,9,129,74,73,135,132,32"/><W53/><G65/><T17/><D109/><U29/><RYUUKYOKU type="yao9" ba="0,0" sc="220,0,298,0,204,0,278,0" hai1="7,19,24,29,31,38,68,75,105,110,112,120,126,128" /><INIT seed="3,1,0,3,2,47" ten="220,298,204,278" oya="3" hai0="96,4,88,39,40,60,24,101,93,125,56,115,68" hai1="13,48,23,118,112,52,129,80,54,74,20,14,30" hai2="98,38,43,15,28,69,27,109,75,32,117,135,85" hai3="106,130,104,126,53,35,37,90,33,100,128,131,132"/><W114/><G114/><T65/><D125/><U63/><E112/><V108/><F117/><W50/><G126/><T134/><D134/><U45/><E118/><V79/><F135/><W31/><G37/><T111/><D111/><U99/><E129/><V7/><F98/><N who="3" m="61463" /><G106/><T12/><D24/><N who="1" m="16647" /><E74/><V102/><F102/><W58/><G132/><T77/><D77/><U81/><E99/><V26/><F69/><W55/><G31/><T72/><D72/><U10/><E23/><V89/><F75/><W21/><G21/><T22/><D68/><U41/><E13/><V59/><F79/><W51/><G90/><T62/><D101/><U83/><E63/><V5/><F27/><W64/><G64/><T92/><D62/><U78/><E78/><V94/><F109/><W123/><G123/><T44/><D115/><U86/><E86/><V82/><F108/><W17/><G17/><AGARI ba="1,0" hai="10,14,17,41,45,48,52,54,80,81,83" m="16647" machi="17" ten="30,3900,0" yaku="8,1,52,1,54,1" doraHai="47" who="1" fromWho="3" sc="220,0,298,42,204,0,278,-42" /><INIT seed="4,0,0,0,4,11" ten="220,340,204,236" oya="0" hai0="9,12,116,6,127,7,106,35,114,119,124,115,29" hai1="130,53,42,104,77,32,80,118,25,109,110,58,90" hai2="101,34,62,1,33,56,41,122,60,30,129,75,4" hai3="111,68,133,10,69,28,131,65,43,37,97,96,47"/><T74/><D74/><U125/><E118/><N who="0" m="45097" /><D106/><U20/><E104/><V31/><F122/><W112/><G111/><T49/><D49/><U13/><E32/><V98/><F75/><W48/><G112/><N who="0" m="43051" /><D7/><U16/><E42/><V78/><F78/><W38/><G133/><T5/><D6/><U81/><E130/><V57/><F129/><W108/><G108/><T113/><D113/><U52/><E125/><N who="0" m="48201" /><D29/><U51/><E110/><V64/><F4/><W84/><G131/><T92/><D92/><U121/><E109/><V128/><F128/><W135/><G135/><T91/><D91/><U54/><E121/><V100/><F30/><W22/><G48/><T67/><D67/><U18/><E90/><V79/><F31/><W123/><G65/><T132/><D132/><U102/><E102/><V23/><F101/><W17/><G28/><T95/><D95/><U61/><E77/><V66/><F79/><W21/><G97/><T15/><D35/><U8/><E54/><V24/><F100/><W89/><G89/><T55/><D55/><U2/><E2/><AGARI ba="0,0" hai="2,5,9,12,15" m="48201,43051,45097" machi="2" ten="40,18000,2" yaku="15,1,18,1,34,2,52,2" doraHai="11" who="0" fromWho="1" sc="220,180,340,-180,204,0,236,0" /><INIT seed="4,1,0,1,2,11" ten="400,160,204,236" oya="0" hai0="71,105,16,90,19,28,101,38,17,24,40,80,111" hai1="58,76,99,34,98,23,103,47,125,114,6,123,9" hai2="84,43,86,48,134,128,97,129,95,44,96,135,65" hai3="106,61,116,21,72,118,55,124,115,77,42,33,3"/><T8/><D71/><U121/><E34/><V4/><F65/><W25/><G3/><T15/><D111/><U26/><E125/><V68/><F68/><W67/><G106/><T35/><D40/><U53/><E76/><V85/><F4/><W120/><G33/><T93/><D38/><U92/><E47/><V10/><F10/><W56/><G124/><T112/><D80/><U5/><E114/><V12/><F12/><W39/><G115/><T7/><D112/><U83/><E83/><V82/><F82/><W102/><G102/><T46/><D46/><U113/><E99/><V36/><F36/><W131/><G77/><T66/><D66/><U75/><E75/><V13/><F13/><W130/><G72/><T27/><D101/><U87/><E87/><V51/><F97/><W20/><G20/><T127/><D105/><U122/><E9/><V89/><REACH who="2" step="1"/><F48/><REACH who="2" ten="400,160,194,236" step="2"/><W74/><G39/><T0/><D127/><U91/><E113/><V88/><F88/><W126/><G67/><T37/><D37/><U52/><E91/><V18/><F18/><N who="0" m="7274" /><D90/><U45/><E6/><V73/><F73/><W69/><G69/><T62/><D62/><N who="1" m="36167" /><E5/><V108/><F108/><W79/><G61/><T109/><D109/><U22/><E26/><V2/><F2/><W64/><G64/><T50/><D27/><U100/><E100/><V49/><F49/><W78/><G25/><T70/><D50/><N who="1" m="28879" /><E103/><V30/><F30/><W110/><G74/><T32/><D28/><U119/><E98/><V31/><F31/><W59/><G126/><T29/><D29/><U1/><E1/><RYUUKYOKU ba="1,1" sc="400,-10,160,-10,194,30,236,-10" hai2="43,44,51,84,85,86,89,95,96,128,129,134,135" /><INIT seed="5,2,1,3,4,75" ten="390,150,224,226" oya="1" hai0="54,103,131,67,71,25,57,9,20,125,87,104,62" hai1="123,79,48,70,2,101,128,92,33,30,14,74,65" hai2="21,88,133,98,86,84,42,91,113,12,114,97,58" hai3="46,17,117,15,83,111,132,106,53,41,116,50,29"/><U4/><E123/><V1/><F1/><W0/><G0/><T130/><D125/><U60/><E128/><N who="0" m="49193" /><D9/><N who="1" m="2199" /><E92/><N who="2" m="54279" /><F42/><W94/><G106/><T108/><D108/><U120/><E48/><V61/><F133/><W93/><G111/><T23/><D87/><U38/><E120/><V105/><F105/><W110/><G132/><T6/><D6/><U90/><E90/><V8/><F21/><N who="0" m="8266" /><D25/><N who="1" m="18639" /><E101/><V126/><F126/><W72/><G29/><T118/><D118/><N who="3" m="45673" /><G110/><T115/><D103/><U43/><E14/><V11/><F12/><W112/><G112/><N who="2" m="43113" /><F98/><W40/><G40/><T49/><D115/><U109/><E109/><V135/><F135/><W89/><G41/><T127/><D127/><U13/><E13/><V81/><F97/><W121/><G121/><T39/><D104/><U82/><E43/><V10/><F10/><N who="3" m="6391" /><G89/><T27/><D27/><U35/><E35/><V63/><F63/><W36/><G36/><AGARI ba="2,1" hai="36,39,49,54,57,62,67,71" m="8266,49193" machi="36" ten="30,1000,0" yaku="19,1" doraHai="75" who="0" fromWho="3" sc="390,26,150,0,224,0,226,-16" /><AGARI ba="2,0" hai="36,38,60,65,70,74,79,82" m="18639,2199" machi="36" ten="30,5800,0" yaku="33,2,52,1" doraHai="75" who="1" fromWho="3" sc="416,0,150,58,224,0,210,-58" /><INIT seed="5,3,0,5,5,10" ten="416,208,224,152" oya="1" hai0="133,76,108,42,49,3,15,89,112,129,113,70,79" hai1="128,9,35,17,95,2,68,65,84,94,45,73,98" hai2="118,25,11,63,135,14,40,56,0,33,134,125,111" hai3="19,86,41,28,13,53,92,31,83,97,32,131,30"/><U103/><E73/><V116/><F0/><W102/><G131/><T26/><D108/><U123/><E123/><V59/><F40/><W110/><G110/><T57/><D3/><U100/><E35/><V27/><F111/><W91/><G41/><T61/><D129/><U4/><E128/><V21/><F59/><W71/><G71/><T58/><D26/><U87/><E45/><V44/><F44/><W55/><REACH who="3" step="1"/><G32/><REACH who="3" ten="416,208,224,142" step="2"/><T34/><D70/><U107/><E107/><V1/><F33/><W12/><G12/><T80/><D15/><U66/><E68/><V105/><F105/><W75/><G75/><T24/><D34/><U72/><E72/><V85/><F1/><W77/><G77/><T81/><D76/><U104/><E104/><V7/><F27/><W90/><G90/><T52/><D24/><U117/><E117/><V48/><F118/><W130/><G130/><T106/><D79/><U22/><E103/><V62/><F116/><W43/><G43/><T119/><D42/><U54/><E54/><V120/><F25/><W115/><G115/><T50/><D106/><U93/><E100/><V78/><F78/><W96/><G96/><T20/><D89/><U109/><E98/><V8/><F14/><W39/><G39/><T126/><D113/><U36/><E36/><V132/><F135/><W88/><G88/><T69/><D133/><U101/><E101/><V121/><F134/><W114/><G114/><T67/><D112/><U16/><E109/><V29/><F132/><W124/><G124/><T51/><D119/><U99/><E99/><V46/><F125/><RYUUKYOKU ba="3,1" sc="416,-10,208,-10,224,-10,142,30" hai3="13,19,28,30,31,53,55,83,86,91,92,97,102" /><INIT seed="6,4,1,3,2,89" ten="406,198,214,172" oya="2" hai0="126,27,31,26,115,40,30,123,121,69,119,62,41" hai1="4,120,76,90,117,2,38,77,11,116,134,94,82" hai2="32,130,118,29,113,92,35,23,100,43,84,91,67" hai3="70,51,108,20,105,34,50,103,19,97,36,125,39"/><V60/><F118/><W87/><G34/><T88/><D115/><U63/><E38/><V131/><F113/><W109/><G70/><T83/><D126/><U132/><E120/><V80/><F43/><W106/><G125/><T101/><D101/><U56/><E117/><V0/><F0/><W111/><G106/><T128/><D62/><U21/><E21/><V86/><F23/><W72/><G72/><T48/><D48/><U49/><E49/><V65/><F65/><W52/><G87/><T110/><D69/><U99/><E116/><V5/><F5/><W3/><G3/><T18/><D18/><U37/><E37/><V135/><F29/><W8/><G8/><T79/><D31/><U127/><E127/><V81/><F135/><N who="1" m="51753" /><E82/><V85/><F100/><W33/><G51/><T71/><D71/><U66/><AGARI ba="4,1" hai="2,4,11,56,63,66,76,77,90,94,99" m="51753" machi="66" ten="30,2000,0" yaku="20,1,52,1" doraHai="89" who="1" fromWho="1" sc="406,-9,198,42,214,-14,172,-9" /><INIT seed="7,0,0,0,0,89" ten="397,240,200,163" oya="3" hai0="3,73,65,68,85,51,72,129,131,38,105,107,74" hai1="91,55,54,112,79,40,46,121,109,82,128,127,125" hai2="4,57,12,80,47,119,64,37,17,39,90,81,7" hai3="111,59,88,52,36,19,108,83,77,11,10,87,120"/><W94/><G120/><T45/><D3/><U104/><E109/><N who="3" m="42058" /><G36/><T34/><D34/><U70/><E121/><V103/><F119/><W20/><G20/><T0/><D0/><U9/><E112/><V15/><F103/><W18/><G10/><T102/><D38/><U84/><E128/><N who="0" m="49225" /><D102/><U58/><E104/><N who="0" m="40009" /><D85/><U114/><E70/><V25/><F25/><W63/><G11/><T101/><D101/><U44/><E114/><V110/><F110/><W30/><G30/><T60/><D74/><AGARI ba="0,0" hai="18,19,52,59,63,74,77,83,87,88,94" m="42058" machi="74" ten="30,11600,0" yaku="10,1,52,1,54,2" doraHai="89" who="3" fromWho="0" sc="397,-116,240,0,200,0,163,116" /><INIT seed="7,1,0,3,0,11" ten="281,240,200,279" oya="3" hai0="59,31,0,132,87,61,65,117,82,47,40,112,30" hai1="98,49,73,79,114,4,104,96,127,69,97,129,28" hai2="33,75,34,89,71,116,27,128,131,41,92,85,21" hai3="58,134,32,3,80,106,44,105,13,63,115,126,109"/><W52/><G3/><T124/><D0/><U7/><E69/><V24/><F75/><W90/><G32/><T51/><D117/><U12/><E28/><V68/><F116/><W67/><G115/><T123/><D123/><U22/><E114/><V54/><F41/><W91/><G134/><T55/><D132/><U26/><E104/><V37/><F37/><W66/><G126/><T62/><D124/><U16/><E127/><V19/><F34/><W39/><G109/><T135/><D135/><U81/><E129/><N who="2" m="49739" /><F54/><W25/><G25/><T84/><D84/><U108/><E108/><V93/><F93/><W121/><G121/><T102/><D102/><U45/><REACH who="1" step="1"/><E26/><REACH who="1" ten="281,230,200,279" step="2"/><V6/><F6/><W23/><G106/><T78/><D112/><U5/><E5/><V120/><F120/><W35/><G105/><T122/><D122/><U133/><E133/><V36/><F36/><W94/><G39/><T64/><D64/><U46/><E46/><V56/><F56/><AGARI ba="1,1" hai="30,31,40,47,51,55,56,59,61,62,65,78,82,87" machi="56" ten="30,2000,0" yaku="7,1,8,1" doraHai="11" who="0" fromWho="2" sc="281,33,230,0,200,-23,279,0" owari="314,41.4,230,-17.0,177,-32.3,279,7.9" /></mjloggm>