<mjloggm ver="2.3"><GO type="225" lobby="0"/><UN n0="%33%74%72%65%65" n1="%E7%B4%94%E6%BD%94%E3%83%94%E3%83%A9%E3%83%8B%E3%82%A2" n2="%E3%81%BF%E3%81%BF%E3%81%9A" n3="%E3%81%BE%E3%81%A8%E3%81%9F" dan="17,16,17,16" rate="2170.77,2156.69,2260.75,2104.41" sx="F,M,M,M"/><TAIKYOKU oya="0"/><INIT seed="0,0,0,5,0,130" ten="250,250,250,250" oya="0" hai0="66,108,30,0,23,123,79,89,94,16,43,92,13" hai1="116,120,20,112,97,125,99,68,63,22,124,47,41" hai2="134,5,60,109,64,9,67,131,34,49,110,91,55" hai3="45,84,6,15,48,117,3,27,24,65,38,85,32"/><T50/><D123/><U103/><E116/><V2/><F131/><W7/><G38/><T129/><D129/><U31/><E120/><V76/><F34/><W44/><G3/><T95/><D0/><U113/><E63/><V56/><F76/><W88/><G32/><T80/><D108/><N who="2" m="41578" /><F134/><W19/><G65/><N who="2" m="25161" /><F91/><W73/><G73/><T58/><D30/><U118/><E68/><V98/><F98/><N who="1" m="37385" /><E118/><V11/><F9/><N who="3" m="6639" /><G84/><N who="0" m="48159" /><D66/><U69/><E69/><V115/><F115/><N who="1" m="44105" /><E103/><V12/><F2/><W111/><G111/><T1/><D1/><U132/><E132/><V86/><F86/><W126/><G117/><T28/><D28/><U82/><E82/><V8/><F8/><W104/><G85/><N who="0" m="52271" /><D43/><U93/><E93/><V52/><F55/><AGARI ba="0,0" hai="13,16,23,50,55,58,94,95" m="52271,48159" machi="55" ten="30,5800,0" yaku="25,1,8,1,54,1" doraHai="130" who="0" fromWho="2" sc="250,58,250,0,250,-58,250,0" /><INIT seed="0,1,0,5,3,31" ten="308,250,192,250" oya="0" hai0="62,117,61,48,41,67,33,79,72,42,113,59,84" hai1="128,0,12,75,83,20,102,52,124,3,91,126,54" hai2="88,58,99,78,5,131,29,55,64,74,44,14,97" hai3="116,21,93,121,8,92,15,130,38,120,110,63,10"/><T7/><D113/><U40/><E102/><V50/><F131/><W60/><G38/><T39/><D117/><U106/><E106/><V90/><F74/><W53/><G110/><T18/><D39/><U89/><E40/><V129/><F129/><W114/><G130/><T109/><D109/><U6/><E128/><V115/><F115/><W17/><G114/><T26/><D7/><U111/><E111/><V24/><F78/><W95/><G116/><T127/><D127/><N who="1" m="48683" /><E75/><V101/><F14/><W94/><N who="3" m="23552" /><DORA hai="28" /><W107/><G107/><T80/><D72/><U98/><E98/><N who="2" m="37387" /><F5/><W22/><G53/><N who="1" m="20586" /><E83/><V27/><F101/><W100/><G100/><T104/><D80/><U122/><E122/><V135/><F135/><W77/><G77/><T73/><D79/><U1/><E20/><N who="3" m="7786" /><G8/><AGARI ba="1,0" hai="0,1,3,6,8,12,89,91" m="20586,48683" machi="8" ten="40,2600,0" yaku="18,1,54,1" doraHai="31,28" who="1" fromWho="3" sc="308,0,250,29,192,0,250,-29" /><INIT seed="1,0,0,3,0,105" ten="308,279,192,221" oya="1" hai0="108,132,85,133,55,94,74,112,117,18,40,10,121" hai1="79,50,107,95,34,120,110,16,98,46,56,7,106" hai2="90,21,64,127,77,96,15,27,37,4,45,104,35" hai3="99,41,118,92,80,14,89,13,25,76,9,113,53"/><U66/><E120/><V1/><F64/><W70/><G70/><T38/><D112/><U54/><E34/><V26/><F127/><W134/><G113/><T51/><D117/><U23/><E7/><V78/><F37/><W47/><G134/><N who="0" m="51819" /><D121/><U82/><E110/><V123/><F45/><W52/><G25/><T43/><D74/><U32/><E32/><V93/><F123/><W33/><G33/><T28/><D28/><U128/><E128/><V131/><F131/><W101/><G101/><T3/><D38/><U63/><E95/><V36/><F36/><W69/><G69/><T22/><D85/><U73/><REACH who="1" step="1"/><E98/><REACH who="1" ten="308,269,192,221" step="2"/><V102/><F35/><W42/><G92/><T59/><D94/><U86/><E86/><V67/><F1/><W6/><G99/><T116/><D108/><U29/><E29/><V60/><F104/><W81/><G118/><T11/><D116/><U88/><E88/><V72/><F90/><W84/><G89/><T115/><D115/><U100/><E100/><V48/><F4/><W129/><G129/><T0/><D0/><U5/><E5/><V44/><F72/><W31/><G31/><T119/><D119/><U114/><E114/><V97/><F97/><W130/><G130/><T87/><D87/><U17/><E17/><N who="2" m="10431" /><F77/><W62/><G76/><T126/><D3/><U19/><E19/><V8/><F78/><W65/><G84/><T12/><D126/><U24/><AGARI ba="0,1" hai="16,23,24,46,50,54,56,63,66,73,79,82,106,107" machi="24" ten="20,12000,1" yaku="1,1,0,1,7,1,52,1,54,1,53,0" doraHai="105" doraHaiUra="83" who="1" fromWho="1" sc="308,-40,269,130,192,-40,221,-40" /><INIT seed="1,1,0,5,1,120" ten="268,399,152,181" oya="1" hai0="25,72,65,113,115,135,15,20,12,5,49,99,127" hai1="111,94,42,6,124,121,40,7,117,84,133,46,118" hai2="50,2,101,83,125,98,90,8,9,34,47,36,69" hai3="4,1,24,128,82,126,129,57,75,95,16,89,19"/><U64/><E121/><V21/><F34/><W87/><G126/><T58/><D127/><U100/><E124/><V78/><F125/><W37/><G37/><T54/><D72/><U104/><E64/><V114/><F114/><W62/><G4/><T102/><D135/><U3/><E133/><V68/><F90/><W85/><G1/><T22/><D65/><U70/><E70/><V74/><F21/><W91/><G75/><T30/><D15/><U106/><E84/><V17/><F17/><W38/><G38/><T66/><D66/><U33/><E46/><V132/><F132/><W134/><G134/><T119/><D119/><U77/><E94/><V55/><F36/><W96/><G87/><T51/><D51/><U35/><E100/><V11/><REACH who="2" step="1"/><F2/><REACH who="2" ten="268,399,142,181" step="2"/><W81/><G81/><T48/><D22/><U73/><E3/><V45/><F45/><W44/><G44/><T86/><D20/><U59/><E77/><V130/><F130/><N who="3" m="50283" /><G24/><T105/><D25/><U0/><E0/><V29/><F29/><W103/><G91/><T43/><D30/><U56/><E73/><V23/><F23/><W27/><G27/><T60/><D115/><U76/><E76/><V41/><F41/><W63/><G57/><T53/><D113/><U14/><E14/><V67/><F67/><W61/><AGARI ba="1,1" hai="16,19,61,62,63,82,85,89,95,96,103" m="50283" machi="61" ten="30,2000,0" yaku="19,1,54,1" doraHai="120" who="3" fromWho="3" sc="268,-6,399,-11,142,-6,181,33" /><INIT seed="2,0,0,0,2,32" ten="262,388,136,214" oya="2" hai0="110,129,100,19,25,118,0,39,125,99,8,7,98" hai1="61,66,44,107,23,9,43,97,42,84,6,90,108" hai2="24,78,79,123,87,11,46,131,45,81,63,103,31" hai3="75,116,119,114,30,35,58,134,13,85,1,117,130"/><V76/><F123/><W34/><G75/><T68/><D110/><U83/><E108/><V22/><F131/><W128/><G58/><T70/><D129/><N who="3" m="49769" /><G85/><T62/><D125/><U56/><E23/><V115/><F115/><W102/><G102/><T124/><D124/><U18/><E18/><V10/><F103/><W15/><G114/><T53/><D39/><U12/><E107/><V37/><F63/><W94/><G94/><T60/><D98/><U29/><E29/><V126/><F126/><W71/><G71/><T80/><D80/><U49/><E97/><V5/><F10/><W91/><G91/><T69/><D53/><AGARI ba="0,0" hai="6,9,12,42,43,44,49,53,56,61,66,83,84,90" machi="53" ten="30,2000,0" yaku="7,1,8,1" doraHai="32" who="1" fromWho="0" sc="262,-20,388,20,136,0,214,0" /><INIT seed="3,0,0,5,4,128" ten="242,408,136,214" oya="3" hai0="119,41,34,19,61,14,55,93,96,59,56,88,18" hai1="125,67,109,25,99,49,85,135,80,71,64,22,46" hai2="29,21,130,36,81,131,98,12,40,8,28,115,87" hai3="104,132,11,63,75,9,97,106,26,76,51,78,37"/><W107/><G37/><T3/><D3/><U114/><E71/><V89/><F115/><W5/><G11/><T0/><D0/><U102/><E109/><V57/><F130/><W82/><G76/><T101/><D119/><U23/><E135/><V70/><F131/><W62/><G132/><T44/><D34/><U86/><E125/><V129/><F129/><W105/><G51/><N who="0" m="27023" /><D59/><U126/><E23/><V72/><F70/><W65/><G26/><T77/><D77/><U66/><E80/><V38/><F72/><W100/><REACH who="3" step="1"/><G65/><REACH who="3" ten="242,408,136,204" step="2"/><T4/><D101/><U17/><E114/><V42/><F38/><W39/><G39/><T7/><D19/><U110/><E110/><V31/><F36/><W69/><G69/><T50/><D50/><U60/><E60/><V27/><F57/><W2/><AGARI ba="0,1" hai="2,5,9,62,63,75,78,82,97,100,104,105,106,107" machi="2" ten="30,3000,0" yaku="1,1,0,1,53,0" doraHai="128" doraHaiUra="10" who="3" fromWho="3" sc="242,-10,408,-10,136,-10,204,40" /><INIT seed="3,1,0,0,2,106" ten="232,398,126,244" oya="3" hai0="7,71,37,101,46,94,69,104,20,74,26,91,115" hai1="99,27,82,19,107,67,12,84,58,78,24,90,43" hai2="31,70,132,16,77,125,117,113,103,11,112,120,21" hai3="51,65,121,57,49,105,126,5,97,54,40,42,48"/><W130/><G105/><T15/><D74/><U55/><E67/><V4/><F70/><W33/><G33/><T93/><D104/><U53/><E43/><N who="3" m="16426" /><G97/><N who="0" m="59567" /><D69/><U59/><E107/><V124/><F103/><W85/><G85/><N who="0" m="52591" /><D71/><U44/><E44/><V61/><F61/><N who="3" m="38063" /><G5/><T62/><D37/><U122/><E122/><V87/><F87/><W38/><G121/><T127/><D127/><N who="2" m="48714" /><F77/><W81/><G81/><T64/><D115/><N who="2" m="44106" /><F120/><W45/><G126/><T47/><D62/><N who="1" m="36175" /><E90/><V111/><F117/><W95/><G95/><T36/><D36/><U68/><E68/><V133/><F31/><W39/><G130/><T119/><D119/><U29/><E29/><V34/><F34/><W28/><G28/><N who="0" m="17479" /><D64/><U92/><E92/><V6/><F111/><W17/><G45/><T114/><D114/><U63/><E99/><V89/><F89/><W41/><G41/><T10/><AGARI ba="1,0" hai="7,10,15,46,47" m="17479,52591,59567" machi="10" ten="30,1100,0" yaku="8,1" doraHai="106" who="0" fromWho="0" sc="232,14,398,-4,126,-4,244,-6" owari="246,4.6,394,49.4,122,-37.8,238,-16.2" /></mjloggm>