<mjloggm ver="2.3"><GO type="169" lobby="0"/><UN n0="%E7%8F%BE%E5%A0%B4%E3%81%AD%E3%81%93" n1="%E3%81%8B%E3%81%AA%E3%81%8D%E3%83%BC" n2="%E6%97%A5%E9%99%B0%E3%81%95%E3%82%93" n3="%E3%82%AB%E3%83%AB%E3%83%94%E3%82%B9%E3%82%B5%E3%83%AF%E3%83%BC" dan="16,17,17,17" rate="2085.96,2216.02,2173.91,2228.14" sx="M,F,F,M"/><TAIKYOKU oya="0"/><INIT seed="0,0,0,2,4,1" ten="250,250,250,250" oya="0" hai0="2,78,96,85,121,3,14,48,40,39,29,34,5" hai1="23,19,82,97,63,100,107,41,28,15,75,135,45" hai2="128,9,73,0,131,50,90,64,80,118,84,77,38" hai3="104,126,20,83,74,59,119,7,30,93,43,117,49"/><T44/><D121/><U95/><E135/><V26/><F38/><W115/><G115/><T56/><D34/><U102/><E28/><V114/><F114/><W54/><G104/><T71/><D71/><U55/><E75/><V10/><F118/><W79/><G126/><T58/><D29/><U8/><E82/><V106/><F106/><W76/><G76/><T21/><D96/><U16/><E107/><V89/><F64/><W6/><G43/><T116/><D116/><U103/><E41/><V68/><F68/><W122/><G122/><T61/><D39/><U67/><E45/><V92/><F50/><W101/><G117/><T33/><D33/><U31/><E55/><V98/><F26/><W52/><G119/><T113/><D113/><U70/><REACH who="1" step="1"/><E31/><REACH who="1" ten="250,240,250,250" step="2"/><V12/><F73/><W105/><G105/><T60/><D40/><U112/><E112/><V65/><F80/><W35/><G35/><T124/><D44/><U13/><AGARI ba="0,1" hai="8,13,15,16,19,23,63,67,70,95,97,100,102,103" machi="13" ten="20,5200,0" yaku="1,1,0,1,7,1,54,1,53,0" doraHai="1" doraHaiUra="129" who="1" fromWho="1" sc="250,-26,240,62,250,-13,250,-13" /><INIT seed="1,0,0,0,1,124" ten="224,302,237,237" oya="1" hai0="62,61,122,42,73,47,56,11,16,28,64,51,86" hai1="32,108,43,74,85,45,84,99,57,66,123,100,121" hai2="118,24,50,65,120,39,14,8,33,25,5,27,96" hai3="126,117,94,7,3,6,93,104,0,98,38,10,23"/><U105/><E74/><V116/><F39/><W44/><G126/><T109/><D109/><U135/><E32/><V54/><F120/><W102/><G117/><T46/><D122/><U36/><E135/><V19/><F65/><W59/><G59/><T69/><D73/><U52/><E66/><V127/><F127/><W18/><G38/><T129/><D129/><U76/><E85/><V89/><F33/><W103/><G44/><T78/><D28/><U72/><E72/><V88/><F96/><W55/><G55/><T87/><D47/><U12/><E108/><V106/><F106/><W4/><G102/><T29/><D29/><U15/><E121/><V40/><F40/><W41/><G41/><T111/><D111/><U125/><E123/><V68/><F68/><W37/><G37/><T115/><D115/><U132/><E132/><V1/><F116/><W79/><G79/><T75/><D62/><U22/><E22/><V113/><F113/><W20/><G20/><T80/><REACH who="0" step="1"/><D69/><REACH who="0" ten="214,302,237,237" step="2"/><U130/><E130/><V119/><F118/><W13/><G0/><T131/><D131/><U58/><E125/><V101/><F119/><W70/><G70/><T21/><D21/><U128/><E128/><V112/><F112/><W9/><G3/><T91/><D91/><U53/><E58/><N who="2" m="33111" /><F101/><W77/><G77/><T114/><D114/><U63/><REACH who="1" step="1"/><E53/><REACH who="1" ten="214,292,237,237" step="2"/><V26/><F25/><W71/><G71/><T107/><D107/><U67/><E67/><V110/><F110/><W83/><G104/><T31/><D31/><U60/><E60/><V97/><F97/><W82/><G98/><RYUUKYOKU ba="0,2" sc="214,10,292,10,237,10,237,-30" hai0="11,16,42,46,51,56,61,64,75,78,80,86,87" hai1="12,15,36,43,45,52,57,63,76,84,99,100,105" hai2="1,5,8,14,19,24,26,27,88,89" /><INIT seed="1,1,2,1,0,93" ten="224,302,247,207" oya="1" hai0="26,98,24,79,64,47,35,22,71,25,45,86,130" hai1="122,50,18,60,90,28,68,63,124,91,81,56,66" hai2="13,12,121,15,33,55,17,110,115,100,9,80,99" hai3="54,4,114,70,31,117,75,125,6,30,42,29,107"/><U7/><E122/><V14/><F121/><W3/><G114/><T127/><D35/><U120/><E120/><V27/><F110/><W101/><G75/><T8/><D127/><U74/><E124/><V5/><F115/><W48/><G125/><T106/><D130/><U118/><E118/><V69/><F80/><W116/><G70/><T135/><D135/><U53/><E28/><V88/><F69/><W51/><G42/><T94/><D106/><U20/><E7/><V83/><F55/><W41/><G41/><T104/><D104/><U19/><E63/><V103/><F33/><W16/><G48/><T58/><D8/><U65/><E66/><V49/><F49/><W111/><G111/><T40/><D71/><U10/><E10/><V119/><F119/><N who="3" m="45643" /><G3/><T128/><D128/><U96/><E20/><N who="2" m="13711" /><F83/><W67/><G67/><T92/><D40/><U82/><E82/><V84/><F84/><W78/><G78/><T21/><D79/><U44/><E68/><V61/><F61/><W1/><G1/><T95/><D86/><N who="1" m="50511" /><E74/><V38/><F38/><W85/><G85/><T76/><D76/><U89/><E89/><V52/><F52/><W134/><G54/><T43/><D43/><U2/><E2/><V126/><F126/><W97/><G51/><T23/><D64/><U46/><E46/><N who="0" m="17417" /><D58/><U131/><E131/><V87/><F87/><W72/><G72/><T123/><D123/><U112/><E112/><V113/><F113/><W36/><G36/><T57/><D57/><U109/><E109/><V129/><F129/><W37/><G37/><T11/><D11/><RYUUKYOKU ba="1,2" sc="224,10,302,10,247,10,207,-30" hai0="21,22,23,24,25,26,92,94,95,98" hai1="18,19,44,50,53,56,60,65,91,96" hai2="5,9,12,13,14,15,88,99,100,103" /><INIT seed="1,2,2,4,1,21" ten="234,312,257,177" oya="1" hai0="91,77,134,2,36,81,124,106,29,23,51,121,80" hai1="87,86,3,88,34,90,66,119,54,122,48,108,96" hai2="20,71,107,72,27,10,118,83,113,57,24,28,112" hai3="67,120,94,102,127,131,74,9,60,37,38,100,70"/><U85/><E119/><V103/><F118/><W64/><G120/><T1/><D36/><U35/><E122/><V135/><F71/><W126/><G74/><T31/><D106/><U4/><E66/><V95/><F107/><W42/><G131/><T49/><D23/><U53/><E108/><V89/><F103/><W18/><G42/><T39/><D121/><U84/><E96/><V132/><F10/><W69/><G9/><T45/><D45/><U78/><E4/><V130/><F57/><W47/><G18/><T110/><D39/><U16/><E3/><V19/><F130/><W73/><G73/><T0/><D110/><U61/><E35/><N who="2" m="20871" /><F83/><W58/><G58/><T115/><D1/><U116/><E34/><V123/><F72/><W43/><G37/><T92/><D92/><U33/><E33/><V50/><F50/><W59/><G94/><T68/><D68/><N who="3" m="26217" /><G67/><T26/><D26/><U5/><E5/><V75/><F75/><W133/><G133/><N who="2" m="51273" /><F123/><W56/><G56/><T63/><D134/><U40/><E116/><V6/><F6/><W82/><G82/><T52/><D81/><U97/><E78/><V55/><F55/><W44/><G44/><T17/><D77/><U125/><E54/><V32/><F32/><W98/><G102/><T65/><D65/><U25/><E40/><V111/><F111/><W99/><G100/><T105/><D52/><U117/><E117/><V129/><F129/><W101/><G101/><T7/><D80/><U12/><E53/><V13/><F13/><W79/><G79/><T128/><D128/><U46/><E12/><RYUUKYOKU ba="2,2" sc="234,-15,312,-15,257,15,177,15" hai2="19,20,27,89,95,112,113" hai3="38,43,47,59,60,64,98,99,126,127" /><INIT seed="2,3,2,3,2,124" ten="219,297,272,192" oya="2" hai0="43,42,88,75,25,24,58,65,62,81,99,78,123" hai1="114,53,73,77,29,41,74,8,35,91,72,11,34" hai2="117,96,61,19,60,119,47,104,82,13,57,31,97" hai3="86,108,98,67,95,9,30,122,110,79,16,12,49"/><V5/><F5/><W80/><G122/><T2/><D2/><U68/><E114/><V1/><F1/><W6/><G30/><T23/><D123/><U133/><E68/><V112/><F112/><W94/><G67/><T51/><D51/><U84/><E77/><V118/><F31/><W38/><G38/><T101/><D88/><U90/><E41/><V103/><F47/><W14/><G49/><T111/><D25/><U100/><E100/><V36/><F36/><W63/><G63/><T130/><D111/><U69/><E69/><V20/><F57/><W85/><G85/><T7/><D7/><U37/><E37/><V64/><F64/><W107/><G107/><T66/><D66/><U39/><E39/><V70/><F70/><W55/><G55/><T18/><D130/><U83/><E53/><V22/><F22/><W106/><G106/><AGARI ba="3,2" hai="18,23,24,42,43,58,62,65,75,78,81,99,101,106" machi="106" ten="30,1000,0" yaku="7,1" doraHai="124" who="0" fromWho="3" sc="219,39,297,0,272,0,192,-19" /><INIT seed="3,0,0,4,3,52" ten="258,297,272,173" oya="3" hai0="133,124,5,38,69,49,59,93,2,22,132,90,32" hai1="60,25,7,96,39,82,33,36,123,26,113,84,116" hai2="106,105,72,19,12,103,78,118,37,27,97,122,126" hai3="109,135,46,101,111,117,75,77,73,0,94,110,23"/><W64/><G117/><T104/><D32/><U43/><E123/><V83/><F118/><W11/><G135/><N who="0" m="51787" /><D104/><U18/><E113/><V63/><F122/><W4/><G77/><T44/><D69/><U89/><E116/><V58/><F37/><W10/><G64/><T100/><D100/><U51/><E7/><V112/><F126/><W66/><G66/><T16/><D38/><U74/><E74/><V24/><F105/><W114/><G114/><T92/><D5/><U62/><E96/><V6/><F6/><N who="3" m="1351" /><G23/><T81/><D2/><U102/><E102/><V70/><F70/><W115/><G115/><T54/><D44/><U45/><E36/><V95/><F106/><W129/><G46/><T99/><D124/><U65/><E39/><V85/><F72/><W14/><G129/><T1/><D1/><U56/><E33/><V98/><F98/><AGARI ba="0,0" hai="4,11,14,73,75,94,98,101,109,110,111" m="1351" machi="98" ten="30,2900,0" yaku="14,1,10,1" doraHai="52" who="3" fromWho="2" sc="258,0,297,0,272,-29,173,29" /><INIT seed="3,1,0,3,2,128" ten="258,297,243,202" oya="3" hai0="11,122,72,87,67,41,81,32,88,52,26,33,21" hai1="15,119,55,85,70,14,25,37,17,0,115,73,74" hai2="6,44,5,98,51,76,66,118,110,97,100,54,9" hai3="47,84,18,86,40,78,83,101,62,60,116,120,111"/><W8/><G116/><T135/><D122/><U30/><E0/><V36/><F118/><W89/><G120/><T112/><D112/><U90/><E37/><V28/><F110/><W129/><G129/><T23/><D41/><U71/><E115/><V19/><F28/><W124/><G124/><T133/><D67/><U7/><E119/><V68/><F76/><W93/><G111/><T127/><D127/><U22/><E74/><V63/><F36/><W99/><G18/><T106/><D106/><U49/><E73/><V39/><F98/><W13/><G13/><T113/><D113/><U43/><E43/><V3/><F39/><W65/><G8/><T4/><D52/><U134/><E134/><N who="0" m="51209" /><D72/><U16/><E55/><V69/><F69/><W57/><G62/><T126/><D126/><U61/><E49/><V35/><F54/><W56/><G56/><T96/><D96/><U20/><E61/><V12/><F97/><W53/><G65/><T75/><D75/><U114/><E114/><V1/><F66/><W48/><REACH who="3" step="1"/><G84/><REACH who="3" ten="258,297,243,192" step="2"/><T38/><D4/><U29/><E7/><V94/><F5/><W45/><G45/><T77/><D11/><U92/><E30/><V2/><F9/><AGARI ba="1,1" hai="9,14,15,16,17,20,22,25,29,70,71,85,90,92" machi="9" ten="30,2000,0" yaku="7,1,54,1" doraHai="128" who="1" fromWho="2" sc="258,0,297,33,243,-23,192,0" /><INIT seed="4,0,0,5,2,69" ten="258,330,220,192" oya="0" hai0="127,99,31,54,44,94,123,47,39,53,12,87,20" hai1="113,80,98,111,61,13,34,81,46,117,78,95,96" hai2="106,1,118,63,11,90,3,49,41,89,23,112,51" hai3="19,18,110,129,134,75,135,58,70,29,33,77,119"/><T76/><D123/><U73/><E117/><V82/><F106/><W16/><G70/><T100/><D127/><U121/><E111/><V85/><F118/><W92/><G119/><T104/><D104/><U28/><E121/><V116/><F116/><W8/><G58/><T132/><D132/><N who="3" m="50729" /><G92/><T22/><D39/><U125/><E125/><V14/><F112/><W38/><G110/><T56/><D54/><U131/><E131/><V52/><F41/><W60/><G60/><T6/><D76/><U107/><E61/><V66/><F89/><W91/><G91/><T108/><D87/><U97/><E80/><V57/><F51/><W67/><G67/><T40/><D40/><U27/><E113/><V45/><REACH who="2" step="1"/><F23/><REACH who="2" ten="258,330,210,192" step="2"/><W10/><G129/><T5/><D22/><U74/><E107/><V32/><F32/><W9/><G38/><T35/><D35/><U7/><E34/><V48/><F48/><W64/><G33/><T126/><D126/><U30/><E78/><V71/><F71/><W72/><G77/><T93/><D108/><U86/><E96/><V50/><F50/><W120/><G120/><T102/><D99/><U0/><E97/><V88/><F88/><W115/><G115/><T133/><D133/><U105/><E98/><V4/><AGARI ba="0,1" hai="1,3,4,11,14,45,49,52,57,63,66,82,85,90" machi="4" ten="20,5200,0" yaku="1,1,0,1,7,1,54,1,53,0" doraHai="69" doraHaiUra="36" who="2" fromWho="2" sc="258,-26,330,-13,210,62,192,-13" /><INIT seed="5,0,0,1,0,34" ten="232,317,272,179" oya="1" hai0="134,30,95,0,101,121,47,27,3,90,77,89,61" hai1="29,55,6,10,22,2,9,87,44,125,135,16,130" hai2="91,18,82,52,14,133,24,126,123,15,84,85,79" hai3="57,88,40,92,75,131,114,128,54,41,67,13,94"/><U66/><E130/><V56/><F123/><W59/><G75/><T20/><D77/><U58/><E125/><V105/><F105/><W124/><G124/><T68/><D134/><U97/><E135/><V63/><F126/><W31/><G114/><T19/><D121/><U43/><E66/><V60/><F133/><W112/><G112/><T38/><D101/><U69/><E69/><V111/><F111/><W98/><G31/><T103/><D103/><U73/><E73/><V78/><F63/><W113/><G113/><T109/><D89/><U116/><E116/><V93/><REACH who="2" step="1"/><F79/><REACH who="2" ten="232,317,262,179" step="2"/><W33/><G128/><T100/><D61/><U49/><E29/><V72/><F72/><W46/><G131/><T12/><D109/><U99/><E87/><V104/><F104/><W8/><G67/><T7/><D68/><U74/><E74/><V21/><AGARI ba="0,1" hai="14,15,18,21,24,52,56,60,78,82,84,85,91,93" machi="21" ten="30,7900,0" yaku="1,1,0,1,8,1,54,1,53,0" doraHai="34" doraHaiUra="36" who="2" fromWho="2" sc="232,-20,317,-39,262,89,179,-20" /><INIT seed="6,0,0,1,1,128" ten="212,278,351,159" oya="2" hai0="123,127,28,103,35,112,27,80,108,135,15,53,47" hai1="17,105,33,97,111,114,100,57,46,31,110,37,5" hai2="76,13,92,81,2,56,71,75,93,60,49,119,132" hai3="82,72,21,91,44,58,6,98,95,87,18,30,39"/><V12/><F2/><W14/><G72/><T11/><D103/><U88/><E114/><V79/><F71/><W99/><G39/><T22/><D80/><U43/><E5/><V85/><F119/><W42/><G6/><T9/><D53/><U121/><E121/><V66/><F76/><W29/><G44/><T83/><D83/><U70/><E17/><V129/><F129/><W120/><G42/><T52/><D52/><U0/><E0/><V32/><F32/><W48/><G120/><T38/><D47/><U117/><E117/><V67/><F67/><W10/><G10/><N who="0" m="3595" /><D38/><U25/><E57/><V68/><F49/><W69/><G69/><T16/><D123/><U3/><E3/><V78/><F78/><W64/><G98/><T107/><D107/><U116/><E116/><V102/><F56/><W113/><G113/><T90/><D90/><U96/><E70/><V34/><F92/><W8/><G8/><N who="0" m="6247" /><D112/><U125/><E88/><V40/><F40/><W115/><G115/><T62/><D62/><U124/><E96/><V109/><F60/><W106/><G106/><T89/><D89/><U118/><E118/><V24/><F66/><W23/><G48/><T4/><D4/><U86/><E86/><V63/><F85/><W54/><G64/><T94/><D94/><U122/><E122/><V126/><F93/><W26/><G58/><T7/><D7/><U104/><E104/><V50/><F75/><W36/><G36/><T84/><D84/><U65/><E65/><V131/><F68/><W134/><G87/><T74/><D74/><U130/><E130/><RYUUKYOKU ba="0,0" sc="212,-10,278,30,351,-10,159,-10" hai1="25,31,33,37,43,46,97,100,105,110,111,124,125" /><INIT seed="7,1,0,1,3,79" ten="202,308,341,149" oya="3" hai0="121,74,108,126,27,11,62,32,119,37,34,96,102" hai1="113,2,26,99,116,107,95,93,20,69,81,77,97" hai2="117,73,76,111,115,48,28,120,133,112,55,59,50" hai3="1,123,10,83,4,118,100,15,49,63,103,41,46"/><W42/><G118/><T92/><D121/><U114/><E2/><V38/><F111/><W33/><G123/><T89/><D108/><U51/><E69/><V39/><F117/><W65/><G33/><T101/><D74/><U0/><E0/><V18/><F133/><W40/><G1/><T84/><D37/><U98/><E107/><V127/><F127/><W78/><G103/><T68/><D102/><U122/><E122/><V72/><F28/><W132/><G100/><T54/><D126/><U135/><E116/><V43/><F120/><W82/><G132/><T106/><D11/><U16/><E51/><V60/><F18/><W57/><REACH who="3" step="1"/><G78/><REACH who="3" ten="202,308,341,139" step="2"/><T36/><D34/><U64/><E135/><V67/><F76/><W66/><G66/><N who="0" m="41047" /><D119/><U90/><E64/><V47/><F67/><W35/><G35/><T25/><D32/><U124/><E124/><V52/><F112/><W70/><G70/><T44/><D101/><U109/><E109/><V3/><F3/><W12/><G12/><T24/><D106/><U129/><E77/><V75/><F115/><W53/><AGARI ba="1,1" hai="4,10,15,40,41,42,46,49,53,57,63,65,82,83" machi="53" ten="30,12000,1" yaku="1,1,0,1,8,1,52,2,53,0" doraHai="79" doraHaiUra="17" who="3" fromWho="3" sc="202,-41,308,-41,341,-41,139,133" /><INIT seed="7,2,0,4,5,45" ten="161,267,300,272" oya="3" hai0="55,37,74,35,62,27,118,135,36,68,38,104,81" hai1="106,83,5,126,59,94,46,79,21,7,78,6,18" hai2="23,77,63,32,110,134,8,34,115,90,3,114,89" hai3="11,72,119,98,29,52,66,19,31,100,39,122,54"/><W65/><G119/><T102/><D118/><U85/><E106/><V16/><F110/><W12/><G122/><T67/><D55/><N who="3" m="21033" /><G72/><T120/><D120/><U10/><E126/><V13/><F134/><W56/><G39/><T95/><D95/><U28/><E59/><V101/><F101/><W112/><G112/><N who="2" m="43049" /><F77/><W113/><G113/><T97/><D135/><U44/><E79/><V99/><F63/><N who="3" m="38119" /><G66/><T117/><D117/><U9/><E28/><V50/><F50/><W17/><G17/><T131/><D131/><U49/><E94/><AGARI ba="2,0" hai="11,12,19,29,31,94,98,100" m="38119,21033" machi="94" ten="30,2900,0" yaku="8,1,54,1" doraHai="45" who="3" fromWho="1" sc="161,0,267,-35,300,0,272,35" owari="161,-33.9,232,-16.8,300,10.0,307,40.7" /></mjloggm>