<mjloggm ver="2.3"><GO type="169" lobby="0"/><UN n0="%E3%81%BE%E3%81%8B%E3%81%B7%E3%82%93" n1="%E3%81%94%E3%82%8B%E3%81%AF%E3%82%80%33%30" n2="%6A%79%75%6E%6F%68" n3="%E3%82%82%E3%82%8A%E3%82%8A%E3%82%93%E3%82%82%E3%82%8A%E3%82%82%E3%82%8A" dan="16,17,18,16" rate="2073.77,2195.14,2258.69,2086.31" sx="M,F,M,M"/><TAIKYOKU oya="0"/><INIT seed="0,0,0,1,1,86" ten="250,250,250,250" oya="0" hai0="31,58,133,41,83,112,78,88,110,10,126,107,119" hai1="104,123,127,11,98,70,121,16,72,68,84,36,113" hai2="129,94,3,2,109,74,63,64,120,46,48,114,38" hai3="25,57,80,118,26,66,14,103,77,8,18,49,125"/><T53/><D112/><U116/><E72/><V27/><F120/><W91/><G125/><T81/><D119/><U55/><E116/><V40/><F114/><W17/><G103/><T132/><D126/><U22/><E113/><V108/><F74/><W37/><G37/><T124/><D124/><U111/><E127/><V42/><F129/><W39/><G39/><T43/><D110/><N who="2" m="42602" /><F27/><W56/><G77/><T131/><D131/><U130/><E130/><V28/><F28/><W117/><G117/><T92/><D107/><U13/><E111/><V4/><F4/><W90/><G80/><N who="0" m="30795" /><D78/><U59/><E36/><V135/><F94/><W7/><G118/><T105/><D105/><U93/><E84/><V85/><F85/><W19/><G66/><T1/><D31/><U35/><E35/><V99/><F99/><W45/><G25/><T29/><D29/><U32/><E32/><V128/><F128/><W134/><G26/><T101/><D101/><U23/><E104/><V100/><F100/><W115/><G115/><T71/><D71/><U51/><E121/><V96/><F96/><W122/><G122/><T62/><D10/><U60/><E123/><V73/><F73/><W102/><G102/><T0/><D1/><U12/><E68/><N who="2" m="42015" /><F135/><N who="0" m="51786" /><D0/><U6/><E70/><V76/><F76/><W67/><G134/><T47/><D47/><AGARI ba="0,0" hai="2,3,38,40,42,46,47,48" m="42015,42602" machi="47" ten="30,1000,0" yaku="14,1" doraHai="86" who="2" fromWho="0" sc="250,-10,250,0,250,10,250,0" /><INIT seed="1,0,0,5,1,83" ten="240,250,260,250" oya="1" hai0="92,111,5,27,3,29,95,63,47,65,84,82,80" hai1="1,129,55,91,51,38,119,81,59,73,6,35,102" hai2="26,134,113,133,74,87,72,70,58,130,4,98,104" hai3="57,10,75,60,12,90,43,53,56,124,89,132,125"/><U36/><E119/><V17/><F70/><W115/><G75/><T118/><D118/><U44/><E129/><V16/><F130/><W120/><G115/><T107/><D107/><U66/><E35/><V7/><F113/><W127/><G120/><T15/><D111/><U101/><E1/><V64/><F64/><W24/><G132/><T19/><D47/><U30/><E30/><V86/><F58/><W50/><G24/><T71/><D3/><U77/><E6/><V21/><F98/><W37/><G37/><T96/><D5/><U79/><E79/><V46/><F46/><W68/><G68/><T94/><D96/><U103/><REACH who="1" step="1"/><E91/><REACH who="1" ten="240,240,260,250" step="2"/><V9/><F4/><W2/><G2/><T0/><D0/><U109/><E109/><V117/><F7/><N who="3" m="3167" /><G43/><T62/><D62/><AGARI ba="0,1" hai="36,38,44,51,55,59,62,66,73,77,81,101,102,103" machi="62" ten="40,2000,0" yaku="1,1,53,0" doraHai="83" doraHaiUra="23" who="1" fromWho="0" sc="240,-20,240,30,260,0,250,0" /><INIT seed="1,1,0,1,4,6" ten="220,270,260,250" oya="1" hai0="101,120,73,62,3,119,8,72,132,43,118,79,45" hai1="67,28,23,113,105,13,114,117,22,82,60,135,107" hai2="52,64,50,57,66,5,115,123,7,38,41,100,65" hai3="93,49,61,54,111,34,56,46,68,89,90,16,71"/><U44/><E117/><V59/><F123/><W74/><G111/><T80/><D120/><U124/><E124/><V0/><F115/><W69/><G34/><T30/><D132/><U95/><E135/><V97/><F57/><W125/><G74/><T134/><D134/><U63/><E82/><V92/><REACH who="2" step="1"/><F0/><REACH who="2" ten="220,270,250,250" step="2"/><W99/><G125/><T19/><D119/><U15/><E113/><V21/><F21/><W17/><REACH who="3" step="1"/><G90/><REACH who="3" ten="220,270,250,240" step="2"/><T1/><D118/><U98/><E114/><V127/><F127/><W109/><G109/><T47/><D1/><U29/><E23/><V32/><F32/><W87/><G87/><T77/><D3/><U35/><E22/><V58/><F58/><W112/><G112/><T129/><D73/><U4/><E35/><V37/><F37/><W20/><G20/><T121/><D72/><U88/><E88/><V51/><F51/><W14/><G14/><T128/><D121/><U76/><E15/><V2/><F2/><W133/><G133/><T75/><D75/><U11/><E13/><V9/><F9/><W84/><G84/><T131/><D131/><U53/><E11/><V91/><F91/><W39/><G39/><T40/><D129/><U116/><E116/><V31/><F31/><W81/><G81/><T27/><D128/><U102/><E29/><V104/><F104/><W25/><G25/><T110/><D110/><U42/><E107/><V70/><F70/><W106/><G106/><T122/><D122/><U126/><E105/><V55/><F55/><AGARI ba="1,2" hai="16,17,46,49,54,55,56,61,68,69,71,89,93,99" machi="55" ten="40,2600,0" yaku="1,1,54,1,53,0" doraHai="6" doraHaiUra="96" who="3" fromWho="2" sc="220,0,270,0,250,-29,240,49" /><INIT seed="2,0,0,5,3,87" ten="220,270,221,289" oya="2" hai0="105,101,1,27,119,44,35,17,50,30,110,62,114" hai1="134,22,68,11,96,45,51,104,124,61,39,97,115" hai2="6,120,106,66,23,24,59,25,132,64,74,52,99" hai3="46,40,92,112,108,20,116,42,77,4,126,121,129"/><V109/><F120/><W57/><G116/><T100/><D114/><U15/><E115/><V31/><F74/><W81/><G112/><T78/><D1/><U38/><E134/><V102/><F132/><W16/><G129/><T125/><D119/><U36/><E124/><V73/><F73/><W47/><G108/><T54/><D110/><U127/><E22/><V14/><F109/><W111/><G126/><T34/><D125/><U19/><E127/><V7/><F25/><W118/><G118/><T18/><D35/><U135/><E135/><V98/><F98/><W28/><G28/><T72/><D62/><U60/><E68/><V88/><F7/><W86/><G4/><T133/><D133/><U123/><E96/><V130/><F130/><W5/><G5/><T91/><D105/><U37/><N who="1" m="9216" /><DORA hai="56" /><U29/><E29/><V117/><F117/><W13/><G111/><T75/><D75/><U2/><E2/><V41/><F41/><N who="3" m="15979" /><G121/><T12/><D17/><U43/><REACH who="1" step="1"/><E123/><REACH who="1" ten="220,260,221,289" step="2"/><V80/><F99/><W83/><G20/><T48/><D101/><AGARI ba="0,1" hai="11,15,19,43,45,51,60,61,97,101,104" m="9216" machi="101" ten="70,8000,1" yaku="1,1,2,1,52,2,53,0" doraHai="87,56" doraHaiUra="3,53" who="1" fromWho="0" sc="220,-80,260,90,221,0,289,0" /><INIT seed="3,0,0,5,5,47" ten="140,350,221,289" oya="3" hai0="37,85,5,130,102,100,103,129,84,69,78,81,60" hai1="67,99,114,30,131,126,65,109,2,9,25,89,111" hai2="64,96,1,124,26,51,3,35,19,17,34,70,117" hai3="13,21,44,0,113,42,39,29,33,88,68,8,23"/><W76/><G113/><T135/><D37/><U115/><E131/><N who="0" m="50185" /><D60/><U95/><E126/><V24/><F64/><N who="1" m="24649" /><E9/><V77/><F96/><W72/><G68/><T74/><D69/><U36/><E2/><V82/><F70/><W62/><G62/><T49/><D5/><U4/><E4/><V133/><F82/><W41/><G42/><T38/><D38/><U6/><E6/><V40/><F77/><W46/><G46/><T79/><D49/><U134/><E134/><V63/><F63/><W80/><G0/><T119/><D119/><U94/><E94/><V90/><F40/><W75/><G72/><N who="0" m="43207" /><D135/><U56/><E56/><V107/><F133/><W122/><G122/><T98/><D98/><U106/><E106/><V110/><F107/><W59/><G59/><T22/><D22/><N who="1" m="15671" /><E36/><V28/><F117/><W53/><G33/><T83/><AGARI ba="0,0" hai="74,79,83,84,85,100,102,103" m="43207,50185" machi="83" ten="40,5200,0" yaku="19,1,34,2" doraHai="47" who="0" fromWho="0" sc="140,52,350,-13,221,-13,289,-26" /><INIT seed="4,0,0,1,0,78" ten="192,337,208,263" oya="0" hai0="47,118,40,83,32,92,57,79,87,86,0,113,127" hai1="121,76,31,44,55,133,39,53,82,131,99,124,21" hai2="45,128,93,10,91,42,112,105,74,66,59,110,100" hai3="58,3,85,1,98,8,12,56,102,11,50,37,6"/><T13/><D118/><U67/><E121/><V43/><F110/><W26/><G37/><T132/><D0/><U88/><E67/><V14/><F74/><W90/><G26/><T80/><D32/><U129/><E133/><V109/><F109/><W122/><G122/><T94/><D132/><U17/><E31/><V4/><F112/><W69/><G69/><T126/><D113/><U70/><E70/><V106/><F128/><N who="1" m="49225" /><E124/><N who="0" m="47657" /><D57/><U111/><E111/><V114/><F114/><W64/><G64/><T48/><D13/><N who="1" m="9391" /><E39/><V63/><F100/><W62/><G62/><T18/><D18/><U33/><E44/><V107/><REACH who="2" step="1"/><F45/><REACH who="2" ten="192,337,198,263" step="2"/><W97/><G102/><T28/><D28/><U72/><E33/><V41/><F41/><W65/><G3/><T54/><D40/><U51/><E51/><V27/><F27/><W130/><G50/><T29/><D29/><U36/><E36/><V84/><AGARI ba="0,1" hai="4,10,14,42,43,59,63,66,84,91,93,105,106,107" machi="84" ten="30,4000,0" yaku="1,1,0,1,53,1" doraHai="78" doraHaiUra="89" who="2" fromWho="2" sc="192,-20,337,-10,198,50,263,-10" /><INIT seed="5,0,0,5,0,97" ten="172,327,248,253" oya="1" hai0="27,12,54,114,69,56,11,28,104,93,59,4,0" hai1="81,122,72,24,89,50,83,2,70,25,52,95,48" hai2="39,106,29,128,123,34,46,33,63,14,45,134,8" hai3="105,5,82,43,125,90,103,79,58,1,110,40,119"/><U108/><E122/><V118/><F123/><W78/><G58/><T117/><D114/><U124/><E70/><V101/><F118/><W102/><G5/><T86/><D117/><U30/><E2/><V73/><F73/><W113/><G1/><T66/><D104/><U135/><E135/><V51/><F39/><W62/><G43/><T91/><D0/><U76/><E124/><V57/><F45/><W109/><G40/><T129/><D129/><U112/><E112/><V127/><F29/><W47/><G62/><T64/><D69/><U121/><E121/><V100/><F106/><W88/><G47/><T3/><D3/><U41/><E108/><N who="3" m="41578" /><G119/><T74/><D74/><U32/><E41/><V21/><F21/><W18/><G18/><T85/><D85/><U23/><E83/><V68/><F68/><W60/><G60/><T84/><D84/><U92/><E89/><N who="3" m="34410" /><G113/><T130/><D130/><U67/><E67/><V87/><F34/><W15/><G15/><T94/><D94/><U115/><E48/><V9/><F33/><W42/><G42/><T17/><D17/><U20/><E32/><V13/><F51/><W16/><G16/><T38/><D38/><U80/><E115/><V133/><F46/><W96/><G125/><T116/><D116/><U7/><E7/><V131/><F63/><W55/><G55/><T132/><D132/><U22/><E30/><V36/><F36/><W71/><G71/><T98/><D86/><U77/><E25/><V26/><F26/><W99/><G82/><T53/><D53/><U120/><E24/><V65/><F128/><RYUUKYOKU ba="0,0" sc="172,-10,327,-10,248,-10,253,30" hai3="78,79,96,99,102,103,105" /><INIT seed="6,1,0,1,4,39" ten="162,317,238,283" oya="2" hai0="106,117,114,61,129,45,87,98,104,46,90,118,115" hai1="66,40,26,86,88,15,131,77,83,16,64,94,9" hai2="127,121,13,80,76,24,122,17,134,58,37,6,54" hai3="120,51,100,75,21,20,2,41,47,43,130,29,57"/><V56/><F37/><W50/><G75/><T105/><D61/><U103/><E131/><V108/><F127/><W62/><G120/><T124/><D45/><U133/><E133/><V97/><F134/><W107/><G2/><T81/><D46/><U102/><E40/><N who="3" m="15434" /><G107/><T113/><D124/><U89/><E89/><V85/><F108/><W14/><G130/><T116/><REACH who="0" step="1"/><D129/><REACH who="0" ten="152,317,238,283" step="2"/><U109/><E109/><V4/><F121/><W99/><G47/><T55/><D55/><U11/><E64/><V52/><F52/><N who="3" m="34087" /><G29/><T92/><D92/><U128/><E66/><V112/><F54/><W3/><G3/><T5/><D5/><U74/><E128/><V33/><F4/><W84/><G14/><T79/><D79/><U25/><E77/><V59/><F13/><W78/><G78/><T111/><D111/><U135/><E135/><V0/><F122/><W38/><G38/><T110/><D110/><U18/><E15/><V67/><F67/><W119/><G119/><T68/><D68/><U19/><E74/><V32/><F76/><W49/><G49/><T93/><D93/><U65/><E94/><V73/><F0/><W72/><G51/><T42/><D42/><U27/><E65/><V22/><F73/><W8/><G72/><T31/><D31/><U132/><E132/><V95/><F95/><N who="3" m="58495" /><G50/><T10/><D10/><AGARI ba="1,1" hai="9,10,11,16,18,19,25,26,27,83,86,88,102,103" machi="10" ten="40,5200,0" yaku="8,1,54,2" doraHai="39" who="1" fromWho="0" sc="152,-55,317,65,238,0,283,0" /><INIT seed="7,0,0,2,2,101" ten="97,382,238,283" oya="3" hai0="38,106,129,120,28,35,94,68,44,131,20,113,109" hai1="14,47,37,1,4,69,71,22,77,60,90,51,26" hai2="84,42,25,87,13,112,63,75,41,29,118,124,86" hai3="17,74,119,134,46,9,78,98,34,49,12,48,104"/><W45/><G134/><T62/><D94/><U8/><E37/><V80/><F118/><W115/><G119/><T110/><D20/><U79/><E1/><V82/><F112/><W33/><G115/><T7/><D7/><U81/><E69/><V6/><F124/><W54/><G78/><T126/><D126/><U128/><E60/><V19/><F75/><W67/><G67/><T10/><D10/><U16/><E71/><V3/><F3/><W116/><G74/><T5/><D5/><U111/><E128/><V88/><F6/><W50/><G116/><T91/><D91/><U70/><E70/><V40/><F63/><W32/><REACH who="3" step="1"/><G46/><REACH who="3" ten="97,382,238,273" step="2"/><T96/><D113/><U130/><E130/><V23/><REACH who="2" step="1"/><F80/><REACH who="2" ten="97,382,228,273" step="2"/><W105/><G105/><T56/><D56/><U92/><E81/><V132/><F132/><W102/><AGARI ba="0,2" hai="9,12,17,32,33,34,45,48,49,50,54,98,102,104" machi="102" ten="40,7800,0" yaku="1,1,0,1,52,1,53,0" doraHai="101" doraHaiUra="64" who="3" fromWho="3" sc="97,-26,382,-26,228,-26,273,98" owari="71,-42.9,356,15.6,202,-19.8,371,47.1" /></mjloggm>