<mjloggm ver="2.3"><GO type="169" lobby="0"/><UN n0="%E3%82%89%E3%81%84%E3%81%B5%E3%81%8C%E3%83%BC%E3%81%A9%E3%81%99%E3%81%8D" n1="%E3%81%AD%E3%82%93%E3%81%9B%E3%81%84%E3%81%8B%E3%81%84" n2="%43%68%61%72%6F%2E" n3="%4C%C3%97%57%C3%97%4C" dan="17,16,17,17" rate="2086.26,2149.55,2187.32,2167.98" sx="M,M,M,M"/><TAIKYOKU oya="0"/><INIT seed="0,0,0,0,0,46" ten="250,250,250,250" oya="0" hai0="126,60,107,22,4,75,117,36,38,80,61,98,51" hai1="28,110,123,67,109,5,27,25,95,129,2,66,57" hai2="78,54,33,65,15,14,52,81,118,16,93,122,70" hai3="114,68,94,10,30,83,49,34,77,108,97,48,29"/><T100/><D117/><U18/><E123/><V132/><F122/><W101/><G114/><T1/><D126/><U119/><E119/><V74/><F118/><W79/><G108/><N who="1" m="41578" /><E95/><V19/><F33/><W88/><G68/><T45/><D1/><U7/><E57/><V35/><F35/><W86/><G10/><T20/><D4/><N who="1" m="1611" /><E2/><V82/><F132/><W106/><G77/><T21/><D38/><U47/><E47/><V89/><F81/><W133/><G133/><T42/><REACH who="0" step="1"/><D36/><REACH who="0" ten="240,250,250,250" step="2"/><U92/><E129/><V127/><F127/><W90/><G90/><T64/><D64/><U41/><E66/><V102/><F65/><W103/><G103/><T56/><D56/><U39/><E67/><V3/><F102/><W87/><REACH who="3" step="1"/><G34/><REACH who="3" ten="240,250,250,240" step="2"/><T72/><D72/><U24/><E39/><V85/><F70/><W11/><G11/><T96/><D96/><U125/><E125/><V31/><F3/><W121/><G121/><T134/><D134/><U13/><E28/><AGARI ba="0,2" hai="28,29,30,48,49,79,83,86,87,88,94,97,101,106" machi="28" ten="40,12000,2" yaku="1,1,52,2,54,1,53,2" doraHai="46" doraHaiUra="44" who="3" fromWho="1" sc="240,0,250,-120,250,0,240,140" /><INIT seed="1,0,0,1,3,30" ten="240,130,250,380" oya="1" hai0="60,16,37,122,51,54,73,102,96,134,72,114,46" hai1="29,20,106,57,81,43,24,89,64,67,126,13,12" hai2="2,104,101,10,135,22,7,129,78,5,34,113,49" hai3="92,33,132,107,59,32,4,125,121,11,118,124,111"/><U76/><E126/><N who="3" m="48746" /><G107/><T0/><D114/><U41/><E106/><V23/><F78/><W109/><G121/><T56/><D122/><U65/><E89/><V8/><F101/><W112/><G112/><T86/><D134/><U21/><E57/><V70/><F104/><W62/><G92/><T27/><D0/><U84/><REACH who="1" step="1"/><E12/><REACH who="1" ten="240,120,250,380" step="2"/><V48/><F113/><W91/><G91/><T116/><D56/><U95/><E95/><V82/><F135/><W26/><G132/><T119/><D119/><U117/><E117/><V115/><F115/><W79/><G118/><T15/><D116/><U127/><E127/><V28/><F2/><W14/><G59/><T90/><D15/><U97/><E97/><V133/><F133/><W66/><G14/><T6/><D96/><U131/><E131/><V58/><F129/><W47/><G111/><T53/><D90/><U80/><E80/><V52/><F58/><W1/><G109/><T17/><D102/><U61/><E61/><V94/><F94/><W87/><G62/><T55/><D60/><U35/><E35/><V63/><F34/><W50/><G33/><T42/><D27/><U100/><E100/><V83/><F63/><W88/><G88/><T108/><D108/><U9/><E9/><V19/><F8/><W18/><G32/><T99/><D99/><U3/><E3/><V38/><F10/><W120/><G26/><T98/><D98/><U123/><E123/><V25/><F83/><N who="3" m="47615" /><G120/><T39/><D46/><U130/><E130/><V103/><F82/><W68/><G47/><T40/><D86/><U44/><E44/><RYUUKYOKU ba="0,1" sc="240,-10,120,30,250,-10,380,-10" hai1="13,20,21,24,29,41,43,64,65,67,76,81,84" /><INIT seed="1,1,1,1,4,113" ten="230,150,240,370" oya="1" hai0="37,114,19,101,4,109,106,75,128,120,116,31,25" hai1="112,108,127,103,107,129,125,63,10,24,68,97,78" hai2="65,87,54,18,32,44,82,61,53,67,2,133,36" hai3="71,8,46,12,40,21,28,52,59,62,3,124,77"/><U6/><E112/><V118/><F32/><W64/><G124/><N who="1" m="47690" /><E129/><V57/><F2/><W79/><G3/><T76/><D101/><U66/><E78/><V126/><F133/><W93/><G93/><T45/><D76/><U29/><E108/><V1/><F1/><W131/><G131/><T17/><D75/><U22/><E10/><V13/><F126/><W26/><G64/><T80/><D80/><U11/><E11/><N who="2" m="6463" /><F36/><W5/><G71/><T90/><D4/><AGARI ba="1,1" hai="4,6,22,24,29,63,66,68,97,103,107" m="47690" machi="4" ten="30,1500,0" yaku="18,1" doraHai="113" who="1" fromWho="0" sc="230,-18,150,28,240,0,370,0" /><INIT seed="1,2,0,5,1,26" ten="212,178,240,370" oya="1" hai0="50,94,41,116,100,75,14,135,128,45,63,22,131" hai1="61,52,125,83,72,28,81,20,97,101,117,39,40" hai2="56,8,91,59,82,133,122,42,55,71,44,126,51" hai3="64,84,93,95,129,0,109,121,43,47,6,36,10"/><U85/><E117/><V5/><F5/><W7/><G121/><T80/><D116/><U32/><E32/><V16/><F122/><W105/><G109/><T86/><D135/><U18/><E125/><V69/><F126/><W90/><G105/><T88/><D63/><U113/><E113/><V38/><F133/><W30/><G129/><N who="0" m="49739" /><D100/><U130/><E72/><V111/><F111/><W77/><G64/><T89/><D75/><U112/><E112/><V13/><REACH who="2" step="1"/><F59/><REACH who="2" ten="212,178,230,370" step="2"/><W96/><G7/><T124/><D124/><U53/><E130/><V17/><F17/><W68/><G68/><T19/><D94/><N who="1" m="58551" /><E18/><V33/><F33/><W46/><G95/><T115/><D115/><U35/><E35/><V102/><F102/><W118/><G118/><T123/><D123/><U57/><E83/><V27/><F27/><W107/><G107/><T119/><D119/><U23/><E57/><V54/><F54/><W134/><G134/><T4/><D4/><U99/><E52/><V65/><F65/><W110/><G110/><T60/><D60/><U15/><E53/><V114/><F114/><W120/><G120/><T29/><D29/><U92/><E28/><V98/><F98/><W58/><G30/><T79/><AGARI ba="2,1" hai="14,19,22,41,45,50,79,80,86,88,89" m="49739" machi="79" ten="30,2000,0" yaku="19,1,54,1" doraHai="26" who="0" fromWho="0" sc="212,36,178,-12,230,-7,370,-7" /><INIT seed="2,0,0,3,4,49" ten="248,166,223,363" oya="2" hai0="107,92,86,83,116,129,77,113,8,123,41,15,73" hai1="61,97,11,45,68,121,39,108,51,19,96,17,20" hai2="99,28,18,36,6,102,106,26,124,135,82,120,37" hai3="29,63,16,118,43,1,95,70,71,32,130,132,87"/><V59/><F120/><W12/><G118/><T115/><D123/><U35/><E108/><V38/><F124/><W81/><G1/><T4/><D116/><U40/><E35/><V74/><F135/><W2/><G2/><T62/><D107/><U9/><E121/><V65/><F6/><W101/><G43/><T131/><D41/><U127/><E127/><V91/><F18/><W109/><G109/><T112/><D62/><U88/><E39/><V84/><F74/><W10/><G130/><N who="0" m="49675" /><D92/><U122/><E122/><V14/><F14/><W110/><G110/><T50/><D50/><U22/><E68/><V103/><F103/><W69/><G132/><T104/><D104/><U90/><E61/><V79/><F59/><W46/><G46/><T60/><D60/><U133/><E133/><V105/><F65/><W52/><G95/><T7/><D7/><U33/><E33/><V125/><F106/><W75/><G101/><T89/><D89/><N who="1" m="34411" /><E97/><V27/><F125/><W100/><G100/><T64/><D64/><U42/><E96/><V24/><REACH who="2" step="1"/><F91/><REACH who="2" ten="248,166,213,363" step="2"/><W85/><G75/><AGARI ba="0,1" hai="4,8,15,73,75,77,83,86,112,113,115" m="49675" machi="75" ten="40,1300,0" yaku="19,1" doraHai="49" who="0" fromWho="3" sc="248,23,166,0,213,0,363,-13" /><INIT seed="3,0,0,4,1,135" ten="271,166,213,350" oya="3" hai0="89,96,94,127,40,68,122,93,20,36,67,59,19" hai1="62,133,130,70,6,116,126,45,5,13,117,78,42" hai2="80,51,114,26,85,111,35,82,132,57,22,119,77" hai3="27,110,9,64,58,84,69,23,3,32,113,91,131"/><W73/><G113/><T34/><D122/><U52/><E133/><V47/><F132/><W134/><G134/><T105/><D34/><U115/><E115/><V86/><F111/><W60/><G73/><T123/><D68/><U25/><E130/><V12/><F114/><W50/><G131/><T79/><D79/><U102/><E102/><V112/><F112/><W66/><G32/><T1/><D1/><U48/><E25/><V16/><F119/><N who="1" m="45641" /><E78/><V83/><F57/><W4/><G110/><T107/><D123/><U109/><E109/><V75/><F75/><W108/><G108/><T15/><D36/><N who="1" m="21703" /><E13/><V11/><F35/><W81/><G50/><T28/><D28/><U76/><E76/><V43/><REACH who="2" step="1"/><F86/><REACH who="2" ten="271,166,203,350" step="2"/><W38/><G69/><T92/><D59/><N who="1" m="33159" /><E126/><V37/><F37/><W88/><G38/><T41/><D127/><U99/><E99/><V125/><F125/><W120/><G120/><T106/><D96/><U72/><E72/><V29/><AGARI ba="0,1" hai="11,12,16,22,26,29,43,47,51,77,80,82,83,85" machi="29" ten="20,8000,1" yaku="1,1,0,1,7,1,8,1,54,1,53,0" doraHai="135" doraHaiUra="98" who="2" fromWho="2" sc="271,-20,166,-20,203,90,350,-40" /><INIT seed="4,0,0,3,0,117" ten="251,146,293,310" oya="0" hai0="21,122,19,107,11,17,58,36,18,115,104,91,135" hai1="92,64,82,34,63,97,48,131,125,60,120,50,20" hai2="41,13,68,1,61,95,109,77,26,15,12,44,114" hai3="101,46,71,123,96,108,30,37,70,99,39,55,111"/><T4/><D135/><U32/><E125/><V132/><F109/><W112/><G30/><T106/><D115/><U5/><E131/><V124/><F1/><W62/><G101/><T103/><D36/><U93/><E82/><V57/><F68/><W51/><G112/><T56/><D103/><U119/><E20/><V28/><F124/><W110/><G99/><T126/><D126/><U79/><E79/><V121/><F121/><W59/><G96/><T86/><D21/><U45/><E97/><V10/><F132/><W73/><G73/><T31/><D31/><U75/><E5/><V42/><F77/><W9/><G9/><T38/><D38/><N who="3" m="14345" /><G123/><T29/><D29/><U49/><E45/><V67/><F114/><W81/><G81/><T23/><D23/><U116/><E50/><V84/><F44/><W118/><G118/><T43/><D43/><AGARI ba="0,0" hai="43,46,51,55,59,62,70,71,108,110,111" m="14345" machi="43" ten="40,2600,0" yaku="34,2" doraHai="117" who="3" fromWho="0" sc="251,-26,146,0,293,0,310,26" /><INIT seed="5,0,0,3,4,135" ten="225,146,293,336" oya="1" hai0="35,85,112,125,70,83,22,14,27,86,134,21,116" hai1="56,94,127,36,114,63,64,32,109,79,108,25,75" hai2="105,44,30,31,50,1,24,2,15,95,117,124,91" hai3="4,132,118,40,98,81,84,41,67,96,73,110,89"/><U38/><E114/><V74/><F105/><W59/><G110/><N who="1" m="42602" /><E94/><V53/><F74/><W45/><G132/><T120/><D134/><U123/><E79/><V48/><F117/><W37/><G41/><T34/><D116/><U66/><E75/><V6/><F30/><W60/><G118/><T58/><D112/><U9/><E9/><V106/><F106/><W93/><G4/><T11/><D83/><U57/><E25/><V49/><F15/><W69/><G73/><T102/><D11/><U130/><E32/><V62/><F62/><W82/><G98/><T76/><D76/><U8/><E8/><V80/><F80/><W72/><G72/><T0/><D27/><U92/><E92/><V78/><F78/><W129/><G129/><T10/><D10/><U119/><E119/><V97/><F6/><W23/><G23/><T20/><D21/><U111/><E130/><V19/><F19/><W100/><G69/><T51/><D14/><U55/><N who="1" m="42610" /><U121/><DORA hai="29" /><E127/><V12/><F12/><W68/><G68/><T5/><D5/><U17/><E17/><V7/><F124/><W28/><G28/><T122/><D125/><U115/><E115/><V52/><F7/><W104/><AGARI ba="0,0" hai="37,40,45,59,60,67,81,82,84,89,93,96,100,104" machi="104" ten="20,1500,0" yaku="0,1,7,1" doraHai="135,29" who="3" fromWho="3" sc="225,-4,146,-7,293,-4,336,15" /><INIT seed="6,0,0,0,0,103" ten="221,139,289,351" oya="2" hai0="113,97,28,81,46,26,63,20,32,24,104,87,2" hai1="128,4,42,59,127,31,62,17,54,5,73,118,41" hai2="89,45,115,7,66,92,40,10,83,36,95,126,94" hai3="61,96,106,34,69,64,55,14,48,132,58,18,60"/><V27/><F115/><W125/><G125/><T1/><D113/><U78/><E118/><V101/><F126/><W29/><G132/><T77/><D46/><U134/><E128/><V114/><F114/><W13/><G61/><T70/><D20/><U130/><E130/><V38/><F66/><W88/><G18/><T109/><D26/><U75/><E134/><V50/><F101/><N who="3" m="62759" /><G88/><T79/><D79/><U131/><E31/><V56/><F56/><W116/><G116/><T39/><D39/><U19/><E127/><V129/><F129/><W52/><G55/><T74/><D87/><U90/><E131/><V121/><F121/><W107/><G107/><T33/><D33/><U135/><E135/><V124/><F124/><W93/><G93/><T25/><D25/><AGARI ba="0,0" hai="13,14,25,29,34,48,52,58,60,64,69" m="62759" machi="25" ten="30,3900,0" yaku="25,1,52,1,54,1" doraHai="103" who="3" fromWho="0" sc="221,-39,139,0,289,0,351,39" /><INIT seed="7,0,0,0,2,72" ten="182,139,289,390" oya="3" hai0="121,129,85,67,35,18,86,73,132,71,116,9,32" hai1="0,69,15,134,84,5,111,27,6,133,78,22,38" hai2="43,75,23,46,53,109,89,123,106,91,36,101,62" hai3="81,61,34,112,126,13,1,68,45,95,79,117,54"/><W76/><G1/><T10/><D73/><U3/><E69/><V28/><F109/><W21/><G34/><T66/><D71/><U131/><E38/><V105/><F105/><W124/><G117/><T82/><D18/><U59/><E59/><V29/><F29/><W44/><G95/><T113/><D116/><U12/><E84/><V56/><F123/><W4/><G112/><T40/><D113/><U118/><E118/><V107/><F107/><W94/><G94/><T135/><D82/><U127/><E111/><V31/><F31/><W120/><G81/><T87/><D86/><U100/><E100/><V41/><F41/><W37/><G37/><T93/><D93/><U80/><E80/><V7/><F7/><N who="1" m="2569" /><E78/><V128/><F75/><W65/><G120/><T57/><D121/><U63/><E63/><V14/><F101/><W110/><G110/><T51/><D57/><U24/><E127/><N who="3" m="48682" /><G54/><T125/><D125/><U90/><E90/><V104/><F104/><W8/><G21/><T42/><D40/><U108/><E108/><V88/><F106/><W114/><G114/><T74/><D42/><U103/><E103/><V48/><F36/><W2/><G2/><N who="1" m="554" /><E131/><V83/><F128/><W47/><AGARI ba="0,0" hai="4,8,13,44,45,47,61,65,68,76,79" m="48682" machi="47" ten="30,6000,0" yaku="18,1,52,2" doraHai="72" who="3" fromWho="3" sc="182,-20,139,-20,289,-20,390,60" owari="162,-23.8,119,-38.1,269,6.9,450,55.0" /></mjloggm>