<mjloggm ver="2.3"><GO type="169" lobby="0"/><UN n0="%31%74%61" n1="%E3%81%AE%E3%81%AF%E3%81%A3%E3%81%A1" n2="%E3%80%90%E3%83%A1%E3%82%BF%E3%83%A9%E3%83%BC%E3%80%91" n3="%E5%85%BC%E6%98%8E%E5%81%8F%E6%9A%97" dan="17,16,17,17" rate="2234.83,2190.39,2130.29,2203.49" sx="M,M,M,M"/><TAIKYOKU oya="0"/><INIT seed="0,0,0,1,5,89" ten="250,250,250,250" oya="0" hai0="36,11,129,29,43,38,3,23,72,123,25,20,110" hai1="101,82,92,107,19,97,77,86,76,96,6,125,132" hai2="37,90,1,115,102,75,41,63,12,91,7,64,48" hai3="112,61,18,74,30,51,103,50,124,134,73,24,31"/><T121/><D129/><U87/><E6/><V67/><F1/><W52/><G112/><T105/><D105/><U10/><E10/><V2/><F2/><W114/><G114/><T83/><D110/><U16/><E125/><V70/><F75/><W22/><G124/><T35/><D23/><U57/><E132/><V131/><F102/><W93/><G134/><T111/><D20/><U21/><E57/><V39/><F67/><W66/><G73/><T32/><D111/><U33/><E33/><V46/><F131/><W8/><G74/><T80/><D35/><U78/><E86/><V60/><F60/><W40/><G40/><T71/><D71/><U68/><E68/><V47/><F115/><W98/><G8/><T54/><D54/><U135/><E135/><V26/><F26/><W84/><G84/><T53/><D53/><U13/><REACH who="1" step="1"/><E19/><REACH who="1" ten="250,240,250,250" step="2"/><V49/><F7/><W42/><G42/><T9/><D72/><U99/><E99/><V44/><F41/><W128/><G128/><T95/><D43/><U122/><E122/><V5/><F39/><W133/><G133/><T118/><D3/><U100/><AGARI ba="0,1" hai="13,16,21,76,77,78,82,87,92,96,97,100,101,107" machi="100" ten="20,12000,2" yaku="1,1,0,1,7,1,52,1,54,1,53,2" doraHai="89" doraHaiUra="94" who="1" fromWho="1" sc="250,-60,240,130,250,-30,250,-30" /><INIT seed="1,0,0,0,4,59" ten="190,370,220,220" oya="1" hai0="8,116,26,71,51,76,46,83,124,0,121,112,65" hai1="135,30,56,110,34,74,77,105,17,18,78,100,11" hai2="104,84,88,40,64,62,14,28,107,125,69,131,16" hai3="89,49,41,96,134,22,38,97,1,72,86,32,45"/><U4/><E135/><V111/><F111/><W35/><G72/><T127/><D112/><U54/><E110/><V92/><F125/><W80/><G1/><T101/><D116/><U2/><E34/><V48/><F131/><W82/><G134/><T12/><D0/><U50/><E30/><V73/><F73/><W99/><G82/><T128/><D101/><U126/><E126/><N who="0" m="48169" /><D128/><U119/><E119/><V85/><F28/><W117/><G117/><T132/><D132/><U103/><E74/><V37/><F37/><W63/><G22/><T66/><D26/><U55/><E103/><V21/><F85/><W52/><REACH who="3" step="1"/><G63/><REACH who="3" ten="190,370,220,210" step="2"/><T13/><D121/><U42/><E78/><V129/><REACH who="2" step="1"/><F129/><REACH who="2" ten="190,370,210,210" step="2"/><W3/><G3/><T24/><D76/><U79/><E77/><V109/><F109/><W133/><G133/><T91/><D83/><U122/><E79/><V6/><F6/><W98/><N who="3" m="24576" /><DORA hai="31" /><W123/><G123/><T108/><D108/><U67/><E122/><V27/><F27/><W113/><G113/><T58/><D24/><U33/><E4/><V81/><F81/><W60/><G60/><T94/><D12/><U115/><E2/><V95/><F95/><W70/><G70/><T36/><D71/><U87/><E87/><V114/><F114/><W68/><G68/><T120/><D120/><U90/><E115/><V39/><F39/><W102/><G102/><T44/><D36/><U118/><E100/><V93/><F93/><W20/><G20/><T23/><D23/><U5/><E5/><V53/><F53/><W130/><G130/><T25/><D94/><RYUUKYOKU ba="0,2" sc="190,-15,370,-15,210,15,210,15" hai2="14,16,21,40,48,62,64,69,84,88,92,104,107" hai3="32,35,38,41,45,49,52,80,86,89" /><INIT seed="2,1,2,2,5,31" ten="175,355,225,225" oya="2" hai0="5,79,44,118,2,130,67,90,39,3,101,48,124" hai1="84,59,95,8,68,127,13,20,25,104,33,92,73" hai2="41,81,70,34,109,14,93,129,98,121,108,99,28" hai3="40,105,100,45,0,35,91,38,115,55,50,96,135"/><V17/><F121/><W56/><G135/><T30/><D39/><U11/><E68/><V7/><F70/><W26/><G115/><T113/><D113/><U46/><E73/><V88/><F41/><W43/><G0/><T36/><D36/><U114/><E104/><V15/><F129/><W87/><G40/><T77/><D130/><U42/><E127/><V1/><F81/><W112/><G112/><T128/><D128/><U133/><E133/><V119/><F119/><W12/><G12/><T82/><D101/><U63/><E33/><V106/><F17/><W132/><G132/><T116/><D67/><U134/><E134/><V21/><F21/><W123/><G123/><T53/><D30/><U111/><E111/><N who="2" m="42571" /><F99/><W110/><G110/><T131/><D124/><U125/><E125/><V54/><F54/><W97/><G96/><T107/><D131/><U78/><E42/><V10/><F106/><W52/><G55/><T22/><D107/><U58/><E20/><V62/><F62/><W71/><G71/><T72/><D22/><U69/><E63/><V80/><F80/><W86/><REACH who="3" step="1"/><G91/><REACH who="3" ten="175,355,225,215" step="2"/><T122/><D90/><U94/><E69/><V61/><F61/><W19/><G19/><T64/><D122/><U76/><E114/><V18/><F18/><W89/><G89/><T83/><D64/><U57/><E78/><V29/><F29/><AGARI ba="1,3" hai="26,29,35,38,43,45,50,52,56,86,87,97,100,105" machi="29" ten="40,8000,1" yaku="1,1,52,1,54,1,53,1" doraHai="31" doraHaiUra="102" who="3" fromWho="2" sc="175,0,355,0,225,-83,215,113" /><INIT seed="3,0,0,1,4,18" ten="175,355,142,328" oya="3" hai0="35,37,104,52,57,113,30,121,33,66,130,41,135" hai1="71,91,103,8,89,108,46,42,51,118,0,101,4" hai2="75,107,6,10,68,126,17,77,24,119,81,85,127" hai3="132,36,9,26,129,21,48,123,20,125,84,116,62"/><W50/><G116/><T28/><D121/><U82/><E108/><V115/><F115/><W112/><G112/><T69/><D113/><U61/><E118/><V133/><F119/><W111/><G123/><T99/><D130/><U76/><E71/><V55/><F107/><W67/><G36/><T93/><D135/><U128/><E128/><V96/><F68/><W38/><G38/><T65/><D104/><U117/><E117/><V47/><F96/><W44/><G129/><T54/><D54/><U14/><E61/><V97/><F97/><W23/><G132/><T40/><D33/><U105/><E0/><V58/><F47/><W39/><G125/><T74/><D74/><U11/><E8/><V31/><F17/><W109/><G26/><T3/><D3/><U63/><E63/><V102/><F102/><N who="1" m="38921" /><E105/><V59/><F75/><W90/><G9/><T5/><D5/><U27/><E27/><V34/><F133/><W12/><G12/><T25/><D30/><U87/><AGARI ba="0,0" hai="4,11,14,42,46,51,76,82,87,89,91" m="38921" machi="87" ten="30,2000,0" yaku="25,1,8,1" doraHai="18" who="1" fromWho="1" sc="175,-5,355,20,142,-5,328,-10" /><INIT seed="4,0,0,3,5,135" ten="170,375,137,318" oya="0" hai0="59,88,31,13,44,22,130,93,104,48,15,91,35" hai1="72,4,112,45,84,28,126,114,75,133,52,118,37" hai2="40,132,9,66,62,73,103,36,7,80,110,41,77" hai3="101,16,99,56,12,0,70,127,120,98,106,92,8"/><T33/><D104/><U1/><E118/><V113/><F110/><W81/><G70/><T24/><D130/><U63/><E133/><V26/><F132/><W97/><G120/><T76/><D76/><U89/><E126/><V21/><F113/><N who="1" m="43625" /><E28/><V51/><F103/><W123/><G123/><T57/><D33/><U43/><E4/><V109/><F51/><W125/><G0/><T87/><D91/><U34/><E1/><V115/><F109/><W79/><G56/><N who="0" m="21579" /><D35/><U20/><E34/><V6/><F6/><W27/><G27/><T32/><D32/><U60/><E20/><V18/><F36/><W30/><G30/><T53/><AGARI ba="0,0" hai="13,15,22,24,31,44,48,53,87,88,93" m="21579" machi="53" ten="30,3000,0" yaku="8,1,54,1" doraHai="135" who="0" fromWho="0" sc="170,30,375,-10,137,-10,318,-10" /><INIT seed="4,1,0,1,1,120" ten="200,365,127,308" oya="0" hai0="17,87,97,26,31,102,7,125,28,81,25,70,99" hai1="76,53,110,63,35,32,24,64,127,18,9,122,100" hai2="62,42,57,51,112,59,132,20,40,90,131,8,119" hai3="117,50,86,123,77,69,78,67,135,71,129,107,60"/><T105/><D125/><U88/><E110/><V121/><F121/><W23/><G117/><T27/><D70/><U13/><E122/><V11/><F112/><W30/><G123/><T3/><D99/><U116/><E116/><V29/><F131/><W54/><G107/><T37/><D37/><U46/><E127/><V36/><F36/><W113/><G71/><T55/><D17/><U124/><E76/><V104/><F104/><W109/><G135/><T84/><D84/><U16/><E100/><V130/><F130/><W106/><G106/><T74/><D74/><U34/><E124/><V2/><F132/><W93/><G113/><T56/><D7/><U114/><E114/><V126/><F2/><W85/><G129/><T41/><D41/><U52/><E88/><V133/><F90/><W95/><G109/><T83/><D3/><U10/><E46/><V68/><F68/><W92/><G78/><T19/><D19/><U6/><E18/><V0/><F0/><W49/><G49/><T65/><D65/><U94/><E94/><V91/><F91/><W75/><G75/><T43/><D43/><N who="2" m="16426" /><F133/><W115/><G77/><T47/><D47/><U96/><E96/><V22/><F119/><W33/><G33/><T48/><REACH who="0" step="1"/><D87/><REACH who="0" ten="190,365,127,308" step="2"/><U5/><E5/><V118/><F118/><W98/><G98/><T128/><D128/><U15/><REACH who="1" step="1"/><E24/><REACH who="1" ten="190,355,127,308" step="2"/><V108/><F126/><W111/><G115/><T80/><AGARI ba="1,2" hai="25,26,27,28,31,48,55,56,80,81,83,97,102,105" machi="80" ten="30,6000,0" yaku="1,1,0,1,53,1" doraHai="120" doraHaiUra="45" who="0" fromWho="0" sc="190,83,355,-21,127,-21,308,-21" /><INIT seed="4,2,0,5,5,131" ten="273,334,106,287" oya="0" hai0="62,87,110,24,80,130,92,45,48,12,10,76,102" hai1="17,54,64,44,55,96,16,88,41,4,125,65,121" hai2="100,3,74,26,95,14,66,71,25,18,58,73,114" hai3="32,103,63,8,78,6,127,111,1,5,115,89,105"/><T20/><D130/><U86/><E121/><V122/><F122/><W36/><G111/><T135/><D135/><U113/><E125/><V27/><F3/><W2/><G32/><T33/><D33/><U56/><E4/><V61/><F114/><W108/><G108/><T50/><D62/><N who="1" m="36119" /><E41/><V51/><F100/><W23/><G36/><T129/><D129/><U134/><E96/><V118/><F118/><W107/><G115/><T0/><D0/><U75/><E75/><V106/><F106/><W38/><G38/><T126/><D126/><U15/><E113/><V133/><F133/><W79/><G127/><T7/><D110/><U19/><E134/><V9/><F95/><W99/><G107/><T91/><D102/><U13/><E55/><V46/><REACH who="2" step="1"/><F71/><REACH who="2" ten="273,334,96,287" step="2"/><W42/><G103/><T43/><D50/><U69/><E69/><V90/><F90/><W116/><G89/><T70/><D70/><U40/><E40/><AGARI ba="2,1" hai="9,14,18,25,26,27,40,46,51,58,61,66,73,74" machi="40" ten="40,2600,0" yaku="1,1,53,1" doraHai="131" doraHaiUra="52" who="2" fromWho="1" sc="273,0,334,-32,96,42,287,0" /><INIT seed="5,0,0,5,1,65" ten="273,302,138,287" oya="1" hai0="83,54,100,70,18,99,114,90,107,3,77,115,57" hai1="58,62,9,116,7,94,63,8,36,117,43,106,89" hai2="2,96,74,66,128,14,55,38,1,12,13,41,98" hai3="52,16,133,37,103,53,69,120,40,21,84,50,82"/><U81/><E106/><V72/><F55/><W127/><G120/><T73/><D3/><N who="2" m="1034" /><F66/><W124/><G133/><T56/><D18/><U46/><E81/><V97/><F41/><W10/><G10/><T92/><D70/><U108/><E108/><V105/><F105/><W87/><G103/><T35/><D35/><U76/><E76/><V130/><F38/><W126/><G69/><T85/><REACH who="0" step="1"/><D57/><REACH who="0" ten="263,302,138,287" step="2"/><U29/><E29/><V25/><F25/><N who="3" m="14503" /><G37/><T78/><D78/><U71/><E71/><V112/><F112/><W131/><G131/><AGARI ba="0,1" hai="12,13,14,72,74,96,97,98,128,130,131" m="1034" machi="131" ten="40,5200,0" yaku="28,2,19,1" doraHai="65" who="2" fromWho="3" sc="263,0,302,0,138,62,287,-52" /><INIT seed="6,0,0,5,3,113" ten="263,302,200,235" oya="2" hai0="106,60,42,29,9,16,97,53,77,11,24,2,128" hai1="79,7,123,100,129,83,33,17,61,127,84,72,126" hai2="108,18,133,27,47,99,75,57,35,44,58,93,112" hai3="20,118,36,88,4,115,31,46,105,73,19,23,96"/><V62/><F75/><W39/><G73/><T49/><D128/><U117/><E33/><V63/><F112/><W55/><G115/><T65/><D77/><U98/><E7/><V70/><F133/><W59/><G4/><T119/><D42/><U41/><E123/><V38/><F70/><W21/><G118/><T120/><D120/><U67/><E41/><V124/><F124/><N who="1" m="47657" /><E17/><V102/><F38/><W50/><G31/><T134/><D134/><U135/><E135/><V64/><F108/><W130/><G130/><T26/><D97/><U122/><E122/><V74/><F74/><W51/><G19/><T66/><D106/><N who="1" m="63767" /><E84/><V101/><F101/><W81/><G105/><T3/><D16/><U95/><E95/><V32/><F32/><W34/><G34/><T121/><D121/><U110/><E110/><V5/><F5/><W14/><G14/><T1/><D29/><U30/><E30/><V103/><F103/><W94/><REACH who="3" step="1"/><G81/><REACH who="3" ten="263,302,200,225" step="2"/><T114/><D114/><U8/><E129/><V37/><F37/><W43/><AGARI ba="0,1" hai="20,21,23,36,39,43,46,50,51,55,59,88,94,96" machi="43" ten="30,8000,1" yaku="1,1,2,1,0,1,54,1,53,1" doraHai="113" doraHaiUra="92" who="3" fromWho="3" sc="263,-20,302,-20,200,-40,225,90" /><INIT seed="7,0,0,5,4,45" ten="243,282,160,315" oya="3" hai0="31,29,95,107,111,75,90,116,108,15,48,92,60" hai1="13,86,20,52,59,89,94,80,78,3,101,99,44" hai2="102,42,6,129,84,55,114,112,126,82,10,120,72" hai3="109,49,67,23,54,34,19,106,61,73,117,98,14"/><W38/><G117/><T9/><D116/><U57/><E3/><V53/><F72/><W24/><G38/><T130/><D107/><U62/><E44/><V115/><F126/><W63/><G73/><T87/><D75/><U122/><E122/><V81/><F129/><W25/><G109/><T58/><D130/><U51/><E20/><V0/><F120/><W41/><G41/><T2/><D2/><U110/><E13/><V1/><F1/><W133/><G133/><T28/><D48/><U118/><E110/><V43/><F102/><W96/><G106/><T4/><D111/><U76/><E118/><V68/><F68/><W39/><G39/><T104/><D104/><U77/><E101/><V21/><F21/><W12/><G34/><T32/><D32/><U46/><E59/><V22/><F22/><W33/><G33/><T35/><D35/><U40/><AGARI ba="0,0" hai="40,46,51,52,57,62,76,77,78,80,86,89,94,99" machi="40" ten="20,8000,1" yaku="0,1,7,1,8,1,52,1,54,1" doraHai="45" who="1" fromWho="1" sc="243,-20,282,80,160,-20,315,-40" owari="223,-17.7,362,46.2,140,-36.0,275,7.5" /></mjloggm>