<mjloggm ver="2.3"><GO type="169" lobby="0"/><UN n0="%70%6F%6E%2D%65%6E" n1="%E9%9B%AA%E3%81%AE%E8%8F%AF" n2="%73%61%6E%67%6F%64%64%6F" n3="%E3%81%A9%E3%82%93%E3%81%9F%E3%82%83%E3%82%93" dan="16,16,17,16" rate="2111.95,2095.28,2191.38,2152.10" sx="F,F,M,F"/><TAIKYOKU oya="0"/><INIT seed="0,0,0,0,1,42" ten="250,250,250,250" oya="0" hai0="57,19,61,15,8,35,112,69,131,21,98,108,121" hai1="13,33,66,128,117,133,23,86,5,135,0,111,72" hai2="17,2,20,49,103,95,62,44,129,91,28,90,92" hai3="68,12,118,123,78,80,119,115,63,46,48,4,120"/><T76/><D112/><U22/><E72/><V32/><F2/><W74/><G115/><T7/><D121/><N who="3" m="46665" /><G68/><T60/><D131/><U89/><E117/><V88/><F129/><W93/><G63/><T100/><D35/><U65/><E111/><V114/><F114/><W53/><G93/><T51/><D108/><U56/><E33/><V10/><F32/><W24/><G24/><T29/><D29/><U79/><E79/><V36/><F36/><W124/><G124/><T34/><D76/><U96/><E96/><N who="2" m="59807" /><F62/><W104/><G104/><T54/><D69/><U45/><E128/><V122/><F10/><AGARI ba="0,0" hai="4,10,12,46,48,53,74,78,80,118,119" m="46665" machi="10" ten="30,2000,0" yaku="13,1,52,1" doraHai="42" who="3" fromWho="2" sc="250,0,250,0,250,-20,250,20" /><INIT seed="1,0,0,2,5,55" ten="250,250,230,270" oya="1" hai0="130,123,2,11,85,57,113,41,91,106,39,100,27" hai1="63,73,76,109,60,117,7,53,66,90,93,128,40" hai2="102,101,135,99,81,9,25,62,86,82,19,112,79" hai3="33,103,97,126,0,32,47,3,125,111,24,16,107"/><U28/><E117/><V15/><F112/><W44/><G111/><T46/><D113/><U131/><E40/><V83/><F135/><W98/><G24/><T36/><D130/><N who="1" m="49707" /><E7/><V132/><F132/><W23/><G23/><T68/><D68/><N who="1" m="42055" /><E28/><V37/><F37/><W54/><G54/><T89/><D39/><U70/><E109/><V92/><F101/><W43/><G103/><T26/><D123/><U116/><E116/><V31/><REACH who="2" step="1"/><F62/><REACH who="2" ten="250,250,220,270" step="2"/><W21/><G125/><T74/><D100/><U121/><E121/><V42/><F42/><W134/><G43/><T56/><D36/><U115/><E115/><V49/><F49/><W20/><G126/><T129/><D41/><U22/><E63/><V6/><F6/><W38/><G38/><T45/><D129/><U67/><E67/><V108/><F108/><W84/><G134/><T105/><D105/><U1/><E53/><V104/><F104/><W133/><G133/><T65/><D106/><U4/><E4/><V61/><F61/><W35/><G107/><T5/><D65/><U29/><E70/><V114/><F114/><W75/><G0/><T120/><D120/><U51/><E1/><V12/><F12/><W8/><G3/><T118/><D118/><U50/><E51/><V80/><F80/><W17/><G17/><T122/><D122/><U18/><E50/><V110/><F110/><W96/><G16/><T88/><D2/><U30/><E30/><V10/><F10/><W48/><G8/><T13/><D11/><U87/><E29/><V52/><F52/><W64/><G48/><T78/><D5/><RYUUKYOKU ba="0,1" sc="250,-10,250,-10,220,30,270,-10" hai2="9,15,19,25,31,79,81,82,83,86,92,99,102" /><INIT seed="2,1,1,4,5,74" ten="240,240,250,260" oya="2" hai0="68,75,117,11,48,52,88,116,129,127,97,12,5" hai1="10,59,91,81,83,46,16,123,118,92,93,126,8" hai2="69,17,72,111,109,120,125,102,57,77,18,50,28" hai3="37,38,73,79,49,71,100,80,9,20,6,96,84"/><V66/><F120/><W60/><G49/><T35/><D75/><U85/><E118/><N who="0" m="45673" /><D35/><U27/><E126/><V112/><F112/><W65/><G20/><T31/><D31/><U13/><E123/><V76/><F72/><W94/><REACH who="3" step="1"/><G73/><REACH who="3" ten="240,240,250,250" step="2"/><T33/><D33/><U19/><E46/><V3/><F50/><W119/><G119/><T15/><D48/><U87/><E59/><V30/><F57/><W23/><G23/><T105/><D127/><U82/><E27/><V70/><F125/><W78/><G78/><T42/><D68/><U132/><E132/><V29/><F102/><W56/><G56/><T1/><D42/><U107/><E107/><V47/><F47/><W95/><G95/><T4/><D105/><U108/><E108/><N who="2" m="41547" /><F3/><AGARI ba="1,2" hai="3,6,9,37,38,60,65,71,79,80,84,94,96,100" machi="3" ten="30,7700,0" yaku="1,1,7,1,52,1,53,1" doraHai="74" doraHaiUra="7" who="3" fromWho="2" sc="240,0,240,0,250,-80,250,100" /><INIT seed="3,0,0,5,3,11" ten="240,240,170,350" oya="3" hai0="135,26,22,64,77,86,94,3,112,124,24,104,127" hai1="69,98,51,133,15,108,115,54,82,36,105,4,111" hai2="49,41,29,68,117,84,9,50,66,75,13,118,67" hai3="76,80,72,53,90,58,47,52,59,130,23,81,120"/><W91/><G120/><T89/><D135/><U125/><E115/><V10/><F75/><W16/><G130/><T87/><D104/><U0/><E0/><V43/><F84/><W97/><G47/><T1/><D64/><U88/><E133/><V132/><F132/><W116/><G116/><T100/><D100/><U19/><E36/><V40/><F29/><W38/><G38/><T74/><D74/><U70/><E4/><V119/><F68/><W107/><G81/><N who="0" m="47407" /><D26/><U131/><E125/><N who="0" m="48201" /><D112/><U110/><E131/><V71/><F71/><W17/><G17/><AGARI ba="0,0" hai="1,3,17,22,24,87,89,94" m="48201,47407" machi="17" ten="30,1000,0" yaku="18,1" doraHai="11" who="0" fromWho="3" sc="240,10,240,0,170,0,350,-10" /><INIT seed="4,0,0,5,2,47" ten="250,240,170,340" oya="0" hai0="134,7,27,34,28,71,32,21,36,92,112,41,91" hai1="43,17,19,49,3,114,30,84,90,37,80,99,4" hai2="18,13,10,96,110,77,123,89,52,131,40,107,20" hai3="93,16,103,38,66,46,64,109,60,86,81,39,51"/><T57/><D71/><U126/><E126/><V65/><F123/><W132/><G109/><T119/><D119/><U25/><E114/><V1/><F110/><W48/><G132/><T12/><D112/><U26/><E37/><V111/><F111/><W101/><G39/><T79/><D134/><U135/><E135/><V50/><F131/><W22/><G38/><T8/><D79/><U128/><E128/><V68/><F40/><W23/><G93/><T104/><D104/><U35/><E4/><V24/><F77/><N who="3" m="46383" /><G23/><T5/><D5/><U53/><E3/><V82/><F1/><W61/><G61/><T88/><D36/><U73/><E43/><V85/><F68/><W120/><G120/><T130/><D130/><U116/><E116/><V127/><F127/><W97/><G97/><T69/><D69/><U108/><E108/><V129/><F129/><W124/><G124/><T42/><D57/><U102/><E73/><V72/><F72/><W78/><G78/><T63/><D63/><U58/><REACH who="1" step="1"/><E25/><REACH who="1" ten="250,230,170,340" step="2"/><V115/><F115/><W87/><G66/><T55/><D42/><U118/><E118/><V9/><F65/><W29/><G64/><T117/><D41/><U98/><E98/><V62/><F24/><W122/><G122/><T121/><D121/><U75/><E75/><V59/><REACH who="2" step="1"/><F62/><REACH who="2" ten="250,230,160,340" step="2"/><W31/><G60/><T56/><D117/><U70/><E70/><V6/><F6/><W100/><G51/><T105/><D7/><U14/><E14/><V74/><F74/><W106/><G48/><T67/><D12/><U15/><E15/><V45/><F45/><RYUUKYOKU ba="0,2" sc="250,-15,230,15,160,15,340,-15" hai1="17,19,26,30,35,49,53,58,80,84,90,99,102" hai2="9,10,13,18,20,50,52,59,82,85,89,96,107" /><INIT seed="5,1,2,4,4,80" ten="235,245,175,325" oya="1" hai0="54,39,118,43,134,48,114,98,120,127,4,52,108" hai1="113,51,15,100,1,7,124,26,22,6,119,57,58" hai2="0,19,13,93,77,66,125,32,42,122,90,89,18" hai3="14,16,75,5,41,126,20,59,17,37,84,87,27"/><U132/><E119/><V73/><F122/><W106/><G75/><T78/><D108/><U107/><E113/><V116/><F0/><W86/><G106/><T25/><D118/><U64/><E1/><V131/><F116/><W67/><G126/><T21/><D120/><U79/><E79/><V63/><F32/><W55/><G67/><T30/><D114/><U102/><E132/><V31/><F131/><W104/><G104/><T71/><D71/><U10/><E124/><V36/><F31/><N who="3" m="17895" /><G41/><T38/><D127/><U123/><E123/><V46/><F125/><W12/><G37/><T9/><D134/><U99/><E102/><V133/><F133/><W44/><G44/><T111/><D111/><U105/><E105/><V2/><F2/><W83/><G83/><T92/><D78/><U135/><E135/><V130/><F130/><W128/><G128/><T72/><D72/><U85/><E6/><V129/><F129/><W3/><G3/><T23/><D23/><U109/><E109/><V94/><F77/><W96/><G96/><T110/><D110/><U50/><E64/><V40/><F40/><W34/><G34/><T8/><D39/><U24/><E24/><V45/><F45/><W81/><G81/><T121/><D38/><U60/><E58/><N who="2" m="37239" /><F73/><W53/><G53/><N who="0" m="20587" /><D4/><U115/><E115/><V74/><F74/><W91/><G91/><N who="2" m="34825" /><F13/><N who="3" m="5227" /><G5/><T11/><D121/><U56/><E56/><V35/><F35/><W70/><G70/><T33/><D33/><U112/><E57/><V61/><F61/><AGARI ba="1,2" hai="16,17,55,59,61,84,86,87" m="5227,17895" machi="61" ten="30,8000,1" yaku="8,1,52,3,54,1" doraHai="80" who="3" fromWho="2" sc="235,0,245,0,175,-83,325,103" /><INIT seed="6,0,0,0,4,26" ten="235,245,92,428" oya="2" hai0="60,8,15,80,103,122,111,126,44,88,102,96,131" hai1="36,119,100,30,120,129,18,10,108,73,118,124,105" hai2="41,74,64,17,13,121,114,39,3,9,133,47,33" hai3="11,0,45,101,116,51,37,104,113,95,50,61,28"/><V35/><F121/><W115/><G116/><T135/><D111/><U89/><E120/><V128/><F114/><N who="3" m="43531" /><G104/><T117/><D122/><U32/><E36/><V21/><F133/><W31/><G37/><T20/><D135/><U14/><E129/><V19/><F128/><W125/><G125/><T87/><D131/><U70/><E70/><V2/><F64/><W71/><G71/><T91/><D126/><U66/><E124/><V112/><F112/><W106/><G106/><T7/><D117/><U92/><E108/><V29/><F74/><W77/><G61/><T90/><D44/><U69/><E73/><V132/><F132/><W34/><G34/><T62/><D20/><U59/><E69/><V52/><F52/><N who="3" m="29775" /><G77/><N who="0" m="46479" /><D102/><U55/><E100/><V53/><F53/><W79/><G79/><T25/><D25/><U6/><E105/><V63/><F63/><N who="0" m="24106" /><D103/><U84/><E66/><V127/><F127/><W98/><G51/><T109/><D109/><U24/><E6/><AGARI ba="0,0" hai="0,6,11,28,31,95,98,101" m="29775,43531" machi="6" ten="30,8000,1" yaku="15,1,11,1,52,2,54,1" doraHai="26" who="3" fromWho="1" sc="235,0,245,-80,92,0,428,80" /><INIT seed="7,0,0,0,4,132" ten="235,165,92,508" oya="3" hai0="8,126,95,59,3,9,55,19,0,131,16,58,79" hai1="69,20,110,109,97,30,80,37,107,60,133,100,47" hai2="62,92,75,115,127,40,93,102,32,104,106,85,108" hai3="24,31,18,88,121,27,63,120,42,84,70,50,23"/><W48/><G48/><T103/><D95/><U41/><E133/><V78/><F32/><W128/><G128/><T61/><D55/><U125/><E125/><V87/><F40/><W89/><G89/><T118/><D126/><U53/><E80/><N who="2" m="45151" /><F62/><W65/><G50/><T45/><D103/><U22/><E22/><V35/><F35/><W17/><G17/><T52/><D79/><U134/><E134/><V130/><F108/><W12/><G24/><T122/><D58/><U74/><E74/><V99/><F130/><W33/><G42/><T29/><D19/><U15/><E15/><V6/><F6/><W101/><G101/><T26/><D9/><U113/><E20/><V112/><F115/><W105/><G105/><N who="2" m="40553" /><F112/><W116/><G116/><T117/><D61/><U25/><E113/><V4/><F4/><W81/><AGARI ba="0,0" hai="12,18,23,27,31,33,63,65,70,81,84,88,120,121" machi="81" ten="20,3900,0" yaku="0,1,7,1,54,1" doraHai="132" who="3" fromWho="3" sc="235,-13,165,-13,92,-13,508,39" owari="222,2.2,152,-24.8,79,-42.1,547,64.7" /></mjloggm>