<mjloggm ver="2.3"><GO type="169" lobby="0"/><UN n0="%E9%BE%8D%31%30" n1="%E3%83%A8%E3%82%B7%E3%83%86%E3%83%AB%37%30%38" n2="%E3%82%8F%E3%81%98" n3="%E3%82%A4%E3%83%BC%E3%82%B1%E3%83%97%E3%83%A9" dan="16,16,16,17" rate="2097.45,2075.65,2135.45,2147.77" sx="M,M,M,M"/><TAIKYOKU oya="0"/><INIT seed="0,0,0,4,0,76" ten="250,250,250,250" oya="0" hai0="45,32,36,41,116,107,91,7,114,90,92,132,100" hai1="53,123,19,119,49,102,89,105,61,6,106,34,112" hai2="66,2,23,37,82,57,13,135,43,30,86,22,38" hai3="126,56,54,109,46,28,77,65,35,108,127,12,93"/><T21/><D114/><U10/><E34/><V104/><F2/><W129/><G129/><T121/><D116/><U59/><E123/><V80/><F104/><W83/><G65/><T63/><D121/><U8/><E119/><V52/><F66/><W31/><G46/><T3/><D32/><U88/><E19/><N who="2" m="10607" /><F37/><W72/><G93/><T51/><D107/><U122/><E106/><V101/><F38/><W68/><G68/><T17/><D36/><U81/><E122/><V64/><F64/><W67/><G67/><T134/><D7/><U117/><E10/><V9/><F9/><W113/><G12/><N who="0" m="9383" /><D63/><U42/><E117/><V39/><F39/><W97/><G97/><N who="0" m="59431" /><D3/><U48/><E102/><V1/><F1/><W40/><G113/><T33/><D33/><U98/><E98/><V124/><F101/><W87/><G72/><T27/><D27/><U78/><E105/><V125/><F135/><AGARI ba="0,0" hai="41,45,51,90,91,132,134,135" m="59431,9383" machi="135" ten="30,1500,0" yaku="20,1" doraHai="76" who="0" fromWho="2" sc="250,15,250,0,250,-15,250,0" /><INIT seed="0,1,0,5,1,62" ten="265,250,235,250" oya="0" hai0="133,78,107,77,128,97,8,72,39,129,38,71,111" hai1="47,83,10,87,43,127,61,117,37,48,134,31,115" hai2="58,67,94,116,57,23,6,99,106,46,98,12,104" hai3="123,76,54,68,28,64,112,52,22,135,113,41,119"/><T92/><D107/><U88/><E117/><V51/><F116/><W73/><G119/><T101/><D133/><U85/><E134/><V75/><F75/><W100/><G135/><T89/><D111/><U11/><E127/><V131/><F131/><N who="0" m="50250" /><D71/><U96/><E115/><V33/><F33/><W15/><G123/><T65/><D65/><U56/><E31/><V36/><F36/><N who="0" m="13866" /><D72/><U80/><E96/><V35/><F35/><W60/><G41/><T84/><D8/><U90/><E37/><V34/><F34/><W121/><G121/><T108/><D108/><U13/><REACH who="1" step="1"/><E13/><REACH who="1" ten="265,240,235,250" step="2"/><V82/><F12/><W20/><G15/><T32/><D32/><U0/><E0/><V125/><F125/><W1/><G1/><T114/><D114/><U59/><E59/><V109/><F57/><W19/><G113/><T91/><D101/><U18/><E18/><V7/><F109/><W86/><G100/><T4/><D4/><U70/><E70/><V130/><F6/><W118/><G112/><T132/><D132/><U27/><E27/><V30/><F7/><W110/><G110/><T120/><D120/><U24/><E24/><V102/><F130/><W14/><G118/><T55/><D55/><AGARI ba="1,1" hai="10,11,43,47,48,55,56,61,80,83,85,87,88,90" machi="55" ten="30,8000,1" yaku="1,1,7,1,9,1,8,1,54,1,53,0" doraHai="62" doraHaiUra="124" who="1" fromWho="0" sc="265,-83,240,93,235,0,250,0" /><INIT seed="1,0,0,3,4,111" ten="182,333,235,250" oya="1" hai0="50,53,134,132,10,38,85,72,21,30,124,114,92" hai1="78,74,1,61,32,36,33,13,129,45,109,52,131" hai2="118,35,94,16,31,87,125,102,121,80,88,27,37" hai3="127,122,9,120,105,110,3,41,97,115,71,58,93"/><U64/><E1/><V40/><F121/><W106/><G71/><T56/><D72/><U126/><E126/><V65/><F118/><W54/><G110/><T4/><D124/><U59/><E109/><V119/><F119/><W90/><G41/><T100/><D38/><U5/><E74/><V7/><F7/><W77/><G77/><T73/><D73/><U8/><E78/><V91/><F125/><W95/><G127/><T63/><D63/><U29/><E29/><V67/><F102/><W79/><G79/><T2/><D21/><U44/><E36/><V19/><F40/><W26/><G115/><T101/><D30/><U60/><E45/><V86/><REACH who="2" step="1"/><F37/><REACH who="2" ten="182,333,225,250" step="2"/><W108/><G108/><T128/><D128/><N who="1" m="49227" /><E44/><V43/><F43/><W75/><G122/><T47/><D101/><U98/><E98/><V49/><F49/><W15/><G97/><N who="0" m="59431" /><D47/><U133/><E133/><N who="0" m="51305" /><D85/><U116/><E116/><V117/><F117/><W107/><G120/><T20/><D20/><U23/><E23/><V76/><F76/><W99/><G75/><T0/><D2/><U113/><E33/><V24/><F24/><W81/><G26/><T123/><D123/><U12/><E32/><V42/><F42/><W51/><G3/><T6/><D4/><U22/><E22/><V130/><F130/><W25/><G25/><T103/><D103/><U18/><E5/><V66/><AGARI ba="0,1" hai="16,19,27,31,35,65,66,67,80,86,87,88,91,94" machi="66" ten="30,7900,0" yaku="1,1,0,1,54,2,53,0" doraHai="111" doraHaiUra="112" who="2" fromWho="2" sc="182,-20,333,-39,225,89,250,-20" /><INIT seed="2,0,0,2,1,41" ten="162,294,314,230" oya="2" hai0="4,17,45,134,32,129,7,100,56,113,19,24,31" hai1="80,22,18,52,34,90,1,70,103,96,79,118,122" hai2="28,49,46,48,109,123,87,102,43,133,58,27,107" hai3="98,85,30,37,55,130,59,62,89,44,21,6,12"/><V64/><F123/><W94/><G130/><T61/><D113/><U36/><E34/><V8/><F133/><W93/><G37/><T119/><D119/><U50/><E36/><V71/><F109/><W91/><G6/><T131/><D134/><U3/><E70/><V66/><F71/><W69/><G69/><T47/><D100/><U135/><E90/><V82/><F8/><W125/><G125/><T68/><D68/><U108/><E108/><V83/><F102/><W121/><G121/><T95/><D95/><U72/><E118/><V84/><F107/><W99/><G44/><N who="0" m="16971" /><D4/><U63/><E63/><V0/><F0/><W104/><G104/><T67/><D7/><U88/><E103/><V40/><F40/><W115/><G115/><T33/><D33/><U111/><E111/><V9/><F9/><W53/><G99/><T73/><D73/><U42/><E42/><V2/><F2/><W110/><G110/><T124/><D124/><U10/><E10/><V13/><F13/><W128/><G128/><AGARI ba="0,0" hai="17,19,24,31,32,56,61,67,128,129,131" m="16971" machi="128" ten="30,7700,0" yaku="19,1,52,3" doraHai="41" who="0" fromWho="3" sc="162,77,294,0,314,0,230,-77" /><INIT seed="3,0,0,1,0,106" ten="239,294,314,153" oya="3" hai0="73,120,14,50,123,47,39,29,83,97,72,21,122" hai1="42,22,33,113,51,30,82,89,62,127,124,4,91" hai2="28,131,44,103,63,77,104,114,35,118,75,87,34" hai3="53,7,0,93,99,3,102,135,98,43,60,41,64"/><W31/><G135/><T52/><D39/><U20/><E113/><V23/><F114/><W38/><G31/><T85/><D97/><U96/><E4/><V67/><F118/><W55/><G7/><T15/><D14/><U78/><E62/><V19/><F87/><W49/><G99/><T2/><D2/><U119/><E33/><V109/><F28/><W79/><G79/><T17/><REACH who="0" step="1"/><D29/><REACH who="0" ten="229,294,314,153" step="2"/><U45/><E30/><V12/><F12/><W16/><G38/><T10/><D10/><U100/><E119/><V121/><F121/><W54/><G16/><T125/><D125/><U8/><E8/><V101/><F19/><W46/><REACH who="3" step="1"/><G41/><REACH who="3" ten="229,294,314,143" step="2"/><T6/><D6/><U59/><E42/><V126/><F126/><W105/><G105/><T65/><D65/><U48/><E96/><V69/><F104/><W13/><G13/><T95/><D95/><U71/><E124/><V57/><F67/><W25/><G25/><T107/><D107/><U70/><E127/><V9/><F9/><W92/><G92/><T27/><D27/><U134/><E134/><V36/><F36/><W74/><G74/><T76/><AGARI ba="0,2" hai="15,17,21,47,50,52,72,73,76,83,85,120,122,123" machi="76" ten="30,8000,1" yaku="1,1,0,1,52,2,54,1,53,0" doraHai="106" doraHaiUra="68" who="0" fromWho="0" sc="229,100,294,-20,314,-20,143,-40" /><INIT seed="4,0,0,3,5,28" ten="329,274,294,103" oya="0" hai0="9,30,108,118,96,91,29,7,39,116,94,16,69" hai1="67,56,34,14,135,131,97,12,58,51,59,15,20" hai2="129,33,106,112,43,74,31,99,79,55,71,115,72" hai3="60,70,110,48,47,26,23,3,11,124,24,107,92"/><T95/><D69/><U76/><E135/><V127/><F55/><W84/><G107/><T40/><D108/><U37/><E37/><V105/><F43/><W133/><G110/><T13/><D40/><U68/><E131/><V8/><F8/><W10/><G124/><T57/><D39/><U17/><E34/><V98/><F71/><W53/><G133/><T78/><D78/><U120/><E120/><V89/><F31/><N who="0" m="11786" /><D118/><U111/><E76/><V27/><F27/><W63/><G3/><T85/><D116/><U126/><E126/><V5/><F5/><W18/><G26/><T119/><D119/><U87/><E87/><V66/><F66/><W54/><G70/><T88/><D57/><U86/><E86/><V103/><F127/><W82/><G92/><T21/><D21/><U35/><E35/><V4/><F33/><W132/><G132/><T42/><D42/><U128/><E128/><V46/><F46/><W123/><G123/><T6/><AGARI ba="0,0" hai="6,7,9,13,16,85,88,91,94,95,96" m="11786" machi="6" ten="30,6000,0" yaku="8,1,54,2" doraHai="28" who="0" fromWho="0" sc="329,60,274,-20,294,-20,103,-20" /><INIT seed="4,1,0,4,0,39" ten="389,254,274,83" oya="0" hai0="92,53,35,15,38,90,10,11,74,66,63,58,85" hai1="60,95,76,67,24,25,12,109,127,102,44,47,116" hai2="70,59,62,51,56,0,130,64,82,23,119,121,89" hai3="3,100,6,78,31,28,113,120,45,123,105,55,135"/><T87/><D35/><U42/><E109/><V27/><F0/><W101/><G78/><T112/><D74/><U84/><E127/><V1/><F1/><W37/><G113/><T118/><D38/><U40/><E116/><V21/><F119/><W110/><G110/><T134/><D112/><U106/><E106/><V18/><F121/><N who="3" m="46667" /><G135/><T16/><D118/><U71/><E12/><V79/><F130/><W69/><G69/><T114/><D134/><U75/><E75/><V22/><F89/><W4/><G55/><T43/><D43/><U107/><E107/><V126/><F126/><W34/><G34/><T115/><D11/><U2/><E2/><V103/><F103/><N who="3" m="39499" /><G105/><T80/><REACH who="0" step="1"/><D53/><REACH who="0" ten="379,254,274,83" step="2"/><U108/><E108/><V57/><REACH who="2" step="1"/><F51/><REACH who="2" ten="379,254,264,83" step="2"/><W36/><G36/><T30/><D30/><N who="3" m="11305" /><G3/><T8/><D8/><U72/><E72/><AGARI ba="1,2" hai="18,21,22,23,27,56,57,59,62,64,70,72,79,82" machi="72" ten="40,1300,0" yaku="1,1,53,0" doraHai="39" doraHaiUra="128" who="2" fromWho="1" sc="379,0,254,-16,264,36,83,0" /><INIT seed="5,0,0,0,3,14" ten="379,238,300,83" oya="1" hai0="11,82,107,64,2,103,95,63,135,16,50,31,45" hai1="51,125,84,44,67,47,60,29,124,131,126,130,90" hai2="25,134,66,18,38,36,10,13,65,117,96,53,20" hai3="12,21,75,41,35,97,89,128,85,106,109,112,59"/><U6/><E6/><V48/><F117/><W37/><G109/><T43/><D107/><U114/><E29/><V122/><F122/><W42/><G35/><T87/><D135/><U101/><E101/><V88/><F134/><W52/><G75/><T15/><D31/><U0/><E0/><V129/><F129/><N who="1" m="49161" /><E114/><V79/><F79/><W86/><G128/><T121/><D2/><U119/><E119/><V127/><F127/><W123/><G123/><T34/><D121/><U24/><E24/><V115/><F38/><W9/><G112/><T5/><D34/><U57/><E84/><V93/><F36/><W46/><G42/><T17/><D95/><U92/><E92/><V32/><F32/><W23/><G106/><T111/><D103/><U108/><E90/><V105/><F115/><W61/><G97/><T116/><D111/><U100/><E100/><V98/><F98/><W49/><G37/><T69/><D116/><U27/><E27/><V40/><F40/><W26/><G26/><T78/><AGARI ba="0,0" hai="5,11,15,16,17,43,45,50,63,64,69,78,82,87" machi="78" ten="20,12000,2" yaku="0,1,7,1,25,2,52,2,54,1" doraHai="14" who="0" fromWho="0" sc="379,120,238,-60,300,-30,83,-30" /><INIT seed="6,0,0,0,5,97" ten="499,178,270,53" oya="2" hai0="74,95,45,111,30,42,63,20,104,106,103,87,10" hai1="72,2,4,35,70,88,76,52,34,82,0,12,71" hai2="78,51,121,100,60,17,23,1,134,112,54,64,118" hai3="124,48,47,94,113,6,92,135,24,125,32,43,84"/><V14/><F121/><W117/><G117/><T39/><D74/><U41/><E41/><V126/><F118/><W130/><G130/><T93/><D111/><U25/><E71/><V29/><F1/><W15/><G135/><T73/><D73/><U11/><E70/><V96/><F134/><W33/><G113/><T68/><D95/><U61/><E88/><V77/><F126/><W115/><G115/><T99/><D10/><U116/><E116/><V129/><F129/><W69/><G69/><T8/><D8/><U9/><E25/><V26/><F60/><W123/><G123/><T127/><D87/><U107/><E107/><V128/><F64/><W122/><G122/><T90/><D106/><U36/><E36/><V5/><F5/><W79/><G6/><T132/><D63/><U108/><E2/><V3/><F3/><W50/><G15/><T67/><D67/><U40/><E40/><V62/><F62/><W131/><G131/><T120/><D68/><U16/><REACH who="1" step="1"/><E108/><REACH who="1" ten="499,168,270,53" step="2"/><V91/><F91/><W89/><G89/><T65/><D90/><U81/><E81/><V105/><F128/><W28/><G43/><T22/><D42/><U59/><AGARI ba="0,1" hai="0,4,9,11,12,16,34,35,52,59,61,72,76,82" machi="59" ten="30,12000,2" yaku="1,1,0,1,54,2,53,2" doraHai="97" doraHaiUra="7" who="1" fromWho="1" sc="499,-30,168,130,270,-60,53,-30" /><INIT seed="7,0,0,0,4,113" ten="469,298,210,23" oya="3" hai0="123,85,10,88,48,103,79,29,68,14,104,81,93" hai1="45,95,30,122,35,98,74,2,134,108,0,86,99" hai2="91,39,70,110,25,52,37,27,90,31,130,94,36" hai3="46,75,80,87,19,57,21,55,63,23,67,6,121"/><W65/><G121/><T9/><D68/><U33/><E74/><V38/><F110/><W111/><G111/><T54/><D123/><U8/><E30/><V76/><F70/><W1/><G75/><T4/><D29/><U120/><E8/><V11/><F76/><W66/><G1/><T13/><D103/><U115/><E45/><V44/><F130/><W22/><G6/><N who="0" m="3255" /><D104/><U69/><E69/><V71/><F71/><W105/><G105/><T17/><D17/><U32/><E32/><V64/><F64/><W42/><G42/><T60/><D60/><U58/><E86/><V34/><F25/><W119/><G119/><T53/><D48/><U7/><E58/><V84/><F11/><W40/><G40/><T47/><D47/><U41/><E95/><V109/><F109/><W132/><G132/><T97/><AGARI ba="0,0" hai="4,10,14,53,54,79,81,85,88,93,97" m="3255" machi="97" ten="30,2000,0" yaku="8,1,54,1" doraHai="113" who="0" fromWho="0" sc="469,20,298,-5,210,-5,23,-10" owari="489,58.9,293,9.3,205,-19.5,13,-48.7" /></mjloggm>