<mjloggm ver="2.3"><GO type="169" lobby="0"/><UN n0="%E3%83%8D%E3%82%AA%E3%81%92%E3%82%8D%E3%81%A3%E3%81%B4" n1="%E3%83%9F%E3%82%B2%E3%83%BC%E3%83%AB%E6%94%B9" n2="%E3%80%90%E3%83%A1%E3%82%BF%E3%83%A9%E3%83%BC%E3%80%91" n3="%64%69%76%61" dan="16,16,17,16" rate="2136.06,2194.56,2150.77,2054.60" sx="M,M,M,M"/><TAIKYOKU oya="0"/><INIT seed="0,0,0,0,2,94" ten="250,250,250,250" oya="0" hai0="16,121,134,21,53,69,85,15,108,14,29,31,4" hai1="74,87,57,61,40,33,32,128,52,119,62,79,82" hai2="102,49,115,70,37,28,8,72,86,34,132,44,43" hai3="46,6,133,125,50,77,60,38,68,103,99,109,42"/><T39/><D121/><U23/><E119/><V5/><F132/><W7/><G109/><T51/><D134/><U84/><E128/><V65/><F115/><W107/><G133/><T75/><D75/><U113/><E113/><V35/><F86/><W73/><G125/><T101/><D69/><U55/><E40/><V3/><F49/><W2/><G77/><T124/><D39/><U123/><E123/><V13/><F13/><W19/><G19/><T127/><D108/><U95/><E23/><V0/><F0/><W64/><G73/><T81/><D101/><U88/><E74/><V71/><F102/><W130/><G130/><T120/><D120/><U56/><AGARI ba="0,0" hai="32,33,52,55,56,57,61,62,79,82,84,87,88,95" machi="56" ten="30,7900,0" yaku="0,1,9,1,54,2" doraHai="94" who="1" fromWho="1" sc="250,-39,250,79,250,-20,250,-20" /><INIT seed="1,0,0,2,1,25" ten="211,329,230,230" oya="1" hai0="73,86,42,33,8,82,131,85,125,97,9,30,39" hai1="40,95,45,13,47,124,26,7,129,51,76,11,35" hai2="20,127,44,84,119,69,80,50,111,58,132,48,6" hai3="92,104,57,19,53,94,31,54,99,66,115,52,46"/><U22/><E35/><V37/><F119/><W102/><G115/><T23/><D33/><U36/><E129/><V41/><F111/><W79/><G79/><T98/><D73/><U12/><E124/><V67/><F132/><W63/><G46/><T101/><D131/><U55/><E76/><V61/><F127/><W116/><G116/><T117/><D117/><U65/><E65/><V88/><F6/><W0/><G0/><T135/><D135/><U122/><E122/><V71/><F50/><W14/><REACH who="3" step="1"/><G31/><REACH who="3" ten="211,329,230,220" step="2"/><T17/><D30/><U15/><E95/><V110/><F110/><W87/><G87/><T89/><D85/><U38/><E36/><V96/><F96/><W106/><G106/><T34/><D97/><U91/><E91/><V60/><F37/><W18/><G18/><AGARI ba="0,1" hai="7,11,12,13,15,18,22,26,38,40,45,47,51,55" machi="18" ten="30,1500,0" yaku="7,1" doraHai="25" who="1" fromWho="3" sc="211,0,329,25,230,0,220,-15" /><INIT seed="1,1,0,3,5,100" ten="211,354,230,205" oya="1" hai0="16,94,19,125,88,107,46,27,102,91,23,30,49" hai1="28,45,126,54,131,86,123,121,132,73,24,36,75" hai2="127,59,60,3,58,134,32,10,51,37,68,83,9" hai3="110,17,25,7,74,99,84,21,115,0,71,39,52"/><U104/><E86/><V111/><F111/><W77/><G110/><T130/><D130/><U8/><E54/><V48/><F32/><W70/><G74/><N who="1" m="28170" /><E8/><V57/><F127/><W89/><G115/><T118/><D118/><U63/><E63/><V41/><F134/><W76/><G39/><T6/><D125/><U101/><E126/><V42/><F83/><W65/><G65/><T44/><D6/><U33/><E132/><V64/><F3/><W129/><G129/><T34/><D46/><U81/><E81/><V20/><F20/><W87/><G87/><T2/><D2/><U98/><E131/><V22/><F22/><W135/><G135/><T96/><D94/><U103/><E103/><V13/><F10/><W55/><G7/><T97/><D97/><U15/><E15/><V29/><F29/><W40/><G0/><T78/><D78/><U93/><E93/><V128/><F128/><W80/><G99/><T35/><D35/><U11/><E11/><V18/><F37/><W12/><G12/><T69/><D69/><U106/><E106/><V90/><F90/><W26/><G26/><T124/><D124/><U61/><E61/><V5/><F5/><W117/><G77/><T31/><D19/><U50/><E50/><V1/><F1/><W95/><G76/><T62/><D62/><U112/><E112/><V109/><F109/><W4/><G4/><T133/><D133/><U43/><AGARI ba="1,0" hai="24,28,33,36,43,45,98,101,104,121,123" m="28170" machi="43" ten="30,3000,0" yaku="23,1,52,1" doraHai="100" who="1" fromWho="1" sc="211,-11,354,33,230,-11,205,-11" /><INIT seed="1,2,0,0,2,75" ten="200,387,219,194" oya="1" hai0="73,103,32,119,134,59,54,106,2,3,80,42,100" hai1="116,89,90,95,83,37,81,115,84,91,123,76,114" hai2="110,57,72,78,27,11,65,131,9,49,58,60,0" hai3="33,6,18,22,124,41,113,1,69,62,46,23,15"/><U26/><E37/><V28/><F110/><W133/><G113/><N who="1" m="43018" /><E26/><V34/><F131/><W107/><G107/><T36/><D32/><U121/><E116/><V21/><F0/><W50/><G133/><T88/><D119/><U129/><E129/><V17/><F49/><W120/><G120/><N who="1" m="46154" /><E83/><V8/><F58/><W79/><G33/><T64/><D134/><U68/><E68/><V74/><REACH who="2" step="1"/><F78/><REACH who="2" ten="200,387,209,194" step="2"/><W25/><G79/><T70/><D59/><U118/><E118/><V16/><F16/><W99/><G69/><T122/><D70/><U111/><E111/><V19/><F19/><W63/><G1/><T127/><D2/><U52/><E52/><V102/><F102/><W92/><G18/><T45/><D3/><U47/><E47/><V101/><F101/><W14/><G46/><T24/><D54/><U35/><E35/><V38/><F38/><W71/><G71/><T31/><D100/><U98/><AGARI ba="2,1" hai="76,81,84,89,90,91,95,98" m="46154,43018" machi="98" ten="30,6000,0" yaku="34,2,52,1" doraHai="75" who="1" fromWho="1" sc="200,-22,387,76,209,-22,194,-22" /><INIT seed="1,3,0,4,5,81" ten="178,463,187,172" oya="1" hai0="48,41,9,104,83,59,11,38,101,92,51,15,130" hai1="58,50,67,4,22,6,43,117,69,17,82,28,126" hai2="133,16,64,78,70,128,132,49,25,65,135,122,87" hai3="18,29,2,129,14,34,23,8,134,37,108,100,88"/><U107/><E117/><V76/><F122/><W91/><G37/><T55/><D104/><U32/><E107/><V1/><F1/><W95/><G129/><T72/><D130/><U52/><E32/><V61/><F65/><W114/><G114/><T21/><D38/><U97/><E28/><V39/><F39/><W118/><G118/><T20/><D9/><U80/><E43/><V96/><F96/><W106/><G106/><T110/><D110/><U123/><E123/><V93/><F49/><W42/><G42/><T112/><D112/><U124/><E97/><V19/><F128/><W90/><G108/><T3/><D3/><U113/><E113/><V0/><F0/><W57/><G134/><T105/><D105/><U63/><E82/><V73/><F73/><W60/><G2/><T26/><D72/><U46/><E80/><V13/><F25/><N who="3" m="16575" /><G100/><T62/><D83/><U68/><E68/><V40/><F40/><W127/><G127/><N who="1" m="48682" /><E69/><V103/><F103/><W47/><G47/><T71/><D71/><U125/><N who="1" m="48690" /><U119/><DORA hai="10" /><E119/><V36/><F36/><W56/><G34/><T53/><D41/><U86/><E86/><V109/><F109/><W33/><G33/><T79/><D79/><N who="2" m="30250" /><F13/><AGARI ba="3,0" hai="4,6,13,17,22,46,50,52,58,63,67" m="48690" machi="13" ten="40,7700,0" yaku="18,1,52,1,54,1" doraHai="81,10" who="1" fromWho="2" sc="178,0,463,86,187,-86,172,0" /><INIT seed="1,4,0,1,2,24" ten="178,549,101,172" oya="1" hai0="12,111,100,3,43,122,116,103,55,117,14,107,37" hai1="25,28,127,120,78,29,121,96,134,58,77,88,7" hai2="63,62,87,71,18,105,91,44,20,85,36,15,90" hai3="118,114,98,26,95,38,102,135,126,41,69,5,101"/><U79/><E25/><V74/><F105/><W48/><G114/><T65/><D3/><U94/><E134/><V112/><F74/><W81/><G135/><T22/><D111/><U39/><E39/><V54/><F112/><W51/><G69/><T19/><D122/><U129/><E129/><V0/><F0/><W49/><G126/><T109/><D109/><U75/><E75/><V66/><F36/><W21/><G5/><T108/><D108/><U128/><E128/><V125/><F125/><W40/><G118/><T84/><D65/><U72/><E72/><V27/><F44/><W45/><G40/><T10/><D43/><U6/><E127/><V32/><F54/><W99/><G81/><T68/><D68/><U31/><E121/><V11/><F32/><W131/><G131/><T56/><D37/><U130/><E120/><V124/><F124/><W16/><REACH who="3" step="1"/><G38/><REACH who="3" ten="178,549,101,162" step="2"/><T83/><D116/><U119/><E130/><V97/><F71/><W73/><G73/><T35/><D117/><U89/><E119/><V17/><F66/><W93/><AGARI ba="4,1" hai="16,21,26,41,45,48,49,51,93,95,98,99,101,102" machi="93" ten="20,12000,2" yaku="1,1,0,1,7,1,9,1,8,1,54,1,53,0" doraHai="24" doraHaiUra="59" who="3" fromWho="3" sc="178,-34,549,-64,101,-34,162,142" /><INIT seed="2,0,0,4,4,10" ten="144,485,67,304" oya="2" hai0="27,116,38,25,83,132,18,28,58,110,43,15,54" hai1="13,114,22,97,87,56,12,24,128,109,45,37,76" hai2="79,19,123,64,11,88,85,106,52,8,53,73,62" hai3="118,121,32,65,102,26,55,48,30,46,68,96,1"/><V125/><F123/><W103/><G121/><T3/><D3/><U36/><E114/><V80/><F106/><N who="3" m="63815" /><G103/><T122/><D122/><U20/><E97/><V41/><F125/><W112/><G112/><T77/><D110/><U2/><E2/><V127/><F127/><W31/><G31/><T23/><D132/><U60/><E109/><V34/><F41/><W39/><G39/><T59/><D116/><U67/><E37/><V130/><F34/><W61/><G1/><T49/><D43/><U71/><E71/><V63/><F130/><W115/><G115/><T75/><D38/><U40/><E128/><V119/><F119/><AGARI ba="0,0" hai="26,30,32,46,48,55,61,65,68,118,119" m="63815" machi="119" ten="30,1000,0" yaku="25,1" doraHai="10" who="3" fromWho="2" sc="144,0,485,0,67,-10,304,10" /><INIT seed="3,0,0,3,0,55" ten="144,485,57,314" oya="3" hai0="95,35,33,26,100,28,117,39,79,129,10,0,77" hai1="48,5,43,135,63,62,42,29,87,6,30,92,120" hai2="88,113,104,44,45,15,78,102,114,115,71,130,126" hai3="86,128,47,91,67,116,123,110,46,80,24,59,27"/><W70/><G123/><T134/><D117/><U73/><E120/><V21/><F71/><W17/><G116/><T57/><D39/><U109/><E109/><V122/><F130/><W12/><G128/><T106/><D106/><U53/><E73/><V66/><F126/><W41/><G110/><T127/><D35/><U16/><E135/><V124/><F124/><W2/><G2/><T64/><D134/><U4/><E16/><V51/><F122/><W81/><G70/><T75/><D75/><U76/><E76/><V85/><F78/><W84/><G47/><T112/><D112/><U58/><E87/><V19/><F66/><W34/><G34/><T131/><D127/><U52/><E92/><V60/><F60/><N who="1" m="23081" /><E53/><V9/><F21/><W18/><G18/><T36/><D36/><U61/><E48/><V20/><F20/><W40/><G40/><AGARI ba="0,0" hai="4,5,6,29,30,40,42,43,52,58,61" m="23081" machi="40" ten="30,3900,0" yaku="8,1,52,1,54,1" doraHai="55" who="1" fromWho="3" sc="144,0,485,39,57,0,314,-39" /><INIT seed="4,0,0,2,1,123" ten="144,524,57,275" oya="0" hai0="80,119,53,54,115,33,116,44,61,130,132,111,1" hai1="77,92,113,107,14,7,42,112,81,70,31,85,65" hai2="88,121,47,125,37,122,95,128,104,24,34,30,29" hai3="26,75,109,90,74,93,20,73,72,9,25,87,16"/><T86/><D1/><U68/><E107/><V8/><F104/><W28/><N who="3" m="18432" /><DORA hai="32" /><W3/><G3/><T35/><D115/><N who="1" m="44107" /><E31/><V52/><F125/><W19/><G9/><T126/><D126/><U13/><E42/><V57/><F128/><W27/><G27/><T131/><D132/><U89/><E7/><V94/><F94/><W49/><G49/><T91/><D44/><U59/><E59/><V58/><F58/><W103/><G109/><T4/><D4/><U101/><E101/><V60/><F30/><W97/><REACH who="3" step="1"/><G25/><REACH who="3" ten="144,524,57,265" step="2"/><T38/><D111/><U106/><E14/><V55/><F8/><W48/><G48/><T102/><D130/><U40/><E13/><V66/><F122/><W12/><G12/><T17/><D131/><U6/><E6/><V117/><F121/><W82/><AGARI ba="0,1" hai="16,19,20,26,28,82,87,90,93,97,103" m="18432" machi="82" ten="60,7900,0" yaku="1,1,0,1,54,1,53,0" doraHai="123,32" doraHaiUra="10,135" who="3" fromWho="3" sc="144,-39,524,-20,57,-20,265,89" /><INIT seed="5,0,0,3,0,109" ten="105,504,37,354" oya="1" hai0="82,88,48,92,69,3,54,7,17,46,94,27,87" hai1="49,35,52,81,122,125,13,104,24,97,30,31,131" hai2="16,0,57,15,47,43,120,113,37,108,77,8,84" hai3="56,64,90,115,111,123,100,28,23,93,70,79,39"/><U76/><E122/><V45/><F120/><W121/><G111/><T129/><D69/><U67/><E67/><V74/><F108/><W62/><G39/><T119/><D119/><U127/><E31/><V98/><F84/><W133/><G133/><T22/><REACH who="0" step="1"/><D129/><REACH who="0" ten="95,504,37,354" step="2"/><U21/><E131/><V99/><F0/><W36/><G70/><T63/><D63/><U86/><E127/><V2/><F2/><W60/><G60/><T117/><D117/><U38/><E125/><V101/><F101/><W71/><G100/><T112/><D112/><U126/><E126/><V55/><F113/><W106/><G115/><T10/><AGARI ba="0,1" hai="3,7,10,17,22,27,46,48,54,82,87,88,92,94" machi="10" ten="30,7900,0" yaku="1,1,0,1,54,1,53,1" doraHai="109" doraHaiUra="50" who="0" fromWho="0" sc="95,89,504,-39,37,-20,354,-20" /><INIT seed="6,0,0,2,4,41" ten="184,465,17,334" oya="2" hai0="8,35,57,128,64,30,68,59,34,33,43,27,13" hai1="61,109,100,32,63,77,83,75,135,76,47,131,46" hai2="101,39,62,112,134,72,21,51,85,66,108,55,3" hai3="5,44,65,29,91,94,24,122,92,52,28,111,98"/><V40/><F72/><W74/><G74/><T103/><D128/><U12/><E109/><V102/><F112/><W118/><G111/><T67/><D103/><U42/><E42/><V48/><F108/><W90/><G118/><T0/><D0/><U78/><E75/><V116/><F116/><W117/><G117/><T2/><D2/><U23/><E32/><V22/><F134/><W89/><G65/><T129/><D129/><U16/><E131/><V60/><F3/><W50/><G122/><T70/><D43/><U6/><E135/><V4/><F4/><W106/><G106/><T20/><D64/><U99/><E83/><V126/><F126/><W107/><G5/><T17/><D67/><U114/><E6/><V82/><F39/><W120/><G120/><T49/><D49/><N who="2" m="19018" /><F40/><W130/><G107/><T105/><D105/><U86/><E86/><V80/><F55/><W71/><G71/><T45/><D45/><N who="1" m="16907" /><E114/><V7/><F7/><W10/><G130/><T115/><D115/><U37/><E37/><V95/><F66/><W127/><G127/><T79/><D79/><U123/><E123/><V88/><F82/><W26/><G44/><T121/><D121/><U124/><E124/><V11/><F11/><W53/><G10/><T119/><D119/><U56/><E56/><V125/><F125/><W54/><G50/><T31/><D59/><U73/><E73/><V110/><F110/><W81/><G81/><T25/><D57/><U69/><E69/><V132/><F132/><W87/><G87/><T97/><D68/><U19/><E19/><V14/><F80/><RYUUKYOKU ba="0,0" sc="184,-10,465,30,17,-10,334,-10" hai1="12,16,23,61,63,76,77,78,99,100" /><INIT seed="7,1,0,1,1,52" ten="174,495,7,324" oya="3" hai0="25,96,5,98,134,97,121,50,66,44,13,46,133" hai1="77,61,87,28,108,6,51,125,18,26,93,43,118" hai2="92,81,113,103,63,74,120,53,117,101,91,135,32" hai3="40,76,99,127,80,0,38,3,27,130,132,19,57"/><W33/><G130/><T31/><D66/><U41/><E108/><V11/><F117/><W21/><G132/><T115/><D121/><U15/><E125/><V131/><F32/><W114/><G114/><T59/><D59/><U86/><E6/><V73/><F113/><W30/><G127/><T8/><D115/><U65/><E87/><V68/><F131/><W49/><G38/><T102/><D102/><U82/><E118/><V14/><F135/><N who="0" m="51722" /><D50/><U24/><E93/><V128/><F128/><W2/><G99/><T112/><D112/><U56/><E28/><V23/><F120/><W90/><G90/><T79/><D79/><U55/><E43/><V110/><F110/><W123/><G123/><T109/><D109/><U4/><E4/><V58/><F68/><W29/><G40/><T64/><D64/><U85/><E85/><V111/><F111/><W17/><G76/><T48/><D48/><U72/><E72/><V62/><F74/><W10/><G80/><T67/><D67/><U36/><E36/><V124/><F124/><W12/><G57/><T37/><D37/><U100/><E100/><V126/><F126/><W71/><G49/><T107/><D107/><U16/><E41/><V119/><F119/><W7/><G71/><T122/><D122/><U34/><E34/><AGARI ba="1,0" hai="5,8,13,25,31,34,44,46,96,97,98" m="51722" machi="34" ten="30,1000,0" yaku="20,1" doraHai="52" who="0" fromWho="1" sc="174,13,495,-13,7,0,324,0" owari="187,-21.3,482,58.2,7,-49.3,324,12.4" /></mjloggm>