<mjloggm ver="2.3"><GO type="169" lobby="0"/><UN n0="%E5%A7%AB%E7%95%99" n1="%E3%83%9F%E3%82%B2%E3%83%BC%E3%83%AB%E6%94%B9" n2="%E7%94%9F%E4%BD%93%E3%81%AE%E6%A7%8B%E9%80%A0%31" n3="%E8%B6%85%E7%B5%B6%E5%82%99%E9%95%B7%E7%82%AD" dan="16,16,17,17" rate="2127.85,2200.26,2170.35,2096.08" sx="M,M,M,M"/><TAIKYOKU oya="0"/><INIT seed="0,0,0,3,4,35" ten="250,250,250,250" oya="0" hai0="47,101,111,25,96,29,102,108,65,104,66,135,81" hai1="34,58,132,116,105,115,3,60,84,134,70,16,44" hai2="46,42,110,9,64,14,18,133,4,87,36,93,97" hai3="6,27,71,80,30,22,125,120,76,0,11,95,7"/><T50/><D102/><U45/><E116/><V53/><F110/><N who="0" m="42026" /><D81/><U82/><E34/><V62/><F133/><N who="1" m="51305" /><E70/><V124/><F124/><W119/><G71/><T90/><D90/><N who="1" m="51479" /><E105/><V1/><F87/><W38/><G38/><T99/><D99/><U57/><E115/><V103/><F53/><W61/><G119/><T75/><D75/><U24/><E3/><V117/><F117/><W55/><G125/><T20/><D135/><U49/><E49/><V118/><F118/><W126/><G126/><T89/><D89/><U127/><E127/><V79/><F79/><W92/><G120/><T52/><AGARI ba="0,0" hai="20,25,29,47,50,52,65,66,96,101,104" m="42026" machi="52" ten="30,6000,0" yaku="14,1,10,1,54,1" doraHai="35" who="0" fromWho="0" sc="250,60,250,-20,250,-20,250,-20" /><INIT seed="0,1,0,2,5,81" ten="310,230,230,230" oya="0" hai0="91,118,47,133,85,2,46,24,130,13,70,15,95" hai1="121,120,60,10,78,90,132,114,38,84,94,113,106" hai2="44,28,116,20,134,26,6,111,40,59,68,92,9" hai3="1,30,11,54,123,127,100,93,74,126,88,135,131"/><T14/><D118/><U49/><E38/><V17/><F68/><W79/><G100/><T102/><D2/><U32/><E32/><V82/><F116/><W5/><G30/><T56/><D70/><U110/><E60/><V48/><F111/><W7/><G7/><T96/><D130/><U75/><E49/><V99/><F134/><W71/><G71/><T117/><D117/><U112/><E10/><V104/><F104/><W64/><G64/><T72/><D72/><U22/><E22/><V86/><F59/><W105/><G105/><T53/><D24/><U107/><E110/><V129/><F129/><W39/><G39/><T108/><D133/><U55/><E55/><V89/><F28/><W115/><G115/><T45/><D108/><U3/><E3/><V61/><F61/><W101/><G101/><T67/><D67/><U42/><E42/><V8/><REACH who="2" step="1"/><F6/><REACH who="2" ten="310,230,220,230" step="2"/><W43/><G135/><T58/><REACH who="0" step="1"/><D53/><REACH who="0" ten="300,230,220,230" step="2"/><U23/><E132/><V50/><F50/><W41/><G54/><T18/><D18/><U62/><E62/><V0/><F0/><W125/><G131/><T103/><D103/><AGARI ba="1,2" hai="8,9,17,20,26,40,44,48,82,86,89,92,99,103" machi="103" ten="30,8000,1" yaku="1,1,7,1,8,1,52,1,53,1" doraHai="81" doraHaiUra="80" who="2" fromWho="0" sc="300,-83,230,0,220,103,230,0" /><INIT seed="1,0,0,2,2,28" ten="217,230,323,230" oya="1" hai0="85,5,75,97,20,90,96,62,7,39,45,1,102" hai1="58,52,50,42,112,22,43,116,15,83,126,73,91" hai2="6,64,81,4,12,123,117,35,24,53,119,82,3" hai3="128,66,120,60,84,93,131,109,99,113,54,32,88"/><U94/><E116/><V129/><F64/><W51/><G120/><T26/><D75/><U71/><E71/><V101/><F101/><W108/><G99/><T19/><D1/><U67/><E112/><V23/><F123/><W125/><G32/><T36/><D36/><U122/><E122/><V70/><F70/><N who="3" m="42311" /><G113/><T106/><D96/><U48/><E67/><V40/><F40/><W46/><G125/><T133/><D133/><U68/><E68/><V37/><F37/><W121/><G121/><T87/><D87/><U29/><E126/><V130/><F53/><W17/><G17/><T86/><D86/><U124/><E124/><V98/><F98/><W115/><G115/><T16/><D62/><U110/><E110/><AGARI ba="0,0" hai="46,51,54,84,88,93,108,109,110,128,131" m="42311" machi="110" ten="30,2000,0" yaku="14,1,54,1" doraHai="28" who="3" fromWho="1" sc="217,0,230,-20,323,0,230,20" /><INIT seed="2,0,0,2,5,78" ten="217,210,323,250" oya="2" hai0="19,34,6,29,124,14,65,58,57,93,111,116,80" hai1="69,96,130,83,53,15,119,112,48,5,122,37,89" hai2="1,135,101,117,94,2,97,30,87,132,90,22,70" hai3="98,123,110,41,115,36,86,40,9,52,67,114,75"/><V85/><F70/><W35/><G75/><T28/><D111/><U126/><E119/><V134/><F117/><W108/><G35/><T100/><D116/><U82/><E112/><N who="3" m="43050" /><G123/><T10/><D124/><U20/><E69/><V66/><F66/><W18/><G67/><T16/><D34/><U54/><E37/><V92/><REACH who="2" step="1"/><F85/><REACH who="2" ten="217,210,313,250" step="2"/><W12/><G86/><T13/><D65/><U46/><E122/><V51/><F51/><W32/><G36/><T25/><D58/><U121/><E121/><V7/><F7/><W109/><G109/><T84/><D57/><U74/><E74/><V99/><F99/><W42/><G98/><N who="0" m="59471" /><D6/><U4/><E126/><V120/><F120/><W55/><G110/><T63/><D63/><U88/><E96/><V102/><F102/><W45/><G108/><T43/><D43/><U91/><E130/><V106/><F106/><W33/><G55/><T26/><D29/><U0/><E0/><V73/><F73/><W60/><G60/><T127/><D28/><U129/><E129/><V64/><F64/><W8/><G45/><T118/><D127/><U31/><E54/><V56/><F56/><W71/><G52/><T95/><D118/><U59/><E59/><V11/><F11/><N who="3" m="4171" /><G71/><T61/><D61/><U125/><E125/><V24/><AGARI ba="0,1" hai="1,2,22,24,30,87,90,92,94,97,101,132,134,135" machi="24" ten="40,7800,0" yaku="1,1,0,1,20,1,53,0" doraHai="78" doraHaiUra="103" who="2" fromWho="2" sc="217,-26,210,-26,313,88,250,-26" /><INIT seed="2,1,0,4,4,123" ten="191,184,401,224" oya="2" hai0="22,86,122,53,20,80,77,93,102,45,60,130,112" hai1="21,124,134,52,82,32,29,2,118,91,68,119,7" hai2="88,75,126,87,131,41,38,128,47,44,115,12,46" hai3="67,72,25,129,23,54,135,8,92,42,26,81,64"/><V10/><F115/><W116/><G116/><T27/><D122/><U103/><E68/><V90/><F75/><W96/><G135/><T24/><D112/><U31/><E32/><V5/><F126/><W114/><G114/><T133/><D133/><U71/><E71/><V0/><F0/><W104/><G104/><T1/><D1/><U50/><E134/><V37/><F90/><W65/><G129/><N who="2" m="49737" /><F41/><W43/><G8/><T58/><D130/><U108/><E124/><V70/><F70/><W30/><G72/><T28/><D45/><N who="2" m="11522" /><V121/><DORA hai="62" /><F121/><W16/><G54/><T3/><D3/><U105/><E91/><V101/><F101/><N who="3" m="60551" /><G81/><AGARI ba="1,0" hai="5,10,12,37,38,81,87,88" m="11522,49737" machi="81" ten="40,3900,0" yaku="19,1,54,1" doraHai="123,62" who="2" fromWho="3" sc="191,0,184,0,401,42,224,-42" /><INIT seed="2,2,0,2,0,113" ten="191,184,443,182" oya="2" hai0="54,30,29,115,20,25,129,71,5,128,22,94,40" hai1="31,18,15,95,85,88,120,90,8,43,58,42,79" hai2="35,44,82,87,67,64,24,100,55,34,39,121,9" hai3="74,13,98,105,1,126,76,77,124,107,70,50,38"/><V103/><F121/><W114/><G1/><T73/><D71/><U72/><E120/><V57/><F9/><W23/><G38/><T116/><D73/><U117/><E117/><V131/><F131/><N who="0" m="50250" /><D40/><U99/><E31/><V118/><F118/><W41/><G70/><T84/><D116/><U59/><E79/><V26/><F39/><W83/><G77/><T21/><D115/><U91/><E72/><V61/><F35/><W92/><G114/><T89/><D5/><U7/><E7/><V2/><F2/><W36/><G36/><T32/><D54/><U27/><E27/><AGARI ba="2,0" hai="20,21,22,25,27,29,30,32,84,89,94" m="50250" machi="27" ten="30,1000,0" yaku="19,1" doraHai="113" who="0" fromWho="1" sc="191,16,184,-16,443,0,182,0" /><INIT seed="3,0,0,4,2,45" ten="207,168,443,182" oya="3" hai0="44,85,33,48,93,59,13,52,89,71,41,107,125" hai1="98,0,108,12,123,91,110,131,134,70,28,39,55" hai2="115,109,43,79,77,132,104,95,75,103,4,57,133" hai3="66,26,20,82,102,21,78,128,105,100,87,96,36"/><W83/><G36/><T81/><D125/><U126/><E28/><V54/><F104/><W97/><G128/><T65/><D107/><U88/><E123/><V130/><F115/><W73/><G66/><T8/><D33/><U32/><E32/><V30/><F109/><N who="1" m="42089" /><E0/><V50/><F130/><W22/><G97/><T94/><D65/><U19/><E131/><V37/><F30/><W86/><G102/><T47/><D71/><U49/><E70/><V84/><F75/><W64/><G64/><T2/><D2/><U80/><E39/><V112/><F4/><W7/><G7/><T53/><D44/><N who="1" m="28071" /><E126/><V129/><F112/><W46/><G46/><T127/><D127/><U116/><E116/><V63/><F37/><W3/><G3/><T60/><D41/><U90/><E134/><N who="2" m="51819" /><F129/><W29/><REACH who="3" step="1"/><G73/><REACH who="3" ten="207,168,443,172" step="2"/><T34/><D34/><U38/><E98/><N who="2" m="59871" /><F84/><W18/><G18/><AGARI ba="0,1" hai="8,13,18,47,48,52,53,59,60,81,85,89,93,94" machi="18" ten="30,12000,2" yaku="7,1,25,2,8,1,52,1,54,1" doraHai="45" who="0" fromWho="3" sc="207,130,168,0,443,0,172,-120" /><INIT seed="4,0,0,0,4,50" ten="337,168,443,52" oya="0" hai0="45,14,66,18,61,55,27,68,105,39,115,41,63" hai1="23,112,82,46,126,52,88,86,104,26,109,107,129" hai2="12,51,90,65,7,74,84,47,35,83,9,1,29" hai3="36,130,92,99,110,32,10,128,17,8,75,133,101"/><T49/><D105/><U60/><E109/><V69/><F74/><W122/><G36/><T3/><D3/><U96/><E129/><N who="3" m="49770" /><G32/><T81/><D115/><U120/><E126/><V42/><F1/><W113/><G75/><T67/><D27/><U123/><E112/><V0/><F0/><W48/><G113/><T64/><D81/><U16/><E107/><V34/><F29/><W78/><G78/><T100/><D100/><U20/><E104/><V57/><F69/><W13/><G110/><T118/><D118/><U97/><E123/><V106/><F106/><W22/><G122/><T15/><D15/><N who="1" m="9247" /><E120/><V98/><F98/><W132/><G48/><T117/><D117/><U59/><E46/><V56/><F56/><W125/><G125/><T77/><D77/><U94/><E82/><V37/><F37/><W119/><G119/><T54/><D14/><U102/><E102/><V2/><F2/><W114/><G114/><T124/><D124/><U87/><E97/><V11/><F11/><AGARI ba="0,0" hai="8,10,11,13,17,22,92,99,101,132,133" m="49770" machi="11" ten="30,1000,0" yaku="19,1" doraHai="50" who="3" fromWho="2" sc="337,0,168,0,443,-10,52,10" /><INIT seed="5,0,0,3,1,96" ten="337,168,433,62" oya="1" hai0="14,12,63,59,16,15,32,2,71,60,129,89,37" hai1="68,74,38,39,126,53,91,10,49,31,81,25,3" hai2="98,119,29,67,133,88,44,13,72,46,135,106,131" hai3="48,117,103,123,77,100,28,27,64,11,54,52,57"/><U47/><E68/><V114/><F119/><W108/><G108/><T79/><D2/><U69/><E69/><V6/><F72/><W33/><G64/><T43/><D32/><U8/><E126/><V109/><F109/><W83/><G123/><T5/><D5/><U36/><E3/><V66/><F131/><W51/><G11/><T55/><D129/><U21/><E91/><V125/><F125/><W92/><G92/><T107/><D107/><U115/><E115/><V4/><F29/><W20/><G33/><T122/><D122/><U40/><REACH who="1" step="1"/><E40/><REACH who="1" ten="337,158,433,62" step="2"/><V94/><F114/><W0/><G0/><T82/><D89/><U120/><E120/><V62/><F135/><W17/><G117/><T76/><D43/><U50/><E50/><V75/><F133/><W42/><G42/><T128/><D128/><U70/><E70/><V99/><F88/><W97/><G97/><T19/><D76/><AGARI ba="0,1" hai="8,10,21,25,31,36,38,39,47,49,53,74,76,81" machi="76" ten="40,2000,0" yaku="1,1,53,0" doraHai="96" doraHaiUra="127" who="1" fromWho="0" sc="337,-20,158,30,433,0,62,0" /><INIT seed="5,1,0,0,4,108" ten="317,188,433,62" oya="1" hai0="119,62,106,17,27,2,28,33,96,14,93,109,8" hai1="83,123,120,94,68,38,61,69,86,9,130,134,135" hai2="63,4,40,105,77,107,98,57,73,72,65,11,18" hai3="46,64,12,43,110,23,78,5,113,111,102,100,35"/><U127/><E9/><V34/><F34/><W125/><G35/><T29/><D109/><U126/><E94/><V56/><F18/><W1/><G111/><T91/><D119/><U19/><E19/><V0/><F40/><W84/><G110/><T10/><D29/><U101/><E101/><V71/><F56/><W15/><G1/><T30/><D30/><U13/><E13/><V54/><F98/><W42/><G64/><T117/><D117/><U88/><E38/><V55/><F55/><W85/><G125/><N who="1" m="47626" /><E61/><V21/><F21/><W81/><G43/><T92/><D62/><U39/><E39/><V112/><F112/><W103/><G113/><T3/><D106/><U129/><E69/><V133/><F133/><N who="1" m="50697" /><E68/><V20/><F71/><W26/><G5/><T128/><D10/><U59/><E59/><V124/><F57/><W131/><G85/><T25/><D92/><U41/><E41/><V104/><F63/><W22/><G22/><T36/><D36/><U45/><E45/><V99/><F20/><W89/><G46/><T66/><D66/><U16/><E16/><V67/><F65/><W122/><G42/><T118/><D17/><U70/><E70/><V80/><F67/><W87/><G15/><T52/><D14/><U97/><E97/><V47/><F99/><W50/><G12/><T95/><D96/><U44/><E44/><V49/><F124/><W58/><G58/><T115/><D93/><U121/><AGARI ba="1,0" hai="83,86,88,120,121,123,129,130" m="50697,47626" machi="121" ten="40,18000,2" yaku="30,2,18,1,20,1,34,2,54,1" doraHai="108" who="1" fromWho="1" sc="317,-61,188,183,433,-61,62,-61" /><INIT seed="5,2,0,1,5,14" ten="256,371,372,1" oya="1" hai0="94,67,80,53,93,35,51,36,131,129,1,100,52" hai1="24,8,56,134,106,29,25,125,89,23,18,58,86" hai2="83,3,101,74,95,4,57,34,127,71,70,112,97" hai3="72,120,92,31,73,115,79,6,15,20,113,28,0"/><U63/><E106/><V38/><F34/><W30/><G120/><T43/><D1/><U107/><E107/><V85/><F38/><W7/><G92/><T132/><D35/><U32/><E134/><V75/><F127/><W2/><G79/><T39/><D132/><U104/><E104/><V76/><F112/><N who="3" m="43083" /><G15/><T116/><D116/><U37/><E125/><V135/><F135/><W123/><G20/><T27/><D67/><U40/><E8/><V124/><F124/><W48/><G48/><T87/><D27/><U21/><E32/><V98/><F57/><W42/><G42/><T45/><D39/><U50/><E37/><V128/><F128/><N who="0" m="49226" /><D100/><U77/><E77/><V91/><F74/><N who="3" m="28779" /><G123/><T9/><D9/><U17/><E29/><N who="3" m="7426" /><W22/><DORA hai="44" /><G22/><T105/><D105/><U126/><E126/><V130/><F130/><W99/><G99/><T66/><D66/><U13/><E13/><V16/><F98/><W54/><G54/><N who="0" m="21099" /><D36/><U90/><E86/><V10/><F85/><W11/><G11/><T62/><D62/><U46/><E58/><V69/><F75/><W121/><G121/><T88/><AGARI ba="2,0" hai="43,45,51,80,87,88,93,94" m="21099,49226" machi="88" ten="30,7900,0" yaku="19,1,52,1,54,2" doraHai="14,44" who="0" fromWho="0" sc="256,85,371,-41,372,-22,1,-22" owari="341,14.1,330,-7.0,350,45.0,-21,-52.1" /></mjloggm>