<mjloggm ver="2.3"><GO type="169" lobby="0"/><UN n0="%E4%BA%8C%E9%9A%8E%E5%A0%82%E7%9C%9F%E7%B4%85%E3%81%A1%E3%82%83%E3%82%93" n1="%E2%80%A0%E7%99%BD%E5%85%8E%E2%80%A0" n2="%E3%82%A2%E3%83%A9%E3%82%B5%E3%83%BC%E3%81%A0%E3%82%88%21%21" n3="%41%6C%6C%2D%4C%75%63%6B" dan="16,18,18,16" rate="2162.97,2253.32,2232.09,2092.31" sx="M,M,F,M"/><TAIKYOKU oya="0"/><INIT seed="0,0,0,5,2,40" ten="250,250,250,250" oya="0" hai0="118,128,107,127,61,46,55,30,69,110,131,14,38" hai1="78,53,72,49,84,5,3,56,81,60,48,23,47" hai2="43,54,94,25,62,64,4,19,88,33,18,114,15" hai3="111,11,63,73,130,116,100,92,133,1,120,75,90"/><T29/><D107/><U6/><E3/><V50/><F114/><W134/><G116/><T89/><D89/><U87/><E72/><V96/><F43/><W12/><G1/><T85/><D85/><U101/><E101/><V80/><F80/><W22/><G130/><T45/><D14/><U97/><E97/><V67/><F33/><W39/><G39/><T105/><D105/><U65/><E87/><V108/><F108/><W124/><G120/><T82/><D82/><U112/><E112/><V51/><F51/><W17/><G124/><T74/><D74/><U129/><E129/><N who="0" m="49737" /><D38/><U0/><E0/><V106/><F106/><W57/><G100/><T10/><D10/><U21/><REACH who="1" step="1"/><E49/><REACH who="1" ten="250,240,250,250" step="2"/><V68/><F50/><W2/><G2/><T95/><D127/><U86/><E86/><V91/><F96/><W125/><G125/><T24/><D110/><U93/><E93/><V104/><F94/><W37/><G111/><T36/><D95/><U66/><E66/><V103/><F64/><N who="3" m="39023" /><G37/><T98/><D98/><U70/><E70/><V52/><F104/><W58/><G73/><T7/><D69/><U20/><AGARI ba="0,1" hai="5,6,20,21,23,47,48,53,56,60,65,78,81,84" machi="20" ten="30,8000,1" yaku="1,1,0,1,8,1,52,1,53,1" doraHai="40" doraHaiUra="79" who="1" fromWho="1" sc="250,-40,240,90,250,-20,250,-20" /><INIT seed="1,0,0,0,2,3" ten="210,330,230,230" oya="1" hai0="117,15,63,95,60,32,31,103,70,4,53,96,126" hai1="43,78,120,24,1,85,81,58,6,36,13,127,66" hai2="7,132,40,130,26,61,75,67,101,54,90,107,108" hai3="44,25,133,135,34,5,46,29,48,22,119,91,87"/><U49/><E120/><V124/><F108/><W73/><G73/><T110/><D117/><U116/><E116/><V64/><F132/><N who="3" m="50763" /><G119/><T11/><D126/><U47/><E127/><V69/><F124/><W82/><G34/><T102/><D110/><U23/><E1/><V105/><F75/><W42/><G44/><T104/><D53/><U10/><E36/><V97/><F64/><W111/><G111/><T112/><D112/><U86/><E86/><V59/><F130/><W38/><G5/><T12/><D12/><U51/><E51/><AGARI ba="0,0" hai="22,25,29,38,42,46,48,51,82,87,91" m="50763" machi="51" ten="30,1000,0" yaku="20,1" doraHai="3" who="3" fromWho="1" sc="210,0,330,-10,230,0,230,10" /><INIT seed="2,0,0,1,5,121" ten="210,320,230,240" oya="2" hai0="122,55,71,25,130,91,133,62,77,5,61,47,98" hai1="43,50,57,16,84,2,39,65,105,117,109,120,131" hai2="123,37,40,88,94,46,102,10,95,29,116,100,17" hai3="35,14,124,135,74,101,67,11,7,82,53,21,89"/><V49/><F123/><W115/><G35/><T69/><D77/><U112/><E120/><V87/><F116/><W15/><G135/><T78/><D78/><U72/><E72/><V4/><F29/><W81/><G124/><T34/><D34/><U56/><E2/><V113/><F113/><W26/><G67/><T8/><D130/><U20/><E105/><V58/><F17/><W90/><G101/><T6/><D47/><U59/><E117/><V30/><F30/><W119/><G115/><T42/><D42/><U13/><E39/><V132/><F132/><W134/><G134/><T126/><D25/><U114/><E131/><V18/><F18/><N who="3" m="10455" /><G26/><T0/><D6/><U70/><E109/><V3/><REACH who="2" step="1"/><F94/><REACH who="2" ten="210,320,220,240" step="2"/><W103/><G119/><T23/><D122/><U12/><E16/><V128/><F128/><W51/><G7/><T75/><D133/><U97/><E114/><V41/><F41/><W24/><G24/><T36/><D5/><U111/><E43/><V68/><F68/><W93/><G93/><T125/><D71/><U19/><E19/><V64/><F64/><W33/><G33/><T99/><D69/><U80/><E65/><V96/><F96/><W73/><G53/><AGARI ba="0,1" hai="3,4,10,37,40,46,49,53,58,87,88,95,100,102" machi="53" ten="40,3900,0" yaku="1,1,54,1,53,0" doraHai="121" doraHaiUra="60" who="2" fromWho="3" sc="210,0,320,0,220,49,240,-39" /><INIT seed="2,1,0,1,1,78" ten="210,320,269,201" oya="2" hai0="16,39,70,97,134,9,3,68,0,109,108,51,56" hai1="36,112,53,38,107,65,6,63,34,29,18,87,27" hai2="74,104,132,75,91,49,52,41,4,124,130,81,5" hai3="30,127,96,69,35,84,12,119,106,23,59,101,22"/><V94/><F104/><W60/><G127/><T20/><D97/><U100/><E112/><V88/><F124/><W113/><G119/><T25/><D39/><U95/><E6/><V117/><F117/><W54/><G12/><N who="0" m="7183" /><D56/><U71/><E18/><V62/><F130/><W121/><G121/><T102/><D51/><U55/><E95/><V85/><F132/><W122/><G122/><T42/><D42/><U118/><E87/><N who="2" m="50287" /><F75/><W50/><G84/><T99/><D102/><U126/><E126/><V33/><F33/><W8/><G8/><T120/><D99/><N who="1" m="61855" /><E118/><V28/><F28/><W11/><G11/><T111/><D120/><U61/><E61/><V67/><F67/><N who="3" m="41191" /><G113/><T83/><D83/><U58/><E58/><N who="2" m="35143" /><F74/><W129/><G129/><T125/><D125/><U17/><E38/><V114/><F114/><W92/><G106/><T37/><D37/><U7/><E36/><V14/><F14/><W31/><G35/><T72/><D72/><U103/><E34/><V135/><F135/><W26/><G31/><N who="0" m="17831" /><D134/><U105/><E105/><V44/><AGARI ba="1,0" hai="4,5,41,44,49,85,91,94" m="35143,50287" machi="44" ten="30,11700,0" yaku="8,1,52,1,54,2" doraHai="78" who="2" fromWho="2" sc="210,-40,320,-40,269,120,201,-40" /><INIT seed="2,2,0,4,5,50" ten="170,280,389,161" oya="2" hai0="81,79,122,82,77,44,38,93,127,88,18,21,92" hai1="36,6,49,43,85,60,7,2,72,99,8,1,56" hai2="84,134,107,34,28,32,25,19,96,39,51,80,29" hai3="52,78,132,73,27,68,119,40,83,69,59,67,74"/><V20/><F39/><W86/><G119/><T125/><D38/><U120/><E72/><V70/><F70/><W110/><G110/><T14/><D122/><U58/><E36/><V91/><F134/><W46/><G132/><T22/><D44/><U31/><E120/><V30/><F107/><W128/><G128/><T17/><REACH who="0" step="1"/><D14/><REACH who="0" ten="160,280,389,161" step="2"/><U0/><E0/><V105/><F25/><W13/><G13/><T45/><D45/><U97/><E1/><V15/><F15/><W4/><G27/><T126/><D126/><U66/><E2/><V9/><F32/><W130/><G130/><T33/><D33/><U12/><E12/><V98/><F34/><W55/><G4/><T118/><D118/><U124/><E6/><V11/><F11/><W42/><G46/><T102/><D102/><U95/><E124/><V90/><F9/><W104/><G104/><T47/><D47/><U10/><E10/><V87/><F105/><W5/><G5/><T101/><D101/><U133/><E133/><V37/><F37/><W3/><G3/><T108/><D108/><U94/><E8/><V24/><F24/><W76/><G67/><T117/><D117/><U48/><E66/><V53/><F20/><W16/><G59/><T64/><D64/><U114/><E58/><N who="2" m="33087" /><F19/><W113/><G42/><T103/><D103/><U41/><E43/><V61/><F29/><W109/><G40/><T26/><D26/><U131/><E41/><V23/><F30/><W89/><G109/><T111/><D111/><U112/><E7/><V121/><F121/><W100/><G100/><T75/><D75/><RYUUKYOKU ba="2,1" sc="160,30,280,-10,389,-10,161,-10" hai0="17,18,21,22,77,79,81,82,88,92,93,125,127" /><INIT seed="3,3,1,5,1,12" ten="190,270,379,151" oya="3" hai0="134,127,62,85,39,111,63,58,90,7,29,104,94" hai1="47,33,91,9,103,51,73,71,68,57,14,125,35" hai2="31,56,102,74,80,69,16,78,46,109,30,122,23" hai3="116,19,28,18,0,10,3,52,64,26,27,131,114"/><W107/><G107/><T112/><D39/><U87/><E73/><V95/><F109/><W61/><G116/><T108/><D104/><U97/><E57/><V132/><F69/><W84/><G114/><T92/><D127/><U83/><E125/><V124/><F124/><W4/><G131/><T36/><D36/><U77/><E71/><V21/><F21/><W70/><G0/><T45/><D45/><U89/><E68/><V34/><F34/><W133/><G133/><T41/><D41/><U126/><E126/><V42/><F132/><W38/><G38/><T40/><D40/><N who="1" m="25063" /><E33/><V82/><F82/><W99/><G26/><T59/><D29/><U15/><E15/><V60/><F95/><W49/><G84/><T101/><D7/><N who="1" m="3391" /><E35/><V55/><F102/><W121/><G99/><T67/><D112/><U123/><E123/><V117/><F117/><W20/><G121/><T96/><REACH who="0" step="1"/><D134/><REACH who="0" ten="180,270,379,151" step="2"/><U93/><AGARI ba="3,2" hai="77,83,87,89,91,93,97,103" m="3391,25063" machi="93" ten="30,2000,0" yaku="25,1,8,1" doraHai="12" who="1" fromWho="1" sc="180,-8,270,49,379,-8,151,-13" /><INIT seed="4,0,0,4,3,109" ten="172,319,371,138" oya="0" hai0="122,131,58,98,59,81,97,63,102,72,4,25,118" hai1="45,90,51,17,135,41,83,1,86,71,132,14,130" hai2="78,116,11,111,85,113,36,107,2,112,47,65,39" hai3="33,12,52,119,92,7,105,23,42,108,80,61,67"/><T96/><D122/><U104/><E104/><V24/><F111/><W84/><G33/><T53/><D118/><U10/><E71/><V44/><F107/><W100/><G105/><T126/><D131/><U18/><E1/><V37/><F116/><W73/><G73/><T76/><D126/><U34/><E34/><V57/><F24/><W115/><G108/><T40/><D40/><U127/><E130/><V123/><F123/><W29/><G42/><T9/><D58/><U103/><E103/><V19/><F78/><W30/><G119/><T35/><D25/><U120/><E120/><V48/><F85/><W66/><G30/><T70/><D70/><U68/><E68/><V129/><F129/><W75/><G75/><T79/><D79/><U20/><E127/><V16/><F2/><W88/><G115/><N who="2" m="44105" /><F11/><N who="3" m="4223" /><G100/><T99/><D35/><U26/><AGARI ba="0,0" hai="10,14,17,18,20,26,41,45,51,83,86,90,132,135" machi="26" ten="30,1100,0" yaku="0,1" doraHai="109" who="1" fromWho="1" sc="172,-5,319,11,371,-3,138,-3" /><INIT seed="5,0,0,1,3,0" ten="167,330,368,135" oya="1" hai0="130,76,116,60,86,12,135,18,44,25,118,91,33" hai1="48,102,134,8,125,103,56,93,122,15,121,20,1" hai2="67,132,69,97,111,35,92,24,65,26,131,2,13" hai3="83,58,95,28,77,109,45,7,9,29,31,105,133"/><U16/><E125/><V124/><F111/><W63/><G105/><T14/><D76/><U23/><E134/><V17/><F2/><W43/><G133/><T39/><D135/><U88/><E122/><V126/><F132/><W5/><G95/><T72/><D72/><U70/><E70/><V54/><F131/><W66/><G9/><T114/><D60/><U110/><E110/><V53/><F69/><W78/><G109/><T84/><D84/><U40/><E121/><V89/><F35/><W68/><G68/><T85/><D14/><U3/><E3/><V50/><F54/><W34/><G34/><T59/><D59/><U117/><E117/><V112/><F112/><W99/><G99/><T123/><D86/><N who="1" m="52375" /><E1/><V55/><F55/><W71/><G71/><T115/><D18/><U120/><E120/><V94/><F94/><W64/><G64/><N who="2" m="24649" /><F126/><W32/><G32/><T10/><D123/><U27/><E56/><N who="2" m="32823" /><F124/><W61/><G61/><T36/><D33/><U127/><E127/><V51/><F51/><N who="3" m="27071" /><G83/><T21/><D39/><U108/><E108/><V74/><F74/><W37/><G37/><T19/><D118/><U11/><E103/><V38/><F38/><W4/><AGARI ba="0,0" hai="4,5,7,28,29,31,58,63,66,77,78" m="27071" machi="4" ten="30,7900,0" yaku="8,1,52,3" doraHai="0" who="3" fromWho="3" sc="167,-20,330,-39,368,-20,135,79" /><INIT seed="6,0,0,5,0,102" ten="147,291,348,214" oya="2" hai0="82,108,99,90,130,18,51,120,106,31,65,38,128" hai1="42,29,25,66,68,35,83,0,111,9,6,93,15" hai2="73,61,27,39,129,14,131,107,97,13,20,113,76" hai3="11,78,24,46,91,53,109,71,125,84,118,86,12"/><V80/><F39/><W119/><G109/><T115/><D38/><U103/><E111/><V3/><F3/><W43/><G71/><T89/><D108/><U8/><E42/><V10/><F113/><W87/><G125/><T64/><D18/><U96/><E83/><V1/><F1/><W19/><G78/><T48/><D82/><U30/><E30/><V79/><F79/><W77/><G77/><T37/><D37/><U72/><E66/><V122/><F61/><W5/><G53/><T36/><D36/><U124/><E68/><V81/><F81/><W50/><G119/><T116/><D99/><U60/><E60/><V69/><F122/><W16/><G118/><T55/><D116/><U126/><REACH who="1" step="1"/><E72/><REACH who="1" ten="147,281,348,214" step="2"/><V32/><F80/><N who="3" m="49543" /><G24/><T21/><D120/><U44/><E44/><V101/><F69/><W34/><G34/><T40/><D40/><U98/><E98/><V49/><F32/><W58/><G58/><T121/><D121/><U41/><E41/><V47/><F27/><W62/><G62/><T92/><D115/><U52/><E52/><V105/><F73/><W123/><G123/><T23/><D55/><U2/><E2/><V54/><F47/><W127/><G127/><T133/><D31/><U70/><E70/><V110/><F110/><W114/><G114/><T104/><REACH who="0" step="1"/><D133/><REACH who="0" ten="137,281,348,214" step="2"/><U135/><E135/><V26/><F54/><W63/><G63/><T57/><D57/><U67/><E67/><V22/><F97/><W100/><G43/><T85/><D85/><U75/><E75/><V7/><F129/><W88/><G86/><T56/><D56/><RYUUKYOKU ba="0,2" sc="137,15,281,15,348,-15,214,-15" hai0="21,23,48,51,64,65,89,90,92,104,106,128,130" hai1="0,6,8,9,15,25,29,35,93,96,103,124,126" /><INIT seed="7,1,2,4,5,16" ten="152,296,333,199" oya="3" hai0="71,90,120,67,97,15,113,100,130,13,59,118,42" hai1="17,125,38,37,134,14,66,110,26,99,122,55,33" hai2="109,115,5,80,62,111,86,32,41,19,81,53,39" hai3="29,10,9,89,0,49,27,47,95,128,40,8,18"/><W21/><G128/><T88/><D120/><U108/><E122/><V61/><F32/><W123/><G123/><T44/><D118/><U72/><E72/><V52/><F39/><W74/><G74/><T6/><D71/><U64/><E125/><V131/><F41/><W68/><G68/><T106/><D130/><U31/><E134/><V48/><F131/><W63/><G63/><T24/><D113/><U36/><E55/><V98/><F5/><W133/><G133/><T34/><D59/><U85/><E85/><V87/><F19/><W73/><G73/><T7/><D67/><U78/><E78/><V101/><F115/><W105/><G105/><T107/><D107/><U22/><REACH who="1" step="1"/><E99/><REACH who="1" ten="152,286,333,199" step="2"/><V12/><F98/><N who="3" m="57711" /><G0/><T116/><D116/><U11/><E11/><V3/><F3/><W4/><G4/><T77/><D77/><U65/><AGARI ba="1,3" hai="14,17,22,26,31,33,36,37,38,64,65,66,108,110" machi="65" ten="40,12000,2" yaku="1,1,0,1,52,1,53,3" doraHai="16" doraHaiUra="60" who="1" fromWho="1" sc="152,-31,286,153,333,-31,199,-61" owari="121,-37.9,439,53.9,302,10.2,138,-26.2" /></mjloggm>