<mjloggm ver="2.3"><GO type="169" lobby="0"/><UN n0="%E3%83%80%E3%83%95%E3%83%88%E3%83%91%E3%83%B3%E3%83%84" n1="%E3%81%82%E3%81%BE%E3%81%82%E3%82%93" n2="%E6%A8%99" n3="%6C%61%79%65%72%38%31" dan="17,17,16,17" rate="2228.76,2126.16,2152.81,2159.38" sx="M,M,M,M"/><TAIKYOKU oya="0"/><INIT seed="0,0,0,4,4,21" ten="250,250,250,250" oya="0" hai0="95,115,82,100,76,20,3,62,97,79,61,54,9" hai1="83,127,43,75,106,93,44,118,116,128,71,4,91" hai2="41,134,88,64,121,87,16,108,6,59,23,98,55" hai3="47,135,29,60,102,113,129,90,19,78,77,46,17"/><T52/><D115/><U126/><E71/><V13/><F121/><W85/><G129/><T25/><D3/><U27/><E4/><V65/><F134/><W31/><G135/><T89/><D9/><U28/><E106/><V109/><F41/><W125/><G125/><N who="1" m="47626" /><E83/><V84/><F6/><W48/><G102/><T1/><D1/><U92/><E75/><V74/><F74/><W30/><G60/><N who="0" m="23147" /><D100/><U22/><E128/><V72/><F72/><W53/><G47/><T45/><D82/><U63/><E63/><N who="2" m="36351" /><F98/><W130/><G130/><T66/><D66/><U122/><E122/><V14/><F14/><W70/><G70/><T0/><D0/><U73/><E73/><V51/><F51/><W32/><G32/><T133/><D133/><U49/><E93/><N who="2" m="54407" /><F87/><AGARI ba="0,0" hai="22,27,28,43,44,49,87,91,92,116,118" m="47626" machi="87" ten="30,2000,0" yaku="18,1,52,1" doraHai="21" who="1" fromWho="2" sc="250,0,250,20,250,-20,250,0" /><INIT seed="1,0,0,1,2,110" ten="250,270,230,250" oya="1" hai0="11,2,60,84,57,131,95,61,43,34,5,82,109" hai1="12,17,124,65,118,76,72,10,120,9,41,26,18" hai2="0,85,15,67,22,112,117,4,75,105,28,89,50" hai3="114,62,128,32,48,1,38,106,25,98,21,87,129"/><U71/><E118/><V93/><F117/><W49/><G38/><T19/><D131/><N who="3" m="50249" /><G1/><T103/><D109/><U3/><E120/><V69/><F75/><W79/><G32/><T108/><D108/><U47/><E124/><V64/><F64/><W119/><BYE who="2" /><G62/><UN n2="%E6%A8%99" /><T92/><D43/><U132/><E132/><V91/><F105/><W88/><G79/><T80/><D34/><U27/><E71/><V14/><F0/><W44/><G114/><T51/><D51/><U63/><E72/><V121/><F121/><W70/><G70/><T78/><D82/><U77/><E3/><V127/><F127/><W97/><G49/><T99/><D95/><U90/><E76/><V74/><F74/><W66/><G66/><T58/><D61/><U122/><E77/><V35/><F35/><W30/><G106/><T52/><D58/><U107/><E107/><V116/><F116/><W111/><G111/><T56/><D57/><U81/><E122/><V6/><F67/><W59/><G59/><T100/><D19/><U113/><E113/><V23/><F69/><W133/><G133/><T68/><REACH who="0" step="1"/><D68/><REACH who="0" ten="240,270,230,250" step="2"/><U13/><E63/><V104/><F104/><W7/><G119/><T8/><D8/><U101/><E65/><V135/><F93/><N who="3" m="54431" /><G7/><T130/><D130/><U33/><E33/><V115/><F50/><W39/><G39/><T24/><D24/><U31/><E26/><V29/><F135/><W54/><AGARI ba="0,1" hai="21,25,30,44,48,54,97,98" m="54431,50249" machi="54" ten="30,2000,0" yaku="19,1,54,1" doraHai="110" who="3" fromWho="3" sc="240,-5,270,-10,230,-5,250,30" /><INIT seed="2,0,0,2,4,32" ten="235,260,225,280" oya="2" hai0="82,103,11,116,104,70,79,39,18,86,107,113,96" hai1="9,121,16,105,71,109,63,56,92,88,131,51,23" hai2="15,52,100,8,55,129,50,13,12,119,61,128,2" hai3="1,74,69,134,54,31,4,80,84,135,38,33,120"/><V75/><F119/><W14/><G120/><T25/><D39/><U3/><E105/><V68/><F75/><W73/><G69/><T5/><D70/><U89/><E121/><V76/><F76/><W46/><G14/><T21/><D113/><U95/><E109/><V117/><F117/><W60/><G31/><T85/><D116/><U122/><E122/><V57/><F100/><W126/><G33/><T102/><D102/><U36/><E36/><V49/><F68/><W108/><G108/><T45/><D45/><U123/><E131/><N who="2" m="50251" /><F55/><W24/><G24/><T112/><D112/><U28/><E28/><V42/><F42/><W53/><G126/><T7/><D107/><U67/><E123/><V77/><F77/><W90/><G73/><T48/><D48/><U114/><E51/><V72/><F72/><W29/><G29/><T91/><D11/><U93/><E114/><V81/><F81/><AGARI ba="0,0" hai="5,7,18,21,25,79,81,82,85,86,91,96,103,104" machi="81" ten="30,1000,0" yaku="7,1" doraHai="32" who="0" fromWho="2" sc="235,10,260,0,225,-10,280,0" /><INIT seed="3,0,0,3,3,45" ten="245,260,215,280" oya="3" hai0="78,44,19,116,74,32,71,64,57,98,54,82,67" hai1="120,14,23,81,97,6,91,56,69,33,18,35,27" hai2="60,77,30,110,72,66,43,61,75,87,105,50,117" hai3="29,79,121,41,24,128,7,129,55,132,53,59,47"/><W100/><G121/><T3/><D116/><U51/><E69/><V133/><F117/><W26/><G7/><T122/><D122/><U73/><E120/><V22/><F105/><W4/><G4/><T101/><D32/><U5/><E73/><V106/><F106/><W76/><G100/><T104/><D3/><U34/><E97/><V38/><F38/><W114/><G114/><T65/><D44/><U113/><E113/><V130/><F110/><W10/><G10/><T123/><D123/><U8/><E6/><V127/><F133/><W15/><G15/><T28/><D28/><U86/><REACH who="1" step="1"/><E56/><REACH who="1" ten="245,250,215,280" step="2"/><V25/><F75/><W118/><G59/><T2/><D2/><U88/><E88/><V96/><F72/><W20/><G118/><T58/><D58/><U40/><E40/><V1/><F130/><W109/><G41/><T48/><REACH who="0" step="1"/><D19/><REACH who="0" ten="235,250,215,280" step="2"/><U93/><E93/><V125/><F1/><W37/><G128/><T52/><D52/><U103/><E103/><V92/><F66/><W99/><G55/><T31/><D31/><U119/><E119/><V70/><F70/><AGARI ba="0,2" hai="48,54,57,64,65,67,70,71,74,78,82,98,101,104" machi="70" ten="40,2600,0" yaku="1,1,52,1,53,0" doraHai="45" doraHaiUra="83" who="0" fromWho="2" sc="235,46,250,0,215,-26,280,0" /><INIT seed="4,0,0,5,1,107" ten="281,250,189,280" oya="0" hai0="28,95,84,86,64,14,99,76,133,55,79,9,89" hai1="132,30,101,17,53,19,35,49,38,122,93,105,0" hai2="26,110,72,7,70,56,43,125,45,65,128,127,120" hai3="126,41,3,15,32,108,59,67,11,63,50,129,118"/><T54/><D133/><U113/><E38/><V71/><F120/><W80/><G108/><T100/><D28/><U88/><E122/><V42/><F110/><W96/><G118/><T130/><D130/><U4/><E132/><V10/><F26/><W22/><G126/><N who="2" m="48137" /><F128/><W92/><G32/><T111/><D64/><U124/><E124/><V83/><F56/><W27/><G3/><T2/><D2/><U29/><E113/><V114/><F114/><W25/><G80/><T23/><D23/><U119/><E119/><V135/><F135/><W73/><G73/><T116/><D111/><U62/><E62/><V51/><F65/><W20/><G129/><T48/><D116/><U21/><E35/><V78/><F42/><W115/><G115/><T106/><D86/><U82/><E105/><V68/><F68/><W112/><G112/><T24/><D24/><N who="3" m="9289" /><G50/><T13/><D13/><AGARI ba="0,0" hai="7,10,13,43,45,51,70,71,72,78,83" m="48137" machi="13" ten="30,2000,0" yaku="18,1,52,1" doraHai="107" who="2" fromWho="0" sc="281,-20,250,0,189,20,280,0" /><INIT seed="5,0,0,4,0,10" ten="261,250,209,280" oya="1" hai0="0,94,117,76,53,91,111,105,26,79,49,34,28" hai1="42,131,103,33,75,86,60,107,113,64,4,133,132" hai2="90,89,82,8,23,35,56,21,59,95,92,57,54" hai3="98,69,44,36,55,104,14,45,134,121,119,110,24"/><U74/><E33/><V43/><F35/><W39/><G110/><T48/><D117/><U120/><E120/><V77/><F43/><W126/><G121/><T2/><D111/><U73/><E113/><V40/><F40/><W16/><G69/><T15/><D105/><U80/><E42/><V29/><F29/><W46/><G126/><T83/><D49/><U12/><E131/><V101/><F101/><W58/><G134/><N who="1" m="51818" /><E103/><V130/><F8/><W52/><G119/><T99/><D79/><N who="1" m="46367" /><E107/><V108/><F108/><W6/><G104/><T128/><D128/><U68/><E4/><V7/><F7/><W18/><G98/><T129/><D129/><U96/><E96/><V127/><F54/><W27/><G6/><T66/><D66/><U123/><E123/><V118/><F118/><W125/><G125/><T114/><D114/><U72/><E75/><V65/><F65/><W70/><G70/><T81/><D81/><U3/><E3/><V84/><F130/><W11/><G55/><T106/><D106/><U102/><E102/><V5/><F5/><W71/><G71/><T62/><D0/><U93/><E93/><N who="2" m="35915" /><F127/><W30/><G18/><T20/><D2/><U37/><E37/><V61/><F61/><W9/><G9/><T88/><D62/><U25/><E74/><V85/><F85/><W97/><G97/><T78/><D83/><U38/><E38/><N who="3" m="14378" /><G30/><T13/><D91/><AGARI ba="0,0" hai="21,23,56,57,59,77,82,84,89,90,91" m="35915" machi="91" ten="30,1000,0" yaku="8,1" doraHai="10" who="2" fromWho="0" sc="261,-10,250,0,209,10,280,0" /><INIT seed="6,0,0,4,2,118" ten="251,250,219,280" oya="2" hai0="19,63,88,69,46,27,79,101,87,50,56,104,109" hai1="106,21,120,102,36,31,54,131,14,60,4,74,5" hai2="112,37,82,61,133,67,86,124,78,2,71,107,38" hai3="48,100,135,83,7,13,132,52,17,3,126,18,24"/><V70/><F133/><N who="3" m="51275" /><G126/><T57/><D109/><U9/><E36/><V65/><F124/><W105/><G3/><T23/><D79/><U68/><E74/><V43/><F112/><W26/><G7/><T8/><D104/><U55/><E131/><V11/><F107/><W113/><G113/><T93/><D101/><U29/><E5/><V130/><F130/><W20/><G83/><T134/><D134/><U125/><E125/><V76/><F43/><W49/><G49/><T127/><D127/><U110/><E110/><V64/><F78/><W116/><G116/><T10/><D69/><U15/><E29/><V115/><F115/><W99/><G18/><T81/><D81/><U33/><E21/><V122/><F122/><W16/><G17/><T98/><D87/><U42/><E42/><V0/><F67/><W47/><AGARI ba="0,0" hai="13,16,20,24,26,47,48,52,99,100,105" m="51275" machi="47" ten="30,4000,0" yaku="20,1,54,2" doraHai="118" who="3" fromWho="3" sc="251,-10,250,-10,219,-20,280,40" /><INIT seed="7,0,0,3,2,17" ten="241,240,199,320" oya="3" hai0="88,105,98,18,97,106,102,54,55,45,30,6,36" hai1="1,89,4,25,15,60,123,28,41,71,82,7,5" hai2="12,35,51,111,38,117,31,65,3,91,118,116,27" hai3="77,16,10,22,79,58,0,125,33,95,8,78,70"/><W112/><G33/><T53/><D30/><U73/><E123/><V130/><F111/><W92/><G70/><T32/><D32/><U110/><E110/><V120/><F120/><W93/><G112/><T29/><D29/><U57/><E1/><V90/><F38/><W134/><G134/><T131/><D6/><U104/><E104/><V56/><F3/><W83/><G125/><T13/><D131/><U76/><E41/><V84/><F130/><W46/><G0/><T67/><D67/><U64/><E89/><V61/><F51/><W26/><G46/><T23/><D36/><U24/><E15/><V52/><F65/><W19/><G83/><T50/><REACH who="0" step="1"/><D88/><REACH who="0" ten="231,240,199,320" step="2"/><U113/><E28/><V14/><REACH who="2" step="1"/><F90/><REACH who="2" ten="231,240,189,320" step="2"/><W63/><G78/><T121/><D121/><U42/><E76/><V48/><F48/><W21/><G77/><T115/><D115/><U9/><E113/><V94/><AGARI ba="0,2" hai="12,14,27,31,35,52,56,61,84,91,94,116,117,118" machi="94" ten="30,7900,0" yaku="1,1,0,1,54,1,53,1" doraHai="17" doraHaiUra="80" who="2" fromWho="2" sc="231,-20,240,-20,189,99,320,-39" /><INIT seed="8,0,0,2,2,106" ten="211,220,288,281" oya="0" hai0="88,120,87,17,108,1,75,127,48,84,97,16,46" hai1="74,32,66,117,18,27,40,50,14,103,21,119,107" hai2="102,69,33,20,71,52,101,22,115,104,65,38,118" hai3="58,76,10,57,12,126,70,105,134,82,114,113,19"/><T54/><D120/><U53/><E40/><V78/><F115/><N who="3" m="44043" /><G105/><T81/><D1/><U124/><E66/><V61/><F38/><W45/><G70/><T60/><D108/><U49/><E124/><V3/><F3/><W0/><G45/><T25/><D127/><U47/><E50/><V9/><F118/><N who="1" m="45065" /><E74/><V11/><F33/><W67/><G0/><T128/><D128/><U41/><E41/><V99/><F101/><W100/><G100/><T122/><D122/><U86/><E86/><V73/><F69/><W34/><G34/><T95/><D75/><U63/><E63/><V123/><F123/><W62/><G58/><N who="0" m="34903" /><D25/><U29/><E103/><V112/><F112/><W7/><G7/><T5/><D5/><U89/><E107/><V80/><F52/><W111/><G111/><T121/><D121/><U98/><E98/><V132/><F132/><W90/><G90/><AGARI ba="0,0" hai="14,18,21,27,29,32,47,49,53,89,90" m="45065" machi="90" ten="30,1000,0" yaku="16,1" doraHai="106" who="1" fromWho="3" sc="211,0,220,10,288,0,281,-10" /><INIT seed="9,0,0,1,1,35" ten="211,230,288,271" oya="1" hai0="66,134,45,41,83,34,91,114,117,86,16,73,49" hai1="105,96,20,28,119,121,92,54,88,89,131,43,132" hai2="118,26,57,90,124,0,102,21,9,79,98,122,32" hai3="50,108,72,97,59,24,133,129,58,95,10,33,70"/><U68/><E121/><V1/><F122/><W84/><G108/><T19/><D117/><U39/><E68/><V106/><F32/><W13/><G129/><T110/><D110/><U82/><E105/><V100/><F100/><W14/><G133/><T25/><D134/><U101/><E132/><V76/><F124/><W3/><G72/><T125/><D125/><U69/><E69/><V27/><F27/><W126/><G70/><T112/><D73/><U67/><E67/><V74/><F118/><W47/><G84/><T103/><D103/><U81/><E39/><V80/><F79/><W48/><G33/><T60/><D34/><U5/><E43/><V17/><F9/><W104/><G104/><T37/><D37/><U71/><E71/><V135/><F135/><W78/><G78/><T113/><REACH who="0" step="1"/><D25/><REACH who="0" ten="201,230,288,271" step="2"/><N who="1" m="16423" /><E119/><V30/><F30/><W123/><G24/><T116/><D116/><U38/><E38/><V65/><F90/><N who="1" m="34921" /><E131/><V22/><F22/><W4/><G126/><T128/><D128/><U109/><E109/><V75/><F75/><W2/><G123/><T40/><D40/><U107/><E107/><V7/><F106/><W115/><G115/><T23/><D23/><U61/><E5/><V55/><F7/><W111/><G111/><T99/><D99/><U12/><E12/><V18/><F98/><W15/><G4/><T87/><D87/><U31/><E31/><N who="2" m="17871" /><F102/><W62/><G14/><T77/><D77/><U46/><E61/><V130/><F130/><W127/><G127/><T8/><D8/><U64/><E64/><V29/><F65/><W44/><G62/><RYUUKYOKU ba="0,1" sc="201,15,230,15,288,-15,271,-15" hai0="16,19,41,45,49,60,66,83,86,91,112,113,114" hai1="46,54,81,82,92,96,101" /><INIT seed="9,1,1,3,2,109" ten="216,245,273,256" oya="1" hai0="133,63,128,92,60,99,84,51,123,94,55,36,70" hai1="26,47,125,74,90,33,98,24,121,64,134,85,124" hai2="71,35,30,27,111,97,79,107,18,100,12,117,101" hai3="132,32,119,65,80,83,42,11,73,77,53,104,76"/><U130/><E74/><V131/><F111/><W39/><G132/><T57/><D128/><U93/><E121/><V52/><F131/><W3/><G104/><T129/><D133/><U43/><E134/><V31/><F71/><W16/><G32/><T58/><D129/><U4/><E130/><V82/><F101/><W78/><G119/><T15/><D123/><U1/><E64/><V41/><F31/><W0/><G65/><T118/><D118/><U45/><E33/><V86/><F117/><W108/><G108/><T126/><D126/><N who="1" m="48747" /><E98/><V13/><F41/><W87/><G77/><T120/><D120/><U38/><E47/><V68/><F68/><W8/><G42/><T7/><D36/><U96/><E96/><V88/><F52/><W40/><G40/><T10/><D70/><U6/><E6/><V67/><F67/><W56/><G39/><T115/><D115/><U114/><E114/><V127/><F127/><W116/><G116/><T95/><D84/><U75/><E75/><N who="2" m="43391" /><F18/><W29/><G29/><T28/><D28/><U61/><E61/><N who="0" m="23625" /><D58/><U106/><E106/><V37/><F37/><W21/><G56/><T46/><D57/><U14/><E14/><V81/><F12/><W44/><G53/><T22/><D22/><U25/><E25/><V5/><F13/><N who="3" m="9359" /><G44/><T91/><AGARI ba="1,1" hai="7,10,15,46,51,55,91,92,94,95,99" m="23625" machi="91" ten="30,1100,0" yaku="8,1" doraHai="109" who="0" fromWho="0" sc="216,24,245,-6,273,-4,256,-4" /><INIT seed="10,0,0,4,0,42" ten="240,239,269,252" oya="2" hai0="83,2,44,135,109,15,70,120,13,9,55,34,45" hai1="104,62,122,71,132,121,56,78,53,0,84,66,25" hai2="96,60,22,29,43,115,14,95,54,30,33,133,111" hai3="124,49,65,1,67,88,101,76,50,99,26,19,98"/><V103/><F115/><W40/><G124/><T58/><D120/><N who="1" m="46187" /><E104/><V64/><F133/><W63/><G1/><T86/><D135/><U107/><E132/><V32/><F111/><W79/><G26/><T129/><D70/><U11/><E107/><V18/><F43/><W6/><G6/><T89/><D109/><U97/><E97/><V20/><F54/><W72/><G19/><T73/><D129/><U23/><E11/><V16/><F33/><W38/><G38/><T51/><D34/><U5/><E5/><V93/><F93/><N who="3" m="58575" /><G72/><T28/><D28/><N who="1" m="17471" /><E0/><V75/><F32/><W81/><G50/><T92/><D2/><U12/><E12/><N who="0" m="4681" /><D9/><U102/><E102/><V90/><F75/><W131/><G63/><T57/><D73/><U27/><E27/><N who="2" m="14727" /><F103/><W87/><G131/><T74/><D74/><U118/><E71/><V21/><F21/><W24/><G24/><T82/><D92/><U31/><E31/><V105/><F105/><W69/><G69/><T112/><D83/><N who="1" m="47223" /><E118/><V39/><F39/><W127/><G127/><T108/><D112/><U106/><E106/><V41/><F30/><W17/><G17/><T52/><D108/><U123/><E123/><V37/><F29/><W7/><G7/><T128/><D128/><U10/><E10/><V4/><F4/><W77/><G99/><T117/><D117/><U35/><E35/><V114/><F114/><W61/><G61/><AGARI ba="0,0" hai="44,45,51,52,55,57,58,61,82,86,89" m="4681" machi="61" ten="30,7700,0" yaku="8,1,52,2,54,1" doraHai="42" who="0" fromWho="3" sc="240,77,239,0,269,0,252,-77" owari="317,41.7,239,-16.1,269,6.9,175,-32.5" /></mjloggm>