<mjloggm ver="2.3"><GO type="169" lobby="0"/><UN n0="%E3%81%9B%E3%81%A9%E3%81%AA%E3%82%8A%E3%81%82%E3%82%93" n1="%46%E5%92%B8%E9%AD%9A%E5%92%B8%E9%AD%9A%E5%92%B8" n2="%E8%8F%8A%E6%B1%A0%E9%A2%A8%E9%A6%99" n3="%E3%83%9D%E3%83%B3%E3%83%9D%E3%82%B3%E5%95%86%E4%BA%8B" dan="17,16,16,16" rate="2203.58,2095.66,2129.64,2169.97" sx="F,M,M,M"/><TAIKYOKU oya="0"/><INIT seed="0,0,0,4,0,85" ten="250,250,250,250" oya="0" hai0="117,37,70,47,128,106,13,24,98,104,2,35,32" hai1="64,111,19,44,60,122,113,92,133,71,40,3,109" hai2="4,116,51,96,88,86,53,61,77,30,12,114,91" hai3="6,67,39,17,129,105,93,101,10,20,124,59,100"/><T42/><D117/><U68/><E3/><V110/><F114/><W57/><G39/><T55/><D2/><U48/><E122/><V9/><F110/><N who="1" m="41993" /><E19/><V76/><F116/><W38/><G38/><T46/><D70/><N who="1" m="42247" /><E92/><N who="2" m="56351" /><F61/><W79/><G79/><T11/><D128/><U1/><E1/><V63/><F63/><W84/><G105/><T52/><D24/><U28/><E28/><V126/><F126/><W87/><G129/><T27/><D27/><U83/><E83/><N who="2" m="49247" /><F30/><W95/><G124/><T134/><D37/><U25/><E25/><V102/><F102/><W45/><G101/><T119/><D119/><U75/><E75/><V99/><F99/><W26/><G100/><T132/><D98/><U58/><E113/><V16/><F4/><W5/><G5/><T82/><D82/><U74/><E74/><V31/><F31/><W125/><G6/><T130/><D130/><U34/><E34/><V49/><F49/><W54/><G26/><T0/><D0/><U36/><E133/><V94/><F94/><W81/><G95/><T22/><D132/><U65/><E48/><V127/><F127/><W80/><G93/><T7/><D134/><U41/><E41/><V33/><F33/><W23/><G80/><T21/><D7/><U120/><E120/><V66/><F66/><W14/><G81/><T72/><D42/><U112/><E112/><V118/><F118/><W90/><G67/><T18/><D72/><U43/><E43/><V123/><F123/><W107/><G125/><T89/><D32/><U29/><E29/><V108/><F108/><W135/><G135/><RYUUKYOKU ba="0,0" sc="250,-15,250,15,250,15,250,-15" hai1="36,40,44,58,65,68,71" hai2="9,12,16,51,53,76,77" /><INIT seed="1,1,0,4,3,29" ten="235,265,265,235" oya="1" hai0="99,22,32,129,90,58,25,54,87,88,117,64,116" hai1="109,41,18,134,51,35,91,1,65,100,34,57,131" hai2="2,11,24,45,50,106,3,128,102,61,133,7,85" hai3="115,60,79,56,28,76,92,103,5,15,108,69,67"/><U125/><E1/><V107/><F128/><W36/><G115/><T17/><D129/><U111/><E100/><V114/><F114/><W130/><G108/><N who="1" m="41546" /><E131/><V84/><F133/><W119/><G36/><T81/><D64/><U0/><E0/><V59/><F2/><W97/><G69/><T42/><D42/><U37/><E134/><V110/><F110/><W44/><G119/><T55/><D55/><N who="1" m="31999" /><E125/><V26/><F102/><W101/><G101/><T118/><D32/><N who="1" m="12331" /><E65/><V40/><F106/><W89/><G103/><T123/><D117/><U43/><E37/><V104/><F107/><W19/><G67/><T83/><D116/><U13/><E91/><V93/><F104/><W112/><G89/><T135/><D135/><U86/><E86/><V48/><F85/><W95/><G130/><T23/><D118/><U80/><E80/><V14/><F84/><W77/><G112/><T122/><D81/><U6/><E6/><V98/><F3/><W47/><G5/><T82/><D82/><U70/><E70/><V73/><F7/><W121/><G95/><T132/><D132/><U124/><E124/><V9/><F93/><W12/><G92/><T27/><D90/><U33/><N who="1" m="12339" /><U46/><DORA hai="38" /><E46/><V75/><F45/><W8/><G47/><T72/><D88/><U30/><E30/><V31/><F31/><W78/><G44/><T120/><D87/><U39/><E39/><V49/><F98/><W126/><G28/><N who="0" m="17463" /><D99/><U10/><AGARI ba="1,0" hai="10,13,18,41,43" m="12339,31999,41546" machi="10" ten="50,24000,3" yaku="14,1,10,1,52,6" doraHai="29,38" who="1" fromWho="1" sc="235,-81,265,243,265,-81,235,-81" /><INIT seed="1,2,0,5,3,108" ten="154,508,184,154" oya="1" hai0="10,73,65,126,41,83,68,36,116,23,134,120,45" hai1="3,129,72,25,131,89,98,29,94,99,52,8,48" hai2="90,44,125,70,74,60,132,105,76,69,97,4,86" hai3="114,54,40,128,30,34,93,58,26,0,28,51,91"/><U20/><E72/><V49/><F125/><W101/><G128/><N who="1" m="49226" /><E8/><V43/><F132/><W123/><G123/><T95/><D116/><U9/><E9/><V12/><F60/><W15/><G0/><T6/><D134/><U133/><E133/><V117/><F117/><W102/><G30/><T31/><D126/><U13/><E13/><V78/><F4/><W96/><G114/><T32/><D23/><U104/><E3/><V79/><F12/><W56/><G40/><T37/><D95/><U7/><E7/><V33/><F33/><W47/><G15/><T118/><D118/><U64/><E64/><V11/><F11/><W18/><G18/><T42/><D120/><U59/><E104/><V27/><F27/><W57/><AGARI ba="2,0" hai="26,28,34,47,51,54,56,57,58,91,93,96,101,102" machi="57" ten="30,1100,0" yaku="0,1" doraHai="108" who="3" fromWho="3" sc="154,-5,508,-7,184,-5,154,17" /><INIT seed="2,0,0,4,2,57" ten="149,501,179,171" oya="2" hai0="85,13,132,107,67,6,108,35,48,37,28,46,5" hai1="86,98,122,15,9,7,44,74,103,45,18,51,49" hai2="33,87,91,78,2,106,62,4,39,22,50,116,23" hai3="133,109,59,38,32,89,119,36,94,20,96,124,63"/><V42/><F116/><W100/><G32/><T41/><D107/><U82/><E74/><V76/><F39/><W65/><G119/><T126/><D108/><U1/><E122/><V125/><F33/><W10/><G109/><T69/><D126/><U90/><E51/><V21/><F106/><W121/><G121/><T112/><D112/><U12/><E1/><V77/><F125/><W81/><G133/><T110/><D110/><U117/><E49/><V127/><F127/><W92/><G81/><T29/><D132/><U58/><E58/><V25/><F2/><W11/><G124/><T56/><D85/><U97/><E97/><V47/><F4/><W0/><G0/><T66/><D66/><U129/><E129/><V64/><F25/><W118/><G118/><T52/><D35/><U60/><E60/><V3/><F3/><W88/><G20/><T24/><D24/><U113/><E113/><V102/><F102/><W40/><G100/><T101/><D101/><U84/><E84/><V16/><F16/><W123/><G123/><T130/><D130/><U114/><E114/><V105/><F105/><W26/><G26/><T14/><D14/><U53/><E53/><V54/><F54/><W134/><G134/><T30/><D13/><U120/><E120/><V27/><F27/><W111/><G111/><T31/><D31/><U115/><E115/><V8/><F8/><N who="3" m="3115" /><G40/><T104/><D104/><N who="1" m="63607" /><E117/><V80/><REACH who="2" step="1"/><F23/><REACH who="2" ten="149,501,169,171" step="2"/><W43/><G43/><T93/><D93/><U17/><E17/><V61/><F61/><AGARI ba="0,1" hai="5,6,28,29,30,37,41,46,48,52,56,61,67,69" machi="61" ten="40,8000,1" yaku="24,2,52,1,54,1" doraHai="57" who="0" fromWho="2" sc="149,90,501,0,169,-80,171,0" /><INIT seed="3,0,0,1,2,124" ten="239,501,89,171" oya="3" hai0="44,39,40,119,118,17,16,32,62,56,4,134,49" hai1="74,21,78,69,100,116,55,10,111,47,36,6,18" hai2="126,86,9,20,26,7,114,23,73,45,135,120,61" hai3="83,25,37,42,2,98,41,105,79,75,30,84,33"/><W48/><G48/><T91/><D32/><U106/><E111/><V82/><F114/><W28/><G28/><T123/><D123/><U8/><E69/><V127/><F73/><W46/><G41/><T59/><D4/><U77/><E74/><V54/><F120/><W43/><G43/><T113/><D134/><U76/><E36/><V89/><F135/><W133/><G84/><T94/><D113/><U52/><E47/><V57/><F45/><W19/><G19/><T0/><D0/><U112/><E116/><V131/><F131/><W12/><G12/><T38/><D38/><U1/><E10/><V24/><F24/><W67/><G133/><T65/><D39/><U27/><REACH who="1" step="1"/><E112/><REACH who="1" ten="239,491,89,171" step="2"/><V51/><F127/><W53/><G53/><T34/><D118/><U70/><E70/><V80/><F126/><W129/><G67/><T122/><D119/><U117/><E117/><V71/><F71/><W63/><G63/><T104/><D122/><U110/><E110/><V31/><F61/><W64/><G64/><T68/><D68/><U128/><E128/><V5/><F9/><W108/><G108/><T109/><D109/><U35/><E35/><V14/><REACH who="2" step="1"/><F82/><REACH who="2" ten="239,491,79,171" step="2"/><W90/><G129/><T81/><D81/><U132/><E132/><V22/><F22/><W3/><REACH who="3" step="1"/><G90/><REACH who="3" ten="239,491,79,161" step="2"/><T96/><D62/><U13/><E13/><V101/><F101/><AGARI ba="0,3" hai="2,3,25,30,33,37,42,46,75,79,83,98,101,105" machi="101" ten="40,18000,2" yaku="1,1,2,1,33,3,53,1" doraHai="124" doraHaiUra="29" who="3" fromWho="2" sc="239,0,491,0,79,-180,161,210" owari="239,-16.1,491,59.1,-101,-60.1,371,17.1" /></mjloggm>