<mjloggm ver="2.3"><GO type="225" lobby="0"/><UN n0="%E3%81%82%E3%81%84%E3%81%82%E3%81%8A%E3%81%84" n1="%E3%81%AF%E3%82%88%E3%81%8A%E3%81%98%E3%81%95%E3%82%93" n2="%E3%81%94%E3%83%BC%E3%81%A9%E3%82%93" n3="%E7%B4%94%E6%BD%94%E3%83%94%E3%83%A9%E3%83%8B%E3%82%A2" dan="18,16,16,16" rate="2212.02,2208.56,2101.88,2174.06" sx="M,M,M,M"/><TAIKYOKU oya="0"/><INIT seed="0,0,0,1,2,16" ten="250,250,250,250" oya="0" hai0="108,103,68,89,109,28,15,41,9,24,27,79,44" hai1="45,120,96,124,93,3,115,25,43,64,66,56,86" hai2="63,17,125,102,42,127,75,105,87,5,114,37,101" hai3="53,92,47,39,48,7,60,50,65,131,11,104,90"/><T32/><D68/><U97/><E120/><V23/><F114/><W100/><G131/><T80/><D103/><U38/><E3/><V4/><F75/><W62/><G39/><T70/><D70/><U14/><E115/><V130/><F130/><W46/><G104/><T119/><D89/><U72/><E72/><V29/><F29/><W91/><G100/><T107/><D107/><U113/><E113/><V121/><F121/><W22/><G65/><T8/><D27/><U26/><E124/><V128/><F128/><W99/><G91/><T133/><D119/><U13/><E86/><V1/><F63/><W57/><G57/><T118/><D118/><U77/><E77/><V126/><F1/><W0/><REACH who="3" step="1"/><G22/><REACH who="3" ten="250,250,250,240" step="2"/><T40/><D32/><U94/><E56/><V81/><F105/><W123/><G123/><T6/><D109/><U34/><E34/><V35/><F102/><W12/><G12/><T67/><D15/><U106/><E106/><V19/><F101/><W111/><G111/><T21/><D21/><U18/><E13/><V82/><F35/><W31/><G31/><T69/><D28/><U129/><E129/><V116/><F116/><W30/><G30/><T84/><D67/><U54/><E64/><V36/><F126/><W74/><G74/><T73/><D73/><U52/><E66/><V85/><F23/><W71/><G71/><T2/><D108/><U83/><E14/><V134/><F134/><W10/><G10/><T112/><D69/><U135/><E135/><V78/><F78/><W76/><G76/><T59/><D133/><U58/><E38/><RYUUKYOKU ba="0,1" sc="250,-15,250,-15,250,15,240,15" hai2="4,5,17,19,36,37,42,81,82,85,87,125,127" hai3="0,7,11,46,47,48,50,53,60,62,90,92,99" /><INIT seed="1,1,1,3,0,128" ten="235,235,265,255" oya="1" hai0="107,90,87,38,101,24,131,75,114,56,95,73,57" hai1="134,118,52,17,119,35,117,4,15,92,76,22,133" hai2="111,5,93,12,23,42,104,130,37,11,49,51,13" hai3="88,31,43,116,81,61,102,66,115,112,2,46,25"/><U58/><E35/><V68/><F104/><W77/><G2/><T59/><D114/><U0/><E76/><V7/><F68/><W16/><G102/><T8/><D38/><U64/><E64/><V83/><F130/><W84/><G116/><T30/><D131/><U99/><E4/><V78/><F111/><W40/><G77/><T54/><D54/><U91/><REACH who="1" step="1"/><E0/><REACH who="1" ten="235,225,265,255" step="2"/><V26/><F78/><W9/><G112/><T94/><D75/><U32/><E32/><V6/><F5/><W39/><G115/><T100/><D73/><U65/><E65/><V48/><F6/><W122/><G122/><T44/><D107/><U29/><E29/><V10/><F7/><W79/><G79/><T89/><D8/><U47/><E47/><V97/><F10/><W55/><G9/><T41/><D44/><U27/><E27/><V123/><F26/><W113/><G113/><T71/><D71/><U109/><E109/><V105/><F11/><W120/><G120/><T74/><D74/><U80/><E80/><V98/><F83/><W135/><G16/><T126/><D126/><U85/><E85/><V72/><F123/><W70/><G43/><T96/><REACH who="0" step="1"/><D41/><REACH who="0" ten="225,225,265,255" step="2"/><U53/><E53/><V3/><F42/><W125/><G55/><T127/><D127/><U63/><AGARI ba="1,3" hai="15,17,22,52,58,63,91,92,99,117,118,119,133,134" machi="63" ten="40,12000,1" yaku="1,1,0,1,52,2,54,1,53,0" doraHai="128" doraHaiUra="108" who="1" fromWho="1" sc="225,-41,225,153,265,-41,255,-41" /><INIT seed="1,2,0,1,2,8" ten="184,378,224,214" oya="1" hai0="47,98,119,114,34,126,115,15,80,97,127,68,116" hai1="94,40,91,46,30,93,89,108,5,12,106,95,110" hai2="35,99,85,43,134,130,109,7,88,44,84,27,33" hai3="96,21,100,20,105,111,36,22,73,16,128,74,49"/><U76/><E106/><V112/><F109/><N who="1" m="42089" /><E30/><V86/><F134/><W120/><G111/><T6/><D68/><U124/><E76/><V125/><F125/><N who="0" m="47626" /><D47/><U92/><E124/><V123/><F123/><W13/><G120/><T54/><D54/><U57/><E57/><V29/><F130/><W18/><G36/><T50/><D50/><N who="1" m="26951" /><E95/><V104/><F112/><N who="0" m="43050" /><D34/><U90/><E93/><V60/><F35/><W67/><G128/><T17/><D6/><U64/><E64/><V2/><F7/><W55/><G67/><T131/><D131/><U133/><E133/><V82/><F33/><W1/><G1/><T3/><D3/><U53/><E53/><V107/><F2/><W23/><REACH who="3" step="1"/><G18/><REACH who="3" ten="184,378,224,204" step="2"/><T9/><D80/><U38/><E38/><V24/><F82/><W37/><G37/><T10/><D9/><AGARI ba="2,1" hai="5,9,12,89,90,91,92,94" m="26951,42089" machi="9" ten="30,5800,0" yaku="14,1,10,1,52,1" doraHai="8" who="1" fromWho="0" sc="184,-64,378,74,224,0,204,0" /><INIT seed="1,3,0,0,0,77" ten="120,452,224,204" oya="1" hai0="108,56,117,22,54,111,99,55,60,125,134,131,86" hai1="71,116,34,31,30,107,44,47,72,27,50,106,102" hai2="61,18,120,98,59,67,6,41,40,82,3,57,123" hai3="126,8,84,103,24,14,52,119,63,89,62,133,66"/><U32/><E71/><V17/><F3/><W95/><G119/><T64/><D117/><U39/><E116/><V100/><F6/><W132/><G126/><T109/><D125/><U81/><E39/><V88/><F120/><W92/><G24/><T11/><D134/><N who="3" m="51817" /><G66/><T70/><D131/><U5/><E5/><V0/><F0/><W124/><G124/><T75/><D75/><U13/><E13/><V4/><F4/><W90/><G103/><T49/><D11/><U83/><E72/><V53/><F100/><W79/><G79/><T130/><D130/><U23/><E102/><V65/><F98/><N who="3" m="57615" /><G52/><N who="0" m="31759" /><D99/><U37/><E27/><V74/><F74/><W135/><N who="3" m="51825" /><W115/><DORA hai="121" /><G115/><T29/><D86/><U58/><E34/><V112/><F112/><W76/><G76/><T87/><D87/><U10/><E32/><V12/><F123/><W129/><G129/><T2/><D2/><U96/><E96/><V16/><F67/><W15/><G15/><T101/><D101/><U114/><E114/><V68/><F12/><W19/><AGARI ba="3,0" hai="8,14,19,62,63,84,90,95" m="57615,51825" machi="19" ten="40,1500,0" yaku="20,1" doraHai="77,121" who="3" fromWho="3" sc="120,-7,452,-10,224,-7,204,24" /><INIT seed="2,0,0,1,0,67" ten="113,442,217,228" oya="2" hai0="17,99,131,74,13,117,45,70,16,109,118,78,121" hai1="9,44,102,35,89,5,125,39,87,18,43,126,46" hai2="103,69,120,27,62,107,21,65,119,6,101,28,77" hai3="54,135,81,31,115,37,116,134,50,75,4,93,64"/><V57/><F119/><N who="0" m="45578" /><D121/><U68/><E68/><V100/><F120/><W90/><G37/><T47/><D109/><U98/><E35/><V24/><F77/><W84/><G116/><T49/><D131/><U41/><E18/><N who="0" m="7273" /><D13/><U2/><E89/><V82/><F82/><W42/><G42/><T25/><D25/><U60/><E60/><V80/><F80/><W72/><G4/><T106/><D78/><U94/><E87/><V8/><F27/><W22/><G115/><T36/><D74/><U51/><AGARI ba="0,0" hai="2,5,9,39,41,43,44,46,51,94,98,102,125,126" machi="51" ten="30,1100,0" yaku="0,1" doraHai="67" who="1" fromWho="1" sc="113,-3,442,11,217,-5,228,-3" /><INIT seed="3,0,0,3,0,25" ten="110,453,212,225" oya="3" hai0="74,57,72,15,12,4,33,68,56,111,100,90,42" hai1="70,23,66,18,108,45,122,7,126,132,102,106,79" hai2="84,121,1,16,53,127,30,91,98,2,112,6,39" hai3="14,21,9,43,134,75,67,96,64,22,133,107,52"/><W40/><G75/><T34/><D68/><U48/><E122/><V110/><F112/><W20/><G107/><T37/><D100/><U50/><E7/><V78/><F121/><W135/><G96/><T99/><D42/><U118/><E79/><V82/><F39/><W93/><G93/><T51/><D99/><U71/><E66/><N who="3" m="25130" /><G52/><T38/><D51/><U77/><E77/><V80/><F110/><W109/><G109/><T62/><D111/><U104/><E108/><V10/><F30/><W131/><G131/><T88/><REACH who="0" step="1"/><D4/><AGARI ba="0,0" hai="4,9,14,20,21,22,40,43,133,134,135" m="25130" machi="4" ten="40,2000,0" yaku="20,1" doraHai="25" who="3" fromWho="0" sc="110,-20,453,0,212,0,225,20" /><INIT seed="3,1,0,0,5,87" ten="90,453,212,245" oya="3" hai0="69,0,114,20,96,67,4,57,109,55,88,29,93" hai1="79,59,98,133,108,94,32,129,104,10,25,52,42" hai2="13,92,34,131,58,41,116,97,3,122,78,85,115" hai3="135,17,105,61,47,126,33,15,22,123,74,24,80"/><W9/><G123/><T65/><D109/><U8/><E108/><V71/><F3/><W83/><G105/><T21/><D114/><U130/><E42/><V39/><F71/><W18/><G126/><T31/><D0/><U16/><E79/><V111/><F34/><W36/><G74/><T38/><D38/><U53/><E104/><V45/><F115/><W112/><G112/><T30/><D4/><U23/><E32/><V73/><F73/><W50/><G36/><T27/><D69/><U6/><E133/><V66/><F131/><N who="1" m="50185" /><E59/><V125/><F125/><W110/><G135/><T82/><D82/><U62/><E62/><V56/><F66/><W107/><G107/><T99/><D99/><U12/><E10/><V1/><F1/><W124/><G33/><T76/><D76/><U86/><E86/><V44/><F44/><W84/><G124/><T63/><REACH who="0" step="1"/><D20/><REACH who="0" ten="80,453,212,245" step="2"/><U102/><AGARI ba="1,1" hai="6,8,12,16,23,25,52,53,94,98,102" m="50185" machi="102" ten="30,4000,0" yaku="19,1,54,2" doraHai="87" who="1" fromWho="1" sc="80,-11,453,53,212,-11,245,-21" owari="69,-43.1,506,60.6,201,-19.9,224,2.4" /></mjloggm>