<mjloggm ver="2.3"><GO type="169" lobby="0"/><UN n0="%E4%BA%8C%E9%9A%8E%E5%A0%82%E7%9C%9F%E7%B4%85%E3%81%A1%E3%82%83%E3%82%93" n1="%E3%81%82%E3%82%8B%E8%A8%BC%E6%98%8E%EF%BF%A1" n2="%41%63%75%6E%61%4A%72" n3="%E7%A7%98%E6%89%93%E7%99%BD%E9%B3%A5%E3%81%AE%E6%B9%96" dan="16,16,17,17" rate="2108.31,2080.32,2259.30,2134.37" sx="M,M,M,M"/><TAIKYOKU oya="0"/><INIT seed="0,0,0,0,2,105" ten="250,250,250,250" oya="0" hai0="127,80,101,57,133,45,20,125,75,4,74,87,126" hai1="111,128,36,129,135,31,17,66,117,77,58,106,15" hai2="131,59,47,51,27,83,132,110,69,73,49,109,55" hai3="114,46,28,79,63,102,93,54,35,88,97,100,71"/><T120/><D120/><U34/><E117/><V13/><F69/><W3/><G114/><T43/><D133/><U82/><E106/><V40/><F132/><W10/><G79/><T42/><D101/><U96/><E135/><V39/><F13/><W76/><G76/><N who="0" m="46471" /><D4/><U48/><E36/><V70/><F27/><W122/><G122/><T9/><D9/><U16/><E111/><N who="2" m="42507" /><F70/><W29/><G35/><T6/><D6/><U112/><E112/><V33/><F33/><W1/><G1/><T98/><D98/><U84/><E96/><V61/><F131/><N who="1" m="50249" /><E15/><V24/><F24/><W37/><G3/><T19/><D57/><U121/><E121/><V41/><F41/><N who="0" m="15370" /><D45/><U130/><N who="1" m="50257" /><U113/><DORA hai="65" /><E113/><V108/><F108/><W7/><G46/><T56/><D56/><U104/><E104/><V2/><F2/><W134/><G134/><T103/><D103/><U107/><E107/><V116/><F116/><W64/><G102/><T119/><D119/><U62/><E48/><V115/><F115/><W85/><G37/><T18/><D18/><N who="1" m="7275" /><E34/><V5/><F5/><W118/><G118/><T50/><D50/><U67/><E67/><V91/><F51/><W53/><G7/><T8/><D8/><U60/><E60/><V30/><F61/><W44/><G10/><T124/><N who="0" m="31744" /><DORA hai="89" /><T0/><D0/><U26/><E26/><AGARI ba="0,0" hai="19,20,26,74,75" m="31744,15370,46471" machi="26" ten="60,11600,0" yaku="18,1,52,2" doraHai="105,65,89" who="0" fromWho="1" sc="250,116,250,-116,250,0,250,0" /><INIT seed="0,1,0,1,0,83" ten="366,134,250,250" oya="0" hai0="15,131,105,93,98,31,109,112,56,81,74,22,129" hai1="70,134,94,104,41,76,57,126,68,23,45,64,77" hai2="135,96,51,111,17,75,65,14,100,0,11,97,34" hai3="101,46,88,119,62,73,28,118,110,87,71,13,92"/><T82/><D112/><U66/><E104/><V90/><F111/><W107/><G110/><T128/><D109/><U33/><E33/><V40/><F135/><W55/><G73/><T103/><D15/><U78/><E134/><V102/><F75/><W85/><G28/><T67/><D105/><U5/><E126/><V79/><F79/><W132/><G132/><T117/><D117/><U72/><E72/><V80/><F34/><W50/><G13/><T37/><D37/><U24/><E5/><V43/><F65/><W130/><G130/><T121/><D121/><U36/><E94/><V8/><F51/><W59/><G71/><T54/><D74/><U32/><E32/><V125/><F125/><W84/><G101/><T120/><D120/><U124/><E124/><V7/><F100/><W53/><REACH who="3" step="1"/><G107/><REACH who="3" ten="366,134,250,240" step="2"/><T91/><D103/><U42/><E70/><V18/><F102/><W123/><G123/><T4/><D131/><U116/><E116/><AGARI ba="1,1" hai="46,50,53,55,59,62,84,85,87,88,92,116,118,119" machi="116" ten="40,8000,1" yaku="1,1,52,3,54,1,53,0" doraHai="83" doraHaiUra="60" who="3" fromWho="1" sc="366,0,134,-83,250,0,240,93" /><INIT seed="1,0,0,0,0,35" ten="366,51,250,333" oya="1" hai0="121,19,63,88,25,16,65,126,38,112,49,58,76" hai1="125,87,110,116,80,46,118,22,33,14,130,72,94" hai2="98,81,82,62,54,117,51,114,3,47,93,115,42" hai3="44,77,123,73,56,64,61,7,2,20,5,23,30"/><U68/><E68/><V113/><F117/><W13/><G123/><T119/><D38/><U96/><E33/><V67/><F42/><W135/><G135/><T10/><D112/><U84/><E46/><V43/><F43/><W127/><G127/><T1/><D119/><U105/><E125/><V122/><F122/><W131/><G131/><T134/><D76/><N who="1" m="44039" /><E22/><V75/><F75/><W74/><G77/><T28/><D134/><U97/><E14/><V40/><F3/><W41/><G5/><T83/><D49/><U90/><E130/><V6/><F40/><W109/><G109/><T129/><D121/><U12/><E12/><V120/><F6/><W106/><G106/><T37/><D37/><U32/><E32/><V55/><F55/><W107/><G107/><T85/><D129/><U26/><E26/><V91/><REACH who="2" step="1"/><F120/><REACH who="2" ten="366,51,240,333" step="2"/><W66/><G2/><T71/><D126/><U24/><E110/><V18/><F18/><W59/><G7/><T108/><D108/><U95/><E24/><V92/><F92/><W133/><G133/><T4/><REACH who="0" step="1"/><D71/><AGARI ba="0,1" hai="47,51,54,62,67,71,81,82,91,93,98,113,114,115" machi="71" ten="40,2600,0" yaku="1,1,11,1,53,0" doraHai="35" doraHaiUra="103" who="2" fromWho="0" sc="366,-26,51,0,240,36,333,0" /><INIT seed="2,0,0,0,0,9" ten="340,51,276,333" oya="2" hai0="16,87,64,3,15,129,76,88,117,92,101,40,21" hai1="29,95,121,91,30,107,111,79,38,37,112,71,23" hai2="128,8,17,130,69,86,118,72,50,66,0,100,27" hai3="82,65,114,108,126,109,48,57,89,32,34,51,5"/><V35/><F118/><W78/><G89/><T45/><D3/><U81/><E112/><V102/><F72/><W63/><G114/><T10/><D129/><N who="2" m="49770" /><F50/><W26/><G126/><T99/><D64/><U49/><E111/><N who="3" m="42570" /><G5/><T134/><D134/><U131/><E131/><V75/><F75/><N who="3" m="43359" /><G26/><T18/><D76/><U116/><E116/><V14/><F0/><W33/><AGARI ba="0,0" hai="32,33,34,48,51,57,63,65" m="43359,42570" machi="33" ten="40,1500,0" yaku="14,1" doraHai="9" who="3" fromWho="3" sc="340,-4,51,-4,276,-7,333,15" /><INIT seed="3,0,0,4,3,22" ten="336,47,269,348" oya="3" hai0="49,114,128,44,123,98,87,127,63,34,60,39,129" hai1="70,19,56,126,94,1,75,64,8,36,10,83,134" hai2="76,120,12,21,85,2,15,35,82,113,117,0,118" hai3="65,111,24,74,109,26,79,14,81,48,11,61,25"/><W130/><G130/><T45/><D87/><U102/><E70/><V108/><F113/><W4/><REACH who="3" step="1"/><G48/><REACH who="3" ten="336,47,269,338" step="2"/><T99/><D49/><U92/><E36/><V119/><F118/><W16/><G16/><T23/><D39/><U40/><E134/><V59/><F119/><W104/><G104/><T106/><D106/><U95/><E19/><V135/><F117/><W13/><G13/><T6/><D129/><U52/><E1/><V91/><F135/><W62/><G62/><T47/><D63/><N who="1" m="36231" /><E126/><V78/><F15/><W110/><G110/><T51/><D51/><U115/><E115/><V88/><F108/><W29/><G29/><T53/><D60/><U57/><E75/><V90/><F2/><W41/><G41/><T96/><D127/><U3/><E3/><V50/><F0/><W5/><G5/><T27/><D6/><U131/><E131/><V84/><F12/><W122/><G122/><T105/><D123/><U116/><E116/><V18/><F120/><W71/><AGARI ba="0,1" hai="4,11,14,24,25,26,61,65,71,74,79,81,109,111" machi="71" ten="30,12000,1" yaku="1,1,0,1,52,3,53,0" doraHai="22" doraHaiUra="31" who="3" fromWho="3" sc="336,-40,47,-40,269,-40,338,130" /><INIT seed="3,1,0,3,5,73" ten="296,7,229,468" oya="3" hai0="24,121,31,19,58,82,53,41,135,28,78,37,72" hai1="32,66,81,34,70,27,6,86,120,114,43,54,59" hai2="44,97,13,95,36,62,8,74,4,100,83,134,76" hai3="118,15,110,49,91,0,46,107,14,35,130,96,56"/><W116/><G0/><T117/><D121/><U85/><E120/><V45/><F134/><W39/><G35/><T1/><D117/><U125/><E125/><V68/><F36/><W126/><G39/><T77/><D1/><U80/><E114/><V18/><F68/><W48/><G126/><T133/><D37/><U20/><E70/><V99/><F62/><W65/><G15/><T25/><D41/><U2/><E43/><V40/><F40/><W16/><G130/><T115/><D19/><U29/><E66/><V22/><REACH who="2" step="1"/><F97/><REACH who="2" ten="296,7,219,468" step="2"/><W122/><G96/><T128/><D128/><U106/><E106/><V109/><F109/><W23/><G110/><T113/><D113/><U5/><E2/><AGARI ba="1,1" hai="2,4,8,13,18,22,44,45,74,76,83,95,99,100" machi="2" ten="30,3900,0" yaku="1,1,7,1,52,1,53,0" doraHai="73" doraHaiUra="21" who="2" fromWho="1" sc="296,0,7,-42,219,52,468,0" owari="296,9.6,-35,-53.5,271,-12.9,468,56.8" /></mjloggm>