<mjloggm ver="2.3"><GO type="169" lobby="0"/><UN n0="%E8%B6%85%E6%94%BB%E6%92%83%E9%BA%BB%E9%9B%80" n1="%E3%81%BE%E3%81%A8%E3%81%9F" n2="%E8%B5%A4%E6%9C%A8%E3%81%97%E3%81%92%E3%82%8B" n3="%E7%B1%B3%E3%81%BC%E3%81%86%E3%82%84%E3%81%8F%E3%82%93" dan="16,16,16,16" rate="2159.39,2085.01,2078.12,2187.12" sx="M,M,M,M"/><TAIKYOKU oya="0"/><INIT seed="0,0,0,1,3,111" ten="250,250,250,250" oya="0" hai0="55,113,76,97,65,102,19,9,47,25,35,67,34" hai1="71,8,81,92,121,26,86,33,91,134,57,0,56" hai2="54,120,62,13,36,135,2,72,49,131,20,18,74" hai3="108,82,122,23,15,4,60,133,117,58,119,1,78"/><T68/><D76/><U5/><E121/><V93/><F120/><W79/><G122/><T44/><D9/><U127/><E134/><V100/><F135/><W103/><G133/><T118/><D118/><U59/><E71/><V106/><F131/><W132/><G132/><T90/><D90/><U73/><E127/><V115/><F2/><W66/><G108/><T77/><D77/><U50/><E73/><V104/><F36/><W27/><G1/><T37/><D37/><U3/><E3/><V7/><F7/><W40/><G40/><T94/><D34/><U22/><E33/><V130/><F130/><W45/><G45/><T88/><D68/><U99/><E50/><V53/><F115/><W10/><G103/><T14/><D113/><U110/><E110/><V105/><F62/><W125/><G125/><T6/><D6/><U39/><E39/><V75/><F49/><W41/><G41/><T17/><D35/><U31/><REACH who="1" step="1"/><E59/><REACH who="1" ten="250,240,250,250" step="2"/><V51/><F51/><W95/><G58/><T116/><D116/><U114/><E114/><V109/><F109/><W21/><G119/><T96/><D47/><U24/><E24/><V52/><REACH who="2" step="1"/><F93/><REACH who="2" ten="250,240,240,250" step="2"/><W46/><G95/><N who="0" m="58655" /><D44/><U128/><E128/><V29/><F29/><W63/><G117/><T112/><D112/><U98/><E98/><AGARI ba="0,2" hai="13,18,20,52,53,54,72,74,75,98,100,104,105,106" machi="98" ten="50,8000,1" yaku="1,1,54,1,53,3" doraHai="111" doraHaiUra="48" who="2" fromWho="1" sc="250,0,240,-80,240,100,250,0" /><INIT seed="1,0,0,0,0,26" ten="250,160,340,250" oya="1" hai0="77,25,51,107,12,67,82,58,36,38,66,59,55" hai1="76,54,108,94,3,97,17,131,4,115,35,86,48" hai2="128,73,44,119,14,24,135,19,89,8,61,65,41" hai3="92,84,33,49,93,6,100,127,70,39,69,121,23"/><U125/><E115/><V126/><F135/><W60/><G33/><T134/><D107/><U103/><E125/><V81/><F128/><W78/><G39/><T34/><D134/><U9/><E131/><V15/><F126/><W116/><G121/><T7/><D34/><U130/><E130/><V109/><F109/><W118/><G6/><T52/><D25/><U16/><E108/><V28/><F119/><W124/><G49/><T129/><D129/><U111/><E35/><V96/><F14/><W72/><G84/><T79/><D7/><U10/><E10/><V102/><F73/><W90/><G23/><T75/><D12/><U47/><REACH who="1" step="1"/><E111/><REACH who="1" ten="250,150,340,250" step="2"/><V117/><F8/><W29/><G127/><T63/><REACH who="0" step="1"/><D77/><REACH who="0" ten="240,150,340,250" step="2"/><U80/><AGARI ba="0,2" hai="3,4,9,16,17,47,48,54,76,80,86,94,97,103" machi="80" ten="30,11700,0" yaku="1,1,2,1,0,1,54,1,53,0" doraHai="26" doraHaiUra="87" who="1" fromWho="1" sc="240,-39,150,137,340,-39,250,-39" /><INIT seed="1,1,0,4,0,50" ten="201,287,301,211" oya="1" hai0="35,14,34,41,133,126,73,131,67,70,37,123,85" hai1="15,89,63,92,23,20,96,93,75,9,77,71,45" hai2="57,48,134,11,69,86,36,49,33,81,56,106,24" hai3="58,117,108,22,1,107,90,116,32,8,87,59,88"/><U39/><E71/><V10/><F106/><W30/><G32/><T80/><D85/><U121/><E39/><V124/><F69/><W27/><G107/><T129/><D80/><U62/><E75/><V65/><F36/><W120/><G120/><T128/><D14/><U46/><E77/><V102/><F102/><W127/><G108/><T76/><D76/><U61/><E121/><V16/><F134/><W105/><G105/><T6/><D6/><U38/><E38/><V64/><F124/><W122/><G127/><T53/><D73/><U82/><E82/><V51/><F33/><N who="0" m="12298" /><D126/><U78/><E78/><V4/><F4/><N who="3" m="1039" /><G122/><T99/><D99/><U113/><E113/><V91/><F11/><W54/><G87/><T66/><D70/><U132/><E132/><V79/><F79/><W100/><G100/><T2/><D2/><U47/><REACH who="1" step="1"/><E93/><REACH who="1" ten="201,277,301,211" step="2"/><V7/><F81/><W31/><G117/><T17/><D133/><U118/><E118/><V60/><F7/><AGARI ba="1,1" hai="7,9,15,20,23,45,46,47,61,62,63,89,92,96" machi="7" ten="40,7700,0" yaku="1,1,8,1,53,1" doraHai="50" doraHaiUra="84" who="1" fromWho="2" sc="201,0,277,90,301,-80,211,0" /><INIT seed="1,2,0,1,1,114" ten="201,367,221,211" oya="1" hai0="4,2,105,74,99,46,89,20,59,88,80,14,110" hai1="66,70,72,33,127,92,73,34,103,29,10,16,32" hai2="58,41,45,51,112,67,102,96,23,90,84,9,65" hai3="120,38,122,77,27,116,130,132,71,57,101,5,24"/><U119/><E29/><V36/><F112/><W128/><G71/><T43/><D110/><U117/><E127/><V47/><F58/><W131/><G38/><T85/><D2/><U69/><E103/><V124/><F23/><W108/><G108/><T62/><D74/><U13/><E92/><V86/><F86/><W100/><G77/><T35/><D35/><U26/><E26/><N who="3" m="9770" /><G132/><T118/><D118/><U12/><E34/><V37/><F124/><W104/><G5/><T81/><D105/><U83/><E10/><V49/><F9/><W109/><G109/><T78/><D81/><U87/><E87/><V15/><F15/><W22/><G22/><T93/><D20/><U111/><E111/><V18/><F18/><W31/><G31/><T60/><D89/><U95/><E95/><N who="2" m="58655" /><F36/><W113/><G113/><T52/><D62/><U8/><E8/><V125/><F125/><W54/><G116/><T134/><D134/><U48/><E48/><V115/><F37/><W123/><G104/><T133/><D133/><U129/><E83/><N who="2" m="49439" /><F115/><W17/><G17/><T82/><D82/><U50/><E16/><V55/><AGARI ba="2,0" hai="41,45,47,49,51,55,65,67" m="49439,58655" machi="55" ten="30,1100,0" yaku="8,1" doraHai="114" who="2" fromWho="2" sc="201,-5,367,-7,221,17,211,-5" /><INIT seed="2,0,0,0,3,56" ten="196,360,238,206" oya="2" hai0="104,7,45,54,130,5,1,11,90,131,38,44,99" hai1="77,88,31,100,69,125,10,116,111,8,68,63,20" hai2="47,29,94,40,62,22,66,86,18,51,114,52,39" hai3="41,129,74,73,65,35,122,85,59,121,117,134,36"/><V0/><F114/><W50/><G35/><T110/><D110/><U9/><E116/><V33/><F0/><W91/><G74/><T103/><D90/><U34/><E111/><V128/><F128/><W6/><G73/><T55/><D44/><U124/><E34/><V57/><F33/><W106/><G106/><T89/><D89/><U46/><E77/><V32/><F32/><W3/><G6/><T27/><D27/><N who="1" m="16871" /><E46/><V96/><F86/><W115/><G3/><T95/><D95/><U75/><E100/><V102/><F29/><W58/><G129/><T12/><D12/><U109/><E75/><V21/><REACH who="2" step="1"/><F18/><REACH who="2" ten="196,360,228,206" step="2"/><W83/><G85/><T71/><D130/><U87/><E109/><V105/><F105/><W17/><G17/><T132/><D131/><U84/><E84/><V49/><F49/><W64/><G50/><T93/><D104/><U133/><E87/><V108/><F108/><W107/><G107/><T53/><D7/><U82/><E124/><V120/><F120/><W70/><G115/><T61/><D132/><U98/><E125/><V119/><F119/><W23/><G117/><T2/><D2/><U118/><E82/><V26/><F26/><W135/><G83/><T13/><D1/><U112/><E118/><V24/><F24/><W15/><G135/><T48/><REACH who="0" step="1"/><D38/><REACH who="0" ten="186,360,228,206" step="2"/><U72/><E112/><V76/><F76/><W127/><G36/><T113/><D113/><U101/><E133/><V97/><F97/><W78/><G134/><T92/><D92/><U67/><E98/><V80/><F80/><W14/><G78/><T81/><D81/><RYUUKYOKU ba="0,2" sc="186,15,360,-15,228,15,206,-15" hai0="5,11,13,45,48,53,54,55,61,71,93,99,103" hai2="21,22,39,40,47,51,52,57,62,66,94,96,102" /><INIT seed="2,1,2,2,4,133" ten="201,345,243,191" oya="2" hai0="39,62,100,57,52,105,72,25,92,12,53,89,81" hai1="19,132,96,51,14,97,98,107,102,106,117,83,63" hai2="15,10,124,11,45,103,113,126,94,87,121,66,77" hai3="128,134,54,58,0,108,115,99,43,35,130,36,3"/><V73/><F121/><W65/><G35/><T49/><D39/><U20/><E117/><V44/><F113/><W69/><G134/><T50/><D100/><U76/><E132/><V4/><F66/><W120/><G120/><T16/><D105/><U37/><E37/><V70/><F70/><W33/><G33/><T75/><D81/><U17/><E107/><V64/><F64/><W123/><G99/><T91/><D25/><U114/><E63/><V32/><F32/><W90/><G90/><T59/><D62/><U111/><E111/><V23/><F23/><W78/><G78/><T88/><D92/><U129/><E129/><N who="3" m="49770" /><G123/><T47/><D47/><N who="2" m="17994" /><F73/><W84/><G69/><T104/><D104/><U67/><E67/><V8/><F77/><W56/><G65/><T6/><D6/><U41/><E41/><V109/><F109/><W80/><G43/><T24/><D24/><U27/><E51/><V21/><F21/><AGARI ba="1,2" hai="12,16,21,49,50,52,53,57,59,72,75,88,89,91" machi="21" ten="40,8000,1" yaku="9,1,54,3" doraHai="133" who="0" fromWho="2" sc="201,103,345,0,243,-83,191,0" /><INIT seed="3,0,0,2,5,99" ten="304,345,160,191" oya="3" hai0="42,23,26,18,96,86,102,48,43,118,105,46,76" hai1="25,33,92,16,108,50,39,66,135,122,125,32,0" hai2="35,84,58,109,30,93,91,47,130,8,28,104,53" hai3="95,22,67,90,7,80,116,113,98,3,15,1,40"/><W123/><G113/><T71/><D71/><U52/><E39/><V121/><F121/><W55/><G116/><T75/><D75/><U6/><E122/><V101/><F109/><W59/><G123/><T117/><REACH who="0" step="1"/><D43/><REACH who="0" ten="294,345,160,191" step="2"/><U49/><E108/><V29/><F130/><W34/><G40/><T106/><D106/><U31/><E125/><V134/><F134/><W27/><G67/><T56/><D56/><U131/><E66/><V57/><F47/><W132/><G132/><T107/><D107/><U70/><E135/><V21/><F104/><W13/><G59/><T4/><D4/><U94/><E70/><V10/><F57/><W115/><G7/><T54/><D54/><U72/><E52/><V45/><F45/><W74/><G55/><T19/><D19/><U36/><E6/><V85/><F53/><W64/><G64/><T38/><D38/><U128/><E36/><V44/><F44/><W88/><G74/><T103/><D103/><U51/><E72/><V17/><F58/><W61/><G61/><T126/><D126/><U12/><E128/><V14/><F101/><W119/><G115/><T65/><D65/><U62/><E131/><V11/><REACH who="2" step="1"/><F35/><REACH who="2" ten="294,345,150,191" step="2"/><W60/><G34/><T81/><AGARI ba="0,2" hai="18,23,26,42,46,48,76,81,86,96,102,105,117,118" machi="81" ten="30,4000,0" yaku="1,1,0,1,52,1,53,0" doraHai="99" doraHaiUra="68" who="0" fromWho="0" sc="294,60,345,-10,150,-10,191,-20" /><INIT seed="4,0,0,2,1,53" ten="354,335,140,171" oya="0" hai0="62,134,51,111,118,66,84,115,79,91,30,106,42" hai1="70,110,68,9,122,21,107,121,32,124,18,132,39" hai2="135,22,130,74,113,108,67,52,5,123,128,38,60" hai3="78,57,50,48,61,31,100,89,133,37,120,112,64"/><T76/><D118/><U55/><E107/><V92/><F74/><W34/><G37/><T23/><D106/><U8/><E39/><V96/><F38/><W117/><G117/><T125/><D115/><U98/><E32/><V126/><F108/><W27/><G112/><T24/><D111/><U85/><E110/><V28/><F113/><W45/><G133/><T20/><D125/><U116/><E124/><V14/><F126/><W87/><G100/><T46/><D23/><U94/><E116/><V127/><F127/><W86/><G120/><T3/><D3/><U13/><E132/><V1/><F1/><W129/><G129/><N who="2" m="49769" /><F123/><W2/><G2/><T41/><D41/><U101/><E70/><V54/><F135/><W81/><REACH who="3" step="1"/><G45/><REACH who="3" ten="354,335,140,161" step="2"/><T72/><D134/><U114/><E101/><N who="2" m="60551" /><F5/><W93/><AGARI ba="0,1" hai="27,31,34,48,50,57,61,64,78,81,86,87,89,93" machi="93" ten="20,5200,0" yaku="1,1,0,1,7,1,52,1,53,0" doraHai="53" doraHaiUra="97" who="3" fromWho="3" sc="354,-26,335,-13,140,-13,161,62" /><INIT seed="5,0,0,2,2,21" ten="328,322,127,223" oya="1" hai0="39,44,1,97,130,118,93,62,106,109,67,80,51" hai1="35,36,79,82,126,32,119,25,24,102,121,122,4" hai2="72,120,55,9,105,6,90,41,15,45,103,5,26" hai3="58,111,22,95,101,108,129,40,125,86,85,10,99"/><U12/><E119/><V127/><F72/><W28/><G125/><T19/><D118/><U110/><E36/><V54/><F127/><W30/><G129/><T43/><D109/><U76/><E126/><V11/><F120/><W135/><G135/><T60/><D106/><U48/><E102/><V52/><F103/><W83/><G40/><T71/><D1/><U38/><E38/><V131/><F131/><W64/><G10/><T17/><D130/><U133/><E110/><V33/><F105/><W59/><G86/><T13/><D62/><U34/><E133/><V113/><F113/><W124/><G30/><T69/><D69/><U68/><E68/><V16/><F90/><W134/><G59/><T18/><D80/><U70/><E70/><V49/><REACH who="2" step="1"/><F11/><REACH who="2" ten="328,322,117,223" step="2"/><W66/><G124/><T53/><D13/><U2/><E12/><V91/><F91/><W29/><G101/><T37/><REACH who="0" step="1"/><D43/><REACH who="0" ten="318,322,117,223" step="2"/><U23/><E121/><V132/><F132/><W115/><G134/><T116/><D116/><U31/><E122/><V57/><F57/><W94/><G58/><T46/><D46/><U61/><E2/><V7/><F7/><W89/><G111/><T0/><D0/><U73/><E4/><V56/><F56/><W128/><G128/><T84/><D84/><U63/><E61/><V74/><F74/><W27/><G108/><T114/><D114/><U104/><E63/><V8/><F8/><W123/><G115/><T88/><AGARI ba="0,2" hai="17,18,19,37,39,44,51,53,60,67,71,88,93,97" machi="88" ten="30,7900,0" yaku="1,1,0,1,54,1,53,1" doraHai="21" doraHaiUra="42" who="0" fromWho="0" sc="318,99,322,-39,117,-20,223,-20" /><INIT seed="6,0,0,4,4,62" ten="417,283,97,203" oya="2" hai0="14,122,106,94,25,81,95,73,113,0,47,70,9" hai1="117,43,66,103,79,13,52,5,85,124,91,102,29" hai2="80,10,38,123,111,36,118,69,130,133,40,89,4" hai3="88,131,60,78,63,104,93,33,49,42,74,127,64"/><V31/><F123/><W68/><G104/><T99/><D0/><U51/><E117/><V128/><F118/><W75/><G33/><T108/><D70/><U58/><E79/><V67/><F31/><W98/><G127/><T125/><D106/><U82/><E124/><V72/><F133/><W90/><G131/><N who="2" m="50217" /><F111/><W30/><G30/><T8/><D95/><U6/><E43/><V126/><F40/><W46/><G78/><T15/><D94/><U3/><E3/><N who="2" m="287" /><F126/><W16/><G90/><T92/><D73/><U129/><E29/><V100/><F100/><N who="1" m="38441" /><E129/><V7/><F7/><N who="1" m="2569" /><E13/><V116/><F116/><W12/><REACH who="3" step="1"/><G63/><REACH who="3" ten="417,283,97,193" step="2"/><T39/><D125/><U48/><E48/><V20/><F89/><W45/><G45/><T84/><D47/><U135/><E135/><V56/><F56/><W77/><G77/><T132/><D132/><U32/><E32/><V34/><F34/><W59/><G59/><T44/><D44/><U96/><E51/><V26/><F72/><W121/><G121/><T109/><D122/><U28/><E28/><N who="2" m="17479" /><F80/><W54/><G54/><T86/><D81/><U76/><E52/><V55/><F55/><W24/><G24/><T105/><D25/><U119/><E119/><V115/><F115/><W50/><G50/><T97/><D113/><U27/><E27/><V57/><F57/><W120/><G120/><T53/><D53/><U71/><E58/><V19/><F19/><W11/><AGARI ba="0,1" hai="11,12,16,42,46,49,60,64,68,74,75,88,93,98" machi="11" ten="20,12000,2" yaku="1,1,0,1,7,1,52,1,54,2,53,0" doraHai="62" doraHaiUra="101" who="3" fromWho="3" sc="417,-30,283,-30,97,-60,193,130" /><INIT seed="7,0,0,2,5,124" ten="387,253,37,323" oya="3" hai0="11,25,45,65,87,1,106,46,53,12,9,0,117" hai1="80,41,96,118,76,121,36,42,35,103,105,54,50" hai2="13,75,51,47,111,84,61,97,100,32,91,115,99" hai3="59,40,49,6,8,23,134,38,19,67,102,66,24"/><W68/><G68/><T85/><D106/><U4/><E121/><V88/><F32/><W122/><G122/><T17/><D65/><U120/><E120/><V30/><F30/><W29/><G134/><T14/><D117/><U109/><E36/><V79/><F111/><W131/><G102/><T93/><D25/><U98/><E35/><V73/><F61/><W48/><G38/><T37/><D37/><U70/><E70/><V126/><F13/><N who="3" m="5271" /><G19/><T89/><D1/><U2/><E109/><V129/><F51/><W20/><G20/><T3/><D3/><U52/><E118/><V57/><F57/><W63/><G131/><T7/><D0/><U27/><E27/><V90/><F47/><N who="0" m="17930" /><D53/><U77/><E77/><V5/><F5/><W62/><G40/><T110/><D110/><U81/><E81/><N who="2" m="47167" /><F126/><W128/><G128/><T18/><D87/><U112/><E112/><V92/><F129/><W21/><G21/><T26/><D26/><U44/><E98/><N who="2" m="59463" /><F115/><W95/><G95/><T64/><D64/><N who="3" m="24617" /><G59/><T94/><D94/><U135/><E135/><V60/><F60/><AGARI ba="0,0" hai="23,24,29,48,49,60,62,63" m="24617,5271" machi="60" ten="30,1500,0" yaku="8,1" doraHai="124" who="3" fromWho="2" sc="387,0,253,0,37,-15,323,15" /><INIT seed="7,1,0,1,3,128" ten="387,253,22,338" oya="3" hai0="70,1,88,4,130,135,34,21,30,18,67,2,66" hai1="26,43,32,133,6,50,59,118,69,15,38,105,35" hai2="87,56,36,31,95,94,49,27,82,20,63,57,101" hai3="129,83,13,62,53,7,106,134,92,64,104,122,55"/><W8/><G122/><T25/><D130/><U91/><E105/><V114/><F114/><W103/><G129/><T61/><D67/><U121/><E121/><V46/><F36/><W54/><G83/><T29/><D135/><U48/><E69/><V120/><F120/><W44/><G44/><T131/><D131/><U47/><E118/><V68/><F68/><W111/><G111/><T79/><D79/><U115/><E115/><V17/><F101/><W40/><G40/><T81/><D29/><U112/><E112/><V52/><F57/><W71/><REACH who="3" step="1"/><G134/><REACH who="3" ten="387,253,22,328" step="2"/><T37/><D37/><U77/><E38/><V98/><F98/><AGARI ba="1,1" hai="7,8,13,53,54,55,62,64,71,92,98,103,104,106" machi="98" ten="40,3900,0" yaku="1,1,2,1,53,0" doraHai="128" doraHaiUra="108" who="3" fromWho="2" sc="387,0,253,0,22,-42,328,52" owari="387,48.7,253,-14.7,-20,-52.0,380,18.0" /></mjloggm>