<mjloggm ver="2.3"><GO type="169" lobby="0"/><UN n0="%E7%99%BE%E9%87%8E%E3%81%95%E3%82%93" n1="%E4%BD%90%E8%97%A4%E3%82%AB%E3%82%A4%E3%82%B8" n2="%E3%81%A0%E3%81%A3" n3="%E3%81%97%E3%82%82%E3%82%93%E3%81%AC" dan="17,17,16,16" rate="2198.42,2205.55,2187.27,2185.56" sx="M,F,F,M"/><TAIKYOKU oya="0"/><INIT seed="0,0,0,3,3,71" ten="250,250,250,250" oya="0" hai0="107,61,37,58,33,114,76,82,21,57,59,11,67" hai1="36,132,43,52,87,94,55,98,88,60,121,18,109" hai2="13,3,86,73,51,131,123,22,25,89,27,65,99" hai3="93,17,117,47,133,96,12,53,5,81,130,9,124"/><T46/><D114/><U64/><E121/><V80/><F3/><W16/><G117/><T42/><D33/><U56/><E109/><V32/><F123/><W45/><G130/><T134/><D107/><U110/><E110/><V50/><F131/><W120/><G120/><T77/><D134/><U2/><E132/><V28/><F13/><W116/><G116/><T7/><D21/><U90/><E2/><V20/><F32/><W41/><G133/><T49/><D76/><U83/><REACH who="1" step="1"/><E18/><REACH who="1" ten="250,240,250,250" step="2"/><V127/><F127/><W4/><G124/><T63/><D63/><U113/><E113/><V119/><F119/><W6/><G17/><T35/><D35/><U125/><E125/><V105/><F28/><W26/><G26/><T19/><D19/><U31/><E31/><V115/><F27/><W118/><G118/><T24/><D24/><U30/><E30/><V111/><F25/><W75/><G41/><T74/><REACH who="0" step="1"/><D49/><REACH who="0" ten="240,240,250,250" step="2"/><U85/><E85/><V95/><F86/><W70/><G16/><T129/><D129/><U48/><E48/><V54/><F51/><W84/><G84/><T126/><D126/><U8/><E8/><V62/><F50/><W69/><G9/><T100/><D100/><U122/><E122/><V68/><F115/><W135/><G135/><T40/><D40/><U10/><E10/><V0/><F111/><W34/><G34/><T44/><D44/><AGARI ba="0,2" hai="36,43,44,52,55,56,60,64,83,87,88,90,94,98" machi="44" ten="40,8000,1" yaku="1,1,52,1,54,2,53,0" doraHai="71" doraHaiUra="1" who="1" fromWho="0" sc="240,-80,240,100,250,0,250,0" /><INIT seed="1,0,0,3,1,22" ten="160,340,250,250" oya="1" hai0="56,14,0,75,2,68,106,110,132,88,55,79,125" hai1="44,130,11,26,52,109,133,28,4,111,65,107,48" hai2="90,24,95,120,17,40,81,58,27,12,74,67,9" hai3="131,118,103,42,59,100,21,105,80,23,18,91,47"/><U33/><E133/><V94/><F120/><W92/><G131/><T61/><D106/><U57/><E107/><V15/><F40/><W97/><G118/><T123/><D110/><N who="1" m="41995" /><E130/><V129/><F129/><W50/><G80/><T102/><D132/><U64/><E44/><V38/><F38/><W36/><G21/><T121/><D102/><U83/><E83/><V39/><F39/><W54/><REACH who="3" step="1"/><G105/><REACH who="3" ten="160,340,250,240" step="2"/><T7/><D125/><U13/><AGARI ba="0,1" hai="4,11,13,26,28,33,48,52,57,64,65" m="41995" machi="13" ten="30,11700,0" yaku="14,1,10,1,52,1,54,1" doraHai="22" who="1" fromWho="1" sc="160,-39,340,127,250,-39,240,-39" /><INIT seed="1,1,0,1,1,31" ten="121,467,211,201" oya="1" hai0="121,76,64,58,133,9,41,102,22,14,1,26,65" hai1="134,73,83,62,30,100,54,10,118,25,52,125,38" hai2="110,115,122,79,36,120,5,107,84,123,12,44,23" hai3="20,77,17,42,70,2,114,103,33,91,53,129,94"/><U18/><E118/><V72/><F107/><W4/><G114/><T19/><D133/><U13/><E134/><V35/><F72/><W21/><G129/><T8/><D121/><U80/><E125/><V24/><F36/><W88/><G70/><T74/><D102/><U46/><E100/><V29/><F44/><W39/><G77/><T116/><D116/><U87/><E73/><V66/><F66/><W86/><G103/><T85/><D74/><U0/><E0/><V50/><F50/><W71/><G71/><T128/><D128/><U78/><E80/><V97/><F97/><W27/><G42/><T45/><D1/><U104/><E104/><V124/><F84/><W40/><G40/><T96/><D96/><U81/><E81/><V101/><F79/><W28/><G39/><T49/><D58/><U119/><E119/><V93/><F93/><W106/><G106/><T34/><D34/><U75/><E75/><V99/><F99/><W68/><G68/><T113/><D9/><U59/><E38/><V48/><F48/><W135/><G135/><T67/><D113/><U61/><E46/><V127/><F101/><W117/><G117/><T47/><D47/><U56/><E30/><V3/><F110/><W16/><G53/><T32/><D32/><U89/><E25/><V126/><F115/><W63/><G91/><AGARI ba="1,0" hai="10,13,18,52,54,56,59,61,62,78,83,87,89,91" machi="91" ten="40,7700,0" yaku="9,1,8,1,54,1" doraHai="31" who="1" fromWho="3" sc="121,0,467,80,211,0,201,-80" /><INIT seed="1,2,0,1,3,118" ten="121,547,211,121" oya="1" hai0="15,34,59,99,14,86,96,109,27,119,81,23,6" hai1="52,79,7,60,42,28,105,77,17,115,85,67,129" hai2="108,70,4,26,94,55,127,120,97,83,19,21,116" hai3="16,20,58,40,126,45,29,78,130,18,3,114,87"/><U50/><E115/><V68/><F116/><W111/><G114/><T117/><D109/><U24/><E129/><V92/><F108/><W88/><G111/><T73/><D73/><U63/><E105/><V98/><F127/><W43/><G126/><T32/><D6/><U71/><E7/><V25/><F4/><W62/><G3/><T13/><D59/><U82/><E63/><V90/><F83/><W35/><G130/><T128/><D128/><U66/><E66/><V125/><F125/><W49/><G78/><T11/><D11/><U131/><E131/><V84/><F84/><W65/><G35/><T100/><D117/><U69/><E69/><V5/><F5/><W36/><G36/><T91/><D99/><U61/><E61/><V122/><F55/><W46/><G29/><T113/><D113/><U121/><E42/><V80/><F80/><W102/><G102/><T89/><D89/><U31/><E77/><V12/><F70/><W123/><G123/><T95/><REACH who="0" step="1"/><D119/><REACH who="0" ten="111,547,211,121" step="2"/><U0/><E71/><V93/><F68/><W8/><G8/><T30/><AGARI ba="2,1" hai="13,14,15,23,27,30,32,34,81,86,91,95,96,100" machi="30" ten="30,4000,0" yaku="1,1,2,1,0,1,53,0" doraHai="118" doraHaiUra="132" who="0" fromWho="0" sc="111,56,547,-22,211,-12,121,-12" /><INIT seed="2,0,0,3,5,73" ten="167,525,199,109" oya="2" hai0="129,103,10,27,72,107,3,67,81,11,16,112,14" hai1="12,47,87,46,102,28,62,68,128,19,59,35,109" hai2="50,124,65,96,64,115,127,48,125,32,52,82,25" hai3="118,60,71,9,101,61,135,114,15,122,33,108,49"/><V110/><F115/><W123/><G118/><T34/><D112/><U26/><E109/><V51/><F110/><W86/><G114/><T120/><D120/><U5/><E68/><V31/><F96/><W85/><G108/><T37/><D37/><U23/><E128/><V43/><F43/><W63/><G33/><T54/><D67/><U78/><E102/><V41/><F41/><W1/><G71/><T7/><D129/><U77/><E5/><V93/><F93/><W36/><G36/><T134/><D134/><U99/><E99/><V95/><F95/><W13/><G101/><T121/><D121/><U76/><REACH who="1" step="1"/><E87/><REACH who="1" ten="167,515,199,109" step="2"/><V83/><F65/><AGARI ba="0,1" hai="12,19,23,26,28,35,46,47,59,62,65,76,77,78" machi="65" ten="40,16000,3" yaku="1,1,2,1,52,3,53,3" doraHai="73" doraHaiUra="75" who="1" fromWho="2" sc="167,0,515,170,199,-160,109,0" /><INIT seed="3,0,0,4,1,45" ten="167,685,39,109" oya="3" hai0="85,27,100,64,134,22,111,95,44,72,118,103,39" hai1="128,71,119,34,42,130,107,77,35,5,20,40,53" hai2="57,125,30,48,99,113,68,70,51,116,54,112,74" hai3="87,132,106,41,23,65,52,18,109,117,8,83,78"/><W86/><G117/><T46/><D118/><U66/><E119/><V33/><F74/><W121/><G121/><T126/><D72/><U43/><E107/><V49/><F99/><W0/><G132/><T92/><D134/><U133/><E77/><V13/><F13/><W2/><G109/><T4/><D126/><U25/><E5/><V82/><F82/><W3/><G106/><T129/><D129/><U36/><E36/><V135/><F135/><W16/><G65/><T60/><D4/><U114/><E114/><N who="2" m="44139" /><F30/><W90/><G41/><T89/><D39/><U69/><E53/><V62/><F33/><W55/><G8/><T26/><D26/><U7/><E7/><V63/><F116/><W21/><G21/><T101/><D95/><U110/><E110/><V12/><F12/><W104/><G104/><T29/><REACH who="0" step="1"/><D111/><REACH who="0" ten="157,685,39,109" step="2"/><U11/><E133/><V97/><F125/><W115/><G115/><T105/><D105/><U1/><E130/><V19/><F19/><W9/><G18/><T93/><D93/><U76/><E25/><V124/><F124/><W96/><G9/><T56/><AGARI ba="0,1" hai="22,27,29,44,46,56,60,64,85,89,92,100,101,103" machi="56" ten="30,7900,0" yaku="1,1,0,1,8,1,53,1" doraHai="45" doraHaiUra="59" who="0" fromWho="0" sc="157,89,685,-20,39,-20,109,-39" /><INIT seed="4,0,0,1,5,0" ten="246,665,19,70" oya="0" hai0="128,45,13,5,32,80,47,97,96,120,53,22,121" hai1="38,71,60,122,33,48,125,79,12,27,52,116,51" hai2="85,14,123,35,59,124,21,82,6,49,130,113,98" hai3="109,50,29,87,3,19,64,18,61,84,43,7,56"/><T15/><D32/><U91/><E38/><V41/><F35/><W132/><G109/><T9/><D128/><U46/><E122/><V67/><F123/><W102/><G132/><T44/><D120/><U104/><E104/><V72/><F72/><W106/><G29/><T77/><D121/><U11/><E125/><V129/><F124/><W36/><G36/><T17/><REACH who="0" step="1"/><D53/><REACH who="0" ten="236,665,19,70" step="2"/><U10/><E52/><N who="2" m="32143" /><F113/><W54/><G54/><T133/><D133/><U8/><E33/><V76/><F41/><W95/><G43/><T26/><D26/><U55/><E27/><V119/><F119/><W1/><G64/><T23/><D23/><U101/><E116/><V90/><F67/><W107/><G107/><T30/><D30/><U100/><E55/><V117/><F117/><W75/><G106/><T135/><D135/><U112/><E112/><V88/><F21/><W62/><G62/><T68/><D68/><U83/><E71/><V42/><F42/><W126/><G61/><T34/><D34/><U20/><E60/><V89/><F129/><W16/><G126/><T2/><D2/><U131/><E20/><V65/><F130/><W73/><G1/><T28/><D28/><U118/><E131/><V24/><F65/><W4/><G3/><T103/><D103/><U99/><E101/><V111/><F24/><W31/><G31/><T78/><D78/><U25/><E25/><V114/><F114/><W92/><G102/><T115/><D115/><U105/><E118/><V57/><F111/><W40/><G40/><T70/><D70/><U69/><E100/><V86/><F76/><RYUUKYOKU ba="0,1" sc="236,30,665,-10,19,-10,70,-10" hai0="5,9,13,15,17,22,44,45,47,77,80,96,97" /><INIT seed="4,1,1,3,0,134" ten="266,655,9,60" oya="0" hai0="17,133,129,5,73,58,90,97,22,45,13,92,77" hai1="99,69,67,46,1,95,50,12,109,25,79,60,28" hai2="89,18,126,101,39,127,116,94,62,104,128,98,38" hai3="122,123,0,55,42,114,7,57,117,132,105,61,120"/><T88/><D133/><U31/><E109/><V70/><F128/><W91/><G105/><T2/><D129/><U54/><E1/><V121/><F121/><W107/><G107/><T19/><D2/><U63/><E79/><V86/><F18/><W68/><G132/><T6/><D73/><U118/><E118/><V11/><F11/><N who="3" m="2535" /><G117/><T24/><D77/><U81/><E81/><V65/><F116/><W125/><G114/><T78/><D78/><U43/><E12/><V108/><F108/><W23/><G68/><T35/><D35/><U113/><E113/><V34/><F34/><W27/><G42/><T102/><D45/><U135/><E135/><V4/><F4/><N who="0" m="1642" /><D58/><U53/><E63/><V52/><F52/><W74/><G74/><T96/><D96/><U9/><E99/><V48/><F48/><W44/><G44/><T110/><D110/><U56/><E54/><V87/><F86/><W72/><G72/><T115/><D115/><U85/><E50/><V14/><F14/><W111/><G111/><T47/><D47/><U66/><E53/><V30/><F30/><N who="3" m="17791" /><G91/><T80/><D80/><U37/><E56/><V64/><F65/><W100/><G100/><T21/><AGARI ba="1,1" hai="13,17,19,21,22,24,88,90,92,97,102" m="1642" machi="21" ten="30,3000,0" yaku="8,1,54,1" doraHai="134" who="0" fromWho="0" sc="266,43,655,-11,9,-11,60,-11" owari="309,10.9,644,74.4,-2,-50.2,49,-35.1" /></mjloggm>