<mjloggm ver="2.3"><GO type="169" lobby="0"/><UN n0="%57%E7%BF%BC%E9%9B%AA" n1="%E3%81%9B%E3%81%A9%E3%81%AA%E3%82%8A%E3%81%82%E3%82%93" n2="%E3%81%B3%E3%82%8A%E3%81%B3%E3%82%8A%E2%98%86%E3%83%93%E3%83%AA%E3%83%BC" n3="%4C%61%72%72%6B" dan="16,17,17,16" rate="2062.81,2168.39,2215.62,2157.55" sx="F,F,M,M"/><TAIKYOKU oya="0"/><INIT seed="0,0,0,2,1,30" ten="250,250,250,250" oya="0" hai0="60,66,50,32,130,22,87,49,82,134,23,110,78" hai1="11,57,10,75,0,135,122,42,69,127,37,2,31" hai2="104,12,109,108,8,39,133,46,41,74,88,132,77" hai3="113,53,70,112,79,33,92,61,25,128,121,101,64"/><T83/><D130/><U14/><E57/><V56/><F104/><W44/><G128/><T99/><D134/><N who="2" m="51818" /><F56/><W100/><G79/><T19/><D110/><N who="2" m="42602" /><F88/><W111/><G111/><T15/><D32/><U54/><E54/><V5/><F77/><W43/><G121/><T9/><D99/><U24/><E69/><V72/><AGARI ba="0,0" hai="5,8,12,39,41,46,72,74" m="42602,51818" machi="72" ten="40,2700,0" yaku="20,1,14,1" doraHai="30" who="2" fromWho="2" sc="250,-13,250,-7,250,27,250,-7" /><INIT seed="1,0,0,4,0,65" ten="237,243,277,243" oya="1" hai0="2,122,79,44,51,58,86,40,71,84,125,32,127" hai1="93,117,76,116,42,53,83,95,19,91,135,50,64" hai2="102,7,82,28,85,4,90,6,36,70,49,92,34" hai3="56,57,67,69,72,48,8,104,108,45,13,21,115"/><U43/><E135/><V111/><F111/><W134/><G108/><T89/><D71/><U17/><E64/><V73/><F36/><W31/><G115/><T78/><D2/><U10/><E10/><V81/><F70/><W98/><G72/><T132/><D32/><U22/><E116/><V35/><F28/><W29/><G134/><T118/><D132/><U23/><E117/><V25/><F25/><W107/><G69/><T124/><D118/><U41/><E76/><V99/><F49/><W105/><G98/><T112/><D112/><U80/><E22/><V129/><F129/><W18/><G67/><T106/><D106/><U39/><E39/><V130/><F130/><W63/><G63/><T114/><D114/><U120/><E93/><V126/><F126/><W46/><G46/><T15/><D122/><U128/><E120/><V55/><F55/><W3/><G29/><T87/><D89/><U30/><E30/><V61/><F61/><W62/><G62/><T110/><D110/><U12/><E17/><V77/><AGARI ba="0,0" hai="4,6,7,34,35,73,77,81,82,85,90,92,99,102" machi="77" ten="30,1100,0" yaku="0,1" doraHai="65" who="2" fromWho="2" sc="237,-3,243,-5,277,11,243,-3" /><INIT seed="2,0,0,4,5,66" ten="234,238,288,240" oya="2" hai0="106,39,3,96,122,129,84,58,109,52,9,44,74" hai1="132,94,26,69,77,41,37,64,47,95,123,23,8" hai2="45,130,30,71,57,24,73,17,14,133,68,88,120" hai3="16,10,31,118,105,75,15,115,38,62,40,128,83"/><V34/><F120/><W53/><G118/><T131/><D122/><U51/><E123/><V59/><F73/><W78/><G105/><T104/><D74/><U13/><E132/><V61/><F133/><W70/><G128/><N who="0" m="49227" /><D109/><U67/><E37/><V48/><F130/><W100/><G100/><T81/><D96/><U107/><E107/><V117/><F117/><W87/><G115/><T29/><D29/><U7/><E77/><V79/><F79/><W116/><G116/><T90/><D3/><U127/><E127/><V110/><F110/><W97/><G31/><T36/><D9/><U80/><E80/><V111/><F111/><W33/><G33/><T11/><D11/><U60/><REACH who="1" step="1"/><E67/><REACH who="1" ten="234,228,288,240" step="2"/><V12/><F34/><W50/><G83/><T32/><D32/><U126/><E126/><V56/><F61/><W135/><G62/><N who="0" m="36167" /><D36/><U2/><E2/><V85/><F48/><W19/><G50/><T99/><D99/><U20/><E20/><V28/><F85/><W101/><G87/><T54/><D39/><U0/><E0/><V108/><F108/><W125/><G97/><T103/><D103/><U112/><E112/><V134/><F134/><W63/><G101/><T46/><D104/><U27/><E27/><V49/><F24/><W102/><G102/><T121/><D121/><U93/><E93/><V6/><F49/><W55/><G38/><T76/><D106/><U25/><E25/><V114/><F114/><W4/><G135/><T42/><D76/><U1/><E1/><V21/><F21/><W124/><G78/><T65/><D84/><U72/><E72/><RYUUKYOKU ba="0,1" sc="234,-10,228,30,288,-10,240,-10" hai1="7,8,13,23,26,41,47,51,60,64,69,94,95" /><INIT seed="3,1,1,1,5,120" ten="224,258,278,230" oya="3" hai0="35,100,9,105,108,40,24,102,22,6,113,32,48" hai1="104,81,63,53,62,73,103,57,119,86,28,44,107" hai2="117,112,116,38,133,124,92,98,25,99,50,19,52" hai3="127,132,89,77,20,3,11,129,64,76,15,128,130"/><W106/><G106/><T30/><D113/><U121/><E121/><V0/><F112/><W67/><G3/><T36/><D36/><U51/><E73/><V85/><F38/><W7/><G20/><T31/><D31/><U96/><E119/><V114/><F114/><W109/><G127/><T71/><D71/><U93/><E28/><V84/><F0/><W80/><G132/><T27/><D27/><U60/><E104/><V118/><F124/><W65/><G109/><T126/><D126/><U69/><E107/><V78/><F133/><W66/><N who="3" m="16384" /><DORA hai="26" /><W131/><N who="3" m="32768" /><DORA hai="70" /><W18/><REACH who="3" step="1"/><G7/><REACH who="3" ten="224,258,278,220" step="2"/><T94/><D108/><U87/><E69/><V8/><F118/><W55/><G55/><T1/><D105/><U101/><E101/><V34/><F52/><W122/><G122/><T42/><D100/><U123/><E123/><V12/><F117/><W56/><G56/><T95/><D102/><U17/><E17/><V39/><F19/><W97/><G97/><T46/><REACH who="0" step="1"/><D42/><REACH who="0" ten="214,258,278,220" step="2"/><U115/><E115/><V88/><F116/><W134/><G134/><T41/><D41/><U72/><E103/><V111/><F111/><W83/><G83/><T74/><D74/><U75/><E75/><V45/><F92/><AGARI ba="1,3" hai="1,6,9,22,24,30,32,35,40,46,48,92,94,95" machi="92" ten="40,8000,1" yaku="1,1,52,1,53,3" doraHai="120,26,70" doraHaiUra="2,4,37" who="0" fromWho="2" sc="214,113,258,0,278,-83,220,0" /><INIT seed="4,0,0,3,0,13" ten="327,258,195,220" oya="0" hai0="105,102,90,9,10,116,24,70,25,64,132,40,127" hai1="80,99,56,6,60,115,38,91,82,42,86,84,22" hai2="98,66,2,74,106,58,26,107,41,83,28,23,110" hai3="27,57,72,117,8,61,103,118,45,14,101,79,134"/><T123/><D116/><U62/><E115/><V85/><F110/><W21/><G45/><T131/><D123/><U18/><E38/><V73/><F2/><W46/><G46/><T59/><D70/><U30/><E42/><V54/><F41/><W88/><G134/><T129/><D40/><U68/><E6/><V94/><F66/><W119/><G72/><T19/><D132/><U93/><E30/><V109/><F109/><W128/><G79/><T69/><D69/><U120/><E68/><V78/><F74/><W51/><G51/><T75/><D75/><U97/><E120/><V33/><F33/><W16/><G128/><N who="0" m="49227" /><D90/><U81/><E97/><V108/><F73/><W53/><REACH who="3" step="1"/><G88/><REACH who="3" ten="327,258,195,210" step="2"/><T126/><D126/><U34/><E60/><V11/><F108/><W39/><G39/><T96/><D127/><U122/><E122/><V49/><REACH who="2" step="1"/><F11/><REACH who="2" ten="327,258,185,210" step="2"/><W77/><G77/><T135/><D135/><U3/><E3/><V71/><F71/><W65/><G65/><T95/><D10/><U29/><E34/><V133/><F133/><W87/><G87/><T104/><D64/><U35/><E35/><V48/><F48/><W37/><G37/><T111/><D111/><U5/><E84/><V130/><F130/><W121/><G121/><T1/><D9/><U55/><E86/><V114/><F114/><W112/><G112/><T20/><D1/><U36/><E36/><V17/><F17/><AGARI ba="0,2" hai="8,14,16,17,21,27,53,57,61,101,103,117,118,119" machi="17" ten="40,12000,2" yaku="1,1,52,2,54,1,53,2" doraHai="13" doraHaiUra="12" who="3" fromWho="2" sc="327,0,258,0,185,-120,210,140" /><INIT seed="5,0,0,5,0,107" ten="327,258,65,350" oya="1" hai0="47,32,17,40,134,119,60,21,6,95,63,111,64" hai1="16,53,124,19,50,3,75,4,116,58,133,112,34" hai2="93,77,110,23,8,82,18,43,13,61,101,1,22" hai3="65,59,89,54,70,85,26,52,69,36,10,62,109"/><U30/><E116/><V0/><F110/><W135/><G109/><T9/><D111/><U12/><E112/><V83/><F43/><W27/><G36/><T108/><D108/><U73/><E19/><V96/><F83/><W129/><G129/><T97/><D32/><U71/><E71/><V76/><F76/><W115/><G115/><T131/><D119/><U114/><E114/><V78/><F78/><W128/><G128/><T102/><D131/><U106/><E106/><V20/><REACH who="2" step="1"/><F61/><REACH who="2" ten="327,258,55,350" step="2"/><W86/><G62/><T15/><D64/><U80/><E80/><V113/><F113/><W104/><G65/><T11/><D134/><U100/><E133/><V57/><F57/><W118/><G59/><T5/><D60/><U122/><E122/><V84/><AGARI ba="0,1" hai="0,1,8,13,18,20,22,23,77,82,84,93,96,101" machi="84" ten="30,2000,0" yaku="1,1,0,1,53,0" doraHai="107" doraHaiUra="38" who="2" fromWho="2" sc="327,-5,258,-10,55,30,350,-5" /><INIT seed="6,0,0,2,4,77" ten="322,248,85,345" oya="2" hai0="123,101,110,15,11,16,99,83,93,0,6,89,122" hai1="27,49,33,71,1,51,92,54,131,106,57,97,129" hai2="32,105,26,86,61,90,112,98,87,65,84,119,134" hai3="108,31,127,59,40,55,58,73,115,69,125,94,39"/><V12/><F119/><W3/><G3/><T24/><D110/><U45/><E106/><V114/><F134/><W21/><G73/><T126/><D126/><N who="3" m="48137" /><G108/><T62/><D24/><U66/><E1/><V41/><F41/><W96/><G69/><T48/><D48/><U74/><E74/><V113/><F12/><W130/><G130/><N who="1" m="49674" /><E71/><V2/><F2/><W132/><G132/><T13/><D0/><U72/><E72/><V50/><F50/><W76/><G115/><T111/><D111/><U25/><E33/><V43/><F43/><W53/><G76/><T4/><D62/><N who="1" m="38223" /><E49/><V80/><F105/><W107/><G107/><T95/><D4/><U10/><E10/><V64/><F98/><W23/><G59/><T63/><D63/><U22/><E22/><N who="3" m="8202" /><G58/><T121/><D121/><U9/><E9/><V56/><REACH who="2" step="1"/><F65/><REACH who="2" ten="322,248,75,345" step="2"/><W88/><G31/><AGARI ba="0,1" hai="26,31,32,56,61,64,80,84,86,87,90,112,113,114" machi="31" ten="40,12000,1" yaku="1,1,2,1,15,1,52,1,53,0" doraHai="77" doraHaiUra="38" who="2" fromWho="3" sc="322,0,248,0,75,130,345,-120" /><INIT seed="6,1,0,2,0,103" ten="322,248,205,225" oya="2" hai0="54,85,110,79,7,132,84,4,51,46,100,67,20" hai1="0,37,87,40,90,74,10,21,30,112,73,58,23" hai2="130,95,12,97,71,92,26,32,16,125,81,127,117" hai3="118,114,9,69,34,17,111,108,119,57,96,88,106"/><V131/><F117/><W35/><G69/><T120/><D120/><U64/><E112/><V45/><F71/><W29/><G57/><T19/><D110/><U14/><E0/><V59/><F45/><W122/><G17/><T101/><D132/><U28/><E37/><V11/><F81/><W124/><G9/><T113/><D113/><U91/><E40/><V66/><F32/><W53/><G53/><T31/><D31/><N who="1" m="11819" /><E74/><V75/><F26/><W102/><G114/><T5/><D67/><U49/><E73/><V2/><F2/><W115/><G115/><T123/><D123/><U109/><E109/><N who="3" m="42058" /><G88/><N who="1" m="33834" /><E87/><N who="0" m="33353" /><D79/><U104/><E104/><V15/><F75/><W121/><G124/><N who="2" m="47689" /><F15/><AGARI ba="1,0" hai="4,5,7,15,19,20,46,51,54,100,101" m="33353" machi="15" ten="30,1000,0" yaku="8,1" doraHai="103" who="0" fromWho="2" sc="322,13,248,0,205,-13,225,0" /><INIT seed="7,0,0,5,2,41" ten="335,248,192,225" oya="3" hai0="76,64,19,65,87,77,1,102,62,122,108,11,51" hai1="89,93,26,94,28,45,5,2,59,39,22,126,57" hai2="34,4,69,0,52,85,97,60,23,61,107,134,42" hai3="83,104,20,78,115,72,119,35,75,15,46,133,21"/><W14/><G119/><T101/><D108/><U132/><E126/><V71/><F34/><W55/><G35/><T106/><D122/><U36/><E132/><V82/><F134/><W103/><G133/><T37/><D37/><U74/><E74/><V88/><F42/><W96/><G75/><T70/><D65/><U32/><E32/><V113/><F113/><W13/><REACH who="3" step="1"/><G115/><REACH who="3" ten="335,248,192,215" step="2"/><T125/><D125/><U68/><E36/><V9/><F23/><W121/><G121/><T58/><D106/><U131/><E39/><V30/><F30/><W73/><G73/><T67/><D11/><U117/><E22/><V56/><REACH who="2" step="1"/><F61/><REACH who="2" ten="335,248,182,215" step="2"/><W79/><G79/><T90/><D76/><U135/><E28/><V25/><F25/><W120/><G120/><T124/><D77/><U44/><E26/><V38/><F38/><W3/><G3/><T100/><D62/><U109/><E2/><V7/><F7/><W98/><G98/><T47/><D1/><U130/><E5/><V8/><F8/><W128/><G128/><T105/><D124/><U16/><E135/><V111/><F111/><W66/><G66/><T53/><D67/><U63/><E109/><V40/><F40/><W99/><G99/><T33/><D33/><U43/><E43/><V91/><F91/><W127/><G127/><T18/><D64/><U24/><E63/><V48/><F48/><AGARI ba="0,2" hai="13,14,15,20,21,46,48,55,72,78,83,96,103,104" machi="48" ten="40,12000,1" yaku="1,1,52,1,53,2" doraHai="41" doraHaiUra="17" who="3" fromWho="2" sc="335,0,248,0,182,-120,215,140" owari="335,13.5,248,-15.2,62,-43.8,355,45.5" /></mjloggm>