<mjloggm ver="2.3"><GO type="225" lobby="0"/><UN n0="%E3%81%BF%E3%81%BF%E3%81%9A" n1="%E8%B5%A4%E3%81%84%E8%9B%99%31%31" n2="%70%68%65%6E%6F%6D%65" n3="%E6%98%93%E5%88%A9%E8%96%A9%E4%BC%AF" dan="17,16,16,17" rate="2289.68,2093.57,2191.98,2205.37" sx="M,M,M,F"/><TAIKYOKU oya="0"/><INIT seed="0,0,0,3,3,15" ten="250,250,250,250" oya="0" hai0="21,47,133,135,54,85,40,127,109,104,58,65,26" hai1="115,122,101,63,24,48,72,73,51,107,129,59,111" hai2="8,106,114,131,52,130,22,35,6,132,113,2,74" hai3="4,105,124,79,66,53,77,16,0,1,80,14,67"/><T86/><D104/><U110/><E122/><V39/><F74/><W121/><G105/><T102/><D102/><U38/><E38/><V98/><F39/><W103/><G103/><T69/><D65/><U90/><E129/><N who="2" m="49163" /><F106/><W93/><G121/><T120/><D69/><U92/><E107/><V41/><F41/><W78/><G93/><T36/><D127/><U19/><E101/><V125/><F98/><W70/><G124/><T134/><D109/><N who="1" m="41483" /><E115/><V91/><F35/><W32/><G32/><T68/><D68/><U96/><E72/><V23/><F125/><W62/><G67/><T95/><D95/><U25/><E25/><V128/><N who="2" m="49171" /><V13/><DORA hai="3" /><F91/><W50/><G4/><T43/><D43/><U75/><E73/><V83/><F83/><W116/><G80/><T46/><D46/><U123/><E75/><V57/><F132/><W30/><G30/><T97/><D97/><U84/><E84/><V33/><F33/><W9/><REACH who="3" step="1"/><G116/><REACH who="3" ten="250,250,250,240" step="2"/><T12/><D120/><U10/><E123/><V88/><F114/><W94/><G94/><T49/><REACH who="0" step="1"/><D12/><REACH who="0" ten="240,250,250,240" step="2"/><N who="1" m="7575" /><E24/><V71/><F113/><W55/><G55/><AGARI ba="0,2" hai="48,51,55,59,63,90,92,96" m="7575,41483" machi="55" ten="30,2000,0" yaku="14,1,52,1" doraHai="15,3" who="1" fromWho="3" sc="240,0,250,40,250,0,240,-20" /><INIT seed="1,0,0,5,4,58" ten="240,290,250,220" oya="1" hai0="47,125,55,67,30,109,23,116,99,39,0,26,110" hai1="86,131,68,122,76,106,89,35,44,31,38,42,82" hai2="29,81,113,120,8,69,18,45,95,33,78,74,114" hai3="130,5,111,41,10,59,132,65,3,25,46,19,1"/><U77/><E122/><V105/><F105/><W90/><G111/><N who="0" m="42507" /><D116/><U119/><E119/><V75/><F120/><W60/><G130/><T63/><D125/><U52/><E131/><V92/><F69/><W2/><G132/><T97/><D0/><U112/><E112/><N who="2" m="43115" /><F75/><W123/><G123/><T14/><D14/><U6/><E106/><V57/><F45/><W85/><G25/><T117/><D117/><U51/><E68/><V118/><F118/><W70/><G19/><T88/><D88/><U100/><E100/><V13/><F57/><W91/><G70/><N who="0" m="42367" /><D55/><U66/><E66/><V11/><F11/><W73/><G73/><T22/><D23/><U134/><E6/><V20/><F33/><W128/><G128/><T127/><D127/><U24/><REACH who="1" step="1"/><E134/><REACH who="1" ten="240,280,250,220" step="2"/><V129/><F129/><W80/><REACH who="3" step="1"/><G91/><REACH who="3" ten="240,280,250,210" step="2"/><T96/><D96/><U15/><E15/><V54/><F13/><W115/><G115/><T94/><D99/><U121/><E121/><V84/><F74/><W71/><G71/><T108/><D108/><U83/><E83/><V64/><F81/><W27/><G27/><T107/><D97/><U36/><E36/><AGARI ba="0,2" hai="1,2,3,5,10,36,41,46,59,60,65,80,85,90" machi="36" ten="30,3900,0" yaku="1,1,7,1,52,1,53,0" doraHai="58" doraHaiUra="98" who="3" fromWho="1" sc="240,0,280,-39,250,0,210,59" /><INIT seed="2,0,0,5,5,52" ten="240,241,250,269" oya="2" hai0="105,31,5,60,90,6,35,74,47,40,120,91,135" hai1="68,102,59,56,51,61,133,116,50,2,7,84,71" hai2="17,11,57,101,125,80,63,8,14,41,49,33,114" hai3="122,69,64,42,27,77,12,36,15,87,25,54,94"/><V24/><F114/><W66/><G69/><T26/><D120/><U112/><E116/><V97/><F125/><W29/><G122/><T46/><D74/><U18/><E112/><V109/><F109/><W83/><G27/><T78/><D105/><U22/><E133/><V124/><F124/><W115/><G115/><T106/><D106/><U39/><E39/><V113/><F113/><W76/><G76/><T81/><D135/><U111/><E102/><V65/><F80/><W121/><G121/><T30/><D78/><U32/><E32/><V127/><F127/><W96/><G42/><T73/><D73/><U107/><E107/><V129/><F129/><W72/><G36/><T119/><D119/><U16/><E111/><V128/><F128/><W43/><G43/><T75/><D75/><U103/><E103/><V100/><F11/><W67/><G54/><T3/><D3/><U126/><E126/><V13/><F14/><W37/><G37/><T21/><D81/><U28/><E84/><V20/><F33/><W23/><REACH who="3" step="1"/><G72/><REACH who="3" ten="240,241,250,259" step="2"/><T99/><D40/><U118/><E118/><V92/><F41/><W132/><G132/><T4/><D35/><U98/><E71/><V108/><F108/><W134/><G134/><T79/><D79/><U85/><E68/><V131/><F131/><W104/><G104/><T0/><D31/><U123/><E28/><N who="2" m="17415" /><F49/><W53/><G53/><T82/><D60/><U93/><E61/><V88/><AGARI ba="0,1" hai="8,13,17,57,63,65,88,92,97,100,101" m="17415" machi="88" ten="30,6000,0" yaku="8,1,52,1,54,1" doraHai="52" who="2" fromWho="2" sc="240,-20,241,-20,250,70,259,-20" /><INIT seed="2,1,0,4,0,15" ten="220,221,320,239" oya="2" hai0="109,82,63,104,77,38,93,20,70,53,2,60,21" hai1="97,10,126,42,110,128,68,24,123,133,18,94,92" hai2="43,37,9,28,39,113,57,35,118,135,40,50,12" hai3="107,6,114,76,108,119,125,54,4,85,132,45,47"/><V65/><F113/><W122/><G119/><T96/><D2/><U59/><E68/><V134/><F118/><W90/><G122/><T36/><D104/><U49/><E123/><V17/><F35/><W22/><G107/><T100/><D109/><U1/><E110/><V69/><F28/><W79/><G132/><N who="2" m="50729" /><F69/><W124/><G114/><T5/><D5/><N who="3" m="2153" /><G22/><N who="0" m="8811" /><D36/><N who="2" m="13898" /><F50/><N who="3" m="29007" /><G47/><T72/><D72/><U66/><E1/><V102/><F102/><W120/><G120/><T73/><D73/><U112/><E133/><V33/><F33/><W131/><G131/><T23/><D38/><U103/><E128/><V105/><F105/><W88/><G90/><T98/><D70/><U44/><E112/><V46/><F46/><W56/><G56/><T61/><D98/><U14/><E24/><V19/><F43/><W58/><G58/><N who="0" m="34895" /><D23/><U31/><E31/><V11/><F40/><W89/><G89/><T80/><D77/><U26/><E26/><V7/><F11/><W13/><G13/><T16/><D16/><N who="2" m="6218" /><F57/><W32/><G32/><T52/><D61/><U115/><E115/><V67/><AGARI ba="1,0" hai="7,9,12,65,67" m="6218,13898,50729" machi="67" ten="40,12000,1" yaku="20,1,52,3,54,1" doraHai="15" who="2" fromWho="2" sc="220,-41,221,-41,320,123,239,-41" /><INIT seed="2,2,0,5,4,69" ten="179,180,443,198" oya="2" hai0="52,57,18,61,47,96,16,53,118,2,75,35,129" hai1="133,111,59,48,119,10,43,112,21,14,116,74,99" hai2="117,64,130,26,71,100,89,1,131,108,79,45,58" hai3="122,28,44,88,31,37,125,9,134,83,105,102,101"/><V33/><F117/><W98/><G122/><T86/><D75/><U27/><E112/><V91/><F71/><W23/><G134/><T121/><D121/><U3/><E3/><V115/><F1/><W93/><G125/><T5/><D35/><U128/><E128/><V94/><F79/><W70/><G70/><T49/><D129/><U19/><E133/><V24/><F115/><W11/><G83/><T15/><D118/><U110/><E74/><V20/><F33/><W109/><G102/><T135/><D135/><U7/><E99/><N who="2" m="59511" /><F26/><W46/><G109/><N who="1" m="41482" /><E59/><V104/><F104/><W32/><G32/><T120/><D120/><U8/><E48/><V76/><F76/><W55/><G55/><T17/><D96/><U90/><E90/><N who="2" m="34315" /><F45/><W60/><G31/><T6/><D2/><N who="1" m="119" /><E43/><V36/><F108/><W106/><G106/><T73/><D73/><U114/><E114/><V132/><F132/><W12/><G60/><T103/><D103/><U95/><E95/><V65/><F58/><W22/><G46/><T78/><D15/><U29/><AGARI ba="2,0" hai="10,14,19,21,27,29,116,119" m="119,41482" machi="29" ten="30,4000,0" yaku="14,1,34,2" doraHai="69" who="1" fromWho="1" sc="179,-12,180,46,443,-22,198,-12" /><INIT seed="3,0,0,5,2,72" ten="167,226,421,186" oya="3" hai0="67,29,97,58,17,77,71,23,134,24,5,4,135" hai1="117,126,1,47,70,114,98,87,7,52,101,102,31" hai2="8,125,73,16,57,62,64,27,100,50,69,80,76" hai3="85,84,11,120,10,121,65,28,83,133,30,88,118"/><W60/><G118/><T104/><D77/><U35/><E70/><V18/><F125/><W45/><G133/><N who="0" m="50699" /><D71/><U95/><E114/><V109/><F109/><W6/><G45/><T44/><D44/><U12/><E1/><V128/><F128/><W66/><G84/><T46/><D46/><U110/><E35/><V115/><F115/><W116/><G116/><T108/><D108/><U59/><E31/><V91/><F100/><W15/><G11/><T55/><D67/><U21/><E102/><V111/><F111/><W36/><G36/><T74/><D74/><U22/><E47/><V82/><F27/><W19/><G6/><N who="0" m="2667" /><D104/><U90/><E110/><V106/><F106/><W2/><G2/><T92/><D92/><N who="1" m="54367" /><E117/><V112/><F8/><W13/><G13/><N who="0" m="9647" /><D97/><U51/><E126/><V127/><F91/><W20/><G66/><T3/><D3/><U41/><E41/><V39/><F50/><W105/><G105/><T49/><D29/><U32/><E98/><V119/><F112/><W132/><G132/><T79/><D24/><U130/><E101/><V33/><F33/><W34/><G34/><T89/><D89/><U107/><E32/><V78/><F39/><W96/><G96/><T124/><D124/><U9/><E107/><V40/><F119/><W42/><G42/><T48/><D79/><U99/><E99/><V131/><F127/><W25/><G30/><T14/><D14/><U37/><E12/><V113/><F131/><W43/><G43/><T122/><D122/><U0/><E37/><V93/><F40/><W123/><G123/><T56/><D56/><AGARI ba="0,0" hai="10,15,19,20,25,28,56,60,65,83,85,88,120,121" machi="56" ten="30,5800,0" yaku="6,1,7,1,54,1" doraHai="72" who="3" fromWho="0" sc="167,-58,226,0,421,0,186,58" /><INIT seed="3,1,0,4,5,46" ten="109,226,421,244" oya="3" hai0="105,78,14,15,115,54,81,113,60,32,103,129,87" hai1="13,83,53,26,21,79,6,123,1,67,9,23,8" hai2="19,73,98,35,18,134,116,107,128,72,52,48,44" hai3="33,66,84,70,47,49,57,102,127,20,24,29,120"/><W16/><G120/><T3/><D3/><U101/><E123/><V71/><F116/><W59/><G127/><T109/><D32/><U91/><E91/><V85/><BYE who="1" /><F35/><W90/><G102/><T34/><D34/><U22/><E22/><V74/><F128/><UN n1="%E8%B5%A4%E3%81%84%E8%9B%99%31%31" /><W132/><G132/><T11/><D129/><U39/><E39/><V106/><F71/><W7/><G7/><T117/><D117/><U108/><E101/><V61/><F134/><W62/><G29/><T17/><D109/><U42/><E42/><V88/><F61/><W133/><G33/><T28/><D28/><U124/><E67/><V69/><F69/><W40/><G133/><T25/><D105/><U63/><E26/><V125/><F125/><W43/><G43/><T104/><D104/><U76/><E76/><V36/><F36/><W38/><G38/><T97/><D15/><U37/><E37/><V82/><F106/><W122/><G122/><T93/><D25/><U68/><E124/><V119/><F119/><W92/><AGARI ba="1,0" hai="16,20,24,40,47,49,57,59,62,66,70,84,90,92" machi="92" ten="20,7800,0" yaku="0,1,7,1,52,1,54,1" doraHai="46" who="3" fromWho="3" sc="109,-27,226,-27,421,-27,244,81" /><INIT seed="3,2,0,5,1,69" ten="82,199,394,325" oya="3" hai0="79,119,51,63,0,85,22,30,120,110,12,46,38" hai1="118,86,34,84,7,29,115,57,104,19,58,83,55" hai2="42,87,62,78,18,133,41,100,13,49,33,77,97" hai3="40,111,65,124,80,2,90,71,20,60,61,27,68"/><W103/><G124/><T45/><D120/><U32/><E104/><V3/><F3/><W105/><G2/><T76/><D119/><U59/><E7/><V114/><F114/><W43/><G111/><T121/><D0/><U132/><E55/><V24/><F133/><W75/><G103/><T126/><D121/><U31/><E19/><V112/><F112/><W135/><G105/><T73/><D126/><U130/><E115/><V39/><F39/><W106/><G106/><T21/><D73/><U14/><E14/><V107/><F62/><W23/><G23/><T134/><D134/><U48/><E48/><V131/><F131/><W81/><G81/><T82/><D110/><U26/><E118/><V15/><F15/><W25/><G25/><T70/><D70/><U28/><E26/><V36/><F36/><W123/><G123/><T93/><D76/><U72/><E130/><V50/><F33/><W67/><G135/><T52/><D63/><U9/><E9/><V66/><F66/><W37/><G37/><T10/><D30/><U56/><E132/><V74/><F24/><W113/><G113/><T129/><D129/><U53/><E28/><V6/><F74/><W16/><G90/><T89/><D45/><U96/><E72/><V127/><F127/><W64/><G67/><T54/><D54/><U4/><E53/><V102/><F100/><W95/><G95/><T128/><D38/><U99/><E29/><V11/><F78/><AGARI ba="2,0" hai="16,20,27,40,43,60,61,64,65,68,71,75,78,80" machi="78" ten="40,3900,0" yaku="9,1,54,1" doraHai="69" who="3" fromWho="2" sc="82,0,199,0,394,-45,325,45" owari="82,-41.8,199,-20.1,349,14.9,370,47.0" /></mjloggm>