<mjloggm ver="2.3"><GO type="169" lobby="0"/><UN n0="%4E%6F%2E%30%30%30%31" n1="%E6%95%97%E5%8C%97%E8%80%85%E3%81%AD%E3%82%8B" n2="%E3%81%97%E3%82%82%E3%82%93%E3%81%AC" n3="%E4%B8%89%E6%B2%B3%E5%B1%8B%E3%81%AE%E3%82%B5%E3%83%96" dan="18,17,16,16" rate="2224.88,2173.95,2201.14,2141.07" sx="M,F,M,M"/><TAIKYOKU oya="0"/><INIT seed="0,0,0,1,0,40" ten="250,250,250,250" oya="0" hai0="55,41,107,6,24,98,60,37,11,33,43,7,129" hai1="36,13,69,74,87,117,22,18,5,127,80,15,86" hai2="25,103,85,123,125,100,51,16,9,52,2,108,30" hai3="115,68,14,3,67,83,19,124,76,121,26,10,82"/><T0/><D129/><U96/><E117/><V112/><F123/><W118/><G118/><T48/><D6/><U28/><E69/><V111/><F112/><W116/><G116/><T49/><D37/><U47/><E127/><V102/><F125/><W79/><G124/><T84/><D84/><U97/><E74/><V73/><F73/><W50/><G115/><T23/><D33/><U71/><E86/><V135/><F135/><W65/><G121/><T88/><D60/><U4/><E71/><V45/><F85/><W63/><G67/><T12/><D0/><U81/><E81/><V34/><REACH who="2" step="1"/><F16/><REACH who="2" ten="250,250,240,250" step="2"/><W61/><G19/><T39/><D39/><U56/><E87/><V122/><F122/><W70/><G79/><T90/><D7/><AGARI ba="0,1" hai="2,7,9,25,30,34,45,51,52,100,102,103,108,111" machi="7" ten="40,12000,2" yaku="1,1,52,1,54,1,53,3" doraHai="40" doraHaiUra="99" who="2" fromWho="0" sc="250,-120,250,0,240,130,250,0" /><INIT seed="1,0,0,5,5,95" ten="130,250,370,250" oya="1" hai0="119,50,14,8,15,58,52,96,33,102,0,130,87" hai1="37,16,85,51,107,83,4,118,39,32,26,42,24" hai2="88,97,82,7,62,43,81,134,86,9,59,80,11" hai3="18,101,113,129,78,105,31,65,53,46,49,67,41"/><U92/><E107/><V40/><F134/><W93/><G113/><T76/><D119/><U54/><E118/><V74/><F74/><W63/><G129/><T5/><D33/><U56/><E4/><V61/><F97/><N who="3" m="59567" /><G105/><T44/><D130/><U66/><E66/><N who="3" m="25098" /><G31/><T55/><D87/><U30/><E92/><N who="2" m="54295" /><F61/><W112/><G112/><T133/><D76/><U72/><E72/><V98/><F98/><W48/><G78/><T127/><D127/><U17/><E42/><N who="2" m="15915" /><F7/><W34/><G34/><T77/><D77/><U13/><E24/><V3/><F3/><W38/><G38/><T79/><D79/><U19/><REACH who="1" step="1"/><E13/><REACH who="1" ten="130,240,370,250" step="2"/><V132/><F132/><W21/><G41/><T57/><D133/><U121/><E121/><V94/><F94/><W128/><G128/><T47/><D14/><U71/><E71/><V1/><F1/><W60/><G49/><T2/><D0/><U10/><E10/><V20/><F20/><W6/><G6/><T131/><D2/><U68/><E68/><V89/><F9/><W91/><G91/><AGARI ba="0,1" hai="16,17,19,26,30,32,37,39,51,54,56,83,85,91" machi="91" ten="40,12000,1" yaku="1,1,54,1,53,2" doraHai="95" doraHaiUra="69" who="1" fromWho="3" sc="130,0,240,130,370,0,250,-120" /><INIT seed="1,1,0,2,5,66" ten="130,370,370,130" oya="1" hai0="50,91,101,8,118,28,108,79,103,116,21,86,98" hai1="96,45,70,1,60,58,7,115,3,48,53,114,120" hai2="39,30,84,93,78,102,15,85,113,83,32,72,133" hai3="19,56,22,90,105,69,129,81,29,130,82,121,112"/><U109/><E120/><V9/><F39/><W97/><G121/><T63/><D108/><U110/><E96/><V55/><F133/><W61/><G112/><T123/><D123/><U4/><E4/><V107/><F113/><W126/><G29/><T124/><D124/><U37/><E7/><V95/><F32/><W11/><G11/><T16/><D79/><U89/><E89/><N who="2" m="53415" /><F55/><W67/><G126/><T100/><D98/><U128/><E128/><N who="3" m="49258" /><G56/><T44/><D63/><U59/><E1/><V36/><F30/><W65/><G65/><T33/><D33/><U17/><E17/><V42/><F42/><W23/><G23/><T46/><D28/><U51/><E3/><V99/><F36/><W87/><G82/><T75/><D75/><U127/><E127/><V26/><F26/><N who="3" m="14687" /><G97/><T40/><D8/><U104/><E37/><V64/><F64/><W111/><G111/><N who="1" m="42506" /><E104/><AGARI ba="1,0" hai="61,67,69,81,87,90,104,105" m="14687,49258" machi="104" ten="30,2000,0" yaku="19,1,52,1" doraHai="66" who="3" fromWho="1" sc="130,0,370,-23,370,0,130,23" /><INIT seed="2,0,0,2,5,68" ten="130,347,370,153" oya="2" hai0="20,92,29,58,102,66,113,85,45,59,14,78,111" hai1="100,133,52,77,76,105,39,134,55,3,63,22,96" hai2="64,84,73,82,57,95,60,0,124,65,2,114,30" hai3="98,120,10,127,75,90,101,21,129,119,42,54,81"/><V36/><F114/><W91/><G119/><T116/><D113/><U135/><E3/><V67/><F124/><W23/><G120/><T38/><D116/><U19/><E39/><V69/><F73/><W34/><G34/><T103/><D111/><U47/><E47/><V5/><F30/><W126/><G129/><T94/><D78/><N who="1" m="30315" /><E63/><V49/><F95/><W44/><G75/><T79/><D79/><U25/><AGARI ba="0,0" hai="19,22,25,52,55,96,100,105,133,134,135" m="30315" machi="25" ten="40,2700,0" yaku="20,1,54,1" doraHai="68" who="1" fromWho="1" sc="130,-7,347,27,370,-13,153,-7" /><INIT seed="3,0,0,0,1,96" ten="123,374,357,146" oya="3" hai0="106,101,64,103,5,57,79,21,114,121,15,67,99" hai1="40,4,93,70,27,109,122,116,77,24,82,55,75" hai2="128,19,0,123,127,131,76,50,37,102,95,72,28" hai3="51,26,126,30,58,94,130,86,62,53,87,2,81"/><W8/><G130/><T20/><D121/><U23/><E122/><V84/><F37/><W3/><G126/><T9/><D114/><U59/><E70/><V115/><F115/><W11/><G2/><T124/><D124/><U78/><E109/><V38/><F38/><W46/><G94/><T132/><D132/><U66/><E116/><V74/><F123/><W125/><G125/><T18/><D79/><U41/><E66/><V39/><F39/><W49/><G3/><T14/><D103/><U100/><E77/><V7/><F28/><W47/><G26/><T56/><REACH who="0" step="1"/><D21/><REACH who="0" ten="113,374,357,146" step="2"/><U68/><E23/><V83/><F127/><W133/><G133/><T85/><D85/><N who="3" m="32265" /><G81/><T73/><D73/><U80/><E82/><V13/><F72/><W6/><G6/><T120/><D120/><U42/><E4/><V33/><F74/><W63/><G8/><T129/><D129/><U107/><E107/><V105/><F7/><W90/><G11/><T44/><D44/><U111/><E111/><V92/><F131/><W97/><G46/><T54/><D54/><U31/><E78/><V35/><F128/><W16/><G47/><T69/><D69/><U65/><E75/><V71/><F71/><W89/><G53/><T25/><D25/><U112/><E24/><V108/><F108/><W22/><G22/><T32/><D32/><N who="1" m="20607" /><E112/><V91/><F76/><W117/><G90/><T134/><D134/><U36/><E68/><V61/><F33/><W113/><G89/><T118/><D118/><U10/><E55/><V34/><F34/><W43/><G113/><T104/><D104/><RYUUKYOKU ba="0,1" sc="113,30,374,-10,357,-10,146,-10" hai0="5,9,14,15,18,20,56,57,64,67,99,101,106" /><INIT seed="4,1,1,4,4,111" ten="143,364,347,136" oya="0" hai0="38,96,77,19,122,44,103,87,107,115,60,100,109" hai1="41,39,3,31,88,117,121,51,21,123,26,134,70" hai2="12,64,124,25,57,68,6,50,86,4,52,58,18" hai3="5,32,99,56,54,42,128,59,132,80,55,28,92"/><T16/><D122/><U119/><E39/><V37/><F37/><W47/><G128/><T116/><D116/><U11/><E70/><V106/><F68/><W127/><G127/><T20/><D109/><U30/><E51/><V61/><F106/><W104/><G104/><T45/><D103/><U112/><E88/><V17/><F124/><W63/><G132/><T90/><D77/><U84/><E84/><V83/><F25/><W8/><G32/><T13/><D38/><U62/><E62/><V65/><F65/><W108/><G28/><T81/><D115/><U1/><E41/><V129/><F129/><W2/><G108/><T53/><D60/><U78/><E78/><V75/><F75/><W85/><G47/><T71/><D71/><U43/><E43/><V91/><REACH who="2" step="1"/><F17/><REACH who="2" ten="143,364,337,136" step="2"/><W9/><G5/><T15/><REACH who="0" step="1"/><D53/><REACH who="0" ten="133,364,337,136" step="2"/><U24/><E134/><V48/><F48/><W131/><G55/><T98/><D98/><U0/><E112/><V76/><F76/><W114/><G54/><T35/><D35/><N who="1" m="20935" /><E121/><V105/><F105/><W46/><G99/><T135/><D135/><U101/><E123/><V14/><F14/><W69/><G69/><T29/><D29/><U79/><E79/><V34/><F34/><W130/><G130/><T67/><D67/><U23/><E119/><V73/><F73/><W27/><G131/><T74/><D74/><U7/><E117/><V40/><F40/><W82/><G42/><T97/><D97/><U113/><E113/><V120/><F120/><W126/><G114/><T33/><D33/><N who="1" m="20727" /><E101/><V125/><F125/><W49/><G126/><RYUUKYOKU ba="1,3" sc="133,10,364,10,337,10,136,-30" hai0="13,15,16,19,20,44,45,81,87,90,96,100,107" hai1="0,1,3,7,11,21,23" hai2="4,6,12,18,50,52,57,58,61,64,83,86,91" /><INIT seed="4,2,3,3,2,48" ten="143,374,347,106" oya="0" hai0="49,115,122,24,58,37,84,59,17,15,46,1,45" hai1="71,70,43,121,126,85,29,77,62,123,130,32,50" hai2="4,135,27,98,21,64,72,101,31,19,66,16,6" hai3="33,114,105,74,30,82,54,90,51,116,7,110,35"/><T120/><D1/><U22/><E32/><V5/><F72/><W133/><G110/><T69/><D69/><U79/><E130/><V129/><F129/><W108/><G108/><T125/><D115/><U86/><E50/><V96/><F135/><W52/><G116/><T14/><D125/><U91/><E29/><V42/><F42/><W128/><G105/><T117/><D117/><U131/><E91/><V44/><F44/><W2/><G128/><T99/><D37/><U83/><E131/><V93/><F96/><W88/><G114/><T107/><D24/><U97/><E22/><V41/><F41/><W102/><G102/><T94/><D107/><U11/><E43/><V76/><F76/><W92/><G133/><T89/><D45/><U119/><E62/><V100/><F100/><W106/><G106/><T132/><D14/><U87/><E11/><V68/><F68/><W55/><G51/><T36/><D36/><U78/><E126/><V10/><F10/><N who="3" m="2423" /><G30/><T23/><D132/><U38/><E38/><V47/><F47/><W104/><G104/><T28/><D28/><U63/><E119/><V67/><AGARI ba="2,3" hai="4,5,6,16,19,21,27,31,64,66,67,93,98,101" machi="67" ten="30,4000,0" yaku="0,1,8,1,54,1" doraHai="48" who="2" fromWho="2" sc="143,-22,374,-12,347,76,106,-12" /><INIT seed="5,0,0,1,0,111" ten="121,362,423,94" oya="1" hai0="135,35,53,0,87,44,40,24,59,106,99,70,52" hai1="31,72,76,3,4,42,121,12,69,103,23,34,6" hai2="129,78,29,133,124,98,65,125,104,51,116,54,58" hai3="85,38,64,74,96,84,80,113,62,112,19,95,32"/><U97/><E121/><V88/><F116/><W30/><G38/><T75/><D75/><U17/><E69/><V28/><F129/><W100/><G74/><T45/><D0/><U118/><E118/><V47/><F133/><W132/><G132/><T13/><D70/><U11/><E42/><V81/><F65/><W105/><G19/><T92/><D106/><U57/><E76/><V117/><F117/><W2/><G2/><T120/><D135/><U90/><E72/><V86/><F47/><W83/><G30/><T108/><D108/><U22/><E90/><V18/><F18/><W126/><G32/><T16/><D35/><U131/><E57/><V50/><F50/><W79/><G126/><N who="2" m="48745" /><F104/><W1/><G1/><T21/><D120/><U107/><E131/><V15/><F15/><W46/><G46/><T56/><D87/><U94/><E107/><V20/><F20/><W77/><REACH who="3" step="1"/><G105/><REACH who="3" ten="121,362,423,84" step="2"/><T119/><D119/><U68/><E4/><V26/><F28/><W41/><G41/><T7/><D40/><U8/><REACH who="1" step="1"/><E68/><AGARI ba="0,1" hai="62,64,68,77,79,80,83,84,85,95,96,100,112,113" machi="68" ten="40,8000,1" yaku="1,1,9,1,52,2,53,0" doraHai="111" doraHaiUra="25" who="3" fromWho="1" sc="121,0,362,-80,423,0,84,90" /><INIT seed="6,0,0,5,2,100" ten="121,282,423,174" oya="2" hai0="39,101,86,38,110,79,124,89,67,51,70,43,61" hai1="28,14,128,107,121,6,22,0,96,46,5,8,109" hai2="129,113,98,133,32,33,58,127,94,63,24,42,53" hai3="134,4,49,72,19,65,21,131,99,29,71,48,44"/><V13/><F113/><W45/><G131/><T92/><D110/><U95/><E109/><V7/><F129/><W83/><G134/><T3/><D3/><U35/><E107/><V10/><F133/><W64/><G4/><T108/><D108/><U116/><E116/><V57/><F42/><W52/><G29/><T12/><D124/><U16/><E128/><V118/><F118/><W115/><G115/><T59/><D79/><U81/><E121/><V114/><F114/><W130/><G130/><T93/><D12/><U84/><E46/><V90/><F127/><W54/><G71/><T91/><D101/><U97/><E5/><V122/><F122/><W47/><G99/><T31/><D31/><U25/><E95/><V68/><F68/><W80/><G45/><T17/><D17/><U9/><E9/><V40/><F40/><W11/><G11/><T85/><REACH who="0" step="1"/><D43/><REACH who="0" ten="111,282,423,174" step="2"/><U119/><E119/><V77/><F77/><AGARI ba="0,1" hai="0,6,8,14,16,22,25,28,35,77,81,84,96,97" machi="77" ten="30,7700,0" yaku="7,1,24,2,54,1" doraHai="100" who="1" fromWho="2" sc="111,0,282,87,423,-77,174,0" /><INIT seed="7,0,0,1,4,127" ten="111,369,346,174" oya="3" hai0="26,41,93,126,132,110,102,115,20,0,87,112,3" hai1="34,105,116,66,22,43,53,45,35,73,12,71,51" hai2="134,118,76,7,11,84,31,38,13,64,70,114,47" hai3="91,72,79,5,44,59,90,56,39,108,86,100,10"/><W133/><G133/><T88/><D110/><U27/><E73/><V120/><F118/><W28/><G108/><T111/><D111/><U69/><E105/><V33/><F134/><W130/><G100/><T101/><D132/><U122/><E122/><V50/><F120/><W81/><G28/><T117/><D117/><U1/><E1/><V113/><F38/><W85/><G130/><T57/><D126/><U40/><E40/><V17/><F64/><W131/><G131/><T55/><D41/><U16/><E116/><V2/><F70/><W61/><G44/><T9/><D0/><U32/><E66/><V109/><F109/><W125/><G39/><T107/><D107/><U37/><REACH who="1" step="1"/><E27/><REACH who="1" ten="111,359,346,174" step="2"/><V82/><F33/><W129/><G72/><T103/><D3/><U6/><E6/><V68/><F68/><W106/><G5/><T121/><D121/><U104/><E104/><V25/><F31/><W19/><G106/><T21/><D9/><U78/><E78/><V94/><F94/><W24/><G79/><T8/><D8/><U80/><E80/><V4/><F2/><W63/><G81/><T123/><D123/><U74/><E74/><V135/><F135/><W128/><G10/><T54/><D54/><U52/><E52/><N who="2" m="29791" /><F25/><W18/><G24/><T60/><REACH who="0" step="1"/><D26/><REACH who="0" ten="101,359,346,174" step="2"/><U29/><E29/><V75/><F75/><W92/><G125/><T36/><D36/><U65/><E65/><V67/><F67/><W99/><G129/><T62/><D62/><U77/><E77/><V96/><F96/><W15/><G128/><T42/><D42/><U49/><E49/><RYUUKYOKU ba="0,2" sc="101,10,359,10,346,10,174,-30" hai0="20,21,55,57,60,87,88,93,101,102,103,112,115" hai1="12,16,22,32,34,35,37,43,45,51,53,69,71" hai2="4,7,11,13,17,76,82,84,113,114" owari="111,-38.9,389,48.9,356,15.6,144,-25.6" /></mjloggm>