<mjloggm ver="2.3"><GO type="225" lobby="0"/><UN n0="%E3%83%A9%E3%83%BC%E3%83%A1%E3%83%B3%E4%BA%94%E9%83%8E" n1="%77%72%77%72%77%72%77%72" n2="%E3%81%BF%E3%81%BF%E3%81%9A" n3="%E5%85%83%E3%82%AB%E3%83%8E%E7%B3%BB%E3%83%92%E3%83%AD%E3%82%A4%E3%83%B3" dan="16,17,17,16" rate="2076.18,2128.43,2266.46,2182.67" sx="M,M,M,M"/><TAIKYOKU oya="0"/><INIT seed="0,0,0,2,2,1" ten="250,250,250,250" oya="0" hai0="95,3,10,42,113,96,133,114,69,38,117,8,134" hai1="48,37,118,9,43,67,104,7,63,127,51,61,70" hai2="46,49,80,102,23,132,32,72,97,35,109,60,2" hai3="86,126,5,68,27,25,36,29,18,71,105,66,129"/><T106/><D117/><U76/><E118/><V93/><F2/><W65/><G36/><T11/><D69/><U62/><E104/><V17/><F109/><W130/><G105/><T120/><D106/><U103/><E103/><V41/><F132/><N who="0" m="50794" /><D120/><U59/><E76/><V99/><F99/><W107/><G107/><T100/><D3/><U14/><E127/><V16/><F17/><W34/><G126/><T110/><D110/><U94/><E94/><V74/><F60/><W12/><G86/><T4/><D4/><U0/><E0/><V20/><F20/><W56/><G56/><T115/><D42/><U84/><E84/><V121/><F121/><W47/><G47/><T116/><D116/><U57/><E43/><V33/><REACH who="2" step="1"/><F80/><REACH who="2" ten="250,250,240,250" step="2"/><W81/><G81/><T119/><D119/><U31/><E31/><V53/><F53/><W89/><G29/><T98/><D98/><U6/><E6/><V83/><F83/><W30/><G30/><T122/><D122/><U19/><E19/><V58/><F58/><W111/><G18/><T24/><D24/><AGARI ba="0,1" hai="16,23,24,32,33,35,41,46,49,72,74,93,97,102" machi="24" ten="40,5200,0" yaku="1,1,54,1,53,1" doraHai="1" doraHaiUra="90" who="2" fromWho="0" sc="250,-52,250,0,240,62,250,0" /><INIT seed="1,0,0,5,4,8" ten="198,250,302,250" oya="1" hai0="17,92,77,83,64,56,5,49,118,33,51,109,130" hai1="126,91,122,88,0,61,59,65,16,42,50,111,10" hai2="98,44,101,27,21,45,40,85,35,14,57,102,94" hai3="127,69,115,99,125,82,9,95,15,32,13,46,41"/><U37/><E122/><V55/><F35/><W23/><G115/><T68/><D68/><U75/><E75/><V105/><F14/><N who="3" m="5131" /><G32/><T107/><D107/><U31/><E126/><N who="3" m="48138" /><G69/><T128/><D33/><U47/><E31/><V67/><F67/><W129/><G9/><T132/><D128/><U80/><E111/><V39/><F45/><W116/><G129/><T78/><D130/><U117/><E117/><V113/><F113/><W79/><G23/><T134/><D118/><U112/><E112/><V52/><F57/><W2/><G2/><T20/><D5/><U81/><E0/><V66/><F66/><W131/><G131/><T124/><D124/><U76/><E37/><V19/><F102/><N who="3" m="60799" /><G116/><T48/><D64/><U63/><E10/><V104/><F105/><W53/><G53/><T29/><D20/><U119/><E119/><V4/><F4/><W121/><G121/><T38/><D109/><U106/><E65/><V34/><F34/><W11/><G11/><T1/><D1/><U6/><E6/><V62/><F104/><W30/><G30/><T60/><D29/><U72/><E106/><V25/><F21/><W26/><G26/><T24/><D24/><N who="2" m="9290" /><F19/><W3/><G3/><T7/><D17/><U89/><E16/><V84/><F55/><W28/><G28/><T12/><D7/><U58/><E58/><V74/><F52/><W120/><G120/><T43/><D56/><U90/><E59/><V71/><F71/><W87/><G46/><T110/><D110/><U97/><E97/><V114/><F114/><W108/><G108/><T100/><D12/><RYUUKYOKU ba="0,0" sc="198,-15,250,15,302,-15,250,15" hai1="42,47,50,61,63,72,76,80,81,88,89,90,91" hai3="41,79,82,87" /><INIT seed="1,1,0,1,3,96" ten="183,265,287,265" oya="1" hai0="60,100,11,63,16,21,19,4,113,86,109,26,120" hai1="31,44,39,92,55,133,131,53,91,124,102,132,57" hai2="17,10,117,87,118,46,93,101,99,111,104,14,114" hai3="2,75,24,50,13,84,115,32,36,61,70,54,112"/><U58/><E31/><V43/><F111/><W103/><G75/><T62/><D109/><U123/><E123/><V74/><F74/><W25/><G2/><T47/><D113/><U18/><E131/><V125/><F125/><W28/><G36/><T34/><D120/><U135/><E124/><V3/><F114/><W110/><G110/><T94/><D34/><U77/><E77/><V15/><F3/><W126/><G126/><T129/><D129/><U90/><E18/><V65/><F65/><W76/><G24/><T27/><D47/><U37/><E44/><V116/><F15/><W42/><G42/><T128/><D128/><U1/><E1/><V72/><F72/><W9/><G76/><T81/><D4/><U56/><E92/><V5/><F87/><W23/><G84/><T51/><D51/><U127/><E102/><V0/><F104/><W97/><G23/><T40/><D40/><U82/><E82/><V48/><F117/><W66/><G54/><N who="1" m="20490" /><E127/><V107/><REACH who="2" step="1"/><F93/><REACH who="2" ten="183,265,277,265" step="2"/><W119/><G119/><T108/><D108/><U69/><E69/><V22/><AGARI ba="1,1" hai="0,5,10,14,17,22,43,46,48,99,101,107,116,118" machi="22" ten="20,8000,1" yaku="1,1,2,1,0,1,7,1,52,1,53,0" doraHai="96" doraHaiUra="134" who="2" fromWho="2" sc="183,-21,265,-41,277,93,265,-21" /><INIT seed="2,0,0,3,3,117" ten="162,224,370,244" oya="2" hai0="109,44,36,69,112,120,29,50,34,110,107,121,100" hai1="70,106,92,37,35,65,130,8,111,26,20,90,77" hai2="51,56,17,128,12,30,9,76,88,86,102,2,66" hai3="79,82,81,129,42,58,13,22,7,21,89,84,40"/><V18/><F128/><W75/><G129/><T123/><D112/><U57/><E130/><V131/><F131/><W99/><G58/><T0/><D0/><U68/><E106/><V91/><F2/><W78/><G75/><T4/><D4/><U23/><E37/><V85/><F102/><W95/><G81/><T83/><D69/><U41/><E111/><N who="0" m="42505" /><D36/><U31/><E77/><V63/><F30/><W45/><G78/><T55/><D83/><U64/><E41/><N who="3" m="15978" /><G45/><T24/><D100/><U27/><E8/><AGARI ba="0,0" hai="7,8,13,21,22,79,82,84,89,95,99" m="15978" machi="8" ten="30,1000,0" yaku="8,1" doraHai="117" who="3" fromWho="1" sc="162,0,224,-10,370,0,244,10" /><INIT seed="3,0,0,4,3,8" ten="162,214,370,254" oya="3" hai0="68,109,118,44,36,50,60,102,133,59,94,41,14" hai1="39,91,113,19,88,82,100,42,114,128,85,115,65" hai2="57,107,38,49,58,3,35,123,106,121,48,98,43" hai3="101,83,99,21,4,22,55,40,1,31,110,95,127"/><W51/><G127/><T5/><D109/><U56/><E128/><V54/><F3/><W7/><G110/><T23/><D133/><U16/><E100/><V77/><F35/><W134/><G134/><T2/><D118/><U33/><E33/><V103/><F77/><W20/><G40/><T71/><D2/><U135/><E135/><V27/><F27/><W37/><G37/><T120/><D120/><N who="2" m="46154" /><F38/><W86/><G31/><T26/><D36/><U74/><E74/><V47/><F58/><W32/><G32/><T96/><D5/><U18/><E42/><V67/><F67/><W11/><G1/><T78/><D78/><U79/><E39/><V97/><F97/><W15/><G4/><T66/><REACH who="0" step="1"/><D14/><REACH who="0" ten="152,214,370,254" step="2"/><U76/><E76/><V34/><F34/><W64/><G7/><T72/><D72/><U69/><E115/><V119/><F119/><W104/><G15/><T25/><D25/><U105/><E114/><V6/><F6/><W126/><G126/><T129/><D129/><U89/><E113/><V0/><F0/><W17/><G104/><AGARI ba="0,1" hai="43,47,48,49,54,57,98,103,104,106,107" m="46154" machi="104" ten="30,1000,0" yaku="13,1" doraHai="8" who="2" fromWho="3" sc="152,0,214,0,370,20,254,-10" owari="152,-34.8,214,-18.6,390,49.0,244,4.4" /></mjloggm>