<mjloggm ver="2.3"><GO type="169" lobby="0"/><UN n0="%4D%72%52%41%4D%4F" n1="%E2%97%8E%E3%82%88%E3%81%97%E2%97%8E" n2="%E3%82%AB%E3%83%AB%E3%83%94%E3%82%B9%E3%82%B5%E3%83%AF%E3%83%BC" n3="%43%52%41%5A%59%42%45%45" dan="16,16,17,18" rate="2143.75,2154.60,2200.39,2206.18" sx="M,M,M,F"/><TAIKYOKU oya="0"/><INIT seed="0,0,0,0,0,103" ten="250,250,250,250" oya="0" hai0="41,18,2,9,66,78,25,79,128,37,31,75,76" hai1="54,130,64,106,120,60,94,108,95,42,14,113,24" hai2="84,12,107,68,58,118,70,62,29,86,104,96,81" hai3="57,125,63,36,16,129,72,82,15,132,116,67,17"/><T52/><D128/><U133/><E120/><V7/><F118/><W21/><G116/><T53/><D66/><U22/><E108/><V109/><F109/><W44/><G129/><T10/><D75/><U34/><E133/><V33/><F29/><W74/><G132/><T97/><D2/><U88/><E113/><V11/><F33/><W85/><G125/><T119/><D119/><U123/><E123/><V48/><F48/><W13/><G36/><T73/><D73/><U93/><E106/><V105/><F96/><W134/><G44/><T19/><D97/><U99/><E42/><V23/><F23/><W43/><G43/><T40/><D37/><U122/><E122/><V39/><F39/><W114/><G114/><T115/><D78/><U65/><E34/><V32/><F32/><W46/><G46/><T51/><D51/><U83/><E14/><V77/><REACH who="2" step="1"/><F84/><REACH who="2" ten="250,250,240,250" step="2"/><W49/><G49/><T121/><D31/><U112/><E130/><V4/><F4/><W100/><G134/><T8/><D121/><U3/><E112/><V61/><F61/><W27/><G72/><T71/><D115/><U90/><E99/><V35/><F35/><W69/><G74/><T47/><D47/><U102/><E60/><V98/><F98/><W1/><G63/><T5/><D5/><U26/><E22/><V50/><F50/><W45/><G45/><T91/><D40/><U87/><E87/><V59/><F59/><W89/><G85/><T28/><D41/><U124/><E102/><V20/><F20/><W111/><G100/><T6/><D6/><U55/><E26/><RYUUKYOKU ba="0,1" sc="250,-10,250,-10,240,30,250,-10" hai2="7,11,12,58,62,68,70,77,81,86,104,105,107" /><INIT seed="1,1,1,5,5,135" ten="240,240,270,240" oya="1" hai0="28,48,104,100,44,32,35,113,16,98,68,54,103" hai1="117,43,125,86,81,67,96,116,24,112,94,56,41" hai2="129,124,20,133,39,84,75,22,59,1,64,27,71" hai3="72,134,13,77,73,7,109,51,106,46,6,4,21"/><U2/><E2/><V53/><F75/><W120/><G120/><T29/><D113/><U55/><E112/><V132/><F1/><W3/><G3/><T89/><D68/><U91/><E67/><V17/><F39/><W11/><G106/><T110/><D110/><U88/><E125/><V10/><F10/><W69/><G69/><T93/><D35/><U25/><E116/><V63/><F129/><W128/><G109/><T83/><D32/><U105/><E105/><V127/><F84/><W57/><G134/><N who="2" m="51817" /><F22/><W119/><G128/><T12/><D83/><U61/><E117/><V97/><F97/><W14/><G119/><T33/><D33/><U82/><E82/><V130/><F130/><W101/><G101/><T102/><REACH who="0" step="1"/><D104/><REACH who="0" ten="230,240,270,240" step="2"/><U87/><REACH who="1" step="1"/><E87/><REACH who="1" ten="230,230,270,240" step="2"/><V95/><F95/><W45/><G72/><T99/><D99/><U31/><E31/><V47/><F71/><W123/><G73/><T49/><D49/><AGARI ba="1,3" hai="17,20,27,47,49,53,59,63,64,124,127" m="51817" machi="49" ten="30,3900,0" yaku="20,1,52,2" doraHai="135" who="2" fromWho="0" sc="230,-42,230,0,270,72,240,0" /><INIT seed="2,0,0,0,1,18" ten="188,230,342,240" oya="2" hai0="66,21,0,126,49,85,11,24,104,57,60,123,25" hai1="103,3,50,26,130,13,62,98,107,120,97,92,89" hai2="44,90,9,121,134,14,100,74,59,6,58,78,31" hai3="34,12,84,127,94,40,55,131,61,102,56,129,68"/><V46/><F121/><W72/><G72/><T35/><D123/><U81/><E120/><V15/><F134/><W51/><G34/><T4/><D104/><U8/><E130/><V70/><F70/><W135/><G135/><T108/><D108/><U118/><E118/><V7/><F100/><W106/><G127/><T133/><D133/><U20/><E3/><V93/><F31/><W87/><G106/><T67/><D126/><U37/><E37/><V96/><F78/><W111/><G111/><T115/><D115/><U39/><E39/><V122/><F74/><W116/><G116/><T77/><D66/><U113/><E50/><V79/><F79/><W47/><G68/><T48/><D25/><U17/><E62/><V54/><F59/><W29/><G29/><T86/><D35/><U95/><E113/><V73/><F73/><W64/><G64/><T99/><D99/><U41/><E41/><V109/><F109/><W30/><G30/><T42/><D42/><U36/><E36/><V33/><F33/><W38/><G38/><T1/><D1/><U114/><E114/><V16/><F6/><W124/><G124/><T22/><D85/><U19/><E107/><V27/><F27/><W101/><G12/><T112/><D24/><U128/><E128/><N who="3" m="49226" /><G102/><T52/><D67/><U53/><E53/><V5/><F122/><W43/><G40/><T105/><D105/><U28/><E81/><V80/><F80/><W82/><G82/><N who="0" m="47439" /><D112/><U63/><E28/><V110/><F110/><W10/><G10/><T65/><D65/><U2/><E2/><V91/><F9/><RYUUKYOKU ba="0,0" sc="188,10,230,10,342,-30,240,10" hai0="0,4,11,21,22,48,49,52,57,60" hai1="8,13,17,19,20,26,63,89,92,95,97,98,103" hai3="43,47,51,55,56,61,84,87,94,101" /><INIT seed="3,1,0,4,1,135" ten="198,240,312,250" oya="3" hai0="56,75,52,5,65,71,90,6,132,88,118,95,25" hai1="42,64,83,2,47,115,124,112,29,94,30,76,1" hai2="24,91,7,79,45,89,50,105,99,55,67,44,43" hai3="9,37,12,20,70,28,122,127,68,18,58,46,16"/><W23/><G122/><T104/><D118/><U40/><E94/><V121/><F121/><W11/><G28/><N who="1" m="10858" /><E47/><V62/><F7/><W69/><G58/><T26/><D104/><U82/><E64/><V36/><F24/><N who="0" m="9322" /><D75/><U81/><E76/><V41/><F79/><W129/><G129/><T27/><D71/><U80/><N who="1" m="20480" /><DORA hai="108" /><U38/><E38/><V60/><F41/><N who="1" m="15977" /><E124/><V57/><REACH who="2" step="1"/><F60/><REACH who="2" ten="198,240,302,250" step="2"/><W73/><G37/><T100/><D27/><U77/><E77/><V53/><F53/><W51/><G73/><T133/><D65/><U3/><AGARI ba="1,1" hai="1,2,3,112,115" m="15977,20480,10858" machi="3" ten="50,8000,1" yaku="28,2,52,2" doraHai="135,108" who="1" fromWho="1" sc="198,-21,240,93,302,-21,250,-41" /><INIT seed="4,0,0,4,0,128" ten="177,333,281,209" oya="0" hai0="114,15,11,86,10,76,25,53,28,66,87,3,104" hai1="12,108,130,32,26,110,39,118,51,4,72,41,88" hai2="38,9,103,55,22,79,129,20,125,121,59,117,46" hai3="96,119,89,48,17,13,99,27,98,135,75,100,19"/><T81/><D104/><U35/><E130/><V90/><F129/><W124/><G119/><T49/><D114/><U36/><E118/><V21/><F117/><W71/><G71/><T58/><D3/><U69/><E72/><V40/><F121/><W6/><G75/><T92/><D66/><U107/><E107/><V97/><F125/><W78/><G124/><T84/><D92/><U33/><E69/><V67/><F79/><W1/><G1/><T45/><D10/><U102/><E102/><V73/><F73/><W127/><G78/><T131/><D131/><U134/><E26/><V93/><F9/><N who="3" m="4279" /><G100/><T42/><D25/><U18/><E4/><V24/><F67/><W132/><G127/><T57/><D28/><U112/><E112/><V82/><F82/><W101/><G101/><T122/><D122/><U30/><E30/><V106/><F106/><W5/><G5/><T50/><REACH who="0" step="1"/><D58/><REACH who="0" ten="167,333,281,209" step="2"/><U94/><E110/><V120/><F120/><W16/><G27/><T31/><D31/><U116/><E108/><V61/><REACH who="2" step="1"/><F103/><REACH who="2" ten="167,333,271,209" step="2"/><W70/><G70/><T109/><D109/><U43/><E116/><V126/><F126/><W14/><G14/><T34/><D34/><U105/><E33/><V56/><F56/><W77/><G19/><AGARI ba="0,2" hai="11,15,19,42,45,49,50,53,57,76,81,84,86,87" machi="19" ten="30,12000,1" yaku="1,1,7,1,8,1,53,2" doraHai="128" doraHaiUra="44" who="0" fromWho="3" sc="167,140,333,0,271,0,209,-120" /><AGARI ba="0,0" hai="19,20,21,22,24,38,40,46,55,59,61,90,93,97" machi="19" ten="30,7700,0" yaku="1,1,7,1,25,2,53,0" doraHai="128" doraHaiUra="44" who="2" fromWho="3" sc="307,0,333,0,271,77,89,-77" /><INIT seed="4,1,0,2,5,23" ten="307,333,348,12" oya="0" hai0="64,97,131,60,43,34,104,78,87,133,61,20,123" hai1="6,35,79,15,46,55,10,109,113,8,121,14,101" hai2="90,40,28,36,50,7,30,24,111,12,118,80,89" hai3="93,17,124,100,120,51,27,126,52,98,82,0,19"/><T63/><D123/><U130/><E121/><V112/><F111/><W4/><G120/><T132/><D34/><U116/><E109/><V41/><F36/><W33/><G82/><N who="0" m="47575" /><D43/><U71/><E116/><V13/><F112/><W11/><G33/><T25/><D97/><U16/><E113/><V76/><F118/><W114/><G114/><T69/><D104/><U45/><E71/><V94/><F76/><W32/><G32/><T18/><D131/><U86/><E130/><V127/><F80/><W58/><REACH who="3" step="1"/><G27/><REACH who="3" ten="307,333,348,2" step="2"/><T84/><D132/><U59/><E35/><V134/><F24/><W75/><G75/><T70/><D133/><U115/><E115/><V29/><F134/><W65/><G65/><T108/><D64/><U119/><E119/><V53/><F127/><AGARI ba="1,1" hai="0,4,11,17,19,51,52,58,93,98,100,124,126,127" machi="127" ten="40,5200,0" yaku="1,1,18,1,54,1,53,0" doraHai="23" doraHaiUra="83" who="3" fromWho="2" sc="307,0,333,0,348,-55,2,65" /><INIT seed="5,0,0,2,2,34" ten="307,333,293,67" oya="1" hai0="53,82,109,27,52,96,13,46,9,107,117,130,67" hai1="108,113,41,2,31,23,48,118,22,29,127,20,35" hai2="8,111,30,134,93,51,123,88,0,135,94,126,92" hai3="95,122,36,85,24,3,112,17,32,40,19,12,121"/><U7/><E118/><V81/><F111/><W68/><G68/><T5/><D109/><U63/><E108/><V97/><F123/><W71/><G71/><T10/><D117/><U42/><E113/><V86/><F30/><N who="1" m="11273" /><E35/><V101/><F51/><W90/><G112/><T61/><D130/><U119/><E119/><V125/><F8/><W16/><G12/><T47/><D27/><U102/><E2/><V28/><F28/><W58/><G24/><T100/><D82/><U66/><E127/><N who="2" m="48651" /><F0/><W133/><G32/><T91/><D91/><U128/><E128/><V25/><F25/><W45/><G133/><AGARI ba="0,0" hai="81,86,88,92,93,94,97,101,133,134,135" m="48651" machi="133" ten="30,8000,1" yaku="20,1,18,1,34,2,54,1" doraHai="34" who="2" fromWho="3" sc="307,0,333,0,293,80,67,-80" owari="307,-9.3,333,13.3,373,47.3,-13,-51.3" /></mjloggm>