<mjloggm ver="2.3"><GO type="169" lobby="0"/><UN n0="%73%6F%72%75%6B%61%6E%6F" n1="%E3%82%A2%E3%83%B3%E3%81%95%E3%82%93" n2="%E9%87%A3%E3%82%8A%E6%97%A5%E5%92%8C" n3="%E9%A6%AC%E3%81%AE%E8%80%B3%E3%81%AB%E5%BF%B5%E4%BB%8F" dan="16,18,17,17" rate="2138.79,2211.08,2191.13,2166.58" sx="M,M,M,M"/><TAIKYOKU oya="0"/><INIT seed="0,0,0,0,3,103" ten="250,250,250,250" oya="0" hai0="86,101,94,126,132,21,88,130,106,36,78,11,67" hai1="29,38,69,116,87,62,80,45,1,72,42,90,98" hai2="81,70,16,73,105,30,44,82,120,79,9,17,114" hai3="54,75,5,49,31,83,57,112,15,59,93,109,33"/><T102/><D36/><U71/><E116/><V58/><F70/><W55/><G109/><T52/><D126/><U110/><E110/><V28/><F120/><W46/><G112/><T50/><D130/><U24/><E1/><V66/><F114/><W63/><G33/><T89/><D132/><U118/><E118/><V60/><F105/><W43/><G31/><T13/><D67/><U127/><E127/><V91/><F44/><W18/><G5/><T96/><D78/><U61/><E72/><V76/><F91/><W121/><G121/><T48/><D21/><U56/><E98/><V68/><F68/><W111/><G111/><T117/><D117/><U27/><E62/><V95/><F95/><W123/><G93/><N who="0" m="54455" /><D50/><U108/><E24/><V85/><REACH who="2" step="1"/><F17/><REACH who="2" ten="250,250,240,250" step="2"/><W39/><G123/><T10/><D106/><U25/><E108/><V134/><F134/><W37/><G83/><T113/><D113/><U4/><E69/><V129/><F129/><W107/><G107/><T32/><D32/><U74/><E71/><V40/><F40/><W64/><G43/><T2/><D2/><U131/><E131/><V65/><F65/><W135/><G135/><T119/><D119/><U35/><E42/><V128/><F128/><W23/><G39/><T3/><D3/><U53/><E38/><V124/><F124/><W77/><G37/><T0/><D0/><U26/><E35/><V41/><F41/><N who="3" m="24783" /><G59/><N who="0" m="33159" /><D10/><U115/><E115/><V47/><F47/><W8/><G64/><T7/><AGARI ba="0,1" hai="7,11,13,88,94,96,101,102" m="33159,54455" machi="7" ten="30,6000,0" yaku="8,1,54,2" doraHai="103" who="0" fromWho="0" sc="250,70,250,-20,240,-20,250,-20" /><INIT seed="0,1,0,1,4,11" ten="320,230,220,230" oya="0" hai0="67,119,132,7,27,105,0,22,52,30,10,111,59" hai1="76,28,121,2,49,63,93,134,100,113,66,36,91" hai2="94,25,102,112,44,64,43,38,56,54,33,81,50" hai3="45,122,90,34,80,14,72,5,61,101,31,127,26"/><T117/><D105/><U92/><E121/><V135/><F135/><W18/><G122/><T109/><D67/><U130/><E36/><V77/><F112/><W129/><G129/><T47/><D47/><U98/><E113/><V53/><F64/><W82/><G127/><T57/><D57/><U65/><E134/><V74/><F53/><W131/><G131/><T42/><D42/><U87/><E130/><V120/><F120/><W103/><G61/><N who="0" m="36071" /><D132/><U23/><E2/><V40/><F40/><W4/><G80/><T71/><D71/><U115/><E115/><V46/><F46/><W41/><G101/><T69/><D69/><U15/><E49/><V58/><F58/><W16/><G103/><T106/><D106/><U133/><E133/><V78/><F81/><W60/><G60/><T96/><D96/><U9/><E63/><V6/><F74/><W108/><G108/><AGARI ba="1,0" hai="0,7,10,22,27,30,108,109,111,117,119" m="36071" machi="108" ten="30,5800,0" yaku="14,1,10,1,54,1" doraHai="11" who="0" fromWho="3" sc="320,61,230,0,220,0,230,-61" /><INIT seed="0,2,0,1,3,7" ten="381,230,220,169" oya="0" hai0="133,101,116,14,35,99,78,18,57,69,88,90,40" hai1="120,63,33,24,8,98,100,126,50,87,132,37,68" hai2="70,118,75,34,83,89,2,29,17,95,41,134,26" hai3="60,21,82,114,10,110,49,64,19,73,96,45,123"/><T86/><D116/><U39/><E120/><V48/><F118/><W43/><G110/><T54/><D69/><U55/><E126/><V4/><F134/><W128/><G128/><T0/><D0/><U47/><E132/><V20/><F70/><W76/><G114/><T97/><D35/><U112/><E112/><V42/><F75/><W71/><G123/><T92/><D40/><U23/><E87/><V91/><F83/><W6/><G96/><T5/><D5/><U77/><E77/><V36/><F36/><W30/><G30/><T104/><D78/><U52/><E33/><V85/><F89/><W122/><G122/><T56/><D54/><U62/><E8/><V46/><F4/><W127/><G127/><T79/><D79/><U135/><E135/><V121/><F2/><W111/><G111/><T115/><D115/><U51/><E39/><V58/><F58/><W84/><G21/><T105/><D105/><U130/><E37/><V16/><F17/><W124/><G19/><T11/><REACH who="0" step="1"/><D133/><REACH who="0" ten="371,230,220,169" step="2"/><U93/><E68/><V67/><F121/><W117/><G124/><T74/><D74/><U66/><E66/><V102/><F67/><W131/><G117/><T125/><D125/><U119/><E119/><V81/><F41/><W12/><G131/><T27/><D27/><U59/><REACH who="1" step="1"/><E130/><REACH who="1" ten="371,220,220,169" step="2"/><V15/><F34/><W1/><REACH who="3" step="1"/><G73/><REACH who="3" ten="371,220,220,159" step="2"/><T25/><D25/><U94/><E94/><AGARI ba="2,3" hai="11,14,18,56,57,86,88,90,92,94,97,99,101,104" machi="94" ten="30,12000,1" yaku="1,1,7,1,52,1,54,1,53,1" doraHai="7" doraHaiUra="9" who="0" fromWho="1" sc="371,156,220,-126,220,0,159,0" /><INIT seed="0,3,0,3,2,4" ten="527,94,220,159" oya="0" hai0="126,32,113,76,95,28,26,57,101,71,33,94,60" hai1="22,74,20,19,131,110,67,9,45,115,128,8,104" hai2="56,107,103,49,86,16,48,90,85,77,10,72,124" hai3="98,0,129,58,38,66,53,29,92,12,133,123,112"/><T36/><D113/><U31/><E74/><V17/><F72/><W88/><G0/><T46/><D71/><U52/><E104/><V108/><F108/><W15/><G112/><T100/><D126/><U35/><E35/><V41/><F124/><W111/><G111/><T97/><D76/><U50/><E115/><V62/><F107/><W80/><G129/><N who="1" m="49738" /><E110/><V105/><F103/><W119/><G119/><T39/><D33/><U13/><E67/><V14/><F105/><W120/><G38/><T7/><D46/><U25/><AGARI ba="3,0" hai="8,9,13,19,20,22,25,31,45,50,52" m="49738" machi="25" ten="30,7900,0" yaku="19,1,52,2,54,1" doraHai="4" who="1" fromWho="1" sc="527,-42,94,88,220,-23,159,-23" /><INIT seed="1,0,0,3,5,17" ten="485,182,197,136" oya="1" hai0="128,24,53,61,80,64,119,67,54,22,37,79,18" hai1="28,15,113,10,11,102,84,103,19,97,65,36,96" hai2="63,82,83,126,90,55,6,106,0,100,34,133,81" hai3="12,95,62,125,47,59,57,33,51,109,130,115,32"/><U60/><E113/><V92/><F34/><W123/><G115/><T104/><D128/><U68/><E36/><V117/><F0/><W31/><G123/><T78/><D119/><U94/><E28/><V29/><F6/><W89/><G130/><T114/><D114/><U112/><E112/><V72/><F29/><W50/><G109/><T134/><D104/><U108/><E108/><V43/><F43/><W16/><G125/><T25/><D134/><U44/><E44/><V38/><F38/><W8/><G51/><T120/><D120/><U42/><E42/><V86/><F117/><W98/><G31/><T131/><D131/><U101/><E84/><V99/><F133/><W76/><G76/><T132/><D132/><U30/><E30/><V35/><F35/><W127/><G59/><T58/><D25/><U9/><REACH who="1" step="1"/><E96/><REACH who="1" ten="485,172,197,136" step="2"/><V21/><F72/><W48/><G127/><T52/><D37/><U124/><E124/><V23/><REACH who="2" step="1"/><F126/><REACH who="2" ten="485,172,187,136" step="2"/><W45/><G33/><T93/><D61/><U110/><E110/><V122/><F122/><W111/><G32/><T70/><D70/><U77/><E77/><V41/><F41/><W116/><G111/><T107/><D79/><U121/><E121/><V40/><F40/><W49/><REACH who="3" step="1"/><G116/><REACH who="3" ten="485,172,187,126" step="2"/><T66/><D78/><U46/><E46/><V74/><F74/><W26/><G26/><T20/><D24/><U88/><AGARI ba="0,3" hai="9,10,11,15,19,60,65,68,88,94,97,101,102,103" machi="88" ten="30,6000,0" yaku="1,1,0,1,54,1,53,0" doraHai="17" doraHaiUra="75" who="1" fromWho="1" sc="485,-20,172,90,187,-20,126,-20" /><INIT seed="1,1,0,0,1,78" ten="465,262,167,106" oya="1" hai0="62,68,7,4,76,115,103,2,14,88,101,126,82" hai1="38,0,15,5,60,18,125,22,92,100,96,112,1" hai2="73,93,41,17,116,71,128,35,87,57,45,3,109" hai3="129,111,13,39,30,91,108,20,37,55,127,117,107"/><U104/><E112/><V106/><F106/><W47/><G107/><T44/><D115/><U34/><E125/><V56/><F73/><W50/><G127/><T65/><D126/><U89/><E38/><V32/><F71/><W11/><G129/><T42/><D2/><U6/><E34/><V29/><F3/><W102/><G102/><T113/><D113/><U48/><E60/><V33/><F29/><W61/><G117/><T51/><D4/><U72/><E72/><V81/><F116/><W122/><G122/><T114/><D114/><U86/><E0/><V21/><F93/><W26/><G91/><T63/><D63/><U77/><E1/><V98/><F98/><W16/><REACH who="3" step="1"/><G61/><REACH who="3" ten="465,262,167,96" step="2"/><T90/><D103/><U70/><E77/><V84/><F128/><W28/><G28/><T75/><D101/><U132/><E132/><V43/><F35/><W121/><G121/><T52/><REACH who="0" step="1"/><D42/><REACH who="0" ten="455,262,167,96" step="2"/><U118/><E118/><V74/><F43/><W46/><G46/><T80/><D80/><U27/><E104/><V110/><F81/><W133/><G133/><T97/><D97/><U8/><E100/><V25/><F45/><W58/><G58/><T19/><D19/><U10/><E96/><V119/><F41/><W69/><G69/><T54/><D54/><U24/><E70/><V12/><F119/><W59/><G59/><T134/><D134/><U95/><E95/><V40/><F40/><W123/><G123/><T36/><D36/><AGARI ba="1,2" hai="11,13,16,20,26,30,36,37,39,47,50,55,108,111" machi="36" ten="40,2600,0" yaku="1,1,54,1,53,0" doraHai="78" doraHaiUra="105" who="3" fromWho="0" sc="455,-29,262,0,167,0,96,49" /><INIT seed="2,0,0,3,1,123" ten="426,262,167,145" oya="2" hai0="64,15,40,10,37,68,24,71,80,114,82,14,111" hai1="104,57,78,18,132,87,46,31,55,23,75,54,133" hai2="79,122,119,4,12,21,135,38,20,115,52,118,70" hai3="59,65,94,53,34,77,36,25,41,3,67,81,19"/><V56/><F70/><W66/><G3/><T127/><D114/><U13/><E104/><V60/><F115/><W2/><G2/><T30/><D127/><U113/><E113/><V96/><F122/><W120/><G120/><T105/><D105/><U91/><E75/><V117/><F38/><W103/><G41/><T130/><D130/><U83/><E31/><V98/><F135/><W86/><G36/><T129/><D129/><U49/><E132/><V27/><F79/><W74/><G34/><T116/><D15/><U84/><E133/><V44/><F44/><W61/><G103/><T99/><D99/><U97/><E97/><V35/><F35/><W69/><G94/><T33/><D116/><U134/><E134/><V32/><F32/><W1/><G1/><T88/><D80/><U63/><E87/><V128/><F128/><W48/><REACH who="3" step="1"/><G74/><REACH who="3" ten="426,262,167,135" step="2"/><T109/><D40/><U8/><E23/><AGARI ba="0,1" hai="19,23,25,48,53,59,61,65,66,67,69,77,81,86" machi="23" ten="40,2600,0" yaku="1,1,2,1,53,0" doraHai="123" doraHaiUra="107" who="3" fromWho="1" sc="426,0,262,-26,167,0,135,36" /><INIT seed="3,0,0,5,1,61" ten="426,236,167,171" oya="3" hai0="60,96,125,127,23,105,98,44,129,16,99,121,47" hai1="54,126,31,38,21,74,91,135,69,28,18,0,32" hai2="27,41,117,29,95,5,13,11,112,73,67,90,6" hai3="40,83,116,24,57,48,42,107,85,88,14,104,81"/><W94/><G116/><T134/><D121/><U2/><E69/><V70/><F117/><W68/><G68/><T17/><D129/><U64/><E74/><V115/><F73/><W87/><G107/><T49/><D134/><U114/><E38/><V101/><F41/><W66/><G104/><T102/><D17/><U8/><E91/><V56/><F70/><W122/><G122/><T9/><D9/><U10/><E64/><V22/><F5/><W1/><G1/><N who="1" m="618" /><E54/><V34/><F34/><W39/><G39/><T92/><D60/><U86/><E86/><V20/><F20/><W77/><G24/><T84/><D84/><U78/><E78/><V93/><F93/><W4/><G94/><T120/><D47/><U52/><E52/><V36/><F36/><W3/><G3/><T33/><D120/><U132/><E126/><V75/><F75/><W97/><G97/><T55/><D33/><U108/><E114/><V26/><F26/><W133/><G133/><N who="1" m="51274" /><E32/><V124/><F124/><N who="0" m="47690" /><D92/><U128/><E128/><V30/><F112/><W65/><G57/><T103/><D105/><U72/><E72/><V12/><F115/><W46/><G42/><T50/><D50/><U106/><E106/><V45/><F56/><W82/><G83/><T63/><D63/><U51/><E51/><V62/><F62/><W110/><G110/><T100/><D100/><U59/><E59/><V71/><F101/><W130/><G130/><T15/><AGARI ba="0,0" hai="15,16,23,44,49,55,96,98,99,102,103" m="47690" machi="15" ten="30,2000,0" yaku="18,1,54,1" doraHai="61" who="0" fromWho="0" sc="426,20,236,-5,167,-5,171,-10" /><INIT seed="4,0,0,4,4,61" ten="446,231,162,161" oya="0" hai0="67,64,90,77,104,106,116,65,19,96,57,121,113" hai1="108,135,84,99,94,85,110,93,101,4,83,72,95" hai2="123,2,30,98,71,133,75,134,129,33,62,114,34" hai3="59,1,20,89,79,102,41,31,53,117,50,130,16"/><T131/><D116/><U109/><E135/><N who="2" m="51723" /><F123/><W92/><G117/><T10/><D121/><U48/><E4/><V82/><F114/><W46/><G130/><T51/><D113/><U122/><E122/><V15/><F129/><W107/><G1/><T69/><D69/><U14/><E48/><V125/><F125/><W3/><G3/><T49/><D131/><U32/><E32/><V36/><F2/><W66/><G79/><T103/><D106/><U97/><E14/><V91/><F36/><W8/><G107/><T86/><D77/><N who="1" m="44455" /><E101/><V47/><F47/><W87/><G102/><T35/><D35/><U42/><E42/><V126/><F126/><W132/><G132/><T27/><D57/><U18/><E18/><V6/><F75/><W81/><G31/><T43/><D43/><U11/><E11/><N who="2" m="4599" /><F30/><W28/><G28/><T120/><D120/><U111/><N who="1" m="27648" /><DORA hai="105" /><U124/><E124/><V44/><F44/><W29/><G29/><T80/><REACH who="0" step="1"/><D10/><REACH who="0" ten="436,231,162,161" step="2"/><U112/><E112/><V118/><F118/><W12/><G8/><T63/><D63/><U78/><E78/><V88/><F71/><W115/><G115/><T22/><AGARI ba="0,1" hai="19,22,27,49,51,64,65,67,80,86,90,96,103,104" machi="22" ten="30,18000,2" yaku="1,1,0,1,52,3,53,1" doraHai="61,105" doraHaiUra="119,17" who="0" fromWho="0" sc="436,190,231,-60,162,-60,161,-60" /><INIT seed="4,1,0,4,3,76" ten="626,171,102,101" oya="0" hai0="100,123,85,60,47,78,6,75,124,99,80,11,33" hai1="89,71,122,104,10,73,103,26,82,95,14,22,83" hai2="20,55,24,90,130,42,1,65,2,0,109,4,64" hai3="63,56,127,94,35,91,25,59,133,8,53,46,44"/><T5/><D123/><U111/><E111/><V115/><F109/><W98/><G133/><T102/><D33/><U128/><E122/><V48/><F4/><W68/><G127/><T40/><D124/><U86/><E71/><V87/><F42/><W41/><G68/><T27/><D75/><U97/><E128/><V38/><F38/><W18/><G35/><T110/><D110/><U67/><E67/><V101/><F101/><W12/><G25/><T134/><D134/><U19/><REACH who="1" step="1"/><E73/><REACH who="1" ten="626,161,102,101" step="2"/><V61/><F65/><W39/><G46/><T107/><D47/><U23/><E23/><V69/><F130/><W118/><G118/><T3/><D11/><U117/><E117/><V121/><F121/><W34/><G34/><T50/><D107/><U70/><E70/><V77/><F64/><W96/><REACH who="3" step="1"/><G59/><REACH who="3" ten="626,161,102,91" step="2"/><T36/><D27/><U66/><E66/><V74/><F24/><W29/><G29/><AGARI ba="1,2" hai="10,14,19,22,26,29,82,83,86,89,95,97,103,104" machi="29" ten="30,7700,0" yaku="1,1,7,1,52,2,53,0" doraHai="76" doraHaiUra="112" who="1" fromWho="3" sc="626,0,161,100,102,0,91,-80" /><INIT seed="5,0,0,4,0,65" ten="626,261,102,11" oya="1" hai0="32,9,41,90,51,14,81,80,103,98,28,59,8" hai1="12,71,129,92,20,78,48,119,38,112,11,15,91" hai2="39,63,113,53,131,75,123,55,30,82,133,86,126" hai3="110,111,60,99,115,23,128,45,0,70,132,25,42"/><U121/><E119/><V105/><F123/><W26/><G0/><T94/><D32/><U114/><E38/><V50/><F105/><W22/><G115/><N who="1" m="44074" /><E121/><V117/><F39/><W40/><G132/><T104/><D28/><U62/><E78/><V102/><F102/><W83/><G83/><T5/><D8/><U56/><E48/><V46/><F75/><W21/><G128/><T35/><D35/><U88/><E129/><V109/><F133/><W24/><G99/><T7/><D7/><U130/><E130/><V52/><F109/><W43/><G45/><T77/><D77/><U57/><E20/><V10/><F50/><W6/><G6/><T36/><D36/><U16/><E15/><V47/><F117/><W73/><G73/><T125/><D125/><U93/><E93/><V101/><F126/><W66/><AGARI ba="0,0" hai="21,22,23,24,25,26,40,42,43,60,66,70,110,111" machi="66" ten="40,8000,1" yaku="0,1,29,2,52,1" doraHai="65" who="3" fromWho="3" sc="626,-20,261,-40,102,-20,11,80" /><INIT seed="6,0,0,1,2,45" ten="606,221,82,91" oya="2" hai0="103,99,90,100,13,97,8,11,115,101,67,74,134" hai1="16,46,44,52,4,61,36,122,77,120,76,23,108" hai2="30,121,91,9,84,21,73,111,63,31,132,93,2" hai3="112,117,114,20,43,71,125,123,65,39,79,22,3"/><V50/><F121/><N who="1" m="46697" /><E108/><V55/><F73/><W56/><G123/><T1/><D74/><U110/><E4/><V129/><F111/><W7/><G117/><T72/><D72/><U14/><E110/><V128/><F132/><W69/><G79/><N who="1" m="30282" /><E36/><V49/><F2/><W116/><G43/><T102/><D115/><N who="3" m="44073" /><G39/><T130/><D130/><N who="2" m="50282" /><F9/><N who="3" m="2303" /><G116/><T135/><D1/><U15/><E15/><V68/><F68/><N who="3" m="26187" /><G125/><T6/><D8/><U78/><E78/><V124/><F124/><W28/><G28/><N who="2" m="10793" /><F21/><W58/><G65/><T104/><D67/><U133/><E133/><V126/><F126/><W24/><G24/><T0/><D0/><U106/><E106/><V89/><F89/><W81/><G81/><T12/><D12/><U95/><E95/><V27/><F27/><W113/><N who="3" m="44081" /><W86/><DORA hai="10" /><G86/><T96/><D90/><U59/><AGARI ba="0,0" hai="14,16,23,44,46,52,59,61" m="30282,46697" machi="59" ten="30,7900,0" yaku="13,1,52,1,54,2" doraHai="45,10" who="1" fromWho="1" sc="606,-20,221,79,82,-39,91,-20" /><INIT seed="7,0,0,0,0,21" ten="586,300,43,71" oya="3" hai0="30,6,108,3,58,105,121,63,93,67,98,33,23" hai1="94,123,97,14,19,34,54,39,128,82,124,41,88" hai2="84,125,51,55,77,89,69,16,101,130,28,76,1" hai3="100,43,20,116,59,120,73,17,15,26,46,131,7"/><W25/><G120/><T65/><D108/><U57/><E124/><V4/><F69/><W111/><G116/><T78/><D121/><U72/><E34/><V129/><F125/><W13/><G73/><T95/><D67/><U38/><E128/><N who="2" m="49259" /><F101/><W133/><G131/><T9/><D33/><U29/><E29/><V50/><F4/><W104/><G133/><T24/><D78/><N who="2" m="30314" /><F28/><W127/><G127/><T49/><D105/><U106/><E88/><V56/><F1/><W83/><G83/><T32/><D98/><U44/><E41/><V119/><F119/><W81/><G81/><T48/><D48/><U134/><E44/><V86/><F89/><W40/><G111/><T113/><D113/><U5/><E39/><V12/><F51/><W45/><G59/><T117/><D117/><U27/><E82/><V8/><AGARI ba="0,0" hai="8,12,16,50,55,56,84,86" m="30314,49259" machi="8" ten="30,2000,0" yaku="19,1,54,1" doraHai="21" who="2" fromWho="2" sc="586,-5,300,-5,43,20,71,-10" owari="581,68.1,295,9.5,63,-33.7,61,-43.9" /></mjloggm>