<mjloggm ver="2.3"><GO type="169" lobby="0"/><UN n0="%7A%6F%6F%31%39%36%34" n1="%E5%A4%A9%E6%89%8D%E9%BA%BB%E5%B0%86%E6%99%BA%E4%B9%83" n2="%E3%82%B4%E3%83%AB%E3%83%95%E3%82%AB%E3%83%BC%E3%83%88%E5%9B%BD%E9%81%93" n3="%E2%97%8E%E3%82%88%E3%81%97%E2%97%8E" dan="17,16,16,16" rate="2188.15,2141.90,2084.26,2150.34" sx="M,M,M,M"/><TAIKYOKU oya="0"/><INIT seed="0,0,0,0,1,113" ten="250,250,250,250" oya="0" hai0="95,19,89,74,58,14,114,126,17,78,5,97,55" hai1="64,66,57,34,3,28,108,92,115,4,104,81,131" hai2="40,26,65,8,133,61,79,121,106,44,0,75,134" hai3="20,24,52,128,94,22,45,11,76,70,32,38,84"/><T69/><D69/><U112/><E104/><V41/><F121/><W47/><G70/><T132/><D114/><N who="1" m="43563" /><E108/><V10/><F106/><W30/><G128/><T48/><D132/><N who="2" m="50794" /><F40/><W85/><G38/><T127/><D74/><U37/><E37/><N who="2" m="21551" /><F0/><W105/><G105/><T60/><D78/><U35/><E131/><V90/><F90/><W7/><G47/><T120/><D120/><U67/><E92/><V91/><F91/><W63/><G94/><T2/><D2/><U135/><E135/><V116/><F26/><W77/><G77/><T62/><D5/><U16/><E81/><N who="2" m="45311" /><F116/><W23/><G76/><T72/><D72/><U102/><E102/><V98/><F98/><W110/><G110/><T101/><D101/><U83/><E83/><V68/><AGARI ba="0,0" hai="8,10,61,65,68" m="45311,21551,50794" machi="68" ten="30,1100,0" yaku="20,1" doraHai="113" who="2" fromWho="2" sc="250,-5,250,-3,250,11,250,-3" /><INIT seed="1,0,0,4,3,117" ten="245,247,261,247" oya="1" hai0="68,1,12,108,101,88,56,102,123,112,85,83,107" hai1="80,46,81,95,127,73,67,77,58,57,119,91,11" hai2="18,104,33,0,94,34,4,124,75,113,63,6,9" hai3="89,110,99,35,131,65,106,84,105,132,7,23,87"/><U90/><E119/><V20/><F104/><N who="3" m="40043" /><G35/><T16/><D1/><U96/><E127/><V39/><F39/><W59/><G7/><T100/><D68/><U40/><E67/><V98/><F75/><W86/><G23/><T19/><D112/><U130/><E130/><V109/><F109/><W25/><G25/><T120/><D108/><U49/><E90/><V44/><F124/><W41/><G41/><T78/><D107/><U135/><E135/><V121/><F6/><W27/><G27/><T22/><D56/><U53/><E80/><V92/><F92/><N who="3" m="56719" /><G59/><T128/><D128/><U134/><E134/><V2/><F2/><W71/><G65/><T48/><D48/><U21/><E21/><V54/><F113/><W126/><G71/><T8/><REACH who="0" step="1"/><D78/><REACH who="0" ten="235,247,261,247" step="2"/><U55/><E57/><V15/><F0/><W50/><G131/><T36/><D36/><U29/><E58/><V32/><F63/><W26/><G110/><T61/><D61/><U62/><E62/><V38/><F38/><W82/><G126/><T52/><D52/><U66/><E66/><V125/><F54/><W64/><G132/><T10/><D10/><U24/><E11/><V28/><F125/><W70/><G50/><T3/><D3/><U45/><E45/><V69/><F44/><W5/><G64/><T129/><D129/><U97/><E55/><V37/><F69/><W93/><G70/><T115/><D115/><U76/><E76/><V114/><F37/><W72/><G26/><AGARI ba="0,1" hai="8,12,16,19,22,26,83,85,88,100,101,102,120,123" machi="26" ten="40,8000,1" yaku="1,1,52,2,54,2,53,0" doraHai="117" doraHaiUra="111" who="0" fromWho="3" sc="235,90,247,0,261,0,247,-80" /><INIT seed="2,0,0,5,2,18" ten="325,247,261,167" oya="2" hai0="60,44,7,55,118,40,30,84,0,87,135,90,64" hai1="113,115,128,43,71,129,2,42,82,80,51,110,21" hai2="134,9,19,94,102,16,38,111,116,35,50,98,48" hai3="93,133,99,79,120,109,101,72,130,63,75,39,26"/><V119/><F134/><W8/><G120/><T91/><D135/><U15/><E2/><V76/><F38/><W49/><G39/><T86/><D118/><U46/><E71/><V6/><F35/><W107/><G133/><T85/><D30/><U122/><E110/><V45/><F111/><W73/><G109/><T1/><D55/><U112/><E43/><V88/><F76/><W62/><G130/><N who="1" m="50282" /><E122/><V52/><F50/><W47/><G8/><T54/><D54/><U24/><E15/><V103/><F119/><W131/><G131/><T29/><D29/><AGARI ba="0,0" hai="21,24,29,42,46,51,80,82,112,113,115" m="50282" machi="29" ten="40,2600,0" yaku="19,1,52,1" doraHai="18" who="1" fromWho="0" sc="325,-26,247,26,261,0,167,0" /><INIT seed="3,0,0,2,3,81" ten="299,273,261,167" oya="3" hai0="42,90,25,32,68,89,19,58,92,14,7,99,110" hai1="53,115,6,87,109,73,48,0,26,41,35,31,128" hai2="78,66,105,134,46,50,60,44,45,82,18,75,51" hai3="88,37,129,52,54,8,22,117,85,84,11,86,101"/><W91/><G117/><T98/><D68/><U102/><E73/><V12/><F134/><W118/><G118/><T132/><D132/><U61/><E115/><V114/><F105/><W106/><G37/><T130/><D110/><U10/><E109/><V20/><REACH who="2" step="1"/><F114/><REACH who="2" ten="299,273,251,167" step="2"/><W83/><G129/><T1/><D130/><U112/><E112/><V127/><F127/><W59/><G106/><T121/><D121/><U15/><E128/><V21/><F21/><W70/><G70/><AGARI ba="0,1" hai="12,18,20,44,45,46,50,51,60,66,70,75,78,82" machi="70" ten="40,1300,0" yaku="1,1,53,0" doraHai="81" doraHaiUra="29" who="2" fromWho="3" sc="299,0,273,0,251,23,167,-13" /><INIT seed="4,0,0,0,2,66" ten="299,273,274,154" oya="0" hai0="78,67,12,99,129,85,118,36,89,57,77,121,74" hai1="43,94,47,28,42,83,17,61,127,103,63,87,123" hai2="79,18,32,124,34,62,59,116,71,128,126,92,51" hai3="109,65,110,45,41,133,86,69,107,134,9,49,8"/><T29/><D118/><U19/><E123/><V24/><F79/><W20/><G107/><T75/><D36/><U11/><E28/><V104/><F104/><W22/><G86/><T38/><D38/><U90/><E127/><N who="2" m="48683" /><F116/><W84/><G84/><T96/><D29/><U122/><E122/><V37/><F37/><W111/><G20/><T82/><D12/><N who="1" m="7327" /><E19/><V30/><F128/><W102/><G102/><T50/><D67/><U56/><E47/><V106/><F106/><W35/><G35/><T3/><D3/><U113/><E113/><V52/><F34/><W73/><G22/><T97/><D50/><U53/><E63/><V44/><F18/><W55/><G73/><N who="0" m="27659" /><D57/><U76/><E103/><V105/><F105/><W88/><G88/><N who="0" m="51255" /><D121/><U108/><E56/><V25/><F25/><W33/><G33/><T64/><D64/><U5/><E61/><V23/><F92/><W100/><G8/><T114/><D114/><U10/><E94/><V80/><F80/><W14/><G41/><T2/><D2/><U131/><E83/><V21/><F71/><W132/><G9/><T31/><D31/><U115/><E10/><V0/><F0/><W125/><G125/><T15/><D15/><U27/><E27/><V101/><F101/><W7/><G100/><T98/><D129/><U130/><E130/><V95/><F95/><AGARI ba="0,0" hai="77,78,89,95,96,97,98,99" m="51255,27659" machi="95" ten="30,18000,2" yaku="35,5,54,1" doraHai="66" who="0" fromWho="2" sc="299,180,273,0,274,-180,154,0" /><INIT seed="4,1,0,3,3,126" ten="479,273,94,154" oya="0" hai0="63,4,98,46,41,105,110,129,53,51,58,60,30" hai1="50,78,93,22,10,108,18,27,33,119,82,135,106" hai2="66,73,70,25,128,92,124,15,52,26,68,84,29" hai3="35,43,72,38,111,132,3,86,1,133,59,102,42"/><T104/><D110/><U16/><E106/><V39/><F73/><W96/><G111/><T99/><D4/><U5/><E108/><V115/><F115/><W76/><G35/><T40/><D30/><U123/><E135/><N who="3" m="51786" /><G86/><T103/><D129/><U11/><E123/><V8/><F124/><W100/><G59/><T49/><REACH who="0" step="1"/><D40/><REACH who="0" ten="469,273,94,154" step="2"/><U83/><E5/><V79/><F29/><W31/><G31/><T118/><D118/><U88/><E119/><V121/><F128/><W17/><G42/><T130/><D130/><U57/><E33/><V109/><F109/><W36/><G43/><T95/><D95/><U94/><E94/><V7/><F92/><W19/><G19/><T56/><D56/><U24/><E18/><V127/><F70/><W113/><G17/><T80/><D80/><N who="1" m="30763" /><E27/><V91/><F26/><W77/><G113/><T101/><AGARI ba="1,1" hai="41,46,49,51,53,58,60,63,98,99,101,103,104,105" machi="101" ten="30,6000,0" yaku="1,1,0,1,9,1,53,0" doraHai="126" doraHaiUra="67" who="0" fromWho="0" sc="469,73,273,-21,94,-21,154,-21" /><INIT seed="4,2,0,4,2,8" ten="542,252,73,133" oya="0" hai0="30,76,79,27,90,92,129,132,82,111,81,46,48" hai1="66,73,80,28,109,59,49,107,77,14,133,1,100" hai2="2,125,16,69,23,110,35,72,53,114,93,87,105" hai3="54,135,18,65,57,64,134,33,83,7,88,55,29"/><T41/><D129/><U38/><E1/><V108/><F105/><W43/><G7/><T21/><D132/><N who="3" m="50729" /><G43/><T17/><D111/><U47/><E109/><V36/><F72/><W6/><G6/><T106/><D106/><U50/><E133/><V45/><F2/><W115/><G115/><T86/><REACH who="0" step="1"/><D30/><REACH who="0" ten="532,252,73,133" step="2"/><U0/><E28/><V124/><F110/><W63/><G29/><T70/><D70/><U24/><E107/><V130/><F69/><W51/><G33/><T52/><D52/><U126/><E126/><V75/><F53/><W101/><G55/><T117/><D117/><U62/><E66/><V78/><F35/><W39/><G65/><T12/><D12/><U122/><E14/><V96/><F130/><W71/><G64/><T3/><D3/><U60/><E0/><V89/><F108/><W9/><G71/><T40/><D40/><U94/><E24/><V56/><F125/><W131/><G131/><T42/><D42/><U58/><E122/><V99/><F124/><W4/><G54/><T116/><D116/><U95/><E59/><V118/><F56/><W19/><G57/><T5/><D5/><U44/><E58/><V112/><F118/><W104/><G4/><T61/><D61/><U11/><E62/><V26/><F114/><W121/><G63/><T22/><D22/><U67/><E60/><V13/><F13/><W32/><G104/><T123/><D123/><U25/><E25/><V119/><F112/><W15/><G121/><T37/><D37/><U102/><E67/><V84/><F119/><W20/><G39/><T85/><D85/><RYUUKYOKU ba="2,1" sc="532,30,252,-10,73,-10,133,-10" hai0="17,21,27,41,46,48,76,79,81,82,86,90,92" /><INIT seed="4,3,1,2,5,18" ten="562,242,63,123" oya="0" hai0="6,99,47,46,74,41,33,16,75,45,110,19,69" hai1="91,17,84,2,103,28,22,13,102,25,95,61,24" hai2="118,37,108,98,9,31,100,131,54,122,76,89,79" hai3="132,130,120,128,134,85,94,124,90,38,42,53,20"/><T0/><D33/><U88/><E2/><V121/><F108/><W86/><G42/><T30/><D69/><U11/><E61/><V3/><F37/><W5/><G38/><T32/><D41/><U48/><E48/><V59/><F131/><N who="3" m="50219" /><G5/><T68/><D68/><U92/><E24/><V113/><F113/><W83/><G53/><T52/><D110/><U126/><E126/><V72/><F118/><W96/><G120/><T127/><D99/><AGARI ba="3,1" hai="11,13,17,22,25,28,84,88,91,92,95,99,102,103" machi="99" ten="30,7700,0" yaku="7,1,8,1,52,1,54,1" doraHai="18" who="1" fromWho="0" sc="562,-86,242,96,63,0,123,0" /><INIT seed="5,0,0,3,4,49" ten="476,338,63,123" oya="1" hai0="47,121,74,88,1,26,30,63,114,50,70,133,41" hai1="106,82,38,18,101,118,123,45,12,44,48,78,5" hai2="116,58,89,61,65,14,66,0,86,131,59,29,96" hai3="60,87,110,46,79,108,36,51,100,99,28,124,33"/><U19/><E118/><V128/><F116/><W23/><G33/><T115/><D1/><U119/><E119/><V81/><F0/><W4/><G36/><T83/><D133/><U56/><E123/><V13/><F29/><W68/><G124/><T130/><D130/><N who="2" m="49706" /><F96/><W76/><G4/><T120/><D63/><AGARI ba="0,0" hai="13,14,58,59,61,63,65,66,81,86,89" m="49706" machi="63" ten="30,1000,0" yaku="19,1" doraHai="49" who="2" fromWho="0" sc="476,-10,338,0,63,10,123,0" /><INIT seed="6,0,0,5,4,75" ten="466,338,73,123" oya="2" hai0="46,73,115,25,63,64,54,11,95,17,30,90,70" hai1="55,134,1,23,88,126,78,22,104,116,97,14,65" hai2="18,16,113,112,36,27,28,135,80,111,60,123,24" hai3="71,56,102,114,38,85,7,26,44,50,19,31,61"/><V5/><F123/><W127/><G127/><T10/><D73/><U83/><E1/><V109/><F36/><W40/><G7/><T8/><D115/><N who="2" m="44106" /><F135/><W2/><G2/><T76/><D76/><U130/><E126/><V6/><F60/><W120/><G120/><T99/><D54/><U33/><E116/><V43/><F43/><W13/><G102/><T84/><D46/><U77/><E33/><N who="2" m="20615" /><F80/><W122/><G122/><T133/><D133/><U68/><E134/><V117/><F117/><W94/><G114/><T101/><D17/><N who="2" m="6762" /><F27/><W92/><G38/><T79/><D63/><U131/><E55/><V69/><F69/><W119/><G71/><T48/><D48/><U67/><E68/><V72/><F72/><W3/><G119/><T82/><D70/><U52/><E52/><V81/><F81/><W118/><G118/><T93/><D64/><U51/><E51/><V106/><F106/><W74/><G74/><T15/><D25/><U100/><E83/><V132/><F132/><W53/><G85/><T103/><D95/><U96/><E104/><V29/><F29/><W32/><G92/><T66/><D66/><U124/><E124/><V9/><F5/><W125/><G94/><T20/><D30/><U107/><E107/><V86/><F86/><W49/><G125/><T47/><D47/><U98/><E98/><V108/><F108/><W39/><G39/><T4/><D4/><U59/><E59/><V58/><F58/><W57/><G56/><T105/><D105/><U45/><E45/><V12/><AGARI ba="0,0" hai="6,9,12,109,111" m="6762,20615,44106" machi="12" ten="30,11700,0" yaku="15,1,34,2,54,1" doraHai="75" who="2" fromWho="2" sc="466,-39,338,-39,73,117,123,-39" /><INIT seed="6,1,0,1,4,110" ten="427,299,190,84" oya="2" hai0="39,14,63,43,75,52,80,40,87,74,125,21,61" hai1="18,102,129,115,31,104,49,73,27,96,59,106,84" hai2="103,77,132,13,83,12,65,48,47,30,85,112,126" hai3="89,10,45,24,114,134,15,22,93,44,117,5,95"/><V130/><F130/><W81/><G117/><T135/><D135/><U67/><E73/><V32/><F126/><W53/><G134/><T94/><D125/><U127/><E127/><V42/><F132/><W128/><G128/><T33/><D33/><U76/><E129/><V1/><F1/><W6/><G6/><T66/><D39/><U28/><E106/><V36/><F112/><W99/><G114/><T55/><D94/><U97/><E97/><V119/><F119/><W62/><G81/><T70/><D75/><U4/><E4/><V101/><F65/><W86/><G62/><N who="0" m="23563" /><D70/><U88/><E76/><V50/><F36/><W71/><G53/><N who="0" m="20555" /><D74/><U120/><E120/><V46/><F30/><W54/><G54/><T78/><D66/><U69/><E49/><V8/><F32/><W100/><REACH who="3" step="1"/><G71/><REACH who="3" ten="427,299,190,74" step="2"/><T29/><D43/><U131/><E69/><V11/><F83/><W79/><G79/><T51/><D40/><U16/><E131/><V41/><F77/><W109/><G109/><T56/><D56/><U98/><E115/><V105/><F105/><W90/><G90/><T72/><D80/><U92/><E59/><V122/><F122/><W133/><G133/><T26/><D78/><U19/><E67/><V121/><F121/><W34/><G34/><T82/><D72/><U60/><E60/><V118/><F118/><W64/><G64/><T57/><D82/><U111/><E111/><V25/><F42/><W116/><G116/><T38/><D57/><U124/><E124/><V68/><F41/><W35/><G35/><T123/><D123/><U37/><E104/><RYUUKYOKU ba="1,1" sc="427,-10,299,-10,190,-10,74,30" hai3="5,10,15,22,24,44,45,86,89,93,95,99,100" /><INIT seed="7,2,1,2,0,22" ten="417,289,180,104" oya="3" hai0="127,37,17,132,115,70,74,59,82,58,76,3,120" hai1="105,86,42,31,114,65,27,79,87,32,84,51,15" hai2="111,78,56,108,75,57,9,36,107,11,113,123,26" hai3="54,28,133,96,63,7,61,45,110,10,34,117,92"/><W8/><G117/><T106/><RYUUKYOKU type="yao9" ba="2,1" sc="417,0,289,0,180,0,104,0" hai0="3,17,37,58,59,70,74,76,82,106,115,120,127,132" /><INIT seed="7,3,1,3,5,71" ten="417,289,180,104" oya="3" hai0="14,108,123,127,116,22,51,58,93,36,120,113,41" hai1="32,117,25,79,105,130,2,17,87,100,30,60,109" hai2="52,9,26,6,10,11,80,16,59,101,69,89,66" hai3="54,49,39,77,135,19,47,67,5,88,50,98,62"/><W45/><G135/><T56/><D116/><U111/><E117/><V76/><F101/><W112/><G112/><T92/><D108/><U128/><E100/><V33/><F69/><W31/><G31/><T63/><D127/><U110/><E105/><V129/><F129/><N who="1" m="49769" /><E60/><V24/><F66/><W65/><G5/><T106/><D106/><U68/><E68/><V114/><F114/><W28/><G28/><T94/><D63/><U15/><E2/><V27/><F33/><W95/><G39/><T53/><D36/><U96/><E96/><V0/><F89/><W83/><G19/><T132/><D56/><U48/><E48/><V85/><REACH who="2" step="1"/><F16/><REACH who="2" ten="417,289,170,104" step="2"/><W34/><G34/><T38/><D113/><U73/><E17/><V131/><F131/><W7/><G7/><T74/><D22/><U55/><E32/><V3/><F3/><W81/><G77/><T35/><D14/><U126/><E15/><V70/><F70/><W4/><G4/><T46/><D46/><U40/><E79/><V102/><F102/><W23/><G23/><T13/><D93/><U91/><E91/><V104/><F104/><W125/><G125/><T44/><D51/><AGARI ba="3,2" hai="0,6,9,10,11,24,26,27,51,52,59,76,80,85" machi="51" ten="40,2600,0" yaku="1,1,54,1,53,0" doraHai="71" doraHaiUra="119" who="2" fromWho="0" sc="417,-35,289,0,170,55,104,0" owari="382,48.2,289,8.9,225,-17.5,104,-39.6" /></mjloggm>