<mjloggm ver="2.3"><GO type="169" lobby="0"/><UN n0="%E3%81%95%E3%81%8D%E3%81%8A%E3%80%82" n1="%E3%83%8A%E3%82%AB%E3%81%AB%E3%81%97" n2="%E3%82%89%E3%81%84%E3%81%82%E3%82%93%E3%81%98%E3%82%83%E3%82%93" n3="%E3%81%AA%E3%81%8B%E3%81%AE%E3%81%86%E3%81%88" dan="16,17,17,16" rate="2146.36,2221.85,2212.43,2155.43" sx="M,M,M,M"/><TAIKYOKU oya="0"/><INIT seed="0,0,0,5,0,68" ten="250,250,250,250" oya="0" hai0="18,48,114,112,55,30,106,4,45,129,65,85,32" hai1="5,66,121,8,119,100,28,99,95,108,22,53,72" hai2="122,62,59,9,27,46,78,98,47,88,29,17,41" hai3="76,86,31,120,26,81,33,77,102,60,92,115,123"/><T1/><D106/><U57/><E119/><V21/><F122/><N who="3" m="46635" /><G115/><T94/><D129/><U105/><E121/><V3/><F78/><N who="3" m="46391" /><G60/><T54/><D65/><U131/><E72/><V101/><F41/><W16/><G16/><T15/><D54/><U52/><E108/><V79/><F79/><W13/><G13/><T49/><D49/><U107/><E131/><V40/><F40/><W124/><G124/><T36/><D36/><U23/><E66/><V109/><F109/><W113/><G113/><T127/><D127/><U84/><E53/><V58/><F58/><W56/><G56/><T126/><D126/><U80/><E28/><V91/><F47/><W74/><G74/><T0/><D30/><U75/><E75/><V103/><F46/><W128/><G128/><T7/><D32/><U34/><E34/><V63/><F63/><W38/><G38/><T83/><D112/><U12/><E105/><V69/><F69/><W117/><G117/><T51/><D51/><U61/><REACH who="1" step="1"/><E107/><REACH who="1" ten="250,240,250,250" step="2"/><V96/><F29/><W89/><G102/><T111/><D111/><U87/><E87/><AGARI ba="0,1" hai="26,31,33,76,77,87,89,92" m="46391,46635" machi="87" ten="30,1000,0" yaku="13,1" doraHai="68" who="3" fromWho="1" sc="250,0,240,-10,250,0,250,20" /><INIT seed="1,0,0,4,1,93" ten="250,230,250,270" oya="1" hai0="105,21,5,84,1,91,3,75,85,57,100,64,86" hai1="39,114,68,99,97,9,17,22,45,63,130,48,70" hai2="112,46,44,4,134,81,94,25,122,34,62,43,32" hai3="71,74,121,79,82,24,135,15,125,31,14,103,54"/><U41/><E114/><V26/><F94/><W96/><G121/><T42/><D75/><U111/><E130/><V76/><F62/><W19/><G125/><T129/><D42/><U108/><E9/><V0/><F4/><W120/><G120/><T90/><D129/><U38/><E38/><V7/><F7/><W133/><G71/><T65/><D5/><U12/><E39/><V124/><F81/><W53/><G15/><T128/><D128/><U116/><E116/><V23/><F23/><W29/><G29/><T47/><D47/><U78/><E78/><V88/><F43/><W30/><G30/><T36/><D36/><U61/><E63/><V110/><F76/><W11/><G135/><T95/><D21/><U69/><REACH who="1" step="1"/><E61/><REACH who="1" ten="250,220,250,270" step="2"/><V101/><F112/><W18/><G133/><T80/><D1/><U8/><E8/><V6/><F0/><W52/><G11/><T72/><D3/><U49/><E49/><V98/><F134/><W132/><G132/><T66/><D95/><U123/><E123/><V40/><F122/><W60/><G60/><T37/><D37/><U58/><E58/><V77/><F124/><W59/><G59/><T56/><D57/><U16/><E16/><V20/><F6/><W109/><G19/><T131/><D56/><U107/><E107/><V55/><F77/><W119/><G18/><T83/><D105/><U50/><E50/><V104/><F104/><W67/><G79/><T102/><D131/><U92/><E92/><V106/><F106/><W127/><G119/><T28/><D28/><U118/><E118/><V51/><F51/><RYUUKYOKU ba="0,1" sc="250,-10,220,30,250,-10,270,-10" hai1="12,17,22,41,45,48,68,69,70,97,99,108,111" /><INIT seed="1,1,1,1,4,135" ten="240,250,240,260" oya="1" hai0="93,101,7,30,72,25,20,133,127,14,56,86,48" hai1="119,81,87,4,131,60,118,5,124,64,3,98,104" hai2="53,2,52,103,114,63,13,27,54,82,6,0,34" hai3="16,99,68,37,49,79,17,19,123,112,89,24,23"/><U62/><E131/><V8/><F114/><W46/><G112/><T36/><D36/><U71/><E60/><V100/><F63/><W18/><G68/><T110/><D72/><U22/><E22/><V121/><F121/><W33/><G123/><T102/><D110/><U94/><E104/><V78/><F0/><W108/><G37/><T92/><D133/><U74/><E74/><V115/><F115/><W1/><G108/><T61/><D48/><U122/><E122/><V28/><REACH who="2" step="1"/><F2/><REACH who="2" ten="240,250,230,260" step="2"/><W91/><G1/><T116/><D116/><U67/><E3/><V44/><F44/><W58/><G33/><T120/><D120/><U83/><E62/><V41/><F41/><W69/><G69/><T96/><D127/><U59/><E71/><V65/><F65/><W134/><G134/><T84/><D14/><U57/><E124/><V15/><F15/><W42/><G58/><T66/><REACH who="0" step="1"/><D7/><REACH who="0" ten="230,250,230,260" step="2"/><U90/><E118/><V113/><F113/><W128/><G128/><T50/><D50/><U111/><E119/><V129/><F129/><W31/><G49/><T126/><D126/><U76/><E111/><V29/><F29/><W130/><G31/><T39/><D39/><U77/><E4/><V80/><F80/><W105/><G130/><T35/><D35/><U75/><E5/><V43/><F43/><W109/><G109/><T95/><D95/><U107/><E107/><V11/><F11/><W125/><G125/><T12/><D12/><U51/><E51/><V117/><F117/><W26/><G42/><T47/><D47/><U70/><E70/><V38/><F38/><RYUUKYOKU ba="1,3" sc="230,10,250,10,230,10,260,-30" hai0="20,25,30,56,61,66,84,86,92,93,96,101,102" hai1="57,59,64,67,75,76,77,81,83,87,90,94,98" hai2="6,8,13,27,28,34,52,53,54,78,82,100,103" /><INIT seed="1,2,3,2,2,116" ten="240,260,240,230" oya="1" hai0="13,97,94,129,24,91,100,42,69,52,9,122,121" hai1="32,12,88,15,70,18,56,8,120,44,40,4,36" hai2="79,27,26,55,84,10,85,67,110,1,28,82,53" hai3="3,118,43,29,25,76,51,95,71,98,72,49,108"/><U114/><E114/><V16/><F110/><W22/><G108/><T61/><D42/><U90/><E70/><V31/><F67/><W86/><G118/><T62/><D129/><U17/><E32/><V30/><F85/><W38/><G72/><T101/><D24/><N who="2" m="9258" /><F1/><W35/><G3/><T19/><D100/><U106/><E106/><V111/><F111/><W23/><G71/><T133/><D133/><U60/><E120/><N who="0" m="46185" /><D69/><U103/><E103/><V83/><F83/><N who="3" m="47463" /><G38/><T59/><D101/><U92/><E92/><V125/><F125/><W107/><G107/><T78/><D78/><U2/><E2/><V128/><F128/><W63/><G43/><T113/><D113/><U45/><E4/><V47/><F47/><N who="1" m="17993" /><E40/><V6/><F6/><W102/><G35/><T93/><D93/><U65/><E36/><V96/><F96/><W54/><G23/><AGARI ba="2,3" hai="8,12,15,17,18,23,56,60,65,88,90" m="17993" machi="23" ten="30,2900,0" yaku="8,1,54,1" doraHai="116" who="1" fromWho="3" sc="240,0,260,65,240,0,230,-35" /><INIT seed="1,3,0,3,0,52" ten="240,325,240,195" oya="1" hai0="135,41,2,106,111,16,103,132,13,63,97,82,48" hai1="34,121,26,79,47,114,96,51,6,69,59,40,27" hai2="24,119,72,58,115,73,54,109,117,77,131,38,75" hai3="127,98,35,71,94,43,20,116,76,0,31,86,95"/><U17/><E114/><V87/><F115/><W80/><G35/><T133/><D2/><U46/><E121/><V84/><F38/><W110/><G71/><T61/><D111/><U19/><E69/><V130/><F109/><W42/><G0/><T112/><D112/><U99/><E6/><V1/><F1/><W5/><G5/><T21/><REACH who="0" step="1"/><D82/><REACH who="0" ten="230,325,240,195" step="2"/><U10/><E34/><V108/><F108/><W3/><G80/><T78/><D78/><U39/><E79/><V122/><F77/><W91/><G3/><T55/><D55/><U11/><E40/><V25/><F122/><W134/><G43/><T57/><D57/><U62/><E39/><V8/><F54/><W9/><G42/><T125/><D125/><U100/><E59/><V124/><F58/><W101/><G127/><T18/><D18/><U83/><E83/><V85/><F124/><W89/><G110/><T12/><D12/><U33/><E33/><V65/><F65/><W81/><G81/><T15/><D15/><U50/><REACH who="1" step="1"/><E100/><REACH who="1" ten="230,315,240,195" step="2"/><V104/><F72/><W56/><G56/><T93/><D93/><U113/><E113/><V53/><F73/><W66/><G95/><T14/><D14/><U60/><AGARI ba="3,2" hai="10,11,17,19,26,27,46,47,50,51,60,62,96,99" machi="60" ten="25,18000,2" yaku="1,1,0,1,22,2,8,1,53,2" doraHai="52" doraHaiUra="4" who="1" fromWho="1" sc="230,-63,315,209,240,-63,195,-63" /><INIT seed="1,4,0,0,4,107" ten="167,524,177,132" oya="1" hai0="16,93,51,2,56,121,106,29,132,110,22,129,20" hai1="49,124,24,62,100,35,54,72,41,21,70,50,89" hai2="25,83,42,122,67,96,1,13,7,19,82,128,61" hai3="127,109,0,48,59,26,55,133,65,12,71,111,85"/><U90/><E35/><V63/><F122/><W46/><G0/><T77/><D106/><U40/><E124/><V108/><F108/><N who="3" m="41547" /><G85/><T53/><D121/><U30/><E72/><V131/><F1/><W114/><G12/><T126/><D110/><U94/><E70/><V57/><F42/><N who="1" m="16489" /><E62/><V134/><F134/><W11/><G26/><T97/><D2/><U15/><E50/><V5/><F25/><W39/><G11/><T52/><D126/><U92/><E15/><V120/><F13/><W87/><G87/><T43/><D43/><U44/><E100/><V78/><F120/><W8/><G8/><T104/><D104/><U3/><E3/><V112/><F5/><W81/><G81/><T47/><D129/><U18/><E18/><V32/><F83/><W116/><G71/><T17/><D132/><U75/><E75/><V98/><F82/><W79/><G116/><T125/><D77/><U99/><E92/><V130/><F78/><W23/><G79/><T118/><D125/><U4/><E90/><V84/><F19/><N who="0" m="7242" /><D29/><U28/><E28/><V119/><F119/><W58/><G39/><T76/><D76/><U64/><E4/><V33/><F7/><W135/><G127/><T103/><D118/><U38/><E38/><V60/><F84/><W101/><G135/><T34/><D34/><N who="2" m="13418" /><F112/><W66/><G114/><T91/><D103/><U36/><E36/><V123/><F123/><W95/><G133/><T9/><D9/><U80/><E80/><V37/><F37/><W73/><G73/><T113/><D113/><U74/><E74/><V68/><F68/><RYUUKYOKU ba="4,0" sc="167,10,524,10,177,10,132,-30" hai0="20,22,47,51,52,53,56,91,93,97" hai1="21,24,30,44,49,54,64,89,94,99" hai2="57,60,61,63,67,96,98,128,130,131" /><INIT seed="1,5,0,5,3,106" ten="177,534,187,102" oya="1" hai0="31,82,60,0,45,132,113,34,46,48,97,17,76" hai1="6,63,52,130,122,37,128,83,95,133,98,9,119" hai2="57,124,70,64,89,86,115,61,104,105,135,74,120" hai3="11,129,121,69,25,27,127,80,22,39,28,4,13"/><U30/><E122/><V123/><F124/><W103/><G121/><T35/><D0/><U59/><E37/><V43/><F135/><W51/><G39/><T93/><D113/><U73/><E119/><V91/><F115/><W72/><G127/><T94/><D60/><U58/><E30/><V118/><F118/><W50/><G129/><T14/><D132/><U85/><E133/><V20/><F74/><W12/><G69/><T7/><D7/><U36/><E36/><V90/><F70/><W15/><G103/><T3/><D3/><U71/><E59/><V44/><F86/><W134/><G27/><T53/><D45/><U29/><E29/><V112/><F112/><W24/><G24/><T67/><D67/><U111/><E111/><V126/><F126/><W40/><G134/><T21/><D31/><U109/><E109/><V116/><F116/><W18/><G40/><T10/><D21/><U47/><E47/><V54/><F64/><W42/><G42/><T100/><REACH who="0" step="1"/><D94/><REACH who="0" ten="167,534,187,102" step="2"/><U2/><E71/><V49/><F20/><W84/><G28/><T33/><D33/><U87/><E130/><V78/><F120/><W77/><REACH who="3" step="1"/><G84/><AGARI ba="5,1" hai="10,14,17,34,35,46,48,53,76,82,84,93,97,100" machi="84" ten="30,3900,0" yaku="1,1,7,1,53,1" doraHai="106" doraHaiUra="75" who="0" fromWho="3" sc="167,64,534,0,187,0,102,-54" /><INIT seed="2,0,0,0,5,105" ten="231,534,187,48" oya="2" hai0="88,97,56,40,119,111,135,19,70,24,63,31,25" hai1="62,130,100,37,107,10,69,46,117,36,30,5,121" hai2="21,127,129,122,128,7,125,85,22,72,1,3,39" hai3="49,79,108,18,16,66,20,2,89,116,84,9,71"/><V73/><F39/><W118/><G79/><T38/><D70/><U126/><E117/><V81/><F122/><W28/><G108/><T134/><D111/><U13/><E121/><V60/><F60/><W78/><G78/><T114/><D114/><U11/><E130/><N who="2" m="50283" /><F85/><W133/><G133/><N who="0" m="50699" /><D119/><U90/><E126/><N who="2" m="48139" /><F81/><W0/><G18/><T99/><D40/><U23/><E62/><V65/><F7/><W92/><G84/><T29/><D19/><U75/><E5/><V51/><F51/><W76/><G49/><T115/><D115/><U109/><E37/><V68/><F65/><W54/><G66/><T80/><D38/><U14/><E36/><V15/><F15/><W120/><G120/><T103/><D80/><U17/><E14/><V55/><F55/><W34/><G54/><T50/><D50/><U102/><E13/><V113/><F68/><W86/><G71/><T32/><D63/><U94/><E69/><V33/><F33/><W77/><G86/><T43/><D56/><U47/><E47/><V74/><F113/><W110/><G34/><T132/><D43/><U95/><E46/><V42/><F42/><W87/><G87/><T96/><D132/><U48/><E48/><V98/><F98/><W104/><G110/><T123/><D96/><U41/><E41/><V45/><F45/><W12/><G12/><T59/><D99/><U83/><E83/><V57/><F57/><W93/><G76/><T58/><D123/><U44/><E44/><V131/><N who="2" m="50291" /><V35/><DORA hai="64" /><F35/><W67/><G77/><T106/><D32/><U101/><E109/><RYUUKYOKU ba="0,0" sc="231,-10,534,-10,187,30,48,-10" hai2="1,3,21,22,72,73,74" /><INIT seed="2,1,0,5,4,60" ten="221,524,217,38" oya="2" hai0="100,134,121,125,7,29,8,4,101,103,87,15,76" hai1="81,33,59,128,89,44,38,48,113,74,40,75,85" hai2="23,51,114,32,118,61,80,83,12,9,45,0,90" hai3="92,71,22,108,34,129,131,109,57,54,24,20,13"/><V1/><F114/><W50/><G71/><T35/><D121/><U66/><E33/><V111/><F118/><W46/><G92/><T31/><D134/><U65/><E113/><V117/><F32/><W79/><G79/><T52/><D125/><U63/><E128/><N who="3" m="49226" /><G13/><T55/><D35/><U27/><E65/><V130/><F12/><W96/><G96/><T6/><D15/><U47/><REACH who="1" step="1"/><E27/><REACH who="1" ten="221,514,217,38" step="2"/><V97/><F130/><W14/><G34/><T67/><D67/><U77/><E77/><V91/><F117/><W16/><G57/><T94/><D76/><U110/><E110/><N who="3" m="42602" /><G24/><T25/><D25/><U3/><E3/><V56/><F111/><W62/><G62/><T104/><D104/><U127/><E127/><V116/><F56/><W43/><G22/><T105/><D105/><U93/><E93/><V135/><F61/><W115/><G115/><T102/><D8/><U11/><E11/><V18/><F9/><W72/><G72/><T95/><D94/><U119/><E119/><V73/><F116/><W36/><G36/><T30/><D100/><U112/><E112/><V19/><F73/><W26/><G26/><T41/><D41/><AGARI ba="1,1" hai="38,40,41,44,47,48,59,63,66,74,75,81,85,89" machi="41" ten="30,7700,0" yaku="1,1,7,1,52,1,53,1" doraHai="60" doraHaiUra="86" who="1" fromWho="0" sc="221,-80,514,90,217,0,38,0" /><AGARI ba="1,0" hai="14,16,20,41,43,46,50,54" m="42602,49226" machi="41" ten="30,3900,0" yaku="19,1,14,1,54,1" doraHai="60" who="3" fromWho="0" sc="141,-39,604,0,217,0,38,39" /><INIT seed="3,0,0,3,5,94" ten="102,604,217,77" oya="3" hai0="0,46,104,76,88,70,127,113,12,80,4,97,108" hai1="63,85,31,23,120,57,64,29,27,110,111,54,105" hai2="56,60,52,17,128,15,118,58,38,26,109,86,82" hai3="115,132,42,119,66,59,10,133,77,106,39,30,25"/><W73/><G115/><T44/><D113/><U18/><E105/><V90/><F109/><N who="1" m="41481" /><E120/><V135/><F128/><W36/><G119/><T102/><D0/><U74/><E74/><V7/><F135/><N who="3" m="51787" /><G106/><T129/><D70/><N who="1" m="42271" /><E85/><V37/><F118/><W71/><G71/><T95/><D127/><U3/><E3/><V1/><F26/><W131/><G131/><T81/><D81/><U130/><E130/><V67/><F7/><W117/><G10/><T124/><D124/><U96/><E96/><V75/><F1/><W89/><G89/><T83/><D83/><U112/><E112/><V103/><F103/><W40/><G77/><T72/><D129/><U49/><AGARI ba="0,0" hai="18,23,27,29,31,49,54,57" m="42271,41481" machi="49" ten="30,1100,0" yaku="14,1" doraHai="94" who="1" fromWho="1" sc="102,-3,604,11,217,-3,77,-5" /><INIT seed="4,0,0,5,2,94" ten="99,615,214,72" oya="0" hai0="12,102,128,73,40,88,117,18,127,21,65,91,97" hai1="104,118,80,13,75,64,23,101,25,22,34,4,119" hai2="69,31,99,95,2,72,15,83,53,82,84,135,116" hai3="14,134,7,108,115,8,19,77,107,124,56,87,49"/><T43/><D117/><U71/><E75/><V38/><F2/><W5/><G108/><T61/><D73/><U70/><E80/><V67/><F38/><W78/><G115/><T60/><D128/><U129/><E129/><V29/><F135/><W111/><G124/><T0/><D0/><U133/><E133/><V28/><F82/><W81/><G111/><T100/><D127/><U105/><E4/><V89/><F69/><W35/><G35/><T66/><D21/><U86/><E86/><V96/><F67/><W11/><G134/><T85/><D85/><U62/><E71/><V63/><F116/><W30/><G30/><T17/><REACH who="0" step="1"/><D12/><REACH who="0" ten="89,615,214,72" step="2"/><U37/><E23/><V16/><F72/><W110/><G110/><T90/><D90/><U27/><E13/><V46/><F15/><W44/><G78/><T9/><D9/><U76/><E22/><V92/><F84/><W42/><G11/><T26/><D26/><U10/><E27/><V114/><F89/><W131/><G131/><T32/><D32/><U130/><E76/><V3/><F3/><W132/><G132/><T48/><D48/><U59/><E10/><V55/><F114/><W57/><G49/><T52/><D52/><U103/><E130/><V50/><F55/><W123/><G14/><T47/><D47/><U126/><E126/><V51/><F53/><W1/><G44/><T109/><D109/><U45/><E118/><V112/><F46/><W74/><G1/><T122/><D122/><U125/><E119/><V39/><F112/><W20/><G74/><T106/><D106/><U121/><E105/><RYUUKYOKU ba="0,1" sc="89,30,615,-10,214,-10,72,-10" hai0="17,18,40,43,60,61,65,66,88,91,97,100,102" /><INIT seed="4,1,1,5,5,89" ten="119,605,204,62" oya="0" hai0="30,6,50,71,51,12,59,5,18,98,31,128,36" hai1="90,37,42,68,33,67,133,99,101,108,21,48,0" hai2="22,57,78,19,77,118,73,95,105,40,88,111,119" hai3="63,125,75,86,81,45,20,116,120,52,94,110,87"/><T130/><D71/><U49/><E108/><V126/><F111/><W121/><G110/><T41/><D36/><U60/><E0/><V17/><F105/><W123/><G116/><N who="2" m="44585" /><F126/><W84/><G125/><T26/><D98/><U97/><E21/><V43/><F57/><N who="3" m="35239" /><G20/><T24/><D59/><U82/><E99/><N who="2" m="57831" /><F17/><W69/><G69/><T70/><D70/><U64/><E68/><V124/><F124/><W23/><G23/><T91/><D91/><U32/><E90/><V58/><F58/><W134/><G134/><T102/><D102/><U25/><E101/><V114/><F114/><W53/><G94/><T100/><D100/><U106/><E106/><V113/><F113/><W104/><G104/><T15/><D18/><U112/><E112/><V9/><F9/><W79/><G75/><T46/><D46/><U129/><E133/><V117/><F73/><W10/><G10/><T127/><D127/><U2/><E64/><V72/><F72/><W83/><G79/><N who="2" m="30217" /><F117/><W11/><G11/><T132/><D132/><U61/><E67/><V96/><F96/><W47/><G47/><T29/><D29/><U8/><E97/><V107/><F107/><W76/><G76/><T7/><D7/><U44/><E44/><V115/><F115/><W62/><G62/><T34/><D34/><U74/><E33/><V1/><F1/><W28/><G28/><T109/><D109/><U66/><E2/><V56/><F56/><W16/><G16/><T80/><D80/><U93/><E42/><AGARI ba="1,1" hai="5,6,12,15,24,26,30,31,41,42,50,51,128,130" machi="42" ten="25,2400,0" yaku="22,2" doraHai="89" who="0" fromWho="1" sc="119,37,605,-27,204,0,62,0" /><INIT seed="4,2,0,0,2,55" ten="156,578,204,62" oya="0" hai0="132,59,38,51,76,118,116,88,40,78,83,100,122" hai1="1,49,64,92,0,73,28,125,134,41,33,106,109" hai2="111,19,47,48,18,62,6,42,72,126,24,21,46" hai3="96,123,44,102,69,129,121,101,56,39,8,90,65"/><T34/><D122/><N who="3" m="46601" /><G69/><T37/><D34/><U12/><E109/><V20/><F126/><W110/><G110/><T91/><D100/><N who="3" m="38505" /><G129/><T30/><D30/><U57/><E106/><V35/><F111/><W104/><G104/><T85/><D132/><U17/><E73/><V13/><F72/><W99/><G8/><T70/><D70/><U87/><E125/><V32/><F6/><W43/><G90/><T79/><D91/><U10/><E28/><V128/><F128/><W133/><G133/><T23/><D23/><U114/><E33/><V50/><REACH who="2" step="1"/><F62/><AGARI ba="2,0" hai="39,43,44,56,62,65,96,99" m="38505,46601" machi="62" ten="30,2000,0" yaku="13,1,52,1" doraHai="55" who="3" fromWho="2" sc="156,0,578,0,204,-26,62,26" /><INIT seed="5,0,0,4,3,93" ten="156,578,178,88" oya="1" hai0="84,91,66,20,3,124,53,37,82,36,50,73,45" hai1="17,10,15,86,108,113,64,85,104,58,127,62,111" hai2="126,23,67,103,132,59,18,121,118,25,125,120,13" hai3="109,63,65,39,79,81,0,94,69,54,55,70,135"/><U114/><E104/><V78/><F103/><W21/><G109/><T75/><D124/><N who="2" m="47722" /><F78/><W71/><G135/><T89/><D3/><U11/><E127/><V95/><F95/><W27/><G39/><T72/><D66/><U47/><E47/><V119/><F59/><W61/><G0/><T52/><D89/><U96/><E10/><N who="2" m="6455" /><F67/><W77/><G94/><T99/><D99/><U2/><E2/><V9/><F9/><W92/><G92/><T102/><D102/><U44/><E44/><V68/><F68/><W106/><G106/><T107/><D107/><U130/><E130/><V117/><F132/><W30/><G79/><T112/><D112/><N who="1" m="43115" /><E96/><V16/><AGARI ba="0,0" hai="16,23,25,117,118,119,120,121" m="6455,47722" machi="16" ten="40,8000,1" yaku="18,1,34,2,54,1" doraHai="93" who="2" fromWho="2" sc="156,-20,578,-40,178,80,88,-20" /><INIT seed="6,0,0,5,5,74" ten="136,538,258,68" oya="2" hai0="81,73,104,13,6,21,63,133,115,131,64,59,10" hai1="123,3,7,15,125,38,49,36,56,40,1,23,51" hai2="83,18,67,16,134,77,58,120,57,95,2,107,9" hai3="124,68,72,52,108,8,29,69,14,129,39,103,33"/><V26/><F120/><W11/><G108/><T113/><D104/><U37/><E125/><V66/><F134/><W50/><G39/><T132/><D131/><U20/><E15/><V87/><F107/><W88/><G124/><T62/><D73/><U78/><E78/><V71/><F71/><W84/><G72/><T25/><D81/><U53/><E123/><V118/><F118/><W61/><G103/><T42/><D42/><U94/><E94/><V4/><F26/><W102/><G102/><T116/><D63/><U98/><E98/><V70/><F70/><W105/><G61/><T110/><D110/><U28/><E7/><V96/><F57/><W79/><G79/><T130/><D130/><U76/><E76/><V60/><F67/><W17/><G105/><T127/><D116/><U135/><E135/><N who="0" m="51785" /><D127/><U101/><E101/><AGARI ba="0,0" hai="2,4,9,16,18,58,60,66,77,83,87,95,96,101" machi="101" ten="30,5800,0" yaku="7,1,52,1,54,1" doraHai="74" who="2" fromWho="1" sc="136,0,538,-58,258,58,68,0" /><INIT seed="6,1,0,1,2,4" ten="136,480,316,68" oya="2" hai0="40,42,71,125,78,5,1,45,49,134,57,94,106" hai1="72,67,63,69,105,20,16,102,98,32,91,8,80" hai2="19,77,55,68,70,64,31,135,82,81,14,115,132" hai3="89,17,35,97,76,92,123,118,121,100,43,104,24"/><V41/><F41/><W128/><G118/><T44/><D106/><U11/><E32/><V50/><F31/><W127/><G43/><T108/><D71/><U90/><E90/><V124/><F82/><W122/><G127/><T96/><D108/><U28/><E28/><V47/><F64/><W113/><G128/><T130/><D130/><U120/><E120/><V74/><F115/><W30/><G113/><T99/><D125/><U84/><E72/><V56/><F56/><W52/><G76/><T103/><D57/><U27/><AGARI ba="1,0" hai="8,11,16,20,27,63,67,69,80,84,91,98,102,105" machi="27" ten="20,8000,1" yaku="0,1,7,1,52,2,54,1" doraHai="4" who="1" fromWho="1" sc="136,-21,480,83,316,-41,68,-21" /><INIT seed="7,0,0,5,2,133" ten="115,563,275,47" oya="3" hai0="13,6,11,59,53,40,131,29,121,28,108,109,39" hai1="120,105,0,115,100,95,87,32,75,85,69,104,49" hai2="71,23,60,125,101,78,103,3,76,128,99,20,135" hai3="132,127,25,1,129,89,97,24,33,72,63,126,57"/><W46/><G132/><T102/><D121/><U74/><E69/><V18/><F3/><W34/><G72/><T43/><D131/><U14/><E0/><V66/><F23/><W35/><G1/><T56/><D108/><U130/><E32/><V88/><F88/><W111/><G129/><T30/><D109/><U19/><E115/><V52/><F52/><W54/><G111/><T10/><D10/><U26/><E120/><V79/><F103/><W51/><G89/><T31/><N who="0" m="7168" /><DORA hai="116" /><T21/><D39/><U118/><E26/><V41/><F41/><N who="0" m="15946" /><D21/><U123/><E87/><V7/><F20/><W22/><G97/><T84/><D102/><U90/><E95/><V5/><F101/><W80/><G80/><T122/><D122/><U9/><E123/><V134/><F76/><W70/><G70/><T110/><D110/><U73/><E49/><V42/><F78/><W83/><G83/><T94/><D53/><U45/><E45/><V113/><F79/><W117/><G117/><T114/><D114/><U37/><E14/><V16/><F113/><W62/><G62/><T4/><D4/><U48/><E90/><AGARI ba="0,0" hai="6,11,13,56,59,84,90,94" m="15946,7168" machi="90" ten="40,1300,0" yaku="8,1" doraHai="133,116" who="0" fromWho="1" sc="115,13,563,-13,275,0,47,0" owari="128,-27.2,550,65.0,275,7.5,47,-45.3" /></mjloggm>