<mjloggm ver="2.3"><GO type="169" lobby="0"/><UN n0="%E4%BA%8C%E6%8A%9E%E4%BA%BA" n1="%E2%91%A3%E3%82%BB%E3%83%B3%E3%83%81" n2="%E5%8B%98%E5%BC%81%E3%81%97%E3%81%A6%E3%82%88" n3="%E5%85%AD%E9%83%A8%E5%9C%AD" dan="16,18,17,16" rate="2037.41,2317.68,2215.32,2140.16" sx="F,M,M,M"/><TAIKYOKU oya="0"/><INIT seed="0,0,0,2,3,10" ten="250,250,250,250" oya="0" hai0="88,79,131,119,65,22,133,26,118,53,128,30,78" hai1="12,45,51,72,111,54,57,9,31,32,37,132,56" hai2="66,42,100,125,11,117,1,19,2,122,109,38,107" hai3="81,13,6,43,110,60,29,121,16,135,28,3,130"/><T52/><D65/><U129/><E72/><V105/><F122/><W124/><G121/><T25/><D133/><U89/><E132/><V90/><F109/><W127/><G135/><T7/><D7/><U18/><E111/><V93/><F125/><N who="3" m="48203" /><G110/><T91/><D22/><U83/><E129/><V103/><F117/><W114/><G114/><T99/><D99/><U101/><E37/><V82/><F66/><W50/><G130/><T112/><REACH who="0" step="1"/><D30/><REACH who="0" ten="240,250,250,250" step="2"/><U47/><E31/><V96/><F96/><W63/><G28/><T36/><D36/><U87/><E32/><V97/><F38/><W15/><G29/><T55/><D55/><N who="1" m="31871" /><E101/><V0/><F42/><W33/><G33/><T21/><D21/><U80/><E80/><V84/><REACH who="2" step="1"/><F100/><REACH who="2" ten="240,250,240,250" step="2"/><W69/><G43/><T73/><D73/><U5/><E5/><V35/><F35/><W120/><G6/><T62/><D62/><AGARI ba="0,2" hai="9,12,18,45,47,54,57,62,83,87,89" m="31871" machi="62" ten="30,2000,0" yaku="8,1,52,1" doraHai="10" who="1" fromWho="0" sc="240,-20,250,40,240,0,250,0" /><INIT seed="1,0,0,5,1,85" ten="220,290,240,250" oya="1" hai0="124,22,53,116,84,104,55,37,39,110,26,133,44" hai1="103,115,32,117,20,1,43,2,69,9,58,23,42" hai2="40,121,70,4,25,106,125,75,76,77,71,109,30" hai3="82,126,91,119,31,114,67,49,111,24,99,68,57"/><U3/><E69/><V92/><F121/><W79/><G114/><T36/><D116/><U11/><E115/><V59/><F106/><W78/><G119/><T94/><D104/><U98/><E32/><V65/><F109/><W87/><G111/><T27/><D110/><U19/><E117/><V54/><F125/><W5/><G126/><T107/><D107/><U10/><E58/><V88/><F40/><W21/><G5/><T130/><D130/><U96/><E103/><V129/><F4/><W33/><G68/><T72/><D72/><U7/><BYE who="0" /><E7/><V34/><F129/><W41/><G33/><T132/><D132/><U73/><E73/><V12/><F12/><W16/><G99/><N who="1" m="37930" /><E19/><V48/><F75/><UN n0="%E4%BA%8C%E6%8A%9E%E4%BA%BA" /><W95/><G95/><T131/><D133/><U60/><E60/><V90/><F92/><W8/><G67/><T122/><D131/><U81/><E81/><V62/><REACH who="2" step="1"/><F71/><REACH who="2" ten="220,290,230,250" step="2"/><W100/><G100/><T50/><D122/><U118/><E118/><V0/><F0/><W101/><G101/><T35/><D124/><U128/><E128/><V45/><F45/><N who="3" m="25775" /><G57/><T28/><D94/><U83/><E83/><V52/><F52/><W120/><G120/><T127/><D55/><U135/><E135/><V15/><F15/><AGARI ba="0,1" hai="8,15,16,21,24,31,78,79,82,87,91" m="25775" machi="15" ten="30,3900,0" yaku="8,1,52,1,54,1" doraHai="85" who="3" fromWho="2" sc="220,0,290,0,230,-39,250,49" /><INIT seed="2,0,0,3,3,31" ten="220,290,191,299" oya="2" hai0="85,5,129,14,131,118,23,2,64,72,59,49,78" hai1="9,34,127,102,106,116,90,69,101,58,44,29,94" hai2="18,17,55,110,45,73,133,86,68,1,109,108,25" hai3="113,83,84,20,51,124,27,24,47,52,35,0,33"/><V98/><F73/><W4/><G124/><T22/><D72/><U37/><E69/><V56/><F68/><W63/><G113/><T48/><D2/><U40/><E116/><V77/><F1/><W117/><G117/><T28/><D118/><U12/><E106/><V82/><F133/><W97/><G27/><T38/><D38/><U80/><E80/><V30/><F98/><W65/><G97/><T67/><D85/><U70/><E70/><V95/><F95/><W76/><G4/><T112/><D78/><U122/><E122/><V6/><F45/><W7/><G7/><T105/><D14/><U115/><E58/><V104/><F6/><W13/><G13/><T53/><D5/><U46/><E46/><V75/><F75/><W103/><G103/><T99/><D112/><U60/><E60/><V123/><F104/><W42/><G42/><T36/><D36/><U87/><E127/><V26/><F26/><W54/><G54/><T79/><D99/><U135/><E135/><V128/><F128/><W61/><G0/><T19/><D105/><U21/><E9/><V16/><F123/><W111/><G111/><T57/><D53/><U15/><E115/><V120/><F120/><W119/><G119/><T8/><D8/><U10/><E10/><V107/><F107/><W11/><G11/><T114/><D114/><U96/><E96/><V92/><F92/><W66/><G63/><T32/><D32/><N who="3" m="12361" /><G61/><T125/><D125/><U62/><E62/><N who="2" m="36127" /><F18/><W132/><G132/><T71/><D131/><U81/><E102/><V41/><F41/><W3/><G3/><RYUUKYOKU ba="0,0" sc="220,-15,290,-15,191,15,299,15" hai2="16,17,25,30,77,82,86,108,109,110" hai3="20,24,47,51,52,65,66,76,83,84" /><INIT seed="2,1,0,3,1,119" ten="205,275,206,314" oya="2" hai0="75,108,42,99,7,60,14,114,52,83,47,15,54" hai1="88,84,105,78,126,43,19,106,86,71,111,122,33" hai2="131,79,53,68,41,32,38,104,62,70,11,123,49" hai3="34,89,133,107,61,35,67,64,37,26,23,87,92"/><V82/><F32/><W95/><G107/><T31/><D114/><U91/><E71/><V93/><F104/><W12/><G37/><T134/><D108/><U9/><E33/><V130/><F93/><W129/><G129/><N who="2" m="49161" /><F11/><W109/><G133/><T76/><D134/><U27/><E43/><V100/><F100/><W44/><G109/><T132/><D132/><U72/><E111/><V29/><F29/><W74/><G74/><T97/><D31/><U121/><E126/><V135/><F135/><W58/><G64/><T59/><D54/><U0/><E78/><V20/><F20/><W22/><G44/><T6/><D15/><N who="1" m="7663" /><E72/><N who="2" m="43367" /><F123/><N who="1" m="47113" /><E0/><V127/><F127/><W94/><G34/><T103/><D7/><U50/><E27/><V48/><F70/><W16/><REACH who="3" step="1"/><G35/><REACH who="3" ten="205,275,206,304" step="2"/><T21/><D75/><U51/><E106/><V45/><F53/><W120/><G120/><T8/><D52/><U10/><E105/><V63/><F63/><W125/><G125/><T80/><D60/><U39/><E39/><V69/><F69/><W96/><G96/><T113/><D97/><U17/><E86/><V5/><F5/><W1/><G1/><T116/><D99/><U117/><E117/><V13/><F13/><W115/><G115/><T3/><D113/><U102/><E84/><V24/><F24/><W56/><G56/><T73/><D59/><U28/><E51/><V4/><F4/><W90/><G90/><T36/><D116/><U118/><E118/><V57/><F57/><W128/><G128/><T40/><D3/><U46/><E50/><N who="2" m="19563" /><F68/><W55/><G55/><T124/><D124/><RYUUKYOKU ba="1,1" sc="205,-15,275,-15,206,15,304,15" hai2="38,41,45,62" hai3="12,16,22,23,26,58,61,67,87,89,92,94,95" /><INIT seed="2,2,1,2,0,61" ten="190,260,221,319" oya="2" hai0="42,45,25,56,21,91,86,124,127,50,17,36,131" hai1="129,107,71,95,81,68,30,6,79,76,33,106,119" hai2="8,117,103,111,120,29,83,37,4,75,44,10,100" hai3="82,98,13,115,51,18,39,66,74,126,110,62,84"/><V96/><F117/><W123/><G39/><T24/><D131/><U60/><E119/><V22/><F120/><W121/><G74/><T80/><D36/><U32/><E95/><V109/><F8/><W11/><G110/><N who="2" m="41993" /><F96/><W15/><G126/><T57/><REACH who="0" step="1"/><D24/><REACH who="0" ten="180,260,221,319" step="2"/><U7/><E129/><V64/><F37/><W112/><G121/><T43/><D43/><U38/><E38/><V88/><F44/><W41/><G123/><T128/><D128/><U34/><E30/><V20/><F29/><W113/><G41/><T94/><D94/><U65/><E71/><V58/><F75/><W135/><G113/><T35/><D35/><U2/><E34/><V1/><F22/><W53/><G115/><T97/><D97/><U69/><E69/><V14/><F20/><W77/><G98/><T105/><D105/><U116/><E116/><V72/><F72/><W133/><G112/><T99/><D99/><U16/><E33/><V27/><F27/><W93/><G93/><T101/><D101/><U89/><E32/><V49/><F103/><W26/><G26/><T28/><D28/><U108/><E108/><V125/><F100/><W46/><REACH who="3" step="1"/><G13/><REACH who="3" ten="180,260,221,309" step="2"/><T67/><D67/><U130/><E65/><V132/><F14/><W59/><AGARI ba="2,3" hai="11,15,18,46,51,53,59,62,66,77,82,84,133,135" machi="59" ten="30,7900,0" yaku="1,1,2,1,0,1,52,1,53,0" doraHai="61" doraHaiUra="0" who="3" fromWho="3" sc="180,-22,260,-22,221,-41,309,115" /><INIT seed="3,0,0,5,5,74" ten="158,238,180,424" oya="3" hai0="75,10,112,54,82,38,128,123,19,92,5,93,119" hai1="80,4,53,135,102,60,16,127,62,77,78,47,83" hai2="39,97,57,111,18,28,84,98,107,133,31,72,66" hai3="124,1,14,132,23,76,12,34,125,0,44,121,117"/><W24/><G117/><T99/><D119/><U6/><E102/><V33/><F72/><W90/><G121/><T114/><D123/><U37/><E127/><N who="3" m="48714" /><G34/><T30/><D128/><U73/><E135/><V101/><F39/><W94/><G132/><T89/><D30/><U68/><E68/><V81/><F133/><W120/><G120/><T20/><D38/><U67/><E37/><V115/><F111/><W70/><G70/><T55/><D93/><U51/><E16/><V32/><F115/><N who="0" m="44074" /><D75/><U108/><E108/><V100/><F31/><W118/><G118/><T46/><D46/><U27/><E27/><V56/><F18/><W9/><G44/><T103/><D82/><N who="1" m="31275" /><E73/><V41/><F41/><W13/><G9/><T58/><D58/><N who="1" m="37335" /><E60/><V96/><F28/><N who="3" m="17439" /><G0/><N who="0" m="295" /><D103/><U65/><E65/><V25/><F101/><W48/><G48/><T17/><D17/><U40/><E40/><V43/><F43/><W8/><G1/><T71/><D71/><U63/><E63/><V129/><F100/><W130/><G8/><T110/><D110/><U36/><E36/><V86/><F107/><W79/><G130/><T49/><D49/><U105/><E105/><V69/><F129/><W95/><G95/><T126/><D126/><U134/><E134/><V64/><F69/><W61/><G61/><T11/><D11/><U29/><E29/><N who="2" m="19503" /><F33/><W7/><G7/><AGARI ba="0,0" hai="4,6,7,47,51,53,77,78" m="37335,31275" machi="7" ten="30,3900,0" yaku="8,1,52,2" doraHai="74" who="1" fromWho="3" sc="158,0,238,39,180,0,424,-39" /><INIT seed="4,0,0,4,5,125" ten="158,277,180,385" oya="0" hai0="67,0,68,17,95,28,73,23,111,42,72,114,41" hai1="13,50,10,86,52,92,113,135,107,40,130,38,59" hai2="131,14,74,89,11,110,96,101,29,34,117,132,5" hai3="55,97,58,75,78,79,15,83,56,81,121,94,124"/><T70/><D114/><U21/><E107/><V53/><F110/><W109/><G124/><T39/><D0/><U12/><E113/><V61/><F131/><W63/><G121/><T54/><D28/><U31/><E135/><V127/><F132/><W62/><G109/><T18/><D111/><U77/><E130/><V80/><F127/><W118/><G118/><T3/><D3/><U16/><E38/><V51/><F117/><W45/><G45/><T99/><D54/><U128/><E128/><V30/><F61/><W98/><G15/><T36/><D95/><U19/><E40/><V122/><F34/><W102/><G97/><T116/><D116/><U69/><E69/><V87/><F74/><W71/><G71/><T90/><D99/><U57/><E31/><V33/><F33/><W85/><G56/><T48/><D48/><AGARI ba="0,0" hai="48,55,58,62,63,75,78,79,81,83,85,94,98,102" machi="48" ten="30,1000,0" yaku="7,1" doraHai="125" who="3" fromWho="0" sc="158,-10,277,0,180,0,385,10" /><INIT seed="5,0,0,1,0,58" ten="148,277,180,395" oya="1" hai0="70,130,33,10,69,98,5,81,50,56,131,47,27" hai1="62,64,89,100,23,80,74,135,40,124,46,134,67" hai2="84,117,86,34,43,96,4,119,93,2,94,110,29" hai3="53,68,132,11,114,101,123,25,106,60,15,75,3"/><U129/><E100/><V41/><F110/><W30/><G123/><T71/><D98/><U125/><E23/><V128/><F128/><N who="0" m="49194" /><D81/><U108/><E129/><V17/><F17/><W118/><G75/><T28/><D56/><N who="1" m="36935" /><E89/><V8/><F29/><W59/><G3/><N who="0" m="319" /><D50/><N who="1" m="26951" /><E80/><V65/><F34/><W99/><G68/><T52/><D52/><U103/><E103/><V13/><F65/><W121/><G121/><T9/><D47/><U82/><E82/><V92/><F2/><W44/><G44/><T38/><D9/><U112/><E74/><V111/><F111/><W76/><G53/><T1/><D1/><U26/><E108/><V37/><F96/><W120/><G76/><T48/><D48/><U18/><E67/><V6/><F93/><W55/><G120/><T0/><D0/><U83/><E83/><V87/><F87/><W77/><G77/><T21/><D21/><N who="1" m="13623" /><E112/><V133/><F8/><W88/><G88/><T105/><D105/><U12/><E12/><V113/><F13/><W36/><G36/><AGARI ba="0,0" hai="27,28,33,36,38,69,70,71" m="319,49194" machi="36" ten="40,2600,0" yaku="19,1,23,1" doraHai="58" who="0" fromWho="3" sc="148,26,277,0,180,0,395,-26" /><INIT seed="6,0,0,3,4,30" ten="174,277,180,369" oya="2" hai0="3,111,109,22,72,66,100,38,87,32,57,114,0" hai1="102,55,9,34,56,48,69,108,74,19,24,59,70" hai2="132,94,5,20,107,101,90,49,91,2,28,10,73" hai3="96,118,78,121,8,25,11,43,62,97,45,133,116"/><V86/><F73/><W105/><G121/><T135/><D72/><U4/><E108/><V103/><F132/><W124/><G133/><T61/><D135/><U58/><E74/><V7/><F7/><W76/><G124/><T85/><D38/><U98/><E19/><V83/><F107/><W31/><G62/><T65/><D100/><U52/><E24/><V6/><F6/><W134/><G134/><T125/><D22/><U99/><E34/><V88/><F28/><W120/><G120/><T64/><D125/><U80/><E80/><V131/><F131/><W1/><G1/><T79/><D114/><U13/><E99/><V60/><F20/><W50/><G116/><T53/><D32/><U82/><E82/><V51/><F60/><W77/><G118/><T39/><D39/><U42/><E42/><V44/><F51/><W92/><G105/><T33/><D33/><U93/><E59/><V16/><F16/><W67/><G67/><T40/><D40/><U106/><E106/><V119/><F119/><W35/><REACH who="3" step="1"/><G97/><REACH who="3" ten="174,277,180,359" step="2"/><T89/><D0/><U126/><E126/><V117/><F117/><W95/><G95/><N who="0" m="54703" /><D3/><U46/><E70/><V130/><F130/><W17/><G17/><T21/><D111/><U104/><E69/><V112/><F112/><W23/><G23/><T41/><D21/><U110/><E110/><V115/><F115/><W14/><G14/><T47/><D109/><U84/><E104/><V37/><F94/><W129/><G129/><T29/><D29/><U128/><E128/><V127/><F127/><W63/><G63/><T15/><D61/><RYUUKYOKU ba="0,1" sc="174,-10,277,-10,180,-10,359,30" hai3="8,11,25,31,35,43,45,50,76,77,78,92,96" /><INIT seed="7,1,1,4,0,27" ten="164,267,170,389" oya="3" hai0="93,73,70,100,1,23,16,60,59,75,134,113,6" hai1="24,65,61,18,44,67,71,31,88,0,10,84,15" hai2="2,36,135,69,5,64,40,34,106,41,126,19,85" hai3="128,35,79,13,122,132,118,77,58,119,22,9,133"/><W104/><G35/><T43/><D70/><U7/><E65/><V112/><F41/><W30/><G122/><T110/><D110/><U89/><E44/><N who="2" m="23559" /><F19/><N who="3" m="8623" /><G104/><T129/><D43/><U38/><E38/><V48/><F48/><W91/><G128/><T28/><D28/><U8/><REACH who="1" step="1"/><E84/><REACH who="1" ten="164,257,170,389" step="2"/><V3/><F85/><W80/><G58/><T87/><D129/><U21/><AGARI ba="1,2" hai="0,7,8,10,15,18,21,24,31,61,67,71,88,89" machi="21" ten="20,12000,2" yaku="1,1,2,1,0,1,7,1,52,1,54,1,53,0" doraHai="27" doraHaiUra="120" who="1" fromWho="1" sc="164,-31,257,143,170,-31,389,-61" owari="133,-36.7,400,50.0,139,-26.1,328,12.8" /></mjloggm>