<mjloggm ver="2.3"><GO type="169" lobby="0"/><UN n0="%E9%80%B2%E5%8C%96%E3%81%99%E3%82%8B%E7%8C%BF" n1="%E5%B1%B1%E6%9C%AC%E6%83%A3%E4%B8%80%E6%9C%97" n2="%E3%81%BE%E3%81%88%E3%81%9F" n3="%7A%6F%6F%31%39%36%34" dan="16,17,16,17" rate="2082.90,2187.09,2188.49,2197.11" sx="M,M,F,M"/><TAIKYOKU oya="0"/><INIT seed="0,0,0,5,5,33" ten="250,250,250,250" oya="0" hai0="32,116,52,41,93,23,45,88,79,106,42,82,74" hai1="39,0,109,113,49,54,68,121,76,94,37,101,55" hai2="87,127,119,91,80,73,10,14,124,31,3,75,19" hai3="132,122,24,123,59,97,84,4,120,125,62,130,72"/><T107/><D32/><U5/><E121/><V9/><F31/><W29/><G72/><T38/><D116/><U22/><E68/><V40/><F40/><W89/><G130/><T46/><D23/><U71/><E71/><V56/><F56/><W7/><G97/><T2/><D2/><U114/><E76/><V30/><F30/><W12/><G12/><T115/><D115/><N who="1" m="44043" /><E109/><V90/><F90/><W8/><G132/><T100/><D100/><U64/><E64/><V27/><F27/><W133/><G133/><T103/><D103/><U47/><E55/><V105/><F105/><W51/><G51/><T112/><D112/><U92/><E22/><V65/><F65/><N who="3" m="39135" /><G8/><T83/><D83/><U126/><E126/><N who="2" m="48171" /><F119/><W11/><G11/><T17/><D17/><U131/><E131/><V58/><F58/><W48/><G48/><T108/><D108/><U111/><E111/><V16/><F19/><W28/><G125/><T110/><D110/><U69/><E69/><V135/><F135/><W21/><G29/><T81/><D81/><AGARI ba="0,0" hai="4,7,21,24,28,81,84,89,120,122,123" m="39135" machi="81" ten="30,1000,0" yaku="13,1" doraHai="33" who="3" fromWho="0" sc="250,-10,250,0,250,0,250,10" /><INIT seed="1,0,0,2,4,63" ten="240,250,250,260" oya="1" hai0="102,123,18,84,130,0,32,74,53,68,43,124,73" hai1="2,66,70,16,116,42,80,125,71,95,107,3,89" hai2="7,109,47,79,49,82,56,12,29,86,65,133,119" hai3="24,36,76,100,17,135,8,103,9,58,128,50,90"/><U55/><E107/><V77/><F119/><W131/><G36/><T52/><D0/><U27/><E116/><V118/><F118/><W99/><G76/><T92/><D32/><U126/><E42/><V104/><F104/><W114/><G114/><T87/><D43/><U88/><E55/><V31/><F109/><W35/><G135/><T122/><D130/><U10/><E80/><V57/><F79/><W97/><G90/><N who="1" m="34922" /><E95/><V39/><F39/><W64/><G50/><T127/><D92/><U110/><E110/><V40/><F133/><W134/><G134/><T98/><D68/><U111/><E111/><V108/><F108/><W93/><G35/><T69/><D69/><N who="1" m="26123" /><E66/><V81/><F82/><W72/><G72/><T30/><D98/><U20/><E10/><N who="2" m="4191" /><F56/><W96/><G58/><T115/><D115/><U21/><E21/><V14/><F14/><W91/><G8/><T94/><D94/><U15/><E15/><V75/><F75/><W1/><G9/><T28/><REACH who="0" step="1"/><D18/><REACH who="0" ten="230,250,250,260" step="2"/><U33/><E33/><V6/><F6/><W101/><G1/><T34/><D34/><U51/><E2/><V26/><F26/><W41/><G24/><T23/><D23/><U4/><E3/><V60/><AGARI ba="0,1" hai="29,31,40,47,49,57,60,65,77,81,86" m="4191" machi="60" ten="30,4000,0" yaku="25,1,8,1,52,1" doraHai="63" who="2" fromWho="2" sc="230,-10,250,-20,250,50,260,-10" /><INIT seed="2,0,0,3,4,123" ten="220,230,300,250" oya="2" hai0="104,134,71,131,53,95,112,19,122,26,25,5,58" hai1="18,41,28,82,80,121,4,92,135,0,37,128,78" hai2="99,84,120,42,16,64,107,48,40,46,63,49,31" hai3="103,62,111,11,115,32,75,2,1,93,86,118,35"/><V102/><F120/><W66/><G118/><T27/><D104/><U9/><E121/><V51/><F31/><W83/><G75/><T39/><D112/><U113/><E113/><V125/><F125/><W96/><G115/><T33/><D33/><U10/><E128/><V68/><F42/><W60/><G60/><T73/><D39/><U94/><E135/><V88/><REACH who="2" step="1"/><F16/><REACH who="2" ten="220,230,290,250" step="2"/><W57/><G35/><T36/><D19/><U74/><E28/><V12/><F12/><W6/><G32/><T114/><D122/><U13/><REACH who="1" step="1"/><E82/><AGARI ba="0,1" hai="40,46,48,49,51,63,64,68,82,84,88,99,102,107" machi="82" ten="30,5800,0" yaku="1,1,7,1,54,1,53,0" doraHai="123" doraHaiUra="20" who="2" fromWho="1" sc="220,0,230,-58,290,68,250,0" /><INIT seed="2,1,0,1,1,83" ten="220,172,358,250" oya="2" hai0="54,94,101,107,133,28,91,126,127,110,4,18,16" hai1="87,99,119,50,84,43,134,53,26,13,93,41,20" hai2="75,2,74,37,92,15,64,14,3,49,8,82,21" hai3="90,98,55,17,103,69,72,31,102,33,34,109,121"/><V132/><F37/><W114/><G72/><T86/><D110/><U22/><E134/><V60/><F132/><W112/><G69/><T85/><D133/><U32/><E32/><V29/><F92/><W89/><G121/><T131/><D131/><U10/><E119/><V76/><F49/><W124/><G109/><T59/><D28/><U111/><E111/><V25/><F75/><W58/><G17/><T61/><D4/><N who="1" m="3271" /><E43/><V46/><F46/><W116/><G124/><N who="0" m="47659" /><D101/><N who="1" m="60655" /><E41/><V67/><F67/><W23/><G116/><T77/><D107/><U12/><E12/><V44/><F44/><W73/><G73/><T38/><D38/><U80/><E80/><AGARI ba="1,0" hai="16,18,54,59,61,77,80,85,86,91,94" m="47659" machi="80" ten="30,7700,0" yaku="18,1,52,2,54,1" doraHai="83" who="0" fromWho="1" sc="220,80,172,-80,358,0,250,0" /><INIT seed="3,0,0,0,1,46" ten="300,92,358,250" oya="3" hai0="78,109,32,18,75,29,56,113,89,71,103,43,7" hai1="54,0,9,5,67,122,13,91,26,50,90,16,14" hai2="104,133,107,118,98,42,105,57,1,68,48,27,128" hai3="106,6,11,66,12,60,51,2,85,93,22,110,25"/><W35/><G106/><T34/><D71/><U63/><E122/><V28/><F118/><W134/><G134/><T61/><D109/><U33/><E0/><V24/><F1/><W80/><G110/><T123/><D123/><U3/><E3/><V58/><F68/><W74/><G74/><T30/><D7/><U55/><E33/><V73/><F73/><W21/><G93/><T4/><D4/><U117/><E26/><V99/><F133/><W76/><G2/><T97/><D43/><U87/><E117/><V112/><F112/><W95/><G95/><T130/><D89/><U115/><E115/><V100/><F128/><W83/><G83/><T126/><D18/><U129/><E129/><V121/><F121/><W86/><G86/><T102/><D113/><U37/><E37/><V70/><F70/><W120/><G120/><T15/><D15/><U20/><E87/><V79/><F79/><W47/><G35/><T65/><D130/><U62/><E54/><V114/><F114/><W64/><G60/><N who="1" m="23082" /><E67/><N who="3" m="25642" /><G25/><T17/><D34/><U111/><E111/><V52/><F24/><W40/><AGARI ba="0,0" hai="6,11,12,21,22,40,47,51,76,80,85" m="25642" machi="40" ten="30,6000,0" yaku="25,1,8,1,52,1" doraHai="46" who="3" fromWho="3" sc="300,-20,92,-20,358,-20,250,60" /><INIT seed="3,1,0,3,0,126" ten="280,72,338,310" oya="3" hai0="31,71,57,127,29,14,1,26,7,88,94,102,59" hai1="20,99,84,39,27,113,16,32,87,5,110,124,122" hai2="33,105,77,79,34,0,23,55,58,12,22,51,83" hai3="96,49,90,125,54,56,67,15,116,104,103,69,4"/><W42/><G116/><T109/><D127/><U107/><E113/><V2/><F105/><W24/><G125/><T18/><D109/><U78/><E124/><V38/><F38/><W65/><G69/><T68/><D102/><U10/><E39/><V30/><F30/><W61/><G24/><T74/><D74/><U44/><E110/><V98/><F98/><W41/><G67/><T108/><D31/><U17/><E122/><V106/><F106/><W46/><REACH who="3" step="1"/><G90/><REACH who="3" ten="280,72,338,300" step="2"/><T111/><D71/><U128/><E27/><V129/><F77/><W100/><G100/><T134/><D68/><U28/><E128/><V80/><F79/><W72/><G72/><T64/><D64/><U53/><E78/><V37/><F129/><W130/><G130/><T35/><D111/><U135/><E135/><V47/><F34/><W101/><G101/><T48/><D134/><U86/><E32/><V76/><F33/><W133/><G133/><T6/><D108/><U97/><E107/><V117/><F76/><W9/><AGARI ba="1,1" hai="4,9,15,41,42,46,49,54,56,61,65,96,103,104" machi="9" ten="30,3000,0" yaku="1,1,0,1,53,0" doraHai="126" doraHaiUra="70" who="3" fromWho="3" sc="280,-11,72,-11,338,-11,300,43" /><INIT seed="3,2,0,3,4,71" ten="269,61,327,343" oya="3" hai0="40,123,88,121,93,129,54,124,65,46,80,59,5" hai1="36,116,14,119,90,105,18,112,96,19,89,126,69" hai2="7,127,131,67,134,1,28,122,27,87,110,45,95" hai3="9,8,22,73,48,53,32,24,91,66,26,77,41"/><W97/><G66/><T72/><D129/><U44/><E112/><V81/><F110/><W106/><G41/><T98/><D65/><U52/><E69/><V20/><F131/><W34/><G77/><T118/><D118/><N who="1" m="45099" /><E126/><V117/><F117/><W100/><G73/><T128/><D128/><U104/><E36/><V49/><F134/><W76/><G76/><T102/><D124/><U57/><E44/><V70/><F95/><W99/><G34/><T29/><D29/><U64/><E64/><V86/><F86/><W10/><G32/><T33/><D33/><U63/><E18/><V35/><F122/><W25/><G97/><T4/><D121/><U0/><E0/><V37/><F37/><W11/><N who="3" m="2048" /><DORA hai="108" /><W58/><REACH who="3" step="1"/><G91/><REACH who="3" ten="269,61,327,333" step="2"/><N who="1" m="34826" /><E96/><V55/><F127/><W107/><G107/><T16/><D123/><U13/><E105/><V51/><F67/><W50/><G50/><T111/><D98/><U15/><E104/><V74/><F74/><W38/><G38/><T30/><D72/><U120/><E120/><V109/><F109/><W78/><G78/><T60/><D111/><U84/><E84/><V23/><F70/><W113/><G113/><T62/><D40/><U103/><E103/><V101/><F101/><W39/><G39/><T92/><D102/><U2/><E2/><V61/><F49/><W115/><G115/><T125/><D125/><U17/><AGARI ba="2,1" hai="13,14,15,17,19,52,57,63" m="34826,45099" machi="17" ten="40,2700,0" yaku="12,1,54,1" doraHai="71,108" who="1" fromWho="1" sc="269,-9,61,43,327,-9,333,-15" /><INIT seed="4,0,0,1,3,119" ten="260,104,318,318" oya="0" hai0="114,43,36,17,38,83,30,55,69,91,74,79,101" hai1="75,95,99,96,14,31,97,126,88,41,123,68,35" hai2="57,51,121,113,124,116,98,128,49,5,19,103,11" hai3="18,65,71,34,73,100,129,32,12,115,13,112,53"/><T4/><D114/><N who="3" m="43561" /><G73/><T92/><D69/><U45/><E68/><V15/><F113/><W16/><G100/><T63/><D30/><U37/><E126/><V85/><F124/><W7/><G7/><T50/><D4/><U42/><E75/><V81/><F128/><W8/><G129/><T127/><D127/><U93/><E42/><V27/><F121/><W2/><G2/><T78/><D78/><U110/><E110/><V0/><F27/><W106/><G106/><T23/><D101/><U60/><E123/><V20/><F57/><W61/><G53/><T118/><D43/><U47/><E47/><V104/><REACH who="2" step="1"/><F116/><REACH who="2" ten="260,104,308,318" step="2"/><W67/><G65/><T102/><D118/><U44/><E44/><V135/><F135/><W76/><G76/><AGARI ba="0,1" hai="0,5,11,15,19,20,49,51,76,81,85,98,103,104" machi="76" ten="30,2000,0" yaku="1,1,7,1,53,0" doraHai="119" doraHaiUra="86" who="2" fromWho="3" sc="260,0,104,0,308,30,318,-20" /><INIT seed="5,0,0,5,3,118" ten="260,104,338,298" oya="1" hai0="72,133,2,32,126,42,11,14,82,88,19,129,128" hai1="101,90,24,48,62,94,111,122,55,53,71,77,66" hai2="20,93,43,9,109,69,45,26,127,36,50,120,125" hai3="87,18,79,57,135,96,89,7,113,3,49,74,102"/><U110/><E77/><V60/><F109/><N who="1" m="41481" /><E101/><V5/><F93/><W70/><G70/><T12/><D32/><U119/><E119/><V117/><F117/><W99/><G113/><T73/><D126/><N who="2" m="48138" /><F69/><W54/><G135/><T108/><D133/><U33/><E48/><V46/><F60/><W64/><G64/><T112/><D112/><U83/><E83/><V31/><F45/><W85/><G74/><T47/><D2/><U13/><E13/><N who="2" m="5295" /><F36/><W86/><G79/><T61/><D108/><U68/><E68/><V75/><F75/><W29/><G89/><T91/><D61/><U52/><E122/><AGARI ba="0,0" hai="20,26,31,43,46,50,120,122" m="5295,48138" machi="122" ten="30,3900,0" yaku="18,1,52,2" doraHai="118" who="2" fromWho="1" sc="260,0,104,-39,338,39,298,0" /><INIT seed="6,0,0,5,3,101" ten="260,65,377,298" oya="2" hai0="107,77,71,119,102,19,48,112,11,128,94,63,105" hai1="135,134,30,1,64,18,89,121,90,80,122,74,115" hai2="35,6,34,104,46,14,97,131,52,27,39,96,78" hai3="84,4,13,83,133,58,92,109,116,24,62,28,70"/><V25/><F78/><W87/><G109/><T125/><D112/><U51/><E1/><V85/><F85/><W86/><G133/><N who="1" m="50698" /><E30/><V100/><F39/><W40/><G116/><T98/><D119/><U79/><E18/><V22/><F27/><W59/><G40/><T129/><D125/><U91/><E51/><V113/><F97/><W32/><G92/><T50/><D77/><U76/><E64/><V106/><F131/><N who="0" m="50250" /><D71/><U3/><E3/><V82/><F82/><W95/><G95/><T21/><D11/><U2/><E2/><V31/><F113/><W54/><G70/><T55/><D63/><U126/><E115/><V118/><F118/><W103/><G103/><T110/><D110/><U111/><E111/><V17/><F6/><W67/><G13/><N who="0" m="9455" /><D50/><U49/><E49/><V69/><F69/><W0/><G0/><T43/><D43/><U114/><E114/><V65/><F65/><W38/><G38/><T47/><AGARI ba="0,0" hai="47,48,55,94,98,102,105,107" m="9455,50250" machi="47" ten="30,4000,0" yaku="19,1,52,2" doraHai="101" who="0" fromWho="0" sc="260,40,65,-10,377,-20,298,-10" /><INIT seed="7,0,0,5,0,96" ten="300,55,357,288" oya="3" hai0="93,111,25,18,62,11,50,106,6,16,46,5,33" hai1="118,15,95,81,74,44,133,66,7,72,127,91,4" hai2="35,135,116,20,76,94,21,41,37,59,32,107,48" hai3="73,115,2,124,24,40,82,83,8,110,97,128,101"/><W57/><G115/><T3/><D106/><U47/><E66/><V45/><F107/><W86/><G128/><T102/><D111/><U38/><E15/><V49/><F37/><W55/><G110/><T122/><D122/><U123/><E123/><V12/><F35/><W28/><G124/><T125/><D125/><U126/><E38/><V34/><F34/><W22/><G40/><T79/><D79/><U129/><E95/><V113/><F32/><W112/><G112/><T117/><D117/><U80/><E129/><V52/><F116/><W0/><G73/><T121/><D121/><U108/><E118/><V99/><F135/><W68/><G68/><T67/><D6/><U103/><E108/><V51/><F113/><W1/><G8/><T54/><D33/><U19/><E133/><V17/><F76/><W88/><G83/><T77/><D77/><U43/><E43/><V90/><F49/><W65/><G65/><T75/><D25/><U98/><E98/><V78/><F78/><W104/><REACH who="3" step="1"/><G0/><REACH who="3" ten="300,55,357,278" step="2"/><T39/><D75/><U31/><E31/><V132/><F132/><W30/><G30/><T61/><D39/><U56/><E19/><N who="0" m="7209" /><D67/><U58/><REACH who="1" step="1"/><E91/><REACH who="1" ten="300,45,357,278" step="2"/><V42/><F41/><W120/><G120/><T63/><D93/><U29/><E29/><V53/><F42/><W87/><G87/><T14/><D3/><U119/><E119/><V27/><F27/><W84/><G84/><T64/><D64/><U92/><E92/><V13/><F12/><W134/><G134/><T23/><D23/><AGARI ba="0,2" hai="13,17,20,21,23,45,48,51,52,53,59,90,94,99" machi="23" ten="30,3900,0" yaku="7,1,8,1,54,1" doraHai="96" who="2" fromWho="0" sc="300,-39,45,0,357,59,278,0" owari="261,-13.9,45,-45.5,416,51.6,278,7.8" /></mjloggm>