<mjloggm ver="2.3"><GO type="169" lobby="0"/><UN n0="%71%75%61%72%6B" n1="%E4%BE%8D" n2="%E3%83%9B%E3%83%B3%E3%82%A4%E3%83%84%E8%B5%A4%EF%BC%93" n3="%63%2E%63%2D%76%2E%76" dan="16,17,16,17" rate="2042.58,2239.63,2115.24,2233.53" sx="M,M,M,F"/><TAIKYOKU oya="0"/><INIT seed="0,0,0,0,0,61" ten="250,250,250,250" oya="0" hai0="96,22,99,123,94,75,134,81,109,93,8,27,82" hai1="76,36,15,73,5,108,107,88,80,64,2,52,98" hai2="56,116,50,25,84,38,19,0,6,129,112,79,106" hai3="115,70,101,120,59,131,87,95,65,4,113,72,121"/><T43/><D123/><N who="3" m="47177" /><G72/><T31/><D134/><U28/><E36/><V42/><F106/><W7/><G59/><T100/><D109/><U130/><E108/><V74/><F116/><W10/><G131/><T55/><D75/><U124/><E130/><V132/><F129/><W71/><G101/><T119/><D119/><U44/><E2/><V86/><F132/><W39/><G39/><T21/><D43/><U51/><E124/><V85/><F56/><W122/><N who="3" m="47185" /><W26/><DORA hai="30" /><G26/><T97/><D97/><U69/><E28/><V135/><F25/><W77/><G7/><T91/><D8/><U16/><E5/><V60/><F60/><N who="3" m="40231" /><G71/><T92/><D22/><U9/><E69/><V89/><F6/><W127/><G127/><T118/><D118/><U126/><E126/><V117/><F74/><W57/><G57/><T103/><D55/><U114/><E114/><V133/><F38/><W18/><G18/><T17/><REACH who="0" step="1"/><D31/><REACH who="0" ten="240,250,250,250" step="2"/><U45/><E64/><V40/><F117/><W78/><G115/><T105/><D105/><U63/><E107/><V3/><F112/><W53/><G53/><T14/><D14/><U29/><E29/><V66/><F3/><W47/><G113/><T11/><D11/><U32/><E9/><V83/><F0/><W49/><G10/><T104/><D104/><U37/><E15/><V67/><F135/><W23/><G23/><T102/><D102/><U34/><E16/><V48/><F19/><W12/><G12/><T35/><D35/><U62/><E32/><V1/><F1/><W20/><G20/><T125/><D125/><RYUUKYOKU ba="0,1" sc="240,30,250,-10,250,-10,250,-10" hai0="17,21,27,81,82,91,92,93,94,96,99,100,103" /><INIT seed="0,1,1,5,3,79" ten="270,240,240,240" oya="0" hai0="82,97,115,24,10,72,47,54,122,36,39,3,128" hai1="34,125,12,130,121,90,51,80,68,112,92,33,48" hai2="23,5,63,21,67,101,131,77,29,40,7,65,58" hai3="45,132,105,55,74,113,117,126,16,104,120,96,25"/><T83/><D122/><U1/><E121/><V123/><F123/><W60/><G120/><RYUUKYOKU type="kaze4" ba="1,1" sc="270,0,240,0,240,0,240,0" /><INIT seed="0,2,1,4,5,36" ten="270,240,240,240" oya="0" hai0="18,117,129,37,86,93,50,62,44,132,85,72,47" hai1="113,124,5,127,122,63,69,38,8,90,133,104,17" hai2="135,13,65,99,75,24,115,35,2,21,51,1,80" hai3="31,126,120,61,14,52,68,123,101,94,43,110,33"/><T116/><D72/><U112/><E122/><N who="3" m="46634" /><G110/><T107/><D107/><U98/><E17/><V102/><F115/><N who="1" m="44105" /><E38/><V41/><F35/><W58/><G126/><N who="1" m="48170" /><E133/><V77/><F135/><W100/><G14/><T121/><D121/><U27/><E27/><V48/><F13/><W56/><G68/><T67/><D132/><U16/><E90/><V59/><F2/><W125/><G125/><T105/><D105/><U118/><E118/><V49/><F1/><W97/><G58/><T109/><D129/><U32/><E32/><V12/><F12/><W9/><G9/><T23/><D109/><U20/><E8/><V29/><F65/><W76/><G76/><T34/><D34/><U15/><E5/><V64/><F64/><W128/><G128/><T103/><D117/><U3/><E3/><V54/><F41/><W78/><G78/><T30/><D116/><U106/><E98/><V4/><F4/><W108/><G108/><T89/><D30/><U0/><E0/><V96/><F96/><W114/><G114/><T60/><D103/><U39/><E39/><V130/><F130/><W79/><G79/><T82/><D37/><U55/><E69/><V111/><F111/><W87/><G100/><T46/><D67/><U7/><E7/><V95/><AGARI ba="2,1" hai="21,24,29,48,49,51,54,59,75,77,80,95,99,102" machi="95" ten="20,1500,0" yaku="0,1,7,1" doraHai="36" who="2" fromWho="2" sc="270,-9,240,-6,240,31,240,-6" /><INIT seed="1,0,0,4,5,60" ten="261,234,271,234" oya="1" hai0="93,11,30,132,61,110,134,25,72,9,111,105,13" hai1="101,125,62,41,121,74,63,46,115,49,59,130,55" hai2="75,70,100,71,102,113,31,120,81,44,98,99,52" hai3="118,39,91,79,35,0,123,107,34,58,53,114,64"/><U15/><E74/><V67/><F120/><W5/><G114/><T43/><D105/><U37/><E101/><V23/><F113/><W97/><G123/><T86/><D72/><U8/><E115/><V135/><F135/><N who="0" m="51754" /><D43/><U108/><E121/><V32/><F71/><W47/><G118/><T4/><D9/><U48/><E130/><V19/><F75/><W1/><G79/><T104/><D104/><U131/><E131/><V89/><F31/><W106/><G39/><T116/><D116/><U112/><E112/><V66/><F32/><W84/><G47/><T126/><D126/><U68/><E125/><V73/><F70/><W54/><G97/><N who="2" m="36873" /><F73/><W94/><G34/><N who="0" m="20815" /><D61/><U57/><E68/><V3/><F3/><W129/><G129/><T96/><D86/><U85/><E85/><N who="2" m="50351" /><F102/><AGARI ba="0,0" hai="4,11,13,93,96,102,110,111" m="20815,51754" machi="102" ten="30,1000,0" yaku="20,1" doraHai="60" who="0" fromWho="2" sc="261,10,234,0,271,-10,234,0" /><INIT seed="2,0,0,3,1,122" ten="271,234,261,234" oya="2" hai0="55,51,42,99,72,4,79,24,65,108,132,92,8" hai1="89,123,90,56,25,5,113,22,112,11,119,17,1" hai2="0,20,86,9,32,87,134,63,43,127,47,81,59" hai3="40,41,31,114,77,57,126,109,69,23,95,115,107"/><V68/><F68/><W75/><G107/><T70/><D132/><U94/><E123/><V103/><F32/><W46/><G69/><T111/><D42/><U84/><E119/><V110/><F134/><W33/><G33/><T62/><D24/><U66/><E66/><V34/><F34/><W117/><G117/><T26/><D26/><U133/><E133/><V118/><F118/><W67/><G31/><T128/><D128/><U124/><E124/><V10/><F127/><W71/><G23/><T98/><D79/><U88/><REACH who="1" step="1"/><E56/><REACH who="1" ten="271,224,261,234" step="2"/><V18/><F59/><W129/><G57/><T21/><D65/><U100/><E100/><V91/><F103/><W39/><G126/><T29/><D70/><U44/><E44/><V64/><F64/><W82/><G67/><T101/><D101/><U120/><E120/><V121/><F121/><W28/><G71/><T53/><D108/><U38/><E38/><V30/><F110/><W19/><G109/><T125/><D111/><U78/><E78/><V15/><F47/><W27/><G46/><T50/><D125/><U13/><E13/><V52/><F0/><W74/><G39/><T54/><D51/><U35/><E35/><V116/><F15/><W135/><G135/><T85/><D50/><U3/><E3/><V61/><F116/><W6/><G77/><T45/><D45/><U104/><E104/><V80/><F43/><W2/><G40/><T49/><D49/><U37/><E37/><V105/><F105/><W97/><G41/><T130/><D62/><U12/><E12/><V96/><F63/><W58/><G2/><RYUUKYOKU ba="0,1" sc="271,-10,224,30,261,-10,234,-10" hai1="1,5,11,17,22,25,84,88,89,90,94,112,113" /><INIT seed="3,1,1,0,2,43" ten="261,254,251,224" oya="3" hai0="98,26,48,40,99,117,120,72,111,80,32,76,124" hai1="77,84,107,66,33,85,38,119,51,5,62,41,46" hai2="13,130,55,116,131,67,89,92,106,25,93,91,59" hai3="127,44,132,52,94,3,73,97,12,101,53,115,10"/><W135/><G115/><T86/><D120/><U125/><E107/><V4/><F106/><W121/><G121/><T11/><D117/><U133/><E33/><V96/><F67/><W100/><G73/><T50/><D124/><U64/><E119/><V75/><F75/><W128/><G127/><T63/><D63/><U79/><E125/><V2/><F2/><W47/><G3/><T27/><D50/><U90/><E133/><N who="3" m="51274" /><G101/><T18/><D111/><U58/><E5/><V70/><F70/><W103/><G103/><T122/><D32/><U112/><E112/><V56/><F25/><N who="0" m="9226" /><D72/><U17/><E64/><V102/><F116/><W16/><G128/><N who="2" m="49193" /><F59/><W1/><G1/><T45/><D122/><U7/><E7/><V14/><F4/><W95/><G95/><T9/><D9/><U49/><E17/><V35/><F35/><W108/><G108/><T129/><D129/><U68/><E85/><N who="2" m="52271" /><F102/><W15/><G15/><AGARI ba="1,1" hai="11,15,18,40,45,48,76,80,86,98,99" m="9226" machi="15" ten="30,2000,0" yaku="8,1,52,1" doraHai="43" who="0" fromWho="3" sc="261,33,254,0,251,0,224,-23" /><INIT seed="4,0,0,5,0,33" ten="294,254,251,201" oya="0" hai0="115,46,54,30,84,124,118,21,51,56,78,75,15" hai1="55,64,20,60,17,36,41,42,107,72,49,130,45" hai2="40,18,125,73,44,43,11,129,74,5,112,50,29" hai3="76,4,92,14,110,102,89,35,62,116,70,59,126"/><T12/><D118/><U105/><E130/><V48/><F129/><W47/><G116/><T38/><D75/><U127/><E72/><V77/><F112/><W10/><G110/><T9/><D115/><U134/><E134/><V68/><F68/><W123/><G126/><T104/><D104/><U28/><E28/><V121/><F29/><W79/><G70/><T16/><D124/><U109/><E127/><V67/><F67/><W106/><G35/><T8/><D30/><U27/><E109/><V122/><F18/><W95/><G106/><T1/><D1/><U100/><E100/><V83/><F74/><W97/><G47/><T117/><D117/><U86/><E86/><V23/><F23/><W71/><G71/><T87/><D78/><U135/><E42/><V7/><F125/><W52/><REACH who="3" step="1"/><G123/><REACH who="3" ten="294,254,251,191" step="2"/><T81/><D46/><U90/><E135/><V24/><F121/><W61/><G61/><T108/><D108/><U103/><E107/><V22/><F122/><W34/><G34/><T82/><D38/><U131/><E131/><V96/><F44/><W3/><G3/><T65/><D56/><U91/><E41/><V25/><F40/><W113/><G113/><T133/><D133/><U58/><E36/><V6/><F43/><W80/><G80/><T0/><D0/><U93/><E105/><V53/><F83/><W66/><G66/><T32/><D65/><U19/><E19/><V94/><F53/><W88/><G88/><N who="1" m="33834" /><E103/><V2/><F2/><W85/><AGARI ba="0,1" hai="4,10,14,52,59,62,76,79,85,89,92,95,97,102" machi="85" ten="20,8000,1" yaku="1,1,0,1,7,1,8,1,54,1,53,0" doraHai="33" doraHaiUra="128" who="3" fromWho="3" sc="294,-40,254,-20,251,-20,191,90" /><INIT seed="5,0,0,2,0,116" ten="254,234,231,281" oya="1" hai0="105,74,85,26,90,6,78,9,71,118,44,128,66" hai1="129,67,29,100,122,70,108,52,54,56,19,89,69" hai2="17,62,34,130,135,106,3,27,43,23,39,7,103" hai3="41,49,132,121,25,131,123,79,99,101,61,133,110"/><U95/><E122/><N who="3" m="46602" /><G110/><T37/><D26/><U20/><E108/><V126/><F106/><W13/><G13/><T38/><D128/><U50/><E129/><V97/><F130/><W87/><G131/><T107/><D118/><U32/><E100/><V134/><F39/><W35/><G41/><T30/><D30/><U48/><E67/><V51/><F43/><W111/><G49/><T33/><D33/><U98/><E32/><V42/><F42/><W57/><G111/><T75/><D44/><U82/><E29/><V86/><F51/><W10/><G10/><T59/><D9/><U104/><E82/><V4/><F62/><W125/><G87/><T47/><D85/><U24/><REACH who="1" step="1"/><E104/><REACH who="1" ten="254,224,231,281" step="2"/><V115/><F34/><W72/><G35/><T120/><D66/><U76/><E76/><V28/><F28/><W36/><G79/><T102/><D78/><U8/><E8/><V21/><F103/><W15/><G101/><T1/><D102/><U65/><E65/><V124/><F23/><W81/><G81/><T96/><D107/><U5/><E5/><V91/><F7/><W127/><G72/><T84/><D74/><U73/><E73/><V45/><F4/><W60/><G125/><T88/><D75/><U113/><E113/><V11/><F115/><W16/><G127/><T14/><D120/><U77/><E77/><V63/><F124/><W12/><G16/><T80/><D105/><U0/><E0/><V112/><F3/><W114/><G114/><T93/><D1/><U2/><E2/><V40/><F112/><W58/><G36/><T92/><D38/><RYUUKYOKU ba="0,1" sc="254,-10,224,30,231,-10,281,-10" hai1="19,20,24,48,50,52,54,56,69,70,89,95,98" /><INIT seed="5,1,1,3,2,46" ten="244,254,221,271" oya="1" hai0="19,115,54,113,60,32,48,52,101,53,103,98,67" hai1="116,30,127,4,71,96,131,0,92,3,47,132,126" hai2="62,95,128,45,18,26,66,15,104,31,130,90,109" hai3="24,129,135,61,50,86,112,65,28,44,105,110,23"/><U100/><E116/><V49/><F104/><W134/><G110/><T10/><D32/><U16/><E71/><V78/><F78/><W107/><G112/><N who="0" m="43083" /><D103/><U93/><E131/><V58/><F109/><W12/><G86/><T114/><N who="0" m="43091" /><T56/><DORA hai="68" /><D19/><U87/><E132/><N who="3" m="50730" /><G12/><T35/><D10/><U21/><E30/><V34/><F95/><W73/><G73/><T121/><D35/><U89/><E47/><V11/><REACH who="2" step="1"/><F90/><REACH who="2" ten="244,254,211,271" step="2"/><W39/><G107/><N who="0" m="63927" /><D121/><U85/><E127/><V97/><F97/><W43/><G105/><T69/><AGARI ba="1,2" hai="48,52,53,54,56,60,67,69" m="63927,43091" machi="69" ten="40,5200,0" yaku="15,1,52,1,54,1" doraHai="46,68" who="0" fromWho="0" sc="244,75,254,-27,211,-14,271,-14" /><INIT seed="6,0,0,3,0,40" ten="319,227,197,257" oya="2" hai0="73,101,29,59,88,109,43,11,75,133,67,81,24" hai1="15,102,114,118,134,7,130,53,57,131,89,10,99" hai2="3,82,135,122,90,25,62,123,95,103,58,119,111" hai3="49,54,16,30,65,110,64,1,127,5,128,80,87"/><V97/><F3/><W34/><G110/><T19/><D109/><U91/><E118/><V42/><F111/><W52/><G127/><T68/><D101/><U113/><E91/><V117/><F42/><W36/><G36/><T98/><D68/><U32/><E89/><V31/><F135/><W84/><G128/><N who="1" m="49194" /><E32/><V78/><F123/><W76/><G5/><T48/><D11/><U132/><E53/><V50/><F122/><W93/><G1/><T72/><D19/><U100/><E57/><V4/><F4/><W39/><G30/><T18/><D18/><U70/><E70/><V6/><F6/><W8/><G34/><T112/><D112/><N who="1" m="43115" /><E100/><V63/><F90/><N who="3" m="53447" /><G54/><T104/><D88/><U121/><E121/><V41/><F119/><W129/><G129/><T74/><D59/><U85/><E85/><N who="2" m="48343" /><F117/><W35/><G35/><T86/><D75/><U105/><AGARI ba="0,0" hai="7,10,15,99,102,105,132,134" m="43115,49194" machi="105" ten="40,2700,0" yaku="19,1,15,1" doraHai="40" who="1" fromWho="1" sc="319,-7,227,27,197,-13,257,-7" /><INIT seed="7,0,0,5,3,87" ten="312,254,184,250" oya="3" hai0="26,64,125,27,71,131,109,41,75,134,12,103,1" hai1="61,94,106,101,81,23,68,65,108,51,66,90,56" hai2="97,79,112,7,45,20,78,28,110,83,124,10,85" hai3="128,63,55,129,34,36,122,40,24,62,49,117,42"/><W102/><G122/><T98/><D1/><U31/><E108/><V80/><F110/><W48/><G117/><T22/><D75/><U30/><E81/><V70/><F70/><W33/><G102/><T6/><D109/><U92/><E106/><V4/><F124/><W132/><G36/><T13/><D134/><U47/><E68/><V73/><F112/><W86/><G132/><T37/><D131/><N who="3" m="50249" /><G86/><T3/><D3/><U53/><E66/><V74/><F97/><W38/><G38/><T5/><D37/><U21/><E94/><V91/><F45/><W60/><G24/><T15/><D98/><N who="1" m="57623" /><E101/><V59/><F59/><W39/><G39/><T25/><D103/><U111/><E111/><V77/><F77/><W118/><G118/><T69/><D125/><U119/><E119/><V52/><F52/><W11/><G11/><T105/><D105/><U89/><E89/><V116/><F116/><W82/><G82/><T120/><D120/><U133/><E133/><V115/><F115/><W76/><G76/><T100/><D100/><U72/><E72/><V58/><F58/><W88/><G88/><T67/><D71/><U29/><AGARI ba="0,0" hai="21,23,29,30,31,47,51,53,56,61,65" m="57623" machi="29" ten="30,2000,0" yaku="8,1,52,1" doraHai="87" who="1" fromWho="1" sc="312,-5,254,20,184,-5,250,-10" owari="307,40.7,274,7.4,179,-32.1,240,-16.0" /></mjloggm>