<mjloggm ver="2.3"><GO type="169" lobby="0"/><UN n0="%E2%91%A3%E3%82%BB%E3%83%B3%E3%83%81" n1="%48%41%43%4F" n2="%61%6B%61%69%6B%69" n3="%62%6F%79%61%74%65%74%75" dan="18,16,17,17" rate="2258.26,2068.08,2219.35,2211.39" sx="M,M,M,M"/><TAIKYOKU oya="0"/><INIT seed="0,0,0,4,2,24" ten="250,250,250,250" oya="0" hai0="43,78,39,57,1,37,7,9,115,121,51,90,6" hai1="33,102,83,77,12,53,101,4,5,60,11,36,100" hai2="28,105,21,128,2,117,66,120,72,134,79,10,65" hai3="26,44,91,123,94,0,125,55,62,45,70,8,103"/><T114/><D121/><U13/><E36/><V86/><F120/><W69/><G123/><T119/><D119/><U118/><E118/><V75/><F105/><W108/><G108/><T92/><D78/><U19/><E33/><V49/><F117/><W25/><G103/><T22/><D7/><U96/><E60/><V129/><F86/><W47/><G125/><T131/><D131/><N who="2" m="50250" /><F49/><W58/><G0/><T68/><D68/><U64/><E64/><N who="2" m="24683" /><F79/><W40/><G40/><T18/><D39/><U76/><E53/><V81/><F81/><W20/><G8/><T95/><D37/><U48/><E48/><V14/><F2/><W99/><REACH who="3" step="1"/><G26/><REACH who="3" ten="250,250,250,240" step="2"/><T111/><D111/><U89/><E102/><V54/><F134/><W116/><G116/><T110/><D110/><U29/><E101/><V135/><F135/><W15/><G15/><T104/><D9/><U113/><E13/><V127/><F127/><W126/><G126/><T41/><D1/><U30/><E113/><V88/><F14/><W3/><G3/><T98/><D43/><U132/><E132/><V74/><F10/><W56/><G56/><T17/><D41/><U46/><E4/><V80/><F74/><W61/><G61/><T63/><D63/><U50/><E5/><V42/><F42/><W93/><G93/><T38/><D95/><N who="1" m="56431" /><E100/><V109/><F109/><W107/><G107/><T31/><D104/><U73/><E73/><V67/><F75/><W59/><G59/><T35/><D115/><U32/><E11/><V112/><F72/><W87/><G87/><T23/><D114/><U27/><E12/><RYUUKYOKU ba="0,1" sc="250,-10,250,-10,250,-10,240,30" hai3="20,25,44,45,47,55,58,62,69,70,91,94,99" /><INIT seed="1,1,1,2,4,24" ten="240,240,240,270" oya="1" hai0="34,23,89,103,52,95,74,123,90,39,75,48,119" hai1="68,56,118,72,63,18,113,135,126,108,33,128,97" hai2="7,98,9,77,73,86,44,21,16,25,134,58,46" hai3="106,42,84,29,120,79,6,93,109,132,104,102,91"/><U27/><RYUUKYOKU type="yao9" ba="1,1" sc="240,0,240,0,240,0,270,0" hai1="18,27,33,56,63,68,72,97,108,113,118,126,128,135" /><INIT seed="1,2,1,2,0,91" ten="240,240,240,270" oya="1" hai0="87,96,108,107,20,18,127,21,43,13,39,129,38" hai1="82,85,55,27,59,86,54,15,30,57,76,2,122" hai2="94,17,73,29,123,62,35,99,61,64,40,111,116" hai3="19,53,92,67,119,52,117,84,126,58,83,125,9"/><U25/><E2/><V114/><F116/><N who="3" m="44619" /><G67/><T121/><D108/><U23/><E122/><V89/><F123/><W124/><G9/><T81/><D121/><U132/><E132/><V36/><F111/><W44/><G19/><T10/><D127/><U98/><E86/><V100/><F73/><W72/><G44/><T60/><D129/><U16/><E98/><V33/><F114/><W90/><G58/><T14/><D60/><U70/><E70/><V110/><F110/><W130/><G130/><T88/><D43/><U109/><E109/><V115/><F115/><W69/><G69/><T12/><D21/><U66/><E66/><V28/><F35/><W46/><G46/><T120/><D120/><U7/><E7/><V118/><F118/><W63/><G63/><T135/><D135/><U26/><E30/><V50/><F36/><W49/><G49/><T56/><D56/><AGARI ba="2,1" hai="15,16,23,25,26,27,54,55,56,57,59,76,82,85" machi="56" ten="40,3900,0" yaku="8,1,54,1" doraHai="91" who="1" fromWho="0" sc="240,-45,240,55,240,0,270,0" /><INIT seed="1,3,0,3,2,74" ten="195,295,240,270" oya="1" hai0="37,12,47,65,83,73,63,49,54,131,8,132,78" hai1="89,62,101,96,33,104,110,92,130,75,69,122,118" hai2="128,119,88,18,1,134,64,126,20,39,125,58,60" hai3="91,109,98,23,112,11,3,68,80,59,84,117,46"/><U76/><E118/><V16/><F119/><W72/><G117/><T43/><D131/><U135/><E122/><V34/><F34/><W120/><G68/><T2/><D132/><U85/><E130/><V56/><F128/><W15/><G112/><T106/><D106/><U133/><E33/><V25/><F39/><W19/><G109/><T108/><D108/><U24/><E24/><V93/><F134/><N who="1" m="51209" /><E62/><V28/><F1/><W127/><G127/><N who="2" m="48649" /><F58/><W41/><G59/><T52/><D2/><U116/><E69/><V31/><F18/><W67/><G120/><T26/><D26/><U95/><E116/><V66/><F66/><W27/><G67/><T0/><D49/><U70/><E70/><V114/><F114/><W51/><G3/><T77/><D77/><U94/><E110/><V50/><F50/><W129/><G129/><T90/><D90/><U123/><E123/><V124/><N who="2" m="48657" /><V5/><DORA hai="29" /><F5/><W10/><G72/><T22/><D22/><U48/><E48/><V115/><F115/><W35/><REACH who="3" step="1"/><G98/><AGARI ba="3,0" hai="16,20,25,28,31,56,60,64,88,93,98" m="48657" machi="98" ten="40,5200,0" yaku="18,1,54,2" doraHai="74,29" who="2" fromWho="3" sc="195,0,295,0,240,61,270,-61" /><INIT seed="2,0,0,2,4,84" ten="195,295,301,209" oya="2" hai0="80,62,97,28,24,66,123,108,106,21,18,120,8" hai1="124,95,39,2,5,29,102,98,128,65,103,115,74" hai2="61,111,101,135,41,75,63,117,126,59,78,57,54" hai3="26,77,104,43,50,4,27,69,48,25,93,130,37"/><V86/><F117/><W116/><G116/><T94/><D106/><U70/><E39/><V76/><F126/><W11/><G104/><T46/><D108/><U6/><E74/><V0/><F75/><W19/><G69/><T129/><D129/><U68/><E2/><V40/><F0/><W10/><G130/><T133/><D133/><U16/><E128/><V34/><F34/><W99/><G77/><T71/><D80/><U1/><E1/><V114/><F114/><W55/><G37/><T112/><D112/><U23/><E29/><V83/><F135/><W33/><G33/><T96/><D96/><U73/><E73/><V53/><F111/><W38/><G38/><T109/><D46/><U30/><E30/><V92/><REACH who="2" step="1"/><F78/><REACH who="2" ten="195,295,291,209" step="2"/><W15/><G43/><T56/><D109/><U132/><E124/><V91/><F91/><N who="3" m="55743" /><G55/><T90/><D120/><U20/><E115/><V119/><F119/><W13/><AGARI ba="0,1" hai="4,10,11,13,15,19,25,26,27,48,50" m="55743" machi="13" ten="30,2000,0" yaku="8,1,52,1" doraHai="84" who="3" fromWho="3" sc="195,-5,295,-5,291,-10,209,30" /><INIT seed="3,0,0,1,0,93" ten="190,290,281,239" oya="3" hai0="16,125,122,14,61,40,67,11,112,24,38,130,53" hai1="20,76,12,92,87,43,79,120,100,15,34,32,71" hai2="107,57,3,45,109,59,86,7,81,63,128,62,42" hai3="49,115,30,36,99,85,88,103,35,118,70,104,110"/><W69/><G118/><T8/><D122/><U132/><E71/><V77/><F109/><W56/><G36/><T64/><D125/><U41/><E87/><V134/><F134/><W124/><G115/><T51/><D112/><U26/><E120/><V72/><F128/><W101/><G124/><T129/><D11/><U80/><E132/><V89/><F107/><W117/><G117/><T133/><D133/><U95/><E100/><V0/><F59/><W25/><G101/><T4/><D24/><U94/><E80/><V48/><F7/><W10/><G10/><T83/><D83/><U29/><E32/><V66/><REACH who="2" step="1"/><F63/><REACH who="2" ten="190,290,271,239" step="2"/><W119/><G110/><T111/><D4/><U123/><E123/><V114/><F114/><W108/><G108/><T22/><D111/><U126/><E126/><V21/><F21/><W44/><G56/><T55/><D22/><U65/><E34/><V127/><F127/><W91/><G119/><T1/><D130/><U131/><E131/><V78/><F78/><W50/><G70/><T58/><D129/><U106/><E106/><V2/><F2/><W54/><G69/><T27/><D1/><U5/><E5/><V84/><F84/><W18/><G85/><T116/><D116/><U73/><E79/><V46/><F46/><W33/><G33/><T105/><D105/><U19/><E76/><V102/><F102/><W31/><G104/><T68/><D68/><U113/><E20/><V135/><F135/><W90/><G103/><T9/><D9/><U98/><E113/><V82/><AGARI ba="0,1" hai="0,3,42,45,48,57,62,66,72,77,81,82,86,89" machi="82" ten="20,5200,0" yaku="1,1,0,1,7,1,53,1" doraHai="93" doraHaiUra="37" who="2" fromWho="2" sc="190,-13,290,-13,271,62,239,-26" /><INIT seed="4,0,0,3,4,95" ten="177,277,333,213" oya="0" hai0="14,40,66,104,86,70,2,26,117,88,21,111,50" hai1="129,109,57,110,83,135,76,96,105,17,75,93,90" hai2="92,102,18,30,51,134,27,47,121,82,60,0,69" hai3="130,125,62,8,80,58,56,97,32,9,53,122,55"/><T65/><D2/><U123/><E123/><V23/><F121/><W63/><G122/><T3/><D3/><U38/><E38/><V113/><F0/><W61/><G32/><T72/><D72/><U36/><E36/><V52/><F113/><W84/><G125/><T124/><D117/><U85/><E17/><V89/><F134/><W74/><G74/><T12/><D104/><U15/><E15/><N who="0" m="5673" /><D70/><U6/><E6/><V107/><F107/><W41/><G41/><T128/><D128/><U103/><E57/><V68/><F102/><W37/><G37/><T115/><D111/><N who="1" m="42507" /><E135/><V98/><F82/><W25/><G25/><T100/><D100/><U78/><E78/><V112/><F112/><W10/><G130/><AGARI ba="0,0" hai="75,76,83,85,90,93,96,103,105,129,130" m="42507" machi="130" ten="30,7700,0" yaku="24,1,34,2,52,1" doraHai="95" who="1" fromWho="3" sc="177,0,277,77,333,0,213,-77" /><INIT seed="5,0,0,3,4,110" ten="177,354,333,136" oya="1" hai0="21,90,76,50,114,14,105,31,122,60,59,22,106" hai1="92,51,53,54,11,20,133,81,5,94,43,119,113" hai2="52,87,129,28,104,33,57,32,115,79,82,88,134" hai3="39,112,78,98,97,102,19,2,109,7,71,103,75"/><U118/><E113/><V15/><F104/><W68/><G109/><T66/><D76/><U25/><E133/><V18/><F134/><W131/><G39/><T121/><D114/><U46/><E118/><V1/><F1/><W117/><G131/><T132/><D132/><U24/><E24/><V80/><F115/><W4/><G112/><T120/><D90/><U70/><E70/><V55/><F129/><W65/><G19/><N who="0" m="10487" /><D50/><U93/><E119/><V27/><F33/><W84/><G75/><T12/><D12/><N who="1" m="5231" /><E81/><V135/><F57/><W85/><G2/><T13/><D13/><U10/><E10/><V62/><F62/><W124/><G117/><T23/><D23/><U96/><E96/><V99/><F135/><W30/><G30/><AGARI ba="0,0" hai="20,25,30,43,46,51,53,54,92,93,94" m="5231" machi="30" ten="30,1500,0" yaku="8,1" doraHai="110" who="1" fromWho="3" sc="177,0,354,15,333,0,136,-15" /><INIT seed="5,1,0,2,5,35" ten="177,369,333,121" oya="1" hai0="93,58,22,51,128,14,55,36,114,102,117,2,109" hai1="27,0,131,101,121,63,8,25,32,88,56,134,11" hai2="47,122,75,123,99,80,7,78,86,77,13,21,111" hai3="94,5,100,103,118,97,115,89,92,59,71,42,62"/><U46/><E121/><V106/><F111/><W6/><G71/><T37/><D109/><U67/><E131/><V66/><F66/><W57/><G115/><T9/><D117/><U108/><E134/><V76/><F47/><W60/><G42/><T52/><D114/><U129/><E129/><V133/><F133/><W91/><REACH who="3" step="1"/><G118/><REACH who="3" ten="177,369,333,111" step="2"/><T19/><D128/><U33/><E108/><V12/><F123/><W1/><G1/><T3/><D37/><U74/><E0/><V132/><F122/><W40/><G40/><T38/><D38/><U113/><E113/><V135/><F135/><W23/><G23/><T20/><D36/><U30/><E33/><V104/><F21/><W130/><G130/><T50/><D3/><U119/><E32/><V127/><F132/><W31/><G31/><T48/><D2/><U107/><E30/><V65/><F106/><W81/><G81/><T96/><REACH who="0" step="1"/><D51/><REACH who="0" ten="167,369,333,111" step="2"/><U110/><E119/><V54/><F104/><W41/><G41/><T15/><D15/><U28/><E107/><V79/><F12/><W83/><G83/><T10/><D10/><U68/><E8/><V34/><F13/><W53/><G53/><T4/><D4/><U120/><E11/><V29/><F54/><W87/><G87/><T17/><D17/><U112/><E110/><V26/><F7/><W124/><G124/><T98/><D98/><AGARI ba="1,2" hai="5,6,57,59,60,62,89,91,92,94,97,98,100,103" machi="98" ten="25,6400,0" yaku="1,1,22,2,8,1,53,0" doraHai="35" doraHaiUra="126" who="3" fromWho="0" sc="167,-67,369,0,333,0,111,87" /><INIT seed="6,0,0,1,3,101" ten="100,369,333,198" oya="2" hai0="38,112,37,95,44,62,55,76,92,42,13,123,64" hai1="10,110,132,135,17,28,131,50,59,116,126,15,90" hai2="60,74,82,88,125,130,99,48,89,80,127,134,128" hai3="72,16,102,30,91,84,117,32,118,71,114,75,120"/><V69/><F48/><W66/><G120/><T27/><D123/><U107/><E110/><V4/><F4/><W19/><G114/><T119/><D38/><U41/><E116/><V129/><F69/><W36/><G36/><T77/><D112/><U54/><E107/><V70/><F70/><W26/><G102/><T121/><D121/><U85/><E131/><V68/><F68/><W9/><G71/><T3/><D3/><U124/><E28/><V6/><F6/><W31/><G66/><T21/><D119/><U57/><E57/><V103/><F60/><W113/><G113/><T133/><D133/><N who="1" m="51275" /><E41/><V35/><F35/><W122/><G122/><T22/><D64/><U43/><E43/><V56/><F56/><W29/><G29/><T12/><D55/><U45/><E59/><V73/><F134/><W52/><G30/><T53/><D53/><U51/><E50/><V87/><F89/><W78/><G91/><T67/><D67/><U65/><E65/><V8/><F8/><W115/><G52/><T98/><D62/><U1/><E1/><V11/><F11/><W96/><G115/><T83/><D42/><U105/><E54/><V81/><F74/><W24/><G75/><T23/><D37/><U104/><E51/><V108/><F108/><W94/><G117/><T93/><D44/><U46/><E45/><V0/><F0/><W2/><G2/><T39/><D39/><U18/><E46/><V7/><F7/><W20/><G118/><T106/><D21/><U14/><E90/><V25/><F130/><W63/><G63/><T79/><D22/><RYUUKYOKU ba="0,0" sc="100,0,369,0,333,0,198,0" /><INIT seed="7,1,0,1,5,8" ten="100,369,333,198" oya="3" hai0="99,113,126,36,24,46,103,59,89,108,27,81,66" hai1="128,56,9,127,80,42,110,88,123,116,2,104,124" hai2="7,95,86,44,82,132,70,84,16,96,15,87,97" hai3="94,23,39,22,57,105,53,77,67,41,61,62,64"/><W5/><G105/><T54/><D108/><U109/><E123/><V79/><F70/><W114/><G114/><T129/><D129/><U75/><E116/><V100/><F132/><W134/><G134/><T118/><D118/><U74/><E128/><V122/><F122/><W10/><G77/><T76/><D126/><N who="1" m="48171" /><E42/><V102/><F7/><W133/><G133/><T107/><D66/><U73/><E104/><V78/><F44/><W121/><G121/><T48/><D36/><U83/><E56/><V58/><F58/><W135/><G135/><T11/><D59/><U93/><E9/><N who="2" m="6255" /><F79/><W63/><G53/><T50/><D50/><U106/><E2/><V12/><F12/><W14/><G94/><AGARI ba="1,0" hai="78,82,84,86,87,94,95,96,97,100,102" m="6255" machi="94" ten="30,3900,0" yaku="8,1,52,1,54,1" doraHai="8" who="2" fromWho="3" sc="100,0,369,0,333,42,198,-42" owari="100,-40.0,369,16.9,375,47.5,156,-24.4" /></mjloggm>