<mjloggm ver="2.3"><GO type="169" lobby="0"/><UN n0="%E3%82%BF%E3%82%A4%E4%BA%BA%EF%BC%A0%E3%83%90%E3%83%B3%E3%82%B3%E3%82%AF" n1="%E3%83%A8%E3%82%B7%E3%83%86%E3%83%AB%37%30%38" n2="%E3%81%B5%E3%82%8D%E3%82%93" n3="%E9%A2%A8%E3%81%A7%E9%B3%B4%E3%81%8F" dan="16,16,17,16" rate="2111.65,2107.53,2202.16,2156.79" sx="M,M,M,M"/><TAIKYOKU oya="0"/><INIT seed="0,0,0,3,4,129" ten="250,250,250,250" oya="0" hai0="85,95,106,60,102,10,4,110,53,40,99,61,67" hai1="24,133,59,32,92,79,81,6,12,71,124,98,103" hai2="88,21,70,118,55,68,83,41,112,48,125,13,62" hai3="100,86,132,119,114,131,49,29,97,91,56,105,31"/><T78/><D40/><U15/><E71/><V87/><F112/><W134/><G114/><T45/><D110/><U19/><E124/><V2/><F2/><W77/><G77/><T51/><D67/><U101/><E101/><V42/><F125/><W11/><G11/><T22/><D22/><U107/><E6/><V66/><F70/><W128/><G56/><T89/><REACH who="0" step="1"/><D78/><REACH who="0" ten="240,250,250,250" step="2"/><U52/><E79/><V58/><REACH who="2" step="1"/><F118/><REACH who="2" ten="240,250,240,250" step="2"/><W127/><G119/><T20/><D20/><U18/><E32/><V7/><F7/><W8/><G127/><T80/><D80/><U111/><E111/><V75/><F75/><W65/><G65/><T115/><D115/><U74/><E81/><V57/><F57/><W43/><G8/><T46/><D46/><U39/><E74/><V135/><F135/><N who="3" m="51755" /><G131/><T16/><D16/><AGARI ba="0,2" hai="13,16,21,41,42,48,55,58,62,66,68,83,87,88" machi="16" ten="40,5200,0" yaku="1,1,54,2,53,0" doraHai="129" doraHaiUra="117" who="2" fromWho="0" sc="240,-52,250,0,240,72,250,0" /><INIT seed="1,0,0,4,0,115" ten="188,250,312,250" oya="1" hai0="38,121,85,131,60,53,33,25,27,109,3,51,48" hai1="73,91,55,113,47,28,126,56,19,0,63,84,93" hai2="49,134,106,117,120,87,133,104,2,95,105,112,89" hai3="72,78,42,29,82,50,94,118,8,54,41,65,83"/><U22/><E113/><V59/><F2/><W66/><G118/><T23/><D38/><U64/><E126/><V34/><F34/><W24/><G8/><T26/><D121/><U86/><E73/><V7/><F7/><W119/><G119/><T122/><D122/><U79/><E0/><V37/><F37/><W74/><G94/><T17/><D3/><U130/><E130/><V70/><F70/><W46/><G82/><T68/><D109/><U62/><E28/><V6/><F6/><W35/><REACH who="3" step="1"/><G72/><REACH who="3" ten="188,250,312,240" step="2"/><T15/><D131/><U5/><E5/><V99/><F120/><W103/><G103/><T108/><D108/><U124/><E124/><V45/><F112/><W14/><G14/><T52/><D85/><U18/><E84/><V67/><F117/><W132/><G132/><T57/><D33/><U135/><E135/><V4/><F87/><W110/><G110/><T10/><D68/><U111/><E79/><V125/><F4/><W127/><G127/><T71/><D71/><U12/><E111/><V39/><F125/><W102/><G102/><T107/><D107/><U40/><E12/><V75/><F75/><W129/><G129/><T81/><D81/><U30/><E22/><V128/><F128/><W116/><G116/><T11/><REACH who="0" step="1"/><D60/><REACH who="0" ten="178,250,312,240" step="2"/><U36/><E63/><N who="2" m="38399" /><F134/><W61/><G61/><T9/><D9/><U20/><E64/><AGARI ba="0,2" hai="24,29,35,41,42,46,50,54,64,65,66,74,78,83" machi="64" ten="40,2600,0" yaku="1,1,53,1" doraHai="115" doraHaiUra="31" who="3" fromWho="1" sc="178,0,250,-26,312,0,240,46" /><INIT seed="2,0,0,0,1,25" ten="178,224,312,286" oya="2" hai0="96,74,86,58,0,87,6,10,85,21,134,65,131" hai1="104,108,7,83,98,102,31,121,11,115,132,126,12" hai2="119,22,130,42,54,99,1,93,88,43,24,19,13" hai3="14,105,16,101,69,34,67,133,59,90,47,35,39"/><V123/><F119/><W128/><G133/><T26/><D74/><U125/><E115/><V107/><F123/><W18/><G18/><T68/><D134/><U15/><E132/><V84/><F1/><W89/><G69/><T3/><D131/><U78/><E108/><V135/><F130/><W5/><G5/><T40/><D68/><U8/><E121/><V52/><F135/><W91/><G128/><T33/><D33/><U2/><E31/><N who="2" m="17815" /><F107/><W114/><G114/><T122/><D122/><U92/><E104/><V76/><F76/><W129/><G129/><T113/><D113/><U72/><REACH who="1" step="1"/><E2/><REACH who="1" ten="178,214,312,286" step="2"/><V77/><F43/><W109/><G109/><T103/><D0/><U41/><E41/><V62/><F42/><W4/><G105/><T46/><D40/><U23/><E23/><N who="2" m="11759" /><F62/><W127/><G35/><T32/><D32/><U70/><E70/><V20/><F20/><W81/><G34/><T120/><D21/><U75/><E75/><V30/><F30/><W117/><G117/><T28/><D120/><U100/><E100/><N who="2" m="60527" /><F77/><W38/><G101/><T94/><D28/><U37/><E37/><V63/><F63/><W82/><G39/><T110/><D110/><U112/><E112/><V66/><F66/><W97/><G67/><T106/><D106/><U48/><E48/><V29/><F29/><W61/><G38/><T60/><D26/><U45/><E45/><V71/><F71/><W44/><G47/><T124/><D46/><U111/><E111/><V80/><AGARI ba="0,1" hai="52,54,80,84,88" m="60527,11759,17815" machi="80" ten="30,11700,0" yaku="8,1,52,1,54,2" doraHai="25" who="2" fromWho="2" sc="178,-39,214,-39,312,127,286,-39" /><INIT seed="2,1,0,1,5,87" ten="139,175,439,247" oya="2" hai0="100,82,17,66,22,126,75,24,14,105,12,16,74" hai1="110,10,28,20,96,71,42,32,25,34,41,97,119" hai2="80,98,56,18,104,81,7,30,73,21,54,127,92" hai3="59,111,99,8,77,69,39,125,52,133,26,108,62"/><V40/><F104/><W44/><G69/><T109/><D109/><N who="3" m="42057" /><G125/><T76/><D126/><U112/><E110/><V65/><F127/><W116/><G116/><T70/><D70/><U114/><E71/><V68/><F40/><N who="3" m="22559" /><G77/><T0/><D0/><U95/><E119/><V47/><F7/><W1/><G26/><T63/><D100/><U90/><E97/><V88/><F30/><W120/><G120/><T5/><D105/><U106/><E106/><V101/><F73/><W85/><G85/><T72/><D5/><U6/><E41/><V103/><F47/><W49/><G99/><T35/><D35/><U132/><E42/><V124/><F65/><N who="3" m="39135" /><G8/><T61/><D66/><U91/><E132/><V2/><F124/><W130/><G1/><T93/><D24/><U117/><E117/><V57/><F2/><W113/><G113/><T123/><D123/><U27/><E32/><V48/><F68/><W19/><G19/><T45/><D45/><U31/><REACH who="1" step="1"/><E91/><REACH who="1" ten="139,165,439,247" step="2"/><V58/><F103/><W43/><G43/><T46/><D76/><U122/><E122/><V128/><F101/><W86/><G86/><T51/><D75/><U89/><E89/><V23/><F88/><W37/><G133/><T135/><D135/><U131/><E131/><V9/><F128/><W38/><G130/><T121/><D74/><U15/><AGARI ba="1,1" hai="6,10,15,20,25,27,28,31,34,90,95,96,112,114" machi="15" ten="20,5200,0" yaku="1,1,0,1,7,1,52,1,53,0" doraHai="87" doraHaiUra="67" who="1" fromWho="1" sc="139,-14,165,65,439,-27,247,-14" /><INIT seed="3,0,0,0,3,83" ten="125,230,412,233" oya="3" hai0="70,90,125,82,41,86,93,2,106,25,23,0,8" hai1="117,101,119,52,38,135,71,48,54,35,130,3,114" hai2="60,13,89,81,33,67,76,37,103,49,131,122,132" hai3="66,77,18,39,112,65,24,15,36,74,1,133,61"/><W88/><G112/><T68/><D106/><U58/><E3/><V102/><F37/><W63/><G1/><T19/><D125/><U12/><E35/><V11/><F33/><W5/><G5/><T50/><D2/><U127/><E101/><V96/><F131/><W85/><G133/><T17/><D41/><U32/><E32/><V34/><F34/><W75/><G24/><T45/><D93/><U104/><E104/><V91/><F122/><W62/><G77/><T126/><D126/><U69/><E127/><V98/><F49/><W134/><G134/><T80/><D80/><U116/><E135/><V46/><F46/><W72/><G39/><T21/><D0/><U53/><E38/><V40/><F40/><W79/><G79/><T9/><D68/><N who="1" m="26187" /><E114/><V73/><F102/><W92/><REACH who="3" step="1"/><G36/><REACH who="3" ten="125,230,412,223" step="2"/><T129/><D129/><U107/><E130/><V57/><F132/><W22/><AGARI ba="0,1" hai="15,18,22,61,62,63,65,66,72,74,75,85,88,92" machi="22" ten="40,12000,1" yaku="1,1,2,1,0,1,52,1,54,1,53,0" doraHai="83" doraHaiUra="6" who="3" fromWho="3" sc="125,-40,230,-40,412,-40,223,130" /><INIT seed="3,1,0,2,0,100" ten="85,190,372,353" oya="3" hai0="85,50,67,59,46,10,1,43,7,111,93,107,122" hai1="23,74,123,87,106,86,44,71,56,53,37,11,2" hai2="88,126,13,15,116,83,110,21,29,112,109,124,42" hai3="8,114,115,38,90,63,133,54,75,70,4,113,17"/><W45/><G75/><T89/><D122/><U91/><E74/><V57/><F42/><W12/><G133/><T60/><REACH who="0" step="1"/><D111/><REACH who="0" ten="75,190,372,353" step="2"/><U16/><E123/><V120/><F120/><W27/><G113/><T62/><D62/><U80/><E71/><V84/><F112/><W58/><G114/><T52/><D52/><U6/><E53/><V102/><F110/><W78/><G115/><T49/><D49/><U51/><E37/><V20/><F109/><W95/><G70/><T35/><D35/><U103/><E51/><V61/><F124/><W125/><G125/><T108/><D108/><U26/><E56/><V19/><F126/><W128/><G128/><T99/><D99/><U127/><E127/><V25/><F116/><W14/><G38/><T3/><D3/><U96/><E44/><V132/><F132/><W119/><G45/><T65/><D65/><U105/><REACH who="1" step="1"/><E86/><REACH who="1" ten="75,180,372,353" step="2"/><V81/><F57/><W30/><G119/><T72/><D72/><U121/><E121/><V40/><F61/><W36/><G36/><T28/><D28/><U66/><E66/><V69/><F69/><W31/><G31/><T130/><D130/><U98/><E98/><V0/><F29/><W32/><G63/><T24/><D24/><U76/><E76/><V104/><F25/><W34/><G78/><T135/><D135/><U82/><E82/><V79/><F83/><W118/><G118/><T5/><D5/><U41/><E41/><V47/><F79/><W129/><G129/><T73/><D73/><U131/><E131/><V97/><F40/><W92/><G58/><T33/><D33/><RYUUKYOKU ba="1,2" sc="75,15,180,15,372,-15,353,-15" hai0="1,7,10,43,46,50,59,60,67,85,89,93,107" hai1="2,6,11,16,23,26,80,87,91,96,103,105,106" /><INIT seed="4,2,2,3,1,102" ten="90,195,357,338" oya="0" hai0="62,60,87,11,78,23,51,14,83,95,7,107,49" hai1="105,77,15,26,28,36,34,124,125,44,117,54,103" hai2="2,35,135,90,5,53,24,30,63,67,76,75,42" hai3="82,43,6,66,41,48,130,85,13,65,114,134,132"/><T16/><D107/><U93/><E117/><V98/><F135/><N who="3" m="51755" /><G114/><T39/><D39/><U46/><BYE who="3" /><E93/><UN n3="%E9%A2%A8%E3%81%A7%E9%B3%B4%E3%81%8F" /><V69/><F53/><W59/><G130/><T33/><D33/><U122/><E77/><V31/><F42/><N who="3" m="15883" /><G59/><T94/><D51/><U56/><E36/><V38/><F38/><W84/><G48/><T72/><D49/><N who="1" m="30799" /><E15/><V104/><F31/><W73/><G73/><T126/><D126/><N who="1" m="48747" /><E122/><V58/><F90/><N who="3" m="51511" /><G84/><T64/><D72/><U71/><E71/><V131/><F58/><W27/><G27/><T68/><REACH who="0" step="1"/><D62/><REACH who="0" ten="80,195,357,338" step="2"/><U86/><E34/><V12/><F75/><W91/><G91/><T1/><AGARI ba="2,3" hai="1,7,11,14,16,23,60,64,68,78,83,87,94,95" machi="1" ten="20,12000,1" yaku="1,1,2,1,0,1,7,1,54,1,53,0" doraHai="102" doraHaiUra="100" who="0" fromWho="0" sc="80,156,195,-42,357,-42,338,-42" /><INIT seed="4,3,0,4,0,52" ten="236,153,315,296" oya="0" hai0="32,68,41,66,27,130,20,114,84,99,73,14,67" hai1="116,89,76,29,40,21,35,123,103,64,12,85,31" hai2="132,70,117,23,16,128,97,78,28,74,120,106,65" hai3="107,61,119,90,59,4,50,58,42,72,109,121,105"/><T33/><D73/><U81/><E123/><V98/><F120/><W96/><G72/><T79/><D114/><U94/><E116/><V83/><F117/><W18/><G119/><T1/><D1/><U56/><E35/><V80/><F128/><W122/><G109/><T17/><D130/><U125/><E125/><V39/><F39/><W0/><G0/><T9/><D41/><U62/><E103/><V57/><F70/><W86/><G4/><T133/><D133/><U30/><E40/><V71/><F71/><W113/><G113/><T53/><D99/><U37/><E37/><V46/><F28/><W124/><G124/><T118/><D118/><U93/><REACH who="1" step="1"/><E76/><REACH who="1" ten="236,143,315,296" step="2"/><V2/><F78/><W101/><G42/><T77/><D33/><U102/><E102/><V47/><F132/><W127/><G127/><T82/><D32/><U49/><E49/><V87/><F106/><W3/><G105/><T48/><D79/><U55/><E55/><V100/><F100/><W126/><G126/><T13/><D68/><U104/><E104/><V26/><F65/><N who="0" m="24586" /><D9/><U63/><E63/><V131/><F131/><W110/><G61/><T54/><D54/><U24/><E24/><V11/><F26/><W43/><G121/><T135/><D135/><U10/><E10/><V129/><F11/><W38/><G122/><T112/><D112/><U95/><E95/><V7/><F129/><W69/><G69/><T8/><D8/><U115/><E115/><V25/><F25/><W19/><G38/><T6/><D6/><U5/><E5/><V92/><F7/><W60/><G60/><RYUUKYOKU ba="3,1" sc="236,15,143,15,315,-15,296,-15" hai0="13,14,17,20,27,48,53,77,82,84" hai1="12,21,29,30,31,56,62,64,81,85,89,93,94" /><INIT seed="4,4,1,3,2,0" ten="251,158,300,281" oya="0" hai0="48,110,114,132,68,102,43,125,133,82,32,121,28" hai1="86,26,90,83,47,23,96,58,103,70,101,66,53" hai2="34,13,14,6,77,107,129,30,56,100,27,74,25" hai3="62,135,105,123,17,109,67,38,61,120,108,21,35"/><T119/><D121/><N who="3" m="46665" /><G35/><T71/><D119/><U52/><E70/><V118/><F118/><W10/><G105/><T22/><D114/><U97/><E66/><V59/><F129/><W3/><G38/><T41/><D32/><U80/><E80/><V89/><F74/><W85/><G62/><T78/><D102/><N who="1" m="38923" /><E47/><V33/><F77/><W29/><G29/><T127/><D28/><N who="1" m="17503" /><E53/><V79/><F79/><W113/><G85/><T104/><D104/><U24/><E24/><V106/><F100/><W65/><G65/><T31/><D31/><U2/><E2/><V9/><F89/><W117/><G135/><N who="0" m="51787" /><D22/><U91/><E91/><V134/><F134/><W81/><G81/><T5/><D110/><U1/><E1/><V7/><F30/><W50/><G113/><T131/><D82/><U54/><E54/><V88/><F88/><W126/><G117/><T4/><D78/><U12/><E12/><V46/><F46/><W122/><G122/><T94/><D94/><U15/><E15/><V60/><F60/><AGARI ba="4,1" hai="52,58,60,83,86,90,96,97" m="17503,38923" machi="60" ten="30,2000,0" yaku="8,1,54,1" doraHai="0" who="1" fromWho="2" sc="251,0,158,42,300,-32,281,0" /><INIT seed="5,0,0,5,0,55" ten="251,200,268,281" oya="1" hai0="1,104,80,79,47,18,7,49,70,74,60,112,108" hai1="103,92,75,62,61,86,52,22,116,71,44,35,121" hai2="2,50,133,45,73,109,84,27,95,120,13,67,107" hai3="58,63,76,39,124,127,16,19,54,34,123,91,119"/><U78/><E116/><V21/><F2/><W77/><G39/><T87/><D108/><U100/><E35/><V72/><F107/><W68/><G34/><T89/><D112/><U106/><E121/><V32/><F109/><W128/><G123/><T38/><D38/><U48/><E71/><V118/><F118/><W115/><G119/><T51/><D104/><U29/><E106/><V20/><F133/><W10/><G115/><T3/><D7/><U6/><E6/><V36/><F67/><N who="3" m="41087" /><G91/><T88/><D18/><N who="3" m="6697" /><G10/><T43/><D51/><U132/><E132/><V41/><F36/><W82/><G82/><T23/><D23/><U131/><E75/><V37/><F37/><W97/><G97/><T113/><D89/><N who="1" m="53303" /><E78/><V90/><F120/><W101/><G101/><N who="1" m="38986" /><E131/><V0/><F0/><W110/><G110/><T26/><D26/><AGARI ba="0,0" hai="22,26,29,44,48,52,61,62" m="38986,53303" machi="26" ten="30,2900,0" yaku="8,1,54,1" doraHai="55" who="1" fromWho="0" sc="251,-29,200,29,268,0,281,0" /><INIT seed="5,1,0,5,0,42" ten="222,229,268,281" oya="1" hai0="25,47,132,44,125,91,128,115,61,77,99,31,36" hai1="82,101,107,104,34,57,109,89,39,114,33,78,28" hai2="54,119,46,106,22,98,81,112,23,1,96,12,17" hai3="83,71,7,10,103,24,2,74,8,60,32,129,72"/><U30/><E39/><V79/><F119/><W69/><G10/><T43/><D115/><U80/><E57/><V135/><F1/><W100/><G129/><T68/><D128/><U45/><E89/><V93/><F135/><W86/><G74/><T116/><D116/><U16/><E101/><V108/><F108/><W29/><G72/><T40/><D132/><U18/><E78/><V15/><F106/><W75/><G75/><T124/><D77/><U11/><E11/><V9/><F112/><W6/><G6/><T19/><D19/><U35/><E114/><V87/><F93/><W38/><G38/><N who="0" m="21527" /><D91/><U67/><E67/><V117/><F117/><W66/><G69/><T48/><D99/><N who="2" m="37930" /><F12/><W121/><G121/><T76/><D76/><AGARI ba="1,0" hai="2,7,8,24,29,32,60,66,71,76,83,86,100,103" machi="76" ten="30,1000,0" yaku="7,1" doraHai="42" who="3" fromWho="0" sc="222,-13,229,0,268,0,281,13" /><INIT seed="6,0,0,0,2,29" ten="209,229,268,294" oya="2" hai0="122,7,97,60,100,50,82,131,110,86,98,111,56" hai1="72,67,53,25,85,91,33,11,120,103,58,106,87" hai2="70,63,112,16,18,128,127,34,6,40,19,73,65" hai3="42,99,134,109,107,48,8,43,130,13,123,113,121"/><V14/><F73/><W96/><G109/><T55/><D122/><U74/><E120/><V0/><F112/><W135/><G113/><T1/><D131/><U71/><E87/><V119/><F119/><W83/><G83/><T24/><D98/><N who="3" m="37417" /><G107/><T12/><D1/><U10/><E103/><V27/><F127/><W105/><G105/><T15/><D7/><U62/><E106/><V80/><F40/><N who="3" m="15403" /><G48/><T2/><D2/><U133/><E133/><N who="3" m="50698" /><G130/><T47/><D97/><U75/><E91/><V126/><F80/><W64/><G64/><T52/><D100/><U21/><E85/><V22/><F128/><W44/><G44/><T38/><D38/><U129/><E129/><V4/><F126/><W54/><G54/><T30/><D111/><U51/><E10/><N who="2" m="2311" /><F6/><AGARI ba="0,0" hai="6,8,13,121,123" m="50698,15403,37417" machi="6" ten="30,1000,0" yaku="20,1" doraHai="29" who="3" fromWho="2" sc="209,0,229,0,268,-10,294,10" /><INIT seed="7,0,0,5,1,81" ten="209,229,258,304" oya="3" hai0="71,93,92,66,75,83,98,104,128,132,50,69,123" hai1="118,48,124,56,18,73,8,63,46,52,14,121,40" hai2="61,28,80,11,106,37,79,78,17,84,53,107,19" hai3="12,70,117,105,44,54,95,88,100,101,0,126,43"/><W2/><G70/><T131/><D123/><U7/><E121/><V59/><F37/><W21/><G117/><T130/><D132/><U77/><E124/><V96/><F28/><W25/><G126/><T4/><D104/><U67/><E118/><V91/><F107/><W127/><G127/><T90/><D66/><U6/><E73/><V15/><F106/><W41/><G12/><T57/><D4/><N who="1" m="1579" /><E77/><V13/><REACH who="2" step="1"/><F96/><REACH who="2" ten="209,229,248,304" step="2"/><N who="3" m="57447" /><G105/><T20/><D20/><AGARI ba="0,1" hai="11,13,15,17,19,20,53,59,61,78,79,80,84,91" machi="20" ten="30,8000,1" yaku="1,1,7,1,8,1,52,1,53,1" doraHai="81" doraHaiUra="85" who="2" fromWho="0" sc="209,-80,229,0,248,90,304,0" owari="129,-37.1,229,-17.1,338,43.8,304,10.4" /></mjloggm>