<mjloggm ver="2.3"><GO type="169" lobby="0"/><UN n0="%4C%61%72%72%6B" n1="%E3%83%94%E3%83%B3%E3%82%B5%E3%83%AD%E5%BA%97%E5%93%A1" n2="%E3%81%88%E3%81%8C%E3%82%8F%E3%82%8A%E3%81%8A" n3="%E3%83%8F%E3%83%B3%E3%83%81%E3%83%A7%E3%82%A6%E5%A4%A7%E6%A7%BB" dan="16,17,16,16" rate="2152.74,2274.88,2140.00,2099.81" sx="M,M,M,M"/><TAIKYOKU oya="0"/><INIT seed="0,0,0,2,1,58" ten="250,250,250,250" oya="0" hai0="36,103,66,50,62,45,5,12,128,33,13,9,126" hai1="70,49,93,44,95,79,118,125,1,20,22,71,87" hai2="115,2,23,59,19,10,68,129,72,90,4,24,31" hai3="98,122,81,113,41,29,18,61,111,7,11,135,116"/><T112/><D112/><U42/><E118/><V127/><F115/><W133/><G113/><T119/><D119/><U134/><E1/><V51/><F68/><W3/><G116/><T39/><D128/><U97/><E134/><V73/><F129/><W60/><G29/><T100/><D33/><U76/><E125/><V89/><F127/><W102/><G41/><T96/><D126/><U80/><E70/><V106/><F106/><W28/><G28/><T57/><D13/><U65/><E76/><V14/><F89/><W109/><G18/><T64/><D64/><U35/><E35/><V17/><F17/><W132/><G81/><T92/><REACH who="0" step="1"/><D103/><REACH who="0" ten="240,250,250,250" step="2"/><U26/><E26/><V107/><F107/><N who="3" m="63959" /><G122/><T56/><D56/><U69/><E69/><V32/><F90/><W53/><G53/><AGARI ba="0,1" hai="5,9,12,36,39,45,50,53,57,62,66,92,96,100" machi="53" ten="30,11600,0" yaku="1,1,7,1,52,1,53,1" doraHai="58" doraHaiUra="63" who="0" fromWho="3" sc="240,126,250,0,250,0,250,-116" /><AGARI ba="0,0" hai="2,4,10,14,19,23,24,31,32,51,53,59,72,73" machi="53" ten="40,2600,0" yaku="24,2" doraHai="58" who="2" fromWho="3" sc="366,0,250,0,250,26,134,-26" /><INIT seed="0,1,0,0,0,118" ten="366,250,276,108" oya="0" hai0="41,81,6,91,102,46,56,45,114,65,35,92,84" hai1="73,74,52,15,30,47,100,67,28,95,82,116,61" hai2="43,131,49,80,33,60,90,42,50,108,37,63,104" hai3="124,113,53,57,2,120,13,58,111,3,38,31,97"/><T7/><D114/><U39/><E116/><V105/><F33/><W59/><G113/><T85/><D35/><U107/><E107/><V22/><F108/><W121/><G111/><T36/><D46/><U8/><E39/><V127/><F131/><W12/><G38/><T1/><D1/><N who="3" m="9" /><G53/><T40/><D40/><U54/><E74/><V86/><F127/><W11/><G97/><T25/><D25/><U32/><E73/><V51/><F104/><W27/><G11/><T14/><D14/><N who="3" m="5737" /><G124/><T93/><D93/><U122/><E82/><V103/><F103/><W24/><G31/><T94/><D94/><U19/><E30/><V133/><F105/><W68/><G68/><T79/><D102/><U130/><E95/><V62/><F37/><W29/><G29/><T9/><D9/><U21/><E100/><V78/><F22/><W48/><G48/><T66/><D66/><U77/><E32/><V98/><F98/><W109/><G109/><T115/><D115/><U89/><E28/><V110/><F110/><W76/><G76/><T101/><D101/><U128/><E77/><V126/><F126/><W34/><G34/><T117/><D117/><U71/><E8/><V132/><F78/><W99/><G99/><T0/><D0/><U123/><E130/><V20/><F20/><W64/><G64/><T83/><D92/><U106/><E128/><V75/><F75/><W44/><G44/><T55/><D65/><U125/><E125/><V72/><F72/><W96/><G96/><T16/><D36/><U87/><E106/><V88/><F90/><W70/><G70/><RYUUKYOKU ba="1,0" sc="366,-15,250,-15,276,15,108,15" hai2="42,43,49,50,51,60,62,63,80,86,88,132,133" hai3="24,27,57,58,59,120,121" /><INIT seed="1,2,0,2,3,89" ten="351,235,291,123" oya="1" hai0="4,31,131,37,112,8,30,17,13,63,54,77,132" hai1="12,57,29,128,18,62,110,34,60,47,84,105,71" hai2="107,101,28,20,102,124,16,43,0,115,45,133,40" hai3="76,80,122,123,32,27,26,113,65,48,120,94,82"/><U6/><E105/><V59/><F0/><W78/><G113/><T85/><D37/><U44/><E128/><V70/><F70/><W106/><G106/><T83/><D112/><U91/><E6/><V96/><F115/><W100/><G48/><T98/><D131/><U52/><E110/><V42/><F133/><W9/><G9/><T114/><D132/><U50/><E34/><V41/><F124/><W72/><G65/><T129/><D129/><U68/><E29/><V118/><F118/><W36/><G36/><T104/><D114/><U73/><E73/><V134/><F134/><W126/><G126/><T119/><D119/><U130/><E130/><V95/><F28/><W56/><G56/><T92/><D104/><U67/><E62/><V117/><F117/><W53/><G53/><T66/><D54/><U14/><E14/><V2/><F2/><W10/><G10/><T33/><D4/><U24/><E24/><V97/><F59/><W121/><N who="3" m="30720" /><DORA hai="51" /><W64/><G64/><T49/><D49/><U79/><E79/><V5/><F5/><W90/><G100/><T81/><D81/><U69/><E47/><V86/><F86/><W25/><G32/><T88/><REACH who="0" step="1"/><D33/><REACH who="0" ten="341,235,291,123" step="2"/><U7/><E7/><V108/><F108/><W93/><REACH who="3" step="1"/><G90/><REACH who="3" ten="341,235,291,113" step="2"/><T116/><D116/><U55/><E55/><V19/><REACH who="2" step="1"/><F20/><REACH who="2" ten="341,235,281,113" step="2"/><W21/><G21/><T127/><D127/><U11/><E71/><AGARI ba="2,3" hai="8,13,17,30,31,63,66,71,77,83,85,88,92,98" machi="71" ten="30,7700,0" yaku="1,1,7,1,52,1,54,1,53,0" doraHai="89,51" doraHaiUra="39,35" who="0" fromWho="1" sc="341,113,235,-83,281,0,113,0" /><INIT seed="2,0,0,1,0,57" ten="454,152,281,113" oya="2" hai0="89,69,96,106,75,36,28,53,135,131,58,37,19" hai1="63,5,41,123,107,7,72,134,87,117,130,14,43" hai2="64,71,82,3,26,32,23,120,50,65,46,15,0" hai3="76,101,45,70,104,20,33,116,110,59,22,56,86"/><V99/><F120/><W112/><G70/><T52/><D75/><U42/><E117/><V10/><F32/><W11/><G33/><T81/><D69/><U55/><E72/><V44/><F99/><W97/><G116/><T16/><D28/><U118/><E118/><V92/><F92/><W85/><G110/><T18/><D135/><U83/><E107/><V9/><F82/><W109/><G109/><T49/><D131/><U31/><E130/><V61/><F65/><W38/><G112/><T35/><D35/><U128/><E128/><V74/><F74/><W62/><G11/><T6/><D6/><U67/><E134/><V133/><F133/><W4/><G4/><T48/><D106/><U29/><E123/><V1/><F15/><W78/><G45/><T66/><D66/><U68/><E55/><V8/><REACH who="2" step="1"/><F50/><REACH who="2" ten="454,152,271,113" step="2"/><W103/><G97/><T27/><D27/><U13/><E13/><V125/><F125/><W98/><G98/><T90/><D96/><U39/><E39/><V94/><F94/><W47/><G104/><T88/><REACH who="0" step="1"/><D81/><REACH who="0" ten="444,152,271,113" step="2"/><U80/><E80/><V84/><F84/><W12/><G12/><T54/><D54/><U102/><E14/><V121/><F121/><W115/><G115/><T60/><D60/><U114/><E114/><V122/><F122/><W73/><G73/><T17/><N who="0" m="4096" /><DORA hai="77" /><T21/><D21/><U91/><E5/><V105/><F105/><W129/><G129/><T126/><D126/><U100/><REACH who="1" step="1"/><E7/><REACH who="1" ten="444,142,271,113" step="2"/><V79/><F79/><W124/><G78/><T24/><D24/><U93/><E93/><V2/><F2/><RYUUKYOKU ba="0,3" sc="444,10,142,10,271,10,113,-30" hai0="36,37,48,49,52,53,58,88,89,90" hai1="29,31,41,42,43,63,67,68,83,87,91,100,102" hai2="0,1,3,8,9,10,23,26,44,46,61,64,71" /><INIT seed="2,1,3,4,2,129" ten="454,152,281,83" oya="2" hai0="24,44,65,39,31,20,23,70,121,123,26,53,51" hai1="12,118,14,109,6,37,8,60,15,128,94,63,21" hai2="68,130,103,127,41,69,84,19,75,124,132,0,30" hai3="89,81,25,122,58,90,4,40,18,33,86,105,113"/><V125/><F75/><W3/><G122/><T34/><D39/><U71/><E118/><V115/><F115/><W45/><G105/><T98/><D98/><U9/><E37/><V79/><F0/><W46/><G3/><T93/><D93/><U135/><E128/><V16/><F130/><W10/><G33/><T77/><D77/><U67/><E109/><V114/><F114/><W108/><G108/><T28/><D34/><U72/><E72/><V87/><F41/><W35/><G35/><T54/><D54/><U83/><E83/><V92/><F30/><W110/><G110/><T73/><D73/><U29/><E63/><AGARI ba="1,3" hai="20,23,24,26,28,31,44,51,53,63,65,70,121,123" machi="63" ten="40,1300,0" yaku="9,1" doraHai="129" who="0" fromWho="1" sc="454,46,152,-16,281,0,83,0" /><INIT seed="3,0,0,4,2,95" ten="500,136,281,83" oya="3" hai0="133,91,92,40,55,85,43,46,8,35,107,20,89" hai1="2,103,109,130,69,42,75,45,65,121,63,3,48" hai2="21,76,135,134,27,88,34,122,100,29,96,5,104" hai3="11,82,31,58,90,102,36,116,81,94,4,61,62"/><W78/><G116/><T64/><D35/><U67/><E121/><V99/><F122/><W23/><G36/><T111/><D111/><U124/><E109/><V68/><F68/><W114/><G114/><T25/><D133/><N who="2" m="50698" /><F76/><W53/><G62/><T16/><D107/><U13/><E75/><V131/><F131/><W38/><G38/><T7/><D64/><U127/><E130/><V24/><F5/><W49/><G102/><T74/><D74/><U56/><E67/><V57/><F57/><W41/><G78/><T30/><D30/><U118/><E118/><V132/><F132/><W54/><G41/><T60/><D91/><U97/><E13/><V80/><F80/><W70/><G70/><T98/><D85/><U15/><E15/><V119/><F119/><W126/><G126/><N who="1" m="48170" /><E69/><V129/><F129/><W120/><G120/><T17/><D17/><U93/><AGARI ba="0,0" hai="2,3,42,45,48,56,63,65,93,97,103" m="48170" machi="93" ten="30,2000,0" yaku="18,1,52,1" doraHai="95" who="1" fromWho="1" sc="500,-5,136,20,281,-5,83,-10" /><INIT seed="4,0,0,1,1,133" ten="495,156,276,73" oya="0" hai0="12,53,0,13,60,89,37,64,46,48,32,38,134" hai1="28,41,105,25,7,135,49,52,10,127,125,103,75" hai2="114,82,110,78,88,56,1,39,21,108,93,23,71" hai3="121,62,31,119,74,24,57,26,67,55,3,111,16"/><T70/><D0/><U61/><E75/><V14/><F71/><W65/><G119/><T22/><D32/><U90/><E41/><V42/><F1/><W6/><G111/><T77/><D134/><U132/><E61/><V113/><F56/><W54/><G74/><T34/><D34/><U131/><E131/><V118/><F118/><W18/><G121/><T92/><D77/><U95/><E103/><V80/><F42/><W45/><G6/><T91/><D91/><U51/><E105/><V73/><F82/><W116/><G3/><T40/><D22/><N who="2" m="8202" /><F14/><W87/><G116/><T43/><D43/><U81/><E81/><V100/><F100/><W4/><G4/><T20/><D20/><N who="1" m="15399" /><E51/><V96/><F39/><W98/><G87/><T126/><D37/><U68/><E68/><V83/><F83/><W101/><G45/><T123/><D123/><U124/><E10/><V106/><F106/><W109/><G109/><T130/><D130/><U19/><E19/><N who="3" m="7210" /><G31/><T117/><D117/><U76/><E7/><V66/><F66/><N who="3" m="25099" /><G55/><T35/><D35/><U97/><E76/><V63/><F63/><W15/><G15/><T29/><D29/><U84/><E84/><V122/><F122/><W9/><G9/><T33/><D33/><U104/><E104/><V79/><F79/><W120/><G120/><T86/><D12/><U27/><E27/><V99/><F99/><W5/><G5/><T50/><D13/><U17/><E17/><V102/><F102/><W94/><AGARI ba="0,0" hai="24,26,54,57,62,94,98,101" m="25099,7210" machi="94" ten="30,2000,0" yaku="8,1,54,1" doraHai="133" who="3" fromWho="3" sc="495,-10,156,-5,276,-5,73,20" /><INIT seed="5,0,0,2,1,81" ten="485,151,271,93" oya="1" hai0="108,118,117,98,89,75,32,105,82,58,99,44,60" hai1="86,73,72,67,13,126,110,63,30,8,16,78,1" hai2="83,71,7,77,111,64,94,36,135,101,0,22,130" hai3="28,95,34,102,31,129,24,46,62,87,23,55,3"/><U120/><E120/><V26/><F111/><W134/><G3/><T57/><D32/><U17/><E110/><V69/><F36/><W52/><G129/><T104/><D44/><U119/><E119/><V84/><F130/><W38/><G38/><T68/><D68/><U48/><E126/><V66/><F135/><W76/><G134/><T79/><D108/><U131/><E131/><V109/><F109/><W39/><G39/><T40/><D40/><U128/><E128/><V33/><F33/><W4/><G4/><T59/><D60/><U125/><E30/><V127/><F127/><W124/><G124/><T56/><D56/><N who="1" m="37351" /><E73/><V27/><F27/><W114/><G114/><T49/><D49/><U54/><E72/><V91/><F101/><W133/><G133/><T65/><D65/><U37/><E1/><V97/><F71/><W47/><G34/><T20/><D75/><U115/><E115/><V6/><F69/><W103/><G31/><T116/><D105/><U19/><E37/><V92/><F92/><W18/><G28/><T50/><D104/><U45/><E125/><V113/><F113/><W85/><G76/><T88/><D118/><U11/><E11/><V121/><F121/><W112/><G112/><T29/><D29/><U21/><E8/><N who="2" m="2119" /><F7/><W93/><G62/><T53/><D117/><U100/><E100/><V41/><F41/><W5/><G5/><T70/><D70/><U10/><E10/><V122/><F122/><W106/><G106/><T123/><D123/><U2/><E2/><V15/><F15/><W25/><G23/><T107/><D116/><RYUUKYOKU ba="0,0" sc="485,-30,151,10,271,10,93,10" hai1="13,16,17,19,21,45,48,54,78,86" hai2="22,26,64,66,77,83,84,91,94,97" hai3="18,24,25,46,47,52,55,85,87,93,95,102,103" /><INIT seed="5,1,0,1,1,98" ten="455,161,281,103" oya="1" hai0="128,29,79,70,12,15,83,19,119,120,33,97,24" hai1="61,58,82,28,88,21,93,91,125,9,36,18,46" hai2="85,37,81,96,109,74,53,17,66,133,111,116,131" hai3="43,73,71,75,52,77,47,42,20,10,122,54,41"/><U32/><E125/><V63/><F116/><W113/><G122/><T25/><D119/><U57/><E32/><V123/><F123/><W86/><G71/><T80/><D70/><U115/><E115/><V1/><F74/><W35/><G35/><T48/><D120/><U5/><E28/><V132/><F1/><W99/><G99/><T118/><D118/><U7/><E36/><V45/><F131/><W114/><G10/><T78/><D128/><U2/><E7/><V38/><F17/><W6/><G6/><T129/><D129/><U117/><E117/><V100/><F53/><N who="3" m="20587" /><G20/><T55/><D83/><U87/><E46/><V0/><F0/><W107/><G107/><T44/><D97/><U110/><E110/><V84/><F109/><W76/><G86/><T95/><D78/><N who="3" m="30313" /><G47/><T13/><D95/><U50/><E50/><V30/><F111/><W102/><G102/><T106/><D106/><U11/><E11/><V135/><F45/><W65/><G65/><T8/><D24/><U89/><E61/><V22/><F85/><AGARI ba="1,0" hai="8,12,13,15,19,25,29,33,44,48,55,79,80,85" machi="85" ten="30,1000,0" yaku="7,1" doraHai="98" who="0" fromWho="2" sc="455,13,161,0,281,-13,103,0" /><INIT seed="6,0,0,5,1,15" ten="468,161,268,103" oya="2" hai0="118,25,23,20,17,93,68,39,80,6,38,53,134" hai1="28,69,10,66,108,115,19,33,62,41,128,106,92" hai2="26,119,88,71,82,70,99,50,45,130,5,52,65" hai3="48,32,58,12,2,110,121,113,87,64,21,107,47"/><V96/><F119/><W135/><G107/><T43/><D68/><U76/><E108/><V104/><F130/><W132/><G2/><T34/><D34/><U35/><E106/><V14/><F26/><W72/><G72/><T83/><D118/><U3/><E128/><V105/><F105/><W16/><G32/><T117/><D117/><U29/><E41/><V125/><F125/><W73/><G73/><T123/><D123/><U81/><E115/><V75/><F75/><W126/><G121/><T44/><D134/><N who="3" m="51241" /><G110/><T111/><D111/><U49/><E35/><V30/><F30/><W98/><G126/><T86/><D38/><U122/><E122/><V4/><F71/><W74/><G74/><T90/><D6/><N who="2" m="2666" /><F70/><W36/><G36/><T9/><D9/><U13/><E3/><V56/><F14/><W24/><G113/><T102/><D102/><U40/><E33/><V59/><F104/><W129/><G129/><T100/><D100/><U101/><E92/><V114/><F114/><W55/><G98/><N who="2" m="37417" /><F65/><W57/><G87/><AGARI ba="0,0" hai="45,50,52,56,59,82,87,88" m="37417,2666" machi="87" ten="30,5800,0" yaku="8,1,54,2" doraHai="15" who="2" fromWho="3" sc="468,0,161,0,268,58,103,-58" /><INIT seed="6,1,0,2,0,41" ten="468,161,326,45" oya="2" hai0="91,28,24,11,111,38,39,69,86,64,128,132,29" hai1="55,102,120,114,74,23,82,8,27,45,25,115,116" hai2="112,71,101,135,3,16,90,124,35,94,89,7,50" hai3="37,49,127,67,52,118,36,46,73,130,96,13,109"/><V75/><F75/><W79/><G118/><T85/><D111/><U30/><E116/><V92/><F71/><W98/><G109/><T42/><D11/><U125/><E125/><V88/><F35/><W63/><G127/><T72/><D72/><U48/><E120/><V60/><F124/><W106/><G130/><T126/><D126/><U22/><E102/><V121/><F121/><W77/><G106/><T44/><D128/><U119/><E119/><V84/><F112/><N who="1" m="43049" /><E8/><V105/><F135/><W33/><G33/><T122/><D122/><U59/><E82/><V76/><F105/><W61/><G61/><T107/><D107/><U40/><E74/><V65/><F3/><W0/><G0/><T104/><D104/><U83/><E83/><N who="2" m="47207" /><F7/><W10/><G73/><T53/><D132/><U87/><E87/><V99/><F60/><W2/><G2/><T110/><D110/><U68/><E68/><V100/><F65/><W15/><G37/><T20/><D86/><U113/><N who="1" m="43057" /><U19/><DORA hai="62" /><E40/><V4/><F4/><W134/><G36/><T95/><D38/><U17/><E59/><V32/><F32/><W78/><G134/><T31/><D69/><U97/><E97/><N who="3" m="37482" /><G10/><T81/><D39/><U9/><E9/><V131/><F131/><W56/><AGARI ba="1,0" hai="13,15,46,49,52,56,63,67,77,78,79" m="37482" machi="56" ten="30,7900,0" yaku="8,1,52,2,54,1" doraHai="41,62" who="3" fromWho="3" sc="468,-21,161,-21,326,-40,45,82" /><INIT seed="7,0,0,5,2,133" ten="447,140,286,127" oya="3" hai0="110,25,30,117,62,109,77,19,24,31,32,126,61" hai1="15,53,124,129,118,41,40,122,112,8,92,18,115" hai2="105,108,101,10,71,95,58,83,57,42,128,28,26" hai3="3,87,44,72,0,90,43,9,46,55,96,51,82"/><W85/><G72/><T52/><D117/><U47/><E122/><V125/><F108/><W86/><G96/><T121/><D121/><U20/><E124/><V68/><F125/><W91/><G9/><T123/><D126/><U107/><E107/><V81/><F42/><W65/><G65/><T130/><D123/><U13/><E129/><V80/><F105/><W60/><G60/><T4/><D130/><U11/><E118/><V66/><F10/><W29/><G29/><T64/><D4/><U1/><E1/><V23/><F58/><W75/><G75/><T54/><D19/><U39/><E40/><V97/><F128/><W132/><G132/><T12/><D12/><U6/><E53/><V104/><F104/><W103/><G103/><T70/><D77/><U94/><E20/><V74/><F74/><W120/><G120/><T38/><D38/><U119/><REACH who="1" step="1"/><E119/><REACH who="1" ten="447,130,286,127" step="2"/><V14/><F23/><W78/><G3/><T76/><D76/><U127/><E127/><V113/><F14/><W79/><G0/><T16/><D16/><U67/><E67/><V59/><F66/><W34/><G34/><T17/><D17/><U93/><AGARI ba="0,1" hai="6,8,11,13,15,18,39,41,47,92,93,94,112,115" machi="93" ten="30,4000,0" yaku="1,1,0,1,53,1" doraHai="133" doraHaiUra="69" who="1" fromWho="1" sc="447,-10,130,50,286,-10,127,-20" owari="437,53.7,180,-22.0,276,7.6,107,-39.3" /></mjloggm>