<mjloggm ver="2.3"><GO type="169" lobby="0"/><UN n0="%E3%81%99%E3%81%91%E3%81%B4%E3%82%87%E3%82%93" n1="%70%6F%6E%2D%65%6E" n2="%6B%61%7A%7A%2D%6B" n3="%E3%81%B1%E3%82%93%E3%81%AA%E3%81%93%E3%81%BE%E3%81%A3%E3%81%9F" dan="16,16,16,17" rate="2115.82,2155.61,2081.96,2244.10" sx="M,F,M,M"/><TAIKYOKU oya="0"/><INIT seed="0,0,0,4,1,6" ten="250,250,250,250" oya="0" hai0="113,116,18,37,83,100,43,10,64,82,58,50,120" hai1="27,24,92,71,44,61,19,13,23,81,76,63,79" hai2="119,97,86,36,69,29,65,80,56,128,72,70,89" hai3="38,110,8,48,111,51,41,55,21,126,101,90,34"/><T15/><D120/><U35/><E76/><V57/><F128/><W16/><G34/><T45/><D116/><U42/><E92/><V7/><F36/><W52/><G126/><T40/><D113/><U2/><E2/><V115/><F115/><W112/><G112/><T87/><D100/><U26/><E71/><V109/><F109/><N who="3" m="41483" /><G101/><T46/><REACH who="0" step="1"/><D87/><REACH who="0" ten="240,250,250,250" step="2"/><U118/><E118/><V127/><F86/><W74/><G74/><T66/><D66/><U114/><E114/><V135/><F65/><W33/><G33/><T88/><D88/><U60/><E35/><V0/><F89/><W107/><G107/><T84/><D84/><U20/><E79/><V132/><F119/><W93/><G90/><T3/><D3/><U133/><E133/><V108/><F0/><W104/><G104/><T91/><D91/><U102/><E102/><V14/><F108/><W125/><G93/><T124/><D124/><U49/><REACH who="1" step="1"/><E81/><REACH who="1" ten="240,240,250,250" step="2"/><V96/><F80/><W122/><G125/><T25/><D25/><U78/><E78/><V17/><F127/><W4/><G122/><T106/><D106/><U105/><E105/><V73/><F132/><W129/><G129/><T130/><D130/><U22/><AGARI ba="0,2" hai="13,19,20,22,23,24,26,27,42,44,49,60,61,63" machi="22" ten="40,8000,1" yaku="1,1,0,1,8,1,53,1" doraHai="6" doraHaiUra="47" who="1" fromWho="1" sc="240,-40,240,100,250,-20,250,-20" /><INIT seed="1,0,0,0,0,123" ten="200,340,230,230" oya="1" hai0="88,28,52,126,61,78,51,113,15,115,53,101,75" hai1="36,125,77,120,7,67,64,94,65,49,129,111,121" hai2="104,27,48,135,21,56,99,12,82,54,30,34,93" hai3="37,73,29,58,98,9,33,87,114,108,20,85,10"/><U112/><E7/><V133/><F104/><W46/><G114/><T97/><D126/><U89/><E77/><V16/><REACH who="2" step="1"/><F82/><REACH who="2" ten="200,340,220,230" step="2"/><W128/><G128/><T69/><D113/><U68/><E112/><V22/><F22/><W116/><G20/><T32/><D115/><U57/><E129/><V13/><F13/><W47/><G33/><T122/><D15/><U71/><E121/><V45/><F45/><W17/><G47/><T24/><D122/><U103/><E120/><V8/><F8/><W38/><G46/><T35/><D35/><U43/><E125/><V81/><F81/><W72/><G10/><T2/><D32/><U1/><E1/><V63/><F63/><W11/><G9/><T50/><D61/><U31/><E94/><V60/><F60/><W59/><G11/><T40/><D2/><U6/><E6/><V84/><F84/><W105/><G87/><T0/><D0/><U119/><E119/><V74/><F74/><W127/><G85/><T92/><D75/><U134/><E68/><V39/><F39/><W110/><G116/><T3/><D3/><U26/><E71/><V95/><F95/><W66/><G105/><T76/><D69/><U18/><E36/><V130/><F130/><W41/><G127/><T44/><D92/><U4/><E4/><V83/><F83/><W23/><G23/><T102/><D44/><U131/><E131/><V118/><F118/><W107/><G107/><T55/><D40/><U100/><E43/><V25/><F25/><W62/><G41/><T70/><D70/><U86/><E26/><V132/><F132/><RYUUKYOKU ba="0,1" sc="200,-10,340,-10,220,30,230,-10" hai2="12,16,21,27,30,34,48,54,56,93,99,133,135" /><INIT seed="2,1,1,1,0,0" ten="190,330,250,220" oya="2" hai0="3,106,42,120,85,28,86,80,21,51,129,47,1" hai1="127,20,48,72,62,10,97,13,122,126,96,49,117" hai2="34,132,64,57,60,32,103,36,15,114,89,31,65" hai3="100,17,113,29,55,92,87,107,16,99,101,90,105"/><V7/><F114/><W30/><G113/><T134/><D106/><U98/><E72/><V27/><F36/><W102/><G55/><T63/><D120/><U52/><E117/><V123/><F123/><W84/><G90/><T23/><D129/><U131/><E131/><V66/><F132/><W81/><G81/><T110/><D134/><U104/><E104/><N who="3" m="40010" /><G92/><T73/><D73/><U118/><E118/><V109/><F103/><N who="3" m="26371" /><W19/><DORA hai="78" /><G99/><T76/><D110/><U44/><E20/><V24/><F109/><W68/><G68/><T125/><D125/><N who="1" m="47627" /><E122/><V116/><F116/><W70/><G70/><T43/><D63/><U37/><E37/><V26/><F89/><W91/><G91/><T95/><D42/><U54/><E62/><V130/><F130/><W108/><G108/><T93/><D23/><U61/><E61/><V69/><F69/><W135/><G135/><T67/><D67/><U83/><E83/><V2/><F2/><W111/><G111/><T88/><REACH who="0" step="1"/><D95/><REACH who="0" ten="180,330,250,220" step="2"/><U25/><E54/><N who="2" m="33847" /><F34/><W11/><G11/><T4/><D4/><U45/><E52/><V12/><F32/><W41/><G41/><T128/><D128/><U14/><E10/><N who="2" m="4191" /><F31/><AGARI ba="1,2" hai="16,17,19,29,30,31,84,87" m="26371,40010" machi="31" ten="40,5200,0" yaku="28,2,54,1" doraHai="0,78" who="3" fromWho="2" sc="180,0,330,0,250,-55,220,75" /><INIT seed="3,0,0,3,1,63" ten="180,330,195,295" oya="3" hai0="40,52,14,58,66,31,57,129,35,29,50,61,102" hai1="53,51,114,10,81,22,126,112,24,17,118,130,122" hai2="76,95,11,86,92,110,83,113,123,65,100,135,75" hai3="69,30,18,33,97,121,127,98,3,73,116,9,39"/><W84/><G116/><T62/><D129/><U7/><E122/><V25/><F113/><W107/><G121/><T13/><D102/><U74/><E130/><V46/><F123/><W12/><G73/><T49/><D40/><U64/><E126/><V88/><F110/><W1/><G127/><T132/><D132/><U94/><E118/><V15/><F135/><W93/><G39/><T55/><D35/><U5/><E5/><V4/><F46/><W44/><G69/><T79/><D79/><U128/><E128/><V91/><F100/><W38/><G84/><T20/><D20/><U99/><E81/><V103/><F103/><W8/><G107/><T0/><D0/><U133/><E74/><V2/><F25/><W48/><G38/><T23/><D23/><U32/><E32/><V60/><F2/><W124/><G98/><T26/><D26/><U71/><E94/><V105/><F105/><W120/><G120/><T115/><D115/><U131/><E99/><V119/><F119/><W85/><G85/><T42/><D42/><U6/><E6/><V43/><F43/><W104/><G104/><T47/><D47/><N who="1" m="27903" /><E131/><V37/><F37/><W21/><G124/><T80/><D80/><U111/><E111/><V96/><REACH who="2" step="1"/><F60/><REACH who="2" ten="180,330,185,295" step="2"/><W54/><G1/><T45/><REACH who="0" step="1"/><D45/><REACH who="0" ten="170,330,185,295" step="2"/><U16/><E133/><V67/><AGARI ba="0,2" hai="4,11,15,65,67,75,76,83,86,88,91,92,95,96" machi="67" ten="30,12000,2" yaku="1,1,2,1,0,1,52,2,54,1,53,0" doraHai="63" doraHaiUra="134" who="2" fromWho="2" sc="170,-30,330,-30,185,140,295,-60" /><INIT seed="4,0,0,4,2,104" ten="140,300,325,235" oya="0" hai0="26,101,133,61,123,135,14,36,66,105,82,125,80" hai1="27,126,120,25,102,134,127,109,38,124,86,84,41" hai2="55,8,30,91,119,89,47,24,67,68,51,76,3" hai3="85,90,83,113,18,129,20,11,130,39,21,44,103"/><T110/><D36/><U71/><E109/><V43/><F119/><W95/><G113/><T57/><D123/><U54/><E120/><V53/><F76/><W73/><G11/><T118/><D118/><U81/><E134/><N who="0" m="51209" /><D110/><U10/><E71/><V23/><F68/><W62/><G62/><T94/><D105/><U19/><E102/><V93/><F67/><W15/><G21/><T37/><D37/><U28/><E54/><N who="2" m="20491" /><F3/><W79/><REACH who="3" step="1"/><G103/><REACH who="3" ten="140,300,325,225" step="2"/><T31/><D125/><U112/><E10/><V106/><F106/><W121/><G121/><T32/><D14/><U77/><E112/><V22/><F8/><W13/><G13/><T65/><D65/><U7/><E124/><V16/><F93/><W34/><G34/><T78/><D78/><U87/><E126/><V70/><F70/><W29/><G29/><T108/><D108/><U33/><E28/><V111/><F111/><W99/><G99/><AGARI ba="0,1" hai="26,31,32,57,61,66,80,82,94,99,101" m="51209" machi="99" ten="30,1500,0" yaku="20,1" doraHai="104" who="0" fromWho="3" sc="140,25,300,0,325,0,225,-15" /><INIT seed="4,1,0,4,5,130" ten="165,300,325,210" oya="0" hai0="80,97,111,19,113,50,125,127,21,93,15,128,59" hai1="27,126,95,11,101,18,72,117,39,40,44,36,30" hai2="56,109,74,37,118,114,89,68,33,122,7,2,69" hai3="84,91,5,107,47,38,102,31,65,77,46,90,119"/><T96/><D128/><U124/><E117/><V26/><RYUUKYOKU type="yao9" ba="1,0" sc="165,0,300,0,325,0,210,0" hai2="2,7,26,33,37,56,68,69,74,89,109,114,118,122" /><INIT seed="4,2,0,1,1,37" ten="165,300,325,210" oya="0" hai0="83,16,84,5,134,82,30,9,43,130,8,67,79" hai1="2,119,118,39,127,10,60,62,36,47,81,13,95" hai2="38,124,50,51,76,97,131,42,27,58,96,91,15" hai3="70,64,117,69,3,86,107,19,25,40,126,12,128"/><T18/><D130/><U73/><E127/><V11/><F38/><W123/><G117/><T101/><D134/><U1/><E95/><V89/><F124/><W115/><G126/><T74/><D30/><U110/><E110/><V23/><F76/><W99/><G3/><T34/><D34/><U88/><E13/><V56/><F131/><W48/><G128/><T45/><D101/><U26/><E88/><N who="2" m="33867" /><F51/><W109/><G25/><T14/><D67/><U52/><E26/><V66/><F66/><W68/><G115/><T133/><D133/><U78/><E39/><V105/><F105/><W29/><G29/><T75/><D82/><U71/><E1/><V112/><F42/><W132/><G123/><T28/><D28/><U113/><E71/><V0/><F0/><W116/><G109/><T125/><D125/><U104/><E104/><V94/><F50/><W7/><G132/><T72/><REACH who="0" step="1"/><D9/><REACH who="0" ten="155,300,325,210" step="2"/><U61/><E10/><V87/><F11/><W57/><G116/><T53/><D53/><U49/><E52/><V106/><F106/><W44/><G107/><T102/><D102/><U54/><E54/><V103/><F103/><W111/><G111/><T114/><D114/><U20/><E113/><V6/><F112/><W59/><G64/><T24/><D24/><U120/><E118/><V4/><F27/><W80/><G80/><T46/><D46/><U129/><E47/><V93/><F94/><W63/><G44/><T22/><D22/><U135/><E119/><V21/><F93/><W32/><G32/><T31/><D31/><U100/><E135/><V98/><F21/><RYUUKYOKU ba="2,1" sc="155,30,300,-10,325,-10,210,-10" hai0="5,8,14,16,18,43,45,72,74,75,79,83,84" /><INIT seed="4,3,1,1,4,88" ten="185,290,315,200" oya="0" hai0="131,63,118,15,0,121,123,89,18,57,90,97,71" hai1="115,19,132,106,58,76,124,26,30,107,133,10,70" hai2="82,102,100,29,69,77,47,39,7,127,23,35,24" hai3="112,49,79,25,5,9,43,1,66,108,38,117,134"/><T130/><D71/><U78/><E70/><V103/><F69/><W92/><G108/><T40/><D0/><U93/><E93/><V96/><F127/><W42/><G117/><T3/><D3/><U91/><E91/><V120/><F120/><W74/><G112/><T125/><D125/><U2/><E58/><V36/><F7/><W16/><G134/><N who="1" m="51818" /><E115/><V72/><F35/><W34/><G66/><T104/><D118/><U31/><E124/><V53/><F53/><W126/><G126/><T119/><D119/><U46/><E46/><V75/><F75/><W84/><G49/><T14/><D40/><U27/><E19/><V95/><REACH who="2" step="1"/><F47/><REACH who="2" ten="185,290,305,200" step="2"/><W45/><G45/><T28/><D121/><U94/><E31/><V48/><F48/><W60/><G74/><T6/><D28/><U67/><E67/><V109/><F109/><W111/><G111/><T37/><D123/><U56/><E30/><V33/><F33/><W62/><G34/><T41/><D37/><AGARI ba="3,2" hai="23,24,29,36,37,39,72,77,82,95,96,100,102,103" machi="37" ten="40,8000,1" yaku="1,1,52,1,53,3" doraHai="88" doraHaiUra="99" who="2" fromWho="0" sc="185,-89,290,0,305,109,200,0" /><INIT seed="5,0,0,2,4,125" ten="96,290,414,200" oya="1" hai0="3,103,133,5,117,81,33,8,121,48,98,34,129" hai1="75,95,59,127,118,19,70,87,6,89,21,50,15" hai2="56,114,44,122,135,60,16,113,130,0,88,57,90" hai3="108,128,11,80,107,30,25,37,126,86,85,96,40"/><U62/><E127/><V39/><F130/><W131/><G126/><T17/><D117/><U92/><E75/><V64/><F122/><W46/><G108/><T134/><D121/><U94/><E118/><V10/><F135/><W110/><G110/><T24/><D81/><U66/><REACH who="1" step="1"/><E6/><REACH who="1" ten="96,280,414,200" step="2"/><V99/><F113/><W115/><G115/><T61/><D133/><U82/><E82/><V47/><F114/><W97/><G80/><T22/><D134/><U91/><E91/><V93/><F90/><W55/><G131/><T116/><D129/><U4/><E4/><V68/><F88/><W109/><G128/><T36/><D116/><U77/><E77/><V71/><F71/><W54/><G109/><T65/><D36/><U18/><E18/><V104/><F39/><W20/><G37/><T42/><D42/><U69/><E69/><V35/><F68/><W2/><G40/><T74/><D74/><U45/><E45/><V123/><F47/><W27/><G46/><T124/><D124/><U67/><E67/><V79/><F44/><W9/><G85/><T32/><D48/><U12/><E12/><V52/><F64/><W58/><G86/><T112/><D112/><U100/><E100/><V102/><F102/><W14/><G14/><T132/><D132/><U63/><E63/><V51/><F60/><W111/><G111/><T26/><D61/><U13/><E13/><V1/><F51/><W31/><G58/><T49/><D65/><U28/><E28/><V84/><F79/><W119/><G119/><T76/><D76/><U53/><AGARI ba="0,1" hai="15,19,21,50,53,59,62,66,70,87,89,92,94,95" machi="53" ten="30,11700,0" yaku="1,1,0,1,25,2,53,0" doraHai="125" doraHaiUra="73" who="1" fromWho="1" sc="96,-39,280,127,414,-39,200,-39" /><INIT seed="5,1,0,0,3,58" ten="57,407,375,161" oya="1" hai0="123,105,53,96,119,69,112,121,89,87,40,18,50" hai1="33,39,126,26,64,36,27,20,52,78,24,94,2" hai2="59,124,88,125,133,3,43,76,113,106,17,25,19" hai3="109,31,60,6,12,0,13,118,9,7,72,114,47"/><U49/><E2/><V51/><F106/><W70/><G72/><T38/><D119/><U28/><E126/><N who="2" m="48747" /><F3/><W48/><G109/><T77/><D112/><U75/><E64/><V116/><F116/><W66/><G118/><T32/><D32/><U16/><E26/><V104/><F104/><W35/><G114/><T37/><D69/><U73/><E94/><V110/><F110/><W1/><G31/><T101/><D77/><U45/><REACH who="1" step="1"/><E78/><REACH who="1" ten="57,397,375,161" step="2"/><V23/><F76/><W34/><G0/><T22/><D121/><U55/><E55/><N who="2" m="32255" /><F113/><W41/><G1/><T57/><D123/><U4/><E4/><V81/><F133/><W131/><G131/><T30/><D40/><U108/><E108/><V63/><F43/><W129/><G129/><T21/><D30/><U62/><E62/><V79/><F63/><W46/><G6/><T90/><D22/><U130/><E130/><V14/><F79/><W42/><G35/><T93/><REACH who="0" step="1"/><D90/><REACH who="0" ten="47,397,375,161" step="2"/><U8/><E8/><N who="2" m="6343" /><F88/><W80/><G34/><T84/><D84/><U86/><E86/><V102/><F102/><W128/><G128/><T91/><D91/><U74/><AGARI ba="1,2" hai="16,20,24,27,28,33,36,39,45,49,52,73,74,75" machi="74" ten="30,11700,0" yaku="1,1,0,1,54,2,53,0" doraHai="58" doraHaiUra="103" who="1" fromWho="1" sc="47,-40,397,140,375,-40,161,-40" /><INIT seed="5,2,0,0,0,119" ten="7,537,335,121" oya="1" hai0="31,67,98,52,47,125,130,115,74,93,117,100,102" hai1="126,29,34,111,134,5,73,101,17,27,78,50,116" hai2="45,1,118,108,9,42,33,122,8,56,128,14,91" hai3="84,76,6,66,12,92,3,85,37,104,58,123,44"/><U133/><E116/><V30/><F108/><W11/><G104/><T35/><D117/><U103/><E126/><V99/><F118/><W23/><G85/><T61/><D74/><U55/><E111/><V97/><F1/><W0/><G58/><T106/><D125/><U127/><E127/><V64/><F33/><W86/><G12/><T65/><D130/><U81/><E17/><V41/><F30/><W39/><G23/><T124/><D124/><U10/><E133/><V69/><F69/><W105/><G66/><T75/><D75/><U135/><E134/><V59/><F14/><W36/><G92/><T24/><D115/><U109/><E109/><V82/><F64/><W15/><G15/><T114/><D114/><U28/><E28/><V80/><F45/><W32/><G6/><T71/><D67/><U26/><E26/><V38/><F38/><W60/><G60/><T79/><D79/><U132/><E135/><V22/><F22/><W51/><G39/><T7/><D7/><U89/><E132/><V87/><F87/><W88/><G37/><T25/><D25/><U72/><E72/><V131/><F91/><W96/><G36/><T46/><D52/><U113/><E89/><V62/><F62/><W121/><G3/><T13/><D13/><N who="1" m="5327" /><E113/><V21/><F21/><W18/><G0/><T94/><D102/><N who="1" m="38923" /><E55/><V19/><F19/><W16/><G18/><T54/><D54/><U70/><E50/><V63/><F63/><W90/><G16/><T110/><D110/><U48/><E48/><V129/><F131/><W77/><G76/><T4/><D4/><RYUUKYOKU ba="2,0" sc="7,10,537,10,335,10,121,-30" hai0="24,31,35,46,47,61,65,71,93,94,98,100,106" hai1="27,29,34,70,73,78,81" hai2="8,9,41,42,56,59,80,82,97,99,122,128,129" /><INIT seed="5,3,0,4,2,94" ten="17,547,345,91" oya="1" hai0="73,131,49,55,116,27,34,36,101,17,38,110,68" hai1="12,100,18,33,129,0,22,16,71,59,58,84,65" hai2="95,66,45,40,51,5,70,1,11,42,44,53,133" hai3="23,92,107,86,10,83,123,75,80,74,2,50,69"/><U89/><E33/><V67/><F133/><W120/><G107/><T32/><D73/><U72/><E0/><V103/><F70/><W113/><G69/><T128/><D68/><U104/><E72/><V118/><F118/><W119/><G119/><T60/><D116/><U102/><E129/><N who="0" m="49737" /><D60/><U106/><E106/><V127/><F127/><W61/><G75/><T64/><D64/><U13/><E71/><V31/><F31/><W43/><G61/><T90/><D110/><U105/><E105/><V76/><F76/><W35/><G74/><T91/><D101/><N who="1" m="39019" /><E65/><V4/><F53/><W62/><G62/><T96/><D34/><U88/><E104/><V14/><F1/><W25/><G35/><T93/><D90/><N who="1" m="34923" /><E84/><V121/><F121/><W21/><G86/><T8/><D32/><U20/><AGARI ba="3,0" hai="12,13,16,18,20,22,58,59" m="34923,39019" machi="20" ten="30,6000,0" yaku="8,1,54,2" doraHai="94" who="1" fromWho="1" sc="17,-23,547,69,345,-23,91,-23" owari="-6,-50.6,616,71.6,322,12.2,68,-33.2" /></mjloggm>