<mjloggm ver="2.3"><GO type="169" lobby="0"/><UN n0="%E3%83%97%E3%83%AC%E3%82%B9%E3%83%97" n1="%E7%99%BD%E3%81%AE%E7%A9%BA" n2="%E6%B2%B3%E7%AB%A5%E3%81%AE%E3%83%AF%E3%82%AB%E3%83%9E%E3%83%84" n3="%4E%6F%73%75%6B%65" dan="16,17,17,16" rate="2167.00,2215.14,2195.27,2117.83" sx="M,M,M,M"/><TAIKYOKU oya="0"/><INIT seed="0,0,0,0,1,108" ten="250,250,250,250" oya="0" hai0="5,16,52,33,45,102,133,94,76,44,134,71,96" hai1="135,69,0,131,36,58,92,24,116,51,26,3,132" hai2="38,19,8,121,14,126,128,56,50,40,100,10,120" hai3="63,77,48,23,98,17,62,60,118,75,6,37,87"/><T124/><D33/><U105/><E105/><V97/><F128/><W113/><G118/><T85/><D71/><U83/><E116/><V31/><F126/><W68/><G37/><T57/><D124/><U2/><E69/><V123/><F31/><W11/><G75/><T72/><D72/><U110/><E36/><V46/><F8/><W103/><G68/><T66/><D66/><U112/><E131/><V43/><F56/><W99/><G48/><T53/><D5/><U89/><E110/><V22/><F22/><W119/><G119/><T30/><D30/><U130/><E130/><V88/><F38/><W15/><G113/><T73/><D73/><U13/><E83/><V34/><F34/><W42/><G42/><T107/><D53/><N who="1" m="32063" /><E13/><V74/><F74/><W25/><REACH who="3" step="1"/><G103/><REACH who="3" ten="250,250,250,240" step="2"/><T106/><D133/><N who="1" m="51275" /><E112/><V1/><F43/><W20/><G20/><T129/><D134/><U35/><E35/><V4/><F121/><W18/><G18/><T95/><D16/><U80/><E80/><AGARI ba="0,1" hai="6,11,15,17,23,25,60,62,63,77,80,87,98,99" machi="80" ten="40,2600,0" yaku="1,1,8,1,53,0" doraHai="108" doraHaiUra="64" who="3" fromWho="1" sc="250,0,250,-26,250,0,240,36" /><INIT seed="1,0,0,2,3,62" ten="250,224,250,276" oya="1" hai0="79,37,108,13,131,57,71,102,77,128,4,96,59" hai1="82,106,125,109,14,122,98,54,47,111,2,10,48" hai2="94,28,83,8,17,34,40,18,95,56,20,90,68" hai3="103,39,101,91,29,119,19,117,72,104,30,63,129"/><U100/><E122/><V114/><F68/><W45/><G72/><T6/><D37/><U22/><E125/><V86/><F114/><W123/><G123/><T52/><D71/><U60/><E2/><V21/><F34/><W93/><G129/><N who="0" m="49739" /><D108/><N who="1" m="41547" /><E82/><V88/><F40/><W75/><G19/><T9/><D59/><U24/><E60/><V55/><F28/><W84/><G75/><T46/><D46/><U15/><E10/><V38/><F38/><W74/><G74/><T31/><D31/><AGARI ba="0,0" hai="14,15,22,24,31,47,48,54,98,100,106" m="41547" machi="31" ten="30,2900,0" yaku="14,1,10,1" doraHai="62" who="1" fromWho="0" sc="250,-29,224,29,250,0,276,0" /><INIT seed="1,1,0,0,2,58" ten="221,253,250,276" oya="1" hai0="31,81,10,125,110,104,101,135,97,95,29,54,8" hai1="20,114,71,34,116,103,37,1,36,48,133,120,117" hai2="44,35,30,2,67,65,9,52,43,11,64,122,118" hai3="53,129,17,4,38,128,87,112,33,12,98,70,102"/><U14/><E103/><V57/><F118/><W75/><G75/><T119/><D119/><U22/><E34/><V3/><F122/><W130/><G112/><T16/><D110/><U76/><E76/><V79/><F79/><W25/><G38/><T134/><D125/><U127/><E1/><V105/><F105/><W92/><G70/><T63/><D81/><U60/><E14/><V124/><F124/><W121/><G121/><T111/><D111/><U24/><E24/><V49/><F35/><W47/><G4/><T90/><D31/><U27/><E27/><V74/><F30/><W94/><G25/><T7/><D29/><U88/><E120/><V13/><F74/><W32/><G87/><T93/><D104/><U62/><E127/><V51/><REACH who="2" step="1"/><F11/><REACH who="2" ten="221,253,240,276" step="2"/><W23/><G33/><T83/><D10/><U126/><E126/><V73/><F73/><W18/><G32/><T68/><D8/><U109/><E109/><V40/><F40/><W26/><G130/><T5/><D5/><AGARI ba="1,1" hai="2,3,5,9,13,43,44,49,51,52,57,64,65,67" machi="5" ten="40,2600,0" yaku="1,1,54,1,53,0" doraHai="58" doraHaiUra="123" who="2" fromWho="0" sc="221,-29,253,0,240,39,276,0" /><INIT seed="2,0,0,1,2,17" ten="192,253,279,276" oya="2" hai0="113,88,99,98,41,36,124,128,10,18,111,118,47" hai1="129,33,8,123,105,135,62,43,81,53,115,20,26" hai2="27,126,45,34,104,32,106,31,125,74,21,93,56" hai3="95,5,75,11,69,63,92,100,54,70,46,58,110"/><V2/><F74/><W60/><G75/><T22/><D113/><U37/><E115/><V55/><F2/><W103/><G110/><T40/><D111/><U25/><E105/><N who="2" m="40555" /><F45/><W24/><G46/><T67/><D124/><N who="2" m="47722" /><F93/><W130/><G130/><T80/><D128/><U13/><E129/><V102/><F102/><W127/><G127/><T114/><D114/><U120/><E135/><V87/><F87/><W132/><G132/><T82/><D41/><U122/><E81/><V76/><F76/><W52/><G103/><T64/><D10/><U96/><E96/><V108/><F108/><W66/><G100/><T73/><D118/><U4/><E33/><V61/><AGARI ba="0,0" hai="21,27,31,32,34,55,56,61" m="47722,40555" machi="61" ten="30,3000,0" yaku="18,1,52,1" doraHai="17" who="2" fromWho="2" sc="192,-10,253,-10,279,30,276,-10" /><INIT seed="2,1,0,0,5,32" ten="182,243,309,266" oya="2" hai0="44,85,116,119,59,86,5,99,73,112,132,13,55" hai1="126,1,123,31,88,6,109,79,36,49,81,19,27" hai2="122,51,10,104,21,107,110,105,97,15,83,129,38" hai3="118,108,65,29,93,127,64,121,78,131,26,87,23"/><V130/><F38/><W4/><G118/><T50/><D112/><U60/><E109/><V8/><F122/><W46/><G121/><T54/><D73/><U72/><E123/><V80/><F97/><W91/><G108/><T67/><D132/><U24/><E36/><V40/><F110/><W98/><G127/><T48/><D67/><U82/><E126/><V34/><F34/><W17/><G131/><N who="2" m="50185" /><F21/><W102/><G78/><T14/><D99/><U94/><E19/><N who="2" m="8679" /><F10/><W52/><G4/><T47/><D59/><U35/><E27/><V77/><F77/><W12/><G46/><AGARI ba="1,0" hai="40,46,51,80,83,104,105,107" m="8679,50185" machi="46" ten="40,2000,0" yaku="19,1" doraHai="32" who="2" fromWho="3" sc="182,0,243,0,309,23,266,-23" /><INIT seed="2,2,0,3,0,50" ten="182,243,332,243" oya="2" hai0="72,75,87,133,4,115,23,99,105,48,104,122,13" hai1="11,18,29,26,40,34,128,135,85,54,45,80,36" hai2="28,117,2,71,24,32,46,106,20,27,38,98,77" hai3="52,62,83,82,96,30,25,3,130,21,59,69,132"/><V63/><F2/><W126/><G3/><T6/><D122/><U108/><E108/><V61/><F117/><W33/><G130/><T17/><D115/><U41/><E135/><V78/><F38/><W44/><G132/><T116/><D133/><U22/><E128/><V97/><F46/><W107/><G126/><T65/><D116/><U76/><E11/><V68/><F20/><W57/><G44/><T118/><D118/><U101/><E101/><V55/><F106/><W7/><G7/><T102/><D105/><U64/><E64/><V47/><F47/><W15/><G69/><T92/><D65/><U56/><E41/><V93/><F93/><W16/><REACH who="3" step="1"/><G59/><REACH who="3" ten="182,243,332,233" step="2"/><T39/><D6/><U19/><REACH who="1" step="1"/><E34/><REACH who="1" ten="182,233,332,233" step="2"/><V114/><F32/><W12/><G12/><T110/><D13/><U35/><E35/><V111/><F111/><W43/><G43/><T8/><D110/><U73/><E73/><V74/><F74/><W9/><G9/><T5/><D8/><U94/><E94/><V58/><F114/><W90/><G90/><T124/><D72/><U89/><E89/><V84/><F78/><W112/><G112/><T88/><D75/><U113/><E113/><V127/><F77/><W121/><G121/><T123/><D123/><U67/><E67/><V1/><F1/><W49/><G49/><AGARI ba="2,2" hai="18,19,22,26,29,36,40,45,49,54,56,76,80,85" machi="49" ten="30,3900,0" yaku="1,1,7,1,52,1,53,0" doraHai="50" doraHaiUra="86" who="1" fromWho="3" sc="182,0,233,65,332,0,233,-45" /><INIT seed="3,0,0,1,0,39" ten="182,298,332,188" oya="3" hai0="23,46,86,107,112,132,83,55,73,103,52,24,108" hai1="131,135,26,7,90,110,85,10,22,84,88,4,69" hai2="19,92,37,66,14,44,64,15,40,104,100,17,80" hai3="6,134,93,133,21,82,94,106,50,3,30,25,32"/><W11/><G106/><T33/><D33/><U129/><E69/><V123/><F104/><W109/><G82/><T47/><D108/><U78/><E110/><V87/><F123/><W70/><G109/><T56/><D132/><N who="3" m="50793" /><G70/><T128/><D128/><N who="1" m="49227" /><E135/><V36/><F36/><W115/><G115/><T18/><D73/><U1/><E4/><V74/><F74/><W42/><G32/><T117/><D117/><U61/><E61/><V116/><F116/><W79/><G79/><T0/><D0/><U121/><E121/><V62/><F92/><N who="3" m="35435" /><G50/><T101/><D112/><U8/><E8/><V48/><F100/><N who="0" m="38474" /><D107/><U57/><E57/><V67/><F37/><W102/><G102/><T68/><D68/><U124/><E124/><V51/><F48/><W41/><AGARI ba="0,0" hai="3,6,11,21,25,30,41,42" m="35435,50793" machi="41" ten="30,6000,0" yaku="20,1,52,2" doraHai="39" who="3" fromWho="3" sc="182,-20,298,-20,332,-20,188,60" /><INIT seed="3,1,0,4,3,97" ten="162,278,312,248" oya="3" hai0="11,8,37,50,86,105,133,66,112,98,103,25,62" hai1="13,101,134,64,22,54,15,90,3,75,17,16,95" hai2="100,128,78,104,81,79,129,35,28,83,32,1,93" hai3="63,84,56,19,26,89,102,85,115,116,127,119,122"/><W94/><G115/><T58/><D133/><U51/><E134/><V120/><F1/><W34/><G122/><T41/><D112/><U38/><E38/><V31/><F93/><W10/><G127/><T46/><D86/><U77/><E3/><V130/><F120/><W126/><G126/><T96/><D25/><U4/><E4/><V124/><F124/><W61/><G61/><T2/><D2/><U92/><E64/><V24/><F104/><W132/><G132/><T118/><D118/><U14/><E77/><N who="2" m="29195" /><F100/><W69/><G69/><T67/><D67/><U9/><E75/><V27/><AGARI ba="1,0" hai="24,27,28,31,32,35,81,83,128,129,130" m="29195" machi="27" ten="40,1500,0" yaku="19,1" doraHai="97" who="2" fromWho="2" sc="162,-5,278,-5,312,18,248,-8" /><INIT seed="4,0,0,2,5,47" ten="157,273,330,240" oya="0" hai0="81,85,54,75,34,125,68,87,1,101,53,92,124" hai1="113,11,73,108,106,99,135,109,31,12,123,37,59" hai2="114,61,133,28,42,21,82,77,97,49,89,119,41" hai3="5,116,23,86,43,18,8,130,10,3,112,111,91"/><T105/><D1/><U88/><E123/><V19/><F114/><W6/><G111/><T126/><D34/><U72/><E37/><V45/><F133/><W36/><G112/><T30/><D30/><U134/><E113/><V25/><F119/><W33/><G116/><T79/><D68/><U24/><E59/><V52/><F61/><W38/><G130/><T70/><D70/><U35/><E73/><V56/><F45/><W57/><G33/><T67/><D67/><U78/><E78/><V51/><F51/><W132/><G132/><N who="1" m="50730" /><E72/><V64/><F64/><W22/><G57/><T69/><D69/><U84/><E99/><V15/><F89/><W94/><G43/><T0/><D0/><U9/><E106/><V14/><F97/><W55/><G55/><T104/><D54/><U107/><E107/><N who="0" m="41033" /><D53/><U117/><E117/><V4/><F4/><W65/><G65/><T17/><D17/><N who="1" m="8335" /><E11/><N who="2" m="6623" /><F15/><W121/><G121/><T58/><D58/><U128/><E128/><V100/><F100/><W66/><G66/><T13/><D13/><U50/><E50/><V20/><F42/><W129/><G129/><T46/><D46/><U93/><AGARI ba="0,0" hai="24,31,35,84,88,93,108,109" m="8335,50730" machi="93" ten="30,2000,0" yaku="20,1,54,1" doraHai="47" who="1" fromWho="1" sc="157,-10,273,20,330,-5,240,-5" /><INIT seed="5,0,0,2,1,49" ten="147,293,325,235" oya="1" hai0="106,10,28,75,127,110,53,131,27,65,98,40,19" hai1="93,47,45,76,103,126,99,5,25,61,62,73,32" hai2="118,48,135,81,84,102,11,86,43,121,115,70,104" hai3="56,123,23,112,60,77,46,4,39,133,116,101,96"/><U91/><E126/><V64/><F121/><W124/><G123/><T113/><D110/><U24/><E5/><V90/><F118/><W94/><G116/><T134/><D75/><U114/><E114/><V37/><F37/><W16/><G124/><T59/><D127/><U85/><E32/><V14/><F135/><W100/><G133/><T71/><D134/><U55/><E76/><V6/><F115/><W31/><G31/><T87/><D131/><U109/><E73/><V108/><F108/><W8/><G77/><T52/><D71/><U41/><E109/><V33/><F33/><W120/><G112/><T9/><D40/><U17/><E47/><V34/><F34/><W29/><G29/><T74/><D74/><U57/><E61/><V51/><F43/><W1/><G120/><T36/><D36/><U66/><E66/><V20/><F64/><W58/><G101/><T92/><D106/><U7/><E7/><V50/><F70/><W18/><G58/><T117/><D117/><U68/><E17/><V95/><F104/><W82/><G82/><T54/><D87/><U72/><E72/><V130/><F130/><W22/><G46/><T119/><D19/><N who="3" m="7209" /><G39/><T129/><D129/><U105/><REACH who="1" step="1"/><E68/><REACH who="1" ten="147,283,325,235" step="2"/><V12/><F20/><W44/><G44/><T80/><D113/><U15/><E15/><V79/><F12/><W30/><G30/><T69/><D69/><U26/><E26/><V35/><F35/><W38/><G38/><AGARI ba="0,1" hai="24,25,38,41,45,55,57,62,85,91,93,99,103,105" machi="38" ten="30,5800,0" yaku="1,1,7,1,52,1,53,0" doraHai="49" doraHaiUra="125" who="1" fromWho="3" sc="147,0,283,68,325,0,235,-58" /><INIT seed="5,1,0,2,3,119" ten="147,351,325,177" oya="1" hai0="1,38,118,42,94,116,92,70,67,0,8,131,77" hai1="99,125,113,75,124,57,69,88,102,135,105,127,46" hai2="93,107,19,27,3,12,103,133,91,120,40,37,53" hai3="34,73,48,4,121,114,5,64,83,86,60,110,10"/><U106/><E69/><V6/><F120/><W79/><G110/><T68/><D131/><U52/><E113/><V63/><F133/><W84/><G114/><T29/><D77/><U109/><E109/><V13/><F107/><W78/><G121/><T39/><D8/><U51/><E135/><V26/><F103/><W16/><G34/><T122/><D67/><U90/><E105/><V35/><F40/><W33/><G33/><T31/><D42/><U126/><N who="1" m="31744" /><DORA hai="11" /><U55/><REACH who="1" step="1"/><E75/><REACH who="1" ten="147,341,325,177" step="2"/><V61/><F37/><W22/><G73/><T71/><D71/><U17/><E17/><V30/><F19/><W81/><G16/><T28/><D28/><U18/><E18/><V20/><F30/><W117/><G117/><T85/><D85/><U132/><E132/><V23/><F35/><W80/><G86/><T97/><REACH who="0" step="1"/><D122/><REACH who="0" ten="137,341,325,177" step="2"/><U24/><E24/><V58/><F27/><W134/><G84/><T95/><D95/><U50/><AGARI ba="1,2" hai="46,50,51,52,55,57,88,90,99,102,106" m="31744" machi="50" ten="60,18000,2" yaku="1,1,0,1,18,1,54,2,53,2" doraHai="119,11" doraHaiUra="7,45" who="1" fromWho="1" sc="137,-61,341,203,325,-61,177,-61" /><INIT seed="5,2,0,0,3,13" ten="76,544,264,116" oya="1" hai0="135,55,18,118,43,67,122,53,116,120,56,26,112" hai1="31,66,73,123,70,74,10,97,62,83,57,81,102" hai2="77,100,69,11,99,47,3,80,86,36,9,12,71" hai3="117,104,15,134,29,82,39,46,109,16,133,32,95"/><U60/><E123/><N who="0" m="47145" /><D26/><U115/><E115/><V98/><F98/><W119/><G104/><T128/><D18/><U76/><E31/><V68/><F3/><W132/><G109/><T34/><D34/><U33/><E33/><V61/><F61/><W130/><G130/><T125/><D128/><U21/><E10/><V106/><F12/><W2/><G2/><T108/><D108/><U42/><E42/><V38/><F38/><W5/><G5/><T85/><D85/><U127/><E127/><V35/><F35/><W4/><G4/><T111/><D111/><U30/><E30/><V19/><F19/><W22/><G95/><T8/><D8/><U51/><E21/><V41/><AGARI ba="2,0" hai="9,11,36,41,47,68,69,71,77,80,86,99,100,106" machi="41" ten="40,1500,0" yaku="0,1" doraHai="13" who="2" fromWho="2" sc="76,-6,544,-9,264,21,116,-6" /><INIT seed="6,0,0,0,0,102" ten="70,535,285,110" oya="2" hai0="67,20,1,58,60,18,7,63,88,103,9,129,40" hai1="127,77,83,24,93,66,95,98,125,68,92,124,87" hai2="61,80,79,91,117,82,56,36,46,51,118,104,114" hai3="101,55,47,54,132,116,34,17,97,75,25,37,113"/><V90/><F36/><W123/><G116/><T41/><D129/><U53/><E24/><V65/><F114/><W49/><G123/><T74/><D74/><U43/><E43/><V70/><F70/><W62/><G37/><T121/><D121/><U96/><E53/><V2/><F2/><W13/><G75/><T109/><D109/><U19/><E19/><V94/><F104/><W100/><G113/><T38/><D38/><U120/><E120/><V64/><F51/><W50/><G132/><T29/><D29/><U4/><E4/><V45/><F94/><W107/><G100/><T131/><D131/><U72/><E72/><V111/><F56/><W28/><G62/><AGARI ba="0,0" hai="62,66,68,77,83,87,92,93,95,96,98,124,125,127" machi="62" ten="50,1600,0" yaku="18,1" doraHai="102" who="1" fromWho="3" sc="70,0,535,16,285,0,110,-16" /><INIT seed="7,0,0,3,0,135" ten="70,551,285,94" oya="3" hai0="32,72,62,40,101,20,115,87,35,103,79,75,129" hai1="76,125,95,21,48,5,99,80,61,86,82,4,36" hai2="104,33,124,119,23,67,73,59,2,81,64,41,89" hai3="44,51,1,77,43,37,8,6,94,107,55,31,63"/><W121/><G107/><T132/><D132/><U45/><E125/><V47/><F124/><W65/><G121/><T46/><D129/><U42/><E61/><V7/><F33/><W98/><G31/><T111/><D111/><U85/><E21/><V102/><F23/><W60/><G77/><T58/><D35/><U131/><E36/><N who="2" m="21927" /><F59/><W130/><G130/><T118/><D32/><U18/><E18/><V54/><F54/><W127/><G127/><T74/><D118/><U24/><E24/><V9/><F89/><W29/><G29/><T3/><D3/><U110/><E110/><V28/><F28/><W66/><G66/><T106/><D106/><U78/><E131/><V114/><F114/><W50/><G55/><T26/><D115/><U10/><E10/><V83/><F83/><W117/><G63/><T108/><D87/><U69/><E69/><V96/><F119/><W53/><G53/><T133/><D79/><AGARI ba="0,0" hai="2,7,9,64,67,73,79,81,96,102,104" m="21927" machi="79" ten="30,1000,0" yaku="25,1" doraHai="135" who="2" fromWho="0" sc="70,-10,551,0,285,10,94,0" owari="60,-44.0,551,65.1,295,9.5,94,-30.6" /></mjloggm>