<mjloggm ver="2.3"><GO type="169" lobby="0"/><UN n0="%E6%9C%88%E5%A4%9C%E3%81%AB%E9%A2%A8" n1="%E4%B8%80%E8%93%AE%E5%B3%BB%E6%BD%A4" n2="%E7%94%98%E5%A4%8F%E3%81%BF%E3%81%8B%E3%82%93" n3="%E4%BA%8C%E6%8A%9E%E4%BA%BA" dan="16,17,16,16" rate="2067.96,2193.70,2151.72,2058.98" sx="M,M,M,F"/><TAIKYOKU oya="0"/><INIT seed="0,0,0,5,2,124" ten="250,250,250,250" oya="0" hai0="87,32,18,45,67,101,113,122,44,51,76,17,75" hai1="95,111,15,97,98,34,130,46,105,54,59,80,50" hai2="10,47,35,42,104,48,96,99,5,22,37,36,40" hai3="55,112,120,30,83,89,118,27,125,3,62,58,73"/><T7/><D113/><U6/><E34/><V131/><F35/><W0/><G112/><T61/><D122/><U79/><E111/><V1/><F22/><W9/><G118/><T60/><D75/><U119/><E119/><V82/><F104/><W132/><G125/><T81/><D32/><U24/><E24/><V92/><F82/><W94/><G132/><T117/><D117/><U57/><E105/><V33/><F33/><W11/><G120/><T116/><D7/><U77/><E98/><V53/><F99/><W43/><G0/><T12/><D101/><U63/><E130/><V2/><F2/><W109/><G43/><T41/><D116/><U115/><E115/><V110/><F110/><W29/><G3/><T21/><D67/><U20/><E59/><V88/><REACH who="2" step="1"/><F131/><REACH who="2" ten="250,250,240,250" step="2"/><W19/><G109/><T133/><D133/><U127/><E80/><V64/><F64/><W49/><G83/><T8/><REACH who="0" step="1"/><D44/><REACH who="0" ten="240,250,240,250" step="2"/><U78/><E127/><V107/><F107/><W16/><G29/><T56/><D56/><U91/><E46/><V28/><F28/><W86/><G30/><T23/><D23/><U26/><E20/><V123/><F123/><W72/><G58/><T14/><AGARI ba="0,2" hai="8,12,14,17,18,21,41,45,51,60,61,76,81,87" machi="14" ten="20,7800,0" yaku="1,1,0,1,7,1,8,1,53,0" doraHai="124" doraHaiUra="106" who="0" fromWho="0" sc="240,98,250,-26,240,-26,250,-26" /><INIT seed="0,1,0,1,0,74" ten="338,224,214,224" oya="0" hai0="121,17,61,127,107,3,106,59,19,14,44,68,15" hai1="132,46,30,96,91,34,114,81,6,75,26,50,126" hai2="10,128,90,13,110,98,79,125,69,38,120,29,12" hai3="70,76,47,23,131,62,41,40,51,28,67,5,134"/><T94/><D121/><U1/><E132/><V32/><F120/><W101/><G134/><T122/><D122/><U124/><E114/><V8/><F69/><W66/><G5/><T73/><D68/><U36/><E96/><V54/><F38/><W45/><G101/><T95/><D73/><U103/><E103/><V123/><F123/><W129/><G23/><T16/><D3/><U108/><E108/><V52/><F110/><W104/><G28/><T63/><D44/><U102/><E102/><V43/><F43/><W116/><G104/><T130/><D59/><U58/><E58/><V60/><F29/><W113/><G113/><T42/><D42/><N who="1" m="22855" /><E91/><V55/><F32/><W21/><G21/><T133/><D133/><U71/><E50/><V119/><F119/><W65/><G76/><T89/><D89/><U7/><E71/><V57/><F79/><W117/><G117/><T53/><D53/><U80/><E7/><V27/><F55/><W48/><G116/><T85/><D85/><U100/><E100/><V24/><F57/><W83/><G83/><T18/><D18/><U22/><E22/><V31/><F90/><W92/><G92/><T49/><D49/><U77/><E81/><V9/><F54/><W118/><G118/><T88/><D88/><U109/><E109/><V0/><F31/><W97/><G97/><T35/><D35/><U105/><E105/><V33/><F98/><W2/><G2/><T99/><D99/><U64/><E64/><AGARI ba="1,0" hai="40,41,45,47,48,51,62,64,65,66,67,70,129,131" machi="64" ten="40,8000,1" yaku="9,1,34,3" doraHai="74" who="3" fromWho="1" sc="338,0,224,-83,214,0,224,83" /><INIT seed="1,0,0,1,3,39" ten="338,141,214,307" oya="1" hai0="107,56,36,75,67,93,63,27,77,122,17,25,18" hai1="104,103,11,37,113,74,34,54,31,53,55,118,33" hai2="46,96,102,97,100,82,2,117,26,21,14,94,127" hai3="15,61,92,124,120,73,62,81,116,78,105,89,80"/><U1/><E113/><V60/><F117/><W87/><G120/><T91/><D122/><U38/><E118/><V109/><F2/><W45/><G124/><T49/><D107/><U84/><E74/><V86/><F127/><W24/><G105/><T83/><D36/><U65/><E65/><V57/><F109/><W129/><G129/><T43/><D27/><U70/><E70/><V7/><F46/><W101/><G24/><T12/><D25/><U41/><E31/><V123/><F123/><W42/><G15/><T133/><D133/><U132/><E132/><V40/><F40/><W112/><G112/><T13/><D12/><U114/><E114/><V111/><F7/><W59/><G59/><T66/><D67/><U69/><E69/><V5/><F5/><W50/><G116/><T48/><D43/><U4/><E38/><V130/><F111/><W20/><G20/><T131/><D18/><U10/><E10/><V115/><F14/><W128/><G128/><T121/><D121/><U126/><E126/><V135/><F130/><W98/><AGARI ba="0,0" hai="42,45,50,61,62,73,78,80,81,87,89,92,98,101" machi="98" ten="30,2000,0" yaku="0,1,52,1" doraHai="39" who="3" fromWho="3" sc="338,-5,141,-10,214,-5,307,20" /><INIT seed="2,0,0,5,1,92" ten="333,131,209,327" oya="2" hai0="32,25,117,60,93,9,34,66,95,35,84,5,74" hai1="126,79,135,17,36,59,63,37,89,112,113,108,29" hai2="48,8,131,88,68,81,70,6,16,133,130,128,54" hai3="24,76,87,109,44,21,19,123,65,31,124,75,105"/><V116/><F116/><W41/><G123/><T64/><D74/><U30/><E79/><V104/><F104/><W0/><G0/><T20/><D117/><U67/><E108/><V61/><F133/><W107/><G75/><T97/><D84/><U73/><E73/><V53/><F61/><W82/><G124/><T77/><D77/><U10/><E126/><V119/><F119/><W7/><G7/><T13/><D93/><U57/><E135/><V49/><F16/><W83/><G65/><T132/><D132/><U86/><E37/><V15/><F49/><W121/><G83/><T42/><D42/><U50/><E36/><V18/><F6/><W62/><G62/><T78/><D78/><U103/><E103/><V134/><F54/><W91/><G121/><T100/><REACH who="0" step="1"/><D60/><REACH who="0" ten="323,131,209,327" step="2"/><U96/><E86/><N who="2" m="50255" /><F134/><W99/><G109/><T120/><D120/><U38/><E63/><V40/><F40/><W23/><G76/><T115/><D115/><U114/><E114/><V98/><F98/><W11/><G99/><T127/><D127/><U22/><E96/><V90/><F90/><W55/><G41/><T1/><D1/><U122/><E89/><V56/><AGARI ba="0,1" hai="8,15,18,48,53,56,68,70,128,130,131" m="50255" machi="56" ten="30,3000,0" yaku="19,1,54,1" doraHai="92" who="2" fromWho="2" sc="323,-10,131,-10,209,40,327,-10" /><INIT seed="2,1,0,2,4,27" ten="313,121,249,317" oya="2" hai0="103,24,105,30,106,91,59,8,72,134,73,9,76" hai1="66,18,118,19,68,113,1,128,65,88,64,124,56" hai2="90,69,31,112,79,94,133,135,127,87,126,93,48" hai3="39,92,123,98,25,44,116,42,46,62,13,120,43"/><V82/><F69/><W117/><G13/><T77/><D134/><N who="2" m="51210" /><F48/><N who="3" m="26647" /><G25/><T107/><D103/><U78/><E118/><N who="3" m="45674" /><G92/><N who="2" m="35433" /><F31/><W58/><G98/><T85/><D59/><U17/><E68/><V33/><F33/><W28/><G28/><T7/><D91/><U99/><E113/><V45/><F45/><W37/><G37/><T2/><D9/><U101/><E1/><V129/><F112/><W125/><G125/><N who="2" m="47625" /><F129/><W16/><G16/><T23/><REACH who="0" step="1"/><D85/><REACH who="0" ten="303,121,249,317" step="2"/><U122/><E56/><V97/><F97/><W10/><G10/><T61/><D61/><U131/><E124/><V104/><F104/><W132/><G132/><T35/><D35/><U74/><E99/><V130/><F130/><W52/><AGARI ba="1,1" hai="39,43,46,52,58,62,120,123" m="45674,26647" machi="52" ten="30,4000,0" yaku="34,2,54,1" doraHai="27" who="3" fromWho="3" sc="303,-11,121,-11,249,-21,317,53" /><INIT seed="3,0,0,2,2,5" ten="292,110,228,370" oya="3" hai0="8,114,101,124,99,14,53,80,50,135,95,24,3" hai1="25,9,69,121,102,46,134,119,82,84,66,6,13" hai2="105,22,54,15,55,86,41,94,70,85,38,79,39" hai3="111,2,68,133,20,67,37,40,108,64,0,113,107"/><W34/><G113/><T36/><D36/><U26/><E121/><V23/><F105/><W123/><G123/><T59/><D114/><U116/><E134/><V96/><F70/><W132/><G34/><T89/><D135/><N who="3" m="51785" /><G107/><T104/><D124/><U7/><E102/><V4/><F41/><W103/><G103/><T29/><D3/><N who="3" m="1065" /><G20/><T106/><D101/><U45/><E69/><V51/><F23/><W98/><G98/><T115/><D115/><U21/><E116/><V56/><F96/><W130/><G130/><T73/><D73/><U28/><E119/><V87/><F22/><W35/><G35/><T126/><D126/><U12/><E26/><V18/><F86/><W125/><G125/><T109/><D106/><U91/><REACH who="1" step="1"/><E66/><REACH who="1" ten="292,100,228,370" step="2"/><V57/><F79/><W33/><G67/><T120/><D120/><U76/><E76/><V61/><F94/><W52/><G64/><T43/><D104/><U118/><E118/><V81/><F81/><W117/><G68/><T27/><D80/><U63/><E63/><V78/><F78/><W128/><G117/><T122/><D122/><U92/><E92/><V32/><F61/><W48/><G128/><T90/><D95/><U100/><E100/><V49/><F87/><W83/><G83/><T93/><D93/><U10/><AGARI ba="0,1" hai="6,7,9,10,12,13,21,25,28,45,46,82,84,91" machi="10" ten="30,12000,2" yaku="1,1,0,1,9,1,8,1,52,2,53,0" doraHai="5" doraHaiUra="127" who="1" fromWho="1" sc="292,-30,100,130,228,-30,370,-60" /><INIT seed="4,0,0,2,1,0" ten="262,230,198,310" oya="0" hai0="107,13,132,128,31,7,64,25,18,26,81,48,24" hai1="33,72,22,116,36,69,37,30,2,78,90,113,47" hai2="129,45,75,8,126,96,51,74,122,38,43,17,32" hai3="27,50,119,105,88,54,9,15,56,3,130,97,11"/><T125/><D107/><U42/><E116/><V55/><F122/><W23/><G119/><T135/><D64/><U16/><E69/><V112/><F32/><W84/><G130/><T131/><D81/><U76/><E37/><V123/><F123/><W82/><G3/><T127/><D7/><U49/><E113/><V67/><F129/><N who="0" m="49738" /><D48/><U62/><E62/><V21/><F112/><W20/><G9/><N who="0" m="6447" /><D31/><U40/><E2/><V29/><F67/><W35/><G105/><T108/><D108/><U117/><E117/><V80/><F29/><W85/><G97/><T86/><D86/><U118/><E72/><V87/><F8/><W14/><G84/><T6/><D6/><U4/><E4/><V71/><F96/><W77/><G11/><T57/><D57/><U100/><E36/><V111/><F71/><W1/><G50/><T103/><D103/><U10/><E100/><V66/><F66/><W34/><G56/><T12/><D12/><N who="1" m="9479" /><E10/><V101/><F101/><W68/><G1/><T95/><D95/><U133/><E118/><V41/><F111/><W120/><G14/><T83/><D83/><U19/><E19/><V94/><F38/><W99/><G68/><T79/><D79/><U91/><E78/><V134/><F75/><W52/><G77/><T92/><D92/><U44/><E76/><V63/><F94/><W46/><G82/><T104/><D104/><U121/><E121/><V61/><F74/><W28/><G28/><T73/><D73/><U114/><E114/><V65/><F80/><W53/><G120/><T89/><D89/><U5/><E91/><RYUUKYOKU ba="0,0" sc="262,30,230,-10,198,-10,310,-10" hai0="24,25,26,125,127,132,135" /><INIT seed="4,1,0,1,1,71" ten="292,220,188,300" oya="0" hai0="79,119,132,15,65,11,58,114,3,100,41,74,120" hai1="40,106,64,50,76,121,98,63,59,32,70,38,118" hai2="20,13,28,96,2,37,131,54,61,101,33,25,10" hai3="69,109,46,89,21,112,23,31,103,47,84,126,57"/><T135/><D119/><U42/><E32/><V9/><F131/><W19/><G69/><T72/><D120/><U133/><E76/><V90/><F90/><W27/><G109/><T34/><D114/><U4/><E4/><V43/><F2/><W66/><G126/><T45/><D34/><U6/><E6/><V48/><F61/><W8/><G8/><T16/><D3/><U87/><E87/><V36/><F43/><W85/><G103/><T123/><D100/><U127/><E98/><V56/><F10/><W93/><G112/><T1/><D1/><U110/><E106/><V53/><F53/><W0/><G0/><T22/><D123/><U30/><E30/><V81/><F81/><W108/><G108/><T14/><D58/><U92/><E92/><V68/><F68/><W97/><G84/><T125/><D65/><U128/><E110/><V26/><F26/><W124/><G124/><T55/><D55/><N who="1" m="32247" /><E121/><V73/><F73/><W116/><G85/><T122/><D125/><U111/><E111/><V75/><F75/><W130/><G116/><T60/><D122/><U39/><E127/><V52/><F54/><W104/><G104/><T29/><D29/><U113/><E118/><V78/><F78/><W95/><G95/><T129/><D79/><U5/><E113/><V115/><F33/><W24/><G130/><T77/><D129/><U35/><E128/><V117/><F115/><W91/><G89/><T80/><D74/><U67/><E70/><V134/><F117/><W83/><G83/><T88/><D80/><U12/><E5/><V107/><F134/><RYUUKYOKU ba="1,0" sc="292,-15,220,-15,188,15,300,15" hai2="9,13,20,25,28,36,37,48,52,56,96,101,107" hai3="19,21,23,24,27,31,46,47,57,66,91,93,97" /><INIT seed="5,2,0,1,1,60" ten="277,205,203,315" oya="1" hai0="54,40,82,68,83,62,39,7,53,28,75,52,21" hai1="127,109,120,22,88,49,55,113,117,69,25,2,26" hai2="36,14,81,102,123,6,121,44,9,51,96,91,73" hai3="126,1,15,103,11,90,124,76,128,63,46,61,107"/><U80/><E117/><V18/><F36/><W35/><G1/><T104/><D104/><U47/><E120/><V33/><F33/><W31/><G76/><T106/><D106/><U108/><E2/><V72/><F6/><W116/><G128/><T74/><D7/><U118/><E118/><V8/><F8/><W42/><G116/><T77/><D40/><U95/><E127/><N who="3" m="48682" /><G90/><T79/><D39/><U5/><E5/><V130/><F130/><W23/><G23/><T100/><D100/><U65/><E80/><V27/><F27/><N who="3" m="18943" /><G103/><T56/><D68/><U48/><E113/><V115/><F115/><W112/><G107/><T17/><REACH who="0" step="1"/><D28/><REACH who="0" ten="267,205,203,315" step="2"/><U34/><E109/><V24/><F102/><W41/><G41/><T57/><D57/><U12/><E108/><V85/><F123/><W20/><G112/><T50/><D50/><U129/><E49/><V114/><F114/><W4/><G61/><T125/><D125/><U101/><E101/><V70/><F121/><W92/><G63/><T135/><D135/><U32/><E129/><V59/><F70/><W110/><G42/><T29/><D29/><U131/><E131/><V87/><F59/><W10/><G110/><T16/><D16/><N who="1" m="10503" /><E69/><V38/><F38/><W97/><G4/><T0/><D0/><U89/><E48/><V93/><F51/><W98/><G46/><T43/><D43/><U30/><E47/><V99/><F44/><W64/><G15/><AGARI ba="2,1" hai="15,17,21,52,53,54,56,62,74,75,77,79,82,83" machi="15" ten="30,12000,2" yaku="1,1,7,1,9,1,54,1,53,2" doraHai="60" doraHaiUra="78" who="0" fromWho="3" sc="267,136,205,0,203,0,315,-126" /><INIT seed="6,0,0,4,5,58" ten="403,205,203,189" oya="2" hai0="67,96,133,17,55,78,102,7,86,0,15,119,59" hai1="110,1,100,20,19,5,79,106,91,117,69,108,49" hai2="65,66,53,109,27,77,74,51,4,135,88,94,81" hai3="46,95,18,33,120,54,68,89,39,63,25,115,38"/><V72/><F135/><W128/><G120/><T101/><D119/><U70/><E117/><V34/><F109/><W93/><G128/><T116/><D133/><U92/><E79/><V9/><F74/><W131/><G131/><T52/><D0/><U118/><E118/><V47/><F27/><W114/><G93/><N who="0" m="58511" /><D102/><U43/><E100/><V60/><F34/><W31/><G18/><T36/><D36/><U71/><E106/><V90/><F94/><W8/><G8/><T124/><D7/><U73/><E73/><V14/><REACH who="2" step="1"/><F66/><REACH who="2" ten="403,205,193,189" step="2"/><W56/><G68/><AGARI ba="0,1" hai="4,9,14,47,51,53,60,65,68,72,77,81,88,90" machi="68" ten="30,12000,1" yaku="1,1,2,1,7,1,52,1,54,1,53,0" doraHai="58" doraHaiUra="23" who="2" fromWho="3" sc="403,0,205,0,193,130,189,-120" /><INIT seed="6,1,0,2,0,80" ten="403,205,323,69" oya="2" hai0="88,78,94,1,119,46,9,37,28,105,76,77,83" hai1="21,99,25,123,125,44,64,70,36,42,121,27,20" hai2="122,8,26,10,135,85,124,95,134,16,11,56,79" hai3="103,32,68,48,114,109,17,116,117,41,39,100,35"/><V12/><F122/><W131/><G68/><T33/><D105/><U120/><E125/><V132/><F124/><W7/><G109/><T45/><D119/><U69/><E99/><V108/><F108/><W91/><G39/><T118/><D118/><U13/><E13/><V31/><F56/><W75/><G75/><N who="0" m="43423" /><D28/><U115/><E115/><V22/><F79/><W52/><G41/><N who="0" m="22703" /><D46/><U126/><E126/><V129/><F129/><W101/><G7/><N who="0" m="1263" /><D33/><U93/><E93/><V112/><F112/><W82/><G114/><T74/><D74/><U40/><E64/><V57/><F57/><W97/><G131/><T71/><D71/><U19/><REACH who="1" step="1"/><E42/><REACH who="1" ten="403,195,323,69" step="2"/><V30/><F12/><W133/><G116/><T0/><D0/><U61/><E61/><V89/><AGARI ba="1,1" hai="8,10,11,16,22,26,30,31,85,89,95,132,134,135" machi="89" ten="40,12000,1" yaku="0,1,20,1,52,1,54,1" doraHai="80" who="2" fromWho="2" sc="403,-41,195,-41,323,133,69,-41" /><INIT seed="6,2,0,0,4,109" ten="362,154,456,28" oya="2" hai0="127,6,53,28,87,57,42,48,97,30,125,80,73" hai1="62,39,68,24,82,113,61,119,81,9,52,86,72" hai2="14,135,1,79,46,65,102,10,2,130,66,123,93" hai3="37,88,98,18,74,25,0,131,77,111,90,69,50"/><V43/><F123/><W7/><G111/><T85/><D73/><U16/><E119/><V84/><F135/><W64/><G37/><T117/><D117/><U15/><E39/><V23/><F130/><W40/><G131/><T11/><D97/><U22/><E68/><V47/><F2/><W55/><G40/><T101/><D101/><U26/><E72/><V100/><F47/><W89/><G0/><T49/><D87/><U44/><E113/><V104/><F1/><W31/><G7/><T105/><D105/><U54/><E26/><V134/><F23/><W4/><G4/><T126/><D49/><U124/><E124/><V60/><F66/><W70/><G18/><T56/><D57/><U110/><E110/><V35/><F35/><W128/><G128/><T122/><D42/><U12/><E12/><V95/><F95/><W118/><G118/><T51/><D51/><U96/><E96/><V13/><F14/><W71/><G64/><T112/><D122/><U114/><E114/><V115/><F104/><W108/><G108/><T59/><D59/><U20/><E20/><V41/><F115/><W99/><G77/><N who="0" m="46223" /><D112/><U75/><E75/><V45/><F43/><W32/><REACH who="3" step="1"/><G74/><REACH who="3" ten="362,154,456,18" step="2"/><T107/><D6/><U120/><E120/><V33/><F41/><W129/><G129/><T106/><D126/><U58/><E16/><V83/><F65/><W67/><G67/><T92/><D127/><U19/><E19/><V94/><F79/><W103/><G103/><T34/><D125/><U91/><E54/><V132/><F102/><W5/><G5/><T8/><D53/><RYUUKYOKU ba="2,1" sc="362,-10,154,-10,456,-10,18,30" hai3="25,31,32,50,55,69,70,71,88,89,90,98,99" /><INIT seed="7,3,1,5,1,134" ten="352,144,446,48" oya="3" hai0="123,71,10,72,92,81,14,51,35,114,102,131,105" hai1="88,53,83,28,80,99,117,110,2,78,12,60,8" hai2="135,103,68,4,32,115,118,69,25,93,31,128,122" hai3="61,108,42,56,33,133,16,46,84,111,65,94,127"/><W40/><G33/><T58/><D123/><U22/><E110/><N who="3" m="42026" /><G133/><T89/><D71/><U67/><E117/><V57/><F118/><W116/><G116/><T64/><D35/><U121/><E121/><V106/><F106/><W129/><G129/><T120/><D131/><U74/><E53/><V73/><F73/><W91/><G16/><T100/><D114/><U132/><E132/><V18/><F135/><W48/><G40/><T6/><D105/><U82/><E2/><V26/><F115/><W30/><G30/><T77/><D120/><U1/><E1/><V34/><F18/><W66/><G66/><T112/><D112/><U9/><E28/><V79/><F4/><W96/><G96/><T39/><D39/><U95/><E22/><V41/><F41/><W15/><G15/><T101/><D64/><U55/><E55/><V119/><F31/><W17/><G17/><T11/><D11/><U87/><E9/><V124/><F128/><W44/><G44/><T45/><D45/><U47/><E47/><V109/><F109/><W43/><G43/><T24/><D14/><U21/><E21/><V126/><F119/><W98/><G98/><T29/><D29/><U38/><E38/><V23/><F32/><W5/><G5/><T113/><D10/><U104/><E8/><V37/><F122/><W130/><G130/><T76/><D6/><U27/><E12/><V54/><F34/><W107/><G107/><T52/><D113/><U125/><E104/><V7/><F23/><W3/><G3/><T63/><D52/><U97/><E67/><V50/><F54/><RYUUKYOKU ba="3,1" sc="352,-10,144,-10,446,-10,48,30" hai3="42,46,48,56,61,65,84,91,94,127" /><INIT seed="7,4,1,1,3,65" ten="342,134,436,78" oya="3" hai0="103,66,134,112,38,19,1,84,126,100,116,130,0" hai1="83,63,36,60,108,88,128,62,52,47,94,42,23" hai2="29,57,107,34,95,73,27,117,18,89,20,33,53" hai3="104,72,109,106,111,25,43,28,13,123,98,90,21"/><W131/><G123/><T58/><D116/><U120/><E108/><N who="3" m="41546" /><G72/><T132/><D38/><U41/><E120/><V85/><F117/><W119/><G119/><T133/><D126/><U40/><E128/><V7/><F107/><N who="3" m="41003" /><G43/><T39/><D130/><U99/><E52/><V67/><F73/><W110/><N who="3" m="41554" /><W71/><DORA hai="102" /><G131/><T51/><D39/><U78/><REACH who="1" step="1"/><E23/><REACH who="1" ten="342,124,436,78" step="2"/><V4/><F53/><W70/><G13/><T12/><D12/><U14/><E14/><V44/><F34/><W5/><G5/><T16/><D133/><U35/><E35/><V81/><F33/><W17/><G17/><T22/><D132/><U31/><E31/><V32/><F29/><W9/><G9/><T46/><D134/><U93/><E93/><AGARI ba="4,2" hai="21,25,28,70,71,90,93,98" m="41003,41554" machi="93" ten="50,18000,2" yaku="10,1,52,5" doraHai="65,102" who="3" fromWho="1" sc="342,0,124,-192,436,0,78,212" owari="342,14.2,-68,-56.8,436,53.6,290,-11.0" /></mjloggm>