<mjloggm ver="2.3"><GO type="169" lobby="0"/><UN n0="%E3%82%80%E3%83%BC%E3%82%93%E3%81%82%E3%81%84%E3%81%9A" n1="%E5%A7%AB%E7%95%99" n2="%2D%E8%B1%8A%E5%8F%A3%E3%82%81%E3%81%90%E3%81%BF%2D" n3="%73%61%6E%67%6F%64%64%6F" dan="16,16,17,17" rate="2121.98,2124.73,2178.58,2171.76" sx="M,M,F,M"/><TAIKYOKU oya="0"/><INIT seed="0,0,0,5,3,82" ten="250,250,250,250" oya="0" hai0="23,92,19,122,71,124,135,109,88,111,134,25,7" hai1="56,15,77,98,44,49,112,116,80,97,4,78,0" hai2="102,84,91,41,130,24,70,6,59,79,83,37,57" hai3="66,11,95,22,54,60,29,73,21,114,9,20,17"/><T47/><D122/><U46/><E116/><V99/><F70/><W62/><G73/><T87/><D124/><U45/><E0/><V18/><F130/><W67/><G114/><T118/><D118/><U31/><E112/><V33/><F6/><W28/><G95/><T38/><D71/><U26/><E4/><V126/><F126/><W120/><G120/><T133/><D7/><U3/><E15/><V52/><F41/><AGARI ba="0,0" hai="19,23,25,38,41,47,87,88,92,109,111,133,134,135" machi="41" ten="50,9600,0" yaku="20,1,52,1,54,1" doraHai="82" who="0" fromWho="2" sc="250,96,250,0,250,-96,250,0" /><INIT seed="0,1,0,1,5,111" ten="346,250,154,250" oya="0" hai0="91,70,64,126,122,113,89,26,46,49,100,95,28" hai1="132,104,74,31,133,43,66,51,57,37,42,128,12" hai2="16,17,101,125,68,35,114,40,79,36,83,84,93" hai3="81,130,55,92,98,19,13,15,106,24,87,94,109"/><T131/><D122/><U99/><E74/><V34/><F68/><W112/><G109/><T8/><D131/><U54/><E128/><V116/><F114/><W18/><G130/><T115/><D126/><U71/><E31/><V73/><F125/><W52/><G24/><T78/><D78/><U23/><E23/><V127/><F127/><W22/><G106/><T2/><D100/><U10/><E37/><V5/><F116/><W86/><G112/><T107/><D107/><U96/><E66/><V53/><F5/><W32/><G32/><T72/><D72/><U60/><E71/><V103/><F103/><W110/><G110/><T41/><D91/><U120/><E120/><V67/><F67/><W33/><G33/><T82/><D82/><U129/><E129/><V50/><F35/><W80/><G22/><T30/><D30/><U76/><E76/><V6/><F6/><W90/><G90/><T63/><D8/><U11/><E11/><V21/><F34/><W39/><G39/><T85/><D2/><U56/><E104/><V62/><F36/><W58/><G58/><T3/><D3/><U108/><E108/><V29/><F73/><W77/><G77/><T121/><D121/><U134/><E43/><V123/><F123/><W20/><G20/><AGARI ba="1,0" hai="20,26,28,41,46,49,63,64,70,85,89,95,113,115" machi="20" ten="30,5800,0" yaku="7,1,52,2" doraHai="111" who="0" fromWho="3" sc="346,61,250,0,154,0,250,-61" /><INIT seed="0,2,0,1,0,32" ten="407,250,154,189" oya="0" hai0="68,104,86,69,106,0,28,70,56,80,102,44,81" hai1="57,53,8,47,51,26,42,100,125,126,115,13,78" hai2="110,113,19,97,119,107,95,38,34,6,23,89,75" hai3="11,130,117,10,91,9,72,116,20,41,21,74,48"/><T88/><D28/><U71/><E71/><V24/><F113/><W92/><G130/><T12/><D0/><U63/><E115/><V67/><F110/><W93/><G48/><T29/><D29/><U84/><E100/><V52/><F34/><W129/><G129/><T87/><D102/><U94/><E26/><V98/><F38/><W127/><G41/><T39/><D56/><U96/><E96/><V122/><F122/><W22/><G127/><T85/><D12/><U36/><E94/><N who="3" m="36458" /><G91/><T45/><D39/><U15/><E36/><V112/><F75/><AGARI ba="2,0" hai="9,10,11,20,21,22,72,74,75,116,117" m="36458" machi="75" ten="40,2600,0" yaku="28,2" doraHai="32" who="3" fromWho="2" sc="407,0,250,0,154,-32,189,32" /><INIT seed="1,0,0,3,1,126" ten="407,250,122,221" oya="1" hai0="18,39,65,66,55,20,25,16,63,101,129,58,84" hai1="49,12,21,56,103,135,95,86,2,100,4,38,109" hai2="60,37,54,89,93,125,13,23,15,35,30,14,121" hai3="11,79,33,67,29,7,50,3,102,106,53,118,88"/><U45/><E2/><V76/><F121/><W47/><G79/><T73/><D73/><U107/><E107/><V0/><F37/><W113/><G113/><T105/><D39/><U131/><E135/><V92/><F0/><W44/><G118/><T68/><D129/><U28/><E38/><V83/><F35/><W22/><G67/><T97/><D84/><U112/><E56/><V26/><F125/><W70/><G70/><T5/><D5/><U132/><E132/><V75/><F93/><W9/><G33/><T34/><D34/><U81/><E112/><V115/><F115/><W69/><G69/><T122/><D122/><U128/><E109/><V59/><REACH who="2" step="1"/><F15/><REACH who="2" ten="407,250,112,221" step="2"/><W127/><G127/><T27/><D68/><U36/><E95/><V94/><F94/><W119/><G3/><T71/><D71/><U117/><E36/><V108/><F108/><W42/><G106/><T74/><D105/><U1/><E117/><V85/><AGARI ba="0,1" hai="13,14,23,26,30,54,59,60,75,76,83,85,89,92" machi="85" ten="20,2700,0" yaku="1,1,0,1,7,1,53,0" doraHai="126" doraHaiUra="130" who="2" fromWho="2" sc="407,-7,250,-13,112,37,221,-7" /><INIT seed="2,0,0,0,4,22" ten="400,237,149,214" oya="2" hai0="28,63,52,92,32,26,30,45,108,110,58,29,124" hai1="1,76,44,127,120,125,23,97,135,31,65,10,130" hai2="41,19,119,82,94,38,118,2,50,74,27,109,79" hai3="37,100,84,126,36,90,73,11,67,25,134,75,86"/><V8/><F50/><W57/><G126/><N who="1" m="48138" /><E76/><V49/><F49/><W15/><G134/><T88/><D45/><U46/><E135/><V54/><F54/><W12/><G100/><T96/><REACH who="0" step="1"/><D124/><REACH who="0" ten="390,237,149,214" step="2"/><U35/><E46/><N who="2" m="23863" /><F109/><AGARI ba="0,1" hai="26,28,29,30,32,52,58,63,88,92,96,108,109,110" machi="109" ten="40,8000,1" yaku="1,1,14,1,52,1,54,2,53,0" doraHai="22" doraHaiUra="0" who="0" fromWho="2" sc="390,90,237,0,149,-80,214,0" /><INIT seed="3,0,0,4,5,45" ten="480,237,69,214" oya="3" hai0="44,121,31,3,107,92,15,1,76,59,47,52,20" hai1="62,64,135,81,69,2,29,112,132,115,133,33,61" hai2="124,78,73,7,118,68,37,16,90,0,48,127,77" hai3="130,106,51,8,93,117,42,28,108,126,75,63,26"/><W56/><G117/><T128/><D107/><U22/><E2/><V105/><F37/><W125/><G106/><T113/><D121/><U102/><E61/><V36/><F36/><W50/><G75/><T72/><D128/><U55/><E81/><V53/><F68/><W13/><G42/><T18/><D113/><U120/><E120/><V66/><F66/><W129/><G93/><T96/><D1/><U97/><E22/><V40/><F40/><W21/><G108/><T100/><D3/><U32/><E55/><V43/><F43/><W67/><G129/><T99/><D31/><U119/><E119/><V4/><F105/><W98/><G98/><T38/><D38/><U5/><E5/><N who="2" m="2123" /><F90/><W70/><G70/><T23/><D99/><U104/><E33/><V89/><F89/><W9/><G130/><T111/><D111/><U11/><E11/><N who="3" m="4170" /><G13/><T39/><D39/><U35/><E35/><V116/><F73/><W80/><G80/><T19/><D72/><U25/><AGARI ba="0,0" hai="25,29,32,62,64,69,97,102,104,112,115,132,133,135" machi="25" ten="40,12000,2" yaku="0,1,25,2,20,1,23,2" doraHai="45" who="1" fromWho="1" sc="480,-30,237,120,69,-30,214,-60" /><INIT seed="4,0,0,2,0,63" ten="450,357,39,154" oya="0" hai0="85,124,57,35,54,93,39,8,37,81,2,82,90" hai1="1,126,91,34,116,112,79,16,134,3,32,49,62" hai2="94,25,24,106,131,22,61,88,18,132,121,111,5" hai3="76,38,0,100,55,87,123,11,40,21,109,30,65"/><T122/><D35/><U119/><E79/><V86/><F121/><W97/><G123/><T69/><D69/><U129/><E49/><V14/><F111/><W17/><G109/><T7/><D122/><U42/><E42/><V33/><F131/><W52/><G40/><T4/><D124/><U84/><E129/><V51/><F132/><W128/><G38/><T103/><D7/><U28/><E126/><V23/><F106/><W15/><G128/><T58/><D58/><U113/><E134/><V45/><F5/><W20/><G20/><T6/><D6/><U135/><E62/><V67/><F33/><N who="1" m="12905" /><E28/><V92/><F92/><N who="3" m="58407" /><G0/><N who="1" m="74" /><E135/><V26/><F23/><W110/><G110/><T83/><REACH who="0" step="1"/><D103/><REACH who="0" ten="440,357,39,154" step="2"/><U115/><E116/><V125/><F125/><W53/><G30/><T105/><D105/><U78/><E119/><V95/><F95/><W48/><G21/><T117/><D117/><U120/><E120/><V47/><REACH who="2" step="1"/><F51/><AGARI ba="0,1" hai="2,4,8,37,39,51,54,57,81,82,83,85,90,93" machi="51" ten="40,7700,0" yaku="1,1,53,2" doraHai="63" doraHaiUra="71" who="0" fromWho="2" sc="440,87,357,0,39,-77,154,0" owari="527,62.7,357,15.7,-38,-53.8,154,-24.6" /></mjloggm>