<mjloggm ver="2.3"><GO type="169" lobby="0"/><UN n0="%E3%83%9E%E3%83%AD%E3%81%A8%E3%82%B8%E3%83%BC%E3%83%8E" n1="%52%59%4F%40%53%53" n2="%74%2E%6F%2E%6F%2E%73" n3="%E7%91%9E%E5%8E%9F%E3%83%B4%E3%82%A1%E3%82%AE%E3%83%8A" dan="16,17,17,16" rate="2133.93,2160.49,2135.94,2050.31" sx="M,M,M,M"/><TAIKYOKU oya="0"/><INIT seed="0,0,0,1,1,53" ten="250,250,250,250" oya="0" hai0="54,65,46,10,130,135,52,133,16,87,44,82,34" hai1="62,39,4,48,117,89,77,7,108,116,61,72,45" hai2="26,105,79,6,19,28,71,42,13,96,84,97,99" hai3="69,49,59,41,30,43,50,80,32,11,1,12,57"/><T93/><D34/><U67/><E108/><V74/><F71/><W113/><G69/><T114/><D114/><U107/><E107/><V128/><F128/><W29/><G1/><T60/><D130/><U3/><E89/><V98/><F74/><W25/><G113/><T95/><D46/><U102/><E102/><V78/><F6/><W14/><G80/><T115/><D115/><U68/><E62/><V112/><F112/><W2/><G2/><T111/><D111/><U27/><E27/><V9/><F42/><W125/><G125/><T17/><D133/><U121/><E121/><V47/><F47/><W83/><G83/><T21/><D10/><N who="1" m="2335" /><E7/><V75/><F75/><W103/><G103/><T38/><D135/><U76/><E48/><V123/><N who="2" m="24576" /><DORA hai="70" /><V18/><F105/><W88/><G25/><N who="0" m="14503" /><D17/><U129/><E77/><V22/><F123/><W126/><G126/><T56/><D38/><U15/><E15/><V20/><REACH who="2" step="1"/><F84/><REACH who="2" ten="250,250,240,250" step="2"/><W118/><G43/><T110/><D110/><U134/><E129/><V94/><F94/><N who="0" m="35850" /><D44/><U109/><E109/><V106/><F106/><W5/><G5/><T63/><D63/><U37/><E134/><V73/><F73/><W90/><G41/><T122/><D122/><U119/><E45/><V0/><F0/><W36/><G36/><N who="1" m="13898" /><E119/><V81/><F81/><AGARI ba="0,1" hai="61,67,68,72,76,81,116,117" m="13898,2335" machi="81" ten="30,7700,0" yaku="23,1,52,3" doraHai="53,70" who="1" fromWho="2" sc="250,0,250,87,240,-77,250,0" /><INIT seed="1,0,0,5,1,108" ten="250,337,163,250" oya="1" hai0="72,69,57,18,121,93,73,117,24,87,12,15,11" hai1="122,125,135,111,102,38,95,6,67,28,50,26,44" hai2="39,19,91,66,65,54,30,5,13,71,133,14,51" hai3="120,98,20,127,52,56,3,4,59,81,80,29,23"/><U84/><E122/><V62/><F39/><W90/><G120/><T36/><D117/><U76/><E125/><V100/><F133/><W25/><G127/><T33/><D121/><U55/><E135/><V17/><F100/><W94/><G59/><T126/><D126/><U9/><E38/><V49/><F30/><W134/><G134/><T53/><D69/><U78/><E67/><V113/><F66/><W106/><G106/><T60/><D36/><U101/><E111/><V118/><F118/><W96/><G96/><T112/><D112/><U35/><E84/><V132/><F132/><W74/><G74/><T109/><D109/><U68/><E68/><V129/><F129/><W42/><G42/><T119/><D119/><U75/><E75/><V47/><F113/><W58/><G58/><T86/><D86/><U88/><E102/><V0/><F0/><W99/><G99/><T85/><D85/><U115/><E101/><V123/><F123/><W107/><G107/><T45/><D45/><U27/><E27/><V116/><F116/><W41/><G41/><T92/><D92/><U7/><E7/><V21/><F51/><W2/><G23/><T77/><D15/><N who="1" m="5559" /><E115/><V40/><F5/><W70/><G70/><T64/><D64/><U16/><E78/><V104/><F104/><W130/><G130/><T48/><D73/><U105/><E76/><V22/><REACH who="2" step="1"/><F40/><REACH who="2" ten="250,337,153,250" step="2"/><W63/><G4/><T79/><D48/><U31/><E105/><V37/><F37/><W61/><G61/><T83/><D60/><U103/><E50/><V131/><F131/><W97/><G2/><RYUUKYOKU ba="0,1" sc="250,-10,337,-10,153,30,250,-10" hai2="13,14,17,19,21,22,47,49,54,62,65,71,91" /><INIT seed="2,1,1,0,1,116" ten="240,327,183,240" oya="2" hai0="130,111,50,53,64,54,33,11,87,19,109,60,78" hai1="66,113,28,125,32,131,99,36,102,2,5,48,29" hai2="31,124,65,93,85,38,24,20,68,105,8,106,9" hai3="81,84,114,73,135,57,18,123,82,35,58,133,95"/><V67/><F38/><W42/><G35/><T10/><D33/><U69/><E113/><V21/><F124/><W47/><G114/><T117/><D117/><U49/><E125/><V91/><F105/><W27/><G27/><T120/><D130/><U76/><E36/><V100/><F68/><W97/><G73/><T16/><D120/><U15/><E2/><V132/><F132/><N who="3" m="50763" /><G18/><N who="0" m="6699" /><D78/><U44/><E76/><V70/><F21/><W63/><G123/><T80/><D87/><U23/><E32/><V75/><F75/><W127/><G84/><T101/><D101/><U46/><E66/><V121/><F121/><W103/><G127/><T30/><D80/><N who="3" m="30825" /><G63/><T96/><D96/><U6/><E99/><V112/><F112/><W52/><G52/><N who="0" m="20075" /><D30/><U74/><E29/><V56/><F70/><W79/><G79/><T128/><D50/><AGARI ba="1,1" hai="42,47,50,57,58,95,97,103" m="30825,50763" machi="50" ten="30,1000,0" yaku="20,1" doraHai="116" who="3" fromWho="0" sc="240,-13,327,0,183,0,240,23" /><INIT seed="3,0,0,3,4,83" ten="227,327,183,263" oya="3" hai0="45,46,9,123,116,85,102,48,80,94,93,31,53" hai1="27,64,14,135,114,21,91,55,111,42,6,3,35" hai2="41,74,30,84,68,112,7,87,11,5,105,69,47" hai3="12,4,24,17,40,54,124,0,38,18,13,88,119"/><W110/><G119/><T79/><D116/><U25/><E114/><V97/><F112/><W65/><G65/><T44/><D123/><U51/><E111/><V34/><F74/><W113/><G113/><T100/><D31/><U66/><E42/><V50/><F5/><W81/><G110/><T127/><D127/><U37/><E37/><V78/><F34/><W96/><G124/><T109/><D109/><U59/><E135/><V77/><F30/><W130/><G130/><T10/><D100/><U108/><E108/><V104/><F77/><W39/><G24/><T62/><D62/><U1/><E1/><V26/><F26/><W67/><G67/><T71/><D71/><U57/><E3/><V118/><F118/><W70/><G70/><T63/><D63/><U20/><E35/><V117/><F117/><W82/><G0/><T122/><D122/><U60/><E66/><V8/><F8/><N who="0" m="3178" /><D102/><U32/><E32/><V101/><F105/><W129/><G4/><T95/><AGARI ba="0,0" hai="44,45,46,48,53,79,80,85,93,94,95" m="3178" machi="95" ten="30,2000,0" yaku="8,1,52,1" doraHai="83" who="0" fromWho="0" sc="227,20,327,-5,183,-5,263,-10" /><INIT seed="4,0,0,2,5,93" ten="247,322,178,253" oya="0" hai0="25,22,70,37,34,13,31,96,55,99,75,107,11" hai1="24,54,135,28,38,3,67,77,133,64,111,1,23" hai2="9,63,19,97,18,33,51,94,125,76,86,124,57" hai3="72,128,114,47,44,68,101,5,110,129,53,79,91"/><T100/><D75/><U62/><E111/><V118/><F33/><W0/><G110/><T132/><D132/><N who="1" m="50763" /><E38/><V122/><F51/><W29/><G68/><T43/><D70/><N who="1" m="42263" /><E67/><V21/><F122/><W50/><G114/><T59/><D34/><U81/><E54/><V108/><F108/><W66/><G66/><T105/><D37/><U112/><E112/><V89/><F118/><W15/><G0/><T87/><D43/><U48/><E48/><V115/><F115/><W69/><G69/><T126/><D126/><N who="2" m="48746" /><F9/><N who="3" m="4527" /><G101/><T113/><D113/><U82/><E82/><N who="2" m="47431" /><F21/><W134/><G134/><T123/><D123/><U80/><E80/><V84/><F84/><AGARI ba="0,0" hai="1,3,23,24,28,77,81,84" m="42263,50763" machi="84" ten="30,1000,0" yaku="20,1" doraHai="93" who="1" fromWho="2" sc="247,0,322,10,178,-10,253,0" /><INIT seed="5,0,0,3,5,114" ten="247,332,168,253" oya="1" hai0="59,132,34,9,62,60,94,42,119,64,13,6,117" hai1="27,10,52,112,5,30,108,98,92,116,76,109,41" hai2="16,48,111,29,91,99,14,105,75,23,37,8,18" hai3="101,124,57,49,128,125,66,79,32,44,21,122,90"/><U67/><E112/><V134/><F134/><W133/><G122/><T70/><D132/><U53/><E67/><V102/><F37/><W120/><G120/><T73/><D34/><U113/><E41/><V82/><F111/><N who="1" m="42569" /><E76/><V33/><F33/><W0/><G32/><T78/><D42/><U45/><E113/><V39/><F39/><W84/><G79/><T85/><D73/><U55/><E27/><V121/><F121/><W127/><G133/><T61/><D61/><U81/><E81/><V129/><F129/><W110/><G128/><T115/><D115/><U135/><E30/><V12/><F29/><W63/><G0/><T50/><D50/><N who="1" m="28751" /><E116/><V58/><F75/><W20/><G110/><T107/><D107/><U106/><E106/><V2/><F2/><W38/><G38/><T87/><D87/><U118/><E118/><V15/><F15/><W19/><G101/><T1/><D1/><N who="1" m="303" /><E135/><V74/><F74/><W51/><G19/><T93/><D93/><U88/><AGARI ba="0,0" hai="53,55,88,92,98" m="303,28751,42569" machi="88" ten="30,6000,0" yaku="10,1,54,2" doraHai="114" who="1" fromWho="1" sc="247,-20,332,60,168,-20,253,-20" /><INIT seed="5,1,0,3,1,18" ten="227,392,148,233" oya="1" hai0="29,103,84,9,104,58,67,97,122,51,56,64,35" hai1="42,54,108,53,118,89,79,19,135,116,100,121,112" hai2="26,39,21,3,41,2,31,131,115,77,86,52,20" hai3="71,37,73,68,94,8,93,12,80,96,81,85,30"/><U59/><E121/><V44/><F131/><W65/><G37/><T90/><D122/><U111/><E100/><V107/><F107/><W24/><G73/><T99/><D99/><U130/><E79/><V95/><F115/><W33/><G65/><T106/><D106/><U34/><E34/><V63/><F2/><W62/><G62/><T5/><D29/><U76/><E76/><V28/><F3/><W134/><G134/><T49/><D35/><U15/><E42/><V11/><F11/><W17/><G94/><T74/><D74/><U75/><E75/><V66/><F52/><W119/><G119/><T132/><D132/><U92/><E135/><V13/><F13/><W22/><G33/><T83/><D58/><U82/><E82/><V32/><F31/><W4/><G4/><T105/><D105/><U129/><E54/><V113/><F113/><W72/><G81/><T38/><D38/><U126/><E112/><V69/><REACH who="2" step="1"/><F77/><REACH who="2" ten="227,392,138,233" step="2"/><W133/><G133/><T48/><REACH who="0" step="1"/><D56/><REACH who="0" ten="217,392,138,233" step="2"/><U27/><E59/><V124/><F124/><W110/><G30/><T60/><D60/><U101/><E126/><V6/><F6/><W109/><G71/><T125/><D125/><U25/><E118/><V36/><F36/><W87/><G68/><T128/><D128/><U57/><E130/><V43/><F43/><W50/><G110/><T78/><D78/><U14/><E129/><V102/><F102/><W88/><G109/><T7/><D7/><U91/><E116/><V23/><F23/><W123/><G22/><T120/><D120/><U47/><E111/><V16/><F16/><RYUUKYOKU ba="1,2" sc="217,15,392,-15,138,15,233,-15" hai0="5,9,48,49,51,64,67,83,84,90,97,103,104" hai2="20,21,26,28,32,39,41,44,63,66,69,86,95" /><INIT seed="6,2,2,4,0,77" ten="232,377,153,218" oya="2" hai0="70,95,61,124,102,105,132,123,94,39,6,51,27" hai1="30,64,106,42,98,80,8,111,22,127,31,0,75" hai2="12,100,44,45,58,107,13,73,109,4,16,91,89" hai3="117,85,74,40,52,65,69,28,71,116,122,20,66"/><V125/><F73/><W101/><G122/><T120/><D39/><U35/><E22/><N who="2" m="11527" /><F107/><W53/><G74/><T130/><D105/><U37/><E35/><V114/><F100/><W55/><G101/><T21/><D6/><U88/><E0/><V131/><F114/><W118/><G85/><T76/><D76/><U92/><E75/><V67/><F131/><W62/><G20/><T50/><D130/><U41/><E106/><V126/><F109/><W83/><G28/><T104/><D104/><U24/><E37/><V2/><F2/><W129/><G83/><T57/><D70/><N who="3" m="26633" /><G129/><T19/><D51/><U68/><E68/><V14/><F125/><W115/><G115/><T103/><D124/><U134/><E111/><V43/><F126/><W38/><G62/><T90/><D50/><U78/><E127/><V10/><F13/><W47/><AGARI ba="2,2" hai="38,40,47,52,53,55,65,66,116,117,118" m="26633" machi="47" ten="40,5200,0" yaku="34,2,54,1" doraHai="77" who="3" fromWho="3" sc="232,-15,377,-15,153,-28,218,78" /><INIT seed="7,0,0,0,2,56" ten="217,362,125,296" oya="3" hai0="113,14,130,126,116,88,54,91,103,78,112,107,135" hai1="49,120,69,59,42,80,5,8,84,20,10,24,19" hai2="71,17,99,111,23,30,33,41,97,114,131,85,89" hai3="127,35,7,81,44,65,96,75,106,133,98,29,53"/><W95/><G127/><T128/><D126/><U108/><E69/><V58/><F114/><N who="0" m="44138" /><D116/><U0/><E108/><V6/><F131/><N who="0" m="50218" /><D135/><U74/><E74/><V55/><F111/><W46/><G133/><T12/><D78/><U43/><E10/><V16/><F71/><W61/><G7/><T115/><D115/><U122/><E43/><V13/><F41/><W100/><G53/><T36/><D36/><U77/><E42/><V94/><F33/><W104/><G104/><T60/><D54/><U18/><E18/><V32/><F32/><W86/><G75/><T117/><D60/><U27/><E19/><V22/><F30/><W67/><G67/><T37/><D37/><U39/><E39/><V2/><F2/><W4/><G4/><T101/><BYE who="3" /><D117/><U70/><E5/><V129/><F6/><W64/><G64/><T82/><D107/><U50/><E77/><V3/><F3/><UN n3="%E7%91%9E%E5%8E%9F%E3%83%B4%E3%82%A1%E3%82%AE%E3%83%8A" /><W48/><G48/><T83/><D12/><U123/><E0/><V132/><F132/><W21/><G65/><T62/><D62/><U121/><E121/><V68/><F68/><W11/><G61/><T38/><D14/><U28/><E50/><V72/><F72/><W119/><G119/><T1/><D38/><U125/><E125/><V26/><F129/><W79/><G11/><T118/><D118/><U109/><E123/><V15/><F26/><N who="3" m="16591" /><G35/><T124/><D1/><U63/><E122/><V87/><F87/><W25/><G25/><T34/><D34/><U9/><E120/><V105/><F105/><W47/><G106/><T66/><D124/><U31/><E27/><RYUUKYOKU ba="0,0" sc="217,-15,362,-15,125,15,296,15" hai2="13,15,16,17,22,23,55,58,85,89,94,97,99" hai3="44,46,47,79,81,86,95,96,98,100" /><INIT seed="7,1,0,5,0,55" ten="202,347,140,311" oya="3" hai0="98,133,89,112,1,100,29,52,31,36,114,75,59" hai1="10,60,83,121,27,51,109,130,28,95,96,87,74" hai2="19,23,86,132,127,135,81,39,68,99,97,93,122" hai3="65,69,43,4,15,58,113,94,82,115,73,118,11"/><W76/><G118/><T54/><D1/><U66/><E109/><V53/><F68/><W7/><G43/><T126/><D36/><U5/><E130/><V21/><F39/><W46/><G46/><T17/><D75/><U70/><E74/><V47/><F47/><W9/><G69/><T26/><D126/><U79/><E51/><V71/><F71/><W33/><G33/><T107/><D133/><U38/><E38/><V0/><F0/><W102/><G102/><T88/><D17/><U111/><E111/><V129/><F19/><W123/><G94/><T57/><D54/><U49/><E49/><V67/><F67/><W124/><G123/><T12/><D12/><U56/><E70/><V91/><F21/><W120/><G124/><T40/><D40/><U50/><E50/><V84/><F23/><W61/><REACH who="3" step="1"/><G120/><REACH who="3" ten="202,347,140,301" step="2"/><T44/><D44/><U3/><E121/><V16/><F122/><W134/><G134/><N who="2" m="51241" /><F53/><W85/><G85/><T101/><D52/><U20/><E95/><V48/><F48/><W77/><G77/><T6/><D59/><U32/><E96/><N who="2" m="36939" /><F127/><W24/><G24/><T108/><D57/><U13/><E32/><V22/><F129/><W92/><G92/><T35/><D26/><U37/><E37/><V125/><F125/><W103/><G103/><T62/><D100/><U116/><E116/><V104/><F104/><W41/><G41/><T106/><D107/><U117/><E117/><V110/><F110/><W18/><G18/><T131/><D108/><U30/><E30/><V105/><F105/><W8/><G8/><T80/><D106/><RYUUKYOKU ba="1,1" sc="202,-15,347,15,140,-15,301,15" hai1="3,5,10,13,20,27,28,56,60,66,79,83,87" hai3="4,7,9,11,15,58,61,65,73,76,82,113,115" /><INIT seed="7,2,1,1,2,115" ten="187,362,125,316" oya="3" hai0="63,8,91,119,58,60,49,109,128,81,18,80,135" hai1="94,30,54,29,121,68,10,79,24,26,38,116,95" hai2="40,42,27,85,62,12,16,126,118,52,124,19,56" hai3="23,7,90,3,13,129,35,93,37,84,123,11,122"/><W97/><G37/><T31/><D109/><U71/><E38/><V55/><F118/><W22/><G129/><T67/><D119/><U4/><E116/><V102/><F102/><W114/><G114/><T21/><D128/><U98/><E79/><V110/><F110/><W107/><G35/><T65/><D135/><U59/><E121/><V96/><F96/><W72/><G72/><T70/><D31/><N who="1" m="11787" /><E71/><V69/><F69/><W64/><G64/><T99/><D8/><U6/><E68/><V127/><F85/><W44/><G44/><T103/><D49/><N who="1" m="31183" /><E95/><V74/><F74/><W2/><G2/><T92/><D103/><N who="1" m="60887" /><E10/><V51/><F27/><AGARI ba="2,1" hai="18,21,27,58,60,63,65,67,70,80,81,91,92,99" machi="27" ten="30,1000,0" yaku="7,1" doraHai="115" who="0" fromWho="2" sc="187,26,362,0,125,-16,316,0" /><AGARI ba="2,0" hai="4,6,24,26,27" m="60887,31183,11787" machi="27" ten="30,1000,0" yaku="8,1" doraHai="115" who="1" fromWho="2" sc="213,0,362,10,109,-10,316,0" owari="213,-18.7,372,47.2,99,-40.1,316,11.6" /></mjloggm>