<mjloggm ver="2.3"><GO type="169" lobby="0"/><UN n0="%74%72%6D%65%74%74%6B" n1="%6F%69%6E%61%72%69%6E%67" n2="%E3%83%A9%E3%83%B3%E3%82%B0%E3%83%A9" n3="%E3%81%9D%E3%81%86%E3%81%9F%E3%81%A3%E3%81%9F" dan="18,16,16,16" rate="2279.78,2074.67,2095.03,2168.08" sx="M,M,M,M"/><TAIKYOKU oya="0"/><INIT seed="0,0,0,2,3,61" ten="250,250,250,250" oya="0" hai0="22,69,23,68,8,81,17,18,88,63,57,82,107" hai1="13,35,27,46,50,115,118,20,112,95,67,84,74" hai2="51,49,64,123,116,83,79,24,109,102,15,44,128" hai3="65,73,28,121,105,96,19,78,37,124,85,41,9"/><T119/><D119/><U103/><E118/><V134/><F116/><W42/><G73/><T0/><D107/><U32/><E74/><V106/><F123/><W29/><G37/><T108/><D108/><U127/><E127/><V101/><F109/><W111/><G96/><T71/><D0/><U31/><E67/><V80/><F134/><W122/><G19/><T66/><D8/><U114/><E13/><V135/><F135/><W91/><G78/><T25/><REACH who="0" step="1"/><D88/><REACH who="0" ten="240,250,250,250" step="2"/><N who="1" m="53639" /><E103/><V77/><F106/><W16/><G105/><T60/><D60/><U54/><AGARI ba="0,1" hai="20,27,31,32,35,46,50,54,112,114,115" m="53639" machi="54" ten="30,2000,0" yaku="11,1,54,1" doraHai="61" who="1" fromWho="1" sc="240,-10,250,30,250,-5,250,-5" /><INIT seed="1,0,0,2,4,109" ten="230,280,245,245" oya="1" hai0="66,29,114,36,130,101,107,7,131,19,31,68,81" hai1="8,13,42,52,71,135,82,6,118,110,85,97,133" hai2="127,112,33,18,14,25,50,69,80,16,104,57,87" hai3="122,106,74,62,64,116,103,70,90,54,10,98,2"/><U75/><E118/><V55/><F69/><W129/><G122/><T126/><D36/><U128/><E128/><N who="0" m="49193" /><D7/><U63/><E75/><V72/><F104/><W96/><G74/><T11/><D126/><U105/><E110/><V5/><F127/><W3/><G116/><T115/><D81/><U119/><E42/><V92/><F72/><W28/><G10/><T108/><D108/><U44/><E119/><V32/><F92/><W89/><G129/><T134/><D134/><U91/><E71/><V78/><F5/><W0/><G98/><N who="0" m="61879" /><D66/><U123/><E123/><V94/><F94/><W86/><G86/><T39/><D39/><U111/><E111/><V12/><F25/><W53/><REACH who="3" step="1"/><G28/><REACH who="3" ten="230,280,245,235" step="2"/><N who="0" m="10827" /><D68/><U113/><E133/><V117/><F117/><W40/><G40/><T79/><D79/><U15/><E135/><V34/><F78/><W21/><G21/><T58/><D58/><U27/><E97/><V121/><F121/><W73/><G73/><T24/><D11/><U17/><E8/><V59/><F59/><W9/><G9/><T45/><D45/><U41/><E44/><V23/><F87/><W38/><G38/><T67/><D67/><U99/><E85/><V37/><F37/><W88/><AGARI ba="0,1" hai="0,2,3,53,54,62,64,70,88,89,90,96,103,106" machi="88" ten="40,12000,2" yaku="1,1,0,1,54,1,53,3" doraHai="109" doraHaiUra="84" who="3" fromWho="3" sc="230,-30,280,-60,245,-30,235,130" /><INIT seed="2,0,0,2,2,29" ten="200,220,215,365" oya="2" hai0="98,49,109,101,5,99,77,30,121,6,18,81,117" hai1="14,12,87,33,16,115,90,43,15,56,19,84,70" hai2="50,31,67,83,112,52,113,60,39,108,26,89,25" hai3="118,59,95,45,10,27,104,1,41,24,96,62,72"/><V54/><F39/><W63/><G72/><T128/><D121/><U9/><E115/><V17/><F17/><W80/><G104/><T88/><D109/><U42/><E70/><V93/><F83/><W46/><G63/><T3/><D128/><U11/><E33/><V110/><F25/><W21/><G118/><T130/><D30/><U76/><E76/><V94/><F94/><W34/><G46/><T120/><D3/><U103/><E103/><V132/><F132/><W36/><G80/><T135/><D88/><U23/><E56/><V47/><F54/><W125/><G125/><T119/><D49/><U82/><REACH who="1" step="1"/><E84/><REACH who="1" ten="200,210,215,365" step="2"/><V71/><F110/><W131/><G59/><T127/><D101/><U124/><E124/><V105/><F108/><W114/><G34/><T123/><D127/><U97/><E97/><V129/><F129/><W4/><G96/><T106/><D77/><U111/><E111/><V37/><F105/><W2/><G114/><T48/><D106/><U79/><E79/><V13/><F113/><W66/><G131/><T134/><D130/><U40/><E40/><V51/><F112/><W92/><G41/><T65/><D99/><U73/><E73/><V86/><F71/><W122/><G122/><T64/><D98/><U102/><E102/><V53/><F86/><W32/><G32/><T55/><D123/><U75/><E75/><V61/><F89/><W78/><G78/><T68/><D120/><U85/><E85/><V133/><F133/><W8/><G1/><T0/><D68/><U91/><E91/><V7/><F93/><W58/><G92/><RYUUKYOKU ba="0,1" sc="200,-10,210,30,215,-10,365,-10" hai1="9,11,12,14,15,16,19,23,42,43,82,87,90" /><INIT seed="3,1,1,0,4,42" ten="190,240,205,355" oya="3" hai0="53,70,106,36,64,121,27,49,54,87,101,55,89" hai1="4,31,20,24,39,2,65,61,29,6,73,28,30" hai2="8,84,50,127,37,47,81,18,113,122,21,45,1" hai3="44,43,80,95,41,96,83,131,10,38,75,114,5"/><W72/><G114/><T111/><D121/><U9/><E73/><V7/><F113/><W129/><G43/><T3/><D111/><U128/><E39/><V105/><F122/><W60/><G60/><T132/><D3/><U94/><E128/><N who="3" m="49226" /><G75/><T34/><D36/><U92/><REACH who="1" step="1"/><E6/><REACH who="1" ten="190,230,205,355" step="2"/><V63/><F37/><W100/><G72/><T98/><D132/><U74/><E74/><V40/><F127/><W88/><G100/><T71/><D101/><U91/><E91/><V133/><F133/><W124/><G124/><T11/><D89/><U59/><AGARI ba="1,2" hai="2,4,9,20,24,28,29,30,31,59,61,65,92,94" machi="59" ten="30,4000,0" yaku="1,1,0,1,53,1" doraHai="42" doraHaiUra="62" who="1" fromWho="1" sc="190,-11,230,63,205,-11,355,-21" /><INIT seed="4,0,0,1,4,84" ten="179,293,194,334" oya="0" hai0="72,24,12,64,135,55,11,40,46,124,128,116,129" hai1="7,61,77,33,81,16,38,100,52,1,126,125,107" hai2="69,26,90,2,70,20,0,97,104,60,98,105,50" hai3="93,59,62,120,71,108,17,15,115,36,42,18,41"/><T101/><D72/><U47/><E33/><V68/><F50/><W106/><G106/><T119/><D101/><U32/><E32/><V10/><F60/><W73/><G71/><T13/><D24/><U65/><E1/><V67/><F67/><W88/><G108/><T112/><D112/><U14/><E7/><V22/><F10/><W74/><G18/><T58/><D124/><N who="1" m="47723" /><E100/><V63/><F63/><W111/><G120/><T82/><D82/><U117/><E107/><V35/><F69/><W54/><G111/><T37/><D64/><U53/><E117/><V102/><F35/><W122/><G115/><T87/><D87/><N who="1" m="48559" /><E47/><V43/><F102/><W31/><G122/><T30/><D135/><U83/><E83/><V131/><F0/><W76/><G76/><T118/><D30/><U4/><E4/><V121/><F2/><W132/><G31/><T92/><D92/><U109/><E38/><V95/><F95/><W23/><G132/><T79/><D79/><U9/><E109/><V39/><F39/><W3/><G3/><T91/><D116/><U57/><AGARI ba="0,0" hai="9,14,16,52,53,57,61,65" m="48559,47723" machi="57" ten="30,4000,0" yaku="18,1,54,2" doraHai="84" who="1" fromWho="1" sc="179,-20,293,40,194,-10,334,-10" /><INIT seed="5,0,0,0,4,52" ten="159,333,184,324" oya="1" hai0="67,20,39,127,73,32,110,99,89,87,117,18,24" hai1="28,103,51,45,74,116,129,128,59,68,14,120,82" hai2="100,126,85,53,98,94,112,119,33,25,115,79,109" hai3="97,49,40,64,70,27,55,107,65,30,21,31,23"/><U90/><E116/><V124/><F109/><W114/><G114/><N who="2" m="43561" /><F119/><W77/><G77/><T92/><D117/><U17/><E120/><V57/><F25/><W13/><G40/><T2/><D110/><U122/><E122/><V81/><F33/><W133/><G70/><T86/><D73/><U91/><E68/><V56/><F53/><W121/><G133/><T35/><D2/><U8/><E103/><V76/><F76/><W12/><G121/><T43/><D127/><AGARI ba="0,0" hai="56,57,79,81,85,94,98,100,124,126,127" m="43561" machi="127" ten="30,8000,1" yaku="18,1,15,1,11,1,52,2" doraHai="52" who="2" fromWho="0" sc="159,-80,333,0,184,80,324,0" /><INIT seed="6,0,0,5,0,67" ten="79,333,264,324" oya="2" hai0="105,21,122,126,109,0,19,28,104,53,9,88,130" hai1="31,49,118,15,69,71,78,117,44,2,135,111,94" hai2="107,128,22,74,93,10,37,56,5,112,55,32,101" hai3="86,123,99,102,35,83,81,124,66,59,115,100,20"/><V85/><F32/><W82/><G35/><T119/><D88/><U52/><E111/><V17/><F37/><W96/><G123/><T8/><D53/><U64/><E2/><V121/><F74/><W131/><G20/><T43/><D43/><U18/><E31/><V72/><F72/><W14/><G14/><T97/><D97/><N who="3" m="37449" /><G59/><T134/><D104/><U79/><E94/><V30/><F107/><W75/><G66/><T42/><D42/><U16/><E135/><V38/><F38/><W50/><G50/><T116/><D19/><U1/><E1/><V39/><F39/><W92/><G124/><T54/><D54/><U26/><E26/><V125/><F30/><W77/><G131/><T73/><D21/><U58/><E58/><V68/><F125/><W80/><G115/><T12/><D12/><U7/><E7/><V87/><F128/><W34/><G34/><T90/><D28/><U13/><E64/><V106/><F112/><W103/><G92/><T120/><D8/><U70/><E13/><V36/><F93/><W48/><G48/><T27/><D9/><U41/><E41/><V113/><F113/><W57/><G57/><T133/><D27/><U129/><E129/><V61/><F56/><W25/><G25/><T63/><D63/><U29/><E29/><V108/><F61/><W91/><AGARI ba="0,0" hai="75,77,80,81,82,83,86,91,100,102,103" m="37449" machi="91" ten="30,8000,1" yaku="35,5" doraHai="67" who="3" fromWho="3" sc="79,-20,333,-20,264,-40,324,80" /><INIT seed="7,0,0,3,4,132" ten="59,313,224,404" oya="3" hai0="73,15,65,98,30,106,109,90,44,110,101,10,127" hai1="61,125,62,53,116,72,91,3,76,27,14,45,77" hai2="58,60,21,71,96,56,24,59,9,103,43,75,28" hai3="89,41,37,83,6,126,64,135,120,131,48,38,78"/><W85/><G64/><T92/><D44/><U123/><E123/><V39/><F75/><W17/><G6/><T118/><D65/><U95/><E3/><V49/><F39/><W20/><G131/><T129/><D15/><U130/><E130/><V42/><F71/><W74/><G135/><T40/><D30/><U35/><E116/><V88/><F9/><W12/><G126/><T128/><D40/><U100/><E100/><V94/><F43/><W1/><G1/><T2/><D10/><U31/><E72/><V104/><F42/><W33/><G33/><T105/><D2/><U115/><E115/><V23/><F23/><W55/><G41/><T111/><D118/><U52/><E125/><V54/><F49/><W16/><G17/><T113/><D113/><U50/><E14/><V108/><F108/><W47/><G120/><T26/><D26/><U70/><E70/><V63/><F63/><W29/><G29/><T81/><D106/><U87/><REACH who="1" step="1"/><E53/><REACH who="1" ten="59,303,224,404" step="2"/><V19/><F28/><W69/><G69/><T82/><D82/><AGARI ba="0,1" hai="12,16,20,37,38,47,48,55,74,78,82,83,85,89" machi="82" ten="30,2900,0" yaku="7,1,54,1" doraHai="132" who="3" fromWho="0" sc="59,-29,303,0,224,0,404,39" owari="30,-47.0,303,10.3,224,-17.6,443,54.3" /></mjloggm>