<mjloggm ver="2.3"><GO type="169" lobby="0"/><UN n0="%E3%81%82%E3%82%8B%E8%A8%BC%E6%98%8E%EF%BF%A1" n1="%E3%81%97%E3%82%83%E3%82%93%E3%81%8A%E3%81%98" n2="%E5%8C%97%E6%AC%A7%E3%81%AE%E3%82%82%E3%81%93%E3%81%86" n3="%E3%81%A8%E3%81%B3%E3%81%BE%E3%81%93" dan="16,17,16,16" rate="2081.48,2185.19,2109.41,2195.52" sx="M,F,M,M"/><TAIKYOKU oya="0"/><INIT seed="0,0,0,5,5,21" ten="250,250,250,250" oya="0" hai0="19,22,103,56,105,117,68,1,9,98,87,78,32" hai1="79,40,15,113,116,107,60,59,4,86,54,14,96" hai2="76,36,53,129,11,102,118,75,115,123,30,90,29" hai3="99,49,72,128,131,71,89,3,70,134,73,64,17"/><T50/><D117/><U112/><E116/><V48/><F36/><W80/><G3/><T84/><D68/><U132/><E132/><V120/><F115/><N who="1" m="44105" /><E40/><V82/><F129/><N who="3" m="49739" /><G134/><T16/><D32/><U127/><E127/><V111/><F111/><W124/><G124/><T39/><D39/><U119/><E119/><V114/><F114/><W93/><G49/><T81/><D1/><U37/><E37/><V2/><F118/><W26/><G64/><T20/><D87/><U55/><E55/><V23/><F102/><W74/><G80/><T31/><D9/><U85/><E79/><V88/><F2/><W34/><G17/><T125/><D125/><U122/><E122/><V25/><F29/><AGARI ba="0,0" hai="26,29,34,70,71,72,73,74,89,93,99" m="49739" machi="29" ten="40,2600,0" yaku="19,1,52,1" doraHai="21" who="3" fromWho="2" sc="250,0,250,0,250,-26,250,26" /><INIT seed="1,0,0,0,4,4" ten="250,250,224,276" oya="1" hai0="56,135,70,87,118,33,80,63,106,5,26,34,38" hai1="30,49,77,8,50,59,66,110,23,99,0,98,67" hai2="60,95,18,57,9,47,133,72,41,112,42,108,25" hai3="31,128,82,89,101,28,7,44,71,17,119,84,40"/><U127/><E127/><V58/><F108/><W37/><G128/><T109/><D118/><U81/><E110/><V46/><F133/><W1/><G119/><T78/><D135/><U32/><E32/><V114/><F72/><W69/><G101/><T24/><D38/><U3/><E30/><V134/><F134/><W132/><G132/><T107/><D70/><U83/><E23/><V6/><F95/><W75/><G17/><T51/><D51/><U65/><E59/><V97/><F97/><W103/><G103/><T86/><D86/><U122/><E66/><V124/><F124/><W93/><G71/><T14/><D109/><U96/><E96/><V76/><F76/><W115/><G115/><N who="2" m="44073" /><F18/><W68/><G69/><T35/><D106/><U91/><E122/><V92/><F92/><W79/><G68/><T29/><D107/><U88/><REACH who="1" step="1"/><E77/><REACH who="1" ten="250,240,224,276" step="2"/><V10/><F58/><W48/><REACH who="3" step="1"/><G48/><REACH who="3" ten="250,240,224,266" step="2"/><T22/><D29/><U64/><E64/><V102/><F57/><W45/><G45/><T20/><D35/><U62/><E62/><V13/><F60/><W21/><G21/><N who="0" m="8299" /><D34/><U120/><E120/><V73/><F47/><W113/><G113/><T39/><D39/><U126/><E126/><V52/><F46/><W27/><G27/><T105/><D33/><U53/><E53/><V54/><F25/><W94/><G94/><T43/><D26/><U129/><E129/><V131/><F131/><W36/><G36/><T117/><D24/><U130/><E130/><V90/><F54/><W104/><G104/><T11/><D117/><U2/><E2/><V85/><F52/><RYUUKYOKU ba="0,2" sc="250,-15,240,15,224,-15,266,15" hai1="0,3,8,49,50,65,67,81,83,88,91,98,99" hai3="1,7,28,31,37,40,44,75,79,82,84,89,93" /><INIT seed="1,1,2,3,0,54" ten="235,255,209,281" oya="1" hai0="58,80,46,29,47,97,50,119,82,8,124,101,84" hai1="56,53,93,3,34,132,41,95,123,94,20,48,40" hai2="19,24,133,115,73,62,10,33,55,23,66,38,6" hai3="61,14,51,126,57,35,83,36,125,31,76,52,86"/><U44/><E123/><V92/><F133/><W60/><G36/><T135/><D119/><U59/><E34/><V129/><F129/><W69/><G14/><T28/><D135/><U112/><E112/><V27/><F73/><W104/><G104/><T5/><D124/><N who="3" m="47721" /><G69/><T99/><D82/><U110/><E132/><V21/><F38/><W81/><G81/><T91/><D97/><U39/><E3/><V64/><F115/><W65/><G65/><T18/><D46/><U68/><E68/><V12/><F33/><W90/><G90/><T49/><D50/><U89/><E110/><V11/><F92/><N who="1" m="35433" /><E20/><V88/><F88/><W122/><G122/><T111/><D111/><U67/><E39/><V114/><F10/><W74/><G74/><T98/><D98/><N who="1" m="57711" /><E67/><V1/><F1/><W32/><G32/><T118/><D118/><U16/><E16/><N who="2" m="12327" /><F114/><W117/><G117/><T87/><D18/><U25/><E25/><AGARI ba="1,2" hai="25,31,35,51,52,57,60,61,76,83,86" m="47721" machi="25" ten="30,3900,0" yaku="18,1,52,1,54,1" doraHai="54" who="3" fromWho="1" sc="235,0,255,-42,209,0,281,62" /><INIT seed="2,0,0,5,5,125" ten="235,213,209,343" oya="2" hai0="57,99,10,86,118,133,88,111,108,93,101,120,77" hai1="102,52,59,1,124,87,104,42,39,41,92,25,68" hai2="74,11,29,130,19,50,135,82,49,3,63,30,71" hai3="70,32,127,40,46,64,24,94,23,20,21,116,84"/><V38/><F38/><W128/><G116/><T79/><D118/><U81/><E1/><V15/><F135/><W114/><G127/><T122/><D10/><U44/><E124/><V60/><F3/><W89/><G114/><T33/><D57/><U126/><E126/><V78/><F130/><W115/><G115/><T56/><D56/><U119/><E68/><V37/><F37/><W83/><G32/><T106/><D33/><U75/><E104/><V73/><F73/><W5/><G5/><T103/><D103/><U76/><E42/><V27/><F29/><W110/><G110/><N who="0" m="42027" /><D133/><U134/><E134/><V95/><F95/><W98/><G128/><T35/><D35/><U123/><E123/><AGARI ba="0,0" hai="77,79,86,88,93,99,101,106,120,122,123" m="42027" machi="123" ten="30,7700,0" yaku="14,1,34,2,54,1" doraHai="125" who="0" fromWho="1" sc="235,77,213,-77,209,0,343,0" /><INIT seed="3,0,0,2,4,44" ten="312,136,209,343" oya="3" hai0="23,2,95,55,125,128,85,68,45,25,18,59,49" hai1="115,30,105,26,70,129,69,126,33,79,35,20,96" hai2="34,9,108,57,99,80,86,58,10,104,130,93,13" hai3="62,134,27,4,122,103,72,21,37,87,101,31,97"/><W117/><G117/><T120/><D120/><U84/><E115/><V71/><F108/><W94/><G122/><T90/><D68/><U83/><E126/><V12/><F71/><W38/><G72/><T7/><D125/><U6/><E129/><V112/><F34/><W91/><G134/><T22/><D128/><U50/><E35/><V132/><F104/><W102/><G4/><T109/><D109/><U119/><E119/><V113/><F132/><W106/><G101/><T42/><D22/><U52/><E6/><V36/><F36/><W56/><REACH who="3" step="1"/><G102/><REACH who="3" ten="312,136,209,333" step="2"/><T110/><D110/><U64/><E105/><V88/><F130/><W40/><G40/><T32/><D7/><U43/><E43/><V135/><F135/><W54/><AGARI ba="0,1" hai="21,27,31,37,38,54,56,62,87,91,94,97,103,106" machi="54" ten="20,7800,0" yaku="1,1,0,1,7,1,53,1" doraHai="44" doraHaiUra="100" who="3" fromWho="3" sc="312,-26,136,-26,209,-26,333,88" /><INIT seed="3,1,0,0,0,133" ten="286,110,183,421" oya="3" hai0="7,95,54,19,29,8,113,14,3,97,41,30,36" hai1="124,44,77,28,127,39,83,104,98,75,76,16,101" hai2="135,18,26,46,128,15,86,93,60,59,5,65,2" hai3="48,111,27,25,6,52,47,35,72,84,81,119,99"/><W53/><G72/><T40/><D113/><U71/><E71/><V78/><F135/><W13/><G119/><T4/><D54/><U56/><E56/><V132/><F132/><W121/><G121/><T1/><D36/><U67/><E67/><V96/><F128/><W49/><G111/><T73/><D73/><U74/><E28/><N who="0" m="10857" /><D3/><U88/><E16/><V69/><F2/><W42/><G35/><T117/><D117/><U21/><E21/><V20/><F69/><W9/><G99/><T125/><D1/><U12/><E12/><V116/><F116/><W55/><REACH who="3" step="1"/><G49/><REACH who="3" ten="286,110,183,411" step="2"/><T126/><D7/><U23/><E23/><V92/><F96/><W38/><G38/><T87/><D4/><U61/><E39/><V123/><F123/><W10/><G10/><T102/><D87/><N who="1" m="50303" /><E61/><V91/><F5/><W120/><G120/><T82/><D82/><N who="1" m="45335" /><E44/><V108/><F46/><W94/><G94/><T63/><D63/><U122/><E122/><V109/><F93/><W43/><G43/><T106/><D106/><U17/><E17/><V112/><F18/><W103/><G103/><T51/><D51/><U68/><E68/><V80/><F20/><W129/><G129/><T79/><D79/><AGARI ba="1,1" hai="6,9,13,25,27,42,47,48,52,53,55,79,81,84" machi="79" ten="40,12000,1" yaku="1,1,25,2,8,1,54,1,53,0" doraHai="133" doraHaiUra="70" who="3" fromWho="0" sc="286,-123,110,0,183,0,411,133" /><INIT seed="3,2,0,5,1,109" ten="163,110,183,544" oya="3" hai0="82,24,66,91,99,70,100,129,7,29,38,43,22" hai1="19,20,76,120,128,124,44,26,0,123,30,40,125" hai2="8,35,46,71,59,133,53,126,27,98,23,2,131" hai3="92,50,103,96,104,60,69,25,75,12,119,116,36"/><W118/><G36/><T49/><D129/><U105/><E105/><V54/><F71/><W16/><G75/><T78/><D38/><U135/><E76/><V11/><F35/><W42/><G25/><T47/><D7/><U57/><E57/><V45/><F131/><W14/><G14/><T5/><D5/><U77/><E77/><V84/><F133/><W101/><G69/><T87/><D66/><U80/><E80/><V37/><F126/><N who="1" m="48745" /><E128/><V93/><F2/><W112/><G60/><T65/><D65/><U121/><E44/><N who="2" m="17003" /><F84/><W130/><G50/><T48/><D70/><U61/><E61/><V18/><F37/><W32/><G42/><T81/><D43/><U3/><E40/><V72/><F72/><W114/><G32/><T4/><D4/><U95/><E95/><V106/><F106/><W33/><G33/><T86/><REACH who="0" step="1"/><D47/><REACH who="0" ten="153,110,183,544" step="2"/><U90/><E135/><V15/><F59/><W73/><G130/><T62/><D62/><U6/><E6/><V10/><F54/><W64/><G64/><T107/><AGARI ba="2,1" hai="22,24,29,48,49,78,81,82,86,87,91,99,100,107" machi="107" ten="20,2700,0" yaku="1,1,0,1,7,1,53,0" doraHai="109" doraHaiUra="117" who="0" fromWho="0" sc="153,43,110,-9,183,-9,544,-15" /><INIT seed="4,0,0,3,1,72" ten="196,101,174,529" oya="0" hai0="110,21,123,68,55,13,126,89,122,3,85,53,45" hai1="47,70,56,97,54,116,5,2,9,52,20,78,35" hai2="112,135,90,92,50,25,82,106,60,133,18,22,128" hai3="114,94,32,6,51,40,127,66,48,19,31,118,84"/><T77/><D3/><U64/><E35/><V108/><F108/><W46/><G114/><T99/><D68/><U30/><E116/><V15/><F112/><W71/><G118/><T39/><D110/><U38/><E70/><V0/><F106/><W57/><G6/><T113/><D113/><U91/><E64/><V105/><F105/><W61/><G127/><T65/><D65/><U101/><E91/><V36/><F36/><W37/><G19/><T67/><D67/><U17/><E30/><V7/><F128/><W28/><G32/><T120/><D126/><U96/><E78/><V98/><F0/><W104/><G104/><T131/><D131/><U33/><E33/><V125/><F125/><W121/><G51/><T1/><D1/><U117/><E117/><V29/><F7/><W75/><G75/><T34/><D34/><U134/><E134/><V24/><F60/><W27/><G27/><T119/><D119/><U41/><E101/><V86/><F50/><W12/><G12/><T115/><D115/><U100/><E100/><V42/><F42/><W43/><G43/><N who="0" m="22783" /><D99/><U132/><E132/><N who="2" m="50763" /><F29/><W16/><G121/><T23/><D13/><U59/><E59/><V124/><F124/><W88/><G16/><T49/><D49/><U130/><E130/><V73/><F73/><W44/><G44/><T74/><D74/><U93/><E56/><V62/><F62/><W129/><G129/><T69/><D69/><U8/><E97/><V58/><F58/><W83/><G94/><T11/><D123/><U76/><E47/><V87/><F98/><W80/><G80/><RYUUKYOKU ba="0,0" sc="196,-15,101,-15,174,15,529,15" hai2="15,18,22,24,25,82,86,87,90,92" hai3="28,31,37,40,46,48,57,61,66,71,83,84,88" /><INIT seed="5,1,0,1,5,113" ten="181,86,189,544" oya="1" hai0="41,71,67,75,115,122,0,53,55,134,127,87,32" hai1="123,22,38,37,96,40,130,97,84,93,103,78,81" hai2="92,64,135,94,118,9,79,101,68,50,2,44,15" hai3="102,88,17,49,108,70,7,30,25,11,48,62,98"/><U69/><E123/><V8/><F135/><W91/><G17/><T73/><D0/><U35/><E35/><V65/><F118/><W112/><G108/><T129/><D32/><U42/><E69/><V12/><F2/><W114/><G49/><T105/><D105/><U110/><E110/><V119/><F119/><W99/><G48/><T46/><D122/><U126/><E126/><V1/><F1/><W34/><G11/><T76/><D134/><U72/><E130/><V124/><F79/><W132/><G7/><T33/><D33/><U4/><E4/><N who="2" m="3079" /><F68/><W28/><G28/><T60/><D129/><U20/><E38/><V95/><F101/><W57/><G132/><T111/><D111/><U58/><E58/><V5/><F124/><W56/><G56/><T100/><D115/><N who="3" m="44073" /><G70/><T83/><D100/><U45/><E42/><AGARI ba="1,0" hai="5,9,15,42,44,50,64,65,92,94,95" m="3079" machi="42" ten="30,1000,0" yaku="8,1" doraHai="113" who="2" fromWho="1" sc="181,0,86,-13,189,13,544,0" /><INIT seed="6,0,0,5,1,40" ten="181,73,202,544" oya="2" hai0="79,43,120,2,58,127,118,50,9,6,91,56,57" hai1="135,78,61,54,134,30,116,132,96,114,10,80,15" hai2="68,47,28,4,73,21,98,103,33,16,95,31,74" hai3="51,131,36,32,38,45,0,102,52,3,27,11,25"/><V76/><F68/><W14/><G131/><T26/><D120/><U87/><E116/><V123/><F123/><W75/><G75/><T119/><D127/><U130/><E114/><V53/><F33/><W104/><G3/><T1/><D79/><U23/><E130/><V29/><F4/><W82/><G0/><T12/><D26/><U17/><E96/><V99/><F76/><W128/><G128/><T44/><REACH who="0" step="1"/><D91/><REACH who="0" ten="171,73,202,544" step="2"/><U42/><E42/><V60/><F74/><W72/><G25/><T113/><D113/><U112/><E112/><V85/><F73/><W97/><G27/><T101/><D101/><U100/><E100/><V49/><F103/><W90/><G32/><T105/><D105/><U39/><E39/><V93/><F60/><W133/><G133/><T67/><D67/><U37/><E37/><V59/><F29/><W34/><G34/><T5/><D5/><U111/><E111/><V7/><F7/><W81/><G81/><T69/><D69/><U121/><E121/><V65/><F65/><W24/><G24/><T86/><D86/><U22/><REACH who="1" step="1"/><E30/><REACH who="1" ten="171,63,202,544" step="2"/><V83/><F28/><W92/><G104/><T55/><D55/><U20/><E20/><V124/><F31/><W19/><G72/><T125/><D125/><U106/><E106/><V63/><F124/><W71/><G71/><T35/><D35/><U46/><E46/><V41/><F99/><W117/><G117/><AGARI ba="0,2" hai="1,2,6,9,12,43,44,50,56,57,58,117,118,119" machi="117" ten="40,5200,0" yaku="1,1,12,1,52,1,53,0" doraHai="40" doraHaiUra="126" who="0" fromWho="3" sc="171,72,63,0,202,0,544,-52" /><INIT seed="7,0,0,4,1,19" ten="243,63,202,492" oya="3" hai0="42,112,101,54,23,63,123,116,21,29,98,96,57" hai1="129,61,14,122,131,120,74,111,47,9,110,102,128" hai2="37,33,134,6,43,125,87,45,104,12,100,46,130" hai3="124,113,133,58,82,80,73,60,117,7,72,51,88"/><W22/><G113/><T38/><D123/><U66/><E74/><V97/><F130/><W25/><G117/><T107/><D116/><U20/><E102/><V49/><F134/><W34/><G34/><T85/><D112/><U41/><E9/><V106/><F125/><W86/><G124/><T55/><D38/><U67/><E14/><V39/><F33/><W132/><G7/><T56/><D42/><U59/><E20/><V0/><F106/><W28/><G51/><T10/><D10/><U1/><E67/><V5/><F0/><W99/><G99/><T127/><D127/><U4/><E4/><V84/><F49/><W94/><G82/><T15/><D15/><U2/><E2/><V114/><F114/><W76/><REACH who="3" step="1"/><G73/><REACH who="3" ten="243,63,202,482" step="2"/><T68/><D98/><U30/><E1/><V13/><F97/><W108/><G108/><T11/><D96/><U91/><E91/><V31/><F104/><W109/><G109/><T103/><D107/><U64/><E30/><V53/><F31/><W52/><AGARI ba="0,1" hai="22,25,28,52,58,60,72,76,80,86,88,94,132,133" machi="52" ten="30,12000,1" yaku="1,1,0,1,52,1,54,2,53,0" doraHai="19" doraHaiUra="3" who="3" fromWho="3" sc="243,-40,63,-40,202,-40,482,130" owari="203,0.3,23,-47.7,162,-23.8,612,71.2" /></mjloggm>