<mjloggm ver="2.3"><GO type="169" lobby="0"/><UN n0="%74%65%63%68%74%6F" n1="%68%75%69%68%75%69" n2="%E6%B2%B3%E7%AB%A5%E3%81%AE%E3%83%AF%E3%82%AB%E3%83%9E%E3%83%84" n3="%E3%81%A1%E3%82%83%E3%82%93%E3%81%AE%E3%81%B6" dan="17,16,17,17" rate="2151.62,2089.29,2179.19,2147.04" sx="M,M,M,M"/><TAIKYOKU oya="0"/><INIT seed="0,0,0,3,4,96" ten="250,250,250,250" oya="0" hai0="94,23,89,13,81,93,104,57,84,120,34,75,43" hai1="109,118,14,78,55,61,11,98,62,73,134,99,29" hai2="22,60,128,126,112,0,50,117,67,76,131,111,47" hai3="21,79,15,101,4,121,103,16,26,58,77,82,135"/><T27/><D120/><U20/><E118/><V10/><F76/><N who="3" m="29259" /><G121/><T92/><D75/><U5/><E109/><V113/><F22/><W65/><G135/><T130/><D130/><N who="2" m="49706" /><F10/><N who="3" m="4551" /><G82/><T86/><D104/><U133/><E78/><V116/><F0/><W100/><G58/><T33/><D86/><U97/><E73/><V88/><F88/><W45/><G45/><T72/><D72/><U132/><E55/><N who="2" m="30175" /><F111/><W71/><G71/><T74/><D74/><U37/><E37/><V53/><F53/><W69/><G69/><T85/><D85/><U28/><REACH who="1" step="1"/><E20/><REACH who="1" ten="250,240,250,250" step="2"/><V129/><F129/><W38/><G38/><T6/><D23/><U25/><E25/><V48/><F126/><W54/><G54/><T115/><D27/><U110/><E110/><V95/><F117/><W90/><G65/><T17/><D34/><U36/><E36/><V106/><F116/><W64/><G64/><T49/><D33/><U42/><E42/><V87/><F67/><W70/><G70/><T35/><D35/><U80/><E80/><V19/><F113/><W114/><G114/><T107/><D115/><U123/><E123/><V102/><F112/><W7/><G90/><T51/><D43/><U40/><E40/><V68/><F68/><W39/><G39/><T44/><D81/><U63/><AGARI ba="0,1" hai="5,11,14,28,29,61,62,63,97,98,99,132,133,134" machi="63" ten="40,8000,1" yaku="1,1,0,1,29,2,20,1,53,0" doraHai="96" doraHaiUra="119" who="1" fromWho="1" sc="250,-40,240,90,250,-20,250,-20" /><INIT seed="1,0,0,5,5,98" ten="210,330,230,230" oya="1" hai0="58,134,92,108,87,82,121,34,41,75,6,60,130" hai1="74,71,47,36,84,49,26,42,120,106,35,1,109" hai2="70,13,61,48,50,103,64,102,44,93,132,113,31" hai3="46,97,18,56,114,127,9,14,104,117,8,133,32"/><U65/><E120/><V23/><F132/><W17/><G114/><T116/><D41/><U62/><E84/><V28/><F113/><W19/><G32/><T118/><D6/><U99/><E109/><V51/><F44/><W22/><G133/><T55/><D34/><U124/><E124/><V0/><F0/><W110/><G110/><T20/><D108/><U12/><E12/><V5/><F93/><W78/><G127/><T112/><D112/><U135/><E135/><V119/><F119/><W40/><G117/><T85/><D134/><U91/><E91/><V96/><F96/><W131/><G78/><T33/><D33/><U24/><E49/><V107/><F107/><W79/><G79/><T73/><D121/><U126/><E26/><V128/><F128/><W83/><G131/><T2/><D130/><U88/><E88/><V7/><F5/><W29/><G83/><T129/><D2/><U53/><E53/><V123/><F123/><W25/><G14/><T68/><D129/><U43/><E43/><V80/><F80/><W37/><G56/><T105/><D58/><U115/><E115/><V63/><F63/><W90/><G90/><T77/><D60/><U100/><E126/><V86/><F86/><W4/><G4/><T21/><D87/><U89/><E89/><V72/><F72/><W11/><G97/><T57/><D116/><U38/><E74/><V94/><F7/><W27/><G104/><T69/><D118/><U52/><E1/><V16/><REACH who="2" step="1"/><F94/><REACH who="2" ten="210,330,220,230" step="2"/><W10/><N who="3" m="2048" /><DORA hai="122" /><W30/><G27/><T67/><D75/><U76/><E24/><RYUUKYOKU ba="0,1" sc="210,-15,330,-15,220,15,230,15" hai2="13,16,23,28,31,48,50,51,61,64,70,102,103" hai3="17,18,19,22,25,29,30,37,40,46" /><INIT seed="2,1,1,5,4,132" ten="195,315,235,245" oya="2" hai0="8,39,67,70,78,13,89,135,25,80,88,129,117" hai1="22,21,128,10,27,30,104,93,26,119,44,99,40" hai2="63,113,61,17,101,51,60,108,75,5,4,45,11" hai3="9,36,110,95,50,29,122,1,47,18,49,55,125"/><V100/><F75/><W69/><G122/><T92/><D39/><U131/><E119/><V124/><F113/><W84/><G69/><T102/><D135/><U134/><E104/><V71/><F71/><W83/><G36/><T32/><D129/><N who="1" m="49739" /><E10/><V85/><F108/><W7/><G110/><T53/><D102/><N who="2" m="39530" /><F85/><W79/><G29/><T12/><D32/><U77/><E77/><V59/><F59/><W68/><G68/><T14/><D25/><U28/><E134/><V58/><F58/><W116/><G116/><T42/><D42/><U6/><E6/><V15/><F124/><W120/><G120/><T48/><D117/><U16/><E30/><V38/><F38/><W103/><G18/><T115/><D115/><U74/><E74/><V106/><F106/><W46/><G103/><T127/><D127/><U82/><E82/><V90/><F90/><W0/><G1/><T87/><D8/><U94/><E99/><V133/><F133/><W105/><G105/><T86/><D89/><U65/><E65/><V34/><F34/><W76/><G79/><T3/><D3/><U43/><E43/><AGARI ba="1,1" hai="4,5,11,15,17,43,45,51,60,61,63" m="39530" machi="43" ten="30,1500,0" yaku="8,1" doraHai="132" who="2" fromWho="1" sc="195,0,315,-18,235,28,245,0" /><INIT seed="2,2,0,3,0,122" ten="195,297,263,245" oya="2" hai0="125,38,75,40,109,113,7,11,1,49,15,84,98" hai1="96,73,64,20,82,110,25,18,115,61,51,14,54" hai2="22,83,107,79,35,89,132,130,48,34,36,78,133" hai3="70,45,12,13,31,62,29,2,77,5,85,55,112"/><V52/><F36/><W42/><G2/><T68/><D75/><U81/><E115/><V134/><F107/><W74/><G74/><T104/><D113/><U92/><E73/><V86/><F130/><W37/><G112/><T119/><D38/><U131/><E131/><V27/><F34/><W50/><G77/><T3/><D68/><U95/><E95/><V33/><F35/><W53/><G85/><T76/><D125/><U80/><E110/><V94/><F33/><W23/><G5/><T57/><D57/><N who="1" m="36911" /><E14/><V8/><F8/><W91/><G91/><T41/><D41/><U99/><E92/><V65/><F65/><W21/><G21/><T28/><D28/><U93/><E93/><V135/><N who="2" m="33792" /><DORA hai="4" /><V118/><F94/><W108/><G108/><T32/><D32/><U121/><E121/><V101/><F101/><W19/><G12/><T66/><D66/><U44/><AGARI ba="2,0" hai="18,20,25,44,51,54,80,81,82,96,99" m="36911" machi="44" ten="30,1100,0" yaku="8,1" doraHai="122,4" who="1" fromWho="1" sc="195,-5,297,17,263,-7,245,-5" /><INIT seed="3,0,0,2,3,70" ten="190,314,256,240" oya="3" hai0="92,65,115,61,75,0,20,16,110,127,11,9,40" hai1="21,124,56,43,6,48,53,33,30,95,26,131,93" hai2="31,90,107,86,35,29,121,85,27,99,130,134,91" hai3="64,13,8,47,114,116,51,108,120,32,36,38,2"/><W42/><G116/><T122/><D122/><U49/><E124/><V133/><F121/><W101/><G114/><T14/><D127/><U109/><E109/><V69/><F69/><W94/><G120/><T58/><D110/><U103/><E131/><V17/><F130/><W54/><G108/><T111/><D111/><U34/><E6/><V41/><F41/><W63/><G32/><T83/><D115/><U112/><E112/><V113/><F113/><W1/><G101/><T129/><D129/><U67/><E67/><V135/><F31/><W52/><G94/><T28/><D0/><U71/><E71/><V118/><F118/><W4/><G54/><T55/><D40/><U89/><E95/><V128/><F128/><W117/><G117/><T98/><D28/><U39/><E48/><V78/><F17/><W15/><G15/><T12/><D65/><U46/><REACH who="1" step="1"/><E103/><REACH who="1" ten="190,304,256,240" step="2"/><V96/><F134/><W79/><G79/><T19/><D92/><U125/><E125/><V81/><F78/><W84/><G2/><T74/><D98/><AGARI ba="0,1" hai="21,26,30,33,34,39,43,46,49,53,56,89,93,98" machi="98" ten="30,3900,0" yaku="1,1,7,1,52,1,53,0" doraHai="70" doraHaiUra="77" who="1" fromWho="0" sc="190,-39,304,49,256,0,240,0" /><INIT seed="4,0,0,0,1,19" ten="151,353,256,240" oya="0" hai0="98,97,23,88,86,11,15,40,93,45,28,89,55" hai1="112,67,52,81,25,73,99,92,66,82,134,133,65" hai2="71,17,38,105,50,39,5,84,72,135,14,7,132" hai3="51,75,77,62,57,27,90,42,95,36,61,49,22"/><T123/><D123/><U114/><E73/><V108/><F72/><W117/><G117/><T32/><D32/><U59/><E25/><V41/><F71/><W20/><G36/><N who="2" m="13865" /><F105/><W122/><G122/><T85/><D55/><U0/><E0/><V100/><F100/><W107/><G107/><T119/><D119/><U102/><E81/><V56/><F84/><N who="3" m="52679" /><G77/><T35/><D35/><U47/><E47/><N who="2" m="25967" /><F56/><W54/><G75/><T29/><D86/><U115/><E82/><V16/><F17/><W127/><G127/><T87/><D85/><U33/><E33/><V121/><F108/><W37/><G37/><T78/><D78/><U129/><E129/><V69/><F69/><W120/><G120/><T126/><D126/><U106/><E106/><V91/><F91/><W4/><G4/><T12/><D12/><U31/><E31/><V8/><F121/><W128/><G128/><T110/><D29/><U26/><E26/><V94/><F94/><W131/><G131/><T80/><D110/><U3/><E3/><V104/><F104/><W125/><G125/><T116/><D116/><U30/><E30/><V10/><F8/><W2/><G2/><T101/><D101/><U79/><E79/><V24/><F24/><W1/><G1/><T13/><D98/><U124/><E124/><V70/><F70/><W58/><G27/><N who="0" m="16511" /><D11/><U63/><AGARI ba="0,0" hai="52,59,63,65,66,67,92,99,102,112,114,115,133,134" machi="63" ten="40,8000,1" yaku="0,1,15,1,11,1,54,1" doraHai="19" who="1" fromWho="1" sc="151,-40,353,80,256,-20,240,-20" /><INIT seed="5,0,0,1,4,129" ten="111,433,236,220" oya="1" hai0="87,56,132,92,122,2,19,108,124,46,134,10,103" hai1="115,45,37,67,83,116,82,52,73,57,25,130,84" hai2="79,0,109,86,106,80,64,94,50,8,112,9,68" hai3="125,135,54,26,32,91,55,104,31,16,20,93,11"/><U66/><E116/><V69/><F109/><W78/><G104/><T22/><D108/><U102/><E102/><V99/><F106/><W126/><G78/><T38/><D124/><N who="3" m="47721" /><G11/><T107/><D122/><U128/><E25/><V81/><F112/><W61/><G61/><T75/><D75/><U121/><E121/><V110/><F110/><W113/><G113/><T111/><D111/><U60/><E115/><V117/><F117/><W48/><G48/><T131/><D131/><U1/><E1/><V28/><F8/><W77/><G77/><T24/><D107/><U74/><E82/><V6/><F80/><W41/><G41/><T127/><D127/><U85/><E85/><V101/><F64/><W21/><G135/><N who="0" m="51755" /><D56/><U96/><E57/><V133/><F133/><W119/><G119/><T70/><D70/><U36/><E73/><V43/><F28/><W42/><G42/><N who="0" m="22871" /><D87/><U13/><E84/><V3/><F3/><W51/><G51/><T18/><D2/><U58/><E74/><V5/><F5/><W76/><G76/><T72/><D72/><U118/><E58/><V15/><F0/><W53/><G55/><T95/><D103/><U65/><E52/><V59/><F59/><W39/><G39/><T27/><D10/><U49/><E36/><V90/><F101/><W29/><G54/><T71/><D71/><U63/><E37/><V123/><F123/><W4/><G53/><T44/><D44/><AGARI ba="0,0" hai="6,9,15,43,44,50,68,69,79,81,86,90,94,99" machi="44" ten="40,2600,0" yaku="25,2" doraHai="129" who="2" fromWho="0" sc="111,-26,433,0,236,26,220,0" /><INIT seed="6,0,0,3,2,104" ten="85,433,262,220" oya="2" hai0="40,42,19,38,37,117,46,108,34,39,123,94,78" hai1="16,125,62,56,61,53,66,69,63,119,106,87,9" hai2="81,110,45,49,91,116,44,128,57,86,79,29,21" hai3="33,18,114,90,122,95,127,52,47,102,132,58,109"/><V126/><F116/><W75/><G109/><T72/><D108/><U7/><E106/><V101/><F110/><W107/><G122/><T82/><D123/><U60/><E125/><V31/><F126/><W134/><G33/><T50/><D117/><U12/><E119/><V36/><F128/><W41/><G127/><T92/><D34/><U118/><E118/><V1/><F1/><W67/><G67/><T105/><D105/><U83/><E7/><V100/><F91/><AGARI ba="0,0" hai="9,12,16,53,56,60,61,62,63,66,69,83,87,91" machi="91" ten="30,2000,0" yaku="7,1,54,1" doraHai="104" who="1" fromWho="2" sc="85,0,433,20,262,-20,220,0" /><INIT seed="7,0,0,1,1,58" ten="85,453,242,220" oya="3" hai0="57,112,34,90,102,30,2,44,39,130,131,95,54" hai1="17,76,51,48,127,106,85,38,13,50,75,118,23" hai2="100,97,14,109,103,91,31,134,0,80,59,99,128" hai3="89,108,6,53,116,20,47,126,25,86,94,65,1"/><W8/><G116/><T129/><D2/><U32/><E106/><V52/><F109/><W16/><G126/><T41/><D102/><N who="2" m="38954" /><F0/><W96/><G108/><T18/><D34/><U92/><E13/><V122/><F128/><W111/><G111/><T61/><D30/><U79/><E51/><N who="2" m="31135" /><F134/><W69/><G53/><T24/><D112/><U105/><E17/><V83/><F122/><W28/><G47/><T46/><D46/><U132/><E50/><V124/><F31/><W78/><G78/><T77/><D77/><U12/><E79/><V33/><F33/><W29/><G65/><T71/><D71/><U42/><E23/><V93/><F124/><W115/><G69/><T66/><D66/><U26/><E26/><V37/><F37/><W81/><G115/><T21/><REACH who="0" step="1"/><D131/><REACH who="0" ten="75,453,242,220" step="2"/><U40/><E32/><V35/><F35/><W55/><G29/><T3/><D3/><U11/><E76/><V72/><F72/><W7/><G28/><T110/><D110/><U88/><E127/><V60/><F91/><W101/><G1/><T125/><D125/><U104/><E88/><V4/><F83/><W84/><G81/><T123/><D123/><U70/><E70/><V119/><F80/><W107/><G89/><T113/><D113/><U135/><E75/><V5/><F119/><W73/><G73/><T22/><D22/><U43/><E118/><V67/><F67/><W27/><G20/><T62/><D62/><U36/><E132/><V133/><F60/><W87/><G107/><T9/><D9/><U74/><E135/><V10/><F133/><W64/><G8/><RYUUKYOKU ba="0,1" sc="75,30,453,-10,242,-10,220,-10" hai0="18,21,24,39,41,44,54,57,61,90,95,129,130" owari="105,-39.5,453,55.3,232,3.2,210,-19.0" /></mjloggm>