<mjloggm ver="2.3"><GO type="169" lobby="0"/><UN n0="%E3%82%BF%E3%82%A4%E4%BA%BA%EF%BC%A0%E3%83%90%E3%83%B3%E3%82%B3%E3%82%AF" n1="%E5%AE%88%E6%9D%91%E6%A1%9C%E5%BC%A5" n2="%E3%81%97%E3%82%87%E3%81%BC%E3%82%93%EF%BD%8E" n3="%E3%81%BB%E3%83%BC%E3%82%8A%E3%83%BC" dan="16,17,17,17" rate="2160.47,2141.60,2249.25,2224.28" sx="M,M,M,M"/><TAIKYOKU oya="0"/><INIT seed="0,0,0,3,0,21" ten="250,250,250,250" oya="0" hai0="85,74,84,118,27,14,112,60,80,63,105,4,110" hai1="115,122,95,83,50,59,132,88,69,24,102,0,49" hai2="72,97,89,101,91,16,114,61,62,45,1,107,100" hai3="71,20,93,130,29,42,79,54,35,78,117,66,108"/><T126/><D112/><U47/><E122/><V104/><F1/><W26/><G117/><T124/><D118/><U43/><E69/><V48/><F72/><W94/><G108/><T38/><D105/><U6/><E115/><V81/><F114/><W52/><G42/><T53/><D38/><U10/><E132/><V103/><F104/><W19/><G130/><T67/><D110/><U98/><E83/><V75/><F75/><W22/><G35/><T99/><D99/><U46/><E59/><V13/><F107/><W56/><G66/><T40/><D40/><U96/><E24/><V33/><F33/><W12/><G54/><T128/><D53/><U77/><E77/><N who="3" m="29194" /><G71/><T31/><D74/><U58/><E58/><V135/><F135/><W44/><G44/><T41/><D41/><U32/><E32/><V17/><F81/><W37/><G37/><T3/><D3/><U11/><E11/><V30/><F30/><W123/><G123/><T23/><D128/><U113/><E113/><V39/><F39/><W64/><G64/><T36/><D36/><U51/><REACH who="1" step="1"/><E46/><REACH who="1" ten="250,240,250,250" step="2"/><V70/><F45/><W125/><G125/><N who="0" m="48235" /><D80/><U5/><E5/><V86/><F70/><W73/><G73/><T119/><D119/><U116/><E116/><V7/><F7/><W121/><G121/><T76/><D76/><U120/><E120/><V111/><F111/><W2/><G2/><T28/><D28/><U127/><E127/><V92/><F61/><AGARI ba="0,1" hai="12,19,20,22,26,29,52,56,61,93,94" m="29194" machi="61" ten="30,3900,0" yaku="8,1,52,1,54,1" doraHai="21" who="3" fromWho="2" sc="250,0,240,0,250,-39,250,49" /><INIT seed="1,0,0,1,2,104" ten="250,240,211,299" oya="1" hai0="71,106,18,76,77,16,4,78,85,40,75,100,49" hai1="127,96,125,65,38,79,93,94,21,105,47,58,120" hai2="10,90,54,121,68,59,87,46,81,45,7,20,66" hai3="19,8,99,91,28,5,131,0,42,30,83,101,88"/><U12/><E120/><V70/><F121/><W86/><G131/><T115/><D115/><U98/><E79/><V92/><F68/><W31/><G42/><T14/><D71/><U50/><E38/><V113/><F113/><W95/><REACH who="3" step="1"/><G19/><REACH who="3" ten="250,240,211,289" step="2"/><T103/><D18/><N who="1" m="10439" /><E127/><V17/><F17/><W116/><G116/><T15/><D16/><U123/><E125/><V114/><F114/><W29/><N who="3" m="7168" /><DORA hai="36" /><W97/><G97/><N who="1" m="37482" /><E123/><V122/><F122/><W26/><G26/><T51/><D40/><N who="1" m="24935" /><E105/><V56/><F20/><W133/><G133/><T64/><D106/><U108/><E108/><V41/><F41/><W32/><G32/><T2/><D85/><U57/><E65/><V112/><F66/><W89/><AGARI ba="0,1" hai="0,5,8,83,86,88,89,91,95,99,101" m="7168" machi="89" ten="40,8000,1" yaku="1,1,0,1,54,1,53,1" doraHai="104,36" doraHaiUra="80,23" who="3" fromWho="3" sc="250,-20,240,-40,211,-20,289,90" /><INIT seed="2,0,0,1,3,18" ten="230,200,191,379" oya="2" hai0="41,28,32,58,77,87,27,3,100,0,116,105,14" hai1="9,21,51,56,60,128,92,83,13,74,11,103,25" hai2="130,131,111,90,15,91,24,124,23,35,44,98,36" hai3="50,78,132,53,102,61,79,6,67,93,2,84,133"/><V38/><F124/><W54/><G6/><T122/><D122/><U65/><E128/><N who="2" m="49195" /><F35/><W10/><G2/><T127/><D116/><U16/><E74/><V7/><F111/><W48/><G10/><T126/><D100/><U43/><E83/><V80/><F98/><N who="3" m="59727" /><G84/><T29/><D105/><U33/><E33/><V104/><F104/><W71/><G48/><T55/><D41/><U119/><E119/><V70/><F70/><W45/><G54/><T115/><D29/><N who="1" m="17583" /><E51/><V121/><F121/><W22/><G22/><T26/><D28/><U12/><E43/><N who="2" m="22631" /><F38/><W113/><G113/><T37/><D37/><U20/><E12/><V34/><F34/><W114/><G114/><T135/><D14/><U39/><E39/><V85/><F7/><W73/><G73/><T68/><D115/><U63/><E63/><V57/><F15/><W31/><G31/><T42/><D32/><U123/><E123/><V5/><F5/><W46/><G46/><T47/><D47/><U75/><E75/><V101/><F101/><W125/><G125/><T66/><D0/><U129/><E129/><V82/><F57/><W62/><G62/><T72/><D3/><U4/><E4/><V99/><F99/><AGARI ba="0,0" hai="9,11,13,16,20,56,60,65,92,99,103" m="17583" machi="99" ten="30,8000,1" yaku="25,1,8,1,52,2,54,1" doraHai="18" who="1" fromWho="2" sc="230,0,200,80,191,-80,379,0" /><INIT seed="3,0,0,4,4,61" ten="230,280,111,379" oya="3" hai0="107,50,23,20,26,12,76,18,128,88,40,29,1" hai1="10,52,66,46,82,51,59,109,71,120,84,64,67" hai2="3,33,108,97,117,27,95,119,102,132,133,4,79" hai3="55,116,134,21,115,74,43,6,22,7,24,131,100"/><W112/><G74/><T11/><D107/><U62/><E120/><V41/><F41/><W13/><G43/><T99/><D76/><U127/><E109/><V65/><F108/><W101/><G55/><T123/><D123/><U14/><E127/><V58/><F3/><W73/><G73/><T45/><D128/><U103/><E103/><V49/><F4/><W37/><G37/><T38/><D38/><U63/><E63/><N who="2" m="38135" /><F79/><W31/><G116/><T16/><D1/><U91/><E71/><V75/><F75/><W0/><G0/><T77/><D77/><U17/><AGARI ba="0,0" hai="10,14,17,46,51,52,59,62,64,66,67,82,84,91" machi="17" ten="20,16000,3" yaku="0,1,7,1,25,2,8,1,52,3,54,1" doraHai="61" who="1" fromWho="1" sc="230,-40,280,160,111,-40,379,-80" /><INIT seed="4,0,0,3,1,36" ten="190,440,71,299" oya="0" hai0="131,80,34,134,75,51,22,41,78,91,31,104,53" hai1="38,26,60,76,110,63,58,29,57,92,73,14,46" hai2="3,88,93,96,37,49,16,128,123,135,43,105,116" hai3="120,95,82,48,69,103,81,121,59,68,124,86,56"/><T125/><D104/><U130/><E110/><V9/><F123/><N who="3" m="47179" /><G124/><T87/><D134/><U70/><E73/><V77/><F135/><W39/><G39/><T8/><D125/><U126/><E76/><V102/><F37/><W101/><G82/><T108/><D131/><U47/><E70/><N who="3" m="27242" /><G48/><T129/><D129/><U84/><E14/><N who="2" m="7247" /><F3/><W113/><G113/><T111/><D34/><U45/><E130/><V35/><F35/><W25/><G25/><N who="0" m="16823" /><D8/><U55/><E126/><V90/><F105/><W10/><G10/><T40/><D78/><U17/><E29/><V20/><F128/><W13/><G13/><T112/><D112/><U64/><E38/><V118/><F77/><W74/><G74/><T115/><D115/><U67/><E26/><V114/><F114/><W42/><G42/><N who="0" m="16491" /><D75/><U98/><E17/><V15/><F15/><W44/><G44/><N who="0" m="27879" /><D111/><U71/><E71/><V109/><F109/><W127/><G127/><T6/><D108/><U28/><E45/><N who="2" m="25791" /><F20/><W18/><G56/><T12/><D12/><U11/><E11/><V72/><F72/><W2/><G59/><T85/><D85/><U50/><E84/><V0/><F0/><W7/><G86/><T27/><D27/><U5/><E47/><V89/><F116/><W4/><G2/><T106/><D106/><U100/><E57/><V21/><F118/><W94/><G4/><AGARI ba="0,0" hai="4,6,80,87,91" m="27879,16491,16823" machi="4" ten="30,11600,0" yaku="8,1,52,3" doraHai="36" who="0" fromWho="3" sc="190,116,440,0,71,0,299,-116" /><INIT seed="4,1,0,1,0,1" ten="306,440,71,183" oya="0" hai0="62,71,52,101,95,21,74,84,41,131,25,105,111" hai1="125,72,5,55,36,28,123,88,51,89,15,32,66" hai2="99,39,17,59,63,128,35,54,118,83,117,120,22" hai3="3,33,86,48,126,110,44,0,119,67,81,109,93"/><T75/><D131/><U69/><E123/><V104/><F120/><W26/><G119/><N who="2" m="45577" /><F35/><W135/><G67/><T70/><D111/><U79/><E36/><V127/><F128/><W58/><G58/><T76/><D41/><U68/><E32/><V96/><F127/><W91/><G126/><T114/><D114/><U80/><E28/><V29/><F29/><W121/><G121/><T90/><D101/><U107/><E107/><V6/><F39/><W47/><G47/><T124/><D105/><U60/><E69/><V97/><F83/><W45/><G45/><T10/><D124/><U37/><E37/><V38/><F38/><W82/><G82/><T102/><D102/><U85/><E72/><V87/><F87/><W77/><G109/><T18/><D76/><U61/><E61/><V7/><F104/><W13/><G110/><T19/><D71/><U53/><E53/><V57/><F57/><W34/><G34/><T12/><REACH who="0" step="1"/><D52/><REACH who="0" ten="296,440,71,183" step="2"/><U43/><E43/><V98/><N who="2" m="24576" /><DORA hai="115" /><V42/><F42/><W100/><G100/><T113/><D113/><U30/><E125/><V4/><F4/><W65/><G77/><T46/><D46/><U9/><E55/><V20/><F20/><W112/><G44/><T134/><D134/><U27/><E51/><V94/><F94/><W122/><G93/><T106/><D106/><U24/><E68/><V116/><N who="2" m="45585" /><V103/><DORA hai="49" /><F103/><W132/><G33/><T11/><D11/><U40/><E9/><V2/><F2/><W129/><G0/><T50/><D50/><U108/><E40/><V14/><AGARI ba="1,1" hai="6,7,14,17,22,54,59,63" m="24576,45585" machi="14" ten="60,16000,3" yaku="5,1,12,1,52,7" doraHai="1,115,49" who="2" fromWho="2" sc="296,-81,440,-41,71,173,183,-41" /><INIT seed="5,0,0,0,3,103" ten="215,399,244,142" oya="1" hai0="2,42,102,76,1,40,105,121,98,113,135,49,20" hai1="114,96,50,66,90,64,74,4,127,94,10,100,123" hai2="122,29,53,93,83,117,56,89,124,32,61,87,55" hai3="38,30,57,11,62,104,92,65,22,125,12,25,54"/><U80/><E114/><V116/><F122/><W101/><G125/><T111/><D111/><U46/><E127/><V31/><F124/><W91/><G38/><T3/><D113/><U34/><E34/><V97/><F32/><W39/><G39/><T110/><D110/><U48/><E48/><V43/><F43/><W13/><G104/><T44/><D135/><U88/><E74/><V41/><F41/><W86/><G101/><T21/><D121/><U109/><E109/><V99/><F117/><W108/><G108/><T37/><D37/><U106/><E80/><V132/><F132/><W95/><G95/><T51/><REACH who="0" step="1"/><D76/><REACH who="0" ten="205,399,244,142" step="2"/><U133/><E133/><V60/><F116/><W119/><G119/><T14/><D14/><U59/><E123/><V19/><F19/><W71/><REACH who="3" step="1"/><G11/><REACH who="3" ten="205,399,244,132" step="2"/><T5/><D5/><U33/><E10/><V120/><F120/><W131/><G131/><T126/><D126/><U107/><E4/><V47/><F83/><W70/><G70/><T52/><D52/><U78/><E94/><V0/><F55/><W63/><AGARI ba="0,2" hai="12,13,22,25,30,54,57,62,63,65,71,86,91,92" machi="63" ten="20,2700,0" yaku="1,1,0,1,7,1,53,0" doraHai="103" doraHaiUra="73" who="3" fromWho="3" sc="205,-7,399,-13,244,-7,132,47" /><INIT seed="6,0,0,3,0,35" ten="198,386,237,179" oya="2" hai0="26,6,81,55,94,126,119,109,96,13,128,53,18" hai1="101,25,111,107,52,82,105,134,28,127,83,39,59" hai2="110,117,75,125,122,64,87,85,68,69,2,133,3" hai3="97,77,89,58,19,76,71,100,86,103,60,78,131"/><V113/><F117/><W91/><G131/><T93/><D109/><U118/><E111/><V24/><F122/><W27/><G71/><T8/><D128/><U56/><E39/><V72/><F24/><W20/><G97/><T11/><D126/><U106/><E101/><V73/><F110/><W67/><REACH who="3" step="1"/><G89/><REACH who="3" ten="198,386,237,169" step="2"/><T33/><D119/><U21/><E118/><V66/><F125/><W80/><AGARI ba="0,1" hai="19,20,27,58,60,67,76,77,78,80,86,91,100,103" machi="80" ten="30,7900,0" yaku="1,1,2,1,0,1,8,1,53,0" doraHai="35" doraHaiUra="43" who="3" fromWho="3" sc="198,-20,386,-20,237,-39,169,89" /><INIT seed="7,0,0,2,1,77" ten="178,366,198,258" oya="3" hai0="105,73,8,5,98,34,59,102,88,12,109,132,116" hai1="69,126,68,45,134,93,37,90,65,24,58,40,133" hai2="44,111,18,20,89,135,7,95,112,104,94,19,85" hai3="51,128,70,27,122,75,2,14,113,13,117,129,127"/><W61/><G75/><T30/><D109/><U6/><E126/><V110/><F104/><W121/><G117/><T3/><D116/><U124/><E124/><V66/><F112/><W82/><G127/><T17/><D132/><N who="1" m="50795" /><E6/><V78/><F7/><W53/><G2/><T29/><D73/><U131/><E131/><N who="3" m="50250" /><G113/><T79/><D79/><U63/><E24/><V97/><F78/><W84/><G27/><T16/><D34/><U80/><E80/><V9/><F135/><W106/><G106/><T74/><D74/><U42/><E42/><V62/><F110/><W55/><G61/><T31/><D3/><U67/><E67/><V47/><F66/><W11/><G70/><T26/><D26/><U86/><AGARI ba="0,0" hai="37,40,45,58,63,65,68,69,86,90,93" m="50795" machi="86" ten="30,1100,0" yaku="20,1" doraHai="77" who="1" fromWho="1" sc="178,-3,366,11,198,-3,258,-5" owari="175,-32.5,377,47.7,195,-20.5,253,5.3" /></mjloggm>