<mjloggm ver="2.3"><GO type="225" lobby="0"/><UN n0="%EF%BC%AE%EF%BC%A1%EF%BC%AF%33%33%39" n1="%4B%2E%32%2E%4B%2E" n2="%E3%82%BC%E3%83%AB%E3%83%80%E3%81%AE%E4%BC%9D%E8%AA%AC" n3="%E3%81%BF%E3%81%BF%E3%81%9A" dan="16,17,17,17" rate="2163.98,2160.08,2162.92,2262.13" sx="M,M,M,M"/><TAIKYOKU oya="0"/><INIT seed="0,0,0,1,5,127" ten="250,250,250,250" oya="0" hai0="45,111,113,83,0,32,64,26,12,71,125,122,38" hai1="33,62,93,60,17,68,25,88,110,34,16,7,29" hai2="23,41,73,15,130,74,59,22,123,27,53,116,24" hai3="84,81,92,30,120,57,35,75,76,90,82,8,119"/><T94/><D94/><U135/><E34/><V18/><F123/><W31/><G119/><T102/><D102/><U14/><E135/><V52/><F116/><W77/><G120/><T40/><D12/><U3/><E110/><V134/><F134/><W36/><G35/><T118/><D83/><U6/><E17/><V54/><F130/><W121/><G121/><T21/><D64/><U117/><E117/><V19/><F41/><W85/><G36/><T51/><D51/><U91/><E91/><V114/><F114/><W48/><G8/><T37/><D45/><U126/><E126/><V61/><REACH who="2" step="1"/><F15/><REACH who="2" ten="250,250,240,250" step="2"/><W49/><G49/><T56/><D40/><U80/><E14/><V10/><F10/><W131/><G131/><T50/><D113/><U4/><E3/><V2/><F2/><W58/><REACH who="3" step="1"/><G48/><REACH who="3" ten="250,250,240,240" step="2"/><T108/><D50/><U101/><E4/><V67/><AGARI ba="0,2" hai="18,19,22,23,24,27,52,53,54,59,61,67,73,74" machi="67" ten="30,8000,1" yaku="1,1,0,1,9,1,54,1,53,1" doraHai="127" doraHaiUra="63" who="2" fromWho="2" sc="250,-40,250,-20,240,100,240,-20" /><INIT seed="1,0,0,5,3,115" ten="210,230,340,220" oya="1" hai0="93,49,68,125,114,66,121,44,47,28,73,22,50" hai1="36,81,51,18,135,92,52,54,37,42,10,6,109" hai2="117,103,69,26,60,80,131,83,5,2,14,87,45" hai3="46,55,75,15,79,20,105,4,8,19,39,95,106"/><U38/><E135/><V24/><F117/><W65/><G65/><T1/><D1/><U35/><E35/><V89/><F2/><W33/><G33/><T29/><D73/><U12/><E109/><V101/><F131/><W82/><G95/><T123/><D114/><U34/><E34/><V13/><F69/><W113/><G113/><T90/><D66/><U100/><E81/><V16/><F60/><W129/><G129/><T41/><D68/><U124/><E124/><V120/><F120/><N who="0" m="46154" /><D22/><U9/><E42/><V30/><F45/><W97/><G97/><N who="0" m="57527" /><D125/><U85/><E51/><V61/><F61/><W78/><G78/><T107/><D107/><U99/><REACH who="1" step="1"/><E85/><REACH who="1" ten="210,220,340,220" step="2"/><V88/><F87/><W3/><REACH who="3" step="1"/><G55/><AGARI ba="0,1" hai="28,29,41,44,47,49,50,55" m="57527,46154" machi="55" ten="30,1000,0" yaku="13,1" doraHai="115" who="0" fromWho="3" sc="210,20,220,0,340,0,220,-10" /><INIT seed="2,0,0,4,5,133" ten="230,220,340,210" oya="2" hai0="44,126,92,47,81,96,9,53,27,17,26,88,38" hai1="127,12,132,114,128,60,2,131,61,68,42,28,25" hai2="116,33,119,54,67,45,15,134,90,129,113,58,31" hai3="35,70,36,13,52,56,23,41,29,104,51,105,55"/><V89/><F113/><W5/><G70/><T73/><D38/><U62/><E114/><V87/><F134/><W135/><G135/><T98/><D73/><U18/><E132/><V91/><F87/><W0/><G36/><T30/><D81/><U63/><E2/><V115/><F115/><W65/><G41/><T3/><D96/><U34/><E42/><V82/><F82/><W49/><G65/><T100/><D100/><U40/><E40/><V16/><F67/><W57/><G35/><T110/><D110/><U84/><E84/><V20/><F45/><W109/><G109/><T37/><D37/><U6/><E6/><V95/><F129/><N who="1" m="49737" /><E60/><V102/><F102/><W78/><G78/><T1/><D1/><U8/><E127/><V66/><F66/><AGARI ba="0,0" hai="8,12,18,25,28,34,61,62,63,66,68" m="49737" machi="66" ten="30,1000,0" yaku="19,1" doraHai="133" who="1" fromWho="2" sc="230,0,220,10,340,-10,210,0" /><INIT seed="3,0,0,5,3,96" ten="230,230,330,210" oya="3" hai0="107,85,2,92,80,135,104,89,40,134,46,26,50" hai1="9,43,120,82,121,64,20,110,133,7,17,114,38" hai2="79,3,18,127,77,125,91,100,48,1,108,78,27" hai3="119,128,25,57,112,126,72,76,23,73,8,11,54"/><W55/><G112/><T115/><D2/><U70/><E114/><V75/><F75/><W42/><G119/><T62/><D115/><U6/><E110/><V74/><F74/><W59/><G42/><T29/><D62/><U19/><E133/><N who="0" m="50697" /><D80/><U37/><E82/><V124/><F108/><W105/><G105/><T36/><D36/><U101/><E101/><V113/><F113/><W12/><G126/><T69/><D69/><U49/><E49/><V33/><F100/><W44/><G128/><T68/><D68/><U66/><E70/><V21/><F33/><AGARI ba="0,0" hai="26,29,33,40,46,50,85,89,92,104,107" m="50697" machi="33" ten="30,1000,0" yaku="20,1" doraHai="96" who="0" fromWho="2" sc="230,10,230,0,330,-10,210,0" owari="240,4.0,230,-17.0,320,42.0,210,-29.0" /></mjloggm>