<mjloggm ver="2.3"><GO type="169" lobby="0"/><UN n0="%E3%81%8B%E3%81%97%E3%81%8B%E3%81%8A" n1="%E5%A4%A7%E4%BB%81%E7%94%B0%E8%96%84" n2="%E3%82%A8%E3%82%B0%E3%83%81%E3%80%81" n3="%E6%A1%9C%E6%B2%A2%E5%A2%A8" dan="16,17,17,16" rate="2140.31,2180.24,2180.57,2038.96" sx="M,M,M,F"/><TAIKYOKU oya="0"/><INIT seed="0,0,0,3,3,0" ten="250,250,250,250" oya="0" hai0="35,123,40,18,27,86,127,23,98,30,38,87,106" hai1="41,102,75,50,59,39,64,9,33,52,114,135,101" hai2="76,6,17,121,115,8,103,116,100,81,11,58,130" hai3="118,26,111,32,119,57,4,97,56,125,112,2,1"/><T51/><D123/><U129/><E75/><V72/><F121/><W107/><G112/><T15/><D38/><U134/><E33/><V99/><F115/><W117/><G111/><T14/><D127/><U20/><E114/><V19/><F116/><W48/><G125/><T34/><D34/><U53/><E20/><V90/><F130/><W16/><G32/><T29/><D29/><U21/><E21/><V108/><F108/><W68/><G68/><T132/><D14/><U105/><E64/><V65/><F90/><W110/><G110/><T95/><D106/><U71/><E71/><V83/><F83/><W124/><G124/><T70/><D70/><U91/><E105/><V54/><F65/><W61/><G1/><T55/><D40/><U85/><E53/><V44/><F44/><W12/><G2/><T113/><D132/><N who="1" m="50731" /><E129/><V10/><F6/><W79/><G107/><T80/><D80/><N who="1" m="49575" /><E9/><V74/><F74/><W122/><G122/><T96/><D113/><U43/><E39/><V31/><F31/><W92/><G118/><T3/><D3/><U49/><E49/><V37/><F37/><W47/><G119/><T46/><REACH who="0" step="1"/><D98/><REACH who="0" ten="240,250,250,250" step="2"/><U22/><E41/><V89/><F19/><W42/><G117/><T128/><D128/><U60/><E22/><V69/><F17/><W45/><G16/><T84/><D84/><U131/><E131/><V66/><F69/><W82/><G97/><T133/><D133/><U88/><E43/><V67/><F99/><W94/><G42/><T62/><D62/><U36/><E36/><V77/><F72/><W28/><G61/><RYUUKYOKU ba="0,1" sc="240,30,250,-10,250,-10,250,-10" hai0="15,18,23,27,30,35,46,51,55,86,87,95,96" /><INIT seed="0,1,1,2,0,62" ten="270,240,240,240" oya="0" hai0="107,5,7,40,85,35,0,126,55,128,70,65,83" hai1="106,130,3,53,114,131,6,102,123,61,1,89,110" hai2="11,71,69,52,30,94,20,51,118,109,57,95,97" hai3="100,108,46,14,91,24,119,31,133,73,129,27,23"/><T48/><D35/><U9/><E123/><V117/><F109/><W8/><G73/><T84/><D107/><U49/><E110/><V25/><F11/><W87/><G108/><T96/><D128/><N who="1" m="49195" /><E114/><V132/><F132/><W32/><G129/><T120/><D120/><U47/><E89/><V116/><REACH who="2" step="1"/><F95/><REACH who="2" ten="270,240,230,240" step="2"/><W58/><G133/><T13/><D126/><U56/><E106/><V42/><F42/><W103/><G119/><T38/><D40/><N who="1" m="24807" /><E102/><AGARI ba="1,2" hai="20,25,30,51,52,57,69,71,94,97,102,116,117,118" machi="102" ten="40,8000,1" yaku="1,1,12,1,54,1,53,1" doraHai="62" doraHaiUra="88" who="2" fromWho="1" sc="270,0,240,-83,230,103,240,0" /><INIT seed="1,0,0,4,2,112" ten="270,157,333,240" oya="1" hai0="44,37,75,1,79,40,55,19,59,113,102,11,54" hai1="87,91,69,128,18,125,97,116,110,6,126,43,60" hai2="133,3,117,135,61,8,58,101,28,10,127,23,29" hai3="131,103,115,39,46,71,24,27,63,2,56,47,0"/><U107/><E6/><V100/><F127/><N who="1" m="48649" /><E43/><V124/><F124/><W104/><G115/><T82/><D113/><U25/><E128/><V20/><F58/><W67/><G131/><T53/><D102/><N who="1" m="62927" /><E110/><V7/><F7/><W33/><G56/><T96/><D96/><U35/><E18/><V62/><REACH who="2" step="1"/><F3/><REACH who="2" ten="270,157,323,240" step="2"/><W78/><G0/><T95/><D95/><N who="1" m="54783" /><E69/><V52/><F52/><W50/><G71/><T13/><REACH who="0" step="1"/><D1/><REACH who="0" ten="260,157,323,240" step="2"/><U12/><E12/><V48/><F48/><AGARI ba="0,2" hai="11,13,19,37,40,44,48,53,54,55,59,75,79,82" machi="48" ten="30,3900,0" yaku="1,1,2,1,7,1,53,0" doraHai="112" doraHaiUra="94" who="0" fromWho="2" sc="260,59,157,0,323,-39,240,0" /><INIT seed="2,0,0,0,1,127" ten="319,157,284,240" oya="2" hai0="47,97,34,51,132,104,46,70,84,7,130,40,96" hai1="72,76,14,94,119,58,10,12,120,108,52,9,106" hai2="53,59,95,31,83,54,116,38,115,100,77,71,50" hai3="32,79,111,3,1,80,118,61,13,133,75,62,56"/><V55/><F115/><W131/><G118/><T85/><D70/><U36/><E106/><V98/><F116/><W124/><G32/><T90/><D34/><U126/><E36/><V29/><F71/><W93/><G124/><T122/><D122/><U45/><E119/><V110/><F38/><W35/><G35/><T16/><D7/><U81/><E126/><V6/><F110/><W92/><G111/><T17/><D132/><U101/><E108/><V19/><F6/><W112/><G133/><T33/><D33/><U57/><E120/><V63/><F19/><W30/><G30/><T18/><D130/><U65/><E65/><V2/><F2/><W87/><G112/><T114/><D114/><U15/><E58/><V67/><REACH who="2" step="1"/><F50/><REACH who="2" ten="319,157,274,240" step="2"/><W42/><G1/><T41/><D18/><U129/><E129/><V134/><F134/><W44/><G3/><T89/><D51/><U69/><E69/><V43/><F43/><W39/><G131/><T49/><D49/><U88/><E45/><V68/><F68/><W113/><G113/><T5/><D5/><U11/><E101/><V123/><F123/><W117/><G117/><T24/><REACH who="0" step="1"/><D104/><REACH who="0" ten="309,157,274,240" step="2"/><U4/><E4/><V109/><F109/><W121/><G121/><T99/><D99/><U103/><E103/><V60/><F60/><W125/><G62/><T0/><D0/><U25/><E9/><V128/><F128/><W78/><G125/><T91/><D91/><U82/><E10/><V20/><F20/><W37/><G37/><T107/><D107/><U64/><E11/><V48/><F48/><W26/><G39/><RYUUKYOKU ba="0,2" sc="309,15,157,-15,274,15,240,-15" hai0="16,17,24,40,41,46,47,84,85,89,90,96,97" hai2="29,31,53,54,55,59,63,67,77,83,95,98,100" /><INIT seed="2,1,2,5,4,93" ten="324,142,289,225" oya="2" hai0="103,118,59,47,66,88,101,115,102,50,9,46,90" hai1="134,131,132,16,28,55,110,122,45,73,123,64,49" hai2="48,81,54,114,117,29,75,116,94,25,127,100,83" hai3="86,44,43,37,70,57,4,107,52,119,12,31,79"/><V69/><F114/><W58/><G119/><T27/><D115/><U105/><E73/><V14/><F69/><W41/><G70/><T7/><D118/><U133/><E28/><V15/><F127/><W95/><G107/><T76/><D76/><U91/><E105/><V84/><F75/><W71/><G71/><T111/><D111/><U106/><E106/><V2/><F2/><W5/><G43/><T121/><D121/><N who="1" m="46091" /><E110/><V98/><F117/><W38/><G38/><T17/><D17/><U124/><E124/><V113/><F113/><W78/><G31/><T63/><D27/><U32/><E32/><V120/><F116/><W72/><G72/><T129/><D129/><U3/><E3/><V61/><F61/><W56/><G78/><T125/><D125/><U126/><E126/><V19/><F19/><W20/><G20/><T42/><REACH who="0" step="1"/><D47/><REACH who="0" ten="314,142,289,225" step="2"/><U108/><E108/><V30/><F30/><W82/><G4/><T87/><D87/><U13/><E131/><V1/><F120/><W96/><G5/><T112/><D112/><U89/><E64/><V92/><F25/><W0/><G0/><AGARI ba="1,3" hai="0,7,9,42,46,50,59,63,66,88,90,101,102,103" machi="0" ten="40,2600,0" yaku="1,1,54,1,53,0" doraHai="93" doraHaiUra="21" who="0" fromWho="3" sc="314,59,142,0,289,0,225,-29" /><INIT seed="3,0,0,3,1,43" ten="373,142,289,196" oya="3" hai0="76,67,84,30,22,45,131,44,133,98,124,56,106" hai1="105,53,19,69,71,58,18,61,122,11,62,111,14" hai2="100,130,49,72,91,103,113,35,60,1,57,132,20" hai3="116,127,15,23,13,10,107,89,75,48,125,96,104"/><W134/><G75/><T52/><D67/><U40/><E122/><V54/><F35/><W121/><G121/><T42/><D131/><U27/><E105/><V3/><F72/><W73/><G73/><T2/><D2/><U78/><E78/><V39/><F39/><W6/><G116/><T31/><D133/><U24/><E111/><V16/><F113/><W7/><G134/><T50/><D124/><N who="3" m="47689" /><G48/><N who="0" m="26647" /><D106/><N who="3" m="40489" /><G23/><T108/><D108/><U0/><E0/><V34/><F34/><W82/><G82/><N who="0" m="47175" /><D98/><U25/><E40/><V123/><F132/><W101/><G101/><T119/><D119/><U86/><E86/><V66/><F130/><W90/><G96/><T112/><D112/><U70/><REACH who="1" step="1"/><E62/><REACH who="1" ten="373,132,289,196" step="2"/><V4/><F123/><W92/><G92/><T87/><D87/><U21/><AGARI ba="0,1" hai="11,14,18,19,21,24,25,27,53,58,61,69,70,71" machi="21" ten="40,5200,0" yaku="1,1,2,1,0,1,53,0" doraHai="43" doraHaiUra="129" who="1" fromWho="1" sc="373,-13,132,62,289,-13,196,-26" /><INIT seed="4,0,0,3,3,125" ten="360,194,276,170" oya="0" hai0="59,122,24,67,53,41,55,117,14,30,127,74,57" hai1="1,77,58,50,103,68,85,35,132,62,64,8,99" hai2="102,118,9,116,70,120,71,37,2,12,91,27,20" hai3="6,93,29,18,124,23,80,43,104,66,52,7,81"/><T134/><D117/><N who="2" m="45162" /><F120/><W10/><G104/><T86/><D122/><U82/><E132/><V101/><F37/><W56/><G124/><T79/><D127/><U78/><E35/><V121/><F2/><W108/><G108/><T45/><D134/><U42/><E1/><V49/><F121/><W28/><G43/><T109/><D74/><U97/><E78/><V69/><F91/><W98/><G66/><T40/><D109/><U88/><E8/><V112/><F49/><N who="3" m="30735" /><G81/><T15/><D67/><U130/><E130/><V114/><F102/><N who="3" m="60751" /><G80/><T87/><D24/><U44/><E103/><V36/><F36/><W105/><G105/><T0/><D0/><U46/><E46/><V54/><F54/><W123/><G10/><T129/><D30/><N who="3" m="11881" /><G123/><T73/><D45/><U92/><REACH who="1" step="1"/><E68/><REACH who="1" ten="360,184,276,170" step="2"/><V61/><F71/><W126/><G126/><T95/><D79/><U21/><E21/><V135/><F70/><W119/><G119/><T90/><D73/><AGARI ba="0,1" hai="42,44,50,58,62,64,73,77,82,85,88,92,97,99" machi="73" ten="30,3900,0" yaku="1,1,7,1,54,1,53,0" doraHai="125" doraHaiUra="110" who="1" fromWho="0" sc="360,-39,184,49,276,0,170,0" /><INIT seed="5,0,0,1,4,129" ten="321,233,276,170" oya="1" hai0="97,121,116,73,119,1,20,134,65,98,49,127,21" hai1="57,82,92,10,24,27,15,132,74,25,106,14,66" hai2="18,59,88,61,86,124,45,135,101,112,85,102,69" hai3="110,8,5,60,128,105,44,46,55,50,96,75,48"/><U11/><E106/><V113/><F124/><W33/><G75/><T111/><D73/><U67/><E74/><V84/><F69/><W117/><G110/><T68/><D68/><U62/><E82/><V34/><F34/><W58/><G33/><T30/><D49/><U95/><E132/><V52/><F135/><W94/><G128/><T16/><D16/><N who="1" m="8279" /><E66/><V125/><F125/><W29/><G29/><T7/><D65/><U26/><N who="1" m="6144" /><DORA hai="114" /><U83/><E83/><V109/><F109/><W23/><G23/><T54/><D127/><U17/><AGARI ba="0,0" hai="11,15,17,57,62,67,92,95" m="6144,8279" machi="17" ten="40,3900,0" yaku="8,1,54,1" doraHai="129,114" who="1" fromWho="1" sc="321,-13,233,39,276,-13,170,-13" /><INIT seed="5,1,0,4,2,35" ten="308,272,263,157" oya="1" hai0="110,67,37,124,103,1,120,20,12,102,62,88,128" hai1="16,75,28,91,13,105,52,123,59,134,117,50,60" hai2="54,131,133,112,39,48,83,89,73,14,40,82,101" hai3="132,72,30,71,6,8,130,0,32,98,9,61,63"/><U11/><E123/><V55/><F131/><W135/><G130/><T81/><D128/><U69/><E117/><V116/><F116/><W49/><G72/><T125/><D110/><U44/><E134/><N who="3" m="51242" /><G71/><T66/><D37/><U43/><E105/><V74/><F39/><W85/><G85/><T76/><D120/><U53/><E75/><V118/><F118/><W22/><G32/><T10/><D20/><U95/><E28/><V42/><F133/><W87/><G87/><N who="0" m="50287" /><D76/><U65/><E69/><V47/><F101/><N who="0" m="38410" /><D62/><U106/><E106/><V15/><F89/><W21/><G98/><AGARI ba="1,0" hai="11,13,16,43,44,50,52,53,59,60,65,91,95,98" machi="98" ten="30,11600,0" yaku="7,1,8,1,54,2" doraHai="35" who="1" fromWho="3" sc="308,0,272,119,263,0,157,-119" /><INIT seed="5,2,0,0,2,30" ten="308,391,263,38" oya="1" hai0="119,44,105,117,91,68,5,115,84,95,89,96,98" hai1="56,66,77,100,116,62,93,83,20,53,90,69,6" hai2="55,18,4,123,94,97,125,101,135,16,61,48,49" hai3="11,106,52,58,60,32,128,63,129,85,109,82,79"/><U34/><E116/><N who="0" m="44617" /><D44/><U7/><E100/><V65/><F125/><W46/><G109/><T35/><D5/><U112/><E112/><V111/><F135/><W8/><G106/><T74/><D35/><U88/><E34/><V108/><F123/><W122/><G122/><T1/><D1/><U13/><E20/><V59/><F4/><W27/><G63/><T118/><D68/><U86/><E90/><V130/><F130/><N who="3" m="50283" /><G46/><T107/><D115/><U70/><E13/><V41/><F41/><W9/><G27/><T33/><D33/><AGARI ba="2,0" hai="8,9,11,32,33,52,58,60,79,82,85" m="50283" machi="33" ten="30,7700,0" yaku="19,1,52,2,54,1" doraHai="30" who="3" fromWho="0" sc="308,-83,391,0,263,0,38,83" /><INIT seed="6,0,0,4,1,37" ten="225,391,263,121" oya="2" hai0="32,47,97,76,105,50,88,2,44,0,8,69,108" hai1="113,70,96,19,30,56,134,27,51,99,16,4,82" hai2="77,123,45,22,98,93,81,114,55,95,25,49,5" hai3="15,84,41,133,31,130,79,124,3,21,92,128,75"/><V83/><F114/><W33/><G3/><T39/><D108/><U103/><E70/><V86/><F123/><W14/><G124/><T66/><D32/><U54/><E134/><V58/><F5/><W57/><G33/><T85/><D76/><U60/><E4/><V135/><F135/><W111/><G111/><T106/><D8/><U53/><E82/><V109/><F109/><W68/><G68/><T13/><D13/><U26/><E113/><V78/><F58/><W11/><G133/><T132/><D132/><U122/><E122/><V127/><F98/><N who="1" m="37417" /><E103/><V91/><F127/><W129/><G75/><T18/><D18/><N who="1" m="6699" /><E30/><V125/><F125/><W67/><G11/><T73/><D73/><U121/><E121/><V10/><F10/><W29/><G29/><T36/><D69/><U115/><E115/><V52/><F55/><W107/><G107/><T35/><D35/><U101/><E101/><V64/><F64/><W112/><G112/><T74/><D74/><U40/><E40/><V131/><F131/><W100/><G41/><T48/><D97/><U118/><E118/><V23/><F91/><N who="3" m="53351" /><G100/><T34/><D34/><U65/><E65/><V71/><F71/><W104/><G104/><T102/><D102/><U87/><E87/><N who="2" m="48559" /><F25/><N who="3" m="16815" /><G79/><T61/><D66/><U1/><E1/><V7/><F7/><W89/><G89/><T63/><D85/><U62/><E62/><V80/><F80/><W117/><G117/><T110/><D110/><U94/><E94/><AGARI ba="0,0" hai="22,23,45,49,52,78,83,86,93,94,95" m="48559" machi="94" ten="30,2900,0" yaku="8,1,54,1" doraHai="37" who="2" fromWho="1" sc="225,0,391,-29,263,29,121,0" /><INIT seed="6,1,0,0,5,118" ten="225,362,292,121" oya="2" hai0="49,128,67,64,109,89,76,53,51,21,121,27,16" hai1="11,98,13,113,106,102,107,63,69,99,70,88,112" hai2="66,74,85,97,77,28,111,59,20,95,26,110,39" hai3="58,96,7,14,114,84,3,100,93,115,130,117,44"/><V65/><F39/><W57/><G117/><T0/><D109/><N who="2" m="41482" /><F74/><W15/><G3/><T17/><D0/><U30/><E30/><V31/><F31/><W9/><G130/><T72/><D128/><U119/><E119/><V81/><F59/><W29/><G29/><T92/><D121/><U8/><E63/><V50/><F50/><W42/><G15/><T134/><D134/><U24/><E24/><V56/><F56/><W94/><G115/><N who="1" m="44106" /><E8/><V120/><F120/><W135/><G135/><T5/><D5/><N who="1" m="3311" /><E107/><V60/><F60/><W122/><G114/><T33/><D33/><U104/><E104/><V75/><F75/><W2/><G2/><T40/><D72/><U52/><E52/><V41/><F41/><W79/><G122/><T87/><D76/><U61/><E61/><V131/><F131/><W38/><G79/><T82/><D82/><U23/><E23/><V43/><F43/><W116/><G116/><T36/><D36/><U46/><E46/><V19/><F28/><W80/><G80/><T91/><D91/><AGARI ba="1,0" hai="19,20,26,65,66,77,81,85,91,95,97" m="41482" machi="91" ten="30,1500,0" yaku="10,1" doraHai="118" who="2" fromWho="0" sc="225,-18,362,0,292,18,121,0" /><INIT seed="6,2,0,5,2,75" ten="207,362,310,121" oya="2" hai0="65,81,23,25,33,91,111,135,18,52,20,96,15" hai1="86,115,119,27,49,113,129,100,99,26,125,107,3" hai2="67,60,42,17,79,94,118,89,102,48,10,54,63" hai3="55,87,69,128,57,34,133,39,106,109,74,32,123"/><V31/><F118/><W44/><RYUUKYOKU type="yao9" ba="2,0" sc="207,0,362,0,310,0,121,0" hai3="32,34,39,44,55,57,69,74,87,106,109,123,128,133" /><INIT seed="6,3,0,2,3,47" ten="207,362,310,121" oya="2" hai0="17,9,100,44,106,59,4,42,114,27,130,18,65" hai1="16,48,28,35,7,95,56,70,68,13,111,107,64" hai2="104,12,79,77,38,51,61,36,67,101,78,76,90" hai3="26,105,30,21,52,8,69,85,81,31,121,5,33"/><V94/><F104/><W20/><G121/><T43/><D114/><U73/><E107/><V66/><F101/><W120/><G120/><T117/><D130/><U128/><E73/><V62/><N who="2" m="19456" /><DORA hai="58" /><V40/><F12/><W119/><G119/><T63/><D117/><U97/><E7/><V15/><F15/><W3/><G105/><T86/><D86/><U11/><E111/><V32/><F32/><W45/><G69/><T89/><D89/><U84/><E84/><N who="2" m="52551" /><F38/><W135/><G135/><T55/><D42/><U72/><E128/><V22/><F22/><W124/><G124/><T60/><D27/><U112/><E112/><V74/><F36/><W134/><G134/><T113/><D113/><U102/><E72/><V122/><F122/><W2/><G2/><T71/><D100/><U41/><E64/><N who="2" m="24619" /><F74/><W118/><G118/><T54/><D106/><U34/><E34/><V98/><F98/><W110/><G110/><T127/><D127/><U57/><E57/><V103/><F103/><W49/><REACH who="3" step="1"/><G31/><REACH who="3" ten="207,362,310,111" step="2"/><T83/><D71/><U129/><E129/><V123/><F123/><W14/><G14/><T24/><D24/><U46/><E70/><V75/><F75/><W108/><G108/><T19/><D9/><U53/><E68/><V50/><F40/><W92/><G92/><T10/><D43/><U109/><E109/><V93/><F93/><W96/><G96/><T0/><D83/><U87/><E87/><V116/><F116/><W39/><G39/><T80/><D80/><U82/><E82/><V23/><F23/><W91/><AGARI ba="3,1" hai="3,5,8,20,21,26,30,33,45,49,52,81,85,91" machi="91" ten="20,12000,2" yaku="1,1,0,1,7,1,52,1,54,1,53,1" doraHai="47,58" doraHaiUra="99,1" who="3" fromWho="3" sc="207,-33,362,-33,310,-63,111,139" /><INIT seed="7,0,0,1,5,98" ten="174,329,247,250" oya="3" hai0="132,112,122,50,57,33,124,18,39,7,46,34,29" hai1="55,93,73,13,78,17,95,90,43,0,12,9,88" hai2="103,8,134,130,101,129,21,97,76,120,121,3,35" hai3="11,118,106,2,125,1,32,10,41,69,51,111,110"/><W84/><G118/><T135/><D122/><N who="2" m="47210" /><F35/><W115/><G32/><T28/><D33/><U75/><E0/><V14/><F134/><N who="0" m="51242" /><D124/><U5/><E43/><V108/><F108/><N who="3" m="41515" /><G69/><T117/><D117/><U85/><E78/><V27/><F76/><W104/><G125/><T81/><D112/><U131/><E131/><N who="2" m="50187" /><F97/><W96/><G115/><T64/><D7/><U26/><E26/><V83/><F83/><W22/><G22/><T23/><D34/><U68/><E55/><V30/><F3/><N who="3" m="1035" /><G84/><T87/><D39/><U42/><E42/><V49/><F49/><W6/><G6/><AGARI ba="0,0" hai="6,8,14,21,27,30,101,103" m="50187,47210" machi="6" ten="30,7700,0" yaku="13,1,19,1,52,2" doraHai="98" who="2" fromWho="3" sc="174,0,329,0,247,77,250,-77" owari="174,-22.6,329,42.9,324,12.4,173,-32.7" /></mjloggm>