<mjloggm ver="2.3"><GO type="169" lobby="0"/><UN n0="%E6%A1%9C%E6%B2%A2%E5%A2%A8" n1="%E4%B8%80%E8%93%AE%E5%B3%BB%E6%BD%A4" n2="%43%68%72%69%73%74%31%32" n3="%E3%81%82%E3%81%95%E3%81%B4%E3%82%93%EF%BC%A0%EF%BD%8D%EF%BD%8A" dan="16,17,17,18" rate="2072.92,2193.47,2182.54,2283.24" sx="F,M,F,M"/><TAIKYOKU oya="0"/><INIT seed="0,0,0,0,5,2" ten="250,250,250,250" oya="0" hai0="90,116,62,107,100,49,25,26,24,113,109,106,76" hai1="17,18,21,50,7,118,51,34,16,103,70,29,71" hai2="95,52,65,129,110,115,60,132,9,92,72,19,86" hai3="74,57,125,124,117,98,79,59,75,6,66,33,128"/><T77/><D113/><U82/><E118/><V23/><F72/><N who="3" m="27691" /><G79/><T38/><D116/><U94/><E34/><V20/><F115/><W39/><G39/><T108/><D38/><U27/><E82/><V134/><F110/><N who="0" m="42602" /><D49/><U122/><E122/><V104/><F104/><N who="0" m="39978" /><D100/><U127/><E127/><V119/><F119/><W84/><G117/><T87/><D62/><U133/><E133/><V123/><F123/><W53/><G124/><T91/><D87/><U46/><E51/><V40/><F86/><W121/><G84/><T105/><N who="0" m="39986" /><T42/><DORA hai="130" /><D42/><U56/><E103/><V101/><F40/><W41/><G41/><T54/><D54/><U13/><E46/><V131/><F52/><W5/><G53/><T35/><D35/><U10/><E50/><V31/><F101/><W48/><G33/><T112/><D112/><U120/><E120/><V68/><F131/><W67/><G128/><T73/><D73/><U14/><E94/><N who="2" m="35883" /><F129/><W15/><G48/><T69/><D69/><U32/><E56/><V89/><F60/><W96/><G125/><T43/><D43/><U81/><E81/><V111/><F68/><W61/><G121/><T3/><D3/><N who="1" m="383" /><E71/><V4/><F111/><W126/><G126/><T64/><D64/><U114/><E70/><V85/><F65/><W44/><G44/><T1/><D1/><U99/><E114/><V12/><F85/><W88/><G66/><T8/><D8/><N who="1" m="6215" /><E99/><N who="3" m="37930" /><G59/><T22/><D22/><N who="1" m="11567" /><E32/><V55/><F55/><W83/><G83/><T47/><D47/><U37/><E37/><V0/><F89/><AGARI ba="0,0" hai="24,25,26,76,77,89,90,91" m="39986,42602" machi="89" ten="50,12000,1" yaku="28,2,14,1,10,1" doraHai="2,130" who="0" fromWho="2" sc="250,120,250,0,250,-120,250,0" /><INIT seed="0,1,0,4,5,17" ten="370,250,130,250" oya="0" hai0="23,107,40,55,2,60,75,109,32,133,34,16,27" hai1="87,118,5,116,117,122,79,46,61,84,101,44,11" hai2="64,50,12,128,73,113,4,49,93,57,104,33,31" hai3="83,10,81,25,131,80,97,88,115,56,41,37,69"/><T89/><D75/><U26/><E122/><V30/><F113/><W28/><G115/><T72/><D72/><U111/><E111/><V15/><F104/><W103/><G69/><T63/><D107/><U42/><E101/><V43/><F73/><W52/><G131/><T36/><D2/><U39/><E79/><V90/><F128/><W18/><G37/><T119/><D119/><U67/><E46/><V45/><F33/><W38/><G38/><T78/><D78/><U102/><E102/><V48/><F64/><W120/><G41/><T105/><D105/><U132/><E132/><V85/><F4/><W114/><G120/><T7/><D7/><U21/><E11/><V66/><F66/><W100/><G114/><T95/><D133/><U126/><E5/><V29/><REACH who="2" step="1"/><F57/><REACH who="2" ten="370,250,120,250" step="2"/><W54/><G56/><T6/><D32/><U65/><E65/><V1/><F1/><W35/><G100/><T74/><D34/><U125/><E67/><V129/><F129/><W135/><G135/><T134/><D74/><U71/><E71/><V13/><AGARI ba="1,1" hai="12,13,15,29,30,31,43,45,48,49,50,85,90,93" machi="13" ten="30,4000,0" yaku="1,1,0,1,8,1,53,0" doraHai="17" doraHaiUra="76" who="2" fromWho="2" sc="370,-21,250,-11,120,53,250,-11" /><INIT seed="1,0,0,5,0,44" ten="349,239,173,239" oya="1" hai0="26,76,74,75,132,109,124,113,130,24,15,68,77" hai1="90,133,91,88,87,85,92,131,123,79,59,55,58" hai2="27,135,48,18,4,89,23,95,25,47,97,69,107" hai3="112,28,29,67,94,106,66,117,0,52,20,125,101"/><U63/><E123/><V80/><F69/><W70/><G112/><T110/><D68/><U99/><E131/><V98/><F135/><W105/><G0/><T62/><D113/><U103/><E133/><V86/><F4/><W73/><G73/><T121/><D132/><U32/><E32/><V93/><F107/><W82/><G82/><T11/><D130/><U21/><E79/><N who="0" m="30281" /><D62/><U33/><E33/><V2/><F2/><W128/><G70/><T114/><D114/><U34/><E34/><V38/><F38/><W102/><G94/><T22/><D124/><U7/><E7/><V37/><F37/><W36/><G36/><T84/><D84/><U119/><E119/><V41/><F27/><N who="0" m="10282" /><D22/><U42/><E42/><V51/><F95/><W8/><G20/><T100/><D100/><U16/><REACH who="1" step="1"/><E59/><REACH who="1" ten="349,229,173,239" step="2"/><V118/><F118/><W108/><G117/><T83/><D121/><U5/><E5/><V56/><F80/><W39/><G128/><T57/><D83/><U13/><AGARI ba="0,1" hai="13,16,21,55,58,63,85,87,88,90,91,92,99,103" machi="13" ten="30,12000,1" yaku="1,1,0,1,8,1,54,2,53,0" doraHai="44" doraHaiUra="116" who="1" fromWho="1" sc="349,-40,229,130,173,-40,239,-40" /><INIT seed="1,1,0,0,3,102" ten="309,359,133,199" oya="1" hai0="13,28,94,100,32,135,95,21,27,19,114,5,3" hai1="18,64,117,1,80,48,68,20,89,52,78,128,71" hai2="35,79,90,47,106,99,123,42,97,37,126,105,66" hai3="26,8,54,63,61,50,40,17,23,87,70,62,67"/><U4/><E117/><V98/><F123/><W110/><G110/><T107/><D114/><U49/><E128/><V83/><F35/><W44/><G87/><T10/><REACH who="0" step="1"/><D135/><REACH who="0" ten="299,359,133,199" step="2"/><U11/><E71/><V58/><F126/><W65/><G70/><T112/><D112/><U45/><E68/><V51/><F90/><W31/><G40/><T109/><D109/><U104/><E89/><V91/><F91/><W60/><N who="3" m="15360" /><DORA hai="2" /><W55/><REACH who="3" step="1"/><G54/><REACH who="3" ten="299,359,133,189" step="2"/><T116/><D116/><U133/><E52/><V43/><F66/><W30/><G30/><T122/><D122/><U127/><E64/><V7/><F43/><W39/><G39/><T108/><D108/><U41/><E41/><V34/><F37/><W124/><G124/><T121/><D121/><U76/><E127/><V33/><F42/><W85/><G85/><T130/><D130/><U113/><E113/><V93/><F58/><W56/><G56/><T15/><D15/><AGARI ba="1,2" hai="8,15,17,23,26,31,44,50,55,65,67" m="15360" machi="15" ten="50,3200,0" yaku="1,1,8,1,53,0" doraHai="102,2" doraHaiUra="115,132" who="3" fromWho="0" sc="299,-35,359,0,133,0,189,55" /><INIT seed="2,0,0,4,5,104" ten="264,359,133,244" oya="2" hai0="84,72,49,20,41,24,5,114,54,130,109,42,52" hai1="36,74,119,18,23,126,39,11,2,16,125,9,38" hai2="77,64,4,101,73,89,132,28,78,76,88,91,115" hai3="117,75,134,65,47,105,79,98,112,116,86,127,94"/><V97/><F28/><W99/><G65/><T83/><D114/><U44/><E119/><N who="3" m="45642" /><G47/><T71/><D71/><U113/><E113/><V70/><F4/><W37/><G37/><T19/><D109/><U135/><E135/><V34/><F34/><W15/><G15/><T43/><D130/><U96/><E44/><V133/><F115/><W13/><G13/><T80/><D5/><U93/><E74/><V50/><F50/><W120/><G112/><T3/><D3/><U17/><E23/><V14/><F14/><W102/><G120/><T122/><D122/><U8/><E2/><V60/><REACH who="2" step="1"/><F73/><REACH who="2" ten="264,359,123,244" step="2"/><W40/><G75/><T103/><D49/><U123/><E123/><V106/><AGARI ba="0,1" hai="60,64,70,76,77,78,88,89,91,97,101,106,132,133" machi="106" ten="40,12000,1" yaku="1,1,2,1,0,1,54,1,53,0" doraHai="104" doraHaiUra="33" who="2" fromWho="2" sc="264,-40,359,-40,123,130,244,-40" /><INIT seed="2,1,0,2,0,51" ten="224,319,253,204" oya="2" hai0="123,30,86,11,21,105,110,96,53,35,91,67,133" hai1="106,85,56,132,77,99,126,115,79,98,64,44,12" hai2="125,113,46,49,43,36,20,61,37,97,29,8,92" hai3="39,89,27,5,41,130,124,63,24,78,66,38,59"/><V112/><F125/><W45/><G124/><T103/><D123/><U2/><E2/><V0/><F61/><W119/><G119/><T109/><D133/><U15/><E115/><V107/><F107/><W114/><G114/><T108/><D35/><U33/><E33/><V87/><F87/><W122/><G122/><T120/><D120/><U58/><E106/><V32/><F32/><W100/><G39/><T127/><D127/><U23/><E126/><V52/><F37/><W68/><G100/><T18/><D67/><U10/><E44/><V55/><F20/><W81/><G89/><T117/><D117/><U60/><E132/><V74/><F29/><W14/><G130/><T22/><D30/><U71/><E58/><V6/><F74/><W54/><G14/><T48/><D11/><U47/><E47/><V90/><REACH who="2" step="1"/><F55/><REACH who="2" ten="224,319,243,204" step="2"/><W76/><G76/><T31/><D31/><U57/><E85/><V94/><F94/><W121/><G121/><T28/><D28/><U9/><E23/><V34/><F34/><W4/><G27/><T7/><D22/><U93/><E93/><V102/><F102/><W42/><G24/><N who="0" m="14391" /><D53/><U13/><E77/><V3/><F3/><W101/><G101/><T104/><D104/><U69/><E79/><V88/><F88/><W16/><G54/><T17/><D91/><U95/><E15/><V26/><F26/><W128/><G78/><T111/><D111/><U129/><E95/><V70/><F70/><W131/><G68/><T118/><D109/><U65/><E60/><V83/><F83/><W134/><G81/><T50/><D110/><RYUUKYOKU ba="1,1" sc="224,-15,319,15,243,15,204,-15" hai1="9,10,12,13,56,57,64,65,69,71,98,99,129" hai2="0,6,8,36,43,46,49,52,90,92,97,112,113" /><INIT seed="2,2,1,5,5,98" ten="209,334,258,189" oya="2" hai0="87,40,19,101,55,124,56,27,122,20,130,45,91" hai1="123,58,88,3,53,59,89,62,17,32,121,86,83" hai2="35,107,72,67,92,37,84,66,104,76,61,71,125" hai3="117,73,49,28,78,105,115,18,68,21,79,128,63"/><V93/><F37/><W12/><G117/><T96/><D124/><U109/><E3/><V85/><F35/><W43/><G105/><T54/><D130/><U22/><E32/><V52/><F125/><W112/><G128/><T33/><D33/><U106/><E106/><V16/><F72/><W34/><G73/><T113/><D113/><N who="3" m="43593" /><G43/><T7/><D122/><N who="1" m="46603" /><E59/><N who="2" m="35047" /><F71/><W39/><G49/><T119/><D119/><U65/><E109/><V11/><F107/><W90/><G90/><T110/><D7/><U24/><E65/><N who="2" m="24587" /><F104/><W120/><G39/><T133/><D110/><U70/><E70/><V25/><F76/><AGARI ba="2,1" hai="17,22,24,53,58,62,76,83,86,88,89" m="46603" machi="76" ten="30,2000,0" yaku="13,1,54,1" doraHai="98" who="1" fromWho="2" sc="209,0,334,36,258,-26,189,0" /><INIT seed="3,0,0,3,3,13" ten="209,370,232,189" oya="3" hai0="131,128,134,135,26,46,64,6,43,61,54,22,104" hai1="102,41,106,81,66,101,78,82,77,44,36,86,91" hai2="87,15,119,5,27,33,52,42,51,76,74,112,65" hai3="58,103,113,127,2,0,60,38,110,50,84,17,71"/><W116/><G113/><T111/><D104/><U47/><E106/><V11/><F112/><W10/><G116/><T123/><D6/><U24/><E66/><V120/><F119/><W130/><G38/><N who="0" m="21879" /><D22/><U68/><E68/><V56/><F74/><W28/><G28/><T53/><D26/><U34/><E91/><V35/><F120/><W126/><G103/><T122/><D111/><U107/><E107/><V63/><F42/><W16/><G110/><T21/><D21/><U31/><REACH who="1" step="1"/><E47/><REACH who="1" ten="209,360,232,189" step="2"/><V55/><F65/><W7/><G71/><N who="0" m="42383" /><D123/><U62/><E62/><V95/><F63/><W90/><G60/><T89/><D89/><U59/><E59/><V32/><F56/><W19/><G130/><N who="0" m="49707" /><D122/><U83/><E83/><V25/><F95/><W97/><G97/><T40/><D40/><U49/><E49/><V88/><F51/><W115/><G115/><T29/><D29/><U72/><AGARI ba="0,1" hai="24,31,34,36,41,44,72,77,78,81,82,86,101,102" machi="72" ten="20,5200,0" yaku="1,1,0,1,7,1,53,1" doraHai="13" doraHaiUra="37" who="1" fromWho="1" sc="209,-13,360,62,232,-13,189,-26" /><INIT seed="4,0,0,0,1,53" ten="196,422,219,163" oya="0" hai0="23,31,14,128,100,126,109,123,79,102,91,73,3" hai1="77,125,97,37,134,16,133,98,66,8,112,58,6" hai2="117,92,101,90,28,10,71,9,76,121,131,104,89" hai3="95,99,68,41,63,119,60,20,56,44,111,84,85"/><T108/><D123/><U35/><E37/><V5/><F121/><W27/><G111/><N who="0" m="42571" /><D3/><U135/><E35/><V32/><F71/><W107/><G107/><T47/><D126/><U113/><E77/><V110/><F110/><W43/><G119/><T64/><D128/><U61/><E16/><V130/><F104/><W21/><G68/><T80/><D64/><U127/><E98/><N who="2" m="59591" /><F76/><W19/><G20/><T22/><D91/><N who="2" m="34826" /><F5/><W36/><G43/><T82/><D82/><U116/><E97/><V42/><F42/><W83/><G83/><T45/><D22/><U11/><E116/><V18/><F18/><W51/><G36/><T38/><D38/><U29/><E29/><V114/><F114/><N who="1" m="44137" /><E11/><V132/><F117/><W75/><G75/><T81/><D81/><U17/><E17/><V87/><F87/><W13/><G85/><T2/><D31/><U15/><AGARI ba="0,0" hai="6,8,15,58,61,66,125,127,133,134,135" m="44137" machi="15" ten="40,8000,1" yaku="20,1,15,1,11,1,52,1" doraHai="53" who="1" fromWho="1" sc="196,-40,422,80,219,-20,163,-20" /><INIT seed="5,0,0,2,2,123" ten="156,502,199,143" oya="1" hai0="114,84,106,74,27,131,60,118,44,105,19,25,59" hai1="111,86,38,14,4,83,51,47,80,101,82,76,128" hai2="121,73,109,54,23,134,126,63,56,107,30,12,97" hai3="3,90,21,100,17,117,70,28,35,75,99,52,85"/><U33/><E33/><V39/><F121/><W37/><G75/><T43/><D118/><U77/><E38/><V55/><F73/><W132/><G70/><T119/><D119/><U129/><E101/><V98/><F39/><W72/><G72/><T64/><D74/><U87/><E83/><V9/><F126/><W124/><G117/><T67/><D114/><U58/><E58/><V78/><F78/><W68/><G68/><T103/><D131/><U48/><E111/><V79/><F79/><W8/><G37/><T122/><D122/><U93/><E93/><V26/><F134/><W18/><G124/><T20/><D67/><U31/><E31/><V49/><F107/><W42/><G42/><T89/><D27/><U108/><E108/><V113/><F113/><W112/><G35/><T66/><D66/><U7/><REACH who="1" step="1"/><E14/><REACH who="1" ten="156,492,199,143" step="2"/><V91/><F109/><W61/><G28/><T135/><D103/><U24/><E24/><V62/><F12/><W127/><G127/><T133/><D133/><U130/><E130/><V15/><F15/><W95/><G132/><T1/><D135/><U13/><E13/><V46/><F9/><W102/><G112/><T11/><D11/><U94/><E94/><V6/><F26/><N who="3" m="14639" /><G18/><T2/><D105/><U34/><E34/><V53/><F30/><W40/><G100/><T110/><D106/><U71/><E71/><V10/><F10/><W104/><G8/><T69/><D69/><U50/><E50/><V116/><F116/><W65/><G102/><T16/><D110/><U29/><E29/><V36/><F36/><W57/><G104/><RYUUKYOKU ba="0,1" sc="156,-10,492,30,199,-10,143,-10" hai1="4,7,47,48,51,76,77,80,82,86,87,128,129" /><INIT seed="5,1,1,3,5,26" ten="146,522,189,133" oya="1" hai0="124,22,69,80,88,121,111,39,50,19,116,9,71" hai1="101,132,35,32,112,85,51,107,36,115,55,31,29" hai2="89,5,133,131,67,105,94,128,100,113,15,70,13" hai3="102,90,92,1,119,72,61,109,27,75,45,33,16"/><U56/><E36/><V38/><F38/><W57/><G109/><T106/><D39/><U44/><E132/><V37/><F37/><W4/><G102/><T3/><D116/><U126/><E126/><V53/><F133/><W120/><G120/><T0/><D106/><U43/><E85/><V81/><F105/><W93/><G93/><T28/><D111/><U40/><E107/><V41/><F41/><W21/><G45/><T135/><D135/><U8/><E101/><V6/><F81/><W62/><G62/><T49/><D124/><U79/><E79/><V30/><F100/><W98/><G33/><N who="1" m="12874" /><E8/><V42/><F42/><N who="1" m="15913" /><E56/><V86/><F86/><W60/><G60/><T108/><D108/><U66/><E66/><V123/><F67/><W99/><G99/><T134/><D134/><U118/><E118/><V73/><F123/><W68/><G119/><T83/><D121/><U11/><E11/><V77/><F77/><W87/><G87/><N who="0" m="50279" /><D83/><U110/><E110/><V82/><F82/><W117/><G117/><T12/><D0/><U95/><E95/><V65/><F94/><W52/><G68/><T97/><D97/><U64/><E64/><V2/><F65/><W10/><AGARI ba="1,1" hai="1,4,10,16,21,27,52,57,61,72,75,90,92,98" machi="10" ten="30,8000,1" yaku="0,1,25,2,54,2" doraHai="26" who="3" fromWho="3" sc="146,-21,522,-41,189,-21,133,93" /><INIT seed="6,0,0,5,4,44" ten="125,481,168,226" oya="2" hai0="131,28,125,128,26,66,36,91,51,108,115,71,109" hai1="132,0,17,12,68,25,13,59,76,123,94,43,57" hai2="82,122,62,96,69,5,114,113,31,45,60,98,2" hai3="20,126,129,135,106,7,97,80,134,78,48,61,103"/><V111/><F122/><W39/><G39/><T105/><D105/><U37/><E68/><V100/><F111/><N who="0" m="42570" /><D91/><U50/><E0/><V18/><F31/><W133/><G129/><N who="0" m="49739" /><D26/><U67/><E37/><V6/><F82/><W32/><G32/><T40/><D28/><U102/><E76/><V4/><F2/><W88/><G7/><T83/><D83/><U63/><E132/><V52/><F18/><W27/><G88/><T101/><D101/><U11/><E123/><V8/><F8/><W73/><G126/><T65/><D125/><U55/><E43/><V86/><F86/><W84/><G84/><T117/><D115/><N who="2" m="44042" /><F69/><W95/><G80/><T46/><D117/><U130/><E130/><V74/><F74/><W85/><G85/><T70/><D36/><U121/><E121/><V81/><F81/><W54/><G73/><T90/><D90/><U53/><E25/><V104/><F98/><W89/><G78/><T107/><D107/><U72/><E13/><V38/><F38/><W19/><G106/><T42/><D42/><U49/><E72/><V56/><F45/><N who="3" m="27919" /><G135/><T92/><D92/><U119/><E119/><V127/><F127/><W34/><G134/><T15/><D15/><U120/><E120/><V16/><F16/><W58/><G133/><T33/><D33/><U64/><E94/><V110/><F110/><W10/><G34/><T24/><D24/><U93/><E93/><V47/><F47/><W112/><G112/><T41/><D41/><U118/><E118/><V79/><F79/><W14/><G95/><T3/><D3/><U116/><E116/><RYUUKYOKU ba="0,0" sc="125,15,481,-15,168,15,226,-15" hai0="40,46,51,65,66,70,71" hai2="4,5,6,52,56,60,62,96,100,104" /><INIT seed="6,1,0,5,1,101" ten="140,466,183,211" oya="2" hai0="112,19,123,2,40,133,86,51,18,15,75,39,115" hai1="130,27,46,116,66,82,36,29,83,81,59,13,127" hai2="34,4,111,26,134,110,128,28,117,30,98,120,126" hai3="107,125,78,99,119,14,33,24,122,93,25,42,100"/><V89/><F89/><W17/><G119/><T35/><D75/><U21/><E116/><V12/><F98/><W56/><G122/><T102/><D2/><U37/><E130/><V68/><F117/><W23/><G125/><T44/><D35/><U124/><E46/><V84/><F84/><W70/><G70/><T67/><D123/><U69/><E69/><V10/><F120/><W11/><G42/><T64/><D133/><U50/><E13/><V106/><F68/><W87/><G33/><T0/><D0/><U103/><E103/><V55/><F55/><W90/><G78/><T135/><D135/><U9/><E9/><V80/><F80/><W31/><G56/><T58/><D102/><U76/><E76/><V6/><F134/><W38/><G38/><T32/><D32/><U45/><E66/><N who="0" m="25129" /><D86/><U7/><E7/><N who="2" m="2603" /><F106/><W57/><G57/><T49/><D18/><U52/><REACH who="1" step="1"/><E59/><REACH who="1" ten="140,456,183,211" step="2"/><V95/><F128/><W91/><G91/><T71/><D71/><U41/><E41/><V43/><F43/><W79/><G79/><T22/><D58/><U48/><E48/><V63/><F10/><W16/><G25/><T60/><D60/><U5/><E5/><AGARI ba="1,1" hai="5,11,14,16,17,23,24,31,87,90,93,99,100,107" machi="5" ten="30,3900,0" yaku="7,1,52,1,54,1" doraHai="101" who="3" fromWho="1" sc="140,0,456,-42,183,0,211,52" /><INIT seed="7,0,0,3,0,60" ten="140,414,183,263" oya="3" hai0="101,114,126,28,109,127,23,55,131,68,29,35,79" hai1="72,76,113,112,11,36,26,134,84,81,90,22,16" hai2="21,93,41,87,105,9,124,128,75,15,120,67,17" hai3="59,110,39,19,6,100,89,47,80,4,107,20,69"/><W108/><G69/><T43/><D43/><U30/><E36/><V48/><F105/><W58/><G107/><T52/><D109/><U13/><REACH who="1" step="1"/><E134/><REACH who="1" ten="140,404,183,263" step="2"/><V12/><F120/><W51/><G39/><T135/><D135/><U54/><E54/><V42/><F41/><W61/><G108/><T83/><D131/><U132/><E132/><V86/><F42/><W1/><G110/><T38/><D38/><U27/><E27/><V95/><F128/><W115/><G115/><T123/><D123/><U102/><E102/><V117/><F124/><N who="0" m="47658" /><D114/><U2/><E2/><V73/><F117/><W32/><G1/><T37/><D37/><U94/><AGARI ba="0,1" hai="11,13,16,22,26,30,72,76,81,84,90,94,112,113" machi="94" ten="30,7900,0" yaku="1,1,0,1,54,1,53,1" doraHai="60" doraHaiUra="5" who="1" fromWho="1" sc="140,-20,404,89,183,-20,263,-39" owari="120,-38.0,493,59.3,163,-23.7,224,2.4" /></mjloggm>