<mjloggm ver="2.3"><GO type="169" lobby="0"/><UN n0="%41%6E%6B%6F%61%6E%6B%6F" n1="%E3%81%8B%E3%81%A3%E3%81%95%E3%83%BC" n2="%72%65%62%65%65%72" n3="%E3%83%AD%E3%83%AD%E3%82%93" dan="16,16,16,16" rate="2153.74,2148.63,2157.12,2128.90" sx="F,M,M,M"/><TAIKYOKU oya="0"/><INIT seed="0,0,0,2,5,130" ten="250,250,250,250" oya="0" hai0="16,86,50,79,89,61,56,35,21,74,5,14,3" hai1="26,122,41,90,108,69,64,99,47,76,53,0,29" hai2="88,11,31,129,112,38,36,84,51,10,39,19,48" hai3="58,105,15,25,77,102,65,70,128,9,24,46,43"/><T124/><D35/><U37/><E108/><V40/><F112/><W97/><G128/><T100/><D124/><U6/><E122/><V127/><F129/><W52/><G70/><T123/><D123/><U72/><E90/><V32/><F127/><W132/><G65/><T78/><D100/><U18/><E18/><V71/><F71/><W2/><G2/><T94/><D74/><U85/><E85/><V111/><F111/><W131/><G77/><T54/><REACH who="0" step="1"/><D61/><REACH who="0" ten="240,250,250,250" step="2"/><U30/><E72/><V116/><F32/><W27/><G131/><T118/><D118/><U22/><E30/><V98/><F116/><W95/><G105/><T7/><D7/><U135/><E6/><V17/><F31/><W96/><G96/><T81/><D81/><U109/><E99/><V104/><F98/><W107/><G107/><T126/><D126/><U33/><E29/><V110/><F104/><W113/><G113/><T92/><D92/><U133/><E33/><V42/><F110/><W34/><G34/><T60/><D60/><U49/><E109/><V120/><F120/><W12/><G132/><T106/><D106/><U103/><E103/><V1/><F84/><W45/><G95/><T117/><D117/><U91/><E133/><V93/><F93/><W101/><G97/><T62/><D62/><U8/><E135/><V83/><F83/><W20/><G102/><T63/><D63/><U119/><E119/><V13/><F38/><W66/><G101/><T68/><D68/><U134/><E37/><V87/><F87/><W28/><G66/><T59/><D59/><N who="1" m="33199" /><E134/><V80/><F39/><RYUUKYOKU ba="0,1" sc="240,30,250,-10,250,-10,250,-10" hai0="3,5,14,16,21,50,54,56,78,79,86,89,94" /><INIT seed="0,1,1,1,4,12" ten="270,240,240,240" oya="0" hai0="88,118,33,31,78,76,85,135,87,125,92,108,90" hai1="68,28,115,113,123,14,11,29,1,120,3,45,13" hai2="64,99,53,17,81,103,101,43,69,102,77,42,74" hai3="60,32,6,16,114,48,106,117,93,5,119,55,52"/><T22/><D118/><U134/><E45/><V27/><F99/><W91/><G106/><T109/><D33/><U86/><E86/><V71/><F71/><W66/><G32/><T36/><D36/><U132/><E68/><V129/><F129/><W19/><G114/><T122/><D122/><U126/><REACH who="1" step="1"/><E11/><REACH who="1" ten="270,230,240,240" step="2"/><V107/><F69/><W104/><G119/><T56/><D135/><U111/><E111/><N who="0" m="42569" /><D125/><AGARI ba="1,2" hai="1,3,13,14,28,29,113,115,120,123,125,126,132,134" machi="125" ten="25,12000,2" yaku="1,1,22,2,34,3,53,0" doraHai="12" doraHaiUra="54" who="1" fromWho="0" sc="270,-123,230,143,240,0,240,0" /><INIT seed="1,0,0,0,1,102" ten="147,373,240,240" oya="1" hai0="128,134,83,12,70,0,75,13,113,44,79,94,77" hai1="125,93,99,111,117,123,21,104,18,97,89,47,78" hai2="51,9,118,108,15,61,131,68,73,22,32,76,91" hai3="59,119,66,7,130,39,50,24,35,84,98,40,28"/><U129/><E117/><V85/><F32/><W101/><G130/><T127/><D44/><U2/><E123/><V58/><F131/><W110/><G110/><T19/><D12/><U126/><E2/><V27/><F108/><W33/><G119/><T11/><D77/><U95/><E129/><V31/><F118/><W53/><G35/><T1/><D128/><U115/><E115/><V120/><F120/><W57/><G7/><T42/><D113/><U92/><E47/><V8/><F73/><W55/><G66/><T17/><D42/><U38/><E38/><V81/><F68/><W14/><G14/><T103/><D17/><U26/><E78/><V69/><F69/><W112/><G112/><T109/><D70/><U54/><E111/><V132/><F132/><W37/><G84/><T36/><D36/><U135/><E135/><V88/><F51/><W20/><G40/><T87/><D134/><U48/><E48/><V122/><F122/><W72/><G72/><T67/><D67/><U96/><E54/><V100/><F100/><W64/><G33/><T105/><D109/><U80/><E104/><V124/><F124/><N who="1" m="47721" /><E80/><V5/><F8/><W23/><G64/><AGARI ba="0,0" hai="5,9,15,22,27,31,58,61,64,76,81,85,88,91" machi="64" ten="30,3900,0" yaku="7,1,8,1,54,1" doraHai="102" who="2" fromWho="3" sc="147,0,373,0,240,39,240,-39" /><INIT seed="2,0,0,1,5,119" ten="147,373,279,201" oya="2" hai0="6,127,65,61,84,11,29,114,39,124,67,106,125" hai1="62,81,99,18,32,9,31,49,55,130,78,96,15" hai2="69,82,68,1,36,83,77,48,14,23,134,63,25" hai3="95,135,97,93,71,52,79,42,7,108,128,12,21"/><V113/><F113/><W57/><G108/><T37/><D114/><U51/><E130/><V75/><F36/><W34/><G34/><T43/><D106/><U38/><E38/><V120/><F1/><W26/><G71/><T22/><D43/><U44/><E62/><V104/><F104/><W16/><G135/><T70/><D67/><U28/><E32/><V50/><F134/><W73/><G42/><T110/><D110/><U74/><E96/><V27/><F14/><W10/><G128/><T13/><REACH who="0" step="1"/><D84/><REACH who="0" ten="137,373,279,201" step="2"/><U60/><E74/><V33/><F75/><W66/><G66/><T53/><D53/><U24/><E55/><V4/><F69/><W102/><G73/><T19/><D19/><U45/><E18/><V59/><F68/><W56/><G79/><T133/><D133/><U90/><E78/><V30/><F77/><W86/><G86/><T118/><D118/><U17/><E17/><V58/><F4/><W126/><G126/><T72/><D72/><U122/><E31/><V46/><F30/><W103/><G52/><T109/><D109/><U112/><E28/><V94/><F46/><W35/><G35/><T40/><D40/><U2/><E112/><V105/><F33/><W116/><G116/><T5/><D5/><U41/><E41/><V121/><F105/><W123/><G123/><T88/><D88/><U89/><E89/><V111/><F111/><W64/><G64/><T20/><D20/><U101/><E122/><V100/><F23/><W98/><AGARI ba="0,1" hai="7,10,12,16,21,26,56,57,93,95,97,98,102,103" machi="98" ten="30,7900,0" yaku="0,1,9,1,8,1,54,1" doraHai="119" who="3" fromWho="3" sc="137,-20,373,-20,279,-39,201,89" /><INIT seed="3,0,0,1,1,91" ten="117,353,240,290" oya="3" hai0="100,68,8,120,132,121,32,128,94,40,117,45,35" hai1="71,135,22,49,9,114,10,118,56,108,33,60,99" hai2="44,25,58,102,134,133,125,123,66,64,73,19,4" hai3="67,105,20,11,18,1,75,17,24,97,70,74,113"/><W77/><G113/><T29/><D117/><U65/><E33/><V84/><F73/><W88/><G77/><T16/><D68/><U111/><E114/><V57/><F4/><W79/><G79/><T96/><D132/><N who="2" m="50794" /><F102/><W59/><G70/><T103/><D128/><U107/><E135/><V81/><F125/><W55/><G67/><N who="2" m="25641" /><F44/><W7/><G18/><T0/><D103/><U54/><E118/><V129/><F129/><W46/><G46/><T53/><D53/><U104/><E22/><N who="2" m="13535" /><F123/><W13/><G1/><T98/><D0/><U87/><E107/><V30/><F30/><W51/><REACH who="3" step="1"/><G105/><REACH who="3" ten="117,353,240,280" step="2"/><T43/><D121/><U69/><E104/><V48/><F48/><W5/><G5/><T127/><D120/><U39/><E71/><V31/><F31/><W83/><G83/><T122/><D122/><U15/><E69/><V90/><AGARI ba="0,1" hai="57,58,81,84,90" m="13535,25641,50794" machi="90" ten="30,1100,0" yaku="20,1" doraHai="91" who="2" fromWho="2" sc="117,-3,353,-3,240,21,280,-5" /><INIT seed="4,0,0,3,0,32" ten="114,350,261,275" oya="0" hai0="93,45,84,76,3,28,92,36,104,116,124,114,64" hai1="38,85,17,49,70,74,10,132,58,0,99,122,24" hai2="75,115,61,91,22,63,6,37,48,133,97,108,112" hai3="71,4,55,43,80,2,68,105,110,81,83,13,128"/><T109/><D116/><U72/><E70/><V89/><F37/><W102/><G128/><T21/><D104/><U62/><E122/><V87/><F108/><W119/><G119/><T56/><D109/><U101/><E38/><V113/><F75/><W117/><G117/><T66/><D114/><U131/><E131/><V12/><F133/><W7/><G43/><T78/><D124/><U103/><E103/><V5/><F48/><W100/><G13/><T15/><D36/><U34/><E49/><V26/><F97/><W125/><G125/><T19/><D45/><U94/><E85/><V51/><F51/><W106/><G55/><T42/><D42/><U127/><E132/><V77/><F77/><W8/><G110/><T86/><D28/><U9/><E9/><N who="2" m="4143" /><F6/><W27/><G27/><T95/><D3/><U118/><E127/><V14/><F14/><W65/><G65/><N who="0" m="25195" /><D56/><U135/><E135/><V96/><F96/><W67/><G67/><T57/><D57/><U126/><E126/><V53/><F53/><W40/><G40/><T90/><D90/><N who="2" m="34314" /><F87/><AGARI ba="0,0" hai="15,19,21,76,78,84,86,87,92,93,95" m="25195" machi="87" ten="30,1500,0" yaku="8,1" doraHai="32" who="0" fromWho="2" sc="114,15,350,0,261,-15,275,0" /><INIT seed="4,1,0,1,2,108" ten="129,350,246,275" oya="0" hai0="122,30,60,45,35,61,134,28,17,8,25,124,101" hai1="86,56,112,93,34,115,90,21,66,97,57,18,130" hai2="50,89,23,31,62,67,106,88,131,72,94,125,114" hai3="87,29,27,102,37,77,15,127,38,10,113,43,42"/><T51/><D122/><U82/><E34/><V41/><F106/><W99/><G127/><T55/><D134/><U71/><E71/><V63/><F72/><W36/><G87/><T65/><D124/><U12/><E130/><V104/><F104/><W2/><G77/><T39/><D30/><U133/><E133/><V6/><F6/><W132/><G132/><T53/><D39/><U69/><E69/><V7/><F7/><W98/><G98/><T54/><D101/><U24/><E12/><V111/><F111/><W9/><G2/><T48/><D65/><U0/><E0/><V110/><F67/><W81/><G81/><T75/><D75/><U135/><E135/><V100/><F100/><W52/><G52/><T123/><D123/><U40/><E40/><V96/><F131/><W46/><G43/><T109/><D109/><U91/><E66/><V103/><F103/><W44/><G44/><T85/><D85/><U83/><E82/><V20/><F31/><W117/><G117/><T32/><D32/><U107/><E107/><V59/><F89/><W74/><G74/><T73/><D73/><U49/><E49/><V78/><F78/><W26/><G29/><T22/><D8/><U126/><E126/><V120/><F120/><W105/><G9/><T70/><D70/><U47/><E47/><N who="2" m="25967" /><F110/><W118/><G118/><T3/><D3/><U16/><E18/><V79/><F79/><W128/><G128/><T19/><D19/><U80/><E80/><V11/><F11/><W84/><G36/><T5/><D28/><U121/><E121/><V129/><F125/><RYUUKYOKU ba="1,0" sc="129,-10,350,30,246,-10,275,-10" hai1="16,21,24,56,57,83,86,90,91,93,97,112,115" /><INIT seed="5,2,0,5,2,89" ten="119,380,236,265" oya="1" hai0="9,75,78,80,72,123,94,4,91,29,3,1,104" hai1="24,8,99,66,16,126,32,41,120,100,35,23,54" hai2="81,5,67,79,133,49,85,103,105,52,31,42,36" hai3="114,96,117,111,135,132,14,30,58,77,63,37,39"/><U56/><E120/><V113/><F133/><W125/><G77/><T15/><D123/><U88/><E126/><V46/><F31/><W74/><G74/><T73/><D104/><U130/><E130/><V7/><F113/><W11/><G30/><T107/><D107/><U26/><E41/><V33/><F33/><W0/><G0/><T50/><D29/><U55/><E8/><V60/><F103/><W51/><G51/><T124/><D124/><U109/><E109/><V129/><F105/><W106/><G111/><T134/><D134/><U93/><E66/><V22/><F22/><W65/><G114/><T102/><D102/><U13/><E55/><V28/><F28/><W27/><G27/><T19/><D50/><U64/><E64/><V47/><REACH who="2" step="1"/><F129/><REACH who="2" ten="119,380,226,265" step="2"/><W84/><G125/><T128/><D128/><U70/><E35/><V62/><F62/><W83/><G135/><T121/><D121/><U57/><E32/><V71/><AGARI ba="2,1" hai="5,7,36,42,46,47,49,52,60,67,71,79,81,85" machi="71" ten="20,12000,2" yaku="1,1,0,1,7,1,54,1,53,2" doraHai="89" doraHaiUra="43" who="2" fromWho="2" sc="119,-32,380,-62,226,136,265,-32" /><INIT seed="6,0,0,1,4,96" ten="87,318,362,233" oya="2" hai0="21,27,57,95,17,114,26,18,22,87,133,4,3" hai1="103,36,67,131,52,106,124,24,75,110,16,112,101" hai2="10,35,123,50,46,121,43,12,34,128,91,20,135" hai3="30,56,105,19,84,94,113,7,11,64,25,119,108"/><V88/><F128/><W48/><G105/><T63/><D114/><U111/><E75/><V37/><F135/><W15/><G119/><T115/><D115/><U44/><E112/><V130/><F130/><W125/><G125/><T132/><D3/><U61/><E131/><V83/><F37/><W13/><G113/><T98/><D4/><U100/><E106/><V127/><F127/><W79/><G108/><T85/><D133/><U40/><E124/><V70/><F70/><W117/><G117/><T81/><D81/><U71/><REACH who="1" step="1"/><E52/><REACH who="1" ten="87,308,362,233" step="2"/><V69/><F123/><W66/><G66/><T97/><D132/><U134/><E134/><V118/><F121/><W68/><G64/><T59/><D63/><U73/><E73/><V107/><F118/><W42/><G42/><T93/><AGARI ba="0,1" hai="17,18,21,22,26,27,57,59,85,87,93,95,97,98" machi="93" ten="25,6400,0" yaku="0,1,22,2,8,1" doraHai="96" who="0" fromWho="0" sc="87,74,308,-16,362,-32,233,-16" /><INIT seed="7,0,0,2,3,86" ten="161,292,330,217" oya="3" hai0="17,70,99,124,22,32,12,21,120,92,113,94,87" hai1="134,48,41,67,73,105,27,59,18,90,38,72,118" hai2="74,61,43,13,135,82,69,51,91,45,83,132,100" hai3="25,39,0,119,110,35,44,95,8,68,89,20,93"/><W77/><G68/><T123/><D70/><U54/><E105/><V16/><F100/><W37/><G77/><T60/><D32/><U1/><E1/><V56/><F69/><W7/><G110/><T28/><D124/><U46/><E134/><N who="2" m="51243" /><F91/><W31/><G95/><T85/><D113/><U9/><E118/><V65/><F74/><W64/><G64/><T80/><D123/><U88/><E67/><V66/><F65/><W57/><G57/><T53/><D120/><U106/><E106/><V121/><F121/><W116/><G44/><T63/><D53/><U109/><E109/><V129/><F129/><W101/><G101/><T112/><D112/><U122/><E122/><V126/><F126/><W52/><G52/><T4/><D4/><U133/><E133/><V108/><F108/><W76/><G76/><T26/><D94/><U47/><E47/><V11/><AGARI ba="0,0" hai="11,13,16,43,45,51,56,61,66,82,83" m="51243" machi="11" ten="30,2000,0" yaku="20,1,54,1" doraHai="86" who="2" fromWho="2" sc="161,-5,292,-5,330,20,217,-10" owari="156,-34.4,287,8.7,350,45.0,207,-19.3" /></mjloggm>