<mjloggm ver="2.3"><GO type="169" lobby="0"/><UN n0="%62%73%64%5F%33" n1="%E5%B0%8F%E5%AE%AE%E3%81%9F%E3%81%9A%E3%81%8D" n2="%41%6C%6C%2D%4C%75%63%6B" n3="%52%59%4F%40%53%53" dan="16,16,16,17" rate="2043.22,2104.56,2091.01,2150.59" sx="F,F,M,M"/><TAIKYOKU oya="0"/><INIT seed="0,0,0,0,5,18" ten="250,250,250,250" oya="0" hai0="53,23,29,122,76,75,95,41,130,71,14,62,78" hai1="60,90,9,57,80,65,67,31,73,34,27,81,19" hai2="33,28,32,128,133,69,123,108,126,103,113,68,37" hai3="25,55,13,112,124,66,12,100,1,125,0,24,64"/><T40/><D122/><U5/><E73/><V22/><F103/><W43/><G43/><T15/><D130/><U83/><E19/><V104/><F68/><W82/><G100/><T10/><D75/><U36/><E36/><V52/><F28/><W91/><G82/><T21/><D71/><U99/><E67/><V7/><F7/><W87/><G87/><T114/><D114/><U84/><REACH who="1" step="1"/><E99/><REACH who="1" ten="250,240,250,250" step="2"/><V42/><F37/><W96/><G96/><T6/><D29/><U106/><E106/><V3/><F42/><W26/><G64/><T58/><D41/><U120/><E120/><V39/><F52/><W107/><G66/><T118/><D40/><U4/><E4/><V63/><F63/><W115/><G55/><T77/><D118/><U135/><E135/><V85/><F85/><W50/><G107/><T74/><D74/><U119/><E119/><V2/><F2/><AGARI ba="0,1" hai="2,5,9,27,31,34,57,60,65,80,81,83,84,90" machi="2" ten="30,2000,0" yaku="1,1,7,1,53,0" doraHai="18" doraHaiUra="45" who="1" fromWho="2" sc="250,0,240,30,250,-20,250,0" /><INIT seed="1,0,0,1,0,118" ten="250,270,230,250" oya="1" hai0="109,72,35,25,92,81,42,32,113,64,14,9,73" hai1="66,19,20,87,80,122,65,134,41,85,82,117,91" hai2="1,36,31,61,63,101,96,78,62,13,27,88,15" hai3="45,26,5,40,50,83,16,120,49,121,47,106,104"/><U77/><E117/><V34/><F36/><W89/><G5/><T11/><D113/><U76/><E134/><V110/><F1/><W12/><G26/><T99/><D109/><U28/><E122/><V46/><F110/><W93/><G83/><T56/><D42/><U94/><E41/><V70/><F78/><W112/><G112/><T68/><D68/><U57/><E57/><V10/><F46/><W107/><G49/><T128/><D128/><U37/><E28/><V58/><F70/><W17/><G47/><T97/><D81/><U108/><E37/><V18/><F13/><W3/><G3/><T2/><D2/><U0/><E108/><V4/><F88/><W131/><G17/><T53/><D64/><U105/><E105/><V127/><F127/><W126/><G131/><T79/><D25/><U69/><E69/><V33/><F33/><W8/><REACH who="3" step="1"/><G126/><REACH who="3" ten="250,270,230,240" step="2"/><T30/><D30/><U124/><E124/><V84/><F4/><W44/><G44/><T95/><D14/><U114/><E114/><V100/><F58/><W23/><G23/><T75/><D56/><U51/><E51/><V59/><F59/><W123/><G123/><T67/><D75/><U52/><E0/><V102/><REACH who="2" step="1"/><F84/><AGARI ba="0,1" hai="8,12,16,40,45,50,84,89,93,104,106,107,120,121" machi="84" ten="40,8000,1" yaku="1,1,52,2,54,1,53,0" doraHai="118" doraHaiUra="135" who="3" fromWho="2" sc="250,0,270,0,230,-80,240,90" /><INIT seed="2,0,0,3,2,55" ten="250,270,150,330" oya="2" hai0="62,70,56,14,57,85,67,83,59,113,100,132,53" hai1="127,117,81,89,79,120,63,86,105,108,41,6,128" hai2="93,74,29,65,43,31,26,17,47,103,115,130,51" hai3="68,82,49,133,39,118,27,72,134,15,90,16,46"/><V110/><F115/><W78/><G68/><T30/><D113/><U54/><E117/><V111/><F74/><W124/><G118/><T58/><D132/><U73/><E120/><V38/><F130/><W116/><G116/><T2/><D2/><U4/><E128/><V121/><F121/><W0/><G0/><T99/><D30/><U32/><E32/><V36/><F65/><W125/><G27/><T122/><D122/><U131/><E131/><V94/><F17/><W123/><G90/><N who="0" m="51519" /><D70/><U20/><E105/><V52/><F31/><W1/><G1/><T64/><D14/><U10/><E41/><V25/><F25/><W24/><G39/><N who="2" m="14889" /><F43/><N who="3" m="24799" /><G24/><T60/><D60/><U33/><E63/><V76/><F76/><W22/><G123/><T69/><D69/><U34/><E79/><V18/><F18/><W112/><G112/><T50/><D62/><U12/><E73/><V101/><F103/><W104/><G104/><T96/><D100/><U135/><E34/><N who="2" m="20791" /><F101/><W80/><G80/><T9/><D9/><U42/><E81/><V75/><F75/><W35/><G35/><T114/><D114/><U92/><E33/><V37/><F37/><W21/><G21/><T40/><D40/><U3/><E42/><V45/><F45/><W28/><G28/><T44/><D44/><U66/><E20/><V95/><F95/><W7/><G7/><T11/><D11/><U102/><E6/><V8/><F8/><W19/><G19/><T129/><D129/><U119/><E4/><V109/><AGARI ba="0,0" hai="47,51,52,93,94,109,110,111" m="20791,14889" machi="109" ten="40,7800,0" yaku="14,1,10,1,54,1" doraHai="55" who="2" fromWho="2" sc="250,-26,270,-26,150,78,330,-26" /><INIT seed="2,1,0,0,0,109" ten="224,244,228,304" oya="2" hai0="63,50,119,9,53,114,35,10,2,132,38,46,28" hai1="19,97,20,74,128,105,120,1,34,43,131,4,17" hai2="59,84,11,21,14,22,98,96,135,77,91,101,52" hai3="36,30,103,55,100,75,29,102,49,39,130,7,24"/><V83/><F135/><W85/><G75/><T113/><D132/><U104/><E34/><V56/><F56/><W3/><G130/><T87/><D38/><U8/><E74/><V27/><F77/><W25/><G7/><T123/><D123/><U58/><E120/><V0/><F0/><W127/><G3/><T80/><D119/><U15/><E43/><V126/><F126/><W66/><G66/><T54/><D35/><U112/><E112/><V93/><F96/><W32/><G127/><T5/><D28/><U6/><E6/><V78/><F78/><W107/><G107/><T41/><D10/><U71/><E71/><V125/><F27/><W42/><G42/><T116/><D116/><U99/><E19/><N who="2" m="8671" /><F125/><W110/><G85/><T13/><D2/><U37/><E37/><V26/><F26/><W81/><G24/><T73/><D73/><U95/><E58/><V62/><AGARI ba="1,0" hai="21,22,52,59,62,83,84,91,93,98,101" m="8671" machi="62" ten="30,3000,0" yaku="8,1,54,1" doraHai="109" who="2" fromWho="2" sc="224,-11,244,-11,228,33,304,-11" /><INIT seed="2,2,0,4,3,111" ten="213,233,261,293" oya="2" hai0="51,64,125,59,61,24,45,95,34,110,65,85,62" hai1="103,121,8,10,102,3,69,129,72,55,90,18,40" hai2="93,19,118,88,57,26,123,28,84,94,1,89,33" hai3="39,114,35,119,116,54,20,44,4,73,77,56,91"/><V74/><F123/><W97/><G35/><T9/><D110/><U113/><E69/><V63/><F1/><W43/><G20/><T46/><D125/><U58/><E72/><V60/><F74/><W115/><G91/><T53/><D34/><U81/><E121/><V7/><F7/><W79/><G97/><T37/><D37/><U13/><E40/><V50/><F19/><W17/><G17/><T75/><D75/><U68/><E68/><V52/><F118/><W83/><G79/><T133/><D133/><U76/><E76/><V31/><F31/><W122/><G122/><T12/><D24/><U32/><E32/><V96/><AGARI ba="2,0" hai="26,28,33,50,52,57,60,63,84,88,89,93,94,96" machi="96" ten="20,7800,0" yaku="0,1,7,1,54,2" doraHai="111" who="2" fromWho="2" sc="213,-28,233,-28,261,84,293,-28" /><INIT seed="2,3,0,3,4,121" ten="185,205,345,265" oya="2" hai0="79,4,22,83,126,105,111,43,68,12,37,114,78" hai1="61,33,54,69,31,132,14,0,84,16,66,6,74" hai2="106,95,131,67,5,60,59,21,104,70,45,51,48" hai3="134,135,102,96,80,36,2,15,41,62,94,100,81"/><V86/><F131/><W116/><G2/><T71/><D105/><U129/><E132/><N who="3" m="50730" /><G116/><T87/><D114/><U8/><E129/><V38/><F5/><W28/><G28/><T98/><D126/><U88/><E74/><V113/><F113/><W52/><G102/><T82/><D98/><U19/><E54/><N who="2" m="32199" /><F51/><W57/><G15/><T112/><D112/><U108/><E108/><V58/><F58/><W63/><G36/><T30/><D30/><U76/><E76/><V49/><F49/><N who="3" m="30863" /><G41/><T93/><D43/><U26/><REACH who="1" step="1"/><E0/><REACH who="1" ten="185,195,345,265" step="2"/><V65/><F65/><W35/><G35/><T91/><D111/><U10/><E10/><V27/><F21/><W120/><G120/><T75/><D22/><U107/><E107/><V13/><F106/><W20/><G20/><T97/><REACH who="0" step="1"/><D37/><REACH who="0" ten="175,195,345,265" step="2"/><U55/><E55/><V115/><F104/><W122/><G122/><T9/><AGARI ba="3,2" hai="4,9,12,68,71,75,78,79,82,83,87,91,93,97" machi="9" ten="30,4000,0" yaku="1,1,2,1,0,1,53,0" doraHai="121" doraHaiUra="18" who="0" fromWho="0" sc="175,69,195,-13,345,-23,265,-13" /><INIT seed="3,0,0,5,2,24" ten="244,182,322,252" oya="3" hai0="104,26,112,89,105,49,121,1,20,39,25,70,41" hai1="97,133,56,54,3,23,9,60,38,44,106,123,4" hai2="134,81,64,114,66,15,52,5,88,86,95,31,45" hai3="99,28,100,27,130,63,30,11,78,21,91,103,73"/><W2/><G130/><T90/><D121/><U92/><E123/><V62/><F114/><W94/><G73/><T55/><D70/><U118/><E133/><V96/><F134/><W51/><G78/><T33/><D1/><U102/><E118/><V110/><F110/><W6/><G30/><T129/><D129/><U47/><E38/><V119/><F119/><W46/><REACH who="3" step="1"/><G63/><REACH who="3" ten="244,182,322,242" step="2"/><T69/><D112/><U8/><E8/><N who="2" m="4495" /><F31/><W58/><G58/><T35/><D69/><U10/><E10/><V83/><F83/><W128/><G128/><T59/><D59/><U18/><REACH who="1" step="1"/><E106/><REACH who="1" ten="244,172,322,242" step="2"/><V77/><F62/><W111/><G111/><T36/><D105/><U72/><E72/><V82/><F82/><W7/><G7/><T17/><D104/><U120/><E120/><V80/><F80/><W116/><G116/><T53/><D39/><U14/><AGARI ba="0,2" hai="3,4,9,14,18,23,44,47,54,56,60,92,97,102" machi="14" ten="20,2700,0" yaku="1,1,0,1,7,1,53,0" doraHai="24" doraHaiUra="109" who="1" fromWho="1" sc="244,-7,172,47,322,-7,242,-13" /><INIT seed="4,0,0,0,2,127" ten="237,219,315,229" oya="0" hai0="28,43,107,7,1,128,38,39,31,15,14,57,23" hai1="12,109,63,61,54,45,19,87,2,117,102,37,121" hai2="10,59,69,131,86,125,42,32,65,101,26,71,68" hai3="92,72,89,77,104,106,66,95,123,118,120,124,25"/><T35/><D107/><N who="3" m="41001" /><G66/><T36/><D43/><U13/><E2/><V98/><F125/><W100/><G25/><T21/><D57/><U73/><E73/><V103/><F42/><W8/><G8/><T85/><D85/><U93/><E121/><N who="3" m="46666" /><G124/><T24/><D39/><U5/><E109/><V16/><F59/><W105/><G118/><T126/><D38/><U75/><E13/><N who="0" m="4617" /><D36/><U115/><E12/><N who="2" m="7191" /><F65/><W46/><G46/><T40/><D40/><U134/><E54/><V52/><F52/><W111/><G111/><T132/><D132/><U3/><E134/><V96/><F71/><W130/><G89/><T22/><D126/><U11/><E117/><V50/><F69/><W53/><G53/><T30/><D128/><U94/><E45/><V112/><F131/><W84/><G130/><T62/><D62/><U97/><E37/><V82/><F68/><W56/><G56/><T76/><D76/><U80/><E63/><V81/><F50/><W48/><G48/><T49/><D49/><U29/><E61/><V47/><F47/><W110/><G110/><T70/><D70/><U116/><E116/><V17/><F103/><W64/><G64/><T90/><D90/><U6/><E102/><V34/><F101/><W129/><G129/><T60/><D60/><U83/><E75/><V67/><F67/><W74/><G84/><T20/><N who="0" m="5120" /><DORA hai="44" /><T79/><D79/><U51/><E87/><V4/><F86/><W58/><G58/><T113/><D113/><U108/><E115/><V99/><F112/><W9/><G74/><T122/><D122/><U114/><E114/><RYUUKYOKU ba="0,0" sc="237,30,219,-10,315,-10,229,-10" hai0="1,7,24,28,30,31,35" /><INIT seed="4,1,0,1,1,75" ten="267,209,305,219" oya="0" hai0="36,69,25,53,85,18,43,102,39,126,77,90,14" hai1="74,28,65,61,133,99,58,27,115,23,46,26,128" hai2="72,31,93,79,76,100,12,110,57,129,124,34,63" hai3="60,120,30,70,88,33,64,104,5,20,82,107,38"/><T21/><D69/><U101/><E133/><V95/><F110/><W3/><G38/><T67/><D67/><U81/><E128/><V48/><F72/><W40/><G40/><T59/><D126/><U123/><E123/><V118/><F129/><W32/><G120/><T109/><D109/><U122/><E122/><V121/><F124/><W51/><G51/><T111/><D102/><U97/><E115/><V108/><F108/><W35/><G30/><T106/><D106/><U103/><E46/><V8/><F34/><W37/><G20/><T17/><D43/><U105/><E27/><V29/><F48/><W47/><G47/><T13/><D25/><U56/><E56/><V84/><F118/><W116/><G37/><T15/><D77/><N who="2" m="29770" /><F84/><W10/><G116/><T6/><D6/><U98/><E105/><V119/><F119/><W49/><G49/><T96/><D96/><U89/><E74/><V44/><F44/><W68/><G68/><T114/><D39/><U117/><E117/><V55/><F121/><W83/><G107/><T45/><D45/><U4/><E4/><N who="2" m="3079" /><F93/><W112/><G104/><T80/><D36/><U19/><E28/><V52/><F55/><W113/><G82/><T62/><D111/><U94/><E81/><V66/><F66/><W134/><G134/><T130/><D130/><U24/><E24/><V127/><F127/><W125/><G125/><T92/><D92/><U131/><E131/><V135/><F135/><W91/><G83/><T132/><D132/><U7/><E7/><V42/><F42/><W0/><G0/><T41/><D41/><RYUUKYOKU ba="1,0" sc="267,-30,209,10,305,10,219,10" hai1="19,23,26,58,61,65,89,94,97,98,99,101,103" hai2="29,31,52,57,63,95,100" hai3="3,5,10,32,33,35,60,64,70,88,91,112,113" /><INIT seed="5,2,0,0,3,131" ten="237,219,315,229" oya="1" hai0="18,117,69,126,38,108,19,55,3,88,100,122,63" hai1="124,81,85,107,103,35,79,134,28,34,72,5,89" hai2="114,106,29,87,98,102,65,84,39,30,23,15,46" hai3="53,8,74,113,7,56,93,51,70,86,111,6,36"/><U14/><E124/><V12/><F114/><W20/><G74/><T11/><D108/><U105/><E134/><V49/><F39/><W67/><G111/><T127/><D117/><U17/><E5/><V71/><F84/><W54/><G36/><T64/><D38/><U40/><E40/><V25/><F30/><W52/><G113/><T2/><D122/><U133/><E133/><V101/><F101/><W129/><G129/><T13/><D100/><U62/><E62/><V44/><F44/><W78/><G70/><T43/><D43/><U76/><E76/><V120/><F120/><W50/><G20/><T97/><D19/><U4/><E4/><N who="3" m="1578" /><G8/><T121/><D55/><N who="3" m="14081" /><W31/><DORA hai="99" /><G31/><T57/><D69/><U68/><E68/><V132/><F132/><W0/><G0/><T75/><D75/><U110/><E110/><V58/><F71/><W96/><G86/><T41/><D41/><U59/><E59/><V135/><F135/><W109/><G78/><T16/><D18/><U95/><E28/><V33/><F87/><W125/><G125/><N who="0" m="47627" /><D121/><U118/><E118/><V123/><F123/><W42/><G42/><T22/><D11/><N who="1" m="6367" /><E107/><V73/><F73/><W37/><G37/><T26/><D26/><U9/><E9/><V130/><F130/><W60/><G109/><T92/><AGARI ba="2,0" hai="2,3,13,16,22,57,63,64,88,92,97" m="47627" machi="92" ten="30,4000,0" yaku="18,1,54,2" doraHai="131,99" who="0" fromWho="0" sc="237,46,219,-22,315,-12,229,-12" /><INIT seed="6,0,0,1,2,93" ten="283,197,303,217" oya="2" hai0="77,22,25,108,99,61,79,49,110,122,116,78,54" hai1="117,123,5,111,40,45,18,51,72,37,76,103,1" hai2="133,80,74,70,67,71,15,12,69,27,8,30,9" hai3="114,105,41,55,46,42,3,134,6,19,58,86,13"/><V107/><F107/><W113/><G134/><T112/><D122/><U85/><E117/><V26/><F133/><W34/><G34/><T38/><D116/><U28/><E111/><V0/><F0/><W29/><G29/><T73/><D73/><U2/><E123/><V124/><F124/><W21/><G105/><T106/><D38/><U44/><E72/><V11/><F67/><W56/><G3/><T94/><D112/><N who="3" m="43113" /><G6/><T87/><D106/><U60/><E5/><V135/><F135/><W131/><G131/><T7/><D7/><U132/><E28/><V81/><F74/><W10/><G21/><T101/><D61/><U120/><E60/><V63/><F63/><N who="3" m="36255" /><G58/><N who="0" m="33103" /><D110/><U98/><E18/><V48/><F48/><N who="3" m="26703" /><G86/><T23/><D23/><U91/><E120/><V102/><F102/><W57/><G57/><T95/><D87/><U20/><E20/><V129/><F129/><W53/><G53/><T47/><D22/><U39/><E132/><V62/><F62/><W66/><G42/><T100/><D100/><U88/><E2/><V90/><F30/><W104/><G104/><T16/><D108/><U82/><E1/><V17/><F17/><W43/><G43/><T109/><D109/><U52/><E37/><V35/><F35/><W64/><AGARI ba="0,0" hai="10,13,19,64,66" m="26703,36255,43113" machi="64" ten="30,2000,0" yaku="15,1,11,1" doraHai="93" who="3" fromWho="3" sc="283,-5,197,-5,303,-10,217,20" /><INIT seed="7,0,0,1,2,122" ten="278,192,293,237" oya="3" hai0="76,31,95,75,126,96,46,24,64,78,7,85,130" hai1="55,2,8,79,0,81,50,6,84,82,68,112,19" hai2="124,89,12,66,114,69,98,117,45,52,67,113,40" hai3="42,53,1,88,70,54,15,25,72,87,28,111,44"/><W38/><G72/><T74/><D74/><U127/><E112/><N who="2" m="43115" /><F117/><W18/><G1/><T32/><D75/><U65/><E127/><V33/><F52/><W121/><G70/><T110/><D130/><U58/><E19/><V94/><F33/><W51/><G111/><T26/><D64/><N who="2" m="24618" /><F124/><W43/><G121/><T21/><D110/><U135/><E135/><V133/><F12/><W86/><G86/><T90/><D7/><U97/><E82/><V80/><F80/><N who="3" m="49255" /><G54/><T29/><D126/><U104/><E0/><V47/><F133/><W93/><G93/><T105/><D46/><N who="2" m="17418" /><F69/><W5/><G38/><T11/><D11/><U100/><E65/><V36/><F40/><W23/><G5/><T27/><D27/><U125/><E125/><V120/><F120/><W103/><G103/><T63/><D63/><U16/><E16/><V61/><F61/><W9/><AGARI ba="0,0" hai="9,15,18,23,25,28,42,43,44,51,53" m="49255" machi="9" ten="30,6000,0" yaku="25,1,8,1,54,1" doraHai="122" who="3" fromWho="3" sc="278,-20,192,-20,293,-20,237,60" /><INIT seed="7,1,0,0,4,90" ten="258,172,273,297" oya="3" hai0="134,43,28,53,66,94,61,20,8,103,49,120,72" hai1="70,77,52,31,7,17,23,21,130,108,67,100,9" hai2="82,88,41,104,47,124,11,79,96,30,106,48,117" hai3="133,92,125,54,68,3,14,107,35,114,86,112,131"/><W1/><G107/><T116/><D120/><U55/><E108/><V19/><F124/><W45/><G125/><T24/><D116/><U50/><E130/><V13/><F30/><W118/><G131/><T99/><D72/><U87/><E70/><V127/><F117/><W128/><G128/><T75/><D75/><U46/><E67/><V95/><F127/><W98/><G118/><T64/><D134/><U126/><E126/><V25/><F25/><W105/><G68/><T5/><D43/><U84/><E31/><V16/><F19/><W57/><G35/><T111/><D111/><U121/><E121/><V10/><F10/><W113/><G45/><T74/><D74/><AGARI ba="1,0" hai="11,13,16,41,47,48,74,79,82,88,95,96,104,106" machi="74" ten="30,7700,0" yaku="7,1,52,1,54,2" doraHai="90" who="2" fromWho="0" sc="258,-80,172,0,273,80,297,0" owari="178,-22.2,172,-32.8,353,45.3,297,9.7" /></mjloggm>