<mjloggm ver="2.3"><GO type="169" lobby="0"/><UN n0="%73%65%69%67%65%6E" n1="%E3%81%95%E3%81%8F%E3%82%89%E3%81%88%E3%81%B3" n2="%74%6F%72%69%30%36%31%32" n3="%E3%81%86%E3%81%9A%E3%82%89%E5%8D%B5%E3%83%95%E3%83%A9%E3%82%A4" dan="17,16,18,16" rate="2208.89,2125.07,2188.85,2051.88" sx="M,M,M,M"/><TAIKYOKU oya="0"/><BYE who="2" /><INIT seed="0,0,0,0,4,76" ten="250,250,250,250" oya="0" hai0="75,21,43,73,110,122,16,25,24,98,107,118,83" hai1="94,40,69,78,53,15,6,12,39,41,52,36,17" hai2="93,20,92,115,90,117,42,82,59,85,81,5,68" hai3="74,100,108,60,14,13,30,11,64,106,133,130,79"/><T70/><D118/><UN n2="%74%6F%72%69%30%36%31%32" /><U35/><E69/><V72/><F68/><W37/><G37/><T113/><D113/><U131/><E35/><V66/><F115/><W9/><G108/><T132/><D122/><U104/><E104/><V95/><F117/><W38/><G38/><T33/><D110/><U119/><E119/><V57/><F42/><W116/><G116/><T101/><D132/><U62/><E131/><V114/><F114/><W109/><G109/><T123/><D123/><U34/><E34/><V28/><F5/><W50/><G50/><T91/><D43/><U67/><E6/><V0/><F0/><W77/><G30/><T49/><D49/><U29/><E29/><V97/><F97/><W120/><G60/><T23/><D33/><U46/><E78/><V86/><F72/><W63/><G63/><T125/><D125/><U61/><E94/><V22/><F66/><W4/><G64/><T96/><D70/><U88/><E67/><V19/><F28/><W112/><G112/><T7/><D7/><U44/><E17/><V27/><F22/><W129/><G4/><T71/><D71/><U3/><REACH who="1" step="1"/><E88/><AGARI ba="0,0" hai="19,20,27,57,59,81,82,85,86,88,90,92,93,95" machi="88" ten="40,8000,1" yaku="9,1,8,1,52,2,54,1" doraHai="76" who="2" fromWho="1" sc="250,0,250,-80,250,80,250,0" /><INIT seed="1,0,0,3,4,10" ten="250,170,330,250" oya="1" hai0="104,31,5,32,65,30,45,81,131,50,15,23,59" hai1="26,106,55,100,105,123,130,52,101,124,98,4,83" hai2="110,34,14,128,87,132,39,112,37,78,109,11,113" hai3="9,134,96,47,73,79,117,125,16,86,127,75,95"/><U91/><E123/><V97/><F34/><W72/><G134/><T92/><D32/><U107/><E124/><N who="3" m="47690" /><G117/><T56/><D104/><U57/><E130/><V118/><F118/><W135/><G135/><T27/><D131/><U53/><E4/><N who="2" m="3431" /><F132/><W3/><G47/><T8/><D31/><U88/><E57/><V22/><F128/><W71/><G71/><T64/><D92/><U6/><E6/><V120/><F22/><W28/><G28/><T12/><D12/><U102/><E98/><V111/><F97/><W29/><G29/><T25/><D25/><U103/><N who="1" m="25600" /><DORA hai="17" /><U69/><E69/><V21/><F21/><W129/><G129/><T18/><D5/><U133/><E133/><V84/><F120/><W62/><G3/><T20/><D8/><U44/><E44/><V85/><F78/><W41/><G96/><T24/><D24/><U58/><E58/><N who="0" m="22057" /><D81/><U35/><E83/><V60/><F60/><W43/><G62/><T42/><AGARI ba="0,0" hai="15,18,20,23,27,30,42,45,50,64,65" m="22057" machi="42" ten="30,7900,0" yaku="8,1,52,3" doraHai="10,17" who="0" fromWho="0" sc="250,79,170,-39,330,-20,250,-20" /><INIT seed="2,0,0,4,4,32" ten="329,131,310,230" oya="2" hai0="125,79,78,10,6,28,31,24,84,102,46,36,2" hai1="43,90,62,121,73,115,72,5,51,35,127,56,16" hai2="41,14,130,105,124,54,107,4,59,98,85,83,1" hai3="93,40,49,109,33,13,120,82,97,69,104,94,42"/><V19/><F124/><W20/><G33/><T8/><D125/><U111/><E111/><V76/><F130/><W89/><G109/><T44/><D31/><U23/><E115/><V86/><F41/><W108/><G108/><T34/><D102/><U53/><E127/><V81/><F98/><W123/><G69/><T70/><D70/><U60/><E35/><V114/><F4/><W80/><G104/><T57/><D57/><U25/><E121/><V106/><F1/><W87/><G123/><T134/><D134/><U126/><E126/><V21/><F114/><W135/><G135/><T116/><D116/><U71/><E43/><V67/><F67/><W3/><G3/><T37/><D10/><U68/><E71/><V110/><F110/><W61/><G61/><T119/><D119/><U9/><E90/><V77/><REACH who="2" step="1"/><F107/><REACH who="2" ten="329,131,300,230" step="2"/><W17/><G120/><T29/><D6/><U11/><E5/><V27/><F27/><W103/><G40/><T95/><D2/><U75/><REACH who="1" step="1"/><E68/><REACH who="1" ten="329,121,300,230" step="2"/><V118/><F118/><W26/><G42/><T47/><D37/><U131/><E131/><V66/><F66/><W122/><G122/><T12/><D36/><U15/><E15/><V45/><F45/><W52/><G26/><T22/><D24/><U100/><E100/><V63/><AGARI ba="0,2" hai="14,19,21,54,59,63,76,77,81,83,85,86,105,106" machi="63" ten="20,12000,1" yaku="1,1,0,1,7,1,9,1,53,1" doraHai="32" doraHaiUra="18" who="2" fromWho="2" sc="329,-40,121,-40,300,140,230,-40" /><INIT seed="2,1,0,0,4,115" ten="289,81,440,190" oya="2" hai0="84,93,62,127,30,50,90,21,129,0,26,56,4" hai1="126,8,41,17,36,74,125,5,44,124,97,116,52" hai2="113,85,86,47,58,91,29,31,92,103,32,7,9" hai3="51,57,111,135,37,64,128,11,83,13,81,39,73"/><V15/><F113/><W114/><G114/><T134/><D134/><U75/><E17/><V16/><F32/><W59/><G135/><T38/><D38/><U112/><E112/><V40/><F103/><W132/><G132/><T110/><D110/><U78/><E97/><V28/><F58/><W61/><G111/><T98/><D129/><U68/><E116/><V23/><F86/><W117/><G128/><T63/><D127/><U122/><E122/><V55/><F55/><W69/><G69/><T33/><D33/><U18/><E18/><V67/><F67/><W96/><G117/><T27/><D27/><U120/><E120/><V131/><F131/><W20/><G20/><T82/><D0/><U19/><E19/><V24/><REACH who="2" step="1"/><F31/><REACH who="2" ten="289,81,430,190" step="2"/><W102/><G59/><T79/><D56/><U76/><E52/><V25/><F25/><W105/><G57/><T118/><D26/><U107/><E68/><V43/><F43/><W60/><G64/><T133/><D30/><U80/><E107/><V121/><F121/><W72/><G102/><T49/><D84/><U3/><REACH who="1" step="1"/><E126/><REACH who="1" ten="289,71,430,190" step="2"/><V10/><F10/><W100/><G11/><T45/><D133/><U46/><E46/><V6/><F6/><W88/><G105/><T65/><D4/><U1/><E1/><V2/><F2/><W54/><G54/><T66/><D45/><U94/><E94/><V12/><F12/><W99/><G13/><T48/><D93/><U119/><E119/><V14/><F14/><W35/><G99/><T109/><D118/><U42/><E42/><V53/><F53/><W104/><G96/><RYUUKYOKU ba="1,2" sc="289,-15,71,15,430,15,190,-15" hai1="3,5,8,36,41,44,74,75,76,78,80,124,125" hai2="7,9,15,16,23,24,28,29,40,47,85,91,92" /><INIT seed="2,2,2,5,3,49" ten="274,86,445,175" oya="2" hai0="84,108,61,27,71,96,103,92,76,12,15,113,115" hai1="73,60,24,112,129,117,9,91,135,130,36,102,45" hai2="106,120,0,72,66,3,4,2,134,34,83,43,116" hai3="119,128,118,20,11,94,42,17,131,98,122,55,6"/><V105/><F120/><W74/><G122/><T40/><D108/><U32/><E112/><V31/><F116/><W59/><G74/><T50/><D115/><U57/><E117/><V104/><F66/><W70/><G42/><T37/><D37/><U78/><E102/><V35/><F134/><W65/><G65/><T63/><D71/><U80/><E135/><V8/><F43/><W41/><G41/><T16/><D15/><U25/><E36/><V97/><F97/><W121/><G70/><T48/><D27/><U87/><E45/><V101/><F101/><W29/><G29/><T14/><D14/><U82/><E9/><V13/><F31/><W77/><G77/><T56/><D40/><U62/><E62/><V127/><F127/><W126/><G126/><T79/><D63/><U125/><E125/><V69/><F69/><W38/><G38/><T99/><D99/><U21/><E32/><V7/><F7/><W133/><G133/><T68/><D68/><U22/><E25/><V51/><F51/><N who="0" m="19498" /><D84/><U95/><E80/><V64/><F64/><W58/><G121/><T28/><D28/><U132/><E132/><V111/><F111/><W19/><G119/><T44/><D44/><U54/><REACH who="1" step="1"/><E24/><REACH who="1" ten="274,76,445,175" step="2"/><V10/><F10/><W85/><G11/><N who="0" m="6175" /><D113/><U81/><E81/><V88/><F35/><W107/><G118/><T53/><AGARI ba="2,3" hai="53,56,61,76,79,92,96,103" m="6175,19498" machi="53" ten="30,4000,0" yaku="8,1,52,1,54,1" doraHai="49" who="0" fromWho="0" sc="274,76,76,-12,445,-22,175,-12" /><INIT seed="3,0,0,0,3,17" ten="350,64,423,163" oya="3" hai0="39,80,134,93,13,45,99,112,90,113,84,68,4" hai1="40,31,107,5,56,27,25,64,46,114,8,18,130" hai2="98,48,120,110,89,111,7,23,74,44,96,101,29" hai3="122,30,92,14,2,6,97,108,135,20,37,105,11"/><W78/><G122/><T63/><D134/><U95/><E107/><V126/><F74/><W71/><G71/><T43/><D4/><U59/><E114/><N who="0" m="44137" /><D13/><U35/><E130/><V50/><F120/><W1/><G37/><T36/><D68/><U55/><E64/><V47/><F7/><W0/><G135/><T19/><D19/><U73/><E73/><V116/><F89/><W3/><G105/><T41/><D63/><U104/><E104/><V69/><F101/><W132/><G132/><T26/><D26/><U81/><E81/><V76/><F76/><W15/><G78/><N who="0" m="46103" /><D43/><U91/><E55/><V133/><F69/><W67/><G67/><T77/><D77/><U66/><E18/><V21/><F133/><W82/><G0/><T49/><AGARI ba="0,0" hai="36,39,41,45,49,90,93,99" m="46103,44137" machi="49" ten="30,1100,0" yaku="11,1" doraHai="17" who="0" fromWho="0" sc="350,11,64,-3,423,-3,163,-5" /><INIT seed="4,0,0,1,5,66" ten="361,61,420,158" oya="0" hai0="116,30,42,93,85,121,124,103,87,28,69,125,92" hai1="79,67,3,14,100,17,65,64,6,60,0,117,4" hai2="112,97,33,57,109,38,70,62,110,95,12,46,76" hai3="88,27,114,90,23,128,99,134,11,15,31,55,135"/><T108/><D42/><U73/><E117/><V9/><F33/><W37/><G114/><T7/><D7/><U19/><E100/><V36/><F112/><W35/><G128/><T94/><D116/><U102/><E102/><V45/><F70/><W49/><G37/><T43/><D43/><U5/><E60/><V74/><F76/><W105/><G35/><T8/><D103/><U82/><REACH who="1" step="1"/><E14/><REACH who="1" ten="361,51,420,158" step="2"/><V18/><F12/><W48/><G15/><T111/><D121/><U96/><E96/><V47/><F62/><W126/><G99/><T50/><D111/><U133/><E133/><V56/><F97/><W129/><G134/><T44/><D108/><U130/><E130/><V22/><F110/><W40/><G129/><T78/><D125/><U83/><E83/><V26/><F95/><W2/><G126/><T127/><D124/><U21/><E21/><V91/><F109/><W51/><G23/><T106/><D127/><U24/><E24/><V89/><F22/><W54/><G27/><T107/><D93/><U123/><E123/><V132/><F26/><W1/><G135/><T120/><D94/><U61/><E61/><V86/><F132/><W63/><G63/><T84/><D92/><U58/><E58/><V77/><F57/><W13/><G13/><T104/><D120/><U122/><E122/><V32/><F56/><W53/><G1/><AGARI ba="0,1" hai="0,1,3,4,5,6,17,19,64,65,67,73,79,82" machi="1" ten="50,1600,0" yaku="1,1,53,0" doraHai="66" doraHaiUra="80" who="1" fromWho="3" sc="361,0,51,26,420,0,158,-16" /><INIT seed="5,0,0,5,4,51" ten="361,77,420,142" oya="1" hai0="77,124,14,56,66,93,70,134,57,9,24,46,62" hai1="107,1,104,132,112,29,73,11,5,88,118,47,110" hai2="89,20,135,69,99,53,92,55,115,16,78,123,105" hai3="28,50,17,84,121,68,95,8,26,133,90,63,52"/><U113/><E118/><V83/><F123/><W30/><G121/><T12/><D134/><U7/><E73/><V22/><F69/><W60/><G133/><T59/><D124/><U117/><E117/><V97/><F135/><W101/><G101/><T71/><D71/><U91/><E132/><V43/><F22/><N who="3" m="15447" /><G68/><T87/><D46/><U74/><E74/><V33/><F33/><W79/><G30/><T15/><D24/><U102/><E29/><V42/><F115/><N who="1" m="44105" /><E7/><V34/><F34/><W25/><G79/><T35/><D35/><U125/><E125/><V45/><F99/><W19/><G25/><T106/><D106/><N who="1" m="40491" /><E102/><V103/><F103/><W100/><G100/><T27/><D27/><U58/><E110/><V122/><F105/><W37/><G37/><T82/><REACH who="0" step="1"/><D93/><REACH who="0" ten="351,77,420,142" step="2"/><U48/><E58/><V76/><F122/><W40/><G95/><T127/><D127/><U131/><E131/><V109/><F109/><W120/><G120/><T111/><D111/><U54/><AGARI ba="0,1" hai="1,5,11,47,48,54,88,91" m="40491,44105" machi="54" ten="30,6000,0" yaku="15,1,52,1,54,1" doraHai="51" who="1" fromWho="1" sc="351,-20,77,70,420,-20,142,-20" /><INIT seed="5,1,0,1,3,11" ten="331,147,400,122" oya="1" hai0="57,73,31,27,55,132,4,22,112,62,68,108,74" hai1="42,25,17,105,47,111,38,109,35,3,6,122,16" hai2="113,129,89,61,83,124,30,45,18,24,98,130,120" hai3="118,82,10,125,28,52,64,100,116,103,88,7,12"/><U91/><E122/><V79/><F120/><W32/><G125/><T107/><D108/><N who="1" m="41547" /><E105/><V37/><F61/><W76/><G64/><T54/><D112/><U94/><E3/><V21/><F124/><W104/><G32/><T43/><D132/><U40/><E6/><V102/><F89/><W106/><G28/><T133/><D133/><U60/><E42/><V96/><F113/><W66/><G66/><T8/><D68/><U75/><E60/><V67/><F67/><W90/><G103/><T19/><D107/><U59/><E59/><V119/><F119/><N who="3" m="45611" /><G52/><T51/><D43/><U34/><E75/><V70/><F70/><W69/><G69/><T81/><D81/><U36/><E38/><V72/><F45/><W77/><G77/><T134/><D134/><U2/><E2/><V84/><F72/><N who="3" m="43271" /><G106/><T44/><REACH who="0" step="1"/><D31/><REACH who="0" ten="321,147,400,122" step="2"/><N who="1" m="19823" /><E35/><V49/><F30/><W29/><G29/><T97/><D97/><AGARI ba="1,1" hai="16,17,36,40,47,91,94,97" m="19823,41547" machi="97" ten="30,2900,0" yaku="10,1,54,1" doraHai="11" who="1" fromWho="0" sc="321,-32,147,42,400,0,122,0" /><AGARI ba="1,0" hai="7,10,12,88,90,97,100,104" m="43271,45611" machi="97" ten="30,3900,0" yaku="12,1,52,1,54,1" doraHai="11" who="3" fromWho="0" sc="289,-39,189,0,400,0,122,39" /><INIT seed="5,2,0,3,3,91" ten="250,189,400,161" oya="1" hai0="101,51,133,97,13,58,50,107,80,71,38,100,109" hai1="69,21,28,113,106,116,117,89,34,57,60,131,127" hai2="94,108,93,55,70,88,83,56,84,122,110,87,15" hai3="118,99,43,68,31,67,77,37,14,81,90,78,25"/><U130/><E34/><V36/><F70/><W41/><G118/><T17/><D71/><U72/><E72/><V135/><F36/><W18/><G68/><T44/><D109/><U1/><E1/><V73/><F122/><W40/><G67/><T125/><D125/><U19/><E28/><V2/><F2/><W115/><G115/><T120/><D133/><U9/><E9/><V123/><F123/><W124/><G124/><T85/><D101/><U53/><E106/><V82/><F73/><W134/><G134/><T20/><D120/><U102/><E102/><V105/><F105/><W29/><G37/><T103/><D103/><U112/><E89/><N who="2" m="53439" /><F135/><W32/><G31/><T5/><D5/><U16/><E69/><V63/><F110/><W75/><G78/><T59/><D51/><U8/><E8/><V46/><F108/><W54/><G54/><T66/><D66/><U49/><E19/><V11/><F46/><W4/><G4/><AGARI ba="2,0" hai="4,11,15,55,56,63,82,83,84,88,94" m="53439" machi="4" ten="30,7700,0" yaku="8,1,52,2,54,1" doraHai="91" who="2" fromWho="3" sc="250,0,189,0,400,83,161,-83" /><INIT seed="6,0,0,2,2,118" ten="250,189,483,78" oya="2" hai0="11,15,12,35,51,45,56,24,65,28,59,49,6" hai1="116,32,57,82,109,100,17,84,103,31,8,44,39" hai2="117,120,119,7,70,71,3,64,75,29,102,13,34" hai3="14,5,67,80,121,95,10,66,93,72,92,104,1"/><V16/><F75/><W46/><G104/><T54/><D65/><U83/><E109/><V18/><F102/><W33/><G33/><T21/><D35/><U63/><E116/><V50/><F50/><W105/><G105/><T88/><D15/><U76/><E39/><V122/><F64/><W27/><G27/><T106/><D106/><U91/><E44/><V97/><F97/><W38/><G14/><T26/><D26/><U79/><E91/><V73/><F73/><W101/><G101/><T58/><REACH who="0" step="1"/><D88/><REACH who="0" ten="240,189,483,78" step="2"/><U4/><E32/><V19/><F13/><W77/><REACH who="3" step="1"/><G121/><REACH who="3" ten="240,189,483,68" step="2"/><T61/><D61/><U135/><E63/><V81/><F122/><W36/><G36/><T90/><D90/><U62/><E62/><V42/><F120/><W37/><G37/><T111/><D111/><U108/><E108/><V43/><F34/><W133/><G133/><T30/><D30/><U132/><E31/><V48/><F29/><W112/><G112/><T128/><D128/><U114/><E114/><V2/><F119/><W74/><G74/><T25/><D25/><U22/><E132/><V20/><F117/><W87/><G87/><T127/><D127/><U69/><E84/><V89/><F89/><W40/><AGARI ba="0,2" hai="1,5,10,38,40,46,66,67,72,77,80,92,93,95" machi="40" ten="30,8000,1" yaku="1,1,0,1,25,2,53,1" doraHai="118" doraHaiUra="78" who="3" fromWho="3" sc="240,-20,189,-20,483,-40,68,100" /><INIT seed="7,0,0,1,1,122" ten="220,169,443,168" oya="3" hai0="26,17,120,129,121,88,66,38,124,39,132,64,57" hai1="19,45,115,82,70,104,54,23,68,62,86,55,16" hai2="109,14,107,5,81,117,22,76,65,96,30,36,94" hai3="44,24,131,91,12,40,103,11,61,29,48,25,49"/><W73/><G73/><T116/><D116/><U35/><E104/><V63/><F36/><W52/><G131/><T33/><D129/><U15/><E35/><V93/><F107/><W32/><G103/><T51/><D132/><U2/><E2/><V75/><F117/><W133/><G133/><T134/><D134/><U74/><E74/><V42/><F42/><W21/><G91/><T98/><D124/><U95/><E115/><V34/><F34/><W3/><G3/><T83/><D39/><U1/><E1/><V78/><F78/><W20/><G61/><T8/><D38/><U56/><E95/><V41/><F41/><W113/><G113/><T87/><D66/><U10/><E45/><V71/><F93/><W105/><G105/><T7/><D98/><U85/><E85/><V106/><F106/><W50/><G32/><T9/><D33/><U72/><E72/><V28/><F5/><N who="3" m="3183" /><G40/><T114/><D114/><U27/><E55/><V89/><F63/><W53/><G53/><T59/><D7/><U102/><E102/><V135/><F71/><W110/><G110/><T111/><D111/><U101/><E101/><V67/><F109/><W130/><G130/><T127/><D121/><U112/><E112/><V125/><F135/><W126/><G126/><T58/><D127/><U43/><E43/><V4/><F125/><W69/><G69/><T37/><D120/><U46/><E46/><V119/><F119/><W6/><G6/><T31/><D37/><U128/><E128/><V80/><F4/><W79/><G79/><AGARI ba="0,0" hai="10,15,16,19,23,27,54,56,62,68,70,79,82,86" machi="79" ten="30,2000,0" yaku="7,1,54,1" doraHai="122" who="1" fromWho="3" sc="220,0,169,20,443,0,168,-20" owari="220,2.0,189,-21.1,443,54.3,148,-35.2" /></mjloggm>