<mjloggm ver="2.3"><GO type="225" lobby="0"/><UN n0="%73%68%75%6D%70" n1="%E3%81%BF%E3%81%BF%E3%81%9A" n2="%E3%83%96%E3%83%83%E3%83%91%E3%82%AA%E3%83%96%E3%83%81%E3%82%AD%E3%83%B3" n3="%E6%A1%9C%E6%B2%A2%E5%A2%A8" dan="16,17,16,16" rate="2116.09,2233.30,2135.35,2070.48" sx="M,M,M,F"/><TAIKYOKU oya="0"/><INIT seed="0,0,0,5,0,110" ten="250,250,250,250" oya="0" hai0="96,8,85,123,22,21,48,63,3,2,17,70,19" hai1="79,52,5,83,109,126,121,28,116,112,50,53,101" hai2="1,24,88,44,117,107,62,74,33,132,49,106,23" hai3="100,26,59,76,4,87,60,118,78,73,104,7,119"/><T128/><D123/><U90/><E121/><V14/><F1/><W130/><G73/><T111/><D111/><U89/><E116/><V57/><F74/><W113/><G130/><T102/><D8/><U65/><E109/><V9/><F117/><W39/><G39/><T47/><D85/><U84/><E126/><V0/><F0/><W55/><G118/><T97/><D63/><U6/><E112/><V43/><F33/><W13/><G119/><T36/><D70/><U77/><E101/><V41/><F132/><W18/><G113/><T94/><D96/><U75/><E28/><V58/><F41/><W127/><G127/><T125/><D36/><U69/><E53/><V129/><F129/><W67/><G26/><T95/><D95/><U64/><E89/><V122/><F122/><W56/><G104/><T93/><D93/><U25/><E25/><V108/><F108/><W66/><G100/><T20/><D128/><U34/><E34/><V37/><F37/><W135/><G135/><T27/><D21/><U131/><E131/><V10/><F88/><W133/><G133/><T134/><D125/><U61/><E65/><N who="3" m="24586" /><G59/><N who="2" m="22537" /><F62/><W124/><G124/><T11/><D11/><N who="2" m="4106" /><F24/><W54/><G54/><T51/><D134/><U120/><E120/><V29/><F29/><W40/><G40/><T71/><D71/><U80/><REACH who="1" step="1"/><E90/><REACH who="1" ten="250,240,250,250" step="2"/><V99/><F99/><W103/><G103/><T46/><D97/><U114/><E114/><V32/><F32/><W12/><G55/><T82/><D102/><U86/><E86/><V15/><F15/><N who="3" m="5707" /><G87/><T105/><D27/><U35/><E35/><RYUUKYOKU ba="0,1" sc="250,-15,240,15,250,15,250,-15" hai1="5,6,50,52,61,64,69,75,77,79,80,83,84" hai2="14,23,43,44,49,106,107" /><INIT seed="1,1,1,0,0,44" ten="235,255,265,235" oya="1" hai0="15,97,26,103,117,128,54,21,2,62,132,68,126" hai1="22,96,116,38,90,108,42,5,129,51,34,95,0" hai2="92,107,131,16,49,28,122,123,33,67,17,111,134" hai3="41,79,120,24,80,109,7,81,84,48,35,78,106"/><U58/><BYE who="0" /><E116/><V56/><F107/><W14/><G120/><UN n0="%73%68%75%6D%70" /><T100/><D126/><U19/><E34/><V30/><F111/><W36/><G109/><T4/><D132/><U23/><E108/><V121/><F134/><W13/><G106/><T57/><D128/><U70/><E70/><V114/><F131/><W83/><G36/><T55/><D68/><U8/><E129/><V73/><F73/><W130/><G130/><T75/><D2/><U45/><REACH who="1" step="1"/><E19/><REACH who="1" ten="235,245,265,235" step="2"/><V71/><F33/><W135/><G135/><T89/><D117/><U61/><E61/><V64/><F71/><W127/><G35/><T104/><D62/><U25/><E25/><V20/><F123/><W53/><G24/><T85/><D26/><U66/><E66/><N who="2" m="25131" /><F17/><W9/><G127/><T119/><D119/><U18/><E18/><V60/><F122/><W77/><G41/><T39/><D21/><U46/><E46/><V6/><F60/><W37/><G37/><T27/><D27/><U72/><E72/><V76/><F121/><W87/><REACH who="3" step="1"/><G14/><REACH who="3" ten="235,245,265,225" step="2"/><T32/><D39/><U124/><E124/><V50/><F114/><W10/><G10/><T40/><D40/><U112/><E112/><V118/><F118/><W29/><G29/><T47/><D15/><U43/><E43/><V98/><F30/><W1/><G1/><T65/><D32/><U11/><E11/><V88/><F28/><W99/><G99/><T12/><D12/><U105/><E105/><V93/><F98/><W125/><G125/><T86/><D97/><U52/><AGARI ba="1,3" hai="0,5,8,22,23,38,42,45,51,52,58,90,95,96" machi="52" ten="30,11700,0" yaku="1,1,0,1,52,1,54,1,53,0" doraHai="44" doraHaiUra="74" who="1" fromWho="1" sc="235,-40,245,150,265,-40,225,-40" /><INIT seed="1,2,0,5,4,131" ten="195,395,225,185" oya="1" hai0="17,45,114,74,100,31,134,101,71,133,110,18,36" hai1="119,4,112,33,8,94,64,58,84,125,65,80,103" hai2="25,69,73,68,0,41,5,109,92,95,19,54,52" hai3="53,78,34,1,107,49,56,111,6,51,26,90,7"/><U108/><E112/><V61/><F73/><W76/><G107/><T102/><D114/><U27/><E119/><V104/><F104/><W82/><G111/><T128/><D128/><U117/><E117/><V44/><F109/><W9/><G7/><T132/><D110/><U60/><E108/><V11/><F95/><W81/><G90/><T12/><D71/><U86/><E125/><V99/><F19/><W29/><REACH who="3" step="1"/><G51/><REACH who="3" ten="195,395,225,175" step="2"/><T66/><D66/><U123/><E65/><V129/><F129/><W46/><G46/><T10/><D45/><U37/><E64/><V23/><F44/><W72/><G72/><T63/><D36/><U115/><E103/><V43/><F5/><W126/><G126/><T105/><D74/><U118/><E4/><V88/><F88/><W3/><G3/><T28/><D105/><U47/><E37/><V79/><F0/><W50/><G50/><T91/><D63/><U39/><E115/><V40/><F61/><W121/><G121/><T93/><D18/><U20/><E123/><V130/><F130/><W35/><G35/><T75/><D75/><U96/><E39/><V77/><F69/><W62/><G62/><T106/><REACH who="0" step="1"/><D106/><REACH who="0" ten="185,395,225,175" step="2"/><U30/><E47/><V16/><F68/><W48/><G48/><T15/><D15/><U83/><E60/><V120/><F120/><W13/><G13/><T85/><AGARI ba="2,2" hai="10,12,17,28,31,85,91,93,100,101,102,132,133,134" machi="85" ten="40,12000,2" yaku="1,1,0,1,20,1,52,3,53,0" doraHai="131" doraHaiUra="55" who="0" fromWho="0" sc="185,146,395,-62,225,-32,175,-32" /><INIT seed="2,0,0,1,4,98" ten="331,333,193,143" oya="2" hai0="85,54,38,1,10,114,117,30,55,59,57,110,18" hai1="123,79,23,36,112,35,31,105,63,72,22,49,60" hai2="133,115,58,82,46,65,51,109,128,9,120,20,53" hai3="3,125,27,34,52,80,0,73,43,84,77,50,99"/><V121/><F115/><W26/><G125/><T95/><D38/><U48/><E36/><V102/><F128/><W118/><G118/><T71/><D71/><U12/><E105/><V87/><F133/><W32/><G43/><T135/><D30/><U86/><E72/><V103/><F109/><W7/><G73/><T11/><D85/><U44/><E35/><V69/><F69/><W76/><G76/><T107/><D95/><U75/><E75/><V29/><F121/><W96/><G34/><T134/><D107/><U113/><E123/><V93/><F93/><W78/><G78/><T33/><D33/><U17/><E112/><V64/><F120/><W132/><G132/><T6/><D110/><U94/><E113/><V4/><F20/><W61/><G61/><T119/><D18/><U45/><E23/><V91/><F29/><W124/><G124/><T116/><D114/><U14/><E14/><N who="2" m="5415" /><F46/><W40/><G32/><T126/><D126/><U92/><E31/><V62/><F62/><N who="1" m="23593" /><E79/><V122/><F122/><W42/><G3/><T74/><D74/><U28/><E28/><V47/><F47/><N who="1" m="17993" /><E92/><V88/><F91/><AGARI ba="0,0" hai="12,17,22,48,49,86,91,94" m="17993,23593" machi="91" ten="30,1000,0" yaku="8,1" doraHai="98" who="1" fromWho="2" sc="331,0,333,10,193,-10,143,0" /><INIT seed="3,0,0,2,4,61" ten="331,343,183,143" oya="3" hai0="120,118,26,92,65,67,53,66,35,60,77,21,105" hai1="103,24,12,42,25,117,39,16,54,109,124,3,13" hai2="62,121,48,27,107,28,133,123,90,19,74,134,115" hai3="87,129,80,125,97,69,5,108,0,29,40,81,14"/><W88/><G0/><T126/><D105/><U56/><E3/><V91/><F115/><W68/><G125/><T2/><D118/><U99/><E124/><V82/><F107/><W72/><G129/><T17/><D126/><U75/><E75/><V110/><F110/><W122/><G122/><N who="2" m="46601" /><F19/><W132/><G132/><N who="2" m="50793" /><F48/><W7/><G108/><T89/><D2/><U11/><E117/><V104/><F104/><W83/><G29/><T98/><D120/><U70/><E12/><V20/><F62/><W63/><G97/><T6/><D6/><U93/><E109/><V38/><F38/><W130/><G130/><T52/><D35/><U73/><E39/><V1/><F1/><W51/><G5/><T86/><D60/><U10/><E99/><V128/><F128/><W43/><G69/><T49/><D49/><U9/><E16/><V23/><F23/><W4/><G4/><T112/><D112/><U78/><E70/><V135/><N who="2" m="50801" /><V116/><DORA hai="131" /><F116/><W113/><G113/><T94/><D77/><AGARI ba="0,0" hai="20,27,28,74,77,82,90,91" m="50801,46601" machi="77" ten="50,12000,2" yaku="13,1,20,1,52,4" doraHai="61,131" who="2" fromWho="0" sc="331,-120,343,0,183,120,143,0" owari="211,-18.9,343,44.3,303,10.3,143,-35.7" /></mjloggm>