<mjloggm ver="2.3"><GO type="169" lobby="0"/><UN n0="%E3%81%A1%E3%82%83%E3%82%8B%E3%82%81%E3%82%89" n1="%62%73%64%5F%33" n2="%E5%85%AD%E9%83%A8%E5%9C%AD" n3="%5B%5B%79%75%79%75%5D%5D" dan="17,16,16,16" rate="2177.53,2035.61,2139.56,2155.98" sx="M,F,M,M"/><TAIKYOKU oya="0"/><INIT seed="0,0,0,5,1,34" ten="250,250,250,250" oya="0" hai0="44,81,17,95,47,129,82,122,117,123,33,18,52" hai1="87,72,116,65,12,106,115,15,62,1,19,70,51" hai2="112,113,75,114,99,63,86,23,120,71,11,28,32" hai3="94,2,126,108,9,53,42,29,27,96,0,48,98"/><T41/><D33/><U93/><E72/><V125/><F75/><W16/><G42/><T8/><D117/><U56/><E106/><V35/><F120/><W21/><G108/><T119/><D119/><U30/><E116/><V84/><F125/><W134/><G126/><T24/><D129/><U77/><E30/><V59/><F71/><W66/><G66/><T43/><D8/><U109/><E109/><V102/><F11/><W40/><G40/><T91/><D95/><U5/><E115/><V25/><F32/><W55/><G134/><T107/><D107/><U90/><E77/><V130/><F35/><W110/><G110/><T31/><D31/><U78/><E78/><V69/><F69/><W73/><G73/><T54/><REACH who="0" step="1"/><D91/><REACH who="0" ten="240,250,250,250" step="2"/><U104/><E104/><V118/><F130/><W61/><G98/><T39/><D39/><U6/><E93/><N who="2" m="58735" /><F118/><W127/><G127/><T111/><D111/><U20/><E90/><V58/><F112/><W64/><G9/><T105/><D105/><U57/><E20/><V132/><F113/><W89/><G29/><T38/><D38/><U49/><E19/><V26/><F114/><W46/><REACH who="3" step="1"/><G55/><REACH who="3" ten="240,250,250,240" step="2"/><T36/><D36/><U83/><E65/><V50/><F132/><W103/><G103/><T80/><D80/><U135/><E83/><V13/><F28/><W92/><G92/><T74/><D74/><U121/><E135/><V10/><F10/><W67/><G67/><T37/><D37/><U128/><E128/><V79/><F23/><W100/><G100/><T101/><D101/><U22/><E22/><V131/><F131/><RYUUKYOKU ba="0,2" sc="240,15,250,-15,250,-15,240,15" hai0="17,18,24,41,43,44,47,52,54,81,82,122,123" hai3="0,2,16,21,27,46,48,53,61,64,89,94,96" /><INIT seed="0,1,2,2,1,7" ten="255,235,235,255" oya="0" hai0="51,50,121,92,115,127,68,35,78,106,5,101,39" hai1="30,118,113,70,48,11,65,69,94,47,15,85,87" hai2="131,67,90,108,33,20,122,79,60,100,1,43,128" hai3="125,56,84,62,54,28,71,26,72,82,119,97,41"/><T105/><D115/><U55/><E118/><V38/><F33/><W16/><G119/><T91/><D35/><U76/><E113/><V120/><F1/><W34/><G125/><T116/><D39/><U0/><E0/><V89/><F79/><W93/><G72/><T134/><D116/><U29/><E69/><V4/><F100/><W114/><G114/><T135/><D68/><U129/><E70/><V6/><F20/><W99/><G71/><T37/><D37/><U52/><E65/><V103/><F38/><W61/><G41/><T2/><D121/><U88/><E129/><V23/><F23/><W107/><G107/><T46/><D78/><U58/><E85/><V104/><F60/><W98/><G61/><T83/><D83/><U25/><E25/><V10/><F67/><W74/><G74/><T3/><D5/><N who="1" m="3567" /><E76/><V32/><F32/><W14/><G82/><T95/><D101/><U24/><E24/><V132/><F103/><W22/><REACH who="3" step="1"/><G84/><REACH who="3" ten="255,235,235,245" step="2"/><T111/><D127/><U130/><E130/><V112/><F128/><W21/><G21/><T49/><D111/><U109/><E109/><V102/><F108/><W59/><G59/><T80/><D80/><U36/><E36/><V53/><F131/><W86/><G86/><N who="0" m="52343" /><D95/><AGARI ba="1,3" hai="14,16,22,26,28,34,54,56,62,93,95,97,98,99" machi="95" ten="40,2600,0" yaku="1,1,54,1,53,0" doraHai="7" doraHaiUra="40" who="3" fromWho="0" sc="255,-29,235,0,235,0,245,59" /><INIT seed="1,0,0,1,4,112" ten="226,235,235,304" oya="1" hai0="70,56,65,35,37,18,28,7,110,103,81,94,86" hai1="133,128,84,53,4,61,92,126,121,51,47,111,78" hai2="87,114,45,122,39,75,10,14,74,101,42,123,27" hai3="106,21,0,66,96,6,20,77,99,120,83,5,58"/><U91/><E121/><V38/><F114/><W50/><G120/><T95/><D37/><U134/><E128/><V9/><F101/><W29/><G106/><T26/><D110/><U108/><E126/><V36/><F87/><N who="3" m="48623" /><G0/><T117/><D7/><N who="3" m="2569" /><G29/><T16/><D117/><U82/><E61/><V90/><F90/><W88/><G99/><T17/><D70/><U15/><E15/><V52/><F27/><W2/><G2/><T32/><D32/><U55/><E55/><V124/><F124/><W129/><G129/><T30/><D30/><U104/><E104/><V64/><F64/><W12/><G12/><T44/><D44/><U19/><E19/><V107/><F42/><W23/><G66/><T89/><REACH who="0" step="1"/><D103/><REACH who="0" ten="216,235,235,304" step="2"/><U105/><E4/><V109/><F109/><N who="1" m="42057" /><E105/><V54/><F107/><W60/><G60/><AGARI ba="0,1" hai="16,17,18,26,28,35,56,60,65,81,86,89,94,95" machi="60" ten="40,2600,0" yaku="1,1,54,1,53,0" doraHai="112" doraHaiUra="41" who="0" fromWho="3" sc="216,36,235,0,235,0,304,-26" /><INIT seed="2,0,0,3,2,38" ten="252,235,235,278" oya="2" hai0="114,15,124,104,42,121,47,91,85,116,8,32,110" hai1="83,48,86,61,127,72,13,102,80,9,66,82,10" hai2="97,68,46,99,34,50,96,134,84,131,49,126,37" hai3="21,0,88,103,65,22,122,79,73,62,115,26,119"/><V90/><F68/><W81/><G122/><T45/><D121/><U106/><E127/><V71/><F71/><W6/><G119/><T28/><D114/><U56/><E72/><V117/><F117/><W41/><G115/><T44/><D104/><U3/><E3/><V76/><F34/><W63/><G103/><T135/><D116/><U75/><E75/><V123/><F123/><W101/><G101/><T118/><D118/><U133/><E133/><V77/><F37/><W58/><G22/><T70/><D70/><U40/><E102/><V112/><F112/><W128/><G128/><T69/><D69/><U53/><E40/><V55/><F126/><W23/><G63/><T60/><D60/><U7/><E10/><V36/><F36/><W57/><G57/><T35/><D110/><U17/><E7/><V98/><F98/><W89/><G23/><T109/><D109/><U64/><E106/><V67/><F67/><N who="1" m="25641" /><E61/><V95/><F134/><W74/><G74/><T25/><D124/><U78/><AGARI ba="0,0" hai="9,13,17,48,53,56,78,80,82,83,86" m="25641" machi="78" ten="30,1100,0" yaku="8,1" doraHai="38" who="1" fromWho="1" sc="252,-3,235,11,235,-5,278,-3" /><INIT seed="3,0,0,3,2,130" ten="249,246,230,275" oya="3" hai0="101,110,133,18,47,80,124,69,66,22,71,1,78" hai1="32,36,102,85,126,128,123,127,10,121,0,111,49" hai2="40,120,25,16,104,56,43,7,5,117,103,72,54" hai3="6,8,67,21,134,86,15,44,74,116,13,119,99"/><W19/><G74/><T87/><D110/><U58/><E36/><V125/><F117/><W105/><G67/><T135/><D1/><U33/><E102/><V29/><F72/><W73/><G73/><T60/><D101/><U92/><E128/><V41/><F125/><N who="1" m="47625" /><E58/><V91/><F120/><N who="1" m="46153" /><E49/><V97/><F91/><W96/><G86/><T89/><D124/><U38/><E92/><V23/><REACH who="2" step="1"/><F29/><REACH who="2" ten="249,246,220,275" step="2"/><W31/><G31/><T9/><D89/><U26/><E111/><V108/><F108/><W70/><G70/><T28/><D71/><U53/><E33/><V84/><F84/><W65/><G99/><T114/><D114/><U62/><E32/><V81/><F81/><W118/><G96/><T51/><D28/><U90/><E90/><V94/><F94/><W122/><G105/><T59/><D69/><U131/><E85/><V39/><F39/><W20/><G122/><T93/><D93/><U75/><E38/><V24/><F24/><W4/><G65/><T79/><D79/><U77/><E26/><V57/><F57/><W17/><G44/><T42/><REACH who="0" step="1"/><D9/><REACH who="0" ten="239,246,220,275" step="2"/><U64/><E77/><V82/><F82/><W68/><G68/><T109/><D109/><U14/><E10/><V30/><F30/><W61/><G8/><T115/><D115/><U88/><E88/><V132/><F132/><W50/><G134/><T112/><D112/><U95/><E95/><V27/><F27/><AGARI ba="0,2" hai="18,22,27,42,47,51,59,60,66,78,80,87,133,135" machi="27" ten="40,5200,0" yaku="1,1,52,2,53,0" doraHai="130" doraHaiUra="11" who="0" fromWho="2" sc="239,72,246,0,220,-52,275,0" /><INIT seed="4,0,0,5,1,89" ten="311,246,168,275" oya="0" hai0="19,97,23,40,102,80,76,106,95,12,133,28,53" hai1="100,111,132,86,104,1,20,101,4,69,134,96,93" hai2="46,98,105,63,114,0,120,64,30,58,25,37,18" hai3="14,85,42,110,39,117,2,77,27,118,108,82,22"/><T43/><D133/><N who="1" m="51307" /><E69/><V99/><F120/><W59/><G2/><T68/><D68/><U73/><E4/><V32/><F114/><W115/><G39/><T50/><D28/><U9/><E9/><V44/><F0/><W15/><G42/><T90/><D106/><U51/><E51/><V3/><F3/><W125/><G125/><T47/><REACH who="0" step="1"/><D102/><REACH who="0" ten="301,246,168,275" step="2"/><U79/><E101/><V21/><F105/><W116/><G115/><T91/><D91/><U61/><E100/><V10/><F30/><W34/><G34/><T11/><D11/><U81/><E104/><V127/><F32/><W31/><G108/><T72/><AGARI ba="0,1" hai="12,19,23,40,43,47,50,53,72,76,80,90,95,97" machi="72" ten="20,7800,0" yaku="1,1,0,1,7,1,52,1,53,0" doraHai="89" doraHaiUra="123" who="0" fromWho="0" sc="301,88,246,-26,168,-26,275,-26" /><INIT seed="4,1,0,3,3,78" ten="389,220,142,249" oya="0" hai0="86,88,8,113,24,30,65,74,59,83,108,128,15" hai1="127,23,115,100,123,12,35,131,92,0,80,81,27" hai2="31,54,20,110,62,105,91,17,16,66,73,101,6" hai3="26,34,37,72,122,9,49,45,98,42,84,52,50"/><T2/><D113/><U60/><E123/><V109/><F73/><W82/><G122/><T118/><D2/><U75/><E0/><V124/><F124/><W39/><G72/><T87/><D74/><U90/><E127/><V116/><F116/><W117/><G117/><T61/><D118/><U57/><E115/><V96/><F6/><W28/><G98/><T4/><D128/><U22/><E35/><V119/><F119/><W56/><REACH who="3" step="1"/><G9/><REACH who="3" ten="389,220,142,239" step="2"/><T120/><D120/><U64/><E75/><V3/><F96/><W125/><G125/><T55/><D108/><U102/><E131/><V53/><F109/><W111/><G111/><T106/><D106/><U97/><E102/><V67/><F101/><W126/><G126/><T135/><D135/><U13/><E100/><V7/><F105/><W32/><G32/><T68/><D86/><U112/><E112/><V69/><F110/><W43/><G43/><T63/><D68/><U5/><E5/><V134/><F7/><W77/><AGARI ba="1,1" hai="26,28,34,37,39,42,45,49,50,52,56,77,82,84" machi="77" ten="20,12000,2" yaku="1,1,0,1,7,1,52,1,54,1,53,2" doraHai="78" doraHaiUra="46" who="3" fromWho="3" sc="389,-61,220,-31,142,-31,239,133" /><INIT seed="5,0,0,2,5,58" ten="328,189,111,372" oya="1" hai0="132,73,88,51,107,33,91,105,129,6,5,77,68" hai1="101,21,3,120,76,131,78,112,71,61,108,2,74" hai2="36,18,24,7,19,37,106,86,111,50,28,114,109" hai3="59,38,8,118,29,17,119,124,23,128,30,130,4"/><U97/><E120/><V89/><F106/><W26/><G38/><T116/><D68/><U9/><E112/><V20/><F114/><W63/><G124/><T44/><D33/><U64/><E131/><N who="3" m="50218" /><G59/><T134/><D129/><U47/><E108/><V123/><F123/><W46/><G46/><T25/><D25/><U0/><E74/><V98/><F7/><N who="0" m="2570" /><D116/><N who="3" m="44585" /><G63/><T13/><D13/><AGARI ba="0,0" hai="4,8,13,17,23,26,29,30" m="44585,50218" machi="13" ten="30,7700,0" yaku="19,1,12,1,34,2" doraHai="58" who="3" fromWho="0" sc="328,-77,189,0,111,0,372,77" /><INIT seed="6,0,0,3,0,95" ten="251,189,111,449" oya="2" hai0="69,123,76,60,93,49,57,12,83,79,41,70,116" hai1="28,102,81,61,30,127,31,32,101,115,108,58,27" hai2="128,35,72,16,56,29,10,131,105,88,78,52,110" hai3="120,125,63,11,86,62,89,3,8,99,90,55,118"/><V9/><F105/><W14/><G118/><T66/><D116/><U130/><E108/><V17/><F110/><W111/><G120/><T75/><D79/><U68/><E115/><V74/><F29/><W126/><G111/><T94/><D123/><U80/><E130/><N who="2" m="49707" /><F35/><W132/><G3/><T73/><D73/><N who="2" m="28266" /><F78/><W97/><G132/><T122/><D122/><U46/><E127/><N who="3" m="48650" /><G55/><T45/><D70/><U40/><E68/><V51/><F88/><N who="3" m="33899" /><G86/><T82/><D83/><U4/><E80/><V119/><F119/><W121/><G121/><T91/><D91/><U37/><E81/><V92/><F92/><W44/><G44/><T50/><D94/><U112/><E32/><V87/><F87/><W19/><G11/><AGARI ba="0,0" hai="9,10,11,16,17,51,52,56" m="28266,49707" machi="11" ten="30,5800,0" yaku="19,1,54,2" doraHai="95" who="2" fromWho="3" sc="251,0,189,0,111,58,449,-58" /><INIT seed="6,1,0,0,5,75" ten="251,189,169,391" oya="2" hai0="122,102,14,60,134,106,94,107,81,108,61,126,112" hai1="115,55,89,62,123,57,131,125,73,90,95,6,65" hai2="12,28,44,32,52,33,79,13,68,74,80,128,54" hai3="71,98,117,46,88,31,7,78,39,5,72,2,119"/><V17/><F68/><W26/><G7/><T58/><D108/><U84/><E115/><V99/><F128/><W3/><G71/><T1/><D1/><U59/><E125/><V110/><F110/><W43/><G98/><T132/><D122/><U15/><E131/><V10/><F99/><W67/><G67/><T76/><D112/><U9/><E73/><V51/><F28/><W64/><G88/><T35/><D35/><U49/><E123/><V30/><F30/><W27/><G27/><T121/><D121/><U53/><E90/><V42/><REACH who="2" step="1"/><F12/><REACH who="2" ten="251,189,159,391" step="2"/><W56/><G31/><T38/><D14/><U103/><REACH who="1" step="1"/><E103/><REACH who="1" ten="251,179,159,391" step="2"/><V21/><F21/><W50/><G119/><T104/><D102/><U11/><E11/><V70/><F70/><W34/><G117/><T97/><D126/><U48/><E48/><V133/><F133/><W114/><G50/><T36/><D134/><U100/><E100/><V113/><F113/><W111/><G114/><T86/><D132/><U85/><E85/><V124/><F124/><W16/><G111/><T77/><D97/><U69/><E69/><V116/><F116/><W23/><G34/><AGARI ba="1,2" hai="10,13,17,32,33,34,42,44,51,52,54,74,79,80" machi="34" ten="40,12000,1" yaku="1,1,52,1,54,1,53,1" doraHai="75" doraHaiUra="47" who="2" fromWho="3" sc="251,0,179,0,159,143,391,-123" /><INIT seed="6,2,0,0,0,122" ten="251,179,302,268" oya="2" hai0="56,87,34,21,79,94,77,53,107,91,113,7,38" hai1="51,128,61,16,23,119,92,60,44,75,111,54,30" hai2="118,101,98,108,66,3,15,104,8,18,33,74,31" hai3="1,82,85,17,81,130,32,63,93,43,90,84,106"/><V133/><F118/><W55/><G1/><T9/><D34/><U129/><E119/><V28/><F74/><W135/><G106/><T49/><D38/><U105/><E105/><V86/><F133/><W27/><G32/><T46/><D107/><U115/><E75/><V24/><F31/><W83/><G135/><T80/><D113/><U99/><E115/><V25/><F25/><W73/><G130/><N who="1" m="50282" /><E30/><V47/><F3/><W13/><G43/><T62/><D21/><U132/><E132/><V96/><F96/><W19/><G73/><T102/><D102/><N who="1" m="60775" /><E61/><V10/><F10/><W110/><G110/><T22/><D22/><U95/><E95/><V50/><F66/><W4/><G27/><T48/><D48/><U134/><E60/><V6/><F86/><W131/><G131/><T52/><REACH who="0" step="1"/><D94/><REACH who="0" ten="241,179,302,268" step="2"/><U112/><E112/><V36/><F36/><W39/><G39/><T2/><AGARI ba="2,1" hai="2,7,9,46,49,52,53,56,62,77,79,80,87,91" machi="2" ten="20,8000,1" yaku="1,1,2,1,0,1,7,1,54,1,53,0" doraHai="122" doraHaiUra="103" who="0" fromWho="0" sc="241,96,179,-22,302,-42,268,-22" /><INIT seed="7,0,0,2,0,67" ten="337,157,260,246" oya="3" hai0="103,119,87,7,117,94,5,36,34,48,125,29,30" hai1="44,20,3,98,82,90,27,123,10,120,6,8,55" hai2="135,38,114,124,134,61,12,40,115,116,51,32,2" hai3="14,19,85,104,102,11,0,62,126,131,105,68,28"/><W16/><G0/><T76/><D36/><U35/><E98/><V95/><F2/><W130/><G126/><T4/><D125/><U52/><E35/><V127/><F32/><W46/><G28/><T73/><D34/><U118/><E118/><V133/><F12/><W21/><G102/><T22/><D73/><U113/><E113/><N who="2" m="43019" /><F95/><W23/><G46/><T96/><D119/><U58/><E8/><V84/><F84/><W128/><G85/><T63/><D63/><U33/><E33/><V100/><F100/><W69/><G62/><T86/><D117/><U107/><E107/><N who="3" m="41034" /><G11/><T57/><D22/><U18/><E90/><V112/><F112/><W122/><G122/><T64/><D64/><U72/><E82/><V1/><F1/><W81/><G81/><N who="0" m="47399" /><D87/><U75/><E75/><V92/><F92/><W59/><G59/><T70/><D30/><U111/><E72/><V37/><F116/><W109/><G109/><T45/><D57/><U43/><E111/><V26/><F26/><AGARI ba="0,0" hai="14,16,19,21,23,26,68,69,128,130,131" m="41034" machi="26" ten="40,12000,1" yaku="19,1,52,2,54,1" doraHai="67" who="3" fromWho="2" sc="337,0,157,0,260,-120,246,120" owari="337,13.7,157,-24.3,140,-36.0,366,46.6" /></mjloggm>