<mjloggm ver="2.3"><GO type="225" lobby="0"/><UN n0="%72%61%6B%33" n1="%E7%99%BD%E5%80%89%E5%AF%9B%E4%B9%8B" n2="%33%74%72%65%65" n3="%E5%85%88%E7%89%A9%E3%81%AF%74%72%61%73%68" dan="16,16,17,17" rate="2097.30,2150.69,2173.06,2131.70" sx="M,M,F,M"/><TAIKYOKU oya="0"/><INIT seed="0,0,0,0,5,38" ten="250,250,250,250" oya="0" hai0="21,97,117,101,125,50,47,88,6,55,44,133,128" hai1="18,5,59,17,83,42,16,64,53,51,24,131,114" hai2="32,96,74,120,129,106,10,71,11,35,127,105,121" hai3="58,30,135,79,48,126,9,124,115,19,93,85,72"/><T104/><D117/><U61/><E131/><V15/><F129/><W111/><G115/><T130/><D125/><N who="3" m="48233" /><G111/><T7/><D133/><U92/><E114/><V110/><F127/><W12/><G135/><T107/><D107/><U75/><E5/><V73/><F110/><W98/><G30/><T108/><D108/><U70/><E75/><V8/><F15/><W118/><G118/><T95/><D130/><U77/><E77/><V37/><F37/><W62/><G72/><N who="2" m="27753" /><F96/><W86/><G48/><T34/><D34/><N who="2" m="12842" /><F71/><W2/><G79/><T99/><D128/><U28/><E83/><V46/><F46/><W80/><G80/><T27/><REACH who="0" step="1"/><D47/><REACH who="0" ten="240,250,250,250" step="2"/><U91/><E42/><V63/><F63/><W56/><G62/><T78/><D78/><U14/><E28/><AGARI ba="0,1" hai="6,7,21,27,28,44,50,55,88,95,97,99,101,104" machi="28" ten="30,5800,0" yaku="1,1,7,1,54,1,53,0" doraHai="38" doraHaiUra="60" who="0" fromWho="1" sc="240,68,250,-58,250,0,250,0" /><INIT seed="0,1,0,3,4,60" ten="308,192,250,250" oya="0" hai0="52,125,44,9,134,82,38,18,51,50,89,28,133" hai1="56,129,49,96,3,116,32,121,73,55,127,135,99" hai2="59,72,84,46,128,117,110,21,80,43,105,48,75" hai3="77,78,118,68,120,90,14,30,26,23,131,108,76"/><T34/><D125/><U16/><E32/><V83/><F110/><W98/><G118/><T10/><D38/><U12/><E73/><V5/><F117/><W47/><G108/><T91/><D34/><U111/><E116/><V37/><F128/><W97/><G68/><T122/><D28/><U93/><E111/><V106/><F5/><W29/><G131/><T15/><D122/><U39/><E129/><V71/><F71/><W123/><G30/><T100/><D100/><U45/><E3/><V124/><F124/><W40/><G14/><T64/><D64/><U6/><E6/><V69/><F69/><W95/><REACH who="3" step="1"/><G98/><REACH who="3" ten="308,192,250,240" step="2"/><T7/><D134/><U109/><E135/><V36/><F72/><W24/><G24/><T113/><D133/><U62/><E109/><V102/><F75/><W130/><G130/><T4/><D113/><U74/><E121/><V88/><F84/><W17/><G17/><T81/><D18/><U41/><E74/><V1/><F1/><W67/><G67/><T35/><D35/><U25/><E127/><V20/><F59/><W86/><G86/><T13/><D50/><AGARI ba="1,1" hai="23,26,29,40,47,50,76,77,78,90,95,97,120,123" machi="50" ten="40,2600,0" yaku="1,1,53,1" doraHai="60" doraHaiUra="87" who="3" fromWho="0" sc="308,-29,192,0,250,0,240,39" /><INIT seed="1,0,0,1,3,76" ten="279,192,250,279" oya="1" hai0="32,36,132,20,128,38,129,117,35,119,7,115,92" hai1="79,16,116,44,58,18,49,40,130,5,122,81,13" hai2="112,21,9,24,101,100,95,114,83,27,8,39,33" hai3="43,99,109,41,120,102,107,127,11,64,47,59,93"/><U66/><E122/><V19/><F39/><N who="0" m="14890" /><D20/><U28/><E116/><N who="0" m="44617" /><D92/><U85/><E130/><N who="0" m="50281" /><D7/><U73/><E28/><V22/><F95/><W88/><G120/><T67/><D67/><U82/><E66/><V87/><F33/><N who="0" m="12874" /><D132/><U69/><E69/><V106/><F22/><W37/><G11/><T53/><D53/><U70/><E70/><V75/><F9/><W134/><G134/><T50/><D50/><U60/><E60/><V3/><F8/><W17/><G64/><T25/><D25/><U65/><E65/><V111/><F24/><W1/><G93/><T121/><D121/><U77/><E58/><V2/><F21/><W133/><G59/><T74/><D74/><U104/><E104/><V108/><F27/><W96/><G107/><T54/><D54/><U97/><E97/><V12/><F75/><W45/><G99/><T56/><D56/><U68/><E68/><V15/><F106/><W6/><G96/><T94/><D94/><U86/><E73/><V91/><F87/><W63/><G133/><T110/><D110/><U10/><AGARI ba="0,0" hai="5,10,13,16,18,40,44,49,77,79,81,82,85,86" machi="10" ten="30,24000,3" yaku="0,1,9,1,25,2,8,1,52,2,54,1" doraHai="76" who="1" fromWho="1" sc="279,-80,192,240,250,-80,279,-80" /><INIT seed="1,1,0,2,0,80" ten="199,432,170,199" oya="1" hai0="47,101,127,85,60,84,7,92,107,0,14,77,98" hai1="83,106,110,4,26,108,91,120,126,109,95,56,102" hai2="57,63,32,118,74,81,21,62,35,17,16,19,105" hai3="112,22,76,52,11,38,53,51,123,131,6,111,121"/><U124/><E4/><V10/><F118/><W78/><G112/><T9/><D127/><N who="1" m="48683" /><E26/><V33/><F105/><W24/><G38/><T41/><D107/><U55/><E120/><V86/><F74/><W72/><G111/><T27/><D77/><U5/><E5/><V114/><F10/><W3/><G131/><T46/><D0/><U71/><E71/><V1/><F1/><W68/><G68/><T79/><D79/><U125/><E125/><V119/><F119/><W99/><G53/><T103/><D103/><U129/><E129/><V2/><F2/><W8/><G8/><T18/><D60/><N who="1" m="35871" /><E83/><V128/><F128/><W13/><G3/><T39/><REACH who="0" step="1"/><D47/><REACH who="0" ten="189,432,170,199" step="2"/><U134/><E106/><V15/><F63/><W82/><G78/><T116/><D116/><U133/><E102/><V97/><F114/><W122/><G122/><T58/><D58/><U93/><E91/><V30/><F57/><W40/><G121/><T115/><D115/><U135/><AGARI ba="1,1" hai="93,95,108,109,110,133,134,135" m="35871,48683" machi="135" ten="50,12000,1" yaku="14,1,10,1,20,1,18,1" doraHai="80" who="1" fromWho="1" sc="189,-41,432,133,170,-41,199,-41" /><INIT seed="1,2,0,1,3,85" ten="148,565,129,158" oya="1" hai0="61,3,100,21,30,102,8,86,5,113,35,101,127" hai1="88,20,91,40,31,62,111,92,109,2,16,79,18" hai2="49,72,54,57,126,4,95,121,76,46,37,24,81" hai3="38,97,74,51,42,99,15,134,80,125,48,67,131"/><U33/><E2/><V55/><F121/><W112/><G112/><T120/><D113/><U0/><E0/><V6/><F126/><W9/><G134/><T82/><D127/><U130/><E130/><V75/><F75/><W118/><G125/><T12/><D120/><U71/><E33/><V128/><F128/><W124/><G124/><T65/><D35/><U93/><E79/><V64/><F64/><W96/><G131/><T83/><D83/><U116/><E116/><V44/><F37/><W43/><G118/><T41/><D41/><N who="3" m="15369" /><G74/><T104/><D104/><U59/><E40/><V27/><F95/><N who="1" m="36425" /><E71/><V69/><F69/><W68/><G68/><T56/><D3/><U119/><E119/><V13/><F44/><W123/><G123/><T108/><D108/><N who="1" m="41547" /><E31/><V7/><REACH who="2" step="1"/><F13/><REACH who="2" ten="148,565,119,158" step="2"/><W28/><G15/><T39/><D39/><U77/><E77/><V11/><F11/><W58/><G9/><T63/><D12/><N who="1" m="9223" /><E18/><V98/><F98/><W29/><G97/><T133/><D8/><U115/><E115/><V73/><F73/><W23/><G99/><T132/><D132/><U52/><AGARI ba="2,1" hai="52,59,62,88,91" m="9223,41547,36425" machi="52" ten="30,18000,2" yaku="14,1,10,1,52,2,54,3" doraHai="85" who="1" fromWho="1" sc="148,-62,565,196,119,-62,158,-62" /><INIT seed="1,3,0,1,1,58" ten="86,761,57,96" oya="1" hai0="78,108,2,8,34,104,9,5,77,106,19,100,41" hai1="54,39,93,59,65,32,13,62,84,80,135,110,102" hai2="7,6,73,75,129,14,126,124,99,28,12,123,4" hai3="97,45,0,115,31,83,113,66,107,112,11,33,131"/><U81/><E39/><V88/><F123/><W125/><G131/><T103/><D34/><U46/><E32/><V122/><F122/><W1/><G125/><N who="2" m="48233" /><F28/><W85/><G45/><T116/><D19/><U63/><E135/><V69/><F69/><W91/><G66/><T47/><D47/><U74/><E110/><V105/><F129/><W70/><G70/><T109/><D5/><N who="2" m="1282" /><V10/><DORA hai="22" /><F105/><W38/><G38/><T79/><D41/><U64/><E74/><N who="2" m="28171" /><F10/><W23/><G11/><T90/><D9/><U52/><E13/><N who="2" m="5227" /><F99/><W15/><G33/><T29/><D106/><U17/><E17/><V71/><F71/><W18/><REACH who="3" step="1"/><G31/><REACH who="3" ten="86,761,57,86" step="2"/><T3/><D29/><U20/><E46/><V98/><F98/><W89/><G89/><AGARI ba="3,1" hai="88,89" m="5227,28171,1282,48233" machi="89" ten="40,8000,1" yaku="28,2,18,1,54,1" doraHai="58,22" who="2" fromWho="3" sc="86,0,761,0,57,99,86,-89" owari="86,-31.4,761,86.1,156,-4.4,-3,-50.3" /></mjloggm>