<mjloggm ver="2.3"><GO type="169" lobby="0"/><UN n0="%E9%87%A3%E3%82%8A%E6%97%A5%E5%92%8C" n1="%E5%B2%A9%E4%B8%8A%E9%80%9A%E3%82%8A" n2="%4C%69%74%74%6F%6E" n3="%E8%B5%A4%E6%AF%9B%E3%81%AE%E3%82%AD%E3%83%A7%E3%83%B3" dan="17,16,16,18" rate="2182.11,2109.54,2059.93,2323.98" sx="M,M,M,M"/><TAIKYOKU oya="0"/><INIT seed="0,0,0,5,4,1" ten="250,250,250,250" oya="0" hai0="109,5,107,88,100,117,58,113,132,78,133,61,13" hai1="75,31,3,122,129,6,121,49,64,56,72,71,22" hai2="40,118,9,27,60,29,98,8,45,7,35,51,50" hai3="16,14,65,48,83,111,110,44,19,34,67,106,104"/><T130/><D113/><U131/><E31/><V0/><F118/><W91/><G34/><T26/><D117/><U135/><E22/><V25/><F60/><W52/><G91/><T39/><D39/><U10/><E56/><V20/><F98/><W77/><G106/><T23/><D78/><U84/><E49/><V66/><F66/><W102/><G102/><T89/><D100/><U112/><E112/><V11/><REACH who="2" step="1"/><F50/><REACH who="2" ten="250,250,240,250" step="2"/><W114/><G114/><T33/><D130/><N who="1" m="49675" /><E135/><N who="0" m="51785" /><D109/><N who="3" m="41481" /><G104/><T134/><D107/><U92/><E64/><N who="3" m="24650" /><G14/><T70/><D134/><U4/><E71/><V28/><AGARI ba="0,1" hai="0,7,8,9,11,20,25,27,28,29,35,40,45,51" machi="28" ten="20,8000,1" yaku="1,1,0,1,7,1,52,1,53,1" doraHai="1" doraHaiUra="38" who="2" fromWho="2" sc="250,-40,250,-20,240,90,250,-20" /><INIT seed="1,0,0,4,2,10" ten="210,230,330,230" oya="1" hai0="50,38,107,77,64,54,60,8,111,7,123,83,75" hai1="44,129,130,34,25,59,113,30,134,128,106,104,71" hai2="24,120,100,13,11,109,131,53,85,21,82,84,42" hai3="52,69,0,61,63,89,70,79,4,20,29,62,78"/><U23/><E71/><V94/><F120/><W135/><G135/><T103/><D123/><U97/><E113/><V55/><F109/><W124/><G124/><T43/><D111/><U87/><E134/><V47/><F131/><W31/><G0/><T116/><D116/><U96/><E87/><V58/><F100/><W101/><G101/><T90/><D90/><U74/><E74/><V67/><F94/><W16/><G4/><T73/><D103/><U95/><E44/><V92/><F92/><W33/><G33/><T119/><D107/><U98/><E95/><V26/><F67/><W132/><G132/><T88/><D88/><U56/><REACH who="1" step="1"/><E34/><REACH who="1" ten="210,220,330,230" step="2"/><V36/><F85/><W45/><G70/><T37/><D73/><U112/><E112/><V126/><F126/><W72/><G69/><T68/><D119/><U12/><E12/><V14/><F14/><N who="3" m="9239" /><G72/><T117/><D117/><U41/><E41/><V86/><F86/><W32/><G32/><T133/><D43/><U110/><E110/><V27/><F84/><W122/><G122/><T93/><D93/><U40/><E40/><V80/><F80/><W22/><G89/><T118/><D118/><U19/><E19/><V46/><F82/><W15/><G79/><T121/><D121/><U35/><E35/><V91/><F91/><W9/><G78/><T5/><D133/><U3/><E3/><V48/><F36/><W57/><G45/><N who="0" m="27983" /><D5/><U65/><E65/><V99/><F46/><W105/><G105/><AGARI ba="0,1" hai="23,25,30,56,59,96,97,98,104,105,106,128,129,130" machi="105" ten="50,4800,0" yaku="1,1,19,1,53,0" doraHai="10" doraHaiUra="51" who="1" fromWho="3" sc="210,0,220,58,330,0,230,-48" /><INIT seed="1,1,0,0,5,62" ten="210,278,330,182" oya="1" hai0="8,24,2,48,30,129,15,107,22,76,72,115,27" hai1="63,125,4,132,101,121,16,128,41,130,92,28,58" hai2="39,126,36,57,100,96,49,68,45,18,9,83,14" hai3="5,134,119,81,42,131,103,1,29,0,12,40,71"/><U55/><E121/><V44/><F68/><W122/><G122/><T51/><D107/><U6/><E28/><V99/><F126/><W66/><G131/><N who="1" m="50218" /><E125/><V98/><F100/><W3/><G134/><T32/><D115/><U89/><E101/><V91/><F39/><W82/><G119/><T105/><D105/><U109/><E132/><V33/><F36/><W56/><G71/><T87/><D72/><U60/><E41/><V133/><F33/><W75/><G103/><T59/><D129/><U67/><E16/><V112/><F133/><W124/><G29/><T47/><D27/><U26/><E26/><V108/><F112/><W10/><G124/><T46/><D24/><U31/><E31/><V38/><F38/><W13/><G13/><T70/><D15/><U118/><E109/><V64/><F108/><W86/><G75/><T65/><D30/><U17/><E17/><V11/><F9/><W53/><G42/><T37/><D8/><U34/><E34/><V88/><F83/><W123/><G40/><T43/><D22/><U50/><E118/><V69/><F69/><W85/><G123/><T73/><D70/><N who="1" m="42343" /><E50/><V19/><F18/><W120/><G120/><T94/><D32/><U61/><E61/><N who="2" m="37935" /><F49/><N who="3" m="30767" /><G66/><T78/><D65/><U7/><E7/><V77/><F77/><N who="3" m="46255" /><G0/><T110/><D2/><U106/><E106/><V74/><F74/><W116/><G116/><T135/><D135/><U114/><E114/><V111/><F111/><W21/><G21/><T54/><D73/><U23/><E23/><V102/><F102/><W95/><G82/><T52/><D110/><RYUUKYOKU ba="1,0" sc="210,0,278,0,330,0,182,0" hai0="37,43,46,47,48,51,52,54,59,76,78,87,94" hai1="4,6,55,58,63,89,92" hai2="11,14,19,44,45,88,91,96,98,99" hai3="1,3,5,10,12,86,95" /><INIT seed="1,2,0,3,4,134" ten="210,278,330,182" oya="1" hai0="114,49,40,6,31,117,107,127,15,125,135,101,55" hai1="86,128,118,27,67,74,25,129,46,72,115,104,77" hai2="79,103,122,99,53,58,30,5,60,65,108,52,19" hai3="131,73,95,37,2,20,92,17,42,109,130,61,98"/><U94/><E118/><V116/><F122/><W28/><G73/><T10/><D117/><U71/><E104/><V45/><F108/><W91/><G2/><T84/><D114/><U66/><E115/><V112/><F116/><W13/><G109/><T3/><D135/><U82/><E46/><V113/><F5/><W24/><G37/><T41/><D31/><U132/><E132/><V29/><F79/><W8/><G42/><T16/><D84/><U102/><E71/><V56/><F112/><W110/><G110/><T0/><D101/><U1/><E1/><V22/><F45/><W48/><G48/><T93/><D93/><U123/><E123/><V119/><F119/><W59/><REACH who="3" step="1"/><G95/><REACH who="3" ten="210,278,330,172" step="2"/><T111/><D111/><U63/><E74/><V105/><F113/><W7/><G7/><T39/><D107/><U18/><E72/><V47/><F47/><W36/><G36/><T44/><D0/><U34/><E94/><V75/><F75/><W35/><G35/><T76/><D39/><U81/><E34/><V126/><F105/><W68/><G68/><T88/><D41/><U69/><E69/><V83/><F65/><AGARI ba="2,1" hai="8,13,17,20,24,28,59,61,65,91,92,98,130,131" machi="65" ten="40,1300,0" yaku="1,1,53,0" doraHai="134" doraHaiUra="100" who="3" fromWho="2" sc="210,0,278,0,330,-19,172,29" /><INIT seed="2,0,0,1,2,30" ten="210,278,311,201" oya="2" hai0="58,104,132,47,125,29,50,51,94,52,37,61,99" hai1="74,97,43,2,69,66,108,123,44,45,90,63,35" hai2="109,48,86,7,76,42,41,103,77,0,72,27,127" hai3="82,24,117,85,15,34,120,14,9,32,18,79,101"/><V89/><F127/><W25/><G117/><T128/><D104/><U46/><E108/><V11/><F109/><W75/><G120/><T12/><D125/><U22/><E74/><V107/><F72/><W39/><G39/><T106/><D106/><U83/><E2/><V113/><F113/><W112/><G112/><T65/><D132/><U71/><E83/><V111/><F111/><W135/><G135/><T67/><D128/><U53/><E22/><V40/><F48/><W87/><G101/><T49/><D29/><U121/><E90/><V95/><REACH who="2" step="1"/><F27/><REACH who="2" ten="210,278,301,201" step="2"/><W26/><REACH who="3" step="1"/><G14/><REACH who="3" ten="210,278,301,191" step="2"/><T28/><D12/><U13/><E13/><V70/><F70/><W93/><G93/><T19/><D37/><U133/><E71/><V16/><F16/><W10/><G10/><T124/><D19/><U8/><E8/><V3/><F3/><W88/><G88/><T73/><D124/><U116/><E133/><V91/><F91/><W57/><G57/><T1/><D1/><U6/><E69/><V62/><F62/><W98/><G98/><AGARI ba="0,2" hai="0,7,11,40,41,42,76,77,86,89,95,98,103,107" machi="98" ten="40,2000,0" yaku="1,1,53,0" doraHai="30" doraHaiUra="126" who="2" fromWho="3" sc="210,0,278,0,301,40,191,-20" /><INIT seed="2,1,0,2,3,34" ten="210,278,341,171" oya="2" hai0="12,68,47,55,76,50,52,112,95,134,97,116,20" hai1="75,109,69,30,17,16,82,129,29,123,14,126,87" hai2="39,130,115,114,131,24,18,92,59,45,5,105,64" hai3="133,85,71,102,94,80,90,56,99,43,23,42,37"/><V60/><F105/><W54/><G133/><T104/><D112/><U11/><E69/><V111/><F5/><W57/><G71/><T74/><D134/><U72/><E109/><V44/><F92/><W2/><G37/><T88/><D68/><U0/><E126/><V117/><F117/><W120/><G120/><T65/><D65/><U110/><E110/><V10/><F111/><W6/><G57/><T79/><D116/><U63/><E63/><V70/><F10/><W98/><G6/><T77/><D104/><U106/><E106/><V100/><F100/><W22/><G2/><T122/><D122/><U41/><E0/><V124/><F124/><W19/><G99/><T93/><D93/><U32/><E129/><N who="2" m="49163" /><F18/><W113/><G113/><N who="2" m="43017" /><F24/><W36/><G36/><T108/><D108/><U103/><E103/><V66/><F39/><W27/><REACH who="3" step="1"/><G23/><REACH who="3" ten="210,278,341,161" step="2"/><T128/><D128/><U53/><E123/><V84/><F70/><W31/><G31/><T1/><D1/><U135/><E30/><V91/><F66/><W118/><G118/><T107/><D107/><U51/><E135/><V89/><F44/><W83/><G83/><T127/><D127/><U48/><E29/><V7/><F45/><W28/><G28/><T13/><D20/><U132/><E132/><V78/><F64/><W119/><G119/><T67/><D67/><U101/><E82/><N who="2" m="47191" /><F59/><W81/><G81/><T96/><D96/><U40/><E17/><V35/><F35/><W33/><G33/><T8/><D8/><U62/><E32/><V4/><F60/><AGARI ba="1,1" hai="19,22,27,42,43,54,56,60,80,85,90,94,98,102" machi="60" ten="30,3900,0" yaku="1,1,7,1,8,1,53,0" doraHai="34" doraHaiUra="121" who="3" fromWho="2" sc="210,0,278,0,341,-42,161,52" /><INIT seed="3,0,0,4,4,135" ten="210,278,299,213" oya="3" hai0="102,122,16,101,55,57,47,67,20,113,96,43,131" hai1="69,64,72,90,88,39,8,32,9,115,77,27,126" hai2="45,109,68,1,33,61,0,30,62,18,48,82,41" hai3="97,104,28,81,34,121,117,95,116,127,74,120,71"/><W4/><G71/><T100/><D131/><U106/><E39/><V76/><F109/><W110/><G4/><T93/><D67/><U21/><E115/><V114/><F114/><W60/><G60/><T56/><D122/><N who="3" m="47209" /><G28/><T19/><D113/><U6/><E106/><V87/><F68/><W51/><G51/><T35/><D35/><U65/><E77/><V94/><F30/><W92/><G34/><T83/><D83/><U99/><E72/><V42/><F33/><W13/><G13/><T14/><D19/><U15/><E32/><V53/><F41/><W111/><G127/><T123/><D123/><U73/><E73/><V25/><F0/><W133/><G133/><T40/><D40/><U80/><E9/><V50/><F1/><W119/><G74/><T31/><D31/><N who="1" m="17903" /><E126/><V24/><F62/><W17/><G17/><T36/><REACH who="0" step="1"/><D57/><REACH who="0" ten="200,278,299,213" step="2"/><U12/><E69/><V49/><F18/><W2/><G81/><T75/><D75/><U107/><E80/><V132/><F132/><W52/><G52/><T37/><D37/><U125/><E65/><V63/><F53/><W54/><G54/><T5/><D5/><U91/><E64/><V79/><F42/><W78/><G78/><T124/><D124/><U130/><E125/><V29/><F76/><W22/><G117/><T3/><D3/><U38/><E38/><V44/><F29/><W70/><G2/><T128/><D128/><U11/><E130/><V89/><F44/><W129/><G129/><T118/><D118/><N who="3" m="45097" /><G70/><T98/><D98/><U23/><E6/><V85/><F45/><W59/><G59/><RYUUKYOKU ba="0,1" sc="200,15,278,-15,299,15,213,-15" hai0="14,16,20,36,43,47,55,56,93,96,100,101,102" hai2="24,25,48,49,50,61,63,79,82,85,87,89,94" /><INIT seed="4,1,1,5,2,109" ten="215,263,314,198" oya="0" hai0="70,64,108,124,87,27,99,6,72,25,37,5,126" hai1="59,84,105,112,28,22,86,23,68,116,18,13,110" hai2="39,102,96,130,98,76,65,54,85,40,91,115,43" hai3="133,107,101,75,74,30,8,117,113,36,73,41,50"/><T16/><D72/><U33/><E68/><V82/><F130/><W88/><G117/><T67/><D37/><U89/><E110/><V77/><F65/><N who="0" m="25162" /><D70/><U114/><E105/><V128/><F128/><W21/><G36/><T48/><D108/><U81/><E116/><V35/><F35/><W60/><G133/><T55/><D87/><U52/><E33/><V17/><F17/><W93/><G60/><T131/><D99/><U63/><E28/><V14/><F14/><W9/><G107/><T42/><D42/><U49/><E63/><V134/><F54/><W118/><G101/><T11/><D131/><U34/><E34/><V12/><F12/><W106/><G106/><T103/><D103/><U24/><REACH who="1" step="1"/><E84/><REACH who="1" ten="215,253,314,198" step="2"/><V95/><F85/><W83/><G118/><T51/><D124/><U7/><E7/><V104/><F104/><W94/><G74/><T15/><D126/><U0/><E0/><V79/><F134/><W45/><G75/><T46/><D51/><U125/><E125/><V57/><F39/><W135/><G135/><T62/><D62/><U129/><E129/><V2/><F2/><W31/><G73/><T19/><D5/><U132/><E132/><V3/><F3/><W58/><G50/><T90/><D6/><U122/><E122/><V66/><F96/><W123/><G123/><T127/><D127/><U80/><E80/><V120/><F120/><W100/><G83/><T111/><D111/><U47/><E47/><V29/><F82/><W97/><G97/><T1/><D1/><U20/><E20/><V56/><F98/><W4/><G4/><RYUUKYOKU ba="1,2" sc="215,-10,253,30,314,-10,198,-10" hai1="13,18,22,23,24,49,52,59,81,86,89,112,114" /><INIT seed="5,2,2,5,2,0" ten="205,283,304,188" oya="1" hai0="7,27,107,66,90,18,97,108,37,117,101,74,96" hai1="5,41,87,80,133,110,11,29,3,42,114,109,127" hai2="61,69,33,118,132,10,46,35,24,65,86,45,94" hai3="104,20,77,38,50,78,82,34,75,112,129,88,76"/><U48/><E114/><V13/><F118/><W73/><G34/><T93/><D108/><N who="1" m="41579" /><E127/><V58/><F132/><W8/><G38/><T55/><D117/><U124/><E124/><V17/><F69/><W30/><G104/><T130/><D74/><U16/><E133/><V115/><F115/><W122/><G112/><T72/><D72/><U99/><E29/><V103/><F33/><W47/><G122/><T40/><D130/><U98/><E16/><N who="2" m="8247" /><F35/><W68/><G68/><T54/><D66/><U91/><E48/><V62/><F62/><W26/><G129/><T9/><D18/><U22/><E22/><N who="2" m="13391" /><F86/><W79/><G8/><T23/><D23/><U105/><E105/><V121/><F121/><W4/><G4/><T100/><D27/><U81/><E81/><V111/><F111/><W6/><G6/><T63/><D63/><U52/><E52/><V102/><F94/><W106/><G106/><T57/><D55/><U95/><E99/><V71/><F71/><W14/><G73/><T28/><D28/><U84/><E87/><V32/><F32/><W83/><G75/><T51/><D107/><U21/><E21/><V67/><F67/><W19/><G83/><T113/><D97/><U59/><E59/><V92/><F92/><W135/><G135/><T2/><REACH who="0" step="1"/><D113/><REACH who="0" ten="195,283,304,188" step="2"/><U120/><E120/><V125/><F125/><W64/><G64/><T126/><D126/><U25/><E25/><V49/><F65/><W116/><G30/><T89/><D89/><AGARI ba="2,3" hai="3,5,11,41,42,80,84,89,91,95,98" m="41579" machi="89" ten="30,2900,0" yaku="10,1,52,1" doraHai="0" who="1" fromWho="0" sc="195,-35,283,65,304,0,188,0" /><INIT seed="5,3,0,2,2,70" ten="160,348,304,188" oya="1" hai0="68,74,63,133,67,48,96,116,134,89,75,64,43" hai1="131,111,26,2,69,27,121,76,135,44,95,53,105" hai2="32,54,110,115,18,52,40,59,30,107,78,90,21" hai3="20,45,81,71,93,83,25,104,117,47,29,1,60"/><U19/><E105/><V94/><F110/><W31/><G104/><T57/><D116/><U15/><E2/><V42/><F107/><W113/><G1/><T22/><D22/><U125/><E121/><V4/><F4/><W72/><G117/><T129/><D96/><U106/><E106/><V91/><F78/><W12/><G113/><T34/><D89/><U8/><E69/><V85/><F115/><W102/><G72/><T92/><D92/><U5/><E76/><V86/><F30/><W33/><G33/><T79/><D34/><U28/><E95/><N who="2" m="54735" /><F32/><W100/><G31/><T6/><D6/><U24/><E44/><N who="3" m="16970" /><G71/><T3/><D3/><U14/><E53/><N who="2" m="20587" /><F59/><W80/><G60/><T49/><D63/><U23/><E111/><V61/><F61/><W123/><G123/><T108/><D68/><U88/><E88/><V41/><F41/><W35/><G35/><T65/><D79/><U38/><E28/><V50/><F50/><W97/><G102/><T103/><D103/><U84/><E5/><V56/><F56/><W126/><G80/><T114/><D114/><U112/><E112/><V109/><F109/><W13/><G81/><T99/><D108/><U82/><E82/><V51/><F51/><W128/><G83/><T66/><D57/><U7/><E7/><V87/><F87/><W9/><G100/><T118/><D118/><U39/><E84/><V46/><F46/><W132/><G29/><T98/><D67/><U58/><E58/><V16/><F18/><W119/><G119/><T127/><D66/><U10/><E19/><V130/><F130/><RYUUKYOKU ba="3,0" sc="160,-10,348,-10,304,30,188,-10" hai2="16,21,40,42,86,91,94" /><INIT seed="6,4,0,2,2,118" ten="150,338,334,178" oya="2" hai0="98,1,125,3,91,66,88,8,89,117,112,64,15" hai1="56,113,108,13,109,76,67,34,29,68,32,7,24" hai2="48,53,43,110,128,42,78,30,75,80,82,28,96" hai3="58,92,26,21,84,130,129,99,71,55,132,27,52"/><V65/><F128/><N who="3" m="49259" /><G71/><T94/><D117/><U2/><E68/><V36/><F110/><W127/><G127/><T16/><D125/><U4/><E76/><V95/><F65/><W86/><G132/><T11/><D112/><U18/><E56/><V31/><F80/><W100/><G27/><T47/><D47/><U9/><E67/><V87/><F75/><W50/><G55/><T41/><D41/><U124/><E124/><V40/><F36/><W93/><G92/><T39/><D39/><U111/><E113/><V33/><F33/><W38/><G38/><T131/><D131/><U72/><E72/><V123/><F123/><W77/><G77/><T114/><D114/><U12/><E7/><V107/><F107/><W126/><G126/><T19/><D1/><U85/><E85/><V83/><F83/><W37/><G37/><T119/><D3/><U35/><E13/><V106/><F106/><W104/><G104/><T122/><D122/><U103/><E103/><V44/><REACH who="2" step="1"/><F42/><REACH who="2" ten="150,338,324,178" step="2"/><W63/><G63/><T54/><D119/><U81/><E81/><V74/><F74/><W135/><G135/><T61/><D66/><U120/><E120/><V73/><F73/><W17/><AGARI ba="4,1" hai="17,21,26,50,52,58,84,86,93,99,100" m="49259" machi="17" ten="30,2000,0" yaku="19,1,54,1" doraHai="118" who="3" fromWho="3" sc="150,-9,338,-9,324,-14,178,42" /><INIT seed="7,0,0,3,0,64" ten="141,329,310,220" oya="3" hai0="85,41,133,88,108,6,63,23,36,120,101,5,43" hai1="62,15,18,50,22,96,47,17,37,121,83,130,81" hai2="52,123,89,0,9,58,122,10,93,135,40,126,19" hai3="30,82,49,21,100,128,127,132,24,74,119,103,14"/><W124/><G119/><T91/><D120/><N who="2" m="46122" /><F135/><W42/><G132/><T67/><D108/><U125/><E37/><V25/><F40/><W86/><G74/><T117/><D117/><U78/><E125/><V118/><F118/><W80/><G128/><T77/><D133/><U56/><E130/><V99/><F126/><N who="3" m="48171" /><G14/><T8/><D101/><N who="3" m="38985" /><G86/><T34/><D34/><U11/><E96/><V51/><F0/><W134/><G134/><T70/><D23/><AGARI ba="0,0" hai="9,10,19,23,25,51,52,58,89,93,99" m="46122" machi="23" ten="30,2000,0" yaku="13,1,54,1" doraHai="64" who="2" fromWho="0" sc="141,-20,329,0,310,20,220,0" owari="121,-37.9,329,12.9,330,43.0,220,-18.0" /></mjloggm>