<mjloggm ver="2.3"><GO type="169" lobby="0"/><UN n0="%E3%82%BF%E3%82%A4%E4%BA%BA%EF%BC%A0%E3%83%90%E3%83%B3%E3%82%B3%E3%82%AF" n1="%6B%61%77%61%69%31%32" n2="%E4%B9%9D%E7%B4%8B%E9%BE%8D%E5%8F%B2%E9%80%B2" n3="%E8%B6%85%E6%94%BB%E6%92%83%E9%BA%BB%E9%9B%80" dan="16,16,19,16" rate="2127.03,2067.12,2328.14,2153.43" sx="M,M,M,M"/><TAIKYOKU oya="0"/><INIT seed="0,0,0,0,2,19" ten="250,250,250,250" oya="0" hai0="37,110,124,83,33,26,40,132,109,60,107,32,123" hai1="79,96,7,49,62,117,70,31,88,53,105,24,16" hai2="75,90,22,119,118,133,2,89,5,104,29,95,12" hai3="135,23,93,100,39,54,120,14,87,86,101,126,65"/><T35/><D123/><U98/><E117/><N who="2" m="44555" /><F104/><W111/><G120/><T30/><D132/><U72/><E7/><V44/><F75/><W114/><G114/><T99/><D124/><U61/><E105/><V10/><F133/><W85/><G135/><T128/><D128/><U57/><E72/><V76/><F76/><W52/><G39/><T42/><D60/><U58/><E79/><V15/><F44/><W48/><G65/><T74/><D37/><U63/><E70/><V18/><F29/><W108/><G126/><T102/><D83/><U8/><E31/><V113/><F113/><W134/><G134/><T127/><D74/><U77/><E77/><V122/><F122/><W9/><G54/><T80/><D80/><U129/><E129/><V131/><F131/><W6/><G93/><T25/><D127/><U115/><E115/><V106/><F106/><W68/><G68/><T50/><D26/><U3/><E3/><V51/><F51/><W94/><G94/><T84/><D84/><U21/><E8/><N who="2" m="2103" /><F95/><W92/><G92/><T81/><D81/><U13/><E88/><V121/><F121/><W34/><G34/><T11/><D11/><N who="1" m="6207" /><E58/><V69/><F69/><W28/><G108/><N who="0" m="41579" /><D50/><U55/><E55/><V27/><F27/><N who="3" m="16511" /><G111/><T71/><D71/><U38/><E38/><V67/><F67/><W73/><G73/><T17/><D30/><N who="1" m="17679" /><E98/><V43/><F43/><W78/><G78/><T125/><D125/><U46/><E96/><V130/><F130/><W66/><G66/><T64/><D64/><U112/><E112/><V82/><F82/><W47/><AGARI ba="0,0" hai="6,9,14,47,48,52,85,86,87,100,101" m="16511" machi="47" ten="30,7900,0" yaku="5,1,8,1,52,1,54,1" doraHai="19" who="3" fromWho="3" sc="250,-39,250,-20,250,-20,250,79" /><INIT seed="1,0,0,1,2,60" ten="211,230,230,329" oya="1" hai0="110,114,126,27,71,77,2,40,82,42,120,76,88" hai1="20,108,130,5,83,74,128,38,15,129,46,50,28" hai2="84,85,34,106,100,33,41,52,131,68,72,75,58" hai3="112,26,29,127,123,21,97,109,122,135,79,11,81"/><U54/><E108/><V12/><F68/><W45/><G112/><T93/><D2/><U118/><E118/><V107/><F41/><W111/><G127/><T19/><D71/><U117/><E117/><V125/><F125/><W9/><G135/><T48/><D110/><N who="3" m="41993" /><G97/><T49/><D114/><U67/><E38/><V57/><F12/><W51/><G11/><T44/><D126/><U23/><E28/><V24/><F24/><W132/><G9/><T56/><D120/><U13/><E67/><V35/><F100/><W6/><G6/><T90/><D27/><U16/><E5/><V89/><F131/><W39/><G39/><T10/><D10/><N who="1" m="6199" /><E15/><V0/><F0/><W86/><G132/><T36/><D36/><U116/><E116/><V113/><F113/><W17/><G29/><T119/><D19/><U91/><E91/><V121/><F121/><W30/><G17/><T53/><D119/><U61/><E61/><V4/><F4/><W98/><G98/><N who="0" m="57639" /><D40/><AGARI ba="0,0" hai="21,26,30,40,45,51,79,81,86,122,123" m="41993" machi="40" ten="30,1000,0" yaku="14,1" doraHai="60" who="3" fromWho="0" sc="211,-10,230,0,230,0,329,10" /><INIT seed="2,0,0,3,1,114" ten="201,230,230,339" oya="2" hai0="62,68,22,91,50,43,71,53,60,28,52,65,35" hai1="23,8,47,72,80,86,44,54,11,78,39,32,73" hai2="6,135,55,41,108,121,133,42,69,102,20,48,56" hai3="63,21,83,61,103,49,118,76,12,2,27,5,92"/><V105/><F121/><W18/><G2/><T85/><D35/><U57/><E32/><V94/><F105/><W100/><G118/><T119/><D119/><U117/><E117/><V0/><F69/><W93/><G49/><T3/><D3/><U99/><E99/><N who="2" m="59767" /><F108/><W129/><G129/><T126/><D126/><U24/><E72/><V95/><F95/><N who="3" m="36427" /><G83/><T81/><D43/><U87/><E73/><V82/><F82/><W125/><G76/><T15/><D50/><N who="1" m="30935" /><E87/><V31/><F6/><W38/><G38/><T104/><D104/><U111/><E111/><V67/><F67/><W19/><G5/><T7/><D7/><U123/><E123/><V75/><F75/><W90/><G90/><T51/><D51/><U66/><E66/><V84/><F84/><W70/><G70/><T46/><D46/><N who="1" m="17451" /><E39/><V107/><F107/><W36/><G36/><T45/><D45/><U14/><E14/><V17/><F0/><W79/><G79/><T109/><D109/><U106/><E106/><V116/><F116/><W58/><G125/><T40/><D40/><U64/><E64/><V25/><F41/><W98/><G98/><T131/><D65/><U130/><E130/><V1/><F42/><W122/><G122/><T115/><D71/><U16/><AGARI ba="0,0" hai="8,11,16,23,24,78,80,86" m="17451,30935" machi="16" ten="30,2000,0" yaku="8,1,54,1" doraHai="114" who="1" fromWho="1" sc="201,-5,230,20,230,-10,339,-5" /><INIT seed="3,0,0,1,0,44" ten="196,250,220,334" oya="3" hai0="96,93,64,27,38,23,78,11,73,133,80,124,88" hai1="70,6,104,85,106,3,16,105,68,21,54,60,14" hai2="29,34,32,128,48,42,119,24,8,55,71,135,59" hai3="53,102,45,110,74,47,111,12,46,126,39,97,132"/><W95/><G74/><T51/><D38/><U79/><E3/><V91/><F119/><W77/><G77/><T1/><D133/><U113/><E113/><V2/><F135/><W52/><G132/><T57/><D124/><U89/><E79/><V10/><F128/><W87/><G39/><T50/><D1/><U81/><REACH who="1" step="1"/><E6/><REACH who="1" ten="196,240,220,334" step="2"/><V17/><F2/><W118/><G126/><T130/><D130/><U33/><E33/><V56/><F32/><W43/><G118/><T20/><D11/><U58/><AGARI ba="0,1" hai="14,16,21,54,58,60,68,70,81,85,89,104,105,106" machi="58" ten="40,8000,1" yaku="1,1,0,1,54,1,53,1" doraHai="44" doraHaiUra="82" who="1" fromWho="1" sc="196,-20,240,90,220,-20,334,-40" /><INIT seed="4,0,0,4,3,45" ten="176,330,200,294" oya="0" hai0="14,130,126,30,39,121,74,100,11,6,107,86,117" hai1="13,10,91,66,78,23,59,17,93,15,65,134,119" hai2="34,95,21,82,97,29,129,70,20,83,94,64,33" hai3="85,31,22,112,3,108,131,61,111,53,26,128,5"/><T99/><D117/><U56/><E119/><V135/><F129/><N who="3" m="49739" /><G85/><T54/><D130/><U79/><E134/><V7/><F7/><W81/><G81/><T60/><D121/><U98/><E65/><V80/><F135/><W123/><G61/><T73/><D39/><U47/><E66/><V28/><F64/><W122/><G53/><T18/><D30/><N who="2" m="11882" /><F97/><W69/><G69/><T76/><D126/><U62/><E47/><V102/><F102/><W50/><G50/><T110/><D110/><N who="3" m="42025" /><G112/><T36/><D36/><U109/><E109/><V37/><F70/><W0/><G5/><T68/><D68/><U90/><E62/><V75/><F75/><W89/><G89/><T132/><D132/><U25/><E91/><V12/><F37/><W105/><G105/><T9/><D86/><U116/><E116/><V92/><F12/><N who="1" m="4681" /><E10/><V125/><F125/><W115/><G115/><T55/><D76/><AGARI ba="0,0" hai="17,23,25,56,59,76,78,79,90,93,98" m="4681" machi="76" ten="30,1000,0" yaku="8,1" doraHai="45" who="1" fromWho="0" sc="176,-10,330,10,200,0,294,0" /><INIT seed="5,0,0,4,2,1" ten="166,340,200,294" oya="1" hai0="73,71,52,107,10,124,91,44,65,130,116,97,109" hai1="25,96,11,85,88,50,42,135,31,26,43,113,76" hai2="24,18,49,120,16,103,20,9,51,133,32,80,14" hai3="82,121,8,112,74,118,15,102,45,38,54,77,98"/><U114/><E135/><V67/><F120/><W22/><G121/><T35/><D116/><U39/><E39/><V40/><F133/><W83/><G112/><N who="1" m="43114" /><E76/><V125/><F125/><W23/><G118/><T41/><D73/><U126/><E96/><V34/><F103/><W92/><G83/><T17/><D109/><U95/><E126/><V61/><F80/><W0/><G54/><T127/><D35/><U132/><E132/><V89/><F89/><W128/><G128/><T110/><D110/><U134/><E134/><V108/><F108/><W62/><G62/><T3/><D130/><U29/><E11/><V81/><F81/><W84/><G84/><T117/><D117/><U27/><E50/><V106/><F106/><W70/><G70/><T13/><D107/><U90/><E90/><V6/><F51/><W57/><G57/><T99/><D91/><U105/><E105/><V58/><REACH who="2" step="1"/><F18/><REACH who="2" ten="166,340,190,294" step="2"/><W60/><G82/><T12/><D127/><U21/><E31/><V104/><F104/><W53/><G102/><T37/><D124/><U30/><E29/><V5/><F5/><W78/><G78/><T131/><D17/><U115/><E115/><V56/><F56/><W66/><G77/><T55/><D71/><U2/><E30/><V101/><F101/><W111/><G111/><T48/><D131/><U7/><E88/><V69/><F69/><W36/><G36/><T33/><D37/><U59/><E59/><V4/><F4/><W68/><G38/><T94/><D48/><U63/><E7/><V87/><F87/><W123/><G68/><T119/><D119/><RYUUKYOKU ba="0,1" sc="166,-10,340,-10,190,30,294,-10" hai2="6,9,14,16,20,24,32,34,40,49,58,61,67" /><INIT seed="6,1,1,5,2,116" ten="156,330,220,284" oya="2" hai0="34,38,50,108,19,47,123,135,125,114,92,39,57" hai1="91,15,72,100,32,14,43,69,103,132,87,65,4" hai2="71,58,53,83,117,101,62,3,89,88,99,17,126" hai3="27,35,54,51,75,2,0,93,23,12,45,7,67"/><V121/><F117/><W61/><G75/><T46/><D34/><U128/><E32/><V131/><F3/><W94/><G35/><T64/><D19/><U70/><E72/><V29/><F29/><W133/><G133/><T130/><D92/><U102/><E128/><V113/><F131/><W106/><G106/><T28/><D28/><U40/><E65/><V127/><F113/><W22/><G2/><T74/><D74/><U33/><E33/><V5/><F5/><W55/><G55/><N who="0" m="31991" /><D130/><U11/><E132/><V13/><F71/><W31/><G0/><T115/><D135/><U42/><REACH who="1" step="1"/><E15/><REACH who="1" ten="156,320,220,284" step="2"/><V120/><F127/><W60/><G67/><T134/><D134/><U66/><E66/><V26/><F126/><W124/><G124/><T44/><D125/><U21/><E21/><V80/><F26/><W52/><G23/><T111/><D64/><U36/><E36/><N who="0" m="13865" /><D123/><U86/><E86/><V78/><F121/><W98/><G12/><T1/><D1/><U97/><E97/><V63/><F120/><W119/><G98/><T90/><D90/><N who="2" m="34922" /><F78/><W76/><G76/><T129/><D129/><U9/><E9/><N who="2" m="6319" /><F99/><W122/><G122/><T104/><D104/><U85/><E85/><V118/><F118/><W41/><G119/><T110/><AGARI ba="1,2" hai="44,46,47,108,110,111,114,115" m="13865,31991" machi="110" ten="40,2700,0" yaku="34,2" doraHai="116" who="0" fromWho="0" sc="156,50,320,-8,220,-14,284,-8" /><INIT seed="7,0,0,5,2,120" ten="206,312,206,276" oya="3" hai0="33,5,89,6,57,97,56,45,40,108,20,49,43" hai1="104,42,61,96,63,105,107,3,64,0,9,74,72" hai2="123,125,71,102,35,59,73,78,10,16,111,112,27" hai3="106,131,129,53,34,79,39,47,37,130,14,98,50"/><W77/><G34/><T13/><D33/><U31/><E31/><V100/><F71/><W115/><G14/><T65/><D43/><U88/><E42/><V75/><F111/><W121/><G121/><T113/><D113/><U7/><E3/><V91/><F123/><W86/><G115/><T81/><D108/><U116/><E116/><V1/><F112/><W101/><REACH who="3" step="1"/><G86/><REACH who="3" ten="206,312,206,266" step="2"/><N who="0" m="50383" /><D13/><U135/><E135/><V69/><F125/><W70/><G70/><T48/><D6/><U110/><E110/><V36/><F69/><W54/><G54/><N who="0" m="31815" /><D5/><U118/><E118/><V26/><F35/><W18/><G18/><T60/><D20/><U85/><E64/><V52/><F1/><W82/><G82/><T32/><D32/><U2/><E2/><V22/><F10/><W15/><G15/><T28/><D28/><U51/><E9/><V128/><F128/><W93/><G93/><T92/><D92/><U87/><E105/><V80/><F26/><W38/><AGARI ba="0,1" hai="37,38,39,47,50,53,77,79,98,101,106,129,130,131" machi="38" ten="40,18000,2" yaku="1,1,0,1,19,1,53,3" doraHai="120" doraHaiUra="68" who="3" fromWho="3" sc="206,-60,312,-60,206,-60,266,190" owari="146,-25.4,252,5.2,146,-35.4,456,55.6" /></mjloggm>