<mjloggm ver="2.3"><GO type="169" lobby="0"/><UN n0="%E7%BC%B6%E3%82%B3%E3%83%92" n1="%E3%81%82%E3%81%95%E3%81%B4%E3%82%93%EF%BC%A0%EF%BD%8D%EF%BD%8A" n2="%62%69%70%73%64" n3="%E3%81%97%E3%82%82%E3%82%93%E3%81%AC" dan="16,18,18,17" rate="2046.89,2294.83,2263.54,2168.64" sx="M,M,M,M"/><TAIKYOKU oya="0"/><INIT seed="0,0,0,2,2,2" ten="250,250,250,250" oya="0" hai0="45,125,119,92,8,39,71,30,0,43,15,19,29" hai1="66,85,44,60,122,107,46,131,6,130,112,56,132" hai2="110,127,28,116,133,87,124,22,26,105,38,91,121" hai3="84,27,67,7,106,31,61,109,34,75,57,90,86"/><T80/><D119/><U40/><E107/><V47/><F121/><W103/><G109/><T5/><D71/><U3/><E122/><V79/><F105/><W4/><G75/><T118/><D125/><U52/><E85/><V23/><F110/><W134/><G134/><T94/><D118/><U108/><E108/><V72/><F116/><W78/><G78/><T64/><D64/><U73/><E73/><V37/><F133/><W82/><REACH who="3" step="1"/><G86/><REACH who="3" ten="250,250,250,240" step="2"/><T62/><D80/><U33/><E132/><V129/><F87/><W25/><G25/><T24/><D62/><U58/><E112/><V50/><F26/><W104/><G104/><T51/><D39/><U17/><E130/><V12/><F79/><W120/><G120/><T18/><D24/><U36/><E131/><V88/><F72/><W59/><G59/><T70/><D70/><U10/><E33/><V20/><F129/><W97/><AGARI ba="0,1" hai="4,7,27,31,34,57,61,67,82,84,90,97,103,106" machi="97" ten="30,7900,0" yaku="1,1,0,1,52,2,53,0" doraHai="2" doraHaiUra="35" who="3" fromWho="3" sc="250,-39,250,-20,250,-20,240,89" /><INIT seed="1,0,0,1,3,121" ten="211,230,230,329" oya="1" hai0="73,10,103,39,32,34,15,48,108,5,65,127,75" hai1="130,55,82,43,70,78,31,18,2,41,77,54,69" hai2="113,116,93,8,46,35,107,112,117,45,52,92,74" hai3="81,28,106,49,104,90,120,126,135,68,119,23,99"/><U14/><E2/><V100/><F35/><W33/><G68/><T6/><D39/><U105/><E105/><V17/><F107/><W44/><G33/><T30/><D103/><U94/><E31/><V20/><F8/><W96/><G120/><T83/><D127/><U101/><E130/><V7/><F7/><W89/><G126/><T85/><D65/><U80/><E94/><V24/><F74/><W66/><G66/><T123/><D123/><U29/><E29/><V115/><F45/><W109/><G135/><T3/><D30/><U87/><E101/><V111/><F111/><W98/><G119/><N who="2" m="45641" /><F100/><W128/><G128/><T97/><D108/><U134/><E134/><V51/><AGARI ba="0,0" hai="17,20,24,46,51,52,92,93,112,113,115" m="45641" machi="51" ten="40,2700,0" yaku="11,1,54,1" doraHai="121" who="2" fromWho="2" sc="211,-7,230,-13,230,27,329,-7" /><INIT seed="2,0,0,0,2,4" ten="204,217,257,322" oya="2" hai0="3,47,16,60,80,126,95,44,38,7,97,29,40" hai1="20,94,89,73,69,12,99,19,87,79,53,5,113" hai2="8,117,129,68,70,51,45,15,57,114,90,91,93" hai3="39,46,24,74,43,62,61,55,132,131,1,133,75"/><V52/><F114/><W54/><G1/><T31/><D126/><U103/><E113/><V109/><F117/><W120/><G24/><T81/><D60/><N who="3" m="23145" /><G120/><T42/><D7/><U30/><E69/><V86/><F129/><W35/><G35/><T127/><D3/><U83/><E5/><V14/><F109/><W124/><G131/><T119/><D127/><U67/><E67/><V107/><F107/><W77/><G124/><T98/><D119/><U105/><REACH who="1" step="1"/><E53/><REACH who="1" ten="204,207,257,322" step="2"/><V96/><F70/><W101/><G54/><T71/><D71/><U37/><E37/><V64/><F68/><W128/><G55/><T6/><D6/><U32/><E32/><V28/><F64/><W111/><G39/><T130/><D130/><U10/><E10/><V123/><F123/><W102/><G128/><T112/><D112/><U59/><E59/><V134/><F134/><W23/><G132/><T108/><D38/><U115/><E115/><V84/><F57/><W56/><G56/><T63/><D108/><U41/><E41/><V92/><F8/><W121/><G43/><T58/><D58/><U85/><E85/><V49/><F49/><W25/><G111/><T48/><D63/><U110/><E110/><V106/><F28/><AGARI ba="0,1" hai="12,19,20,28,30,73,79,83,87,89,94,99,103,105" machi="28" ten="40,5200,0" yaku="1,1,24,2,53,0" doraHai="4" doraHaiUra="2" who="1" fromWho="2" sc="204,0,207,62,257,-52,322,0" /><INIT seed="3,0,0,5,4,57" ten="204,269,205,322" oya="3" hai0="1,85,7,76,20,15,22,108,79,90,104,60,19" hai1="110,80,129,14,54,69,42,34,133,11,91,70,59" hai2="124,48,132,119,128,117,40,114,46,28,131,65,44" hai3="112,10,73,81,126,89,32,55,4,68,64,93,62"/><W71/><G112/><T6/><D108/><U45/><E34/><V58/><F28/><W116/><G116/><N who="2" m="44617" /><F114/><W122/><G122/><T86/><D104/><U21/><E110/><V51/><F132/><W16/><G126/><T88/><D15/><U98/><E21/><V24/><F24/><W25/><G55/><T9/><D9/><U115/><E129/><N who="2" m="49739" /><F124/><W36/><G36/><T72/><D72/><U83/><E133/><V43/><F58/><W78/><G68/><T33/><D33/><U123/><E123/><V103/><F103/><W26/><G32/><T37/><D37/><U102/><E115/><V0/><F0/><W87/><REACH who="3" step="1"/><G16/><REACH who="3" ten="204,269,205,312" step="2"/><T99/><D19/><U109/><E109/><V13/><F65/><W35/><G35/><T56/><D22/><U92/><E70/><V134/><F134/><W38/><G38/><T113/><D20/><U29/><E69/><V66/><F66/><W30/><G30/><T27/><D113/><U105/><E29/><V52/><F13/><AGARI ba="0,1" hai="4,10,13,25,26,62,64,71,73,78,81,87,89,93" machi="13" ten="30,5800,0" yaku="1,1,7,1,52,1,53,0" doraHai="57" doraHaiUra="49" who="3" fromWho="2" sc="204,0,269,0,205,-58,312,68" /><INIT seed="3,1,0,3,4,106" ten="204,269,147,380" oya="3" hai0="103,120,32,55,65,44,93,110,53,9,108,73,18" hai1="131,30,28,122,99,31,58,134,81,1,123,60,111" hai2="6,25,54,87,22,79,130,43,10,7,97,15,23" hai3="135,84,118,41,88,48,113,62,94,78,85,45,96"/><W76/><G135/><T42/><D32/><U89/><E1/><V119/><F130/><W83/><G113/><T100/><D120/><U101/><E131/><V121/><F119/><W112/><G112/><T5/><D65/><U26/><E134/><V129/><F129/><W49/><G118/><T3/><D18/><U86/><E111/><N who="0" m="42537" /><D73/><U116/><E116/><V126/><F126/><W69/><G69/><T40/><D40/><U24/><E123/><V133/><F43/><W77/><G62/><T63/><D63/><U14/><E14/><V75/><F75/><W72/><G84/><T56/><D56/><U36/><E36/><V102/><F121/><W117/><G117/><T19/><D19/><U124/><E124/><V33/><F6/><W29/><G29/><T115/><D115/><U4/><E4/><V2/><F2/><W17/><G17/><T8/><D8/><U70/><E70/><V52/><F33/><W98/><REACH who="3" step="1"/><G49/><REACH who="3" ten="204,269,147,370" step="2"/><T66/><D5/><U114/><E114/><V57/><F133/><W21/><G21/><T80/><D9/><U104/><REACH who="1" step="1"/><E122/><REACH who="1" ten="204,259,147,370" step="2"/><V68/><F68/><W95/><G95/><T13/><D93/><U38/><E38/><V128/><F128/><W91/><G91/><T105/><D103/><U20/><E20/><V0/><F22/><W16/><G16/><T12/><D100/><U27/><E27/><V47/><F25/><W82/><G82/><T39/><D80/><U11/><E11/><V61/><F102/><W132/><G132/><T92/><D39/><U64/><AGARI ba="1,2" hai="24,26,28,30,31,58,60,64,81,86,89,99,101,104" machi="64" ten="30,2000,0" yaku="1,1,0,1,53,0" doraHai="106" doraHaiUra="46" who="1" fromWho="1" sc="204,-6,259,43,147,-6,370,-11" /><INIT seed="4,0,0,3,0,10" ten="198,302,141,359" oya="0" hai0="11,117,76,50,80,17,125,44,9,0,55,35,29" hai1="116,6,107,112,58,25,54,39,53,129,75,78,86" hai2="88,5,77,93,51,121,99,52,45,65,34,96,111" hai3="24,135,1,26,68,115,81,105,18,19,97,61,28"/><T37/><D117/><U95/><E116/><V48/><F111/><W67/><G115/><T59/><D125/><U90/><E39/><V106/><F121/><W84/><G135/><T113/><D113/><U72/><E112/><V22/><F34/><W30/><G1/><T131/><D131/><U46/><E129/><V82/><F65/><W47/><G47/><T110/><D110/><U83/><E75/><V132/><F132/><W16/><G105/><T119/><D119/><U42/><E25/><V102/><F22/><W91/><G97/><T94/><D94/><U109/><E109/><V74/><F48/><W40/><G40/><T23/><D35/><U7/><E54/><V123/><F5/><W32/><REACH who="3" step="1"/><G18/><REACH who="3" ten="198,302,141,349" step="2"/><T79/><D0/><U69/><E107/><V101/><REACH who="2" step="1"/><F123/><REACH who="2" ten="198,302,131,349" step="2"/><W43/><G43/><T8/><D37/><U62/><E6/><V89/><AGARI ba="0,2" hai="45,51,52,74,77,82,88,89,93,96,99,101,102,106" machi="89" ten="30,8000,1" yaku="1,1,2,1,0,1,54,2,53,0" doraHai="10" doraHaiUra="134" who="2" fromWho="2" sc="198,-40,302,-20,131,100,349,-20" /><INIT seed="5,0,0,4,5,73" ten="158,282,231,329" oya="1" hai0="15,10,132,0,108,90,49,18,126,22,89,135,82" hai1="68,85,60,100,50,127,41,101,47,11,71,113,20" hai2="56,79,61,88,115,91,17,97,69,121,2,103,122" hai3="8,27,77,3,28,63,104,37,92,86,94,64,62"/><U112/><E127/><V4/><F69/><N who="1" m="26697" /><E60/><V70/><F70/><W32/><G37/><T114/><D108/><U118/><E118/><V83/><F2/><W116/><G104/><T59/><D114/><N who="1" m="44139" /><E20/><V66/><F4/><W98/><G116/><T21/><D126/><U133/><E133/><V125/><F115/><W76/><G86/><T58/><D21/><U128/><E128/><V130/><F125/><W16/><G92/><T7/><D82/><U26/><E26/><V25/><F130/><W9/><G9/><T119/><D119/><U57/><E57/><V75/><F17/><W19/><G19/><T111/><D111/><U102/><E85/><V67/><F67/><W74/><G74/><T107/><D59/><U93/><E11/><V72/><F25/><W39/><G39/><T12/><D58/><U96/><AGARI ba="0,0" hai="41,47,50,93,96,100,101,102" m="44139,26697" machi="96" ten="40,2100,0" yaku="15,1" doraHai="73" who="1" fromWho="1" sc="158,-7,282,21,231,-7,329,-7" /><INIT seed="5,1,0,4,4,27" ten="151,303,224,322" oya="1" hai0="126,86,12,116,121,118,4,19,38,51,8,94,107" hai1="108,42,1,7,123,32,56,75,96,13,59,117,34" hai2="74,90,3,129,61,55,15,78,49,83,106,54,92" hai3="112,65,68,43,93,45,23,103,79,80,18,66,25"/><U97/><E117/><V10/><F129/><W99/><G112/><T40/><D107/><U22/><E123/><V36/><F106/><W111/><G111/><T132/><D38/><U109/><E75/><V14/><F36/><W104/><G68/><T134/><D121/><U9/><E42/><V53/><F61/><W131/><G104/><T77/><D126/><U62/><E1/><V130/><F130/><W20/><G20/><T26/><D94/><U122/><E122/><V24/><F3/><W114/><G114/><T11/><D26/><U102/><E22/><V17/><F14/><W101/><G101/><T58/><D86/><U73/><E73/><V39/><F39/><W30/><G18/><T44/><D77/><U133/><E133/><N who="0" m="51305" /><D58/><N who="1" m="22059" /><E62/><V85/><REACH who="2" step="1"/><F24/><REACH who="2" ten="151,303,214,322" step="2"/><W115/><G131/><T81/><D81/><U125/><E125/><V127/><F127/><W2/><G2/><AGARI ba="1,1" hai="2,4,8,11,12,19,40,44,51,116,118" m="51305" machi="2" ten="30,1000,0" yaku="20,1" doraHai="27" who="0" fromWho="3" sc="151,23,303,0,214,0,322,-13" /><INIT seed="6,0,0,2,1,42" ten="174,303,214,309" oya="2" hai0="45,19,100,29,17,66,14,37,75,99,89,22,59" hai1="18,49,121,101,52,130,11,95,60,62,27,44,32" hai2="72,98,54,6,81,36,110,21,33,107,112,120,71" hai3="23,90,67,70,41,131,74,118,128,127,85,106,102"/><V53/><F33/><W58/><G118/><T122/><D75/><U15/><E130/><V119/><F119/><W51/><G74/><T28/><D122/><U55/><E121/><V103/><F120/><W68/><G127/><T86/><D66/><U76/><E76/><V78/><F71/><W1/><G1/><T114/><D114/><U64/><E32/><V93/><F36/><W26/><G102/><T20/><D59/><N who="1" m="36959" /><E27/><V113/><F6/><W129/><G106/><T57/><D57/><N who="1" m="34855" /><E95/><V111/><F21/><W13/><G13/><T134/><D134/><U65/><E65/><V40/><F40/><W77/><G77/><T24/><D37/><U50/><E50/><V97/><F53/><N who="3" m="32063" /><G67/><T87/><D87/><U25/><E25/><V105/><F54/><W7/><G7/><T30/><D86/><U109/><E109/><N who="2" m="41483" /><F107/><W38/><G41/><T8/><D89/><AGARI ba="0,0" hai="72,78,81,89,93,97,98,103,105,112,113" m="41483" machi="89" ten="30,5800,0" yaku="10,1,34,2" doraHai="42" who="2" fromWho="0" sc="174,-58,303,0,214,58,309,0" /><INIT seed="6,1,0,0,0,99" ten="116,303,272,309" oya="2" hai0="64,107,86,40,95,120,41,47,93,90,0,52,54" hai1="43,119,89,37,129,32,74,6,130,21,3,10,77" hai2="91,44,31,39,128,9,29,108,111,104,117,12,19" hai3="51,34,75,4,67,35,101,82,25,33,63,97,85"/><V20/><F104/><W22/><G75/><T15/><D0/><U27/><E119/><V103/><F117/><W110/><G110/><N who="2" m="42025" /><F91/><W68/><G4/><T115/><D107/><U135/><E135/><V84/><F84/><W11/><G11/><T48/><D120/><U50/><E50/><V78/><F78/><W24/><G51/><T114/><D64/><U53/><E53/><V126/><F128/><N who="1" m="49257" /><E32/><V71/><F71/><W61/><G61/><T14/><D54/><U2/><E89/><V23/><F103/><W73/><G73/><T66/><D66/><U88/><E88/><V57/><F57/><W121/><G121/><T42/><REACH who="0" step="1"/><D95/><REACH who="0" ten="106,303,272,309" step="2"/><U8/><E2/><V13/><F126/><W96/><G67/><T18/><D18/><U7/><E3/><V5/><F44/><W113/><G68/><T123/><D123/><U100/><E6/><V17/><F39/><W36/><G36/><T133/><D133/><U127/><E7/><V102/><F102/><W106/><G101/><T65/><D65/><U62/><E100/><V76/><F76/><W59/><G106/><T132/><D132/><U28/><E127/><V125/><F125/><W26/><G35/><T83/><D83/><N who="1" m="45495" /><E62/><V55/><F55/><W92/><G63/><T124/><D124/><U72/><E72/><V98/><F98/><W16/><G96/><T46/><D46/><AGARI ba="1,1" hai="8,10,21,27,28,37,43,46" m="45495,49257" machi="46" ten="30,1000,0" yaku="19,1" doraHai="99" who="1" fromWho="0" sc="106,-13,303,23,272,0,309,0" /><INIT seed="7,0,0,4,3,33" ten="93,326,272,309" oya="3" hai0="120,22,57,16,63,82,123,38,114,58,60,26,75" hai1="70,99,65,73,133,127,51,119,28,49,96,128,131" hai2="86,93,29,110,0,66,103,31,37,8,122,50,43" hai3="6,121,54,116,39,7,41,94,11,109,130,117,92"/><W68/><G121/><T9/><D38/><U107/><E73/><V61/><F110/><W76/><G109/><T78/><D114/><U115/><E115/><V34/><F122/><W52/><G68/><T20/><D75/><U35/><E127/><V27/><F31/><W105/><G105/><T23/><D9/><U74/><E74/><V83/><F37/><W126/><G126/><T45/><D45/><U77/><E77/><V12/><F103/><W21/><G130/><N who="1" m="49706" /><E133/><V5/><F93/><W106/><G106/><T40/><D40/><U85/><E85/><V32/><F32/><W88/><G76/><T47/><D47/><U134/><E119/><V69/><F50/><N who="1" m="18953" /><E107/><V14/><REACH who="2" step="1"/><F43/><REACH who="2" ten="93,326,262,309" step="2"/><W135/><G41/><T1/><D120/><U36/><E36/><V101/><F101/><W118/><G39/><T81/><D123/><U18/><E134/><V13/><F13/><W125/><G135/><T113/><D113/><U53/><E28/><V112/><F112/><W67/><G125/><T62/><D78/><AGARI ba="0,1" hai="0,5,8,12,14,27,29,34,61,66,69,78,83,86" machi="78" ten="30,3900,0" yaku="1,1,7,1,52,1,53,0" doraHai="33" doraHaiUra="15" who="2" fromWho="0" sc="93,-39,326,0,262,49,309,0" owari="54,-44.6,326,42.6,311,11.1,309,-9.1" /></mjloggm>