<mjloggm ver="2.3"><GO type="169" lobby="0"/><UN n0="%E5%B1%B1%E6%9C%AC%E6%83%A3%E4%B8%80%E6%9C%97" n1="%70%61%6E%30%39%30%37" n2="%E3%82%80%E3%81%97%E6%AD%AF" n3="%E3%83%93%E3%82%BF%E3%83%85%E3%83%A2" dan="17,17,17,16" rate="2194.05,2198.26,2187.36,2101.67" sx="M,M,M,M"/><TAIKYOKU oya="0"/><INIT seed="0,0,0,1,5,19" ten="250,250,250,250" oya="0" hai0="43,80,57,22,94,96,72,53,123,45,89,11,1" hai1="105,30,38,103,48,64,126,69,133,86,134,88,66" hai2="116,107,102,59,83,97,68,111,35,131,135,113,93" hai3="56,112,18,14,24,128,13,28,124,54,16,10,33"/><T130/><D130/><U44/><E38/><V65/><F113/><W77/><G112/><T81/><D123/><U58/><E69/><V12/><F35/><W90/><G128/><T98/><D72/><U32/><E126/><V101/><F68/><W91/><G77/><T70/><D70/><U110/><E110/><V79/><F111/><W67/><G67/><T50/><D98/><N who="1" m="61687" /><E58/><V99/><F131/><W9/><REACH who="3" step="1"/><G124/><REACH who="3" ten="250,250,250,240" step="2"/><T75/><D75/><U36/><E64/><V71/><F65/><W108/><G108/><T40/><D40/><U119/><E66/><V31/><F79/><W34/><G34/><T27/><D1/><U20/><E32/><V15/><F71/><W37/><G37/><T23/><D11/><U78/><E78/><V17/><F116/><W2/><G2/><T118/><D118/><U82/><E36/><V104/><F135/><N who="1" m="51721" /><E119/><V26/><F107/><W125/><G125/><T73/><D73/><U41/><E30/><V46/><F104/><W127/><G127/><T63/><D22/><AGARI ba="0,1" hai="20,22,41,44,48,82,86,88" m="51721,61687" machi="22" ten="30,7700,0" yaku="20,1,52,2,54,1" doraHai="19" who="1" fromWho="0" sc="250,-77,250,87,250,0,240,0" /><INIT seed="1,0,0,4,4,134" ten="173,337,250,240" oya="1" hai0="20,72,99,51,58,64,109,88,121,98,82,130,3" hai1="13,132,44,32,123,87,36,6,122,42,5,91,26" hai2="118,68,24,103,110,8,71,78,129,93,10,18,41" hai3="12,106,101,125,85,83,14,111,57,53,70,33,47"/><U76/><E132/><V2/><F118/><W135/><G135/><T104/><D3/><U74/><E76/><V131/><F110/><W28/><G70/><T94/><D109/><U124/><E74/><V73/><F41/><W7/><G111/><T54/><D130/><N who="2" m="49674" /><F78/><W108/><G47/><T40/><D121/><U114/><E114/><V89/><F103/><W45/><G45/><T52/><D72/><U37/><E36/><V69/><F73/><W23/><G33/><T96/><D82/><U61/><E61/><V11/><F24/><W9/><G106/><T119/><D119/><U1/><E1/><V107/><F107/><W17/><G108/><T113/><D113/><U59/><E59/><V39/><F39/><W48/><G101/><T117/><D117/><U66/><E66/><V115/><F115/><W34/><G34/><T60/><D104/><U65/><E65/><V31/><F31/><W27/><G28/><T35/><D35/><U95/><E32/><V105/><F105/><W90/><REACH who="3" step="1"/><G125/><REACH who="3" ten="173,337,250,230" step="2"/><T50/><D40/><U127/><E122/><V29/><F29/><W4/><G4/><T77/><D77/><U102/><E123/><V112/><F112/><W63/><G63/><T16/><D51/><U0/><E102/><V84/><F18/><W25/><AGARI ba="0,1" hai="7,9,12,14,17,23,25,27,48,53,57,83,85,90" machi="25" ten="30,7900,0" yaku="1,1,0,1,8,1,53,1" doraHai="134" doraHaiUra="86" who="3" fromWho="3" sc="173,-20,337,-39,250,-20,230,89" /><INIT seed="2,0,0,4,2,8" ten="153,298,230,319" oya="2" hai0="0,129,115,70,118,52,110,19,128,43,47,26,101" hai1="77,114,93,87,45,133,54,68,4,18,119,50,126" hai2="11,37,89,106,24,91,105,29,41,113,97,88,117" hai3="86,71,85,31,32,95,60,92,5,53,72,78,96"/><V104/><F113/><W123/><G123/><T81/><D70/><U67/><E114/><V102/><F117/><W98/><G5/><T76/><D115/><U13/><E119/><V36/><F11/><W14/><G32/><T40/><D118/><U30/><E126/><V84/><F84/><W80/><G31/><T63/><D0/><U44/><E4/><V39/><REACH who="2" step="1"/><F41/><REACH who="2" ten="153,298,220,319" step="2"/><W120/><G85/><T108/><D43/><U112/><E112/><V82/><F82/><W94/><G86/><T134/><D40/><U122/><E87/><V25/><F25/><W111/><G80/><T103/><D26/><U131/><E122/><V1/><F1/><W66/><G120/><T57/><D128/><U12/><E131/><V90/><N who="2" m="22528" /><DORA hai="38" /><V35/><AGARI ba="0,1" hai="24,29,35,36,37,39,97,102,104,105,106" m="22528" machi="35" ten="50,12000,1" yaku="1,1,4,1,0,1,54,1,53,0" doraHai="8,38" doraHaiUra="62,49" who="2" fromWho="2" sc="153,-40,298,-40,220,130,319,-40" /><INIT seed="2,1,0,0,3,127" ten="113,258,350,279" oya="2" hai0="25,94,5,46,125,4,8,33,135,93,101,53,31" hai1="123,134,71,117,67,41,121,128,14,30,96,22,82" hai2="43,9,2,18,62,13,51,44,103,39,118,45,114" hai3="131,91,126,113,87,6,3,57,64,119,107,108,16"/><V72/><F114/><W130/><G119/><T75/><D75/><U85/><E117/><V28/><F118/><W52/><G107/><T133/><D125/><U49/><E134/><N who="0" m="51209" /><D101/><U69/><E96/><V20/><F72/><W111/><G126/><T89/><D89/><U12/><E67/><V99/><F62/><N who="3" m="36135" /><G64/><T110/><D110/><N who="3" m="42025" /><G113/><T132/><N who="0" m="51217" /><T78/><DORA hai="40" /><D78/><U19/><E30/><V86/><F86/><W92/><G16/><T120/><D120/><N who="1" m="46155" /><E12/><V79/><F79/><W70/><G70/><T124/><D124/><U97/><E97/><V29/><F2/><W81/><G81/><T0/><D4/><U55/><E41/><V122/><F9/><AGARI ba="1,0" hai="3,6,9,87,91,92,130,131" m="42025,36135" machi="9" ten="30,7700,0" yaku="14,1,52,2,54,1" doraHai="127,40" who="3" fromWho="2" sc="113,0,258,0,350,-80,279,80" /><INIT seed="3,0,0,5,3,74" ten="113,258,270,359" oya="3" hai0="16,11,38,0,126,109,31,27,94,21,35,22,60" hai1="66,131,73,54,107,53,46,121,65,101,119,134,69" hai2="104,48,98,129,23,36,88,99,24,105,44,64,1" hai3="100,120,86,123,133,47,111,97,56,68,42,110,20"/><W2/><G68/><T71/><D38/><U125/><E121/><V96/><F1/><W33/><G33/><T8/><D109/><N who="3" m="41481" /><G2/><T108/><D108/><U95/><E107/><V57/><F129/><W40/><G133/><T84/><D126/><U28/><E125/><V43/><F104/><N who="3" m="63503" /><G56/><T77/><D0/><U132/><E131/><V10/><F10/><W45/><G86/><T113/><D113/><U82/><E73/><V70/><F105/><W55/><G55/><T114/><D114/><U79/><E53/><V135/><F135/><W89/><G89/><T61/><D35/><U117/><E54/><N who="2" m="31943" /><F88/><W50/><G20/><T91/><D77/><U78/><E69/><V18/><F99/><W5/><G5/><T128/><D128/><U127/><E127/><V106/><F106/><W112/><G112/><T7/><D7/><U85/><E85/><V25/><F98/><W41/><G41/><T76/><D76/><U9/><E134/><V34/><F96/><W6/><G6/><T15/><REACH who="0" step="1"/><D71/><REACH who="0" ten="103,258,270,359" step="2"/><U49/><E132/><V17/><F34/><W80/><G80/><T3/><D3/><U67/><E82/><V26/><F70/><W29/><G29/><T37/><D37/><AGARI ba="0,1" hai="37,40,42,45,47,50,120,123" m="63503,41481" machi="37" ten="30,2900,0" yaku="14,1,10,1" doraHai="74" who="3" fromWho="0" sc="103,-29,258,0,270,0,359,39" /><INIT seed="3,1,0,1,4,74" ten="74,258,270,398" oya="3" hai0="33,36,21,135,12,14,54,81,17,38,88,100,104" hai1="53,110,126,61,130,111,124,109,47,98,42,2,118" hai2="94,67,62,20,108,129,113,73,128,43,85,119,4" hai3="5,25,11,87,134,132,116,44,115,120,41,30,52"/><W57/><G115/><T29/><D135/><N who="3" m="51753" /><G116/><T106/><D12/><U71/><E2/><V1/><F119/><W99/><G120/><T27/><D54/><U93/><E93/><V125/><F113/><W90/><G99/><T56/><D56/><N who="1" m="34959" /><E98/><V84/><F73/><W58/><G41/><T34/><D34/><U70/><E130/><V64/><F20/><N who="3" m="15655" /><G44/><T6/><D6/><U117/><E117/><V86/><F4/><W131/><G131/><T103/><D106/><U75/><E75/><V89/><F43/><W82/><G52/><T63/><D63/><U121/><E121/><V92/><F62/><W37/><G37/><T9/><D104/><U31/><E31/><V46/><F46/><W19/><G19/><T55/><D55/><U51/><E118/><V60/><F60/><W95/><G95/><T107/><D107/><U24/><E24/><V10/><F94/><W79/><G90/><T39/><REACH who="0" step="1"/><D33/><REACH who="0" ten="64,258,270,398" step="2"/><U28/><E28/><V76/><F128/><W96/><G96/><T77/><D77/><U48/><E48/><V23/><F76/><W13/><AGARI ba="1,1" hai="5,11,13,57,58,79,82,87" m="15655,51753" machi="13" ten="30,3000,0" yaku="20,1,52,1" doraHai="74" who="3" fromWho="3" sc="64,-11,258,-11,270,-11,398,43" /><INIT seed="3,2,0,3,5,96" ten="53,247,259,441" oya="3" hai0="115,60,112,37,50,107,77,82,28,11,1,125,129" hai1="32,120,3,45,88,41,100,30,64,70,43,48,109" hai2="86,135,25,121,14,105,0,36,62,101,46,80,51" hai3="79,68,93,29,118,22,91,8,126,94,103,56,4"/><W73/><G118/><T15/><D37/><U78/><E120/><V116/><F116/><W119/><G119/><T13/><D107/><U53/><E3/><V95/><F0/><W5/><G68/><T106/><D106/><U122/><E122/><V7/><F121/><W133/><G4/><N who="0" m="1423" /><D125/><U72/><E109/><V33/><F36/><W83/><G126/><T21/><D50/><U27/><E100/><V87/><F105/><W65/><G133/><T67/><D129/><U31/><E31/><V111/><F111/><W71/><G71/><N who="0" m="42471" /><D21/><U40/><E70/><V130/><F62/><W39/><G39/><T74/><D28/><U110/><E110/><V44/><F25/><W84/><G22/><T59/><D59/><U20/><E64/><V102/><F135/><W108/><G29/><T97/><D97/><U16/><E88/><N who="2" m="53655" /><F33/><W42/><G108/><T57/><D57/><U104/><E104/><V99/><F99/><W54/><G65/><T61/><D61/><U2/><E2/><V63/><F63/><W38/><G56/><T85/><D74/><U10/><E10/><N who="2" m="4447" /><F130/><W35/><G73/><T90/><D90/><U134/><E134/><V26/><F26/><W18/><G91/><T12/><D115/><U55/><E72/><V24/><F24/><W124/><G38/><T127/><D112/><U19/><E20/><V9/><F9/><W117/><G8/><T52/><D127/><U75/><E53/><N who="2" m="29927" /><F46/><W131/><G124/><T114/><D52/><U113/><E113/><V123/><F123/><W89/><G54/><T92/><D114/><U34/><E34/><RYUUKYOKU ba="2,0" sc="53,10,247,10,259,10,441,-30" hai0="12,13,15,77,82,85,92" hai1="16,19,27,30,32,40,41,43,45,48,55,75,78" hai2="80,87,101,102" /><INIT seed="4,3,0,0,3,115" ten="63,257,269,411" oya="0" hai0="74,100,96,8,64,99,89,23,104,61,82,87,27" hai1="35,9,31,43,48,95,130,30,12,122,39,40,105" hai2="22,90,123,42,128,121,91,17,51,4,109,49,131" hai3="114,67,53,52,18,135,88,119,83,86,14,13,118"/><T11/><D96/><U73/><E122/><V111/><F22/><W124/><G67/><T59/><REACH who="0" step="1"/><D74/><REACH who="0" ten="53,257,269,411" step="2"/><U116/><E73/><V70/><F123/><W120/><G120/><T94/><D94/><U85/><E95/><V68/><F121/><W92/><G114/><T117/><D117/><U24/><E116/><V25/><F111/><W34/><G119/><T37/><D37/><U6/><E39/><V97/><F97/><W107/><G118/><T71/><D71/><U16/><E105/><V32/><F109/><W65/><G107/><T126/><D126/><U80/><E130/><V19/><F70/><W33/><G92/><T7/><D7/><U108/><E108/><V46/><F4/><W1/><G124/><T21/><D21/><N who="1" m="13351" /><E35/><V45/><F68/><W63/><G34/><T3/><D3/><U78/><E43/><N who="2" m="24767" /><F32/><W58/><G1/><T2/><D2/><U93/><E93/><V54/><F42/><W102/><G33/><T57/><D57/><U69/><E69/><V103/><F131/><W55/><G58/><T77/><D77/><U110/><E110/><V29/><F128/><W50/><G102/><T76/><D76/><U60/><E60/><V28/><F103/><W72/><G63/><T84/><D84/><U5/><E5/><V106/><F106/><W101/><G86/><T113/><D113/><U129/><E129/><V56/><F56/><W20/><G101/><T38/><D38/><U79/><E79/><V44/><F91/><W62/><G88/><T133/><D133/><U41/><E41/><V15/><F90/><W134/><G134/><RYUUKYOKU ba="3,1" sc="53,15,257,15,269,-15,411,-15" hai0="8,11,23,27,59,61,64,82,87,89,99,100,104" hai1="6,9,12,30,31,40,48,78,80,85" /><INIT seed="4,4,1,5,4,63" ten="68,272,254,396" oya="0" hai0="48,66,43,15,32,41,54,26,3,58,30,53,84" hai1="70,105,82,28,120,124,90,89,99,49,76,75,37" hai2="12,52,104,57,121,91,113,0,98,135,96,9,119" hai3="88,38,112,29,59,87,50,13,19,97,116,18,129"/><T109/><D3/><U20/><E120/><V33/><F121/><W123/><G123/><T79/><D109/><U1/><E37/><V65/><F33/><W74/><G116/><T102/><D102/><U94/><E70/><V4/><F119/><W132/><G38/><T73/><D73/><U55/><E1/><V34/><F34/><W69/><G69/><T68/><D54/><U130/><E124/><V60/><F113/><W80/><G112/><T85/><D85/><U64/><E130/><V67/><F135/><W117/><G117/><T114/><D114/><U36/><E36/><V42/><F42/><W78/><G132/><T133/><D133/><U45/><E105/><V108/><F108/><W131/><G29/><T23/><D79/><U6/><E6/><V62/><F0/><W27/><G97/><N who="2" m="37481" /><F104/><W111/><G111/><T7/><D84/><N who="1" m="50327" /><E76/><V17/><F91/><W5/><G27/><T35/><D35/><U115/><E75/><V93/><F93/><W110/><G110/><T81/><D81/><U2/><E2/><V95/><F95/><W51/><G74/><T92/><D92/><U22/><E115/><V118/><F118/><W71/><G78/><T77/><D77/><U11/><E28/><V39/><F39/><W46/><G71/><T134/><D134/><U14/><E22/><N who="2" m="11559" /><F60/><W125/><G131/><T25/><D7/><N who="1" m="3455" /><E20/><V21/><F21/><W47/><G129/><T83/><D83/><U126/><E126/><V10/><F4/><W103/><G5/><T122/><D122/><U127/><E127/><V8/><AGARI ba="4,1" hai="8,9,10,52,57,62,65,67" m="11559,37481" machi="8" ten="30,7900,0" yaku="8,1,52,2,54,1" doraHai="63" who="2" fromWho="2" sc="68,-43,272,-24,254,101,396,-24" /><INIT seed="5,0,0,5,0,24" ten="25,248,355,372" oya="1" hai0="131,87,129,94,36,21,125,39,114,58,104,96,115" hai1="134,54,74,11,122,6,12,67,117,124,97,127,49" hai2="1,105,51,65,86,26,85,63,31,91,14,82,68" hai3="103,28,62,102,126,0,81,8,27,18,80,2,20"/><U83/><E117/><V19/><F1/><W79/><G126/><N who="1" m="48170" /><E122/><V88/><F105/><W53/><G81/><T52/><D125/><U111/><E134/><V69/><F51/><W106/><G106/><T93/><D104/><U3/><E67/><V33/><F69/><W120/><G120/><T45/><D87/><U108/><E97/><V59/><F68/><W25/><G2/><T17/><D45/><N who="1" m="27951" /><E3/><V132/><F132/><W57/><G0/><T112/><D17/><U47/><E47/><V10/><REACH who="2" step="1"/><F85/><REACH who="2" ten="25,248,345,372" step="2"/><W77/><G62/><T55/><D21/><U109/><E83/><V73/><F73/><AGARI ba="0,1" hai="6,11,12,73,74,108,109,111" m="27951,48170" machi="73" ten="40,3900,0" yaku="10,1,18,1" doraHai="24" who="1" fromWho="2" sc="25,0,248,49,345,-39,372,0" /><INIT seed="5,1,0,3,4,109" ten="25,297,306,372" oya="1" hai0="39,118,69,14,96,122,35,22,81,8,24,32,27" hai1="51,20,11,99,78,120,95,12,18,58,59,70,82" hai2="65,126,16,117,114,86,6,132,123,115,94,62,46" hai3="116,60,1,88,26,130,63,54,67,3,112,66,103"/><U50/><E120/><V125/><F117/><W100/><G116/><T106/><D39/><U131/><E70/><V48/><F123/><W34/><G54/><T77/><D122/><U0/><E131/><V2/><F132/><W101/><G130/><T111/><D69/><U83/><E0/><V133/><F133/><W42/><G42/><T98/><D118/><U72/><E83/><V97/><F86/><W53/><G53/><T36/><D36/><U4/><E50/><V128/><F128/><W33/><G88/><T29/><D111/><U10/><E51/><V5/><F16/><W19/><G19/><T9/><D106/><U57/><REACH who="1" step="1"/><E4/><REACH who="1" ten="25,287,306,372" step="2"/><V30/><F5/><W76/><G3/><T105/><D105/><U28/><E28/><V52/><F30/><W104/><G1/><T31/><D22/><U91/><AGARI ba="1,1" hai="10,11,12,18,20,57,58,59,72,78,82,91,95,99" machi="91" ten="30,3000,0" yaku="1,1,0,1,53,0" doraHai="109" doraHaiUra="38" who="1" fromWho="1" sc="25,-11,287,43,306,-11,372,-11" /><INIT seed="5,2,0,4,3,100" ten="14,330,295,361" oya="1" hai0="107,44,65,120,124,108,89,54,39,132,47,61,134" hai1="45,19,40,67,78,10,6,131,57,35,83,99,101" hai2="37,22,69,79,25,30,1,58,96,29,86,55,94" hai3="85,102,46,42,114,123,21,88,13,20,14,70,66"/><U74/><E35/><V121/><F121/><W3/><G123/><T127/><D89/><U0/><E131/><V98/><F69/><W87/><G3/><T2/><D2/><U73/><E19/><V15/><F1/><W103/><G70/><T27/><D27/><U111/><E111/><V125/><F125/><N who="0" m="48202" /><D120/><U118/><E118/><V135/><F135/><N who="0" m="51754" /><D107/><N who="1" m="63935" /><E57/><V104/><F15/><W90/><G66/><T16/><D16/><U72/><E67/><V12/><F12/><W43/><REACH who="3" step="1"/><G46/><REACH who="3" ten="14,330,295,351" step="2"/><N who="0" m="17451" /><D108/><U115/><E115/><AGARI ba="2,1" hai="13,14,20,21,42,43,85,87,88,90,102,103,114,115" machi="115" ten="25,12000,2" yaku="1,1,22,2,54,1,53,2" doraHai="100" doraHaiUra="82" who="3" fromWho="1" sc="14,0,330,-126,295,0,351,136" /><INIT seed="6,0,0,3,0,47" ten="14,204,295,487" oya="2" hai0="20,61,54,57,79,132,105,3,60,7,112,6,72" hai1="93,34,4,58,96,49,97,14,127,107,89,1,90" hai2="12,104,67,25,106,27,11,53,80,85,99,13,37" hai3="19,31,10,36,92,120,32,43,28,35,5,103,78"/><V73/><F73/><W121/><G19/><T130/><D112/><U88/><E1/><V48/><F67/><W81/><G92/><T30/><D105/><U114/><E34/><V22/><F37/><W91/><G91/><N who="1" m="34890" /><E107/><V56/><F99/><W66/><G103/><T83/><D130/><U102/><E127/><V123/><F123/><W117/><G66/><T0/><D132/><U16/><E4/><V75/><F75/><W94/><G94/><T129/><D129/><U125/><E125/><V84/><F106/><W108/><G117/><T59/><D0/><U65/><E65/><V134/><F134/><W26/><G108/><T62/><D3/><U98/><E114/><V18/><F104/><W68/><G68/><T38/><D38/><U70/><E70/><V33/><F33/><W23/><G23/><T124/><D124/><U45/><E58/><V122/><F122/><W51/><G36/><T135/><D135/><U116/><E116/><V77/><F85/><W109/><G109/><T74/><D74/><U52/><N who="1" m="34898" /><U76/><DORA hai="55" /><E76/><V118/><F118/><W128/><G78/><T101/><D101/><U42/><E42/><V113/><F113/><W8/><G43/><T15/><D62/><U110/><E110/><V95/><F95/><W39/><G32/><T2/><D2/><U82/><E82/><V115/><F115/><W71/><G81/><T86/><D72/><U133/><E133/><V131/><F131/><W126/><G35/><T63/><D61/><U21/><AGARI ba="0,0" hai="14,16,21,45,49,52,93,96,97,98,102" m="34898" machi="21" ten="30,8000,1" yaku="8,1,52,1,54,3" doraHai="47,55" who="1" fromWho="1" sc="14,-20,204,80,295,-40,487,-20" owari="-6,-50.6,284,8.4,255,-14.5,467,56.7" /></mjloggm>