<mjloggm ver="2.3"><GO type="225" lobby="0"/><UN n0="%E3%83%96%E3%83%83%E3%83%91%E3%82%AA%E3%83%96%E3%83%81%E3%82%AD%E3%83%B3" n1="%E3%81%99%E3%81%84%E3%81%BE%E3%81%9B%E3%83%BC%E3%82%93" n2="%70%6E%64%73%6E%67" n3="%E6%98%93%E5%88%A9%E8%96%A9%E4%BC%AF" dan="16,18,16,17" rate="2140.19,2206.62,2108.12,2185.37" sx="M,M,M,F"/><TAIKYOKU oya="0"/><INIT seed="0,0,0,2,2,11" ten="250,250,250,250" oya="0" hai0="92,6,70,39,8,64,60,101,84,68,103,71,79" hai1="74,30,87,56,55,94,36,121,95,124,130,118,97" hai2="7,13,32,102,66,132,41,86,85,104,108,59,40" hai3="131,113,77,65,49,67,48,14,2,45,78,26,43"/><T109/><D39/><U116/><E121/><V47/><F32/><W35/><G113/><T42/><D42/><U63/><E74/><V57/><F104/><W134/><G2/><T12/><D109/><U133/><E36/><V75/><F75/><W38/><G134/><T89/><REACH who="0" step="1"/><D79/><REACH who="0" ten="240,250,250,250" step="2"/><U50/><E133/><V100/><F41/><W17/><G131/><T21/><D21/><U54/><E130/><V135/><F40/><W117/><G38/><T4/><D4/><U20/><E118/><V31/><F7/><W22/><G117/><T123/><D123/><U10/><E116/><V73/><F108/><W81/><G35/><T5/><D5/><U0/><E20/><V3/><F132/><W82/><G43/><T96/><D96/><U120/><E97/><V125/><F135/><W106/><G22/><T83/><D83/><U28/><E120/><V58/><F125/><W27/><G81/><T9/><D9/><U19/><E10/><V76/><F76/><W90/><G82/><T93/><D93/><U122/><E95/><V98/><F98/><W110/><G78/><T88/><D88/><U16/><E94/><V80/><F80/><W37/><G90/><T115/><D115/><U34/><E124/><V62/><F73/><W52/><G77/><T105/><D105/><U126/><E126/><V61/><F100/><AGARI ba="0,1" hai="6,8,12,60,64,68,70,71,84,89,92,100,101,103" machi="100" ten="40,3900,0" yaku="1,1,52,1,53,0" doraHai="11" doraHaiUra="15" who="0" fromWho="2" sc="240,49,250,0,250,-39,250,0" /><INIT seed="0,1,0,5,0,133" ten="289,250,211,250" oya="0" hai0="128,103,120,31,66,78,83,15,77,132,19,96,100" hai1="126,9,22,79,40,16,118,69,32,25,29,48,102" hai2="51,6,115,38,28,92,45,55,130,63,62,8,88" hai3="76,26,98,95,41,35,117,42,109,107,89,60,34"/><T44/><D120/><U18/><E118/><V72/><F130/><W112/><G112/><T105/><D132/><U21/><E69/><V75/><F115/><W70/><G109/><T122/><D122/><U36/><E36/><V125/><F38/><W59/><G70/><T47/><D128/><U24/><E102/><V0/><F28/><W81/><G107/><T90/><D66/><U58/><E79/><N who="0" m="30217" /><D31/><U113/><E113/><V23/><F23/><W13/><G117/><T50/><D105/><U27/><E126/><V99/><REACH who="2" step="1"/><F125/><REACH who="2" ten="289,250,201,250" step="2"/><W135/><G135/><T116/><D116/><U30/><E30/><V111/><F111/><W11/><G35/><T119/><D119/><U39/><E39/><V46/><F46/><W104/><G34/><T93/><D44/><U101/><E32/><V52/><F52/><W129/><G129/><T14/><D83/><U43/><E29/><V114/><F114/><W71/><G81/><T2/><D2/><U86/><E22/><V91/><F91/><W87/><G89/><T80/><D80/><U12/><E43/><V68/><F68/><W85/><G42/><N who="0" m="24951" /><D15/><U1/><E12/><V106/><F106/><W82/><G13/><T64/><D64/><U20/><E40/><V74/><AGARI ba="1,1" hai="0,6,8,45,51,55,62,63,72,74,75,88,92,99" machi="74" ten="30,4000,0" yaku="1,1,0,1,54,1,53,0" doraHai="133" doraHaiUra="123" who="2" fromWho="2" sc="289,-21,250,-11,201,53,250,-11" /><INIT seed="1,0,0,3,1,91" ten="268,239,254,239" oya="1" hai0="47,78,113,89,11,60,111,33,67,24,32,96,59" hai1="46,17,22,82,69,133,102,48,70,84,128,122,134" hai2="107,126,66,79,31,56,112,58,19,83,27,16,12" hai3="106,124,68,13,110,77,25,86,7,118,101,40,52"/><U76/><E122/><V9/><F126/><W94/><G68/><T74/><D113/><U29/><E128/><V119/><F119/><W2/><G2/><T125/><D125/><U71/><E29/><V80/><F112/><W20/><G124/><T121/><D121/><U6/><E102/><V93/><F107/><W105/><G40/><T135/><D111/><U10/><E10/><V95/><F19/><W53/><G118/><T88/><D135/><U45/><E6/><V1/><F1/><W62/><G110/><T108/><D108/><U92/><E92/><N who="2" m="35403" /><F79/><W41/><G41/><T14/><D96/><U38/><E38/><V131/><F131/><W4/><G77/><T36/><D33/><U115/><E115/><V116/><F116/><W43/><G43/><T61/><D32/><U23/><E23/><N who="2" m="15871" /><F66/><W39/><G39/><T81/><D24/><U64/><E64/><V49/><F49/><W54/><G62/><T114/><D61/><U90/><E76/><V132/><F132/><N who="1" m="50793" /><E48/><V5/><F5/><W57/><G106/><T55/><D114/><U65/><E65/><V21/><F21/><W100/><G105/><T3/><D3/><U34/><E34/><V73/><F73/><W37/><G7/><N who="0" m="3455" /><D36/><U18/><E18/><V103/><F103/><W120/><G37/><T99/><D99/><U42/><E42/><V35/><F35/><W127/><G127/><T109/><D109/><U97/><E97/><V104/><F104/><W72/><G120/><T28/><D28/><U98/><E98/><V87/><F87/><W26/><G4/><T130/><D130/><RYUUKYOKU ba="0,0" sc="268,10,239,10,254,10,239,-30" hai0="47,55,59,60,67,74,78,81,88,89" hai1="17,22,45,46,69,70,71,82,84,90" hai2="9,12,16,56,58,80,83" /><INIT seed="1,1,0,4,2,128" ten="278,249,264,209" oya="1" hai0="15,10,86,91,92,108,4,134,100,40,122,18,75" hai1="85,73,99,30,107,41,38,104,21,84,8,124,26" hai2="135,103,17,132,121,102,119,34,68,1,57,67,70" hai3="60,48,39,33,9,74,27,65,35,23,98,69,82"/><U83/><E124/><V6/><F119/><W81/><G39/><T2/><D108/><U78/><E99/><V116/><F116/><W76/><G9/><T5/><D122/><U97/><E8/><N who="2" m="2127" /><F121/><W28/><G48/><T12/><D75/><U96/><E96/><V50/><F17/><W37/><G37/><T22/><D134/><N who="2" m="51242" /><F34/><W53/><G53/><T55/><D40/><U131/><E131/><V90/><F90/><W66/><G66/><T11/><REACH who="0" step="1"/><D55/><REACH who="0" ten="268,249,264,209" step="2"/><U7/><E41/><V125/><F125/><W43/><G43/><T105/><D105/><U127/><E107/><V29/><F29/><W87/><REACH who="3" step="1"/><G98/><REACH who="3" ten="268,249,264,199" step="2"/><T109/><D109/><U123/><E97/><V64/><F64/><W77/><AGARI ba="1,2" hai="23,27,28,33,35,60,65,69,74,76,77,81,82,87" machi="77" ten="20,5200,0" yaku="1,1,2,1,0,1,7,1,53,0" doraHai="128" doraHaiUra="110" who="3" fromWho="3" sc="268,-14,249,-27,264,-14,199,75" /><INIT seed="2,0,0,5,2,88" ten="254,222,250,274" oya="2" hai0="26,104,120,92,103,114,99,6,13,33,1,100,37" hai1="2,107,70,66,11,45,3,96,113,63,97,135,81" hai2="68,56,8,52,123,119,34,49,122,112,59,4,64" hai3="36,9,71,19,41,134,25,44,38,31,54,90,61"/><V27/><F112/><W108/><G108/><T35/><D120/><U55/><E113/><V78/><F119/><W109/><G109/><T102/><D114/><U67/><E135/><V24/><F68/><W12/><G134/><T115/><D115/><U17/><E67/><V22/><F78/><W121/><G121/><T72/><D37/><U57/><E45/><V20/><F34/><W65/><G90/><T42/><D42/><U74/><E97/><V48/><F64/><W133/><G133/><T75/><D1/><U87/><E74/><V46/><F22/><W91/><G91/><T89/><D104/><U30/><E30/><V28/><F24/><W0/><G0/><T5/><D35/><U111/><E111/><V10/><F10/><W51/><REACH who="3" step="1"/><G41/><REACH who="3" ten="254,222,250,264" step="2"/><T127/><D127/><U32/><E3/><V105/><F123/><W130/><G130/><T23/><D89/><U7/><E2/><V93/><F122/><W101/><G101/><T76/><D103/><U84/><E96/><V85/><F105/><W124/><G124/><T94/><D102/><U110/><E107/><V69/><F93/><W80/><G80/><T106/><D94/><U77/><E110/><V14/><F69/><W21/><AGARI ba="0,1" hai="9,12,19,21,25,31,36,38,44,51,54,61,65,71" machi="21" ten="20,2700,0" yaku="1,1,0,1,7,1,53,0" doraHai="88" doraHaiUra="83" who="3" fromWho="3" sc="254,-7,222,-7,250,-13,264,37" /><INIT seed="3,0,0,0,0,47" ten="247,215,237,301" oya="3" hai0="75,25,30,17,1,34,91,24,32,43,109,87,98" hai1="9,97,112,11,113,135,96,57,42,93,116,23,118" hai2="68,20,114,101,130,60,3,19,134,110,4,89,53" hai3="115,78,80,8,90,94,26,14,128,61,77,35,79"/><W33/><G115/><N who="1" m="44106" /><E42/><V46/><F114/><W132/><G132/><T86/><D75/><U111/><E135/><V100/><F134/><W55/><G80/><T74/><D74/><U16/><E57/><V28/><F130/><W133/><G133/><T45/><D1/><U105/><E105/><V120/><F120/><W127/><G127/><T58/><D109/><U40/><E40/><V37/><F110/><W126/><G126/><T21/><D34/><U106/><E106/><V29/><F3/><W5/><G26/><T85/><D58/><U48/><E48/><N who="2" m="28823" /><F37/><W44/><G61/><T108/><D108/><U129/><E129/><V56/><F4/><W6/><G6/><T122/><D122/><U99/><E93/><V54/><F89/><W51/><REACH who="3" step="1"/><G128/><REACH who="3" ten="247,215,237,291" step="2"/><T41/><D25/><N who="1" m="14567" /><E111/><V7/><F7/><W27/><G27/><T70/><D24/><U10/><E99/><AGARI ba="0,1" hai="5,8,14,33,35,44,51,55,77,78,79,90,94,99" machi="99" ten="40,7700,0" yaku="1,1,52,1,53,1" doraHai="47" doraHaiUra="50" who="3" fromWho="1" sc="247,0,215,-77,237,0,291,87" owari="247,4.7,138,-36.2,237,-16.3,378,47.8" /></mjloggm>