<mjloggm ver="2.3"><GO type="169" lobby="0"/><UN n0="%79%61%6E%72%6F%75" n1="%E3%82%88%E3%81%86%E3%81%B8%E3%83%BC%58" n2="%E3%83%8F%E3%82%BA%E3%83%AC" n3="%E3%83%AA%E3%83%AA%E3%83%BC%E3%83%96%E3%83%A9%E3%83%83%E3%82%AF" dan="16,17,17,16" rate="2159.25,2238.30,2158.58,2036.07" sx="M,M,M,F"/><TAIKYOKU oya="0"/><INIT seed="0,0,0,1,1,95" ten="250,250,250,250" oya="0" hai0="120,17,32,122,24,19,23,48,43,135,18,40,35" hai1="2,126,8,12,91,86,39,113,65,96,49,1,109" hai2="104,44,29,50,124,62,20,97,45,99,118,61,42" hai3="81,63,114,105,53,75,74,3,111,27,59,87,55"/><T106/><D106/><U85/><E39/><V16/><F118/><W130/><G114/><T13/><D40/><U51/><E113/><V123/><F123/><W21/><G3/><T89/><D48/><N who="1" m="18507" /><E2/><V56/><F104/><W68/><G111/><T22/><D89/><U58/><E1/><V107/><F107/><W31/><G130/><T134/><D43/><U115/><E109/><V80/><F124/><W72/><G68/><T30/><D18/><N who="1" m="8455" /><E126/><V38/><F29/><W6/><G6/><T5/><D5/><U129/><E129/><V47/><F80/><W0/><G0/><T26/><REACH who="0" step="1"/><D13/><REACH who="0" ten="240,250,250,250" step="2"/><U10/><E115/><V36/><F36/><W57/><G105/><T4/><D4/><U93/><E10/><V90/><F38/><W9/><G9/><T37/><D37/><U94/><E94/><V78/><F78/><W52/><REACH who="3" step="1"/><G63/><AGARI ba="0,1" hai="58,63,65,85,86,91,93,96" m="8455,18507" machi="63" ten="30,2000,0" yaku="8,1,52,1" doraHai="95" who="1" fromWho="3" sc="240,0,250,30,250,0,250,-20" /><INIT seed="1,0,0,0,2,102" ten="240,280,250,230" oya="1" hai0="109,117,131,126,33,35,95,93,96,70,41,87,113" hai1="25,88,78,64,114,121,51,38,57,108,53,18,4" hai2="34,42,101,105,129,122,67,31,104,83,112,44,107" hai3="127,111,79,29,125,62,85,2,8,90,120,94,68"/><U5/><E121/><V48/><F122/><W72/><G120/><T133/><D117/><U7/><E114/><V116/><F116/><W69/><G29/><T45/><D113/><U60/><E38/><V36/><F112/><W20/><G20/><T27/><D109/><U39/><E39/><V17/><F129/><W115/><G115/><T98/><D70/><U132/><E108/><V81/><F101/><W12/><G2/><T130/><D87/><U74/><E132/><V23/><F67/><W86/><G72/><T128/><D126/><N who="3" m="48137" /><G62/><T63/><D63/><U91/><E78/><V76/><F36/><W21/><G21/><T3/><D3/><U58/><E74/><V52/><F42/><W100/><G100/><N who="0" m="60431" /><D27/><U61/><E61/><V11/><F11/><W1/><G1/><T92/><D92/><U55/><E64/><V66/><F66/><W82/><G111/><T54/><D41/><U71/><E71/><V135/><F135/><W106/><G106/><T89/><D133/><U75/><E75/><V56/><F56/><W14/><G14/><T32/><D33/><U80/><E80/><V0/><F0/><W28/><G28/><T50/><AGARI ba="0,0" hai="32,35,45,50,54,89,95,98,128,130,131" m="60431" machi="50" ten="40,1500,0" yaku="19,1" doraHai="102" who="0" fromWho="0" sc="240,15,280,-7,250,-4,230,-4" /><INIT seed="2,0,0,4,4,31" ten="255,273,246,226" oya="2" hai0="52,112,133,21,126,37,54,67,96,79,18,65,121" hai1="132,1,104,3,47,33,98,131,116,125,15,41,103" hai2="9,17,53,127,42,97,122,43,16,93,72,102,49" hai3="111,36,85,40,100,107,99,77,11,124,39,110,19"/><V13/><F122/><W30/><G124/><T108/><D112/><U92/><E116/><V76/><F127/><W82/><G40/><T109/><D121/><U25/><E125/><V22/><F76/><W56/><G56/><T10/><D126/><U14/><E132/><V5/><F72/><W106/><G106/><T69/><D133/><U86/><E131/><V117/><F117/><W59/><G59/><T24/><D37/><U45/><E15/><V20/><F20/><W35/><G19/><T12/><D96/><U83/><E14/><V89/><F102/><W90/><G11/><T68/><D67/><U44/><E104/><V6/><F17/><W0/><G0/><T128/><D128/><U113/><E113/><V32/><F32/><W129/><G129/><T60/><D69/><U74/><E74/><V114/><F114/><W23/><G23/><T64/><D64/><U101/><E101/><V62/><F62/><W78/><G36/><T135/><D79/><U61/><E61/><V27/><REACH who="2" step="1"/><F6/><REACH who="2" ten="255,273,236,226" step="2"/><W95/><G77/><T50/><D135/><U34/><E34/><V134/><F134/><W118/><G118/><T7/><REACH who="0" step="1"/><D50/><REACH who="0" ten="245,273,236,226" step="2"/><U123/><E123/><V57/><AGARI ba="0,2" hai="5,9,13,16,22,27,42,43,49,53,57,89,93,97" machi="57" ten="20,18000,2" yaku="1,1,0,1,7,1,8,1,54,1,53,1" doraHai="31" doraHaiUra="84" who="2" fromWho="2" sc="245,-60,273,-60,236,200,226,-60" /><INIT seed="2,1,0,4,0,61" ten="185,213,436,166" oya="2" hai0="71,101,40,110,19,131,76,90,117,99,17,37,125" hai1="69,113,93,24,130,68,20,57,123,66,88,8,52" hai2="25,51,59,73,13,31,54,122,111,5,96,119,120" hai3="77,108,47,87,106,115,132,100,86,102,133,124,33"/><V27/><F73/><W128/><G47/><T38/><D110/><U7/><E113/><V74/><F74/><W75/><G33/><T16/><D125/><U97/><E130/><V83/><F119/><W67/><G108/><T23/><D131/><U103/><E123/><V63/><F111/><W12/><G128/><T109/><D109/><U45/><E45/><V39/><F39/><W80/><G12/><T65/><D76/><U121/><E103/><N who="3" m="39466" /><G67/><T28/><D40/><U79/><E79/><V6/><F96/><W0/><G0/><T34/><D90/><U94/><E66/><V104/><F104/><W2/><G2/><T114/><D114/><U15/><E94/><V72/><F72/><W3/><G3/><T82/><D82/><U50/><REACH who="1" step="1"/><E121/><REACH who="1" ten="185,203,436,166" step="2"/><V116/><F120/><W41/><G115/><T9/><D65/><U26/><E26/><V112/><F122/><W118/><G118/><T56/><D117/><U62/><E62/><V70/><F63/><W98/><G41/><T14/><D101/><U29/><AGARI ba="1,1" hai="7,8,15,20,24,29,50,52,57,68,69,88,93,97" machi="29" ten="20,12000,2" yaku="1,1,0,1,7,1,54,2,53,1" doraHai="61" doraHaiUra="92" who="1" fromWho="1" sc="185,-31,203,133,436,-61,166,-31" /><INIT seed="3,0,0,0,1,22" ten="154,336,375,135" oya="3" hai0="134,83,62,84,103,8,51,100,9,125,12,44,49" hai1="7,26,70,97,36,40,59,119,53,20,127,25,101" hai2="32,95,117,60,68,126,128,121,133,112,50,91,52" hai3="1,87,131,111,55,61,24,43,108,18,5,64,65"/><W85/><G1/><T92/><D125/><U75/><E127/><V63/><F126/><W13/><G5/><T77/><D134/><U109/><E75/><V106/><F106/><W80/><G43/><T6/><D49/><U2/><E70/><V27/><F117/><W38/><G38/><T89/><D62/><U29/><E119/><V33/><F112/><W120/><G120/><T54/><REACH who="0" step="1"/><D8/><REACH who="0" ten="144,336,375,135" step="2"/><U132/><E132/><V21/><F133/><W129/><G64/><T72/><AGARI ba="0,1" hai="6,9,12,44,51,54,72,77,83,84,89,92,100,103" machi="72" ten="20,12000,2" yaku="1,1,2,1,0,1,7,1,53,2" doraHai="22" doraHaiUra="99" who="0" fromWho="0" sc="144,130,336,-30,375,-30,135,-60" /><INIT seed="4,0,0,2,3,49" ten="274,306,345,75" oya="0" hai0="60,73,96,109,41,97,2,4,15,48,47,33,9" hai1="99,30,38,133,132,121,36,103,71,8,80,131,126" hai2="50,61,123,31,107,27,10,28,54,95,75,122,18" hai3="16,39,115,68,77,111,62,23,35,57,56,87,92"/><T93/><D73/><U125/><E121/><V51/><F107/><W43/><G111/><T94/><D33/><U20/><E71/><V63/><F75/><W34/><G68/><T90/><D109/><U112/><E112/><V76/><F76/><W5/><G5/><T124/><D124/><N who="1" m="47723" /><E8/><V32/><F28/><W104/><G104/><T106/><D106/><N who="1" m="63871" /><E80/><V46/><F50/><W12/><G57/><T129/><D129/><U11/><E11/><V40/><F40/><W89/><G115/><T6/><D60/><U85/><E85/><V22/><F10/><W113/><G113/><T64/><D64/><U108/><E108/><V119/><F119/><W3/><G3/><T13/><REACH who="0" step="1"/><D4/><REACH who="0" ten="264,306,345,75" step="2"/><U37/><E131/><V19/><F122/><W110/><G110/><T53/><D53/><U128/><E128/><V79/><F123/><W66/><REACH who="3" step="1"/><G77/><REACH who="3" ten="264,306,345,65" step="2"/><T29/><D29/><U21/><E30/><V55/><F79/><W118/><G118/><T120/><D120/><U82/><E133/><V14/><F31/><W0/><G0/><T69/><D69/><U65/><E132/><V52/><F61/><W100/><G100/><AGARI ba="0,2" hai="2,6,9,13,15,41,47,48,90,93,94,96,97,100" machi="100" ten="30,2900,0" yaku="1,1,7,1,53,0" doraHai="49" doraHaiUra="102" who="0" fromWho="3" sc="264,49,306,0,345,0,65,-29" /><INIT seed="4,1,0,3,4,114" ten="313,306,345,36" oya="0" hai0="106,83,27,44,85,30,75,54,59,119,86,126,128" hai1="123,100,116,80,94,87,9,111,79,11,96,125,37" hai2="5,131,52,95,61,90,64,133,34,74,117,4,14" hai3="1,12,108,32,10,42,22,110,127,40,104,19,107"/><T112/><D112/><U47/><E123/><V8/><F74/><W43/><G127/><T62/><D126/><U55/><E125/><V71/><F133/><W92/><G92/><T18/><D106/><U65/><E111/><V105/><F105/><W91/><G104/><T20/><D128/><U6/><E65/><V78/><F131/><W67/><G107/><T72/><D119/><U63/><E11/><V122/><F122/><W70/><G91/><T48/><D30/><U33/><E33/><V25/><F78/><W15/><G1/><T36/><D36/><U130/><E130/><V88/><F90/><W31/><G32/><T21/><D20/><U98/><E98/><V17/><F117/><W69/><G67/><T135/><D135/><U103/><E116/><V13/><F13/><W134/><G134/><T28/><D28/><U89/><E37/><V58/><F25/><W51/><G51/><T23/><D23/><U3/><E47/><V49/><REACH who="2" step="1"/><F34/><REACH who="2" ten="313,306,335,36" step="2"/><W66/><G66/><T132/><D132/><U24/><REACH who="1" step="1"/><E24/><REACH who="1" ten="313,296,335,36" step="2"/><V84/><AGARI ba="1,2" hai="4,5,8,14,17,49,52,58,61,64,71,84,88,95" machi="84" ten="20,12000,2" yaku="1,1,2,1,0,1,7,1,54,2,53,0" doraHai="114" doraHaiUra="26" who="2" fromWho="2" sc="313,-61,296,-31,335,143,36,-31" /><INIT seed="5,0,0,5,4,96" ten="252,265,478,5" oya="1" hai0="119,99,116,80,88,83,10,130,115,45,92,61,90" hai1="102,121,95,23,120,24,126,11,110,109,13,36,81" hai2="25,101,69,6,129,85,14,134,75,46,78,21,63" hai3="57,84,30,0,70,131,97,29,12,98,118,76,38"/><U48/><E36/><V135/><F129/><W108/><G70/><T100/><D61/><U113/><E48/><V72/><F101/><W39/><G0/><T94/><D45/><U16/><E81/><N who="0" m="31305" /><D10/><U22/><E113/><V53/><F85/><W52/><G108/><N who="1" m="41578" /><E126/><V128/><F128/><W106/><G131/><T105/><D130/><U89/><E89/><N who="0" m="34409" /><D115/><U65/><E65/><V49/><F78/><W82/><G118/><AGARI ba="0,0" hai="92,94,99,100,105,116,118,119" m="34409,31305" machi="118" ten="30,7700,0" yaku="34,2,52,1,54,1" doraHai="96" who="0" fromWho="3" sc="252,77,265,0,478,0,5,-77" owari="329,12.9,265,-13.5,478,57.8,-72,-57.2" /></mjloggm>