<mjloggm ver="2.3"><GO type="169" lobby="0"/><UN n0="%E9%BA%BB%E9%9B%80%E5%B0%91%E5%B9%B4" n1="%73%61%6E%64%69%72%69%73" n2="%E3%81%82%E3%82%8B%E8%A8%BC%E6%98%8E%EF%BF%A1" n3="%E3%81%9F%E3%81%BE%E5%AD%90" dan="17,17,16,16" rate="2164.90,2208.42,2081.16,2165.39" sx="M,M,M,M"/><TAIKYOKU oya="0"/><INIT seed="0,0,0,5,3,71" ten="250,250,250,250" oya="0" hai0="111,76,59,3,57,58,117,66,105,25,80,135,119" hai1="52,64,22,37,34,15,133,62,21,8,126,50,32" hai2="4,11,68,110,36,29,67,83,13,7,10,55,87" hai3="112,102,124,16,115,120,47,40,49,60,125,46,74"/><T113/><D113/><N who="3" m="43593" /><G74/><T90/><D135/><U108/><E133/><V44/><F29/><W104/><G102/><T23/><D3/><U17/><E108/><V2/><F110/><W81/><G81/><T95/><D105/><U107/><E107/><V128/><F128/><W6/><G6/><T114/><D114/><U84/><E126/><N who="3" m="48746" /><G104/><T38/><D111/><U12/><E37/><V53/><F87/><W101/><G101/><T27/><D38/><U85/><E34/><V92/><F92/><W103/><G103/><T98/><D66/><U43/><E43/><V63/><REACH who="2" step="1"/><F83/><REACH who="2" ten="250,250,240,250" step="2"/><W26/><G120/><T31/><REACH who="0" step="1"/><D27/><REACH who="0" ten="240,250,240,250" step="2"/><U100/><E64/><V14/><F14/><W41/><G26/><T5/><D5/><U109/><E15/><V72/><F72/><AGARI ba="0,2" hai="23,25,31,57,58,59,72,76,80,90,95,98,117,119" machi="72" ten="40,3900,0" yaku="1,1,53,1" doraHai="71" doraHaiUra="94" who="0" fromWho="2" sc="240,59,250,0,240,-39,250,0" /><INIT seed="0,1,0,5,2,77" ten="299,250,201,250" oya="0" hai0="104,108,31,26,41,135,29,120,33,50,112,97,4" hai1="12,58,127,67,78,130,65,43,93,84,61,30,90" hai2="126,13,52,111,35,88,8,68,64,73,132,25,107" hai3="53,122,22,99,46,34,66,102,49,129,89,80,87"/><T48/><D112/><U38/><E130/><V101/><F73/><W115/><G129/><T96/><D120/><U72/><E127/><V98/><F126/><W45/><G34/><T63/><D135/><U37/><E30/><V124/><F124/><W119/><G115/><T24/><D4/><U70/><E43/><V125/><F125/><W51/><G122/><T23/><D108/><U109/><E109/><V113/><F113/><W6/><G119/><T20/><D33/><U133/><E133/><V74/><F74/><W14/><G66/><T36/><D36/><U10/><E67/><V32/><F132/><W3/><G3/><T44/><D104/><U27/><E27/><V11/><F111/><W95/><G22/><T131/><D131/><U118/><E70/><V18/><F8/><W0/><G0/><T40/><D63/><U5/><REACH who="1" step="1"/><E118/><REACH who="1" ten="299,240,201,250" step="2"/><V76/><F68/><W110/><G110/><T17/><D17/><U116/><E116/><V114/><F64/><W21/><G6/><T103/><D103/><U15/><E15/><V56/><F114/><W62/><G14/><T16/><D16/><U28/><E28/><V71/><F25/><W92/><G21/><T57/><D41/><U85/><E85/><V55/><F71/><W105/><REACH who="3" step="1"/><G62/><REACH who="3" ten="299,240,201,240" step="2"/><T19/><D19/><U121/><E121/><V39/><F13/><W54/><AGARI ba="1,2" hai="45,46,49,51,53,54,80,87,89,92,95,99,102,105" machi="54" ten="20,12000,2" yaku="1,1,2,1,0,1,7,1,9,1,52,1,53,0" doraHai="77" doraHaiUra="59" who="3" fromWho="3" sc="299,-61,240,-31,201,-31,240,143" /><INIT seed="1,0,0,3,3,57" ten="238,209,170,383" oya="1" hai0="88,68,45,125,52,1,120,21,133,118,10,11,62" hai1="53,84,132,18,93,16,59,4,124,108,122,109,87" hai2="134,96,44,2,81,22,78,37,82,42,20,63,49" hai3="75,41,15,3,115,0,7,116,92,61,25,80,40"/><U98/><E122/><V29/><F134/><W67/><G115/><T113/><D118/><U129/><E129/><V135/><F135/><W56/><G116/><T46/><D113/><U89/><E132/><V95/><F2/><W107/><G107/><T121/><D133/><U102/><E4/><V131/><F131/><W128/><G128/><T31/><D125/><U130/><E130/><V101/><F37/><W34/><G15/><T66/><D31/><U51/><E124/><V32/><F32/><W79/><G92/><T69/><D69/><U110/><REACH who="1" step="1"/><E87/><REACH who="1" ten="238,199,170,383" step="2"/><N who="2" m="48567" /><F29/><W43/><G7/><T9/><D121/><U71/><E71/><V30/><F30/><W33/><G3/><T24/><D120/><U123/><E123/><V72/><F72/><W114/><G0/><T5/><D1/><U58/><E58/><V54/><F82/><AGARI ba="0,1" hai="16,18,51,53,59,82,84,89,93,98,102,108,109,110" machi="82" ten="40,12000,1" yaku="1,1,14,1,10,1,54,1,53,1" doraHai="57" doraHaiUra="77" who="1" fromWho="2" sc="238,0,199,130,170,-120,383,0" /><INIT seed="1,1,0,5,2,100" ten="238,329,50,383" oya="1" hai0="46,19,31,122,130,16,22,101,107,55,11,102,1" hai1="34,109,117,121,3,125,44,57,89,56,104,60,71" hai2="33,99,69,86,45,50,90,10,124,96,48,92,24" hai3="59,105,32,120,113,23,133,91,2,85,82,74,67"/><U61/><E3/><V128/><F69/><W80/><G32/><T6/><D130/><U51/><E34/><V77/><F128/><W39/><G120/><T93/><D122/><U27/><E121/><V84/><F124/><W49/><G113/><T35/><D107/><U4/><E4/><V95/><F10/><W110/><G39/><T108/><D108/><U26/><E117/><V65/><F65/><W68/><G2/><T8/><D8/><U38/><E104/><V103/><F77/><W25/><G110/><T123/><D123/><U83/><E38/><V132/><F132/><W75/><G133/><T79/><D79/><U18/><E71/><V94/><F94/><W88/><G68/><T62/><D19/><U21/><E125/><V73/><F73/><W106/><G49/><T29/><D93/><U131/><E131/><V63/><F63/><W87/><G59/><N who="1" m="22602" /><E27/><V28/><REACH who="2" step="1"/><F50/><REACH who="2" ten="238,329,40,383" step="2"/><W98/><G67/><T41/><D62/><U126/><E126/><V5/><F5/><W0/><G0/><T43/><D6/><U40/><E109/><V15/><F15/><W64/><G64/><T42/><D1/><U135/><E135/><V70/><F70/><W52/><G105/><T116/><D11/><U20/><E20/><V58/><F58/><W30/><G52/><AGARI ba="1,1" hai="24,28,33,45,48,52,84,86,90,92,95,96,99,103" machi="52" ten="30,3900,0" yaku="1,1,7,1,54,1,53,0" doraHai="100" doraHaiUra="72" who="2" fromWho="3" sc="238,0,329,0,40,52,383,-42" /><INIT seed="2,0,0,2,4,8" ten="238,329,92,341" oya="2" hai0="96,42,122,110,121,104,80,46,95,85,57,9,79" hai1="120,22,88,59,114,84,11,71,65,49,44,105,5" hai2="35,83,68,60,56,10,48,125,78,130,77,14,91" hai3="45,76,107,124,4,113,127,58,98,34,111,7,33"/><V26/><F125/><N who="3" m="48203" /><G111/><T38/><D110/><U102/><E114/><V132/><F132/><W53/><G45/><T94/><D104/><U3/><E120/><V24/><F130/><W119/><G76/><N who="2" m="29289" /><F68/><W72/><G72/><T15/><D57/><U128/><E128/><V20/><F35/><N who="3" m="13323" /><G119/><T36/><D36/><U52/><E71/><V19/><F48/><N who="3" m="31015" /><G113/><T117/><D117/><U66/><E22/><V0/><F0/><W25/><G25/><T29/><D29/><U86/><E86/><N who="2" m="50655" /><F20/><W93/><G107/><T126/><D126/><U31/><E31/><V99/><F99/><W112/><G112/><T17/><REACH who="0" step="1"/><D95/><REACH who="0" ten="228,329,92,341" step="2"/><U106/><E106/><V75/><F75/><W50/><G50/><T63/><D63/><U81/><REACH who="1" step="1"/><E59/><REACH who="1" ten="228,319,92,341" step="2"/><V82/><F82/><W92/><G92/><T30/><D30/><U47/><E47/><V62/><F62/><W41/><G93/><T123/><D123/><U135/><E135/><V115/><F115/><W108/><G108/><T27/><D27/><U74/><E74/><V55/><AGARI ba="0,2" hai="10,14,19,24,26,55,56,60" m="50655,29289" machi="55" ten="30,3000,0" yaku="8,1,52,1" doraHai="8" who="2" fromWho="2" sc="228,-10,319,-10,92,50,341,-10" /><INIT seed="2,1,0,3,3,102" ten="218,309,142,331" oya="2" hai0="4,25,64,84,115,41,85,124,32,26,19,123,74" hai1="97,110,127,86,38,70,13,7,44,14,108,35,94" hai2="101,87,119,122,46,24,2,52,111,106,58,42,37" hai3="43,67,55,76,59,50,105,34,104,5,71,72,56"/><V130/><F119/><W112/><G34/><T107/><D74/><U45/><E70/><V95/><F122/><W129/><G5/><T90/><D123/><U22/><E35/><V88/><F2/><W3/><G3/><T99/><D115/><U15/><E127/><V6/><F6/><W125/><G125/><T133/><D124/><U109/><E7/><V116/><F116/><W78/><G112/><T66/><D133/><U33/><E33/><V12/><F12/><W96/><G96/><T79/><D4/><U114/><E114/><V81/><F130/><W93/><G93/><T39/><D79/><U48/><E86/><V77/><F24/><W31/><G31/><T57/><D85/><U60/><E60/><V91/><F111/><W36/><G59/><T73/><D73/><U8/><E8/><V80/><F80/><N who="3" m="45063" /><G78/><T98/><D57/><U83/><E83/><V0/><F0/><W131/><G67/><T21/><D99/><U53/><E38/><V49/><REACH who="2" step="1"/><F95/><REACH who="2" ten="218,309,132,331" step="2"/><W103/><G129/><T27/><D32/><U68/><E109/><V54/><F54/><W17/><G55/><T135/><D27/><U134/><E110/><V11/><F11/><W132/><G131/><T113/><D26/><U100/><E108/><V61/><F61/><W47/><G132/><T23/><D135/><U16/><E134/><V121/><F121/><W63/><G63/><T40/><D113/><U120/><E120/><V62/><F62/><W126/><G126/><T69/><D25/><N who="1" m="14535" /><E68/><V51/><F51/><W82/><G71/><T65/><D69/><U118/><E118/><RYUUKYOKU ba="1,1" sc="218,-15,309,15,132,15,331,-15" hai1="13,14,15,44,45,48,53,94,97,100" hai2="37,42,46,49,52,58,77,81,87,88,91,101,106" /><INIT seed="2,2,1,5,4,32" ten="203,324,147,316" oya="2" hai0="100,63,42,108,112,52,81,60,77,21,26,57,40" hai1="128,115,75,114,83,5,1,11,127,23,129,99,106" hai2="72,49,118,59,22,3,51,133,84,71,41,47,91" hai3="93,33,86,61,15,28,121,55,116,69,131,103,2"/><V94/><F118/><W87/><G116/><T135/><D112/><N who="1" m="43051" /><E23/><V48/><F71/><W125/><G121/><T120/><D120/><U96/><E127/><V4/><F72/><W130/><G125/><T54/><D108/><U8/><E8/><V107/><F107/><W43/><G43/><T24/><D135/><U53/><E53/><V45/><F133/><W12/><G103/><T67/><D100/><N who="1" m="62727" /><E99/><V27/><F59/><N who="3" m="35071" /><G69/><T113/><D113/><U102/><E102/><V0/><F4/><W76/><G33/><T58/><D67/><U25/><E25/><V19/><REACH who="2" step="1"/><F45/><REACH who="2" ten="203,324,137,316" step="2"/><W17/><G131/><T14/><D14/><U46/><E46/><V6/><F6/><W66/><G12/><T37/><D26/><U10/><E129/><V35/><F35/><W68/><G15/><T126/><D126/><U80/><E128/><V110/><F110/><W90/><G130/><T119/><D119/><U134/><E134/><V97/><F97/><W70/><G70/><T64/><D64/><U79/><E5/><V105/><F105/><W98/><G98/><T122/><D122/><U101/><E75/><V82/><F82/><W9/><G66/><T85/><REACH who="0" step="1"/><D37/><AGARI ba="2,2" hai="0,3,19,22,27,37,41,47,48,49,51,84,91,94" machi="37" ten="40,12000,1" yaku="1,1,52,2,53,1" doraHai="32" doraHaiUra="20" who="2" fromWho="0" sc="203,-126,324,0,137,146,316,0" /><INIT seed="2,3,0,4,2,89" ten="77,324,283,316" oya="2" hai0="61,85,86,87,68,102,91,18,13,77,27,12,14" hai1="62,54,60,84,67,100,104,53,9,63,52,81,38" hai2="114,133,36,25,135,134,101,65,94,131,109,48,39" hai3="75,26,93,108,115,17,50,103,70,78,34,66,7"/><V90/><F114/><W31/><G115/><T57/><D68/><U125/><E38/><V37/><F131/><W76/><G108/><T64/><D102/><U118/><E118/><V30/><F101/><W107/><G7/><T51/><D51/><U11/><E125/><V22/><F109/><W16/><G50/><T112/><D112/><U41/><E41/><V21/><F65/><W58/><G58/><T120/><D120/><U0/><E0/><V96/><REACH who="2" step="1"/><F48/><REACH who="2" ten="77,324,273,316" step="2"/><W2/><G103/><T106/><D106/><U110/><E110/><V126/><F126/><W130/><G66/><T15/><N who="0" m="3072" /><DORA hai="44" /><T128/><D128/><U116/><E116/><V6/><F6/><W43/><G107/><T32/><D77/><U59/><E100/><V69/><F69/><W49/><G70/><T82/><REACH who="0" step="1"/><D32/><AGARI ba="3,1" hai="21,22,25,30,32,36,37,39,90,94,96,133,134,135" machi="32" ten="50,12000,1" yaku="1,1,20,1,52,1,53,2" doraHai="89,44" doraHaiUra="28,23" who="2" fromWho="0" sc="77,-129,324,0,273,139,316,0" owari="-52,-55.2,324,12.4,412,51.2,316,-8.4" /></mjloggm>