<mjloggm ver="2.3"><GO type="169" lobby="0"/><UN n0="%E7%8C%AA%E7%8B%A9%E5%AE%88" n1="%E4%B8%8A%E6%B5%B7%E3%83%8B%E3%83%83%E3%82%AF" n2="%70%6F%6E%2D%65%6E" n3="%E4%B8%89%E5%8D%81%E7%94%BB%E7%94%9F" dan="17,16,16,16" rate="2190.99,2172.56,2190.88,2151.77" sx="M,M,F,M"/><TAIKYOKU oya="0"/><INIT seed="0,0,0,1,4,124" ten="250,250,250,250" oya="0" hai0="128,53,14,29,127,101,79,80,75,44,18,111,16" hai1="55,81,37,39,28,129,94,69,109,22,6,45,17" hai2="106,78,95,116,117,105,134,102,70,104,41,26,88" hai3="121,43,132,30,36,103,12,83,66,82,24,46,107"/><T98/><D127/><U0/><E69/><V90/><F70/><W76/><G132/><T68/><D68/><U51/><E28/><V3/><F3/><W58/><G121/><T60/><D111/><U125/><E125/><V113/><F41/><W122/><G122/><T1/><D1/><U118/><E118/><N who="2" m="45675" /><F26/><W49/><G107/><T33/><D128/><U67/><E67/><V19/><F19/><W123/><G103/><T50/><D60/><U87/><E109/><V42/><F42/><W8/><G76/><T48/><D48/><U112/><E112/><V52/><F52/><W96/><G96/><T5/><D5/><U4/><E0/><V89/><F134/><W92/><G92/><T131/><D131/><U59/><E39/><V119/><F119/><W63/><G36/><T97/><D18/><U108/><E108/><V91/><F78/><W84/><G123/><T27/><REACH who="0" step="1"/><D101/><REACH who="0" ten="240,250,250,250" step="2"/><U73/><E129/><V56/><F113/><W35/><G84/><T115/><D115/><U21/><E6/><AGARI ba="0,1" hai="6,8,12,24,30,35,43,46,49,58,63,66,82,83" machi="6" ten="30,1000,0" yaku="7,1" doraHai="124" who="3" fromWho="1" sc="240,0,250,-10,250,0,250,20" /><INIT seed="1,0,0,5,5,126" ten="240,240,250,270" oya="1" hai0="29,84,14,74,19,108,49,1,81,20,60,122,72" hai1="21,109,56,25,117,51,13,24,104,15,59,6,4" hai2="96,27,105,37,107,63,86,8,38,43,30,133,9" hai3="103,61,0,118,70,2,46,115,44,7,85,52,83"/><U22/><E104/><V17/><F133/><W40/><G115/><T95/><D108/><U73/><E73/><V47/><F37/><W92/><G118/><T128/><D1/><U58/><E117/><V36/><F36/><W77/><G70/><T116/><D122/><U53/><E109/><V125/><F125/><W100/><G46/><T41/><D95/><U119/><E119/><V71/><F86/><W10/><G2/><T16/><D29/><U113/><E113/><V35/><F17/><W93/><G93/><T112/><D112/><U132/><E132/><V97/><F97/><W91/><G61/><T80/><D60/><U131/><E59/><V123/><F107/><W28/><G28/><T111/><D111/><U135/><E135/><V45/><F45/><W67/><G67/><T121/><D121/><U99/><E51/><V42/><F42/><W120/><G52/><T76/><D74/><U3/><E53/><V23/><F23/><W79/><G79/><T75/><D72/><U33/><E3/><V114/><F114/><W31/><G31/><T68/><D19/><U11/><E99/><V69/><F69/><W5/><G5/><T94/><D94/><U130/><E11/><V66/><REACH who="2" step="1"/><F123/><REACH who="2" ten="240,240,240,270" step="2"/><W26/><G120/><T89/><D68/><U134/><E134/><V62/><F62/><W88/><G44/><N who="0" m="25743" /><D116/><U34/><AGARI ba="0,1" hai="4,6,13,15,21,22,24,25,33,34,56,58,130,131" machi="34" ten="25,12000,1" yaku="0,1,22,2,52,2" doraHai="126" who="1" fromWho="1" sc="240,-40,240,130,240,-40,270,-40" /><INIT seed="1,1,0,2,4,35" ten="200,370,200,230" oya="1" hai0="2,0,82,77,9,34,54,122,98,19,88,18,101" hai1="84,64,14,132,62,74,31,61,57,7,104,66,120" hai2="114,95,20,99,60,36,46,127,110,130,32,117,30" hai3="23,118,134,43,135,103,52,75,116,67,111,83,97"/><U85/><E132/><N who="3" m="50730" /><G67/><T68/><D122/><U86/><E120/><V124/><F32/><W25/><G43/><T102/><D34/><U48/><E74/><V128/><F110/><W44/><G111/><T56/><D68/><U73/><E73/><V16/><F30/><N who="3" m="17727" /><G83/><T115/><D115/><U12/><E104/><V51/><F60/><N who="1" m="23145" /><E31/><V42/><F117/><W40/><G75/><T65/><D65/><N who="1" m="25195" /><E7/><V15/><F36/><N who="3" m="21511" /><G52/><AGARI ba="1,0" hai="12,14,48,52,57,84,85,86" m="25195,23145" machi="52" ten="30,2900,0" yaku="8,1,54,1" doraHai="35" who="1" fromWho="3" sc="200,0,370,32,200,0,230,-32" /><INIT seed="1,2,0,4,2,0" ten="200,402,200,198" oya="1" hai0="53,65,17,35,62,113,55,34,106,102,108,118,85" hai1="28,10,45,122,127,22,56,112,66,16,76,18,129" hai2="73,43,91,75,21,5,30,61,8,74,25,87,54" hai3="2,133,86,92,88,32,68,26,40,71,104,114,72"/><U84/><E112/><V77/><F43/><W52/><G114/><T96/><D113/><U111/><E122/><V82/><F61/><W116/><G104/><T80/><D108/><U107/><E107/><V63/><F63/><W33/><G72/><T42/><D42/><U130/><E127/><V58/><F58/><W23/><G40/><T37/><D37/><U90/><E76/><V134/><F54/><W9/><G133/><T12/><D34/><U103/><E103/><V6/><F134/><W50/><G116/><T128/><D35/><U13/><E111/><V24/><F24/><W41/><G41/><T97/><D97/><U47/><E28/><V121/><F121/><W49/><G49/><T115/><D118/><U14/><E56/><V123/><F123/><W51/><G51/><T27/><D27/><U4/><E18/><V39/><F39/><W95/><G95/><T110/><D128/><N who="1" m="49259" /><E66/><V19/><REACH who="2" step="1"/><F77/><REACH who="2" ten="200,402,190,198" step="2"/><W94/><G68/><T44/><D115/><U11/><E47/><V1/><F1/><W131/><G71/><T132/><D44/><U3/><E45/><V124/><F124/><W38/><G38/><T20/><D132/><U29/><E29/><V15/><AGARI ba="2,1" hai="5,6,8,15,19,21,25,30,73,74,75,82,87,91" machi="15" ten="40,8000,1" yaku="1,1,0,1,52,2,53,0" doraHai="0" doraHaiUra="46" who="2" fromWho="2" sc="200,-22,402,-42,190,96,198,-22" /><INIT seed="2,0,0,0,0,48" ten="178,360,286,176" oya="2" hai0="37,71,1,17,44,102,80,108,86,9,31,89,107" hai1="60,16,96,11,70,128,93,88,41,42,39,8,122" hai2="56,10,75,115,53,32,109,33,135,2,98,57,19" hai3="112,133,36,81,66,103,120,76,94,119,12,131,62"/><V99/><F115/><W25/><G119/><T91/><D71/><U7/><E128/><V78/><F135/><W134/><G120/><T30/><D108/><U132/><E39/><V63/><F109/><W105/><G36/><T3/><D107/><U100/><E132/><N who="3" m="50794" /><G105/><T43/><D102/><U87/><E122/><V35/><F75/><W26/><G131/><T130/><D130/><U117/><E117/><V28/><F28/><W4/><G4/><T73/><D91/><U68/><E68/><V118/><F78/><W126/><G12/><T85/><D85/><U51/><E70/><V82/><F82/><W101/><G126/><T106/><D106/><U121/><E121/><V67/><F118/><W45/><G45/><T97/><D97/><U5/><E60/><V110/><F110/><W113/><G25/><T13/><REACH who="0" step="1"/><D73/><REACH who="0" ten="168,360,286,176" step="2"/><U40/><E100/><V22/><F99/><N who="3" m="59639" /><G103/><T24/><D24/><U129/><E96/><V54/><F98/><W38/><G26/><T49/><D49/><U14/><E129/><V79/><F79/><W18/><G38/><T21/><D21/><N who="1" m="11415" /><E51/><V52/><F57/><W111/><G111/><T0/><AGARI ba="0,1" hai="0,1,3,9,13,17,30,31,37,43,44,80,86,89" machi="0" ten="30,4000,0" yaku="1,1,0,1,53,1" doraHai="48" doraHaiUra="69" who="0" fromWho="0" sc="168,50,360,-10,286,-20,176,-10" /><INIT seed="3,0,0,0,2,53" ten="218,350,266,166" oya="3" hai0="98,21,131,134,0,33,45,41,91,16,34,106,25" hai1="26,93,6,76,78,29,88,107,101,79,95,27,89" hai2="61,130,117,109,114,31,11,97,48,51,20,44,70" hai3="57,73,47,12,104,50,80,54,64,81,18,125,87"/><W14/><G125/><T99/><D0/><U17/><E6/><V58/><F114/><W128/><G128/><T75/><D75/><U86/><E17/><V22/><F117/><W5/><G104/><T4/><D4/><U118/><E118/><V69/><F109/><W108/><G108/><T19/><D131/><U121/><E29/><V10/><F130/><W84/><G73/><T74/><D74/><U126/><E26/><V15/><F97/><W40/><G64/><T66/><D66/><U38/><E27/><N who="2" m="16871" /><F70/><W23/><G81/><T103/><D134/><U71/><E38/><V30/><F69/><W116/><G116/><T43/><D43/><U77/><E71/><V36/><F36/><W105/><G105/><T59/><D19/><U63/><E63/><V35/><F35/><W28/><G28/><T124/><D124/><U115/><E126/><V102/><F102/><W111/><G111/><T123/><D123/><U92/><E115/><V83/><F83/><W32/><G32/><T72/><D72/><U3/><E3/><V46/><F30/><W119/><G119/><T113/><D113/><U120/><N who="1" m="19456" /><DORA hai="90" /><U127/><E127/><V100/><F100/><W85/><G80/><T8/><D33/><U135/><E135/><V1/><F1/><W37/><REACH who="3" step="1"/><G5/><REACH who="3" ten="218,350,266,156" step="2"/><T122/><D34/><U68/><E68/><V52/><F22/><W9/><G9/><N who="2" m="3081" /><F15/><AGARI ba="0,1" hai="12,14,15,18,23,37,40,47,50,54,57,84,85,87" machi="15" ten="40,3900,0" yaku="1,1,52,1,53,0" doraHai="53,90" doraHaiUra="96,2" who="3" fromWho="2" sc="218,0,350,0,266,-39,156,49" /><INIT seed="3,1,0,5,5,36" ten="218,350,227,205" oya="3" hai0="43,120,39,131,119,6,109,123,128,10,72,106,57" hai1="30,44,53,135,97,9,48,110,92,121,77,96,124" hai2="103,71,98,100,113,31,74,33,76,84,130,29,80" hai3="0,18,114,32,59,105,7,21,4,5,129,67,118"/><W102/><G114/><T95/><D106/><U42/><E121/><V117/><F71/><W82/><G118/><T93/><D119/><U61/><E110/><V81/><F117/><W25/><G129/><N who="0" m="49739" /><D109/><U17/><E135/><V125/><F130/><W134/><G134/><T94/><D57/><N who="1" m="34991" /><E124/><V101/><F125/><W78/><G32/><T26/><D26/><U16/><E30/><V90/><F113/><W104/><G0/><N who="0" m="327" /><D72/><U63/><E77/><N who="2" m="44087" /><F29/><W3/><G3/><T70/><D70/><U54/><E9/><V66/><F66/><W24/><G24/><T83/><D83/><U126/><E126/><V122/><F31/><W34/><G34/><T51/><D51/><U65/><E65/><V88/><F33/><W91/><G91/><N who="2" m="34857" /><F122/><W23/><G102/><T12/><D12/><U40/><E63/><V46/><F46/><AGARI ba="1,0" hai="39,43,46,93,94,95,120,123" m="327,49739" machi="46" ten="30,2000,0" yaku="19,1,52,1" doraHai="36" who="0" fromWho="2" sc="218,23,350,0,227,-23,205,0" /><INIT seed="4,0,0,0,4,124" ten="241,350,204,205" oya="0" hai0="82,88,55,116,64,96,51,52,123,62,103,76,92" hai1="98,24,5,14,129,46,31,40,114,80,120,0,134" hai2="36,112,131,1,70,58,32,122,18,104,68,119,105" hai3="133,102,45,21,4,60,127,20,2,118,77,121,81"/><T25/><D116/><U27/><E120/><V86/><RYUUKYOKU type="yao9" ba="0,0" sc="241,0,350,0,204,0,205,0" hai2="1,18,32,36,58,68,70,86,104,105,112,119,122,131" /><INIT seed="4,1,0,5,3,55" ten="241,350,204,205" oya="0" hai0="115,70,80,58,73,11,108,85,6,102,37,82,126" hai1="79,83,97,17,110,100,54,59,111,105,2,88,46" hai2="123,48,75,99,57,30,118,21,93,20,103,63,26" hai3="81,96,125,67,107,3,5,135,29,36,72,91,42"/><T1/><D70/><U69/><E69/><V52/><F118/><W65/><G29/><T78/><D115/><U61/><E2/><V16/><F75/><W106/><G125/><T92/><D126/><U31/><E31/><V120/><REACH who="2" step="1"/><F63/><REACH who="2" ten="241,350,194,205" step="2"/><W129/><G72/><T49/><D108/><U68/><E111/><V39/><F39/><W131/><G36/><T18/><D37/><U122/><E110/><V9/><F9/><W128/><G128/><T130/><D130/><U94/><E122/><V25/><AGARI ba="1,1" hai="16,20,21,25,26,30,48,52,57,93,99,103,120,123" machi="25" ten="20,12000,2" yaku="1,1,0,1,7,1,52,1,54,2,53,0" doraHai="55" doraHaiUra="84" who="2" fromWho="2" sc="241,-61,350,-31,194,133,205,-31" /><INIT seed="5,0,0,3,5,93" ten="180,319,327,174" oya="1" hai0="30,94,81,87,126,11,60,41,42,37,72,52,21" hai1="0,95,108,57,19,36,111,64,38,6,104,117,50" hai2="43,86,102,100,101,75,91,78,54,77,70,5,35" hai3="33,115,80,17,122,130,55,106,89,69,131,29,56"/><U129/><E117/><V40/><F35/><W59/><G122/><T83/><D126/><U67/><E104/><V15/><F70/><W32/><G69/><T61/><D72/><U39/><E0/><V8/><F75/><W20/><G106/><T119/><D119/><U63/><E6/><V3/><F3/><W10/><G10/><T110/><D110/><N who="1" m="42027" /><E19/><V18/><F18/><W25/><G115/><T4/><D37/><U9/><E9/><V26/><F26/><W118/><G118/><T79/><D83/><U1/><E95/><N who="2" m="54775" /><F54/><W116/><G116/><T98/><D30/><U121/><E1/><V53/><F53/><W28/><G28/><T120/><D21/><U76/><E76/><AGARI ba="0,0" hai="5,8,15,40,43,76,77,78,100,101,102" m="54775" machi="76" ten="30,1000,0" yaku="8,1" doraHai="93" who="2" fromWho="1" sc="180,0,319,-10,327,10,174,0" /><INIT seed="6,0,0,1,3,49" ten="180,309,337,174" oya="2" hai0="115,64,39,100,56,5,87,129,14,13,68,60,109" hai1="11,73,59,114,0,16,54,126,69,47,135,42,66" hai2="108,12,122,119,132,21,1,92,91,70,45,128,10" hai3="82,118,4,58,84,93,32,36,15,67,121,44,19"/><V72/><F119/><W104/><G118/><T86/><D109/><U95/><E73/><V17/><F122/><W46/><G104/><T105/><D39/><U80/><E114/><V9/><F70/><W134/><G121/><T57/><D115/><U106/><E106/><V34/><F72/><W94/><G32/><T78/><D129/><U43/><E135/><V76/><F76/><W20/><G134/><T25/><D86/><U35/><E35/><V75/><F75/><W52/><G67/><T38/><D38/><U40/><E80/><V30/><F132/><W62/><G4/><T7/><D7/><U37/><E0/><V110/><F45/><N who="3" m="17515" /><G36/><T28/><D13/><N who="1" m="7231" /><E126/><V8/><F128/><W99/><G99/><N who="0" m="61599" /><D14/><U123/><E95/><V33/><F1/><W3/><G3/><T111/><D5/><U51/><E123/><V103/><F103/><W50/><G50/><T48/><D48/><U22/><E22/><V29/><F34/><W116/><G116/><T74/><D74/><U24/><E24/><V26/><REACH who="2" step="1"/><F30/><REACH who="2" ten="180,309,327,174" step="2"/><W96/><G96/><AGARI ba="0,1" hai="8,9,10,12,17,21,26,29,33,91,92,96,108,110" machi="96" ten="40,7700,0" yaku="1,1,2,1,53,1" doraHai="49" doraHaiUra="90" who="2" fromWho="3" sc="180,0,309,0,327,87,174,-77" /><INIT seed="6,1,0,4,2,107" ten="180,309,414,97" oya="2" hai0="50,108,60,18,114,42,29,78,74,48,33,103,80" hai1="44,66,12,124,86,87,130,61,9,15,5,120,36" hai2="70,59,30,38,26,45,72,0,63,134,75,122,14" hai3="56,91,125,93,81,95,83,128,62,112,71,77,7"/><V126/><F0/><W52/><G128/><T115/><D108/><U73/><E130/><V76/><F122/><W17/><G125/><T64/><D103/><U94/><E124/><V82/><F126/><W25/><G112/><N who="0" m="43051" /><D42/><U131/><E131/><V101/><F101/><W51/><G7/><T69/><D18/><U46/><E120/><V84/><F134/><W35/><G35/><T4/><D4/><U40/><E46/><V111/><F111/><W34/><G34/><T104/><D104/><U49/><E36/><V105/><F105/><W65/><G83/><T37/><D37/><U8/><E73/><N who="2" m="43279" /><F59/><W109/><G109/><T119/><D119/><U27/><E27/><AGARI ba="1,0" hai="27,29,33,48,50,60,64,69,74,78,80" m="43051" machi="27" ten="30,2000,0" yaku="15,1,52,1" doraHai="107" who="0" fromWho="1" sc="180,23,309,-23,414,0,97,0" /><INIT seed="7,0,0,0,4,108" ten="203,286,414,97" oya="3" hai0="70,49,100,11,117,12,106,40,75,15,14,33,127" hai1="101,80,10,77,74,20,34,130,62,26,134,94,90" hai2="6,128,104,16,4,123,102,23,22,107,52,99,126" hai3="30,116,41,63,35,88,95,85,118,82,133,13,32"/><W17/><G133/><T8/><D117/><U2/><E134/><V71/><F71/><W24/><G35/><T59/><D70/><U115/><E115/><V57/><F107/><W105/><G105/><T48/><D75/><U27/><E130/><V97/><F97/><W65/><G41/><T68/><D68/><U125/><E125/><V47/><F23/><W73/><G73/><T43/><D33/><U135/><E101/><V119/><F119/><W91/><G63/><T25/><D25/><U84/><E135/><V113/><F113/><W7/><G7/><T120/><D100/><U39/><E39/><V72/><F72/><W18/><G65/><T1/><D1/><U103/><E34/><V21/><F21/><W45/><G45/><T129/><D129/><U36/><E36/><V66/><F128/><W3/><G3/><T122/><D127/><U64/><E103/><V124/><F123/><W19/><REACH who="3" step="1"/><G13/><REACH who="3" ten="203,286,414,87" step="2"/><T37/><D106/><U50/><E62/><N who="2" m="38223" /><F4/><W131/><G131/><T29/><D15/><U61/><E61/><V86/><F6/><W44/><G44/><T5/><D5/><N who="1" m="1335" /><E64/><V79/><F126/><W0/><G0/><T112/><D40/><U111/><E74/><V89/><F124/><W69/><G69/><T42/><D37/><U53/><E50/><V28/><F47/><W96/><AGARI ba="0,1" hai="17,18,19,24,30,32,82,85,88,91,95,96,116,118" machi="96" ten="30,6000,0" yaku="1,1,0,1,54,1,53,0" doraHai="108" doraHaiUra="51" who="3" fromWho="3" sc="203,-20,286,-20,414,-20,87,70" /><INIT seed="7,1,0,4,3,121" ten="183,266,394,157" oya="3" hai0="110,112,34,92,128,24,47,87,21,105,17,54,106" hai1="118,4,0,115,48,13,125,83,15,59,29,68,114" hai2="35,40,62,77,103,88,30,85,91,20,127,94,14" hai3="60,86,72,23,116,31,117,90,11,64,71,16,19"/><W129/><G72/><T12/><D110/><U75/><E68/><V109/><F109/><W67/><G129/><T84/><D128/><U89/><E125/><V81/><F35/><W5/><G64/><T18/><D34/><U126/><E126/><V49/><F62/><W7/><G31/><T97/><D105/><U65/><E29/><V46/><F127/><W45/><G45/><T124/><D106/><U63/><E118/><V82/><F82/><W9/><G9/><N who="0" m="6287" /><D112/><N who="1" m="43051" /><E48/><V123/><F123/><W120/><G120/><T41/><D41/><U113/><E113/><V76/><F103/><W96/><G96/><T132/><D132/><U51/><E51/><V133/><F133/><W22/><G19/><T50/><D124/><U73/><E0/><V66/><F66/><W100/><G100/><AGARI ba="1,0" hai="18,21,24,47,50,54,84,87,92,97,100" m="6287" machi="100" ten="30,1000,0" yaku="8,1" doraHai="121" who="0" fromWho="3" sc="183,13,266,0,394,0,157,-13" owari="196,-20.4,266,6.6,394,49.4,144,-35.6" /></mjloggm>