<mjloggm ver="2.3"><GO type="169" lobby="0"/><UN n0="%E9%81%8B%E3%81%A7%E5%8B%9D%E3%81%A4" n1="%E3%81%BE%E3%81%A1%E3%81%8A" n2="%70%6F%6E%2D%65%6E" n3="%E4%BF%9D%E8%82%B2%E5%A3%AB" dan="17,16,16,16" rate="2145.09,2174.96,2129.61,2196.44" sx="M,M,F,M"/><TAIKYOKU oya="0"/><INIT seed="0,0,0,1,0,31" ten="250,250,250,250" oya="0" hai0="115,135,109,129,114,35,56,67,60,113,66,0,84" hai1="96,93,133,17,62,119,77,94,38,103,13,37,64" hai2="22,91,50,52,110,25,55,61,47,24,30,128,130" hai3="132,81,33,134,118,73,108,88,41,106,117,51,40"/><T9/><D129/><N who="2" m="49770" /><F110/><W85/><G108/><T12/><D109/><U49/><E119/><V8/><F8/><W32/><G106/><T20/><D135/><N who="3" m="51753" /><G73/><T105/><D105/><U29/><E133/><V54/><F91/><W3/><G3/><T14/><D0/><U97/><E77/><V80/><F80/><W112/><G112/><T126/><D126/><U43/><E29/><N who="2" m="17559" /><F61/><W15/><G15/><T78/><D35/><AGARI ba="0,0" hai="25,30,35,47,50,52,54,55" m="17559,49770" machi="35" ten="30,3900,0" yaku="19,1,52,1,54,1" doraHai="31" who="2" fromWho="0" sc="250,-39,250,0,250,39,250,0" /><INIT seed="1,0,0,4,5,23" ten="211,250,289,250" oya="1" hai0="103,118,130,66,12,1,82,41,57,101,114,120,111" hai1="135,67,132,55,30,119,44,35,27,71,96,3,86" hai2="104,5,112,60,33,121,92,37,70,68,36,106,105" hai3="88,46,83,108,131,10,58,80,97,17,25,90,64"/><U129/><E119/><V52/><F121/><W43/><G108/><T128/><D1/><U49/><E3/><V31/><F112/><W99/><G131/><N who="0" m="50219" /><D114/><U34/><E129/><V117/><F117/><W110/><G110/><T126/><D111/><U91/><E96/><V54/><F92/><W13/><G99/><T50/><D118/><U0/><E0/><V8/><F31/><W89/><G97/><T7/><D126/><U81/><REACH who="1" step="1"/><E35/><REACH who="1" ten="211,240,289,250" step="2"/><V9/><F33/><W93/><G93/><T85/><D120/><U15/><E15/><V48/><F37/><W32/><G32/><T133/><D12/><U134/><E134/><V98/><F36/><W45/><G83/><T72/><D133/><U79/><E79/><V39/><F39/><W69/><G80/><T84/><D82/><U4/><E4/><V73/><F98/><W65/><G13/><T115/><D7/><U102/><E102/><V122/><F122/><W20/><G90/><T123/><D115/><U124/><E124/><V95/><F95/><W127/><G88/><T75/><D123/><U62/><AGARI ba="0,1" hai="27,30,34,44,49,55,62,67,71,81,86,91,132,135" machi="62" ten="30,11700,0" yaku="1,1,0,1,52,1,53,1" doraHai="23" doraHaiUra="78" who="1" fromWho="1" sc="211,-39,240,127,289,-39,250,-39" /><INIT seed="1,1,0,1,0,18" ten="172,367,250,211" oya="1" hai0="97,132,52,85,23,121,0,98,58,53,135,63,108" hai1="118,107,60,40,96,81,14,43,84,15,51,114,133" hai2="113,109,10,55,93,36,76,22,116,94,21,70,95" hai3="19,102,89,33,39,30,42,74,91,12,7,105,100"/><U34/><E114/><V8/><F116/><W67/><G74/><T69/><D0/><U131/><E118/><V26/><F36/><W4/><G67/><T17/><D69/><U99/><E34/><V56/><F70/><W78/><G78/><T122/><D85/><U77/><E131/><V92/><F109/><W38/><G30/><T57/><D108/><U46/><E133/><N who="0" m="51273" /><D97/><N who="1" m="37451" /><E107/><V101/><F113/><W123/><G33/><T65/><D98/><U47/><E60/><V111/><F111/><W90/><G123/><N who="0" m="47115" /><D58/><U45/><E51/><N who="2" m="30847" /><F101/><W61/><G61/><T20/><D20/><N who="2" m="7786" /><F92/><W66/><G38/><T68/><D68/><U35/><E35/><V62/><F76/><W9/><G105/><T86/><D86/><U115/><E115/><V49/><F62/><W50/><G39/><T120/><N who="0" m="47123" /><T134/><N who="0" m="51281" /><DORA hai="72" /><T28/><DORA hai="29" /><D28/><U41/><AGARI ba="1,0" hai="14,15,40,41,43,45,46,47,77,81,84" m="37451" machi="41" ten="40,3900,0" yaku="8,1,52,1" doraHai="18,72,29" who="1" fromWho="1" sc="172,-14,367,42,250,-14,211,-14" /><INIT seed="1,2,0,5,4,83" ten="158,409,236,197" oya="1" hai0="130,43,34,17,112,84,37,82,131,64,40,90,18" hai1="12,124,76,67,93,7,107,59,56,1,79,13,54" hai2="78,97,33,50,129,71,28,133,68,23,49,74,81" hai3="20,48,109,41,51,127,115,27,57,39,25,96,73"/><U16/><E107/><V86/><F129/><N who="0" m="49162" /><D112/><U101/><E124/><V10/><F133/><W6/><G115/><T8/><D34/><U134/><E1/><V125/><F125/><W75/><G127/><T11/><D64/><U105/><E105/><V4/><F33/><W55/><G39/><T31/><D31/><U128/><E128/><V61/><F74/><W46/><G109/><T2/><D37/><U120/><E120/><V60/><F97/><W123/><G123/><T29/><D29/><U32/><E32/><V19/><F28/><W135/><G135/><T35/><D35/><U36/><E36/><V70/><F61/><W114/><G6/><N who="0" m="1111" /><D11/><N who="1" m="4223" /><E67/><V122/><F60/><W100/><G114/><T102/><D102/><U121/><E121/><V21/><F122/><W26/><REACH who="3" step="1"/><G20/><REACH who="3" ten="158,409,236,187" step="2"/><T92/><D82/><U45/><E134/><V58/><F23/><W103/><G103/><T77/><D77/><U91/><E101/><V38/><F38/><W87/><G87/><T116/><D116/><U15/><E79/><V108/><F108/><W63/><G63/><T119/><D119/><U47/><E76/><V106/><F86/><W66/><G66/><T53/><D53/><U3/><E54/><V117/><F81/><W132/><G132/><T104/><D104/><AGARI ba="2,1" hai="25,26,27,41,46,48,51,55,57,73,75,96,100,104" machi="104" ten="40,2600,0" yaku="1,1,53,1" doraHai="83" doraHaiUra="98" who="3" fromWho="0" sc="158,-32,409,0,236,0,187,42" /><INIT seed="2,0,0,3,3,6" ten="126,409,236,229" oya="2" hai0="108,19,39,37,1,105,116,5,60,96,63,134,16" hai1="38,59,120,70,87,74,9,82,113,67,66,4,32" hai2="103,69,28,132,14,58,15,33,127,109,97,83,98" hai3="11,53,100,17,88,65,84,77,125,79,91,7,107"/><V34/><F69/><W73/><G125/><T111/><D134/><U41/><E113/><V93/><F127/><W115/><G115/><T23/><D116/><U20/><E32/><V68/><F68/><W54/><G73/><T131/><D131/><U92/><E120/><V118/><F118/><W86/><G65/><T124/><D124/><U110/><E110/><N who="0" m="42025" /><D105/><U30/><E70/><V114/><F114/><W94/><G17/><N who="0" m="6731" /><D96/><U40/><E74/><V102/><F109/><W119/><G119/><T43/><D23/><U75/><E75/><V49/><F132/><W101/><G107/><T36/><D43/><U56/><E92/><V61/><F34/><W112/><G112/><T22/><D22/><U104/><E104/><V2/><F33/><W55/><G101/><T106/><D106/><U90/><E41/><V52/><F28/><W130/><G100/><T122/><D122/><U85/><E40/><V81/><F98/><W80/><REACH who="3" step="1"/><G130/><REACH who="3" ten="126,409,236,219" step="2"/><T71/><D71/><U3/><E20/><V89/><F103/><W8/><G8/><AGARI ba="0,1" hai="1,5,8,36,37,39,60,63" m="6731,42025" machi="8" ten="40,5200,0" yaku="14,1,52,1,54,1" doraHai="6" who="0" fromWho="3" sc="126,62,409,0,236,0,219,-52" /><INIT seed="3,0,0,3,5,56" ten="188,409,236,167" oya="3" hai0="11,129,48,89,98,61,84,17,21,71,130,116,135" hai1="115,24,76,30,85,127,10,54,114,69,97,14,59" hai2="31,45,39,3,28,124,112,94,23,118,8,18,40" hai3="29,33,15,53,68,47,37,93,125,113,12,107,6"/><W60/><G107/><T110/><D116/><U9/><E69/><V58/><F112/><W73/><G113/><T52/><D98/><U77/><E127/><V88/><F124/><W86/><G73/><T44/><D110/><U27/><E97/><V43/><F118/><W63/><G125/><T66/><D135/><U36/><E36/><V7/><F58/><W4/><G33/><T49/><D49/><U42/><E42/><V62/><F62/><N who="3" m="23595" /><G37/><T121/><D121/><U13/><E59/><V2/><F43/><W104/><G104/><T74/><D74/><U46/><E46/><V83/><F83/><W87/><G29/><T100/><D100/><U133/><E30/><V128/><F128/><N who="0" m="49258" /><D11/><U55/><E85/><N who="3" m="32266" /><G68/><T78/><D78/><U26/><E133/><V51/><F2/><W120/><G120/><T103/><D103/><U57/><E77/><V109/><F109/><W5/><G93/><N who="0" m="54439" /><D21/><U119/><E76/><V132/><F132/><W72/><G72/><T79/><D79/><U41/><E119/><V20/><F20/><W90/><G90/><T99/><D99/><U67/><E10/><V108/><F108/><W75/><G75/><T64/><D64/><U131/><E9/><V65/><F65/><W123/><G123/><T0/><D0/><U35/><E67/><V32/><F39/><W126/><G126/><T16/><AGARI ba="0,0" hai="16,17,44,48,52,61,66,71" m="54439,49258" machi="16" ten="30,7900,0" yaku="19,1,52,1,54,2" doraHai="56" who="0" fromWho="0" sc="188,79,409,-20,236,-20,167,-39" /><INIT seed="4,0,0,3,5,1" ten="267,389,216,128" oya="0" hai0="21,28,131,93,100,81,135,125,6,83,84,35,80" hai1="134,63,3,32,51,2,62,77,110,13,109,57,65" hai2="64,120,98,11,22,123,4,116,115,124,30,130,37" hai3="126,112,61,58,27,97,119,104,52,29,86,15,49"/><T87/><D35/><U41/><E32/><V69/><F37/><W82/><G112/><T12/><D135/><U89/><E134/><V96/><F115/><W60/><G126/><T114/><D125/><U20/><E77/><V46/><F124/><W43/><G119/><T53/><D114/><U67/><E89/><V23/><F46/><W94/><G104/><T105/><D105/><U72/><E72/><V42/><F42/><W102/><G43/><T129/><D53/><U71/><E110/><V40/><F40/><W99/><G99/><N who="0" m="59503" /><D28/><U103/><E103/><V108/><F108/><W128/><G128/><N who="0" m="49227" /><D21/><U26/><E109/><V127/><F23/><N who="3" m="15615" /><G15/><T118/><D118/><U76/><E13/><V34/><F22/><W113/><G113/><T5/><D12/><U48/><E41/><V16/><F30/><W117/><G117/><T70/><D70/><U19/><E3/><V91/><F34/><W78/><AGARI ba="0,0" hai="49,52,58,60,61,78,82,86,94,97,102" m="15615" machi="78" ten="30,2000,0" yaku="8,1,54,1" doraHai="1" who="3" fromWho="3" sc="267,-10,389,-5,216,-5,128,20" /><INIT seed="5,0,0,1,4,31" ten="257,384,211,148" oya="1" hai0="105,92,110,1,44,103,56,100,107,97,5,115,62" hai1="45,70,9,19,33,47,104,39,27,98,59,71,50" hai2="113,78,82,55,125,131,114,99,134,124,29,16,17" hai3="7,60,126,87,108,133,77,66,48,0,85,54,118"/><U20/><E59/><V84/><F134/><W10/><G133/><T12/><D110/><U51/><E39/><V127/><F131/><W89/><G108/><T81/><D115/><N who="2" m="44042" /><F29/><W95/><G126/><T123/><D1/><U120/><E120/><V22/><F22/><W74/><G74/><T132/><D132/><U91/><E33/><V52/><F99/><W101/><G101/><T3/><D3/><U112/><E112/><V72/><F72/><W90/><G77/><T42/><D123/><U15/><E50/><V53/><AGARI ba="0,0" hai="16,17,52,53,55,78,82,84,124,125,127" m="44042" machi="53" ten="40,8000,1" yaku="18,1,15,1,11,1,54,2" doraHai="31" who="2" fromWho="2" sc="257,-20,384,-40,211,80,148,-20" /><INIT seed="6,0,0,0,5,82" ten="237,344,291,128" oya="2" hai0="106,47,53,108,102,131,78,25,24,80,135,16,91" hai1="129,130,38,121,49,92,81,96,112,88,97,67,34" hai2="32,87,75,118,27,6,17,120,104,70,94,110,43" hai3="93,113,89,58,124,54,36,45,18,51,12,33,73"/><V84/><F75/><W8/><G124/><T41/><D108/><U11/><E38/><V63/><F104/><W77/><G33/><T10/><D135/><U79/><E34/><V20/><F120/><W122/><G122/><T103/><D131/><N who="1" m="50187" /><E121/><V40/><F118/><W107/><G107/><T109/><D109/><U56/><E11/><V21/><F32/><W100/><G100/><T114/><D114/><U98/><E112/><V28/><F110/><W132/><G113/><T29/><D106/><U72/><E49/><V3/><F6/><W13/><G132/><T85/><D78/><U101/><E101/><N who="0" m="38409" /><D41/><U2/><E2/><V60/><F3/><W127/><G127/><T5/><D29/><U39/><E39/><V90/><F84/><W65/><G36/><T133/><D5/><U126/><E126/><V46/><F70/><W9/><G77/><T44/><D133/><U68/><E68/><V52/><F60/><AGARI ba="0,0" hai="56,60,67,72,79,81,88,92,96,97,98" m="50187" machi="60" ten="30,2000,0" yaku="19,1,54,1" doraHai="82" who="1" fromWho="2" sc="237,0,344,20,291,-20,128,0" /><INIT seed="7,0,0,0,3,62" ten="237,364,271,128" oya="3" hai0="16,126,131,80,15,84,78,28,90,48,53,39,65" hai1="104,36,43,106,107,4,114,35,33,120,34,2,119" hai2="67,102,46,54,91,117,81,32,103,116,109,21,111" hai3="0,105,57,73,110,72,71,128,41,6,27,3,85"/><W133/><G85/><T94/><D39/><U60/><E120/><V83/><F32/><W79/><G71/><T89/><D131/><U50/><E50/><V37/><F46/><W121/><G121/><T69/><D126/><U98/><E60/><V55/><F91/><W66/><G105/><T22/><D28/><U49/><E49/><V8/><F21/><W12/><G41/><T88/><D69/><U95/><E114/><V99/><F8/><N who="3" m="4119" /><G128/><T58/><D65/><U51/><E51/><V123/><F99/><W64/><G27/><T97/><AGARI ba="0,0" hai="15,16,22,48,53,58,78,80,84,88,89,90,94,97" machi="97" ten="20,8000,1" yaku="0,1,7,1,8,1,54,2" doraHai="62" who="0" fromWho="0" sc="237,80,364,-20,271,-20,128,-40" owari="317,11.7,344,44.4,251,-14.9,88,-41.2" /></mjloggm>