<mjloggm ver="2.3"><GO type="169" lobby="0"/><UN n0="%E3%81%BE%E3%82%86%E3%81%92" n1="%E3%81%94%E3%83%BC%E3%81%A9%E3%82%93" n2="%E5%9C%A7%E5%80%92%E7%9A%84%E3%83%9D%E3%83%B3" n3="%E3%83%8F%E3%83%B3%E3%83%81%E3%83%A7%E3%82%A6%E5%A4%A7%E6%A7%BB" dan="16,16,17,16" rate="2124.83,2098.63,2200.12,2094.15" sx="M,M,M,M"/><TAIKYOKU oya="0"/><INIT seed="0,0,0,0,1,41" ten="250,250,250,250" oya="0" hai0="108,15,53,122,59,82,111,65,42,10,125,33,102" hai1="66,84,113,97,69,123,47,25,62,20,31,132,75" hai2="110,134,129,27,6,93,13,26,57,60,120,49,61" hai3="64,99,107,9,63,94,29,68,90,91,96,16,73"/><T55/><D33/><U19/><E75/><V133/><F120/><W70/><G73/><T126/><D122/><U83/><E123/><V130/><F93/><W3/><G29/><T106/><D65/><U131/><E131/><N who="2" m="50187" /><F6/><W24/><G3/><T37/><D82/><U5/><E132/><N who="2" m="50795" /><F13/><W67/><G107/><T58/><D106/><U105/><E5/><V104/><F104/><W124/><G124/><N who="0" m="47723" /><D102/><U48/><E97/><V50/><F110/><N who="0" m="42026" /><D15/><U103/><E103/><V118/><F118/><W38/><G94/><T34/><D10/><U35/><E105/><V12/><F12/><W23/><G9/><T32/><D42/><U127/><E127/><V40/><F40/><W0/><G0/><T81/><D81/><U98/><E98/><V77/><F77/><W87/><G99/><T128/><D128/><U101/><E101/><V36/><F36/><W52/><G38/><T8/><D8/><U56/><E113/><V89/><F89/><W117/><G96/><T71/><D37/><U30/><E35/><N who="0" m="13353" /><D71/><U80/><E69/><V11/><F11/><W88/><G70/><T45/><D55/><N who="1" m="30111" /><E80/><V22/><F22/><W79/><G68/><T28/><D28/><U100/><E100/><V119/><F27/><W95/><G95/><T116/><D116/><U2/><E2/><V4/><F26/><W135/><G135/><T46/><D53/><U54/><E54/><N who="2" m="31951" /><F119/><W78/><G117/><T114/><D114/><U92/><E92/><V39/><F39/><W74/><G24/><T76/><D76/><AGARI ba="0,0" hai="19,20,25,30,31,56,62,66,76,83,84" m="30111" machi="76" ten="30,2000,0" yaku="8,1,52,1" doraHai="41" who="1" fromWho="0" sc="250,-20,250,20,250,0,250,0" /><INIT seed="1,0,0,0,1,93" ten="230,270,250,250" oya="1" hai0="109,18,38,94,83,99,65,96,85,12,46,1,86" hai1="50,41,78,100,114,43,64,8,113,33,23,127,79" hai2="0,51,11,102,67,27,112,59,110,29,14,76,87" hai3="130,60,39,125,106,124,90,6,32,118,119,15,111"/><U22/><E33/><V95/><F112/><W57/><G39/><T40/><D1/><U20/><E127/><N who="3" m="48714" /><G32/><T47/><D65/><U82/><E64/><V115/><F115/><W34/><G34/><T25/><D109/><U75/><E43/><V61/><F0/><W107/><G111/><T84/><D25/><U131/><E131/><V62/><F62/><W133/><G130/><T66/><D66/><U72/><E8/><V28/><F110/><W70/><G70/><T10/><D46/><U105/><E41/><V97/><F27/><W71/><G71/><T108/><D108/><U134/><E50/><V35/><F35/><W88/><G133/><T104/><D104/><N who="3" m="39977" /><G15/><T73/><REACH who="0" step="1"/><D94/><REACH who="0" ten="220,270,250,250" step="2"/><U122/><E134/><V19/><F51/><W37/><G37/><T92/><D92/><U45/><E45/><V81/><AGARI ba="0,1" hai="11,14,19,28,29,59,61,67,76,81,87,95,97,102" machi="81" ten="30,4000,0" yaku="0,1,8,1,52,1" doraHai="93" who="2" fromWho="2" sc="220,-10,270,-20,250,50,250,-10" /><INIT seed="2,0,0,2,2,0" ten="210,250,300,240" oya="2" hai0="50,22,116,118,121,109,59,56,104,102,88,99,70" hai1="41,19,10,11,119,45,30,134,103,34,110,52,17" hai2="93,95,25,97,82,27,71,37,46,53,127,1,84" hai3="47,90,85,69,111,58,132,133,108,26,94,36,28"/><V80/><F71/><W42/><G69/><T129/><D70/><U117/><E103/><V4/><F127/><W8/><G58/><T112/><D121/><U79/><E79/><V65/><F65/><W7/><G26/><T126/><D126/><U87/><E41/><V44/><F44/><W101/><G28/><T67/><D112/><U73/><E73/><V61/><F95/><W98/><G132/><T15/><D109/><U3/><E87/><V29/><F27/><W9/><G9/><T105/><D129/><U125/><E52/><V49/><F37/><W75/><G75/><T74/><D74/><U124/><E45/><V20/><F61/><W2/><REACH who="3" step="1"/><G133/><REACH who="3" ten="210,250,300,230" step="2"/><T113/><D113/><U57/><E134/><V13/><F1/><W48/><G48/><T54/><D67/><U31/><E57/><V130/><F130/><W78/><G78/><T72/><D72/><U23/><E3/><V92/><F97/><W51/><G51/><T21/><D59/><U24/><E24/><V81/><F84/><W16/><G16/><N who="0" m="10399" /><D22/><U33/><E23/><V35/><F35/><W43/><G43/><T83/><D105/><AGARI ba="0,1" hai="2,7,8,36,42,47,85,90,94,98,101,105,108,111" machi="105" ten="40,5200,0" yaku="1,1,52,1,53,1" doraHai="0" doraHaiUra="68" who="3" fromWho="0" sc="210,-52,250,0,300,0,230,62" /><INIT seed="3,0,0,0,5,3" ten="158,250,300,292" oya="3" hai0="93,106,97,46,96,67,16,63,9,65,70,54,14" hai1="109,121,125,116,32,108,94,25,42,22,99,132,76" hai2="21,39,23,133,81,102,31,95,26,24,59,134,73" hai3="79,58,40,30,45,27,43,82,92,37,50,120,34"/><W0/><G120/><T51/><D106/><U115/><E121/><V8/><F39/><W103/><G103/><T107/><D107/><U104/><E104/><V47/><F47/><W90/><G0/><T86/><D65/><U135/><E115/><V6/><F73/><W44/><G58/><T74/><D74/><U19/><E125/><V48/><F81/><W66/><G66/><T78/><D78/><U56/><E116/><V49/><F102/><W131/><G131/><T62/><D62/><U36/><E76/><V11/><F95/><W122/><G122/><T61/><D61/><U18/><E56/><V2/><F59/><W111/><G111/><T52/><REACH who="0" step="1"/><D54/><REACH who="0" ten="148,250,300,292" step="2"/><U117/><E109/><V100/><F134/><W112/><G112/><T41/><D41/><U5/><E42/><V105/><F133/><W87/><G79/><T75/><D75/><U35/><E108/><V88/><F105/><W128/><G128/><T17/><D17/><U80/><E19/><V89/><F31/><W53/><REACH who="3" step="1"/><G43/><REACH who="3" ten="148,250,300,282" step="2"/><T101/><D101/><U123/><E132/><V85/><F100/><W55/><G55/><T13/><D13/><U29/><E135/><V84/><F2/><W60/><G60/><T130/><D130/><U57/><E123/><V4/><AGARI ba="0,2" hai="4,6,8,11,21,23,24,26,48,49,84,85,88,89" machi="4" ten="25,12000,2" yaku="0,1,22,2,8,1,52,2,54,1" doraHai="3" who="2" fromWho="2" sc="148,-30,250,-30,300,140,282,-60" /><INIT seed="4,0,0,3,1,26" ten="118,220,440,222" oya="0" hai0="29,7,65,88,57,113,107,124,70,110,89,101,31" hai1="64,17,74,22,27,78,56,111,21,69,67,71,103" hai2="129,34,109,48,126,18,104,15,46,30,96,90,102" hai3="37,0,16,2,32,82,62,98,13,33,130,4,127"/><T5/><D70/><U133/><E111/><V35/><F109/><W20/><G62/><N who="0" m="38095" /><D110/><U118/><E118/><V72/><F72/><W45/><G98/><T39/><D39/><U108/><E108/><V59/><F126/><W135/><G82/><T36/><D36/><U116/><E103/><V87/><F129/><W91/><G45/><T117/><D117/><U75/><E17/><V84/><F84/><W123/><G91/><N who="0" m="34891" /><D107/><U61/><E116/><V77/><F77/><W73/><G73/><T40/><D40/><U68/><E74/><V114/><F114/><W122/><G37/><T53/><D101/><U119/><E119/><V95/><F59/><W9/><G130/><T54/><D124/><U38/><E38/><V63/><F63/><W52/><G127/><T51/><D113/><U99/><E67/><V1/><F1/><N who="3" m="619" /><G52/><N who="0" m="20075" /><D51/><U55/><E64/><V25/><F48/><W47/><G47/><T125/><D125/><U80/><E99/><V6/><F46/><W105/><G105/><T23/><D23/><U43/><E43/><V42/><F42/><W83/><G83/><T106/><D106/><U14/><E21/><V66/><F66/><W86/><G86/><T132/><D132/><U58/><E133/><V28/><F35/><N who="3" m="13387" /><G135/><T97/><D97/><U81/><E81/><V19/><F104/><W8/><G8/><T60/><D60/><U11/><E11/><N who="2" m="4599" /><F102/><W76/><G76/><T24/><D24/><AGARI ba="0,0" hai="4,9,13,16,20,24,122,123" m="13387,619" machi="24" ten="30,3900,0" yaku="34,2,54,1" doraHai="26" who="3" fromWho="0" sc="118,-39,220,0,440,0,222,39" /><INIT seed="5,0,0,0,1,5" ten="79,220,440,261" oya="1" hai0="57,87,74,101,95,8,71,127,7,14,41,36,70" hai1="1,55,30,76,66,35,45,52,86,105,84,16,17" hai2="119,60,40,128,4,54,120,115,0,102,96,134,113" hai3="92,112,69,51,75,82,49,65,13,37,122,132,23"/><U31/><E105/><V24/><F120/><W107/><G37/><T26/><D74/><U103/><E45/><V25/><F119/><W126/><G65/><T78/><D36/><U32/><E66/><V58/><F128/><W44/><G69/><T22/><D127/><U59/><E59/><V94/><F134/><W43/><G107/><T109/><D109/><U63/><E63/><V42/><F0/><W27/><G82/><T46/><D101/><U98/><E98/><V93/><F4/><W11/><G75/><T108/><D108/><U6/><E6/><V19/><F94/><W111/><G111/><T9/><D57/><U125/><E1/><V133/><F133/><W123/><G132/><T53/><D53/><U47/><E47/><V100/><F100/><W81/><G81/><T20/><D20/><U117/><E103/><V39/><F39/><W99/><G126/><T33/><D33/><U77/><REACH who="1" step="1"/><E125/><REACH who="1" ten="79,210,440,261" step="2"/><V56/><F56/><W121/><G121/><T38/><D78/><U64/><E64/><V83/><F60/><W85/><G123/><T80/><D80/><U79/><E79/><V48/><F102/><W89/><G122/><T130/><D130/><U88/><E88/><V2/><F96/><W28/><G99/><T131/><D131/><U34/><E34/><V106/><F2/><W21/><G44/><T72/><D72/><U91/><E91/><V129/><F106/><W61/><G61/><T18/><REACH who="0" step="1"/><D9/><REACH who="0" ten="69,210,440,261" step="2"/><U118/><AGARI ba="0,2" hai="16,17,30,31,32,35,52,55,76,77,84,86,117,118" machi="118" ten="25,24000,3" yaku="1,1,0,1,22,2,54,2,53,2" doraHai="5" doraHaiUra="50" who="1" fromWho="1" sc="69,-80,210,260,440,-80,261,-80" owari="-11,-51.1,470,57.0,360,16.0,181,-21.9" /></mjloggm>