<mjloggm ver="2.3"><GO type="169" lobby="0"/><UN n0="%E7%8C%AA%E7%8B%A9%E5%AE%88" n1="%E8%80%81%E6%A5%BD" n2="%E4%B8%96%E7%95%8C%E5%B9%B3%E5%92%8C" n3="%E3%81%AF%E3%81%BE%E3%81%A1%E3%83%AA%E3%83%BC%E3%82%B0" dan="17,17,16,17" rate="2180.67,2205.19,2179.96,2148.56" sx="M,M,M,M"/><TAIKYOKU oya="0"/><INIT seed="0,0,0,4,0,92" ten="250,250,250,250" oya="0" hai0="57,18,53,104,23,5,42,43,115,36,70,79,12" hai1="56,26,25,46,6,119,123,109,131,82,52,83,65" hai2="67,66,132,103,2,11,106,41,8,21,99,59,125" hai3="126,73,30,130,35,129,48,94,97,90,127,20,75"/><T55/><D115/><U118/><E123/><V47/><F125/><N who="3" m="47627" /><G35/><T110/><D70/><U108/><E6/><V13/><F132/><W69/><G69/><T49/><D104/><U44/><E65/><V72/><F72/><N who="3" m="27723" /><G48/><T128/><D79/><U31/><E31/><V28/><F59/><W62/><G62/><T107/><D107/><U111/><E131/><N who="3" m="50186" /><G20/><T19/><D36/><U51/><E82/><V78/><F78/><W102/><G30/><T22/><D5/><U88/><E25/><V86/><F28/><W77/><G77/><T39/><D110/><U14/><E14/><V29/><F29/><W114/><G114/><T4/><D4/><U24/><E26/><V135/><F21/><W17/><G17/><T37/><D128/><U76/><E24/><V15/><F2/><W58/><G58/><T122/><D57/><U95/><E44/><V10/><F66/><W61/><G61/><T100/><D49/><U124/><E124/><V81/><F67/><W133/><G133/><T89/><D12/><U68/><E68/><V112/><F135/><W16/><G16/><T87/><D37/><U96/><E56/><V32/><F32/><W85/><G102/><T45/><D100/><U74/><AGARI ba="0,0" hai="46,51,52,74,76,83,88,95,96,108,109,111,118,119" machi="74" ten="30,8000,1" yaku="0,1,14,1,52,1,54,2" doraHai="92" who="1" fromWho="1" sc="250,-40,250,80,250,-20,250,-20" /><INIT seed="1,0,0,4,3,7" ten="210,330,230,230" oya="1" hai0="101,48,35,83,61,73,46,47,22,114,34,125,39" hai1="77,105,78,30,60,115,44,120,124,71,118,89,14" hai2="1,132,49,17,37,131,97,87,92,23,45,121,65" hai3="32,94,96,86,6,42,20,56,5,10,79,19,88"/><U98/><E115/><V122/><F1/><W53/><G32/><T116/><D114/><U110/><E118/><V99/><F131/><W62/><G42/><T0/><D0/><U108/><E120/><V40/><F132/><W55/><G55/><T128/><D116/><U95/><E124/><V72/><F72/><W103/><G79/><T54/><D128/><U69/><E30/><V57/><F87/><W133/><G133/><T63/><D73/><U134/><E134/><V12/><F97/><W76/><G76/><N who="1" m="29290" /><E105/><V66/><F66/><W74/><G74/><T135/><D125/><U13/><E44/><V16/><F17/><W109/><G109/><N who="1" m="42090" /><E60/><V8/><F122/><W50/><G62/><T26/><D61/><U106/><E106/><V75/><F121/><W119/><G119/><T102/><D34/><U113/><E113/><V21/><F75/><W117/><G117/><T18/><D35/><U81/><E81/><V59/><F37/><W90/><G90/><T51/><D39/><U129/><E129/><V31/><F31/><W27/><REACH who="3" step="1"/><G10/><REACH who="3" ten="210,330,230,220" step="2"/><T52/><D135/><U11/><E11/><V100/><F65/><W29/><G29/><T15/><D63/><U3/><E3/><V2/><REACH who="2" step="1"/><F23/><REACH who="2" ten="210,330,220,220" step="2"/><W85/><G85/><T28/><D28/><U91/><E91/><V25/><F25/><W58/><G58/><T123/><D123/><U127/><E127/><V84/><F84/><W93/><AGARI ba="0,2" hai="5,6,19,20,27,50,53,56,86,88,93,94,96,103" machi="93" ten="20,8000,1" yaku="1,1,0,1,7,1,8,1,54,1,53,0" doraHai="7" doraHaiUra="104" who="3" fromWho="3" sc="210,-20,330,-40,220,-20,220,100" /><INIT seed="2,0,0,2,3,33" ten="190,290,200,320" oya="2" hai0="12,131,87,22,82,127,62,15,40,37,98,128,107" hai1="18,57,54,8,7,99,0,122,21,60,55,133,85" hai2="84,3,72,112,90,76,113,45,135,50,69,17,124" hai3="106,46,27,83,26,70,97,75,28,16,52,30,24"/><V109/><F69/><W56/><G70/><T53/><D127/><U117/><E117/><V91/><F124/><W13/><G13/><BYE who="3" /><T29/><D37/><UN n3="%E3%81%AF%E3%81%BE%E3%81%A1%E3%83%AA%E3%83%BC%E3%82%B0" /><U129/><E133/><V79/><F135/><W116/><G116/><T19/><D40/><U64/><E129/><V39/><F39/><W66/><G75/><T6/><D29/><N who="3" m="11369" /><G106/><T118/><D118/><U11/><E122/><V73/><F17/><W74/><G74/><T80/><D107/><U43/><E43/><V14/><F14/><W92/><G46/><T88/><D98/><U41/><E41/><V65/><F45/><W23/><G83/><T104/><D104/><U48/><E8/><V2/><F50/><N who="3" m="30743" /><G66/><T4/><D82/><U123/><E123/><V36/><F36/><W61/><G61/><T126/><D126/><U119/><E119/><V31/><F31/><W68/><G68/><T51/><D62/><U130/><E130/><N who="0" m="49705" /><D12/><U86/><E99/><V105/><F105/><W49/><G49/><T42/><D42/><U111/><E55/><V58/><F84/><W20/><G20/><T78/><D78/><U132/><E132/><V63/><F63/><W89/><AGARI ba="0,0" hai="16,23,24,26,27,89,92,97" m="30743,11369" machi="89" ten="30,4000,0" yaku="8,1,54,2" doraHai="33" who="3" fromWho="3" sc="190,-10,290,-10,200,-20,320,40" /><INIT seed="3,0,0,3,1,70" ten="180,280,180,360" oya="3" hai0="94,93,51,91,116,65,48,43,87,60,124,95,75" hai1="73,113,37,135,127,111,11,109,19,9,23,45,89" hai2="53,96,102,77,80,17,64,5,63,69,129,86,112" hai3="105,128,117,133,55,40,121,76,126,90,33,110,24"/><W83/><G117/><T1/><D116/><U32/><E113/><V10/><F112/><W84/><G121/><T97/><D75/><U119/><E119/><V41/><F129/><W47/><G105/><T0/><D124/><U50/><E32/><V8/><F53/><W131/><G126/><T79/><D95/><U3/><E73/><V67/><F67/><W88/><G55/><T36/><D79/><U103/><E103/><V132/><F132/><W31/><G133/><T118/><D118/><U52/><E127/><V92/><F5/><W34/><G34/><T104/><D104/><U123/><E123/><V35/><F35/><W85/><G110/><N who="1" m="41994" /><E3/><V100/><F100/><W22/><G33/><T68/><D0/><U59/><E89/><V72/><F17/><W106/><G106/><T61/><D1/><U58/><E58/><V81/><F41/><W130/><REACH who="3" step="1"/><G85/><REACH who="3" ten="180,280,180,350" step="2"/><T62/><D65/><U13/><E135/><V114/><F114/><W6/><G6/><T120/><D120/><U4/><E4/><V39/><F72/><W38/><AGARI ba="0,1" hai="22,24,31,38,40,47,76,83,84,88,90,128,130,131" machi="38" ten="30,12000,1" yaku="1,1,0,1,19,1,52,1,54,1,53,0" doraHai="70" doraHaiUra="28" who="3" fromWho="3" sc="180,-40,280,-40,180,-40,350,130" /><INIT seed="3,1,0,1,0,21" ten="140,240,140,480" oya="3" hai0="72,130,5,74,80,109,79,39,48,135,0,9,110" hai1="65,24,122,61,107,68,125,78,106,66,91,56,94" hai2="23,59,126,30,101,55,84,58,73,17,18,54,1" hai3="100,127,33,25,50,102,2,89,118,104,85,114,75"/><W37/><G37/><T36/><D74/><U69/><E122/><V123/><F73/><W82/><G2/><T16/><D48/><U60/><E125/><V113/><F1/><W26/><G114/><T90/><D90/><U116/><E116/><V41/><F113/><W77/><G118/><T28/><D130/><U81/><E56/><V51/><F126/><W93/><G33/><T31/><D135/><U15/><E15/><V3/><F3/><W49/><G127/><T46/><D16/><U105/><E24/><N who="3" m="9322" /><G102/><T12/><D12/><U45/><E45/><V121/><F101/><W47/><G47/><T98/><D98/><AGARI ba="1,0" hai="49,50,75,77,82,85,89,93,98,100,104" m="9322" machi="98" ten="30,11600,0" yaku="24,1,52,3" doraHai="21" who="3" fromWho="0" sc="140,-119,240,0,140,0,480,119" /><INIT seed="3,2,0,2,2,36" ten="21,240,140,599" oya="3" hai0="129,135,2,0,63,57,70,124,111,127,104,102,6" hai1="106,80,133,131,54,123,50,72,89,95,46,29,81" hai2="12,116,120,117,100,107,87,47,115,32,24,91,18" hai3="30,99,17,96,42,88,35,82,114,65,112,25,55"/><W21/><G65/><T90/><D111/><U76/><E123/><V98/><F115/><W103/><G55/><T19/><D135/><U52/><E133/><V78/><F120/><W48/><G99/><T61/><D129/><U53/><E131/><V15/><F15/><W40/><G82/><T16/><D90/><U128/><E128/><V9/><F78/><W75/><G75/><T38/><D38/><U66/><E81/><V130/><F130/><W132/><G132/><T22/><D70/><U79/><E79/><V13/><F13/><W8/><G8/><T4/><D102/><U86/><E66/><V71/><F71/><W1/><G1/><T69/><D69/><U74/><E74/><V45/><F32/><W83/><G48/><T108/><D57/><U68/><E68/><V7/><F47/><W26/><G114/><T28/><D22/><U118/><E118/><V119/><F45/><W44/><G44/><T10/><D10/><U56/><E29/><V43/><F24/><W23/><G35/><T64/><D64/><U109/><E109/><V31/><F31/><W73/><G112/><T126/><D28/><U39/><E106/><V11/><F11/><W113/><G113/><T77/><D77/><U92/><E92/><N who="2" m="54399" /><F18/><N who="0" m="6698" /><D104/><U101/><E101/><V97/><F97/><W49/><G73/><T60/><D108/><U110/><E110/><V67/><F67/><W105/><REACH who="3" step="1"/><G49/><REACH who="3" ten="21,240,140,589" step="2"/><T125/><D124/><U121/><E121/><V20/><F117/><W51/><G51/><T33/><D33/><U85/><E72/><V122/><F116/><W34/><G34/><RYUUKYOKU ba="2,1" sc="21,10,240,10,140,-30,589,10" hai0="0,2,4,6,60,61,63,125,126,127" hai1="39,46,50,52,53,54,56,76,80,85,86,89,95" hai3="17,21,23,25,26,30,40,42,83,88,96,103,105" /><INIT seed="3,3,1,1,1,105" ten="31,250,110,599" oya="3" hai0="12,103,46,114,3,23,121,35,10,115,55,5,128" hai1="100,112,28,83,56,68,123,82,16,70,133,119,77" hai2="15,102,6,67,130,26,17,84,93,4,65,61,69" hai3="57,66,132,92,19,88,7,75,125,116,113,76,135"/><W124/><G113/><N who="0" m="43019" /><D103/><U98/><E112/><V80/><F130/><W43/><G116/><T29/><D55/><U14/><E123/><V110/><F110/><W50/><G7/><T106/><D46/><U64/><E28/><V108/><F108/><W38/><G38/><T22/><D106/><U39/><E83/><V94/><F67/><W25/><G43/><T11/><D121/><U104/><E133/><N who="3" m="51274" /><G19/><N who="0" m="8599" /><D128/><U47/><E119/><V127/><F26/><AGARI ba="3,1" hai="3,5,11,22,23,26,29,35" m="8599,43019" machi="26" ten="30,3900,0" yaku="11,1,34,2" doraHai="105" who="0" fromWho="2" sc="31,58,250,0,110,-48,599,0" /><INIT seed="4,0,0,5,5,66" ten="89,250,62,599" oya="0" hai0="118,46,59,9,65,19,124,20,110,2,33,6,75" hai1="31,96,11,135,90,95,39,36,119,92,8,99,51" hai2="109,15,105,91,23,28,117,35,120,68,86,88,24" hai3="14,38,18,22,102,50,132,58,80,34,112,45,87"/><T69/><D118/><U10/><E119/><V25/><F105/><W107/><G112/><T97/><D75/><U130/><E130/><V32/><F117/><W13/><G34/><T61/><D124/><U0/><E0/><V29/><F120/><W81/><G132/><T37/><D33/><U52/><E31/><V131/><F131/><W101/><G107/><T57/><D110/><U47/><REACH who="1" step="1"/><E135/><REACH who="1" ten="89,240,62,599" step="2"/><V78/><F109/><W115/><G115/><T44/><D97/><U43/><E43/><V30/><F30/><W106/><G106/><T122/><D122/><U85/><E85/><V70/><F86/><W94/><G87/><T123/><D123/><U41/><E41/><V5/><F15/><W79/><G13/><T108/><D108/><U133/><E133/><V128/><F128/><W26/><G14/><T71/><D37/><U121/><E121/><V62/><F23/><W27/><G22/><T93/><D20/><U56/><E56/><V76/><F5/><W125/><G58/><T54/><D19/><U4/><E4/><V60/><AGARI ba="0,1" hai="24,25,28,29,32,35,60,62,68,70,76,78,88,91" machi="60" ten="25,12000,2" yaku="0,1,22,2,52,2,54,1" doraHai="66" who="2" fromWho="2" sc="89,-60,240,-30,62,130,599,-30" /><INIT seed="5,0,0,4,1,87" ten="29,210,192,569" oya="1" hai0="33,77,125,71,36,127,105,72,118,46,21,26,20" hai1="106,6,31,91,78,13,18,35,7,74,50,53,49" hai2="4,133,82,60,135,111,81,43,59,45,95,41,52" hai3="107,103,80,12,2,97,79,64,54,98,19,68,40"/><U86/><E106/><V9/><F111/><W56/><G2/><T25/><D118/><U73/><E78/><V38/><F43/><W101/><G40/><T17/><D71/><U14/><E35/><V108/><F108/><W37/><G37/><T16/><D105/><U88/><E31/><V30/><F30/><W67/><G68/><T23/><D36/><U8/><E49/><V65/><F95/><W47/><G47/><T3/><D46/><U62/><E62/><V58/><F133/><W51/><G98/><T76/><D3/><U63/><E63/><V39/><F39/><W99/><G99/><T124/><D33/><U34/><E34/><V113/><F113/><W132/><G103/><T117/><D72/><U112/><E112/><V134/><F134/><W48/><G48/><T83/><D83/><U128/><E128/><V70/><F59/><W122/><G132/><T109/><D117/><U119/><E119/><V32/><F32/><W120/><G122/><T61/><D61/><U5/><E14/><V44/><F44/><W42/><G42/><T130/><D130/><U126/><E126/><V102/><F102/><W93/><G107/><T0/><D0/><U104/><E104/><V28/><F28/><W114/><G120/><T10/><D10/><U27/><E27/><N who="0" m="10249" /><D109/><U85/><E74/><V92/><F135/><W110/><G114/><T115/><D115/><U100/><E73/><V1/><F92/><W123/><G123/><T11/><D11/><U96/><E100/><V84/><F70/><W94/><G110/><T66/><D66/><N who="3" m="25129" /><G101/><T15/><D15/><RYUUKYOKU ba="0,0" sc="29,30,210,-10,192,-10,569,-10" hai0="16,17,20,21,23,76,77,124,125,127" /><INIT seed="6,1,0,1,2,88" ten="59,200,182,559" oya="2" hai0="105,101,76,63,115,80,71,81,121,46,107,61,104" hai1="122,13,60,32,47,92,14,98,33,37,5,83,68" hai2="112,118,120,130,16,90,74,31,119,4,126,84,108" hai3="9,79,87,54,85,29,125,106,26,6,66,96,59"/><V58/><F74/><W102/><G125/><T27/><D121/><U133/><E133/><V117/><F120/><W113/><G113/><T2/><D2/><U77/><E122/><V17/><F112/><W55/><G66/><T44/><D115/><U124/><E124/><V95/><F126/><W94/><G106/><T34/><D101/><U8/><E14/><V132/><F132/><W70/><G70/><T57/><D57/><U91/><E60/><V0/><F130/><W111/><G111/><T21/><D34/><U24/><E24/><V28/><F108/><W99/><G99/><T89/><D89/><U53/><E68/><V128/><F128/><W42/><G42/><T64/><D61/><U97/><E97/><V127/><F127/><W123/><G123/><T50/><D44/><U11/><E11/><V12/><F58/><W62/><G79/><T100/><D100/><U18/><E32/><V35/><F0/><W116/><G55/><T19/><REACH who="0" step="1"/><D76/><REACH who="0" ten="49,200,182,559" step="2"/><U129/><E33/><V10/><F35/><W73/><G62/><T78/><D78/><U49/><E129/><V41/><REACH who="2" step="1"/><F41/><AGARI ba="1,1" hai="19,21,27,41,46,50,63,64,71,80,81,104,105,107" machi="41" ten="40,1300,0" yaku="1,1,53,0" doraHai="88" doraHaiUra="51" who="0" fromWho="2" sc="49,26,200,0,182,-16,559,0" /><INIT seed="7,0,0,2,5,109" ten="75,200,166,559" oya="3" hai0="46,124,8,53,70,16,83,121,91,89,113,22,61" hai1="17,112,36,78,130,37,90,48,55,62,85,128,82" hai2="95,93,4,120,117,13,106,105,2,122,32,44,15" hai3="51,41,25,38,88,40,11,29,134,77,131,116,12"/><W118/><G38/><T104/><D104/><U59/><E112/><V110/><F32/><W34/><G131/><N who="1" m="50218" /><E17/><V68/><F68/><W76/><G134/><T97/><D121/><N who="2" m="46698" /><F110/><W64/><G64/><T63/><D124/><U108/><E108/><V102/><F117/><W7/><G118/><T81/><D70/><U84/><E62/><V107/><F44/><W10/><G116/><T66/><D8/><U103/><E103/><V3/><F4/><W54/><G77/><T127/><D127/><U74/><E74/><V71/><F71/><W45/><G76/><T42/><D113/><U129/><E129/><V86/><F86/><W39/><G39/><T98/><D66/><U33/><E33/><V28/><F28/><W119/><G119/><T65/><D65/><U92/><AGARI ba="0,0" hai="36,37,48,55,59,78,82,84,85,90,92" m="50218" machi="92" ten="30,1100,0" yaku="19,1" doraHai="109" who="1" fromWho="1" sc="75,-3,200,11,166,-3,559,-5" owari="72,-42.8,211,1.1,163,-23.7,554,65.4" /></mjloggm>