<mjloggm ver="2.3"><GO type="169" lobby="0"/><UN n0="%31%74%61" n1="%E8%A3%8F%E7%9F%A5%E3%82%89%E3%81%9A" n2="%E8%B5%A4%E7%BE%8E%E6%BF%83%E3%81%BE%E3%81%90%E3%82%8D" n3="%43%55%4B%45%59" dan="17,17,17,16" rate="2245.25,2210.40,2220.29,2035.39" sx="M,M,M,M"/><TAIKYOKU oya="0"/><INIT seed="0,0,0,3,0,31" ten="250,250,250,250" oya="0" hai0="93,110,118,18,24,44,41,81,67,6,100,19,22" hai1="40,106,43,5,135,70,58,127,114,35,112,122,14" hai2="91,42,89,65,3,38,49,47,116,30,77,79,21" hai3="119,57,103,13,34,128,29,123,99,39,2,7,120"/><T83/><D118/><U109/><E70/><V69/><F3/><W75/><G57/><T17/><D110/><U64/><E106/><V20/><F116/><W87/><G87/><T46/><D6/><U105/><E105/><V95/><F38/><W84/><G84/><T61/><D83/><U48/><E122/><N who="3" m="46634" /><G128/><T126/><D126/><U60/><E127/><V72/><F72/><W90/><G119/><T96/><D81/><U94/><E109/><V27/><F69/><W66/><G66/><T56/><REACH who="0" step="1"/><D41/><REACH who="0" ten="240,250,250,250" step="2"/><U104/><E43/><V55/><F42/><W63/><G75/><T68/><D68/><U92/><E40/><V131/><F131/><W115/><G115/><T25/><D25/><U124/><E112/><V134/><F134/><W108/><G108/><T59/><D59/><U98/><E114/><V15/><F77/><W73/><G73/><T8/><D8/><U113/><E58/><V121/><F79/><W54/><G2/><T23/><D23/><U97/><E113/><V53/><F21/><W80/><G80/><T125/><D125/><U62/><E124/><V0/><F0/><W9/><G39/><T71/><D71/><U33/><E135/><V76/><F76/><W78/><G78/><T11/><D11/><U102/><E5/><V1/><F1/><W132/><G132/><T86/><D86/><U37/><E37/><V16/><F121/><W52/><G63/><T82/><D82/><U101/><E60/><V117/><F117/><W36/><G36/><T88/><D88/><U45/><E62/><V130/><F89/><W50/><G90/><RYUUKYOKU ba="0,1" sc="240,30,250,-10,250,-10,250,-10" hai0="17,18,19,22,24,44,46,56,61,67,93,96,100" /><INIT seed="0,1,1,5,3,59" ten="270,240,240,240" oya="0" hai0="81,72,88,86,38,91,40,60,16,48,69,127,52" hai1="71,33,128,28,120,85,132,45,113,49,80,63,44" hai2="126,47,115,51,108,15,94,78,56,75,133,14,109" hai3="77,105,30,13,11,119,99,124,131,19,17,26,20"/><T1/><D1/><U54/><E120/><V21/><F115/><W125/><G77/><T24/><D72/><U34/><E113/><V53/><F126/><N who="3" m="48747" /><G99/><T87/><D127/><U65/><E128/><V83/><F133/><W121/><G105/><T23/><D38/><U61/><E132/><V68/><F68/><W101/><G101/><T27/><D40/><U116/><E116/><V36/><F94/><W9/><G119/><T2/><D2/><U32/><E61/><N who="2" m="35983" /><F36/><W103/><G103/><T62/><D27/><U118/><E118/><V130/><F130/><W106/><G106/><T10/><D10/><N who="3" m="3593" /><G131/><T112/><D69/><U55/><E28/><V82/><F82/><W35/><G19/><T18/><D18/><U135/><E135/><V84/><F75/><W12/><G121/><T7/><D7/><U50/><REACH who="1" step="1"/><E34/><REACH who="1" ten="270,230,240,240" step="2"/><V114/><F114/><W74/><G74/><T100/><D112/><U123/><E123/><V102/><F109/><W37/><G37/><T57/><D100/><U22/><E22/><V4/><F102/><W97/><G97/><T66/><D66/><U0/><E0/><V129/><F108/><W93/><G93/><AGARI ba="1,2" hai="16,23,24,48,52,57,60,62,81,86,87,88,91,93" machi="93" ten="30,18000,2" yaku="7,1,8,1,52,2,54,3" doraHai="59" who="0" fromWho="3" sc="270,203,230,0,240,0,240,-183" /><INIT seed="0,2,0,3,0,47" ten="473,230,240,57" oya="0" hai0="94,20,18,78,110,59,118,76,88,81,6,31,34" hai1="117,33,29,109,125,36,135,12,10,80,79,35,22" hai2="105,16,102,53,133,77,28,46,73,5,51,108,62" hai3="61,63,96,83,43,55,116,124,7,21,19,107,15"/><T104/><D104/><U74/><E36/><V44/><F108/><W132/><G124/><T0/><D118/><U1/><E117/><V92/><F133/><W121/><G132/><T70/><D70/><U111/><E125/><V41/><F105/><W103/><G121/><T89/><D110/><U126/><E126/><V50/><F73/><W134/><G134/><T100/><D34/><U37/><E135/><V57/><F77/><W75/><G116/><T120/><D31/><U90/><E33/><V64/><F28/><W66/><G7/><T122/><D6/><U14/><E1/><V123/><F5/><W32/><G32/><T113/><D0/><U3/><E3/><V25/><F123/><W48/><G43/><T93/><D59/><U130/><E130/><V27/><F16/><W87/><G75/><T115/><D18/><U42/><E42/><V56/><F56/><W114/><G66/><T91/><D20/><U24/><E37/><V97/><AGARI ba="2,0" hai="25,27,41,44,46,50,51,53,57,62,64,92,97,102" machi="97" ten="30,7900,0" yaku="0,1,8,1,52,2" doraHai="47" who="2" fromWho="2" sc="473,-41,230,-22,240,85,57,-22" /><INIT seed="1,0,0,1,0,110" ten="432,208,325,35" oya="1" hai0="85,9,101,39,99,16,76,7,63,10,59,37,44" hai1="87,65,27,25,78,103,132,53,6,41,60,11,48" hai2="2,109,124,55,93,113,79,38,66,35,40,82,131" hai3="42,104,128,80,23,4,58,120,5,19,133,127,26"/><U74/><E74/><V100/><F55/><W83/><G120/><T118/><D118/><U115/><E41/><V12/><F12/><W30/><G128/><T3/><D44/><U81/><E103/><V14/><F14/><W98/><G127/><T0/><D85/><U13/><E132/><V117/><F66/><W45/><G133/><T92/><D76/><U34/><E115/><V88/><F40/><W129/><G129/><T21/><D9/><U64/><E34/><V105/><F100/><W114/><G114/><T107/><D0/><U69/><REACH who="1" step="1"/><E64/><REACH who="1" ten="432,198,325,35" step="2"/><V29/><F35/><W36/><G104/><T28/><D107/><U116/><E116/><V72/><F105/><W111/><G111/><T43/><D43/><U119/><E119/><V123/><F72/><W68/><G68/><T77/><D101/><U47/><AGARI ba="0,1" hai="6,11,13,25,27,47,48,53,60,65,69,78,81,87" machi="47" ten="20,3900,0" yaku="1,1,0,1,7,1,53,0" doraHai="110" doraHaiUra="90" who="1" fromWho="1" sc="432,-13,198,49,325,-13,35,-13" /><INIT seed="1,1,0,3,0,8" ten="419,247,312,22" oya="1" hai0="124,32,80,36,39,55,115,16,15,63,104,75,9" hai1="95,22,117,71,7,103,110,2,14,101,1,122,83" hai2="113,58,116,53,56,31,73,105,24,23,72,57,70" hai3="50,82,48,64,125,35,79,28,59,45,38,127,68"/><U106/><E71/><V90/><F70/><W13/><G13/><T102/><D115/><U51/><E117/><V78/><F105/><W89/><G89/><T27/><D55/><U86/><E106/><V21/><F116/><W123/><G82/><T19/><D63/><U134/><E134/><V5/><F5/><W133/><G79/><T114/><D114/><U4/><E122/><V128/><F113/><W74/><G74/><T18/><D80/><U41/><E1/><V130/><F78/><W37/><G28/><T47/><D75/><U54/><E41/><V43/><F43/><N who="3" m="24639" /><G35/><T34/><D124/><N who="3" m="47689" /><G123/><T126/><D126/><U11/><E2/><V91/><F73/><W77/><G77/><T20/><D47/><U76/><E4/><V66/><F72/><W12/><G12/><T85/><D85/><U84/><E22/><V120/><F120/><W60/><G133/><T129/><D19/><U88/><E110/><V132/><F132/><W29/><G29/><T61/><D34/><U62/><E62/><V111/><F90/><W10/><G10/><T96/><D61/><U0/><E0/><V118/><F91/><W107/><G107/><T92/><D32/><U33/><E33/><V99/><F111/><W112/><G112/><T6/><D104/><U97/><E97/><V69/><F99/><W121/><G121/><T42/><D6/><U46/><AGARI ba="1,0" hai="7,11,14,46,51,54,76,83,84,86,88,95,101,103" machi="46" ten="20,12000,1" yaku="0,1,7,1,8,1,52,1,54,1" doraHai="8" who="1" fromWho="1" sc="419,-41,247,123,312,-41,22,-41" owari="378,47.8,370,17.0,271,-12.9,-19,-51.9" /></mjloggm>