<mjloggm ver="2.3"><GO type="169" lobby="0"/><UN n0="%E3%82%A8%E3%83%AB%E3%82%B2%E3%83%AB%E3%83%BC%E3%82%B8" n1="%E6%8C%91%E6%88%A6%E8%80%85%EF%BC%81" n2="%6E%61%67%61%69%6D%6F" n3="%E9%BB%92%E6%B2%A2%E7%BE%A9%E6%98%8E" dan="16,17,16,17" rate="2149.31,2180.69,2147.47,2200.79" sx="M,M,M,M"/><TAIKYOKU oya="0"/><INIT seed="0,0,0,2,0,106" ten="250,250,250,250" oya="0" hai0="71,59,21,72,32,101,60,129,83,15,31,45,135" hai1="130,5,65,0,122,123,120,6,25,11,33,133,4" hai2="63,100,79,62,82,99,93,95,119,34,67,104,84" hai3="85,37,94,98,19,54,55,116,47,12,44,20,22"/><T114/><D114/><U74/><E65/><V26/><F62/><W87/><G116/><T56/><D129/><U112/><E74/><V132/><F132/><W50/><G22/><T30/><D135/><U29/><E133/><V64/><F64/><W8/><G8/><T43/><D32/><U91/><E91/><V109/><F109/><W128/><G128/><T9/><D101/><U48/><E48/><V105/><F105/><W70/><G70/><T66/><D71/><U108/><E130/><V58/><F119/><W16/><G19/><T81/><D56/><U53/><E53/><V117/><F117/><W40/><REACH who="3" step="1"/><G55/><REACH who="3" ten="250,250,250,240" step="2"/><T90/><D21/><U115/><E108/><V57/><F57/><W36/><G36/><T75/><D31/><U23/><E23/><V46/><F46/><W35/><G35/><T102/><D30/><U2/><E11/><V3/><F3/><AGARI ba="0,1" hai="0,2,3,4,5,6,25,29,33,112,115,120,122,123" machi="3" ten="50,6400,0" yaku="34,3" doraHai="106" who="1" fromWho="2" sc="250,0,250,74,250,-64,240,0" /><INIT seed="1,0,0,4,0,97" ten="250,324,186,240" oya="1" hai0="96,69,68,59,33,102,42,55,43,70,2,64,21" hai1="37,34,10,17,127,122,103,105,74,84,67,57,77" hai2="53,109,15,133,56,20,81,16,135,58,89,11,92" hai3="24,32,134,7,30,87,28,26,94,22,45,66,110"/><U52/><E122/><V107/><F107/><W61/><G110/><T25/><D2/><U125/><E34/><V126/><F109/><W108/><G108/><T117/><D117/><U14/><E37/><V41/><F126/><N who="1" m="48137" /><E74/><V13/><F41/><W72/><G72/><T12/><D64/><U35/><E35/><V36/><F36/><W0/><G134/><T93/><D33/><U40/><E40/><V100/><F81/><W50/><G7/><T23/><D12/><U113/><E113/><V98/><F89/><W54/><G0/><T111/><D111/><U82/><E67/><V116/><F116/><W104/><G104/><T91/><D91/><U60/><E105/><V6/><REACH who="2" step="1"/><F58/><REACH who="2" ten="250,324,176,240" step="2"/><W39/><G39/><T131/><D70/><U101/><AGARI ba="0,1" hai="10,14,17,52,57,60,77,82,84,101,103" m="48137" machi="101" ten="30,11700,0" yaku="18,1,52,2,54,1" doraHai="97" who="1" fromWho="1" sc="250,-39,324,127,176,-39,240,-39" /><INIT seed="1,1,0,4,3,38" ten="211,451,137,201" oya="1" hai0="126,17,16,34,96,84,36,4,7,66,10,112,73" hai1="32,18,43,21,133,46,134,55,58,3,91,87,125" hai2="30,121,92,129,94,8,13,56,117,70,39,2,51" hai3="83,41,19,50,80,116,33,118,45,71,132,90,49"/><U63/><E32/><V109/><F70/><W119/><G132/><T53/><D112/><U5/><E125/><V1/><F39/><W47/><G71/><T79/><D36/><U25/><E3/><V102/><F121/><W72/><G33/><T9/><D34/><U27/><E5/><V113/><F117/><W29/><G29/><T48/><D73/><U115/><E115/><V82/><F113/><W105/><G105/><T130/><D66/><U111/><E111/><V40/><F30/><W28/><G28/><T74/><D74/><U88/><E27/><V131/><F109/><W114/><G114/><T69/><D69/><U106/><E106/><V22/><F22/><W100/><G100/><T0/><D130/><U26/><E26/><V61/><F82/><W135/><G135/><N who="1" m="51722" /><E87/><V24/><F24/><W42/><G72/><T23/><D96/><U44/><E44/><N who="2" m="25991" /><F1/><W127/><G127/><T89/><D126/><U31/><E31/><V77/><F2/><W12/><REACH who="3" step="1"/><G90/><REACH who="3" ten="211,451,137,191" step="2"/><T120/><D89/><U104/><E104/><V98/><F77/><W97/><G97/><T14/><D120/><U81/><E81/><V20/><F131/><W68/><G68/><T110/><D110/><U57/><E57/><V76/><F76/><W93/><G93/><T122/><D122/><U15/><E25/><V64/><F129/><W78/><G78/><T99/><D99/><U86/><E86/><V65/><F94/><W128/><G128/><T62/><D84/><U124/><E124/><V52/><F92/><W75/><G75/><T85/><D85/><U60/><E60/><RYUUKYOKU ba="1,1" sc="211,-15,451,15,137,-15,191,15" hai1="15,18,21,43,46,55,58,63,88,91" hai3="12,19,41,42,45,47,49,50,80,83,116,118,119" /><INIT seed="1,2,1,5,2,23" ten="196,466,122,206" oya="1" hai0="135,2,50,20,69,71,83,28,8,17,74,97,134" hai1="52,108,54,120,111,64,84,27,13,80,43,88,100" hai2="51,36,59,79,14,78,5,66,95,109,82,65,123" hai3="113,3,6,60,87,128,92,16,96,1,90,30,99"/><U72/><E120/><V124/><F36/><W91/><G113/><T9/><D28/><U31/><E43/><V107/><F107/><W94/><G128/><T103/><D50/><U63/><E100/><V70/><F123/><W45/><G30/><T126/><D126/><U101/><E101/><V130/><F124/><W37/><G87/><T12/><D83/><U68/><E13/><V131/><F70/><W22/><G6/><T89/><D74/><U29/><E72/><V38/><F38/><W58/><G45/><T26/><D89/><U19/><E19/><V42/><F95/><W47/><G47/><T46/><D46/><U85/><E85/><N who="2" m="48343" /><F79/><W35/><G35/><T121/><D121/><U102/><E102/><V133/><F133/><N who="0" m="50698" /><D2/><U86/><E86/><V117/><F117/><W49/><G49/><T41/><D41/><U106/><E106/><V61/><F66/><W104/><G104/><N who="0" m="63599" /><D8/><U112/><E112/><V18/><F51/><W53/><REACH who="3" step="1"/><G37/><REACH who="3" ten="196,466,122,196" step="2"/><T93/><D93/><U114/><E114/><V57/><F131/><W67/><G67/><T0/><D0/><U127/><E127/><V25/><F130/><W75/><G75/><T39/><D39/><U125/><E125/><V48/><F65/><W15/><AGARI ba="2,2" hai="1,3,15,16,22,53,58,60,90,91,92,94,96,99" machi="15" ten="20,12000,2" yaku="1,1,0,1,7,1,9,1,54,1,53,2" doraHai="23" doraHaiUra="32" who="3" fromWho="3" sc="196,-32,466,-62,122,-32,196,146" /><INIT seed="2,0,0,2,0,127" ten="164,404,90,342" oya="2" hai0="27,5,93,47,40,113,114,133,22,121,64,53,43" hai1="86,122,8,58,111,37,100,31,80,15,106,96,48" hai2="17,21,124,50,10,118,108,52,90,55,107,89,51" hai3="63,3,119,68,109,25,85,38,98,35,7,14,81"/><V79/><F118/><W69/><G119/><T28/><D121/><U132/><E37/><V117/><F117/><W16/><G38/><T54/><D64/><U75/><E122/><V134/><F124/><W39/><G39/><T120/><D120/><U65/><E75/><V23/><F107/><W33/><G109/><T2/><D133/><U103/><E132/><V95/><F79/><W26/><G98/><T115/><D93/><U59/><E111/><V0/><F134/><W135/><G135/><T88/><D88/><U66/><E31/><V49/><F108/><W18/><G7/><T76/><D76/><U71/><E103/><V6/><F89/><W73/><G3/><T129/><D129/><U4/><E71/><V102/><F102/><W112/><G73/><T13/><D2/><U57/><REACH who="1" step="1"/><E48/><REACH who="1" ten="164,394,90,342" step="2"/><V104/><F104/><W32/><G69/><T78/><D115/><U99/><E99/><V12/><REACH who="2" step="1"/><F23/><REACH who="2" ten="164,394,80,342" step="2"/><W29/><G35/><T83/><D114/><U94/><E94/><V82/><F82/><W125/><G112/><T97/><D113/><U61/><E61/><V36/><F36/><W116/><G116/><T46/><D78/><AGARI ba="0,2" hai="4,8,15,57,58,59,65,66,78,80,86,96,100,106" machi="78" ten="40,5200,0" yaku="1,1,53,2" doraHai="127" doraHaiUra="62" who="1" fromWho="0" sc="164,-52,394,72,80,0,342,0" /><INIT seed="3,0,0,2,5,29" ten="112,466,80,342" oya="3" hai0="70,32,111,1,7,49,18,123,69,57,52,83,13" hai1="135,14,88,127,82,9,21,62,124,0,98,92,120" hai2="78,37,65,30,53,112,121,46,40,15,91,86,17" hai3="90,51,39,128,2,24,54,85,48,109,134,71,3"/><W58/><G39/><T8/><D111/><U87/><E120/><V25/><F112/><W84/><G71/><T63/><D123/><U107/><E135/><V61/><F121/><W38/><G38/><T115/><D115/><U4/><E107/><V10/><F78/><W129/><G134/><T100/><D100/><U22/><E62/><V16/><F17/><W131/><G109/><T102/><D102/><U117/><E117/><V33/><F53/><W20/><G48/><T36/><D36/><U89/><REACH who="1" step="1"/><E0/><REACH who="1" ten="112,456,80,342" step="2"/><N who="3" m="42" /><G90/><T72/><D63/><U97/><E97/><V68/><F91/><W80/><G80/><T106/><D106/><U12/><E12/><V41/><F86/><W79/><G79/><T44/><D83/><U113/><E113/><V43/><AGARI ba="0,1" hai="10,15,16,25,30,33,37,40,41,43,46,61,65,68" machi="43" ten="30,4000,0" yaku="0,1,52,1,54,1" doraHai="29" who="2" fromWho="2" sc="112,-10,456,-10,80,50,342,-20" /><INIT seed="4,0,0,2,0,93" ten="102,446,130,322" oya="0" hai0="64,115,82,28,111,129,2,36,90,44,65,32,24" hai1="14,76,19,39,85,15,134,92,62,8,42,59,124" hai2="25,3,67,116,11,34,80,88,43,41,123,57,74" hai3="27,128,107,13,77,48,16,72,10,46,51,4,105"/><T83/><D115/><U125/><E134/><V120/><F116/><W135/><G135/><T52/><D129/><U47/><E14/><V117/><F117/><W7/><G128/><T53/><D2/><U98/><E85/><V112/><F112/><W103/><G51/><T79/><D111/><U86/><E86/><V94/><F67/><W78/><G72/><T69/><D69/><U100/><REACH who="1" step="1"/><E76/><REACH who="1" ten="102,436,130,322" step="2"/><V37/><F123/><W23/><G7/><T35/><D79/><U63/><E63/><V55/><F120/><W17/><G4/><T87/><D82/><U114/><E114/><V91/><F80/><W73/><G73/><T131/><D131/><U121/><E121/><V54/><F74/><W12/><G12/><T119/><D119/><U75/><E75/><V118/><F118/><W58/><G78/><T122/><D122/><U45/><E45/><V26/><F3/><W56/><G77/><T5/><D5/><U89/><E89/><V132/><F132/><W81/><G81/><T40/><REACH who="0" step="1"/><D35/><REACH who="0" ten="92,436,130,322" step="2"/><U30/><E30/><V126/><F34/><W110/><G110/><T127/><D127/><U31/><E31/><V50/><F126/><W38/><G17/><T97/><D97/><U61/><E61/><V22/><F91/><W130/><G16/><T70/><D70/><U106/><E106/><V1/><F88/><W29/><G107/><T66/><AGARI ba="0,2" hai="24,28,32,36,40,44,52,53,64,65,66,83,87,90" machi="66" ten="30,6000,0" yaku="1,1,0,1,54,1,53,0" doraHai="93" doraHaiUra="9" who="0" fromWho="0" sc="92,80,436,-20,130,-20,322,-20" /><INIT seed="4,1,0,2,1,126" ten="172,416,110,302" oya="0" hai0="37,2,108,36,9,54,1,64,60,110,131,101,22" hai1="10,33,42,72,44,53,75,119,13,84,61,117,77" hai2="134,102,62,67,43,11,6,135,103,46,129,121,91" hai3="45,87,88,27,69,55,34,17,78,114,105,70,92"/><T32/><D32/><U19/><E33/><V28/><F28/><W31/><G114/><T124/><D124/><U25/><E75/><V107/><F91/><W76/><G105/><T68/><D101/><U83/><E72/><V41/><F121/><W112/><G112/><T116/><D116/><U51/><E25/><V89/><F89/><W132/><G132/><T98/><D98/><U18/><E18/><V38/><F43/><W48/><REACH who="3" step="1"/><G17/><REACH who="3" ten="172,416,110,292" step="2"/><T80/><D108/><U93/><E119/><V30/><F30/><W82/><G82/><T86/><D110/><U21/><E117/><V90/><F135/><W104/><G104/><T127/><D127/><U29/><E93/><V59/><F134/><W94/><G94/><T12/><D80/><U50/><E29/><V0/><F90/><W99/><G99/><T133/><D133/><U7/><E61/><V66/><F107/><W26/><G26/><T130/><D86/><U113/><E113/><V96/><F96/><W71/><AGARI ba="1,1" hai="27,31,34,45,48,55,69,70,71,76,78,87,88,92" machi="71" ten="30,4000,0" yaku="1,1,0,1,54,1,53,0" doraHai="126" doraHaiUra="39" who="3" fromWho="3" sc="172,-21,416,-11,110,-11,292,53" /><INIT seed="5,0,0,2,1,16" ten="151,405,99,345" oya="1" hai0="130,43,90,33,120,125,75,5,72,78,66,98,122" hai1="37,58,64,135,2,113,18,8,21,15,69,76,121" hai2="31,41,36,24,47,81,82,70,53,88,131,45,38" hai3="91,110,93,79,95,133,14,13,111,27,0,44,74"/><U114/><E37/><V56/><F70/><W96/><G0/><T48/><D33/><U40/><E40/><V26/><F131/><W1/><G1/><T61/><D130/><U68/><E121/><N who="0" m="46697" /><D125/><U126/><E76/><V107/><F107/><W85/><G44/><N who="0" m="25631" /><D5/><U54/><E64/><V83/><F47/><W59/><G59/><N who="0" m="37183" /><D78/><U86/><E86/><V11/><F38/><W9/><G133/><T39/><D39/><U10/><E135/><V92/><F11/><W35/><G79/><T28/><D28/><U23/><E126/><V30/><F30/><W123/><G123/><T104/><D90/><U46/><E46/><V50/><REACH who="2" step="1"/><F31/><REACH who="2" ten="151,405,89,345" step="2"/><W119/><G9/><T52/><D104/><U115/><E8/><V65/><F65/><W67/><G67/><T118/><D118/><U71/><REACH who="1" step="1"/><E2/><REACH who="1" ten="151,395,89,345" step="2"/><V22/><F22/><W87/><G119/><T3/><D3/><U124/><E124/><V29/><F29/><W32/><G32/><T99/><D72/><U128/><E128/><V132/><F132/><W62/><G35/><T112/><D75/><U55/><E55/><V42/><F42/><W102/><G74/><T49/><D112/><U84/><E84/><AGARI ba="0,2" hai="24,26,36,41,45,50,53,56,81,82,83,84,88,92" machi="84" ten="40,2600,0" yaku="1,1,54,1,53,0" doraHai="16" doraHaiUra="105" who="2" fromWho="1" sc="151,0,395,-26,89,46,345,0" /><INIT seed="6,0,0,0,2,118" ten="151,369,135,345" oya="2" hai0="104,97,74,103,21,57,107,69,3,73,91,129,1" hai1="20,101,37,22,9,47,27,99,88,34,66,26,127" hai2="79,13,35,117,126,96,23,30,128,25,59,83,49" hai3="71,82,54,51,10,19,44,125,56,92,72,41,119"/><V65/><F117/><W77/><G119/><T108/><D108/><U94/><E34/><V70/><F128/><W15/><G125/><T53/><D129/><U78/><E127/><V0/><F126/><W42/><G71/><T48/><D107/><U2/><E66/><V28/><F0/><W29/><G29/><T55/><D69/><U50/><E37/><V102/><F70/><W58/><G92/><T110/><D110/><U116/><E78/><V61/><F49/><W17/><G58/><T18/><D55/><U40/><E116/><V39/><F39/><W87/><G72/><T60/><D60/><U32/><E32/><V76/><F83/><W31/><G31/><T112/><D112/><U36/><E36/><V68/><F59/><W85/><G85/><T45/><D45/><U130/><E130/><V81/><F81/><W93/><G93/><T11/><D91/><U121/><E121/><V33/><F33/><W90/><G77/><T14/><D3/><U131/><E131/><V135/><F135/><W120/><G120/><T95/><D104/><U132/><E132/><V124/><F124/><W5/><G42/><T98/><D98/><U38/><E38/><AGARI ba="0,0" hai="5,10,15,17,19,38,41,44,51,54,56,82,87,90" machi="38" ten="30,1000,0" yaku="7,1" doraHai="118" who="3" fromWho="1" sc="151,0,369,-10,135,0,345,10" /><INIT seed="7,0,0,4,1,75" ten="151,359,135,355" oya="3" hai0="106,18,69,19,134,103,90,46,28,89,5,61,107" hai1="115,53,56,60,33,34,113,130,54,88,120,80,23" hai2="135,36,51,68,49,85,128,83,10,111,14,129,21" hai3="38,26,43,98,127,44,122,3,77,67,70,125,78"/><W63/><G122/><T124/><D5/><U117/><E120/><V73/><F36/><W97/><G3/><T112/><D28/><U119/><E130/><V109/><F68/><W40/><G40/><T57/><D69/><U126/><E23/><V66/><F66/><W15/><G15/><T92/><D103/><U81/><E126/><N who="3" m="48138" /><G26/><T29/><D124/><U76/><E88/><N who="2" m="51263" /><F73/><W71/><G71/><T32/><D90/><U30/><E53/><V31/><F135/><W110/><G110/><T82/><D82/><N who="1" m="31851" /><E76/><AGARI ba="0,0" hai="38,43,44,63,67,70,76,77,78,97,98" m="48138" machi="76" ten="30,11600,0" yaku="18,1,52,3" doraHai="75" who="3" fromWho="1" sc="151,0,359,-116,135,0,355,116" owari="151,-24.9,243,4.3,135,-36.5,471,57.1" /></mjloggm>