<mjloggm ver="2.3"><GO type="169" lobby="0"/><UN n0="%31%74%61" n1="%E3%82%8A%E3%82%87%E3%81%A1" n2="%E8%80%81%E6%A5%BD" n3="%E3%82%AD%E3%83%B3%E3%82%B0%E3%81%82%E3%81%A4%E3%81%97" dan="18,16,18,16" rate="2301.92,2144.94,2274.39,2178.95" sx="M,M,M,M"/><TAIKYOKU oya="0"/><INIT seed="0,0,0,2,5,96" ten="250,250,250,250" oya="0" hai0="94,43,69,76,9,75,56,44,22,101,53,23,121" hai1="79,31,27,39,57,48,46,34,112,68,70,13,92" hai2="114,116,4,8,50,21,42,80,6,104,52,102,28" hai3="89,98,109,130,108,65,49,10,55,88,85,126,78"/><T32/><D32/><U15/><E112/><V64/><F114/><W122/><G126/><T128/><D69/><U105/><E105/><V77/><F42/><W40/><G130/><T2/><D121/><U84/><E39/><V127/><F64/><W119/><G119/><T81/><D128/><U67/><E68/><V129/><F129/><W38/><G65/><T5/><D94/><U19/><E70/><V113/><F113/><W51/><G122/><T91/><D91/><U61/><E19/><V7/><F127/><W86/><G38/><T63/><REACH who="0" step="1"/><D101/><REACH who="0" ten="240,250,250,250" step="2"/><U123/><E123/><V118/><F102/><W24/><G88/><T95/><D95/><U35/><E34/><V26/><F104/><W30/><G89/><T90/><D90/><U41/><E92/><V124/><F124/><W12/><G98/><T117/><D117/><U54/><E79/><V74/><REACH who="2" step="1"/><F8/><REACH who="2" ten="240,250,240,250" step="2"/><W107/><G10/><T125/><D125/><U87/><E67/><V18/><F18/><W120/><G107/><T72/><D72/><U133/><E133/><V97/><F97/><W82/><G120/><T47/><D47/><AGARI ba="0,2" hai="4,6,7,21,26,28,47,50,52,74,77,80,116,118" machi="47" ten="40,2600,0" yaku="1,1,54,1,53,0" doraHai="96" doraHaiUra="62" who="2" fromWho="0" sc="240,-26,250,0,240,46,250,0" /><INIT seed="1,0,0,5,5,6" ten="214,250,286,250" oya="1" hai0="66,46,91,100,55,13,96,131,43,9,106,28,73" hai1="1,26,17,78,3,132,50,119,14,7,111,20,22" hai2="57,121,62,16,124,113,58,94,4,85,103,81,49" hai3="27,19,108,82,32,54,31,63,90,88,109,35,71"/><U118/><E78/><V21/><F121/><W52/><G35/><T126/><D73/><U70/><E70/><V89/><F124/><W8/><G71/><T95/><D126/><U120/><E50/><V65/><F113/><W29/><G29/><T123/><D131/><U2/><E120/><V77/><F4/><W110/><G82/><T36/><D28/><N who="1" m="17479" /><E132/><V107/><F107/><W104/><G104/><T97/><D123/><U83/><E83/><V59/><F103/><W34/><G34/><T133/><D133/><U60/><E60/><V67/><F49/><W25/><G25/><T41/><D66/><U125/><E125/><V37/><F37/><W69/><G69/><T115/><D115/><U33/><E33/><V24/><REACH who="2" step="1"/><F67/><REACH who="2" ten="214,250,276,250" step="2"/><W56/><G54/><T112/><D112/><U40/><E111/><V74/><AGARI ba="0,1" hai="16,21,24,57,58,59,62,65,74,77,81,85,89,94" machi="74" ten="20,12000,2" yaku="1,1,2,1,0,1,7,1,54,1,53,1" doraHai="6" doraHaiUra="79" who="2" fromWho="2" sc="214,-30,250,-60,276,130,250,-30" /><INIT seed="2,0,0,5,3,83" ten="184,190,406,220" oya="2" hai0="28,85,45,99,125,97,70,71,30,133,81,8,114" hai1="131,101,37,76,132,20,5,123,110,15,91,7,46" hai2="40,118,104,51,68,41,84,12,61,117,32,72,42" hai3="73,0,94,31,112,36,98,124,57,66,77,23,26"/><V50/><F72/><W126/><G36/><T35/><D114/><U102/><E110/><V113/><F104/><W129/><G0/><T80/><D133/><U34/><E34/><V78/><F32/><W52/><G129/><T86/><D35/><U89/><E131/><V75/><F75/><W2/><G2/><T93/><D45/><U95/><E132/><V96/><F96/><W9/><G9/><T105/><D105/><U88/><E123/><V107/><F12/><W6/><G6/><T92/><REACH who="0" step="1"/><D8/><REACH who="0" ten="174,190,406,220" step="2"/><U90/><E95/><V1/><F107/><W121/><G112/><T87/><D87/><U58/><E46/><V17/><F84/><W111/><G121/><T115/><D115/><U29/><E20/><V53/><F113/><W44/><G44/><T3/><D3/><U22/><E22/><V65/><F1/><W74/><G74/><T79/><D79/><U55/><E76/><V14/><F78/><W109/><G77/><T47/><D47/><U108/><E108/><V39/><F39/><W120/><G73/><T43/><D43/><U21/><E37/><V64/><F40/><W119/><G120/><T56/><D56/><U48/><N who="1" m="22528" /><DORA hai="116" /><U49/><E49/><V10/><F41/><W122/><G122/><T134/><D134/><U106/><E106/><V67/><F42/><W62/><G111/><T127/><AGARI ba="0,1" hai="28,30,70,71,80,81,85,86,92,93,97,99,125,127" machi="127" ten="25,12000,2" yaku="1,1,0,1,22,2,52,2,53,0" doraHai="83,116" doraHaiUra="33,100" who="0" fromWho="0" sc="174,130,190,-30,406,-60,220,-30" /><INIT seed="3,0,0,4,5,15" ten="304,160,346,190" oya="3" hai0="100,39,47,101,7,16,23,60,65,75,94,66,59" hai1="104,111,10,118,123,99,70,8,121,73,62,25,5" hai2="48,0,72,18,93,55,53,46,34,71,122,107,74" hai3="108,116,80,29,9,127,63,129,112,125,130,31,89"/><W103/><G63/><T81/><D7/><U52/><E73/><V68/><F107/><W133/><G103/><T92/><D39/><U41/><E111/><V109/><F0/><W119/><G89/><T49/><D66/><U117/><E41/><V11/><F34/><W134/><G80/><T44/><D44/><U87/><E87/><V3/><F3/><W56/><G56/><T98/><D81/><U88/><E25/><V1/><F1/><W36/><G36/><T84/><D75/><U124/><E124/><N who="3" m="47690" /><G9/><T40/><D84/><U24/><E8/><V105/><F68/><W86/><G86/><T27/><D94/><N who="1" m="56775" /><E104/><V77/><F105/><W102/><G102/><AGARI ba="0,0" hai="16,23,27,40,47,49,59,60,65,92,98,100,101,102" machi="102" ten="30,7700,0" yaku="7,1,8,1,52,1,54,1" doraHai="15" who="0" fromWho="3" sc="304,77,160,0,346,0,190,-77" /><INIT seed="4,0,0,3,3,88" ten="381,160,346,113" oya="0" hai0="21,130,16,18,26,59,6,53,92,100,94,65,37" hai1="42,66,110,106,128,52,35,85,123,79,115,39,116" hai2="82,89,40,126,81,8,38,61,108,78,60,5,58" hai3="119,48,121,132,101,103,13,25,114,84,98,57,10"/><T96/><D37/><U118/><E52/><V76/><F108/><W67/><G119/><T63/><D130/><U122/><E85/><V68/><F126/><W54/><G114/><T129/><D129/><U36/><E79/><V95/><F68/><W24/><G132/><T9/><D53/><U12/><E12/><V73/><F40/><W49/><G121/><T1/><D18/><U55/><E55/><V90/><F38/><W23/><G49/><T75/><D75/><U31/><E66/><V86/><F58/><W99/><G84/><T30/><D30/><U97/><E97/><N who="3" m="36874" /><G67/><T56/><D56/><U91/><E91/><V4/><F4/><N who="3" m="3271" /><G25/><T112/><D112/><U45/><E128/><V109/><F109/><W33/><G33/><T80/><D80/><U105/><E115/><V74/><REACH who="2" step="1"/><F89/><REACH who="2" ten="381,160,336,113" step="2"/><W135/><G135/><T120/><D120/><U87/><E110/><V51/><F51/><W133/><G133/><T111/><D111/><U20/><E36/><V134/><F134/><W83/><G83/><T27/><D27/><U107/><E123/><V77/><F77/><W70/><G70/><T41/><D41/><U113/><E113/><V93/><F93/><AGARI ba="0,1" hai="1,6,9,16,21,26,59,63,65,92,93,94,96,100" machi="93" ten="30,12000,1" yaku="7,1,52,3,54,1" doraHai="88" who="0" fromWho="2" sc="381,130,160,0,336,-120,113,0" /><INIT seed="4,1,0,5,4,117" ten="511,160,216,113" oya="0" hai0="108,17,36,66,125,61,50,8,123,47,69,109,65" hai1="120,127,58,135,93,84,95,114,55,35,130,18,54" hai2="3,25,29,70,21,24,104,115,59,16,45,79,133" hai3="106,67,64,92,107,11,26,9,85,122,60,32,49"/><T63/><D8/><U89/><E35/><V73/><F70/><W7/><G49/><T98/><D17/><U27/><E130/><V116/><F104/><W128/><G128/><T1/><D1/><U134/><E127/><V101/><F101/><W40/><G40/><N who="0" m="22919" /><D98/><U126/><E126/><V10/><F115/><W119/><G119/><T15/><D15/><U62/><E114/><V78/><F116/><W91/><G67/><T23/><D23/><U76/><E76/><V22/><F133/><N who="1" m="50697" /><E120/><V5/><F73/><W94/><G94/><T82/><D82/><N who="1" m="49303" /><E54/><V80/><F80/><W4/><G32/><T96/><D96/><U6/><E6/><V12/><F45/><W103/><G26/><T102/><D102/><U87/><E87/><V19/><REACH who="2" step="1"/><F59/><REACH who="2" ten="511,160,206,113" step="2"/><W131/><G103/><T100/><D100/><U77/><E77/><V74/><F74/><W56/><G131/><T46/><D125/><U72/><E72/><V68/><F68/><W28/><G107/><T20/><D69/><U112/><E112/><V113/><F113/><W31/><G106/><T110/><D46/><U42/><E42/><V53/><F53/><W71/><G71/><T97/><D66/><U34/><E34/><AGARI ba="1,1" hai="3,5,10,12,16,19,21,22,24,25,29,34,78,79" machi="34" ten="30,8000,1" yaku="1,1,7,1,24,2,54,1,53,0" doraHai="117" doraHaiUra="44" who="2" fromWho="1" sc="511,0,160,-83,206,93,113,0" /><INIT seed="5,0,0,1,4,71" ten="511,77,299,113" oya="1" hai0="35,0,75,22,16,107,31,132,112,93,88,120,56" hai1="113,21,11,58,40,77,114,2,97,42,117,78,74" hai2="47,5,103,53,30,61,32,111,9,19,23,39,81" hai3="72,17,70,82,76,54,134,29,80,28,94,14,65"/><U127/><E117/><V95/><F111/><W87/><G134/><T64/><D107/><U66/><E127/><V116/><F116/><W26/><G65/><T123/><D75/><U55/><E66/><V118/><F81/><W102/><G70/><T27/><D0/><U85/><E74/><V46/><F61/><W18/><G54/><T126/><D112/><N who="1" m="43115" /><E21/><V59/><F30/><W1/><G1/><T89/><D132/><U69/><E69/><V119/><F32/><W34/><G29/><T8/><D126/><U121/><E121/><N who="0" m="46665" /><D8/><U129/><E129/><V96/><F118/><W4/><G4/><T100/><D64/><U115/><N who="1" m="43123" /><U106/><DORA hai="57" /><E11/><V15/><F119/><W90/><G102/><T86/><D56/><U125/><E2/><V36/><F46/><W135/><G135/><T20/><D100/><N who="1" m="62735" /><E125/><V108/><F47/><W67/><G67/><T92/><D16/><U104/><E104/><V131/><F131/><W62/><G18/><T44/><D44/><U13/><E13/><V60/><F108/><W101/><G101/><T33/><D20/><U3/><E3/><AGARI ba="0,0" hai="3,5,9,15,19,23,36,39,53,59,60,95,96,103" machi="3" ten="30,7700,0" yaku="7,1,52,3" doraHai="71,57" who="2" fromWho="1" sc="511,0,77,-77,299,77,113,0" /><INIT seed="6,0,0,5,3,3" ten="511,0,376,113" oya="2" hai0="87,39,131,5,69,108,115,99,132,89,49,130,82" hai1="96,46,92,17,112,104,114,4,135,119,44,13,91" hai2="54,62,127,94,24,60,34,95,35,106,83,37,81" hai3="71,59,48,90,56,100,77,63,41,78,128,51,72"/><V85/><F106/><W20/><G128/><N who="0" m="49195" /><D108/><U86/><E119/><V74/><F37/><W9/><G100/><T117/><D39/><U29/><E135/><V53/><F85/><W33/><G33/><T47/><D132/><U120/><E120/><V76/><F76/><W79/><G72/><T110/><D69/><U118/><E118/><V21/><F21/><W97/><G9/><T14/><D117/><U116/><E116/><V32/><F24/><W93/><G71/><T38/><D110/><U121/><E121/><V64/><F64/><N who="3" m="39015" /><G41/><T107/><D38/><U22/><E29/><V7/><F7/><W55/><G20/><T113/><D14/><U45/><E4/><V11/><F11/><W8/><G8/><T36/><D36/><U19/><E19/><V28/><F28/><W75/><G75/><T129/><D5/><U25/><E13/><V15/><F15/><W124/><G124/><T123/><D123/><U111/><E111/><V102/><F74/><W67/><G67/><T16/><D16/><U26/><E26/><V43/><F43/><W18/><G18/><T73/><D73/><U105/><E86/><V50/><F127/><W12/><G12/><T65/><D129/><U61/><E61/><AGARI ba="0,0" hai="48,51,55,59,61,77,78,79,90,93,97" m="39015" machi="61" ten="30,1000,0" yaku="8,1" doraHai="3" who="3" fromWho="1" sc="511,0,0,-10,376,0,113,10" owari="511,61.1,-10,-51.0,376,17.6,123,-27.7" /></mjloggm>