<mjloggm ver="2.3"><GO type="169" lobby="0"/><UN n0="%E6%89%8B%E6%8A%BC%E3%81%97%E8%BB%8A" n1="%E7%91%9E%E5%8E%9F%E3%83%B4%E3%82%A1%E3%82%AE%E3%83%8A" n2="%E9%98%BF%E9%83%A8%E5%AF%9B%EF%BC%A0%E9%B3%B3%E5%8D%93" n3="%2D%E8%B1%8A%E5%8F%A3%E3%82%81%E3%81%90%E3%81%BF%2D" dan="16,16,16,17" rate="2114.99,2076.06,2115.36,2184.63" sx="M,M,F,F"/><TAIKYOKU oya="0"/><INIT seed="0,0,0,0,1,5" ten="250,250,250,250" oya="0" hai0="132,69,35,128,13,27,65,10,38,83,131,20,56" hai1="70,115,122,44,59,67,110,12,45,81,90,73,22" hai2="103,62,117,82,104,126,95,50,79,135,19,94,114" hai3="61,18,107,32,36,72,105,99,39,133,123,34,55"/><T23/><D69/><U120/><E70/><V84/><F50/><W71/><G72/><T42/><D132/><U25/><E110/><V21/><F62/><W100/><G107/><T30/><D83/><U29/><E115/><V78/><F19/><W130/><G133/><T47/><D56/><U60/><E120/><V0/><F21/><W24/><G130/><N who="0" m="49707" /><D65/><U54/><E122/><V112/><F0/><W58/><G123/><T101/><D101/><U41/><E67/><V96/><F135/><W92/><G71/><T85/><D85/><N who="1" m="50479" /><E73/><V49/><F49/><W134/><G39/><T74/><D74/><U106/><E106/><V125/><F117/><W64/><G36/><T8/><D35/><U89/><E41/><V86/><F78/><W1/><G134/><T6/><D6/><U118/><E118/><V28/><F28/><W40/><G64/><T113/><D113/><N who="2" m="43626" /><F86/><W98/><G40/><T14/><D23/><N who="1" m="15551" /><E89/><V119/><F119/><W17/><G32/><T91/><D91/><U77/><E77/><V66/><F66/><W57/><G34/><T52/><D52/><U31/><E31/><V16/><F79/><W68/><G68/><T9/><AGARI ba="0,0" hai="8,9,10,13,14,20,27,30,38,42,47" m="49707" machi="9" ten="30,11700,0" yaku="19,1,52,3" doraHai="5" who="0" fromWho="0" sc="250,117,250,-39,250,-39,250,-39" /><INIT seed="0,1,0,0,1,132" ten="367,211,211,211" oya="0" hai0="102,37,14,108,41,3,133,131,6,92,2,50,94" hai1="29,111,63,69,80,51,17,98,32,49,79,8,68" hai2="104,123,5,16,19,99,101,117,62,45,109,52,91" hai3="121,93,56,126,122,95,46,22,1,115,0,88,118"/><T100/><D37/><U90/><E111/><V113/><F123/><N who="3" m="47115" /><G115/><T120/><D108/><U75/><E32/><V119/><F109/><W20/><G118/><N who="2" m="45065" /><F113/><W25/><G95/><T128/><D133/><U9/><E29/><V85/><F5/><W71/><G71/><T105/><D14/><U38/><E38/><V74/><F74/><W39/><G56/><T11/><D120/><U107/><E69/><V61/><F61/><W72/><G72/><T77/><D77/><U60/><E8/><V67/><F67/><W54/><G20/><T87/><D105/><U40/><E68/><V73/><F73/><W59/><G46/><N who="0" m="25935" /><D2/><U110/><E110/><V116/><N who="2" m="45073" /><V124/><DORA hai="28" /><F124/><W78/><G78/><T26/><D26/><U30/><E79/><V55/><F45/><W127/><G39/><T35/><D35/><U24/><E60/><V134/><F134/><W81/><G81/><T96/><D87/><U12/><E63/><V103/><F103/><N who="0" m="39466" /><D96/><U106/><E98/><V84/><F84/><N who="3" m="52359" /><G1/><T82/><D82/><U44/><E80/><N who="2" m="49575" /><F62/><N who="3" m="36215" /><G0/><T36/><D36/><U47/><E75/><V33/><F33/><W83/><G83/><T15/><D3/><U66/><E66/><V65/><F65/><W76/><G76/><T97/><D97/><U48/><E106/><V70/><F70/><W130/><G130/><AGARI ba="1,0" hai="6,11,15,92,94,128,130,131" m="39466,25935" machi="130" ten="30,1500,0" yaku="19,1" doraHai="132,28" who="0" fromWho="3" sc="367,18,211,0,211,0,211,-18" /><INIT seed="0,2,0,1,4,40" ten="385,211,211,193" oya="0" hai0="97,15,100,114,13,5,2,86,87,21,78,69,76" hai1="39,35,54,44,96,134,20,4,7,52,46,104,117" hai2="82,66,64,23,125,93,12,42,37,47,101,116,3" hai3="92,74,88,58,120,28,45,70,43,72,91,14,135"/><T18/><D69/><U98/><E35/><V34/><F125/><W84/><G70/><T32/><D114/><U109/><E117/><V11/><F116/><W19/><G135/><T61/><D32/><U115/><E134/><V90/><F34/><W112/><G112/><T36/><D2/><U105/><E20/><V126/><F126/><W65/><G28/><T25/><D36/><U129/><E39/><V59/><F3/><W111/><G111/><T77/><D61/><U85/><E85/><N who="0" m="32265" /><D5/><U24/><E115/><V68/><F68/><W128/><G91/><T83/><D83/><U121/><E24/><V9/><F82/><W57/><G128/><T17/><D17/><U79/><E79/><V132/><F101/><W38/><G120/><T110/><D110/><U60/><E60/><V0/><F0/><W75/><REACH who="3" step="1"/><G65/><REACH who="3" ten="385,211,211,183" step="2"/><T108/><D108/><U31/><E109/><V6/><F132/><W67/><G67/><T102/><D102/><U51/><E31/><V73/><F66/><W49/><G49/><T26/><D100/><U8/><E51/><V22/><F64/><W62/><G62/><T94/><D77/><U53/><E129/><V113/><F113/><W130/><G130/><T48/><D48/><U50/><E50/><V106/><F37/><W29/><G29/><T122/><D122/><U99/><E121/><V133/><F133/><W33/><G33/><T71/><D71/><U127/><E127/><V10/><F42/><W89/><G89/><N who="0" m="55503" /><D78/><U30/><E30/><V55/><F90/><W16/><G16/><N who="0" m="10383" /><D76/><U131/><E131/><V107/><F6/><RYUUKYOKU ba="2,1" sc="385,15,211,-15,211,-15,183,15" hai0="15,18,25,26" hai3="14,19,38,43,45,57,58,72,74,75,84,88,92" /><INIT seed="0,3,1,2,2,19" ten="400,196,196,198" oya="0" hai0="13,101,84,126,125,46,34,94,79,105,83,103,90" hai1="23,68,64,72,45,43,104,60,25,107,29,117,115" hai2="65,8,2,50,4,120,135,96,58,49,0,113,36" hai3="54,42,122,40,121,62,97,39,127,124,22,100,87"/><T76/><D34/><U35/><E117/><V129/><F113/><W18/><G87/><T112/><D13/><U6/><E115/><V92/><F120/><N who="3" m="46187" /><G62/><T31/><D31/><U111/><E111/><V98/><F135/><W26/><G54/><T114/><D46/><U78/><E6/><V109/><F109/><W12/><G26/><T99/><D103/><U132/><E132/><V82/><F129/><W131/><G131/><T28/><D28/><U75/><E78/><V67/><F36/><W89/><G89/><T52/><D52/><U91/><E91/><V85/><F2/><W17/><G17/><T32/><D32/><U33/><E33/><V48/><F58/><W41/><G39/><T93/><D76/><U57/><E57/><V69/><F69/><W134/><G134/><T71/><D71/><U7/><E7/><V102/><REACH who="2" step="1"/><F96/><REACH who="2" ten="400,196,186,198" step="2"/><W61/><G61/><T56/><D56/><U118/><E118/><V5/><F5/><W86/><G86/><N who="0" m="48511" /><D105/><AGARI ba="3,2" hai="12,18,22,40,41,42,97,100,105,124,127" m="46187" machi="105" ten="30,2000,0" yaku="13,1,52,1" doraHai="19" who="3" fromWho="0" sc="400,-29,196,0,186,0,198,49" /><INIT seed="1,0,0,1,2,83" ten="371,196,186,247" oya="1" hai0="17,47,85,104,31,41,134,126,116,75,74,56,61" hai1="55,69,16,99,52,9,118,76,8,3,49,51,113" hai2="124,46,90,48,89,14,2,50,98,115,60,128,12" hai3="43,71,25,29,123,5,132,6,44,58,111,93,38"/><U79/><E113/><V63/><F2/><W37/><G123/><T45/><D104/><U33/><E118/><V23/><F115/><W1/><G71/><T80/><D116/><U84/><E69/><V94/><F124/><W21/><G111/><T15/><D126/><U129/><E33/><V73/><F73/><W106/><G106/><T88/><D31/><U121/><E121/><V127/><F127/><W4/><G132/><T32/><D32/><U34/><E34/><V67/><F128/><W42/><G58/><T70/><D70/><U59/><E129/><V20/><F94/><W54/><G54/><T22/><D47/><U122/><E122/><V64/><REACH who="2" step="1"/><F46/><REACH who="2" ten="371,196,176,247" step="2"/><W11/><G93/><T35/><D134/><U66/><E3/><V13/><F13/><W28/><G44/><T82/><D80/><U53/><E99/><AGARI ba="0,1" hai="12,14,20,23,48,50,60,63,64,67,89,90,98,99" machi="99" ten="25,12000,2" yaku="1,1,22,2,8,1,53,2" doraHai="83" doraHaiUra="18" who="2" fromWho="1" sc="371,0,196,-120,176,130,247,0" /><INIT seed="2,0,0,4,1,32" ten="371,76,306,247" oya="2" hai0="13,87,23,117,123,54,30,18,47,61,112,42,35" hai1="66,119,102,74,78,125,99,55,88,58,81,68,67" hai2="131,59,4,3,120,39,85,48,105,36,128,12,64" hai3="24,84,22,129,34,98,45,110,14,132,124,37,52"/><V92/><F120/><W31/><G110/><T116/><D123/><U77/><E119/><V41/><F105/><W89/><G124/><T26/><D112/><U7/><E125/><V100/><F12/><W0/><G129/><N who="2" m="49737" /><F64/><W70/><G70/><T17/><D87/><U94/><E78/><V11/><F59/><W50/><G132/><T8/><D54/><U38/><E38/><V71/><F71/><W25/><G14/><T6/><D61/><U40/><E40/><V79/><F100/><W2/><G98/><T60/><D60/><U15/><E68/><V5/><F5/><W118/><G37/><T108/><D108/><U16/><E102/><V101/><F101/><W133/><G133/><T21/><D47/><U107/><E107/><V135/><F135/><W10/><G10/><T19/><D42/><U122/><E7/><V51/><F51/><W75/><G75/><T57/><D57/><U72/><E72/><V91/><F79/><W86/><G86/><T27/><D19/><U103/><E103/><V33/><F33/><W83/><G118/><T63/><D63/><U62/><REACH who="1" step="1"/><E122/><REACH who="1" ten="371,66,306,247" step="2"/><V90/><F91/><W109/><G109/><T121/><REACH who="0" step="1"/><D121/><REACH who="0" ten="361,66,306,247" step="2"/><U113/><E113/><V82/><F39/><W115/><REACH who="3" step="1"/><G115/><REACH who="3" ten="361,66,306,237" step="2"/><T130/><D130/><U114/><E114/><V29/><F36/><W80/><G80/><T93/><D93/><U43/><E43/><V9/><F92/><W69/><G69/><T76/><D76/><U104/><E104/><V46/><F82/><W49/><G49/><T56/><D56/><U65/><E65/><V53/><F48/><RYUUKYOKU ba="0,3" sc="361,10,66,10,306,-30,237,10" hai0="6,8,13,17,18,21,23,26,27,30,35,116,117" hai1="15,16,55,58,62,66,67,74,77,81,88,94,99" hai3="0,2,22,24,25,31,34,45,50,52,83,84,89" /><INIT seed="3,1,3,3,2,59" ten="371,76,276,247" oya="3" hai0="133,32,31,13,80,43,93,19,6,22,100,12,35" hai1="84,17,101,51,26,92,102,23,70,55,53,83,94" hai2="44,41,68,108,5,135,90,98,99,69,57,91,1" hai3="78,82,104,129,118,115,7,119,106,38,10,88,61"/><W54/><G115/><T132/><D43/><U77/><E70/><V47/><F41/><W49/><G38/><T111/><D80/><U113/><E113/><V134/><F57/><W28/><G28/><T124/><D93/><U89/><E94/><V50/><F50/><W128/><G61/><T109/><D100/><U16/><E17/><V15/><F15/><N who="3" m="5599" /><G104/><T29/><D124/><U34/><E34/><N who="0" m="12841" /><D29/><U37/><E37/><V62/><F5/><W11/><G106/><T105/><D31/><U126/><E126/><V110/><F1/><W14/><G88/><T18/><D6/><U127/><E127/><V4/><F4/><N who="3" m="3431" /><G78/><T103/><D103/><N who="1" m="39435" /><E51/><V120/><F120/><W74/><G82/><T81/><D81/><U73/><E73/><V121/><F121/><W45/><G74/><T39/><D105/><U116/><E116/><V52/><F52/><N who="1" m="20041" /><E92/><V2/><F2/><W56/><G56/><T114/><D39/><U48/><E48/><V71/><F71/><W60/><G119/><T58/><D58/><U8/><E8/><V86/><F86/><W75/><G118/><T42/><D42/><U46/><E46/><V96/><F99/><W9/><G9/><N who="0" m="6415" /><D114/><U87/><E87/><V79/><F79/><AGARI ba="1,3" hai="16,23,26,77,79,83,84,89" m="20041,39435" machi="79" ten="30,3900,0" yaku="8,1,54,2" doraHai="59" who="1" fromWho="2" sc="371,0,76,72,276,-42,247,0" /><INIT seed="4,0,0,1,1,50" ten="371,148,234,247" oya="0" hai0="57,135,71,38,59,24,44,112,8,37,113,79,122" hai1="85,78,94,131,54,72,14,19,133,40,117,123,32" hai2="18,22,128,27,69,103,68,87,120,67,129,111,17" hai3="48,25,102,46,73,86,2,4,15,134,30,97,106"/><T105/><D105/><U75/><E117/><V53/><F111/><W35/><G73/><T23/><D79/><U96/><E123/><V31/><F120/><W41/><G134/><T124/><D71/><N who="2" m="27210" /><F103/><W81/><G2/><T64/><D122/><U109/><E109/><V63/><F67/><W42/><G4/><T116/><D135/><U47/><E32/><V74/><F87/><W114/><G114/><T119/><D8/><U62/><E131/><N who="2" m="50251" /><F74/><W108/><G15/><T110/><D110/><U101/><E133/><V82/><F82/><W52/><REACH who="3" step="1"/><G108/><REACH who="3" ten="371,148,234,237" step="2"/><T60/><D119/><U132/><E132/><V83/><F83/><W43/><G43/><T36/><D116/><U6/><E6/><V10/><F10/><W99/><G99/><T98/><D98/><U90/><E75/><V55/><F63/><W28/><G28/><T104/><D113/><U20/><E72/><V7/><F7/><W16/><G16/><AGARI ba="0,1" hai="16,17,18,22,27,31,53,55" m="50251,27210" machi="16" ten="30,7700,0" yaku="19,1,52,2,54,1" doraHai="50" who="2" fromWho="3" sc="371,0,148,0,234,87,237,-77" /><INIT seed="5,0,0,1,0,62" ten="371,148,321,160" oya="1" hai0="134,91,98,13,36,128,94,79,126,123,4,65,99" hai1="100,101,53,5,14,41,35,2,116,29,77,38,58" hai2="125,47,8,110,68,17,10,15,22,108,124,118,42" hai3="127,92,33,6,26,70,103,11,84,120,95,59,93"/><U7/><E116/><V56/><F68/><W81/><G70/><T30/><D36/><U71/><E71/><V119/><F56/><W61/><G120/><T69/><D123/><U76/><E2/><V67/><F67/><W132/><G127/><N who="2" m="48713" /><F47/><W72/><G72/><T104/><D126/><U85/><E38/><V105/><F42/><W135/><G103/><N who="1" m="39498" /><E35/><V28/><F105/><W83/><G26/><T25/><D104/><U117/><E117/><N who="2" m="44555" /><F28/><W75/><G33/><T48/><D99/><U20/><E41/><V129/><F129/><W49/><G49/><T115/><D128/><U130/><E130/><V24/><F10/><W82/><G84/><T18/><D48/><N who="1" m="31015" /><E85/><V21/><F24/><W96/><G96/><T54/><D69/><U40/><E40/><V106/><F106/><W63/><G75/><T122/><D122/><U102/><E102/><V112/><F112/><W1/><REACH who="3" step="1"/><G63/><REACH who="3" ten="371,148,321,150" step="2"/><T60/><D98/><U86/><E86/><V3/><F110/><W121/><G121/><T23/><D60/><U32/><E32/><V133/><F108/><W74/><G74/><T39/><D39/><U45/><E45/><V66/><F3/><W37/><G37/><T51/><D25/><N who="1" m="16551" /><E14/><V73/><F73/><W80/><N who="3" m="20480" /><DORA hai="113" /><W64/><AGARI ba="0,1" hai="1,6,11,59,61,64,92,93,95,132,135" m="20480" machi="64" ten="50,12000,2" yaku="1,1,4,1,0,1,52,1,53,2" doraHai="62,113" doraHaiUra="55,0" who="3" fromWho="3" sc="371,-30,148,-60,321,-30,150,130" /><INIT seed="6,0,0,4,1,14" ten="341,88,291,280" oya="2" hai0="79,120,19,46,124,64,81,99,32,75,56,77,5" hai1="28,50,121,31,16,80,30,82,55,119,84,35,114" hai2="105,88,29,106,39,62,22,4,132,57,26,58,94" hai3="0,3,59,41,122,33,40,53,123,102,87,103,42"/><V45/><F132/><W130/><G33/><T83/><D120/><U61/><E114/><V86/><F4/><W101/><G87/><T85/><D32/><U110/><E119/><V93/><F93/><W135/><G135/><T116/><D5/><U20/><E110/><V48/><F39/><W47/><G47/><T69/><D69/><U104/><E121/><N who="3" m="46090" /><G53/><T63/><D116/><U8/><E104/><V66/><REACH who="2" step="1"/><F58/><REACH who="2" ten="341,88,281,280" step="2"/><W113/><G59/><T117/><D117/><U111/><E111/><V129/><F129/><W21/><G130/><T70/><D70/><U18/><E35/><V74/><F74/><W96/><G113/><T9/><D46/><N who="1" m="28119" /><E61/><V2/><F2/><W10/><G3/><T76/><D124/><U109/><E109/><V118/><F118/><W72/><G72/><T51/><D51/><U67/><E67/><V68/><F68/><W23/><G0/><T97/><D75/><U92/><E92/><V37/><F37/><W24/><G103/><T89/><D81/><U71/><E71/><V7/><F7/><W54/><G102/><T15/><AGARI ba="0,1" hai="9,15,19,56,63,64,76,77,79,83,85,89,97,99" machi="15" ten="30,4000,0" yaku="0,1,8,1,52,1" doraHai="14" who="0" fromWho="0" sc="341,50,88,-10,281,-20,280,-10" /><INIT seed="7,0,0,5,3,112" ten="391,78,261,270" oya="3" hai0="72,20,92,9,130,52,27,85,46,32,82,97,23" hai1="33,99,117,25,14,114,55,22,84,48,98,78,125" hai2="15,12,16,118,80,105,39,89,90,58,116,26,109" hai3="11,126,44,42,34,68,2,50,41,6,57,51,74"/><W24/><G68/><T13/><D72/><U122/><E114/><V21/><F109/><W71/><G71/><T8/><D32/><U133/><E125/><V107/><F39/><W31/><G126/><T96/><D130/><U83/><E133/><V108/><F108/><W38/><G42/><T67/><D67/><U1/><E1/><V10/><F105/><W63/><REACH who="3" step="1"/><G74/><REACH who="3" ten="391,78,261,260" step="2"/><T76/><D46/><U132/><E132/><V18/><F107/><W100/><G100/><T29/><D52/><AGARI ba="0,1" hai="2,6,11,24,31,34,38,41,44,50,51,52,57,63" machi="52" ten="30,5800,0" yaku="1,1,7,1,54,1,53,0" doraHai="112" doraHaiUra="113" who="3" fromWho="0" sc="391,-58,78,0,261,0,260,68" /><INIT seed="7,1,0,3,4,126" ten="333,78,261,328" oya="3" hai0="37,118,88,87,120,114,79,116,103,77,6,89,98" hai1="95,44,80,73,7,40,96,82,105,76,35,41,26" hai2="108,134,68,69,49,131,67,74,11,12,16,63,101" hai3="39,1,100,22,19,42,27,102,132,122,128,83,109"/><W2/><G122/><T4/><D37/><U46/><E105/><V112/><F108/><W106/><G128/><T13/><D120/><U111/><E111/><V123/><F123/><W99/><G102/><T55/><D114/><U121/><E121/><V51/><F112/><W3/><G109/><T32/><D32/><U60/><E60/><V93/><F134/><W23/><G132/><T8/><D4/><U59/><E59/><V36/><F131/><W71/><G71/><T85/><D116/><U18/><E7/><V119/><F119/><W25/><G83/><N who="0" m="49215" /><D118/><U61/><E61/><V97/><F74/><W64/><G64/><T5/><D5/><U29/><E18/><V57/><F36/><W20/><REACH who="3" step="1"/><G19/><REACH who="3" ten="333,78,261,318" step="2"/><T17/><D17/><U115/><E115/><V135/><F135/><W84/><G84/><T43/><D98/><U130/><E130/><V56/><REACH who="2" step="1"/><F57/><REACH who="2" ten="333,78,251,318" step="2"/><W21/><N who="3" m="5120" /><DORA hai="30" /><W129/><G129/><T48/><D103/><U52/><E73/><V58/><F58/><W127/><G127/><T53/><D77/><U90/><E76/><V15/><F15/><W78/><G78/><T81/><D79/><U91/><E29/><V31/><F31/><W33/><G33/><T125/><D125/><U92/><E35/><V113/><F113/><W47/><AGARI ba="1,2" hai="1,2,3,25,27,39,42,47,99,100,106" m="5120" machi="47" ten="50,4800,0" yaku="1,1,0,1,53,0" doraHai="126,30" doraHaiUra="62,14" who="3" fromWho="3" sc="333,-17,78,-17,251,-17,318,71" owari="316,11.6,61,-43.9,234,-16.6,389,48.9" /></mjloggm>