<mjloggm ver="2.3"><GO type="169" lobby="0"/><UN n0="%E2%84%83%2D%75%74%65" n1="%6D%6F%75%77" n2="%E3%83%81%E3%83%83%E3%82%BF%E3%82%BD%E3%83%BC" n3="%E3%83%97%E3%83%AC%E3%82%B9%E3%83%97" dan="17,16,16,16" rate="2195.88,2083.06,2148.94,2199.40" sx="M,M,F,M"/><TAIKYOKU oya="0"/><INIT seed="0,0,0,0,3,21" ten="250,250,250,250" oya="0" hai0="31,44,5,63,90,77,60,68,114,129,133,118,111" hai1="96,56,49,121,103,100,36,99,15,58,110,124,81" hai2="28,24,14,7,10,98,109,4,131,89,11,126,134" hai3="13,1,122,117,39,38,79,123,18,37,127,47,87"/><T113/><D118/><U53/><E36/><V40/><F109/><W71/><G1/><T107/><D107/><U82/><E110/><V75/><F75/><W120/><G117/><T130/><D111/><U50/><E124/><V101/><F126/><W97/><G127/><T19/><D5/><U20/><E121/><V17/><F134/><W104/><G71/><T43/><D77/><U45/><E15/><V69/><F131/><N who="0" m="50186" /><D19/><U35/><E35/><V78/><F69/><W8/><G104/><T34/><D90/><U52/><E20/><V32/><F78/><W25/><G97/><T61/><D133/><U72/><REACH who="1" step="1"/><E45/><REACH who="1" ten="250,240,250,250" step="2"/><V55/><F10/><W23/><G47/><T65/><D34/><U88/><E88/><V102/><F89/><W41/><G79/><T108/><D108/><U51/><E51/><V6/><F102/><W62/><G62/><N who="0" m="24171" /><D31/><U91/><E91/><V3/><F101/><W48/><G48/><AGARI ba="0,1" hai="43,44,48,63,65,68,113,114" m="24171,50186" machi="48" ten="30,5800,0" yaku="19,1,34,2" doraHai="21" who="0" fromWho="3" sc="250,68,240,0,250,0,250,-58" /><INIT seed="0,1,0,5,2,129" ten="318,240,250,192" oya="0" hai0="18,26,21,71,97,24,29,19,34,31,113,74,39" hai1="127,3,132,96,16,32,128,86,27,78,88,22,107" hai2="94,75,5,51,57,35,54,2,98,105,81,44,60" hai3="108,50,100,17,93,25,119,15,20,48,90,42,38"/><T112/><D39/><U121/><E121/><V40/><F105/><W14/><G119/><T83/><D71/><U67/><E128/><V55/><F35/><W120/><G108/><T64/><D64/><U110/><E110/><V130/><F130/><W73/><G73/><T63/><D63/><U76/><E3/><V77/><F2/><W8/><G120/><T65/><D65/><U118/><E118/><V109/><F109/><W103/><G38/><T56/><D56/><U115/><E127/><V43/><REACH who="2" step="1"/><F5/><REACH who="2" ten="318,240,240,192" step="2"/><W47/><G50/><T106/><D34/><U70/><E32/><V52/><F52/><W84/><REACH who="3" step="1"/><G15/><REACH who="3" ten="318,240,240,182" step="2"/><T6/><D113/><U12/><E115/><V79/><F79/><W92/><G92/><T114/><D112/><U53/><E78/><V117/><F117/><W46/><G46/><T99/><D114/><U11/><E76/><V49/><F49/><W95/><G95/><T134/><D106/><U66/><E107/><V124/><F124/><W59/><G59/><T33/><D74/><U23/><E12/><V7/><F7/><AGARI ba="1,2" hai="7,8,14,17,20,25,42,47,48,84,90,93,100,103" machi="7" ten="30,3900,0" yaku="1,1,7,1,8,1,53,0" doraHai="129" doraHaiUra="61" who="3" fromWho="2" sc="318,0,240,0,240,-42,182,62" /><INIT seed="1,0,0,0,5,105" ten="318,240,198,244" oya="1" hai0="63,35,34,41,33,91,102,99,98,78,134,22,110" hai1="16,29,113,79,77,108,40,132,55,127,87,130,75" hai2="44,92,90,38,25,8,14,122,66,76,61,89,53" hai3="86,96,124,7,88,46,32,45,59,49,4,70,115"/><U52/><E113/><V121/><F25/><W21/><G32/><T62/><D41/><U116/><E116/><V72/><F38/><W9/><G70/><T51/><D51/><U0/><E0/><V69/><F53/><W131/><G115/><T26/><D110/><U19/><E87/><V85/><F44/><W1/><G7/><T15/><D15/><U120/><E120/><V123/><F90/><W17/><G131/><T43/><D43/><U125/><E130/><V112/><F112/><W3/><G3/><T67/><D78/><N who="1" m="29707" /><E132/><V133/><F133/><W50/><G96/><T13/><D13/><U129/><E129/><V5/><REACH who="2" step="1"/><F76/><REACH who="2" ten="318,240,188,244" step="2"/><W95/><G46/><T64/><D134/><U119/><E119/><V109/><F109/><W24/><G45/><T20/><D91/><U57/><E40/><V106/><F106/><W58/><G124/><N who="1" m="47690" /><E55/><V37/><F37/><W39/><G39/><T74/><D98/><U48/><E108/><V82/><F82/><W83/><G83/><T42/><D99/><U94/><E94/><V135/><F135/><W81/><G81/><T97/><D97/><U10/><E29/><V28/><F28/><W101/><G101/><T128/><D102/><U73/><E19/><V103/><F103/><W60/><REACH who="3" step="1"/><G59/><REACH who="3" ten="318,240,188,234" step="2"/><T36/><D128/><U12/><AGARI ba="0,2" hai="10,12,16,48,52,57,73,75" m="47690,29707" machi="12" ten="30,12000,1" yaku="18,1,52,2,54,2" doraHai="105" who="1" fromWho="1" sc="318,-40,240,140,188,-40,234,-40" /><INIT seed="1,1,0,0,3,27" ten="278,380,148,194" oya="1" hai0="96,81,110,51,111,94,60,64,0,1,28,37,85" hai1="82,30,67,9,18,4,63,52,112,19,41,42,123" hai2="108,12,25,8,74,55,134,47,6,89,35,11,126" hai3="120,78,22,48,46,132,40,44,13,95,49,31,97"/><U76/><E112/><V90/><F108/><W122/><G132/><T68/><D37/><U131/><E123/><V129/><F134/><W99/><G78/><T117/><D117/><U3/><E131/><V24/><F129/><W93/><G13/><T56/><D51/><U75/><E19/><V69/><F126/><W7/><G7/><T34/><D68/><U58/><E18/><V59/><F69/><W71/><G71/><T38/><D38/><U54/><REACH who="1" step="1"/><E30/><REACH who="1" ten="278,370,148,194" step="2"/><V80/><F6/><W32/><G31/><T92/><D28/><U116/><E116/><V114/><F114/><W118/><G118/><T86/><D111/><U113/><E113/><V66/><F24/><W61/><G120/><T15/><D110/><U62/><E62/><V16/><F25/><W128/><G61/><T29/><D29/><U33/><E33/><V121/><F35/><W106/><G32/><T79/><D34/><U84/><E84/><V127/><F121/><W14/><G128/><T91/><D86/><U103/><E103/><V20/><F74/><W87/><G87/><T107/><D85/><U115/><E115/><V26/><F26/><W125/><G122/><T77/><D60/><U65/><E65/><V100/><F66/><W133/><G133/><T57/><D64/><U119/><E119/><V10/><F100/><W130/><G130/><T124/><D77/><U21/><E21/><V23/><F20/><W105/><G22/><T104/><D79/><U50/><E50/><V70/><F23/><W2/><G49/><T53/><D81/><U43/><AGARI ba="1,1" hai="3,4,9,41,42,43,52,54,58,63,67,75,76,82" machi="43" ten="30,18000,2" yaku="1,1,0,1,54,1,53,3" doraHai="27" doraHaiUra="39" who="1" fromWho="1" sc="278,-61,370,193,148,-61,194,-61" /><INIT seed="1,2,0,1,0,58" ten="217,563,87,133" oya="1" hai0="81,117,110,69,15,54,132,67,36,39,133,63,75" hai1="1,101,29,125,78,6,100,107,59,53,26,70,8" hai2="73,128,60,96,5,98,134,106,17,49,11,104,111" hai3="27,42,112,97,4,83,19,90,50,0,12,28,23"/><U115/><E125/><V118/><F73/><W10/><G112/><T95/><D117/><U87/><E70/><V76/><F118/><W40/><G50/><T48/><D95/><U79/><E115/><V52/><F76/><W122/><G122/><T34/><D34/><U119/><E119/><V51/><F111/><W24/><G24/><T130/><D110/><U7/><E7/><V66/><F134/><N who="0" m="51818" /><D130/><U123/><E123/><V38/><F38/><W131/><G131/><T71/><D15/><U86/><E87/><V116/><F116/><W129/><G129/><T108/><D108/><U94/><E107/><V18/><F128/><W127/><G127/><T62/><D81/><U47/><E47/><V65/><F5/><W114/><G114/><T120/><D75/><U88/><E79/><V20/><F20/><W41/><G83/><T126/><D126/><U77/><E78/><V3/><F11/><W55/><G55/><T45/><D120/><U105/><E105/><V113/><F113/><W74/><G74/><T16/><D16/><U68/><E77/><V84/><F52/><W82/><G82/><T37/><D63/><U32/><REACH who="1" step="1"/><E68/><AGARI ba="2,0" hai="36,37,39,45,48,54,62,67,68,69,71" m="51818" machi="68" ten="40,8000,1" yaku="20,1,34,2,52,1" doraHai="58" who="0" fromWho="1" sc="217,86,563,-86,87,0,133,0" /><INIT seed="2,0,0,1,3,17" ten="303,477,87,133" oya="2" hai0="68,102,11,92,63,93,66,69,54,130,77,74,112" hai1="123,86,128,105,20,27,5,59,36,22,34,58,8" hai2="28,109,113,23,25,125,118,41,56,39,72,16,15" hai3="124,51,19,101,79,4,50,107,104,38,45,21,106"/><V24/><F113/><W116/><G116/><T64/><D112/><U40/><E105/><V95/><F118/><W80/><G124/><T35/><D35/><U110/><E34/><V47/><F125/><W62/><G4/><T65/><D130/><U55/><E110/><V126/><F126/><W82/><G101/><T43/><D43/><U46/><E128/><V97/><F109/><W81/><G79/><T122/><D11/><U99/><E123/><V49/><F72/><W120/><G120/><T48/><D122/><U131/><E131/><V33/><F24/><W117/><G117/><T83/><D102/><U132/><E132/><V67/><F67/><W88/><G62/><T30/><D30/><U52/><E99/><V70/><F70/><W71/><G71/><T6/><D6/><U57/><E86/><V134/><F134/><W87/><G38/><T76/><D76/><U98/><E98/><V32/><F56/><W73/><G73/><T133/><D65/><U3/><REACH who="1" step="1"/><E22/><REACH who="1" ten="303,467,87,133" step="2"/><V78/><F33/><W10/><G10/><T18/><D133/><U114/><E114/><V85/><F85/><W37/><G107/><T108/><D108/><U61/><E61/><V0/><F97/><W29/><G104/><T12/><D68/><U26/><E26/><V94/><F32/><W119/><G106/><T9/><REACH who="0" step="1"/><D64/><REACH who="0" ten="293,467,87,133" step="2"/><U31/><AGARI ba="0,2" hai="3,5,8,20,27,31,36,40,46,52,55,57,58,59" machi="31" ten="30,7900,0" yaku="1,1,0,1,52,1,54,1,53,0" doraHai="17" doraHaiUra="135" who="1" fromWho="1" sc="293,-20,467,99,87,-39,133,-20" /><INIT seed="3,0,0,0,0,69" ten="273,566,48,113" oya="3" hai0="86,130,12,39,5,38,40,84,131,93,113,73,6" hai1="107,41,15,83,3,59,52,22,126,118,87,58,90" hai2="128,64,92,111,121,80,99,62,94,49,1,71,32" hai3="97,74,127,37,123,117,46,91,132,9,19,26,101"/><W110/><G117/><T47/><D73/><U129/><E3/><V135/><F111/><W48/><G37/><N who="0" m="13835" /><D47/><U114/><E107/><V55/><F1/><W104/><G123/><T13/><D40/><U109/><E129/><N who="0" m="49161" /><D113/><U95/><E109/><V43/><F128/><W25/><G110/><T106/><D106/><U75/><E59/><V50/><F121/><W82/><G127/><T115/><D115/><U56/><E56/><V21/><F43/><W30/><G132/><T27/><D27/><U133/><E58/><V105/><F105/><W66/><G66/><T85/><D93/><U20/><E95/><V23/><F135/><W79/><G30/><T124/><D124/><U88/><E41/><V51/><F92/><W108/><G108/><T11/><D13/><U31/><E15/><V63/><F71/><W76/><G74/><T78/><D6/><U60/><E75/><V53/><F94/><W45/><G26/><T98/><D98/><U70/><E133/><V16/><F99/><W116/><G46/><T61/><D61/><U72/><E60/><V134/><F134/><W120/><G120/><T14/><D14/><U100/><E72/><V103/><F63/><W96/><G25/><T102/><D102/><U44/><E100/><V4/><F103/><W34/><G97/><T24/><D24/><U2/><E114/><V81/><F62/><W17/><G45/><T7/><D7/><U35/><E44/><V29/><F29/><W0/><G104/><T122/><D122/><U8/><E126/><V119/><F4/><N who="3" m="1159" /><G101/><T10/><D10/><U57/><E31/><RYUUKYOKU ba="0,0" sc="273,30,566,-10,48,-10,113,-10" hai0="5,11,12,78,84,85,86" /><INIT seed="4,1,0,2,3,24" ten="303,556,38,103" oya="0" hai0="76,36,128,46,111,28,121,89,79,103,12,88,18" hai1="71,27,45,51,133,20,65,16,116,98,78,132,119" hai2="64,80,87,38,0,58,22,19,9,74,14,6,33" hai3="21,135,34,97,13,84,108,15,23,4,104,83,54"/><T91/><D121/><U82/><E98/><V95/><F38/><W29/><G108/><T17/><D111/><U122/><E122/><V25/><F74/><W47/><G135/><N who="1" m="51786" /><E65/><V57/><F64/><W56/><G47/><T26/><D128/><U117/><E71/><V102/><F95/><W32/><G32/><T44/><D103/><U7/><E7/><V120/><F102/><W69/><G69/><T94/><D94/><U35/><E35/><V131/><F131/><W40/><G40/><T125/><D125/><U101/><E101/><V115/><F115/><W52/><G97/><T41/><D44/><U107/><E107/><V124/><F124/><W90/><G104/><T70/><D70/><U93/><E93/><V66/><F66/><W85/><G54/><T73/><D73/><N who="1" m="43343" /><E119/><V67/><F67/><W1/><G34/><T123/><D123/><U5/><E5/><V127/><F127/><W48/><G1/><T113/><D113/><U63/><E63/><V106/><F106/><W61/><G61/><T134/><D134/><U105/><E105/><V49/><F49/><W112/><G112/><T92/><D92/><U62/><E62/><V39/><F39/><W99/><G99/><T30/><D76/><U126/><E126/><V81/><F120/><W2/><G4/><T77/><D79/><U37/><E37/><V110/><F110/><W100/><G2/><T129/><D77/><U109/><E109/><V31/><F80/><N who="3" m="49447" /><G100/><T114/><D114/><U50/><E50/><V10/><F33/><W86/><G83/><T75/><D36/><U55/><AGARI ba="1,0" hai="16,20,27,45,51,55,116,117" m="43343,51786" machi="55" ten="30,4000,0" yaku="5,1,20,1,54,1" doraHai="24" who="1" fromWho="1" sc="303,-21,556,43,38,-11,103,-11" /><INIT seed="5,0,0,3,4,57" ten="282,599,27,92" oya="1" hai0="36,54,0,128,82,53,55,27,105,125,11,23,71" hai1="114,16,62,94,72,58,10,115,86,132,97,65,56" hai2="1,25,26,124,79,74,131,35,113,28,112,98,80" hai3="2,129,52,118,75,127,83,70,73,66,99,29,14"/><U109/><E72/><V61/><F1/><W7/><G2/><T133/><D105/><U95/><E132/><V30/><F124/><W122/><G122/><T81/><D36/><U24/><E109/><V60/><F98/><W126/><G129/><T6/><D71/><U88/><E58/><V50/><F50/><W45/><G29/><T31/><D128/><U43/><E43/><V22/><F131/><W67/><G99/><T78/><D125/><N who="3" m="47625" /><G118/><T87/><REACH who="0" step="1"/><D82/><REACH who="0" ten="272,599,27,92" step="2"/><U108/><E108/><V59/><F59/><W37/><G83/><T103/><D103/><U69/><E69/><V76/><REACH who="2" step="1"/><F79/><REACH who="2" ten="272,599,17,92" step="2"/><W44/><G70/><T89/><D89/><U13/><E88/><V15/><F15/><W77/><G77/><T101/><D101/><U111/><E13/><V4/><F4/><W85/><G14/><T100/><D100/><U91/><E91/><V42/><F42/><W135/><G7/><T104/><D104/><U40/><E40/><V33/><F33/><W51/><G37/><T19/><D19/><U134/><E16/><V102/><F102/><W8/><G135/><AGARI ba="0,2" hai="0,6,11,23,27,31,53,54,55,78,81,87,133,135" machi="135" ten="40,1300,0" yaku="1,1,53,0" doraHai="57" doraHaiUra="64" who="0" fromWho="3" sc="272,33,599,0,17,0,92,-13" /><INIT seed="6,0,0,3,4,60" ten="305,599,17,79" oya="2" hai0="107,2,15,105,113,84,127,91,65,61,54,102,98" hai1="72,97,63,35,52,103,70,66,17,120,38,53,57" hai2="50,93,5,3,67,94,106,9,71,108,42,39,20" hai3="129,96,34,49,41,32,8,31,28,55,37,62,40"/><V80/><F108/><W25/><G129/><T83/><D2/><U121/><E72/><V29/><F106/><W45/><G8/><T124/><D113/><U27/><E38/><V47/><F50/><W110/><G110/><T132/><D132/><U16/><E53/><V118/><F118/><W73/><G73/><T76/><D105/><N who="1" m="63727" /><E27/><V64/><F71/><W123/><G123/><N who="1" m="47178" /><E35/><V46/><F47/><W126/><G126/><T58/><D15/><U122/><E122/><V13/><F80/><W33/><G96/><T79/><REACH who="0" step="1"/><D54/><REACH who="0" ten="295,599,17,79" step="2"/><U86/><E86/><V111/><F111/><W59/><G55/><T56/><D56/><U10/><E10/><V82/><F3/><W89/><G59/><T88/><D88/><U131/><E131/><V99/><F13/><W4/><G89/><T92/><D92/><U14/><E14/><N who="2" m="5423" /><F93/><W90/><G90/><T75/><D75/><U6/><E6/><V11/><F11/><W23/><G4/><T44/><D44/><U12/><E12/><V51/><F82/><W101/><G45/><T24/><D24/><U114/><E114/><V77/><F77/><AGARI ba="0,1" hai="58,61,65,76,77,79,83,84,91,98,102,107,124,127" machi="77" ten="40,2600,0" yaku="1,1,52,1,53,0" doraHai="60" doraHaiUra="115" who="0" fromWho="2" sc="295,36,599,0,17,-26,79,0" owari="331,13.1,599,69.9,-9,-50.9,79,-32.1" /></mjloggm>