<mjloggm ver="2.3"><GO type="169" lobby="0"/><UN n0="%E5%9C%A7%E5%80%92%E7%9A%84%E3%83%9D%E3%83%B3" n1="%E8%8B%B1%E5%9B%BD%E5%A3%B2%E5%8D%B4" n2="%E3%81%86%E3%81%91%E3%81%AA%E3%81%8C%E3%81%97%E3%81%BE%E3%81%9B%E3%82%93" n3="%E7%B1%B3%E3%81%BC%E3%81%86%E3%82%84%E3%81%8F%E3%82%93" dan="17,17,17,16" rate="2214.04,2216.13,2253.01,2179.90" sx="M,M,F,M"/><TAIKYOKU oya="0"/><INIT seed="0,0,0,0,3,40" ten="250,250,250,250" oya="0" hai0="70,102,44,18,5,11,6,74,3,31,134,49,98" hai1="76,12,25,29,19,119,17,97,10,35,90,33,116" hai2="13,39,92,66,58,127,26,105,71,124,107,118,46" hai3="51,43,83,68,128,34,47,130,85,73,108,23,50"/><T78/><D70/><U86/><E76/><V55/><F13/><W104/><G34/><T80/><D134/><U129/><E97/><V93/><F118/><W1/><G108/><T69/><D69/><U135/><E35/><V117/><F117/><W115/><G115/><T103/><D31/><U38/><E38/><V15/><F15/><W96/><G73/><T131/><D131/><N who="3" m="50217" /><G1/><T89/><D6/><U20/><E129/><V125/><F26/><W56/><G23/><T59/><D59/><U16/><E135/><V45/><F39/><N who="3" m="22015" /><G56/><T8/><D8/><U101/><E101/><V100/><F93/><W110/><G68/><T91/><D103/><U95/><REACH who="1" step="1"/><E33/><REACH who="1" ten="250,240,250,250" step="2"/><V27/><F105/><W84/><G110/><T32/><D32/><U133/><E133/><V61/><F107/><W121/><G121/><T14/><D102/><U63/><E63/><N who="2" m="36319" /><F27/><W30/><G96/><AGARI ba="0,1" hai="45,46,61,66,71,92,96,100,124,125,127" m="36319" machi="96" ten="30,3900,0" yaku="18,1,52,2" doraHai="40" who="2" fromWho="3" sc="250,0,240,0,250,49,250,-39" /><INIT seed="1,0,0,4,2,53" ten="250,240,299,211" oya="1" hai0="7,11,118,116,71,77,36,60,51,41,40,99,52" hai1="32,68,113,14,79,43,119,54,22,123,121,59,107" hai2="20,133,76,88,89,34,45,98,1,31,74,26,10" hai3="38,57,85,120,62,108,127,2,122,132,30,46,5"/><U115/><E68/><V21/><F133/><W84/><G132/><T109/><D109/><U16/><E107/><V83/><F45/><W102/><G108/><T114/><D114/><U106/><E106/><V63/><F63/><W86/><G102/><T82/><D99/><U101/><E119/><V96/><F96/><W44/><G127/><T110/><D110/><U130/><E101/><V33/><F21/><W134/><G134/><T3/><D60/><U49/><E32/><V81/><F98/><W129/><G129/><T23/><D71/><U15/><E130/><V50/><F50/><W125/><G30/><T24/><D40/><U90/><E79/><V13/><F83/><W27/><G27/><T9/><D9/><U58/><E43/><V97/><F97/><W124/><G5/><T6/><D6/><U18/><E90/><V128/><F128/><W64/><G2/><T65/><D65/><U0/><E0/><V19/><F34/><W28/><G28/><T112/><D112/><U78/><E78/><V95/><F95/><W75/><G75/><T29/><D41/><U73/><E73/><V61/><F61/><W104/><G104/><T39/><D39/><U100/><E100/><V105/><F105/><W8/><G8/><T42/><D42/><U91/><E91/><V92/><F92/><W17/><G38/><T93/><D93/><U48/><E22/><V67/><F67/><W131/><G131/><T55/><D36/><U126/><E54/><N who="0" m="20521" /><D51/><U69/><E126/><N who="3" m="48746" /><G17/><T66/><D66/><U25/><E69/><V135/><F135/><W103/><G103/><RYUUKYOKU ba="0,0" sc="250,0,240,0,299,0,211,0" hai0="3,7,11,23,24,29,77,82,116,118" hai1="14,15,16,18,25,48,49,58,59,113,115,121,123" hai2="1,10,13,19,20,26,31,33,74,76,81,88,89" hai3="44,46,57,62,64,84,85,86,120,122" /><INIT seed="1,1,0,5,5,18" ten="250,240,299,211" oya="1" hai0="105,123,35,115,116,75,90,109,87,91,110,43,58" hai1="102,65,34,70,55,30,26,126,25,134,60,45,57" hai2="9,46,117,85,80,51,13,88,107,41,16,17,14" hai3="49,40,114,62,32,73,108,129,118,63,76,64,2"/><U61/><E126/><V79/><F117/><W42/><G114/><T15/><D35/><U33/><E134/><V100/><F107/><W74/><G2/><T130/><D43/><U12/><E12/><V98/><F98/><W96/><G32/><T8/><D116/><U68/><E45/><V71/><F71/><W4/><G4/><T44/><D115/><U48/><E102/><V3/><F100/><W7/><G7/><T93/><D75/><U56/><E48/><V89/><REACH who="2" step="1"/><F3/><REACH who="2" ten="250,240,289,211" step="2"/><W6/><G96/><T92/><D105/><U21/><REACH who="1" step="1"/><E34/><REACH who="1" ten="250,230,289,211" step="2"/><V27/><F27/><W135/><G118/><T83/><D15/><U77/><E77/><V97/><F97/><W101/><G76/><T112/><D112/><U125/><E125/><V106/><F106/><W0/><G101/><T72/><D123/><U82/><E82/><V53/><F53/><W121/><G121/><T94/><D83/><U122/><E122/><V120/><F120/><W29/><G0/><T10/><D93/><U86/><E86/><V52/><F52/><W69/><G74/><T31/><D72/><U47/><E47/><V67/><F67/><W103/><G64/><T23/><D44/><U104/><E104/><V124/><F124/><W38/><G103/><T95/><D95/><U22/><E22/><AGARI ba="1,2" hai="9,13,14,16,17,22,41,46,51,79,80,85,88,89" machi="22" ten="30,12000,2" yaku="1,1,7,1,8,1,52,1,54,2,53,0" doraHai="18" doraHaiUra="128" who="2" fromWho="1" sc="250,0,230,-123,289,143,211,0" /><INIT seed="2,0,0,1,5,42" ten="250,107,432,211" oya="2" hai0="75,96,113,11,76,25,116,61,103,52,79,57,72" hai1="43,102,92,54,38,53,47,106,64,50,105,22,19" hai2="125,46,117,120,29,12,134,81,84,7,77,9,62" hai3="55,88,99,93,126,66,94,89,59,34,95,36,70"/><V27/><F120/><W41/><G34/><T44/><D113/><U5/><E5/><V80/><F117/><W63/><G126/><T15/><D116/><U115/><E115/><V135/><F125/><W4/><G4/><T51/><D25/><U1/><E1/><V74/><F62/><W128/><G128/><T49/><D49/><U129/><E129/><V26/><F26/><W14/><G14/><T123/><D123/><U45/><E64/><V111/><F111/><W132/><G132/><T83/><D75/><U101/><E54/><V21/><REACH who="2" step="1"/><F46/><REACH who="2" ten="250,107,422,211" step="2"/><N who="3" m="23847" /><G99/><T0/><D61/><U118/><E118/><V108/><F108/><W85/><G85/><T86/><D86/><U107/><REACH who="1" step="1"/><E92/><REACH who="1" ten="250,97,422,211" step="2"/><V119/><F119/><W8/><G95/><N who="0" m="58783" /><D72/><U71/><E71/><V33/><F33/><W20/><G70/><T100/><D83/><U87/><E87/><V68/><F68/><W121/><G94/><T6/><D79/><AGARI ba="0,2" hai="7,9,12,21,27,29,74,77,79,80,81,84,134,135" machi="79" ten="40,2000,0" yaku="1,1,53,0" doraHai="42" doraHaiUra="48" who="2" fromWho="0" sc="250,-20,97,0,422,40,211,0" /><INIT seed="2,1,0,0,4,65" ten="230,97,462,211" oya="2" hai0="5,46,98,41,28,71,92,93,100,73,16,96,85" hai1="58,86,42,48,119,52,17,122,113,36,14,76,27" hai2="18,47,124,114,104,80,64,128,30,4,77,135,8" hai3="125,13,95,91,0,115,103,120,110,54,35,78,37"/><V107/><F114/><W67/><G0/><T131/><D73/><U109/><E113/><V2/><F128/><W82/><G120/><T33/><D85/><U9/><E119/><V133/><F18/><W134/><G35/><T24/><D131/><U97/><E109/><V123/><F123/><W74/><G37/><T32/><D5/><U29/><E122/><V51/><F124/><W83/><G54/><T90/><D33/><U40/><E36/><V94/><F94/><W59/><G59/><T68/><REACH who="0" step="1"/><D16/><REACH who="0" ten="220,97,462,211" step="2"/><U1/><E1/><V6/><F6/><W130/><G74/><T22/><D22/><U38/><E38/><AGARI ba="1,1" hai="24,28,32,38,41,46,68,71,90,92,93,96,98,100" machi="38" ten="30,7700,0" yaku="1,1,7,1,52,2,53,0" doraHai="65" doraHaiUra="79" who="0" fromWho="1" sc="220,90,97,-80,462,0,211,0" /><INIT seed="3,0,0,0,3,37" ten="310,17,462,211" oya="3" hai0="62,9,75,119,42,117,31,15,22,27,113,11,5" hai1="134,10,61,35,17,95,21,73,96,4,123,51,65" hai2="107,80,66,44,84,82,71,104,109,102,53,52,124" hai3="72,121,3,25,64,40,70,89,110,120,81,16,60"/><W126/><G3/><T106/><D106/><U47/><E73/><V49/><F124/><W91/><G126/><T86/><D75/><U32/><E123/><V41/><F109/><W97/><G110/><T135/><D113/><U55/><E134/><V56/><F53/><W118/><G118/><T100/><D100/><U77/><E77/><V112/><F112/><W6/><G6/><T50/><D135/><U24/><E65/><V125/><F125/><W19/><G121/><T43/><D62/><U58/><E47/><V122/><F122/><W63/><G63/><T130/><D130/><U29/><E51/><V85/><F102/><W105/><G120/><T90/><D11/><U78/><E78/><V23/><F23/><W36/><G105/><T76/><D76/><U88/><REACH who="1" step="1"/><E29/><REACH who="1" ten="310,7,462,211" step="2"/><V59/><F71/><W131/><G72/><T14/><D119/><U111/><E111/><V39/><F66/><W33/><G70/><T132/><D117/><U103/><E103/><V45/><F45/><W74/><G74/><T26/><D132/><U46/><E46/><V20/><F59/><W48/><G48/><T108/><D50/><U7/><E7/><V8/><F56/><W128/><G64/><T116/><D108/><U13/><AGARI ba="0,1" hai="4,10,13,17,21,24,32,35,55,58,61,88,95,96" machi="13" ten="20,12000,2" yaku="1,1,0,1,7,1,25,2,54,1,53,1" doraHai="37" doraHaiUra="1" who="1" fromWho="1" sc="310,-30,7,130,462,-30,211,-60" /><INIT seed="4,0,0,5,1,126" ten="280,137,432,151" oya="0" hai0="15,88,66,104,38,121,36,29,79,112,51,17,71" hai1="110,125,24,84,46,5,19,80,98,76,109,48,117" hai2="83,67,8,81,62,128,23,39,96,45,25,9,7" hai3="54,3,41,64,18,134,14,78,85,101,111,56,77"/><T44/><D104/><U72/><E117/><V68/><F9/><W100/><G111/><T20/><D121/><U32/><E125/><V65/><F65/><W22/><G134/><T86/><D79/><N who="3" m="30217" /><G3/><T70/><D112/><U53/><E5/><V37/><F96/><W102/><G41/><T119/><D119/><U69/><E69/><V89/><F45/><W74/><G74/><T59/><D29/><U122/><E122/><V4/><F4/><W42/><G42/><T0/><D0/><U99/><E72/><V30/><F83/><W27/><G85/><T93/><D71/><U108/><REACH who="1" step="1"/><E19/><REACH who="1" ten="280,127,432,151" step="2"/><V43/><F7/><W47/><G64/><T135/><D135/><U35/><E35/><V1/><F67/><W114/><G114/><T10/><D70/><U107/><E107/><V75/><F75/><W61/><G47/><T33/><D33/><U127/><E127/><V130/><F68/><W26/><AGARI ba="0,1" hai="14,18,22,26,27,54,56,61,100,101,102" m="30217" machi="26" ten="30,1100,0" yaku="8,1" doraHai="126" who="3" fromWho="3" sc="280,-5,127,-3,432,-3,151,21" /><INIT seed="5,0,0,0,4,135" ten="275,124,429,172" oya="1" hai0="96,14,101,16,66,100,104,58,20,2,61,1,28" hai1="43,3,87,63,30,40,108,17,31,33,38,11,99" hai2="73,32,27,125,24,84,117,94,109,129,42,124,62" hai3="103,130,70,21,91,4,132,122,9,44,5,77,25"/><U47/><E108/><V12/><F109/><W23/><G122/><T119/><D119/><U13/><E43/><V8/><F117/><W6/><G70/><T88/><D101/><U89/><E33/><V98/><F73/><W74/><G132/><T49/><D28/><U76/><E76/><V90/><F129/><W133/><G133/><T65/><D65/><U10/><E99/><V56/><F42/><W48/><G130/><T36/><D36/><U22/><E63/><V71/><F71/><W39/><G103/><T75/><D75/><U41/><E40/><V120/><F120/><W118/><G39/><T110/><D110/><U15/><E3/><V107/><F107/><W112/><G112/><T60/><D60/><U113/><E113/><V72/><F72/><W18/><G23/><T26/><D49/><U68/><E68/><V57/><BYE who="1" /><F98/><W67/><G67/><T123/><D123/><U54/><E54/><V115/><F115/><W35/><G35/><T80/><REACH who="0" step="1"/><D26/><REACH who="0" ten="265,124,429,172" step="2"/><U51/><E51/><V102/><F102/><W106/><G25/><T64/><D64/><U85/><E85/><AGARI ba="0,1" hai="1,2,14,16,20,58,61,66,80,85,88,96,100,104" machi="85" ten="40,5200,0" yaku="1,1,54,2,53,0" doraHai="135" doraHaiUra="116" who="0" fromWho="1" sc="265,62,124,-52,429,0,172,0" /><UN n1="%E8%8B%B1%E5%9B%BD%E5%A3%B2%E5%8D%B4" /><INIT seed="6,0,0,3,4,96" ten="327,72,429,172" oya="2" hai0="128,60,4,81,125,31,65,63,44,127,121,124,46" hai1="29,50,3,87,82,30,15,18,77,123,66,32,102" hai2="113,39,132,100,109,64,17,70,47,99,41,42,135" hai3="83,55,86,57,23,129,115,74,21,12,112,80,118"/><V94/><F109/><W6/><G118/><T13/><D121/><U67/><E123/><V40/><F113/><N who="3" m="43595" /><G129/><T8/><D128/><U119/><E119/><V51/><F70/><W43/><G43/><T134/><D134/><U58/><E3/><V61/><F39/><W49/><G74/><T27/><D81/><N who="3" m="31305" /><G86/><T106/><D106/><U114/><E114/><V56/><REACH who="2" step="1"/><F17/><REACH who="2" ten="327,72,419,172" step="2"/><W11/><AGARI ba="0,1" hai="6,11,12,21,23,49,55,57" m="31305,43595" machi="11" ten="30,2000,0" yaku="15,1,11,1" doraHai="96" who="3" fromWho="3" sc="327,-5,72,-5,419,-10,172,30" /><INIT seed="7,0,0,0,3,24" ten="322,67,409,202" oya="3" hai0="37,84,10,50,2,5,90,77,56,98,6,113,8" hai1="99,9,66,16,44,109,110,96,83,117,81,78,82" hai2="114,7,107,68,4,39,103,128,108,42,111,54,15" hai3="74,132,130,86,26,31,30,72,53,27,47,65,80"/><W3/><G3/><T38/><D77/><U87/><E110/><V105/><F68/><W122/><G122/><T123/><D123/><U19/><E109/><V33/><F33/><W22/><G130/><T89/><D113/><U94/><E117/><V51/><F128/><W102/><G132/><T20/><D20/><U14/><E66/><V93/><F114/><W135/><G135/><T23/><D23/><U73/><E73/><V13/><F93/><W91/><G65/><T29/><D29/><U35/><E35/><V49/><F54/><W92/><G53/><T79/><D79/><U121/><E121/><V17/><F17/><W125/><G47/><T75/><D75/><U46/><E19/><V104/><F104/><W63/><G63/><T134/><D134/><U59/><E99/><V18/><F18/><W1/><G1/><T101/><D50/><U25/><E25/><V57/><F57/><W129/><G125/><T120/><D56/><U12/><E12/><V100/><F39/><W48/><G48/><T124/><D124/><U32/><E32/><V119/><F42/><W0/><G0/><T126/><D126/><U11/><E11/><V116/><AGARI ba="0,0" hai="4,7,13,15,49,51,100,103,105,107,108,111,116,119" machi="116" ten="25,3200,0" yaku="0,1,22,2" doraHai="24" who="2" fromWho="2" sc="322,-8,67,-8,409,32,202,-16" owari="314,11.4,59,-44.1,441,54.1,186,-21.4" /></mjloggm>