<mjloggm ver="2.3"><GO type="169" lobby="0"/><UN n0="%E3%81%82%E3%81%95%E3%81%B4%E3%82%93%EF%BC%A0%EF%BD%8D%EF%BD%8A" n1="%41%4C%50%45%52%49%4E" n2="%E6%98%8E%E6%98%9F%E5%B8%82%E6%B0%91" n3="%E3%81%82%E3%81%8B%E3%82%8A%E3%82%8D%E3%82%93" dan="18,17,16,16" rate="2317.27,2199.85,2142.39,2166.74" sx="M,M,M,F"/><TAIKYOKU oya="0"/><INIT seed="0,0,0,3,3,71" ten="250,250,250,250" oya="0" hai0="118,126,76,27,85,106,120,100,15,113,104,29,78" hai1="82,20,36,93,0,98,122,115,41,79,130,2,33" hai2="49,134,43,77,101,73,92,48,21,30,38,86,108" hai3="12,94,80,74,11,133,9,129,91,111,135,6,97"/><T28/><D113/><U84/><E122/><V58/><F108/><W131/><G111/><T95/><D120/><U37/><E33/><V114/><F114/><W116/><G116/><T56/><D118/><U121/><E121/><V54/><F134/><N who="3" m="51211" /><G11/><T69/><D69/><U81/><E115/><V10/><F10/><W39/><G39/><T23/><D126/><U4/><E130/><N who="3" m="49674" /><G80/><T90/><D29/><U127/><E127/><V103/><F38/><W34/><G34/><T65/><D104/><U26/><E81/><V42/><F73/><AGARI ba="0,0" hai="6,9,12,73,74,91,94,97" m="49674,51211" machi="73" ten="30,2000,0" yaku="20,1,19,1" doraHai="71" who="3" fromWho="2" sc="250,0,250,0,250,-20,250,20" /><INIT seed="1,0,0,5,1,74" ten="250,250,230,270" oya="1" hai0="112,11,29,26,125,87,56,105,119,104,20,93,38" hai1="42,40,55,126,111,3,118,96,67,98,12,83,25" hai2="44,30,82,8,103,85,34,13,51,102,41,45,57" hai3="63,127,22,131,19,7,65,53,2,95,81,86,108"/><U115/><E115/><V21/><F34/><W94/><G108/><T24/><D112/><U70/><E3/><V49/><F57/><W72/><G131/><T132/><D119/><U120/><E120/><V97/><F30/><W59/><G127/><T35/><D38/><U128/><E118/><V33/><F21/><W37/><G37/><T110/><D110/><U114/><E114/><V80/><F33/><W47/><G72/><T64/><D125/><U46/><E111/><V69/><F69/><W92/><G2/><T121/><D11/><U79/><E126/><V73/><F73/><W31/><G31/><T32/><D132/><U71/><E128/><V129/><F129/><W23/><G7/><T0/><D0/><U60/><E71/><V100/><F97/><W52/><G47/><T84/><D121/><U27/><E12/><V117/><F117/><W124/><G23/><T113/><D113/><U88/><E55/><V90/><F80/><W130/><G124/><T89/><D87/><U133/><E133/><V10/><REACH who="2" step="1"/><F13/><REACH who="2" ten="250,250,220,270" step="2"/><N who="3" m="9583" /><G130/><T99/><D99/><U15/><E98/><V68/><F68/><W43/><G43/><AGARI ba="0,1" hai="8,10,41,43,44,45,49,51,82,85,90,100,102,103" machi="43" ten="40,8000,1" yaku="1,1,9,1,8,1,53,1" doraHai="74" doraHaiUra="77" who="2" fromWho="3" sc="250,0,250,0,220,90,270,-80" /><INIT seed="2,0,0,4,5,5" ten="250,250,310,190" oya="2" hai0="126,34,67,75,74,72,50,84,7,109,9,101,104" hai1="49,46,97,100,24,112,42,69,6,58,20,37,81" hai2="99,16,87,51,10,28,12,88,33,64,60,54,17" hai3="107,19,52,38,94,43,131,73,1,27,120,55,116"/><V32/><F32/><W29/><G107/><T30/><D109/><U65/><E112/><V40/><F33/><W122/><G1/><T35/><D126/><U132/><E132/><V86/><F28/><W113/><G116/><T114/><D114/><U106/><E6/><V129/><F40/><W92/><G113/><T123/><D123/><U39/><E81/><V47/><F129/><W14/><G73/><T85/><D67/><U80/><E80/><N who="2" m="49223" /><F87/><W2/><G2/><T70/><D70/><U23/><E24/><V134/><F134/><W66/><G66/><T119/><D119/><U128/><E128/><V102/><F17/><W63/><G131/><T3/><D30/><U95/><E106/><V13/><F13/><W83/><G120/><T31/><D31/><U89/><E100/><V98/><F102/><W105/><G105/><T8/><D35/><U124/><E124/><V21/><F21/><N who="3" m="15599" /><G43/><T125/><D34/><U25/><E25/><V130/><F130/><W15/><G38/><T90/><D125/><U117/><E117/><V56/><AGARI ba="0,0" hai="10,12,16,47,51,54,56,60,64,98,99" m="49223" machi="56" ten="30,12000,1" yaku="25,1,8,1,52,1,54,2" doraHai="5" who="2" fromWho="2" sc="250,-40,250,-40,310,120,190,-40" /><INIT seed="2,1,0,4,1,110" ten="210,210,430,150" oya="2" hai0="40,38,104,49,92,67,97,22,2,7,26,101,64" hai1="63,91,108,21,87,62,27,102,46,109,53,35,94" hai2="66,8,11,19,17,12,68,100,127,90,56,96,76" hai3="106,115,82,119,74,34,125,33,129,51,30,24,28"/><V128/><F128/><W112/><G119/><T95/><D38/><U71/><E35/><V69/><F127/><W103/><G125/><T55/><D40/><U79/><E102/><V48/><F76/><N who="3" m="44311" /><G129/><T20/><D2/><U50/><E79/><V6/><F90/><W80/><G80/><T111/><D111/><N who="1" m="42571" /><E71/><V42/><F66/><W75/><G75/><T122/><D122/><U118/><E118/><V36/><F36/><W47/><G51/><T31/><BYE who="1" /><D7/><U116/><E116/><V25/><F69/><W83/><G83/><UN n1="%41%4C%50%45%52%49%4E" /><T121/><D121/><U41/><E41/><V85/><F68/><W117/><G47/><T4/><D4/><U14/><E14/><V135/><F85/><W73/><G73/><T131/><D131/><U13/><E13/><V0/><F135/><W15/><G15/><T124/><D124/><U123/><E123/><V3/><F25/><N who="3" m="18575" /><G117/><T120/><D120/><U57/><E46/><V78/><F78/><W81/><G81/><T16/><D67/><U5/><E5/><V54/><F42/><W44/><G44/><T60/><D64/><U65/><E65/><V37/><F37/><W45/><G45/><N who="0" m="28079" /><D60/><U93/><E93/><V58/><F58/><W105/><G103/><T72/><D72/><U18/><AGARI ba="1,0" hai="18,21,27,50,53,57,62,63,87,91,94" m="42571" machi="18" ten="30,1100,0" yaku="14,1" doraHai="110" who="1" fromWho="1" sc="210,-4,210,14,430,-6,150,-4" /><INIT seed="3,0,0,2,3,89" ten="206,224,424,146" oya="3" hai0="14,46,105,23,15,92,34,9,54,65,128,108,115" hai1="5,52,83,120,51,7,4,79,6,26,88,97,119" hai2="77,80,82,27,113,135,106,31,109,68,70,18,96" hai3="58,118,44,78,24,28,74,64,2,50,0,71,94"/><W127/><G118/><T45/><D105/><U39/><E120/><V129/><F113/><W67/><G127/><T62/><D34/><U124/><E119/><V93/><F106/><W48/><G71/><T126/><D126/><U56/><E124/><V85/><F129/><W76/><G0/><T103/><D108/><U91/><E39/><V66/><F135/><W73/><G2/><T16/><D128/><U41/><N who="1" m="1024" /><DORA hai="104" /><U25/><E41/><V117/><F18/><W123/><G123/><T12/><D115/><U63/><E63/><V133/><F133/><W112/><G112/><T43/><D54/><U81/><E91/><V33/><F117/><W116/><G116/><T55/><D55/><U35/><E35/><V30/><F30/><W134/><G134/><T38/><D45/><U22/><E22/><V60/><F109/><W100/><G58/><T72/><D72/><U75/><REACH who="1" step="1"/><E97/><REACH who="1" ten="206,214,424,146" step="2"/><V1/><F1/><W95/><G100/><T8/><D8/><U42/><E42/><V132/><F132/><W99/><G99/><T84/><D9/><U13/><E13/><V102/><F70/><W17/><G24/><T125/><D125/><U49/><E49/><V10/><F10/><W122/><G122/><T130/><D130/><U114/><E114/><V59/><F68/><W101/><G101/><T90/><REACH who="0" step="1"/><D103/><REACH who="0" ten="196,214,424,146" step="2"/><U69/><E69/><AGARI ba="0,2" hai="12,14,15,16,23,38,43,46,62,65,69,84,90,92" machi="69" ten="30,12000,2" yaku="1,1,2,1,7,1,52,1,54,1,53,1" doraHai="89,104" doraHaiUra="87,53" who="0" fromWho="1" sc="196,140,214,-120,424,0,146,0" /><INIT seed="4,0,0,2,2,129" ten="336,94,424,146" oya="0" hai0="42,106,117,107,4,74,134,98,85,37,62,112,78" hai1="120,61,132,115,51,25,21,105,23,8,127,128,114" hai2="86,121,73,0,64,9,1,13,7,45,53,63,57" hai3="125,29,84,59,5,104,14,72,122,40,58,67,94"/><T56/><D112/><N who="1" m="43051" /><E120/><V54/><F73/><W41/><G125/><T133/><D117/><U6/><E105/><V47/><F121/><W26/><G104/><T49/><D37/><U17/><E61/><V27/><F27/><W36/><G72/><T55/><D74/><U88/><E51/><V92/><F0/><W33/><G122/><T32/><D32/><U81/><E127/><V101/><F1/><W108/><G108/><T38/><D38/><U100/><E100/><V43/><F86/><W71/><G71/><T30/><D30/><U93/><E128/><V89/><F101/><W34/><G34/><T2/><D42/><U130/><E130/><V113/><F113/><W110/><G110/><T48/><D48/><U70/><E70/><V124/><F124/><W50/><G36/><T102/><D106/><U10/><E81/><V44/><F43/><W131/><G131/><T66/><D78/><U39/><E39/><V95/><F89/><N who="3" m="53543" /><G50/><T80/><D80/><U15/><E132/><N who="0" m="50793" /><D85/><N who="1" m="52367" /><E25/><V28/><F28/><W103/><G26/><T19/><D49/><U18/><E18/><V22/><F95/><W90/><G29/><T83/><D83/><U118/><E118/><V20/><F92/><W31/><G31/><T11/><D19/><U68/><E68/><V46/><F46/><W3/><G40/><T135/><N who="0" m="50801" /><T69/><DORA hai="16" /><D69/><U79/><E79/><V82/><F82/><W75/><G41/><T12/><D66/><U123/><E123/><V91/><F91/><W77/><G90/><T87/><D87/><U111/><E111/><V119/><F119/><RYUUKYOKU ba="0,0" sc="336,10,94,10,424,10,146,-30" hai0="2,4,11,12,55,56,62,98,102,107" hai1="6,8,10,15,17,21,23" hai2="7,9,13,20,22,44,45,47,53,54,57,63,64" /><INIT seed="4,1,0,2,4,28" ten="346,104,434,116" oya="0" hai0="3,85,111,102,133,69,123,14,132,127,115,21,112" hai1="100,71,72,40,1,64,91,22,89,95,15,48,35" hai2="79,86,73,116,46,37,124,66,24,7,47,33,52" hai3="113,130,51,63,70,135,54,26,2,82,106,131,108"/><T125/><D69/><U4/><E72/><V77/><F116/><W104/><G108/><T93/><D3/><U114/><E1/><V99/><F124/><N who="0" m="47690" /><D21/><U27/><E114/><N who="0" m="43561" /><D14/><U96/><E71/><V43/><F73/><W118/><G118/><T56/><D56/><U92/><E64/><V87/><F66/><W5/><G135/><N who="0" m="51787" /><D123/><U122/><E122/><V76/><F7/><W59/><G5/><T53/><D53/><U84/><E100/><V90/><F52/><W105/><G2/><T62/><D62/><U65/><E65/><V17/><F17/><W34/><G113/><T58/><D58/><U13/><E4/><V94/><F47/><W10/><G70/><T107/><D111/><U41/><E22/><V74/><F46/><W55/><G55/><T45/><D45/><U126/><E126/><V18/><F18/><W20/><G63/><T61/><D61/><U60/><E60/><V117/><F43/><W81/><G20/><T39/><D39/><U97/><E41/><V12/><F37/><W78/><G59/><T68/><D68/><U128/><E40/><V49/><F12/><W16/><G54/><T109/><D109/><U25/><E15/><V32/><F24/><W42/><G26/><T98/><D85/><U30/><E13/><V57/><F87/><W38/><G38/><T101/><D101/><U23/><E84/><V120/><F86/><W36/><G36/><T119/><D119/><U31/><E48/><V83/><F117/><W134/><G134/><T29/><D29/><U50/><E50/><V129/><F49/><W8/><G51/><RYUUKYOKU ba="1,0" sc="346,15,104,15,434,-15,116,-15" hai0="93,98,102,107" hai1="23,25,27,30,31,35,89,91,92,95,96,97,128" /><INIT seed="4,2,0,0,0,32" ten="361,119,419,101" oya="0" hai0="88,12,4,105,55,50,75,41,15,94,43,130,56" hai1="63,118,116,24,14,109,86,13,106,98,79,28,77" hai2="82,115,8,122,34,92,104,2,20,80,72,67,135" hai3="25,30,23,5,46,18,31,128,83,27,16,114,107"/><T91/><D105/><U51/><E109/><V84/><F104/><W57/><G107/><T40/><D75/><U71/><E51/><V95/><F34/><W53/><G114/><T54/><D130/><U108/><E108/><V89/><F135/><W42/><G128/><T127/><D127/><U61/><E98/><V11/><F122/><W59/><G5/><T123/><D123/><U1/><E106/><V64/><F20/><W21/><G83/><T17/><D4/><U19/><E86/><V37/><F37/><W52/><G46/><T112/><D112/><U58/><E71/><V81/><F115/><W132/><G42/><T120/><D120/><U99/><E99/><V133/><F133/><AGARI ba="2,0" hai="16,18,21,23,25,27,30,31,52,53,57,59,132,133" machi="133" ten="25,6400,0" yaku="22,2,54,2" doraHai="32" who="3" fromWho="2" sc="361,0,119,0,419,-70,101,70" /><INIT seed="5,0,0,1,2,14" ten="361,119,349,171" oya="1" hai0="89,44,22,122,82,95,93,134,115,12,79,105,131" hai1="72,4,112,26,63,97,7,8,108,130,1,127,78" hai2="34,96,111,27,64,37,88,53,46,110,49,84,100" hai3="55,128,45,25,114,129,73,94,102,85,67,123,103"/><U71/><E112/><V57/><F34/><W76/><G123/><T16/><D105/><U92/><E127/><V121/><F121/><W116/><G114/><T62/><D115/><U18/><E130/><N who="3" m="50282" /><G116/><T75/><D131/><U90/><E108/><V61/><F37/><W42/><G67/><T30/><D122/><U51/><E7/><V54/><F27/><W80/><G55/><T10/><D134/><U60/><E71/><V52/><F110/><W40/><G25/><T109/><D109/><U33/><E51/><V118/><F118/><W81/><G94/><T11/><D30/><U29/><E72/><V50/><F111/><W5/><G5/><T39/><D62/><U68/><E78/><V38/><F38/><N who="3" m="21655" /><G42/><T98/><D39/><U23/><REACH who="1" step="1"/><E68/><REACH who="1" ten="361,109,349,171" step="2"/><V48/><F48/><W104/><G104/><T124/><D124/><U32/><E32/><V56/><F49/><W107/><G107/><T133/><D133/><U43/><E43/><V21/><F57/><W65/><G65/><T69/><D69/><U59/><E59/><V35/><F35/><W2/><G2/><T13/><D44/><U74/><E74/><V113/><F113/><W132/><G132/><T91/><REACH who="0" step="1"/><D13/><AGARI ba="0,1" hai="1,4,8,13,18,23,26,29,33,60,63,90,92,97" machi="13" ten="30,18000,2" yaku="1,1,7,1,24,2,52,1,53,1" doraHai="14" doraHaiUra="9" who="1" fromWho="0" sc="361,-180,109,190,349,0,171,0" /><INIT seed="5,1,0,1,3,39" ten="181,299,349,171" oya="1" hai0="27,32,31,46,13,36,35,117,119,79,111,82,70" hai1="61,41,64,14,109,54,88,57,128,107,19,48,87" hai2="52,12,37,43,113,134,28,60,7,104,90,78,55" hai3="72,75,67,20,17,15,116,5,18,85,42,71,58"/><U95/><E128/><V50/><F104/><W112/><G71/><T63/><D111/><U66/><E109/><V131/><F131/><W132/><G112/><T3/><D32/><U23/><E107/><V51/><F37/><W26/><G116/><T92/><D3/><U11/><E11/><N who="2" m="4223" /><F43/><W25/><G5/><T125/><D125/><U62/><E41/><V102/><F134/><W4/><G132/><T1/><D1/><U45/><REACH who="1" step="1"/><E45/><REACH who="1" ten="181,289,349,171" step="2"/><V2/><F113/><W38/><G42/><T34/><D46/><U120/><E120/><V89/><F2/><W91/><G38/><T97/><D36/><U99/><E99/><V21/><F102/><W8/><G8/><T80/><D97/><U93/><E93/><V123/><F123/><W16/><G4/><T124/><D92/><U122/><E122/><V76/><F90/><W49/><G91/><T98/><D98/><U9/><E9/><V84/><F89/><W83/><G83/><T103/><D103/><U53/><E53/><V47/><F55/><W127/><G67/><AGARI ba="1,1" hai="14,19,23,48,54,57,61,62,64,66,67,87,88,95" machi="67" ten="40,12000,1" yaku="1,1,25,2,8,1,54,1,53,0" doraHai="39" doraHaiUra="108" who="1" fromWho="3" sc="181,0,289,133,349,0,171,-123" /><INIT seed="5,2,0,4,4,39" ten="181,422,349,48" oya="1" hai0="111,21,109,32,87,14,75,110,92,121,135,85,128" hai1="125,28,29,22,117,27,104,31,59,57,8,83,118" hai2="89,25,98,11,126,115,58,84,23,106,97,6,86" hai3="114,132,80,127,81,70,65,54,119,44,2,72,133"/><U55/><E104/><V64/><F126/><W13/><G2/><T88/><D32/><U76/><E125/><V116/><F116/><W120/><G127/><T24/><D75/><U36/><E36/><V77/><F115/><W5/><G120/><T19/><D121/><U124/><E124/><V37/><F37/><W12/><G114/><T131/><D135/><N who="3" m="51785" /><G119/><T46/><D46/><U53/><E8/><V34/><F34/><W60/><G5/><T113/><D113/><U96/><E96/><V105/><F77/><N who="3" m="44071" /><G81/><T35/><D87/><N who="1" m="48615" /><E118/><V123/><F123/><W3/><G3/><T61/><D61/><N who="1" m="36015" /><E117/><V30/><F106/><W67/><G67/><T71/><D71/><U20/><E27/><V10/><F105/><W99/><G99/><N who="2" m="37897" /><F6/><W38/><G38/><T41/><D35/><U73/><E73/><V17/><F86/><W56/><G44/><T69/><D69/><U62/><AGARI ba="2,0" hai="20,22,28,29,31,55,59,62" m="36015,48615" machi="62" ten="30,1500,0" yaku="8,1" doraHai="39" who="1" fromWho="1" sc="181,-7,422,21,349,-7,48,-7" /><INIT seed="5,3,0,2,3,72" ten="174,443,342,41" oya="1" hai0="73,74,91,55,40,31,49,66,50,69,121,82,90" hai1="35,83,114,42,30,36,106,11,76,17,14,13,79" hai2="56,25,57,2,135,119,92,65,61,28,64,128,86" hai3="94,107,102,71,115,52,116,18,6,38,1,88,70"/><U26/><E106/><V16/><F119/><W99/><G38/><T95/><D121/><U134/><E114/><V80/><F128/><W118/><G115/><T54/><D40/><U34/><E134/><V63/><F2/><W33/><G33/><T84/><D31/><U51/><E36/><V100/><F135/><W47/><G18/><T60/><D50/><U126/><E126/><V98/><F16/><W133/><G133/><T23/><D55/><U96/><E35/><V43/><F43/><W9/><G70/><T101/><D101/><U8/><E96/><V78/><F28/><W10/><G10/><T24/><D24/><AGARI ba="3,0" hai="24,25,56,57,61,63,64,65,78,80,86,92,98,100" machi="24" ten="40,5200,0" yaku="9,1,8,1,52,1" doraHai="72" who="2" fromWho="0" sc="174,-61,443,0,342,61,41,0" /><INIT seed="6,0,0,3,3,75" ten="113,443,403,41" oya="2" hai0="115,44,95,29,99,112,102,33,77,125,106,132,124" hai1="10,37,59,57,45,121,117,61,98,110,35,68,122" hai2="34,39,38,74,133,21,9,78,72,49,14,27,4" hai3="26,94,113,67,71,134,60,82,64,6,18,51,40"/><V56/><F133/><W54/><G134/><T7/><D132/><U104/><E35/><V128/><F34/><W73/><G6/><T81/><D7/><U93/><E104/><V111/><F128/><W120/><G120/><N who="1" m="46186" /><E117/><V46/><F111/><W11/><G67/><T22/><D44/><U30/><E110/><V90/><F90/><W2/><G40/><T16/><D29/><U5/><E30/><V15/><F56/><W127/><G127/><N who="0" m="48715" /><D106/><U119/><E119/><V12/><F74/><W80/><G113/><T135/><D33/><U25/><E25/><V58/><F58/><W17/><G2/><T70/><D70/><U8/><E68/><V23/><F23/><W129/><G129/><T3/><D3/><N who="1" m="63" /><E10/><V107/><F107/><W62/><G11/><T79/><D135/><U85/><E85/><V53/><F4/><W100/><G73/><N who="0" m="43183" /><D79/><U1/><E1/><V52/><F9/><W55/><G71/><T20/><D20/><U86/><E61/><V88/><F53/><W118/><G54/><T24/><AGARI ba="0,0" hai="16,22,24,95,99,102,112,115" m="43183,48715" machi="24" ten="30,4000,0" yaku="18,1,52,1,54,1" doraHai="75" who="0" fromWho="0" sc="113,40,443,-10,403,-20,41,-10" /><INIT seed="7,0,0,3,0,37" ten="153,433,383,31" oya="3" hai0="21,2,44,120,103,91,96,5,4,10,15,24,34" hai1="32,23,30,63,54,53,17,85,7,27,48,90,71" hai2="29,62,78,109,60,104,67,92,134,117,123,3,75" hai3="122,101,25,115,8,131,86,55,97,99,39,12,114"/><W79/><G122/><T102/><D120/><U19/><E7/><V20/><F109/><W133/><G131/><T107/><D34/><U64/><E32/><V69/><F104/><W118/><G118/><T40/><D102/><U36/><E36/><V33/><F3/><W6/><G133/><T56/><D56/><U38/><E38/><V121/><F134/><W130/><G130/><T28/><D91/><U135/><E135/><V72/><F117/><W0/><G39/><T106/><D106/><U52/><REACH who="1" step="1"/><E48/><REACH who="1" ten="153,423,383,31" step="2"/><V126/><F126/><W68/><G68/><T77/><D77/><U22/><E22/><V31/><F20/><W110/><G110/><T59/><D59/><U26/><E26/><V88/><F62/><W11/><G25/><T76/><D76/><U14/><E14/><V95/><F123/><W51/><G79/><T65/><D65/><U50/><E50/><V129/><F121/><W1/><G86/><T119/><D103/><U70/><E70/><V46/><F129/><W108/><G108/><T98/><D98/><N who="3" m="37385" /><G101/><T43/><D28/><U45/><E45/><V61/><F46/><N who="3" m="28151" /><G8/><N who="0" m="4495" /><D119/><U84/><E84/><N who="2" m="52231" /><F33/><W73/><G73/><N who="2" m="28233" /><F78/><W127/><G127/><T125/><D125/><U57/><E57/><V112/><F112/><AGARI ba="0,1" hai="0,1,6,11,12,112,114,115" m="28151,37385" machi="112" ten="30,1500,0" yaku="15,1" doraHai="37" who="3" fromWho="2" sc="153,0,423,0,383,-15,31,25" /><INIT seed="7,1,0,4,2,95" ten="153,423,368,56" oya="3" hai0="132,22,56,11,31,48,58,7,72,44,127,89,110" hai1="69,9,16,101,121,2,135,114,70,8,63,23,39" hai2="27,106,119,131,5,13,129,81,97,37,46,24,68" hai3="21,67,100,125,98,83,64,60,59,126,55,75,35"/><W130/><G35/><T18/><D110/><U4/><E121/><V93/><F119/><W123/><G123/><T113/><D72/><U107/><E39/><V74/><F106/><W82/><G130/><T47/><D31/><U112/><E135/><V134/><F68/><W50/><G21/><T79/><D79/><U42/><E42/><V20/><F134/><W120/><G120/><T91/><D127/><U108/><E108/><V10/><F131/><W30/><G30/><T99/><D113/><N who="1" m="43627" /><E9/><V41/><F129/><W52/><G75/><T115/><D58/><U14/><E63/><V45/><F45/><W29/><G29/><T71/><D91/><U88/><E88/><V62/><F62/><W32/><G32/><T49/><D18/><U77/><E77/><V6/><F74/><W65/><G125/><T102/><D102/><U25/><E2/><V85/><F5/><W87/><G87/><T17/><D56/><U96/><AGARI ba="1,0" hai="4,8,14,16,23,25,69,70,96,101,107" m="43627" machi="96" ten="30,4000,0" yaku="15,1,52,1,54,1" doraHai="95" who="1" fromWho="1" sc="153,-11,423,43,368,-11,56,-21" owari="142,-25.8,466,56.6,357,15.7,35,-46.5" /></mjloggm>