<mjloggm ver="2.3"><GO type="169" lobby="0"/><UN n0="%E6%9C%A8%E5%8E%9F%E8%B1%AA%E4%B8%80" n1="%68%61%73%68%69%30%30%31" n2="%E8%B4%88%E4%BA%BA%E8%A9%A9%E6%96%BC%E5%A4%A2" n3="%E3%82%86%E3%81%86%E3%82%86%E3%81%8D" dan="16,16,17,16" rate="2209.20,2080.89,2191.69,2205.03" sx="M,M,M,M"/><TAIKYOKU oya="0"/><INIT seed="0,0,0,5,4,125" ten="250,250,250,250" oya="0" hai0="64,105,31,91,25,97,122,66,48,10,34,45,100" hai1="3,12,133,5,52,50,111,21,22,17,79,120,132" hai2="103,19,96,69,90,95,15,116,39,6,28,20,56" hai3="128,112,14,135,46,134,8,76,85,36,73,115,49"/><T124/><D124/><U58/><E111/><V84/><F69/><W77/><G36/><T63/><D122/><U32/><E32/><V0/><F39/><W41/><G73/><T118/><D118/><U88/><E79/><V29/><F116/><W94/><G128/><T83/><D10/><U87/><E120/><V78/><F78/><N who="3" m="30315" /><G85/><T51/><D66/><U30/><E3/><V57/><F6/><N who="3" m="3351" /><G94/><T47/><D83/><U108/><E108/><V126/><F0/><W42/><G42/><T71/><REACH who="0" step="1"/><D91/><REACH who="0" ten="240,250,250,250" step="2"/><U37/><E5/><V40/><F126/><W110/><G110/><T16/><D16/><N who="1" m="10375" /><E30/><N who="2" m="11883" /><F40/><W62/><G41/><T93/><D93/><AGARI ba="0,1" hai="15,19,20,56,57,84,90,93,95,96,103" m="11883" machi="93" ten="30,1000,0" yaku="8,1" doraHai="125" who="2" fromWho="0" sc="240,-10,250,0,250,20,250,0" /><INIT seed="1,0,0,3,5,82" ten="230,250,270,250" oya="1" hai0="31,6,115,66,79,48,60,111,65,41,127,83,100" hai1="56,34,96,40,123,90,106,128,125,92,11,130,104" hai2="117,67,54,73,53,91,26,32,86,103,59,122,7" hai3="24,57,55,93,37,5,39,3,70,88,45,126,44"/><U105/><E34/><V17/><F73/><W89/><G70/><T15/><D115/><U99/><E40/><V58/><F117/><W9/><G126/><T69/><D66/><U98/><E11/><V133/><F122/><W2/><G2/><T132/><D111/><U28/><E28/><V109/><F109/><W124/><G124/><T120/><D127/><U29/><E29/><V14/><F133/><W49/><G24/><T36/><D36/><U76/><E56/><V63/><F103/><W4/><G4/><T20/><D100/><U71/><E71/><V23/><F59/><W108/><G108/><T121/><D132/><U95/><E125/><V43/><F43/><W62/><G89/><T78/><D78/><U110/><E110/><V80/><F32/><W84/><REACH who="3" step="1"/><G45/><REACH who="3" ten="230,250,270,240" step="2"/><N who="0" m="25647" /><D6/><U13/><E13/><V61/><F61/><W68/><G68/><T18/><D15/><U33/><E33/><V87/><F7/><W25/><G25/><T118/><D60/><U10/><E76/><N who="2" m="46343" /><F26/><W12/><G12/><T134/><D69/><U64/><E64/><AGARI ba="0,1" hai="3,5,9,37,39,44,49,55,57,62,64,84,88,93" machi="64" ten="30,7700,0" yaku="1,1,7,1,52,1,54,1,53,0" doraHai="82" doraHaiUra="116" who="3" fromWho="1" sc="230,0,250,-77,270,0,240,87" /><INIT seed="2,0,0,5,2,41" ten="230,173,270,327" oya="2" hai0="91,62,86,56,68,122,84,11,14,58,18,12,31" hai1="109,120,71,103,20,78,29,34,124,67,5,4,19" hai2="115,96,95,48,89,21,57,25,8,127,13,108,106" hai3="82,50,105,66,22,32,94,81,73,24,53,38,123"/><V113/><F106/><W75/><G105/><T17/><D122/><U65/><E71/><V6/><F127/><W90/><G32/><T98/><D31/><U121/><E78/><V99/><F108/><W93/><G38/><T36/><D36/><U23/><E103/><V39/><F39/><W16/><G123/><N who="1" m="47178" /><E65/><V9/><F9/><W37/><G37/><T42/><D42/><U59/><E59/><V33/><F33/><W45/><G66/><T129/><D129/><U134/><E67/><V28/><F113/><W30/><G94/><N who="0" m="56671" /><D68/><U110/><E134/><V112/><F115/><W47/><G30/><T128/><D128/><U51/><E51/><V35/><F35/><W111/><G111/><N who="1" m="42506" /><E124/><V80/><F112/><W15/><G75/><T125/><D125/><U114/><E114/><V76/><F96/><N who="3" m="57399" /><G73/><T100/><D100/><U87/><E87/><N who="0" m="33321" /><D62/><U97/><E97/><V3/><F48/><N who="3" m="28815" /><G24/><T26/><D26/><N who="1" m="16583" /><E34/><V72/><F57/><W88/><G88/><T40/><D40/><AGARI ba="0,0" hai="15,16,22,40,47,50,81,82" m="28815,57399" machi="40" ten="30,7700,0" yaku="8,1,52,2,54,1" doraHai="41" who="3" fromWho="0" sc="230,-77,173,0,270,0,327,77" /><INIT seed="3,0,0,3,2,46" ten="153,173,270,404" oya="3" hai0="39,115,96,98,26,58,80,71,64,45,65,129,100" hai1="86,75,93,104,21,127,2,4,20,24,59,12,31" hai2="48,18,126,53,123,74,134,95,120,11,30,78,66" hai3="88,107,13,38,68,61,41,109,16,49,14,43,82"/><W10/><G107/><T76/><D71/><U106/><E75/><V7/><F126/><W103/><G38/><T73/><D129/><U28/><E127/><V52/><F134/><W70/><G103/><T118/><D118/><U23/><E2/><V125/><F125/><W29/><G29/><T15/><D115/><U69/><E69/><V42/><F30/><W132/><G132/><T51/><D39/><U25/><E59/><V110/><F110/><W33/><G33/><T135/><D96/><U94/><E104/><V113/><F113/><W87/><G109/><T108/><D108/><U92/><E106/><V8/><F66/><W34/><G34/><T60/><D26/><U119/><E119/><V114/><F114/><W32/><G32/><T133/><D15/><U50/><E50/><V37/><F37/><W54/><G68/><T79/><D79/><U101/><E20/><V77/><F18/><N who="3" m="8503" /><G61/><T121/><D65/><U47/><E47/><N who="2" m="25719" /><F95/><W36/><G36/><T124/><D121/><N who="2" m="46666" /><F8/><N who="3" m="6215" /><G70/><T67/><D67/><U27/><E27/><V22/><F22/><W62/><G62/><T102/><D124/><U84/><E101/><V128/><F128/><W72/><G72/><T44/><D100/><U105/><REACH who="1" step="1"/><E105/><REACH who="1" ten="153,163,270,404" step="2"/><V5/><F74/><W0/><G0/><T111/><D111/><U112/><E112/><V6/><F11/><AGARI ba="0,1" hai="4,11,12,21,23,24,25,28,31,84,86,92,93,94" machi="11" ten="40,5200,0" yaku="1,1,9,1,8,1,53,0" doraHai="46" doraHaiUra="55" who="1" fromWho="2" sc="153,0,163,62,270,-52,404,0" /><INIT seed="4,0,0,1,4,72" ten="153,225,218,404" oya="0" hai0="46,90,47,41,131,108,74,117,28,14,33,68,7" hai1="29,23,115,50,10,82,18,20,109,70,21,27,37" hai2="2,105,85,118,35,64,78,52,125,111,104,11,1" hai3="66,63,13,130,132,12,60,0,32,22,5,107,89"/><T112/><D117/><U135/><E70/><V4/><F111/><W119/><G32/><T53/><D68/><U114/><E37/><V99/><F1/><W51/><G107/><T71/><D71/><U81/><E109/><V3/><F3/><W120/><G119/><T56/><D74/><U76/><E82/><V133/><F118/><W26/><G132/><T121/><D121/><U100/><E100/><V123/><F123/><W86/><G130/><T127/><D112/><N who="1" m="43051" /><E50/><V73/><F133/><W38/><G38/><T45/><D131/><U102/><E102/><V62/><F85/><W84/><G84/><T58/><D108/><U95/><E95/><V98/><F125/><W128/><G128/><T134/><D127/><U80/><E80/><N who="2" m="45135" /><F98/><W54/><G0/><T116/><D116/><U24/><E10/><V44/><F99/><W43/><G120/><T67/><D90/><U126/><E126/><V77/><F35/><W42/><G60/><T36/><D33/><N who="1" m="20647" /><E135/><V39/><F77/><W25/><G63/><T110/><D134/><U94/><E94/><V103/><F103/><W87/><G89/><T34/><D110/><U83/><E83/><V92/><F92/><W40/><G51/><T16/><D36/><U57/><E57/><N who="2" m="35111" /><F64/><W31/><G66/><T19/><D67/><U129/><E129/><V97/><F97/><W122/><G122/><T91/><D91/><U17/><E27/><V101/><F101/><W9/><G25/><N who="0" m="18703" /><D58/><U30/><E30/><V49/><F49/><W59/><G12/><T113/><D113/><U106/><E106/><N who="2" m="41067" /><F39/><W6/><G26/><RYUUKYOKU ba="0,0" sc="153,-15,225,15,218,15,404,-15" hai1="17,18,20,21,23,76,81" hai2="2,4,11,44" /><INIT seed="5,1,0,3,1,120" ten="138,240,233,389" oya="1" hai0="4,26,78,63,42,97,48,39,49,18,33,80,41" hai1="5,64,3,13,31,57,93,102,106,50,56,68,83" hai2="71,129,132,21,1,109,67,76,15,124,128,52,38" hai3="36,45,90,58,24,103,32,110,44,70,28,17,51"/><U60/><E106/><V79/><F1/><W0/><G70/><T130/><D130/><N who="2" m="50282" /><F38/><W126/><G36/><T72/><D4/><U88/><E3/><V55/><F124/><W108/><G0/><T37/><D37/><U69/><E102/><V111/><F132/><W59/><G103/><T77/><D77/><N who="2" m="29770" /><F15/><W94/><G126/><T65/><D97/><U100/><E100/><V112/><F112/><W6/><G6/><T62/><D62/><U75/><E75/><V19/><F67/><W101/><G101/><T105/><D105/><U117/><E83/><V29/><F71/><W40/><G17/><T8/><D8/><N who="1" m="4239" /><E68/><V118/><F118/><W95/><G44/><T127/><D18/><U119/><E69/><V30/><F19/><W16/><G16/><T123/><D127/><U134/><E134/><V122/><F122/><W133/><G95/><T54/><D123/><U74/><E74/><V9/><F9/><W91/><G133/><T20/><D39/><U27/><E119/><V2/><F2/><W131/><G131/><T115/><D72/><U22/><E117/><V87/><F87/><W85/><REACH who="3" step="1"/><G90/><REACH who="3" ten="138,240,233,379" step="2"/><T89/><D89/><U53/><E88/><V23/><F30/><W81/><G81/><T34/><D80/><U86/><E86/><V82/><F82/><W116/><G116/><T12/><D12/><U99/><E93/><V10/><F29/><W25/><G25/><T96/><D26/><U7/><E7/><V104/><F104/><W46/><G46/><T107/><D107/><U35/><E99/><V114/><F10/><W135/><G135/><RYUUKYOKU ba="1,1" sc="138,-15,240,15,233,-15,379,15" hai1="22,27,31,35,50,53,56,57,60,64" hai3="24,28,32,40,45,51,58,59,85,91,94,108,110" /><INIT seed="5,2,1,4,0,111" ten="123,255,218,394" oya="1" hai0="119,110,72,80,41,21,87,96,94,86,15,77,79" hai1="61,19,35,109,58,55,10,60,93,101,73,104,114" hai2="102,27,23,65,81,106,22,14,99,9,121,103,1" hai3="20,34,0,25,68,98,70,39,78,5,120,43,17"/><U11/><E73/><V47/><F1/><W117/><G120/><T44/><D110/><U84/><E104/><V69/><F121/><W126/><G98/><T95/><D119/><U51/><E35/><V26/><F102/><W90/><G90/><T88/><D72/><U131/><E131/><V3/><F3/><W52/><G52/><T32/><D32/><U100/><E109/><V82/><F47/><N who="3" m="24063" /><G126/><T127/><D127/><U105/><E105/><V37/><F37/><W46/><G46/><T122/><D122/><U89/><E114/><V57/><F69/><W132/><G132/><T113/><D113/><U76/><E76/><V63/><F23/><W18/><G18/><T64/><D64/><U8/><E19/><V2/><F2/><W28/><G78/><T135/><D135/><U40/><E40/><V30/><REACH who="2" step="1"/><F27/><REACH who="2" ten="123,255,208,394" step="2"/><W91/><G25/><T12/><D21/><U50/><E101/><V7/><AGARI ba="2,2" hai="7,9,14,22,26,30,57,63,65,81,82,99,103,106" machi="7" ten="20,5200,0" yaku="1,1,2,1,0,1,7,1,53,0" doraHai="111" doraHaiUra="107" who="2" fromWho="2" sc="123,-15,255,-28,208,78,394,-15" /><INIT seed="6,0,0,4,1,24" ten="108,227,286,379" oya="2" hai0="130,31,36,8,76,69,10,115,55,13,12,54,82" hai1="75,22,128,123,87,5,81,97,47,28,67,94,18" hai2="90,120,132,6,16,51,26,135,83,124,88,79,40" hai3="15,74,70,3,104,29,14,4,0,99,110,95,42"/><V72/><F120/><W2/><G70/><T127/><D69/><U63/><E75/><V129/><F6/><W100/><G74/><T1/><D36/><U73/><E73/><V101/><F101/><W109/><G95/><T89/><D115/><U118/><E128/><V38/><F38/><W62/><G14/><T56/><D127/><U49/><E5/><V7/><F7/><W91/><G91/><T85/><D130/><U64/><E118/><V65/><F65/><W112/><G15/><T33/><D54/><U45/><E45/><N who="2" m="26023" /><F124/><W68/><G4/><T86/><D1/><U93/><E63/><V98/><F98/><W125/><G125/><T17/><D33/><U21/><E123/><V134/><F129/><W58/><G42/><T30/><D13/><U107/><E107/><V117/><F117/><W119/><G119/><T25/><D25/><N who="1" m="16431" /><E97/><V121/><F121/><W11/><G112/><T111/><D111/><U35/><E35/><V106/><F106/><W126/><G126/><T84/><D8/><U102/><E102/><V20/><AGARI ba="0,0" hai="16,20,26,72,79,83,88,90,132,134,135" m="26023" machi="20" ten="40,7800,0" yaku="20,1,54,2" doraHai="24" who="2" fromWho="2" sc="108,-26,227,-26,286,78,379,-26" /><INIT seed="6,1,0,3,5,2" ten="82,201,364,353" oya="2" hai0="45,124,20,88,127,13,135,111,49,35,31,18,26" hai1="52,130,100,37,134,51,133,103,78,113,115,57,114" hai2="16,95,87,1,118,99,32,106,80,63,119,76,73" hai3="47,53,75,105,9,34,60,58,42,24,132,43,41"/><V29/><F1/><W104/><G75/><T89/><D111/><U28/><E78/><V98/><F29/><W27/><G34/><T74/><D74/><U69/><E69/><V112/><F32/><W22/><G132/><N who="1" m="50794" /><E28/><V83/><F63/><W97/><G24/><T96/><D135/><U8/><E37/><V81/><F16/><W70/><G70/><T92/><REACH who="0" step="1"/><D89/><REACH who="0" ten="72,201,364,353" step="2"/><U38/><E130/><V17/><F73/><W107/><G107/><T109/><D109/><U4/><E38/><V128/><F106/><W55/><G105/><T129/><D129/><U12/><AGARI ba="1,1" hai="4,8,12,51,52,57,100,103,113,114,115" m="50794" machi="12" ten="40,8000,1" yaku="15,1,20,1,52,1,54,1" doraHai="2" who="1" fromWho="1" sc="72,-21,201,93,364,-41,353,-21" /><INIT seed="7,0,0,5,2,123" ten="51,294,323,332" oya="3" hai0="37,17,77,117,21,80,110,33,46,74,128,28,43" hai1="86,76,75,18,12,63,20,101,51,69,32,3,126" hai2="6,125,34,118,30,82,92,1,9,25,116,68,0" hai3="103,87,15,47,52,58,13,107,2,72,44,23,50"/><W8/><G72/><T31/><D110/><U22/><E32/><V56/><F92/><W78/><G2/><T19/><D128/><U27/><E75/><V133/><F125/><W64/><G107/><T55/><D117/><N who="2" m="45162" /><F56/><W59/><G103/><T71/><D33/><U91/><E3/><N who="2" m="223" /><F82/><N who="3" m="47575" /><G23/><T60/><D21/><U106/><E126/><V129/><F133/><W89/><G89/><T114/><D28/><U83/><E106/><V35/><F129/><W113/><G113/><T57/><D31/><U95/><E101/><V112/><F112/><W127/><G127/><T121/><D121/><U53/><E69/><V135/><F135/><W73/><G73/><T119/><D119/><U36/><E36/><V81/><F81/><W16/><G15/><T66/><D114/><U97/><E63/><AGARI ba="0,0" hai="8,13,16,44,47,50,52,58,59,63,64" m="47575" machi="63" ten="30,5800,0" yaku="8,1,54,2" doraHai="123" who="3" fromWho="1" sc="51,0,294,-58,323,0,332,58" owari="51,-44.9,236,-16.4,323,12.3,390,49.0" /></mjloggm>