<mjloggm ver="2.3"><GO type="169" lobby="0"/><UN n0="%48%41%43%4F" n1="%E3%83%AD%E3%83%99%E3%83%AB%E3%82%BF%E3%81%95%E3%82%93%EF%BC%A0" n2="%E3%81%9F%E3%81%8B%E3%81%A3%E3%81%A6%E3%81%83%E3%83%BC" n3="%E3%81%8D%E3%81%B3%E3%81%A0%E3%82%93%E3%81%94%CE%B1" dan="16,16,16,17" rate="2071.05,2137.56,2189.52,2134.98" sx="M,F,F,M"/><TAIKYOKU oya="0"/><INIT seed="0,0,0,3,2,38" ten="250,250,250,250" oya="0" hai0="62,64,65,123,24,34,0,5,113,44,30,20,87" hai1="78,53,27,127,54,81,99,51,88,40,85,55,114" hai2="135,29,75,94,59,12,43,50,14,110,118,49,17" hai3="133,32,122,35,57,25,18,56,105,73,112,101,116"/><T66/><D113/><U61/><E127/><V115/><F115/><W1/><G112/><T90/><D123/><U128/><E128/><V71/><F71/><W47/><G116/><T41/><D34/><U129/><E129/><V42/><F75/><W132/><G73/><T100/><D0/><U69/><E114/><V68/><F68/><W11/><G122/><T109/><D5/><U80/><E27/><V8/><F118/><W76/><G76/><T107/><D107/><U108/><E108/><V124/><F110/><W89/><G89/><T92/><D100/><U103/><E69/><V102/><F124/><W9/><G47/><T45/><D109/><U83/><E61/><V86/><F29/><N who="3" m="19503" /><G35/><T72/><D45/><N who="1" m="26023" /><E78/><V121/><F121/><W106/><G18/><T77/><D77/><U15/><E15/><V120/><F120/><W39/><G39/><T70/><REACH who="0" step="1"/><D72/><REACH who="0" ten="240,250,250,250" step="2"/><U23/><E23/><V26/><F102/><W117/><G117/><T7/><D7/><U28/><E28/><V96/><F8/><N who="3" m="3147" /><G1/><T119/><D119/><U48/><E103/><V84/><F17/><W16/><G16/><T134/><D134/><N who="3" m="51817" /><G101/><T79/><D79/><N who="1" m="46239" /><E48/><AGARI ba="0,1" hai="20,24,30,41,44,48,62,64,65,66,70,87,90,92" machi="48" ten="30,5800,0" yaku="1,1,7,1,52,1,53,0" doraHai="38" doraHaiUra="74" who="0" fromWho="1" sc="240,68,250,-58,250,0,250,0" /><INIT seed="0,1,0,4,3,114" ten="308,192,250,250" oya="0" hai0="68,27,120,8,29,46,44,63,75,18,37,43,134" hai1="90,34,94,96,39,64,122,112,83,130,31,104,127" hai2="106,117,32,109,91,2,110,22,45,53,72,100,102" hai3="36,86,108,5,116,74,30,15,20,81,121,14,21"/><T0/><D120/><U84/><E130/><V50/><F32/><W69/><G36/><T70/><D134/><U123/><E39/><V113/><F113/><W48/><G69/><T89/><D46/><U41/><E41/><V6/><F72/><W17/><G74/><T88/><D75/><U78/><E64/><V131/><F131/><W98/><G121/><T79/><D79/><U25/><E127/><V129/><F129/><W87/><G108/><N who="2" m="41577" /><F106/><W51/><G98/><T35/><D68/><U61/><E61/><V80/><F117/><W42/><G116/><T57/><D70/><U77/><E77/><V126/><F126/><W76/><G86/><T101/><D101/><U7/><E112/><V95/><F80/><W132/><G132/><T115/><D115/><U99/><REACH who="1" step="1"/><E7/><REACH who="1" ten="308,182,250,250" step="2"/><V92/><F6/><W105/><G42/><T52/><REACH who="0" step="1"/><D0/><REACH who="0" ten="298,182,250,250" step="2"/><U19/><E19/><V133/><F2/><W71/><G17/><T119/><D119/><U1/><E1/><V58/><F133/><W67/><G71/><T33/><D33/><U38/><E38/><V93/><F102/><AGARI ba="1,2" hai="25,31,34,78,83,84,90,94,96,99,102,104,122,123" machi="102" ten="40,1300,0" yaku="1,1,53,0" doraHai="114" doraHaiUra="55" who="1" fromWho="2" sc="298,0,182,36,250,-16,250,0" /><INIT seed="1,0,0,1,0,85" ten="298,218,234,250" oya="1" hai0="135,110,79,2,115,95,23,97,0,40,49,74,100" hai1="48,6,27,47,117,44,70,10,36,28,134,46,112" hai2="55,90,68,4,84,89,102,20,62,9,30,38,128" hai3="119,96,76,8,72,26,104,7,52,67,11,73,132"/><U98/><E134/><V118/><F118/><W111/><G132/><T22/><D135/><U113/><E117/><V77/><F38/><W18/><G119/><T124/><D115/><U17/><E70/><V66/><F128/><W60/><G111/><T57/><D110/><U3/><E36/><V83/><F102/><W94/><G104/><T103/><D74/><U37/><E37/><V127/><F127/><W53/><G26/><T29/><D79/><U105/><E48/><V13/><F30/><W1/><G18/><T131/><D2/><U122/><E122/><V82/><F20/><W99/><G11/><T71/><D0/><U33/><REACH who="1" step="1"/><E17/><REACH who="1" ten="298,208,234,250" step="2"/><V5/><F5/><W43/><G7/><T133/><D71/><U61/><E61/><V123/><F123/><W107/><G60/><T121/><D121/><U93/><E93/><V88/><REACH who="2" step="1"/><F55/><REACH who="2" ten="298,208,224,250" step="2"/><W80/><G53/><T129/><D129/><U75/><E75/><AGARI ba="0,2" hai="4,9,13,62,66,68,75,77,82,83,84,88,89,90" machi="75" ten="30,12000,2" yaku="1,1,2,1,7,1,52,3,54,1,53,0" doraHai="85" doraHaiUra="91" who="2" fromWho="1" sc="298,0,208,-120,224,140,250,0" /><INIT seed="2,0,0,4,5,12" ten="298,88,364,250" oya="2" hai0="10,20,25,62,111,80,43,123,67,97,125,33,83" hai1="42,13,102,26,130,41,55,6,95,76,8,14,78" hai2="98,124,59,34,30,74,23,135,5,75,29,37,89" hai3="18,81,2,122,58,68,39,107,28,27,105,73,134"/><V35/><F37/><W131/><G68/><T93/><D111/><U90/><E130/><V86/><F124/><W56/><G122/><T48/><D123/><U22/><E102/><V63/><F98/><W126/><G39/><T46/><D33/><U11/><E55/><V96/><F96/><W72/><G2/><T69/><D10/><U127/><E127/><V106/><F106/><W120/><G120/><T108/><D108/><U40/><E95/><V113/><F113/><W115/><G115/><T3/><D3/><U32/><E90/><V104/><F104/><W52/><G73/><T7/><D7/><U9/><E32/><V112/><F112/><W50/><G72/><T44/><D44/><U103/><E103/><V87/><F5/><W118/><G107/><T21/><D21/><U121/><E121/><V129/><F129/><W70/><G70/><T57/><D69/><U110/><E110/><V128/><F128/><W36/><G36/><T0/><D0/><U61/><E61/><V132/><F23/><W85/><G105/><T53/><D125/><U51/><E51/><V19/><F63/><W82/><G118/><T1/><D1/><U94/><E94/><V31/><F59/><W17/><G126/><T92/><D92/><U88/><E88/><V133/><F89/><W24/><G131/><T109/><D109/><U71/><E71/><V116/><F116/><W15/><G50/><T60/><D60/><U84/><E84/><N who="2" m="32299" /><F19/><W99/><G99/><T79/><D79/><N who="1" m="30251" /><E6/><V117/><F117/><W114/><G114/><T49/><D62/><U38/><E38/><RYUUKYOKU ba="0,0" sc="298,-15,88,15,364,15,250,-15" hai1="8,9,11,13,14,22,26,40,41,42" hai2="29,30,31,34,35,74,75,132,133,135" /><INIT seed="2,1,0,1,3,19" ten="283,103,379,235" oya="2" hai0="29,114,77,23,130,91,134,73,60,33,53,65,108" hai1="118,109,15,41,58,26,80,50,111,40,25,56,63" hai2="92,48,44,105,89,116,117,66,16,71,1,96,7" hai3="125,124,133,107,27,79,49,54,129,43,85,104,83"/><V64/><F105/><W70/><G70/><T84/><D108/><U10/><E118/><V98/><F1/><W121/><G121/><T51/><D130/><U94/><E94/><V62/><F7/><W126/><G129/><T122/><D134/><U72/><E72/><V101/><F66/><W87/><G133/><T68/><D73/><U81/><E50/><V127/><F127/><W97/><G43/><T93/><D122/><U47/><E15/><V14/><F98/><W28/><G87/><T42/><D77/><U13/><E13/><V35/><F101/><W135/><G97/><T120/><D120/><U34/><E10/><V12/><F12/><W9/><G9/><T46/><D114/><U82/><E34/><V57/><F71/><W115/><G115/><T99/><D33/><U112/><E112/><V17/><F35/><N who="3" m="20895" /><G135/><T100/><D42/><U36/><E41/><V5/><F5/><W95/><G95/><T67/><D67/><U38/><E38/><V22/><REACH who="2" step="1"/><F17/><REACH who="2" ten="283,103,369,235" step="2"/><W21/><G21/><T37/><D29/><U32/><E32/><V39/><F39/><W0/><G0/><T88/><D37/><U11/><E36/><V90/><F90/><W59/><AGARI ba="1,1" hai="49,54,59,79,83,85,104,107,124,125,126" m="20895" machi="59" ten="30,1100,0" yaku="18,1" doraHai="19" who="3" fromWho="3" sc="283,-4,103,-4,369,-6,235,24" /><INIT seed="3,0,0,5,0,124" ten="279,99,363,259" oya="3" hai0="29,52,54,90,109,123,15,81,125,28,99,66,48" hai1="41,55,25,83,89,79,107,21,16,104,87,5,102" hai2="50,106,72,130,133,131,22,111,0,31,82,36,105" hai3="121,94,46,13,40,26,97,92,134,108,59,4,84"/><W44/><G121/><T23/><D109/><U91/><E41/><V70/><F36/><W69/><G69/><T61/><D125/><U86/><E79/><N who="2" m="44391" /><F70/><W129/><G134/><T76/><D123/><U20/><E102/><V7/><F111/><W30/><G108/><T53/><D99/><U65/><E65/><V18/><F31/><W132/><G132/><T2/><D90/><U114/><E114/><V120/><F120/><W47/><G40/><T119/><D2/><U74/><E74/><V93/><F133/><W34/><G34/><T57/><D119/><U122/><E122/><V14/><F93/><W101/><G59/><T39/><D39/><U73/><E73/><V85/><F85/><W96/><G84/><T45/><D81/><U98/><E98/><V32/><F32/><W43/><G43/><N who="0" m="24639" /><D76/><U27/><E55/><N who="0" m="14081" /><T71/><DORA hai="56" /><D71/><U51/><E51/><V113/><F113/><W116/><G116/><T118/><D118/><U100/><E5/><V24/><F0/><W62/><G46/><T35/><D35/><U42/><E100/><V126/><F126/><W77/><G47/><T33/><D33/><U112/><E42/><V80/><F80/><W9/><G44/><T115/><D115/><U38/><E38/><V88/><F88/><N who="3" m="55303" /><G77/><T95/><D95/><U12/><E112/><V1/><F1/><W8/><G94/><T58/><D58/><U78/><E78/><V75/><F75/><W67/><G97/><T6/><D6/><U128/><E83/><V49/><F106/><W37/><G101/><T60/><D60/><U63/><E63/><RYUUKYOKU ba="0,0" sc="279,30,99,-10,363,-10,259,-10" hai0="15,23,28,29,57,61,66" /><INIT seed="4,1,0,4,1,0" ten="309,89,353,249" oya="0" hai0="34,114,43,55,49,118,92,7,35,104,102,132,105" hai1="91,66,112,78,67,56,15,111,80,101,103,21,19" hai2="11,86,45,129,29,126,113,9,47,50,117,88,75" hai3="95,52,127,54,16,82,1,94,26,119,30,53,44"/><T31/><D118/><U106/><E111/><V134/><F75/><W71/><G119/><T13/><D43/><U41/><E112/><V89/><F117/><W76/><G71/><T68/><D68/><U61/><E106/><V133/><F113/><W109/><G109/><T99/><D114/><U110/><E110/><V28/><F126/><W59/><G127/><T38/><D38/><U12/><E67/><V74/><F74/><W32/><G1/><T93/><D132/><N who="2" m="50794" /><F129/><W72/><G59/><T120/><D120/><U57/><E41/><N who="2" m="24879" /><F47/><W17/><REACH who="3" step="1"/><G44/><REACH who="3" ten="309,89,353,239" step="2"/><T64/><D64/><U69/><E56/><V73/><F73/><W22/><G22/><T20/><D35/><U121/><E69/><V130/><F130/><W83/><G83/><T65/><D34/><U46/><E46/><V37/><F37/><W108/><G108/><T100/><D65/><U87/><E121/><V85/><F11/><W58/><G58/><T63/><D63/><U77/><E77/><V6/><F89/><W40/><G40/><T60/><D60/><U70/><E70/><V131/><F131/><W23/><G23/><T24/><D49/><U4/><E78/><V128/><F128/><W84/><G84/><N who="2" m="32361" /><F88/><W98/><G98/><T25/><D99/><U125/><E125/><V123/><F123/><W96/><G96/><T107/><D102/><U33/><E33/><V122/><F122/><W51/><G51/><T18/><D100/><U48/><E48/><V81/><F81/><W2/><G2/><AGARI ba="1,1" hai="2,6,9,28,29" m="32361,24879,50794" machi="2" ten="30,2000,0" yaku="20,1,52,1" doraHai="0" who="2" fromWho="3" sc="309,0,89,0,353,33,239,-23" /><INIT seed="5,0,0,4,1,105" ten="309,89,386,216" oya="1" hai0="52,34,89,51,49,103,56,20,81,40,60,128,13" hai1="102,17,38,73,18,66,47,94,127,53,2,135,119" hai2="82,19,67,70,16,57,55,83,87,98,27,117,30" hai3="88,31,79,68,115,75,74,7,121,108,43,101,109"/><U11/><E135/><V6/><F117/><W12/><G68/><T35/><D128/><U45/><E127/><V124/><F124/><W42/><G121/><T23/><D35/><U26/><E119/><V14/><F98/><W92/><G31/><T110/><D34/><U86/><E66/><V112/><F112/><W28/><G28/><T64/><D110/><U61/><E73/><N who="3" m="27658" /><G12/><T58/><D103/><U116/><E116/><V126/><F126/><W48/><G7/><T77/><D89/><U85/><E38/><V133/><F133/><W25/><G25/><T1/><D1/><U114/><E114/><V132/><F132/><W125/><G48/><T80/><D77/><U21/><E2/><V120/><F120/><W59/><G59/><T93/><D93/><U131/><E131/><V78/><F82/><N who="0" m="31850" /><D13/><N who="1" m="7359" /><E102/><V36/><F36/><W97/><G125/><T41/><D41/><U3/><E94/><V107/><F70/><W99/><G43/><T50/><D40/><U90/><E90/><V22/><F67/><W84/><G42/><T134/><D134/><U4/><E4/><V46/><F46/><N who="1" m="17417" /><E3/><V15/><F107/><N who="3" m="63919" /><G115/><T37/><D37/><U63/><E63/><AGARI ba="0,0" hai="20,23,49,50,51,52,56,58,60,63,64" m="31850" machi="63" ten="30,2000,0" yaku="8,1,54,1" doraHai="105" who="0" fromWho="1" sc="309,20,89,-20,386,0,216,0" /><INIT seed="6,0,0,1,0,110" ten="329,69,386,216" oya="2" hai0="73,10,115,85,106,32,100,94,123,38,61,49,52" hai1="3,64,2,88,79,23,120,111,90,8,27,62,96" hai2="134,99,40,45,116,119,29,48,128,66,5,104,17" hai3="87,72,133,132,60,78,4,18,50,58,6,86,91"/><V20/><F128/><W33/><G72/><T14/><D123/><U41/><E111/><V98/><F134/><N who="3" m="51819" /><G33/><T26/><D73/><U89/><E120/><V84/><F5/><N who="3" m="2155" /><G50/><T35/><D38/><U127/><E127/><V95/><F66/><N who="3" m="39191" /><G78/><T0/><D35/><U47/><E79/><V22/><F84/><W28/><G28/><T101/><D32/><U9/><E96/><V75/><F75/><W77/><G77/><T34/><D34/><U122/><E122/><V93/><F104/><W57/><G57/><T74/><D61/><U103/><E103/><V67/><F67/><W76/><G76/><T11/><D49/><U105/><E105/><V24/><F99/><W113/><G113/><T71/><D115/><U51/><E3/><V19/><F29/><W21/><G91/><T114/><D114/><U68/><REACH who="1" step="1"/><E2/><REACH who="1" ten="329,59,386,216" step="2"/><V129/><F98/><W112/><G112/><T102/><D106/><U117/><E117/><V36/><F116/><W70/><G70/><T16/><D71/><U109/><E109/><V42/><F119/><W107/><G107/><T124/><D74/><U80/><E80/><V7/><F95/><W54/><G86/><T59/><D124/><U46/><E46/><V83/><F93/><W31/><G87/><T82/><D82/><U65/><E65/><V69/><F83/><W92/><G92/><T125/><D125/><U118/><E118/><V39/><F45/><W130/><G130/><T43/><D85/><U53/><E53/><V108/><F108/><W56/><G54/><T13/><D94/><U135/><E135/><V25/><F69/><RYUUKYOKU ba="0,1" sc="329,-10,59,30,386,-10,216,-10" hai1="8,9,23,27,41,47,51,62,64,68,88,89,90" /><INIT seed="7,1,1,0,4,41" ten="319,89,376,206" oya="3" hai0="33,30,20,85,28,21,123,7,66,75,104,74,39" hai1="114,99,120,65,78,90,45,106,6,109,76,3,5" hai2="38,15,118,111,47,57,48,96,11,43,84,101,131" hai3="94,92,126,50,51,116,22,121,87,56,46,88,132"/><W31/><G116/><T68/><D123/><U72/><E114/><V130/><F111/><W127/><G121/><T19/><D104/><U119/><E109/><V69/><F69/><W4/><G4/><T10/><D68/><U91/><E119/><V129/><F118/><W108/><G108/><T81/><D66/><U97/><E120/><V0/><F0/><W53/><G132/><T55/><D39/><U80/><E106/><N who="2" m="63783" /><F84/><W25/><REACH who="3" step="1"/><G94/><REACH who="3" ten="319,89,376,196" step="2"/><T117/><D117/><U61/><E3/><V12/><F131/><W124/><G124/><T36/><D7/><U134/><E134/><V23/><F129/><W93/><G93/><T16/><D75/><U63/><E72/><V52/><F130/><W26/><G26/><T105/><D74/><U64/><REACH who="1" step="1"/><E80/><REACH who="1" ten="319,79,376,196" step="2"/><V8/><F15/><W58/><G58/><T135/><D81/><U79/><E79/><V70/><F70/><W40/><AGARI ba="1,3" hai="22,25,31,40,46,50,51,53,56,87,88,92,126,127" machi="40" ten="30,11700,0" yaku="1,1,0,1,52,1,54,1,53,0" doraHai="41" doraHaiUra="102" who="3" fromWho="3" sc="319,-40,79,-40,376,-40,196,150" owari="279,-12.1,39,-46.1,336,13.6,346,44.6" /></mjloggm>