<mjloggm ver="2.3"><GO type="169" lobby="0"/><UN n0="%E2%97%8E%E3%82%88%E3%81%97%E2%97%8E" n1="%73%61%6E%67%6F%64%64%6F" n2="%E7%B9%AD%E3%82%92%E8%A7%A3%E3%81%8F" n3="%E3%83%87%E3%83%A9%E3%82%B3%E3%83%83%E3%82%B3" dan="17,17,17,16" rate="2170.71,2173.77,2204.65,2137.46" sx="M,M,M,M"/><TAIKYOKU oya="0"/><INIT seed="0,0,0,4,5,17" ten="250,250,250,250" oya="0" hai0="132,101,122,20,79,119,118,71,52,104,123,74,68" hai1="92,127,85,112,115,134,65,114,97,27,128,3,86" hai2="135,38,67,31,5,95,70,15,18,43,129,78,56" hai3="48,88,106,82,64,44,94,125,39,113,13,26,34"/><T102/><D132/><U50/><E3/><V75/><F129/><W32/><G113/><T24/><D79/><U69/><E128/><V84/><F135/><W6/><G106/><T28/><D74/><U83/><E134/><V55/><F31/><W73/><G39/><T120/><D52/><U14/><E127/><V47/><F5/><W35/><G64/><T1/><D1/><U93/><E50/><V117/><F117/><W110/><G110/><T108/><D108/><U116/><E116/><V131/><F131/><W96/><G125/><T30/><D120/><U2/><E2/><V63/><F75/><W22/><G82/><T90/><D90/><U23/><E14/><V0/><F0/><W91/><G73/><T37/><D24/><U45/><E45/><V59/><F78/><W16/><G91/><T133/><D133/><U130/><E130/><V99/><F84/><N who="1" m="32361" /><E83/><V25/><F25/><W41/><REACH who="3" step="1"/><G6/><REACH who="3" ten="250,250,250,240" step="2"/><T33/><D104/><U57/><E69/><V40/><F70/><W109/><G109/><T9/><D37/><U124/><E124/><V89/><F38/><W19/><G19/><T80/><D80/><U51/><E65/><V4/><F4/><W21/><G21/><T77/><D77/><U107/><E107/><V11/><REACH who="2" step="1"/><F47/><REACH who="2" ten="250,250,240,240" step="2"/><W12/><AGARI ba="0,2" hai="12,13,16,22,26,32,34,35,41,44,48,88,94,96" machi="12" ten="40,8000,1" yaku="1,1,0,1,52,1,54,2,53,0" doraHai="17" doraHaiUra="111" who="3" fromWho="3" sc="250,-40,250,-20,240,-20,240,100" /><INIT seed="1,0,0,2,0,82" ten="210,230,220,340" oya="1" hai0="11,22,43,77,78,125,122,73,103,35,89,123,135" hai1="56,51,93,72,108,81,62,36,117,20,53,60,114" hai2="116,39,5,80,113,32,12,19,99,0,66,121,18" hai3="38,110,34,8,107,24,27,28,131,1,92,97,37"/><U111/><E114/><V94/><F39/><W58/><G110/><N who="1" m="42026" /><E117/><V95/><F116/><W129/><G27/><T65/><D73/><U59/><E93/><V44/><F121/><W61/><G107/><T115/><D125/><U134/><E134/><V104/><F113/><W74/><G74/><T42/><D135/><U4/><E4/><V128/><F32/><W16/><G1/><T48/><D115/><U106/><E106/><V23/><F128/><N who="3" m="49227" /><G8/><T98/><D11/><U67/><E20/><V91/><F104/><W133/><G133/><T15/><D22/><U68/><E81/><V2/><F80/><W90/><G16/><T54/><D35/><U49/><E72/><V69/><F19/><W30/><G30/><T57/><D122/><U83/><E83/><V79/><F5/><W40/><G40/><T64/><D42/><U127/><E127/><V85/><F79/><W71/><G71/><T9/><D43/><U31/><E31/><V55/><F69/><W50/><G50/><N who="1" m="18954" /><E68/><V45/><F2/><W10/><G10/><T75/><D123/><U6/><E6/><V70/><F0/><W13/><G13/><T86/><D75/><U112/><E112/><V87/><F70/><W26/><G26/><T46/><D15/><U84/><E36/><V21/><F12/><W124/><G124/><T126/><D126/><U102/><E102/><V76/><F18/><W132/><G132/><T33/><D103/><U100/><E100/><V105/><F23/><W120/><G120/><T63/><D9/><U14/><E14/><V101/><F21/><W52/><AGARI ba="0,0" hai="24,28,34,37,38,52,58,61,90,92,97" m="49227" machi="52" ten="30,4000,0" yaku="5,1,19,1,54,1" doraHai="82" who="3" fromWho="3" sc="210,-10,230,-20,220,-10,340,40" /><INIT seed="2,0,0,0,4,88" ten="200,210,210,380" oya="2" hai0="131,64,85,70,54,108,75,56,8,118,24,18,102" hai1="107,53,27,76,22,82,71,132,91,39,25,23,6" hai2="126,133,41,68,59,66,104,129,99,81,14,117,110" hai3="114,124,116,101,40,47,97,20,113,121,34,17,36"/><V13/><F68/><W10/><G116/><T57/><D75/><U96/><E71/><V7/><F117/><W50/><G121/><T5/><D108/><U26/><E39/><V29/><F126/><W74/><G74/><T51/><D131/><U112/><E112/><N who="3" m="43114" /><G34/><T100/><D70/><U37/><E37/><V33/><F59/><W79/><G79/><T49/><D118/><U48/><E132/><V65/><F81/><W16/><G124/><T4/><D85/><U92/><E6/><V30/><F99/><W90/><G90/><T0/><D5/><U12/><E12/><V87/><F87/><W130/><G10/><T43/><D43/><U127/><E107/><V73/><F41/><W98/><G98/><T28/><D18/><N who="3" m="7273" /><G20/><T80/><D80/><U60/><E60/><V61/><F61/><W109/><G109/><T15/><D0/><U105/><E105/><V93/><F104/><N who="3" m="63535" /><G130/><T94/><D102/><U3/><E127/><V83/><F73/><W111/><G111/><T45/><D100/><U21/><E3/><V106/><F106/><W67/><G67/><T78/><D64/><U9/><E9/><V58/><F110/><W128/><G128/><T55/><D78/><U77/><REACH who="1" step="1"/><E82/><REACH who="1" ten="200,200,210,380" step="2"/><V44/><F83/><W135/><G135/><T123/><D8/><U134/><E134/><V31/><F133/><W32/><G32/><T38/><D4/><U89/><E89/><V125/><F33/><W72/><G72/><T86/><D38/><AGARI ba="0,1" hai="36,38,40,47,50" m="63535,7273,43114" machi="38" ten="30,2000,0" yaku="11,1,54,1" doraHai="88" who="3" fromWho="0" sc="200,-20,200,0,210,0,380,30" /><INIT seed="3,0,0,5,5,120" ten="180,200,210,410" oya="3" hai0="43,91,27,130,5,69,37,78,117,28,123,66,98" hai1="25,126,47,31,89,30,106,23,75,73,64,93,113" hai2="58,18,39,3,105,17,42,129,79,127,61,7,85" hai3="24,124,110,103,16,118,52,38,87,49,97,19,99"/><W59/><G118/><T44/><D123/><U109/><E106/><V6/><F105/><W125/><G38/><T96/><D117/><U82/><E113/><V34/><F34/><W100/><G87/><T68/><D130/><U116/><E116/><V57/><F127/><N who="3" m="48715" /><G110/><T122/><D122/><U56/><E126/><V53/><F129/><W115/><G115/><T88/><D5/><N who="2" m="1546" /><F42/><W83/><G83/><T121/><D78/><U76/><E47/><V2/><F2/><W40/><G40/><T36/><D36/><U70/><E70/><V128/><F3/><W20/><G19/><T132/><D132/><U35/><E35/><V81/><F39/><W92/><G99/><T13/><D121/><U74/><E30/><V111/><F111/><W9/><G9/><T0/><D0/><U62/><REACH who="1" step="1"/><E109/><REACH who="1" ten="180,190,210,410" step="2"/><V11/><F128/><W94/><G94/><T101/><D68/><U55/><E55/><N who="2" m="33983" /><F11/><W26/><G26/><T135/><D27/><U107/><E107/><V8/><F8/><W119/><G119/><T102/><D69/><U51/><E51/><AGARI ba="0,1" hai="17,18,51,53,58,79,81,85" m="33983,1546" machi="51" ten="30,1000,0" yaku="8,1" doraHai="120" who="2" fromWho="1" sc="180,0,190,-10,210,20,410,0" /><INIT seed="4,0,0,5,2,115" ten="180,180,230,410" oya="0" hai0="66,43,86,5,17,46,127,82,30,47,25,121,16" hai1="10,18,21,84,70,117,1,49,39,8,57,78,37" hai2="112,55,23,99,110,75,52,113,14,24,54,118,125" hai3="29,13,19,60,103,88,69,129,111,41,4,9,31"/><T90/><D121/><U124/><E70/><V20/><F75/><W71/><G111/><T53/><D127/><U44/><E124/><V65/><F125/><W83/><G103/><T89/><D66/><U96/><E57/><V98/><F110/><W123/><G123/><T135/><D135/><U120/><E120/><V102/><F65/><W27/><G41/><T7/><D89/><U28/><E28/><V114/><F118/><W109/><G109/><T36/><D5/><U6/><E10/><V76/><F76/><W67/><G129/><T101/><D7/><U77/><E96/><N who="2" m="36907" /><F102/><W74/><G74/><T95/><D101/><U80/><E77/><V68/><F68/><W2/><G27/><T72/><D72/><U15/><REACH who="1" step="1"/><E117/><REACH who="1" ten="180,170,230,410" step="2"/><V62/><F62/><W45/><G71/><T132/><D132/><U38/><E38/><V59/><F59/><W33/><G33/><T107/><D107/><U104/><E104/><V116/><F116/><W35/><G35/><T34/><REACH who="0" step="1"/><D95/><REACH who="0" ten="170,170,230,410" step="2"/><U42/><AGARI ba="0,2" hai="1,6,8,15,18,21,37,39,42,44,49,78,80,84" machi="42" ten="20,5200,0" yaku="1,1,0,1,7,1,53,1" doraHai="115" doraHaiUra="12" who="1" fromWho="1" sc="170,-26,170,72,230,-13,410,-13" /><INIT seed="5,0,0,3,3,75" ten="144,242,217,397" oya="1" hai0="15,26,100,59,4,25,67,118,32,97,112,110,12" hai1="54,22,63,6,103,57,124,107,66,93,85,106,102" hai2="16,45,60,51,70,69,23,87,61,125,62,7,53" hai3="108,49,73,31,130,72,13,116,55,2,36,78,129"/><U34/><E34/><V131/><F125/><W74/><G108/><T48/><D110/><U126/><E6/><V98/><F131/><N who="3" m="50187" /><G2/><T132/><D118/><U39/><E39/><V104/><F7/><W71/><G36/><T79/><D132/><U56/><E106/><V120/><F120/><W40/><G40/><T117/><D117/><U19/><E107/><V101/><REACH who="2" step="1"/><F87/><REACH who="2" ten="144,242,207,397" step="2"/><W18/><G73/><T95/><D4/><U109/><E109/><V44/><F44/><W82/><G74/><T81/><D112/><U42/><E124/><V127/><F127/><W28/><G72/><T105/><D32/><U17/><E126/><V47/><F47/><W65/><G116/><T14/><D105/><U92/><E42/><V9/><F9/><W90/><G31/><T96/><D97/><U1/><E1/><V27/><AGARI ba="0,1" hai="16,23,27,45,51,53,60,61,62,69,70,98,101,104" machi="27" ten="30,4000,0" yaku="1,1,0,1,54,1,53,0" doraHai="75" doraHaiUra="84" who="2" fromWho="2" sc="144,-10,242,-20,207,50,397,-10" /><INIT seed="6,0,0,0,4,85" ten="134,222,257,387" oya="2" hai0="36,11,80,119,15,99,9,115,51,75,95,107,13" hai1="59,104,74,129,55,63,65,124,16,8,76,12,20" hai2="83,82,61,93,49,91,71,73,21,78,126,125,60" hai3="121,4,54,62,45,130,29,17,22,28,127,97,27"/><V47/><F83/><W134/><G121/><T118/><D36/><U116/><E116/><V69/><F21/><W23/><G127/><N who="2" m="48649" /><F69/><W96/><G4/><T70/><D107/><U32/><E129/><V89/><F93/><W33/><G130/><T34/><D34/><U111/><E111/><V108/><F108/><W7/><G7/><T39/><D39/><U128/><E128/><V79/><F79/><W31/><G134/><T133/><D133/><U77/><E32/><V67/><F61/><W3/><G33/><T66/><D70/><U35/><E35/><V58/><F71/><W38/><G23/><T112/><D80/><U102/><E74/><V30/><F30/><W10/><G10/><T37/><D37/><U113/><E104/><V120/><F120/><W14/><G38/><T6/><D75/><U44/><E124/><V98/><F98/><W94/><G97/><T0/><D99/><U1/><E77/><V72/><F72/><W81/><G81/><T87/><D95/><U86/><E76/><V131/><F131/><W64/><G94/><T106/><D106/><U41/><E102/><V5/><F5/><W92/><G92/><T18/><D6/><N who="1" m="1103" /><E86/><V105/><F105/><W135/><G96/><T103/><D87/><U90/><E65/><V2/><F2/><W42/><G3/><T132/><D0/><U43/><E90/><V109/><F109/><W110/><G110/><T53/><D66/><U26/><E26/><V68/><F68/><N who="3" m="42007" /><G135/><T123/><D132/><U52/><E55/><AGARI ba="0,0" hai="47,49,55,58,60,67,73,78,82,89,91" m="48649" machi="55" ten="30,5800,0" yaku="18,1,52,2" doraHai="85" who="2" fromWho="1" sc="134,0,222,-58,257,58,387,0" /><INIT seed="6,1,0,1,2,35" ten="134,164,315,387" oya="2" hai0="107,66,38,116,46,45,40,36,23,114,42,27,78" hai1="47,22,85,135,115,76,50,65,26,64,4,112,13" hai2="130,29,123,77,25,16,39,119,52,28,84,134,58" hai3="56,102,127,105,110,19,97,2,121,55,99,90,51"/><V81/><F123/><W125/><G121/><T44/><D114/><N who="1" m="43563" /><E135/><V8/><F119/><W1/><G110/><T5/><D116/><U54/><E4/><V68/><F39/><W109/><G19/><T111/><D111/><U96/><E96/><V20/><F68/><W53/><G53/><T89/><D107/><U60/><E13/><V95/><F130/><W32/><G32/><T113/><D113/><U49/><E60/><V43/><F43/><W18/><G18/><T87/><D5/><U70/><E70/><V122/><F134/><W129/><G129/><T3/><D66/><U98/><E98/><V24/><F122/><W6/><G6/><T108/><D108/><U91/><E49/><N who="2" m="30991" /><F8/><W118/><G118/><T117/><D117/><U63/><E63/><V72/><F72/><W17/><G109/><T33/><D33/><U92/><E76/><V79/><F79/><W12/><G2/><T15/><D78/><U71/><E71/><V93/><F24/><W0/><G1/><T74/><D3/><U126/><E126/><V100/><F100/><W31/><G0/><T131/><D131/><U30/><AGARI ba="1,0" hai="22,26,30,47,50,54,64,65,85,91,92" m="43563" machi="30" ten="30,1100,0" yaku="15,1" doraHai="35" who="1" fromWho="1" sc="134,-4,164,14,315,-6,387,-4" /><INIT seed="7,0,0,2,0,116" ten="130,178,309,383" oya="3" hai0="72,112,87,104,1,125,101,61,50,26,44,110,47" hai1="3,36,76,124,5,120,38,51,132,11,79,135,0" hai2="15,115,60,43,45,97,126,2,80,90,41,52,56" hai3="49,13,57,103,65,4,130,48,66,113,118,91,98"/><W123/><G123/><T68/><D110/><U108/><E120/><V27/><F126/><W121/><G121/><T100/><D72/><U8/><E108/><V28/><F115/><W93/><G118/><T12/><D1/><U58/><E124/><V14/><F2/><W37/><G37/><T83/><D125/><U39/><E51/><V71/><F71/><W117/><G117/><T34/><D112/><U21/><E21/><V92/><F80/><W82/><G130/><T77/><D12/><U67/><E58/><V17/><F45/><W81/><G81/><T84/><D84/><U53/><E53/><V29/><F15/><W24/><G24/><T10/><D10/><U86/><E67/><V16/><F17/><W99/><G65/><T40/><D47/><U19/><E19/><V6/><F6/><W32/><G66/><T105/><D68/><U35/><E35/><V7/><F7/><W109/><G32/><T73/><D73/><U94/><E8/><V133/><F133/><N who="1" m="51273" /><E0/><V31/><REACH who="2" step="1"/><F27/><REACH who="2" ten="130,178,299,383" step="2"/><W128/><G82/><T74/><D74/><U85/><E5/><V54/><F54/><W69/><G4/><T33/><D33/><U106/><E3/><V30/><N who="2" m="7168" /><DORA hai="62" /><V131/><F131/><W122/><G13/><T134/><D134/><U114/><E114/><V59/><F59/><W42/><G122/><T127/><D127/><U20/><E79/><V96/><F96/><W18/><G113/><T70/><D34/><U78/><E76/><V129/><F129/><W46/><G128/><T64/><D26/><U89/><E78/><V63/><F63/><RYUUKYOKU ba="0,1" sc="130,15,178,-15,299,15,383,-15" hai0="40,44,50,61,64,70,77,83,87,100,101,104,105" hai2="14,16,41,43,52,56,60,90,92,97" owari="145,-35.5,163,-23.7,314,11.4,378,47.8" /></mjloggm>