<mjloggm ver="2.3"><GO type="169" lobby="0"/><UN n0="%E6%AF%94%E5%98%89%E6%84%9B%E6%9C%AA" n1="%E3%82%B4%E3%83%AB%E3%83%95%E3%82%AB%E3%83%BC%E3%83%88%E5%9B%BD%E9%81%93" n2="%E3%81%8A%E3%81%98%E3%81%95%E3%82%93" n3="%E3%81%B1%E3%82%93%E3%81%AA%E3%81%93%E3%81%BE%E3%81%A3%E3%81%9F" dan="19,16,17,17" rate="2274.82,2083.38,2226.71,2188.65" sx="F,M,M,M"/><TAIKYOKU oya="0"/><INIT seed="0,0,0,2,5,25" ten="250,250,250,250" oya="0" hai0="64,51,30,74,89,37,80,100,56,69,92,85,17" hai1="42,121,119,97,6,63,107,87,108,118,106,94,101" hai2="59,26,41,61,120,40,102,53,76,13,112,125,65" hai3="34,47,114,109,38,33,128,24,68,32,99,3,113"/><T116/><D116/><U123/><E42/><V72/><F120/><N who="1" m="46153" /><E63/><V124/><F112/><N who="3" m="43115" /><G99/><T110/><D37/><U8/><E8/><V35/><F102/><W50/><G50/><T11/><D69/><U29/><E6/><V104/><F104/><N who="1" m="39977" /><E29/><N who="2" m="19895" /><F76/><W23/><G47/><T77/><D110/><U22/><E22/><V16/><F72/><W130/><G38/><T9/><D100/><U58/><E58/><V45/><F45/><W86/><G86/><T44/><D30/><U66/><E66/><V20/><F65/><W57/><G57/><T81/><D17/><U103/><E108/><V10/><F10/><N who="0" m="3594" /><D77/><U43/><E43/><V83/><F83/><W48/><G109/><T21/><D74/><U98/><E87/><V36/><F36/><W131/><G68/><T90/><D21/><U19/><E19/><V62/><F62/><W129/><G48/><T55/><D64/><U79/><E79/><V126/><AGARI ba="0,0" hai="13,16,20,40,41,53,59,61,124,125,126" m="19895" machi="126" ten="30,4000,0" yaku="18,1,52,1,54,1" doraHai="25" who="2" fromWho="2" sc="250,-20,250,-10,250,40,250,-10" /><INIT seed="1,0,0,4,1,2" ten="230,240,290,240" oya="1" hai0="110,104,12,122,109,113,129,10,99,43,87,88,58" hai1="42,20,93,64,53,98,128,63,84,14,106,82,37" hai2="50,1,68,86,0,3,61,69,21,94,54,80,39" hai3="65,45,126,17,120,90,40,29,123,9,52,81,49"/><U59/><E128/><V38/><F94/><W78/><G126/><T67/><D113/><U115/><E115/><V51/><F21/><W30/><G90/><T35/><D35/><U16/><E106/><V33/><F33/><W60/><G40/><T124/><D124/><U73/><E73/><V66/><F69/><W97/><G97/><T118/><D118/><U79/><E37/><V19/><F19/><W119/><G119/><T44/><D129/><U62/><E42/><V57/><REACH who="2" step="1"/><F51/><REACH who="2" ten="230,240,280,240" step="2"/><W132/><G123/><T96/><D122/><U131/><E131/><V28/><F28/><W41/><G120/><T70/><D70/><U47/><E47/><V105/><F105/><W127/><G127/><T48/><D104/><U112/><E112/><V46/><F46/><W5/><G17/><N who="0" m="8343" /><D110/><U22/><E20/><V121/><F121/><W32/><G32/><T116/><D109/><U108/><E108/><V71/><F71/><W103/><G30/><T134/><D116/><U92/><REACH who="1" step="1"/><E98/><REACH who="1" ten="230,230,280,240" step="2"/><V25/><F25/><W26/><G26/><T34/><D34/><U4/><E4/><V27/><F27/><W125/><G125/><T95/><D99/><U76/><E76/><AGARI ba="0,2" hai="0,1,3,38,39,50,54,57,61,66,68,76,80,86" machi="76" ten="40,1300,0" yaku="1,1,53,0" doraHai="2" doraHaiUra="31" who="2" fromWho="1" sc="230,0,230,-13,280,33,240,0" /><INIT seed="2,0,0,5,5,75" ten="230,217,313,240" oya="2" hai0="124,128,134,11,105,30,44,112,80,88,41,16,22" hai1="46,24,64,135,62,119,37,57,40,104,65,50,36" hai2="111,79,13,10,3,122,6,42,14,32,18,68,12" hai3="108,95,113,38,26,31,66,102,125,45,114,27,35"/><V63/><F122/><W76/><G108/><T132/><D112/><N who="3" m="43113" /><G125/><T2/><D105/><U19/><E104/><V21/><F42/><N who="3" m="22743" /><G66/><N who="1" m="25706" /><E19/><V28/><F63/><W53/><G53/><T78/><D124/><U117/><E24/><N who="2" m="18439" /><F68/><W74/><G27/><N who="0" m="14791" /><D30/><U8/><E8/><N who="2" m="2143" /><F79/><W51/><G51/><T93/><D128/><U98/><E98/><V4/><F111/><W72/><G76/><T83/><D78/><U82/><E82/><V115/><F115/><W109/><G109/><T29/><D29/><U121/><E121/><V52/><F52/><W86/><G86/><N who="0" m="52375" /><D11/><U59/><E37/><V39/><F39/><W61/><G61/><T56/><D56/><U110/><E110/><V91/><F91/><W120/><G120/><T118/><D118/><N who="1" m="45067" /><E36/><V130/><F130/><W9/><G9/><T116/><D116/><U25/><E59/><V99/><F99/><AGARI ba="0,0" hai="26,31,35,72,74,95,99,102" m="22743,43113" machi="99" ten="30,1000,0" yaku="11,1" doraHai="75" who="3" fromWho="2" sc="230,0,217,0,313,-10,240,10" /><INIT seed="3,0,0,3,5,43" ten="230,217,303,250" oya="3" hai0="48,66,117,107,74,45,22,83,23,20,0,69,105" hai1="47,131,39,35,93,82,129,57,65,46,64,98,126" hai2="40,2,79,56,41,36,71,28,113,25,58,7,32" hai3="73,112,95,63,122,4,38,5,62,123,132,1,19"/><W52/><G112/><T10/><D117/><U16/><E35/><V96/><F113/><W108/><G73/><T68/><D0/><U91/><E39/><V17/><F71/><W60/><G38/><T51/><D10/><U18/><E126/><V8/><F79/><W78/><G78/><T67/><D83/><U109/><E109/><V3/><F3/><W50/><G132/><T100/><D74/><U81/><E57/><V121/><F121/><W86/><G108/><T21/><D21/><U27/><E27/><V42/><F36/><W87/><G1/><T88/><D100/><U118/><E93/><V110/><F110/><W61/><N who="3" m="15360" /><DORA hai="15" /><W26/><G123/><T99/><D99/><U44/><E98/><V80/><F80/><N who="1" m="30825" /><E91/><V72/><F72/><W120/><G120/><T92/><D92/><U119/><E65/><N who="0" m="24585" /><D88/><U116/><E64/><V90/><REACH who="2" step="1"/><F17/><AGARI ba="0,0" hai="16,17,18,44,46,47,116,118,119,129,131" m="30825" machi="17" ten="40,16000,3" yaku="28,2,12,1,52,6,54,1" doraHai="43,15" who="1" fromWho="2" sc="230,0,217,160,303,-160,250,0" /><INIT seed="4,0,0,2,5,109" ten="230,377,143,250" oya="0" hai0="0,34,80,33,131,32,127,78,91,41,49,92,112" hai1="72,9,46,132,24,89,68,120,75,61,39,85,26" hai2="103,11,81,51,20,38,40,56,35,114,76,129,48" hai3="21,122,124,96,42,7,128,93,44,133,107,100,6"/><T43/><D0/><U135/><E120/><V27/><F129/><W64/><G128/><T82/><D131/><U62/><E9/><V117/><F35/><W70/><G122/><T86/><D127/><U123/><E123/><V83/><F117/><W52/><G124/><T25/><D25/><U71/><E85/><V4/><F103/><W57/><G133/><T2/><D2/><U113/><E46/><V125/><F125/><W28/><G107/><T3/><D3/><U58/><E58/><V55/><F38/><W115/><G115/><T84/><D112/><U19/><E19/><V45/><F114/><W63/><G21/><T73/><REACH who="0" step="1"/><D49/><REACH who="0" ten="220,377,143,250" step="2"/><U88/><E113/><V23/><F27/><W119/><G119/><T104/><D104/><U67/><E39/><V66/><F66/><AGARI ba="0,1" hai="24,26,61,62,66,67,68,71,72,75,88,89,132,135" machi="66" ten="25,3200,0" yaku="22,2,54,1" doraHai="109" who="1" fromWho="2" sc="220,0,377,42,143,-32,250,0" /><INIT seed="5,0,0,0,1,87" ten="220,419,111,250" oya="1" hai0="12,129,57,78,7,19,83,25,91,40,1,92,88" hai1="44,4,124,33,127,100,60,120,86,36,84,117,112" hai2="76,66,73,134,65,128,2,74,89,49,29,24,90" hai3="0,38,39,95,105,8,5,77,110,81,82,42,13"/><U132/><E117/><V63/><F2/><W109/><G105/><T18/><D1/><U22/><E120/><V111/><F111/><W133/><G133/><T71/><D71/><U108/><E33/><V48/><F134/><W75/><G39/><T118/><D118/><U47/><E132/><V64/><F63/><W130/><G130/><T116/><D116/><U85/><E108/><V102/><F102/><W121/><G121/><T14/><D129/><U55/><E112/><V43/><F128/><W106/><G106/><T59/><D40/><U96/><E4/><V131/><F131/><W26/><G13/><T80/><D92/><N who="1" m="58375" /><E36/><V62/><F62/><W93/><G82/><T11/><D25/><U135/><E135/><V3/><F3/><W46/><G95/><T56/><D7/><U32/><E32/><V17/><F17/><W27/><G93/><T107/><D107/><U72/><E72/><V58/><F43/><W20/><G27/><T94/><D94/><U69/><E22/><V23/><F76/><W126/><G126/><N who="1" m="48170" /><E69/><V54/><REACH who="2" step="1"/><F49/><REACH who="2" ten="220,419,101,250" step="2"/><W52/><G52/><T125/><D125/><U15/><E55/><V41/><F41/><W98/><G110/><T114/><D78/><U50/><E50/><V67/><N who="2" m="16384" /><DORA hai="68" /><V45/><F45/><W28/><G109/><T34/><D19/><U99/><E60/><V61/><F61/><W104/><G98/><T119/><D119/><U21/><E99/><V122/><F122/><W70/><G70/><T6/><D18/><AGARI ba="0,1" hai="15,18,21,44,47,84,85,86" m="48170,58375" machi="18" ten="30,1500,0" yaku="18,1" doraHai="87,68" who="1" fromWho="0" sc="220,-15,419,25,101,0,250,0" /><INIT seed="5,1,0,1,3,38" ten="205,444,101,250" oya="1" hai0="127,49,125,71,112,106,69,117,52,84,10,67,80" hai1="96,119,83,91,39,93,16,20,78,94,104,6,35" hai2="59,40,22,128,14,105,61,89,56,79,65,115,107" hai3="126,25,1,98,64,85,95,77,132,123,5,41,30"/><U53/><E119/><V43/><F79/><W66/><G123/><T122/><D117/><U81/><E39/><V36/><F128/><W47/><G126/><N who="0" m="48139" /><D112/><U44/><E104/><V62/><F115/><W17/><G132/><T21/><D122/><U31/><E35/><V60/><F36/><W99/><G17/><T131/><D131/><U116/><E116/><V9/><F107/><W133/><G133/><T3/><D106/><U4/><E31/><V110/><F110/><W134/><G134/><T12/><D21/><U33/><E33/><V103/><F22/><W54/><G54/><T120/><D67/><U18/><E53/><V129/><F129/><W76/><G99/><T0/><D120/><U74/><E44/><V108/><F108/><W121/><G121/><T63/><D63/><U92/><E18/><V75/><F75/><W11/><G85/><T118/><D118/><U19/><E19/><V50/><F50/><W42/><G66/><T13/><D69/><U26/><REACH who="1" step="1"/><E83/><REACH who="1" ten="205,434,101,250" step="2"/><V24/><F65/><W58/><G64/><T29/><D29/><U111/><E111/><V15/><F105/><W28/><G28/><T101/><D80/><U48/><E48/><V46/><F46/><W113/><G47/><T51/><D51/><U70/><E70/><V37/><F37/><W135/><G135/><T34/><D71/><U109/><E109/><V86/><F62/><W7/><G113/><T130/><D130/><U114/><E114/><V68/><F61/><W8/><G30/><T72/><D49/><U23/><E23/><V45/><F60/><W97/><G58/><RYUUKYOKU ba="1,1" sc="205,-10,434,30,101,-10,250,-10" hai1="4,6,16,20,26,74,78,81,91,92,93,94,96" /><INIT seed="5,2,1,3,2,0" ten="195,464,91,240" oya="1" hai0="14,129,92,47,44,49,126,83,132,105,71,93,118" hai1="68,74,20,13,45,125,66,61,127,7,3,60,79" hai2="94,37,24,86,98,104,88,77,106,103,55,29,95" hai3="101,112,73,34,90,76,18,52,51,33,114,56,84"/><U108/><E108/><V109/><F109/><W134/><G134/><T40/><D118/><U69/><E3/><V1/><F37/><W62/><G101/><T9/><D105/><U42/><E74/><V128/><F128/><W48/><G18/><T12/><D71/><U38/><E79/><V91/><F1/><W67/><G76/><T72/><D132/><U120/><E120/><V46/><F77/><W113/><G73/><T64/><D126/><N who="1" m="48139" /><E20/><V30/><F103/><W107/><G107/><T6/><D129/><U39/><E13/><V41/><F55/><W8/><G8/><T32/><D32/><N who="3" m="12393" /><G67/><T2/><D64/><N who="1" m="40967" /><E7/><V124/><F124/><W99/><G99/><T121/><D121/><U43/><E43/><V96/><F86/><W23/><G23/><T75/><D75/><U82/><E82/><AGARI ba="2,1" hai="48,51,52,56,62,82,84,90,112,113,114" m="12393" machi="82" ten="40,2600,0" yaku="15,1,54,1" doraHai="0" who="3" fromWho="1" sc="195,0,464,-32,91,0,240,42" /><INIT seed="6,0,0,3,1,1" ten="195,432,91,282" oya="2" hai0="85,6,38,31,48,41,120,93,36,2,96,28,103" hai1="105,123,70,16,26,30,25,104,46,71,130,98,60" hai2="121,117,66,83,14,21,80,97,44,90,76,100,50" hai3="32,20,118,127,64,111,126,132,69,101,67,108,58"/><V63/><F117/><W107/><G32/><T27/><D120/><U12/><E123/><V116/><F116/><W62/><G118/><T43/><D31/><U94/><E130/><V109/><F121/><W78/><G78/><T131/><D131/><U34/><E26/><V125/><F125/><N who="3" m="47627" /><G132/><T87/><D38/><U40/><E60/><V17/><F109/><N who="3" m="42059" /><G20/><T91/><D36/><U110/><E104/><V29/><F29/><W19/><G19/><T75/><D75/><U114/><E105/><V42/><F76/><W99/><G67/><T7/><D2/><U86/><E86/><V124/><F124/><W135/><G135/><T77/><D77/><U56/><E30/><V61/><F90/><W95/><G95/><T74/><D74/><U23/><E94/><V8/><F21/><W57/><AGARI ba="0,0" hai="57,58,62,64,69,99,101,107" m="42059,47627" machi="57" ten="40,1500,0" yaku="18,1" doraHai="1" who="3" fromWho="3" sc="195,-4,432,-4,91,-7,282,15" /><INIT seed="7,0,0,0,1,12" ten="191,428,84,297" oya="3" hai0="61,17,84,43,93,95,34,113,47,66,91,53,106" hai1="48,41,96,133,73,85,49,29,67,90,89,0,44" hai2="55,32,50,4,92,65,123,37,74,18,24,104,134" hai3="124,129,51,56,80,9,25,111,82,10,131,100,54"/><W23/><G111/><T1/><D106/><U39/><E0/><V126/><F104/><W72/><G100/><T86/><D1/><U78/><E73/><V42/><F74/><W16/><G124/><T21/><D34/><U105/><E133/><V108/><F108/><W6/><G72/><T26/><D113/><U70/><E29/><V11/><F126/><W19/><G10/><T109/><D109/><U130/><E130/><N who="3" m="49674" /><G6/><T110/><D110/><U94/><E78/><V20/><F134/><W122/><G122/><T98/><D93/><U99/><E105/><V102/><F65/><W3/><G3/><T71/><D53/><U128/><E128/><V119/><F55/><W76/><G76/><T58/><D71/><U27/><E27/><V83/><F92/><W52/><G54/><T103/><D103/><U33/><E33/><V121/><F24/><W60/><G60/><T62/><D62/><U77/><E77/><V135/><F32/><W2/><G2/><T59/><D59/><U40/><E99/><V30/><F135/><W64/><G64/><T7/><D7/><U97/><E96/><V63/><F4/><W38/><G38/><AGARI ba="0,0" hai="17,21,26,38,43,47,58,61,66,84,86,91,95,98" machi="38" ten="30,2000,0" yaku="7,1,52,1" doraHai="12" who="0" fromWho="3" sc="191,20,428,0,84,0,297,-20" owari="211,-18.9,428,52.8,84,-41.6,277,7.7" /></mjloggm>