<mjloggm ver="2.3"><GO type="169" lobby="0"/><UN n0="%74%61%63%6F%73" n1="%41%72%69%61" n2="%E5%A7%9C" n3="%41%4C%50%45%52%49%4E" dan="18,16,16,17" rate="2189.81,2177.70,2159.31,2186.12" sx="M,F,M,M"/><TAIKYOKU oya="0"/><INIT seed="0,0,0,1,3,120" ten="250,250,250,250" oya="0" hai0="21,92,36,29,73,77,6,4,90,132,11,65,123" hai1="60,114,110,58,127,48,82,8,3,101,31,81,18" hai2="70,85,44,116,45,79,108,17,5,20,107,57,124" hai3="23,37,46,122,104,10,28,47,134,117,67,50,1"/><T106/><D123/><U52/><E127/><V2/><F70/><W51/><G122/><T94/><D106/><U39/><E39/><V41/><F107/><W22/><G117/><T95/><D132/><U13/><E114/><V119/><F124/><W49/><G134/><T72/><D36/><U129/><E129/><V135/><F135/><W76/><G104/><T89/><D65/><U64/><E101/><V99/><F99/><W19/><G37/><T75/><D77/><U62/><E110/><V102/><F102/><W32/><G67/><T43/><D43/><U66/><E3/><V56/><F5/><W25/><G76/><T26/><REACH who="0" step="1"/><D11/><REACH who="0" ten="240,250,250,250" step="2"/><U93/><E66/><V7/><F41/><W42/><G42/><T103/><D103/><U27/><E93/><V61/><F79/><W78/><G78/><T12/><D12/><U35/><REACH who="1" step="1"/><E62/><REACH who="1" ten="240,240,250,250" step="2"/><V0/><F61/><W100/><G100/><T97/><D97/><U54/><E54/><V38/><F38/><W53/><G53/><T105/><D105/><U111/><E111/><V14/><F108/><W30/><G1/><T40/><D40/><U9/><E9/><V74/><F0/><W96/><G10/><T130/><D130/><U86/><E86/><V33/><F85/><W55/><G96/><T125/><D125/><U71/><AGARI ba="0,2" hai="8,13,18,27,31,35,48,52,58,60,64,71,81,82" machi="71" ten="20,5200,0" yaku="1,1,0,1,7,1,54,1,53,0" doraHai="120" doraHaiUra="118" who="1" fromWho="1" sc="240,-26,240,72,250,-13,250,-13" /><INIT seed="1,0,0,0,1,20" ten="214,312,237,237" oya="1" hai0="9,80,10,48,19,88,35,78,82,52,42,134,81" hai1="99,107,117,130,36,26,11,8,38,34,101,114,64" hai2="95,30,124,91,73,62,4,118,75,76,44,67,17" hai3="25,28,33,112,46,100,127,0,122,39,70,102,7"/><U40/><E114/><V132/><F118/><W13/><G70/><T86/><D35/><U63/><E117/><V119/><F119/><W92/><G122/><T71/><D71/><N who="1" m="42399" /><E130/><V1/><F132/><W128/><G112/><T23/><D134/><U3/><E40/><V27/><F124/><W24/><G127/><T103/><D103/><U85/><E85/><V55/><F76/><W68/><G68/><T16/><D42/><U106/><E106/><V51/><F17/><W45/><G128/><T41/><D41/><U65/><E65/><V47/><F47/><N who="3" m="17931" /><G39/><T49/><D49/><U66/><E66/><V6/><F1/><W69/><G69/><T135/><D135/><U113/><E113/><V31/><F31/><W74/><G0/><T43/><D43/><U97/><E97/><V121/><F75/><W22/><G74/><T108/><D108/><U120/><E11/><N who="0" m="4105" /><D78/><U111/><E111/><V77/><F121/><W90/><G33/><T87/><D87/><U115/><E115/><V56/><F77/><W104/><G104/><T29/><D29/><N who="1" m="19767" /><E120/><V5/><F73/><W54/><G54/><T58/><D19/><U93/><E93/><V109/><F109/><W53/><G53/><T12/><AGARI ba="0,0" hai="12,16,23,48,52,58,80,81,82,86,88" m="4105" machi="12" ten="30,7900,0" yaku="8,1,54,3" doraHai="20" who="0" fromWho="0" sc="214,79,312,-39,237,-20,237,-20" /><INIT seed="2,0,0,1,4,38" ten="293,273,217,217" oya="2" hai0="93,69,54,15,118,10,73,61,35,53,8,99,48" hai1="9,42,130,63,86,131,88,31,82,70,91,11,24" hai2="100,0,28,106,85,68,122,7,134,46,14,78,30" hai3="37,12,104,33,96,117,1,25,64,124,101,62,57"/><V5/><F122/><W121/><G117/><T2/><D118/><U71/><E91/><V105/><F0/><W52/><G121/><T109/><D35/><U120/><E120/><V83/><F134/><W55/><G1/><T67/><D73/><U132/><E132/><V128/><F128/><N who="1" m="49193" /><E42/><V40/><F68/><N who="1" m="26153" /><E63/><V84/><F84/><W127/><G37/><T129/><D129/><U21/><AGARI ba="0,0" hai="9,11,21,24,31,82,86,88" m="26153,49193" machi="21" ten="30,2000,0" yaku="19,1,54,1" doraHai="38" who="1" fromWho="1" sc="293,-5,273,20,217,-10,217,-5" /><INIT seed="3,0,0,2,2,27" ten="288,293,207,212" oya="3" hai0="91,61,17,110,8,121,102,81,55,25,113,16,112" hai1="72,49,3,116,63,52,84,126,103,106,41,43,56" hai2="123,28,44,80,11,39,95,50,93,65,120,71,122" hai3="111,134,89,127,104,67,29,45,82,24,130,20,54"/><W12/><G104/><T90/><D121/><U58/><E72/><V0/><F39/><W4/><G127/><T124/><D124/><U23/><E3/><V70/><F80/><W38/><G130/><T30/><D110/><U98/><E126/><V99/><F65/><W2/><G2/><T114/><D102/><U101/><E101/><V118/><F118/><W109/><G134/><T32/><D8/><U22/><E84/><V62/><F62/><W129/><G67/><T96/><D81/><U5/><E5/><N who="2" m="1447" /><F95/><W117/><G117/><T105/><D105/><U132/><E132/><V10/><F10/><N who="3" m="4167" /><G129/><T108/><D108/><N who="3" m="41545" /><G54/><T69/><D69/><U14/><E116/><V92/><F92/><W100/><G100/><T79/><D79/><U47/><E41/><N who="2" m="24847" /><F28/><W60/><G60/><T18/><D96/><U35/><E14/><V13/><F13/><W21/><G82/><T53/><D53/><U42/><E42/><V128/><F128/><W83/><G83/><T85/><D85/><U115/><E115/><V59/><F71/><W107/><G107/><T77/><D77/><U48/><E35/><V68/><F68/><W37/><G89/><N who="0" m="33803" /><D55/><AGARI ba="0,0" hai="22,23,43,47,48,49,52,55,56,58,63,98,103,106" machi="55" ten="30,2000,0" yaku="7,1,54,1" doraHai="27" who="1" fromWho="0" sc="288,-20,293,20,207,0,212,0" /><INIT seed="4,0,0,0,3,108" ten="268,313,207,212" oya="0" hai0="25,42,124,114,65,20,15,66,9,74,49,126,21" hai1="105,46,106,115,36,31,91,121,29,5,18,71,133" hai2="62,97,98,135,93,102,75,70,60,40,23,26,41" hai3="22,103,38,13,72,120,51,110,34,134,43,81,56"/><T67/><D74/><U8/><E121/><V50/><F135/><W79/><G110/><T132/><D132/><U4/><E71/><V58/><F75/><W1/><G134/><T12/><D114/><U3/><E18/><V107/><F70/><W90/><G120/><T113/><D113/><U32/><E31/><V95/><F107/><W47/><G34/><T61/><D61/><U11/><E91/><V55/><F62/><W77/><G1/><T48/><D42/><N who="1" m="22855" /><E115/><V17/><REACH who="2" step="1"/><F50/><REACH who="2" ten="268,313,197,212" step="2"/><W94/><G72/><T96/><D49/><U44/><E106/><V53/><F53/><W78/><G51/><T35/><D48/><U69/><E105/><V119/><F119/><W7/><G38/><T100/><D65/><U130/><E69/><V82/><F82/><W80/><G80/><T24/><D66/><U68/><E68/><V73/><F73/><W64/><G81/><T85/><D67/><U86/><E133/><V101/><AGARI ba="0,1" hai="17,23,26,40,41,55,58,60,93,95,97,98,101,102" machi="101" ten="20,8000,1" yaku="1,1,0,1,7,1,9,1,8,1,53,0" doraHai="108" doraHaiUra="123" who="2" fromWho="2" sc="268,-40,313,-20,197,90,212,-20" /><INIT seed="5,0,0,1,2,63" ten="228,293,287,192" oya="1" hai0="82,17,65,25,102,28,16,119,20,66,120,26,95" hai1="114,9,99,7,94,37,87,110,128,27,79,15,18" hai2="126,107,59,50,21,72,93,77,38,74,85,29,70" hai3="44,105,83,104,54,53,51,68,42,8,133,47,100"/><U108/><E37/><V121/><F70/><W78/><G133/><T30/><D119/><U113/><E79/><V10/><F38/><W101/><G68/><T117/><D117/><U32/><E87/><V124/><F107/><W122/><G122/><T112/><D120/><U81/><E81/><N who="2" m="47279" /><F10/><W39/><G8/><T135/><D112/><N who="1" m="43115" /><E94/><V57/><F93/><W56/><G104/><T127/><D127/><N who="2" m="48682" /><F121/><W61/><REACH who="3" step="1"/><G105/><REACH who="3" ten="228,293,287,182" step="2"/><T97/><D135/><U45/><E110/><V6/><F6/><W92/><G92/><T12/><D82/><U1/><E108/><V58/><F50/><W90/><G90/><T103/><D103/><U14/><E9/><V71/><F71/><W88/><G88/><T23/><REACH who="0" step="1"/><D17/><REACH who="0" ten="218,293,287,182" step="2"/><U34/><E18/><V111/><F111/><W134/><G134/><T116/><D116/><U5/><E5/><V132/><F132/><W60/><G60/><T62/><D62/><U36/><E7/><V75/><F29/><W48/><G48/><T49/><D49/><U80/><E36/><V2/><F2/><W22/><G22/><AGARI ba="0,2" hai="12,16,20,22,23,25,26,28,30,65,66,95,97,102" machi="22" ten="30,12000,2" yaku="1,1,7,1,9,1,8,1,52,2,54,1,53,0" doraHai="63" doraHaiUra="106" who="0" fromWho="3" sc="218,140,293,0,287,0,182,-120" /><AGARI ba="0,0" hai="21,22,57,58,59,72,74,75" m="48682,47279" machi="22" ten="40,1300,0" yaku="18,1" doraHai="63" who="2" fromWho="3" sc="358,0,293,0,287,13,62,-13" /><INIT seed="6,0,0,5,5,12" ten="358,293,300,49" oya="2" hai0="60,109,82,33,134,57,32,25,35,23,127,38,70" hai1="72,46,17,54,68,39,58,18,119,11,133,8,103" hai2="15,0,47,86,59,14,79,129,97,69,98,116,50" hai3="41,77,84,78,74,20,128,118,88,13,9,53,51"/><V125/><F116/><W90/><G118/><T123/><D109/><U40/><E72/><V81/><F69/><W95/><G128/><T26/><D123/><U29/><E119/><V44/><F0/><W3/><G3/><T83/><D70/><U135/><E29/><V55/><F125/><W100/><G74/><T22/><D38/><U117/><E117/><V34/><F34/><W102/><G41/><T27/><D127/><U52/><E68/><V10/><F14/><W113/><G113/><T73/><D134/><N who="1" m="51211" /><E103/><V126/><F129/><W21/><G102/><T80/><REACH who="0" step="1"/><D73/><REACH who="0" ten="348,293,300,49" step="2"/><U48/><E54/><AGARI ba="0,1" hai="22,23,25,26,27,32,33,35,54,57,60,80,82,83" machi="54" ten="50,8000,1" yaku="1,1,2,1,29,2,53,0" doraHai="12" doraHaiUra="24" who="0" fromWho="1" sc="348,90,293,-80,300,0,49,0" /><INIT seed="7,0,0,2,1,123" ten="438,213,300,49" oya="3" hai0="34,53,88,56,64,115,1,48,85,75,110,72,129" hai1="71,122,50,13,49,3,92,23,87,81,5,18,86" hai2="74,20,4,99,42,109,52,82,60,37,103,93,17" hai3="125,91,70,111,15,121,19,98,12,133,108,135,21"/><W79/><G121/><T16/><D110/><N who="3" m="42025" /><G70/><T66/><D1/><U32/><E32/><V47/><F109/><W36/><G36/><T62/><D34/><U117/><E71/><V118/><F118/><W9/><G125/><T97/><D97/><U84/><E117/><V26/><F4/><N who="3" m="3111" /><G79/><T51/><D129/><U29/><E29/><V30/><F30/><W57/><G57/><T128/><D128/><U8/><E122/><V102/><F17/><W43/><G43/><T69/><D16/><U104/><E104/><V130/><F42/><W39/><G39/><T7/><D56/><U67/><E67/><V100/><F37/><W77/><G77/><T61/><D64/><U31/><E31/><V46/><F46/><W22/><G22/><T112/><D66/><U41/><E41/><V11/><F47/><W83/><G83/><T126/><D7/><U6/><E6/><V131/><F82/><W114/><G114/><T106/><D69/><U28/><E28/><V33/><F20/><W73/><G73/><T65/><D72/><U80/><E80/><V95/><F74/><W27/><G27/><T10/><D65/><U2/><E81/><V38/><F38/><W63/><G63/><T24/><D62/><U76/><E76/><V54/><F60/><W107/><G107/><T68/><D106/><U90/><E3/><V101/><F131/><W105/><G105/><T25/><D75/><U124/><E124/><V132/><F26/><W94/><AGARI ba="0,0" hai="15,19,21,91,94,98,133,135" m="3111,42025" machi="94" ten="30,11700,0" yaku="10,1,52,3" doraHai="123" who="3" fromWho="3" sc="438,-39,213,-39,300,-39,49,117" /><INIT seed="7,1,0,1,2,109" ten="399,174,261,166" oya="3" hai0="48,125,50,44,22,5,13,129,21,29,8,38,96" hai1="49,133,26,51,25,94,83,99,78,27,97,45,20" hai2="1,100,117,122,35,114,15,36,104,93,84,102,91" hai3="113,46,39,64,128,118,42,80,121,131,2,75,3"/><W115/><G118/><T103/><D38/><U71/><E71/><V77/><F1/><W132/><G121/><T66/><D125/><U130/><E133/><V4/><F35/><W61/><G132/><T101/><D129/><N who="3" m="49737" /><G80/><T55/><D66/><U56/><E99/><V89/><F36/><W7/><G75/><T119/><D119/><U24/><E56/><V33/><F77/><W81/><G81/><T40/><D29/><N who="1" m="17543" /><E45/><V43/><F104/><W116/><G116/><T57/><D103/><N who="1" m="60855" /><E130/><V60/><F122/><W127/><G127/><T31/><D31/><U74/><E74/><V92/><F117/><W54/><G54/><T79/><D79/><U88/><E78/><V32/><F43/><W30/><G30/><T72/><D72/><U63/><E63/><V0/><F60/><W126/><G126/><T70/><D70/><U110/><E110/><V69/><F33/><W37/><G37/><T98/><D98/><U134/><E134/><V135/><F32/><W10/><G3/><T14/><D14/><U16/><E16/><V58/><F0/><W67/><G67/><T120/><D120/><U12/><E12/><V6/><F135/><W47/><G47/><T53/><D53/><U95/><E95/><AGARI ba="1,0" hai="5,8,13,21,22,40,44,48,50,55,57,95,96,101" machi="95" ten="30,2000,0" yaku="7,1,8,1" doraHai="109" who="0" fromWho="1" sc="399,23,174,-23,261,0,166,0" owari="422,52.2,151,-34.9,261,6.1,166,-23.4" /></mjloggm>