<mjloggm ver="2.3"><GO type="169" lobby="0"/><UN n0="%E3%81%AF%E3%81%84%E3%82%8C%E3%81%AB%E3%82%83%E3%82%93" n1="%E5%B2%A9%E4%B8%8A%E9%80%9A%E3%82%8A" n2="%E3%81%95%E3%81%8F%E3%82%88%E3%81%93%E3%81%A1%E3%82%83%E3%82%93" n3="%45%72%77%69%6E%52%64" dan="16,16,16,16" rate="2041.98,2128.05,2065.90,2148.37" sx="M,M,M,M"/><TAIKYOKU oya="0"/><INIT seed="0,0,0,3,1,69" ten="250,250,250,250" oya="0" hai0="84,130,115,129,6,89,14,125,51,134,27,103,105" hai1="64,116,61,86,93,50,66,128,88,111,68,87,85" hai2="35,18,121,112,37,79,23,122,67,48,78,120,5" hai3="126,106,123,54,77,33,60,63,76,46,7,10,17"/><T16/><D115/><U109/><E116/><V75/><F37/><W26/><G106/><T55/><D125/><U135/><E135/><V24/><F112/><W28/><G126/><T117/><D134/><U99/><E128/><N who="0" m="49257" /><D117/><U0/><E0/><V45/><F75/><W101/><G101/><T80/><D27/><U20/><E66/><V56/><F35/><W21/><G123/><T73/><D73/><U39/><E50/><V49/><F5/><W47/><G76/><T90/><D6/><U83/><E20/><V127/><F127/><W8/><G77/><N who="0" m="46095" /><D103/><U4/><E4/><V108/><F108/><N who="1" m="41545" /><E39/><V118/><F118/><W97/><G97/><T107/><D107/><U70/><E70/><V119/><F119/><W132/><G132/><T40/><D40/><U11/><E11/><V9/><F9/><W38/><G46/><N who="0" m="28151" /><D105/><U57/><E57/><V102/><F102/><AGARI ba="0,0" hai="61,64,68,83,85,86,87,88,93,99,102" m="41545" machi="102" ten="30,2000,0" yaku="14,1,54,1" doraHai="69" who="1" fromWho="2" sc="250,0,250,20,250,-20,250,0" /><INIT seed="1,0,0,5,2,54" ten="250,270,230,250" oya="1" hai0="57,132,10,38,56,96,108,37,119,29,133,120,134" hai1="74,76,129,52,125,118,98,19,64,122,11,130,101" hai2="87,102,67,60,39,90,59,88,6,1,70,17,5" hai3="63,91,23,66,116,30,25,34,40,14,92,28,26"/><U84/><E122/><V68/><F39/><N who="0" m="14858" /><D119/><U46/><E118/><V48/><F102/><W94/><G116/><T123/><D29/><U51/><E125/><V71/><F1/><W85/><G40/><T89/><D108/><U47/><E74/><V112/><F112/><W4/><G4/><T111/><D111/><U31/><E64/><V16/><F48/><W97/><G14/><T58/><D10/><U27/><E76/><V107/><F107/><W127/><G127/><T110/><D110/><U135/><E84/><V0/><F90/><W75/><G75/><T103/><D89/><U117/><E117/><V24/><F0/><W126/><G126/><T81/><D81/><U114/><E114/><V13/><F24/><W22/><G34/><T15/><D15/><U42/><E11/><V73/><F17/><W2/><G2/><T41/><D41/><U124/><E19/><V95/><REACH who="2" step="1"/><F73/><REACH who="2" ten="250,270,220,250" step="2"/><W62/><REACH who="3" step="1"/><G66/><REACH who="3" ten="250,270,220,240" step="2"/><T35/><D35/><U44/><E124/><V99/><F99/><W18/><G18/><T45/><D45/><U100/><E42/><V12/><F12/><W77/><G77/><T104/><AGARI ba="0,2" hai="56,57,58,96,103,104,120,123,132,133,134" m="14858" machi="104" ten="40,8000,1" yaku="20,1,52,3" doraHai="54" who="0" fromWho="0" sc="250,100,270,-40,220,-20,240,-20" /><INIT seed="2,0,0,5,4,41" ten="350,230,200,220" oya="2" hai0="118,26,125,63,83,113,81,58,12,52,18,4,67" hai1="70,64,17,90,122,69,94,117,16,47,98,97,42" hai2="79,24,25,135,95,99,115,48,123,130,1,55,108" hai3="112,51,96,105,66,101,40,84,29,44,30,11,43"/><V109/><F115/><W133/><G133/><T107/><D113/><U93/><E117/><V23/><F123/><W85/><G112/><T128/><D128/><U102/><E122/><V34/><F1/><W32/><G66/><T28/><D125/><U134/><E134/><V75/><F130/><W8/><G40/><T35/><D107/><U87/><E64/><V73/><F34/><W13/><G8/><T19/><D118/><U62/><E62/><V37/><F37/><W9/><G9/><T56/><D4/><U36/><REACH who="1" step="1"/><E97/><REACH who="1" ten="350,220,200,220" step="2"/><V65/><F65/><W124/><G124/><T60/><REACH who="0" step="1"/><D18/><AGARI ba="0,1" hai="16,17,18,36,42,47,69,70,87,90,93,94,98,102" machi="18" ten="40,8000,1" yaku="1,1,2,1,52,1,54,1,53,1" doraHai="41" doraHaiUra="82" who="1" fromWho="0" sc="350,-80,220,90,200,0,220,0" /><INIT seed="3,0,0,3,1,45" ten="270,310,200,220" oya="3" hai0="79,16,130,110,26,104,35,46,81,113,131,122,24" hai1="50,72,55,66,120,21,39,126,134,116,47,84,54" hai2="123,65,82,127,8,48,98,10,25,92,62,69,53" hai3="42,133,106,59,90,29,70,40,11,74,124,57,49"/><W94/><G74/><T9/><D122/><U67/><E72/><V28/><F127/><W2/><G106/><T73/><D110/><U38/><E120/><V118/><F82/><W85/><G70/><T0/><D113/><U37/><E84/><V58/><F118/><W15/><G124/><T129/><D104/><U105/><E21/><V61/><F61/><W19/><G133/><T115/><D115/><U32/><E32/><V109/><F109/><W135/><G135/><T27/><D46/><N who="1" m="27991" /><E105/><V5/><F5/><W52/><G2/><T36/><D36/><N who="1" m="13931" /><E126/><V3/><F3/><W6/><G29/><N who="0" m="19879" /><D16/><U108/><E116/><V43/><F43/><N who="3" m="16427" /><G59/><T31/><D31/><U18/><E18/><AGARI ba="0,0" hai="6,11,15,18,19,49,52,57,85,90,94" m="16427" machi="18" ten="30,5800,0" yaku="8,1,52,1,54,1" doraHai="45" who="3" fromWho="1" sc="270,0,310,-58,200,0,220,58" /><INIT seed="3,1,0,2,0,124" ten="270,252,200,278" oya="3" hai0="36,108,48,53,60,55,81,102,78,109,103,37,6" hai1="2,98,10,130,24,91,63,22,105,1,0,27,110" hai2="135,56,21,31,26,46,74,49,70,75,94,82,96" hai3="85,106,87,93,125,38,32,114,100,52,25,76,34"/><W72/><G114/><T129/><D6/><U92/><E110/><N who="0" m="42601" /><D129/><U58/><E105/><V51/><F70/><W59/><G38/><N who="0" m="14955" /><D60/><U47/><E47/><V117/><F117/><W119/><G119/><T9/><D9/><U29/><E27/><V121/><F135/><W126/><G106/><T61/><D61/><U54/><REACH who="1" step="1"/><E10/><REACH who="1" ten="270,242,200,278" step="2"/><V111/><F26/><W104/><G104/><T8/><D8/><U62/><E62/><V133/><F46/><W3/><G25/><T120/><D120/><U40/><E40/><V89/><F121/><W30/><G30/><T73/><D53/><U123/><E123/><V42/><F111/><W116/><G116/><T88/><D88/><U79/><E79/><V128/><F89/><N who="3" m="53423" /><G100/><T4/><D4/><U66/><E66/><V39/><F42/><W13/><G32/><T17/><D17/><U5/><E5/><V134/><F39/><W115/><G34/><T64/><D64/><U71/><E71/><V16/><F16/><W28/><G28/><T20/><D20/><U107/><E107/><V112/><F21/><W80/><G115/><T118/><D118/><U44/><E44/><AGARI ba="1,1" hai="44,48,55,73,78,81,102,103" m="14955,42601" machi="44" ten="30,1000,0" yaku="14,1" doraHai="124" who="0" fromWho="1" sc="270,23,242,-13,200,0,278,0" /><INIT seed="4,0,0,5,3,7" ten="293,229,200,278" oya="0" hai0="23,81,61,29,18,27,37,131,24,3,103,119,10" hai1="8,49,132,82,59,106,1,128,4,26,79,52,76" hai2="47,65,43,96,14,89,93,120,66,11,127,104,9" hai3="33,30,42,21,112,22,75,39,71,20,118,115,17"/><T25/><D37/><U2/><E106/><V113/><F120/><W133/><G75/><T60/><D119/><U46/><E128/><V67/><F104/><W16/><G71/><T91/><D131/><U90/><E132/><V48/><F113/><N who="3" m="43595" /><G42/><T99/><D3/><U84/><E1/><V44/><F127/><W15/><G39/><T12/><D61/><U51/><REACH who="1" step="1"/><E26/><REACH who="1" ten="293,219,200,278" step="2"/><V97/><F14/><N who="3" m="9271" /><G133/><T111/><D111/><U13/><E13/><V41/><REACH who="2" step="1"/><F97/><REACH who="2" ten="293,219,190,278" step="2"/><W72/><G118/><T105/><D99/><U80/><E80/><V116/><F116/><W28/><G33/><T57/><D105/><U56/><E56/><V92/><F92/><W35/><G35/><T70/><D81/><U125/><E125/><V45/><F45/><W126/><G126/><T77/><D57/><U134/><E134/><V122/><F122/><W58/><G58/><T63/><D29/><N who="3" m="11369" /><G72/><T124/><D124/><U114/><E114/><V95/><F95/><W53/><G15/><T55/><D12/><U78/><E78/><V5/><F5/><W69/><G69/><T123/><D77/><U130/><E130/><V34/><F34/><W62/><G16/><T107/><D70/><U32/><E32/><V117/><F117/><W40/><G62/><T135/><D63/><U83/><E83/><V109/><F109/><W85/><G21/><T87/><D60/><U0/><E0/><V36/><AGARI ba="0,2" hai="9,11,36,41,43,44,47,48,65,66,67,89,93,96" machi="36" ten="30,8000,1" yaku="1,1,0,1,52,2,53,1" doraHai="7" doraHaiUra="86" who="2" fromWho="2" sc="293,-40,219,-20,190,100,278,-20" /><INIT seed="5,0,0,4,5,91" ten="253,199,290,258" oya="1" hai0="118,46,81,35,14,110,28,13,115,30,11,88,102" hai1="6,111,93,108,2,51,97,117,94,82,12,119,84" hai2="31,38,122,106,134,43,95,92,90,67,130,99,73" hai3="0,62,89,55,126,15,41,29,85,100,61,75,69"/><U98/><E2/><V72/><F122/><W123/><G123/><T124/><D110/><N who="1" m="42027" /><E6/><V32/><F130/><W7/><G75/><T74/><D118/><N who="1" m="45067" /><E12/><V105/><F67/><W76/><G126/><T50/><D115/><U53/><E51/><V10/><F10/><W65/><G0/><T26/><D124/><U42/><E53/><V40/><F90/><W128/><G76/><T60/><D30/><U16/><E16/><V49/><F49/><W1/><G1/><T34/><D13/><U121/><E42/><V64/><F64/><W17/><G7/><T116/><D35/><U52/><E52/><V58/><F58/><W104/><G41/><T20/><D34/><U79/><E121/><V23/><F32/><W25/><G61/><T63/><D116/><U112/><E112/><V37/><F31/><W120/><G55/><T3/><D3/><U86/><E86/><V57/><F57/><W5/><G5/><T127/><D127/><U107/><E98/><V33/><F33/><W39/><G120/><T59/><D63/><U135/><E135/><V131/><F99/><W87/><G87/><N who="0" m="50287" /><D59/><U22/><E22/><V44/><F134/><W21/><G29/><T56/><D56/><U77/><E77/><V18/><F23/><W4/><G4/><N who="0" m="3431" /><D60/><U113/><E113/><V83/><F18/><W70/><G15/><T9/><D9/><U68/><E68/><V78/><F78/><W129/><G69/><T66/><D66/><U125/><E125/><V48/><F48/><W54/><G70/><T103/><D74/><U24/><E24/><V47/><F73/><RYUUKYOKU ba="0,0" sc="253,15,199,15,290,-15,258,-15" hai0="20,26,28,46,50,102,103" hai1="79,82,84,93,94,97,107" /><INIT seed="5,1,0,3,2,5" ten="268,214,275,243" oya="1" hai0="114,91,28,89,51,19,92,116,127,102,131,26,103" hai1="27,45,4,118,110,20,29,40,3,44,8,39,72" hai2="30,61,18,88,48,54,120,122,123,56,36,55,11" hai3="22,0,87,34,78,94,130,117,100,97,33,83,111"/><U101/><E118/><V13/><F36/><W80/><G111/><T90/><D116/><U24/><E110/><V1/><F1/><W96/><G117/><T132/><D114/><U128/><E128/><V81/><F30/><W58/><G130/><T7/><D131/><U25/><E101/><V121/><N who="2" m="30720" /><DORA hai="108" /><V64/><REACH who="2" step="1"/><F48/><REACH who="2" ten="268,214,265,243" step="2"/><W104/><G0/><T109/><D51/><U42/><E72/><V15/><F15/><W124/><G124/><T125/><D28/><U129/><E129/><V21/><F21/><W70/><G22/><T12/><D12/><U63/><E63/><V53/><F53/><W14/><G14/><T99/><D109/><U119/><E119/><V85/><AGARI ba="1,1" hai="11,13,18,54,55,56,61,64,81,85,88" m="30720" machi="85" ten="60,8000,1" yaku="1,1,0,1,52,1,54,1,53,0" doraHai="5,108" doraHaiUra="98,65" who="2" fromWho="2" sc="268,-21,214,-41,265,93,243,-21" /><INIT seed="6,0,0,0,1,47" ten="247,173,358,222" oya="2" hai0="106,89,80,64,135,24,29,120,74,94,132,20,110" hai1="14,4,90,12,95,57,53,119,34,69,49,68,133" hai2="62,87,76,2,96,27,118,56,125,134,71,112,10" hai3="31,52,127,59,81,131,63,73,0,105,25,48,50"/><V75/><F71/><W102/><G0/><T93/><D110/><U44/><E119/><V5/><F75/><W30/><G127/><T78/><D120/><U117/><E117/><V43/><F43/><W33/><G131/><T37/><D106/><U77/><E34/><V122/><F96/><W109/><G109/><T86/><D37/><U60/><E133/><N who="0" m="51273" /><D64/><U41/><E77/><V129/><F2/><W115/><G115/><T16/><D94/><U3/><E3/><V13/><F76/><W114/><G114/><T108/><D108/><U97/><E4/><V35/><F5/><W101/><G105/><T104/><D104/><U38/><E69/><V7/><F7/><W99/><G99/><T28/><AGARI ba="0,0" hai="16,20,24,28,29,74,78,80,86,89,93" m="51273" machi="28" ten="30,2000,0" yaku="20,1,54,1" doraHai="47" who="0" fromWho="0" sc="247,20,173,-5,358,-10,222,-5" /><INIT seed="7,0,0,0,2,107" ten="267,168,348,217" oya="3" hai0="68,75,133,94,88,46,2,72,91,27,6,34,98" hai1="43,3,8,100,61,112,113,104,53,58,70,22,28" hai2="82,78,25,74,67,20,7,49,59,63,87,85,38" hai3="128,127,84,135,96,5,60,35,15,21,77,30,17"/><W103/><G128/><T83/><D68/><U125/><E100/><V64/><F38/><W123/><G123/><T129/><D129/><U92/><E104/><V31/><F67/><W14/><G127/><T76/><D133/><U95/><E70/><V29/><F29/><W93/><G135/><T24/><D34/><U55/><E43/><V90/><F7/><W117/><G117/><T50/><D75/><U109/><E109/><V97/><F49/><W115/><G115/><T71/><D71/><U124/><E8/><V114/><F114/><N who="1" m="44137" /><E3/><V1/><F1/><W54/><G5/><T122/><D122/><U106/><E106/><V86/><F97/><W81/><G35/><T101/><D6/><U120/><E120/><V12/><F12/><W105/><G30/><T37/><D37/><U111/><E111/><V102/><F102/><W73/><G14/><T126/><D126/><N who="1" m="48747" /><E28/><V80/><AGARI ba="0,0" hai="20,25,31,59,63,64,74,78,80,82,85,86,87,90" machi="80" ten="20,2700,0" yaku="0,1,7,1,52,1" doraHai="107" who="2" fromWho="2" sc="267,-7,168,-7,348,27,217,-13" owari="260,6.0,161,-33.9,375,47.5,204,-19.6" /></mjloggm>