<mjloggm ver="2.3"><GO type="169" lobby="0"/><UN n0="%E6%81%8B%E3%81%AE%E3%81%86%E3%81%9F" n1="%70%6F%6E%2D%65%6E" n2="%74%73%75%6B%69%31" n3="%76%76%73" dan="17,16,16,16" rate="2207.28,2121.70,2152.93,2082.89" sx="M,F,M,M"/><TAIKYOKU oya="0"/><INIT seed="0,0,0,2,3,31" ten="250,250,250,250" oya="0" hai0="76,15,129,87,127,6,122,64,99,7,24,120,53" hai1="118,90,10,125,98,135,49,124,25,3,105,45,71" hai2="50,69,33,0,35,30,23,133,86,119,121,115,54" hai3="67,82,1,73,116,34,32,62,78,117,27,66,92"/><T51/><D129/><U39/><E118/><V93/><F69/><W106/><G1/><T111/><D127/><U2/><E135/><V12/><F115/><W55/><G106/><T60/><D111/><U40/><E71/><V85/><F121/><W14/><G14/><T84/><D99/><U61/><E61/><V11/><F0/><W72/><G72/><T96/><D96/><U19/><E39/><V42/><F42/><W75/><G75/><T37/><D37/><U95/><E105/><V65/><F65/><W123/><G123/><T36/><D36/><U103/><E90/><V100/><F133/><W89/><G55/><T46/><D122/><U20/><REACH who="1" step="1"/><E2/><REACH who="1" ten="250,240,250,250" step="2"/><V68/><F68/><W134/><G134/><T77/><D120/><U16/><E16/><V88/><F119/><W79/><G117/><T48/><D60/><U74/><E74/><V101/><F100/><W9/><G116/><T52/><D76/><U17/><E17/><V94/><F101/><W113/><G78/><T128/><D77/><U41/><E41/><V132/><F132/><W22/><G113/><T97/><D51/><U108/><E108/><V58/><F30/><W131/><G67/><T18/><D64/><U21/><E21/><V4/><F23/><W28/><G131/><T59/><D128/><U56/><E56/><V109/><F109/><W112/><G112/><T26/><D59/><U47/><E47/><V80/><F93/><W70/><G9/><T83/><D46/><U91/><E91/><AGARI ba="0,1" hai="4,11,12,33,35,50,54,58,80,85,86,88,91,94" machi="91" ten="30,7700,0" yaku="7,1,52,2,54,1" doraHai="31" who="2" fromWho="1" sc="250,0,240,-77,250,87,250,0" /><INIT seed="1,0,0,5,1,113" ten="250,163,337,250" oya="1" hai0="0,84,104,40,32,114,36,106,65,56,23,105,10" hai1="81,44,93,103,98,110,70,7,127,75,120,22,128" hai2="55,111,66,6,115,86,71,1,78,42,43,49,118" hai3="77,73,72,62,59,76,14,50,52,46,85,18,48"/><U16/><E120/><V67/><F1/><W9/><G50/><T54/><D32/><U82/><E70/><V107/><F107/><W119/><G85/><T3/><D114/><U30/><E127/><V57/><F6/><W135/><G135/><T83/><D65/><N who="2" m="24586" /><F86/><W108/><G108/><T34/><D34/><U13/><E128/><V123/><F78/><W2/><G2/><T35/><D35/><U69/><E69/><V27/><F27/><W126/><G126/><T87/><D23/><U11/><E110/><V134/><F71/><W45/><G45/><T79/><D10/><U53/><E75/><V31/><F31/><W91/><G91/><T64/><D64/><U124/><E124/><V38/><F115/><W99/><G99/><T121/><D121/><U100/><E100/><V116/><F123/><W15/><G119/><N who="2" m="45609" /><F111/><W68/><G68/><T60/><D84/><U125/><E125/><V26/><F26/><W63/><G63/><T89/><D79/><U17/><E30/><V29/><F29/><W5/><G73/><T122/><D122/><U61/><E17/><V94/><F94/><W74/><G74/><T92/><D92/><U97/><E98/><V39/><F134/><W117/><G117/><T51/><D0/><U12/><E82/><V131/><F131/><W109/><G109/><T47/><REACH who="0" step="1"/><D3/><REACH who="0" ten="240,163,337,250" step="2"/><U101/><E81/><V112/><F112/><W96/><G72/><T25/><D25/><U33/><E33/><V19/><F19/><W24/><G24/><T80/><D80/><U129/><E129/><V130/><F130/><W8/><G96/><RYUUKYOKU ba="0,1" sc="240,10,163,-30,337,10,250,10" hai0="36,40,47,51,54,56,60,83,87,89,104,105,106" hai2="38,39,42,43,49,55,57" hai3="5,8,9,14,15,18,46,48,52,59,62,76,77" /><INIT seed="2,1,1,4,0,7" ten="250,133,347,260" oya="2" hai0="24,99,3,68,132,112,122,65,35,74,104,53,14" hai1="110,15,6,11,97,47,100,64,23,81,36,45,87" hai2="44,80,95,130,117,108,58,103,46,124,54,56,41" hai3="50,125,4,61,0,26,18,106,105,62,94,30,128"/><V5/><F117/><W33/><G128/><T82/><D122/><U84/><E110/><V16/><F130/><W8/><G125/><T34/><D3/><U79/><E36/><V120/><F120/><W133/><G133/><T116/><D112/><U48/><E64/><V1/><F124/><W93/><G50/><T77/><D53/><U37/><E37/><V109/><F80/><W31/><G30/><T89/><D89/><U22/><E84/><V38/><F46/><W127/><G127/><T90/><D90/><U32/><E47/><V9/><F16/><W72/><G72/><T40/><D40/><N who="1" m="24615" /><E32/><V96/><REACH who="2" step="1"/><F54/><REACH who="2" ten="250,133,337,260" step="2"/><W42/><G18/><T118/><D118/><U86/><E86/><V10/><F10/><W101/><G42/><T78/><D116/><U91/><E91/><V76/><F76/><W12/><G101/><T121/><D77/><U71/><E71/><V123/><F123/><W73/><G73/><T75/><D121/><U17/><E17/><V25/><F25/><W59/><G26/><T98/><D74/><U19/><E19/><V115/><F115/><W92/><G59/><AGARI ba="1,2" hai="1,5,9,38,41,44,56,58,59,95,96,103,108,109" machi="59" ten="40,7700,0" yaku="1,1,52,1,53,1" doraHai="7" doraHaiUra="39" who="2" fromWho="3" sc="250,0,133,0,337,100,260,-80" /><INIT seed="2,2,0,5,3,25" ten="250,133,437,180" oya="2" hai0="36,15,65,24,46,41,7,90,114,10,26,17,0" hai1="53,85,39,74,83,23,107,55,35,68,79,34,100" hai2="27,88,44,110,133,28,78,20,92,127,33,52,60" hai3="75,115,32,3,86,48,64,111,119,103,14,1,134"/><V42/><F127/><W124/><G14/><T70/><D114/><U117/><E117/><V76/><F133/><W62/><G86/><T118/><D118/><U69/><E39/><V95/><F95/><W51/><G103/><T71/><D65/><U102/><E74/><V116/><F116/><W30/><G64/><T50/><D36/><U87/><E23/><V126/><F126/><W122/><G62/><T5/><D5/><U104/><REACH who="1" step="1"/><E83/><REACH who="1" ten="250,123,437,180" step="2"/><V43/><F33/><W106/><G75/><T12/><D70/><U2/><E2/><V108/><F110/><W59/><G32/><T21/><D71/><U22/><E22/><V8/><F108/><W99/><G119/><T38/><D38/><U54/><E54/><V109/><F109/><W61/><G111/><T84/><REACH who="0" step="1"/><D0/><REACH who="0" ten="240,123,437,180" step="2"/><U29/><E29/><V81/><F28/><W58/><G30/><T63/><D63/><U101/><E101/><V105/><F60/><W19/><G61/><T135/><D135/><U96/><E96/><V47/><F42/><W16/><G134/><T57/><D57/><U89/><E89/><V40/><F43/><W67/><G99/><T9/><D9/><U80/><E80/><AGARI ba="2,2" hai="7,10,12,15,17,21,24,26,41,46,50,80,84,90" machi="80" ten="30,3900,0" yaku="1,1,7,1,8,1,53,0" doraHai="25" doraHaiUra="73" who="0" fromWho="1" sc="240,65,123,-45,437,0,180,0" /><INIT seed="3,0,0,3,1,14" ten="305,78,437,180" oya="3" hai0="85,80,91,28,125,133,106,100,15,5,114,23,37" hai1="54,120,88,35,69,12,117,50,121,119,81,101,31" hai2="83,61,108,45,115,123,53,75,22,64,4,122,20" hai3="29,70,57,59,131,67,135,97,51,8,73,84,134"/><W68/><G73/><T102/><D37/><U90/><E69/><N who="3" m="26730" /><G29/><T98/><D125/><U39/><E39/><V47/><F115/><W10/><G84/><T24/><D133/><N who="3" m="50697" /><G97/><T126/><D126/><U25/><E101/><V42/><F4/><W128/><G8/><T43/><D114/><U26/><E26/><V3/><F3/><W127/><G10/><T49/><D106/><U38/><E38/><V0/><F0/><W11/><G11/><N who="0" m="4591" /><D98/><U44/><E12/><V129/><F83/><W17/><G17/><T89/><D89/><N who="1" m="34411" /><E81/><V109/><F75/><W107/><G107/><T74/><D74/><U58/><E58/><N who="2" m="36919" /><F20/><W7/><G7/><T99/><D99/><U66/><E66/><V21/><F22/><W71/><G127/><T13/><D13/><U103/><E103/><V48/><F21/><W40/><N who="3" m="26738" /><W36/><DORA hai="30" /><G36/><T82/><D82/><U27/><E27/><V9/><F9/><W124/><G124/><T96/><D96/><U110/><E110/><N who="2" m="42603" /><F129/><N who="3" m="49739" /><G67/><T105/><D105/><U87/><E87/><V76/><F76/><W1/><G1/><T34/><D100/><U79/><E79/><V118/><F118/><AGARI ba="0,0" hai="25,31,35,44,50,54,117,118,119,120,121" m="34411" machi="118" ten="30,3900,0" yaku="12,1,52,1,54,1" doraHai="14,30" who="1" fromWho="2" sc="305,0,78,39,437,-39,180,0" /><INIT seed="4,0,0,2,5,130" ten="305,117,398,180" oya="0" hai0="94,75,53,91,85,29,103,100,96,20,25,45,132" hai1="97,117,99,68,79,11,58,16,2,106,67,110,36" hai2="101,63,35,15,125,66,44,65,105,70,115,62,64" hai3="107,73,102,76,32,119,19,127,129,122,80,116,28"/><T30/><D75/><U18/><E117/><V14/><F35/><W114/><G129/><T59/><D132/><U6/><E110/><V27/><F115/><W69/><G114/><T55/><D29/><U78/><E68/><V12/><F125/><W17/><G127/><T90/><D45/><U82/><E36/><V109/><F109/><W121/><G69/><T9/><D9/><U113/><E113/><V52/><F27/><N who="3" m="18463" /><G17/><T7/><D7/><U71/><E71/><V60/><F105/><W37/><G19/><T57/><D57/><U118/><E118/><N who="3" m="45098" /><G37/><T34/><D34/><U46/><E46/><V77/><F70/><W4/><G4/><T13/><D13/><U1/><E1/><V40/><F101/><W54/><G54/><T61/><REACH who="0" step="1"/><D53/><REACH who="0" ten="295,117,398,180" step="2"/><U5/><E5/><V93/><F52/><W22/><G22/><T87/><D87/><U104/><E6/><V84/><F44/><W3/><G3/><T56/><D56/><U135/><E58/><V23/><F23/><W50/><G121/><T88/><D88/><U21/><E21/><V128/><F40/><W31/><G122/><T43/><D43/><U49/><E2/><V24/><F12/><W95/><G31/><T74/><D74/><U33/><E33/><V134/><F14/><W124/><G124/><T111/><D111/><U89/><E11/><V38/><F15/><W126/><G126/><T51/><D51/><U72/><E49/><V123/><F38/><W83/><G50/><T42/><D42/><U108/><E108/><V81/><F123/><W47/><G47/><T41/><D41/><RYUUKYOKU ba="0,1" sc="295,30,117,-10,398,-10,180,-10" hai0="20,25,30,55,59,61,85,90,91,94,96,100,103" /><INIT seed="4,1,1,5,4,1" ten="325,107,388,170" oya="0" hai0="115,38,55,132,84,92,79,50,20,35,30,17,58" hai1="123,52,15,72,25,85,76,89,117,80,3,133,56" hai2="111,18,116,40,21,107,9,98,73,110,45,54,57" hai3="68,59,108,94,134,106,61,29,26,135,0,16,28"/><T60/><D115/><U105/><E117/><V88/><F73/><W51/><G108/><T8/><D38/><U5/><E123/><V53/><F116/><W14/><G106/><T91/><D132/><N who="3" m="50729" /><G0/><T114/><D114/><U37/><E133/><V124/><F124/><W122/><G122/><T36/><D36/><U49/><E37/><V39/><F9/><N who="3" m="6223" /><G94/><T100/><D35/><U118/><E118/><V87/><F107/><W22/><G68/><T65/><D30/><U62/><E3/><V11/><F11/><W13/><G13/><T99/><D8/><U31/><E105/><V47/><F111/><W33/><G51/><T103/><D79/><U128/><E128/><V23/><F110/><W95/><G95/><T119/><D99/><U67/><E15/><V27/><F98/><W81/><G81/><T70/><D119/><U74/><E76/><V10/><F10/><W96/><G96/><T101/><D101/><U83/><E83/><V112/><F112/><W104/><G104/><T46/><D70/><U2/><E2/><V24/><F39/><W120/><G120/><T43/><D43/><U7/><E74/><V113/><F40/><W129/><G129/><T69/><D69/><U131/><E72/><V130/><F113/><W63/><G59/><T127/><D127/><U42/><E42/><V66/><F130/><W19/><G33/><T32/><D32/><N who="1" m="20591" /><E131/><V93/><F23/><W77/><G77/><T126/><D126/><U121/><E121/><V109/><F109/><W75/><G75/><T82/><D82/><U64/><E49/><V4/><F21/><RYUUKYOKU ba="1,1" sc="325,10,107,10,388,-30,170,10" hai0="17,20,46,50,55,58,60,65,84,91,92,100,103" hai1="5,7,52,56,62,64,67,80,85,89" hai3="19,22,26,28,29,61,63" /><INIT seed="4,2,1,3,4,115" ten="335,117,358,180" oya="0" hai0="6,122,20,2,3,34,94,70,111,54,107,52,27" hai1="87,18,101,67,13,113,114,76,60,135,0,26,8" hai2="14,117,21,118,58,33,39,19,85,83,74,66,90" hai3="127,11,61,91,17,4,5,40,1,42,133,103,62"/><T16/><D107/><U129/><E129/><V15/><F33/><W29/><G133/><T48/><D122/><U44/><E135/><V53/><F39/><W7/><G127/><T97/><D70/><U121/><E121/><V71/><F74/><W30/><G103/><T63/><D34/><U82/><E0/><V51/><F71/><W32/><G91/><T37/><D37/><U46/><E101/><V89/><F66/><W23/><G1/><T22/><D6/><U31/><E113/><V38/><F38/><W77/><G77/><T112/><D111/><U41/><E41/><N who="3" m="15978" /><G32/><T64/><D112/><U116/><E116/><N who="2" m="44651" /><F90/><W110/><G110/><T126/><D126/><U95/><E95/><V123/><F123/><W50/><G50/><T56/><D20/><U119/><E114/><V35/><F35/><W106/><G106/><T59/><D64/><U81/><E119/><V55/><F55/><W47/><G47/><T65/><D65/><U108/><E108/><V75/><F75/><W100/><G100/><AGARI ba="2,1" hai="2,3,16,22,27,48,52,54,56,59,63,94,97,100" machi="100" ten="30,5800,0" yaku="7,1,54,2" doraHai="115" who="0" fromWho="3" sc="335,74,117,0,358,0,180,-64" /><INIT seed="4,3,0,5,0,130" ten="409,117,358,116" oya="0" hai0="99,47,6,88,111,100,128,4,52,126,35,91,119" hai1="85,51,63,14,48,120,13,102,29,55,133,124,72" hai2="104,0,112,95,57,30,135,39,90,10,105,77,122" hai3="84,33,62,83,117,31,127,38,78,129,56,68,110"/><T41/><D119/><U65/><E72/><V123/><F39/><W89/><G117/><T73/><D35/><U75/><E75/><V67/><F30/><W101/><G110/><T45/><D73/><U20/><E120/><V54/><F67/><W71/><G129/><T114/><D114/><U22/><E124/><V7/><F77/><W21/><G127/><T8/><D128/><U46/><E102/><V121/><F112/><W98/><G38/><T92/><D111/><U49/><E133/><V32/><F32/><W118/><G33/><T23/><D23/><U26/><E85/><V50/><REACH who="2" step="1"/><F135/><REACH who="2" ten="409,117,348,116" step="2"/><W3/><G118/><T12/><D126/><U115/><E115/><V97/><AGARI ba="3,1" hai="0,7,10,50,54,57,90,95,97,104,105,121,122,123" machi="97" ten="30,4000,0" yaku="1,1,2,1,0,1,53,0" doraHai="130" doraHaiUra="76" who="2" fromWho="2" sc="409,-23,117,-13,348,59,116,-13" /><INIT seed="5,0,0,0,5,127" ten="386,104,407,103" oya="1" hai0="125,47,69,38,88,117,130,60,61,131,15,9,64" hai1="3,79,29,101,7,37,82,102,76,78,20,46,85" hai2="30,72,114,104,71,28,74,39,16,4,2,25,87" hai3="110,109,133,121,22,12,105,122,14,84,33,1,124"/><U83/><E29/><V67/><F39/><W107/><G84/><T23/><D125/><U43/><E20/><V126/><F126/><W36/><G124/><T48/><D117/><U8/><REACH who="1" step="1"/><E79/><REACH who="1" ten="386,94,407,103" step="2"/><V19/><F30/><W111/><G22/><T129/><D23/><U75/><AGARI ba="0,1" hai="3,7,8,37,43,46,75,76,78,82,83,85,101,102" machi="75" ten="20,18000,2" yaku="1,1,2,1,0,1,7,1,25,2,53,0" doraHai="127" doraHaiUra="51" who="1" fromWho="1" sc="386,-60,94,190,407,-60,103,-60" /><INIT seed="5,1,0,3,4,56" ten="326,284,347,43" oya="1" hai0="95,54,97,55,76,85,93,126,119,109,46,11,94" hai1="83,23,112,40,48,33,132,125,113,50,26,35,87" hai2="64,110,72,114,103,13,86,25,29,28,118,69,91" hai3="53,71,7,73,106,130,79,52,10,75,65,70,16"/><U0/><E0/><V32/><F72/><W6/><G130/><T49/><D109/><U81/><E125/><V27/><F110/><W17/><G106/><T30/><D119/><U18/><E132/><V128/><F118/><W90/><G90/><T101/><D126/><U20/><E20/><V80/><F128/><W107/><G107/><T9/><D30/><U12/><E83/><V115/><F103/><W31/><G31/><T120/><D120/><U47/><E50/><V15/><F64/><W5/><G65/><T100/><D54/><U36/><E36/><V121/><F69/><W42/><G42/><T57/><D46/><U39/><E39/><V2/><F121/><W45/><G45/><T88/><D76/><U82/><E82/><V117/><F2/><W116/><G116/><T102/><REACH who="0" step="1"/><D97/><REACH who="0" ten="316,284,347,43" step="2"/><U44/><E44/><V129/><F117/><W84/><G79/><T24/><D24/><U4/><E112/><N who="2" m="43051" /><F129/><W89/><G75/><T21/><D21/><AGARI ba="1,1" hai="13,15,21,25,27,28,29,32,80,86,91" m="43051" machi="21" ten="30,2000,0" yaku="15,1,11,1" doraHai="56" who="2" fromWho="0" sc="316,-23,284,0,347,33,43,0" /><INIT seed="6,0,0,4,2,64" ten="293,284,380,43" oya="2" hai0="65,110,14,3,119,96,10,126,62,68,30,72,33" hai1="118,121,95,107,40,91,35,58,56,123,109,24,90" hai2="73,38,69,114,49,111,15,77,25,54,59,37,82" hai3="128,134,98,84,28,42,32,11,4,52,122,31,80"/><V19/><F114/><W131/><G122/><N who="1" m="46602" /><E109/><V53/><F111/><W106/><G134/><T130/><D110/><U112/><E112/><V89/><F69/><W51/><G42/><T6/><D130/><U74/><E118/><V0/><F0/><W21/><G32/><T16/><D72/><U13/><E107/><V78/><F78/><W93/><G106/><T108/><D108/><U8/><E74/><V127/><F127/><W87/><G131/><T63/><D63/><U17/><E40/><V99/><F25/><W125/><G125/><T94/><D126/><U67/><E67/><V61/><F89/><N who="1" m="33801" /><E95/><V43/><F99/><W70/><G70/><T132/><D132/><U1/><E1/><V116/><F43/><W71/><G71/><T47/><D119/><U57/><E58/><V103/><F103/><W133/><G133/><T102/><D47/><U79/><E79/><V55/><F116/><W7/><G128/><T105/><D94/><U66/><E66/><V23/><REACH who="2" step="1"/><F55/><REACH who="2" ten="293,284,370,43" step="2"/><W92/><G52/><T20/><D102/><U104/><E104/><V34/><F34/><W124/><G124/><T60/><D105/><U45/><E35/><V117/><F117/><W44/><G98/><T36/><D96/><U113/><E113/><V115/><F115/><W46/><G87/><T83/><D65/><U97/><E97/><V18/><F18/><W22/><G84/><T120/><D120/><U9/><E24/><V12/><F12/><W81/><G51/><T88/><D68/><U85/><E85/><V2/><F2/><W41/><G41/><T48/><D3/><RYUUKYOKU ba="0,1" sc="293,-15,284,-15,370,15,43,15" hai2="15,19,23,37,38,49,53,54,59,61,73,77,82" hai3="4,7,11,21,22,28,31,44,46,80,81,92,93" /><INIT seed="6,1,1,4,1,55" ten="278,269,385,58" oya="2" hai0="53,68,49,42,104,131,45,120,31,16,110,87,112" hai1="97,115,7,82,27,126,15,81,107,102,64,33,78" hai2="111,113,38,100,124,5,98,21,43,51,11,135,122" hai3="108,48,132,121,14,25,1,52,59,3,35,72,12"/><V116/><F116/><W65/><G132/><T8/><D110/><U125/><E115/><V10/><F122/><W36/><G121/><T75/><D75/><U6/><E64/><V74/><F74/><W54/><G108/><T105/><D120/><U86/><E81/><V4/><F111/><W83/><G36/><T69/><D31/><N who="1" m="19711" /><E15/><V89/><F38/><W91/><G65/><T71/><D131/><U129/><E129/><V18/><F89/><W9/><G14/><T26/><D112/><U20/><E20/><V67/><F67/><W130/><G130/><T101/><D101/><U106/><E106/><V134/><F113/><W28/><G54/><T127/><D127/><AGARI ba="1,1" hai="6,7,78,82,86,97,102,107,125,126,127" m="19711" machi="127" ten="30,1000,0" yaku="18,1" doraHai="55" who="1" fromWho="0" sc="278,-13,269,23,385,0,58,0" /><INIT seed="7,0,0,1,0,121" ten="265,292,385,58" oya="3" hai0="111,130,86,1,122,42,51,112,29,46,74,99,106" hai1="93,16,33,22,131,5,107,9,77,118,85,47,113" hai2="6,60,37,70,23,14,123,26,67,133,17,11,119" hai3="90,58,24,28,129,44,78,117,87,135,61,116,48"/><W79/><G129/><T89/><D122/><U7/><E107/><V38/><F123/><W64/><G135/><T105/><D1/><U68/><E33/><V59/><F133/><W66/><G66/><T19/><D74/><U110/><E68/><V134/><F134/><W27/><G117/><T83/><D130/><U49/><E118/><V18/><F119/><W54/><G116/><T102/><D106/><U56/><E131/><V132/><F132/><W124/><G124/><T20/><D112/><U76/><E113/><V72/><F72/><W43/><G64/><T32/><D32/><U53/><E110/><V104/><F104/><W4/><G4/><T81/><D29/><U84/><E47/><V55/><F6/><W34/><REACH who="3" step="1"/><G24/><REACH who="3" ten="265,292,385,48" step="2"/><T71/><D71/><U41/><E5/><V96/><F70/><W57/><G57/><T82/><REACH who="0" step="1"/><D111/><REACH who="0" ten="255,292,385,48" step="2"/><U94/><E7/><V39/><F67/><W15/><G15/><AGARI ba="0,2" hai="15,19,20,42,46,51,81,82,83,86,89,99,102,105" machi="15" ten="30,7700,0" yaku="1,1,2,1,7,1,53,1" doraHai="121" doraHaiUra="13" who="0" fromWho="3" sc="255,97,292,0,385,0,48,-77" owari="352,15.2,292,-10.8,385,48.5,-29,-52.9" /></mjloggm>