<mjloggm ver="2.3"><GO type="169" lobby="0"/><UN n0="%63%2E%63%2D%76%2E%76" n1="%E8%B4%88%E4%BA%BA%E8%A9%A9%E6%96%BC%E5%A4%A2" n2="%E5%B9%B3%E5%92%8C%6E%6F%6D%69" n3="%E3%81%82%E3%81%95%E3%81%B4%E3%82%93%EF%BC%A0%EF%BD%8D%EF%BD%8A" dan="17,17,16,18" rate="2210.38,2202.61,2067.27,2314.72" sx="F,M,M,M"/><TAIKYOKU oya="0"/><INIT seed="0,0,0,5,5,59" ten="250,250,250,250" oya="0" hai0="46,71,20,48,30,3,5,128,77,9,135,64,121" hai1="80,95,84,34,89,101,90,63,52,133,105,6,13" hai2="108,120,88,38,10,118,15,103,79,87,61,134,93" hai3="75,129,67,32,66,111,92,4,57,94,76,51,54"/><T49/><D121/><U124/><E34/><V109/><F120/><W132/><G32/><T53/><D128/><U81/><E124/><V58/><F38/><W0/><G129/><T122/><D135/><U123/><E123/><V47/><F134/><W33/><G33/><T43/><D122/><U107/><E133/><V56/><F118/><W82/><G132/><T7/><D7/><U42/><E42/><V74/><F47/><W21/><G111/><N who="2" m="42569" /><F103/><W96/><G92/><T36/><D77/><U70/><E101/><V115/><F115/><W85/><G75/><T78/><D78/><U112/><E112/><V41/><F41/><W27/><G0/><T26/><REACH who="0" step="1"/><D53/><REACH who="0" ten="240,250,250,250" step="2"/><U102/><E6/><N who="2" m="3543" /><F79/><W113/><G4/><T23/><D23/><U1/><E1/><V28/><F74/><W97/><G113/><T117/><D117/><U119/><E119/><V19/><F28/><N who="3" m="17519" /><G97/><T44/><D44/><U86/><E52/><N who="2" m="33927" /><F19/><W25/><G25/><T2/><D2/><U127/><E127/><V18/><F18/><W14/><G14/><T50/><D50/><U8/><E13/><V29/><F29/><W22/><G22/><T72/><D72/><U37/><E37/><V68/><F58/><W98/><G76/><T106/><D106/><U99/><E8/><V130/><F130/><W12/><G12/><T40/><D40/><U126/><E126/><V31/><F31/><W65/><G57/><T39/><D39/><U131/><E131/><V91/><F68/><W17/><G17/><T62/><AGARI ba="0,1" hai="3,5,9,20,26,30,36,43,46,48,49,62,64,71" machi="62" ten="30,11700,0" yaku="1,1,0,1,52,1,53,1" doraHai="59" doraHaiUra="69" who="0" fromWho="0" sc="240,127,250,-39,250,-39,250,-39" /><INIT seed="0,1,0,0,1,87" ten="367,211,211,211" oya="0" hai0="122,26,16,22,101,67,96,134,2,42,93,56,80" hai1="129,40,99,13,92,124,82,38,133,77,3,116,113" hai2="121,8,72,59,63,31,30,83,76,35,131,100,25" hai3="90,81,128,110,78,70,20,98,73,107,84,85,86"/><T4/><D122/><U17/><E116/><V49/><F121/><W68/><G68/><T5/><D134/><U97/><E3/><V74/><F131/><W58/><G70/><T112/><D112/><U9/><E113/><V14/><F100/><N who="3" m="62871" /><G58/><T7/><D42/><U27/><E124/><V24/><F49/><W71/><G20/><T120/><D120/><U46/><E129/><V91/><F72/><W19/><G19/><T127/><D127/><U47/><E133/><V130/><F130/><W126/><G71/><T62/><REACH who="0" step="1"/><D80/><REACH who="0" ten="357,211,211,211" step="2"/><U32/><E40/><V39/><F83/><W51/><G128/><T61/><D61/><U75/><E38/><V117/><F39/><W45/><G126/><T66/><D66/><U41/><E41/><V135/><F135/><W123/><G123/><T48/><D48/><U94/><E82/><V53/><F63/><W106/><G51/><T15/><D15/><U111/><E13/><V115/><F14/><W132/><G132/><T12/><D12/><U103/><E27/><V37/><F25/><W43/><G43/><T34/><D34/><U109/><E32/><V55/><F24/><W125/><G125/><T57/><D57/><U65/><E65/><V104/><F59/><W33/><G33/><T23/><D23/><U88/><E9/><AGARI ba="1,1" hai="2,4,5,7,9,16,22,26,56,62,67,93,96,101" machi="9" ten="40,3900,0" yaku="1,1,54,1,53,0" doraHai="87" doraHaiUra="36" who="0" fromWho="1" sc="357,52,211,-42,211,0,211,0" /><INIT seed="0,2,0,0,2,117" ten="409,169,211,211" oya="0" hai0="5,76,0,3,102,108,34,116,130,24,33,52,18" hai1="77,13,132,83,127,78,53,109,4,50,85,134,59" hai2="125,28,11,114,74,1,107,45,49,101,90,111,14" hai3="93,37,35,81,58,19,95,91,84,88,110,61,92"/><T124/><D116/><U40/><E109/><V119/><F114/><W96/><G110/><T51/><D108/><U12/><E127/><V66/><F111/><W86/><G37/><T26/><D124/><U68/><E68/><V118/><F1/><W63/><G35/><T56/><D130/><U42/><E77/><V39/><F39/><W31/><G31/><T79/><D102/><U8/><REACH who="1" step="1"/><E13/><REACH who="1" ten="409,159,211,211" step="2"/><V126/><F14/><W128/><G128/><T32/><D76/><U133/><AGARI ba="2,1" hai="4,8,12,40,42,50,53,59,78,83,85,132,133,134" machi="133" ten="30,8000,1" yaku="1,1,2,1,0,1,20,1,53,1" doraHai="117" doraHaiUra="9" who="1" fromWho="1" sc="409,-42,159,96,211,-22,211,-22" /><INIT seed="1,0,0,3,3,131" ten="367,255,189,189" oya="1" hai0="18,59,91,123,35,12,60,97,29,5,80,20,7" hai1="31,110,14,113,17,34,65,120,46,127,74,0,114" hai2="42,105,68,55,84,63,101,21,1,92,58,66,126" hai3="54,70,119,32,122,52,82,100,85,64,89,67,25"/><U108/><E74/><V28/><F1/><W4/><G122/><T69/><D69/><U33/><E65/><V71/><F126/><W8/><G119/><T125/><D125/><U111/><E46/><V88/><F42/><W130/><G130/><T134/><D123/><U95/><E95/><V9/><F9/><W77/><G100/><T75/><D29/><U99/><E99/><V62/><F71/><W103/><G103/><T26/><D35/><N who="1" m="13323" /><E120/><V106/><REACH who="2" step="1"/><F101/><REACH who="2" ten="367,255,179,189" step="2"/><W48/><G70/><T96/><D7/><U23/><E127/><V116/><F116/><W87/><G8/><T104/><D5/><U118/><E118/><V83/><F83/><W36/><G4/><T56/><D80/><U78/><E0/><V27/><AGARI ba="0,1" hai="21,27,28,55,58,62,63,66,68,84,88,92,105,106" machi="27" ten="30,4000,0" yaku="1,1,0,1,54,1,53,0" doraHai="131" doraHaiUra="132" who="2" fromWho="2" sc="367,-10,255,-20,179,50,189,-10" /><INIT seed="2,0,0,0,0,16" ten="357,235,229,179" oya="2" hai0="117,114,18,75,14,27,102,32,51,127,83,65,125" hai1="36,8,56,33,87,11,113,9,122,46,3,48,80" hai2="109,24,34,79,99,115,131,17,95,6,81,53,5" hai3="128,61,23,26,69,41,82,7,76,13,25,57,88"/><V101/><F115/><W73/><G69/><T108/><D114/><U40/><E113/><V49/><F131/><W31/><G128/><T96/><D108/><U93/><E33/><V54/><F54/><W86/><G41/><T67/><D51/><U29/><E29/><V12/><F109/><W4/><G13/><T47/><D47/><U39/><E3/><V85/><F24/><W45/><G45/><T66/><D32/><U123/><E93/><V135/><F135/><W52/><REACH who="3" step="1"/><G26/><REACH who="3" ten="357,235,229,169" step="2"/><T103/><D27/><U132/><E132/><V130/><F130/><W92/><AGARI ba="0,1" hai="4,7,23,25,31,52,57,61,73,76,82,86,88,92" machi="92" ten="20,12000,2" yaku="1,1,2,1,0,1,7,1,52,1,54,2,53,0" doraHai="16" doraHaiUra="60" who="3" fromWho="3" sc="357,-30,235,-30,229,-60,169,130" /><INIT seed="3,0,0,0,5,31" ten="327,205,169,299" oya="3" hai0="119,115,40,71,27,51,5,0,24,62,87,22,110" hai1="19,11,16,6,29,129,135,7,105,84,125,98,130" hai2="94,88,116,47,132,37,13,43,57,99,58,79,104" hai3="2,1,48,52,93,23,134,111,89,108,20,15,82"/><W78/><G134/><T9/><D110/><N who="3" m="42025" /><G82/><T54/><D119/><U35/><E135/><V109/><F132/><W107/><G107/><T80/><D115/><U68/><E125/><V66/><F109/><W59/><G78/><T70/><D40/><U12/><E68/><V106/><F116/><W102/><G102/><T44/><D62/><U36/><E36/><V50/><F79/><W65/><G65/><T123/><D27/><N who="1" m="18879" /><E84/><V133/><F133/><W127/><G127/><T74/><D123/><U28/><E28/><V124/><F124/><W83/><G83/><T67/><D67/><U21/><E98/><V17/><F57/><W69/><G69/><T128/><D128/><N who="1" m="49259" /><E105/><V55/><REACH who="2" step="1"/><F66/><REACH who="2" ten="327,205,159,299" step="2"/><W72/><G72/><T112/><D74/><U120/><E120/><V117/><F117/><W91/><G91/><T96/><D71/><U95/><E95/><V113/><F113/><W81/><G81/><T121/><D70/><U38/><E38/><V100/><F100/><W85/><G23/><AGARI ba="0,1" hai="13,17,23,37,43,47,50,55,58,88,94,99,104,106" machi="23" ten="30,3900,0" yaku="1,1,7,1,54,1,53,0" doraHai="31" doraHaiUra="131" who="2" fromWho="3" sc="327,0,205,0,159,49,299,-39" /><INIT seed="4,0,0,2,2,30" ten="327,205,208,260" oya="0" hai0="17,51,130,46,48,117,60,23,39,57,79,85,100" hai1="21,13,89,73,84,56,77,113,8,74,10,54,40" hai2="16,106,50,97,116,20,88,131,47,27,121,43,72" hai3="31,126,36,132,6,35,123,108,53,32,41,24,18"/><T9/><D117/><U65/><E65/><V28/><F72/><W67/><G108/><T114/><D114/><U38/><E113/><V12/><F131/><W110/><G110/><T71/><D130/><U115/><E115/><V68/><F116/><W125/><G132/><T129/><D129/><U69/><E69/><V120/><F68/><W122/><G67/><T3/><D100/><U4/><E77/><V2/><F2/><W112/><G112/><T104/><D104/><U11/><E40/><V63/><F63/><W5/><G53/><T82/><D71/><U33/><E38/><V66/><F66/><W75/><G75/><T93/><D93/><N who="1" m="54439" /><E33/><N who="3" m="12874" /><G18/><T102/><D39/><U1/><E73/><V105/><F105/><W58/><G58/><T103/><D46/><U29/><E74/><V99/><F106/><W95/><G95/><T78/><D57/><U61/><E1/><V90/><F99/><W59/><G59/><T62/><D3/><U44/><E44/><V91/><REACH who="2" step="1"/><F97/><REACH who="2" ten="327,205,198,260" step="2"/><W87/><G87/><T124/><D85/><U135/><E135/><V15/><F15/><W96/><G96/><T119/><D62/><U70/><E70/><V128/><F128/><W22/><G123/><T25/><D60/><U98/><E98/><V14/><F14/><W81/><G122/><T118/><D118/><U52/><E13/><V94/><F94/><W133/><G133/><T111/><D119/><U7/><E61/><V34/><AGARI ba="0,1" hai="12,16,20,27,28,34,43,47,50,88,90,91,120,121" machi="34" ten="30,8000,1" yaku="1,1,0,1,52,1,54,2,53,0" doraHai="30" doraHaiUra="49" who="2" fromWho="2" sc="327,-40,205,-20,198,90,260,-20" /><INIT seed="5,0,0,2,1,40" ten="287,185,288,240" oya="1" hai0="38,15,13,98,30,108,26,66,118,47,113,82,74" hai1="23,135,61,121,45,35,69,31,124,99,79,52,34" hai2="122,3,90,78,106,39,20,72,88,67,110,17,63" hai3="50,112,58,19,18,32,134,89,102,101,25,9,129"/><U36/><E121/><V62/><F110/><W12/><G112/><T117/><D108/><U46/><E36/><V56/><F122/><W84/><G129/><T107/><D113/><U126/><E135/><V115/><F115/><W10/><G134/><T73/><D15/><U44/><E79/><V119/><F119/><W21/><G32/><N who="0" m="20567" /><D13/><U111/><E111/><V22/><F106/><W120/><G9/><T43/><D66/><N who="1" m="41167" /><E52/><V95/><F3/><W71/><G71/><T8/><D8/><U16/><E99/><V104/><F104/><W125/><G125/><N who="1" m="48234" /><E31/><V97/><F39/><W92/><G120/><T2/><D2/><U130/><E130/><V83/><F17/><W55/><AGARI ba="0,0" hai="10,12,18,19,21,25,50,55,58,84,89,92,101,102" machi="55" ten="30,2000,0" yaku="0,1,8,1" doraHai="40" who="3" fromWho="3" sc="287,-5,185,-10,288,-5,240,20" /><INIT seed="6,0,0,4,0,114" ten="282,175,283,260" oya="2" hai0="125,23,49,67,113,45,59,116,32,34,127,122,44" hai1="134,9,46,61,135,6,63,108,129,4,95,132,47" hai2="54,100,78,48,36,126,68,106,109,84,12,66,8" hai3="26,50,82,24,65,99,41,15,87,35,31,119,112"/><V115/><F36/><W38/><G38/><T69/><D122/><U92/><E9/><V102/><F115/><W103/><G112/><T81/><D113/><U121/><E108/><V107/><F109/><W11/><G26/><T73/><D69/><U3/><E3/><V83/><F126/><W124/><G124/><T133/><D133/><U111/><E111/><V53/><F68/><W110/><G65/><T85/><D73/><U96/><E96/><V40/><F66/><W64/><G64/><T75/><D75/><U97/><E97/><V101/><F106/><W91/><G110/><T70/><D70/><U13/><E13/><V123/><F107/><W43/><G50/><T62/><D23/><U118/><E129/><V72/><F72/><W10/><G10/><T14/><D14/><U104/><E104/><V39/><F39/><W57/><G57/><T52/><D45/><N who="1" m="16907" /><E121/><V131/><F131/><W80/><G80/><T76/><D125/><U130/><E130/><V27/><F123/><W89/><G89/><T28/><D127/><U22/><E22/><V77/><F77/><W21/><G35/><T120/><D120/><U90/><E90/><V128/><F128/><W55/><G55/><T71/><D32/><U18/><E18/><N who="2" m="8455" /><F27/><W105/><G119/><T16/><D116/><U2/><E118/><V58/><F53/><W20/><REACH who="3" step="1"/><G20/><REACH who="3" ten="282,175,283,250" step="2"/><T33/><D71/><U1/><E1/><V29/><F40/><W56/><G56/><T88/><D34/><U7/><E2/><V19/><F29/><W60/><G60/><AGARI ba="0,1" hai="4,6,7,60,61,63,92,95,132,134,135" m="16907" machi="60" ten="40,5200,0" yaku="28,2,20,1" doraHai="114" who="1" fromWho="3" sc="282,0,175,62,283,0,250,-52" /><INIT seed="7,0,0,0,5,107" ten="282,237,283,198" oya="3" hai0="24,127,27,92,11,37,114,122,41,19,91,80,71" hai1="133,17,70,118,18,56,89,113,128,112,101,126,38" hai2="50,54,5,30,6,108,115,58,65,29,49,14,121" hai3="120,98,60,134,76,132,26,95,110,31,81,25,69"/><W46/><G120/><T9/><D122/><U84/><E70/><V82/><F121/><W47/><G110/><T93/><D71/><U88/><E126/><V8/><F108/><W67/><G25/><T44/><D127/><U3/><E38/><V100/><F115/><N who="1" m="44105" /><E128/><V75/><F100/><W64/><G64/><T34/><D114/><U66/><E3/><V103/><F103/><W36/><G36/><T63/><D92/><N who="1" m="54279" /><E133/><N who="3" m="51306" /><G95/><T74/><D34/><U131/><E101/><V16/><F65/><W83/><G98/><T78/><D63/><N who="1" m="38247" /><E118/><V129/><F129/><W130/><G130/><T59/><D59/><U111/><E111/><V13/><F50/><W85/><G83/><T23/><D24/><U96/><E131/><V62/><F49/><W48/><G48/><T102/><D102/><U116/><E116/><V125/><F125/><W97/><G97/><AGARI ba="0,0" hai="9,11,19,23,27,37,41,44,74,78,80,91,93,97" machi="97" ten="30,2000,0" yaku="7,1,52,1" doraHai="107" who="0" fromWho="3" sc="282,20,237,0,283,0,198,-20" owari="302,40.2,237,-16.3,283,8.3,178,-32.2" /></mjloggm>