<mjloggm ver="2.3"><GO type="169" lobby="0"/><UN n0="%E5%8F%B3%E8%84%B3%E8%A9%B0%E3%82%81" n1="%E4%BF%9D%E8%82%B2%E5%A3%AB" n2="%E3%81%8B%E3%81%AA%E3%81%8D%E3%83%BC" n3="%E9%9B%AA%E3%81%AE%E8%8F%AF" dan="17,16,17,16" rate="2199.73,2170.78,2226.74,2080.14" sx="M,M,F,F"/><TAIKYOKU oya="0"/><INIT seed="0,0,0,3,2,26" ten="250,250,250,250" oya="0" hai0="70,12,36,27,101,58,100,0,102,29,99,20,109" hai1="95,76,66,83,67,93,3,105,24,111,32,65,59" hai2="41,87,71,48,18,73,42,6,50,15,49,16,51" hai3="134,110,2,47,132,115,57,97,37,34,60,119,8"/><T88/><D70/><U45/><E105/><V98/><F73/><W79/><G110/><T116/><D116/><U56/><E111/><V84/><F71/><W1/><G115/><T135/><D0/><U80/><E3/><V78/><N who="2" m="12288" /><DORA hai="23" /><V30/><F78/><W68/><G34/><T128/><D36/><U7/><E7/><V103/><F6/><W46/><G68/><T72/><D72/><U11/><E11/><V124/><F124/><W91/><G79/><T25/><D109/><U63/><E45/><V126/><F126/><W90/><G119/><T82/><D128/><U4/><E4/><V62/><F62/><W55/><G37/><T31/><D135/><N who="3" m="51753" /><G8/><T19/><D58/><U122/><E122/><V106/><F106/><W43/><G43/><T117/><D117/><U94/><E56/><V121/><F121/><W133/><G133/><T9/><D82/><U123/><E123/><V38/><F38/><W54/><G1/><T22/><D88/><N who="3" m="33833" /><G2/><T5/><D5/><U35/><E83/><V118/><F118/><W69/><G69/><T13/><D12/><U28/><REACH who="1" step="1"/><E35/><REACH who="1" ten="250,240,250,250" step="2"/><V107/><F107/><AGARI ba="0,1" hai="9,13,19,20,22,25,27,29,31,99,100,101,102,107" machi="107" ten="30,18000,2" yaku="7,1,9,1,52,4" doraHai="26,23" who="0" fromWho="2" sc="250,190,240,0,250,-180,250,0" /><INIT seed="0,1,0,5,0,10" ten="440,240,70,250" oya="0" hai0="114,74,88,123,135,41,108,30,99,38,32,36,83" hai1="57,58,27,55,81,19,51,66,48,109,112,62,118" hai2="45,71,35,101,80,5,8,79,3,7,106,69,124" hai3="131,92,103,23,82,105,60,111,115,117,37,65,119"/><T125/><D114/><U95/><E118/><V98/><F124/><W17/><G115/><T49/><D123/><U4/><E112/><V107/><F35/><W1/><G1/><T25/><D125/><U87/><E109/><V128/><F128/><W54/><G37/><T42/><D135/><U91/><E4/><V21/><F7/><W28/><G105/><T16/><D108/><U73/><E73/><V39/><F21/><W120/><G120/><T102/><D49/><U134/><E134/><V113/><F107/><W24/><G111/><T104/><D74/><U67/><E48/><V127/><F127/><W63/><G131/><T61/><D61/><U90/><E27/><V72/><F113/><W122/><G82/><T40/><REACH who="0" step="1"/><D16/><REACH who="0" ten="430,240,70,250" step="2"/><U89/><E19/><V76/><F76/><W96/><G122/><T86/><AGARI ba="1,1" hai="25,30,32,36,38,40,41,42,83,86,88,99,102,104" machi="86" ten="30,12000,1" yaku="1,1,2,1,0,1,54,1,53,1" doraHai="10" doraHaiUra="31" who="0" fromWho="0" sc="430,133,240,-41,70,-41,250,-41" /><INIT seed="0,2,0,5,0,46" ten="563,199,29,209" oya="0" hai0="0,125,93,129,21,90,44,96,51,91,83,13,7" hai1="43,81,94,75,63,65,15,5,131,133,58,101,87" hai2="134,109,61,86,29,3,113,135,42,8,112,22,54" hai3="50,70,124,88,32,85,19,123,9,107,132,114,116"/><T79/><D129/><U66/><E131/><V47/><F109/><W89/><G114/><T76/><D125/><U104/><E133/><N who="2" m="50699" /><F86/><W49/><G107/><T48/><D0/><U10/><E104/><V18/><F54/><W4/><G116/><T34/><D34/><U69/><E75/><V33/><F61/><W64/><G32/><T12/><D44/><U2/><E43/><V119/><F119/><W110/><G110/><T28/><D90/><U59/><E2/><V55/><F55/><W97/><G123/><T102/><D102/><U122/><E122/><V38/><F29/><W99/><G70/><T11/><D79/><U72/><E72/><V92/><F92/><W126/><G64/><T52/><D52/><U37/><E37/><V120/><F33/><W121/><G132/><T36/><D36/><U71/><E71/><V73/><F73/><W77/><G121/><T1/><D1/><U57/><E94/><V24/><F120/><W111/><G77/><T98/><D28/><U105/><E105/><V6/><AGARI ba="2,0" hai="3,6,8,18,22,24,38,42,47,112,113" m="50699" machi="6" ten="30,1100,0" yaku="20,1" doraHai="46" who="2" fromWho="2" sc="563,-7,199,-5,29,17,209,-5" /><INIT seed="1,0,0,3,1,65" ten="556,194,46,204" oya="1" hai0="116,133,0,92,35,73,67,61,28,18,14,99,55" hai1="109,22,40,121,49,100,21,110,2,135,57,8,88" hai2="45,1,42,132,50,52,104,17,7,48,130,64,5" hai3="76,59,102,103,85,93,91,108,51,119,15,117,118"/><U115/><E115/><V46/><F130/><W37/><G37/><T113/><D113/><U41/><E121/><V75/><F132/><W82/><G15/><T68/><D73/><U134/><E100/><N who="3" m="38442" /><G59/><T129/><D0/><U54/><E88/><V47/><F104/><W97/><G51/><T111/><D116/><U106/><E106/><V72/><F64/><W120/><G120/><T33/><D111/><AGARI ba="0,0" hai="76,82,85,91,93,97,108,111,117,118,119" m="38442" machi="111" ten="40,5200,0" yaku="12,1,34,2" doraHai="65" who="3" fromWho="0" sc="556,-52,194,0,46,0,204,52" /><INIT seed="2,0,0,4,1,7" ten="504,194,46,256" oya="2" hai0="26,70,8,81,118,38,73,86,16,121,49,83,98" hai1="100,111,63,18,74,97,116,89,85,62,40,23,54" hai2="52,107,87,95,27,41,115,57,96,46,9,135,31" hai3="39,90,129,2,53,30,105,20,106,33,42,128,92"/><V126/><F115/><W10/><G33/><T117/><D38/><U4/><E74/><V132/><F107/><W103/><G103/><T29/><D70/><U112/><E116/><N who="0" m="44649" /><D121/><U0/><E112/><V15/><F87/><W82/><G82/><T3/><D98/><U110/><E40/><V59/><F126/><W22/><G53/><T109/><D109/><N who="1" m="41483" /><E54/><V6/><F46/><W17/><G42/><T88/><D49/><U48/><E48/><V91/><F41/><W134/><G39/><T43/><D43/><U127/><E127/><V102/><F102/><W21/><G134/><N who="2" m="51241" /><F52/><W60/><G60/><T122/><D122/><U99/><E99/><V108/><F108/><W72/><G72/><T101/><D101/><U61/><E97/><V47/><F47/><W119/><G119/><T120/><D120/><U5/><E100/><V131/><F131/><W32/><G129/><T130/><D130/><U125/><E125/><V66/><F66/><W124/><G128/><T58/><D58/><U114/><E114/><V84/><F96/><W68/><G124/><T78/><D3/><U79/><E0/><V71/><F71/><W77/><G68/><T94/><D78/><U36/><E79/><V67/><F67/><W69/><G69/><T50/><D50/><U25/><E36/><V24/><F24/><N who="3" m="18503" /><G77/><T133/><D73/><U45/><E45/><V1/><F1/><W28/><G2/><T13/><D133/><U113/><E113/><V55/><F55/><W56/><G105/><T37/><D37/><U44/><E44/><V75/><F75/><W51/><G106/><RYUUKYOKU ba="0,0" sc="504,10,194,10,46,10,256,-30" hai0="8,13,16,26,29,81,83,86,88,94" hai1="4,5,18,23,25,61,62,63,85,89" hai2="6,9,15,27,31,57,59,84,91,95" /><INIT seed="2,1,0,5,0,104" ten="514,204,56,226" oya="2" hai0="50,129,9,18,5,0,34,13,78,54,108,65,105" hai1="59,15,109,116,69,94,90,7,3,29,135,21,55" hai2="121,120,84,62,81,111,125,76,19,88,28,98,66" hai3="48,93,123,32,99,2,73,82,77,118,126,22,43"/><V70/><F125/><W47/><G118/><T132/><D105/><U60/><E116/><V38/><F38/><W17/><G32/><T95/><D108/><U1/><E109/><V30/><F111/><W107/><G126/><T8/><D132/><U16/><E135/><V64/><F64/><W74/><G123/><T101/><D129/><U117/><E117/><V23/><F98/><W46/><G2/><T25/><D65/><U80/><E69/><V53/><F53/><W89/><G107/><T102/><D95/><U114/><E114/><V36/><F36/><W68/><G68/><T52/><D54/><U6/><E1/><V72/><F121/><W83/><G47/><T113/><D78/><U63/><E80/><V128/><F128/><W130/><G130/><T86/><D86/><N who="1" m="52567" /><E3/><V31/><F120/><W92/><G92/><T35/><D35/><U49/><E29/><V79/><REACH who="2" step="1"/><F72/><REACH who="2" ten="514,204,46,226" step="2"/><W71/><G71/><T75/><D75/><U91/><E91/><V85/><F85/><W87/><REACH who="3" step="1"/><G82/><REACH who="3" ten="514,204,46,216" step="2"/><T24/><D113/><U134/><E134/><V33/><F33/><W41/><G41/><T110/><D34/><U97/><E97/><V112/><F112/><W10/><G10/><T40/><D110/><U103/><E103/><V127/><F127/><W56/><G56/><N who="0" m="32791" /><D40/><U37/><E37/><V39/><F39/><W61/><G61/><AGARI ba="1,2" hai="6,7,15,16,21,49,55,59,60,61,63" m="52567" machi="61" ten="30,3900,0" yaku="25,1,8,1,54,1" doraHai="104" who="1" fromWho="3" sc="514,0,204,62,46,0,216,-42" /><INIT seed="3,0,0,1,4,112" ten="514,266,46,174" oya="3" hai0="135,38,11,109,5,89,37,2,31,1,36,123,7" hai1="13,46,129,74,128,131,59,86,106,49,81,12,32" hai2="48,80,75,125,118,54,58,68,103,18,110,105,16" hai3="62,104,69,119,51,92,77,87,99,130,95,78,56"/><W94/><G119/><T126/><D123/><U108/><E108/><V61/><F110/><W21/><G130/><T82/><D109/><U41/><E74/><V120/><F125/><W114/><G114/><T90/><D126/><U17/><E106/><V70/><F120/><W122/><G122/><T132/><D31/><U101/><E101/><V33/><F33/><W98/><G69/><T65/><D65/><U23/><E32/><V53/><F118/><W84/><G104/><T26/><D26/><U47/><E46/><V15/><F105/><W42/><G21/><T121/><D121/><U72/><E59/><V29/><F103/><W39/><G39/><T52/><D52/><U44/><E44/><V25/><F25/><W22/><G22/><T96/><D96/><N who="3" m="36905" /><G51/><T88/><D82/><U76/><E72/><V127/><F29/><W111/><G42/><T9/><AGARI ba="0,0" hai="1,2,5,7,9,11,36,37,38,88,89,90,132,135" machi="9" ten="40,5200,0" yaku="0,1,9,1,54,1" doraHai="112" who="0" fromWho="0" sc="514,52,266,-13,46,-13,174,-26" /><INIT seed="4,0,0,0,4,124" ten="566,253,33,148" oya="0" hai0="76,81,74,51,109,18,86,132,99,20,49,88,25" hai1="128,134,66,43,105,61,117,114,62,58,111,34,92" hai2="23,122,4,47,78,100,5,127,30,98,28,32,36" hai3="22,112,13,95,17,85,35,48,72,130,33,87,11"/><T107/><D132/><U79/><E105/><V120/><F127/><W77/><G112/><T19/><D109/><U37/><E117/><V125/><F125/><W7/><G130/><T70/><D70/><U57/><E34/><V52/><F32/><W106/><G106/><T59/><D59/><U113/><E79/><V116/><F78/><W69/><G69/><T102/><D19/><U24/><E24/><V108/><F108/><W0/><G72/><T75/><D74/><U133/><E92/><AGARI ba="0,0" hai="18,20,25,49,51,75,76,81,86,88,92,99,102,107" machi="92" ten="30,11600,0" yaku="7,1,24,2,54,1" doraHai="124" who="0" fromWho="1" sc="566,116,253,-116,33,0,148,0" /><INIT seed="4,1,0,3,5,94" ten="682,137,33,148" oya="0" hai0="123,48,117,126,52,105,103,46,5,56,135,57,122" hai1="25,78,93,130,49,108,109,79,39,116,101,97,53" hai2="133,68,24,131,86,55,42,8,11,114,32,67,40" hai3="23,30,69,37,38,14,92,120,62,82,112,118,27"/><T9/><D117/><U26/><E39/><V128/><F114/><W64/><G118/><T20/><D135/><U125/><E116/><V65/><F133/><W99/><G112/><T76/><D126/><U89/><E125/><V58/><F86/><W91/><G120/><T119/><D119/><U111/><E130/><N who="2" m="49707" /><F32/><W36/><G14/><T90/><D76/><U87/><E78/><V88/><F88/><W106/><G106/><T15/><D57/><U10/><E79/><V66/><F24/><W121/><G121/><T17/><D90/><U3/><E10/><N who="2" m="3627" /><F68/><W72/><REACH who="3" step="1"/><G82/><REACH who="3" ten="682,137,33,138" step="2"/><T54/><D122/><U22/><E3/><V129/><N who="2" m="49715" /><V16/><DORA hai="50" /><F16/><W31/><G31/><T95/><D123/><U59/><REACH who="1" step="1"/><E22/><REACH who="1" ten="682,127,33,138" step="2"/><V100/><F100/><W12/><G12/><T43/><D20/><U85/><E85/><V0/><F0/><W75/><AGARI ba="1,2" hai="23,27,30,36,37,38,62,64,69,72,75,91,92,99" machi="75" ten="40,5200,0" yaku="1,1,0,1,52,1,53,0" doraHai="94,50" doraHaiUra="47,81" who="3" fromWho="3" sc="682,-27,127,-14,33,-14,138,75" /><INIT seed="5,0,0,1,5,124" ten="655,113,19,213" oya="1" hai0="84,85,78,73,59,135,118,63,50,100,125,75,114" hai1="131,126,1,93,86,4,66,132,55,56,70,53,104" hai2="49,91,14,18,15,65,122,24,31,46,129,37,2" hai3="60,81,117,32,127,76,82,54,5,0,90,123,80"/><U95/><E104/><V121/><F2/><W69/><G123/><T107/><D118/><U40/><E126/><V87/><F37/><W39/><G127/><T27/><D125/><U44/><E132/><V51/><F65/><W25/><G39/><T30/><D50/><U67/><E1/><V10/><F15/><W105/><G105/><T71/><D114/><U36/><E4/><V83/><F49/><W64/><G117/><T120/><D120/><U113/><E113/><V29/><F29/><W130/><G130/><T17/><D17/><U97/><E131/><V116/><F116/><W115/><G5/><T9/><D9/><U68/><E86/><V133/><F133/><W102/><G0/><T111/><D111/><U38/><E97/><V11/><F10/><W134/><G102/><T47/><D71/><U128/><E128/><V22/><REACH who="2" step="1"/><F129/><REACH who="2" ten="655,113,9,213" step="2"/><W74/><G134/><T106/><D30/><U98/><E36/><V43/><AGARI ba="0,1" hai="11,14,18,22,24,31,43,46,51,83,87,91,121,122" machi="43" ten="20,8000,1" yaku="1,1,2,1,0,1,7,1,53,1" doraHai="124" doraHaiUra="16" who="2" fromWho="2" sc="655,-20,113,-40,9,90,213,-20" /><INIT seed="6,0,0,5,3,85" ten="635,73,99,193" oya="2" hai0="88,26,45,115,127,62,34,68,24,70,43,105,128" hai1="126,23,28,74,92,94,59,134,95,60,25,19,32" hai2="73,5,97,55,47,113,135,46,118,29,104,10,80" hai3="111,35,50,42,53,63,108,69,3,64,124,4,87"/><V12/><F118/><W101/><G35/><T49/><D105/><U54/><E134/><V41/><F113/><W133/><G124/><T112/><D128/><U20/><E126/><V13/><F135/><W30/><G133/><T56/><D88/><U17/><E74/><V57/><F29/><W82/><G30/><T27/><D34/><U31/><REACH who="1" step="1"/><E32/><REACH who="1" ten="635,63,99,193" step="2"/><V121/><F73/><W48/><G111/><T114/><D127/><U91/><E91/><V96/><F121/><W33/><G108/><T110/><D110/><U58/><E58/><V102/><F57/><W81/><G33/><T83/><D83/><U78/><E78/><V84/><F80/><W71/><G82/><T86/><D86/><U6/><E6/><V75/><F5/><W72/><G81/><T61/><D56/><U39/><E39/><V90/><F75/><W66/><G4/><T77/><D77/><U106/><E106/><V38/><F38/><W129/><G72/><T16/><D68/><U116/><E116/><V132/><F104/><W14/><G69/><T1/><D70/><U0/><E0/><V76/><F76/><W93/><G71/><T98/><D1/><U7/><E7/><V131/><F84/><W2/><G2/><T107/><D107/><U100/><E100/><V125/><F102/><W89/><G3/><T36/><D112/><U67/><E67/><V37/><F125/><W122/><G64/><T65/><D114/><U109/><E109/><V9/><F37/><W120/><G66/><T44/><D115/><U103/><E103/><V79/><F132/><W21/><G101/><RYUUKYOKU ba="0,1" sc="635,-10,63,30,99,-10,193,-10" hai1="17,19,20,23,25,28,31,54,59,60,92,94,95" /><INIT seed="7,1,1,0,2,21" ten="625,93,89,183" oya="3" hai0="105,19,94,91,88,119,32,85,86,10,124,75,44" hai1="56,39,35,54,97,2,55,133,11,113,71,84,98" hai2="115,112,130,74,60,72,90,103,6,37,128,127,117" hai3="24,26,40,48,62,36,51,77,129,38,134,107,20"/><W8/><G107/><T96/><D119/><U23/><E71/><V66/><F117/><W14/><G62/><T70/><D70/><U118/><E35/><V100/><F127/><W25/><G77/><T101/><D32/><U67/><E39/><V16/><F37/><W1/><G1/><T7/><D124/><U76/><E118/><V52/><F6/><W92/><G36/><T27/><D44/><U12/><E2/><V43/><F43/><W81/><G38/><T89/><D75/><N who="2" m="28714" /><F52/><N who="1" m="20009" /><E23/><V120/><F120/><W93/><G81/><T114/><D114/><N who="2" m="43562" /><F90/><W68/><G68/><T50/><D50/><U110/><E113/><V123/><F123/><W58/><G51/><T122/><D122/><U104/><E110/><V73/><N who="2" m="28722" /><V3/><DORA hai="99" /><F3/><W116/><G48/><T17/><D17/><N who="1" m="8351" /><E104/><V121/><F121/><W111/><G116/><T5/><D89/><U34/><E34/><V82/><F82/><W41/><G111/><T64/><D64/><U13/><E133/><V126/><F126/><W83/><G134/><T87/><D91/><U63/><E13/><V0/><F0/><W28/><G83/><AGARI ba="1,1" hai="56,63,67,76,83,84,97,98" m="8351,20009" machi="83" ten="30,2000,0" yaku="8,1,54,1" doraHai="21,99" who="1" fromWho="3" sc="625,0,93,33,89,0,183,-23" owari="625,72.5,126,-27.4,89,-41.1,160,-4.0" /></mjloggm>