<mjloggm ver="2.3"><GO type="169" lobby="0"/><UN n0="%E5%B1%B1%E6%9C%AC%E6%83%A3%E4%B8%80%E6%9C%97" n1="%E3%83%AD%E3%83%AD%E3%82%93" n2="%6F%6B%62%6F%6B%62" n3="%E3%81%93%E3%81%AB" dan="17,16,17,16" rate="2196.18,2144.07,2185.36,2147.93" sx="M,M,M,M"/><TAIKYOKU oya="0"/><INIT seed="0,0,0,5,3,56" ten="250,250,250,250" oya="0" hai0="44,48,30,39,132,28,45,42,113,63,73,111,20" hai1="26,133,102,40,104,31,67,54,77,7,79,41,75" hai2="72,6,88,134,16,50,15,24,116,46,52,128,76" hai3="1,109,10,66,70,33,126,114,122,51,29,53,106"/><T35/><D113/><U96/><E133/><V65/><F134/><W127/><G29/><T78/><D132/><U12/><E12/><V81/><F116/><W59/><G10/><T19/><D111/><U18/><E7/><V94/><F65/><W4/><G4/><T115/><D115/><U13/><E54/><V125/><F125/><N who="3" m="47627" /><G33/><T43/><D35/><U71/><E79/><V105/><F105/><W135/><G106/><T32/><D32/><U91/><E91/><V121/><F121/><W83/><G83/><T55/><D78/><U5/><E5/><V110/><F110/><W58/><G1/><T22/><D73/><U23/><E77/><V103/><F6/><W117/><G114/><T49/><D22/><U61/><REACH who="1" step="1"/><E75/><REACH who="1" ten="250,240,250,250" step="2"/><V34/><F103/><W14/><G14/><N who="0" m="9335" /><D39/><U93/><E93/><V98/><F128/><W97/><G135/><T129/><D129/><U80/><E80/><V107/><F107/><W47/><G109/><T82/><D82/><U68/><E68/><V90/><F90/><W36/><G36/><T3/><D3/><U119/><E119/><V95/><F95/><W60/><G117/><T25/><D25/><U27/><E27/><V99/><F24/><W124/><G124/><T87/><D87/><U8/><AGARI ba="0,1" hai="8,13,18,23,26,31,40,41,61,67,71,96,102,104" machi="8" ten="20,8000,1" yaku="1,1,0,1,7,1,52,1,53,1" doraHai="56" doraHaiUra="21" who="1" fromWho="1" sc="250,-40,240,90,250,-20,250,-20" /><INIT seed="1,0,0,2,5,4" ten="210,330,230,230" oya="1" hai0="13,91,25,56,132,95,96,16,34,104,58,126,7" hai1="112,12,84,124,83,41,75,111,62,101,55,66,26" hai2="73,115,93,35,99,27,94,67,78,30,134,8,74" hai3="60,64,68,130,21,70,125,33,38,17,14,63,20"/><U48/><E112/><V69/><F134/><W31/><G125/><T61/><D126/><U46/><E124/><V1/><F93/><W51/><G38/><T92/><D132/><U57/><E101/><V71/><F115/><W42/><G130/><T109/><D109/><U102/><E102/><V114/><F114/><W119/><G119/><T106/><D7/><U19/><E75/><V76/><F74/><W90/><G90/><T123/><D123/><U81/><E111/><V116/><F116/><W54/><G42/><T122/><D122/><U80/><E26/><V23/><F35/><W45/><G33/><T105/><D95/><U65/><REACH who="1" step="1"/><E84/><REACH who="1" ten="210,320,230,230" step="2"/><V22/><F73/><W72/><G72/><T29/><REACH who="0" step="1"/><D61/><REACH who="0" ten="200,320,230,230" step="2"/><U3/><E3/><V24/><F1/><W11/><G63/><T100/><D100/><U118/><E118/><V77/><F99/><W44/><G60/><T121/><D121/><U88/><E88/><V135/><F135/><W50/><G14/><T97/><D97/><U0/><E0/><V98/><F98/><W133/><G133/><T37/><D37/><U6/><E6/><V59/><F76/><W113/><G113/><T10/><AGARI ba="0,2" hai="10,13,16,25,29,34,56,58,91,92,96,104,105,106" machi="10" ten="30,7900,0" yaku="1,1,0,1,52,1,54,1,53,0" doraHai="4" doraHaiUra="79" who="0" fromWho="0" sc="200,99,320,-39,230,-20,230,-20" /><INIT seed="2,0,0,3,3,41" ten="299,281,210,210" oya="2" hai0="32,44,33,95,29,47,0,134,94,28,66,133,65" hai1="17,82,116,125,63,18,100,115,128,61,25,84,97" hai2="83,130,23,64,12,13,59,103,69,111,60,101,24" hai3="31,107,80,85,79,102,114,9,104,106,126,5,39"/><V6/><F130/><W54/><G39/><T19/><REACH who="0" step="1"/><D19/><REACH who="0" ten="289,281,210,210" step="2"/><U86/><E17/><V55/><F111/><W36/><G36/><T4/><D4/><U37/><E37/><V51/><F83/><W122/><G5/><T93/><D93/><U113/><E128/><V76/><F76/><W129/><G79/><T10/><D10/><U98/><E18/><V77/><F77/><W112/><G9/><T109/><D109/><U48/><E115/><V14/><REACH who="2" step="1"/><F6/><REACH who="2" ten="289,281,200,210" step="2"/><W3/><G80/><T27/><D27/><U43/><E82/><V135/><F135/><W99/><G114/><T30/><D30/><AGARI ba="0,2" hai="12,13,14,23,24,30,51,55,59,60,64,69,101,103" machi="30" ten="40,3900,0" yaku="1,1,53,1" doraHai="41" doraHaiUra="53" who="2" fromWho="0" sc="289,-39,281,0,200,59,210,0" /><INIT seed="2,1,0,3,3,46" ten="250,281,259,210" oya="2" hai0="5,97,66,111,34,44,7,10,0,29,40,114,19" hai1="105,124,68,36,49,8,104,82,57,112,100,121,120" hai2="130,20,58,71,22,18,50,128,65,56,91,119,116" hai3="115,15,102,60,106,90,89,37,32,16,99,23,35"/><V1/><F1/><W110/><G110/><T117/><D114/><U127/><E36/><V21/><F91/><W13/><G115/><T80/><D111/><U135/><E68/><V86/><F86/><W64/><G37/><T28/><D117/><U103/><E112/><V30/><F30/><W62/><G62/><T73/><D7/><U81/><E8/><V96/><F96/><W126/><G126/><N who="1" m="48170" /><E57/><V48/><F18/><W92/><G13/><T87/><D34/><U4/><E4/><V107/><F71/><W133/><G133/><T3/><D3/><U61/><E61/><V69/><F69/><W84/><REACH who="3" step="1"/><G90/><REACH who="3" ten="250,281,259,200" step="2"/><T42/><D66/><U11/><E135/><V113/><F113/><W63/><G63/><T95/><D0/><U79/><E121/><V94/><F65/><W43/><G43/><T47/><D42/><U85/><E11/><V14/><F14/><W6/><G6/><T122/><D5/><U72/><E49/><N who="2" m="19051" /><F107/><N who="1" m="41033" /><E120/><V108/><F108/><W101/><G101/><T118/><D122/><U17/><E17/><V33/><F116/><W59/><AGARI ba="1,1" hai="15,16,23,32,35,59,60,64,84,89,92,99,102,106" machi="59" ten="20,8000,1" yaku="1,1,0,1,7,1,54,1,53,1" doraHai="46" doraHaiUra="93" who="3" fromWho="3" sc="250,-21,281,-21,259,-41,200,93" /><INIT seed="3,0,0,3,1,50" ten="229,260,218,293" oya="3" hai0="30,12,107,29,38,15,18,125,60,9,41,23,57" hai1="129,106,97,36,62,114,105,104,94,24,44,70,17" hai2="108,6,123,52,10,79,11,72,101,63,119,121,83" hai3="85,118,76,89,19,77,42,21,35,28,95,53,14"/><W124/><G118/><T48/><D107/><U66/><E129/><V67/><F119/><W39/><G124/><T126/><D38/><U78/><E78/><V127/><F127/><N who="0" m="48650" /><D48/><U32/><E114/><V43/><F43/><W128/><G128/><T64/><D41/><U115/><E115/><V110/><F101/><W134/><G134/><T80/><D80/><U88/><E36/><V103/><F103/><W40/><G40/><T37/><D37/><U84/><E44/><V7/><F67/><W109/><G109/><N who="2" m="42089" /><F10/><W25/><G42/><T46/><D46/><U117/><E117/><V71/><F71/><W135/><G39/><T90/><D90/><U31/><REACH who="1" step="1"/><E17/><AGARI ba="0,0" hai="9,12,15,17,18,23,29,30,57,60,64" m="48650" machi="17" ten="30,1000,0" yaku="18,1" doraHai="50" who="0" fromWho="1" sc="229,10,260,-10,218,0,293,0" /><INIT seed="4,0,0,3,3,123" ten="239,250,218,293" oya="0" hai0="119,16,18,85,86,41,38,74,65,60,73,110,8" hai1="6,40,105,39,82,113,36,47,61,17,92,3,44" hai2="11,134,57,7,81,122,112,5,2,19,77,94,103" hai3="111,79,76,89,24,55,127,22,80,43,70,95,15"/><T135/><D119/><U9/><E105/><V63/><F122/><W27/><G70/><T98/><D135/><U129/><E129/><V117/><F117/><W64/><G64/><T48/><D38/><U54/><E113/><V121/><F121/><W50/><G43/><T14/><D110/><U133/><E133/><V59/><F134/><W88/><G111/><T33/><D33/><U125/><E125/><V4/><F112/><W87/><G15/><T124/><D124/><U31/><E31/><V116/><F116/><W21/><G21/><T104/><D74/><U53/><E92/><V10/><F59/><W97/><G27/><T78/><D18/><U46/><E17/><V37/><F37/><W72/><G72/><T20/><D8/><U12/><E3/><V75/><F94/><W132/><G127/><T108/><D108/><U34/><E34/><V109/><F81/><W35/><G35/><T13/><D13/><U58/><E82/><V68/><F19/><N who="3" m="12383" /><G132/><T99/><D73/><U84/><E84/><V130/><F75/><W25/><G25/><T28/><D28/><U102/><E102/><V29/><F103/><W96/><G96/><N who="0" m="36907" /><D78/><U56/><REACH who="1" step="1"/><E39/><REACH who="1" ten="239,240,218,293" step="2"/><V66/><F2/><W93/><G80/><T23/><D104/><U45/><E45/><AGARI ba="0,1" hai="45,50,55,76,79,87,88,89,93,95,97" m="12383" machi="45" ten="30,2000,0" yaku="8,1,54,1" doraHai="123" who="3" fromWho="1" sc="239,0,240,-20,218,0,293,30" /><INIT seed="5,0,0,4,2,94" ten="239,220,218,323" oya="1" hai0="82,57,17,99,26,1,77,11,56,49,9,16,126" hai1="22,131,115,30,45,58,66,52,60,50,134,95,61" hai2="104,69,85,112,88,130,7,113,34,74,91,35,70" hai3="4,118,80,75,114,10,90,106,59,89,108,65,68"/><U33/><E33/><N who="2" m="12299" /><F7/><W83/><G108/><T110/><D110/><U46/><E115/><N who="2" m="44107" /><F74/><W5/><G68/><N who="2" m="26217" /><F130/><W96/><G75/><T86/><D126/><U98/><E134/><V64/><F64/><W116/><G65/><T101/><D1/><U97/><E131/><V127/><F127/><W122/><G114/><T67/><D67/><U87/><E61/><V6/><F6/><W123/><G59/><N who="0" m="22603" /><D49/><U0/><E0/><V32/><N who="2" m="12307" /><V8/><DORA hai="19" /><F8/><N who="0" m="3146" /><D26/><N who="1" m="16727" /><E46/><V55/><F55/><W25/><G25/><T29/><D29/><U39/><E39/><V93/><F91/><AGARI ba="0,0" hai="45,50,52,58,60,66,87,91,95,97,98" m="16727" machi="91" ten="30,12000,1" yaku="8,1,52,3,54,1" doraHai="94,19" who="1" fromWho="2" sc="239,0,220,120,218,-120,323,0" /><INIT seed="5,1,0,0,4,9" ten="239,340,98,323" oya="1" hai0="127,62,68,35,42,56,120,50,51,47,72,134,22" hai1="94,78,18,132,125,71,126,24,107,15,88,57,73" hai2="87,21,83,98,38,37,89,118,130,74,27,44,75" hai3="86,2,8,0,110,128,66,59,104,46,48,91,25"/><U63/><E107/><V108/><F108/><W14/><G110/><T26/><D72/><U13/><E132/><V122/><F122/><W96/><G25/><T54/><D35/><U1/><E1/><V52/><F118/><W34/><G34/><T16/><D134/><U11/><E71/><V43/><F38/><W45/><G45/><T61/><D127/><N who="1" m="48651" /><E78/><V77/><F130/><W102/><G59/><T3/><D120/><U116/><E73/><V55/><F98/><W95/><G66/><T114/><D114/><U49/><E49/><V121/><F74/><W109/><G109/><T58/><D3/><U28/><E116/><V81/><REACH who="2" step="1"/><F121/><REACH who="2" ten="239,340,88,323" step="2"/><W119/><G128/><T17/><D68/><U85/><E11/><V129/><F129/><W84/><G119/><T31/><REACH who="0" step="1"/><D51/><REACH who="0" ten="229,340,88,323" step="2"/><U30/><E63/><V60/><F60/><W36/><G48/><T112/><D112/><U99/><E99/><V79/><F79/><W115/><G96/><T32/><D32/><U124/><E124/><V135/><F135/><W10/><G115/><T97/><D97/><U82/><E57/><V92/><F92/><W65/><G95/><T70/><D70/><U105/><E105/><V19/><AGARI ba="1,2" hai="19,21,27,37,43,44,52,55,75,77,81,83,87,89" machi="19" ten="20,5200,0" yaku="1,1,0,1,7,1,54,1,53,0" doraHai="9" doraHaiUra="7" who="2" fromWho="2" sc="229,-14,340,-27,88,75,323,-14" /><INIT seed="6,0,0,1,5,58" ten="215,313,163,309" oya="2" hai0="48,20,17,93,108,50,88,111,38,47,30,73,39" hai1="109,123,22,100,16,3,76,36,101,51,129,91,66" hai2="99,32,98,18,14,44,6,59,71,1,78,97,0" hai3="24,67,120,89,122,86,80,27,92,119,77,11,115"/><V65/><F71/><W96/><G119/><T74/><D30/><U79/><E36/><V132/><F32/><W21/><G115/><T127/><D127/><U83/><E3/><V64/><F132/><W8/><G27/><T31/><D31/><U26/><E129/><V69/><F69/><W7/><G67/><T102/><D102/><U103/><E66/><V61/><F64/><W72/><G72/><T46/><D20/><U25/><E109/><V107/><F78/><W53/><G53/><T95/><REACH who="0" step="1"/><D17/><REACH who="0" ten="205,313,163,309" step="2"/><U45/><E123/><V104/><F44/><W114/><G120/><T49/><D49/><U128/><E128/><V54/><F65/><W106/><G21/><T116/><D116/><U55/><E16/><V63/><F63/><W12/><G122/><T34/><D34/><U81/><E22/><V62/><F62/><W15/><G114/><T37/><D37/><U33/><E33/><V75/><F75/><W56/><G11/><T113/><D113/><U4/><E4/><V28/><F28/><W135/><G8/><T35/><D35/><U105/><E105/><V85/><F6/><W87/><G106/><T94/><D94/><U131/><E131/><V57/><F107/><W29/><G7/><T84/><D84/><U125/><E125/><V41/><F104/><W60/><G87/><T52/><D52/><U43/><E55/><N who="2" m="33983" /><F85/><W70/><G70/><T23/><D23/><U2/><E103/><V134/><F41/><W118/><G118/><T10/><D10/><U124/><E101/><V90/><F54/><N who="3" m="33815" /><G135/><T130/><D130/><U110/><E124/><RYUUKYOKU ba="0,1" sc="205,15,313,-15,163,-15,309,15" hai0="38,39,46,47,48,50,73,74,88,93,95,108,111" hai3="12,15,24,29,77,80,86,89,92,96" /><INIT seed="7,1,1,4,0,114" ten="220,298,148,324" oya="3" hai0="131,90,10,63,61,45,95,59,30,113,116,106,51" hai1="100,24,44,23,123,16,77,128,47,7,87,78,110" hai2="115,38,21,68,57,93,125,2,122,27,31,9,132" hai3="111,49,62,67,41,58,135,126,22,117,14,32,112"/><W121/><G32/><T6/><D106/><U25/><E128/><V54/><F115/><W12/><G117/><T127/><D113/><U8/><E123/><V15/><F122/><W37/><G37/><T40/><D127/><U11/><E100/><V52/><F125/><W29/><G121/><T33/><D131/><U19/><E7/><V108/><F108/><W75/><G75/><T101/><D101/><U89/><E110/><V34/><F68/><W82/><G135/><T92/><D33/><U109/><E109/><V103/><F38/><W84/><G111/><T48/><D30/><U120/><E120/><V97/><F132/><W129/><G129/><T18/><D18/><U102/><E102/><V60/><F2/><W76/><G126/><T55/><D116/><U70/><E70/><V46/><F34/><W3/><G3/><T65/><D90/><U20/><E89/><V69/><F69/><W50/><G112/><T1/><D61/><U0/><E0/><V4/><REACH who="2" step="1"/><F46/><AGARI ba="1,1" hai="1,6,10,40,45,46,48,51,55,59,63,65,92,95" machi="46" ten="30,1000,0" yaku="7,1" doraHai="114" who="0" fromWho="2" sc="220,23,298,0,148,-13,324,0" owari="243,-15.7,298,9.8,135,-36.5,324,42.4" /></mjloggm>