<mjloggm ver="2.3"><GO type="169" lobby="0"/><UN n0="%E3%81%9F%E3%81%8F%E3%81%9E%E3%81%85" n1="%63%61%72%6C%6F%73%6E" n2="%E3%82%B1%E3%83%AB%E3%83%B4%E3%82%A3%E3%83%B3" n3="%E3%81%AD%E3%81%8A%E3%82%80%E3%83%BC%E3%81%BF%E3%82%93" dan="16,17,16,16" rate="2113.65,2178.65,2156.06,2086.17" sx="M,M,M,M"/><TAIKYOKU oya="0"/><INIT seed="0,0,0,2,3,43" ten="250,250,250,250" oya="0" hai0="78,108,106,129,93,81,68,13,9,44,47,87,126" hai1="135,127,40,80,0,54,113,50,57,95,29,120,66" hai2="26,1,74,119,69,64,39,77,10,17,51,6,46" hai3="38,67,79,65,107,130,123,7,88,132,60,37,73"/><T125/><D106/><U3/><E120/><V98/><F119/><W20/><G107/><T82/><D68/><U19/><E127/><N who="0" m="48649" /><D129/><U31/><E135/><V34/><F98/><W112/><G112/><T52/><D108/><U70/><E113/><V99/><F99/><W84/><G132/><T91/><D52/><U49/><E95/><V94/><F94/><W90/><G7/><N who="0" m="3263" /><D82/><U12/><E80/><N who="2" m="45111" /><F17/><W72/><G123/><T53/><D53/><U83/><E83/><V86/><F51/><W76/><G60/><T8/><D8/><U103/><E70/><V4/><F4/><W131/><G20/><T75/><AGARI ba="0,0" hai="44,47,75,78,81,87,91,93" m="3263,48649" machi="75" ten="30,6000,0" yaku="18,1,52,2" doraHai="43" who="0" fromWho="0" sc="250,60,250,-20,250,-20,250,-20" /><INIT seed="0,1,0,5,1,30" ten="310,230,230,230" oya="0" hai0="52,128,14,62,66,84,89,79,35,41,54,100,87" hai1="102,104,75,38,99,55,27,51,120,114,131,133,49" hai2="124,125,40,112,127,1,91,23,109,88,61,24,43" hai3="71,7,116,56,134,3,28,39,9,119,2,129,70"/><T92/><D128/><U130/><E120/><V68/><F112/><W103/><G39/><T82/><D35/><U60/><E38/><V107/><F1/><W117/><G129/><N who="1" m="49162" /><E75/><V31/><F107/><W86/><G134/><T132/><D132/><U21/><E133/><V58/><F68/><W64/><G3/><T110/><D41/><N who="2" m="15946" /><F109/><W8/><G103/><T37/><D37/><U50/><E114/><V96/><F96/><W122/><G122/><T126/><D126/><N who="2" m="32258" /><V22/><DORA hai="111" /><F22/><W85/><G9/><T105/><D110/><U19/><E60/><V83/><F83/><W81/><G85/><T63/><D63/><U4/><E4/><V90/><F91/><W18/><G18/><T115/><D115/><U32/><E32/><V13/><F13/><W16/><G28/><T20/><D105/><U57/><AGARI ba="1,0" hai="19,21,27,49,50,51,55,57,99,102,104" m="49162" machi="57" ten="30,1100,0" yaku="19,1" doraHai="30,111" who="1" fromWho="1" sc="310,-6,230,14,230,-4,230,-4" /><INIT seed="1,0,0,5,4,76" ten="304,244,226,226" oya="1" hai0="55,121,84,15,66,87,90,86,104,24,114,111,123" hai1="19,67,131,13,126,102,82,20,69,25,92,2,100" hai2="74,8,125,41,3,61,27,34,128,85,122,105,79" hai3="40,64,80,97,7,48,38,96,110,6,0,59,135"/><U28/><E2/><V108/><F122/><N who="0" m="46602" /><D111/><U39/><E39/><V99/><F85/><W88/><G110/><T26/><D114/><U53/><E131/><V68/><F108/><W77/><G135/><T89/><D104/><U63/><E126/><V71/><F128/><W17/><G38/><T60/><D15/><U46/><E92/><V49/><F49/><W12/><G64/><T16/><D55/><U1/><E1/><V116/><F116/><W106/><G0/><T91/><D16/><U113/><E113/><V30/><F125/><W118/><G118/><T52/><D52/><U117/><E117/><V120/><F120/><W115/><G115/><T107/><D107/><U93/><E93/><V134/><F134/><W4/><G106/><T124/><D124/><U51/><REACH who="1" step="1"/><E82/><REACH who="1" ten="304,234,226,226" step="2"/><N who="2" m="45431" /><F41/><W31/><G40/><T9/><D9/><AGARI ba="0,1" hai="9,13,19,20,25,28,46,51,53,63,67,69,100,102" machi="9" ten="30,2900,0" yaku="1,1,7,1,53,0" doraHai="76" doraHaiUra="133" who="1" fromWho="0" sc="304,-29,234,39,226,0,226,0" /><INIT seed="1,1,0,5,5,112" ten="275,273,226,226" oya="1" hai0="10,77,41,73,97,12,21,46,16,76,95,4,113" hai1="34,92,25,36,114,109,94,6,5,86,74,23,99" hai2="24,133,121,8,98,85,119,128,69,38,17,31,15" hai3="65,48,61,106,72,71,44,26,19,37,84,126,90"/><U49/><E114/><V132/><F69/><W100/><G72/><T129/><D129/><U103/><E74/><V67/><F67/><W42/><G126/><T125/><D125/><U130/><E36/><V59/><F38/><W104/><G100/><T102/><D73/><U64/><E34/><V117/><F59/><W28/><G19/><T1/><REACH who="0" step="1"/><D113/><REACH who="0" ten="265,273,226,226" step="2"/><U20/><E130/><V27/><F128/><W9/><G37/><AGARI ba="1,1" hai="1,4,10,12,16,21,37,41,46,76,77,95,97,102" machi="37" ten="30,7700,0" yaku="1,1,2,1,7,1,54,1,53,0" doraHai="112" doraHaiUra="101" who="0" fromWho="3" sc="265,90,273,0,226,0,226,-80" /><INIT seed="2,0,0,1,0,109" ten="355,273,226,146" oya="2" hai0="75,55,108,9,53,116,88,36,95,132,76,98,111" hai1="1,72,44,118,134,133,128,68,62,32,120,41,94" hai2="84,123,6,107,28,3,63,77,2,66,38,119,99" hai3="16,86,104,52,27,125,56,135,30,110,106,113,57"/><V89/><F123/><W47/><G110/><N who="0" m="42027" /><D36/><U7/><E118/><V5/><F119/><W26/><G135/><T82/><D116/><U34/><E72/><V29/><F38/><W39/><G125/><T92/><D132/><N who="1" m="50795" /><E128/><V127/><F127/><W13/><G113/><T37/><D37/><N who="1" m="21551" /><E94/><V85/><F77/><W117/><G117/><T49/><D49/><U42/><E42/><V35/><F84/><W124/><G124/><T51/><D51/><U114/><E120/><V14/><F14/><W19/><G86/><N who="0" m="52247" /><D9/><N who="1" m="2287" /><E114/><V31/><F3/><W4/><G39/><T48/><D48/><U11/><E11/><V59/><F35/><W17/><G47/><T73/><D73/><U50/><E50/><V79/><F2/><W33/><G33/><T70/><D70/><U23/><E23/><V10/><F10/><W46/><G46/><T93/><D93/><U20/><E20/><V22/><F22/><W74/><G74/><T69/><D69/><U97/><E97/><V115/><F115/><W45/><G45/><T96/><D96/><U103/><E103/><AGARI ba="0,0" hai="53,55,75,76,82,95,98,103" m="52247,42027" machi="103" ten="30,2000,0" yaku="14,1,54,1" doraHai="109" who="0" fromWho="1" sc="355,20,273,-20,226,0,146,0" /><INIT seed="3,0,0,0,2,100" ten="375,253,226,146" oya="3" hai0="11,109,40,61,84,67,74,127,89,56,34,112,80" hai1="41,22,63,88,27,64,32,101,12,96,1,95,31" hai2="97,42,108,25,39,0,24,52,48,94,87,125,58" hai3="76,50,20,9,21,35,85,57,72,110,132,86,62"/><W90/><G35/><T15/><D34/><U2/><E41/><V118/><F118/><W102/><G132/><T131/><D109/><U46/><E46/><V83/><F0/><W124/><G124/><T93/><D127/><U38/><E38/><V120/><F125/><W81/><G110/><T106/><D131/><U10/><E32/><V4/><F4/><W33/><G33/><T133/><D112/><U26/><E26/><V70/><F70/><W111/><G111/><T78/><D133/><U135/><E101/><V8/><F8/><W30/><G50/><T60/><D40/><U7/><REACH who="1" step="1"/><E135/><REACH who="1" ten="375,243,226,146" step="2"/><V23/><F108/><W82/><G30/><T55/><D15/><U77/><E77/><V66/><F42/><W121/><G121/><T29/><D29/><U16/><E16/><V122/><F39/><W47/><G47/><T98/><D11/><U130/><E130/><V17/><F25/><W105/><G9/><T115/><D115/><U37/><E37/><V92/><F122/><W53/><REACH who="3" step="1"/><G72/><REACH who="3" ten="375,243,226,136" step="2"/><T3/><D74/><U107/><E107/><V117/><F120/><W13/><G13/><T119/><D106/><U75/><E75/><V126/><F126/><W68/><G68/><AGARI ba="0,2" hai="1,2,7,10,12,22,27,31,63,64,68,88,95,96" machi="68" ten="30,3900,0" yaku="1,1,7,1,54,1,53,0" doraHai="100" doraHaiUra="71" who="1" fromWho="3" sc="375,0,243,59,226,0,136,-39" /><INIT seed="4,0,0,5,1,5" ten="375,302,226,97" oya="0" hai0="72,93,134,22,15,123,109,98,37,43,127,10,111" hai1="71,132,117,77,101,87,31,52,129,115,130,100,92" hai2="131,68,94,23,110,54,89,81,78,30,16,63,99" hai3="133,19,48,2,79,105,45,103,65,13,39,4,126"/><T42/><D123/><U121/><E71/><V66/><F131/><N who="1" m="50185" /><E121/><V83/><F110/><N who="0" m="41994" /><D72/><U41/><E41/><N who="0" m="15369" /><D37/><U49/><E117/><V21/><F30/><W9/><G126/><T58/><D58/><U17/><E132/><V40/><F23/><W7/><G133/><T24/><D134/><U6/><E115/><V64/><F64/><W62/><G39/><T18/><D127/><U96/><E31/><V46/><F54/><W82/><G105/><T32/><D32/><U34/><E34/><V8/><F78/><W73/><G103/><N who="0" m="60879" /><D24/><U124/><E124/><V53/><F53/><W120/><G120/><T90/><D90/><U119/><E119/><V12/><REACH who="2" step="1"/><F21/><AGARI ba="0,0" hai="10,15,18,21,22" m="60879,15369,41994" machi="21" ten="30,2900,0" yaku="10,1,52,1" doraHai="5" who="0" fromWho="2" sc="375,29,302,0,226,-29,97,0" /><INIT seed="4,1,0,2,3,113" ten="404,302,197,97" oya="0" hai0="85,122,125,101,20,108,11,36,33,74,70,67,103" hai1="38,117,46,21,26,84,133,87,118,95,69,34,77" hai2="62,72,88,130,102,129,93,99,18,75,17,37,0" hai3="82,5,23,29,81,134,63,32,14,109,59,9,30"/><T119/><D122/><U114/><E69/><V1/><F37/><W128/><G134/><T12/><D33/><U6/><E34/><V90/><F62/><W131/><G109/><T89/><D36/><U57/><E114/><V61/><F61/><W121/><G121/><T79/><D108/><U25/><E133/><V15/><F102/><W100/><G32/><T105/><D125/><U49/><E6/><V94/><F99/><W132/><G132/><T16/><D119/><U44/><E26/><V10/><F15/><W45/><G45/><T91/><D67/><U135/><E135/><V126/><REACH who="2" step="1"/><F10/><REACH who="2" ten="404,302,187,97" step="2"/><W40/><G100/><T106/><D101/><U86/><E38/><V27/><F27/><N who="3" m="16639" /><G131/><T58/><D103/><U73/><E25/><V48/><F48/><W110/><G128/><T39/><D11/><U107/><E49/><V53/><F53/><N who="3" m="34287" /><G110/><T28/><D39/><U8/><E8/><V3/><F3/><W35/><G40/><T56/><D12/><U54/><E54/><V104/><F104/><W78/><G14/><T24/><D24/><U66/><E107/><V96/><F96/><W80/><G9/><T124/><D106/><U111/><E111/><V41/><F41/><W71/><G5/><T42/><D42/><U13/><E13/><V92/><F92/><W68/><G30/><T31/><D31/><U83/><E95/><V47/><F47/><W60/><G35/><T50/><D28/><U52/><E46/><V2/><F2/><W76/><G60/><T55/><D105/><U120/><E44/><V98/><F98/><W127/><G127/><AGARI ba="1,1" hai="0,1,17,18,72,75,88,90,93,94,126,127,129,130" machi="127" ten="25,8000,1" yaku="1,1,6,1,22,2,54,1,53,0" doraHai="113" doraHaiUra="22" who="2" fromWho="3" sc="404,0,302,0,187,93,97,-83" /><INIT seed="5,0,0,5,0,57" ten="404,302,280,14" oya="1" hai0="48,37,110,128,45,70,71,64,78,113,36,15,23" hai1="17,126,125,16,62,63,21,20,117,31,100,94,92" hai2="121,29,33,123,105,19,68,52,93,73,112,43,131" hai3="4,26,56,106,109,104,99,6,130,118,8,67,81"/><U32/><E31/><V74/><F105/><W86/><G130/><T91/><D110/><U3/><E3/><V14/><F131/><W34/><G109/><T134/><D128/><U7/><E7/><V115/><F68/><W0/><G118/><T88/><D78/><U51/><E51/><V9/><F43/><W77/><G6/><T10/><D113/><N who="2" m="43594" /><F93/><W87/><G99/><T2/><D2/><U83/><E83/><V90/><F90/><W1/><G1/><T47/><D23/><U24/><E32/><V58/><F29/><W127/><G127/><N who="1" m="48650" /><E117/><V111/><F33/><W27/><G86/><T120/><D120/><N who="2" m="46154" /><F111/><W122/><G122/><T72/><D71/><U40/><E40/><V80/><F80/><W116/><G116/><T119/><D70/><U39/><E39/><V25/><F25/><W44/><G27/><T22/><D37/><U82/><E82/><V85/><F85/><W114/><G114/><T79/><D36/><U60/><E100/><V18/><F19/><W95/><G95/><T108/><D108/><U46/><E46/><V132/><F132/><W97/><G44/><T107/><D134/><U54/><E54/><V12/><F14/><AGARI ba="0,0" hai="14,16,17,20,21,24,60,62,63,92,94" m="48650" machi="14" ten="30,12000,1" yaku="18,1,52,3,54,1" doraHai="57" who="1" fromWho="2" sc="404,0,302,120,280,-120,14,0" /><INIT seed="5,1,0,4,1,4" ten="404,422,160,14" oya="1" hai0="90,118,85,68,39,88,11,37,44,121,26,58,129" hai1="42,13,78,101,76,57,105,61,51,64,27,8,97" hai2="18,50,132,128,20,123,66,135,0,5,23,69,80" hai3="53,38,6,28,47,14,36,67,92,107,43,32,81"/><U2/><E2/><V71/><F123/><W59/><G107/><T115/><D118/><U95/><E105/><V19/><F80/><W22/><G38/><T119/><D119/><U62/><E27/><N who="2" m="14743" /><F50/><W45/><G32/><T72/><D72/><U63/><E64/><V33/><F66/><W83/><G47/><T46/><D121/><U1/><E1/><V124/><F33/><W122/><G122/><T102/><D102/><U113/><E113/><V29/><F29/><W114/><G114/><T34/><D115/><U55/><REACH who="1" step="1"/><E42/><REACH who="1" ten="404,412,160,14" step="2"/><V100/><F69/><W112/><G67/><T17/><D68/><U52/><E52/><V3/><F71/><W131/><G112/><T86/><D26/><U108/><E108/><V116/><F116/><W25/><G131/><T79/><D129/><U49/><E49/><V91/><F128/><W40/><G40/><T30/><D30/><U125/><E125/><V65/><F124/><W70/><G70/><T126/><D126/><U110/><E110/><V98/><F65/><W75/><G75/><T82/><D37/><U12/><E12/><N who="2" m="9703" /><F0/><W35/><G35/><T87/><D39/><U41/><E41/><V84/><F3/><W21/><G92/><T103/><D34/><U109/><E109/><V130/><F130/><W54/><G54/><T24/><D24/><U93/><E93/><N who="2" m="58447" /><F132/><W73/><G73/><T120/><D120/><U127/><E127/><V133/><F133/><W94/><G94/><T60/><D60/><U48/><E48/><V106/><F135/><W56/><G43/><T117/><D117/><U111/><E111/><RYUUKYOKU ba="1,1" sc="404,-10,412,30,160,-10,14,-10" hai1="8,13,51,55,57,61,62,63,76,78,95,97,101" /><INIT seed="5,2,1,4,0,123" ten="394,442,150,4" oya="1" hai0="37,42,48,134,25,9,40,1,61,97,116,46,44" hai1="7,125,45,105,92,101,127,36,58,107,41,119,56" hai2="111,4,49,27,131,24,55,10,13,22,29,87,75" hai3="53,100,104,110,93,95,20,50,128,84,135,15,73"/><U114/><E119/><V68/><F131/><W112/><G73/><T14/><D134/><U66/><E114/><V35/><F75/><W121/><G121/><T85/><D116/><U11/><E92/><V130/><F130/><W18/><G110/><T79/><D1/><U67/><E58/><V133/><F133/><W98/><G135/><T5/><D25/><U38/><E38/><V103/><F68/><W28/><G128/><T57/><D97/><U82/><E82/><V69/><F69/><W52/><G112/><T115/><D115/><U71/><E56/><V17/><F103/><W31/><G53/><T124/><D124/><N who="1" m="47691" /><E101/><V113/><F113/><W78/><G104/><N who="1" m="40010" /><E71/><V118/><F118/><W51/><G51/><T109/><D109/><U83/><E83/><V132/><F132/><W108/><G108/><T12/><D79/><U34/><E34/><V30/><F111/><W120/><G120/><T60/><D85/><U74/><E74/><V65/><F87/><W26/><G26/><T0/><REACH who="0" step="1"/><D61/><REACH who="0" ten="384,442,150,4" step="2"/><U122/><E122/><V32/><F32/><W64/><G64/><AGARI ba="2,2" hai="0,5,9,12,14,37,40,42,44,46,48,57,60,64" machi="64" ten="30,7700,0" yaku="1,1,2,1,7,1,53,1" doraHai="123" doraHaiUra="3" who="0" fromWho="3" sc="384,103,442,0,150,0,4,-83" owari="487,58.7,442,24.2,150,-25.0,-79,-57.9" /></mjloggm>