<mjloggm ver="2.3"><GO type="225" lobby="0"/><UN n0="%E8%B5%A4%E3%81%84%E8%9B%99%31%31" n1="%72%61%6B%33" n2="%E3%81%99%E3%81%84%E3%81%BE%E3%81%9B%E3%83%BC%E3%82%93" n3="%E6%97%A5%E6%9B%9C%E6%97%A5%E3%82%88%E3%82%8A%E3%81%AE%E4%BD%BF%E8%80%85" dan="16,16,18,17" rate="2099.42,2079.91,2207.79,2220.63" sx="M,M,M,M"/><TAIKYOKU oya="0"/><INIT seed="0,0,0,2,3,112" ten="250,250,250,250" oya="0" hai0="135,69,40,126,36,3,79,43,102,74,78,15,104" hai1="4,125,49,90,92,132,7,30,87,12,2,103,110" hai2="35,124,68,101,44,47,14,57,93,84,134,26,8" hai3="20,54,97,82,18,75,107,120,115,0,71,60,9"/><T52/><D3/><U53/><E110/><V25/><F68/><W11/><G115/><T23/><D69/><U117/><E117/><V24/><F134/><W66/><G120/><T13/><D135/><U122/><E132/><V61/><F35/><W88/><G0/><T113/><D113/><U67/><E125/><V70/><F70/><W81/><G54/><T77/><D74/><U108/><E108/><V50/><F124/><W6/><G6/><T114/><D114/><U130/><E130/><V86/><F101/><W98/><G107/><T96/><D126/><U131/><E131/><V37/><F37/><W27/><G75/><T17/><D36/><U129/><E2/><V63/><F63/><W95/><REACH who="3" step="1"/><G98/><REACH who="3" ten="250,250,250,240" step="2"/><T94/><D104/><U72/><E72/><V21/><F86/><W111/><G111/><T29/><D29/><U109/><E30/><V105/><F84/><W41/><G41/><T34/><D34/><U106/><E122/><V51/><F105/><W42/><G42/><N who="0" m="15915" /><D52/><U32/><E109/><V48/><F47/><W127/><G127/><T76/><N who="0" m="19456" /><DORA hai="128" /><T5/><D5/><U100/><E32/><V58/><F44/><W39/><G39/><T16/><D17/><U46/><E129/><V85/><F85/><W38/><G38/><T116/><D116/><U99/><E4/><V121/><F121/><W22/><G22/><T10/><D10/><AGARI ba="0,1" hai="9,10,11,18,20,27,60,66,71,81,82,88,95,97" machi="10" ten="40,5200,0" yaku="1,1,54,1,53,1" doraHai="112,128" doraHaiUra="65,55" who="3" fromWho="0" sc="250,-52,250,0,250,0,240,62" /><INIT seed="1,0,0,5,4,35" ten="198,250,250,302" oya="1" hai0="108,59,127,92,40,80,30,71,23,120,122,81,118" hai1="104,111,105,130,45,31,13,114,69,37,51,85,46" hai2="96,110,29,99,107,52,126,15,27,2,82,79,124" hai3="115,21,44,72,5,50,112,6,4,48,77,117,41"/><U65/><E114/><V49/><F110/><W9/><G117/><T24/><D118/><U75/><E75/><V109/><F109/><W129/><G129/><T66/><D108/><U33/><E111/><V89/><F2/><W58/><G72/><T10/><D127/><N who="2" m="48682" /><F107/><W74/><G74/><T94/><D71/><U83/><E130/><V17/><F89/><W84/><G21/><T39/><D10/><U86/><E37/><V73/><F15/><N who="3" m="5543" /><G115/><T119/><D119/><U87/><E83/><V28/><F17/><W113/><G113/><T78/><D39/><U134/><E134/><V61/><F61/><W19/><G19/><T47/><D66/><U131/><E131/><V20/><F28/><W106/><G106/><T7/><D7/><U116/><E116/><V16/><F29/><W125/><G125/><T43/><D59/><AGARI ba="0,0" hai="16,20,27,49,52,59,73,79,82,96,99" m="48682" machi="59" ten="30,3900,0" yaku="18,1,54,2" doraHai="35" who="2" fromWho="0" sc="198,-39,250,0,250,39,302,0" /><INIT seed="2,0,0,0,2,105" ten="159,250,289,302" oya="2" hai0="27,2,45,37,125,78,87,118,44,109,49,102,99" hai1="50,110,66,22,47,70,30,100,95,40,7,46,48" hai2="124,42,77,91,74,132,97,126,79,3,19,89,84" hai3="21,58,68,111,113,24,51,76,107,106,119,101,20"/><V117/><F3/><W80/><G68/><T83/><D109/><U18/><E110/><V64/><F64/><W16/><G111/><T123/><D125/><N who="2" m="48234" /><F42/><W127/><G119/><T55/><D123/><U43/><E7/><V72/><F19/><W15/><G113/><T112/><D112/><U61/><E30/><V121/><F121/><W135/><G135/><T85/><D118/><U90/><E100/><V56/><F56/><W62/><G51/><T32/><D2/><U13/><E95/><N who="2" m="56559" /><F132/><W122/><G122/><T128/><D128/><U86/><E90/><V53/><F53/><W115/><G101/><T38/><D85/><AGARI ba="0,0" hai="13,18,22,40,43,46,47,48,50,61,66,70,85,86" machi="85" ten="40,1300,0" yaku="9,1" doraHai="105" who="1" fromWho="0" sc="159,-13,250,13,289,0,302,0" /><INIT seed="3,0,0,1,0,130" ten="146,263,289,302" oya="3" hai0="40,134,121,52,119,54,21,13,124,128,43,123,15" hai1="18,104,105,5,57,56,29,9,63,47,34,32,122" hai2="3,69,88,39,37,61,46,6,53,113,50,107,112" hai3="22,31,127,51,38,109,99,97,117,20,62,110,45"/><W36/><G62/><T12/><D128/><U85/><E122/><V33/><F107/><W100/><G117/><T126/><D119/><U116/><E116/><V27/><F6/><W94/><G99/><T92/><D92/><U93/><E18/><V125/><F3/><W131/><G131/><T49/><D21/><N who="3" m="8297" /><G31/><T98/><D98/><U111/><E111/><N who="3" m="42506" /><G127/><N who="0" m="48683" /><D49/><U0/><E56/><V35/><F125/><W11/><G11/><T64/><D64/><U91/><E47/><V77/><F46/><W114/><G114/><T95/><D95/><U103/><E103/><V8/><F61/><W65/><G65/><T4/><D4/><U101/><E101/><V75/><F8/><W14/><G14/><N who="0" m="3587" /><T70/><DORA hai="7" /><D70/><U120/><E120/><N who="0" m="46153" /><D134/><U10/><E5/><V108/><F69/><W60/><G60/><T82/><D82/><U129/><E129/><V2/><F108/><W86/><G86/><T67/><D67/><U80/><E80/><V48/><F113/><W102/><G102/><T96/><D96/><U66/><E105/><V30/><F112/><W133/><G133/><T81/><D81/><U68/><E104/><V76/><F30/><W118/><G118/><T72/><D72/><U71/><E29/><V41/><F75/><W42/><AGARI ba="0,0" hai="36,38,42,45,51,94,97,100" m="42506,8297" machi="42" ten="30,3000,0" yaku="14,1,10,1" doraHai="130,7" who="3" fromWho="3" sc="146,-10,263,-10,289,-10,302,30" owari="136,-36.4,253,-14.7,279,7.9,332,43.2" /></mjloggm>