<mjloggm ver="2.3"><GO type="169" lobby="0"/><UN n0="%E3%82%8F%E3%81%98" n1="%E3%82%BF%E3%82%A4%E4%BA%BA%EF%BC%A0%E3%83%90%E3%83%B3%E3%82%B3%E3%82%AF" n2="%E2%97%8E%E3%82%88%E3%81%97%E2%97%8E" n3="%E3%83%8F%E3%82%BA%E3%83%AC" dan="16,16,16,17" rate="2128.65,2119.50,2148.88,2183.04" sx="M,M,M,M"/><TAIKYOKU oya="0"/><INIT seed="0,0,0,5,1,132" ten="250,250,250,250" oya="0" hai0="3,114,75,12,43,117,116,24,113,96,86,29,83" hai1="112,104,35,32,105,23,34,128,14,95,74,47,99" hai2="106,91,90,45,37,58,126,82,26,19,79,123,98" hai3="48,20,120,52,25,5,118,18,61,68,31,39,80"/><T134/><D3/><U28/><E74/><V84/><F123/><W55/><G120/><T62/><D43/><U33/><E128/><V65/><F126/><W131/><G118/><N who="0" m="45675" /><D62/><U100/><E112/><N who="0" m="43113" /><D12/><U89/><N who="1" m="8192" /><DORA hai="1" /><U22/><E28/><V92/><F106/><W129/><G39/><T115/><N who="0" m="43121" /><T69/><DORA hai="50" /><D69/><U135/><E135/><V8/><F37/><W78/><G5/><T107/><D24/><U102/><E47/><V13/><F45/><W7/><G7/><T41/><D41/><U72/><E72/><V88/><REACH who="2" step="1"/><F26/><REACH who="2" ten="250,250,240,250" step="2"/><W130/><G130/><T17/><D134/><U57/><E105/><V15/><F15/><W119/><G119/><T109/><D107/><U110/><E14/><V60/><AGARI ba="0,1" hai="8,13,19,58,60,65,79,82,84,88,90,91,92,98" machi="60" ten="30,7900,0" yaku="1,1,0,1,8,1,54,1,53,0" doraHai="132,1,50" doraHaiUra="16,42,124" who="2" fromWho="2" sc="250,-39,250,-20,240,89,250,-20" /><INIT seed="1,0,0,3,1,71" ten="211,230,329,230" oya="1" hai0="99,97,131,70,79,98,69,12,4,105,94,115,18" hai1="123,52,83,25,29,23,41,124,1,9,116,100,56" hai2="38,46,120,24,30,61,34,112,5,95,117,125,80" hai3="107,81,128,22,6,106,82,21,51,102,104,33,49"/><U60/><E116/><V78/><F117/><W122/><G102/><T86/><D115/><U42/><E123/><V47/><F120/><W37/><G122/><T54/><D105/><U35/><E124/><V109/><F109/><W96/><G96/><T13/><D131/><U91/><E100/><V57/><F125/><W92/><G92/><T90/><D79/><U121/><E121/><V31/><F31/><W8/><G33/><T88/><D69/><U36/><E36/><V84/><F112/><W59/><G59/><T132/><D70/><U45/><E45/><V16/><F5/><W44/><G128/><T20/><D132/><U76/><E91/><V3/><F3/><W66/><G66/><T111/><D111/><U130/><E130/><V55/><F38/><W2/><G37/><T93/><D54/><U85/><REACH who="1" step="1"/><E35/><REACH who="1" ten="211,220,329,230" step="2"/><V103/><F103/><W129/><G129/><T126/><D126/><U135/><E135/><V67/><F46/><W40/><REACH who="3" step="1"/><G51/><REACH who="3" ten="211,220,329,220" step="2"/><T114/><D114/><U27/><E27/><V17/><F47/><W134/><G134/><T65/><D65/><U11/><E11/><AGARI ba="0,2" hai="4,11,12,13,18,20,86,88,90,93,94,97,98,99" machi="11" ten="40,2600,0" yaku="8,1,54,1" doraHai="71" who="0" fromWho="1" sc="211,46,220,-26,329,0,220,0" /><INIT seed="2,0,0,1,0,4" ten="257,194,329,220" oya="2" hai0="40,6,134,131,133,79,84,16,44,126,15,132,25" hai1="30,10,53,135,82,108,51,3,21,109,97,112,66" hai2="98,54,78,119,72,35,13,124,24,34,49,68,45" hai3="61,93,11,5,92,80,120,69,103,99,106,81,42"/><V36/><F119/><W123/><G42/><T125/><D6/><U9/><E112/><V60/><F124/><N who="0" m="47722" /><D25/><N who="1" m="16687" /><E3/><V94/><F36/><W89/><G61/><T37/><D84/><U48/><E135/><V18/><F24/><W128/><G69/><T65/><D79/><U102/><E66/><V130/><F130/><W7/><G7/><T0/><D0/><U105/><E82/><V50/><F50/><N who="1" m="18985" /><E53/><V58/><F68/><W111/><G111/><AGARI ba="0,0" hai="9,10,97,102,105,108,109,111" m="18985,16687" machi="111" ten="30,3900,0" yaku="14,1,52,2" doraHai="4" who="1" fromWho="3" sc="257,0,194,39,329,0,220,-39" /><INIT seed="3,0,0,3,1,92" ten="257,233,329,181" oya="3" hai0="63,35,3,95,44,47,71,54,60,41,114,79,19" hai1="89,70,10,1,106,117,57,29,56,98,40,90,88" hai2="105,0,87,20,42,86,118,128,121,85,76,15,115" hai3="45,84,11,2,81,33,134,21,64,72,107,94,31"/><W28/><G107/><T13/><D3/><U25/><E70/><V132/><F0/><W111/><G134/><T59/><D35/><U52/><E40/><V96/><F115/><W123/><G123/><T102/><D114/><U61/><E117/><V126/><F118/><W30/><G33/><T133/><D133/><U124/><E124/><V66/><F126/><W99/><G72/><T104/><D104/><U4/><E57/><V112/><F128/><W122/><G122/><T109/><D109/><U67/><E67/><V103/><F112/><W62/><G111/><T9/><D79/><U101/><E90/><V58/><F42/><W73/><G73/><T36/><D47/><U17/><E17/><V50/><F121/><W135/><G135/><T7/><D71/><U14/><E1/><V120/><F132/><W93/><G45/><T82/><D82/><U110/><E110/><V16/><F120/><W38/><G38/><T5/><D63/><U39/><E39/><V51/><REACH who="2" step="1"/><F76/><REACH who="2" ten="257,233,319,181" step="2"/><W83/><G2/><T24/><D41/><U12/><REACH who="1" step="1"/><E14/><REACH who="1" ten="257,223,319,181" step="2"/><V116/><F116/><W65/><G65/><T18/><D13/><U78/><E78/><V74/><F74/><W100/><G64/><T97/><D36/><U48/><E48/><V6/><F6/><W43/><G43/><T91/><D5/><U53/><E53/><V34/><F34/><AGARI ba="0,2" hai="4,10,12,25,29,34,52,56,61,88,89,98,101,106" machi="34" ten="30,8000,1" yaku="1,1,7,1,52,1,54,2,53,0" doraHai="92" doraHaiUra="108" who="1" fromWho="2" sc="257,0,223,100,319,-80,181,0" /><INIT seed="4,0,0,0,0,128" ten="257,323,239,181" oya="0" hai0="75,97,67,92,57,112,74,16,68,106,65,77,43" hai1="118,64,8,7,10,2,81,35,31,23,22,15,5" hai2="46,50,89,117,71,90,83,3,125,124,95,51,60" hai3="40,37,47,44,113,34,9,41,29,122,24,130,127"/><T84/><D68/><U94/><E64/><N who="2" m="41351" /><F3/><W32/><G122/><T99/><D43/><U33/><E81/><V80/><F89/><W53/><G130/><T133/><D112/><U135/><E94/><V4/><F4/><W62/><G127/><N who="2" m="48713" /><F51/><W119/><G119/><T6/><D6/><U82/><E82/><V25/><F25/><W96/><G113/><T114/><D114/><U126/><E135/><V59/><F59/><W39/><G96/><T58/><D84/><U132/><E132/><V86/><F117/><W72/><G72/><T48/><D92/><U20/><E126/><V45/><F45/><W61/><G53/><AGARI ba="0,0" hai="46,50,53,80,83,86,90,95" m="48713,41351" machi="53" ten="30,1000,0" yaku="18,1" doraHai="128" who="2" fromWho="3" sc="257,0,323,0,239,10,181,-10" /><INIT seed="5,0,0,2,2,59" ten="257,323,249,171" oya="1" hai0="121,38,45,132,69,116,78,10,5,125,73,58,19" hai1="134,63,106,118,30,111,109,41,80,81,22,104,47" hai2="34,94,113,120,135,65,46,29,133,13,12,89,131" hai3="31,53,122,119,43,67,85,68,92,76,124,77,112"/><U71/><E118/><V11/><F120/><W36/><G122/><T23/><D121/><U4/><E4/><V114/><F131/><W14/><G124/><T21/><D69/><U50/><E134/><N who="2" m="51211" /><F65/><W48/><G112/><N who="2" m="43113" /><F46/><W127/><G127/><T24/><D45/><U90/><E104/><V32/><F29/><W54/><G31/><T17/><D125/><U100/><E106/><V0/><F0/><W96/><G119/><T37/><D116/><U98/><E30/><V8/><F94/><W27/><G27/><T6/><D24/><U20/><E81/><V74/><F89/><W97/><G92/><T42/><D132/><U7/><E80/><V105/><F74/><W62/><G77/><T25/><D73/><U33/><E90/><V70/><F70/><W115/><G115/><T84/><D78/><U16/><E33/><N who="2" m="12907" /><F105/><W44/><G36/><T126/><D38/><U130/><E71/><V3/><F3/><W129/><G129/><T110/><D37/><U66/><E130/><V83/><F83/><W35/><G35/><T108/><D126/><U95/><E66/><V57/><F57/><W82/><G43/><T87/><D42/><U15/><E95/><V86/><F86/><W18/><REACH who="3" step="1"/><G54/><REACH who="3" ten="257,323,249,161" step="2"/><T103/><D108/><U60/><E109/><V51/><F51/><W75/><G75/><T93/><D110/><U39/><E111/><V61/><F61/><W79/><G79/><T102/><D93/><U40/><E63/><V117/><F117/><W88/><G88/><T99/><D102/><U107/><E60/><V91/><F91/><W9/><AGARI ba="0,1" hai="9,14,18,44,48,53,62,67,68,76,82,85,96,97" machi="9" ten="20,8000,1" yaku="1,1,5,1,0,1,7,1,52,1,53,0" doraHai="59" doraHaiUra="55" who="3" fromWho="3" sc="257,-20,323,-40,249,-20,161,90" /><INIT seed="6,0,0,1,2,46" ten="237,283,229,251" oya="2" hai0="67,58,4,28,13,70,12,19,52,80,41,77,20" hai1="85,29,56,110,53,112,9,16,7,10,17,107,3" hai2="31,117,88,82,91,118,27,94,129,59,36,15,128" hai3="23,132,99,89,79,131,81,71,73,105,64,122,40"/><V26/><F36/><W102/><G122/><T14/><D41/><U111/><E107/><V51/><F15/><W84/><G131/><N who="2" m="50249" /><F82/><W6/><G132/><T124/><D124/><U50/><E112/><V76/><F76/><W134/><G134/><T133/><D133/><U65/><E29/><V18/><F18/><W116/><G116/><N who="2" m="44649" /><F27/><W125/><G125/><T61/><D28/><U30/><E30/><V86/><F91/><W69/><G64/><T74/><REACH who="0" step="1"/><D4/><REACH who="0" ten="227,283,229,251" step="2"/><U43/><E43/><V87/><F87/><W54/><G40/><T75/><D75/><U66/><E85/><V45/><F59/><W21/><G6/><T24/><D24/><U63/><E7/><V0/><F0/><W130/><G130/><T35/><D35/><U83/><E111/><V38/><F38/><W42/><G42/><T106/><D106/><U126/><E110/><V68/><F68/><W90/><G71/><T32/><D32/><U127/><E127/><V121/><F121/><W5/><G69/><T78/><D78/><U34/><E34/><N who="2" m="20855" /><F45/><W119/><G119/><T103/><D103/><U100/><E100/><V96/><F86/><W22/><G5/><T115/><D115/><U2/><E126/><V25/><F25/><W47/><G84/><T95/><D95/><U72/><E72/><V97/><F96/><W11/><G90/><T55/><D55/><U48/><E53/><V98/><F97/><W33/><G89/><T109/><D109/><U44/><E44/><V93/><F94/><N who="3" m="58743" /><G33/><T120/><D120/><U135/><E135/><V114/><F114/><W37/><G37/><RYUUKYOKU ba="0,1" sc="227,15,283,-15,229,15,251,-15" hai0="12,13,14,19,20,52,58,61,67,70,74,77,80" hai2="51,88,93,98" /><INIT seed="6,1,1,5,4,29" ten="242,268,244,236" oya="2" hai0="76,68,79,55,131,61,100,74,32,101,21,6,126" hai1="114,72,124,33,80,93,127,123,36,51,111,105,109" hai2="19,106,22,60,87,88,86,23,125,44,53,7,26" hai3="81,67,90,78,2,75,49,92,52,59,91,18,95"/><V13/><F106/><W17/><G2/><T129/><D126/><N who="1" m="48171" /><E36/><V115/><F125/><W71/><G71/><T120/><D120/><U98/><E123/><V83/><F115/><W117/><G117/><T135/><D135/><U110/><E33/><V11/><F60/><W45/><G67/><N who="0" m="41071" /><D6/><U64/><E64/><V47/><F53/><W77/><G77/><N who="0" m="29771" /><D74/><U41/><E114/><V99/><F87/><W10/><G10/><T9/><D9/><U48/><E105/><V43/><F99/><W24/><G24/><T113/><D21/><U82/><E72/><V16/><F43/><W35/><G35/><T25/><D55/><U128/><E41/><V39/><F39/><W96/><REACH who="3" step="1"/><G59/><REACH who="3" ten="242,268,244,226" step="2"/><T0/><D0/><AGARI ba="1,2" hai="0,7,11,13,16,19,22,23,26,44,47,83,86,88" machi="0" ten="30,5800,0" yaku="7,1,54,2" doraHai="29" who="2" fromWho="0" sc="242,-61,268,0,244,81,226,0" /><INIT seed="6,2,0,2,0,77" ten="181,268,325,226" oya="2" hai0="3,50,18,120,70,17,64,108,28,88,98,33,38" hai1="68,10,20,107,56,94,135,118,22,29,122,16,134" hai2="9,2,132,92,53,81,86,51,49,101,114,21,11" hai3="95,55,6,103,42,54,90,4,106,57,89,123,32"/><V116/><F116/><W97/><G32/><T115/><D38/><U61/><E118/><V102/><F114/><W39/><G123/><T44/><D108/><U46/><E107/><V63/><F132/><W35/><G35/><T99/><D120/><U105/><E105/><V128/><F128/><W65/><G65/><T27/><D3/><U58/><E68/><V78/><F51/><W110/><G110/><T119/><D119/><U109/><E109/><V69/><F21/><W59/><G42/><T84/><D115/><U127/><E127/><V96/><F69/><W7/><G39/><T48/><D64/><U91/><E46/><V130/><F130/><W8/><G8/><T37/><D37/><U124/><E124/><V74/><F63/><W0/><G0/><T71/><D70/><U36/><E36/><V14/><F74/><W66/><G66/><T83/><D50/><U19/><E29/><V52/><F53/><W75/><G75/><T24/><D71/><U129/><E10/><N who="2" m="3595" /><F14/><W25/><G25/><N who="0" m="9803" /><D28/><U62/><E129/><V15/><F15/><W1/><G1/><T125/><D33/><U133/><E122/><V47/><F2/><W26/><G26/><T93/><D125/><U73/><E73/><V76/><F76/><W12/><G12/><T23/><D23/><N who="1" m="8747" /><E62/><V79/><F79/><W31/><G31/><T112/><D112/><U121/><E121/><V30/><F30/><W60/><G106/><T104/><D104/><U111/><E111/><V40/><F40/><W13/><G13/><T113/><D113/><U82/><E135/><V72/><F72/><RYUUKYOKU ba="2,0" sc="181,-15,268,-15,325,15,226,15" hai2="47,49,52,78,81,86,92,96,101,102" hai3="4,6,7,54,55,57,59,60,89,90,95,97,103" /><INIT seed="6,3,0,1,2,16" ten="166,253,340,241" oya="2" hai0="110,11,10,0,39,114,131,19,54,88,25,57,115" hai1="107,41,62,77,59,78,22,76,46,21,71,123,36" hai2="96,6,35,108,72,119,44,61,8,109,105,64,89" hai3="1,128,73,98,48,79,103,9,134,97,18,111,26"/><V82/><F119/><W34/><G111/><N who="2" m="42569" /><F35/><W100/><G134/><T70/><D110/><U23/><E107/><V66/><F44/><W121/><G121/><T65/><D39/><U49/><E123/><V40/><F40/><W129/><G48/><T4/><D131/><N who="3" m="50249" /><G79/><T58/><D70/><U74/><E71/><N who="2" m="42383" /><F66/><W42/><G42/><T47/><D47/><U33/><E33/><V24/><F24/><W55/><G55/><T29/><D65/><U80/><REACH who="1" step="1"/><E36/><REACH who="1" ten="166,243,340,241" step="2"/><V102/><F105/><W12/><G34/><T101/><D115/><U53/><AGARI ba="3,1" hai="21,22,23,41,46,49,53,59,62,74,76,77,78,80" machi="53" ten="30,12000,2" yaku="1,1,2,1,0,1,52,3,53,1" doraHai="16" doraHaiUra="50" who="1" fromWho="1" sc="166,-33,243,139,340,-63,241,-33" /><INIT seed="7,0,0,3,2,23" ten="133,382,277,208" oya="3" hai0="124,110,5,108,8,64,118,17,95,32,126,128,96" hai1="62,121,50,133,46,125,43,103,117,99,83,68,134" hai2="35,25,10,61,16,65,47,98,58,86,51,116,78" hai3="114,91,18,75,38,55,21,52,111,27,1,120,12"/><W14/><G114/><T22/><D64/><U63/><E121/><V113/><F116/><W6/><G120/><T24/><D118/><U127/><E83/><N who="2" m="47479" /><F35/><W13/><G75/><T42/><D42/><U31/><E31/><V41/><F113/><W48/><G38/><T30/><D95/><N who="1" m="58879" /><E117/><V130/><F130/><W131/><G131/><T90/><D90/><U76/><E76/><V79/><F79/><W26/><G111/><T80/><D80/><U56/><E68/><V28/><F98/><W122/><G122/><T132/><D96/><U81/><E81/><V15/><F28/><W9/><G48/><T97/><D97/><U34/><E34/><V29/><F29/><W77/><G77/><T20/><D128/><U105/><E105/><V40/><F25/><W45/><G45/><T89/><D89/><U66/><E63/><V59/><F59/><W84/><REACH who="3" step="1"/><G26/><REACH who="3" ten="133,382,277,198" step="2"/><N who="0" m="18519" /><D132/><AGARI ba="0,1" hai="43,46,50,56,62,66,125,127,132,133,134" m="58879" machi="132" ten="30,1000,0" yaku="20,1" doraHai="23" who="1" fromWho="0" sc="133,-10,382,20,277,0,198,0" owari="123,-37.7,402,50.2,277,7.7,198,-20.2" /></mjloggm>