<mjloggm ver="2.3"><GO type="225" lobby="0"/><UN n0="%E3%83%96%E3%83%83%E3%83%91%E3%82%AA%E3%83%96%E3%83%81%E3%82%AD%E3%83%B3" n1="%33%74%72%65%65" n2="%E8%B5%A4%E3%81%84%E8%9B%99%31%31" n3="%E3%81%BF%E3%81%BF%E3%81%9A" dan="16,17,16,17" rate="2135.61,2159.66,2064.69,2235.02" sx="M,F,M,M"/><TAIKYOKU oya="0"/><INIT seed="0,0,0,3,1,25" ten="250,250,250,250" oya="0" hai0="29,124,55,82,26,115,38,17,134,35,0,15,86" hai1="63,97,34,129,52,3,9,111,83,119,58,14,112" hai2="130,61,107,16,11,92,71,113,50,90,2,127,12" hai3="37,73,104,105,36,101,30,19,91,64,98,84,95"/><T99/><D115/><U131/><E119/><V87/><F113/><W93/><G64/><T47/><D124/><U123/><E112/><V78/><F127/><W7/><G7/><T77/><D134/><U31/><E123/><V88/><F107/><N who="3" m="63927" /><G19/><T110/><D110/><U56/><E3/><V108/><F108/><W4/><G30/><T85/><D0/><U51/><E111/><V75/><F130/><N who="1" m="49673" /><E97/><V66/><F2/><W100/><G4/><T40/><D99/><U44/><E83/><V128/><F128/><W43/><G43/><T41/><D41/><U39/><E39/><V120/><F120/><W57/><G57/><T1/><D1/><U106/><E106/><N who="3" m="41066" /><G36/><T133/><D133/><U109/><E109/><V42/><F42/><W118/><G37/><T45/><D45/><U67/><E34/><V121/><F121/><W102/><G118/><T28/><D28/><U18/><E31/><V76/><F75/><W81/><G95/><T96/><D55/><U20/><E9/><V62/><F50/><W65/><G65/><T59/><D59/><AGARI ba="0,0" hai="14,18,20,44,51,52,56,58,59,63,67" m="49673" machi="59" ten="30,2000,0" yaku="19,1,54,1" doraHai="25" who="1" fromWho="0" sc="250,-20,250,20,250,0,250,0" /><INIT seed="1,0,0,5,3,14" ten="230,270,250,250" oya="1" hai0="13,82,21,99,111,18,112,33,49,79,4,50,22" hai1="103,43,115,60,37,100,32,36,110,81,17,117,57" hai2="71,58,47,101,7,15,131,87,45,116,98,25,122" hai3="104,105,95,52,128,78,3,67,35,48,9,118,62"/><U68/><E115/><V83/><F71/><W38/><G35/><T96/><D112/><U132/><E117/><V106/><F116/><W76/><G118/><T94/><D33/><U89/><E32/><V130/><F122/><W10/><G38/><T53/><D111/><U55/><E132/><V129/><F25/><W28/><G28/><T29/><D4/><U19/><E68/><V63/><F7/><W73/><G128/><T34/><D34/><U88/><E110/><V46/><F15/><W51/><G73/><T119/><D119/><U113/><E113/><V44/><N who="2" m="11264" /><DORA hai="41" /><V61/><REACH who="2" step="1"/><F58/><REACH who="2" ten="230,270,240,250" step="2"/><W127/><G3/><T75/><D13/><U39/><E43/><V26/><F26/><W5/><G5/><T121/><D121/><U92/><E39/><V69/><F69/><W135/><G135/><T85/><D29/><U86/><E37/><V24/><F24/><W120/><G120/><T23/><D23/><U12/><E36/><V133/><F133/><W6/><G6/><T125/><D22/><N who="1" m="11559" /><E19/><V134/><F134/><W77/><G9/><T109/><D18/><U107/><E107/><V20/><F20/><W16/><G105/><T1/><D21/><U108/><E108/><V40/><F40/><W102/><G104/><T11/><D109/><U70/><E70/><V124/><F124/><W27/><G127/><T65/><D125/><U114/><E114/><V74/><F74/><W31/><G31/><T0/><D75/><U123/><E123/><V97/><F97/><AGARI ba="0,1" hai="55,57,60,81,86,88,89,92,97,100,103" m="11559" machi="97" ten="30,5800,0" yaku="8,1,52,1,54,1" doraHai="14,41" who="1" fromWho="2" sc="230,0,270,68,240,-58,250,0" /><INIT seed="1,1,0,3,5,48" ten="230,338,182,250" oya="1" hai0="99,116,61,24,117,57,63,49,85,21,78,30,95" hai1="130,42,93,3,5,46,67,87,12,104,74,10,121" hai2="129,101,43,68,20,79,75,128,105,14,126,120,115" hai3="83,52,26,4,11,8,39,84,113,96,114,22,88"/><U15/><E121/><V124/><F68/><W91/><G39/><T31/><D116/><U18/><E104/><V92/><F43/><W13/><G11/><T27/><D117/><U53/><E74/><V40/><F40/><W86/><G96/><T58/><D78/><U131/><E67/><V33/><F33/><W56/><G22/><N who="0" m="15639" /><D85/><U23/><E3/><V133/><F120/><W37/><G37/><T103/><D57/><U50/><E87/><V47/><F47/><W45/><G26/><T72/><D72/><U59/><REACH who="1" step="1"/><E93/><REACH who="1" ten="230,328,182,250" step="2"/><V41/><F92/><W82/><G45/><T66/><D66/><U98/><E98/><V0/><F0/><W127/><G127/><T16/><D31/><U89/><E89/><V19/><F115/><W122/><G122/><T2/><D2/><U35/><E35/><V32/><F32/><W17/><REACH who="3" step="1"/><G4/><REACH who="3" ten="230,328,182,240" step="2"/><T135/><D135/><U81/><E81/><N who="2" m="45311" /><F133/><W62/><AGARI ba="1,2" hai="8,13,17,52,56,62,82,83,84,86,88,91,113,114" machi="62" ten="20,12000,2" yaku="1,1,0,1,7,1,9,1,52,1,54,2,53,0" doraHai="48" doraHaiUra="71" who="3" fromWho="3" sc="230,-31,328,-61,182,-31,240,143" /><INIT seed="2,0,0,1,5,104" ten="199,267,151,383" oya="2" hai0="43,134,84,8,116,51,26,14,119,106,94,45,103" hai1="115,39,101,93,135,71,122,110,41,86,65,1,42" hai2="53,37,31,117,52,80,24,7,66,109,49,44,133" hai3="58,30,107,57,33,59,79,55,85,34,64,17,121"/><V83/><F117/><N who="0" m="45130" /><D134/><U97/><E115/><V9/><F133/><W78/><G121/><T87/><D106/><U3/><E135/><V60/><F109/><W81/><G107/><T67/><D67/><U21/><E122/><V75/><F53/><W74/><G64/><T96/><D26/><U118/><E118/><V38/><F83/><W91/><G78/><T100/><D100/><U127/><E65/><V82/><F82/><W125/><G125/><T19/><AGARI ba="0,0" hai="8,14,19,43,45,51,84,87,94,96,103" m="45130" machi="19" ten="30,1100,0" yaku="12,1" doraHai="104" who="0" fromWho="0" sc="199,11,267,-3,151,-5,383,-3" /><INIT seed="3,0,0,2,3,40" ten="210,264,146,380" oya="3" hai0="82,119,92,51,67,125,0,127,114,28,99,77,19" hai1="89,88,122,41,69,74,106,84,15,80,8,130,7" hai2="4,135,132,12,64,14,128,35,113,62,37,31,10" hai3="111,23,75,93,22,38,53,45,121,117,103,118,43"/><W13/><G121/><T73/><D119/><U97/><E122/><V98/><F113/><W33/><G33/><T94/><D114/><U36/><E130/><V85/><F37/><W30/><G75/><T65/><D0/><U52/><E69/><V101/><F128/><W131/><G131/><T44/><D28/><U61/><E74/><V76/><F12/><W66/><G66/><T124/><D19/><U57/><E106/><V107/><F85/><W59/><G23/><T60/><D99/><U25/><E25/><V24/><REACH who="2" step="1"/><F76/><REACH who="2" ten="210,264,136,380" step="2"/><W91/><G13/><T2/><D2/><U54/><E84/><V42/><F42/><W112/><G112/><T133/><D133/><U120/><E41/><V9/><F9/><W3/><G3/><T79/><D79/><U48/><E8/><V27/><F27/><W83/><G83/><T11/><D11/><U126/><E15/><V46/><F46/><W110/><G45/><T105/><D105/><U81/><E36/><V21/><F21/><W5/><G43/><N who="0" m="24991" /><D67/><U134/><E134/><V26/><F26/><W56/><G22/><T63/><D63/><U49/><E61/><V116/><F116/><W115/><G38/><T96/><D96/><U32/><E120/><V87/><F87/><W129/><G118/><T39/><D39/><U17/><E32/><V90/><F90/><W102/><G117/><T123/><D123/><U68/><E88/><V34/><F34/><W104/><G129/><T29/><D125/><U108/><E126/><V71/><AGARI ba="0,1" hai="4,10,14,24,31,35,62,64,71,98,101,107,132,135" machi="71" ten="30,7900,0" yaku="1,1,0,1,25,2,53,0" doraHai="40" doraHaiUra="16" who="2" fromWho="2" sc="210,-20,264,-20,136,89,380,-39" owari="190,-31.0,244,4.4,225,-17.5,341,44.1" /></mjloggm>