<mjloggm ver="2.3"><GO type="169" lobby="0"/><UN n0="%E2%97%8E%E3%82%88%E3%81%97%E2%97%8E" n1="%E9%AB%AD%E9%AF%A8" n2="%E3%81%82%E3%81%BE%E3%81%82%E3%82%93" n3="%73%61%6E%64%69%72%69%73" dan="17,16,16,17" rate="2167.57,2148.17,2105.99,2219.29" sx="M,M,M,M"/><TAIKYOKU oya="0"/><INIT seed="0,0,0,3,2,94" ten="250,250,250,250" oya="0" hai0="37,125,95,121,65,97,35,56,70,123,14,50,63" hai1="80,133,18,38,72,127,21,83,132,104,119,4,22" hai2="130,3,47,131,11,82,101,120,54,26,98,6,28" hai3="92,25,40,135,30,86,39,78,89,34,61,59,55"/><T129/><D35/><U108/><E119/><V5/><F120/><W128/><G128/><T85/><D129/><U99/><E38/><V71/><F5/><W91/><G135/><N who="1" m="51786" /><E4/><V79/><F71/><W53/><G78/><T109/><D125/><U73/><E127/><V20/><F54/><W17/><G39/><T29/><D37/><U8/><E108/><V43/><F47/><W67/><G40/><T44/><D109/><U32/><E8/><V51/><F51/><W126/><G126/><T96/><D29/><U49/><E49/><V117/><F43/><W12/><REACH who="3" step="1"/><G91/><REACH who="3" ten="250,250,250,240" step="2"/><T93/><D121/><U110/><E110/><V15/><F117/><W24/><G24/><T16/><D123/><U2/><E72/><V105/><REACH who="2" step="1"/><F3/><REACH who="2" ten="250,250,240,240" step="2"/><W88/><G88/><N who="0" m="53391" /><D70/><U27/><E2/><V42/><F42/><W75/><G75/><AGARI ba="0,2" hai="6,11,15,20,26,28,75,79,82,98,101,105,130,131" machi="75" ten="40,2600,0" yaku="1,1,52,1,53,0" doraHai="94" doraHaiUra="134" who="2" fromWho="3" sc="250,0,250,0,240,46,240,-26" /><INIT seed="1,0,0,2,1,69" ten="250,250,286,214" oya="1" hai0="27,58,0,29,87,26,94,103,100,83,89,113,135" hai1="64,110,109,12,119,66,17,91,7,30,105,50,46" hai2="86,45,10,61,37,131,72,126,41,65,70,128,99" hai3="97,122,129,63,23,101,6,104,15,2,111,108,53"/><U73/><E119/><V44/><F86/><W134/><G122/><T31/><D0/><U51/><E105/><V112/><F99/><W90/><G2/><T98/><D135/><U123/><E73/><V130/><F72/><W28/><G134/><T115/><D58/><U71/><E7/><V121/><F121/><W36/><G129/><T8/><D8/><U52/><E30/><V118/><F118/><W124/><G124/><T75/><D75/><U107/><E107/><V78/><F78/><W120/><G120/><T60/><D60/><U102/><E102/><V13/><F112/><W77/><G77/><T81/><D81/><U62/><E66/><V67/><F67/><W34/><G34/><T132/><D132/><U55/><E91/><V74/><F74/><W47/><G90/><T5/><D5/><U42/><E123/><V24/><F24/><W20/><G63/><T21/><REACH who="0" step="1"/><D103/><REACH who="0" ten="240,250,286,214" step="2"/><U57/><REACH who="1" step="1"/><E42/><REACH who="1" ten="240,240,286,214" step="2"/><V95/><F131/><W40/><G6/><T9/><D9/><AGARI ba="0,2" hai="9,12,17,46,50,51,52,55,57,62,64,71,109,110" machi="9" ten="40,7700,0" yaku="1,1,2,1,54,1,53,0" doraHai="69" doraHaiUra="92" who="1" fromWho="0" sc="240,-77,240,97,286,0,214,0" /><INIT seed="1,1,0,4,2,75" ten="163,337,286,214" oya="1" hai0="20,124,94,29,67,27,6,52,82,132,39,103,130" hai1="49,40,89,80,64,84,98,96,107,99,83,36,30" hai2="63,58,115,1,68,22,12,26,13,21,37,24,5" hai3="4,50,119,31,18,74,60,23,34,35,134,7,86"/><U33/><E64/><V19/><F68/><W126/><G74/><T117/><D117/><U48/><E33/><V108/><F37/><W81/><G119/><T111/><D39/><U55/><E30/><N who="2" m="17679" /><F58/><W131/><G131/><T95/><D130/><U72/><E36/><V91/><F91/><W133/><G60/><T53/><D6/><N who="3" m="2089" /><G50/><T122/><D122/><U56/><E40/><V114/><F63/><W109/><G109/><T28/><D111/><U121/><E121/><V25/><F108/><W101/><G101/><T127/><D103/><U44/><E107/><V97/><F97/><W85/><G85/><T118/><D118/><U128/><E128/><V92/><F92/><W79/><G31/><T70/><D28/><U43/><REACH who="1" step="1"/><E72/><REACH who="1" ten="163,327,286,214" step="2"/><V14/><F115/><W69/><G35/><T71/><D29/><U116/><E116/><V106/><F114/><W46/><G34/><T65/><D67/><U45/><E45/><V125/><F106/><W110/><G110/><T32/><D65/><U51/><E51/><V16/><F125/><W88/><G126/><T73/><D73/><U78/><E78/><V17/><F22/><W102/><G46/><T3/><D32/><U87/><E87/><V112/><F112/><W41/><G23/><T10/><D20/><U120/><E120/><V38/><F38/><W59/><G41/><T2/><D124/><U93/><AGARI ba="1,1" hai="43,44,48,49,55,56,80,83,84,89,93,96,98,99" machi="93" ten="30,6000,0" yaku="1,1,0,1,8,1,53,0" doraHai="75" doraHaiUra="8" who="1" fromWho="1" sc="163,-21,327,73,286,-21,214,-21" /><INIT seed="1,2,0,3,0,124" ten="142,400,265,193" oya="1" hai0="57,77,27,82,90,25,22,71,78,83,73,56,67" hai1="63,85,114,93,21,69,129,31,45,94,66,126,3" hai2="133,0,12,23,135,51,99,118,109,95,2,102,59" hai3="38,75,53,92,37,70,61,131,33,13,101,97,100"/><U24/><E114/><V120/><F118/><W55/><G75/><T68/><D90/><U29/><E126/><V5/><F120/><W1/><G1/><T128/><D22/><U15/><E3/><V116/><F116/><W44/><G33/><T52/><D67/><U26/><E15/><V39/><F39/><W89/><G38/><T130/><REACH who="0" step="1"/><D73/><REACH who="0" ten="132,400,265,193" step="2"/><U113/><E21/><V41/><F23/><W123/><G89/><T91/><D91/><U50/><E66/><V115/><F135/><W65/><G65/><T125/><D125/><U86/><E26/><V17/><F133/><W110/><G101/><T103/><D103/><U127/><E24/><V49/><F102/><W28/><G100/><T80/><D80/><U111/><E127/><V104/><F95/><W72/><G72/><T112/><D112/><U105/><E113/><V11/><F115/><W7/><G92/><T32/><D32/><U4/><E93/><V10/><F10/><W64/><G64/><T60/><D60/><U43/><E63/><V117/><F11/><W62/><G62/><T132/><D132/><U107/><E94/><V35/><F35/><W9/><G61/><T76/><D76/><U121/><E29/><V40/><F117/><W96/><G28/><T14/><D14/><U58/><E31/><V6/><F12/><W87/><G13/><T19/><D19/><U88/><E88/><V8/><F17/><W47/><G70/><T30/><D30/><U74/><E74/><V18/><F0/><W36/><G9/><T119/><D119/><U34/><E69/><V42/><F42/><RYUUKYOKU ba="2,1" sc="132,30,400,-10,265,-10,193,-10" hai0="25,27,52,56,57,68,71,77,78,82,83,128,130" /><INIT seed="2,3,1,1,4,11" ten="162,390,255,183" oya="2" hai0="23,82,74,6,35,111,41,68,43,96,80,22,123" hai1="115,34,71,65,93,125,51,97,2,57,114,132,10" hai2="92,29,16,24,32,108,38,102,131,117,126,88,87" hai3="39,50,107,30,78,49,112,134,14,135,104,109,40"/><V79/><F117/><W129/><G109/><T120/><D96/><U113/><E34/><V76/><F38/><W13/><G129/><T0/><D6/><U83/><E125/><V53/><F126/><W59/><G30/><T73/><D35/><U72/><E132/><N who="3" m="50730" /><G78/><T77/><D77/><U45/><E71/><V58/><F131/><W118/><G118/><T25/><D25/><U121/><E121/><V61/><F108/><W64/><G112/><T21/><D68/><U44/><E83/><N who="0" m="31785" /><D0/><U20/><E72/><N who="0" m="27753" /><D111/><U103/><E20/><V122/><F122/><AGARI ba="3,1" hai="21,22,23,41,43,120,122,123" m="27753,31785" machi="122" ten="40,2600,0" yaku="28,2" doraHai="11" who="0" fromWho="2" sc="162,45,390,0,255,-35,183,0" /><INIT seed="3,0,0,0,0,41" ten="207,390,220,183" oya="3" hai0="115,134,35,111,55,43,13,102,84,65,23,53,36" hai1="9,88,14,96,42,6,4,32,104,128,33,79,106" hai2="105,123,109,37,31,117,72,82,66,62,116,103,108" hai3="99,90,49,58,64,78,17,91,39,15,74,87,12"/><W68/><G39/><T97/><D35/><U48/><E128/><V70/><F123/><W83/><G68/><T129/><D65/><U114/><E114/><V0/><F0/><W122/><G122/><T63/><D84/><U120/><E104/><V51/><F51/><W57/><G12/><T135/><D63/><U61/><E79/><N who="2" m="44391" /><F31/><W107/><G64/><T73/><D73/><U40/><E40/><V50/><F50/><W38/><G38/><T8/><D23/><U1/><E61/><V85/><F85/><W47/><G107/><N who="0" m="63951" /><D115/><U59/><E106/><V110/><F37/><W118/><G99/><AGARI ba="0,0" hai="62,66,70,99,103,105,108,109,110,116,117" m="44391" machi="99" ten="30,2000,0" yaku="14,1,23,1" doraHai="41" who="2" fromWho="3" sc="207,0,390,0,220,20,183,-20" /><INIT seed="4,0,0,0,3,102" ten="207,390,240,163" oya="0" hai0="30,92,129,29,123,117,12,55,91,48,60,5,78" hai1="86,81,68,64,0,18,20,132,110,43,112,82,56" hai2="63,39,106,101,6,103,32,67,9,65,80,3,42" hai3="116,85,130,54,114,79,76,47,66,46,2,121,62"/><T52/><D117/><U77/><E110/><V15/><F32/><W26/><G116/><T113/><D123/><U13/><E68/><V33/><F33/><W109/><G2/><T4/><D78/><U134/><E0/><V25/><F15/><W95/><G109/><T31/><D113/><U44/><E112/><V93/><F25/><W100/><G114/><T38/><D38/><U122/><E122/><V17/><F17/><W27/><G130/><T45/><D129/><U98/><E98/><V51/><F93/><W16/><G121/><T94/><D92/><U90/><E56/><V107/><F51/><W118/><G118/><T104/><D104/><U131/><E64/><V119/><F67/><W120/><G120/><T88/><D91/><U50/><E131/><V28/><F28/><W73/><G73/><T71/><D12/><U49/><E49/><V99/><F80/><N who="3" m="47239" /><G79/><T125/><D125/><U58/><REACH who="1" step="1"/><E58/><REACH who="1" ten="207,380,240,163" step="2"/><V72/><F119/><W127/><G66/><T115/><D115/><U24/><E24/><V108/><F108/><W96/><G27/><T84/><D71/><U111/><E111/><V69/><F72/><AGARI ba="0,1" hai="13,18,20,43,44,50,72,77,81,82,86,90,132,134" machi="72" ten="40,1300,0" yaku="1,1,53,0" doraHai="102" doraHaiUra="61" who="1" fromWho="2" sc="207,0,380,23,240,-13,163,0" /><INIT seed="5,0,0,1,3,110" ten="207,403,227,163" oya="1" hai0="79,78,61,94,131,20,104,1,89,64,117,40,68" hai1="86,30,127,8,16,62,19,106,23,11,77,9,107" hai2="71,13,70,63,121,72,67,92,118,65,22,17,48" hai3="39,36,25,45,83,29,44,125,98,100,69,60,134"/><U6/><E127/><V84/><F118/><W32/><G125/><T56/><D1/><U58/><E107/><V135/><F121/><W41/><G134/><T128/><D104/><U105/><E106/><V34/><F135/><W126/><G126/><T120/><D117/><U3/><E105/><V59/><F72/><W82/><G69/><T112/><D120/><U15/><E3/><V46/><F34/><W31/><G60/><T124/><D124/><U132/><E30/><V10/><F67/><W50/><G31/><T4/><D4/><U80/><E132/><V42/><F92/><W53/><REACH who="3" step="1"/><G39/><REACH who="3" ten="207,403,227,153" step="2"/><T5/><D68/><U129/><E129/><V7/><REACH who="2" step="1"/><F84/><REACH who="2" ten="207,403,217,153" step="2"/><W26/><G26/><AGARI ba="0,2" hai="7,10,13,17,22,26,42,46,48,59,63,65,70,71" machi="26" ten="30,3900,0" yaku="1,1,2,1,7,1,53,0" doraHai="110" doraHaiUra="116" who="2" fromWho="3" sc="207,0,403,0,217,59,153,-39" /><INIT seed="6,0,0,1,0,73" ten="207,403,276,114" oya="2" hai0="31,117,130,39,102,49,37,58,68,98,104,94,100" hai1="48,33,90,74,135,121,85,24,120,1,106,83,60" hai2="116,108,86,44,41,19,32,66,4,52,42,125,51" hai3="2,43,71,59,47,114,132,80,75,70,10,129,97"/><V57/><F116/><W29/><G132/><T79/><D68/><U67/><E1/><V91/><F32/><W123/><G123/><N who="1" m="47178" /><E135/><V101/><F125/><W69/><G129/><T78/><D130/><U82/><E106/><V45/><F108/><W99/><G29/><T124/><D124/><U0/><E0/><V87/><F101/><W109/><G109/><T64/><D31/><N who="1" m="19687" /><E48/><V72/><F72/><W62/><G114/><T111/><D111/><U133/><E133/><V110/><F110/><W34/><G34/><T96/><D117/><U15/><E15/><V131/><F131/><W112/><G112/><T88/><D102/><U92/><E74/><V26/><F4/><W76/><G10/><T134/><D134/><U6/><E6/><V5/><F5/><W35/><G2/><T103/><D103/><U61/><E61/><V89/><F26/><W128/><G35/><T63/><REACH who="0" step="1"/><D49/><REACH who="0" ten="197,403,276,114" step="2"/><U8/><E8/><V9/><F51/><W54/><REACH who="3" step="1"/><G128/><REACH who="3" ten="197,403,276,104" step="2"/><T13/><D13/><U20/><E20/><V105/><F9/><W17/><G17/><T30/><D30/><U14/><E14/><V3/><F19/><W7/><G7/><T119/><D119/><U118/><E118/><V95/><F3/><W28/><G28/><T27/><D27/><U84/><E60/><V22/><F22/><W38/><AGARI ba="0,2" hai="38,43,47,54,59,62,69,70,71,75,76,80,97,99" machi="38" ten="30,4000,0" yaku="1,1,0,1,52,1,53,0" doraHai="73" doraHaiUra="126" who="3" fromWho="3" sc="197,-10,403,-10,276,-20,104,60" /><INIT seed="7,0,0,1,5,77" ten="187,393,256,164" oya="3" hai0="35,107,9,63,39,26,114,113,83,38,57,111,98" hai1="50,70,84,24,60,74,7,135,46,116,42,0,100" hai2="93,53,133,90,28,71,34,2,72,89,1,117,25" hai3="29,130,91,56,65,22,36,104,54,121,48,64,33"/><W12/><G121/><T69/><D111/><U125/><E74/><V82/><F117/><W119/><G119/><T99/><D69/><U47/><E125/><V45/><F71/><W76/><G130/><T118/><D118/><U101/><E135/><V110/><F110/><W5/><G36/><N who="0" m="13867" /><D107/><U134/><E134/><V10/><F133/><W94/><G104/><T13/><D83/><U62/><E7/><V51/><F10/><W4/><G76/><T44/><D44/><U123/><E0/><V20/><F34/><W49/><G33/><T103/><D103/><U66/><E60/><V37/><F37/><W108/><G108/><T127/><D26/><U86/><E123/><V78/><F90/><W81/><G49/><T124/><D35/><U27/><E116/><V40/><F40/><W6/><G81/><T43/><D43/><U132/><E132/><V95/><F95/><W14/><G29/><T87/><D87/><AGARI ba="0,0" hai="1,2,20,25,28,45,51,53,72,78,82,87,89,93" machi="87" ten="30,2000,0" yaku="7,1,52,1" doraHai="77" who="2" fromWho="0" sc="187,-20,393,0,256,20,164,0" owari="167,-23.3,393,49.3,276,7.6,164,-33.6" /></mjloggm>