<mjloggm ver="2.3"><GO type="169" lobby="0"/><UN n0="%E8%A1%A8%E7%A4%BA%E4%BE%A1%E6%A0%BC%E3%82%88%E3%82%8A%E5%8D%8A%E9%A1%8D" n1="%E3%83%8F%E3%83%B3%E3%83%81%E3%83%A7%E3%82%A6%E5%A4%A7%E6%A7%BB" n2="%E5%B0%8F%E5%AE%AE%E7%95%B3%E5%BA%97" n3="%62%73%64%5F%33" dan="16,16,16,16" rate="2077.00,2107.30,2090.69,2074.61" sx="M,M,M,F"/><TAIKYOKU oya="0"/><INIT seed="0,0,0,1,4,21" ten="250,250,250,250" oya="0" hai0="81,60,44,96,52,102,109,74,123,115,46,89,95" hai1="118,71,53,34,66,26,73,76,92,11,37,94,32" hai2="30,130,97,57,41,55,117,22,122,12,99,31,127" hai3="68,121,63,8,69,134,85,50,86,70,133,90,2"/><T24/><D115/><U45/><E118/><V114/><F122/><W13/><G121/><T126/><D123/><U56/><E11/><V7/><F114/><W29/><G2/><T113/><D113/><U40/><E34/><V82/><F41/><W87/><G29/><T98/><D126/><U107/><E107/><V27/><F127/><W38/><G38/><T47/><D109/><U15/><E15/><V58/><F130/><W108/><G108/><T110/><D110/><U48/><E76/><V51/><F117/><W23/><G23/><T77/><D24/><U100/><E100/><V72/><F31/><W3/><G3/><T112/><D112/><U84/><E84/><V128/><F128/><W135/><G50/><T104/><REACH who="0" step="1"/><D60/><REACH who="0" ten="240,250,250,250" step="2"/><N who="1" m="40391" /><E73/><V101/><F101/><W39/><G63/><T124/><D124/><U131/><E131/><V49/><F72/><W17/><REACH who="3" step="1"/><G39/><REACH who="3" ten="240,250,250,240" step="2"/><T10/><D10/><U36/><E37/><V83/><F49/><AGARI ba="0,2" hai="44,46,47,49,52,74,77,81,89,95,96,98,102,104" machi="49" ten="40,3900,0" yaku="1,1,54,1,53,0" doraHai="21" doraHaiUra="129" who="0" fromWho="2" sc="240,59,250,0,250,-39,240,0" /><INIT seed="0,1,0,3,1,76" ten="299,250,211,240" oya="0" hai0="53,88,67,13,128,116,30,61,21,5,59,105,121" hai1="122,8,113,46,50,48,40,31,28,119,0,2,62" hai2="91,117,20,56,127,132,106,25,112,14,12,66,75" hai3="134,129,42,95,11,3,43,72,44,84,41,54,115"/><T135/><D121/><U45/><E119/><V17/><F112/><W125/><G115/><T19/><D116/><U103/><E122/><V32/><F106/><W23/><G72/><T89/><D105/><U24/><E113/><V60/><F117/><W120/><G134/><T49/><D128/><U83/><E103/><V51/><F132/><W52/><G129/><T69/><D135/><U118/><E118/><V7/><F127/><W92/><G125/><T38/><D30/><U100/><E100/><V108/><F75/><W82/><G120/><T109/><D109/><U124/><E124/><V6/><F108/><W26/><G11/><T55/><D38/><U80/><E62/><V90/><F51/><N who="3" m="28775" /><G54/><T123/><D123/><U22/><E8/><N who="2" m="4127" /><F32/><W98/><G98/><T16/><D5/><U10/><E10/><AGARI ba="1,0" hai="6,10,14,17,20,25,56,60,66,90,91" m="4127" machi="10" ten="30,1000,0" yaku="8,1" doraHai="76" who="2" fromWho="1" sc="299,0,250,-13,211,13,240,0" /><INIT seed="1,0,0,0,2,127" ten="299,237,224,240" oya="1" hai0="48,74,7,115,88,120,8,83,67,121,45,25,1" hai1="124,125,91,81,95,58,77,90,32,133,110,40,19" hai2="49,26,100,122,5,79,69,130,17,113,108,28,98" hai3="71,89,129,34,93,27,22,11,78,102,128,80,76"/><U104/><E32/><V97/><F122/><W96/><G71/><T135/><D115/><U43/><E104/><V56/><F113/><W44/><G34/><T118/><D118/><U13/><E133/><V60/><F5/><W107/><G44/><T2/><D135/><U10/><E110/><V24/><F108/><W116/><G11/><T21/><D67/><U73/><E58/><V47/><F79/><W87/><G116/><T14/><D74/><U112/><E112/><V66/><F97/><W52/><G52/><N who="0" m="29711" /><D25/><U63/><E63/><V12/><F69/><W132/><G132/><T109/><D21/><U35/><E35/><V117/><F117/><W46/><G46/><T72/><D72/><U51/><E51/><V119/><F119/><W3/><G3/><T101/><D101/><U64/><E64/><V41/><F28/><W39/><G39/><T53/><D53/><U68/><E68/><V94/><REACH who="2" step="1"/><F130/><REACH who="2" ten="299,237,214,240" step="2"/><N who="3" m="50283" /><G107/><T59/><D109/><U65/><E65/><V123/><F123/><N who="0" m="47178" /><D59/><U37/><E37/><V134/><F134/><W6/><G6/><T16/><D7/><U131/><E131/><V103/><F103/><W31/><AGARI ba="0,1" hai="22,27,31,76,78,80,87,89,93,96,102" m="50283" machi="31" ten="30,7900,0" yaku="19,1,52,3" doraHai="127" who="3" fromWho="3" sc="299,-20,237,-39,214,-20,240,89" /><INIT seed="2,0,0,5,5,26" ten="279,198,194,329" oya="2" hai0="55,64,47,45,21,4,79,119,14,5,103,130,134" hai1="111,12,19,34,128,89,43,3,38,22,8,133,112" hai2="124,69,106,113,84,110,104,107,20,41,30,67,120" hai3="60,68,71,42,131,118,92,121,95,87,32,91,56"/><V102/><F120/><W125/><G118/><T86/><D119/><U52/><E112/><V63/><F113/><W99/><G121/><T9/><D130/><U135/><E38/><V28/><F41/><W98/><G125/><T109/><D109/><U75/><E43/><V61/><F124/><W126/><G126/><T108/><D108/><U123/><E75/><V116/><F116/><W24/><G131/><T73/><D73/><U88/><E111/><V59/><F110/><W100/><G42/><T101/><D5/><U97/><E97/><V27/><F84/><W114/><G114/><T33/><D33/><U49/><E123/><V29/><REACH who="2" step="1"/><F102/><REACH who="2" ten="279,198,184,329" step="2"/><W13/><G87/><T40/><D40/><U90/><E128/><V6/><F6/><W78/><G100/><T35/><D103/><U80/><E34/><V129/><F129/><W58/><G32/><T50/><D35/><U127/><E127/><V72/><F72/><W62/><G99/><T39/><D101/><U37/><E37/><V94/><F94/><W25/><G95/><T1/><D86/><U31/><E80/><V48/><F48/><W66/><G92/><T115/><D39/><U76/><E76/><V0/><F0/><W23/><G78/><T70/><D79/><U57/><REACH who="1" step="1"/><E3/><REACH who="1" ten="279,188,184,329" step="2"/><V122/><F122/><W81/><G81/><T17/><D115/><U15/><E15/><V117/><F117/><W77/><G13/><T93/><D1/><U10/><E10/><V105/><N who="2" m="26624" /><DORA hai="83" /><V46/><F46/><W36/><G77/><T53/><D47/><U51/><E51/><V16/><F16/><RYUUKYOKU ba="0,2" sc="279,-15,188,15,184,15,329,-15" hai1="8,12,19,22,31,49,52,57,88,89,90,133,135" hai2="20,27,28,29,30,59,61,63,67,69" /><INIT seed="2,1,2,3,0,29" ten="264,203,199,314" oya="2" hai0="111,69,101,99,36,23,3,4,49,121,120,7,16" hai1="39,20,45,63,1,90,80,32,59,0,54,91,135" hai2="58,48,6,27,17,107,105,37,114,72,97,40,96" hai3="19,89,10,30,103,25,82,106,77,94,131,62,108"/><V46/><F114/><W11/><G108/><T76/><D36/><U132/><E32/><V87/><F72/><W73/><G131/><T33/><D111/><U124/><E124/><V104/><F6/><W88/><G19/><T8/><D69/><U52/><E20/><V71/><F71/><W15/><G62/><T133/><D76/><U24/><E24/><V14/><F27/><W50/><G50/><T12/><D33/><U66/><E66/><V65/><F87/><W115/><G115/><T68/><D68/><U84/><E91/><V61/><REACH who="2" step="1"/><F37/><REACH who="2" ten="264,203,189,314" step="2"/><W2/><G25/><T53/><D7/><U81/><E81/><V55/><F55/><W9/><G73/><T44/><REACH who="0" step="1"/><D133/><REACH who="0" ten="254,203,189,314" step="2"/><N who="1" m="51275" /><E54/><V34/><F34/><W109/><G109/><T22/><D22/><AGARI ba="1,4" hai="14,17,22,40,46,48,58,61,65,96,97,104,105,107" machi="22" ten="40,3900,0" yaku="1,1,53,1" doraHai="29" doraHaiUra="60" who="2" fromWho="0" sc="254,-42,203,0,189,82,314,0" /><INIT seed="2,2,0,5,4,12" ten="212,203,271,314" oya="2" hai0="64,80,11,4,6,58,111,122,117,92,50,130,10" hai1="87,116,30,56,82,100,47,62,120,70,31,69,135" hai2="102,107,132,95,60,105,113,2,61,76,91,18,118" hai3="133,108,28,3,90,27,86,114,84,29,35,83,39"/><V17/><F118/><W20/><G39/><T89/><D111/><U85/><E116/><V110/><F113/><W81/><G108/><T124/><D117/><U46/><E100/><V72/><F2/><W23/><G114/><T51/><D130/><U32/><E82/><N who="2" m="45319" /><F110/><W71/><G133/><T104/><D104/><U7/><E7/><V77/><F107/><W53/><G71/><T14/><D124/><U96/><E56/><V112/><F77/><W74/><G74/><T127/><D80/><U25/><E135/><V88/><F91/><W101/><G3/><T63/><D127/><U94/><E120/><V79/><F79/><W106/><G29/><T34/><D34/><U5/><E5/><V21/><F21/><W42/><G42/><T41/><D41/><U52/><E32/><V9/><F9/><W24/><G53/><T128/><D128/><U54/><E25/><V98/><F132/><W66/><G66/><T115/><D115/><U13/><E13/><V19/><F112/><W26/><G101/><T73/><D73/><U37/><E94/><V125/><F125/><W97/><G97/><T93/><D122/><U55/><E96/><V75/><F75/><W59/><G106/><T48/><REACH who="0" step="1"/><D89/><REACH who="0" ten="202,203,271,314" step="2"/><U38/><REACH who="1" step="1"/><E55/><REACH who="1" ten="202,193,271,314" step="2"/><V65/><F65/><W57/><G83/><T40/><D40/><U103/><E103/><V123/><F123/><W119/><G119/><T131/><D131/><U44/><E44/><V0/><F0/><AGARI ba="2,2" hai="0,4,6,10,11,14,48,50,51,58,63,64,92,93" machi="0" ten="40,1300,0" yaku="1,1,53,0" doraHai="12" doraHaiUra="129" who="0" fromWho="2" sc="202,39,193,0,271,-19,314,0" /><INIT seed="3,0,0,0,0,62" ten="241,193,252,314" oya="3" hai0="92,9,68,48,90,33,127,50,17,100,65,13,18" hai1="117,107,124,32,36,129,103,134,77,84,111,26,69" hai2="41,39,60,123,21,47,120,95,66,79,67,74,55" hai3="87,59,19,20,54,14,133,22,112,121,3,113,56"/><W40/><G121/><N who="2" m="46665" /><F74/><W35/><G3/><T16/><D33/><U91/><E91/><V24/><F79/><W99/><G35/><T72/><D72/><U6/><E6/><V25/><F25/><W76/><G133/><T70/><D100/><U106/><E26/><V11/><F11/><W2/><G2/><T125/><D70/><U114/><E103/><V109/><F109/><W44/><G99/><T30/><D30/><U83/><E84/><V128/><F128/><W8/><G113/><T12/><D68/><U28/><E28/><N who="2" m="17423" /><F95/><W38/><G59/><AGARI ba="0,0" hai="39,41,47,55,59,60,66,67" m="17423,46665" machi="59" ten="30,3900,0" yaku="13,1,52,2" doraHai="62" who="2" fromWho="3" sc="241,0,193,0,252,39,314,-39" /><INIT seed="4,0,0,0,4,19" ten="241,193,291,275" oya="0" hai0="130,36,125,90,6,121,46,84,62,11,73,102,123" hai1="30,100,18,48,135,33,65,133,44,97,81,92,21" hai2="64,89,117,78,32,20,16,12,71,107,42,50,88" hai3="116,111,128,24,5,101,58,104,120,51,67,108,105"/><T61/><D125/><U9/><E65/><V68/><F107/><W66/><G116/><T15/><D130/><U118/><E118/><V10/><F32/><W31/><G128/><T41/><D73/><U25/><E81/><V8/><F117/><W28/><G5/><T114/><D114/><U91/><E9/><N who="2" m="3691" /><F71/><W40/><G40/><T77/><D77/><U115/><E115/><V83/><F68/><W99/><G120/><T134/><D102/><U1/><E1/><V86/><F64/><W45/><G104/><T63/><REACH who="0" step="1"/><D134/><REACH who="0" ten="231,193,291,275" step="2"/><U17/><E100/><V93/><F93/><AGARI ba="0,1" hai="6,11,15,36,41,46,61,62,63,84,90,93,121,123" machi="93" ten="40,7700,0" yaku="1,1,2,1,53,1" doraHai="19" doraHaiUra="37" who="0" fromWho="2" sc="231,87,193,0,291,-77,275,0" /><INIT seed="4,1,0,5,1,133" ten="318,193,214,275" oya="0" hai0="87,127,103,75,110,16,39,5,29,4,109,111,86" hai1="38,27,55,17,26,100,1,48,93,36,42,69,130" hai2="18,35,129,77,31,71,102,32,19,76,116,118,112" hai3="125,81,132,2,51,135,33,9,44,41,115,34,43"/><T82/><D39/><U113/><E1/><V40/><F40/><W123/><G115/><T106/><D29/><U124/><E113/><V46/><F112/><W84/><G43/><T53/><D106/><U20/><E69/><V98/><F46/><W62/><G62/><T8/><D103/><U107/><E107/><V122/><F71/><W120/><G9/><T14/><D53/><U28/><E130/><V91/><F91/><W85/><G2/><T78/><D127/><U24/><E42/><V52/><F129/><W57/><G57/><T70/><D70/><U25/><E124/><V61/><F31/><W37/><G51/><T101/><D101/><U67/><E67/><V94/><F122/><N who="3" m="46635" /><G125/><T89/><REACH who="0" step="1"/><D75/><REACH who="0" ten="308,193,214,275" step="2"/><U72/><E72/><V83/><F35/><N who="3" m="13323" /><G84/><T54/><D54/><U12/><N who="1" m="6144" /><DORA hai="47" /><U63/><E28/><V23/><F32/><W15/><G135/><T73/><D73/><U66/><E66/><V121/><F121/><W0/><G132/><T21/><D21/><U50/><E36/><V117/><F23/><W119/><G37/><T90/><D90/><U92/><E38/><V49/><F77/><W65/><G65/><T88/><D88/><U80/><E100/><V7/><F76/><W104/><G104/><T10/><D10/><U74/><E55/><V11/><F49/><N who="1" m="19049" /><E63/><V6/><F52/><W30/><G30/><T58/><D58/><U79/><E74/><V95/><F61/><W59/><G59/><T99/><D99/><U56/><E56/><V96/><F117/><W3/><G119/><N who="2" m="45609" /><F98/><W64/><G64/><T126/><D126/><RYUUKYOKU ba="1,1" sc="308,15,193,15,214,-15,275,-15" hai0="4,5,8,14,16,78,82,86,87,89,109,110,111" hai1="12,17,20,79,80,92,93" /><INIT seed="4,2,1,0,1,22" ten="323,208,199,260" oya="0" hai0="88,100,133,99,110,25,132,24,118,78,77,66,82" hai1="72,91,55,32,109,33,20,48,28,10,127,57,9" hai2="49,128,85,47,89,90,1,83,18,135,7,40,13" hai3="134,87,114,46,16,67,131,70,93,27,26,71,64"/><T68/><D118/><U130/><E109/><V8/><F135/><N who="0" m="51786" /><D68/><U96/><E72/><V122/><F128/><W15/><G134/><T4/><D66/><N who="3" m="25129" /><G71/><T101/><D110/><U37/><E37/><V75/><F122/><W81/><G70/><T36/><D36/><U65/><E130/><V19/><F75/><W38/><G38/><T21/><D4/><U94/><E127/><V61/><F61/><W112/><G93/><N who="0" m="56743" /><D21/><U60/><E32/><V3/><REACH who="2" step="1"/><F90/><REACH who="2" ten="323,208,189,260" step="2"/><N who="3" m="51567" /><G131/><T79/><D82/><U105/><E105/><V17/><AGARI ba="2,2" hai="1,3,7,8,13,17,18,19,40,47,49,83,85,89" machi="17" ten="30,2000,0" yaku="1,1,0,1,53,0" doraHai="22" doraHaiUra="103" who="2" fromWho="2" sc="323,-12,208,-7,189,46,260,-7" /><INIT seed="5,0,0,4,5,99" ten="311,201,235,253" oya="1" hai0="107,76,66,0,127,43,71,29,103,36,109,132,62" hai1="67,119,133,18,87,17,70,125,32,39,102,42,108" hai2="38,20,74,135,19,5,4,34,115,25,50,2,37" hai3="44,84,30,114,121,3,1,105,14,101,100,91,47"/><U51/><E119/><V27/><F74/><W104/><G121/><T46/><D109/><U73/><E73/><V130/><F38/><W35/><G114/><T40/><D76/><U23/><E32/><V126/><F37/><W52/><G30/><T15/><D132/><U86/><E39/><V120/><F120/><W69/><G69/><T22/><D127/><U112/><E133/><V110/><F135/><W26/><G26/><T113/><D43/><U96/><E112/><V59/><F115/><W134/><G35/><T88/><D113/><U56/><E70/><V41/><F110/><W63/><G14/><T92/><D0/><U93/><E125/><V48/><F126/><W9/><G63/><T60/><D60/><N who="1" m="38279" /><E108/><V55/><F2/><W54/><G91/><T7/><D7/><N who="2" m="2634" /><F34/><W11/><G134/><T82/><D82/><U78/><E78/><V89/><F130/><W116/><REACH who="3" step="1"/><G84/><REACH who="3" ten="311,201,235,243" step="2"/><N who="1" m="32298" /><E23/><V90/><F25/><W28/><G28/><T13/><D13/><U81/><E81/><V128/><F128/><W80/><G80/><T12/><D15/><U64/><E64/><V95/><F90/><W97/><G97/><T72/><D12/><U94/><E94/><V129/><F129/><W118/><AGARI ba="0,1" hai="1,3,9,11,44,47,52,54,100,101,104,105,116,118" machi="118" ten="25,12000,2" yaku="1,1,0,1,22,2,52,2,54,1,53,0" doraHai="99" doraHaiUra="61" who="3" fromWho="3" sc="311,-30,201,-60,235,-30,243,130" /><INIT seed="6,0,0,3,4,98" ten="281,141,205,373" oya="2" hai0="56,35,42,116,13,22,107,89,43,91,8,38,58" hai1="87,24,54,68,49,1,18,16,79,47,104,76,124" hai2="33,14,74,134,29,132,103,34,15,55,52,70,100" hai3="32,4,62,67,73,71,115,48,102,133,108,99,23"/><V17/><F70/><W26/><G108/><T101/><D35/><N who="2" m="13322" /><F74/><W117/><G117/><T93/><D116/><U127/><E68/><V27/><F29/><N who="3" m="19511" /><G73/><T94/><D22/><U45/><E1/><V60/><F27/><W82/><G48/><T5/><D107/><U9/><E104/><V41/><F41/><W11/><G133/><N who="2" m="51305" /><F60/><W106/><G23/><T83/><D38/><U125/><E47/><V110/><F110/><W96/><G96/><T88/><D83/><U39/><E39/><V122/><F122/><W3/><G82/><T19/><D42/><U50/><E50/><V77/><F77/><W126/><G126/><T37/><D37/><U7/><E24/><V130/><F130/><W12/><G115/><T28/><D28/><U80/><REACH who="1" step="1"/><E76/><REACH who="1" ten="281,131,205,373" step="2"/><V121/><F121/><W64/><G3/><T21/><D43/><U114/><E114/><V90/><F90/><W36/><G36/><T10/><D88/><U84/><E84/><V40/><F40/><W63/><G71/><T95/><D91/><U131/><E131/><V20/><F14/><W65/><G12/><T120/><D89/><U53/><E53/><AGARI ba="0,1" hai="15,17,20,52,53,55,100,103" m="51305,13322" machi="53" ten="30,11600,0" yaku="20,1,52,2,54,1" doraHai="98" who="2" fromWho="1" sc="281,0,131,-116,205,126,373,0" /><INIT seed="6,1,0,1,2,102" ten="281,15,331,373" oya="2" hai0="103,26,67,7,117,132,105,12,62,23,72,1,133" hai1="111,38,27,116,110,83,6,113,29,87,78,45,130" hai2="64,123,92,65,51,88,35,18,86,25,125,90,79" hai3="41,17,75,68,20,55,71,30,118,85,128,60,73"/><V39/><F123/><W63/><G118/><T16/><D117/><U94/><E116/><V43/><F39/><W13/><G128/><T32/><D72/><U4/><E130/><V131/><F131/><W11/><G41/><T134/><D67/><U121/><E121/><V31/><F79/><W40/><G40/><T93/><D62/><U80/><E113/><V99/><F125/><W58/><G71/><T76/><D76/><U57/><E57/><V19/><F19/><W112/><G112/><T8/><D93/><U108/><E94/><V0/><F0/><W2/><G2/><T84/><D84/><U66/><E66/><V49/><F49/><W126/><G126/><T109/><D103/><U81/><E87/><V96/><F18/><W106/><G106/><T101/><D101/><U10/><E78/><V122/><F122/><W77/><G68/><T36/><D36/><U119/><E119/><V61/><F90/><W95/><G63/><T56/><D56/><U9/><E38/><V3/><F3/><W124/><G124/><T120/><D105/><U28/><E45/><V59/><REACH who="2" step="1"/><F65/><REACH who="2" ten="281,15,321,373" step="2"/><W52/><G77/><T47/><D120/><U21/><E21/><V100/><F100/><W129/><G129/><T33/><D47/><AGARI ba="1,1" hai="25,31,35,43,47,51,59,61,64,86,88,92,96,99" machi="47" ten="40,7700,0" yaku="1,1,54,1,53,1" doraHai="102" doraHaiUra="37" who="2" fromWho="0" sc="281,-80,15,0,321,90,373,0" /><INIT seed="6,2,0,0,1,82" ten="201,15,411,373" oya="2" hai0="16,126,58,125,115,102,0,13,21,129,33,57,81" hai1="91,55,90,27,15,24,85,50,78,26,123,105,11" hai2="14,109,111,18,124,96,113,5,94,69,84,3,34" hai3="66,38,8,22,68,71,10,65,103,134,63,28,25"/><V59/><F69/><W32/><G134/><T49/><D33/><U79/><E105/><V12/><F34/><W107/><G22/><T117/><D0/><U42/><E123/><V64/><F113/><W35/><G35/><T101/><D115/><U77/><E42/><V118/><F118/><W83/><G83/><T119/><D81/><U51/><E15/><V36/><F36/><W61/><REACH who="3" step="1"/><G38/><REACH who="3" ten="201,15,411,363" step="2"/><T92/><D129/><U121/><E121/><V73/><F124/><N who="0" m="47722" /><D117/><U1/><E1/><V122/><F122/><W108/><G108/><N who="2" m="41545" /><F73/><W53/><G53/><N who="0" m="31919" /><D119/><U72/><E72/><V89/><F3/><W20/><G20/><T45/><D45/><U95/><E11/><V19/><F5/><W60/><G60/><T131/><D131/><U88/><REACH who="1" step="1"/><E51/><REACH who="1" ten="201,5,411,363" step="2"/><V41/><F41/><W132/><G132/><T44/><D44/><AGARI ba="2,2" hai="24,26,27,44,50,55,77,78,79,85,88,90,91,95" machi="44" ten="40,8000,1" yaku="1,1,2,1,8,1,52,1,54,1,53,0" doraHai="82" doraHaiUra="30" who="1" fromWho="0" sc="201,-86,5,106,411,0,363,0" /><INIT seed="7,0,0,1,3,71" ten="115,111,411,363" oya="3" hai0="114,135,20,60,57,134,49,62,7,1,95,8,133" hai1="73,101,64,113,67,46,118,35,63,32,128,130,39" hai2="34,110,16,11,98,104,53,51,14,47,68,116,50" hai3="9,121,88,65,54,109,94,123,115,27,96,75,41"/><W42/><G75/><T6/><D114/><U97/><E113/><V30/><F110/><W70/><G115/><T66/><D7/><U117/><E73/><V120/><F116/><N who="1" m="44649" /><E67/><V29/><F68/><W26/><G109/><T122/><D122/><U69/><E46/><N who="2" m="27863" /><F34/><N who="1" m="12841" /><E39/><V33/><F33/><W103/><G70/><N who="0" m="42311" /><D49/><U92/><AGARI ba="0,0" hai="63,64,69,92,97,101,128,130" m="12841,44649" machi="92" ten="40,1500,0" yaku="12,1" doraHai="71" who="1" fromWho="1" sc="115,-4,111,15,411,-4,363,-7" owari="111,-38.9,126,-27.4,407,50.7,356,15.6" /></mjloggm>