<mjloggm ver="2.3"><GO type="169" lobby="0"/><UN n0="%E6%B2%B3%E7%AB%A5%E3%81%AE%E3%83%AF%E3%82%AB%E3%83%9E%E3%83%84" n1="%31%74%61" n2="%E6%A4%9B%E5%8D%97" n3="%E3%82%A2%E3%83%B3%E3%81%95%E3%82%93" dan="17,17,18,18" rate="2199.34,2211.28,2200.88,2198.52" sx="M,M,F,M"/><TAIKYOKU oya="0"/><INIT seed="0,0,0,5,0,7" ten="250,250,250,250" oya="0" hai0="51,4,25,116,13,83,35,108,92,50,125,121,60" hai1="114,118,69,24,44,130,42,28,26,54,120,88,91" hai2="119,86,75,27,78,126,134,104,102,77,109,81,40" hai3="1,87,100,67,129,135,10,17,66,133,15,57,37"/><T9/><D116/><U31/><E118/><V5/><F119/><W79/><G37/><T74/><D121/><U46/><E120/><V80/><F109/><W132/><G129/><T123/><D123/><U21/><E69/><V22/><F134/><W33/><G33/><T20/><D35/><U128/><E114/><V23/><F126/><W70/><G70/><T11/><D125/><U95/><E54/><V3/><F40/><W2/><G100/><T103/><D108/><U18/><E18/><V36/><F36/><W29/><G29/><T101/><D60/><U61/><E61/><V94/><F104/><W39/><G39/><T96/><D101/><U99/><E91/><V19/><F23/><W38/><G38/><T32/><D32/><U45/><REACH who="1" step="1"/><E42/><REACH who="1" ten="250,240,250,250" step="2"/><V0/><REACH who="2" step="1"/><F5/><REACH who="2" ten="250,240,240,250" step="2"/><W62/><G66/><T58/><D4/><U72/><E72/><V127/><F127/><W12/><G133/><T47/><D74/><U59/><E59/><V68/><F68/><W14/><G135/><T65/><D58/><U85/><E85/><V93/><F93/><W122/><G132/><T53/><D65/><U107/><E107/><V71/><F71/><W113/><G122/><T112/><D92/><U105/><E105/><V41/><F41/><W110/><G110/><T56/><D56/><U84/><E84/><V73/><F73/><W64/><G64/><T48/><D112/><U115/><E115/><V43/><F43/><W16/><G113/><T49/><D53/><U55/><E55/><V117/><F117/><W30/><G57/><T34/><D50/><U106/><E106/><RYUUKYOKU ba="0,2" sc="250,-15,240,15,240,15,250,-15" hai1="21,24,26,28,31,44,45,46,88,95,99,128,130" hai2="0,3,19,22,27,75,77,78,80,81,86,94,102" /><INIT seed="1,1,2,0,2,123" ten="235,255,255,235" oya="1" hai0="5,119,129,80,122,17,23,53,24,44,49,111,120" hai1="96,131,67,57,83,66,48,56,115,34,125,20,101" hai2="28,10,11,37,106,89,109,8,33,1,50,98,25" hai3="113,21,6,132,92,32,134,70,0,68,3,42,27"/><U91/><E34/><V19/><F37/><W72/><G113/><T60/><D119/><U39/><E39/><V94/><F106/><W31/><G72/><T40/><D129/><U128/><E115/><V117/><F117/><W77/><G42/><T107/><D107/><U61/><E125/><V13/><F109/><W112/><G112/><T127/><D127/><U2/><E2/><N who="3" m="554" /><G77/><T103/><D103/><U41/><E20/><V79/><F79/><W93/><G6/><T95/><D5/><U78/><E91/><V110/><F110/><W86/><G86/><T81/><D111/><U74/><E41/><V12/><F1/><W71/><G32/><T45/><D95/><U9/><E9/><V126/><F126/><W65/><G65/><T30/><D17/><U47/><E47/><V7/><F50/><W84/><G84/><T76/><D60/><U22/><E22/><AGARI ba="1,2" hai="7,8,10,11,12,13,19,22,25,28,33,89,94,98" machi="22" ten="30,1000,0" yaku="7,1" doraHai="123" who="2" fromWho="1" sc="235,0,255,-13,255,33,235,0" /><INIT seed="2,0,0,3,1,17" ten="235,242,288,235" oya="2" hai0="54,100,41,20,97,22,1,112,119,16,133,109,78" hai1="131,59,50,75,126,90,47,27,21,55,134,44,32" hai2="74,120,69,66,114,61,48,23,111,125,79,67,51" hai3="92,77,71,0,42,122,99,108,115,105,82,107,60"/><V80/><F114/><W12/><G122/><T56/><D112/><U110/><E110/><V38/><F120/><W93/><G108/><T45/><D109/><U81/><E131/><V46/><F111/><W64/><G0/><T70/><D70/><U129/><E129/><V5/><F67/><W98/><G42/><T53/><D1/><U29/><E134/><V14/><F125/><W35/><G35/><T106/><D133/><U28/><E126/><V43/><REACH who="2" step="1"/><F23/><REACH who="2" ten="235,242,278,235" step="2"/><W86/><G115/><T6/><D22/><U95/><E21/><V116/><F116/><W33/><G33/><T24/><D119/><U58/><E32/><V135/><F135/><W113/><G113/><T127/><D127/><U117/><E117/><V76/><F76/><W62/><G64/><T132/><D132/><U52/><E29/><V10/><AGARI ba="0,1" hai="5,10,14,38,43,46,48,51,61,66,69,74,79,80" machi="10" ten="30,6000,0" yaku="1,1,0,1,53,1" doraHai="17" doraHaiUra="63" who="2" fromWho="2" sc="235,-20,242,-20,278,70,235,-20" /><INIT seed="2,1,0,0,0,78" ten="215,222,348,215" oya="2" hai0="67,81,69,62,101,41,99,25,127,34,32,16,27" hai1="80,85,1,60,18,118,87,53,55,115,116,66,15" hai2="4,76,75,54,119,106,37,49,7,113,112,91,93" hai3="92,65,107,26,124,110,123,108,126,57,20,73,102"/><V11/><F119/><W72/><G123/><T33/><D127/><N who="3" m="48681" /><G107/><T111/><D111/><N who="3" m="42537" /><G65/><T47/><D81/><U63/><E1/><V35/><F106/><W17/><G57/><T24/><D101/><U71/><E115/><V94/><F37/><W95/><G102/><T103/><D103/><U88/><E87/><V58/><F75/><AGARI ba="1,0" hai="17,20,26,72,73,75,92,95" m="42537,48681" machi="75" ten="40,2600,0" yaku="18,1,14,1" doraHai="78" who="3" fromWho="2" sc="215,0,222,0,348,-29,215,29" /><INIT seed="3,0,0,3,5,79" ten="215,222,319,244" oya="3" hai0="89,123,24,128,102,98,55,3,53,112,37,103,23" hai1="93,57,7,64,45,120,65,39,101,111,17,15,61" hai2="113,126,129,130,30,85,46,104,70,6,77,76,73" hai3="43,84,2,106,90,95,41,66,109,12,75,91,107"/><W38/><G2/><T118/><D118/><U83/><E120/><V99/><F70/><W110/><G66/><T0/><D37/><U72/><E111/><N who="3" m="42506" /><G38/><T71/><D71/><U22/><E7/><V133/><F6/><W80/><G12/><T44/><D128/><U10/><E65/><V34/><F113/><W78/><G91/><T4/><D123/><U18/><E101/><V35/><F133/><W19/><G19/><T36/><D112/><U86/><E93/><V127/><F30/><W32/><G32/><T97/><D89/><U47/><E72/><V96/><F73/><W8/><G8/><T49/><D36/><U26/><REACH who="1" step="1"/><E39/><REACH who="1" ten="215,212,319,244" step="2"/><V54/><F130/><W87/><G75/><T68/><D4/><U115/><E115/><V48/><F129/><W21/><G21/><T16/><D23/><U69/><E69/><V122/><F122/><W135/><G135/><T100/><D68/><U25/><E25/><V131/><F131/><W28/><G28/><T94/><D24/><U51/><E51/><V114/><F114/><W81/><G95/><T59/><D94/><U5/><E5/><V33/><F33/><W14/><G14/><T134/><D134/><U50/><E50/><V63/><F35/><W42/><AGARI ba="0,1" hai="41,42,43,78,80,81,84,87,90,106,107" m="42506" machi="42" ten="30,11700,0" yaku="14,1,10,1,52,2" doraHai="79" who="3" fromWho="3" sc="215,-39,212,-39,319,-39,244,127" /><INIT seed="3,1,0,4,0,41" ten="176,173,280,371" oya="3" hai0="105,84,132,44,110,37,40,108,67,106,57,71,103" hai1="133,70,75,4,16,15,66,78,116,1,130,12,122" hai2="23,79,55,36,72,109,65,27,53,112,128,62,73" hai3="115,97,68,0,5,124,24,49,48,135,90,61,94"/><W47/><G115/><T101/><D71/><U125/><E66/><V82/><F109/><N who="0" m="42090" /><D84/><U98/><E98/><V60/><F128/><W52/><G124/><T18/><D18/><U28/><E78/><V99/><F36/><W2/><G135/><T7/><D7/><U26/><E70/><V58/><F99/><W29/><G5/><T30/><D30/><U51/><E75/><V32/><F32/><W119/><G119/><T114/><D132/><U74/><E74/><V88/><F73/><W96/><G96/><T31/><D31/><U86/><E86/><V8/><F8/><W38/><G38/><T63/><D114/><U64/><E4/><V10/><F10/><W113/><G113/><T80/><D80/><U102/><E1/><V43/><F72/><W83/><G83/><T69/><D69/><U121/><E28/><V14/><F79/><W117/><G117/><T107/><AGARI ba="1,0" hai="37,40,44,57,63,67,101,103,105,106,107" m="42090" machi="107" ten="40,2700,0" yaku="14,1,52,1" doraHai="41" who="0" fromWho="0" sc="176,30,173,-8,280,-8,371,-14" /><INIT seed="4,0,0,5,3,85" ten="206,165,272,357" oya="0" hai0="87,112,78,47,128,83,98,43,31,76,66,131,134" hai1="27,48,21,46,13,89,4,41,90,42,99,124,115" hai2="60,63,25,28,121,55,56,123,72,36,79,126,35" hai3="3,33,97,113,92,103,6,109,110,12,84,81,107"/><T80/><D112/><U34/><E34/><V95/><F126/><W122/><G113/><T117/><D117/><U54/><E115/><V51/><F36/><W111/><G122/><T1/><D134/><U14/><E124/><V52/><F63/><W26/><G3/><T73/><D66/><U93/><E90/><V24/><F24/><W17/><G6/><T105/><D31/><U40/><REACH who="1" step="1"/><E4/><REACH who="1" ten="206,155,272,357" step="2"/><V75/><F123/><W59/><G33/><T74/><D1/><U45/><E45/><V70/><F121/><W96/><G109/><T58/><D58/><U23/><E23/><V30/><F35/><W86/><G59/><T0/><D0/><U29/><AGARI ba="0,1" hai="13,14,21,27,29,40,41,42,46,48,54,89,93,99" machi="29" ten="30,8000,1" yaku="1,1,0,1,8,1,52,1,53,1" doraHai="85" doraHaiUra="22" who="1" fromWho="1" sc="206,-40,155,90,272,-20,357,-20" /><INIT seed="5,0,0,1,3,52" ten="166,245,252,337" oya="1" hai0="120,85,24,116,134,92,104,38,84,2,49,8,53" hai1="27,117,110,129,58,96,3,87,23,75,105,40,46" hai2="107,113,50,33,114,10,26,21,94,62,14,31,123" hai3="25,89,4,16,78,63,135,6,112,99,74,5,122"/><U97/><E117/><V51/><F107/><W111/><G111/><T90/><D116/><U73/><E3/><V30/><F123/><W76/><G122/><T71/><D120/><U77/><E129/><V98/><F31/><W36/><G36/><T82/><D104/><U81/><E110/><V34/><F51/><W65/><G112/><N who="2" m="43113" /><F50/><W32/><G74/><T127/><D71/><U80/><E105/><V70/><F62/><W86/><G99/><T19/><D134/><U43/><E75/><V93/><F70/><W95/><G32/><N who="2" m="12393" /><F98/><W103/><G135/><T61/><D61/><U20/><E73/><V18/><AGARI ba="0,0" hai="10,14,18,21,26,30,93,94" m="12393,43113" machi="18" ten="30,2000,0" yaku="15,1,11,1" doraHai="52" who="2" fromWho="2" sc="166,-5,245,-10,252,20,337,-5" /><INIT seed="6,0,0,0,2,93" ten="161,235,272,332" oya="2" hai0="86,29,110,59,8,104,68,56,128,62,67,3,63" hai1="33,88,64,54,122,42,36,83,52,60,17,57,85" hai2="119,72,115,6,90,127,134,11,34,41,92,45,103" hai3="30,61,49,53,130,22,13,9,102,126,113,108,55"/><V112/><F119/><W66/><G108/><T100/><D110/><U58/><E33/><V20/><F34/><W87/><G126/><T74/><D74/><U7/><E122/><V76/><F127/><W23/><G130/><T24/><D128/><U44/><E7/><V117/><F103/><W5/><G113/><T2/><D86/><U125/><E125/><V26/><F134/><W14/><G87/><T111/><D111/><U133/><E133/><V77/><F72/><W51/><G30/><T75/><D75/><U129/><E129/><V43/><F77/><W12/><G9/><T1/><D8/><U69/><E17/><V107/><F107/><W80/><G80/><T32/><REACH who="0" step="1"/><D62/><REACH who="0" ten="151,235,272,332" step="2"/><U106/><E60/><V71/><F117/><W50/><G61/><T124/><D124/><U35/><E85/><V84/><F11/><W37/><G37/><T73/><D73/><U21/><E36/><V65/><F115/><W19/><G50/><T39/><D39/><U48/><E48/><V46/><F84/><W121/><G51/><T78/><D78/><U109/><E109/><V28/><F76/><W18/><G49/><T0/><N who="0" m="0" /><DORA hai="47" /><T116/><D116/><U38/><E38/><V105/><F112/><W135/><G135/><T91/><D91/><U10/><E88/><V81/><F90/><W97/><G121/><T16/><D16/><U4/><E10/><V79/><F79/><W95/><G5/><T132/><D132/><U27/><E4/><V114/><F6/><W98/><G18/><T94/><D94/><U101/><E83/><V82/><F82/><RYUUKYOKU ba="0,1" sc="151,30,235,-10,272,-10,332,-10" hai0="24,29,32,56,59,63,67,68,100,104" /><INIT seed="7,1,1,2,4,68" ten="181,225,262,322" oya="3" hai0="82,11,18,86,7,77,106,89,32,51,91,78,117" hai1="76,129,34,62,119,19,95,53,123,99,96,23,6" hai2="85,125,131,43,94,50,101,41,83,9,134,74,12" hai3="105,116,114,107,46,42,84,37,65,39,13,128,47"/><W103/><G116/><T66/><D117/><U127/><E34/><V60/><F134/><W57/><G114/><T4/><D106/><U132/><E123/><V16/><F131/><W1/><G1/><T93/><D32/><U88/><E119/><V21/><F74/><W118/><G103/><T69/><D69/><U80/><E127/><V49/><F60/><N who="3" m="38031" /><G84/><T54/><D66/><U67/><E129/><V111/><F111/><W71/><G13/><T56/><D18/><U44/><E6/><V45/><F125/><W22/><G22/><T121/><D121/><U135/><E99/><V24/><F94/><W38/><G71/><T97/><REACH who="0" step="1"/><D4/><REACH who="0" ten="171,225,262,322" step="2"/><U104/><E104/><V115/><F115/><W10/><G107/><T112/><D112/><U72/><E67/><V20/><F24/><W81/><G105/><T79/><D79/><U26/><E44/><V102/><F45/><W63/><G47/><T14/><AGARI ba="1,2" hai="7,11,14,51,54,56,77,78,82,86,89,91,93,97" machi="14" ten="20,5200,0" yaku="1,1,0,1,7,1,8,1,53,0" doraHai="68" doraHaiUra="35" who="0" fromWho="0" sc="171,75,225,-14,262,-14,322,-27" /><INIT seed="8,0,0,0,3,17" ten="246,211,248,295" oya="0" hai0="86,9,63,115,5,132,84,87,8,83,38,122,112" hai1="118,22,25,128,52,109,36,80,62,55,64,7,106" hai2="0,16,39,103,68,11,79,42,111,100,41,24,104" hai3="121,124,35,32,126,120,34,26,114,65,131,2,75"/><T98/><D38/><U95/><E109/><V85/><F111/><W44/><G131/><T125/><D122/><N who="3" m="47209" /><G114/><T76/><D132/><U12/><E106/><V49/><F68/><W70/><G75/><T88/><D125/><N who="3" m="48233" /><G2/><T14/><D63/><U116/><E36/><V53/><F104/><W105/><G105/><T67/><D67/><U69/><E128/><V123/><F39/><W45/><G26/><T20/><D20/><U29/><E95/><V23/><F0/><W93/><G93/><T46/><D112/><U15/><E80/><N who="2" m="47263" /><F11/><W43/><G43/><N who="2" m="16393" /><F123/><W130/><G130/><T28/><D9/><N who="1" m="4159" /><E15/><V113/><F113/><W82/><G82/><T107/><D115/><U18/><E29/><V60/><F60/><AGARI ba="0,0" hai="32,34,35,44,45,60,65,70" m="48233,47209" machi="60" ten="40,2600,0" yaku="13,1,18,1" doraHai="17" who="3" fromWho="2" sc="246,0,211,0,248,-26,295,26" owari="246,4.6,211,-28.9,222,-17.8,321,42.1" /></mjloggm>