<mjloggm ver="2.3"><GO type="169" lobby="0"/><UN n0="%3D%E5%A4%9C%E5%87%AA%E6%99%AF%3D" n1="%E8%B5%A4%E6%9C%A8%E3%81%97%E3%81%92%E3%82%8B" n2="%E5%8B%98%E5%BC%81%E3%81%97%E3%81%A6%E3%82%88" n3="%E3%82%89%E3%81%84%E3%81%82%E3%82%93%E3%81%98%E3%82%83%E3%82%93" dan="16,16,17,17" rate="2127.38,2094.31,2228.13,2215.63" sx="M,M,M,M"/><TAIKYOKU oya="0"/><INIT seed="0,0,0,2,5,76" ten="250,250,250,250" oya="0" hai0="88,57,110,105,2,66,53,12,93,41,19,42,104" hai1="79,31,82,124,23,89,7,129,49,114,77,122,36" hai2="95,38,134,117,27,60,47,130,101,22,35,127,0" hai3="58,5,45,102,73,115,107,108,21,91,25,118,59"/><T62/><D2/><U24/><E36/><V16/><F0/><W119/><G115/><T78/><D110/><U83/><E122/><V43/><F127/><W44/><G108/><T26/><D26/><U121/><E121/><V50/><F130/><W125/><G125/><T126/><D126/><U64/><E124/><V56/><F134/><W85/><G73/><T87/><D78/><N who="1" m="29707" /><E129/><V97/><F117/><W61/><G5/><T120/><D120/><U123/><E123/><V29/><F29/><BYE who="2" /><W90/><G107/><T20/><REACH who="0" step="1"/><D66/><REACH who="0" ten="240,250,250,250" step="2"/><U99/><E64/><V28/><F28/><W4/><G25/><T84/><D84/><U1/><E1/><V128/><F128/><W92/><G85/><T30/><D30/><U80/><E114/><V37/><F37/><W32/><G118/><T96/><D96/><U86/><E7/><UN n2="%E5%8B%98%E5%BC%81%E3%81%97%E3%81%A6%E3%82%88" /><V51/><F35/><W67/><G4/><T116/><D116/><U39/><E39/><V11/><F11/><W103/><G67/><AGARI ba="0,1" hai="16,22,27,38,43,47,50,51,56,60,67,95,97,101" machi="67" ten="30,2000,0" yaku="7,1,54,1" doraHai="76" who="2" fromWho="3" sc="240,0,250,0,250,30,250,-20" /><INIT seed="1,0,0,0,0,60" ten="240,250,280,230" oya="1" hai0="64,6,88,35,23,98,93,70,99,52,48,130,40" hai1="106,20,102,83,96,21,24,113,129,120,44,19,125" hai2="0,12,26,51,77,73,78,80,91,18,17,121,34" hai3="31,89,47,103,2,50,127,86,49,55,69,126,95"/><U75/><E129/><V104/><F0/><W43/><G2/><T13/><D35/><U108/><E120/><V3/><F3/><W9/><G69/><T29/><D130/><U68/><E113/><V58/><F121/><W37/><G9/><N who="0" m="4279" /><D40/><U8/><E8/><V32/><F104/><W41/><G41/><T28/><D70/><U84/><E68/><V85/><F78/><W135/><G135/><T56/><D64/><U74/><E125/><V11/><F26/><W87/><G31/><N who="0" m="11851" /><D23/><U100/><E108/><V118/><F118/><W109/><G109/><T111/><D111/><U61/><E61/><V134/><F134/><W45/><G37/><T81/><D81/><U128/><E128/><V71/><F71/><W42/><G55/><T14/><D14/><U131/><E131/><V63/><F18/><W132/><G132/><T5/><D5/><U1/><E1/><V59/><F51/><W33/><G33/><T76/><D76/><U4/><E4/><V94/><REACH who="2" step="1"/><F59/><REACH who="2" ten="240,250,270,230" step="2"/><W38/><G38/><T22/><D22/><U15/><E21/><V67/><AGARI ba="0,1" hai="11,12,17,32,34,58,63,67,73,77,80,85,91,94" machi="67" ten="20,8000,1" yaku="1,1,2,1,0,1,7,1,52,1,53,0" doraHai="60" doraHaiUra="110" who="2" fromWho="2" sc="240,-20,250,-40,270,90,230,-20" /><INIT seed="2,0,0,0,0,57" ten="220,210,360,210" oya="2" hai0="38,59,66,102,105,13,91,54,100,17,87,98,42" hai1="126,81,44,47,61,9,10,118,24,27,74,32,116" hai2="127,113,110,33,119,90,40,58,92,23,51,108,104" hai3="83,73,133,77,120,132,60,121,53,85,88,16,130"/><V115/><F104/><W101/><G101/><T55/><D102/><U20/><E81/><V78/><F33/><W31/><G31/><T28/><D28/><U93/><E20/><V18/><F78/><W2/><G2/><T49/><D55/><U50/><E50/><V111/><F119/><W106/><G106/><T48/><D66/><U25/><E93/><V76/><F76/><W124/><G130/><T39/><D48/><U7/><E25/><V41/><F127/><W36/><G36/><T65/><D65/><U99/><E99/><V3/><F3/><W131/><G131/><T134/><D42/><U29/><E29/><V6/><F6/><W84/><G124/><T14/><D14/><U15/><E15/><N who="2" m="9695" /><F41/><W11/><G84/><T67/><D67/><U95/><E126/><V68/><F68/><W72/><G77/><T109/><D109/><U62/><E95/><V70/><F70/><W122/><G73/><T75/><D134/><N who="3" m="51817" /><G72/><T80/><REACH who="0" step="1"/><D75/><REACH who="0" ten="210,210,360,210" step="2"/><U114/><E74/><V64/><F40/><W94/><G120/><T107/><D107/><U52/><E116/><V30/><F30/><W69/><G69/><T43/><D43/><U135/><E135/><V45/><F64/><W4/><G122/><T128/><D128/><U71/><E118/><V35/><F35/><W129/><G129/><T34/><D34/><U21/><E71/><V8/><F110/><W56/><G121/><T12/><D12/><U82/><E32/><V96/><F108/><W46/><G4/><T125/><D125/><U97/><E27/><V37/><F111/><W26/><G26/><RYUUKYOKU ba="0,1" sc="210,30,210,-10,360,-10,210,-10" hai0="13,17,38,39,49,54,59,80,87,91,98,100,105" /><INIT seed="3,1,1,3,1,21" ten="240,200,350,200" oya="3" hai0="29,42,47,101,80,75,8,129,113,31,17,18,64" hai1="35,95,49,14,59,120,28,15,56,87,134,23,39" hai2="38,40,94,48,9,126,104,92,16,86,1,66,7" hai3="124,6,74,128,32,116,61,115,3,44,69,127,37"/><W98/><RYUUKYOKU type="yao9" ba="1,1" sc="240,0,200,0,350,0,200,0" hai3="3,6,32,37,44,61,69,74,98,115,116,124,127,128" /><INIT seed="3,2,1,0,5,71" ten="240,200,350,200" oya="3" hai0="72,40,66,15,134,101,114,14,44,89,99,94,18" hai1="27,5,6,47,119,117,86,130,70,82,35,20,61" hai2="80,52,96,133,64,122,98,125,59,92,77,30,103" hai3="8,32,127,17,36,120,112,60,7,84,135,88,31"/><W19/><G112/><T33/><D33/><U97/><E35/><V3/><F3/><W58/><G120/><T90/><D114/><U63/><E130/><V41/><F125/><W124/><G31/><T126/><D72/><U13/><E97/><V78/><F133/><W23/><G36/><T95/><D134/><U39/><E63/><V4/><F4/><W109/><G32/><T107/><D126/><N who="3" m="48169" /><G23/><T9/><D66/><N who="1" m="41295" /><E13/><V10/><F122/><W37/><G37/><T121/><D121/><U49/><E39/><V12/><F41/><W87/><G87/><T100/><D15/><U131/><E131/><V102/><F30/><W76/><G76/><T132/><D107/><U113/><E113/><V65/><F78/><W105/><G105/><T79/><D79/><N who="1" m="46431" /><E20/><V25/><F25/><W115/><G115/><T46/><D132/><U28/><E27/><V93/><F10/><W43/><G43/><T16/><D18/><N who="3" m="6665" /><G8/><T38/><REACH who="0" step="1"/><D46/><REACH who="0" ten="230,200,350,200" step="2"/><U129/><E129/><V29/><F12/><W26/><G135/><T85/><AGARI ba="2,2" hai="9,14,16,38,40,44,85,89,90,94,95,99,100,101" machi="85" ten="20,12000,2" yaku="1,1,2,1,0,1,7,1,52,1,54,1,53,0" doraHai="71" doraHaiUra="108" who="0" fromWho="0" sc="230,146,200,-32,350,-32,200,-62" /><INIT seed="4,0,0,3,0,36" ten="376,168,318,138" oya="0" hai0="66,79,113,134,35,90,103,135,57,125,59,121,34" hai1="82,129,61,74,44,86,100,37,102,62,65,24,45" hai2="117,122,119,41,85,111,50,77,97,10,39,13,108" hai3="123,130,99,19,5,120,104,54,16,93,9,22,32"/><T3/><D121/><N who="3" m="46665" /><G32/><T89/><D3/><U30/><E74/><V55/><F122/><W48/><G104/><T109/><D113/><U68/><E129/><V21/><F21/><W116/><G22/><T105/><D105/><U28/><E62/><V17/><F97/><W52/><G116/><N who="2" m="44617" /><F85/><W87/><G87/><T23/><D23/><U40/><E45/><N who="2" m="23743" /><F77/><W127/><G127/><T51/><D79/><U1/><E1/><V106/><F106/><W78/><G78/><T7/><D90/><U47/><E47/><AGARI ba="0,0" hai="10,13,17,47,50,55,108,111" m="23743,44617" machi="47" ten="30,2000,0" yaku="12,1,52,1" doraHai="36" who="2" fromWho="1" sc="376,0,168,-20,318,20,138,0" /><INIT seed="5,0,0,4,2,124" ten="376,148,338,138" oya="1" hai0="5,135,83,35,66,36,103,86,53,121,56,16,59" hai1="57,0,11,14,43,95,75,27,125,84,82,60,22" hai2="100,76,97,72,131,15,49,20,26,42,19,71,31" hai3="118,126,110,17,80,96,24,77,127,104,39,107,73"/><U62/><E0/><V115/><F71/><W117/><G39/><T1/><D36/><U119/><E125/><N who="3" m="47626" /><G17/><T7/><D35/><U113/><E113/><V63/><F131/><W105/><G24/><T54/><D66/><U89/><E119/><N who="3" m="45578" /><G110/><T46/><D7/><N who="1" m="3455" /><E75/><V40/><F115/><W64/><G64/><T122/><D5/><U109/><E109/><V25/><F25/><W129/><G129/><T18/><D1/><U128/><E43/><V30/><F30/><W34/><G34/><T74/><D18/><N who="1" m="12759" /><E128/><V32/><F63/><N who="1" m="24105" /><E57/><V94/><F72/><W50/><G50/><T48/><D59/><U112/><E112/><V116/><F116/><W108/><G108/><T88/><D56/><U12/><E12/><V3/><F3/><W29/><G29/><T123/><D74/><U67/><E67/><V130/><F130/><W13/><G13/><T85/><D48/><U23/><E23/><V92/><F49/><W87/><G73/><T10/><D123/><U70/><E70/><V99/><F42/><W98/><AGARI ba="0,0" hai="77,80,87,96,98,104,105,107" m="45578,47626" machi="98" ten="40,8000,1" yaku="18,1,12,1,34,2" doraHai="124" who="3" fromWho="3" sc="376,-20,148,-40,338,-20,138,80" /><INIT seed="6,0,0,0,0,34" ten="356,108,318,218" oya="2" hai0="134,3,79,89,5,46,29,2,17,94,114,22,63" hai1="102,9,120,61,14,90,21,4,127,41,106,20,19" hai2="126,123,112,16,10,133,119,50,76,72,36,104,125" hai3="84,8,44,73,11,95,109,74,67,116,49,28,130"/><V129/><RYUUKYOKU type="yao9" ba="0,0" sc="356,0,108,0,318,0,218,0" hai2="10,16,36,50,72,76,104,112,119,123,125,126,129,133" /><INIT seed="6,1,0,2,1,90" ten="356,108,318,218" oya="2" hai0="62,121,22,99,2,7,100,3,16,126,110,13,50" hai1="11,35,53,106,10,103,29,46,19,12,101,132,57" hai2="14,34,54,9,55,52,64,91,124,117,66,73,75" hai3="70,78,24,97,45,8,131,47,119,118,56,88,51"/><V84/><F34/><W60/><G131/><T37/><D37/><U61/><E132/><V27/><F117/><W36/><G78/><T127/><D110/><U23/><E106/><V96/><F124/><N who="0" m="47658" /><D121/><U48/><E35/><V135/><F135/><W21/><G8/><N who="0" m="4255" /><D62/><U43/><REACH who="1" step="1"/><E10/><REACH who="1" ten="356,98,318,218" step="2"/><V32/><F32/><W89/><G118/><T86/><D50/><U116/><E116/><V68/><F9/><W98/><G119/><T71/><D71/><U76/><E76/><V93/><F68/><W40/><G70/><T33/><D33/><U26/><AGARI ba="1,1" hai="11,12,19,23,26,29,43,46,48,53,57,61,101,103" machi="26" ten="30,7900,0" yaku="1,1,0,1,8,1,53,1" doraHai="90" doraHaiUra="38" who="1" fromWho="1" sc="356,-21,98,92,318,-40,218,-21" /><INIT seed="7,0,0,2,5,86" ten="335,190,278,197" oya="3" hai0="121,88,106,50,56,71,35,23,104,93,105,78,45" hai1="101,77,124,5,26,58,81,1,66,42,13,112,130" hai2="48,75,6,100,15,69,47,61,11,41,123,22,82" hai3="129,119,31,135,32,14,7,39,111,28,73,36,63"/><W108/><G119/><T18/><D35/><U33/><E1/><V49/><F123/><W89/><G73/><T91/><D71/><U125/><E112/><V25/><F100/><W85/><G129/><T34/><D34/><U67/><E130/><V87/><F75/><W116/><G116/><T127/><D78/><U115/><E115/><V70/><F49/><W74/><G74/><T96/><D121/><U118/><E118/><V54/><F61/><W44/><G135/><T21/><D56/><U114/><E114/><V80/><F80/><W97/><G97/><T72/><D127/><N who="1" m="48715" /><E101/><V19/><REACH who="2" step="1"/><F54/><REACH who="2" ten="335,190,268,197" step="2"/><W103/><G103/><T4/><D72/><U16/><E81/><V76/><AGARI ba="0,1" hai="6,11,15,19,22,25,41,47,48,69,70,76,82,87" machi="76" ten="20,12000,2" yaku="1,1,2,1,0,1,7,1,25,2,53,0" doraHai="86" doraHaiUra="95" who="2" fromWho="2" sc="335,-30,190,-30,268,130,197,-60" owari="305,10.5,160,-24.0,398,49.8,137,-36.3" /></mjloggm>