<mjloggm ver="2.3"><GO type="169" lobby="0"/><UN n0="%E3%81%A8%E3%81%B3%E3%81%BE%E3%81%93" n1="%E3%82%A2%E3%83%B3%E3%83%88%E3%83%AC%E3%83%BC%E3%82%B9" n2="%44%61%6C%69" n3="%E3%81%B5%E3%81%9F%E3%81%97%E3%81%8A" dan="16,16,17,16" rate="2173.85,2078.17,2186.99,2049.49" sx="M,M,M,M"/><TAIKYOKU oya="0"/><INIT seed="0,0,0,3,3,50" ten="250,250,250,250" oya="0" hai0="100,66,3,75,74,82,95,59,57,98,107,2,122" hai1="125,119,62,81,87,54,99,110,94,85,15,25,77" hai2="86,11,23,46,116,80,56,68,93,29,89,78,33" hai3="131,48,18,36,129,31,37,71,130,134,79,127,8"/><T132/><D122/><U83/><E119/><V76/><F68/><W13/><G71/><T69/><D132/><U26/><E110/><V0/><F116/><W91/><G134/><T114/><D114/><U14/><E125/><V17/><F33/><W60/><G79/><T92/><D69/><U21/><E26/><V84/><F29/><W10/><G127/><T104/><D82/><U115/><E115/><V38/><F56/><W96/><G60/><T97/><REACH who="0" step="1"/><D100/><REACH who="0" ten="240,250,250,250" step="2"/><N who="1" m="60535" /><E83/><V27/><F80/><W28/><G36/><T55/><D55/><U40/><E40/><V101/><F101/><W19/><G37/><T24/><D24/><U52/><E87/><V108/><F84/><W102/><G102/><T6/><D6/><U65/><E65/><AGARI ba="0,1" hai="2,3,57,59,65,66,74,75,92,95,97,98,104,107" machi="65" ten="25,4800,0" yaku="1,1,22,2,53,0" doraHai="50" doraHaiUra="58" who="0" fromWho="1" sc="240,58,250,-48,250,0,250,0" /><INIT seed="0,1,0,5,3,5" ten="298,202,250,250" oya="0" hai0="114,48,86,49,14,61,100,104,1,60,23,32,119" hai1="85,19,25,125,38,30,120,95,42,59,84,34,31" hai2="7,115,53,28,134,0,55,26,6,92,51,10,37" hai3="52,103,15,66,124,4,126,97,35,113,118,9,63"/><T130/><D114/><U90/><E120/><V44/><F37/><W18/><G113/><T111/><D119/><U81/><E125/><V89/><F115/><W13/><G35/><T41/><D32/><U106/><E106/><V36/><F134/><W33/><G33/><T83/><D1/><U112/><E31/><V131/><F36/><W133/><G118/><T22/><D130/><U72/><E72/><V121/><F131/><W107/><G133/><T109/><D100/><U43/><E38/><V24/><F121/><W74/><G74/><T110/><D104/><U2/><E2/><V62/><F7/><W117/><G117/><T102/><D102/><U73/><E73/><V46/><F28/><W50/><G63/><N who="0" m="24139" /><D41/><U64/><E59/><V16/><F16/><W21/><REACH who="3" step="1"/><G66/><REACH who="3" ten="298,202,250,240" step="2"/><T67/><D67/><U57/><E64/><V76/><F62/><W99/><G99/><T94/><D94/><U80/><E95/><V27/><F76/><W88/><G88/><N who="0" m="51295" /><D23/><N who="1" m="13567" /><E34/><V91/><F92/><W105/><G105/><T39/><D39/><U17/><E112/><V93/><F93/><W87/><G87/><T8/><D22/><U77/><E84/><V98/><F98/><W70/><G70/><T29/><D29/><U75/><E30/><V116/><F116/><W47/><AGARI ba="1,1" hai="4,9,13,15,18,21,47,50,52,97,103,107,124,126" machi="47" ten="30,12000,2" yaku="1,1,0,1,52,1,54,1,53,2" doraHai="5" doraHaiUra="132" who="3" fromWho="3" sc="298,-61,202,-31,250,-31,240,133" /><INIT seed="1,0,0,0,2,128" ten="237,171,219,373" oya="1" hai0="125,109,89,8,24,126,58,127,52,28,13,63,134" hai1="19,111,44,73,81,105,91,17,88,43,35,61,31" hai2="90,114,25,9,45,100,135,4,72,12,80,47,0" hai3="6,67,74,79,2,110,49,59,33,54,48,85,5"/><U62/><E105/><V11/><F114/><W26/><G74/><T51/><D109/><U76/><E111/><V124/><F100/><W133/><G110/><T84/><D63/><U107/><E107/><V130/><F130/><W65/><G48/><T93/><D24/><U29/><E62/><V98/><F124/><W55/><G55/><T97/><D28/><U70/><E29/><V103/><F25/><W96/><G33/><T129/><D129/><U40/><E31/><V10/><F10/><W104/><G26/><T71/><D71/><U132/><E40/><V16/><F135/><W60/><G133/><T3/><D3/><U101/><E101/><V68/><F68/><W20/><G20/><T121/><D121/><U1/><E1/><V77/><REACH who="2" step="1"/><F90/><REACH who="2" ten="237,171,209,373" step="2"/><W86/><G2/><T22/><D22/><U56/><E132/><V32/><F32/><W42/><G104/><AGARI ba="0,1" hai="0,4,9,11,12,16,45,47,72,77,80,98,103,104" machi="104" ten="30,3900,0" yaku="1,1,7,1,54,1,53,0" doraHai="128" doraHaiUra="23" who="2" fromWho="3" sc="237,0,171,0,209,49,373,-39" /><INIT seed="2,0,0,2,2,131" ten="237,171,258,334" oya="2" hai0="29,61,45,59,97,32,124,107,125,39,93,133,37" hai1="113,34,127,68,26,123,135,116,111,35,77,112,120" hai2="95,75,88,33,57,105,0,30,126,48,114,23,7" hai3="50,24,83,58,108,70,15,5,40,67,110,14,52"/><V25/><F114/><N who="1" m="44137" /><E68/><V76/><F105/><W11/><G40/><T80/><D107/><U119/><E77/><V17/><F126/><N who="0" m="48746" /><D80/><U62/><E62/><V129/><F129/><W16/><G24/><N who="0" m="18471" /><D45/><U44/><E44/><V79/><F75/><W21/><REACH who="3" step="1"/><G83/><REACH who="3" ten="237,171,258,324" step="2"/><T92/><D39/><U13/><E127/><V91/><F33/><N who="1" m="12297" /><E111/><V19/><F25/><W9/><G9/><T106/><D37/><U121/><E26/><V109/><F109/><W6/><G6/><T18/><D18/><U78/><E13/><V2/><F17/><W122/><G122/><T87/><D106/><U73/><E135/><V56/><F19/><W65/><G65/><T10/><D133/><U42/><E42/><V60/><F7/><W53/><G53/><T27/><D27/><U102/><E102/><V101/><F101/><W51/><G51/><T43/><D92/><U128/><E128/><V4/><F48/><W46/><G46/><T66/><D43/><U86/><E86/><V12/><F95/><W103/><G103/><N who="0" m="60847" /><D87/><U130/><E130/><V63/><F4/><W31/><G31/><T98/><D98/><U36/><E36/><V8/><F30/><W81/><G81/><AGARI ba="0,1" hai="73,78,81,116,119,120,121,123" m="12297,44137" machi="81" ten="40,2600,0" yaku="13,1,23,1" doraHai="131" who="1" fromWho="3" sc="237,0,171,36,258,0,324,-26" /><INIT seed="3,0,0,0,2,19" ten="237,207,258,298" oya="3" hai0="14,81,36,51,76,65,95,61,60,128,123,104,32" hai1="4,8,125,29,56,102,52,44,108,34,59,41,119" hai2="57,37,117,46,62,72,80,111,9,16,47,20,70" hai3="135,121,97,5,13,103,90,98,63,124,31,54,84"/><W88/><G121/><T86/><D123/><U94/><E108/><V130/><F70/><W73/><G73/><T11/><D36/><U39/><E59/><V45/><F117/><W89/><G135/><T49/><D104/><U66/><E66/><V18/><F111/><W114/><G114/><T15/><D32/><U110/><E110/><V50/><F130/><W42/><G124/><T28/><D28/><U17/><E125/><V101/><F37/><W68/><G42/><T133/><D133/><U75/><E75/><V25/><F101/><W116/><G116/><T53/><D128/><U106/><E106/><V2/><F72/><W48/><G31/><T0/><D95/><U21/><E34/><V127/><F127/><W69/><G84/><T96/><D96/><U83/><E83/><V74/><F74/><W85/><G85/><T3/><D15/><U109/><E29/><V93/><F93/><W71/><G63/><T112/><D61/><U91/><E102/><V27/><F80/><W64/><G64/><T79/><D79/><U38/><E38/><V35/><F35/><W82/><G82/><T118/><D51/><N who="1" m="30751" /><E109/><V78/><F78/><W122/><G103/><T7/><D118/><U126/><E126/><V67/><F2/><W40/><G40/><T55/><D112/><U23/><E17/><V131/><F131/><W22/><G122/><T43/><D43/><U100/><E100/><V1/><F1/><N who="0" m="586" /><D49/><U30/><E30/><V12/><F50/><W77/><G77/><T120/><D120/><U92/><E119/><V99/><F99/><W10/><G22/><RYUUKYOKU ba="0,0" sc="237,10,207,-30,258,10,298,10" hai0="7,11,14,53,55,60,65,76,81,86" hai2="9,12,16,18,20,25,27,45,46,47,57,62,67" hai3="5,10,13,48,54,68,69,71,88,89,90,97,98" /><INIT seed="3,1,0,1,3,128" ten="247,177,268,308" oya="3" hai0="85,120,11,68,132,23,103,46,34,22,40,75,76" hai1="130,83,109,114,5,123,9,96,124,106,29,43,59" hai2="51,78,61,134,37,30,45,36,55,91,108,77,8" hai3="41,121,80,12,31,33,28,58,3,49,95,135,24"/><W107/><G121/><T63/><D34/><U67/><E123/><V47/><F30/><W125/><G107/><T79/><D75/><U90/><E114/><V48/><F8/><W100/><G3/><T6/><D103/><U104/><E109/><V66/><F91/><W50/><G31/><T92/><D132/><U70/><E70/><V62/><F108/><W20/><G125/><T133/><D133/><U82/><E43/><V38/><F77/><W112/><G135/><T4/><D68/><U98/><E29/><V32/><F78/><W87/><G112/><T64/><D76/><U122/><E59/><N who="2" m="35071" /><F32/><W56/><G80/><N who="1" m="30762" /><E67/><V89/><F89/><N who="3" m="53695" /><G33/><T15/><D79/><U13/><E122/><V116/><F116/><W73/><G73/><T0/><D6/><U53/><E104/><V113/><F113/><W84/><G84/><T65/><D0/><U119/><E119/><V42/><F134/><W105/><G105/><T60/><D120/><U44/><E106/><V72/><F72/><W97/><G41/><T2/><D85/><U27/><E124/><V88/><F88/><W93/><G12/><T69/><D2/><U118/><E90/><V35/><F35/><W129/><G129/><T86/><D86/><U94/><E130/><V126/><F126/><W17/><G28/><T26/><D92/><U39/><E118/><V102/><F102/><W7/><G7/><T99/><D99/><N who="1" m="37931" /><E94/><V131/><F131/><W19/><G17/><T111/><D111/><U127/><E127/><V10/><F42/><W54/><G54/><T21/><D40/><N who="1" m="22559" /><E27/><V81/><F81/><RYUUKYOKU ba="1,0" sc="247,-15,177,15,268,-15,308,15" hai1="5,9,13,53" hai3="19,20,24,49,50,56,58,93,97,100" /><INIT seed="3,2,0,0,3,120" ten="232,192,253,323" oya="3" hai0="77,1,109,91,108,66,70,95,80,54,105,75,9" hai1="85,33,64,32,83,12,44,113,62,58,24,111,41" hai2="0,38,112,35,11,93,68,5,97,100,63,99,132" hai3="121,65,8,102,25,122,79,51,45,82,16,59,69"/><W7/><G69/><T107/><D54/><U15/><E113/><V115/><F38/><W37/><G102/><T73/><D73/><U34/><E24/><V36/><F36/><W19/><G37/><T129/><D129/><U31/><E31/><V71/><F132/><W127/><G127/><T114/><D114/><U126/><E126/><V67/><F71/><W6/><G6/><N who="0" m="1231" /><D66/><U52/><E41/><V42/><F42/><W29/><G59/><T4/><D4/><U133/><E133/><V125/><F125/><W110/><G65/><T104/><D70/><U17/><E111/><N who="0" m="42569" /><D104/><U81/><E81/><V87/><F112/><W13/><G110/><T118/><D118/><U21/><E12/><V116/><F115/><W27/><G122/><T117/><D117/><U47/><REACH who="1" step="1"/><E64/><REACH who="1" ten="232,182,253,323" step="2"/><V55/><F67/><W84/><G121/><T28/><D28/><U43/><E43/><V26/><F68/><W101/><G29/><T123/><D123/><U46/><E46/><V130/><F116/><W90/><G25/><T78/><D78/><AGARI ba="2,1" hai="15,17,21,32,33,34,44,47,52,58,62,78,83,85" machi="78" ten="40,2600,0" yaku="1,1,54,1,53,0" doraHai="120" doraHaiUra="20" who="1" fromWho="0" sc="232,-32,182,42,253,0,323,0" /><INIT seed="4,0,0,4,1,70" ten="200,224,253,323" oya="0" hai0="63,38,0,91,132,121,120,108,74,86,111,61,15" hai1="17,3,53,80,36,123,14,93,20,25,92,135,47" hai2="88,129,39,1,23,7,96,119,28,21,104,18,122" hai3="4,27,112,77,51,52,83,90,13,22,128,62,34"/><T131/><D0/><U133/><E123/><N who="0" m="47177" /><D74/><U95/><E3/><V5/><F122/><W75/><G112/><T33/><D33/><U82/><E53/><V72/><F72/><W81/><G128/><T64/><D15/><U56/><E56/><V24/><F129/><W113/><G113/><T87/><D131/><U67/><E67/><V103/><F119/><W78/><G34/><T55/><D91/><U48/><E48/><V12/><F1/><W84/><G4/><T76/><D76/><U101/><E101/><V43/><REACH who="2" step="1"/><F88/><REACH who="2" ten="200,224,243,323" step="2"/><W102/><G90/><T59/><D86/><U8/><E135/><V58/><F58/><W9/><G102/><T130/><D87/><U94/><N who="1" m="23552" /><DORA hai="124" /><U54/><E133/><V60/><F60/><W68/><G75/><T89/><D89/><U125/><E125/><V107/><F107/><W46/><G84/><T69/><D130/><U42/><REACH who="1" step="1"/><E54/><REACH who="1" ten="200,214,243,323" step="2"/><V40/><F40/><W10/><G78/><T109/><D132/><U19/><AGARI ba="0,2" hai="8,14,17,19,20,25,36,42,47,80,82" m="23552" machi="19" ten="40,8000,1" yaku="1,1,2,1,0,1,52,1,53,0" doraHai="70,124" doraHaiUra="31,127" who="1" fromWho="1" sc="200,-40,214,100,243,-20,323,-20" /><INIT seed="5,0,0,4,1,109" ten="160,314,223,303" oya="1" hai0="91,85,36,81,70,73,118,25,128,114,12,65,42" hai1="88,15,62,22,127,59,122,55,31,79,126,56,117" hai2="74,130,102,121,95,83,80,84,133,64,35,13,9" hai3="113,131,38,45,123,111,33,16,24,60,82,43,119"/><U115/><E117/><V77/><F121/><W34/><G111/><T41/><D118/><U96/><E122/><V28/><F130/><W76/><G119/><T44/><D128/><U54/><E79/><V86/><F133/><W135/><G131/><T4/><D42/><U97/><E31/><V3/><F3/><W120/><G135/><T53/><D73/><U14/><E22/><V5/><F64/><W101/><G101/><T17/><D53/><U29/><E29/><V27/><F83/><W72/><G60/><T124/><D124/><U57/><E57/><V87/><REACH who="2" step="1"/><F102/><REACH who="2" ten="160,314,213,303" step="2"/><W40/><G123/><T107/><D65/><U94/><E127/><V110/><F110/><W32/><G120/><T92/><D81/><U112/><E126/><V21/><F21/><W61/><G82/><T108/><D108/><U67/><E67/><V50/><F50/><W23/><G38/><T129/><D129/><U58/><E97/><V2/><F2/><W106/><G33/><T100/><D70/><U104/><E62/><V30/><F30/><W103/><G61/><T89/><D36/><U78/><E78/><V0/><F0/><W8/><G32/><T93/><D100/><U90/><E90/><AGARI ba="0,1" hai="5,9,13,27,28,35,74,77,80,84,86,87,90,95" machi="90" ten="40,1300,0" yaku="1,1,53,0" doraHai="109" doraHaiUra="66" who="2" fromWho="1" sc="160,0,314,-13,213,23,303,0" /><INIT seed="6,0,0,3,1,47" ten="160,301,236,303" oya="2" hai0="22,79,111,133,69,5,6,65,45,49,72,48,3" hai1="103,93,54,80,125,96,105,58,114,43,108,71,2" hai2="31,109,89,127,117,95,61,129,86,36,32,113,118" hai3="10,62,55,52,106,53,115,90,98,1,9,13,119"/><V73/><F36/><W56/><G119/><T120/><D120/><U100/><E108/><V66/><F73/><W59/><G1/><T57/><D111/><U51/><E71/><V14/><F109/><W101/><G115/><T68/><D22/><U63/><E2/><V28/><F113/><W60/><G90/><T121/><D121/><U116/><E125/><V99/><F129/><W38/><G38/><T39/><D3/><U15/><E116/><V21/><F127/><W94/><G106/><T132/><D79/><U135/><E135/><N who="0" m="51785" /><D72/><U102/><E105/><V85/><F32/><W128/><G128/><T123/><D123/><U24/><E24/><V104/><F117/><W50/><G13/><T34/><D34/><U110/><E110/><V107/><F118/><W126/><G126/><T77/><D77/><U83/><E15/><V37/><F107/><W17/><G17/><T35/><D35/><U64/><E43/><V122/><F104/><W40/><G40/><N who="0" m="22687" /><D6/><U12/><E12/><V18/><F122/><W46/><AGARI ba="0,0" hai="9,10,46,50,52,53,55,56,59,60,62,94,98,101" machi="46" ten="20,12000,2" yaku="0,1,7,1,9,1,8,1,52,1,54,1" doraHai="47" who="3" fromWho="3" sc="160,-30,301,-30,236,-60,303,120" /><INIT seed="7,0,0,2,2,73" ten="130,271,176,423" oya="3" hai0="87,134,129,7,74,36,34,79,35,22,89,20,68" hai1="31,104,101,55,52,39,108,9,53,23,18,93,47" hai2="127,76,51,105,37,110,98,94,72,86,33,109,19" hai3="11,0,131,81,15,82,111,100,30,13,132,90,38"/><W62/><G38/><T92/><D36/><U10/><E108/><V25/><F37/><W123/><G123/><T118/><D118/><U67/><E104/><V65/><F65/><W5/><G30/><T43/><D68/><U91/><E67/><V69/><F69/><W95/><G62/><T78/><D43/><U124/><E124/><V17/><F127/><W103/><G132/><T119/><D119/><U99/><E31/><V114/><F114/><W130/><G111/><T29/><D74/><U126/><E126/><V56/><F33/><W115/><G115/><T45/><D45/><U66/><E66/><V6/><F25/><W80/><G13/><T83/><D134/><U75/><E75/><V59/><F6/><W70/><G0/><T120/><D120/><U2/><E2/><V4/><F4/><W122/><G70/><T48/><D7/><U58/><E58/><V41/><F56/><W40/><G40/><T42/><D129/><N who="3" m="49161" /><G122/><T46/><D79/><U61/><E47/><V113/><F76/><W97/><AGARI ba="0,0" hai="5,11,15,80,81,82,90,95,97,100,103" m="49161" machi="97" ten="30,1500,0" yaku="19,1" doraHai="73" who="3" fromWho="3" sc="130,-5,271,-5,176,-5,423,15" owari="125,-37.5,266,6.6,171,-22.9,438,53.8" /></mjloggm>