<mjloggm ver="2.3"><GO type="169" lobby="0"/><UN n0="%E3%81%A1%E3%82%83%E3%82%8B%E3%82%81%E3%82%89" n1="%E5%B2%A9%E4%B8%8A%E9%80%9A%E3%82%8A" n2="%E3%81%86%E3%81%9A%E3%82%89%E5%8D%B5%E3%83%95%E3%83%A9%E3%82%A4" n3="%53%69%6C%65%6E%54" dan="17,16,16,16" rate="2224.28,2118.71,2034.15,2156.07" sx="M,M,M,F"/><TAIKYOKU oya="0"/><INIT seed="0,0,0,0,2,42" ten="250,250,250,250" oya="0" hai0="119,128,0,87,90,84,31,104,65,13,127,54,3" hai1="26,61,100,94,98,38,71,53,99,108,43,11,111" hai2="47,101,51,86,67,25,55,62,27,126,82,135,37" hai3="96,75,52,19,110,122,14,6,112,95,121,91,8"/><T2/><D119/><U16/><E53/><V92/><F135/><W124/><G75/><T89/><D104/><U58/><E58/><V44/><F126/><W22/><G124/><T72/><D127/><U123/><E123/><V76/><F92/><W12/><G112/><T105/><D105/><U78/><E78/><V68/><REACH who="2" step="1"/><F101/><REACH who="2" ten="250,250,240,250" step="2"/><W29/><G110/><T120/><D120/><U36/><E94/><V39/><F39/><W1/><G122/><T125/><D125/><U50/><E100/><V45/><F45/><W9/><G121/><T134/><D134/><U40/><E38/><V109/><F109/><W97/><G95/><T4/><D90/><U115/><E36/><V46/><F46/><W103/><G91/><T60/><D89/><U81/><E115/><V88/><F88/><W74/><G103/><T118/><D118/><U23/><E99/><V59/><F59/><W77/><G97/><T30/><D128/><U64/><E98/><V130/><F130/><W114/><G96/><T69/><D69/><U83/><E111/><V131/><F131/><W41/><G114/><T24/><D72/><U129/><E108/><V5/><F5/><W20/><G6/><T18/><D4/><U57/><E129/><V49/><F49/><W10/><G74/><T93/><D93/><U21/><E50/><V106/><F106/><W117/><G117/><T15/><D87/><U133/><E133/><V56/><F56/><W66/><G77/><T116/><D84/><U33/><E57/><V28/><F28/><W17/><G29/><T85/><D116/><U32/><E71/><RYUUKYOKU ba="0,1" sc="250,-10,250,-10,240,30,250,-10" hai2="25,27,37,44,47,51,55,62,67,68,76,82,86" /><INIT seed="1,1,1,4,3,9" ten="240,240,270,240" oya="1" hai0="100,130,62,67,114,65,29,4,108,58,96,55,12" hai1="92,97,117,64,131,126,109,15,103,2,82,23,129" hai2="43,53,61,87,27,44,34,135,69,77,52,111,17" hai3="22,51,6,63,66,78,41,10,54,81,32,99,121"/><U13/><E2/><V74/><F74/><W38/><G32/><T5/><D114/><U3/><E3/><V30/><F111/><W37/><G121/><T59/><D108/><U112/><E117/><V7/><F7/><W93/><G22/><T18/><D29/><U46/><E109/><V35/><F35/><W56/><G41/><T28/><D28/><U118/><E118/><V60/><F135/><W120/><G120/><T122/><D130/><N who="1" m="49675" /><E112/><V26/><F77/><W19/><G19/><T71/><D71/><U88/><E126/><V107/><F107/><W105/><G105/><T113/><D113/><U94/><E64/><V106/><F106/><W101/><G81/><T14/><D122/><U50/><E23/><V116/><F87/><W47/><REACH who="3" step="1"/><G78/><REACH who="3" ten="240,240,270,230" step="2"/><T128/><D128/><U49/><E82/><V80/><F80/><W75/><G75/><T98/><D18/><U83/><E83/><V11/><F116/><W110/><G110/><T95/><D5/><U133/><E133/><V25/><F34/><W1/><AGARI ba="1,2" hai="1,6,10,37,38,47,51,54,56,63,66,93,99,101" machi="1" ten="20,2700,0" yaku="1,1,0,1,7,1,53,0" doraHai="9" doraHaiUra="85" who="3" fromWho="3" sc="240,-8,240,-14,270,-8,230,50" /><INIT seed="2,0,0,0,5,29" ten="232,226,262,280" oya="2" hai0="108,95,36,32,135,109,62,93,5,10,54,127,21" hai1="24,87,67,111,97,104,13,73,25,105,37,59,74" hai2="1,27,61,30,2,35,77,102,7,26,18,45,116" hai3="12,118,92,19,89,85,31,128,126,71,113,0,20"/><V56/><F116/><W3/><G118/><T98/><D36/><U76/><E37/><V41/><F77/><W133/><G71/><T63/><D21/><U110/><E13/><V96/><F7/><W115/><G128/><T6/><D127/><U80/><E67/><V103/><F18/><W78/><G126/><T16/><D16/><U121/><E59/><V131/><F131/><W38/><G38/><T55/><D98/><U49/><E49/><V58/><F58/><W88/><G78/><T65/><D135/><U11/><E11/><V23/><F27/><W68/><G68/><T57/><D57/><U94/><E24/><V107/><F102/><W43/><G43/><T8/><REACH who="0" step="1"/><D65/><REACH who="0" ten="222,226,262,280" step="2"/><U52/><E121/><V100/><F23/><W15/><G133/><T79/><D79/><U114/><E114/><V40/><F103/><W51/><G115/><T134/><D134/><U69/><E69/><V75/><F75/><W53/><G113/><T47/><D47/><U124/><E124/><V22/><F22/><W66/><G66/><T99/><D99/><U82/><E74/><V106/><F45/><W42/><G19/><T9/><D9/><U70/><E70/><V120/><F120/><W81/><G20/><T122/><D122/><U83/><E73/><V44/><F44/><W132/><G132/><T48/><D48/><U123/><E123/><V60/><F56/><W125/><G125/><T130/><D130/><U112/><E112/><V90/><F61/><W119/><G51/><T91/><D91/><U101/><E76/><V17/><F60/><W34/><G89/><RYUUKYOKU ba="0,1" sc="222,30,226,-10,262,-10,280,-10" hai0="5,6,8,10,32,54,55,62,63,93,95,108,109" /><INIT seed="3,1,1,1,1,26" ten="252,216,252,270" oya="3" hai0="116,95,6,65,29,28,48,80,12,93,117,38,87" hai1="24,58,98,60,125,41,73,70,96,66,127,31,55" hai2="106,16,114,56,118,113,40,85,46,61,105,88,54" hai3="64,99,11,7,50,126,78,75,119,124,5,1,22"/><W109/><G119/><T20/><D38/><U19/><E73/><V42/><F118/><W131/><G131/><T86/><D117/><U79/><E79/><V103/><F40/><W59/><G109/><T33/><D33/><U34/><E19/><V30/><F30/><N who="0" m="11882" /><D116/><U128/><E41/><V71/><F71/><W111/><G111/><T0/><D0/><U36/><E36/><V120/><F120/><W100/><G7/><T135/><D135/><U17/><E17/><V107/><F103/><W13/><G78/><T122/><D122/><U130/><E98/><V2/><F16/><N who="3" m="10511" /><G75/><T44/><D65/><U23/><E96/><V102/><F102/><W84/><G64/><T67/><D67/><U133/><E34/><V77/><F77/><W81/><G99/><T97/><D20/><U68/><E133/><V123/><F2/><W52/><G100/><N who="0" m="60463" /><D95/><U35/><E35/><V92/><REACH who="2" step="1"/><F123/><REACH who="2" ten="252,216,242,270" step="2"/><W83/><G1/><T108/><D108/><U49/><E70/><V72/><F72/><W132/><G132/><T32/><D32/><U4/><E4/><V51/><AGARI ba="1,2" hai="42,46,51,54,56,61,85,88,92,105,106,107,113,114" machi="51" ten="30,4000,0" yaku="1,1,0,1,54,1,53,0" doraHai="26" doraHaiUra="15" who="2" fromWho="2" sc="252,-11,216,-11,242,63,270,-21" /><INIT seed="4,0,0,3,3,0" ten="241,205,305,249" oya="0" hai0="39,76,91,65,70,74,46,57,49,36,9,53,56" hai1="41,95,122,80,92,109,24,40,111,135,12,99,88" hai2="108,1,85,93,69,61,86,125,10,64,59,123,6" hai3="90,48,58,71,25,44,114,31,43,105,127,78,29"/><T96/><D74/><U98/><E122/><V4/><F108/><W73/><G71/><T33/><D33/><U82/><E135/><V38/><F123/><W34/><G29/><T115/><D76/><U129/><E24/><V87/><F38/><N who="0" m="14378" /><D9/><U60/><E60/><V18/><F125/><W47/><G105/><T62/><D91/><U67/><E67/><V126/><F126/><W124/><G127/><T103/><D96/><U15/><REACH who="1" step="1"/><E88/><REACH who="1" ten="241,195,305,249" step="2"/><N who="2" m="53391" /><F69/><W101/><G90/><T20/><D103/><U132/><E132/><V66/><F66/><W17/><G101/><T27/><D70/><U116/><E116/><V3/><F87/><W97/><G25/><T121/><D121/><U19/><E19/><V14/><F86/><W84/><G84/><T104/><D27/><U118/><E118/><V16/><F1/><W72/><G124/><T54/><D65/><U68/><E68/><V51/><F3/><W102/><G102/><T107/><D62/><U52/><E52/><V63/><F64/><W23/><G97/><T83/><D54/><U30/><E30/><V75/><F75/><W94/><G31/><T26/><D26/><U130/><AGARI ba="0,1" hai="12,15,40,41,80,82,92,95,98,99,109,111,129,130" machi="130" ten="25,6400,0" yaku="1,1,0,1,22,2,53,0" doraHai="0" doraHaiUra="117" who="1" fromWho="1" sc="241,-32,195,74,305,-16,249,-16" /><INIT seed="5,0,0,0,4,44" ten="209,269,289,233" oya="1" hai0="122,24,91,125,93,127,97,26,118,129,123,132,64" hai1="52,90,131,104,86,77,55,135,103,92,47,87,96" hai2="11,101,51,59,10,48,126,71,119,109,30,3,82" hai3="42,58,37,98,120,107,78,88,36,6,19,95,38"/><U108/><E131/><V23/><F71/><W117/><G120/><N who="0" m="46123" /><D64/><U20/><E135/><V70/><F70/><W39/><G117/><T79/><D26/><U2/><E2/><V75/><F119/><W25/><G6/><T89/><D24/><U7/><E108/><V29/><F3/><W9/><G107/><T130/><D118/><U99/><E7/><V73/><F59/><W32/><G78/><T110/><D110/><U106/><E20/><V18/><F109/><W0/><G0/><T54/><D54/><U12/><E12/><V100/><F82/><W43/><N who="3" m="9216" /><DORA hai="16" /><W49/><G9/><T105/><D132/><U1/><E1/><V68/><F68/><W13/><G13/><T35/><D35/><U102/><E47/><V69/><F69/><W133/><G133/><T115/><D79/><U17/><E17/><V116/><F116/><W72/><G72/><T65/><D65/><U57/><E57/><V8/><F126/><N who="0" m="48138" /><D115/><U83/><AGARI ba="0,0" hai="52,55,77,83,86,87,90,92,96,99,102,103,104,106" machi="83" ten="30,6000,0" yaku="0,1,9,1,54,1" doraHai="44,16" who="1" fromWho="1" sc="209,-20,269,60,289,-20,233,-20" /><INIT seed="5,1,0,2,5,12" ten="189,329,269,213" oya="1" hai0="16,15,45,116,40,22,108,3,5,133,66,49,46" hai1="101,37,57,61,50,113,132,32,63,33,76,23,123" hai2="94,109,35,85,103,105,134,25,6,59,26,74,65" hai3="80,107,82,71,52,84,20,110,13,89,91,68,135"/><U60/><E37/><V90/><F109/><W95/><G110/><T115/><D108/><U54/><E123/><V99/><F134/><W87/><G135/><T72/><D133/><U31/><E132/><V9/><F35/><W88/><G107/><T53/><D72/><U7/><E113/><V73/><F65/><W102/><G102/><T19/><D115/><U126/><E7/><V77/><F59/><W70/><G52/><T78/><D78/><U111/><E76/><V121/><F121/><W75/><G75/><T92/><D66/><U117/><E101/><V0/><REACH who="2" step="1"/><F73/><REACH who="2" ten="189,329,259,213" step="2"/><W8/><G71/><T129/><D116/><U128/><E111/><V44/><F44/><W58/><G58/><T47/><D129/><U17/><E117/><V69/><F69/><W104/><G70/><T10/><D40/><U131/><E126/><V119/><F119/><W29/><G68/><T38/><D38/><U21/><E33/><V56/><F56/><W114/><G114/><T30/><D30/><U96/><E32/><V18/><F18/><W39/><G39/><T48/><D48/><U86/><E17/><V28/><F28/><W97/><G29/><T14/><REACH who="0" step="1"/><D92/><REACH who="0" ten="179,329,259,213" step="2"/><U81/><E31/><V67/><F67/><W125/><G104/><T36/><D36/><U55/><E131/><V51/><F51/><W93/><G93/><T27/><D27/><U62/><E128/><V79/><F79/><W2/><G95/><T122/><D122/><U24/><E24/><V118/><F118/><W42/><G42/><T34/><D34/><U106/><N who="1" m="15360" /><DORA hai="1" /><U83/><E50/><RYUUKYOKU ba="1,2" sc="179,15,329,-15,259,15,213,-15" hai0="3,5,10,14,15,16,19,22,45,46,47,49,53" hai2="0,6,9,25,26,74,77,85,90,94,99,103,105" /><INIT seed="6,2,2,0,5,23" ten="194,314,274,198" oya="2" hai0="108,18,45,130,6,28,110,123,46,51,22,48,127" hai1="115,30,3,43,111,91,11,24,25,68,15,42,92" hai2="19,99,49,131,124,88,105,61,1,55,100,37,58" hai3="121,38,76,132,40,86,84,44,126,14,56,90,118"/><V109/><F37/><W13/><G118/><T83/><D123/><U85/><E68/><V112/><F1/><W119/><G119/><T93/><D28/><U113/><E111/><V129/><F109/><W81/><G121/><T96/><D6/><N who="1" m="3575" /><E3/><V8/><F112/><N who="1" m="43081" /><E25/><V27/><F124/><W36/><G36/><T53/><D130/><N who="2" m="49674" /><F88/><W114/><G126/><T2/><D2/><U101/><E101/><V72/><F72/><W95/><G132/><T102/><D83/><U29/><E29/><V80/><F80/><W103/><G114/><T116/><D116/><U134/><E134/><V32/><F32/><AGARI ba="2,2" hai="24,30,32,42,43,85,91,92" m="43081,3575" machi="32" ten="30,2000,0" yaku="15,1,52,1" doraHai="23" who="1" fromWho="2" sc="194,0,314,46,274,-26,198,0" /><INIT seed="7,0,0,1,4,116" ten="194,360,248,198" oya="3" hai0="129,117,84,100,88,71,134,86,57,78,27,115,118" hai1="54,60,53,111,74,112,105,92,28,114,38,83,46" hai2="42,72,98,0,20,91,80,131,68,13,15,23,69" hai3="49,34,14,59,96,93,1,55,52,122,108,45,90"/><W41/><G1/><T85/><D71/><U126/><E105/><V67/><F0/><W65/><G34/><T36/><D36/><U7/><E111/><V107/><F42/><W127/><G108/><T104/><D57/><U106/><E106/><V99/><F107/><W24/><G127/><T113/><D27/><U44/><E92/><V17/><F131/><W101/><G24/><T62/><D62/><U25/><E7/><V123/><F67/><W133/><G133/><T125/><D125/><U95/><E95/><V70/><F123/><W31/><G31/><T4/><D4/><U63/><E74/><V16/><F91/><W97/><G122/><T50/><D50/><U110/><E83/><V109/><F109/><W124/><G124/><T73/><D129/><U18/><E18/><V2/><F2/><W26/><G26/><T51/><D51/><U3/><E3/><V32/><F32/><W47/><G65/><T9/><D9/><U121/><E25/><V102/><F102/><W82/><G101/><T5/><D5/><U103/><E28/><V11/><F11/><W79/><G14/><T87/><D134/><U10/><E103/><V19/><F19/><W77/><G96/><N who="0" m="61447" /><D73/><U135/><E110/><V37/><F37/><N who="3" m="21679" /><G82/><N who="0" m="49175" /><D78/><AGARI ba="0,0" hai="13,15,16,17,20,23,68,69,70,72,78,80,98,99" machi="78" ten="40,2600,0" yaku="9,1,54,1" doraHai="116" who="2" fromWho="0" sc="194,-26,360,0,248,26,198,0" owari="168,-33.2,360,46.0,274,7.4,198,-20.2" /></mjloggm>