<mjloggm ver="2.3"><GO type="169" lobby="0"/><UN n0="%E7%B4%94%E6%BD%94%E3%83%94%E3%83%A9%E3%83%8B%E3%82%A2" n1="%47%59%4F" n2="%E3%81%9F%E3%81%8B%E3%81%AA" n3="%E4%B9%9D%E7%B4%8B%E9%BE%8D%E5%8F%B2%E9%80%B2" dan="16,16,19,19" rate="2184.96,2127.87,2217.73,2283.42" sx="M,M,M,M"/><TAIKYOKU oya="0"/><INIT seed="0,0,0,1,3,126" ten="250,250,250,250" oya="0" hai0="1,12,103,16,118,42,81,13,94,125,96,0,89" hai1="131,51,93,14,36,135,52,104,33,71,66,61,58" hai2="4,130,29,110,114,15,2,128,116,123,32,134,25" hai3="129,44,26,57,56,132,121,34,64,98,24,102,21"/><T53/><D118/><U91/><E104/><V108/><F116/><W119/><G119/><T38/><D125/><U77/><E33/><V117/><F117/><W75/><G75/><T19/><D38/><U86/><E135/><V90/><F123/><W113/><G113/><T35/><D35/><U82/><E36/><V97/><F114/><W73/><G73/><T59/><D42/><U88/><E131/><N who="2" m="50219" /><F2/><W40/><G132/><T6/><D6/><U30/><E30/><V47/><F47/><W83/><G83/><T70/><D70/><U23/><E23/><V41/><F41/><W62/><G121/><T31/><D31/><U3/><E3/><V74/><F74/><W95/><G34/><T115/><D115/><U122/><E122/><V7/><F134/><W8/><G129/><T48/><D81/><U37/><E37/><V27/><F27/><W72/><G72/><T105/><D13/><U69/><E14/><V133/><F133/><W54/><G8/><T127/><D127/><U60/><E93/><N who="2" m="56503" /><F15/><W11/><G11/><T100/><D19/><U76/><E76/><V85/><F85/><W68/><G40/><T65/><D0/><U84/><E86/><V45/><F45/><W111/><G24/><T55/><D1/><U92/><E92/><V67/><F67/><AGARI ba="0,0" hai="51,52,58,60,61,66,67,69,71,77,82,84,88,91" machi="67" ten="40,5200,0" yaku="9,1,54,2" doraHai="126" who="1" fromWho="2" sc="250,0,250,52,250,-52,250,0" /><INIT seed="1,0,0,5,3,28" ten="250,302,198,250" oya="1" hai0="71,83,81,126,131,108,92,53,44,119,9,29,77" hai1="45,98,21,18,2,41,96,99,67,50,22,95,127" hai2="69,87,135,12,76,88,75,63,64,113,109,1,118" hai3="26,39,46,66,24,125,112,55,122,89,111,3,116"/><U65/><E2/><V104/><F118/><W91/><G122/><T86/><D71/><U123/><E123/><V30/><F1/><W0/><G66/><T59/><D119/><U90/><E127/><V85/><F109/><W134/><G116/><T36/><D108/><U4/><E4/><V93/><F135/><W51/><G111/><T15/><D131/><U133/><E133/><V23/><F104/><W13/><G134/><T33/><D92/><U7/><E7/><V68/><F113/><W107/><G107/><T5/><D81/><U58/><E22/><V79/><F75/><W19/><G112/><T115/><D126/><U6/><E6/><V56/><F69/><W31/><G3/><T37/><D44/><U102/><E102/><V78/><F68/><W27/><G0/><T47/><D47/><U124/><E124/><V62/><F62/><W105/><G105/><T103/><D103/><U32/><E32/><V14/><REACH who="2" step="1"/><F87/><REACH who="2" ten="250,302,188,250" step="2"/><W49/><G125/><T16/><D115/><U130/><E130/><V106/><F106/><W38/><G31/><T40/><D5/><U73/><E73/><V54/><F54/><W120/><G120/><T117/><D117/><U52/><E65/><V25/><AGARI ba="0,1" hai="12,14,23,25,30,56,63,64,76,78,79,85,88,93" machi="25" ten="30,7900,0" yaku="1,1,0,1,8,1,54,1,53,0" doraHai="28" doraHaiUra="121" who="2" fromWho="2" sc="250,-20,302,-39,188,89,250,-20" /><INIT seed="2,0,0,4,1,96" ten="230,263,277,230" oya="2" hai0="33,3,7,73,26,59,77,47,69,25,117,8,94" hai1="116,18,43,79,1,105,83,84,67,74,46,109,19" hai2="123,119,10,56,89,68,72,6,120,98,41,14,82" hai3="4,107,86,95,76,12,133,58,49,22,23,111,102"/><V55/><F119/><W85/><G111/><T115/><D69/><U40/><E109/><V100/><F68/><W5/><G107/><T88/><D115/><U110/><E110/><V101/><F41/><W52/><G133/><T90/><D90/><U70/><E40/><V99/><F72/><W92/><G92/><T128/><D47/><U24/><E105/><V93/><F82/><N who="3" m="47303" /><G86/><T20/><D33/><U2/><E74/><V44/><F44/><W108/><G108/><T0/><D0/><U112/><E112/><V78/><F78/><W75/><G75/><T48/><D117/><U127/><E2/><V9/><F9/><N who="3" m="4135" /><G5/><T38/><D38/><U71/><E1/><V28/><F28/><W129/><G129/><T36/><D36/><U51/><E116/><V42/><F42/><W15/><G15/><T103/><D128/><U104/><E104/><V124/><F124/><W81/><G81/><T63/><D77/><U16/><E127/><V113/><F113/><W122/><G122/><T53/><D73/><U97/><E97/><AGARI ba="0,0" hai="22,23,49,52,58,95,97,102" m="4135,47303" machi="97" ten="30,3900,0" yaku="8,1,52,1,54,1" doraHai="96" who="3" fromWho="1" sc="230,0,263,-39,277,0,230,39" /><INIT seed="3,0,0,3,4,39" ten="230,224,277,269" oya="3" hai0="36,23,4,75,96,6,10,19,73,2,44,17,92" hai1="119,33,135,50,111,102,70,104,13,64,86,59,42" hai2="34,55,69,108,3,56,134,15,105,52,28,8,53" hai3="121,76,99,37,40,103,61,5,117,107,85,91,22"/><W9/><G117/><T24/><D4/><U57/><E33/><V113/><F113/><W60/><G121/><T112/><D112/><U72/><E72/><V80/><F69/><W16/><G76/><T27/><D17/><U126/><E104/><V124/><F108/><W125/><G125/><T51/><D36/><U45/><E102/><V115/><F115/><W109/><G109/><T12/><D73/><U77/><E111/><V93/><F105/><W106/><G106/><T100/><REACH who="0" step="1"/><D75/><REACH who="0" ten="220,224,277,269" step="2"/><U32/><E119/><V58/><F124/><W1/><G37/><T68/><D68/><U88/><E70/><V81/><F3/><W30/><G30/><T82/><D82/><U0/><E0/><V94/><F80/><W97/><G97/><T110/><D110/><U123/><E126/><V116/><F81/><W21/><G16/><T74/><D74/><U83/><E123/><V54/><F116/><W7/><G7/><T84/><D84/><U20/><E135/><V79/><F134/><W132/><G132/><T89/><D89/><U35/><E77/><V101/><F79/><W78/><G78/><T63/><D63/><N who="3" m="24137" /><G85/><T62/><D62/><U122/><E122/><V128/><F28/><W133/><G91/><T67/><D67/><U87/><E87/><V90/><F90/><W48/><G133/><T71/><D71/><U26/><E64/><V114/><F114/><W43/><G48/><T118/><D118/><U66/><E66/><V41/><F58/><N who="1" m="22025" /><E13/><V65/><F65/><W14/><G1/><T46/><D46/><U129/><E129/><V25/><F128/><RYUUKYOKU ba="0,1" sc="220,10,224,10,277,-30,269,10" hai0="2,6,10,12,19,23,24,27,44,51,92,96,100" hai1="20,26,32,35,42,45,50,83,86,88" hai3="5,9,14,21,22,40,43,99,103,107" /><INIT seed="3,1,1,0,4,79" ten="230,234,247,279" oya="3" hai0="44,23,81,116,12,113,101,28,3,32,68,18,96" hai1="38,6,75,94,80,90,42,16,22,8,106,1,70" hai2="65,92,59,39,122,11,58,61,89,104,130,21,52" hai3="29,124,56,73,82,33,107,15,40,131,123,0,133"/><W103/><G123/><T60/><D116/><U9/><E106/><V50/><F122/><W37/><G15/><T10/><D113/><U77/><E70/><V111/><F111/><W55/><G133/><T53/><D44/><N who="1" m="23639" /><E9/><V134/><F134/><W78/><G131/><T109/><D109/><U129/><E129/><V57/><F130/><W43/><G0/><T30/><D32/><U102/><E102/><V110/><F104/><W83/><G37/><T132/><D132/><U117/><E117/><V115/><F110/><W46/><G46/><T87/><D3/><U24/><E94/><V97/><F39/><W112/><G112/><T88/><D10/><U14/><E90/><V100/><F115/><W13/><G13/><AGARI ba="1,1" hai="1,6,8,13,14,16,22,24,75,77,80" m="23639" machi="13" ten="30,3900,0" yaku="25,1,52,1,54,1" doraHai="79" who="1" fromWho="3" sc="230,0,234,52,247,0,279,-42" /><INIT seed="4,0,0,5,3,61" ten="230,286,247,237" oya="0" hai0="15,60,20,0,63,8,65,133,2,11,34,91,33" hai1="7,66,3,117,28,129,94,96,126,43,95,97,122" hai2="46,13,75,25,89,90,135,99,54,103,21,88,49" hai3="24,104,42,18,31,4,73,22,124,5,76,58,55"/><T38/><D38/><U56/><E122/><V79/><F135/><W78/><G104/><T80/><D133/><U39/><E117/><V29/><F75/><W128/><G128/><T10/><D80/><U131/><E126/><V134/><F134/><W70/><G70/><T53/><D91/><U105/><E105/><V84/><F79/><N who="3" m="30251" /><G73/><T125/><D53/><U118/><E118/><V102/><F102/><W27/><G42/><T121/><D60/><N who="1" m="38151" /><E28/><V83/><REACH who="2" step="1"/><F13/><REACH who="2" ten="230,286,237,237" step="2"/><N who="3" m="9551" /><G124/><T32/><D125/><U132/><E132/><V101/><F101/><W48/><G31/><T108/><D121/><U127/><E127/><V59/><F59/><W57/><G58/><T36/><D108/><U111/><E111/><V23/><F23/><W64/><G64/><T12/><D20/><U40/><E131/><V47/><F47/><W86/><G86/><T68/><REACH who="0" step="1"/><D36/><REACH who="0" ten="220,286,237,237" step="2"/><U106/><E39/><V72/><F72/><W1/><G1/><AGARI ba="0,2" hai="0,1,2,8,10,11,12,15,32,33,34,63,65,68" machi="1" ten="50,9600,0" yaku="1,1,2,1,52,1,53,0" doraHai="61" doraHaiUra="123" who="0" fromWho="3" sc="220,116,286,0,237,0,237,-96" /><INIT seed="4,1,0,4,2,78" ten="336,286,237,141" oya="0" hai0="17,89,115,58,114,73,44,47,62,38,70,18,117" hai1="79,74,64,83,43,20,37,63,32,48,133,49,112" hai2="56,85,92,60,108,28,129,86,109,87,126,98,8" hai3="82,13,69,46,90,97,51,135,10,39,7,26,106"/><T118/><D73/><U65/><E32/><V30/><F126/><W102/><G135/><T127/><D89/><U55/><E133/><V36/><F36/><W11/><G69/><T121/><D70/><U54/><E37/><V19/><F129/><W34/><G39/><T31/><D31/><U124/><E43/><V75/><F75/><W111/><G111/><T6/><D6/><U81/><E124/><V95/><F108/><W4/><G26/><T93/><D93/><U16/><E112/><N who="0" m="43049" /><D121/><U33/><E33/><V130/><F130/><W14/><G34/><T42/><D44/><N who="1" m="27911" /><E74/><V25/><F95/><W57/><G57/><T100/><D100/><U53/><E79/><V12/><F25/><W104/><G104/><T24/><D24/><N who="1" m="14343" /><E53/><N who="2" m="33807" /><F109/><W9/><G7/><T134/><D127/><U91/><E91/><AGARI ba="1,0" hai="8,12,19,28,30,85,86,87,91,92,98" m="33807" machi="91" ten="30,1000,0" yaku="8,1" doraHai="78" who="2" fromWho="1" sc="336,0,286,-13,237,13,141,0" /><INIT seed="5,0,0,1,5,61" ten="336,273,250,141" oya="1" hai0="92,96,53,5,48,82,33,26,1,78,109,73,103" hai1="56,104,34,87,57,71,102,22,125,91,89,16,62" hai2="119,35,27,111,98,52,12,107,127,69,59,84,75" hai3="118,38,30,135,55,4,28,113,86,17,131,115,99"/><U74/><E74/><V105/><F111/><W9/><G38/><T88/><D109/><U18/><E34/><V23/><F75/><W8/><G55/><T47/><D1/><U29/><E125/><V36/><F119/><W13/><G86/><T116/><D5/><U81/><E71/><V65/><F36/><W77/><G77/><T112/><D112/><N who="3" m="43081" /><G99/><T37/><D37/><U63/><E104/><V60/><F127/><W76/><G76/><T2/><D2/><U94/><E102/><V58/><F84/><W90/><G90/><T14/><D14/><U66/><E29/><N who="3" m="11370" /><G118/><T100/><D116/><U10/><E10/><V68/><F68/><W117/><G117/><T120/><D120/><U43/><E22/><V50/><F69/><W39/><G39/><T121/><D121/><U122/><E43/><V85/><F85/><W45/><G45/><T130/><D33/><U80/><E122/><V21/><F35/><W42/><G42/><T101/><D26/><U97/><E80/><V24/><F98/><W128/><G135/><T67/><D100/><U70/><E70/><V110/><F110/><W3/><AGARI ba="0,0" hai="3,4,8,9,13,17,128,131" m="11370,43081" machi="3" ten="30,4000,0" yaku="15,1,34,2" doraHai="61" who="3" fromWho="3" sc="336,-10,273,-20,250,-10,141,40" /><INIT seed="6,0,0,5,0,7" ten="326,253,240,181" oya="2" hai0="80,75,59,82,123,64,125,114,3,40,52,44,135" hai1="24,19,30,124,41,50,133,79,17,107,99,26,90" hai2="106,54,86,127,89,98,29,2,67,71,126,43,31" hai3="134,100,23,121,84,32,18,96,9,25,63,129,70"/><V20/><F2/><W37/><G121/><T53/><D123/><U85/><E124/><N who="2" m="47659" /><F43/><W116/><G116/><T110/><D3/><U16/><E133/><V101/><F54/><W61/><G134/><T109/><D114/><U21/><E79/><V27/><F31/><W35/><G37/><T102/><D102/><U65/><E65/><V8/><F67/><W112/><G129/><T15/><D64/><U95/><E41/><V68/><F8/><W28/><G70/><T87/><D53/><U132/><E50/><V111/><F111/><W57/><G112/><T69/><D69/><U105/><E132/><V5/><F5/><W76/><G76/><T36/><D15/><U22/><REACH who="1" step="1"/><E99/><REACH who="1" ten="326,243,240,181" step="2"/><V73/><F73/><W118/><G63/><N who="0" m="36327" /><D135/><U97/><E97/><V48/><F48/><W77/><G96/><T39/><D125/><U130/><E130/><V91/><F91/><W38/><G61/><T66/><D66/><U42/><E42/><V55/><F55/><W81/><G77/><N who="0" m="46479" /><D36/><U56/><E56/><V12/><F71/><W49/><G57/><T62/><D62/><U10/><E10/><V108/><F68/><W0/><G38/><T83/><D75/><U60/><E60/><V104/><F108/><W122/><G49/><T47/><D47/><U117/><E117/><V6/><F98/><W4/><G118/><T120/><D120/><U74/><E74/><V119/><F119/><W51/><G122/><T58/><D58/><U92/><E92/><N who="2" m="54327" /><F101/><W1/><G100/><T128/><D128/><U131/><E131/><V45/><F45/><W88/><G51/><RYUUKYOKU ba="0,1" sc="326,10,243,10,240,10,181,-30" hai0="39,40,44,82,83,109,110" hai1="16,17,19,21,22,24,26,30,85,90,95,105,107" hai2="6,12,20,27,29,104,106" /><INIT seed="6,1,1,4,2,93" ten="336,253,250,151" oya="2" hai0="94,102,73,97,82,81,129,16,57,61,106,90,55" hai1="71,84,6,21,14,32,41,108,23,76,122,36,114" hai2="65,116,20,105,50,104,99,2,125,117,89,107,5" hai3="68,133,78,130,63,26,109,111,25,83,121,92,13"/><V103/><F125/><W98/><G121/><T29/><D129/><U135/><E41/><V7/><F65/><W45/><G130/><T85/><D29/><U100/><E36/><V11/><F7/><W134/><G45/><T91/><D73/><U113/><E71/><V48/><F89/><W87/><G13/><T28/><D28/><U30/><E108/><N who="3" m="41546" /><G63/><T4/><D4/><U15/><E100/><V69/><F69/><W39/><G39/><T35/><D35/><U24/><E122/><V74/><F74/><W3/><G3/><T115/><D115/><U51/><E51/><V10/><F10/><W72/><G68/><T38/><D38/><U112/><E135/><N who="3" m="51722" /><G25/><T54/><D54/><U46/><E46/><V9/><F9/><W44/><G26/><T101/><D82/><N who="1" m="47175" /><E6/><V123/><F123/><W19/><G19/><T40/><D40/><U42/><E42/><V70/><F70/><W33/><G44/><T132/><D106/><U34/><E32/><V17/><F50/><W120/><G33/><T59/><D59/><U12/><AGARI ba="1,1" hai="12,14,15,21,23,24,30,34,112,113,114" m="47175" machi="12" ten="40,1500,0" yaku="15,1" doraHai="93" who="1" fromWho="1" sc="336,-5,253,28,250,-8,151,-5" /><INIT seed="7,0,0,4,1,34" ten="331,281,242,146" oya="3" hai0="20,44,129,33,21,7,45,100,106,133,118,72,50" hai1="124,0,5,51,70,1,77,87,29,67,11,117,37" hai2="73,13,110,98,120,119,132,115,104,55,9,61,83" hai3="93,12,53,8,60,19,88,85,25,128,63,39,23"/><W46/><G128/><T76/><D33/><U24/><E37/><V2/><F110/><W130/><G130/><T71/><D71/><U40/><E124/><V10/><F119/><W17/><REACH who="3" step="1"/><G39/><REACH who="3" ten="331,281,242,136" step="2"/><T6/><D129/><U99/><E117/><V103/><F120/><W64/><G64/><T114/><D118/><U15/><E67/><V32/><F115/><W135/><G135/><T59/><D133/><U27/><E70/><V127/><F132/><W26/><G26/><T112/><D114/><U49/><E27/><V131/><F131/><W116/><G116/><T42/><D112/><U121/><E121/><V94/><F127/><W68/><G68/><T80/><D59/><U56/><E56/><V18/><F32/><W36/><G36/><T82/><D44/><U54/><E24/><V62/><F104/><W43/><G43/><T89/><D45/><U95/><E40/><V30/><F55/><W52/><G52/><T101/><D106/><U4/><E54/><V79/><REACH who="2" step="1"/><F30/><REACH who="2" ten="331,281,232,136" step="2"/><W86/><G86/><T48/><D42/><U107/><E29/><V65/><F65/><W134/><G134/><T81/><D72/><U91/><E107/><V41/><F41/><W90/><G90/><T58/><D89/><U22/><E87/><V102/><F102/><W125/><G125/><T3/><D100/><U109/><E91/><V16/><F16/><W57/><G57/><T35/><D101/><U105/><E105/><V126/><F126/><W28/><G28/><T75/><D58/><U38/><E38/><V113/><F113/><W66/><G66/><T96/><D35/><RYUUKYOKU ba="0,2" sc="331,-15,281,-15,232,15,136,15" hai2="2,9,10,13,18,61,62,73,79,83,94,98,103" hai3="8,12,17,19,23,25,46,53,60,63,85,88,93" /><INIT seed="7,1,2,3,2,17" ten="316,266,247,151" oya="3" hai0="111,94,93,71,53,106,110,135,118,109,24,47,26" hai1="122,34,31,105,18,44,120,62,129,102,117,79,98" hai2="39,41,15,114,97,63,65,52,78,82,27,5,64" hai3="2,9,58,81,125,16,45,49,112,66,42,131,76"/><W11/><G112/><T7/><D106/><U68/><E79/><V121/><F114/><W37/><G125/><T10/><D71/><U0/><E0/><V85/><F121/><W80/><G131/><T8/><D118/><U67/><E129/><V69/><F39/><W6/><G76/><T32/><D135/><U40/><E18/><V87/><F41/><W134/><G134/><T59/><D47/><U21/><E21/><V89/><F97/><W88/><G88/><T91/><D94/><U83/><E83/><N who="2" m="49407" /><F69/><W54/><REACH who="3" step="1"/><G66/><REACH who="3" ten="316,266,247,141" step="2"/><T30/><D109/><U103/><E117/><V92/><F65/><W1/><G1/><T95/><D110/><U33/><E103/><V43/><F64/><W61/><G61/><T46/><D111/><U14/><E122/><V126/><F126/><W101/><G101/><T13/><D91/><U113/><E120/><V127/><F127/><W35/><G35/><T75/><D32/><U25/><E113/><V77/><F77/><W99/><G99/><T36/><D75/><U48/><E34/><V86/><F78/><W3/><G3/><T57/><D93/><U133/><E133/><V70/><F92/><W12/><AGARI ba="1,3" hai="2,6,9,11,12,16,37,42,45,49,54,58,80,81" machi="12" ten="30,6000,0" yaku="1,1,0,1,54,1,53,0" doraHai="17" doraHaiUra="19" who="3" fromWho="3" sc="316,-21,266,-21,247,-21,141,93" /><INIT seed="7,2,0,0,1,132" ten="295,245,226,234" oya="3" hai0="34,119,50,79,15,63,49,67,70,22,135,103,56" hai1="101,113,2,107,92,26,68,91,112,126,1,11,31" hai2="59,127,32,64,66,35,71,110,124,47,122,134,28" hai3="38,46,106,120,62,80,40,94,100,84,48,0,95"/><W54/><G120/><T72/><D119/><U93/><E68/><V118/><F110/><W76/><G0/><T97/><D34/><N who="2" m="12842" /><F118/><W82/><G106/><T89/><D135/><U121/><E121/><V116/><F116/><W9/><G100/><T115/><D70/><U102/><E107/><V114/><F134/><W123/><G123/><T104/><D115/><U43/><E43/><V29/><F122/><W24/><G24/><T16/><D89/><U17/><E17/><V109/><F109/><W36/><G9/><T98/><D97/><U88/><E31/><N who="2" m="11851" /><F71/><W20/><G20/><T23/><D22/><U3/><E3/><V44/><F59/><W13/><G13/><T111/><D111/><U8/><E26/><V129/><F114/><W45/><G62/><T131/><D131/><U130/><REACH who="1" step="1"/><E126/><REACH who="1" ten="295,235,226,234" step="2"/><N who="2" m="48171" /><F129/><AGARI ba="2,1" hai="1,2,8,11,88,91,92,93,101,102,112,113,129,130" machi="129" ten="25,6400,0" yaku="1,1,22,2,54,1,53,0" doraHai="132" doraHaiUra="81" who="1" fromWho="2" sc="295,0,235,80,226,-70,234,0" owari="295,9.5,315,41.5,156,-34.4,234,-16.6" /></mjloggm>