<mjloggm ver="2.3"><GO type="169" lobby="0"/><UN n0="%E3%83%A1%E3%82%AC%E3%83%95%E3%83%BC%E3%83%87%E3%82%A3%E3%83%B3" n1="%61%6D%61%69%6B%61" n2="%E3%83%AA%E3%83%AA%E3%83%BC%E3%83%96%E3%83%A9%E3%83%83%E3%82%AF" n3="%75%79%61%6D%61" dan="16,16,16,17" rate="2221.50,2152.02,2025.99,2117.67" sx="F,M,F,M"/><TAIKYOKU oya="0"/><INIT seed="0,0,0,2,4,65" ten="250,250,250,250" oya="0" hai0="108,35,124,28,112,44,135,51,101,83,95,25,30" hai1="64,10,79,56,20,43,86,67,116,129,100,6,33" hai2="13,45,9,105,70,104,2,55,89,99,126,11,97" hai3="121,75,90,48,22,53,131,85,102,24,76,91,120"/><T106/><D112/><U94/><E33/><V50/><F126/><W62/><G131/><T125/><D106/><U130/><E116/><V42/><F2/><W122/><G102/><T26/><D135/><U23/><E43/><V123/><F9/><W68/><G75/><T46/><D108/><U71/><E56/><V15/><F15/><W3/><G3/><T60/><D83/><U80/><E100/><V96/><F123/><W88/><G76/><T40/><D60/><N who="1" m="40327" /><E94/><V113/><F113/><W110/><G110/><T17/><D17/><U52/><E67/><V117/><F117/><W8/><G8/><T73/><D73/><U63/><E52/><V47/><F70/><W69/><G85/><T1/><D1/><N who="1" m="335" /><E63/><V54/><F54/><W109/><G62/><T32/><REACH who="0" step="1"/><D46/><REACH who="0" ten="240,250,250,250" step="2"/><U98/><E80/><V84/><F47/><N who="3" m="27807" /><G109/><T81/><D81/><U119/><E119/><V19/><REACH who="2" step="1"/><F42/><REACH who="2" ten="240,250,240,250" step="2"/><W78/><G78/><T57/><D57/><U37/><E79/><V107/><F107/><W58/><G58/><T7/><D7/><U72/><E130/><V16/><F16/><AGARI ba="0,2" hai="16,22,24,68,69,88,90,91,120,121,122" m="27807" machi="16" ten="40,8000,1" yaku="13,1,52,2,54,2" doraHai="65" who="3" fromWho="2" sc="240,0,250,0,240,-80,250,100" /><INIT seed="1,0,0,3,0,41" ten="240,250,160,350" oya="1" hai0="45,36,48,119,133,58,12,94,109,75,19,92,13" hai1="18,60,49,22,40,16,10,130,55,26,102,77,70" hai2="37,111,128,54,9,127,63,28,61,131,65,8,21" hai3="74,15,4,82,90,64,81,5,115,14,113,126,85"/><U35/><E130/><V78/><F111/><W52/><G64/><T6/><D119/><U44/><E35/><V66/><F127/><W80/><G126/><T104/><D104/><U110/><E110/><V125/><F125/><W33/><G33/><T120/><D75/><U105/><E77/><V38/><F78/><W129/><G129/><T53/><D109/><U39/><E105/><V0/><F21/><W3/><G3/><T117/><D117/><U123/><E102/><V73/><F54/><W100/><G100/><T43/><D133/><U47/><E123/><V1/><REACH who="2" step="1"/><F28/><REACH who="2" ten="240,250,150,350" step="2"/><W17/><G52/><T86/><D120/><U20/><E10/><V62/><F62/><W31/><G31/><T96/><D6/><U121/><E121/><V134/><F134/><W108/><G108/><T2/><D19/><U87/><E60/><V23/><F23/><W24/><G17/><T99/><D53/><U46/><E70/><V51/><F51/><W124/><G124/><T135/><D48/><U112/><E112/><V122/><F122/><W106/><G4/><T83/><D135/><U101/><E22/><V72/><AGARI ba="0,1" hai="0,1,8,9,37,38,61,63,65,66,72,73,128,131" machi="72" ten="25,6400,0" yaku="1,1,0,1,22,2,53,0" doraHai="41" doraHaiUra="42" who="2" fromWho="2" sc="240,-16,250,-32,150,74,350,-16" /><INIT seed="2,0,0,4,0,19" ten="224,218,224,334" oya="2" hai0="52,108,35,36,69,85,62,49,41,84,4,135,89" hai1="82,18,65,94,54,15,121,122,72,38,53,29,34" hai2="87,103,75,5,113,127,98,78,117,25,111,129,130" hai3="125,74,22,112,132,115,119,10,56,63,46,107,109"/><V71/><F71/><W100/><G119/><T101/><D35/><U102/><E38/><V80/><F5/><W59/><G74/><T110/><D101/><U68/><E29/><V23/><F117/><W39/><G10/><T11/><D135/><U124/><E34/><V77/><F113/><W114/><G132/><T67/><D84/><U51/><E124/><V133/><F133/><W126/><G109/><T3/><D41/><U93/><E65/><V33/><F33/><W24/><G46/><T8/><D8/><U128/><E68/><V21/><F111/><W44/><G44/><T73/><D73/><U79/><E128/><N who="2" m="49259" /><F127/><N who="3" m="48651" /><G39/><T48/><D48/><U134/><E134/><V27/><F75/><W76/><G76/><T32/><D36/><U66/><E66/><V26/><F78/><W7/><G7/><T90/><D32/><U2/><E2/><V116/><F116/><W95/><G107/><AGARI ba="0,0" hai="21,23,25,26,27,77,80,87,98,103,107" m="49259" machi="107" ten="30,5800,0" yaku="19,1,52,2" doraHai="19" who="2" fromWho="3" sc="224,0,218,0,224,58,334,-58" /><INIT seed="2,1,0,1,3,0" ten="224,218,282,276" oya="2" hai0="134,118,111,129,8,13,34,101,131,49,62,65,54" hai1="130,52,28,45,10,36,22,117,86,50,85,56,96" hai2="12,102,46,23,127,6,73,47,103,110,67,133,9" hai3="33,81,98,128,125,24,95,2,114,84,72,116,44"/><V92/><F73/><W69/><G116/><T30/><D118/><U40/><E117/><V122/><F122/><W107/><G69/><T120/><D120/><U94/><E130/><V70/><F127/><W29/><G107/><T135/><D101/><U97/><E97/><V35/><F35/><W104/><G104/><T31/><D54/><U78/><E78/><V26/><F133/><N who="0" m="50698" /><D49/><U43/><E43/><V119/><F119/><W1/><G72/><T3/><D3/><U42/><E42/><V51/><F110/><W57/><G44/><N who="2" m="16937" /><F70/><W38/><G38/><T75/><D75/><U14/><E22/><V123/><F123/><W15/><G57/><N who="0" m="37071" /><D111/><U106/><E28/><N who="0" m="10793" /><D34/><U18/><REACH who="1" step="1"/><E106/><REACH who="1" ten="224,208,282,276" step="2"/><V32/><F32/><W121/><G33/><T109/><D109/><U19/><E19/><AGARI ba="1,1" hai="8,13,19,129,131" m="10793,37071,50698" machi="19" ten="30,1000,0" yaku="20,1" doraHai="0" who="0" fromWho="1" sc="224,23,208,-13,282,0,276,0" /><INIT seed="3,0,0,4,2,34" ten="247,195,282,276" oya="3" hai0="16,91,125,5,0,123,87,21,132,10,59,93,75" hai1="53,71,36,133,117,40,60,1,4,9,22,82,78" hai2="104,57,131,68,112,43,77,35,62,107,33,89,96" hai3="130,26,41,51,8,72,83,17,73,67,18,95,111"/><W97/><G130/><T94/><D125/><U110/><E110/><V28/><F112/><W23/><G111/><T58/><D132/><U66/><E133/><V6/><F68/><W92/><G67/><T114/><D123/><U55/><E117/><V56/><F77/><W37/><G37/><T2/><D75/><U46/><REACH who="1" step="1"/><E22/><REACH who="1" ten="247,185,282,276" step="2"/><V108/><F33/><W102/><G23/><T84/><D114/><U90/><E90/><V38/><F89/><W20/><G20/><T106/><D106/><U24/><E24/><V3/><F104/><W64/><G26/><T45/><D94/><U50/><E50/><V105/><F107/><W128/><G51/><T11/><D93/><U80/><E80/><V32/><F105/><W39/><G83/><T12/><D91/><U65/><E65/><V88/><F88/><W76/><G64/><T69/><D69/><U81/><E81/><V52/><F35/><W122/><G95/><T135/><D135/><U27/><E27/><V15/><F32/><W29/><G92/><T99/><D99/><U124/><E124/><V63/><F96/><W14/><G97/><T30/><D30/><U127/><E127/><V44/><F108/><W19/><G29/><T101/><D101/><U86/><AGARI ba="0,1" hai="1,4,9,36,40,46,53,55,60,66,71,78,82,86" machi="86" ten="20,5200,0" yaku="1,1,0,1,7,1,52,1,53,0" doraHai="34" doraHaiUra="116" who="1" fromWho="1" sc="247,-13,185,62,282,-13,276,-26" /><INIT seed="4,0,0,5,0,107" ten="234,247,269,250" oya="0" hai0="23,77,86,60,33,2,111,133,104,126,55,92,9" hai1="1,44,68,106,88,19,30,129,35,108,65,119,12" hai2="29,100,24,11,18,91,110,22,36,42,131,41,57" hai3="85,39,26,115,83,8,71,38,125,128,56,114,105"/><T109/><D33/><U120/><E108/><N who="0" m="41545" /><D104/><U82/><E106/><V0/><F110/><W49/><G71/><T21/><D133/><U13/><E119/><V34/><F36/><W15/><G105/><T52/><D126/><U6/><E120/><V93/><F100/><W73/><G128/><T61/><D2/><U96/><E129/><V7/><F57/><W121/><G125/><T59/><D9/><U75/><E1/><V67/><F67/><W99/><G99/><T3/><D3/><U94/><E6/><V76/><F76/><W132/><G26/><T84/><D77/><U14/><E44/><V20/><F20/><N who="0" m="7754" /><D92/><U28/><E35/><V37/><F37/><W10/><G10/><T58/><AGARI ba="0,0" hai="52,55,58,59,60,61,84,86" m="7754,41545" machi="58" ten="30,3000,0" yaku="10,1,54,1" doraHai="107" who="0" fromWho="0" sc="234,30,247,-10,269,-10,250,-10" /><INIT seed="4,1,0,3,5,100" ten="264,237,259,240" oya="0" hai0="30,46,135,35,17,74,126,89,84,19,68,27,49" hai1="95,16,129,0,105,119,86,43,31,88,120,118,101" hai2="15,22,75,45,113,58,77,60,44,14,7,53,79" hai3="36,38,87,81,56,66,3,41,125,73,1,85,114"/><T131/><D74/><U54/><E120/><V104/><F113/><W132/><G73/><T103/><D131/><U108/><E108/><V33/><F33/><W13/><G56/><T52/><D135/><U10/><E129/><V90/><F104/><W76/><G13/><T133/><D133/><U122/><E122/><V28/><F75/><W24/><G132/><T12/><D126/><U20/><E43/><V83/><F90/><W5/><G41/><T67/><D103/><U18/><E31/><V39/><F39/><W117/><G5/><T112/><D112/><U97/><E54/><V78/><F83/><W42/><G42/><T6/><D6/><U70/><E70/><V63/><F63/><W106/><G24/><T48/><D12/><N who="2" m="4650" /><F7/><W51/><G81/><T2/><D2/><U11/><E0/><V71/><F71/><W21/><G21/><T40/><D67/><U96/><E96/><V121/><F121/><W50/><G66/><T130/><D68/><U115/><E115/><V111/><F111/><W102/><G114/><T9/><D9/><U127/><E127/><V128/><F128/><W29/><G102/><T93/><REACH who="0" step="1"/><D130/><REACH who="0" ten="254,237,259,240" step="2"/><U134/><E134/><V123/><F123/><W82/><G125/><T109/><D109/><U32/><E10/><V65/><F65/><W64/><G64/><T110/><D110/><U80/><E11/><V107/><F107/><W26/><G106/><T4/><D4/><U23/><E105/><V37/><F37/><W91/><G38/><T59/><AGARI ba="1,1" hai="17,19,27,30,35,40,46,48,49,52,59,84,89,93" machi="59" ten="20,7800,0" yaku="1,1,0,1,7,1,54,1,53,0" doraHai="100" doraHaiUra="69" who="0" fromWho="0" sc="254,91,237,-27,259,-27,240,-27" /><INIT seed="4,2,0,2,2,80" ten="345,210,232,213" oya="0" hai0="118,127,1,22,132,81,68,30,64,50,63,47,17" hai1="52,10,108,97,111,133,114,88,5,134,105,49,32" hai2="43,48,24,54,98,21,18,13,46,117,59,131,125" hai3="113,36,0,106,121,122,82,107,40,62,38,15,4"/><T102/><D118/><U79/><E32/><V83/><F117/><W74/><G15/><T129/><D132/><N who="1" m="50795" /><E79/><V116/><F116/><W112/><G62/><T8/><D129/><U25/><E25/><V110/><F125/><W69/><G69/><T16/><D127/><U84/><E97/><V56/><F131/><W51/><G51/><T71/><D71/><U12/><E105/><N who="3" m="39946" /><G82/><T99/><D81/><N who="1" m="49167" /><E114/><N who="3" m="44138" /><G74/><T123/><D30/><U33/><E33/><V73/><F73/><W115/><G115/><T86/><D68/><U67/><E67/><V126/><F126/><W109/><G109/><T9/><D64/><U72/><E72/><V23/><F110/><W93/><G93/><T130/><D130/><U55/><E55/><V11/><F83/><W31/><G31/><T45/><D99/><U19/><E5/><N who="2" m="3311" /><F98/><W42/><G42/><T124/><D124/><U96/><E96/><V91/><F54/><W57/><G40/><T119/><D119/><U14/><E14/><N who="2" m="9431" /><F91/><W29/><G29/><AGARI ba="2,0" hai="23,24,29,43,46,48,56,59" m="9431,3311" machi="29" ten="30,1000,0" yaku="8,1" doraHai="80" who="2" fromWho="3" sc="345,0,210,0,232,16,213,-16" /><INIT seed="5,0,0,4,5,102" ten="345,210,248,197" oya="1" hai0="70,114,117,109,81,25,89,6,35,36,11,28,84" hai1="63,115,38,7,12,76,9,15,98,104,106,61,47" hai2="50,131,52,74,18,53,90,57,16,10,83,113,80" hai3="17,30,62,132,127,135,51,85,55,97,23,116,91"/><U31/><E115/><V73/><F113/><W88/><G127/><T29/><D114/><U46/><E76/><V96/><F131/><W40/><G30/><T95/><D109/><U71/><E31/><V32/><F32/><W58/><G116/><T13/><D117/><U94/><E15/><N who="2" m="7287" /><F74/><W21/><G97/><T111/><D111/><U68/><E61/><N who="2" m="36007" /><F73/><W134/><G91/><T128/><D128/><U22/><E22/><V118/><F18/><W41/><G62/><T56/><D70/><U75/><E75/><V14/><F14/><N who="3" m="9399" /><G23/><T78/><D36/><U26/><E63/><V54/><F118/><W33/><G33/><T87/><D56/><U82/><E26/><V69/><F69/><W121/><G121/><T42/><D42/><U79/><E68/><V103/><F103/><W72/><G72/><T93/><D29/><U60/><E60/><V66/><F66/><W20/><G20/><T112/><D112/><U43/><E71/><V120/><F120/><W124/><G124/><T4/><D4/><U3/><E3/><V122/><F122/><W8/><G8/><T77/><D77/><U101/><E79/><V24/><F24/><W34/><G34/><T48/><D48/><U67/><E67/><V123/><F123/><W107/><G107/><T86/><D78/><U108/><E108/><V133/><F50/><W0/><G0/><T1/><D1/><U100/><E100/><V130/><F130/><W59/><G58/><T2/><D2/><U27/><E27/><V110/><F110/><W99/><G99/><T45/><D45/><N who="1" m="23799" /><E82/><AGARI ba="0,0" hai="40,41,51,55,59,82,85,88,132,134,135" m="9399" machi="82" ten="30,2000,0" yaku="20,1,54,1" doraHai="102" who="3" fromWho="1" sc="345,0,210,-20,248,0,197,20" /><INIT seed="6,0,0,1,5,77" ten="345,190,248,217" oya="2" hai0="63,7,11,41,60,62,91,111,109,67,44,29,124" hai1="31,10,72,3,133,119,15,121,19,14,93,43,92" hai2="79,4,97,9,46,116,126,113,107,135,6,13,8" hai3="17,22,2,129,105,84,128,80,21,90,33,61,101"/><V70/><F116/><W115/><G33/><T82/><D124/><U88/><E119/><V53/><F126/><W0/><G115/><T30/><D67/><U57/><E72/><V52/><F113/><W87/><G61/><T48/><D111/><U134/><E3/><V25/><F70/><W78/><G101/><T123/><D123/><U38/><E121/><V23/><F79/><W103/><G103/><T74/><D109/><U132/><E31/><V99/><F135/><W28/><G105/><T42/><D42/><U66/><E15/><N who="2" m="5511" /><F107/><W131/><G28/><T100/><D100/><U34/><E34/><V117/><F117/><W110/><G110/><T26/><D26/><U125/><E125/><V68/><F68/><W102/><G102/><T35/><D35/><U65/><E57/><V122/><F122/><W37/><G37/><T76/><REACH who="0" step="1"/><D91/><REACH who="0" ten="335,190,248,217" step="2"/><U27/><E27/><V75/><F53/><W98/><G128/><T54/><D54/><U56/><E65/><V51/><F75/><W108/><G131/><T12/><AGARI ba="0,1" hai="7,11,12,29,30,41,44,48,60,62,63,74,76,82" machi="12" ten="30,12000,2" yaku="1,1,0,1,52,1,53,3" doraHai="77" doraHaiUra="59" who="0" fromWho="0" sc="335,130,190,-30,248,-60,217,-30" /><INIT seed="7,0,0,5,5,102" ten="465,160,188,187" oya="3" hai0="113,128,1,14,107,62,64,2,95,32,10,67,44" hai1="69,52,49,99,68,29,57,77,90,94,115,39,0" hai2="8,130,5,108,98,97,66,45,114,38,100,125,25" hai3="63,79,75,22,51,131,88,85,41,35,3,47,89"/><W60/><G35/><T111/><D107/><U129/><E0/><V119/><F108/><W101/><G3/><T86/><D111/><U83/><E115/><V7/><F119/><W11/><G75/><T72/><D72/><U132/><E129/><V27/><F98/><W48/><G101/><T34/><D1/><U13/><E132/><V106/><F114/><W55/><G11/><T43/><D2/><U19/><E29/><V112/><F112/><W20/><G79/><T50/><D113/><U91/><E91/><V73/><F73/><W33/><G33/><T81/><D95/><U92/><E92/><V122/><F8/><W54/><G41/><T15/><D67/><U84/><REACH who="1" step="1"/><E39/><REACH who="1" ten="465,150,188,187" step="2"/><V74/><F38/><W126/><G131/><T16/><D14/><U135/><E135/><V124/><F130/><W103/><G103/><T82/><D82/><U134/><E134/><V40/><F100/><W70/><G126/><T96/><D96/><U53/><E53/><V65/><F97/><W12/><G70/><T80/><D80/><U87/><E87/><V133/><F74/><W121/><G121/><T30/><D50/><U4/><E4/><N who="2" m="1611" /><F122/><W117/><G117/><T6/><D44/><U93/><E93/><V36/><F133/><W59/><G89/><N who="0" m="51407" /><D43/><U120/><E120/><V46/><F46/><W118/><G118/><T23/><D128/><U110/><E110/><V56/><F125/><W105/><G105/><T17/><D10/><AGARI ba="0,1" hai="10,13,19,49,52,57,68,69,77,83,84,90,94,99" machi="10" ten="30,3900,0" yaku="1,1,7,1,54,1,53,0" doraHai="102" doraHaiUra="127" who="1" fromWho="0" sc="465,-39,150,49,188,0,187,0" owari="426,52.6,199,-0.1,188,-21.2,187,-31.3" /></mjloggm>