<mjloggm ver="2.3"><GO type="169" lobby="0"/><UN n0="%E3%82%B4%E3%83%AB%E3%83%95%E3%82%AB%E3%83%BC%E3%83%88%E5%9B%BD%E9%81%93" n1="%E5%9B%9B%E5%89%AF%E9%9C%B2%E5%8D%98%E9%A8%8E" n2="%31%74%61" n3="%E3%81%B1%E3%83%BC%E3%81%9B%E3%82%93%E3%81%A8%E4%BE%8D" dan="16,16,17,16" rate="2102.22,2054.19,2240.18,2097.10" sx="M,F,M,M"/><TAIKYOKU oya="0"/><INIT seed="0,0,0,3,1,33" ten="250,250,250,250" oya="0" hai0="46,45,120,124,42,113,59,96,130,14,5,106,86" hai1="95,41,110,134,119,35,47,52,118,36,50,55,73" hai2="99,74,17,114,11,1,125,25,31,75,49,18,44" hai3="89,8,39,29,37,107,9,122,58,104,121,20,21"/><T79/><D113/><U72/><E35/><V87/><F114/><W117/><G58/><T62/><D120/><N who="3" m="46185" /><G89/><T48/><D130/><U94/><E110/><V92/><F125/><W82/><G82/><N who="0" m="47455" /><D124/><U64/><E134/><V70/><F70/><W129/><G29/><T126/><D46/><U78/><E64/><V60/><F87/><W131/><G117/><T68/><D126/><U108/><E108/><V13/><F60/><W91/><G91/><T26/><D68/><U112/><E112/><V15/><F1/><W56/><G56/><T127/><D127/><U28/><E28/><V116/><F116/><W115/><G21/><T57/><D26/><U84/><E118/><V105/><F105/><N who="3" m="40523" /><G20/><T24/><D24/><U23/><E23/><V67/><F67/><W111/><G111/><T10/><D62/><U7/><E119/><V16/><F31/><W93/><G93/><T80/><D80/><U27/><E94/><V34/><F34/><W2/><G115/><T12/><D12/><U71/><E95/><V54/><F25/><W4/><G9/><T6/><D6/><U100/><E7/><V109/><F109/><W98/><G98/><T3/><D3/><U103/><E27/><V22/><REACH who="2" step="1"/><F17/><REACH who="2" ten="250,250,240,250" step="2"/><W53/><G53/><T38/><D38/><AGARI ba="0,1" hai="2,4,8,37,38,39,129,131" m="40523,46185" machi="38" ten="40,5200,0" yaku="13,1,23,1,52,1" doraHai="33" who="3" fromWho="0" sc="250,-52,250,0,240,0,250,62" /><INIT seed="1,0,0,5,3,94" ten="198,250,240,312" oya="1" hai0="115,80,57,68,78,72,126,90,31,24,33,69,86" hai1="124,91,103,30,66,4,118,110,97,105,128,44,53" hai2="21,27,87,58,82,122,54,67,15,114,92,74,19" hai3="63,42,99,25,13,50,2,131,11,20,40,73,75"/><U9/><E118/><V95/><F122/><W119/><G119/><T102/><D126/><U45/><E124/><V98/><F74/><W132/><G132/><T70/><D115/><U101/><E128/><V18/><F67/><W125/><G131/><T51/><D102/><U88/><E110/><V1/><F1/><W35/><G35/><T28/><D28/><U6/><E66/><V32/><F114/><W77/><G2/><T49/><REACH who="0" step="1"/><D57/><REACH who="0" ten="188,250,240,312" step="2"/><U104/><E30/><V41/><F32/><W76/><G125/><T47/><D47/><U48/><E45/><V17/><F58/><W3/><G75/><T36/><D36/><U111/><E111/><V38/><F38/><W129/><G73/><T81/><AGARI ba="0,1" hai="24,31,33,49,51,68,69,70,72,78,80,81,86,90" machi="81" ten="40,2700,0" yaku="1,1,0,1,53,0" doraHai="94" doraHaiUra="127" who="0" fromWho="0" sc="188,37,250,-13,240,-7,312,-7" /><INIT seed="2,0,0,4,1,70" ten="225,237,233,305" oya="2" hai0="110,58,115,84,107,120,34,94,91,80,109,19,95" hai1="27,3,117,72,114,56,89,11,59,36,54,29,52" hai2="17,39,90,26,66,48,83,106,97,1,35,64,42" hai3="16,25,88,12,86,46,119,76,37,78,131,68,130"/><V128/><F1/><W135/><G68/><T53/><D34/><U60/><E114/><V31/><F128/><N who="3" m="49195" /><G119/><T55/><D107/><U51/><E117/><V123/><F123/><W124/><G25/><T13/><D115/><U116/><E116/><V118/><F118/><W134/><G124/><T126/><D126/><U93/><E72/><V132/><F132/><N who="3" m="50731" /><G46/><T24/><D24/><U14/><E3/><V47/><F17/><W92/><G37/><T28/><D28/><U105/><E105/><V20/><F35/><W9/><AGARI ba="0,0" hai="9,12,16,76,78,86,88,92" m="50731,49195" machi="9" ten="30,7900,0" yaku="19,1,20,1,54,2" doraHai="70" who="3" fromWho="3" sc="225,-20,237,-20,233,-39,305,79" /><INIT seed="3,0,0,3,2,72" ten="205,217,194,384" oya="3" hai0="14,52,89,22,86,85,113,124,93,8,11,135,68" hai1="46,120,38,129,128,42,69,15,103,79,53,10,16" hai2="121,41,94,76,39,107,130,117,17,61,125,132,21" hai3="9,73,7,55,109,118,134,100,45,63,74,37,108"/><W5/><G118/><T115/><D68/><U49/><E120/><V84/><F117/><W97/><G134/><T48/><D135/><U50/><E69/><V4/><F107/><W31/><G31/><T13/><D124/><U112/><E112/><N who="0" m="43081" /><D85/><U90/><E103/><V92/><F132/><W83/><G63/><T36/><D36/><U66/><E66/><V12/><F125/><W54/><G37/><T88/><D89/><U26/><E79/><V127/><F127/><W91/><G5/><T59/><D14/><U29/><E90/><V98/><F130/><N who="1" m="50281" /><E53/><V104/><F104/><W34/><G91/><T102/><D102/><U33/><AGARI ba="0,0" hai="10,15,16,26,29,33,38,42,46,49,50" m="50281" machi="33" ten="30,2000,0" yaku="19,1,54,1" doraHai="72" who="1" fromWho="1" sc="205,-5,217,20,194,-5,384,-10" /><INIT seed="4,0,0,5,2,106" ten="200,237,189,374" oya="0" hai0="115,36,0,111,88,29,85,97,131,32,123,109,129" hai1="33,8,16,57,49,127,10,41,116,34,9,102,28" hai2="120,56,113,84,51,94,80,74,103,6,55,14,18" hai3="31,92,114,50,118,91,79,53,96,82,77,11,60"/><T64/><D0/><U133/><E116/><V39/><F120/><W3/><G118/><T124/><D36/><U26/><E102/><V7/><F39/><W5/><G114/><T72/><D123/><U38/><E38/><V105/><F105/><W27/><G60/><T35/><D115/><U71/><E71/><V132/><F132/><W43/><G43/><T128/><D124/><U81/><E133/><V121/><F121/><W25/><G31/><T65/><D97/><U75/><E127/><V90/><F113/><W42/><G42/><T20/><D20/><U40/><E34/><N who="0" m="12841" /><D29/><U4/><E4/><V62/><F62/><W37/><G79/><T119/><D72/><U22/><E57/><V101/><F101/><W107/><G37/><T54/><D54/><U83/><E41/><V76/><REACH who="2" step="1"/><F103/><REACH who="2" ten="200,237,179,374" step="2"/><W117/><G107/><T126/><D126/><U30/><E49/><V17/><F17/><W98/><G117/><T47/><D119/><U68/><E16/><V122/><F122/><W70/><G50/><T104/><D104/><U112/><E112/><V61/><F61/><W89/><G5/><T134/><D134/><U110/><E30/><V23/><AGARI ba="0,1" hai="6,7,14,18,23,51,55,56,74,76,80,84,90,94" machi="23" ten="20,12000,2" yaku="1,1,0,1,7,1,25,2,52,1,53,1" doraHai="106" doraHaiUra="44" who="2" fromWho="2" sc="200,-60,237,-30,179,130,374,-30" /><INIT seed="5,0,0,1,5,44" ten="140,207,309,344" oya="1" hai0="22,124,103,113,2,107,4,112,24,53,100,118,13" hai1="10,78,47,39,76,20,105,82,31,32,57,86,120" hai2="88,1,75,48,58,64,72,83,34,115,27,67,12" hai3="95,15,7,101,69,134,127,38,122,97,50,81,109"/><U9/><E120/><V94/><F1/><W73/><G109/><T93/><D107/><U40/><E105/><V123/><F123/><W28/><G38/><T80/><D80/><U102/><E32/><V8/><F115/><N who="0" m="44106" /><D103/><U35/><E35/><V74/><F83/><W41/><G69/><T11/><D100/><U77/><E102/><V59/><F27/><W54/><G127/><T65/><D65/><U16/><E31/><V90/><F34/><W26/><G134/><T5/><D93/><U91/><REACH who="1" step="1"/><E57/><REACH who="1" ten="140,197,309,344" step="2"/><V104/><F104/><W55/><G28/><N who="0" m="17431" /><D124/><U49/><E49/><V36/><F58/><W23/><G50/><T0/><D118/><U114/><E114/><V61/><F48/><W18/><G101/><T62/><D5/><U79/><N who="1" m="19456" /><DORA hai="133" /><U132/><E132/><V89/><F36/><W85/><G7/><T3/><D62/><U42/><E42/><V117/><F117/><W33/><G41/><T98/><D53/><U96/><E96/><AGARI ba="0,1" hai="0,2,3,4,11,13,96,98" m="17431,44106" machi="96" ten="40,1300,0" yaku="15,1" doraHai="44,133" who="0" fromWho="1" sc="140,23,197,-13,309,0,344,0" /><INIT seed="6,0,0,5,3,119" ten="163,184,309,344" oya="2" hai0="12,36,61,112,31,115,26,30,69,42,92,123,109" hai1="17,95,22,131,85,29,135,58,3,80,57,76,82" hai2="89,63,41,118,43,79,71,102,24,66,96,51,39" hai3="104,98,64,128,105,4,103,27,132,33,83,52,1"/><V15/><F118/><W55/><G128/><T84/><D109/><U54/><E3/><V106/><F79/><W88/><G105/><T74/><D74/><U86/><E131/><V37/><F15/><W59/><G132/><T2/><D2/><U10/><E135/><V101/><F101/><W53/><G1/><T77/><D36/><U99/><E29/><V9/><F9/><W13/><G4/><T34/><D42/><U114/><E10/><V130/><F130/><W14/><G64/><N who="0" m="41103" /><D31/><U11/><E11/><V23/><F89/><W48/><G33/><T70/><D70/><U73/><E73/><V16/><REACH who="2" step="1"/><F41/><REACH who="2" ten="163,184,299,344" step="2"/><W107/><G27/><T25/><D12/><U0/><E0/><V35/><F35/><W62/><G107/><T90/><D25/><U116/><E116/><V6/><F6/><W7/><G7/><T122/><D77/><U21/><E76/><V113/><F113/><AGARI ba="0,1" hai="26,30,34,84,90,92,112,113,115,122,123" m="41103" machi="113" ten="30,3900,0" yaku="15,1,52,2" doraHai="119" who="0" fromWho="2" sc="163,49,184,0,299,-39,344,0" /><INIT seed="7,0,0,3,2,126" ten="212,184,260,344" oya="3" hai0="130,1,22,43,24,124,63,90,50,44,32,41,4" hai1="123,129,108,105,38,104,33,86,97,52,62,131,84" hai2="20,18,92,42,115,100,66,25,89,59,19,39,88" hai3="58,80,27,81,0,12,103,72,51,54,112,9,128"/><W79/><G112/><T133/><D32/><U87/><E108/><V95/><F42/><W30/><G128/><N who="1" m="49226" /><E123/><V75/><F75/><W26/><G0/><T117/><D130/><U102/><E33/><V60/><F39/><W61/><G103/><T15/><D117/><U45/><E38/><V71/><F100/><W68/><G81/><T109/><D109/><U78/><E78/><V98/><F71/><W76/><G76/><T110/><D110/><U3/><E3/><V107/><F107/><W127/><G30/><N who="0" m="17687" /><D1/><U23/><E23/><V118/><F115/><W36/><G127/><T14/><D124/><U53/><E62/><V29/><F118/><W96/><G61/><T35/><D35/><U77/><E77/><V121/><F121/><W5/><G79/><T8/><D133/><U46/><E104/><V31/><F31/><W55/><G36/><T132/><D132/><U122/><E122/><V106/><F106/><W49/><G9/><N who="0" m="4391" /><D63/><U70/><E70/><V101/><F89/><W21/><G21/><T34/><D34/><U2/><E2/><V28/><F28/><W93/><G68/><T65/><D65/><U57/><E57/><V74/><F74/><W17/><G72/><T94/><D43/><U119/><E119/><V48/><F48/><W73/><G58/><T99/><D8/><U111/><E111/><V67/><F67/><W13/><G51/><T7/><D7/><U64/><E64/><V6/><F6/><W16/><G49/><T37/><D50/><U116/><E116/><V135/><F135/><W56/><G73/><T114/><D114/><RYUUKYOKU ba="0,0" sc="212,10,184,10,260,10,344,-30" hai0="15,37,41,44,90,94,99" hai1="45,46,52,53,84,86,87,97,102,105" hai2="18,19,20,25,29,59,60,66,88,92,95,98,101" owari="222,-17.8,194,-30.6,270,7.0,314,41.4" /></mjloggm>