<mjloggm ver="2.3"><GO type="169" lobby="0"/><UN n0="%E4%B9%9D%E7%B4%8B%E9%BE%8D%E5%8F%B2%E9%80%B2" n1="%E9%81%85%E5%88%BB%E3%81%AE%E3%83%97%E3%83%AA%E3%83%B3%E3%82%B9%E2%99%AA" n2="%E3%81%9F%E3%81%AA%E3%81%8B%E6%95%99%E7%A5%96" n3="%6B%61%77%61%69%31%32" dan="19,16,17,16" rate="2321.35,2140.83,2169.11,2069.63" sx="M,F,M,M"/><TAIKYOKU oya="0"/><INIT seed="0,0,0,5,1,49" ten="250,250,250,250" oya="0" hai0="11,68,20,132,32,61,103,22,5,79,86,37,7" hai1="6,25,87,99,115,129,29,106,45,69,40,84,42" hai2="28,111,93,4,75,134,85,13,41,114,105,58,38" hai3="60,97,117,17,104,116,108,64,26,18,44,56,110"/><T102/><D32/><U33/><E129/><V52/><F114/><W55/><G104/><T3/><D37/><U48/><E115/><V95/><F75/><W88/><G116/><T21/><D132/><U98/><E6/><V81/><F105/><W67/><G117/><T130/><D130/><U127/><E127/><V10/><F111/><N who="3" m="42539" /><G26/><T46/><D46/><U133/><E133/><V82/><F134/><W27/><G44/><T119/><D7/><U89/><E42/><V76/><F41/><W101/><G101/><T54/><D119/><U120/><E120/><V100/><F100/><W24/><G24/><T80/><REACH who="0" step="1"/><D68/><REACH who="0" ten="240,250,250,250" step="2"/><U19/><E33/><V123/><F38/><W12/><G27/><T78/><D78/><U90/><E25/><V113/><F28/><W96/><G18/><T94/><D94/><U51/><E19/><V112/><F113/><W121/><G121/><T77/><D77/><U36/><E29/><V31/><F31/><W122/><G122/><T71/><D71/><U70/><E70/><V65/><F112/><W59/><G59/><AGARI ba="0,1" hai="3,5,11,20,21,22,54,59,61,79,80,86,102,103" machi="59" ten="40,3900,0" yaku="1,1,52,1,53,0" doraHai="49" doraHaiUra="124" who="0" fromWho="3" sc="240,49,250,0,250,0,250,-39" /><INIT seed="0,1,0,4,3,24" ten="289,250,250,211" oya="0" hai0="42,66,120,51,76,125,64,59,134,119,38,129,101" hai1="133,35,100,89,130,18,78,71,61,14,93,16,28" hai2="11,67,97,73,86,21,121,54,7,29,33,65,57" hai3="36,55,105,113,118,98,102,114,34,23,115,19,44"/><T70/><D119/><U85/><E130/><V41/><F121/><W83/><G118/><T107/><D120/><U91/><E133/><V63/><F73/><W2/><G2/><T81/><D129/><U26/><E78/><V96/><F33/><W25/><G34/><T17/><D125/><U80/><E100/><V20/><F41/><W131/><G131/><T45/><D70/><U75/><E75/><V4/><F86/><W30/><G83/><T5/><D134/><U40/><E40/><V94/><F96/><W122/><G122/><T124/><D124/><U58/><E71/><V68/><F68/><W79/><G79/><T132/><D132/><U53/><REACH who="1" step="1"/><E14/><REACH who="1" ten="289,240,250,211" step="2"/><V52/><F67/><W117/><G117/><T46/><D101/><U49/><E49/><V95/><F65/><W127/><G127/><T109/><D66/><U108/><E108/><V56/><F54/><W37/><G37/><T87/><D109/><U126/><E126/><V9/><F52/><W31/><REACH who="3" step="1"/><G55/><REACH who="3" ten="289,240,250,201" step="2"/><T60/><D38/><U106/><E106/><V110/><F110/><W43/><AGARI ba="1,2" hai="19,23,25,30,31,36,43,44,98,102,105,113,114,115" machi="43" ten="40,12000,2" yaku="1,1,2,1,0,1,52,2,53,1" doraHai="24" doraHaiUra="103" who="3" fromWho="3" sc="289,-61,240,-31,250,-31,201,143" /><INIT seed="1,0,0,4,0,42" ten="228,209,219,344" oya="1" hai0="121,96,77,124,32,76,53,98,18,67,49,13,127" hai1="95,91,105,80,66,40,15,118,102,58,38,89,75" hai2="54,20,123,24,26,19,83,0,74,109,14,131,8" hai3="45,117,21,34,23,73,47,16,85,107,10,132,9"/><U93/><E118/><V70/><F70/><W81/><G117/><T108/><D32/><U35/><E35/><V125/><F123/><W41/><G34/><T134/><D67/><U130/><E130/><V100/><F100/><W4/><G73/><T25/><D25/><U28/><E28/><V50/><F131/><W103/><G132/><T90/><D108/><U2/><E2/><V122/><F122/><W65/><G107/><T62/><D62/><U37/><E105/><V133/><F109/><W104/><G104/><T57/><D134/><U94/><E102/><V78/><F125/><N who="0" m="48202" /><D121/><U128/><E128/><V69/><F69/><W36/><G103/><T56/><D56/><U129/><E129/><V3/><F133/><W68/><G23/><N who="0" m="11727" /><D90/><U112/><E112/><V61/><F61/><W79/><G4/><T126/><D126/><U1/><E1/><V30/><REACH who="2" step="1"/><F24/><REACH who="2" ten="228,209,209,344" step="2"/><W72/><G68/><T101/><D101/><U27/><E27/><V114/><F114/><W115/><G115/><T29/><D29/><U84/><E75/><V48/><F48/><W111/><G111/><T39/><D39/><U60/><E38/><V120/><F120/><W82/><G36/><T116/><D116/><U31/><E37/><V110/><F110/><W119/><G72/><T5/><D5/><U22/><E60/><V71/><F71/><W44/><G119/><T63/><D63/><U51/><E51/><V33/><F33/><W135/><G135/><T87/><D77/><U17/><E66/><V43/><F43/><W12/><G41/><T59/><D59/><AGARI ba="0,1" hai="0,3,8,14,19,20,26,30,50,54,59,74,78,83" machi="59" ten="30,3900,0" yaku="1,1,7,1,53,1" doraHai="42" doraHaiUra="11" who="2" fromWho="0" sc="228,-39,209,0,209,49,344,0" /><INIT seed="2,0,0,0,0,12" ten="189,209,258,344" oya="2" hai0="23,24,68,42,65,63,91,30,62,104,46,118,121" hai1="0,20,99,52,80,79,66,44,70,3,94,38,10" hai2="37,71,129,101,126,4,107,53,123,54,106,77,75" hai3="102,115,21,117,35,130,43,33,9,76,97,41,13"/><V7/><F123/><W19/><G117/><T56/><D118/><U111/><E111/><V81/><F71/><W64/><G130/><T134/><D134/><U127/><E127/><V58/><F126/><W51/><G115/><T116/><D116/><U34/><E34/><V67/><F129/><W36/><G36/><T105/><D91/><U122/><E122/><V100/><F37/><W82/><G64/><T109/><D109/><U132/><E132/><V98/><F67/><W16/><G35/><T26/><D121/><U61/><E20/><V5/><REACH who="2" step="1"/><F58/><REACH who="2" ten="189,209,248,344" step="2"/><W32/><G32/><T125/><D125/><U39/><E39/><V92/><F92/><N who="3" m="58663" /><G33/><T17/><D68/><U72/><E38/><V128/><F128/><W49/><G82/><T86/><D65/><U83/><E83/><V110/><F110/><W31/><G76/><T89/><D56/><U112/><E112/><V69/><F69/><W18/><G31/><T40/><D30/><U1/><E44/><V29/><F29/><W47/><G21/><T95/><D23/><U85/><E10/><V60/><F60/><W45/><AGARI ba="0,1" hai="9,13,16,18,19,41,43,45,47,49,51" m="58663" machi="45" ten="30,8000,1" yaku="8,1,52,3,54,1" doraHai="12" who="3" fromWho="3" sc="189,-20,209,-20,248,-40,344,90" /><INIT seed="3,0,0,3,1,40" ten="169,189,208,434" oya="3" hai0="96,68,56,52,61,34,78,74,73,79,133,85,118" hai1="60,99,63,125,117,132,53,49,46,119,130,126,22" hai2="86,107,7,120,90,100,27,16,94,51,82,17,29" hai3="57,10,103,19,104,31,35,75,9,66,129,12,128"/><W88/><G75/><T110/><D118/><N who="1" m="45067" /><E22/><V15/><F120/><W0/><G103/><T45/><D34/><U87/><E87/><V50/><F107/><W62/><G104/><T28/><D28/><U25/><E25/><V89/><F100/><W101/><G101/><T71/><D96/><U2/><E99/><V122/><F122/><W42/><G31/><T47/><D85/><U92/><E92/><V95/><F7/><W58/><G35/><T59/><D61/><N who="1" m="23627" /><E2/><V32/><F17/><W33/><G19/><T14/><D14/><U23/><E23/><V81/><F81/><W5/><G88/><T44/><D52/><U80/><E80/><V4/><F4/><W115/><G33/><T1/><D1/><U93/><E93/><V26/><F26/><W112/><G12/><T70/><D110/><U8/><E8/><V48/><REACH who="2" step="1"/><F90/><REACH who="2" ten="169,189,198,434" step="2"/><W114/><G5/><T109/><D109/><U64/><E64/><V20/><AGARI ba="0,1" hai="15,16,20,27,29,32,48,50,51,82,86,89,94,95" machi="20" ten="30,7900,0" yaku="1,1,2,1,0,1,54,1,53,0" doraHai="40" doraHaiUra="39" who="2" fromWho="2" sc="169,-20,189,-20,198,89,434,-39" /><INIT seed="4,0,0,1,4,99" ten="149,169,287,395" oya="0" hai0="118,96,69,67,114,6,108,18,27,87,37,53,112" hai1="126,110,33,80,117,31,121,82,98,74,83,73,0" hai2="35,5,109,49,42,102,22,12,130,97,124,100,3" hai3="8,1,58,65,28,95,60,107,127,77,25,23,89"/><T43/><D118/><U19/><E110/><V134/><F109/><W59/><G107/><T26/><D108/><U20/><E117/><V50/><F35/><W111/><G111/><T113/><D6/><U10/><E121/><V41/><F3/><W52/><G127/><T94/><D87/><U34/><E126/><V55/><F124/><W135/><G135/><T71/><D53/><U133/><E133/><V72/><F72/><W92/><G77/><T79/><D79/><U11/><E31/><V85/><F130/><W68/><G68/><N who="0" m="26187" /><D67/><U64/><E64/><V45/><F134/><W106/><G106/><T38/><D43/><N who="2" m="16394" /><F97/><W122/><G122/><T57/><D57/><U2/><E98/><V15/><F50/><N who="3" m="30999" /><G1/><N who="1" m="618" /><E19/><N who="2" m="10599" /><F85/><N who="3" m="52271" /><G95/><T47/><D47/><U56/><E56/><V101/><F15/><W90/><G90/><N who="0" m="55383" /><D18/><U29/><E29/><V66/><F66/><W81/><G59/><T91/><D91/><U86/><E20/><V116/><F116/><W129/><G65/><T78/><D78/><U39/><E39/><AGARI ba="0,0" hai="26,27,37,38,39,112,113,114" m="55383,26187" machi="39" ten="40,2000,0" yaku="15,1" doraHai="99" who="0" fromWho="1" sc="149,20,169,-20,287,0,395,0" /><INIT seed="4,1,0,4,0,44" ten="169,149,287,395" oya="0" hai0="5,71,127,51,54,35,31,81,113,133,135,97,9" hai1="63,42,79,102,100,38,82,1,7,29,121,48,89" hai2="14,25,52,61,45,107,87,115,53,120,108,104,103" hai3="15,93,95,30,105,124,19,32,50,110,17,101,112"/><T85/><D71/><U84/><E121/><V68/><F120/><W49/><G110/><T90/><D113/><U76/><E38/><V86/><F108/><W16/><G112/><T72/><D127/><U23/><E1/><V96/><F115/><W99/><G124/><T24/><D72/><U106/><E7/><V74/><F74/><W80/><G32/><T11/><D97/><U109/><E109/><V129/><F107/><W21/><G105/><T46/><REACH who="0" step="1"/><D9/><REACH who="0" ten="159,149,287,395" step="2"/><U57/><E106/><V70/><F68/><W67/><G99/><T66/><D66/><N who="1" m="39279" /><E102/><V91/><F70/><W77/><G67/><T65/><D65/><U43/><E100/><V60/><F103/><W98/><G98/><T56/><D56/><U132/><E132/><V123/><F96/><W58/><G101/><T28/><D28/><U59/><E29/><V78/><F104/><W2/><G58/><T3/><AGARI ba="1,1" hai="3,5,11,24,31,35,46,51,54,81,85,90,133,135" machi="3" ten="30,6000,0" yaku="1,1,0,1,52,1,53,0" doraHai="44" doraHaiUra="18" who="0" fromWho="0" sc="159,73,149,-21,287,-21,395,-21" /><INIT seed="4,2,0,3,3,46" ten="232,128,266,374" oya="0" hai0="100,97,10,24,135,131,126,36,14,47,56,45,133" hai1="59,114,27,67,104,30,73,94,64,65,50,31,112" hai2="134,51,95,81,70,101,55,52,3,132,66,49,18" hai3="93,74,5,98,127,7,76,87,88,120,44,115,42"/><T58/><D24/><U71/><E104/><V8/><F81/><N who="3" m="47527" /><G74/><T0/><D0/><U38/><E38/><V62/><F101/><W108/><G108/><T11/><D131/><U110/><E110/><V12/><F95/><W1/><G1/><T57/><D126/><U79/><E71/><V119/><F119/><W123/><G115/><N who="1" m="44074" /><E94/><V43/><F3/><W122/><G127/><T124/><D124/><U16/><E79/><V19/><F19/><W106/><G106/><N who="0" m="63759" /><D36/><AGARI ba="2,0" hai="5,7,36,42,44,88,93,98,120,122,123" m="47527" machi="36" ten="30,2000,0" yaku="13,1,54,1" doraHai="46" who="3" fromWho="0" sc="232,-26,128,0,266,0,374,26" /><INIT seed="5,0,0,0,4,52" ten="206,128,266,400" oya="1" hai0="35,43,56,36,68,50,70,117,99,80,112,79,76" hai1="119,94,39,77,61,59,100,87,55,60,2,58,118" hai2="32,40,29,33,104,54,101,103,132,130,65,69,48" hai3="84,93,37,91,74,25,88,24,22,34,11,128,95"/><U14/><E2/><V17/><F40/><W82/><G37/><T134/><D117/><U67/><E39/><V85/><F130/><W114/><G128/><T116/><D116/><U97/><REACH who="1" step="1"/><E14/><REACH who="1" ten="206,118,266,400" step="2"/><V127/><F132/><W124/><G124/><T38/><D134/><U111/><E111/><V12/><F127/><W28/><G114/><T20/><D112/><U16/><E16/><V64/><F12/><W120/><G120/><T18/><D36/><U30/><E30/><V75/><F17/><W78/><G28/><T44/><D38/><U72/><E72/><V6/><F29/><W1/><G74/><T5/><D5/><U121/><E121/><V135/><F75/><W110/><G110/><T106/><D18/><U3/><E3/><V27/><F6/><W83/><G1/><T98/><D70/><U31/><E31/><V66/><F69/><W15/><G15/><T51/><D68/><U73/><E73/><V57/><F135/><W62/><G25/><T53/><D35/><U109/><E109/><V126/><F126/><W113/><G24/><T102/><D20/><U10/><E10/><V115/><F115/><W42/><G34/><T108/><D108/><U125/><E125/><V19/><F32/><W26/><G113/><T131/><D131/><U4/><E4/><V7/><F7/><W9/><G26/><T46/><D79/><U71/><E71/><V107/><F33/><W8/><G78/><T96/><D46/><U86/><E86/><AGARI ba="0,1" hai="43,44,50,51,53,56,76,80,86,96,98,99,102,106" machi="86" ten="30,2000,0" yaku="7,1,52,1" doraHai="52" who="0" fromWho="1" sc="206,30,118,-20,266,0,400,0" /><INIT seed="6,0,0,4,1,76" ten="236,98,266,400" oya="2" hai0="33,103,92,122,94,5,19,44,42,10,134,26,55" hai1="107,64,23,15,72,24,91,88,123,32,14,13,53" hai2="9,2,118,58,86,20,0,78,114,106,12,73,68" hai3="108,7,59,80,129,27,82,62,25,31,100,16,105"/><V133/><F118/><W34/><G108/><T119/><D122/><U75/><E107/><V130/><F68/><W51/><G129/><T46/><D119/><U63/><E32/><V54/><F106/><W77/><G7/><T85/><D134/><U35/><E35/><V18/><F130/><W36/><G36/><T21/><D33/><U116/><E116/><V61/><F114/><W3/><G3/><T109/><D109/><U47/><E123/><V52/><F73/><W37/><G37/><T135/><D135/><U1/><E1/><V104/><F104/><W40/><G100/><T71/><D71/><U121/><E121/><V90/><F78/><W79/><G105/><T96/><D55/><U45/><E75/><V132/><F132/><W6/><G6/><T28/><D28/><U49/><E47/><V22/><F133/><W74/><G51/><T124/><D124/><U60/><E72/><V99/><F99/><W126/><G40/><T98/><D85/><U48/><E48/><V38/><F38/><W110/><G126/><T4/><D42/><U17/><REACH who="1" step="1"/><E63/><REACH who="1" ten="236,88,266,400" step="2"/><N who="2" m="36295" /><F2/><W111/><G74/><T30/><D46/><U70/><AGARI ba="0,1" hai="13,14,15,17,23,24,45,49,53,60,64,70,88,91" machi="70" ten="30,4000,0" yaku="1,1,0,1,54,1,53,0" doraHai="76" doraHaiUra="93" who="1" fromWho="1" sc="236,-10,88,50,266,-20,400,-10" /><INIT seed="7,0,0,3,0,71" ten="226,138,246,390" oya="3" hai0="123,128,10,73,106,108,41,8,29,59,18,5,16" hai1="64,46,118,95,130,87,60,85,12,109,65,58,111" hai2="80,135,42,78,117,50,6,119,9,23,37,98,52" hai3="86,113,4,70,79,39,66,20,120,90,96,92,7"/><W63/><G39/><T22/><D108/><U126/><E130/><V99/><F135/><W40/><G40/><T13/><D123/><U91/><E126/><V15/><F42/><W104/><G120/><T11/><D106/><U69/><E118/><V47/><F37/><W127/><G127/><T129/><D73/><U35/><E35/><V116/><REACH who="2" step="1"/><F23/><REACH who="2" ten="226,138,236,390" step="2"/><W44/><G20/><T103/><D41/><U125/><E125/><V131/><F131/><N who="0" m="50250" /><D103/><U62/><E111/><V24/><F24/><W21/><G21/><N who="0" m="11407" /><D59/><U89/><E109/><V112/><F112/><W26/><G113/><T49/><D49/><U2/><E2/><V121/><F121/><W34/><G26/><N who="0" m="14679" /><D29/><U19/><E46/><V100/><F100/><W54/><G34/><T61/><D61/><U122/><E122/><V72/><AGARI ba="0,1" hai="6,9,15,47,50,52,72,78,80,98,99,116,117,119" machi="72" ten="30,7900,0" yaku="1,1,0,1,54,1,53,1" doraHai="71" doraHaiUra="75" who="2" fromWho="2" sc="226,-20,138,-20,236,89,390,-39" owari="206,-19.4,118,-38.2,325,12.5,351,45.1" /></mjloggm>