<mjloggm ver="2.3"><GO type="225" lobby="0"/><UN n0="%E3%81%8B%E3%82%8F%E3%81%A1%E3%82%83%E3%82%93%35%38" n1="%E3%81%82%E3%81%84%E3%81%82%E3%81%8A%E3%81%84" n2="%E3%82%A4%E3%83%BC%E3%82%B1%E3%83%97%E3%83%A9" n3="%E6%A1%9C%E8%8A%B1%E9%96%83%E3%80%85" dan="16,18,17,16" rate="2128.60,2251.12,2157.01,2230.08" sx="M,M,M,M"/><TAIKYOKU oya="0"/><INIT seed="0,0,0,0,3,96" ten="250,250,250,250" oya="0" hai0="97,29,82,86,39,27,51,5,26,10,21,110,87" hai1="92,34,54,70,58,36,107,120,123,113,109,80,73" hai2="128,33,69,68,78,101,102,59,1,134,76,28,131" hai3="125,100,133,23,104,44,46,17,32,35,74,6,41"/><T118/><D118/><U50/><E107/><V67/><F1/><W98/><G125/><T2/><D110/><U71/><E34/><V52/><F134/><W84/><G74/><T122/><D122/><U61/><E73/><V85/><F28/><W13/><G133/><T64/><D39/><U16/><E80/><N who="2" m="47239" /><F67/><W14/><G84/><T77/><D64/><U0/><E0/><V3/><F78/><W108/><G108/><T12/><D86/><U91/><E36/><V55/><F3/><W130/><G130/><N who="2" m="49705" /><F33/><W114/><G114/><T105/><D2/><U117/><E109/><V121/><F121/><W63/><G63/><T106/><D97/><U132/><E113/><V119/><F119/><W112/><G112/><T116/><D116/><U49/><E132/><V89/><F89/><W75/><G75/><T9/><D9/><U38/><E117/><V127/><F127/><W88/><G88/><T72/><D72/><U62/><E91/><V48/><F55/><W25/><G44/><T43/><D27/><U124/><E124/><V135/><F135/><W37/><REACH who="3" step="1"/><G25/><REACH who="3" ten="250,250,250,240" step="2"/><T129/><D129/><U31/><E123/><V66/><F66/><W83/><G83/><T47/><AGARI ba="0,1" hai="5,10,12,21,26,29,43,47,51,77,82,87,105,106" machi="47" ten="30,6000,0" yaku="0,1,25,2" doraHai="96" who="0" fromWho="0" sc="250,70,250,-20,250,-20,240,-20" /><INIT seed="0,1,0,5,5,86" ten="320,230,230,220" oya="0" hai0="30,88,116,89,64,16,46,101,35,43,90,82,17" hai1="135,103,70,8,62,127,11,73,53,34,96,23,41" hai2="75,115,63,25,38,102,52,134,24,80,92,18,107" hai3="65,81,100,74,32,2,49,114,55,126,121,123,113"/><T69/><D116/><U15/><E73/><V91/><F115/><W39/><G2/><T71/><D101/><U122/><E122/><N who="3" m="46602" /><G32/><T110/><D110/><U56/><E34/><V19/><F38/><W36/><G100/><T22/><D82/><U50/><E127/><V83/><F134/><W58/><G126/><T12/><D64/><U77/><E77/><V131/><F131/><W44/><G81/><N who="2" m="31305" /><F102/><W133/><G74/><T95/><D95/><U14/><E135/><V67/><F67/><W129/><G133/><T5/><D5/><U33/><E33/><V111/><F107/><W1/><G1/><T26/><REACH who="0" step="1"/><D17/><REACH who="0" ten="310,230,230,220" step="2"/><N who="2" m="6154" /><F75/><W37/><G129/><T3/><D3/><U84/><E103/><V108/><F108/><W98/><G98/><T9/><D9/><U125/><E96/><N who="2" m="57375" /><F111/><W20/><G20/><T109/><D109/><U119/><E23/><V59/><AGARI ba="1,1" hai="24,25,52,59,63" m="57375,6154,31305" machi="59" ten="30,4000,0" yaku="8,1,52,1,54,1" doraHai="86" who="2" fromWho="2" sc="310,-21,230,-11,230,53,220,-11" /><INIT seed="1,0,0,0,0,26" ten="289,219,283,209" oya="1" hai0="92,50,46,124,98,111,37,6,15,4,99,51,93" hai1="133,135,127,53,88,95,38,30,33,19,75,24,84" hai2="42,54,21,134,66,100,109,61,60,47,129,68,13" hai3="57,91,113,94,49,105,131,52,34,65,103,70,87"/><U86/><E75/><V77/><F109/><W62/><G131/><T106/><D106/><U79/><E38/><V9/><F129/><W10/><G113/><T67/><D37/><U119/><E119/><V130/><F130/><W1/><G34/><T41/><D111/><U16/><E127/><V39/><F134/><N who="1" m="51209" /><E53/><V40/><F40/><W69/><G69/><T17/><D67/><U3/><E3/><V107/><F77/><W126/><G126/><T83/><D83/><AGARI ba="0,0" hai="16,19,24,30,33,79,83,84,86,88,95" m="51209" machi="83" ten="30,11600,0" yaku="20,1,52,1,54,2" doraHai="26" who="1" fromWho="0" sc="289,-116,219,116,283,0,209,0" /><INIT seed="1,1,0,2,5,85" ten="173,335,283,209" oya="1" hai0="4,56,61,75,125,43,87,135,108,132,8,89,53" hai1="90,121,48,76,77,14,13,45,102,65,35,114,36" hai2="2,104,128,17,103,106,29,26,25,50,74,33,9" hai3="10,113,110,64,105,82,16,97,73,68,81,42,123"/><U120/><E114/><V0/><F74/><W11/><G113/><T7/><D75/><U78/><E35/><V83/><F128/><W1/><G123/><T133/><D108/><U47/><E102/><V134/><F134/><W46/><G110/><T93/><D125/><U115/><E115/><V95/><F83/><W66/><G105/><T58/><D43/><U109/><E109/><V3/><F50/><W5/><G97/><T131/><D131/><U72/><E72/><V37/><F37/><N who="3" m="21839" /><G82/><T40/><D40/><U122/><E36/><V44/><F44/><W15/><G68/><T38/><D38/><U91/><E65/><V119/><F119/><W92/><G92/><T88/><D8/><U94/><E94/><V118/><F118/><W71/><G71/><T27/><D27/><U12/><REACH who="1" step="1"/><E47/><REACH who="1" ten="173,325,283,209" step="2"/><V55/><F95/><W59/><G59/><T34/><D34/><U129/><E129/><V84/><F103/><W24/><G24/><T28/><D28/><U111/><E111/><V96/><F26/><W20/><G20/><T130/><D130/><U98/><E98/><V23/><F96/><W51/><G51/><N who="0" m="30783" /><D89/><U31/><E31/><V6/><F104/><W70/><G70/><T41/><D41/><AGARI ba="1,1" hai="12,13,14,41,45,48,76,77,78,90,91,120,121,122" machi="41" ten="50,12000,1" yaku="1,1,29,2,52,2,53,0" doraHai="85" doraHaiUra="124" who="1" fromWho="0" sc="173,-123,325,133,283,0,209,0" /><INIT seed="1,2,0,2,1,120" ten="50,458,283,209" oya="1" hai0="22,88,100,56,95,87,93,71,122,36,38,17,123" hai1="41,115,61,0,54,109,29,63,79,105,99,85,110" hai2="73,67,90,33,108,32,103,135,127,76,84,78,43" hai3="91,15,34,4,46,89,96,13,92,133,9,82,66"/><U117/><E115/><V112/><F112/><W69/><G133/><T77/><D71/><U11/><E117/><V125/><F135/><W58/><G34/><N who="2" m="13417" /><F67/><W80/><G69/><T7/><D7/><N who="1" m="1511" /><E29/><V19/><F43/><W20/><G46/><T111/><D77/><N who="2" m="29802" /><F73/><W97/><G20/><T1/><D1/><U57/><E41/><V106/><F19/><W23/><G23/><T48/><D100/><N who="1" m="62623" /><E79/><V40/><F40/><W72/><G15/><T12/><D95/><U53/><E85/><V64/><F64/><W10/><G10/><T60/><D60/><N who="1" m="35887" /><E54/><V124/><F103/><W3/><G3/><T52/><REACH who="0" step="1"/><D111/><AGARI ba="2,0" hai="61,63,109,110,111" m="35887,62623,1511" machi="111" ten="30,12000,1" yaku="14,1,10,1,52,3" doraHai="120" who="1" fromWho="0" sc="50,-126,458,126,283,0,209,0" owari="-76,-57.6,584,68.4,283,8.3,209,-19.1" /></mjloggm>