<mjloggm ver="2.3"><GO type="169" lobby="0"/><UN n0="%E3%81%A1%E3%81%AA%E3%81%A4" n1="%E3%81%A8%E3%81%B3%E3%81%BE%E3%81%93" n2="%4D%73%75%7A%75%74%6F" n3="%E6%A2%85%E8%8E%89" dan="17,16,16,18" rate="2188.21,2177.71,2182.87,2241.35" sx="M,M,M,F"/><TAIKYOKU oya="0"/><INIT seed="0,0,0,4,2,37" ten="250,250,250,250" oya="0" hai0="97,17,94,122,42,107,88,10,133,93,83,59,25" hai1="135,125,60,111,54,90,57,29,26,23,69,12,68" hai2="103,80,99,45,43,52,100,32,16,118,112,95,77" hai3="131,84,48,109,24,30,41,86,50,46,74,123,82"/><T27/><D122/><U0/><E0/><V19/><F112/><W115/><G115/><T130/><D107/><U9/><E111/><V7/><F32/><W110/><G123/><T14/><D130/><U81/><E125/><V101/><F7/><W120/><G120/><T40/><D133/><U89/><E135/><V21/><F118/><W51/><G131/><T91/><D83/><U2/><E2/><V35/><F35/><W18/><G18/><T105/><D105/><U108/><E108/><N who="3" m="41578" /><G74/><T28/><D59/><U4/><REACH who="1" step="1"/><E81/><REACH who="1" ten="250,240,250,250" step="2"/><V1/><F1/><W44/><G82/><T31/><D31/><U63/><E63/><V128/><F128/><W129/><G129/><T67/><D67/><U124/><E124/><V36/><F52/><N who="3" m="29703" /><G51/><T75/><D75/><U38/><E38/><V79/><F79/><W87/><G87/><N who="0" m="52383" /><D28/><U39/><E39/><V5/><F5/><W85/><G85/><T117/><D117/><U11/><E11/><V76/><F19/><W104/><G104/><T119/><D119/><U126/><E126/><V70/><F70/><AGARI ba="0,1" hai="4,9,12,23,26,29,54,57,60,68,69,70,89,90" machi="70" ten="40,1300,0" yaku="1,1,53,0" doraHai="37" doraHaiUra="96" who="1" fromWho="2" sc="250,0,240,23,250,-13,250,0" /><INIT seed="1,0,0,4,0,132" ten="250,263,237,250" oya="1" hai0="49,126,48,74,6,64,78,116,92,131,128,7,25" hai1="12,24,39,13,17,102,45,1,9,105,38,79,117" hai2="50,91,88,19,73,76,133,32,3,16,56,104,89" hai3="14,26,80,130,75,11,129,67,54,63,27,34,58"/><U65/><E117/><V40/><F104/><W110/><G110/><T90/><D116/><U77/><E1/><V59/><F3/><W4/><G34/><T36/><D36/><U62/><E24/><V96/><F32/><W121/><G121/><T72/><D64/><U103/><E105/><V97/><F133/><W109/><G109/><T60/><D60/><U83/><E45/><N who="2" m="25895" /><F76/><N who="3" m="44063" /><G67/><T0/><D25/><U70/><E39/><V33/><F73/><N who="0" m="28266" /><D78/><U94/><E77/><V118/><F33/><W42/><G42/><T113/><D113/><U107/><E107/><V18/><F118/><W115/><G115/><T120/><D120/><U98/><E38/><V20/><F20/><W100/><G100/><T61/><D61/><U108/><E108/><V52/><F59/><W95/><G95/><T66/><D66/><U23/><E103/><V125/><F125/><W29/><G29/><T57/><D126/><U69/><E70/><V44/><F44/><W135/><G135/><T53/><D49/><AGARI ba="0,0" hai="16,18,19,49,52,56,88,89,91,96,97" m="25895" machi="49" ten="30,7700,0" yaku="8,1,54,3" doraHai="132" who="2" fromWho="0" sc="250,-77,263,0,237,77,250,0" /><INIT seed="2,0,0,5,2,101" ten="173,263,314,250" oya="2" hai0="31,1,73,17,21,130,28,104,86,66,47,95,105" hai1="59,50,35,54,43,96,89,56,117,97,16,3,108" hai2="22,36,26,100,12,69,132,83,37,71,122,24,102" hai3="92,33,128,0,60,120,67,53,41,51,76,119,98"/><V14/><F122/><W111/><G119/><T61/><D73/><U32/><E3/><V52/><F132/><W125/><G120/><T23/><D1/><U45/><E108/><V57/><F83/><W116/><G116/><T121/><D121/><U115/><E115/><V114/><F22/><W110/><G0/><T133/><D47/><U80/><E117/><V65/><F65/><W4/><G33/><T58/><D133/><U82/><E56/><V55/><REACH who="2" step="1"/><F57/><REACH who="2" ten="173,263,304,250" step="2"/><W88/><G67/><T27/><D130/><U34/><E80/><V6/><F6/><W78/><G4/><T127/><D127/><U13/><E35/><V48/><F48/><W25/><G125/><T38/><D38/><U10/><E34/><V103/><F103/><W112/><G128/><T2/><D2/><U124/><E32/><V94/><F94/><W49/><G49/><T77/><D31/><U11/><E124/><V123/><F123/><W81/><G81/><T44/><D44/><U84/><REACH who="1" step="1"/><E11/><REACH who="1" ten="173,253,304,250" step="2"/><V63/><F63/><AGARI ba="0,2" hai="10,13,16,43,45,50,54,59,63,82,84,89,96,97" machi="63" ten="30,8000,1" yaku="1,1,2,1,7,1,8,1,54,1,53,0" doraHai="101" doraHaiUra="74" who="1" fromWho="2" sc="173,0,253,100,304,-80,250,0" /><INIT seed="3,0,0,4,2,67" ten="173,353,224,250" oya="3" hai0="90,73,94,127,2,39,109,30,46,108,8,112,10" hai1="66,119,85,44,21,15,118,103,131,86,97,17,64" hai2="126,49,22,72,28,9,19,114,51,54,11,135,110" hai3="33,129,69,123,4,78,124,18,1,37,45,105,102"/><W80/><G123/><T53/><D73/><U92/><E131/><V14/><F114/><W101/><G129/><T106/><D106/><U74/><E74/><V42/><F110/><W40/><G124/><T34/><D112/><U79/><E44/><V25/><F135/><W68/><G18/><T20/><D127/><U125/><E125/><V50/><F72/><N who="3" m="43079" /><G33/><T130/><D34/><U35/><E35/><V61/><F126/><W93/><G93/><T43/><D130/><U104/><E104/><V84/><F42/><W3/><G3/><T47/><D30/><U128/><E128/><V52/><F84/><N who="1" m="32361" /><E79/><V57/><REACH who="2" step="1"/><F9/><REACH who="2" ten="173,353,214,250" step="2"/><N who="3" m="2191" /><G105/><T81/><D8/><U7/><E119/><V75/><F75/><W120/><G120/><T65/><D10/><N who="1" m="4575" /><E118/><V26/><F26/><AGARI ba="0,1" hai="17,21,26,64,66,92,97,103" m="4575,32361" machi="26" ten="30,1000,0" yaku="8,1" doraHai="67" who="1" fromWho="2" sc="173,0,353,20,214,-10,250,0" /><INIT seed="4,0,0,0,1,24" ten="173,373,204,250" oya="0" hai0="74,7,34,84,28,66,46,117,81,102,131,104,18" hai1="87,43,95,99,22,98,78,108,69,92,49,132,109" hai2="111,1,112,56,23,105,44,88,5,96,124,37,45" hai3="82,59,122,30,50,85,97,65,57,29,120,20,115"/><T101/><D117/><U114/><E69/><V19/><F111/><W68/><G115/><T106/><D74/><U8/><E114/><V54/><F124/><W13/><G97/><T76/><D7/><U27/><E8/><V4/><F112/><W100/><G100/><T40/><D66/><U61/><E132/><V26/><F105/><W12/><G50/><T94/><D131/><U32/><E32/><V35/><F35/><W110/><G110/><T134/><D134/><U67/><E109/><V48/><F1/><W121/><G68/><T116/><D116/><U89/><E78/><V41/><F44/><W52/><G65/><T36/><D18/><U31/><E108/><V2/><F2/><W63/><G57/><T42/><D40/><U113/><E113/><V25/><F25/><N who="3" m="16551" /><G30/><T53/><D53/><U103/><E49/><V60/><F37/><W73/><G73/><T130/><D130/><U10/><E10/><V64/><F64/><W17/><G17/><T58/><D58/><N who="1" m="37303" /><E43/><V55/><F41/><W16/><G16/><T123/><D123/><U80/><E99/><V72/><F72/><W129/><G129/><T77/><D77/><AGARI ba="0,0" hai="12,13,52,59,63,77,82,85,120,121,122" m="16551" machi="77" ten="30,3900,0" yaku="13,1,52,1,54,1" doraHai="24" who="3" fromWho="0" sc="173,-39,373,0,204,0,250,39" /><INIT seed="5,0,0,3,3,80" ten="134,373,204,289" oya="1" hai0="90,115,131,71,18,122,134,52,93,4,29,64,40" hai1="97,8,50,19,44,74,91,86,109,95,87,41,114" hai2="53,110,45,89,32,84,129,135,82,36,10,59,128" hai3="66,76,121,11,102,0,111,106,28,73,5,21,27"/><U38/><E114/><V133/><F110/><W16/><G111/><T56/><D115/><U65/><E74/><V124/><F32/><W13/><G121/><T130/><D40/><U81/><E109/><V39/><F10/><W119/><G119/><T17/><D4/><U78/><E65/><V31/><F31/><W3/><G66/><T94/><D29/><U126/><E126/><V85/><F124/><W9/><G76/><T83/><D83/><U35/><E35/><V24/><F24/><N who="3" m="14375" /><G73/><T12/><D122/><U20/><E8/><N who="3" m="3146" /><G102/><T100/><D134/><N who="2" m="51210" /><F45/><W67/><G67/><T25/><D25/><U58/><E58/><V77/><F36/><W107/><G107/><T72/><D72/><U132/><E132/><V57/><F39/><W6/><G13/><T55/><D100/><U79/><E38/><V118/><F118/><W30/><G106/><T69/><D64/><U88/><E97/><V123/><F123/><W98/><G98/><T99/><D12/><AGARI ba="0,0" hai="12,19,20,41,44,50,78,79,81,86,87,88,91,95" machi="12" ten="30,12000,1" yaku="7,1,8,1,52,2,54,1" doraHai="80" who="1" fromWho="0" sc="134,-120,373,120,204,0,289,0" /><INIT seed="5,1,0,5,3,117" ten="14,493,204,289" oya="1" hai0="37,99,8,78,105,53,39,91,48,27,3,21,30" hai1="112,129,133,0,35,71,80,10,18,118,113,124,86" hai2="100,11,111,89,81,51,50,45,110,135,44,64,126" hai3="66,2,74,32,73,131,83,97,82,17,15,77,54"/><U41/><E71/><V122/><F126/><W25/><G2/><T1/><D78/><U61/><E41/><V56/><F135/><W134/><G134/><T12/><D1/><U6/><E133/><V127/><F127/><W26/><G131/><T20/><D3/><U116/><E124/><V16/><F100/><W29/><G66/><T119/><D119/><N who="1" m="45611" /><E86/><V87/><F122/><W106/><G25/><T70/><D70/><U132/><E61/><N who="2" m="37927" /><F111/><W58/><G97/><T102/><D21/><U72/><E80/><V55/><F110/><W120/><G106/><T79/><D91/><U125/><E72/><V84/><F84/><W62/><G82/><T63/><D79/><U43/><E43/><V109/><F109/><W90/><G90/><T67/><D48/><N who="2" m="18474" /><F55/><W65/><G54/><T68/><REACH who="0" step="1"/><D53/><REACH who="0" ten="4,493,204,289" step="2"/><U33/><E125/><V95/><F81/><W107/><G73/><T34/><D34/><U104/><E132/><V31/><F31/><W19/><G29/><T4/><AGARI ba="1,1" hai="4,8,12,20,27,30,37,39,63,67,68,99,102,105" machi="4" ten="20,5200,0" yaku="1,1,0,1,7,1,53,1" doraHai="117" doraHaiUra="60" who="0" fromWho="0" sc="4,65,493,-27,204,-14,289,-14" /><INIT seed="6,0,0,0,1,23" ten="69,466,190,275" oya="2" hai0="91,62,31,132,51,112,9,129,122,41,65,105,95" hai1="40,2,16,76,60,81,27,20,104,19,68,134,119" hai2="92,127,21,103,4,101,102,85,80,6,89,113,59" hai3="48,26,15,88,42,11,110,56,24,82,115,75,44"/><V47/><F113/><W38/><G110/><T43/><D122/><U13/><E119/><V54/><F127/><W18/><G115/><T37/><D105/><U5/><E104/><V45/><F4/><W28/><G28/><T29/><D112/><U12/><E40/><V77/><F6/><W67/><G75/><T71/><D129/><U124/><E124/><V49/><REACH who="2" step="1"/><F21/><REACH who="2" ten="69,466,180,275" step="2"/><W93/><G82/><T98/><D132/><U131/><E20/><V70/><F70/><W46/><G56/><T79/><D37/><U78/><E5/><V73/><AGARI ba="0,1" hai="45,47,49,54,59,73,77,80,85,89,92,101,102,103" machi="73" ten="30,3000,0" yaku="1,1,0,1,53,0" doraHai="23" doraHaiUra="35" who="2" fromWho="2" sc="69,-10,466,-10,180,40,275,-10" /><INIT seed="6,1,0,2,4,72" ten="59,456,220,265" oya="2" hai0="18,103,39,56,105,12,60,62,79,13,57,17,127" hai1="118,87,21,5,113,2,6,1,77,121,16,93,122" hai2="9,24,61,20,115,67,128,116,28,126,89,26,82" hai3="90,100,63,4,48,41,108,124,95,71,35,54,52"/><V46/><F115/><W8/><G108/><T86/><D39/><U34/><E34/><V74/><F126/><W120/><G35/><T44/><D127/><U99/><E113/><V117/><F128/><W29/><G120/><N who="1" m="46186" /><E118/><V45/><F9/><W33/><G100/><T66/><D105/><U98/><E6/><V104/><F104/><W83/><G83/><T70/><D103/><N who="1" m="60879" /><E99/><V47/><F89/><W134/><G41/><T10/><D44/><U68/><E68/><V50/><F50/><W42/><G42/><T55/><D70/><U94/><E5/><V53/><F53/><W3/><G124/><T32/><D32/><U37/><E37/><V40/><F40/><W36/><G36/><T129/><D129/><U31/><E31/><V132/><F132/><W76/><G134/><T109/><D109/><U96/><E77/><V73/><F26/><W97/><G76/><T84/><REACH who="0" step="1"/><D79/><REACH who="0" ten="49,456,220,265" step="2"/><U101/><E87/><V25/><F74/><W111/><G111/><T135/><D135/><U69/><E69/><V30/><F73/><W22/><G33/><T59/><D59/><U64/><E64/><V123/><F123/><W80/><G71/><T51/><D51/><U107/><E107/><V58/><REACH who="2" step="1"/><F82/><REACH who="2" ten="49,456,210,265" step="2"/><W0/><G80/><T92/><D92/><U19/><E94/><V78/><F78/><W38/><G48/><T114/><D114/><U7/><E7/><V125/><F125/><W110/><G4/><T88/><D88/><U65/><E2/><V14/><F14/><W91/><G0/><T112/><D112/><U81/><E1/><V106/><F106/><RYUUKYOKU ba="1,2" sc="49,15,456,-15,210,15,265,-15" hai0="10,12,13,17,18,55,56,57,60,62,66,84,86" hai2="20,24,25,28,30,45,46,47,58,61,67,116,117" /><INIT seed="6,2,2,4,4,81" ten="64,441,225,250" oya="2" hai0="31,105,28,75,11,0,113,40,94,99,9,117,80" hai1="62,77,70,32,127,90,22,82,44,6,116,54,35" hai2="20,15,72,132,97,95,50,8,125,85,119,106,56" hai3="122,128,10,29,134,48,100,2,25,63,73,91,43"/><V34/><F119/><W118/><G122/><T18/><D117/><U133/><E116/><V14/><F72/><W89/><G118/><T33/><D113/><U64/><E6/><V102/><F34/><W86/><G73/><T41/><D105/><U84/><E127/><V83/><F125/><W131/><G134/><T92/><D33/><U53/><E133/><V61/><F132/><W47/><G100/><T51/><D0/><U108/><E108/><V17/><F106/><W112/><G112/><T104/><D104/><U30/><E22/><V55/><F61/><W12/><G63/><T37/><D37/><U1/><E1/><V109/><F109/><W57/><G57/><T107/><D107/><U13/><E13/><V49/><F49/><W52/><G43/><T124/><D124/><U36/><E30/><V68/><F68/><W96/><G96/><T16/><D75/><U101/><E101/><V87/><F83/><W115/><G2/><T123/><D123/><U58/><E77/><V74/><F74/><W121/><G121/><T19/><D80/><U65/><E65/><V26/><F15/><W67/><G67/><T60/><D60/><U45/><E36/><V79/><F79/><W130/><G86/><T66/><D66/><U98/><E70/><V24/><F24/><W46/><G46/><N who="1" m="18026" /><E98/><V78/><F78/><W71/><G71/><T27/><D51/><U4/><E35/><V23/><F23/><N who="3" m="15551" /><G115/><T93/><D99/><U111/><E32/><V114/><F114/><W59/><G47/><T76/><D76/><U5/><E111/><V39/><F39/><RYUUKYOKU ba="2,2" sc="64,-30,441,10,225,10,250,10" hai1="4,5,53,54,58,62,64,82,84,90" hai2="8,14,17,20,26,50,55,56,85,87,95,97,102" hai3="10,12,48,52,59,89,91,128,130,131" /><INIT seed="6,3,2,3,3,79" ten="34,451,235,260" oya="2" hai0="16,101,3,42,12,69,87,112,48,54,98,53,5" hai1="97,33,74,15,64,119,75,59,128,85,6,82,43" hai2="109,34,133,115,84,68,21,14,105,36,89,60,86" hai3="126,4,57,67,108,46,121,39,80,114,0,134,116"/><V66/><F34/><W83/><G108/><T37/><D69/><U104/><E33/><V77/><F36/><W44/><G116/><T8/><D112/><U45/><E128/><V27/><F105/><W2/><G121/><T110/><D110/><U135/><E135/><V25/><F109/><W131/><G114/><T99/><D37/><U65/><E74/><V50/><F115/><W129/><G134/><T123/><D123/><U95/><E75/><V26/><F133/><W51/><G126/><T113/><D113/><U7/><E104/><V103/><F103/><W35/><G35/><T58/><D101/><U38/><E59/><V106/><F106/><W62/><G39/><T13/><D42/><U88/><E119/><V18/><F77/><W11/><G0/><T124/><D124/><U91/><E7/><V117/><F117/><W9/><G9/><T111/><D111/><U96/><E96/><V118/><F118/><W23/><G23/><T31/><D31/><U10/><AGARI ba="3,2" hai="6,10,15,38,43,45,64,65,82,85,88,91,95,97" machi="10" ten="30,4000,0" yaku="0,1,52,1,54,1" doraHai="79" who="1" fromWho="1" sc="34,-13,451,69,235,-23,260,-13" /><INIT seed="7,0,0,4,1,97" ten="21,520,212,247" oya="3" hai0="14,78,50,43,18,75,12,27,86,82,45,134,33" hai1="70,113,25,87,24,23,99,16,83,101,0,94,107" hai2="40,68,104,118,131,46,65,17,102,88,80,48,109" hai3="72,69,32,91,108,66,8,128,11,81,132,73,51"/><W103/><G128/><T39/><D134/><U122/><E122/><V127/><F109/><W90/><G132/><T85/><D33/><U71/><E0/><V129/><F118/><W123/><G32/><T96/><D27/><U93/><E113/><V100/><F104/><W119/><G119/><T95/><D39/><U116/><E116/><V38/><F38/><W135/><G51/><T59/><D59/><U60/><E25/><V13/><F127/><W7/><G7/><T9/><REACH who="0" step="1"/><D12/><REACH who="0" ten="11,520,212,247" step="2"/><U49/><E70/><V121/><F13/><W63/><G69/><T92/><D92/><U55/><E71/><V28/><F68/><W57/><G135/><T52/><D52/><U6/><E60/><V126/><F129/><W3/><G57/><T62/><D62/><U64/><E64/><V111/><F131/><W4/><G63/><T77/><D77/><U20/><E93/><V110/><F65/><W79/><G66/><T47/><D47/><U106/><E94/><V115/><F46/><W56/><G79/><T31/><D31/><U98/><E55/><V84/><F28/><W1/><G56/><T112/><D112/><U26/><E26/><V53/><F115/><W41/><G1/><T2/><D2/><U10/><E24/><V133/><F133/><W42/><G3/><T5/><D5/><U89/><E6/><V130/><F130/><W120/><G4/><T30/><D30/><U114/><E114/><V15/><F15/><W125/><G123/><T21/><D21/><U37/><E23/><V61/><F121/><W19/><G120/><T22/><D22/><RYUUKYOKU ba="0,1" sc="11,30,520,-10,212,-10,247,-10" hai0="9,14,18,43,45,50,75,78,82,85,86,95,96" owari="41,-45.9,520,62.0,202,-19.8,237,3.7" /></mjloggm>