<mjloggm ver="2.3"><GO type="169" lobby="0"/><UN n0="%E5%AE%8C%E5%85%A8%E5%AE%89%E7%89%8C" n1="%E3%81%BE%E3%81%88%E3%81%9F" n2="%E5%A4%95%E5%87%AA" n3="%71%75%61%72%6B" dan="18,17,17,16" rate="2282.35,2199.23,2080.73,2037.19" sx="M,F,M,M"/><TAIKYOKU oya="0"/><INIT seed="0,0,0,2,2,41" ten="250,250,250,250" oya="0" hai0="21,13,54,38,119,134,79,99,12,135,19,57,45" hai1="95,72,27,98,63,115,116,128,56,61,28,125,90" hai2="33,123,49,67,47,118,64,43,69,75,117,132,124" hai3="1,96,29,92,48,88,20,130,108,120,129,4,66"/><T60/><D119/><N who="2" m="45578" /><F33/><W15/><G108/><T102/><D79/><U44/><E116/><V101/><F75/><W25/><G120/><T82/><D82/><U23/><E115/><V113/><F101/><W2/><G66/><N who="2" m="25129" /><F113/><W40/><G15/><T73/><D73/><U74/><E128/><N who="3" m="49258" /><G4/><T93/><REACH who="0" step="1"/><D13/><REACH who="0" ten="240,250,250,250" step="2"/><U103/><E74/><V106/><F123/><W91/><G2/><T8/><D8/><U104/><E72/><V16/><F132/><W22/><G1/><T109/><D109/><U111/><E111/><V65/><F124/><W87/><G25/><T37/><D37/><U126/><E126/><V36/><F36/><W10/><G10/><T42/><AGARI ba="0,1" hai="12,19,21,38,42,45,54,57,60,93,99,102,134,135" machi="42" ten="30,6000,0" yaku="1,1,0,1,52,1,53,0" doraHai="41" doraHaiUra="3" who="0" fromWho="0" sc="240,70,250,-20,250,-20,250,-20" /><INIT seed="0,1,0,4,4,107" ten="310,230,230,230" oya="0" hai0="124,58,126,10,112,122,86,133,35,132,34,92,81" hai1="130,84,17,129,98,2,135,127,109,23,25,18,8" hai2="6,15,125,36,44,91,62,30,73,104,77,106,5" hai3="20,74,111,71,45,97,88,64,41,46,32,40,110"/><T83/><D58/><U7/><E98/><V115/><F115/><W55/><G32/><N who="0" m="12331" /><D92/><U119/><E84/><V42/><F30/><W3/><G3/><T50/><D50/><U121/><E119/><V63/><F125/><N who="0" m="48234" /><D86/><U13/><E127/><V85/><F63/><W114/><G71/><T72/><D112/><U65/><E65/><V102/><F62/><W1/><G64/><T95/><D95/><U69/><E69/><V70/><F70/><W117/><G46/><T82/><D10/><N who="1" m="2423" /><E121/><V66/><F66/><W116/><G45/><T75/><D122/><U61/><E61/><V49/><F36/><W103/><G114/><T27/><D27/><U37/><E37/><V131/><F106/><W80/><G117/><T134/><AGARI ba="1,0" hai="72,75,81,82,83,132,133,134" m="48234,12331" machi="134" ten="50,18000,2" yaku="28,2,20,1,18,1,52,2" doraHai="107" who="0" fromWho="0" sc="310,183,230,-61,230,-61,230,-61" /><INIT seed="0,2,0,4,3,102" ten="493,169,169,169" oya="0" hai0="77,73,76,112,0,26,18,50,57,61,30,98,17" hai1="95,2,118,59,46,134,92,130,21,89,42,7,75" hai2="69,37,55,119,132,68,43,85,14,28,27,83,51" hai3="6,81,110,123,31,103,93,12,64,116,105,33,79"/><T108/><D112/><U24/><E118/><V62/><F132/><W86/><G116/><T53/><D0/><U40/><E75/><V114/><F114/><W99/><G110/><T4/><D4/><U122/><E122/><V48/><F119/><W72/><G123/><T15/><D108/><U44/><E130/><V70/><F14/><W124/><G124/><T128/><D128/><U16/><E134/><V80/><F80/><W29/><G64/><T49/><D98/><U101/><E2/><V117/><F117/><W131/><G33/><T39/><D39/><U13/><E101/><V104/><F104/><W107/><G131/><T36/><D36/><U87/><E92/><V22/><F43/><N who="1" m="16425" /><E59/><V34/><F34/><W41/><G41/><T63/><D49/><U82/><E95/><V52/><F37/><W9/><G107/><T106/><D106/><U88/><E89/><AGARI ba="2,0" hai="6,9,12,29,31,72,79,81,86,89,93,99,103,105" machi="89" ten="40,5200,0" yaku="24,2,52,1" doraHai="102" who="3" fromWho="1" sc="493,0,169,-58,169,0,169,58" /><INIT seed="1,0,0,2,2,121" ten="493,111,169,227" oya="1" hai0="93,124,91,21,53,29,15,128,86,88,68,107,73" hai1="108,81,51,62,31,77,101,71,60,45,18,134,0" hai2="129,14,79,44,83,52,123,55,10,20,120,58,46" hai3="103,34,4,23,2,63,90,22,118,75,26,17,3"/><U37/><E37/><V126/><F126/><W116/><G75/><T111/><D124/><U130/><E0/><N who="3" m="42" /><G103/><T39/><D128/><U27/><E130/><V13/><F129/><W12/><G63/><T89/><D107/><U25/><E101/><V56/><F20/><N who="3" m="11303" /><G90/><T76/><D68/><U132/><E18/><V104/><F10/><W85/><G85/><T70/><D70/><U6/><E6/><V1/><F1/><W11/><G34/><T98/><D73/><U114/><E114/><V97/><F97/><W48/><G48/><T135/><D135/><U115/><E115/><V19/><F83/><W105/><G105/><T66/><D66/><U16/><E71/><V59/><F104/><W113/><G113/><T133/><D133/><U100/><E100/><V127/><F79/><W131/><G131/><T72/><D72/><U40/><E132/><V110/><F127/><W122/><G122/><T78/><D39/><U50/><E51/><V41/><F59/><W69/><G69/><T99/><D89/><U102/><E102/><V24/><F41/><W74/><G74/><T42/><D42/><U92/><E92/><V32/><F32/><W87/><G87/><T57/><D98/><U119/><E134/><V96/><F96/><W8/><G23/><T61/><D99/><U9/><E62/><V28/><F123/><W84/><G84/><T94/><D61/><U49/><E60/><V36/><F36/><W112/><G112/><T35/><D94/><U38/><E50/><V5/><F120/><W43/><G43/><T7/><D93/><U95/><E95/><RYUUKYOKU ba="0,0" sc="493,0,111,0,169,0,227,0" /><INIT seed="2,1,0,1,0,66" ten="493,111,169,227" oya="2" hai0="125,77,50,113,17,58,74,119,87,106,99,104,12" hai1="92,126,108,118,28,49,51,41,61,34,3,71,67" hai2="88,63,135,80,98,29,31,54,1,86,93,96,110" hai3="102,105,33,16,7,68,25,115,30,60,9,45,6"/><V53/><F135/><W107/><G115/><T131/><D74/><U36/><E118/><V35/><F110/><W100/><G45/><T26/><D26/><U76/><E108/><V27/><F1/><W5/><G102/><T109/><D113/><U82/><E126/><V62/><F31/><W78/><G78/><T103/><D131/><U39/><E3/><V75/><F75/><W114/><G114/><T64/><D119/><U121/><E121/><V15/><F15/><W72/><G72/><T59/><D104/><U56/><E92/><V18/><F18/><W73/><G73/><T48/><D59/><U124/><E124/><V127/><F127/><W21/><G100/><T23/><D109/><U133/><E133/><V2/><F2/><W52/><G9/><T79/><D79/><U57/><E28/><V134/><F98/><W24/><REACH who="3" step="1"/><G68/><REACH who="3" ten="493,111,169,217" step="2"/><T0/><D77/><U116/><E116/><V129/><F134/><W81/><G81/><T117/><D103/><U40/><E82/><V19/><F129/><W13/><G13/><T97/><D12/><U11/><E11/><V65/><F80/><W111/><G111/><T20/><D125/><U122/><E76/><V128/><F128/><W55/><G55/><T14/><D14/><U89/><E89/><V43/><F54/><W37/><G37/><N who="1" m="14410" /><E122/><V44/><F88/><W46/><G46/><T70/><D117/><U8/><E8/><V95/><F44/><W4/><N who="3" m="1024" /><DORA hai="32" /><W94/><G94/><T42/><D0/><U101/><E101/><V120/><F120/><W130/><G130/><T10/><D10/><RYUUKYOKU ba="1,1" sc="493,-10,111,-10,169,-10,217,30" hai3="16,21,24,25,30,33,52,60,105,107" /><INIT seed="3,2,1,0,1,73" ten="483,101,159,247" oya="3" hai0="90,40,54,14,135,112,131,97,62,59,117,122,86" hai1="52,21,55,41,5,71,85,37,91,13,88,35,33" hai2="29,44,7,56,132,126,104,115,98,53,1,109,66" hai3="108,94,121,69,12,105,57,58,99,36,72,113,119"/><W81/><G121/><T76/><D117/><U47/><E71/><V67/><F115/><W87/><G119/><T96/><D122/><U118/><E118/><V17/><F29/><W82/><G113/><T60/><D131/><U125/><E125/><V93/><F104/><W34/><G34/><T89/><D135/><U78/><E35/><V31/><F1/><W30/><G30/><T0/><D0/><U24/><E33/><V114/><F7/><W111/><G69/><T102/><D40/><U8/><E78/><V110/><F31/><W77/><G36/><T61/><D14/><U68/><E68/><V103/><F114/><W123/><G123/><T18/><D18/><U49/><E37/><V27/><F132/><W120/><G120/><T92/><D112/><U133/><E133/><V50/><F126/><W51/><G105/><T39/><D39/><U74/><E74/><V134/><F134/><W22/><G51/><N who="0" m="31199" /><D96/><U3/><E3/><V46/><F110/><N who="3" m="42027" /><G22/><T23/><D23/><U4/><E4/><V107/><F107/><W43/><G43/><T127/><D127/><U83/><E91/><V124/><F124/><W10/><G12/><T63/><D63/><U2/><E2/><V6/><F109/><W116/><G10/><T70/><D70/><U106/><E106/><V20/><F6/><W80/><G116/><T65/><D65/><AGARI ba="2,1" hai="17,20,27,44,46,50,53,56,65,66,67,93,98,103" machi="65" ten="40,1300,0" yaku="8,1" doraHai="73" who="2" fromWho="0" sc="483,-19,101,0,159,29,247,0" /><INIT seed="4,0,0,2,0,134" ten="464,101,188,247" oya="0" hai0="112,79,96,119,80,39,21,95,5,12,108,115,1" hai1="34,57,14,105,38,42,50,84,31,16,20,116,10" hai2="113,127,69,33,47,45,0,19,30,89,4,76,83" hai3="103,27,7,51,90,98,9,88,55,17,128,62,121"/><T67/><D119/><U135/><E105/><V124/><F113/><W99/><G128/><T106/><D39/><U40/><E38/><V15/><F69/><W125/><G62/><T29/><D106/><U68/><E68/><V23/><F89/><W118/><G118/><T104/><D104/><U58/><E116/><V53/><F53/><W11/><G125/><N who="2" m="48201" /><F33/><W8/><G7/><T36/><D5/><U129/><E135/><V35/><F35/><W132/><G121/><T18/><D67/><U66/><E34/><V59/><F30/><W111/><G111/><T93/><D29/><U49/><E84/><N who="2" m="48231" /><F59/><N who="3" m="33279" /><G132/><T109/><D112/><U65/><E31/><V87/><F87/><W102/><G99/><T54/><D96/><U72/><E72/><V6/><F6/><W56/><G56/><T130/><D115/><U120/><E58/><V13/><F0/><W70/><G70/><T28/><D54/><U74/><E57/><V3/><F3/><W2/><G2/><T122/><D1/><U94/><E74/><V131/><F131/><W26/><G98/><T60/><D28/><U43/><E129/><V22/><F22/><N who="3" m="13647" /><G90/><T78/><D21/><U114/><E20/><V123/><F123/><W73/><G88/><T100/><D122/><U46/><E120/><V85/><F85/><W117/><G73/><T32/><D32/><U91/><E114/><V101/><F101/><N who="3" m="38411" /><G117/><T64/><D130/><U75/><E75/><V48/><F48/><N who="1" m="18537" /><E46/><N who="2" m="17419" /><F4/><W97/><G97/><T82/><D100/><U41/><E41/><V110/><F110/><W71/><G71/><T107/><D108/><RYUUKYOKU ba="0,0" sc="464,-30,101,10,188,10,247,10" hai1="10,14,16,40,42,43,65,66,91,94" hai2="13,15,19,23" hai3="8,9,11,27" /><INIT seed="5,1,0,3,0,2" ten="434,111,198,257" oya="1" hai0="58,24,47,61,105,18,76,20,48,0,104,120,97" hai1="99,117,46,15,84,109,62,34,64,85,41,29,94" hai2="38,53,45,17,86,5,21,83,49,1,25,33,54" hai3="133,124,96,43,8,7,88,50,56,113,51,132,82"/><U127/><E117/><V30/><F38/><W107/><G124/><T36/><D0/><U134/><E127/><V66/><F66/><W115/><G107/><T57/><D36/><U28/><E134/><N who="3" m="51818" /><G43/><T70/><D70/><U74/><E74/><V26/><F1/><N who="3" m="111" /><G56/><T103/><D120/><U10/><E109/><V78/><REACH who="2" step="1"/><F5/><REACH who="2" ten="434,111,188,257" step="2"/><W110/><G110/><T13/><D104/><U93/><E64/><V35/><F35/><W90/><G113/><T112/><D105/><U122/><E122/><V55/><AGARI ba="1,1" hai="17,21,25,26,30,33,45,49,53,54,55,78,83,86" machi="55" ten="20,2700,0" yaku="1,1,0,1,7,1,53,0" doraHai="2" doraHaiUra="135" who="2" fromWho="2" sc="434,-8,111,-14,188,40,257,-8" /><INIT seed="6,0,0,2,3,83" ten="426,97,228,249" oya="2" hai0="38,76,87,9,92,90,49,68,7,54,17,43,15" hai1="104,24,30,105,89,21,25,131,53,65,5,4,74" hai2="116,36,31,126,72,115,130,18,127,27,108,44,26" hai3="23,135,32,35,63,64,95,2,113,51,121,1,79"/><V81/><F116/><W122/><G79/><T57/><D68/><U94/><E74/><V106/><F106/><W124/><G51/><T129/><D129/><U93/><E131/><V3/><F130/><W34/><G95/><T41/><D38/><U120/><E120/><N who="3" m="46186" /><G23/><T97/><D7/><U12/><E65/><V70/><F115/><W11/><G135/><T73/><D73/><U114/><E114/><V77/><F108/><W39/><G113/><T123/><D123/><U16/><E104/><V96/><F96/><W46/><G124/><N who="2" m="47657" /><F3/><N who="3" m="1035" /><G11/><T59/><D57/><U29/><E105/><V98/><F70/><N who="3" m="42271" /><G46/><T125/><D125/><U118/><E118/><V102/><F18/><W66/><G66/><T103/><D76/><U37/><E37/><AGARI ba="0,0" hai="32,34,35,37,39" m="42271,1035,46186" machi="37" ten="40,1300,0" yaku="23,1" doraHai="83" who="3" fromWho="1" sc="426,0,97,-13,228,0,249,13" /><INIT seed="7,0,0,5,3,3" ten="426,84,228,262" oya="3" hai0="43,35,127,58,56,88,36,47,103,39,41,113,20" hai1="74,110,114,67,135,54,6,60,79,32,59,94,73" hai2="28,102,125,10,109,34,87,5,83,112,121,12,61" hai3="57,15,128,33,7,30,75,85,27,104,86,69,115"/><W82/><G69/><T76/><D35/><U95/><E110/><V48/><F109/><W25/><G104/><T90/><D103/><U46/><E32/><V123/><F102/><W13/><G128/><T120/><D120/><U77/><E135/><V118/><F118/><W132/><G132/><T50/><D76/><U44/><E114/><V99/><F99/><W126/><G115/><T18/><D127/><U24/><E24/><V106/><F106/><W101/><G101/><T119/><D119/><U134/><E134/><V31/><F112/><W1/><G126/><T78/><D78/><U91/><E91/><V133/><F133/><W16/><G75/><T93/><D90/><U68/><E68/><V21/><F34/><N who="3" m="20815" /><G57/><T107/><D107/><U64/><E59/><V19/><F61/><W51/><G51/><T40/><D39/><U108/><E108/><V0/><F125/><W92/><G92/><T129/><D129/><U84/><E60/><V38/><F38/><W72/><G72/><T26/><D113/><U55/><REACH who="1" step="1"/><E84/><REACH who="1" ten="426,74,228,262" step="2"/><V63/><F63/><W70/><G86/><N who="0" m="52375" /><D36/><U81/><E81/><V42/><F87/><W49/><G85/><T2/><D2/><U45/><E45/><N who="2" m="25655" /><F83/><W23/><G82/><T80/><D80/><U96/><E96/><V116/><F116/><W9/><G70/><T52/><AGARI ba="0,1" hai="18,20,26,40,41,43,47,50,52,56,58" m="52375" machi="52" ten="30,4000,0" yaku="8,1,54,2" doraHai="3" who="0" fromWho="0" sc="426,50,74,-10,228,-10,262,-20" owari="476,57.6,64,-43.6,218,-18.2,242,4.2" /></mjloggm>