<mjloggm ver="2.3"><GO type="169" lobby="0"/><UN n0="%6B%61%7A%7A%2D%6B" n1="%6F%74%79%6D%32%34" n2="%E9%A2%A8%E3%81%A7%E9%B3%B4%E3%81%8F" n3="%EF%BC%81%E3%81%BC%E3%81%9F%E3%82%82%E3%81%A1%EF%BC%81" dan="16,16,17,17" rate="2073.26,2065.36,2197.91,2184.70" sx="M,M,M,M"/><TAIKYOKU oya="0"/><INIT seed="0,0,0,1,0,5" ten="250,250,250,250" oya="0" hai0="51,83,50,54,112,125,120,47,70,135,30,130,96" hai1="48,23,7,10,128,64,9,101,65,25,35,6,97" hai2="126,102,134,131,133,33,122,34,53,67,86,66,24" hai3="2,115,28,118,93,61,108,45,12,98,74,26,110"/><T13/><D112/><U123/><E123/><V32/><F122/><W43/><G2/><T29/><D120/><U124/><E124/><V15/><F126/><W21/><G115/><T19/><D125/><U79/><E35/><V31/><F131/><W46/><G74/><T41/><D70/><U56/><E128/><V129/><F129/><W111/><G118/><T88/><D130/><U40/><E79/><V68/><F102/><W57/><G43/><T22/><D135/><N who="2" m="51722" /><F53/><W27/><G27/><T77/><D77/><U105/><E40/><V109/><F109/><W91/><REACH who="3" step="1"/><G12/><REACH who="3" ten="250,250,250,240" step="2"/><T62/><D62/><U16/><E48/><V69/><F15/><W11/><G11/><T63/><D63/><U82/><E10/><V85/><F24/><W89/><G89/><T81/><D81/><U4/><E9/><V71/><F31/><W106/><G106/><T44/><REACH who="0" step="1"/><D83/><REACH who="0" ten="240,250,250,240" step="2"/><U90/><E82/><V104/><F104/><W49/><G49/><T1/><D1/><U73/><E105/><V80/><F80/><W75/><G75/><T3/><D3/><U100/><E73/><V37/><F37/><W107/><G107/><T116/><D116/><U94/><E94/><AGARI ba="0,2" hai="13,19,22,29,30,41,44,47,50,51,54,88,94,96" machi="94" ten="40,12000,1" yaku="1,1,8,1,54,1,53,1" doraHai="5" doraHaiUra="17" who="0" fromWho="1" sc="240,140,250,-120,250,0,240,0" /><INIT seed="0,1,0,1,1,36" ten="380,130,250,240" oya="0" hai0="51,126,16,53,21,45,29,79,80,30,84,102,120" hai1="81,50,96,128,129,109,62,95,48,47,92,82,19" hai2="124,74,24,132,72,127,134,93,54,57,66,112,20" hai3="117,28,108,6,3,87,61,49,86,85,104,91,71"/><T56/><D120/><U113/><E109/><V63/><F93/><W8/><G117/><T98/><D126/><N who="2" m="48170" /><F74/><W103/><G108/><T59/><D56/><U9/><E113/><V5/><F72/><W15/><G28/><T31/><D59/><U111/><E111/><V46/><F5/><W42/><G104/><T73/><D73/><U11/><E47/><V68/><F20/><W67/><G103/><T78/><D78/><U135/><E96/><V44/><F24/><W125/><G125/><T123/><D123/><U110/><E110/><V89/><F89/><W119/><G119/><T26/><REACH who="0" step="1"/><D30/><REACH who="0" ten="370,130,250,240" step="2"/><U2/><E129/><V17/><F112/><W43/><G71/><T35/><D35/><U4/><E128/><V90/><F17/><W1/><G67/><T27/><D27/><U69/><E69/><V97/><F68/><W65/><G65/><T0/><D0/><U106/><E19/><V14/><F14/><W22/><G1/><T133/><D133/><U121/><E2/><V99/><F66/><W76/><G76/><T39/><D39/><U32/><E32/><V83/><F132/><W52/><G15/><T75/><D75/><U105/><E135/><V70/><F70/><W33/><G33/><T131/><D131/><U94/><E121/><V58/><F58/><W115/><G115/><T118/><D118/><U101/><E101/><V100/><F100/><W116/><G116/><T37/><D37/><U13/><E13/><V64/><F134/><W60/><G3/><T77/><D77/><U41/><E4/><V130/><F130/><W114/><G114/><RYUUKYOKU ba="1,1" sc="370,30,130,-10,250,-10,240,-10" hai0="16,21,26,29,31,45,51,53,79,80,84,98,102" /><INIT seed="0,2,1,1,4,114" ten="400,120,240,230" oya="0" hai0="64,80,15,126,113,10,124,102,69,40,45,132,56" hai1="78,65,34,44,101,14,120,99,47,57,37,7,84" hai2="51,0,66,108,11,110,89,125,88,82,41,87,32" hai3="91,70,122,105,92,53,19,48,106,30,42,50,3"/><T75/><D113/><U134/><E34/><V28/><F66/><W81/><G70/><T35/><D35/><U73/><E73/><V79/><F125/><N who="0" m="48234" /><D69/><U127/><E127/><V96/><F28/><W21/><G3/><T55/><D64/><U74/><E74/><V117/><F32/><W130/><G130/><T83/><D102/><U95/><E120/><V9/><F117/><W119/><G30/><T129/><D132/><U103/><E134/><V60/><F60/><W8/><G8/><N who="2" m="3145" /><F96/><W86/><G122/><T39/><D75/><U36/><E36/><V46/><F0/><W118/><G42/><T93/><D93/><U85/><E37/><V49/><F49/><W72/><G50/><N who="0" m="30839" /><D129/><U63/><E103/><V77/><F77/><W116/><G81/><T133/><D133/><U18/><E78/><V71/><F71/><W43/><G43/><T22/><D22/><U13/><E65/><V29/><F29/><W121/><G121/><T62/><D62/><U12/><E63/><V24/><F24/><W17/><G72/><T98/><D98/><U25/><E25/><V68/><F68/><W1/><G1/><T76/><D76/><U26/><E26/><V5/><F5/><AGARI ba="2,1" hai="5,10,15,39,40,45,80,83" m="30839,48234" machi="5" ten="30,1500,0" yaku="18,1" doraHai="114" who="0" fromWho="2" sc="400,31,120,0,240,-21,230,0" /><INIT seed="0,3,0,1,5,102" ten="431,120,219,230" oya="0" hai0="56,12,128,68,72,114,45,88,112,124,115,132,44" hai1="134,13,127,87,104,33,108,96,122,27,0,66,4" hai2="42,79,17,133,67,63,49,16,95,50,43,75,126" hai3="37,40,46,28,93,82,100,2,70,101,85,14,78"/><T117/><D72/><U97/><E122/><V34/><F34/><W65/><G2/><T24/><D24/><U119/><E119/><V20/><F17/><W60/><G28/><T120/><D12/><U69/><E0/><V123/><F123/><W47/><G93/><T103/><D103/><N who="1" m="62567" /><E108/><V107/><F107/><W38/><REACH who="3" step="1"/><G14/><REACH who="3" ten="431,120,219,220" step="2"/><T11/><D120/><U116/><E13/><V131/><F95/><W73/><G73/><T29/><D29/><U86/><E116/><V135/><F75/><W121/><G121/><T83/><D117/><U31/><E134/><V129/><F135/><W111/><G111/><T30/><D132/><U9/><E31/><V77/><F133/><W51/><G51/><T94/><D30/><U71/><E27/><V74/><F50/><W92/><G92/><T90/><D94/><U39/><E33/><V109/><F49/><W54/><G54/><T23/><D114/><U41/><E39/><V58/><F74/><W18/><G18/><T98/><D112/><U5/><E5/><V55/><F55/><W1/><G1/><T118/><D115/><U35/><E4/><V99/><F109/><W62/><G62/><T125/><D118/><U106/><E35/><V59/><F63/><W113/><G113/><T22/><D124/><U61/><E127/><V89/><F126/><W25/><G25/><T80/><D125/><U26/><E26/><V105/><F16/><W52/><G52/><T3/><D3/><U81/><E106/><V6/><F105/><W64/><G64/><T15/><D15/><U53/><E66/><V76/><F67/><RYUUKYOKU ba="3,1" sc="431,-10,120,-10,219,-10,220,30" hai3="37,38,40,46,47,60,65,70,78,82,85,100,101" /><INIT seed="1,4,1,4,5,42" ten="421,110,209,250" oya="1" hai0="46,17,120,82,39,129,2,127,71,34,0,18,65" hai1="86,99,5,84,75,6,11,15,9,107,43,10,31" hai2="21,134,1,133,33,101,90,121,69,45,95,79,126" hai3="98,112,57,16,29,62,132,12,37,47,74,114,103"/><U78/><E75/><V93/><F69/><W53/><G74/><T102/><D18/><U13/><E78/><V97/><F33/><W128/><G128/><T27/><D17/><U30/><E43/><V108/><F1/><W72/><G72/><T109/><D82/><U44/><E107/><V76/><F21/><W26/><G132/><N who="2" m="50793" /><F45/><W77/><G77/><N who="2" m="29769" /><F108/><W130/><G130/><T88/><D46/><U61/><E61/><V94/><F121/><W115/><G37/><T23/><D129/><U110/><E110/><V80/><F126/><W40/><G40/><T83/><D23/><U111/><E111/><V96/><F80/><W106/><G47/><T87/><D83/><U20/><E44/><V55/><F55/><W19/><REACH who="3" step="1"/><G12/><REACH who="3" ten="421,110,209,240" step="2"/><T123/><D39/><U89/><E15/><V8/><F8/><W60/><G60/><T52/><D109/><U122/><E11/><V113/><F113/><W36/><G36/><T63/><D63/><U7/><E13/><V3/><F3/><W73/><G73/><T117/><D0/><U28/><E122/><V35/><F35/><AGARI ba="4,2" hai="16,19,26,29,35,53,57,62,98,103,106,112,114,115" machi="35" ten="40,2600,0" yaku="1,1,54,1,53,0" doraHai="42" doraHaiUra="119" who="3" fromWho="2" sc="421,0,110,0,209,-38,240,58" /><INIT seed="2,0,0,4,2,85" ten="421,110,171,298" oya="2" hai0="121,98,83,80,16,115,86,120,134,39,116,40,95" hai1="30,78,22,81,133,2,21,50,76,79,108,15,97" hai2="41,48,72,77,107,99,130,24,32,90,25,106,9" hai3="74,69,18,112,14,20,46,44,58,26,68,103,87"/><V118/><F118/><W34/><G74/><T102/><D39/><U70/><E2/><V104/><F130/><W45/><G112/><T105/><D40/><U129/><E129/><V67/><F67/><W92/><G58/><T91/><D115/><U131/><E131/><V33/><F9/><W53/><G53/><T43/><D43/><U19/><E108/><V42/><F77/><W28/><REACH who="3" step="1"/><G103/><REACH who="3" ten="421,110,171,288" step="2"/><T61/><D102/><U114/><E114/><V82/><F72/><W60/><G60/><T119/><D61/><U59/><E70/><V123/><F42/><W6/><G6/><T100/><D116/><U75/><E75/><V11/><F41/><W63/><G63/><T101/><D101/><U71/><E71/><V1/><F48/><W84/><G84/><T94/><D86/><U88/><E50/><V126/><F123/><W125/><G125/><T135/><D100/><U13/><E59/><V23/><F126/><W54/><G54/><T17/><D119/><U4/><E4/><N who="2" m="1423" /><F99/><W110/><G110/><T49/><D98/><U89/><E97/><V96/><F96/><W31/><G31/><T109/><D49/><U57/><E30/><V7/><F7/><W55/><G55/><T10/><D109/><U122/><E57/><V8/><F107/><W36/><G36/><T124/><D124/><U5/><E5/><V0/><F106/><W27/><G27/><T12/><D105/><U73/><E73/><V64/><F24/><W128/><G128/><T29/><D120/><U93/><E122/><V37/><F104/><W3/><G3/><T56/><D121/><RYUUKYOKU ba="0,1" sc="421,-10,110,-10,171,-10,288,30" hai3="14,18,20,26,28,34,44,45,46,68,69,87,92" /><INIT seed="3,1,1,2,5,105" ten="411,100,161,318" oya="3" hai0="113,132,86,103,83,129,47,43,124,57,68,34,71" hai1="65,26,32,46,70,96,100,109,125,112,7,126,36" hai2="54,39,98,16,41,117,13,29,19,49,85,63,97" hai3="101,25,111,38,99,95,2,59,119,134,28,115,21"/><W121/><G115/><T94/><D34/><U33/><E112/><V79/><F117/><W48/><G38/><T17/><D113/><U40/><E109/><V78/><F39/><W77/><G119/><T114/><D114/><U30/><E7/><V9/><F29/><W0/><G121/><T44/><D129/><U35/><E65/><V5/><F63/><W72/><G134/><T58/><D124/><U82/><E70/><V64/><F64/><W116/><G116/><T84/><D68/><U37/><E37/><V51/><F51/><W53/><REACH who="3" step="1"/><G111/><REACH who="3" ten="411,100,161,308" step="2"/><T90/><D132/><U107/><REACH who="1" step="1"/><E82/><AGARI ba="1,2" hai="0,2,21,25,28,48,53,59,72,77,82,95,99,101" machi="82" ten="40,12000,1" yaku="1,1,2,1,52,1,53,1" doraHai="105" doraHaiUra="75" who="3" fromWho="1" sc="411,0,100,-123,161,0,308,143" owari="411,21.1,-23,-52.3,161,-23.9,451,55.1" /></mjloggm>