<mjloggm ver="2.3"><GO type="169" lobby="0"/><UN n0="%E4%B8%96%E7%95%8C%E3%81%AE%E4%BA%80%E4%BA%95" n1="%41%43%73" n2="%E7%99%BE%E9%87%8E%E3%81%95%E3%82%93" n3="%E3%81%86%E3%81%9A%E3%82%89%E5%8D%B5%E3%83%95%E3%83%A9%E3%82%A4" dan="17,16,17,16" rate="2161.35,2120.33,2185.53,2030.70" sx="M,M,M,M"/><TAIKYOKU oya="0"/><INIT seed="0,0,0,1,0,18" ten="250,250,250,250" oya="0" hai0="51,83,53,27,22,90,112,7,115,15,62,30,34" hai1="4,60,68,121,66,37,122,8,94,10,26,41,0" hai2="76,19,102,127,77,87,58,32,36,109,55,85,111" hai3="95,63,52,101,88,105,2,33,123,104,64,124,56"/><T31/><D62/><U57/><E37/><V120/><F120/><W82/><G123/><T71/><D71/><U80/><E41/><V72/><F32/><W16/><G33/><T106/><D106/><U108/><E108/><N who="2" m="41547" /><F36/><W9/><G124/><T50/><D50/><U78/><E68/><V135/><F127/><W24/><G101/><T99/><D31/><U48/><E48/><N who="2" m="31079" /><F135/><W54/><G105/><T44/><D34/><U1/><E94/><V91/><F102/><W110/><G110/><T42/><D42/><U100/><E100/><V12/><F72/><W118/><G104/><T59/><D112/><U40/><E40/><V84/><F91/><W14/><G2/><T79/><D115/><U113/><E113/><V103/><F103/><W93/><G24/><T107/><D107/><U134/><E26/><V126/><F126/><W43/><G43/><T131/><D90/><U13/><E1/><V20/><AGARI ba="0,0" hai="12,19,20,76,77,84,85,87" m="31079,41547" machi="20" ten="30,2000,0" yaku="14,1,52,1" doraHai="18" who="2" fromWho="2" sc="250,-10,250,-5,250,20,250,-5" /><INIT seed="1,0,0,3,5,40" ten="240,245,270,245" oya="1" hai0="89,39,20,60,49,17,121,45,74,107,122,95,30" hai1="109,126,52,24,116,106,132,21,130,31,90,1,59" hai2="10,16,65,104,9,61,76,57,15,23,25,96,41" hai3="131,70,75,93,92,19,110,114,118,26,22,117,115"/><U6/><E116/><N who="3" m="44650" /><G75/><T83/><D107/><U27/><E126/><V112/><F112/><N who="3" m="43051" /><G70/><T54/><D39/><U98/><E109/><V64/><F76/><W44/><G110/><T108/><D108/><U18/><E130/><V48/><F65/><W135/><G135/><T79/><D30/><U33/><E132/><V133/><F133/><W81/><G131/><T72/><D72/><U86/><E1/><V62/><F62/><W35/><G81/><T11/><D11/><U0/><E0/><V85/><F85/><W127/><G127/><T58/><D95/><N who="3" m="36425" /><G35/><T94/><D94/><U134/><E134/><V12/><F104/><W63/><G63/><T3/><D89/><U67/><E6/><V53/><F96/><W125/><G125/><T123/><D3/><U120/><E120/><V84/><F84/><W101/><G101/><T128/><D128/><U5/><E5/><V14/><REACH who="2" step="1"/><F41/><REACH who="2" ten="240,245,260,245" step="2"/><W103/><G103/><T47/><REACH who="0" step="1"/><D60/><REACH who="0" ten="230,245,260,245" step="2"/><U102/><E90/><V34/><F34/><W29/><G29/><T71/><D71/><AGARI ba="0,2" hai="9,10,12,14,15,16,23,25,48,53,57,61,64,71" machi="71" ten="40,2600,0" yaku="1,1,54,1,53,0" doraHai="40" doraHaiUra="99" who="2" fromWho="0" sc="230,-26,245,0,260,46,245,0" /><INIT seed="2,0,0,4,1,98" ten="204,245,306,245" oya="2" hai0="62,48,32,79,101,113,77,40,23,64,120,47,8" hai1="111,86,112,66,132,30,93,4,83,1,13,17,103" hai2="128,31,59,33,102,70,118,12,18,26,41,121,123" hai3="3,43,42,61,96,20,114,5,57,97,127,104,106"/><V39/><F118/><W110/><G110/><T82/><D113/><U85/><E112/><V115/><F115/><W134/><G114/><T71/><D32/><U35/><E111/><V80/><F70/><W75/><G75/><T81/><D120/><U91/><E132/><V0/><F0/><W45/><G134/><T49/><D23/><U15/><E66/><V73/><F128/><W94/><G127/><T24/><D24/><U29/><E1/><V88/><F41/><W95/><G20/><T7/><D49/><U109/><E35/><V74/><F39/><W135/><G135/><T124/><D124/><U58/><E109/><V105/><F74/><W117/><G117/><T133/><D133/><U52/><E4/><V68/><F68/><W122/><G122/><T44/><D44/><U28/><E17/><V72/><F72/><W53/><G5/><T78/><REACH who="0" step="1"/><D101/><REACH who="0" ten="194,245,306,245" step="2"/><U130/><E130/><V22/><F123/><W10/><G45/><T56/><D56/><U131/><E131/><V37/><F121/><W69/><G57/><T119/><D119/><U65/><E65/><V107/><F37/><W2/><G69/><T6/><D6/><U90/><E103/><V84/><F102/><W21/><G21/><T60/><D60/><AGARI ba="0,1" hai="13,15,28,29,30,52,58,60,83,85,86,90,91,93" machi="60" ten="40,2600,0" yaku="8,1,54,1" doraHai="98" who="1" fromWho="0" sc="194,-26,245,36,306,0,245,0" /><INIT seed="3,0,0,0,4,67" ten="168,281,306,245" oya="3" hai0="110,27,112,8,73,41,5,132,117,55,21,2,59" hai1="7,4,74,9,122,34,85,79,17,62,94,18,15" hai2="125,121,120,47,130,75,109,42,1,60,3,118,48" hai3="91,65,102,38,52,72,0,68,82,127,57,22,135"/><W101/><G0/><T134/><D117/><U53/><E122/><N who="2" m="47211" /><F118/><W116/><G116/><T61/><D73/><U86/><E34/><V37/><F109/><W51/><G38/><T115/><D41/><U123/><E74/><V6/><F75/><W70/><G65/><T64/><D110/><U35/><E35/><V114/><F114/><W44/><G44/><T29/><REACH who="0" step="1"/><D64/><REACH who="0" ten="158,281,306,245" step="2"/><U81/><E123/><V19/><F42/><W46/><G72/><T10/><D10/><U88/><E4/><V105/><F6/><W95/><G135/><AGARI ba="0,1" hai="2,5,8,21,27,29,55,59,61,112,115,132,134,135" machi="135" ten="40,2600,0" yaku="1,1,20,1,53,0" doraHai="67" doraHaiUra="90" who="0" fromWho="3" sc="158,36,281,0,306,0,245,-26" /><INIT seed="4,0,0,2,3,10" ten="194,281,306,219" oya="0" hai0="89,13,48,66,130,56,32,36,29,114,115,122,91" hai1="127,92,19,33,104,129,64,88,68,100,30,96,11" hai2="1,95,69,38,131,86,125,111,40,77,0,7,16" hai3="44,87,4,105,61,52,6,80,18,94,126,22,82"/><T75/><D36/><U27/><E127/><V76/><F111/><W8/><G105/><T99/><D122/><U2/><E129/><V37/><F69/><W39/><G126/><T103/><D75/><U107/><E2/><V73/><F125/><W90/><G39/><T28/><D130/><U41/><E41/><V79/><F131/><W25/><G44/><T12/><D89/><U70/><E107/><V21/><F73/><W109/><G109/><T113/><D91/><U112/><E112/><V133/><F133/><W14/><REACH who="3" step="1"/><G4/><REACH who="3" ten="194,281,306,209" step="2"/><T15/><D32/><U47/><E47/><V119/><F7/><W62/><G62/><N who="0" m="38215" /><D48/><U5/><E5/><V101/><F38/><W93/><G93/><AGARI ba="0,1" hai="12,13,15,28,29,93,99,103,113,114,115" m="38215" machi="93" ten="40,12000,1" yaku="15,1,52,3" doraHai="10" who="0" fromWho="3" sc="194,130,281,0,306,0,209,-120" /><INIT seed="4,1,0,4,1,119" ten="324,281,306,89" oya="0" hai0="81,30,116,66,22,67,5,8,93,42,9,132,11" hai1="70,10,135,43,33,111,53,51,48,59,6,45,37" hai2="40,87,77,13,47,12,32,14,113,69,63,73,71" hai3="62,103,94,104,23,96,60,3,44,35,58,29,129"/><T49/><D116/><U50/><E33/><V2/><F2/><W74/><G3/><T20/><D132/><U110/><E135/><V88/><F32/><W24/><G74/><T1/><D1/><U90/><E90/><V131/><F131/><W65/><G129/><T79/><D5/><U99/><E99/><V82/><F113/><W0/><G0/><T128/><D93/><U123/><E10/><V84/><F63/><W126/><G126/><T27/><D22/><U117/><E6/><V114/><F73/><W112/><G112/><T122/><D122/><U75/><E75/><V61/><F61/><W21/><G44/><N who="0" m="25751" /><D128/><U46/><E117/><V78/><F114/><W125/><G125/><T15/><D15/><U120/><E70/><V101/><F101/><W121/><G121/><N who="1" m="46666" /><E48/><V100/><F100/><W36/><G36/><T106/><D106/><U25/><E25/><V52/><F71/><W98/><REACH who="3" step="1"/><G62/><REACH who="3" ten="324,281,306,79" step="2"/><T26/><D26/><U7/><E7/><V118/><F118/><W91/><AGARI ba="1,1" hai="21,23,24,29,35,58,60,65,91,94,96,98,103,104" machi="91" ten="20,5200,0" yaku="1,1,2,1,0,1,7,1,53,0" doraHai="119" doraHaiUra="4" who="3" fromWho="3" sc="324,-27,281,-14,306,-14,79,65" /><INIT seed="5,0,0,1,4,132" ten="297,267,292,144" oya="1" hai0="119,30,33,94,39,43,48,70,25,129,7,9,51" hai1="72,4,44,107,73,113,19,110,109,11,63,124,126" hai2="75,96,28,49,84,135,131,130,79,98,71,5,85" hai3="10,83,31,3,50,17,66,16,108,120,59,57,104"/><U58/><E107/><V101/><F71/><W21/><G104/><T54/><D119/><U93/><E93/><V55/><F135/><W90/><G108/><N who="1" m="41578" /><E44/><V32/><F5/><W22/><G120/><T121/><D70/><U23/><E19/><V91/><F28/><W128/><G128/><N who="2" m="49193" /><F32/><W26/><G31/><T97/><D121/><U76/><E23/><V95/><F75/><N who="1" m="28745" /><E76/><V29/><F29/><W74/><G74/><T12/><D129/><U116/><E113/><V13/><F13/><W41/><G3/><T60/><D94/><U118/><E118/><V100/><F79/><W42/><G10/><T56/><D97/><U82/><E82/><V88/><F49/><W45/><G41/><T123/><D123/><U86/><E86/><N who="2" m="33387" /><F55/><W8/><G8/><T6/><D7/><U69/><E116/><V122/><F122/><W52/><G83/><T1/><D43/><U81/><E81/><V38/><F38/><W62/><G42/><T99/><D39/><U47/><E47/><V92/><AGARI ba="0,0" hai="88,91,92,95,96,98,100,101" m="33387,49193" machi="92" ten="30,7900,0" yaku="19,1,34,2,54,1" doraHai="132" who="2" fromWho="2" sc="297,-20,267,-39,292,79,144,-20" /><INIT seed="6,0,0,3,3,117" ten="277,228,371,124" oya="2" hai0="97,27,52,61,113,73,32,128,71,135,6,134,96" hai1="115,133,2,46,66,7,111,110,33,36,63,51,121" hai2="18,26,106,108,93,77,101,65,68,59,76,0,64" hai3="118,72,114,112,22,4,58,25,81,132,90,125,53"/><V41/><F68/><W109/><G118/><T38/><D38/><U88/><E33/><V5/><F106/><W9/><G109/><T35/><D113/><U82/><E36/><V20/><F108/><W95/><G132/><N who="0" m="50731" /><D128/><U11/><E115/><N who="3" m="44074" /><G125/><T45/><D73/><U23/><E121/><V103/><F0/><N who="3" m="135" /><G72/><T54/><D6/><U34/><E23/><V104/><F104/><W16/><G81/><T116/><D116/><U19/><E19/><V62/><F5/><W92/><G90/><T31/><D35/><U24/><E24/><V107/><F107/><W84/><G84/><T57/><D71/><U12/><E34/><V85/><F41/><W69/><G69/><T48/><AGARI ba="0,0" hai="27,31,32,45,48,52,54,57,61,96,97" m="50731" machi="48" ten="30,2000,0" yaku="20,1,54,1" doraHai="117" who="0" fromWho="0" sc="277,20,228,-5,371,-10,124,-5" /><INIT seed="7,0,0,3,0,124" ten="297,223,361,119" oya="3" hai0="41,75,133,92,117,1,35,123,44,61,107,6,126" hai1="102,125,97,28,130,21,22,111,48,66,34,109,67" hai2="104,127,135,42,119,19,77,3,88,38,23,73,71" hai3="105,106,36,51,65,45,53,32,57,131,26,62,83"/><W134/><G134/><T64/><D107/><U94/><E125/><V63/><F119/><W24/><G131/><T2/><D35/><U13/><E34/><V54/><F127/><W56/><G56/><T79/><D1/><U74/><E74/><V0/><F104/><W52/><G106/><T40/><D40/><U87/><E111/><V112/><F112/><W121/><G105/><T122/><D92/><U49/><E109/><V5/><F135/><W47/><G121/><T81/><D117/><U25/><E130/><V108/><F108/><W10/><G32/><T93/><D93/><U90/><E49/><V113/><F113/><W39/><G10/><N who="0" m="2391" /><D126/><U99/><E99/><V86/><F77/><W37/><REACH who="3" step="1"/><G83/><REACH who="3" ten="297,223,361,109" step="2"/><T68/><D133/><U76/><E67/><V129/><F129/><W118/><G118/><T17/><D122/><U31/><E66/><V12/><F71/><W95/><G95/><T98/><D123/><U8/><E94/><V50/><F23/><W103/><G103/><T120/><D120/><U33/><E102/><V7/><F63/><W84/><G84/><T115/><D115/><U59/><E87/><V18/><F86/><W4/><G4/><T16/><D98/><U46/><E97/><V110/><F7/><W14/><G14/><T82/><D82/><U69/><E69/><V27/><F12/><W55/><G55/><T70/><D68/><U85/><E22/><V58/><F54/><W9/><G9/><T43/><D41/><U89/><E8/><V80/><F5/><W30/><G30/><T114/><D114/><U132/><E28/><RYUUKYOKU ba="0,1" sc="297,15,223,-15,361,-15,109,15" hai0="16,17,43,44,61,64,70,75,79,81" hai3="24,26,36,37,39,45,47,51,52,53,57,62,65" /><INIT seed="7,1,1,3,3,97" ten="312,208,346,124" oya="3" hai0="44,130,116,24,42,129,111,135,117,82,61,72,13" hai1="4,58,95,10,131,73,80,48,32,107,88,103,112" hai2="71,102,69,127,118,67,22,7,126,86,106,96,120" hai3="75,15,45,66,0,77,65,41,57,110,124,85,20"/><W93/><G0/><T40/><D111/><U113/><E32/><V14/><F118/><W39/><G75/><T38/><D135/><U109/><E109/><V1/><F120/><W84/><G110/><T17/><D24/><U19/><E131/><N who="0" m="50185" /><D42/><U53/><E19/><N who="2" m="10615" /><F67/><W60/><G124/><N who="2" m="47657" /><F86/><W50/><G66/><T8/><D61/><U128/><E128/><V132/><F132/><W98/><G77/><AGARI ba="1,1" hai="8,13,17,38,40,44,72,77,82,116,117" m="50185" machi="77" ten="30,1000,0" yaku="19,1" doraHai="97" who="0" fromWho="3" sc="312,23,208,0,346,0,124,-13" owari="335,13.5,208,-19.2,346,44.6,111,-38.9" /></mjloggm>