<mjloggm ver="2.3"><GO type="169" lobby="0"/><UN n0="%E5%A4%A7%E7%A9%BA%E3%82%B9%E3%83%90%E3%83%AB%E2%98%86" n1="%62%69%70%73%64" n2="%5B%5B%79%75%79%75%5D%5D" n3="%E3%83%9F%E3%82%B2%E3%83%BC%E3%83%AB%E6%94%B9" dan="16,18,16,16" rate="2103.96,2268.72,2097.39,2216.95" sx="F,M,M,M"/><TAIKYOKU oya="0"/><INIT seed="0,0,0,2,5,66" ten="250,250,250,250" oya="0" hai0="98,119,50,53,106,99,48,83,12,114,52,18,28" hai1="128,26,51,17,74,112,64,4,122,34,32,96,110" hai2="35,88,120,33,94,95,79,73,108,75,45,67,84" hai3="61,24,3,7,55,92,115,105,5,123,1,49,22"/><T57/><D114/><U56/><E122/><V60/><F120/><W125/><G123/><T58/><D119/><U135/><E74/><V39/><F108/><W68/><G115/><T47/><D106/><U134/><E112/><V133/><F133/><W40/><G105/><T54/><D28/><U36/><E36/><V37/><F37/><W102/><G40/><T6/><D6/><U107/><E4/><V82/><F75/><W44/><G3/><T129/><D129/><U86/><E86/><V20/><F20/><W65/><G125/><T130/><D130/><U13/><E26/><V72/><F72/><W29/><G1/><T81/><D47/><U101/><E110/><V43/><F95/><W23/><REACH who="3" step="1"/><G22/><REACH who="3" ten="250,250,250,240" step="2"/><T15/><D54/><N who="1" m="31839" /><E128/><V87/><REACH who="2" step="1"/><F73/><REACH who="2" ten="250,250,240,240" step="2"/><W90/><G90/><T71/><D71/><AGARI ba="0,2" hai="33,35,39,43,45,60,67,71,79,82,84,87,88,94" machi="71" ten="30,12000,2" yaku="1,1,2,1,7,1,52,1,54,1,53,1" doraHai="66" doraHaiUra="91" who="2" fromWho="0" sc="250,-120,250,0,240,140,240,0" /><INIT seed="1,0,0,5,3,81" ten="130,250,380,240" oya="1" hai0="125,127,103,120,58,128,53,74,122,22,18,115,40" hai1="10,15,8,133,114,73,113,1,26,46,96,82,44" hai2="9,48,92,134,0,123,4,94,72,100,61,62,32" hai3="45,119,98,111,106,16,47,31,97,135,87,17,79"/><U36/><E133/><V34/><F134/><W78/><G106/><T19/><D74/><U91/><E1/><V124/><F72/><W102/><G135/><T69/><D69/><U68/><E68/><V21/><F123/><N who="0" m="47146" /><D103/><U76/><E8/><V109/><F109/><W112/><G111/><T7/><D40/><U130/><E130/><V49/><F124/><N who="0" m="47690" /><D58/><U25/><E114/><V60/><F21/><W99/><G102/><T121/><N who="0" m="47154" /><T55/><DORA hai="80" /><D115/><U131/><E131/><V37/><F37/><W66/><G66/><T56/><D128/><U77/><E113/><V13/><F0/><W41/><G112/><T107/><D107/><U63/><E63/><V132/><F132/><W89/><G31/><T65/><D7/><U108/><E36/><V116/><F100/><W5/><G5/><T11/><D11/><U33/><E10/><V104/><F104/><W118/><G41/><T84/><D19/><N who="3" m="7241" /><G118/><T129/><D129/><U59/><E108/><V14/><F116/><W35/><G35/><T90/><D65/><U42/><E42/><V64/><F64/><W27/><G27/><N who="0" m="14807" /><D56/><U30/><E59/><V75/><F75/><W52/><G119/><T39/><D39/><U2/><E73/><V86/><F4/><W67/><G67/><T23/><D23/><U20/><E20/><V29/><F9/><W57/><G45/><T51/><D51/><U50/><E50/><V71/><F49/><N who="3" m="30863" /><G47/><T24/><D24/><U12/><E25/><V6/><F48/><W38/><G38/><T95/><AGARI ba="0,0" hai="53,55,84,90,95" m="14807,47690,47154" machi="95" ten="50,8000,1" yaku="13,1,18,1,52,2" doraHai="81,80" who="0" fromWho="0" sc="130,80,250,-40,380,-20,240,-20" /><INIT seed="2,0,0,4,5,98" ten="210,210,360,220" oya="2" hai0="134,114,99,102,111,125,29,27,94,45,104,41,24" hai1="126,127,96,118,38,95,91,10,103,74,133,130,22" hai2="4,84,28,113,60,97,7,25,67,21,66,16,82" hai3="112,100,53,115,116,132,72,1,37,76,108,123,43"/><V89/><F113/><N who="3" m="43595" /><G1/><T70/><D114/><U57/><E38/><V80/><F80/><N who="3" m="45063" /><G123/><T124/><D111/><U73/><E118/><V52/><F28/><W64/><G108/><T109/><D109/><U54/><E10/><V77/><F7/><W88/><G53/><T78/><D134/><U9/><E9/><V55/><F4/><W56/><G132/><T79/><D70/><U105/><E22/><V122/><F122/><W93/><G116/><T31/><D104/><U44/><E44/><V92/><F55/><W71/><G71/><T107/><D107/><U86/><E133/><V85/><F85/><N who="3" m="52367" /><G43/><T65/><D65/><U47/><E47/><V3/><F3/><W6/><G6/><T39/><D31/><U15/><E15/><V2/><F2/><W61/><G37/><T35/><REACH who="0" step="1"/><D27/><REACH who="0" ten="200,210,360,220" step="2"/><U121/><E121/><V18/><REACH who="2" step="1"/><F18/><REACH who="2" ten="200,210,350,220" step="2"/><W90/><G90/><T59/><D59/><AGARI ba="0,2" hai="16,21,25,52,59,60,66,67,77,82,84,89,92,97" machi="59" ten="40,18000,2" yaku="1,1,2,1,25,2,8,1,54,2,53,0" doraHai="98" doraHaiUra="69" who="2" fromWho="0" sc="200,-180,210,0,350,200,220,0" /><INIT seed="2,1,0,1,4,124" ten="20,210,550,220" oya="2" hai0="133,18,54,6,108,102,122,83,10,46,129,100,113" hai1="56,47,95,79,127,36,130,34,104,134,22,66,86" hai2="35,37,8,96,120,88,16,21,118,107,111,58,77" hai3="78,52,48,68,50,126,2,24,13,39,40,64,5"/><V87/><F120/><W31/><G2/><T115/><D122/><U106/><E34/><V33/><F118/><W1/><G1/><T61/><D108/><U14/><E127/><V131/><F37/><W121/><G121/><T128/><D133/><U59/><E106/><V75/><F111/><W9/><G126/><T72/><D18/><U27/><E104/><V117/><F117/><W38/><G78/><N who="0" m="44487" /><D46/><U89/><E36/><V112/><F112/><N who="0" m="43082" /><D54/><U80/><E134/><V41/><F41/><W4/><G50/><T57/><D57/><U84/><E66/><V92/><F8/><W19/><G40/><T125/><D61/><U135/><E135/><V45/><F45/><W76/><G39/><T132/><D125/><U85/><E14/><V25/><F58/><W20/><G38/><T119/><D132/><U49/><E56/><V105/><F105/><W93/><G68/><T11/><D11/><U23/><E59/><V60/><F60/><W110/><G64/><T15/><D119/><U123/><E123/><V55/><F55/><W67/><G67/><T17/><D6/><U65/><E65/><V3/><F3/><W99/><G110/><T0/><D0/><U97/><E22/><V32/><F107/><W7/><G76/><T74/><D74/><U42/><REACH who="1" step="1"/><E130/><AGARI ba="1,0" hai="10,15,17,100,102,128,129,130" m="43082,44487" machi="130" ten="30,7700,0" yaku="19,1,52,3" doraHai="124" who="0" fromWho="1" sc="20,80,210,-80,550,0,220,0" /><INIT seed="3,0,0,3,4,52" ten="100,130,550,220" oya="3" hai0="121,115,96,60,43,11,20,24,104,66,40,9,70" hai1="118,37,111,106,100,105,45,0,135,133,32,75,87" hai2="10,103,42,69,126,53,120,29,85,8,15,1,64" hai3="91,36,94,88,93,98,122,33,128,77,114,68,59"/><W44/><G122/><T21/><D121/><U62/><E32/><V56/><F120/><W99/><G68/><T57/><D115/><U63/><E0/><V86/><F126/><W3/><G114/><T112/><D112/><U117/><E75/><V130/><F130/><W25/><G3/><T127/><D127/><U102/><E45/><V46/><F103/><N who="1" m="39465" /><E37/><V6/><F29/><W89/><G128/><T54/><D96/><U125/><E125/><V116/><F64/><W74/><G89/><T48/><D104/><N who="1" m="40043" /><E87/><V81/><F69/><W7/><G7/><T58/><D70/><U23/><E23/><V110/><F116/><N who="1" m="44649" /><E111/><V101/><F110/><W28/><G44/><T22/><REACH who="0" step="1"/><D24/><REACH who="0" ten="90,130,550,220" step="2"/><U109/><E109/><V17/><F17/><W132/><G36/><T51/><D51/><U131/><E131/><V108/><F108/><W90/><G25/><T31/><D31/><U19/><E19/><V83/><F6/><W50/><G28/><T123/><D123/><U73/><E73/><V113/><F113/><W82/><G33/><T134/><D134/><AGARI ba="0,1" hai="62,63,133,134,135" m="44649,40043,39465" machi="134" ten="40,8000,1" yaku="28,2,20,1,12,1" doraHai="52" who="1" fromWho="0" sc="90,-80,130,90,550,0,220,0" /><INIT seed="4,0,0,1,0,88" ten="10,220,550,220" oya="0" hai0="67,61,121,114,50,2,110,21,70,74,89,35,81" hai1="125,25,85,3,94,130,20,14,0,17,56,30,43" hai2="73,101,86,31,4,60,100,98,109,10,131,102,53" hai3="132,71,91,42,123,69,68,103,83,59,26,92,104"/><T105/><D114/><U77/><E130/><V48/><F73/><W127/><G83/><T119/><D119/><U80/><E125/><V39/><F39/><W124/><G132/><T78/><D121/><U47/><E56/><V84/><F131/><W106/><G103/><T33/><D110/><U134/><E134/><V34/><F60/><W28/><G59/><T16/><D2/><U128/><E94/><V22/><F34/><W113/><G42/><T79/><D79/><U5/><E5/><V12/><F109/><W19/><G19/><T111/><D111/><U87/><E87/><V75/><F75/><W38/><G38/><T82/><D105/><U57/><E57/><V97/><F97/><N who="3" m="57503" /><G113/><T108/><D50/><U18/><E18/><V24/><F98/><W46/><G46/><AGARI ba="0,0" hai="4,10,12,22,24,31,46,48,53,84,86,100,101,102" machi="46" ten="40,1300,0" yaku="8,1" doraHai="88" who="2" fromWho="3" sc="10,0,220,0,550,13,220,-13" /><INIT seed="5,0,0,4,5,17" ten="10,220,563,207" oya="1" hai0="37,116,134,73,36,133,3,24,46,103,9,129,44" hai1="7,1,27,126,51,13,47,115,112,89,113,60,62" hai2="14,2,120,81,102,48,8,69,100,128,66,77,34" hai3="16,80,131,99,64,86,85,97,55,105,87,42,29"/><U75/><E1/><V125/><F34/><W119/><G105/><T43/><D73/><U67/><E75/><V88/><F2/><W132/><G132/><N who="0" m="50795" /><D103/><U33/><E126/><V57/><F125/><W6/><G131/><T70/><D24/><U98/><E7/><V106/><F128/><W84/><G119/><T68/><D9/><U61/><E13/><V82/><F120/><W35/><G6/><T118/><D3/><U49/><E67/><V23/><F106/><W25/><G64/><T28/><D28/><N who="1" m="19615" /><E47/><V93/><F69/><N who="0" m="26730" /><D129/><U124/><E124/><V40/><F82/><W56/><G42/><AGARI ba="0,0" hai="36,37,42,43,44,46,116,118" m="26730,50795" machi="42" ten="30,7700,0" yaku="20,1,23,1,34,2" doraHai="17" who="0" fromWho="3" sc="10,77,220,0,563,0,207,-77" /><INIT seed="6,0,0,0,1,109" ten="87,220,563,130" oya="2" hai0="96,62,90,112,127,128,5,23,63,83,95,97,13" hai1="25,84,130,2,38,111,43,73,60,125,100,42,101" hai2="1,4,58,20,110,48,31,21,76,11,131,132,78" hai3="55,72,15,87,93,113,79,0,36,121,67,61,102"/><V53/><F110/><W98/><G0/><T92/><D127/><U135/><E73/><V66/><F132/><W86/><G36/><T47/><D128/><U9/><E60/><V103/><F131/><W59/><G121/><T105/><D105/><U116/><E84/><V18/><F103/><W29/><G29/><T49/><D112/><U22/><E9/><V106/><F106/><W134/><G134/><T75/><D83/><U68/><E22/><V107/><F107/><W10/><G113/><T74/><D74/><U26/><E26/><V129/><F129/><W17/><G72/><T35/><D35/><U119/><E25/><V51/><F51/><W65/><G87/><T108/><D108/><U81/><E81/><AGARI ba="0,0" hai="10,15,17,55,59,61,65,67,79,81,86,93,98,102" machi="81" ten="40,1300,0" yaku="8,1" doraHai="109" who="3" fromWho="1" sc="87,0,220,-13,563,0,130,13" /><INIT seed="7,0,0,3,2,0" ten="87,207,563,143" oya="3" hai0="12,100,114,75,34,116,129,93,98,63,133,105,135" hai1="81,14,102,52,92,24,95,26,110,68,50,27,38" hai2="32,36,66,20,64,73,54,88,16,119,78,19,112" hai3="77,43,131,35,51,96,74,80,123,55,79,53,127"/><W115/><G123/><T33/><D63/><U62/><E38/><V31/><F36/><W41/><G35/><T124/><D12/><U8/><E110/><V67/><F119/><W101/><G115/><T45/><D45/><U30/><E68/><V42/><F42/><W5/><G79/><T85/><D34/><U29/><E81/><V7/><F112/><W86/><G74/><T1/><D33/><U91/><E102/><V108/><F108/><W126/><G131/><T17/><D17/><N who="1" m="8391" /><E62/><V18/><F78/><W47/><G41/><T25/><D25/><U104/><E104/><V134/><F73/><W90/><G90/><N who="0" m="53455" /><D1/><U94/><E91/><V13/><F32/><W117/><G117/><T128/><D114/><U69/><E69/><V10/><F134/><N who="0" m="51210" /><D116/><U121/><E121/><V132/><F132/><W82/><G82/><T89/><D89/><U107/><E29/><V109/><F109/><W125/><REACH who="3" step="1"/><G5/><REACH who="3" ten="87,207,563,133" step="2"/><T99/><D75/><U76/><E76/><V83/><F88/><W4/><G4/><T49/><D49/><U37/><E37/><V44/><F83/><W103/><G103/><N who="0" m="62711" /><D124/><U46/><E30/><V2/><F31/><W120/><G120/><T22/><D22/><U130/><E50/><V40/><F40/><W59/><G59/><T122/><D122/><U39/><E39/><V70/><F70/><W21/><G21/><T48/><D48/><U97/><E46/><V15/><F44/><W57/><G57/><T60/><D60/><U111/><E111/><V61/><F20/><W23/><G23/><T9/><D9/><U118/><E118/><RYUUKYOKU ba="0,1" sc="87,10,207,-30,563,10,133,10" hai0="99,100,128,129" hai2="2,7,10,13,15,16,18,19,54,61,64,66,67" hai3="43,47,51,53,55,77,80,86,96,101,125,126,127" /><INIT seed="7,1,1,0,0,127" ten="97,177,573,143" oya="3" hai0="30,113,97,61,58,86,31,36,25,101,26,85,124" hai1="81,108,44,132,17,70,33,106,90,63,82,45,38" hai2="100,4,126,56,53,19,121,68,27,114,102,129,111" hai3="133,22,112,104,48,20,24,134,75,87,13,34,92"/><W125/><G104/><T130/><D36/><U0/><E44/><V55/><F68/><W128/><G75/><T84/><D124/><U107/><E82/><V10/><F126/><W109/><G125/><T42/><D42/><U91/><E91/><V103/><F111/><W29/><G109/><T52/><D113/><U15/><E33/><V89/><F114/><W93/><G112/><T23/><D130/><U88/><E88/><V54/><F129/><W62/><G128/><T105/><REACH who="0" step="1"/><D84/><REACH who="0" ten="87,177,573,143" step="2"/><U122/><E38/><V98/><F121/><W66/><G87/><T51/><D51/><U123/><E123/><V37/><F37/><W76/><G48/><T99/><D99/><U83/><E122/><V79/><F79/><W47/><G76/><T72/><D72/><U77/><E77/><V18/><F98/><W1/><G1/><T118/><D118/><U94/><E0/><V69/><F69/><W5/><G47/><T64/><D64/><U9/><E70/><V60/><F89/><W67/><G66/><T74/><D74/><U115/><E90/><V119/><F119/><W43/><G43/><T12/><D12/><U39/><E15/><N who="2" m="5575" /><F27/><W32/><G67/><AGARI ba="1,2" hai="18,19,53,54,55,56,60,67,100,102,103" m="5575" machi="67" ten="30,1000,0" yaku="8,1" doraHai="127" who="2" fromWho="3" sc="87,0,177,0,573,33,143,-13" owari="87,-41.3,177,-2.3,606,70.6,130,-27.0" /></mjloggm>