<mjloggm ver="2.3"><GO type="169" lobby="0"/><UN n0="%E3%82%84%E3%82%89%E3%82%8C%E5%BD%B9" n1="%E3%81%88%E3%81%8C%E3%82%8F%E3%82%8A%E3%81%8A" n2="%E8%B4%88%E4%BA%BA%E8%A9%A9%E6%96%BC%E5%A4%A2" n3="%E6%84%9A%E5%85%84%E3%81%8C%E6%84%9A%E5%BD%A2" dan="17,16,17,18" rate="2156.64,2121.85,2182.10,2212.04" sx="M,M,M,M"/><TAIKYOKU oya="0"/><INIT seed="0,0,0,4,5,44" ten="250,250,250,250" oya="0" hai0="42,131,75,123,38,106,134,125,48,74,41,95,109" hai1="135,117,15,53,22,47,36,30,77,14,59,56,71" hai2="9,115,84,97,103,99,31,112,120,107,40,39,50" hai3="73,110,87,101,72,20,93,57,35,23,119,8,79"/><T66/><D106/><U4/><E117/><V114/><F39/><W13/><G35/><T128/><D123/><U3/><E71/><V82/><F120/><W70/><G70/><T52/><D125/><U113/><E3/><V76/><F31/><W122/><G110/><T94/><D134/><U127/><E135/><V96/><F9/><W78/><G119/><T11/><D66/><U64/><E127/><V43/><F40/><N who="0" m="15466" /><D11/><U92/><E36/><V21/><F21/><W104/><G104/><T62/><D62/><U37/><E37/><V33/><F33/><W29/><G73/><N who="0" m="27659" /><D38/><U1/><E1/><V46/><AGARI ba="0,0" hai="43,46,50,76,82,84,96,97,99,103,107,112,114,115" machi="46" ten="40,2700,0" yaku="0,1,52,1" doraHai="44" who="2" fromWho="2" sc="250,-13,250,-7,250,27,250,-7" /><INIT seed="1,0,0,0,0,118" ten="237,243,277,243" oya="1" hai0="0,121,30,108,2,130,115,11,76,127,58,82,122" hai1="106,18,44,79,5,9,83,86,91,85,67,60,107" hai2="89,19,88,55,84,64,12,112,14,49,101,125,124" hai3="50,98,114,133,23,80,7,97,13,74,1,22,66"/><U26/><E44/><V53/><F64/><W57/><G114/><T33/><D115/><U38/><E38/><V35/><F35/><W29/><G133/><T73/><D108/><U28/><E18/><V37/><F37/><W69/><G69/><T119/><D119/><U92/><E26/><V39/><F39/><W96/><G1/><N who="0" m="619" /><D11/><U131/><E28/><V32/><F32/><W41/><G29/><T45/><D58/><U52/><E131/><V31/><F31/><W47/><G74/><T100/><D45/><U113/><E113/><V123/><F112/><W104/><G104/><T63/><D63/><U75/><E75/><V120/><F101/><W110/><G110/><T111/><D111/><U34/><E34/><V77/><F77/><W16/><G80/><T116/><D116/><U36/><E36/><V78/><F78/><W25/><G7/><T99/><D127/><N who="2" m="48714" /><F55/><W70/><G70/><T8/><D8/><U54/><E107/><V71/><F71/><W94/><G94/><T24/><D130/><U40/><E106/><AGARI ba="0,0" hai="24,30,33,73,76,82,99,100,106,121,122" m="619" machi="106" ten="30,3900,0" yaku="23,1,52,2" doraHai="118" who="0" fromWho="1" sc="237,39,243,-39,277,0,243,0" /><INIT seed="2,0,0,2,3,55" ten="276,204,277,243" oya="2" hai0="28,99,88,5,110,10,15,68,7,97,100,94,98" hai1="60,69,41,89,43,35,65,108,80,50,4,64,129" hai2="36,19,30,95,21,71,103,52,16,34,102,85,93" hai3="91,86,121,59,54,75,73,123,87,114,101,22,112"/><V18/><F71/><W132/><G22/><T77/><D110/><U20/><E35/><V79/><F36/><W12/><G12/><T38/><D38/><U24/><E108/><V70/><F70/><W109/><G109/><T61/><D28/><U81/><E129/><V3/><F3/><W62/><G101/><N who="2" m="38409" /><F34/><W29/><G29/><T26/><D26/><U104/><E104/><V122/><F122/><W134/><G121/><T115/><D115/><N who="3" m="44073" /><G123/><T126/><D77/><U111/><E111/><V105/><F105/><W117/><G117/><T11/><D126/><U106/><E106/><V1/><F1/><W33/><G33/><T45/><D100/><U51/><E4/><V25/><F52/><N who="3" m="34151" /><G86/><T113/><D113/><U84/><E65/><V58/><F58/><W42/><G54/><T76/><D45/><U32/><E32/><V133/><F133/><N who="3" m="51307" /><G42/><T47/><D5/><U96/><E43/><V107/><F107/><W14/><BYE who="2" /><G14/><T82/><D15/><U44/><E96/><V13/><F13/><W37/><G37/><T125/><D7/><U90/><E84/><UN n2="%E8%B4%88%E4%BA%BA%E8%A9%A9%E6%96%BC%E5%A4%A2" /><V0/><F0/><W128/><G128/><T119/><D99/><U23/><E41/><V120/><F120/><W6/><G6/><T92/><D98/><U72/><E64/><V130/><F130/><W40/><G40/><T67/><D67/><U74/><E69/><V66/><F66/><W49/><G49/><T56/><D68/><U131/><E131/><V57/><F57/><W78/><G78/><T31/><D97/><U63/><E44/><V27/><F27/><AGARI ba="0,0" hai="20,23,24,27,50,51,60,63,72,74,80,81,89,90" machi="27" ten="25,1600,0" yaku="22,2" doraHai="55" who="1" fromWho="2" sc="276,0,204,16,277,-16,243,0" /><INIT seed="3,0,0,4,5,101" ten="276,220,261,243" oya="3" hai0="73,17,129,10,87,119,85,54,100,56,7,36,109" hai1="49,15,64,122,120,95,135,35,28,65,71,18,4" hai2="16,126,12,1,131,3,6,124,98,128,114,123,117" hai3="11,75,13,63,125,14,51,23,24,34,97,103,31"/><W29/><G125/><N who="2" m="48233" /><F114/><W59/><G75/><T48/><D119/><U43/><E135/><V53/><F117/><W46/><G34/><T21/><D73/><U86/><E4/><V116/><F116/><W41/><G29/><T102/><D36/><U19/><E35/><V66/><F66/><W32/><G32/><T118/><D109/><U110/><E28/><V47/><F123/><W57/><G11/><T88/><D85/><U72/><E72/><V52/><F98/><W84/><G84/><T22/><D129/><N who="2" m="49738" /><F6/><W38/><G38/><T61/><D118/><U112/><E112/><V25/><F25/><W26/><G26/><T42/><D7/><U69/><E110/><V99/><F99/><W113/><G113/><T27/><D27/><U111/><E111/><V104/><F104/><W81/><G81/><T127/><D127/><U68/><E65/><V80/><F80/><W96/><G96/><T39/><D102/><U83/><E64/><V45/><F45/><W55/><G57/><T67/><D100/><U60/><E83/><V92/><F92/><AGARI ba="0,0" hai="13,14,23,24,31,41,46,51,55,59,63,92,97,103" machi="92" ten="30,2900,0" yaku="7,1,8,1" doraHai="101" who="3" fromWho="2" sc="276,0,220,0,261,-29,243,29" /><INIT seed="3,1,0,1,1,52" ten="276,220,232,272" oya="3" hai0="93,129,3,125,39,56,28,82,127,49,21,38,121" hai1="35,74,86,40,104,42,68,60,103,5,78,7,30" hai2="79,70,135,4,117,19,63,55,57,51,77,134,64" hai3="22,47,6,11,71,13,45,97,83,131,120,110,81"/><W90/><G120/><T107/><D107/><U44/><E74/><V41/><F4/><W67/><G131/><T31/><D3/><U23/><E78/><V76/><F117/><W43/><G110/><T20/><D82/><U29/><E86/><V106/><F106/><W26/><G47/><T12/><D93/><U46/><E35/><V119/><F119/><W61/><G97/><T25/><D12/><U85/><E85/><V0/><F0/><W65/><G90/><T69/><D49/><U113/><E113/><V32/><F32/><W10/><G10/><T89/><D25/><U92/><E104/><V1/><F1/><W36/><REACH who="3" step="1"/><G65/><REACH who="3" ten="276,220,232,262" step="2"/><T80/><D89/><U122/><E122/><V54/><F41/><W73/><G73/><T16/><D129/><U94/><E103/><V33/><F33/><W123/><G123/><T126/><D121/><U124/><E23/><V99/><F99/><W24/><G24/><T27/><D21/><U88/><E88/><V111/><F111/><W9/><G9/><T50/><D20/><U8/><E8/><V15/><F77/><W53/><G53/><T116/><D27/><U101/><E101/><V66/><F66/><W14/><G14/><T98/><D98/><U37/><E40/><V118/><F55/><W18/><AGARI ba="1,1" hai="6,11,13,18,22,26,36,43,45,61,67,71,81,83" machi="18" ten="20,3900,0" yaku="1,1,0,1,7,1,53,0" doraHai="52" doraHaiUra="133" who="3" fromWho="3" sc="276,-14,220,-14,232,-14,262,52" /><INIT seed="3,2,0,2,3,67" ten="262,206,218,314" oya="3" hai0="39,18,127,22,134,102,47,83,95,11,65,88,37" hai1="46,100,17,38,81,61,44,105,99,79,8,30,50" hai2="112,53,42,29,14,23,71,123,49,27,64,36,133" hai3="45,124,41,121,110,113,107,57,84,58,73,114,34"/><W24/><G121/><T59/><D134/><U82/><E30/><V94/><F112/><W74/><G107/><T108/><D108/><U12/><E38/><V54/><F133/><W28/><G110/><T125/><D102/><U96/><E96/><V56/><F123/><W92/><G124/><T43/><D83/><U10/><E61/><N who="2" m="40335" /><F54/><W85/><G85/><T87/><D11/><U15/><E50/><V5/><F94/><W93/><G93/><T25/><REACH who="0" step="1"/><D39/><REACH who="0" ten="252,206,218,314" step="2"/><U60/><E81/><V21/><F5/><W106/><G114/><T51/><D51/><U6/><REACH who="1" step="1"/><E60/><AGARI ba="2,1" hai="18,22,25,37,43,47,59,60,65,87,88,95,125,127" machi="60" ten="40,5200,0" yaku="1,1,54,1,53,1" doraHai="67" doraHaiUra="63" who="0" fromWho="1" sc="252,68,206,-58,218,0,314,0" /><INIT seed="4,0,0,3,3,51" ten="320,148,218,314" oya="0" hai0="115,16,62,31,130,112,20,21,61,75,22,79,7" hai1="38,47,93,83,92,41,24,84,6,134,55,48,95" hai2="35,33,60,77,123,12,72,90,111,49,17,9,124" hai3="105,94,13,121,88,40,85,101,78,14,120,103,87"/><T53/><D130/><U80/><E134/><V67/><F111/><W50/><G40/><T4/><D79/><U131/><E131/><V109/><F109/><W29/><G29/><T69/><D75/><U64/><E64/><V3/><F123/><N who="3" m="47179" /><G105/><T36/><D36/><U110/><E110/><V19/><F124/><W18/><G13/><N who="0" m="9231" /><D69/><U34/><E6/><N who="0" m="2089" /><D31/><U107/><E107/><V102/><F102/><W56/><G85/><T23/><D53/><U58/><E80/><V30/><F3/><W89/><G78/><T66/><D66/><U68/><E68/><V54/><F30/><W28/><G28/><T117/><D117/><U37/><E34/><V27/><F77/><W1/><G1/><T91/><D91/><U76/><REACH who="1" step="1"/><E24/><REACH who="1" ten="320,138,218,314" step="2"/><V116/><F27/><W132/><G132/><T133/><D133/><U5/><E5/><V57/><F33/><W119/><G119/><T8/><D115/><U45/><E45/><V96/><F35/><W98/><G14/><T65/><D65/><U82/><E82/><V10/><F116/><W63/><G94/><T113/><D113/><U129/><E129/><V127/><F67/><W15/><G15/><T74/><D112/><U43/><E43/><V46/><F12/><W0/><G0/><T118/><D118/><U11/><E11/><V97/><F9/><W100/><G56/><T32/><D32/><U128/><E128/><V108/><F10/><W42/><G42/><T59/><D8/><U81/><E81/><V2/><F2/><W71/><G71/><T70/><D70/><U99/><E99/><V114/><F97/><RYUUKYOKU ba="0,1" sc="320,-10,138,30,218,-10,314,-10" hai1="37,38,41,47,48,55,58,76,83,84,92,93,95" /><INIT seed="5,1,1,5,1,6" ten="310,168,208,304" oya="1" hai0="64,88,123,113,116,1,71,70,17,117,16,49,22" hai1="26,103,32,43,62,38,99,84,61,130,11,2,95" hai2="42,76,97,119,93,0,109,18,69,51,29,50,91" hai3="83,68,98,72,77,94,52,135,74,105,10,57,30"/><U73/><E73/><V75/><F69/><W28/><G68/><T24/><D1/><U131/><E84/><V110/><F119/><W104/><G74/><T40/><D71/><U59/><E43/><V85/><F0/><W9/><G135/><T21/><D113/><U96/><E38/><V128/><F128/><N who="1" m="49193" /><E96/><V65/><F65/><W8/><G104/><T112/><D112/><U79/><E79/><V122/><F122/><W80/><G105/><T101/><D70/><U126/><E126/><V27/><F18/><W132/><G132/><T118/><D64/><U67/><E62/><V108/><F75/><W53/><G53/><T47/><D123/><U37/><E37/><V82/><REACH who="2" step="1"/><F42/><REACH who="2" ten="310,168,198,304" step="2"/><W54/><G54/><T35/><D118/><U33/><E26/><V100/><F100/><N who="3" m="60503" /><G72/><T4/><D117/><U25/><E25/><V121/><F121/><W125/><G125/><T114/><D114/><U41/><E41/><V13/><F13/><W120/><G120/><T106/><D116/><U39/><E39/><V102/><F102/><W34/><G52/><T48/><D101/><U44/><E44/><V127/><F127/><W111/><G30/><T66/><D40/><U3/><E3/><V58/><F58/><W20/><G57/><T90/><D47/><U12/><E2/><V45/><F45/><W55/><G28/><T92/><D24/><U60/><E60/><V124/><F124/><W115/><G115/><T36/><D36/><U46/><E46/><V81/><F81/><W134/><G83/><T78/><D66/><U56/><E56/><V31/><F31/><RYUUKYOKU ba="1,2" sc="310,-15,168,15,198,15,304,-15" hai1="11,12,32,33,59,61,67,95,99,103" hai2="27,29,50,51,76,82,85,91,93,97,108,109,110" /><INIT seed="5,2,2,2,3,96" ten="295,183,213,289" oya="1" hai0="72,6,103,88,55,101,119,1,3,9,18,26,78" hai1="29,41,114,100,99,93,62,22,11,42,107,102,83" hai2="123,14,39,60,91,75,8,106,50,28,126,51,121" hai3="63,120,70,92,118,57,2,125,73,59,45,30,0"/><U66/><E114/><V53/><F75/><W40/><G120/><T97/><D119/><U76/><E11/><V25/><F39/><W47/><G73/><T44/><D1/><U79/><E107/><V21/><F106/><W108/><G108/><T37/><D18/><U24/><E102/><V20/><F126/><W68/><G30/><T133/><D26/><U74/><REACH who="1" step="1"/><E79/><REACH who="1" ten="295,173,213,289" step="2"/><V81/><F123/><W110/><G118/><T98/><D103/><U67/><E67/><V129/><F121/><W12/><G125/><T36/><D101/><U104/><E104/><V128/><F129/><W115/><G115/><T113/><D9/><U19/><E19/><N who="2" m="10359" /><F8/><W80/><G110/><T109/><D109/><U124/><E124/><V130/><F128/><W65/><G65/><T77/><D77/><U127/><E127/><V112/><F130/><W46/><G0/><T33/><D3/><U49/><E49/><V16/><F112/><W54/><G2/><T116/><D113/><U132/><E132/><V122/><F122/><W5/><G5/><T43/><D133/><U31/><E31/><V17/><F50/><W4/><G4/><T15/><D6/><U117/><E117/><V10/><F10/><W27/><G63/><T94/><D116/><U56/><AGARI ba="2,3" hai="22,24,29,41,42,56,62,66,74,76,83,93,99,100" machi="56" ten="20,18000,2" yaku="1,1,0,1,7,1,25,2,52,1,53,1" doraHai="96" doraHaiUra="23" who="1" fromWho="1" sc="295,-62,173,216,213,-62,289,-62" /><INIT seed="5,3,0,4,1,71" ten="233,389,151,227" oya="1" hai0="0,8,51,26,37,78,133,14,18,4,48,77,56" hai1="41,125,9,101,99,88,68,21,6,47,81,11,35" hai2="20,75,57,19,33,89,38,115,36,102,24,105,87" hai3="79,1,109,107,5,10,119,45,22,2,16,126,42"/><U116/><E116/><V70/><F70/><W96/><G109/><T29/><D133/><U15/><E35/><V59/><F75/><W30/><G126/><T49/><D56/><U64/><E125/><V25/><F102/><W95/><G79/><T134/><D134/><U130/><E130/><V28/><F105/><W39/><G119/><T113/><D113/><U50/><E68/><V83/><REACH who="2" step="1"/><F115/><REACH who="2" ten="233,389,141,227" step="2"/><W74/><G74/><T63/><D78/><U131/><E101/><V123/><F123/><W73/><G73/><T100/><D77/><U69/><E69/><V12/><F12/><W127/><G127/><T110/><D14/><U118/><E15/><V60/><F60/><W3/><G107/><T23/><D63/><U121/><E121/><V94/><F94/><W61/><G61/><T120/><D100/><U132/><E132/><V55/><F55/><W85/><G1/><T67/><D0/><U106/><E106/><V13/><F13/><W44/><G2/><T97/><D120/><U34/><E118/><V43/><F43/><W90/><G42/><T112/><D112/><U117/><E117/><V104/><F104/><W122/><G122/><T92/><D92/><U54/><E41/><V62/><F62/><W80/><G95/><T52/><D52/><U84/><E54/><V93/><F93/><W108/><G3/><T103/><D103/><U128/><E128/><V65/><F65/><W135/><G135/><T66/><D66/><U86/><E64/><V114/><F114/><W7/><G7/><T27/><D4/><U124/><E6/><V58/><AGARI ba="3,1" hai="19,20,24,25,28,33,36,38,57,58,59,83,87,89" machi="58" ten="30,16000,3" yaku="1,1,5,1,0,1,52,2,53,3" doraHai="71" doraHaiUra="53" who="2" fromWho="2" sc="233,-43,389,-83,141,179,227,-43" /><INIT seed="6,0,0,3,0,47" ten="190,306,320,184" oya="2" hai0="122,53,70,96,72,127,133,3,60,7,119,51,57" hai1="123,99,68,16,110,31,120,25,126,128,42,29,58" hai2="108,56,125,86,12,81,52,66,117,100,134,45,105" hai3="40,113,39,71,106,135,35,88,11,64,98,69,62"/><V48/><F117/><W75/><G75/><T10/><D122/><N who="1" m="46635" /><E110/><V17/><F125/><W63/><G135/><T50/><D72/><U130/><E68/><V65/><F134/><W73/><G73/><T109/><D109/><U121/><E126/><V27/><F27/><W46/><G113/><T49/><D133/><U1/><E121/><V24/><F24/><W13/><G35/><T30/><D127/><U101/><E1/><V83/><F83/><W82/><G106/><T76/><D76/><U129/><E42/><V34/><F34/><W107/><G107/><T23/><D96/><U103/><E58/><V41/><F100/><N who="1" m="38473" /><E99/><V89/><F105/><W26/><G98/><T9/><D70/><U0/><E0/><V132/><F108/><W116/><G116/><T94/><D119/><U118/><E118/><V61/><F132/><W102/><G102/><T131/><D3/><U85/><E85/><V14/><F14/><W54/><G26/><N who="0" m="16735" /><D131/><U22/><AGARI ba="0,0" hai="16,22,25,29,31,128,129,130" m="38473,46635" machi="22" ten="40,5200,0" yaku="19,1,13,1,54,1" doraHai="47" who="1" fromWho="1" sc="190,-13,306,52,320,-26,184,-13" /><INIT seed="7,0,0,2,1,29" ten="177,358,294,171" oya="3" hai0="94,106,22,9,89,53,91,77,25,74,114,34,84" hai1="33,121,40,107,78,12,120,38,92,87,134,129,30" hai2="69,37,14,124,88,122,116,70,15,59,45,63,23" hai3="65,108,112,48,97,39,16,35,105,44,133,131,103"/><W98/><G39/><T42/><D34/><U73/><E12/><V95/><F116/><W130/><G108/><T61/><D106/><U11/><E11/><V135/><F124/><W128/><G112/><T80/><D114/><U20/><E20/><V102/><F102/><W66/><G133/><T13/><D42/><U50/><E50/><V32/><F32/><W0/><G0/><T82/><D53/><U52/><E52/><V67/><F135/><W64/><G98/><T96/><D61/><U26/><E129/><V17/><F122/><W5/><G5/><T56/><D56/><U3/><E3/><V99/><F15/><W85/><G85/><N who="0" m="50343" /><D74/><U6/><E6/><V110/><F110/><W83/><G83/><T31/><D13/><U4/><E4/><V109/><F109/><W54/><G35/><T75/><D75/><U57/><E107/><V68/><F45/><W100/><G100/><N who="0" m="60439" /><D9/><U93/><E57/><V51/><F37/><W117/><G117/><T62/><D62/><U126/><E126/><V125/><F125/><W104/><G105/><T10/><D10/><U58/><E58/><V2/><F2/><W19/><AGARI ba="0,0" hai="16,19,44,48,54,64,65,66,97,103,104,128,130,131" machi="19" ten="40,7800,0" yaku="0,1,19,1,54,1" doraHai="29" who="3" fromWho="3" sc="177,-26,358,-26,294,-26,171,78" /><INIT seed="7,1,0,5,1,109" ten="151,332,268,249" oya="3" hai0="80,71,131,111,105,22,124,91,24,103,76,125,5" hai1="11,23,68,121,45,6,57,95,87,51,56,114,4" hai2="115,33,86,122,104,60,47,120,90,62,116,83,127" hai3="38,78,20,3,72,126,55,0,108,34,85,64,117"/><W75/><G117/><T29/><D111/><U119/><E114/><V19/><F33/><W44/><G34/><T49/><D71/><U106/><E106/><V13/><F116/><W27/><G108/><T100/><D131/><U107/><E107/><V77/><F104/><W41/><G64/><T7/><D91/><U18/><E68/><V113/><F47/><W8/><G55/><T40/><D105/><U53/><E121/><N who="2" m="46699" /><F77/><W17/><G126/><T69/><D69/><U15/><E119/><V82/><F82/><W92/><G8/><T63/><D63/><N who="2" m="24106" /><F127/><W96/><G85/><T73/><D125/><U36/><E36/><V61/><N who="2" m="24114" /><V59/><DORA hai="67" /><F59/><N who="1" m="22601" /><E23/><AGARI ba="1,0" hai="13,19,23,83,86,90,113,115" m="24114,46699" machi="23" ten="40,5200,0" yaku="13,1,52,2" doraHai="109,67" who="2" fromWho="1" sc="151,0,332,-55,268,55,249,0" owari="151,-34.9,277,7.7,323,42.3,249,-15.1" /></mjloggm>