<mjloggm ver="2.3"><GO type="169" lobby="0"/><UN n0="%69%6B%61%6D%6F%66%75%40" n1="%E6%84%9B%E3%81%AF%E6%AD%A3%E7%BE%A9" n2="%E9%B3%B4%E8%8C%B6" n3="%70%6F%6E%2D%65%6E" dan="17,16,16,16" rate="2221.21,2102.92,2146.45,2133.09" sx="M,F,M,F"/><TAIKYOKU oya="0"/><INIT seed="0,0,0,0,4,59" ten="250,250,250,250" oya="0" hai0="49,69,32,106,108,86,78,79,74,126,124,61,102" hai1="2,28,129,40,41,76,82,27,99,123,60,1,33" hai2="97,113,98,75,73,10,88,37,50,53,19,46,57" hai3="70,93,44,20,25,31,133,14,122,12,9,92,48"/><T47/><D32/><U16/><E123/><V94/><F113/><W68/><G133/><T67/><D74/><U117/><E117/><V13/><REACH who="2" step="1"/><F98/><REACH who="2" ten="250,250,240,250" step="2"/><W80/><G122/><T104/><D108/><U34/><E129/><V64/><F64/><W77/><G70/><T95/><D106/><U0/><E99/><V132/><F132/><W6/><G68/><T110/><D110/><U56/><E34/><V58/><F58/><W15/><G93/><T39/><D104/><U21/><E33/><V54/><F54/><W120/><G92/><T24/><D69/><U85/><REACH who="1" step="1"/><E28/><REACH who="1" ten="250,240,240,250" step="2"/><V105/><F105/><W135/><G120/><T38/><D102/><U11/><E11/><V26/><F26/><W5/><G135/><T111/><D24/><U112/><E112/><V116/><F116/><W103/><G9/><T3/><D111/><U90/><E90/><V8/><F8/><W22/><G22/><T89/><D89/><U100/><E100/><V62/><F62/><W17/><G103/><T109/><D61/><U125/><E125/><V71/><F71/><W130/><G130/><T83/><D109/><U36/><E36/><V128/><F128/><W45/><G31/><T118/><D39/><U121/><E121/><V42/><AGARI ba="0,2" hai="10,13,19,37,42,46,50,53,57,73,75,88,94,97" machi="42" ten="30,7900,0" yaku="1,1,0,1,54,1,53,1" doraHai="59" doraHaiUra="52" who="2" fromWho="2" sc="250,-39,240,-20,240,99,250,-20" /><INIT seed="1,0,0,1,1,110" ten="211,220,339,230" oya="1" hai0="80,77,129,33,73,125,127,43,6,81,9,123,87" hai1="3,117,75,79,31,99,82,78,109,18,96,29,0" hai2="5,130,69,35,102,114,108,112,100,58,97,40,2" hai3="94,132,68,27,63,48,56,59,121,11,101,76,104"/><U8/><E117/><V50/><F69/><W25/><G121/><T92/><D123/><U90/><E109/><V4/><F108/><W113/><G68/><T115/><D33/><U57/><E79/><V86/><F35/><W17/><G104/><T22/><D129/><U30/><E57/><V14/><F130/><W120/><G76/><T95/><D43/><U134/><E134/><V122/><F122/><W53/><G132/><T91/><D22/><U124/><E124/><N who="0" m="47689" /><D115/><N who="2" m="44074" /><F2/><AGARI ba="0,0" hai="2,6,9,73,77,80,81,87,91,92,95" m="47689" machi="2" ten="30,1000,0" yaku="18,1" doraHai="110" who="0" fromWho="2" sc="211,10,220,0,339,-10,230,0" /><INIT seed="2,0,0,1,2,86" ten="221,220,329,230" oya="2" hai0="15,76,28,74,25,108,55,101,119,22,125,13,24" hai1="53,81,58,4,50,3,72,48,35,31,124,2,66" hai2="96,92,112,52,44,84,105,26,20,69,116,46,67" hai3="110,42,36,100,23,133,64,10,40,12,41,32,79"/><V34/><F112/><W132/><G32/><T109/><D101/><U82/><E124/><V51/><F116/><W114/><G110/><N who="0" m="42603" /><D76/><U16/><E66/><V129/><F129/><W131/><G131/><T1/><D74/><U111/><E111/><V87/><F34/><W90/><G114/><T61/><D1/><U29/><E35/><V43/><F105/><W60/><G23/><N who="0" m="15391" /><D55/><U19/><E72/><V68/><F67/><W127/><G127/><T135/><D61/><U115/><E115/><V59/><F69/><W27/><G100/><T88/><D125/><U5/><E53/><V65/><F68/><W118/><G79/><T47/><D47/><N who="2" m="17962" /><F65/><W33/><G41/><T30/><D135/><U102/><E102/><N who="2" m="60679" /><F43/><W130/><G42/><T94/><D119/><U91/><REACH who="1" step="1"/><E58/><REACH who="1" ten="221,210,329,230" step="2"/><V126/><F126/><W107/><G64/><T120/><D120/><U70/><E70/><V97/><F97/><AGARI ba="0,1" hai="13,15,22,25,30,88,94,97" m="15391,42603" machi="97" ten="30,3900,0" yaku="14,1,52,1,54,1" doraHai="86" who="0" fromWho="2" sc="221,49,210,0,329,-39,230,0" /><INIT seed="3,0,0,1,4,36" ten="270,210,290,230" oya="3" hai0="128,48,61,63,84,92,96,112,66,125,27,40,39" hai1="53,81,2,102,97,33,26,119,46,86,47,35,106" hai2="38,103,10,3,8,12,82,72,122,60,120,11,45" hai3="91,29,20,68,28,90,65,41,126,75,98,0,55"/><W67/><G0/><T57/><D39/><U16/><E119/><V78/><F103/><W123/><G75/><T59/><D125/><U44/><E2/><V19/><F60/><W95/><G123/><N who="2" m="47145" /><F3/><W54/><G126/><T50/><D128/><U70/><E70/><V111/><F111/><W108/><G108/><T131/><D131/><U121/><E121/><V129/><F129/><W74/><G74/><T79/><D27/><U58/><E26/><V69/><F69/><W127/><G127/><T73/><D73/><U14/><E58/><V34/><F34/><W9/><G9/><T6/><D6/><U31/><E31/><V107/><F107/><W101/><G20/><T93/><D93/><U13/><E13/><V109/><F109/><W77/><G95/><T5/><D5/><U118/><E53/><V116/><F116/><W49/><G49/><N who="0" m="19051" /><D84/><U71/><E71/><V30/><F30/><W42/><G98/><T87/><D87/><U1/><E1/><V24/><F24/><W113/><G68/><T117/><D79/><U15/><E15/><V94/><F94/><W76/><REACH who="3" step="1"/><G101/><REACH who="3" ten="270,210,290,220" step="2"/><T115/><D117/><U21/><REACH who="1" step="1"/><E118/><REACH who="1" ten="270,200,290,220" step="2"/><V83/><F82/><W18/><G18/><T43/><D96/><U4/><E4/><V110/><F110/><W25/><G25/><T32/><D32/><U134/><E134/><V114/><F114/><AGARI ba="0,2" hai="28,29,41,42,54,55,65,67,76,77,90,91,113,114" machi="114" ten="25,12000,1" yaku="1,1,22,2,52,2,53,0" doraHai="36" doraHaiUra="89" who="3" fromWho="2" sc="270,0,200,0,290,-120,220,140" /><INIT seed="3,1,0,3,0,1" ten="270,200,170,360" oya="3" hai0="4,84,129,126,8,113,59,14,53,71,78,22,40" hai1="52,29,133,49,68,0,81,132,55,73,27,42,105" hai2="61,62,79,114,83,11,51,101,33,12,15,125,66" hai3="108,65,121,95,90,57,3,20,118,54,122,93,9"/><W10/><G118/><T39/><D71/><U47/><E68/><V77/><F114/><W120/><G65/><T100/><D113/><U135/><E105/><V102/><F33/><W63/><G3/><T24/><D126/><U34/><REACH who="1" step="1"/><E0/><REACH who="1" ten="270,190,170,360" step="2"/><V18/><F125/><W85/><G120/><T67/><D129/><U17/><E17/><V104/><F104/><W50/><G121/><T117/><D117/><U123/><E123/><V88/><F102/><W107/><G122/><T5/><D100/><U74/><E74/><V109/><F101/><W92/><G107/><T41/><D5/><U134/><N who="1" m="33792" /><DORA hai="7" /><U130/><E130/><V38/><F18/><W32/><G108/><T94/><D4/><U28/><E28/><V96/><F109/><W110/><G110/><T112/><D112/><U45/><E45/><V60/><F66/><W37/><G85/><T86/><D84/><U76/><AGARI ba="1,1" hai="27,29,34,42,47,49,52,55,73,76,81" m="33792" machi="76" ten="60,16000,3" yaku="1,1,0,1,20,1,54,1,53,4" doraHai="1,7" doraHaiUra="128,119" who="1" fromWho="1" sc="270,-41,190,173,170,-41,360,-81" /><INIT seed="4,0,0,3,4,92" ten="229,363,129,279" oya="0" hai0="87,29,115,135,63,119,27,89,31,40,28,35,130" hai1="54,125,71,23,69,20,127,109,99,90,48,98,76" hai2="95,26,94,19,124,17,52,41,117,86,8,43,50" hai3="66,131,61,65,21,16,2,82,110,107,122,56,123"/><T47/><D119/><U25/><E109/><V10/><F117/><W13/><G110/><T62/><D115/><U32/><E76/><V126/><F26/><W77/><G131/><T12/><D130/><U113/><E32/><V53/><F50/><W7/><G107/><T9/><D135/><U11/><E11/><V80/><F86/><W67/><G7/><T18/><D31/><U116/><E116/><V37/><REACH who="2" step="1"/><F80/><REACH who="2" ten="229,363,119,279" step="2"/><W112/><G112/><T55/><D29/><U83/><E83/><V24/><F24/><W1/><G123/><T75/><D75/><U118/><E118/><V81/><F81/><W70/><G122/><T46/><D46/><U36/><E25/><V102/><F102/><W88/><G77/><T34/><D34/><U133/><E48/><V0/><F0/><W93/><G82/><N who="0" m="49399" /><D40/><U120/><E90/><V100/><F100/><W3/><REACH who="3" step="1"/><G70/><REACH who="3" ten="229,363,119,269" step="2"/><T4/><D4/><U44/><E69/><V68/><F68/><W134/><G134/><T45/><D45/><U39/><E71/><V38/><AGARI ba="0,2" hai="8,10,17,19,37,38,41,43,52,53,94,95,124,126" machi="38" ten="25,8000,1" yaku="1,1,0,1,22,2,54,1,53,0" doraHai="92" doraHaiUra="114" who="2" fromWho="2" sc="229,-40,363,-20,119,100,269,-20" /><INIT seed="5,0,0,3,5,92" ten="189,343,219,249" oya="1" hai0="113,99,88,18,16,9,134,96,123,74,8,79,34" hai1="57,6,17,86,80,13,52,31,125,3,135,67,81" hai2="129,115,95,128,102,75,98,112,21,49,94,59,1" hai3="78,83,63,84,106,122,14,26,133,29,71,66,54"/><U5/><E125/><V0/><F21/><W70/><G122/><T110/><D110/><U53/><E135/><V43/><F75/><W51/><G133/><T117/><D117/><U50/><E31/><V42/><F59/><W72/><G106/><T19/><D134/><U127/><E3/><N who="2" m="1099" /><F49/><W107/><G107/><T28/><D123/><U103/><E103/><V22/><F22/><W32/><G14/><T55/><D113/><N who="2" m="43594" /><F95/><W12/><G12/><T91/><D55/><U41/><E127/><V56/><F56/><W119/><G119/><T58/><D58/><U105/><E105/><V130/><AGARI ba="0,0" hai="42,43,94,98,102,128,129,130" m="43594,1099" machi="130" ten="40,8000,1" yaku="19,1,15,1,11,1,52,1" doraHai="92" who="2" fromWho="2" sc="189,-20,343,-40,219,80,249,-20" /><INIT seed="6,0,0,0,3,61" ten="169,303,299,229" oya="2" hai0="128,60,103,71,116,2,83,129,41,5,135,26,51" hai1="34,101,120,10,115,28,13,105,106,134,20,17,36" hai2="124,70,90,38,47,42,58,11,48,7,31,67,123" hai3="86,109,85,43,40,54,92,110,68,62,9,99,64"/><V108/><F123/><W112/><G112/><T133/><D26/><U97/><E115/><V19/><F124/><W32/><G32/><T12/><D2/><U130/><E120/><V81/><F108/><W121/><G121/><T46/><D103/><U16/><E130/><N who="0" m="50281" /><D83/><U93/><E134/><N who="0" m="51209" /><D12/><U55/><E36/><V35/><F19/><W27/><G27/><T52/><D5/><U63/><E28/><V94/><F81/><W49/><G109/><T126/><D126/><U122/><E34/><V65/><F31/><W4/><G110/><T14/><D14/><U75/><E75/><V76/><F35/><W79/><G86/><T53/><D116/><U3/><E3/><V30/><F76/><W78/><G85/><T102/><D102/><U119/><E122/><V23/><F70/><W50/><G79/><T74/><D74/><U111/><E119/><V66/><F30/><W37/><G78/><T56/><D71/><U131/><E111/><V117/><F23/><W82/><G82/><T100/><D100/><U107/><E131/><V95/><F117/><W15/><G99/><T98/><D98/><U21/><E17/><V87/><F95/><W44/><G92/><T127/><D127/><U77/><E77/><V57/><REACH who="2" step="1"/><F38/><REACH who="2" ten="169,303,289,229" step="2"/><W91/><G68/><T72/><D72/><U114/><E114/><V80/><F80/><W45/><G4/><T39/><D39/><U132/><E132/><V33/><F33/><W25/><G37/><T84/><D84/><U88/><E101/><V8/><F8/><W24/><G9/><T59/><D46/><U96/><E97/><RYUUKYOKU ba="0,1" sc="169,10,303,10,289,10,229,-30" hai0="41,51,52,53,56,59,60" hai1="10,13,16,20,21,55,63,88,93,96,105,106,107" hai2="7,11,42,47,48,57,58,65,66,67,87,90,94" /><INIT seed="6,1,1,3,4,18" ten="179,313,299,199" oya="2" hai0="13,12,74,64,97,23,114,16,15,57,3,51,8" hai1="123,94,21,135,40,111,78,79,50,131,132,9,60" hai2="68,66,100,87,46,71,69,48,117,99,101,88,14" hai3="47,22,93,120,10,127,109,37,103,81,113,45,121"/><V19/><F117/><W54/><G109/><T28/><D74/><U32/><E111/><V0/><F0/><W104/><G104/><T106/><D114/><U70/><E32/><V43/><F66/><W25/><G113/><T125/><D125/><U122/><E9/><V11/><REACH who="2" step="1"/><F99/><REACH who="2" ten="179,313,289,199" step="2"/><W63/><G120/><T27/><D97/><U49/><E123/><V86/><F86/><W6/><G121/><T30/><D64/><U83/><E122/><V59/><F59/><W95/><G127/><T116/><D116/><U24/><E132/><V17/><F17/><W92/><G6/><T118/><D118/><U72/><E135/><V91/><F91/><W76/><G103/><T31/><D3/><U110/><E110/><V55/><F55/><W82/><G54/><N who="0" m="31967" /><D106/><U61/><E79/><V128/><F128/><W62/><G76/><T119/><D119/><U29/><E131/><V84/><F84/><W73/><G73/><T42/><D42/><U112/><E112/><V129/><F129/><W85/><G85/><T124/><D124/><U41/><E41/><V35/><F35/><W133/><G133/><T90/><D90/><U7/><E40/><V65/><F65/><W102/><G102/><T5/><AGARI ba="1,2" hai="5,8,12,13,15,16,23,27,28,30,31" m="31967" machi="5" ten="30,4000,0" yaku="8,1,52,1,54,1" doraHai="18" who="0" fromWho="0" sc="179,63,313,-11,289,-21,199,-11" /><INIT seed="7,0,0,5,1,0" ten="242,302,268,188" oya="3" hai0="64,61,44,108,122,72,134,59,55,42,10,115,133" hai1="26,131,58,43,16,39,84,32,110,107,37,106,51" hai2="85,132,78,27,35,75,103,2,81,99,50,57,95" hai3="94,38,135,120,123,70,17,105,68,67,48,21,29"/><W54/><G105/><T6/><D108/><U22/><E110/><V80/><F132/><N who="0" m="50794" /><D122/><U104/><E131/><V15/><F2/><W118/><G135/><T83/><D115/><U12/><E84/><V13/><F35/><W53/><G118/><T47/><D64/><U25/><E25/><V41/><F27/><W34/><G38/><T127/><D127/><U98/><E98/><V112/><F112/><W92/><G34/><T33/><D33/><U63/><E51/><V45/><REACH who="2" step="1"/><F57/><REACH who="2" ten="242,302,258,188" step="2"/><W74/><G29/><T19/><D59/><U117/><E117/><V124/><F124/><W71/><G67/><T60/><D47/><U7/><E32/><V114/><F114/><W73/><G120/><T8/><D44/><U116/><E116/><V65/><F65/><W49/><G123/><T62/><D60/><U119/><E119/><V88/><AGARI ba="0,1" hai="13,15,41,45,50,75,78,80,81,85,88,95,99,103" machi="88" ten="20,8000,1" yaku="1,1,0,1,7,1,54,1,53,1" doraHai="0" doraHaiUra="97" who="2" fromWho="2" sc="242,-20,302,-20,258,90,188,-40" owari="222,-17.8,282,8.2,348,44.8,148,-35.2" /></mjloggm>