<mjloggm ver="2.3"><GO type="169" lobby="0"/><UN n0="%E3%81%BE%E3%81%A1%E3%81%8A" n1="%E3%81%97%E3%82%82%E3%82%93%E3%81%AC" n2="%E3%81%B3%E3%82%8A%E3%81%B3%E3%82%8A%E2%98%86%E3%83%93%E3%83%AA%E3%83%BC" n3="%E3%81%AE%E3%81%AF%E3%81%A3%E3%81%A1" dan="16,16,17,16" rate="2142.04,2208.57,2215.91,2198.18" sx="M,M,M,M"/><TAIKYOKU oya="0"/><INIT seed="0,0,0,5,0,78" ten="250,250,250,250" oya="0" hai0="49,124,1,135,96,71,16,87,134,101,4,94,5" hai1="127,98,68,106,8,112,30,105,34,88,26,90,48" hai2="51,110,27,46,86,12,100,32,36,15,91,53,2" hai3="61,42,115,58,118,55,59,113,120,131,125,6,97"/><T3/><D71/><U54/><E127/><V47/><F110/><W122/><G6/><T14/><D124/><U128/><E128/><V74/><F74/><W37/><G125/><T35/><D35/><U79/><E112/><V10/><F100/><W123/><G97/><T92/><D49/><U24/><E68/><V117/><F117/><W70/><G70/><T89/><D5/><U0/><E79/><V65/><F65/><W31/><G31/><T64/><D64/><U93/><E24/><V50/><F36/><W41/><G118/><T57/><D57/><U66/><E66/><V83/><F2/><W80/><G131/><T114/><D114/><U102/><E0/><V104/><F104/><W28/><G28/><T129/><D129/><U95/><E8/><V17/><F32/><W81/><G113/><T82/><D92/><U73/><E73/><V84/><F84/><W107/><G107/><T38/><D38/><U132/><E102/><V23/><REACH who="2" step="1"/><F10/><REACH who="2" ten="250,250,240,250" step="2"/><W43/><G37/><T72/><D72/><U108/><E108/><V130/><F130/><W103/><G103/><T69/><D69/><U20/><E34/><V52/><AGARI ba="0,1" hai="12,15,17,23,27,46,47,50,51,52,53,83,86,91" machi="52" ten="20,12000,2" yaku="1,1,0,1,7,1,9,1,8,1,52,1,54,1,53,0" doraHai="78" doraHaiUra="119" who="2" fromWho="2" sc="250,-60,250,-30,240,130,250,-30" /><INIT seed="1,0,0,2,1,101" ten="190,220,370,220" oya="1" hai0="103,39,5,42,34,2,13,113,100,54,79,50,11" hai1="81,16,70,92,51,108,98,36,126,87,66,24,7" hai2="94,14,62,71,12,83,125,18,133,28,128,65,9" hai3="58,76,69,93,123,44,0,8,41,64,107,31,1"/><U109/><E36/><V30/><F128/><W74/><G123/><T72/><D113/><U82/><E7/><V52/><F133/><W95/><G0/><T48/><D34/><U53/><E66/><V57/><F125/><W59/><G31/><T110/><D110/><N who="1" m="42603" /><E70/><V119/><F119/><W23/><G23/><T29/><D29/><U105/><E126/><V25/><F83/><W17/><G17/><T132/><D132/><U80/><E105/><V114/><F114/><W60/><G107/><T68/><D68/><U121/><E121/><V20/><F94/><W78/><G95/><T46/><D13/><U111/><N who="1" m="42611" /><U63/><DORA hai="67" /><E63/><V55/><F14/><W99/><G8/><T115/><D115/><U112/><E112/><V37/><F37/><W102/><G1/><T15/><D15/><U6/><E6/><V40/><F40/><W104/><G104/><T84/><D50/><U96/><E87/><V43/><F43/><W32/><G32/><T49/><D49/><U130/><E92/><V61/><F55/><W35/><G69/><T73/><D84/><U131/><E131/><V85/><F85/><W122/><G122/><T26/><D73/><U3/><E3/><V27/><F27/><W38/><G74/><T4/><D26/><U129/><E129/><V21/><F21/><W106/><G93/><T120/><D120/><U19/><E130/><V91/><F91/><W124/><G124/><T116/><D116/><U97/><E24/><V86/><F86/><W75/><G75/><T33/><D72/><U77/><E77/><V118/><F118/><RYUUKYOKU ba="0,0" sc="190,-15,220,15,370,15,220,-15" hai1="16,19,51,53,80,81,82,96,97,98" hai2="9,12,18,20,25,28,30,52,57,61,62,65,71" /><INIT seed="1,1,0,1,1,55" ten="175,235,385,205" oya="1" hai0="36,50,8,28,116,53,120,90,42,124,12,16,62" hai1="19,97,96,6,99,107,32,5,66,34,126,10,113" hai2="41,40,79,86,89,67,23,78,58,93,117,13,63" hai3="98,37,121,51,49,38,17,111,7,61,135,76,87"/><U125/><E113/><V110/><F110/><W15/><G121/><T114/><D116/><U18/><E107/><V129/><F129/><W65/><G111/><T44/><D114/><U29/><E66/><V133/><F133/><W109/><G109/><T26/><D120/><U45/><E45/><V82/><F117/><W9/><G135/><T77/><D124/><N who="1" m="47723" /><E29/><V108/><F108/><W88/><G76/><T118/><D118/><U69/><E69/><V22/><F79/><W81/><G98/><T1/><D1/><U75/><E75/><V94/><F94/><W21/><G38/><T33/><D77/><U48/><E48/><V73/><F23/><W100/><G100/><T92/><D62/><U102/><E102/><V101/><F101/><W74/><G37/><T25/><D25/><U52/><E52/><V103/><F103/><W128/><G74/><T132/><D132/><U68/><E68/><V91/><F91/><W39/><G39/><T123/><D123/><U57/><E57/><V127/><F127/><W43/><G43/><T119/><D119/><U112/><E112/><V134/><F134/><W35/><G35/><N who="1" m="13354" /><E10/><V47/><F47/><W46/><G46/><T24/><D33/><U106/><E106/><V70/><F70/><W122/><G122/><T27/><D28/><U11/><E11/><V31/><F31/><W130/><G128/><T59/><REACH who="0" step="1"/><D27/><REACH who="0" ten="165,235,385,205" step="2"/><U72/><E72/><V2/><F73/><W85/><G130/><T64/><D64/><U20/><E20/><V95/><F22/><W131/><G131/><T115/><D115/><U80/><E80/><RYUUKYOKU ba="1,1" sc="165,15,235,15,385,-15,205,-15" hai0="8,12,16,24,26,36,42,44,50,53,59,90,92" hai1="5,6,18,19,96,97,99" /><INIT seed="1,2,1,5,5,42" ten="180,250,370,190" oya="1" hai0="5,1,36,129,98,64,56,48,6,49,75,17,104" hai1="34,78,11,61,66,84,70,118,117,131,30,112,59" hai2="127,94,134,88,86,81,27,90,95,63,114,109,128" hai3="92,122,74,108,120,102,60,29,87,47,58,111,73"/><U130/><E34/><V85/><F109/><N who="3" m="42059" /><G29/><T62/><D75/><N who="3" m="28681" /><G47/><T33/><D33/><U96/><E30/><V80/><F134/><W21/><G21/><T23/><D36/><U25/><E25/><V43/><F128/><N who="1" m="49193" /><E96/><V19/><F127/><W77/><G102/><T101/><D129/><U50/><E11/><V106/><F106/><W76/><G92/><T10/><REACH who="0" step="1"/><D6/><REACH who="0" ten="170,250,370,190" step="2"/><U100/><E117/><V4/><F4/><W7/><G7/><T13/><AGARI ba="2,2" hai="1,5,10,13,17,23,48,49,56,62,64,98,101,104" machi="13" ten="20,8000,1" yaku="1,1,2,1,0,1,7,1,53,1" doraHai="42" doraHaiUra="52" who="0" fromWho="0" sc="170,106,250,-42,370,-22,190,-22" /><INIT seed="2,0,0,1,2,14" ten="276,208,348,168" oya="2" hai0="24,87,8,110,25,33,85,54,44,12,52,71,120" hai1="135,5,102,3,63,75,0,118,93,26,46,107,90" hai2="94,101,108,28,130,65,1,96,129,41,133,13,48" hai3="4,55,2,91,114,123,51,15,67,50,35,86,109"/><V76/><F1/><W122/><G109/><T59/><D120/><U72/><E118/><V88/><F108/><W10/><G114/><T45/><D71/><U58/><E135/><V116/><F116/><W37/><G37/><T104/><D104/><U127/><E127/><V79/><F133/><W103/><G35/><T78/><D110/><U97/><E46/><N who="0" m="18025" /><D33/><U81/><E5/><V124/><F124/><W36/><G36/><T11/><D11/><U42/><E42/><V47/><F65/><W80/><G67/><T23/><D54/><U32/><E72/><V73/><F28/><W39/><G39/><T38/><D38/><U6/><E6/><V99/><F13/><W56/><G51/><N who="0" m="31135" /><D78/><U74/><E74/><V106/><REACH who="2" step="1"/><F73/><REACH who="2" ten="276,208,338,168" step="2"/><W40/><G40/><T29/><D25/><U68/><E26/><V31/><F31/><W95/><G2/><T64/><D64/><U57/><E0/><V60/><F60/><W27/><G27/><T30/><D29/><U128/><E3/><V49/><F49/><W117/><G117/><T53/><D53/><U69/><E63/><V132/><F132/><W83/><G123/><T43/><D43/><U134/><E134/><V77/><AGARI ba="0,1" hai="41,47,48,76,77,79,88,94,96,99,101,106,129,130" machi="77" ten="30,12000,1" yaku="1,1,0,1,54,1,53,2" doraHai="14" doraHaiUra="92" who="2" fromWho="2" sc="276,-40,208,-40,338,130,168,-40" /><INIT seed="2,1,0,1,0,109" ten="236,168,468,128" oya="2" hai0="77,29,45,34,58,19,38,61,91,47,7,115,57" hai1="131,20,22,96,80,1,95,113,24,39,37,130,18" hai2="93,69,56,43,52,87,42,124,6,40,125,54,82" hai3="51,104,112,132,17,41,101,27,97,14,110,126,62"/><V73/><F69/><W36/><G110/><T90/><D77/><U102/><E1/><V76/><F6/><W116/><G116/><T35/><D7/><U134/><E134/><V13/><F13/><W53/><G126/><N who="2" m="48745" /><F56/><W133/><G36/><T5/><D5/><U106/><E106/><V64/><F64/><W31/><G41/><T121/><D19/><U50/><E50/><V114/><F114/><W71/><G62/><T11/><D11/><U74/><E113/><V63/><F63/><W23/><G71/><T108/><D108/><U105/><E105/><V44/><F44/><W81/><G81/><T111/><D111/><U89/><E20/><V48/><F48/><W30/><G112/><T120/><D115/><U103/><E37/><V4/><F4/><W119/><G119/><T128/><D61/><U99/><E39/><V59/><F59/><W72/><G72/><T79/><D38/><U2/><E2/><V70/><F70/><W123/><G123/><T118/><D118/><U32/><E32/><V25/><F25/><W78/><G78/><T8/><D79/><U68/><E68/><V98/><F73/><W33/><REACH who="3" step="1"/><G30/><REACH who="3" ten="236,168,468,118" step="2"/><T21/><D29/><U127/><E127/><V129/><F43/><W107/><G107/><T16/><D121/><U66/><E74/><V84/><F42/><W135/><G135/><T55/><D120/><U3/><E80/><V0/><F40/><W28/><G28/><T85/><D55/><U67/><E67/><V49/><F82/><W46/><AGARI ba="1,1" hai="14,17,23,27,31,33,46,51,53,97,101,104,132,133" machi="46" ten="30,2000,0" yaku="1,1,0,1,53,0" doraHai="109" doraHaiUra="88" who="3" fromWho="3" sc="236,-6,168,-6,468,-11,118,33" /><INIT seed="3,0,0,2,0,98" ten="230,162,457,151" oya="3" hai0="53,44,45,46,80,79,42,74,36,72,123,13,91" hai1="8,47,24,107,49,100,70,67,33,26,76,94,82" hai2="105,71,28,12,133,127,96,84,83,43,56,25,17" hai3="58,9,3,109,108,54,55,121,20,48,87,85,125"/><W104/><G121/><T41/><D123/><U93/><E8/><V7/><F133/><W52/><G125/><T86/><D74/><U124/><E124/><V110/><F110/><N who="3" m="42603" /><G104/><T19/><D53/><N who="3" m="20585" /><G20/><T50/><D46/><U131/><E131/><V4/><F105/><W88/><G88/><T22/><REACH who="0" step="1"/><D72/><REACH who="0" ten="220,162,457,151" step="2"/><U95/><E47/><V89/><F127/><W38/><G38/><T135/><D135/><U0/><E67/><V81/><F43/><W113/><G113/><T122/><D122/><U30/><E49/><V61/><F61/><W128/><G128/><T115/><D115/><U34/><E0/><V63/><F63/><W101/><G101/><T1/><D1/><U103/><E107/><V57/><F89/><AGARI ba="0,1" hai="13,19,22,36,41,42,44,45,50,79,80,86,89,91" machi="89" ten="40,1300,0" yaku="1,1,53,0" doraHai="98" doraHaiUra="129" who="0" fromWho="2" sc="220,23,162,0,457,-13,151,0" /><INIT seed="4,0,0,0,5,135" ten="243,162,444,151" oya="0" hai0="54,25,133,48,15,38,68,47,83,61,29,30,21" hai1="102,87,73,11,128,46,62,91,80,119,55,24,0" hai2="39,28,72,6,115,113,42,75,110,90,32,76,7" hai3="126,53,40,111,57,26,17,93,130,31,9,107,10"/><T86/><D133/><U1/><E119/><V71/><F110/><W14/><G107/><T74/><D74/><U98/><E128/><V77/><F71/><W106/><G106/><T65/><D15/><U64/><E73/><V124/><F28/><W37/><G111/><T58/><D30/><U27/><E55/><V51/><F42/><W59/><G130/><T103/><D103/><U114/><E46/><V85/><F51/><W63/><G37/><T70/><REACH who="0" step="1"/><D38/><REACH who="0" ten="233,162,444,151" step="2"/><U116/><E116/><V99/><F39/><W78/><G14/><T49/><D49/><U52/><E0/><V66/><F75/><W118/><G31/><T45/><D45/><U94/><E114/><V97/><F72/><W4/><G118/><T79/><AGARI ba="0,1" hai="21,25,29,47,48,54,58,61,65,68,70,79,83,86" machi="79" ten="20,3900,0" yaku="1,1,0,1,7,1,53,0" doraHai="135" doraHaiUra="134" who="0" fromWho="0" sc="233,49,162,-13,444,-13,151,-13" /><INIT seed="4,1,0,3,2,104" ten="282,149,431,138" oya="0" hai0="35,87,70,65,26,36,133,80,42,62,9,20,108" hai1="2,10,28,98,30,109,89,117,23,50,130,121,67" hai2="52,131,55,44,19,59,4,101,116,97,90,37,78" hai3="123,5,58,73,77,103,95,29,63,41,114,60,66"/><T33/><D133/><U99/><E121/><V88/><F131/><W135/><G114/><T54/><D9/><U43/><E109/><V12/><F4/><W8/><G135/><T69/><D108/><U129/><E117/><V46/><F78/><W119/><G119/><T76/><D70/><U74/><E67/><V122/><F122/><W39/><G123/><T113/><D113/><U71/><E71/><V110/><F110/><W45/><G29/><T93/><D42/><U14/><E2/><V125/><F125/><W11/><G63/><T22/><D36/><U47/><E74/><V134/><F134/><W105/><G105/><T86/><D54/><U84/><E129/><V72/><F72/><W6/><G11/><T51/><D51/><U111/><E130/><V24/><F24/><W100/><G95/><T124/><D124/><U112/><E112/><V31/><F31/><N who="1" m="11817" /><E23/><V96/><F116/><W81/><REACH who="3" step="1"/><G5/><REACH who="3" ten="282,149,431,128" step="2"/><T118/><D118/><U17/><E111/><V7/><F7/><W102/><G102/><T107/><D107/><U56/><E56/><V25/><F101/><W57/><G57/><T128/><D128/><U127/><E127/><V91/><F59/><W120/><G120/><T15/><D69/><U0/><E0/><AGARI ba="1,1" hai="0,6,8,39,41,45,58,60,66,73,77,81,100,103" machi="0" ten="30,12000,2" yaku="1,1,7,1,25,2,52,1,53,1" doraHai="104" doraHaiUra="79" who="3" fromWho="1" sc="282,0,149,-123,431,0,128,133" /><INIT seed="5,0,0,5,2,40" ten="282,26,431,261" oya="1" hai0="8,17,92,72,32,115,113,89,80,86,45,19,90" hai1="48,60,131,107,44,104,7,47,1,111,52,127,117" hai2="74,5,28,71,110,16,133,96,129,50,120,31,30" hai3="67,43,119,61,83,9,0,2,51,116,112,57,70"/><U13/><E117/><V4/><F110/><W122/><G122/><T100/><D32/><U95/><E111/><V114/><F120/><W23/><G112/><N who="0" m="43083" /><D100/><U91/><E1/><V128/><F114/><W36/><G23/><T58/><D72/><U62/><E127/><V64/><F74/><W39/><G83/><T87/><D58/><U108/><E108/><V53/><F133/><W15/><G39/><T46/><D19/><U77/><E77/><V11/><F96/><W42/><G42/><T132/><D132/><U124/><E124/><V79/><F79/><W126/><G126/><T38/><D38/><U56/><E131/><N who="2" m="50251" /><F64/><W66/><G66/><T33/><D33/><U88/><E91/><V65/><F65/><W22/><G22/><T105/><D105/><U98/><E104/><V84/><F84/><W35/><G35/><T93/><D93/><U34/><E107/><V103/><F71/><W123/><G123/><T109/><D109/><U27/><E34/><V54/><F103/><W78/><G78/><T130/><D130/><U24/><E60/><V12/><F54/><N who="3" m="31967" /><G119/><T99/><D87/><U82/><E82/><V18/><F5/><N who="3" m="3503" /><G116/><T101/><D101/><U59/><E59/><AGARI ba="0,0" hai="4,11,12,16,18,28,30,31,50,53,59" m="50251" machi="59" ten="30,2000,0" yaku="19,1,54,1" doraHai="40" who="2" fromWho="1" sc="282,0,26,-20,431,20,261,0" /><INIT seed="6,0,0,2,1,33" ten="282,6,451,261" oya="2" hai0="116,129,114,22,86,8,56,43,123,134,74,14,104" hai1="122,100,46,101,21,27,15,2,55,54,91,119,62" hai2="111,135,4,78,113,58,118,84,60,25,42,71,120" hai3="82,65,47,72,96,115,103,127,83,10,130,6,17"/><V57/><F118/><W132/><G130/><T49/><D74/><U117/><E62/><V81/><F120/><W29/><G127/><T5/><D123/><U126/><E126/><V89/><F113/><W88/><G132/><T30/><D104/><U34/><E34/><V45/><F135/><W3/><G115/><T128/><D114/><U121/><E15/><V52/><F111/><W36/><G29/><T109/><D134/><U94/><E46/><V75/><F4/><W97/><G65/><T20/><D109/><U105/><E105/><V125/><F125/><W48/><G17/><T61/><D116/><U77/><E77/><V1/><F1/><W12/><G12/><T66/><D86/><U108/><E108/><V107/><F107/><W93/><G36/><T59/><D30/><U70/><E70/><V9/><F9/><W69/><G69/><T68/><D68/><U0/><E94/><V18/><F58/><W23/><G23/><T102/><D102/><U133/><E133/><V131/><F131/><N who="0" m="50250" /><D59/><U40/><E21/><V53/><F71/><W95/><G72/><T64/><D66/><U112/><E112/><V32/><F32/><W124/><G124/><T7/><D7/><U67/><E67/><V31/><F18/><W41/><AGARI ba="0,0" hai="3,6,10,41,47,48,82,83,88,93,95,96,97,103" machi="41" ten="20,5200,0" yaku="0,1,7,1,52,1,54,1" doraHai="33" who="3" fromWho="3" sc="282,-13,6,-13,451,-26,261,52" owari="269,-13.1,-7,-50.7,425,52.5,313,11.3" /></mjloggm>