<mjloggm ver="2.3"><GO type="169" lobby="0"/><UN n0="%E4%BE%8D" n1="%E5%A7%AB%E7%95%99" n2="%E5%A4%A9%E7%8B%90" n3="%E4%B8%89%E5%8D%81%E7%94%BB%E7%94%9F" dan="17,16,16,16" rate="2230.91,2131.31,2088.28,2129.31" sx="M,M,M,M"/><TAIKYOKU oya="0"/><INIT seed="0,0,0,4,3,87" ten="250,250,250,250" oya="0" hai0="29,56,120,30,26,7,99,124,15,75,39,109,118" hai1="80,108,20,63,106,32,45,50,6,114,125,123,72" hai2="54,60,119,33,129,25,88,107,122,94,8,68,28" hai3="115,117,53,16,18,21,132,44,95,12,86,1,92"/><T111/><D120/><U49/><E123/><V48/><F122/><W4/><G115/><T71/><D118/><U112/><E32/><V10/><F129/><W81/><G117/><T78/><D71/><U77/><E108/><N who="0" m="41545" /><D39/><U5/><E106/><V3/><F107/><W84/><G132/><T36/><D36/><U100/><E100/><V57/><F3/><W66/><G66/><T113/><D113/><N who="1" m="43627" /><E125/><V135/><F135/><W59/><G44/><T102/><D124/><U69/><E20/><V47/><F68/><W35/><G35/><T67/><D75/><U126/><E126/><V61/><F119/><W128/><G128/><T96/><D78/><U13/><E13/><V130/><F130/><W19/><G1/><T133/><D133/><U14/><E14/><V23/><F33/><W9/><G21/><N who="0" m="15567" /><D30/><U85/><E72/><V83/><F83/><W103/><G103/><T34/><D34/><U127/><E127/><V62/><REACH who="2" step="1"/><F47/><REACH who="2" ten="250,250,240,250" step="2"/><W89/><REACH who="3" step="1"/><G84/><AGARI ba="0,1" hai="8,10,23,25,28,48,54,57,60,61,62,84,88,94" machi="84" ten="40,8000,1" yaku="1,1,2,1,8,1,52,1,54,1,53,0" doraHai="87" doraHaiUra="134" who="2" fromWho="3" sc="250,0,250,0,240,90,250,-80" /><INIT seed="1,0,0,1,1,18" ten="250,250,330,170" oya="1" hai0="118,120,110,54,79,90,28,130,123,67,21,131,105" hai1="4,133,12,15,34,78,16,10,116,134,127,68,89" hai2="46,84,86,65,108,38,76,107,71,82,31,14,81" hai3="55,1,80,92,3,23,6,85,61,19,43,27,7"/><U87/><E68/><V45/><F107/><W99/><G43/><T113/><D113/><U11/><E116/><V106/><F106/><W128/><G128/><N who="0" m="49195" /><D118/><U35/><E78/><V94/><F108/><W117/><G117/><T119/><D119/><U63/><E63/><V36/><F71/><W91/><G3/><T57/><D105/><U58/><E58/><V66/><F31/><W69/><G1/><T122/><D79/><U95/><REACH who="1" step="1"/><E127/><REACH who="1" ten="250,240,330,170" step="2"/><V114/><F76/><N who="3" m="46215" /><G69/><T72/><D57/><AGARI ba="0,1" hai="6,7,19,23,27,55,57,61,91,92,99" m="46215" machi="57" ten="30,3900,0" yaku="25,1,8,1,52,1" doraHai="18" who="3" fromWho="0" sc="250,-39,240,0,330,0,170,49" /><INIT seed="2,0,0,0,0,74" ten="211,240,330,219" oya="2" hai0="6,26,107,116,122,91,99,8,39,46,97,134,48" hai1="59,51,37,95,88,98,75,85,132,14,82,79,78" hai2="36,45,83,89,131,80,112,27,33,101,120,110,108" hai3="106,10,22,42,90,113,68,9,31,111,24,77,62"/><V118/><F112/><W127/><G111/><N who="2" m="42537" /><F118/><W87/><G106/><T73/><D122/><U93/><E37/><V7/><F120/><W61/><G127/><T1/><D134/><U18/><E132/><V128/><F101/><W20/><G113/><T119/><D39/><U67/><E75/><V84/><F7/><W65/><G42/><T133/><D133/><U117/><E117/><N who="0" m="45129" /><D73/><U96/><E96/><V105/><F105/><W129/><G129/><N who="2" m="49737" /><F45/><W11/><G62/><T103/><D26/><U35/><E35/><V15/><F15/><W124/><G124/><T23/><D107/><U123/><E123/><V17/><F36/><W34/><REACH who="3" step="1"/><G77/><REACH who="3" ten="211,240,330,209" step="2"/><T70/><D103/><U4/><E78/><N who="2" m="46103" /><F33/><W57/><G57/><T19/><D70/><U130/><E59/><V102/><F102/><W21/><G21/><T104/><D23/><U64/><E130/><V54/><F54/><W60/><G60/><T29/><D104/><U43/><E79/><V126/><F126/><W114/><G114/><T56/><D46/><U52/><E52/><V109/><F109/><W2/><G2/><T66/><D1/><U13/><E43/><V121/><F121/><W47/><G47/><T69/><D69/><U135/><E135/><V16/><F27/><W92/><AGARI ba="0,1" hai="9,10,11,20,22,24,31,34,61,65,68,87,90,92" machi="92" ten="30,4000,0" yaku="1,1,0,1,53,1" doraHai="74" doraHaiUra="30" who="3" fromWho="3" sc="211,-10,240,-10,330,-20,209,50" /><INIT seed="3,0,0,3,0,45" ten="201,230,310,259" oya="3" hai0="60,121,52,11,36,111,67,65,91,27,116,9,83" hai1="34,30,129,18,135,71,10,119,86,125,127,79,109" hai2="50,82,75,23,42,15,128,16,59,81,101,130,115" hai3="24,40,55,22,78,35,64,98,8,95,87,106,131"/><W32/><G131/><N who="2" m="50217" /><F115/><W41/><G106/><T7/><D121/><U37/><E37/><V56/><F101/><W80/><G64/><T92/><D116/><U46/><E46/><N who="2" m="25943" /><F75/><W44/><G8/><T110/><D83/><AGARI ba="0,0" hai="15,16,23,56,59,81,82,83" m="25943,50217" machi="83" ten="30,3900,0" yaku="19,1,52,1,54,1" doraHai="45" who="2" fromWho="0" sc="201,-39,230,0,310,39,259,0" /><INIT seed="4,0,0,3,1,2" ten="162,230,349,259" oya="0" hai0="120,29,32,80,125,90,126,20,65,76,47,124,52" hai1="123,133,24,70,9,6,12,37,51,132,21,89,102" hai2="46,107,59,58,101,84,34,44,27,108,5,93,42" hai3="118,85,11,28,130,97,74,92,100,87,22,53,116"/><T55/><D120/><U122/><E37/><V69/><F69/><W121/><G74/><T94/><D32/><U68/><E102/><V3/><F108/><W30/><G130/><T131/><D131/><U64/><E89/><V134/><F107/><W16/><G121/><N who="1" m="46090" /><E51/><V75/><F75/><W109/><G109/><T72/><D65/><U78/><E78/><V50/><F134/><N who="1" m="51817" /><E64/><V40/><F27/><W135/><G135/><T43/><D20/><U106/><E106/><V104/><F34/><W95/><G100/><T73/><D29/><AGARI ba="0,0" hai="6,9,12,21,24,29,68,70" m="51817,46090" machi="29" ten="30,2000,0" yaku="20,1,52,1" doraHai="2" who="1" fromWho="0" sc="162,-20,230,20,349,0,259,0" /><INIT seed="5,0,0,2,1,130" ten="142,250,349,259" oya="1" hai0="44,43,0,95,118,112,3,35,32,36,66,2,80" hai1="91,119,92,31,102,63,10,73,77,83,104,115,101" hai2="46,6,24,45,13,23,99,110,132,78,30,15,134" hai3="59,98,107,125,70,113,135,25,52,127,51,19,87"/><U72/><E31/><V111/><F78/><W67/><G113/><T122/><D95/><U21/><E21/><V58/><F58/><W117/><G117/><T38/><D118/><U16/><E119/><V133/><F99/><W108/><G108/><N who="2" m="41513" /><F13/><W7/><G7/><T123/><D112/><U96/><E115/><V60/><F60/><N who="3" m="40295" /><G87/><T79/><D66/><U5/><E63/><V100/><F100/><N who="1" m="38505" /><E16/><N who="2" m="10655" /><F6/><W106/><G98/><T29/><D38/><U105/><E10/><V53/><F53/><W42/><G42/><T124/><D124/><N who="3" m="47689" /><G25/><T47/><D47/><U103/><E5/><V126/><F126/><W71/><G19/><T12/><D12/><U55/><E55/><V4/><F4/><W17/><G17/><T120/><REACH who="0" step="1"/><D29/><REACH who="0" ten="132,250,349,259" step="2"/><U18/><E18/><V56/><F56/><W1/><G71/><T90/><D90/><U86/><E105/><N who="3" m="39946" /><G1/><T93/><D93/><U121/><E121/><V62/><F62/><W26/><G26/><T28/><D28/><U116/><E116/><V50/><F50/><W39/><G39/><T41/><D41/><U27/><E27/><V61/><F61/><W22/><G22/><AGARI ba="0,1" hai="22,24,30,45,46,132,133,134" m="10655,41513" machi="22" ten="40,8000,1" yaku="20,1,52,3,54,1" doraHai="130" who="2" fromWho="3" sc="132,0,250,0,349,90,259,-80" /><INIT seed="6,0,0,1,2,127" ten="132,250,439,179" oya="2" hai0="49,94,78,41,89,26,134,68,12,114,104,119,132" hai1="133,24,97,6,50,7,98,93,91,20,82,128,28" hai2="125,129,17,52,115,72,88,105,74,40,77,75,11" hai3="85,60,65,70,81,33,79,124,54,62,32,90,92"/><V56/><F115/><W103/><G124/><T76/><D68/><U30/><E133/><N who="0" m="51305" /><D26/><U10/><E128/><V29/><F129/><W14/><G103/><T108/><D12/><N who="1" m="5207" /><E7/><V5/><F105/><W61/><G14/><T47/><D108/><U16/><E82/><V48/><F125/><W44/><G62/><T135/><N who="0" m="51313" /><T117/><DORA hai="118" /><D104/><U55/><E98/><V63/><F29/><W51/><REACH who="3" step="1"/><G61/><REACH who="3" ten="132,250,439,169" step="2"/><T113/><D119/><U45/><AGARI ba="0,1" hai="16,20,24,28,30,45,50,55,91,93,97" m="5207" machi="45" ten="30,2000,0" yaku="8,1,54,1" doraHai="127,118" who="1" fromWho="1" sc="132,-5,250,30,439,-10,169,-5" /><INIT seed="7,0,0,4,4,133" ten="127,280,429,164" oya="3" hai0="100,67,53,124,83,20,8,70,69,71,93,87,72" hai1="135,85,116,48,79,15,119,82,6,106,123,121,61" hai2="46,25,96,97,126,125,105,26,12,91,127,128,88" hai3="131,107,56,14,55,17,57,65,38,42,29,111,103"/><W76/><G131/><T60/><D72/><U94/><E106/><V120/><F128/><W80/><G29/><T54/><D20/><U62/><E135/><V99/><F105/><W51/><G111/><T52/><D124/><U0/><E0/><V66/><F120/><W113/><G38/><T34/><D34/><U43/><E94/><V90/><F66/><W35/><G42/><T110/><D110/><U77/><E77/><V63/><F63/><N who="1" m="24073" /><E6/><V9/><F46/><W47/><G65/><T50/><D50/><U24/><E15/><V22/><F22/><W58/><G35/><T30/><D30/><U129/><E24/><V18/><AGARI ba="0,0" hai="9,12,18,25,26,88,90,91,96,97,99,125,126,127" machi="18" ten="40,16000,3" yaku="0,1,29,2,18,1,52,3,54,1" doraHai="133" who="2" fromWho="2" sc="127,-40,280,-40,429,160,164,-80" owari="87,-31.3,240,4.0,589,68.9,84,-41.6" /></mjloggm>