<mjloggm ver="2.3"><GO type="169" lobby="0"/><UN n0="%E9%B3%B4%E8%8C%B6" n1="%E5%A4%A9%E7%A9%BA%E3%81%AE%E6%8A%80" n2="%E3%81%B8%E3%81%9D%E3%81%AA%E3%82%81%E3%81%9F%E3%81%84" n3="%E7%94%9F%E4%BD%93%E3%81%AE%E6%A7%8B%E9%80%A0%31" dan="16,16,16,17" rate="2167.90,2144.07,2144.19,2193.40" sx="M,M,M,M"/><TAIKYOKU oya="0"/><INIT seed="0,0,0,5,4,59" ten="250,250,250,250" oya="0" hai0="60,17,69,2,5,133,97,3,109,87,57,124,37" hai1="8,46,79,100,44,118,21,52,103,43,20,72,135" hai2="74,29,78,55,7,15,22,42,121,28,9,54,73" hai3="83,119,75,34,134,66,0,10,76,70,126,89,84"/><T30/><D37/><U58/><E135/><V131/><F121/><W95/><G134/><T110/><D133/><U125/><E125/><V130/><F42/><W13/><G126/><T45/><D124/><U92/><E46/><V94/><F94/><W56/><G119/><T77/><D69/><U88/><E79/><V105/><F105/><W26/><G0/><T62/><D30/><N who="2" m="11882" /><F22/><N who="1" m="8809" /><E72/><N who="2" m="27755" /><F78/><W40/><G40/><T81/><D17/><U71/><E71/><V91/><F91/><W120/><G70/><T96/><D45/><U113/><E113/><V24/><F24/><W82/><G26/><T68/><D68/><U18/><E43/><V116/><F116/><W67/><G34/><T31/><D31/><U48/><E44/><V51/><F51/><W80/><G120/><T86/><D57/><U32/><E32/><V39/><F39/><W11/><G11/><N who="0" m="2487" /><D3/><U90/><E118/><V12/><F12/><W85/><G56/><T47/><D47/><U123/><E123/><V33/><F33/><W128/><G95/><T53/><D53/><U1/><E1/><V98/><F98/><N who="0" m="37994" /><D87/><N who="1" m="52255" /><E90/><V114/><F114/><W4/><G89/><T63/><D77/><U129/><E8/><V65/><F65/><W106/><G66/><T16/><D86/><U107/><E48/><V19/><F19/><W127/><G67/><T102/><D81/><U101/><E18/><V61/><F61/><N who="0" m="15618" /><T104/><DORA hai="23" /><D16/><U49/><E107/><V50/><F50/><W112/><G127/><T6/><D6/><U64/><E64/><V35/><F35/><W36/><G36/><T25/><D25/><RYUUKYOKU ba="0,0" sc="250,10,250,10,250,10,250,-30" hai0="102,104,109,110" hai1="49,52,58,100,101,103,129" hai2="7,9,15,54,55,130,131" /><INIT seed="0,1,0,3,3,121" ten="260,260,260,220" oya="0" hai0="95,55,7,132,86,47,89,26,93,27,104,117,66" hai1="35,92,109,5,59,8,9,6,15,105,62,126,69" hai2="14,18,67,28,16,52,103,68,49,3,87,50,125" hai3="99,31,17,97,107,102,45,96,21,44,75,33,131"/><T51/><D104/><U127/><E105/><V43/><F3/><W91/><G75/><T36/><D117/><U130/><E35/><V1/><F1/><W39/><G131/><T65/><D132/><U60/><E69/><V4/><F103/><W112/><G112/><T81/><D36/><U22/><E22/><V122/><F122/><W38/><G33/><T83/><D7/><U29/><E92/><N who="0" m="35401" /><D83/><U128/><E59/><V12/><F28/><W20/><G91/><T24/><AGARI ba="1,0" hai="24,26,27,47,51,55,65,66,81,86,89" m="35401" machi="24" ten="30,1500,0" yaku="8,1" doraHai="121" who="0" fromWho="0" sc="260,18,260,-6,260,-6,220,-6" /><INIT seed="0,2,0,5,1,37" ten="278,254,254,214" oya="0" hai0="77,113,8,47,48,9,94,82,44,49,46,127,135" hai1="11,19,120,83,38,86,81,74,112,102,42,50,17" hai2="34,129,99,130,134,55,57,39,2,45,76,79,92" hai3="114,27,0,20,29,109,91,26,73,90,131,71,72"/><T125/><D113/><U88/><E38/><V43/><F34/><W25/><G114/><T70/><D70/><U64/><E120/><V84/><F2/><W18/><G71/><T10/><D94/><U93/><E64/><V68/><F68/><W105/><G0/><T31/><D31/><U15/><E102/><V56/><F134/><W23/><G105/><T117/><D117/><U53/><E112/><V30/><F30/><W65/><G65/><T96/><D96/><U12/><E74/><V3/><F3/><W7/><G7/><T101/><D101/><U85/><E85/><V24/><F24/><W132/><G132/><T59/><D59/><N who="1" m="33207" /><E42/><V61/><F56/><W118/><G118/><T13/><D135/><U98/><E98/><V40/><F40/><W100/><G100/><T107/><D107/><U80/><E80/><V69/><F69/><W21/><G131/><N who="2" m="50185" /><F84/><W33/><G73/><N who="0" m="43311" /><D13/><U121/><E121/><V67/><F67/><W89/><G72/><T58/><D58/><U106/><E106/><V63/><F63/><W28/><REACH who="3" step="1"/><G109/><REACH who="3" ten="278,254,254,204" step="2"/><T103/><D103/><AGARI ba="2,1" hai="39,43,45,55,57,61,76,79,92,99,103" m="50185" machi="103" ten="30,2000,0" yaku="19,1,52,1" doraHai="37" who="2" fromWho="0" sc="278,-26,254,0,254,36,204,0" /><INIT seed="1,0,0,1,2,86" ten="252,254,290,204" oya="1" hai0="13,27,32,121,51,112,104,111,97,72,128,101,91" hai1="8,45,58,102,113,15,87,55,17,5,49,103,78" hai2="84,29,35,38,0,26,34,1,92,127,116,37,69" hai3="120,133,53,16,109,98,95,6,68,66,94,20,129"/><U42/><E113/><V119/><F69/><W33/><G120/><T74/><D112/><U7/><E7/><V25/><F84/><W12/><G109/><T106/><D111/><U135/><E135/><V39/><F92/><W23/><G133/><T44/><D121/><U130/><E130/><V54/><F54/><W108/><G108/><T63/><D106/><U48/><REACH who="1" step="1"/><E17/><REACH who="1" ten="252,244,290,204" step="2"/><V9/><F127/><W123/><G129/><T110/><D128/><U76/><E76/><V40/><F40/><W90/><G123/><T11/><D110/><U88/><E88/><V114/><F114/><W28/><G90/><T81/><D91/><U64/><E64/><V131/><F131/><W134/><G6/><T60/><D81/><AGARI ba="0,1" hai="5,8,15,42,45,48,49,55,58,78,81,87,102,103" machi="81" ten="40,12000,1" yaku="1,1,25,2,8,1,53,1" doraHai="86" doraHaiUra="43" who="1" fromWho="0" sc="252,-120,244,130,290,0,204,0" /><INIT seed="1,1,0,4,1,28" ten="132,374,290,204" oya="1" hai0="13,84,96,71,132,128,97,106,64,35,52,101,126" hai1="89,40,22,55,4,130,27,75,2,33,58,98,76" hai2="9,53,111,54,49,135,42,68,74,120,116,85,113" hai3="90,5,10,77,12,26,134,127,83,8,47,133,7"/><U70/><E130/><V0/><F116/><W118/><G118/><T108/><D128/><U78/><E70/><V20/><F120/><W93/><G127/><T122/><D126/><U45/><E2/><V41/><F74/><W73/><G26/><T61/><D108/><U51/><E4/><V114/><F0/><W25/><G25/><T80/><D122/><U31/><E75/><V94/><F9/><W102/><G102/><T82/><D132/><U16/><E89/><V92/><F20/><W129/><G129/><T117/><D117/><U123/><E98/><V38/><F49/><W11/><G47/><T46/><D96/><U121/><E123/><V37/><F85/><W87/><REACH who="3" step="1"/><G10/><REACH who="3" ten="132,374,290,194" step="2"/><T100/><D101/><U91/><E121/><V23/><F23/><W119/><G119/><T15/><D35/><U32/><E32/><V104/><F111/><W57/><G57/><T69/><D71/><U109/><E109/><V107/><REACH who="2" step="1"/><F68/><REACH who="2" ten="132,374,280,194" step="2"/><W88/><G88/><T124/><D124/><U131/><E91/><V62/><F62/><W110/><G110/><T65/><D69/><U59/><E131/><V103/><F103/><W14/><AGARI ba="1,2" hai="5,7,8,11,12,14,73,77,83,87,90,93,133,134" machi="14" ten="30,4000,0" yaku="1,1,0,1,9,1,53,0" doraHai="28" doraHaiUra="125" who="3" fromWho="3" sc="132,-11,374,-21,280,-11,194,63" /><INIT seed="2,0,0,5,4,51" ten="121,353,269,257" oya="2" hai0="5,95,27,7,57,109,44,62,123,6,73,1,92" hai1="86,85,24,102,63,56,129,53,120,40,89,84,111" hai2="115,3,33,11,114,79,49,113,88,133,90,70,23" hai3="67,96,25,107,110,43,12,124,58,16,94,55,17"/><V116/><F116/><W81/><G107/><T72/><D123/><U48/><E111/><V66/><F33/><W117/><G117/><T82/><D1/><U121/><E129/><V97/><F133/><W61/><G110/><T118/><D118/><U134/><E102/><V103/><F79/><W130/><G130/><T2/><D2/><U39/><E39/><V20/><F66/><W74/><G124/><T31/><D109/><U71/><E134/><V22/><F70/><W32/><G43/><T127/><D44/><U42/><E24/><V0/><F49/><W91/><G74/><T10/><D10/><U13/><E13/><V60/><F60/><W8/><G81/><T104/><D104/><U34/><E34/><V15/><F0/><W26/><G32/><T106/><D106/><U47/><E89/><V35/><F3/><W37/><G37/><T98/><D127/><U101/><E101/><V54/><F35/><W119/><G119/><T80/><D73/><U38/><E42/><V4/><REACH who="2" step="1"/><F54/><REACH who="2" ten="121,353,259,257" step="2"/><W112/><G112/><T100/><D72/><U105/><E71/><V64/><F64/><W50/><REACH who="3" step="1"/><G17/><REACH who="3" ten="121,353,259,247" step="2"/><T108/><D108/><U30/><E120/><V93/><AGARI ba="0,2" hai="4,11,15,20,22,23,88,90,93,97,103,113,114,115" machi="93" ten="40,7800,0" yaku="1,1,0,1,54,1,53,0" doraHai="51" doraHaiUra="135" who="2" fromWho="2" sc="121,-26,353,-26,259,98,247,-26" /><INIT seed="2,1,0,4,2,8" ten="95,327,357,221" oya="2" hai0="32,85,30,113,6,90,20,110,59,80,133,26,33" hai1="22,15,105,14,67,125,121,87,36,71,119,82,2" hai2="25,16,62,134,78,7,53,93,40,58,60,106,129" hai3="81,61,75,91,115,63,65,5,18,99,97,98,70"/><V72/><F106/><W54/><G115/><T135/><D113/><U112/><E2/><V79/><F129/><W128/><G128/><T88/><D110/><U55/><E36/><V107/><F107/><W108/><G108/><T9/><D59/><U19/><E119/><V94/><F7/><W83/><G5/><T44/><D44/><U101/><E125/><V68/><F40/><W103/><G103/><T46/><D46/><U39/><E39/><V12/><F134/><N who="0" m="51210" /><D90/><U131/><E131/><V96/><F93/><W84/><G18/><T126/><D126/><U89/><E112/><V21/><F68/><W17/><G17/><T50/><D50/><U86/><E71/><V42/><F42/><W100/><G100/><T24/><D24/><N who="1" m="14431" /><E67/><V130/><F72/><W64/><G54/><T47/><D47/><U45/><E101/><N who="2" m="60567" /><F130/><W95/><REACH who="3" step="1"/><G75/><REACH who="3" ten="95,327,357,211" step="2"/><T92/><D92/><U52/><E105/><V4/><F62/><W27/><G27/><T111/><D111/><U104/><E104/><V37/><F37/><W123/><G123/><T122/><D122/><U10/><E121/><V35/><F35/><W23/><G23/><T51/><D51/><N who="1" m="28783" /><E55/><V13/><F4/><W57/><AGARI ba="1,1" hai="57,61,63,64,65,70,81,83,84,91,95,97,98,99" machi="57" ten="30,2000,0" yaku="1,1,0,1,53,0" doraHai="8" doraHaiUra="0" who="3" fromWho="3" sc="95,-6,327,-6,357,-11,211,33" /><INIT seed="3,0,0,1,5,52" ten="89,321,346,244" oya="3" hai0="27,55,115,8,2,49,99,1,73,109,67,125,100" hai1="71,6,90,46,76,106,57,44,113,88,87,126,14" hai2="130,127,95,42,29,92,48,10,112,58,15,135,9" hai3="101,31,63,123,104,66,122,108,68,20,103,111,78"/><W22/><G78/><T24/><D73/><U75/><E71/><V53/><F112/><W82/><G82/><T59/><D115/><U34/><E34/><V65/><F127/><W26/><G20/><T107/><D125/><U41/><E106/><V13/><F130/><W114/><G114/><T12/><D109/><N who="3" m="42057" /><G104/><T38/><D38/><U35/><E35/><V89/><F29/><W97/><G97/><T32/><D67/><U70/><E76/><V105/><F105/><W37/><G37/><T81/><D81/><U93/><E75/><V120/><F120/><AGARI ba="0,0" hai="22,26,31,63,66,68,101,103,120,122,123" m="42057" machi="120" ten="30,2900,0" yaku="14,1,10,1" doraHai="52" who="3" fromWho="2" sc="89,0,321,0,346,-29,244,29" /><INIT seed="3,1,0,0,1,78" ten="89,321,317,273" oya="3" hai0="84,2,65,121,88,96,75,10,87,104,5,23,105" hai1="20,106,134,73,130,45,125,3,135,69,32,38,17" hai2="101,107,18,8,30,66,68,22,34,16,122,77,36" hai3="52,94,11,58,92,54,131,90,76,91,14,109,59"/><W49/><G131/><T61/><D121/><U46/><E20/><V79/><F36/><W56/><G109/><T111/><D75/><U97/><E17/><V129/><F8/><W71/><G71/><T41/><D111/><U40/><E46/><V128/><F122/><W93/><G76/><T82/><D41/><U35/><E45/><V113/><F113/><W13/><G13/><T67/><D96/><U120/><E40/><V127/><F127/><W24/><G24/><T123/><D123/><U83/><E83/><V89/><F89/><W126/><G126/><T114/><D114/><U119/><E97/><N who="2" m="61871" /><F79/><W70/><G70/><T0/><D0/><U47/><E47/><V48/><F48/><W25/><G25/><T86/><D23/><U100/><E100/><V44/><F44/><W117/><G58/><T72/><D72/><U112/><E35/><V110/><F77/><W133/><G133/><T64/><REACH who="0" step="1"/><D61/><REACH who="0" ten="79,321,317,273" step="2"/><U50/><E50/><V29/><F22/><W115/><G115/><T6/><D6/><U43/><E43/><V55/><F34/><W26/><G117/><T7/><D7/><U98/><E98/><V21/><F21/><W132/><G132/><T33/><D33/><U53/><E53/><V9/><F55/><W62/><REACH who="3" step="1"/><G26/><REACH who="3" ten="79,321,317,263" step="2"/><T39/><D39/><U4/><E4/><AGARI ba="1,2" hai="4,11,14,49,52,54,56,59,62,90,91,92,93,94" machi="4" ten="40,12000,1" yaku="1,1,2,1,8,1,54,1,53,0" doraHai="78" doraHaiUra="19" who="3" fromWho="1" sc="79,0,321,-123,317,0,263,143" /><INIT seed="3,2,0,4,2,28" ten="79,198,317,406" oya="3" hai0="83,93,46,0,97,22,84,2,108,131,111,104,106" hai1="31,32,54,78,39,11,122,12,7,24,42,75,89" hai2="30,114,6,34,127,71,110,26,57,27,118,123,14" hai3="35,99,56,124,120,91,74,100,95,94,77,134,4"/><W17/><G120/><T72/><D72/><U126/><E126/><V41/><F71/><W79/><G124/><T37/><D131/><U49/><E122/><V116/><F127/><W5/><G134/><T68/><D68/><U112/><E112/><V59/><F41/><W45/><G35/><T8/><D22/><U13/><E42/><V107/><F107/><N who="0" m="41002" /><D46/><U109/><E109/><N who="0" m="42057" /><D8/><U18/><E39/><V48/><F114/><W73/><G73/><T52/><D52/><U38/><E38/><V128/><F123/><W125/><G125/><T62/><D62/><U33/><E75/><V80/><F128/><W55/><G45/><T132/><D37/><U69/><E69/><V96/><F59/><W81/><G77/><N who="0" m="46191" /><D132/><U86/><E78/><V105/><F57/><W23/><G23/><T67/><D67/><U19/><E32/><V20/><F48/><W58/><G58/><T101/><AGARI ba="2,0" hai="0,2,93,97,101" m="46191,42057,41002" machi="101" ten="30,1100,0" yaku="14,1" doraHai="28" who="0" fromWho="0" sc="79,17,198,-5,317,-5,406,-7" /><INIT seed="4,0,0,5,4,111" ten="96,193,312,399" oya="0" hai0="15,54,34,37,8,102,36,127,21,67,43,6,14" hai1="72,108,129,99,109,22,123,35,46,97,75,65,96" hai2="93,113,10,119,17,81,29,12,57,4,70,13,61" hai3="45,104,62,76,106,86,101,66,122,53,135,115,110"/><T63/><D34/><U92/><E35/><V134/><F134/><W38/><G110/><N who="1" m="42602" /><E22/><V105/><F105/><W73/><G73/><N who="1" m="28234" /><E46/><V59/><F119/><W40/><G135/><T87/><D127/><U44/><E44/><V31/><F70/><W95/><G122/><T64/><D37/><U5/><E5/><V78/><F93/><W130/><G130/><T103/><D43/><U25/><E25/><V9/><F59/><W23/><G53/><T90/><D36/><U124/><E65/><N who="0" m="25161" /><D21/><U85/><E123/><V2/><F2/><W107/><G23/><T58/><D15/><U1/><E1/><V133/><F133/><W131/><G131/><T71/><D71/><U47/><E47/><V39/><F39/><W77/><G45/><T100/><D100/><U26/><E26/><V7/><F17/><W48/><G40/><T94/><AGARI ba="0,0" hai="6,8,14,54,58,63,87,90,94,102,103" m="25161" machi="94" ten="30,1500,0" yaku="8,1" doraHai="111" who="0" fromWho="0" sc="96,15,193,-5,312,-5,399,-5" /><INIT seed="4,1,0,3,3,69" ten="111,188,307,394" oya="0" hai0="123,74,31,114,15,45,34,103,56,65,63,33,112" hai1="24,6,12,25,119,122,37,82,19,73,129,109,3" hai2="88,107,66,130,92,125,18,57,60,121,52,86,78" hai3="42,44,36,32,77,21,120,133,110,101,9,67,97"/><T48/><D123/><U46/><E109/><V90/><F121/><W1/><G120/><T68/><D74/><U23/><E129/><V95/><F130/><W26/><G110/><T8/><D68/><U61/><E61/><V2/><F125/><W14/><G133/><T91/><D103/><U127/><E127/><V75/><F107/><W111/><G111/><T106/><D106/><U53/><E53/><V70/><F2/><W30/><G67/><T96/><D96/><U118/><E122/><V4/><F4/><W35/><G77/><T99/><D99/><U13/><E13/><V50/><F75/><W134/><G1/><T83/><D31/><U5/><E5/><V17/><REACH who="2" step="1"/><F78/><REACH who="2" ten="111,188,297,394" step="2"/><W59/><G134/><T22/><D114/><U135/><E135/><V117/><F117/><W113/><G113/><T0/><D0/><U41/><E119/><V105/><F105/><W51/><G32/><T116/><D112/><U28/><E118/><V54/><F54/><W98/><G35/><T38/><D116/><U124/><E124/><V20/><F20/><W16/><G21/><T71/><D22/><U93/><E23/><V40/><F40/><W132/><G42/><N who="0" m="22743" /><D8/><U64/><E3/><V87/><AGARI ba="1,1" hai="17,18,50,52,57,60,66,70,86,87,88,90,92,95" machi="87" ten="20,12000,2" yaku="1,1,0,1,7,1,9,1,54,2,53,0" doraHai="69" doraHaiUra="43" who="2" fromWho="2" sc="111,-61,188,-31,297,133,394,-31" /><INIT seed="5,0,0,4,2,6" ten="50,157,430,363" oya="1" hai0="29,95,75,61,104,109,62,7,22,88,56,83,37" hai1="45,133,27,69,2,48,21,86,47,73,51,33,119" hai2="102,99,19,36,18,42,94,98,43,65,76,112,74" hai3="77,106,79,71,53,20,16,116,11,93,5,126,60"/><U24/><E73/><V120/><F120/><W68/><G106/><T57/><D109/><U66/><E2/><V50/><F36/><W117/><G126/><T84/><D37/><U85/><E21/><V35/><F35/><W125/><G125/><T108/><D108/><U82/><E82/><V31/><F31/><W10/><G93/><T9/><D104/><U3/><E3/><V39/><F39/><W114/><G114/><T113/><D113/><U122/><E33/><V129/><F112/><W97/><G97/><T0/><D75/><U105/><E105/><V96/><F65/><W26/><G53/><T59/><REACH who="0" step="1"/><D83/><REACH who="0" ten="40,157,430,363" step="2"/><U130/><E119/><V41/><F74/><W121/><G117/><T118/><D118/><U14/><E122/><V8/><F102/><W132/><G116/><T17/><D17/><U54/><E130/><V52/><F129/><W64/><G121/><T25/><AGARI ba="0,1" hai="0,7,9,22,25,29,56,57,59,61,62,84,88,95" machi="25" ten="30,7900,0" yaku="1,1,0,1,52,1,54,1,53,0" doraHai="6" doraHaiUra="67" who="0" fromWho="0" sc="40,89,157,-39,430,-20,363,-20" /><INIT seed="6,0,0,4,2,114" ten="129,118,410,343" oya="2" hai0="36,124,127,101,115,32,37,97,13,29,62,86,95" hai1="96,5,66,20,55,89,57,46,72,41,83,58,74" hai2="12,112,63,2,54,9,104,52,47,51,1,92,70" hai3="15,48,17,88,10,11,30,79,122,23,24,128,77"/><V73/><F104/><W28/><G122/><T93/><D115/><U71/><E71/><V117/><F117/><W4/><G128/><T121/><D121/><U18/><E5/><V43/><F73/><W56/><G30/><T34/><D62/><U60/><E74/><V84/><F112/><W100/><G100/><T98/><D86/><U27/><E72/><V85/><F84/><W110/><G110/><T8/><D37/><U133/><E133/><V53/><F70/><W131/><G131/><T3/><D36/><U26/><E83/><V119/><F119/><W123/><G123/><T40/><D40/><U87/><E87/><V16/><REACH who="2" step="1"/><F63/><REACH who="2" ten="129,118,400,343" step="2"/><W102/><G79/><T64/><D124/><U94/><E60/><V42/><F42/><W25/><G77/><T107/><D127/><U109/><E41/><V22/><F22/><W65/><G23/><T76/><D107/><U111/><E20/><V132/><F132/><W19/><G11/><T134/><D76/><U90/><E111/><V68/><F68/><W120/><G10/><T129/><D134/><U33/><E109/><V38/><F38/><W81/><G120/><T135/><D135/><U116/><E116/><V44/><F44/><W126/><G126/><T130/><D129/><U21/><E46/><V103/><F103/><W0/><G102/><T67/><D101/><U39/><E21/><V80/><F80/><W99/><G81/><T6/><D130/><U45/><E45/><V113/><F113/><W91/><G99/><T82/><D82/><U125/><E125/><V31/><F31/><W35/><G28/><RYUUKYOKU ba="0,1" sc="129,-10,118,-10,400,30,343,-10" hai2="1,2,9,12,16,43,47,51,52,53,54,85,92" /><INIT seed="6,1,1,5,4,80" ten="119,108,430,333" oya="2" hai0="48,100,96,8,123,105,51,87,12,23,21,33,130" hai1="72,114,85,63,44,121,134,7,135,47,39,27,128" hai2="37,78,13,111,132,133,36,98,88,56,82,122,28" hai3="104,0,119,107,15,54,118,11,43,24,42,62,67"/><V120/><F28/><W106/><G0/><T50/><D123/><U93/><E72/><V66/><F13/><W22/><G54/><T65/><D33/><U31/><E121/><V38/><F111/><W49/><G119/><T68/><D130/><U17/><E7/><V26/><F26/><W110/><G110/><T75/><D75/><U58/><E17/><V125/><F125/><W131/><G131/><T102/><D102/><U70/><E70/><V94/><F66/><W97/><G97/><T73/><D73/><U59/><E39/><V52/><F82/><W19/><G49/><T76/><D76/><U29/><E128/><V18/><F18/><W81/><G81/><T86/><D65/><N who="1" m="39159" /><E59/><V35/><F35/><W14/><G14/><T1/><D68/><U25/><E31/><V3/><F78/><W61/><G118/><T4/><REACH who="0" step="1"/><D1/><REACH who="0" ten="109,108,430,333" step="2"/><U30/><E135/><N who="2" m="51787" /><F3/><W89/><G89/><T113/><D113/><U92/><E134/><V60/><AGARI ba="1,2" hai="36,37,38,52,56,60,88,94,98,120,122" m="51787" machi="60" ten="40,7800,0" yaku="20,1,54,2" doraHai="80" who="2" fromWho="2" sc="109,-27,108,-27,430,101,333,-27" /><INIT seed="6,2,0,2,2,23" ten="82,81,531,306" oya="2" hai0="18,130,63,56,101,116,108,75,86,31,12,39,68" hai1="10,117,79,72,36,119,82,111,11,64,105,99,124" hai2="14,113,85,91,16,80,73,17,60,22,61,62,57" hai3="107,19,94,110,115,67,1,78,24,52,122,2,30"/><V29/><F113/><W74/><G107/><T65/><D75/><U0/><E111/><V44/><F73/><W97/><G110/><T13/><D108/><U15/><E64/><V34/><F34/><W126/><G122/><T125/><D39/><U4/><E124/><V77/><F44/><W46/><G126/><T25/><D125/><U100/><REACH who="1" step="1"/><E36/><REACH who="1" ten="82,71,531,306" step="2"/><V48/><F62/><W58/><G67/><T35/><D116/><U8/><E8/><V114/><F60/><W41/><G115/><T47/><D130/><U32/><E32/><V134/><F61/><W43/><G43/><T89/><D68/><U53/><E53/><V26/><F114/><W59/><G52/><T27/><D47/><U96/><E96/><V84/><F134/><W42/><G41/><T49/><D49/><U103/><E103/><V20/><F48/><W37/><G97/><T104/><D101/><U69/><E69/><V102/><F102/><W92/><G42/><T66/><D65/><U28/><E28/><V40/><F40/><W71/><G30/><T21/><REACH who="0" step="1"/><D104/><REACH who="0" ten="72,71,531,306" step="2"/><U88/><E88/><V83/><F57/><W87/><G59/><T121/><D121/><U106/><E106/><V132/><F132/><W50/><G58/><T76/><D76/><U109/><E109/><V38/><F38/><W128/><G37/><T98/><D98/><U33/><E33/><V93/><F29/><W120/><G71/><T131/><D131/><U127/><E127/><V90/><F77/><W95/><G128/><T45/><D45/><U123/><E123/><V3/><F90/><W6/><G120/><RYUUKYOKU ba="2,2" sc="72,15,71,15,531,-15,306,-15" hai0="12,13,18,21,25,27,31,35,56,63,66,86,89" hai1="0,4,10,11,15,72,79,82,99,100,105,117,119" /><INIT seed="7,3,2,0,5,101" ten="87,86,516,291" oya="3" hai0="45,112,135,96,110,126,119,31,22,11,27,53,24" hai1="75,68,20,14,40,130,109,62,2,129,125,114,33" hai2="29,111,64,118,16,18,19,105,122,97,77,60,80" hai3="61,43,17,132,93,95,71,46,87,100,35,76,103"/><W41/><G35/><T26/><D119/><U6/><E109/><V48/><F111/><W55/><G132/><T108/><D110/><U131/><E114/><V10/><F118/><W113/><G113/><T12/><D112/><U83/><E125/><V88/><F29/><W7/><G7/><N who="0" m="3199" /><D108/><U92/><E33/><V39/><F39/><W52/><G71/><T49/><D126/><U133/><E133/><V9/><F48/><N who="3" m="28695" /><G17/><T89/><D135/><U8/><E40/><N who="3" m="15434" /><G76/><T67/><D67/><N who="1" m="41079" /><E92/><AGARI ba="3,2" hai="22,24,26,27,31,45,49,53,89,92,96" m="3199" machi="92" ten="30,1000,0" yaku="8,1" doraHai="101" who="0" fromWho="1" sc="87,39,86,-19,516,0,291,0" owari="126,-27.4,67,-43.3,516,61.6,291,9.1" /></mjloggm>