<mjloggm ver="2.3"><GO type="225" lobby="0"/><UN n0="%E6%A1%9C%E8%8A%B1%E9%96%83%E3%80%85" n1="%E7%B4%94%E6%BD%94%E3%83%94%E3%83%A9%E3%83%8B%E3%82%A2" n2="%E3%82%BC%E3%83%AB%E3%83%80%E3%81%AE%E4%BC%9D%E8%AA%AC" n3="%E6%9C%88%E5%B3%B6%E5%9F%BA" dan="16,16,17,17" rate="2200.57,2201.03,2157.19,2206.60" sx="M,M,M,M"/><TAIKYOKU oya="0"/><INIT seed="0,0,0,4,0,81" ten="250,250,250,250" oya="0" hai0="57,63,86,88,3,98,64,108,23,42,94,47,53" hai1="73,54,30,52,31,36,20,62,1,69,123,78,135" hai2="18,133,77,6,90,21,61,10,2,33,56,92,102" hai3="15,9,34,58,27,107,40,48,120,80,130,37,83"/><T105/><D108/><U45/><E123/><V76/><F133/><W97/><G37/><T75/><D75/><U8/><E135/><V11/><F102/><W49/><G130/><T0/><D23/><U79/><E69/><V121/><F11/><W41/><G107/><T74/><D74/><U68/><E68/><V16/><F33/><W72/><G34/><T127/><D127/><U65/><E65/><V103/><F103/><W32/><G32/><T50/><D105/><U71/><E71/><V28/><F28/><W91/><G72/><T87/><REACH who="0" step="1"/><D64/><REACH who="0" ten="240,250,250,250" step="2"/><U38/><E20/><V85/><F121/><W109/><G109/><T84/><AGARI ba="0,1" hai="0,3,42,47,50,53,57,63,84,86,87,88,94,98" machi="84" ten="30,18000,2" yaku="1,1,2,1,0,1,52,3,54,1,53,0" doraHai="81" doraHaiUra="67" who="0" fromWho="0" sc="240,190,250,-60,250,-60,250,-60" /><INIT seed="0,1,0,4,4,5" ten="430,190,190,190" oya="0" hai0="37,0,69,49,18,87,59,134,89,28,107,11,14" hai1="23,114,41,111,92,13,31,71,83,84,97,130,62" hai2="104,33,22,110,91,44,86,24,32,119,10,135,61" hai3="57,51,60,122,82,53,3,67,39,70,55,129,35"/><T132/><D69/><U20/><E111/><V29/><F104/><W100/><G3/><T116/><D116/><U94/><E130/><V127/><F110/><W46/><G35/><T98/><D37/><U4/><E41/><V113/><F113/><W52/><G100/><T47/><D0/><U64/><E92/><V115/><F115/><W81/><G129/><T56/><D28/><U101/><E31/><V102/><F102/><W65/><G122/><T45/><D107/><U125/><E125/><V17/><F127/><W112/><G112/><T43/><D47/><U42/><E42/><V34/><F119/><W80/><G67/><T117/><D98/><U40/><E40/><AGARI ba="1,0" hai="39,40,46,51,52,53,55,57,60,65,70,80,81,82" machi="40" ten="40,5200,0" yaku="24,2,54,1" doraHai="5" who="3" fromWho="1" sc="430,0,190,-55,190,0,190,55" /><INIT seed="1,0,0,3,1,80" ten="430,135,190,245" oya="1" hai0="130,81,87,43,114,105,20,34,4,113,66,96,67" hai1="120,119,61,115,32,21,22,15,124,123,111,75,93" hai2="53,104,125,128,49,27,83,12,70,6,135,82,5" hai3="121,117,16,77,90,48,131,65,23,109,41,57,108"/><U25/><E75/><V100/><F70/><W91/><G121/><T33/><D43/><U13/><E61/><V51/><F125/><W7/><G77/><T129/><D4/><U79/><E79/><V44/><F135/><W63/><G7/><T78/><D20/><U76/><E76/><V133/><F133/><W102/><G131/><N who="0" m="50187" /><D96/><U58/><E58/><V59/><F128/><W134/><G102/><T112/><D105/><U18/><E93/><V14/><F104/><W0/><G0/><T8/><D8/><U126/><E115/><V73/><F73/><W3/><G3/><T24/><D24/><U106/><E106/><V92/><F27/><N who="3" m="14823" /><G117/><T99/><D99/><U107/><E107/><V28/><F6/><W98/><G98/><T54/><D54/><U38/><E38/><V52/><F5/><W89/><G134/><T110/><D110/><N who="3" m="42601" /><G41/><T31/><D31/><N who="1" m="19567" /><E111/><V39/><F28/><W42/><G42/><T19/><D113/><U55/><E55/><V101/><F101/><W97/><G97/><T84/><D114/><U47/><E119/><V9/><F100/><W68/><G48/><T74/><D112/><U127/><E47/><V26/><F44/><W17/><G17/><AGARI ba="0,0" hai="13,15,17,18,21,22,120,123,124,126,127" m="19567" machi="17" ten="30,5800,0" yaku="18,1,34,2" doraHai="80" who="1" fromWho="3" sc="430,0,135,58,190,0,245,-58" /><INIT seed="1,1,0,0,2,66" ten="430,193,190,187" oya="1" hai0="83,103,107,115,65,110,3,69,129,127,39,133,15" hai1="50,106,84,4,45,89,90,67,77,60,79,86,97" hai2="44,2,132,70,51,116,30,125,27,10,131,122,119" hai3="78,14,53,9,111,92,32,57,36,7,49,37,100"/><U81/><E4/><V114/><F122/><W93/><G32/><T55/><RYUUKYOKU type="yao9" ba="1,0" sc="430,0,193,0,190,0,187,0" hai0="3,15,39,55,65,69,83,103,107,110,115,127,129,133" /><INIT seed="1,2,0,4,5,43" ten="430,193,190,187" oya="1" hai0="135,99,106,27,28,79,120,123,117,49,30,72,102" hai1="73,134,41,26,51,115,45,50,52,107,20,81,18" hai2="77,32,95,61,5,63,40,54,15,88,39,124,14" hai3="125,23,119,17,129,11,16,75,89,101,108,110,122"/><U98/><E115/><V2/><F32/><W82/><G122/><N who="0" m="46635" /><D135/><U84/><E134/><V94/><F124/><W48/><G125/><T8/><D117/><U10/><E73/><V0/><F77/><W7/><G119/><T53/><D8/><U6/><E107/><V114/><F114/><W76/><G129/><T78/><D72/><U44/><E98/><V104/><F104/><W80/><G101/><T103/><D103/><U66/><E66/><V59/><F95/><W126/><G126/><T69/><D69/><U131/><E131/><V113/><F61/><W96/><G23/><N who="0" m="15487" /><D30/><U70/><E70/><V13/><F5/><W3/><G75/><T68/><D68/><U130/><E130/><V121/><F113/><W112/><G112/><T92/><D92/><U36/><E36/><V12/><N who="2" m="3072" /><DORA hai="56" /><V21/><F21/><W37/><G37/><T58/><AGARI ba="2,0" hai="49,53,58,78,79,99,102,106" m="15487,46635" machi="58" ten="30,1100,0" yaku="13,1" doraHai="43,56" who="0" fromWho="0" sc="430,17,193,-7,190,-5,187,-5" /><INIT seed="2,0,0,2,5,56" ten="447,186,185,182" oya="2" hai0="50,24,114,46,88,71,30,80,84,31,102,39,17" hai1="37,68,44,107,70,95,100,22,126,115,34,48,92" hai2="43,133,29,13,103,2,36,64,91,131,122,82,86" hai3="10,69,53,111,117,7,124,21,72,26,54,132,116"/><V125/><F122/><W51/><G72/><T67/><D39/><U120/><E34/><V128/><F2/><W18/><G111/><T49/><D114/><U78/><E37/><V33/><F125/><W93/><G124/><T94/><D71/><U8/><E78/><V90/><F133/><W35/><G132/><T27/><D67/><U85/><E107/><V119/><F119/><W135/><G135/><T73/><D17/><U6/><E115/><V25/><F103/><W1/><G69/><T61/><D61/><U89/><E22/><V59/><F13/><N who="3" m="9423" /><G93/><T99/><D73/><U75/><E75/><V87/><F43/><W42/><G42/><N who="0" m="24791" /><D50/><U12/><E120/><V134/><F36/><W58/><G54/><T16/><D16/><U5/><E5/><V9/><F9/><W108/><G108/><T74/><D74/><U77/><E68/><V40/><F40/><W38/><G38/><T121/><D121/><U110/><E70/><V79/><F134/><W76/><G117/><T3/><D3/><U4/><E4/><V65/><F65/><W0/><G0/><T83/><D80/><U32/><E32/><V28/><F28/><AGARI ba="0,0" hai="24,27,28,30,31,83,84,88,94,99,102" m="24791" machi="28" ten="30,2000,0" yaku="8,1,54,1" doraHai="56" who="0" fromWho="2" sc="447,20,186,0,185,-20,182,0" /><INIT seed="3,0,0,5,2,49" ten="467,186,165,182" oya="3" hai0="4,118,91,109,45,72,120,51,42,85,60,115,24" hai1="21,17,93,33,74,50,102,29,96,99,22,82,8" hai2="1,128,68,20,55,3,46,122,39,130,44,117,38" hai3="119,18,28,116,94,113,131,43,69,105,129,79,127"/><W88/><G113/><T26/><D109/><U76/><E33/><V59/><F117/><W106/><G69/><T31/><D118/><N who="3" m="45097" /><G28/><T36/><D120/><U12/><E29/><V0/><F68/><W125/><G43/><T92/><D115/><U16/><E50/><N who="2" m="31223" /><F122/><W110/><G79/><T95/><D72/><U121/><E121/><V86/><F86/><N who="3" m="52503" /><G18/><T73/><D73/><U61/><E61/><V108/><F108/><W52/><G52/><T65/><D4/><U5/><E17/><V84/><F84/><W64/><G64/><T98/><D36/><N who="2" m="13866" /><F20/><W34/><G34/><T14/><D31/><U63/><E63/><V111/><F111/><W135/><G135/><T56/><D14/><U66/><E66/><V40/><F40/><W11/><G11/><T107/><D107/><N who="3" m="40969" /><G110/><T103/><AGARI ba="0,0" hai="24,26,42,45,51,56,60,65,85,91,92,95,98,103" machi="103" ten="20,2700,0" yaku="0,1,7,1,8,1" doraHai="49" who="0" fromWho="0" sc="467,27,186,-7,165,-7,182,-13" owari="494,59.4,179,-2.1,158,-34.2,169,-23.1" /></mjloggm>