<mjloggm ver="2.3"><GO type="225" lobby="0"/><UN n0="%E6%A1%9C%E8%8A%B1%E9%96%83%E3%80%85" n1="%4B%2E%32%2E%4B%2E" n2="%E6%A3%AE%E5%B1%B1%E7%94%B0%E7%9B%B4%E5%A4%AA%E6%9C%97%E4%B9%8B%E4%BB%8B" n3="%E6%9C%88%E5%B3%B6%E5%9F%BA" dan="16,17,16,17" rate="2199.01,2166.40,2207.62,2241.79" sx="M,M,M,M"/><TAIKYOKU oya="0"/><INIT seed="0,0,0,1,0,73" ten="250,250,250,250" oya="0" hai0="56,31,98,87,63,129,109,121,95,58,86,76,78" hai1="40,90,116,5,46,22,0,97,41,114,66,4,60" hai2="115,36,79,75,23,33,82,54,35,18,88,24,59" hai3="83,68,104,123,65,134,100,130,7,29,34,14,111"/><T125/><D121/><U128/><E116/><V94/><F36/><W2/><G14/><T135/><D135/><U67/><E128/><V13/><F115/><W74/><G130/><T27/><D129/><U1/><E114/><V21/><F21/><W8/><G134/><T9/><D125/><U108/><E108/><V17/><F17/><W93/><G93/><T106/><D106/><U101/><E90/><V26/><F26/><N who="3" m="18743" /><G111/><T92/><D9/><U102/><E22/><V127/><F127/><W99/><G123/><T53/><D109/><U15/><E15/><V25/><F25/><W28/><G28/><T69/><D69/><U20/><E20/><V103/><F103/><W48/><G48/><N who="0" m="30759" /><D27/><U47/><REACH who="1" step="1"/><E60/><REACH who="1" ten="250,240,250,250" step="2"/><V37/><F37/><W16/><G2/><T77/><D31/><U105/><E105/><V133/><F133/><W52/><G104/><T84/><D98/><AGARI ba="0,1" hai="0,1,4,5,40,41,46,47,66,67,97,98,101,102" machi="98" ten="25,3200,0" yaku="1,1,22,2,53,0" doraHai="73" doraHaiUra="80" who="1" fromWho="0" sc="250,-32,240,42,250,0,250,0" /><INIT seed="1,0,0,5,0,122" ten="218,282,250,250" oya="1" hai0="57,130,106,12,44,53,121,100,84,98,112,37,10" hai1="40,119,108,56,104,69,14,3,35,111,49,72,113" hai2="33,41,60,30,15,55,62,83,51,95,76,22,47" hai3="23,124,6,65,97,103,94,99,91,5,34,73,110"/><U38/><RYUUKYOKU type="yao9" ba="0,0" sc="218,0,282,0,250,0,250,0" hai1="3,14,35,38,40,49,56,69,72,104,108,111,113,119" /><INIT seed="1,1,0,3,2,117" ten="218,282,250,250" oya="1" hai0="23,22,84,15,38,107,65,87,88,56,29,92,42" hai1="30,60,49,52,53,16,91,35,110,2,36,119,132" hai2="96,105,95,17,26,13,111,11,93,114,61,99,3" hai3="76,14,64,27,82,102,78,124,43,97,59,81,112"/><U108/><E119/><V89/><F114/><W123/><G112/><T63/><D107/><U40/><E2/><V12/><F111/><N who="1" m="42537" /><E132/><V10/><F105/><W100/><G124/><T90/><D29/><U135/><E135/><V68/><F3/><W128/><G128/><T50/><D38/><U62/><E91/><V98/><F26/><W85/><G43/><T44/><REACH who="0" step="1"/><D15/><REACH who="0" ten="208,282,250,250" step="2"/><U0/><E0/><V126/><F126/><W32/><G14/><T109/><D109/><U72/><E30/><V113/><F113/><W47/><G32/><T71/><D71/><U86/><E35/><V6/><F68/><W127/><G127/><T25/><D25/><U5/><E36/><V133/><F133/><W21/><G27/><T7/><D7/><U46/><E5/><V19/><F6/><W104/><G104/><T70/><D70/><U83/><E16/><V37/><F37/><W73/><G100/><T39/><D39/><U116/><E116/><V94/><REACH who="2" step="1"/><F61/><REACH who="2" ten="208,282,240,250" step="2"/><W122/><G122/><T74/><D74/><U28/><E72/><V48/><F48/><W101/><G123/><T134/><D134/><U121/><E121/><V118/><F118/><W80/><G73/><T129/><D129/><U125/><E125/><V9/><F9/><W18/><G21/><T24/><D24/><U75/><E75/><V33/><F33/><W51/><G51/><T120/><D120/><U130/><E130/><V67/><F67/><W131/><G64/><T69/><D69/><U115/><E115/><V8/><F8/><W77/><G131/><T58/><D58/><U41/><E62/><RYUUKYOKU ba="1,2" sc="208,15,282,-15,240,15,250,-15" hai0="22,23,42,44,50,56,63,65,84,87,88,90,92" hai2="10,11,12,13,17,19,89,93,94,95,96,98,99" /><INIT seed="2,2,2,5,3,115" ten="223,267,255,235" oya="2" hai0="135,82,12,15,62,8,53,77,46,78,30,9,84" hai1="49,88,102,22,105,61,36,91,130,124,67,20,126" hai2="58,52,114,70,3,69,99,28,129,107,16,14,96" hai3="132,90,21,117,54,83,48,40,43,29,121,100,10"/><V6/><F114/><W76/><G121/><T51/><D135/><U89/><E36/><V79/><F79/><W92/><G132/><T45/><D30/><U47/><E130/><V128/><F28/><W23/><G117/><T13/><D78/><U104/><E20/><N who="3" m="7754" /><G100/><T19/><D62/><U37/><E22/><N who="2" m="11543" /><F6/><W97/><G10/><T18/><REACH who="0" step="1"/><D15/><REACH who="0" ten="213,267,255,235" step="2"/><U108/><E108/><V68/><F3/><W123/><G29/><T33/><D33/><U87/><E126/><V57/><F107/><W72/><G72/><T25/><D25/><U106/><E124/><V60/><F58/><AGARI ba="2,3" hai="8,9,12,13,18,19,45,46,51,53,58,77,82,84" machi="58" ten="30,7700,0" yaku="1,1,7,1,9,1,8,1,53,0" doraHai="115" doraHaiUra="109" who="0" fromWho="2" sc="213,113,267,0,255,-83,235,0" /><INIT seed="3,0,0,4,0,0" ten="326,267,172,235" oya="3" hai0="30,102,95,2,115,49,27,126,59,96,24,11,73" hai1="18,62,45,5,124,106,16,61,125,98,33,65,8" hai2="17,132,35,85,130,78,3,31,68,82,97,111,50" hai3="46,37,129,6,120,122,38,47,100,103,51,52,26"/><W109/><G129/><T84/><D73/><U12/><E33/><V42/><F130/><W43/><G109/><T92/><D126/><N who="1" m="48747" /><E45/><V117/><F111/><W32/><G38/><T64/><D92/><U41/><E41/><V128/><F68/><W9/><G100/><T134/><D84/><U131/><E131/><V118/><F128/><W88/><G103/><T69/><D27/><U10/><E65/><V101/><F132/><W77/><G77/><T86/><D2/><N who="1" m="55" /><E18/><V53/><F3/><W29/><REACH who="3" step="1"/><G88/><REACH who="3" ten="326,267,172,225" step="2"/><T80/><D102/><AGARI ba="0,1" hai="10,12,16,61,62,98,102,106" m="55,48747" machi="102" ten="30,3900,0" yaku="18,1,52,1,54,1" doraHai="0" who="1" fromWho="0" sc="326,-39,267,49,172,0,225,0" owari="287,8.7,316,41.6,172,-32.8,225,-17.5" /></mjloggm>