<mjloggm ver="2.3"><GO type="169" lobby="0"/><UN n0="%E3%83%9F%E3%82%B2%E3%83%BC%E3%83%AB%E6%94%B9" n1="%E2%97%8E%E3%82%88%E3%81%97%E2%97%8E" n2="%6B%61%7A%75%73%61" n3="%E3%81%93%E3%81%9A" dan="16,17,17,17" rate="2186.33,2173.55,2141.22,2211.27" sx="M,M,F,M"/><TAIKYOKU oya="0"/><INIT seed="0,0,0,3,1,72" ten="250,250,250,250" oya="0" hai0="105,115,21,43,127,89,50,79,68,116,67,83,41" hai1="135,8,9,26,123,109,121,45,49,71,0,74,91" hai2="11,39,85,20,7,84,48,60,126,106,61,42,130" hai3="57,80,32,118,98,14,27,37,13,102,114,76,120"/><T110/><D116/><U12/><E71/><V99/><F39/><W30/><G118/><T2/><D115/><U34/><E74/><V19/><F84/><W107/><G114/><T28/><D2/><U75/><E75/><V90/><F126/><W131/><G131/><T132/><D105/><U100/><E100/><V122/><F99/><W36/><G120/><T119/><D119/><U81/><E109/><V133/><F106/><W51/><G51/><T47/><D89/><U31/><E135/><V111/><F111/><W1/><G1/><T124/><D110/><U128/><E8/><V108/><F108/><W38/><REACH who="3" step="1"/><G57/><REACH who="3" ten="250,250,250,240" step="2"/><T55/><D132/><U54/><E0/><V70/><F122/><W35/><G35/><T95/><D68/><U94/><E128/><V33/><F33/><W46/><G46/><T3/><D3/><U69/><E69/><V66/><F133/><W59/><G59/><T96/><D127/><U125/><E125/><V10/><F130/><W117/><G117/><T18/><D124/><U87/><REACH who="1" step="1"/><E94/><REACH who="1" ten="250,240,250,240" step="2"/><N who="2" m="54607" /><F70/><W62/><G62/><T101/><D67/><U52/><E52/><V53/><F66/><W17/><G17/><AGARI ba="0,2" hai="9,12,17,26,31,34,45,49,54,81,87,91,121,123" machi="17" ten="30,7700,0" yaku="1,1,7,1,25,2,53,0" doraHai="72" doraHaiUra="113" who="1" fromWho="3" sc="250,0,240,97,250,0,240,-77" /><INIT seed="1,0,0,0,4,81" ten="250,337,250,163" oya="1" hai0="11,117,77,108,14,79,130,95,13,17,112,26,124" hai1="94,101,51,98,42,32,30,52,85,40,67,113,103" hai2="24,55,92,89,90,82,23,122,10,63,91,39,6" hai3="21,31,16,109,19,106,3,5,134,7,80,0,36"/><U74/><E113/><V125/><F122/><W47/><G106/><T88/><D117/><U37/><E74/><V118/><F118/><W53/><G36/><T73/><D112/><U4/><E37/><V105/><F105/><W75/><G75/><T120/><D73/><U99/><E67/><V12/><F39/><W84/><G109/><T69/><D69/><U70/><E70/><V61/><F125/><W107/><G107/><T104/><D104/><U48/><E4/><N who="3" m="1610" /><G134/><T2/><D2/><U28/><E85/><V59/><F82/><W45/><G0/><T115/><D115/><U114/><E51/><V20/><F20/><W49/><G47/><T135/><D124/><U126/><E114/><V131/><F131/><W50/><G50/><T62/><D130/><U8/><E8/><V44/><F44/><W43/><G43/><N who="1" m="16426" /><E32/><V86/><REACH who="2" step="1"/><F63/><REACH who="2" ten="250,337,240,163" step="2"/><W97/><G3/><T76/><D120/><U34/><E34/><V111/><F111/><W46/><G46/><T96/><D108/><U9/><E126/><V78/><F78/><N who="3" m="46103" /><G97/><T18/><D135/><U129/><E129/><V58/><F58/><W68/><G68/><T116/><D116/><U35/><E35/><V66/><F66/><W38/><G38/><T57/><D57/><N who="1" m="32903" /><E9/><V1/><F1/><W119/><G119/><T123/><D123/><U72/><E72/><V25/><F25/><AGARI ba="0,1" hai="16,19,21,25,31,45,49,53" m="46103,1610" machi="25" ten="30,3900,0" yaku="8,1,52,1,54,1" doraHai="81" who="3" fromWho="2" sc="250,0,337,0,240,-39,163,49" /><INIT seed="2,0,0,1,3,99" ten="250,337,201,212" oya="2" hai0="111,64,35,26,75,125,93,118,103,22,92,82,79" hai1="52,134,50,116,18,121,91,2,43,19,87,123,31" hai2="53,61,54,42,57,7,65,105,122,45,112,101,128" hai3="81,86,23,63,104,106,66,95,44,78,68,39,40"/><V58/><F112/><W69/><G69/><T4/><D35/><U73/><E73/><V5/><F122/><N who="1" m="46601" /><E2/><V133/><F133/><W72/><G86/><T77/><D111/><U88/><E116/><V98/><F128/><W0/><G95/><T46/><D118/><U126/><E126/><V131/><F131/><W9/><G23/><T24/><D125/><U49/><E31/><V13/><F13/><W102/><G102/><T55/><D64/><U109/><E91/><V6/><REACH who="2" step="1"/><F57/><REACH who="2" ten="250,337,191,212" step="2"/><W56/><REACH who="3" step="1"/><G56/><REACH who="3" ten="250,337,191,202" step="2"/><T94/><D26/><U117/><E117/><V85/><F85/><W127/><G127/><T11/><D75/><U1/><E87/><V113/><F113/><W20/><G20/><T90/><D22/><U3/><E134/><V41/><F41/><W70/><G70/><T47/><D24/><U34/><E43/><V30/><F30/><W29/><G29/><T62/><D11/><U25/><E25/><V110/><F110/><W16/><G16/><T32/><D32/><U132/><E34/><V74/><F74/><W124/><G124/><T14/><D14/><U36/><E109/><V97/><F97/><W130/><G130/><T108/><D108/><U21/><E132/><V84/><F84/><W48/><G48/><AGARI ba="0,2" hai="5,6,7,42,45,48,53,54,58,61,65,98,101,105" machi="48" ten="40,3900,0" yaku="1,1,52,1,53,0" doraHai="99" doraHaiUra="119" who="2" fromWho="3" sc="250,0,337,0,191,59,202,-39" /><INIT seed="2,1,0,0,1,43" ten="250,337,250,163" oya="2" hai0="39,78,58,135,119,99,40,34,42,1,113,10,74" hai1="23,85,52,103,62,68,130,122,128,28,111,96,59" hai2="121,15,117,75,73,70,53,120,16,8,22,14,109" hai3="29,82,116,17,65,30,48,108,0,56,44,66,18"/><V112/><F70/><W51/><G116/><T115/><D42/><U129/><E111/><V83/><F112/><W98/><G0/><T7/><D58/><U132/><E132/><V45/><F117/><W133/><G133/><T105/><D119/><U80/><E68/><V90/><F109/><W37/><G108/><T93/><D135/><U134/><E134/><V24/><F14/><W86/><G98/><T100/><D93/><U81/><E122/><V101/><F101/><W19/><G37/><T91/><D91/><U107/><E85/><V131/><F131/><W67/><G56/><T35/><D115/><U4/><E4/><V6/><F73/><W87/><G87/><T77/><D77/><U55/><E55/><V64/><F64/><W12/><G12/><T36/><D36/><U9/><E9/><V5/><F5/><W61/><G61/><T123/><D123/><U49/><E62/><V11/><F11/><W26/><G26/><AGARI ba="1,0" hai="23,26,28,49,52,59,80,81,96,103,107,128,129,130" machi="26" ten="40,2600,0" yaku="19,1,54,1" doraHai="43" who="1" fromWho="3" sc="250,0,337,29,250,0,163,-29" /><INIT seed="3,0,0,3,0,39" ten="250,366,250,134" oya="3" hai0="105,6,65,4,25,15,83,32,110,14,60,122,63" hai1="127,7,75,70,119,31,125,107,82,80,58,59,40" hai2="101,116,13,86,18,91,128,48,35,92,115,109,113" hai3="93,49,117,62,124,51,73,16,130,120,1,26,108"/><W64/><G117/><T100/><D122/><U28/><E119/><V57/><F116/><W135/><G120/><T96/><D110/><U38/><E7/><V29/><F109/><W61/><G108/><T21/><D63/><U33/><E38/><V126/><F126/><N who="1" m="48137" /><E40/><V56/><F128/><W27/><G124/><T81/><D6/><U94/><E94/><V133/><F133/><W47/><G130/><T8/><D15/><U118/><E118/><V134/><F134/><W52/><G1/><T46/><D46/><U111/><E111/><V34/><F101/><W102/><G73/><T24/><D24/><U3/><E3/><V90/><F57/><N who="1" m="21513" /><E107/><V54/><F90/><W11/><G135/><T53/><D53/><U23/><E23/><N who="2" m="11727" /><F29/><N who="1" m="11337" /><E70/><V42/><F42/><W129/><G129/><T114/><D32/><AGARI ba="0,0" hai="32,34,35,48,54,56,86,91,92,113,115" m="11727" machi="32" ten="30,1000,0" yaku="25,1" doraHai="39" who="2" fromWho="0" sc="250,-10,366,0,250,10,134,0" /><INIT seed="4,0,0,5,3,53" ten="240,366,260,134" oya="0" hai0="128,61,109,15,56,105,121,33,81,40,0,19,110" hai1="108,49,84,114,45,91,100,23,120,8,73,52,103" hai2="104,58,57,72,74,66,94,75,32,63,65,28,87" hai3="9,26,125,31,51,117,79,83,43,59,21,25,11"/><T131/><D105/><U54/><E73/><V13/><F104/><W130/><G130/><N who="0" m="49707" /><D121/><U77/><E120/><V69/><F65/><W92/><G125/><T62/><D62/><U35/><E35/><V5/><F28/><W48/><G117/><T3/><D40/><N who="1" m="24743" /><E77/><V102/><F32/><W99/><G26/><T18/><D33/><U112/><E23/><V67/><F67/><W42/><G51/><T132/><D132/><U7/><E108/><N who="0" m="41577" /><D81/><N who="1" m="49551" /><E100/><V17/><F5/><W86/><G43/><T41/><D41/><U22/><E22/><V107/><F107/><W12/><G42/><T60/><D60/><U80/><E103/><V88/><REACH who="2" step="1"/><F102/><REACH who="2" ten="240,366,250,134" step="2"/><W34/><G34/><T16/><D15/><N who="1" m="5535" /><E80/><V55/><F55/><AGARI ba="0,1" hai="0,3,16,18,19,55,56,61" m="41577,49707" machi="55" ten="40,12000,1" yaku="19,1,10,1,52,1,54,1" doraHai="53" who="0" fromWho="2" sc="240,130,366,0,250,-120,134,0" /><INIT seed="4,1,0,0,1,58" ten="370,366,130,134" oya="0" hai0="22,45,107,112,83,19,90,120,122,20,30,98,72" hai1="13,57,14,9,40,11,135,75,104,118,114,52,48" hai2="89,15,21,96,106,64,87,5,99,33,28,131,94" hai3="18,76,17,78,7,24,39,55,26,101,129,56,37"/><T134/><D112/><U65/><E118/><V61/><F131/><W0/><G129/><T2/><D2/><U77/><E104/><V31/><F33/><W119/><G119/><T35/><D35/><U130/><E130/><V38/><F38/><W124/><G101/><T63/><D107/><U50/><E135/><V60/><F106/><W85/><G124/><T44/><D134/><U128/><E128/><V82/><F99/><W27/><G0/><T70/><D72/><U74/><E114/><V97/><F97/><W71/><G7/><T84/><D122/><U53/><E65/><V116/><F116/><W43/><G71/><T132/><D132/><U3/><E40/><V117/><F117/><W16/><G85/><T110/><D120/><U123/><E123/><V62/><F64/><W6/><G6/><T46/><D70/><U69/><E69/><V133/><F133/><W8/><G8/><T54/><D110/><U49/><E77/><N who="2" m="46543" /><F21/><N who="0" m="8298" /><D98/><U51/><E3/><V47/><F47/><W81/><G43/><T10/><D30/><U115/><E115/><V80/><F80/><W103/><G103/><T4/><D4/><N who="1" m="3239" /><E75/><V108/><F108/><W125/><G125/><T66/><D66/><U32/><E74/><V121/><F121/><W127/><G127/><T59/><D10/><AGARI ba="1,0" hai="5,10,15,28,31,60,61,62,89,94,96" m="46543" machi="10" ten="30,7700,0" yaku="8,1,52,3" doraHai="58" who="2" fromWho="0" sc="370,-80,366,0,130,80,134,0" /><INIT seed="5,0,0,0,0,28" ten="290,366,210,134" oya="1" hai0="80,52,82,125,61,31,30,70,79,83,44,68,19" hai1="26,11,17,107,75,111,135,100,7,49,56,53,63" hai2="94,76,133,131,118,46,18,126,21,86,2,124,5" hai3="114,34,41,105,78,13,0,58,106,113,65,129,16"/><U120/><E75/><V50/><F118/><W123/><G123/><T64/><D70/><U128/><E120/><V3/><F131/><W8/><G0/><T73/><D125/><N who="2" m="48234" /><F133/><W72/><G41/><T112/><D112/><N who="3" m="43113" /><G129/><T62/><D73/><U77/><E77/><V116/><F116/><W23/><G8/><T130/><D79/><U103/><E107/><V27/><F5/><W15/><G15/><T14/><D130/><U51/><E111/><V40/><F94/><W102/><G102/><T24/><D24/><U25/><E25/><V97/><F97/><W84/><G72/><T71/><D71/><U20/><E128/><V39/><F39/><W48/><G65/><T37/><D37/><U99/><E103/><V101/><F101/><W108/><G108/><T45/><D45/><U134/><E135/><V6/><F6/><W69/><G69/><T33/><D33/><U85/><E134/><V92/><F92/><W32/><G105/><T22/><REACH who="0" step="1"/><D44/><REACH who="0" ten="280,366,210,134" step="2"/><U1/><E26/><V109/><F109/><W36/><G36/><T38/><D38/><U95/><E100/><V54/><F76/><W12/><G12/><T10/><D10/><U93/><E11/><V121/><F46/><W96/><G78/><T127/><D127/><U87/><E1/><V98/><F2/><W81/><G106/><T47/><D47/><U60/><E20/><V122/><F3/><W119/><G119/><T42/><D42/><U59/><E59/><AGARI ba="0,1" hai="14,19,22,30,31,52,59,61,62,64,68,80,82,83" machi="59" ten="40,2600,0" yaku="1,1,54,1,53,0" doraHai="28" doraHaiUra="132" who="0" fromWho="1" sc="280,36,366,-26,210,0,134,0" /><INIT seed="6,0,0,2,3,30" ten="316,340,210,134" oya="2" hai0="28,51,19,95,110,94,70,81,34,58,117,4,72" hai1="101,123,53,83,11,47,6,31,21,91,0,68,25" hai2="14,113,13,49,54,44,93,67,50,60,18,69,66" hai3="120,35,90,39,107,3,62,64,125,116,99,37,118"/><V115/><F66/><W42/><G120/><T132/><D110/><U100/><E68/><V86/><F93/><W65/><G65/><T61/><D4/><U128/><E128/><V8/><F86/><W73/><G90/><T122/><D122/><U88/><E123/><V129/><F129/><W96/><G96/><T22/><D70/><U106/><E106/><V5/><REACH who="2" step="1"/><F49/><REACH who="2" ten="316,340,200,134" step="2"/><W57/><G64/><T103/><D51/><U85/><E91/><V75/><F75/><W20/><G73/><T119/><D95/><U78/><E78/><V77/><F77/><W36/><G107/><T40/><D94/><U76/><E76/><V10/><AGARI ba="0,1" hai="5,8,10,13,14,18,44,50,54,60,67,69,113,115" machi="10" ten="30,6000,0" yaku="1,1,0,1,53,1" doraHai="30" doraHaiUra="63" who="2" fromWho="2" sc="316,-20,340,-20,200,70,134,-20" /><INIT seed="6,1,0,1,2,62" ten="296,320,270,114" oya="2" hai0="135,52,53,76,29,1,18,93,75,65,68,80,60" hai1="101,11,34,95,86,51,103,15,67,110,98,92,88" hai2="23,111,131,104,24,48,73,57,59,82,35,99,27" hai3="109,63,81,132,54,124,49,134,47,17,64,36,97"/><V28/><F131/><W31/><G109/><T117/><D1/><U6/><E110/><V90/><F111/><W44/><G31/><T12/><D135/><N who="3" m="51753" /><G17/><T116/><D93/><U41/><E34/><V26/><F26/><W16/><G97/><T2/><D2/><U71/><E71/><V43/><F104/><W113/><G81/><T121/><D29/><U50/><E67/><V0/><F0/><W114/><G16/><T61/><D61/><U55/><E41/><V42/><F73/><W5/><G5/><T19/><D19/><U118/><E118/><N who="0" m="45673" /><D121/><U38/><E38/><V37/><F37/><W85/><G85/><T130/><D130/><U74/><E74/><V66/><F57/><N who="3" m="36975" /><G124/><T14/><D14/><U58/><E51/><V96/><F24/><W72/><G72/><T94/><D94/><U128/><E128/><V39/><F35/><W87/><G87/><T83/><D80/><U10/><E11/><AGARI ba="1,0" hai="11,12,18,52,53,60,65,68,75,76,83" m="45673" machi="11" ten="30,3900,0" yaku="12,1,52,1,54,1" doraHai="62" who="0" fromWho="1" sc="296,42,320,-42,270,0,114,0" /><INIT seed="7,0,0,4,4,18" ten="338,278,270,114" oya="3" hai0="81,108,55,102,10,43,36,56,15,64,45,120,96" hai1="25,22,32,131,26,99,29,39,60,94,30,89,126" hai2="88,85,73,111,53,49,107,20,100,68,113,44,61" hai3="12,31,58,83,48,63,121,82,6,79,13,62,27"/><W47/><G121/><T129/><D108/><U17/><E126/><V24/><F111/><W125/><G125/><T37/><D129/><U1/><E131/><V14/><F73/><W118/><G118/><T66/><D37/><U51/><E39/><V23/><F113/><W103/><G103/><T38/><D81/><U104/><E1/><V11/><F100/><W116/><G116/><T5/><D36/><U16/><E104/><V7/><F107/><W128/><G128/><T76/><D76/><U115/><E115/><V41/><F24/><W4/><G63/><T95/><D120/><U50/><E60/><AGARI ba="0,0" hai="5,10,15,38,43,45,55,56,60,64,66,95,96,102" machi="60" ten="30,1000,0" yaku="7,1" doraHai="18" who="0" fromWho="1" sc="338,10,278,-10,270,0,114,0" owari="348,44.8,268,-13.2,270,7.0,114,-38.6" /></mjloggm>