<mjloggm ver="2.3"><GO type="169" lobby="0"/><UN n0="%E3%81%91%E3%82%93%E3%81%9E%E3%83%BC%E3%83%99%E3%82%A4" n1="%E3%81%AE%E3%81%AF%E3%81%A3%E3%81%A1" n2="%E5%BA%84%E5%8F%B8%E5%81%A5%E5%A4%AA%E6%9C%97" n3="%E9%B3%B4%E8%8C%B6" dan="16,16,16,16" rate="2077.90,2152.66,2062.02,2125.24" sx="M,M,M,M"/><TAIKYOKU oya="0"/><INIT seed="0,0,0,3,0,102" ten="250,250,250,250" oya="0" hai0="125,80,116,111,115,110,43,18,83,127,75,86,70" hai1="123,129,92,56,2,57,107,112,48,5,99,122,39" hai2="38,34,131,9,35,21,44,101,89,4,37,14,73" hai3="52,85,64,54,62,109,27,58,51,69,132,11,113"/><T67/><D115/><U103/><E39/><V78/><F131/><W114/><G11/><T95/><D116/><U128/><E112/><N who="3" m="43114" /><G85/><T26/><D43/><U84/><E2/><V68/><F44/><N who="3" m="27751" /><G27/><T71/><D75/><U47/><E5/><V8/><F68/><W93/><G93/><T12/><D26/><U46/><E46/><V96/><F38/><W16/><G16/><T45/><D45/><U120/><E84/><V24/><F89/><W19/><G19/><T88/><D67/><U82/><E82/><N who="0" m="31273" /><D71/><U87/><E87/><V124/><F124/><N who="0" m="47690" /><D70/><U50/><E92/><V20/><F78/><W59/><G132/><T10/><AGARI ba="0,0" hai="10,12,18,86,88,95,110,111" m="47690,31273" machi="10" ten="40,3900,0" yaku="18,1,54,1" doraHai="102" who="0" fromWho="0" sc="250,39,250,-13,250,-13,250,-13" /><INIT seed="0,1,0,1,0,112" ten="289,237,237,237" oya="0" hai0="95,67,20,70,107,56,111,29,88,54,21,91,128" hai1="10,110,55,129,85,86,101,28,133,12,17,25,97" hai2="0,3,43,37,108,73,90,41,71,69,6,80,116" hai3="31,130,132,64,120,60,109,124,63,123,45,94,58"/><T122/><D107/><U59/><E110/><V52/><F108/><W83/><G109/><T78/><D111/><U114/><E129/><V76/><F90/><W121/><G130/><T26/><D128/><U32/><E133/><V126/><F126/><W79/><G124/><T19/><D78/><U96/><E114/><V93/><F93/><W75/><G132/><T103/><D103/><U92/><REACH who="1" step="1"/><E97/><REACH who="1" ten="289,227,237,237" step="2"/><V68/><F116/><W62/><G31/><T40/><D122/><U57/><E57/><V84/><F71/><W50/><REACH who="3" step="1"/><G94/><REACH who="3" ten="289,227,237,227" step="2"/><T9/><D95/><U119/><E119/><V99/><F99/><W27/><G27/><T65/><D26/><U102/><E102/><V38/><F80/><W42/><AGARI ba="1,2" hai="42,45,50,58,60,62,63,64,75,79,83,120,121,123" machi="42" ten="30,12000,2" yaku="1,1,0,1,13,1,53,3" doraHai="112" doraHaiUra="117" who="3" fromWho="3" sc="289,-61,227,-31,237,-31,227,143" /><INIT seed="1,0,0,5,2,23" ten="228,196,206,370" oya="1" hai0="34,29,75,38,28,117,134,58,27,125,46,33,120" hai1="22,71,45,105,109,74,13,57,128,12,48,37,133" hai2="95,113,26,108,96,84,82,116,89,104,91,4,56" hai3="99,85,63,2,81,87,127,17,88,93,122,9,103"/><U7/><E71/><V55/><F108/><W6/><G127/><T21/><D117/><U76/><E105/><V5/><F113/><W62/><G122/><T35/><D125/><U40/><E128/><V100/><F116/><W118/><G118/><T3/><D75/><U10/><E133/><V80/><F26/><W18/><G17/><T47/><D3/><U112/><E112/><V52/><F55/><W36/><G36/><T42/><D134/><U39/><E109/><V1/><F1/><W124/><G124/><T98/><D120/><U86/><E74/><V77/><F91/><W94/><REACH who="3" step="1"/><G18/><REACH who="3" ten="228,196,206,360" step="2"/><T30/><D38/><U119/><E119/><V64/><F64/><W61/><G61/><T106/><D30/><U66/><E37/><V97/><REACH who="2" step="1"/><F82/><REACH who="2" ten="228,196,196,360" step="2"/><W110/><G110/><T101/><D29/><U49/><E66/><V32/><F32/><W102/><G102/><T79/><D35/><U92/><E39/><V68/><F68/><W41/><G41/><T53/><D42/><U50/><E40/><V15/><F15/><W121/><G121/><T65/><D34/><U19/><E13/><V54/><F54/><W16/><G16/><T59/><D53/><U107/><E19/><V25/><F25/><W20/><G20/><T0/><D21/><U123/><E22/><V31/><F31/><W24/><G24/><T114/><D27/><U72/><E123/><V43/><F43/><W83/><G83/><T11/><D28/><U130/><E12/><V73/><F73/><W69/><G69/><T111/><D33/><U126/><E72/><V44/><F44/><RYUUKYOKU ba="0,2" sc="228,-15,196,-15,196,15,360,15" hai2="4,5,52,56,77,80,84,89,95,96,97,100,104" hai3="2,6,9,62,63,81,85,87,88,93,94,99,103" /><INIT seed="2,1,2,0,3,115" ten="213,181,211,375" oya="2" hai0="32,61,14,116,41,127,22,83,110,69,82,11,129" hai1="118,135,52,91,57,24,134,58,102,68,92,53,10" hai2="111,114,97,130,48,133,29,66,30,15,71,27,28" hai3="78,38,108,49,2,72,79,54,40,46,8,75,120"/><V1/><F1/><W89/><G120/><T20/><D32/><U93/><E68/><V81/><F114/><W4/><G108/><T60/><D110/><U51/><E24/><V121/><F111/><W132/><G132/><T62/><D127/><U7/><E102/><V67/><F121/><W39/><G89/><T64/><D129/><U112/><E112/><V47/><F133/><N who="1" m="50697" /><E91/><V105/><F130/><W113/><G113/><T74/><D41/><U80/><E80/><V43/><F81/><W90/><G90/><T44/><D44/><U103/><E103/><V125/><F125/><W117/><G117/><T100/><D100/><U31/><E31/><V84/><F84/><W21/><G21/><T9/><D83/><U3/><E118/><V19/><F105/><W101/><G101/><T65/><D116/><U36/><E36/><V73/><F73/><W0/><G2/><T55/><D55/><U18/><E18/><V94/><F27/><W128/><G128/><T77/><D11/><U126/><E126/><V59/><F71/><W104/><G104/><T106/><D106/><U85/><E85/><V122/><F122/><W96/><G96/><T109/><D109/><U70/><E70/><V17/><F17/><W23/><G23/><N who="0" m="8747" /><D69/><U12/><E3/><V63/><F94/><W98/><G98/><T16/><D74/><N who="3" m="28201" /><G38/><T34/><D34/><U88/><E88/><V42/><F97/><W123/><G123/><T99/><D99/><U33/><E33/><V37/><F37/><W26/><G26/><T86/><AGARI ba="1,2" hai="9,14,16,60,61,62,64,65,77,82,86" m="8747" machi="86" ten="30,2000,0" yaku="8,1,54,1" doraHai="115" who="0" fromWho="0" sc="213,43,181,-6,211,-11,375,-6" /><INIT seed="3,0,0,1,1,119" ten="256,175,200,369" oya="3" hai0="37,127,25,20,44,15,67,101,61,84,8,31,59" hai1="12,71,3,24,78,14,7,113,11,75,134,43,118" hai2="97,125,131,69,108,76,102,42,26,121,34,132,13" hai3="29,94,82,16,0,106,49,45,120,62,9,17,88"/><W18/><G120/><T111/><D111/><U56/><E71/><V4/><F108/><W23/><G106/><T50/><D127/><U58/><E113/><V47/><F132/><W66/><G82/><T6/><D101/><U65/><E134/><V135/><F135/><W55/><G29/><T112/><D37/><U30/><E118/><V81/><F131/><W68/><G0/><T80/><D112/><U70/><E70/><V32/><F69/><W27/><REACH who="3" step="1"/><G9/><REACH who="3" ten="256,175,200,359" step="2"/><T57/><D80/><U73/><E3/><V74/><F121/><W124/><G124/><T123/><D123/><U1/><E1/><V86/><F125/><W87/><AGARI ba="0,1" hai="16,17,18,23,27,45,49,55,62,66,68,87,88,94" machi="87" ten="20,12000,1" yaku="1,1,0,1,7,1,54,2,53,0" doraHai="119" doraHaiUra="105" who="3" fromWho="3" sc="256,-40,175,-40,200,-40,359,130" /><INIT seed="3,1,0,5,0,41" ten="216,135,160,489" oya="3" hai0="81,38,84,1,35,98,103,120,109,25,43,73,80" hai1="106,133,82,122,102,71,17,58,42,16,92,37,0" hai2="18,31,75,99,121,94,21,39,87,2,4,91,27" hai3="70,56,36,135,9,5,113,78,33,29,96,112,11"/><W114/><G70/><T15/><D1/><U69/><E122/><V108/><F108/><W111/><G36/><T64/><D109/><U74/><E0/><V14/><F75/><W7/><G111/><T23/><D35/><U22/><E106/><V55/><F121/><W60/><G78/><T44/><D73/><U105/><E105/><V63/><F39/><W115/><G135/><T53/><D64/><U129/><E129/><V93/><F2/><W126/><G126/><T45/><D15/><U40/><E58/><V125/><F125/><W79/><G79/><T50/><D84/><U131/><E131/><V95/><F4/><W119/><G119/><T48/><D38/><U104/><E104/><V76/><F76/><W6/><G96/><T68/><D68/><U130/><E133/><V134/><F134/><W117/><G117/><T26/><D26/><U118/><E118/><V67/><F55/><W127/><G127/><T132/><D120/><U8/><E69/><V20/><REACH who="2" step="1"/><F87/><REACH who="2" ten="216,135,150,489" step="2"/><W100/><G114/><T124/><D124/><U19/><E37/><V51/><F51/><W52/><REACH who="3" step="1"/><G100/><REACH who="3" ten="216,135,150,479" step="2"/><T72/><D132/><U88/><E102/><V65/><F65/><W61/><G61/><T83/><D72/><U128/><E74/><V34/><F34/><W59/><G59/><AGARI ba="1,2" hai="14,18,20,21,27,31,59,63,67,91,93,94,95,99" machi="59" ten="30,3900,0" yaku="1,1,7,1,8,1,53,0" doraHai="41" doraHaiUra="116" who="2" fromWho="3" sc="216,0,135,0,150,62,479,-42" /><INIT seed="4,0,0,3,4,38" ten="216,135,212,437" oya="0" hai0="107,15,28,94,62,72,25,132,117,40,34,96,67" hai1="118,21,41,24,2,46,54,109,129,31,108,84,114" hai2="112,68,33,3,133,26,76,87,7,66,27,130,106" hai3="20,55,23,83,42,19,80,124,57,97,116,1,98"/><T95/><D117/><U100/><E118/><V102/><F112/><W35/><G116/><T10/><D132/><U11/><E129/><V12/><F12/><W47/><G35/><T53/><D72/><U63/><E100/><V59/><F59/><W82/><G1/><T48/><D107/><U119/><E119/><V123/><F123/><W45/><G124/><T49/><D95/><U5/><E114/><V50/><F7/><W105/><G105/><T74/><D74/><U86/><E54/><V4/><F87/><W6/><G6/><T43/><D49/><U125/><E125/><V126/><F76/><W14/><G23/><T61/><D15/><U75/><E75/><V69/><F126/><W16/><G19/><T13/><D13/><U9/><E9/><N who="2" m="2207" /><F133/><W39/><REACH who="3" step="1"/><G47/><REACH who="3" ten="216,135,212,427" step="2"/><T8/><D8/><U127/><E127/><V22/><F33/><W56/><G56/><T92/><D10/><U60/><E109/><V81/><F22/><W70/><G70/><T18/><D18/><U101/><E108/><V111/><F69/><W17/><G17/><T113/><D28/><U93/><E2/><V77/><F68/><W52/><G52/><T120/><D53/><U51/><E5/><V37/><F111/><W134/><G134/><T32/><D32/><U64/><E11/><V91/><F66/><W78/><G78/><T65/><D34/><U36/><E64/><V73/><F77/><W89/><G89/><T131/><D67/><U103/><E21/><V128/><F91/><W110/><G110/><T44/><D65/><U0/><E0/><V115/><F106/><RYUUKYOKU ba="0,1" sc="216,-10,135,-10,212,-10,427,30" hai3="14,16,20,39,42,45,55,57,80,82,83,97,98" /><INIT seed="5,1,1,0,4,8" ten="206,125,202,457" oya="1" hai0="112,41,95,124,91,1,55,107,66,43,115,85,65" hai1="120,76,113,72,24,61,44,37,92,134,133,129,63" hai2="58,9,70,40,46,29,132,60,96,110,35,102,18" hai3="125,90,47,30,54,108,31,3,22,123,101,93,21"/><U5/><E120/><V27/><F110/><W17/><G3/><T103/><D1/><U57/><E113/><N who="0" m="43593" /><D124/><U106/><E106/><V33/><F132/><N who="1" m="50793" /><E129/><V119/><F70/><W84/><G108/><T4/><D4/><U97/><E5/><V51/><F119/><W100/><G125/><T79/><D79/><U38/><E24/><V81/><F81/><W15/><G123/><T77/><D77/><U87/><E72/><V36/><F36/><N who="1" m="13929" /><E44/><V0/><F0/><W45/><G47/><T82/><D107/><U49/><E49/><V117/><F117/><W88/><G90/><T75/><D75/><U48/><E48/><V19/><F9/><W69/><G69/><T80/><D80/><N who="1" m="47495" /><E57/><V135/><F35/><W71/><G71/><T111/><D111/><U16/><E16/><V59/><F135/><W34/><G34/><T68/><D55/><U64/><E64/><N who="0" m="24681" /><D68/><U98/><E98/><AGARI ba="1,1" hai="41,43,82,85,91,95,98,103" m="24681,43593" machi="98" ten="30,1000,0" yaku="15,1" doraHai="8" who="0" fromWho="1" sc="206,23,125,-13,202,0,457,0" /><INIT seed="6,0,0,4,4,44" ten="229,112,202,457" oya="2" hai0="132,9,129,37,36,116,58,47,123,29,25,39,66" hai1="46,110,10,70,8,119,4,55,128,87,93,24,111" hai2="33,84,108,65,40,81,42,41,120,18,48,98,17" hai3="51,5,54,1,122,71,63,11,49,104,14,3,107"/><V53/><F120/><W61/><G122/><T64/><D123/><U114/><E119/><V16/><F108/><W74/><G74/><T21/><D116/><U80/><E70/><V34/><F98/><W97/><G97/><T100/><D132/><U82/><E114/><V96/><F96/><W121/><G121/><T72/><D100/><U115/><E115/><V12/><F65/><W45/><G71/><T13/><D72/><U73/><E128/><V86/><F86/><W52/><G14/><T15/><D15/><U69/><E69/><V90/><REACH who="2" step="1"/><F12/><REACH who="2" ten="229,112,192,457" step="2"/><W117/><G117/><T59/><D129/><U102/><E87/><V92/><F92/><W106/><REACH who="3" step="1"/><G1/><REACH who="3" ten="229,112,192,447" step="2"/><T32/><D13/><U43/><E111/><V23/><F23/><W125/><G125/><T76/><D21/><U22/><E22/><V133/><F133/><W60/><G60/><T99/><D99/><U19/><E110/><V2/><F2/><W7/><G7/><T20/><D20/><U131/><E4/><V31/><F31/><W28/><G28/><T0/><D0/><U89/><E131/><V113/><F113/><W56/><AGARI ba="0,2" hai="3,5,11,45,49,51,52,54,56,61,63,104,106,107" machi="56" ten="30,8000,1" yaku="1,1,0,1,52,2,54,1,53,0" doraHai="44" doraHaiUra="77" who="3" fromWho="3" sc="229,-20,112,-20,192,-40,447,100" /><INIT seed="7,0,0,3,2,24" ten="209,92,152,547" oya="3" hai0="2,3,76,128,38,78,64,14,91,72,109,116,68" hai1="98,63,83,115,114,46,52,50,34,57,65,60,113" hai2="48,9,123,126,119,135,101,107,131,88,87,54,84" hai3="108,55,27,81,97,36,18,106,35,40,58,134,29"/><W53/><G55/><T104/><D104/><U16/><E34/><V59/><F126/><W21/><G81/><T90/><D38/><U105/><E83/><V94/><F135/><W33/><G33/><T127/><D14/><U130/><E130/><V133/><F133/><W37/><G40/><T5/><D64/><U77/><E77/><V124/><F124/><W79/><G79/><T125/><D5/><U30/><E30/><V110/><F119/><W17/><G17/><T67/><D67/><U42/><E98/><V92/><F123/><W80/><G80/><T51/><D51/><N who="1" m="27095" /><E16/><V121/><F121/><W103/><G134/><T99/><D99/><U49/><E105/><V66/><F66/><W32/><G108/><T15/><D15/><U118/><E118/><V13/><F110/><W6/><G6/><T122/><D109/><U25/><E25/><V93/><F131/><W111/><G35/><T47/><D128/><U44/><E44/><V22/><F107/><W70/><G70/><AGARI ba="0,0" hai="49,50,52,57,60,63,65,70,113,114,115" m="27095" machi="70" ten="30,7700,0" yaku="15,1,34,2,54,1" doraHai="24" who="1" fromWho="3" sc="209,0,92,77,152,0,547,-77" owari="209,0.9,169,-23.1,152,-34.8,470,57.0" /></mjloggm>