<mjloggm ver="2.3"><GO type="169" lobby="0"/><UN n0="%E3%81%8A%E3%81%A3%E3%81%8F%E3%82%93%4D%4C" n1="%E3%81%8D%E3%81%84%E3%81%AA" n2="%E8%8F%85%E7%94%B0%E5%B0%86%E6%9A%89%28%E5%81%BD%E7%89%A9%29" n3="%E5%A4%A9%E3%81%8B%E3%81%91%E3%82%8B%E6%98%9F" dan="16,17,16,16" rate="2072.46,2175.04,2187.37,2055.65" sx="M,F,M,M"/><TAIKYOKU oya="0"/><INIT seed="0,0,0,5,4,46" ten="250,250,250,250" oya="0" hai0="125,92,34,134,99,8,51,21,87,45,69,60,27" hai1="25,97,135,109,133,93,132,29,64,83,0,38,73" hai2="58,103,4,126,28,98,117,49,15,55,65,121,23" hai3="6,113,71,100,88,91,123,50,42,47,53,94,9"/><T96/><D134/><U18/><E109/><V48/><F121/><W41/><G113/><T118/><D125/><U119/><E119/><V39/><F39/><W33/><G33/><T7/><D34/><U75/><E38/><V78/><F126/><W68/><G123/><T31/><D118/><U107/><E0/><V20/><F117/><W32/><G32/><T131/><D131/><U79/><E64/><V30/><F78/><W112/><G112/><T13/><D69/><U76/><E18/><V77/><F77/><W101/><G68/><T81/><D60/><U57/><E57/><V85/><F85/><W16/><G91/><T3/><D92/><U116/><E116/><V11/><F65/><W56/><G71/><T36/><D3/><U40/><E40/><N who="3" m="15466" /><G6/><T54/><REACH who="0" step="1"/><D36/><REACH who="0" ten="240,250,250,250" step="2"/><U115/><E115/><V10/><F49/><W61/><G61/><T108/><D108/><U67/><E132/><V111/><F111/><W1/><G1/><T72/><D72/><U74/><E133/><V19/><F30/><W80/><G80/><T24/><D24/><U5/><E83/><V37/><F37/><W130/><G130/><T66/><D66/><U128/><E135/><V2/><REACH who="2" step="1"/><F28/><REACH who="2" ten="240,250,240,250" step="2"/><W70/><G70/><T14/><D14/><U62/><E128/><V89/><F89/><AGARI ba="0,2" hai="7,8,13,21,27,31,45,51,54,81,87,89,96,99" machi="89" ten="30,12000,1" yaku="1,1,7,1,8,1,52,1,53,1" doraHai="46" doraHaiUra="84" who="0" fromWho="2" sc="240,140,250,0,240,-120,250,0" /><INIT seed="0,1,0,2,5,86" ten="380,250,120,250" oya="0" hai0="32,18,4,83,45,77,129,119,62,73,10,101,75" hai1="64,89,51,93,96,28,31,44,115,118,114,6,134" hai2="120,98,71,39,57,67,131,128,122,123,54,36,85" hai3="8,15,124,13,24,11,94,14,33,30,92,127,104"/><T48/><D119/><U79/><E118/><V38/><F98/><W88/><G104/><T76/><D129/><N who="2" m="49738" /><F85/><W95/><G11/><T125/><D125/><N who="3" m="48201" /><G8/><T110/><D110/><U105/><E134/><V21/><F21/><W111/><G111/><T12/><D32/><U40/><E6/><V43/><F71/><W22/><G33/><T117/><D62/><U103/><E64/><V47/><F67/><W20/><G20/><T72/><D117/><U27/><E79/><V37/><F37/><W97/><AGARI ba="1,0" hai="13,14,15,22,24,30,88,92,94,95,97" m="48201" machi="97" ten="30,4000,0" yaku="18,1,52,1,54,1" doraHai="86" who="3" fromWho="3" sc="380,-21,250,-11,120,-11,250,43" /><INIT seed="1,0,0,3,4,50" ten="359,239,109,293" oya="1" hai0="91,75,62,30,107,118,102,51,74,80,5,101,128" hai1="83,97,36,37,38,27,3,52,17,32,33,61,76" hai2="96,90,58,19,60,66,1,49,73,13,31,48,53" hai3="70,120,79,15,4,29,71,116,9,57,16,68,42"/><U24/><E3/><V123/><F123/><W67/><G120/><T63/><D118/><U121/><E121/><V130/><F130/><W64/><G116/><T25/><D128/><U56/><E97/><V20/><F73/><W81/><G29/><T22/><D5/><U59/><E59/><V23/><F1/><W131/><G131/><T8/><D8/><U125/><E125/><V112/><F112/><W2/><G42/><T108/><D108/><U129/><E129/><V126/><F126/><W85/><REACH who="3" step="1"/><G57/><REACH who="3" ten="359,239,109,283" step="2"/><T78/><D74/><U44/><E44/><V119/><F119/><W34/><G34/><T26/><D75/><U0/><E32/><V99/><F49/><W11/><AGARI ba="0,1" hai="2,4,9,11,15,16,64,67,68,70,71,79,81,85" machi="11" ten="40,8000,1" yaku="1,1,0,1,54,1,53,1" doraHai="50" doraHaiUra="82" who="3" fromWho="3" sc="359,-20,239,-40,109,-20,283,90" /><INIT seed="2,0,0,2,0,94" ten="339,199,89,373" oya="2" hai0="77,22,75,131,23,121,101,70,42,52,59,103,33" hai1="56,123,114,11,6,119,73,47,9,109,28,66,43" hai2="25,67,51,115,14,50,10,90,124,79,85,100,135" hai3="36,46,7,35,32,30,87,55,122,12,112,98,65"/><V129/><F115/><W17/><G122/><T69/><D33/><U84/><E114/><V92/><F129/><W41/><G112/><T5/><D121/><U8/><E119/><V60/><F135/><W24/><G65/><T53/><D42/><U48/><E123/><V37/><F37/><W1/><G55/><T34/><D34/><U71/><E73/><V16/><F124/><W74/><G74/><T88/><D75/><U126/><E126/><V40/><F79/><W127/><G35/><T133/><D59/><U91/><E109/><V99/><F25/><W19/><G127/><T38/><D5/><U86/><E71/><V0/><F0/><W128/><G128/><T54/><D77/><U20/><E6/><V72/><F40/><W106/><G87/><T49/><D49/><U108/><E108/><V81/><REACH who="2" step="1"/><F72/><REACH who="2" ten="339,199,79,373" step="2"/><W105/><G1/><T93/><D38/><U58/><E43/><V120/><F120/><W15/><G36/><T113/><D113/><U107/><E28/><V39/><F39/><W68/><G41/><T76/><D76/><U95/><E107/><V104/><F104/><W78/><G78/><T111/><D111/><U125/><E125/><V31/><F31/><W80/><G105/><T3/><D3/><U4/><E4/><V102/><F102/><W18/><G7/><T82/><D103/><U116/><E116/><V63/><F63/><W96/><G106/><T130/><D101/><U2/><E2/><V132/><F132/><W29/><G30/><T57/><D133/><U62/><E62/><V97/><F97/><W21/><G96/><RYUUKYOKU ba="0,1" sc="339,-10,199,-10,79,30,373,-10" hai2="10,14,16,50,51,60,67,81,85,90,92,99,100" /><INIT seed="2,1,1,0,2,102" ten="329,189,109,363" oya="2" hai0="121,129,0,91,23,37,70,38,63,81,58,83,59" hai1="5,69,90,113,64,34,49,104,74,51,116,72,103" hai2="48,56,65,11,30,123,85,78,32,16,89,7,77" hai3="96,134,86,15,6,25,132,20,109,135,106,119,94"/><V12/><F123/><W54/><G119/><T55/><D0/><U62/><E116/><V4/><F32/><W75/><G75/><T125/><D70/><U127/><E113/><V19/><F30/><W92/><G109/><T100/><D121/><U71/><E71/><V115/><F115/><W3/><G3/><T105/><D129/><U36/><E36/><V80/><F7/><W17/><G86/><T1/><D1/><U47/><E127/><V46/><F65/><W99/><G54/><T14/><D125/><U122/><E5/><V87/><F56/><W101/><G99/><T22/><D100/><U10/><E10/><AGARI ba="1,1" hai="6,10,15,17,20,25,92,94,96,101,106,132,134,135" machi="10" ten="40,2600,0" yaku="20,1,52,1" doraHai="102" who="3" fromWho="1" sc="329,0,189,-29,109,0,363,39" /><INIT seed="3,0,0,1,0,84" ten="329,160,109,402" oya="3" hai0="2,65,30,31,26,33,46,17,129,86,108,63,127" hai1="40,132,130,9,25,100,124,10,81,87,35,104,91" hai2="23,11,57,112,54,52,15,18,102,45,36,67,90" hai3="88,117,48,50,97,121,75,29,32,93,133,37,110"/><W69/><G117/><T115/><D108/><U44/><E124/><V4/><F112/><W38/><G121/><T27/><D127/><U77/><E130/><V76/><F76/><W13/><G69/><T82/><D2/><U47/><E132/><V58/><F102/><W19/><G75/><T43/><D129/><U34/><E47/><V113/><F113/><W24/><G133/><T41/><D17/><U59/><E59/><V7/><F7/><W83/><G110/><T14/><D14/><U105/><E10/><V12/><F36/><W111/><G111/><T94/><D94/><U61/><E61/><V101/><F101/><W96/><G83/><T89/><D46/><U20/><E9/><V134/><F134/><W5/><G5/><T70/><REACH who="0" step="1"/><D115/><REACH who="0" ten="319,160,109,402" step="2"/><U56/><E104/><V66/><F45/><W119/><G13/><T116/><D116/><U62/><E105/><V51/><REACH who="2" step="1"/><F90/><REACH who="2" ten="319,160,99,402" step="2"/><W85/><G88/><T103/><D103/><U114/><E100/><V28/><F28/><W73/><G29/><T74/><D74/><U1/><E114/><V6/><F6/><W55/><G73/><T106/><D106/><U126/><E126/><V107/><F107/><W72/><G72/><T53/><D53/><U98/><E91/><V122/><F122/><W42/><G55/><T64/><D64/><U109/><E44/><V68/><F68/><W123/><G123/><T21/><AGARI ba="0,2" hai="21,26,27,30,31,33,41,43,63,65,70,82,86,89" machi="21" ten="20,5200,0" yaku="1,1,0,1,7,1,52,1,53,0" doraHai="84" doraHaiUra="49" who="0" fromWho="0" sc="319,72,160,-13,99,-13,402,-26" /><INIT seed="4,0,0,0,1,58" ten="391,147,86,376" oya="0" hai0="51,8,134,65,4,15,99,61,34,6,10,123,116" hai1="114,63,40,76,69,43,9,126,102,64,103,117,39" hai2="83,41,33,66,28,17,86,13,74,98,49,20,124" hai3="72,54,14,77,31,133,130,46,22,26,87,29,11"/><T121/><D116/><U62/><E117/><V135/><F135/><W128/><G72/><T7/><D34/><U113/><E126/><V96/><F124/><W52/><G133/><T79/><D134/><U59/><E76/><V111/><F111/><W1/><G1/><T104/><D4/><U89/><E89/><V108/><F108/><W0/><G0/><T84/><D51/><U81/><E81/><V95/><F74/><W71/><G71/><T3/><D79/><U16/><E9/><V97/><F66/><W106/><G106/><T56/><REACH who="0" step="1"/><D84/><REACH who="0" ten="381,147,86,376" step="2"/><U90/><E39/><V70/><F33/><W75/><G75/><T21/><D21/><U131/><E114/><V48/><F48/><W60/><G77/><T68/><D68/><U120/><E69/><V35/><F70/><W129/><G87/><T19/><D19/><U18/><E113/><V50/><F50/><W53/><G31/><T30/><D30/><U36/><E36/><V82/><F28/><W101/><G46/><T44/><D44/><U45/><E45/><N who="2" m="25775" /><F35/><W42/><G42/><T85/><D85/><U93/><E40/><V23/><F20/><W122/><G122/><T88/><D88/><AGARI ba="0,1" hai="13,17,23,82,83,86,88,95,96,97,98" m="25775" machi="88" ten="30,2000,0" yaku="8,1,54,1" doraHai="58" who="2" fromWho="0" sc="381,-20,147,0,86,30,376,0" /><INIT seed="5,0,0,3,5,41" ten="361,147,116,376" oya="1" hai0="135,1,11,113,87,88,20,95,134,69,46,118,68" hai1="103,40,98,85,52,23,15,121,132,32,26,106,10" hai2="120,117,4,78,114,92,49,12,131,17,14,51,133" hai3="109,44,18,45,112,61,22,56,84,2,7,116,99"/><U57/><E132/><N who="0" m="50729" /><D118/><U64/><E121/><V77/><F133/><W42/><G109/><T55/><D113/><U101/><E101/><V3/><F117/><W63/><G116/><T122/><D122/><U102/><E102/><V48/><F120/><W125/><G112/><T58/><D20/><U70/><E32/><V126/><F114/><W74/><G74/><T79/><D79/><U27/><E40/><V96/><F131/><W90/><G125/><T65/><D65/><U16/><E64/><V80/><F126/><W129/><G129/><T39/><D11/><U82/><E70/><V127/><F127/><W53/><G7/><T34/><D1/><U43/><E43/><V60/><F60/><W54/><G2/><T128/><D34/><U38/><E38/><V31/><F31/><W24/><G99/><T21/><D21/><U19/><E26/><V33/><F33/><W105/><G42/><N who="0" m="22879" /><D128/><U111/><E111/><V104/><F77/><W66/><G105/><T36/><D36/><U71/><E71/><V35/><F104/><W30/><G30/><T67/><D67/><U81/><REACH who="1" step="1"/><E85/><REACH who="1" ten="361,137,116,376" step="2"/><N who="2" m="48279" /><F35/><W110/><G110/><T37/><D37/><U130/><E130/><V89/><F3/><W29/><G66/><T123/><D123/><U72/><E72/><V107/><F107/><W50/><G24/><T93/><D69/><U115/><E115/><V9/><F14/><W124/><G124/><T25/><D68/><U119/><E119/><V83/><F83/><W8/><G84/><T86/><D25/><U13/><E13/><V28/><F28/><W59/><G29/><RYUUKYOKU ba="0,1" sc="361,-15,137,15,116,15,376,-15" hai1="10,15,16,19,23,27,52,57,81,82,98,103,106" hai2="4,9,12,17,48,49,51,89,92,96" /><INIT seed="5,1,1,5,0,57" ten="346,152,131,361" oya="1" hai0="17,90,72,108,102,71,31,23,103,107,68,111,20" hai1="24,122,125,67,21,88,95,124,133,92,114,104,1" hai2="97,131,8,2,39,25,22,76,46,109,30,86,63" hai3="60,47,18,118,105,38,9,5,127,120,82,101,58"/><U15/><E1/><V42/><F109/><W40/><G120/><T52/><D72/><U77/><E104/><V94/><F131/><W28/><G28/><T11/><D107/><U27/><E122/><V53/><F2/><W50/><G18/><T79/><D79/><U91/><E133/><V56/><F8/><W115/><G115/><T10/><D17/><U0/><E0/><V55/><F76/><W4/><G127/><N who="1" m="48714" /><E77/><V36/><F86/><W75/><G118/><T80/><D80/><U130/><E114/><V81/><F81/><W128/><G128/><T99/><D90/><N who="1" m="34347" /><E130/><V7/><F7/><W48/><G5/><T66/><D99/><U16/><E67/><N who="2" m="39399" /><F39/><W116/><G116/><T73/><D66/><U121/><E121/><V93/><F93/><AGARI ba="1,1" hai="15,16,21,24,27,92,93,95" m="34347,48714" machi="93" ten="30,5800,0" yaku="18,1,54,2" doraHai="57" who="1" fromWho="2" sc="346,0,152,71,131,-61,361,0" /><INIT seed="5,2,0,5,5,32" ten="346,223,70,361" oya="1" hai0="4,30,63,71,75,91,37,20,96,58,28,50,14" hai1="48,42,132,116,108,103,12,81,80,107,79,111,51" hai2="84,53,60,106,74,10,126,44,110,25,59,21,2" hai3="127,23,24,121,16,54,95,27,31,11,35,49,122"/><U130/><E116/><V124/><F74/><W46/><G127/><N who="2" m="48681" /><F110/><N who="1" m="42025" /><E130/><V26/><F106/><W33/><G33/><T68/><D20/><U1/><E132/><V9/><F9/><W102/><G102/><T85/><D28/><U66/><E42/><V82/><F44/><W135/><G135/><T120/><D30/><U76/><E66/><V92/><F92/><W56/><G95/><T123/><D37/><U43/><E43/><V73/><F73/><W113/><G113/><T8/><D71/><U29/><E103/><V18/><F25/><W52/><REACH who="3" step="1"/><G11/><REACH who="3" ten="346,223,70,351" step="2"/><T7/><D8/><U17/><E107/><V128/><F128/><W67/><G67/><T115/><D115/><U133/><E133/><V118/><F118/><W105/><G105/><T6/><D123/><U15/><E80/><V86/><F82/><W64/><G64/><T83/><D120/><U89/><E81/><V131/><F131/><W47/><G47/><T57/><D75/><U39/><E79/><V117/><F117/><W77/><G77/><T119/><D119/><U114/><E76/><V104/><F104/><W62/><AGARI ba="2,1" hai="16,23,24,27,31,35,46,49,52,54,56,62,121,122" machi="62" ten="20,8000,1" yaku="1,1,0,1,7,1,54,2,53,0" doraHai="32" doraHaiUra="69" who="3" fromWho="3" sc="346,-22,223,-42,70,-22,351,96" /><INIT seed="6,0,0,5,4,25" ten="324,181,48,447" oya="2" hai0="51,43,77,85,55,83,69,111,64,114,73,92,128" hai1="32,104,67,1,135,125,54,0,44,74,34,87,105" hai2="86,96,93,57,81,129,22,132,124,53,26,8,29" hai3="112,47,127,19,131,21,62,4,119,40,18,59,65"/><V78/><F129/><W58/><G119/><T60/><D111/><U109/><E87/><V24/><F132/><W2/><G131/><T115/><D128/><U103/><E54/><V113/><F113/><W123/><G123/><T76/><D43/><U56/><E56/><V63/><F124/><W80/><G112/><N who="0" m="43051" /><D92/><U10/><E44/><V91/><F26/><W28/><G127/><T97/><D97/><U116/><E10/><AGARI ba="0,0" hai="8,10,22,24,29,53,57,63,78,81,86,91,93,96" machi="10" ten="40,3900,0" yaku="8,1,52,1" doraHai="25" who="2" fromWho="1" sc="324,0,181,-39,48,39,447,0" /><INIT seed="6,1,0,3,1,83" ten="324,142,87,447" oya="2" hai0="110,56,26,61,15,89,87,18,130,115,114,28,34" hai1="19,100,112,104,10,20,86,58,135,118,52,3,128" hai2="13,67,6,47,113,119,123,133,24,78,70,60,44" hai3="80,17,126,31,71,57,29,37,7,59,5,43,49"/><V69/><F119/><W106/><G106/><T25/><D110/><U129/><E118/><V50/><F123/><W33/><G71/><T111/><D111/><U55/><E112/><V98/><F113/><W116/><G116/><T51/><D130/><N who="1" m="50283" /><E135/><V73/><F133/><W27/><G126/><T64/><D26/><U99/><E58/><V32/><F69/><W94/><G31/><T120/><D51/><U8/><E86/><V79/><F73/><W16/><G37/><T122/><D115/><U21/><E21/><V1/><F1/><W65/><G80/><T39/><D39/><U109/><E109/><V36/><F36/><W85/><G59/><T12/><D12/><N who="1" m="9319" /><E8/><V125/><F125/><W0/><G43/><T54/><D54/><U91/><E91/><V131/><F131/><W46/><G46/><T117/><D117/><U9/><E9/><V105/><F13/><W22/><G0/><T75/><D75/><U107/><E104/><V48/><F6/><AGARI ba="1,0" hai="3,6,10,52,55,99,100,107" m="9319,50283" machi="6" ten="30,2000,0" yaku="19,1,54,1" doraHai="83" who="1" fromWho="2" sc="324,0,142,23,87,-23,447,0" /><INIT seed="7,0,0,1,5,45" ten="324,165,64,447" oya="3" hai0="60,28,61,118,116,131,44,122,22,99,23,53,41" hai1="93,9,112,7,18,5,29,20,33,87,12,98,21" hai2="104,119,89,94,78,2,63,107,6,126,65,124,47" hai3="90,76,51,27,38,100,85,64,55,121,25,68,59"/><W92/><G121/><T120/><D99/><U34/><E87/><V24/><F2/><W135/><G38/><T31/><D44/><U26/><E93/><V84/><F6/><W82/><G135/><T49/><D41/><U8/><E98/><V16/><F119/><W17/><G17/><T0/><D0/><U42/><E42/><V50/><F78/><W108/><G108/><T1/><D1/><U83/><E83/><V40/><F124/><W79/><G68/><T106/><D131/><U111/><E112/><V10/><F126/><W39/><G39/><T127/><D127/><U66/><E66/><V11/><F104/><W102/><G64/><T70/><D53/><U4/><E111/><V14/><F107/><W103/><G76/><T69/><REACH who="0" step="1"/><D106/><REACH who="0" ten="314,165,64,447" step="2"/><U129/><E129/><V75/><F75/><W86/><AGARI ba="0,1" hai="25,27,51,55,59,79,82,85,86,90,92,100,102,103" machi="86" ten="30,6000,0" yaku="0,1,8,1,52,1" doraHai="45" who="3" fromWho="3" sc="314,-20,165,-20,64,-20,447,70" owari="294,9.4,145,-25.5,44,-45.6,517,61.7" /></mjloggm>