<mjloggm ver="2.3"><GO type="169" lobby="0"/><UN n0="%E3%82%8F%E3%81%98" n1="%6C%6E%61%69" n2="%6B%6F%72%69%6E%6F%62%61" n3="%62%61%6B%75%72%61%30%38" dan="16,16,16,17" rate="2141.59,2043.56,2155.71,2172.48" sx="M,M,M,M"/><TAIKYOKU oya="0"/><INIT seed="0,0,0,1,0,86" ten="250,250,250,250" oya="0" hai0="50,95,21,45,74,44,97,8,25,59,113,55,27" hai1="57,65,42,118,131,20,29,101,121,81,19,111,12" hai2="110,135,28,56,18,133,120,3,60,89,0,105,103" hai3="32,2,48,128,98,91,122,40,35,37,109,80,71"/><T6/><D74/><U125/><E118/><V43/><F120/><W23/><G71/><T106/><D106/><U39/><E121/><V75/><F75/><W73/><G122/><T36/><D113/><U64/><E111/><V31/><F43/><W13/><G2/><T41/><D45/><U68/><E125/><V112/><F112/><W100/><G37/><T5/><D8/><U30/><E131/><V70/><F70/><W87/><G73/><T1/><D1/><U46/><E101/><V76/><F76/><W130/><G109/><T88/><REACH who="0" step="1"/><D27/><REACH who="0" ten="240,250,250,250" step="2"/><U33/><E46/><V10/><F10/><W116/><G128/><T127/><D127/><U53/><E39/><V129/><F0/><W63/><G130/><T54/><D54/><U78/><E53/><V49/><F3/><W34/><G116/><T22/><D22/><U58/><E20/><V24/><F105/><W92/><G23/><T69/><D69/><U83/><E68/><V94/><F129/><W77/><G40/><T124/><D124/><U15/><E42/><V67/><F110/><W26/><G26/><T123/><D123/><U16/><E33/><V66/><F24/><W132/><G34/><T108/><D108/><U11/><E11/><V47/><F47/><W61/><G35/><T102/><D102/><U93/><E78/><V107/><F103/><W84/><G100/><T7/><D7/><U79/><E79/><V4/><F107/><W82/><G77/><T14/><D14/><U115/><E115/><V62/><F4/><W126/><G32/><T52/><D52/><U90/><E90/><RYUUKYOKU ba="0,1" sc="240,15,250,15,250,-15,250,-15" hai0="5,6,21,25,36,41,44,50,55,59,88,95,97" hai1="12,15,16,19,29,30,57,58,64,65,81,83,93" /><INIT seed="0,1,1,2,1,72" ten="255,265,235,235" oya="0" hai0="10,50,68,2,3,23,122,115,96,76,44,0,28" hai1="66,25,111,47,31,30,116,77,54,127,18,73,85" hai2="81,87,14,101,45,65,36,86,120,112,6,132,67" hai3="129,55,37,56,49,63,21,17,60,62,106,123,40"/><T103/><D122/><U94/><E116/><V97/><F120/><W1/><G123/><T91/><D68/><U58/><E111/><V34/><F34/><W42/><G106/><T27/><D115/><U84/><E73/><V110/><F110/><W5/><G129/><T11/><D91/><U82/><E127/><V48/><F36/><W75/><G75/><T117/><D76/><U7/><E7/><V100/><F87/><W130/><G130/><T38/><D38/><U119/><E66/><V98/><F132/><W79/><G37/><T78/><D78/><U13/><E47/><V52/><F112/><W39/><G39/><T135/><D135/><U12/><E119/><V95/><F14/><W134/><G79/><T118/><D118/><U22/><E12/><V83/><F6/><W8/><REACH who="3" step="1"/><G134/><REACH who="3" ten="255,265,235,225" step="2"/><T89/><D117/><U19/><E77/><V107/><REACH who="2" step="1"/><F83/><REACH who="2" ten="255,265,225,225" step="2"/><W113/><G113/><T121/><D121/><U64/><E82/><V20/><F20/><W90/><G90/><AGARI ba="1,3" hai="45,48,52,65,67,81,86,90,95,97,98,100,101,107" machi="90" ten="30,3900,0" yaku="1,1,7,1,54,1,53,0" doraHai="72" doraHaiUra="16" who="2" fromWho="3" sc="255,0,265,0,225,72,225,-42" /><INIT seed="1,0,0,5,1,83" ten="255,265,297,183" oya="1" hai0="10,101,96,68,66,121,20,43,56,61,118,71,97" hai1="64,116,18,132,57,45,79,89,26,86,107,39,134" hai2="76,3,49,22,72,67,85,90,115,52,62,84,126" hai3="95,93,28,9,36,74,50,11,27,94,104,127,114"/><U54/><E116/><V35/><F35/><W120/><G120/><T111/><D118/><U53/><E107/><V63/><F3/><W113/><G36/><T16/><D121/><U7/><E7/><V2/><F2/><W46/><G74/><T23/><D111/><U19/><E79/><V12/><F72/><W17/><G104/><T81/><D43/><N who="1" m="22783" /><E64/><V82/><F126/><W130/><G130/><T133/><D133/><N who="1" m="51307" /><E26/><V69/><F115/><N who="3" m="44043" /><G17/><N who="1" m="6154" /><E57/><V119/><F119/><W55/><G127/><T48/><D71/><U42/><E42/><V32/><F32/><W58/><G58/><T4/><D68/><U135/><N who="1" m="51315" /><U117/><DORA hai="92" /><E117/><V34/><F34/><W125/><G27/><T108/><D4/><U122/><E122/><V25/><F12/><W47/><G28/><T24/><D24/><U1/><E1/><V31/><F67/><W131/><G131/><T100/><D56/><U106/><E106/><V60/><F69/><W21/><G47/><T38/><D66/><U65/><E65/><V112/><F112/><W37/><G37/><T103/><D38/><U99/><E99/><V77/><F84/><W29/><G125/><T0/><D0/><U124/><E124/><V13/><F13/><W51/><G51/><T44/><D48/><U128/><E128/><V75/><F75/><W73/><G73/><T110/><D108/><U105/><E105/><V70/><F70/><W6/><G6/><T123/><D110/><U129/><E129/><V5/><F5/><W40/><G40/><T14/><D123/><U88/><E86/><V59/><AGARI ba="0,0" hai="22,25,31,49,52,59,60,62,63,76,77,82,85,90" machi="59" ten="30,8000,1" yaku="5,1,0,1,8,1,52,1,54,1" doraHai="83,92" who="2" fromWho="2" sc="255,-20,265,-40,297,80,183,-20" /><INIT seed="2,0,0,1,1,48" ten="235,225,377,163" oya="2" hai0="87,92,125,0,100,81,60,110,39,18,123,29,30" hai1="116,95,51,44,94,31,22,104,77,28,53,1,21" hai2="70,62,52,88,41,91,96,5,47,12,7,65,75" hai3="135,120,90,112,83,114,121,84,9,34,76,23,127"/><V78/><F41/><W80/><G23/><N who="1" m="8714" /><E116/><V106/><F106/><W66/><G9/><T67/><D39/><U102/><E1/><V72/><F72/><N who="3" m="43015" /><G66/><T36/><D36/><U33/><E33/><V3/><F3/><W46/><G46/><T74/><D74/><U10/><E104/><V128/><F128/><W129/><G34/><T40/><D40/><U11/><E77/><V130/><F130/><W2/><G2/><T134/><D0/><U124/><E124/><V59/><F75/><W57/><G57/><T15/><D125/><U69/><E69/><V99/><F78/><W45/><G45/><T13/><D123/><N who="3" m="47177" /><G129/><T24/><D29/><N who="1" m="11339" /><E94/><V79/><F79/><W133/><G127/><T82/><D30/><U71/><E71/><V8/><F7/><W63/><G63/><T16/><D60/><U38/><E38/><V73/><F73/><W126/><G126/><T97/><D15/><U111/><E111/><V113/><F70/><W132/><AGARI ba="0,0" hai="83,84,90,112,114,132,133,135" m="47177,43015" machi="132" ten="40,5200,0" yaku="20,1,34,2" doraHai="48" who="3" fromWho="3" sc="235,-13,225,-13,377,-26,163,52" /><INIT seed="3,0,0,3,0,49" ten="222,212,351,215" oya="3" hai0="63,50,103,39,69,14,53,24,73,109,30,82,60" hai1="135,65,123,81,85,132,6,12,44,57,84,121,87" hai2="10,97,76,38,95,128,62,36,47,45,27,40,116" hai3="78,4,71,119,21,112,126,11,113,37,18,56,83"/><W46/><G119/><T96/><D39/><U52/><E81/><V134/><F134/><N who="1" m="51241" /><E65/><V88/><F128/><W117/><G71/><T42/><D42/><U58/><E58/><V68/><F116/><W129/><G126/><T125/><D109/><U107/><E44/><V26/><F76/><W43/><G129/><T127/><D14/><U100/><E100/><V111/><F111/><W86/><G56/><T89/><D69/><U131/><E107/><V101/><F10/><W29/><G29/><T91/><D89/><U3/><E3/><V31/><F101/><W48/><G37/><T66/><D66/><U1/><E1/><V64/><F31/><W133/><G117/><T110/><D110/><U28/><E28/><V72/><F72/><W94/><G94/><T5/><D73/><U99/><E99/><V74/><F74/><W55/><G133/><T2/><D82/><U35/><E35/><V93/><F95/><W67/><G67/><T16/><D91/><U22/><E131/><V124/><F124/><W23/><G43/><AGARI ba="0,0" hai="26,27,36,38,40,43,45,47,62,64,68,88,93,97" machi="43" ten="40,2600,0" yaku="9,1,54,1" doraHai="49" who="2" fromWho="3" sc="222,0,212,0,351,26,215,-26" /><INIT seed="4,0,0,4,1,36" ten="222,212,377,189" oya="0" hai0="89,47,60,84,32,130,101,31,129,115,80,97,25" hai1="19,102,107,57,91,118,51,53,68,40,18,12,72" hai2="131,96,27,90,35,58,43,39,88,21,42,74,79" hai3="95,81,24,41,73,119,78,13,125,34,23,106,127"/><T2/><D2/><U76/><E118/><V37/><F35/><W48/><G106/><T103/><D115/><U134/><E68/><V85/><F131/><W108/><G108/><T104/><D101/><U109/><E109/><V52/><F74/><W17/><G119/><T6/><D6/><U94/><E134/><V8/><F8/><W29/><REACH who="3" step="1"/><G95/><REACH who="3" ten="222,212,377,179" step="2"/><T112/><D112/><U14/><E94/><N who="2" m="56391" /><F39/><W11/><G11/><T116/><D116/><U99/><E107/><V22/><F37/><W61/><G61/><T82/><D130/><U28/><E51/><N who="2" m="31007" /><F79/><W26/><G26/><T133/><D129/><U56/><E76/><V59/><F59/><W83/><G83/><T30/><D82/><U110/><E57/><V135/><F135/><W123/><G123/><T16/><D133/><U128/><E56/><V54/><F54/><W63/><G63/><T44/><D60/><U93/><E53/><V75/><F75/><W0/><G0/><T64/><D104/><U70/><E72/><V120/><F120/><W33/><G33/><T67/><D32/><U7/><E128/><V71/><F71/><W46/><AGARI ba="0,1" hai="13,17,23,24,29,34,41,46,48,73,78,81,125,127" machi="46" ten="30,4000,0" yaku="1,1,0,1,52,1,53,0" doraHai="36" doraHaiUra="49" who="3" fromWho="3" sc="222,-20,212,-10,377,-10,179,50" /><INIT seed="5,0,0,4,4,83" ten="202,202,367,229" oya="1" hai0="2,104,68,14,80,66,34,131,11,41,95,25,101" hai1="117,24,105,45,39,82,17,106,98,43,6,110,23" hai2="62,126,108,4,63,127,53,40,13,60,90,114,70" hai3="75,12,30,20,0,113,16,33,107,29,94,93,96"/><U22/><E117/><V18/><F108/><W102/><G75/><T59/><D2/><U72/><E110/><V35/><F35/><W38/><G38/><T112/><D112/><U10/><E98/><V78/><F78/><W56/><G113/><T86/><D95/><U28/><E28/><V9/><F70/><W31/><G33/><T8/><D59/><U135/><E23/><V89/><F40/><W21/><G0/><T99/><D41/><U67/><E67/><V88/><F114/><W5/><G5/><T19/><D131/><U73/><E73/><V118/><F118/><W47/><G47/><T128/><D128/><U129/><E135/><V55/><F18/><W134/><G134/><T61/><D14/><U3/><REACH who="1" step="1"/><E129/><REACH who="1" ten="202,192,367,229" step="2"/><V130/><F130/><W54/><REACH who="3" step="1"/><G21/><REACH who="3" ten="202,192,367,219" step="2"/><T119/><D119/><U125/><E125/><AGARI ba="0,2" hai="4,9,13,53,55,60,62,63,88,89,90,125,126,127" machi="125" ten="50,3200,0" yaku="18,1,54,1" doraHai="83" who="2" fromWho="1" sc="202,0,192,-32,367,52,219,0" /><INIT seed="6,0,0,3,1,60" ten="202,160,419,219" oya="2" hai0="12,93,125,49,6,29,101,106,81,119,100,126,71" hai1="58,97,73,88,3,61,7,75,38,25,22,39,132" hai2="124,96,56,2,102,19,83,35,63,95,32,107,30" hai3="20,78,55,77,44,11,118,24,105,109,135,79,64"/><V48/><F2/><W66/><G109/><T112/><D112/><U15/><E3/><V37/><F37/><W91/><G118/><T54/><D106/><U87/><E132/><V13/><F124/><N who="0" m="47722" /><D71/><U43/><E97/><V128/><F128/><W46/><G105/><T74/><D29/><U129/><E129/><V68/><F68/><W84/><G11/><N who="0" m="4215" /><D93/><U50/><E50/><V51/><F95/><N who="3" m="54759" /><G135/><T36/><D36/><U99/><E99/><V21/><F83/><W108/><G108/><T82/><D119/><U122/><E122/><V89/><F89/><W134/><G134/><T57/><D82/><U28/><E39/><V40/><F30/><N who="3" m="17671" /><G55/><T16/><D16/><U80/><E38/><V98/><F98/><W62/><G62/><T5/><D5/><U33/><E43/><V115/><F96/><W59/><G59/><T9/><D9/><U90/><E90/><V65/><F40/><W42/><G42/><T111/><D111/><U76/><E76/><AGARI ba="0,0" hai="49,54,57,74,76,81,100,101" m="4215,47722" machi="76" ten="30,1000,0" yaku="18,1" doraHai="60" who="0" fromWho="1" sc="202,10,160,-10,419,0,219,0" /><INIT seed="7,0,0,0,4,11" ten="212,150,419,219" oya="3" hai0="19,135,65,57,16,132,10,52,126,8,72,67,49" hai1="105,118,112,56,131,29,75,95,2,71,88,45,66" hai2="27,30,6,110,64,5,82,101,91,62,46,51,119" hai3="17,103,125,39,130,100,115,55,28,97,93,81,33"/><W38/><G115/><T37/><D37/><U1/><E112/><V129/><F110/><W123/><G123/><T98/><D72/><U23/><E105/><V7/><F129/><W68/><G125/><T12/><D126/><U127/><E127/><V26/><F101/><W35/><G68/><T111/><D111/><U58/><E75/><V121/><F119/><W18/><G130/><T106/><D106/><U120/><E120/><V69/><F121/><W70/><G70/><T4/><D98/><U83/><E131/><V87/><REACH who="2" step="1"/><F30/><REACH who="2" ten="212,150,409,219" step="2"/><W80/><G100/><T89/><D135/><U109/><E109/><V76/><F76/><W78/><G78/><T84/><D132/><U54/><E118/><V50/><F50/><W48/><G48/><T102/><D102/><U25/><E83/><V134/><F134/><W79/><G79/><T44/><D44/><U73/><E73/><V124/><F124/><W60/><G103/><T53/><D53/><AGARI ba="0,1" hai="5,6,7,26,27,46,51,53,62,64,69,82,87,91" machi="53" ten="40,1300,0" yaku="1,1,53,0" doraHai="11" doraHaiUra="122" who="2" fromWho="0" sc="212,-13,150,0,409,23,219,0" owari="199,-20.1,150,-35.0,432,53.2,219,1.9" /></mjloggm>