<mjloggm ver="2.3"><GO type="169" lobby="0"/><UN n0="%E3%81%B5%E3%81%98%E3%81%8A" n1="%68%69%74%6F%6D%69" n2="%E7%91%9E%E5%8E%9F%E3%83%B4%E3%82%A1%E3%82%AE%E3%83%8A" n3="%E6%A4%9B%E5%8D%97" dan="16,16,16,18" rate="2127.26,2102.96,2066.46,2191.84" sx="M,F,M,F"/><TAIKYOKU oya="0"/><INIT seed="0,0,0,4,3,28" ten="250,250,250,250" oya="0" hai0="25,107,30,88,53,73,126,65,54,24,3,33,21" hai1="72,100,83,10,76,114,13,0,57,36,41,85,5" hai2="80,22,49,61,125,4,90,7,101,110,131,121,77" hai3="103,34,60,86,91,106,62,47,52,46,55,43,109"/><T89/><D73/><U56/><E114/><V102/><F121/><W38/><G109/><T105/><D3/><U69/><E69/><V37/><F37/><W29/><G106/><T50/><D65/><U118/><E118/><V108/><F131/><W32/><G103/><T48/><D126/><U130/><E130/><V84/><F125/><W134/><G134/><T119/><D119/><U35/><E100/><V14/><F102/><W66/><G29/><T96/><D96/><U98/><E98/><V64/><F101/><W115/><G115/><T93/><D107/><U111/><E111/><N who="2" m="42539" /><F49/><W79/><G79/><T51/><D105/><U132/><E132/><V124/><F124/><W17/><G17/><T31/><REACH who="0" step="1"/><D93/><REACH who="0" ten="240,250,250,250" step="2"/><U127/><E127/><V15/><F64/><W99/><G99/><T116/><D116/><U45/><E85/><V75/><F75/><W39/><G66/><T71/><D71/><U128/><E128/><V74/><F74/><W120/><G86/><T122/><D122/><U19/><REACH who="1" step="1"/><E35/><REACH who="1" ten="240,240,250,250" step="2"/><V68/><F68/><W2/><G120/><T16/><D16/><U27/><E27/><V40/><F84/><W92/><G34/><T26/><D26/><U20/><AGARI ba="0,2" hai="0,5,10,13,19,20,36,41,45,56,57,72,76,83" machi="20" ten="20,12000,2" yaku="1,1,0,1,7,1,25,2,53,1" doraHai="28" doraHaiUra="104" who="1" fromWho="1" sc="240,-60,240,140,250,-30,250,-30" /><INIT seed="1,0,0,5,0,45" ten="180,380,220,220" oya="1" hai0="22,127,132,83,101,24,39,123,124,2,53,122,18" hai1="78,69,76,103,12,104,16,19,66,47,128,75,114" hai2="40,113,93,60,6,1,77,72,99,35,102,27,51" hai3="52,13,17,90,68,85,74,108,91,86,94,84,119"/><U0/><E114/><V7/><F113/><W34/><G74/><T14/><D39/><U133/><E0/><V50/><F1/><W106/><G108/><T29/><D101/><U107/><E133/><V56/><F72/><W9/><G106/><T49/><D132/><U25/><E128/><V44/><F77/><W96/><G68/><T67/><D67/><U120/><E120/><N who="0" m="46121" /><D83/><U117/><E117/><V37/><F35/><W42/><G42/><T79/><D79/><U28/><E75/><V38/><F27/><W100/><G34/><N who="0" m="20775" /><D2/><U58/><E103/><V118/><F118/><W121/><G121/><T129/><D129/><U20/><E69/><V26/><F26/><W98/><G119/><T8/><D8/><U73/><E107/><V43/><F38/><W89/><G98/><T105/><D105/><U135/><E104/><V3/><F3/><W88/><G100/><T97/><D97/><U82/><E78/><V110/><F110/><W61/><G96/><T55/><D55/><U62/><E135/><V4/><REACH who="2" step="1"/><F43/><REACH who="2" ten="180,380,210,220" step="2"/><W54/><G54/><AGARI ba="0,1" hai="4,6,7,37,40,44,50,51,54,56,60,93,99,102" machi="54" ten="40,8000,1" yaku="1,1,2,1,52,2,53,0" doraHai="45" doraHaiUra="64" who="2" fromWho="3" sc="180,0,380,0,210,90,220,-80" /><INIT seed="2,0,0,4,5,88" ten="180,380,300,140" oya="2" hai0="56,75,128,118,10,44,58,20,50,35,11,73,25" hai1="121,46,71,1,113,101,132,74,87,53,32,49,21" hai2="61,42,19,60,94,9,107,4,48,72,7,123,33" hai3="15,29,47,125,133,114,28,24,43,129,40,92,86"/><V77/><F123/><W66/><G114/><T23/><D35/><U68/><E74/><V2/><F107/><W45/><G133/><T102/><D102/><U112/><E32/><V93/><F33/><W99/><G129/><T54/><D128/><U127/><E132/><V16/><F72/><W135/><G125/><T108/><D108/><U8/><E127/><V131/><F77/><W100/><G66/><T85/><D118/><U105/><E121/><V3/><F48/><W17/><G135/><T122/><D122/><U62/><E105/><V76/><F76/><W109/><G86/><T36/><D36/><U120/><E101/><V65/><F65/><W55/><G55/><T69/><D69/><U130/><E120/><V57/><F57/><W78/><G78/><T98/><D98/><U27/><E130/><V103/><F131/><W91/><G100/><T59/><D20/><U12/><E1/><V22/><F103/><W51/><G24/><T38/><D38/><U84/><E113/><V14/><F14/><W41/><G109/><T37/><D37/><U134/><E112/><V116/><F22/><W67/><G67/><T70/><D70/><U6/><E134/><V90/><F9/><N who="0" m="3082" /><D85/><U80/><E87/><V82/><F116/><W26/><G26/><T111/><D111/><U89/><REACH who="1" step="1"/><E62/><REACH who="1" ten="180,370,300,140" step="2"/><V0/><F0/><W34/><G34/><T106/><D106/><U119/><E119/><V83/><F90/><W96/><G91/><T81/><D75/><U63/><E63/><V30/><F30/><AGARI ba="0,1" hai="6,8,12,21,27,30,46,49,53,68,71,80,84,89" machi="30" ten="30,2000,0" yaku="1,1,7,1,53,0" doraHai="88" doraHaiUra="117" who="1" fromWho="2" sc="180,0,370,30,300,-20,140,0" /><INIT seed="3,0,0,5,2,103" ten="180,400,280,140" oya="3" hai0="63,77,82,20,42,115,39,21,105,6,104,135,74" hai1="86,83,132,90,30,13,112,84,94,125,10,56,119" hai2="38,85,25,24,36,98,69,133,2,88,37,61,64" hai3="35,101,67,95,126,1,5,87,113,96,65,49,48"/><W17/><G113/><T59/><D115/><U123/><E123/><V16/><F2/><W114/><G114/><T31/><D135/><U100/><E112/><V99/><F133/><W124/><G35/><T32/><D6/><U79/><E132/><V120/><F120/><W76/><G1/><T60/><D32/><U131/><E131/><V72/><F72/><W121/><G5/><T43/><D63/><U127/><E119/><V73/><F73/><W75/><G75/><T19/><D31/><U129/><E129/><V93/><REACH who="2" step="1"/><F25/><REACH who="2" ten="180,400,270,140" step="2"/><W57/><G121/><T23/><D19/><N who="1" m="8631" /><E127/><V66/><F66/><W55/><G17/><T110/><D110/><U70/><E125/><N who="3" m="48234" /><G49/><T28/><D28/><U81/><E30/><V3/><F3/><W9/><G9/><T47/><REACH who="0" step="1"/><D43/><REACH who="0" ten="170,400,270,140" step="2"/><U12/><E12/><V15/><F15/><W27/><G27/><T71/><D71/><U51/><E70/><V89/><F89/><N who="3" m="53695" /><G76/><T107/><D107/><AGARI ba="0,2" hai="48,55,57,65,67,96,101,107" m="53695,48234" machi="107" ten="30,2900,0" yaku="18,1,52,1" doraHai="103" who="3" fromWho="0" sc="170,-29,400,0,270,0,140,49" /><INIT seed="3,1,0,0,0,29" ten="141,400,270,189" oya="3" hai0="90,110,105,130,122,20,95,89,109,77,87,45,115" hai1="70,10,96,16,26,13,58,134,40,46,30,123,61" hai2="80,81,111,131,52,119,24,47,18,56,36,28,103" hai3="51,67,101,99,79,114,53,32,124,83,15,104,91"/><W68/><G124/><T74/><D45/><U125/><E134/><V121/><F119/><W98/><G114/><T102/><D20/><U60/><E125/><V55/><F111/><N who="0" m="42506" /><D115/><U50/><E123/><V27/><F131/><W43/><G43/><T21/><D21/><U25/><E70/><V132/><F132/><W44/><G15/><T120/><D130/><U78/><E78/><V14/><F103/><W54/><G54/><T84/><D102/><U106/><E26/><V3/><F3/><W69/><G67/><T118/><D105/><U128/><E128/><V8/><F121/><N who="0" m="46698" /><D118/><U42/><E42/><V0/><F0/><W66/><G66/><T73/><D77/><U75/><E106/><V38/><F38/><W31/><G31/><T127/><D127/><U82/><E30/><V63/><F27/><W49/><G49/><T92/><AGARI ba="1,0" hai="73,74,84,87,89,90,92,95" m="46698,42506" machi="92" ten="30,4000,0" yaku="14,1,34,2" doraHai="29" who="0" fromWho="0" sc="141,43,400,-11,270,-11,189,-21" /><INIT seed="4,0,0,0,5,127" ten="184,389,259,168" oya="0" hai0="105,68,72,53,86,48,80,87,51,100,76,101,47" hai1="15,103,42,82,38,88,0,81,99,31,7,75,108" hai2="59,5,46,129,12,95,121,89,25,3,110,35,44" hai3="102,1,106,17,71,43,123,115,13,22,14,34,92"/><T52/><D68/><U111/><E31/><V29/><F110/><W33/><G71/><T21/><D105/><U79/><E15/><V133/><F121/><W65/><G106/><T135/><D135/><U77/><E42/><V9/><F133/><W69/><G1/><T60/><D60/><U16/><E16/><V39/><F39/><W32/><G115/><T10/><D10/><U126/><E38/><V118/><F118/><W116/><G43/><T128/><D128/><U40/><E40/><V45/><F59/><W67/><G116/><T50/><D50/><U122/><E7/><V91/><F95/><W134/><G123/><T132/><D132/><U63/><E63/><V61/><F61/><W19/><G69/><T27/><D86/><N who="1" m="50255" /><E0/><V64/><F64/><W107/><G107/><T26/><D72/><N who="1" m="43303" /><E126/><V120/><F120/><W94/><G134/><T114/><D114/><U36/><E36/><V11/><F11/><W74/><G74/><T4/><D4/><U2/><E2/><V83/><F3/><W28/><G28/><N who="0" m="17487" /><D27/><U8/><E8/><V54/><F54/><W104/><G67/><T109/><D109/><U49/><E122/><V84/><REACH who="2" step="1"/><F91/><REACH who="2" ten="184,389,249,168" step="2"/><W6/><G65/><T58/><AGARI ba="0,1" hai="47,48,51,52,53,58,76,80,87,100,101" m="17487" machi="58" ten="30,3000,0" yaku="8,1,54,1" doraHai="127" who="0" fromWho="0" sc="184,40,389,-10,249,-10,168,-10" /><INIT seed="4,1,0,3,5,79" ten="224,379,239,158" oya="0" hai0="50,126,77,119,115,107,56,69,49,132,100,106,5" hai1="2,24,40,90,133,111,125,47,36,43,18,14,92" hai2="0,8,131,113,34,95,48,20,64,123,134,41,7" hai3="21,86,17,101,53,81,22,52,67,72,19,6,59"/><T117/><D69/><U45/><E111/><V121/><F34/><W33/><G33/><T46/><D5/><U31/><E2/><V102/><F64/><W58/><G72/><T42/><D115/><U114/><E133/><V63/><F63/><W120/><G120/><T97/><D132/><U61/><E125/><V3/><F134/><W38/><G38/><T68/><D68/><U118/><E61/><V103/><F113/><W76/><G6/><T25/><D126/><U11/><E118/><V116/><F116/><W12/><G101/><T30/><D106/><U122/><E122/><V93/><F20/><W27/><G67/><T87/><D56/><AGARI ba="1,0" hai="12,17,19,21,22,27,52,53,56,58,59,76,81,86" machi="56" ten="40,5200,0" yaku="8,1,52,1,54,1" doraHai="79" who="3" fromWho="0" sc="224,-55,379,0,239,0,158,55" /><INIT seed="5,0,0,2,5,18" ten="169,379,239,213" oya="1" hai0="111,84,110,121,38,4,67,77,82,57,2,0,117" hai1="29,83,124,99,81,122,97,33,20,98,17,5,72" hai2="58,26,91,3,100,24,101,8,14,40,37,108,36" hai3="128,130,61,48,44,7,46,41,119,22,85,52,16"/><U11/><E122/><V15/><F108/><W120/><G120/><T90/><D117/><U78/><E124/><V47/><F3/><W50/><G119/><T86/><D121/><U66/><E66/><V53/><F91/><W132/><G7/><T95/><D38/><U10/><E83/><V59/><F47/><W54/><G85/><T75/><D4/><U131/><E131/><N who="3" m="50218" /><G132/><T125/><D125/><U13/><E11/><V51/><F51/><W80/><G80/><T19/><D0/><U129/><E129/><V93/><F8/><W135/><G135/><T62/><D2/><U107/><E107/><V31/><F31/><W94/><G94/><T126/><D126/><U118/><E118/><V106/><F93/><W105/><G61/><T87/><REACH who="0" step="1"/><D19/><REACH who="0" ten="159,379,239,213" step="2"/><U55/><E5/><V92/><F37/><W71/><G71/><T60/><D60/><U114/><E17/><V134/><F36/><W96/><G50/><T112/><D112/><U127/><E114/><V6/><F6/><W30/><G48/><T104/><D104/><U34/><E127/><V102/><F106/><W68/><G68/><T74/><D74/><U69/><E72/><V28/><F134/><W73/><G73/><T63/><D63/><U56/><E69/><V32/><F59/><W45/><G16/><T27/><D27/><U76/><E56/><V43/><F26/><N who="3" m="16727" /><G41/><T12/><D12/><N who="2" m="4650" /><F43/><W42/><G42/><T21/><D21/><U25/><E20/><V23/><F40/><W103/><AGARI ba="0,1" hai="44,45,46,52,54,96,103,105" m="16727,50218" machi="103" ten="40,5200,0" yaku="19,1,52,1,54,1" doraHai="18" who="3" fromWho="3" sc="159,-13,379,-26,239,-13,213,62" /><INIT seed="6,0,0,2,3,16" ten="146,353,226,275" oya="2" hai0="124,46,74,84,105,107,94,117,0,44,49,90,67" hai1="17,11,108,36,25,5,101,91,21,131,33,60,122" hai2="18,66,116,10,50,72,123,42,127,65,30,28,125" hai3="41,80,71,76,54,96,45,26,61,63,24,47,92"/><V103/><F116/><W58/><G71/><T31/><D74/><U57/><E108/><V51/><F123/><W20/><G63/><T73/><D73/><U39/><E131/><V126/><F72/><W93/><G26/><T22/><D0/><U135/><E135/><V34/><F103/><W133/><G133/><T119/><D124/><U9/><E122/><V19/><F34/><W132/><G132/><T102/><D67/><N who="2" m="25610" /><F42/><W53/><G53/><T121/><D121/><U98/><E33/><V83/><F83/><W6/><G6/><T52/><D46/><U99/><E91/><V82/><F82/><W8/><G8/><T55/><D55/><U111/><E11/><V77/><F77/><W37/><G47/><T110/><D110/><U106/><E99/><V7/><F7/><W95/><G80/><T87/><D87/><U1/><E111/><V129/><F129/><W114/><G76/><T89/><D89/><U23/><E23/><V109/><F109/><W70/><G70/><T64/><D64/><AGARI ba="0,0" hai="1,5,9,17,21,25,36,39,57,60,64,98,101,106" machi="64" ten="30,2000,0" yaku="7,1,52,1" doraHai="16" who="1" fromWho="0" sc="146,-20,353,20,226,0,275,0" /><INIT seed="7,0,0,5,1,81" ten="126,373,226,275" oya="3" hai0="63,33,96,120,109,40,129,6,94,9,31,42,4" hai1="83,11,46,29,90,13,113,65,97,24,123,19,82" hai2="64,105,45,17,84,54,18,61,5,117,119,99,78" hai3="73,111,41,86,7,70,132,128,66,57,134,87,51"/><W112/><G73/><T27/><D109/><U133/><E123/><V48/><F5/><W122/><G122/><T60/><D120/><U98/><E113/><V89/><F78/><W85/><G112/><T80/><D129/><U118/><E133/><N who="3" m="51306" /><G128/><T12/><D4/><U92/><E118/><V49/><F17/><W108/><G7/><T50/><D40/><U53/><E65/><V114/><F114/><W20/><G70/><T56/><D80/><U28/><E98/><V43/><F18/><W76/><G76/><T52/><REACH who="0" step="1"/><D42/><REACH who="0" ten="116,373,226,275" step="2"/><U10/><E83/><V77/><F43/><W39/><G41/><T93/><D93/><U23/><E82/><V126/><F119/><W22/><G39/><T95/><D95/><U131/><E131/><V62/><F117/><W26/><G111/><T102/><AGARI ba="0,1" hai="6,9,12,27,31,33,50,52,56,60,63,94,96,102" machi="102" ten="20,8000,1" yaku="1,1,0,1,7,1,54,1,53,1" doraHai="81" doraHaiUra="2" who="0" fromWho="0" sc="116,90,373,-20,226,-20,275,-40" owari="206,-19.4,353,45.3,206,-29.4,235,3.5" /></mjloggm>