<mjloggm ver="2.3"><GO type="169" lobby="0"/><UN n0="%E6%8C%91%E6%88%A6%E8%80%85%EF%BC%81" n1="%E6%81%8B%E3%81%AE%E3%81%86%E3%81%9F" n2="%E3%82%AB%E3%83%A9%E6%9D%BE" n3="%E3%81%AF%E3%81%BE%E3%81%A1%E3%83%AA%E3%83%BC%E3%82%B0" dan="17,17,17,17" rate="2187.95,2278.10,2133.67,2133.43" sx="M,M,M,M"/><TAIKYOKU oya="0"/><INIT seed="0,0,0,1,5,61" ten="250,250,250,250" oya="0" hai0="82,58,122,113,104,34,9,66,118,101,19,47,10" hai1="50,129,69,72,54,7,126,123,75,98,37,91,97" hai2="78,59,63,32,74,20,43,127,44,108,134,41,86" hai3="112,57,131,71,38,76,25,51,42,128,14,94,103"/><T53/><D113/><U133/><E37/><V26/><F32/><W55/><G112/><T80/><D118/><U120/><E69/><V11/><F74/><N who="1" m="28201" /><E50/><V109/><F127/><W105/><G105/><T87/><D122/><N who="1" m="46635" /><E54/><V17/><F134/><W89/><G76/><T73/><D34/><U125/><E7/><V16/><F78/><W46/><G103/><T130/><D73/><U119/><E129/><V115/><F86/><W12/><G25/><T22/><D130/><N who="3" m="49705" /><G71/><T70/><D47/><U27/><E27/><V5/><F115/><W30/><G30/><T40/><D40/><U21/><E21/><V106/><F106/><W31/><G31/><T68/><D68/><U0/><E0/><V99/><F99/><AGARI ba="0,0" hai="12,14,38,42,46,51,55,57,89,94,99" m="49705" machi="99" ten="30,1000,0" yaku="19,1" doraHai="61" who="3" fromWho="2" sc="250,0,250,0,250,-10,250,10" /><INIT seed="1,0,0,3,2,63" ten="250,250,240,260" oya="1" hai0="39,27,115,93,125,34,16,19,20,78,119,48,91" hai1="2,25,18,24,10,32,1,94,73,114,87,5,69" hai2="22,95,61,124,89,51,7,129,112,26,92,33,59" hai3="42,97,128,74,71,46,66,43,118,72,41,113,65"/><U106/><E73/><V30/><F112/><W55/><G113/><T53/><D115/><U99/><E114/><V57/><F124/><W76/><G71/><T60/><D119/><U82/><E106/><V132/><F129/><W133/><G128/><T79/><D39/><U36/><E36/><V14/><F132/><W0/><G0/><T77/><D34/><U47/><E69/><V23/><F92/><W116/><G133/><T88/><D125/><U126/><E2/><V111/><F111/><W3/><G3/><T134/><D134/><U62/><E47/><V109/><F109/><W6/><G6/><T11/><D60/><U56/><E18/><V98/><F51/><N who="3" m="29175" /><G97/><T83/><D83/><U37/><E32/><V50/><F50/><W110/><G110/><T70/><D70/><U75/><E75/><N who="3" m="28714" /><G76/><T104/><D104/><U105/><E37/><V58/><F33/><W38/><G38/><T108/><D108/><U122/><E122/><V29/><F7/><W96/><G96/><T127/><D127/><U12/><E1/><V100/><F89/><W103/><G103/><T121/><D121/><U31/><E105/><V130/><F130/><W68/><G68/><T123/><D123/><U9/><E126/><V84/><F84/><W101/><G101/><T86/><D91/><N who="1" m="51703" /><E10/><V67/><F29/><W81/><G81/><T8/><D19/><AGARI ba="0,0" hai="14,19,22,23,26,30,57,58,59,61,67,95,98,100" machi="19" ten="40,8000,1" yaku="25,2,8,1,52,1" doraHai="63" who="2" fromWho="0" sc="250,-80,250,0,240,80,260,0" /><INIT seed="2,0,0,2,1,90" ten="170,250,320,260" oya="2" hai0="57,124,62,117,110,7,41,134,9,17,76,74,64" hai1="93,6,123,135,5,113,103,63,108,119,129,28,3" hai2="105,118,36,97,79,68,98,26,99,61,46,25,121" hai3="94,43,127,70,95,40,55,0,82,49,47,20,67"/><V32/><F121/><W89/><G0/><T19/><D110/><U21/><E113/><V1/><F118/><W56/><G127/><T15/><D124/><U104/><E119/><V131/><F131/><W120/><G120/><T71/><D117/><U75/><E123/><V112/><F112/><W38/><G40/><T83/><D134/><U77/><E104/><V52/><F1/><W78/><G20/><T37/><D57/><U115/><E115/><V51/><F32/><W60/><REACH who="3" step="1"/><G89/><REACH who="3" ten="170,250,320,250" step="2"/><T16/><D41/><U116/><E116/><V91/><F91/><W29/><G29/><T66/><D37/><U45/><E28/><V100/><F36/><W125/><G125/><T69/><D66/><U88/><E3/><V34/><F79/><W18/><G18/><T22/><REACH who="0" step="1"/><D71/><REACH who="0" ten="160,250,320,250" step="2"/><U59/><E135/><V54/><F68/><W73/><AGARI ba="0,2" hai="38,43,47,49,55,56,60,67,70,73,78,82,94,95" machi="73" ten="20,12000,2" yaku="1,1,0,1,7,1,24,2,52,2,53,0" doraHai="90" doraHaiUra="12" who="3" fromWho="3" sc="160,-30,250,-30,320,-60,250,140" /><INIT seed="3,0,0,3,4,42" ten="130,220,260,390" oya="3" hai0="45,49,48,28,73,13,18,103,36,95,127,92,59" hai1="120,6,88,50,38,33,82,133,96,105,22,128,70" hai2="98,94,47,124,107,30,86,54,55,90,3,78,77" hai3="24,84,108,0,34,9,37,81,12,117,106,100,15"/><W72/><G117/><T113/><D73/><U14/><E120/><V35/><F3/><W135/><G72/><T118/><D118/><U112/><E38/><V25/><F124/><W5/><G135/><T2/><D2/><U10/><E33/><V16/><F55/><W46/><G106/><T57/><D36/><U23/><E70/><V101/><F54/><W79/><G100/><T130/><D28/><U64/><E128/><V111/><F111/><W123/><G123/><T32/><D32/><U104/><E112/><V8/><REACH who="2" step="1"/><F47/><REACH who="2" ten="130,220,250,390" step="2"/><W74/><G108/><T52/><D127/><U58/><E133/><V99/><F99/><W131/><G131/><T83/><D130/><U115/><E96/><V40/><F40/><N who="3" m="22799" /><G84/><T67/><D113/><U61/><E115/><V80/><F80/><W134/><G134/><T44/><D83/><U132/><E132/><V76/><F76/><W63/><G63/><N who="0" m="38383" /><D103/><U102/><E102/><V17/><F17/><W114/><G114/><T21/><D59/><U1/><E58/><V60/><F60/><W89/><G89/><T75/><D75/><U7/><E88/><V43/><F43/><AGARI ba="0,1" hai="13,18,21,43,44,45,48,49,52,92,95" m="38383" machi="43" ten="30,7700,0" yaku="8,1,52,2,54,1" doraHai="42" who="0" fromWho="2" sc="130,87,220,0,250,-77,390,0" /><INIT seed="4,0,0,2,1,76" ten="217,220,173,390" oya="0" hai0="32,40,61,84,64,45,135,39,96,33,123,6,99" hai1="56,15,25,2,118,106,27,63,94,119,41,54,112" hai2="26,93,124,101,24,52,20,31,44,72,122,115,130" hai3="49,91,97,62,69,57,11,38,103,126,3,129,16"/><T59/><D123/><U60/><E106/><V47/><F122/><W58/><G38/><T117/><D117/><U42/><E2/><V132/><F72/><W89/><G129/><T28/><D135/><U78/><E78/><V10/><F130/><W13/><G126/><T107/><D6/><U29/><E112/><V80/><F115/><W68/><G3/><T5/><D5/><U7/><E118/><V81/><F124/><W90/><G49/><T19/><D19/><U120/><E120/><V65/><F132/><W37/><G37/><T46/><D46/><U105/><E105/><V0/><F0/><W50/><G50/><T104/><D28/><U51/><E94/><V128/><F65/><W75/><G75/><T17/><D17/><U83/><E83/><N who="2" m="31819" /><F128/><W87/><G87/><T30/><D84/><U23/><E25/><N who="2" m="16807" /><F10/><W109/><G109/><T21/><D107/><U66/><E119/><V86/><F86/><W111/><G111/><T110/><D110/><U1/><E1/><V116/><F116/><W74/><G74/><T77/><D104/><U113/><E113/><V134/><F134/><W114/><G114/><T36/><D36/><U121/><E121/><V53/><F44/><W71/><G71/><T22/><D77/><U9/><REACH who="1" step="1"/><E63/><REACH who="1" ten="217,210,173,390" step="2"/><V48/><F53/><W125/><G125/><T98/><D33/><U85/><E85/><V102/><F93/><W79/><G79/><T100/><D32/><U70/><AGARI ba="0,1" hai="7,9,15,23,27,29,41,42,51,54,56,60,66,70" machi="70" ten="20,5200,0" yaku="1,1,0,1,7,1,53,1" doraHai="76" doraHaiUra="18" who="1" fromWho="1" sc="217,-26,210,62,173,-13,390,-13" /><INIT seed="5,0,0,5,1,1" ten="191,272,160,377" oya="1" hai0="10,59,91,78,123,122,98,113,130,99,121,50,64" hai1="129,79,74,28,32,54,103,69,19,9,116,95,18" hai2="118,77,36,17,126,100,51,25,5,120,30,14,72" hai3="0,6,20,89,92,97,52,57,24,102,84,26,41"/><U127/><E116/><V109/><F118/><W114/><G114/><T93/><D113/><U23/><E69/><V88/><F36/><W112/><G112/><T31/><D130/><U131/><E79/><V85/><F109/><W68/><G68/><T67/><D78/><U94/><E74/><V135/><F120/><W39/><G41/><T117/><D117/><U11/><E103/><V119/><F119/><W70/><G39/><T87/><D31/><U63/><E63/><V104/><F126/><W27/><G70/><T53/><D10/><U43/><E43/><V80/><F135/><W101/><G101/><T90/><REACH who="0" step="1"/><D99/><REACH who="0" ten="181,272,160,377" step="2"/><U66/><E28/><V33/><F104/><W13/><G97/><T7/><D7/><U134/><E9/><V115/><F115/><W12/><G6/><T48/><D48/><U38/><E11/><V62/><F51/><W110/><G110/><T86/><D86/><U37/><E37/><V44/><F5/><W21/><G84/><T83/><AGARI ba="0,1" hai="50,53,59,64,67,83,87,90,91,93,98,121,122,123" machi="83" ten="30,4000,0" yaku="1,1,0,1,13,1,53,0" doraHai="1" doraHaiUra="133" who="0" fromWho="0" sc="181,50,272,-20,160,-10,377,-10" /><INIT seed="6,0,0,3,1,126" ten="231,252,150,367" oya="2" hai0="80,124,67,76,1,79,131,117,118,34,13,29,25" hai1="18,75,102,134,38,135,66,41,4,72,121,78,19" hai2="21,55,132,58,50,128,65,125,129,59,109,40,57" hai3="119,91,49,114,30,115,23,47,99,12,44,133,101"/><V100/><F125/><W10/><G119/><T27/><D124/><U20/><E66/><V16/><F132/><N who="1" m="50729" /><E4/><V93/><F109/><W105/><G133/><T83/><D1/><U107/><E78/><V96/><F40/><W70/><G70/><T61/><D13/><N who="1" m="9295" /><E19/><V2/><F2/><W95/><G23/><T123/><D123/><U111/><E111/><V90/><F100/><W17/><G30/><T113/><D113/><N who="3" m="43017" /><G49/><T87/><D25/><U69/><E69/><V103/><F103/><W64/><G64/><T120/><D120/><U24/><E24/><N who="2" m="14375" /><F65/><W106/><G106/><T54/><D54/><U110/><E110/><V42/><F42/><W51/><G51/><T8/><D8/><U7/><E121/><V6/><F6/><W108/><G108/><T37/><D37/><U48/><E7/><V0/><F0/><W32/><G32/><T5/><D5/><U98/><E38/><V130/><AGARI ba="0,0" hai="50,55,57,58,59,90,93,96,128,129,130" m="14375" machi="130" ten="30,12000,1" yaku="19,1,52,3,54,1" doraHai="126" who="2" fromWho="2" sc="231,-40,252,-40,150,120,367,-40" /><INIT seed="6,1,0,2,4,108" ten="191,212,270,327" oya="2" hai0="114,17,56,20,122,38,85,98,72,129,6,25,77" hai1="65,57,95,62,0,40,123,121,35,74,10,47,79" hai2="104,8,1,91,103,105,19,12,135,100,110,69,94" hai3="48,93,34,82,5,24,78,88,61,101,51,29,30"/><V80/><F69/><W64/><G101/><T11/><D122/><N who="1" m="46603" /><E35/><V4/><F110/><W112/><G112/><T83/><D129/><U9/><E0/><V28/><F135/><W76/><G30/><T81/><D114/><U63/><E95/><V90/><F104/><W128/><G128/><T52/><D38/><N who="1" m="21911" /><E79/><V43/><F43/><W37/><G5/><T127/><D127/><U14/><E74/><V120/><F120/><W68/><G37/><T36/><D36/><U3/><E3/><V26/><F80/><W87/><REACH who="3" step="1"/><G78/><REACH who="3" ten="191,212,270,317" step="2"/><T102/><D102/><U67/><E14/><V16/><F105/><W97/><AGARI ba="1,1" hai="24,29,34,48,51,61,64,68,76,82,87,88,93,97" machi="97" ten="20,12000,2" yaku="1,1,2,1,0,1,7,1,54,1,53,1" doraHai="108" doraHaiUra="73" who="3" fromWho="3" sc="191,-31,212,-31,270,-61,317,133" /><INIT seed="7,0,0,0,3,102" ten="160,181,209,450" oya="3" hai0="49,45,125,11,109,75,91,26,29,100,82,90,79" hai1="20,80,64,106,19,118,68,4,10,83,132,101,28" hai2="134,113,133,66,103,71,27,126,54,41,117,115,60" hai3="5,22,120,40,51,3,99,35,124,94,111,114,8"/><W77/><G35/><T34/><D109/><U50/><E132/><N who="2" m="50795" /><F126/><W98/><G120/><T123/><D123/><U38/><E38/><V89/><F117/><W81/><G114/><T53/><D125/><U59/><E68/><V108/><F108/><W119/><G119/><T7/><REACH who="0" step="1"/><D100/><REACH who="0" ten="150,181,209,450" step="2"/><U9/><E118/><V128/><F103/><W24/><G124/><T52/><D52/><U36/><E101/><V69/><F54/><W130/><G111/><T47/><D47/><U12/><E36/><V112/><F113/><W84/><G130/><T87/><D87/><U31/><E106/><V74/><F128/><W37/><G37/><T30/><D30/><U96/><E96/><V1/><F112/><W57/><G99/><T121/><D121/><U13/><E28/><V78/><F115/><W42/><G42/><T2/><AGARI ba="0,1" hai="2,7,11,26,29,34,45,49,53,75,79,82,90,91" machi="2" ten="20,5200,0" yaku="1,1,0,1,7,1,53,1" doraHai="102" doraHaiUra="48" who="0" fromWho="0" sc="150,62,181,-13,209,-13,450,-26" owari="212,1.2,168,-33.2,196,-20.4,424,52.4" /></mjloggm>