<mjloggm ver="2.3"><GO type="169" lobby="0"/><UN n0="%E3%81%BB%E3%83%BC%E3%82%8A%E3%83%BC" n1="%57%44%44%69%65" n2="%E8%B5%A4%E6%AF%9B%E3%81%AE%E3%82%AD%E3%83%A7%E3%83%B3" n3="%72%65%62%65%65%72" dan="17,16,18,16" rate="2242.74,2089.63,2324.13,2169.71" sx="M,M,M,M"/><TAIKYOKU oya="0"/><INIT seed="0,0,0,5,5,37" ten="250,250,250,250" oya="0" hai0="4,93,15,14,57,58,111,69,26,23,82,10,42" hai1="112,92,21,115,3,9,22,35,28,116,34,131,105" hai2="87,60,38,12,98,80,13,46,65,118,113,40,85" hai3="8,83,100,62,53,107,33,44,114,104,127,121,78"/><T47/><D69/><U49/><E105/><V20/><F113/><N who="1" m="43593" /><E92/><V91/><F118/><W7/><G33/><N who="1" m="12298" /><E49/><V43/><F20/><N who="1" m="7785" /><E116/><V5/><F5/><W135/><G121/><T61/><D111/><U2/><E131/><V103/><F87/><W24/><G100/><T84/><D93/><U132/><E132/><V54/><F54/><W64/><G24/><T109/><D109/><U128/><E128/><V90/><F90/><W50/><G127/><T110/><D110/><U30/><E9/><V81/><F43/><W97/><G97/><T102/><D102/><U48/><E48/><V86/><F86/><W125/><G135/><T72/><D72/><U56/><E56/><V119/><F80/><W11/><G11/><T74/><D74/><U25/><E25/><V52/><F52/><W67/><G67/><T68/><D68/><U27/><E27/><V106/><REACH who="2" step="1"/><F119/><REACH who="2" ten="250,250,240,250" step="2"/><W95/><G114/><T101/><D101/><U59/><E59/><AGARI ba="0,1" hai="12,13,38,40,46,59,60,65,81,85,91,98,103,106" machi="59" ten="30,8000,1" yaku="1,1,2,1,7,1,52,1,53,1" doraHai="37" doraHaiUra="99" who="2" fromWho="1" sc="250,0,250,-80,240,90,250,0" /><INIT seed="1,0,0,4,1,111" ten="250,170,330,250" oya="1" hai0="4,49,121,91,110,35,9,60,64,43,96,108,17" hai1="115,7,125,29,47,30,39,81,15,80,118,134,41" hai2="53,44,105,135,87,1,89,27,98,120,12,107,34" hai3="130,46,77,74,20,26,114,8,100,42,52,69,75"/><U32/><E118/><V106/><F120/><W38/><G69/><T13/><D35/><U62/><E134/><V23/><F1/><W72/><G130/><T83/><D121/><U126/><E62/><V0/><F0/><W119/><G100/><T14/><D43/><U109/><E109/><N who="0" m="42089" /><D49/><U61/><E61/><V124/><F124/><N who="1" m="47721" /><E7/><V19/><F135/><W67/><G67/><T112/><D112/><U93/><E15/><V63/><F98/><W31/><G114/><T57/><D96/><U68/><E68/><V97/><F97/><W122/><G122/><T5/><D13/><U55/><E93/><V16/><F34/><W128/><G128/><T102/><D102/><U70/><E70/><V18/><F12/><W10/><G119/><T21/><D9/><U36/><E36/><V85/><F85/><AGARI ba="0,0" hai="4,5,14,17,21,57,60,64,83,85,91" m="42089" machi="85" ten="30,1000,0" yaku="14,1" doraHai="111" who="0" fromWho="2" sc="250,10,170,0,330,-10,250,0" /><INIT seed="2,0,0,5,4,12" ten="260,170,320,250" oya="2" hai0="79,24,122,21,130,13,2,6,72,123,85,36,83" hai1="22,0,115,58,60,101,10,114,54,52,35,55,53" hai2="30,87,129,50,117,82,62,59,7,112,73,133,92" hai3="63,37,70,23,110,31,100,64,105,66,8,86,9"/><V46/><F112/><W97/><G37/><T26/><D130/><U34/><E101/><V28/><F117/><W19/><G110/><T132/><D132/><U4/><REACH who="1" step="1"/><E22/><REACH who="1" ten="260,160,320,250" step="2"/><V119/><F133/><W96/><G96/><T134/><D21/><U17/><E17/><V102/><F102/><W106/><G106/><T76/><D134/><U71/><E71/><V42/><F30/><W15/><G66/><T75/><D122/><U108/><E108/><V80/><F28/><W88/><REACH who="3" step="1"/><G31/><REACH who="3" ten="260,160,320,240" step="2"/><T84/><D123/><U120/><E120/><V94/><F119/><W51/><G51/><T93/><D36/><U38/><E38/><V113/><F50/><W90/><G90/><T57/><D76/><U107/><E107/><V104/><F104/><W77/><G77/><T121/><D79/><U65/><E65/><V74/><F129/><W27/><G27/><T111/><D24/><U41/><E41/><V45/><F42/><W124/><G124/><T99/><D26/><U40/><E40/><V14/><F113/><AGARI ba="0,2" hai="0,4,10,34,35,52,53,54,55,58,60,113,114,115" machi="113" ten="40,2600,0" yaku="1,1,54,1,53,0" doraHai="12" doraHaiUra="131" who="1" fromWho="2" sc="260,0,160,46,320,-26,240,0" /><INIT seed="3,0,0,1,4,128" ten="260,206,294,240" oya="3" hai0="16,98,53,69,8,88,3,91,17,73,83,115,12" hai1="42,110,99,67,37,120,135,124,13,102,5,45,114" hai2="24,15,103,118,101,119,66,31,30,126,122,63,20" hai3="27,112,89,76,132,44,95,6,48,64,82,80,77"/><W52/><G112/><T25/><D115/><U59/><E120/><V18/><F122/><W47/><G6/><T26/><D69/><U11/><E114/><V40/><F126/><W123/><G123/><T35/><D3/><U131/><E131/><V121/><F121/><W87/><G64/><T58/><D73/><U29/><E124/><V74/><F74/><W43/><G27/><N who="0" m="10251" /><D35/><U38/><E29/><V92/><F40/><W22/><G22/><T49/><D98/><U109/><E38/><V68/><F31/><W34/><G34/><T81/><D17/><U127/><E127/><V93/><F92/><W55/><G47/><T39/><D39/><U10/><E11/><V21/><REACH who="2" step="1"/><F93/><REACH who="2" ten="260,206,284,240" step="2"/><W130/><G130/><T84/><D83/><U72/><E72/><V41/><F41/><W85/><REACH who="3" step="1"/><G132/><REACH who="3" ten="260,206,284,230" step="2"/><T36/><D36/><U19/><E135/><V2/><F2/><W51/><G51/><T100/><D100/><AGARI ba="0,2" hai="15,18,20,21,24,30,63,66,68,100,101,103,118,119" machi="100" ten="40,1300,0" yaku="1,1,53,0" doraHai="128" doraHaiUra="129" who="2" fromWho="0" sc="260,-13,206,0,284,33,230,0" /><INIT seed="4,0,0,2,3,112" ten="247,206,317,230" oya="0" hai0="58,11,34,55,57,77,66,111,48,31,0,68,83" hai1="103,88,78,20,85,89,46,127,104,4,40,122,5" hai2="76,29,64,49,59,65,13,72,36,90,96,28,128" hai3="17,135,91,35,44,61,2,56,9,27,14,117,133"/><T71/><D111/><U54/><E122/><V6/><F36/><W25/><G44/><T132/><D132/><N who="3" m="50761" /><G2/><T70/><D34/><U106/><E54/><V16/><F128/><W75/><G75/><T110/><D110/><U108/><E108/><V74/><F6/><W113/><G113/><T98/><D31/><U30/><E78/><V21/><F74/><W69/><G69/><T33/><D33/><U131/><E131/><V123/><F123/><W82/><G117/><T105/><D0/><U107/><E103/><V115/><F115/><W95/><G82/><T73/><D11/><U62/><E62/><V94/><F76/><W101/><G101/><T12/><D12/><U97/><E97/><V43/><F72/><W51/><G51/><T118/><D118/><U38/><E127/><V60/><REACH who="2" step="1"/><F64/><REACH who="2" ten="247,206,307,230" step="2"/><N who="3" m="38951" /><G35/><T130/><D130/><U99/><E5/><V39/><F39/><W24/><G24/><T67/><D67/><U3/><E4/><V126/><F126/><W119/><G119/><T124/><D124/><U100/><E3/><V81/><F81/><W37/><G37/><T42/><D66/><U41/><E38/><V10/><F10/><W19/><G19/><T7/><D7/><U129/><E129/><V102/><F102/><W18/><G18/><T93/><D73/><U22/><E100/><V15/><F15/><W92/><G91/><T116/><D116/><U26/><E88/><V86/><F86/><W63/><G27/><T47/><D77/><U84/><E89/><V52/><F52/><W120/><G120/><T79/><D79/><U125/><E125/><RYUUKYOKU ba="0,1" sc="247,-10,206,-10,307,30,230,-10" hai2="13,16,21,28,29,43,49,59,60,65,90,94,96" /><INIT seed="5,1,1,3,3,19" ten="237,196,337,220" oya="1" hai0="126,96,11,95,55,53,56,23,85,134,74,113,41" hai1="132,135,133,44,57,58,62,18,27,103,111,2,100" hai2="39,105,93,3,88,98,117,102,49,38,28,109,87" hai3="21,131,76,84,107,30,129,71,92,86,43,59,61"/><U7/><E111/><V26/><F109/><W51/><G107/><T90/><D74/><U13/><E27/><V77/><F117/><W64/><G76/><T81/><D113/><U37/><E7/><V122/><F122/><W115/><G115/><T82/><D126/><U68/><E2/><V24/><F3/><W80/><G80/><T125/><D125/><U29/><E29/><V47/><F77/><W15/><G92/><T34/><D34/><U116/><E116/><V60/><F60/><W99/><G99/><T112/><D112/><U130/><E130/><N who="3" m="49674" /><G15/><T114/><D114/><U79/><E79/><V9/><F9/><W65/><G65/><T22/><D134/><U118/><E118/><V35/><F24/><N who="3" m="16655" /><G71/><T5/><D41/><AGARI ba="1,1" hai="26,28,35,38,39,41,47,49,87,88,93,98,102,105" machi="41" ten="30,2000,0" yaku="7,1,54,1" doraHai="19" who="2" fromWho="0" sc="237,-23,196,0,337,33,220,0" /><INIT seed="6,0,0,5,0,72" ten="214,196,370,220" oya="2" hai0="41,87,119,115,104,33,79,123,8,60,18,28,112" hai1="126,25,96,58,90,130,88,127,21,82,132,2,6" hai2="61,30,93,76,116,80,45,50,1,124,125,44,121" hai3="32,37,23,39,113,19,92,46,120,98,36,78,9"/><V7/><F116/><W118/><G118/><T128/><D119/><U106/><E132/><V11/><F121/><W73/><G32/><T135/><D104/><U17/><E130/><V77/><F30/><W51/><G120/><T26/><D123/><U131/><E131/><V66/><F93/><W62/><G9/><T134/><D128/><U75/><E58/><V109/><F109/><W86/><G73/><T52/><D41/><U81/><E2/><V110/><F110/><W38/><G62/><T85/><D85/><U65/><E6/><V129/><F129/><W59/><G59/><N who="0" m="34919" /><D18/><U57/><E57/><N who="2" m="37167" /><F80/><W10/><G10/><T22/><D8/><U94/><E65/><V117/><F117/><W105/><G105/><T54/><D54/><U111/><E111/><V48/><F48/><W102/><G86/><T12/><D12/><U24/><E106/><V40/><F44/><W101/><G39/><T0/><D0/><U64/><E64/><V69/><F69/><W74/><G38/><T71/><D33/><U83/><E75/><V42/><F42/><N who="3" m="25047" /><G37/><T89/><D71/><U43/><E43/><V133/><F133/><N who="0" m="50698" /><D115/><U29/><REACH who="1" step="1"/><E90/><REACH who="1" ten="214,186,370,220" step="2"/><V67/><F67/><W56/><G56/><T84/><D112/><U3/><E3/><V70/><F70/><W14/><G113/><T99/><D89/><U63/><E63/><V103/><F1/><W49/><G36/><T27/><D79/><U108/><E108/><V20/><F7/><W5/><G5/><T55/><D55/><U53/><E53/><V114/><F114/><W100/><G49/><T95/><D27/><RYUUKYOKU ba="0,1" sc="214,10,186,10,370,-30,220,10" hai0="22,26,28,84,87,95,99" hai1="17,21,24,25,29,81,82,83,88,94,96,126,127" hai3="14,19,23,74,78,92,98,100,101,102" /><INIT seed="7,1,1,4,3,74" ten="224,196,340,230" oya="3" hai0="92,61,50,130,125,90,0,79,28,89,49,88,39" hai1="98,116,101,117,109,118,52,82,69,131,41,27,104" hai2="76,126,84,134,63,91,64,31,65,113,58,15,115" hai3="100,71,10,132,86,14,129,119,33,43,73,30,78"/><W16/><G119/><N who="1" m="30466" /><U22/><DORA hai="99" /><E69/><V42/><F126/><W40/><G73/><T21/><D125/><U124/><E124/><V83/><F134/><W120/><G120/><T1/><D39/><U12/><E41/><V4/><F31/><W48/><G132/><T24/><D130/><U70/><E70/><V44/><F65/><W87/><G129/><T7/><D0/><U123/><E131/><V19/><F4/><W133/><G71/><T102/><D7/><U75/><E123/><V26/><F26/><W121/><G33/><T9/><D1/><U127/><E127/><V47/><F91/><W45/><G30/><T2/><D2/><U29/><E12/><V38/><F47/><W8/><G121/><T112/><D112/><U108/><E52/><V54/><F54/><W111/><G10/><T135/><D9/><U56/><E56/><V68/><F68/><W77/><G43/><T114/><D114/><U128/><E128/><V17/><F15/><W80/><G133/><T34/><D135/><U36/><E36/><V105/><F113/><W32/><G32/><T57/><D34/><U51/><E51/><N who="0" m="19465" /><D79/><AGARI ba="1,1" hai="22,27,29,75,79,82,98,101,104,108,109" m="30466" machi="79" ten="40,5200,0" yaku="12,1,52,2" doraHai="74,99" who="1" fromWho="0" sc="224,-55,196,65,340,0,230,0" owari="169,-33.1,261,6.1,340,44.0,230,-17.0" /></mjloggm>