<mjloggm ver="2.3"><GO type="169" lobby="0"/><UN n0="%E3%81%8B%E3%81%8F%E3%82%8D%E3%82%80" n1="%E3%81%A1%E3%82%83%E3%81%B0%E3%82%8A%E3%83%BC%E3%82%84" n2="%42%65%6E%63%68%69%6E%67" n3="%73%61%69%63%68%61%6E%7A" dan="18,16,16,17" rate="2233.24,2110.47,2087.14,2144.76" sx="M,M,M,M"/><TAIKYOKU oya="0"/><INIT seed="0,0,0,2,1,132" ten="250,250,250,250" oya="0" hai0="78,80,0,82,43,47,26,54,46,67,111,131,71" hai1="52,20,133,81,45,1,121,42,126,119,16,118,128" hai2="27,66,10,34,69,135,33,116,93,94,6,85,75" hai3="2,96,90,32,21,7,3,37,108,25,129,74,83"/><T64/><D64/><U134/><BYE who="0" /><E1/><UN n0="%E3%81%8B%E3%81%8F%E3%82%8D%E3%82%80" /><V79/><F135/><N who="1" m="51721" /><E121/><V84/><F116/><N who="1" m="44585" /><E81/><V36/><F36/><W92/><G129/><T51/><D131/><U59/><E128/><V39/><F39/><W122/><G108/><T77/><D111/><U38/><E20/><V130/><F66/><W40/><G32/><T17/><D0/><U99/><E99/><V107/><F69/><W8/><G122/><T23/><D67/><U100/><E100/><V22/><F107/><W61/><G61/><T87/><D71/><U4/><E4/><V35/><F130/><W11/><G11/><T56/><REACH who="0" step="1"/><D43/><REACH who="0" ten="240,250,250,250" step="2"/><U50/><E16/><V13/><F6/><W24/><G3/><T125/><D125/><AGARI ba="0,1" hai="38,42,45,50,52,59,125,126" m="44585,51721" machi="125" ten="40,12000,2" yaku="20,1,34,2,52,2,54,1" doraHai="132" who="1" fromWho="0" sc="240,-120,250,130,250,0,250,0" /><INIT seed="1,0,0,4,4,41" ten="120,380,250,250" oya="1" hai0="71,22,63,75,96,129,26,52,53,103,8,85,29" hai1="131,68,49,123,120,46,108,37,54,14,61,110,113" hai2="98,78,16,130,23,42,62,122,1,95,90,32,121" hai3="126,83,34,51,133,93,69,19,65,44,87,0,99"/><U86/><E86/><V84/><F130/><W70/><G133/><T43/><D75/><U67/><E14/><V21/><F32/><W88/><G126/><T20/><D129/><U40/><E131/><V73/><F1/><W109/><G109/><N who="1" m="42090" /><E113/><V104/><F62/><W81/><G0/><T59/><D71/><U97/><E97/><V3/><F42/><W57/><G34/><T25/><D43/><U127/><E127/><V48/><F48/><W6/><G6/><T38/><D38/><U116/><E116/><V72/><F3/><W94/><G57/><AGARI ba="0,0" hai="37,40,46,49,54,57,61,67,68,120,123" m="42090" machi="57" ten="30,18000,2" yaku="24,1,14,1,10,1,34,2,52,1" doraHai="41" who="1" fromWho="3" sc="120,0,380,180,250,0,250,-180" /><INIT seed="1,1,0,1,5,87" ten="120,560,250,70" oya="1" hai0="63,122,129,29,98,81,49,100,119,64,56,108,50" hai1="6,47,10,34,1,9,86,55,111,73,16,11,37" hai2="77,106,4,127,36,31,131,69,135,32,74,79,133" hai3="96,85,130,33,99,24,26,84,52,101,44,110,132"/><U72/><E34/><V117/><RYUUKYOKU type="yao9" ba="1,0" sc="120,0,560,0,250,0,70,0" hai2="4,31,32,36,69,74,77,79,106,117,127,131,133,135" /><INIT seed="1,2,0,1,3,46" ten="120,560,250,70" oya="1" hai0="118,101,103,7,122,130,20,11,111,106,47,57,52" hai1="26,5,14,40,115,108,44,89,25,114,45,112,84" hai2="29,69,63,131,102,82,60,28,18,117,67,30,113" hai3="126,31,74,83,90,116,95,135,120,86,10,54,35"/><U39/><E108/><V37/><F117/><W4/><G120/><T72/><D118/><U125/><E125/><V65/><F131/><W133/><G126/><T2/><D130/><U119/><E119/><V16/><F113/><W71/><G116/><T38/><D111/><U73/><E73/><V80/><F37/><W21/><G71/><T105/><D122/><U68/><E68/><V48/><F102/><W62/><G35/><T56/><D72/><U23/><E44/><V53/><F63/><W107/><G107/><T91/><D105/><U104/><E104/><V93/><F65/><W3/><G54/><T124/><D124/><U87/><E87/><V98/><F98/><W85/><G62/><T121/><D121/><U12/><E5/><V129/><F93/><W22/><G74/><T49/><D106/><U66/><E25/><V61/><F61/><W51/><G51/><T27/><D91/><U59/><E59/><N who="2" m="37279" /><F129/><W15/><G31/><N who="2" m="7937" /><V32/><DORA hai="110" /><F69/><W1/><G1/><T128/><D128/><U58/><E66/><V64/><F64/><W81/><G95/><T109/><D109/><U75/><E75/><V17/><F32/><W33/><G33/><T127/><D127/><U92/><E58/><AGARI ba="2,0" hai="16,17,18,48,53,58,80,82" m="7937,37279" machi="58" ten="40,5200,0" yaku="8,1,52,1,54,1" doraHai="46,110" who="2" fromWho="1" sc="120,0,560,-58,250,58,70,0" /><INIT seed="2,0,0,0,4,73" ten="120,502,308,70" oya="2" hai0="16,61,90,65,111,130,59,66,104,39,109,7,40" hai1="38,13,87,80,71,120,81,89,33,19,134,27,30" hai2="106,1,28,11,79,128,34,41,113,107,123,116,22" hai3="8,95,92,69,126,68,91,46,132,117,127,122,96"/><V53/><F123/><W99/><G122/><T82/><D104/><U108/><E108/><N who="0" m="41545" /><D7/><U103/><E134/><V45/><F116/><W131/><G117/><T2/><D2/><U20/><E120/><V25/><F128/><W118/><G118/><T115/><D115/><U64/><E38/><N who="2" m="21687" /><F53/><W15/><G132/><T24/><D130/><U62/><E103/><V21/><F21/><W18/><G46/><N who="0" m="23839" /><D82/><AGARI ba="0,0" hai="13,19,20,27,30,33,62,64,71,80,81,82,87,89" machi="82" ten="30,1000,0" yaku="7,1" doraHai="73" who="1" fromWho="0" sc="120,-10,502,10,308,0,70,0" /><INIT seed="3,0,0,0,0,30" ten="110,512,308,70" oya="3" hai0="76,69,6,66,54,129,43,99,49,131,33,61,59" hai1="40,73,82,127,132,124,101,65,134,9,87,117,31" hai2="50,17,28,116,135,88,38,34,78,85,114,5,47" hai3="100,16,72,22,128,97,95,133,7,84,23,68,96"/><W35/><G72/><T91/><D76/><U106/><E65/><V60/><F116/><W92/><G128/><N who="0" m="49227" /><D6/><U36/><E31/><V64/><F114/><W105/><G133/><N who="1" m="51306" /><E9/><V46/><F135/><W98/><G68/><T108/><D108/><U18/><E18/><V94/><F5/><W112/><G35/><T81/><D43/><U83/><E40/><V63/><F78/><W70/><G70/><T25/><D99/><N who="1" m="61759" /><E36/><V122/><F122/><W74/><G112/><T39/><D39/><U110/><E110/><V10/><F38/><W32/><G32/><T79/><D91/><N who="1" m="51703" /><E117/><V26/><F60/><W41/><G41/><T90/><D90/><U71/><E71/><V113/><F113/><W55/><G7/><T67/><D67/><U109/><E109/><V80/><F94/><W126/><G92/><T42/><D42/><U107/><E107/><V1/><F1/><W118/><G118/><T57/><D69/><U19/><E19/><V77/><F64/><W103/><G105/><T56/><D25/><U13/><E13/><V37/><F63/><W62/><G103/><T130/><N who="0" m="49235" /><T52/><DORA hai="119" /><D66/><U120/><E120/><V125/><F37/><W89/><G100/><T93/><D93/><U58/><E73/><V45/><F50/><W121/><G74/><N who="0" m="43255" /><D59/><U27/><E58/><V48/><F48/><W75/><G75/><T104/><D104/><U8/><E27/><V12/><F77/><W21/><G121/><T3/><D3/><U24/><E24/><V102/><F102/><W2/><G2/><T11/><D33/><U53/><E83/><RYUUKYOKU ba="0,0" sc="110,15,512,-15,308,15,70,-15" hai0="11,49,52,54,56,57,61" hai2="10,12,17,26,28,34,45,46,47,80,85,88,125" /><INIT seed="4,1,0,1,5,20" ten="125,497,323,55" oya="0" hai0="24,109,58,29,118,48,2,50,6,82,5,81,56" hai1="87,31,104,125,89,96,119,113,105,45,62,100,99" hai2="68,98,103,64,22,18,121,66,107,128,16,123,75" hai3="76,59,39,23,86,72,129,3,122,63,54,77,111"/><T53/><D118/><U130/><E31/><V61/><F128/><W120/><G111/><T11/><D109/><U108/><E45/><V80/><F66/><W132/><G129/><T38/><D38/><U1/><E62/><V83/><F18/><W69/><G3/><T115/><D115/><U42/><E42/><V91/><F91/><W112/><G72/><T79/><D6/><U25/><E25/><V106/><F106/><W60/><G112/><T49/><D58/><U95/><E1/><V51/><F51/><W8/><G132/><T97/><D97/><U43/><E43/><V131/><F131/><W12/><G39/><T7/><D7/><U114/><E130/><V30/><F30/><W36/><G36/><T71/><D71/><U28/><E28/><V9/><F9/><W85/><G23/><T10/><D11/><U46/><E108/><V27/><REACH who="2" step="1"/><F75/><REACH who="2" ten="125,497,313,55" step="2"/><W73/><G73/><T4/><D5/><U35/><E105/><V17/><F17/><N who="3" m="8327" /><G63/><T127/><D49/><U102/><E114/><V13/><F13/><W84/><G69/><T32/><D50/><U110/><E110/><V19/><F19/><W133/><G133/><T94/><D48/><U15/><E113/><V0/><F0/><W124/><G124/><T101/><D127/><U116/><E125/><V67/><F67/><W74/><G74/><T41/><D4/><U126/><E126/><V93/><F93/><W14/><G14/><T44/><D94/><U134/><E95/><V78/><F78/><W55/><G55/><T33/><D53/><U88/><E134/><V21/><F21/><RYUUKYOKU ba="1,1" sc="125,-15,497,-15,313,15,55,15" hai2="16,22,27,61,64,68,80,83,98,103,107,121,123" hai3="54,59,60,76,77,84,85,86,120,122" /><INIT seed="5,2,1,5,2,78" ten="110,482,328,70" oya="1" hai0="17,55,8,70,80,94,37,29,11,119,54,43,4" hai1="30,90,98,102,2,117,101,3,79,1,13,95,81" hai2="20,97,116,27,63,74,59,104,125,111,19,10,91" hai3="128,108,7,26,68,34,93,75,45,118,58,106,132"/><U61/><E117/><V96/><F125/><W69/><G58/><T51/><D119/><U31/><E13/><V22/><F111/><W72/><G93/><T86/><D70/><U122/><E122/><V133/><F133/><W105/><G45/><N who="0" m="26047" /><D37/><U49/><E49/><V16/><F74/><N who="3" m="28203" /><G118/><T25/><D29/><U131/><E131/><V120/><F120/><W52/><G108/><T89/><D4/><U99/><E61/><V129/><F129/><W112/><G7/><T107/><D107/><N who="3" m="40969" /><G128/><T67/><D67/><U65/><E65/><N who="2" m="39167" /><F104/><W57/><G132/><T110/><D110/><U88/><E1/><V85/><F10/><N who="0" m="3626" /><D94/><U123/><E95/><N who="2" m="54767" /><F116/><W24/><G112/><T87/><D86/><U103/><E123/><V82/><F82/><W41/><G34/><T47/><D47/><U126/><E81/><V23/><F23/><AGARI ba="2,1" hai="17,23,25,54,55,80,87,89" m="3626,26047" machi="23" ten="30,2000,0" yaku="8,1,52,1" doraHai="78" who="0" fromWho="2" sc="110,36,482,0,328,-26,70,0" /><INIT seed="6,0,0,1,5,23" ten="146,482,302,70" oya="2" hai0="66,106,97,27,71,84,62,95,85,32,73,57,94" hai1="6,61,103,124,30,34,78,40,7,5,2,93,24" hai2="12,115,31,26,53,72,82,105,69,77,29,38,52" hai3="65,111,90,120,91,18,11,128,43,102,21,45,20"/><V10/><F115/><W123/><G111/><T75/><D57/><U0/><E124/><V121/><F121/><W48/><G128/><T17/><D17/><U83/><E40/><V81/><F38/><W134/><G134/><T25/><D85/><U1/><E61/><V87/><F105/><W96/><G120/><T28/><D25/><U35/><E35/><V46/><F29/><W101/><G123/><T9/><D9/><U49/><E49/><V113/><F69/><W80/><G65/><T114/><D114/><U33/><E33/><V36/><F113/><W98/><G11/><T16/><D16/><U51/><E51/><V56/><F36/><W116/><G116/><T132/><D132/><U47/><E47/><V109/><F46/><W133/><G133/><T110/><D110/><U125/><E93/><N who="0" m="35337" /><D84/><U135/><E125/><V8/><F109/><W3/><G3/><T37/><D37/><U79/><E103/><AGARI ba="0,0" hai="27,28,32,62,66,71,73,75,97,103,106" m="35337" machi="103" ten="30,2000,0" yaku="25,1,52,1" doraHai="23" who="0" fromWho="1" sc="146,20,482,-20,302,0,70,0" /><INIT seed="7,0,0,4,5,110" ten="166,462,302,70" oya="3" hai0="79,36,10,129,90,61,109,91,9,30,77,4,116" hai1="20,113,105,34,127,100,101,81,29,95,53,78,135" hai2="41,117,26,21,31,92,14,118,123,114,126,115,94" hai3="73,70,108,44,80,49,111,64,56,39,8,84,52"/><W71/><G73/><T106/><D109/><N who="3" m="42057" /><G8/><T96/><D36/><U130/><E34/><V97/><F123/><W48/><G80/><T37/><D37/><U120/><E29/><V62/><F126/><W15/><G15/><N who="0" m="5543" /><D129/><U76/><E53/><V132/><F132/><W51/><G84/><T55/><D106/><U47/><E47/><V103/><F14/><W57/><G57/><N who="0" m="35007" /><D30/><U125/><E20/><V128/><F128/><W54/><G64/><T131/><D116/><U75/><E81/><V68/><F118/><W45/><G39/><T85/><D131/><U63/><E75/><V66/><F117/><W12/><G12/><T87/><D10/><U58/><E58/><V33/><F41/><AGARI ba="0,0" hai="41,44,45,48,49,51,52,54,56,70,71" m="42057" machi="41" ten="30,11600,0" yaku="10,1,34,2,54,1" doraHai="110" who="3" fromWho="2" sc="166,0,462,0,302,-116,70,116" /><INIT seed="7,1,0,1,3,55" ten="166,462,186,186" oya="3" hai0="102,30,7,62,0,99,85,70,38,133,73,97,88" hai1="124,41,28,95,90,131,65,43,93,98,96,44,119" hai2="9,106,5,19,134,104,49,24,32,67,57,39,92" hai3="1,16,34,125,50,72,31,91,25,6,77,56,80"/><W69/><G69/><T129/><D73/><U121/><E95/><V110/><F39/><W82/><G125/><T122/><D122/><U112/><E93/><V83/><F32/><W108/><G108/><T78/><D38/><U26/><E90/><V12/><F134/><W37/><G37/><T60/><D133/><U53/><E53/><N who="2" m="31919" /><F104/><W52/><G16/><T46/><D78/><U63/><E26/><V127/><F106/><W118/><G118/><T10/><D129/><U111/><E96/><V17/><F127/><W61/><G61/><T21/><D46/><U135/><E28/><V15/><F83/><W132/><G132/><T11/><D11/><U76/><E44/><V79/><F79/><W86/><REACH who="3" step="1"/><G1/><REACH who="3" ten="166,462,186,176" step="2"/><T84/><D70/><U87/><E111/><V103/><F110/><W8/><G8/><T130/><D130/><U40/><E135/><V58/><F15/><W117/><G117/><T75/><D62/><U120/><E63/><N who="2" m="38391" /><F24/><W123/><G123/><T54/><D60/><U13/><E119/><V115/><F115/><W51/><G51/><T100/><D0/><U128/><E124/><V29/><F29/><W66/><G66/><T74/><D30/><U4/><E65/><V94/><F103/><W71/><G71/><T48/><D102/><U14/><E112/><V107/><F17/><W59/><G59/><T114/><D100/><U35/><E121/><V68/><F68/><W23/><G23/><T89/><D21/><U20/><E120/><V81/><F19/><W113/><G113/><T116/><D114/><U36/><E20/><V45/><F9/><RYUUKYOKU ba="1,1" sc="166,-10,462,-10,186,-10,176,30" hai3="6,25,31,34,50,52,56,72,77,80,82,86,91" /><INIT seed="7,2,1,4,4,101" ten="156,452,176,206" oya="3" hai0="6,100,130,109,50,127,129,124,25,135,12,38,123" hai1="105,91,27,11,98,28,108,96,76,104,128,22,44" hai2="133,69,64,118,125,84,75,77,126,23,14,9,93" hai3="58,20,1,114,97,95,53,65,115,40,113,60,16"/><W51/><G1/><T81/><D123/><U47/><E108/><V35/><F133/><W13/><G40/><T68/><D109/><U62/><E76/><V0/><F35/><W110/><G110/><T131/><D38/><U107/><E128/><V89/><F118/><W43/><G43/><T52/><D68/><U55/><E11/><V117/><F117/><W4/><G4/><T61/><D100/><U67/><E91/><V132/><F132/><W63/><REACH who="3" step="1"/><G65/><REACH who="3" ten="156,452,176,196" step="2"/><T29/><D135/><U21/><E67/><V33/><F64/><W36/><G36/><T121/><D121/><U94/><E55/><V122/><F122/><W10/><G10/><N who="0" m="4183" /><D61/><U57/><E62/><V119/><F119/><W87/><G87/><T59/><D81/><U39/><E39/><V71/><F0/><W78/><G78/><T66/><D66/><U85/><E85/><V41/><F77/><W24/><G24/><T70/><D70/><U86/><E86/><V48/><F75/><W80/><G80/><T18/><D18/><U106/><E27/><V5/><F71/><W46/><G46/><T15/><D15/><U26/><E44/><N who="2" m="25615" /><F69/><W3/><G3/><T31/><D31/><U82/><E28/><V73/><F73/><W99/><G99/><T7/><D7/><U56/><E98/><V116/><F116/><W112/><N who="3" m="28672" /><DORA hai="79" /><W102/><AGARI ba="2,2" hai="13,16,20,51,53,58,60,63,95,97,102" m="28672" machi="102" ten="60,18000,2" yaku="1,1,4,1,0,1,15,1,54,1,53,1" doraHai="101,79" doraHaiUra="8,83" who="3" fromWho="3" sc="156,-62,452,-62,176,-62,196,206" owari="94,-40.6,390,19.0,114,-28.6,402,50.2" /></mjloggm>