<mjloggm ver="2.3"><GO type="169" lobby="0"/><UN n0="%E9%9B%AA%E3%81%AE%E8%8F%AF" n1="%48%57%49%4E%47" n2="%71%75%65%79%69%6D%65%6E" n3="%54%61%62%61%73%63%6F" dan="16,16,16,16" rate="2117.93,2141.75,2124.22,2097.45" sx="F,M,M,M"/><TAIKYOKU oya="0"/><INIT seed="0,0,0,0,3,66" ten="250,250,250,250" oya="0" hai0="95,47,109,30,16,72,100,117,131,14,85,19,61" hai1="87,8,94,68,13,102,2,29,40,80,91,12,45" hai2="41,106,99,11,83,6,43,116,111,44,67,125,134" hai3="74,81,123,60,126,84,15,105,25,108,37,62,53"/><T18/><D117/><U103/><E2/><V36/><F116/><W56/><G105/><T7/><D72/><U51/><E29/><V3/><F111/><W9/><G108/><T82/><D131/><U26/><E26/><V65/><F134/><W119/><G126/><T77/><D109/><U118/><E118/><V17/><F125/><W46/><G74/><T31/><D61/><U110/><E110/><V4/><F4/><W59/><G119/><T90/><D100/><U107/><E107/><V58/><F43/><W21/><G46/><T42/><D90/><U89/><E68/><V127/><F127/><W70/><G37/><T93/><D95/><U78/><E13/><V113/><F58/><W97/><G97/><T50/><D93/><U5/><REACH who="1" step="1"/><E91/><REACH who="1" ten="250,240,250,250" step="2"/><V75/><F113/><W132/><G70/><T104/><D104/><U73/><AGARI ba="0,1" hai="5,8,12,40,45,51,73,78,80,87,89,94,102,103" machi="73" ten="20,5200,0" yaku="1,1,2,1,0,1,7,1,53,0" doraHai="66" doraHaiUra="64" who="1" fromWho="1" sc="250,-26,240,62,250,-13,250,-13" /><INIT seed="1,0,0,0,2,75" ten="224,302,237,237" oya="1" hai0="96,92,82,90,41,40,113,33,73,22,132,88,99" hai1="135,125,74,12,55,134,76,62,133,117,91,2,128" hai2="70,43,25,16,107,27,0,120,28,29,129,79,115" hai3="77,66,126,15,68,54,104,108,111,39,81,100,114"/><U84/><E117/><V98/><F70/><W103/><G114/><T45/><D33/><U101/><E2/><V127/><F120/><W89/><G39/><T94/><D113/><U131/><E101/><V37/><F115/><W124/><G54/><T78/><D132/><U83/><E12/><V32/><F0/><W21/><G66/><T6/><D6/><U10/><E10/><V122/><F122/><W87/><G21/><T58/><D58/><N who="1" m="35167" /><E125/><N who="3" m="48234" /><G15/><T64/><D64/><U59/><E59/><V19/><F129/><N who="1" m="49737" /><E74/><V51/><F37/><W130/><G68/><T119/><D119/><U85/><E85/><V52/><F127/><W95/><G130/><T106/><D106/><U7/><E7/><V47/><F43/><W23/><G23/><T80/><D45/><U11/><E11/><V8/><F8/><W34/><G34/><T72/><D22/><U123/><E123/><V121/><F121/><W31/><G31/><T116/><D116/><U118/><E118/><V105/><F105/><W3/><G3/><T24/><D24/><U13/><E13/><V102/><REACH who="2" step="1"/><F79/><AGARI ba="0,0" hai="40,41,72,73,78,79,80,82,88,90,92,94,96,99" machi="79" ten="40,12000,2" yaku="32,3,52,2,54,1" doraHai="75" who="0" fromWho="2" sc="224,120,302,0,237,-120,237,0" /><AGARI ba="0,0" hai="76,79,83,84,91,133,134,135" m="49737,35167" machi="79" ten="40,12000,1" yaku="20,1,19,1,52,2" doraHai="75" who="1" fromWho="2" sc="344,0,302,120,117,-120,237,0" owari="344,14.4,422,52.2,-3,-50.3,237,-16.3" /></mjloggm>