<mjloggm ver="2.3"><GO type="169" lobby="0"/><UN n0="%E7%88%86%E5%BC%BE%E4%BA%94%E9%83%8E%EF%BC%92" n1="%6A%61%63%6B%74" n2="%E3%83%8D%E3%82%AA%E3%81%92%E3%82%8D%E3%81%A3%E3%81%B4" n3="%E4%B8%89%E6%B2%B3%E5%B1%8B%E3%81%AE%E3%82%B5%E3%83%96" dan="17,18,16,16" rate="2190.70,2253.13,2147.77,2138.15" sx="M,M,M,M"/><TAIKYOKU oya="0"/><INIT seed="0,0,0,3,5,94" ten="250,250,250,250" oya="0" hai0="63,124,91,76,79,112,14,37,100,111,107,48,108" hai1="85,36,15,61,110,131,101,93,28,12,70,26,125" hai2="59,31,130,25,42,74,58,90,19,50,35,68,66" hai3="39,71,88,109,98,127,8,40,106,116,51,135,128"/><T11/><D37/><U33/><E36/><V84/><F74/><W134/><G116/><T105/><D112/><U30/><E110/><N who="0" m="42025" /><D124/><U121/><E121/><V118/><F130/><W3/><G109/><T54/><D63/><U41/><E131/><V10/><F118/><W87/><G128/><T117/><D91/><U103/><E41/><V56/><F68/><W102/><G71/><T62/><D62/><U129/><E129/><V95/><F66/><W113/><G39/><T122/><D122/><U115/><E125/><V104/><F104/><N who="0" m="40010" /><D100/><U64/><E103/><V32/><F32/><W4/><G113/><T20/><D20/><U55/><E115/><V52/><REACH who="2" step="1"/><F42/><REACH who="2" ten="250,250,240,250" step="2"/><W46/><REACH who="3" step="1"/><G127/><REACH who="3" ten="250,250,240,240" step="2"/><T72/><D117/><U97/><E70/><V38/><F38/><W24/><G24/><T120/><D120/><U49/><E26/><V1/><F1/><W99/><G99/><T47/><D72/><U67/><E97/><V21/><F21/><W73/><G73/><T34/><D34/><U0/><E33/><V65/><F65/><W77/><G77/><T81/><D76/><U89/><E67/><V86/><F86/><W18/><G18/><N who="0" m="8543" /><D79/><U133/><E64/><V132/><F132/><W27/><G27/><T16/><D16/><U69/><E133/><V9/><F9/><W60/><G60/><T119/><D119/><U17/><E61/><V22/><F22/><W29/><G29/><T57/><D48/><U114/><E69/><V2/><F2/><W78/><G78/><T53/><D54/><U43/><E55/><V23/><F23/><W44/><G44/><RYUUKYOKU ba="0,2" sc="250,-15,250,-15,240,15,240,15" hai2="10,19,25,31,35,50,52,56,58,59,84,90,95" hai3="3,4,8,40,46,51,87,88,98,102,106,134,135" /><INIT seed="1,1,2,0,2,90" ten="235,235,255,255" oya="1" hai0="99,10,36,134,125,92,121,6,132,98,119,130,77" hai1="22,75,49,116,127,114,87,8,14,44,135,53,104" hai2="71,70,60,27,80,133,5,31,0,52,20,64,120" hai3="23,86,40,21,97,47,57,62,102,24,112,58,18"/><U68/><E114/><V1/><F120/><W131/><G112/><T89/><D36/><U30/><E116/><V110/><F110/><W122/><G122/><T101/><D119/><U66/><E75/><V67/><F133/><N who="0" m="51306" /><D121/><U128/><E135/><V96/><F5/><W94/><G131/><T115/><D115/><U19/><E128/><V108/><F108/><W16/><G86/><T41/><D41/><U11/><E104/><V25/><F80/><W4/><G4/><T59/><D77/><U7/><E127/><V54/><F96/><W113/><G62/><T34/><D34/><U84/><E30/><V107/><F107/><W2/><G2/><N who="0" m="343" /><D59/><U111/><E111/><V15/><F15/><W9/><G9/><T73/><D73/><U48/><E8/><V3/><REACH who="2" step="1"/><F27/><REACH who="2" ten="235,235,245,255" step="2"/><N who="3" m="14759" /><G113/><T63/><D130/><U118/><E118/><V88/><F88/><W32/><G32/><T46/><D125/><U83/><E7/><V13/><F13/><W43/><G43/><T79/><D79/><U39/><E14/><V91/><F91/><W26/><G26/><T28/><D99/><U129/><E129/><V123/><F123/><W56/><G40/><T55/><D89/><U109/><E83/><V126/><F126/><W45/><AGARI ba="1,3" hai="18,23,24,45,47,56,57,58,94,97,102" m="14759" machi="45" ten="30,4000,0" yaku="8,1,52,1,54,1" doraHai="90" who="3" fromWho="3" sc="235,-11,235,-21,245,-11,255,73" /><INIT seed="2,0,0,0,1,134" ten="224,214,234,328" oya="2" hai0="116,118,63,129,33,7,55,135,90,44,54,128,35" hai1="74,45,21,121,71,99,65,86,80,29,109,83,106" hai2="68,2,15,70,43,120,0,40,115,61,26,77,59" hai3="98,24,34,60,81,52,1,12,125,87,13,97,96"/><V103/><F120/><W4/><G125/><T19/><D7/><U117/><E71/><V62/><F115/><W108/><G108/><T72/><D72/><U9/><E65/><V94/><F77/><W133/><G133/><T51/><D135/><U85/><E9/><V127/><F127/><W56/><G1/><T16/><D90/><U3/><E45/><V131/><F131/><N who="0" m="50250" /><D63/><U47/><E21/><V46/><F15/><W36/><G36/><T76/><D76/><U17/><E74/><V126/><F126/><W58/><G4/><T73/><D55/><U111/><E3/><V42/><F46/><W130/><G130/><T30/><D30/><U92/><E29/><V48/><F0/><W122/><G122/><T38/><D38/><U57/><E47/><V113/><F2/><W11/><G11/><T79/><D79/><U91/><E121/><V107/><F113/><W88/><G24/><T89/><D89/><U78/><E17/><N who="0" m="6729" /><D73/><U102/><E57/><V132/><F26/><W112/><G34/><AGARI ba="0,0" hai="33,34,35,44,51,54,116,118" m="6729,50250" machi="34" ten="40,2600,0" yaku="19,1,54,1" doraHai="134" who="0" fromWho="3" sc="224,26,214,0,234,0,328,-26" /><INIT seed="3,0,0,1,2,7" ten="250,214,234,302" oya="3" hai0="45,43,85,18,134,0,92,29,95,124,121,72,12" hai1="8,38,88,49,105,116,93,42,129,19,109,71,5" hai2="21,22,104,15,75,9,6,81,40,131,117,86,27" hai3="4,118,69,16,125,20,115,123,37,77,32,107,97"/><W52/><G115/><T102/><D72/><U17/><E105/><V87/><F117/><W70/><G118/><T44/><D0/><U47/><E116/><V99/><F131/><W1/><G123/><T84/><D121/><U63/><E129/><V25/><F40/><W114/><G114/><T83/><D29/><U126/><E109/><V106/><F75/><W34/><G37/><T54/><D134/><U78/><E126/><V80/><F99/><W101/><G125/><T128/><D128/><U67/><E78/><V57/><F57/><W35/><G77/><T61/><D124/><U53/><E42/><V98/><F98/><W103/><G103/><T30/><D30/><U59/><E71/><V11/><F15/><W94/><G107/><T41/><D102/><U110/><E38/><V2/><F6/><W13/><REACH who="3" step="1"/><G52/><REACH who="3" ten="250,214,234,292" step="2"/><T96/><D54/><U108/><E110/><V39/><F39/><W23/><G23/><T127/><D127/><U100/><E100/><V122/><F122/><W50/><G50/><T48/><D48/><U31/><E108/><V36/><F36/><W133/><G133/><T33/><D43/><U46/><E46/><V112/><F112/><W65/><G65/><T51/><D41/><U56/><E47/><V119/><F119/><W14/><G14/><T64/><D51/><U89/><E89/><V10/><F10/><AGARI ba="0,1" hai="1,4,10,13,16,20,32,34,35,69,70,94,97,101" machi="10" ten="40,7700,0" yaku="1,1,52,1,54,1,53,0" doraHai="7" doraHaiUra="82" who="3" fromWho="2" sc="250,0,214,0,234,-77,292,87" /><INIT seed="3,1,0,0,1,57" ten="250,214,157,379" oya="3" hai0="61,121,15,128,31,41,127,86,82,19,105,94,91" hai1="32,96,123,2,21,109,92,95,129,17,50,69,83" hai2="135,88,49,73,87,38,85,22,107,66,60,13,59" hai3="55,65,63,119,58,11,100,5,72,39,53,37,110"/><W71/><G119/><T116/><D105/><U52/><E123/><V99/><F38/><W80/><G100/><T97/><D121/><U124/><E109/><V18/><F73/><W1/><G110/><T20/><D116/><U4/><E32/><V34/><F34/><W29/><G29/><T14/><D128/><U62/><E124/><V118/><F118/><W70/><G55/><T106/><D106/><U44/><E129/><V101/><F135/><W12/><G1/><T112/><D127/><U134/><E134/><V51/><REACH who="2" step="1"/><F85/><REACH who="2" ten="250,214,147,379" step="2"/><W115/><G37/><T10/><D112/><U122/><E122/><V23/><F23/><W40/><G115/><T133/><D133/><U67/><E83/><AGARI ba="1,1" hai="13,18,22,49,51,59,60,66,83,87,88,99,101,107" machi="83" ten="30,7700,0" yaku="1,1,7,1,52,1,54,1,53,0" doraHai="57" doraHaiUra="6" who="2" fromWho="1" sc="250,0,214,-80,147,90,379,0" /><INIT seed="4,0,0,1,1,22" ten="250,134,237,379" oya="0" hai0="120,12,54,2,102,130,110,18,50,133,125,61,65" hai1="24,80,45,35,99,117,93,77,78,76,92,0,111" hai2="68,96,4,46,11,135,87,44,71,109,113,91,40" hai3="131,23,101,124,107,51,52,63,84,106,1,10,126"/><T86/><D2/><U119/><E0/><V28/><F109/><W74/><G74/><T33/><D33/><U94/><E45/><V105/><F135/><W132/><G132/><T118/><D118/><U27/><E35/><V43/><F113/><W41/><G131/><T21/><D130/><U55/><E55/><V114/><F114/><W14/><G84/><T128/><D120/><U72/><E111/><V108/><F28/><W70/><G41/><T75/><D75/><U121/><E121/><V9/><F96/><W57/><G101/><T5/><D5/><U53/><E53/><V123/><F108/><W88/><G88/><T104/><D110/><U8/><E8/><V64/><F123/><W73/><G73/><T95/><D104/><U82/><E99/><V60/><F105/><W48/><G23/><T42/><D42/><U56/><E56/><V7/><F87/><W47/><G70/><T38/><D38/><U79/><REACH who="1" step="1"/><E80/><REACH who="1" ten="250,124,237,379" step="2"/><V129/><F129/><W30/><G1/><T26/><D128/><U13/><E13/><V32/><F32/><W134/><G134/><T49/><D133/><U66/><E66/><V31/><F64/><W112/><G112/><T19/><D54/><U127/><E127/><V17/><F11/><W29/><G126/><T59/><D125/><U39/><E39/><V37/><F9/><W85/><G124/><T122/><D122/><U97/><E97/><V36/><F36/><W67/><G67/><T16/><D12/><U83/><E83/><V58/><F37/><W69/><G14/><T100/><D65/><U6/><E6/><RYUUKYOKU ba="0,1" sc="250,-10,124,30,237,-10,379,-10" hai1="24,27,72,76,77,78,79,82,92,93,94,117,119" /><INIT seed="5,1,1,3,2,23" ten="240,154,227,369" oya="1" hai0="92,49,0,56,79,47,55,86,20,110,120,84,131" hai1="125,3,33,67,69,128,103,61,90,17,88,4,109" hai2="45,114,99,118,63,14,7,74,65,58,50,126,30" hai3="132,135,46,124,97,10,18,70,9,105,119,38,6"/><U106/><E128/><V19/><F118/><W29/><G70/><T96/><D110/><U43/><E109/><V62/><F74/><W112/><G119/><T35/><D35/><U26/><E125/><V130/><F130/><W68/><G68/><T32/><D32/><U39/><E4/><V1/><F126/><W41/><G124/><T34/><D34/><U28/><E3/><V123/><F123/><W116/><G116/><T48/><D0/><U129/><E129/><V121/><F121/><W15/><G29/><T22/><D120/><U2/><E2/><V21/><F114/><W51/><G112/><T8/><D8/><U115/><E115/><V78/><F78/><W71/><G71/><T83/><D86/><U11/><E43/><V104/><F30/><W91/><G38/><T107/><D107/><U122/><E39/><V53/><F7/><W73/><G73/><T85/><D85/><U54/><E54/><V127/><F1/><W108/><G108/><T40/><REACH who="0" step="1"/><D131/><REACH who="0" ten="230,154,227,369" step="2"/><U42/><E122/><V133/><F104/><W98/><G105/><T13/><D13/><N who="1" m="7359" /><E42/><V76/><F127/><W16/><G10/><T111/><D111/><U94/><E94/><V77/><F14/><W134/><G97/><AGARI ba="1,2" hai="26,28,33,61,67,69,88,90,97,103,106" m="7359" machi="97" ten="30,5800,0" yaku="25,1,52,1,54,1" doraHai="23" who="1" fromWho="3" sc="230,0,154,81,227,0,369,-61" /><INIT seed="5,2,0,1,0,92" ten="230,235,227,308" oya="1" hai0="83,121,101,6,7,90,68,37,97,79,75,132,123" hai1="52,8,44,29,74,55,98,70,46,57,60,39,129" hai2="28,22,16,40,118,13,76,84,66,125,14,80,11" hai3="27,58,48,23,61,41,18,4,134,115,119,93,73"/><U109/><E129/><V95/><F118/><W32/><G119/><T9/><D68/><U0/><E74/><V99/><F125/><W67/><G115/><T111/><D37/><U30/><E109/><V53/><F40/><W50/><G134/><T94/><D111/><U71/><E0/><V104/><F104/><W36/><G73/><T21/><D132/><U5/><E71/><V64/><F53/><W128/><G128/><T124/><D124/><U20/><E70/><V51/><F51/><W69/><G4/><T31/><D31/><U45/><E39/><V114/><F114/><W91/><G32/><T19/><D90/><U65/><E98/><V133/><F133/><W96/><REACH who="3" step="1"/><G58/><REACH who="3" ten="230,235,227,298" step="2"/><T100/><D6/><U15/><REACH who="1" step="1"/><E30/><REACH who="1" ten="230,225,227,298" step="2"/><V77/><F28/><W17/><G17/><T25/><D123/><U126/><E126/><V122/><F122/><W34/><G34/><T1/><D121/><U110/><E110/><V56/><F56/><W130/><G130/><T117/><D117/><U38/><E38/><V63/><F77/><W81/><G81/><T88/><AGARI ba="2,2" hai="1,7,9,19,21,25,75,79,83,88,94,97,100,101" machi="88" ten="20,5200,0" yaku="0,1,7,1,52,1,54,1" doraHai="92" who="0" fromWho="0" sc="230,78,225,-28,227,-15,298,-15" /><INIT seed="6,0,0,4,5,115" ten="308,197,212,283" oya="2" hai0="74,57,103,25,48,123,22,120,77,110,129,87,108" hai1="98,126,12,6,118,85,11,15,121,117,82,80,127" hai2="23,125,2,18,83,10,114,92,54,70,49,109,93" hai3="61,20,111,95,39,69,97,27,35,135,43,1,60"/><V116/><F114/><W32/><G1/><T112/><D74/><U128/><E128/><V26/><F70/><W7/><G7/><T66/><D103/><U50/><E121/><V102/><F116/><N who="1" m="44649" /><E98/><V65/><F65/><W5/><G5/><T9/><D129/><U113/><E113/><V106/><F125/><N who="1" m="47625" /><E50/><V68/><F68/><W119/><G69/><T16/><D48/><U96/><E96/><V53/><F109/><W130/><G97/><T46/><D110/><U64/><E64/><V76/><F53/><W107/><G111/><T42/><D66/><U79/><E80/><V45/><F106/><W38/><G107/><T90/><D108/><U56/><E56/><V122/><F122/><W134/><G130/><T89/><D57/><U55/><E55/><V37/><F37/><W47/><G39/><T104/><D104/><U14/><AGARI ba="0,0" hai="6,11,12,14,15,79,82,85" m="47625,44649" machi="14" ten="40,8000,1" yaku="18,1,52,3" doraHai="115" who="1" fromWho="1" sc="308,-20,197,80,212,-40,283,-20" /><INIT seed="7,0,0,5,0,66" ten="288,277,172,263" oya="3" hai0="38,24,62,36,107,43,108,132,98,92,45,124,100" hai1="93,116,27,74,95,63,34,23,46,53,70,54,96" hai2="68,20,79,13,15,52,4,65,22,35,18,44,49" hai3="3,78,121,89,127,84,94,76,123,88,60,39,6"/><W129/><G39/><T112/><D108/><U105/><E74/><V69/><F35/><W11/><G129/><T119/><D119/><U14/><E116/><V131/><F131/><W90/><G127/><T104/><D124/><U86/><E34/><V67/><F79/><W47/><G47/><T75/><D75/><U91/><E105/><V128/><F128/><W33/><G33/><T113/><D132/><U110/><E110/><V73/><F73/><W57/><G76/><T32/><D62/><U111/><E111/><V133/><F133/><W37/><G37/><T135/><D38/><U8/><E70/><V102/><F102/><W64/><REACH who="3" step="1"/><G78/><REACH who="3" ten="288,277,172,253" step="2"/><T82/><D135/><U12/><E46/><V48/><F4/><W29/><G29/><T28/><D82/><U126/><E126/><V120/><F120/><AGARI ba="0,1" hai="3,6,11,57,60,64,84,88,89,90,94,120,121,123" machi="120" ten="40,7700,0" yaku="1,1,54,1,53,1" doraHai="66" doraHaiUra="58" who="3" fromWho="2" sc="288,0,277,0,172,-77,253,87" owari="288,8.8,277,-12.3,95,-40.5,340,44.0" /></mjloggm>