<mjloggm ver="2.3"><GO type="169" lobby="0"/><UN n0="%E5%85%A9%E5%84%80%E4%B8%B6%E5%BC%8F" n1="%E5%BC%93%E6%9C%A8%E3%81%AA%E3%81%8A" n2="%E5%A4%A9%E6%89%8D%E9%BA%BB%E5%B0%86%E6%99%BA%E4%B9%83" n3="%4E%49%4B%55%59%41" dan="16,17,16,16" rate="2125.85,2159.93,2130.77,2096.30" sx="M,M,M,M"/><TAIKYOKU oya="0"/><INIT seed="0,0,0,0,2,32" ten="250,250,250,250" oya="0" hai0="17,14,0,105,61,112,99,69,39,31,118,8,94" hai1="2,51,85,111,36,29,9,13,10,121,95,125,96" hai2="45,27,44,24,30,127,43,128,54,71,26,123,92" hai3="116,50,49,100,19,28,122,58,59,41,52,117,12"/><T56/><D112/><U102/><E36/><V33/><F123/><W6/><G122/><T77/><D118/><U37/><E121/><V108/><F108/><W107/><G28/><T80/><D105/><U18/><E37/><V15/><F71/><W106/><G6/><T42/><D69/><U23/><E111/><V78/><F128/><W16/><G41/><T109/><D109/><U79/><E125/><V21/><F78/><W133/><G12/><T76/><D31/><U70/><E70/><V83/><F83/><W84/><G84/><T124/><D124/><U93/><E51/><V57/><F127/><W135/><G100/><T74/><D77/><U87/><E29/><V90/><F15/><W40/><G40/><T88/><D42/><U134/><E134/><V60/><F43/><W110/><G110/><T130/><D39/><U3/><E79/><V63/><F63/><W7/><G7/><T11/><D130/><U103/><E23/><V22/><F33/><W73/><G73/><T129/><D129/><U4/><E2/><V66/><F66/><W131/><G131/><T46/><D46/><U114/><E114/><V82/><F82/><W38/><G38/><T91/><D91/><U1/><E1/><V65/><F65/><W67/><G67/><T25/><D25/><N who="2" m="9834" /><F22/><W132/><G132/><T81/><D81/><U5/><E5/><V120/><F120/><W47/><G47/><T62/><REACH who="0" step="1"/><D56/><REACH who="0" ten="240,250,250,250" step="2"/><U104/><E104/><V126/><F126/><W20/><G135/><T115/><D115/><U72/><E72/><V98/><AGARI ba="0,1" hai="21,27,30,44,45,54,57,60,90,92,98" m="9834" machi="98" ten="30,1100,0" yaku="8,1" doraHai="32" who="2" fromWho="2" sc="240,-5,250,-3,250,21,250,-3" /><INIT seed="1,0,0,3,0,130" ten="235,247,271,247" oya="1" hai0="32,63,118,50,14,37,100,45,107,83,91,41,134" hai1="60,51,98,66,9,26,93,76,31,85,79,43,40" hai2="109,11,104,113,133,68,3,27,89,105,35,55,102" hai3="5,4,67,39,126,121,120,122,135,124,114,103,52"/><U34/><E9/><V20/><F35/><W56/><G39/><T22/><D118/><U64/><E64/><V42/><F109/><W70/><G103/><T108/><D32/><U25/><E25/><V16/><F68/><W110/><G110/><T54/><D108/><U65/><E65/><V128/><F128/><W81/><G81/><T123/><D123/><U6/><E6/><V13/><F3/><W59/><G114/><T106/><D63/><U95/><E85/><V15/><F113/><W36/><G36/><T96/><D106/><U87/><E87/><V117/><F117/><W46/><BYE who="2" /><G4/><T92/><D83/><UN n2="%E5%A4%A9%E6%89%8D%E9%BA%BB%E5%B0%86%E6%99%BA%E4%B9%83" /><U72/><E72/><V78/><F78/><W24/><G24/><T80/><D80/><U97/><E95/><V30/><F42/><W119/><G5/><T19/><D134/><U75/><E75/><V23/><F102/><W10/><G10/><T53/><REACH who="0" step="1"/><D37/><REACH who="0" ten="225,247,271,247" step="2"/><U17/><E60/><V33/><F133/><W116/><G135/><T73/><D73/><U2/><E34/><V38/><F38/><W127/><G116/><T48/><D48/><U99/><E51/><V131/><F131/><W125/><G119/><T129/><D129/><U71/><E93/><V94/><F33/><W74/><G74/><T90/><D90/><U44/><E79/><V1/><F89/><W21/><G127/><T69/><D69/><U62/><E76/><V82/><F94/><W58/><G70/><T0/><D0/><U61/><E2/><V47/><F82/><W112/><G126/><T84/><AGARI ba="0,1" hai="14,19,22,41,45,50,53,54,84,91,92,96,100,107" machi="84" ten="20,5200,0" yaku="1,1,0,1,7,1,53,1" doraHai="130" doraHaiUra="18" who="0" fromWho="0" sc="225,62,247,-26,271,-13,247,-13" /><INIT seed="2,0,0,2,2,50" ten="287,221,258,234" oya="2" hai0="81,9,88,71,42,96,93,94,72,62,2,1,133" hai1="66,104,64,36,98,103,109,26,17,74,16,135,102" hai2="63,4,128,44,43,110,132,89,39,38,131,118,6" hai3="69,25,92,60,124,55,99,30,51,100,54,95,87"/><V126/><F118/><W58/><G124/><T97/><D133/><U134/><E109/><V108/><F132/><N who="1" m="50729" /><E74/><V90/><F63/><W84/><G92/><T35/><D35/><U130/><E36/><V37/><F126/><W107/><G95/><T114/><D114/><U0/><E0/><V57/><F57/><W111/><G111/><N who="2" m="42537" /><F89/><W34/><REACH who="3" step="1"/><G69/><REACH who="3" ten="287,221,258,224" step="2"/><T75/><D71/><U117/><E117/><V91/><F91/><W123/><G123/><T33/><D88/><U41/><E130/><N who="2" m="49707" /><F90/><W85/><G85/><T116/><D116/><U112/><E112/><V113/><F113/><W115/><G115/><T125/><D125/><U28/><E103/><V14/><F14/><W22/><G22/><T86/><D86/><U31/><E102/><V40/><F40/><W68/><G68/><T21/><D42/><U56/><E41/><V45/><F43/><W105/><G105/><T76/><D75/><U47/><E104/><V129/><F129/><W13/><G13/><T52/><D72/><U121/><E121/><V83/><F83/><W20/><G20/><T19/><D81/><U3/><E3/><V78/><F78/><W27/><G27/><T10/><D76/><U29/><E26/><V119/><F119/><W12/><G12/><T15/><D1/><U67/><E98/><V73/><F73/><W122/><G122/><T18/><D97/><U24/><E24/><V5/><AGARI ba="0,1" hai="4,5,6,37,38,39,44,45" m="49707,42537" machi="5" ten="50,12000,1" yaku="28,2,14,1,10,1,19,1" doraHai="50" who="2" fromWho="2" sc="287,-40,221,-40,258,130,224,-40" /><INIT seed="2,1,0,5,3,133" ten="247,181,388,184" oya="2" hai0="25,112,94,78,52,132,108,3,36,53,47,82,34" hai1="103,69,92,21,46,14,131,23,125,114,119,88,65" hai2="129,87,26,28,67,76,79,20,63,4,35,80,61" hai3="8,81,111,130,134,95,1,60,66,24,7,42,123"/><V74/><F129/><W101/><G123/><T18/><D3/><U105/><E114/><V122/><F122/><W107/><G134/><T2/><D2/><U90/><E119/><V106/><F106/><W11/><G130/><T19/><D132/><U16/><E131/><V68/><F4/><W54/><G111/><T0/><D0/><U83/><E105/><V110/><F110/><W40/><G11/><T121/><D112/><U12/><E125/><V29/><F28/><W72/><G95/><T5/><D5/><U32/><E32/><V48/><F48/><W58/><G24/><T45/><D108/><U71/><E65/><V117/><F117/><W62/><G72/><T51/><D121/><U77/><E103/><V99/><F99/><W39/><G39/><T127/><D127/><U44/><E92/><V50/><F50/><W41/><G81/><T84/><D94/><U104/><E104/><V64/><F35/><W102/><REACH who="3" step="1"/><G107/><REACH who="3" ten="247,181,388,174" step="2"/><T118/><D118/><U70/><E83/><V113/><F113/><W22/><G22/><T109/><D109/><U124/><E124/><V30/><F74/><W75/><G75/><T10/><D36/><U43/><E21/><V86/><F20/><W9/><G9/><T93/><D10/><U15/><E23/><V49/><F80/><W13/><G13/><T115/><D93/><U56/><E12/><V6/><F26/><W126/><G126/><T89/><D115/><U57/><E14/><V91/><F6/><W96/><G96/><T73/><D25/><U33/><E15/><V38/><F38/><W135/><G135/><RYUUKYOKU ba="1,1" sc="247,-10,181,-10,388,-10,174,30" hai3="1,7,8,40,41,42,54,58,60,62,66,101,102" /><INIT seed="3,2,1,1,1,103" ten="237,171,378,204" oya="3" hai0="128,113,35,94,86,111,34,74,97,39,112,5,79" hai1="12,67,107,66,102,58,131,76,68,4,7,96,72" hai2="45,18,93,50,1,63,71,106,46,54,10,110,24" hai3="83,38,60,17,109,57,55,42,16,20,59,30,11"/><W9/><G38/><T88/><D39/><U117/><E68/><V23/><F110/><W95/><G42/><T125/><D111/><U65/><E131/><V19/><F106/><W126/><G109/><T132/><D128/><U101/><E117/><V48/><F93/><W114/><G114/><N who="0" m="44139" /><D5/><U77/><E58/><V49/><F1/><W78/><G126/><T135/><D125/><U92/><E92/><V104/><F104/><W40/><G40/><T44/><D44/><N who="2" m="17002" /><F71/><W75/><G30/><T108/><D108/><U62/><E62/><V31/><F10/><W61/><G95/><N who="0" m="54679" /><D34/><U3/><E102/><V90/><F90/><W14/><REACH who="3" step="1"/><G17/><REACH who="3" ten="237,171,378,194" step="2"/><T13/><D35/><U80/><E107/><V22/><F18/><W115/><G115/><T73/><D13/><U6/><E12/><V43/><F43/><W70/><G70/><T29/><D29/><U69/><E69/><V133/><F19/><W105/><G105/><T28/><D28/><U36/><E36/><V87/><F31/><W56/><G56/><T82/><D73/><U127/><E127/><V118/><F118/><W51/><G51/><T21/><D21/><U116/><E116/><V52/><F23/><W47/><G47/><T26/><D26/><U64/><E72/><V119/><F22/><W85/><G85/><T81/><D81/><U130/><E80/><V124/><F24/><W91/><G91/><AGARI ba="2,2" hai="74,79,82,91,94,97,132,135" m="54679,44139" machi="91" ten="30,7700,0" yaku="11,1,34,2,54,1" doraHai="103" who="0" fromWho="3" sc="237,103,171,0,378,0,194,-83" /><INIT seed="4,0,0,3,3,66" ten="340,171,378,111" oya="0" hai0="24,135,65,78,40,57,41,92,83,118,128,25,98" hai1="87,68,23,45,111,89,6,8,82,3,102,56,42" hai2="122,71,85,103,74,116,91,93,124,109,12,2,35" hai3="101,130,31,30,55,54,108,99,67,104,14,84,60"/><T77/><D118/><U117/><E111/><V63/><F109/><W81/><G108/><T39/><D128/><U32/><E117/><V49/><F2/><W119/><G130/><T15/><D135/><U90/><E32/><V64/><F122/><W115/><G115/><T59/><D39/><U27/><E56/><N who="0" m="21577" /><D65/><U75/><E102/><V4/><F74/><W5/><G119/><T123/><D123/><U95/><E68/><V79/><F79/><N who="0" m="30218" /><D83/><U48/><E75/><V72/><F72/><W1/><G1/><T18/><D40/><U125/><E125/><V36/><F36/><W33/><G54/><T0/><D41/><U47/><E47/><V21/><F35/><W61/><G55/><T53/><D53/><U17/><REACH who="1" step="1"/><E90/><REACH who="1" ten="340,161,378,111" step="2"/><V133/><F116/><W7/><G33/><T86/><D0/><U43/><E43/><V105/><F124/><W132/><G132/><T58/><D58/><U37/><E37/><V19/><F133/><W114/><G114/><T80/><D80/><AGARI ba="0,1" hai="3,6,8,17,23,27,42,45,48,80,82,87,89,95" machi="80" ten="40,1300,0" yaku="1,1,53,0" doraHai="66" doraHaiUra="134" who="1" fromWho="0" sc="340,-13,161,23,378,0,111,0" /><INIT seed="5,0,0,3,5,13" ten="327,184,378,111" oya="1" hai0="95,132,8,107,42,114,89,12,108,65,41,46,11" hai1="127,123,124,29,53,1,85,67,36,44,51,26,112" hai2="84,0,83,59,62,92,94,78,121,18,126,43,74" hai3="80,34,90,71,125,135,50,102,21,49,5,22,14"/><U30/><E123/><V20/><F121/><W119/><G34/><T52/><D108/><U76/><E1/><V7/><F126/><N who="1" m="48169" /><E112/><V55/><F43/><W110/><G110/><T103/><D114/><U54/><E67/><V63/><F74/><W15/><G71/><T4/><D132/><U25/><E36/><V113/><F113/><W82/><G125/><T17/><D65/><U97/><E97/><V28/><F28/><N who="1" m="10857" /><E54/><V106/><F106/><W109/><G109/><T93/><D107/><U61/><E61/><V116/><F116/><W81/><G135/><T19/><D103/><U68/><E68/><V99/><F99/><W16/><G119/><T87/><D95/><U66/><E66/><V86/><F62/><W47/><G102/><T75/><D75/><U35/><E35/><V64/><F64/><W32/><G32/><T57/><D8/><U37/><E37/><V96/><F96/><W70/><G70/><T69/><D69/><U98/><E98/><V111/><F86/><W58/><G58/><T91/><D89/><U33/><E33/><V23/><F111/><W45/><G90/><T128/><D128/><U2/><E2/><V40/><F0/><W131/><G131/><T38/><D42/><U56/><E56/><V10/><F40/><W100/><G100/><T3/><D3/><U115/><E115/><V120/><F120/><W73/><G73/><T129/><D129/><U39/><E39/><V134/><F134/><W60/><G60/><AGARI ba="0,0" hai="4,11,12,17,19,38,41,46,52,57,60,87,91,93" machi="60" ten="30,7700,0" yaku="7,1,52,2,54,1" doraHai="13" who="0" fromWho="3" sc="327,77,184,0,378,0,111,-77" /><INIT seed="6,0,0,4,0,51" ten="404,184,378,34" oya="2" hai0="133,46,131,71,96,29,35,0,82,95,91,24,114" hai1="58,72,102,54,44,109,25,117,127,105,67,86,28" hai2="45,16,87,3,6,59,97,121,61,116,132,77,88" hai3="11,124,43,70,100,63,1,17,122,21,101,26,69"/><V49/><F116/><W89/><G122/><T76/><D71/><U78/><E109/><V5/><F121/><W19/><G124/><T20/><D0/><U10/><E117/><V53/><F132/><W92/><G43/><T12/><D133/><U27/><E127/><V128/><F128/><W52/><G70/><T48/><D131/><U60/><E72/><V135/><F135/><W119/><G119/><T103/><D114/><U130/><E130/><V64/><F3/><W57/><G69/><T93/><D35/><U73/><E73/><V65/><F65/><W112/><G112/><T134/><D134/><U9/><E78/><V84/><F77/><W32/><G32/><T47/><D12/><U75/><E86/><N who="2" m="32811" /><F16/><N who="3" m="12583" /><G1/><T31/><D76/><U120/><E75/><V126/><F126/><W99/><G19/><N who="0" m="12319" /><D82/><U108/><E108/><V55/><F64/><W37/><G37/><T106/><D106/><U94/><E105/><V80/><F80/><W2/><G2/><T111/><D111/><U23/><E27/><V79/><F79/><W104/><G104/><T81/><D81/><U129/><E129/><V18/><F18/><W113/><G113/><T7/><D7/><U8/><E120/><V34/><F34/><W74/><G74/><T62/><D29/><U50/><E8/><V118/><F118/><W36/><G36/><T123/><D31/><U83/><E83/><V40/><F40/><W22/><G11/><T14/><D123/><U68/><E68/><V110/><F110/><W15/><AGARI ba="0,0" hai="15,17,22,52,57,63,89,92,99,100,101" m="12583" machi="15" ten="30,8000,1" yaku="25,1,8,1,52,1,54,2" doraHai="51" who="3" fromWho="3" sc="404,-20,184,-20,378,-40,34,80" /><INIT seed="7,0,0,3,0,47" ten="384,164,338,114" oya="3" hai0="68,78,75,67,90,134,16,103,38,54,13,61,2" hai1="104,39,120,21,64,94,133,125,114,35,50,20,124" hai2="65,59,91,87,29,102,10,62,18,43,45,89,15" hai3="126,34,116,44,24,74,57,129,108,105,36,3,97"/><W92/><RYUUKYOKU type="yao9" ba="0,0" sc="384,0,164,0,338,0,114,0" hai3="3,24,34,36,44,57,74,92,97,105,108,116,126,129" /><INIT seed="7,1,0,2,0,28" ten="384,164,338,114" oya="3" hai0="114,68,79,86,34,7,51,95,80,100,129,39,73" hai1="74,123,0,118,6,13,78,119,84,85,3,29,11" hai2="133,16,35,57,43,94,24,67,105,125,40,4,38" hai3="87,69,8,64,2,19,122,107,130,90,132,108,12"/><W121/><G107/><T52/><D34/><U25/><E123/><V26/><F105/><W58/><G132/><T31/><D31/><U15/><E74/><V46/><F133/><W106/><G106/><T23/><D39/><U17/><E13/><V45/><F125/><W96/><G130/><T53/><D68/><U60/><E60/><V48/><F4/><W14/><G2/><T120/><D120/><U134/><E134/><V5/><F5/><W59/><G96/><N who="0" m="59423" /><D73/><U88/><E78/><V128/><F128/><W1/><G1/><T22/><D7/><U54/><E54/><V75/><F75/><W55/><G108/><T33/><D33/><N who="1" m="20655" /><E84/><V77/><F77/><W102/><G102/><T93/><D114/><U89/><E89/><V61/><F35/><W62/><G69/><T104/><D104/><U97/><E97/><V9/><F94/><W112/><G112/><T10/><D10/><U37/><E37/><V111/><F111/><W18/><G90/><T30/><D30/><U98/><E98/><V41/><F43/><W110/><G110/><T131/><D131/><U44/><E44/><V27/><REACH who="2" step="1"/><F9/><REACH who="2" ten="384,164,328,114" step="2"/><W135/><G135/><T72/><D129/><U124/><E124/><V91/><F91/><W71/><G87/><T127/><D127/><U113/><E113/><V36/><F36/><W76/><G76/><T101/><D72/><U70/><E6/><V47/><F47/><W126/><G126/><T42/><D42/><U20/><E11/><V115/><F115/><W56/><G55/><T103/><D53/><U49/><E88/><V50/><F50/><RYUUKYOKU ba="1,1" sc="384,-15,164,-15,328,15,114,15" hai2="16,24,26,27,38,40,41,45,46,48,57,61,67" hai3="8,12,14,18,19,56,58,59,62,64,71,121,122" /><INIT seed="7,2,1,3,0,135" ten="369,149,343,129" oya="3" hai0="69,96,36,37,34,50,28,40,5,22,54,3,2" hai1="126,58,23,91,121,11,108,33,118,98,82,101,99" hai2="124,26,95,47,100,94,6,55,43,106,79,131,115" hai3="45,52,7,53,114,14,19,66,49,31,84,51,88"/><W60/><G114/><T125/><D69/><U21/><E33/><V75/><F115/><W39/><G39/><T46/><D34/><U27/><E108/><V62/><F124/><W67/><G7/><T113/><D125/><U12/><E121/><V59/><F131/><W76/><G76/><T17/><D113/><U56/><E126/><V90/><F106/><W9/><G60/><T78/><D28/><N who="1" m="17519" /><E23/><V89/><F6/><W0/><G0/><T81/><D96/><N who="1" m="36907" /><E101/><V42/><F100/><W77/><G77/><T129/><D129/><U35/><E35/><V130/><F130/><W122/><G31/><T74/><D37/><U104/><E104/><V25/><F75/><W93/><G122/><T13/><D5/><N who="1" m="3183" /><E118/><V48/><F43/><W64/><G64/><T80/><D81/><U120/><E120/><V97/><F79/><W119/><G119/><T116/><D116/><U61/><E61/><V57/><F57/><AGARI ba="2,1" hai="9,14,19,45,49,51,52,53,57,66,67,84,88,93" machi="57" ten="30,11600,0" yaku="7,1,8,1,54,2" doraHai="135" who="3" fromWho="2" sc="369,0,149,0,343,-122,129,132" /><AGARI ba="2,0" hai="2,3,13,17,22,36,40,46,50,54,57,74,78,80" machi="57" ten="30,1000,0" yaku="7,1" doraHai="135" who="0" fromWho="2" sc="369,10,149,0,221,-10,261,0" /><INIT seed="7,3,0,3,1,62" ten="379,149,211,261" oya="3" hai0="123,64,83,32,89,48,54,94,57,4,60,91,115" hai1="14,122,97,100,132,19,28,75,52,27,96,65,3" hai2="15,2,35,133,88,99,46,10,44,24,131,39,12" hai3="101,70,53,134,45,7,84,23,8,47,6,112,51"/><W105/><G112/><T13/><D32/><U29/><E122/><V130/><F133/><W58/><G134/><T50/><D123/><U11/><E132/><V42/><F2/><W103/><G70/><T31/><D31/><U85/><E75/><V40/><F35/><W37/><G105/><T135/><D135/><U71/><E3/><V111/><F24/><W59/><G37/><T82/><D115/><U22/><E29/><V34/><F34/><W73/><G73/><T110/><D110/><U43/><E43/><V104/><F111/><W92/><G23/><T1/><D1/><U61/><E85/><V5/><F15/><W128/><G128/><N who="2" m="49193" /><F104/><W113/><G113/><T63/><D4/><N who="3" m="1577" /><G8/><T26/><D13/><U55/><REACH who="1" step="1"/><E96/><REACH who="1" ten="379,139,211,261" step="2"/><V125/><F125/><W56/><G84/><N who="0" m="52519" /><D83/><U109/><E109/><V25/><F42/><N who="3" m="25015" /><G92/><AGARI ba="3,1" hai="11,14,19,22,27,28,52,55,61,65,71,92,97,100" machi="92" ten="30,8000,1" yaku="1,1,7,1,52,1,54,1,53,1" doraHai="62" doraHaiUra="16" who="1" fromWho="3" sc="379,0,139,99,211,0,261,-89" owari="379,47.9,238,3.8,211,-18.9,172,-32.8" /></mjloggm>