<mjloggm ver="2.3"><GO type="225" lobby="0"/><UN n0="%E7%B4%94%E6%BD%94%E3%83%94%E3%83%A9%E3%83%8B%E3%82%A2" n1="%E4%BF%BA%E3%81%A8%E5%A6%96%E5%A4%A2" n2="%E3%81%BF%E3%81%BF%E3%81%9A" n3="%E3%81%82%E3%81%84%E3%81%82%E3%81%8A%E3%81%84" dan="16,16,17,18" rate="2175.76,2122.28,2250.63,2232.90" sx="M,F,M,M"/><TAIKYOKU oya="0"/><INIT seed="0,0,0,2,2,23" ten="250,250,250,250" oya="0" hai0="124,122,41,30,126,56,65,13,75,25,39,121,60" hai1="87,117,112,86,114,43,128,115,55,72,32,47,61" hai2="74,12,76,111,16,102,73,63,77,81,45,62,69" hai3="134,127,129,37,96,103,22,95,48,93,11,9,82"/><T78/><D13/><U97/><E72/><V135/><F111/><W21/><G37/><T18/><D18/><U100/><E117/><V0/><F0/><W64/><G127/><N who="0" m="48683" /><D78/><U107/><E32/><V19/><F135/><W108/><G134/><T14/><D14/><U3/><E3/><V120/><F120/><W130/><G108/><T4/><D4/><U83/><E128/><N who="3" m="49258" /><G82/><T84/><D75/><U110/><E110/><V80/><F102/><W70/><G95/><T49/><D84/><U7/><E7/><V8/><F69/><W113/><G113/><T5/><D5/><U50/><E83/><V26/><F45/><W34/><G34/><N who="0" m="20815" /><D39/><N who="1" m="22015" /><E61/><V98/><F98/><W104/><G48/><T46/><AGARI ba="0,0" hai="41,46,49,56,60,65,121,122" m="20815,48683" machi="46" ten="30,3000,0" yaku="18,1,52,1" doraHai="23" who="0" fromWho="0" sc="250,30,250,-10,250,-10,250,-10" /><INIT seed="0,1,0,5,2,57" ten="280,240,240,240" oya="0" hai0="98,24,123,89,30,130,32,113,34,26,124,21,110" hai1="131,56,54,42,96,77,16,105,118,61,97,39,36" hai2="104,114,92,25,10,55,1,52,94,38,87,108,64" hai3="31,28,18,13,0,134,67,79,58,127,121,117,11"/><T126/><D89/><U8/><E118/><V119/><F104/><W129/><G117/><T4/><D98/><U91/><E131/><V44/><F114/><W109/><G129/><T112/><D130/><U9/><E77/><V84/><F119/><W2/><G109/><T95/><D95/><N who="2" m="36394" /><F1/><W83/><G121/><T107/><D107/><U41/><E91/><V81/><F38/><W63/><G127/><N who="0" m="48683" /><D123/><U75/><E75/><V48/><F108/><W53/><G134/><T49/><D49/><U115/><E115/><N who="0" m="44105" /><D110/><U14/><E105/><V43/><F87/><W7/><G67/><T6/><D34/><U122/><E122/><V69/><F64/><W27/><G7/><T111/><D111/><U135/><E135/><V40/><F69/><W45/><G45/><T132/><D132/><U29/><E36/><V65/><F65/><W15/><G15/><T78/><D78/><U101/><E39/><V20/><F55/><W99/><G99/><N who="1" m="37962" /><E101/><V128/><F128/><W82/><G82/><T76/><D76/><U70/><E70/><V102/><F102/><W5/><G5/><T86/><D86/><U74/><E74/><V93/><F81/><W62/><G83/><T133/><D133/><U80/><E80/><V51/><F84/><W116/><G79/><T125/><N who="0" m="48691" /><T37/><DORA hai="100" /><D37/><U106/><E106/><V120/><F93/><W60/><G116/><T33/><D33/><U103/><E103/><V59/><F120/><W35/><REACH who="3" step="1"/><G31/><AGARI ba="1,0" hai="4,6,21,24,26,30,31,32" m="44105,48691" machi="31" ten="50,9600,0" yaku="18,1,34,2" doraHai="57,100" who="0" fromWho="3" sc="280,99,240,0,240,0,240,-99" /><INIT seed="0,2,0,3,0,37" ten="379,240,240,141" oya="0" hai0="120,125,128,113,110,6,20,2,78,23,11,7,36" hai1="117,107,15,123,35,41,34,129,88,27,85,44,70" hai2="112,22,68,39,115,76,54,91,133,67,42,111,106" hai3="134,77,29,83,55,109,59,24,79,60,131,47,43"/><T74/><D113/><U118/><E123/><V28/><F106/><W80/><G109/><T66/><D120/><U50/><E107/><V52/><F76/><W121/><G121/><T81/><D125/><U19/><E70/><V87/><F111/><W9/><G134/><T53/><D110/><U82/><E129/><V97/><F97/><W108/><G131/><T98/><D6/><U61/><E61/><V114/><F133/><W95/><G108/><T18/><D128/><U31/><REACH who="1" step="1"/><E34/><REACH who="1" ten="379,230,240,141" step="2"/><V21/><F68/><W40/><G95/><T132/><D132/><U99/><E99/><V62/><F62/><W101/><G101/><T46/><D98/><U16/><E16/><V93/><F67/><W130/><G130/><T30/><D66/><U57/><E57/><V119/><F119/><W71/><G71/><T12/><D30/><U122/><E122/><V105/><F105/><W51/><G9/><AGARI ba="2,1" hai="9,15,19,27,31,35,41,44,50,82,85,88,117,118" machi="9" ten="30,7700,0" yaku="1,1,7,1,52,1,54,1,53,0" doraHai="37" doraHaiUra="1" who="1" fromWho="3" sc="379,0,230,93,240,0,141,-83" /><INIT seed="1,0,0,1,1,85" ten="379,323,240,58" oya="1" hai0="64,107,134,108,126,73,60,57,129,89,9,84,4" hai1="10,76,51,59,61,91,119,7,38,117,131,112,81" hai2="26,0,21,90,74,88,78,22,18,5,99,115,105" hai3="92,94,30,46,34,31,32,121,83,104,53,87,3"/><U8/><E112/><V114/><F0/><W101/><G3/><T93/><D108/><U110/><E38/><V111/><F5/><W11/><G121/><T35/><D35/><U125/><E125/><V39/><F39/><W50/><G104/><T44/><D73/><U25/><E131/><V41/><F41/><W58/><G11/><T97/><D126/><U49/><E110/><V1/><F1/><W102/><G34/><T86/><D107/><U36/><E36/><V47/><F47/><W96/><G32/><T40/><D134/><U68/><E68/><V130/><F111/><W100/><G46/><T133/><D133/><U56/><E76/><V17/><F130/><W109/><G109/><T33/><D33/><U37/><E37/><V113/><F74/><W55/><G55/><T42/><D129/><U127/><E127/><V106/><F78/><W82/><G82/><T27/><D27/><U132/><E132/><V77/><F77/><W118/><G118/><T128/><D128/><U29/><E25/><N who="2" m="14511" /><F106/><W123/><G123/><T16/><D4/><U19/><E7/><V14/><F26/><W63/><G63/><T75/><D75/><U2/><E2/><V71/><F71/><W12/><G12/><N who="0" m="7183" /><D44/><U122/><E122/><V72/><F72/><W6/><G6/><T65/><D65/><U15/><E15/><V54/><F54/><W66/><G66/><T24/><D24/><U95/><E119/><V98/><F105/><W135/><G135/><T13/><D13/><U67/><E117/><V69/><F69/><W62/><G53/><T52/><D52/><RYUUKYOKU ba="0,0" sc="379,15,323,-15,240,15,58,-15" hai0="40,42,57,60,64,84,86,89,93,97" hai2="14,18,22,88,90,98,99,113,114,115" /><INIT seed="2,1,0,4,3,83" ten="394,308,255,43" oya="2" hai0="118,103,59,132,33,57,101,61,108,18,72,30,112" hai1="13,87,114,43,6,90,111,35,28,84,91,89,53" hai2="15,64,58,116,119,39,80,65,113,95,42,131,127" hai3="130,47,56,125,46,88,126,122,107,23,10,102,50"/><V134/><F95/><W79/><G122/><T68/><D72/><U71/><E114/><V9/><F113/><W44/><G79/><T96/><D112/><U0/><E0/><V31/><F31/><W32/><G32/><T135/><D108/><U124/><E71/><V19/><F127/><W73/><G73/><T74/><D74/><U54/><E111/><V106/><F106/><W121/><G121/><T75/><D75/><U17/><E6/><V1/><F131/><W86/><G130/><T14/><D68/><U78/><E78/><V94/><F80/><W92/><G23/><T48/><D48/><U40/><E28/><V67/><F134/><N who="0" m="51242" /><D118/><U2/><E2/><V7/><F58/><N who="0" m="22026" /><D96/><U26/><E124/><N who="3" m="47722" /><G10/><N who="0" m="6487" /><D61/><U93/><E35/><V21/><F39/><W128/><G128/><T25/><AGARI ba="1,0" hai="25,30,33,101,103" m="6487,22026,51242" machi="25" ten="30,1100,0" yaku="20,1" doraHai="83" who="0" fromWho="0" sc="394,14,308,-4,255,-6,43,-4" /><INIT seed="3,0,0,0,4,57" ten="408,304,249,39" oya="3" hai0="48,112,102,132,86,21,9,20,108,104,97,47,66" hai1="122,14,72,119,59,8,61,62,93,124,68,89,13" hai2="38,60,16,126,75,133,76,4,70,28,121,83,51" hai3="105,98,92,36,7,32,63,85,103,123,10,110,5"/><W64/><G123/><T46/><D108/><U1/><E122/><V90/><F38/><W96/><G36/><T82/><D132/><U106/><E106/><V34/><F121/><W35/><G110/><T117/><D117/><U15/><E72/><V127/><F133/><W69/><G85/><T12/><D66/><U135/><E135/><V78/><F4/><W79/><G79/><T26/><D26/><U81/><E119/><V113/><F113/><W134/><G134/><T129/><D47/><U19/><E124/><V100/><F100/><W80/><G80/><T17/><D129/><U11/><E81/><V0/><F0/><W53/><G53/><T125/><D125/><N who="2" m="47626" /><F78/><W114/><G114/><T22/><D22/><U73/><E73/><V115/><F115/><W50/><G50/><T30/><D30/><U41/><E41/><V52/><F90/><W87/><G87/><T84/><D84/><U130/><E130/><V88/><F88/><W91/><REACH who="3" step="1"/><G5/><REACH who="3" ten="408,304,249,29" step="2"/><T131/><D112/><U18/><E61/><V49/><F52/><W6/><G6/><T74/><D74/><U120/><E120/><V39/><F39/><W45/><G45/><T99/><D131/><U3/><E62/><V40/><F49/><W95/><G95/><T24/><D48/><U43/><E93/><V65/><F51/><W55/><G55/><T54/><D54/><U33/><E43/><V118/><F40/><W56/><G56/><T107/><D46/><U67/><E59/><V77/><F76/><W58/><G58/><T27/><D82/><U31/><E68/><V71/><F71/><RYUUKYOKU ba="0,1" sc="408,-10,304,-10,249,-10,29,30" hai3="7,10,32,35,63,64,69,91,92,96,98,103,105" /><INIT seed="3,1,1,3,0,119" ten="398,294,239,59" oya="3" hai0="66,63,85,45,86,71,51,68,112,103,25,3,83" hai1="78,115,23,106,96,130,74,81,88,15,125,122,5" hai2="91,87,30,108,59,21,107,38,6,17,117,77,129" hai3="16,109,40,39,44,89,133,72,97,41,121,26,46"/><W61/><G72/><T73/><D3/><U114/><E5/><V131/><F117/><W98/><G133/><T93/><D68/><U110/><E15/><V102/><F38/><W22/><G109/><T67/><D67/><U1/><E1/><V100/><F6/><W28/><G121/><T58/><D71/><U132/><E110/><V124/><F77/><W127/><G127/><T42/><D112/><N who="1" m="43051" /><E23/><V19/><F108/><W120/><G120/><T4/><D4/><U82/><E122/><V134/><F124/><W104/><G104/><T57/><D57/><U24/><E24/><V0/><F0/><W14/><G61/><T11/><D11/><U37/><E37/><V56/><F30/><W105/><G105/><T128/><D25/><U55/><E55/><V54/><F134/><W92/><G98/><T80/><D73/><U79/><E125/><V95/><F59/><W118/><G118/><T113/><D113/><U101/><E132/><V76/><F76/><W90/><G90/><T48/><D48/><U53/><E53/><V43/><F43/><N who="3" m="16459" /><G39/><T47/><D51/><U62/><E62/><N who="2" m="36119" /><F107/><W12/><G12/><T18/><D42/><U75/><E130/><N who="2" m="49675" /><F102/><W70/><G70/><T65/><D128/><U35/><E35/><V36/><F36/><W32/><G32/><T69/><D69/><U2/><E2/><V135/><F135/><W13/><G13/><T94/><D63/><U126/><E126/><V34/><F34/><W29/><G14/><T50/><D50/><U99/><E99/><N who="2" m="59519" /><F21/><W20/><G20/><T64/><D64/><U111/><E111/><RYUUKYOKU ba="1,1" sc="398,-30,294,10,239,10,59,10" hai1="74,75,78,79,81,82,88,96,101,106" hai2="17,19,87,91" hai3="16,22,26,28,29,44,46,89,92,97" /><INIT seed="3,2,1,0,5,92" ten="368,304,249,69" oya="3" hai0="101,47,116,104,13,3,121,99,6,1,118,115,20" hai1="127,62,132,131,88,35,120,124,95,34,74,78,23" hai2="24,49,114,103,108,100,94,31,28,19,98,58,4" hai3="64,80,83,70,15,42,90,37,2,16,128,110,45"/><W59/><G2/><T32/><D121/><U46/><E120/><V71/><F108/><W81/><G128/><T82/><D32/><U63/><E131/><V26/><F71/><W113/><G113/><T96/><D115/><U97/><E23/><V33/><F114/><W91/><G70/><T14/><D82/><N who="1" m="45399" /><E46/><V126/><F126/><N who="1" m="48169" /><E132/><V44/><F4/><W61/><REACH who="3" step="1"/><G110/><REACH who="3" ten="368,304,249,59" step="2"/><T93/><D1/><U60/><AGARI ba="2,2" hai="34,35,60,62,63,88,95,97" m="48169,45399" machi="60" ten="30,4000,0" yaku="18,1,52,1,54,1" doraHai="92" who="1" fromWho="1" sc="368,-12,304,66,249,-12,59,-22" owari="356,15.6,370,47.0,237,-16.3,37,-46.3" /></mjloggm>