<mjloggm ver="2.3"><GO type="225" lobby="0"/><UN n0="%E3%81%BF%E3%81%BF%E3%81%9A" n1="%E7%89%B9%E6%9D%B1%E3%81%AF%E4%B8%96%E7%95%8C%E3%82%92%E6%95%91%E3%81%86" n2="%E3%82%BC%E3%83%AB%E3%83%80%E3%81%AE%E4%BC%9D%E8%AA%AC" n3="%4B%2E%32%2E%4B%2E" dan="17,16,17,17" rate="2256.12,2132.88,2154.12,2168.08" sx="M,M,M,M"/><TAIKYOKU oya="0"/><INIT seed="0,0,0,4,2,115" ten="250,250,250,250" oya="0" hai0="36,125,54,19,116,34,107,105,9,33,41,114,102" hai1="30,3,65,32,110,87,44,68,117,1,76,11,50" hai2="85,108,66,23,130,8,43,126,20,35,86,42,5" hai3="70,120,103,93,122,48,88,7,46,75,0,39,64"/><T40/><D114/><U14/><E110/><V27/><F108/><W104/><G75/><T18/><D102/><U17/><E68/><V113/><F113/><W94/><G39/><T99/><D99/><U53/><E65/><V15/><F126/><W92/><G0/><T101/><D101/><U31/><E3/><V82/><F130/><W45/><G7/><T21/><D36/><U96/><E1/><V37/><F35/><W29/><G29/><T81/><D81/><U133/><E133/><V106/><F106/><W57/><G70/><T77/><D21/><U59/><E32/><V28/><F37/><W55/><G64/><T49/><D49/><U128/><E128/><V112/><F112/><W134/><G134/><T89/><D89/><U60/><E117/><V119/><F119/><W51/><G88/><T97/><D97/><U129/><E129/><V13/><F66/><W38/><G38/><T131/><D54/><N who="1" m="30023" /><E96/><V62/><F62/><W74/><G74/><T84/><D131/><U73/><E73/><V95/><F95/><W90/><G90/><T91/><D91/><U79/><E79/><N who="2" m="46303" /><F86/><W132/><G132/><T4/><D116/><U10/><E10/><N who="2" m="4303" /><F23/><W61/><G104/><T67/><D77/><U118/><E118/><V26/><F26/><W24/><G24/><T100/><D107/><U6/><E6/><AGARI ba="0,0" hai="6,8,15,20,27,28,42,43" m="4303,46303" machi="6" ten="30,1000,0" yaku="8,1" doraHai="115" who="2" fromWho="1" sc="250,0,250,-10,250,10,250,0" /><INIT seed="1,0,0,1,3,10" ten="250,240,260,250" oya="1" hai0="94,115,26,61,2,73,117,95,63,42,132,54,105" hai1="83,79,123,65,66,0,130,71,28,104,82,88,125" hai2="50,135,16,91,85,109,87,119,100,122,90,25,43" hai3="59,33,36,124,51,76,21,9,47,75,120,20,58"/><U60/><E123/><V72/><F119/><W108/><G33/><T29/><D105/><U92/><E130/><V81/><F122/><W8/><G120/><T24/><D115/><U35/><E125/><V7/><F109/><W70/><G70/><T116/><D2/><U99/><E0/><V22/><F135/><W52/><G108/><T101/><D73/><U23/><E35/><V96/><F72/><W44/><G124/><T74/><D74/><U133/><E133/><V39/><F39/><W57/><G76/><T32/><D132/><U129/><E129/><V112/><F7/><W131/><G75/><T69/><D42/><U107/><E66/><V113/><F50/><N who="3" m="28743" /><G36/><T98/><D26/><U15/><E28/><V84/><F43/><N who="3" m="25087" /><G131/><T77/><D77/><U64/><E64/><V4/><F4/><W93/><G93/><T13/><D69/><U53/><E53/><V17/><F17/><W27/><G21/><T127/><D127/><U126/><E126/><V118/><F118/><W30/><AGARI ba="0,0" hai="8,9,20,27,30,57,58,59" m="25087,28743" machi="30" ten="30,2000,0" yaku="8,1,54,1" doraHai="10" who="3" fromWho="3" sc="250,-5,240,-10,260,-5,250,20" /><INIT seed="2,0,0,5,3,132" ten="245,230,255,270" oya="2" hai0="3,119,115,91,22,58,130,129,117,4,51,93,42" hai1="14,37,135,87,31,89,43,109,40,10,112,122,8" hai2="103,113,134,32,69,126,125,6,44,73,102,47,79" hai3="11,64,55,54,83,49,76,80,107,26,98,86,52"/><V56/><F69/><W85/><G64/><T53/><D115/><U110/><E112/><V123/><F113/><W45/><G107/><T131/><D42/><N who="1" m="15915" /><E37/><V96/><F123/><W28/><G98/><N who="0" m="57663" /><D22/><U5/><E135/><V29/><F134/><W60/><G60/><T92/><D92/><N who="1" m="54335" /><E31/><V62/><F6/><W105/><G11/><AGARI ba="0,0" hai="3,4,11,51,53,58,117,119,129,130,131" m="57663" machi="11" ten="40,1300,0" yaku="19,1" doraHai="132" who="0" fromWho="3" sc="245,13,230,0,255,0,270,-13" /><INIT seed="3,0,0,1,2,124" ten="258,230,255,257" oya="3" hai0="65,117,11,1,36,60,48,34,73,13,56,79,59" hai1="115,92,96,64,81,103,33,86,94,119,51,26,57" hai2="47,118,43,123,61,42,39,125,83,18,95,106,9" hai3="29,12,30,107,15,8,85,87,102,90,7,6,89"/><W99/><G6/><T82/><D36/><U130/><E115/><V14/><F106/><W135/><G135/><T50/><D1/><U52/><E119/><V128/><F118/><W133/><G15/><T114/><D34/><U35/><E130/><V109/><F109/><W91/><REACH who="3" step="1"/><G133/><REACH who="3" ten="258,230,255,247" step="2"/><T31/><D117/><U20/><E64/><V76/><F14/><W113/><G113/><T44/><D114/><U120/><E120/><V41/><F123/><W100/><G100/><T97/><D13/><U46/><E94/><V70/><F95/><W111/><G111/><T21/><D65/><U5/><E5/><V74/><F128/><W37/><G37/><T72/><D11/><U110/><E110/><V40/><F9/><W67/><G67/><T28/><D82/><U78/><REACH who="1" step="1"/><E46/><REACH who="1" ten="258,220,255,247" step="2"/><V62/><F47/><W71/><G71/><T45/><D45/><U68/><E68/><V49/><F70/><W108/><G108/><T127/><D44/><U101/><E101/><V16/><F39/><W10/><G10/><T3/><D59/><U53/><E53/><V129/><F129/><W112/><G112/><T121/><D56/><U63/><E63/><V4/><F61/><W84/><AGARI ba="0,2" hai="7,8,12,29,30,84,85,87,89,90,91,99,102,107" machi="84" ten="30,3000,0" yaku="1,1,0,1,53,0" doraHai="124" doraHaiUra="66" who="3" fromWho="3" sc="258,-10,220,-10,255,-10,247,50" /><INIT seed="3,1,0,3,0,71" ten="248,210,245,297" oya="3" hai0="52,86,35,131,130,115,33,45,133,4,99,78,53" hai1="40,30,73,42,121,103,0,77,84,102,13,94,60" hai2="118,112,27,57,54,106,105,108,82,11,48,12,43" hai3="113,64,127,85,88,34,123,69,76,119,83,79,98"/><W6/><G119/><T9/><D99/><U3/><E121/><V72/><F112/><W66/><G113/><T125/><D115/><U32/><E73/><V50/><F118/><W116/><G123/><T129/><D125/><U22/><E32/><N who="0" m="12361" /><D133/><U10/><E0/><V16/><F108/><W19/><G116/><T49/><D86/><U117/><E3/><V114/><F114/><W7/><G34/><T75/><D78/><N who="3" m="29737" /><G69/><T20/><D20/><U31/><E117/><V44/><F72/><W110/><G110/><T21/><D21/><U51/><E60/><V41/><F27/><W109/><G109/><T58/><D75/><U15/><E51/><V25/><F25/><W132/><G132/><T101/><D101/><N who="1" m="38411" /><E22/><V17/><F82/><W28/><G28/><N who="1" m="10794" /><E15/><V87/><F87/><W126/><G98/><T96/><D96/><U37/><E37/><V61/><REACH who="2" step="1"/><F17/><REACH who="2" ten="248,210,235,297" step="2"/><W18/><G18/><T89/><D130/><U128/><E128/><V56/><F56/><W14/><G127/><T90/><D131/><U81/><E94/><V62/><F62/><W124/><G124/><T122/><D129/><U24/><E24/><V63/><F63/><W1/><G126/><T38/><D122/><U134/><E134/><V93/><F93/><W26/><G26/><T29/><D29/><U104/><E104/><V39/><F39/><W70/><G70/><T135/><D135/><U5/><AGARI ba="1,1" hai="5,10,13,40,42,77,81,84" m="10794,38411" machi="5" ten="30,1100,0" yaku="8,1" doraHai="71" who="1" fromWho="1" sc="248,-4,210,24,235,-4,297,-6" /><INIT seed="4,0,0,4,0,97" ten="244,234,231,291" oya="0" hai0="5,58,51,23,129,20,8,32,132,83,131,105,73" hai1="116,19,53,135,104,56,65,119,15,124,128,81,107" hai2="76,46,68,6,12,7,47,75,42,71,0,69,99" hai3="126,60,82,123,61,28,120,94,102,66,77,40,80"/><T57/><D32/><U35/><E35/><V21/><F0/><W31/><G40/><T2/><D105/><U39/><E39/><V114/><F114/><W115/><G115/><T10/><D10/><U100/><E65/><V125/><F125/><W134/><G134/><T26/><D132/><U24/><E135/><V130/><F130/><N who="0" m="49674" /><D51/><U122/><E124/><V44/><F42/><W91/><G126/><T64/><D64/><U85/><E104/><V89/><F76/><W45/><G45/><T9/><D9/><U63/><E107/><V117/><F75/><W38/><G38/><T36/><D23/><U74/><E119/><V11/><F21/><W33/><G33/><T86/><D73/><U113/><E74/><V106/><F117/><W62/><G66/><T34/><D34/><U92/><E116/><V111/><F111/><W109/><G109/><T96/><D96/><U70/><E128/><V22/><F22/><W93/><G120/><T29/><D36/><U108/><E122/><V52/><F6/><W17/><G123/><T84/><D84/><U95/><E113/><V1/><F1/><W101/><G60/><T16/><D29/><U18/><E108/><V110/><F110/><W127/><G127/><T37/><D37/><U67/><E67/><V54/><REACH who="2" step="1"/><F106/><REACH who="2" ten="244,234,221,291" step="2"/><W30/><G30/><T98/><D98/><U43/><E43/><V103/><F103/><W133/><G133/><T27/><D26/><U78/><E24/><V4/><F4/><W112/><G112/><T79/><AGARI ba="0,1" hai="2,5,8,16,20,27,57,58,79,83,86" m="49674" machi="79" ten="30,3000,0" yaku="19,1,54,1" doraHai="97" who="0" fromWho="0" sc="244,40,234,-10,221,-10,291,-10" /><INIT seed="4,1,0,5,0,38" ten="284,224,211,281" oya="0" hai0="63,69,112,39,55,110,104,133,73,132,52,96,2" hai1="57,85,66,60,81,42,79,3,107,134,46,22,59" hai2="62,34,108,117,9,10,30,21,54,99,126,65,105" hai3="41,40,80,77,48,72,1,33,82,5,103,17,6"/><T75/><D39/><U12/><E3/><V44/><F108/><W125/><G33/><T24/><D2/><U87/><E107/><V47/><F21/><W74/><G103/><N who="0" m="62567" /><D24/><U61/><E134/><N who="0" m="51817" /><D112/><U101/><E101/><N who="2" m="62655" /><F126/><W116/><G116/><T0/><D0/><U25/><E12/><V53/><F117/><W36/><G36/><T120/><D120/><U123/><E123/><V98/><F98/><W83/><G125/><T11/><D11/><N who="2" m="4106" /><F47/><W35/><G35/><T8/><D8/><U130/><E22/><V32/><F44/><W76/><G83/><T124/><D124/><U94/><E81/><V113/><F113/><W71/><G71/><T45/><D110/><U31/><E31/><V13/><F13/><W95/><G17/><T26/><D26/><U7/><E7/><V84/><F84/><W86/><G1/><T19/><D19/><U100/><E25/><N who="2" m="18511" /><F34/><W119/><G119/><T64/><D45/><U88/><E46/><V121/><F121/><W109/><G109/><T18/><D18/><U128/><E87/><V70/><AGARI ba="1,0" hai="53,54,62,65,70" m="18511,4106,62655" machi="70" ten="30,1100,0" yaku="25,1" doraHai="38" who="2" fromWho="2" sc="284,-6,224,-4,211,14,281,-4" /><INIT seed="5,0,0,5,0,95" ten="278,220,225,277" oya="1" hai0="99,28,128,2,81,126,62,69,61,86,70,7,8" hai1="29,75,125,90,122,113,13,83,42,12,4,76,3" hai2="58,121,6,18,117,96,88,73,36,134,130,92,37" hai3="27,33,52,53,26,24,84,41,127,49,19,11,25"/><U15/><E122/><V79/><F117/><W5/><G127/><T56/><D126/><U23/><E125/><V109/><F109/><W46/><G33/><T21/><D128/><U119/><E119/><V40/><F121/><W123/><G123/><T94/><D28/><U103/><E113/><V44/><F130/><W74/><G74/><T131/><D21/><U67/><E67/><V114/><F114/><W100/><G100/><T60/><D131/><U78/><E103/><V132/><F6/><W104/><G104/><T14/><D2/><U72/><E90/><V48/><F18/><W45/><G84/><T10/><D10/><U124/><E124/><V108/><F108/><W93/><G93/><T97/><D56/><U30/><E42/><V9/><F9/><W71/><G71/><T112/><D112/><U63/><E63/><V120/><F120/><W102/><G102/><T107/><D107/><U106/><E106/><V82/><REACH who="2" step="1"/><F58/><REACH who="2" ten="278,220,215,277" step="2"/><W34/><G34/><T135/><D70/><U116/><E116/><V50/><F50/><N who="3" m="26927" /><G5/><T0/><D69/><U105/><E4/><V54/><F54/><N who="3" m="30007" /><G11/><T43/><D0/><U55/><E3/><V47/><F47/><W91/><G53/><T118/><D118/><U129/><E129/><V98/><F98/><N who="0" m="37386" /><D43/><U80/><E55/><V87/><F87/><W32/><G52/><T115/><D115/><U133/><E72/><V57/><F57/><W111/><G111/><T59/><D59/><U77/><E75/><V101/><F101/><W31/><G19/><T66/><D7/><U20/><E105/><V38/><AGARI ba="0,1" hai="36,37,38,40,44,48,73,79,82,88,92,96,132,134" machi="38" ten="40,8000,1" yaku="1,1,5,1,0,1,52,1,54,1,53,0" doraHai="95" doraHaiUra="22" who="2" fromWho="2" sc="278,-20,220,-40,215,90,277,-20" owari="258,5.8,180,-32.0,305,40.5,257,-14.3" /></mjloggm>