<mjloggm ver="2.3"><GO type="169" lobby="0"/><UN n0="%35%30%38%30%74%61%6B%61" n1="%E5%9B%9B%E5%89%AF%E9%9C%B2%E5%8D%98%E9%A8%8E" n2="%6F%6B%62%6F%6B%62" n3="%73%79%75%70%6F%6E" dan="16,16,17,17" rate="2110.20,2056.18,2186.15,2198.38" sx="M,F,M,M"/><TAIKYOKU oya="0"/><INIT seed="0,0,0,1,3,76" ten="250,250,250,250" oya="0" hai0="128,133,81,18,97,127,51,114,126,129,58,131,38" hai1="83,116,72,117,125,3,64,46,86,31,67,109,69" hai2="121,85,111,23,57,43,6,53,5,42,66,68,8" hai3="79,35,47,45,44,80,98,24,92,78,75,13,25"/><T60/><D18/><U88/><E3/><V21/><F111/><W91/><G35/><T32/><D32/><U16/><E109/><V54/><F121/><W19/><REACH who="3" step="1"/><G79/><REACH who="3" ten="250,250,250,240" step="2"/><T106/><D114/><U1/><E117/><V96/><F68/><W63/><G63/><T15/><D133/><U102/><E69/><V110/><F110/><W94/><G94/><T119/><D119/><U40/><E116/><V59/><F96/><W20/><AGARI ba="0,1" hai="13,19,20,24,25,44,45,47,75,78,80,91,92,98" machi="20" ten="30,4000,0" yaku="1,1,0,1,52,1,53,0" doraHai="76" doraHaiUra="28" who="3" fromWho="3" sc="250,-20,250,-10,250,-10,240,50" /><INIT seed="1,0,0,0,0,102" ten="230,240,240,290" oya="1" hai0="10,119,27,29,47,116,4,75,23,64,122,55,135" hai1="101,99,11,74,48,18,103,84,31,26,63,59,78" hai2="20,62,44,129,57,106,52,125,113,43,39,51,107" hai3="86,66,28,121,80,14,117,3,120,6,46,65,13"/><U88/><E74/><V87/><F129/><W124/><G124/><T132/><D75/><U90/><E78/><V35/><F35/><W24/><G117/><N who="0" m="45131" /><D64/><U127/><E127/><V73/><F73/><W134/><G134/><N who="0" m="51243" /><D55/><U95/><E48/><V17/><F125/><W83/><G3/><N who="0" m="287" /><D47/><U131/><E131/><V67/><F87/><W2/><G2/><T68/><D68/><U56/><E18/><V94/><F94/><W69/><G46/><T72/><D72/><U82/><E11/><V79/><F79/><W37/><G69/><T42/><D42/><U41/><E41/><V49/><F49/><W53/><G53/><T85/><D85/><U110/><E110/><V71/><F113/><W108/><G86/><T9/><D9/><U112/><E112/><V38/><F39/><W126/><G37/><T97/><D97/><U81/><E81/><V36/><F38/><W0/><G0/><T58/><D58/><U54/><REACH who="1" step="1"/><E56/><REACH who="1" ten="230,230,240,290" step="2"/><V40/><REACH who="2" step="1"/><F43/><REACH who="2" ten="230,230,230,290" step="2"/><W34/><G126/><T70/><D70/><U25/><E25/><AGARI ba="0,2" hai="17,20,25,36,40,44,51,52,57,62,67,71,106,107" machi="25" ten="30,16000,3" yaku="1,1,2,1,7,1,24,2,52,2,54,1,53,0" doraHai="102" doraHaiUra="105" who="2" fromWho="1" sc="230,0,230,-160,230,180,290,0" /><INIT seed="2,0,0,2,1,1" ten="230,70,410,290" oya="2" hai0="51,42,89,97,116,80,86,131,112,91,96,114,58" hai1="43,128,0,44,56,31,55,27,79,20,22,46,74" hai2="32,76,88,125,129,39,113,123,67,70,48,85,65" hai3="133,47,41,13,6,78,109,111,37,72,75,121,103"/><V100/><F123/><W50/><G121/><T83/><D131/><U94/><E128/><V134/><F113/><W115/><G115/><T126/><D126/><U60/><E0/><V33/><F129/><W71/><G71/><T61/><D116/><U3/><E3/><V57/><F39/><W45/><G133/><T7/><D7/><U119/><E119/><V12/><F76/><W93/><G78/><T2/><D2/><U92/><E20/><V62/><F100/><W77/><G77/><T38/><D38/><U63/><E63/><V28/><F125/><W59/><G59/><T5/><D5/><U21/><E21/><V98/><F98/><N who="3" m="59855" /><G13/><T104/><D104/><U36/><REACH who="1" step="1"/><E44/><REACH who="1" ten="230,60,410,290" step="2"/><V118/><F118/><W49/><G45/><N who="0" m="26039" /><D112/><U15/><E15/><V34/><F12/><W68/><G47/><T64/><D114/><U53/><E53/><V26/><F134/><W73/><G41/><T52/><D64/><U69/><E69/><V9/><F9/><W82/><G68/><T25/><D25/><U19/><E19/><V108/><F108/><W35/><G111/><T17/><D17/><U105/><E105/><V101/><F65/><W84/><G109/><T127/><D127/><U107/><E107/><V87/><F70/><W120/><G120/><T10/><D10/><U99/><E99/><V4/><F33/><W132/><G35/><T18/><D18/><U8/><E8/><V122/><F32/><W54/><G54/><T11/><D11/><U23/><E23/><V24/><F34/><W124/><G124/><T117/><D117/><U16/><E16/><RYUUKYOKU ba="0,1" sc="230,15,60,15,410,-15,290,-15" hai0="52,58,61,80,83,86,89,91,96,97" hai1="22,27,31,36,43,46,55,56,60,74,79,92,94" /><INIT seed="3,1,1,0,1,119" ten="245,75,395,275" oya="3" hai0="1,52,128,80,127,65,22,74,99,26,116,19,61" hai1="13,60,12,10,125,35,8,101,79,31,20,33,77" hai2="130,107,76,49,105,92,91,59,34,51,39,6,135" hai3="131,38,18,111,16,53,96,103,95,85,78,66,68"/><W0/><G0/><T62/><D116/><U115/><E101/><V87/><F39/><W58/><G38/><T93/><D1/><U24/><E60/><V57/><F34/><N who="1" m="12809" /><E79/><V81/><F135/><W126/><G131/><T28/><D128/><U42/><E42/><V54/><F6/><W84/><G126/><T11/><D127/><U123/><E77/><V98/><F130/><W86/><G78/><T89/><D74/><U63/><E63/><V15/><F15/><N who="1" m="5705" /><E125/><V64/><F64/><W109/><G66/><T117/><D117/><U56/><E56/><V112/><F112/><W82/><G82/><T70/><D80/><U71/><E71/><V102/><F76/><W36/><G36/><T43/><D43/><U4/><E115/><V29/><F29/><W7/><G7/><T48/><D62/><U113/><E113/><V69/><F69/><W44/><G44/><T9/><REACH who="0" step="1"/><D28/><REACH who="0" ten="235,75,395,275" step="2"/><U21/><E123/><V55/><AGARI ba="1,2" hai="49,51,54,55,57,59,81,87,91,92,98,102,105,107" machi="55" ten="30,2000,0" yaku="0,1,9,1" doraHai="119" who="2" fromWho="2" sc="235,-6,75,-6,395,43,275,-11" /><INIT seed="4,0,0,1,0,80" ten="229,69,438,264" oya="0" hai0="118,58,14,73,122,33,108,22,102,27,47,0,105" hai1="98,120,131,46,99,126,26,89,6,21,117,115,113" hai2="112,93,74,70,17,114,101,34,18,65,76,1,63" hai3="40,92,11,55,53,72,61,57,16,121,37,5,38"/><T75/><D118/><U13/><E117/><V59/><F34/><W129/><G72/><T41/><D122/><U9/><E120/><V50/><F1/><W85/><G121/><T83/><D0/><U24/><E46/><V132/><F132/><W103/><G129/><T86/><D108/><U91/><E131/><V62/><F50/><W10/><G40/><T66/><D33/><U2/><E126/><V42/><F42/><W119/><G119/><T23/><D14/><U51/><E51/><V116/><F116/><W106/><G106/><T48/><D23/><U15/><E98/><N who="2" m="59599" /><F74/><W71/><G71/><T39/><D102/><U100/><E91/><V4/><F4/><W32/><G32/><T78/><D105/><U128/><E89/><V44/><F44/><W104/><G104/><T90/><D78/><U3/><E128/><V67/><F76/><W12/><G53/><T68/><D68/><U88/><E100/><V54/><F54/><W87/><G37/><T56/><D56/><U95/><E3/><V20/><F20/><W123/><G38/><T64/><D64/><U69/><E69/><V111/><F111/><W127/><G127/><T134/><D134/><U94/><E94/><V133/><F133/><W28/><G123/><T45/><D66/><U130/><E130/><V35/><F35/><W96/><G28/><N who="0" m="17527" /><D58/><U43/><E2/><AGARI ba="0,0" hai="2,5,10,11,12,16,55,57,61,85,87,92,96,103" machi="2" ten="30,7700,0" yaku="7,1,52,2,54,1" doraHai="80" who="3" fromWho="1" sc="229,0,69,-77,438,0,264,77" owari="229,-17.1,-8,-50.8,438,53.8,341,14.1" /></mjloggm>