<mjloggm ver="2.3"><GO type="169" lobby="0"/><UN n0="%E2%97%8E%E3%82%88%E3%81%97%E2%97%8E" n1="%E5%B0%8F%E4%B8%89%E5%85%83%E5%8D%97%E5%8D%98%E9%A8%8E" n2="%E3%81%AE%E3%81%AF%E3%81%A3%E3%81%A1" n3="%E3%81%82%E3%81%BE%E3%81%82%E3%82%93" dan="17,16,16,16" rate="2175.56,2122.29,2189.16,2096.84" sx="M,M,M,M"/><TAIKYOKU oya="0"/><INIT seed="0,0,0,3,1,119" ten="250,250,250,250" oya="0" hai0="78,85,123,101,90,105,48,64,112,66,12,87,67" hai1="74,122,135,35,45,25,86,54,22,73,92,60,62" hai2="109,46,27,71,82,89,65,18,69,134,14,7,98" hai3="76,49,116,55,44,70,95,97,26,115,37,72,99"/><T96/><D112/><U80/><E135/><V88/><F109/><W51/><G116/><T81/><D12/><U79/><E35/><V131/><F131/><W3/><G37/><T58/><D123/><U113/><E113/><V32/><F134/><W30/><G70/><T16/><D16/><N who="1" m="12487" /><E74/><V118/><F7/><W21/><G3/><T20/><D20/><U126/><E73/><V121/><F65/><W107/><G115/><T47/><D58/><U93/><E122/><V29/><F118/><W61/><G61/><N who="1" m="23658" /><E126/><V6/><F71/><W31/><G31/><T127/><D127/><U59/><E45/><V110/><F110/><W100/><G72/><T10/><D10/><U19/><E19/><V38/><F6/><W15/><G15/><T104/><D104/><U42/><E42/><V91/><F69/><W84/><G51/><AGARI ba="0,0" hai="51,54,59,79,80,86,92,93" m="23658,12487" machi="51" ten="30,2000,0" yaku="8,1,54,1" doraHai="119" who="1" fromWho="3" sc="250,0,250,20,250,0,250,-20" /><INIT seed="1,0,0,1,0,113" ten="250,270,250,230" oya="1" hai0="125,98,73,42,38,92,104,81,16,122,50,66,106" hai1="85,119,22,93,40,132,59,109,62,128,31,51,82" hai2="135,76,6,48,56,64,57,102,71,30,35,25,43" hai3="88,127,69,33,29,83,90,49,0,32,75,97,67"/><U36/><E132/><V23/><F135/><W78/><G0/><T2/><D125/><U45/><E128/><V61/><F76/><W3/><G3/><T74/><D122/><U101/><E109/><V117/><F6/><W15/><G127/><T80/><D2/><U115/><E115/><V53/><F43/><W24/><G33/><T54/><D66/><U60/><E36/><V130/><F130/><W58/><G69/><T100/><D42/><U111/><E111/><V1/><F1/><W126/><G126/><T41/><D41/><U39/><E39/><V18/><F102/><W20/><G97/><T99/><D38/><U110/><E110/><V133/><F133/><W129/><G129/><T114/><D114/><U87/><E119/><V121/><F121/><W94/><G94/><N who="0" m="58455" /><D16/><U79/><E59/><V131/><F131/><W72/><G72/><N who="0" m="27755" /><D54/><U118/><E118/><V124/><F124/><W4/><G49/><T7/><D50/><U84/><E101/><V47/><REACH who="2" step="1"/><F117/><REACH who="2" ten="250,270,240,230" step="2"/><W123/><G123/><T63/><D7/><U14/><E40/><V134/><F134/><W107/><G4/><T91/><D63/><U46/><E62/><V19/><F19/><W5/><G5/><T116/><D116/><U8/><E60/><V108/><F108/><W70/><G29/><T10/><D10/><U68/><E8/><V37/><F37/><W34/><G75/><T65/><D65/><U27/><E31/><V13/><AGARI ba="0,1" hai="13,18,23,25,30,35,47,48,53,56,57,61,64,71" machi="13" ten="20,2700,0" yaku="1,1,0,1,7,1,53,0" doraHai="113" doraHaiUra="95" who="2" fromWho="2" sc="250,-7,270,-13,240,37,230,-7" /><INIT seed="2,0,0,2,5,10" ten="243,257,277,223" oya="2" hai0="86,110,2,61,17,26,116,63,3,119,67,114,130" hai1="95,104,66,131,71,79,57,28,12,19,113,115,83" hai2="52,100,24,90,120,16,98,69,30,126,128,8,108" hai3="31,74,18,60,49,14,118,122,36,105,85,51,70"/><V77/><F120/><W7/><G74/><T88/><D114/><U111/><E104/><V87/><F69/><W78/><G118/><N who="0" m="45099" /><D110/><U127/><E71/><V91/><F128/><W103/><G36/><T117/><N who="0" m="45107" /><T101/><DORA hai="5" /><D101/><U29/><E111/><V25/><F126/><W125/><G122/><T89/><D89/><U56/><E131/><V34/><F108/><W134/><G134/><T109/><D109/><U124/><E95/><V46/><F77/><W13/><G31/><N who="1" m="11850" /><E66/><V82/><F91/><W32/><G32/><T15/><D26/><U48/><E48/><N who="2" m="28695" /><F30/><W37/><G103/><T53/><D53/><U0/><E0/><N who="0" m="41" /><D67/><U58/><E79/><V1/><F1/><W35/><G70/><T20/><D130/><U22/><E83/><AGARI ba="0,0" hai="15,17,20,61,63,83,86,88" m="41,45107" machi="83" ten="40,5200,0" yaku="12,1,52,1,54,1" doraHai="10,5" who="0" fromWho="1" sc="243,52,257,-52,277,0,223,0" /><INIT seed="3,0,0,2,2,34" ten="295,205,277,223" oya="3" hai0="100,16,83,118,123,85,81,47,5,58,53,27,124" hai1="7,135,40,74,56,6,111,59,127,104,57,49,24" hai2="31,88,103,0,96,42,55,61,105,41,92,36,19" hai3="89,97,86,132,48,130,4,67,29,69,54,87,115"/><W35/><G115/><T78/><D118/><U64/><E104/><V76/><F31/><W125/><G130/><T117/><D117/><U2/><E111/><V79/><F0/><W95/><G125/><T14/><D123/><U8/><E127/><V44/><F42/><W15/><G132/><T38/><D100/><U18/><E74/><V17/><F61/><W133/><G133/><T99/><D99/><U80/><E80/><V62/><F62/><W108/><G108/><T77/><D38/><U10/><E135/><V33/><F33/><W25/><G67/><T71/><D71/><U12/><E64/><V120/><F120/><W122/><G69/><T9/><D47/><U119/><E119/><V60/><F60/><W46/><REACH who="3" step="1"/><G122/><REACH who="3" ten="295,205,277,213" step="2"/><T110/><D124/><U121/><E121/><V28/><F28/><W13/><G13/><T50/><D110/><U106/><E106/><V68/><F68/><W52/><G52/><T23/><REACH who="0" step="1"/><D81/><REACH who="0" ten="285,205,277,213" step="2"/><U128/><E128/><V73/><F105/><W126/><G126/><T129/><D129/><U32/><E40/><V114/><F41/><W94/><G94/><T22/><D22/><U131/><E131/><V30/><F92/><W93/><G93/><T20/><D20/><U102/><E32/><V84/><F114/><W82/><G82/><T45/><D45/><U90/><E10/><AGARI ba="0,2" hai="4,10,15,25,29,35,46,48,54,86,87,89,95,97" machi="10" ten="40,2000,0" yaku="1,1,53,0" doraHai="34" doraHaiUra="101" who="3" fromWho="1" sc="285,0,205,-20,277,0,213,40" /><INIT seed="3,1,0,2,5,27" ten="285,185,277,253" oya="3" hai0="29,56,11,127,64,115,91,123,55,70,109,20,45" hai1="49,66,28,30,128,121,14,116,54,103,76,96,21" hai2="134,68,2,32,18,9,107,4,104,82,40,0,86" hai3="7,124,95,98,39,12,118,31,33,97,63,22,3"/><W10/><G118/><T42/><D123/><U53/><E121/><V117/><F134/><W112/><G112/><T85/><D115/><U133/><E133/><V77/><F68/><W24/><G124/><T34/><D34/><U130/><E66/><V51/><F18/><N who="3" m="10567" /><G39/><T120/><D109/><U50/><E76/><V1/><F32/><W100/><G97/><T48/><D11/><U88/><E116/><V87/><F87/><W131/><G63/><T129/><D129/><AGARI ba="1,0" hai="3,7,10,24,31,33,95,98,100,129,131" m="10567" machi="129" ten="30,2900,0" yaku="24,1,52,1" doraHai="27" who="3" fromWho="0" sc="285,-32,185,0,277,0,253,32" /><INIT seed="3,2,0,0,5,76" ten="253,185,277,285" oya="3" hai0="38,61,85,71,103,96,22,27,58,68,8,106,91" hai1="4,94,98,44,35,9,77,28,121,54,23,51,18" hai2="115,107,30,2,33,65,50,13,133,17,57,64,12" hai3="93,1,134,116,11,53,90,78,123,111,14,16,43"/><W89/><G116/><T15/><D38/><U55/><E121/><V119/><F115/><W49/><G123/><T80/><D15/><U105/><E105/><V66/><F133/><W125/><G134/><T135/><D8/><U122/><E122/><V74/><F107/><W75/><G125/><T52/><REACH who="0" step="1"/><D135/><REACH who="0" ten="243,185,277,285" step="2"/><U104/><E9/><V48/><F13/><W40/><G1/><T36/><D36/><U99/><E4/><V130/><F12/><W84/><G111/><T81/><D81/><U7/><E7/><V21/><F2/><W127/><G127/><T45/><D45/><U86/><E44/><V124/><F124/><W31/><G31/><AGARI ba="2,1" hai="22,27,31,52,58,61,68,71,80,85,91,96,103,106" machi="31" ten="30,8000,1" yaku="1,1,7,1,52,1,54,1,53,1" doraHai="76" doraHaiUra="87" who="0" fromWho="3" sc="243,96,185,0,277,0,285,-86" /><INIT seed="4,0,0,5,0,69" ten="339,185,277,199" oya="0" hai0="49,110,43,28,117,42,12,57,8,98,106,84,119" hai1="62,73,79,86,126,135,102,48,104,118,64,125,93" hai2="108,51,68,19,32,14,77,54,3,55,103,44,27" hai3="61,41,131,52,95,132,97,58,34,18,47,21,9"/><T133/><D133/><U16/><E118/><V0/><F108/><W5/><G132/><T88/><D110/><U4/><E135/><V7/><F68/><W115/><G131/><T20/><D42/><U82/><E4/><V25/><F103/><W17/><G115/><T78/><D78/><U59/><E48/><V76/><F7/><W113/><G34/><T99/><D106/><U24/><E24/><BYE who="1" /><V83/><F55/><W70/><G70/><T130/><D130/><U74/><E74/><V36/><F76/><W96/><G113/><T50/><D50/><U60/><E60/><V100/><F100/><UN n1="%E5%B0%8F%E4%B8%89%E5%85%83%E5%8D%97%E5%8D%98%E9%A8%8E" /><W120/><G120/><T67/><D117/><U91/><REACH who="1" step="1"/><E16/><REACH who="1" ten="339,175,277,199" step="2"/><V128/><F19/><W111/><G111/><T129/><D119/><U94/><E94/><V87/><F25/><W109/><G109/><T92/><D129/><U53/><E53/><V38/><F27/><W80/><G95/><T121/><D121/><U23/><E23/><V72/><F72/><W30/><G18/><N who="0" m="8455" /><D20/><U31/><E31/><V33/><F128/><W13/><G30/><T2/><D28/><U56/><E56/><V39/><REACH who="2" step="1"/><F14/><REACH who="2" ten="339,175,267,199" step="2"/><W22/><G13/><T71/><D71/><U45/><E45/><V65/><F65/><W114/><G47/><N who="0" m="25855" /><D2/><AGARI ba="0,2" hai="0,2,3,32,33,36,38,39,44,51,54,77,83,87" machi="2" ten="50,8000,1" yaku="1,1,52,3,53,0" doraHai="69" doraHaiUra="11" who="2" fromWho="0" sc="339,-80,175,0,267,100,199,0" /><INIT seed="5,0,0,0,2,2" ten="259,175,367,199" oya="1" hai0="11,109,13,116,102,134,129,28,40,108,45,38,71" hai1="0,49,89,112,25,43,79,64,92,21,118,27,56" hai2="30,63,44,75,41,15,18,53,90,121,62,100,85" hai3="94,8,117,124,6,96,17,131,93,135,123,16,115"/><U5/><E118/><V32/><F121/><W51/><G123/><T88/><D116/><U34/><E112/><V26/><F75/><W95/><G117/><T35/><D71/><U122/><E122/><V126/><F126/><W114/><G124/><T36/><D102/><U9/><E79/><V84/><F100/><W107/><G131/><T99/><D129/><U87/><E34/><V97/><F97/><W69/><G135/><T14/><D36/><U130/><E130/><V10/><F85/><W80/><G69/><T22/><D35/><U120/><E120/><V65/><F65/><W104/><G51/><T76/><D76/><U132/><E132/><V78/><F78/><W61/><G61/><T66/><D66/><U4/><E21/><V37/><F53/><W1/><G80/><AGARI ba="0,0" hai="10,15,18,26,30,32,37,41,44,62,63,80,84,90" machi="80" ten="30,1000,0" yaku="7,1" doraHai="2" who="2" fromWho="3" sc="259,0,175,0,367,10,199,-10" /><INIT seed="6,0,0,3,4,125" ten="259,175,377,189" oya="2" hai0="66,41,92,82,14,96,64,79,62,27,122,50,83" hai1="135,99,78,124,3,134,53,49,30,109,70,123,81" hai2="55,23,90,115,39,97,60,37,133,87,25,35,29" hai3="129,101,11,46,93,9,61,34,84,59,58,85,2"/><V5/><F115/><W98/><G34/><T28/><D122/><U75/><E109/><V65/><F133/><N who="1" m="50697" /><E124/><V26/><F5/><W107/><G129/><T67/><D14/><U24/><E3/><V43/><F43/><W77/><G107/><T54/><D41/><U16/><E70/><V95/><F87/><W10/><G2/><T31/><D62/><U73/><E99/><V86/><F86/><W15/><G15/><T91/><D79/><U4/><E4/><V108/><F108/><W57/><G46/><N who="0" m="27991" /><D27/><U105/><E105/><V130/><F130/><W121/><G121/><T102/><D91/><U119/><E119/><V104/><F104/><W45/><G45/><T72/><D72/><N who="1" m="43207" /><E30/><AGARI ba="0,0" hai="28,30,31,64,66,67,82,83,92,96,102" m="27991" machi="30" ten="30,1000,0" yaku="8,1" doraHai="125" who="0" fromWho="1" sc="259,10,175,-10,377,0,189,0" /><INIT seed="7,0,0,0,3,125" ten="269,165,377,189" oya="3" hai0="48,63,60,14,134,123,122,43,15,24,73,55,32" hai1="118,85,77,128,0,91,28,18,58,41,56,104,53" hai2="3,7,72,80,62,11,20,45,17,16,130,76,126" hai3="103,116,39,25,66,97,110,112,111,124,79,133,107"/><W88/><G39/><T120/><D73/><U36/><E118/><V100/><F126/><W94/><G124/><T10/><D134/><U95/><E104/><V81/><F130/><W93/><G66/><T9/><D43/><U65/><E128/><V74/><F100/><W115/><G25/><T68/><D68/><U83/><E0/><V31/><F62/><W78/><G116/><T54/><D24/><U47/><E65/><V4/><F4/><W117/><G117/><T23/><D23/><U90/><E28/><V82/><F82/><W71/><G71/><T49/><REACH who="0" step="1"/><D120/><REACH who="0" ten="259,165,377,189" step="2"/><U33/><E33/><AGARI ba="0,1" hai="9,10,14,15,32,33,48,49,54,55,60,63,122,123" machi="33" ten="25,6400,0" yaku="1,1,2,1,22,2,53,0" doraHai="125" doraHaiUra="22" who="0" fromWho="1" sc="259,74,165,-64,377,0,189,0" owari="333,13.3,101,-39.9,377,47.7,189,-21.1" /></mjloggm>