<mjloggm ver="2.3"><GO type="169" lobby="0"/><UN n0="%6F%69%6E%61%72%69%6E%67" n1="%E3%81%A1%E3%81%AA%E3%81%A4" n2="%E3%81%8D%E3%81%B3%E3%81%A0%E3%82%93%E3%81%94%CE%B1" n3="%E3%81%95%E3%81%8F%E3%82%88%E3%81%93%E3%81%A1%E3%82%83%E3%82%93" dan="16,17,17,16" rate="2071.75,2169.51,2140.98,2041.59" sx="M,M,M,M"/><TAIKYOKU oya="0"/><INIT seed="0,0,0,2,2,77" ten="250,250,250,250" oya="0" hai0="28,17,20,47,87,61,44,14,117,96,85,129,107" hai1="127,43,9,69,36,133,64,128,132,75,22,81,23" hai2="68,57,13,98,104,65,120,103,101,60,31,105,30" hai3="3,90,97,18,126,10,109,1,8,94,122,25,56"/><T78/><D117/><U62/><E128/><V37/><F120/><W72/><G72/><T19/><D129/><U91/><E127/><V0/><F0/><W32/><G122/><T34/><D34/><U99/><E9/><V119/><F119/><W52/><G126/><T93/><D28/><U112/><E112/><V102/><F37/><W130/><G130/><T84/><D107/><U67/><E67/><V108/><F108/><W86/><G109/><T35/><D35/><U42/><E99/><V2/><F2/><W110/><G110/><T51/><D61/><U4/><E4/><V73/><F73/><W29/><G8/><T83/><D19/><U15/><E15/><V95/><F68/><W5/><G18/><T71/><D71/><U49/><E36/><V113/><F113/><W48/><REACH who="3" step="1"/><G1/><REACH who="3" ten="250,250,250,240" step="2"/><T33/><D33/><U63/><E75/><V115/><F115/><W123/><G123/><T124/><D124/><U131/><E131/><V79/><F104/><W21/><G21/><T111/><D111/><U74/><E22/><V118/><F105/><W41/><G41/><N who="0" m="24975" /><D47/><U6/><E42/><V89/><F118/><W27/><G27/><T26/><D26/><U114/><E43/><V12/><F79/><W50/><G50/><T46/><D46/><U66/><E49/><V54/><F13/><W80/><G80/><T7/><D7/><U24/><E114/><V38/><F12/><W125/><G125/><T40/><D40/><U16/><E74/><V70/><REACH who="2" step="1"/><F38/><REACH who="2" ten="250,250,240,240" step="2"/><W59/><G59/><T39/><D39/><U88/><E6/><V134/><F134/><RYUUKYOKU ba="0,2" sc="250,10,250,-30,240,10,240,10" hai0="14,17,20,78,83,84,85,87,93,96" hai2="30,31,54,57,60,65,70,89,95,98,101,102,103" hai3="3,5,10,25,29,32,48,52,56,86,90,94,97" /><INIT seed="0,1,2,0,0,15" ten="260,220,250,250" oya="0" hai0="126,8,12,127,118,28,10,29,78,128,21,34,98" hai1="26,44,63,24,41,20,5,52,6,64,132,114,109" hai2="27,122,68,31,33,129,113,95,135,71,120,7,37" hai3="117,80,22,94,77,93,108,30,50,76,75,16,83"/><T1/><D78/><U105/><E105/><V130/><F95/><W43/><G117/><T11/><D98/><U59/><E109/><V106/><F113/><W82/><G30/><N who="0" m="11883" /><D118/><U62/><E132/><V79/><F135/><W46/><G108/><T65/><D65/><U110/><E110/><V39/><F7/><W51/><G51/><T25/><D128/><N who="2" m="49258" /><F79/><N who="3" m="30283" /><G75/><T14/><D34/><U96/><E96/><V66/><F106/><W67/><G67/><T121/><D1/><U133/><E133/><V123/><F66/><W103/><G103/><T87/><D87/><U116/><E116/><V49/><F49/><W40/><G40/><T92/><D92/><U89/><E89/><V4/><F4/><N who="1" m="1641" /><E114/><V70/><AGARI ba="1,2" hai="27,31,33,37,39,68,70,71,120,122,123" m="49258" machi="70" ten="50,3200,0" yaku="19,1,23,1" doraHai="15" who="2" fromWho="2" sc="260,-17,220,-9,250,55,250,-9" /><INIT seed="1,0,0,4,1,77" ten="243,211,305,241" oya="1" hai0="84,114,130,123,128,104,125,31,129,119,61,9,33" hai1="133,57,89,71,21,107,102,127,36,132,0,103,4" hai2="97,64,23,14,22,13,81,80,18,5,101,113,86" hai3="50,55,134,60,56,82,126,65,37,35,90,66,106"/><U72/><E71/><V85/><F113/><W118/><G35/><T19/><D114/><U87/><E72/><V121/><F121/><W12/><G37/><T83/><D119/><U30/><E36/><V3/><F3/><W49/><G118/><T96/><D123/><U47/><E127/><V112/><F112/><W6/><G106/><T11/><D125/><U54/><E47/><V117/><F117/><W34/><G34/><T69/><D31/><U15/><E0/><V7/><F64/><N who="3" m="24683" /><G134/><N who="1" m="51818" /><E107/><V70/><F70/><W116/><G116/><T109/><D33/><U48/><E4/><V110/><F110/><W25/><G25/><T38/><D109/><U41/><E41/><V42/><F42/><W10/><G126/><T24/><D38/><U62/><E62/><V92/><F23/><W67/><N who="3" m="24691" /><W26/><DORA hai="29" /><G26/><T53/><D69/><U32/><E32/><V46/><F46/><W2/><G2/><T45/><D45/><U16/><E30/><V20/><F20/><W99/><G99/><T17/><D96/><U63/><E63/><V124/><F124/><W100/><G100/><T111/><D104/><U75/><E75/><V59/><F59/><W27/><G27/><T120/><D111/><U78/><E78/><N who="2" m="46231" /><F13/><W76/><G76/><AGARI ba="0,0" hai="5,7,14,18,22,76,81,86,92,97,101" m="46231" machi="76" ten="30,3900,0" yaku="8,1,52,2" doraHai="77,29" who="2" fromWho="3" sc="243,0,211,0,305,39,241,-39" /><INIT seed="2,0,0,1,5,95" ten="243,211,344,202" oya="2" hai0="18,100,25,125,84,132,60,127,70,1,111,65,103" hai1="122,11,50,101,6,131,14,28,2,62,134,120,108" hai2="114,33,23,35,49,59,81,89,115,22,67,71,126" hai3="43,4,19,47,68,87,63,77,124,7,123,42,39"/><V34/><F126/><N who="0" m="48138" /><D1/><U117/><E117/><V116/><F116/><W92/><G124/><T82/><D111/><U121/><E108/><V83/><F71/><W48/><G123/><T61/><D132/><U85/><E134/><V78/><F89/><N who="3" m="53311" /><G39/><T128/><D128/><U56/><E131/><V90/><F90/><W113/><G68/><T118/><D61/><U3/><E28/><V46/><F59/><W73/><G73/><T13/><D25/><U52/><E85/><V79/><F67/><W133/><G77/><N who="0" m="46159" /><D118/><U112/><E112/><V80/><F49/><W51/><G113/><N who="2" m="43017" /><F46/><N who="3" m="25687" /><G63/><T130/><D130/><U41/><E101/><V88/><F88/><W55/><G43/><T75/><D75/><U44/><AGARI ba="0,0" hai="2,3,6,11,14,41,44,50,52,56,62,120,121,122" machi="44" ten="40,5200,0" yaku="0,1,13,1,54,1" doraHai="95" who="1" fromWho="1" sc="243,-13,211,52,344,-26,202,-13" /><INIT seed="3,0,0,0,2,78" ten="230,263,318,189" oya="3" hai0="30,89,38,55,43,59,72,70,17,46,121,129,33" hai1="112,108,61,51,52,117,114,99,90,104,69,8,119" hai2="132,58,41,0,101,75,77,42,67,62,56,37,5" hai3="28,120,60,10,122,95,118,13,96,84,2,34,92"/><W93/><G118/><N who="1" m="45066" /><E108/><V54/><F132/><W47/><G2/><T21/><D121/><U88/><E8/><V27/><F101/><W3/><G3/><T79/><D70/><U45/><E104/><V83/><F27/><W106/><G60/><T1/><D1/><U20/><E20/><V24/><F24/><W123/><G106/><T29/><D33/><U53/><E99/><V9/><REACH who="2" step="1"/><F37/><REACH who="2" ten="230,263,308,189" step="2"/><W36/><G123/><T127/><D38/><U44/><E114/><V64/><F64/><W97/><G122/><T135/><D135/><U14/><E112/><V66/><F66/><W85/><G120/><T116/><D116/><U111/><E111/><V23/><F23/><W124/><G34/><T80/><D21/><U12/><E69/><V81/><F81/><W71/><G71/><T6/><D80/><U19/><E12/><V16/><F16/><W57/><G28/><T18/><D18/><U110/><E110/><V94/><F94/><W63/><G92/><T26/><D17/><U115/><E115/><V40/><F40/><W102/><G36/><T82/><D82/><U100/><E100/><V32/><F32/><W134/><G134/><T128/><D43/><U105/><E105/><V131/><F131/><W103/><G13/><T31/><D128/><U65/><E14/><V113/><F113/><W35/><G35/><N who="0" m="20919" /><D129/><U125/><E19/><V126/><F126/><W25/><G124/><T74/><D127/><U133/><E125/><V68/><F68/><W130/><G130/><T87/><D31/><U11/><E133/><V4/><F4/><W73/><G25/><RYUUKYOKU ba="0,1" sc="230,-10,263,-10,308,30,189,-10" hai2="0,5,9,41,42,54,56,58,62,67,75,77,83" /><INIT seed="4,1,1,3,1,123" ten="220,253,338,179" oya="0" hai0="27,75,113,12,112,68,97,129,15,55,7,52,85" hai1="8,60,132,62,49,10,103,114,63,14,95,11,120" hai2="102,50,1,57,106,40,33,3,66,130,73,99,34" hai3="67,37,70,89,126,96,119,76,46,56,88,135,128"/><T39/><D75/><U44/><E120/><V94/><F73/><W115/><G119/><T71/><D39/><U48/><E132/><V117/><F117/><W122/><G122/><T100/><D129/><U59/><E114/><N who="0" m="44137" /><D85/><U121/><E121/><V107/><F130/><W110/><G110/><T28/><D68/><U58/><E14/><N who="0" m="5161" /><D71/><U41/><E48/><V80/><F80/><W79/><G70/><T131/><D7/><U2/><E2/><V0/><F0/><W116/><G116/><T53/><D131/><U51/><E51/><V29/><F50/><W111/><G128/><T61/><D61/><U108/><E108/><V93/><F1/><W6/><G6/><T86/><D86/><U9/><N who="1" m="2048" /><DORA hai="45" /><U105/><REACH who="1" step="1"/><E105/><REACH who="1" ten="220,243,338,179" step="2"/><V83/><F106/><W69/><G135/><T42/><D42/><U43/><E43/><V78/><F40/><W5/><G111/><T84/><D55/><U47/><E47/><V64/><F3/><W104/><G46/><T24/><D52/><U90/><E90/><V133/><F107/><W4/><G89/><T91/><D53/><U19/><E19/><V109/><F109/><W92/><G88/><T81/><D28/><U16/><E16/><V32/><F29/><W20/><G104/><AGARI ba="1,2" hai="24,27,81,84,91,97,100,104" m="5161,44137" machi="104" ten="30,1500,0" yaku="15,1" doraHai="123,45" who="0" fromWho="3" sc="220,38,243,0,338,0,179,-18" /><INIT seed="4,2,0,0,0,84" ten="258,243,338,161" oya="0" hai0="50,127,53,132,80,118,31,126,20,0,133,125,122" hai1="106,38,111,68,134,113,86,5,55,8,64,73,71" hai2="69,82,120,116,36,128,32,67,54,26,46,88,33" hai3="85,29,4,92,98,43,35,66,70,11,62,42,96"/><T87/><D0/><U131/><E73/><V117/><F120/><W63/><G35/><T103/><D122/><U107/><E111/><V81/><F128/><W78/><G29/><T7/><D7/><U6/><E38/><V104/><F104/><W9/><G78/><T94/><D118/><U110/><E110/><V18/><F69/><W39/><G85/><T60/><D60/><U21/><E131/><V130/><F67/><W47/><G43/><T95/><D31/><U48/><E113/><V27/><F130/><W51/><G63/><T79/><D20/><U124/><E5/><V121/><F121/><W22/><G22/><T91/><D103/><U105/><E124/><V101/><F101/><W76/><G76/><T3/><D3/><U102/><E102/><V19/><F54/><W115/><G115/><T65/><D65/><U1/><E64/><V99/><F99/><W75/><G75/><T90/><D50/><U61/><E61/><V23/><F23/><W77/><G77/><T52/><D52/><U72/><E72/><V129/><F129/><W74/><G74/><N who="0" m="43127" /><D53/><U119/><E119/><V97/><F97/><AGARI ba="2,0" hai="87,90,91,94,95,97,125,126,127,132,133" m="43127" machi="97" ten="30,12000,1" yaku="18,1,34,2,52,2" doraHai="84" who="0" fromWho="2" sc="258,126,243,0,338,-126,161,0" /><INIT seed="4,3,0,1,0,82" ten="384,243,212,161" oya="0" hai0="79,118,42,52,43,34,17,114,85,10,59,68,47" hai1="135,115,13,84,53,18,14,71,33,32,21,101,103" hai2="102,31,7,96,88,62,5,58,60,40,87,39,121" hai3="124,48,45,50,67,26,3,129,11,46,64,122,78"/><T4/><D118/><U36/><E71/><V105/><F121/><W20/><G122/><T109/><D68/><U25/><E36/><V6/><F31/><W54/><G129/><T76/><D109/><U73/><E73/><V130/><F130/><W83/><G11/><T2/><D114/><U70/><E70/><V128/><F128/><W80/><G3/><T95/><D34/><U133/><E115/><V56/><F40/><W12/><G12/><N who="0" m="5191" /><D17/><U108/><E108/><V9/><F39/><W72/><G83/><N who="0" m="47335" /><D79/><U113/><E113/><V100/><F100/><W15/><G15/><T127/><D2/><U91/><E13/><V22/><F22/><W94/><G124/><T74/><D74/><U63/><E33/><V131/><F131/><W44/><G94/><T81/><D81/><N who="1" m="49551" /><E14/><V28/><F28/><W8/><G8/><T29/><D29/><U55/><E32/><V49/><F9/><W38/><G38/><T132/><D132/><N who="1" m="50763" /><E63/><V37/><F37/><W107/><G107/><T134/><D134/><U16/><E18/><V23/><F23/><W120/><G120/><T92/><D127/><U99/><E103/><V24/><F7/><W116/><G116/><T19/><D19/><U117/><E117/><V98/><F6/><W69/><G69/><T27/><D27/><U93/><AGARI ba="3,0" hai="16,21,25,53,55,93,99,101" m="50763,49551" machi="93" ten="30,4000,0" yaku="20,1,52,1,54,1" doraHai="82" who="1" fromWho="1" sc="384,-23,243,49,212,-13,161,-13" /><INIT seed="5,0,0,5,3,37" ten="361,292,199,148" oya="1" hai0="92,14,121,5,58,70,44,1,3,27,113,128,61" hai1="15,78,32,50,2,124,80,111,56,119,89,72,51" hai2="0,66,43,132,31,116,96,94,81,7,62,98,109" hai3="13,122,42,103,106,105,36,83,120,91,100,38,68"/><U35/><E2/><V127/><F116/><W11/><G68/><T63/><D113/><U17/><E119/><V65/><F109/><W57/><G57/><T45/><D121/><U87/><E111/><V117/><F31/><W95/><G83/><T54/><D128/><U112/><E112/><V64/><F7/><W40/><G13/><T12/><D27/><U30/><E124/><V60/><F94/><W110/><G95/><T46/><D92/><N who="1" m="54335" /><E51/><V25/><F25/><W28/><G110/><T135/><D135/><U41/><E30/><V16/><F81/><W107/><G28/><T76/><D76/><U55/><E41/><N who="3" m="15978" /><G91/><T24/><D24/><U75/><E75/><V77/><F0/><W115/><G11/><T29/><D29/><U23/><AGARI ba="0,0" hai="15,17,23,32,35,50,55,56,72,78,80" m="54335" machi="23" ten="30,1500,0" yaku="25,1" doraHai="37" who="1" fromWho="1" sc="361,-5,292,15,199,-5,148,-5" /><INIT seed="5,1,0,4,4,135" ten="356,307,194,143" oya="1" hai0="68,46,130,33,57,79,35,119,34,99,132,5,93" hai1="58,26,77,85,20,104,82,2,94,73,70,62,16" hai2="126,27,15,29,53,111,28,125,117,122,107,113,114" hai3="37,133,49,74,83,69,4,47,38,96,102,131,51"/><U21/><E104/><V48/><F107/><W97/><G133/><T32/><D119/><U90/><E2/><V66/><F117/><W98/><G69/><T116/><D132/><U127/><E70/><V110/><F122/><W64/><G131/><T121/><D68/><U63/><E127/><N who="2" m="48651" /><F66/><W101/><G64/><T12/><D35/><U88/><E58/><N who="2" m="33063" /><F15/><W103/><G4/><T67/><D12/><U43/><E43/><V78/><F78/><W81/><G74/><T72/><D5/><U56/><E56/><V10/><F10/><W24/><G24/><T124/><D57/><U108/><E108/><N who="2" m="41515" /><F29/><W22/><G22/><AGARI ba="1,0" hai="22,27,28,113,114" m="41515,33063,48651" machi="22" ten="40,8000,1" yaku="18,1,52,3" doraHai="135" who="2" fromWho="3" sc="356,0,307,0,194,83,143,-83" /><INIT seed="6,0,0,4,5,28" ten="356,307,277,60" oya="2" hai0="135,133,129,122,84,78,104,12,120,39,49,30,47" hai1="123,64,42,82,109,118,108,0,26,95,59,121,40" hai2="126,48,96,83,24,85,81,43,102,73,77,23,53" hai3="68,15,98,3,10,110,115,131,33,125,76,14,50"/><V101/><F126/><W124/><G110/><T86/><D129/><U103/><E0/><V51/><F43/><N who="1" m="16425" /><E82/><V106/><F101/><W5/><G68/><T72/><D39/><U11/><E11/><V100/><F100/><W54/><G131/><T34/><D104/><U128/><E128/><V58/><F51/><W88/><G76/><T38/><D38/><U62/><E26/><V36/><F36/><W90/><G33/><T41/><D30/><U132/><E95/><V65/><F65/><W52/><G54/><T7/><D34/><U127/><E103/><V8/><F8/><W74/><G74/><T60/><D72/><U66/><E118/><V20/><REACH who="2" step="1"/><F24/><REACH who="2" ten="356,307,267,60" step="2"/><W107/><G107/><T18/><D49/><U27/><E27/><V71/><F71/><W22/><G125/><T6/><D41/><U19/><E127/><V67/><F67/><W134/><G124/><T105/><D105/><U44/><E66/><V97/><F97/><W116/><G98/><T13/><D120/><U87/><E109/><V46/><F46/><W55/><G116/><T130/><D47/><U21/><E44/><V111/><F111/><W119/><G119/><T9/><D122/><U79/><E108/><V113/><F113/><W56/><G115/><T57/><D130/><U69/><E69/><V45/><F45/><W75/><G50/><T80/><D9/><U25/><E123/><V99/><F99/><W112/><G112/><T35/><D57/><U29/><E121/><V1/><F1/><W2/><G2/><T93/><D60/><U4/><E59/><V92/><F92/><RYUUKYOKU ba="0,1" sc="356,-10,307,-10,267,30,60,-10" hai2="20,23,48,53,58,73,77,81,83,85,96,102,106" /><INIT seed="6,1,1,0,4,111" ten="346,297,297,50" oya="2" hai0="123,52,133,12,120,25,102,92,134,104,88,54,60" hai1="94,96,33,77,112,14,18,36,34,114,110,30,116" hai2="43,129,85,130,48,93,124,84,0,15,117,1,37" hai3="57,8,55,106,39,6,87,4,76,23,31,74,69"/><V10/><F117/><W51/><G39/><T75/><D75/><U78/><E110/><V115/><F37/><W105/><G69/><T27/><D102/><U126/><E36/><V72/><F72/><W90/><G76/><T83/><D104/><U53/><E116/><V101/><F124/><W113/><G74/><T22/><D83/><U38/><E38/><V50/><F101/><W99/><G113/><N who="1" m="43626" /><E53/><N who="0" m="20585" /><D60/><U28/><E126/><V121/><F121/><W59/><G59/><T127/><D12/><U9/><E30/><V63/><F63/><W42/><G42/><T16/><D27/><N who="1" m="18591" /><E34/><V125/><F125/><W21/><G99/><N who="0" m="57735" /><D127/><U65/><E65/><V26/><F26/><W71/><G71/><T44/><D44/><U73/><E73/><V68/><F68/><W11/><G105/><T64/><D64/><U7/><E7/><V62/><F62/><W49/><G106/><T24/><D24/><U98/><E98/><V20/><F115/><W132/><G55/><T2/><D2/><U3/><E3/><V29/><F1/><W46/><G46/><T13/><D25/><U109/><E109/><V103/><F0/><W82/><G57/><T135/><AGARI ba="1,1" hai="13,16,22,120,123,133,134,135" m="57735,20585" machi="135" ten="40,8000,1" yaku="20,1,54,3" doraHai="111" who="0" fromWho="0" sc="346,93,297,-21,297,-41,50,-21" /><INIT seed="7,0,0,0,4,54" ten="439,276,256,29" oya="3" hai0="81,69,88,113,72,123,0,35,33,114,38,59,73" hai1="15,111,28,115,68,98,128,92,36,70,79,112,110" hai2="90,2,32,43,34,51,83,116,133,132,12,44,23" hai3="13,45,131,78,16,125,130,58,76,9,87,97,96"/><W47/><G125/><T31/><D69/><U119/><E36/><V18/><F116/><W8/><G13/><T7/><D123/><U63/><E119/><V11/><F2/><W118/><G118/><T22/><D38/><U10/><E28/><V80/><F80/><W129/><G87/><N who="0" m="50287" /><D59/><U37/><E37/><V20/><F20/><W17/><REACH who="3" step="1"/><G131/><REACH who="3" ten="439,276,256,19" step="2"/><T29/><D73/><U42/><E128/><V102/><F133/><W134/><G134/><T103/><D72/><U95/><E111/><V93/><F132/><W75/><G75/><T55/><D0/><U86/><E110/><V126/><F126/><W89/><G89/><T107/><D114/><U26/><E86/><V48/><F83/><W24/><G24/><T85/><D113/><U52/><E26/><V39/><F102/><W53/><G53/><T62/><D85/><U46/><E115/><V121/><F121/><W74/><G74/><T82/><D82/><U71/><E112/><V104/><F90/><W108/><G108/><T124/><D103/><U109/><E52/><V5/><F12/><W65/><G65/><T19/><D55/><U99/><E109/><V106/><F43/><W14/><G14/><T1/><D124/><U105/><E15/><V50/><F5/><W101/><G101/><T4/><D4/><U77/><E42/><N who="2" m="22623" /><F11/><W60/><G60/><T57/><D7/><U135/><E10/><V21/><F21/><W94/><G94/><T127/><D127/><U30/><E95/><V117/><F93/><W67/><G67/><T122/><D122/><U120/><E135/><V25/><F117/><RYUUKYOKU ba="0,1" sc="439,-15,276,-15,256,15,19,15" hai2="18,23,25,32,34,48,50,51,104,106" hai3="8,9,16,17,45,47,58,76,78,96,97,129,130" /><INIT seed="7,1,1,2,1,44" ten="424,261,271,34" oya="3" hai0="135,84,103,120,49,128,36,112,19,10,28,133,101" hai1="97,54,111,73,41,129,35,115,40,17,86,24,62" hai2="37,100,99,78,96,81,29,87,116,93,63,14,110" hai3="18,91,126,102,127,21,12,119,117,46,4,39,53"/><W7/><G102/><T72/><D72/><U6/><E73/><V61/><F116/><N who="3" m="44619" /><G91/><T88/><D36/><U92/><E111/><V2/><F2/><W124/><G39/><T131/><D120/><U123/><E123/><V33/><F110/><W85/><G85/><T32/><D112/><U125/><E6/><V64/><F37/><W25/><G25/><N who="0" m="18447" /><D49/><AGARI ba="1,1" hai="4,7,12,18,21,46,49,53,124,126,127" m="44619" machi="49" ten="40,3900,0" yaku="18,1,52,1" doraHai="44" who="3" fromWho="0" sc="424,-42,261,0,271,0,34,52" /><INIT seed="7,2,0,5,5,30" ten="382,261,271,86" oya="3" hai0="115,88,51,42,125,52,0,132,117,63,131,74,130" hai1="60,35,129,92,17,89,111,76,33,80,48,124,38" hai2="95,110,32,34,67,87,39,104,112,58,8,100,122" hai3="13,5,98,68,77,36,41,101,53,19,83,49,43"/><W81/><G68/><T121/><D117/><U85/><E38/><V21/><F110/><W44/><G5/><T73/><D121/><U90/><E111/><V109/><F109/><W14/><G81/><T86/><D0/><U22/><E129/><N who="0" m="49161" /><D115/><U69/><E124/><V135/><F39/><W45/><G43/><T78/><D125/><U106/><E106/><V2/><F104/><W119/><G19/><T11/><D11/><U56/><E48/><V116/><F116/><W123/><G123/><T46/><D132/><U79/><E69/><V47/><F8/><W127/><G119/><T28/><D28/><U72/><E90/><V62/><F2/><W91/><G91/><T18/><D18/><U75/><E79/><V94/><F112/><W12/><G127/><T70/><D78/><U107/><E107/><V1/><F1/><W15/><N who="3" m="3072" /><DORA hai="55" /><W57/><G45/><T23/><D23/><U66/><E75/><V7/><F7/><W16/><G16/><T133/><D133/><U108/><E108/><V126/><F122/><W84/><REACH who="3" step="1"/><G98/><REACH who="3" ten="382,261,271,76" step="2"/><T93/><D70/><U134/><E134/><V99/><F126/><W26/><G26/><AGARI ba="2,1" hai="17,22,26,33,35,56,60,66,72,76,80,85,89,92" machi="26" ten="30,7700,0" yaku="7,1,52,3" doraHai="30,55" who="1" fromWho="3" sc="382,0,261,93,271,0,76,-83" owari="382,48.2,354,15.4,271,-12.9,-7,-50.7" /></mjloggm>