<mjloggm ver="2.3"><GO type="169" lobby="0"/><UN n0="%E3%81%88%E3%81%8C%E3%82%8F%E3%82%8A%E3%81%8A" n1="%E3%81%BD%E3%81%A3%E3%81%91%E3%81%95%E3%82%93" n2="%E3%83%94%E3%83%B3%E3%82%B5%E3%83%AD%E5%BA%97%E5%93%A1" n3="%E3%81%94%E3%82%8B%E3%81%AF%E3%82%80%33%30" dan="16,16,17,17" rate="2127.65,2140.77,2192.87,2208.00" sx="M,M,M,F"/><TAIKYOKU oya="0"/><INIT seed="0,0,0,2,2,46" ten="250,250,250,250" oya="0" hai0="43,133,107,57,80,97,10,29,71,112,67,65,122" hai1="101,61,111,118,91,109,92,70,8,124,42,2,25" hai2="20,59,36,72,58,127,81,63,85,82,5,94,21" hai3="129,123,56,114,90,99,76,86,47,24,115,23,130"/><T93/><D112/><U100/><E118/><V117/><F36/><W102/><G76/><T62/><D122/><U64/><E124/><V39/><F39/><W77/><G77/><T120/><D120/><U128/><E42/><V15/><F72/><W135/><G123/><T55/><D133/><U68/><E68/><V83/><F127/><W12/><G12/><T134/><D134/><U28/><E128/><N who="3" m="49258" /><G47/><T131/><D131/><U106/><E8/><N who="2" m="4495" /><F117/><W11/><G11/><T4/><D107/><U132/><E2/><V41/><F41/><W87/><G56/><N who="2" m="21545" /><F63/><W95/><G135/><T66/><D43/><U51/><E132/><V30/><F30/><N who="3" m="17695" /><G86/><T35/><D35/><U14/><E61/><V84/><F84/><W105/><AGARI ba="0,0" hai="87,90,95,99,102,105,114,115" m="17695,49258" machi="105" ten="30,1100,0" yaku="19,1" doraHai="46" who="3" fromWho="3" sc="250,-5,250,-3,250,-3,250,11" /><INIT seed="1,0,0,0,0,105" ten="245,247,247,261" oya="1" hai0="127,31,96,73,106,43,114,131,23,38,113,35,41" hai1="36,116,14,74,85,103,50,82,65,128,2,24,19" hai2="49,118,89,32,46,33,115,83,120,5,27,55,69" hai3="132,107,111,117,78,48,9,123,122,91,93,102,134"/><U75/><E36/><V72/><F118/><W67/><G67/><T87/><D87/><U3/><E116/><V11/><F120/><W25/><G117/><T98/><D23/><U77/><E128/><V108/><F69/><W110/><G25/><N who="0" m="18927" /><D131/><U1/><E24/><V61/><F108/><N who="3" m="41515" /><G9/><T6/><D127/><U99/><E50/><V44/><F115/><W135/><G48/><T8/><D96/><U95/><REACH who="1" step="1"/><E65/><REACH who="1" ten="245,237,247,261" step="2"/><V17/><F27/><W130/><G130/><T13/><D38/><U81/><E81/><V39/><F83/><W125/><G125/><T124/><D124/><U10/><AGARI ba="0,1" hai="1,2,3,10,14,19,74,75,77,82,85,95,99,103" machi="10" ten="30,11700,0" yaku="1,1,0,1,52,2,53,0" doraHai="105" doraHaiUra="29" who="1" fromWho="1" sc="245,-39,237,127,247,-39,261,-39" /><INIT seed="1,1,0,3,1,68" ten="206,364,208,222" oya="1" hai0="102,91,43,23,8,129,21,19,13,83,3,93,134" hai1="84,28,55,31,17,101,79,54,105,51,42,65,77" hai2="88,123,33,124,45,75,120,27,82,59,104,94,116" hai3="107,62,117,76,67,38,11,96,111,40,61,6,14"/><U60/><E42/><V112/><F116/><W52/><G117/><T56/><D134/><U15/><E105/><V100/><F59/><W46/><G111/><T41/><D129/><U110/><E101/><V133/><F45/><W89/><G76/><T69/><D69/><U80/><E110/><V118/><F118/><W0/><G0/><T49/><D83/><U32/><E77/><N who="2" m="44351" /><F27/><W121/><G121/><N who="2" m="46665" /><F33/><W2/><G2/><T34/><D102/><U73/><E73/><V78/><F78/><W57/><G107/><T95/><D3/><U25/><E51/><V16/><F16/><W90/><REACH who="3" step="1"/><G96/><REACH who="3" ten="206,364,208,212" step="2"/><T106/><D106/><U126/><E79/><V130/><F130/><W132/><G132/><T99/><D99/><U66/><E84/><N who="2" m="52487" /><F133/><W9/><G9/><T50/><D8/><U128/><E128/><V113/><F124/><W36/><G36/><T74/><D74/><U5/><E126/><V35/><F35/><W22/><G22/><T24/><D34/><U87/><E32/><V97/><AGARI ba="1,1" hai="97,100,104,112,113" m="52487,46665,44351" machi="97" ten="30,7900,0" yaku="24,1,34,2,54,1" doraHai="68" who="2" fromWho="2" sc="206,-21,364,-40,208,92,212,-21" /><INIT seed="2,0,0,3,1,98" ten="185,324,300,191" oya="2" hai0="26,115,121,19,131,128,61,79,132,73,74,109,65" hai1="108,99,116,20,7,105,39,88,75,123,81,56,27" hai2="129,62,50,37,3,13,54,64,46,11,8,55,110" hai3="72,35,9,15,44,36,67,32,103,112,33,113,42"/><V30/><F129/><N who="0" m="49738" /><D121/><U71/><E71/><V119/><F119/><W51/><G72/><T57/><D115/><N who="3" m="44105" /><G67/><T66/><D109/><U107/><E39/><V76/><F110/><W78/><G78/><T91/><D132/><U133/><E116/><V28/><F37/><W4/><G36/><T122/><D122/><U63/><E108/><V34/><F76/><W6/><G103/><T70/><D91/><U118/><E118/><V22/><F34/><W95/><G95/><T96/><D96/><U85/><E133/><V68/><F55/><W120/><G120/><T10/><D79/><U52/><E75/><V80/><F80/><W126/><G126/><T102/><D102/><U5/><E123/><V84/><F84/><W100/><G100/><T58/><D70/><U86/><E86/><V104/><F104/><W45/><G45/><T17/><D66/><U69/><E69/><V59/><F68/><W117/><G117/><T111/><D111/><U49/><E107/><V130/><F130/><W94/><G94/><T41/><D74/><U0/><E0/><V77/><F77/><W24/><G24/><T1/><D26/><U92/><E105/><V18/><REACH who="2" step="1"/><F3/><REACH who="2" ten="185,324,290,191" step="2"/><W40/><G40/><T90/><D73/><U101/><REACH who="1" step="1"/><E63/><REACH who="1" ten="185,314,290,191" step="2"/><V31/><AGARI ba="0,2" hai="8,11,13,18,22,28,30,31,46,50,54,59,62,64" machi="31" ten="30,12000,1" yaku="1,1,2,1,0,1,8,1,53,1" doraHai="98" doraHaiUra="14" who="2" fromWho="2" sc="185,-40,314,-40,290,140,191,-40" /><INIT seed="2,1,0,0,1,76" ten="145,274,430,151" oya="2" hai0="111,57,73,36,116,123,95,84,88,35,5,130,33" hai1="22,64,127,105,46,74,117,55,13,101,126,70,2" hai2="94,59,91,96,7,9,37,17,87,79,14,53,124" hai3="118,16,63,135,75,89,58,85,109,54,100,32,8"/><V67/><F124/><W103/><G118/><T98/><D123/><U93/><E105/><V45/><F37/><W81/><G109/><T44/><D116/><U119/><E2/><V40/><F67/><W62/><G135/><T114/><D114/><U28/><E74/><V20/><F40/><W128/><G128/><T42/><D73/><U61/><E101/><V107/><F45/><W133/><G133/><T132/><D111/><U121/><E93/><V102/><F79/><W134/><G134/><T26/><D132/><U113/><E113/><V77/><F77/><W18/><G75/><T108/><D108/><U71/><E71/><V97/><F102/><N who="3" m="38955" /><G32/><T48/><D130/><U56/><E13/><V65/><F65/><N who="3" m="39127" /><G8/><T120/><D120/><U27/><E46/><V66/><F66/><W10/><G10/><T38/><D5/><U34/><E34/><V80/><F94/><W21/><G21/><T92/><D57/><AGARI ba="1,0" hai="16,18,54,57,63,81,85,89" m="39127,38955" machi="57" ten="30,3900,0" yaku="8,1,52,1,54,1" doraHai="76" who="3" fromWho="0" sc="145,-42,274,0,430,0,151,42" /><INIT seed="3,0,0,4,2,61" ten="103,274,430,193" oya="3" hai0="87,58,104,7,51,113,124,12,120,31,22,6,65" hai1="103,69,53,85,42,16,47,2,123,23,93,131,36" hai2="63,77,49,59,66,4,60,110,27,41,107,18,134" hai3="126,90,89,109,80,118,35,25,98,30,83,67,46"/><W40/><G118/><T44/><D120/><U94/><E123/><V28/><F107/><W26/><G126/><T37/><D124/><U125/><E125/><V78/><F110/><W96/><G109/><T132/><D104/><U101/><E2/><V17/><F134/><W45/><G30/><T81/><D132/><U99/><E131/><V14/><F4/><W88/><G89/><T8/><D113/><U34/><E69/><V52/><F41/><W72/><G40/><T24/><D37/><U71/><E71/><V76/><F14/><W127/><G127/><T121/><D121/><U13/><E34/><V70/><REACH who="2" step="1"/><F63/><REACH who="2" ten="103,274,420,193" step="2"/><W1/><G1/><T119/><D6/><U55/><E85/><V32/><AGARI ba="0,1" hai="17,18,27,28,32,49,52,59,60,66,70,76,77,78" machi="32" ten="30,8000,1" yaku="1,1,2,1,0,1,52,1,54,1,53,0" doraHai="61" doraHaiUra="130" who="2" fromWho="2" sc="103,-20,274,-20,420,90,193,-40" /><INIT seed="4,0,0,5,3,93" ten="83,254,510,153" oya="0" hai0="72,129,76,65,69,79,68,99,57,66,121,0,46" hai1="53,63,52,117,114,120,7,22,122,24,70,47,84" hai2="133,96,14,36,130,2,77,60,100,88,9,109,11" hai3="50,81,29,123,113,10,17,55,35,83,42,62,124"/><T89/><D121/><U103/><E117/><V43/><F109/><W116/><G116/><T30/><D0/><U87/><E7/><V23/><F77/><W115/><G123/><T5/><D129/><U108/><E108/><V37/><F130/><W92/><G124/><T127/><D127/><U45/><E114/><V118/><F118/><W18/><G29/><T91/><D5/><U90/><E103/><V39/><F2/><W134/><G35/><T101/><D30/><U73/><E73/><V75/><F75/><W105/><G105/><T38/><D38/><U131/><E131/><V34/><F34/><W15/><G134/><T128/><D46/><U104/><E104/><V67/><F43/><W12/><G62/><T80/><D128/><U1/><E1/><V33/><F88/><W110/><G42/><T119/><D119/><U28/><E70/><V64/><F33/><W19/><G92/><T26/><D26/><U82/><E63/><V41/><F41/><W8/><G19/><T56/><D72/><U126/><E126/><V49/><F49/><W54/><G50/><T86/><D86/><U59/><E87/><V102/><F39/><W78/><G78/><T107/><D107/><U48/><E59/><V4/><F37/><W58/><G58/><T95/><D95/><U97/><E97/><V51/><F96/><W98/><G98/><T61/><D61/><U25/><E25/><V40/><F36/><W6/><G6/><T132/><D99/><U112/><E112/><V106/><F60/><W16/><G110/><T31/><D69/><U21/><E21/><RYUUKYOKU ba="0,0" sc="83,-10,254,30,510,-10,153,-10" hai1="22,24,28,45,47,48,52,53,82,84,90,120,122" /><INIT seed="5,1,0,2,2,56" ten="73,284,500,143" oya="1" hai0="133,103,5,116,115,45,106,71,25,104,127,18,22" hai1="30,80,81,76,113,66,117,16,131,20,8,14,87" hai2="67,128,132,64,36,108,77,135,73,33,95,121,100" hai3="110,47,92,24,32,44,101,26,94,2,109,4,129"/><U17/><E117/><V99/><F108/><W120/><G120/><T3/><D116/><U12/><E113/><V114/><F121/><W28/><G129/><T6/><D71/><U0/><E131/><V86/><F128/><W11/><G109/><T75/><D75/><U83/><E0/><V42/><F33/><W9/><G110/><T37/><D115/><U38/><E38/><V34/><F34/><W134/><G134/><N who="2" m="51241" /><F73/><W91/><G24/><T49/><D133/><U62/><REACH who="1" step="1"/><E30/><REACH who="1" ten="73,274,500,143" step="2"/><V85/><F114/><W90/><G2/><T23/><D37/><U60/><E60/><V122/><F122/><W61/><G28/><T74/><D3/><U78/><E78/><V41/><F77/><W59/><G61/><T93/><D127/><U21/><E21/><V102/><F36/><W70/><G32/><T98/><D23/><U105/><E105/><V119/><F119/><W107/><G107/><T19/><D104/><U69/><AGARI ba="1,1" hai="8,12,14,16,17,20,62,66,69,76,80,81,83,87" machi="69" ten="20,12000,1" yaku="1,1,0,1,7,1,52,1,54,1,53,0" doraHai="56" doraHaiUra="125" who="1" fromWho="1" sc="73,-41,274,133,500,-41,143,-41" /><INIT seed="5,2,0,2,2,115" ten="32,407,459,102" oya="1" hai0="61,80,29,42,109,55,46,57,21,38,102,32,132" hai1="98,52,118,5,19,8,106,45,72,18,56,129,34" hai2="20,1,117,58,85,65,108,11,124,121,37,74,68" hai3="88,6,76,83,73,131,125,96,13,93,84,90,95"/><U59/><E34/><V4/><F108/><W91/><G131/><T79/><D109/><U24/><E72/><V135/><F121/><W17/><G125/><T7/><D132/><U130/><E118/><V81/><F117/><W113/><G113/><T51/><D102/><U16/><E24/><V67/><F68/><W78/><G6/><T126/><D126/><U47/><E98/><V64/><F124/><W134/><G134/><T12/><D32/><U15/><E106/><V3/><F135/><W122/><G122/><T30/><D38/><U14/><E14/><V10/><F37/><W75/><G17/><T31/><D21/><U119/><E56/><V0/><F74/><N who="3" m="28171" /><G13/><T36/><D36/><U133/><E119/><V100/><F100/><W69/><G69/><T97/><D97/><AGARI ba="2,0" hai="76,78,83,84,88,90,91,93,95,96,97" m="28171" machi="97" ten="30,12000,2" yaku="35,5,54,1" doraHai="115" who="3" fromWho="0" sc="32,-126,407,0,459,0,102,126" owari="-94,-59.4,407,20.7,459,55.9,228,-17.2" /></mjloggm>