<mjloggm ver="2.3"><GO type="169" lobby="0"/><UN n0="%E3%81%AF%E3%81%AA%E3%81%B3%E3%81%AA%E3%81%B3" n1="%E3%83%A4%E3%83%9E%E3%83%80%E3%81%95%E3%82%93" n2="%E2%91%A3%E3%82%BB%E3%83%B3%E3%83%81" n3="%70%6F%6E%2D%65%6E" dan="17,16,18,16" rate="2143.31,2114.91,2286.21,2155.89" sx="M,M,M,F"/><TAIKYOKU oya="0"/><INIT seed="0,0,0,2,5,54" ten="250,250,250,250" oya="0" hai0="120,67,114,73,21,116,51,18,133,130,7,1,53" hai1="98,106,115,72,96,3,90,77,68,12,24,86,89" hai2="50,11,32,64,37,108,118,23,55,103,117,2,76" hai3="100,102,9,70,85,0,10,94,134,31,5,65,110"/><T28/><D73/><U4/><E3/><V128/><F32/><W129/><G110/><T125/><D114/><U119/><E68/><V78/><F37/><W97/><G129/><T112/><D112/><U92/><E119/><N who="2" m="45579" /><F64/><W38/><G134/><T45/><D116/><U127/><E24/><V43/><F43/><W61/><G38/><T132/><D120/><U135/><E12/><V105/><F23/><W101/><G31/><T71/><D130/><U99/><E4/><N who="2" m="1431" /><F108/><W6/><REACH who="3" step="1"/><G85/><REACH who="3" ten="250,250,250,240" step="2"/><T74/><D74/><U35/><E115/><V14/><F128/><W62/><G62/><T52/><D28/><U123/><E135/><V17/><F105/><W121/><G121/><T47/><D132/><U126/><E123/><V20/><F103/><W29/><G29/><T95/><D133/><U80/><E35/><V34/><F34/><W87/><G87/><T8/><D125/><N who="1" m="47627" /><E106/><V58/><AGARI ba="0,1" hai="14,17,20,50,55,58,76,78" m="1431,45579" machi="58" ten="30,2000,0" yaku="12,1,52,1" doraHai="54" who="2" fromWho="2" sc="250,-10,250,-5,250,30,240,-5" /><INIT seed="1,0,0,2,2,28" ten="240,245,280,235" oya="1" hai0="55,133,98,128,31,10,126,118,26,37,1,107,81" hai1="54,70,41,2,53,97,99,63,76,38,32,82,131" hai2="105,52,64,18,67,34,129,69,60,89,92,134,79" hai3="78,83,112,120,108,29,15,8,127,103,58,22,14"/><U77/><E2/><V27/><F105/><W45/><G108/><T66/><D55/><U122/><E122/><V36/><F36/><W116/><G112/><T101/><D118/><U114/><E114/><V47/><F129/><W33/><G127/><T115/><D115/><U48/><E131/><V123/><F123/><W19/><G120/><T12/><D12/><U106/><E106/><V91/><F134/><W61/><G116/><T13/><D13/><U11/><E11/><V57/><F79/><W39/><G103/><T21/><D128/><U96/><E38/><V42/><F91/><W135/><G135/><T75/><D133/><U121/><E121/><V23/><F34/><W68/><G68/><T0/><D126/><U132/><E132/><V125/><F69/><W44/><G39/><T90/><D66/><U88/><E32/><V84/><F125/><W93/><G93/><T94/><D37/><U65/><E41/><V130/><F130/><W62/><G33/><T110/><D10/><U30/><E30/><V109/><F109/><W7/><G29/><T124/><D110/><U104/><E54/><V119/><F119/><W73/><REACH who="3" step="1"/><G62/><REACH who="3" ten="240,245,280,225" step="2"/><T74/><D124/><U85/><REACH who="1" step="1"/><E104/><REACH who="1" ten="240,235,280,225" step="2"/><V9/><F9/><W117/><G117/><T59/><D107/><U24/><E24/><V25/><F25/><W46/><G46/><AGARI ba="0,2" hai="46,48,53,63,65,70,76,77,82,85,88,96,97,99" machi="46" ten="40,3900,0" yaku="1,1,54,1,53,0" doraHai="28" doraHaiUra="4" who="1" fromWho="3" sc="240,0,235,59,280,0,225,-39" /><INIT seed="1,1,0,5,1,45" ten="240,294,280,186" oya="1" hai0="12,118,4,24,75,60,93,126,90,8,22,74,41" hai1="5,133,39,121,83,107,70,51,58,134,84,71,87" hai2="18,11,76,61,35,125,1,79,96,32,2,62,97" hai3="40,89,33,101,27,28,105,67,72,135,111,81,100"/><U117/><E39/><V123/><F11/><W43/><G111/><T129/><D126/><U53/><E117/><V42/><F18/><W99/><G135/><N who="1" m="51722" /><E121/><V20/><F20/><W68/><G100/><T102/><D129/><U3/><E107/><V66/><F42/><W130/><G130/><T56/><D118/><U91/><E87/><V19/><F19/><W82/><G82/><T116/><D41/><U104/><E104/><V106/><F106/><W54/><G54/><T124/><D124/><U73/><E73/><V88/><F125/><W80/><G80/><T34/><D34/><U115/><E115/><V7/><F66/><W63/><REACH who="3" step="1"/><G89/><REACH who="3" ten="240,294,280,176" step="2"/><T16/><D102/><U59/><E91/><V13/><F88/><W31/><G31/><T86/><REACH who="0" step="1"/><D116/><REACH who="0" ten="230,294,280,176" step="2"/><U122/><E122/><V10/><F123/><W36/><G36/><T0/><D0/><U77/><E3/><V108/><F1/><W9/><G9/><T55/><AGARI ba="1,2" hai="4,8,12,16,22,24,55,56,60,74,75,86,90,93" machi="55" ten="20,8000,1" yaku="1,1,0,1,7,1,54,1,53,1" doraHai="45" doraHaiUra="85" who="0" fromWho="0" sc="230,103,294,-41,280,-21,176,-21" /><INIT seed="2,0,0,3,0,13" ten="333,253,259,155" oya="2" hai0="122,132,101,57,112,61,113,29,38,7,49,0,127" hai1="45,20,131,130,50,17,14,35,36,120,124,19,81" hai2="102,9,43,1,97,80,87,34,21,125,126,23,121" hai3="56,116,68,72,67,44,66,30,59,71,25,74,11"/><V15/><F34/><W37/><G116/><T109/><D29/><U8/><E35/><V108/><F121/><W104/><G104/><T12/><D101/><U58/><E120/><V28/><F1/><W3/><G56/><T91/><D0/><U96/><E124/><N who="2" m="47723" /><F43/><W48/><G59/><T106/><D106/><U114/><E114/><V93/><F28/><W26/><G26/><T123/><D127/><U119/><E119/><V69/><F69/><W82/><G48/><T16/><D38/><U46/><E96/><V65/><F65/><W70/><G67/><T118/><D118/><U128/><E81/><V2/><F2/><W84/><G84/><T86/><D7/><U90/><E90/><N who="2" m="51559" /><F108/><W10/><G10/><T64/><D109/><U47/><E36/><V40/><F40/><W51/><G66/><T94/><D132/><U115/><E115/><V33/><F33/><W22/><G82/><T117/><D117/><U99/><E99/><V18/><AGARI ba="0,0" hai="9,15,18,21,23,93,97,102" m="51559,47723" machi="18" ten="30,3000,0" yaku="18,1,52,1" doraHai="13" who="2" fromWho="2" sc="333,-10,253,-10,259,30,155,-10" /><INIT seed="2,1,0,1,2,61" ten="323,243,289,145" oya="2" hai0="92,72,56,3,98,85,2,37,71,57,6,16,65" hai1="67,122,94,15,84,130,80,90,42,97,128,26,73" hai2="88,41,0,108,120,30,14,1,134,123,36,32,11" hai3="79,8,115,24,135,64,13,102,5,89,70,129,75"/><V121/><F36/><W96/><G135/><T48/><D72/><U29/><E122/><V127/><F41/><W131/><G115/><T33/><D37/><U47/><E15/><V55/><F55/><W105/><G79/><T106/><D33/><U52/><E73/><V66/><F66/><W117/><G75/><T18/><D106/><U23/><E67/><V74/><F74/><W82/><G117/><T78/><D71/><U118/><E118/><V27/><F134/><W76/><G89/><T39/><D39/><U112/><E112/><V54/><F54/><W116/><G116/><T22/><D6/><U110/><E110/><V100/><F100/><W83/><G24/><T46/><D3/><U35/><E35/><V43/><F43/><W4/><G4/><T63/><D2/><U107/><E107/><V69/><F69/><W17/><G5/><T101/><D57/><U111/><E111/><V119/><F119/><W99/><G99/><T21/><D21/><U113/><E113/><V38/><F38/><W133/><G133/><T77/><D85/><U9/><E9/><V86/><F127/><W60/><REACH who="3" step="1"/><G76/><REACH who="3" ten="323,243,289,135" step="2"/><N who="0" m="29291" /><D22/><U126/><E97/><V12/><F108/><W10/><G10/><T53/><AGARI ba="1,1" hai="16,18,46,48,53,56,63,65,92,98,101" m="29291" machi="53" ten="30,4000,0" yaku="8,1,52,1,54,1" doraHai="61" who="0" fromWho="0" sc="323,53,243,-11,289,-21,135,-11" /><INIT seed="3,0,0,2,5,6" ten="376,232,268,124" oya="3" hai0="28,74,63,76,91,37,75,58,69,13,80,50,59" hai1="27,70,66,92,100,121,29,54,7,88,99,25,84" hai2="97,52,87,3,107,130,42,47,71,102,93,14,49" hai3="134,5,90,62,45,104,20,108,60,129,67,22,105"/><W9/><G129/><T0/><D37/><U82/><E121/><V26/><F3/><W131/><G131/><T113/><D0/><U73/><E70/><V101/><F130/><W128/><G128/><T19/><D113/><U21/><E66/><V36/><F71/><W83/><G134/><T18/><D28/><U115/><E115/><V56/><F26/><W44/><G108/><T43/><D69/><U46/><E73/><V89/><F14/><W10/><G105/><T124/><D124/><U65/><E65/><V112/><F102/><W12/><G104/><T35/><D35/><U11/><E25/><V38/><REACH who="2" step="1"/><F112/><REACH who="2" ten="376,232,258,124" step="2"/><W4/><G12/><T103/><D103/><U111/><E111/><V98/><F98/><W16/><G67/><T2/><D13/><U119/><E119/><V132/><F132/><W61/><G4/><T118/><D118/><U40/><E7/><V30/><F30/><W57/><G5/><T95/><D2/><U39/><REACH who="1" step="1"/><E54/><REACH who="1" ten="376,222,258,124" step="2"/><V32/><F32/><W64/><G64/><T1/><D1/><U109/><E109/><V8/><F8/><AGARI ba="0,2" hai="8,11,21,27,29,39,40,46,82,84,88,92,99,100" machi="8" ten="40,8000,1" yaku="1,1,52,2,54,1,53,0" doraHai="6" doraHaiUra="51" who="1" fromWho="2" sc="376,0,222,100,258,-80,124,0" /><INIT seed="4,0,0,5,2,67" ten="376,322,178,124" oya="0" hai0="79,124,40,93,88,113,81,18,134,122,35,25,94" hai1="36,84,91,114,37,28,38,9,74,131,51,52,107" hai2="86,61,129,26,17,125,103,104,98,120,33,13,111" hai3="64,29,46,20,78,118,128,66,22,0,76,44,41"/><T39/><D122/><U43/><E74/><V32/><F120/><W62/><G0/><T99/><D113/><U89/><E107/><V58/><F111/><W49/><G118/><T92/><D134/><U71/><E114/><V23/><F125/><W47/><G128/><T132/><D132/><U2/><E43/><V110/><F110/><W116/><G116/><T5/><D124/><U83/><E71/><V59/><F129/><W69/><G66/><T3/><D18/><U24/><E131/><V11/><F86/><W133/><G133/><T55/><D55/><U15/><E2/><V6/><REACH who="2" step="1"/><F59/><REACH who="2" ten="376,322,168,124" step="2"/><W1/><G46/><N who="0" m="23839" /><D35/><U82/><E84/><V48/><F48/><W8/><G47/><T4/><D4/><U87/><E87/><V130/><F130/><W75/><G75/><N who="0" m="43263" /><D25/><U31/><E24/><V135/><F135/><W77/><G49/><T101/><D101/><U68/><E36/><V60/><F60/><W108/><G108/><T121/><D121/><U34/><E37/><V53/><AGARI ba="0,1" hai="6,11,13,17,23,26,32,33,53,58,61,98,103,104" machi="53" ten="20,5200,0" yaku="1,1,0,1,7,1,53,1" doraHai="67" doraHaiUra="19" who="2" fromWho="2" sc="376,-26,322,-13,168,62,124,-13" /><INIT seed="5,0,0,5,4,70" ten="350,309,230,111" oya="1" hai0="30,0,114,90,108,12,92,64,37,2,118,13,62" hai1="78,27,119,98,104,22,84,71,35,26,51,91,88" hai2="100,5,65,72,134,74,75,8,105,16,128,40,39" hai3="125,24,21,59,101,107,96,122,95,135,67,79,73"/><U99/><E71/><V115/><F65/><W10/><G122/><T7/><D108/><U131/><E119/><V3/><F16/><W133/><G125/><T19/><D118/><U81/><E35/><V4/><F4/><W57/><G107/><T42/><D30/><U60/><E131/><V68/><F68/><W50/><G10/><T106/><D106/><U20/><E60/><V117/><F117/><W41/><G79/><T11/><D42/><U28/><E51/><V120/><F120/><W17/><G73/><T45/><D45/><U9/><E9/><V123/><F123/><W34/><G34/><T14/><D37/><U112/><E112/><V110/><F134/><W80/><G80/><T116/><D114/><U29/><E104/><V48/><F48/><W129/><G129/><T94/><D94/><U15/><E15/><V113/><F110/><W33/><G33/><T89/><D89/><AGARI ba="0,0" hai="20,22,26,27,28,29,78,81,84,88,89,91,98,99" machi="89" ten="40,7700,0" yaku="9,1,8,1,54,1" doraHai="70" who="1" fromWho="0" sc="350,-77,309,77,230,0,111,0" /><INIT seed="5,1,0,2,4,39" ten="273,386,230,111" oya="1" hai0="57,18,0,44,58,17,115,89,75,96,10,34,107" hai1="16,12,32,22,130,71,127,15,35,117,26,85,73" hai2="62,52,25,51,61,104,91,97,50,123,119,72,94" hai3="99,53,7,78,110,81,24,109,84,76,4,87,93"/><U66/><E73/><V68/><F119/><W112/><G112/><T103/><D115/><U121/><E71/><V2/><F123/><W101/><G110/><T92/><D75/><U40/><E66/><V124/><F2/><W5/><G109/><T8/><D34/><U43/><E117/><V102/><F124/><W77/><G24/><T55/><D44/><U33/><E121/><V38/><F38/><W21/><G21/><T114/><D114/><U80/><E127/><V42/><F72/><W134/><G134/><T47/><D47/><U129/><E12/><V128/><F128/><N who="1" m="49257" /><E15/><V48/><F25/><W122/><G122/><T131/><D131/><U54/><E54/><V30/><F30/><W95/><G95/><T135/><D0/><U3/><E3/><V46/><F68/><W118/><G118/><T74/><D74/><U49/><E49/><V14/><F14/><W88/><REACH who="3" step="1"/><G53/><REACH who="3" ten="273,386,230,101" step="2"/><T13/><D55/><U133/><E133/><V41/><F52/><W113/><G113/><T11/><D135/><U37/><E37/><V27/><F27/><W56/><G56/><T108/><D108/><U67/><E67/><V23/><F51/><W31/><G31/><T6/><D58/><U111/><E111/><V86/><F23/><W98/><G98/><N who="0" m="57615" /><D57/><U105/><E105/><V69/><F69/><W82/><AGARI ba="1,1" hai="4,5,7,76,77,78,81,82,84,87,88,93,99,101" machi="82" ten="30,7900,0" yaku="1,1,0,1,8,1,54,1,53,0" doraHai="39" doraHaiUra="106" who="3" fromWho="3" sc="273,-21,386,-40,230,-21,101,92" /><INIT seed="6,0,0,5,2,70" ten="252,346,209,193" oya="2" hai0="128,127,67,56,23,45,63,88,30,113,126,130,24" hai1="58,129,35,75,51,105,132,39,71,131,103,12,108" hai2="102,6,76,95,20,43,111,48,17,134,44,28,18" hai3="116,77,100,117,109,79,3,14,93,60,119,32,122"/><V29/><F134/><W120/><G14/><T52/><D113/><U82/><E39/><V36/><F111/><W59/><G59/><T50/><REACH who="0" step="1"/><D88/><REACH who="0" ten="242,346,209,193" step="2"/><U49/><E108/><V61/><F76/><W22/><G109/><T92/><D92/><U87/><E129/><AGARI ba="0,1" hai="23,24,30,45,50,52,56,63,67,126,127,128,129,130" machi="129" ten="40,5200,0" yaku="1,1,19,1,54,1,53,0" doraHai="70" doraHaiUra="10" who="0" fromWho="1" sc="242,62,346,-52,209,0,193,0" /><INIT seed="7,0,0,4,2,36" ten="304,294,209,193" oya="3" hai0="39,50,122,47,109,113,90,105,77,12,38,43,80" hai1="81,127,2,20,99,30,83,84,35,91,21,79,118" hai2="100,112,66,4,94,3,59,56,86,53,62,110,52" hai3="116,68,120,46,55,19,128,96,6,87,0,63,17"/><W22/><G116/><T13/><D109/><U51/><E2/><V45/><F110/><W121/><G128/><T14/><D122/><U44/><E118/><V29/><F112/><W104/><G68/><T32/><D32/><U89/><E127/><V65/><F3/><W60/><G120/><T25/><D25/><N who="1" m="16679" /><E35/><V95/><F4/><W115/><G115/><T123/><D113/><U107/><E107/><V130/><F130/><W125/><G125/><T97/><D123/><U23/><E81/><V37/><F29/><W11/><G121/><T49/><D39/><U28/><E99/><N who="2" m="59511" /><F45/><W76/><G104/><T54/><D54/><N who="1" m="30055" /><E21/><V18/><F18/><W102/><G19/><T126/><D126/><U133/><E133/><V67/><F37/><W33/><G33/><T135/><D135/><U103/><E103/><V61/><F95/><N who="3" m="58655" /><G46/><T117/><D117/><U71/><E71/><V85/><AGARI ba="0,0" hai="52,53,56,59,61,62,65,66,67,85,86" m="59511" machi="85" ten="30,2000,0" yaku="8,1,54,1" doraHai="36" who="2" fromWho="2" sc="304,-5,294,-5,209,20,193,-10" /><INIT seed="8,0,0,5,0,42" ten="299,289,229,183" oya="0" hai0="74,30,108,57,28,124,67,43,85,95,58,41,107" hai1="121,116,20,110,25,17,122,77,102,105,111,32,61" hai2="38,78,87,98,48,84,60,71,127,72,22,133,63" hai3="96,94,53,125,92,76,37,115,120,119,23,90,31"/><T40/><D107/><U109/><E77/><V47/><F38/><W64/><G115/><T51/><D74/><U103/><E105/><V82/><F127/><W6/><G125/><T26/><D124/><U8/><E61/><V81/><F133/><W21/><G37/><T27/><D108/><U80/><E80/><V106/><F72/><W70/><G119/><T44/><D85/><U13/><E116/><V118/><F118/><W1/><G120/><N who="1" m="46186" /><E102/><V99/><F22/><W49/><G31/><N who="0" m="11819" /><D95/><U54/><E54/><V33/><F33/><W100/><G76/><T104/><D104/><U135/><E103/><V3/><F3/><W117/><G117/><T11/><D11/><U126/><E126/><V89/><F106/><W114/><G114/><T29/><D29/><N who="1" m="19503" /><E135/><V65/><REACH who="2" step="1"/><F63/><REACH who="2" ten="299,289,219,183" step="2"/><W130/><G130/><T52/><D67/><U68/><E68/><V18/><F18/><W19/><G19/><T50/><D50/><U131/><E131/><V79/><F79/><W2/><G64/><T101/><D101/><U59/><E59/><AGARI ba="0,1" hai="26,27,40,41,43,44,51,52,57,58,59" m="11819" machi="59" ten="30,5800,0" yaku="8,1,52,1,54,1" doraHai="42" who="0" fromWho="1" sc="299,68,289,-58,219,0,183,0" owari="367,46.7,231,3.1,219,-18.1,183,-31.7" /></mjloggm>