<mjloggm ver="2.3"><GO type="169" lobby="0"/><UN n0="%E7%8C%AB%E5%A8%98%E5%A4%A7%E5%A5%BD%E3%81%8D" n1="%68%69%72%6F%30%33%30%39" n2="%E3%80%8C%E3%82%AD%E3%82%BF%E3%80%8D" n3="%E8%B5%A4%E6%9C%A8%E3%81%97%E3%81%92%E3%82%8B" dan="17,16,16,16" rate="2193.36,2081.77,2048.17,2070.09" sx="M,M,M,M"/><TAIKYOKU oya="0"/><INIT seed="0,0,0,5,1,105" ten="250,250,250,250" oya="0" hai0="73,96,21,75,10,129,64,47,76,36,29,62,16" hai1="50,86,58,112,52,97,115,128,78,82,89,43,26" hai2="9,81,60,114,40,71,4,1,44,25,118,119,77" hai3="80,74,2,8,132,18,35,102,59,22,83,13,111"/><T66/><D66/><U31/><BYE who="0" /><E128/><UN n0="%E7%8C%AB%E5%A8%98%E5%A4%A7%E5%A5%BD%E3%81%8D" /><V100/><F114/><N who="1" m="43561" /><E43/><V48/><F100/><W85/><G111/><T33/><D129/><U20/><E97/><V0/><F25/><W107/><G35/><T133/><D96/><U127/><E127/><V108/><F108/><W135/><G102/><T42/><D76/><AGARI ba="0,0" hai="20,26,31,50,52,58,76,78,82,86,89" m="43561" machi="76" ten="30,2000,0" yaku="11,1,54,1" doraHai="105" who="1" fromWho="0" sc="250,-20,250,20,250,0,250,0" /><INIT seed="1,0,0,3,5,5" ten="230,270,250,250" oya="1" hai0="129,133,123,43,53,109,4,49,94,80,44,132,134" hai1="33,114,41,121,46,105,78,73,99,60,87,128,88" hai2="7,51,42,71,6,101,70,59,90,2,122,120,67" hai3="93,81,13,38,11,119,45,104,23,110,72,28,102"/><U40/><E114/><V91/><F101/><W29/><G104/><T98/><D109/><U84/><E121/><V55/><F42/><W20/><G110/><T63/><D129/><U32/><E128/><V58/><F67/><W57/><G119/><T68/><D123/><U52/><E73/><V25/><F25/><W64/><G38/><T79/><D4/><U56/><E78/><V14/><F14/><W34/><G34/><T131/><D131/><U75/><E75/><V74/><F74/><W36/><G36/><T21/><D21/><N who="3" m="8265" /><G72/><T107/><D107/><U82/><E87/><V118/><F51/><W61/><G45/><T22/><D22/><U37/><REACH who="1" step="1"/><E41/><REACH who="1" ten="230,260,250,250" step="2"/><V30/><F118/><W108/><G108/><T15/><D43/><U76/><E76/><V92/><F122/><W89/><G81/><T65/><D80/><U125/><E125/><V113/><F113/><W26/><G26/><T18/><D133/><U24/><E24/><V9/><F120/><W69/><G69/><T17/><D134/><U97/><E97/><V16/><F71/><W130/><G130/><T117/><D132/><U127/><E127/><V10/><F70/><W103/><G28/><T116/><D117/><U50/><E50/><V96/><F30/><W0/><G29/><T115/><D116/><U135/><E135/><V85/><F85/><N who="3" m="52399" /><G0/><T95/><D115/><U31/><E31/><V3/><F2/><W35/><G35/><T54/><D68/><U47/><E47/><V19/><F3/><W126/><G126/><T12/><D44/><U111/><E111/><V86/><F86/><RYUUKYOKU ba="0,1" sc="230,-15,260,15,250,-15,250,15" hai1="32,33,37,40,46,52,56,60,82,84,88,99,105" hai3="11,13,57,61,64,102,103" /><INIT seed="1,1,1,2,3,124" ten="215,275,235,265" oya="1" hai0="45,125,53,31,1,84,122,7,114,2,66,106,65" hai1="134,23,74,99,54,96,82,126,44,108,25,42,67" hai2="69,14,13,105,80,83,101,18,27,30,62,51,19" hai3="15,120,111,16,121,118,21,119,32,72,39,77,61"/><U20/><E126/><V94/><F105/><W135/><G39/><T129/><D125/><U50/><E134/><V49/><F69/><W79/><G72/><T87/><D106/><U107/><E67/><V6/><F6/><W81/><G81/><T0/><D7/><U104/><E23/><V10/><F62/><W28/><G61/><T102/><D102/><U73/><E108/><V29/><F101/><W57/><G77/><T100/><D100/><U78/><E74/><V35/><F94/><W38/><G57/><T47/><D31/><U58/><E104/><V128/><F27/><N who="3" m="18463" /><G79/><T127/><D127/><U91/><E91/><V70/><F70/><W17/><G38/><T75/><D75/><U95/><E95/><V93/><F93/><W117/><G135/><T37/><D37/><U4/><E4/><V68/><F68/><W103/><G103/><T132/><D132/><U41/><E107/><V8/><F35/><W112/><G111/><T52/><D2/><U24/><E42/><V48/><F49/><W46/><G46/><T133/><D133/><U5/><E5/><V115/><F115/><W92/><G92/><T130/><D114/><U43/><E43/><V26/><F26/><N who="3" m="14639" /><G112/><T110/><D110/><U131/><E96/><V63/><F63/><W64/><G64/><T123/><AGARI ba="1,1" hai="0,1,45,47,52,53,65,66,84,87,122,123,129,130" machi="123" ten="25,12000,2" yaku="0,1,22,2,52,2,54,1" doraHai="124" who="0" fromWho="0" sc="215,133,275,-61,235,-31,265,-31" /><INIT seed="2,0,0,5,0,94" ten="348,214,204,234" oya="2" hai0="115,118,120,40,68,50,87,104,12,20,54,44,47" hai1="23,11,39,67,132,24,16,102,49,35,61,122,66" hai2="14,58,84,97,112,34,123,2,126,0,119,43,127" hai3="64,63,101,98,69,72,107,77,60,91,6,117,92"/><V130/><F112/><W105/><G117/><T45/><D115/><U71/><E39/><V100/><F119/><W106/><G6/><T29/><D118/><U116/><E116/><V26/><F123/><W59/><G77/><T56/><D120/><U90/><E122/><V103/><F130/><W128/><G72/><T21/><D68/><U74/><E74/><V99/><F43/><W110/><G110/><T27/><D104/><U83/><E102/><V38/><F38/><W86/><REACH who="3" step="1"/><G128/><REACH who="3" ten="348,214,204,224" step="2"/><T134/><D134/><U81/><E132/><V85/><F127/><W13/><G13/><T133/><D133/><U95/><E24/><V17/><F126/><W89/><G89/><T75/><D75/><U135/><E90/><V73/><F73/><W125/><G125/><T82/><D12/><U3/><E135/><V57/><F14/><W1/><G1/><T8/><D8/><U111/><E11/><V79/><F79/><W80/><G80/><T76/><REACH who="0" step="1"/><D21/><REACH who="0" ten="338,214,204,224" step="2"/><U41/><E23/><V15/><F15/><W53/><AGARI ba="0,2" hai="53,59,60,63,64,69,86,91,92,98,101,105,106,107" machi="53" ten="20,5200,0" yaku="1,1,0,1,7,1,52,1,53,0" doraHai="94" doraHaiUra="5" who="3" fromWho="3" sc="338,-13,214,-13,204,-26,224,72" /><INIT seed="3,0,0,1,3,73" ten="325,201,178,296" oya="3" hai0="123,35,85,111,44,100,42,96,58,69,88,130,6" hai1="29,97,68,77,122,9,86,4,120,38,127,30,40" hai2="47,37,74,16,72,67,61,103,56,53,51,124,105" hai3="101,70,20,17,79,48,0,82,87,135,57,109,1"/><W33/><G33/><T76/><D69/><U126/><E68/><V125/><F105/><W46/><G70/><T22/><D35/><U55/><E55/><V5/><F5/><W99/><G135/><T90/><D123/><N who="1" m="47147" /><E40/><V115/><F103/><W134/><G57/><T116/><D116/><U83/><E38/><V60/><F115/><W34/><G34/><T118/><D111/><U91/><E91/><V93/><F93/><W132/><G109/><T54/><D130/><U41/><E41/><V11/><F37/><W31/><G31/><T110/><D6/><U26/><E97/><V28/><F28/><W23/><G23/><T59/><D22/><U108/><E26/><V106/><F106/><W18/><G18/><T65/><D65/><U95/><E95/><V14/><REACH who="2" step="1"/><F61/><REACH who="2" ten="325,201,168,296" step="2"/><W32/><G101/><T15/><D110/><U78/><E108/><V128/><F128/><W66/><G132/><T119/><D119/><U94/><E94/><V131/><F131/><W24/><G134/><T27/><D118/><U107/><E107/><V81/><F81/><W92/><G92/><T80/><D80/><U25/><E29/><V98/><F98/><W133/><G99/><T102/><D96/><U117/><E117/><V12/><F12/><N who="3" m="9255" /><G133/><T112/><D112/><U49/><E30/><V113/><F113/><W2/><G2/><T10/><D100/><U114/><E4/><V121/><F121/><W64/><G1/><T84/><D102/><U50/><E114/><V13/><F13/><W89/><G0/><T21/><D15/><U75/><E83/><V39/><F39/><RYUUKYOKU ba="0,1" sc="325,-10,201,-10,168,30,296,-10" hai2="11,14,16,47,51,53,56,60,67,72,74,124,125" /><INIT seed="4,1,1,0,0,102" ten="315,191,198,286" oya="0" hai0="81,106,122,30,13,54,66,32,6,52,17,46,2" hai1="101,133,44,89,58,63,130,103,14,92,11,82,5" hai2="111,43,100,7,47,1,68,131,3,76,19,120,72" hai3="37,128,95,113,124,15,48,119,74,49,123,8,125"/><T93/><D122/><U40/><E133/><V9/><F120/><W117/><G74/><T27/><D66/><U42/><E130/><V20/><F131/><W21/><G123/><T45/><D81/><U31/><E82/><V0/><F68/><W28/><G37/><T73/><D73/><U29/><E101/><V118/><F100/><W22/><G128/><T10/><D106/><U34/><E103/><V24/><F111/><W64/><G95/><T86/><D46/><U80/><E80/><N who="2" m="45063" /><F118/><W127/><G64/><T4/><D45/><U62/><E34/><V91/><F91/><W26/><G48/><T78/><D6/><U59/><E58/><V55/><F55/><W79/><G49/><T114/><D114/><U41/><E44/><V90/><F90/><W51/><G51/><T105/><D105/><U33/><E33/><V108/><F108/><W134/><G79/><T12/><D12/><U135/><E135/><V132/><F132/><W16/><G134/><T53/><D78/><U84/><REACH who="1" step="1"/><E63/><REACH who="1" ten="315,181,198,286" step="2"/><V61/><F61/><W98/><G113/><T71/><D71/><U109/><E109/><V96/><F47/><W60/><G60/><T36/><D36/><U67/><AGARI ba="1,2" hai="5,11,14,29,31,40,41,42,59,62,67,84,89,92" machi="67" ten="30,7900,0" yaku="1,1,0,1,8,1,53,1" doraHai="102" doraHaiUra="83" who="1" fromWho="1" sc="315,-40,181,102,198,-21,286,-21" /><INIT seed="5,0,0,2,0,127" ten="275,283,177,265" oya="1" hai0="81,77,8,34,16,128,62,80,103,66,30,119,24" hai1="5,50,12,51,58,53,2,11,90,13,71,134,32" hai2="114,27,59,129,63,87,36,75,47,78,38,6,86" hai3="25,121,116,82,112,3,46,33,57,74,98,68,102"/><U76/><E32/><V122/><F122/><W117/><G46/><T17/><D119/><N who="3" m="45641" /><G57/><T54/><D128/><U131/><E71/><V79/><F6/><W105/><G121/><T64/><D103/><U113/><E113/><V21/><F114/><W67/><G112/><T14/><D80/><U18/><E134/><V40/><F38/><W125/><G125/><T104/><D104/><U49/><E76/><V111/><F111/><W83/><G3/><T35/><D35/><U45/><E131/><V1/><F1/><W26/><G26/><T91/><D91/><U92/><E45/><V133/><F133/><W72/><G82/><T61/><D17/><U108/><E108/><V41/><F41/><W88/><G83/><T130/><D130/><U110/><E110/><V31/><F129/><W15/><G15/><T22/><D34/><U70/><E70/><V20/><F20/><W84/><G84/><T28/><D28/><U93/><E2/><V120/><F120/><W124/><G88/><T94/><D94/><N who="1" m="36459" /><E90/><V42/><F42/><W37/><G37/><T73/><REACH who="0" step="1"/><D54/><REACH who="0" ten="265,283,177,265" step="2"/><U52/><E53/><V44/><F79/><W60/><G124/><T135/><D135/><U106/><E106/><V123/><F78/><W29/><AGARI ba="0,1" hai="25,29,33,60,67,68,72,74,98,102,105" m="45641" machi="29" ten="30,4000,0" yaku="25,1,12,1,23,1" doraHai="127" who="3" fromWho="3" sc="265,-10,283,-20,177,-10,265,50" /><INIT seed="6,0,0,0,0,114" ten="255,263,167,315" oya="2" hai0="99,104,112,124,93,16,84,11,133,1,113,46,32" hai1="120,95,98,55,69,105,10,87,8,60,81,44,77" hai2="56,111,50,85,70,54,28,33,107,116,94,92,35" hai3="18,42,6,96,7,131,23,103,78,109,49,30,88"/><V48/><F107/><W19/><G109/><T31/><D133/><U5/><E105/><V89/><F70/><W129/><G103/><T24/><D124/><U68/><E120/><V37/><F37/><W100/><G78/><T14/><D104/><U45/><E10/><V36/><F36/><W21/><G30/><T15/><D84/><U0/><E69/><V3/><F3/><W102/><G42/><T126/><D126/><U40/><E40/><V13/><F111/><W58/><G49/><T34/><D1/><U67/><E55/><V76/><F76/><W86/><G58/><T130/><D130/><N who="3" m="49673" /><G96/><T29/><D46/><U43/><E43/><V106/><F106/><W79/><G79/><T47/><D47/><U41/><E41/><V74/><F74/><W82/><G21/><T20/><D99/><U135/><E135/><V51/><F28/><N who="0" m="10826" /><D93/><U134/><E134/><V71/><F71/><W59/><G59/><T80/><D80/><U75/><E75/><V72/><F72/><W97/><G102/><AGARI ba="0,0" hai="0,5,8,44,45,60,67,68,77,81,87,95,98,102" machi="102" ten="30,1000,0" yaku="7,1" doraHai="114" who="1" fromWho="3" sc="255,0,263,10,167,0,315,-10" /><INIT seed="7,0,0,0,4,43" ten="255,273,167,305" oya="3" hai0="89,55,16,22,121,81,131,92,0,73,31,119,114" hai1="116,1,128,23,47,64,10,106,125,30,58,6,129" hai2="135,13,4,17,117,111,93,35,32,120,133,102,3" hai3="65,115,124,78,15,34,5,87,122,18,101,83,2"/><W44/><G122/><T68/><D121/><U74/><E106/><V33/><F102/><W36/><G34/><T59/><D119/><U77/><E116/><V75/><F75/><W85/><G101/><T95/><D68/><U8/><E125/><V62/><F93/><W52/><G65/><T84/><D0/><U60/><E10/><N who="2" m="2335" /><F62/><W51/><G124/><T50/><D131/><U42/><E77/><V76/><F76/><W100/><G100/><T94/><D114/><U103/><E74/><V39/><F39/><W67/><G67/><T48/><D31/><U99/><E99/><V126/><F126/><W66/><G66/><T82/><D82/><U37/><E103/><V90/><F90/><W57/><G115/><T91/><D73/><U54/><E64/><V80/><F80/><N who="3" m="47255" /><G2/><T108/><D108/><U12/><E1/><V56/><F56/><W97/><G36/><T41/><D41/><U61/><E60/><V29/><F120/><W123/><G123/><T19/><D50/><U7/><E7/><V107/><F107/><W63/><G5/><T86/><D19/><U112/><E112/><V110/><F117/><W69/><G97/><T46/><D59/><U132/><E132/><N who="2" m="50763" /><F29/><W26/><G69/><T45/><D45/><U25/><AGARI ba="0,0" hai="6,8,12,23,25,30,37,42,47,54,58,61,128,129" machi="25" ten="30,2000,0" yaku="0,1,52,1" doraHai="43" who="1" fromWho="1" sc="255,-5,273,20,167,-5,305,-10" /><INIT seed="8,0,0,5,0,60" ten="250,293,162,295" oya="0" hai0="23,109,92,59,58,87,115,29,99,76,110,18,89" hai1="98,32,5,9,14,10,128,122,68,95,90,91,116" hai2="33,132,31,74,125,41,86,54,7,88,72,104,35" hai3="121,120,81,127,126,66,11,51,25,39,97,38,107"/><T65/><D115/><U133/><E122/><N who="3" m="47210" /><G66/><T40/><D29/><U6/><E32/><V34/><F104/><W73/><G25/><T78/><D40/><U48/><E68/><V56/><F31/><W0/><G51/><T131/><D131/><U63/><E116/><V96/><F125/><N who="3" m="47627" /><G81/><T37/><D37/><U36/><E36/><V47/><F7/><N who="3" m="1511" /><G73/><T3/><D3/><U15/><E133/><V43/><F132/><W44/><G44/><T4/><D4/><U84/><E128/><V57/><F96/><W124/><N who="3" m="47635" /><W20/><DORA hai="22" /><G20/><T64/><D59/><U8/><E48/><V13/><F57/><W123/><N who="3" m="47218" /><W102/><AGARI ba="0,0" hai="38,39,97,102,107" m="1511,47635,47218" machi="102" ten="60,8000,1" yaku="4,1,13,1,18,1,23,1" doraHai="60,22" who="3" fromWho="3" sc="250,-40,293,-20,162,-20,295,80" owari="210,-19.0,273,7.3,142,-35.8,375,47.5" /></mjloggm>