<mjloggm ver="2.3"><GO type="169" lobby="0"/><UN n0="%E3%83%94%E3%83%B3%E3%82%B5%E3%83%AD%E5%BA%97%E5%93%A1" n1="%6E%61%67%61%69%6D%6F" n2="%E4%BA%8C%E6%8A%9E%E4%BA%BA" n3="%74%2E%6F%2E%6F%2E%73" dan="17,16,16,17" rate="2272.29,2147.57,2035.82,2120.29" sx="M,M,F,M"/><TAIKYOKU oya="0"/><INIT seed="0,0,0,1,0,87" ten="250,250,250,250" oya="0" hai0="18,89,126,125,95,24,109,56,6,2,90,103,9" hai1="120,93,114,107,29,102,127,50,66,73,8,33,81" hai2="69,53,117,3,44,21,19,131,36,40,113,105,75" hai3="64,26,86,37,22,38,49,123,91,70,14,41,88"/><T96/><D109/><U35/><E120/><V0/><F113/><W30/><G70/><T116/><D116/><U100/><E114/><V110/><F110/><W20/><G37/><T84/><D56/><U54/><E66/><V17/><F105/><W129/><G38/><T5/><D5/><U68/><E68/><V10/><F75/><W4/><G129/><T62/><D62/><U99/><E127/><N who="0" m="48649" /><D84/><U101/><E8/><V112/><F112/><W63/><G123/><T92/><D92/><U28/><E107/><V11/><F131/><W72/><G72/><T58/><D58/><U27/><E81/><V32/><F0/><W61/><G86/><T118/><D118/><U94/><E73/><V106/><F3/><W132/><G132/><T52/><D52/><U83/><E83/><V13/><F106/><W15/><G4/><T115/><D115/><U135/><E135/><V67/><F117/><W128/><G128/><T108/><D108/><U55/><E93/><V80/><F80/><W111/><G111/><T34/><D34/><U39/><E55/><V133/><F32/><W45/><G64/><T47/><D47/><U130/><E130/><V124/><F124/><W46/><G45/><T23/><AGARI ba="0,0" hai="2,6,9,18,23,24,89,90,95,96,103" m="48649" machi="23" ten="30,6000,0" yaku="18,1,52,2" doraHai="87" who="0" fromWho="0" sc="250,60,250,-20,250,-20,250,-20" /><INIT seed="0,1,0,1,2,96" ten="310,230,230,230" oya="0" hai0="36,87,17,13,39,31,30,43,42,123,81,73,16" hai1="108,106,49,35,53,3,126,134,45,103,48,76,89" hai2="79,27,119,59,66,62,11,80,2,133,104,101,63" hai3="24,109,118,74,132,124,22,112,127,115,116,23,9"/><T12/><D81/><U19/><E3/><V99/><F133/><W8/><G74/><T94/><D94/><U64/><E35/><V44/><F119/><N who="3" m="45611" /><G109/><T128/><D87/><U120/><E134/><V32/><F44/><W84/><G84/><T28/><D73/><U25/><E108/><V113/><F113/><N who="3" m="43595" /><G132/><T82/><D82/><U105/><E120/><V70/><F2/><W91/><G91/><T20/><D128/><U57/><E76/><V88/><F11/><N who="3" m="4171" /><G24/><T50/><D123/><U97/><E89/><V21/><F79/><W51/><G51/><T52/><D39/><U15/><E25/><V102/><F102/><W61/><G61/><T107/><D36/><U55/><E106/><V93/><F80/><W125/><AGARI ba="1,0" hai="22,23,124,125,127" m="4171,43595,45611" machi="125" ten="40,8000,1" yaku="28,2,18,1,34,2" doraHai="96" who="3" fromWho="3" sc="310,-41,230,-21,230,-21,230,83" /><INIT seed="1,0,0,5,4,123" ten="269,209,209,313" oya="1" hai0="55,89,93,101,127,81,12,117,68,63,23,5,58" hai1="33,13,115,125,54,3,46,134,119,60,75,39,38" hai2="49,102,118,107,25,44,91,84,61,103,100,57,42" hai3="36,32,16,116,59,85,19,121,29,82,128,114,80"/><U22/><E22/><V98/><F118/><W71/><G71/><T47/><D117/><U111/><E13/><V90/><F25/><W27/><G36/><T0/><D127/><U37/><E60/><V126/><F126/><W66/><G116/><T110/><D68/><U92/><E92/><V50/><F50/><W30/><G121/><T96/><D0/><U87/><E87/><V65/><REACH who="2" step="1"/><F91/><REACH who="2" ten="269,209,199,313" step="2"/><W86/><G27/><T70/><D89/><U78/><E39/><V41/><F41/><W113/><G113/><T6/><D101/><U99/><E38/><V122/><F122/><W77/><G114/><T48/><D48/><U88/><E37/><V45/><F45/><W97/><G30/><T21/><D47/><U52/><E46/><V40/><F40/><W14/><G29/><T131/><D131/><U53/><E119/><V64/><F64/><W95/><G66/><T35/><D55/><U51/><E115/><V43/><F43/><W104/><G128/><T4/><D63/><U106/><E51/><V73/><F73/><W83/><G83/><AGARI ba="0,1" hai="42,44,49,57,61,65,83,84,90,98,100,102,103,107" machi="83" ten="30,2000,0" yaku="1,1,7,1,53,0" doraHai="123" doraHaiUra="72" who="2" fromWho="3" sc="269,0,209,0,199,30,313,-20" /><INIT seed="2,0,0,2,2,1" ten="269,209,229,293" oya="2" hai0="89,114,9,4,32,73,0,127,76,46,27,134,38" hai1="133,54,110,10,26,44,18,90,112,12,23,102,39" hai2="40,95,117,101,67,34,83,120,71,116,119,86,130" hai3="62,98,52,135,43,50,118,11,70,105,37,30,20"/><V36/><F120/><W14/><G118/><T22/><D114/><U41/><E112/><V17/><F34/><W21/><G135/><T124/><D89/><U60/><E133/><V94/><F36/><W121/><G121/><T48/><D134/><U6/><E110/><V123/><F40/><W66/><G30/><N who="0" m="19551" /><D22/><U91/><E102/><V111/><F123/><W92/><G105/><T109/><D48/><U85/><E85/><V15/><F111/><W24/><G24/><T5/><D5/><U128/><E128/><V53/><F130/><W103/><G43/><N who="0" m="22903" /><D109/><U132/><E132/><V25/><F101/><W65/><G65/><T28/><D28/><U61/><E61/><V125/><F25/><W104/><G92/><T13/><D13/><U77/><E77/><V19/><F53/><W69/><G69/><T82/><AGARI ba="0,0" hai="0,4,9,73,76,82,124,127" m="22903,19551" machi="82" ten="30,4000,0" yaku="25,1,23,1,52,1" doraHai="1" who="0" fromWho="0" sc="269,40,209,-10,229,-20,293,-10" /><INIT seed="3,0,0,4,1,15" ten="309,199,209,283" oya="3" hai0="14,60,51,126,65,102,30,20,52,53,71,96,75" hai1="98,55,74,36,112,25,115,29,81,9,38,0,124" hai2="35,106,100,97,27,104,119,4,82,13,113,130,108" hai3="63,37,78,50,85,83,72,128,23,31,5,84,19"/><W62/><G37/><T46/><D126/><U68/><E124/><V47/><F108/><W34/><G128/><T76/><D75/><U86/><E74/><V33/><F119/><W95/><G5/><T45/><D76/><U58/><E68/><V11/><F113/><W3/><G3/><T73/><D73/><U123/><E123/><V48/><F130/><W118/><G118/><T42/><D46/><U93/><E0/><V107/><F82/><W6/><G6/><T8/><D20/><U117/><E9/><V133/><F133/><W18/><G34/><T57/><D30/><U54/><E54/><V21/><F33/><W114/><G114/><T39/><D53/><U94/><E94/><V134/><F134/><W110/><G72/><T91/><D91/><U10/><E10/><V69/><F69/><W111/><G50/><T56/><D56/><U79/><E117/><V24/><F35/><W7/><G7/><T90/><D90/><U88/><E115/><V109/><F109/><N who="3" m="41483" /><G85/><T49/><D49/><U129/><E129/><V59/><F4/><W120/><G95/><T80/><D80/><U132/><E132/><V32/><F106/><W127/><G120/><T26/><D39/><U77/><E112/><V16/><F104/><W2/><G2/><T131/><D131/><U44/><E38/><V87/><F32/><W28/><G28/><T61/><D51/><N who="1" m="31103" /><E36/><V40/><F87/><W64/><G127/><T22/><D45/><U92/><E44/><V122/><F122/><W101/><G64/><T17/><D65/><U12/><E81/><V135/><F135/><RYUUKYOKU ba="0,0" sc="309,0,199,0,209,0,283,0" /><INIT seed="4,1,0,1,2,44" ten="309,199,209,283" oya="0" hai0="51,88,19,97,56,110,130,90,116,96,71,118,103" hai1="5,14,83,82,91,87,55,67,26,133,7,84,85" hai2="36,41,120,9,24,3,52,69,112,28,129,74,78" hai3="48,122,49,33,124,1,73,31,29,15,20,2,95"/><T30/><D71/><U22/><E133/><V16/><F120/><W0/><G73/><T35/><D130/><U123/><E123/><V79/><F129/><W111/><G122/><T132/><D132/><U109/><E109/><V100/><F69/><W57/><G111/><T70/><D70/><U113/><E67/><V135/><F135/><W39/><G39/><T106/><D110/><U99/><E113/><V98/><F74/><W115/><G115/><T6/><D6/><U37/><E37/><V42/><F112/><W53/><G124/><T40/><D19/><U72/><E72/><V68/><F68/><W107/><G107/><T34/><D30/><U76/><E99/><V117/><F117/><W27/><G95/><T119/><D97/><U105/><E105/><V65/><F65/><W114/><G114/><T125/><D125/><U108/><E108/><V128/><F128/><W127/><G127/><T62/><D62/><U93/><E14/><V50/><F36/><W38/><G38/><T4/><D4/><U121/><E55/><V126/><F3/><W81/><G81/><T75/><D75/><U101/><E101/><V60/><F60/><W25/><REACH who="3" step="1"/><G15/><REACH who="3" ten="309,199,209,273" step="2"/><T10/><D119/><U92/><E121/><V131/><F126/><W21/><G21/><T12/><D118/><U66/><E93/><V13/><F131/><W104/><G104/><T17/><D116/><U134/><E134/><V63/><F13/><W94/><G94/><T43/><D35/><U32/><E32/><V80/><F80/><W59/><G59/><T23/><D106/><U89/><E83/><RYUUKYOKU ba="1,1" sc="309,-10,199,-10,209,-10,273,30" hai3="0,1,2,20,25,27,29,31,33,48,49,53,57" /><INIT seed="5,2,1,5,3,55" ten="299,189,199,303" oya="1" hai0="35,14,94,109,6,5,25,42,31,107,0,30,100" hai1="74,89,122,98,105,3,129,11,75,128,84,19,44" hai2="118,56,120,124,72,10,88,133,123,52,47,135,12" hai3="102,46,49,33,93,130,48,92,112,59,28,80,78"/><U62/><E122/><V38/><F118/><W41/><G112/><T45/><D109/><U65/><E44/><V7/><F124/><W22/><G33/><T87/><D0/><U26/><E105/><V76/><F76/><W57/><G130/><N who="1" m="50282" /><E98/><V64/><F72/><W50/><G28/><T91/><D31/><U126/><E126/><V96/><F64/><W58/><G22/><T34/><D34/><U17/><E26/><V83/><F47/><W79/><G79/><T66/><D66/><U1/><E1/><V4/><F4/><W108/><G108/><T9/><D107/><U111/><E111/><V117/><F38/><W54/><G102/><T18/><REACH who="0" step="1"/><D100/><REACH who="0" ten="289,189,199,303" step="2"/><U116/><E116/><V13/><F117/><W32/><G32/><T86/><D86/><U20/><E75/><V81/><F120/><W67/><G67/><T103/><D103/><U132/><E74/><V63/><F123/><W27/><G27/><T114/><D114/><U99/><E99/><V85/><F13/><W106/><G106/><T8/><D8/><U23/><E3/><V104/><F104/><W29/><G29/><T61/><D61/><U37/><E11/><V131/><F96/><W21/><G21/><T36/><AGARI ba="2,2" hai="5,6,9,14,18,25,30,35,36,42,45,87,91,94" machi="36" ten="20,2700,0" yaku="1,1,0,1,7,1,53,0" doraHai="55" doraHaiUra="97" who="0" fromWho="0" sc="289,53,189,-15,199,-9,303,-9" /><INIT seed="6,0,0,1,4,17" ten="342,174,190,294" oya="2" hai0="113,21,133,20,27,41,89,14,116,30,13,31,25" hai1="79,39,85,97,84,72,82,47,99,29,63,69,66" hai2="123,118,24,67,73,42,61,131,105,8,120,87,54" hai3="91,33,107,71,74,102,104,46,106,108,125,75,130"/><V68/><F73/><N who="3" m="27659" /><G46/><T127/><D113/><U119/><E119/><V32/><F118/><W16/><G16/><T37/><D116/><U6/><E29/><V112/><F112/><W4/><G4/><T44/><D133/><U3/><E85/><V80/><F131/><W55/><G55/><T38/><D127/><U129/><E84/><V65/><F42/><W94/><G71/><T76/><D76/><U110/><E129/><V77/><F67/><W35/><G35/><T59/><D38/><U60/><E60/><V12/><F54/><W52/><G52/><T43/><D43/><U49/><E49/><V51/><F51/><W62/><G62/><T83/><D59/><U70/><E70/><V58/><F58/><W19/><G19/><T53/><D53/><U64/><E64/><V7/><REACH who="2" step="1"/><F105/><REACH who="2" ten="342,174,180,294" step="2"/><W50/><G50/><T132/><D132/><U10/><E110/><V114/><F114/><W95/><G108/><T90/><D83/><U111/><E111/><V98/><F98/><W11/><G107/><T9/><D9/><U15/><E15/><AGARI ba="0,1" hai="13,14,15,20,21,25,27,30,31,37,41,44,89,90" machi="15" ten="40,5200,0" yaku="9,1,52,2" doraHai="17" who="0" fromWho="1" sc="342,62,174,-52,180,0,294,0" /><INIT seed="7,0,0,4,3,97" ten="404,122,180,294" oya="3" hai0="21,37,45,95,126,32,43,26,91,87,104,49,132" hai1="92,8,123,1,13,39,121,55,134,58,27,122,113" hai2="52,131,51,9,42,59,67,7,28,78,46,75,128" hai3="47,69,79,77,2,53,116,34,114,80,107,125,127"/><W83/><G2/><T74/><D104/><U33/><E39/><V81/><F28/><W71/><G34/><T94/><D74/><U40/><E40/><V19/><F19/><W98/><G116/><T133/><D32/><U11/><E113/><V111/><F67/><W62/><G47/><T50/><D126/><N who="3" m="48137" /><G53/><T54/><D95/><U72/><E72/><V117/><F111/><W16/><G114/><T30/><REACH who="0" step="1"/><D49/><REACH who="0" ten="394,122,180,294" step="2"/><U12/><E134/><V130/><F117/><W120/><G120/><T88/><D88/><U84/><E33/><V135/><F135/><W0/><G0/><T36/><D36/><U103/><E1/><V96/><F128/><W3/><G3/><T82/><D82/><N who="3" m="31273" /><G77/><T76/><D76/><U65/><E123/><V118/><F118/><W17/><G79/><T44/><AGARI ba="0,1" hai="21,26,30,37,43,44,45,50,54,87,91,94,132,133" machi="44" ten="30,2000,0" yaku="1,1,0,1,53,0" doraHai="97" doraHaiUra="102" who="0" fromWho="0" sc="394,30,122,-5,180,-5,294,-10" owari="424,52.4,117,-38.3,175,-22.5,284,8.4" /></mjloggm>