<mjloggm ver="2.3"><GO type="169" lobby="0"/><UN n0="%E2%80%A0%E7%99%BD%E5%85%8E%E2%80%A0" n1="%E9%95%B7%E5%B1%B1%E5%A4%A7%E6%A8%B9" n2="%E8%A6%9A%E9%86%92%E3%81%97%E3%81%9F%E3%81%A8%E3%81%BE%E3%81%A8" n3="%E3%81%9F%E3%81%8B%E3%81%AA" dan="18,17,16,19" rate="2264.44,2131.91,2156.79,2219.40" sx="M,M,M,M"/><TAIKYOKU oya="0"/><INIT seed="0,0,0,5,3,119" ten="250,250,250,250" oya="0" hai0="15,111,28,41,2,123,56,70,131,22,14,50,40" hai1="104,8,20,47,59,72,84,57,114,71,16,39,120" hai2="66,75,1,43,25,127,45,46,64,63,0,106,115" hai3="126,38,77,21,31,51,60,90,29,18,116,10,135"/><T118/><D118/><U7/><E71/><V107/><F115/><W69/><G38/><T82/><D70/><U12/><E72/><V27/><F75/><W42/><G116/><T23/><D2/><U129/><E104/><V6/><F63/><W17/><G77/><T11/><D131/><U98/><E129/><V124/><REACH who="2" step="1"/><F6/><REACH who="2" ten="250,250,240,250" step="2"/><W94/><G60/><T101/><D111/><U102/><E114/><V109/><F109/><W26/><G126/><T30/><D123/><U19/><E120/><V100/><F100/><W76/><G135/><T35/><D101/><U134/><E7/><V4/><F4/><W87/><G69/><T130/><D130/><U112/><E112/><V3/><F3/><W37/><G37/><T65/><D65/><U117/><E134/><V73/><F73/><W89/><G76/><T125/><D125/><U44/><E117/><V13/><F13/><N who="3" m="7351" /><G89/><T99/><D15/><U105/><E39/><V122/><F122/><W36/><G36/><T81/><D14/><U48/><E12/><V92/><F92/><W34/><G34/><T132/><D132/><U91/><E102/><V78/><F78/><W61/><G61/><T121/><D121/><U53/><E105/><V67/><F67/><W32/><G32/><T95/><D35/><U58/><E48/><V79/><F79/><W55/><G42/><AGARI ba="0,1" hai="0,1,25,27,42,43,45,46,64,66,106,107,124,127" machi="42" ten="25,8000,1" yaku="1,1,22,2,53,2" doraHai="119" doraHaiUra="62" who="2" fromWho="3" sc="250,0,250,0,240,90,250,-80" /><INIT seed="1,0,0,4,1,66" ten="250,250,330,170" oya="1" hai0="112,64,97,104,106,83,35,114,36,73,32,123,4" hai1="6,8,41,115,53,126,102,28,22,52,100,43,72" hai2="20,24,94,99,132,58,76,60,38,62,3,111,48" hai3="86,26,47,70,33,80,71,128,87,46,2,96,1"/><U107/><E72/><V78/><F38/><W27/><G96/><T74/><D4/><U91/><E115/><N who="0" m="44073" /><D83/><U34/><E34/><N who="0" m="12841" /><D97/><U21/><E126/><V122/><F111/><W89/><G33/><T85/><D85/><U131/><E131/><V134/><F122/><W40/><G128/><T113/><D113/><U88/><E6/><V17/><F3/><W116/><G116/><T121/><D64/><U92/><E8/><V75/><F75/><N who="0" m="28682" /><D36/><U95/><E28/><V15/><F15/><W117/><G117/><T135/><D135/><N who="2" m="51754" /><F48/><W130/><G130/><T110/><D110/><U103/><REACH who="1" step="1"/><E103/><REACH who="1" ten="250,240,330,170" step="2"/><N who="2" m="60919" /><F62/><W31/><G31/><T37/><D37/><U120/><E120/><AGARI ba="0,1" hai="104,106,120,121,123" m="28682,12841,44073" machi="120" ten="40,8000,1" yaku="28,2,13,1,31,2" doraHai="66" who="0" fromWho="1" sc="250,90,240,-80,330,0,170,0" /><INIT seed="2,0,0,2,4,26" ten="340,160,330,170" oya="2" hai0="21,19,50,102,119,127,133,39,108,6,122,80,43" hai1="82,128,23,53,107,44,69,10,97,129,41,103,135" hai2="92,56,35,114,12,1,100,130,74,95,34,46,84" hai3="11,7,14,117,52,91,8,73,75,68,96,55,121"/><V88/><F114/><W123/><G117/><T104/><D122/><U131/><E135/><V109/><F1/><W51/><G68/><T70/><D119/><U58/><E69/><V134/><F134/><W30/><G55/><T113/><D113/><U24/><E10/><V89/><F74/><W83/><G30/><T71/><D39/><U87/><E58/><V78/><F130/><W110/><G110/><T38/><D38/><U101/><E53/><V37/><F109/><W3/><G96/><T9/><D80/><U94/><E103/><V40/><F78/><W29/><G29/><T112/><D102/><U5/><E5/><V33/><F100/><W81/><G81/><T62/><D9/><U120/><E120/><V64/><F12/><W2/><G73/><T90/><D6/><U65/><E65/><V54/><F64/><W36/><G36/><T45/><D71/><U22/><E107/><V13/><F13/><W132/><G132/><T118/><D104/><U0/><E0/><V31/><F31/><W27/><G27/><T63/><D70/><U42/><E44/><V60/><REACH who="2" step="1"/><F35/><REACH who="2" ten="340,160,320,170" step="2"/><W86/><G75/><T59/><D133/><U61/><E23/><V48/><F48/><W79/><G79/><T105/><D50/><U76/><REACH who="1" step="1"/><E61/><REACH who="1" ten="340,150,320,170" step="2"/><V85/><AGARI ba="0,2" hai="33,34,37,40,46,54,56,60,84,85,88,89,92,95" machi="85" ten="20,18000,2" yaku="1,1,0,1,7,1,9,1,54,1,53,2" doraHai="26" doraHaiUra="28" who="2" fromWho="2" sc="340,-60,150,-60,320,200,170,-60" /><INIT seed="2,1,0,3,3,115" ten="280,90,520,110" oya="2" hai0="101,56,58,52,7,24,83,105,6,97,90,21,33" hai1="22,17,41,68,106,69,85,72,109,82,1,57,38" hai2="108,128,30,76,0,19,4,10,84,134,46,126,112" hai3="118,8,53,93,100,123,48,54,110,45,132,59,119"/><V75/><F112/><W36/><G123/><T29/><D58/><U89/><E106/><V43/><F134/><W25/><G132/><T122/><D122/><U107/><E107/><V35/><F126/><W16/><G110/><T88/><D33/><U86/><E72/><V3/><F108/><W63/><G36/><T34/><D34/><U49/><E1/><N who="2" m="271" /><F84/><W32/><G32/><T96/><D90/><U114/><E114/><V70/><F19/><W127/><G127/><T20/><D20/><U71/><E38/><N who="2" m="21879" /><F70/><W61/><G61/><T31/><D31/><U131/><E131/><V9/><F9/><W79/><G79/><T23/><D23/><U77/><E109/><V81/><F128/><W27/><G27/><AGARI ba="1,0" hai="0,3,27,30,35,75,76,81" m="21879,271" machi="27" ten="30,5800,0" yaku="25,1,33,2" doraHai="115" who="2" fromWho="3" sc="280,0,90,0,520,61,110,-61" /><INIT seed="2,2,0,1,5,128" ten="280,90,581,49" oya="2" hai0="6,104,107,109,56,130,61,134,95,34,14,5,3" hai1="58,54,78,113,19,66,16,120,131,24,60,36,105" hai2="69,53,79,125,57,82,93,100,68,121,83,101,62" hai3="92,10,72,114,63,91,46,59,12,28,84,75,96"/><V99/><F125/><W110/><G110/><T94/><D34/><U17/><E113/><V0/><F121/><W98/><G114/><T1/><D14/><U133/><E131/><V37/><F37/><W55/><G28/><T111/><D130/><U103/><E120/><V115/><F115/><W9/><G72/><T20/><D56/><U70/><E36/><V77/><F0/><W88/><G75/><T41/><D61/><U67/><E78/><V74/><REACH who="2" step="1"/><F100/><REACH who="2" ten="280,90,571,49" step="2"/><W129/><G129/><T65/><D109/><U43/><E103/><V23/><F23/><W126/><G126/><T89/><D1/><U22/><E22/><V122/><F122/><W21/><G21/><T33/><D3/><U116/><E116/><V117/><F117/><W44/><G9/><T11/><D11/><U38/><E38/><V118/><F118/><W90/><G98/><T73/><D111/><U119/><E119/><V52/><F52/><W26/><G26/><T51/><D20/><U40/><E54/><V124/><F124/><W35/><G35/><T4/><D33/><U85/><E24/><V25/><F25/><W97/><G97/><T50/><D41/><U87/><E43/><V48/><F48/><W47/><REACH who="3" step="1"/><G96/><REACH who="3" ten="280,90,571,39" step="2"/><T132/><D107/><U45/><E105/><V13/><F13/><W64/><G64/><T18/><D65/><U123/><E67/><V81/><F81/><W29/><G29/><T49/><D104/><U27/><E27/><V8/><F8/><W31/><G31/><T108/><D108/><U135/><E123/><V80/><F80/><W102/><G102/><RYUUKYOKU ba="2,2" sc="280,-15,90,-15,571,15,39,15" hai2="53,57,62,68,69,74,77,79,82,83,93,99,101" hai3="10,12,44,46,47,55,59,63,84,88,90,91,92" /><INIT seed="2,3,2,3,3,86" ten="265,75,586,54" oya="2" hai0="4,3,103,88,133,64,65,122,129,87,9,1,114" hai1="100,0,105,51,28,14,110,36,111,37,23,59,53" hai2="127,44,73,90,33,126,22,77,83,60,69,16,20" hai3="62,120,38,45,30,91,112,125,80,128,70,130,108"/><V121/><F121/><W35/><G120/><T63/><D114/><U74/><E0/><V119/><F119/><W55/><G108/><N who="1" m="41514" /><E74/><V61/><F33/><W95/><G112/><T48/><D122/><U85/><E85/><V12/><F69/><W106/><G106/><T78/><D78/><U21/><E14/><V113/><F113/><W96/><G125/><N who="2" m="47625" /><F22/><N who="1" m="8201" /><E28/><V6/><F6/><W116/><G116/><T68/><D3/><U79/><E79/><V7/><F7/><W54/><G80/><T115/><D4/><U10/><E10/><V97/><F44/><W11/><G11/><T109/><D9/><U101/><E105/><V76/><F76/><W42/><G30/><T123/><D1/><U118/><E118/><V52/><F52/><W132/><G35/><T50/><D115/><U104/><E104/><V40/><F40/><W124/><G124/><T32/><D32/><U66/><E66/><V56/><F56/><W99/><G54/><T24/><D65/><U135/><E135/><V75/><F75/><W107/><G132/><T47/><D133/><U117/><E117/><V93/><AGARI ba="3,2" hai="12,16,20,60,61,73,77,83,90,93,97" m="47625" machi="93" ten="30,6000,0" yaku="18,1,52,1,54,1" doraHai="86" who="2" fromWho="2" sc="265,-23,75,-23,586,89,54,-23" /><INIT seed="2,4,0,5,3,9" ten="242,52,675,31" oya="2" hai0="52,44,108,25,50,39,61,6,109,3,113,114,54" hai1="88,34,43,123,55,5,125,13,76,87,4,12,37" hai2="11,60,28,20,48,100,0,42,83,26,96,56,22" hai3="14,36,23,93,77,1,66,73,103,106,135,51,126"/><V105/><F83/><W97/><G36/><T29/><D3/><U132/><E34/><V116/><F116/><W84/><G1/><T57/><D6/><N who="1" m="2667" /><E37/><V117/><F117/><W78/><G126/><T41/><D25/><U118/><E118/><V49/><F0/><W68/><G135/><T70/><D29/><U86/><E43/><V82/><F11/><W47/><G73/><T27/><D27/><U16/><E125/><V110/><F110/><N who="0" m="42602" /><D70/><U95/><E132/><V79/><F20/><W102/><G68/><T69/><D69/><U24/><E123/><V64/><REACH who="2" step="1"/><F42/><REACH who="2" ten="242,52,665,31" step="2"/><W45/><G23/><T107/><D41/><U62/><E76/><V131/><F131/><W92/><G77/><T129/><D129/><U133/><E133/><V120/><F120/><W98/><G78/><T99/><D114/><U74/><E74/><AGARI ba="4,1" hai="22,26,28,48,49,56,60,64,74,79,82,96,100,105" machi="74" ten="30,5800,0" yaku="1,1,7,1,53,1" doraHai="9" doraHaiUra="101" who="2" fromWho="1" sc="242,0,52,-70,665,80,31,0" owari="242,4.2,-18,-51.8,745,84.5,31,-36.9" /></mjloggm>