<mjloggm ver="2.3"><GO type="169" lobby="0"/><UN n0="%E6%82%94%E3%81%84%E3%82%BF%E3%83%B3" n1="%E3%82%82%E3%82%8A%E3%82%8A%E3%82%93%E3%82%82%E3%82%8A%E3%82%82%E3%82%8A" n2="%E4%BA%8C%E6%8A%9E%E4%BA%BA" n3="%E3%83%80%E3%83%8B%E3%83%90%E3%83%81%E3%83%A7%E3%83%95" dan="17,16,16,17" rate="2205.57,2079.26,2036.33,2191.89" sx="M,M,F,M"/><TAIKYOKU oya="0"/><INIT seed="0,0,0,5,2,34" ten="250,250,250,250" oya="0" hai0="112,109,45,64,43,72,126,81,122,1,5,23,78" hai1="129,49,76,114,133,37,127,105,130,95,35,0,120" hai2="77,98,46,90,38,15,132,32,36,84,31,83,14" hai3="131,27,71,33,55,66,52,25,10,61,6,39,87"/><T42/><D112/><U106/><RYUUKYOKU type="yao9" ba="0,0" sc="250,0,250,0,250,0,250,0" hai1="0,35,37,49,76,95,105,106,114,120,127,129,130,133" /><INIT seed="0,1,0,0,4,43" ten="250,250,250,250" oya="0" hai0="31,121,27,33,30,78,126,13,21,52,39,100,18" hai1="56,60,98,40,86,132,116,120,90,58,25,88,97" hai2="75,61,74,0,47,93,49,44,34,89,117,16,72" hai3="42,84,115,6,8,62,94,2,124,22,63,109,68"/><T92/><D121/><U101/><E116/><V36/><F0/><W134/><G115/><T95/><D126/><U128/><E128/><V127/><F34/><W105/><G105/><T80/><D31/><U17/><E132/><V104/><F104/><W38/><G134/><T113/><D113/><U112/><E120/><V81/><F117/><W131/><G124/><T46/><D100/><U69/><E112/><V15/><F127/><W118/><G109/><T71/><D71/><U50/><E101/><V85/><F61/><W99/><G131/><T10/><D33/><U130/><E69/><V1/><F1/><W119/><G84/><T7/><D30/><U35/><E130/><V110/><F110/><W114/><G22/><T19/><D7/><U77/><E77/><V45/><F36/><W28/><G63/><T64/><D64/><U53/><E90/><V102/><F102/><W106/><G28/><T70/><D70/><U91/><E91/><V96/><F96/><W51/><G38/><T55/><D39/><U59/><E35/><V67/><F67/><N who="3" m="41079" /><G106/><T11/><D11/><U48/><E60/><V32/><F32/><W108/><G108/><T125/><D125/><U20/><E40/><V122/><F122/><W23/><G23/><T135/><D135/><U3/><E3/><V24/><F24/><W29/><G29/><T14/><D27/><U83/><E50/><V82/><REACH who="2" step="1"/><F49/><REACH who="2" ten="250,250,240,250" step="2"/><W103/><G114/><T129/><D129/><U65/><REACH who="1" step="1"/><E65/><REACH who="1" ten="250,240,240,250" step="2"/><V57/><F57/><AGARI ba="1,2" hai="17,20,25,48,53,56,57,58,59,83,86,88,97,98" machi="57" ten="40,8000,1" yaku="1,1,2,1,8,1,54,1,53,0" doraHai="43" doraHaiUra="66" who="1" fromWho="2" sc="250,0,240,103,240,-83,250,0" /><INIT seed="1,0,0,0,0,25" ten="250,343,157,250" oya="1" hai0="95,61,53,15,79,65,23,55,135,132,64,12,108" hai1="57,107,123,87,104,21,99,68,77,133,96,105,116" hai2="102,39,89,70,69,29,40,112,10,51,56,1,114" hai3="86,103,42,100,94,71,113,78,45,73,35,124,90"/><U5/><E68/><V118/><F118/><W0/><G113/><N who="2" m="43625" /><F102/><W93/><G124/><T84/><D108/><U8/><E123/><V82/><F39/><W125/><G125/><T48/><D79/><U18/><E116/><V91/><F10/><W30/><G0/><T127/><D127/><U14/><E57/><V120/><F1/><W2/><G2/><T19/><D12/><U67/><E67/><V74/><F74/><W31/><G71/><T131/><D55/><U92/><E133/><N who="0" m="51273" /><D61/><U81/><REACH who="1" step="1"/><E92/><REACH who="1" ten="250,333,157,250" step="2"/><V115/><F69/><W66/><G94/><T46/><D131/><U22/><E22/><V59/><F70/><W7/><G93/><T119/><D119/><U44/><E44/><N who="2" m="25991" /><F115/><W106/><G45/><T9/><D23/><U3/><AGARI ba="0,1" hai="3,5,8,14,18,21,77,81,87,96,99,104,105,107" machi="3" ten="30,6000,0" yaku="1,1,0,1,53,1" doraHai="25" doraHaiUra="32" who="1" fromWho="1" sc="250,-20,333,70,157,-20,250,-20" /><INIT seed="1,1,0,4,3,57" ten="230,403,137,230" oya="1" hai0="133,38,34,89,83,19,92,61,112,20,52,111,45" hai1="93,72,135,12,64,87,5,30,81,127,90,41,24" hai2="17,104,9,16,63,131,66,130,47,21,134,116,76" hai3="108,55,82,15,103,33,122,50,11,101,119,10,37"/><U58/><E41/><V69/><F116/><W46/><G122/><T43/><D112/><U96/><E127/><V29/><F104/><W22/><G33/><T70/><D34/><U26/><E30/><V56/><F134/><W102/><G119/><T18/><D133/><U129/><E129/><N who="2" m="49163" /><F76/><W31/><G108/><T132/><D132/><U94/><E135/><V23/><F9/><W126/><G126/><T121/><D111/><U75/><E75/><V128/><N who="2" m="49171" /><V113/><DORA hai="118" /><F113/><W100/><G37/><T79/><D121/><U49/><E72/><V40/><F69/><W97/><G82/><T4/><D4/><U6/><E6/><V110/><F110/><W67/><G67/><T1/><D1/><U123/><E123/><V88/><F88/><W60/><G60/><T62/><D70/><U42/><E64/><V7/><F7/><W0/><G0/><T39/><D39/><U114/><E114/><V8/><F8/><W84/><G84/><T80/><D79/><U98/><E5/><V13/><F29/><W48/><G31/><T28/><D28/><U35/><E35/><V51/><F13/><W73/><G73/><T32/><D32/><U2/><E12/><V44/><F47/><W95/><REACH who="3" step="1"/><G50/><REACH who="3" ten="230,403,137,220" step="2"/><T115/><D115/><U99/><E2/><V85/><F85/><W59/><G59/><T36/><D83/><U105/><E58/><V109/><F109/><W3/><G3/><T68/><D80/><U54/><E81/><V71/><F71/><W91/><G91/><T14/><D68/><U78/><E90/><V117/><F117/><RYUUKYOKU ba="1,1" sc="230,-15,403,-15,137,15,220,15" hai2="16,17,21,23,40,44,51,56,63,66" hai3="10,11,15,22,46,48,55,95,97,100,101,102,103" /><INIT seed="2,2,1,4,3,113" ten="215,388,152,235" oya="2" hai0="104,2,74,93,16,98,27,39,51,15,8,60,9" hai1="53,1,91,112,17,125,62,22,48,128,105,80,108" hai2="130,87,58,109,41,77,70,5,124,63,131,4,30" hai3="12,7,83,3,33,75,81,106,57,24,115,49,107"/><V73/><F73/><W29/><G115/><T64/><D39/><U14/><E112/><V116/><F70/><W59/><G12/><T110/><D110/><U129/><E108/><V45/><F109/><W47/><G59/><T78/><D104/><U46/><E105/><V50/><F124/><W54/><G83/><T119/><D27/><U18/><E1/><V114/><F30/><W84/><G75/><T97/><D97/><U31/><E31/><V23/><F23/><W21/><G21/><T0/><D51/><U40/><E18/><V42/><F42/><W111/><G111/><T35/><D35/><U120/><E120/><V133/><F133/><W82/><G82/><T96/><D96/><U32/><E32/><V69/><F69/><W71/><G71/><T92/><D92/><U122/><E122/><V13/><F114/><W102/><G102/><T86/><D74/><U34/><E34/><V134/><F134/><W126/><G126/><T79/><D86/><U88/><E125/><V89/><F77/><W99/><G99/><T65/><D65/><U67/><E40/><V118/><F13/><W44/><G107/><T72/><D72/><U135/><E135/><V101/><F101/><W11/><REACH who="3" step="1"/><G106/><REACH who="3" ten="215,388,152,225" step="2"/><T127/><D127/><U38/><E80/><N who="2" m="49383" /><F4/><W90/><AGARI ba="2,2" hai="3,7,11,24,29,33,44,47,49,54,57,81,84,90" machi="90" ten="20,5200,0" yaku="1,1,0,1,7,1,53,1" doraHai="113" doraHaiUra="28" who="3" fromWho="3" sc="215,-15,388,-15,152,-28,225,78" /><INIT seed="3,0,0,3,2,107" ten="200,373,124,303" oya="3" hai0="41,111,63,59,100,60,87,101,75,72,6,93,29" hai1="33,83,70,35,48,85,123,124,71,38,128,116,49" hai2="18,67,127,23,19,25,55,47,133,44,69,14,16" hai3="80,112,132,46,92,105,32,131,51,68,99,40,95"/><W74/><G112/><T28/><D111/><U43/><E123/><V102/><F127/><W86/><G32/><T50/><D6/><U0/><E0/><V90/><F133/><W120/><G120/><T121/><D121/><U64/><E124/><V119/><F119/><W34/><G132/><T84/><D41/><U30/><E128/><V39/><F102/><W88/><G68/><T134/><D50/><U7/><E7/><V4/><F69/><W53/><G131/><T11/><D59/><U15/><E15/><V125/><F67/><W130/><G130/><T20/><D20/><U109/><E109/><V2/><F2/><W57/><G74/><T108/><D134/><U110/><E110/><V115/><F115/><W73/><G73/><T45/><D108/><U37/><E43/><V3/><F3/><W22/><G22/><T13/><D13/><U96/><E30/><V54/><F39/><W79/><G34/><T17/><D93/><U135/><E135/><V81/><F4/><W78/><G105/><T122/><D122/><U26/><E64/><V89/><F125/><W76/><REACH who="3" step="1"/><G92/><REACH who="3" ten="200,373,124,293" step="2"/><T104/><D104/><U114/><E114/><V126/><F126/><W82/><G82/><T77/><D75/><U10/><E83/><V56/><F81/><W24/><G24/><T61/><D72/><U1/><E26/><V103/><F25/><W27/><G27/><T118/><D28/><U12/><E70/><V113/><F23/><W129/><G129/><T94/><D29/><U98/><E71/><V58/><F113/><W5/><G5/><T9/><D94/><RYUUKYOKU ba="0,1" sc="200,-10,373,-10,124,-10,293,30" hai3="40,46,51,53,57,76,78,79,80,86,88,95,99" /><INIT seed="3,1,1,2,4,117" ten="190,363,114,323" oya="3" hai0="104,23,27,79,90,45,134,3,96,60,41,62,66" hai1="129,37,54,29,127,92,86,46,110,13,76,12,108" hai2="89,52,1,74,119,80,38,61,100,132,130,77,25" hai3="98,75,128,135,109,116,94,111,19,53,73,31,84"/><W102/><G116/><T26/><D3/><U24/><E127/><V5/><F119/><W44/><G31/><T55/><D134/><U112/><E129/><V83/><F130/><W57/><G128/><T9/><D79/><U106/><E106/><V16/><F38/><W50/><G135/><T67/><D9/><U125/><E125/><V99/><F132/><W72/><G84/><T105/><D55/><U28/><E112/><V88/><F83/><W49/><REACH who="3" step="1"/><G19/><REACH who="3" ten="190,363,114,313" step="2"/><T133/><D133/><U6/><E29/><V122/><F122/><W39/><G39/><T15/><D96/><U97/><E37/><V56/><F5/><W36/><G36/><T4/><D4/><U30/><E30/><V2/><F2/><W126/><G126/><T21/><D67/><U63/><E6/><V47/><F1/><W43/><AGARI ba="1,2" hai="43,44,49,50,53,57,72,73,75,94,98,102,109,111" machi="43" ten="40,3900,0" yaku="1,1,0,1,53,0" doraHai="117" doraHaiUra="115" who="3" fromWho="3" sc="190,-14,363,-14,114,-14,313,62" /><INIT seed="3,2,0,4,0,46" ten="176,349,100,375" oya="3" hai0="43,9,121,20,8,12,93,132,32,11,10,34,106" hai1="110,60,22,47,127,52,84,133,31,23,119,41,15" hai2="58,73,122,124,16,77,83,75,71,130,2,18,64" hai3="42,61,40,98,79,44,30,118,27,5,67,14,125"/><W33/><G118/><T108/><D106/><U39/><E119/><V95/><F2/><W100/><G125/><T113/><D121/><U7/><E127/><V24/><F124/><W63/><G79/><T26/><D43/><U103/><E110/><V62/><F122/><W92/><G42/><T91/><D108/><U97/><E84/><V90/><F130/><W59/><G63/><T36/><D36/><U48/><E60/><V126/><F126/><W29/><G29/><T50/><D132/><U89/><E89/><V66/><F66/><W107/><G14/><T96/><D113/><U80/><E80/><V13/><F71/><W99/><G5/><T111/><D50/><N who="1" m="26991" /><E31/><V88/><F75/><W45/><REACH who="3" step="1"/><G40/><REACH who="3" ten="176,349,100,365" step="2"/><T131/><D111/><U35/><E133/><V68/><F13/><W19/><G19/><T53/><D131/><U17/><E39/><V56/><F18/><W25/><G25/><T109/><D109/><U69/><E7/><V37/><F37/><W86/><G86/><T128/><D128/><U72/><E72/><V85/><REACH who="2" step="1"/><F90/><AGARI ba="2,1" hai="27,30,33,44,45,59,61,67,90,92,98,99,100,107" machi="90" ten="30,5800,0" yaku="1,1,7,1,53,1" doraHai="46" doraHaiUra="57" who="3" fromWho="2" sc="176,0,349,0,100,-64,365,74" /><INIT seed="3,3,0,5,4,37" ten="176,349,36,439" oya="3" hai0="95,63,21,59,54,70,121,49,124,46,65,106,93" hai1="79,39,85,114,133,134,92,24,110,98,132,11,107" hai2="84,75,6,91,69,119,40,109,56,42,83,7,60" hai3="55,10,20,32,74,131,80,71,101,115,8,122,118"/><W102/><G32/><T51/><D106/><U72/><E11/><V52/><F119/><W67/><G118/><T77/><D121/><U35/><E39/><V57/><F69/><W108/><G122/><T12/><D124/><U129/><E24/><V111/><F75/><W87/><G115/><T135/><D135/><U125/><E35/><V68/><F68/><W103/><G74/><T3/><D3/><U16/><E16/><V44/><F44/><W17/><G108/><N who="2" m="41545" /><F57/><W78/><G131/><T2/><D2/><U33/><E33/><V18/><F18/><W64/><G55/><T26/><D12/><U53/><E53/><V123/><F123/><W30/><G30/><T127/><D77/><U120/><E120/><V117/><F117/><W9/><REACH who="3" step="1"/><G71/><REACH who="3" ten="176,349,36,429" step="2"/><T43/><REACH who="0" step="1"/><D127/><REACH who="0" ten="166,349,36,429" step="2"/><U90/><E125/><V128/><F128/><W13/><AGARI ba="3,2" hai="8,9,10,13,17,20,64,67,78,80,87,101,102,103" machi="13" ten="30,11700,0" yaku="1,1,2,1,0,1,8,1,53,0" doraHai="37" doraHaiUra="50" who="3" fromWho="3" sc="166,-42,349,-42,36,-42,429,146" owari="124,-27.6,307,10.7,-6,-50.6,575,67.5" /></mjloggm>