<mjloggm ver="2.3"><GO type="225" lobby="0"/><UN n0="%E5%91%A8%E6%9D%B1" n1="%E6%97%A5%E6%9B%9C%E6%97%A5%E3%82%88%E3%82%8A%E3%81%AE%E4%BD%BF%E8%80%85" n2="%E3%82%A2%E3%82%A4%E3%82%B9%E3%83%86%E3%82%A3%E3%83%BC%E3%81%82%E3%81%B9" n3="%E7%B4%94%E6%BD%94%E3%83%94%E3%83%A9%E3%83%8B%E3%82%A2" dan="16,17,16,16" rate="2156.62,2204.59,2076.64,2172.04" sx="M,M,M,M"/><TAIKYOKU oya="0"/><INIT seed="0,0,0,2,4,54" ten="250,250,250,250" oya="0" hai0="9,91,44,122,82,24,85,135,93,62,81,124,78" hai1="75,22,95,125,11,100,116,3,110,16,2,7,47" hai2="5,38,27,80,108,123,55,45,33,130,71,87,28" hai3="59,89,68,90,30,29,49,99,72,1,46,115,134"/><T19/><D124/><U77/><E116/><V53/><F108/><W48/><G68/><T70/><D135/><U114/><E110/><V41/><F123/><W109/><G72/><T6/><D122/><U4/><E125/><V43/><F130/><W102/><G1/><T112/><D112/><U126/><E126/><V56/><F71/><W88/><G115/><T14/><D70/><U15/><E114/><V10/><F41/><W131/><G131/><T120/><D120/><U127/><E127/><V23/><F33/><W113/><G113/><T12/><D24/><U105/><E105/><V58/><F55/><N who="3" m="32231" /><G134/><T25/><D25/><U65/><E65/><V107/><F53/><N who="3" m="29879" /><G109/><T66/><D44/><U118/><E118/><V51/><F38/><W83/><G83/><T26/><D26/><U86/><E75/><V111/><F107/><W42/><G42/><T34/><D34/><U121/><E121/><V101/><F101/><W133/><G133/><T63/><D82/><U13/><E47/><V94/><F94/><AGARI ba="0,0" hai="29,30,88,89,90,94,99,102" m="29879,32231" machi="94" ten="30,3900,0" yaku="8,1,52,1,54,1" doraHai="54" who="3" fromWho="2" sc="250,0,250,0,250,-39,250,39" /><INIT seed="1,0,0,0,1,7" ten="250,250,211,289" oya="1" hai0="68,105,93,10,92,21,30,25,107,56,50,51,62" hai1="0,57,123,8,11,94,42,87,127,70,73,81,9" hai2="59,12,83,118,16,13,32,125,3,111,122,124,117" hai3="20,135,48,65,116,24,96,63,47,88,53,35,90"/><U103/><E70/><V60/><F122/><W91/><G35/><T46/><D68/><U52/><E123/><V49/><F3/><W37/><G37/><T82/><D82/><U75/><E42/><V78/><F49/><W39/><G39/><T126/><D126/><N who="2" m="48746" /><F32/><W18/><G135/><T1/><D105/><U129/><E0/><V6/><F111/><W22/><G22/><T44/><D107/><U74/><E127/><V69/><F69/><W133/><G133/><T2/><D2/><U17/><E129/><V15/><F6/><W33/><G33/><T113/><D113/><U130/><E130/><V77/><F16/><W119/><REACH who="3" step="1"/><G96/><REACH who="3" ten="250,250,211,279" step="2"/><T58/><D21/><U71/><E71/><AGARI ba="0,1" hai="18,20,24,47,48,53,63,65,71,88,90,91,116,119" machi="71" ten="40,5200,0" yaku="1,1,2,1,54,1,53,0" doraHai="7" doraHaiUra="128" who="3" fromWho="1" sc="250,0,250,-52,211,0,279,62" /><INIT seed="2,0,0,3,2,0" ten="250,198,211,341" oya="2" hai0="105,55,119,3,99,66,128,63,11,48,6,39,109" hai1="28,1,111,82,36,106,62,93,102,107,81,117,32" hai2="104,77,103,40,61,31,131,130,33,88,84,67,74" hai3="80,91,90,114,135,124,96,15,94,70,129,26,75"/><V133/><F133/><W46/><G70/><T68/><D109/><U9/><E36/><V101/><F40/><W45/><G135/><T69/><D128/><N who="2" m="49194" /><F104/><W20/><G129/><T121/><D119/><U34/><E117/><V59/><F74/><W134/><G134/><T37/><D121/><U92/><E111/><V64/><F77/><W83/><G75/><T16/><D69/><U8/><E1/><V86/><F84/><W5/><G124/><T25/><D99/><U35/><E28/><V132/><F132/><W76/><G76/><T43/><D105/><N who="1" m="39947" /><E62/><N who="2" m="37983" /><F33/><N who="1" m="8449" /><U27/><DORA hai="19" /><E27/><V18/><F18/><N who="3" m="12567" /><G114/><T54/><D43/><U72/><E102/><V57/><F31/><W7/><G15/><T118/><D118/><U23/><E72/><V97/><F97/><W116/><G116/><T123/><D123/><U14/><E14/><V110/><F110/><W10/><G10/><N who="1" m="4202" /><E23/><V95/><AGARI ba="0,0" hai="57,61,67,86,88,95,101,103" m="37983,49194" machi="95" ten="30,3000,0" yaku="19,1,54,1" doraHai="0,19" who="2" fromWho="2" sc="250,-10,198,-10,211,30,341,-10" /><INIT seed="2,1,0,0,3,12" ten="240,188,241,331" oya="2" hai0="34,5,121,60,125,97,11,29,75,25,53,31,135" hai1="61,23,18,32,37,33,20,78,92,124,91,22,6" hai2="126,118,102,73,116,127,26,70,64,8,85,46,77" hai3="16,94,99,84,96,128,119,76,28,48,89,71,17"/><V45/><F73/><W51/><G119/><N who="2" m="45609" /><F26/><W134/><G71/><T55/><D75/><U90/><E37/><V3/><F8/><W14/><G128/><T107/><D121/><U44/><E124/><N who="2" m="47659" /><F3/><W50/><G134/><T103/><D135/><U40/><E78/><V117/><F102/><W38/><G38/><T80/><D80/><U42/><E6/><V59/><N who="2" m="45617" /><V15/><DORA hai="57" /><F15/><W98/><G28/><T93/><D125/><U132/><E132/><V74/><F85/><W68/><G68/><T56/><D31/><U111/><E111/><V4/><F4/><W1/><G1/><T87/><D87/><U47/><E23/><V39/><F39/><W36/><G36/><T123/><D123/><U100/><E100/><V82/><F59/><W49/><N who="3" m="12288" /><DORA hai="21" /><W66/><G66/><T133/><D133/><U10/><E10/><V106/><F106/><W41/><G41/><T35/><D107/><U130/><E92/><V0/><F0/><W115/><G115/><T13/><D34/><U62/><REACH who="1" step="1"/><E18/><REACH who="1" ten="240,178,241,331" step="2"/><N who="3" m="7274" /><G14/><T95/><D13/><U43/><E43/><V108/><F108/><W30/><G30/><T104/><D29/><U58/><E58/><V109/><F109/><W113/><G113/><T9/><D56/><U86/><E86/><V54/><F70/><W83/><AGARI ba="1,1" hai="76,83,84,89,94,96,98,99" m="7274,12288" machi="83" ten="50,8000,1" yaku="8,1,52,3,54,1" doraHai="12,57,21" who="3" fromWho="3" sc="240,-21,178,-21,241,-41,331,93" /><INIT seed="3,0,0,4,5,22" ten="219,157,200,424" oya="3" hai0="63,50,121,58,123,32,115,91,101,40,59,128,39" hai1="74,119,20,56,90,94,25,46,104,7,18,95,8" hai2="61,2,66,126,47,106,35,10,70,77,68,21,71" hai3="81,92,116,103,88,48,29,3,6,132,0,78,82"/><W36/><G116/><T12/><D32/><U5/><E119/><V65/><F35/><W64/><G36/><T87/><D101/><U110/><E104/><V17/><F106/><W69/><G69/><T79/><D79/><U52/><E74/><V127/><F77/><W124/><G64/><N who="2" m="24681" /><F47/><W30/><G103/><T100/><D100/><U67/><E110/><V73/><F73/><W54/><G124/><N who="2" m="47657" /><F2/><W75/><G132/><T4/><D39/><U102/><E102/><V14/><F61/><W44/><G81/><T112/><D63/><N who="1" m="38375" /><E8/><AGARI ba="0,0" hai="8,10,14,17,21,68,70,71" m="47657,24681" machi="8" ten="40,1300,0" yaku="18,1" doraHai="22" who="2" fromWho="1" sc="219,0,157,-13,200,13,424,0" owari="219,1.9,144,-35.6,213,-18.7,424,52.4" /></mjloggm>