<mjloggm ver="2.3"><GO type="169" lobby="0"/><UN n0="%E3%81%A0%E3%81%A3" n1="%E3%81%9F%E3%81%BE%E5%AD%90" n2="%41%72%69%61" n3="%E4%BA%8C%E6%8A%9E%E4%BA%BA" dan="16,16,16,16" rate="2193.94,2157.81,2148.81,2064.29" sx="F,M,F,F"/><TAIKYOKU oya="0"/><INIT seed="0,0,0,4,4,110" ten="250,250,250,250" oya="0" hai0="135,10,39,100,116,67,122,72,3,53,131,43,80" hai1="134,108,86,11,93,18,69,114,89,107,28,75,113" hai2="102,111,129,15,55,112,128,120,47,117,62,124,24" hai3="29,58,56,19,76,32,2,85,27,83,68,26,94"/><T101/><D116/><U84/><E69/><V81/><F102/><W51/><G68/><T37/><D122/><U54/><E75/><V119/><F81/><W97/><G2/><T52/><D67/><U98/><E28/><V1/><F1/><W14/><G27/><T5/><D131/><N who="2" m="50250" /><F24/><W132/><G51/><T64/><D64/><U115/><E108/><V40/><F15/><W4/><G132/><T59/><D135/><U17/><E134/><V41/><F111/><W35/><G4/><T66/><D66/><U7/><E54/><N who="0" m="21097" /><D59/><U8/><E8/><V60/><F120/><W105/><G105/><T126/><D126/><U71/><E71/><V123/><F123/><W46/><G46/><N who="0" m="23919" /><D39/><U96/><E18/><V78/><F124/><W9/><REACH who="3" step="1"/><G32/><REACH who="3" ten="250,250,250,240" step="2"/><T118/><D118/><U74/><E17/><V57/><F119/><W79/><G79/><AGARI ba="0,1" hai="3,5,10,72,79,80,100,101" m="23919,21097" machi="79" ten="30,2900,0" yaku="25,1,54,1" doraHai="110" who="0" fromWho="3" sc="250,39,250,0,250,0,240,-29" /><INIT seed="0,1,0,5,4,21" ten="289,250,250,211" oya="0" hai0="3,91,104,25,57,14,9,1,54,52,23,125,127" hai1="78,65,7,102,38,20,120,87,47,123,66,106,34" hai2="88,128,44,110,126,76,31,112,121,75,59,77,67" hai3="69,40,122,16,45,114,130,124,111,43,41,46,29"/><T15/><D104/><U32/><E7/><V24/><F121/><W17/><G114/><T118/><D118/><U68/><E78/><V89/><F112/><W119/><G119/><T37/><D37/><U74/><E74/><V56/><F126/><N who="0" m="48138" /><D91/><U96/><E87/><V132/><F75/><W72/><G124/><T71/><D71/><U58/><E58/><V70/><F70/><W85/><G72/><T92/><D92/><U2/><E2/><N who="0" m="521" /><D9/><U30/><E20/><V53/><F59/><W6/><G69/><T61/><D54/><U49/><E65/><V86/><F67/><W81/><G122/><T26/><D26/><N who="1" m="18519" /><E34/><V63/><F89/><W107/><G107/><T103/><D103/><U129/><E38/><V60/><F77/><W135/><G41/><T73/><D73/><U79/><E79/><V90/><F76/><W62/><G43/><T95/><D95/><U99/><E99/><V133/><F90/><W105/><G105/><T5/><D5/><U50/><E120/><V51/><F63/><W33/><G62/><T0/><N who="0" m="529" /><T35/><DORA hai="117" /><D35/><U13/><E123/><V100/><F100/><W48/><G6/><T94/><D94/><U39/><E39/><V108/><F60/><W36/><G33/><T113/><D113/><U28/><E66/><V101/><F101/><W64/><G64/><T116/><D116/><U109/><E68/><V97/><F97/><W82/><G36/><T11/><D11/><U18/><E96/><V98/><F98/><W19/><G40/><T93/><D93/><U12/><E106/><V84/><F88/><RYUUKYOKU ba="1,0" sc="289,30,250,-10,250,-10,211,-10" hai0="14,15,23,25,52,57,61" /><INIT seed="0,2,0,4,0,65" ten="319,240,240,201" oya="0" hai0="47,6,131,23,99,41,124,13,35,90,61,119,42" hai1="84,109,75,58,3,94,125,18,113,101,118,17,102" hai2="24,123,30,96,67,63,72,135,122,91,25,8,26" hai3="110,55,54,51,87,46,76,104,81,40,14,50,95"/><T74/><D74/><U92/><E118/><V11/><F72/><W12/><G104/><T64/><D35/><U116/><E116/><V48/><F135/><W21/><G110/><T127/><D119/><U7/><E75/><V20/><F26/><W112/><G112/><T117/><D117/><U73/><E73/><V27/><F27/><W69/><G69/><T79/><D79/><U43/><E109/><V107/><F48/><W85/><G21/><T1/><D1/><U0/><E125/><N who="0" m="48201" /><D131/><U16/><E113/><V89/><F89/><W130/><G130/><T126/><D126/><U57/><E43/><V86/><F123/><W15/><G50/><T68/><D47/><U2/><E7/><V44/><F44/><W97/><REACH who="3" step="1"/><G85/><REACH who="3" ten="319,240,240,191" step="2"/><T106/><D106/><U71/><E84/><V103/><F122/><W105/><G105/><T78/><D23/><U66/><E71/><V134/><F134/><W98/><G98/><T77/><D41/><U22/><E22/><V82/><REACH who="2" step="1"/><F25/><REACH who="2" ten="319,240,230,191" step="2"/><W19/><G19/><T80/><D42/><U10/><E18/><V37/><F37/><W83/><G83/><T62/><D80/><U33/><E17/><V34/><F34/><W60/><G60/><T115/><D61/><U120/><E33/><V129/><F129/><W38/><G38/><T28/><D115/><U32/><E32/><V93/><F93/><N who="1" m="35945" /><E120/><V121/><F121/><W52/><G52/><T133/><D133/><U56/><E66/><V88/><F88/><AGARI ba="2,2" hai="12,14,15,40,46,51,54,55,76,81,87,88,95,97" machi="88" ten="40,8000,1" yaku="1,1,8,1,54,1,53,1" doraHai="65" doraHaiUra="36" who="3" fromWho="2" sc="319,0,240,0,230,-86,191,106" /><INIT seed="1,0,0,4,1,124" ten="319,240,144,297" oya="1" hai0="48,69,5,128,45,27,47,86,41,39,59,123,68" hai1="109,100,112,65,104,36,93,133,113,85,75,76,49" hai2="53,16,3,119,134,35,72,54,116,88,28,135,8" hai3="110,99,118,101,90,115,95,31,126,102,60,98,78"/><U22/><E36/><V132/><F72/><W122/><G31/><T89/><D123/><U13/><E65/><V120/><F120/><W32/><G32/><T23/><D5/><U43/><E43/><V96/><F35/><W79/><G122/><T34/><D34/><U14/><E49/><V117/><F28/><W20/><G115/><N who="1" m="44106" /><E22/><V130/><F130/><W108/><G20/><T50/><D59/><U58/><E58/><V91/><F3/><W26/><G26/><T6/><D6/><U107/><E14/><N who="2" m="7239" /><F96/><W131/><G60/><T71/><D128/><U51/><E51/><V92/><F92/><N who="3" m="58567" /><G131/><T15/><D15/><U80/><E13/><V30/><F30/><W25/><G25/><T4/><D4/><U94/><E133/><V62/><F62/><W33/><G33/><T21/><D27/><U64/><E64/><V46/><F46/><W111/><G118/><T125/><D39/><U74/><E109/><V19/><F19/><W81/><G126/><T114/><D125/><U12/><E12/><V11/><F11/><W70/><G70/><T105/><D114/><U61/><E61/><V57/><F57/><W17/><G17/><T29/><D29/><U87/><E74/><V44/><F44/><W77/><G102/><T82/><D71/><U56/><E56/><V83/><F83/><AGARI ba="0,0" hai="77,78,79,81,83,90,95,99,108,110,111" m="58567" machi="83" ten="40,5200,0" yaku="14,1,34,2" doraHai="124" who="3" fromWho="2" sc="319,0,240,0,144,-52,297,52" /><INIT seed="2,0,0,3,3,130" ten="319,240,92,349" oya="2" hai0="67,28,90,54,24,108,83,63,81,101,50,103,14" hai1="131,88,37,87,17,107,120,74,45,114,23,98,84" hai2="61,70,82,80,20,6,2,79,51,33,94,3,38" hai3="102,92,100,77,47,39,18,111,85,95,121,22,133"/><V75/><F33/><W129/><G121/><T13/><D108/><U43/><E114/><V78/><F94/><W109/><G129/><T69/><D103/><U110/><E131/><V41/><F51/><W115/><G115/><T65/><D65/><U86/><E110/><V119/><F119/><W59/><G59/><T135/><D101/><U49/><E74/><V125/><F125/><W34/><G34/><T132/><D13/><U118/><E118/><V4/><F20/><W106/><G47/><T40/><D14/><U99/><E120/><V35/><F35/><W62/><G62/><T104/><D104/><U68/><E68/><V56/><F70/><W97/><G39/><T64/><D64/><U16/><E107/><V126/><F126/><W91/><G109/><T123/><D40/><U128/><E128/><V124/><F124/><W9/><G9/><T25/><D123/><U117/><E117/><V96/><F96/><N who="1" m="36905" /><E37/><V21/><F21/><W60/><G111/><T31/><D31/><U73/><E73/><V105/><F105/><W112/><G102/><T71/><D71/><U19/><E23/><V30/><F30/><W27/><G112/><T113/><D28/><U89/><AGARI ba="0,0" hai="16,17,19,43,45,49,84,86,87,88,89" m="36905" machi="89" ten="40,5200,0" yaku="8,1,54,2" doraHai="130" who="1" fromWho="1" sc="319,-13,240,52,92,-26,349,-13" /><INIT seed="3,0,0,4,3,22" ten="306,292,66,336" oya="3" hai0="82,61,89,95,1,40,36,123,101,132,88,0,126" hai1="104,41,14,64,85,4,128,98,135,91,115,68,24" hai2="56,20,116,134,83,28,6,107,38,119,55,76,120" hai3="80,110,118,17,39,10,49,131,5,93,58,79,8"/><W27/><G118/><T70/><D123/><U75/><E115/><V69/><F69/><W113/><G113/><T102/><D36/><U18/><E128/><V7/><F107/><W51/><G39/><T112/><D40/><U114/><E114/><V57/><F38/><W133/><G131/><T43/><D43/><U121/><E121/><V81/><F120/><W63/><G133/><T25/><D112/><U129/><E129/><V127/><F20/><W106/><G106/><T117/><D82/><U26/><E75/><V42/><F42/><W109/><G93/><T60/><D95/><N who="1" m="56703" /><E68/><V65/><F65/><W21/><G51/><T35/><D70/><U90/><E135/><V122/><F134/><W87/><G49/><T99/><D132/><U47/><E104/><V54/><F122/><W53/><REACH who="3" step="1"/><G5/><REACH who="3" ten="306,292,66,326" step="2"/><T125/><D117/><U100/><E4/><V66/><F6/><W74/><G74/><T23/><D126/><U2/><E2/><V103/><F7/><W92/><G92/><T31/><D125/><U130/><E130/><V67/><F127/><W15/><G15/><T30/><D0/><U33/><E14/><V45/><F119/><W37/><G37/><T71/><D1/><U72/><E72/><V86/><F116/><W59/><G59/><T50/><D71/><U46/><E46/><V97/><F45/><W96/><G96/><T12/><D99/><U124/><E47/><V19/><F97/><W3/><G3/><T48/><D12/><U62/><E124/><V16/><F57/><W77/><G77/><T108/><D48/><U11/><E100/><RYUUKYOKU ba="0,1" sc="306,-10,292,-10,66,-10,326,30" hai3="8,10,17,21,27,53,58,63,79,80,87,109,110" /><INIT seed="3,1,1,0,3,76" ten="296,282,56,356" oya="3" hai0="116,129,6,99,100,83,112,27,44,56,62,45,114" hai1="120,121,109,107,71,21,37,122,113,118,15,7,43" hai2="89,60,65,80,24,94,54,132,51,39,85,25,108" hai3="86,14,1,72,105,96,128,46,28,23,111,42,91"/><W119/><G119/><T133/><D116/><U58/><E107/><V19/><F39/><W12/><G1/><T90/><D129/><U64/><E21/><V117/><F117/><W30/><G72/><T31/><D6/><U115/><E15/><V92/><F108/><W106/><G128/><T18/><D18/><U74/><E7/><V34/><F132/><W8/><G111/><T11/><D11/><U16/><E16/><V81/><F34/><W127/><G127/><T103/><D133/><U35/><E35/><V79/><F25/><W98/><G105/><T77/><D90/><U70/><E74/><V36/><F36/><W134/><G134/><T124/><D124/><U130/><E118/><V2/><F2/><W87/><G87/><T123/><D123/><U29/><E29/><V67/><F60/><W22/><G106/><T40/><D103/><U131/><E109/><V126/><F94/><W84/><G91/><T101/><D100/><U59/><E37/><V20/><F126/><W38/><G8/><T32/><D101/><U49/><E121/><V52/><F54/><W102/><G102/><T75/><D99/><U26/><E26/><V0/><F0/><W61/><G61/><T95/><D95/><U53/><E53/><V69/><F69/><W41/><G38/><T104/><D104/><U13/><E13/><V97/><REACH who="2" step="1"/><F81/><REACH who="2" ten="296,282,46,356" step="2"/><W47/><AGARI ba="1,2" hai="12,14,22,23,28,30,41,42,46,47,84,86,96,98" machi="47" ten="25,9600,0" yaku="0,1,22,2,8,1" doraHai="76" who="3" fromWho="3" sc="296,-33,282,-33,46,-33,356,119" /><INIT seed="3,2,0,5,5,129" ten="263,249,13,475" oya="3" hai0="42,24,10,66,5,21,17,61,90,118,86,98,14" hai1="68,126,69,81,46,119,30,102,115,58,3,71,131" hai2="1,0,55,78,83,2,49,12,103,128,84,59,121" hai3="74,20,27,50,56,36,8,93,13,32,135,91,37"/><W11/><G32/><T65/><D118/><U54/><E3/><V110/><F128/><W67/><G74/><T116/><D116/><U112/><E131/><V130/><F130/><W108/><G108/><T31/><D42/><U132/><E119/><V134/><F110/><W92/><G92/><T45/><D45/><U109/><E109/><V94/><F121/><W47/><G37/><T107/><D107/><U104/><E126/><V89/><F103/><W16/><G135/><T26/><D98/><N who="1" m="61527" /><E81/><V96/><REACH who="2" step="1"/><F12/><REACH who="2" ten="263,249,3,475" step="2"/><W124/><G13/><T29/><D24/><U15/><E15/><V76/><F76/><W114/><G124/><T28/><D61/><U19/><E115/><V77/><F77/><W4/><G27/><T82/><AGARI ba="2,1" hai="5,10,14,17,21,26,28,29,31,65,66,82,86,90" machi="82" ten="30,2000,0" yaku="0,1,8,1" doraHai="129" who="0" fromWho="0" sc="263,36,249,-7,3,-7,475,-12" owari="299,9.9,242,-15.8,-4,-50.4,463,56.3" /></mjloggm>