<mjloggm ver="2.3"><GO type="169" lobby="0"/><UN n0="%E5%AE%88%E6%9D%91%E6%A1%9C%E5%BC%A5" n1="%72%65%62%65%65%72" n2="%E3%83%8F%E3%83%B3%E3%83%81%E3%83%A7%E3%82%A6%E5%A4%A7%E6%A7%BB" n3="%E6%99%82%E8%A8%88%E5%9D%82%E9%9B%B6" dan="17,16,16,16" rate="2143.55,2164.78,2110.87,2147.52" sx="M,M,M,M"/><TAIKYOKU oya="0"/><INIT seed="0,0,0,3,0,63" ten="250,250,250,250" oya="0" hai0="24,86,98,10,89,12,102,111,52,61,87,126,95" hai1="2,66,132,74,43,50,82,79,125,32,70,96,20" hai2="56,130,92,69,47,80,93,41,108,110,14,57,106" hai3="78,25,39,23,0,77,49,13,122,117,116,37,107"/><T68/><D126/><U29/><E125/><V9/><F106/><W6/><G107/><T83/><D111/><N who="2" m="42538" /><F80/><W99/><G99/><T4/><D24/><U53/><E2/><V131/><F69/><W34/><G122/><T134/><D134/><U104/><E43/><V16/><F57/><W44/><G77/><T85/><REACH who="0" step="1"/><D52/><REACH who="0" ten="240,250,250,250" step="2"/><U65/><E132/><V42/><F42/><W84/><G25/><T59/><D59/><U62/><E32/><V19/><F56/><W22/><G34/><T81/><D81/><U21/><E29/><V5/><F41/><W113/><G117/><T28/><D28/><U54/><E54/><V27/><F27/><W75/><G116/><T11/><D11/><U71/><E71/><V36/><F47/><W115/><G44/><T128/><D128/><N who="2" m="49194" /><F36/><W26/><G37/><T38/><D38/><U133/><E133/><V51/><F51/><W94/><G49/><T46/><D46/><U30/><E30/><V114/><F114/><W64/><G39/><T91/><D91/><U127/><E127/><V58/><F58/><W8/><G115/><T112/><D112/><U18/><E70/><V73/><F73/><W124/><G113/><T45/><D45/><U129/><E50/><V101/><F101/><W60/><G124/><T33/><D33/><U7/><E53/><V105/><F105/><W135/><G135/><T103/><D103/><U123/><E104/><V48/><F48/><W40/><G40/><T97/><D97/><U120/><E96/><V72/><F72/><W31/><G75/><T100/><D100/><U118/><E129/><RYUUKYOKU ba="0,1" sc="240,15,250,-15,250,15,250,-15" hai0="4,10,12,61,68,83,85,86,87,89,95,98,102" hai2="5,9,14,16,19,92,93" /><INIT seed="0,1,1,5,1,89" ten="255,235,265,235" oya="0" hai0="112,54,119,40,129,101,121,127,97,6,133,96,93" hai1="81,94,9,72,115,69,114,11,104,108,62,86,123" hai2="15,19,22,135,49,76,82,67,100,68,42,78,99" hai3="131,47,66,128,116,16,55,50,39,134,85,63,77"/><T8/><D121/><U17/><E104/><V61/><F135/><W80/><G116/><T102/><D119/><U122/><E108/><V13/><F15/><W90/><G134/><T25/><D112/><N who="1" m="43051" /><E72/><V27/><F82/><W118/><G118/><T113/><D113/><U3/><E17/><V58/><F68/><W111/><G111/><T1/><D133/><U12/><E12/><V21/><F49/><W120/><G120/><N who="1" m="46122" /><E3/><V110/><F42/><W95/><G39/><T64/><D129/><N who="3" m="49737" /><G16/><T34/><D127/><U109/><E109/><V4/><F110/><W103/><G103/><T65/><D40/><U91/><E81/><V117/><F117/><W125/><G125/><T20/><D54/><U71/><E71/><V30/><REACH who="2" step="1"/><F4/><REACH who="2" ten="255,235,255,235" step="2"/><W52/><G50/><T98/><D6/><U92/><E69/><V132/><F132/><W87/><G47/><T107/><D1/><U88/><E62/><V74/><F74/><W35/><G35/><T75/><D75/><U29/><E29/><V105/><AGARI ba="1,2" hai="13,19,21,22,27,30,58,61,67,76,78,99,100,105" machi="105" ten="20,2700,0" yaku="1,1,0,1,7,1,53,0" doraHai="89" doraHaiUra="126" who="2" fromWho="2" sc="255,-14,235,-8,255,50,235,-8" /><INIT seed="1,0,0,1,1,125" ten="241,227,305,227" oya="1" hai0="124,109,102,32,135,116,14,39,8,11,10,43,0" hai1="132,4,41,2,120,29,92,75,60,18,127,80,126" hai2="63,123,24,78,113,27,130,98,50,87,64,3,53" hai3="107,117,105,96,7,16,79,133,25,95,119,17,61"/><U110/><E120/><V89/><F123/><W12/><G133/><T55/><D116/><N who="3" m="44617" /><G79/><T88/><D32/><U57/><E29/><V56/><F3/><W26/><G7/><T62/><D135/><U36/><E132/><V103/><F113/><W52/><G17/><T67/><D124/><N who="1" m="47659" /><E110/><V35/><F35/><W129/><G129/><T97/><D109/><U128/><E18/><V76/><F130/><W49/><G61/><T68/><D0/><U66/><E128/><V28/><F27/><N who="3" m="10251" /><G95/><T9/><D55/><U47/><E92/><V83/><F28/><W85/><G96/><T100/><D100/><U72/><E80/><V58/><F24/><W40/><G85/><T91/><D14/><U69/><E69/><V30/><F30/><W86/><G86/><T1/><D1/><U131/><E131/><V51/><REACH who="2" step="1"/><F50/><REACH who="2" ten="241,227,295,227" step="2"/><W46/><G40/><T82/><D43/><U22/><E22/><AGARI ba="0,1" hai="12,16,22,46,49,52,105,107" m="10251,44617" machi="22" ten="30,3900,0" yaku="12,1,54,2" doraHai="125" who="3" fromWho="1" sc="241,0,227,-39,295,0,227,49" /><INIT seed="2,0,0,5,4,33" ten="241,188,295,276" oya="2" hai0="88,29,42,46,47,124,130,78,68,37,50,17,113" hai1="133,74,38,80,55,62,105,120,90,59,19,127,23" hai2="11,109,21,2,100,53,129,25,16,95,51,60,24" hai3="56,125,104,39,99,40,58,0,87,63,66,97,91"/><V93/><F60/><W119/><G119/><T41/><D113/><U96/><E133/><V106/><F106/><W13/><G125/><T134/><D124/><U64/><E127/><V111/><F129/><W73/><G73/><T82/><D130/><U128/><E128/><V27/><F100/><W116/><G116/><T31/><D134/><U126/><E126/><V75/><F75/><W92/><G39/><T70/><D78/><U61/><E38/><V4/><F93/><W10/><G40/><T49/><D37/><U112/><E112/><V32/><F95/><W36/><G36/><T135/><D135/><U48/><E120/><V20/><F32/><W94/><G104/><T34/><D17/><U81/><E74/><V79/><F79/><W107/><G107/><T18/><D18/><U30/><E30/><V5/><F5/><W101/><G0/><T131/><D131/><U35/><E35/><V83/><F83/><W115/><G115/><T72/><D72/><U7/><E7/><V65/><F65/><W44/><G44/><T122/><D122/><U8/><E62/><V43/><F43/><W86/><REACH who="3" step="1"/><G56/><REACH who="3" ten="241,188,295,266" step="2"/><T69/><D34/><U45/><E105/><V102/><F102/><W9/><G9/><T110/><D110/><N who="2" m="41994" /><F21/><W117/><G117/><T14/><D69/><U22/><E22/><V76/><F76/><W98/><G98/><T54/><D42/><U1/><E23/><V132/><F132/><W118/><G118/><T6/><D68/><U67/><E8/><V12/><F12/><W84/><G84/><N who="0" m="50199" /><D70/><U77/><E96/><V15/><F15/><RYUUKYOKU ba="0,1" sc="241,10,188,-30,295,10,266,10" hai0="6,14,29,31,41,46,47,49,50,54" hai2="2,4,11,16,20,24,25,27,51,53" hai3="10,13,58,63,66,86,87,91,92,94,97,99,101" /><INIT seed="2,1,1,2,1,43" ten="251,158,305,276" oya="2" hai0="77,79,45,96,66,67,55,135,119,53,22,104,88" hai1="38,14,34,5,64,35,89,121,74,127,75,93,86" hai2="125,50,118,21,47,7,82,4,111,24,132,103,128" hai3="23,105,40,28,29,120,3,17,122,32,48,10,84"/><V63/><F118/><W124/><G105/><T90/><D119/><U8/><E127/><V95/><F128/><W98/><G98/><T27/><D104/><U131/><E131/><V114/><F114/><W60/><G60/><T107/><D107/><U73/><E64/><N who="0" m="24617" /><D135/><U26/><E121/><V85/><F63/><W83/><G124/><T126/><D126/><U100/><E100/><V87/><F132/><W39/><G39/><T106/><D106/><U101/><E101/><V117/><F117/><W2/><G32/><T80/><D80/><U36/><REACH who="1" step="1"/><E26/><REACH who="1" ten="251,148,305,276" step="2"/><V46/><F125/><W52/><G120/><T30/><D96/><U97/><E97/><V61/><F103/><W62/><G122/><T58/><D79/><U41/><E41/><V70/><F24/><W78/><G40/><T25/><D77/><U11/><E11/><V133/><F133/><W18/><G10/><T91/><D22/><U42/><E42/><V130/><F21/><W16/><G23/><T81/><D30/><U134/><E134/><V15/><F130/><W108/><G108/><T113/><D113/><U37/><AGARI ba="1,2" hai="5,8,14,34,35,36,37,38,73,74,75,86,89,93" machi="37" ten="40,2700,0" yaku="1,1,0,1,53,0" doraHai="43" doraHaiUra="13" who="1" fromWho="1" sc="251,-8,148,50,305,-14,276,-8" /><INIT seed="3,0,0,3,5,92" ten="243,198,291,268" oya="3" hai0="132,0,133,81,28,49,26,116,111,57,125,130,41" hai1="97,129,66,110,119,94,78,124,117,20,60,38,31" hai2="54,2,74,63,123,21,42,135,75,71,15,8,90" hai3="113,114,121,45,44,103,39,72,58,107,70,73,112"/><W68/><G121/><T30/><D116/><N who="1" m="44619" /><E38/><V65/><F2/><W118/><G58/><T93/><D0/><U32/><E110/><V19/><F135/><W128/><G128/><T108/><D130/><U89/><E129/><V115/><F115/><W50/><G118/><T1/><D1/><U109/><E109/><N who="0" m="42057" /><D125/><U23/><E78/><V87/><F42/><W5/><G5/><T13/><D13/><U79/><E79/><V100/><F100/><W134/><G134/><T77/><D30/><U105/><E105/><V34/><F34/><W64/><G50/><T18/><D93/><U96/><E124/><V76/><F76/><W24/><G24/><T84/><D18/><U10/><E10/><V80/><F123/><W127/><G127/><T120/><D120/><U62/><E62/><V85/><F85/><W104/><G104/><T36/><D36/><U48/><E48/><V25/><REACH who="2" step="1"/><F54/><REACH who="2" ten="243,198,281,268" step="2"/><W55/><G55/><N who="0" m="31983" /><D41/><U98/><E32/><AGARI ba="0,1" hai="26,28,32,77,81,84,132,133" m="31983,42057" machi="32" ten="30,1000,0" yaku="14,1" doraHai="92" who="0" fromWho="1" sc="243,20,198,-10,281,0,268,0" /><INIT seed="4,0,0,3,2,120" ten="263,188,281,268" oya="0" hai0="131,34,122,119,83,6,72,22,68,43,127,55,25" hai1="132,61,15,67,115,0,24,4,57,100,8,44,23" hai2="123,107,77,94,41,32,84,78,17,31,1,18,105" hai3="47,81,53,101,97,37,75,86,56,76,128,113,70"/><T45/><D122/><U39/><E132/><V133/><F41/><W48/><G113/><T35/><D119/><U60/><E115/><V111/><F1/><W102/><G128/><T91/><D68/><U26/><E60/><V90/><F31/><W7/><G70/><T40/><D131/><U134/><E134/><V112/><F32/><W62/><G37/><T33/><D127/><U28/><E26/><V14/><F123/><W106/><G101/><T74/><D6/><U54/><E100/><V46/><F46/><W59/><G7/><T98/><D55/><U124/><E124/><V79/><F112/><W64/><REACH who="3" step="1"/><G47/><REACH who="3" ten="263,188,281,258" step="2"/><T92/><D43/><U27/><E39/><V13/><F133/><W16/><G16/><T96/><D45/><U29/><E44/><V19/><F19/><W9/><G9/><T58/><D40/><U52/><REACH who="1" step="1"/><E0/><REACH who="1" ten="263,178,281,258" step="2"/><V125/><F125/><W5/><G5/><T2/><D2/><U12/><E12/><V93/><F13/><W10/><G10/><T130/><D130/><U88/><E88/><V63/><F14/><W30/><G30/><T110/><D91/><U99/><E99/><V89/><F90/><W135/><G135/><T69/><D96/><U85/><E85/><AGARI ba="0,2" hai="48,53,56,59,62,64,75,76,81,85,86,97,102,106" machi="85" ten="40,1300,0" yaku="1,1,53,0" doraHai="120" doraHaiUra="117" who="3" fromWho="1" sc="263,0,178,-13,281,0,258,33" /><INIT seed="5,0,0,0,3,30" ten="263,165,281,291" oya="1" hai0="32,35,33,79,68,54,94,113,82,74,73,107,88" hai1="123,126,60,119,31,99,66,45,4,78,77,6,51" hai2="135,71,116,52,55,104,127,103,105,18,47,22,53" hai3="5,37,27,115,80,14,122,102,130,109,15,89,131"/><U85/><E119/><V134/><F116/><W121/><G37/><T10/><D107/><U17/><E126/><V9/><F71/><W21/><G102/><T11/><D113/><U44/><E123/><N who="3" m="47114" /><G80/><T8/><D68/><U86/><E31/><V117/><F9/><N who="3" m="4399" /><G89/><T58/><D74/><U81/><E17/><V92/><F117/><W48/><G48/><T41/><D41/><U67/><E99/><N who="2" m="59879" /><F47/><W42/><G42/><T63/><REACH who="0" step="1"/><D8/><REACH who="0" ten="253,165,281,291" step="2"/><U56/><E67/><V12/><F127/><W110/><G115/><T83/><D83/><N who="1" m="47343" /><E45/><V43/><F43/><AGARI ba="0,1" hai="4,6,43,44,51,56,60,66,78,81,86" m="47343" machi="43" ten="30,1500,0" yaku="8,1" doraHai="30" who="1" fromWho="2" sc="253,0,165,25,281,-15,291,0" /><INIT seed="5,1,0,0,4,75" ten="253,190,266,291" oya="1" hai0="6,21,101,126,133,4,17,58,53,38,70,104,65" hai1="88,23,71,92,14,86,112,119,79,9,68,43,18" hai2="96,116,36,99,118,2,1,90,25,83,22,81,60" hai3="98,134,48,35,97,80,20,56,16,77,13,12,64"/><U108/><E119/><V132/><F36/><W5/><G35/><T131/><D38/><U51/><E112/><V42/><F60/><N who="3" m="37895" /><G134/><T66/><D133/><U82/><E108/><V135/><F22/><W124/><G124/><T89/><D126/><U111/><E111/><V26/><F90/><W63/><G63/><T3/><D131/><U85/><E43/><AGARI ba="1,0" hai="1,2,25,26,42,43,81,83,96,99,116,118,132,135" machi="43" ten="25,1600,0" yaku="22,2" doraHai="75" who="2" fromWho="1" sc="253,0,190,-19,266,19,291,0" /><INIT seed="6,0,0,5,0,77" ten="253,171,285,291" oya="2" hai0="72,112,38,135,94,33,129,34,42,121,53,100,89" hai1="114,123,117,76,134,54,63,111,43,8,48,5,39" hai2="66,69,103,104,9,61,41,44,6,24,15,71,75" hai3="46,132,40,115,52,128,84,3,119,13,95,56,16"/><V113/><F113/><W110/><G110/><T124/><D121/><U19/><E111/><V78/><F24/><W106/><G3/><T29/><D72/><U91/><E117/><V70/><F104/><W59/><G106/><T67/><D67/><U101/><E114/><V28/><F28/><W31/><G119/><T97/><D112/><U116/><E134/><V122/><F103/><W50/><G115/><T18/><D29/><U20/><E116/><V96/><F96/><W120/><G120/><T92/><D135/><U81/><E91/><V27/><F27/><W21/><G128/><T57/><D124/><U98/><E123/><V68/><F68/><W32/><G132/><T86/><D129/><U109/><E109/><V55/><F55/><W22/><G32/><T125/><D125/><U11/><E63/><V131/><F131/><W60/><G59/><T127/><D127/><U85/><E39/><V74/><F74/><W108/><G108/><T118/><D118/><U7/><E43/><V87/><F87/><W49/><G49/><T17/><D42/><U12/><E5/><V30/><F30/><W133/><G133/><T37/><D37/><U62/><E7/><V130/><F130/><W35/><G35/><N who="0" m="13323" /><D38/><U4/><E4/><V25/><F122/><W64/><G40/><T1/><D1/><U99/><E62/><V45/><F41/><W88/><G31/><T83/><D18/><U0/><E0/><V2/><F2/><W107/><G107/><N who="0" m="63887" /><D17/><U90/><E101/><V10/><F6/><W14/><G16/><T105/><D105/><U82/><E19/><RYUUKYOKU ba="0,0" sc="253,15,171,-15,285,-15,291,15" hai0="53,57,83,86,89,92,94" hai3="13,14,21,22,46,50,52,56,60,64,84,88,95" /><INIT seed="7,1,0,1,2,103" ten="268,156,270,306" oya="3" hai0="49,31,2,78,111,22,134,97,56,116,23,83,62" hai1="76,99,8,12,63,48,0,46,72,58,135,19,47" hai2="101,66,30,87,3,122,113,40,107,102,61,91,89" hai3="52,81,11,45,110,123,27,37,92,32,64,5,112"/><W51/><G123/><T121/><D116/><U74/><E135/><V109/><F3/><W130/><G112/><T33/><D2/><U90/><E0/><V68/><F40/><W96/><G130/><T120/><D111/><U13/><E76/><V71/><F30/><W17/><G110/><T39/><D39/><U118/><E118/><V60/><F87/><W26/><G37/><T88/><D33/><U108/><E108/><V28/><F28/><W95/><G64/><T128/><D49/><U9/><E74/><V80/><F80/><W69/><G69/><T98/><D98/><U94/><E48/><V25/><F25/><W127/><G127/><T15/><D22/><U41/><E72/><V125/><F109/><W55/><G81/><T129/><D134/><U106/><E106/><V119/><F66/><W124/><G124/><T1/><D1/><U93/><E93/><V4/><F125/><W53/><G32/><T43/><D43/><U105/><E105/><V114/><F4/><W73/><G73/><T117/><D117/><U7/><REACH who="1" step="1"/><E41/><REACH who="1" ten="268,146,270,306" step="2"/><V100/><F107/><W77/><G77/><T79/><D79/><U67/><AGARI ba="1,1" hai="7,8,9,12,13,19,46,47,58,63,67,90,94,99" machi="67" ten="20,8000,1" yaku="1,1,2,1,0,1,7,1,8,1,53,0" doraHai="103" doraHaiUra="38" who="1" fromWho="1" sc="268,-21,146,93,270,-21,306,-41" /><INIT seed="8,0,0,5,5,12" ten="247,239,249,265" oya="0" hai0="93,132,111,43,121,57,59,96,60,72,9,14,126" hai1="56,110,45,91,53,16,26,123,83,44,74,78,135" hai2="70,11,17,88,103,97,122,114,64,76,98,119,128" hai3="65,21,71,131,130,30,100,19,50,107,66,58,75"/><T49/><D121/><U124/><E123/><V81/><F122/><W31/><G75/><T29/><D72/><U1/><E110/><V10/><F114/><W73/><G73/><T23/><D126/><U39/><E1/><V101/><F70/><W33/><G33/><T13/><D132/><U113/><E135/><V4/><F64/><N who="3" m="24683" /><G100/><N who="2" m="38473" /><F128/><N who="3" m="49195" /><G107/><T99/><D60/><U6/><E124/><V51/><F4/><W117/><G117/><T134/><D134/><U35/><E6/><V89/><F119/><W61/><G50/><T90/><D99/><N who="2" m="37898" /><F51/><W104/><G71/><T34/><D34/><U37/><E113/><V106/><F106/><W48/><G48/><T47/><D111/><U46/><E35/><V86/><F10/><W27/><G104/><T22/><D9/><U129/><E129/><V127/><F127/><W69/><G69/><T24/><D57/><U87/><E56/><V116/><F116/><W133/><G133/><T40/><D59/><U36/><E53/><AGARI ba="0,0" hai="19,21,27,30,31,53,58,61" m="49195,24683" machi="53" ten="30,2000,0" yaku="19,1,52,1" doraHai="12" who="3" fromWho="1" sc="247,0,239,-20,249,0,265,20" /><INIT seed="9,0,0,3,4,99" ten="247,219,249,285" oya="1" hai0="15,110,131,89,88,84,13,98,36,41,60,54,35" hai1="32,34,65,23,132,105,86,118,75,50,115,122,94" hai2="129,128,76,39,51,70,18,16,95,25,31,6,59" hai3="30,90,121,126,58,22,117,101,102,135,79,27,124"/><U67/><E115/><V119/><F119/><W49/><G121/><T0/><D0/><U26/><E122/><V104/><F104/><W5/><G117/><T120/><D110/><U97/><E118/><V114/><F39/><W19/><G5/><T81/><D35/><U125/><E75/><V7/><F70/><W45/><G79/><T83/><D131/><N who="2" m="50250" /><F76/><W11/><G58/><N who="0" m="34903" /><D36/><U37/><E37/><V130/><F95/><W64/><G64/><T92/><D41/><U10/><E32/><N who="2" m="20591" /><F130/><W77/><G77/><N who="0" m="46127" /><D120/><U21/><E34/><V91/><F91/><N who="0" m="34890" /><D83/><U103/><E105/><V109/><F109/><W43/><G90/><AGARI ba="0,0" hai="13,15,90,92,98" m="34890,46127,34903" machi="90" ten="30,2000,0" yaku="8,1,54,1" doraHai="99" who="0" fromWho="3" sc="247,20,219,0,249,0,285,-20" /><INIT seed="10,0,0,4,1,55" ten="267,219,249,265" oya="2" hai0="123,75,86,94,16,36,95,52,0,1,112,20,62" hai1="105,74,18,48,38,4,46,70,80,29,87,118,13" hai2="109,101,133,79,23,134,107,132,45,53,115,67,3" hai3="91,81,76,21,54,42,14,98,120,90,119,113,127"/><V9/><F79/><W25/><G120/><T110/><D110/><U64/><E118/><V126/><F109/><W37/><G119/><T41/><D75/><U30/><E105/><V121/><F121/><W111/><G111/><T72/><D72/><U85/><E38/><V117/><F117/><W11/><G127/><T102/><D41/><U128/><E128/><V82/><F82/><W114/><G42/><T129/><D36/><U28/><E4/><V34/><F34/><W96/><G37/><T68/><D68/><U122/><E122/><V106/><F67/><W88/><G54/><T84/><D112/><N who="3" m="43113" /><G14/><T63/><D1/><U100/><E100/><V7/><F101/><W5/><G11/><T32/><D32/><U24/><E70/><V49/><F115/><W12/><G12/><N who="0" m="9223" /><D0/><U69/><E69/><V89/><F126/><W130/><G5/><T31/><D31/><U59/><E74/><V44/><F44/><W35/><G35/><T2/><D2/><U17/><E24/><V22/><F22/><W40/><G40/><T51/><D129/><U104/><E104/><V58/><F23/><W125/><G125/><T97/><D123/><U78/><E87/><N who="0" m="33321" /><D95/><U43/><REACH who="1" step="1"/><E13/><REACH who="1" ten="267,209,249,265" step="2"/><V10/><F107/><W61/><G130/><T73/><D73/><U93/><E93/><V65/><F106/><W77/><G81/><T33/><D33/><U83/><E83/><V50/><F3/><W103/><G77/><T19/><D19/><U56/><E56/><AGARI ba="0,1" hai="51,52,56,62,63,94,97,102" m="33321,9223" machi="56" ten="30,7700,0" yaku="8,1,52,1,54,2" doraHai="55" who="0" fromWho="1" sc="267,87,209,-77,249,0,265,0" owari="354,45.4,132,-36.8,249,-15.1,265,6.5" /></mjloggm>