<mjloggm ver="2.3"><GO type="169" lobby="0"/><UN n0="%E3%81%9D%E3%81%86%E3%81%9F%E3%81%A3%E3%81%9F" n1="%4D%75%64%46%6C%6F%77" n2="%E7%B4%8D%E5%8D%9A%E7%A7%91%E5%A4%AB" n3="%E3%83%9F%E3%83%88%E3%83%A9%32" dan="16,16,16,16" rate="2186.40,2112.32,2153.04,2070.10" sx="M,M,F,M"/><TAIKYOKU oya="0"/><INIT seed="0,0,0,4,4,89" ten="250,250,250,250" oya="0" hai0="5,60,102,99,15,129,78,96,128,83,66,122,44" hai1="86,75,106,69,119,72,79,28,116,1,45,56,124" hai2="36,87,134,67,37,62,29,30,22,53,6,2,121" hai3="98,123,35,32,11,16,71,97,26,112,84,38,127"/><T21/><D122/><U109/><E69/><V107/><F121/><W23/><G112/><T24/><D44/><U63/><E1/><V12/><F134/><W33/><G123/><T117/><D117/><U90/><E45/><V105/><F2/><W104/><G38/><T4/><D99/><U118/><E106/><V132/><F132/><W110/><G71/><T8/><D4/><U58/><E109/><V7/><F53/><W51/><G110/><T81/><D78/><U126/><E28/><V93/><F105/><W61/><G104/><T31/><D128/><U19/><E19/><V17/><F107/><W41/><G61/><T14/><D15/><U65/><E56/><N who="2" m="37319" /><F37/><W91/><G11/><T59/><D129/><U113/><E113/><V46/><F46/><W13/><G41/><T85/><D85/><U103/><E79/><V10/><F36/><W130/><G130/><T3/><D3/><U92/><REACH who="1" step="1"/><E103/><REACH who="1" ten="250,240,250,250" step="2"/><V82/><F30/><W76/><G76/><T34/><D34/><U80/><E80/><V68/><F68/><W101/><G101/><T108/><D108/><U40/><E40/><V125/><F82/><W73/><G35/><T94/><AGARI ba="0,1" hai="5,8,14,21,24,31,59,60,66,81,83,94,96,102" machi="94" ten="20,18000,2" yaku="0,1,7,1,25,2,8,1,52,1" doraHai="89" who="0" fromWho="0" sc="250,190,240,-60,250,-60,250,-60" /><INIT seed="0,1,0,0,3,135" ten="440,180,190,190" oya="0" hai0="75,89,77,98,101,0,20,22,103,36,30,115,99" hai1="18,70,10,130,43,53,134,1,68,24,112,73,50" hai2="116,114,132,74,66,56,13,76,28,16,60,63,12" hai3="111,39,109,35,125,128,122,81,51,100,110,57,34"/><T38/><D0/><U84/><E73/><V88/><F114/><W29/><G39/><T23/><D30/><U9/><E134/><V91/><F132/><W2/><G2/><T80/><D89/><U97/><E43/><V49/><F116/><W48/><G128/><T90/><D90/><U67/><E84/><V92/><F28/><W124/><G122/><T47/><D115/><U17/><E67/><V26/><F76/><W4/><G4/><T87/><D87/><U133/><E133/><V6/><F74/><W52/><G81/><T14/><D14/><U113/><E50/><V107/><F107/><W126/><G100/><T78/><D47/><U5/><E1/><V7/><F26/><N who="3" m="18743" /><G35/><T58/><D58/><U33/><E33/><V19/><F49/><AGARI ba="1,0" hai="48,49,51,52,57,109,110,111,124,125,126" m="18743" machi="49" ten="40,12000,2" yaku="14,1,18,1,52,3,54,1" doraHai="135" who="3" fromWho="2" sc="440,0,180,0,190,-123,190,123" /><INIT seed="1,0,0,4,2,49" ten="440,180,67,313" oya="1" hai0="0,123,125,80,75,13,132,134,37,133,14,65,17" hai1="8,78,112,30,88,103,33,63,10,67,62,135,122" hai2="46,4,24,131,85,9,19,52,20,27,94,118,104" hai3="28,68,29,16,59,119,18,39,1,60,89,83,98"/><U2/><E112/><V107/><F118/><W79/><G39/><T96/><D0/><U6/><E122/><V43/><F131/><W102/><G68/><T31/><D37/><U3/><E135/><V12/><F107/><W126/><G1/><T108/><D108/><U34/><E78/><V32/><F104/><W25/><G119/><T99/><D125/><U77/><E77/><V130/><F130/><W53/><G126/><T42/><D42/><U90/><E103/><V36/><F85/><N who="3" m="48383" /><G102/><T87/><D75/><U129/><E129/><V117/><F117/><W111/><G111/><T128/><D31/><N who="3" m="11849" /><G25/><T74/><D74/><U116/><E30/><V69/><F69/><W22/><G22/><T40/><D123/><U64/><REACH who="1" step="1"/><E116/><REACH who="1" ten="440,170,67,313" step="2"/><V95/><F32/><W93/><AGARI ba="0,1" hai="16,18,53,59,60,89,93,98" m="11849,48383" machi="93" ten="30,4000,0" yaku="8,1,52,1,54,1" doraHai="49" who="3" fromWho="3" sc="440,-10,170,-20,67,-10,313,50" /><INIT seed="2,0,0,3,1,16" ten="430,150,57,363" oya="2" hai0="67,57,123,26,94,3,91,85,58,22,24,70,64" hai1="34,124,71,96,49,61,118,8,84,45,104,92,44" hai2="127,15,121,122,37,119,135,18,29,103,90,38,133" hai3="79,82,51,116,41,0,42,35,81,33,69,113,40"/><V65/><F103/><W20/><G116/><T39/><D3/><U134/><E34/><V6/><F65/><W11/><G69/><T27/><D39/><U131/><E104/><V46/><F46/><W126/><G126/><T68/><D123/><N who="2" m="47114" /><F90/><W23/><G113/><T76/><D76/><U130/><E84/><V83/><F83/><W87/><G51/><T98/><D68/><U17/><E124/><V86/><F86/><W109/><G109/><T55/><D58/><U78/><E78/><V89/><F89/><W100/><G100/><N who="0" m="60503" /><D22/><U7/><E118/><V128/><F119/><W25/><G81/><N who="0" m="49583" /><D70/><U30/><E71/><V74/><F74/><W120/><G120/><T101/><D101/><U28/><E45/><V43/><F127/><W59/><G59/><T10/><D10/><U31/><E61/><AGARI ba="0,0" hai="24,26,27,55,57,61,64,67" m="49583,60503" machi="61" ten="30,1000,0" yaku="8,1" doraHai="16" who="0" fromWho="1" sc="430,10,150,-10,57,0,363,0" /><INIT seed="3,0,0,5,0,68" ten="440,140,57,363" oya="3" hai0="108,129,57,94,127,95,23,53,132,46,118,62,91" hai1="41,123,33,103,12,7,64,90,2,89,19,15,58" hai2="70,26,112,59,43,55,27,48,42,88,111,85,114" hai3="75,86,52,9,72,121,102,14,30,1,34,120,21"/><W17/><G102/><T82/><D118/><U24/><E123/><V44/><F70/><W10/><G86/><T133/><D108/><U71/><E71/><V8/><F111/><W80/><G75/><T99/><D127/><U6/><E103/><V124/><F124/><W66/><G66/><T104/><D104/><U93/><E41/><V81/><F43/><W130/><G130/><T87/><D129/><U0/><E0/><V84/><F8/><W78/><G10/><T119/><D119/><U65/><E2/><V32/><F84/><W67/><G67/><T115/><D115/><U134/><E134/><N who="0" m="51817" /><D23/><U69/><E69/><V92/><F81/><W39/><G39/><T60/><D46/><U22/><E33/><V79/><F79/><W101/><G101/><N who="0" m="60663" /><D95/><U40/><E93/><V18/><F32/><W3/><G3/><T76/><D62/><U54/><E22/><V31/><F18/><W96/><G96/><T56/><D57/><U77/><E58/><V83/><F83/><W49/><G34/><T125/><D125/><U109/><E109/><V36/><REACH who="2" step="1"/><F26/><REACH who="2" ten="440,140,47,363" step="2"/><W98/><G98/><T13/><D13/><U110/><E110/><V113/><F113/><W73/><G73/><T107/><D76/><U122/><E77/><V135/><F135/><W28/><G121/><T74/><D74/><U63/><E24/><V11/><F11/><W47/><REACH who="3" step="1"/><G120/><REACH who="3" ten="440,140,47,353" step="2"/><T51/><D107/><U25/><E122/><V128/><F128/><W38/><G38/><T45/><D87/><U131/><E131/><V97/><F97/><W126/><G126/><T117/><D117/><RYUUKYOKU ba="0,2" sc="440,-15,140,-15,47,15,353,15" hai2="27,31,36,42,44,48,55,59,85,88,92,112,114" hai3="1,9,14,17,21,28,30,47,49,52,72,78,80" /><INIT seed="3,1,2,5,5,65" ten="425,125,62,368" oya="3" hai0="106,61,53,0,125,81,118,90,35,52,19,114,108" hai1="85,67,101,29,87,102,39,43,73,22,86,21,30" hai2="1,77,126,71,41,120,117,58,89,5,27,80,24" hai3="124,31,34,74,70,10,33,82,91,44,59,18,13"/><W128/><G124/><T56/><D106/><U2/><E2/><V104/><F117/><W78/><G128/><T69/><D35/><U4/><E73/><V112/><F126/><W60/><G44/><T79/><D69/><U135/><E39/><V94/><F112/><W51/><G31/><N who="1" m="11786" /><E43/><V16/><F120/><W66/><REACH who="3" step="1"/><G91/><REACH who="3" ten="425,125,62,358" step="2"/><T68/><D90/><U76/><E135/><V107/><F89/><W48/><G48/><T17/><D125/><U88/><E88/><V32/><F77/><W84/><G84/><T109/><D114/><U49/><E76/><V129/><F129/><W12/><G12/><T64/><D0/><U98/><E49/><V116/><F1/><W103/><G103/><T47/><D47/><U131/><E131/><V130/><F130/><W20/><G20/><T28/><D28/><U26/><E22/><V132/><F132/><W62/><G62/><T55/><D118/><U95/><E102/><V37/><F116/><W121/><G121/><T36/><D36/><U122/><E122/><V96/><F37/><W92/><G92/><T11/><D79/><U113/><E113/><V100/><F94/><W23/><G23/><T15/><D15/><U110/><E21/><V63/><F100/><W38/><G38/><T7/><D61/><U75/><E95/><V133/><F63/><W57/><G57/><T97/><D56/><U83/><E87/><V46/><F58/><W93/><G93/><T9/><D108/><U134/><E101/><V115/><F133/><W105/><G105/><T50/><D109/><U45/><E110/><V8/><F107/><RYUUKYOKU ba="1,3" sc="425,-10,125,-10,62,-10,358,30" hai3="10,13,18,33,34,51,59,60,66,70,74,78,82" /><INIT seed="3,2,3,2,2,75" ten="415,115,52,388" oya="3" hai0="61,122,38,107,53,131,32,5,45,86,15,118,77" hai1="85,121,126,127,46,30,35,64,36,100,102,119,6" hai2="132,60,21,34,104,69,128,43,83,78,16,28,49" hai3="98,93,4,96,111,103,110,31,13,56,89,76,68"/><W73/><G68/><T42/><D107/><U20/><E35/><V125/><F128/><W71/><G71/><T19/><D118/><U50/><E121/><V47/><F132/><W91/><G31/><T116/><D32/><U33/><E36/><V1/><F125/><N who="1" m="47625" /><E33/><V97/><F1/><W120/><G120/><T66/><D5/><U2/><E64/><V133/><F133/><W99/><G56/><T94/><D53/><N who="1" m="29911" /><E119/><V25/><F104/><N who="3" m="63591" /><G13/><T81/><D116/><U87/><E102/><V37/><F97/><N who="3" m="36875" /><G4/><T41/><D122/><U23/><E100/><V113/><F113/><W7/><G7/><T72/><D131/><U17/><E30/><V18/><F37/><W3/><G3/><T8/><D38/><U9/><E20/><V82/><F34/><W80/><G93/><T88/><D45/><U62/><E62/><V10/><F10/><W95/><G95/><T12/><D12/><AGARI ba="2,3" hai="2,6,9,12,17,23,85,87" m="29911,47625" machi="12" ten="30,1000,0" yaku="18,1" doraHai="75" who="1" fromWho="0" sc="415,-16,115,46,52,0,388,0" /><INIT seed="4,0,0,4,3,32" ten="399,161,52,388" oya="0" hai0="93,51,3,11,14,87,70,64,45,30,102,82,73" hai1="116,61,57,97,90,66,122,101,23,119,10,107,80" hai2="1,75,31,100,8,37,117,88,126,7,60,0,96" hai3="20,9,39,105,4,50,62,52,108,49,127,104,98"/><T56/><D70/><U85/><E122/><V124/><F75/><W106/><G39/><T15/><D73/><U26/><REACH who="1" step="1"/><E10/><REACH who="1" ten="399,151,52,388" step="2"/><V54/><F117/><W68/><G108/><T114/><D11/><U42/><E42/><V53/><F37/><W91/><G127/><T48/><D114/><U71/><E71/><V99/><F126/><W132/><G68/><T86/><D51/><U25/><E25/><V115/><F124/><W38/><G38/><T16/><D48/><U77/><E77/><V34/><F115/><W94/><G132/><T110/><D110/><U113/><E113/><V121/><F121/><W59/><REACH who="3" step="1"/><G20/><REACH who="3" ten="399,151,52,378" step="2"/><T46/><D46/><U40/><E40/><V41/><F41/><W29/><G29/><AGARI ba="0,2" hai="23,26,29,57,61,66,80,85,90,97,101,107,116,119" machi="29" ten="30,3900,0" yaku="1,1,7,1,53,1" doraHai="32" doraHaiUra="103" who="1" fromWho="3" sc="399,0,151,59,52,0,378,-39" /><INIT seed="5,0,0,5,3,77" ten="399,210,52,339" oya="1" hai0="93,50,127,116,37,11,5,70,45,30,110,29,89" hai1="7,115,79,47,107,88,43,121,56,114,91,27,46" hai2="28,59,119,83,18,6,105,124,39,34,1,69,120" hai3="106,94,95,73,128,126,14,55,58,100,2,97,133"/><U0/><E121/><V82/><F119/><W111/><G2/><T33/><D110/><U135/><E107/><V90/><F120/><W20/><G111/><T21/><D70/><U57/><E7/><V32/><F69/><W125/><G73/><T42/><D33/><U64/><E0/><V19/><F105/><W16/><G128/><T3/><D127/><N who="3" m="48649" /><G133/><T123/><D116/><U15/><E15/><V9/><F124/><W17/><G17/><T85/><D123/><U41/><E27/><V26/><F39/><W61/><AGARI ba="0,0" hai="14,16,20,55,58,61,94,95,97,100,106" m="48649" machi="61" ten="30,2000,0" yaku="18,1,54,1" doraHai="77" who="3" fromWho="3" sc="399,-5,210,-10,52,-5,339,20" /><INIT seed="6,0,0,4,4,51" ten="394,200,47,359" oya="2" hai0="79,40,2,61,107,34,46,127,81,31,120,44,43" hai1="25,69,37,119,113,135,86,45,72,133,129,30,7" hai2="12,35,10,42,50,130,65,118,18,9,54,11,85" hai3="22,63,21,68,94,131,17,90,71,75,106,110,89"/><V1/><F118/><W29/><G110/><T102/><D2/><U74/><E119/><V24/><F130/><W97/><G106/><T13/><D34/><U0/><E86/><V4/><F65/><W99/><G131/><T87/><D31/><U80/><E69/><V8/><F42/><W77/><G29/><T88/><D127/><U59/><E59/><V124/><F124/><W91/><G91/><T128/><D61/><U125/><E125/><V103/><F103/><W70/><G63/><T104/><D120/><U57/><E57/><V15/><F85/><W39/><G39/><T48/><D102/><U16/><E113/><V58/><REACH who="2" step="1"/><F35/><REACH who="2" ten="394,200,37,359" step="2"/><W19/><G71/><T123/><D40/><N who="1" m="22671" /><E129/><V109/><F109/><W108/><G108/><T73/><D87/><U47/><E74/><V134/><F134/><W14/><G75/><T93/><D128/><U95/><E133/><V126/><F126/><W96/><G70/><T23/><D43/><U83/><E135/><V60/><F60/><W132/><G68/><T6/><D73/><U82/><E72/><V78/><F78/><W98/><G132/><T115/><D79/><U52/><E82/><V27/><F27/><N who="3" m="14767" /><G77/><T26/><D81/><U32/><E80/><V53/><F53/><W20/><G89/><T67/><D88/><U28/><E83/><V122/><F122/><W116/><G116/><T111/><D115/><U41/><E25/><V56/><F56/><W49/><G49/><T101/><D48/><U76/><E41/><V38/><F38/><W92/><N who="3" m="24576" /><DORA hai="84" /><W36/><G36/><T3/><D111/><RYUUKYOKU ba="0,1" sc="394,-10,200,-10,37,30,359,-10" hai2="1,4,8,9,10,11,12,15,18,24,50,54,58" /><INIT seed="6,1,1,2,3,91" ten="384,190,67,349" oya="2" hai0="113,7,62,82,1,96,9,50,122,101,19,63,102" hai1="81,95,65,26,108,74,87,77,3,41,126,130,52" hai2="98,119,129,42,86,64,15,116,6,46,117,30,123" hai3="132,39,17,40,79,75,66,20,57,48,127,112,93"/><V16/><F123/><W55/><G132/><T54/><D122/><U110/><E3/><V67/><F129/><W88/><G127/><T80/><D113/><U44/><E65/><V8/><F30/><W53/><G112/><T115/><D102/><U103/><E130/><V121/><F121/><W106/><G106/><T4/><D4/><U71/><E71/><V34/><F34/><W94/><G66/><T22/><D82/><U14/><E126/><V29/><F29/><W38/><G40/><T85/><D85/><U37/><E26/><V131/><F131/><W60/><G75/><T120/><D80/><U24/><E24/><V128/><F128/><W76/><G39/><T49/><D49/><U89/><E14/><V58/><F58/><N who="3" m="33063" /><G38/><T36/><D36/><U99/><REACH who="1" step="1"/><E52/><REACH who="1" ten="384,180,67,349" step="2"/><V69/><F69/><W59/><G59/><T61/><D54/><U12/><E12/><V21/><F98/><N who="3" m="57639" /><G94/><AGARI ba="1,2" hai="37,41,44,74,77,81,87,89,94,95,99,103,108,110" machi="94" ten="30,7700,0" yaku="1,1,7,1,52,2,53,0" doraHai="91" doraHaiUra="28" who="1" fromWho="3" sc="384,0,180,100,67,0,349,-80" /><INIT seed="7,0,0,2,3,48" ten="384,280,67,269" oya="3" hai0="102,126,2,19,14,92,39,59,40,33,9,15,123" hai1="133,3,13,128,30,51,38,112,105,62,106,84,121" hai2="8,26,43,23,42,101,5,98,103,44,65,11,75" hai3="0,110,25,16,55,114,46,89,87,18,100,17,93"/><W88/><G0/><T37/><D33/><U73/><E51/><V127/><F75/><W52/><G114/><T131/><D123/><U115/><E30/><V78/><F127/><W82/><G110/><T56/><D131/><U36/><E73/><V120/><F78/><N who="3" m="46551" /><G100/><T71/><D71/><U53/><E3/><V125/><F120/><W7/><G7/><T107/><D107/><U20/><E121/><V113/><F125/><W58/><G46/><T69/><D69/><U132/><E128/><V21/><F113/><N who="1" m="43593" /><E84/><V4/><F65/><W129/><G129/><T64/><D64/><U41/><E20/><V96/><F44/><W12/><G25/><T119/><D2/><U111/><E13/><V49/><F49/><N who="3" m="30991" /><G55/><T85/><D56/><N who="1" m="35087" /><E111/><V91/><REACH who="2" step="1"/><F26/><REACH who="2" ten="384,280,57,269" step="2"/><W28/><G28/><T29/><D29/><U1/><E36/><V31/><F31/><W50/><G50/><T134/><D126/><U67/><E67/><V108/><F108/><W72/><G72/><T80/><D39/><U122/><E122/><V70/><F70/><W99/><G89/><AGARI ba="0,1" hai="4,5,8,11,21,23,42,43,89,91,96,98,101,103" machi="89" ten="25,6400,0" yaku="1,1,22,2,8,1,53,0" doraHai="48" doraHaiUra="34" who="2" fromWho="3" sc="384,0,280,0,57,74,269,-64" owari="384,48.4,280,8.0,131,-36.9,205,-19.5" /></mjloggm>