<mjloggm ver="2.3"><GO type="169" lobby="0"/><UN n0="%74%65%63%68%74%6F" n1="%E5%8C%97%E6%AC%A7%E3%81%AE%E3%82%82%E3%81%93%E3%81%86" n2="%E4%BA%BA%E5%93%81%E3%81%AA%E3%81%97" n3="%E5%B9%BB%E9%A6%AC%E9%B9%BF%E5%BA%B5" dan="17,16,17,16" rate="2172.38,2121.25,2221.29,2079.62" sx="M,M,M,M"/><TAIKYOKU oya="0"/><INIT seed="0,0,0,3,4,88" ten="250,250,250,250" oya="0" hai0="116,43,9,40,72,53,93,81,25,84,17,92,12" hai1="6,55,15,119,5,133,128,42,120,67,47,61,34" hai2="79,107,82,108,41,66,76,98,77,96,39,20,58" hai3="90,3,45,127,60,31,38,102,0,8,100,111,36"/><T28/><D116/><U63/><E119/><V134/><F108/><W44/><G31/><T87/><D72/><U32/><E120/><V11/><F134/><W65/><G90/><T18/><D18/><U131/><E133/><V125/><F125/><W122/><G65/><T37/><D53/><U126/><E126/><V10/><F39/><W94/><G60/><T104/><D104/><U46/><E15/><V22/><F41/><W121/><G127/><T95/><D37/><U69/><E55/><V71/><F71/><W85/><G85/><N who="0" m="32843" /><D81/><U70/><REACH who="1" step="1"/><E67/><REACH who="1" ten="250,240,250,250" step="2"/><V57/><F66/><W68/><G122/><T7/><D28/><U112/><E112/><V105/><F77/><W52/><G121/><T124/><D124/><U35/><E35/><V64/><F64/><W16/><G52/><T130/><D130/><U129/><E129/><V27/><REACH who="2" step="1"/><F82/><REACH who="2" ten="250,240,240,250" step="2"/><W1/><G68/><T110/><D110/><U117/><E117/><V123/><F123/><W19/><G111/><T106/><D106/><U4/><E4/><V14/><F14/><W62/><G0/><T91/><D91/><U30/><E30/><V78/><F78/><W83/><G83/><T23/><AGARI ba="0,2" hai="7,9,12,17,23,25,40,43,92,93,95" m="32843" machi="23" ten="30,11700,0" yaku="8,1,52,3" doraHai="88" who="0" fromWho="0" sc="250,137,240,-39,240,-39,250,-39" /><INIT seed="0,1,0,4,2,106" ten="387,201,201,211" oya="0" hai0="67,42,6,82,102,39,1,62,2,52,124,89,17" hai1="75,100,97,123,78,130,95,57,4,21,70,126,96" hai2="71,77,20,88,87,125,56,33,14,7,43,0,66" hai3="84,41,108,55,23,118,103,38,111,109,74,45,105"/><T29/><D124/><U48/><E70/><V99/><F71/><W91/><G118/><T5/><D29/><U116/><E4/><V64/><F33/><W18/><G55/><T34/><D34/><U28/><E116/><V113/><F113/><W3/><G3/><T53/><D102/><U15/><E123/><V76/><F0/><W44/><G44/><T36/><D1/><U50/><E126/><V98/><F43/><W47/><G47/><T12/><D2/><U9/><E130/><V132/><F132/><W35/><G35/><T11/><D42/><U117/><E75/><V90/><F125/><W104/><G103/><T85/><D36/><U72/><E97/><V129/><F129/><W107/><G74/><T10/><D39/><U46/><E78/><V49/><F49/><W60/><G60/><T94/><D11/><U8/><E72/><V51/><F51/><W69/><G69/><T63/><D63/><U112/><E112/><V68/><F68/><W37/><G37/><T114/><D94/><U19/><E28/><V22/><F87/><W16/><REACH who="3" step="1"/><G23/><REACH who="3" ten="387,201,201,201" step="2"/><T81/><D53/><N who="1" m="31911" /><E117/><V30/><F56/><W27/><G27/><T26/><D26/><U40/><AGARI ba="1,1" hai="8,9,15,19,21,40,46,50,95,96,100" m="31911" machi="40" ten="30,1100,0" yaku="8,1" doraHai="106" who="1" fromWho="1" sc="387,-6,201,24,201,-4,201,-4" /><INIT seed="1,0,0,3,2,64" ten="381,225,197,197" oya="1" hai0="121,107,6,19,36,57,120,40,14,10,124,116,34" hai1="17,3,101,87,68,18,1,108,16,61,128,92,105" hai2="7,62,103,41,133,37,49,96,88,74,119,80,109" hai3="60,66,73,12,27,81,24,44,52,29,13,69,53"/><U56/><E128/><V59/><F119/><W45/><G73/><T134/><D107/><U114/><E114/><V30/><F109/><W132/><G132/><T63/><D116/><U102/><E108/><V122/><F122/><N who="0" m="47210" /><D34/><U77/><E105/><V21/><F37/><W2/><G2/><T111/><D124/><U94/><E68/><V104/><F7/><W11/><G81/><T91/><D91/><U28/><E28/><V46/><F133/><W110/><G110/><T48/><D36/><U90/><E77/><V127/><F127/><W72/><G72/><T89/><D89/><U5/><E5/><V47/><F47/><W112/><G112/><T78/><D78/><U118/><E118/><V84/><F74/><W15/><G11/><T43/><D48/><U26/><E26/><V125/><F125/><W0/><G0/><N who="0" m="327" /><D134/><U65/><E1/><V93/><F104/><W39/><G27/><T23/><D111/><U70/><E3/><V32/><F32/><W76/><G76/><T54/><AGARI ba="0,0" hai="14,19,23,40,43,54,57,63" m="327,47210" machi="54" ten="30,1100,0" yaku="13,1" doraHai="64" who="0" fromWho="0" sc="381,11,225,-5,197,-3,197,-3" /><INIT seed="2,0,0,1,1,2" ten="392,220,194,194" oya="2" hai0="3,133,52,13,95,0,96,119,132,120,110,59,35" hai1="108,126,112,1,82,5,66,7,109,83,31,115,23" hai2="87,68,102,38,21,100,4,79,131,92,72,15,33" hai3="8,43,56,9,14,134,30,116,57,85,26,90,122"/><V105/><F33/><W64/><G116/><T44/><D35/><U32/><E66/><V47/><F131/><W73/><G122/><T103/><D120/><U53/><E32/><V60/><F72/><W63/><G73/><T124/><D110/><N who="1" m="42603" /><E1/><V48/><F38/><W78/><G78/><T106/><D124/><U55/><E126/><V45/><F105/><W75/><G75/><T12/><D0/><U65/><E65/><V104/><F104/><W74/><G74/><T70/><D3/><U94/><E94/><V113/><F113/><N who="1" m="43593" /><E23/><V117/><F68/><W107/><G107/><T114/><D70/><U37/><E31/><V118/><F60/><W41/><G134/><N who="0" m="51819" /><D119/><U69/><E37/><V76/><F21/><W130/><G130/><T89/><D44/><N who="2" m="16970" /><F48/><W22/><G8/><T28/><D28/><U67/><E67/><V97/><F117/><W71/><G71/><T128/><D128/><U11/><E11/><N who="2" m="4583" /><F118/><W84/><G57/><T93/><D114/><U88/><E69/><V129/><F129/><W42/><REACH who="3" step="1"/><G90/><REACH who="3" ten="392,220,194,184" step="2"/><T58/><D106/><U49/><E88/><N who="2" m="55431" /><F76/><W98/><G98/><N who="0" m="59871" /><D59/><U62/><E62/><AGARI ba="0,1" hai="12,13,52,58,62,89,93,96" m="59871,51819" machi="62" ten="30,2000,0" yaku="20,1,54,1" doraHai="2" who="0" fromWho="1" sc="392,30,220,-20,194,0,184,0" /><INIT seed="3,0,0,4,5,89" ten="422,200,194,184" oya="3" hai0="0,99,31,41,102,40,86,124,95,65,68,101,44" hai1="51,107,42,50,72,93,117,28,21,37,55,17,90" hai2="128,120,9,53,58,91,81,27,36,75,54,48,16" hai3="98,79,8,63,94,60,106,103,47,105,110,116,30"/><W71/><G116/><T67/><D0/><U5/><E107/><V104/><F104/><W73/><G30/><T43/><D124/><U82/><E117/><V96/><F36/><W57/><G110/><T113/><D102/><U92/><E37/><V132/><F132/><W19/><G71/><T78/><D113/><U70/><E70/><V22/><F128/><W11/><G63/><T119/><D119/><U134/><E5/><V15/><F120/><W88/><G47/><T80/><D68/><U131/><E28/><V33/><F33/><W127/><G127/><T84/><D31/><U114/><E72/><V76/><F54/><N who="3" m="33847" /><G19/><T123/><D123/><U109/><E114/><V49/><F49/><W129/><G129/><T1/><D1/><U61/><E134/><V108/><F108/><W83/><G106/><T125/><D125/><U10/><E10/><V122/><F122/><W35/><G35/><T34/><D34/><U115/><E115/><V7/><F91/><W2/><G2/><T74/><D44/><N who="1" m="25879" /><E61/><V13/><REACH who="2" step="1"/><F96/><REACH who="2" ten="422,200,184,184" step="2"/><W18/><G18/><T4/><D4/><U52/><E109/><V97/><F97/><W6/><G6/><T126/><D126/><U39/><E39/><V135/><F135/><W56/><G56/><T100/><D99/><U32/><E32/><V77/><F77/><W45/><G45/><T20/><D78/><U25/><E131/><V64/><F64/><W118/><G118/><T38/><D38/><U59/><E55/><V46/><F46/><W85/><AGARI ba="0,1" hai="8,11,73,79,83,85,88,94,98,103,105" m="33847" machi="85" ten="30,6000,0" yaku="24,1,52,1,54,1" doraHai="89" who="3" fromWho="3" sc="422,-20,200,-20,184,-20,184,70" /><INIT seed="3,1,0,2,3,52" ten="402,180,164,254" oya="3" hai0="4,63,83,40,5,122,82,51,74,119,31,34,28" hai1="61,50,22,46,98,68,84,11,43,89,32,59,87" hai2="130,116,71,3,25,41,36,13,117,133,69,20,73" hai3="99,33,92,12,121,100,97,108,66,101,47,85,26"/><W94/><G121/><T132/><D119/><U96/><E32/><V53/><F3/><W81/><G108/><T93/><D74/><U104/><E68/><V60/><F130/><W126/><G126/><T45/><D122/><U55/><E104/><V27/><F133/><W102/><G66/><T115/><D132/><U72/><E72/><V15/><F73/><W16/><G47/><T118/><D118/><U114/><E114/><V30/><F41/><W109/><G109/><T128/><D128/><U57/><E11/><V29/><F53/><W23/><G33/><T49/><D49/><U19/><E59/><V42/><F42/><W64/><G64/><T1/><D1/><U48/><E87/><V58/><F36/><W111/><G111/><T44/><D44/><U95/><REACH who="1" step="1"/><E61/><REACH who="1" ten="402,170,164,254" step="2"/><V75/><F75/><W110/><G110/><T37/><D63/><U24/><AGARI ba="1,1" hai="19,22,24,43,46,48,50,55,57,84,89,95,96,98" machi="24" ten="20,12000,2" yaku="1,1,2,1,0,1,7,1,8,1,52,1,53,0" doraHai="52" doraHaiUra="6" who="1" fromWho="1" sc="402,-31,170,133,164,-31,254,-61" /><INIT seed="4,0,0,5,4,88" ten="371,303,133,193" oya="0" hai0="77,0,113,61,84,36,40,135,14,116,46,121,27" hai1="69,109,39,130,98,18,111,125,131,71,81,122,24" hai2="85,45,12,124,115,134,38,13,66,73,17,76,68" hai3="56,75,82,104,44,1,117,47,9,108,103,102,26"/><T65/><D121/><U112/><E39/><V11/><F115/><W123/><G108/><T64/><D113/><U21/><E122/><V4/><F124/><W41/><G117/><T118/><D0/><U35/><E112/><V80/><F134/><W8/><G123/><T31/><D135/><U55/><E125/><V62/><F38/><W53/><G47/><T133/><D133/><U129/><E35/><V22/><F45/><W20/><G75/><T70/><D65/><U106/><E81/><V34/><F34/><W90/><G104/><T7/><D77/><U89/><E55/><V32/><F32/><W107/><G107/><T10/><REACH who="0" step="1"/><D84/><REACH who="0" ten="361,303,133,193" step="2"/><U72/><E72/><V37/><F73/><W100/><G1/><T93/><D93/><N who="1" m="56623" /><E106/><V58/><F37/><W60/><G82/><T33/><AGARI ba="0,1" hai="7,10,14,27,31,33,36,40,46,61,64,70,116,118" machi="33" ten="20,3900,0" yaku="1,1,0,1,7,1,53,0" doraHai="88" doraHaiUra="48" who="0" fromWho="0" sc="361,49,303,-13,133,-13,193,-13" /><INIT seed="4,1,0,2,4,57" ten="410,290,120,180" oya="0" hai0="96,94,25,3,87,72,47,125,112,135,93,52,15" hai1="132,100,62,41,109,39,114,118,108,65,107,115,76" hai2="23,89,119,68,60,38,46,16,121,99,8,4,2" hai3="5,80,66,110,111,86,74,64,54,36,44,53,1"/><T131/><D3/><U90/><E90/><V19/><F121/><W50/><G74/><T7/><D72/><U20/><E76/><V102/><F119/><W113/><G80/><T97/><D112/><N who="1" m="43051" /><E132/><V29/><F89/><W45/><G86/><T0/><D87/><U56/><E20/><V79/><F79/><W130/><G5/><T18/><D7/><U13/><E13/><V21/><F46/><W70/><G1/><T49/><D0/><U33/><E33/><V43/><F43/><W82/><G82/><T91/><D135/><U84/><E84/><V34/><F34/><W117/><G113/><T122/><D122/><U55/><E118/><V58/><F68/><W133/><G133/><T103/><D131/><U85/><E85/><V37/><F29/><W42/><G117/><T63/><D25/><U32/><E32/><V30/><F30/><W124/><G124/><T78/><D125/><U35/><E41/><V98/><F98/><W88/><G88/><T17/><D78/><U95/><E39/><V28/><F28/><W67/><G130/><T123/><D15/><U73/><E73/><V92/><F21/><W75/><G75/><T104/><D91/><U128/><E128/><V24/><REACH who="2" step="1"/><F19/><REACH who="2" ten="410,290,110,180" step="2"/><W129/><G129/><T11/><D17/><U69/><E35/><V106/><F106/><W51/><G70/><T126/><D18/><U6/><E107/><V31/><F31/><W116/><G116/><T48/><D104/><U120/><E120/><V26/><F26/><W12/><G42/><N who="0" m="24695" /><D123/><U71/><E71/><V77/><F77/><W83/><G44/><RYUUKYOKU ba="1,1" sc="410,-10,290,-10,110,30,180,-10" hai2="2,4,8,16,23,24,37,38,58,60,92,99,102" /><INIT seed="5,2,1,4,3,107" ten="400,280,140,170" oya="1" hai0="25,86,35,26,29,101,8,81,4,111,18,63,89" hai1="6,103,123,88,39,110,57,1,44,105,67,52,17" hai2="10,94,36,73,124,37,106,2,40,82,60,116,12" hai3="7,99,53,84,75,126,16,59,56,9,11,118,109"/><U50/><E123/><V65/><F116/><W93/><G109/><T54/><D111/><U119/><E119/><V134/><F106/><W22/><G118/><T71/><D101/><U0/><E110/><V62/><F2/><W51/><G126/><T43/><D43/><U97/><E6/><V108/><F124/><W122/><G122/><T127/><D127/><U49/><E39/><V132/><F108/><W5/><G75/><T72/><D72/><U117/><E117/><V121/><F121/><W27/><G84/><T95/><D26/><U133/><E133/><N who="2" m="51307" /><F94/><W45/><G5/><T128/><D18/><U77/><E77/><N who="2" m="44335" /><F40/><W131/><G131/><T15/><D128/><U102/><E102/><V34/><F34/><W58/><REACH who="3" step="1"/><G7/><REACH who="3" ten="400,280,140,160" step="2"/><T14/><D86/><U90/><E0/><V78/><F78/><W74/><G74/><T87/><D87/><U41/><E1/><V100/><F100/><AGARI ba="2,2" hai="9,11,16,22,27,45,51,53,56,58,59,93,99,100" machi="100" ten="40,5200,0" yaku="1,1,8,1,54,1,53,0" doraHai="107" doraHaiUra="130" who="3" fromWho="2" sc="400,0,280,0,140,-58,160,78" /><INIT seed="6,0,0,3,5,77" ten="400,280,82,238" oya="2" hai0="35,54,2,74,110,98,118,72,20,46,22,55,9" hai1="63,50,127,132,80,6,57,128,130,81,115,69,34" hai2="117,111,17,65,104,36,15,105,70,59,82,10,93" hai3="103,102,48,31,112,45,61,4,14,119,27,37,97"/><V87/><F117/><W52/><G119/><T25/><D110/><U85/><E34/><V3/><F70/><W73/><G73/><T30/><D22/><U44/><E115/><V19/><F36/><W88/><G112/><T120/><D55/><U113/><E113/><V0/><F111/><W94/><G37/><T92/><D20/><U16/><E69/><V86/><F93/><W28/><G61/><T107/><D107/><U67/><E6/><V121/><F121/><W123/><G123/><T56/><D46/><U7/><E7/><V41/><F41/><W53/><G53/><T131/><D2/><U29/><E29/><N who="3" m="11338" /><G27/><T84/><D25/><U40/><E127/><V58/><F15/><W106/><G106/><T129/><D54/><U91/><E132/><V79/><F79/><W96/><G96/><T24/><D98/><U47/><E47/><V18/><F18/><W12/><G12/><T26/><D74/><U68/><E16/><V21/><F21/><W108/><G108/><T11/><D72/><U38/><E81/><V83/><REACH who="2" step="1"/><F65/><REACH who="2" ten="400,280,72,238" step="2"/><W8/><AGARI ba="0,1" hai="4,8,14,45,48,52,88,94,97,102,103" m="11338" machi="8" ten="30,4000,0" yaku="8,1,54,2" doraHai="77" who="3" fromWho="3" sc="400,-10,280,-10,72,-20,238,50" /><INIT seed="7,0,0,5,3,8" ten="390,270,52,288" oya="3" hai0="46,92,47,59,10,67,22,66,87,61,89,27,49" hai1="109,130,12,125,70,65,102,35,74,76,40,19,63" hai2="5,82,115,106,69,21,23,124,93,99,84,42,126" hai3="41,16,43,91,6,29,57,17,121,37,113,39,38"/><W58/><G121/><T36/><D36/><U129/><E109/><V26/><F106/><W79/><G113/><T128/><D128/><N who="1" m="49259" /><E125/><V53/><F69/><W96/><G79/><T24/><D10/><N who="1" m="6551" /><E35/><V62/><F115/><W119/><G119/><T64/><D27/><U55/><E40/><N who="3" m="15434" /><G6/><T127/><D127/><U134/><E134/><V50/><F124/><W73/><G73/><T81/><D81/><N who="1" m="45207" /><E55/><V104/><F104/><W133/><G133/><T15/><D49/><U2/><E102/><V108/><F108/><W105/><G105/><T20/><D59/><N who="3" m="22537" /><G29/><N who="0" m="17543" /><D61/><U112/><E112/><V9/><F5/><W28/><G28/><T78/><D78/><U31/><E31/><V60/><F126/><W75/><G75/><T68/><D68/><U4/><E4/><V114/><F84/><W54/><G54/><T30/><D30/><U1/><AGARI ba="0,0" hai="1,2,63,65,70" m="45207,6551,49259" machi="1" ten="30,2000,0" yaku="19,1,52,1" doraHai="8" who="1" fromWho="1" sc="390,-5,270,20,52,-5,288,-10" owari="385,48.5,290,9.0,47,-45.3,278,-12.2" /></mjloggm>