<mjloggm ver="2.3"><GO type="169" lobby="0"/><UN n0="%E3%81%95%E3%81%8F%E3%82%88%E3%81%93%E3%81%A1%E3%82%83%E3%82%93" n1="%E6%98%8E%E6%98%9F%E5%B8%82%E6%B0%91" n2="%E5%81%BD%E9%80%A0%E6%8D%8F%E9%80%A0%E5%AE%89%E5%80%8D%E6%99%8B%E4%B8%89" n3="%68%69%73%61%74%6F%E6%A3%92" dan="16,16,16,16" rate="2091.19,2172.95,2139.99,2149.15" sx="F,M,M,M"/><TAIKYOKU oya="0"/><INIT seed="0,0,0,1,3,35" ten="250,250,250,250" oya="0" hai0="36,85,89,25,43,19,1,64,51,122,125,133,5" hai1="120,29,58,112,2,106,30,44,48,18,28,16,49" hai2="66,68,86,79,84,115,13,100,80,60,91,101,31" hai3="62,117,59,110,121,42,74,92,40,124,75,47,10"/><T24/><D122/><U14/><E120/><V61/><F115/><W131/><G110/><T81/><D125/><U104/><E112/><V109/><F109/><W45/><G131/><T132/><D36/><U128/><E128/><V96/><F31/><W37/><G117/><T94/><D64/><U97/><E2/><V129/><F129/><W11/><G92/><T8/><D94/><U114/><E114/><V71/><F96/><W127/><G121/><T77/><D77/><U116/><E116/><V130/><F130/><W76/><G76/><T63/><D63/><U93/><E58/><V3/><F3/><W57/><G62/><T72/><D72/><U90/><E18/><V107/><F107/><W103/><REACH who="3" step="1"/><G37/><REACH who="3" ten="250,250,250,240" step="2"/><T0/><D133/><U134/><E134/><V105/><F105/><W102/><AGARI ba="0,1" hai="10,11,40,42,45,47,57,59,74,75,102,103,124,127" machi="102" ten="25,8000,1" yaku="1,1,2,1,0,1,22,2,53,0" doraHai="35" doraHaiUra="69" who="3" fromWho="3" sc="250,-40,250,-20,250,-20,240,90" /><INIT seed="1,0,0,4,3,40" ten="210,230,230,330" oya="1" hai0="20,118,122,50,93,86,53,114,61,0,97,100,135" hai1="35,110,115,26,120,84,30,104,58,36,28,113,31" hai2="119,47,67,9,134,69,95,87,128,103,14,92,34" hai3="32,4,6,94,131,60,21,41,27,132,39,15,44"/><U56/><E120/><V89/><F119/><W64/><G132/><T98/><D118/><U12/><E104/><V111/><F34/><W76/><G32/><T11/><D122/><U109/><E36/><V116/><F116/><W101/><G76/><T71/><D114/><N who="1" m="43531" /><E84/><V130/><F134/><W121/><G15/><T105/><D135/><U33/><E58/><V3/><F3/><W43/><G43/><T57/><D86/><U54/><E56/><V23/><F23/><W19/><G131/><T45/><D71/><U48/><E54/><V90/><F111/><N who="1" m="42505" /><E48/><V37/><F103/><W117/><G117/><T7/><D20/><N who="1" m="15431" /><E12/><V66/><F69/><W127/><G121/><T70/><D70/><U55/><E55/><V52/><F37/><W99/><G127/><T112/><D112/><U29/><AGARI ba="0,0" hai="29,30,31,33,35" m="15431,42505,43531" machi="29" ten="40,12000,1" yaku="14,1,10,1,34,2" doraHai="40" who="1" fromWho="1" sc="210,-40,230,120,230,-40,330,-40" /><INIT seed="1,1,0,5,1,0" ten="170,350,190,290" oya="1" hai0="2,79,131,122,30,7,106,31,133,134,97,6,53" hai1="51,132,61,117,86,13,110,72,83,112,9,68,121" hai2="95,128,82,38,67,71,25,109,92,108,27,65,129" hai3="39,59,66,64,23,15,11,26,35,55,93,88,127"/><U52/><E117/><V126/><F82/><W14/><G35/><T80/><D131/><N who="2" m="50250" /><F71/><W49/><G39/><T81/><D122/><U118/><E118/><V94/><F38/><W74/><G74/><T101/><D80/><U99/><E112/><V34/><F126/><W130/><G15/><T8/><D53/><U119/><E132/><N who="0" m="50793" /><D7/><U103/><E110/><N who="2" m="42603" /><F34/><W96/><G127/><T50/><D50/><U19/><E72/><AGARI ba="1,0" hai="2,6,8,30,31,72,79,81,97,101,106" m="50793" machi="72" ten="30,2000,0" yaku="20,1,52,1" doraHai="0" who="0" fromWho="1" sc="170,23,350,-23,190,0,290,0" /><INIT seed="2,0,0,5,5,130" ten="193,327,190,290" oya="2" hai0="38,26,25,133,19,39,81,70,13,128,24,51,6" hai1="33,22,20,15,5,121,100,63,93,123,125,37,47" hai2="97,106,102,88,44,12,98,96,3,41,104,48,30" hai3="9,65,61,8,114,111,80,115,90,45,107,69,75"/><V40/><F3/><W116/><G111/><T134/><D70/><U122/><E33/><V32/><F106/><W67/><G67/><T57/><D128/><U84/><E125/><V4/><F41/><W49/><G107/><T132/><D6/><U31/><E31/><V16/><F4/><W29/><G29/><T17/><D81/><U117/><E117/><V103/><BYE who="1" /><F104/><W64/><G64/><T76/><D76/><UN n1="%E6%98%8E%E6%98%9F%E5%B8%82%E6%B0%91" /><U1/><E1/><V112/><F112/><N who="3" m="43051" /><G116/><T36/><D13/><U87/><E63/><V78/><F78/><N who="3" m="44127" /><G90/><T129/><D129/><U73/><E73/><V34/><F34/><W68/><G68/><T86/><D86/><U113/><E84/><V101/><F32/><W89/><G89/><T92/><D92/><U119/><E87/><V99/><F30/><W54/><AGARI ba="0,0" hai="8,9,45,49,54,61,65,69" m="44127,43051" machi="54" ten="30,1100,0" yaku="11,1" doraHai="130" who="3" fromWho="3" sc="193,-3,327,-3,190,-5,290,11" /><INIT seed="3,0,0,0,3,85" ten="190,324,185,301" oya="3" hai0="128,42,50,106,48,67,91,41,33,35,65,111,124" hai1="95,78,5,115,121,77,104,114,61,7,87,38,74" hai2="73,1,110,86,12,103,90,11,8,44,45,122,70" hai3="112,47,69,93,4,84,71,27,105,79,76,36,29"/><W68/><G105/><T0/><D106/><U101/><E38/><V60/><F73/><W98/><G84/><T123/><D0/><U56/><E121/><V59/><F70/><W18/><G18/><T26/><D123/><U116/><E7/><V32/><F32/><W80/><G80/><T83/><D83/><U40/><E5/><V72/><F72/><W113/><G4/><T125/><D26/><U64/><E40/><V96/><F122/><W22/><G47/><T99/><D99/><U16/><E116/><V100/><F1/><W118/><G36/><T52/><D52/><U51/><E51/><V25/><F25/><W24/><G24/><T34/><D34/><U30/><E30/><V46/><F96/><W10/><G10/><N who="2" m="3625" /><F12/><W130/><G130/><T81/><D81/><U134/><E104/><V21/><F21/><W120/><G118/><T97/><D97/><U63/><E74/><V13/><F13/><W55/><G55/><T132/><D128/><U75/><E75/><V2/><F110/><W14/><G14/><T53/><D53/><U9/><E9/><V135/><F135/><W108/><G108/><T133/><D111/><U6/><E134/><V94/><F2/><W109/><G109/><T107/><D107/><U49/><E6/><V3/><F3/><W126/><G126/><T92/><D92/><U15/><E95/><V39/><F39/><W129/><G129/><T54/><D54/><AGARI ba="0,0" hai="44,45,46,54,59,60,86,90,94,100,103" m="3625" machi="54" ten="30,2000,0" yaku="8,1,52,1" doraHai="85" who="2" fromWho="0" sc="190,-20,324,0,185,20,301,0" /><INIT seed="4,0,0,4,0,116" ten="170,324,205,301" oya="0" hai0="134,100,99,96,30,69,128,64,79,70,23,20,33" hai1="73,62,113,35,56,54,21,48,131,74,28,1,63" hai2="80,22,84,13,122,115,88,50,82,83,93,72,133" hai3="98,58,55,5,68,86,106,132,49,75,105,26,77"/><T103/><D128/><U121/><E1/><V126/><F115/><W59/><G68/><T125/><D125/><U114/><E35/><V85/><F126/><W17/><G75/><T6/><D6/><U3/><E3/><V76/><F133/><W87/><G5/><T94/><D79/><U108/><E108/><V46/><F122/><W117/><G117/><T89/><D134/><U120/><E28/><V34/><F34/><W29/><G17/><T16/><D33/><U130/><E21/><V81/><F22/><W11/><G11/><T61/><D70/><U101/><E101/><V42/><REACH who="2" step="1"/><F13/><REACH who="2" ten="170,324,195,301" step="2"/><W71/><G132/><T32/><D32/><U95/><E114/><V90/><AGARI ba="0,1" hai="42,46,50,72,76,80,81,82,83,84,85,88,90,93" machi="90" ten="20,8000,1" yaku="1,1,2,1,0,1,7,1,54,1,53,0" doraHai="116" doraHaiUra="52" who="2" fromWho="2" sc="170,-40,324,-20,195,90,301,-20" /><INIT seed="5,0,0,4,4,20" ten="130,304,285,281" oya="1" hai0="48,52,113,101,25,82,131,83,78,5,34,54,65" hai1="127,4,106,80,60,62,126,41,124,35,44,135,74" hai2="108,17,12,125,19,121,50,92,55,84,71,134,90" hai3="112,69,49,51,97,39,30,11,46,91,114,63,40"/><U73/><E35/><V110/><F121/><W53/><G11/><T22/><D113/><N who="3" m="43625" /><G30/><T88/><D34/><U18/><E106/><V38/><F38/><W47/><G91/><T72/><D131/><U32/><E32/><V105/><F105/><W81/><G81/><T117/><D117/><U77/><E4/><V104/><F104/><W8/><G8/><T76/><D101/><U58/><E135/><V43/><F71/><W116/><G97/><T7/><D65/><N who="1" m="39063" /><E62/><V6/><F43/><W118/><G39/><T68/><D68/><U27/><E73/><V23/><F125/><W31/><G31/><T28/><D54/><U95/><E95/><V103/><F134/><W87/><G87/><T15/><D15/><U100/><E100/><V70/><F70/><W21/><G21/><T115/><D115/><U2/><E2/><V26/><F103/><W36/><G36/><T59/><REACH who="0" step="1"/><D88/><REACH who="0" ten="120,304,285,281" step="2"/><U111/><E127/><V56/><REACH who="2" step="1"/><F6/><REACH who="2" ten="120,304,275,281" step="2"/><W42/><G69/><T129/><D129/><U99/><E126/><V86/><F86/><AGARI ba="0,2" hai="5,7,22,25,28,48,52,59,72,76,78,82,83,86" machi="86" ten="30,8000,1" yaku="1,1,7,1,52,1,54,1,53,1" doraHai="20" doraHaiUra="24" who="0" fromWho="2" sc="120,100,304,0,275,-80,281,0" /><INIT seed="6,0,0,0,4,29" ten="220,304,195,281" oya="2" hai0="123,27,38,88,106,10,86,36,132,18,92,81,126" hai1="46,25,105,33,114,101,102,48,31,69,129,111,9" hai2="90,104,16,42,99,77,47,60,34,118,98,68,40" hai3="3,64,50,1,26,121,12,74,76,22,82,87,70"/><V37/><F118/><W62/><G12/><T58/><D123/><U130/><E111/><V4/><F4/><W110/><G110/><T65/><D106/><U117/><E69/><V89/><F34/><W133/><G133/><T13/><D132/><U78/><E114/><V97/><F104/><W35/><G35/><T55/><D126/><U109/><E109/><V56/><F68/><W7/><G7/><T80/><D65/><U125/><E125/><V28/><F28/><W66/><G66/><T8/><D8/><U100/><E78/><V24/><F77/><W116/><G121/><T96/><D27/><U85/><E85/><V57/><F42/><W91/><G50/><T6/><D6/><U131/><E9/><V41/><F41/><W73/><G73/><T59/><D59/><U45/><E117/><V71/><F71/><W21/><G21/><T107/><D107/><U14/><E14/><V2/><F2/><W67/><G67/><T135/><D135/><U94/><E105/><V127/><F127/><W15/><G15/><T43/><D43/><N who="1" m="24639" /><E46/><V0/><F0/><W79/><G79/><T120/><D120/><U108/><E108/><V112/><F112/><W75/><G75/><T49/><REACH who="0" step="1"/><D80/><REACH who="0" ten="210,304,195,281" step="2"/><U61/><E131/><V20/><REACH who="2" step="1"/><F57/><REACH who="2" ten="210,304,185,281" step="2"/><W103/><G116/><T115/><D115/><U128/><E128/><V63/><F63/><W72/><G74/><T93/><D93/><U39/><E61/><V5/><F5/><W53/><G62/><T134/><D134/><U23/><E94/><V11/><F11/><W124/><G70/><T84/><D84/><RYUUKYOKU ba="0,2" sc="210,15,304,-15,185,15,281,-15" hai0="10,13,18,36,38,49,55,58,81,86,88,92,96" hai2="16,20,24,37,40,47,56,60,89,90,97,98,99" /><INIT seed="6,1,2,4,3,69" ten="225,289,200,266" oya="2" hai0="33,17,79,115,22,89,76,93,10,130,45,73,58" hai1="99,98,114,71,110,21,2,92,124,12,135,9,37" hai2="96,56,122,81,24,25,121,35,82,8,104,85,0" hai3="39,16,52,128,72,51,131,27,90,86,77,118,4"/><V60/><F104/><W62/><G62/><T100/><D33/><U84/><E37/><V67/><F96/><W65/><G65/><T3/><D115/><U29/><E71/><V113/><F113/><W91/><G4/><T127/><D127/><U106/><E110/><V41/><F41/><W14/><G27/><T1/><D100/><U112/><E2/><V5/><F82/><N who="3" m="47439" /><G39/><T80/><D79/><U120/><E124/><V48/><F48/><W11/><G72/><T23/><D130/><N who="3" m="49705" /><G118/><T18/><D58/><AGARI ba="1,2" hai="11,14,16,51,52,58,90,91" m="49705,47439" machi="58" ten="30,3900,0" yaku="19,1,54,2" doraHai="69" who="3" fromWho="0" sc="225,-42,289,0,200,0,266,62" /><INIT seed="7,0,0,0,0,58" ten="183,289,200,328" oya="3" hai0="97,11,6,123,90,128,64,81,89,66,85,31,129" hai1="28,8,79,106,126,23,4,119,42,109,91,121,17" hai2="70,131,95,47,53,14,68,125,118,55,87,9,98" hai3="1,74,107,20,120,18,21,116,100,69,115,73,15"/><W122/><G1/><T110/><D110/><U134/><E109/><V51/><F118/><W40/><G69/><T127/><D123/><U54/><E134/><V49/><F125/><W26/><G115/><T45/><D127/><U71/><E106/><V102/><F131/><W39/><G116/><T92/><D31/><U84/><E71/><V5/><F87/><W117/><G117/><T80/><D80/><U103/><E42/><V35/><F35/><W83/><G83/><T16/><D45/><AGARI ba="0,0" hai="5,9,14,45,47,49,51,53,55,68,70,95,98,102" machi="45" ten="30,2000,0" yaku="7,1,9,1" doraHai="58" who="2" fromWho="0" sc="183,-20,289,0,200,20,328,0" owari="163,-33.7,289,8.9,220,-18.0,328,42.8" /></mjloggm>