<mjloggm ver="2.3"><GO type="169" lobby="0"/><UN n0="%E3%81%93%E3%81%AB" n1="%58%E7%8C%AB" n2="%E3%81%82%E3%81%AF%E3%82%82" n3="%48%57%49%4E%47" dan="16,16,16,17" rate="2158.08,2089.81,2186.12,2168.61" sx="M,M,M,M"/><TAIKYOKU oya="0"/><INIT seed="0,0,0,1,1,58" ten="250,250,250,250" oya="0" hai0="84,62,47,94,25,38,91,128,63,78,65,114,127" hai1="37,10,36,4,60,43,12,64,132,21,103,59,66" hai2="83,51,93,50,46,131,20,16,73,71,24,107,99" hai3="45,116,87,95,101,14,125,23,135,68,15,9,31"/><T98/><D114/><U112/><E132/><V57/><F71/><W113/><G116/><T32/><D127/><U90/><E112/><V74/><F107/><W41/><G113/><T56/><D128/><U85/><E103/><V28/><F131/><W49/><G125/><T26/><D32/><U69/><E43/><V76/><F74/><W110/><G110/><T100/><D78/><U96/><E96/><V7/><F7/><W88/><G135/><T67/><D47/><U39/><E21/><V13/><F57/><W124/><G68/><T44/><D44/><U30/><E30/><V52/><F50/><W111/><G111/><T82/><D38/><U2/><E2/><V22/><REACH who="2" step="1"/><F93/><REACH who="2" ten="250,250,240,250" step="2"/><W72/><G72/><T33/><D33/><U97/><E69/><AGARI ba="0,1" hai="25,26,56,62,63,65,67,69,82,84,91,94,98,100" machi="69" ten="30,5800,0" yaku="7,1,52,2" doraHai="58" who="0" fromWho="1" sc="250,68,250,-58,240,0,250,0" /><INIT seed="0,1,0,0,0,83" ten="318,192,240,250" oya="0" hai0="94,106,76,121,109,118,93,131,63,80,23,78,107" hai1="87,36,96,81,51,15,24,10,31,21,47,12,53" hai2="2,59,16,3,8,98,111,25,42,34,84,119,115" hai3="105,55,46,69,17,97,125,48,73,123,124,112,99"/><T1/><D1/><U9/><E36/><V37/><F115/><W66/><G112/><T54/><D118/><U60/><E60/><V127/><F119/><W91/><G73/><T50/><D121/><U65/><E65/><V45/><F111/><W26/><G123/><T20/><D109/><U135/><E135/><V74/><F74/><W40/><G40/><T79/><D80/><U90/><E96/><V130/><F130/><W70/><G105/><T129/><D63/><U132/><E132/><V120/><F120/><W6/><G6/><T5/><D5/><U64/><E64/><V11/><F98/><N who="3" m="37387" /><G91/><T43/><D43/><U128/><E128/><N who="0" m="49225" /><D50/><U72/><E72/><V103/><F103/><W126/><G66/><T100/><D54/><U56/><E56/><V102/><F102/><W14/><G26/><T88/><D100/><U0/><E0/><V38/><F38/><W35/><G35/><T113/><D113/><U18/><REACH who="1" step="1"/><E12/><REACH who="1" ten="318,182,240,250" step="2"/><V108/><F108/><W67/><G67/><T41/><D106/><U75/><E75/><V7/><F59/><W122/><G122/><T116/><D107/><U92/><E92/><V57/><F57/><W114/><G114/><T95/><D116/><U85/><E85/><V82/><F3/><W71/><G71/><T30/><D94/><U27/><E27/><V49/><F37/><W101/><G101/><T19/><D95/><U32/><AGARI ba="1,1" hai="9,10,15,18,21,24,31,32,47,51,53,81,87,90" machi="32" ten="20,5200,0" yaku="1,1,0,1,7,1,52,1,53,0" doraHai="83" doraHaiUra="68" who="1" fromWho="1" sc="318,-27,182,65,240,-14,250,-14" /><INIT seed="1,0,0,2,2,118" ten="291,247,226,236" oya="1" hai0="93,11,61,30,104,65,46,0,105,1,128,79,125" hai1="45,124,86,108,131,49,3,122,44,100,13,109,64" hai2="50,59,67,2,73,60,53,19,62,22,43,89,21" hai3="32,5,14,4,92,80,88,69,16,83,52,71,17"/><U90/><E3/><V126/><F2/><W117/><G32/><T77/><D30/><U113/><E113/><V119/><F119/><W18/><G117/><T8/><D93/><U63/><E100/><V51/><F73/><W12/><G69/><T75/><D75/><U27/><E131/><V28/><F126/><W25/><G71/><T96/><D46/><U42/><E27/><V120/><F120/><W106/><G106/><T7/><D125/><U33/><E33/><V121/><F121/><W135/><G135/><T38/><D38/><U74/><E74/><V115/><F115/><W20/><G25/><T94/><D128/><U54/><E13/><N who="3" m="5226" /><G52/><T72/><D72/><U66/><E124/><V56/><F43/><W58/><G58/><T76/><D1/><U114/><E114/><V103/><F103/><W78/><G20/><T101/><REACH who="0" step="1"/><D11/><REACH who="0" ten="281,247,226,236" step="2"/><U98/><E122/><V41/><F28/><W9/><G9/><T85/><D85/><U110/><E98/><V116/><F116/><W47/><G47/><T70/><AGARI ba="0,1" hai="0,7,8,61,65,70,76,77,79,94,96,101,104,105" machi="70" ten="30,2000,0" yaku="1,1,0,1,53,0" doraHai="118" doraHaiUra="112" who="0" fromWho="0" sc="281,30,247,-10,226,-5,236,-5" /><INIT seed="2,0,0,4,0,27" ten="311,237,221,231" oya="2" hai0="103,98,92,127,115,0,72,58,15,64,43,78,63" hai1="19,131,51,116,62,4,45,26,28,39,82,113,31" hai2="12,40,32,35,18,109,22,46,30,85,2,126,11" hai3="6,1,114,81,100,54,17,90,66,69,117,42,10"/><V36/><F126/><W50/><G117/><T60/><D0/><U130/><E116/><V97/><F109/><W13/><G114/><T71/><D115/><U68/><E113/><V73/><F73/><W125/><G125/><T94/><D127/><U8/><E39/><V3/><F85/><W67/><G42/><T107/><D43/><N who="1" m="25023" /><E82/><V65/><F65/><W133/><G100/><T52/><REACH who="0" step="1"/><D15/><REACH who="0" ten="301,237,221,231" step="2"/><N who="1" m="5511" /><E68/><V5/><F3/><W70/><G69/><T80/><AGARI ba="0,1" hai="52,58,60,63,64,71,72,78,80,92,94,98,103,107" machi="80" ten="30,4000,0" yaku="1,1,0,1,54,1,53,0" doraHai="27" doraHaiUra="119" who="0" fromWho="0" sc="301,50,237,-10,221,-20,231,-10" /><INIT seed="3,0,0,1,0,70" ten="351,227,201,221" oya="3" hai0="124,25,41,93,106,115,101,27,91,116,47,35,82" hai1="123,102,128,135,103,54,71,52,21,134,2,83,11" hai2="65,57,37,67,46,18,6,43,104,8,39,90,80" hai3="29,51,33,45,112,38,5,69,12,28,1,31,129"/><W10/><G112/><T68/><D116/><U49/><E123/><V79/><F104/><W118/><G118/><T125/><D68/><U92/><E71/><V14/><F90/><W131/><G69/><T72/><D35/><U19/><E128/><N who="3" m="49226" /><G38/><T44/><D101/><N who="1" m="38411" /><E92/><V60/><F18/><W119/><G119/><T56/><D106/><U75/><E75/><V126/><F126/><W84/><G84/><T85/><D115/><U62/><E83/><V81/><F81/><W100/><G100/><T36/><D47/><N who="1" m="27711" /><E11/><V32/><F32/><W76/><G76/><N who="0" m="44295" /><D56/><N who="1" m="35095" /><E2/><V3/><F67/><W59/><G59/><T13/><D124/><U87/><E87/><N who="2" m="48543" /><F3/><W109/><G109/><T117/><D125/><U9/><E9/><V108/><F108/><W120/><G120/><T42/><D117/><U61/><E61/><V96/><F96/><W30/><N who="3" m="7168" /><DORA hai="74" /><W17/><G33/><T20/><D42/><U63/><E63/><V26/><F26/><W48/><G45/><T50/><D36/><U97/><E97/><V99/><F99/><W121/><G121/><T107/><D85/><U66/><E66/><V16/><F16/><W89/><G89/><T88/><D91/><U40/><E40/><V0/><F0/><W77/><G77/><T15/><D88/><U122/><E122/><V111/><F111/><W64/><G64/><T133/><D44/><U94/><E19/><V110/><F110/><W53/><G53/><T55/><D55/><U130/><E130/><V132/><F132/><N who="1" m="50729" /><E94/><V78/><F78/><W22/><AGARI ba="0,0" hai="1,5,10,12,17,22,48,51" m="7168,49226" machi="22" ten="50,2400,0" yaku="19,1" doraHai="70,74" who="3" fromWho="3" sc="351,-8,227,-8,201,-8,221,24" /><INIT seed="3,1,0,5,2,55" ten="343,219,193,245" oya="3" hai0="115,46,27,3,39,81,127,8,19,106,123,100,98" hai1="62,77,31,47,88,76,130,59,117,129,118,38,116" hai2="65,2,110,13,60,92,75,58,96,56,10,113,70" hai3="80,43,102,119,25,16,111,87,42,105,15,78,71"/><W133/><G119/><T97/><D123/><U86/><E31/><V74/><F113/><W53/><G71/><T24/><D127/><U50/><E38/><V73/><F110/><W101/><G133/><T17/><D115/><U103/><E103/><N who="3" m="39434" /><G105/><T79/><D97/><U7/><E50/><V108/><F108/><W28/><G111/><T14/><D3/><U120/><E7/><V57/><F57/><W32/><G32/><T18/><D39/><U21/><E21/><V29/><F29/><W1/><G1/><T54/><D46/><U23/><E23/><V126/><F126/><W89/><G25/><T52/><D24/><U36/><E47/><V63/><F2/><W40/><G53/><T26/><D27/><U66/><E36/><V131/><F131/><N who="1" m="50185" /><E120/><V6/><REACH who="2" step="1"/><F63/><REACH who="2" ten="343,219,183,245" step="2"/><W12/><G28/><T5/><REACH who="0" step="1"/><D26/><REACH who="0" ten="333,219,183,245" step="2"/><U85/><E85/><AGARI ba="1,2" hai="5,8,14,17,18,19,52,54,79,81,85,98,100,106" machi="85" ten="40,5200,0" yaku="1,1,2,1,54,1,53,0" doraHai="55" doraHaiUra="135" who="0" fromWho="1" sc="333,75,219,-55,183,0,245,0" /><INIT seed="4,0,0,5,0,94" ten="408,164,183,245" oya="0" hai0="101,77,39,87,34,32,3,26,4,65,18,83,9" hai1="6,46,80,47,38,108,10,111,35,12,120,117,22" hai2="89,51,41,73,92,53,78,135,28,113,91,17,82" hai3="115,52,27,131,59,36,69,23,45,130,61,33,2"/><T124/><D124/><U123/><E120/><V104/><F113/><W129/><G115/><T14/><D39/><U40/><E123/><V20/><F135/><W19/><G2/><T16/><D65/><U68/><E117/><V134/><F104/><W29/><G69/><T72/><D101/><U110/><E68/><V100/><F134/><W85/><G85/><T8/><REACH who="0" step="1"/><D72/><REACH who="0" ten="398,164,183,245" step="2"/><U55/><E35/><V43/><F100/><W114/><G114/><T79/><D79/><U64/><E64/><V97/><F91/><W88/><G88/><T125/><D125/><U62/><E108/><V96/><F28/><W5/><G5/><T121/><D121/><U25/><E110/><V44/><REACH who="2" step="1"/><F96/><REACH who="2" ten="398,164,173,245" step="2"/><W70/><G70/><T1/><D1/><U0/><E111/><V71/><F71/><W67/><G36/><T48/><D48/><U84/><E0/><V95/><F95/><W86/><G129/><T93/><D93/><U90/><E38/><V50/><F50/><N who="3" m="28751" /><G130/><T122/><D122/><U103/><E103/><V24/><AGARI ba="0,2" hai="17,20,24,41,43,44,51,53,73,78,82,89,92,97" machi="24" ten="20,5200,0" yaku="1,1,0,1,7,1,52,1,53,0" doraHai="94" doraHaiUra="57" who="2" fromWho="2" sc="398,-26,164,-13,173,72,245,-13" /><INIT seed="5,0,0,0,2,113" ten="372,151,245,232" oya="1" hai0="31,56,19,98,133,128,132,52,75,59,58,39,119" hai1="82,109,49,116,68,71,135,32,100,108,79,112,89" hai2="120,91,67,123,106,63,101,97,69,78,90,4,47" hai3="7,50,42,37,34,99,76,64,55,115,107,12,61"/><U27/><E89/><V28/><F4/><W6/><G115/><T57/><D39/><U111/><E112/><V3/><F3/><W20/><G34/><T94/><D75/><N who="1" m="43391" /><E49/><V85/><F47/><W14/><G76/><T114/><D114/><U102/><E135/><N who="0" m="51785" /><D128/><U83/><E83/><V80/><F91/><W30/><G42/><T95/><D31/><N who="1" m="19583" /><E116/><V53/><F53/><W121/><G37/><T29/><D29/><U17/><E17/><V1/><F1/><W103/><G121/><T77/><D77/><U16/><E16/><V93/><REACH who="2" step="1"/><F28/><REACH who="2" ten="372,151,235,232" step="2"/><W126/><G30/><T92/><D19/><U105/><E102/><V96/><AGARI ba="0,1" hai="63,67,69,78,80,85,90,93,96,97,101,106,120,123" machi="96" ten="20,5200,0" yaku="1,1,2,1,0,1,7,1,53,0" doraHai="113" doraHaiUra="24" who="2" fromWho="2" sc="372,-13,151,-26,235,62,232,-13" /><INIT seed="6,0,0,4,2,46" ten="359,125,297,219" oya="2" hai0="95,129,24,127,18,103,56,33,82,77,12,92,123" hai1="70,13,3,102,21,20,50,115,97,15,10,53,116" hai2="85,61,87,119,7,130,63,89,72,26,38,118,100" hai3="121,68,22,73,125,114,43,55,31,2,59,45,105"/><V23/><F38/><W51/><G121/><T32/><D123/><U57/><E116/><V132/><F72/><W96/><G73/><T94/><D127/><U134/><E70/><V65/><F100/><W113/><G2/><T122/><D122/><U135/><E3/><V101/><F101/><N who="3" m="62631" /><G68/><T34/><D129/><U91/><E115/><N who="3" m="44042" /><G125/><T108/><D108/><U35/><E35/><V83/><F130/><W131/><G131/><T11/><D103/><U37/><E37/><V128/><F128/><W25/><G59/><T86/><REACH who="0" step="1"/><D56/><REACH who="0" ten="349,125,297,219" step="2"/><U69/><E69/><V90/><F118/><W133/><G133/><N who="1" m="50698" /><E102/><V80/><F119/><W0/><G0/><T48/><D48/><U8/><E91/><V64/><F132/><W16/><G31/><AGARI ba="0,1" hai="11,12,18,24,31,32,33,34,77,82,86,92,94,95" machi="31" ten="40,1300,0" yaku="1,1,53,0" doraHai="46" doraHaiUra="41" who="0" fromWho="3" sc="349,23,125,0,297,0,219,-13" /><INIT seed="7,0,0,3,4,82" ten="372,125,297,206" oya="3" hai0="91,73,44,20,30,60,134,14,120,105,95,107,19" hai1="79,86,97,108,72,1,53,2,93,110,131,43,104" hai2="102,64,4,18,115,0,78,103,127,36,98,116,5" hai3="31,29,100,47,33,74,132,92,81,57,65,42,15"/><W88/><G132/><T12/><D120/><U61/><E43/><V125/><F116/><W121/><G121/><T10/><D73/><U99/><E61/><V128/><F36/><W21/><G100/><N who="2" m="38441" /><F115/><W23/><G33/><T109/><D109/><U75/><E53/><V123/><F123/><W113/><G113/><T41/><D60/><U6/><E6/><N who="2" m="2667" /><F0/><W129/><G129/><T118/><D134/><U126/><E104/><V35/><F35/><W56/><G74/><T11/><D11/><U63/><E63/><V114/><F114/><W130/><G81/><T48/><D118/><U45/><E131/><V90/><F78/><W62/><G57/><T37/><D37/><U101/><E79/><V58/><F18/><N who="3" m="10463" /><G23/><T112/><D112/><U119/><E119/><V7/><N who="2" m="2675" /><V84/><DORA hai="69" /><F98/><N who="3" m="57607" /><G130/><T124/><D105/><U67/><E101/><V55/><F128/><W111/><G111/><T25/><D107/><U8/><E75/><V133/><F133/><W22/><G22/><T49/><D20/><U80/><E72/><V96/><F127/><W51/><AGARI ba="0,0" hai="29,31,42,47,51,56,62,65" m="57607,10463" machi="51" ten="30,3000,0" yaku="8,1,54,1" doraHai="82,69" who="3" fromWho="3" sc="372,-10,125,-10,297,-10,206,30" /><INIT seed="7,1,0,1,2,12" ten="362,115,287,236" oya="3" hai0="37,112,79,31,115,88,17,98,113,7,129,25,105" hai1="76,66,99,20,2,114,19,64,14,29,133,128,109" hai2="95,56,91,10,102,107,101,94,85,130,122,32,15" hai3="5,119,132,58,100,48,90,26,84,73,108,18,92"/><W4/><G119/><T6/><D37/><U77/><E109/><V52/><F130/><W135/><G73/><T65/><D129/><U8/><E128/><V118/><F118/><W53/><G108/><T42/><D79/><U60/><E114/><V16/><F107/><W89/><G100/><N who="0" m="62615" /><D42/><U87/><E133/><N who="3" m="51274" /><G90/><T11/><D65/><U74/><E74/><V51/><F122/><W104/><G104/><T62/><D62/><U126/><E126/><V78/><F32/><W21/><AGARI ba="1,0" hai="4,5,18,21,26,48,53,58,84,89,92" m="51274" machi="21" ten="30,3000,0" yaku="20,1,52,1" doraHai="12" who="3" fromWho="3" sc="362,-11,115,-11,287,-11,236,33" /><INIT seed="7,2,0,1,3,26" ten="351,104,276,269" oya="3" hai0="97,95,2,125,51,3,28,108,49,9,46,92,82" hai1="56,84,39,107,13,129,14,115,135,65,109,5,7" hai2="23,85,8,105,10,98,19,61,70,20,130,66,17" hai3="122,25,124,68,94,77,38,69,102,127,22,54,57"/><W15/><G122/><T41/><D108/><U112/><E109/><V36/><F36/><W18/><G38/><T80/><D125/><N who="3" m="48201" /><G77/><T118/><D118/><U16/><E39/><V30/><F130/><W78/><G78/><T110/><D110/><U114/><E107/><V52/><F85/><W76/><G76/><T123/><D123/><U24/><E65/><V103/><F52/><W83/><G83/><T90/><D3/><U104/><E104/><V48/><F48/><N who="3" m="30919" /><G15/><T73/><D2/><U64/><E84/><V12/><REACH who="2" step="1"/><F30/><REACH who="2" ten="351,104,266,269" step="2"/><W67/><G67/><T71/><D28/><U134/><E64/><V58/><F58/><W29/><G29/><T45/><D82/><U133/><E56/><V120/><F120/><W1/><G1/><T119/><D80/><U106/><E106/><V87/><F87/><W63/><G63/><T75/><D51/><U44/><E44/><V6/><F6/><N who="1" m="2057" /><E129/><V21/><F21/><AGARI ba="2,1" hai="13,14,16,21,24,112,114,115,133,134,135" m="2057" machi="21" ten="40,8000,1" yaku="15,1,20,1,34,2,54,1" doraHai="26" who="1" fromWho="2" sc="351,0,104,96,266,-86,269,0" owari="351,45.1,200,-20.0,180,-32.0,269,6.9" /></mjloggm>