<mjloggm ver="2.3"><GO type="169" lobby="0"/><UN n0="%E3%82%89%E3%81%84%E3%81%82%E3%82%93%E3%81%98%E3%82%83%E3%82%93" n1="%E3%83%AA%E3%83%84%E3%83%9F%E3%82%B5%E3%83%B3" n2="%E3%81%AA%E3%81%8B%E3%81%AE%E3%81%86%E3%81%88" n3="%70%6F%72%66%65%76%72%65" dan="17,18,16,16" rate="2206.55,2228.33,2157.30,2136.71" sx="M,M,M,M"/><TAIKYOKU oya="0"/><INIT seed="0,0,0,3,5,126" ten="250,250,250,250" oya="0" hai0="115,112,96,100,128,83,73,78,121,91,123,41,5" hai1="68,119,26,98,47,70,94,84,135,125,22,76,24" hai2="134,9,14,122,105,31,131,60,127,80,109,65,110" hai3="77,3,42,11,108,62,124,46,67,17,117,27,72"/><T7/><D41/><U0/><E0/><V15/><F122/><N who="0" m="46602" /><D7/><U120/><E119/><V90/><F105/><W43/><G124/><T88/><D5/><U101/><E135/><V20/><F134/><W107/><G27/><T104/><D128/><U32/><E125/><V54/><F54/><W37/><G17/><T92/><D91/><U106/><E47/><V93/><F127/><W29/><G29/><T19/><D19/><U48/><E26/><V118/><F118/><W85/><G43/><T25/><D25/><U52/><E32/><V113/><F113/><W53/><G117/><T87/><AGARI ba="0,0" hai="73,78,83,87,88,92,96,100,104,112,115" m="46602" machi="87" ten="30,11700,0" yaku="24,1,34,2,54,1" doraHai="126" who="0" fromWho="0" sc="250,117,250,-39,250,-39,250,-39" /><INIT seed="0,1,0,4,3,68" ten="367,211,211,211" oya="0" hai0="38,135,31,72,71,87,112,10,34,121,115,80,88" hai1="128,106,82,36,17,92,52,28,18,48,39,95,127" hai2="59,74,26,63,47,114,13,9,16,101,81,120,94" hai3="133,131,62,33,111,7,117,110,69,50,8,35,54"/><T98/><D121/><U108/><E106/><V129/><F114/><W43/><G117/><T66/><D135/><U49/><E28/><V42/><F129/><W109/><G131/><T64/><D38/><U57/><E128/><V70/><F70/><W113/><G133/><T15/><D72/><U30/><E30/><V84/><F74/><W93/><G43/><T0/><D0/><U51/><E82/><V45/><F120/><W22/><G22/><T19/><D98/><U78/><E78/><V90/><F26/><W125/><G125/><T124/><D124/><U83/><E83/><V123/><F123/><W118/><G118/><T25/><REACH who="0" step="1"/><D71/><REACH who="0" ten="357,211,211,211" step="2"/><U130/><E127/><V53/><F42/><W76/><G69/><T37/><D37/><U107/><E130/><V44/><F44/><W56/><G113/><AGARI ba="1,1" hai="10,15,19,25,31,34,64,66,80,87,88,112,113,115" machi="113" ten="40,3900,0" yaku="1,1,54,1,53,0" doraHai="68" doraHaiUra="100" who="0" fromWho="3" sc="357,52,211,0,211,0,211,-42" /><INIT seed="0,2,0,2,1,81" ten="409,211,211,169" oya="0" hai0="65,75,129,49,6,27,43,24,74,101,107,89,21" hai1="60,123,80,62,132,52,59,88,18,108,120,8,103" hai2="92,9,78,63,54,133,23,128,83,13,50,118,44" hai3="85,57,5,117,134,66,104,109,100,10,97,68,4"/><T55/><D129/><U111/><E103/><V36/><F118/><W67/><G117/><T122/><D122/><U84/><E132/><V2/><F128/><W56/><G134/><T17/><D43/><U42/><E42/><V31/><F36/><W110/><G5/><T35/><D65/><U38/><E38/><V69/><F2/><W87/><G67/><T7/><D101/><U116/><E116/><V130/><F69/><W45/><G45/><T125/><D107/><U19/><E62/><V95/><F63/><W119/><G119/><T41/><D41/><U40/><E40/><V82/><F130/><W98/><G97/><T48/><D48/><U22/><E8/><V112/><F112/><W72/><G72/><T53/><D53/><U76/><E76/><V106/><F106/><W29/><G29/><T58/><D7/><U79/><E79/><V73/><F83/><W15/><G68/><T127/><D6/><U94/><E80/><V47/><F47/><W135/><G135/><T124/><REACH who="0" step="1"/><D89/><REACH who="0" ten="399,211,211,169" step="2"/><U126/><E123/><V26/><F133/><W86/><REACH who="3" step="1"/><G66/><REACH who="3" ten="399,211,211,159" step="2"/><T90/><D90/><U0/><E88/><V39/><F39/><W70/><G70/><T32/><D32/><U11/><E120/><V114/><F114/><W77/><G77/><T30/><AGARI ba="2,2" hai="17,21,24,27,30,35,49,55,58,74,75,124,125,127" machi="30" ten="40,12000,1" yaku="1,1,0,1,18,1,53,1" doraHai="81" doraHaiUra="25" who="0" fromWho="0" sc="399,146,211,-42,211,-42,159,-42" /><INIT seed="0,3,0,0,5,24" ten="545,169,169,117" oya="0" hai0="92,111,117,23,10,39,130,5,84,74,101,1,26" hai1="6,70,29,120,96,105,91,116,131,75,102,128,50" hai2="109,51,122,54,110,127,16,58,68,59,57,125,76" hai3="48,21,124,60,94,89,80,47,72,40,67,43,31"/><T32/><D117/><U18/><E70/><V62/><F76/><W108/><G108/><N who="2" m="41577" /><F16/><W37/><G124/><N who="2" m="47689" /><F122/><W126/><G126/><T46/><D23/><U27/><E116/><V107/><F107/><W112/><G112/><T45/><D26/><U78/><E6/><V3/><F3/><W17/><G37/><T114/><D10/><U104/><E104/><V7/><F7/><W129/><G129/><T55/><D1/><U73/><E18/><V49/><F49/><W56/><G72/><T106/><D39/><U30/><E27/><V28/><F28/><N who="1" m="10857" /><E78/><V98/><F98/><N who="3" m="57679" /><G31/><T134/><D106/><U11/><E11/><V71/><F59/><W93/><G93/><T69/><D92/><U121/><E50/><V20/><F20/><W119/><G80/><T77/><D77/><U99/><E99/><V41/><F41/><N who="3" m="24687" /><G119/><T13/><D74/><N who="1" m="28171" /><E91/><V113/><F113/><W65/><G65/><AGARI ba="3,0" hai="51,54,57,58,62,65,68,71" m="47689,41577" machi="65" ten="30,7700,0" yaku="14,1,18,1,34,2" doraHai="24" who="2" fromWho="3" sc="545,0,169,0,169,86,117,-86" /><INIT seed="1,0,0,5,4,30" ten="545,169,255,31" oya="1" hai0="65,102,119,12,135,106,56,58,35,4,31,1,131" hai1="8,34,25,28,70,37,63,26,9,77,52,48,47" hai2="80,86,36,71,100,62,82,5,69,107,122,121,88" hai3="81,17,38,97,59,67,83,66,46,39,43,93,123"/><U84/><E37/><V114/><F36/><W103/><G123/><T90/><D90/><U21/><E77/><V7/><F114/><W76/><G39/><T130/><D12/><U132/><E132/><V42/><F42/><W11/><G59/><T53/><D65/><U19/><REACH who="1" step="1"/><E84/><REACH who="1" ten="545,159,255,31" step="2"/><V89/><F86/><W24/><G81/><T61/><D135/><U78/><E78/><V117/><F82/><W16/><G17/><T92/><D130/><U55/><E55/><V124/><F80/><W129/><G129/><T105/><D53/><U116/><E116/><V126/><F117/><W72/><REACH who="3" step="1"/><G11/><REACH who="3" ten="545,159,255,21" step="2"/><T50/><D131/><U91/><E91/><V64/><F88/><W13/><G13/><T45/><D119/><U23/><E23/><AGARI ba="0,2" hai="16,23,24,38,43,46,66,67,72,76,83,93,97,103" machi="23" ten="40,5200,0" yaku="1,1,54,1,53,1" doraHai="30" doraHaiUra="79" who="3" fromWho="1" sc="545,0,159,-52,255,0,21,72" /><INIT seed="2,0,0,0,1,87" ten="545,107,255,93" oya="2" hai0="97,13,54,58,83,16,9,42,31,33,29,7,51" hai1="64,68,48,26,20,59,34,50,130,110,125,89,23" hai2="69,133,27,102,63,53,43,101,105,120,92,66,128" hai3="41,99,81,114,119,107,11,21,135,1,10,78,79"/><V95/><F120/><W15/><G119/><T98/><D83/><U84/><E110/><V86/><F128/><W108/><G108/><T112/><D112/><U22/><E125/><V109/><F133/><W60/><G135/><T90/><D42/><U25/><E68/><V45/><F109/><W91/><G114/><T80/><D7/><U70/><E70/><V55/><F105/><W75/><G79/><T12/><D12/><U28/><E130/><V40/><F27/><W122/><G122/><T67/><D67/><U106/><E106/><V94/><F43/><W77/><G77/><T5/><D5/><U38/><E38/><V116/><F116/><W52/><G41/><T96/><D33/><U19/><E23/><V4/><F4/><W103/><G1/><T47/><D58/><U113/><E34/><V131/><F86/><AGARI ba="0,0" hai="9,13,16,29,31,47,51,54,80,86,90,96,97,98" machi="86" ten="40,8000,1" yaku="25,2,8,1,52,1,54,1" doraHai="87" who="0" fromWho="2" sc="545,80,107,0,255,-80,93,0" /><INIT seed="3,0,0,2,4,51" ten="625,107,175,93" oya="3" hai0="94,35,116,112,70,8,76,79,23,67,81,131,21" hai1="43,109,89,25,71,12,121,93,1,61,101,87,62" hai2="66,77,100,124,123,29,30,26,65,9,14,57,103" hai3="119,118,47,18,56,27,126,78,59,19,22,64,2"/><W128/><G2/><T108/><D35/><U104/><E1/><V83/><F124/><W28/><G126/><T4/><D76/><U7/><E121/><V113/><F113/><W48/><G128/><T117/><D21/><U38/><E109/><V74/><F30/><W11/><G78/><T135/><D23/><U42/><E38/><V40/><F40/><W105/><G105/><T90/><D135/><U34/><E12/><V75/><F75/><W44/><G64/><T52/><D52/><U46/><E7/><V37/><F37/><W41/><G47/><T3/><D108/><U49/><E71/><V129/><F129/><W88/><G118/><T33/><D33/><U97/><REACH who="1" step="1"/><E43/><REACH who="1" ten="625,97,175,93" step="2"/><V31/><F123/><W130/><G130/><T13/><D3/><U92/><E92/><V107/><F107/><W58/><G119/><T98/><D112/><U132/><E132/><V122/><F122/><W54/><G41/><T102/><D131/><U85/><E85/><V127/><F74/><W95/><G11/><T110/><D110/><U36/><E36/><V24/><F14/><W20/><G22/><T133/><D133/><U73/><E73/><V53/><F9/><W111/><REACH who="3" step="1"/><G111/><REACH who="3" ten="625,97,175,83" step="2"/><T80/><D116/><U99/><E99/><AGARI ba="0,2" hai="18,19,20,27,28,44,48,54,56,58,59,88,95,99" machi="99" ten="40,12000,1" yaku="1,1,2,1,8,1,52,1,54,1,53,0" doraHai="51" doraHaiUra="69" who="3" fromWho="1" sc="625,0,97,-120,175,0,83,140" owari="625,72.5,-23,-52.3,175,-22.5,223,2.3" /></mjloggm>