<mjloggm ver="2.3"><GO type="169" lobby="0"/><UN n0="%E9%87%A3%E3%82%8A%E6%97%A5%E5%92%8C" n1="%E8%80%81%E6%A5%BD" n2="%E5%A4%A7%E4%BB%81%E7%94%B0%E8%96%84" n3="%E3%81%BF%E3%81%8B%E3%82%93%EF%BC%A0%E3%82%8F%E3%81%8B%E3%82%81%E3%81%A6" dan="17,18,17,16" rate="2216.66,2268.72,2185.94,2134.85" sx="M,M,M,M"/><TAIKYOKU oya="0"/><INIT seed="0,0,0,5,3,134" ten="250,250,250,250" oya="0" hai0="77,34,44,41,89,54,125,32,115,17,76,99,24" hai1="117,130,68,112,84,66,60,43,72,74,128,71,42" hai2="47,83,56,7,110,122,3,106,81,118,93,36,113" hai3="69,26,90,92,28,30,1,38,64,40,13,52,19"/><T109/><D115/><U91/><E117/><V123/><F106/><W18/><G1/><T50/><D109/><U94/><E68/><V131/><F113/><W79/><G79/><T2/><D2/><U96/><E112/><V133/><F110/><W95/><G38/><T97/><D34/><U14/><E14/><V48/><F133/><W25/><G40/><N who="1" m="15402" /><E96/><V126/><F56/><W39/><G39/><T70/><D99/><U107/><E107/><V58/><F58/><W103/><G69/><T98/><D98/><U116/><E116/><V78/><F81/><W135/><G135/><T51/><D70/><U65/><E65/><V12/><F93/><W67/><G13/><T88/><D32/><U127/><E127/><V6/><F12/><W104/><G104/><T87/><D97/><U37/><E37/><V49/><F126/><W108/><G108/><T20/><D125/><U62/><E62/><V61/><F61/><W82/><G52/><T0/><D0/><U10/><E10/><V59/><F3/><W114/><G114/><T124/><D124/><U129/><AGARI ba="0,0" hai="60,66,71,72,74,84,91,94,128,129,130" m="15402" machi="129" ten="40,1500,0" yaku="19,1" doraHai="134" who="1" fromWho="1" sc="250,-7,250,15,250,-4,250,-4" /><INIT seed="1,0,0,1,2,9" ten="243,265,246,246" oya="1" hai0="76,51,108,131,41,45,0,87,95,38,128,50,100" hai1="46,13,127,8,134,70,106,80,75,120,81,47,90" hai2="71,88,25,39,132,77,94,67,58,28,10,34,126" hai3="74,91,116,135,30,62,56,130,66,93,124,15,1"/><U86/><E120/><V52/><F126/><W101/><G1/><T114/><D0/><U107/><E70/><V65/><F39/><W102/><G124/><T48/><D114/><U27/><E127/><V110/><F110/><W99/><G74/><T96/><D108/><U72/><E134/><V129/><F132/><W63/><G135/><T119/><D119/><U92/><E27/><V55/><F71/><W33/><G116/><T68/><D68/><U84/><E92/><V43/><F43/><W85/><G130/><N who="0" m="49707" /><D76/><U83/><E83/><V7/><F77/><W20/><G62/><T6/><D6/><U69/><E69/><V73/><F55/><W24/><G33/><T57/><D87/><U21/><E21/><V109/><F73/><W5/><REACH who="3" step="1"/><G85/><REACH who="3" ten="243,265,246,236" step="2"/><T125/><D125/><U26/><E72/><V17/><F129/><W59/><G59/><AGARI ba="0,1" hai="38,41,45,48,50,51,57,59,95,96,100" m="49707" machi="59" ten="30,1000,0" yaku="19,1" doraHai="9" who="0" fromWho="3" sc="243,20,265,0,246,0,236,-10" /><INIT seed="2,0,0,1,5,31" ten="263,265,246,226" oya="2" hai0="19,51,60,26,18,30,61,25,102,75,92,16,58" hai1="128,124,45,76,32,103,65,23,67,90,106,135,112" hai2="0,22,9,80,91,37,42,97,59,68,3,125,117" hai3="78,94,48,15,44,109,93,41,73,79,33,63,10"/><V120/><F68/><W55/><G109/><T24/><D75/><U64/><E23/><V13/><F120/><W104/><G104/><T118/><D30/><U101/><E90/><V121/><F121/><W70/><G33/><T54/><REACH who="0" step="1"/><D118/><REACH who="0" ten="253,265,246,226" step="2"/><U133/><E135/><V134/><F134/><W77/><G73/><T21/><D21/><U129/><E133/><V49/><F117/><W84/><G70/><T88/><D88/><U99/><E129/><V34/><F22/><W38/><G84/><T5/><D5/><U126/><E128/><V36/><F91/><W27/><G27/><T96/><AGARI ba="0,1" hai="16,18,19,24,25,26,51,54,58,60,61,92,96,102" machi="96" ten="40,8000,1" yaku="1,1,0,1,8,1,54,1,53,0" doraHai="31" doraHaiUra="113" who="0" fromWho="0" sc="253,90,265,-20,246,-40,226,-20" /><INIT seed="3,0,0,4,0,10" ten="343,245,206,206" oya="3" hai0="86,102,7,93,114,75,28,63,47,122,135,99,48" hai1="92,5,100,111,1,52,38,79,85,105,19,26,72" hai2="22,101,33,130,17,58,69,11,115,46,126,9,123" hai3="21,54,73,43,110,107,71,2,74,128,53,82,70"/><W98/><G2/><T67/><D122/><U121/><E38/><V120/><F69/><W27/><G43/><T131/><D75/><U125/><E121/><N who="2" m="46667" /><F101/><W89/><G128/><T88/><D135/><U83/><E125/><V95/><F95/><W80/><G107/><T41/><D131/><U65/><E65/><V18/><F130/><W66/><G110/><T14/><D28/><U106/><E111/><V42/><F33/><W87/><G98/><T97/><D114/><U76/><E5/><V60/><F126/><W36/><G36/><T51/><D51/><U124/><E1/><V112/><F9/><W94/><G70/><T29/><D29/><U81/><E124/><V68/><F11/><W108/><G108/><T50/><D50/><U134/><E134/><V31/><F31/><W109/><G109/><T104/><D7/><U78/><E78/><V96/><F96/><W16/><G73/><T20/><D104/><U59/><E92/><V127/><F68/><W34/><G34/><T91/><D102/><U77/><E77/><V40/><F40/><W35/><G35/><T90/><D99/><U39/><E100/><V55/><F127/><W8/><G8/><T62/><D97/><U44/><E39/><N who="2" m="21855" /><F17/><W37/><G37/><T113/><D113/><U132/><E44/><V32/><F32/><W0/><G0/><T30/><D30/><U6/><E6/><V84/><F84/><W23/><G23/><T45/><D45/><U57/><E132/><V15/><AGARI ba="0,0" hai="15,18,22,55,58,60,112,115" m="21855,46667" machi="15" ten="30,2000,0" yaku="13,1,52,1" doraHai="10" who="2" fromWho="2" sc="343,-5,245,-5,206,20,206,-10" /><INIT seed="4,0,0,0,2,77" ten="338,240,226,196" oya="0" hai0="4,8,53,121,64,23,118,29,67,105,129,28,111" hai1="9,49,61,36,24,65,96,116,16,25,81,37,127" hai2="0,93,54,100,62,13,69,17,114,102,97,103,30" hai3="63,83,101,119,91,68,115,35,38,73,108,47,44"/><T124/><D118/><U19/><E116/><V133/><F0/><W80/><G108/><T7/><D121/><U43/><E127/><V21/><F114/><W92/><G119/><T52/><D105/><U117/><E117/><V78/><F133/><W34/><G73/><T88/><D124/><U56/><E36/><V84/><F30/><W41/><G101/><T33/><D33/><U6/><E37/><V104/><F104/><W32/><G115/><T59/><D129/><U106/><E43/><V123/><F123/><W72/><G44/><T112/><D112/><U131/><E49/><V82/><REACH who="2" step="1"/><F69/><REACH who="2" ten="338,240,216,196" step="2"/><W26/><G72/><T86/><D29/><U58/><E131/><V109/><F109/><W15/><G26/><T42/><D28/><U10/><E106/><V48/><F48/><W113/><G113/><T1/><D1/><U94/><E24/><V46/><F46/><W130/><G130/><T31/><D31/><U45/><E45/><V5/><F5/><W132/><G132/><T27/><D4/><U128/><E25/><V40/><F40/><W2/><G2/><T57/><D7/><U125/><E6/><V22/><F22/><W71/><G15/><T107/><D23/><U85/><E128/><V51/><F51/><W11/><G11/><T70/><D42/><U74/><E9/><V110/><F110/><W122/><G122/><T66/><D107/><U50/><E10/><V12/><F12/><W20/><G20/><T135/><D111/><U3/><E3/><V90/><F90/><W89/><G89/><T39/><D27/><U75/><E50/><RYUUKYOKU ba="0,1" sc="338,-10,240,-10,216,30,196,-10" hai2="13,17,21,54,62,78,82,84,93,97,100,102,103" /><INIT seed="5,1,1,4,2,29" ten="328,230,246,186" oya="1" hai0="126,27,109,117,67,93,83,6,98,12,17,62,85" hai1="101,99,0,108,60,121,132,130,2,41,20,100,22" hai2="63,47,48,102,19,25,9,123,18,78,42,14,110" hai3="34,91,68,64,40,111,37,10,36,33,8,94,65"/><U89/><E121/><V75/><F123/><W71/><G94/><T125/><D109/><U135/><E108/><V84/><F75/><W77/><G111/><T30/><D6/><U61/><E41/><V28/><F102/><W49/><G40/><T55/><D55/><U82/><E82/><N who="2" m="47191" /><F63/><W24/><G24/><T74/><D74/><U128/><REACH who="1" step="1"/><E89/><REACH who="1" ten="328,220,246,186" step="2"/><V3/><F110/><W104/><G91/><T4/><D83/><U38/><E38/><V87/><F3/><W122/><G122/><T44/><D125/><U56/><E56/><V46/><F46/><W11/><G36/><T21/><D44/><U57/><E57/><V76/><F76/><W54/><G77/><T51/><D126/><U97/><AGARI ba="1,2" hai="0,2,20,22,60,61,97,99,100,101,128,130,132,135" machi="97" ten="25,9600,0" yaku="1,1,0,1,22,2,53,0" doraHai="29" doraHaiUra="86" who="1" fromWho="1" sc="328,-33,220,119,246,-33,186,-33" /><INIT seed="5,2,0,0,2,95" ten="295,339,213,153" oya="1" hai0="80,129,61,17,44,110,74,121,130,39,98,2,66" hai1="18,73,83,126,32,43,27,111,28,94,36,106,37" hai2="50,45,133,11,9,89,41,109,118,82,6,124,5" hai3="123,40,29,86,99,19,81,3,79,78,20,24,101"/><U4/><E106/><V107/><F109/><W72/><G123/><T59/><D110/><U84/><E73/><V135/><F118/><W103/><G3/><T56/><D2/><U125/><E111/><V10/><F107/><W47/><G103/><T131/><D121/><U70/><E70/><V97/><F124/><W68/><G68/><T114/><D114/><U26/><E4/><V53/><F41/><W85/><G79/><N who="0" m="44151" /><D17/><U34/><E94/><N who="2" m="56527" /><F82/><W128/><G128/><T14/><D14/><U105/><E105/><V35/><F35/><W62/><G62/><T49/><D98/><U30/><E18/><V104/><F104/><W22/><G101/><T63/><D39/><U88/><E43/><V42/><F42/><W12/><REACH who="3" step="1"/><G99/><REACH who="3" ten="295,339,213,143" step="2"/><T92/><D63/><U77/><E77/><V31/><F31/><W55/><G55/><N who="0" m="30119" /><D92/><U87/><E87/><V0/><F0/><W122/><G122/><T46/><D61/><U127/><AGARI ba="2,1" hai="26,27,28,30,32,34,36,37,83,84,88,125,126,127" machi="127" ten="30,11700,0" yaku="0,1,9,1,18,1,54,1" doraHai="95" who="1" fromWho="1" sc="295,-41,339,133,213,-41,143,-41" /><INIT seed="5,3,0,3,3,64" ten="254,472,172,102" oya="1" hai0="87,67,24,55,66,33,81,16,82,35,5,9,104" hai1="12,102,79,126,57,77,122,80,76,121,88,89,18" hai2="70,7,1,56,17,26,54,128,8,0,29,98,42" hai3="133,107,30,53,63,103,36,28,83,115,25,112,90"/><U37/><E37/><V109/><F109/><W43/><G107/><T127/><D104/><U105/><E57/><V10/><F128/><W91/><G103/><T27/><D127/><U111/><E12/><V108/><F108/><W32/><G30/><T45/><D81/><U65/><E18/><V59/><F42/><W15/><G133/><T73/><D73/><U39/><E65/><V20/><F98/><W131/><G131/><T100/><D100/><U47/><E47/><V118/><F118/><W113/><G83/><T114/><D114/><U94/><E39/><V124/><F124/><W101/><G101/><T68/><D35/><U19/><E19/><V11/><F70/><W40/><G15/><N who="0" m="5551" /><D68/><U119/><E111/><V31/><F56/><W3/><G3/><N who="2" m="1097" /><F54/><W44/><REACH who="3" step="1"/><G40/><REACH who="3" ten="254,472,172,92" step="2"/><T50/><D27/><U132/><E132/><V135/><F135/><W116/><G116/><T117/><D117/><U110/><E119/><V92/><F92/><W84/><G84/><T58/><D24/><U71/><E110/><V4/><F59/><AGARI ba="3,1" hai="25,28,32,36,43,44,53,59,63,90,91,112,113,115" machi="59" ten="40,5200,0" yaku="1,1,15,1,53,1" doraHai="64" doraHaiUra="52" who="3" fromWho="2" sc="254,0,472,0,172,-61,92,71" /><INIT seed="6,0,0,3,2,52" ten="254,472,111,163" oya="2" hai0="63,57,114,10,74,129,70,36,95,79,118,39,80" hai1="1,34,20,112,111,24,17,128,72,43,0,125,59" hai2="21,81,134,91,8,14,94,64,75,126,83,97,7" hai3="69,61,117,2,85,115,109,77,71,78,28,102,92"/><V12/><F126/><W65/><G117/><T53/><D118/><U76/><E43/><V123/><F123/><W87/><G109/><T50/><D114/><U54/><E34/><V88/><F134/><W119/><G119/><T131/><D95/><U106/><E106/><V135/><F135/><W66/><G2/><T101/><D101/><U122/><E76/><V41/><F41/><W22/><G115/><T42/><D10/><U29/><E72/><V38/><F38/><W3/><G3/><T25/><D25/><U113/><E29/><V6/><F75/><W108/><G108/><T11/><D11/><U93/><E0/><V5/><F64/><W23/><G61/><T130/><D70/><U89/><E1/><V33/><F33/><W15/><G92/><T13/><D13/><U16/><E128/><V68/><F68/><W44/><G15/><T48/><D48/><U56/><E125/><V90/><F21/><W104/><G102/><T86/><D74/><U133/><E20/><V27/><F27/><W45/><REACH who="3" step="1"/><G28/><REACH who="3" ten="254,472,111,153" step="2"/><T107/><D107/><AGARI ba="0,1" hai="22,23,44,45,65,66,69,71,77,78,85,87,104,107" machi="107" ten="25,6400,0" yaku="1,1,2,1,22,2,53,0" doraHai="52" doraHaiUra="105" who="3" fromWho="0" sc="254,-64,472,0,111,0,153,74" /><INIT seed="7,0,0,1,1,33" ten="190,472,111,227" oya="3" hai0="76,8,1,92,62,42,114,54,60,64,108,68,82" hai1="58,71,91,104,134,0,13,45,116,70,65,16,80" hai2="74,129,38,67,26,20,37,100,111,46,94,75,27" hai3="15,119,110,4,130,61,49,21,79,7,85,43,118"/><W90/><G130/><T117/><D108/><U32/><E58/><V115/><F111/><W81/><G110/><T83/><D117/><U2/><E91/><V25/><F129/><W6/><G119/><T12/><D42/><U127/><E16/><V87/><F115/><W98/><G118/><T3/><D82/><U57/><E13/><V50/><F38/><W36/><G36/><T48/><D92/><U125/><E57/><V77/><F37/><W24/><G61/><T72/><D62/><N who="1" m="40247" /><E45/><V66/><F75/><W47/><G98/><T96/><D96/><U93/><E93/><V122/><F74/><W73/><G73/><T30/><D30/><U126/><E80/><V11/><F122/><W40/><G40/><T18/><D114/><U135/><E116/><V44/><F20/><W97/><G97/><T89/><D89/><U35/><E71/><V113/><F113/><W112/><G112/><T121/><D121/><U78/><E78/><V22/><F22/><W63/><G63/><T101/><D101/><U14/><E14/><V106/><F106/><W31/><REACH who="3" step="1"/><G90/><REACH who="3" ten="190,472,111,217" step="2"/><T23/><D8/><AGARI ba="0,1" hai="4,6,7,8,15,21,24,31,43,47,49,79,81,85" machi="8" ten="40,12000,1" yaku="1,1,2,1,25,2,8,1,53,0" doraHai="33" doraHaiUra="128" who="3" fromWho="0" sc="190,-120,472,0,111,0,217,130" /><INIT seed="7,1,0,4,1,133" ten="70,472,111,347" oya="3" hai0="101,104,91,18,131,70,77,125,92,105,25,45,16" hai1="100,53,8,51,102,36,4,94,30,119,109,48,113" hai2="40,2,24,7,31,57,96,120,13,38,23,128,123" hai3="93,108,76,5,121,124,22,32,43,71,69,39,106"/><W79/><G121/><N who="2" m="46665" /><F128/><W86/><G106/><T15/><D70/><U89/><E48/><V49/><F38/><W58/><G32/><T64/><D131/><U85/><E89/><V62/><F2/><W118/><G118/><T114/><D64/><U46/><E53/><N who="2" m="34095" /><F96/><W61/><G108/><T83/><D125/><U135/><E94/><V68/><F68/><W80/><G124/><T55/><D114/><U112/><E8/><N who="2" m="4255" /><F49/><W12/><G79/><T116/><D116/><U78/><E30/><V10/><F10/><W9/><G93/><T41/><D101/><U47/><E85/><V97/><F97/><W95/><G95/><T75/><D104/><U27/><E27/><V50/><F50/><W103/><G103/><T74/><D74/><U34/><E47/><V72/><F40/><W26/><G43/><T81/><D105/><U87/><E4/><V33/><F72/><W129/><G39/><T127/><D127/><U19/><E19/><V130/><F130/><W60/><G129/><T88/><D81/><U44/><E34/><AGARI ba="1,0" hai="23,24,31,33,34" m="4255,34095,46665" machi="34" ten="30,1000,0" yaku="13,1" doraHai="133" who="2" fromWho="1" sc="70,0,472,-13,111,13,347,0" owari="70,-43.0,459,55.9,124,-27.6,347,14.7" /></mjloggm>