<mjloggm ver="2.3"><GO type="169" lobby="0"/><UN n0="%70%6F%6E%2D%65%6E" n1="%E7%BD%AA%E5%88%91%E6%B3%95%E5%AE%9A%E4%B8%BB%E7%BE%A9" n2="%E2%91%A3%E3%82%BB%E3%83%B3%E3%83%81" n3="%E3%81%AF%E3%81%99%E3%81%9F" dan="16,17,18,17" rate="2125.31,2226.63,2277.77,2202.90" sx="F,M,M,M"/><TAIKYOKU oya="0"/><INIT seed="0,0,0,1,4,49" ten="250,250,250,250" oya="0" hai0="65,122,110,41,61,101,56,17,24,62,74,60,135" hai1="128,59,53,89,4,81,35,10,129,64,134,87,52" hai2="2,11,67,1,28,72,125,85,123,14,83,40,106" hai3="76,108,36,8,78,109,100,102,19,32,22,21,7"/><T25/><D122/><U15/><E35/><V127/><F123/><W30/><G36/><T104/><D74/><U66/><E134/><V37/><F106/><W103/><G22/><T119/><D119/><U39/><E39/><V43/><F67/><N who="1" m="25641" /><E59/><V45/><F43/><W9/><G9/><T130/><D41/><U105/><E105/><V33/><F72/><W132/><G132/><T118/><D118/><U75/><E75/><V5/><F28/><W79/><G30/><T98/><D135/><U88/><E89/><V93/><F93/><W121/><G32/><T13/><D130/><AGARI ba="0,0" hai="4,10,15,52,53,81,87,88,128,129,130" m="25641" machi="130" ten="30,8000,1" yaku="19,1,52,2,54,2" doraHai="49" who="1" fromWho="0" sc="250,-80,250,80,250,0,250,0" /><INIT seed="1,0,0,5,3,97" ten="170,330,250,250" oya="1" hai0="120,109,46,80,117,133,95,72,73,105,12,130,90" hai1="58,56,29,36,74,107,45,82,30,16,92,135,54" hai2="26,19,42,40,49,98,110,15,59,84,67,0,52" hai3="69,39,125,10,96,37,38,75,25,5,113,101,121"/><U88/><E107/><V116/><F116/><W34/><G121/><T7/><D117/><U33/><E135/><V64/><F0/><W77/><G113/><T1/><D105/><U118/><E118/><V35/><F110/><W127/><G69/><T129/><D109/><U14/><E74/><V76/><F35/><W86/><G86/><T114/><D114/><U70/><E70/><V132/><F26/><W23/><G23/><T126/><D133/><U8/><E82/><N who="2" m="47175" /><F98/><W112/><G112/><T22/><D126/><U41/><E33/><V53/><F53/><W18/><G18/><T108/><D108/><U17/><E17/><V103/><F103/><W79/><G25/><T47/><D1/><U99/><REACH who="1" step="1"/><E58/><REACH who="1" ten="170,320,250,250" step="2"/><V11/><F132/><W91/><G34/><T104/><D104/><U65/><E65/><AGARI ba="0,1" hai="11,15,19,40,42,49,52,59,64,65,67" m="47175" machi="65" ten="30,2000,0" yaku="8,1,54,1" doraHai="97" who="2" fromWho="1" sc="170,0,320,-20,250,30,250,0" /><INIT seed="2,0,0,2,0,122" ten="170,300,280,250" oya="2" hai0="3,68,76,13,126,131,27,1,133,86,110,51,29" hai1="49,43,38,79,95,85,108,100,98,21,55,105,118" hai2="6,109,128,87,7,57,53,69,30,37,25,99,129" hai3="66,70,50,61,121,135,14,23,0,60,8,59,101"/><V84/><F69/><W74/><G121/><T20/><D68/><U115/><E115/><V80/><F37/><W130/><G135/><T90/><D133/><U71/><E118/><V26/><F99/><W42/><G130/><N who="2" m="50281" /><F26/><W111/><G74/><T41/><D131/><U32/><E32/><N who="2" m="20559" /><F87/><W116/><G70/><T24/><D126/><U48/><E71/><V82/><F80/><W83/><G83/><T34/><D13/><U44/><E38/><V17/><F17/><W134/><G14/><T72/><D72/><U89/><E79/><N who="2" m="46175" /><F109/><W52/><G111/><T96/><D96/><U5/><E5/><V15/><F15/><W127/><G116/><T45/><D76/><U35/><E35/><V10/><F10/><W11/><G8/><T67/><D67/><U46/><REACH who="1" step="1"/><E21/><REACH who="1" ten="170,290,280,250" step="2"/><V119/><F119/><W54/><G23/><T16/><REACH who="0" step="1"/><D110/><AGARI ba="0,1" hai="43,44,46,48,49,55,85,89,95,98,100,105,108,110" machi="110" ten="40,8000,1" yaku="1,1,2,1,52,2,53,0" doraHai="122" doraHaiUra="124" who="1" fromWho="0" sc="170,-80,290,90,280,0,250,0" /><INIT seed="3,0,0,4,1,66" ten="90,380,280,250" oya="3" hai0="12,81,8,36,129,71,98,58,127,1,80,27,76" hai1="15,32,134,59,93,114,124,30,104,20,49,65,68" hai2="107,52,90,5,7,77,87,64,17,6,112,108,94" hai3="125,130,105,47,73,40,123,62,2,118,19,95,111"/><W109/><G2/><T48/><D129/><U106/><E114/><V33/><F112/><W23/><G118/><T22/><D127/><U9/><E124/><V133/><F33/><W3/><G125/><T119/><D36/><U46/><E32/><V79/><F107/><W96/><G123/><T57/><D1/><U78/><E134/><V121/><F133/><W70/><G3/><T11/><D119/><U97/><E78/><V132/><F132/><W75/><G130/><T115/><D115/><U117/><E117/><V110/><F64/><N who="3" m="41239" /><G105/><T60/><D98/><U34/><E34/><V54/><F121/><W92/><G92/><T41/><D81/><U122/><E122/><V103/><F103/><N who="3" m="60831" /><G23/><T126/><D126/><U102/><E106/><V16/><F79/><W85/><G85/><T135/><D135/><U99/><E68/><V28/><F77/><W37/><G19/><N who="2" m="7241" /><F28/><W100/><G100/><T53/><D12/><U67/><E30/><V84/><F84/><W13/><G13/><T29/><D41/><U50/><E20/><V55/><F7/><W128/><G128/><T113/><D113/><U21/><E21/><V14/><F14/><W72/><G72/><T44/><D44/><U88/><E46/><V4/><F4/><W39/><G37/><T74/><REACH who="0" step="1"/><D71/><REACH who="0" ten="80,380,280,250" step="2"/><U116/><E116/><V69/><F69/><W51/><G39/><T18/><D18/><U43/><E43/><V26/><F26/><W42/><G40/><T35/><D35/><U56/><E99/><V31/><F31/><W131/><G131/><T89/><D89/><U24/><E88/><RYUUKYOKU ba="0,1" sc="80,10,380,-30,280,10,250,10" hai0="8,11,22,27,29,48,53,57,58,60,74,76,80" hai2="5,6,52,54,55,87,90,94,108,110" hai3="42,47,51,73,75,109,111" /><INIT seed="3,1,1,2,1,25" ten="90,350,290,260" oya="3" hai0="6,17,108,97,118,55,122,46,113,62,30,105,59" hai1="123,125,68,98,70,129,104,0,128,72,60,88,61" hai2="126,116,3,110,34,127,57,82,15,106,134,117,56" hai3="4,43,54,107,1,58,53,10,18,100,52,16,114"/><W29/><G114/><T27/><D108/><U12/><E0/><V19/><F106/><W95/><G107/><T47/><D118/><N who="2" m="45674" /><F82/><W74/><G74/><T81/><D122/><U79/><E123/><V94/><F94/><W77/><G77/><T20/><D113/><U131/><E125/><N who="2" m="47627" /><F56/><W90/><G43/><T21/><D6/><U84/><E72/><V40/><F57/><W87/><G100/><T22/><D22/><U23/><E79/><V31/><F40/><W124/><G124/><T13/><D105/><U37/><E37/><V85/><F85/><W41/><G41/><T42/><D42/><U9/><E98/><V51/><F51/><W24/><REACH who="3" step="1"/><G58/><REACH who="3" ten="90,350,290,250" step="2"/><T64/><D97/><U49/><E104/><V38/><F38/><W135/><G135/><T76/><REACH who="0" step="1"/><D55/><REACH who="0" ten="80,350,290,250" step="2"/><U132/><E131/><V109/><F134/><W75/><G75/><AGARI ba="1,3" hai="13,17,20,21,27,30,46,47,59,62,64,75,76,81" machi="75" ten="30,7700,0" yaku="1,1,2,1,7,1,52,1,53,0" doraHai="25" doraHaiUra="89" who="0" fromWho="3" sc="80,110,350,0,290,0,250,-80" /><INIT seed="4,0,0,1,0,53" ten="190,350,290,170" oya="0" hai0="8,120,17,100,62,111,5,134,67,89,116,128,104" hai1="91,69,131,2,6,30,34,7,48,13,33,16,121" hai2="55,101,72,74,77,102,97,54,90,129,126,99,84" hai3="107,83,57,118,35,94,86,60,32,103,45,19,135"/><T112/><D116/><U61/><E121/><V98/><F55/><W81/><G118/><T10/><D120/><U125/><E125/><V124/><F54/><W96/><G135/><T43/><D134/><U38/><E38/><V42/><F42/><W119/><G119/><T12/><D112/><U9/><E131/><V25/><F25/><W20/><G45/><T73/><D128/><U49/><E7/><V71/><F71/><W52/><G107/><T18/><D73/><N who="2" m="28266" /><F129/><W79/><REACH who="3" step="1"/><G83/><REACH who="3" ten="190,350,290,160" step="2"/><T115/><D104/><U110/><E110/><V41/><F41/><W114/><G114/><T109/><D43/><U4/><E2/><V22/><F126/><W39/><G39/><T88/><D115/><U28/><E34/><V76/><F124/><W122/><G122/><T123/><D123/><U1/><E33/><V23/><F23/><W37/><G37/><T66/><D109/><U26/><E1/><V130/><F22/><W70/><G70/><T80/><D111/><U40/><E40/><V87/><F130/><W44/><G44/><T92/><D80/><U21/><E69/><V95/><F87/><W82/><G82/><T113/><D113/><U46/><E46/><V132/><F132/><W50/><G50/><T24/><D92/><U29/><E49/><V14/><F14/><AGARI ba="0,1" hai="14,19,20,32,35,52,57,60,79,81,86,94,96,103" machi="14" ten="30,7700,0" yaku="1,1,7,1,52,1,54,1,53,0" doraHai="53" doraHaiUra="27" who="3" fromWho="2" sc="190,0,350,0,290,-77,160,87" /><INIT seed="5,0,0,2,0,90" ten="190,350,213,247" oya="1" hai0="98,132,112,120,82,30,99,108,67,21,113,68,3" hai1="5,83,13,10,52,86,123,121,12,102,92,77,49" hai2="107,79,70,50,58,87,134,71,37,14,66,41,72" hai3="110,81,39,28,27,25,133,125,29,62,34,129,75"/><U76/><E76/><V118/><F118/><W19/><G110/><T20/><D108/><U31/><E31/><V84/><F107/><W96/><G39/><T22/><D132/><U97/><REACH who="1" step="1"/><E13/><REACH who="1" ten="190,340,213,247" step="2"/><V69/><F14/><W35/><G29/><T130/><D30/><U114/><E114/><V105/><F79/><W53/><G28/><T115/><D113/><U135/><E135/><V119/><F134/><W65/><G133/><T64/><D115/><U131/><E131/><V74/><F119/><W73/><G129/><T57/><D130/><U0/><E0/><V101/><F74/><W11/><G75/><T109/><D3/><U17/><E17/><V7/><F72/><W80/><G19/><T59/><D112/><U100/><E100/><V124/><F101/><W26/><G73/><T42/><D109/><U33/><E33/><V106/><F7/><W127/><G35/><T78/><D78/><U6/><E6/><V85/><F124/><W104/><G34/><T32/><D32/><U116/><E116/><V56/><F106/><W2/><G127/><T60/><D21/><U18/><E18/><V46/><F105/><W94/><G125/><T45/><D20/><U55/><E55/><V51/><F66/><W95/><G53/><T40/><D22/><U61/><E61/><V16/><F16/><W111/><G111/><T8/><D60/><U38/><E38/><V36/><F36/><W93/><G62/><T117/><D64/><U47/><AGARI ba="0,1" hai="5,10,12,47,49,52,77,83,86,92,97,102,121,123" machi="47" ten="20,12000,1" yaku="1,1,0,1,7,1,52,1,54,1,53,0" doraHai="90" doraHaiUra="63" who="1" fromWho="1" sc="190,-40,340,130,213,-40,247,-40" /><INIT seed="5,1,0,4,1,76" ten="150,470,173,207" oya="1" hai0="6,115,38,51,30,9,53,25,97,127,43,129,101" hai1="57,42,79,71,15,50,54,81,107,11,12,96,40" hai2="135,3,100,108,84,8,7,124,49,2,110,70,32" hai3="33,72,46,44,98,73,28,77,119,0,90,103,80"/><U82/><E71/><V104/><F70/><W21/><G33/><T66/><D115/><U47/><E107/><V17/><F104/><W112/><G112/><T83/><D127/><U134/><E134/><V132/><F100/><W87/><G119/><T75/><D129/><U10/><E96/><V121/><F49/><W14/><G0/><N who="2" m="41" /><F84/><W133/><G133/><N who="2" m="51273" /><F121/><W118/><G118/><T85/><D75/><U63/><E42/><V52/><F52/><W37/><G37/><T113/><D113/><U34/><E34/><V68/><F68/><W39/><G39/><T114/><D114/><U106/><E106/><V99/><F99/><W123/><G123/><T86/><D66/><U27/><E27/><V1/><F124/><W94/><G73/><T55/><D38/><U31/><E31/><V109/><F17/><N who="3" m="10423" /><G28/><T126/><D43/><U116/><E116/><V61/><F61/><W20/><G72/><T64/><D64/><U58/><E58/><V5/><F5/><W117/><G103/><T24/><D126/><U130/><E79/><V89/><F89/><W122/><G122/><T105/><D30/><U92/><E92/><V74/><F74/><W91/><G90/><T41/><D105/><U13/><E63/><V69/><F69/><W18/><G117/><T35/><D101/><U65/><E65/><V29/><F29/><W95/><G94/><T23/><D35/><AGARI ba="1,0" hai="1,7,8,32,35,108,109,110" m="51273,41" machi="35" ten="40,8000,1" yaku="20,1,23,1,34,2" doraHai="76" who="2" fromWho="0" sc="150,-83,470,0,173,83,207,0" /><INIT seed="6,0,0,2,2,24" ten="67,470,256,207" oya="2" hai0="9,41,94,131,68,46,111,38,93,58,80,54,4" hai1="59,70,108,71,72,124,19,99,7,107,96,132,126" hai2="128,78,55,51,92,47,102,100,6,127,130,10,115" hai3="134,23,36,3,14,64,16,110,85,123,31,101,81"/><V30/><F115/><W86/><G123/><T104/><D131/><N who="2" m="50218" /><F78/><W65/><G110/><T73/><D104/><U63/><E108/><V74/><F74/><W8/><G36/><T28/><D68/><N who="1" m="26155" /><E72/><V67/><F67/><N who="3" m="25675" /><G3/><T34/><D111/><U79/><E79/><V21/><F92/><W40/><G134/><T29/><D34/><U50/><E107/><V98/><F98/><W2/><G2/><T75/><D75/><U125/><E132/><V82/><F82/><W84/><G101/><N who="2" m="39017" /><F127/><W103/><G103/><T18/><D18/><U116/><E99/><V62/><F62/><W35/><G35/><T37/><D37/><U69/><E96/><V133/><F133/><W117/><G117/><T60/><D93/><U129/><E129/><V1/><F21/><W20/><G40/><T77/><REACH who="0" step="1"/><D94/><REACH who="0" ten="57,470,256,207" step="2"/><U11/><E126/><V12/><F1/><AGARI ba="0,1" hai="1,4,9,28,29,38,41,46,54,58,60,73,77,80" machi="1" ten="30,16000,3" yaku="1,1,2,1,7,1,25,2,52,2,53,2" doraHai="24" doraHaiUra="27" who="0" fromWho="2" sc="57,170,470,0,256,-160,207,0" /><INIT seed="7,0,0,5,2,72" ten="227,470,96,207" oya="3" hai0="22,109,38,113,77,75,133,71,58,64,14,73,25" hai1="39,82,18,114,107,54,130,95,67,110,135,78,10" hai2="79,27,122,34,76,62,116,118,65,29,9,102,124" hai3="97,2,1,132,8,91,120,104,46,31,44,63,19"/><W126/><G120/><T85/><D109/><U87/><E107/><V125/><F122/><W7/><G31/><T60/><D38/><U112/><E110/><V40/><F40/><W47/><G126/><N who="2" m="48745" /><F9/><W5/><G63/><T127/><D14/><N who="1" m="7511" /><E130/><V35/><F35/><W51/><G132/><T26/><D85/><U68/><E135/><V115/><F102/><W70/><G7/><T0/><D22/><U108/><E39/><V15/><F15/><W30/><G2/><T24/><D25/><U49/><E95/><V12/><F12/><W32/><G104/><T48/><D24/><U21/><E21/><V98/><F98/><W52/><G32/><T86/><D26/><U83/><E83/><V88/><F115/><N who="1" m="44073" /><E108/><V50/><F50/><W131/><G1/><T81/><D0/><U37/><E37/><V80/><F118/><W66/><G8/><T119/><D48/><U111/><E111/><V96/><F116/><W42/><G51/><T128/><D119/><U23/><E23/><V101/><F101/><W53/><G42/><T6/><D127/><U17/><E17/><V36/><F36/><W117/><G19/><T93/><D113/><U59/><E68/><N who="2" m="42039" /><F80/><W57/><G97/><T84/><D81/><U90/><E67/><V20/><F20/><W69/><G66/><T55/><D64/><U94/><E94/><V43/><F43/><W99/><G99/><T41/><D41/><U3/><E3/><V11/><F11/><W28/><G117/><T56/><D128/><U16/><E16/><V100/><F100/><W4/><G131/><T105/><D133/><RYUUKYOKU ba="0,0" sc="227,-15,470,15,96,15,207,-15" hai1="49,54,59,78,82,87,90" hai2="27,29,34,76,79,88,96" owari="212,1.2,485,58.5,111,-38.9,192,-20.8" /></mjloggm>