<mjloggm ver="2.3"><GO type="169" lobby="0"/><UN n0="%E3%81%BE%E3%81%A1%E3%81%8A" n1="%6F%6B%62%6F%6B%62" n2="%E7%8F%BE%E5%A0%B4%E3%81%AD%E3%81%93" n3="%2D%E8%B1%8A%E5%8F%A3%E3%82%81%E3%81%90%E3%81%BF%2D" dan="16,17,16,17" rate="2168.01,2191.91,2077.27,2180.71" sx="M,M,M,F"/><TAIKYOKU oya="0"/><INIT seed="0,0,0,5,0,26" ten="250,250,250,250" oya="0" hai0="33,25,87,27,78,52,102,83,99,22,16,91,5" hai1="113,82,132,120,1,116,74,7,85,28,11,100,0" hai2="34,67,4,130,41,71,46,24,104,115,35,126,121" hai3="111,30,12,15,31,57,107,79,17,3,29,124,37"/><T103/><D5/><U133/><E120/><V96/><F121/><W94/><G107/><T21/><D33/><U8/><E74/><V118/><F115/><W58/><G3/><T72/><D99/><U80/><E100/><N who="2" m="62471" /><F35/><W101/><G37/><T39/><D39/><U64/><E64/><V18/><F18/><W105/><G105/><T77/><D77/><U50/><E116/><V36/><F4/><W95/><G111/><T131/><D131/><U114/><E50/><V54/><F54/><W134/><G134/><N who="1" m="51818" /><E28/><N who="2" m="19719" /><F118/><W76/><G124/><T128/><D128/><U60/><E60/><N who="2" m="40423" /><F130/><W92/><G101/><T47/><D72/><U127/><E127/><AGARI ba="0,0" hai="36,41,46,126,127" m="40423,19719,62471" machi="127" ten="30,3900,0" yaku="25,1,23,1,52,1" doraHai="26" who="2" fromWho="1" sc="250,0,250,-39,250,39,250,0" /><INIT seed="1,0,0,5,5,102" ten="250,211,289,250" oya="1" hai0="127,90,45,114,79,80,38,125,109,103,92,57,97" hai1="1,107,3,91,98,135,95,41,49,59,72,66,131" hai2="6,52,105,108,20,129,21,15,87,118,10,39,121" hai3="43,37,25,122,42,68,104,47,67,83,133,22,33"/><U17/><E135/><V16/><F118/><W50/><G122/><T44/><D114/><U110/><E131/><V126/><F121/><W55/><G133/><T24/><D109/><U94/><E72/><V112/><F39/><W82/><G33/><T5/><D5/><U31/><E31/><V7/><F105/><W13/><G104/><T69/><D69/><U85/><E110/><V100/><F100/><W70/><G13/><T116/><D116/><U14/><E107/><V34/><F34/><W106/><G106/><T123/><D123/><U78/><E41/><V51/><F108/><W81/><G67/><T35/><D103/><U65/><E3/><V120/><F120/><W27/><G27/><T74/><D57/><U2/><E2/><V93/><F126/><N who="0" m="48138" /><D38/><U113/><E113/><V8/><F129/><W86/><G86/><T60/><D60/><U23/><E1/><V56/><F112/><W101/><G101/><T73/><D73/><U48/><E78/><V117/><F117/><W62/><G62/><T88/><D90/><U119/><E119/><V130/><F130/><W4/><G4/><N who="2" m="1577" /><F21/><W28/><REACH who="3" step="1"/><G42/><REACH who="3" ten="250,211,289,240" step="2"/><T54/><D54/><N who="1" m="32199" /><E49/><V30/><F30/><AGARI ba="0,1" hai="24,30,35,44,45,74,79,80,88,92,97" m="48138" machi="30" ten="30,2000,0" yaku="18,1,54,1" doraHai="102" who="0" fromWho="2" sc="250,30,211,0,289,-20,240,0" /><INIT seed="2,0,0,3,5,93" ten="280,211,269,240" oya="2" hai0="116,89,76,114,51,9,2,130,102,39,15,67,106" hai1="128,7,98,68,28,109,129,48,94,36,82,66,16" hai2="113,97,79,75,57,59,12,13,10,132,133,46,87" hai3="31,21,44,71,111,4,61,20,14,42,38,6,11"/><V19/><F113/><W73/><G111/><T105/><D114/><U58/><E36/><V88/><F75/><W103/><G73/><T27/><D39/><U32/><E7/><V134/><F79/><W135/><G135/><T127/><D2/><U3/><E3/><V41/><F13/><W77/><G77/><T96/><D130/><U22/><E82/><V64/><F64/><W80/><G80/><T110/><D110/><U34/><E68/><V33/><F33/><W125/><G125/><T124/><D76/><U108/><E28/><V81/><REACH who="2" step="1"/><F97/><REACH who="2" ten="280,211,259,240" step="2"/><W119/><G14/><T1/><D1/><U70/><E108/><V62/><F62/><W85/><G61/><T99/><D67/><U104/><E109/><V100/><F100/><W60/><G103/><T90/><D27/><U117/><E117/><V65/><F65/><W101/><G101/><T0/><D0/><U56/><E104/><V35/><F35/><W131/><G60/><T30/><D102/><N who="1" m="60759" /><E66/><V63/><F63/><W84/><G119/><T47/><D116/><U50/><E70/><V18/><F18/><W23/><G71/><T121/><D15/><N who="1" m="9503" /><E32/><V55/><F55/><W24/><G4/><T74/><D74/><U43/><E34/><V69/><F69/><W122/><G6/><T91/><D106/><U17/><E17/><V118/><F118/><W95/><G24/><T54/><D105/><U112/><E112/><V83/><F83/><W126/><G31/><T72/><D30/><U86/><E86/><V49/><AGARI ba="0,1" hai="10,12,19,41,46,49,57,59,81,87,88,132,133,134" machi="49" ten="30,12000,1" yaku="1,1,0,1,20,1,54,1,53,1" doraHai="93" doraHaiUra="78" who="2" fromWho="2" sc="280,-40,211,-40,259,130,240,-40" /><INIT seed="2,1,0,5,0,117" ten="240,171,389,200" oya="2" hai0="88,53,50,41,31,49,100,10,25,121,113,66,11" hai1="4,27,101,51,8,129,58,81,110,13,112,3,116" hai2="45,63,12,87,9,40,33,91,54,44,5,96,131" hai3="37,14,105,102,72,123,7,132,95,126,1,47,55"/><V69/><F131/><W61/><G1/><T134/><D113/><U104/><E110/><V34/><F96/><W133/><G105/><T16/><D134/><U127/><E116/><V130/><F130/><W67/><G72/><T24/><D66/><U94/><E127/><V125/><F125/><W78/><G78/><T89/><D100/><U0/><E112/><V62/><F69/><W19/><G7/><T76/><D76/><U75/><E104/><V74/><F74/><W70/><G126/><T30/><D53/><U23/><E81/><V86/><F86/><W18/><G123/><T29/><D121/><U109/><E75/><V83/><F34/><W99/><G55/><T92/><D41/><U57/><E109/><V128/><F33/><W107/><G107/><T20/><D25/><U17/><E129/><V106/><F106/><W98/><G98/><T15/><D11/><U85/><E101/><V120/><F120/><W77/><G77/><T118/><D118/><U46/><E3/><V135/><F135/><N who="3" m="51787" /><G14/><T111/><D111/><U56/><E0/><V68/><F128/><W36/><G36/><T42/><D42/><AGARI ba="1,0" hai="18,19,37,42,47,61,67,70,95,99,102" m="51787" machi="42" ten="30,1000,0" yaku="20,1" doraHai="117" who="3" fromWho="0" sc="240,-13,171,0,389,0,200,13" /><INIT seed="3,0,0,2,1,49" ten="227,171,389,213" oya="3" hai0="27,18,93,12,132,110,68,111,1,53,124,36,46" hai1="74,83,42,60,121,70,33,10,26,51,88,133,106" hai2="55,104,14,8,13,94,40,80,105,17,107,95,38" hai3="117,62,129,11,118,123,101,37,96,108,65,20,114"/><W19/><G123/><T82/><D1/><U103/><E121/><V59/><F80/><W89/><G37/><T63/><D124/><U35/><E10/><V50/><F38/><W28/><G114/><T109/><D132/><U23/><E133/><V44/><F40/><W99/><G129/><T22/><D82/><U79/><E103/><V54/><REACH who="2" step="1"/><F14/><REACH who="2" ten="227,171,379,213" step="2"/><W56/><G118/><T115/><D36/><U130/><E42/><V29/><F29/><W6/><G28/><T91/><D12/><U5/><E83/><V131/><F131/><W75/><G117/><T15/><D15/><U76/><E74/><V86/><F86/><W7/><G75/><T71/><D115/><U119/><E130/><V21/><F21/><W52/><G11/><T81/><D81/><U85/><E23/><V61/><AGARI ba="0,1" hai="8,13,17,44,50,54,55,59,61,94,95,104,105,107" machi="61" ten="30,7900,0" yaku="1,1,0,1,52,2,53,0" doraHai="49" doraHaiUra="134" who="2" fromWho="2" sc="227,-20,171,-20,379,89,213,-39" /><INIT seed="4,0,0,2,5,25" ten="207,151,468,174" oya="0" hai0="76,36,87,98,33,18,56,80,14,107,132,104,117" hai1="126,109,38,100,131,53,96,10,58,72,50,122,0" hai2="97,119,29,66,89,13,57,59,90,68,102,26,47" hai3="6,128,48,23,20,63,99,39,67,8,11,127,60"/><T28/><D117/><U120/><E109/><V24/><F24/><W35/><G39/><T61/><D36/><U124/><E38/><V49/><F13/><W74/><G35/><T34/><D132/><U2/><E72/><V86/><F119/><W21/><G74/><T123/><D123/><U108/><E108/><V103/><F103/><W83/><G127/><N who="1" m="48682" /><E131/><V133/><F133/><W93/><G83/><T16/><D18/><U118/><E118/><V30/><F30/><W78/><G78/><T135/><D135/><U92/><E2/><V105/><F86/><W106/><G106/><T41/><D41/><U77/><E77/><V88/><F66/><W84/><G84/><T37/><D37/><U134/><E134/><V121/><F68/><W79/><G79/><T31/><D34/><U116/><E116/><V129/><F129/><W4/><G48/><T91/><D33/><U22/><E22/><V15/><F15/><W40/><G40/><T81/><D107/><U85/><E85/><V27/><F27/><W12/><G67/><N who="0" m="39335" /><D104/><U94/><E92/><V5/><F5/><AGARI ba="0,0" hai="0,5,10,50,53,58,94,96,100,120,122" m="48682" machi="5" ten="30,1000,0" yaku="18,1" doraHai="25" who="1" fromWho="2" sc="207,0,151,10,468,-10,174,0" /><INIT seed="5,0,0,1,4,84" ten="207,161,458,174" oya="1" hai0="110,124,7,128,21,36,3,33,61,15,62,126,50" hai1="74,48,97,82,67,13,14,59,77,70,73,100,121" hai2="90,51,6,52,53,38,116,118,37,94,24,35,104" hai3="79,83,98,56,63,113,87,106,78,39,28,89,22"/><U32/><E121/><V55/><F104/><W16/><G39/><T17/><D36/><U30/><E73/><V4/><F37/><W133/><G113/><T26/><D110/><U119/><E119/><V134/><F38/><W18/><G133/><T112/><D50/><U131/><E131/><V125/><F134/><W19/><G106/><T41/><D41/><U76/><E76/><V117/><F51/><W111/><G111/><T109/><D109/><U23/><E32/><V101/><F101/><W57/><G57/><T66/><D112/><U130/><E70/><V45/><F45/><W129/><G129/><T46/><D46/><U114/><E114/><V122/><F125/><N who="0" m="48234" /><D66/><U2/><E2/><V96/><F122/><W34/><G34/><T93/><D93/><N who="1" m="58415" /><E130/><V123/><REACH who="2" step="1"/><F123/><REACH who="2" ten="207,161,448,174" step="2"/><W20/><G98/><T115/><D128/><U0/><E48/><V5/><F5/><W10/><G10/><T135/><D115/><U9/><E9/><V42/><F42/><W95/><G95/><T29/><D135/><U132/><E132/><V58/><F58/><W127/><G127/><T60/><D7/><U11/><E11/><V92/><F92/><W31/><G22/><T47/><D47/><U85/><E0/><AGARI ba="0,1" hai="0,3,15,17,21,26,29,33,60,61,62" m="48234" machi="0" ten="30,1000,0" yaku="18,1" doraHai="84" who="0" fromWho="1" sc="207,20,161,-10,448,0,174,0" /><INIT seed="6,0,0,4,0,5" ten="227,151,448,174" oya="2" hai0="104,4,123,43,103,84,94,7,101,52,17,44,16" hai1="117,25,45,1,96,13,35,98,10,39,14,86,56" hai2="110,91,30,131,88,47,64,71,23,127,59,3,126" hai3="20,119,22,89,21,112,92,48,99,33,128,130,81"/><V90/><F71/><W9/><G33/><T80/><D104/><U55/><E117/><V41/><F3/><W106/><G119/><T97/><D103/><U114/><E114/><V120/><F120/><W46/><G106/><T28/><D28/><U78/><E35/><V31/><F131/><N who="3" m="50219" /><G81/><T66/><D66/><U51/><E1/><V111/><F64/><W100/><G112/><T134/><D134/><U102/><E25/><N who="2" m="16703" /><F59/><W27/><G89/><T124/><D124/><N who="2" m="47658" /><F31/><N who="3" m="17895" /><G9/><T121/><D121/><U32/><E32/><V26/><F26/><W87/><G87/><T6/><D123/><U37/><E13/><V82/><F82/><W116/><G116/><T53/><D84/><U63/><E86/><V83/><F83/><W95/><G95/><T36/><REACH who="0" step="1"/><D80/><REACH who="0" ten="217,151,448,174" step="2"/><U12/><E96/><V42/><F111/><W113/><G113/><T75/><D75/><U93/><E78/><V49/><F110/><W107/><G107/><T57/><D57/><U115/><E115/><V50/><F47/><W70/><G70/><T2/><D2/><U76/><E76/><V133/><F133/><W61/><G92/><T108/><D108/><U129/><E129/><V125/><F125/><W54/><G100/><T40/><D40/><AGARI ba="0,1" hai="40,41,42,49,50,88,90,91" m="47658,16703" machi="40" ten="30,2900,0" yaku="18,1,54,1" doraHai="5" who="2" fromWho="0" sc="217,-29,151,0,448,39,174,0" /><INIT seed="6,1,0,0,1,9" ten="188,151,487,174" oya="2" hai0="1,134,58,131,130,98,128,4,29,76,57,55,16" hai1="40,8,84,19,100,125,51,77,56,126,38,74,54" hai2="23,25,41,85,111,65,27,88,102,46,13,113,15" hai3="105,81,127,107,61,115,2,117,12,90,68,36,96"/><V119/><F119/><W132/><G2/><T91/><D134/><U37/><E74/><V112/><F102/><W71/><G36/><T5/><D29/><U123/><E100/><V108/><F65/><W50/><G117/><T69/><D69/><U80/><E123/><V64/><F64/><W59/><G132/><T118/><D76/><U73/><E84/><V14/><F46/><W93/><G127/><N who="1" m="48650" /><E40/><V10/><F10/><W53/><G115/><N who="2" m="44105" /><F41/><W101/><G81/><T22/><D118/><U109/><E109/><N who="2" m="42059" /><F23/><W78/><G71/><T99/><D58/><U32/><E32/><V34/><F34/><W116/><G116/><T52/><D55/><U103/><E103/><V72/><F72/><W47/><G68/><T92/><D1/><U63/><E63/><V60/><F60/><W94/><G107/><T114/><D114/><U97/><E97/><V135/><F135/><W121/><G121/><T95/><D99/><U67/><E67/><V31/><F31/><W0/><G0/><T43/><D43/><U35/><E35/><V49/><F49/><W6/><G105/><T45/><D45/><U3/><E3/><V7/><F7/><W133/><G47/><T79/><D5/><U42/><E42/><V87/><F87/><N who="3" m="52447" /><G133/><T26/><D4/><U18/><E8/><V17/><F17/><AGARI ba="1,0" hai="17,18,19,37,38,51,54,56,73,77,80" m="48650" machi="17" ten="30,1000,0" yaku="18,1" doraHai="9" who="1" fromWho="2" sc="188,0,151,13,487,-13,174,0" /><INIT seed="7,0,0,1,0,119" ten="188,164,474,174" oya="3" hai0="85,58,103,30,55,37,84,114,6,39,8,36,89" hai1="40,59,79,113,70,90,28,123,68,65,24,116,0" hai2="80,105,19,104,73,18,81,49,77,66,87,12,97" hai3="99,41,75,118,112,74,29,82,45,61,32,100,14"/><W133/><G118/><T92/><D114/><U62/><E116/><V127/><F127/><W71/><G112/><T2/><D103/><U35/><E113/><V21/><F97/><W64/><G133/><T44/><D30/><U121/><E0/><V50/><F66/><W4/><G14/><T122/><D122/><U102/><E79/><V27/><F50/><W5/><G5/><T13/><D2/><U125/><E125/><V72/><F49/><W93/><G4/><T69/><D69/><U128/><E128/><V131/><F131/><W110/><G110/><T120/><D120/><U106/><E90/><V95/><F95/><W109/><G109/><T96/><REACH who="0" step="1"/><D44/><REACH who="0" ten="178,164,474,174" step="2"/><U43/><E68/><V67/><F67/><W38/><REACH who="3" step="1"/><G82/><REACH who="3" ten="178,164,474,164" step="2"/><T1/><D1/><U57/><E121/><V86/><F12/><W22/><G22/><T7/><D7/><U115/><E123/><V51/><F81/><W9/><G9/><T25/><D25/><AGARI ba="0,2" hai="25,29,32,38,41,45,61,64,71,74,75,93,99,100" machi="25" ten="40,2000,0" yaku="1,1,53,0" doraHai="119" doraHaiUra="48" who="3" fromWho="0" sc="178,-20,164,0,474,0,164,40" /><INIT seed="7,1,0,2,5,19" ten="158,164,474,204" oya="3" hai0="104,53,8,13,101,82,79,60,121,117,11,6,71" hai1="43,122,3,100,115,34,98,35,72,40,52,25,50" hai2="84,27,105,128,107,99,32,0,119,47,75,76,135" hai3="80,94,69,61,74,16,44,12,89,134,106,17,58"/><W68/><G106/><T10/><D117/><U88/><E122/><V51/><F119/><W38/><G17/><T15/><D121/><U63/><E3/><V83/><F128/><W54/><G134/><T67/><D104/><U124/><E72/><V131/><F135/><W111/><G111/><T30/><D101/><U116/><E116/><V108/><F108/><W45/><G45/><T56/><D30/><U5/><E5/><V66/><F66/><W2/><G2/><T95/><D95/><U4/><E4/><V93/><F0/><W126/><G126/><T114/><D114/><U86/><E115/><V29/><F93/><W90/><G44/><T113/><D113/><U22/><E63/><V127/><F127/><W77/><G90/><T118/><D118/><U132/><E132/><V62/><F62/><W125/><G38/><T1/><D15/><U46/><E124/><V110/><F110/><W91/><G91/><T96/><D96/><U48/><E98/><V92/><F75/><W120/><G120/><T130/><D130/><U73/><E73/><V9/><F9/><W31/><G31/><T24/><D24/><U103/><E34/><V41/><F131/><W59/><G125/><T42/><D42/><N who="1" m="15915" /><E48/><V33/><F33/><W49/><G61/><N who="0" m="35983" /><D1/><U97/><E97/><V87/><F87/><W64/><G74/><T20/><D20/><U78/><E78/><V70/><F70/><W129/><G69/><T26/><D26/><U39/><E39/><V123/><F123/><W23/><G68/><T133/><D133/><U28/><E35/><V112/><F112/><RYUUKYOKU ba="1,0" sc="158,10,164,10,474,10,204,-30" hai0="6,8,10,11,13,60,67,71,79,82" hai1="22,25,28,46,50,52,86,88,100,103" hai2="27,29,32,41,47,51,76,83,84,92,99,105,107" owari="168,-33.2,174,-2.6,484,58.4,174,-22.6" /></mjloggm>