<mjloggm ver="2.3"><GO type="169" lobby="0"/><UN n0="%E3%81%86%E3%81%AA%E3%81%8E%E9%BA%BA" n1="%E4%BF%8A%E6%96%87%E9%BE%8D" n2="%E3%82%A4%E3%82%A7%E3%83%83%E3%82%BF%E3%82%A4%E3%82%AC%E3%83%BC" n3="%E7%B4%94%E6%BD%94%E3%83%94%E3%83%A9%E3%83%8B%E3%82%A2" dan="17,16,16,16" rate="2177.34,2123.43,2118.54,2189.37" sx="M,F,M,M"/><TAIKYOKU oya="0"/><INIT seed="0,0,0,0,1,115" ten="250,250,250,250" oya="0" hai0="57,62,110,52,23,105,81,19,37,95,131,109,65" hai1="125,104,3,0,126,100,114,46,29,20,10,42,96" hai2="79,7,70,128,30,5,56,55,40,134,112,21,119" hai3="91,54,14,47,16,25,123,13,59,9,18,69,97"/><T103/><D105/><U15/><E114/><V34/><F112/><W44/><G69/><T106/><D106/><U68/><E68/><V80/><F70/><W41/><G41/><T86/><D37/><U101/><E101/><V82/><F128/><W2/><G2/><T35/><D35/><U92/><E92/><V45/><F34/><W124/><G124/><N who="1" m="47722" /><E20/><V63/><F119/><W32/><G123/><T51/><D131/><U66/><E66/><V127/><F127/><W111/><G111/><N who="0" m="42507" /><D103/><U121/><E29/><V76/><F134/><W48/><G32/><T17/><D95/><U130/><E130/><V108/><F30/><W58/><G25/><T28/><D28/><U24/><E24/><V89/><F21/><W8/><G97/><T38/><D23/><U22/><E22/><V84/><F108/><W31/><G31/><T133/><D38/><N who="1" m="21847" /><E121/><V1/><F1/><W85/><REACH who="3" step="1"/><G47/><REACH who="3" ten="250,250,250,240" step="2"/><N who="0" m="27775" /><D133/><U90/><E90/><AGARI ba="0,1" hai="17,19,57,62,65,81,86,90" m="27775,42507" machi="90" ten="30,5800,0" yaku="14,1,10,1,54,1" doraHai="115" who="0" fromWho="1" sc="250,68,250,-58,250,0,240,0" /><INIT seed="0,1,0,2,2,48" ten="318,192,250,240" oya="0" hai0="83,10,2,67,118,18,82,134,60,40,96,58,131" hai1="108,114,50,29,79,107,24,72,132,105,124,128,84" hai2="85,77,120,21,66,91,135,100,20,15,117,31,64" hai3="55,8,0,133,68,71,87,26,4,30,101,39,34"/><T130/><D118/><U122/><E29/><V43/><F120/><W90/><G133/><T102/><D40/><U17/><E24/><V86/><F117/><W76/><G39/><T92/><D134/><U6/><E6/><V115/><F115/><W62/><G101/><T32/><D32/><U63/><E63/><V70/><F135/><W38/><G38/><T5/><REACH who="0" step="1"/><D18/><REACH who="0" ten="308,192,250,240" step="2"/><U51/><E17/><V88/><F43/><W99/><G99/><T52/><D52/><U23/><E132/><V121/><F121/><W13/><G76/><T33/><D33/><U25/><E122/><V110/><F66/><W37/><G37/><T14/><D14/><U103/><E114/><V97/><F15/><W81/><REACH who="3" step="1"/><G13/><REACH who="3" ten="308,192,250,230" step="2"/><T89/><D89/><U75/><E79/><V129/><F77/><W94/><G94/><T95/><D95/><U47/><E105/><V127/><F91/><W3/><G3/><T65/><D65/><U7/><E107/><V19/><F64/><W53/><G53/><T69/><D69/><U57/><E25/><N who="2" m="16807" /><F70/><W28/><G28/><T126/><D126/><U44/><E124/><V125/><F127/><W42/><G42/><T41/><D41/><U109/><E108/><V73/><F125/><W59/><AGARI ba="1,2" hai="0,4,8,26,30,34,55,59,62,68,71,81,87,90" machi="59" ten="30,7900,0" yaku="1,1,0,1,52,1,53,1" doraHai="48" doraHaiUra="35" who="3" fromWho="3" sc="308,-40,192,-21,250,-21,230,102" /><INIT seed="1,0,0,1,4,13" ten="268,171,229,332" oya="1" hai0="121,49,86,81,74,80,0,98,38,27,51,125,14" hai1="44,30,6,42,23,21,18,5,63,70,110,119,100" hai2="128,87,62,12,83,95,25,103,106,111,135,105,76" hai3="31,127,118,89,46,52,78,28,72,75,90,92,15"/><U112/><E119/><V96/><F12/><W20/><G118/><T132/><D0/><U40/><E112/><V77/><F128/><W84/><G127/><T33/><D38/><U107/><E110/><V53/><F25/><W35/><G35/><T129/><D74/><U67/><E30/><V10/><F10/><W123/><G123/><T37/><D37/><U7/><E23/><V120/><F53/><W64/><G64/><T82/><D125/><U99/><REACH who="1" step="1"/><E44/><REACH who="1" ten="268,161,229,332" step="2"/><V113/><F111/><W68/><G46/><T16/><D33/><U41/><E41/><V91/><F113/><W126/><G20/><T71/><D121/><U11/><E11/><V39/><F120/><W133/><G28/><T17/><D129/><U3/><E3/><V124/><F124/><W114/><G31/><T97/><D132/><U1/><E1/><V102/><F135/><W47/><G47/><T94/><D71/><U69/><E69/><V19/><F39/><W73/><G68/><T134/><D134/><U109/><E109/><V104/><F62/><W36/><G36/><T60/><D60/><U122/><E122/><V45/><F45/><W4/><G133/><T108/><D108/><U85/><E85/><V93/><REACH who="2" step="1"/><F19/><REACH who="2" ten="268,161,219,332" step="2"/><W9/><G9/><T116/><D116/><U115/><E115/><V54/><F54/><W130/><G52/><T50/><D17/><U43/><E43/><V56/><F56/><W59/><G114/><T8/><D27/><AGARI ba="0,2" hai="5,6,7,18,21,27,40,42,63,67,70,99,100,107" machi="27" ten="40,3900,0" yaku="1,1,52,1,53,0" doraHai="13" doraHaiUra="48" who="1" fromWho="0" sc="268,-39,161,59,219,0,332,0" /><INIT seed="1,1,0,2,5,46" ten="229,220,219,332" oya="1" hai0="63,23,15,11,133,12,52,35,8,22,99,14,2" hai1="135,42,78,4,98,119,83,100,104,92,128,1,31" hai2="107,13,80,95,127,130,69,93,56,20,109,115,6" hai3="44,24,89,28,76,55,114,16,96,94,41,59,111"/><U9/><E119/><V124/><F69/><W103/><G114/><T116/><D116/><U33/><E135/><V50/><F107/><W108/><G76/><T18/><D35/><U113/><E113/><V3/><F3/><W74/><G74/><T91/><D133/><U68/><E128/><V120/><F115/><W37/><G103/><T90/><D2/><U0/><E0/><V19/><F120/><W67/><G67/><T66/><D15/><U34/><E31/><V112/><F112/><W61/><G28/><T25/><D25/><U87/><E68/><V117/><F117/><W40/><G40/><T77/><D77/><U30/><E42/><V39/><F39/><W70/><G70/><T73/><D73/><U53/><E30/><V82/><F6/><W47/><G47/><T21/><D99/><U51/><REACH who="1" step="1"/><E104/><REACH who="1" ten="229,210,219,332" step="2"/><V54/><F130/><W125/><G125/><N who="2" m="48201" /><F109/><W32/><G32/><T7/><D66/><U123/><E123/><V49/><F93/><W97/><G97/><T129/><D129/><U121/><E121/><V122/><F95/><W81/><G81/><N who="2" m="31337" /><F122/><W57/><G111/><T26/><D26/><U71/><E71/><V88/><F88/><W43/><G108/><T10/><D91/><U58/><AGARI ba="1,1" hai="1,4,9,33,34,51,53,58,78,83,87,92,98,100" machi="58" ten="20,12000,1" yaku="1,1,0,1,7,1,52,1,53,1" doraHai="46" doraHaiUra="79" who="1" fromWho="1" sc="229,-41,210,133,219,-41,332,-41" /><INIT seed="1,2,0,2,0,7" ten="188,343,178,291" oya="1" hai0="38,78,98,37,11,8,100,129,109,75,62,54,99" hai1="52,4,43,87,44,50,96,2,49,9,94,51,82" hai2="124,80,13,104,41,28,48,120,89,66,23,79,86" hai3="40,90,18,63,31,71,30,10,81,15,69,101,128"/><U92/><E96/><V107/><F120/><W58/><G128/><T3/><D129/><U59/><REACH who="1" step="1"/><E51/><REACH who="1" ten="188,333,178,291" step="2"/><V22/><F124/><W123/><G123/><T5/><D99/><U84/><E84/><V47/><F104/><W67/><G101/><T46/><D109/><U134/><E134/><V45/><F107/><W126/><G126/><T6/><D98/><U14/><E14/><V68/><F13/><W122/><G122/><T132/><D100/><U70/><E70/><V29/><F68/><W24/><G69/><T93/><D132/><U106/><E106/><V34/><F48/><W32/><G71/><T113/><D113/><U114/><E114/><V103/><F103/><W85/><G40/><T131/><D131/><U55/><E55/><V133/><F41/><W83/><REACH who="3" step="1"/><G31/><REACH who="3" ten="188,333,178,281" step="2"/><T88/><D38/><U33/><E33/><V20/><F34/><W135/><G135/><T95/><D37/><U127/><E127/><V26/><F133/><W39/><G39/><T27/><D54/><U108/><E108/><V65/><F28/><W72/><G72/><T112/><D75/><U102/><E102/><V36/><F36/><W97/><G97/><T119/><D112/><U57/><E57/><V118/><F29/><W25/><G25/><T125/><D27/><U73/><E73/><V116/><F26/><W0/><G0/><T74/><D3/><U60/><E60/><V56/><F56/><W42/><G42/><T115/><D115/><U12/><E12/><V110/><F110/><W19/><G19/><T121/><D125/><U77/><AGARI ba="2,2" hai="2,4,9,43,44,49,50,52,59,77,82,87,92,94" machi="77" ten="20,12000,1" yaku="1,1,0,1,7,1,52,1,54,1,53,0" doraHai="7" doraHaiUra="17" who="1" fromWho="1" sc="188,-42,333,146,178,-42,281,-42" /><INIT seed="1,3,0,0,4,96" ten="146,479,136,239" oya="1" hai0="114,56,131,42,47,22,80,98,39,121,70,104,19" hai1="126,82,89,51,97,40,92,48,99,46,33,134,26" hai2="12,2,20,15,3,103,55,21,44,57,66,17,31" hai3="61,74,84,109,128,125,41,43,18,86,93,117,102"/><U8/><E126/><V69/><F69/><W62/><G74/><T59/><D70/><U77/><E134/><V67/><F44/><W34/><G34/><T58/><D114/><U50/><E33/><V65/><F31/><W90/><G109/><T95/><D131/><U81/><E26/><V11/><F2/><W63/><G128/><T7/><D7/><U87/><E97/><V88/><F3/><W32/><G32/><T106/><D80/><U75/><REACH who="1" step="1"/><E8/><REACH who="1" ten="146,469,136,239" step="2"/><V5/><F11/><W24/><G24/><T49/><D121/><U132/><E132/><V113/><F113/><W29/><G125/><T54/><D106/><U107/><E107/><V73/><F67/><W38/><G117/><T135/><D104/><U4/><E4/><V123/><F65/><W14/><G29/><T45/><D135/><U83/><E83/><V105/><F66/><W16/><G18/><T120/><D120/><U76/><AGARI ba="3,1" hai="40,46,48,50,51,75,76,77,81,82,87,89,92,99" machi="76" ten="20,3900,0" yaku="1,1,0,1,7,1,53,0" doraHai="96" doraHaiUra="118" who="1" fromWho="1" sc="146,-16,469,58,136,-16,239,-16" /><INIT seed="1,4,0,4,0,101" ten="130,527,120,223" oya="1" hai0="109,45,106,18,135,58,68,24,130,21,10,3,102" hai1="37,80,93,127,48,69,95,78,70,132,98,75,46" hai2="133,73,112,85,96,100,5,61,39,116,97,124,0" hai3="108,34,13,30,131,8,56,114,105,126,67,20,107"/><U129/><E129/><V121/><F116/><W119/><G114/><T57/><D68/><U111/><E111/><V53/><F121/><W38/><G38/><T2/><D109/><U92/><E127/><V33/><F33/><W128/><G34/><T79/><D130/><N who="3" m="49705" /><G119/><T4/><D2/><U28/><E132/><V17/><F133/><W60/><G108/><T11/><D135/><U54/><E28/><V125/><F73/><W65/><G65/><T104/><D79/><U35/><E35/><V87/><F39/><W25/><G126/><N who="2" m="48745" /><F112/><W115/><G115/><T103/><D45/><U123/><E123/><V72/><F72/><W99/><G99/><N who="2" m="37961" /><F100/><W86/><G86/><N who="2" m="32777" /><F17/><AGARI ba="4,0" hai="8,13,17,20,25,30,56,60,67,105,107" m="49705" machi="17" ten="30,3900,0" yaku="19,1,52,2" doraHai="101" who="3" fromWho="2" sc="130,0,527,0,120,-51,223,51" /><INIT seed="2,0,0,2,0,86" ten="130,527,69,274" oya="2" hai0="53,124,87,1,103,101,7,56,95,44,17,110,98" hai1="132,100,129,26,25,120,90,134,126,49,52,104,3" hai2="34,135,123,113,38,114,22,54,0,133,61,80,29" hai3="118,51,5,109,84,112,83,11,69,89,6,78,28"/><V57/><F0/><W23/><G118/><T67/><D110/><U33/><E3/><V41/><F123/><W14/><G109/><T62/><D124/><U99/><E120/><V20/><F80/><W128/><G69/><T106/><D1/><U45/><E126/><V127/><F127/><W85/><G128/><T13/><D7/><U71/><E129/><V96/><F96/><W9/><G112/><T46/><D103/><U125/><E125/><V130/><F130/><W43/><G28/><T121/><D121/><U111/><E111/><V119/><F119/><W31/><G31/><T58/><D87/><U39/><E39/><V131/><F131/><W117/><G23/><N who="2" m="8745" /><F41/><W47/><G117/><T82/><D82/><U97/><E71/><V91/><F38/><W2/><G84/><T115/><D106/><U76/><E33/><V93/><F29/><W107/><G107/><T40/><D40/><U75/><E75/><V10/><F10/><W105/><G105/><T94/><D94/><N who="1" m="56535" /><E76/><V42/><F42/><W60/><G60/><N who="0" m="38279" /><D115/><U32/><E32/><V66/><F34/><W70/><G70/><T4/><D4/><U36/><E36/><V92/><F92/><W30/><G30/><T8/><AGARI ba="0,0" hai="8,13,17,44,46,53,58,62,95,98,101" m="38279" machi="8" ten="30,1100,0" yaku="8,1" doraHai="86" who="0" fromWho="0" sc="130,11,527,-3,69,-5,274,-3" /><INIT seed="3,0,0,0,2,4" ten="141,524,64,271" oya="3" hai0="37,124,6,112,85,107,33,26,48,130,11,79,2" hai1="118,10,98,104,28,129,101,49,105,30,9,21,39" hai2="70,53,40,63,69,59,46,74,82,78,3,76,90" hai3="65,32,95,83,36,114,52,31,88,25,18,73,132"/><W77/><G114/><T58/><D107/><U84/><E129/><V67/><F90/><W92/><G132/><T71/><D71/><U38/><E118/><V115/><F115/><W133/><G133/><T89/><D79/><U42/><E105/><V19/><F76/><W119/><G119/><T61/><D37/><U113/><E113/><V97/><F97/><W94/><G36/><T103/><D103/><U1/><E1/><V13/><F3/><W127/><G127/><T121/><D112/><U108/><E38/><V7/><F7/><W120/><G65/><T34/><D124/><U72/><E72/><V99/><F99/><W131/><G120/><T64/><D130/><U5/><E5/><V102/><F102/><W126/><G126/><T106/><D106/><U135/><E39/><V47/><F67/><W27/><G131/><T35/><D48/><U117/><E135/><V57/><F59/><W51/><G25/><T111/><D111/><U122/><E122/><V55/><F55/><W20/><G32/><T23/><D121/><U80/><E108/><V62/><F62/><W15/><G31/><T109/><D109/><U100/><E100/><V60/><F60/><W22/><G22/><T0/><D0/><U110/><E110/><V68/><REACH who="2" step="1"/><F40/><REACH who="2" ten="141,524,54,271" step="2"/><W116/><G116/><T125/><D125/><U86/><E117/><V91/><F91/><W128/><G128/><T81/><REACH who="0" step="1"/><D35/><REACH who="0" ten="131,524,54,271" step="2"/><U43/><E101/><V8/><AGARI ba="0,2" hai="8,13,19,46,47,53,57,63,68,69,70,74,78,82" machi="8" ten="30,7900,0" yaku="1,1,0,1,52,1,53,1" doraHai="4" doraHaiUra="12" who="2" fromWho="2" sc="131,-20,524,-20,54,99,271,-39" /><INIT seed="4,0,0,2,4,65" ten="111,504,153,232" oya="0" hai0="14,86,123,62,63,117,80,108,107,109,83,135,118" hai1="128,134,91,3,90,31,11,114,51,19,73,20,58" hai2="8,78,52,6,25,66,2,133,100,81,111,106,69" hai3="87,22,96,17,39,7,0,48,5,112,43,79,89"/><T44/><D107/><U67/><E73/><V101/><F111/><N who="0" m="42570" /><D123/><U32/><E128/><V127/><F127/><W99/><G39/><T70/><D135/><U50/><E134/><V76/><F133/><W77/><G112/><T84/><D14/><N who="1" m="9335" /><E67/><V33/><F101/><W37/><G37/><T82/><D44/><U18/><E18/><V104/><F52/><W121/><G121/><T132/><D132/><U28/><E28/><V4/><F4/><W64/><G0/><T54/><D54/><N who="1" m="32087" /><E51/><V53/><F53/><W26/><G7/><T130/><D130/><U9/><E9/><V68/><F66/><W103/><G5/><T71/><D62/><U41/><E41/><V113/><F113/><W46/><G64/><T56/><D56/><U122/><E122/><V119/><F119/><N who="0" m="45578" /><D63/><U124/><E114/><V60/><F60/><W116/><G116/><T45/><D45/><U57/><E57/><V95/><F95/><W15/><G15/><T88/><D86/><U125/><E124/><V16/><F78/><W42/><G42/><T92/><AGARI ba="0,0" hai="70,71,80,82,83,84,88,92" m="45578,42570" machi="92" ten="40,12000,1" yaku="10,1,52,2,54,1" doraHai="65" who="0" fromWho="0" sc="111,120,504,-40,153,-40,232,-40" /><INIT seed="4,1,0,0,2,53" ten="231,464,113,192" oya="0" hai0="104,36,29,11,100,105,16,131,60,88,18,34,86" hai1="9,130,126,44,125,39,106,119,65,89,122,37,0" hai2="24,54,109,110,80,27,62,93,90,85,121,35,87" hai3="30,79,83,31,63,33,47,25,51,43,71,129,56"/><T72/><D72/><U116/><E106/><V38/><F38/><W97/><G129/><T13/><D36/><U112/><E130/><V17/><F121/><W64/><G30/><T118/><D118/><U8/><E122/><V108/><F35/><W120/><G120/><T128/><D128/><U101/><E101/><V114/><F114/><W20/><G97/><T103/><D131/><U59/><E89/><V21/><F27/><W14/><G14/><T5/><D103/><U52/><E112/><V99/><REACH who="2" step="1"/><F80/><REACH who="2" ten="231,464,103,192" step="2"/><W55/><G33/><T50/><D34/><U70/><E37/><V82/><F82/><W124/><G124/><T15/><D105/><U6/><E116/><V45/><F45/><W4/><G4/><T113/><D104/><U69/><E119/><V81/><F81/><W123/><G123/><T22/><D5/><U40/><E9/><V111/><N who="2" m="27648" /><DORA hai="32" /><V28/><F28/><W94/><G94/><T77/><D29/><U134/><E126/><V67/><F67/><W12/><G12/><T58/><D15/><U68/><E125/><V42/><F42/><W91/><G43/><T117/><D117/><U46/><E46/><V132/><F132/><W10/><G10/><T133/><D133/><U66/><E134/><V95/><F95/><W61/><G47/><T74/><D11/><U23/><E23/><V41/><F41/><W84/><REACH who="3" step="1"/><G51/><REACH who="3" ten="231,464,103,182" step="2"/><T2/><D13/><U127/><E127/><V19/><F19/><W1/><G1/><T48/><D18/><U26/><E26/><V135/><F135/><W57/><G57/><AGARI ba="1,2" hai="17,21,24,54,57,62,85,87,90,93,99" m="27648" machi="57" ten="70,8000,1" yaku="1,1,25,2,52,1,53,0" doraHai="53,32" doraHaiUra="78,98" who="2" fromWho="3" sc="231,0,464,0,103,103,182,-83" /><INIT seed="5,0,0,1,5,124" ten="231,464,206,99" oya="1" hai0="45,74,62,70,13,109,5,22,72,105,14,39,119" hai1="77,42,99,103,27,20,98,28,113,127,2,21,125" hai2="3,88,24,38,84,104,112,57,11,9,16,133,1" hai3="46,58,18,101,120,37,60,85,65,131,115,116,123"/><U69/><E69/><V90/><F104/><W102/><G116/><T15/><D105/><U8/><E77/><V132/><F38/><W31/><G115/><T89/><D5/><U130/><E42/><V91/><F112/><W55/><G31/><T66/><D109/><U67/><E67/><V68/><F68/><W29/><G29/><T107/><D107/><U100/><E28/><V17/><F57/><W41/><G85/><T35/><D35/><U40/><E40/><V81/><F24/><W135/><G18/><N who="2" m="7273" /><F81/><W12/><G12/><T86/><D22/><U44/><E27/><V56/><F56/><W59/><G101/><T128/><D119/><U50/><E113/><V129/><F129/><W126/><G102/><T7/><D128/><U92/><E130/><V82/><F82/><W26/><G26/><T6/><D45/><U97/><E44/><V83/><F83/><W34/><G34/><T80/><REACH who="0" step="1"/><D39/><REACH who="0" ten="221,464,206,99" step="2"/><U54/><E125/><V25/><F84/><W93/><G93/><T10/><D10/><N who="2" m="3594" /><F25/><W51/><G131/><T0/><D0/><AGARI ba="0,1" hai="0,1,3,88,90,91,132,133" m="3594,7273" machi="0" ten="40,8000,1" yaku="28,2,54,2" doraHai="124" who="2" fromWho="0" sc="221,-80,464,0,206,90,99,0" /><INIT seed="6,0,0,2,1,116" ten="141,464,296,99" oya="2" hai0="92,63,36,71,101,96,22,132,13,51,58,105,45" hai1="106,70,68,11,32,46,37,130,25,33,135,62,128" hai2="104,38,95,118,124,59,8,26,49,15,19,117,129" hai3="121,4,40,133,107,43,6,111,86,94,79,18,87"/><V53/><F104/><W55/><G107/><T27/><D36/><U21/><E21/><V99/><F38/><W57/><G111/><T93/><D71/><N who="1" m="27179" /><E62/><V89/><F129/><N who="1" m="49769" /><E135/><V73/><F124/><W69/><G69/><T74/><D13/><U77/><E25/><V100/><F73/><W125/><G125/><T30/><D74/><U10/><E77/><V123/><F100/><W97/><G133/><T122/><D122/><U81/><E81/><V120/><REACH who="2" step="1"/><F26/><REACH who="2" ten="141,464,286,99" step="2"/><W61/><G40/><T108/><D132/><U88/><E106/><V35/><F35/><W131/><G43/><T44/><D108/><U29/><E32/><V56/><F56/><W119/><G57/><T34/><D34/><U1/><E33/><V28/><F28/><W84/><G131/><T50/><D105/><U41/><E29/><V65/><F65/><W90/><G119/><AGARI ba="0,1" hai="8,15,19,49,53,59,89,95,99,117,118,119,120,123" machi="119" ten="40,12000,1" yaku="1,1,52,2,53,1" doraHai="116" doraHaiUra="52" who="2" fromWho="3" sc="141,0,464,0,286,130,99,-120" owari="141,-25.9,464,56.4,416,21.6,-21,-52.1" /></mjloggm>