<mjloggm ver="2.3"><GO type="169" lobby="0"/><UN n0="%E3%81%9F%E3%81%8B%E3%81%AA" n1="%E3%83%8F%E3%82%BB%E3%81%B9" n2="%79%61%6E%72%6F%75" n3="%E3%82%A2%E3%83%A9%E3%82%B5%E3%83%BC%E3%81%A0%E3%82%88%21%21" dan="19,16,16,18" rate="2223.07,2025.27,2174.97,2210.40" sx="M,M,M,M"/><TAIKYOKU oya="0"/><INIT seed="0,0,0,0,2,73" ten="250,250,250,250" oya="0" hai0="5,108,21,59,51,83,56,3,107,13,95,121,112" hai1="109,9,122,46,77,76,91,26,96,0,54,128,1" hai2="100,98,75,41,130,87,48,66,6,78,12,117,29" hai3="38,47,103,4,11,58,101,68,36,113,2,82,106"/><T69/><D112/><U135/><E122/><V116/><F75/><W33/><G113/><T110/><D107/><U133/><E26/><V8/><F66/><W129/><G33/><T44/><D69/><U89/><E128/><V94/><F29/><W43/><G38/><T81/><D3/><U31/><E31/><V27/><F27/><W90/><G68/><T97/><D121/><U71/><E71/><V127/><F127/><W132/><G132/><N who="1" m="50762" /><E109/><N who="0" m="42089" /><D56/><U62/><E1/><V49/><F130/><W99/><G129/><T115/><D59/><N who="1" m="35191" /><E46/><N who="2" m="25679" /><F49/><W123/><G123/><T30/><D115/><U80/><E80/><AGARI ba="0,0" hai="6,8,12,78,80,87,94,98,100,116,117" m="25679" machi="80" ten="30,2000,0" yaku="25,1,52,1" doraHai="73" who="2" fromWho="1" sc="250,0,250,-20,250,20,250,0" /><INIT seed="1,0,0,5,2,89" ten="250,230,270,250" oya="1" hai0="125,107,131,42,120,6,12,123,110,94,46,109,53" hai1="124,96,88,51,95,76,62,29,20,69,18,82,90" hai2="132,10,60,130,63,27,66,47,41,105,81,92,22" hai3="25,128,2,118,13,111,44,91,56,75,135,71,126"/><U86/><E124/><V19/><F105/><W84/><G56/><T119/><D107/><U134/><E134/><V9/><F130/><W45/><G25/><T36/><D119/><U7/><E7/><V101/><F132/><W54/><G13/><T113/><D113/><U87/><E51/><N who="2" m="27119" /><F81/><W28/><G28/><T35/><D35/><U73/><E29/><V93/><F101/><W37/><G54/><T57/><D6/><U80/><E69/><V106/><F106/><W61/><G91/><T8/><D8/><N who="2" m="3178" /><F66/><W85/><G84/><T15/><D131/><U121/><E121/><N who="0" m="46665" /><D125/><U1/><E1/><V77/><F77/><W99/><G126/><T83/><D83/><U49/><E49/><V117/><F117/><W4/><G135/><T103/><D109/><U70/><E70/><V52/><F63/><W17/><G118/><T133/><D110/><U115/><E115/><V67/><F67/><W59/><G111/><T31/><D31/><U5/><E5/><V100/><F100/><W74/><G71/><T79/><D79/><U38/><E38/><V48/><F60/><W72/><G37/><T40/><D40/><U65/><E65/><V16/><F22/><W64/><G128/><T34/><D34/><U78/><E62/><V50/><F50/><W129/><G129/><T108/><D108/><U21/><E18/><N who="2" m="6699" /><F27/><W114/><G114/><T68/><D68/><U11/><E11/><V14/><F14/><N who="0" m="5162" /><D133/><U32/><E32/><V102/><F102/><W26/><G26/><T112/><D112/><U98/><E73/><V39/><F39/><W43/><G75/><RYUUKYOKU ba="0,0" sc="250,-15,230,15,270,15,250,-15" hai1="20,21,76,78,80,82,86,87,88,90,95,96,98" hai2="48,52,92,93" /><INIT seed="1,1,0,2,0,114" ten="235,245,285,235" oya="1" hai0="8,103,100,97,50,115,1,62,14,21,45,70,69" hai1="61,20,127,46,5,39,64,9,26,72,25,108,82" hai2="123,29,96,124,65,75,106,84,109,40,125,52,51" hai3="117,49,43,48,31,129,128,54,77,126,44,79,42"/><U119/><E127/><N who="2" m="48715" /><F75/><W73/><G126/><T10/><D115/><U88/><E108/><V47/><F109/><W3/><G3/><T2/><D21/><U132/><E132/><V19/><F65/><W53/><G31/><T94/><D62/><U67/><E67/><V116/><F123/><W57/><G73/><T135/><D135/><U90/><E26/><V56/><F29/><W89/><G89/><T71/><D100/><U86/><E119/><V12/><F84/><W55/><G117/><T76/><D76/><U59/><E72/><V87/><F87/><W35/><G35/><T122/><D10/><U28/><E39/><V27/><F27/><W130/><G79/><T68/><N who="0" m="17408" /><DORA hai="60" /><T78/><D78/><U92/><E46/><V58/><F40/><N who="3" m="15403" /><G77/><T0/><D122/><U95/><REACH who="1" step="1"/><E90/><REACH who="1" ten="235,235,285,235" step="2"/><V30/><F116/><W112/><G112/><T118/><D118/><U93/><E93/><V32/><F32/><W83/><G83/><T107/><D94/><U4/><E4/><V134/><F134/><W41/><AGARI ba="1,1" hai="41,44,48,49,53,54,55,57,128,129,130" m="15403" machi="41" ten="40,5200,0" yaku="19,1,34,2" doraHai="114,60" who="3" fromWho="3" sc="235,-14,235,-27,285,-14,235,65" /><INIT seed="2,0,0,2,5,57" ten="221,208,271,300" oya="2" hai0="34,134,26,75,14,62,23,121,123,71,101,97,15" hai1="40,42,80,12,58,65,56,3,100,52,99,110,124" hai2="107,9,48,104,69,35,127,98,85,83,88,93,133" hai3="96,125,45,120,92,29,7,32,89,86,82,16,49"/><V81/><F35/><W64/><G120/><T47/><D75/><U6/><E110/><V50/><F69/><W39/><G39/><T44/><D134/><U53/><E3/><V60/><F133/><W78/><G29/><T126/><D126/><U31/><E124/><V103/><F127/><W10/><G125/><T94/><D121/><U63/><E65/><V11/><F107/><W0/><G32/><T112/><D112/><U106/><E31/><V105/><F104/><W36/><G36/><T13/><D34/><U117/><E117/><V28/><F28/><W59/><G59/><T4/><D4/><U21/><E80/><V46/><F48/><W122/><G64/><T77/><D77/><U54/><E54/><V8/><REACH who="2" step="1"/><F60/><REACH who="2" ten="221,208,261,300" step="2"/><W1/><G122/><T119/><D123/><U70/><E70/><V73/><F73/><W91/><G49/><T55/><D119/><U113/><E113/><V87/><F87/><W95/><G86/><T114/><D114/><U38/><E38/><V79/><F79/><W17/><G78/><T115/><D115/><U2/><E2/><V66/><F66/><W67/><G1/><T37/><D37/><U131/><E131/><V30/><F30/><W76/><G67/><T33/><D33/><U19/><REACH who="1" step="1"/><E6/><REACH who="1" ten="221,198,261,300" step="2"/><V61/><F61/><AGARI ba="0,2" hai="12,19,21,40,42,52,53,56,58,61,63,99,100,106" machi="61" ten="30,16000,3" yaku="1,1,2,1,7,1,9,1,52,2,54,1,53,2" doraHai="57" doraHaiUra="51" who="1" fromWho="2" sc="221,0,198,180,261,-160,300,0" /><INIT seed="3,0,0,1,3,62" ten="221,378,101,300" oya="3" hai0="97,59,16,28,2,21,38,87,1,66,46,118,99" hai1="6,35,52,103,22,127,31,119,113,26,36,133,128" hai2="15,44,102,24,18,91,83,27,125,95,80,124,93" hai3="115,0,122,85,33,130,98,20,19,3,72,45,54"/><W13/><G122/><T117/><D28/><U29/><E36/><V5/><F5/><W53/><G72/><T51/><D1/><U41/><E41/><V81/><F44/><W109/><G115/><T82/><D2/><U129/><E103/><V68/><F68/><W11/><G33/><T110/><D110/><U4/><E113/><V77/><F77/><W49/><G130/><T126/><D126/><N who="2" m="48746" /><F102/><W112/><G112/><T60/><D38/><U10/><E6/><V65/><F65/><W101/><G109/><T69/><D69/><U120/><E120/><V70/><F70/><W84/><G54/><N who="0" m="30071" /><D118/><U14/><E127/><V73/><F73/><W64/><G64/><T94/><D94/><N who="2" m="35850" /><F91/><W107/><G3/><T111/><D117/><U89/><E119/><V58/><F58/><W61/><G0/><T135/><D135/><U57/><E89/><V76/><F76/><W86/><REACH who="3" step="1"/><G61/><REACH who="3" ten="221,378,101,290" step="2"/><T71/><D111/><U34/><E133/><V43/><F43/><W78/><G78/><N who="0" m="46551" /><D71/><U123/><E123/><V131/><F131/><N who="1" m="50249" /><E31/><V37/><F37/><W12/><G12/><AGARI ba="0,1" hai="12,16,21,59,60,66,97,99" m="46551,30071" machi="12" ten="30,3900,0" yaku="8,1,52,1,54,1" doraHai="62" who="0" fromWho="3" sc="221,49,378,0,101,0,290,-39" /><INIT seed="4,0,0,5,3,87" ten="270,378,101,251" oya="0" hai0="16,118,24,80,90,30,97,94,113,84,128,35,14" hai1="105,98,77,23,83,47,12,100,116,39,109,95,37" hai2="121,102,78,55,86,1,40,93,18,124,115,31,10" hai3="49,92,15,133,123,76,71,43,117,67,70,26,134"/><T79/><D113/><U59/><E109/><V21/><F115/><W135/><G117/><T108/><D108/><U19/><E116/><V50/><F124/><W52/><G76/><T33/><D118/><U38/><E59/><V96/><F121/><W29/><G43/><T104/><D128/><U69/><E69/><V91/><F78/><W73/><G73/><T68/><D68/><U101/><E101/><V125/><F125/><W81/><G81/><T9/><REACH who="0" step="1"/><D104/><REACH who="0" ten="260,378,101,251" step="2"/><U129/><E129/><V88/><F40/><W7/><G123/><T22/><AGARI ba="0,1" hai="9,14,16,22,24,30,33,35,79,80,84,90,94,97" machi="22" ten="20,18000,2" yaku="1,1,2,1,0,1,7,1,52,1,54,1,53,0" doraHai="87" doraHaiUra="0" who="0" fromWho="0" sc="260,190,378,-60,101,-60,251,-60" /><INIT seed="4,1,0,3,1,45" ten="450,318,41,191" oya="0" hai0="42,78,93,61,60,44,82,76,86,112,132,116,114" hai1="83,50,6,126,81,100,117,70,43,109,125,92,64" hai2="18,124,94,74,7,65,49,91,23,106,33,26,9" hai3="10,22,62,31,25,21,115,130,17,35,2,80,108"/><T37/><D116/><U85/><E117/><V53/><F124/><N who="1" m="47721" /><E64/><V40/><F106/><W105/><G105/><T95/><D132/><U99/><E70/><V56/><F74/><W68/><G108/><T122/><D122/><U87/><E6/><V46/><F33/><W5/><G80/><N who="1" m="30794" /><E109/><V73/><F73/><W30/><G62/><N who="0" m="24171" /><D78/><U113/><E113/><AGARI ba="1,0" hai="37,42,44,76,82,86,93,95,112,113,114" m="24171" machi="113" ten="30,1500,0" yaku="15,1" doraHai="45" who="0" fromWho="1" sc="450,18,318,-18,41,0,191,0" /><INIT seed="4,2,0,1,2,54" ten="468,300,41,191" oya="0" hai0="19,17,28,82,1,122,120,94,114,14,99,30,20" hai1="27,89,72,3,57,87,36,96,25,12,15,109,0" hai2="48,108,58,69,91,79,77,113,29,26,100,103,84" hai3="78,2,8,125,40,121,104,59,128,13,116,7,42"/><T16/><D114/><U63/><E72/><V5/><F108/><W18/><G104/><T49/><D1/><U21/><E109/><V135/><F113/><W83/><G116/><T24/><D30/><U115/><E36/><V10/><F69/><W90/><G128/><T43/><D82/><U133/><E133/><V85/><F135/><W98/><G125/><T101/><D120/><U73/><E73/><V22/><F85/><W93/><G121/><T71/><D71/><U81/><E115/><V119/><F119/><W50/><G2/><T123/><D123/><U65/><E3/><V126/><F126/><W132/><G132/><T11/><D122/><U37/><E37/><V52/><F77/><W53/><REACH who="3" step="1"/><G7/><REACH who="3" ten="468,300,41,181" step="2"/><T129/><D129/><U110/><E110/><V112/><F112/><W9/><G9/><T66/><D66/><U106/><E0/><V38/><F79/><W92/><G92/><T6/><D6/><U31/><REACH who="1" step="1"/><E27/><REACH who="1" ten="468,290,41,181" step="2"/><V95/><REACH who="2" step="1"/><F38/><REACH who="2" ten="468,290,31,181" step="2"/><W131/><G131/><T75/><D75/><AGARI ba="2,3" hai="8,13,18,40,42,50,53,59,75,78,83,90,93,98" machi="75" ten="30,3900,0" yaku="1,1,7,1,52,1,53,0" doraHai="54" doraHaiUra="124" who="3" fromWho="0" sc="468,-45,290,0,31,0,181,75" /><INIT seed="5,0,0,2,1,51" ten="423,290,31,256" oya="1" hai0="50,93,32,108,125,107,71,12,25,74,72,117,82" hai1="76,98,40,97,39,29,1,119,122,68,100,57,48" hai2="88,26,5,0,54,83,121,31,99,37,75,115,14" hai3="30,132,42,20,34,113,13,96,130,56,41,2,116"/><U47/><E68/><V16/><F121/><W66/><G2/><T126/><D108/><U63/><E1/><V38/><F75/><W78/><G113/><T21/><D107/><U120/><E119/><V52/><F115/><W123/><G123/><T60/><D117/><U24/><E76/><V106/><F106/><W87/><G132/><T135/><D135/><U90/><E90/><V53/><F0/><W28/><G34/><T127/><D32/><U65/><E98/><V7/><F37/><W79/><G130/><T131/><D131/><U95/><REACH who="1" step="1"/><E39/><REACH who="1" ten="423,280,31,256" step="2"/><V84/><F38/><W91/><G116/><T77/><D71/><U133/><E133/><V19/><F99/><W109/><G96/><T3/><D3/><U22/><AGARI ba="0,1" hai="22,24,29,40,47,48,57,63,65,95,97,100,120,122" machi="22" ten="20,18000,2" yaku="1,1,0,1,7,1,25,2,53,2" doraHai="51" doraHaiUra="118" who="1" fromWho="1" sc="423,-60,280,190,31,-60,256,-60" owari="363,16.3,470,57.0,-29,-52.9,196,-20.4" /></mjloggm>