<mjloggm ver="2.3"><GO type="169" lobby="0"/><UN n0="%E9%BE%8D%31%30" n1="%E4%BA%8C%E9%9A%8E%E5%A0%82%E7%9C%9F%E7%B4%85%E3%81%A1%E3%82%83%E3%82%93" n2="%E3%81%AF%E3%81%9F%E3%82%86%E3%81%86" n3="%74%6B%34%32" dan="16,16,16,16" rate="2084.52,2120.44,2125.51,2086.44" sx="M,M,M,M"/><TAIKYOKU oya="0"/><INIT seed="0,0,0,4,4,18" ten="250,250,250,250" oya="0" hai0="89,126,21,35,130,128,4,64,5,57,56,60,115" hai1="91,42,19,105,76,12,16,17,71,28,117,70,53" hai2="47,50,49,33,123,127,122,39,85,102,86,62,74" hai3="26,29,131,82,54,112,30,52,27,34,93,118,120"/><T61/><D35/><U66/><E105/><V11/><F74/><W113/><G118/><T80/><D115/><U68/><E42/><V0/><F33/><W124/><G124/><T45/><D126/><U25/><E76/><V22/><F127/><W7/><G131/><N who="0" m="50219" /><D45/><U134/><E134/><V96/><F62/><W125/><G125/><T51/><D51/><U78/><E78/><V88/><F86/><W41/><G120/><T81/><D21/><U38/><E38/><V69/><F69/><W37/><G7/><N who="0" m="2635" /><D89/><U116/><E91/><V14/><F0/><W32/><G82/><T110/><D110/><U67/><E12/><V99/><F39/><W121/><G121/><T114/><D114/><U31/><E25/><V8/><F50/><W94/><G37/><T2/><D2/><U55/><E19/><N who="2" m="10615" /><F123/><W24/><G24/><T106/><D106/><U13/><E13/><V72/><F72/><W3/><G41/><T10/><D10/><N who="2" m="3626" /><F102/><W87/><G3/><T58/><D58/><U1/><E71/><V97/><F122/><W109/><REACH who="3" step="1"/><G87/><REACH who="3" ten="250,250,250,240" step="2"/><T133/><D133/><U107/><E1/><V84/><F84/><W43/><G43/><T6/><D6/><U73/><E73/><V103/><F103/><W129/><G129/><T77/><D77/><U108/><REACH who="1" step="1"/><E107/><REACH who="1" ten="250,240,250,240" step="2"/><V36/><F36/><W92/><G92/><T63/><D64/><U104/><E104/><V135/><F135/><W132/><G132/><T40/><D40/><U23/><E23/><V65/><F85/><W20/><G20/><T83/><AGARI ba="0,2" hai="56,57,60,61,63,80,81,83" m="2635,50219" machi="83" ten="40,7800,0" yaku="28,2,19,1" doraHai="18" who="0" fromWho="0" sc="250,98,240,-26,250,-26,240,-26" /><INIT seed="0,1,0,3,1,32" ten="348,214,224,214" oya="0" hai0="35,76,118,1,16,25,113,95,53,41,122,68,57" hai1="116,29,24,89,93,17,126,99,80,12,132,58,55" hai2="72,69,109,33,34,74,13,107,14,130,22,125,61" hai3="40,28,62,43,131,85,6,20,42,127,7,87,75"/><T21/><D118/><U44/><E126/><V117/><F125/><W52/><G127/><T104/><D122/><U119/><E132/><V84/><F107/><W30/><G75/><T37/><D104/><U120/><E120/><V70/><F109/><W71/><G131/><T27/><D68/><U97/><E80/><V134/><F84/><N who="3" m="32331" /><G71/><T65/><D65/><U8/><E44/><V63/><F22/><W114/><G114/><T90/><D76/><U50/><REACH who="1" step="1"/><E99/><REACH who="1" ten="348,204,224,214" step="2"/><V38/><F134/><W128/><G128/><T83/><D83/><U59/><E59/><V51/><F130/><W77/><G77/><T23/><D57/><U105/><E105/><V129/><F129/><W48/><G62/><T46/><D113/><U108/><E108/><V94/><F117/><W54/><G48/><T101/><D46/><U36/><E36/><V45/><F45/><W106/><G106/><T100/><D37/><U26/><E26/><V5/><F38/><W115/><G115/><T67/><D27/><U81/><E81/><V11/><F51/><W92/><G92/><T91/><D25/><U39/><E39/><V78/><F94/><W4/><G20/><AGARI ba="1,1" hai="8,12,17,20,24,29,50,55,58,89,93,97,116,119" machi="20" ten="30,2000,0" yaku="1,1,7,1,53,0" doraHai="32" doraHaiUra="135" who="1" fromWho="3" sc="348,0,204,33,224,0,214,-23" /><INIT seed="1,0,0,2,3,59" ten="348,237,224,191" oya="1" hai0="91,56,129,13,71,96,117,9,7,87,132,78,42" hai1="120,33,119,38,17,48,131,20,67,4,118,27,35" hai2="25,102,24,52,15,58,128,61,124,134,41,65,72" hai3="125,93,50,135,100,79,112,46,63,55,115,84,82"/><U14/><E38/><V89/><F134/><W8/><G135/><T95/><D117/><U127/><E48/><V76/><F128/><W10/><G125/><T98/><D71/><U105/><E105/><V108/><F108/><W80/><G112/><T86/><D129/><U104/><E104/><V28/><F124/><W22/><G115/><T49/><D132/><U113/><E67/><V75/><F41/><W133/><G133/><T5/><D7/><U32/><E113/><V111/><F111/><W40/><G82/><N who="0" m="47447" /><D56/><U2/><E131/><V69/><F102/><W109/><G109/><T106/><D106/><U123/><E2/><V70/><F25/><W110/><G110/><T94/><D94/><U39/><E39/><V126/><F126/><W1/><G1/><T37/><D37/><U34/><E127/><V73/><F76/><W77/><G77/><T64/><D64/><U43/><E43/><V21/><F65/><W44/><G22/><T12/><D13/><U107/><E107/><V45/><F45/><AGARI ba="0,0" hai="5,9,12,42,45,49,87,91,95,96,98" m="47447" machi="45" ten="30,2000,0" yaku="25,1,8,1" doraHai="59" who="0" fromWho="2" sc="348,20,237,0,224,-20,191,0" /><INIT seed="2,0,0,3,5,84" ten="368,237,204,191" oya="2" hai0="91,42,80,89,19,134,102,45,67,135,111,76,15" hai1="20,51,128,132,85,14,28,126,117,49,39,32,109" hai2="30,59,13,55,23,27,41,26,74,50,75,70,107" hai3="68,46,94,65,2,108,79,81,119,106,34,52,83"/><V8/><F70/><W133/><G106/><T99/><D111/><U73/><E73/><V87/><F107/><W69/><G2/><T98/><D67/><U72/><E72/><V37/><F27/><W131/><G34/><T58/><D58/><U95/><E39/><V38/><F38/><W118/><G108/><T7/><D7/><U112/><E112/><V104/><F104/><W92/><G131/><T4/><D76/><U96/><E117/><V21/><F21/><W57/><G133/><N who="0" m="50699" /><D80/><U31/><E128/><V17/><REACH who="2" step="1"/><F87/><REACH who="2" ten="368,237,194,191" step="2"/><W64/><G118/><T78/><D98/><U1/><E96/><V129/><F129/><W35/><G119/><T33/><D99/><U22/><E20/><V114/><F114/><W40/><G35/><T12/><D33/><U61/><E22/><V100/><F100/><W130/><G130/><T6/><D102/><U63/><E85/><V43/><F43/><W16/><G40/><T44/><D42/><U116/><E32/><V36/><F36/><W82/><G79/><T105/><D78/><U123/><E132/><V53/><F53/><W62/><G65/><T5/><D105/><U125/><E116/><V18/><F18/><W122/><G16/><T127/><D19/><U11/><E109/><V10/><F10/><W115/><G115/><T110/><D110/><U66/><E11/><V103/><F103/><W25/><G25/><T60/><D6/><U93/><E66/><V97/><F97/><W101/><G101/><T47/><D5/><U121/><E31/><V71/><F71/><N who="3" m="27211" /><G122/><T9/><D4/><U86/><E123/><RYUUKYOKU ba="0,1" sc="368,-15,237,-15,194,15,191,15" hai2="8,13,17,23,26,30,37,41,50,55,59,74,75" hai3="46,52,57,62,64,81,82,83,92,94" /><INIT seed="2,1,1,5,0,41" ten="353,222,209,206" oya="2" hai0="19,83,77,33,135,40,132,23,61,90,87,46,2" hai1="54,94,49,16,39,67,73,57,124,93,26,110,65" hai2="102,60,48,43,86,0,84,55,71,34,112,42,25" hai3="85,74,37,97,119,131,53,15,79,81,105,12,68"/><V91/><F0/><W32/><G119/><T59/><D33/><U126/><E73/><V58/><F112/><W109/><G109/><T129/><D2/><U98/><E39/><V21/><F34/><W104/><G37/><T8/><D8/><U130/><E130/><V122/><F102/><W70/><G32/><T6/><D6/><U113/><E113/><V9/><F86/><W10/><G131/><T100/><D100/><U13/><E26/><V127/><F127/><N who="1" m="48681" /><E110/><V36/><F9/><W66/><G53/><T51/><D129/><U82/><E82/><V24/><F24/><W7/><G74/><T123/><D123/><U120/><E94/><V11/><F11/><W56/><G68/><T38/><D38/><U117/><E117/><V20/><F20/><W28/><G70/><T121/><D121/><U14/><E14/><V45/><F122/><W30/><G15/><N who="0" m="9727" /><D135/><U63/><E63/><V80/><F71/><W75/><G105/><T47/><D51/><U62/><E49/><V96/><F96/><W27/><G75/><T29/><D40/><U128/><E128/><V99/><F99/><W95/><G104/><T72/><D29/><U4/><E4/><V92/><F36/><W108/><G27/><T64/><D132/><U78/><E120/><V114/><F114/><W18/><G7/><T107/><D107/><U52/><E13/><V3/><F3/><W103/><G108/><T125/><D125/><U89/><E98/><V44/><F25/><W35/><G35/><T101/><D101/><U88/><E16/><V133/><F133/><W116/><G116/><RYUUKYOKU ba="1,1" sc="353,15,222,-15,209,-15,206,15" hai0="46,47,59,61,64,72,77,83,87,90" hai3="10,12,18,28,30,56,66,79,81,85,95,97,103" /><INIT seed="3,2,1,5,2,76" ten="368,207,194,221" oya="3" hai0="55,82,30,19,65,80,42,64,75,115,7,1,103" hai1="46,77,34,89,61,104,117,127,68,57,45,17,6" hai2="18,93,90,60,102,11,121,78,114,9,25,96,70" hai3="39,112,47,8,37,23,84,52,97,14,16,74,118"/><W32/><G112/><T126/><D75/><U122/><E34/><V85/><F114/><W119/><G74/><T51/><D115/><U101/><E68/><V95/><F121/><W88/><G32/><T62/><D30/><U36/><E77/><V83/><F70/><W13/><G97/><T3/><D103/><U58/><E6/><V131/><F131/><W28/><G119/><T40/><D7/><U12/><E36/><V105/><F60/><W4/><G118/><T27/><D62/><U69/><E69/><V48/><F48/><W29/><G37/><T124/><D19/><U20/><E104/><V129/><F129/><W44/><G44/><T59/><D27/><U35/><E101/><V109/><F109/><W92/><G39/><T10/><D10/><U79/><E35/><V133/><F133/><W125/><G125/><N who="0" m="48235" /><D64/><U0/><E117/><V130/><F130/><W22/><G23/><T50/><D65/><U49/><E20/><V63/><F63/><W108/><G108/><T134/><D50/><AGARI ba="2,1" hai="4,8,13,14,16,22,28,29,47,50,52,84,88,92" machi="50" ten="40,12000,1" yaku="8,1,54,3" doraHai="76" who="3" fromWho="0" sc="368,-126,207,0,194,0,221,136" /><INIT seed="3,3,0,3,3,35" ten="242,207,194,357" oya="3" hai0="120,34,129,24,117,71,72,135,79,87,133,1,74" hai1="38,3,66,114,65,68,107,21,84,119,17,11,121" hai2="22,89,37,112,126,69,7,27,53,30,134,29,42" hai3="45,36,122,14,90,111,75,100,25,33,0,62,99"/><W127/><G122/><T41/><D71/><U94/><E107/><V12/><F69/><W13/><G127/><T50/><D120/><U28/><E38/><V106/><F106/><W78/><G111/><T40/><D1/><U31/><E114/><V96/><F112/><W76/><G0/><T58/><D117/><U64/><E68/><V113/><F113/><W2/><G2/><T19/><D129/><U104/><E104/><V118/><F126/><W82/><G78/><T131/><D131/><U125/><E119/><V101/><F101/><W52/><G36/><T124/><D87/><U91/><E125/><V108/><F42/><W10/><G90/><T95/><D95/><U93/><E93/><V4/><F37/><W23/><G33/><T115/><D124/><U59/><E59/><V32/><F108/><W57/><G45/><T128/><D58/><U116/><E116/><V51/><F30/><W85/><G75/><T47/><D41/><U8/><E121/><V20/><F32/><W130/><G10/><N who="1" m="3626" /><E3/><V88/><F134/><W26/><G26/><AGARI ba="3,0" hai="17,21,26,28,31,64,65,66,84,91,94" m="3626" machi="26" ten="30,1000,0" yaku="8,1" doraHai="35" who="1" fromWho="3" sc="242,0,207,19,194,0,357,-19" /><INIT seed="4,0,0,4,0,28" ten="242,226,194,338" oya="0" hai0="54,64,27,90,76,70,4,34,71,51,45,121,77" hai1="78,111,37,80,14,49,123,48,66,118,106,21,89" hai2="122,96,35,40,41,79,72,20,36,29,12,2,119" hai3="92,84,132,43,3,126,1,23,61,47,11,69,6"/><T91/><D121/><U100/><E37/><V83/><F122/><W133/><G126/><T103/><D4/><U67/><E106/><V127/><F127/><W120/><G3/><T5/><D103/><U129/><E100/><V113/><F113/><W46/><G23/><T73/><D5/><U97/><E111/><V74/><F74/><W10/><G10/><T58/><D71/><U31/><E129/><V75/><F75/><W62/><G47/><T38/><D73/><U107/><E107/><V110/><F2/><W57/><G69/><T0/><D0/><U30/><E78/><V109/><F36/><W42/><G42/><N who="0" m="22743" /><D76/><U65/><E118/><V116/><F110/><W82/><G92/><T24/><D77/><U99/><E31/><V125/><F109/><W60/><G57/><T50/><D50/><U56/><E49/><V33/><F125/><W101/><G101/><T9/><D9/><U88/><E14/><V15/><F96/><N who="1" m="36937" /><E80/><V39/><F39/><N who="3" m="21887" /><G120/><T86/><D34/><N who="2" m="12810" /><F41/><W135/><G62/><N who="0" m="40215" /><D90/><AGARI ba="0,0" hai="1,6,11,60,61,82,84,90,132,133,135" m="21887" machi="90" ten="30,1000,0" yaku="20,1" doraHai="28" who="3" fromWho="0" sc="242,-10,226,0,194,0,338,10" /><INIT seed="5,0,0,0,0,71" ten="232,226,194,348" oya="1" hai0="50,73,13,111,4,134,27,78,123,43,57,31,67" hai1="83,66,76,114,86,90,3,22,63,19,69,131,84" hai2="129,11,40,49,44,93,94,23,9,120,126,41,109" hai3="38,5,130,60,28,74,105,65,79,100,88,133,68"/><U122/><E114/><V125/><F109/><W91/><G130/><T56/><D111/><U35/><E35/><V119/><F119/><W127/><G127/><T117/><D123/><U48/><E131/><V36/><F129/><W52/><G133/><T110/><D117/><U75/><E3/><V20/><F49/><W33/><G5/><T55/><D110/><U89/><E122/><V29/><F120/><W121/><G79/><T87/><D43/><U42/><E42/><V99/><F29/><W7/><G7/><T26/><D73/><U96/><E48/><V124/><F41/><W82/><G82/><N who="0" m="47575" /><D31/><U70/><E70/><V132/><F94/><W32/><G74/><T54/><D67/><U113/><E113/><V98/><F98/><N who="3" m="61591" /><G32/><T85/><D85/><U58/><E69/><V59/><F59/><N who="0" m="22602" /><D134/><U12/><E96/><V17/><F23/><W118/><G38/><T21/><D50/><U2/><E2/><V95/><F95/><W14/><G14/><T25/><D21/><U92/><E75/><V51/><F51/><W108/><G108/><T47/><D47/><U115/><E115/><V37/><F37/><W18/><G18/><T0/><D0/><U30/><E30/><V8/><F132/><W106/><G106/><T6/><D6/><U112/><REACH who="1" step="1"/><E112/><REACH who="1" ten="232,216,194,348" step="2"/><V103/><REACH who="2" step="1"/><F126/><REACH who="2" ten="232,216,184,348" step="2"/><W64/><G121/><T34/><D34/><U61/><E61/><V1/><F1/><W104/><G118/><T62/><D62/><U39/><E39/><V24/><AGARI ba="0,2" hai="8,9,11,17,20,24,36,40,44,93,99,103,124,125" machi="24" ten="30,4000,0" yaku="1,1,0,1,52,1,53,0" doraHai="71" doraHaiUra="81" who="2" fromWho="2" sc="232,-10,216,-20,184,60,348,-10" /><INIT seed="6,0,0,4,5,116" ten="222,196,244,338" oya="2" hai0="88,65,123,81,40,3,33,74,133,111,66,93,131" hai1="20,72,54,57,115,82,4,56,80,22,101,117,103" hai2="8,63,71,76,70,87,60,110,69,24,44,124,16" hai3="30,7,21,25,84,102,125,13,85,108,129,26,42"/><V11/><F124/><W45/><G108/><T94/><D123/><U118/><E4/><V19/><F44/><W79/><G129/><T14/><D33/><U112/><REACH who="1" step="1"/><E54/><REACH who="1" ten="222,186,244,338" step="2"/><V121/><F110/><W46/><G7/><T92/><D111/><U51/><E51/><V27/><F121/><W0/><G125/><T73/><D131/><U105/><E105/><V132/><F132/><W41/><G41/><T89/><D133/><U32/><E32/><V2/><F2/><W58/><G42/><T126/><D40/><U67/><E67/><V35/><F35/><W100/><G0/><T52/><D3/><U114/><E114/><V29/><F63/><W83/><G45/><T23/><D126/><U1/><E1/><V119/><F60/><W55/><G46/><T99/><D52/><U49/><E49/><V90/><F119/><W127/><G55/><T34/><D65/><U59/><E59/><V98/><F71/><W135/><G58/><T113/><D34/><U106/><E106/><V39/><F70/><W122/><G135/><T31/><D66/><U10/><E10/><V128/><F69/><W68/><G68/><T53/><D23/><U12/><E12/><V134/><F134/><W28/><G13/><T96/><D14/><U120/><E120/><V9/><F128/><W130/><G130/><T95/><D53/><U109/><E109/><V15/><F15/><W47/><G127/><T91/><D113/><U104/><E104/><V6/><F6/><W50/><G122/><T107/><D107/><U38/><E38/><V97/><F39/><W5/><G5/><RYUUKYOKU ba="0,1" sc="222,-10,186,30,244,-10,338,-10" hai1="20,22,56,57,72,80,82,101,103,112,115,117,118" /><INIT seed="7,1,1,1,0,108" ten="212,216,234,328" oya="3" hai0="131,98,125,130,121,105,4,28,29,69,17,39,87" hai1="20,44,21,117,33,0,25,48,107,2,19,59,40" hai2="101,81,34,11,104,1,12,93,67,60,114,95,127" hai3="128,45,63,8,62,61,42,92,106,66,26,123,80"/><W23/><G106/><T54/><D121/><U129/><E33/><V35/><F1/><W53/><G128/><N who="0" m="49195" /><D69/><U96/><E129/><V3/><F3/><W58/><G123/><T112/><D39/><U116/><E59/><V57/><F127/><W7/><G80/><T103/><D4/><U51/><E51/><V22/><F81/><W70/><G92/><T109/><D125/><U49/><E49/><V27/><F95/><W55/><G55/><T24/><D109/><U91/><E91/><V77/><F77/><W15/><G62/><T38/><D38/><U18/><E96/><N who="2" m="59535" /><F114/><W64/><G53/><T47/><D87/><U100/><E100/><V46/><F46/><W84/><G84/><T76/><D76/><U110/><E107/><V85/><F85/><W71/><G58/><T36/><D112/><U115/><E110/><V111/><F104/><W134/><G134/><T50/><D36/><U5/><E115/><V30/><F111/><W97/><G97/><T124/><D124/><U132/><E132/><V52/><F52/><W37/><G23/><AGARI ba="1,1" hai="17,23,24,28,29,47,50,54,98,103,105" m="49195" machi="23" ten="30,1000,0" yaku="19,1" doraHai="108" who="0" fromWho="3" sc="212,23,216,0,234,0,328,-13" owari="235,3.5,216,-28.4,234,-16.6,315,41.5" /></mjloggm>