<mjloggm ver="2.3"><GO type="169" lobby="0"/><UN n0="%E2%91%A3%E3%82%BB%E3%83%B3%E3%83%81" n1="%E5%B0%8F%E4%B8%89%E5%85%83%E5%8D%97%E5%8D%98%E9%A8%8E" n2="%E3%81%9F%E3%81%8B%31%34%31" n3="%42%65%6E%63%68%69%6E%67" dan="18,16,16,16" rate="2257.47,2074.63,2113.43,2124.16" sx="M,M,M,M"/><TAIKYOKU oya="0"/><INIT seed="0,0,0,2,5,96" ten="250,250,250,250" oya="0" hai0="100,102,22,43,120,21,15,125,23,70,135,91,103" hai1="32,2,127,79,51,93,46,3,119,95,104,80,82" hai2="44,132,13,18,26,30,42,107,81,41,61,19,92" hai3="105,129,133,24,122,68,36,106,58,78,76,75,99"/><T123/><D70/><U4/><E119/><V97/><F132/><W45/><G68/><T37/><D135/><U131/><E131/><V72/><F107/><W12/><G129/><T0/><D0/><U111/><E111/><V50/><F61/><W134/><G58/><T14/><D91/><U17/><E127/><V65/><F65/><W5/><G24/><T56/><D56/><U63/><E104/><V9/><F72/><W16/><G5/><T117/><D117/><U55/><E32/><V62/><F62/><W60/><G60/><T47/><REACH who="0" step="1"/><D125/><REACH who="0" ten="240,250,250,250" step="2"/><U49/><E3/><V87/><F42/><W114/><G133/><T74/><D74/><U101/><E2/><V115/><F115/><W118/><G134/><T108/><D108/><U27/><E79/><V128/><F128/><W85/><G118/><T124/><D124/><U28/><E80/><V116/><F116/><W73/><G114/><T126/><D126/><U40/><E82/><V89/><F30/><W69/><G69/><T8/><D8/><U109/><E40/><V35/><F35/><W11/><G73/><T71/><D71/><U64/><E28/><V20/><F81/><N who="3" m="47271" /><G75/><T53/><D53/><U57/><E55/><V98/><AGARI ba="0,1" hai="9,13,18,19,20,26,41,44,50,87,89,92,97,98" machi="98" ten="30,2000,0" yaku="0,1,8,1" doraHai="96" who="2" fromWho="2" sc="240,-10,250,-5,250,30,250,-5" /><INIT seed="1,0,0,1,0,2" ten="230,245,280,245" oya="1" hai0="85,21,94,90,82,73,99,104,123,86,97,28,128" hai1="37,60,59,43,49,46,8,24,44,54,63,12,115" hai2="113,133,29,62,74,119,3,9,93,112,34,32,45" hai3="39,14,19,121,111,4,16,134,5,58,15,114,105"/><U101/><E115/><N who="2" m="44107" /><F74/><W30/><G39/><T106/><D28/><U36/><E101/><V108/><F119/><W40/><G121/><T103/><D21/><U110/><E24/><V81/><F81/><W75/><G114/><T69/><D69/><U66/><E110/><V13/><F3/><W35/><G105/><N who="0" m="63743" /><D128/><U70/><REACH who="1" step="1"/><E46/><REACH who="1" ten="230,235,280,245" step="2"/><V53/><F108/><W129/><G111/><T95/><D123/><U23/><E23/><V11/><F45/><W31/><G129/><T87/><D95/><U18/><AGARI ba="0,1" hai="8,12,18,36,37,43,44,49,54,59,60,63,66,70" machi="18" ten="20,3900,0" yaku="1,1,0,1,7,1,53,0" doraHai="2" doraHaiUra="25" who="1" fromWho="1" sc="230,-13,235,49,280,-13,245,-13" /><INIT seed="1,1,0,1,1,66" ten="217,284,267,232" oya="1" hai0="99,94,58,8,134,84,44,113,118,83,22,26,17" hai1="131,109,9,46,1,123,36,14,121,38,47,11,124" hai2="35,91,78,32,42,7,0,51,6,104,64,100,102" hai3="19,24,60,16,21,128,56,125,108,92,79,53,93"/><U96/><E131/><V115/><F78/><W41/><G108/><T105/><D134/><U97/><E14/><V69/><F115/><W110/><G110/><T74/><D113/><U25/><E109/><V52/><F42/><W103/><G128/><T68/><D118/><U31/><E31/><V30/><F91/><W111/><G111/><T3/><D74/><U4/><E4/><V65/><F0/><W37/><G125/><T5/><D105/><U63/><E63/><V12/><F12/><W10/><G79/><T20/><D44/><U2/><REACH who="1" step="1"/><E25/><REACH who="1" ten="217,274,267,232" step="2"/><V57/><F30/><W82/><G19/><T62/><D26/><U87/><E87/><V129/><F129/><W40/><G10/><T33/><D17/><U89/><E89/><V101/><F6/><W39/><G103/><T34/><D5/><U75/><E75/><V73/><F73/><W77/><G24/><T23/><D8/><U67/><E67/><V122/><F7/><W86/><G16/><T45/><D3/><U71/><E71/><V72/><F72/><W70/><G70/><T88/><D68/><U107/><E107/><V43/><F104/><W48/><G60/><T120/><D120/><U61/><E61/><N who="2" m="40079" /><F65/><W85/><G85/><T98/><D98/><U114/><E114/><V29/><F122/><W90/><G77/><T130/><D130/><U49/><E49/><N who="2" m="30863" /><F29/><W15/><G15/><T28/><D28/><U54/><E54/><V76/><F76/><W117/><G21/><T133/><D23/><U132/><E132/><V95/><F101/><W59/><G90/><T106/><D88/><RYUUKYOKU ba="1,1" sc="217,-10,274,30,267,-10,232,-10" hai1="1,2,9,11,36,38,46,47,96,97,121,123,124" /><INIT seed="1,2,1,5,1,117" ten="207,304,257,222" oya="1" hai0="48,24,82,98,123,23,118,31,100,5,67,18,12" hai1="90,50,30,10,110,104,102,11,17,58,38,86,36" hai2="45,9,49,119,75,56,65,4,51,97,7,92,20" hai3="37,113,130,88,89,32,35,103,132,54,111,96,40"/><U34/><E104/><V91/><F75/><W80/><G113/><T42/><D118/><U13/><E102/><V64/><F119/><W26/><G111/><T101/><D67/><U44/><E110/><V59/><F20/><W27/><G132/><T114/><D114/><U120/><E58/><N who="2" m="22059" /><F51/><W81/><G130/><T121/><D5/><N who="2" m="2122" /><F9/><W126/><G126/><T72/><D42/><AGARI ba="2,1" hai="42,45,49,64,65,91,92,97" m="2122,22059" machi="42" ten="30,1000,0" yaku="8,1" doraHai="117" who="2" fromWho="0" sc="207,-16,304,0,257,26,222,0" /><INIT seed="2,0,0,1,1,116" ten="191,304,283,222" oya="2" hai0="57,85,18,47,88,107,135,133,80,132,3,126,101" hai1="121,0,117,113,68,104,93,64,35,1,62,87,105" hai2="65,20,41,70,48,9,100,76,124,118,123,127,125" hai3="71,19,23,24,54,17,11,27,67,36,2,25,58"/><V26/><F118/><W8/><G36/><T86/><D3/><U34/><E117/><V32/><F32/><W131/><G71/><T13/><D126/><U96/><E113/><V45/><F100/><W5/><G67/><T31/><D31/><U6/><E87/><V43/><F76/><W91/><G131/><T82/><D57/><U7/><E93/><V51/><F9/><N who="3" m="2231" /><G54/><T12/><D47/><U89/><E89/><V33/><F33/><W30/><G58/><T14/><D101/><U46/><E46/><N who="2" m="25679" /><F20/><N who="3" m="13327" /><G91/><T73/><D107/><U77/><E77/><V84/><F84/><W15/><G27/><T109/><D73/><U108/><E96/><V130/><F26/><W60/><G60/><T53/><D53/><U50/><E105/><V21/><F21/><AGARI ba="0,0" hai="8,11,15,19,21,23,25,30" m="13327,2231" machi="21" ten="30,8000,1" yaku="35,5" doraHai="116" who="3" fromWho="2" sc="191,0,304,0,283,-80,222,80" /><INIT seed="3,0,0,2,2,118" ten="191,304,203,302" oya="3" hai0="58,12,127,105,60,55,74,2,119,37,134,7,107" hai1="47,80,133,63,17,67,33,120,10,73,121,126,54" hai2="48,83,89,66,93,38,28,51,103,21,23,111,101" hai3="4,13,64,18,100,84,0,108,113,95,78,35,8"/><W112/><G64/><T124/><D119/><U26/><E133/><V123/><F38/><W43/><G35/><T96/><D2/><U16/><E126/><N who="0" m="48169" /><D74/><U24/><E73/><V40/><F111/><W52/><G108/><T27/><D37/><U49/><E80/><V99/><F66/><W79/><G43/><T61/><D96/><U114/><E114/><V46/><F123/><W59/><G113/><T110/><D110/><U88/><E88/><V41/><F28/><W122/><G122/><T132/><D27/><U85/><E85/><V91/><F91/><N who="3" m="53735" /><G0/><T31/><D61/><U75/><E75/><V102/><REACH who="2" step="1"/><F83/><REACH who="2" ten="191,304,193,302" step="2"/><W77/><G112/><T130/><D31/><U129/><E121/><V1/><F1/><W125/><G125/><T34/><D34/><U92/><E33/><V62/><F62/><N who="3" m="36199" /><G100/><T72/><D134/><U81/><E120/><V115/><F115/><W14/><G78/><T106/><D132/><U109/><E109/><V50/><F50/><W45/><G45/><AGARI ba="0,1" hai="21,23,40,41,45,46,48,51,89,93,99,101,102,103" machi="45" ten="40,5200,0" yaku="1,1,9,1,8,1,53,0" doraHai="118" doraHaiUra="5" who="2" fromWho="3" sc="191,0,304,0,193,62,302,-52" /><INIT seed="4,0,0,3,4,69" ten="191,304,255,250" oya="0" hai0="52,49,119,15,5,13,97,73,29,102,114,36,101" hai1="100,111,8,126,54,98,132,10,133,45,87,41,28" hai2="18,42,11,19,53,51,130,17,76,12,106,129,48" hai3="46,14,64,2,110,32,7,50,84,65,74,83,121"/><T109/><D119/><U75/><E75/><V91/><F106/><W34/><G110/><T72/><D109/><U38/><E111/><V79/><F42/><N who="3" m="24919" /><G2/><T16/><D36/><U61/><E28/><V85/><F51/><W71/><G74/><T94/><D114/><U120/><E120/><V123/><F123/><W89/><G71/><T33/><D101/><U40/><E40/><V35/><F35/><W80/><G32/><T24/><D15/><U21/><E21/><V67/><F67/><N who="3" m="25675" /><G34/><T104/><D5/><U44/><E87/><V93/><F130/><W62/><G62/><T108/><D104/><N who="1" m="63511" /><E126/><V59/><REACH who="2" step="1"/><F129/><REACH who="2" ten="191,304,245,250" step="2"/><W92/><G121/><T37/><D108/><U125/><E125/><V0/><F0/><W107/><G107/><T27/><D37/><U1/><E1/><V66/><F66/><W25/><G25/><T20/><REACH who="0" step="1"/><D27/><REACH who="0" ten="181,304,245,250" step="2"/><U57/><E38/><V95/><F95/><W112/><G112/><T4/><D4/><AGARI ba="0,2" hai="4,11,12,17,18,19,48,53,59,76,79,85,91,93" machi="4" ten="40,5200,0" yaku="1,1,8,1,53,1" doraHai="69" doraHaiUra="86" who="2" fromWho="0" sc="181,-52,304,0,245,72,250,0" /><INIT seed="5,0,0,1,2,76" ten="129,304,317,250" oya="1" hai0="111,117,2,48,134,98,63,107,82,69,42,97,92" hai1="123,105,103,35,50,127,22,8,110,101,113,83,10" hai2="41,43,67,121,128,39,26,77,135,21,78,115,133" hai3="73,23,89,108,112,4,116,0,32,25,19,15,59"/><U12/><E123/><V79/><F121/><W71/><G71/><T44/><D111/><U24/><E110/><V30/><F128/><W60/><G108/><T28/><D117/><U3/><E113/><V36/><F67/><W17/><G112/><T102/><D2/><U62/><E127/><V80/><F115/><W70/><G70/><T132/><D28/><U126/><E126/><V95/><F95/><W106/><G106/><T29/><D29/><U53/><E62/><V9/><F9/><W27/><G73/><T49/><D69/><U88/><E3/><V91/><F91/><W57/><G32/><T87/><D63/><U56/><E35/><V65/><F65/><W40/><G40/><N who="2" m="15433" /><F80/><W129/><G129/><T13/><D13/><U58/><E58/><V38/><F30/><W61/><G0/><T14/><D49/><U99/><E12/><V68/><F68/><W75/><G75/><T33/><D33/><U18/><REACH who="1" step="1"/><E103/><REACH who="1" ten="129,294,317,250" step="2"/><V34/><F34/><W94/><G116/><T64/><D14/><U46/><E46/><V54/><F26/><W124/><G124/><T7/><D64/><U96/><E96/><V47/><F47/><W130/><G130/><T6/><D134/><U84/><AGARI ba="0,1" hai="8,10,18,22,24,50,53,56,83,84,88,99,101,105" machi="84" ten="30,11700,0" yaku="1,1,0,1,52,1,54,1,53,0" doraHai="76" doraHaiUra="125" who="1" fromWho="1" sc="129,-39,294,127,317,-39,250,-39" /><INIT seed="5,1,0,5,5,77" ten="90,421,278,211" oya="1" hai0="2,92,130,129,133,9,33,56,15,24,61,30,32" hai1="49,26,114,42,63,66,82,51,13,4,131,45,11" hai2="38,119,81,35,90,21,7,79,121,67,128,48,86" hai3="31,29,19,44,127,65,110,118,6,96,103,52,53"/><U111/><E114/><V8/><F119/><W37/><G110/><T28/><D92/><U95/><E131/><N who="0" m="50185" /><D56/><U122/><E122/><V22/><F35/><N who="0" m="13386" /><D61/><U135/><E26/><V99/><F38/><W74/><G37/><T117/><D117/><U101/><E51/><V85/><F121/><W83/><G65/><T93/><D93/><U58/><E135/><V126/><F126/><W41/><G41/><T109/><D109/><U20/><E20/><V87/><F67/><W102/><G44/><T115/><D115/><U39/><E39/><V100/><F48/><W105/><G118/><T123/><D123/><U91/><E111/><V25/><F128/><W43/><G43/><T34/><D133/><U78/><E101/><V107/><F25/><W23/><G103/><T120/><D120/><U59/><E59/><V70/><F70/><W36/><G36/><T14/><D30/><U108/><E108/><V132/><F132/><W125/><G29/><T10/><D10/><U18/><E95/><V57/><F57/><W134/><G31/><T75/><D75/><U54/><E66/><V5/><F8/><W55/><G134/><T62/><D62/><U76/><E91/><V3/><F90/><W16/><G74/><T97/><D97/><U1/><E78/><V40/><F99/><W12/><G96/><T64/><D64/><U116/><E76/><V69/><F79/><W112/><G112/><T0/><D15/><U88/><E116/><V17/><F100/><W46/><G102/><T84/><D84/><N who="1" m="50199" /><E13/><N who="2" m="9391" /><F69/><W113/><G113/><T47/><D47/><U124/><E45/><RYUUKYOKU ba="1,0" sc="90,30,421,-10,278,-10,211,-10" hai0="0,2,9,14,24,28,34" /><INIT seed="6,2,0,1,1,10" ten="120,411,268,201" oya="2" hai0="90,100,11,119,64,22,131,128,127,82,72,130,46" hai1="99,36,113,109,134,21,20,59,80,115,112,74,48" hai2="105,132,27,14,101,12,37,29,9,83,26,94,19" hai3="44,81,71,103,16,33,69,38,125,78,114,18,120"/><V65/><F105/><W25/><G120/><T55/><D64/><U30/><E109/><V126/><F37/><W15/><G114/><T86/><D127/><U17/><E134/><V118/><F118/><W124/><G103/><T58/><D119/><U91/><E36/><V57/><F132/><W106/><G106/><T41/><D100/><U76/><E30/><V4/><F126/><N who="3" m="48747" /><G44/><T47/><D72/><U117/><E117/><V54/><F65/><W110/><G110/><T51/><D22/><U107/><E107/><V1/><F1/><W43/><G43/><T63/><D47/><U73/><E74/><V129/><F129/><W79/><G38/><T97/><D11/><U60/><E48/><V56/><F83/><W23/><G33/><T67/><REACH who="0" step="1"/><D97/><REACH who="0" ten="110,411,268,201" step="2"/><U121/><E99/><N who="2" m="59639" /><F29/><W111/><G111/><T75/><D75/><U28/><E73/><V104/><F104/><W116/><G116/><T6/><D6/><U133/><E133/><V35/><F35/><W123/><G123/><T88/><D88/><U135/><E91/><V5/><F5/><W8/><G78/><T52/><AGARI ba="2,1" hai="41,46,51,52,55,58,63,67,82,86,90,128,130,131" machi="52" ten="40,8000,1" yaku="1,1,0,1,19,1,54,1,53,0" doraHai="10" doraHaiUra="96" who="0" fromWho="0" sc="110,96,411,-22,268,-42,201,-22" /><INIT seed="7,0,0,2,2,87" ten="206,389,226,179" oya="3" hai0="47,110,45,93,96,36,84,86,64,125,81,127,27" hai1="34,7,130,85,42,128,112,62,15,94,8,60,58" hai2="99,73,39,117,50,55,107,91,54,129,38,120,1" hai3="90,32,37,16,3,76,33,122,28,52,26,29,92"/><W78/><G122/><T88/><D110/><U9/><E34/><V63/><F1/><W71/><G3/><T21/><D64/><U56/><E42/><V4/><F4/><W77/><G37/><T97/><D36/><U35/><E35/><V23/><F73/><W17/><G71/><T66/><D66/><U2/><E112/><V6/><F6/><W80/><G80/><T22/><D22/><U111/><E111/><V121/><F117/><W133/><G133/><T59/><D59/><N who="1" m="22571" /><E85/><V72/><F72/><W115/><G115/><T57/><D57/><U108/><E94/><V102/><F63/><W124/><G52/><T31/><D127/><U49/><E49/><V95/><F50/><W83/><G83/><T48/><D125/><U74/><E74/><V12/><F55/><W116/><G116/><T30/><D30/><U24/><E24/><V70/><F54/><W10/><G10/><T11/><D11/><U101/><E101/><V18/><F70/><W75/><G75/><T134/><D134/><U19/><E108/><V100/><F39/><W109/><G124/><T132/><D132/><U82/><E82/><V53/><F53/><W89/><G109/><T5/><D5/><U68/><E68/><V41/><F121/><W131/><G131/><AGARI ba="0,0" hai="2,7,8,9,15,19,60,62,128,130,131" m="22571" machi="131" ten="30,1000,0" yaku="19,1" doraHai="87" who="1" fromWho="3" sc="206,0,389,10,226,0,179,-10" owari="206,-19.4,399,49.9,226,2.6,169,-33.1" /></mjloggm>