<mjloggm ver="2.3"><GO type="169" lobby="0"/><UN n0="%E3%82%BF%E3%83%9E%E3%83%8D%E3%82%AE" n1="%E3%80%93%E5%AE%AE%E6%A3%AE%E3%81%82%E3%81%8A%E3%81%84%E3%80%93" n2="%68%75%69%68%75%69" n3="%E5%A4%A7%E5%9E%8B%E7%8A%AC" dan="18,18,16,16" rate="2287.22,2183.15,2103.30,2102.56" sx="M,M,M,M"/><TAIKYOKU oya="0"/><INIT seed="0,0,0,4,1,106" ten="250,250,250,250" oya="0" hai0="98,68,130,56,1,103,45,92,72,112,39,29,51" hai1="53,49,99,84,81,24,23,41,61,50,52,74,47" hai2="6,125,69,62,124,9,17,43,25,97,109,8,3" hai3="107,73,90,80,133,33,77,70,126,119,0,79,65"/><T48/><D112/><U46/><E99/><V87/><F43/><W116/><G126/><N who="2" m="48745" /><F97/><W59/><G133/><T100/><D68/><U54/><E74/><V4/><F87/><W95/><G33/><T122/><D122/><U63/><E41/><V31/><F62/><W13/><G0/><T78/><D1/><U117/><E54/><V40/><F40/><W7/><G70/><T14/><D130/><U85/><E117/><V16/><F69/><W36/><G36/><T115/><D39/><U12/><E12/><N who="2" m="5127" /><F109/><W66/><G79/><T60/><D29/><U57/><E57/><V64/><F64/><W113/><G107/><T19/><D115/><U26/><E23/><AGARI ba="0,0" hai="3,6,9,16,17,23,25,31" m="5127,48745" machi="23" ten="30,7700,0" yaku="18,1,34,2,54,1" doraHai="106" who="2" fromWho="1" sc="250,0,250,-77,250,77,250,0" /><INIT seed="1,0,0,1,4,63" ten="250,173,327,250" oya="1" hai0="80,4,17,75,51,24,42,107,103,115,22,48,128" hai1="15,81,52,1,131,98,57,53,49,54,89,88,59" hai2="118,13,70,100,0,12,76,34,106,79,39,66,90" hai3="133,101,72,97,119,36,69,132,27,77,95,102,127"/><U61/><E1/><V44/><F90/><W40/><G127/><T124/><D115/><U86/><E131/><V32/><F0/><W19/><G69/><T18/><D124/><U9/><E54/><V3/><F3/><W112/><G112/><T129/><D4/><U71/><E71/><V87/><F87/><W5/><G5/><T109/><D109/><U130/><E130/><N who="0" m="50281" /><D42/><U110/><E110/><V20/><F20/><N who="3" m="13727" /><G40/><T47/><D18/><N who="1" m="8559" /><E98/><V113/><F100/><N who="3" m="60479" /><G36/><T93/><D107/><U96/><E96/><V58/><F39/><W108/><G108/><T41/><D93/><U60/><E49/><V105/><F70/><W68/><G68/><T33/><D103/><U16/><E16/><V50/><F50/><W117/><G77/><AGARI ba="0,0" hai="52,53,57,59,60,61,77,81,86,88,89" m="8559" machi="77" ten="30,5800,0" yaku="8,1,54,2" doraHai="63" who="1" fromWho="3" sc="250,0,173,58,327,0,250,-58" /><INIT seed="1,1,0,0,4,41" ten="250,231,327,192" oya="1" hai0="83,51,99,24,28,32,84,50,111,93,119,33,98" hai1="130,34,54,94,92,113,77,87,57,102,80,105,129" hai2="3,63,27,71,127,53,38,96,85,11,134,120,125" hai3="59,0,78,20,67,79,47,39,104,45,22,88,81"/><U132/><E34/><V117/><F117/><W8/><G104/><T90/><D119/><U1/><E1/><V37/><F120/><W133/><G133/><T58/><D111/><U128/><E113/><V2/><F134/><W15/><G0/><T82/><D33/><U48/><REACH who="1" step="1"/><E132/><REACH who="1" ten="250,221,327,192" step="2"/><V4/><F2/><W6/><G39/><T13/><D32/><U56/><E56/><V9/><F37/><W44/><G59/><T123/><D58/><U89/><E89/><V23/><F38/><W49/><G67/><T75/><D90/><U110/><E110/><V118/><F118/><W65/><G65/><T19/><D123/><U46/><E46/><N who="3" m="18026" /><G88/><T36/><D36/><U17/><E17/><V107/><F3/><W29/><G29/><T7/><D19/><U121/><E121/><V122/><F122/><W70/><G70/><T12/><D28/><U114/><E114/><V126/><F126/><W86/><G79/><T55/><D7/><U43/><E43/><AGARI ba="1,1" hai="6,8,15,20,22,43,47,49,78,81,86" m="18026" machi="43" ten="30,12000,2" yaku="25,1,8,1,52,4" doraHai="41" who="3" fromWho="1" sc="250,0,221,-123,327,0,192,133" /><INIT seed="2,0,0,5,5,128" ten="250,98,327,325" oya="2" hai0="41,74,57,103,73,16,23,94,47,112,1,24,25" hai1="69,113,21,60,9,125,115,123,124,52,99,58,75" hai2="56,117,71,85,89,76,22,34,67,66,0,12,100" hai3="109,29,33,81,53,50,118,62,82,129,93,37,30"/><V26/><F117/><W105/><G118/><T36/><D112/><N who="1" m="43083" /><E75/><V121/><F0/><W6/><G105/><T17/><D1/><U130/><E21/><V43/><F121/><W54/><G37/><T108/><D108/><U51/><E99/><V13/><F34/><W92/><G129/><T40/><D103/><U3/><E9/><V2/><F71/><W132/><G6/><T84/><D41/><U28/><E28/><V131/><F76/><W15/><G15/><T126/><D126/><N who="1" m="48747" /><E3/><V44/><F2/><W27/><G27/><T106/><D106/><U91/><E91/><V135/><F100/><W63/><G50/><T45/><D94/><U18/><E18/><V61/><F12/><W79/><G79/><T64/><D84/><U107/><E107/><V90/><F13/><W97/><G97/><T20/><REACH who="0" step="1"/><D45/><REACH who="0" ten="240,98,327,325" step="2"/><N who="1" m="27759" /><E130/><V4/><F85/><W35/><G109/><T127/><D127/><U122/><E69/><V119/><F131/><W78/><G78/><T88/><D88/><U116/><E116/><V19/><F89/><W38/><G93/><T104/><D104/><U87/><E87/><V48/><F90/><W96/><G92/><T31/><D31/><U102/><E102/><V95/><F119/><W120/><G29/><T10/><D10/><U133/><E133/><V86/><F135/><W8/><G30/><T101/><D101/><U83/><E83/><V98/><F86/><W5/><G132/><T134/><D134/><U80/><E80/><V42/><F95/><W114/><G82/><T110/><D110/><U11/><E11/><V72/><F98/><RYUUKYOKU ba="0,1" sc="240,15,98,15,327,-15,325,-15" hai0="16,17,20,23,24,25,36,40,47,57,64,73,74" hai1="58,60,122,123" /><INIT seed="3,1,1,4,4,130" ten="255,113,312,310" oya="3" hai0="58,39,122,100,87,42,22,62,108,55,35,66,134" hai1="48,96,92,28,131,38,45,86,89,124,119,50,13" hai2="56,120,43,46,133,114,0,25,33,3,27,37,117" hai3="101,68,99,94,78,23,110,24,70,73,128,54,82"/><W113/><G113/><T74/><D35/><U4/><E131/><V53/><F117/><W31/><G128/><T12/><D74/><U19/><E119/><V115/><F120/><W76/><G110/><T118/><D118/><U65/><E124/><V7/><F7/><W97/><G78/><T15/><D122/><U106/><E28/><V109/><F109/><W105/><REACH who="3" step="1"/><G54/><REACH who="3" ten="255,113,312,300" step="2"/><T2/><D108/><U26/><E65/><V71/><F53/><W16/><G16/><T47/><D55/><U93/><E19/><V60/><F114/><W125/><G125/><T36/><D66/><U80/><E4/><V17/><F17/><W9/><G9/><T126/><D126/><U85/><E38/><V102/><F37/><W29/><G29/><T121/><D39/><U63/><E48/><V14/><F115/><W20/><G20/><T10/><D22/><U18/><E50/><V49/><F49/><W91/><AGARI ba="1,2" hai="23,24,31,68,70,73,76,82,91,94,97,99,101,105" machi="91" ten="20,3900,0" yaku="1,1,0,1,7,1,53,0" doraHai="130" doraHaiUra="123" who="3" fromWho="3" sc="255,-14,113,-14,312,-14,300,62" /><INIT seed="3,2,0,4,5,29" ten="241,99,298,362" oya="3" hai0="114,68,75,78,74,1,49,108,134,39,28,105,11" hai1="70,116,0,51,47,22,107,131,89,120,24,34,30" hai2="14,94,95,130,15,18,90,110,45,97,98,58,65" hai3="61,48,86,84,81,35,33,88,83,64,133,71,50"/><W123/><G123/><T111/><D39/><U44/><E120/><V41/><F110/><N who="0" m="42026" /><D68/><U40/><E70/><V99/><F130/><W101/><G101/><T25/><D105/><U5/><E107/><V32/><F32/><W87/><G133/><T27/><D134/><U36/><E131/><V37/><F14/><W19/><G19/><T102/><D102/><U52/><E116/><V106/><F106/><W73/><G73/><T117/><D117/><U115/><E115/><V13/><F13/><W85/><REACH who="3" step="1"/><G81/><REACH who="3" ten="241,99,298,352" step="2"/><T119/><D75/><U31/><E89/><V38/><F90/><W124/><G124/><T66/><D74/><U69/><E69/><V60/><REACH who="2" step="1"/><F37/><REACH who="2" ten="241,99,288,352" step="2"/><W46/><G46/><T79/><D119/><U17/><REACH who="1" step="1"/><E34/><AGARI ba="2,2" hai="33,34,35,48,50,61,64,71,83,84,85,86,87,88" machi="34" ten="40,24000,3" yaku="1,1,52,3,54,1,53,4" doraHai="29" doraHaiUra="80" who="3" fromWho="1" sc="241,0,99,-246,288,0,352,266" owari="241,-15.9,-147,-64.7,288,8.8,618,71.8" /></mjloggm>