<mjloggm ver="2.3"><GO type="169" lobby="0"/><UN n0="%E3%82%84%E3%81%BE%E6%82%A0%59%59%59%59" n1="%6E%61%67%61%69%6D%6F" n2="%E3%81%8B%E3%81%A3%E3%81%95%E3%83%BC" n3="%E3%81%95%E3%81%8F%E3%82%88%E3%81%93%E3%81%A1%E3%82%83%E3%82%93" dan="17,16,16,16" rate="2216.08,2139.26,2152.61,2057.08" sx="M,M,M,M"/><TAIKYOKU oya="0"/><INIT seed="0,0,0,5,0,1" ten="250,250,250,250" oya="0" hai0="14,121,47,115,114,22,112,52,132,75,109,61,46" hai1="69,36,107,33,21,34,84,6,91,40,17,45,103" hai2="15,96,50,85,9,19,42,122,11,68,94,86,83" hai3="37,53,134,3,90,49,56,2,73,93,55,128,10"/><T48/><D75/><U58/><E69/><V0/><F68/><W18/><G73/><T29/><D121/><U108/><E108/><V27/><F122/><W54/><G37/><T41/><D109/><U117/><E117/><V101/><F0/><W59/><G128/><T78/><D78/><U89/><E89/><V124/><F124/><W79/><G79/><T120/><D120/><U64/><E103/><V104/><F104/><W133/><G18/><T24/><D132/><N who="3" m="50793" /><G10/><T106/><D106/><U111/><E107/><V80/><F27/><W26/><G26/><T130/><D130/><U28/><E28/><V25/><F25/><W67/><G67/><T66/><D14/><U87/><E87/><N who="2" m="33291" /><F11/><W20/><G20/><T119/><D119/><U38/><E38/><V57/><F57/><N who="3" m="22091" /><G49/><T95/><D95/><U113/><E111/><V16/><F19/><W7/><G7/><T8/><D8/><U127/><E17/><V123/><F123/><W71/><G71/><T135/><D135/><U102/><E33/><V105/><F105/><W62/><G62/><T77/><D77/><U126/><E34/><V99/><F99/><AGARI ba="0,0" hai="2,3,53,54,55,90,93,99" m="22091,50793" machi="99" ten="30,1000,0" yaku="20,1" doraHai="1" who="3" fromWho="2" sc="250,0,250,0,250,-10,250,10" /><INIT seed="1,0,0,1,0,120" ten="250,250,240,260" oya="1" hai0="3,44,133,23,96,20,30,36,126,92,64,72,21" hai1="69,82,85,124,43,13,2,113,1,75,129,24,5" hai2="135,18,131,91,125,68,25,73,27,74,122,71,12" hai3="130,58,119,10,41,66,11,54,67,134,107,38,39"/><U109/><E113/><V84/><F122/><W97/><G130/><T83/><D133/><U22/><E75/><V8/><F131/><W63/><G134/><T14/><D126/><U49/><E69/><V121/><F121/><W78/><G119/><T79/><D64/><U112/><E112/><V65/><F135/><W108/><G78/><T34/><D3/><U103/><E103/><V105/><F105/><W55/><G107/><T104/><D104/><U59/><E124/><V42/><F125/><W70/><G97/><T98/><D98/><U102/><E102/><V57/><F42/><W94/><G94/><T51/><D36/><U50/><E50/><V7/><F74/><W101/><G58/><T19/><D34/><U80/><E80/><V46/><F46/><W29/><G29/><T62/><D62/><U48/><E48/><V100/><F73/><W99/><G99/><T118/><D30/><U26/><E129/><V16/><F100/><W110/><G101/><T53/><D118/><U127/><E127/><V47/><F47/><W87/><G87/><T88/><AGARI ba="0,0" hai="14,19,20,21,23,44,51,53,72,79,83,88,92,96" machi="88" ten="20,2700,0" yaku="0,1,7,1,54,1" doraHai="120" who="0" fromWho="0" sc="250,27,250,-13,240,-7,260,-7" /><INIT seed="2,0,0,1,0,62" ten="277,237,233,253" oya="2" hai0="45,69,27,94,39,111,23,66,108,43,59,96,132" hai1="82,1,127,0,41,121,16,28,78,21,57,35,107" hai2="80,54,131,102,13,75,97,9,48,86,114,77,24" hai3="130,58,60,51,61,25,113,91,74,47,123,56,11"/><V5/><F131/><W65/><G123/><T4/><D4/><U2/><E107/><V134/><F134/><W128/><G74/><T38/><D38/><U67/><E121/><V133/><F133/><W119/><G91/><T124/><D132/><U18/><E41/><V26/><F75/><W99/><G99/><T33/><D33/><U53/><E35/><V50/><F114/><W40/><G25/><T14/><D14/><U84/><E127/><V129/><F129/><N who="3" m="49771" /><G11/><T52/><D124/><U112/><E112/><V10/><F9/><W29/><G29/><T118/><D118/><U34/><E34/><V30/><F30/><W19/><G19/><T46/><D46/><U55/><E18/><V44/><REACH who="2" step="1"/><F50/><REACH who="2" ten="277,237,223,253" step="2"/><W90/><G113/><T63/><D23/><U17/><E28/><V126/><F126/><W98/><G119/><T103/><REACH who="0" step="1"/><D27/><REACH who="0" ten="267,237,223,253" step="2"/><U49/><E17/><V22/><F22/><W135/><G135/><T110/><D110/><U101/><E21/><V85/><F85/><W36/><G36/><T115/><D115/><U92/><E16/><V15/><F15/><W8/><G8/><T105/><D105/><AGARI ba="0,2" hai="5,10,13,24,26,44,48,54,77,80,86,97,102,105" machi="105" ten="30,5800,0" yaku="1,1,7,1,53,1" doraHai="62" doraHaiUra="81" who="2" fromWho="0" sc="267,-58,237,0,223,78,253,0" /><INIT seed="2,1,0,5,0,17" ten="209,237,301,253" oya="2" hai0="23,73,30,130,97,123,8,37,77,86,12,98,117" hai1="67,20,83,72,126,18,50,51,122,42,5,21,108" hai2="107,59,43,55,118,45,35,134,82,111,56,125,53" hai3="133,124,63,87,36,103,47,2,92,106,131,90,41"/><V40/><F107/><W100/><G131/><T112/><D123/><U34/><E34/><V68/><F35/><W25/><G2/><T99/><D112/><U38/><E5/><V121/><F121/><W74/><G74/><T85/><D37/><U104/><E104/><V120/><F120/><W26/><G124/><T84/><D130/><U95/><E122/><V32/><F32/><W10/><G133/><T135/><D135/><U114/><E114/><V93/><F68/><W113/><G113/><T58/><D117/><U4/><E4/><V48/><F134/><W15/><G63/><T29/><D58/><U0/><E0/><V128/><F128/><W129/><G129/><T89/><D89/><U102/><E18/><V44/><F118/><W81/><G106/><T75/><D77/><U46/><E67/><V69/><F69/><W31/><G81/><T49/><D49/><U88/><E102/><V54/><F125/><W13/><G13/><T7/><REACH who="0" step="1"/><D23/><REACH who="0" ten="199,237,301,253" step="2"/><N who="1" m="8779" /><E126/><V71/><F71/><W27/><REACH who="3" step="1"/><G31/><AGARI ba="1,1" hai="7,8,12,29,30,31,73,75,84,85,86,97,98,99" machi="31" ten="40,1300,0" yaku="1,1,53,0" doraHai="17" doraHaiUra="110" who="0" fromWho="3" sc="199,26,237,0,301,0,253,-16" /><INIT seed="3,0,0,5,0,43" ten="225,237,301,237" oya="3" hai0="53,122,98,9,78,118,58,57,25,86,6,123,84" hai1="41,44,18,31,68,49,54,94,62,134,28,32,82" hai2="128,119,59,35,111,48,2,67,38,8,21,17,103" hai3="102,93,106,116,109,85,11,45,80,81,75,5,65"/><W92/><G116/><T91/><D118/><U13/><E32/><V30/><F38/><W115/><G115/><T88/><D98/><U14/><E134/><V135/><F111/><W1/><G109/><T125/><D78/><U7/><E82/><V72/><F72/><W101/><G106/><T90/><D25/><U107/><E107/><V124/><F128/><W110/><G110/><T56/><D53/><U23/><E68/><V19/><F35/><W26/><G65/><T117/><D117/><U126/><E126/><V12/><F2/><W70/><G70/><T22/><D22/><U3/><E3/><V113/><F113/><W39/><G26/><T42/><D42/><U69/><E94/><V37/><F37/><W63/><G63/><T4/><D125/><U66/><REACH who="1" step="1"/><E41/><REACH who="1" ten="225,227,301,237" step="2"/><V64/><F135/><W71/><G92/><T95/><D95/><U36/><E36/><V15/><F124/><W100/><G93/><T51/><D51/><U16/><E16/><V50/><F19/><W76/><G71/><T131/><D131/><U77/><E77/><V133/><F17/><W130/><G130/><T96/><D96/><U40/><E40/><V60/><F50/><W129/><G129/><T52/><D4/><U132/><E132/><V108/><F48/><W24/><G102/><T27/><D6/><U99/><E99/><V0/><F103/><W46/><G39/><T127/><D127/><U74/><E74/><V83/><F108/><W104/><G104/><T73/><D73/><U87/><E87/><V47/><F133/><W34/><G85/><T120/><D84/><RYUUKYOKU ba="0,1" sc="225,-10,227,30,301,-10,237,-10" hai1="7,13,14,18,23,28,31,44,49,54,62,66,69" /><INIT seed="4,1,1,3,5,44" ten="215,257,291,227" oya="0" hai0="15,131,38,70,59,34,84,63,48,125,115,16,21" hai1="119,3,54,5,117,14,116,58,95,105,79,9,66" hai2="55,33,74,57,28,45,75,133,53,121,78,132,98" hai3="99,71,68,4,19,10,67,107,100,29,0,110,25"/><T104/><D34/><U32/><E32/><V47/><F121/><W118/><G110/><T35/><D35/><U26/><E105/><V120/><F120/><W50/><G118/><T101/><D38/><U1/><E26/><V134/><F78/><W82/><G67/><T103/><D115/><U40/><E66/><V93/><F28/><W124/><G124/><T102/><D125/><U18/><E18/><V109/><F33/><W76/><G19/><T123/><D123/><U87/><E87/><V24/><F24/><W31/><G50/><T126/><D126/><U51/><E79/><V27/><F27/><W62/><G62/><T94/><D70/><U89/><REACH who="1" step="1"/><E40/><REACH who="1" ten="215,247,291,227" step="2"/><V61/><F109/><W30/><REACH who="3" step="1"/><G25/><REACH who="3" ten="215,247,291,217" step="2"/><T130/><D104/><U113/><E113/><V36/><F133/><W8/><G8/><T13/><D131/><U6/><E6/><V83/><F132/><W60/><G60/><T73/><D130/><U39/><E39/><V11/><F134/><W111/><G111/><T80/><D63/><U72/><E72/><AGARI ba="1,3" hai="0,4,10,29,30,31,68,71,72,76,82,99,100,107" machi="72" ten="40,5200,0" yaku="1,1,53,2" doraHai="44" doraHaiUra="64" who="3" fromWho="1" sc="215,0,247,-55,291,0,217,85" /><INIT seed="5,0,0,5,3,58" ten="215,192,291,302" oya="1" hai0="94,15,32,82,51,24,122,101,87,85,63,13,6" hai1="52,36,78,48,1,4,35,33,107,120,115,71,110" hai2="75,59,56,74,76,96,17,25,18,116,5,11,46" hai3="130,67,135,3,55,30,90,49,97,42,21,2,66"/><U26/><E120/><V44/><F116/><W72/><G72/><T93/><D122/><U125/><E36/><V114/><F114/><W64/><G130/><T89/><D6/><U34/><E115/><V80/><F75/><W128/><G128/><T91/><D51/><U104/><E110/><V29/><F96/><W109/><G109/><T100/><D32/><U83/><E125/><V43/><F18/><W50/><G42/><T69/><D24/><U9/><E26/><V54/><F17/><W47/><G49/><T86/><D86/><U112/><E71/><V40/><F40/><W134/><G21/><T132/><D132/><N who="3" m="50729" /><G30/><T113/><D113/><U133/><E133/><V77/><F76/><W61/><G61/><T84/><D84/><U57/><REACH who="1" step="1"/><E112/><REACH who="1" ten="215,182,291,302" step="2"/><V38/><F25/><W22/><G22/><T124/><D124/><U65/><E65/><V127/><F127/><W98/><G66/><T70/><D82/><U118/><E118/><V0/><F29/><W19/><G64/><T129/><D129/><U31/><E31/><V88/><F38/><W103/><G67/><T62/><AGARI ba="0,1" hai="13,15,62,63,69,70,85,87,89,91,93,94,100,101" machi="62" ten="25,8000,1" yaku="0,1,22,2,52,2" doraHai="58" who="0" fromWho="0" sc="215,90,182,-40,291,-20,302,-20" /><INIT seed="6,0,0,0,0,103" ten="305,142,271,282" oya="2" hai0="75,115,99,94,12,72,16,128,105,110,5,84,81" hai1="131,127,44,107,100,40,114,29,9,124,53,83,92" hai2="0,102,39,59,118,35,6,42,117,4,11,31,63" hai3="130,67,30,71,69,73,120,80,47,70,104,46,55"/><V126/><F126/><W116/><G116/><T60/><D110/><U10/><E29/><V61/><F6/><W8/><G120/><T125/><D5/><U37/><E92/><V91/><F102/><W96/><G130/><T76/><D128/><U135/><E131/><V108/><F108/><W14/><G30/><T89/><D115/><U49/><E114/><V27/><F39/><W111/><G67/><T3/><D3/><U48/><E135/><V74/><F74/><W13/><G55/><T34/><D34/><U56/><E83/><V113/><F113/><W95/><G14/><T66/><D105/><U26/><E26/><V134/><F134/><W36/><G36/><T2/><D2/><U45/><E9/><V58/><F42/><W41/><G41/><T98/><D98/><U132/><E10/><V54/><REACH who="2" step="1"/><F91/><REACH who="2" ten="305,142,261,282" step="2"/><W68/><G73/><T15/><D125/><N who="1" m="48203" /><E132/><V24/><F24/><W106/><G111/><T38/><D38/><U62/><E100/><V77/><F77/><W17/><G13/><T86/><D12/><U123/><E123/><V122/><F122/><W121/><G121/><T133/><D133/><U25/><E25/><V21/><F21/><W20/><G20/><T18/><D72/><U52/><E107/><V22/><F22/><W33/><G106/><T78/><D78/><U32/><E32/><V88/><F88/><W64/><G33/><T97/><D75/><U119/><E119/><V7/><F7/><W43/><G104/><T19/><D15/><U28/><E28/><V50/><F50/><AGARI ba="0,1" hai="37,40,44,45,48,49,50,52,53,56,62" m="48203" machi="50" ten="30,7700,0" yaku="18,1,34,2,54,1" doraHai="103" who="1" fromWho="2" sc="305,0,142,87,261,-77,282,0" /><INIT seed="7,0,0,4,4,124" ten="305,229,184,282" oya="3" hai0="21,4,38,10,41,62,111,58,30,114,83,91,35" hai1="27,102,49,78,128,74,105,72,118,55,2,57,70" hai2="88,80,132,103,13,100,69,71,84,5,46,19,23" hai3="116,79,18,93,106,110,115,37,125,14,99,9,45"/><W113/><G116/><T54/><D35/><U122/><E118/><V97/><F132/><W129/><G125/><T66/><D111/><U56/><E2/><V126/><F126/><W65/><G110/><T64/><D114/><N who="3" m="43529" /><G79/><T107/><D107/><U1/><E1/><V28/><F5/><W48/><G65/><T108/><D108/><U42/><E122/><V44/><F103/><N who="3" m="60911" /><G106/><T26/><D41/><U133/><E133/><V31/><F71/><W121/><G37/><T77/><D38/><U29/><E70/><V12/><F69/><W36/><G36/><T8/><D91/><U6/><E42/><V25/><F12/><W52/><G121/><T43/><D43/><U32/><E105/><V135/><F135/><W130/><AGARI ba="0,0" hai="9,14,18,45,48,52,129,130" m="60911,43529" machi="130" ten="30,11700,0" yaku="15,1,52,2,54,1" doraHai="124" who="3" fromWho="3" sc="305,-39,229,-39,184,-39,282,117" owari="266,6.6,190,-21.0,145,-35.5,399,49.9" /></mjloggm>