<mjloggm ver="2.3"><GO type="169" lobby="0"/><UN n0="%E4%BA%8C%E6%8A%9E%E4%BA%BA" n1="%E5%B2%A9%E4%B8%8A%E9%80%9A%E3%82%8A" n2="%70%6F%6E%2D%65%6E" n3="%E4%BF%9D%E8%82%B2%E5%A3%AB" dan="16,16,16,16" rate="2036.94,2132.37,2208.58,2224.15" sx="F,M,F,M"/><TAIKYOKU oya="0"/><INIT seed="0,0,0,2,5,109" ten="250,250,250,250" oya="0" hai0="35,68,72,123,12,62,22,13,40,55,124,89,75" hai1="117,134,128,69,48,63,49,44,122,47,31,107,39" hai2="125,36,60,29,66,24,30,74,114,88,115,135,101" hai3="127,50,76,23,1,93,99,34,5,33,110,91,61"/><T41/><D35/><U59/><E107/><V77/><F36/><W8/><G110/><T119/><D119/><U64/><E31/><V70/><F125/><W15/><G127/><T126/><D68/><U112/><E117/><V27/><F135/><W80/><G61/><T97/><D123/><U82/><E82/><V113/><F101/><W106/><G106/><T26/><D62/><U43/><E122/><V10/><F10/><W54/><G23/><T131/><D55/><N who="1" m="32231" /><E128/><V95/><F77/><W3/><G34/><T58/><D58/><U133/><E112/><V105/><F74/><W84/><REACH who="3" step="1"/><G33/><REACH who="3" ten="250,250,250,240" step="2"/><T9/><D131/><U19/><E19/><V38/><F105/><W83/><G83/><T116/><D116/><U51/><E134/><V53/><F30/><W28/><G28/><T46/><D22/><U102/><E133/><V45/><F29/><W4/><G4/><T21/><D21/><U20/><E20/><V132/><F132/><W98/><G98/><T6/><D97/><U103/><E103/><V111/><F111/><W100/><G100/><T86/><D124/><U18/><E102/><V14/><F14/><W42/><G42/><T56/><D40/><N who="1" m="24711" /><E18/><V65/><F65/><W130/><G130/><T57/><D126/><U71/><E71/><V81/><F81/><W17/><G17/><T16/><D13/><U129/><E129/><V37/><F24/><W85/><G85/><T67/><D26/><U0/><E0/><V120/><F27/><W52/><G52/><T87/><D86/><U92/><E92/><V96/><F120/><W118/><G118/><RYUUKYOKU ba="0,1" sc="250,-30,250,10,250,10,240,10" hai1="39,43,47,51,63,64,69" hai2="37,38,45,53,60,66,70,88,95,96,113,114,115" hai3="1,3,5,8,15,50,54,76,80,84,91,93,99" /><INIT seed="1,1,1,3,0,133" ten="220,260,260,250" oya="1" hai0="120,44,38,58,84,89,130,62,10,24,12,39,19" hai1="7,56,18,65,21,32,118,22,25,115,11,49,1" hai2="30,43,51,63,37,96,59,95,99,122,92,121,52" hai3="134,47,74,82,27,129,57,67,119,112,0,80,106"/><U53/><E118/><V40/><F30/><W83/><G112/><T70/><D130/><U90/><E115/><V88/><F37/><W5/><G106/><T105/><D70/><U41/><E41/><V101/><REACH who="2" step="1"/><F63/><REACH who="2" ten="220,260,250,250" step="2"/><W100/><G119/><T94/><D120/><AGARI ba="1,2" hai="40,43,51,52,59,88,92,95,96,99,101,120,121,122" machi="120" ten="40,12000,2" yaku="1,1,2,1,54,2,53,3" doraHai="133" doraHaiUra="117" who="2" fromWho="0" sc="220,-123,260,0,250,143,250,0" /><INIT seed="2,0,0,5,2,126" ten="97,260,393,250" oya="2" hai0="121,127,6,68,130,97,89,69,41,13,66,113,28" hai1="94,37,32,81,125,76,23,11,108,116,132,73,35" hai2="99,95,8,19,33,39,133,30,64,78,93,21,119" hai3="87,90,122,83,26,54,42,15,5,2,31,48,18"/><V53/><F119/><W58/><G122/><T123/><D113/><U1/><E23/><V0/><F39/><W75/><G2/><T63/><D127/><U112/><E94/><V45/><F133/><W61/><G5/><T62/><D41/><U105/><E81/><V47/><F64/><W104/><G104/><T10/><D28/><U57/><E76/><V111/><F78/><W4/><G4/><T135/><D135/><U117/><E11/><V34/><F53/><W3/><G3/><T74/><D74/><U40/><E57/><V50/><F50/><W12/><G75/><T29/><D29/><U128/><E40/><V16/><F0/><W67/><G18/><T71/><D63/><U51/><E51/><V106/><F30/><W70/><REACH who="3" step="1"/><G42/><REACH who="3" ten="97,260,393,240" step="2"/><T25/><D123/><U14/><E117/><V49/><F16/><W103/><G103/><T100/><D121/><U60/><E14/><V82/><F19/><W84/><G84/><T72/><D72/><U131/><E125/><V88/><F106/><W22/><AGARI ba="0,1" hai="12,15,22,26,31,48,54,58,61,67,70,83,87,90" machi="22" ten="20,2700,0" yaku="1,1,0,1,7,1,53,0" doraHai="126" doraHaiUra="96" who="3" fromWho="3" sc="97,-7,260,-7,393,-13,240,37" /><INIT seed="3,0,0,3,0,99" ten="90,253,380,277" oya="3" hai0="95,34,86,15,72,43,0,7,126,46,87,88,27" hai1="20,8,1,121,33,28,106,12,57,83,123,129,9" hai2="24,18,53,81,66,2,23,45,111,82,135,76,93" hai3="125,40,48,69,44,22,21,17,41,80,11,4,122"/><W19/><G122/><T65/><D72/><U134/><E106/><V124/><F111/><W116/><G116/><T64/><D0/><U90/><E83/><V118/><F118/><W98/><G69/><T101/><D126/><U32/><E90/><V84/><F124/><W54/><G125/><T113/><D113/><U73/><E57/><V56/><F2/><W25/><G80/><T130/><D130/><U61/><E61/><V85/><F135/><W62/><G62/><T10/><D34/><U6/><E73/><V114/><F114/><W128/><G128/><T37/><D86/><U42/><E42/><V133/><F133/><W16/><G98/><T131/><D131/><U50/><E50/><V26/><F93/><W47/><G21/><T58/><D58/><U102/><E102/><V55/><F26/><W117/><G117/><T77/><D77/><U97/><E97/><V75/><F75/><W94/><G94/><T31/><REACH who="0" step="1"/><D101/><REACH who="0" ten="80,253,380,277" step="2"/><U112/><E129/><V74/><F74/><W108/><G108/><T78/><D78/><U13/><E134/><V79/><F45/><W92/><G92/><T36/><D36/><U68/><E112/><V115/><F115/><W52/><G47/><T70/><D70/><U127/><E68/><V100/><F100/><W103/><G103/><T109/><D109/><U63/><E127/><V96/><F96/><W49/><G40/><T35/><AGARI ba="0,1" hai="7,10,15,27,31,35,37,43,46,64,65,87,88,95" machi="35" ten="20,5200,0" yaku="1,1,0,1,7,1,54,1,53,0" doraHai="99" doraHaiUra="59" who="0" fromWho="0" sc="80,62,253,-13,380,-13,277,-26" /><INIT seed="4,0,0,4,0,81" ten="142,240,367,251" oya="0" hai0="128,125,133,130,119,111,21,57,50,2,100,67,12" hai1="80,11,13,14,114,110,18,25,29,93,48,26,115" hai2="77,101,123,134,58,95,31,85,4,17,20,0,33" hai3="121,23,45,61,120,118,86,96,131,37,38,8,76"/><T55/><D2/><U51/><E110/><V32/><F123/><W117/><G96/><T91/><D119/><U113/><E93/><V127/><F127/><W59/><G8/><T122/><D122/><N who="3" m="47209" /><G23/><T9/><D125/><U73/><E14/><V82/><F31/><W70/><G76/><T98/><D133/><U66/><E66/><V75/><F134/><W53/><G86/><T94/><D111/><U16/><E18/><V41/><F4/><W42/><G131/><N who="0" m="50219" /><D67/><U49/><E29/><V109/><F101/><W64/><G37/><T30/><D30/><U92/><E92/><V65/><F95/><W3/><G3/><T10/><D100/><U43/><E43/><V124/><F75/><W102/><G102/><T52/><D55/><U7/><E7/><V1/><F1/><W112/><G112/><T88/><D91/><U126/><E126/><V132/><F132/><W62/><AGARI ba="0,0" hai="38,42,45,53,59,61,62,64,70,117,118" m="47209" machi="62" ten="30,4000,0" yaku="13,1,34,2" doraHai="81" who="3" fromWho="3" sc="142,-20,240,-10,367,-10,251,40" /><INIT seed="5,0,0,0,4,101" ten="122,230,357,291" oya="1" hai0="125,115,51,35,84,74,1,120,30,16,9,10,67" hai1="133,37,56,4,43,60,66,94,2,80,127,27,83" hai2="87,82,126,50,12,65,88,53,36,6,128,42,64" hai3="61,121,59,28,46,123,79,18,100,104,44,97,117"/><U63/><E127/><V96/><F128/><W62/><G117/><T89/><D74/><U49/><E133/><V15/><F126/><W131/><G131/><T124/><D115/><U85/><E37/><V69/><F69/><W31/><G79/><T70/><D120/><U106/><E106/><V40/><F36/><W135/><G135/><T34/><D70/><U86/><E4/><V0/><F0/><W78/><G78/><T3/><D67/><N who="2" m="25674" /><F96/><W134/><G134/><T114/><D114/><U119/><E2/><V22/><F22/><W73/><G73/><T90/><D51/><U109/><E109/><V20/><F20/><W98/><G18/><T57/><D57/><U99/><E119/><V7/><F15/><W81/><G59/><T75/><D84/><N who="1" m="32363" /><E27/><V132/><F132/><W116/><G100/><T29/><REACH who="0" step="1"/><D16/><REACH who="0" ten="112,230,357,291" step="2"/><U71/><E71/><V55/><F50/><W93/><G116/><T108/><D108/><U76/><E63/><V23/><F7/><W13/><G123/><T95/><D95/><U19/><E19/><N who="2" m="10727" /><F6/><W47/><G121/><T33/><D33/><U11/><E11/><V54/><AGARI ba="0,1" hai="40,42,53,54,55,82,87,88" m="10727,25674" machi="54" ten="30,2000,0" yaku="8,1,54,1" doraHai="101" who="2" fromWho="2" sc="112,-5,230,-10,357,30,291,-5" /><INIT seed="6,0,0,5,5,135" ten="107,220,387,286" oya="2" hai0="4,9,28,42,107,128,83,39,24,104,27,133,33" hai1="68,110,85,74,49,56,46,78,80,126,48,92,5" hai2="69,72,47,114,86,98,113,45,70,65,132,130,55" hai3="134,13,125,32,36,10,129,37,116,64,54,75,71"/><V3/><F72/><W97/><G116/><T62/><D133/><U57/><E68/><V118/><F3/><W60/><G134/><T121/><D121/><U102/><E110/><V89/><F98/><W90/><G75/><T20/><D128/><U105/><E49/><V101/><F101/><W15/><G32/><T131/><D131/><U63/><E63/><V99/><F99/><W67/><G129/><T16/><D62/><U58/><E5/><V23/><F130/><W94/><G67/><T12/><D39/><U111/><E111/><V35/><F35/><W6/><G125/><T43/><D43/><U52/><E105/><V2/><F2/><W21/><G54/><T66/><D66/><U31/><E31/><V8/><F118/><W14/><REACH who="3" step="1"/><G21/><REACH who="3" ten="107,220,387,276" step="2"/><T112/><D42/><U26/><E126/><V79/><F23/><W109/><G109/><T106/><D112/><U19/><E74/><V25/><F55/><W53/><G53/><T11/><D11/><U73/><E73/><V88/><F8/><W115/><G115/><T1/><REACH who="0" step="1"/><D83/><REACH who="0" ten="97,220,387,276" step="2"/><U40/><E40/><V17/><F65/><W51/><G51/><T84/><D84/><U76/><E80/><V93/><F132/><W59/><G59/><T120/><D120/><U22/><E85/><V124/><F86/><W18/><G18/><T117/><D117/><U91/><E58/><V77/><F113/><W29/><G29/><T41/><D41/><U119/><E57/><V127/><F114/><W30/><G30/><T108/><D108/><U7/><E56/><V100/><F127/><W44/><G44/><RYUUKYOKU ba="0,2" sc="97,15,220,-15,387,-15,276,15" hai0="1,4,9,12,16,20,24,27,28,33,104,106,107" hai3="6,10,13,14,15,36,37,60,64,71,90,94,97" /><INIT seed="7,1,2,3,0,117" ten="112,205,372,291" oya="3" hai0="48,88,101,60,126,39,134,86,40,49,75,21,120" hai1="19,104,32,121,37,94,96,70,18,125,69,122,9" hai2="106,110,108,61,28,67,56,42,100,102,44,97,81" hai3="27,103,77,98,10,17,15,12,109,87,54,135,73"/><W111/><G73/><T23/><D75/><U79/><E104/><V38/><F100/><W132/><G54/><T72/><D72/><U115/><E32/><V95/><F81/><N who="3" m="47535" /><G12/><T128/><D128/><U63/><E37/><V5/><F106/><N who="3" m="63863" /><G27/><T3/><D3/><U71/><E79/><V65/><F65/><W25/><G25/><T114/><D134/><AGARI ba="1,2" hai="10,15,17,109,111,132,134,135" m="63863,47535" machi="134" ten="30,1500,0" yaku="20,1" doraHai="117" who="3" fromWho="0" sc="112,-18,205,0,372,0,291,38" /><INIT seed="7,2,0,5,4,45" ten="94,205,372,329" oya="3" hai0="17,6,47,37,0,124,15,106,12,88,35,41,120" hai1="40,21,70,75,113,59,10,39,129,114,97,105,73" hai2="86,61,20,23,30,62,64,5,36,89,8,56,132" hai3="33,52,109,123,111,100,126,57,7,101,2,125,44"/><W85/><G123/><T74/><D120/><U55/><E70/><V25/><F132/><W133/><G33/><T43/><D124/><N who="3" m="47721" /><G133/><T66/><D106/><U11/><E129/><V34/><F61/><W115/><G115/><T107/><D107/><U99/><E40/><V26/><F36/><W95/><G44/><T130/><D130/><U67/><E39/><V27/><F34/><W54/><G7/><T104/><D104/><U49/><E67/><V46/><F46/><W76/><G2/><T71/><D41/><U103/><E21/><V60/><F60/><N who="3" m="35879" /><G54/><T18/><D35/><U83/><E99/><V110/><F110/><N who="3" m="41995" /><G76/><T69/><D66/><U19/><E114/><V1/><REACH who="2" step="1"/><F30/><REACH who="2" ten="94,205,362,329" step="2"/><W4/><G4/><T22/><D6/><U112/><E113/><V127/><F127/><W96/><G85/><T29/><D74/><U53/><E112/><V93/><AGARI ba="2,1" hai="1,5,8,20,23,25,26,27,56,62,64,86,89,93" machi="93" ten="30,2000,0" yaku="1,1,0,1,53,0" doraHai="45" doraHaiUra="102" who="2" fromWho="2" sc="94,-7,205,-7,362,36,329,-12" owari="87,-41.3,198,-20.2,398,49.8,317,11.7" /></mjloggm>