<mjloggm ver="2.3"><GO type="169" lobby="0"/><UN n0="%E3%81%93%E3%81%9A" n1="%E8%91%B5%E3%81%A1%E3%82%83%E3%82%93" n2="%E3%81%97%E3%82%83%E3%82%93%E3%81%8A%E3%81%98" n3="%E9%B3%B4%E8%8C%B6" dan="17,18,17,16" rate="2223.40,2215.22,2182.10,2163.67" sx="M,F,F,M"/><TAIKYOKU oya="0"/><INIT seed="0,0,0,1,3,14" ten="250,250,250,250" oya="0" hai0="5,28,77,75,54,95,1,106,46,76,36,49,15" hai1="6,121,42,68,59,83,52,12,56,73,62,120,27" hai2="16,97,109,96,20,61,60,78,118,89,79,98,99" hai3="93,39,102,32,23,103,43,53,44,107,115,135,55"/><T129/><D106/><U19/><E68/><V38/><F38/><W69/><G115/><T111/><D1/><U70/><E70/><V8/><F109/><W123/><G107/><T24/><D111/><U87/><E73/><V17/><F118/><W122/><G32/><T82/><D129/><U22/><E42/><V126/><F126/><W9/><G69/><T10/><D36/><U133/><E133/><V124/><F124/><W92/><G135/><T116/><D77/><N who="2" m="29194" /><F8/><W21/><G9/><T30/><D116/><U35/><E59/><V72/><F72/><W80/><G80/><T4/><D4/><U45/><E45/><V50/><F50/><W86/><G86/><T18/><REACH who="0" step="1"/><D95/><REACH who="0" ten="240,250,250,250" step="2"/><U94/><E94/><N who="2" m="56399" /><F17/><W125/><G39/><T67/><D67/><U66/><E66/><V11/><F11/><W132/><G125/><T47/><D47/><U113/><E6/><V0/><F0/><W112/><G44/><T26/><D26/><AGARI ba="0,1" hai="16,20,26,60,61,97,98,99" m="56399,29194" machi="26" ten="30,3900,0" yaku="8,1,52,1,54,1" doraHai="14" who="2" fromWho="0" sc="240,-39,250,0,250,49,250,0" /><INIT seed="1,0,0,4,1,17" ten="201,250,299,250" oya="1" hai0="39,90,91,60,85,111,59,38,102,120,6,35,108" hai1="44,132,57,50,22,27,56,66,0,73,75,68,128" hai2="1,30,95,3,106,42,122,43,107,127,121,31,98" hai3="48,18,46,109,12,116,99,10,96,49,79,125,65"/><U135/><E0/><V117/><F95/><W5/><G109/><N who="0" m="42059" /><D35/><U101/><E101/><V34/><F34/><W62/><G125/><T114/><D114/><U14/><E14/><V123/><F98/><W20/><G79/><T134/><D102/><U118/><E118/><V33/><F33/><W100/><G116/><T37/><D134/><N who="1" m="51243" /><E68/><V83/><F83/><W82/><G82/><T21/><D120/><U74/><E66/><V7/><F117/><W25/><G46/><T81/><D6/><U92/><E92/><V105/><F7/><W133/><G133/><T124/><D124/><U94/><E94/><V119/><F127/><W36/><G36/><T130/><D130/><U97/><E97/><V80/><F80/><W86/><G86/><T13/><D91/><U78/><E78/><V115/><F115/><W40/><G40/><N who="2" m="15401" /><F119/><W47/><G47/><T52/><D13/><U126/><E128/><V23/><F23/><AGARI ba="0,0" hai="21,23,37,38,39,52,59,60,81,85,90" m="42059" machi="23" ten="40,8000,1" yaku="14,1,52,2,54,1" doraHai="17" who="0" fromWho="2" sc="201,80,250,0,299,-80,250,0" /><INIT seed="2,0,0,2,1,95" ten="281,250,219,250" oya="2" hai0="67,3,133,87,131,59,113,21,109,126,22,83,7" hai1="127,102,66,81,9,124,130,2,84,0,117,56,77" hai2="72,52,89,16,13,57,29,61,1,46,85,79,76" hai3="47,64,60,34,50,63,82,38,96,101,5,45,55"/><V108/><F1/><W28/><G82/><T41/><D113/><U39/><E39/><V65/><F72/><W33/><G5/><T31/><D126/><N who="1" m="48171" /><E117/><V116/><F29/><W10/><G10/><T112/><D112/><U43/><E43/><V80/><F108/><W35/><G28/><T23/><D133/><U107/><E130/><V100/><F100/><W125/><G125/><T15/><D131/><U122/><E122/><V40/><F116/><W49/><G38/><T32/><D41/><U86/><E9/><N who="2" m="6191" /><F40/><W115/><G115/><T37/><D37/><U114/><E114/><V129/><F129/><W93/><REACH who="3" step="1"/><G64/><REACH who="3" ten="281,250,219,240" step="2"/><T120/><D67/><U4/><E4/><V20/><F20/><W118/><G118/><T104/><D7/><U103/><E2/><V74/><F74/><W121/><G121/><T92/><D31/><U128/><E0/><V119/><F119/><W110/><G110/><T6/><D3/><U111/><E111/><V30/><F30/><W71/><G71/><T69/><D69/><U68/><E68/><V78/><F78/><W99/><G99/><T70/><D70/><U105/><E128/><V135/><F135/><W91/><G91/><T8/><D8/><U17/><E77/><V48/><AGARI ba="0,1" hai="46,48,52,57,61,65,76,79,80,85,89" m="6191" machi="48" ten="30,11700,0" yaku="25,1,8,1,54,2" doraHai="95" who="2" fromWho="2" sc="281,-39,250,-39,219,127,240,-39" /><INIT seed="2,1,0,5,0,55" ten="242,211,346,201" oya="2" hai0="75,14,24,90,120,77,111,52,78,133,1,46,69" hai1="11,109,16,59,92,73,34,131,110,135,48,27,86" hai2="122,76,37,105,80,42,47,6,12,93,125,66,67" hai3="64,22,72,84,95,33,5,104,74,44,51,130,127"/><V81/><F105/><W58/><G33/><T96/><D120/><U8/><E73/><V9/><F122/><W103/><G130/><T126/><D1/><U101/><E131/><V71/><F125/><W119/><G119/><T106/><D69/><U83/><E135/><V108/><F108/><N who="1" m="41577" /><E92/><V26/><F71/><W116/><G116/><T32/><D111/><U88/><E101/><V100/><F26/><W41/><G127/><T98/><D126/><U68/><E68/><V123/><F123/><W17/><G5/><T18/><D133/><U2/><E2/><V31/><F31/><W113/><G104/><T57/><D46/><U102/><E102/><V21/><F21/><W124/><G124/><T132/><D132/><U4/><E4/><V13/><F13/><W29/><G29/><T19/><D75/><U50/><E34/><V118/><F118/><W87/><G74/><T117/><D106/><U65/><E8/><V20/><F20/><W79/><G72/><T38/><D38/><U53/><E65/><V3/><F3/><W128/><G128/><T10/><D117/><U63/><E27/><V112/><F112/><W15/><G113/><T94/><D98/><U89/><E89/><V82/><F76/><W114/><G79/><T99/><D96/><U70/><E70/><V62/><F100/><W115/><G114/><T25/><D32/><U7/><E7/><V60/><F93/><W107/><G107/><T121/><D121/><U129/><E129/><V39/><F39/><W49/><G115/><T40/><D78/><U91/><E91/><V61/><AGARI ba="1,0" hai="6,9,12,37,42,47,60,61,62,66,67,80,81,82" machi="61" ten="30,3000,0" yaku="5,1,0,1" doraHai="55" who="2" fromWho="2" sc="242,-11,211,-11,346,33,201,-11" /><INIT seed="2,2,0,1,4,103" ten="231,200,379,190" oya="2" hai0="65,88,129,59,117,98,61,7,35,13,56,44,132" hai1="30,122,113,27,52,114,125,63,29,68,135,109,104" hai2="33,15,102,43,118,42,69,14,45,108,58,71,83" hai3="73,126,81,112,78,76,31,77,72,10,87,64,8"/><V2/><F2/><W12/><G126/><T84/><D129/><U79/><E125/><V34/><F102/><W96/><G112/><T37/><D132/><U128/><E135/><V21/><F58/><W101/><G64/><T85/><D117/><U80/><E80/><V20/><F83/><W66/><G66/><T4/><D35/><U131/><E79/><V36/><F45/><W124/><G124/><T48/><D59/><N who="1" m="35303" /><E68/><V49/><F49/><W86/><G31/><N who="1" m="11786" /><E27/><V92/><F92/><W107/><G86/><N who="0" m="33387" /><D13/><U105/><E109/><V0/><F108/><W47/><G47/><T95/><D37/><U82/><E82/><V116/><REACH who="2" step="1"/><F0/><REACH who="2" ten="231,200,369,190" step="2"/><W119/><G119/><T18/><D18/><U57/><E57/><V91/><F91/><W17/><REACH who="3" step="1"/><G8/><REACH who="3" ten="231,200,369,180" step="2"/><T90/><D90/><AGARI ba="2,2" hai="10,12,17,72,73,76,77,78,81,87,90,96,101,107" machi="90" ten="40,8000,1" yaku="1,1,2,1,52,1,53,1" doraHai="103" doraHaiUra="5" who="3" fromWho="0" sc="231,-86,200,0,369,0,180,106" /><INIT seed="3,0,0,1,3,90" ten="145,200,369,286" oya="3" hai0="102,40,109,63,67,99,19,123,46,75,58,47,43" hai1="84,36,83,85,72,35,49,53,122,64,13,96,21" hai2="135,78,20,133,121,98,97,16,69,132,55,119,112" hai3="94,105,39,126,71,59,103,107,89,120,33,124,80"/><W52/><G120/><T12/><D123/><U50/><E122/><V11/><F112/><W9/><G39/><T95/><D109/><U81/><E35/><V22/><F119/><W42/><G42/><T100/><D75/><U23/><E36/><V68/><F78/><W128/><G33/><T129/><D129/><U57/><E72/><V10/><F55/><W4/><G71/><N who="2" m="27209" /><F121/><W44/><G44/><N who="0" m="16939" /><D102/><U0/><E0/><V60/><F60/><N who="3" m="35943" /><G103/><T17/><D17/><U32/><E32/><V106/><F106/><W25/><G128/><T101/><D100/><U88/><E64/><V56/><F56/><W48/><G48/><T15/><D15/><U92/><E49/><V114/><F114/><W87/><G25/><T79/><D79/><N who="1" m="46143" /><E13/><N who="2" m="9231" /><F22/><AGARI ba="0,0" hai="12,19,22,40,43,58,63,67,95,99,101" m="16939" machi="22" ten="30,2000,0" yaku="8,1,52,1" doraHai="90" who="0" fromWho="2" sc="145,20,200,0,369,-20,286,0" /><INIT seed="4,0,0,0,2,59" ten="165,200,349,286" oya="0" hai0="77,67,13,9,88,51,94,4,93,92,71,40,82" hai1="45,102,50,49,80,113,99,118,119,53,126,96,89" hai2="36,103,73,120,39,23,133,132,79,57,127,124,74" hai3="22,85,122,134,129,76,7,72,116,8,35,75,47"/><T117/><D117/><U60/><E126/><N who="2" m="48171" /><F120/><W111/><G116/><T97/><D71/><U38/><E38/><N who="2" m="14379" /><F103/><W44/><G35/><T31/><D31/><U43/><E113/><V107/><F107/><W56/><G111/><T87/><REACH who="0" step="1"/><D67/><REACH who="0" ten="155,200,349,286" step="2"/><U46/><E119/><V114/><F114/><W106/><G122/><T125/><D125/><U1/><E118/><V83/><F132/><W48/><G134/><T100/><D100/><U62/><E1/><V0/><F133/><W135/><G135/><T52/><D52/><U131/><E131/><V104/><F0/><W86/><G129/><T110/><D110/><U130/><E130/><V70/><F70/><W98/><G106/><T61/><D61/><N who="1" m="23659" /><E102/><V15/><F104/><W2/><G2/><T33/><D33/><U19/><E19/><N who="2" m="10751" /><F57/><W12/><G56/><T11/><D11/><U128/><E128/><V41/><F41/><W10/><G8/><T28/><D28/><U55/><E43/><V105/><F105/><W24/><G10/><T29/><D29/><U81/><E99/><V63/><F63/><W26/><G98/><T27/><D27/><U68/><E68/><V108/><F108/><W17/><G26/><T34/><D34/><U30/><E30/><V14/><F14/><W37/><G24/><T18/><D18/><U21/><E21/><V78/><F73/><W6/><G12/><T95/><D95/><AGARI ba="0,1" hai="45,46,49,50,53,55,80,81,89,95,96" m="23659" machi="95" ten="30,7700,0" yaku="8,1,52,3" doraHai="59" who="1" fromWho="0" sc="155,-77,200,87,349,0,286,0" /><INIT seed="5,0,0,2,1,12" ten="78,287,349,286" oya="1" hai0="115,96,80,128,88,105,17,14,38,77,110,97,111" hai1="31,44,100,112,93,11,59,129,29,117,35,131,36" hai2="34,49,83,61,123,94,84,102,66,113,106,122,120" hai3="118,54,10,23,4,134,26,63,39,68,5,62,119"/><U48/><E117/><N who="3" m="44554" /><G134/><T37/><D115/><U71/><E71/><V50/><F34/><W55/><G39/><T21/><D128/><N who="1" m="49227" /><E112/><V108/><F106/><W33/><G33/><T126/><D126/><U52/><E11/><V87/><F108/><W135/><G135/><T30/><D30/><N who="1" m="11275" /><E35/><V53/><F113/><W28/><G5/><T82/><D38/><U101/><E93/><V99/><F53/><N who="3" m="19979" /><G68/><T79/><D37/><U78/><E78/><V114/><F114/><W7/><G7/><T109/><D105/><U57/><E57/><V1/><F1/><AGARI ba="0,0" hai="1,4,10,23,26,28,62,63" m="19979,44554" machi="1" ten="30,1000,0" yaku="12,1" doraHai="12" who="3" fromWho="2" sc="78,0,287,0,349,-10,286,10" /><INIT seed="6,0,0,5,1,74" ten="78,287,339,296" oya="2" hai0="36,27,15,120,21,61,59,75,66,60,31,58,102" hai1="81,33,89,48,99,68,78,96,65,4,88,92,131" hai2="111,124,26,56,54,77,73,23,64,11,95,18,22" hai3="108,50,49,10,35,114,71,46,106,44,8,42,20"/><V70/><F124/><W132/><G108/><T55/><D120/><U126/><E33/><V17/><F111/><W116/><G116/><T98/><D36/><U12/><E126/><V121/><F121/><W45/><G35/><T67/><D75/><U39/><E39/><V62/><F11/><W123/><G123/><T13/><REACH who="0" step="1"/><D55/><REACH who="0" ten="68,287,339,296" step="2"/><U63/><E131/><V110/><F110/><W30/><G42/><T1/><D1/><U52/><E52/><V28/><F73/><W5/><G132/><T87/><D87/><U118/><E118/><V117/><F117/><W29/><G114/><T125/><D125/><U43/><E43/><V3/><F3/><W84/><G84/><T2/><D2/><U83/><E48/><V113/><F113/><W51/><G44/><T103/><D103/><U104/><E99/><V90/><F54/><W19/><G45/><T80/><D80/><U0/><E83/><V135/><F135/><W101/><G50/><T133/><D133/><U69/><E0/><V94/><F62/><W128/><G101/><T7/><D7/><U86/><E63/><V72/><F72/><W25/><G5/><T134/><D134/><U53/><E53/><V105/><F64/><W38/><G51/><T100/><D100/><U82/><E65/><V57/><F17/><W112/><G19/><T6/><D6/><U47/><E47/><V41/><F18/><W91/><G49/><T37/><D37/><U14/><E4/><V115/><F41/><W40/><G46/><T76/><D76/><U24/><E78/><V9/><F115/><W79/><G40/><RYUUKYOKU ba="0,1" sc="68,30,287,-10,339,-10,296,-10" hai0="13,15,21,27,31,58,59,60,61,66,67,98,102" /><INIT seed="7,1,1,4,0,58" ten="98,277,329,286" oya="3" hai0="3,47,75,70,103,130,72,133,7,82,42,62,54" hai1="111,44,10,116,57,1,23,84,37,34,94,38,90" hai2="39,73,121,80,18,68,76,135,22,9,55,99,21" hai3="43,26,126,117,14,40,13,114,83,108,129,28,8"/><W128/><G117/><T131/><D103/><U112/><E111/><V127/><F39/><W86/><G108/><T49/><D133/><U52/><E34/><V53/><F68/><W60/><G114/><T36/><D75/><U65/><E112/><V109/><F109/><W113/><G113/><T41/><D3/><U120/><E120/><V11/><F121/><W64/><G126/><T16/><D7/><U87/><E116/><V20/><F127/><W17/><G14/><T5/><D5/><U25/><E1/><V74/><F74/><W123/><G123/><T81/><D72/><U31/><E10/><V33/><F33/><W32/><G43/><T51/><D82/><U119/><E119/><V118/><F118/><W59/><REACH who="3" step="1"/><G40/><REACH who="3" ten="98,277,329,276" step="2"/><T30/><D30/><U6/><E6/><V24/><F135/><W106/><G106/><T100/><D42/><U92/><E38/><V0/><F0/><W97/><G97/><T56/><D81/><U67/><E37/><V132/><F99/><W101/><G101/><T115/><D100/><U2/><E2/><V46/><F132/><W35/><G35/><T69/><D115/><U19/><E31/><V45/><F24/><W122/><G122/><T50/><REACH who="0" step="1"/><D16/><REACH who="0" ten="88,277,329,276" step="2"/><U96/><E19/><V79/><F18/><W77/><AGARI ba="1,3" hai="8,13,17,26,28,32,59,60,64,77,83,86,128,129" machi="77" ten="30,6000,0" yaku="1,1,0,1,52,1,53,0" doraHai="58" doraHaiUra="93" who="3" fromWho="3" sc="88,-21,277,-21,329,-21,276,93" owari="67,-43.3,256,-14.4,308,10.8,369,46.9" /></mjloggm>