<mjloggm ver="2.3"><GO type="169" lobby="0"/><UN n0="%E6%B2%B3%E7%AB%A5%E3%81%AE%E3%83%AF%E3%82%AB%E3%83%9E%E3%83%84" n1="%E3%81%95%E3%81%8F%E3%82%88%E3%81%93%E3%81%A1%E3%82%83%E3%82%93" n2="%48%41%43%4F" n3="%E6%8C%91%E6%88%A6%E8%80%85%EF%BC%81" dan="17,16,16,17" rate="2182.86,2061.98,2070.06,2182.58" sx="M,M,M,M"/><TAIKYOKU oya="0"/><INIT seed="0,0,0,3,1,40" ten="250,250,250,250" oya="0" hai0="112,102,120,105,118,36,49,2,63,8,114,73,21" hai1="119,134,103,37,84,125,5,17,130,3,81,124,109" hai2="9,121,23,61,106,82,111,96,75,19,126,91,42" hai3="123,135,51,26,80,31,89,133,66,122,110,27,69"/><T115/><D118/><U12/><E119/><V86/><F111/><W108/><G66/><T76/><D120/><N who="3" m="46121" /><G69/><T52/><D36/><U100/><E109/><N who="3" m="42090" /><G80/><T60/><D21/><U41/><E130/><V13/><F126/><N who="1" m="48745" /><E5/><V54/><F75/><W4/><G89/><T43/><D43/><U32/><E32/><V57/><F121/><W129/><G129/><T128/><D128/><U34/><E34/><V18/><F106/><W94/><G94/><T0/><D76/><N who="1" m="46119" /><E3/><V74/><F42/><W88/><G88/><T20/><D73/><U58/><E134/><N who="3" m="51210" /><G51/><T30/><D105/><U59/><E37/><V107/><F107/><W98/><G98/><T67/><D63/><U92/><E41/><V87/><F74/><W29/><G4/><T116/><D60/><U50/><E50/><V11/><F96/><W6/><G6/><T68/><D68/><U10/><E103/><V132/><F86/><W131/><G131/><T39/><D102/><U14/><E100/><V72/><F72/><W77/><G77/><T78/><D78/><U85/><E92/><V35/><F132/><W83/><G83/><T97/><D97/><U104/><E104/><V15/><REACH who="2" step="1"/><F35/><REACH who="2" ten="250,250,240,250" step="2"/><W33/><G33/><T28/><D116/><U101/><E85/><V90/><F90/><W71/><G71/><T117/><D117/><U48/><E101/><V1/><F1/><W64/><G64/><T47/><D0/><U22/><E48/><V38/><F38/><W127/><G127/><T56/><D39/><U62/><E62/><V95/><F95/><W24/><AGARI ba="0,1" hai="24,26,27,29,31" m="51210,42090,46121" machi="24" ten="40,12000,2" yaku="28,2,13,1,14,1,20,1,34,2" doraHai="40" who="3" fromWho="3" sc="250,-60,250,-30,240,-30,250,130" /><INIT seed="1,0,0,0,0,11" ten="190,220,210,380" oya="1" hai0="65,9,55,74,121,110,82,67,1,17,97,71,134" hai1="27,95,57,72,39,29,84,79,52,94,127,62,2" hai2="32,124,24,56,44,122,86,111,102,109,89,99,66" hai3="23,123,61,133,115,26,46,15,87,107,19,116,83"/><U100/><E127/><V48/><F122/><W92/><G123/><T50/><D121/><U91/><E2/><V21/><F124/><W114/><G107/><T58/><D110/><U101/><E39/><V75/><F75/><W20/><G133/><T53/><D134/><U104/><E104/><V135/><F135/><W30/><G116/><T12/><D71/><U96/><E72/><V5/><F32/><W117/><G117/><T31/><D1/><U13/><E13/><V126/><F5/><W51/><G61/><T45/><D31/><U129/><E129/><V3/><F3/><W103/><G92/><T85/><D97/><U60/><E60/><V63/><F126/><W59/><G59/><T35/><D35/><U43/><E43/><V128/><F128/><W118/><G103/><T106/><D74/><U6/><E6/><V93/><F44/><W88/><REACH who="3" step="1"/><G118/><REACH who="3" ten="190,220,210,370" step="2"/><T18/><D106/><U10/><E101/><V49/><F109/><W25/><G25/><T98/><D98/><U34/><E100/><V4/><F111/><W8/><G8/><T90/><D17/><U120/><E10/><V78/><F4/><W14/><G14/><T132/><D132/><U73/><E120/><V105/><REACH who="2" step="1"/><F78/><REACH who="2" ten="190,220,200,370" step="2"/><W68/><G68/><T130/><REACH who="0" step="1"/><D130/><REACH who="0" ten="180,220,200,370" step="2"/><U47/><E79/><V80/><F80/><W42/><AGARI ba="0,3" hai="15,19,20,23,26,30,42,46,51,83,87,88,114,115" machi="42" ten="20,8000,1" yaku="1,1,0,1,7,1,52,1,54,1,53,0" doraHai="11" doraHaiUra="119" who="3" fromWho="3" sc="180,-20,220,-40,200,-20,370,110" /><INIT seed="2,0,0,3,4,65" ten="160,180,180,480" oya="2" hai0="55,74,56,121,133,19,135,39,125,72,117,83,34" hai1="112,110,2,88,96,32,132,99,46,24,68,82,118" hai2="105,90,23,44,43,28,7,78,18,59,27,14,17" hai3="95,69,51,36,113,57,104,101,115,119,62,54,71"/><V73/><F105/><W21/><G104/><T100/><D121/><U42/><E112/><N who="3" m="43082" /><G119/><T126/><D39/><U103/><E110/><V94/><F73/><W10/><G36/><T0/><D0/><U102/><E118/><V86/><F78/><W1/><G21/><T87/><D34/><U130/><E130/><V53/><F7/><N who="3" m="1391" /><G62/><N who="0" m="36127" /><D19/><U6/><E132/><N who="0" m="50761" /><D100/><U47/><E2/><V109/><F109/><W16/><G16/><N who="2" m="6249" /><F14/><W40/><G40/><T52/><D117/><U3/><E3/><V41/><F44/><W92/><G101/><T80/><D126/><U134/><E102/><V70/><F70/><AGARI ba="0,0" hai="51,54,57,69,70,71,92,95" m="1391,43082" machi="70" ten="30,7700,0" yaku="11,1,52,3" doraHai="65" who="3" fromWho="2" sc="160,0,180,0,180,-77,480,77" /><INIT seed="3,0,0,0,3,15" ten="160,180,103,557" oya="3" hai0="79,95,8,63,116,11,45,39,94,102,29,32,133" hai1="47,9,46,71,61,83,134,14,132,62,54,4,113" hai2="20,127,99,25,87,85,56,112,80,73,84,86,78" hai3="96,41,58,67,1,50,26,57,126,92,131,5,60"/><W103/><G126/><T65/><D116/><U130/><E113/><V17/><F112/><W59/><G131/><T77/><D133/><N who="1" m="51307" /><E130/><V70/><F127/><W44/><G1/><T91/><D32/><U33/><E33/><V68/><N who="2" m="21504" /><DORA hai="123" /><V37/><F37/><W104/><G5/><T13/><D29/><U128/><E83/><V89/><REACH who="2" step="1"/><F56/><REACH who="2" ten="160,180,93,557" step="2"/><W12/><G104/><T22/><D39/><U35/><E128/><V122/><F122/><W74/><G74/><T51/><D79/><U19/><E71/><V111/><F111/><W97/><G97/><T119/><D77/><U110/><E110/><V18/><F18/><W55/><G12/><T98/><D94/><AGARI ba="0,1" hai="17,20,25,68,70,73,78,80,89,94,99" m="21504" machi="94" ten="50,8000,1" yaku="1,1,52,1,53,2" doraHai="15,123" doraHaiUra="117,64" who="2" fromWho="0" sc="160,-80,180,0,93,90,557,0" /><INIT seed="4,0,0,2,3,82" ten="80,180,183,557" oya="0" hai0="10,129,57,5,50,8,68,64,7,62,99,9,96" hai1="1,63,135,31,18,30,2,71,75,110,98,26,88" hai2="114,133,89,48,77,70,124,69,131,3,104,45,36" hai3="29,23,32,118,126,52,102,59,117,92,60,74,103"/><T39/><D39/><U42/><E110/><V67/><F3/><W49/><G74/><T56/><D129/><U33/><E75/><V24/><F104/><W100/><G32/><T111/><D111/><U72/><E72/><V109/><F77/><W44/><G126/><T120/><D120/><U127/><E127/><V101/><F101/><W0/><G0/><T55/><REACH who="0" step="1"/><D68/><REACH who="0" ten="70,180,183,557" step="2"/><U20/><E71/><V121/><F70/><W85/><G118/><T87/><D87/><U4/><E135/><V58/><F69/><W134/><G117/><T90/><D90/><U106/><E88/><V17/><F36/><W34/><G134/><T95/><D95/><U79/><E79/><V81/><F121/><W112/><G112/><T125/><D125/><U16/><E106/><V93/><F133/><W76/><G34/><T40/><D40/><U113/><E42/><N who="2" m="24631" /><F114/><W14/><G76/><T12/><D12/><U47/><E113/><V66/><F131/><W91/><G14/><T119/><D119/><U105/><E1/><V84/><F124/><W43/><G103/><T107/><D107/><U80/><E2/><V38/><F38/><W37/><G37/><T123/><D123/><U46/><E105/><V130/><F130/><W11/><G102/><T61/><D61/><U13/><E63/><V19/><F93/><W21/><G100/><T65/><D65/><U97/><E13/><V86/><F109/><W35/><G35/><T73/><D73/><U54/><E33/><V27/><F84/><W116/><G116/><T22/><D22/><N who="3" m="8201" /><G11/><T6/><AGARI ba="0,1" hai="5,6,7,8,9,10,50,55,56,57,62,64,96,99" machi="6" ten="30,6000,0" yaku="1,1,0,1,8,1,53,0" doraHai="82" doraHaiUra="83" who="0" fromWho="0" sc="70,70,180,-20,183,-20,557,-20" /><INIT seed="4,1,0,4,1,60" ten="140,160,163,537" oya="0" hai0="135,108,46,127,42,13,26,74,111,18,100,76,40" hai1="129,25,103,47,110,50,116,7,48,45,85,86,56" hai2="32,134,53,51,68,93,34,33,109,82,64,104,96" hai3="102,63,23,81,61,35,79,120,37,3,43,36,92"/><T128/><D100/><U69/><E69/><V77/><F109/><N who="0" m="42058" /><D128/><U14/><E129/><V65/><F68/><W57/><G35/><T11/><D135/><U19/><E116/><V58/><F104/><W130/><G3/><T54/><D127/><U66/><E103/><V107/><F107/><W131/><G120/><T87/><D74/><U117/><E117/><V119/><F119/><W101/><G131/><T98/><D98/><U95/><E25/><V133/><F93/><W27/><G130/><T88/><D76/><U90/><E7/><V2/><F2/><W121/><G121/><T15/><D26/><U67/><E86/><N who="2" m="48463" /><F96/><W17/><G92/><N who="0" m="54303" /><D15/><U49/><E110/><V105/><F105/><W30/><G102/><T106/><D106/><U1/><E1/><V29/><F29/><W44/><G101/><T16/><D18/><U39/><E39/><V20/><F20/><W112/><G36/><T78/><D78/><U59/><E47/><V99/><F99/><W41/><G17/><T123/><D123/><U24/><E45/><V113/><F113/><W62/><G112/><T70/><D70/><U55/><E24/><V21/><F21/><W125/><G125/><T89/><D89/><U114/><E114/><V5/><F5/><W4/><G4/><T22/><D22/><N who="1" m="11639" /><E59/><V10/><F10/><W12/><G12/><T94/><D94/><U31/><E31/><V9/><F9/><W122/><G122/><T71/><D71/><U97/><E97/><V72/><F72/><N who="3" m="43239" /><G41/><T84/><D84/><U73/><E73/><V8/><F8/><W132/><G132/><AGARI ba="1,0" hai="32,33,34,51,53,58,64,65,132,133,134" m="48463" machi="132" ten="40,8000,1" yaku="6,1,20,1,52,2" doraHai="60" who="2" fromWho="3" sc="140,0,160,0,163,83,537,-83" /><INIT seed="5,0,0,0,4,1" ten="140,160,246,454" oya="1" hai0="29,108,131,78,12,114,119,105,41,99,71,75,133" hai1="2,6,27,66,25,104,121,65,58,82,53,11,111" hai2="115,28,90,18,100,43,67,35,39,134,9,103,13" hai3="93,106,0,112,17,96,64,70,8,135,54,32,81"/><U7/><E121/><V92/><F134/><W44/><G32/><T84/><D12/><U33/><E111/><V62/><F39/><W68/><G106/><T24/><D41/><U85/><E104/><V130/><F43/><W50/><G135/><T69/><D133/><U124/><E124/><V87/><F130/><W91/><G112/><T49/><D49/><U42/><E42/><V132/><F132/><W98/><G64/><N who="1" m="24682" /><E2/><V52/><F115/><W19/><G19/><T110/><D84/><U61/><E11/><V5/><F28/><W59/><G59/><T88/><D119/><U123/><E33/><V94/><F35/><W117/><G117/><T97/><D114/><U30/><E123/><V73/><F73/><W57/><G57/><T36/><D36/><U101/><E101/><N who="2" m="38987" /><F67/><W38/><G38/><T122/><D122/><U14/><E14/><V22/><F62/><W128/><G128/><T37/><D37/><U76/><E30/><V109/><F109/><N who="0" m="42090" /><D131/><U16/><E27/><N who="2" m="14807" /><F94/><N who="3" m="56415" /><G81/><N who="0" m="45279" /><D105/><U15/><E15/><V55/><AGARI ba="0,0" hai="5,9,13,52,55,87,90,92" m="14807,38987" machi="55" ten="30,4000,0" yaku="8,1,52,1,54,1" doraHai="1" who="2" fromWho="2" sc="140,-10,160,-20,246,40,454,-10" /><INIT seed="6,0,0,0,5,88" ten="130,140,286,444" oya="2" hai0="81,0,36,114,67,34,112,126,107,118,64,115,25" hai1="49,24,23,109,47,101,57,20,111,2,132,133,94" hai2="45,62,26,60,43,22,14,80,119,77,130,110,97" hai3="84,87,129,29,116,18,71,91,93,90,106,95,99"/><V8/><F119/><W55/><G116/><T35/><D118/><U37/><E2/><V75/><F130/><W66/><G129/><T96/><D126/><U59/><E37/><V131/><F131/><W42/><G42/><T100/><D36/><U102/><E49/><V125/><F125/><W5/><G29/><N who="0" m="19759" /><D0/><U56/><E47/><V52/><F110/><N who="1" m="41993" /><E94/><V46/><F97/><W70/><G5/><T92/><D35/><U38/><E24/><V76/><F76/><W124/><G124/><T27/><D27/><U40/><E40/><V4/><F43/><W50/><G18/><T128/><D128/><U73/><E73/><V9/><F9/><W113/><G113/><T58/><D81/><U104/><E104/><V127/><F127/><W61/><G106/><T31/><D31/><U10/><E10/><V7/><F7/><W78/><G78/><T12/><D107/><U103/><E38/><V65/><F65/><N who="0" m="25162" /><D58/><U17/><E17/><V41/><F41/><W33/><G33/><T32/><D32/><U54/><E54/><V123/><F123/><W21/><G21/><AGARI ba="0,0" hai="20,21,23,56,57,59,101,102,103,132,133" m="41993" machi="21" ten="40,2600,0" yaku="28,2" doraHai="88" who="1" fromWho="3" sc="130,0,140,26,286,0,444,-26" /><INIT seed="7,0,0,3,3,7" ten="130,166,286,418" oya="3" hai0="17,96,95,68,27,75,15,63,59,48,61,109,0" hai1="69,131,41,120,67,37,100,46,1,77,12,108,135" hai2="89,81,117,24,97,98,115,25,50,102,9,23,90" hai3="134,130,45,58,65,19,40,10,5,86,107,64,22"/><W3/><G107/><T94/><D109/><U29/><E108/><V119/><F115/><W35/><G35/><T123/><D123/><U13/><E120/><V129/><F129/><W56/><G134/><T80/><D0/><U11/><E131/><V20/><F50/><W6/><G6/><T44/><D68/><U78/><E100/><V124/><F124/><W70/><G86/><T60/><D75/><U55/><E29/><V112/><F112/><W4/><G4/><T79/><D80/><U47/><E1/><V66/><F66/><W57/><G70/><T14/><D79/><U132/><E13/><V126/><F126/><W99/><G99/><T93/><D59/><U33/><E33/><V31/><F81/><W127/><G127/><T118/><D118/><U16/><E55/><V51/><F51/><W28/><G28/><T87/><D87/><U113/><E47/><V34/><F34/><W26/><G130/><T105/><D105/><U2/><E2/><V62/><F62/><W88/><G88/><N who="0" m="55335" /><D27/><U42/><E42/><V74/><F74/><W92/><G92/><N who="0" m="35371" /><D17/><U133/><E113/><V91/><F102/><W114/><G114/><T32/><D32/><U111/><E111/><V85/><F85/><W18/><G18/><T116/><D116/><U76/><E69/><V73/><F73/><W21/><G65/><AGARI ba="0,0" hai="11,12,16,37,41,46,65,67,76,77,78,132,133,135" machi="65" ten="50,6400,0" yaku="20,1,52,1,54,1" doraHai="7" who="1" fromWho="3" sc="130,0,166,64,286,0,418,-64" owari="130,-37.0,230,-17.0,286,8.6,354,45.4" /></mjloggm>