<mjloggm ver="2.3"><GO type="169" lobby="0"/><UN n0="%52%65%61%6C%58" n1="%69%6B%61%6D%6F%66%75%40" n2="%E3%81%B1%E3%82%93%E3%81%AA%E3%81%93%E3%81%BE%E3%81%A3%E3%81%9F" n3="%E9%A7%BF" dan="16,17,18,16" rate="2174.40,2205.71,2255.48,2125.48" sx="F,M,M,M"/><TAIKYOKU oya="0"/><INIT seed="0,0,0,2,3,127" ten="250,250,250,250" oya="0" hai0="133,64,102,87,9,55,111,73,109,97,82,78,50" hai1="8,122,23,42,38,11,18,123,45,66,48,108,105" hai2="103,56,29,85,84,117,34,37,81,24,94,71,17" hai3="61,72,124,10,16,93,80,19,99,67,112,7,53"/><T3/><D64/><U126/><E126/><V86/><F71/><W4/><G124/><T128/><D133/><U90/><E108/><N who="0" m="41545" /><D3/><U40/><E105/><V130/><F37/><W115/><G53/><T75/><D9/><U79/><E79/><V39/><F39/><W70/><G72/><N who="0" m="27723" /><D50/><U52/><E66/><V89/><F117/><W135/><G80/><T57/><D57/><U22/><E48/><V120/><F120/><W104/><G104/><N who="0" m="63567" /><D55/><U32/><E52/><V27/><F56/><W69/><G69/><T88/><D128/><U125/><E125/><V15/><F130/><W76/><G135/><T62/><D62/><U114/><E8/><V131/><F131/><W25/><G4/><T60/><D60/><U14/><E11/><V26/><F34/><W91/><G7/><T58/><D58/><U101/><E32/><V49/><F49/><W35/><G10/><T33/><D33/><U46/><E23/><N who="2" m="11711" /><F29/><W20/><G35/><T36/><D36/><U132/><E132/><V83/><F83/><W54/><G19/><T119/><D119/><U110/><E110/><V51/><F51/><W1/><G1/><T107/><D107/><U121/><E18/><V95/><F81/><W43/><G43/><N who="1" m="16426" /><E121/><V28/><F28/><W21/><G21/><T30/><D30/><U118/><E118/><V63/><F63/><W31/><G31/><T92/><D82/><U106/><E122/><V13/><F13/><W59/><G76/><AGARI ba="0,0" hai="76,78,87,88,92" m="63567,27723,41545" machi="76" ten="30,12000,1" yaku="14,1,10,1,34,2,54,1" doraHai="127" who="0" fromWho="3" sc="250,120,250,0,250,0,250,-120" /><INIT seed="0,1,0,5,2,58" ten="370,250,250,130" oya="0" hai0="78,23,76,55,107,60,10,113,18,134,27,118,105" hai1="92,47,88,114,108,32,86,63,80,59,16,129,20" hai2="101,104,45,100,130,65,131,3,110,87,21,56,62" hai3="30,85,17,50,120,25,6,71,52,93,75,40,133"/><T122/><D118/><U43/><E108/><V74/><F74/><W124/><G75/><T44/><D122/><U26/><E129/><N who="2" m="49163" /><F3/><W53/><G120/><T106/><D113/><U128/><E128/><V125/><F110/><W19/><G71/><T33/><D33/><U4/><E114/><V48/><F125/><W31/><G124/><T36/><D134/><U8/><E32/><V109/><F109/><W22/><G6/><T70/><D36/><U90/><E47/><V132/><F132/><W42/><G133/><T15/><D44/><U9/><E43/><V98/><F101/><W135/><G135/><T121/><D121/><U119/><E4/><V72/><F72/><W69/><G69/><T11/><D11/><U54/><E119/><V41/><F87/><AGARI ba="1,0" hai="8,9,16,20,26,54,59,63,80,86,87,88,90,92" machi="87" ten="30,8000,1" yaku="7,1,8,1,52,1,54,2" doraHai="58" who="1" fromWho="2" sc="370,0,250,83,250,-83,130,0" /><INIT seed="1,0,0,4,0,130" ten="370,333,167,130" oya="1" hai0="92,62,14,29,10,35,94,118,31,89,8,7,23" hai1="4,30,135,12,63,109,16,132,52,74,3,100,19" hai2="56,108,123,57,43,33,59,76,0,49,71,9,25" hai3="20,134,39,58,69,88,84,128,104,121,51,127,87"/><U82/><E30/><V116/><F116/><W107/><G121/><T83/><D118/><U133/><E109/><V79/><F123/><W73/><G39/><T66/><D35/><U13/><E100/><V77/><F108/><W81/><G69/><T15/><D83/><U40/><E40/><V24/><F71/><W17/><G73/><T53/><D53/><U114/><E114/><V38/><F38/><W47/><G128/><T112/><D112/><U110/><E110/><V72/><F72/><W68/><G68/><T99/><D23/><U34/><E34/><V106/><F106/><W126/><G58/><N who="0" m="37207" /><D94/><U131/><E131/><V26/><F33/><W27/><G134/><T48/><D48/><U125/><E125/><N who="3" m="47626" /><G84/><T11/><D11/><N who="1" m="2463" /><E12/><V67/><F0/><W119/><G119/><T45/><D45/><U28/><E13/><V54/><F9/><W91/><G91/><T90/><D89/><U105/><E105/><V55/><F67/><W70/><G70/><T129/><D129/><U113/><E28/><V124/><F124/><W122/><G122/><T1/><D1/><U111/><E113/><V85/><F85/><W44/><G44/><AGARI ba="0,0" hai="24,25,26,43,44,49,54,55,56,57,59,76,77,79" machi="44" ten="50,6400,0" yaku="29,2,8,1" doraHai="130" who="2" fromWho="3" sc="370,0,333,0,167,64,130,-64" /><INIT seed="2,0,0,2,2,1" ten="370,333,231,66" oya="2" hai0="67,71,123,63,134,42,8,32,85,95,84,12,101" hai1="74,108,4,65,18,86,78,14,127,54,107,38,75" hai2="19,20,87,90,59,48,135,77,62,9,69,46,104" hai3="45,133,111,6,112,22,99,30,102,68,50,100,73"/><V128/><F104/><W35/><G111/><T129/><D123/><U27/><E107/><V94/><F128/><W49/><G68/><T25/><D42/><U29/><E108/><V2/><F135/><W33/><G133/><T61/><D61/><U24/><E38/><V17/><F69/><W106/><G102/><T130/><D134/><U11/><E127/><V96/><F2/><W13/><G73/><T40/><D40/><U47/><E65/><V125/><F125/><W36/><G36/><T52/><D52/><U7/><E74/><V34/><F34/><W91/><G112/><T55/><D55/><U81/><E75/><V39/><F39/><W23/><G50/><T115/><D115/><U119/><E119/><V15/><F77/><W41/><G91/><T37/><D37/><U53/><E53/><V76/><F76/><W16/><REACH who="3" step="1"/><G6/><REACH who="3" ten="370,333,231,56" step="2"/><N who="1" m="2090" /><E29/><V82/><F48/><AGARI ba="0,1" hai="11,14,18,24,27,47,48,54,78,81,86" m="2090" machi="48" ten="30,7700,0" yaku="8,1,52,3" doraHai="1" who="1" fromWho="2" sc="370,0,333,87,231,-77,56,0" /><INIT seed="3,0,0,0,4,38" ten="370,420,154,56" oya="3" hai0="36,76,85,68,57,135,125,45,121,11,102,75,101" hai1="34,80,48,130,30,7,8,105,9,108,79,115,103" hai2="37,77,16,116,112,51,24,49,70,131,67,106,83" hai3="27,109,47,52,35,6,134,129,118,90,23,50,95"/><W19/><G118/><T91/><D121/><U66/><E9/><V14/><F112/><W12/><G129/><T55/><D68/><U119/><E66/><V126/><F116/><W0/><G134/><T74/><D135/><U98/><E119/><V117/><F117/><W133/><G133/><T18/><D125/><U2/><E115/><V28/><F106/><W59/><G109/><T124/><D124/><U40/><E108/><V89/><F37/><W110/><G110/><T29/><D29/><U5/><E5/><V60/><F126/><W123/><G123/><T15/><D101/><U78/><E130/><V64/><F64/><W128/><G128/><T61/><D102/><U86/><E30/><V56/><F89/><W54/><G0/><T132/><D76/><U65/><E65/><V69/><F131/><W100/><G100/><T72/><D132/><U120/><E34/><V17/><F17/><W122/><G122/><T53/><D53/><U92/><E105/><V31/><F31/><W71/><G71/><T99/><D99/><U13/><E2/><V107/><F107/><W46/><G54/><T63/><D63/><U81/><E120/><V20/><F70/><W114/><G114/><T127/><D127/><U42/><E48/><V96/><F96/><N who="3" m="57463" /><G35/><T33/><D33/><U4/><E4/><V87/><F69/><W84/><G84/><AGARI ba="0,0" hai="7,8,13,40,42,78,79,80,81,84,86,92,98,103" machi="84" ten="30,8000,1" yaku="7,1,9,1,8,1,52,2" doraHai="38" who="1" fromWho="3" sc="370,0,420,80,154,0,56,-80" owari="370,17.0,500,60.0,154,-24.6,-24,-52.4" /></mjloggm>