<mjloggm ver="2.3"><GO type="169" lobby="0"/><UN n0="%44%61%6C%69" n1="%70%6F%72%66%65%76%72%65" n2="%E6%99%A8%E6%98%8F%E5%B0%8D%E5%B3%99" n3="%68%61%73%68%69%30%30%31" dan="17,16,17,16" rate="2199.12,2148.64,2218.89,2102.77" sx="M,M,M,M"/><TAIKYOKU oya="0"/><INIT seed="0,0,0,5,4,117" ten="250,250,250,250" oya="0" hai0="120,92,100,51,83,62,65,52,85,101,126,110,31" hai1="7,95,32,133,36,30,61,118,55,48,59,60,2" hai2="86,38,35,29,8,113,94,127,124,13,6,40,66" hai3="37,79,69,125,63,41,119,132,128,50,72,43,49"/><T53/><D126/><N who="2" m="48170" /><F66/><W26/><G26/><T27/><D120/><U107/><E133/><V45/><F113/><W68/><G79/><T44/><D110/><U56/><E107/><V17/><F94/><W115/><G72/><T88/><D53/><U39/><E118/><V57/><F57/><W42/><G125/><T20/><REACH who="0" step="1"/><D92/><REACH who="0" ten="240,250,250,250" step="2"/><U22/><E95/><V131/><F131/><W81/><G119/><T34/><D34/><U105/><E32/><V114/><F114/><W84/><G128/><T70/><AGARI ba="0,1" hai="20,27,31,44,51,52,62,65,70,83,85,88,100,101" machi="70" ten="20,12000,1" yaku="1,1,0,1,7,1,54,2,53,0" doraHai="117" doraHaiUra="91" who="0" fromWho="0" sc="240,130,250,-40,250,-40,250,-40" /><INIT seed="0,1,0,4,2,41" ten="370,210,210,210" oya="0" hai0="96,33,116,53,7,8,60,22,123,28,117,61,5" hai1="32,27,93,63,120,90,16,73,101,50,20,25,87" hai2="104,106,55,102,14,100,98,48,54,82,115,94,68" hai3="30,13,121,109,52,129,38,127,125,113,134,130,72"/><T23/><D123/><U9/><E73/><V74/><F115/><W105/><G30/><T80/><D33/><U118/><E118/><V21/><F68/><W51/><G13/><T59/><D80/><U119/><E119/><V39/><F39/><W69/><G105/><T110/><D110/><U107/><E9/><V84/><F74/><W46/><G72/><T133/><D133/><U64/><E50/><V131/><F131/><N who="3" m="50187" /><G69/><T26/><D116/><U4/><E4/><V36/><F36/><W15/><G15/><T45/><D117/><U111/><E111/><V11/><F21/><W43/><G109/><T76/><D76/><U2/><E2/><V103/><F55/><W81/><G81/><T122/><D122/><U62/><E32/><V108/><F108/><W124/><G121/><T70/><D70/><U78/><E120/><V3/><F3/><W19/><G19/><T75/><D75/><U88/><E107/><V114/><F114/><W44/><G113/><T56/><D96/><U83/><E78/><V77/><F104/><W71/><G71/><T91/><D91/><U112/><E101/><V24/><F24/><W35/><G35/><T6/><D8/><U57/><E112/><V47/><REACH who="2" step="1"/><F106/><REACH who="2" ten="370,210,200,210" step="2"/><W0/><G0/><T85/><D23/><U12/><REACH who="1" step="1"/><E63/><REACH who="1" ten="370,200,200,210" step="2"/><V49/><F49/><W1/><G1/><T99/><D60/><U86/><AGARI ba="1,2" hai="12,16,20,25,27,57,62,64,83,86,87,88,90,93" machi="86" ten="20,16000,3" yaku="1,1,2,1,0,1,7,1,8,1,54,2,53,1" doraHai="41" doraHaiUra="18" who="1" fromWho="1" sc="370,-81,200,183,200,-41,210,-41" /><INIT seed="1,0,0,0,1,60" ten="289,383,159,169" oya="1" hai0="30,31,61,95,19,108,0,135,119,93,20,99,1" hai1="50,23,55,47,114,82,54,63,131,51,78,72,16" hai2="127,7,107,65,14,116,104,120,129,2,28,12,87" hai3="48,70,25,66,59,22,79,113,62,92,15,125,67"/><U5/><E131/><V112/><F129/><W26/><G125/><T91/><D119/><U128/><E128/><V76/><F127/><W46/><G113/><T32/><D135/><U74/><E114/><V49/><F112/><W105/><G105/><T83/><D108/><U124/><E124/><V29/><F116/><W118/><G79/><T3/><D32/><U38/><E38/><V121/><F76/><W13/><G26/><T8/><D8/><U98/><E5/><V57/><F87/><W134/><G134/><T84/><D93/><U24/><E63/><V45/><F7/><W111/><G111/><T58/><D19/><U43/><E74/><V97/><F2/><W69/><G69/><T123/><D123/><U130/><E130/><V34/><F34/><W117/><G117/><T94/><D94/><U10/><E10/><V71/><F71/><W44/><G44/><T103/><REACH who="0" step="1"/><D20/><REACH who="0" ten="279,383,159,169" step="2"/><U53/><E16/><V52/><F120/><W73/><G92/><T132/><D132/><U106/><E23/><V96/><F121/><W109/><G109/><T101/><D101/><U21/><E21/><V68/><F104/><W100/><G100/><T80/><D80/><U4/><E106/><V133/><F107/><W86/><G22/><T9/><D9/><U36/><E82/><V89/><F133/><W40/><G25/><T35/><D35/><U85/><E24/><V81/><F81/><W17/><G17/><T75/><D75/><U88/><E72/><V33/><F33/><W77/><G73/><T41/><D41/><U90/><E43/><V64/><F29/><RYUUKYOKU ba="0,1" sc="279,30,383,-10,159,-10,169,-10" hai0="0,1,3,30,31,58,61,83,84,91,95,99,103" /><INIT seed="2,1,1,5,2,104" ten="309,373,149,159" oya="2" hai0="65,57,60,4,97,25,70,100,127,61,71,42,5" hai1="40,1,63,44,7,123,38,115,23,84,89,79,67" hai2="49,110,121,48,37,35,43,128,80,41,0,55,54" hai3="11,111,129,31,102,59,120,81,101,45,134,98,50"/><V26/><F0/><W20/><G129/><T122/><D122/><U126/><E123/><V86/><F121/><W85/><G111/><T3/><D127/><U91/><E126/><V125/><F125/><W22/><G31/><T8/><D5/><U107/><E107/><V14/><F110/><W58/><G134/><T6/><D6/><U87/><E115/><V19/><F128/><W90/><G11/><T114/><D114/><U130/><E130/><V135/><F135/><W56/><G120/><T39/><D60/><U15/><E84/><V113/><F113/><W118/><G98/><T88/><D42/><N who="2" m="15882" /><F35/><W99/><G118/><T108/><D39/><U30/><E79/><N who="2" m="46367" /><F26/><W95/><REACH who="3" step="1"/><G101/><REACH who="3" ten="309,373,149,149" step="2"/><T69/><D100/><U75/><E30/><V131/><F131/><W34/><G34/><T52/><D108/><U76/><E38/><V68/><F37/><W24/><G24/><T116/><D25/><U92/><E1/><V106/><F106/><W83/><G83/><T66/><D116/><U78/><E23/><N who="2" m="11767" /><F68/><W94/><G94/><T10/><REACH who="0" step="1"/><D10/><REACH who="0" ten="299,373,149,149" step="2"/><U62/><E92/><AGARI ba="1,3" hai="3,4,8,52,57,61,65,66,69,70,71,88,92,97" machi="92" ten="40,8000,1" yaku="1,1,2,1,54,2,53,0" doraHai="104" doraHaiUra="109" who="0" fromWho="1" sc="299,113,373,-83,149,0,149,0" /><INIT seed="3,0,0,5,0,22" ten="412,290,149,149" oya="3" hai0="8,90,12,93,11,99,37,56,130,129,16,68,35" hai1="88,62,33,83,71,109,119,34,32,65,52,29,5" hai2="125,73,15,80,13,103,61,39,66,124,101,120,113" hai3="128,92,21,48,19,86,58,53,94,91,74,23,97"/><W50/><G74/><T72/><D37/><U45/><E109/><V31/><F39/><W46/><G128/><N who="0" m="49259" /><D68/><U82/><E119/><V27/><F113/><W7/><G7/><T6/><D35/><U79/><E5/><V87/><F73/><W54/><REACH who="3" step="1"/><G19/><REACH who="3" ten="412,290,149,139" step="2"/><T98/><D72/><U117/><E117/><V108/><F108/><W78/><G78/><T59/><D99/><U134/><E33/><V123/><F13/><AGARI ba="0,1" hai="6,8,11,12,13,16,56,59,90,93,98" m="49259" machi="13" ten="30,2000,0" yaku="19,1,54,1" doraHai="22" who="0" fromWho="2" sc="412,30,290,0,149,-20,139,0" /><INIT seed="4,0,0,5,3,57" ten="442,290,129,139" oya="0" hai0="6,113,39,22,7,96,31,53,97,73,42,56,115" hai1="68,88,122,85,23,103,21,55,117,128,36,90,69" hai2="29,46,86,70,67,118,51,123,60,32,129,114,104" hai3="100,34,79,4,8,72,92,84,133,35,108,75,43"/><T76/><D73/><U111/><E111/><V110/><F110/><W98/><G133/><T106/><D76/><U0/><E0/><V33/><F123/><W80/><G43/><T89/><D39/><U13/><E122/><V83/><F129/><W24/><G108/><T27/><D42/><U5/><E128/><V19/><F114/><N who="0" m="43530" /><D106/><U107/><E90/><V41/><F118/><W40/><G40/><T109/><D109/><U37/><E103/><V132/><F132/><W54/><G24/><T71/><D71/><U87/><E107/><V38/><F104/><W91/><G54/><T121/><D121/><U30/><E55/><V127/><F127/><W48/><G48/><T1/><D1/><U95/><E37/><V99/><F99/><N who="0" m="37962" /><D89/><U126/><E36/><V9/><F38/><W94/><G75/><T102/><D102/><U16/><E126/><V20/><F29/><W17/><G17/><T63/><AGARI ba="0,0" hai="6,7,22,27,31,53,56,63" m="37962,43530" machi="63" ten="30,3000,0" yaku="15,1,52,1" doraHai="57" who="0" fromWho="0" sc="442,30,290,-10,129,-10,139,-10" /><INIT seed="4,1,0,5,1,81" ten="472,280,119,129" oya="0" hai0="82,18,68,20,7,16,45,29,94,76,28,112,110" hai1="99,27,4,60,104,23,14,59,35,66,98,21,130" hai2="10,13,36,79,109,32,58,37,17,86,122,101,89" hai3="33,93,121,30,52,71,61,83,105,46,48,56,26"/><T91/><D110/><U77/><E130/><V97/><F122/><W100/><G121/><T85/><D68/><U118/><E118/><V67/><F32/><W57/><G93/><T92/><D112/><U40/><E35/><V47/><F79/><W124/><G124/><T1/><D1/><U127/><E127/><V12/><F109/><W108/><G108/><T111/><D111/><U50/><E104/><V128/><F128/><W78/><G100/><T115/><D115/><U62/><E77/><V134/><F134/><W72/><G105/><T103/><D7/><U131/><E60/><V116/><F116/><W120/><G120/><T135/><D135/><U114/><E114/><V6/><F47/><W69/><REACH who="3" step="1"/><G56/><REACH who="3" ten="472,280,119,119" step="2"/><T54/><D94/><U5/><E131/><V55/><F101/><W42/><AGARI ba="1,1" hai="26,30,33,42,46,48,52,57,61,69,71,72,78,83" machi="42" ten="20,12000,2" yaku="1,1,2,1,0,1,7,1,54,1,53,1" doraHai="81" doraHaiUra="24" who="3" fromWho="3" sc="472,-61,280,-31,119,-31,119,133" /><INIT seed="5,0,0,0,1,5" ten="411,249,88,252" oya="1" hai0="21,36,104,52,99,88,8,53,2,134,113,7,107" hai1="82,33,58,10,59,74,51,75,101,135,27,62,46" hai2="121,85,0,127,123,115,61,30,90,25,54,95,86" hai3="11,106,38,91,4,77,47,100,109,124,15,133,80"/><U114/><E135/><V29/><F0/><W63/><G109/><T118/><D118/><U14/><E114/><V72/><F72/><W110/><G110/><T103/><D113/><U73/><E101/><V81/><F115/><W66/><G124/><T92/><D134/><U48/><E82/><V20/><F127/><W18/><G91/><T98/><D36/><U3/><E3/><V94/><F30/><W69/><G106/><T9/><D104/><U78/><E78/><V131/><F131/><W102/><G18/><T41/><D41/><U87/><E87/><V93/><REACH who="2" step="1"/><F86/><REACH who="2" ten="411,249,78,252" step="2"/><W42/><G133/><T50/><D21/><U117/><E74/><AGARI ba="0,1" hai="4,11,15,38,42,47,63,66,69,74,77,80,100,102" machi="74" ten="30,2000,0" yaku="7,1,52,1" doraHai="5" who="3" fromWho="1" sc="411,0,249,-20,78,0,252,30" /><INIT seed="6,0,0,1,1,62" ten="411,229,78,282" oya="2" hai0="87,77,120,68,21,100,69,133,90,93,127,14,96" hai1="71,46,8,126,44,98,27,92,16,101,51,11,7" hai2="59,107,34,76,111,26,131,12,42,38,64,63,124" hai3="49,19,113,114,75,28,17,58,86,18,129,112,108"/><V118/><F118/><W1/><G1/><T33/><D33/><U130/><E126/><V89/><F124/><W119/><G75/><T132/><D120/><U135/><E135/><N who="0" m="51785" /><D127/><U66/><E130/><V37/><F131/><W70/><G70/><T91/><D77/><U72/><E72/><V20/><F111/><W15/><G129/><T0/><D0/><U128/><E128/><V10/><F34/><W45/><G28/><T31/><D91/><U65/><E71/><V9/><F107/><W125/><G125/><T43/><D43/><U54/><E46/><V88/><F76/><W57/><G119/><T3/><D3/><U122/><E122/><V102/><F102/><W109/><G86/><T41/><D41/><U5/><E11/><V53/><F9/><W80/><G80/><N who="0" m="49511" /><D14/><N who="1" m="7239" /><E27/><AGARI ba="0,0" hai="21,27,31,68,69,93,96,100" m="49511,51785" machi="27" ten="30,1000,0" yaku="20,1" doraHai="62" who="0" fromWho="1" sc="411,10,229,-10,78,0,282,0" /><INIT seed="7,0,0,1,5,81" ten="421,219,78,282" oya="3" hai0="69,132,64,83,37,73,62,88,90,21,126,22,42" hai1="13,11,121,8,123,86,130,115,46,94,55,101,36" hai2="60,29,24,108,131,87,63,28,58,41,49,105,91" hai3="48,95,104,16,3,25,1,2,118,54,102,106,76"/><W129/><G118/><T103/><D103/><U72/><BYE who="0" /><E72/><V20/><F105/><W32/><G76/><T125/><D125/><U5/><E115/><V59/><F108/><W96/><G129/><T52/><D52/><U56/><E130/><V114/><F131/><UN n0="%44%61%6C%69" /><W128/><G128/><T10/><D132/><U23/><E36/><V112/><F112/><W40/><G40/><T75/><D126/><U120/><E46/><V66/><F114/><W4/><G4/><T15/><D37/><U110/><E110/><V97/><F97/><W93/><G32/><T71/><D71/><U47/><E47/><V38/><F38/><W117/><G117/><T78/><D75/><U85/><E11/><V134/><F134/><W61/><G106/><T65/><D65/><U17/><E94/><V12/><F12/><W98/><G61/><T6/><D42/><U92/><E92/><V67/><F41/><W107/><G107/><T45/><D45/><U99/><E99/><V39/><F39/><W133/><G133/><T43/><D43/><U89/><E89/><V33/><F33/><W31/><G31/><T18/><D22/><U124/><E101/><V74/><F74/><W35/><G35/><T80/><D80/><U119/><E124/><V68/><F68/><W77/><G77/><T0/><AGARI ba="0,0" hai="0,6,10,15,18,21,62,64,69,73,78,83,88,90" machi="0" ten="20,2700,0" yaku="0,1,7,1,54,1" doraHai="81" who="0" fromWho="0" sc="421,27,219,-7,78,-7,282,-13" owari="448,54.8,212,-18.8,71,-42.9,269,6.9" /></mjloggm>