<mjloggm ver="2.3"><GO type="169" lobby="0"/><UN n0="%E3%81%A8%E3%82%8D%E3%82%8D%E3%81%9D%E3%81%B0" n1="%E3%81%94%E3%82%8B%E3%81%AF%E3%82%80%33%30" n2="%65%6B%61%72%75%74%65" n3="%E9%B7%BA%E5%AE%AE%E6%85%A7%E5%A4%AA" dan="17,17,16,16" rate="2248.06,2208.50,2095.65,2119.19" sx="M,F,M,M"/><TAIKYOKU oya="0"/><INIT seed="0,0,0,0,4,37" ten="250,250,250,250" oya="0" hai0="65,113,123,61,15,72,87,1,13,36,30,14,58" hai1="0,77,78,21,46,91,132,11,97,128,66,119,45" hai2="105,20,8,88,3,62,49,44,89,116,60,55,24" hai3="63,90,122,26,86,2,73,134,76,101,117,47,133"/><T22/><D113/><U80/><E119/><V52/><F105/><W135/><G117/><T35/><D123/><U94/><E128/><V75/><F75/><W6/><G122/><T32/><D72/><U42/><E132/><V118/><F116/><W18/><G101/><T95/><D1/><U69/><E66/><V92/><F118/><W5/><G76/><T125/><D125/><U107/><E69/><V31/><F55/><W17/><G73/><T74/><D74/><U23/><E107/><V79/><F79/><W108/><G108/><T53/><D36/><U121/><E46/><V34/><F34/><W29/><G47/><T68/><D22/><U112/><E112/><V106/><F106/><W110/><G63/><T70/><D30/><U103/><E103/><V33/><F33/><N who="3" m="20663" /><G110/><T54/><D54/><U130/><E130/><V129/><F129/><W43/><G43/><T96/><D87/><U131/><E131/><V19/><F89/><W115/><G115/><T41/><D41/><U12/><E0/><V85/><F3/><W102/><G102/><T126/><D126/><U57/><E57/><V81/><F92/><N who="3" m="54359" /><G2/><T4/><D4/><AGARI ba="0,0" hai="4,5,6,17,18,133,134,135" m="54359,20663" machi="4" ten="30,1000,0" yaku="20,1" doraHai="37" who="3" fromWho="0" sc="250,-10,250,0,250,0,250,10" /><INIT seed="1,0,0,5,1,37" ten="240,250,250,260" oya="1" hai0="18,39,38,80,17,48,77,132,115,86,98,51,121" hai1="123,92,107,124,59,85,91,134,133,57,126,54,119" hai2="109,72,110,69,15,58,84,79,6,49,99,113,74" hai3="96,33,78,116,12,1,101,16,31,122,9,20,5"/><U43/><E119/><V95/><F69/><W111/><G122/><T120/><D115/><U0/><E123/><N who="0" m="47177" /><D132/><N who="1" m="50795" /><E107/><V131/><F6/><W102/><G116/><T70/><D70/><U97/><E0/><V4/><F4/><W65/><G111/><N who="2" m="42505" /><F15/><W88/><G78/><T81/><D98/><U27/><E27/><V125/><F49/><N who="0" m="19018" /><D81/><N who="1" m="49583" /><E43/><V32/><F58/><N who="1" m="22025" /><E54/><V61/><F61/><W135/><G135/><T29/><D29/><U62/><E62/><V47/><F47/><W130/><G130/><T90/><D77/><U26/><E26/><V66/><F66/><W87/><G65/><T53/><D53/><U64/><E64/><V104/><F32/><W63/><G63/><T22/><D17/><U118/><E118/><V14/><F14/><AGARI ba="0,0" hai="14,18,22,38,39,80,86,90" m="19018,47177" machi="14" ten="30,1000,0" yaku="13,1" doraHai="37" who="0" fromWho="2" sc="240,10,250,0,250,-10,260,0" /><INIT seed="2,0,0,1,2,31" ten="250,250,240,260" oya="2" hai0="27,109,53,7,78,14,88,48,68,110,115,79,51" hai1="4,40,52,106,117,124,29,71,16,73,97,114,0" hai2="74,44,60,17,76,99,83,36,94,131,129,85,100" hai3="46,21,9,102,39,33,77,47,125,49,62,12,135"/><V24/><F60/><W122/><G122/><T75/><D115/><U104/><E114/><V26/><F74/><W50/><G135/><T54/><D68/><U93/><E117/><V61/><F61/><W35/><G39/><T116/><D116/><U127/><E71/><V101/><F101/><W118/><G118/><T82/><D79/><U34/><E40/><N who="2" m="22535" /><F17/><W133/><G133/><T91/><D27/><N who="1" m="18751" /><E73/><V81/><F81/><W11/><G125/><N who="1" m="48202" /><E4/><V84/><F84/><W132/><G132/><T90/><D7/><U20/><E0/><V121/><F121/><W111/><G102/><T80/><D14/><N who="1" m="9239" /><E52/><N who="0" m="20073" /><D82/><U43/><E43/><V3/><F3/><W107/><G77/><T128/><D128/><AGARI ba="0,0" hai="24,26,76,83,85,94,99,100,128,129,131" m="22535" machi="128" ten="30,1500,0" yaku="19,1" doraHai="31" who="2" fromWho="0" sc="250,-15,250,0,240,15,260,0" /><INIT seed="2,1,0,1,0,22" ten="235,250,255,260" oya="2" hai0="99,74,109,72,11,131,0,43,132,59,104,25,89" hai1="10,33,92,73,110,47,112,18,9,77,88,101,50" hai2="40,27,38,67,14,39,117,79,119,115,53,96,76" hai3="41,61,83,122,123,44,32,80,4,103,133,108,100"/><V124/><F115/><W90/><G108/><T46/><D109/><U28/><E110/><V66/><F14/><W126/><G133/><T31/><D132/><U84/><E112/><V118/><F124/><W15/><G126/><T23/><D131/><U107/><E28/><V21/><F53/><W113/><G113/><T121/><D121/><U81/><E33/><V64/><F96/><W37/><G32/><T128/><D128/><U49/><E18/><V16/><REACH who="2" step="1"/><F40/><REACH who="2" ten="235,250,245,260" step="2"/><W17/><G122/><T29/><D43/><N who="1" m="24831" /><E50/><V71/><F71/><W13/><G123/><T6/><D99/><AGARI ba="1,1" hai="9,10,73,77,81,84,88,92,99,101,107" m="24831" machi="99" ten="30,2000,0" yaku="24,1,54,1" doraHai="22" who="1" fromWho="0" sc="235,-23,250,33,245,0,260,0" /><INIT seed="3,0,0,0,3,132" ten="212,283,245,260" oya="3" hai0="111,44,86,35,7,83,91,60,126,31,15,114,80" hai1="26,104,38,62,37,11,12,14,121,4,116,6,110" hai2="71,77,85,130,13,117,41,112,45,49,115,17,109" hai3="135,72,119,134,36,8,0,101,92,39,20,33,24"/><W19/><G119/><T51/><D111/><U108/><E104/><V16/><F117/><W57/><G72/><T124/><D114/><U18/><E116/><V40/><F109/><N who="1" m="42089" /><E121/><V129/><F71/><W9/><G33/><T87/><D60/><U52/><E26/><V74/><F74/><W66/><G39/><N who="1" m="14858" /><E12/><V90/><F77/><W50/><G36/><T125/><D35/><U63/><E63/><V76/><F76/><W100/><G0/><T3/><D3/><U118/><E118/><V105/><F41/><W89/><G134/><T48/><D31/><U10/><E10/><N who="3" m="4202" /><G135/><T32/><D32/><U102/><E102/><V128/><F105/><W59/><G66/><T120/><D120/><U69/><E69/><V88/><F90/><W103/><G50/><T131/><D131/><U73/><E73/><V79/><F79/><W58/><G103/><T96/><D96/><AGARI ba="0,0" hai="19,20,24,57,58,59,89,92,96,100,101" m="4202" machi="96" ten="30,1500,0" yaku="8,1" doraHai="132" who="3" fromWho="0" sc="212,-15,283,0,245,0,260,15" /><INIT seed="3,1,0,5,4,16" ten="197,283,245,275" oya="3" hai0="19,70,9,64,61,55,125,28,39,104,122,127,131" hai1="101,128,20,51,8,30,86,24,110,5,77,42,53" hai2="26,46,32,134,68,116,79,129,95,105,27,92,49" hai3="65,12,1,103,60,47,135,21,3,99,119,111,76"/><W54/><G119/><T115/><D104/><U83/><E110/><V48/><F116/><W133/><G111/><T43/><D28/><U123/><E128/><V40/><F105/><W35/><G35/><T88/><D122/><U31/><E123/><V121/><F68/><W84/><G76/><T126/><D131/><U98/><E31/><V34/><F121/><W6/><G84/><T14/><D115/><U22/><E42/><V45/><F129/><W38/><G6/><T78/><D78/><U93/><E24/><V36/><F79/><W118/><G118/><T23/><D55/><U67/><E67/><V72/><F40/><N who="3" m="22935" /><G54/><T80/><D43/><U87/><E87/><V7/><F7/><W73/><G21/><T102/><D102/><U0/><REACH who="1" step="1"/><E30/><REACH who="1" ten="197,273,245,275" step="2"/><V75/><REACH who="2" step="1"/><F36/><REACH who="2" ten="197,273,235,275" step="2"/><W56/><G73/><T11/><D39/><U44/><AGARI ba="1,2" hai="0,5,8,20,22,44,51,53,77,83,86,93,98,101" machi="44" ten="20,12000,2" yaku="1,1,2,1,0,1,7,1,52,2,53,1" doraHai="16" doraHaiUra="4" who="1" fromWho="1" sc="197,-31,273,143,235,-31,275,-61" /><INIT seed="4,0,0,5,1,113" ten="166,416,204,214" oya="0" hai0="31,119,40,18,73,35,134,53,92,8,45,61,7" hai1="58,38,17,121,4,118,24,71,84,124,74,120,131" hai2="68,80,107,116,111,29,88,60,52,115,30,2,112" hai3="22,42,83,9,21,102,34,114,46,100,36,44,87"/><T19/><D73/><U63/><E74/><V78/><F111/><W25/><G114/><N who="2" m="43561" /><F107/><W108/><G108/><T86/><D134/><U5/><E118/><V62/><F2/><W37/><G34/><T97/><D86/><U126/><E38/><V65/><F116/><W49/><G9/><T95/><D95/><U76/><E71/><V10/><F10/><W85/><G49/><T117/><D35/><U26/><E131/><V133/><F133/><W39/><G39/><T14/><D31/><U56/><E84/><N who="2" m="50183" /><F78/><W129/><G129/><T41/><D41/><U13/><E76/><V16/><F16/><W109/><G109/><T0/><D53/><U20/><E17/><V57/><AGARI ba="0,0" hai="29,30,52,57,60,62,65,68" m="50183,43561" machi="57" ten="30,4000,0" yaku="15,1,54,2" doraHai="113" who="2" fromWho="2" sc="166,-20,416,-10,204,40,214,-10" /><INIT seed="5,0,0,3,1,127" ten="146,406,244,204" oya="1" hai0="21,11,71,28,79,100,58,62,107,114,99,120,94" hai1="16,86,130,39,63,135,128,8,90,59,87,42,118" hai2="52,53,113,9,102,74,64,13,12,89,129,46,14" hai3="68,60,117,7,41,116,131,0,44,36,75,5,43"/><U109/><E118/><V54/><F74/><W84/><G75/><T80/><D114/><U56/><E135/><V18/><F113/><W23/><G43/><T83/><D120/><U29/><E29/><V49/><F129/><N who="1" m="49769" /><E109/><V69/><F102/><W106/><G106/><T97/><D71/><U55/><E59/><V111/><F111/><W25/><G131/><T48/><D48/><U78/><E78/><V123/><F123/><W15/><G0/><T70/><D70/><U98/><E98/><V81/><F64/><W95/><G117/><T45/><D45/><N who="1" m="23775" /><E90/><V82/><F69/><W50/><G36/><T34/><D34/><U73/><E73/><V6/><F89/><W132/><G132/><T66/><D79/><U27/><E27/><V88/><F88/><N who="3" m="53639" /><G116/><T17/><D99/><U37/><E37/><V101/><F101/><W30/><G68/><T72/><D72/><U119/><E119/><V33/><F33/><W77/><G77/><T61/><D107/><U96/><E96/><V31/><F31/><W85/><G85/><T115/><D115/><U47/><E47/><V3/><REACH who="2" step="1"/><F18/><REACH who="2" ten="146,406,234,204" step="2"/><N who="3" m="10719" /><G60/><T35/><D62/><U91/><E91/><V10/><F10/><W24/><G30/><T110/><D110/><U134/><E134/><V40/><AGARI ba="0,1" hai="3,6,9,12,13,14,40,46,49,52,53,54,81,82" machi="40" ten="30,4000,0" yaku="1,1,0,1,54,1,53,0" doraHai="127" doraHaiUra="108" who="2" fromWho="2" sc="146,-10,406,-20,234,50,204,-10" /><INIT seed="6,0,0,4,4,55" ten="136,386,284,194" oya="2" hai0="22,102,2,105,16,3,122,78,129,124,74,17,58" hai1="39,108,63,68,29,121,34,49,73,5,26,130,106" hai2="10,56,96,47,48,38,4,31,114,87,133,59,37" hai3="9,117,8,44,131,126,40,80,89,35,71,42,128"/><V12/><F114/><W123/><G117/><T86/><D122/><U6/><E108/><V72/><F72/><W100/><G123/><T21/><D74/><U18/><E39/><V69/><F69/><W36/><G71/><T95/><D105/><U11/><E73/><V65/><F133/><W45/><G35/><T76/><D124/><U51/><E121/><V7/><F37/><W107/><G126/><T84/><D95/><U119/><E119/><V99/><F38/><W85/><G42/><T132/><D102/><U92/><E130/><N who="3" m="49706" /><G45/><T97/><D129/><U30/><E30/><V101/><F31/><W70/><G70/><T112/><D97/><AGARI ba="0,0" hai="8,9,36,40,44,80,85,89,97,100,107" m="49706" machi="97" ten="30,1000,0" yaku="19,1" doraHai="55" who="3" fromWho="0" sc="136,-10,386,0,284,0,194,10" /><INIT seed="7,0,0,0,3,13" ten="126,386,284,204" oya="3" hai0="74,98,126,78,6,57,135,121,51,76,37,59,3" hai1="27,130,21,29,112,9,55,15,88,125,89,115,108" hai2="87,43,52,83,116,25,34,85,128,45,84,69,113" hai3="33,61,58,94,109,49,105,102,114,124,72,131,10"/><W106/><G72/><T39/><D121/><U47/><E108/><V77/><F116/><W35/><G109/><T117/><D117/><U32/><E32/><V82/><F69/><W104/><G114/><N who="1" m="43562" /><E130/><V65/><F128/><W107/><G131/><T134/><D74/><U67/><E67/><V8/><F65/><W73/><G73/><T119/><D119/><U53/><E125/><V123/><F43/><W19/><G124/><T18/><D126/><U96/><E96/><V79/><F123/><W12/><G49/><T68/><D68/><U54/><E47/><V64/><F64/><W23/><N who="3" m="26624" /><DORA hai="75" /><W50/><G50/><T28/><D28/><U103/><E103/><V11/><F84/><W31/><G102/><T81/><D81/><U132/><E132/><N who="0" m="50729" /><D98/><U122/><E122/><V24/><F113/><W80/><G80/><T22/><D6/><AGARI ba="0,0" hai="6,9,15,21,27,29,53,54,55,88,89" m="43562" machi="6" ten="30,2000,0" yaku="15,1,54,1" doraHai="13,75" who="1" fromWho="0" sc="126,-20,386,20,284,0,204,0" owari="106,-39.4,406,50.6,284,8.4,204,-19.6" /></mjloggm>