<mjloggm ver="2.3"><GO type="169" lobby="0"/><UN n0="%E3%82%84%E3%81%BE%E6%82%A0%59%59%59%59" n1="%4F%4D%41%4E%54%41" n2="%E3%83%95%E3%82%AF%E3%83%AD%E3%82%A6%E3%82%B5%E3%83%B3" n3="%74%2E%6F%2E%6F%2E%73" dan="17,17,17,17" rate="2214.94,2183.75,2187.47,2132.05" sx="M,M,M,M"/><TAIKYOKU oya="0"/><INIT seed="0,0,0,0,0,18" ten="250,250,250,250" oya="0" hai0="121,105,88,101,113,81,116,108,91,24,36,14,126" hai1="49,34,11,4,13,40,124,28,20,47,0,66,102" hai2="72,97,38,44,111,23,7,85,63,35,79,64,134" hai3="61,67,73,39,114,96,46,70,76,122,129,62,93"/><T83/><D36/><U16/><E124/><V119/><F35/><W54/><G114/><T33/><D113/><U48/><E102/><V133/><F85/><W1/><G1/><T118/><D33/><U65/><E49/><V117/><F7/><W50/><G129/><T5/><D5/><U60/><E60/><V75/><F97/><W45/><G122/><T94/><D14/><U71/><E71/><N who="2" m="42399" /><F79/><W52/><G76/><T55/><D55/><U107/><E107/><V87/><F87/><W30/><G73/><T17/><D121/><U68/><E68/><V84/><F84/><W53/><G30/><T26/><D17/><U131/><E131/><V42/><F23/><W37/><G93/><T98/><D108/><U120/><E120/><V21/><F21/><W43/><G96/><N who="0" m="61607" /><D24/><AGARI ba="0,0" hai="0,4,11,13,16,20,24,28,34,40,47,48,65,66" machi="24" ten="40,8000,1" yaku="24,2,52,1,54,1" doraHai="18" who="1" fromWho="0" sc="250,-80,250,80,250,0,250,0" /><INIT seed="1,0,0,0,4,17" ten="170,330,250,250" oya="1" hai0="110,84,94,61,34,115,91,18,49,20,42,37,64" hai1="111,43,119,11,74,124,26,50,122,41,130,21,82" hai2="71,80,57,108,31,121,48,5,96,70,54,12,133" hai3="10,134,14,83,60,27,9,99,53,103,118,1,15"/><U113/><E113/><V81/><F121/><W46/><G134/><T62/><D110/><U39/><E122/><V51/><F108/><W32/><G118/><T79/><D115/><U7/><E111/><V90/><F133/><W128/><G128/><T8/><D34/><U28/><E119/><V98/><F31/><W120/><G120/><T87/><D37/><U25/><E39/><V58/><F12/><W107/><G1/><T135/><D8/><U106/><E106/><V29/><F29/><W75/><G32/><T97/><D135/><U33/><E130/><V19/><F19/><W47/><G27/><T30/><D30/><U16/><E124/><V3/><F3/><W116/><G116/><T66/><D79/><U129/><E129/><V125/><F90/><W131/><G131/><T63/><D49/><U40/><E82/><V0/><F0/><W73/><G60/><T65/><REACH who="0" step="1"/><D42/><REACH who="0" ten="160,330,250,250" step="2"/><U132/><E132/><V88/><F48/><W24/><G9/><T56/><D56/><U101/><E50/><V112/><F112/><W22/><G10/><T85/><D85/><U114/><E114/><V126/><F57/><W95/><G73/><T44/><D44/><U92/><E74/><V72/><F72/><W13/><G46/><T23/><D23/><N who="1" m="13543" /><E33/><V127/><F127/><W38/><G38/><T117/><D117/><U109/><E109/><V4/><F51/><W102/><G75/><T45/><D45/><U93/><E11/><V52/><F58/><W76/><G47/><T69/><D69/><U86/><E41/><V55/><F126/><W104/><G76/><RYUUKYOKU ba="0,1" sc="160,30,330,-10,250,-10,250,-10" hai0="18,20,61,62,63,64,65,66,84,87,91,94,97" /><INIT seed="2,1,1,3,3,45" ten="190,320,240,240" oya="2" hai0="72,134,1,71,38,107,7,47,98,80,56,78,2" hai1="133,34,122,31,50,58,6,125,117,93,0,66,75" hai2="63,116,111,96,42,27,73,18,37,121,112,3,64" hai3="61,65,81,94,41,84,28,67,91,131,11,135,24"/><V22/><F112/><W83/><G131/><T33/><D134/><U114/><E75/><V43/><F116/><W86/><G135/><T128/><D128/><U54/><E133/><V16/><F121/><W4/><G41/><T105/><D56/><U62/><E114/><V10/><F73/><W101/><G101/><T26/><D71/><U44/><E117/><V88/><F37/><W35/><G61/><T15/><D15/><U95/><E125/><V12/><F3/><W57/><G57/><T32/><D1/><U76/><E76/><V60/><F111/><W19/><G19/><T124/><D124/><U127/><E127/><V102/><F60/><W51/><G51/><T109/><D109/><U103/><E103/><V110/><F110/><W20/><G35/><N who="0" m="13387" /><D98/><U99/><E99/><V115/><F115/><W9/><G94/><T49/><D49/><U52/><E122/><V48/><F48/><W118/><G118/><T25/><D25/><U46/><E46/><V126/><F126/><W120/><G120/><T87/><D87/><U8/><REACH who="1" step="1"/><E54/><REACH who="1" ten="190,310,240,240" step="2"/><V23/><F102/><W104/><G104/><T85/><D85/><U89/><E89/><V119/><F119/><W82/><G82/><T21/><D107/><U13/><E13/><V5/><F96/><W69/><G81/><T59/><D105/><U108/><E108/><V14/><REACH who="2" step="1"/><F88/><REACH who="2" ten="190,310,230,240" step="2"/><W29/><G91/><T123/><D123/><U97/><E97/><V90/><F90/><W92/><G84/><T129/><D72/><U130/><E130/><V70/><AGARI ba="1,3" hai="5,10,12,14,16,18,22,23,27,42,43,63,64,70" machi="70" ten="20,18000,2" yaku="1,1,0,1,7,1,54,1,53,2" doraHai="45" doraHaiUra="39" who="2" fromWho="2" sc="190,-61,310,-61,230,213,240,-61" /><INIT seed="2,2,0,5,3,63" ten="129,249,443,179" oya="2" hai0="119,87,106,6,118,89,70,74,25,80,90,54,46" hai1="123,22,15,34,36,14,43,93,67,76,51,11,86" hai2="111,33,7,65,81,24,135,37,18,128,28,47,57" hai3="12,114,41,77,29,134,27,122,96,2,129,13,9"/><V42/><F128/><W23/><G41/><T56/><D70/><U21/><E34/><V31/><F135/><W105/><G77/><T10/><D106/><U19/><E36/><V40/><F28/><W59/><G105/><T66/><D74/><U60/><E123/><V91/><F7/><N who="3" m="1271" /><G59/><T17/><D25/><U124/><E124/><V104/><F104/><W112/><G96/><T72/><D72/><U20/><E43/><V35/><F40/><W113/><G122/><T38/><D90/><U101/><E51/><V55/><F111/><W1/><G1/><T107/><D107/><U64/><E60/><V26/><F81/><W109/><G129/><T71/><D17/><U83/><E15/><N who="3" m="5706" /><G134/><T100/><D100/><U78/><E78/><V3/><F3/><W88/><G88/><T126/><D46/><U125/><E125/><V117/><F91/><W103/><G103/><T133/><D38/><U61/><E61/><V73/><F73/><W130/><G130/><T44/><D44/><U85/><E85/><V120/><F120/><W48/><G48/><N who="0" m="30791" /><D133/><U97/><AGARI ba="2,0" hai="11,14,19,20,21,22,64,67,76,83,86,93,97,101" machi="97" ten="30,7900,0" yaku="0,1,8,1,52,2" doraHai="63" who="1" fromWho="1" sc="129,-22,249,85,443,-41,179,-22" /><INIT seed="3,0,0,4,2,134" ten="107,334,402,157" oya="3" hai0="93,21,63,106,23,126,62,29,7,73,18,40,55" hai1="83,121,109,58,130,116,26,100,50,34,119,33,110" hai2="2,14,11,84,13,104,127,120,91,3,45,113,35" hai3="43,132,107,99,67,82,27,96,74,6,85,103,87"/><W81/><G132/><T111/><D106/><U98/><E121/><V88/><F104/><W105/><G43/><T69/><D73/><U71/><E71/><V44/><F113/><W0/><G67/><T9/><D111/><N who="1" m="42507" /><E130/><V37/><F35/><N who="1" m="13321" /><E26/><V78/><F78/><N who="3" m="44247" /><G27/><T17/><D29/><U64/><E83/><V61/><F61/><W89/><G6/><T90/><D69/><U128/><E128/><V125/><F120/><W117/><G0/><T42/><D7/><U4/><E4/><V8/><F84/><N who="3" m="50327" /><G117/><T86/><D86/><N who="3" m="32777" /><G96/><T38/><D38/><AGARI ba="0,0" hai="2,3,8,11,13,14,37,38,44,45,88,91,125,127" machi="38" ten="25,8000,1" yaku="22,2,52,2,54,1" doraHai="134" who="2" fromWho="0" sc="107,-80,334,0,402,80,157,0" /><INIT seed="4,0,0,3,0,38" ten="27,334,482,157" oya="0" hai0="3,12,95,70,11,134,96,25,73,81,121,105,54" hai1="127,43,63,17,132,7,39,79,94,59,64,131,53" hai2="32,24,69,36,62,99,125,100,93,34,97,77,89" hai3="135,103,90,46,67,80,76,29,85,18,30,74,9"/><T107/><D121/><U56/><E131/><V68/><F125/><W109/><G109/><T42/><D134/><U20/><E127/><V122/><F122/><W61/><G135/><T51/><D3/><U16/><E132/><V26/><F36/><W118/><G118/><T6/><D70/><U128/><E128/><V119/><F77/><W87/><G103/><T86/><D73/><U111/><E111/><V115/><F115/><W124/><G124/><T101/><D25/><U52/><E7/><V15/><F119/><W28/><G46/><T22/><D22/><U47/><E79/><V84/><F15/><W27/><G9/><T114/><D114/><U31/><E94/><V48/><F48/><W88/><G18/><T13/><D13/><U116/><E116/><V60/><F84/><W110/><G110/><T19/><D19/><U2/><E2/><V71/><F89/><W83/><G74/><T33/><D33/><U98/><E98/><N who="2" m="37387" /><F93/><W106/><G106/><T112/><D112/><U50/><E31/><V126/><F100/><W65/><G65/><T58/><REACH who="0" step="1"/><D42/><REACH who="0" ten="17,334,482,157" step="2"/><U133/><E133/><V37/><F126/><W1/><G1/><T129/><D129/><U45/><REACH who="1" step="1"/><E20/><REACH who="1" ten="17,324,482,157" step="2"/><V10/><F32/><W14/><G14/><T41/><D41/><U123/><E123/><V4/><F34/><W113/><G113/><T108/><D108/><U72/><E72/><V21/><F21/><W57/><G27/><T23/><D23/><U75/><E75/><V55/><F24/><W120/><G120/><T8/><D8/><U92/><E92/><V49/><F26/><RYUUKYOKU ba="0,2" sc="17,10,324,10,482,-30,157,10" hai0="6,11,12,51,54,58,81,86,95,96,101,105,107" hai1="16,17,39,43,45,47,50,52,53,56,59,63,64" hai3="28,29,30,57,61,67,76,80,83,85,87,88,90" /><INIT seed="4,1,2,4,4,78" ten="27,334,452,167" oya="0" hai0="80,17,107,135,14,116,11,52,82,43,27,70,28" hai1="130,123,9,29,15,96,83,63,100,25,46,31,23" hai2="5,2,53,110,73,55,74,40,41,39,133,128,47" hai3="1,87,122,32,44,99,97,101,134,67,69,54,60"/><T56/><D116/><U0/><E123/><V19/><F110/><W118/><G118/><T48/><D107/><U26/><E0/><V90/><F128/><W34/><G1/><T125/><D70/><U106/><E130/><V124/><F124/><W85/><G134/><T22/><D125/><U50/><E63/><V51/><F133/><W21/><G97/><T114/><D135/><U49/><E46/><V108/><F108/><W62/><G21/><N who="0" m="15471" /><D114/><U58/><E58/><V95/><F55/><W4/><G4/><N who="0" m="3431" /><D43/><U72/><E26/><AGARI ba="1,2" hai="17,22,26,48,52,56,80,82" m="3431,15471" machi="26" ten="30,11600,0" yaku="8,1,52,2,54,1" doraHai="78" who="0" fromWho="1" sc="27,139,334,-119,452,0,167,0" /><INIT seed="4,2,0,1,0,26" ten="166,215,452,167" oya="0" hai0="86,88,109,75,15,35,60,39,3,106,124,64,54" hai1="68,98,57,47,44,48,121,111,76,112,107,63,128" hai2="94,49,25,134,41,23,5,71,55,92,66,113,13" hai3="11,135,115,99,4,22,84,130,65,18,20,108,82"/><T19/><D3/><U74/><E111/><V37/><F113/><W85/><G108/><T110/><D75/><U8/><E121/><V89/><F134/><W117/><G117/><T31/><D106/><U100/><E112/><V69/><F37/><W2/><G115/><T46/><D124/><U9/><E128/><V125/><F41/><W62/><G135/><T87/><D87/><U38/><E68/><V116/><F66/><W126/><G130/><T58/><D35/><U33/><E33/><V61/><F61/><W72/><G126/><T53/><D31/><U120/><E120/><V114/><F94/><W1/><G1/><T123/><D123/><U17/><E38/><V50/><F50/><W40/><G40/><T122/><D122/><U90/><E90/><V7/><F116/><W27/><G99/><T129/><D129/><U77/><E44/><V104/><F104/><W131/><G131/><T14/><D14/><U78/><E74/><V29/><F125/><W101/><G101/><T119/><D119/><U93/><E17/><N who="2" m="10671" /><F69/><W132/><G132/><T118/><D118/><U70/><E70/><V52/><F55/><N who="0" m="21002" /><D46/><U42/><E107/><V91/><F71/><W97/><G97/><T95/><D39/><U36/><E36/><V127/><F127/><W28/><G72/><T105/><D105/><U80/><E80/><V16/><F92/><W12/><REACH who="3" step="1"/><G82/><REACH who="3" ten="166,215,452,157" step="2"/><T45/><D110/><U51/><E42/><V96/><F114/><W10/><G10/><N who="1" m="4202" /><E47/><V81/><F81/><W133/><G133/><T83/><D109/><U102/><E102/><V67/><F96/><RYUUKYOKU ba="2,1" sc="166,-15,215,15,452,-15,157,15" hai1="48,51,57,63,76,77,78,93,98,100" hai3="2,4,11,12,18,20,22,27,28,62,65,84,85" /><INIT seed="5,3,1,4,0,60" ten="151,230,437,172" oya="1" hai0="45,81,14,95,57,36,113,32,12,50,93,26,118" hai1="24,84,105,114,10,29,94,135,112,115,62,101,13" hai2="33,34,122,23,91,100,72,27,7,90,16,124,20" hai3="78,98,8,18,37,70,15,9,22,92,71,110,69"/><U56/><E135/><V5/><F72/><W130/><G110/><T108/><D108/><U47/><E47/><V103/><F27/><W85/><G37/><T109/><D109/><U2/><E2/><V65/><F124/><W86/><G130/><T106/><D118/><U121/><E121/><V80/><F80/><W127/><G127/><T54/><D106/><U107/><E84/><V123/><F16/><W131/><G131/><T1/><D1/><U4/><E94/><V82/><F82/><W46/><G46/><T17/><D113/><U129/><E101/><V67/><AGARI ba="3,1" hai="5,7,20,23,33,34,65,67,90,91,100,103,122,123" machi="67" ten="25,8000,1" yaku="0,1,22,2,52,2" doraHai="60" who="2" fromWho="2" sc="151,-23,230,-43,437,99,172,-23" /><INIT seed="6,0,0,0,1,28" ten="128,187,536,149" oya="2" hai0="4,23,26,48,12,121,51,69,1,92,124,79,47" hai1="15,65,129,34,63,90,115,91,66,37,19,76,60" hai2="67,123,24,125,55,81,64,119,9,62,97,127,114" hai3="6,0,122,18,133,50,113,53,110,106,108,29,41"/><V70/><F119/><W32/><G122/><T87/><D121/><U49/><E37/><V42/><F123/><W98/><G41/><T14/><D124/><N who="2" m="47690" /><F114/><W99/><G18/><T3/><D69/><U54/><E76/><V105/><F64/><W128/><G6/><T5/><D51/><U95/><E34/><V57/><F81/><W132/><G0/><T39/><D39/><U86/><E129/><V16/><F42/><W71/><G71/><T93/><D1/><U111/><E111/><V100/><F9/><W46/><G128/><T11/><D3/><U107/><E107/><V20/><F55/><W80/><G80/><N who="0" m="47519" /><D14/><U43/><E43/><V135/><F135/><N who="3" m="51787" /><G113/><T77/><D4/><U120/><E115/><V131/><F131/><W85/><G85/><T103/><D77/><U134/><E134/><V10/><F10/><W8/><G8/><T30/><D103/><U31/><E120/><V117/><F117/><W94/><G106/><T40/><AGARI ba="0,0" hai="5,11,12,23,26,30,40,47,48,92,93" m="47519" machi="40" ten="30,2000,0" yaku="25,1,8,1" doraHai="28" who="0" fromWho="0" sc="128,20,187,-5,536,-10,149,-5" /><INIT seed="7,0,0,0,2,128" ten="148,182,526,144" oya="3" hai0="69,46,3,51,122,64,44,129,21,73,104,30,28" hai1="82,0,87,101,84,114,108,125,23,121,26,20,18" hai2="55,112,93,11,116,2,90,132,70,41,40,72,6" hai3="76,43,130,83,39,126,74,111,119,75,123,49,91"/><W14/><G119/><T25/><D122/><U15/><E108/><V52/><F132/><W42/><G123/><T86/><D73/><U134/><E0/><V71/><F72/><W110/><G130/><T100/><D129/><U5/><E134/><V37/><F112/><W29/><G126/><T79/><D3/><U47/><E121/><V88/><F116/><W107/><G39/><T27/><D104/><U95/><E114/><V120/><F120/><W50/><G107/><T34/><D100/><U102/><E47/><V22/><F22/><W1/><G1/><T118/><D118/><U135/><E135/><V10/><F93/><W56/><G29/><T68/><D44/><U78/><E125/><V33/><F33/><W58/><G14/><T99/><D99/><U67/><E67/><V60/><F60/><W38/><G38/><T32/><D21/><U31/><E5/><V81/><F81/><W113/><G113/><T66/><D68/><U127/><E127/><V53/><F37/><W61/><G91/><AGARI ba="0,0" hai="15,18,20,23,26,31,78,82,84,87,91,95,101,102" machi="91" ten="40,1300,0" yaku="8,1" doraHai="128" who="1" fromWho="3" sc="148,0,182,13,526,0,144,-13" owari="148,-25.2,195,-0.5,526,62.6,131,-36.9" /></mjloggm>