<mjloggm ver="2.3"><GO type="225" lobby="0"/><UN n0="%E9%B3%B4%E8%8C%B6" n1="%E7%89%B9%E6%9D%B1%E3%81%AF%E4%B8%96%E7%95%8C%E3%82%92%E6%95%91%E3%81%86" n2="%E5%85%83%E3%82%AB%E3%83%8E%E7%B3%BB%E3%83%92%E3%83%AD%E3%82%A4%E3%83%B3" n3="%E5%B0%8F%E9%B3%A5%E9%81%8A%E7%B7%B4%E7%84%A1%32%31%E6%AD%B3" dan="16,16,16,16" rate="2145.56,2142.33,2176.51,2173.91" sx="M,M,M,F"/><TAIKYOKU oya="0"/><INIT seed="0,0,0,2,2,121" ten="250,250,250,250" oya="0" hai0="67,28,17,91,102,47,6,24,0,37,66,90,134" hai1="19,132,36,105,40,81,73,55,5,128,25,111,76" hai2="68,14,84,77,98,112,9,2,123,15,129,45,89" hai3="61,85,133,44,86,51,53,107,13,108,72,7,3"/><T79/><D134/><U49/><E132/><V12/><F123/><W100/><G72/><T54/><D102/><U69/><E105/><V34/><F112/><W70/><G3/><T126/><D126/><U52/><E69/><V106/><F34/><W83/><G133/><T117/><D117/><U119/><E119/><V63/><F129/><W130/><G130/><T50/><D79/><U122/><E122/><V16/><F2/><W29/><G29/><T27/><D37/><U39/><E128/><V131/><F131/><W87/><G100/><T42/><D6/><U135/><E135/><V59/><F68/><W43/><G107/><T101/><D101/><U22/><E5/><V56/><F106/><W96/><G96/><T57/><D0/><U41/><E111/><V30/><F30/><W80/><G108/><T75/><D17/><U1/><E1/><V71/><F45/><W118/><G118/><T58/><D75/><U35/><E35/><V60/><F71/><W11/><G70/><T88/><D58/><AGARI ba="0,0" hai="7,11,13,43,44,51,53,58,61,80,83,85,86,87" machi="58" ten="40,1300,0" yaku="8,1" doraHai="121" who="3" fromWho="0" sc="250,-13,250,0,250,0,250,13" /><INIT seed="1,0,0,5,1,125" ten="237,250,250,263" oya="1" hai0="39,56,120,84,91,61,8,83,4,29,25,128,130" hai1="38,44,2,69,108,70,16,15,49,92,94,3,112" hai2="98,100,113,71,6,0,43,76,36,103,19,42,135" hai3="54,111,24,75,1,126,97,89,106,60,95,86,48"/><U64/><E112/><V114/><F71/><W45/><G1/><T99/><D39/><U122/><E122/><V33/><F33/><W5/><G5/><T53/><D120/><U26/><E38/><V131/><F76/><W81/><G126/><T102/><D8/><U51/><E26/><V58/><F135/><W115/><G115/><N who="2" m="44041" /><F58/><W40/><G111/><T23/><REACH who="0" step="1"/><D4/><REACH who="0" ten="227,250,250,263" step="2"/><U30/><E108/><V21/><F36/><W46/><G75/><T27/><D27/><U123/><E123/><V78/><F6/><W72/><G24/><T62/><D62/><U79/><E3/><V59/><F0/><W31/><G60/><T90/><D90/><U7/><E7/><V109/><F109/><W18/><G72/><T41/><D41/><N who="2" m="15370" /><F78/><W110/><G110/><T88/><D88/><U133/><E79/><V119/><F100/><W134/><G40/><T57/><D57/><U68/><E2/><V132/><F59/><W11/><G89/><T85/><D85/><U116/><E70/><V50/><F50/><W14/><G48/><T65/><D65/><U67/><E68/><V55/><F55/><W96/><G54/><T52/><D52/><U10/><E69/><V32/><F103/><W13/><G86/><T66/><D66/><U129/><E67/><V47/><F47/><W35/><G45/><T82/><D82/><U37/><E64/><V22/><F98/><W87/><G96/><T9/><D9/><U74/><E37/><V118/><F118/><W127/><G11/><T107/><AGARI ba="0,1" hai="23,25,29,53,56,61,83,84,91,99,102,107,128,130" machi="107" ten="30,7900,0" yaku="1,1,0,1,52,2,53,0" doraHai="125" doraHaiUra="63" who="0" fromWho="0" sc="227,89,250,-39,250,-20,263,-20" /><INIT seed="2,0,0,4,1,70" ten="316,211,230,243" oya="2" hai0="125,20,59,37,113,121,105,132,127,80,48,83,73" hai1="116,93,134,109,38,45,2,23,57,49,69,30,4" hai2="22,5,43,110,35,115,68,25,61,46,120,14,94" hai3="77,101,54,60,89,16,74,92,18,56,26,72,21"/><V41/><F115/><W65/><G77/><T103/><D113/><U36/><E116/><V106/><F120/><W79/><G79/><T96/><D121/><U66/><E69/><V10/><F106/><W24/><G101/><T111/><D73/><U9/><E109/><V6/><F35/><W40/><G40/><T87/><D111/><U119/><E119/><V124/><F110/><W0/><G0/><T12/><D37/><U19/><E30/><V52/><F124/><N who="0" m="47690" /><D132/><U63/><E93/><V58/><F68/><W86/><G65/><T64/><D87/><U107/><E107/><V44/><F5/><W33/><G33/><T117/><D117/><U114/><E134/><V15/><F15/><W31/><G31/><T62/><D48/><U53/><REACH who="1" step="1"/><E114/><REACH who="1" ten="316,201,230,243" step="2"/><V130/><F94/><W32/><G32/><T78/><D78/><U1/><E1/><V3/><F3/><W99/><G99/><T98/><D98/><U118/><E118/><V122/><F122/><W42/><G92/><T55/><D96/><U133/><E133/><V95/><F95/><W112/><G112/><T29/><D29/><U90/><E90/><V13/><F130/><W108/><G89/><T28/><D28/><U39/><E39/><V82/><F82/><W102/><G108/><T11/><D105/><U81/><E81/><V17/><F25/><AGARI ba="0,1" hai="2,4,9,19,23,25,36,38,45,49,53,57,63,66" machi="25" ten="30,12000,2" yaku="1,1,7,1,52,2,53,2" doraHai="70" doraHaiUra="71" who="1" fromWho="2" sc="316,0,201,130,230,-120,243,0" /><INIT seed="3,0,0,1,2,102" ten="316,331,110,243" oya="3" hai0="56,65,90,44,106,130,110,133,8,16,83,82,123" hai1="92,99,5,118,73,104,111,52,12,80,129,7,59" hai2="29,71,58,125,87,127,4,101,68,54,31,66,126" hai3="105,39,100,67,134,0,135,121,132,47,41,98,51"/><W14/><G121/><T9/><D106/><U20/><E104/><V50/><F4/><W21/><G0/><T74/><D123/><U49/><E111/><V30/><F87/><W75/><G75/><T55/><D74/><U97/><E129/><V94/><F94/><W79/><G79/><T64/><D110/><U124/><E124/><V18/><F66/><N who="0" m="25706" /><D133/><U112/><E112/><V23/><F101/><W120/><G120/><T96/><D130/><U57/><E118/><V131/><F131/><W72/><G72/><T35/><D35/><U33/><E33/><V76/><F76/><W61/><G14/><N who="0" m="7239" /><D9/><U108/><E108/><V113/><F18/><W93/><G21/><T36/><D44/><N who="1" m="27687" /><E73/><V88/><F23/><W84/><G84/><T128/><D36/><U37/><E37/><V62/><F50/><W48/><REACH who="3" step="1"/><G93/><REACH who="3" ten="316,331,110,233" step="2"/><N who="0" m="56375" /><D128/><U32/><E32/><V89/><REACH who="2" step="1"/><F113/><REACH who="2" ten="316,331,100,233" step="2"/><W70/><AGARI ba="0,2" hai="39,41,47,48,51,61,67,70,98,100,105,132,134,135" machi="70" ten="30,11700,0" yaku="1,1,0,1,20,1,52,1,53,0" doraHai="102" doraHaiUra="27" who="3" fromWho="3" sc="316,-39,331,-39,100,-39,233,137" owari="277,-12.3,292,9.2,61,-43.9,370,47.0" /></mjloggm>