<mjloggm ver="2.3"><GO type="169" lobby="0"/><UN n0="%E8%B5%A4%E7%BE%8E%E6%BF%83%E3%81%BE%E3%81%90%E3%82%8D" n1="%47%68%6F%73%74%55%30" n2="%E5%A4%A9%E6%89%8D%E9%BA%BB%E5%B0%86%E6%99%BA%E4%B9%83" n3="%E3%80%8C%E3%82%AD%E3%82%BF%E3%80%8D" dan="17,16,16,16" rate="2214.88,2108.92,2168.84,2042.39" sx="M,M,M,M"/><TAIKYOKU oya="0"/><INIT seed="0,0,0,3,0,65" ten="250,250,250,250" oya="0" hai0="16,61,8,110,114,43,14,52,47,124,127,6,50" hai1="95,17,7,93,45,54,130,131,40,31,104,80,82" hai2="113,62,1,60,128,102,81,64,76,24,84,30,53" hai3="46,3,10,115,33,99,34,23,116,19,39,49,122"/><T89/><D114/><U44/><E104/><V73/><F113/><W129/><G115/><T2/><D110/><U18/><E54/><V41/><F1/><W121/><G39/><T29/><D29/><U12/><E31/><V63/><F128/><W37/><G37/><T0/><D89/><U94/><E7/><V92/><F41/><W55/><G116/><T96/><D96/><U101/><E101/><V4/><F4/><W107/><G129/><N who="1" m="49162" /><E40/><V91/><F102/><N who="3" m="62943" /><G10/><T13/><D13/><U48/><E48/><V132/><F132/><W133/><G3/><T106/><D106/><U68/><E68/><V125/><F125/><N who="0" m="48202" /><D6/><U90/><E90/><V67/><REACH who="2" step="1"/><F53/><REACH who="2" ten="250,250,240,250" step="2"/><W58/><G133/><T109/><D109/><U112/><E112/><V126/><F126/><W5/><G5/><T21/><D8/><N who="1" m="6279" /><E18/><V15/><F15/><N who="3" m="9727" /><G46/><AGARI ba="0,1" hai="44,45,46,80,82,93,94,95" m="6279,49162" machi="46" ten="30,1000,0" yaku="19,1" doraHai="65" who="1" fromWho="3" sc="250,0,250,20,240,0,250,-10" /><INIT seed="1,0,0,5,3,105" ten="250,270,240,240" oya="1" hai0="49,8,16,31,120,26,9,22,97,15,29,35,80" hai1="119,79,65,113,51,128,115,33,130,10,53,108,4" hai2="28,42,44,96,24,127,68,66,7,116,98,124,63" hai3="74,45,101,2,110,50,114,1,12,64,73,82,87"/><U72/><E119/><V91/><F7/><W37/><G114/><T111/><D111/><U112/><E33/><V30/><F116/><W90/><G37/><T121/><D97/><U61/><E108/><V47/><F91/><W56/><G101/><T27/><D49/><U52/><E79/><V129/><F129/><N who="1" m="49769" /><E72/><V55/><F55/><W5/><G110/><T93/><D93/><U132/><E132/><V6/><F6/><W107/><G107/><T41/><D41/><U18/><E18/><V76/><F76/><W67/><G2/><T75/><D80/><U94/><E94/><V59/><F68/><W118/><G1/><T19/><D75/><U126/><E126/><N who="2" m="48171" /><F47/><W38/><G38/><T0/><D0/><N who="1" m="263" /><E51/><N who="2" m="27031" /><F30/><W92/><G118/><T135/><D135/><U54/><E54/><V125/><N who="2" m="48179" /><V78/><DORA hai="83" /><F78/><W71/><G71/><AGARI ba="0,0" hai="52,53,61,65,71,112,113,115" m="263,49769" machi="71" ten="40,3900,0" yaku="19,1,54,1" doraHai="105,83" who="1" fromWho="3" sc="250,0,270,39,240,0,240,-39" /><INIT seed="1,1,0,3,4,87" ten="250,309,240,201" oya="1" hai0="22,29,58,134,18,130,77,50,100,54,112,90,113" hai1="70,64,10,108,85,117,96,132,5,88,38,124,59" hai2="102,103,93,61,47,98,8,4,116,13,43,26,71" hai3="114,111,52,75,73,74,21,91,42,63,33,2,55"/><U45/><E117/><V121/><F116/><W72/><G33/><T57/><D130/><U123/><E123/><V60/><F121/><W81/><G114/><T32/><D134/><U25/><E132/><V109/><F109/><W84/><G2/><T133/><D133/><U65/><E70/><V53/><F71/><W131/><G131/><T17/><D100/><U41/><E124/><V69/><F69/><W39/><G111/><T1/><D1/><U16/><E108/><V120/><F120/><W126/><BYE who="2" /><G126/><T119/><D119/><U35/><E96/><V110/><F110/><W31/><N who="3" m="18432" /><DORA hai="49" /><W24/><REACH who="3" step="1"/><G63/><REACH who="3" ten="250,309,240,191" step="2"/><UN n2="%E5%A4%A9%E6%89%8D%E9%BA%BB%E5%B0%86%E6%99%BA%E4%B9%83" /><T44/><D113/><U9/><E35/><V51/><F61/><W67/><G67/><T135/><D112/><U105/><E64/><V48/><F60/><W106/><G106/><T118/><D118/><U20/><E65/><V11/><F8/><W34/><G34/><T99/><D135/><U76/><E105/><V129/><F129/><W80/><G80/><T115/><D115/><U62/><E9/><V68/><F68/><W56/><G56/><T36/><D58/><U0/><E59/><N who="2" m="33191" /><F26/><W86/><G86/><T3/><D57/><U94/><REACH who="1" step="1"/><E62/><REACH who="1" ten="250,299,240,191" step="2"/><V40/><F103/><W27/><G27/><T82/><D32/><U107/><E107/><V95/><F102/><W28/><G28/><T97/><D29/><U125/><E125/><V19/><F98/><W92/><G92/><T122/><D99/><U83/><E83/><V7/><F95/><W6/><G6/><N who="2" m="2089" /><F93/><W12/><G12/><T104/><D97/><U101/><E101/><RYUUKYOKU ba="1,2" sc="250,-30,299,10,240,10,191,10" hai1="0,5,10,16,20,25,38,41,45,76,85,88,94" hai2="11,13,19,40,43,47,51" hai3="21,24,31,39,42,52,55,81,84,91" /><INIT seed="1,2,2,4,5,87" ten="220,309,250,201" oya="1" hai0="68,109,67,100,59,50,76,79,45,4,0,42,70" hai1="13,66,15,130,120,26,32,8,119,52,35,21,2" hai2="40,25,10,17,128,20,116,75,31,88,60,69,46" hai3="84,14,48,9,43,134,124,7,111,118,110,23,29"/><U37/><E120/><V98/><F116/><W106/><G106/><T47/><D109/><N who="3" m="41481" /><G118/><T24/><D100/><U108/><E119/><V55/><F75/><W57/><G124/><T103/><D103/><U74/><E37/><V53/><F128/><W64/><G134/><T96/><D96/><U39/><E39/><V18/><F69/><W121/><G121/><T38/><D4/><U129/><E74/><V58/><F55/><N who="3" m="31975" /><G64/><T86/><D0/><U89/><E66/><V27/><F10/><W81/><G43/><T123/><D123/><U41/><E2/><V36/><F27/><W117/><G117/><T22/><D68/><U61/><E41/><V92/><AGARI ba="2,2" hai="17,18,20,25,31,36,40,46,53,58,60,88,92,98" machi="92" ten="30,4000,0" yaku="0,1,52,1,54,1" doraHai="87" who="2" fromWho="2" sc="220,-12,309,-22,250,66,201,-12" /><INIT seed="2,0,0,0,1,107" ten="208,287,316,189" oya="2" hai0="100,109,15,75,80,102,115,126,76,89,83,79,45" hai1="32,113,104,59,133,38,44,20,54,84,6,114,120" hai2="135,129,42,37,62,112,36,25,134,73,117,90,103" hai3="97,46,48,12,74,58,65,13,33,63,106,70,93"/><V39/><F112/><W14/><G106/><T91/><D115/><U19/><E32/><V43/><F117/><W85/><G33/><T55/><D15/><U26/><E104/><V110/><F103/><N who="0" m="39466" /><D55/><U56/><E133/><N who="2" m="50699" /><F129/><W101/><G85/><N who="0" m="48287" /><D45/><U30/><E120/><V124/><F124/><W82/><G82/><N who="0" m="45343" /><D126/><U34/><E6/><V10/><F62/><W61/><G61/><T9/><D9/><U86/><E56/><V7/><F25/><W94/><G70/><T125/><D125/><U92/><E113/><V2/><F43/><W111/><G48/><T60/><D60/><U99/><E44/><V122/><F42/><W121/><G46/><T128/><D128/><U78/><E38/><V40/><F40/><W95/><G121/><T105/><D109/><U53/><E114/><V108/><F122/><W87/><G111/><N who="2" m="42537" /><F73/><W71/><G74/><T41/><D41/><U29/><E53/><V31/><F31/><W81/><REACH who="3" step="1"/><G71/><REACH who="3" ten="208,287,316,179" step="2"/><T50/><D50/><U0/><E34/><V17/><F17/><W132/><G132/><T68/><D68/><U51/><E19/><V47/><F47/><W49/><G49/><T8/><D105/><U131/><E131/><V4/><F4/><W64/><G64/><T116/><D116/><U88/><E29/><V1/><F1/><W72/><G72/><T11/><D83/><N who="1" m="47223" /><E0/><V66/><F66/><W35/><G35/><T96/><D96/><AGARI ba="0,1" hai="20,26,30,51,54,59,86,88,92,96,99" m="47223" machi="96" ten="30,2000,0" yaku="8,1,54,1" doraHai="107" who="1" fromWho="0" sc="208,-20,287,30,316,0,179,0" /><INIT seed="3,0,0,0,5,93" ten="188,317,316,179" oya="3" hai0="25,65,125,26,53,112,123,84,28,51,100,122,2" hai1="124,59,71,73,30,52,5,92,69,120,105,107,94" hai2="39,90,109,108,23,67,88,128,31,49,104,111,45" hai3="91,101,118,19,58,97,126,113,83,43,77,18,115"/><W42/><G118/><T55/><D2/><U38/><E120/><V66/><F104/><W11/><G126/><T17/><D125/><U7/><E38/><V132/><F39/><W106/><G91/><N who="2" m="34857" /><F132/><W64/><G115/><T98/><D112/><U110/><E73/><V37/><F37/><W116/><G116/><T4/><D4/><U12/><E110/><V60/><F128/><W29/><G29/><T75/><D75/><U119/><E30/><V89/><N who="2" m="34865" /><V20/><DORA hai="16" /><F31/><W82/><G82/><T87/><D17/><U133/><E124/><V80/><F80/><W131/><G131/><T6/><D6/><U36/><E36/><V24/><F24/><W70/><G70/><T40/><D40/><U48/><E133/><V121/><F121/><W68/><G68/><T13/><D13/><U99/><E105/><V54/><F67/><W3/><G3/><T35/><D65/><U50/><E69/><AGARI ba="0,0" hai="20,23,45,49,54,60,66,69,108,109,111" m="34865" machi="69" ten="40,8000,1" yaku="14,1,52,2,54,1" doraHai="93,16" who="2" fromWho="1" sc="188,0,317,-80,316,80,179,0" /><INIT seed="4,0,0,0,2,7" ten="188,237,396,179" oya="0" hai0="92,12,39,114,89,77,128,52,125,104,16,123,40" hai1="17,81,57,74,103,56,37,73,5,26,83,49,42" hai2="6,90,129,9,130,51,4,93,47,87,97,116,53" hai3="82,43,62,13,69,98,60,124,70,117,48,8,94"/><T86/><D123/><U50/><E37/><V118/><F97/><W21/><G117/><N who="2" m="45161" /><F4/><W99/><G124/><T15/><D104/><U27/><E5/><V20/><F20/><W36/><G36/><T66/><D125/><U100/><E42/><V2/><AGARI ba="0,0" hai="2,6,9,47,51,53,87,90,93,129,130" m="45161" machi="2" ten="30,2000,0" yaku="12,1,52,1" doraHai="7" who="2" fromWho="2" sc="188,-10,237,-5,396,20,179,-5" /><INIT seed="5,0,0,4,0,5" ten="178,232,416,174" oya="1" hai0="90,2,104,30,29,108,93,110,3,27,25,23,88" hai1="101,98,31,134,73,14,86,69,41,71,17,112,122" hai2="15,10,38,56,99,54,92,82,128,87,124,32,103" hai3="62,67,74,65,91,44,89,48,102,100,1,13,111"/><U119/><E119/><V113/><F128/><W46/><G1/><T70/><D70/><U94/><E73/><V43/><F32/><W50/><G74/><T53/><D104/><U127/><E122/><V42/><F38/><W131/><G131/><T78/><D78/><U12/><E112/><V37/><F37/><W133/><G62/><T84/><D3/><U118/><E118/><V36/><F36/><W120/><G13/><T11/><D53/><U96/><E134/><V16/><F124/><W59/><G59/><T8/><D2/><U9/><E31/><V123/><F113/><W7/><G7/><T35/><REACH who="0" step="1"/><D90/><REACH who="0" ten="168,232,416,174" step="2"/><U106/><E127/><V33/><F123/><W4/><G120/><T105/><D105/><U52/><E41/><V24/><F43/><W47/><G133/><T20/><D20/><U6/><E52/><V132/><F42/><W26/><G91/><T57/><D57/><U109/><E109/><AGARI ba="0,1" hai="8,11,23,25,27,29,30,35,84,88,93,108,109,110" machi="109" ten="40,8000,1" yaku="1,1,52,2,54,1,53,0" doraHai="5" doraHaiUra="39" who="0" fromWho="1" sc="168,90,232,-80,416,0,174,0" /><INIT seed="6,0,0,0,1,12" ten="258,152,416,174" oya="2" hai0="95,84,23,33,42,45,54,46,131,89,110,126,40" hai1="39,123,56,90,113,116,135,14,129,74,87,73,106" hai2="103,64,7,63,20,119,124,5,98,47,25,30,122" hai3="76,51,67,70,130,44,18,10,62,52,68,13,3"/><V48/><F124/><W69/><G130/><T28/><D33/><U121/><E39/><V43/><F119/><W49/><G76/><T94/><D110/><U59/><E116/><V1/><F1/><W77/><G77/><T101/><D126/><U27/><E106/><V82/><F82/><W118/><G118/><T9/><D9/><U78/><E78/><V128/><F122/><N who="1" m="46601" /><E113/><V134/><F134/><W91/><G3/><T50/><D131/><U80/><E129/><V120/><F120/><W79/><G79/><T114/><D114/><U19/><E27/><V104/><F128/><W6/><G6/><T112/><D112/><U58/><E135/><V117/><F117/><W29/><G29/><T81/><D101/><U109/><E109/><V132/><F132/><W108/><G108/><T125/><D125/><U133/><E133/><V71/><AGARI ba="0,0" hai="5,7,20,25,30,43,47,48,63,64,71,98,103,104" machi="71" ten="20,2100,0" yaku="0,1,7,1" doraHai="12" who="2" fromWho="2" sc="258,-7,152,-7,416,21,174,-7" /><INIT seed="6,1,0,3,4,58" ten="251,145,437,167" oya="2" hai0="1,130,57,4,82,127,89,67,86,5,45,85,10" hai1="119,78,43,97,68,11,77,107,108,32,91,64,79" hai2="39,102,134,69,80,14,72,56,81,18,54,26,74" hai3="30,101,104,124,63,29,16,129,62,21,12,17,114"/><V27/><F69/><W9/><G104/><T132/><D127/><U99/><E43/><V2/><F2/><W33/><G101/><T7/><D130/><U50/><E50/><V98/><F39/><W44/><G129/><T94/><D132/><U76/><N who="1" m="19456" /><DORA hai="73" /><U15/><E119/><V8/><F134/><W31/><G124/><T46/><D1/><U110/><E32/><V60/><F74/><W36/><G33/><T121/><D121/><U0/><E0/><V70/><F70/><W133/><G133/><T106/><D106/><U115/><E115/><V55/><F55/><W100/><G100/><T88/><D10/><U120/><E120/><V52/><F54/><W116/><G116/><T118/><D118/><U53/><E53/><V19/><F72/><W92/><G92/><T6/><N who="0" m="1024" /><DORA hai="40" /><T23/><D23/><U34/><E34/><V83/><F19/><W47/><G114/><T13/><D13/><U128/><E107/><V105/><AGARI ba="1,0" hai="8,14,18,26,27,52,56,60,80,81,83,98,102,105" machi="105" ten="30,6000,0" yaku="0,1,52,1,54,1" doraHai="58,73,40" who="2" fromWho="2" sc="251,-21,145,-21,437,63,167,-21" /><INIT seed="6,2,0,2,0,62" ten="230,124,500,146" oya="2" hai0="79,121,129,56,130,82,128,15,39,32,108,23,120" hai1="132,43,97,124,94,3,17,96,86,73,107,75,9" hai2="91,126,68,85,63,53,54,80,35,104,41,103,72" hai3="106,133,38,95,26,16,44,113,7,55,61,100,98"/><V90/><F35/><W50/><G133/><T131/><D32/><U105/><E132/><V65/><F126/><W102/><G7/><T48/><D39/><U119/><E43/><V69/><F69/><W76/><G76/><T45/><D56/><U74/><E17/><V118/><F118/><W14/><G38/><T77/><D108/><U135/><E135/><V64/><F64/><W58/><G26/><T2/><D2/><U33/><E33/><V5/><F5/><W99/><G113/><T92/><D92/><U6/><E119/><V1/><F41/><W10/><G61/><T123/><N who="0" m="32768" /><DORA hai="25" /><T22/><D15/><U71/><E71/><V46/><F46/><W18/><G18/><T111/><D111/><U60/><E124/><V11/><F11/><W30/><G30/><T134/><D134/><U19/><E19/><V52/><F1/><W51/><REACH who="3" step="1"/><G50/><REACH who="3" ten="230,124,500,136" step="2"/><T93/><D79/><U12/><E60/><V117/><F63/><W40/><G40/><N who="0" m="24615" /><D123/><U122/><E122/><V101/><F68/><W27/><G27/><T89/><D121/><U109/><E3/><V31/><F31/><W66/><G66/><T8/><D120/><U13/><E109/><V57/><F65/><W42/><G42/><T47/><D77/><U28/><E28/><V81/><F117/><W84/><G84/><T0/><D0/><U21/><E86/><V110/><F85/><W67/><G67/><T36/><D36/><U78/><E78/><V59/><F110/><W116/><G116/><T125/><D125/><U87/><E87/><V88/><F81/><W4/><G4/><RYUUKYOKU ba="2,1" sc="230,-10,124,-10,500,-10,136,30" hai3="10,14,16,44,51,55,58,95,98,99,100,102,106" /><INIT seed="7,3,1,1,5,82" ten="220,114,490,166" oya="3" hai0="116,63,81,43,26,69,47,19,68,37,71,15,7" hai1="80,120,6,4,97,100,61,41,114,115,74,111,18" hai2="24,8,101,133,130,66,51,9,0,58,45,90,36" hai3="104,55,126,11,29,103,5,10,23,102,70,135,79"/><W128/><G70/><T92/><D116/><U25/><E120/><V39/><F101/><W119/><G119/><T107/><D107/><U98/><E111/><V94/><F130/><W22/><G128/><T67/><D7/><U83/><E41/><V28/><F133/><W87/><G135/><T108/><D108/><U96/><E100/><V86/><F0/><W99/><G126/><T125/><D125/><U38/><E38/><V85/><F39/><W72/><G72/><T64/><D26/><U34/><E61/><N who="2" m="38199" /><F36/><W30/><G103/><T50/><D92/><U21/><E34/><V20/><F86/><W54/><G102/><T48/><D81/><U124/><E124/><V16/><F28/><W77/><G104/><T134/><D134/><U27/><E74/><V49/><F49/><N who="0" m="19050" /><D15/><U32/><E32/><V132/><F132/><W123/><G123/><T73/><D19/><U53/><E53/><AGARI ba="3,1" hai="8,9,16,20,24,45,51,53,85,90,94" m="38199" machi="53" ten="30,3900,0" yaku="8,1,52,1,54,1" doraHai="82" who="2" fromWho="1" sc="220,0,114,-48,490,58,166,0" owari="220,2.0,66,-43.4,548,64.8,166,-23.4" /></mjloggm>