<mjloggm ver="2.3"><GO type="169" lobby="0"/><UN n0="%74%6F%72%69%30%36%31%32" n1="%E8%8F%85%E7%94%B0%E5%B0%86%E6%9A%89%28%E5%81%BD%E7%89%A9%29" n2="%E3%81%A1%E3%82%83%E3%82%93%E3%81%AE%E3%81%B6" n3="%E3%81%88%E3%81%84%E3%81%8D%E3%81%A1%40%35%6D%66" dan="18,16,17,17" rate="2193.03,2189.09,2146.80,2209.39" sx="M,M,M,M"/><TAIKYOKU oya="0"/><INIT seed="0,0,0,1,3,28" ten="250,250,250,250" oya="0" hai0="86,30,117,3,99,66,43,76,105,35,113,119,48" hai1="59,62,95,47,94,39,65,15,89,5,23,26,111" hai2="53,69,58,50,24,93,27,42,18,1,41,60,84" hai3="29,75,64,38,116,33,63,34,16,77,61,71,8"/><T107/><D48/><U70/><E111/><V90/><F1/><W135/><G116/><T130/><D43/><U102/><E70/><V96/><F69/><W103/><G38/><T100/><D66/><U126/><E126/><V0/><F0/><W114/><G114/><T72/><D86/><U133/><E133/><V55/><F18/><W128/><G135/><T106/><D3/><U118/><E118/><N who="0" m="45065" /><D113/><U81/><E39/><V85/><F41/><W6/><G29/><T112/><D112/><U124/><E124/><V17/><F42/><W74/><G128/><T80/><D130/><U11/><E47/><V25/><REACH who="2" step="1"/><F17/><REACH who="2" ten="250,250,240,250" step="2"/><W2/><G16/><T98/><D98/><U67/><E67/><V9/><F9/><W4/><G8/><T46/><D46/><AGARI ba="0,1" hai="24,25,27,46,50,53,55,58,60,84,85,90,93,96" machi="46" ten="40,8000,1" yaku="1,1,8,1,53,2" doraHai="28" doraHaiUra="83" who="2" fromWho="0" sc="250,-80,250,0,240,90,250,0" /><INIT seed="1,0,0,1,3,69" ten="170,250,330,250" oya="1" hai0="77,33,80,86,84,67,38,81,117,116,120,2,18" hai1="118,65,48,87,54,129,21,59,109,110,112,22,115" hai2="27,25,44,113,83,29,107,35,98,66,72,94,75" hai3="90,125,123,50,31,56,74,78,40,53,1,19,134"/><U76/><E118/><V46/><F107/><W63/><G123/><T91/><D2/><U128/><E76/><V89/><F113/><N who="1" m="43593" /><E87/><V30/><F66/><W102/><G1/><T10/><D33/><U5/><E5/><V88/><F75/><W105/><G125/><T37/><D120/><U49/><E65/><V119/><F119/><W36/><G134/><T3/><D117/><U114/><N who="1" m="43601" /><U13/><DORA hai="95" /><E13/><V97/><F72/><W17/><G31/><T51/><D116/><U43/><E22/><V130/><F83/><W133/><G133/><T14/><D3/><U28/><E21/><V52/><F130/><N who="1" m="50281" /><E28/><V34/><F94/><W111/><G78/><T42/><REACH who="0" step="1"/><D67/><REACH who="0" ten="160,250,330,250" step="2"/><U71/><E71/><V100/><F35/><W58/><G74/><T20/><D20/><U121/><E121/><V32/><F32/><W6/><G6/><T127/><D127/><U99/><E99/><V60/><F34/><W122/><G122/><T16/><D16/><U104/><E104/><V103/><F30/><W62/><G17/><T57/><D57/><U55/><E43/><V61/><F29/><W24/><G19/><T12/><D12/><U64/><E64/><V11/><F11/><W73/><G73/><T68/><D68/><U47/><AGARI ba="0,1" hai="47,48,49,54,55,59,109,110" m="50281,43601" machi="47" ten="50,9600,0" yaku="19,1,34,2" doraHai="69,95" who="1" fromWho="1" sc="160,-32,250,106,330,-32,250,-32" /><INIT seed="1,1,0,5,4,98" ten="128,356,298,218" oya="1" hai0="53,61,51,49,23,134,43,13,26,48,65,46,64" hai1="80,78,124,94,122,42,2,66,90,112,135,91,31" hai2="68,55,5,110,105,83,47,33,84,106,102,81,121" hai3="57,128,25,52,127,132,97,76,27,67,12,29,54"/><U100/><E2/><V73/><F68/><W6/><G128/><T41/><D13/><U92/><E112/><V126/><F33/><W19/><G127/><T88/><D134/><U60/><E135/><V85/><F5/><W72/><G132/><T71/><D88/><U74/><E124/><V130/><F47/><W24/><G6/><T30/><D65/><U1/><E1/><V79/><F55/><W101/><G76/><T119/><D119/><U32/><E122/><V4/><F4/><W40/><G72/><T103/><D43/><U107/><E42/><V95/><F126/><W7/><G40/><T117/><D117/><U34/><E90/><N who="2" m="53703" /><F121/><W125/><G7/><T36/><REACH who="0" step="1"/><D103/><REACH who="0" ten="118,356,298,218" step="2"/><U35/><E91/><N who="2" m="51631" /><F110/><W9/><G125/><T108/><D108/><U113/><E113/><V114/><F114/><W116/><G116/><T118/><D118/><U39/><E39/><V58/><F130/><W120/><G120/><T37/><D37/><U20/><E66/><V10/><F10/><W18/><G67/><T50/><D50/><U45/><E60/><V75/><F102/><W77/><G77/><T111/><D111/><U104/><E100/><V22/><F79/><W44/><G54/><AGARI ba="1,1" hai="23,26,30,36,41,46,48,49,51,53,54,61,64,71" machi="54" ten="40,1300,0" yaku="1,1,53,0" doraHai="98" doraHaiUra="93" who="0" fromWho="3" sc="118,26,356,0,298,0,218,-16" /><INIT seed="2,0,0,1,5,58" ten="144,356,298,202" oya="2" hai0="91,82,111,96,14,57,9,21,49,38,107,12,93" hai1="101,46,121,8,83,115,85,117,100,1,75,112,27" hai2="5,122,95,61,6,105,88,90,31,73,133,13,94" hai3="55,23,72,30,42,98,41,84,80,22,2,52,59"/><V25/><F122/><W35/><G2/><T81/><D38/><U106/><E117/><V131/><F105/><W74/><G35/><T79/><D107/><U63/><E75/><V70/><F73/><W19/><G98/><T36/><D36/><U15/><E121/><V66/><F131/><W53/><G74/><T60/><D49/><U110/><E1/><V17/><F133/><W87/><G72/><T69/><D69/><U3/><E3/><V135/><F94/><W86/><G80/><T68/><D68/><U104/><E110/><V51/><F51/><W99/><G99/><T127/><D127/><U67/><E104/><V76/><F76/><W10/><G59/><T20/><D111/><U50/><E27/><V54/><F54/><W71/><G71/><T11/><D21/><N who="3" m="7689" /><G30/><T116/><D20/><U132/><E106/><V43/><F135/><W47/><G47/><T134/><D116/><U48/><E132/><V109/><F109/><W0/><G0/><T113/><D134/><U16/><E112/><V78/><F25/><W65/><G65/><N who="0" m="39055" /><D79/><N who="1" m="46335" /><E115/><V77/><F31/><W29/><G29/><T39/><D39/><U33/><E33/><V108/><F108/><W34/><G34/><T103/><D113/><U89/><E48/><V123/><F123/><W119/><G119/><T120/><D120/><U40/><E67/><V24/><F24/><W56/><G56/><T128/><D128/><U125/><E125/><V26/><F26/><W7/><G7/><N who="0" m="3135" /><D103/><N who="1" m="39499" /><E89/><V45/><F70/><W129/><G129/><T28/><D28/><U118/><E118/><V124/><F124/><RYUUKYOKU ba="0,0" sc="144,10,356,10,298,-30,202,10" hai0="11,14,81,82,91,93,96" hai1="8,15,16,40,46,50,63" hai3="10,19,41,42,52,53,55,84,86,87" /><INIT seed="3,1,0,1,0,133" ten="154,366,268,212" oya="3" hai0="108,97,36,23,135,123,17,102,3,40,63,74,76" hai1="11,8,7,20,94,113,125,127,112,32,66,18,128" hai2="88,9,85,105,14,65,83,116,101,56,92,64,120" hai3="48,77,91,68,39,6,124,41,75,119,86,114,78"/><W104/><G114/><N who="1" m="44138" /><E66/><V71/><F116/><W82/><G119/><T53/><D3/><N who="1" m="127" /><E94/><V22/><F71/><W72/><G68/><T129/><D17/><U59/><E59/><V35/><F35/><W4/><G39/><T90/><D23/><U81/><E81/><V117/><F117/><W106/><G124/><N who="1" m="47690" /><E32/><V57/><F105/><W37/><G106/><T61/><D102/><U54/><E54/><V67/><F22/><W31/><G104/><T55/><D53/><U0/><E128/><V43/><F43/><W13/><G41/><T70/><D55/><U1/><E11/><V15/><F9/><W110/><G82/><T46/><D40/><U79/><E79/><V24/><F92/><W84/><G78/><T103/><D76/><U132/><E132/><V45/><F101/><W25/><G77/><T19/><D103/><U10/><E10/><V111/><F83/><W122/><G86/><T34/><D129/><U107/><E107/><V98/><F85/><W26/><G84/><T130/><D34/><U87/><E87/><V52/><F67/><W60/><G75/><T38/><D130/><U30/><E30/><V21/><F65/><W100/><G72/><T47/><D74/><U44/><E44/><V126/><F45/><W121/><G31/><T118/><D135/><U96/><E96/><V69/><F98/><W33/><G33/><T134/><D97/><U2/><E2/><V12/><F126/><W51/><G100/><T109/><D134/><U62/><E62/><V93/><F64/><W49/><G60/><N who="0" m="23115" /><D47/><U73/><E73/><V29/><F52/><RYUUKYOKU ba="1,0" sc="154,-10,366,30,268,-10,212,-10" hai1="0,1,18,20" /><INIT seed="4,2,0,1,3,55" ten="144,396,258,202" oya="0" hai0="30,130,0,108,59,9,43,96,85,40,33,77,16" hai1="126,100,50,34,22,109,75,110,95,79,18,118,29" hai2="121,54,132,102,67,53,131,62,15,3,97,23,106" hai3="47,17,134,25,82,74,52,135,81,20,51,65,92"/><T21/><D130/><U71/><E118/><V2/><F121/><W28/><G65/><T32/><D32/><U73/><E71/><V113/><F131/><W6/><G6/><T105/><D108/><U39/><E39/><V101/><F101/><W14/><G92/><T49/><D33/><U5/><E126/><V11/><F113/><W87/><G74/><T78/><D0/><U7/><E34/><V93/><F106/><W117/><G117/><T69/><D69/><U27/><E29/><V88/><F132/><W91/><REACH who="3" step="1"/><G81/><REACH who="3" ten="144,396,258,192" step="2"/><T66/><D105/><U56/><E95/><V8/><F102/><W122/><G122/><T4/><D4/><U103/><E73/><V13/><F3/><W89/><G89/><T99/><D78/><U37/><E79/><V35/><F2/><W120/><G120/><T10/><D77/><U104/><E75/><V129/><F129/><W36/><G36/><T72/><D72/><U94/><E37/><V127/><F127/><W115/><G115/><T68/><D66/><U58/><E104/><V112/><F112/><W83/><G83/><T125/><D125/><U123/><E123/><V12/><F93/><W48/><G48/><T128/><D128/><U44/><E50/><V124/><F124/><W111/><G111/><T114/><D114/><U38/><E38/><V1/><F1/><W42/><G42/><T119/><D119/><U64/><E7/><V63/><F67/><W61/><G61/><T19/><D43/><U107/><E109/><V57/><F63/><W45/><G45/><T90/><D40/><U76/><E110/><RYUUKYOKU ba="2,1" sc="144,-10,396,-10,258,-10,192,30" hai3="14,17,20,25,28,47,51,52,82,87,91,134,135" /><INIT seed="5,3,1,4,0,129" ten="134,386,248,222" oya="1" hai0="43,58,110,82,85,78,103,96,80,120,134,21,34" hai1="4,11,123,93,13,109,27,70,111,72,51,94,131" hai2="86,88,12,42,119,126,29,101,95,22,132,47,130" hai3="14,5,1,73,107,87,52,35,63,112,77,127,38"/><U81/><E123/><V135/><F119/><W39/><G107/><T31/><D34/><U59/><E70/><V121/><F121/><W40/><G35/><T98/><D110/><U65/><E131/><V23/><F130/><W106/><G106/><T68/><D68/><U0/><E0/><V25/><F126/><W16/><G73/><T89/><D43/><U105/><E105/><V61/><F101/><W122/><G122/><T114/><D120/><U6/><E6/><V76/><F76/><W74/><G74/><T117/><D117/><U36/><E36/><V3/><F3/><W2/><G112/><T67/><D114/><U56/><E27/><V53/><F53/><W83/><G127/><T84/><D103/><U55/><E81/><V37/><REACH who="2" step="1"/><F61/><REACH who="2" ten="134,386,238,222" step="2"/><W66/><G1/><T91/><D78/><U9/><E55/><V20/><F20/><W128/><G128/><T90/><D90/><U10/><E10/><V62/><F62/><W26/><G2/><T100/><D100/><U46/><E11/><V28/><F28/><W24/><G52/><T8/><D8/><U116/><E9/><V102/><F102/><W30/><G5/><T48/><D31/><U54/><E4/><V33/><F33/><W115/><G115/><T108/><D21/><U92/><E54/><V32/><F32/><W18/><G30/><T71/><D91/><U124/><E116/><V17/><AGARI ba="3,2" hai="12,17,22,23,25,29,37,42,47,86,88,95,132,135" machi="17" ten="30,8000,1" yaku="1,1,0,1,52,2,54,1,53,0" doraHai="129" doraHaiUra="45" who="2" fromWho="2" sc="134,-23,386,-43,238,109,222,-23" /><INIT seed="6,0,0,2,4,51" ten="111,343,347,199" oya="2" hai0="110,86,130,49,14,101,111,80,126,76,56,62,18" hai1="38,19,52,97,72,13,58,35,78,59,43,99,105" hai2="77,24,82,121,40,41,103,100,106,3,122,116,0" hai3="12,25,71,112,117,60,29,65,133,28,70,7,33"/><V2/><F116/><W34/><G117/><T102/><D126/><U31/><E38/><V85/><F24/><W69/><G133/><T98/><D130/><U135/><E135/><V17/><F17/><W57/><G112/><T84/><D49/><U131/><E43/><V47/><F106/><W55/><G29/><T50/><D50/><N who="1" m="30999" /><E105/><V91/><F91/><W109/><G109/><T48/><D48/><U118/><E118/><V4/><F4/><W39/><G39/><T90/><D98/><N who="1" m="37387" /><E72/><V20/><F20/><W81/><G81/><T123/><D123/><U21/><E35/><V45/><F0/><W124/><G34/><T67/><D111/><U104/><E104/><V125/><F85/><W68/><G124/><T22/><REACH who="0" step="1"/><D110/><REACH who="0" ten="101,343,347,199" step="2"/><U23/><E131/><V30/><F125/><W10/><REACH who="3" step="1"/><G69/><REACH who="3" ten="101,343,347,189" step="2"/><T26/><D26/><N who="1" m="16847" /><E59/><V42/><F121/><W61/><AGARI ba="0,2" hai="7,10,12,25,28,33,55,57,60,61,65,68,70,71" machi="61" ten="20,5200,0" yaku="1,1,0,1,7,1,52,1,53,0" doraHai="51" doraHaiUra="15" who="3" fromWho="3" sc="101,-13,343,-13,347,-26,189,72" /><INIT seed="7,0,0,5,5,99" ten="88,330,321,261" oya="3" hai0="51,87,27,104,110,10,73,25,24,113,9,86,63" hai1="31,54,116,109,77,124,134,7,114,26,5,108,19" hai2="107,68,121,112,128,42,120,59,53,90,34,125,48" hai3="1,131,13,135,126,22,81,130,76,6,32,95,18"/><W69/><G69/><T106/><D63/><U101/><E77/><V52/><F34/><W133/><G95/><T61/><D61/><U117/><E114/><V74/><F112/><W96/><G96/><T82/><D51/><U39/><E134/><N who="3" m="51210" /><G32/><T56/><D113/><U3/><E124/><V84/><F68/><W60/><G60/><T92/><D92/><U78/><E101/><V0/><F125/><W66/><G66/><T28/><D82/><U49/><E78/><V70/><F70/><W111/><G126/><T50/><D50/><U97/><E97/><V88/><F0/><W40/><G40/><T44/><D110/><N who="1" m="42603" /><E19/><V20/><F107/><W11/><G111/><T58/><D28/><U103/><E103/><V21/><F74/><AGARI ba="0,0" hai="1,6,11,13,18,22,74,76,81,130,131" m="51210" machi="74" ten="30,1500,0" yaku="20,1" doraHai="99" who="3" fromWho="2" sc="88,0,330,0,321,-15,261,15" /><INIT seed="7,1,0,3,1,14" ten="88,330,306,276" oya="3" hai0="8,85,99,112,131,59,42,65,49,88,10,78,94" hai1="132,98,100,38,134,122,16,48,34,64,31,57,44" hai2="24,93,70,60,58,81,109,69,22,43,103,55,15" hai3="96,50,17,76,110,32,41,92,118,20,51,120,74"/><W123/><G118/><T56/><D131/><U111/><E111/><V82/><F109/><W7/><G110/><T135/><D135/><N who="1" m="51755" /><E122/><V77/><F43/><W52/><G32/><T62/><D112/><U121/><E121/><V83/><F70/><W97/><G7/><T90/><D78/><U105/><E16/><N who="2" m="12359" /><F69/><W101/><G41/><T30/><D30/><U18/><E18/><V12/><F77/><W113/><G113/><T125/><D125/><U106/><E38/><V107/><F107/><W80/><G97/><AGARI ba="1,0" hai="12,15,55,58,60,81,82,83,93,97,103" m="12359" machi="97" ten="30,3900,0" yaku="8,1,52,1,54,1" doraHai="14" who="2" fromWho="3" sc="88,0,330,0,306,42,276,-42" owari="88,-41.2,330,13.0,348,44.8,234,-16.6" /></mjloggm>