<mjloggm ver="2.3"><GO type="169" lobby="0"/><UN n0="%E7%A9%BA%E6%B0%97%E3%82%B1%E3%83%BC%E3%82%AD" n1="%73%6F%72%75%6B%61%6E%6F" n2="%4D%41%54%59%55%49%E2%98%86" n3="%E3%83%A9%E3%83%9E%E3%83%BC%E7%9A%87%E5%AD%90" dan="17,16,17,19" rate="2182.86,2139.33,2191.68,2235.65" sx="M,M,M,M"/><TAIKYOKU oya="0"/><INIT seed="0,0,0,0,2,118" ten="250,250,250,250" oya="0" hai0="55,20,87,29,70,66,37,42,96,32,5,125,4" hai1="127,84,69,8,25,47,71,99,120,33,14,95,113" hai2="18,6,124,44,103,77,110,41,28,117,11,114,3" hai3="102,105,92,78,10,90,0,31,81,53,104,98,22"/><T112/><D32/><U67/><E127/><V1/><F114/><W54/><G31/><T21/><D112/><U64/><E113/><V63/><F117/><W56/><G22/><T39/><D70/><U2/><E2/><V130/><F110/><W35/><G35/><T107/><D66/><U111/><E111/><V74/><F130/><W27/><G27/><T43/><D87/><U76/><E67/><V61/><F1/><W26/><G26/><T50/><D50/><U38/><E38/><V15/><F28/><W16/><G0/><T86/><D86/><U97/><E97/><V72/><F103/><W65/><G105/><T51/><D51/><U12/><E12/><V108/><F124/><W24/><G65/><T133/><D96/><U30/><E99/><V73/><F77/><W88/><G104/><T40/><D40/><U122/><E47/><V49/><REACH who="2" step="1"/><F108/><REACH who="2" ten="250,250,240,250" step="2"/><W7/><G102/><T80/><D29/><U116/><E116/><V132/><F132/><W119/><G119/><T59/><D125/><U13/><E30/><V134/><F134/><W68/><G78/><T46/><D133/><U9/><E76/><V45/><F45/><W62/><G90/><T126/><D126/><U94/><E71/><V19/><F19/><W36/><G68/><T100/><D100/><U58/><E69/><V83/><F83/><W109/><G109/><T85/><D80/><U93/><E33/><V89/><F89/><W123/><G88/><T91/><D91/><U115/><E115/><V135/><F135/><W79/><G81/><T82/><D82/><U131/><E131/><RYUUKYOKU ba="0,1" sc="250,-10,250,-10,240,30,250,-10" hai2="3,6,11,15,18,41,44,49,61,63,72,73,74" /><INIT seed="1,1,1,3,4,90" ten="240,240,270,240" oya="1" hai0="84,111,23,52,55,63,74,76,18,22,58,101,82" hai1="19,103,1,77,83,94,11,12,39,93,86,31,87" hai2="91,80,61,106,107,104,89,10,25,48,116,41,67" hai3="79,134,129,4,26,95,13,105,133,46,92,81,68"/><U123/><E123/><V34/><F116/><W28/><G105/><T135/><D111/><U100/><E39/><V50/><F10/><N who="3" m="4295" /><G68/><T21/><D135/><N who="3" m="51721" /><G46/><T110/><D110/><U113/><E113/><V2/><F2/><W70/><G70/><T8/><D74/><U53/><E1/><V71/><F80/><W78/><G129/><T56/><D101/><N who="1" m="38987" /><E31/><V5/><F5/><W75/><G79/><T45/><D45/><U33/><E33/><AGARI ba="1,1" hai="26,28,33,75,78,81,92,95" m="51721,4295" machi="33" ten="30,3900,0" yaku="20,1,52,2" doraHai="90" who="3" fromWho="1" sc="240,0,240,-42,270,0,240,52" /><INIT seed="2,0,0,1,4,133" ten="240,198,270,292" oya="2" hai0="32,65,130,127,61,10,72,134,110,108,105,87,109" hai1="131,97,45,68,30,6,94,26,53,35,132,80,46" hai2="5,4,107,38,8,7,89,15,102,27,56,111,55" hai3="3,82,17,42,91,2,93,37,22,95,0,123,59"/><V113/><F113/><W126/><G123/><T69/><D72/><U101/><E132/><V20/><F38/><W9/><G9/><T121/><D134/><U52/><E131/><V74/><F74/><W135/><G135/><T31/><D121/><U50/><E68/><V12/><F111/><W64/><G42/><T66/><D87/><U62/><E6/><V100/><F89/><W86/><G37/><T75/><D75/><U16/><E80/><V78/><F78/><W11/><G11/><T117/><D130/><U76/><E76/><V114/><F114/><W90/><G64/><T116/><D10/><U60/><E16/><N who="2" m="8199" /><F15/><W67/><G67/><T29/><D29/><U13/><REACH who="1" step="1"/><E13/><REACH who="1" ten="240,188,270,292" step="2"/><V40/><F107/><W124/><G82/><T122/><D122/><U28/><E28/><N who="2" m="17511" /><F40/><W83/><G83/><T25/><D105/><U88/><E88/><V77/><F77/><W14/><REACH who="3" step="1"/><G59/><REACH who="3" ten="240,188,270,282" step="2"/><T104/><D108/><U41/><E41/><V98/><F98/><AGARI ba="0,2" hai="0,2,3,14,17,22,86,90,91,93,95,98,124,126" machi="98" ten="40,8000,1" yaku="1,1,2,1,52,2,53,0" doraHai="133" doraHaiUra="115" who="3" fromWho="2" sc="240,0,188,0,270,-80,282,100" /><INIT seed="3,0,0,5,1,2" ten="240,188,190,382" oya="3" hai0="103,67,6,107,69,55,63,20,13,68,28,80,25" hai1="31,24,73,71,26,0,124,105,5,38,16,7,95" hai2="8,45,113,43,96,14,126,56,50,123,48,42,100" hai3="116,4,11,81,125,104,15,82,35,135,78,34,47"/><W23/><G116/><T65/><D80/><U17/><E105/><V90/><F113/><W99/><G125/><T119/><D119/><U54/><E73/><V84/><F126/><W128/><G128/><T93/><D107/><U41/><E124/><V133/><F133/><W89/><G135/><T39/><D39/><U91/><E71/><V85/><F123/><W29/><G47/><T3/><D3/><U58/><E0/><V106/><F90/><W18/><G29/><T87/><D68/><U61/><E41/><V57/><F57/><W44/><G44/><T92/><D92/><U40/><E40/><V86/><F56/><W108/><G108/><T77/><D77/><U112/><E38/><V32/><F32/><W21/><G21/><T66/><D55/><U70/><E70/><V30/><F30/><W75/><G82/><T131/><D131/><U115/><E115/><V12/><REACH who="2" step="1"/><F8/><REACH who="2" ten="240,188,180,382" step="2"/><W120/><G120/><T79/><D69/><U27/><E31/><V64/><F64/><W111/><G111/><T9/><D63/><U59/><E58/><V132/><F132/><W49/><G89/><N who="0" m="53439" /><D79/><U33/><E33/><V130/><F130/><W62/><G62/><T37/><D37/><U36/><E36/><V129/><F129/><W10/><G35/><T88/><D88/><U102/><E112/><V117/><F117/><W127/><G34/><T98/><D66/><U110/><E110/><V101/><F101/><W83/><G127/><T76/><D76/><U22/><E102/><V109/><F109/><W52/><G78/><T60/><D60/><U53/><E61/><RYUUKYOKU ba="0,1" sc="240,15,188,-15,180,15,382,-15" hai0="6,9,13,20,25,28,65,67,98,103" hai2="12,14,42,43,45,48,50,84,85,86,96,100,106" /><INIT seed="4,1,1,3,2,107" ten="255,173,195,367" oya="0" hai0="54,92,118,29,93,128,64,22,134,60,56,6,114" hai1="67,113,91,48,76,89,71,100,24,13,81,19,18" hai2="53,74,69,31,21,115,99,55,95,43,72,132,94" hai3="126,88,133,106,1,90,52,111,51,44,9,26,11"/><T102/><D118/><U101/><E113/><V0/><F0/><W110/><G106/><T30/><D114/><U42/><E71/><V108/><F115/><W103/><G103/><T65/><D128/><U57/><E24/><V45/><F69/><W37/><G37/><T2/><D2/><U4/><E4/><V123/><F108/><W75/><G75/><T63/><D6/><U116/><E116/><V85/><F123/><W7/><G126/><T109/><D134/><U27/><E27/><V122/><F122/><W87/><G133/><T33/><D33/><U35/><E35/><V59/><F85/><W58/><G11/><T96/><D109/><U62/><E101/><V49/><F53/><W39/><G26/><T127/><D127/><U12/><E100/><V97/><F21/><W83/><REACH who="3" step="1"/><G90/><REACH who="3" ten="255,173,195,357" step="2"/><T66/><D22/><N who="1" m="11591" /><E91/><V119/><F132/><W3/><G3/><T73/><D73/><U125/><E89/><V28/><F119/><W117/><G117/><T14/><D14/><U46/><E125/><V129/><F74/><W16/><G16/><T130/><D130/><U124/><E124/><V82/><F129/><W105/><G105/><T41/><D29/><U47/><E19/><V120/><F120/><W131/><G131/><T135/><D30/><U40/><E13/><V50/><F28/><W20/><G20/><T17/><D17/><U112/><E112/><V70/><F31/><W79/><G79/><T68/><D135/><U32/><E32/><V121/><F121/><W104/><G104/><T8/><D8/><U77/><E77/><N who="2" m="44327" /><F70/><W80/><G80/><RYUUKYOKU ba="1,2" sc="255,-15,173,-15,195,15,357,15" hai2="43,45,49,50,55,59,94,95,97,99" hai3="1,7,9,39,44,51,52,58,83,87,88,110,111" /><INIT seed="5,2,2,5,4,12" ten="240,158,210,372" oya="1" hai0="113,49,76,27,111,79,23,22,18,33,80,45,25" hai1="17,30,107,64,73,0,102,14,68,44,57,106,54" hai2="94,35,31,78,67,115,28,108,38,129,100,105,63" hai3="15,85,118,114,112,81,10,39,48,59,90,104,74"/><U37/><E0/><V69/><F108/><W71/><G71/><T82/><D33/><U7/><E73/><V116/><F116/><W86/><G39/><T70/><D70/><U62/><E30/><V50/><F38/><W51/><G104/><T16/><D113/><N who="3" m="43625" /><G118/><T121/><D121/><U72/><E72/><V40/><F115/><W1/><G1/><T126/><D126/><U91/><E7/><V134/><F134/><W8/><G74/><T84/><D111/><U5/><E5/><V34/><F78/><N who="0" m="29738" /><D84/><U13/><E91/><V20/><F105/><W6/><G86/><T55/><AGARI ba="2,2" hai="16,18,22,23,25,27,45,49,55,80,82" m="29738" machi="55" ten="30,7900,0" yaku="8,1,52,2,54,1" doraHai="12" who="0" fromWho="0" sc="240,105,158,-41,210,-22,372,-22" /><INIT seed="6,0,0,3,2,127" ten="345,117,188,350" oya="2" hai0="20,108,33,18,92,39,67,117,27,129,29,104,84" hai1="122,72,76,42,37,58,125,89,45,83,9,132,120" hai2="10,6,40,28,97,24,43,53,41,103,50,123,95" hai3="26,56,75,65,17,46,11,2,25,54,69,73,105"/><V113/><F123/><W82/><G105/><T87/><D108/><U34/><E34/><V61/><F113/><W36/><G75/><T102/><D39/><U121/><E125/><V13/><F61/><N who="3" m="40111" /><G17/><T93/><D104/><U109/><E109/><V74/><F74/><W126/><G126/><T7/><D7/><U134/><E58/><V3/><F3/><W70/><G70/><T90/><D67/><U88/><REACH who="1" step="1"/><E9/><REACH who="1" ten="345,107,188,350" step="2"/><V128/><F128/><W44/><G11/><T63/><D33/><U118/><E118/><V12/><F10/><W14/><G56/><T4/><D117/><U78/><E78/><V48/><F6/><W68/><G68/><T101/><D129/><U85/><E85/><V62/><F62/><W32/><G73/><T80/><D63/><U98/><E98/><V15/><REACH who="2" step="1"/><F53/><REACH who="2" ten="345,107,178,350" step="2"/><W49/><G54/><T94/><D4/><U19/><E19/><V8/><F8/><W21/><G2/><T96/><D18/><U133/><AGARI ba="0,2" hai="37,42,45,72,76,83,88,89,120,121,122,132,133,134" machi="133" ten="40,8000,1" yaku="1,1,0,1,13,1,20,1,54,1,53,0" doraHai="127" doraHaiUra="22" who="1" fromWho="1" sc="345,-20,107,100,178,-40,350,-20" /><INIT seed="7,0,0,2,0,133" ten="325,207,138,330" oya="3" hai0="105,71,110,118,66,0,125,51,27,15,99,13,31" hai1="46,19,104,34,72,68,30,77,33,84,93,62,42" hai2="47,94,50,41,53,59,70,92,124,6,128,37,61" hai3="116,123,74,12,56,36,54,45,113,5,65,7,82"/><W122/><G116/><T11/><D125/><U40/><E104/><V67/><F128/><W90/><G65/><T88/><D110/><U28/><E72/><V111/><F111/><W60/><G113/><T97/><D118/><U100/><E77/><V76/><F76/><W98/><G74/><T134/><D134/><U52/><E30/><V131/><F131/><W49/><G36/><T101/><D51/><U114/><E42/><V10/><REACH who="2" step="1"/><F124/><REACH who="2" ten="325,207,128,330" step="2"/><W35/><G123/><T21/><D71/><U18/><E68/><V32/><F32/><W86/><G35/><T130/><D130/><U57/><E34/><V120/><F120/><W78/><G122/><T135/><D135/><U26/><E114/><V95/><F95/><N who="3" m="56695" /><G12/><AGARI ba="0,1" hai="6,10,12,37,41,47,50,53,59,61,67,70,92,94" machi="12" ten="30,7700,0" yaku="1,1,7,1,24,2,53,0" doraHai="133" doraHaiUra="102" who="2" fromWho="3" sc="325,0,207,0,128,87,330,-77" owari="325,42.5,207,-29.3,215,-18.5,253,5.3" /></mjloggm>