<mjloggm ver="2.3"><GO type="169" lobby="0"/><UN n0="%E3%82%88%E3%81%B4" n1="%7A%6F%6F%31%39%36%34" n2="%E3%82%AB%E3%83%AB%E3%83%94%E3%82%B9%E3%82%B5%E3%83%AF%E3%83%BC" n3="%E3%81%99%E3%81%91%E3%81%B4%E3%82%87%E3%82%93" dan="17,17,17,16" rate="2134.49,2187.69,2236.61,2110.33" sx="M,M,M,M"/><TAIKYOKU oya="0"/><INIT seed="0,0,0,2,3,115" ten="250,250,250,250" oya="0" hai0="62,48,117,109,32,104,17,84,132,78,14,34,25" hai1="30,99,65,24,19,27,68,43,67,45,13,101,54" hai2="21,72,124,38,57,16,11,7,71,130,15,103,52" hai3="91,129,85,83,20,35,81,134,59,113,5,106,135"/><T80/><D104/><U63/><E67/><V76/><F71/><W118/><G35/><T126/><D132/><U23/><E54/><V114/><F114/><W47/><G113/><T75/><D126/><U121/><E121/><V112/><F112/><W58/><G106/><T26/><D109/><U108/><E108/><V8/><F38/><W110/><G110/><T102/><D102/><U18/><E18/><V70/><F70/><W55/><G129/><T31/><D62/><U120/><E120/><V2/><F124/><W79/><G5/><T64/><D64/><U69/><E69/><V86/><F130/><W61/><G20/><T131/><D48/><U0/><E0/><V1/><F72/><W97/><G97/><T125/><D125/><U29/><E27/><V42/><F42/><W92/><G92/><T36/><D36/><U4/><E4/><V119/><F103/><W22/><G22/><T53/><D53/><U56/><E68/><V74/><F74/><W94/><G94/><T127/><D127/><U133/><E24/><V6/><F119/><W12/><G118/><T66/><D66/><U122/><E122/><V73/><F73/><W28/><G61/><T90/><D117/><U93/><REACH who="1" step="1"/><E133/><REACH who="1" ten="250,240,250,250" step="2"/><V128/><F128/><W44/><G134/><T46/><D131/><U107/><E107/><V9/><F1/><W33/><G135/><T82/><D26/><U105/><E105/><V37/><F2/><W50/><G55/><T111/><D111/><U88/><E88/><V89/><F52/><W49/><G91/><T40/><D90/><U77/><E77/><RYUUKYOKU ba="0,1" sc="250,-10,240,30,250,-10,250,-10" hai1="13,19,23,29,30,43,45,56,63,65,93,99,101" /><INIT seed="1,1,1,5,1,38" ten="240,270,240,240" oya="1" hai0="16,92,50,6,60,119,13,80,10,97,64,105,121" hai1="111,61,73,116,135,98,130,70,88,109,113,28,27" hai2="100,14,3,129,63,8,36,47,20,107,79,95,90" hai3="37,54,39,132,51,58,2,31,68,126,55,103,127"/><U82/><E113/><V91/><F129/><W87/><G2/><T52/><D105/><U84/><E116/><V134/><F134/><W12/><G103/><T78/><D119/><U56/><E130/><V22/><F3/><W33/><G68/><T72/><D121/><U1/><E1/><V89/><F107/><W71/><G71/><T86/><D72/><U125/><E70/><V40/><F79/><W108/><G132/><T81/><D81/><U53/><E135/><V25/><F63/><W122/><G122/><T15/><D60/><U112/><E112/><V76/><F76/><W128/><G128/><T5/><D15/><U34/><E125/><V24/><F100/><W120/><G120/><T11/><D11/><U32/><E73/><V45/><F95/><W101/><G101/><N who="0" m="60583" /><D64/><U106/><E106/><V85/><F85/><W96/><G87/><T59/><AGARI ba="1,1" hai="5,6,10,13,16,50,52,59,78,80,86" m="60583" machi="59" ten="30,4000,0" yaku="8,1,54,2" doraHai="38" who="0" fromWho="0" sc="240,53,270,-21,240,-11,240,-11" /><INIT seed="2,0,0,4,3,69" ten="293,249,229,229" oya="2" hai0="110,98,131,39,3,95,100,35,43,13,25,37,5" hai1="122,28,84,116,117,91,134,46,10,49,74,36,71" hai2="33,133,16,130,103,7,111,32,92,34,123,85,115" hai3="4,1,65,68,24,15,60,54,97,128,106,82,57"/><V112/><F123/><W118/><G118/><T126/><D43/><U101/><E74/><V73/><F73/><W81/><G1/><T14/><D110/><U53/><E122/><V66/><F130/><W18/><G128/><T44/><D44/><U72/><E72/><V113/><F133/><W120/><G120/><T80/><D126/><U86/><E134/><V89/><F7/><W109/><G109/><T23/><D80/><U38/><E71/><V83/><F111/><W31/><G4/><T42/><D42/><U2/><E101/><V99/><F66/><W76/><G76/><T56/><D14/><U20/><E86/><V124/><REACH who="2" step="1"/><F16/><REACH who="2" ten="293,249,219,229" step="2"/><W40/><G65/><T30/><D131/><U135/><E135/><V50/><F50/><W41/><G18/><T17/><D56/><U67/><E67/><V87/><F87/><W108/><G68/><T107/><D107/><U132/><E132/><V79/><F79/><W48/><G106/><T94/><D94/><U9/><E117/><V75/><F75/><W64/><G48/><T52/><D5/><U96/><E116/><V77/><F77/><W19/><G57/><T121/><D121/><U0/><E84/><V11/><F11/><W93/><G93/><T47/><D95/><N who="1" m="56447" /><E10/><V62/><F62/><W90/><G60/><T129/><D129/><U105/><E105/><V61/><F61/><W88/><G108/><T58/><D58/><U114/><E9/><V104/><F104/><W26/><G64/><T8/><D17/><U55/><E49/><V21/><F21/><W45/><G19/><T78/><D8/><RYUUKYOKU ba="0,1" sc="293,-10,249,-10,219,30,229,-10" hai2="32,33,34,83,85,89,92,99,103,112,113,115,124" /><INIT seed="2,1,1,4,5,49" ten="283,239,249,219" oya="2" hai0="47,7,19,78,89,34,90,63,62,87,135,70,37" hai1="36,66,126,82,83,130,81,55,75,32,125,122,50" hai2="119,103,116,61,93,127,98,11,86,102,30,67,111" hai3="85,24,123,128,97,13,131,134,43,84,69,1,9"/><V117/><F127/><N who="1" m="48649" /><E36/><V91/><F111/><W99/><G1/><T54/><D135/><U20/><E32/><V101/><F30/><W92/><G69/><T26/><D7/><U27/><E130/><N who="3" m="49706" /><G123/><T14/><D70/><U121/><E66/><V58/><REACH who="2" step="1"/><F11/><REACH who="2" ten="283,239,239,219" step="2"/><W115/><G134/><T28/><D37/><U5/><E75/><V132/><F132/><W76/><G9/><T44/><D28/><N who="1" m="17511" /><E5/><V104/><AGARI ba="1,2" hai="58,61,67,86,91,93,98,101,102,103,104,116,117,119" machi="104" ten="30,3000,0" yaku="1,1,0,1,53,0" doraHai="49" doraHaiUra="41" who="2" fromWho="2" sc="283,-11,239,-11,239,53,219,-11" /><INIT seed="2,2,0,4,0,109" ten="272,228,292,208" oya="2" hai0="120,124,34,8,13,116,7,17,68,129,81,63,48" hai1="131,126,115,4,84,134,75,118,100,50,61,82,10" hai2="112,59,60,86,80,37,58,96,70,25,64,55,27" hai3="46,95,23,19,128,98,20,66,0,132,5,38,71"/><V30/><F37/><W108/><G108/><T28/><D120/><U35/><E118/><V122/><F122/><W79/><G128/><T72/><D124/><U56/><E35/><V97/><F70/><W130/><G130/><T11/><D116/><U65/><E75/><V123/><F123/><W69/><G132/><T54/><D28/><U21/><E126/><V74/><F74/><W45/><G79/><T31/><D31/><U121/><E131/><V89/><F112/><W22/><G19/><T14/><D34/><U36/><E36/><V114/><F114/><W47/><G66/><T83/><D72/><U49/><E134/><V127/><F127/><W67/><G67/><T57/><D129/><U9/><E115/><V18/><F18/><W26/><G26/><T91/><D68/><U1/><E121/><V92/><F30/><W133/><G133/><T90/><D63/><U52/><E100/><V29/><F97/><W2/><G38/><T119/><D119/><U3/><E21/><V125/><F29/><W40/><G40/><T16/><D7/><U85/><E50/><V12/><F12/><W32/><G32/><T78/><D78/><U117/><E117/><V76/><REACH who="2" step="1"/><F125/><REACH who="2" ten="272,228,282,208" step="2"/><W77/><G69/><T106/><D16/><U111/><E111/><V104/><F104/><W87/><G71/><T135/><D135/><U6/><REACH who="1" step="1"/><E82/><REACH who="1" ten="272,218,282,208" step="2"/><V113/><F113/><W103/><G5/><N who="0" m="3215" /><D106/><U88/><E88/><AGARI ba="2,2" hai="11,14,17,48,54,57,81,83,88,90,91" m="3215" machi="88" ten="30,2000,0" yaku="8,1,54,1" doraHai="109" who="0" fromWho="1" sc="272,46,218,-26,282,0,208,0" /><INIT seed="3,0,0,4,5,61" ten="318,192,282,208" oya="3" hai0="27,93,66,79,125,89,74,127,128,6,56,82,73" hai1="126,113,104,96,99,84,26,28,44,40,36,55,14" hai2="95,41,115,85,34,88,57,53,32,51,72,10,71" hai3="20,5,75,0,16,101,122,102,106,105,76,131,29"/><W23/><G122/><T121/><D121/><U111/><E113/><V134/><F115/><W13/><G131/><T31/><D6/><U97/><E111/><V80/><F134/><W70/><G70/><T25/><D128/><U65/><E126/><V108/><F108/><W69/><G69/><T78/><D93/><U112/><E112/><V8/><F71/><W120/><G120/><T52/><D89/><U38/><E38/><V39/><F39/><W60/><G60/><T90/><D90/><U110/><E110/><V114/><F41/><W92/><G76/><T12/><D12/><U9/><E55/><V30/><F114/><W119/><G75/><T132/><D132/><U81/><E104/><V116/><F116/><W100/><G92/><T19/><D19/><U68/><E84/><V11/><REACH who="2" step="1"/><F30/><REACH who="2" ten="318,192,272,208" step="2"/><W83/><G119/><T48/><D31/><U77/><E28/><V63/><F63/><W49/><G49/><T18/><D48/><U3/><E68/><V43/><F43/><W133/><G133/><T42/><D42/><U64/><E40/><V58/><F58/><W130/><G130/><T2/><D56/><U67/><E36/><V117/><F117/><W59/><G59/><T123/><D123/><U47/><E44/><V54/><F54/><W33/><G29/><T118/><D52/><U86/><E47/><V15/><F15/><W35/><G13/><T94/><D118/><U129/><E129/><V17/><F17/><W45/><G16/><T62/><D62/><U22/><E14/><V37/><F37/><W103/><N who="3" m="25600" /><DORA hai="109" /><W135/><G135/><RYUUKYOKU ba="0,1" sc="318,-10,192,-10,272,30,208,-10" hai2="8,10,11,32,34,51,53,57,72,80,85,88,95" /><INIT seed="4,1,1,5,4,117" ten="308,182,302,198" oya="0" hai0="79,80,51,89,33,119,76,1,86,85,91,68,49" hai1="44,100,97,13,47,6,27,38,120,118,132,4,123" hai2="25,66,61,81,10,82,99,134,50,115,125,96,88" hai3="22,126,127,94,78,26,16,56,73,69,19,32,11"/><T75/><D33/><U28/><E118/><V133/><F115/><W54/><G69/><T108/><D68/><U110/><E110/><V57/><F125/><N who="3" m="47627" /><G32/><T41/><D1/><U90/><E90/><V77/><F25/><W31/><G94/><T62/><D119/><U72/><E72/><V131/><F131/><W35/><G35/><T70/><D41/><U18/><E132/><N who="2" m="50795" /><F10/><W46/><G46/><T122/><D70/><U0/><E0/><V39/><F39/><W121/><G11/><T106/><D62/><U130/><E130/><V102/><F50/><N who="3" m="30807" /><G121/><T87/><D106/><U14/><E38/><V20/><F20/><W111/><G111/><T30/><D49/><U34/><E47/><V48/><F48/><W83/><AGARI ba="1,1" hai="16,19,22,26,31,73,78,83" m="30807,47627" machi="83" ten="30,2000,0" yaku="18,1,54,1" doraHai="117" who="3" fromWho="3" sc="308,-11,182,-6,302,-6,198,33" /><INIT seed="5,0,0,4,4,61" ten="297,176,296,231" oya="1" hai0="40,135,63,126,34,106,101,129,17,73,32,11,77" hai1="33,2,36,24,25,104,84,15,88,76,55,98,31" hai2="68,9,66,48,87,29,90,128,14,27,123,47,96" hai3="89,85,41,131,50,18,78,117,26,97,81,127,13"/><U20/><E2/><V116/><F116/><W23/><G117/><T69/><D40/><U56/><E36/><V95/><F128/><W67/><G131/><T58/><D58/><U100/><E76/><V10/><F123/><W19/><G127/><T130/><D11/><U75/><E75/><V108/><F108/><W122/><G122/><T124/><D17/><U134/><E134/><V8/><F96/><W6/><G6/><T99/><D135/><U74/><E74/><V22/><F68/><W132/><G132/><T105/><D77/><U16/><E33/><V71/><F71/><W1/><G1/><T113/><D73/><U72/><E31/><V59/><F59/><W110/><G110/><T0/><D0/><U65/><E72/><V64/><REACH who="2" step="1"/><F14/><REACH who="2" ten="297,176,286,231" step="2"/><W39/><G97/><T103/><D69/><U43/><E43/><AGARI ba="0,1" hai="8,9,10,22,27,29,43,47,48,64,66,87,90,95" machi="43" ten="40,12000,2" yaku="1,1,2,1,8,1,52,2,53,1" doraHai="61" doraHaiUra="42" who="2" fromWho="1" sc="297,0,176,-120,286,130,231,0" /><INIT seed="6,0,0,4,1,52" ten="297,56,416,231" oya="2" hai0="42,89,85,57,32,76,43,129,71,96,116,111,27" hai1="132,108,112,75,123,110,51,100,90,63,56,38,99" hai2="4,39,14,102,69,65,44,54,105,131,81,125,61" hai3="0,5,33,2,103,46,74,87,97,64,55,36,88"/><V10/><F131/><W26/><G74/><T9/><D71/><U128/><E75/><V37/><F125/><W11/><G64/><T34/><D111/><U13/><E128/><V92/><F105/><W66/><G66/><T12/><D116/><U59/><E38/><V93/><F81/><W16/><G2/><T40/><D27/><U134/><E90/><V22/><F22/><W23/><G33/><T80/><D96/><U60/><E13/><V130/><F130/><W41/><G55/><T18/><D89/><U53/><E99/><V106/><F106/><W68/><G68/><T127/><D127/><U95/><E95/><V31/><F31/><W72/><G72/><T7/><D18/><U126/><E100/><V86/><F102/><W35/><G35/><T29/><D29/><U107/><E107/><V82/><F37/><W121/><G121/><T6/><D6/><U49/><E126/><V47/><F44/><W122/><G122/><T133/><D133/><N who="1" m="51307" /><E112/><V19/><F4/><W77/><G77/><T79/><D76/><U119/><E119/><V101/><F101/><W28/><G28/><T73/><D73/><U98/><E98/><V20/><F39/><W124/><G124/><T114/><D114/><U104/><E104/><V48/><REACH who="2" step="1"/><F20/><REACH who="2" ten="297,56,406,231" step="2"/><W17/><G103/><T91/><D129/><U117/><E117/><V109/><F109/><N who="1" m="42089" /><E123/><V94/><F94/><W84/><G17/><T135/><D135/><U58/><E53/><V50/><F50/><AGARI ba="0,1" hai="49,50,51,56,58,59,60,63" m="42089,51307" machi="50" ten="40,16000,3" yaku="28,2,20,1,34,2,52,3" doraHai="52" who="1" fromWho="2" sc="297,0,56,170,406,-160,231,0" /><INIT seed="7,0,0,1,1,104" ten="297,226,246,231" oya="3" hai0="90,20,41,32,29,9,59,129,62,57,86,42,106" hai1="43,71,72,126,91,99,46,125,95,68,14,87,0" hai2="77,109,24,103,81,26,105,60,22,38,93,112,11" hai3="49,5,113,12,61,7,1,31,108,102,17,121,84"/><W111/><G121/><T100/><D32/><U63/><E0/><V23/><F109/><N who="3" m="42059" /><G113/><T48/><D106/><U10/><E99/><V79/><F105/><W118/><G118/><T135/><D100/><U89/><E89/><V134/><F38/><W36/><G36/><T33/><D33/><U52/><E72/><V51/><F112/><W15/><G102/><T76/><D76/><U94/><E94/><V85/><F134/><W16/><G31/><T4/><D129/><U88/><E91/><V50/><F11/><N who="3" m="6175" /><G84/><T74/><D74/><U115/><E115/><V69/><F103/><W116/><G116/><T110/><D135/><U37/><E126/><V96/><F96/><W124/><G61/><T40/><D29/><U70/><E125/><V27/><F60/><W35/><G35/><T30/><D62/><U119/><E119/><V122/><F122/><W131/><G124/><T128/><D48/><U80/><E80/><V114/><F114/><W117/><G117/><T65/><D128/><U6/><REACH who="1" step="1"/><E63/><REACH who="1" ten="297,216,246,231" step="2"/><V83/><F93/><W132/><G131/><T25/><D110/><U67/><E67/><V34/><F81/><W66/><G66/><T64/><D64/><U123/><E123/><V82/><F82/><W47/><G1/><T73/><D73/><U107/><E107/><V78/><F78/><W18/><G132/><T21/><D65/><U53/><AGARI ba="0,1" hai="6,10,14,37,43,46,52,53,68,70,71,87,88,95" machi="53" ten="40,8000,1" yaku="1,1,0,1,54,2,53,0" doraHai="104" doraHaiUra="97" who="1" fromWho="1" sc="297,-20,216,90,246,-20,231,-40" owari="277,7.7,306,40.6,226,-17.4,191,-30.9" /></mjloggm>