<mjloggm ver="2.3"><GO type="169" lobby="0"/><UN n0="%4C%C3%97%57%C3%97%4C" n1="%E3%81%9B%E3%81%A9%E3%81%AA%E3%82%8A%E3%81%82%E3%82%93" n2="%E3%81%82%E3%81%BE%E3%81%82%E3%82%93" n3="%E4%B8%80%E8%93%AE%E5%B3%BB%E6%BD%A4" dan="17,17,17,17" rate="2166.35,2202.82,2125.48,2195.79" sx="M,F,M,M"/><TAIKYOKU oya="0"/><INIT seed="0,0,0,2,2,21" ten="250,250,250,250" oya="0" hai0="57,89,23,77,110,22,96,18,64,7,109,39,98" hai1="34,56,116,120,90,117,1,113,28,124,63,17,45" hai2="85,92,25,94,3,59,99,115,78,134,75,118,42" hai3="35,91,46,86,79,131,41,61,108,33,32,60,4"/><T11/><D39/><U88/><E1/><V13/><F3/><W70/><G108/><N who="0" m="41579" /><D77/><U104/><E104/><V73/><F115/><W128/><G79/><T14/><D89/><U19/><E120/><V71/><F71/><W66/><G4/><T62/><D23/><U48/><E124/><V103/><F118/><W106/><G106/><T112/><D112/><U100/><E100/><V6/><F134/><W8/><G8/><T26/><AGARI ba="0,0" hai="7,11,14,18,22,26,57,62,64,96,98" m="41579" machi="26" ten="30,6000,0" yaku="14,1,10,1,52,1" doraHai="21" who="0" fromWho="0" sc="250,60,250,-20,250,-20,250,-20" /><INIT seed="0,1,0,5,4,49" ten="310,230,230,230" oya="0" hai0="37,64,119,28,21,90,127,9,52,25,15,78,86" hai1="24,104,110,102,69,10,58,50,130,79,22,93,116" hai2="91,39,53,121,17,126,51,73,33,103,57,55,100" hai3="117,94,13,12,97,134,45,72,80,30,123,46,26"/><T71/><D119/><U11/><E110/><V82/><F121/><W63/><G117/><T85/><D37/><U35/><E69/><V113/><F113/><W29/><G123/><T88/><D127/><U8/><E130/><V14/><F33/><W1/><G1/><T16/><D64/><U0/><E35/><V128/><F39/><W41/><G134/><T95/><D71/><U131/><E104/><V108/><F108/><W135/><G72/><T109/><D78/><U106/><E106/><V74/><F128/><W65/><G80/><T112/><D112/><U56/><E131/><V129/><F126/><W70/><G46/><T62/><D109/><U84/><E116/><V7/><F7/><W38/><G30/><T18/><D28/><U92/><E0/><V19/><F129/><W23/><REACH who="3" step="1"/><G135/><REACH who="3" ten="310,230,230,220" step="2"/><T99/><D90/><AGARI ba="1,1" hai="12,13,23,26,29,38,41,45,63,65,70,90,94,97" machi="90" ten="30,3900,0" yaku="1,1,2,1,7,1,53,0" doraHai="49" doraHaiUra="44" who="3" fromWho="0" sc="310,-42,230,0,230,0,220,52" /><INIT seed="1,0,0,2,3,72" ten="268,230,230,272" oya="1" hai0="51,81,26,98,106,68,61,5,44,34,120,62,123" hai1="87,77,4,109,3,27,80,20,64,50,121,101,48" hai2="70,93,73,16,82,117,63,36,21,89,79,37,96" hai3="86,17,119,55,130,7,78,25,124,58,75,85,76"/><U131/><E121/><N who="0" m="46665" /><D5/><U126/><E131/><V91/><F117/><W134/><G75/><T128/><D68/><U14/><E3/><V29/><F29/><W110/><G130/><T30/><D128/><U19/><E126/><V59/><F89/><W15/><G124/><T112/><D112/><U102/><E64/><V28/><F28/><W1/><G1/><T84/><D98/><U38/><E38/><V33/><F33/><W115/><G119/><T31/><D31/><U97/><E109/><V90/><F90/><W108/><G7/><T125/><D106/><U95/><REACH who="1" step="1"/><E101/><REACH who="1" ten="268,220,230,272" step="2"/><V57/><F70/><W116/><G110/><T46/><D125/><U113/><E113/><V111/><F111/><W69/><G115/><T6/><D6/><U8/><AGARI ba="0,1" hai="4,8,14,19,20,27,48,50,77,80,87,95,97,102" machi="8" ten="30,11700,0" yaku="1,1,0,1,8,1,52,1,53,0" doraHai="72" doraHaiUra="43" who="1" fromWho="1" sc="268,-39,220,127,230,-39,272,-39" /><INIT seed="1,1,0,4,4,61" ten="229,347,191,233" oya="1" hai0="126,120,88,72,118,13,107,112,132,78,96,100,0" hai1="17,35,52,18,129,80,127,121,76,3,29,95,36" hai2="38,116,66,33,113,68,10,45,105,93,135,14,26" hai3="55,90,22,86,81,70,16,8,75,5,115,20,9"/><U19/><E121/><V12/><F105/><W110/><G115/><T23/><D0/><U97/><E36/><V79/><F116/><W83/><G110/><T51/><D118/><U43/><E43/><V94/><F113/><W60/><G22/><T48/><D112/><U53/><E3/><V57/><F135/><W67/><G55/><T114/><D114/><U133/><E133/><V39/><F68/><W40/><G40/><T58/><D132/><U102/><E127/><V69/><F69/><W82/><G75/><T74/><D126/><U62/><E129/><V28/><F79/><W85/><G5/><T89/><D120/><U1/><E1/><V130/><F130/><W98/><G98/><T125/><D125/><U64/><E29/><V2/><F2/><W24/><REACH who="3" step="1"/><G83/><REACH who="3" ten="229,347,191,223" step="2"/><T31/><D72/><U124/><E124/><V119/><F119/><W131/><G131/><T30/><D74/><U101/><E35/><V44/><F33/><W77/><AGARI ba="1,1" hai="8,9,16,20,24,60,67,70,77,81,82,85,86,90" machi="77" ten="20,8000,1" yaku="1,1,0,1,7,1,52,1,54,1,53,0" doraHai="61" doraHaiUra="47" who="3" fromWho="3" sc="229,-21,347,-41,191,-21,223,93" /><INIT seed="2,0,0,4,4,128" ten="208,306,170,316" oya="2" hai0="7,63,9,130,112,38,126,85,74,56,23,19,42" hai1="133,75,132,89,28,16,39,6,93,31,117,25,100" hai2="86,27,94,109,87,13,21,54,10,77,2,79,44" hai3="12,129,60,84,105,17,8,40,92,71,53,83,88"/><V61/><F2/><W5/><G129/><T82/><D130/><U78/><E117/><V48/><F109/><W0/><G105/><T30/><D112/><U68/><E39/><V73/><F73/><W81/><G40/><T4/><D126/><U51/><E68/><V102/><F61/><W41/><G41/><T66/><D74/><U18/><E100/><V64/><F64/><W131/><G131/><T104/><D104/><U95/><E6/><V80/><F102/><W121/><G121/><T24/><D42/><U58/><E51/><V11/><F13/><W20/><REACH who="3" step="1"/><G53/><REACH who="3" ten="208,306,170,306" step="2"/><T98/><D38/><U108/><E108/><V1/><F1/><W113/><G113/><T106/><D106/><U37/><E37/><V67/><F67/><AGARI ba="0,1" hai="0,5,8,12,17,20,60,67,71,81,83,84,88,92" machi="67" ten="40,2600,0" yaku="1,1,54,1,53,0" doraHai="128" doraHaiUra="122" who="3" fromWho="2" sc="208,0,306,0,170,-26,306,36" /><INIT seed="3,0,0,0,5,33" ten="208,306,144,342" oya="3" hai0="41,96,88,90,7,17,60,59,97,66,22,117,20" hai1="89,65,70,129,51,63,87,46,106,108,95,4,54" hai2="91,40,83,82,121,34,10,72,124,21,85,3,44" hai3="76,24,45,119,0,105,107,112,2,84,114,130,81"/><W113/><G119/><T93/><D117/><U26/><E108/><V123/><F34/><W35/><G130/><T132/><D132/><U131/><E106/><V14/><F124/><W9/><G45/><T19/><D41/><U61/><E26/><V23/><F23/><W64/><G64/><T94/><D7/><U29/><E29/><V52/><F21/><AGARI ba="0,0" hai="17,19,20,21,22,59,60,66,88,90,93,94,96,97" machi="21" ten="40,5200,0" yaku="9,1,8,1,54,1" doraHai="33" who="0" fromWho="2" sc="208,52,306,0,144,-52,342,0" /><INIT seed="4,0,0,2,1,43" ten="260,306,92,342" oya="0" hai0="66,132,23,92,24,60,94,52,80,49,122,6,91" hai1="93,97,37,5,134,42,27,85,41,89,116,99,44" hai2="19,9,63,53,84,118,110,78,2,90,112,35,79" hai3="33,28,3,70,30,56,10,115,135,126,113,13,124"/><T128/><D122/><U103/><E134/><V45/><F110/><W29/><G70/><T86/><D128/><U7/><E116/><V22/><F35/><W133/><G56/><T50/><D6/><U95/><E27/><V34/><F34/><W26/><G3/><T107/><D107/><U76/><REACH who="1" step="1"/><E42/><REACH who="1" ten="260,296,92,342" step="2"/><V15/><F118/><W18/><G26/><T20/><D132/><N who="3" m="50761" /><G33/><T1/><D1/><U129/><E129/><V119/><F119/><W74/><G74/><T54/><D24/><U83/><AGARI ba="0,1" hai="5,7,37,41,44,76,83,85,89,93,95,97,99,103" machi="83" ten="30,4000,0" yaku="1,1,0,1,52,1,53,0" doraHai="43" doraHaiUra="4" who="1" fromWho="1" sc="260,-20,296,50,92,-10,342,-10" /><INIT seed="5,0,0,3,1,52" ten="240,346,82,332" oya="1" hai0="22,54,127,56,28,0,131,67,44,58,29,62,2" hai1="128,86,75,113,84,57,111,101,109,41,87,71,103" hai2="123,89,70,132,21,73,43,27,129,124,108,93,49" hai3="134,99,94,55,135,38,100,90,25,91,78,31,36"/><U7/><E71/><V122/><F73/><W14/><G78/><T105/><D131/><U85/><E75/><V42/><F108/><N who="1" m="41545" /><E41/><V45/><F129/><W81/><G14/><T114/><D105/><U23/><E128/><V32/><F32/><W3/><G3/><T60/><D114/><U34/><E34/><V6/><F124/><W76/><G38/><T115/><D115/><U30/><E7/><V19/><F132/><N who="3" m="50731" /><G55/><T104/><D104/><U79/><E113/><V120/><F70/><W11/><G11/><T18/><D44/><U63/><E30/><V133/><F133/><W125/><G36/><T26/><REACH who="0" step="1"/><D127/><REACH who="0" ten="230,346,82,332" step="2"/><U102/><E79/><V15/><F42/><W48/><G125/><T96/><D96/><U66/><E85/><V64/><F123/><W117/><G76/><T92/><D92/><U46/><E46/><V39/><F39/><W24/><G94/><T10/><D10/><U1/><E86/><V59/><F122/><W118/><G99/><T53/><D53/><U77/><E77/><V12/><F120/><W68/><G81/><T17/><D17/><U40/><E40/><V119/><F6/><W72/><G72/><T83/><D83/><U65/><E84/><N who="2" m="52391" /><F119/><W8/><G118/><T126/><D126/><U69/><E87/><V98/><F98/><W51/><G117/><T74/><D74/><U13/><E66/><V112/><F112/><W20/><G8/><T9/><D9/><U88/><E65/><V37/><F37/><W95/><G91/><T16/><D16/><U107/><E88/><V80/><F80/><W97/><G90/><RYUUKYOKU ba="0,1" sc="230,15,346,-15,82,15,332,-15" hai0="0,2,18,22,26,28,29,54,56,58,60,62,67" hai2="12,15,19,21,27,43,45,49,59,64" /><INIT seed="6,1,1,0,1,26" ten="245,331,97,317" oya="2" hai0="112,39,76,78,36,24,61,100,10,87,57,83,94" hai1="91,60,0,134,66,11,62,79,89,122,16,133,20" hai2="120,119,110,130,107,67,44,132,63,105,70,38,1" hai3="43,115,19,131,72,9,37,104,47,42,126,109,6"/><V48/><RYUUKYOKU type="yao9" ba="1,1" sc="245,0,331,0,97,0,317,0" hai2="1,38,44,48,63,67,70,105,107,110,119,120,130,132" /><INIT seed="6,2,1,1,5,102" ten="245,331,97,317" oya="2" hai0="57,68,34,30,18,72,77,43,32,134,78,27,40" hai1="28,112,106,122,65,50,125,87,131,29,25,22,121" hai2="14,49,105,94,41,129,54,8,51,58,10,24,44" hai3="67,35,133,110,135,36,69,101,47,109,59,126,113"/><V97/><F129/><W99/><G35/><T31/><D68/><U116/><E116/><V1/><F1/><W86/><G69/><T12/><D134/><N who="3" m="51209" /><G126/><T56/><D12/><U17/><E112/><V61/><F105/><N who="3" m="63679" /><G113/><T85/><D85/><U130/><E106/><V26/><F51/><W0/><G0/><T38/><D38/><U120/><E65/><V79/><F79/><W93/><G67/><T108/><D27/><U74/><E74/><V88/><REACH who="2" step="1"/><F8/><REACH who="2" ten="245,331,87,317" step="2"/><W132/><G132/><T63/><D78/><U81/><E50/><V80/><F80/><W92/><G92/><T128/><D77/><N who="1" m="46511" /><E125/><V100/><F100/><W83/><G93/><T124/><D124/><U103/><E103/><V46/><F46/><W21/><G47/><T70/><D128/><AGARI ba="2,2" hai="17,22,25,28,29,120,121,122,128,130,131" m="46511" machi="128" ten="40,2600,0" yaku="13,1,19,1" doraHai="102" who="1" fromWho="0" sc="245,-32,331,52,87,0,317,0" /><INIT seed="7,0,0,3,1,58" ten="213,383,87,317" oya="3" hai0="17,131,35,13,126,32,89,83,110,1,50,19,101" hai1="94,93,11,62,43,4,107,3,59,135,130,46,96" hai2="111,72,125,102,33,22,67,120,29,15,122,2,129" hai3="133,21,81,51,69,26,5,84,30,105,95,0,14"/><W100/><G133/><T114/><D101/><U42/><E42/><V87/><F87/><W134/><G134/><T103/><D110/><U85/><E135/><V116/><F102/><W44/><G69/><T99/><D1/><U109/><E109/><V90/><F90/><W41/><G0/><T132/><D131/><U45/><E130/><V124/><F67/><W18/><G105/><T64/><D19/><U49/><E45/><V123/><F72/><W39/><G39/><T79/><D89/><U117/><E117/><V55/><F55/><W91/><G5/><T97/><D97/><U75/><E75/><V121/><N who="2" m="30720" /><DORA hai="78" /><V88/><F111/><W40/><G40/><T76/><D76/><U7/><E7/><V24/><F116/><W10/><REACH who="3" step="1"/><G100/><REACH who="3" ten="213,383,87,307" step="2"/><T118/><D103/><U20/><E107/><V80/><F129/><W119/><G119/><T54/><D118/><U16/><E43/><V127/><F2/><W113/><G113/><T12/><D114/><U68/><E68/><V66/><F66/><W57/><G57/><T34/><D64/><U31/><E59/><V112/><F112/><W63/><G63/><T108/><D132/><U56/><E56/><V25/><F15/><W128/><G128/><T23/><D12/><U92/><E62/><V27/><REACH who="2" step="1"/><F33/><REACH who="2" ten="213,383,77,307" step="2"/><N who="0" m="12906" /><D108/><U52/><E3/><V70/><F70/><W65/><G65/><T77/><D35/><U61/><E61/><V60/><F60/><W86/><G86/><T82/><D13/><U73/><E85/><V74/><F74/><W48/><G48/><T36/><D50/><N who="1" m="28759" /><E73/><V53/><F53/><RYUUKYOKU ba="0,2" sc="213,-15,383,-15,77,15,307,15" hai2="22,24,25,27,29,80,88,124,125,127" hai3="10,14,18,21,26,30,41,44,51,81,84,91,95" /><INIT seed="7,1,2,4,3,2" ten="198,368,92,322" oya="3" hai0="126,75,79,121,111,36,91,1,56,115,59,61,33" hai1="51,22,107,124,24,0,34,23,77,40,103,109,8" hai2="27,118,125,95,74,26,100,88,105,28,54,89,94" hai3="122,65,78,93,17,110,42,55,96,82,127,90,63"/><W20/><G122/><T123/><D111/><U102/><E109/><V108/><F108/><W39/><G110/><T12/><D1/><U104/><E34/><V73/><F118/><W113/><G113/><T134/><D33/><U15/><E0/><V7/><F125/><W132/><G132/><T62/><D36/><U97/><E124/><V4/><F105/><W131/><G131/><T60/><D12/><U92/><E77/><V116/><F116/><W38/><G42/><T85/><D134/><U9/><E104/><V117/><F117/><W30/><G30/><T86/><D86/><U106/><E106/><V130/><F100/><W25/><G55/><T16/><D115/><U112/><E112/><V87/><F130/><W3/><G3/><T76/><D75/><U18/><E107/><V13/><F54/><W66/><G66/><T57/><D123/><U120/><E103/><V68/><F68/><W49/><G49/><T72/><D72/><U64/><E64/><V84/><F13/><W135/><G135/><T45/><D121/><U71/><E71/><V5/><REACH who="2" step="1"/><F26/><REACH who="2" ten="198,368,82,322" step="2"/><W101/><G101/><T29/><D126/><U48/><E120/><V69/><F69/><N who="3" m="42175" /><G127/><T98/><D62/><U32/><E32/><AGARI ba="1,3" hai="4,5,7,27,28,32,73,74,84,87,88,89,94,95" machi="32" ten="40,12000,2" yaku="1,1,9,1,52,3,54,1,53,1" doraHai="2" doraHaiUra="31" who="2" fromWho="1" sc="198,0,368,-123,82,153,322,0" owari="198,-30.2,245,4.5,235,-16.5,322,42.2" /></mjloggm>