<mjloggm ver="2.3"><GO type="169" lobby="0"/><UN n0="%E3%81%BE%E3%82%86%E3%81%92" n1="%E3%83%AD%E3%83%AD%E3%82%93" n2="%E7%B5%B6%E5%AF%BE%E9%98%B2%E5%BE%A1%E5%B0%86%E8%BB%8D" n3="%E9%BA%BB%E9%9B%80%E5%B0%91%E5%B9%B4" dan="16,16,16,17" rate="2101.43,2148.36,2069.68,2178.02" sx="M,M,M,M"/><TAIKYOKU oya="0"/><INIT seed="0,0,0,4,1,126" ten="250,250,250,250" oya="0" hai0="57,40,91,95,52,62,30,105,13,96,127,20,78" hai1="65,86,59,15,7,5,92,2,44,120,55,124,19" hai2="117,33,36,114,3,108,35,67,16,131,71,93,41" hai3="80,102,11,51,74,79,77,112,60,70,115,134,107"/><T34/><D127/><U26/><E124/><V84/><F114/><W121/><G121/><T97/><D78/><U101/><E2/><V125/><F125/><W21/><G134/><T56/><D40/><U54/><E26/><V48/><F3/><W58/><G79/><T75/><D75/><U103/><E65/><V118/><F36/><W64/><G11/><T42/><D42/><U50/><E120/><V12/><F108/><W37/><G37/><T81/><D34/><U18/><E86/><V63/><F131/><W135/><G135/><T14/><D81/><U73/><E73/><V1/><F1/><W85/><G74/><T8/><D105/><U116/><E116/><N who="2" m="44651" /><F84/><W27/><G102/><T38/><D38/><U89/><E19/><V32/><F93/><W24/><G107/><T45/><D45/><U28/><E28/><V128/><F128/><W61/><G51/><T10/><D97/><U49/><E103/><V111/><F111/><W68/><G27/><N who="0" m="16743" /><D57/><U53/><E53/><V76/><F76/><W113/><REACH who="3" step="1"/><G60/><REACH who="3" ten="250,250,250,240" step="2"/><T46/><D46/><U29/><E101/><V66/><F63/><W98/><G98/><T47/><D47/><U6/><E29/><AGARI ba="0,1" hai="21,24,29,58,61,64,68,70,77,80,85,112,113,115" machi="29" ten="40,1300,0" yaku="1,1,53,0" doraHai="126" doraHaiUra="88" who="3" fromWho="1" sc="250,0,250,-13,250,0,240,23" /><INIT seed="1,0,0,3,2,32" ten="250,237,250,263" oya="1" hai0="118,126,92,116,94,48,58,106,62,76,109,101,107" hai1="57,19,44,64,49,128,98,26,30,112,45,17,36" hai2="102,28,121,99,0,135,6,100,123,77,40,29,119" hai3="24,90,52,18,7,68,22,13,103,42,56,88,134"/><U117/><E112/><V46/><F119/><W23/><G68/><T130/><D76/><U10/><E117/><V124/><F124/><W115/><G115/><T14/><D126/><U110/><E110/><V43/><F135/><W9/><G134/><T93/><D109/><U114/><E114/><V47/><F77/><W71/><G71/><T131/><D48/><U38/><E128/><N who="0" m="49193" /><D14/><U81/><E81/><V65/><F65/><W86/><G42/><T84/><D58/><U39/><E98/><V113/><F99/><W83/><G103/><T50/><D50/><U96/><E96/><V85/><F113/><W79/><G22/><T105/><D62/><AGARI ba="0,0" hai="7,9,13,18,23,24,52,56,62,79,83,86,88,90" machi="62" ten="30,7700,0" yaku="7,1,8,1,54,2" doraHai="32" who="3" fromWho="0" sc="250,-77,237,0,250,0,263,77" /><INIT seed="2,0,0,4,0,131" ten="173,237,250,340" oya="2" hai0="74,63,3,109,2,8,95,90,13,29,77,0,38" hai1="111,78,125,100,79,31,43,126,42,69,87,85,21" hai2="44,17,92,94,26,114,64,19,107,93,56,103,16" hai3="61,54,47,82,128,121,25,101,50,40,12,89,102"/><V52/><F114/><W10/><G121/><T76/><D38/><U41/><E111/><V115/><F115/><W48/><G128/><T97/><D109/><U22/><E100/><V20/><F107/><W120/><G120/><T104/><D104/><U67/><E67/><V127/><F127/><N who="1" m="48649" /><E31/><V60/><F103/><W124/><G61/><T108/><D108/><U112/><E69/><V70/><REACH who="2" step="1"/><F44/><REACH who="2" ten="173,237,240,340" step="2"/><W105/><G105/><T53/><D74/><U122/><E112/><V28/><F28/><W91/><G124/><T110/><D29/><U57/><E122/><V46/><F46/><W119/><G102/><T130/><D130/><U86/><E57/><V14/><F14/><W106/><G101/><T11/><D110/><U134/><E134/><V118/><F118/><W18/><G106/><T58/><D13/><U129/><E129/><V73/><F73/><W34/><G119/><T30/><D30/><U135/><E135/><V84/><F84/><W24/><G34/><T116/><D116/><U71/><E71/><V80/><F80/><W117/><G117/><T123/><D123/><U113/><E113/><V6/><F6/><W133/><G133/><T15/><REACH who="0" step="1"/><D11/><REACH who="0" ten="163,237,240,340" step="2"/><U36/><E36/><V49/><AGARI ba="0,2" hai="16,17,19,20,26,49,52,56,60,64,70,92,93,94" machi="49" ten="30,12000,1" yaku="1,1,0,1,54,2,53,1" doraHai="131" doraHaiUra="51" who="2" fromWho="2" sc="163,-40,237,-40,240,140,340,-40" /><INIT seed="2,1,0,4,1,28" ten="123,197,380,300" oya="2" hai0="88,23,20,123,82,115,44,124,133,19,72,106,50" hai1="114,83,87,128,15,56,130,62,117,58,11,112,36" hai2="109,103,45,66,52,33,5,94,100,12,108,68,122" hai3="79,17,59,54,21,105,93,118,53,3,107,127,102"/><V8/><F122/><W16/><G118/><T43/><D123/><U86/><E36/><V49/><F33/><W111/><G127/><T81/><D115/><U60/><E83/><V78/><F78/><W92/><G3/><T25/><D124/><U57/><E15/><V85/><F68/><W119/><G111/><N who="2" m="42569" /><F66/><W125/><G125/><T80/><D106/><U2/><E2/><V51/><F51/><W76/><G59/><T77/><D133/><U42/><E42/><V110/><N who="2" m="42577" /><V61/><DORA hai="89" /><F61/><N who="1" m="23657" /><E11/><V95/><F85/><N who="1" m="32265" /><E117/><V27/><F27/><W35/><G21/><T29/><REACH who="0" step="1"/><D88/><REACH who="0" ten="113,197,380,300" step="2"/><U18/><E112/><V75/><F75/><W90/><G90/><T48/><D48/><U134/><E134/><V73/><F73/><W96/><G119/><T32/><D32/><U34/><E34/><V129/><F129/><N who="1" m="49769" /><E114/><V97/><F103/><W9/><G35/><T132/><D132/><U30/><E30/><V74/><F74/><W116/><G116/><T40/><D40/><U13/><E13/><AGARI ba="1,1" hai="13,19,20,23,25,29,43,44,50,72,77,80,81,82" machi="13" ten="30,2000,0" yaku="1,1,7,1,53,0" doraHai="28,89" doraHaiUra="126,6" who="0" fromWho="1" sc="113,33,197,-23,380,0,300,0" /><INIT seed="3,0,0,5,2,118" ten="146,174,380,300" oya="3" hai0="31,110,59,61,94,128,36,104,74,60,119,16,9" hai1="120,20,54,35,134,112,123,76,2,73,21,102,95" hai2="24,96,18,83,12,117,111,17,126,133,108,81,80" hai3="67,106,114,56,64,28,38,88,91,98,45,27,37"/><W68/><G68/><T14/><D119/><U109/><E35/><V122/><F117/><W77/><G114/><T34/><D104/><U47/><E112/><V57/><F126/><W23/><G77/><T90/><D74/><U132/><E2/><V97/><F133/><N who="1" m="51305" /><E109/><N who="2" m="42059" /><F122/><N who="1" m="46633" /><E76/><V100/><F57/><W33/><G33/><T0/><D36/><U93/><E73/><V51/><F51/><W125/><G125/><T13/><D110/><U78/><E78/><V42/><F42/><W84/><G56/><T124/><D124/><U22/><E102/><V87/><F100/><W75/><G75/><T65/><D0/><U55/><E47/><V62/><F80/><W39/><G45/><T135/><D135/><U53/><AGARI ba="0,0" hai="20,21,22,53,54,55,93,95" m="46633,51305" machi="53" ten="40,12000,2" yaku="28,2,20,1,52,3" doraHai="118" who="1" fromWho="1" sc="146,-30,174,120,380,-30,300,-60" /><INIT seed="4,0,0,0,2,91" ten="116,294,350,240" oya="0" hai0="17,87,86,92,57,14,41,85,22,46,16,32,124" hai1="35,37,66,90,82,12,21,1,131,105,114,53,102" hai2="116,79,38,71,93,99,52,68,62,135,26,8,5" hai3="118,103,33,34,113,132,3,67,94,109,78,76,119"/><T70/><D70/><U88/><E35/><V30/><F38/><W25/><G3/><T80/><D32/><U40/><E1/><V18/><F18/><W39/><G109/><T128/><D124/><U54/><E66/><V42/><F42/><W58/><G39/><T55/><D128/><U65/><E65/><V117/><F79/><W111/><G111/><T89/><D17/><U9/><E131/><V61/><F135/><W121/><G113/><T19/><D19/><U36/><E21/><V11/><F71/><W95/><G67/><T77/><D41/><U110/><E110/><V60/><F52/><W112/><G112/><T129/><D46/><U47/><E37/><V20/><F68/><W134/><G58/><T44/><D44/><U13/><E13/><V4/><F11/><W15/><G15/><T72/><REACH who="0" step="1"/><D129/><REACH who="0" ten="106,294,350,240" step="2"/><U100/><E47/><V10/><F4/><W63/><G33/><T73/><D73/><U115/><E40/><V51/><F5/><W130/><G34/><T49/><AGARI ba="0,1" hai="14,16,22,49,55,57,72,77,80,85,86,87,89,92" machi="49" ten="20,18000,2" yaku="1,1,0,1,7,1,25,2,52,1,54,1,53,0" doraHai="91" doraHaiUra="98" who="0" fromWho="0" sc="106,190,294,-60,350,-60,240,-60" /><INIT seed="4,1,0,5,1,30" ten="296,234,290,180" oya="0" hai0="122,78,129,11,1,131,68,15,2,21,27,18,75" hai1="28,103,0,42,97,22,124,17,55,62,51,12,108" hai2="107,77,48,56,119,135,79,16,52,25,123,40,95" hai3="49,89,133,104,63,111,73,101,64,106,8,31,7"/><T82/><D68/><U38/><E0/><V36/><F107/><W41/><G111/><T9/><D122/><U102/><E124/><V3/><F3/><W6/><G73/><T114/><D114/><U39/><E103/><V96/><F123/><W37/><G37/><T58/><D11/><U45/><E108/><V85/><F135/><W33/><G133/><T86/><D75/><U67/><E28/><V35/><F119/><W100/><G89/><T105/><D105/><U19/><E19/><V57/><F85/><W113/><G113/><T32/><D58/><U4/><E4/><V20/><F35/><W43/><G106/><T127/><D127/><U120/><E120/><V70/><F70/><W69/><G6/><T134/><D134/><U115/><E115/><V93/><F93/><W81/><G81/><T47/><D47/><U121/><E121/><V98/><F98/><N who="3" m="61463" /><G101/><T46/><D46/><U118/><E118/><V91/><F36/><W29/><G29/><N who="0" m="19519" /><D1/><U126/><E126/><V65/><F40/><W72/><G49/><T99/><D99/><U10/><E10/><V74/><F74/><W14/><G72/><T90/><D90/><U23/><E23/><V117/><F117/><W53/><G53/><T92/><D92/><N who="1" m="58663" /><E42/><V132/><F132/><W26/><AGARI ba="1,0" hai="7,8,14,26,31,33,41,43,63,64,69" m="61463" machi="26" ten="30,2000,0" yaku="25,1,52,1" doraHai="30" who="3" fromWho="3" sc="296,-11,234,-6,290,-6,180,23" /><INIT seed="5,0,0,4,5,17" ten="285,228,284,203" oya="1" hai0="122,13,102,85,112,25,79,126,114,41,94,131,6" hai1="32,34,44,130,42,86,67,125,108,117,71,52,8" hai2="90,0,76,116,54,49,53,3,110,69,109,113,16" hai3="39,29,4,24,74,50,66,62,124,134,93,9,31"/><U121/><E117/><V127/><F116/><W95/><G39/><T84/><D41/><U101/><E121/><V78/><F69/><W119/><G74/><T36/><D36/><U118/><E118/><V88/><F49/><W87/><G119/><T80/><D122/><U27/><E108/><V1/><F16/><W58/><G124/><T65/><D65/><U21/><E130/><V40/><F40/><W96/><G134/><T92/><D25/><U56/><E125/><V73/><F127/><W33/><G31/><T91/><D126/><U19/><E101/><V129/><F73/><W100/><G50/><T75/><D13/><U23/><E71/><V61/><F61/><W99/><G87/><N who="0" m="52351" /><D6/><U10/><E67/><V48/><F48/><W30/><G30/><T111/><D131/><U83/><E34/><V107/><F1/><W77/><G77/><T63/><D63/><N who="1" m="36231" /><E32/><V55/><F55/><W57/><G57/><T98/><D111/><U59/><E59/><V43/><F43/><W89/><G9/><T51/><D51/><N who="1" m="27031" /><E23/><V7/><F129/><W47/><G47/><T120/><D120/><U123/><E123/><V103/><F107/><W5/><AGARI ba="0,0" hai="4,5,24,29,33,58,62,66,89,93,95,96,99,100" machi="5" ten="30,1100,0" yaku="0,1" doraHai="17" who="3" fromWho="3" sc="285,-3,228,-5,284,-3,203,11" /><INIT seed="6,0,0,4,4,101" ten="282,223,281,214" oya="2" hai0="6,70,109,129,17,0,78,116,13,122,114,124,18" hai1="132,90,123,49,97,22,20,62,75,127,96,71,57" hai2="8,16,120,66,85,24,133,34,118,82,73,58,38" hai3="9,59,105,50,126,81,68,100,117,51,33,25,46"/><V14/><F118/><W63/><G117/><T77/><D116/><U61/><E75/><V32/><F120/><W10/><G126/><T110/><D122/><U112/><E123/><V79/><F38/><W72/><G68/><T88/><D70/><U1/><E1/><V52/><F66/><W21/><G33/><T43/><D124/><U55/><E127/><V93/><F133/><W80/><G100/><T4/><D0/><U39/><E39/><V98/><F24/><W94/><G94/><T134/><D134/><U128/><E128/><V89/><REACH who="2" step="1"/><F73/><REACH who="2" ten="282,223,271,214" step="2"/><W131/><G72/><T92/><D129/><U65/><E132/><V74/><F74/><W48/><G131/><T30/><D110/><U28/><E65/><V3/><F3/><W23/><G46/><T95/><D109/><U135/><E135/><V103/><F103/><W76/><G25/><T107/><D30/><U41/><E28/><V19/><F19/><W29/><G29/><T54/><D18/><U12/><E12/><V64/><F64/><W42/><G42/><T27/><D27/><U102/><E41/><V35/><F35/><W11/><G105/><T67/><D43/><U36/><E36/><V31/><F31/><W86/><REACH who="3" step="1"/><G81/><REACH who="3" ten="282,223,271,204" step="2"/><T5/><D107/><U40/><E102/><V83/><F83/><W53/><AGARI ba="0,2" hai="9,10,11,21,23,48,50,51,53,59,63,76,80,86" machi="53" ten="30,7900,0" yaku="1,1,2,1,0,1,8,1,53,0" doraHai="101" doraHaiUra="69" who="3" fromWho="3" sc="282,-20,223,-20,271,-39,204,99" /><INIT seed="7,0,0,0,4,115" ten="262,203,232,303" oya="3" hai0="88,92,14,130,5,37,111,95,54,58,109,72,45" hai1="73,23,75,9,49,18,35,25,123,47,48,116,110" hai2="13,6,68,97,90,85,34,40,44,102,61,131,12" hai3="22,65,101,3,135,122,120,28,42,134,50,87,36"/><W82/><G3/><T106/><D106/><U70/><E110/><V108/><F108/><W79/><G36/><T16/><D72/><U31/><E70/><V59/><F34/><W60/><G101/><T7/><D111/><U105/><E105/><V128/><F68/><W17/><G28/><T64/><D109/><U21/><E123/><V121/><F121/><W33/><G33/><T30/><D30/><U32/><E9/><V29/><F29/><W26/><G42/><T119/><D119/><U74/><E35/><V84/><F6/><W0/><G0/><T66/><D95/><U114/><E114/><V100/><F12/><W103/><G103/><T10/><D130/><N who="2" m="49706" /><F13/><W125/><G125/><T104/><D104/><U51/><E47/><V2/><F97/><W118/><G50/><N who="0" m="31063" /><D45/><U124/><E124/><V24/><F24/><W112/><G112/><T52/><D52/><U62/><E62/><V99/><F2/><W81/><G118/><T53/><D53/><U8/><E8/><V38/><F102/><W55/><G82/><T77/><D37/><U98/><E98/><V19/><F100/><W113/><G55/><T56/><D77/><U71/><E71/><V20/><F99/><W117/><G117/><T93/><D93/><U1/><E116/><V57/><F61/><W89/><G79/><T11/><D11/><U126/><E126/><V83/><F85/><W46/><G46/><T129/><D129/><U94/><E1/><V69/><F69/><N who="3" m="42151" /><G113/><T15/><D15/><N who="1" m="9439" /><E32/><V127/><F127/><W67/><G67/><N who="0" m="25643" /><D56/><U39/><E39/><V27/><AGARI ba="0,0" hai="19,20,27,38,40,44,57,59,83,84,90" m="49706" machi="27" ten="30,2000,0" yaku="5,1,19,1" doraHai="115" who="2" fromWho="2" sc="262,-5,203,-5,232,20,303,-10" /><INIT seed="8,0,0,0,2,53" ten="257,198,252,293" oya="0" hai0="98,122,1,30,17,3,52,59,67,41,23,44,10" hai1="32,49,74,0,8,34,27,62,14,6,24,101,56" hai2="38,113,102,77,36,12,64,39,83,78,18,66,61" hai3="100,107,29,11,40,20,109,84,134,135,128,25,99"/><T85/><D122/><U5/><E74/><V124/><F113/><W48/><G109/><T72/><D72/><U89/><E101/><V2/><F2/><W110/><G110/><T115/><D67/><U91/><E49/><V51/><F124/><W19/><G128/><T13/><D30/><U93/><E91/><V117/><F117/><W73/><G73/><T70/><D70/><U104/><E104/><V15/><F102/><W9/><G84/><T76/><D115/><U54/><E6/><V28/><F28/><W88/><G88/><T37/><D98/><U90/><E90/><V132/><F132/><N who="3" m="50731" /><G29/><T68/><D68/><U7/><E7/><V71/><F66/><W63/><G63/><T106/><D106/><U131/><E131/><V16/><F51/><W118/><G118/><T81/><D10/><U80/><E80/><V60/><F60/><AGARI ba="0,0" hai="1,3,13,17,23,37,41,44,52,59,60,76,81,85" machi="60" ten="30,5800,0" yaku="7,1,52,1,54,1" doraHai="53" who="0" fromWho="2" sc="257,58,198,0,252,-58,293,0" owari="315,41.5,198,-20.2,194,-30.6,293,9.3" /></mjloggm>