<mjloggm ver="2.3"><GO type="169" lobby="0"/><UN n0="%E2%80%A0%E7%99%BD%E5%85%8E%E2%80%A0" n1="%E3%81%84%E3%81%A1%E3%82%8D%E3%83%BC%32%36%32%E6%AD%B3" n2="%E3%83%8A%E3%82%AB%E3%81%AB%E3%81%97" n3="%73%61%6E%64%69%72%69%73" dan="18,16,17,17" rate="2266.09,2144.43,2279.39,2217.37" sx="M,M,M,M"/><TAIKYOKU oya="0"/><INIT seed="0,0,0,4,2,68" ten="250,250,250,250" oya="0" hai0="56,128,87,15,78,113,79,71,73,80,124,63,52" hai1="84,40,62,120,90,130,116,16,134,27,43,22,55" hai2="37,119,8,28,59,33,12,102,76,5,17,110,45" hai3="135,118,122,25,24,53,69,48,91,106,66,3,42"/><T20/><D113/><U51/><E120/><V9/><F110/><W2/><G118/><T29/><D128/><U58/><E134/><V125/><F125/><W126/><G126/><T0/><D0/><U14/><E130/><V86/><F119/><W31/><G135/><T133/><D133/><U127/><E116/><V34/><F102/><W60/><G122/><T75/><D124/><U131/><E131/><V4/><F59/><W46/><G25/><T85/><D71/><U54/><E127/><V23/><F76/><W129/><G129/><T98/><D98/><U35/><E35/><V7/><F86/><W72/><G72/><T83/><REACH who="0" step="1"/><D29/><REACH who="0" ten="240,250,250,250" step="2"/><U112/><E112/><V19/><F37/><W70/><G70/><T95/><D95/><U18/><E27/><N who="2" m="16511" /><F45/><W57/><G106/><T92/><D92/><N who="1" m="54343" /><E18/><AGARI ba="0,1" hai="15,18,20,52,56,63,73,75,78,79,80,83,85,87" machi="18" ten="40,12000,1" yaku="1,1,9,1,54,1,53,1" doraHai="68" doraHaiUra="11" who="0" fromWho="1" sc="240,130,250,-120,250,0,250,0" /><INIT seed="0,1,0,1,4,122" ten="370,130,250,250" oya="0" hai0="64,61,84,80,27,102,91,8,120,15,53,90,87" hai1="44,1,105,117,70,76,54,128,96,48,38,52,113" hai2="10,106,59,85,79,42,49,4,31,129,11,3,7" hai3="115,81,30,83,100,43,75,101,111,47,130,89,33"/><T58/><D120/><U74/><E1/><V108/><F106/><W95/><G115/><T68/><D102/><U86/><E74/><V123/><F123/><W71/><G71/><T14/><D27/><U45/><E117/><V69/><F69/><W41/><G130/><T107/><D107/><U9/><E128/><V77/><F129/><W92/><G89/><T57/><D8/><U103/><E113/><V73/><F73/><W35/><G75/><T40/><D40/><U12/><E70/><V88/><F31/><W29/><G47/><T134/><D134/><U65/><E65/><V32/><F32/><W121/><G121/><T39/><D39/><U13/><E38/><V26/><F26/><W135/><G135/><T6/><D6/><U46/><E54/><V97/><F97/><W56/><G56/><T55/><D68/><U37/><E37/><V104/><F104/><W50/><G50/><T2/><D2/><U51/><E51/><V132/><F132/><W72/><G72/><T5/><D5/><U118/><E118/><V16/><F7/><W112/><G112/><T63/><D64/><U28/><E28/><V17/><F42/><W82/><G82/><AGARI ba="1,0" hai="14,15,53,55,57,58,61,63,80,82,84,87,90,91" machi="82" ten="30,12000,1" yaku="7,1,32,3,8,1" doraHai="122" who="0" fromWho="3" sc="370,123,130,0,250,0,250,-123" /><INIT seed="0,2,0,2,1,107" ten="493,130,250,127" oya="0" hai0="54,77,55,42,104,29,81,25,131,23,74,7,91" hai1="62,88,39,10,76,9,119,66,30,116,60,67,58" hai2="106,59,135,4,132,40,64,18,27,46,52,51,63" hai3="47,105,123,113,87,2,57,12,53,3,19,32,35"/><T14/><D104/><U84/><E39/><V48/><F106/><W45/><G113/><T68/><D68/><U17/><E30/><V20/><REACH who="2" step="1"/><F4/><REACH who="2" ten="493,130,240,127" step="2"/><W11/><G105/><T99/><D7/><U130/><E119/><V56/><AGARI ba="2,1" hai="18,20,27,40,46,48,51,52,56,59,63,64,132,135" machi="56" ten="30,7900,0" yaku="1,1,2,1,0,1,54,1,53,0" doraHai="107" doraHaiUra="70" who="2" fromWho="2" sc="493,-41,130,-22,240,95,127,-22" /><INIT seed="1,0,0,3,2,132" ten="452,108,335,105" oya="1" hai0="111,50,81,99,85,131,41,121,10,13,82,45,128" hai1="123,94,88,32,112,34,110,113,122,71,89,127,42" hai2="52,15,0,12,27,46,91,19,70,84,69,114,62" hai3="129,35,5,95,57,118,53,80,102,31,134,109,9"/><U135/><E71/><V103/><F0/><W101/><G109/><T74/><D111/><U73/><E110/><V36/><F114/><N who="1" m="44137" /><E42/><V37/><F103/><W61/><G134/><T72/><D121/><N who="1" m="46091" /><E135/><V76/><F76/><W133/><G133/><T47/><D47/><U6/><E6/><V67/><F69/><W44/><G129/><T92/><D131/><U120/><N who="1" m="46099" /><U55/><DORA hai="86" /><E55/><V124/><F27/><W126/><G118/><T63/><D128/><U56/><E56/><V116/><F15/><W77/><G31/><T49/><D49/><U14/><E14/><V38/><F116/><W58/><G35/><N who="1" m="13354" /><E94/><V105/><F52/><W68/><G68/><T18/><D63/><U115/><N who="1" m="44145" /><U106/><DORA hai="1" /><E73/><V64/><F46/><W11/><G44/><T24/><D24/><U33/><N who="1" m="13362" /><U23/><DORA hai="8" /><E23/><V54/><F54/><W25/><G58/><T65/><D65/><U66/><E66/><V104/><F67/><W26/><G95/><T51/><D51/><U59/><E59/><V39/><N who="2" m="9216" /><DORA hai="98" /><V60/><F64/><RYUUKYOKU type="kan4" ba="0,0" sc="452,0,108,0,335,0,105,0" /><INIT seed="1,1,0,5,0,102" ten="452,108,335,105" oya="1" hai0="78,106,125,93,48,87,49,29,16,63,64,65,69" hai1="114,52,133,9,11,134,36,34,68,101,73,66,111" hai2="38,116,94,130,28,55,0,113,51,135,83,127,56" hai3="31,47,4,43,108,72,90,54,84,109,23,86,77"/><U17/><E73/><V2/><F116/><W81/><G4/><T30/><D106/><U41/><E114/><V128/><F38/><W24/><G54/><T19/><D125/><U27/><E101/><V112/><F28/><W15/><G15/><T7/><D7/><U129/><E129/><N who="2" m="49771" /><F83/><W13/><G13/><T10/><D65/><U119/><E119/><V80/><F127/><W39/><REACH who="3" step="1"/><G90/><REACH who="3" ten="452,108,335,95" step="2"/><T107/><D10/><U98/><E52/><V95/><F0/><W74/><G74/><T20/><D64/><U67/><E67/><V1/><F2/><W76/><G76/><T79/><D78/><U97/><E9/><V120/><F1/><W71/><G71/><T32/><D79/><U35/><E11/><V96/><F55/><W92/><G92/><T57/><D93/><U88/><E88/><V45/><F95/><W8/><G8/><T44/><D69/><U6/><E6/><V22/><F94/><W42/><G42/><T61/><D87/><AGARI ba="1,1" hai="23,24,31,39,43,47,72,77,81,84,86,87,108,109" machi="87" ten="40,2600,0" yaku="1,1,53,1" doraHai="102" doraHaiUra="70" who="3" fromWho="0" sc="452,-29,108,0,335,0,95,39" /><INIT seed="2,0,0,5,3,13" ten="423,108,335,134" oya="2" hai0="88,27,122,130,35,103,77,118,46,52,0,97,129" hai1="76,65,72,71,108,131,96,113,90,124,93,42,56" hai2="83,3,63,7,47,86,67,37,100,120,69,12,125" hai3="66,23,57,95,26,99,110,30,133,2,104,32,132"/><V4/><F120/><W68/><G110/><T101/><D0/><U41/><E113/><V123/><F123/><W126/><G126/><T121/><D77/><U61/><E108/><V17/><F125/><W25/><G2/><T18/><D118/><U33/><E124/><V116/><F116/><W10/><G104/><N who="0" m="63535" /><D103/><U11/><E131/><N who="0" m="50185" /><D88/><U75/><E33/><V84/><F3/><W73/><G73/><T14/><D27/><U79/><E71/><V102/><F102/><W6/><G68/><T59/><D46/><U36/><E36/><V39/><F100/><W29/><G95/><T119/><D35/><U16/><E75/><V28/><F86/><W34/><G99/><T48/><D119/><U70/><E70/><V1/><F1/><N who="3" m="335" /><G57/><T40/><D40/><N who="1" m="15467" /><E72/><V50/><F39/><W31/><G66/><T117/><D117/><U15/><AGARI ba="0,0" hai="11,15,16,56,61,65,76,79,90,93,96" m="15467" machi="15" ten="30,4000,0" yaku="8,1,52,1,54,1" doraHai="13" who="1" fromWho="1" sc="423,-10,108,40,335,-20,134,-10" /><INIT seed="3,0,0,5,1,120" ten="413,148,315,124" oya="3" hai0="77,0,24,58,92,36,91,107,40,64,60,18,133" hai1="51,47,126,13,73,132,118,95,125,112,43,72,44" hai2="35,63,117,83,100,108,12,79,22,17,3,16,1" hai3="74,84,113,55,103,69,57,94,116,111,104,52,105"/><W11/><G113/><T59/><D107/><U45/><E112/><V70/><F117/><W41/><G116/><T114/><D0/><U8/><E118/><V78/><F35/><W128/><G69/><T23/><D133/><U127/><E132/><V109/><F100/><W93/><G74/><N who="1" m="28778" /><E95/><V80/><F63/><W131/><G41/><T81/><D36/><U101/><E101/><V119/><F119/><W19/><G103/><T68/><D40/><U25/><E25/><V6/><F6/><AGARI ba="0,0" hai="6,8,13,43,44,45,47,51,125,126,127" m="28778" machi="6" ten="40,1300,0" yaku="18,1" doraHai="120" who="1" fromWho="2" sc="413,0,148,13,315,-13,124,0" /><INIT seed="4,0,0,5,3,17" ten="413,161,302,124" oya="0" hai0="3,22,134,92,13,117,29,44,53,97,99,68,4" hai1="62,76,93,59,111,115,80,24,74,87,8,54,61" hai2="46,50,21,1,47,116,20,14,57,105,40,94,23" hai3="34,19,12,49,43,52,89,39,130,6,110,75,81"/><T98/><D117/><U106/><E111/><V0/><F105/><W58/><G110/><T103/><D68/><U126/><E106/><V84/><F116/><W114/><G34/><T15/><D3/><U91/><E126/><V25/><F14/><N who="0" m="5130" /><D4/><U131/><E131/><V38/><F57/><W33/><G33/><T120/><D134/><U82/><E115/><V129/><F129/><W107/><G107/><T7/><D7/><U86/><E8/><V27/><F0/><W51/><G39/><T11/><D11/><U77/><REACH who="1" step="1"/><E24/><REACH who="1" ten="413,151,302,124" step="2"/><V100/><F1/><W30/><G114/><T63/><D120/><U127/><E127/><V60/><F27/><W104/><G104/><T41/><D103/><U56/><E56/><V83/><F25/><W18/><G130/><T90/><D29/><U70/><E70/><V2/><F2/><W64/><G30/><T32/><D32/><U123/><E123/><V88/><F100/><W35/><G35/><T132/><D132/><U125/><E125/><V78/><F60/><AGARI ba="0,1" hai="54,59,60,61,62,74,76,77,80,82,86,87,91,93" machi="60" ten="30,2000,0" yaku="1,1,7,1,53,0" doraHai="17" doraHaiUra="101" who="1" fromWho="2" sc="413,0,151,30,302,-20,124,0" /><INIT seed="5,0,0,2,2,123" ten="413,181,282,124" oya="1" hai0="27,36,68,117,40,14,38,131,49,64,52,47,97" hai1="11,20,39,19,37,122,26,94,78,135,10,77,103" hai2="107,67,126,62,69,53,130,29,124,51,28,4,6" hai3="121,74,106,21,88,129,43,91,57,100,108,99,32"/><U113/><E122/><V50/><F107/><W54/><G121/><T104/><D117/><U22/><E113/><V98/><F130/><W114/><G32/><T115/><D131/><U79/><E135/><V12/><F98/><W119/><G129/><T17/><D27/><U120/><E120/><V133/><F133/><W102/><G114/><T30/><D30/><N who="2" m="11882" /><F12/><W70/><G70/><T90/><D115/><U31/><E37/><V81/><F81/><W44/><G74/><T116/><D116/><U2/><E39/><V5/><F53/><W59/><G119/><T125/><D125/><AGARI ba="0,0" hai="4,5,6,50,51,62,67,69,124,125,126" m="11882" machi="125" ten="30,1000,0" yaku="18,1" doraHai="123" who="2" fromWho="0" sc="413,-10,181,0,282,10,124,0" /><INIT seed="6,0,0,1,3,92" ten="403,181,292,124" oya="2" hai0="60,78,98,20,120,24,9,55,3,116,132,93,12" hai1="65,123,126,119,31,37,29,1,14,89,8,113,68" hai2="118,32,2,47,94,50,16,69,99,79,11,71,112" hai3="0,104,107,30,48,97,61,22,23,17,42,80,66"/><V135/><F118/><W27/><G0/><T53/><D3/><U36/><E113/><V109/><F32/><W95/><G80/><T124/><D120/><U56/><E119/><V73/><F112/><W5/><G5/><T45/><D116/><U121/><E1/><V52/><F135/><W85/><G85/><T134/><D78/><U81/><E68/><V38/><F109/><W67/><G48/><T70/><D45/><U90/><E126/><V87/><F73/><W44/><G44/><T111/><D60/><N who="1" m="38023" /><E29/><V54/><F38/><N who="1" m="14953" /><E31/><V117/><F54/><W28/><G42/><T51/><D51/><U58/><E58/><V133/><F133/><N who="0" m="51306" /><D70/><U74/><E81/><V77/><F117/><W86/><G86/><T39/><D124/><U122/><E74/><V115/><F115/><W96/><G61/><T41/><D111/><U102/><E102/><V34/><F34/><W10/><G10/><T131/><D131/><U15/><E15/><N who="2" m="7295" /><F2/><W127/><G127/><T21/><D41/><U4/><AGARI ba="0,0" hai="4,8,14,89,90,121,122,123" m="14953,38023" machi="4" ten="40,1500,0" yaku="13,1" doraHai="92" who="1" fromWho="1" sc="403,-4,181,15,292,-7,124,-4" /><INIT seed="7,0,0,2,2,17" ten="399,196,285,120" oya="3" hai0="55,68,103,117,52,67,4,13,128,88,92,110,97" hai1="99,39,126,82,46,0,70,75,7,96,118,93,27" hai2="28,31,134,64,50,115,32,5,38,76,109,113,61" hai3="135,6,107,116,1,95,74,30,62,49,91,119,83"/><W86/><G135/><T69/><D110/><U59/><E70/><V53/><F38/><W71/><G107/><T73/><D73/><U111/><E111/><V16/><F109/><W24/><G6/><T34/><D34/><U114/><E114/><N who="2" m="43531" /><F76/><W10/><G10/><T56/><D117/><U54/><E27/><V35/><F5/><W106/><G1/><T100/><D69/><U120/><E96/><V102/><F102/><N who="0" m="38954" /><D68/><U98/><E46/><N who="2" m="27863" /><F16/><W60/><G106/><T11/><D128/><U130/><E93/><V21/><F134/><W81/><G74/><T90/><D90/><U104/><E59/><N who="2" m="36927" /><F21/><N who="3" m="15631" /><G71/><T125/><D13/><U84/><E84/><V8/><F8/><W72/><G72/><T41/><D11/><U127/><E54/><V105/><F105/><W80/><G119/><T47/><D55/><U58/><E58/><V3/><F3/><W123/><G116/><T63/><D56/><U94/><E82/><N who="3" m="20994" /><W78/><DORA hai="20" /><G123/><T66/><D4/><U40/><E120/><V9/><F9/><W48/><G78/><T45/><D92/><U51/><E94/><V85/><F85/><W101/><G101/><T89/><D89/><U122/><E75/><V26/><F32/><W124/><G124/><T43/><D125/><U112/><E126/><V108/><F108/><W15/><G15/><T12/><D12/><U36/><E127/><V22/><F35/><W121/><G121/><T18/><D88/><U14/><E122/><V129/><F31/><W131/><G131/><AGARI ba="0,0" hai="22,26,28,129,131" m="36927,27863,43531" machi="131" ten="30,3900,0" yaku="15,1,52,2" doraHai="17,20" who="2" fromWho="3" sc="399,0,196,0,285,39,120,-39" owari="399,49.9,196,-20.4,324,12.4,81,-41.9" /></mjloggm>