<mjloggm ver="2.3"><GO type="169" lobby="0"/><UN n0="%E3%83%8F%E3%83%B3%E3%83%81%E3%83%A7%E3%82%A6%E5%A4%A7%E6%A7%BB" n1="%6F%6B%61%62%65%73%68%69" n2="%E3%83%94%E3%83%B3%E3%82%B5%E3%83%AD%E5%BA%97%E5%93%A1" n3="%72%61%69%32%31%31" dan="16,17,17,16" rate="2104.16,2222.12,2247.02,2156.60" sx="M,M,M,M"/><TAIKYOKU oya="0"/><INIT seed="0,0,0,3,1,20" ten="250,250,250,250" oya="0" hai0="135,67,75,80,46,60,14,126,17,1,102,2,128" hai1="37,63,40,57,52,23,86,4,62,99,24,11,88" hai2="35,71,93,118,70,101,83,82,121,49,59,87,50" hai3="69,105,34,29,16,31,30,127,114,74,110,92,78"/><T18/><D128/><U94/><E37/><V124/><F121/><W96/><G114/><T103/><D126/><U116/><E116/><V21/><F35/><W45/><G127/><T26/><D135/><U104/><E40/><V28/><F124/><W54/><G69/><T130/><D130/><U111/><E111/><V53/><F118/><W36/><G110/><T3/><D46/><U10/><E104/><V129/><F129/><W65/><G65/><T79/><D18/><U72/><E72/><V76/><F70/><W91/><G105/><T123/><D123/><U73/><E73/><V51/><F71/><W84/><G74/><T100/><D26/><U15/><E10/><V113/><F83/><N who="3" m="47223" /><G36/><T85/><D75/><U89/><E89/><V41/><F113/><W81/><G34/><T39/><D39/><U22/><E22/><V119/><F119/><W42/><G42/><T108/><D108/><U27/><E23/><V68/><F68/><W131/><G131/><T13/><REACH who="0" step="1"/><D17/><REACH who="0" ten="240,250,250,250" step="2"/><U109/><E109/><V8/><F41/><W0/><G16/><T43/><D43/><U12/><E12/><V122/><F122/><W33/><G45/><T7/><D7/><U64/><E99/><N who="2" m="59631" /><F8/><W117/><G117/><T97/><D97/><U32/><E32/><V66/><F66/><W107/><G33/><T38/><D38/><U58/><AGARI ba="0,1" hai="4,11,15,24,27,52,57,58,62,63,64,86,88,94" machi="58" ten="20,12000,2" yaku="0,1,7,1,8,1,52,2,54,2" doraHai="20" who="1" fromWho="1" sc="240,-60,250,130,250,-30,250,-30" /><INIT seed="1,0,0,1,2,39" ten="180,380,220,220" oya="1" hai0="53,112,127,81,92,130,24,111,71,88,10,17,108" hai1="20,62,26,110,34,128,123,19,38,9,100,36,70" hai2="95,120,67,116,0,21,99,119,11,22,13,30,3" hai3="52,74,59,87,60,107,14,73,47,134,129,54,76"/><U91/><E123/><V44/><F120/><W89/><G107/><T133/><D112/><U115/><E115/><V125/><F67/><W122/><G122/><T77/><D71/><U83/><E128/><V56/><F56/><W72/><G129/><T18/><D130/><U23/><E34/><V42/><F125/><W46/><G134/><T5/><D133/><U79/><E91/><V126/><F126/><W90/><G14/><T8/><D53/><U61/><E9/><V135/><F135/><W124/><G124/><T103/><D103/><U32/><E32/><V43/><F30/><W48/><REACH who="3" step="1"/><G46/><REACH who="3" ten="180,380,220,210" step="2"/><T57/><D127/><U25/><E110/><V86/><F44/><W7/><G7/><T12/><D111/><U50/><E26/><V98/><F13/><W75/><N who="3" m="18432" /><DORA hai="132" /><W51/><G51/><T114/><D108/><U65/><E50/><V113/><F113/><W33/><G33/><T97/><D114/><U80/><E61/><V84/><F11/><W58/><G58/><T68/><D57/><U15/><E36/><V78/><REACH who="2" step="1"/><F95/><REACH who="2" ten="180,380,210,210" step="2"/><W109/><G109/><T49/><D68/><U31/><E83/><AGARI ba="0,2" hai="47,48,52,54,59,60,76,83,87,89,90" m="18432" machi="83" ten="70,8000,1" yaku="1,1,54,1,53,1" doraHai="39,132" doraHaiUra="82,96" who="3" fromWho="1" sc="180,0,380,-80,210,0,210,100" /><INIT seed="2,0,0,0,3,14" ten="180,300,210,310" oya="2" hai0="0,46,104,24,34,26,41,19,135,32,101,125,105" hai1="103,70,35,98,100,53,17,6,126,121,60,27,99" hai2="120,15,4,110,33,74,39,90,93,47,76,20,62" hai3="63,57,29,81,128,49,28,52,95,109,11,38,134"/><V7/><F120/><W118/><G118/><T108/><D108/><U127/><E6/><V113/><F113/><W44/><G109/><T83/><D0/><U67/><E121/><V51/><F33/><W107/><G107/><T50/><D125/><U1/><E53/><V111/><F39/><W64/><G128/><T79/><D135/><U16/><E1/><V84/><F111/><W115/><G134/><T89/><D89/><U30/><E99/><V42/><F110/><W5/><G115/><T61/><D61/><U25/><E103/><V58/><F74/><W40/><G95/><T82/><D82/><U2/><E2/><V71/><F71/><N who="3" m="42399" /><G81/><T78/><D78/><U92/><E25/><V102/><F76/><W13/><AGARI ba="0,0" hai="5,11,13,28,29,38,40,44,49,52,57" m="42399" machi="13" ten="30,2000,0" yaku="24,1,54,1" doraHai="14" who="3" fromWho="3" sc="180,-5,300,-5,210,-10,310,20" /><INIT seed="3,0,0,5,0,54" ten="175,295,200,330" oya="3" hai0="108,81,94,100,15,43,62,42,107,98,123,103,69" hai1="133,84,90,13,74,116,82,120,71,50,92,85,118" hai2="128,48,63,102,106,51,110,55,124,70,27,37,24" hai3="38,39,104,91,25,16,125,0,79,121,75,1,117"/><W109/><G117/><N who="1" m="45162" /><E71/><V83/><F37/><W52/><G121/><T59/><D69/><U105/><E13/><V119/><F119/><W47/><G104/><T130/><D123/><U78/><E120/><V3/><F3/><W34/><G125/><T7/><D108/><U18/><E18/><V20/><F110/><W99/><G109/><T111/><D111/><U10/><E10/><V41/><F128/><W31/><G79/><T114/><D130/><U58/><E50/><V101/><F124/><W86/><G75/><T60/><D114/><U4/><E58/><N who="2" m="35295" /><F106/><W96/><G0/><T56/><D81/><N who="1" m="45271" /><E4/><V77/><F70/><W53/><G1/><T35/><D35/><U135/><E105/><V129/><F27/><W134/><G134/><N who="1" m="51210" /><E82/><V76/><F129/><W12/><G38/><T49/><D49/><N who="2" m="19018" /><F41/><W68/><G68/><T115/><D107/><U2/><E2/><V6/><F6/><W80/><G39/><T113/><D7/><U67/><E67/><V5/><F5/><W29/><G47/><T61/><D15/><U88/><E90/><V127/><F127/><W93/><G31/><T89/><D115/><U122/><E122/><V17/><F77/><W112/><G112/><T8/><D113/><U36/><E36/><V30/><F30/><W64/><G64/><T72/><D8/><U97/><AGARI ba="0,0" hai="84,85,88,92,97" m="51210,45271,45162" machi="97" ten="30,8000,1" yaku="12,1,20,1,34,2,54,1" doraHai="54" who="1" fromWho="1" sc="175,-20,295,80,200,-20,330,-40" /><INIT seed="4,0,0,2,5,87" ten="155,375,180,290" oya="0" hai0="90,92,76,7,14,128,97,104,63,81,2,27,120" hai1="88,134,4,110,68,24,48,21,65,98,70,96,43" hai2="125,12,28,22,20,39,123,124,115,78,83,55,89" hai3="11,37,82,95,85,41,74,62,102,9,35,40,15"/><T106/><D120/><U57/><E110/><V56/><F123/><W71/><G35/><T54/><D2/><U130/><E130/><V59/><F39/><W49/><G37/><T1/><D1/><U103/><E134/><V107/><F107/><W116/><G116/><T122/><D122/><U8/><E43/><V113/><F12/><W50/><G71/><T112/><D112/><N who="2" m="43082" /><F56/><W61/><G74/><T105/><D128/><U111/><E111/><V46/><F46/><W126/><G126/><N who="2" m="48745" /><F28/><W33/><G33/><T73/><D27/><U135/><E135/><V52/><F89/><W64/><G102/><T60/><REACH who="0" step="1"/><D54/><REACH who="0" ten="145,375,180,290" step="2"/><N who="2" m="20522" /><F59/><W0/><G0/><T10/><AGARI ba="0,1" hai="7,10,14,60,63,73,76,81,90,92,97,104,105,106" machi="10" ten="40,12000,1" yaku="1,1,0,1,52,1,53,1" doraHai="87" doraHaiUra="79" who="0" fromWho="0" sc="145,130,375,-40,180,-40,290,-40" /><INIT seed="4,1,0,5,5,7" ten="275,335,140,250" oya="0" hai0="128,58,100,96,66,35,11,113,17,86,92,84,25" hai1="91,105,135,3,109,81,72,112,117,9,115,52,120" hai2="21,129,55,118,23,0,4,78,36,116,54,119,24" hai3="41,40,5,132,31,57,123,39,56,22,27,30,121"/><T79/><D113/><N who="1" m="43595" /><E120/><N who="3" m="46154" /><G132/><T16/><D35/><U71/><E117/><N who="2" m="29955" /><V14/><DORA hai="12" /><F36/><W62/><G5/><T33/><D33/><U42/><E71/><V65/><F129/><W108/><G108/><T46/><D46/><U122/><E122/><V107/><F107/><W1/><G1/><T102/><D128/><U67/><E109/><V2/><F65/><N who="3" m="39111" /><G57/><T44/><D44/><U133/><E67/><V103/><F103/><W32/><G39/><T47/><D47/><U97/><E42/><N who="3" m="16490" /><G32/><T8/><D102/><N who="1" m="62671" /><E52/><N who="2" m="20011" /><F78/><W126/><G126/><T89/><D79/><N who="1" m="44263" /><E91/><V10/><F21/><W101/><G101/><T49/><D89/><U114/><E114/><V99/><F99/><W90/><G90/><T29/><D29/><AGARI ba="1,0" hai="0,2,4,10,14,23,24,29" m="20011,29955" machi="29" ten="40,5200,0" yaku="12,1,52,1,54,1" doraHai="7,12" who="2" fromWho="0" sc="275,-55,335,0,140,55,250,0" /><AGARI ba="1,0" hai="22,27,29,30,31" m="16490,39111,46154" machi="29" ten="30,1000,0" yaku="13,1" doraHai="7,12" who="3" fromWho="0" sc="220,-10,335,0,195,0,250,10" /><INIT seed="5,0,0,1,3,6" ten="210,335,195,260" oya="1" hai0="126,55,111,105,85,12,74,81,24,100,108,37,106" hai1="98,135,79,131,11,27,87,35,71,127,61,86,14" hai2="120,94,36,40,8,21,72,62,59,4,28,107,57" hai3="113,97,92,82,15,104,123,65,52,5,89,17,0"/><U128/><E127/><V67/><F120/><W69/><G123/><T34/><D37/><U64/><E135/><V96/><F72/><W90/><G113/><T46/><D74/><U1/><E1/><V22/><F107/><W133/><G133/><T60/><D126/><U3/><E3/><V95/><F36/><W102/><G0/><T78/><D106/><U103/><E79/><V76/><F40/><W109/><G109/><T41/><D105/><N who="1" m="63735" /><E86/><V33/><F76/><W20/><G5/><T114/><D114/><U63/><E87/><V53/><F33/><W38/><G38/><T91/><D100/><U101/><E101/><N who="2" m="60567" /><F95/><W23/><G82/><T73/><D73/><U112/><E61/><N who="2" m="36015" /><F28/><W110/><G110/><T68/><D68/><U50/><E50/><V88/><F88/><W118/><G118/><T77/><D111/><U30/><E112/><V10/><F4/><AGARI ba="0,0" hai="4,11,14,27,30,35,63,64,71,128,131" m="63735" machi="4" ten="30,2900,0" yaku="25,1,52,1" doraHai="6" who="1" fromWho="2" sc="210,0,335,29,195,-29,260,0" /><INIT seed="5,1,0,3,4,68" ten="210,364,166,260" oya="1" hai0="19,63,90,79,117,17,6,24,7,49,41,11,129" hai1="69,33,27,55,112,122,12,56,28,93,91,115,52" hai2="77,126,85,94,10,18,4,119,46,109,96,59,95" hai3="14,32,0,86,73,65,42,16,81,130,88,9,110"/><U54/><E122/><V5/><F119/><W98/><G110/><T21/><D129/><U97/><E69/><V76/><F109/><W103/><G130/><T62/><D79/><U123/><E123/><V84/><F126/><W92/><G32/><T135/><D135/><U37/><E37/><V128/><F128/><W74/><G0/><T13/><D117/><U39/><E39/><V111/><F111/><W30/><G30/><T20/><D90/><U120/><E120/><V40/><F59/><W50/><REACH who="3" step="1"/><G65/><REACH who="3" ten="210,364,166,250" step="2"/><T43/><D11/><U57/><REACH who="1" step="1"/><E12/><REACH who="1" ten="210,354,166,250" step="2"/><V127/><F127/><W89/><G89/><T34/><D13/><U60/><E60/><V116/><F116/><W134/><G134/><T44/><D63/><U3/><E3/><V125/><F125/><W2/><G2/><T66/><D62/><U100/><E100/><V132/><F132/><W106/><G106/><T22/><D24/><U61/><E61/><V31/><F76/><W64/><G64/><T104/><D66/><U101/><E101/><V45/><F77/><W78/><G78/><T38/><D104/><U36/><E36/><V107/><F107/><W114/><G114/><AGARI ba="1,2" hai="27,28,33,52,54,55,56,57,91,93,97,112,114,115" machi="114" ten="40,7700,0" yaku="1,1,15,1,54,1,53,0" doraHai="68" doraHaiUra="99" who="1" fromWho="3" sc="210,0,354,100,166,0,250,-80" /><INIT seed="5,2,0,3,2,4" ten="210,454,166,170" oya="1" hai0="120,62,90,45,67,133,48,70,112,101,69,13,83" hai1="109,59,35,77,74,113,44,99,126,103,94,63,7" hai2="121,43,22,14,11,53,17,32,15,23,96,123,1" hai3="93,98,38,82,130,119,88,54,124,46,65,37,47"/><U0/><E35/><V111/><F43/><W25/><G130/><T135/><D112/><U81/><E113/><V107/><F53/><W55/><G124/><T115/><D101/><U3/><E126/><V102/><F111/><W36/><G119/><T2/><D2/><U26/><E109/><V97/><F32/><W110/><G110/><T50/><D115/><U33/><E44/><V56/><F56/><W73/><G65/><T128/><D128/><U21/><E33/><V8/><F97/><W10/><G25/><T57/><D13/><U95/><E7/><V61/><F61/><W64/><G64/><T72/><D50/><U66/><REACH who="1" step="1"/><E95/><REACH who="1" ten="210,444,166,170" step="2"/><V29/><F1/><W41/><G47/><T12/><D45/><U40/><E40/><V127/><F127/><W27/><G36/><T5/><D5/><U134/><E134/><V68/><F123/><W78/><G37/><T117/><D120/><U71/><E71/><V51/><F68/><W6/><REACH who="3" step="1"/><G27/><REACH who="3" ten="210,444,166,160" step="2"/><T49/><D135/><U122/><E122/><V31/><F121/><W105/><G105/><T79/><D133/><U86/><E86/><V132/><F132/><W58/><G58/><T80/><D69/><U42/><E42/><V129/><F129/><W91/><G91/><T60/><D90/><U108/><E108/><V84/><F84/><W28/><G28/><AGARI ba="2,2" hai="0,3,21,26,28,59,63,66,74,77,81,94,99,103" machi="28" ten="30,11600,0" yaku="1,1,7,1,25,2,53,0" doraHai="4" doraHaiUra="85" who="1" fromWho="3" sc="210,0,444,142,166,0,160,-122" /><INIT seed="5,3,0,2,4,74" ten="210,586,166,38" oya="1" hai0="52,63,67,123,76,80,131,90,121,7,133,78,75" hai1="14,132,55,26,49,20,106,9,16,84,47,72,115" hai2="130,42,12,107,56,127,120,128,41,71,39,108,37" hai3="119,134,93,86,77,22,114,27,122,28,94,89,21"/><U33/><E72/><V83/><F107/><W100/><G122/><N who="0" m="46603" /><D7/><U124/><E106/><V125/><F120/><W79/><G114/><T117/><D117/><U99/><E115/><V87/><F12/><W25/><G134/><T23/><D23/><U43/><E132/><V81/><F56/><W135/><G119/><T92/><D133/><U58/><E124/><N who="2" m="47691" /><F71/><W103/><G135/><T51/><D80/><N who="2" m="30794" /><F87/><W97/><REACH who="3" step="1"/><G103/><REACH who="3" ten="210,586,166,28" step="2"/><T3/><D131/><N who="2" m="50218" /><F108/><W54/><G54/><T44/><D52/><U95/><E33/><V126/><F126/><W1/><G1/><T112/><D3/><U4/><E84/><V61/><F61/><W0/><G0/><T98/><D112/><U11/><E4/><V50/><F50/><W91/><G91/><T45/><D75/><U46/><E46/><V109/><F109/><W60/><G60/><T15/><D45/><U64/><E64/><V73/><F73/><W6/><G6/><T70/><D51/><N who="1" m="27135" /><E14/><V5/><F5/><W113/><G113/><T57/><D44/><U40/><E40/><AGARI ba="3,1" hai="37,39,40,41,42" m="50218,30794,47691" machi="40" ten="40,8000,1" yaku="28,2,18,1,19,1" doraHai="74" who="2" fromWho="1" sc="210,0,586,-89,166,99,28,0" /><INIT seed="6,0,0,1,1,25" ten="210,497,265,28" oya="2" hai0="46,131,9,104,0,32,70,119,86,82,107,91,59" hai1="17,112,71,16,24,134,121,60,35,11,89,77,106" hai2="67,63,93,13,99,113,57,97,29,54,6,78,73" hai3="130,62,81,30,79,47,105,103,122,23,51,41,95"/><V124/><F113/><W135/><G122/><T36/><D131/><U100/><E121/><V109/><F124/><W53/><G130/><T126/><D126/><U118/><E118/><V72/><F109/><W1/><G1/><T68/><D32/><U116/><E116/><V102/><F78/><W56/><G135/><T42/><D119/><U101/><E77/><V38/><F38/><W58/><G105/><T120/><D120/><U94/><E112/><V84/><F84/><W10/><G10/><T15/><D0/><U108/><E11/><N who="2" m="4343" /><F72/><W115/><G115/><T123/><D123/><U96/><E100/><V26/><F73/><W74/><G103/><T80/><D80/><U27/><E27/><V22/><F99/><W2/><G2/><T19/><REACH who="0" step="1"/><D59/><REACH who="0" ten="200,497,265,28" step="2"/><U4/><E108/><V45/><F45/><W117/><G117/><T50/><D50/><U111/><E111/><V18/><F67/><W98/><G58/><T12/><D12/><U69/><E69/><AGARI ba="0,1" hai="9,15,19,36,42,46,68,69,70,82,86,91,104,107" machi="69" ten="40,2600,0" yaku="1,1,53,1" doraHai="25" doraHaiUra="39" who="0" fromWho="1" sc="200,36,497,-26,265,0,28,0" /><INIT seed="7,0,0,4,0,97" ten="236,471,265,28" oya="3" hai0="41,63,36,34,9,27,59,2,106,57,15,96,126" hai1="132,45,55,111,99,123,20,127,135,70,67,73,117" hai2="124,38,3,49,90,119,31,131,112,78,32,94,103" hai3="51,62,12,115,43,86,77,104,1,109,98,29,19"/><W26/><G1/><T21/><D126/><U84/><E84/><V58/><F38/><W53/><G115/><T71/><D2/><U83/><E83/><V13/><F3/><W92/><G109/><T130/><D130/><U8/><E99/><V17/><F119/><W74/><G43/><T113/><D113/><U88/><E88/><V42/><F112/><W69/><G74/><T40/><D36/><U56/><E20/><V91/><F124/><W81/><G104/><T16/><D59/><U95/><E95/><V89/><F131/><W107/><G107/><T128/><D128/><U66/><E8/><V24/><F78/><W105/><G105/><T11/><D11/><U85/><E85/><N who="2" m="52527" /><F103/><W80/><G80/><T39/><D39/><U79/><E79/><V52/><F42/><W14/><G69/><T44/><D44/><U22/><E22/><AGARI ba="0,0" hai="13,17,22,24,31,32,49,52,58,90,91" m="52527" machi="22" ten="30,2000,0" yaku="25,1,54,1" doraHai="97" who="2" fromWho="1" sc="236,0,471,-20,265,20,28,0" owari="236,-16.4,451,55.1,285,8.5,28,-47.2" /></mjloggm>