<mjloggm ver="2.3"><GO type="225" lobby="0"/><UN n0="%E6%A1%9C%E8%8A%B1%E9%96%83%E3%80%85" n1="%E5%91%A8%E6%9D%B1" n2="%EF%BC%AE%EF%BC%A1%EF%BC%AF%33%33%39" n3="%E3%81%A4%E3%81%A3%E3%81%B1%E3%82%8A%E3%83%9D%E3%83%BC%E3%83%AB" dan="16,16,16,17" rate="2237.34,2162.18,2130.43,2172.29" sx="M,M,M,M"/><TAIKYOKU oya="0"/><INIT seed="0,0,0,2,0,78" ten="250,250,250,250" oya="0" hai0="104,100,91,2,123,117,22,15,81,62,129,85,107" hai1="63,71,64,111,3,6,97,56,133,90,42,112,58" hai2="80,94,5,31,47,77,46,86,105,7,18,82,99" hai3="93,41,45,79,106,65,52,70,89,128,88,122,132"/><T53/><D117/><U33/><E111/><V4/><F105/><W118/><G106/><T134/><D123/><U69/><E33/><V48/><F31/><W119/><G122/><T121/><D121/><U8/><E133/><V59/><F18/><W44/><G79/><T35/><D2/><U17/><E112/><V1/><F1/><W113/><G113/><T114/><D114/><U66/><E42/><V26/><F26/><W12/><G132/><T75/><D35/><U135/><E135/><V98/><F82/><W131/><G12/><T124/><D134/><U23/><E97/><V30/><F30/><W102/><G102/><T16/><D124/><U108/><E90/><N who="3" m="34922" /><G93/><T49/><D75/><U27/><REACH who="1" step="1"/><E108/><REACH who="1" ten="250,240,250,250" step="2"/><V24/><F99/><W29/><G41/><T120/><D120/><U72/><E72/><V43/><F43/><W110/><G110/><T39/><D100/><U126/><E126/><V61/><F98/><W54/><G119/><T95/><D91/><U76/><E76/><V116/><F77/><W25/><G118/><T84/><D84/><U36/><E36/><V51/><F86/><W127/><G127/><T96/><D39/><U67/><E67/><V103/><F116/><W60/><G131/><T20/><D129/><U92/><E92/><V55/><F94/><W130/><G130/><T87/><D95/><U14/><E14/><V68/><F103/><W11/><G128/><T101/><D15/><U57/><E57/><V38/><F38/><W37/><G37/><T32/><D101/><U10/><E10/><V125/><F125/><W34/><G11/><RYUUKYOKU ba="0,1" sc="250,-15,240,15,250,-15,250,15" hai1="3,6,8,17,23,27,56,58,63,64,66,69,71" hai3="25,29,34,44,45,52,54,60,65,70" /><INIT seed="1,1,1,5,3,75" ten="235,255,235,265" oya="1" hai0="76,102,132,118,79,27,93,65,12,5,37,14,112" hai1="85,99,43,29,126,25,19,111,87,106,44,104,38" hai2="88,46,135,54,101,77,42,30,49,100,69,58,94" hai3="121,0,4,52,113,9,23,97,2,31,1,57,64"/><U80/><E126/><V82/><F69/><W51/><G121/><T11/><D112/><U133/><E133/><V91/><F30/><W120/><G120/><T66/><D118/><U70/><E70/><V60/><F135/><W116/><G113/><T90/><D37/><U123/><E123/><V24/><F24/><W89/><G116/><T33/><D132/><U26/><E111/><V40/><F40/><W15/><G64/><N who="0" m="24683" /><D33/><U92/><E19/><V107/><F107/><W34/><G34/><T98/><D27/><U103/><E29/><V21/><F21/><W20/><REACH who="3" step="1"/><G31/><REACH who="3" ten="235,255,235,255" step="2"/><T50/><D50/><U109/><E109/><V36/><F36/><W41/><G41/><T6/><D102/><U119/><E119/><V61/><F61/><W13/><G13/><N who="0" m="5227" /><D11/><U48/><E38/><V128/><F128/><W67/><G67/><T114/><D114/><U55/><E43/><V63/><F63/><W129/><G129/><T68/><D68/><U7/><E25/><V122/><F122/><W84/><G84/><T72/><D72/><U108/><E26/><V53/><F42/><W47/><G47/><T130/><D130/><U83/><E108/><V86/><REACH who="2" step="1"/><F91/><REACH who="2" ten="235,255,225,255" step="2"/><W18/><G18/><T8/><D8/><U131/><E131/><V56/><F56/><W32/><G32/><T39/><D39/><U16/><E16/><V62/><F62/><W74/><G74/><AGARI ba="1,3" hai="46,49,53,54,58,60,74,77,82,86,88,94,100,101" machi="74" ten="30,7700,0" yaku="1,1,7,1,52,1,54,1,53,0" doraHai="75" doraHaiUra="125" who="2" fromWho="3" sc="235,0,255,0,225,110,255,-80" /><INIT seed="2,0,0,5,5,23" ten="235,255,335,175" oya="2" hai0="59,83,70,69,11,103,112,20,50,93,44,40,74" hai1="53,12,106,64,124,130,131,2,37,84,90,76,115" hai2="108,43,52,47,7,57,109,10,62,96,101,128,104" hai3="4,135,26,123,5,27,31,94,32,91,77,86,113"/><V18/><F18/><W35/><G123/><T125/><D11/><U87/><E2/><V71/><F71/><W80/><G135/><T97/><D112/><U15/><E37/><V9/><F128/><N who="1" m="49193" /><E106/><V73/><F73/><W120/><G120/><T28/><D125/><U46/><E115/><V45/><F10/><W55/><G113/><T30/><D30/><U14/><E124/><V17/><F17/><W81/><G81/><T85/><D74/><U54/><E64/><V121/><F121/><W42/><G42/><T22/><D59/><U1/><E1/><V126/><F126/><W68/><G68/><T49/><D49/><U65/><E65/><V118/><F118/><W78/><G55/><T19/><D28/><U134/><E46/><V107/><F107/><W38/><G38/><T29/><D29/><U36/><E36/><V6/><F6/><W79/><G35/><T89/><D22/><U51/><E51/><V82/><F82/><W110/><G110/><N who="2" m="42601" /><F43/><W3/><G3/><AGARI ba="0,0" hai="3,7,9,45,47,52,57,62,96,101,104" m="42601" machi="3" ten="30,5800,0" yaku="14,1,10,1,54,1" doraHai="23" who="2" fromWho="3" sc="235,0,255,0,335,58,175,-58" /><INIT seed="2,1,0,0,0,71" ten="235,255,393,117" oya="2" hai0="40,79,4,47,85,7,100,124,19,84,96,129,54" hai1="8,38,14,3,98,116,78,5,36,132,50,133,45" hai2="15,102,16,135,18,134,66,105,87,23,60,99,27" hai3="101,12,64,92,39,110,6,28,70,17,24,83,119"/><V53/><F53/><W65/><G119/><T75/><D124/><U109/><E116/><V57/><REACH who="2" step="1"/><F87/><REACH who="2" ten="235,255,383,117" step="2"/><W43/><G65/><T122/><D54/><N who="1" m="30031" /><E98/><V41/><F41/><W13/><G43/><T56/><D85/><U123/><E123/><V59/><F59/><W33/><G64/><T68/><D84/><U69/><E69/><V10/><AGARI ba="1,1" hai="10,15,16,18,23,27,57,60,66,99,102,105,134,135" machi="10" ten="30,6000,0" yaku="1,1,0,1,54,1,53,0" doraHai="71" doraHaiUra="89" who="2" fromWho="2" sc="235,-21,255,-21,383,73,117,-21" /><INIT seed="2,2,0,1,3,11" ten="214,234,456,96" oya="2" hai0="1,108,24,4,13,38,29,41,125,79,84,74,70" hai1="121,25,44,106,22,35,15,71,20,68,12,50,88" hai2="47,37,105,46,26,55,60,122,107,18,93,83,19" hai3="85,34,90,77,40,91,3,134,119,16,120,103,81"/><V113/><F113/><W132/><G34/><N who="0" m="20775" /><D84/><U65/><E106/><V14/><F122/><W104/><G3/><T9/><D108/><U61/><E121/><V76/><F93/><W123/><G40/><T109/><D109/><U117/><E117/><V53/><F37/><W45/><G45/><N who="0" m="23735" /><D125/><U80/><E68/><V51/><F26/><W33/><G33/><T115/><D115/><U96/><E35/><V48/><F60/><W31/><G31/><T54/><D54/><U114/><E114/><V75/><REACH who="2" step="1"/><F19/><REACH who="2" ten="214,234,446,96" step="2"/><W2/><G119/><T58/><D70/><U21/><E25/><V64/><F64/><W6/><G120/><T110/><D110/><U135/><E135/><V30/><F30/><W82/><G123/><T39/><D39/><U116/><E116/><V57/><F57/><W63/><G63/><T59/><D59/><U72/><E71/><V49/><F49/><W8/><G82/><N who="0" m="45431" /><D58/><U102/><E61/><V124/><F124/><W130/><G134/><T52/><D4/><U69/><E69/><V86/><F86/><W43/><G132/><T10/><D1/><U73/><E72/><V128/><F128/><W89/><G130/><T87/><D87/><N who="1" m="50279" /><E73/><V131/><F131/><W23/><G104/><T95/><D95/><N who="1" m="58655" /><E65/><V94/><F94/><W27/><G103/><T92/><D92/><U36/><E36/><V97/><F97/><W42/><AGARI ba="2,1" hai="2,6,8,16,23,27,42,43,77,81,85,89,90,91" machi="42" ten="30,2000,0" yaku="0,1,54,1" doraHai="11" who="3" fromWho="3" sc="214,-7,234,-7,446,-12,96,36" /><INIT seed="3,0,0,5,4,79" ten="207,227,434,132" oya="3" hai0="113,58,1,78,117,5,34,111,95,80,110,19,44" hai1="11,66,69,57,99,18,88,64,56,81,45,115,116" hai2="42,94,15,46,27,62,61,40,122,83,101,105,92" hai3="29,68,24,70,96,104,20,25,133,107,123,114,26"/><W126/><G114/><T51/><D117/><U16/><E115/><V125/><F105/><W6/><G123/><T0/><D113/><U100/><E116/><V55/><F27/><W119/><G119/><T39/><D34/><U130/><E130/><V28/><F28/><W35/><G133/><T67/><D95/><N who="1" m="58495" /><E45/><V103/><F15/><W91/><G126/><T112/><D112/><U10/><E69/><V131/><F55/><W87/><G6/><T108/><D19/><N who="1" m="7211" /><E57/><V4/><F46/><W84/><G84/><N who="0" m="48151" /><D39/><U47/><E47/><V53/><F53/><W30/><G26/><T76/><D76/><U48/><E48/><V135/><F4/><W50/><G50/><T12/><D58/><U32/><E32/><V129/><F135/><W98/><G107/><T89/><D89/><U77/><E77/><V14/><F125/><W31/><G31/><T127/><D67/><N who="1" m="25643" /><E56/><V134/><F134/><W52/><G52/><N who="0" m="29799" /><D127/><U7/><E7/><V13/><F122/><W60/><G104/><T97/><D97/><U33/><E33/><V132/><F132/><W41/><G41/><T120/><D120/><U21/><E21/><V63/><F63/><W102/><G60/><T8/><AGARI ba="0,0" hai="0,1,5,8,12,108,110,111" m="29799,48151" machi="8" ten="40,5200,0" yaku="14,1,52,1,54,1" doraHai="79" who="0" fromWho="0" sc="207,52,227,-13,434,-13,132,-26" owari="259,5.9,214,-18.6,421,52.1,106,-39.4" /></mjloggm>