<mjloggm ver="2.3"><GO type="169" lobby="0"/><UN n0="%4B%69%74%61%6D%75%72%61" n1="%E3%83%8A%E3%82%AB%E3%81%AB%E3%81%97" n2="%E3%81%95%E3%81%8D%E3%81%8A%E3%80%82" n3="%E3%81%93%E3%81%94%E3%81%A6%E3%81%83%E3%83%BC" dan="18,17,16,16" rate="2293.22,2248.52,2146.99,2029.27" sx="F,M,M,M"/><TAIKYOKU oya="0"/><INIT seed="0,0,0,4,3,43" ten="250,250,250,250" oya="0" hai0="47,14,77,70,85,117,112,88,111,84,93,16,113" hai1="63,100,97,41,110,60,28,80,10,133,19,53,26" hai2="17,38,39,129,34,73,36,5,37,74,25,33,22" hai3="12,115,120,40,90,18,98,101,134,6,9,50,91"/><T30/><D117/><U4/><E110/><V121/><F121/><W95/><G115/><T108/><D70/><U45/><E133/><V52/><F129/><W105/><G134/><T59/><D30/><U102/><E19/><V114/><F114/><W128/><G128/><T61/><D113/><U48/><E80/><V1/><N who="2" m="9216" /><DORA hai="2" /><V96/><F96/><W103/><G120/><T106/><D106/><U127/><E127/><V67/><F67/><W99/><REACH who="3" step="1"/><G18/><REACH who="3" ten="250,250,250,240" step="2"/><T31/><D112/><U116/><E116/><V11/><REACH who="2" step="1"/><F52/><REACH who="2" ten="250,250,240,240" step="2"/><W3/><G3/><T68/><D111/><U49/><E53/><V62/><F62/><W89/><G89/><T124/><D108/><U64/><E63/><V119/><F119/><W79/><G79/><T58/><D77/><U32/><E60/><V8/><F8/><W0/><G0/><T29/><D88/><U104/><E64/><V122/><F122/><W82/><G82/><T66/><D66/><U72/><E100/><V69/><F69/><W126/><G126/><T125/><D68/><U15/><E72/><AGARI ba="0,2" hai="1,5,11,17,22,25,33,34,72,73,74" m="9216" machi="72" ten="70,4500,0" yaku="1,1,52,1,53,0" doraHai="43,2" doraHaiUra="42,54" who="2" fromWho="1" sc="250,0,250,-45,240,65,240,0" /><INIT seed="1,0,0,3,2,25" ten="250,205,305,240" oya="1" hai0="2,95,51,71,127,100,78,56,79,112,4,124,47" hai1="82,81,73,118,120,93,11,122,48,117,87,101,7" hai2="40,133,22,64,36,66,41,24,123,74,104,42,58" hai3="98,126,111,85,114,3,13,30,77,14,10,70,50"/><U135/><E48/><V44/><F74/><W88/><G114/><T96/><D71/><U128/><E11/><V129/><F104/><W107/><G70/><T43/><D112/><U20/><E20/><V116/><F116/><N who="1" m="44649" /><E7/><V131/><F123/><N who="1" m="47145" /><E128/><N who="2" m="49227" /><F133/><W6/><G77/><T31/><D4/><U26/><E26/><V119/><F119/><W59/><G98/><T21/><D2/><U19/><E19/><V83/><F83/><N who="1" m="31753" /><E73/><V60/><F66/><W27/><G14/><T97/><D56/><U91/><E101/><V32/><F32/><W90/><G13/><T84/><D100/><U102/><E102/><V55/><F64/><W18/><G59/><T38/><D51/><U106/><E106/><V69/><F69/><W86/><G50/><T62/><D62/><U39/><E39/><V92/><F36/><W80/><G107/><T109/><D38/><U75/><E75/><V57/><F57/><W29/><G3/><T5/><D5/><U89/><E89/><V45/><F44/><W49/><G90/><T103/><D103/><U8/><E8/><V67/><F67/><W121/><G88/><T125/><D47/><U16/><E16/><N who="2" m="12359" /><F45/><W23/><G10/><T110/><D79/><U54/><E54/><V46/><F46/><W15/><G18/><T33/><D78/><U28/><E28/><V68/><F68/><W12/><G6/><T37/><D37/><U63/><E63/><V108/><F40/><W115/><G23/><T134/><D21/><U113/><E113/><V34/><F41/><W105/><G121/><T72/><D72/><U0/><E0/><RYUUKYOKU ba="0,0" sc="250,-10,205,30,305,-10,240,-10" hai1="87,91,93,135" /><INIT seed="1,1,0,5,1,14" ten="240,235,295,230" oya="1" hai0="77,48,36,17,120,68,93,10,123,13,74,97,71" hai1="27,126,95,86,1,15,11,37,98,38,65,59,67" hai2="78,80,73,35,7,106,75,90,30,100,128,70,45" hai3="87,66,32,83,43,39,60,25,55,20,52,119,22"/><U31/><E1/><V112/><F128/><W19/><G119/><T24/><D36/><U23/><E126/><V46/><F112/><W101/><G32/><T47/><D24/><U130/><E130/><V121/><F121/><N who="0" m="46666" /><D77/><U131/><E131/><V115/><F115/><W76/><G101/><N who="0" m="60591" /><D74/><U96/><E96/><V72/><F45/><W92/><G92/><T9/><D9/><U51/><E38/><V6/><F6/><W26/><G43/><AGARI ba="1,0" hai="10,13,17,43,47,48,68,71" m="60591,46666" machi="43" ten="30,2000,0" yaku="13,1,52,1" doraHai="14" who="0" fromWho="3" sc="240,23,235,0,295,0,230,-23" /><INIT seed="2,0,0,5,0,49" ten="263,235,295,207" oya="2" hai0="125,56,10,82,17,4,83,91,25,106,20,121,60" hai1="127,95,113,7,15,89,93,73,22,13,122,33,59" hai2="104,12,131,87,76,84,132,18,135,85,128,46,58" hai3="1,62,134,98,37,9,32,114,43,23,5,123,66"/><V99/><F46/><W118/><G123/><T110/><D121/><U112/><E122/><V120/><F120/><W70/><G32/><T27/><D110/><U47/><E33/><V63/><F76/><W11/><G118/><T39/><D39/><U36/><E73/><V115/><F104/><W124/><G114/><T3/><D125/><U94/><E127/><V97/><F115/><W92/><G124/><T111/><D111/><U103/><E103/><V19/><F12/><W130/><G130/><N who="2" m="49705" /><F58/><W81/><G81/><T29/><D106/><U6/><E89/><V96/><F63/><W105/><G105/><T133/><D133/><AGARI ba="0,0" hai="18,19,84,85,87,96,97,99,132,133,135" m="49705" machi="133" ten="40,12000,1" yaku="28,2,20,1,19,1" doraHai="49" who="2" fromWho="0" sc="263,-120,235,0,295,120,207,0" /><INIT seed="2,1,0,2,3,128" ten="143,235,415,207" oya="2" hai0="82,97,92,59,50,81,3,41,57,20,93,5,127" hai1="16,11,84,109,111,13,17,52,6,8,72,61,37" hai2="36,120,77,95,78,75,110,31,69,46,55,134,56" hai3="88,19,62,27,125,123,105,45,35,83,24,0,32"/><V79/><F75/><W98/><G123/><T70/><D70/><U89/><E72/><V43/><F120/><W53/><G0/><T124/><D3/><U2/><E37/><V80/><F80/><W33/><G125/><T119/><D5/><U14/><E2/><V116/><F116/><W118/><G118/><T108/><D119/><U132/><E6/><V117/><F117/><W130/><G130/><T38/><D38/><U39/><E39/><V90/><F110/><W29/><G105/><T58/><D108/><U28/><E28/><V63/><F31/><W60/><G19/><T99/><D20/><U115/><E115/><V104/><F104/><W102/><G102/><T135/><D59/><U133/><E111/><V87/><REACH who="2" step="1"/><F69/><REACH who="2" ten="143,235,405,207" step="2"/><W114/><G29/><T21/><D82/><U18/><E109/><V25/><F25/><W126/><G27/><T26/><D81/><U106/><E106/><V112/><F112/><W100/><G24/><T49/><D26/><U129/><E129/><V15/><F15/><W86/><G83/><T48/><D127/><U73/><E73/><V101/><F101/><W85/><G126/><T51/><D124/><U131/><E131/><V54/><F54/><W30/><G30/><T7/><D41/><U64/><E52/><V107/><F107/><N who="3" m="63895" /><G114/><T91/><D91/><U40/><E40/><V10/><F10/><W67/><G88/><T12/><D12/><U121/><E18/><V42/><F42/><W23/><G23/><T96/><N who="0" m="12288" /><DORA hai="65" /><T22/><D22/><U68/><E121/><V4/><F4/><W113/><G113/><RYUUKYOKU ba="1,1" sc="143,-15,235,15,405,15,207,-15" hai1="8,11,13,14,16,17,61,64,68,84,89,132,133" hai2="36,43,46,55,56,63,77,78,79,87,90,95,134" /><INIT seed="2,2,1,4,1,93" ten="128,250,420,192" oya="2" hai0="83,92,25,1,106,96,98,112,7,47,113,39,85" hai1="118,24,65,122,2,82,86,57,30,127,35,117,8" hai2="14,104,129,111,19,109,21,116,48,100,133,84,90" hai3="12,42,125,114,49,87,101,34,63,18,124,43,134"/><V70/><F116/><W66/><G34/><T4/><D25/><U130/><E130/><V32/><F32/><W135/><G87/><T56/><D56/><U33/><E127/><N who="3" m="48714" /><G101/><N who="0" m="62759" /><D47/><U69/><E69/><V95/><F129/><W23/><G114/><N who="0" m="44139" /><D7/><U78/><E122/><V107/><F70/><N who="3" m="42335" /><G49/><T75/><D4/><U22/><E35/><V31/><F31/><W115/><G115/><T61/><D61/><U37/><E37/><V110/><F133/><AGARI ba="2,1" hai="12,18,23,42,43,133,134,135" m="42335,48714" machi="133" ten="30,2000,0" yaku="20,1,18,1" doraHai="93" who="3" fromWho="2" sc="128,0,250,0,420,-26,192,36" /><INIT seed="3,0,0,5,1,17" ten="128,250,394,228" oya="3" hai0="30,76,65,116,55,28,108,85,36,60,57,134,34" hai1="33,106,98,92,125,26,79,70,123,4,82,41,119" hai2="97,103,27,46,81,83,77,129,0,38,43,68,61" hai3="16,23,63,96,7,50,88,75,24,54,109,39,47"/><W5/><G75/><T37/><D116/><U71/><E123/><V100/><F129/><W118/><G118/><T11/><D108/><U73/><E119/><V128/><F128/><W72/><G72/><T114/><D134/><U87/><E125/><V89/><F89/><W48/><G39/><T25/><D114/><U122/><E122/><V53/><F0/><W99/><G109/><T20/><D11/><U8/><E87/><V62/><F77/><W132/><G132/><T32/><D65/><U102/><E92/><V113/><F113/><W105/><G105/><T74/><D74/><U45/><E26/><V69/><F100/><W42/><G63/><T130/><D130/><U121/><E33/><V95/><F27/><W29/><G29/><T13/><D34/><U19/><E19/><V131/><F131/><W117/><G117/><T78/><D30/><U112/><E112/><V3/><F3/><W133/><G133/><T40/><D40/><U22/><E22/><V1/><F1/><W59/><G99/><T52/><D55/><U49/><E121/><V18/><F18/><W127/><G127/><T111/><D111/><U31/><E31/><V86/><F86/><W9/><G9/><T91/><D13/><AGARI ba="0,0" hai="4,8,13,41,45,49,70,71,73,79,82,98,102,106" machi="13" ten="30,1000,0" yaku="7,1" doraHai="17" who="1" fromWho="0" sc="128,-10,250,10,394,0,228,0" /><INIT seed="4,0,0,0,0,84" ten="118,260,394,228" oya="0" hai0="13,91,4,31,82,77,129,81,108,109,51,68,98" hai1="16,29,14,85,61,40,104,106,116,0,120,124,73" hai2="107,69,105,113,62,112,10,56,97,48,59,58,55" hai3="126,83,32,5,67,93,30,44,78,49,119,25,21"/><T122/><D122/><U99/><E120/><V7/><F69/><W43/><G119/><T88/><D68/><U72/><E116/><V22/><F22/><W100/><G126/><T54/><D129/><U63/><E0/><V94/><F107/><W64/><G5/><T3/><D3/><U111/><E111/><N who="0" m="42569" /><D31/><U75/><E29/><V117/><F105/><W74/><G32/><T87/><D98/><U35/><E35/><V36/><F36/><W76/><G76/><N who="0" m="46503" /><D13/><U115/><E124/><V26/><F26/><W45/><G45/><N who="0" m="28015" /><D4/><U24/><E24/><V79/><F117/><W133/><G133/><T23/><D23/><U132/><E40/><V52/><F79/><W12/><G12/><T60/><D60/><U128/><E132/><V20/><F20/><W28/><G28/><T39/><D39/><U90/><E128/><V37/><F37/><W11/><G11/><T19/><D19/><U57/><E99/><V121/><F121/><W18/><G18/><T110/><N who="0" m="42577" /><T114/><DORA hai="27" /><D114/><U9/><E63/><V1/><REACH who="2" step="1"/><F59/><REACH who="2" ten="118,260,384,228" step="2"/><W65/><G21/><T50/><D50/><U86/><E57/><V135/><F135/><W123/><G49/><T92/><D92/><N who="1" m="54351" /><E61/><V47/><F47/><W70/><G44/><T89/><D77/><U42/><E106/><V8/><F8/><W96/><G78/><T17/><D17/><U118/><E104/><V127/><F127/><W134/><G134/><T103/><D82/><U66/><E118/><V102/><AGARI ba="0,1" hai="1,7,10,48,52,55,56,58,62,94,97,102,112,113" machi="102" ten="30,12000,2" yaku="1,1,0,1,54,1,53,3" doraHai="84,27" doraHaiUra="6,53" who="2" fromWho="2" sc="118,-60,260,-30,384,130,228,-30" /><INIT seed="5,0,0,2,5,1" ten="58,230,514,198" oya="1" hai0="11,38,102,114,120,122,134,100,130,51,85,108,79" hai1="123,103,27,9,92,32,23,44,113,41,24,39,14" hai2="106,124,119,53,88,80,33,55,118,13,21,81,111" hai3="116,90,98,78,36,61,4,115,59,7,12,94,117"/><U84/><E123/><N who="0" m="47145" /><D51/><U43/><E113/><V77/><F33/><W66/><G36/><T70/><D38/><U31/><E43/><V57/><F106/><W69/><G115/><T17/><D70/><U28/><E84/><V45/><F111/><W8/><G78/><T58/><D58/><U34/><E23/><V40/><F124/><W75/><G75/><T15/><D114/><U2/><E2/><V16/><F118/><N who="3" m="45675" /><G7/><T110/><D134/><U104/><E104/><V0/><F0/><W19/><G19/><T128/><D110/><U71/><E71/><AGARI ba="0,0" hai="4,8,12,59,61,66,69,71,90,94,98" m="45675" machi="71" ten="30,2000,0" yaku="12,1,52,1" doraHai="1" who="3" fromWho="1" sc="58,0,230,-20,514,0,198,20" /><INIT seed="6,0,0,2,0,65" ten="58,210,514,218" oya="2" hai0="91,18,33,66,46,6,45,130,67,10,11,48,59" hai1="107,2,1,98,50,62,113,87,3,128,122,22,64" hai2="61,72,73,9,56,38,116,51,5,14,49,126,114" hai3="32,106,79,132,12,76,108,31,100,123,117,92,121"/><V109/><F38/><W44/><G44/><T16/><D33/><U63/><E113/><V118/><F114/><W83/><G12/><T39/><D130/><U20/><E128/><V25/><F126/><W35/><G31/><T17/><D39/><U23/><E122/><V93/><F109/><W68/><G35/><T86/><D59/><U115/><E115/><V41/><F72/><W81/><G32/><T135/><D135/><U88/><E107/><V99/><F73/><W120/><G68/><T119/><D119/><U129/><E98/><V70/><F70/><W111/><G117/><T97/><D97/><U19/><E129/><V54/><F25/><W105/><G132/><T24/><D24/><U80/><E50/><V21/><F21/><W43/><G43/><T7/><D86/><U134/><E134/><V37/><F37/><W34/><G34/><T131/><D131/><U94/><E80/><N who="3" m="30794" /><G92/><T110/><D110/><N who="3" m="42025" /><G100/><T82/><D82/><U4/><E4/><V36/><F36/><W29/><G29/><T103/><D18/><U71/><REACH who="1" step="1"/><E63/><REACH who="1" ten="58,200,514,218" step="2"/><V112/><F112/><W133/><G133/><T28/><D48/><N who="2" m="18506" /><F41/><W90/><G90/><T74/><D74/><U96/><E96/><V15/><F116/><W95/><G95/><T75/><D75/><U26/><AGARI ba="0,1" hai="1,2,3,19,20,22,23,26,62,64,71,87,88,94" machi="26" ten="30,7900,0" yaku="1,1,0,1,52,1,54,1,53,0" doraHai="65" doraHaiUra="42" who="1" fromWho="1" sc="58,-20,200,89,514,-39,218,-20" /><INIT seed="7,0,0,5,2,35" ten="38,289,475,198" oya="3" hai0="33,83,26,96,50,105,6,5,58,97,110,8,31" hai1="129,56,46,87,44,27,13,59,53,113,19,69,134" hai2="82,75,118,108,49,4,101,120,91,14,76,65,121" hai3="45,34,133,94,2,37,106,48,39,81,119,61,116"/><W24/><G106/><T99/><D110/><U90/><E69/><V54/><F108/><W9/><G116/><T114/><D105/><U74/><E74/><V95/><F65/><W117/><G117/><T36/><D36/><U57/><E113/><V64/><F64/><W25/><G119/><T78/><D114/><U86/><E129/><V73/><F73/><W100/><G61/><T42/><D6/><U38/><E134/><V77/><F77/><W10/><G133/><T63/><D63/><U28/><E86/><V93/><F93/><W12/><G81/><T112/><D112/><U80/><E38/><V85/><F118/><W104/><G104/><T32/><D32/><U52/><E27/><N who="3" m="10314" /><G34/><T126/><D126/><U60/><E28/><V98/><F4/><W72/><G72/><T71/><D71/><U67/><E57/><V125/><F125/><W124/><G124/><T7/><D7/><U40/><E40/><V18/><F75/><W11/><G12/><T30/><D30/><U109/><E109/><V0/><F76/><W20/><G20/><T107/><D107/><U3/><E3/><V122/><F120/><W16/><G16/><T102/><D102/><U23/><E67/><V21/><F0/><W88/><G2/><T51/><D58/><U92/><E80/><V128/><F128/><W29/><G100/><T123/><D123/><U43/><E43/><V111/><F111/><W135/><G29/><T17/><D17/><U84/><REACH who="1" step="1"/><E84/><REACH who="1" ten="38,279,475,198" step="2"/><V70/><F70/><W66/><G66/><T79/><D42/><U115/><E115/><V1/><F1/><RYUUKYOKU ba="0,1" sc="38,-15,279,15,475,15,198,-15" hai1="13,19,23,44,46,52,53,56,59,60,87,90,92" hai2="14,18,21,49,54,82,85,91,95,98,101,121,122" owari="23,-47.7,294,9.4,500,60.0,183,-21.7" /></mjloggm>