<mjloggm ver="2.3"><GO type="169" lobby="0"/><UN n0="%63%6C%75%74%63%68%37%33" n1="%E9%B3%B4%E8%8C%B6" n2="%61%6E%79%61%64%72%61" n3="%E3%83%9F%E3%83%88%E3%83%A9%32" dan="17,16,16,16" rate="2271.77,2166.04,2146.97,2072.17" sx="M,M,M,M"/><TAIKYOKU oya="0"/><INIT seed="0,0,0,3,3,135" ten="250,250,250,250" oya="0" hai0="128,108,101,59,34,52,11,27,77,130,65,13,67" hai1="22,35,40,32,6,115,105,96,17,25,44,132,123" hai2="80,117,31,92,111,69,15,3,45,2,54,61,37" hai3="109,20,16,57,55,49,91,8,86,72,79,60,19"/><T99/><D77/><U23/><E123/><V114/><F114/><W73/><G109/><T66/><D108/><U7/><E132/><V63/><F111/><W42/><G79/><T98/><D34/><U84/><E115/><V29/><F117/><W89/><G8/><T100/><D27/><U58/><E84/><V51/><F37/><W126/><G91/><T1/><D1/><U122/><E122/><V28/><F80/><W110/><G110/><T127/><D127/><U38/><E58/><V50/><F15/><W125/><G72/><T39/><D39/><U85/><E85/><V97/><F51/><W14/><G19/><T26/><D26/><U131/><E131/><N who="0" m="50217" /><D99/><U9/><E23/><V113/><F113/><W83/><REACH who="3" step="1"/><G73/><REACH who="3" ten="250,250,250,240" step="2"/><T81/><D81/><U21/><E9/><V88/><REACH who="2" step="1"/><F69/><REACH who="2" ten="250,250,240,240" step="2"/><W93/><G93/><N who="0" m="58447" /><D101/><U103/><E7/><V12/><F12/><W56/><G56/><T129/><D129/><U133/><E6/><V36/><F36/><W75/><G75/><T120/><D120/><U48/><E38/><V0/><AGARI ba="0,2" hai="0,2,3,28,29,31,45,50,54,61,63,88,92,97" machi="0" ten="40,8000,1" yaku="1,1,0,1,54,1,53,1" doraHai="135" doraHaiUra="43" who="2" fromWho="2" sc="250,-40,250,-20,240,100,240,-20" /><INIT seed="1,0,0,4,4,125" ten="210,230,340,220" oya="1" hai0="112,64,63,99,77,122,10,133,135,61,128,47,91" hai1="62,26,67,84,74,52,44,51,40,27,49,82,17" hai2="1,13,23,132,37,33,56,89,96,117,83,42,60" hai3="93,30,101,92,59,118,32,12,69,86,68,25,109"/><U107/><E107/><V57/><F33/><W50/><G109/><T4/><D112/><U22/><E74/><V120/><F120/><W111/><G111/><T54/><D122/><U31/><E67/><V110/><F117/><W39/><G39/><T35/><D35/><U5/><E5/><V73/><F110/><W114/><G114/><T121/><D77/><U72/><E72/><V34/><F34/><W81/><G118/><T87/><D99/><U8/><E62/><V48/><F1/><W15/><G68/><T95/><D121/><U75/><E75/><V115/><F132/><N who="0" m="50762" /><D64/><U2/><E2/><V16/><F37/><W130/><G69/><T103/><D103/><U24/><E8/><V55/><F115/><W21/><G32/><T127/><D127/><U46/><REACH who="1" step="1"/><E31/><REACH who="1" ten="210,220,340,220" step="2"/><V29/><F29/><W123/><G123/><T100/><D63/><U9/><E9/><V108/><F108/><W79/><G30/><T14/><D61/><U66/><E66/><V28/><F28/><W90/><G21/><T131/><D100/><U20/><E20/><V124/><F124/><W3/><G101/><T134/><D134/><U94/><E94/><N who="2" m="56399" /><F73/><W113/><G3/><T78/><D78/><AGARI ba="0,1" hai="17,22,24,26,27,40,44,46,49,51,52,78,82,84" machi="78" ten="30,11600,0" yaku="1,1,7,1,8,1,54,1,53,0" doraHai="125" doraHaiUra="119" who="1" fromWho="0" sc="210,-116,220,126,340,0,220,0" /><INIT seed="1,1,0,5,1,25" ten="94,346,340,220" oya="1" hai0="17,47,41,46,107,73,31,9,39,112,78,61,51" hai1="87,121,42,82,110,22,68,40,29,48,5,119,74" hai2="109,30,97,128,99,14,70,34,55,50,93,116,36" hai3="80,1,135,12,54,57,102,69,71,131,86,27,62"/><U15/><E121/><V108/><F116/><W77/><G1/><T64/><D107/><U24/><E119/><V91/><F36/><W7/><G131/><T123/><D123/><U89/><E68/><V43/><F70/><W92/><G135/><T113/><D78/><U11/><E74/><V122/><F122/><W0/><G0/><T49/><D73/><U63/><E110/><N who="2" m="42603" /><F43/><W130/><G130/><T75/><D75/><U105/><E105/><V58/><F14/><W96/><REACH who="3" step="1"/><G27/><REACH who="3" ten="94,346,340,210" step="2"/><T67/><D113/><U26/><E63/><V19/><F128/><W20/><G20/><T66/><D112/><U38/><E38/><V111/><F111/><W13/><G13/><T16/><D39/><U83/><E48/><V4/><F50/><W18/><G18/><T95/><D61/><U118/><E118/><V103/><F19/><W127/><G127/><T115/><D115/><U6/><E5/><V52/><F4/><W56/><G56/><T120/><D120/><U132/><E132/><V101/><F58/><W37/><G37/><T72/><D9/><AGARI ba="1,1" hai="7,9,12,54,57,62,69,71,77,80,86,92,96,102" machi="9" ten="40,1300,0" yaku="1,1,53,0" doraHai="25" doraHaiUra="125" who="3" fromWho="0" sc="94,-16,346,0,340,0,210,26" /><INIT seed="2,0,0,4,2,52" ten="78,346,340,236" oya="2" hai0="88,20,108,105,90,78,29,72,113,63,120,59,112" hai1="123,49,21,119,70,101,6,87,99,121,26,102,48" hai2="125,81,83,86,91,56,45,54,82,66,79,55,115" hai3="134,62,2,32,126,122,77,97,46,16,11,22,38"/><V39/><F115/><W111/><G122/><N who="1" m="46602" /><E119/><V19/><F125/><W47/><G32/><T94/><D120/><U124/><E124/><V65/><F19/><W5/><G126/><T133/><D105/><U95/><E70/><V53/><F39/><W13/><G111/><T51/><D108/><U129/><E129/><V10/><F10/><W44/><G134/><T84/><D133/><U109/><E109/><V93/><F45/><W25/><G77/><T98/><D51/><N who="1" m="19531" /><E87/><V30/><F30/><W34/><G97/><T92/><D72/><U50/><E50/><V100/><F100/><W89/><G89/><T42/><D78/><U1/><E6/><V76/><REACH who="2" step="1"/><F66/><REACH who="2" ten="78,346,330,236" step="2"/><W67/><G38/><T58/><D42/><U12/><E102/><V33/><F33/><W4/><G4/><T40/><D40/><U36/><E36/><V118/><F118/><W114/><G114/><T41/><D41/><U131/><E131/><V27/><F27/><W24/><REACH who="3" step="1"/><G34/><REACH who="3" ten="78,346,330,226" step="2"/><T132/><D132/><U23/><E101/><V8/><F8/><W14/><G14/><T106/><D113/><U43/><E12/><V18/><F18/><W73/><G73/><T17/><D112/><U31/><E1/><V35/><F35/><W60/><G60/><AGARI ba="0,2" hai="53,54,55,56,60,65,76,79,81,82,83,86,91,93" machi="60" ten="40,7700,0" yaku="1,1,8,1,52,1,53,0" doraHai="52" doraHaiUra="3" who="2" fromWho="3" sc="78,0,346,0,330,97,226,-77" /><INIT seed="2,1,0,1,4,134" ten="78,346,427,149" oya="2" hai0="72,115,98,64,48,35,0,55,79,10,87,60,88" hai1="22,19,81,11,42,103,114,82,37,112,39,96,131" hai2="122,133,33,46,56,9,27,71,63,59,29,93,107" hai3="6,83,28,110,8,61,105,121,113,86,84,15,45"/><V47/><F107/><W40/><G121/><T130/><D115/><U67/><E131/><V16/><F122/><W5/><G113/><T90/><D35/><U120/><E67/><V43/><F133/><W34/><G105/><T51/><D130/><U21/><E11/><V68/><F47/><W25/><G110/><T4/><D72/><U128/><E96/><V124/><F93/><W50/><G61/><T32/><D32/><U38/><E39/><V69/><F63/><W70/><G70/><T97/><D79/><U108/><E103/><V119/><F119/><W13/><REACH who="3" step="1"/><G83/><REACH who="3" ten="78,346,427,139" step="2"/><T62/><D62/><U132/><E82/><V7/><F71/><W49/><G49/><T127/><D51/><U94/><E81/><V77/><F69/><W102/><G102/><T74/><D60/><U26/><E108/><V118/><F68/><W2/><G2/><T116/><D64/><U57/><E120/><V125/><F118/><W73/><G73/><T126/><D74/><U101/><E114/><V30/><F77/><W89/><G89/><T111/><D111/><U95/><E101/><V24/><F59/><W75/><G75/><T31/><D116/><U78/><E57/><V80/><F56/><W91/><G91/><N who="0" m="34859" /><D87/><U99/><E112/><V100/><F80/><W66/><G66/><T58/><D31/><U1/><E132/><V20/><F100/><W18/><G18/><T52/><D55/><U123/><E123/><V23/><F30/><W53/><G53/><T3/><D3/><U41/><E1/><V85/><F85/><W36/><G36/><T135/><D135/><RYUUKYOKU ba="1,1" sc="78,15,346,-15,427,-15,139,15" hai0="0,4,10,48,52,58,97,98,126,127" hai3="5,6,8,13,15,25,28,34,40,45,50,84,86" /><INIT seed="3,2,1,5,1,114" ten="93,331,412,154" oya="3" hai0="46,105,79,1,87,98,19,80,13,10,36,63,51" hai1="86,9,54,72,103,99,119,39,62,135,100,5,109" hai2="111,85,68,8,130,115,67,129,33,112,120,6,22" hai3="48,102,58,96,97,133,74,123,71,77,55,37,42"/><W83/><G123/><T78/><D36/><U27/><E109/><V52/><F33/><W47/><G133/><T11/><D105/><U118/><E72/><V134/><F134/><W89/><G102/><T17/><D98/><U60/><E135/><V50/><F111/><W56/><G71/><T12/><D1/><U75/><E75/><V41/><F120/><W31/><G31/><T59/><D78/><U40/><E27/><V44/><F22/><W69/><G69/><T113/><D113/><U124/><E124/><V108/><F108/><W101/><G89/><T66/><D51/><U28/><E28/><V117/><F117/><N who="1" m="44553" /><E86/><V34/><F34/><W116/><G116/><T30/><D46/><N who="1" m="23839" /><E54/><V128/><F85/><W32/><G32/><T91/><D79/><U49/><E49/><V126/><F126/><W4/><G96/><T35/><D35/><U65/><E65/><V106/><F52/><W21/><G97/><T16/><REACH who="0" step="1"/><D30/><REACH who="0" ten="83,331,412,154" step="2"/><U20/><E103/><V23/><F115/><W15/><G101/><T107/><D107/><N who="1" m="63903" /><E20/><V45/><F23/><W76/><G21/><T125/><D125/><U38/><E38/><V88/><F112/><W110/><G110/><T131/><D131/><U64/><E64/><V121/><F67/><W29/><G29/><T7/><AGARI ba="2,2" hai="7,10,11,12,13,16,17,19,59,63,66,80,87,91" machi="7" ten="20,8000,1" yaku="1,1,0,1,7,1,8,1,54,1,53,0" doraHai="114" doraHaiUra="94" who="0" fromWho="0" sc="83,106,331,-22,412,-22,154,-42" /><INIT seed="4,0,0,0,0,8" ten="189,309,390,112" oya="0" hai0="132,31,16,25,131,14,54,29,116,110,73,122,0" hai1="126,88,87,108,134,51,61,90,85,5,130,30,42" hai2="63,10,13,68,115,109,52,39,47,41,44,7,99" hai3="57,33,71,84,93,104,15,27,117,18,96,65,83"/><T91/><D73/><U24/><E108/><V112/><F109/><W28/><G117/><T120/><D110/><U12/><E134/><V101/><F68/><W86/><G104/><T123/><D116/><U60/><E130/><V113/><F47/><W125/><G71/><T6/><D91/><N who="1" m="34859" /><E126/><V20/><F20/><W75/><G75/><T121/><D54/><U37/><E37/><V19/><F19/><W35/><G35/><T38/><D38/><U105/><E105/><V1/><F1/><W89/><G125/><T45/><D45/><N who="1" m="26039" /><E24/><V79/><F79/><W78/><G84/><N who="1" m="32330" /><E30/><V74/><F74/><W119/><G119/><T92/><D92/><U100/><E100/><V2/><F2/><W72/><G72/><T133/><D131/><U64/><E64/><V76/><F76/><W56/><REACH who="3" step="1"/><G65/><REACH who="3" ten="189,309,390,102" step="2"/><T98/><D123/><U9/><AGARI ba="0,1" hai="5,9,12,60,61" m="32330,26039,34859" machi="9" ten="30,4000,0" yaku="8,1,52,1,54,1" doraHai="8" who="1" fromWho="1" sc="189,-20,309,50,390,-10,102,-10" /><INIT seed="5,0,0,0,2,59" ten="169,359,380,92" oya="1" hai0="50,121,22,61,115,56,40,55,90,79,108,96,72" hai1="131,120,124,119,41,102,39,4,20,30,23,64,126" hai2="106,105,8,132,68,37,71,122,81,44,76,91,99" hai3="18,34,49,17,73,89,9,28,114,107,125,24,94"/><U15/><E119/><V70/><F122/><W87/><G107/><T101/><D108/><U123/><E102/><V74/><F132/><W77/><G114/><T104/><D115/><U92/><E92/><V67/><F67/><W27/><G125/><N who="1" m="48234" /><E64/><V97/><F8/><W135/><G135/><T117/><D121/><N who="1" m="46667" /><E41/><V36/><F91/><W88/><G27/><T31/><D117/><U48/><E48/><V113/><F113/><W63/><G73/><T109/><D109/><U103/><E39/><V98/><REACH who="2" step="1"/><F36/><REACH who="2" ten="169,359,370,92" step="2"/><W13/><G89/><T78/><D90/><U33/><E103/><V45/><F45/><W128/><G128/><T10/><D10/><N who="1" m="4551" /><E131/><V100/><F100/><W54/><G77/><T14/><D78/><U58/><E58/><V47/><F47/><W129/><G129/><T32/><D79/><U83/><E83/><V19/><F19/><W35/><G18/><T51/><D56/><U82/><E82/><V38/><F38/><W42/><G42/><AGARI ba="0,1" hai="37,42,44,68,70,71,74,76,81,97,98,99,105,106" machi="42" ten="50,1600,0" yaku="1,1,53,0" doraHai="59" doraHaiUra="16" who="2" fromWho="3" sc="169,0,359,0,370,26,92,-16" /><INIT seed="6,0,0,3,2,70" ten="169,359,396,76" oya="2" hai0="91,39,34,21,36,10,90,74,78,65,2,23,63" hai1="6,11,88,118,50,96,135,18,81,87,17,89,28" hai2="106,43,98,48,127,4,35,132,84,117,119,64,124" hai3="33,9,116,32,112,29,97,95,115,38,49,131,54"/><V75/><F75/><W8/><G116/><T44/><D34/><N who="3" m="13417" /><G29/><T31/><D44/><U128/><E135/><V20/><F35/><W25/><G25/><T108/><D108/><U120/><E128/><V94/><F132/><W30/><G30/><T113/><D31/><U109/><E109/><V27/><F4/><W134/><G134/><T80/><D23/><U123/><E28/><V69/><F106/><W16/><G131/><T15/><D21/><U60/><E118/><V53/><F43/><W82/><G82/><T59/><D2/><U133/><E133/><V105/><F105/><W58/><G16/><N who="1" m="6250" /><E60/><N who="2" m="40071" /><F84/><W86/><G86/><T40/><D40/><U61/><E61/><V26/><F20/><W22/><G22/><T41/><D41/><U125/><E50/><V67/><F67/><W110/><G110/><T56/><D56/><U79/><E96/><V99/><F99/><W24/><G24/><T129/><D129/><U62/><E62/><V66/><F66/><W47/><G47/><T104/><D104/><U37/><E37/><V52/><F119/><W14/><G38/><T100/><D39/><U85/><E85/><V130/><F117/><W77/><G77/><T19/><D36/><U114/><E11/><N who="3" m="4170" /><G14/><T122/><D74/><U121/><E6/><V3/><F130/><W72/><G72/><T76/><D76/><U111/><E111/><V55/><F48/><W1/><G1/><T42/><D65/><U93/><E79/><V92/><F3/><W73/><G73/><T46/><D78/><U51/><E121/><V12/><F26/><W126/><G126/><RYUUKYOKU ba="0,0" sc="169,-10,359,-10,396,-10,76,30" hai3="49,54,58,95,97,112,115" /><INIT seed="7,1,0,3,4,26" ten="159,349,386,106" oya="3" hai0="65,131,41,33,122,43,45,80,111,54,31,101,14" hai1="85,44,79,46,135,107,27,35,129,121,83,47,37" hai2="95,34,71,132,119,93,88,6,94,7,28,30,57" hai3="89,11,77,67,96,58,75,123,130,72,125,105,17"/><W87/><G123/><T113/><D111/><U51/><E121/><V134/><F71/><W82/><G130/><T9/><D122/><U3/><E3/><V38/><F119/><W102/><G125/><T109/><D109/><U117/><E117/><V99/><F38/><W64/><G58/><T62/><D131/><U18/><E129/><V10/><F57/><W86/><G11/><T126/><D126/><U74/><E135/><N who="2" m="51755" /><F6/><W39/><G39/><T128/><D128/><U81/><E107/><V48/><F48/><W92/><G17/><T100/><D54/><U84/><E37/><V32/><F32/><W56/><REACH who="3" step="1"/><G64/><REACH who="3" ten="159,349,386,96" step="2"/><T91/><D65/><U42/><E74/><V24/><F28/><W115/><G115/><T49/><D113/><U13/><E27/><V124/><F124/><W133/><G133/><T69/><D31/><U103/><E35/><V108/><F108/><W114/><G114/><T97/><D33/><U68/><E68/><V116/><F116/><W29/><G29/><T78/><D69/><U61/><E61/><AGARI ba="1,1" hai="56,61,67,72,75,77,82,86,87,89,92,96,102,105" machi="61" ten="40,3900,0" yaku="1,1,53,1" doraHai="26" doraHaiUra="76" who="3" fromWho="1" sc="159,0,349,-42,386,0,96,52" /><INIT seed="7,2,0,5,2,132" ten="159,307,386,148" oya="3" hai0="71,107,48,50,43,117,103,102,52,98,55,5,131" hai1="113,24,15,22,135,63,75,56,72,127,124,44,59" hai2="130,81,87,84,79,28,10,61,133,85,92,57,26" hai3="112,17,62,70,34,23,118,90,30,110,38,49,58"/><W2/><G118/><T126/><D117/><U6/><E135/><V86/><F133/><W82/><G38/><T89/><D71/><U31/><E113/><V12/><F130/><W95/><G112/><T8/><D131/><U109/><E109/><V97/><F26/><W0/><G110/><T16/><D43/><U119/><E119/><V123/><F28/><W40/><G70/><T64/><D64/><U73/><E44/><V128/><F123/><W83/><G0/><T35/><D35/><U54/><E6/><N who="2" m="3159" /><F128/><W33/><G2/><T99/><D89/><U78/><E15/><V100/><F87/><N who="3" m="52703" /><G30/><T7/><D8/><U1/><E1/><V105/><F105/><W4/><G4/><T9/><D9/><U19/><E31/><V114/><F114/><W53/><G33/><T125/><D16/><U106/><E106/><AGARI ba="2,0" hai="5,7,48,50,52,55,98,99,102,103,106,107,125,126" machi="106" ten="25,8000,1" yaku="22,2,52,2,54,1" doraHai="132" who="0" fromWho="1" sc="159,86,307,-86,386,0,148,0" owari="245,4.5,221,-17.9,386,48.6,148,-35.2" /></mjloggm>