<mjloggm ver="2.3"><GO type="169" lobby="0"/><UN n0="%E3%81%B5%E3%81%98%E3%81%8A" n1="%4F%4D%41%4E%54%41" n2="%79%61%6E%72%6F%75" n3="%E3%81%B2%E3%81%90%E3%81%A1" dan="16,17,16,17" rate="2129.79,2179.34,2162.80,2229.08" sx="M,M,M,M"/><TAIKYOKU oya="0"/><INIT seed="0,0,0,0,1,43" ten="250,250,250,250" oya="0" hai0="11,83,84,134,78,91,119,132,8,122,24,41,54" hai1="124,125,110,19,85,118,68,5,57,32,81,89,46" hai2="58,112,98,1,79,60,3,39,66,109,14,42,103" hai3="29,17,16,101,36,51,4,52,123,49,0,33,63"/><T131/><D119/><U130/><E118/><V108/><F112/><W93/><G36/><T40/><D122/><U69/><E32/><V31/><F79/><W104/><G104/><T92/><D131/><U47/><E130/><V94/><F14/><W120/><G63/><T9/><D54/><U107/><E107/><V59/><F59/><W22/><G49/><T106/><D24/><U77/><E5/><V15/><F15/><N who="3" m="9503" /><G17/><T7/><D7/><U115/><E110/><N who="2" m="42603" /><F31/><W64/><G64/><T56/><D56/><U114/><E57/><V67/><F66/><W30/><G101/><T45/><D106/><U88/><E19/><V48/><F48/><W100/><G100/><T82/><D82/><U128/><E128/><V129/><F129/><W18/><G93/><T23/><D23/><U53/><E53/><V70/><F70/><W105/><G18/><T87/><REACH who="0" step="1"/><D40/><REACH who="0" ten="240,250,250,250" step="2"/><U90/><E69/><V50/><F58/><N who="3" m="33055" /><G105/><T38/><AGARI ba="0,1" hai="8,9,11,38,41,45,78,83,84,87,91,92,132,134" machi="38" ten="30,6000,0" yaku="1,1,0,1,52,1,53,0" doraHai="43" doraHaiUra="61" who="0" fromWho="0" sc="240,70,250,-20,250,-20,250,-20" /><INIT seed="0,1,0,0,2,92" ten="310,230,230,230" oya="0" hai0="109,44,69,43,22,108,59,61,40,107,78,1,103" hai1="10,28,3,9,27,77,112,122,97,101,86,91,121" hai2="6,131,48,115,23,120,128,111,20,68,135,46,113" hai3="16,47,71,100,29,53,57,126,55,64,76,81,90"/><T70/><D1/><U56/><E77/><V85/><F68/><W49/><G126/><T45/><D78/><U94/><E112/><V114/><F120/><W35/><G71/><N who="0" m="27147" /><D22/><U13/><E3/><V38/><F38/><W79/><G100/><T32/><D32/><U125/><E125/><V24/><F135/><W98/><G29/><T15/><D15/><U19/><E9/><V14/><F85/><W66/><G35/><T82/><D82/><U34/><REACH who="1" step="1"/><E56/><REACH who="1" ten="310,220,230,230" step="2"/><V2/><F2/><W75/><G79/><T73/><D59/><U8/><E8/><N who="2" m="4375" /><F114/><W119/><G119/><T5/><D109/><U7/><E7/><V116/><F111/><W60/><G66/><T58/><D5/><U80/><AGARI ba="1,1" hai="10,13,19,27,28,34,80,86,91,94,97,101,121,122" machi="80" ten="20,8000,1" yaku="1,1,0,1,7,1,52,1,53,1" doraHai="92" doraHaiUra="89" who="1" fromWho="1" sc="310,-41,220,93,230,-21,230,-21" /><INIT seed="1,0,0,5,0,102" ten="269,313,209,209" oya="1" hai0="32,60,103,31,73,19,94,12,76,46,107,26,47" hai1="57,15,101,100,114,83,5,111,84,77,125,74,95" hai2="70,123,87,113,119,132,110,10,34,116,24,88,4" hai3="86,92,13,96,78,58,72,18,44,16,8,105,35"/><U109/><E57/><V7/><F70/><W11/><G35/><T85/><D60/><U82/><E5/><V120/><F87/><W64/><G72/><T49/><D94/><U128/><E15/><V36/><F36/><W104/><G104/><T93/><D93/><U45/><E45/><V0/><F4/><W21/><G44/><T20/><D73/><U61/><E61/><V99/><F99/><W22/><G105/><T50/><D47/><U133/><E114/><V130/><F88/><N who="3" m="55303" /><G58/><T55/><D49/><U6/><E6/><V121/><F132/><W135/><G64/><T66/><D66/><U54/><E54/><V62/><F62/><W30/><G30/><T1/><D1/><U75/><E133/><V41/><F41/><W27/><G135/><T69/><D69/><U90/><E128/><V126/><F130/><W48/><G48/><T29/><D29/><U134/><E134/><V52/><F52/><W127/><G127/><T108/><D103/><N who="1" m="39499" /><E125/><V2/><F126/><W51/><G51/><T38/><D38/><U17/><E17/><V37/><F37/><W129/><G129/><T3/><D3/><U28/><E28/><N who="2" m="19719" /><F0/><W67/><G67/><T124/><D124/><U71/><E71/><V112/><F110/><N who="1" m="41993" /><E83/><AGARI ba="0,0" hai="8,11,13,16,18,21,22,27,78,83,86" m="55303" machi="83" ten="30,3900,0" yaku="8,1,54,2" doraHai="102" who="3" fromWho="1" sc="269,0,313,-39,209,0,209,39" /><INIT seed="2,0,0,3,4,0" ten="269,274,209,248" oya="2" hai0="70,33,96,25,99,132,72,123,35,11,103,118,63" hai1="79,106,21,71,60,88,32,40,5,64,55,114,49" hai2="52,29,26,78,135,121,74,73,89,16,110,97,62" hai3="61,2,53,82,130,113,69,115,129,87,77,98,12"/><V127/><F121/><W116/><G2/><T90/><D123/><U17/><E32/><V56/><F127/><W104/><G53/><T111/><D72/><U27/><E114/><N who="3" m="43530" /><G61/><T3/><D111/><U86/><E106/><V85/><F110/><W41/><G41/><T133/><D118/><U18/><E79/><V76/><F73/><W108/><G12/><T102/><D90/><U34/><E34/><V51/><F74/><W59/><G59/><T107/><D63/><U39/><E39/><V4/><F97/><W119/><G69/><T68/><D25/><U65/><E40/><V23/><F135/><W95/><G104/><T20/><D20/><U7/><E18/><V75/><F75/><W8/><G8/><T80/><D3/><U13/><E27/><V92/><F4/><N who="1" m="1609" /><E60/><V38/><F38/><W93/><G93/><T48/><D107/><U6/><E6/><V126/><F126/><W30/><G30/><T14/><D133/><U67/><E71/><V83/><F92/><W125/><G108/><T58/><D132/><U91/><E86/><V19/><F62/><W15/><G15/><T120/><D14/><U94/><E94/><V1/><F1/><W45/><G125/><T101/><D70/><U57/><AGARI ba="0,0" hai="13,17,21,49,55,57,64,65,67,88,91" m="1609" machi="57" ten="30,8000,1" yaku="8,1,52,3,54,1" doraHai="0" who="1" fromWho="1" sc="269,-20,274,80,209,-40,248,-20" /><INIT seed="3,0,0,2,5,11" ten="249,354,169,228" oya="3" hai0="126,62,114,74,24,106,135,112,49,134,83,67,72" hai1="51,54,1,39,6,93,77,10,132,19,65,8,90" hai2="37,21,47,124,26,44,14,48,87,36,18,125,118" hai3="38,64,81,94,28,116,42,63,17,58,100,89,15"/><W53/><G116/><T5/><D106/><U97/><E39/><V3/><F3/><W20/><G28/><T40/><D126/><N who="2" m="48746" /><F118/><W101/><G81/><T9/><D24/><U0/><E132/><N who="0" m="50729" /><D49/><U52/><E65/><V4/><F87/><W35/><G35/><T102/><D102/><U31/><E31/><V68/><F68/><W99/><G42/><T27/><D27/><U133/><E133/><V103/><F103/><W2/><G2/><N who="0" m="183" /><D40/><U23/><E77/><V129/><F129/><W60/><REACH who="3" step="1"/><G38/><REACH who="3" ten="249,354,169,218" step="2"/><T41/><D41/><U13/><E51/><V70/><F36/><W55/><G55/><T50/><D83/><U76/><E76/><V57/><F37/><W105/><G105/><T111/><D114/><U127/><E127/><V110/><F110/><W69/><AGARI ba="0,1" hai="15,17,20,53,58,60,63,64,69,89,94,99,100,101" machi="69" ten="20,7800,0" yaku="1,1,0,1,7,1,52,1,53,0" doraHai="11" doraHaiUra="73" who="3" fromWho="3" sc="249,-26,354,-26,169,-26,218,88" /><INIT seed="3,1,0,1,3,73" ten="223,328,143,306" oya="3" hai0="17,77,61,39,38,26,72,56,9,57,7,130,118" hai1="70,111,107,132,53,37,76,14,87,104,115,45,4" hai2="24,28,125,21,91,5,60,34,35,78,106,119,124" hai3="100,27,131,40,108,80,18,1,84,44,16,86,36"/><W63/><G1/><T114/><D118/><U50/><E115/><V30/><F106/><W62/><G131/><T0/><D130/><U71/><E111/><V112/><F91/><W42/><G100/><T65/><D114/><U13/><E132/><V15/><F112/><W2/><G2/><T3/><D3/><U93/><E37/><V110/><F78/><W98/><G98/><T49/><D49/><U31/><E31/><N who="2" m="11819" /><F60/><W135/><G135/><T82/><REACH who="0" step="1"/><D57/><REACH who="0" ten="213,328,143,306" step="2"/><U116/><E116/><V47/><F119/><W75/><G36/><T85/><D85/><U92/><E87/><V33/><F110/><W23/><G108/><T69/><D69/><U20/><E50/><V74/><F74/><W109/><G75/><T66/><D66/><U123/><E70/><V95/><F47/><W25/><G109/><T12/><D12/><U79/><E14/><V121/><F121/><W127/><G44/><T54/><D54/><U134/><E53/><V59/><F59/><W11/><G80/><T6/><D6/><U113/><E4/><V22/><F5/><W64/><G64/><T52/><D52/><U67/><E67/><V83/><F83/><W128/><G128/><T41/><D41/><U43/><E43/><V29/><F95/><W103/><G40/><T88/><D88/><U81/><E81/><V46/><F46/><W19/><G42/><T120/><D120/><U129/><E123/><V99/><F99/><W101/><G86/><T55/><D55/><U126/><E113/><V90/><F90/><W97/><G84/><T94/><D94/><U51/><E92/><RYUUKYOKU ba="1,1" sc="213,15,328,-15,143,15,306,-15" hai0="0,7,9,17,26,38,39,56,61,65,72,77,82" hai2="15,21,22,24,29,33,34,35,124,125" /><INIT seed="4,2,1,1,2,95" ten="228,313,158,291" oya="0" hai0="54,21,87,6,64,29,75,106,36,101,20,68,4" hai1="30,80,7,12,96,59,33,116,104,134,37,88,122" hai2="108,66,133,112,98,55,115,5,82,42,11,102,89" hai3="40,63,69,61,17,76,72,90,120,27,123,100,126"/><T13/><D75/><U16/><E37/><V18/><F108/><W39/><G100/><T86/><D36/><U23/><E116/><V114/><F66/><W0/><G90/><T51/><D21/><U62/><E122/><V121/><F121/><W103/><G103/><T71/><D71/><U73/><E134/><V52/><F133/><W48/><G17/><T9/><D4/><U131/><E131/><V15/><F42/><W128/><G27/><T8/><D8/><U74/><E7/><V43/><F43/><W56/><G76/><T24/><D64/><U77/><E73/><V34/><F34/><W35/><G0/><T111/><D68/><U41/><E41/><V105/><F5/><W38/><G35/><T44/><REACH who="0" step="1"/><D111/><REACH who="0" ten="218,313,158,291" step="2"/><U28/><E33/><V109/><F109/><W50/><G72/><T81/><D81/><U132/><E132/><V47/><F47/><W32/><G32/><T78/><D78/><U92/><E104/><V49/><F49/><W60/><G69/><T110/><D110/><U19/><E19/><V26/><F26/><W97/><G123/><T2/><D2/><U129/><E129/><V45/><F45/><W117/><G128/><T127/><D127/><U125/><E125/><V14/><F15/><W130/><G126/><T94/><D94/><U46/><E46/><V118/><F118/><W85/><G117/><T93/><D93/><U57/><E57/><V83/><F83/><W67/><G130/><T113/><D113/><U1/><E1/><V84/><AGARI ba="2,2" hai="11,14,18,52,55,82,84,89,98,102,105,112,114,115" machi="84" ten="40,8000,1" yaku="0,1,15,1,52,1,54,1" doraHai="95" who="2" fromWho="2" sc="218,-42,313,-22,158,106,291,-22" /><INIT seed="5,0,0,1,0,131" ten="176,291,264,269" oya="1" hai0="99,122,30,13,8,7,98,111,91,81,1,42,106" hai1="60,27,45,78,39,41,49,75,20,129,28,65,116" hai2="54,36,117,63,34,31,56,76,29,57,83,58,115" hai3="48,0,82,119,16,134,52,123,120,33,85,59,66"/><U88/><E116/><V3/><F117/><W135/><G0/><T21/><D111/><U130/><E78/><V19/><F36/><W10/><G33/><T110/><D110/><U23/><E75/><V38/><F38/><W62/><G119/><T84/><D122/><U100/><E100/><V43/><F43/><W12/><G123/><T71/><D71/><U127/><E127/><V44/><F3/><W64/><G120/><T77/><D106/><U55/><E23/><V108/><F108/><W70/><REACH who="3" step="1"/><G64/><REACH who="3" ten="176,291,264,259" step="2"/><T86/><D1/><U92/><E65/><V32/><F34/><W47/><G47/><T128/><D128/><U112/><E112/><V18/><F32/><W125/><G125/><T37/><D37/><U94/><E39/><V69/><F44/><W96/><G96/><T73/><D73/><U4/><E130/><V74/><F115/><W2/><G2/><T15/><D99/><U97/><E129/><V105/><F74/><W5/><G5/><T14/><D98/><U6/><E94/><V46/><F46/><W109/><G109/><T126/><D126/><U124/><E124/><V35/><F35/><W93/><G93/><N who="0" m="54503" /><D42/><U24/><E24/><AGARI ba="0,1" hai="7,8,13,14,15,21,24,30,77,81,86" m="54503" machi="24" ten="30,1000,0" yaku="8,1" doraHai="131" who="0" fromWho="1" sc="176,20,291,-10,264,0,259,0" /><INIT seed="6,0,0,3,0,88" ten="196,281,264,259" oya="2" hai0="92,66,27,67,29,101,62,78,116,44,118,61,128" hai1="10,127,106,58,57,124,32,90,17,103,9,123,25" hai2="56,110,117,81,94,8,47,68,86,41,18,60,114" hai3="89,15,113,19,82,98,104,74,52,70,87,130,126"/><V14/><F114/><W96/><G70/><T122/><D122/><U33/><E123/><V75/><F68/><W12/><G130/><T6/><D128/><U135/><E135/><V132/><F132/><W71/><G71/><T48/><D78/><U38/><E38/><V28/><F110/><W51/><G126/><T133/><D133/><U45/><E45/><V55/><F75/><W112/><G74/><T23/><D6/><U115/><E115/><N who="3" m="44106" /><G104/><T91/><D101/><U72/><E72/><V7/><F28/><W129/><G129/><T24/><D24/><U97/><E90/><V59/><F56/><N who="1" m="21609" /><E17/><V54/><F117/><W80/><G80/><T105/><D105/><U131/><E131/><V46/><F7/><W79/><G79/><T85/><D118/><U3/><E3/><V13/><F41/><W107/><G107/><T119/><D119/><U26/><E26/><V53/><F81/><W30/><G30/><T109/><D109/><U40/><E40/><V120/><F120/><W111/><G111/><T21/><D116/><U102/><E102/><V11/><F53/><W50/><G12/><T73/><D73/><U64/><E64/><V100/><F54/><W134/><G134/><T77/><D77/><U125/><E25/><V5/><F100/><W0/><G0/><T4/><D4/><U1/><E1/><V20/><F8/><AGARI ba="0,0" hai="8,9,10,32,33,97,103,106,124,125,127" m="21609" machi="8" ten="40,1300,0" yaku="18,1" doraHai="88" who="1" fromWho="2" sc="196,0,281,13,264,-13,259,0" /><INIT seed="7,0,0,1,3,10" ten="196,294,251,259" oya="3" hai0="4,35,120,15,56,77,130,84,30,60,59,0,34" hai1="124,121,62,92,133,36,3,74,28,127,20,106,128" hai2="95,86,80,101,11,98,93,78,17,125,6,81,44" hai3="68,31,48,64,57,109,9,55,103,39,54,110,14"/><W107/><G39/><T108/><D108/><N who="3" m="41577" /><G68/><T5/><D120/><U66/><E106/><V24/><F125/><W25/><G103/><T7/><D130/><U90/><E74/><V97/><F44/><W112/><G107/><T105/><D105/><U71/><E3/><V70/><F70/><W47/><G64/><T37/><D37/><U67/><E36/><V100/><F80/><W12/><G9/><T118/><D118/><U22/><E67/><V134/><F134/><W26/><G112/><T79/><D0/><U87/><E121/><V117/><F117/><W119/><G119/><T102/><D102/><U51/><E128/><V129/><F129/><W58/><G25/><T135/><D135/><U75/><E133/><V21/><F11/><W65/><G65/><T104/><D104/><U116/><E116/><V113/><REACH who="2" step="1"/><F6/><REACH who="2" ten="196,294,241,259" step="2"/><W29/><G47/><T38/><D38/><U23/><E124/><V49/><F49/><N who="3" m="30927" /><G31/><T83/><D30/><U115/><E127/><V8/><F8/><W1/><G1/><T111/><D111/><U16/><E28/><V85/><F85/><W50/><G50/><T72/><D84/><U19/><E115/><AGARI ba="0,1" hai="17,21,24,78,81,86,93,95,97,98,100,101,113,115" machi="115" ten="40,2600,0" yaku="1,1,9,1,53,0" doraHai="10" doraHaiUra="27" who="2" fromWho="1" sc="196,0,294,-26,241,36,259,0" /><INIT seed="8,0,0,2,5,128" ten="196,268,277,259" oya="0" hai0="52,119,90,108,118,15,98,22,35,32,20,76,79" hai1="95,80,46,133,84,33,103,38,106,11,40,45,107" hai2="10,60,67,75,41,85,129,70,0,78,72,86,56" hai3="109,28,77,69,71,122,50,87,58,88,27,102,81"/><T110/><D98/><U105/><E33/><N who="0" m="12873" /><D90/><U73/><E11/><V9/><F129/><W131/><G131/><T25/><D52/><U59/><E59/><V68/><F0/><W94/><G102/><T126/><D126/><U6/><E6/><V21/><F75/><W17/><G50/><T30/><D76/><U115/><E115/><V113/><F113/><W132/><G58/><T125/><D79/><U37/><E73/><V36/><F70/><W47/><G47/><T74/><D74/><U43/><E95/><V130/><F68/><W3/><G69/><T92/><D92/><U62/><E62/><V8/><F36/><W65/><G94/><T64/><D64/><U99/><E99/><V93/><F41/><W101/><G88/><T100/><D100/><U135/><E103/><V104/><F104/><W42/><G42/><T116/><D125/><U127/><E127/><V61/><F72/><W123/><G65/><T12/><D22/><U63/><E63/><N who="2" m="38375" /><F21/><W117/><G71/><T31/><D31/><U34/><E34/><V49/><F130/><W111/><G28/><T96/><D96/><U124/><E124/><V53/><F78/><AGARI ba="0,0" hai="37,38,40,43,45,46,78,80,84,105,106,107,133,135" machi="78" ten="40,5200,0" yaku="9,1,52,2" doraHai="128" who="1" fromWho="2" sc="196,0,268,52,277,-52,259,0" owari="196,-30.4,320,42.0,225,-17.5,259,5.9" /></mjloggm>