<mjloggm ver="2.3"><GO type="169" lobby="0"/><UN n0="%E3%81%A1%E3%82%83%E3%81%B0%E3%82%8A%E3%83%BC%E3%82%84" n1="%43%72%37" n2="%E3%81%9B%E3%81%A9%E3%81%AA%E3%82%8A%E3%81%82%E3%82%93" n3="%72%75%69%6E%65%76%65%72" dan="16,18,17,16" rate="2121.66,2219.93,2182.65,2115.19" sx="M,M,F,M"/><TAIKYOKU oya="0"/><INIT seed="0,0,0,4,4,35" ten="250,250,250,250" oya="0" hai0="42,121,84,78,27,106,131,99,104,2,45,110,80" hai1="130,70,47,95,107,73,92,126,61,54,85,101,16" hai2="15,33,82,23,122,135,65,32,52,86,64,21,127" hai3="63,94,48,30,12,112,1,57,9,38,103,109,129"/><T41/><D121/><U24/><E73/><V40/><F122/><W100/><G112/><T119/><D119/><U60/><E130/><V44/><F127/><W31/><G38/><T8/><D131/><U91/><E107/><V58/><F135/><W76/><G129/><T132/><D132/><U71/><E126/><V36/><F32/><W134/><G134/><T55/><D110/><U4/><E4/><V46/><F33/><W19/><G109/><T97/><D27/><U66/><E47/><V28/><F44/><W128/><G128/><T88/><D55/><U68/><E54/><V69/><F28/><N who="3" m="10795" /><G1/><T26/><D26/><U125/><E125/><V72/><F72/><W13/><G76/><T120/><D120/><U25/><E60/><V39/><F39/><W34/><G34/><T79/><D79/><U123/><E123/><V62/><F15/><N who="3" m="7663" /><G48/><T77/><D78/><U14/><E25/><V118/><F118/><W20/><G20/><T115/><D115/><U83/><E24/><V87/><F65/><N who="3" m="39151" /><G103/><T89/><D106/><U53/><E53/><V3/><F3/><W11/><G11/><T81/><D104/><U59/><REACH who="1" step="1"/><E101/><REACH who="1" ten="250,240,250,250" step="2"/><V108/><F108/><W0/><G0/><T124/><D124/><U43/><E43/><V51/><F86/><W6/><G6/><N who="0" m="1111" /><D41/><U49/><E49/><V113/><F113/><W96/><AGARI ba="0,1" hai="12,13,94,96,100" m="39151,7663,10795" machi="96" ten="30,1100,0" yaku="8,1" doraHai="35" who="3" fromWho="3" sc="250,-5,240,-3,250,-3,250,21" /><INIT seed="1,0,0,4,0,126" ten="245,237,247,271" oya="1" hai0="19,44,39,4,112,26,50,32,102,105,6,73,120" hai1="78,69,76,22,101,103,128,77,64,82,66,119,0" hai2="74,1,88,23,134,116,86,30,115,61,133,109,8" hai3="53,80,132,75,99,56,48,43,97,35,63,12,17"/><U118/><E0/><V33/><F74/><W71/><G35/><T36/><D112/><U95/><E69/><V15/><F116/><N who="1" m="44585" /><E22/><V130/><F109/><W117/><G132/><N who="2" m="50793" /><F115/><W49/><G117/><T42/><D73/><U52/><E52/><V2/><F33/><W29/><G29/><T131/><D19/><U3/><E3/><N who="2" m="1035" /><F61/><W25/><G75/><T46/><D32/><U129/><E82/><N who="2" m="49239" /><F23/><N who="3" m="13551" /><G63/><T10/><D42/><U84/><E84/><V127/><F127/><W81/><G71/><T100/><D10/><U37/><E37/><V38/><F38/><W125/><G125/><T16/><D36/><U135/><E135/><V123/><F123/><W5/><G81/><T27/><D120/><U121/><E121/><V7/><F30/><W106/><G80/><T110/><D39/><U28/><E28/><V54/><F54/><W59/><G43/><T9/><D9/><U122/><E122/><V41/><F41/><W18/><G53/><T62/><D62/><U107/><E107/><V51/><F51/><N who="3" m="19531" /><G106/><T79/><D105/><U31/><E31/><V83/><F83/><W94/><G94/><T93/><D50/><U111/><E111/><V67/><F67/><N who="1" m="25641" /><E95/><V58/><F58/><N who="3" m="22059" /><G5/><T85/><D93/><U104/><E104/><V96/><F96/><W21/><AGARI ba="0,0" hai="12,18,21,97,99" m="22059,19531,13551" machi="21" ten="30,1100,0" yaku="8,1" doraHai="126" who="3" fromWho="3" sc="245,-3,237,-5,247,-3,271,11" /><INIT seed="2,0,0,0,2,65" ten="242,232,244,282" oya="2" hai0="129,93,17,135,101,35,73,22,26,13,44,55,51" hai1="96,105,132,82,36,122,15,100,112,10,85,106,77" hai2="128,87,126,47,5,60,86,116,62,1,57,97,120" hai3="113,46,23,6,124,28,125,117,11,0,54,95,79"/><V45/><F116/><W52/><G117/><T68/><D129/><U4/><E112/><V31/><F120/><W70/><G113/><T91/><D135/><U102/><E132/><V16/><F31/><W81/><G70/><T42/><D73/><U131/><E131/><V90/><F128/><W41/><G95/><T34/><D101/><U59/><E36/><V61/><F1/><W40/><G40/><T78/><D78/><U20/><E122/><V114/><F5/><W104/><G104/><T37/><D26/><U115/><E115/><V3/><F3/><W127/><G23/><T25/><D25/><U121/><E121/><V72/><F72/><N who="3" m="43239" /><G28/><T84/><REACH who="0" step="1"/><D68/><REACH who="0" ten="232,232,244,282" step="2"/><U49/><E102/><V98/><F114/><W75/><G75/><T103/><D103/><U66/><E106/><V119/><F119/><W67/><G67/><T58/><AGARI ba="0,1" hai="13,17,22,34,35,37,42,44,51,55,58,84,91,93" machi="58" ten="20,12000,2" yaku="1,1,0,1,7,1,25,2,53,1" doraHai="65" doraHaiUra="19" who="0" fromWho="0" sc="232,130,232,-30,244,-60,282,-30" /><INIT seed="3,0,0,3,5,114" ten="362,202,184,252" oya="3" hai0="11,111,25,82,135,33,124,50,72,14,122,78,20" hai1="24,103,115,60,38,132,106,119,42,80,41,56,29" hai2="88,117,85,44,118,6,123,89,105,75,27,17,129" hai3="92,93,102,83,2,91,67,4,77,108,113,7,97"/><W63/><G113/><T26/><D122/><U120/><E120/><V34/><F123/><W125/><G2/><T30/><D111/><U10/><E115/><V22/><F75/><W98/><G125/><T40/><D124/><U57/><E132/><V121/><F121/><W112/><G112/><T53/><D40/><U12/><E38/><V101/><F6/><W37/><G37/><T126/><D135/><U86/><E103/><V94/><F34/><W15/><G15/><T8/><D14/><U13/><E106/><V70/><F70/><W69/><REACH who="3" step="1"/><G108/><REACH who="3" ten="362,202,184,242" step="2"/><T46/><D126/><U134/><E13/><V3/><F3/><W52/><G52/><T32/><D32/><U35/><E134/><V18/><F129/><W116/><G116/><T55/><D53/><U21/><E35/><V110/><F110/><W65/><G65/><T9/><D9/><U74/><E119/><V49/><F117/><W28/><G28/><AGARI ba="0,1" hai="8,11,20,25,26,28,30,33,46,50,55,72,78,82" machi="28" ten="30,1000,0" yaku="7,1" doraHai="114" who="0" fromWho="3" sc="362,20,202,0,184,0,242,-10" /><INIT seed="4,0,0,2,4,49" ten="382,202,184,232" oya="0" hai0="40,1,14,63,129,100,13,97,81,74,102,101,73" hai1="64,6,124,92,62,88,122,35,33,126,133,55,52" hai2="20,116,17,43,15,119,23,2,89,80,56,69,45" hai3="117,48,84,96,10,36,57,93,131,134,59,8,125"/><T121/><D1/><U106/><E106/><V65/><F69/><W7/><G117/><N who="2" m="45129" /><F2/><W34/><G36/><T39/><D121/><U79/><E122/><V4/><F4/><W95/><G34/><N who="1" m="12810" /><E79/><V108/><F108/><W82/><G131/><T44/><D129/><U94/><E6/><V112/><F112/><W68/><G68/><T66/><D97/><N who="1" m="57479" /><E94/><V67/><F23/><W46/><G93/><T32/><D32/><U99/><E99/><V31/><F31/><W38/><G96/><T104/><D104/><U18/><E18/><V113/><F113/><W26/><G95/><T132/><D81/><U0/><E0/><V78/><F89/><W19/><G82/><T22/><D22/><U30/><E30/><V24/><F15/><W127/><G7/><T58/><REACH who="0" step="1"/><D132/><REACH who="0" ten="372,202,184,232" step="2"/><U47/><E133/><V25/><F80/><W28/><G134/><T87/><D87/><U114/><E114/><V12/><F20/><W103/><G84/><T54/><D54/><U11/><E11/><V72/><F72/><AGARI ba="0,1" hai="13,14,39,40,44,58,63,66,72,73,74,100,101,102" machi="72" ten="40,2000,0" yaku="1,1,53,0" doraHai="49" doraHaiUra="111" who="0" fromWho="2" sc="372,30,202,0,184,-20,232,0" /><INIT seed="4,1,0,5,3,111" ten="402,202,164,232" oya="0" hai0="40,118,64,97,31,0,132,108,112,127,54,79,75" hai1="77,60,81,126,46,76,3,116,36,68,89,107,120" hai2="123,102,99,96,119,27,86,121,131,78,90,110,70" hai3="10,55,59,71,34,73,104,135,32,25,4,8,88"/><T41/><D118/><U63/><E116/><V125/><F70/><W47/><G71/><T83/><D0/><U43/><E120/><V129/><F119/><W62/><G73/><T7/><D7/><U101/><E126/><V20/><F20/><W53/><G104/><T133/><D127/><U35/><E89/><V22/><F125/><W128/><G135/><N who="0" m="51787" /><D64/><U16/><E35/><V9/><F9/><W66/><G128/><N who="2" m="49225" /><F22/><W100/><G100/><T39/><D39/><U14/><E3/><V94/><F27/><W42/><G25/><T58/><D108/><U6/><E6/><V93/><F110/><W57/><G66/><T38/><D31/><U106/><E76/><V56/><F56/><W124/><G124/><T103/><D38/><U30/><E30/><V13/><F13/><W19/><G4/><T11/><D11/><U109/><E109/><V113/><F113/><W95/><G32/><T82/><D112/><U12/><E12/><V24/><F24/><W1/><G34/><T98/><D40/><U87/><E68/><V74/><F74/><W51/><G1/><T50/><D41/><U69/><E69/><V5/><F5/><W29/><G29/><T33/><D33/><U2/><E2/><V84/><F78/><W80/><G19/><T91/><D79/><U44/><E44/><V23/><F23/><W17/><G17/><T72/><D72/><U48/><E14/><V49/><F49/><N who="3" m="30895" /><G80/><T130/><D130/><U122/><E16/><V37/><F37/><W15/><G15/><T134/><N who="0" m="51795" /><T21/><DORA hai="45" /><D75/><U114/><E36/><RYUUKYOKU ba="1,0" sc="402,-15,202,-15,164,15,232,15" hai2="84,86,90,93,94,96,99,102,121,123" hai3="8,10,42,47,51,55,59,62,88,95" /><INIT seed="5,2,0,5,4,16" ten="387,187,179,247" oya="1" hai0="65,38,122,69,25,6,119,20,93,108,109,48,134" hai1="131,32,88,77,5,39,101,8,11,115,105,118,18" hai2="85,60,111,37,76,57,82,113,2,74,95,55,125" hai3="34,31,56,53,51,19,30,58,47,80,42,10,59"/><U44/><E118/><V35/><F111/><W70/><G70/><T21/><D38/><U50/><E32/><V68/><F2/><W81/><G34/><T100/><D119/><U24/><E39/><V26/><F125/><W46/><G10/><T45/><D6/><U12/><E115/><V129/><F129/><W96/><G96/><T75/><D75/><U124/><E131/><V15/><F113/><W130/><G130/><T98/><D134/><U99/><E77/><V61/><F37/><W117/><G117/><T86/><D122/><U83/><E124/><V126/><F126/><W90/><G19/><T121/><D121/><U110/><E110/><V84/><F15/><W91/><G47/><T33/><D65/><U17/><E24/><V107/><F107/><W135/><G42/><T133/><D69/><U22/><E18/><V87/><F95/><W120/><G135/><T54/><D133/><U66/><E66/><V71/><REACH who="2" step="1"/><F61/><REACH who="2" ten="387,187,169,247" step="2"/><W114/><G114/><T79/><D109/><U63/><E63/><V1/><F1/><W23/><G120/><T73/><D93/><N who="1" m="58607" /><E5/><V89/><F89/><W28/><G91/><T62/><D62/><U9/><E105/><V97/><F97/><W52/><G90/><T112/><D112/><U116/><E116/><V67/><F67/><W14/><G14/><T106/><D106/><U132/><E132/><V0/><F0/><W64/><G64/><T72/><D108/><U128/><E128/><V127/><F127/><W40/><G80/><T27/><D98/><U103/><E88/><V92/><F92/><W43/><G81/><RYUUKYOKU ba="2,1" sc="387,-10,187,-10,169,30,247,-10" hai2="26,35,55,57,60,68,71,74,76,82,84,85,87" /><INIT seed="6,3,1,2,0,63" ten="377,177,199,237" oya="2" hai0="97,133,1,109,88,123,48,36,35,56,31,2,34" hai1="102,76,37,65,6,82,134,20,126,46,66,57,50" hai2="17,107,67,43,117,103,73,116,64,38,104,51,14" hai3="29,87,108,45,120,119,122,62,118,106,86,32,19"/><V110/><F38/><W80/><G108/><T84/><D109/><U0/><E134/><V10/><F110/><W75/><G106/><T99/><D36/><U33/><E33/><V89/><F73/><W16/><G75/><T130/><D123/><U5/><E126/><V96/><F107/><W55/><G32/><T40/><D130/><U77/><E37/><V121/><F121/><W100/><G29/><T27/><D34/><U105/><E57/><V44/><REACH who="2" step="1"/><F89/><REACH who="2" ten="377,177,189,237" step="2"/><W26/><G122/><T54/><D133/><U115/><E105/><V124/><F124/><W81/><G120/><T21/><D88/><U74/><E102/><V58/><F58/><W131/><G100/><T30/><D56/><U114/><E76/><V7/><F7/><N who="1" m="2569" /><E0/><V23/><F23/><W90/><G90/><T93/><D1/><U70/><E20/><V60/><F60/><W9/><G62/><T42/><D2/><U113/><E70/><V135/><F135/><W39/><G39/><T83/><D35/><U52/><AGARI ba="3,2" hai="46,50,52,65,66,74,77,82,113,114,115" m="2569" machi="52" ten="40,8000,1" yaku="15,1,52,2,54,1" doraHai="63" who="1" fromWho="1" sc="377,-23,177,109,189,-43,237,-23" /><INIT seed="7,0,0,3,2,122" ten="354,286,146,214" oya="3" hai0="97,113,85,1,106,67,4,11,129,79,46,71,49" hai1="22,3,66,87,36,110,25,16,107,31,58,68,55" hai2="100,86,60,118,18,41,134,56,7,82,90,26,35" hai3="74,20,51,32,135,6,98,88,124,96,121,109,89"/><W33/><G121/><T119/><D119/><U52/><E110/><V73/><F134/><W57/><G74/><T0/><D0/><U120/><E120/><V77/><F118/><W123/><G123/><T48/><D129/><U44/><E107/><V81/><F41/><W2/><G2/><T61/><D113/><U63/><E3/><V12/><F100/><W132/><G6/><T78/><D85/><U127/><E127/><V39/><F39/><W8/><G8/><T15/><D1/><U38/><E87/><V14/><F7/><W29/><G124/><T21/><D21/><U65/><E65/><V27/><F12/><W69/><G69/><T102/><D48/><U99/><E99/><N who="3" m="37930" /><G109/><T5/><D5/><U23/><E44/><V131/><F35/><N who="3" m="13387" /><G57/><T37/><D37/><U34/><E34/><V125/><F131/><W94/><G51/><T114/><D114/><U76/><E76/><V70/><F70/><W10/><G10/><T93/><D106/><U103/><E103/><V108/><F125/><W59/><G59/><T95/><D95/><U50/><REACH who="1" step="1"/><E55/><AGARI ba="0,0" hai="4,11,15,46,49,55,61,67,71,78,79,93,97,102" machi="55" ten="30,1000,0" yaku="7,1" doraHai="122" who="0" fromWho="1" sc="354,10,286,-10,146,0,214,0" owari="364,46.4,276,7.6,146,-35.4,214,-18.6" /></mjloggm>