<mjloggm ver="2.3"><GO type="169" lobby="0"/><UN n0="%E6%9C%8B%E4%B9%9F%40" n1="%E3%81%9F%E3%81%BE%E3%82%82%E3%82%84%E3%82%93" n2="%E5%A4%A7%E7%A9%BA%E3%82%B9%E3%83%90%E3%83%AB%E2%98%86" n3="%E3%81%94%E3%82%8B%E3%81%AF%E3%82%80%33%30" dan="16,16,16,17" rate="2167.55,2106.31,2102.11,2207.13" sx="M,F,F,F"/><TAIKYOKU oya="0"/><INIT seed="0,0,0,4,0,60" ten="250,250,250,250" oya="0" hai0="16,42,132,33,100,104,52,47,78,118,14,57,13" hai1="8,121,45,11,125,10,128,20,4,22,129,120,111" hai2="81,77,94,87,72,88,29,63,39,101,95,110,38" hai3="127,91,23,70,135,21,107,80,82,58,54,85,44"/><T69/><D118/><U117/><E117/><V40/><F110/><W34/><G34/><T41/><D33/><U18/><E45/><V86/><F29/><W67/><G107/><T15/><D69/><U53/><E53/><V64/><F40/><W24/><G135/><T84/><D132/><U55/><E55/><V2/><F2/><W103/><G103/><T119/><D119/><U108/><E125/><V96/><REACH who="2" step="1"/><F72/><REACH who="2" ten="250,250,240,250" step="2"/><W49/><G127/><T102/><D104/><U46/><E111/><V62/><F62/><W25/><G70/><AGARI ba="0,1" hai="38,39,63,64,70,77,81,86,87,88,94,95,96,101" machi="70" ten="30,7700,0" yaku="1,1,7,1,52,1,54,1,53,0" doraHai="60" doraHaiUra="126" who="2" fromWho="3" sc="250,0,250,0,240,87,250,-77" /><INIT seed="1,0,0,1,3,81" ten="250,250,327,173" oya="1" hai0="34,16,56,18,17,23,36,52,116,99,64,67,47" hai1="58,26,82,38,37,27,4,93,41,5,74,22,96" hai2="123,50,73,57,108,86,105,44,21,85,33,51,135" hai3="25,125,79,46,14,109,31,111,107,106,131,87,124"/><U75/><E41/><V127/><F73/><W92/><G46/><T90/><D34/><U113/><E113/><V8/><F33/><W43/><G43/><T129/><D116/><U80/><E58/><V132/><F105/><N who="3" m="39947" /><G14/><T30/><D129/><U28/><E93/><V54/><F123/><W3/><G3/><T9/><D47/><U12/><E96/><V48/><F108/><N who="3" m="41547" /><G25/><N who="0" m="16703" /><D36/><U134/><E12/><V130/><F130/><W97/><G31/><T13/><D99/><U122/><E22/><V40/><F127/><W119/><G119/><T104/><D90/><U94/><E28/><V117/><F117/><W35/><G35/><T39/><D104/><U91/><E91/><V20/><F51/><W114/><G114/><T84/><D84/><N who="2" m="32362" /><F8/><W7/><G7/><N who="0" m="3263" /><D39/><U88/><E88/><V89/><F89/><N who="3" m="55439" /><G131/><T60/><AGARI ba="0,0" hai="16,17,18,52,56,60,64,67" m="3263,16703" machi="60" ten="30,4000,0" yaku="8,1,54,2" doraHai="81" who="0" fromWho="0" sc="250,40,250,-20,327,-10,173,-10" /><INIT seed="2,0,0,4,2,28" ten="290,230,317,163" oya="2" hai0="96,13,78,3,127,37,89,34,92,57,0,24,11" hai1="74,48,105,61,27,126,128,30,82,79,6,46,68" hai2="17,76,4,36,133,16,31,104,108,114,58,107,123" hai3="80,135,102,116,29,26,69,66,63,33,122,2,125"/><V23/><F36/><W56/><G116/><T93/><D127/><U42/><E128/><V9/><F114/><W19/><G125/><T110/><D110/><U113/><E126/><V21/><F123/><W43/><G122/><T81/><D37/><U134/><E134/><V47/><F133/><W129/><G135/><T95/><D57/><U44/><E105/><V109/><F47/><W106/><G129/><T67/><D67/><U52/><E6/><V41/><F41/><W8/><G43/><T131/><D131/><U32/><E113/><V75/><F58/><W38/><G38/><T115/><D115/><U35/><E68/><V59/><F59/><W118/><G80/><T45/><D45/><U72/><E61/><V119/><F31/><W87/><G87/><T124/><D95/><U60/><E60/><V50/><F50/><W15/><G56/><T64/><D64/><U1/><E1/><V7/><F9/><W54/><G54/><T18/><D93/><U86/><REACH who="1" step="1"/><E32/><REACH who="1" ten="290,220,317,163" step="2"/><V73/><F119/><W14/><G118/><T20/><D124/><U132/><E132/><V91/><F107/><W94/><G2/><T55/><D34/><U103/><E103/><V111/><F104/><W70/><G70/><T12/><D0/><U121/><E121/><V84/><F7/><W120/><G120/><T5/><REACH who="0" step="1"/><D55/><REACH who="0" ten="280,220,317,163" step="2"/><U85/><E85/><AGARI ba="0,2" hai="3,5,11,12,13,18,20,24,78,81,85,89,92,96" machi="85" ten="30,3900,0" yaku="1,1,2,1,7,1,53,0" doraHai="28" doraHaiUra="53" who="0" fromWho="1" sc="280,59,220,-39,317,0,163,0" /><INIT seed="3,0,0,2,3,49" ten="339,181,317,163" oya="3" hai0="57,9,100,3,88,79,76,38,123,5,84,121,109" hai1="128,60,29,83,62,48,24,99,81,6,19,42,25" hai2="18,41,93,133,122,112,108,1,65,8,16,20,120" hai3="89,95,35,119,111,40,86,107,74,105,116,10,126"/><W87/><G35/><T66/><D38/><U73/><E128/><V135/><F41/><W91/><G40/><T28/><D109/><U114/><E114/><V124/><F65/><W77/><G10/><T55/><D66/><U129/><E129/><V115/><F93/><N who="3" m="54455" /><G111/><T31/><D100/><U34/><E6/><N who="2" m="1103" /><F108/><W50/><G50/><T75/><D123/><N who="2" m="47146" /><F124/><W127/><G77/><T131/><D131/><U58/><E99/><V92/><F92/><W78/><G78/><T70/><D70/><U61/><E73/><V80/><F80/><W22/><G22/><T54/><D121/><U104/><E104/><N who="3" m="40010" /><G74/><T4/><D75/><U47/><E83/><V36/><F36/><W67/><G67/><T72/><D72/><U69/><E81/><V90/><F90/><W64/><G64/><T53/><D5/><U15/><E69/><V0/><F0/><W118/><AGARI ba="0,0" hai="87,91,95,116,118,119,126,127" m="40010,54455" machi="118" ten="40,3900,0" yaku="34,2" doraHai="49" who="3" fromWho="3" sc="339,-13,181,-13,317,-13,163,39" /><INIT seed="3,1,0,1,2,66" ten="326,168,304,202" oya="3" hai0="69,133,97,130,96,9,14,26,35,44,99,75,124" hai1="79,71,80,34,50,88,123,131,84,125,42,45,103" hai2="4,98,32,118,70,13,64,27,40,20,77,17,76" hai3="95,37,39,52,83,132,18,72,41,15,58,7,104"/><W11/><G104/><T24/><D75/><U19/><E123/><V113/><F113/><W51/><G132/><T47/><D133/><U106/><E131/><V120/><F118/><W93/><G41/><T82/><D130/><U135/><E125/><V33/><F120/><W3/><G83/><T122/><D122/><U87/><E34/><V110/><F110/><W8/><REACH who="3" step="1"/><G72/><REACH who="3" ten="326,168,304,192" step="2"/><T49/><D124/><U30/><E106/><V0/><F40/><W65/><G65/><T81/><D82/><U119/><E42/><V63/><F64/><W92/><AGARI ba="1,1" hai="3,7,8,11,15,18,37,39,51,52,58,92,93,95" machi="92" ten="30,6000,0" yaku="1,1,0,1,54,1,53,0" doraHai="66" doraHaiUra="129" who="3" fromWho="3" sc="326,-21,168,-21,304,-21,192,73" /><INIT seed="3,2,0,1,0,94" ten="305,147,283,265" oya="3" hai0="33,3,86,61,92,50,55,28,48,115,24,128,135" hai1="85,38,16,14,42,133,23,112,88,91,104,12,118" hai2="78,10,44,129,39,80,106,97,134,73,40,130,101" hai3="110,57,79,72,52,71,6,35,13,8,117,111,74"/><W36/><G117/><T125/><D3/><U123/><E112/><V25/><F134/><W126/><G71/><T124/><D115/><U54/><E123/><V114/><F114/><W1/><G35/><T108/><D108/><N who="3" m="41513" /><G36/><T100/><D135/><U84/><E104/><V31/><REACH who="2" step="1"/><F10/><REACH who="2" ten="305,147,273,265" step="2"/><W15/><G126/><T68/><D125/><U53/><E133/><V77/><F77/><W43/><G79/><T2/><D124/><U51/><E118/><V5/><F5/><W83/><G83/><T105/><D128/><U37/><E37/><V41/><F41/><W4/><G43/><T109/><D109/><U99/><E38/><V93/><F93/><W113/><G113/><T32/><D92/><N who="1" m="56711" /><E42/><V65/><F65/><W11/><G1/><T18/><D2/><U96/><E54/><V30/><F30/><W103/><G103/><T20/><D55/><U59/><E12/><V90/><F90/><W29/><G29/><T120/><D28/><U45/><E45/><V132/><F132/><W63/><AGARI ba="2,1" hai="4,6,8,11,13,15,52,57,63,72,74" m="41513" machi="63" ten="30,6000,0" yaku="14,1,10,1,54,1" doraHai="94" who="3" fromWho="3" sc="305,-22,147,-22,273,-22,265,76" /><INIT seed="3,3,0,1,5,24" ten="283,125,251,341" oya="3" hai0="8,29,50,1,120,11,31,130,58,124,0,114,14" hai1="5,117,46,80,68,118,86,85,37,81,55,57,105" hai2="126,60,19,135,7,113,98,10,131,129,4,116,51" hai3="3,82,88,74,34,77,70,109,125,71,65,132,36"/><W56/><G3/><T87/><D120/><U39/><E105/><V20/><F98/><W63/><G132/><T121/><D121/><U108/><E108/><V49/><F113/><W43/><G109/><T54/><D114/><U16/><E68/><V119/><F60/><W22/><G34/><T21/><D130/><N who="2" m="49674" /><F126/><W95/><G125/><T72/><D72/><U112/><E5/><N who="2" m="2123" /><F10/><N who="0" m="3626" /><D0/><U91/><E112/><V48/><F135/><W32/><G32/><T106/><D106/><U25/><E46/><V122/><F122/><W102/><G102/><T33/><D33/><U52/><E57/><V66/><F66/><W30/><G43/><T123/><D1/><U12/><E25/><AGARI ba="3,0" hai="19,20,25,48,49,51,116,119" m="2123,49674" machi="25" ten="30,1000,0" yaku="19,1" doraHai="24" who="2" fromWho="1" sc="283,0,125,-19,251,19,341,0" /><INIT seed="4,0,0,5,2,48" ten="283,106,270,341" oya="0" hai0="124,7,89,11,16,6,97,51,91,67,63,80,41" hai1="62,8,21,131,93,82,0,113,75,85,77,134,92" hai2="3,4,86,94,70,52,49,42,13,5,68,118,116" hai3="74,128,96,25,22,37,36,105,1,126,24,39,12"/><T110/><D124/><U104/><E131/><V14/><F42/><W40/><G1/><T107/><D110/><U9/><E134/><V17/><F14/><W65/><G126/><T59/><D107/><U29/><E104/><V69/><F94/><W83/><G128/><T95/><D80/><U44/><E0/><V66/><F86/><W35/><G40/><T90/><D41/><U106/><E106/><V123/><F66/><W58/><G12/><N who="0" m="7199" /><D51/><U99/><E113/><V101/><F101/><AGARI ba="0,0" hai="6,7,59,63,67,89,90,91,95,97,101" m="7199" machi="101" ten="30,2900,0" yaku="8,1,54,1" doraHai="48" who="0" fromWho="2" sc="283,29,106,0,270,-29,341,0" /><INIT seed="4,1,0,5,5,4" ten="312,106,241,341" oya="0" hai0="19,80,129,115,123,122,25,77,23,82,99,85,11" hai1="70,33,59,116,121,53,54,88,7,67,60,20,28" hai2="79,45,17,78,83,38,66,111,47,76,84,87,36" hai3="124,41,8,5,18,71,68,49,75,27,3,103,91"/><T118/><D118/><U106/><E116/><V92/><F66/><W43/><G75/><T128/><D115/><U37/><E121/><V31/><F31/><W64/><G103/><T97/><D82/><U114/><E106/><V132/><F111/><W105/><G105/><T98/><REACH who="0" step="1"/><D11/><REACH who="0" ten="302,106,241,341" step="2"/><U2/><E114/><V61/><F83/><W16/><G8/><T108/><D108/><U81/><E33/><V42/><F76/><W14/><G124/><T120/><AGARI ba="1,1" hai="19,23,25,77,80,85,97,98,99,120,122,123,128,129" machi="120" ten="40,3900,0" yaku="1,1,0,1,53,0" doraHai="4" doraHaiUra="90" who="0" fromWho="0" sc="302,52,106,-14,241,-14,341,-14" /><INIT seed="4,2,0,2,1,29" ten="354,92,227,327" oya="0" hai0="134,38,44,26,92,12,110,71,4,106,103,75,91" hai1="30,105,45,66,31,93,41,58,33,67,47,94,65" hai2="114,77,10,72,34,24,79,52,123,127,53,117,113" hai3="7,2,99,68,46,8,27,13,15,39,90,61,96"/><T130/><D75/><U17/><E105/><V126/><F123/><W43/><G27/><T85/><D130/><U1/><E1/><V28/><F117/><W100/><G90/><T22/><D134/><U112/><E112/><N who="2" m="43115" /><F10/><W11/><G2/><T48/><D38/><U62/><E17/><V57/><F53/><W118/><G118/><T89/><D71/><U78/><E78/><N who="2" m="29707" /><F72/><W83/><G83/><T49/><D110/><U101/><E45/><V64/><F64/><W111/><G111/><T21/><D106/><U14/><E14/><V120/><F120/><W95/><G68/><T86/><D103/><U121/><E101/><V70/><F70/><W18/><G61/><AGARI ba="2,0" hai="24,28,34,52,57,61,126,127" m="29707,43115" machi="61" ten="30,3900,0" yaku="15,1,52,1,54,1" doraHai="29" who="2" fromWho="3" sc="354,0,92,0,227,45,327,-45" /><INIT seed="5,0,0,0,3,61" ten="354,92,272,282" oya="1" hai0="116,57,30,125,82,98,94,90,39,59,129,2,9" hai1="83,96,122,70,36,99,79,3,134,104,133,75,42" hai2="60,87,73,49,4,52,46,44,86,119,111,0,74" hai3="18,45,102,78,50,26,100,88,77,103,92,58,34"/><U106/><E3/><V38/><F119/><W55/><G34/><T131/><D116/><U93/><E36/><V127/><F111/><W40/><G26/><T11/><D39/><U1/><E1/><V114/><F127/><W107/><G18/><T128/><D125/><U118/><E70/><V130/><F130/><W56/><G107/><N who="1" m="41002" /><E42/><V48/><F114/><W21/><G21/><T35/><D82/><U33/><E33/><V53/><F38/><W115/><G115/><T63/><D2/><U31/><E31/><V37/><F37/><W64/><G64/><N who="0" m="39023" /><D59/><N who="3" m="22569" /><G40/><T97/><D97/><AGARI ba="0,0" hai="45,50,55,77,78,88,92,97,100,102,103" m="22569" machi="97" ten="30,2000,0" yaku="8,1,54,1" doraHai="61" who="3" fromWho="0" sc="354,-20,92,0,272,0,282,20" /><INIT seed="6,0,0,4,4,129" ten="334,92,272,302" oya="2" hai0="87,64,90,134,51,98,105,58,91,32,30,44,31" hai1="43,6,29,131,72,21,39,117,0,57,109,126,82" hai2="83,84,13,115,48,49,54,114,40,75,4,24,14" hai3="127,59,128,100,112,27,65,28,123,88,11,120,36"/><V85/><F75/><W107/><G36/><T110/><D110/><U52/><E109/><V26/><F40/><W111/><G111/><T78/><D32/><U1/><E117/><V80/><F54/><W18/><G128/><T81/><D134/><U10/><E126/><V73/><F73/><W121/><G100/><T35/><D35/><U15/><E131/><V61/><F61/><W63/><G107/><T17/><D105/><U92/><E92/><V97/><F97/><W95/><G127/><T12/><D58/><U25/><E43/><V94/><F94/><W89/><G112/><T68/><D68/><U53/><E39/><V122/><REACH who="2" step="1"/><F4/><REACH who="2" ten="334,92,262,302" step="2"/><W38/><G95/><N who="0" m="56695" /><D64/><U47/><E47/><V7/><F7/><W106/><G106/><T69/><D69/><U130/><E130/><V113/><F113/><W101/><G120/><AGARI ba="0,1" hai="13,14,24,26,48,49,80,83,84,85,114,115,120,122" machi="120" ten="25,4800,0" yaku="1,1,22,2,53,0" doraHai="129" doraHaiUra="60" who="2" fromWho="3" sc="334,0,92,0,262,58,302,-48" /><INIT seed="6,1,0,1,4,122" ten="334,92,320,254" oya="2" hai0="78,102,43,109,77,14,21,110,95,118,100,97,13" hai1="36,80,9,62,27,61,94,12,103,104,116,98,11" hai2="46,60,53,106,6,114,81,69,63,26,75,68,83" hai3="134,91,3,31,25,54,125,87,72,89,17,34,66"/><V101/><F114/><W105/><G72/><T79/><D118/><U57/><E116/><V47/><F6/><W44/><G3/><T124/><D124/><U32/><E36/><V8/><F8/><W55/><G125/><T112/><D112/><U42/><E42/><V133/><F26/><W35/><G105/><T24/><D43/><U126/><E126/><V64/><F101/><W15/><G134/><T67/><D67/><U88/><E80/><V29/><F29/><W5/><G5/><T71/><D71/><U19/><E11/><V76/><F53/><W30/><G66/><T41/><D41/><U131/><E131/><V120/><F64/><W82/><G44/><T117/><D102/><U7/><E57/><V107/><F76/><W39/><G39/><T123/><D123/><U130/><E130/><V50/><F50/><W90/><G31/><T85/><D85/><U127/><E127/><V52/><F52/><W65/><G35/><T40/><D40/><U74/><E74/><V128/><F75/><W84/><G65/><T135/><D135/><U18/><E18/><V20/><F128/><W45/><G45/><T49/><D49/><U0/><E27/><V119/><F119/><W48/><G48/><T111/><REACH who="0" step="1"/><D117/><REACH who="0" ten="324,92,320,254" step="2"/><U86/><E103/><V121/><F133/><W16/><G87/><T59/><D59/><U38/><E86/><V115/><F115/><W96/><G84/><T70/><D70/><U2/><E38/><V33/><F121/><W10/><G55/><T129/><D129/><U23/><E62/><V73/><F120/><W4/><G54/><RYUUKYOKU ba="1,1" sc="324,30,92,-10,320,-10,254,-10" hai0="13,14,21,24,77,78,79,95,97,100,109,110,111" /><INIT seed="7,2,1,5,2,12" ten="354,82,310,244" oya="3" hai0="2,69,68,54,16,66,91,115,129,76,82,34,134" hai1="71,33,109,89,37,80,8,124,21,112,119,77,90" hai2="24,53,87,113,43,27,13,120,51,35,74,127,55" hai3="108,95,9,81,116,15,78,59,10,96,102,41,97"/><W99/><G116/><T5/><D34/><U100/><E71/><V88/><F74/><W72/><G108/><T111/><D111/><U85/><E37/><V42/><F35/><W114/><G114/><T83/><D115/><U23/><E112/><V84/><F113/><W31/><G31/><T48/><D134/><U75/><E33/><V52/><F127/><W56/><G41/><N who="2" m="15369" /><F120/><W28/><G28/><T70/><D129/><U14/><E109/><V32/><F32/><W50/><G10/><T125/><D5/><U118/><E124/><V128/><F128/><W107/><G50/><T0/><D66/><U64/><E64/><V19/><F51/><W103/><REACH who="3" step="1"/><G96/><REACH who="3" ten="354,82,310,234" step="2"/><T92/><D125/><U38/><E38/><V29/><F29/><W73/><G73/><T26/><D48/><U3/><E75/><V62/><F62/><W131/><G131/><T39/><D39/><U67/><E119/><V63/><F63/><W30/><G30/><T7/><D0/><U17/><E3/><V40/><F40/><W122/><G122/><T4/><D2/><U117/><E118/><V106/><F87/><W58/><G58/><T86/><D86/><U47/><E117/><V61/><F61/><W25/><G25/><T105/><D26/><U60/><E47/><V18/><F27/><W135/><G135/><T130/><D130/><U79/><E60/><V98/><F24/><W46/><G46/><T123/><D70/><U49/><E49/><V101/><F13/><W126/><G126/><T65/><D69/><U93/><E67/><V110/><F110/><W45/><G45/><RYUUKYOKU ba="2,2" sc="354,-15,82,-15,310,15,234,15" hai2="18,19,52,53,55,84,88,98,101,106" hai3="9,15,56,59,72,78,81,95,97,99,102,103,107" /><INIT seed="7,3,2,2,5,129" ten="339,67,325,249" oya="3" hai0="132,55,65,43,116,8,90,58,85,5,21,56,95" hai1="133,34,0,103,99,111,47,115,66,29,42,60,87" hai2="18,81,54,11,67,92,46,9,41,35,89,62,36" hai3="2,130,124,83,108,68,78,98,50,25,1,7,134"/><W120/><G120/><T64/><D116/><U91/><E111/><V128/><F35/><W121/><G121/><T75/><D132/><U28/><E115/><V109/><F109/><W107/><G108/><T31/><D75/><U16/><E0/><V52/><F128/><W112/><G130/><T101/><D43/><U94/><E34/><V12/><F81/><W77/><G68/><T32/><D32/><U113/><E113/><V80/><F80/><W104/><G112/><T39/><D39/><U118/><E118/><V15/><F92/><W6/><G50/><T125/><D125/><U127/><E127/><V114/><F89/><W17/><G83/><T26/><D101/><U69/><E47/><V119/><F119/><W53/><G124/><T10/><D58/><U105/><E42/><V3/><F3/><W51/><G51/><N who="0" m="30847" /><D5/><U63/><E63/><V19/><F114/><W59/><G59/><AGARI ba="3,2" hai="9,11,12,15,18,19,36,41,46,52,54,59,62,67" machi="59" ten="30,3900,0" yaku="7,1,9,1,54,1" doraHai="129" who="2" fromWho="3" sc="339,0,67,0,325,68,249,-48" owari="339,13.9,67,-43.3,393,49.3,201,-19.9" /></mjloggm>