<mjloggm ver="2.3"><GO type="169" lobby="0"/><UN n0="%63%2E%63%2D%76%2E%76" n1="%E3%82%80%E3%81%97%E6%AD%AF" n2="%E3%81%9F%E3%81%8C%E3%82%84%E3%81%99" n3="%E7%91%9E%E5%8E%9F%E3%83%B4%E3%82%A1%E3%82%AE%E3%83%8A" dan="17,17,16,16" rate="2216.44,2150.04,2179.40,2051.20" sx="F,M,M,M"/><TAIKYOKU oya="0"/><INIT seed="0,0,0,1,3,133" ten="250,250,250,250" oya="0" hai0="78,71,75,24,83,85,46,105,113,129,1,76,108" hai1="96,89,99,26,80,7,19,61,109,88,132,90,110" hai2="51,57,115,122,23,112,47,64,101,134,67,97,131" hai3="53,18,77,95,104,21,25,54,27,48,56,65,8"/><T119/><D119/><U39/><E39/><V14/><F14/><W60/><G104/><T28/><D113/><U3/><E132/><V20/><F134/><W73/><G73/><T36/><D129/><U86/><E7/><V117/><F122/><W45/><G77/><T63/><D105/><U9/><E3/><V127/><F131/><W114/><G114/><T111/><D1/><U106/><E61/><V98/><F51/><W92/><G8/><T4/><D4/><U128/><E128/><V74/><F57/><W37/><G37/><T70/><D78/><U52/><E52/><V118/><F47/><W68/><REACH who="3" step="1"/><G27/><REACH who="3" ten="250,250,250,240" step="2"/><T50/><D36/><U22/><E9/><V10/><F10/><W33/><G33/><T79/><D79/><N who="1" m="46367" /><E106/><V35/><F74/><W62/><AGARI ba="0,1" hai="18,21,25,45,48,53,54,56,60,62,65,68,92,95" machi="62" ten="20,2700,0" yaku="1,1,0,1,7,1,53,0" doraHai="133" doraHaiUra="93" who="3" fromWho="3" sc="250,-13,250,-7,250,-7,240,37" /><INIT seed="1,0,0,4,1,119" ten="237,243,243,277" oya="1" hai0="27,28,4,51,63,3,64,54,94,76,91,60,127" hai1="95,67,97,58,84,80,49,70,105,75,118,29,55" hai2="112,111,48,134,22,41,12,104,103,132,36,21,68" hai3="62,50,82,10,24,5,101,0,79,42,37,123,43"/><U14/><E118/><V9/><F36/><W98/><G50/><T18/><D127/><U93/><E105/><V65/><F103/><W109/><G109/><T69/><D76/><U99/><E75/><V113/><F104/><W115/><G115/><N who="2" m="44105" /><F65/><W47/><G43/><T110/><D3/><U35/><E35/><V131/><F68/><W56/><G24/><T34/><D4/><U30/><E70/><V7/><F48/><W96/><G101/><T11/><D110/><U57/><E14/><N who="2" m="5439" /><F41/><W20/><G20/><N who="2" m="7785" /><F111/><W8/><G8/><T87/><D11/><U26/><E26/><V92/><F92/><N who="1" m="35401" /><E58/><V13/><F131/><W17/><G17/><T2/><D18/><U108/><E67/><V129/><F129/><W90/><G90/><T40/><D64/><U116/><E116/><V16/><F13/><W33/><G56/><T66/><D69/><U81/><E108/><V52/><F52/><W61/><G62/><T135/><D66/><U86/><E86/><V19/><F19/><W107/><G61/><T1/><D40/><U77/><E81/><V59/><F59/><W106/><G106/><T74/><D74/><U126/><E126/><V124/><F124/><W15/><G15/><T39/><D39/><U125/><E125/><V128/><F128/><W89/><G107/><T117/><D117/><U45/><E57/><V88/><F88/><W31/><G89/><T73/><D73/><U130/><E130/><V44/><F44/><W72/><G96/><AGARI ba="0,0" hai="29,30,45,49,55,77,80,84,96,97,99" m="35401" machi="96" ten="30,1500,0" yaku="8,1" doraHai="119" who="1" fromWho="3" sc="237,0,243,15,243,0,277,-15" /><INIT seed="1,1,0,4,5,93" ten="237,258,243,262" oya="1" hai0="39,13,108,20,35,96,98,65,114,61,3,119,21" hai1="44,83,18,81,7,33,120,89,118,117,11,17,42" hai2="56,41,72,14,95,4,104,48,79,51,55,10,115" hai3="112,62,64,54,49,70,113,125,32,71,127,90,76"/><U25/><E120/><V46/><F104/><W45/><G32/><T106/><D114/><N who="3" m="44137" /><G90/><T66/><D119/><U22/><E33/><V29/><F115/><W94/><G94/><T126/><D3/><U129/><E129/><V12/><F29/><W69/><G76/><T57/><D39/><U27/><E117/><V40/><F72/><W101/><G101/><T130/><D106/><U74/><E118/><V91/><F79/><W28/><G28/><T73/><D73/><U6/><E74/><V60/><F14/><W24/><G24/><T100/><D100/><U15/><E27/><V110/><F110/><W123/><G123/><T1/><D1/><U116/><E116/><V86/><REACH who="2" step="1"/><F51/><REACH who="2" ten="237,258,233,262" step="2"/><W37/><G37/><T59/><D108/><U30/><E30/><V87/><F87/><W58/><AGARI ba="1,1" hai="45,49,54,58,62,64,69,70,71,125,127" m="44137" machi="58" ten="40,2700,0" yaku="34,2" doraHai="93" who="3" fromWho="3" sc="237,-8,258,-14,233,-8,262,40" /><INIT seed="2,0,0,4,4,52" ten="229,244,225,302" oya="2" hai0="34,49,78,12,6,108,68,51,69,23,75,42,107" hai1="10,126,0,58,120,124,46,16,33,61,41,26,86" hai2="27,1,114,94,2,15,36,112,13,121,38,9,116" hai3="65,81,134,54,45,87,128,84,59,32,103,106,8"/><V37/><F27/><W118/><G118/><T132/><D34/><U85/><E120/><V20/><F116/><W74/><G32/><T22/><D107/><U21/><E33/><V92/><F20/><W24/><G74/><T79/><D108/><U102/><E102/><V93/><F9/><W40/><G65/><T88/><D132/><U64/><E0/><V89/><F89/><W5/><G134/><T29/><D75/><U72/><E72/><V14/><REACH who="2" step="1"/><F121/><REACH who="2" ten="229,244,215,302" step="2"/><W104/><G24/><T110/><D88/><U95/><E10/><V123/><F123/><W99/><G8/><T48/><D23/><U80/><E80/><V125/><F125/><N who="1" m="48233" /><E95/><V55/><F55/><W133/><G54/><T117/><D22/><U82/><E82/><V47/><F47/><W31/><G45/><T67/><D117/><U30/><E30/><V122/><F122/><W44/><G31/><T35/><D29/><U127/><N who="1" m="48241" /><U91/><DORA hai="66" /><E91/><V119/><F119/><W101/><G44/><T11/><D11/><U56/><E56/><V28/><F28/><W76/><G59/><T50/><D35/><U129/><E129/><V135/><F135/><W19/><G81/><T25/><D78/><U131/><E131/><V7/><F7/><W109/><G5/><T3/><D79/><U4/><E4/><V18/><F18/><W60/><G19/><T53/><D6/><U39/><AGARI ba="0,1" hai="16,21,26,39,41,46,58,61,64,85,86" m="48241" machi="39" ten="40,5200,0" yaku="18,1,52,1,54,1" doraHai="52,66" who="1" fromWho="1" sc="229,-13,244,62,215,-26,302,-13" /><INIT seed="3,0,0,0,5,25" ten="216,306,189,289" oya="3" hai0="83,8,9,32,94,34,0,26,132,22,61,67,1" hai1="104,71,20,134,3,46,120,14,119,39,112,54,57" hai2="35,125,51,95,117,116,91,127,42,85,109,29,63" hai3="106,99,88,124,2,23,135,69,6,65,123,118,70"/><W111/><G118/><T43/><D43/><U44/><E120/><V40/><F63/><W10/><G123/><T84/><D132/><U49/><E3/><N who="0" m="1097" /><D94/><U13/><E112/><V89/><F109/><W52/><G135/><T114/><D84/><U62/><E134/><V122/><F122/><W15/><G111/><T33/><D61/><U110/><E110/><V28/><F35/><W133/><G133/><T73/><D67/><U17/><E104/><V41/><F51/><W30/><G124/><N who="2" m="47689" /><F91/><W76/><G76/><T36/><D83/><U11/><E119/><AGARI ba="0,0" hai="28,29,40,41,42,85,89,95,116,117,119" m="47689" machi="119" ten="40,5200,0" yaku="18,1,52,2" doraHai="25" who="2" fromWho="1" sc="216,0,306,-52,189,52,289,0" /><INIT seed="4,0,0,1,0,67" ten="216,254,241,289" oya="0" hai0="54,105,117,113,50,89,78,39,94,79,66,134,114" hai1="122,65,85,28,123,29,25,14,56,44,108,70,75" hai2="41,53,63,32,80,52,119,20,47,101,120,27,8" hai3="130,0,30,100,97,51,126,1,3,24,107,111,118"/><T91/><D117/><U46/><E108/><V103/><F32/><W58/><G111/><T48/><D105/><U86/><E70/><V72/><F120/><W55/><G118/><T104/><D104/><U60/><E75/><V90/><F119/><W112/><G112/><N who="0" m="43115" /><D39/><U81/><E122/><V98/><F8/><W124/><REACH who="3" step="1"/><G130/><REACH who="3" ten="216,254,241,279" step="2"/><T109/><D109/><U64/><E123/><V129/><F129/><W11/><G11/><T26/><D134/><U15/><E81/><V83/><F83/><W84/><G84/><N who="0" m="52519" /><D66/><U115/><E115/><V10/><F10/><W62/><G62/><T59/><D91/><U74/><E60/><V6/><F90/><W87/><G87/><T2/><D2/><U68/><E65/><V43/><F63/><W21/><AGARI ba="0,1" hai="0,1,3,21,24,30,51,55,58,97,100,107,124,126" machi="21" ten="40,2700,0" yaku="1,1,0,1,53,0" doraHai="67" doraHaiUra="61" who="3" fromWho="3" sc="216,-13,254,-7,241,-7,279,37" /><INIT seed="5,0,0,2,3,71" ten="203,247,234,316" oya="1" hai0="111,37,43,58,7,8,31,34,123,22,57,32,75" hai1="132,128,47,70,69,82,122,27,96,59,91,85,55" hai2="118,56,87,100,30,113,4,135,15,116,46,101,89" hai3="12,42,11,54,2,9,63,77,133,24,14,81,73"/><U19/><E122/><V49/><F30/><W127/><G127/><T134/><D111/><U3/><E3/><V129/><F135/><W64/><G133/><T18/><D134/><U97/><E132/><V119/><F56/><W67/><G24/><T52/><D123/><U117/><E117/><V76/><F129/><W21/><G21/><T36/><D75/><U44/><E128/><V84/><F76/><W114/><G114/><T0/><D43/><U109/><E109/><V6/><F113/><W107/><G107/><T50/><D57/><U88/><E70/><V105/><F105/><W94/><G94/><T110/><D110/><U115/><E69/><V103/><F15/><W38/><G54/><T86/><D86/><U40/><E115/><V79/><F79/><W124/><G124/><T53/><D53/><U131/><E131/><V121/><F121/><W23/><G23/><T83/><D83/><U130/><E130/><V17/><F17/><W106/><G106/><T62/><D62/><U65/><E65/><N who="3" m="25162" /><G63/><T39/><REACH who="0" step="1"/><D31/><REACH who="0" ten="193,247,234,316" step="2"/><U90/><E40/><V126/><F126/><W41/><G41/><T16/><D16/><U25/><E19/><V74/><F74/><W98/><G42/><T99/><D99/><N who="1" m="37963" /><E47/><V28/><F28/><W108/><G98/><T51/><D51/><N who="1" m="31231" /><E44/><V80/><F87/><W92/><G73/><T66/><D66/><U35/><E35/><V95/><F80/><W104/><G81/><T120/><D120/><U72/><E72/><V5/><F46/><W33/><G108/><T112/><D112/><U78/><AGARI ba="0,1" hai="25,27,78,82,85,88,90,91" m="31231,37963" machi="78" ten="30,3000,0" yaku="8,1,54,1" doraHai="71" who="1" fromWho="1" sc="193,-10,247,40,234,-10,316,-10" /><INIT seed="5,1,0,1,2,95" ten="183,287,224,306" oya="1" hai0="75,77,66,120,132,39,108,11,82,62,114,111,47" hai1="122,135,112,78,1,109,64,15,0,24,90,71,20" hai2="97,129,36,117,56,105,92,58,80,85,134,27,6" hai3="21,133,61,93,7,38,28,100,99,29,76,50,73"/><U18/><E122/><V70/><F70/><W123/><G123/><T98/><D120/><U94/><E112/><V14/><F117/><W130/><G38/><T46/><D114/><U91/><E135/><V65/><F36/><W9/><G133/><T121/><D132/><U33/><E109/><V52/><F105/><W86/><G73/><T16/><D121/><U127/><E127/><V5/><F134/><W19/><G61/><T55/><D47/><U96/><E78/><N who="2" m="46231" /><F129/><W31/><G130/><T22/><D11/><U88/><E71/><V72/><F72/><W40/><G40/><T110/><D39/><U69/><E69/><V106/><F106/><W49/><G86/><T17/><D22/><U23/><E64/><V45/><F27/><W51/><G76/><T79/><D79/><U101/><REACH who="1" step="1"/><E33/><REACH who="1" ten="183,277,224,306" step="2"/><V12/><F65/><W67/><G67/><T53/><D66/><U119/><E119/><V68/><F68/><W4/><REACH who="3" step="1"/><G9/><REACH who="3" ten="183,277,224,296" step="2"/><T63/><D108/><U104/><E104/><V89/><F58/><W42/><G42/><T60/><D110/><U125/><E125/><V8/><F45/><W126/><G126/><T118/><D111/><U54/><E54/><V44/><F44/><W25/><AGARI ba="1,2" hai="4,7,19,21,25,28,29,31,49,50,51,93,99,100" machi="25" ten="30,12000,2" yaku="1,1,0,1,8,1,52,1,53,3" doraHai="95" doraHaiUra="26" who="3" fromWho="3" sc="183,-31,277,-61,224,-31,296,143" /><INIT seed="6,0,0,3,3,104" ten="152,216,193,439" oya="2" hai0="34,66,63,80,60,15,86,134,81,58,78,7,50" hai1="68,76,108,49,127,101,33,8,18,53,4,45,79" hai2="88,39,29,132,64,25,42,120,114,92,19,10,115" hai3="40,89,36,109,47,54,31,75,116,82,129,90,97"/><V93/><F64/><W133/><G109/><T13/><D34/><U77/><E108/><V113/><F120/><W48/><G116/><T2/><D134/><U62/><E33/><V124/><F132/><W0/><G0/><T9/><D50/><U21/><E127/><V65/><F65/><W107/><G31/><T67/><REACH who="0" step="1"/><D81/><REACH who="0" ten="142,216,193,439" step="2"/><U23/><E49/><V95/><F124/><W57/><G82/><T98/><D98/><U69/><E62/><V131/><F131/><W1/><G97/><T30/><D30/><U41/><E41/><V59/><F42/><W100/><G48/><T135/><D135/><U118/><E118/><V106/><F39/><W17/><G129/><T70/><AGARI ba="0,1" hai="2,7,9,13,15,58,60,63,66,67,70,78,80,86" machi="70" ten="20,5200,0" yaku="1,1,0,1,7,1,53,1" doraHai="104" doraHaiUra="35" who="0" fromWho="0" sc="142,62,216,-13,193,-26,439,-13" /><INIT seed="7,0,0,0,3,133" ten="204,203,167,426" oya="3" hai0="68,135,39,63,1,78,45,90,10,98,111,3,51" hai1="50,86,32,103,58,21,112,109,35,19,25,74,96" hai2="129,108,93,14,38,118,72,47,126,4,49,106,117" hai3="100,124,48,0,56,125,77,28,120,82,23,89,9"/><W26/><G89/><T43/><D111/><U113/><E74/><V12/><F106/><W76/><G100/><T41/><D135/><U104/><E109/><V123/><F108/><W11/><G0/><T87/><D43/><U65/><E86/><V33/><F38/><W37/><G37/><T84/><D39/><U99/><E99/><V16/><F33/><W130/><G130/><T69/><D69/><U92/><E104/><V75/><F129/><W20/><G20/><T7/><D3/><U57/><E57/><V101/><F123/><W62/><G48/><T127/><D127/><N who="3" m="48713" /><G77/><T66/><D78/><U132/><E132/><V31/><F126/><W2/><G2/><T30/><D90/><U27/><E50/><V105/><F105/><W110/><G120/><T80/><D51/><U54/><E35/><V85/><F31/><W24/><G24/><T119/><D30/><U52/><E27/><V71/><F71/><W17/><G17/><T128/><D68/><U22/><E22/><N who="2" m="11527" /><F101/><W55/><G110/><T46/><D1/><U59/><E32/><V29/><F29/><W81/><G81/><T36/><D80/><U116/><E25/><V6/><F85/><AGARI ba="0,0" hai="9,11,23,26,28,55,56,62,76,82,85" m="48713" machi="85" ten="30,11600,0" yaku="18,1,52,3" doraHai="133" who="3" fromWho="2" sc="204,0,203,0,167,-116,426,116" owari="204,0.4,203,-19.7,51,-44.9,542,64.2" /></mjloggm>