<mjloggm ver="2.3"><GO type="169" lobby="0"/><UN n0="%E3%81%97%E3%82%82%E3%82%93%E3%81%AC" n1="%E5%A4%A7%E5%9E%8B%E7%8A%AC" n2="%40%77%61%6B%61" n3="%E3%81%9B%E3%81%A9%E3%81%AA%E3%82%8A%E3%81%82%E3%82%93" dan="16,16,16,17" rate="2156.44,2104.68,2063.04,2197.94" sx="M,M,M,F"/><TAIKYOKU oya="0"/><INIT seed="0,0,0,3,1,70" ten="250,250,250,250" oya="0" hai0="111,127,19,0,45,117,51,48,22,104,114,93,25" hai1="72,128,124,90,101,123,100,29,37,6,131,14,3" hai2="52,20,106,135,30,85,23,83,61,9,46,80,55" hai3="36,122,88,132,99,27,113,44,38,78,24,133,102"/><T75/><D114/><U82/><E123/><V33/><F106/><W59/><G113/><T107/><D117/><U98/><E3/><V57/><F135/><N who="3" m="51787" /><G78/><T42/><D127/><U69/><E69/><V120/><F120/><W5/><G5/><T73/><D0/><U28/><E124/><V56/><F46/><W62/><G122/><T66/><D111/><U89/><E14/><V8/><F33/><W79/><G79/><T68/><D107/><U71/><E71/><V15/><F30/><W77/><G77/><T103/><D104/><U10/><E6/><V32/><F32/><W21/><G44/><T121/><D121/><U112/><E112/><V76/><F80/><W7/><G7/><T87/><D48/><U97/><E82/><V17/><REACH who="2" step="1"/><F20/><REACH who="2" ten="250,250,240,250" step="2"/><W95/><G102/><T81/><D103/><U118/><E101/><V126/><F126/><W63/><G63/><AGARI ba="0,1" hai="8,9,15,17,23,52,55,56,57,61,63,76,83,85" machi="63" ten="30,12000,2" yaku="1,1,7,1,9,1,8,1,54,1,53,1" doraHai="70" doraHaiUra="13" who="2" fromWho="3" sc="250,0,250,0,240,130,250,-120" /><INIT seed="1,0,0,3,1,73" ten="250,250,370,130" oya="1" hai0="61,33,101,31,72,54,83,58,34,87,3,16,18" hai1="43,106,112,46,13,7,132,60,44,118,68,88,64" hai2="20,113,51,110,71,19,79,23,10,56,115,107,76" hai3="119,2,128,117,47,14,122,41,62,93,89,52,130"/><U57/><E112/><N who="2" m="43083" /><F71/><W49/><G2/><T127/><D127/><U37/><E118/><N who="3" m="45066" /><G14/><T125/><D125/><U69/><E106/><V1/><F107/><W94/><G89/><T29/><D3/><U86/><E132/><V103/><F103/><W22/><G22/><N who="2" m="8233" /><F110/><W100/><G100/><T5/><D5/><U40/><E13/><N who="2" m="7607" /><F1/><W135/><G135/><T55/><D72/><U91/><E7/><V25/><F25/><W17/><G17/><N who="0" m="6763" /><D101/><U12/><E12/><V63/><F51/><W27/><G27/><T53/><D34/><U102/><E102/><V97/><F97/><W104/><G104/><T105/><D33/><U59/><E69/><V48/><F48/><W131/><G122/><T70/><D70/><U120/><E120/><V28/><F28/><N who="0" m="10826" /><D105/><U124/><E124/><V111/><F111/><W65/><G41/><T15/><D15/><U90/><REACH who="1" step="1"/><E86/><REACH who="1" ten="250,240,370,130" step="2"/><V109/><F109/><W36/><G36/><AGARI ba="0,1" hai="36,37,40,43,44,46,57,59,60,64,68,88,90,91" machi="36" ten="40,12000,1" yaku="1,1,2,1,9,1,54,1,53,0" doraHai="73" doraHaiUra="30" who="1" fromWho="3" sc="250,0,240,130,370,0,130,-120" /><INIT seed="1,1,0,5,2,31" ten="250,370,370,10" oya="1" hai0="104,115,101,106,6,36,110,69,15,70,9,44,123" hai1="83,134,73,76,128,24,11,25,37,62,48,38,135" hai2="52,22,55,125,8,66,3,59,127,129,14,18,7" hai3="116,130,102,1,117,53,126,81,28,86,30,105,84"/><U99/><E128/><V49/><F129/><W10/><G130/><T111/><D115/><U72/><E72/><V88/><F66/><W93/><G105/><N who="0" m="40555" /><D101/><U61/><E48/><V39/><F39/><N who="1" m="14857" /><E99/><V65/><F65/><W92/><G53/><T89/><D89/><U87/><E87/><N who="3" m="33322" /><G81/><T27/><D27/><N who="1" m="10315" /><E11/><V41/><F41/><W4/><G126/><N who="2" m="48137" /><F55/><W79/><G79/><T16/><D6/><U91/><E91/><AGARI ba="1,0" hai="3,7,8,14,18,22,49,52,59,88,91" m="48137" machi="91" ten="30,3900,0" yaku="18,1,54,2" doraHai="31" who="2" fromWho="1" sc="250,0,370,-42,370,42,10,0" /><INIT seed="2,0,0,0,2,65" ten="250,328,412,10" oya="2" hai0="0,79,68,90,85,84,1,117,86,18,82,99,115" hai1="91,66,5,40,69,77,57,109,93,50,53,56,15" hai2="80,11,60,24,49,36,64,131,12,105,43,59,51" hai3="95,108,114,21,125,122,130,19,39,54,81,135,47"/><V129/><F105/><W46/><G122/><T88/><D115/><U6/><E109/><V73/><F24/><W100/><G108/><T8/><D117/><U126/><E126/><V98/><F98/><W89/><G114/><T104/><D68/><U34/><E34/><V103/><F103/><W35/><G35/><T127/><D127/><U87/><E40/><V71/><F73/><W7/><G125/><T9/><D18/><U32/><E32/><V76/><F76/><W10/><G130/><N who="2" m="49673" /><F80/><W28/><G28/><T96/><D104/><U16/><E69/><V58/><F12/><W123/><G123/><T132/><D132/><U120/><E77/><V20/><F20/><W14/><G135/><T107/><D107/><U3/><E3/><V22/><F22/><W119/><G119/><T111/><D111/><U92/><E92/><V106/><F11/><W102/><G81/><T4/><D79/><U2/><E2/><V48/><F106/><W94/><G39/><T67/><D84/><U61/><REACH who="1" step="1"/><E120/><REACH who="1" ten="250,318,412,10" step="2"/><V113/><F113/><W112/><G112/><T75/><D0/><U29/><E29/><V63/><F43/><W83/><G83/><T41/><D41/><U72/><E72/><V37/><F71/><W33/><G33/><T101/><D75/><U31/><E31/><V124/><F124/><W62/><G94/><T17/><D1/><U23/><AGARI ba="0,1" hai="5,6,15,16,23,50,53,56,57,61,66,87,91,93" machi="23" ten="20,16000,3" yaku="1,1,0,1,7,1,25,2,8,1,54,1,53,1" doraHai="65" doraHaiUra="44" who="1" fromWho="1" sc="250,-40,318,170,412,-80,10,-40" owari="210,-19.0,488,58.8,332,13.2,-30,-53.0" /></mjloggm>