<mjloggm ver="2.3"><GO type="169" lobby="0"/><UN n0="%72%61%79%2A%6B%77%6B%6D" n1="%E3%82%80%E3%81%97%E6%AD%AF" n2="%E8%A1%A8%E7%A4%BA%E4%BE%A1%E6%A0%BC%E3%82%88%E3%82%8A%E5%8D%8A%E9%A1%8D" n3="%70%6F%6E%2D%65%6E" dan="16,17,16,16" rate="2084.13,2155.35,2064.38,2177.92" sx="F,M,M,F"/><TAIKYOKU oya="0"/><INIT seed="0,0,0,3,1,3" ten="250,250,250,250" oya="0" hai0="76,90,4,5,27,61,131,58,64,91,93,135,37" hai1="98,116,69,133,129,44,2,13,60,49,48,87,114" hai2="120,8,42,20,21,57,126,85,73,67,68,40,86" hai3="25,101,128,83,106,96,28,123,0,74,26,45,9"/><T80/><D37/><U110/><E2/><V71/><F73/><W102/><G128/><T31/><D131/><U75/><E75/><V109/><F126/><W53/><G123/><T125/><D125/><U111/><E87/><V36/><F109/><N who="1" m="41481" /><E98/><V127/><F127/><W95/><G53/><T77/><D135/><U47/><E13/><V89/><F36/><W118/><G45/><T124/><D124/><U99/><E99/><V51/><F120/><W63/><G63/><T108/><D108/><U70/><E129/><V10/><F67/><W132/><G118/><T15/><D15/><U22/><E22/><V82/><F57/><W66/><G66/><T11/><D11/><U84/><E84/><V62/><F62/><W97/><G132/><T12/><D12/><U33/><E33/><V115/><F51/><W24/><G83/><T52/><D64/><N who="1" m="41095" /><E133/><V56/><F89/><W134/><G74/><T32/><D91/><U88/><E88/><V72/><F72/><W6/><REACH who="3" step="1"/><G134/><REACH who="3" ten="250,250,250,240" step="2"/><T78/><REACH who="0" step="1"/><D80/><REACH who="0" ten="240,250,250,240" step="2"/><U43/><E116/><V65/><F82/><W23/><AGARI ba="0,2" hai="0,6,9,23,24,25,26,28,95,96,97,101,102,106" machi="23" ten="20,8000,1" yaku="1,1,2,1,0,1,7,1,52,1,53,0" doraHai="3" doraHaiUra="79" who="3" fromWho="3" sc="240,-40,250,-20,250,-20,240,100" /><INIT seed="1,0,0,2,1,55" ten="200,230,230,340" oya="1" hai0="106,35,115,86,58,10,102,42,100,61,62,57,54" hai1="19,110,78,64,66,74,114,79,52,11,109,121,111" hai2="17,4,36,1,117,85,14,92,43,30,15,34,49" hai3="46,87,5,56,77,22,131,38,39,96,112,99,122"/><U16/><E114/><V135/><F36/><W72/><G112/><T81/><D115/><U129/><E121/><V133/><F117/><W97/><G122/><T24/><D42/><U28/><E28/><V27/><F43/><W104/><G131/><T44/><D44/><U113/><E113/><V20/><F49/><W13/><G72/><T29/><D10/><U101/><E101/><V91/><F15/><W98/><G46/><T127/><D127/><U7/><E129/><V125/><F125/><W18/><G5/><T45/><D45/><U59/><E74/><V124/><F124/><W40/><G40/><T82/><D106/><U23/><E66/><V9/><AGARI ba="0,0" hai="1,4,9,14,17,20,27,30,34,85,91,92,133,135" machi="9" ten="30,4000,0" yaku="0,1,24,2" doraHai="55" who="2" fromWho="2" sc="200,-10,230,-20,230,40,340,-10" /><INIT seed="2,0,0,5,4,81" ten="190,210,270,330" oya="2" hai0="2,122,19,88,5,124,31,8,41,121,6,32,57" hai1="47,131,29,53,84,107,85,50,52,0,90,51,130" hai2="49,18,56,80,87,14,36,79,69,70,100,116,34" hai3="58,30,60,103,72,35,40,99,135,89,43,42,11"/><V45/><F34/><W104/><G135/><T46/><D124/><U109/><E109/><V38/><F116/><W15/><G72/><T93/><D6/><U68/><E0/><V110/><F100/><W82/><G30/><T113/><D113/><U54/><E68/><V23/><F110/><W20/><G20/><T92/><D92/><U64/><E64/><V133/><F133/><W91/><G35/><T66/><D19/><U7/><E7/><V105/><F105/><W16/><REACH who="3" step="1"/><G82/><REACH who="3" ten="190,210,270,320" step="2"/><T63/><D31/><U67/><E29/><V118/><F118/><W102/><G102/><T126/><D32/><U111/><E111/><V65/><F70/><W3/><G3/><T129/><D126/><U127/><E127/><V123/><F69/><W117/><G117/><T95/><D129/><N who="1" m="49163" /><E107/><V128/><F128/><W97/><G97/><T77/><D95/><N who="1" m="54727" /><E85/><V25/><F123/><W71/><G71/><T96/><REACH who="0" step="1"/><D77/><REACH who="0" ten="180,210,270,320" step="2"/><U106/><E106/><V74/><F79/><W94/><G94/><T33/><D33/><U24/><E24/><V125/><F25/><W39/><G39/><AGARI ba="0,2" hai="2,5,8,39,41,46,57,63,66,88,93,96,121,122" machi="39" ten="30,3900,0" yaku="1,1,7,1,54,1,53,0" doraHai="81" doraHaiUra="48" who="0" fromWho="3" sc="180,59,210,0,270,0,320,-39" /><INIT seed="3,0,0,1,4,110" ten="239,210,270,281" oya="3" hai0="13,98,116,46,24,14,35,107,41,12,84,96,7" hai1="82,29,132,47,64,95,86,0,56,75,8,30,113" hai2="99,127,133,111,33,73,6,5,78,45,118,55,20" hai3="67,89,108,109,49,62,126,32,17,23,15,28,91"/><W48/><G126/><T54/><D116/><U120/><E120/><V79/><F111/><N who="3" m="42571" /><G28/><T10/><D54/><U123/><E123/><V60/><F33/><W39/><G39/><T88/><D35/><U18/><E75/><V22/><F118/><W50/><G32/><T106/><D24/><U77/><E132/><V43/><F133/><W131/><G131/><T101/><D98/><U83/><E83/><V34/><F34/><W70/><AGARI ba="0,0" hai="15,17,23,48,49,50,62,67,70,89,91" m="42571" machi="70" ten="30,3000,0" yaku="14,1,10,1" doraHai="110" who="3" fromWho="3" sc="239,-10,210,-10,270,-10,281,30" /><INIT seed="3,1,0,1,3,69" ten="229,200,260,311" oya="3" hai0="60,64,109,43,27,39,134,4,34,121,89,54,107" hai1="65,129,9,82,61,115,132,48,74,49,21,22,44" hai2="117,78,56,7,101,2,119,8,120,130,30,23,125" hai3="128,62,10,57,47,94,112,42,105,118,106,3,96"/><W18/><G112/><T108/><D107/><U71/><E115/><V29/><F101/><W102/><G118/><T81/><D121/><U12/><E129/><V111/><F78/><W36/><G128/><T17/><D4/><U13/><E132/><V91/><F130/><W55/><REACH who="3" step="1"/><G18/><REACH who="3" ten="229,200,260,301" step="2"/><T37/><D17/><U66/><E66/><V75/><F119/><W84/><G84/><T24/><D134/><U41/><E74/><V31/><F117/><W40/><G40/><T14/><D43/><U79/><E41/><V95/><F75/><W100/><G100/><T1/><D64/><U25/><E65/><V68/><F120/><W86/><G86/><T15/><D54/><U32/><E71/><V51/><F68/><W99/><G99/><T35/><D108/><U77/><E32/><V135/><F111/><W92/><G92/><T45/><D109/><U50/><E82/><V131/><F131/><W76/><G76/><T124/><D81/><U123/><E79/><V63/><F95/><W133/><G133/><T93/><D35/><U114/><E77/><V26/><F135/><W19/><G19/><T113/><D34/><U67/><E114/><V98/><F98/><W104/><G104/><T59/><D113/><U6/><E67/><V103/><F103/><W5/><AGARI ba="1,1" hai="3,5,10,36,42,47,55,57,62,94,96,102,105,106" machi="5" ten="30,6000,0" yaku="1,1,0,1,52,1,53,0" doraHai="69" doraHaiUra="126" who="3" fromWho="3" sc="229,-21,200,-21,260,-21,301,73" /><INIT seed="3,2,0,0,2,120" ten="208,179,239,374" oya="3" hai0="118,81,7,46,124,26,102,131,23,132,84,0,28" hai1="94,4,78,31,95,121,17,53,13,77,61,73,116" hai2="97,48,96,11,85,93,58,80,6,60,107,70,108" hai3="36,62,68,21,25,9,44,134,35,29,20,49,5"/><W129/><G129/><T63/><D118/><U99/><E121/><V91/><F70/><W88/><G134/><T30/><D131/><U22/><E116/><V3/><F107/><W57/><G36/><T100/><D132/><U18/><E73/><V115/><F115/><W106/><G68/><T119/><D119/><U33/><E4/><V10/><F10/><W19/><G106/><T69/><D124/><U32/><E31/><V133/><F133/><W41/><G19/><T59/><D69/><U67/><E53/><V74/><F74/><W110/><G110/><T109/><D46/><U122/><E122/><V117/><F117/><W54/><REACH who="3" step="1"/><G88/><REACH who="3" ten="208,179,239,364" step="2"/><T75/><D109/><U56/><E18/><V89/><F108/><W101/><G101/><T43/><D102/><U83/><E95/><V76/><F91/><W114/><G114/><T27/><D100/><U47/><E94/><V82/><F82/><W103/><G103/><T12/><D81/><U64/><E17/><V127/><F97/><W111/><G111/><T104/><D104/><U92/><E99/><V55/><REACH who="2" step="1"/><F127/><REACH who="2" ten="208,179,229,364" step="2"/><W66/><G66/><T98/><D98/><U123/><E67/><V37/><F37/><W45/><G45/><T42/><D75/><U65/><E64/><V105/><F105/><W1/><AGARI ba="2,2" hai="1,5,9,20,21,25,29,35,41,44,49,54,57,62" machi="1" ten="20,7800,0" yaku="1,1,0,1,7,1,53,1" doraHai="120" doraHaiUra="38" who="3" fromWho="3" sc="208,-28,179,-28,229,-28,364,104" /><INIT seed="3,3,0,2,0,14" ten="180,151,201,468" oya="3" hai0="3,23,4,12,27,127,95,59,89,93,128,49,117" hai1="134,15,96,111,126,7,58,38,33,47,64,41,55" hai2="105,121,85,118,68,1,30,124,78,21,6,65,29" hai3="94,37,2,131,20,108,80,71,76,120,91,66,81"/><W19/><G120/><T28/><D117/><U135/><E33/><V101/><F118/><W43/><G2/><T25/><D128/><U11/><E111/><V44/><F124/><W22/><G131/><T48/><D127/><U42/><E126/><V92/><F121/><W56/><G71/><T119/><D119/><U26/><E42/><V18/><F105/><W88/><G108/><T45/><D3/><U35/><E64/><V100/><F65/><W57/><G43/><T77/><D77/><U102/><E26/><V109/><F109/><W32/><G37/><T116/><D116/><U83/><E83/><V129/><F68/><W51/><G32/><T132/><D132/><U70/><E35/><V63/><F44/><W13/><G22/><T106/><D106/><U133/><E70/><V123/><F123/><W115/><G115/><T90/><D59/><U87/><E87/><V74/><F74/><W10/><G10/><N who="0" m="4167" /><D27/><U36/><E36/><V16/><F6/><W17/><G17/><T39/><D39/><U112/><E112/><V73/><F73/><W72/><G66/><T104/><D104/><U62/><E96/><N who="2" m="59399" /><F101/><AGARI ba="3,0" hai="7,11,15,38,41,47,55,58,62,101,102,133,134,135" machi="101" ten="40,1300,0" yaku="20,1" doraHai="14" who="1" fromWho="2" sc="180,0,151,22,201,-22,468,0" /><INIT seed="4,0,0,5,1,10" ten="180,173,179,468" oya="0" hai0="59,102,117,111,56,103,93,15,28,101,128,33,80" hai1="71,64,40,51,43,32,7,69,115,55,98,29,41" hai2="119,87,44,79,9,125,86,24,54,65,58,92,75" hai3="37,12,135,118,90,89,73,76,113,16,34,6,121"/><T60/><D117/><U62/><E7/><V100/><F119/><W83/><G118/><T91/><D128/><U52/><E98/><N who="2" m="59463" /><F75/><W95/><G113/><T114/><D114/><U97/><E97/><V99/><F99/><W0/><G135/><T85/><D111/><U124/><E32/><V88/><F65/><W45/><G121/><T21/><D33/><U106/><E106/><V35/><F35/><W46/><G34/><T120/><D120/><U72/><E72/><V123/><F123/><W81/><G81/><T20/><D59/><N who="1" m="36959" /><E29/><V61/><F44/><W11/><G95/><T26/><D80/><U63/><E115/><V5/><F125/><W134/><G134/><T57/><REACH who="0" step="1"/><D60/><REACH who="0" ten="170,173,179,468" step="2"/><U82/><E82/><N who="2" m="47455" /><F24/><W50/><G83/><T110/><D110/><U22/><E124/><V122/><F122/><W108/><G108/><T133/><D133/><U131/><E131/><V94/><F9/><W36/><G11/><T18/><AGARI ba="0,1" hai="15,18,20,21,26,28,56,57,85,91,93,101,102,103" machi="18" ten="30,11700,0" yaku="1,1,0,1,8,1,52,1,53,0" doraHai="10" doraHaiUra="127" who="0" fromWho="0" sc="170,127,173,-39,179,-39,468,-39" /><INIT seed="4,1,0,2,5,37" ten="297,134,140,429" oya="0" hai0="27,48,100,77,91,49,15,1,68,111,113,135,33" hai1="82,84,98,43,108,54,56,61,29,99,81,55,30" hai2="17,104,97,129,51,50,39,83,96,115,11,116,75" hai3="120,117,59,86,62,58,73,128,10,32,105,90,127"/><T103/><D1/><U122/><E108/><V2/><F115/><W52/><G117/><T106/><D68/><U19/><E122/><V67/><F129/><W26/><G127/><T21/><D113/><U131/><E131/><V88/><F116/><W71/><G71/><T126/><D126/><U102/><E19/><V130/><F39/><W5/><G105/><T95/><D135/><U47/><E55/><V57/><F130/><W64/><G73/><T18/><D77/><U24/><E84/><N who="2" m="50207" /><F104/><W7/><G128/><T92/><D106/><U12/><E12/><N who="2" m="7327" /><F75/><W22/><G10/><T16/><D111/><U53/><E53/><V110/><F110/><W124/><G32/><T3/><D3/><U9/><E9/><V93/><F2/><W28/><G120/><T14/><D33/><U60/><E60/><N who="2" m="38287" /><F97/><W70/><G70/><T134/><D134/><U38/><E99/><V85/><F85/><W63/><REACH who="3" step="1"/><G124/><REACH who="3" ten="297,134,140,419" step="2"/><T6/><D6/><U20/><REACH who="1" step="1"/><E30/><REACH who="1" ten="297,124,140,419" step="2"/><V35/><F35/><W36/><G36/><T45/><D14/><U34/><E34/><V133/><F133/><W13/><G13/><T0/><D0/><U123/><E123/><V121/><F121/><W94/><AGARI ba="1,2" hai="5,7,22,26,28,52,58,59,62,63,64,86,90,94" machi="94" ten="20,8000,1" yaku="1,1,0,1,7,1,8,1,54,1,53,0" doraHai="37" doraHaiUra="4" who="3" fromWho="3" sc="297,-41,124,-21,140,-21,419,103" /><INIT seed="5,0,0,4,2,76" ten="256,103,119,522" oya="1" hai0="30,109,107,72,80,100,11,135,66,81,17,88,86" hai1="87,7,20,52,79,84,93,126,25,111,0,32,103" hai2="45,28,131,39,116,70,104,43,62,112,67,12,9" hai3="122,34,120,125,101,115,37,123,31,113,95,19,41"/><U75/><E126/><V1/><F116/><W92/><G125/><T96/><D109/><U23/><E32/><V5/><F131/><W108/><G101/><T85/><D30/><U119/><E119/><V2/><F28/><W69/><G69/><T124/><D124/><U47/><E111/><V59/><F104/><W99/><G99/><T44/><D66/><U21/><E25/><V97/><F97/><W94/><G108/><T57/><D57/><U60/><E0/><V73/><F73/><W68/><G68/><T127/><D127/><U128/><E7/><V102/><F102/><W8/><G8/><T15/><D135/><U63/><E128/><V58/><F58/><W117/><G19/><T35/><D72/><U42/><E75/><V56/><F56/><W38/><G41/><T74/><D74/><U55/><E103/><V53/><REACH who="2" step="1"/><F112/><REACH who="2" ten="256,103,109,522" step="2"/><N who="3" m="43083" /><G117/><T90/><D44/><U65/><E87/><V71/><F71/><W82/><G31/><T106/><D35/><U78/><E65/><V133/><F133/><W26/><G34/><T48/><D48/><AGARI ba="0,1" hai="1,2,5,9,12,39,43,45,48,53,59,62,67,70" machi="48" ten="30,7700,0" yaku="1,1,7,1,24,2,53,0" doraHai="76" doraHaiUra="89" who="2" fromWho="0" sc="256,-77,103,0,109,87,522,0" /><INIT seed="6,0,0,4,0,32" ten="179,103,196,522" oya="2" hai0="65,112,7,67,125,62,122,37,45,75,20,89,51" hai1="114,52,93,107,77,0,135,48,9,81,21,86,78" hai2="118,30,117,110,111,57,109,97,24,101,116,12,129" hai3="55,131,127,6,33,40,134,80,39,54,36,70,94"/><V108/><N who="2" m="27648" /><DORA hai="26" /><V56/><F129/><W91/><G33/><T84/><D122/><U88/><E114/><V29/><F12/><W83/><G70/><T104/><D75/><U128/><E128/><V85/><F85/><W43/><G127/><T126/><D104/><U1/><E107/><N who="2" m="63919" /><F24/><W120/><G134/><T31/><D37/><U60/><E135/><V44/><F44/><W15/><G120/><T68/><D112/><U102/><E102/><V100/><F100/><W16/><G91/><T130/><D7/><U3/><E60/><V105/><F105/><W23/><G15/><T124/><D130/><U42/><E42/><V71/><F71/><W99/><G40/><T121/><D121/><U4/><E21/><V103/><F103/><W87/><G23/><T76/><D76/><U98/><E78/><V133/><F133/><W59/><G43/><T58/><D68/><U38/><E38/><V49/><F49/><W17/><G39/><T27/><D51/><U41/><E41/><V72/><F72/><W106/><G36/><T8/><D45/><AGARI ba="0,0" hai="0,1,3,4,9,45,48,52,77,81,86,88,93,98" machi="45" ten="30,12000,2" yaku="7,1,52,3,54,2" doraHai="32,26" who="1" fromWho="0" sc="179,-120,103,120,196,0,522,0" /><INIT seed="7,0,0,5,1,121" ten="59,223,196,522" oya="3" hai0="76,29,64,21,55,125,17,112,63,14,60,103,78" hai1="123,3,31,54,133,85,16,98,94,57,111,134,33" hai2="91,58,61,47,122,46,32,120,28,117,89,62,124" hai3="36,2,114,67,41,82,48,1,127,118,44,72,101"/><W96/><G114/><T115/><D125/><U39/><E123/><V22/><F124/><W74/><G118/><T45/><D115/><U73/><E73/><V70/><F22/><W99/><G127/><T56/><D112/><U66/><E111/><V51/><F28/><W30/><G30/><T5/><D5/><U84/><E39/><V20/><F20/><W65/><G48/><T119/><D119/><U126/><E3/><V43/><F117/><W37/><G37/><T90/><D103/><U132/><E66/><N who="2" m="41295" /><F32/><W52/><G52/><T83/><D29/><U8/><E126/><V113/><F89/><W131/><G131/><T80/><D63/><N who="1" m="36279" /><E31/><V86/><F91/><W4/><G99/><T88/><D64/><U71/><E33/><V6/><F6/><W50/><G50/><T0/><D0/><U24/><E71/><V40/><F86/><W129/><G129/><T9/><D9/><U87/><E24/><V13/><F13/><W23/><G23/><T75/><REACH who="0" step="1"/><D45/><REACH who="0" ten="49,223,196,522" step="2"/><U106/><E106/><V42/><F113/><W110/><G2/><T97/><D97/><U92/><E98/><V35/><F47/><W77/><G65/><T34/><D34/><U93/><E8/><V100/><F35/><W130/><G67/><T107/><D107/><U19/><AGARI ba="0,1" hai="16,19,84,85,87,92,93,94,132,133,134" m="36279" machi="19" ten="40,8000,1" yaku="29,2,20,1,54,1" doraHai="121" who="1" fromWho="1" sc="49,-20,223,90,196,-20,522,-40" owari="29,-47.1,313,11.3,176,-22.4,482,58.2" /></mjloggm>