<mjloggm ver="2.3"><GO type="169" lobby="0"/><UN n0="%E3%82%AB%E3%83%AB%E3%83%94%E3%82%B9%E3%82%B5%E3%83%AF%E3%83%BC" n1="%E3%81%BC%E3%82%93%E3%81%BC%E3%82%93" n2="%E3%81%A1%E3%82%83%E3%82%93%E3%81%AE%E3%81%B6" n3="%6B%61%74%65%72%69%6E%61" dan="17,16,17,16" rate="2222.12,2128.93,2142.64,2123.29" sx="M,M,M,M"/><TAIKYOKU oya="0"/><INIT seed="0,0,0,2,2,95" ten="250,250,250,250" oya="0" hai0="79,73,8,10,57,53,23,81,71,38,87,107,40" hai1="85,15,60,112,92,96,72,26,18,83,102,120,17" hai2="117,3,68,133,109,104,76,21,63,2,123,78,50" hai3="24,130,9,134,20,16,19,129,69,75,110,52,82"/><T61/><D107/><U64/><E120/><V43/><F123/><W51/><G69/><T66/><D23/><U93/><E72/><V114/><F114/><W41/><G110/><T94/><D73/><U65/><E112/><V4/><F109/><W31/><G134/><T119/><D94/><U108/><E108/><V70/><F21/><W5/><G41/><T0/><D0/><U77/><E26/><V115/><F115/><W106/><G106/><T128/><D128/><N who="3" m="49257" /><G82/><T97/><D97/><N who="1" m="59687" /><E60/><V103/><F63/><W29/><G29/><T90/><D79/><U99/><E18/><V125/><F70/><W55/><G55/><T49/><REACH who="0" step="1"/><D119/><REACH who="0" ten="240,250,250,250" step="2"/><U91/><E96/><V101/><F78/><W11/><G75/><T113/><D113/><U67/><E67/><V32/><F3/><N who="3" m="191" /><G11/><AGARI ba="0,1" hai="11,15,17,64,65,77,83,85,91,93,99" m="59687" machi="11" ten="30,3900,0" yaku="8,1,52,2" doraHai="95" who="1" fromWho="3" sc="240,0,250,49,250,0,250,-39" /><INIT seed="1,0,0,3,5,134" ten="240,299,250,211" oya="1" hai0="28,81,102,16,31,53,111,119,49,25,78,61,12" hai1="22,13,106,20,18,120,23,95,121,35,73,101,14" hai2="126,26,43,74,27,42,96,109,86,80,66,4,87" hai3="104,130,79,55,122,56,34,89,50,108,116,114,36"/><U93/><E73/><V32/><F74/><W10/><G122/><T133/><D111/><U99/><E35/><V88/><F109/><W63/><G114/><T82/><D133/><U128/><E128/><V54/><F32/><W123/><G123/><T45/><D119/><U125/><E120/><V132/><F132/><W11/><G108/><T117/><D117/><U38/><E38/><V47/><F66/><W46/><G36/><T98/><D61/><U67/><E121/><V85/><F4/><W30/><G116/><T70/><D70/><U103/><E67/><V44/><F54/><W64/><G104/><T75/><D81/><U51/><E106/><V39/><F126/><W135/><G135/><T110/><D25/><U90/><E125/><V71/><F71/><W5/><G130/><T0/><D0/><U68/><E68/><V59/><F59/><W8/><G79/><T33/><D33/><U24/><E103/><V21/><F96/><W84/><G30/><T107/><REACH who="0" step="1"/><D110/><REACH who="0" ten="230,299,250,211" step="2"/><U48/><E24/><V41/><F27/><W105/><G34/><T7/><D7/><U9/><REACH who="1" step="1"/><E13/><REACH who="1" ten="230,289,250,211" step="2"/><V94/><F26/><W15/><REACH who="3" step="1"/><G105/><REACH who="3" ten="230,289,250,201" step="2"/><T112/><D112/><U83/><E83/><AGARI ba="0,3" hai="5,8,10,11,15,46,50,55,56,63,64,83,84,89" machi="83" ten="30,8000,1" yaku="1,1,2,1,7,1,8,1,53,1" doraHai="134" doraHaiUra="58" who="3" fromWho="1" sc="230,0,289,-80,250,0,201,110" /><INIT seed="2,0,0,4,4,43" ten="230,209,250,311" oya="2" hai0="42,130,106,9,73,117,96,5,40,127,79,91,76" hai1="32,59,92,94,103,99,26,100,52,31,121,115,2" hai2="29,50,125,6,101,65,72,34,25,47,69,104,19" hai3="70,28,134,3,44,38,133,135,46,51,109,80,67"/><V85/><F125/><W58/><G3/><T61/><D127/><U11/><E115/><V83/><F6/><W102/><G109/><T113/><D113/><U112/><E112/><V81/><F72/><W124/><G124/><T56/><D130/><U20/><E121/><V75/><F75/><W97/><G28/><T116/><D42/><U33/><E11/><V64/><F19/><W95/><G38/><T54/><D40/><U17/><E31/><V60/><F65/><W108/><G108/><T21/><D21/><U77/><E77/><V126/><F85/><W129/><G129/><T68/><D68/><U86/><E2/><V37/><F37/><W93/><G93/><N who="0" m="56383" /><D106/><U14/><E26/><V82/><F126/><W23/><G23/><T90/><D90/><N who="1" m="53335" /><E103/><V88/><F88/><W132/><G132/><T18/><D18/><U63/><E33/><V122/><F122/><W105/><G105/><T111/><D73/><U57/><E57/><V1/><F1/><W35/><G35/><T98/><D98/><U0/><E0/><V55/><REACH who="2" step="1"/><F81/><REACH who="2" ten="230,209,240,311" step="2"/><W107/><G80/><T41/><D111/><U74/><E74/><V7/><F7/><W10/><G133/><T131/><D131/><U8/><E8/><V62/><F62/><N who="3" m="40311" /><G10/><T4/><D4/><U45/><E32/><V49/><F49/><W30/><G135/><T24/><D5/><U15/><E15/><V48/><F48/><W110/><G134/><T114/><D114/><U13/><E13/><V84/><F84/><W128/><G110/><T27/><D9/><U22/><E22/><V36/><F36/><RYUUKYOKU ba="0,1" sc="230,-15,209,15,240,15,311,-15" hai1="14,17,20,45,52,59,63,94,99,100" hai2="25,29,34,47,50,55,60,64,69,82,83,101,104" /><INIT seed="2,1,1,2,3,71" ten="215,224,255,296" oya="2" hai0="57,14,13,22,103,118,128,29,53,111,61,132,31" hai1="4,11,63,131,91,119,72,122,96,66,18,55,39" hai2="101,109,20,28,46,87,41,76,106,74,133,19,90" hai3="110,130,68,9,108,81,120,98,116,78,3,59,16"/><V104/><F133/><W89/><G116/><T52/><D132/><U127/><E72/><V36/><F28/><W24/><G120/><T100/><D118/><U0/><E119/><V117/><F117/><W107/><G68/><T113/><D111/><N who="3" m="42537" /><G130/><T112/><D22/><U97/><E131/><V34/><F34/><W47/><G59/><T2/><D128/><U30/><E30/><V1/><F109/><W6/><G47/><T124/><D57/><U84/><E55/><V82/><F101/><N who="3" m="62903" /><G89/><T64/><D61/><U134/><E134/><V80/><REACH who="2" step="1"/><F1/><REACH who="2" ten="215,224,245,296" step="2"/><W75/><G24/><AGARI ba="1,2" hai="19,20,24,36,41,46,74,76,80,82,87,90,104,106" machi="24" ten="30,11600,0" yaku="1,1,2,1,7,1,52,1,53,0" doraHai="71" doraHaiUra="7" who="2" fromWho="3" sc="215,0,224,0,245,139,296,-119" /><INIT seed="2,2,0,4,4,47" ten="215,224,384,177" oya="2" hai0="93,50,123,12,127,62,4,107,36,17,120,25,121" hai1="56,5,64,84,40,95,114,126,23,58,75,15,2" hai2="97,135,91,128,57,82,118,13,89,55,90,54,83" hai3="42,111,77,6,131,109,115,53,51,101,67,60,9"/><V46/><F118/><W66/><G101/><T122/><D36/><U88/><E75/><V94/><F128/><W52/><G77/><T71/><D107/><U79/><E79/><V108/><F135/><W28/><G28/><T72/><D72/><U35/><E35/><V113/><F113/><W86/><G86/><T69/><D121/><U61/><E114/><V44/><F108/><N who="3" m="41547" /><G115/><T117/><D117/><U130/><E130/><V11/><F83/><W24/><G24/><T100/><D25/><U31/><E126/><V112/><F112/><W38/><G131/><T78/><D78/><U102/><E40/><V132/><F132/><W133/><G133/><T20/><D100/><U3/><E5/><N who="2" m="3311" /><F55/><N who="3" m="21067" /><G38/><T129/><D129/><U32/><E58/><V26/><F26/><W116/><G60/><T14/><D62/><U48/><E32/><V74/><F74/><W34/><G34/><T73/><D73/><U33/><E33/><V105/><F105/><W99/><G99/><T22/><D122/><U41/><E102/><N who="2" m="60727" /><F82/><W119/><G119/><T10/><D93/><U49/><E31/><V134/><F134/><W59/><G59/><T92/><D92/><U106/><E106/><V19/><F19/><W7/><G7/><T103/><D17/><U70/><E70/><V80/><F80/><W76/><G76/><T16/><D16/><N who="1" m="10655" /><E41/><V21/><F21/><W65/><G116/><T110/><D110/><U63/><E63/><AGARI ba="2,0" hai="44,46,54,57,63,89,90,91" m="60727,3311" machi="63" ten="30,1500,0" yaku="8,1" doraHai="47" who="2" fromWho="1" sc="215,0,224,-21,384,21,177,0" /><INIT seed="2,3,0,1,3,125" ten="215,203,405,177" oya="2" hai0="53,15,21,39,81,121,118,58,0,114,31,2,6" hai1="49,46,130,43,92,57,34,45,47,90,91,119,48" hai2="13,35,133,112,66,65,52,128,61,86,87,10,12" hai3="51,5,38,18,22,36,113,76,120,109,124,129,74"/><V63/><F112/><W93/><G120/><T32/><D121/><U100/><E34/><V62/><F35/><W126/><G109/><T72/><D114/><U103/><E119/><V9/><F133/><W101/><G113/><T127/><D39/><U40/><E57/><V122/><F122/><W25/><G5/><T98/><D127/><N who="3" m="48681" /><G51/><T29/><D118/><U132/><E132/><V16/><F52/><W75/><G129/><T82/><D6/><U123/><E123/><V107/><F107/><W27/><G27/><T78/><D15/><U41/><E130/><V67/><REACH who="2" step="1"/><F128/><REACH who="2" ten="215,203,395,177" step="2"/><W134/><G134/><T33/><D53/><U88/><REACH who="1" step="1"/><E92/><REACH who="1" ten="215,193,395,177" step="2"/><V11/><F11/><W3/><G93/><T44/><D33/><U19/><E19/><AGARI ba="3,2" hai="9,10,12,13,16,19,61,62,63,65,66,67,86,87" machi="19" ten="40,12000,1" yaku="1,1,9,1,8,1,54,1,53,0" doraHai="125" doraHaiUra="99" who="2" fromWho="1" sc="215,0,193,-129,395,149,177,0" /><INIT seed="2,4,0,5,0,63" ten="215,64,544,177" oya="2" hai0="18,89,32,68,95,93,79,114,117,100,48,36,20" hai1="102,41,118,119,1,91,128,98,75,44,74,67,53" hai2="122,23,31,87,9,106,55,96,6,12,59,76,37" hai3="39,47,116,135,101,71,38,64,61,94,107,22,83"/><V115/><F122/><W4/><G116/><T7/><D114/><U69/><E1/><V46/><F115/><W49/><G107/><T13/><D36/><U104/><E128/><V60/><F87/><W54/><G135/><T33/><D68/><U72/><E53/><V85/><F96/><W5/><G22/><T15/><D117/><U103/><E91/><V112/><F106/><W29/><G29/><T43/><D79/><U30/><E103/><V134/><F112/><W77/><G101/><T130/><D130/><U40/><E40/><V66/><F134/><W97/><G39/><T17/><D7/><U34/><E44/><V25/><F37/><W126/><G38/><T92/><D100/><U28/><E28/><V132/><F132/><W125/><G94/><T129/><D129/><U127/><E41/><V27/><F27/><W35/><G97/><T99/><D32/><U120/><E120/><V121/><F121/><W8/><G35/><T24/><D33/><U113/><E113/><V123/><F123/><W110/><G110/><T111/><D24/><N who="1" m="18759" /><E127/><N who="3" m="48650" /><G8/><N who="0" m="6311" /><D111/><U80/><E80/><N who="2" m="47239" /><F46/><AGARI ba="4,0" hai="15,18,20,43,46,48,89,92,93,95,99" m="6311" machi="46" ten="30,1000,0" yaku="8,1" doraHai="63" who="0" fromWho="2" sc="215,22,64,0,544,-22,177,0" /><INIT seed="3,0,0,0,4,95" ten="237,64,522,177" oya="3" hai0="116,130,119,1,91,132,19,82,129,80,60,122,88" hai1="92,8,46,67,66,104,121,31,14,7,13,89,57" hai2="22,58,0,28,55,59,63,103,74,79,43,54,10" hai3="135,11,68,94,70,56,36,26,78,115,93,107,73"/><W27/><G115/><T53/><D1/><U41/><E104/><V111/><F111/><W84/><G107/><T64/><D53/><U3/><E121/><V87/><F43/><W6/><G36/><T113/><D19/><U76/><E76/><V127/><F127/><W118/><G118/><N who="0" m="45099" /><D60/><U131/><E131/><N who="0" m="50185" /><D64/><U25/><E57/><V65/><F74/><W52/><G135/><T24/><D24/><U106/><E106/><V120/><F103/><W17/><G70/><T47/><D47/><U18/><E3/><V86/><F79/><W35/><G68/><T126/><D122/><U9/><E25/><V110/><F120/><W117/><G117/><T98/><D126/><U102/><E102/><V32/><F110/><W96/><G17/><T128/><N who="0" m="50193" /><T81/><DORA hai="90" /><D113/><U5/><E18/><V44/><F44/><W133/><G133/><T109/><D109/><U125/><E31/><V39/><F39/><W71/><G71/><T42/><D42/><U45/><E125/><V112/><F32/><W83/><G35/><T114/><D114/><U72/><E72/><V21/><F65/><N who="1" m="24585" /><E41/><V37/><F37/><W12/><G56/><T38/><D38/><U2/><E2/><V15/><F112/><W50/><G50/><T108/><D108/><U105/><E105/><V77/><F28/><W99/><G52/><T100/><D132/><U51/><E51/><N who="2" m="31071" /><F0/><W124/><G124/><T49/><D49/><U85/><AGARI ba="0,0" hai="5,7,8,9,13,14,45,46,85,89,92" m="24585" machi="85" ten="30,2000,0" yaku="8,1,52,1" doraHai="95,90" who="1" fromWho="1" sc="237,-5,64,20,522,-5,177,-10" /><INIT seed="4,0,0,3,1,110" ten="232,84,517,167" oya="0" hai0="96,39,86,126,106,0,10,123,33,54,40,73,80" hai1="117,118,61,25,21,132,100,108,15,124,88,82,129" hai2="120,9,45,114,112,57,52,121,83,27,107,85,122" hai3="92,66,31,59,49,11,51,76,68,113,58,65,14"/><T19/><D123/><U46/><E108/><V37/><F107/><W13/><G68/><T84/><D33/><U28/><E124/><V18/><F37/><W91/><G76/><T63/><D126/><U111/><E111/><V41/><F41/><W6/><G31/><T102/><D54/><U70/><E129/><V109/><F109/><W8/><G113/><N who="2" m="43625" /><F45/><W16/><G59/><T42/><D63/><U135/><E100/><V119/><F119/><W24/><G24/><T89/><D39/><U98/><E46/><V94/><F94/><W50/><REACH who="3" step="1"/><G58/><REACH who="3" ten="232,84,517,157" step="2"/><T48/><D73/><U87/><E98/><AGARI ba="0,1" hai="6,8,11,13,14,16,49,50,51,65,66,91,92,98" machi="98" ten="40,12000,2" yaku="1,1,2,1,8,1,54,1,53,3" doraHai="110" doraHaiUra="44" who="3" fromWho="1" sc="232,0,84,-120,517,0,157,130" owari="232,-16.8,-36,-53.6,517,61.7,287,8.7" /></mjloggm>