<mjloggm ver="2.3"><GO type="169" lobby="0"/><UN n0="%E6%95%97%E5%8C%97%E8%80%85%E3%81%AD%E3%82%8B" n1="%E5%A4%A9%E3%81%8B%E3%81%91%E3%82%8B%E6%98%9F" n2="%E3%83%A8%E3%82%B7%E3%83%86%E3%83%AB%37%30%38" n3="%E3%81%9D%E3%82%93%E3%81%97%E6%A7%98" dan="17,16,16,17" rate="2175.98,2061.99,2082.96,2224.81" sx="F,M,M,M"/><TAIKYOKU oya="0"/><INIT seed="0,0,0,1,1,46" ten="250,250,250,250" oya="0" hai0="131,49,69,50,23,22,92,3,103,88,133,120,18" hai1="82,24,33,130,87,41,63,67,15,89,81,73,34" hai2="37,118,94,2,56,13,36,115,91,25,29,116,132" hai3="11,52,106,27,61,125,65,31,112,47,53,43,20"/><T16/><D120/><U74/><E130/><V109/><F2/><W113/><G125/><T100/><D69/><U135/><E135/><V96/><F115/><W19/><G106/><T107/><D3/><U66/><E41/><V62/><F13/><W80/><G113/><T51/><D107/><U4/><E67/><N who="2" m="39367" /><F109/><W54/><G112/><T1/><D1/><U126/><E126/><V10/><F10/><W71/><G80/><T64/><D64/><U79/><E74/><V55/><F55/><W30/><REACH who="3" step="1"/><G11/><REACH who="3" ten="250,250,250,240" step="2"/><T75/><D131/><U8/><REACH who="1" step="1"/><E24/><REACH who="1" ten="250,240,250,240" step="2"/><V9/><F132/><W119/><G119/><T83/><D133/><U58/><AGARI ba="0,2" hai="4,8,15,33,34,58,63,66,73,79,81,82,87,89" machi="58" ten="20,8000,1" yaku="1,1,2,1,0,1,7,1,53,1" doraHai="46" doraHaiUra="5" who="1" fromWho="1" sc="250,-40,240,100,250,-20,240,-20" /><INIT seed="1,0,0,3,1,96" ten="210,340,230,220" oya="1" hai0="47,59,98,123,64,111,55,17,110,32,74,16,81" hai1="48,39,97,40,126,66,11,85,117,73,121,77,0" hai2="79,53,19,28,103,129,21,118,92,119,105,33,76" hai3="107,26,36,30,130,91,46,38,35,95,72,18,24"/><U43/><E117/><V3/><F129/><W10/><G130/><T135/><D32/><U6/><E121/><V116/><F105/><W65/><G72/><T22/><D123/><U112/><E112/><V113/><F3/><W75/><G75/><T82/><D135/><U1/><E126/><V93/><F93/><W9/><G107/><T56/><D47/><U106/><E39/><V41/><F41/><W29/><G65/><T128/><D128/><U49/><E73/><V44/><F28/><W99/><G18/><T109/><D64/><U12/><E66/><V125/><F33/><W114/><G114/><T31/><D31/><U102/><E40/><V120/><F120/><W134/><G134/><T23/><D98/><U45/><E49/><N who="2" m="28839" /><F125/><W8/><REACH who="3" step="1"/><G46/><REACH who="3" ten="210,340,230,210" step="2"/><T14/><D74/><U115/><E115/><V54/><F113/><W84/><G84/><T78/><D78/><U42/><E42/><V27/><F79/><W68/><G68/><T13/><REACH who="0" step="1"/><D59/><REACH who="0" ten="200,340,230,210" step="2"/><U80/><AGARI ba="0,2" hai="0,1,6,11,12,43,45,48,77,80,85,97,102,106" machi="80" ten="30,11700,0" yaku="0,1,25,2,52,1" doraHai="96" who="1" fromWho="1" sc="200,-39,340,137,230,-39,210,-39" /><INIT seed="1,1,0,1,2,110" ten="161,477,191,171" oya="1" hai0="42,114,41,30,25,22,81,59,82,3,80,135,93" hai1="91,31,99,46,40,117,71,79,37,36,85,38,109" hai2="130,133,48,74,90,13,58,28,131,60,97,55,19" hai3="43,112,96,127,125,124,4,98,17,21,77,83,76"/><U113/><E117/><V62/><F74/><W16/><G4/><T15/><D135/><U116/><E116/><V73/><F73/><W70/><G70/><T49/><D3/><U61/><E109/><V2/><F2/><W120/><G120/><T86/><D114/><U12/><E79/><N who="3" m="30282" /><G83/><T126/><D126/><U11/><E31/><V52/><F28/><W92/><G43/><T51/><D15/><U103/><E113/><V105/><F133/><W106/><G112/><T128/><D128/><N who="2" m="49194" /><F55/><W20/><G106/><T53/><REACH who="0" step="1"/><D49/><REACH who="0" ten="151,477,191,171" step="2"/><U84/><E12/><V34/><F48/><W39/><G39/><T8/><D8/><U18/><E11/><V95/><F62/><W88/><G98/><T56/><D56/><U54/><E99/><V50/><F60/><W107/><G107/><T32/><D32/><U104/><E61/><V89/><F34/><W134/><G134/><T65/><D65/><U27/><E104/><V129/><F105/><W101/><G101/><T100/><D100/><U47/><E103/><N who="2" m="60863" /><F129/><W35/><G35/><T69/><D69/><U108/><E71/><V23/><AGARI ba="1,1" hai="13,19,23,50,52,58,89,90" m="60863,49194" machi="23" ten="30,2000,0" yaku="19,1,54,1" doraHai="110" who="2" fromWho="2" sc="151,-6,477,-11,191,33,171,-6" /><INIT seed="2,0,0,0,3,115" ten="145,466,224,165" oya="2" hai0="107,113,87,58,33,122,99,6,49,121,24,112,81" hai1="47,26,41,69,9,21,114,10,22,65,57,78,60" hai2="98,7,72,74,125,109,67,15,4,34,83,19,20" hai3="91,95,135,5,102,70,39,116,38,62,108,118,73"/><V32/><F125/><W52/><G73/><T97/><D6/><U16/><E114/><N who="0" m="44137" /><D49/><U96/><E78/><V89/><F67/><N who="3" m="41335" /><G91/><N who="0" m="51695" /><D58/><U23/><E69/><V103/><F89/><W130/><G95/><T93/><D24/><U27/><E96/><V124/><F124/><W134/><G102/><N who="0" m="62927" /><D33/><U44/><E23/><V18/><F83/><W104/><G104/><T66/><D66/><U101/><E101/><AGARI ba="0,0" hai="93,99,101,121,122" m="62927,51695,44137" machi="101" ten="30,2000,0" yaku="34,2" doraHai="115" who="0" fromWho="1" sc="145,20,466,-20,224,0,165,0" /><INIT seed="3,0,0,0,3,70" ten="165,446,224,165" oya="3" hai0="101,126,135,20,104,96,115,81,48,78,106,28,29" hai1="42,5,62,80,17,125,36,37,16,114,77,61,52" hai2="26,129,40,110,73,49,10,71,124,23,119,67,58" hai3="82,8,22,38,51,117,53,83,74,133,47,93,11"/><W102/><G117/><T1/><D1/><U69/><E114/><V25/><F73/><W18/><G133/><T68/><D68/><U86/><E5/><V76/><F76/><W132/><G132/><T94/><D135/><U13/><E125/><V123/><F124/><W91/><G102/><T39/><D126/><U14/><E69/><V113/><F113/><W6/><G38/><T79/><D39/><U33/><E33/><V130/><F119/><W128/><G128/><T111/><D111/><U121/><E121/><V9/><F110/><W4/><G74/><T89/><D115/><U50/><E42/><V97/><F97/><W122/><G122/><T63/><D63/><U45/><E61/><N who="2" m="38327" /><F71/><W120/><G120/><T12/><D48/><U127/><E62/><V112/><F26/><W59/><G47/><T3/><D3/><U131/><E131/><N who="2" m="50187" /><F112/><W92/><G92/><T21/><D78/><U90/><E77/><V31/><F123/><W84/><G4/><T35/><D35/><U64/><E64/><V95/><F95/><W43/><G43/><T88/><D106/><U55/><E55/><V27/><F27/><W2/><REACH who="3" step="1"/><G8/><REACH who="3" ten="165,446,224,155" step="2"/><T0/><D104/><U98/><E127/><V34/><F10/><W100/><G100/><T105/><D105/><U19/><E37/><V66/><F9/><W87/><G87/><N who="0" m="48575" /><D0/><U103/><REACH who="1" step="1"/><E36/><REACH who="1" ten="165,436,224,155" step="2"/><V118/><F118/><W30/><G30/><T109/><D109/><U107/><AGARI ba="0,2" hai="13,14,16,17,19,45,50,52,80,86,90,98,103,107" machi="107" ten="30,8000,1" yaku="1,1,2,1,0,1,54,2,53,0" doraHai="70" doraHaiUra="32" who="1" fromWho="1" sc="165,-20,436,100,224,-20,155,-40" /><INIT seed="4,0,0,5,0,60" ten="145,536,204,115" oya="0" hai0="46,81,85,92,90,125,37,43,23,22,89,32,131" hai1="36,86,58,77,72,49,66,30,99,44,29,34,97" hai2="28,9,104,132,119,33,25,75,0,102,105,1,126" hai3="54,93,50,14,94,83,2,135,122,52,69,12,63"/><T133/><D131/><U3/><E3/><V114/><F114/><W21/><G2/><T88/><D125/><U38/><E72/><V96/><F126/><W20/><G135/><T100/><D133/><U16/><E36/><V111/><F132/><W71/><G83/><T61/><D32/><U84/><E38/><V106/><F111/><W18/><G122/><T6/><D6/><U134/><E134/><V82/><F0/><W55/><G50/><T53/><D100/><U62/><E34/><V11/><F11/><W65/><G71/><T130/><D130/><U127/><E127/><V24/><F24/><W95/><REACH who="3" step="1"/><G12/><REACH who="3" ten="145,536,204,105" step="2"/><T78/><REACH who="0" step="1"/><D92/><REACH who="0" ten="135,536,204,105" step="2"/><U13/><E77/><N who="2" m="44351" /><F119/><W73/><G73/><T19/><D19/><U121/><E16/><V48/><F106/><W113/><G113/><T26/><D26/><U80/><E30/><V109/><F105/><W107/><G107/><T76/><D76/><U101/><E29/><V17/><F17/><W79/><G79/><T123/><D123/><U118/><E121/><V103/><F28/><W110/><G110/><T57/><AGARI ba="0,2" hai="22,23,37,43,46,53,57,61,78,81,85,88,89,90" machi="57" ten="30,6000,0" yaku="1,1,0,1,54,1,53,0" doraHai="60" doraHaiUra="116" who="0" fromWho="0" sc="135,80,536,-20,204,-20,105,-20" /><INIT seed="4,1,0,0,1,60" ten="215,516,184,85" oya="0" hai0="134,34,32,0,103,78,23,128,22,41,50,51,53" hai1="129,59,25,69,115,20,100,107,113,67,29,117,106" hai2="93,94,7,111,63,71,120,35,74,11,131,39,16" hai3="95,80,24,52,75,130,4,81,116,38,55,118,121"/><T132/><D0/><U112/><E117/><V54/><F74/><W133/><G38/><T36/><D36/><U119/><E119/><V18/><F39/><W76/><G133/><N who="0" m="51307" /><D78/><U108/><E108/><V125/><F35/><N who="0" m="13354" /><D103/><U44/><E129/><V87/><F131/><W42/><G130/><T64/><D64/><U82/><E100/><V124/><F111/><W19/><G121/><T21/><D128/><U110/><E110/><V13/><F120/><W126/><G126/><N who="2" m="48745" /><F87/><W15/><G118/><T65/><D65/><U43/><E69/><V37/><F37/><W98/><G116/><T123/><D123/><U9/><E82/><V72/><F72/><W12/><G80/><T89/><D41/><U45/><E43/><V97/><F71/><W101/><G42/><T127/><D127/><U77/><E77/><V96/><F54/><W92/><G92/><N who="2" m="35433" /><F63/><W49/><G55/><T8/><D89/><U86/><E67/><V26/><F26/><W46/><REACH who="3" step="1"/><G4/><REACH who="3" ten="215,516,184,75" step="2"/><T10/><D53/><U6/><E115/><V135/><F135/><W79/><G79/><T47/><D47/><U122/><E45/><V27/><F7/><W105/><G105/><T58/><D58/><U28/><E44/><V3/><F97/><W2/><G2/><T114/><D114/><N who="1" m="44139" /><E59/><V30/><F96/><W84/><G84/><T31/><D31/><N who="1" m="17831" /><E86/><V33/><F3/><W14/><G14/><T66/><D66/><U104/><E122/><V102/><F18/><W91/><G91/><T61/><D61/><U73/><E73/><V17/><F17/><W90/><G90/><T85/><D85/><RYUUKYOKU ba="1,1" sc="215,0,516,0,184,0,75,0" hai0="8,10,21,22,23,50,51" hai1="6,9,28,29,104,106,107" hai2="11,13,16,27,30,33,102" hai3="12,15,19,24,46,49,52,75,76,81,95,98,101" /><INIT seed="4,2,1,5,5,122" ten="215,516,184,75" oya="0" hai0="20,2,25,118,6,49,65,57,79,135,58,61,24" hai1="121,129,90,71,46,73,35,5,30,111,69,34,43" hai2="0,27,21,44,47,12,124,55,7,78,95,130,41" hai3="83,62,98,92,103,9,39,101,86,10,56,105,97"/><T132/><D118/><U91/><E121/><V53/><F0/><W36/><G36/><T89/><D79/><U99/><E91/><V126/><F78/><W11/><G39/><T104/><D104/><U108/><E90/><V102/><F130/><W116/><G116/><T106/><D106/><U80/><E99/><N who="2" m="59775" /><F12/><W33/><G33/><N who="1" m="12298" /><E30/><N who="2" m="17775" /><F7/><W40/><G40/><T63/><D2/><U42/><E42/><V3/><F3/><W85/><REACH who="3" step="1"/><G83/><REACH who="3" ten="215,516,184,65" step="2"/><T115/><D132/><U131/><E129/><V45/><F41/><W59/><G59/><T60/><D57/><U1/><E131/><V133/><F133/><W119/><G119/><T76/><D58/><U66/><E43/><V70/><F70/><N who="1" m="26633" /><E46/><V64/><F64/><AGARI ba="2,2" hai="9,10,11,56,62,64,85,86,92,97,98,101,103,105" machi="64" ten="40,1300,0" yaku="1,1,53,0" doraHai="122" doraHaiUra="74" who="3" fromWho="2" sc="215,0,516,0,184,-19,65,39" /><INIT seed="5,0,0,4,4,47" ten="215,516,165,104" oya="1" hai0="43,61,71,64,31,8,36,45,58,80,107,29,72" hai1="12,122,26,104,70,127,57,18,2,74,133,98,51" hai2="112,5,14,113,38,15,46,55,120,124,34,103,60" hai3="92,24,0,10,86,96,128,33,3,105,22,125,66"/><U93/><E122/><V132/><F120/><W69/><G128/><T116/><D107/><U135/><E70/><V30/><F103/><W99/><G125/><T27/><D116/><U117/><E74/><V13/><F124/><W121/><G121/><T77/><D27/><U111/><E2/><V94/><F132/><W65/><G33/><T59/><D59/><U67/><E117/><V21/><F94/><W91/><G105/><T90/><D90/><U4/><E4/><V115/><F34/><W32/><G32/><T56/><D56/><U97/><E26/><N who="2" m="16719" /><F60/><W35/><G35/><T49/><D8/><U11/><E127/><V106/><F106/><W87/><G69/><T25/><D25/><U100/><E111/><V129/><F129/><W62/><G62/><T1/><D1/><U79/><E79/><V53/><F5/><W73/><G73/><T75/><D75/><U54/><REACH who="1" step="1"/><E67/><REACH who="1" ten="215,506,165,104" step="2"/><V101/><F15/><W78/><G66/><T37/><D71/><U28/><E28/><V9/><F14/><W108/><G65/><T109/><D109/><U102/><AGARI ba="0,1" hai="11,12,18,51,54,57,93,97,98,100,102,104,133,135" machi="102" ten="30,6000,0" yaku="1,1,0,1,52,1,53,0" doraHai="47" doraHaiUra="110" who="1" fromWho="1" sc="215,-20,506,70,165,-20,104,-20" /><INIT seed="5,1,0,5,1,109" ten="195,576,145,84" oya="1" hai0="130,42,17,85,84,124,120,9,62,110,127,101,90" hai1="32,53,82,122,20,105,89,8,121,45,126,36,1" hai2="26,83,112,117,16,92,73,10,103,115,43,23,54" hai3="22,6,116,91,40,99,71,63,61,29,34,108,123"/><U98/><E32/><V67/><F117/><W55/><G108/><T131/><D110/><U113/><E126/><N who="0" m="48169" /><D42/><U68/><E68/><V56/><F43/><W119/><G123/><T57/><D120/><U134/><E89/><V132/><F67/><W11/><G34/><T15/><D101/><U12/><E20/><V7/><F73/><W30/><G40/><T65/><D84/><U76/><E12/><V28/><F83/><AGARI ba="1,0" hai="9,15,17,57,62,65,83,85,90,130,131" m="48169" machi="83" ten="30,1000,0" yaku="18,1" doraHai="109" who="0" fromWho="2" sc="195,13,576,0,145,-13,84,0" /><INIT seed="6,0,0,4,4,14" ten="208,576,132,84" oya="2" hai0="76,9,2,24,105,85,15,8,57,16,1,44,133" hai1="68,65,110,135,42,45,109,48,122,98,23,18,132" hai2="35,90,58,86,12,106,37,95,125,91,129,72,100" hai3="19,111,113,126,74,118,62,96,134,107,3,117,116"/><V70/><F70/><W120/><RYUUKYOKU type="yao9" ba="0,0" sc="208,0,576,0,132,0,84,0" hai3="3,19,62,74,96,107,111,113,116,117,118,120,126,134" /><INIT seed="6,1,0,3,0,49" ten="208,576,132,84" oya="2" hai0="39,9,3,29,90,125,13,17,18,130,42,7,45" hai1="122,19,28,60,35,102,6,25,50,110,116,27,43" hai2="4,15,133,105,134,97,36,120,131,51,30,94,66" hai3="69,12,1,64,80,111,132,5,92,2,119,37,31"/><V74/><F36/><W126/><G111/><T53/><D130/><U8/><E110/><V32/><F131/><W10/><G119/><T89/><D125/><U99/><E116/><V0/><F74/><W118/><G118/><T76/><D29/><U113/><E113/><V52/><F105/><W75/><G126/><T81/><D53/><U56/><E122/><V86/><F66/><W95/><G132/><N who="2" m="50793" /><F0/><W93/><G31/><T106/><D106/><U96/><E19/><V48/><F48/><W38/><G12/><T100/><D100/><U101/><E25/><N who="2" m="18511" /><F86/><W63/><REACH who="3" step="1"/><G1/><REACH who="3" ten="208,576,132,74" step="2"/><T104/><D3/><U41/><E50/><V54/><F120/><W127/><G127/><T44/><D39/><U128/><E128/><V114/><F114/><W34/><G34/><T84/><D13/><U67/><E99/><V26/><F26/><W16/><G16/><T109/><D17/><U40/><E96/><V87/><F97/><W62/><G62/><T46/><D18/><U14/><AGARI ba="1,1" hai="6,8,14,27,28,35,40,41,43,56,60,67,101,102" machi="14" ten="30,1100,0" yaku="0,1" doraHai="49" who="1" fromWho="1" sc="208,-4,576,24,132,-6,74,-4" /><INIT seed="7,0,0,2,4,115" ten="204,600,126,70" oya="3" hai0="55,5,50,49,2,26,92,24,120,59,107,51,67" hai1="52,90,35,36,127,81,64,94,93,66,110,41,54" hai2="126,40,125,83,133,87,58,116,18,84,20,100,7" hai3="130,0,14,6,25,3,37,10,91,23,82,28,12"/><W69/><G69/><T39/><D107/><U134/><E110/><V15/><F116/><W22/><G37/><T68/><D39/><U109/><E109/><V131/><F131/><W73/><G91/><T45/><D68/><U122/><E35/><V75/><F133/><W95/><G95/><T99/><D120/><U11/><E122/><V63/><F100/><W60/><G60/><N who="0" m="38303" /><D2/><N who="3" m="553" /><G82/><T114/><D5/><U70/><E70/><V29/><F40/><W16/><G73/><T61/><D114/><U48/><E36/><V98/><F98/><W118/><G130/><T62/><D24/><U106/><E106/><V111/><F75/><W77/><G77/><T78/><D26/><U124/><E41/><V89/><F84/><W117/><AGARI ba="0,0" hai="6,10,12,14,16,22,23,25,28,117,118" m="553" machi="117" ten="30,12000,1" yaku="34,2,52,2,54,1" doraHai="115" who="3" fromWho="3" sc="204,-40,600,-40,126,-40,70,120" /><INIT seed="7,1,0,3,4,13" ten="164,560,86,190" oya="3" hai0="2,35,108,76,113,39,101,6,125,48,85,44,49" hai1="94,103,135,27,115,22,28,60,91,78,5,99,77" hai2="127,25,111,109,45,65,112,66,64,42,104,95,68" hai3="31,23,120,84,86,53,121,0,70,46,133,75,50"/><W7/><G75/><T67/><D108/><U119/><E119/><V102/><F104/><W34/><G70/><T37/><D35/><U81/><E115/><V110/><F25/><W83/><G84/><T26/><D113/><U128/><E128/><V63/><F102/><W124/><G34/><T30/><D67/><U72/><E135/><V71/><F95/><W8/><G124/><T12/><D2/><U52/><E5/><V123/><F112/><W32/><G32/><T88/><D76/><U92/><E72/><V105/><F105/><W56/><G133/><T129/><D101/><U116/><E81/><V10/><F10/><W20/><G20/><T19/><D49/><U3/><E3/><V15/><F15/><W1/><G1/><T43/><D6/><U87/><E116/><V79/><F79/><W40/><G23/><T118/><D129/><U54/><E54/><V14/><F14/><W97/><G97/><T55/><D43/><U57/><AGARI ba="1,0" hai="22,27,28,52,57,60,77,78,87,91,92,94,99,103" machi="57" ten="30,4000,0" yaku="0,1,8,1,54,1" doraHai="13" who="1" fromWho="1" sc="164,-11,560,43,86,-11,190,-21" owari="153,-24.7,603,70.3,75,-42.5,169,-3.1" /></mjloggm>