<mjloggm ver="2.3"><GO type="169" lobby="0"/><UN n0="%E6%B7%B3%E5%AD%90%E3%81%A7%E3%81%99" n1="%E4%B8%8B%E7%B4%9A%E5%9B%BD%E6%B0%91" n2="%32%38%39%30%30" n3="%E6%B2%B3%E7%AB%A5%E3%81%AE%E3%83%AF%E3%82%AB%E3%83%9E%E3%83%84" dan="17,16,16,17" rate="2160.19,2119.41,2048.69,2178.50" sx="M,M,M,M"/><TAIKYOKU oya="0"/><INIT seed="0,0,0,2,1,74" ten="250,250,250,250" oya="0" hai0="47,1,129,27,76,61,51,89,23,40,19,36,72" hai1="46,105,92,13,115,98,119,8,121,125,52,124,37" hai2="128,28,59,64,88,3,109,123,11,118,126,22,67" hai3="99,39,25,100,16,111,84,131,70,68,24,42,12"/><T86/><D129/><U54/><E105/><V66/><F123/><W53/><G131/><T21/><D1/><U15/><E119/><V31/><F128/><W63/><G111/><T110/><D72/><U9/><E121/><V10/><F109/><W32/><G39/><T81/><D110/><U14/><E115/><V116/><F126/><N who="1" m="48745" /><E37/><V127/><F127/><W55/><G42/><T35/><D35/><U73/><E73/><V38/><F38/><W79/><G25/><T90/><D36/><U75/><E75/><V133/><F133/><W49/><G63/><T34/><D34/><U93/><E46/><V85/><F59/><W132/><G55/><N who="1" m="21034" /><E98/><V45/><F45/><W48/><G53/><T65/><REACH who="0" step="1"/><D21/><REACH who="0" ten="240,250,250,250" step="2"/><U69/><E69/><AGARI ba="0,1" hai="19,23,27,40,47,51,61,65,69,76,81,86,89,90" machi="69" ten="30,11600,0" yaku="1,1,2,1,7,1,52,1,53,0" doraHai="74" doraHaiUra="50" who="0" fromWho="1" sc="240,126,250,-116,250,0,250,0" /><INIT seed="0,1,0,3,2,59" ten="366,134,250,250" oya="0" hai0="99,124,25,85,95,41,15,7,18,67,112,127,78" hai1="134,23,8,24,120,11,14,48,10,37,2,72,111" hai2="117,50,88,100,52,79,122,46,119,92,4,40,65" hai3="74,71,81,9,104,55,57,76,101,108,109,43,82"/><T107/><D112/><U66/><E37/><V36/><F122/><W31/><G71/><T62/><D107/><U126/><E72/><V13/><F100/><W102/><G43/><T123/><D123/><U129/><E48/><V21/><F79/><W132/><G132/><T89/><D41/><U32/><E66/><V114/><F114/><W113/><G113/><T94/><D7/><N who="1" m="1143" /><E120/><V35/><F35/><W28/><G9/><N who="1" m="3082" /><E134/><V3/><F3/><W51/><G82/><T80/><D25/><U34/><E111/><N who="3" m="42570" /><G101/><T27/><D27/><U0/><E0/><V69/><F4/><W131/><G131/><T73/><D95/><U70/><E70/><V105/><F105/><W64/><G64/><T83/><D83/><U75/><E75/><V19/><F65/><W42/><G42/><T116/><D73/><U133/><E133/><V1/><F69/><W45/><G45/><T53/><D53/><U60/><E129/><V130/><F130/><W128/><G128/><T30/><D80/><U110/><E110/><V16/><F19/><W39/><G39/><T20/><D78/><U49/><E49/><V17/><F17/><W63/><G51/><T135/><D135/><U61/><E14/><V98/><REACH who="2" step="1"/><F1/><REACH who="2" ten="366,134,240,250" step="2"/><W58/><G102/><T84/><D67/><U103/><E103/><V33/><F33/><N who="1" m="12905" /><E126/><V86/><F86/><W68/><G68/><T5/><D124/><U87/><E87/><V29/><F29/><N who="3" m="11339" /><G104/><T97/><D127/><U106/><E106/><V118/><F118/><W26/><G74/><T121/><D116/><U12/><E24/><V38/><F38/><RYUUKYOKU ba="1,1" sc="366,-15,134,15,240,15,250,-15" hai1="12,23,60,61" hai2="13,16,21,36,40,46,50,52,88,92,98,117,119" /><INIT seed="1,2,1,0,1,39" ten="351,149,255,235" oya="1" hai0="22,32,96,100,86,81,102,103,104,60,123,83,11" hai1="35,43,119,85,67,89,46,25,72,28,8,108,106" hai2="23,71,77,92,40,97,98,61,70,80,62,34,47" hai3="120,29,50,124,63,37,130,57,1,131,76,10,134"/><U126/><E119/><V129/><F34/><W52/><G120/><T19/><D32/><U65/><E72/><V93/><F129/><N who="3" m="49163" /><G37/><T13/><D123/><U56/><E106/><V66/><F23/><W73/><G29/><T68/><D81/><U84/><E126/><V15/><F15/><W12/><G1/><T127/><D127/><U101/><E101/><V87/><F61/><W18/><G124/><T118/><D118/><U114/><E114/><V4/><F4/><W36/><G36/><T125/><D125/><U91/><E8/><V74/><F70/><W88/><G134/><T82/><D82/><U5/><E5/><V109/><F109/><W78/><G73/><T21/><D21/><U128/><E128/><V132/><F132/><W44/><G88/><T3/><D68/><U107/><E107/><V0/><F0/><W99/><G99/><T2/><D2/><U38/><E108/><V9/><F9/><W27/><G27/><T30/><D3/><U59/><E67/><AGARI ba="2,1" hai="10,12,18,44,50,52,57,63,67,76,78" m="49163" machi="67" ten="30,2000,0" yaku="19,1,54,1" doraHai="39" who="3" fromWho="1" sc="351,0,149,-26,255,0,235,36" /><INIT seed="2,0,0,5,4,135" ten="351,123,255,271" oya="2" hai0="82,84,87,81,67,57,97,29,19,66,28,14,53" hai1="15,93,63,80,113,4,8,134,131,94,1,90,13" hai2="110,72,61,21,100,98,68,62,12,31,119,106,0" hai3="50,35,108,130,10,32,6,43,79,126,120,38,107"/><V91/><F119/><W115/><G120/><T96/><D14/><U34/><E134/><V2/><F72/><W83/><G107/><T89/><D19/><U74/><E34/><V76/><F76/><W129/><G108/><T33/><D33/><U9/><E131/><N who="3" m="50186" /><G115/><T56/><D89/><U92/><E113/><V95/><F110/><W48/><G50/><T37/><D53/><U39/><E39/><AGARI ba="0,0" hai="28,29,37,39,56,57,66,67,81,82,84,87,96,97" machi="39" ten="25,1600,0" yaku="22,2" doraHai="135" who="0" fromWho="1" sc="351,16,123,-16,255,0,271,0" /><INIT seed="3,0,0,3,3,23" ten="367,107,255,271" oya="3" hai0="46,18,91,35,27,104,68,59,66,69,54,39,67" hai1="48,9,93,100,4,86,88,126,8,43,36,83,99" hai2="17,110,97,33,101,76,3,120,84,51,89,112,29" hai3="79,26,47,96,38,16,42,30,56,34,7,105,0"/><W129/><G129/><T135/><D104/><U49/><E126/><V92/><F112/><W21/><G79/><T53/><D91/><U111/><E111/><V95/><F110/><W62/><G105/><T128/><D18/><U37/><E37/><V107/><F3/><W80/><G80/><T121/><D35/><U70/><E70/><V113/><F113/><W103/><G7/><T15/><D15/><U1/><E36/><V127/><F127/><W125/><G0/><T106/><D27/><U32/><E43/><V94/><F120/><W50/><G38/><T44/><D106/><U52/><E32/><V60/><F51/><W132/><G132/><T28/><D28/><U82/><E9/><V25/><F76/><W10/><G10/><T58/><D135/><U116/><E48/><V134/><F134/><W11/><G11/><T75/><D75/><U74/><E116/><V72/><F72/><W131/><G131/><T5/><D5/><U85/><E74/><V41/><F41/><W115/><G125/><T45/><D39/><U2/><E2/><V133/><F133/><W13/><G115/><T64/><D128/><U123/><E123/><V102/><F102/><W81/><G81/><T31/><D31/><U40/><E40/><V19/><REACH who="2" step="1"/><F60/><REACH who="2" ten="367,107,245,271" step="2"/><W65/><REACH who="3" step="1"/><G103/><REACH who="3" ten="367,107,245,261" step="2"/><T63/><D121/><U61/><E100/><V55/><F55/><W109/><G109/><T77/><D77/><U20/><E1/><V114/><F114/><W73/><G73/><T98/><D54/><U14/><E52/><V87/><F87/><W12/><G12/><T24/><D53/><RYUUKYOKU ba="0,2" sc="367,-15,107,-15,245,15,261,15" hai2="17,19,25,29,33,84,89,92,94,95,97,101,107" hai3="13,16,21,26,30,34,42,47,50,56,62,65,96" /><INIT seed="3,1,2,1,2,75" ten="352,92,260,276" oya="3" hai0="30,133,11,93,19,123,83,12,18,15,117,90,131" hai1="67,48,32,77,61,74,46,37,34,100,5,88,24" hai2="107,120,23,76,33,132,29,58,68,35,95,105,36" hai3="53,125,43,106,72,21,126,59,62,118,1,54,28"/><W14/><G118/><T56/><D123/><U44/><E100/><V109/><F68/><W134/><G1/><T57/><D131/><U119/><E119/><V60/><F36/><W7/><G106/><T47/><D133/><U78/><E5/><V112/><F112/><W3/><G134/><T4/><D117/><U31/><E34/><V84/><F132/><W85/><G72/><T103/><D30/><U69/><E74/><V17/><F109/><W122/><G122/><T66/><D47/><U135/><E135/><V50/><F120/><W113/><G113/><T80/><D103/><U101/><E101/><V89/><F76/><W102/><G43/><T51/><D4/><U0/><E0/><V42/><F42/><W79/><G102/><T114/><D56/><U63/><E63/><V9/><F9/><W26/><G3/><T6/><D6/><U73/><E73/><V52/><F60/><W115/><G54/><N who="0" m="31967" /><D66/><U108/><E108/><V92/><F92/><W111/><G111/><T64/><D64/><U94/><E37/><V104/><REACH who="2" step="1"/><F29/><REACH who="2" ten="352,92,250,276" step="2"/><W25/><G115/><T99/><D114/><U16/><E16/><V55/><F55/><W40/><G40/><T49/><D49/><U91/><E48/><V98/><F98/><W65/><G53/><T86/><D99/><U45/><REACH who="1" step="1"/><E91/><REACH who="1" ten="352,82,250,276" step="2"/><V22/><F22/><AGARI ba="1,4" hai="11,12,15,18,19,22,80,83,86,90,93" m="31967" machi="22" ten="30,2000,0" yaku="25,1,8,1" doraHai="75" who="0" fromWho="2" sc="352,63,82,0,250,-23,276,0" /><INIT seed="4,0,0,4,2,85" ten="415,82,227,276" oya="0" hai0="14,7,48,2,24,69,13,100,38,102,104,77,33" hai1="132,17,121,112,91,111,82,98,42,81,109,56,64" hai2="59,70,114,133,72,18,119,107,80,87,75,89,30" hai3="55,28,16,66,65,76,31,22,63,9,41,113,54"/><T92/><D38/><U105/><E42/><V120/><F70/><W23/><G113/><T95/><D2/><U49/><E64/><V52/><F120/><W86/><G41/><T8/><D69/><U6/><E6/><V83/><F107/><W94/><G9/><T117/><D77/><U130/><E17/><V44/><F114/><W60/><G86/><T71/><D71/><U129/><E49/><V93/><F30/><W3/><G3/><T128/><D104/><U134/><E56/><V78/><F119/><W122/><G76/><T58/><D33/><U53/><E53/><V131/><F131/><N who="1" m="50185" /><E112/><V124/><F124/><W79/><G79/><T97/><D24/><U1/><E1/><V40/><F80/><N who="1" m="30825" /><E121/><V96/><F18/><W74/><G16/><T116/><D14/><U106/><E106/><V15/><F15/><W50/><G50/><T68/><D68/><U57/><E57/><V37/><REACH who="2" step="1"/><F133/><REACH who="2" ten="415,82,217,276" step="2"/><N who="1" m="51305" /><E105/><V27/><F27/><W11/><G122/><T32/><D128/><U12/><E12/><V62/><AGARI ba="0,1" hai="37,40,44,52,59,62,72,75,78,83,87,89,93,96" machi="62" ten="20,12000,2" yaku="1,1,0,1,7,1,52,1,54,1,53,1" doraHai="85" doraHaiUra="51" who="2" fromWho="2" sc="415,-60,82,-30,217,130,276,-30" /><INIT seed="5,0,0,1,5,102" ten="355,52,347,246" oya="1" hai0="74,97,55,56,58,43,85,60,123,130,51,134,96" hai1="121,64,115,120,65,62,17,108,110,70,119,33,26" hai2="106,7,80,90,19,57,41,113,133,4,118,127,93" hai3="46,27,84,49,6,11,13,67,82,77,68,132,79"/><U92/><E92/><V76/><F118/><W10/><G132/><T94/><D74/><U66/><E17/><V126/><F133/><W59/><G68/><T23/><D130/><U88/><E119/><V30/><F30/><W135/><G135/><T101/><D134/><U21/><E33/><V50/><F19/><W122/><G122/><N who="1" m="47210" /><E88/><V28/><F28/><W111/><G111/><N who="1" m="42538" /><E21/><V61/><F113/><W98/><G27/><T37/><D37/><U78/><E78/><V107/><F50/><W0/><G98/><T54/><D43/><U124/><E26/><V16/><F16/><W48/><G79/><T100/><D123/><U38/><E115/><V75/><F41/><W99/><G99/><T112/><D112/><U114/><E114/><V72/><F72/><W83/><G83/><T91/><D23/><U63/><E124/><N who="2" m="47659" /><F4/><W39/><G10/><T81/><D96/><U25/><E25/><V45/><F45/><W44/><G0/><T87/><D85/><U5/><E5/><V22/><F22/><W71/><G46/><T1/><D1/><U18/><E18/><V34/><F7/><W3/><G3/><T36/><D36/><U32/><E32/><V8/><F8/><W89/><G77/><AGARI ba="0,0" hai="51,54,55,56,58,60,77,81,87,91,94,97,100,101" machi="77" ten="30,2000,0" yaku="7,1,8,1" doraHai="102" who="0" fromWho="3" sc="355,20,52,0,347,0,246,-20" /><INIT seed="6,0,0,2,1,98" ten="375,52,347,226" oya="2" hai0="93,2,78,50,119,116,65,14,75,131,43,77,64" hai1="134,82,69,5,72,59,76,88,120,44,85,124,37" hai2="54,129,80,24,68,46,21,55,87,109,53,74,49" hai3="103,1,67,84,91,111,30,57,113,3,70,12,123"/><V8/><F68/><W102/><G123/><T17/><D2/><U26/><E69/><V19/><F129/><W100/><G111/><T79/><D75/><U25/><E124/><V81/><F109/><W108/><G108/><T128/><D93/><U47/><E134/><V89/><F74/><W29/><G70/><T121/><D121/><U118/><E118/><N who="0" m="45097" /><D43/><U34/><E120/><V71/><F71/><W42/><G113/><T63/><D50/><U52/><E5/><V33/><F33/><W114/><G114/><T83/><D83/><U127/><E127/><V125/><F125/><W96/><G96/><T45/><D45/><U20/><E34/><V31/><F80/><N who="3" m="49543" /><G1/><T9/><D63/><U11/><E11/><V115/><F115/><W18/><G42/><T117/><D117/><U94/><E37/><V61/><F61/><N who="3" m="38319" /><G3/><T97/><D97/><U38/><E38/><V130/><F130/><AGARI ba="0,0" hai="9,14,17,64,65,77,78,79,128,130,131" m="45097" machi="130" ten="40,2600,0" yaku="19,1,12,1" doraHai="98" who="0" fromWho="2" sc="375,26,52,0,347,-26,226,0" /><INIT seed="7,0,0,3,5,111" ten="401,52,321,226" oya="3" hai0="8,26,126,40,25,109,43,107,62,79,20,91,89" hai1="56,64,92,51,99,115,103,105,132,39,82,135,113" hai2="87,29,117,42,54,101,30,63,35,27,124,57,108" hai3="77,14,97,37,0,31,32,50,12,104,5,7,23"/><W1/><G37/><T93/><D107/><U90/><E39/><V86/><F108/><W16/><G77/><T3/><D3/><N who="3" m="1097" /><G50/><T118/><D8/><U17/><E17/><V122/><F117/><W116/><G97/><T96/><D62/><U44/><E56/><V34/><F124/><W47/><G47/><T69/><D20/><U38/><E38/><V60/><F122/><W68/><G104/><T71/><D93/><U110/><E64/><V80/><F42/><W131/><G68/><T18/><D18/><U94/><E110/><V98/><F60/><W48/><G48/><T49/><D49/><U61/><E61/><V41/><F41/><W102/><G102/><T129/><D96/><U120/><E120/><V65/><F54/><W73/><G73/><T134/><D79/><U15/><E15/><V125/><F125/><W19/><G131/><T128/><D126/><U11/><E11/><V85/><F80/><W72/><G72/><T67/><D109/><U46/><E51/><V106/><F86/><W121/><G116/><T130/><D67/><U74/><E44/><V119/><F119/><W76/><G76/><T10/><D118/><U33/><E33/><V114/><F87/><W83/><G83/><T133/><D128/><U6/><E6/><N who="3" m="2058" /><G121/><T22/><D129/><U45/><E45/><V95/><F85/><W28/><G32/><T9/><D130/><U123/><E46/><V75/><F75/><W59/><G59/><T55/><D55/><U21/><E123/><V4/><F106/><W100/><G100/><T70/><D71/><U127/><E127/><RYUUKYOKU ba="0,0" sc="401,15,52,-15,321,-15,226,15" hai0="9,10,22,25,26,40,43,69,70,89,91,133,134" hai3="12,14,16,19,23,28,31" /><INIT seed="7,1,0,3,2,102" ten="416,37,306,241" oya="3" hai0="71,15,45,55,36,69,97,18,35,88,135,68,22" hai1="111,110,89,4,72,10,5,126,86,87,53,118,130" hai2="91,109,115,134,16,67,58,90,133,64,30,65,54" hai3="76,131,52,50,24,85,107,43,1,6,23,29,124"/><W80/><G131/><T39/><D35/><U44/><E130/><V84/><F109/><W37/><G124/><T28/><D28/><U63/><E126/><V96/><F115/><W51/><G37/><T42/><D135/><N who="2" m="51722" /><F30/><W25/><G43/><T48/><D36/><U99/><E72/><V105/><F16/><W128/><G128/><T40/><D40/><U74/><E74/><V93/><F105/><W9/><G25/><T77/><D77/><U117/><E99/><V60/><F84/><W34/><G34/><T106/><D106/><U98/><E98/><V132/><F132/><W62/><REACH who="3" step="1"/><G107/><REACH who="3" ten="416,37,306,231" step="2"/><T38/><D42/><U59/><E59/><AGARI ba="1,1" hai="1,6,9,23,24,29,50,51,52,59,62,76,80,85" machi="59" ten="40,7700,0" yaku="1,1,2,1,54,1,53,0" doraHai="102" doraHaiUra="101" who="3" fromWho="1" sc="416,0,37,-80,306,0,231,90" owari="416,51.6,-43,-54.3,306,-9.4,321,12.1" /></mjloggm>