<mjloggm ver="2.3"><GO type="169" lobby="0"/><UN n0="%E4%B8%83%E7%94%9F%E5%A4%95" n1="%7A%6F%6F%31%39%36%34" n2="%E3%81%AA%E3%82%93%E3%81%93%E3%81%86" n3="%E4%B8%89%E6%B2%B3%E5%B1%8B%E3%81%AE%E3%82%B5%E3%83%96" dan="16,17,16,16" rate="2093.97,2200.37,2060.18,2143.63" sx="M,M,M,M"/><TAIKYOKU oya="0"/><INIT seed="0,0,0,3,2,7" ten="250,250,250,250" oya="0" hai0="1,12,75,8,18,64,111,97,76,22,104,96,107" hai1="59,31,102,15,84,33,78,92,13,44,80,0,123" hai2="115,6,49,25,127,48,90,20,108,82,77,34,120" hai3="110,99,27,94,17,121,24,40,14,125,134,62,79"/><T16/><D111/><U135/><E123/><V100/><F120/><W53/><G121/><T124/><D124/><U72/><E135/><V43/><F115/><W57/><G134/><T130/><D130/><U45/><E0/><V113/><F113/><W122/><G122/><T35/><D35/><U114/><E114/><V132/><F34/><W86/><G110/><T42/><D64/><U116/><E116/><V60/><F108/><W10/><G125/><T55/><D42/><U88/><E31/><V11/><F100/><W47/><G86/><T65/><D65/><U87/><E33/><V93/><F60/><W39/><REACH who="3" step="1"/><G79/><REACH who="3" ten="250,250,250,240" step="2"/><T133/><D133/><U46/><E87/><N who="2" m="48591" /><F127/><W68/><G68/><T19/><D76/><U66/><REACH who="1" step="1"/><E102/><AGARI ba="0,1" hai="10,14,17,24,27,39,40,47,53,57,62,94,99,102" machi="102" ten="30,3900,0" yaku="1,1,7,1,52,1,53,0" doraHai="7" doraHaiUra="126" who="3" fromWho="1" sc="250,0,250,-39,250,0,240,49" /><INIT seed="1,0,0,1,1,28" ten="250,211,250,289" oya="1" hai0="69,46,21,56,20,97,6,93,8,36,57,37,124" hai1="64,85,90,116,11,96,38,130,9,47,5,3,108" hai2="10,19,76,52,42,87,75,61,103,128,83,131,7" hai3="32,58,39,65,123,98,41,91,134,102,127,43,24"/><U125/><E116/><V120/><F120/><W109/><G123/><T51/><D69/><U40/><E130/><N who="2" m="49707" /><F42/><W66/><G109/><T55/><D124/><U54/><E125/><V50/><F103/><W74/><G127/><T53/><D37/><U15/><E108/><V27/><F61/><W101/><G74/><T48/><D46/><U118/><E64/><V133/><F133/><W73/><G73/><T122/><D36/><U2/><E118/><V112/><F112/><W59/><G134/><T126/><D126/><U86/><E54/><V70/><F70/><W68/><G68/><T106/><D106/><U44/><E44/><N who="2" m="27719" /><F27/><W79/><G24/><T110/><D110/><U129/><E129/><V107/><F107/><W80/><G102/><T132/><D132/><U94/><REACH who="1" step="1"/><E2/><REACH who="1" ten="250,201,250,289" step="2"/><N who="2" m="375" /><F19/><AGARI ba="0,1" hai="3,5,9,11,15,19,38,40,47,85,86,90,94,96" machi="19" ten="30,2900,0" yaku="1,1,7,1,53,0" doraHai="28" doraHaiUra="72" who="1" fromWho="2" sc="250,0,201,39,250,-29,289,0" /><INIT seed="1,1,0,4,0,118" ten="250,240,221,289" oya="1" hai0="14,84,125,109,2,121,69,36,105,23,82,28,17" hai1="31,119,52,16,103,113,47,81,35,91,7,29,108" hai2="61,25,71,58,106,98,20,3,86,54,132,107,21" hai3="43,102,87,34,1,73,100,39,78,99,101,11,83"/><U89/><E113/><V22/><F3/><W48/><G34/><T59/><D69/><U65/><E119/><V32/><F132/><W97/><G48/><T38/><D105/><U110/><E7/><V94/><F86/><W60/><G60/><T19/><D2/><U75/><E103/><V42/><F42/><W80/><G43/><T55/><D28/><N who="1" m="10827" /><E35/><V85/><F32/><W4/><REACH who="3" step="1"/><G39/><REACH who="3" ten="250,240,221,279" step="2"/><T95/><D38/><U10/><E65/><V104/><F71/><W68/><G68/><T63/><D36/><U111/><E52/><V88/><REACH who="2" step="1"/><F25/><REACH who="2" ten="250,240,211,279" step="2"/><W24/><G24/><T56/><D109/><U27/><E27/><V74/><F74/><W123/><G123/><T57/><D121/><U96/><E75/><V130/><F130/><W13/><G13/><T134/><D14/><N who="1" m="7255" /><E47/><V0/><F0/><W46/><G46/><T8/><D63/><U12/><E12/><V45/><F45/><W120/><G120/><T51/><D59/><U40/><E40/><V127/><F127/><W77/><AGARI ba="1,2" hai="1,4,11,73,77,78,80,83,87,97,99,100,101,102" machi="77" ten="30,2000,0" yaku="1,1,0,1,53,0" doraHai="118" doraHaiUra="124" who="3" fromWho="3" sc="250,-6,240,-11,211,-6,279,43" /><INIT seed="2,0,0,4,4,128" ten="244,229,205,322" oya="2" hai0="27,65,119,116,133,88,57,85,76,120,124,73,4" hai1="38,31,103,98,78,70,44,13,51,102,118,95,84" hai2="105,14,29,5,58,18,7,11,126,2,32,43,53" hai3="24,26,56,48,69,61,59,46,41,112,34,62,64"/><V107/><F126/><W94/><G112/><T40/><D120/><U36/><E70/><V28/><F43/><W108/><G108/><T104/><D124/><U74/><E118/><N who="0" m="45097" /><D104/><U134/><E31/><V33/><F53/><W82/><G34/><N who="2" m="13417" /><F58/><W72/><G69/><T135/><D4/><N who="2" m="1610" /><F107/><W19/><G19/><T127/><D27/><U60/><E60/><V130/><F105/><W45/><G94/><N who="0" m="54543" /><D127/><U54/><E102/><V100/><F100/><W131/><G131/><T66/><D40/><U50/><E74/><V63/><F63/><W23/><G23/><T87/><D73/><U86/><E78/><V83/><F83/><W12/><G12/><T132/><D57/><U81/><E81/><AGARI ba="0,0" hai="65,66,76,81,87,132,133,135" m="54543,45097" machi="81" ten="40,12000,2" yaku="20,1,12,1,52,3,54,1" doraHai="128" who="0" fromWho="1" sc="244,120,229,-120,205,0,322,0" /><INIT seed="3,0,0,3,1,116" ten="364,109,205,322" oya="3" hai0="92,81,94,59,2,26,70,33,98,122,76,45,61" hai1="107,12,23,38,96,40,48,74,62,47,4,16,114" hai2="53,15,88,123,19,73,72,117,31,109,99,32,14" hai3="37,63,17,86,124,39,57,84,119,44,83,22,77"/><W80/><G124/><T5/><D70/><U128/><E74/><V7/><F117/><W97/><G119/><T41/><D33/><U56/><E114/><V66/><F109/><W127/><G127/><T29/><D5/><U68/><E128/><V126/><F126/><W55/><G97/><T112/><D2/><U35/><E35/><V85/><F66/><W82/><G44/><T101/><D112/><U52/><E4/><V111/><F99/><W132/><G132/><T27/><D122/><U104/><E96/><V25/><F111/><W130/><G130/><T110/><D94/><U95/><E95/><V103/><F103/><W93/><G93/><T58/><D29/><U71/><E71/><V36/><F36/><W42/><G42/><T106/><D59/><U50/><E50/><V65/><F65/><AGARI ba="0,0" hai="12,16,23,38,40,47,48,52,56,62,65,68,104,107" machi="65" ten="40,8000,1" yaku="24,2,54,2" doraHai="116" who="1" fromWho="2" sc="364,0,109,80,205,-80,322,0" /><INIT seed="4,0,0,1,5,123" ten="364,189,125,322" oya="0" hai0="51,78,73,91,134,111,28,57,64,104,122,7,83" hai1="68,82,114,16,17,12,76,26,108,30,118,130,126" hai2="54,88,120,93,65,87,15,53,4,43,66,133,2" hai3="85,127,52,34,86,70,116,103,80,131,22,8,119"/><T135/><D122/><U11/><E118/><V56/><F120/><W14/><G34/><T48/><D104/><U59/><E68/><V69/><F2/><W100/><G70/><T33/><D7/><U50/><E130/><V21/><F69/><W58/><G131/><T99/><D33/><U24/><E126/><V13/><F43/><W89/><G127/><T105/><D28/><U63/><E108/><V75/><F75/><W128/><G128/><T49/><D111/><U94/><E114/><V38/><F38/><W109/><G109/><T35/><D35/><U132/><E132/><N who="0" m="50729" /><D64/><U101/><E50/><N who="2" m="30775" /><F54/><W113/><G113/><T95/><D105/><U129/><E129/><V29/><F133/><W32/><G32/><T112/><D112/><U0/><E0/><V97/><F97/><W44/><G44/><T77/><D77/><U98/><E17/><N who="2" m="10415" /><F29/><W42/><G42/><T39/><D39/><U107/><E30/><V10/><AGARI ba="0,0" hai="4,10,15,65,66,87,88,93" m="10415,30775" machi="10" ten="30,4000,0" yaku="25,1,8,1,54,1" doraHai="123" who="2" fromWho="2" sc="364,-20,189,-10,125,40,322,-10" /><INIT seed="5,0,0,1,3,115" ten="344,179,165,312" oya="1" hai0="119,74,24,39,87,133,66,82,102,92,47,50,90" hai1="125,5,17,78,113,27,70,105,12,8,122,62,117" hai2="1,33,56,44,129,22,2,99,104,58,28,32,94" hai3="110,11,101,52,132,19,85,108,61,111,37,54,65"/><U23/><E105/><V121/><F121/><W106/><G37/><T18/><D39/><U71/><E122/><V127/><F104/><W130/><G130/><T68/><D133/><U95/><E113/><V128/><F127/><W13/><G132/><T57/><D68/><U20/><E125/><V98/><F44/><W86/><G86/><T53/><D74/><U118/><E78/><V40/><F40/><W107/><G85/><T100/><D119/><U81/><E81/><V93/><REACH who="2" step="1"/><F22/><REACH who="2" ten="344,179,155,312" step="2"/><W64/><G107/><T3/><D47/><U63/><E23/><V45/><F45/><W21/><G21/><T124/><D124/><U116/><REACH who="1" step="1"/><E95/><REACH who="1" ten="344,169,155,312" step="2"/><V123/><F123/><W67/><REACH who="3" step="1"/><G61/><AGARI ba="0,2" hai="5,8,12,17,20,27,61,62,63,70,71,116,117,118" machi="61" ten="40,12000,1" yaku="1,1,2,1,52,3,53,0" doraHai="115" doraHaiUra="91" who="1" fromWho="3" sc="344,0,169,140,155,0,312,-120" /><INIT seed="5,1,0,1,2,60" ten="344,309,155,192" oya="1" hai0="26,22,80,20,5,102,8,61,62,1,59,115,48" hai1="2,3,18,111,6,117,110,7,75,113,90,125,66" hai2="77,12,54,92,84,50,100,107,123,68,103,105,38" hai3="126,45,76,86,106,49,120,71,63,30,58,93,16"/><U17/><E75/><V35/><F123/><W101/><G120/><T33/><D115/><U55/><E55/><V74/><F38/><W39/><G126/><T72/><D33/><U109/><E90/><V97/><F35/><W95/><G71/><T129/><D129/><U10/><E66/><V114/><F68/><W36/><G106/><T83/><D22/><U46/><E46/><V104/><F114/><W41/><G30/><T24/><D24/><U99/><E99/><V28/><F28/><W53/><G36/><T73/><D102/><U11/><E113/><V56/><F12/><W69/><G101/><T134/><D134/><U14/><E125/><V96/><REACH who="2" step="1"/><F74/><REACH who="2" ten="344,309,145,192" step="2"/><W124/><G124/><T98/><D72/><U37/><E37/><V132/><F132/><W21/><G69/><T119/><D73/><U13/><E117/><V112/><F112/><W85/><G39/><T108/><D119/><U51/><E51/><V23/><F23/><W29/><G29/><T121/><D20/><U88/><E88/><V40/><F40/><W130/><G130/><T0/><D48/><U47/><E47/><V25/><F25/><N who="3" m="14503" /><G76/><T65/><D121/><U133/><E133/><V42/><F42/><W89/><G89/><T94/><D26/><U127/><E127/><V43/><F43/><W57/><G58/><T131/><D59/><U15/><AGARI ba="1,1" hai="2,3,6,7,10,11,13,14,15,17,18,109,110,111" machi="15" ten="40,18000,2" yaku="0,1,9,1,10,1,34,3" doraHai="60" who="1" fromWho="1" sc="344,-61,309,193,145,-61,192,-61" /><INIT seed="5,2,0,5,2,67" ten="283,502,84,131" oya="1" hai0="125,34,81,66,50,71,51,22,87,41,127,91,119" hai1="75,116,13,112,80,48,2,122,26,99,25,100,109" hai2="117,43,60,69,126,92,28,85,131,57,135,19,77" hai3="133,129,82,68,11,46,0,20,42,15,3,36,134"/><U124/><E2/><V61/><F117/><W12/><G129/><T55/><D34/><U8/><E122/><V65/><F131/><W44/><G68/><T54/><D119/><U39/><E39/><V32/><F135/><N who="3" m="51723" /><G82/><T94/><D22/><U7/><E116/><V4/><F126/><N who="0" m="48138" /><D94/><U130/><E130/><V110/><F110/><W49/><G20/><T59/><D41/><U102/><E124/><V106/><F106/><W101/><G101/><T103/><D103/><U120/><E120/><V115/><F4/><N who="3" m="1415" /><G3/><T88/><D71/><U97/><E109/><V128/><F43/><AGARI ba="2,0" hai="12,15,36,42,43,44,46,49" m="1415,51723" machi="43" ten="30,1000,0" yaku="20,1" doraHai="67" who="3" fromWho="2" sc="283,0,502,0,84,-16,131,16" /><INIT seed="6,0,0,3,2,40" ten="283,502,68,147" oya="2" hai0="122,132,11,85,18,97,95,90,57,19,61,21,64" hai1="69,101,92,20,131,10,68,23,76,53,49,119,129" hai2="55,2,82,128,50,125,65,98,108,112,37,72,111" hai3="42,62,110,4,83,113,116,34,67,14,123,25,29"/><V17/><F2/><W105/><G110/><N who="2" m="42025" /><F98/><W16/><G116/><T80/><D122/><U59/><E119/><V103/><F103/><W63/><G123/><T133/><D11/><U38/><E38/><V121/><F121/><W24/><G105/><T107/><D107/><U117/><E117/><V79/><F37/><W77/><G113/><T135/><D21/><U73/><E10/><V44/><F112/><W31/><G42/><T127/><D127/><U3/><E3/><V13/><F125/><W114/><G4/><T99/><D99/><U84/><E101/><AGARI ba="0,0" hai="18,19,57,61,64,80,85,90,95,97,101,132,133,135" machi="101" ten="40,1300,0" yaku="20,1" doraHai="40" who="0" fromWho="1" sc="283,13,502,-13,68,0,147,0" /><INIT seed="7,0,0,1,1,111" ten="296,489,68,147" oya="3" hai0="68,132,81,77,59,2,67,9,6,100,42,13,122" hai1="20,108,19,21,27,28,55,93,83,73,10,86,84" hai2="58,26,126,99,46,98,115,62,29,70,60,25,80" hai3="69,85,0,112,8,103,40,4,127,11,113,32,78"/><W106/><G127/><T57/><D122/><U114/><E114/><N who="3" m="44138" /><G32/><T12/><D132/><U5/><E108/><V17/><F115/><W66/><G40/><T92/><D68/><U36/><E36/><V89/><F70/><W101/><G106/><T18/><D2/><U121/><E121/><V82/><F126/><W64/><G8/><T125/><D42/><U31/><E73/><V131/><F131/><W97/><G97/><N who="2" m="36873" /><F29/><W49/><G49/><T44/><D9/><U88/><E21/><V34/><F34/><W22/><G22/><T16/><D125/><U35/><E35/><V90/><F17/><W128/><G128/><T52/><D16/><U47/><E10/><V72/><F72/><W61/><G66/><T87/><D67/><U104/><E104/><V30/><F58/><W63/><G63/><N who="2" m="24105" /><F30/><W105/><G105/><T91/><D59/><U75/><E75/><V23/><F23/><W53/><G53/><T24/><D57/><U45/><E55/><V135/><F135/><W48/><G48/><T74/><D52/><U133/><E133/><V3/><F3/><W56/><G69/><T94/><D44/><U96/><E47/><V129/><F46/><W50/><G50/><T120/><D120/><U38/><E31/><V79/><F129/><W124/><G124/><T41/><D41/><U130/><E28/><V102/><F102/><W1/><G1/><T15/><D100/><U71/><E71/><V76/><F82/><AGARI ba="0,0" hai="0,4,11,56,61,64,78,82,85,101,103" m="44138" machi="82" ten="30,11600,0" yaku="15,1,52,3" doraHai="111" who="3" fromWho="2" sc="296,0,489,0,68,-116,147,116" owari="296,9.6,489,58.9,-48,-54.8,263,-13.7" /></mjloggm>