<mjloggm ver="2.3"><GO type="169" lobby="0"/><UN n0="%E3%81%94%E3%82%8B%E3%81%AF%E3%82%80%33%30" n1="%4F%4D%41%4E%54%41" n2="%70%6F%6E%2D%65%6E" n3="%E3%81%97%E3%82%83%E3%82%93%E3%81%8A%E3%81%98" dan="17,17,16,17" rate="2205.87,2174.24,2153.83,2162.97" sx="F,M,F,F"/><TAIKYOKU oya="0"/><INIT seed="0,0,0,0,5,33" ten="250,250,250,250" oya="0" hai0="127,110,69,126,40,15,1,116,74,47,49,23,89" hai1="111,102,124,131,59,101,135,130,91,34,58,16,27" hai2="115,83,65,44,103,76,121,57,96,37,41,20,81" hai3="71,11,66,21,90,72,125,39,88,104,25,93,118"/><T12/><D116/><U123/><E123/><V78/><F121/><W109/><G118/><T45/><D69/><U30/><E111/><V94/><F115/><W84/><G39/><T18/><D110/><U43/><E43/><V98/><F20/><W31/><G109/><T87/><D74/><U61/><E124/><V85/><F98/><W107/><G72/><T8/><D47/><U5/><E135/><V48/><F65/><W42/><G42/><T97/><D97/><U77/><E91/><V80/><F57/><W132/><G132/><T53/><D40/><U35/><E77/><V3/><F3/><W95/><G125/><T60/><D60/><U28/><E5/><V134/><F134/><W13/><G66/><T32/><D32/><U133/><E133/><V92/><F37/><W36/><G71/><T73/><D73/><U79/><E79/><V86/><REACH who="2" step="1"/><F81/><REACH who="2" ten="250,250,240,250" step="2"/><W24/><G36/><T108/><D1/><U56/><E56/><V75/><F75/><W4/><REACH who="3" step="1"/><G25/><REACH who="3" ten="250,250,240,240" step="2"/><T26/><D108/><U105/><E27/><V119/><F119/><W55/><G55/><T50/><D26/><U14/><E61/><V19/><F19/><W67/><G67/><T62/><D62/><U70/><E16/><V99/><F99/><AGARI ba="0,2" hai="4,11,13,21,24,31,84,88,90,93,95,99,104,107" machi="99" ten="30,7700,0" yaku="1,1,7,1,54,1,53,1" doraHai="33" doraHaiUra="17" who="3" fromWho="2" sc="250,0,250,0,240,-77,240,97" /><INIT seed="1,0,0,2,2,128" ten="250,250,163,337" oya="1" hai0="44,28,20,122,12,98,75,49,14,22,27,54,95" hai1="104,100,132,16,84,91,126,32,83,114,59,29,106" hai2="41,21,19,42,46,35,111,115,85,69,9,56,134" hai3="70,63,88,45,40,0,116,66,24,47,53,123,26"/><U113/><E29/><V30/><F69/><W118/><G0/><T18/><D122/><U110/><E32/><V60/><F111/><W129/><G123/><T124/><D124/><U97/><E126/><V67/><F115/><W73/><G73/><T79/><D75/><U62/><E106/><V55/><F35/><W17/><G129/><T50/><D79/><U101/><E101/><V76/><F30/><W71/><G71/><T57/><D12/><U11/><E110/><V5/><F76/><W96/><G53/><T23/><D23/><U82/><E82/><V6/><F85/><W102/><G17/><T34/><D34/><U109/><E109/><V13/><F6/><W72/><G72/><T92/><REACH who="0" step="1"/><D98/><REACH who="0" ten="240,250,163,337" step="2"/><U99/><E99/><V90/><F90/><W68/><G24/><T81/><D81/><U80/><E80/><V131/><F131/><W65/><G26/><T51/><D51/><U89/><E89/><V3/><F3/><W37/><G88/><T130/><D130/><U36/><E36/><V94/><F13/><W15/><G15/><T61/><D61/><U119/><E97/><V133/><F60/><N who="3" m="39975" /><G96/><T8/><D8/><U33/><E11/><V58/><F9/><W107/><G102/><T48/><D48/><U105/><E100/><V117/><F21/><W31/><G107/><T103/><D103/><U86/><E105/><V121/><F121/><W77/><G77/><T1/><D1/><U112/><E104/><V93/><F93/><W2/><G2/><T108/><D108/><U10/><E113/><V127/><F94/><W4/><G63/><RYUUKYOKU ba="0,1" sc="240,30,250,-10,163,-10,337,-10" hai0="14,18,20,22,27,28,44,49,50,54,57,92,95" /><INIT seed="2,1,1,0,1,131" ten="270,240,153,327" oya="2" hai0="78,4,126,111,29,81,12,35,50,114,25,20,83" hai1="13,69,0,37,106,71,8,68,31,133,2,105,119" hai2="65,57,103,108,112,3,59,97,22,122,10,52,58" hai3="82,62,55,89,43,51,67,63,40,38,123,98,6"/><V127/><F112/><W24/><G123/><T74/><D114/><U1/><E119/><V130/><F122/><W27/><G6/><T80/><D111/><U115/><E115/><V15/><F130/><W75/><G75/><T54/><D126/><U77/><E77/><V21/><F127/><W128/><G128/><T87/><D74/><U76/><E76/><V100/><F3/><W101/><G82/><T116/><D116/><U16/><E37/><V53/><F65/><W66/><G89/><T60/><D60/><U113/><E113/><V129/><F129/><W99/><G38/><T9/><REACH who="0" step="1"/><D35/><REACH who="0" ten="260,240,153,327" step="2"/><U45/><E69/><V56/><F108/><W41/><G62/><T42/><D42/><U7/><E71/><V120/><F120/><W72/><G72/><T36/><D36/><U109/><E68/><V104/><F53/><W86/><G63/><T135/><D135/><U19/><E133/><V14/><F103/><W44/><G66/><T11/><D11/><U46/><E109/><V48/><REACH who="2" step="1"/><F15/><REACH who="2" ten="260,240,143,327" step="2"/><W17/><G67/><T73/><D73/><U61/><E1/><V107/><F107/><W102/><G55/><T49/><D49/><U64/><E0/><V121/><F121/><W47/><G51/><T30/><D30/><U132/><E31/><V39/><F39/><W118/><G118/><T96/><D96/><U18/><E2/><V33/><F33/><W88/><G43/><T91/><D91/><U110/><E110/><V26/><F26/><W32/><G32/><T94/><D94/><U134/><E134/><V117/><F117/><W124/><G124/><RYUUKYOKU ba="1,3" sc="260,15,240,-15,143,15,327,-15" hai0="4,9,12,20,25,29,50,54,78,80,81,83,87" hai2="10,14,21,22,48,52,56,57,58,59,97,100,104" /><INIT seed="2,2,3,0,5,88" ten="275,225,158,312" oya="2" hai0="100,36,64,8,129,50,55,118,89,93,127,121,6" hai1="31,28,131,117,63,24,102,111,34,123,135,70,33" hai2="73,78,14,40,45,23,94,35,79,30,106,18,71" hai3="13,47,98,10,75,126,119,122,44,7,86,95,83"/><V105/><F71/><W101/><G119/><T15/><D36/><U96/><E117/><V0/><F0/><W66/><G122/><T74/><D118/><U11/><E123/><V58/><F58/><W54/><G126/><T26/><D121/><U48/><E111/><V132/><F132/><W109/><G109/><T60/><D127/><U108/><E108/><V46/><F94/><W3/><G66/><T37/><D37/><U41/><E131/><V17/><F46/><W128/><G75/><T22/><D100/><U85/><E85/><V116/><F116/><W67/><G67/><T97/><D74/><U110/><E110/><V27/><F18/><W12/><G128/><T84/><D129/><U81/><E81/><V90/><F90/><W113/><G113/><T49/><D84/><U25/><E135/><V103/><F103/><W29/><G29/><N who="0" m="17623" /><D64/><U42/><E70/><V82/><REACH who="2" step="1"/><F78/><REACH who="2" ten="275,225,148,312" step="2"/><W120/><G120/><T43/><D43/><U56/><E56/><AGARI ba="2,4" hai="6,8,15,49,50,55,56,60,89,93,97" m="17623" machi="56" ten="30,2000,0" yaku="8,1,52,1" doraHai="88" who="0" fromWho="1" sc="275,66,225,-26,148,0,312,0" /><INIT seed="3,0,0,0,5,115" ten="341,199,148,312" oya="3" hai0="103,72,29,78,109,53,102,21,64,120,117,14,36" hai1="56,86,23,69,50,121,54,104,93,118,44,27,83" hai2="89,94,100,107,41,111,99,127,126,135,133,62,125" hai3="65,68,88,74,132,116,71,97,92,79,7,6,13"/><W73/><G116/><T35/><D120/><U96/><E121/><V2/><F62/><W119/><G119/><T33/><D117/><U12/><E69/><V60/><F60/><W26/><G132/><N who="2" m="50761" /><F41/><W4/><G65/><T42/><D64/><U30/><E118/><V48/><F48/><W1/><G1/><T98/><D102/><U85/><E104/><V37/><F2/><W0/><G0/><T63/><D36/><U122/><E122/><V51/><F51/><W134/><G134/><T75/><D42/><U84/><E12/><V40/><F40/><W59/><G59/><T112/><D53/><U47/><REACH who="1" step="1"/><E83/><REACH who="1" ten="341,189,148,312" step="2"/><V101/><F37/><W17/><G68/><T46/><D14/><U52/><E52/><V24/><F24/><W25/><G71/><T95/><D112/><U38/><E38/><V82/><F111/><W9/><G26/><T131/><D109/><U67/><E67/><V114/><F114/><W49/><G25/><T3/><D3/><U70/><E70/><V43/><F43/><W18/><G13/><T16/><D95/><U80/><E80/><V57/><F57/><W128/><G4/><T11/><D46/><U15/><E15/><V76/><F107/><W105/><G6/><T19/><D11/><U5/><E5/><V87/><AGARI ba="0,1" hai="76,82,87,89,94,99,100,101,125,126,127" m="50761" machi="87" ten="40,8000,1" yaku="18,1,20,1,34,2" doraHai="115" who="2" fromWho="2" sc="341,-20,189,-20,148,90,312,-40" /><INIT seed="4,0,0,4,4,79" ten="321,169,238,272" oya="0" hai0="110,5,35,127,73,9,126,122,107,128,89,61,85" hai1="135,121,30,57,59,72,20,125,34,43,115,117,6" hai2="15,96,114,68,67,104,118,116,10,134,93,88,99" hai3="74,106,131,23,98,12,54,42,38,84,112,1,45"/><T24/><D122/><U91/><E117/><N who="2" m="45163" /><F114/><W133/><G1/><T63/><D73/><U8/><E121/><V49/><F134/><W78/><G112/><T11/><D107/><U97/><E115/><V120/><F120/><W4/><G74/><T51/><D51/><U95/><E135/><V17/><F49/><W75/><G75/><T18/><D11/><U87/><E72/><V53/><F53/><W44/><G131/><T105/><D105/><U81/><E34/><V55/><F55/><W50/><G133/><T31/><D18/><U90/><E125/><N who="0" m="47625" /><D110/><U37/><E37/><V124/><F124/><W103/><G4/><T111/><D111/><U82/><E43/><V132/><F132/><W0/><G0/><N who="0" m="167" /><D128/><U26/><REACH who="1" step="1"/><E81/><AGARI ba="0,0" hai="24,31,35,61,63,81,85,89" m="167,47625" machi="81" ten="30,2900,0" yaku="18,1,52,1" doraHai="79" who="0" fromWho="1" sc="321,29,169,-29,238,0,272,0" /><INIT seed="4,1,0,0,1,79" ten="350,140,238,272" oya="0" hai0="76,126,103,118,52,120,69,22,104,20,18,57,123" hai1="6,94,134,71,100,54,68,85,28,24,80,92,13" hai2="44,26,8,95,48,114,129,115,113,75,81,31,65" hai3="70,109,116,93,56,90,82,125,41,78,88,97,45"/><T77/><D118/><U15/><E134/><V61/><F129/><W42/><G70/><T89/><D69/><U9/><E15/><V108/><F108/><W50/><G109/><T21/><D103/><U14/><E14/><V37/><F37/><W91/><G116/><T67/><D104/><U96/><E92/><V84/><F95/><W51/><G125/><T110/><D126/><U111/><E111/><V132/><F75/><W74/><G56/><T135/><D135/><U55/><E71/><N who="2" m="42415" /><F8/><W25/><G25/><T131/><D67/><U102/><E102/><V112/><F132/><W35/><G35/><T119/><D131/><U17/><E6/><V105/><F105/><W40/><REACH who="3" step="1"/><G51/><REACH who="3" ten="350,140,238,262" step="2"/><T99/><D119/><U11/><E68/><V117/><F117/><W43/><AGARI ba="1,1" hai="40,41,42,43,45,50,74,78,82,88,90,91,93,97" machi="43" ten="30,16000,3" yaku="1,1,2,1,0,1,52,1,54,1,53,4" doraHai="79" doraHaiUra="38" who="3" fromWho="3" sc="350,-81,140,-41,238,-41,262,173" /><INIT seed="5,0,0,1,1,72" ten="269,99,197,435" oya="1" hai0="23,0,90,127,15,134,125,75,34,33,80,7,64" hai1="99,5,131,114,124,13,6,29,65,24,17,68,50" hai2="53,20,118,102,1,69,122,117,54,73,26,126,81" hai3="112,19,98,42,27,22,43,25,47,97,123,105,135"/><U119/><E119/><V46/><F1/><W57/><G123/><T96/><D134/><U3/><E3/><V16/><F69/><W115/><G135/><T133/><D133/><U67/><E114/><N who="3" m="43562" /><G57/><T9/><D64/><N who="1" m="24651" /><E68/><V116/><F102/><N who="3" m="62671" /><G98/><T4/><D34/><U92/><E131/><V49/><F126/><W79/><G79/><T62/><D33/><U2/><E2/><V94/><F94/><W56/><G56/><T66/><D0/><U48/><E124/><V110/><F122/><W104/><G104/><T63/><D125/><U58/><E29/><V11/><F11/><W93/><G93/><T103/><D127/><U128/><E128/><V120/><F54/><W52/><G27/><T8/><D66/><U121/><E24/><V109/><REACH who="2" step="1"/><F120/><REACH who="2" ten="269,99,187,435" step="2"/><W86/><G52/><T87/><D103/><N who="1" m="60903" /><E121/><V101/><F101/><W12/><G43/><T88/><D9/><N who="1" m="6319" /><E58/><V70/><F70/><W82/><G42/><T31/><D8/><U35/><E35/><V38/><F38/><W61/><G47/><T18/><D7/><AGARI ba="0,1" hai="5,6,7,48,50" m="6319,60903,24651" machi="7" ten="30,1500,0" yaku="8,1" doraHai="72" who="1" fromWho="0" sc="269,-15,99,25,187,0,435,0" /><INIT seed="5,1,0,0,2,102" ten="254,124,187,435" oya="1" hai0="19,60,91,23,22,55,121,69,132,8,52,126,134" hai1="18,90,47,56,74,2,39,15,105,20,129,112,59" hai2="49,17,11,44,48,114,1,27,51,16,130,110,37" hai3="10,41,30,68,25,63,104,109,67,98,40,75,34"/><U124/><E112/><V111/><F130/><W103/><G109/><T5/><D126/><U86/><E74/><V89/><F114/><W4/><G75/><T79/><D79/><U31/><E124/><V117/><F117/><W80/><G80/><T93/><D121/><U92/><E129/><V53/><F89/><W78/><G78/><T6/><D69/><U38/><E2/><AGARI ba="1,0" hai="2,4,10,25,30,34,40,41,63,67,68,98,103,104" machi="2" ten="30,7700,0" yaku="7,1,25,2,52,1" doraHai="102" who="3" fromWho="1" sc="254,0,124,-80,187,0,435,80" /><INIT seed="6,0,0,1,3,42" ten="254,44,187,515" oya="2" hai0="67,24,135,87,77,96,34,69,36,74,62,78,30" hai1="61,38,133,107,32,73,90,97,119,120,16,134,23" hai2="11,6,14,100,89,49,44,129,84,106,9,64,56" hai3="83,48,80,59,5,66,15,122,94,35,130,37,118"/><V0/><F129/><W27/><G37/><T4/><D74/><U7/><E119/><V91/><F106/><W2/><G2/><T46/><D135/><U41/><E32/><V21/><F100/><W10/><G122/><T63/><D4/><U112/><E73/><V102/><F102/><W72/><G72/><T29/><D29/><U126/><E120/><V55/><F21/><W28/><G118/><T40/><D96/><U88/><E112/><V65/><F89/><W109/><G109/><T3/><D3/><U52/><E7/><V75/><F75/><W117/><G130/><T26/><D26/><U128/><E128/><V57/><F57/><W110/><G110/><T105/><D105/><U131/><E131/><V8/><F56/><W114/><G114/><T121/><D121/><U58/><E126/><V124/><F124/><W132/><G132/><N who="1" m="50794" /><E41/><V93/><F9/><W81/><G117/><T127/><D127/><U25/><E38/><V43/><F43/><W108/><G108/><T85/><D63/><U71/><E71/><V76/><F76/><W111/><G111/><T103/><D103/><AGARI ba="0,0" hai="16,23,25,52,58,61,88,90,97,103,107" m="50794" machi="103" ten="30,7700,0" yaku="20,1,54,3" doraHai="42" who="1" fromWho="0" sc="254,-77,44,77,187,0,515,0" /><INIT seed="7,0,0,1,4,110" ten="177,121,187,515" oya="3" hai0="103,119,64,83,58,60,47,45,12,88,98,105,115" hai1="0,34,121,86,3,95,66,7,133,9,29,74,2" hai2="131,94,123,38,62,44,25,82,52,120,57,21,51" hai3="32,79,89,90,73,24,135,5,16,104,50,13,65"/><W15/><G104/><T14/><D119/><U40/><E121/><N who="2" m="46667" /><F131/><W102/><G102/><T37/><D115/><U33/><E74/><V17/><F94/><W85/><G73/><T77/><D88/><U6/><E40/><N who="2" m="22551" /><F82/><W30/><G65/><T19/><D37/><U56/><E86/><V129/><F129/><W20/><G135/><T59/><D59/><U76/><E95/><V93/><F93/><W84/><G50/><AGARI ba="0,0" hai="17,21,25,50,51,52,57,62" m="22551,46667" machi="50" ten="30,2000,0" yaku="13,1,54,1" doraHai="110" who="2" fromWho="3" sc="177,0,121,0,187,20,515,-20" owari="177,-22.3,121,-37.9,207,0.7,495,59.5" /></mjloggm>