<mjloggm ver="2.3"><GO type="169" lobby="0"/><UN n0="%E2%97%8E%E3%82%88%E3%81%97%E2%97%8E" n1="%E3%83%97%E3%83%AC%E3%82%B9%E3%83%97" n2="%E9%81%A0%E8%BF%91%E9%99%B0%E6%99%B4%E7%9A%86%E5%85%A5%E5%BF%83" n3="%E3%83%87%E3%83%A9%E3%82%B3%E3%83%83%E3%82%B3" dan="16,16,17,16" rate="2154.53,2177.47,2188.78,2126.62" sx="M,M,F,M"/><TAIKYOKU oya="0"/><INIT seed="0,0,0,3,2,56" ten="250,250,250,250" oya="0" hai0="53,30,58,114,6,50,103,35,120,23,78,63,133" hai1="40,118,5,12,37,55,86,69,79,106,71,8,61" hai2="119,115,47,25,72,22,28,65,32,0,116,49,128" hai3="96,90,101,20,123,97,1,3,81,2,107,124,14"/><T70/><D120/><U132/><E118/><N who="2" m="45099" /><F115/><W104/><G123/><T15/><D114/><U27/><E132/><V113/><F113/><W100/><G124/><T4/><D133/><U112/><E112/><V26/><F72/><W125/><G125/><T13/><D35/><U17/><E106/><V19/><F65/><W126/><G126/><T38/><D38/><U64/><E55/><N who="2" m="30143" /><F0/><W75/><G14/><N who="0" m="5131" /><D78/><U31/><E69/><V51/><F51/><W87/><G20/><T109/><D70/><U59/><E40/><V134/><F134/><W52/><G52/><N who="0" m="34247" /><D109/><U84/><E37/><V131/><AGARI ba="0,0" hai="19,22,25,26,28,32,128,131" m="30143,45099" machi="131" ten="30,1100,0" yaku="12,1" doraHai="56" who="2" fromWho="2" sc="250,-5,250,-3,250,11,250,-3" /><INIT seed="1,0,0,4,4,36" ten="245,247,261,247" oya="1" hai0="96,40,92,122,95,57,117,72,54,90,31,47,99" hai1="66,50,132,19,75,89,20,12,127,7,9,39,118" hai2="71,34,83,114,4,80,46,11,135,51,84,8,94" hai3="104,26,121,25,56,85,59,79,15,120,82,70,41"/><U125/><E39/><V67/><F34/><W107/><G70/><T87/><D117/><U116/><E75/><V62/><F135/><W126/><G126/><N who="1" m="48138" /><E66/><V3/><F114/><W42/><G15/><T130/><D130/><U27/><E89/><V35/><F35/><W43/><G85/><T112/><D112/><U14/><E50/><V45/><F45/><W30/><G30/><T74/><D122/><N who="3" m="47209" /><G82/><T113/><D113/><U23/><E132/><V123/><F123/><W98/><G98/><T77/><D77/><U76/><E76/><V2/><F94/><W102/><G102/><T134/><D134/><U115/><E115/><V65/><F65/><W6/><G6/><T124/><D124/><U48/><E48/><V105/><F105/><N who="3" m="40523" /><G79/><T63/><D96/><U97/><E97/><V78/><F80/><W64/><G64/><T49/><REACH who="0" step="1"/><D31/><AGARI ba="0,0" hai="7,9,12,14,19,20,23,27,31,116,118" m="48138" machi="31" ten="30,5800,0" yaku="18,1,34,2" doraHai="36" who="1" fromWho="0" sc="245,-58,247,58,261,0,247,0" /><INIT seed="1,1,0,2,5,79" ten="187,305,261,247" oya="1" hai0="77,135,75,17,117,73,48,80,7,132,10,14,34" hai1="130,92,120,108,16,98,68,57,13,104,52,40,71" hai2="37,43,106,94,41,112,115,124,81,102,84,46,69" hai3="103,62,123,31,67,9,8,65,107,26,22,114,74"/><U64/><E120/><V5/><F69/><W88/><G123/><T1/><D117/><U24/><E130/><V121/><F121/><W23/><G114/><N who="2" m="43561" /><F124/><W49/><G74/><T109/><D109/><U45/><E104/><V101/><F5/><W95/><G107/><T119/><D119/><U39/><E64/><V66/><F66/><W36/><G36/><T2/><D34/><U12/><E108/><V28/><F28/><W21/><G103/><T60/><D75/><U30/><E12/><V111/><F111/><W96/><G67/><T51/><D60/><U18/><E68/><V53/><F43/><W47/><G8/><T118/><D118/><U128/><E13/><V126/><F94/><W76/><G76/><T110/><D110/><U100/><E71/><V83/><F126/><W127/><G9/><T63/><D63/><U87/><E87/><V122/><F122/><W42/><REACH who="3" step="1"/><G127/><REACH who="3" ten="187,305,261,237" step="2"/><T70/><D2/><U125/><E125/><V56/><F106/><W129/><G129/><T97/><D70/><AGARI ba="1,1" hai="21,22,23,26,31,42,47,49,62,65,70,88,95,96" machi="70" ten="30,7700,0" yaku="1,1,7,1,54,1,53,1" doraHai="79" doraHaiUra="89" who="3" fromWho="0" sc="187,-80,305,0,261,0,237,90" /><INIT seed="2,0,0,4,3,130" ten="107,305,261,327" oya="2" hai0="91,17,15,83,75,41,73,85,53,69,24,49,43" hai1="64,124,104,98,132,113,32,114,40,70,63,134,76" hai2="19,81,6,37,87,95,72,135,42,125,79,5,27" hai3="47,116,108,14,28,44,59,66,102,90,12,57,106"/><V112/><F112/><N who="1" m="43113" /><E76/><V107/><F107/><W35/><G116/><T77/><D69/><U129/><E129/><V99/><F125/><W54/><G108/><T45/><D24/><U123/><E124/><V122/><F122/><W86/><G35/><T96/><D75/><U22/><E22/><V60/><F37/><W48/><G28/><T39/><D39/><U119/><E119/><V56/><F42/><W65/><G102/><T88/><D96/><U16/><E16/><V34/><F72/><W11/><G106/><T121/><D121/><U3/><E123/><V62/><F62/><N who="3" m="38095" /><G66/><T94/><REACH who="0" step="1"/><D91/><REACH who="0" ten="97,305,261,327" step="2"/><U20/><E98/><V126/><F27/><W1/><G90/><T80/><D80/><U7/><E32/><V38/><F99/><W23/><G86/><T8/><AGARI ba="0,1" hai="8,15,17,41,43,45,49,53,73,77,83,85,88,94" machi="8" ten="20,5200,0" yaku="1,1,0,1,7,1,54,1,53,0" doraHai="130" doraHaiUra="110" who="0" fromWho="0" sc="97,62,305,-13,261,-26,327,-13" /><INIT seed="3,0,0,1,5,130" ten="159,292,235,314" oya="3" hai0="125,23,10,40,78,35,12,60,87,51,29,85,22" hai1="21,68,11,41,104,64,121,119,67,101,26,61,42" hai2="122,135,39,71,13,107,100,131,58,108,70,53,55" hai3="3,59,43,110,90,57,118,111,24,99,112,132,32"/><W69/><G112/><T76/><D125/><U89/><E121/><V95/><F107/><W126/><G118/><T115/><D115/><U129/><E129/><V74/><F131/><W33/><G69/><T102/><D102/><U116/><E67/><V80/><F39/><W88/><G3/><T48/><D35/><N who="3" m="13385" /><G43/><T133/><D60/><U97/><E11/><V18/><F95/><N who="3" m="56807" /><G24/><T38/><D10/><U8/><E8/><V83/><F100/><W86/><G126/><T25/><D12/><U17/><E89/><V124/><F13/><W93/><G132/><T47/><D133/><U134/><E134/><V63/><F135/><W82/><G93/><T30/><D30/><U46/><REACH who="1" step="1"/><E42/><REACH who="1" ten="159,282,235,314" step="2"/><V72/><F124/><W2/><G2/><T96/><D40/><U79/><E79/><V6/><F122/><W7/><G7/><T28/><D78/><U52/><E52/><V56/><F6/><W114/><G114/><T120/><D76/><U113/><E113/><V65/><F65/><W9/><G9/><T127/><D127/><U27/><E27/><V37/><F55/><W103/><G103/><T20/><D25/><U109/><E109/><AGARI ba="0,1" hai="57,59,82,86,90,109,110,111" m="56807,13385" machi="109" ten="30,5800,0" yaku="14,1,10,1,54,1" doraHai="130" who="3" fromWho="1" sc="159,0,282,-58,235,0,314,68" /><INIT seed="3,1,0,5,0,99" ten="159,224,235,382" oya="3" hai0="42,44,112,129,111,43,89,51,40,0,49,66,2" hai1="19,121,109,10,30,105,59,4,60,122,101,108,85" hai2="57,73,13,50,102,83,79,84,46,134,92,69,33" hai3="87,114,80,16,52,95,37,82,123,125,97,118,11"/><W90/><G114/><T78/><D112/><U64/><E19/><V131/><F69/><W20/><G118/><T21/><D111/><N who="1" m="42571" /><E30/><V17/><F33/><W67/><G123/><T8/><D129/><U81/><E101/><V5/><F131/><W12/><G125/><T14/><D78/><N who="1" m="46263" /><E105/><V54/><F134/><W41/><G67/><T15/><D89/><U126/><E126/><V23/><F5/><W76/><G82/><T56/><D66/><U96/><E96/><N who="2" m="59655" /><F73/><W65/><G65/><T35/><D35/><U130/><E130/><V68/><F68/><W100/><G76/><T36/><D36/><U32/><E32/><V29/><F29/><W128/><G128/><T48/><D56/><AGARI ba="1,0" hai="13,17,23,46,50,54,56,57,79,83,84" m="59655" machi="56" ten="30,2000,0" yaku="8,1,52,1" doraHai="99" who="2" fromWho="0" sc="159,-23,224,0,235,23,382,0" /><INIT seed="4,0,0,4,3,6" ten="136,224,258,382" oya="0" hai0="9,76,101,93,133,75,17,72,108,84,116,32,16" hai1="43,31,127,119,83,77,48,1,46,39,15,63,56" hai2="102,96,19,50,135,87,80,8,105,69,61,3,66" hai3="13,2,38,78,27,125,7,14,109,112,128,67,24"/><T64/><D116/><U44/><E119/><V114/><F114/><W71/><G38/><T18/><D32/><U103/><E1/><V88/><F135/><W57/><G71/><T62/><D133/><U58/><E127/><V26/><F50/><W22/><G67/><T52/><D108/><U86/><E31/><V41/><F41/><W4/><G57/><T10/><D75/><U11/><E103/><V33/><F19/><W28/><G78/><T20/><D72/><U74/><E74/><V100/><F100/><W121/><G109/><T132/><D132/><U104/><E104/><V106/><F106/><W65/><G65/><T37/><D37/><U115/><E63/><V54/><F54/><W91/><G91/><N who="0" m="53479" /><D76/><U23/><E23/><V117/><F117/><W129/><G112/><T59/><D101/><U113/><E113/><V97/><F97/><W25/><G125/><T92/><D92/><U94/><E94/><V70/><F70/><W131/><G121/><T134/><D134/><U73/><E73/><V82/><F82/><W98/><G98/><T35/><D35/><U42/><REACH who="1" step="1"/><E115/><REACH who="1" ten="136,214,258,382" step="2"/><V49/><F3/><W90/><G2/><T68/><D68/><U85/><E85/><V126/><F126/><W123/><G123/><T79/><D64/><U55/><E55/><V45/><F33/><W120/><G120/><T89/><D20/><U122/><E122/><V40/><REACH who="2" step="1"/><F26/><REACH who="2" ten="136,214,248,382" step="2"/><W5/><G27/><T51/><D62/><U110/><E110/><V30/><F30/><W12/><G25/><T81/><D79/><U34/><E34/><V36/><F36/><RYUUKYOKU ba="0,2" sc="136,0,214,0,248,0,382,0" hai0="9,10,16,17,18,51,52,59,81,89" hai1="11,15,39,42,43,44,46,48,56,58,77,83,86" hai2="8,40,45,49,61,66,69,80,87,88,96,102,105" hai3="4,5,7,12,13,14,22,24,28,90,128,129,131" /><INIT seed="4,1,2,0,2,50" ten="136,214,248,382" oya="0" hai0="91,58,18,8,92,127,14,51,30,83,110,105,35" hai1="25,20,33,46,90,85,128,12,123,45,86,109,126" hai2="29,5,17,134,66,125,24,27,100,38,124,68,44" hai3="89,23,104,42,117,112,94,53,59,16,71,63,61"/><T76/><D105/><U113/><E109/><V49/><F38/><W101/><G117/><T81/><D35/><U88/><E123/><V130/><F134/><W64/><G112/><T26/><D110/><U7/><E113/><V118/><F118/><W10/><G42/><T133/><D133/><U41/><E126/><N who="2" m="48747" /><F130/><W9/><G101/><T79/><D127/><U19/><E128/><V54/><F100/><W103/><G103/><T69/><D69/><U131/><E131/><V114/><F114/><W87/><G104/><T116/><D116/><U75/><E75/><V80/><F5/><W96/><G87/><N who="0" m="52351" /><D26/><AGARI ba="1,2" hai="9,10,16,23,26,53,59,61,63,64,71,89,94,96" machi="26" ten="30,8000,1" yaku="7,1,25,2,52,1,54,1" doraHai="50" who="3" fromWho="0" sc="136,-83,214,0,248,0,382,103" /><INIT seed="5,0,0,5,5,109" ten="53,214,248,485" oya="1" hai0="135,10,114,36,52,80,78,40,123,72,13,7,34" hai1="37,25,92,51,69,87,83,132,62,2,73,28,79" hai2="21,56,49,48,1,111,126,63,86,75,90,94,20" hai3="124,23,89,110,122,43,22,39,131,134,32,112,19"/><U9/><E132/><V31/><F111/><W93/><G93/><T16/><D135/><U133/><E133/><V18/><F1/><W129/><G89/><T8/><D34/><U101/><E37/><V76/><F126/><W0/><G43/><T59/><D123/><U30/><E51/><V120/><F120/><W11/><G23/><T85/><D114/><U54/><E73/><V128/><F128/><W47/><G22/><T117/><D117/><U57/><E69/><V55/><F76/><W77/><G11/><T70/><D70/><U41/><E41/><V14/><F75/><W58/><G19/><T33/><D33/><U66/><E54/><V42/><F42/><W27/><G58/><T119/><D119/><U4/><REACH who="1" step="1"/><E25/><AGARI ba="0,0" hai="14,18,20,21,25,31,48,49,55,56,63,86,90,94" machi="25" ten="40,1300,0" yaku="8,1" doraHai="109" who="2" fromWho="1" sc="53,0,214,-13,248,13,485,0" /><INIT seed="6,0,0,3,5,30" ten="53,201,261,485" oya="2" hai0="14,132,118,88,57,71,128,29,100,24,48,5,49" hai1="27,50,41,33,103,123,121,72,113,108,126,101,119" hai2="38,81,18,95,25,23,91,19,35,130,107,89,55" hai3="127,90,83,54,94,10,110,26,73,51,102,20,8"/><V39/><F107/><W34/><G34/><T31/><D71/><U134/><E50/><V40/><F130/><W32/><G32/><T112/><D128/><U104/><E41/><V2/><F2/><W67/><G67/><T44/><D112/><U116/><E27/><V4/><F4/><W106/><G106/><T92/><D132/><U109/><E72/><V56/><F35/><W17/><G127/><T13/><D100/><N who="1" m="38475" /><E33/><V28/><F39/><W66/><G66/><T78/><D78/><U43/><E43/><V133/><F133/><W60/><G60/><T15/><D5/><U62/><E62/><V131/><F131/><W86/><G110/><N who="1" m="42602" /><E104/><V79/><F40/><W58/><G73/><T74/><D74/><U96/><E134/><V129/><F38/><W16/><G17/><T46/><D118/><N who="1" m="45099" /><E96/><AGARI ba="0,0" hai="8,10,16,20,26,51,54,58,83,86,90,94,96,102" machi="96" ten="40,2600,0" yaku="8,1,54,1" doraHai="30" who="3" fromWho="1" sc="53,0,201,-26,261,0,485,26" /><INIT seed="7,0,0,1,2,88" ten="53,175,261,511" oya="3" hai0="18,115,59,127,121,7,62,95,97,69,55,57,65" hai1="91,111,96,24,36,92,21,80,5,119,39,60,48" hai2="4,84,68,32,120,128,49,99,125,46,47,107,90" hai3="33,66,81,64,71,17,20,89,112,76,30,126,122"/><W16/><G33/><T22/><D121/><U26/><E111/><V130/><F68/><W72/><G30/><T131/><D127/><U135/><E135/><V129/><F120/><W102/><G89/><T67/><D131/><U110/><E5/><V77/><F32/><W38/><G102/><T41/><D69/><U108/><E60/><V23/><F125/><W70/><G20/><T54/><D41/><U79/><E48/><V94/><F4/><W12/><G12/><T93/><D7/><U37/><E119/><V0/><F0/><W14/><G14/><T15/><D115/><U28/><E26/><V61/><F61/><W100/><G100/><T35/><D35/><U83/><E83/><N who="2" m="47215" /><F107/><W132/><G81/><T87/><D87/><U10/><E10/><V2/><F2/><W85/><G85/><T53/><D97/><U52/><E80/><V45/><F23/><W19/><G38/><T104/><D104/><U82/><E82/><V101/><F101/><W27/><G27/><T98/><D98/><U44/><E79/><V106/><F106/><W50/><G76/><T124/><D124/><U105/><E105/><V31/><F31/><W13/><G72/><T29/><D29/><U63/><E28/><V42/><AGARI ba="0,0" hai="42,45,46,47,49,90,94,99,128,129,130" m="47215" machi="42" ten="30,2000,0" yaku="19,1,52,1" doraHai="88" who="2" fromWho="2" sc="53,-5,175,-5,261,20,511,-10" owari="48,-45.2,170,-23.0,281,8.1,501,60.1" /></mjloggm>