<mjloggm ver="2.3"><GO type="225" lobby="0"/><UN n0="%E8%B5%A4%E3%81%84%E8%9B%99%31%31" n1="%E3%83%96%E3%83%83%E3%83%91%E3%82%AA%E3%83%96%E3%83%81%E3%82%AD%E3%83%B3" n2="%E3%82%BC%E3%83%AB%E3%83%80%E3%81%AE%E4%BC%9D%E8%AA%AC" n3="%E3%83%9D%E3%82%B1%E3%83%83%E3%83%88" dan="16,16,17,16" rate="2061.64,2135.38,2146.73,2046.06" sx="M,M,M,M"/><TAIKYOKU oya="0"/><INIT seed="0,0,0,3,1,71" ten="250,250,250,250" oya="0" hai0="112,42,15,25,57,114,58,2,5,69,121,105,3" hai1="32,124,92,120,78,133,125,127,43,104,76,118,86" hai2="94,10,54,97,100,12,9,23,123,110,61,26,85" hai3="27,29,17,37,75,96,68,73,80,132,115,74,88"/><T63/><D121/><U111/><E32/><V44/><F110/><W31/><G115/><T36/><D105/><U7/><E120/><V101/><F123/><W81/><G68/><T20/><D69/><U102/><E7/><V48/><F85/><W64/><G64/><T49/><D114/><U4/><E4/><V89/><F61/><W35/><G132/><T65/><D112/><U38/><E118/><V130/><F130/><W52/><G37/><T79/><D79/><N who="1" m="30251" /><E111/><V0/><F0/><W11/><G31/><T128/><D128/><U90/><E133/><V113/><F113/><W1/><G1/><T28/><D36/><U30/><E30/><V126/><F126/><W122/><G122/><T116/><D116/><U41/><E38/><V95/><F95/><W39/><G39/><T83/><D83/><U93/><E104/><V62/><F62/><W18/><G52/><T129/><D129/><U117/><E117/><V13/><F13/><W56/><G56/><T87/><D87/><U77/><N who="1" m="30259" /><U53/><DORA hai="59" /><E53/><V72/><F72/><W91/><G17/><T60/><D42/><U70/><E70/><V46/><F46/><W108/><G108/><T40/><D40/><U82/><E82/><V66/><F66/><W51/><G81/><T22/><D49/><U6/><E6/><N who="2" m="3127" /><F10/><W8/><G51/><T131/><D131/><U45/><E45/><V50/><F50/><W33/><G33/><T34/><D34/><U24/><E24/><V67/><F67/><W16/><G80/><T84/><D84/><U103/><E93/><V99/><F99/><RYUUKYOKU ba="0,0" sc="250,-15,250,15,250,15,250,-15" hai1="41,43,86,90,92,102,103,124,125,127" hai2="23,26,44,48,54,89,94,97,100,101" /><INIT seed="1,1,0,2,1,74" ten="235,265,265,235" oya="1" hai0="14,73,129,134,62,27,53,132,69,11,70,17,29" hai1="90,95,37,79,57,101,22,65,26,23,107,67,115" hai2="4,68,94,15,10,86,121,104,127,52,116,13,97" hai3="38,66,3,98,135,21,47,40,118,130,5,111,114"/><U120/><E115/><V19/><F116/><W44/><G114/><T59/><D73/><U31/><E120/><V109/><F121/><W58/><G118/><T92/><D129/><U45/><E107/><V110/><F68/><W78/><G130/><T124/><D124/><U128/><E128/><V80/><F127/><W8/><G111/><T125/><D125/><U24/><E101/><V42/><F42/><W102/><G135/><N who="0" m="51755" /><D92/><U100/><E100/><V126/><F104/><W91/><G44/><T76/><D76/><U75/><E57/><V133/><F126/><W119/><G119/><T30/><D30/><U25/><E25/><V28/><F28/><W93/><G21/><AGARI ba="1,0" hai="11,14,17,21,27,29,53,59,62,69,70" m="51755" machi="21" ten="30,1000,0" yaku="20,1" doraHai="74" who="0" fromWho="3" sc="235,13,265,0,265,0,235,-13" /><INIT seed="2,0,0,4,3,21" ten="248,265,265,222" oya="2" hai0="75,94,82,130,76,28,24,52,18,37,133,41,67" hai1="120,73,34,81,80,15,134,102,17,8,123,55,50" hai2="90,49,132,32,62,86,1,23,101,112,19,3,16" hai3="2,9,35,33,48,13,47,58,11,125,57,111,119"/><V0/><F112/><W107/><G107/><T29/><D130/><U131/><E131/><V63/><F32/><W128/><G119/><T92/><D67/><U65/><E134/><V74/><F74/><W25/><G128/><T70/><D70/><U27/><E65/><V38/><F38/><W104/><G104/><T56/><D133/><U121/><E102/><V10/><F132/><W12/><G2/><T7/><D7/><U31/><REACH who="1" step="1"/><E73/><REACH who="1" ten="248,255,265,222" step="2"/><V116/><F101/><W127/><G111/><T6/><D75/><U51/><E51/><V78/><F116/><W85/><G85/><T103/><D103/><U36/><E36/><V126/><F49/><W45/><G48/><T26/><D37/><U54/><E54/><V61/><F126/><W135/><REACH who="3" step="1"/><G135/><REACH who="3" ten="248,255,265,212" step="2"/><T84/><D41/><U97/><E97/><V43/><F43/><W96/><G96/><T99/><D99/><U113/><E113/><V22/><F86/><W79/><G79/><T39/><D39/><U124/><E124/><V91/><F78/><W60/><G60/><T110/><D76/><U129/><E129/><V109/><F61/><W14/><G14/><T68/><D84/><U30/><E30/><V69/><F3/><W115/><G115/><T95/><D29/><U72/><E72/><V108/><F69/><W42/><G42/><T106/><D68/><U71/><E71/><V87/><F87/><W64/><G64/><T46/><D28/><U122/><N who="1" m="30720" /><DORA hai="20" /><U83/><E83/><V40/><F40/><W100/><G100/><T4/><D82/><U5/><E5/><V89/><F89/><RYUUKYOKU ba="0,2" sc="248,-30,255,10,265,10,212,10" hai1="8,15,17,27,31,34,50,55,80,81" hai2="0,1,10,16,19,22,23,62,63,90,91,108,109" hai3="9,11,12,13,25,33,35,45,47,57,58,125,127" /><INIT seed="2,1,2,4,4,92" ten="218,265,275,222" oya="2" hai0="101,66,86,114,132,85,129,60,64,105,117,65,25" hai1="5,113,91,38,56,15,112,23,122,48,130,96,62" hai2="50,107,8,79,10,27,29,28,72,95,11,17,42" hai3="35,2,68,53,84,123,61,135,19,119,98,106,4"/><V34/><F107/><W121/><G119/><T51/><D114/><U32/><E38/><V3/><F72/><W116/><G116/><T49/><D117/><U103/><E32/><V55/><F42/><W1/><G19/><T22/><D129/><U16/><E130/><V127/><F127/><W83/><G35/><T102/><D132/><U120/><E91/><V30/><F79/><W6/><G135/><T110/><D110/><U131/><E48/><N who="0" m="18505" /><D60/><U20/><E5/><N who="2" m="1087" /><F95/><W80/><G61/><T82/><D105/><U63/><E131/><V40/><F55/><W13/><G53/><T69/><D69/><U125/><E125/><V26/><F50/><W7/><G68/><T9/><D9/><N who="2" m="3082" /><F40/><W43/><G43/><T75/><D75/><U133/><E133/><V87/><F87/><N who="0" m="33290" /><D82/><U37/><E37/><V81/><F81/><W39/><G39/><T88/><D88/><U54/><E63/><V36/><F36/><W126/><G126/><T104/><D104/><N who="1" m="63591" /><E112/><V115/><F115/><W76/><G80/><T109/><D109/><U78/><E113/><V57/><F57/><W31/><G1/><T0/><D0/><U52/><E78/><V33/><F33/><W58/><G2/><T99/><D99/><U67/><E54/><V108/><F108/><W18/><G58/><T45/><D45/><U118/><E118/><V89/><F89/><W97/><G106/><T59/><D59/><U93/><E52/><V44/><F44/><W46/><G46/><T12/><D12/><N who="1" m="9223" /><E93/><V124/><F124/><W128/><G128/><T41/><D41/><U24/><E15/><RYUUKYOKU ba="1,2" sc="218,10,265,10,275,10,222,-30" hai0="22,25,64,65,66,101,102" hai1="23,24,56,62,67,120,122" hai2="17,26,27,28,29,30,34" /><INIT seed="2,2,2,1,3,76" ten="228,275,285,192" oya="2" hai0="60,83,119,121,81,64,15,129,66,120,70,35,103" hai1="34,11,71,44,117,75,3,14,58,109,88,79,89" hai2="26,6,41,115,125,47,43,20,124,4,29,50,51" hai3="78,116,19,25,100,45,95,94,105,57,122,91,21"/><V107/><F107/><W93/><G116/><T36/><D36/><U72/><E117/><V86/><F115/><W42/><G122/><T27/><D119/><U48/><E71/><V53/><F86/><W118/><G118/><T12/><D129/><U63/><E34/><V31/><F31/><W39/><G78/><T131/><D131/><U101/><E3/><V85/><F85/><W37/><G37/><T67/><D103/><U2/><E2/><V130/><F130/><W98/><REACH who="3" step="1"/><G57/><REACH who="3" ten="228,275,285,182" step="2"/><T56/><D121/><U92/><E79/><V17/><F125/><W127/><G127/><T16/><D120/><U62/><E58/><V114/><F114/><W132/><G132/><T133/><D133/><U32/><E75/><V73/><F73/><W38/><G38/><T65/><D70/><U52/><E72/><V22/><F124/><W99/><AGARI ba="2,3" hai="19,21,25,39,42,45,91,93,94,95,98,99,100,105" machi="99" ten="20,5200,0" yaku="1,1,0,1,7,1,53,1" doraHai="76" doraHaiUra="40" who="3" fromWho="3" sc="228,-15,275,-15,285,-28,182,88" /><INIT seed="3,0,0,0,4,118" ten="213,260,257,270" oya="3" hai0="4,21,26,30,7,96,2,104,58,27,34,40,93" hai1="110,103,36,123,133,88,47,24,130,106,81,10,33" hai2="86,63,127,114,116,70,94,54,5,73,14,117,122" hai3="16,64,11,92,56,126,119,98,13,83,115,23,61"/><W105/><G119/><T59/><D104/><U91/><E123/><V82/><F114/><W1/><G115/><T29/><D40/><N who="1" m="22919" /><E10/><V99/><F73/><W132/><G132/><T22/><D34/><U19/><E81/><V12/><F127/><W39/><G39/><T51/><D2/><U80/><E80/><V71/><F54/><W125/><G105/><T72/><D72/><U37/><E37/><V25/><F25/><W112/><G112/><T102/><REACH who="0" step="1"/><D51/><REACH who="0" ten="203,260,257,270" step="2"/><U129/><E33/><V57/><F116/><W3/><G83/><T95/><D95/><U43/><E43/><V68/><F94/><W8/><G1/><T52/><D52/><U55/><E55/><V109/><F82/><W60/><G3/><T38/><D38/><U108/><E133/><V78/><F117/><W44/><G44/><T113/><D113/><U79/><E106/><V42/><F42/><W66/><G125/><T15/><D15/><U85/><E110/><V107/><F14/><W28/><G126/><T50/><D50/><U35/><E108/><V135/><F12/><W124/><G124/><T128/><D128/><U65/><E35/><V121/><F109/><W134/><G134/><T76/><D76/><U45/><E79/><V97/><F135/><W20/><G8/><T9/><D9/><U87/><E130/><V46/><F46/><W90/><G28/><T67/><D67/><U49/><E65/><N who="2" m="39151" /><F107/><W120/><G120/><T31/><D31/><U53/><E129/><V74/><F74/><W32/><G32/><T48/><D48/><U69/><E45/><V101/><F121/><RYUUKYOKU ba="0,1" sc="203,15,260,-15,257,-15,270,15" hai0="4,7,21,22,26,27,29,30,58,59,93,96,102" hai3="11,13,16,20,23,56,60,61,64,66,90,92,98" /><INIT seed="3,1,1,2,1,72" ten="218,245,242,285" oya="3" hai0="132,62,117,34,91,105,38,80,123,124,90,85,92" hai1="67,65,21,31,46,23,125,33,12,40,2,45,59" hai2="121,84,29,116,9,81,89,15,48,110,115,73,103" hai3="113,30,22,111,128,1,13,63,76,10,97,98,0"/><W6/><G113/><T77/><D34/><U131/><E2/><V20/><F116/><W27/><G128/><T60/><D117/><U25/><E131/><V70/><F115/><W36/><G36/><T16/><D123/><U43/><E125/><V114/><F114/><W7/><G111/><T88/><D38/><U55/><E33/><V87/><F110/><W79/><G63/><N who="0" m="24107" /><D105/><U5/><E59/><V58/><F70/><W75/><G75/><T39/><D39/><U78/><E55/><N who="2" m="32103" /><F73/><W32/><G6/><T133/><D124/><U54/><E54/><V49/><F121/><W24/><G0/><T37/><D37/><U129/><E129/><V28/><F103/><W82/><G1/><T66/><D66/><N who="1" m="25099" /><E78/><N who="2" m="46135" /><F20/><N who="3" m="15719" /><G82/><T64/><D64/><U122/><E23/><V99/><F99/><N who="3" m="37899" /><G32/><T135/><D16/><AGARI ba="1,1" hai="7,10,13,16,22,24,76,79" m="37899,15719" machi="16" ten="30,11600,0" yaku="8,1,52,2,54,1" doraHai="72" who="3" fromWho="0" sc="218,-119,245,0,242,0,285,129" owari="99,-40.1,245,4.5,242,-15.8,414,51.4" /></mjloggm>