<mjloggm ver="2.3"><GO type="169" lobby="0"/><UN n0="%E8%90%BD%E3%81%AE%E5%8D%83%E7%A7%8B" n1="%53%6F%6C%69%64" n2="%4F%4D%41%4E%54%41" n3="%E3%81%95%E3%81%8F%E3%82%88%E3%81%93%E3%81%A1%E3%82%83%E3%82%93" dan="17,17,17,16" rate="2148.36,2158.94,2181.96,2067.66" sx="F,M,M,M"/><TAIKYOKU oya="0"/><INIT seed="0,0,0,0,1,59" ten="250,250,250,250" oya="0" hai0="85,23,66,78,48,105,68,96,26,31,8,32,17" hai1="83,70,135,125,49,76,126,134,121,41,37,94,14" hai2="15,24,71,22,38,75,99,104,28,133,42,95,13" hai3="98,110,90,111,53,6,29,120,100,119,54,34,128"/><T64/><D8/><U113/><E121/><V27/><F75/><W87/><G119/><T20/><D32/><U46/><E70/><V12/><F104/><W112/><G120/><T116/><D116/><U130/><E113/><V97/><F133/><N who="1" m="50697" /><E94/><V93/><F71/><W7/><G112/><T106/><D48/><U3/><E3/><V102/><F27/><N who="3" m="18751" /><G7/><T4/><D4/><U79/><E14/><V63/><F38/><W58/><G58/><T40/><D40/><U118/><E118/><V60/><REACH who="2" step="1"/><F42/><REACH who="2" ten="250,250,240,250" step="2"/><W16/><G110/><T122/><D105/><U69/><E69/><V19/><F19/><W109/><G109/><T1/><D68/><U56/><E130/><V61/><F61/><W11/><G128/><T65/><D122/><U89/><E37/><V18/><F18/><W129/><G129/><T50/><D106/><U92/><E41/><V67/><F67/><W47/><G16/><T25/><D65/><U107/><E107/><V44/><F44/><W52/><G47/><T2/><D50/><U36/><E36/><V35/><F35/><W80/><G111/><T108/><D108/><U86/><E46/><V114/><F114/><W123/><G123/><T51/><D51/><U30/><E49/><V43/><F43/><W72/><G72/><T33/><D66/><U115/><E115/><V0/><F0/><W81/><G6/><T73/><D64/><U74/><E74/><V10/><F10/><W91/><G11/><T62/><D73/><U9/><E9/><V127/><F127/><W5/><G5/><T82/><D1/><U88/><E125/><RYUUKYOKU ba="0,1" sc="250,-10,250,-10,240,30,250,-10" hai2="12,13,15,22,24,28,60,63,93,95,97,99,102" /><INIT seed="1,1,1,0,0,68" ten="240,240,270,240" oya="1" hai0="99,121,5,57,1,51,89,88,71,25,10,126,50" hai1="36,81,87,13,56,52,34,85,17,16,9,48,53" hai2="11,7,82,84,73,20,60,107,72,95,47,49,59" hai3="104,12,120,37,15,30,94,98,39,80,27,97,122"/><U21/><E34/><V86/><F107/><W23/><G104/><T43/><D71/><U28/><E28/><V0/><F20/><W33/><G80/><T129/><D129/><U2/><E36/><V132/><F132/><W18/><G12/><T54/><D126/><U65/><E2/><V100/><F100/><W4/><G4/><T55/><D43/><U117/><E117/><V130/><F95/><W128/><G128/><T118/><D118/><U63/><E81/><V109/><F109/><W6/><G6/><T31/><D99/><U106/><E106/><V105/><F105/><W108/><G98/><T41/><D41/><U110/><E110/><V70/><F70/><W92/><G92/><T114/><D114/><U90/><E90/><V19/><F19/><W64/><G64/><T115/><D121/><U131/><E53/><V124/><F86/><W123/><REACH who="3" step="1"/><G108/><REACH who="3" ten="240,240,270,230" step="2"/><T103/><D115/><U133/><E131/><V134/><F130/><W35/><G35/><T93/><D93/><U62/><E133/><V74/><F134/><W116/><G116/><T113/><D113/><U26/><REACH who="1" step="1"/><E62/><REACH who="1" ten="240,230,270,230" step="2"/><V8/><F60/><W135/><G135/><T38/><D103/><AGARI ba="1,3" hai="15,18,23,27,30,33,37,39,94,97,103,120,122,123" machi="103" ten="40,5200,0" yaku="1,1,52,2,53,0" doraHai="68" doraHaiUra="45" who="3" fromWho="0" sc="240,-55,230,0,270,0,230,85" /><INIT seed="2,0,0,4,2,33" ten="185,230,270,315" oya="2" hai0="102,112,0,100,87,62,91,15,119,6,126,10,125" hai1="14,30,101,41,43,111,116,107,23,44,131,57,61" hai2="79,121,135,80,19,18,40,64,2,85,45,110,20" hai3="32,13,89,77,35,108,122,42,104,90,75,97,12"/><V31/><F121/><W115/><G122/><T38/><D112/><U99/><E116/><V82/><F135/><W48/><G115/><T60/><D38/><U71/><E71/><V73/><F110/><W59/><G108/><T52/><D119/><U86/><E111/><V24/><F64/><W78/><G59/><N who="0" m="34919" /><D62/><U118/><E131/><V123/><F123/><W92/><G48/><T36/><D36/><U83/><E118/><V74/><F2/><W7/><G42/><T51/><D51/><U55/><E44/><V114/><F114/><W16/><G92/><N who="0" m="54399" /><D15/><U113/><E113/><V93/><F93/><W4/><G97/><T22/><D22/><U130/><E130/><V39/><F73/><W29/><G104/><T50/><D50/><U106/><E106/><V11/><F11/><W63/><G63/><T133/><D133/><U66/><E66/><V54/><F54/><W70/><G70/><T81/><D81/><U46/><E46/><V134/><F134/><W8/><G8/><T25/><D25/><U128/><E128/><V21/><F21/><W69/><G69/><T88/><D88/><AGARI ba="0,0" hai="18,19,20,24,31,39,40,45,74,79,80,82,85,88" machi="88" ten="30,2900,0" yaku="7,1,54,1" doraHai="33" who="2" fromWho="0" sc="185,-29,230,0,270,29,315,0" /><INIT seed="2,1,0,1,4,16" ten="156,230,299,315" oya="2" hai0="90,92,93,45,95,3,123,0,100,25,98,127,85" hai1="101,65,30,10,12,17,11,1,31,94,106,113,68" hai2="7,112,20,43,115,22,39,56,66,6,122,91,86" hai3="129,60,107,72,76,58,108,5,69,61,63,28,132"/><V62/><F122/><W78/><G107/><T133/><D123/><U83/><E113/><V128/><F115/><W40/><G108/><T57/><D133/><U21/><E106/><V67/><F112/><W124/><G132/><T49/><D127/><U35/><E83/><V120/><F120/><W105/><G105/><T118/><D118/><U104/><E104/><V75/><F75/><W41/><G129/><T15/><D57/><U2/><E65/><N who="2" m="24587" /><F39/><W116/><G69/><T23/><D15/><U46/><E68/><V51/><F128/><W114/><G114/><T119/><D93/><U99/><E46/><N who="2" m="26079" /><F62/><W96/><G61/><T135/><D119/><U44/><E44/><V74/><F74/><W79/><G63/><T55/><REACH who="0" step="1"/><D135/><REACH who="0" ten="146,230,299,315" step="2"/><U130/><E130/><V54/><F56/><W117/><G58/><T9/><D9/><U47/><E47/><V70/><F70/><W53/><G124/><T34/><D34/><U97/><E35/><V131/><F131/><W29/><G117/><T81/><D81/><U109/><E11/><V134/><F134/><W8/><G8/><T64/><D64/><U50/><E10/><V13/><F13/><W77/><G116/><T121/><D121/><U32/><E32/><V126/><F126/><W73/><G73/><T111/><D111/><U110/><E110/><V125/><F125/><W103/><G72/><T33/><D33/><U48/><E109/><V88/><F6/><W89/><G5/><T42/><D42/><U59/><E59/><V36/><F7/><W102/><G41/><T18/><AGARI ba="1,1" hai="0,3,18,23,25,45,49,55,85,90,92,95,98,100" machi="18" ten="20,5200,0" yaku="1,1,0,1,7,1,52,1,53,0" doraHai="16" doraHaiUra="4" who="0" fromWho="0" sc="146,65,230,-14,299,-27,315,-14" /><INIT seed="3,0,0,2,3,135" ten="211,216,272,301" oya="3" hai0="104,65,89,31,124,86,19,95,66,30,116,26,34" hai1="55,72,115,93,37,120,8,69,105,17,36,114,24" hai2="16,84,25,117,11,48,59,122,96,54,121,43,57" hai3="4,109,2,39,97,0,111,130,27,112,80,123,78"/><W51/><G112/><T58/><D116/><U90/><E120/><N who="2" m="46187" /><F117/><W94/><G39/><T107/><D30/><U82/><E105/><V60/><F96/><W119/><G119/><T38/><D38/><U127/><E69/><V75/><F75/><W53/><G27/><T33/><D34/><U64/><E64/><N who="2" m="38927" /><F84/><N who="3" m="48151" /><G4/><T128/><D128/><U67/><E67/><V47/><F11/><W98/><G130/><T77/><D77/><U81/><E114/><V15/><F25/><W52/><G53/><T23/><D66/><U73/><E115/><V76/><F76/><W71/><G71/><T28/><D104/><U13/><E24/><V126/><F15/><W92/><G98/><T14/><D107/><U22/><E8/><V12/><F12/><W21/><G21/><T70/><D70/><U74/><E55/><V133/><F16/><W45/><G94/><T102/><D102/><U32/><E32/><V99/><F99/><W103/><G123/><T9/><D31/><U29/><E29/><V125/><F133/><W85/><G85/><T1/><D1/><U134/><E134/><V131/><F131/><W87/><G87/><T35/><D35/><U132/><E132/><V40/><F40/><W44/><G2/><T106/><D33/><U68/><E74/><V42/><F42/><N who="3" m="24983" /><G0/><T110/><D28/><U5/><E73/><V91/><F91/><W41/><G41/><T6/><D89/><U20/><E90/><V100/><F100/><W129/><G129/><T3/><D86/><U79/><E72/><V83/><F83/><W113/><G113/><T49/><D26/><RYUUKYOKU ba="0,0" sc="211,-15,216,-15,272,15,301,15" hai2="43,47,48,54,59,125,126" hai3="45,52,92,97,103,109,111" /><INIT seed="3,1,0,5,1,50" ten="196,201,287,316" oya="3" hai0="12,33,115,55,99,37,32,57,74,47,118,42,78" hai1="73,65,59,41,117,120,86,34,40,94,97,62,127" hai2="16,68,21,49,92,3,126,106,122,17,46,95,22" hai3="116,30,64,63,110,98,89,102,9,51,60,69,125"/><W6/><G116/><T131/><D118/><U31/><E73/><V61/><F106/><W85/><G125/><T87/><D131/><U129/><E120/><V29/><F3/><W75/><G75/><T119/><D115/><U130/><E117/><V123/><F126/><W88/><G110/><T96/><D74/><U8/><E127/><V2/><F2/><W66/><G30/><T1/><D1/><U128/><E86/><V38/><F38/><W81/><G51/><T84/><D84/><U104/><E104/><V0/><F0/><W52/><G88/><T53/><D32/><U101/><REACH who="1" step="1"/><E8/><REACH who="1" ten="196,191,287,316" step="2"/><V135/><F122/><W11/><G6/><T39/><D87/><U91/><E91/><V79/><F79/><W18/><G9/><T58/><D78/><U111/><E111/><V70/><F123/><W7/><G7/><T121/><D121/><U93/><E93/><V45/><F95/><W82/><G82/><T100/><D119/><U20/><E20/><V109/><F22/><W133/><G11/><T43/><D33/><U23/><E23/><V72/><F21/><W76/><G89/><T71/><D100/><U56/><E56/><V134/><F109/><W132/><G102/><T48/><D71/><U67/><E67/><V114/><F70/><W77/><G69/><T44/><D12/><U103/><E103/><V13/><F68/><W28/><G85/><T10/><REACH who="0" step="1"/><D10/><REACH who="0" ten="186,191,287,316" step="2"/><U14/><E14/><V83/><F13/><W35/><G76/><T124/><D124/><U54/><E54/><N who="2" m="29999" /><F72/><W4/><G77/><T105/><D105/><U112/><E112/><RYUUKYOKU ba="1,2" sc="186,15,191,15,287,-15,316,-15" hai0="37,39,42,43,44,47,48,53,55,57,58,96,99" hai1="31,34,40,41,59,62,65,94,97,101,128,129,130" /><INIT seed="4,2,2,0,5,114" ten="201,206,272,301" oya="0" hai0="116,20,66,47,72,18,105,24,84,131,54,11,91" hai1="26,74,58,81,125,43,133,65,122,95,56,96,37" hai2="19,28,83,32,2,118,71,14,80,101,94,75,55" hai3="6,13,38,90,128,31,98,22,126,40,64,12,134"/><T34/><D72/><U4/><E122/><V21/><F71/><W59/><G128/><T97/><D131/><U68/><E125/><V9/><F75/><W60/><G126/><T110/><D116/><U33/><E133/><V111/><F111/><W45/><G134/><T52/><D110/><U29/><E4/><N who="2" m="1175" /><F118/><W100/><G6/><T39/><D34/><U108/><E108/><V8/><F8/><W106/><REACH who="3" step="1"/><G90/><REACH who="3" ten="201,206,272,291" step="2"/><T109/><D109/><U115/><E115/><V87/><F101/><W70/><G70/><T132/><D132/><U113/><E113/><V89/><F55/><W53/><G53/><T69/><D52/><U44/><E68/><V82/><F94/><W127/><G127/><T129/><D54/><U46/><E65/><V107/><F107/><W103/><G103/><T73/><D129/><U10/><E95/><V121/><F121/><W117/><G117/><T102/><D66/><U77/><E58/><V57/><F57/><W3/><G3/><T79/><D69/><U86/><E56/><V50/><F50/><W42/><G42/><T41/><D41/><U35/><E43/><V7/><F7/><W23/><G23/><T76/><D47/><U61/><E44/><V25/><AGARI ba="2,3" hai="14,19,21,25,28,32,80,82,83,87,89" m="1175" machi="25" ten="30,1100,0" yaku="24,1" doraHai="114" who="2" fromWho="2" sc="201,-7,206,-5,272,47,291,-5" /><INIT seed="5,0,0,2,1,123" ten="194,201,319,286" oya="1" hai0="102,92,75,90,132,17,133,112,101,28,87,5,78" hai1="57,22,110,96,27,16,45,48,118,74,117,34,131" hai2="26,120,124,44,59,76,134,1,115,111,21,63,126" hai3="36,43,12,11,93,122,68,94,2,31,4,72,104"/><U9/><E74/><V100/><F120/><W55/><G122/><T18/><D112/><U95/><E131/><V15/><F1/><W56/><G68/><T60/><D5/><U41/><E34/><V85/><F115/><W52/><G104/><T54/><D28/><U46/><E57/><V135/><F15/><W53/><G72/><T61/><D17/><U37/><E9/><V83/><F100/><W19/><G56/><T29/><D29/><U79/><E79/><V99/><F99/><W106/><G106/><T80/><D54/><U116/><E110/><V88/><F44/><W86/><G86/><T108/><D108/><U81/><E81/><V8/><F8/><W127/><G127/><N who="2" m="48681" /><F76/><W58/><G58/><T98/><D18/><U66/><E66/><N who="2" m="39295" /><F111/><W91/><G91/><T64/><D102/><U62/><E62/><V38/><F38/><W14/><G2/><T73/><D75/><U109/><E109/><V0/><F0/><W113/><G113/><T105/><D61/><U50/><REACH who="1" step="1"/><E46/><REACH who="1" ten="194,191,319,286" step="2"/><V40/><F83/><W82/><G82/><T42/><D60/><U51/><E51/><V32/><F32/><W35/><G35/><T30/><D64/><U119/><N who="1" m="29696" /><DORA hai="97" /><U3/><E3/><V77/><F77/><W70/><G11/><T107/><D78/><U114/><E114/><V6/><F6/><W89/><G4/><T49/><D73/><U23/><E23/><V20/><F20/><W71/><G71/><T128/><D128/><U10/><E10/><V47/><F21/><W65/><G70/><T67/><D67/><U84/><E84/><RYUUKYOKU ba="0,1" sc="194,-10,191,30,319,-10,286,-10" hai1="16,22,27,37,41,45,48,50,95,96" /><INIT seed="5,1,1,4,0,73" ten="184,221,309,276" oya="1" hai0="12,48,56,63,93,88,85,40,131,78,86,96,19" hai1="21,115,108,20,97,127,4,120,46,30,72,57,99" hai2="36,80,58,100,17,106,90,81,1,3,121,16,39" hai3="26,69,65,128,89,104,67,111,83,35,8,87,76"/><U32/><E120/><V37/><F121/><W118/><G111/><T38/><D38/><U122/><E122/><V112/><F58/><W79/><G128/><T64/><D131/><U74/><E108/><V50/><F50/><W18/><G104/><T91/><D78/><N who="3" m="29737" /><G69/><T114/><D114/><U9/><E115/><V135/><F112/><W47/><G35/><T110/><D110/><U62/><E127/><V117/><F117/><W130/><G118/><T123/><D123/><U2/><E46/><V94/><F135/><W60/><G60/><T92/><D48/><U53/><E32/><V31/><F31/><W22/><G130/><T107/><D40/><U54/><E30/><V116/><F116/><W98/><G98/><T66/><D107/><U119/><E119/><V24/><F106/><W82/><G47/><T134/><D134/><U113/><E113/><V55/><F37/><W51/><G51/><T11/><D96/><U133/><E133/><V27/><F1/><W25/><G25/><T71/><REACH who="0" step="1"/><D71/><REACH who="0" ten="174,221,309,276" step="2"/><U43/><E97/><V52/><F36/><W41/><G41/><T45/><D45/><U101/><E43/><V42/><F42/><W0/><G0/><T44/><D44/><U49/><E49/><V15/><F3/><W124/><G124/><T105/><D105/><U126/><E126/><V6/><F39/><W5/><G82/><T129/><D129/><U29/><E99/><V59/><F80/><W75/><G75/><T28/><D28/><U33/><E72/><V61/><F81/><W68/><G68/><T10/><D10/><U125/><E125/><RYUUKYOKU ba="1,2" sc="174,15,221,-15,309,-15,276,15" hai0="11,12,19,56,63,64,66,85,86,88,91,92,93" hai3="5,8,18,22,26,65,67,83,87,89" /><INIT seed="6,2,2,4,0,18" ten="189,206,294,291" oya="2" hai0="108,135,22,23,67,68,118,103,59,100,37,73,107" hai1="112,98,110,25,56,75,34,88,81,119,72,36,114" hai2="129,15,117,62,106,30,43,16,12,35,47,77,40" hai3="70,121,124,74,76,60,20,5,99,2,126,83,109"/><V29/><F117/><W38/><G109/><T66/><D108/><U42/><E110/><V86/><F106/><W21/><G121/><T71/><D37/><U87/><E119/><V116/><F116/><W122/><G38/><T85/><D118/><U27/><E56/><V11/><F129/><W58/><G70/><T113/><D73/><N who="1" m="28235" /><E34/><V130/><F130/><W4/><G99/><T28/><D135/><U111/><E111/><V50/><F35/><W125/><G122/><T133/><D133/><U132/><E132/><V61/><F43/><W46/><G46/><T8/><D113/><N who="1" m="43627" /><E98/><V32/><F15/><W84/><G74/><T49/><D107/><U57/><E57/><V94/><F32/><W54/><G4/><T6/><D71/><U24/><E42/><V3/><F3/><W55/><G55/><N who="0" m="32239" /><D68/><U26/><N who="1" m="6144" /><DORA hai="65" /><U69/><E69/><V93/><F30/><W44/><G44/><T80/><D28/><U128/><E36/><V31/><F31/><W79/><G79/><N who="0" m="46239" /><D66/><U10/><E128/><V64/><F29/><W14/><G2/><T91/><D67/><U13/><E13/><V102/><F64/><W52/><G54/><T39/><D91/><U48/><E48/><V45/><F45/><W105/><G105/><T78/><D78/><U53/><E53/><V115/><F115/><W19/><G5/><T51/><D51/><U92/><E10/><AGARI ba="2,2" hai="10,14,19,20,21,52,58,60,76,83,84,124,125,126" machi="10" ten="40,8000,1" yaku="18,1,52,2,54,1" doraHai="18,65" who="3" fromWho="1" sc="189,0,206,-86,294,0,291,106" /><INIT seed="7,0,0,1,3,97" ten="189,120,294,397" oya="3" hai0="84,44,128,29,72,101,130,41,60,48,115,119,57" hai1="10,59,113,87,110,82,45,107,0,4,67,135,14" hai2="52,38,27,33,16,50,34,132,17,111,22,13,74" hai3="19,32,7,31,5,126,46,77,3,108,73,96,134"/><W83/><G126/><T61/><D72/><U62/><E110/><V15/><F38/><W122/><G122/><T118/><D101/><U68/><E113/><V81/><F111/><W23/><G108/><T63/><D115/><U71/><E135/><V121/><F132/><W30/><G3/><T55/><D84/><U125/><E125/><V95/><F121/><W124/><G32/><T92/><D92/><U49/><E0/><V66/><F66/><W91/><G134/><T42/><D29/><U21/><E21/><V35/><F95/><W36/><G91/><T26/><D26/><U80/><E80/><V1/><F1/><W94/><G5/><T8/><D8/><U106/><E106/><V133/><F133/><W129/><G7/><T39/><D42/><U58/><E71/><V88/><F17/><W47/><G129/><AGARI ba="0,0" hai="39,41,44,48,55,57,60,61,63,118,119,128,129,130" machi="129" ten="40,8000,1" yaku="19,1,34,3" doraHai="97" who="0" fromWho="3" sc="189,80,120,0,294,0,397,-80" owari="269,-13.1,120,-38.0,294,9.4,317,41.7" /></mjloggm>