<mjloggm ver="2.3"><GO type="169" lobby="0"/><UN n0="%6C%6E%61%69" n1="%E5%BA%84%E5%8F%B8%E5%81%A5%E5%A4%AA%E6%9C%97" n2="%48%61%6C%66%73" n3="%E8%99%B9%E8%89%B2%E3%82%B8%E3%83%A7%E3%83%BC%E3%82%AB%E3%83%BC" dan="16,16,17,17" rate="2037.99,2051.16,2167.69,2196.13" sx="M,M,M,M"/><TAIKYOKU oya="0"/><INIT seed="0,0,0,3,4,111" ten="250,250,250,250" oya="0" hai0="59,117,25,43,48,70,26,71,29,78,93,121,35" hai1="106,105,6,32,72,42,19,73,61,88,14,118,62" hai2="101,24,87,39,44,27,109,60,129,9,122,132,76" hai3="84,8,11,47,100,120,91,28,97,38,67,64,74"/><T2/><D117/><U53/><E118/><V95/><F122/><W125/><G74/><T126/><D121/><U86/><E32/><V107/><F109/><W63/><G120/><T98/><D2/><U123/><E6/><V23/><F132/><W134/><G125/><T22/><D126/><U50/><E42/><V3/><F27/><W81/><G134/><T33/><D78/><U80/><E123/><V127/><F129/><W36/><G28/><T56/><D33/><U1/><E1/><V12/><F3/><W83/><G83/><T46/><D70/><U90/><E90/><V113/><F107/><W7/><G67/><T130/><D71/><U133/><E133/><V45/><F60/><W21/><G21/><T54/><D130/><U92/><E106/><V128/><F39/><W131/><G47/><T52/><D56/><U124/><E105/><V49/><F44/><W116/><G116/><T57/><D57/><U68/><E124/><V0/><F0/><N who="3" m="103" /><G11/><T96/><D93/><U58/><E80/><N who="2" m="47495" /><F12/><W119/><G119/><T102/><D102/><U85/><E85/><V41/><F9/><W77/><G77/><T115/><D115/><U108/><E108/><V4/><F113/><W94/><G131/><T99/><REACH who="0" step="1"/><D59/><REACH who="0" ten="240,250,250,250" step="2"/><U135/><E135/><V79/><F79/><N who="3" m="46143" /><G100/><T82/><D82/><U110/><E110/><V69/><F69/><N who="3" m="42143" /><G36/><T89/><D89/><U104/><E104/><V114/><F127/><W5/><G38/><T75/><D75/><N who="1" m="28747" /><E68/><V103/><F114/><W31/><G5/><T40/><D40/><U112/><E112/><V13/><F128/><RYUUKYOKU ba="0,1" sc="240,10,250,10,250,-30,250,10" hai0="22,25,26,29,35,43,46,48,52,54,96,98,99" hai1="14,19,50,53,58,61,62,86,88,92" hai3="31,91,94,97" /><INIT seed="0,1,1,1,0,48" ten="250,260,220,260" oya="0" hai0="115,73,28,19,120,16,109,41,114,42,75,103,21" hai1="1,34,135,55,111,62,78,37,130,95,98,49,6" hai2="60,107,105,15,90,13,67,92,127,121,72,124,50" hai3="117,23,100,131,128,68,29,63,91,129,65,43,35"/><T33/><D120/><U7/><E37/><V87/><F72/><W119/><G35/><T126/><D126/><N who="2" m="48170" /><F50/><W56/><G100/><T5/><D5/><N who="1" m="1547" /><E34/><V58/><F121/><W66/><G91/><T86/><D103/><U0/><E0/><V17/><F15/><W89/><G89/><T69/><D69/><U4/><E4/><V53/><F67/><W10/><G10/><AGARI ba="1,1" hai="10,13,17,53,58,60,87,90,92,105,107" m="48170" machi="10" ten="30,2000,0" yaku="18,1,52,1" doraHai="48" who="2" fromWho="3" sc="250,0,260,0,220,33,260,-23" /><INIT seed="1,0,0,2,5,96" ten="250,260,253,237" oya="1" hai0="107,95,99,87,100,52,59,103,113,123,132,29,24" hai1="23,39,126,21,124,88,11,20,19,79,7,65,10" hai2="6,68,64,73,30,28,118,9,80,102,36,33,97" hai3="27,32,130,40,51,49,109,81,56,66,116,77,15"/><U70/><E39/><V134/><F118/><W105/><G116/><T129/><D113/><U5/><E79/><V58/><F134/><W94/><G105/><T125/><D132/><U71/><E19/><V43/><F58/><W8/><G109/><T16/><D125/><N who="1" m="48235" /><E88/><V55/><F36/><W48/><G40/><T121/><D129/><U114/><E114/><V46/><F43/><W84/><G130/><T37/><D37/><U57/><E57/><V45/><F30/><W67/><G56/><T17/><D87/><U25/><E25/><V78/><F28/><W42/><G42/><T61/><D107/><U76/><E76/><V127/><F127/><W108/><G108/><T34/><REACH who="0" step="1"/><D103/><REACH who="0" ten="240,260,253,237" step="2"/><U54/><E65/><V106/><F64/><W119/><G119/><T104/><D104/><U85/><E85/><V101/><F101/><W0/><G67/><T93/><D93/><U50/><E71/><V128/><F68/><W14/><G66/><T41/><D41/><U60/><E70/><V117/><F128/><W90/><G94/><T12/><D12/><U115/><E115/><V13/><F117/><W91/><G15/><T111/><D111/><U86/><E86/><V1/><F13/><W53/><G53/><T62/><D62/><U98/><E60/><V35/><REACH who="2" step="1"/><F55/><REACH who="2" ten="240,260,243,237" step="2"/><W38/><G38/><T18/><AGARI ba="0,2" hai="16,17,18,24,29,34,52,59,61,95,99,100,121,123" machi="18" ten="30,8000,1" yaku="1,1,0,1,52,1,54,2,53,0" doraHai="96" doraHaiUra="3" who="0" fromWho="0" sc="240,100,260,-40,243,-20,237,-20" /><INIT seed="2,0,0,3,5,76" ten="340,220,223,217" oya="2" hai0="42,9,64,117,16,103,20,125,104,61,12,66,15" hai1="31,62,10,118,36,70,25,7,69,112,127,6,59" hai2="134,79,92,30,49,5,40,1,4,77,8,73,120" hai3="95,32,39,130,48,94,89,119,131,37,126,74,75"/><V34/><F120/><W29/><G29/><T13/><D125/><U22/><E112/><V58/><F134/><W132/><G32/><T51/><D117/><U60/><E118/><V63/><F5/><W24/><G24/><T84/><D104/><U81/><E36/><V93/><F34/><W115/><G119/><T128/><D103/><U19/><E127/><V110/><F30/><W43/><G126/><T106/><D106/><U52/><E7/><V3/><F3/><W111/><G115/><T47/><D128/><U44/><E44/><V108/><F40/><W102/><G48/><T122/><D122/><U133/><E133/><V38/><F49/><W124/><G124/><T99/><D99/><U72/><E62/><V86/><F38/><W56/><G56/><T54/><D84/><U90/><E31/><V78/><F73/><N who="3" m="27659" /><G132/><T67/><D9/><U135/><E135/><V100/><F100/><W107/><G43/><T14/><REACH who="0" step="1"/><D42/><REACH who="0" ten="330,220,223,217" step="2"/><U83/><E72/><V41/><F41/><W28/><G107/><T123/><D123/><U33/><E33/><V35/><F35/><W87/><G39/><T121/><D121/><U46/><E46/><V129/><F129/><N who="3" m="49163" /><G37/><T101/><D101/><U53/><E90/><V26/><F79/><W21/><G102/><T85/><D85/><U0/><REACH who="1" step="1"/><E53/><REACH who="1" ten="330,210,223,217" step="2"/><V71/><F78/><W11/><G89/><T88/><D88/><U2/><E2/><V45/><F77/><W109/><G87/><T68/><AGARI ba="0,2" hai="12,13,14,15,16,20,47,51,54,61,64,66,67,68" machi="68" ten="30,4000,0" yaku="1,1,0,1,54,1,53,0" doraHai="76" doraHaiUra="97" who="0" fromWho="0" sc="330,60,210,-10,223,-20,217,-10" /><INIT seed="3,0,0,0,4,101" ten="390,200,203,207" oya="3" hai0="46,63,69,61,14,106,112,50,130,56,93,23,124" hai1="88,38,45,95,119,66,76,110,89,26,129,55,29" hai2="92,67,90,25,94,91,131,18,24,116,15,105,80" hai3="58,85,8,72,134,39,47,59,118,121,17,107,6"/><W43/><G134/><T79/><D124/><U82/><E110/><V122/><F116/><W1/><G118/><T74/><D130/><U68/><E119/><V65/><F105/><W37/><G121/><T54/><D112/><U31/><E129/><V60/><F122/><W33/><G33/><T44/><D106/><U128/><E128/><V20/><F80/><W113/><G113/><T111/><D111/><U7/><E7/><V109/><F109/><W42/><G72/><T99/><D74/><U5/><E5/><V2/><F2/><W35/><G35/><T3/><D79/><U52/><E31/><V98/><F131/><W77/><G107/><T83/><D83/><U86/><E89/><V13/><F25/><W51/><G51/><T19/><D3/><U40/><E66/><V96/><REACH who="2" step="1"/><F67/><REACH who="2" ten="390,200,193,207" step="2"/><W75/><G1/><T132/><D132/><U102/><E68/><AGARI ba="0,1" hai="13,15,18,20,24,60,65,68,90,91,92,94,96,98" machi="68" ten="30,7700,0" yaku="1,1,2,1,7,1,9,1,53,0" doraHai="101" doraHaiUra="125" who="2" fromWho="1" sc="390,0,200,-77,193,87,207,0" /><INIT seed="4,0,0,1,2,28" ten="390,123,280,207" oya="0" hai0="77,99,82,108,124,69,83,17,2,1,31,50,29" hai1="115,123,16,90,71,41,23,51,110,120,18,118,54" hai2="34,114,40,19,36,78,134,57,130,85,22,112,75" hai3="81,74,104,45,7,56,46,119,133,87,122,95,12"/><T68/><D124/><U24/><E110/><V44/><F134/><W14/><G119/><T21/><D108/><U13/><E118/><V10/><F130/><W63/><G104/><T35/><D99/><U37/><E71/><V55/><F75/><W33/><G133/><T101/><D101/><U84/><E115/><V48/><F10/><W106/><G106/><T100/><D100/><U38/><E38/><V49/><F78/><W0/><G74/><T96/><D96/><U76/><E37/><V11/><F11/><W58/><G95/><T8/><D50/><U52/><E76/><V113/><F85/><W111/><G0/><T32/><D8/><U93/><E41/><V47/><F34/><W62/><G87/><T98/><D98/><U105/><E105/><V94/><F94/><W20/><G20/><T73/><D77/><U128/><E128/><V67/><F19/><W70/><G81/><T53/><D21/><N who="1" m="11407" /><E54/><N who="2" m="29983" /><F22/><W91/><G70/><T15/><D17/><U109/><E109/><V65/><AGARI ba="0,0" hai="36,40,44,49,55,57,65,67,112,113,114" m="29983" machi="65" ten="40,5200,0" yaku="15,1,34,2" doraHai="28" who="2" fromWho="2" sc="390,-26,123,-13,280,52,207,-13" /><INIT seed="5,0,0,5,0,87" ten="364,110,332,194" oya="1" hai0="107,85,49,97,88,2,83,80,92,110,50,81,25" hai1="102,10,94,95,4,109,108,38,58,135,117,99,45" hai2="6,35,20,74,78,26,72,70,61,63,21,40,123" hai3="75,67,126,116,15,43,90,23,34,19,79,104,115"/><U8/><E117/><V128/><F123/><W76/><G116/><T113/><D110/><N who="1" m="42603" /><E135/><V53/><F40/><W18/><G104/><T100/><D2/><N who="1" m="23" /><E58/><V16/><F6/><W48/><G34/><T22/><REACH who="0" step="1"/><D113/><REACH who="0" ten="354,110,332,194" step="2"/><U37/><E45/><V33/><F128/><W119/><G115/><T106/><D106/><N who="1" m="63839" /><E10/><V14/><F35/><W112/><G112/><T105/><D105/><U101/><E101/><V111/><F33/><W91/><G119/><T66/><D66/><U68/><E68/><V129/><F70/><W103/><G67/><T120/><D120/><U30/><E30/><AGARI ba="0,1" hai="22,25,30,49,50,80,81,83,85,88,92,97,100,107" machi="30" ten="40,5200,0" yaku="1,1,52,1,54,1,53,0" doraHai="87" doraHaiUra="134" who="0" fromWho="1" sc="354,62,110,-52,332,0,194,0" /><INIT seed="6,0,0,3,3,134" ten="416,58,332,194" oya="2" hai0="1,82,124,45,32,14,127,71,64,84,53,109,94" hai1="120,54,117,46,114,47,43,100,73,7,76,97,13" hai2="98,96,2,5,113,50,22,27,34,103,111,75,121" hai3="110,10,125,83,16,118,30,58,93,128,88,48,101"/><V135/><F113/><W15/><G110/><T126/><D109/><U31/><E114/><V4/><F34/><W115/><G115/><T38/><D1/><U60/><E120/><V18/><F135/><W44/><G118/><T26/><D94/><U68/><E117/><V3/><F75/><W55/><G125/><T25/><D32/><U66/><E73/><V122/><F111/><W112/><G128/><T37/><D14/><U52/><E76/><V92/><F50/><W130/><G130/><T105/><D105/><U80/><E80/><V65/><F65/><W29/><G101/><T17/><D53/><U69/><E69/><V119/><F119/><W49/><G83/><T28/><D17/><U21/><E47/><V51/><F51/><W133/><G133/><T85/><D85/><U77/><E77/><V35/><F3/><W90/><G90/><N who="0" m="51479" /><D28/><U63/><E63/><V81/><F81/><W62/><G49/><T8/><D8/><U132/><E132/><V106/><F35/><W102/><G102/><T129/><D129/><U20/><E20/><V41/><F2/><W23/><G10/><T6/><D6/><U131/><E131/><V99/><F4/><W70/><G112/><T42/><D38/><N who="1" m="21879" /><E31/><V104/><F5/><W36/><G36/><T56/><D71/><U86/><E86/><V108/><F108/><W19/><G19/><T12/><D12/><U33/><E33/><V67/><F41/><N who="3" m="24591" /><G70/><T79/><D79/><U91/><E91/><N who="2" m="55583" /><F67/><W107/><G107/><T59/><D64/><U95/><E7/><V61/><F61/><W0/><G0/><RYUUKYOKU ba="0,0" sc="416,0,58,0,332,0,194,0" hai0="25,26,37,42,45,56,59,124,126,127" hai1="13,21,52,54,60,66,68,95,97,100" hai2="18,22,27,96,99,103,104,106,121,122" hai3="15,16,23,29,30,55,58,62,88,93" /><INIT seed="6,1,0,1,1,92" ten="416,58,332,194" oya="2" hai0="110,95,39,135,47,28,115,122,52,133,93,75,57" hai1="111,42,77,64,19,40,90,120,18,91,41,10,51" hai2="53,54,128,129,35,23,112,87,26,22,121,50,8" hai3="25,105,1,118,62,36,124,44,43,4,67,49,29"/><V2/><F121/><W45/><G118/><T33/><D110/><U109/><E64/><V7/><F112/><W6/><G124/><T104/><D122/><U100/><E120/><V107/><F107/><W74/><G105/><T3/><D3/><U27/><E77/><V59/><F35/><W69/><G74/><T71/><D71/><U0/><E0/><V106/><F106/><W132/><G132/><N who="0" m="50763" /><D75/><U94/><E51/><V24/><F87/><W61/><G61/><N who="0" m="36007" /><D115/><U85/><E111/><V126/><F53/><W30/><G30/><T16/><D104/><U63/><E63/><V34/><F34/><W68/><G1/><T113/><D113/><U73/><E73/><V32/><F32/><W48/><G36/><T88/><D16/><U127/><E127/><V102/><F126/><W86/><G68/><T89/><D33/><U55/><E55/><V13/><F102/><W79/><G48/><T123/><D28/><U131/><E131/><N who="2" m="50251" /><F23/><W37/><G45/><T119/><D123/><U116/><E116/><V9/><F22/><W20/><G37/><T78/><D78/><U114/><E114/><V21/><F21/><W5/><G79/><T46/><D119/><U70/><E109/><V56/><F56/><N who="3" m="37319" /><G86/><N who="0" m="52375" /><D39/><U15/><E70/><V134/><F134/><W99/><G69/><T38/><D38/><U17/><E27/><V108/><F108/><W97/><AGARI ba="1,0" hai="4,5,6,20,25,29,43,44,49,97,99" m="37319" machi="97" ten="30,4000,0" yaku="8,1,52,2" doraHai="92" who="3" fromWho="3" sc="416,-11,58,-11,332,-21,194,43" /><INIT seed="7,0,0,3,3,78" ten="405,47,311,237" oya="3" hai0="134,103,52,75,33,42,71,109,60,40,96,20,67" hai1="80,132,115,107,74,31,126,8,2,133,95,92,41" hai2="21,108,30,69,98,135,122,111,77,130,70,5,91" hai3="117,110,50,29,47,55,22,37,62,128,65,68,53"/><W27/><G117/><T94/><D109/><U100/><E31/><V44/><F135/><W127/><G110/><T131/><D75/><U32/><E2/><V82/><F5/><W14/><G128/><T18/><D33/><U113/><E32/><V101/><F91/><W84/><G127/><T3/><D3/><U76/><E41/><V48/><F69/><W34/><G37/><T89/><D134/><U97/><E126/><V15/><F70/><W72/><G72/><T83/><D131/><U59/><E8/><V16/><F30/><W93/><G93/><T24/><D83/><U105/><E59/><V90/><F90/><W26/><G14/><T17/><D17/><U106/><E133/><V51/><F51/><W38/><G84/><T57/><D103/><U66/><E66/><V64/><F64/><W7/><G7/><T58/><D71/><U120/><E132/><V45/><F45/><W56/><G55/><T25/><D25/><U79/><E120/><V85/><F122/><W123/><G123/><T6/><D6/><U1/><E1/><V118/><F118/><W11/><G11/><T43/><D43/><U46/><E46/><V88/><F77/><W102/><G102/><T9/><D9/><U99/><REACH who="1" step="1"/><E79/><REACH who="1" ten="405,37,311,237" step="2"/><V35/><F35/><W119/><G119/><T121/><D121/><U81/><E81/><V114/><F130/><W36/><G68/><T4/><D4/><U39/><E39/><V12/><F111/><W61/><G61/><AGARI ba="0,1" hai="18,20,24,40,42,52,57,58,60,61,67,89,94,96" machi="61" ten="30,8000,1" yaku="7,1,25,2,8,1,54,1" doraHai="78" who="0" fromWho="3" sc="405,90,37,0,311,0,237,-80" owari="495,59.5,37,-46.3,311,11.1,157,-24.3" /></mjloggm>