<mjloggm ver="2.3"><GO type="169" lobby="0"/><UN n0="%72%65%62%65%65%72" n1="%E9%9B%AA%E3%83%8E%E4%B8%8B%E9%9B%AA%E4%B9%83" n2="%E5%A4%A9%E3%81%8B%E3%81%91%E3%82%8B%E6%98%9F" n3="%E3%83%96%E3%83%BC%E3%83%93%E3%83%BC" dan="16,16,16,16" rate="2176.68,2068.16,2046.03,2209.63" sx="M,F,M,M"/><TAIKYOKU oya="0"/><INIT seed="0,0,0,1,2,77" ten="250,250,250,250" oya="0" hai0="66,51,132,120,69,39,32,127,102,76,93,47,34" hai1="42,135,29,79,54,128,125,37,103,20,1,44,109" hai2="46,110,89,38,72,33,64,108,67,60,99,63,97" hai3="90,70,98,8,6,84,13,121,133,7,50,25,56"/><T100/><D120/><U5/><E109/><N who="2" m="42091" /><F33/><W49/><G70/><T36/><D132/><U122/><E135/><V15/><F72/><W119/><G119/><T94/><D76/><U2/><E122/><V43/><F15/><W52/><G133/><T65/><D69/><U26/><E125/><V55/><F55/><W96/><G121/><T85/><D85/><U105/><E128/><V117/><F117/><W9/><G50/><T86/><D86/><U80/><E5/><V104/><F104/><W23/><G8/><T71/><D71/><U129/><E129/><V53/><F53/><W0/><G6/><T28/><D51/><U113/><E113/><V75/><F75/><W35/><G35/><T58/><D58/><U78/><E78/><V18/><F18/><W124/><G0/><T40/><D40/><U61/><E103/><V17/><F17/><W126/><G124/><T22/><D28/><U81/><E105/><V130/><F130/><W73/><G73/><T68/><D68/><U59/><REACH who="1" step="1"/><E79/><REACH who="1" ten="250,240,250,250" step="2"/><V14/><F89/><W131/><G126/><T134/><D127/><U91/><E91/><V112/><F112/><W41/><G131/><T111/><D134/><U118/><E118/><V74/><F74/><W116/><G116/><T114/><D111/><U83/><AGARI ba="0,1" hai="1,2,20,26,29,37,42,44,54,59,61,80,81,83" machi="83" ten="30,8000,1" yaku="1,1,0,1,52,3,53,0" doraHai="77" doraHaiUra="10" who="1" fromWho="1" sc="250,-40,240,90,250,-20,250,-20" /><INIT seed="1,0,0,1,3,49" ten="210,330,230,230" oya="1" hai0="76,52,90,71,17,131,9,12,69,101,133,118,4" hai1="117,88,63,94,112,11,16,3,116,108,0,107,109" hai2="43,19,2,46,55,98,67,66,6,41,56,14,79" hai3="130,42,40,93,85,111,125,99,65,1,47,91,57"/><U30/><E112/><V121/><F121/><W25/><G1/><T114/><D114/><U115/><E115/><V123/><F123/><W21/><G130/><T15/><D118/><U38/><E107/><V39/><F43/><W119/><G119/><T32/><D32/><U7/><E38/><V24/><F24/><W36/><G125/><T64/><D64/><U51/><E3/><V10/><F98/><W18/><G111/><N who="1" m="42570" /><E30/><V132/><F79/><W102/><G42/><T75/><D101/><U73/><E73/><V126/><F132/><W59/><REACH who="3" step="1"/><G65/><REACH who="3" ten="210,330,230,220" step="2"/><T45/><D131/><U44/><E63/><V58/><F126/><W34/><G34/><T20/><D133/><U134/><E134/><V84/><F2/><W105/><AGARI ba="0,1" hai="18,21,25,36,40,47,57,59,85,91,93,99,102,105" machi="105" ten="20,5200,0" yaku="1,1,0,1,7,1,53,1" doraHai="49" doraHaiUra="68" who="3" fromWho="3" sc="210,-13,330,-26,230,-13,220,62" /><INIT seed="2,0,0,1,1,75" ten="197,304,217,282" oya="2" hai0="127,18,60,135,17,114,92,14,58,41,97,39,22" hai1="118,63,76,37,0,45,28,88,8,131,67,112,7" hai2="83,61,71,38,25,103,33,93,77,84,42,101,31" hai3="121,24,40,15,81,87,117,132,16,43,82,73,94"/><V52/><F38/><W74/><G117/><T70/><D114/><U13/><E112/><V30/><F42/><W128/><G121/><T12/><D135/><U19/><E131/><V98/><F31/><W129/><G24/><T47/><D70/><U1/><E118/><V85/><F71/><W100/><G94/><T119/><D127/><U69/><E28/><V108/><F108/><W46/><G100/><T80/><D80/><U104/><E104/><V6/><F6/><W120/><G120/><T3/><D3/><U68/><E68/><V11/><F11/><W107/><G107/><T62/><D119/><U51/><E37/><V56/><REACH who="2" step="1"/><F103/><REACH who="2" ten="197,304,207,282" step="2"/><W49/><G129/><T102/><REACH who="0" step="1"/><D58/><REACH who="0" ten="187,304,207,282" step="2"/><U90/><E0/><V134/><F134/><W5/><G132/><T72/><D72/><AGARI ba="0,2" hai="25,30,33,52,56,61,72,77,83,84,85,93,98,101" machi="72" ten="30,11600,0" yaku="1,1,7,1,52,1,54,1,53,0" doraHai="75" doraHaiUra="116" who="2" fromWho="0" sc="187,-116,304,0,207,136,282,0" /><INIT seed="2,1,0,2,5,17" ten="71,304,343,282" oya="2" hai0="114,112,7,28,127,25,16,68,118,15,102,134,121" hai1="13,73,40,75,71,50,70,0,6,66,74,84,53" hai2="4,47,33,41,135,20,60,106,43,100,26,123,9" hai3="111,22,132,2,109,64,51,89,90,65,42,45,96"/><V87/><F123/><W54/><G132/><T85/><D68/><U81/><E0/><V3/><F135/><W38/><G2/><T76/><D134/><U125/><E125/><V95/><F33/><W24/><G65/><T29/><D121/><U63/><E40/><V48/><F106/><W61/><G38/><T21/><D102/><U128/><E128/><V49/><F60/><W11/><G11/><T57/><D127/><U105/><E105/><V120/><F120/><W79/><G79/><T83/><D118/><U93/><E93/><V104/><F104/><W72/><G72/><T55/><D7/><U19/><E6/><V36/><F43/><W115/><G42/><T92/><D92/><U31/><E31/><V8/><F8/><W113/><G96/><T56/><D56/><U10/><E71/><V37/><F37/><W46/><G45/><T30/><REACH who="0" step="1"/><D25/><REACH who="0" ten="61,304,343,282" step="2"/><U110/><E110/><N who="3" m="41994" /><G115/><T69/><D69/><U77/><E74/><V91/><REACH who="2" step="1"/><F100/><REACH who="2" ten="61,304,333,282" step="2"/><W80/><G113/><T1/><D1/><U14/><E70/><V59/><F59/><N who="3" m="36927" /><G80/><T131/><D131/><U101/><E81/><V52/><F52/><W18/><AGARI ba="1,2" hai="18,22,24,46,51,54,89,90" m="36927,41994" machi="18" ten="30,2000,0" yaku="14,1,52,1" doraHai="17" who="3" fromWho="3" sc="61,-6,304,-6,333,-11,282,43" /><INIT seed="3,0,0,2,0,117" ten="55,298,322,325" oya="3" hai0="128,108,91,109,81,48,78,11,105,123,104,19,102" hai1="87,89,47,44,122,66,112,42,106,118,73,116,99" hai2="132,61,26,94,32,126,38,85,14,5,76,13,79" hai3="10,114,43,25,24,20,82,41,86,72,29,27,16"/><W52/><G114/><T18/><D11/><U49/><E112/><V65/><F38/><W127/><G72/><T22/><D128/><U119/><E73/><V134/><F126/><W0/><G127/><T120/><D48/><U130/><E130/><V70/><F94/><W113/><G113/><T67/><D67/><U46/><E66/><V95/><F95/><W58/><G10/><T12/><D91/><U100/><REACH who="1" step="1"/><E122/><REACH who="1" ten="55,288,322,325" step="2"/><V111/><F65/><W23/><G0/><T62/><D62/><U51/><E51/><V30/><F61/><N who="3" m="36039" /><G25/><T90/><D109/><U63/><E63/><V1/><F111/><W3/><G3/><T33/><D108/><U68/><E68/><V59/><F70/><W36/><G36/><T80/><D123/><U9/><E9/><V93/><F26/><W55/><G55/><T121/><D121/><U8/><E8/><V84/><F134/><W107/><G107/><T92/><D120/><U110/><E110/><V124/><F132/><W37/><G37/><T129/><D129/><U77/><E77/><AGARI ba="0,1" hai="16,20,23,24,27,29,41,43,77,82,86" m="36039" machi="77" ten="30,5800,0" yaku="8,1,54,2" doraHai="117" who="3" fromWho="1" sc="55,0,288,-58,322,0,325,68" /><INIT seed="3,1,0,0,0,78" ten="55,230,322,393" oya="3" hai0="27,79,59,11,67,39,62,21,51,52,75,86,68" hai1="132,46,115,114,43,109,24,76,31,6,116,107,36" hai2="129,102,80,9,26,16,22,7,87,112,77,105,14" hai3="71,127,128,74,91,97,33,72,4,42,119,125,8"/><W134/><G119/><T101/><D75/><U60/><E116/><V110/><F112/><W58/><G71/><T92/><D11/><U55/><E109/><V57/><F110/><W117/><G117/><T64/><D64/><U126/><E107/><V53/><F129/><W50/><G128/><T25/><D25/><U0/><E132/><V48/><F105/><W54/><G33/><T61/><D61/><U103/><E126/><N who="3" m="48138" /><G134/><T95/><D101/><AGARI ba="1,0" hai="7,9,14,16,22,26,48,53,57,77,80,87,101,102" machi="101" ten="40,5200,0" yaku="8,1,52,1,54,1" doraHai="78" who="2" fromWho="0" sc="55,-55,230,0,322,55,393,0" /><INIT seed="4,0,0,3,1,15" ten="0,230,377,393" oya="0" hai0="74,42,98,107,89,50,12,30,1,59,35,4,100" hai1="116,73,82,104,47,41,130,112,6,16,84,28,52" hai2="119,124,108,57,25,93,58,135,87,44,94,2,55" hai3="48,65,95,121,7,13,96,132,54,85,123,49,19"/><T105/><D74/><U133/><E116/><V75/><F75/><W40/><G132/><T11/><D105/><U67/><E133/><V61/><F108/><W60/><G85/><T27/><D89/><U131/><E104/><V92/><F2/><W111/><G7/><T117/><D117/><U8/><E73/><V81/><F135/><W80/><G80/><T109/><D109/><U91/><E28/><V68/><F68/><W22/><G40/><T71/><D71/><U33/><E33/><V23/><F124/><W3/><G3/><T66/><D42/><U113/><E67/><V51/><F61/><W64/><G49/><T5/><D5/><U122/><E122/><N who="3" m="46602" /><G60/><T29/><D29/><U101/><E101/><V127/><F127/><W53/><G54/><T110/><D110/><U76/><E76/><V0/><F0/><W86/><G86/><T21/><D66/><U62/><E6/><V120/><F119/><W38/><G38/><T72/><D72/><U79/><E79/><V114/><F114/><N who="1" m="44137" /><E62/><V37/><F37/><W20/><G22/><T118/><D118/><U39/><E52/><N who="2" m="29799" /><F120/><W45/><G111/><T77/><D77/><U10/><E10/><V128/><F55/><W24/><G24/><T129/><D129/><U46/><E46/><V126/><F126/><W103/><AGARI ba="0,0" hai="13,19,20,45,48,53,64,65,95,96,103" m="46602" machi="103" ten="30,2000,0" yaku="13,1,52,1" doraHai="15" who="3" fromWho="3" sc="0,-10,230,-5,377,-5,393,20" owari="-10,-51.0,225,-17.5,372,17.2,413,51.3" /></mjloggm>