<mjloggm ver="2.3"><GO type="169" lobby="0"/><UN n0="%E3%81%8B%E3%81%AA%E3%81%8D%E3%83%BC" n1="%4C%61%72%72%6B" n2="%4A%4B%E3%81%97%E3%82%8D%E3%81%BE%E3%82%8B" n3="%E6%9D%B1%E6%96%B9%E5%AE%9A%E5%8A%A9" dan="17,16,16,16" rate="2207.56,2158.82,2136.50,2128.49" sx="F,M,F,M"/><TAIKYOKU oya="0"/><INIT seed="0,0,0,5,4,108" ten="250,250,250,250" oya="0" hai0="5,9,14,128,78,61,85,6,62,93,133,134,98" hai1="26,4,42,43,12,24,99,135,2,90,58,3,92" hai2="130,110,34,107,39,59,80,97,88,52,69,27,126" hai3="63,49,115,120,17,55,47,116,60,95,20,65,50"/><T19/><D128/><U123/><E123/><V86/><F69/><W13/><G116/><T11/><D133/><U32/><E135/><V10/><F110/><W23/><G120/><T76/><D134/><U119/><E119/><V118/><F39/><W105/><G105/><T73/><D73/><U75/><E75/><V40/><F40/><N who="1" m="15401" /><E2/><V125/><F118/><W106/><G106/><T67/><D61/><U96/><E3/><V28/><F10/><W102/><G65/><T35/><D35/><U31/><E32/><V87/><F130/><W33/><G33/><T54/><D54/><U101/><E31/><V82/><F97/><W127/><G127/><T57/><D85/><U81/><E58/><V53/><F107/><W104/><G104/><T36/><D36/><U109/><E109/><V64/><F64/><W117/><G117/><T37/><D37/><U74/><E74/><V77/><REACH who="2" step="1"/><F53/><REACH who="2" ten="250,250,240,250" step="2"/><W113/><G55/><T44/><D9/><N who="1" m="4135" /><E99/><V112/><F112/><W48/><G113/><T121/><D121/><U79/><E101/><V94/><F94/><W129/><G115/><T72/><D72/><U66/><E66/><V0/><F0/><W18/><G129/><T21/><D93/><U38/><E38/><V122/><F122/><W114/><G114/><T91/><D98/><U83/><E83/><V103/><F103/><W68/><G95/><T71/><D71/><U100/><E100/><V46/><F46/><W84/><G102/><T25/><D44/><U7/><E7/><V124/><F124/><W132/><G68/><T41/><D5/><U16/><E92/><RYUUKYOKU ba="0,1" sc="250,-10,250,-10,240,30,250,-10" hai2="27,28,34,52,59,77,80,82,86,87,88,125,126" /><INIT seed="1,1,1,4,3,42" ten="240,240,270,240" oya="1" hai0="67,128,48,38,37,1,73,32,111,85,39,23,47" hai1="10,81,122,57,6,69,58,45,41,22,115,123,133" hai2="18,88,7,2,114,90,59,28,20,36,78,35,21" hai3="109,93,80,49,94,61,106,131,40,113,72,0,33"/><U103/><E115/><V75/><F36/><W71/><G113/><T44/><D32/><U125/><E69/><V100/><F100/><W60/><G106/><T31/><D73/><U129/><E103/><V92/><F114/><W110/><G33/><T82/><D1/><U51/><E125/><V3/><F35/><W63/><G71/><T86/><D111/><N who="3" m="42505" /><G0/><T120/><D128/><U4/><E129/><V54/><F90/><W26/><G26/><T112/><D112/><U52/><E133/><V14/><F7/><W130/><G94/><T34/><D120/><U84/><E22/><V117/><F117/><W16/><G16/><T83/><D67/><U98/><E98/><V19/><F28/><W13/><G13/><T11/><D11/><U27/><E27/><V66/><F66/><W74/><G93/><T119/><D119/><U127/><E127/><V107/><F107/><W68/><G72/><T105/><D105/><U102/><E102/><V76/><F75/><W124/><G68/><T43/><D23/><U135/><E135/><V9/><F3/><W30/><G30/><T29/><D29/><U17/><E122/><V5/><F19/><W121/><G121/><T56/><D31/><U55/><E123/><V101/><F101/><W96/><G96/><T91/><D34/><U62/><E17/><V104/><F104/><W70/><G70/><T95/><D95/><U89/><E10/><V134/><F134/><W65/><G124/><T108/><D108/><U99/><E99/><N who="2" m="57735" /><F21/><W87/><G74/><T46/><D56/><U126/><E126/><V8/><F20/><RYUUKYOKU ba="1,1" sc="240,10,240,10,270,10,240,-30" hai0="37,38,39,43,44,46,47,48,82,83,85,86,91" hai1="4,6,41,45,51,52,55,57,58,62,81,84,89" hai2="2,5,8,9,14,18,54,59,76,78" /><INIT seed="1,2,1,1,0,107" ten="250,250,280,210" oya="1" hai0="32,75,81,9,89,31,73,85,103,95,129,15,72" hai1="46,35,93,39,135,1,24,111,76,104,68,59,53" hai2="63,11,99,116,115,26,55,83,109,94,14,50,7" hai3="60,13,101,40,70,74,41,134,121,90,71,25,56"/><U77/><E104/><V30/><F109/><W119/><G121/><T65/><D129/><U122/><E122/><V133/><F133/><W67/><G134/><T92/><D103/><U82/><E135/><V128/><F128/><W36/><G13/><T79/><D65/><U84/><E68/><V21/><F115/><W88/><G101/><T80/><D32/><U5/><E111/><V112/><F112/><W66/><G25/><T106/><D31/><U102/><E1/><V38/><F38/><W49/><G49/><T48/><D48/><U125/><E5/><V47/><F116/><W97/><G36/><T29/><D29/><U127/><E77/><V123/><F123/><W96/><G56/><T23/><D23/><U54/><E35/><V20/><F83/><W98/><G119/><T51/><D51/><U52/><E24/><V100/><F63/><W16/><G16/><T131/><D106/><U43/><REACH who="1" step="1"/><E59/><REACH who="1" ten="250,240,280,210" step="2"/><V12/><F14/><W22/><G71/><T42/><D131/><U6/><E6/><V44/><F47/><W2/><G70/><T58/><D58/><U108/><E108/><V17/><F7/><W45/><G2/><T113/><D113/><U10/><E10/><AGARI ba="2,2" hai="10,11,12,17,20,21,26,30,44,50,55,94,99,100" machi="10" ten="40,1300,0" yaku="8,1" doraHai="107" who="2" fromWho="1" sc="250,0,240,-19,280,39,210,0" /><INIT seed="2,0,0,5,5,120" ten="250,221,319,210" oya="2" hai0="9,102,24,130,106,124,70,2,99,34,96,42,36" hai1="122,112,58,41,21,118,116,0,62,30,81,107,117" hai2="43,32,4,67,49,78,37,47,73,134,60,14,84" hai3="46,45,63,51,29,40,39,129,66,94,48,97,90"/><V100/><F32/><W19/><G129/><T103/><D130/><U125/><E107/><V80/><F134/><W16/><G29/><N who="0" m="19751" /><D70/><U133/><E0/><V12/><F100/><W10/><G10/><T72/><D72/><U74/><E122/><V18/><F4/><W95/><G95/><T57/><D57/><U132/><E74/><V76/><F37/><W54/><REACH who="3" step="1"/><G39/><REACH who="3" ten="250,221,319,200" step="2"/><T88/><D9/><U26/><E133/><V5/><F5/><W27/><G27/><T56/><D36/><U93/><E132/><V31/><F31/><W110/><G110/><T61/><D106/><U17/><E30/><V7/><F7/><W135/><G135/><T98/><D2/><U71/><E118/><V114/><F14/><W33/><G33/><T55/><D103/><U69/><E26/><V91/><F12/><W115/><G115/><T121/><D102/><U111/><E112/><V68/><F114/><W127/><G127/><T11/><D11/><U1/><E125/><V87/><F18/><W104/><G104/><T92/><D124/><U75/><E1/><V101/><F101/><W15/><G15/><T52/><D92/><U123/><E93/><V109/><F73/><W23/><G23/><T3/><D3/><U77/><E123/><V89/><F109/><W65/><G65/><T113/><D113/><U8/><E111/><V50/><F50/><W64/><G64/><T38/><D121/><U82/><E117/><V6/><F6/><W108/><G108/><T119/><D119/><U53/><E116/><V59/><F68/><AGARI ba="0,1" hai="16,19,40,45,46,48,51,54,63,66,68,90,94,97" machi="68" ten="30,3900,0" yaku="1,1,7,1,54,1,53,0" doraHai="120" doraHaiUra="79" who="3" fromWho="2" sc="250,0,221,0,319,-39,200,49" /><INIT seed="3,0,0,0,0,26" ten="250,221,280,249" oya="3" hai0="65,39,103,76,127,12,74,99,73,33,50,80,64" hai1="6,17,128,4,24,58,38,118,91,72,54,14,43" hai2="29,22,5,116,77,68,21,31,44,131,130,106,25" hai3="27,66,35,98,13,89,122,112,20,10,57,30,23"/><W63/><G112/><T124/><D39/><U55/><E72/><V105/><F116/><W121/><G89/><T40/><D73/><U8/><E118/><V75/><F68/><W78/><G78/><T42/><D33/><U110/><E110/><V88/><F5/><W62/><G98/><T92/><D12/><U53/><E128/><N who="2" m="49195" /><F44/><W83/><G83/><T45/><REACH who="0" step="1"/><D42/><REACH who="0" ten="240,221,280,249" step="2"/><U120/><E38/><V90/><F75/><W52/><G122/><T11/><D11/><U15/><E43/><V7/><F22/><W94/><G121/><T102/><D102/><U56/><E120/><V37/><F37/><W135/><G135/><T16/><D16/><U2/><E2/><V107/><F7/><W109/><G109/><T61/><D61/><U49/><E15/><V3/><F3/><W100/><G13/><T36/><D36/><U48/><E24/><V9/><F9/><W113/><G10/><T93/><D93/><U86/><E55/><V129/><F129/><W125/><G113/><T46/><D46/><U51/><E51/><V70/><F25/><W133/><G133/><T87/><D87/><U126/><REACH who="1" step="1"/><E126/><AGARI ba="0,1" hai="40,45,50,64,65,74,76,80,92,99,103,124,126,127" machi="126" ten="40,2600,0" yaku="1,1,18,1,53,0" doraHai="26" doraHaiUra="28" who="0" fromWho="1" sc="240,36,221,-26,280,0,249,0" /><INIT seed="4,0,0,4,1,45" ten="276,195,280,249" oya="0" hai0="113,38,9,70,95,129,134,3,22,28,4,96,7" hai1="10,47,72,31,73,49,90,93,41,98,79,33,26" hai2="35,75,107,19,53,91,133,29,126,17,68,81,122" hai3="109,39,57,127,88,74,83,63,25,59,118,65,117"/><T56/><D70/><U20/><E79/><V89/><F122/><W102/><G109/><T100/><D113/><U119/><E119/><V123/><F107/><W54/><G39/><T46/><D129/><U78/><E78/><V30/><F68/><W11/><G74/><T112/><D112/><U1/><E1/><V0/><F0/><W125/><G102/><T8/><D134/><U44/><E10/><V60/><F53/><W103/><G103/><T97/><D56/><U23/><E23/><V24/><F60/><W34/><G11/><T85/><D85/><U64/><E64/><V101/><F101/><W111/><G25/><T37/><D97/><U48/><REACH who="1" step="1"/><E20/><REACH who="1" ten="276,185,280,249" step="2"/><V55/><F133/><W124/><G34/><T71/><D8/><U40/><AGARI ba="0,1" hai="26,31,33,40,41,44,47,48,49,72,73,90,93,98" machi="40" ten="20,12000,2" yaku="1,1,2,1,0,1,7,1,9,1,52,2,53,0" doraHai="45" doraHaiUra="130" who="1" fromWho="1" sc="276,-60,185,130,280,-30,249,-30" /><INIT seed="5,0,0,0,1,99" ten="216,315,250,219" oya="1" hai0="96,11,107,100,57,77,70,102,93,1,106,16,38" hai1="54,4,14,123,63,79,61,126,120,0,82,112,46" hai2="80,97,78,119,117,36,116,41,94,25,65,118,51" hai3="12,103,71,32,64,31,69,18,67,113,72,24,37"/><U127/><E0/><V111/><F111/><W114/><G37/><T6/><D70/><N who="3" m="26633" /><G72/><T27/><D38/><U109/><E4/><V89/><F65/><W128/><G128/><T125/><D125/><N who="1" m="47627" /><E14/><V86/><F36/><W84/><G84/><T10/><D77/><U59/><E109/><V68/><F68/><W74/><G74/><T19/><D57/><N who="1" m="34999" /><E112/><N who="3" m="43114" /><G103/><T35/><D102/><U45/><E82/><V42/><F118/><W91/><G91/><T130/><D130/><U7/><E7/><V121/><F121/><N who="1" m="46665" /><E79/><V52/><REACH who="2" step="1"/><F25/><REACH who="2" ten="216,315,240,219" step="2"/><W83/><G24/><T132/><D27/><U105/><E105/><V98/><F98/><W49/><G67/><AGARI ba="0,1" hai="45,46,59,63,67" m="46665,34999,47627" machi="67" ten="30,5800,0" yaku="18,1,34,2" doraHai="99" who="1" fromWho="3" sc="216,0,315,68,240,0,219,-58" /><INIT seed="5,1,0,4,0,11" ten="216,383,240,161" oya="1" hai0="77,14,100,103,33,84,125,122,98,105,8,96,69" hai1="19,6,132,118,58,30,75,34,111,134,116,113,91" hai2="16,82,28,15,52,54,26,61,94,115,39,97,36" hai3="74,3,76,51,49,4,131,80,83,21,109,72,10"/><U87/><E75/><V104/><F104/><W86/><G109/><T117/><D117/><U66/><E111/><V92/><F115/><W133/><G133/><N who="1" m="51306" /><E113/><V17/><F82/><W67/><G131/><T25/><D125/><U27/><E6/><V81/><F81/><W12/><G67/><T44/><D122/><U64/><E19/><V56/><F54/><W107/><G107/><T112/><D69/><U123/><E123/><V13/><F94/><W126/><G126/><T57/><D77/><U60/><E64/><V108/><F108/><W45/><G45/><T128/><D128/><U65/><E65/><V127/><F127/><W101/><G101/><T40/><D112/><U130/><E130/><V38/><F17/><W106/><G106/><T88/><D57/><U121/><E121/><V24/><F16/><W46/><G3/><T50/><D103/><U62/><E62/><V78/><F78/><W9/><G72/><T55/><D100/><U114/><E114/><V70/><F70/><W20/><G10/><T120/><D120/><U93/><AGARI ba="1,0" hai="27,30,34,58,60,66,87,91,93,116,118" m="51306" machi="93" ten="30,1500,0" yaku="20,1" doraHai="11" who="1" fromWho="1" sc="216,-6,383,18,240,-6,161,-6" /><INIT seed="5,2,0,3,1,38" ten="210,401,234,155" oya="1" hai0="9,39,129,112,0,114,7,57,134,117,14,45,64" hai1="113,63,11,18,2,8,36,1,87,70,76,120,84" hai2="93,135,116,34,55,104,44,62,41,81,50,6,110" hai3="92,48,79,103,60,80,47,95,73,118,83,131,97"/><U40/><E120/><V23/><F34/><W102/><G131/><T122/><D117/><U90/><E113/><N who="0" m="43625" /><D129/><U94/><E70/><V77/><F104/><W132/><G132/><T42/><D134/><U49/><E63/><V67/><F110/><W115/><G115/><T82/><D82/><U37/><E76/><V124/><F116/><W69/><G118/><T10/><D122/><U86/><E18/><V96/><F6/><W61/><G69/><T108/><D108/><U91/><E87/><V98/><F124/><W54/><REACH who="3" step="1"/><G83/><REACH who="3" ten="210,401,234,145" step="2"/><T105/><D105/><U25/><E94/><V126/><F135/><W106/><G106/><T65/><D57/><U15/><E1/><V46/><F93/><W99/><AGARI ba="2,1" hai="47,48,54,60,61,73,79,80,92,95,97,99,102,103" machi="99" ten="30,4000,0" yaku="1,1,0,1,9,1,53,0" doraHai="38" doraHaiUra="66" who="3" fromWho="3" sc="210,-12,401,-22,234,-12,145,56" /><INIT seed="6,0,0,5,2,79" ten="198,379,222,201" oya="2" hai0="19,101,37,118,44,8,115,68,80,93,121,90,49" hai1="86,65,13,39,134,3,15,5,61,124,132,98,113" hai2="116,47,27,29,87,10,60,21,84,38,67,91,106" hai3="28,51,14,30,114,57,48,119,7,43,122,110,70"/><V111/><F116/><W20/><G110/><T127/><D121/><U131/><E39/><V6/><F106/><W75/><G119/><T125/><D68/><U92/><E3/><V81/><F111/><W18/><G122/><T117/><D37/><U33/><E33/><V31/><F87/><W107/><G107/><T16/><D115/><U77/><E113/><V72/><F72/><W100/><G100/><T45/><D101/><U99/><E124/><N who="0" m="47689" /><D80/><U50/><E99/><V42/><F31/><W11/><G70/><T23/><D8/><U36/><E98/><V62/><REACH who="2" step="1"/><F67/><REACH who="2" ten="198,379,212,201" step="2"/><W9/><G75/><T1/><D118/><U22/><E65/><V40/><F40/><W120/><G120/><T46/><D117/><U17/><E86/><V89/><F89/><W71/><G43/><T25/><D90/><U96/><E77/><V94/><F94/><W103/><G30/><N who="0" m="17727" /><D93/><U85/><E92/><V95/><F95/><W128/><G28/><T58/><D1/><AGARI ba="0,1" hai="1,6,10,21,27,29,38,42,47,60,62,81,84,91" machi="1" ten="30,5800,0" yaku="1,1,7,1,52,1,53,0" doraHai="79" doraHaiUra="123" who="2" fromWho="0" sc="198,-58,379,0,212,68,201,0" /><INIT seed="6,1,0,5,4,128" ten="140,379,280,201" oya="2" hai0="36,64,90,68,44,89,63,79,43,106,31,109,96" hai1="115,130,60,12,59,95,74,123,53,108,19,40,69" hai2="35,83,73,126,122,47,57,131,84,33,8,17,104" hai3="98,7,25,41,49,42,26,30,93,86,32,58,99"/><V124/><F122/><W120/><G120/><T113/><D109/><U29/><E108/><V66/><F104/><W78/><G7/><T11/><D113/><U101/><E123/><V72/><F131/><W112/><G112/><T13/><D79/><U92/><E115/><V23/><F8/><W3/><G3/><T21/><D21/><U27/><E74/><N who="2" m="28779" /><F47/><W14/><G14/><T4/><REACH who="0" step="1"/><D31/><REACH who="0" ten="130,379,280,201" step="2"/><U67/><E130/><V10/><F23/><W82/><G30/><T48/><D48/><U34/><E29/><V51/><F51/><W50/><G32/><T102/><AGARI ba="1,1" hai="4,11,13,36,43,44,63,64,68,89,90,96,102,106" machi="102" ten="30,2000,0" yaku="1,1,0,1,53,0" doraHai="128" doraHaiUra="16" who="0" fromWho="0" sc="130,33,379,-6,280,-11,201,-6" /><INIT seed="7,0,0,5,2,92" ten="163,373,269,195" oya="3" hai0="29,90,71,45,10,36,110,87,3,91,27,67,28" hai1="93,126,22,25,70,77,122,44,100,99,85,113,95" hai2="117,51,18,111,54,114,1,46,80,89,15,131,128" hai3="42,88,101,68,98,127,109,64,11,50,26,81,41"/><W134/><G134/><T0/><D110/><U121/><E70/><V57/><F1/><W47/><G127/><T86/><D71/><U73/><E126/><V129/><F111/><W79/><G109/><T34/><D67/><U75/><E44/><V20/><F114/><W61/><G11/><T2/><D29/><U94/><E113/><V97/><F117/><W65/><G65/><T17/><D17/><U55/><E55/><V133/><F133/><W107/><G26/><T8/><D36/><U104/><E22/><V32/><F32/><W125/><G88/><T118/><D45/><U135/><E25/><V12/><F12/><W66/><G66/><T62/><D62/><U112/><E112/><V49/><F97/><W72/><REACH who="3" step="1"/><G125/><REACH who="3" ten="163,373,269,185" step="2"/><T24/><D118/><U108/><E108/><V56/><F89/><W43/><AGARI ba="0,1" hai="41,42,43,47,50,61,64,68,72,79,81,98,101,107" machi="43" ten="20,12000,1" yaku="1,1,2,1,0,1,7,1,52,1,53,0" doraHai="92" doraHaiUra="13" who="3" fromWho="3" sc="163,-40,373,-40,269,-40,185,130" /><INIT seed="7,1,0,1,1,74" ten="123,333,229,315" oya="3" hai0="80,79,41,64,57,20,13,115,34,85,130,5,59" hai1="118,132,38,105,18,83,50,67,121,26,93,17,53" hai2="36,65,100,134,103,15,78,60,7,10,90,37,4" hai3="45,131,6,128,123,29,1,70,16,135,106,116,61"/><W102/><G116/><T35/><D130/><N who="3" m="49705" /><G123/><T68/><D68/><U98/><E121/><V8/><F134/><W76/><G29/><T0/><D0/><U125/><E38/><V58/><F37/><W95/><G135/><T114/><D35/><U52/><E132/><V11/><F36/><W42/><G6/><T48/><D34/><U119/><E105/><V112/><F112/><W86/><G1/><T126/><D126/><U87/><E125/><V99/><F78/><W33/><G33/><T122/><D122/><U25/><E67/><V56/><F56/><W94/><G16/><N who="1" m="6250" /><E119/><V21/><F21/><W77/><G106/><T113/><D64/><U129/><E129/><V71/><F71/><W69/><G102/><N who="2" m="38953" /><F15/><W108/><G108/><T73/><D20/><U22/><E118/><V72/><F72/><W117/><G117/><T40/><D73/><U97/><E22/><V91/><F91/><N who="3" m="53623" /><G70/><T9/><REACH who="0" step="1"/><D41/><REACH who="0" ten="113,333,229,315" step="2"/><U32/><E32/><V24/><F65/><N who="3" m="41135" /><G95/><T81/><D81/><U82/><E82/><V96/><F11/><W54/><G54/><T63/><D63/><U51/><E52/><V104/><F10/><W2/><G2/><T101/><D101/><N who="1" m="60591" /><E98/><V109/><F8/><W49/><AGARI ba="1,1" hai="42,45,49,76,77" m="41135,53623,49705" machi="49" ten="30,6000,0" yaku="19,1,52,2" doraHai="74" who="3" fromWho="3" sc="113,-21,333,-21,229,-21,315,73" owari="92,-40.8,312,11.2,208,-19.2,388,48.8" /></mjloggm>