<mjloggm ver="2.3"><GO type="169" lobby="0"/><UN n0="%41%6C%6C%2D%4C%75%63%6B" n1="%6E%61%67%61%69%6D%6F" n2="%E9%BE%8D%31%30" n3="%74%6B%34%32" dan="16,16,16,16" rate="2124.32,2124.92,2117.33,2116.46" sx="M,M,M,M"/><TAIKYOKU oya="0"/><INIT seed="0,0,0,5,4,45" ten="250,250,250,250" oya="0" hai0="81,67,30,128,98,60,77,37,13,42,89,34,19" hai1="49,43,127,117,116,53,72,133,103,61,134,40,57" hai2="52,130,99,17,75,23,25,95,9,7,33,51,35" hai3="0,111,18,129,44,22,105,135,100,118,85,122,101"/><T84/><D128/><U119/><E72/><V114/><F75/><W15/><G118/><T104/><D37/><U121/><E103/><V63/><F63/><W82/><G111/><T14/><D42/><N who="1" m="15915" /><E121/><V93/><F114/><W50/><G129/><T2/><D2/><U115/><E115/><V20/><F20/><W39/><G39/><T6/><D6/><U31/><E31/><V32/><F99/><W5/><G105/><T11/><D34/><U79/><E79/><V36/><F36/><W28/><G135/><N who="1" m="51722" /><E127/><V59/><REACH who="2" step="1"/><F130/><REACH who="2" ten="250,250,240,250" step="2"/><W124/><G124/><T21/><D98/><U113/><E113/><V112/><F112/><W102/><G122/><T97/><D97/><U80/><E80/><V106/><F106/><W55/><G28/><T47/><D104/><U125/><E125/><V91/><F91/><W78/><G0/><AGARI ba="0,1" hai="0,7,9,17,23,25,32,33,35,51,52,59,93,95" machi="0" ten="40,5200,0" yaku="1,1,52,1,54,1,53,0" doraHai="45" doraHaiUra="70" who="2" fromWho="3" sc="250,0,250,0,240,62,250,-52" /><INIT seed="1,0,0,4,5,128" ten="250,250,302,198" oya="1" hai0="125,95,100,121,47,1,49,88,133,82,39,108,129" hai1="25,14,107,8,45,53,51,85,76,38,97,96,11" hai2="103,72,6,118,33,20,117,90,78,109,79,98,87" hai3="9,19,120,28,73,86,54,104,5,23,110,36,71"/><U30/><E38/><V131/><F33/><W69/><G73/><T31/><D1/><U56/><E107/><N who="2" m="63991" /><F6/><W10/><G110/><T113/><D39/><U50/><E8/><V26/><F20/><W44/><G120/><T119/><D31/><U123/><E123/><V63/><F26/><W32/><G104/><T12/><D119/><N who="2" m="45578" /><F63/><W102/><G102/><T68/><D113/><U16/><E25/><V64/><F64/><W116/><G116/><T77/><D68/><U2/><E2/><V115/><F115/><W84/><G69/><T112/><D108/><U55/><E30/><V127/><F109/><W89/><G71/><T52/><D112/><U66/><E66/><V134/><F131/><W101/><G101/><T35/><D129/><U93/><E93/><N who="2" m="54495" /><F127/><W34/><G34/><T43/><D35/><U106/><E106/><V126/><F126/><W62/><G36/><T4/><D125/><U83/><AGARI ba="0,0" hai="11,14,16,45,50,51,53,55,56,76,83,85,96,97" machi="83" ten="30,6000,0" yaku="0,1,8,1,54,1" doraHai="128" who="1" fromWho="1" sc="250,-20,250,60,302,-20,198,-20" /><INIT seed="1,1,0,2,5,117" ten="230,310,282,178" oya="1" hai0="120,38,30,100,104,125,114,31,87,63,67,54,44" hai1="70,10,101,21,50,61,39,58,46,111,110,105,132" hai2="3,98,24,18,124,56,102,78,113,37,73,11,77" hai3="91,27,85,26,127,25,5,35,34,53,52,82,14"/><U0/><E105/><V122/><F37/><W128/><G127/><T95/><D114/><U130/><E101/><V62/><F113/><W16/><G128/><T119/><D119/><U118/><E118/><V65/><F124/><W32/><REACH who="3" step="1"/><G5/><REACH who="3" ten="230,310,282,168" step="2"/><T134/><D125/><U123/><E130/><V41/><F73/><W74/><G74/><T121/><D134/><U112/><E112/><V107/><F107/><W116/><G116/><T23/><D104/><U1/><E132/><V71/><F3/><W89/><G89/><N who="0" m="53695" /><D100/><U57/><E1/><V108/><F102/><W13/><G13/><T99/><D99/><U20/><E0/><V80/><F98/><W48/><G48/><N who="0" m="28935" /><D38/><U75/><E75/><V76/><F78/><W92/><G92/><T83/><D83/><U22/><E39/><V94/><F77/><W84/><G84/><T131/><D131/><U42/><E110/><V88/><F94/><W81/><G81/><T15/><D15/><U126/><E111/><V66/><F80/><W86/><G86/><T97/><D97/><U9/><E126/><V40/><F76/><W29/><G29/><T2/><D2/><U135/><E135/><V7/><F108/><W133/><G133/><T103/><D103/><U72/><E72/><V43/><F7/><W6/><G6/><T129/><D129/><U79/><E79/><V64/><F24/><W4/><G4/><T90/><D90/><U19/><E50/><V115/><F88/><W17/><G17/><T45/><D30/><U60/><E19/><V69/><F18/><W49/><G49/><T8/><D31/><RYUUKYOKU ba="1,1" sc="230,-10,310,-10,282,-10,168,30" hai3="14,16,25,26,27,32,34,35,52,53,82,85,91" /><INIT seed="2,2,1,0,2,52" ten="220,300,272,198" oya="2" hai0="7,68,116,88,15,17,104,1,62,125,85,0,73" hai1="118,79,36,13,111,29,100,14,89,2,37,33,40" hai2="47,11,54,128,66,23,113,102,76,50,135,18,21" hai3="105,92,26,110,48,65,64,4,119,109,28,86,112"/><V60/><F113/><W122/><G112/><T42/><D73/><U12/><E2/><V126/><F128/><W49/><G119/><T51/><D104/><U53/><E118/><V117/><F117/><W90/><G122/><T75/><D75/><U44/><E79/><V31/><F135/><W72/><G105/><T83/><D125/><U107/><E37/><V87/><F102/><W80/><G4/><T103/><D103/><U25/><E111/><N who="3" m="42506" /><G72/><T19/><D7/><U74/><E74/><V58/><F31/><W129/><G129/><T16/><D15/><U131/><E131/><V108/><F126/><W8/><G8/><T70/><D116/><U91/><E100/><V106/><F106/><W77/><G64/><T38/><D38/><U6/><E107/><V97/><F97/><N who="3" m="57495" /><G65/><T78/><D78/><U22/><E6/><V63/><F108/><W94/><G94/><T3/><REACH who="0" step="1"/><D62/><REACH who="0" ten="210,300,272,198" step="2"/><U56/><REACH who="1" step="1"/><E33/><AGARI ba="2,2" hai="26,28,33,48,49,77,80,86" m="57495,42506" machi="33" ten="30,1000,0" yaku="14,1" doraHai="52" who="3" fromWho="1" sc="210,0,300,-16,272,0,198,36" /><INIT seed="3,0,0,1,4,41" ten="210,284,272,234" oya="3" hai0="69,131,66,67,130,32,83,111,116,129,50,123,1" hai1="95,27,35,133,88,72,65,104,114,6,93,81,106" hai2="54,132,109,87,31,11,78,60,89,126,119,10,13" hai3="33,99,86,120,43,94,80,71,128,30,127,90,61"/><W20/><G120/><T44/><D1/><U124/><E65/><N who="0" m="24585" /><D32/><U21/><E35/><V8/><F119/><W29/><G127/><T79/><D116/><U115/><E124/><V101/><F126/><W3/><G128/><T98/><D98/><U84/><E6/><V0/><F132/><W62/><G3/><T97/><D97/><U26/><E133/><V47/><F101/><W68/><G43/><N who="0" m="24863" /><D111/><U112/><E27/><V57/><F109/><W9/><G33/><T19/><D19/><U42/><E42/><V92/><F31/><N who="3" m="11787" /><G71/><T38/><D38/><U28/><REACH who="1" step="1"/><E72/><REACH who="1" ten="210,274,272,234" step="2"/><V110/><F110/><W74/><G68/><T100/><D69/><U85/><E85/><V134/><F134/><W12/><G74/><N who="0" m="43511" /><D123/><U45/><E45/><V48/><F0/><W49/><G20/><T70/><D70/><U113/><N who="1" m="28672" /><DORA hai="59" /><U18/><E18/><N who="2" m="8487" /><F78/><N who="3" m="46359" /><G49/><T103/><AGARI ba="0,1" hai="100,103,129,130,131" m="43511,24863,24585" machi="103" ten="40,2700,0" yaku="19,1,52,1" doraHai="41,59" who="0" fromWho="0" sc="210,37,274,-7,272,-7,234,-13" /><INIT seed="4,0,0,2,0,88" ten="247,267,265,221" oya="0" hai0="63,101,77,83,73,66,91,64,0,85,13,57,6" hai1="33,24,113,110,108,121,122,34,111,10,71,69,131" hai2="7,55,89,20,17,23,9,127,52,28,22,105,123" hai3="41,115,98,18,39,78,104,42,58,68,70,135,134"/><T80/><D0/><U56/><E24/><V5/><F105/><W116/><G116/><T26/><D101/><U120/><E56/><V126/><F123/><W97/><G78/><T109/><D109/><U1/><E131/><V90/><F28/><W21/><G115/><T16/><D6/><N who="2" m="2058" /><F9/><W19/><G58/><T114/><D114/><U53/><E113/><V47/><F17/><W31/><G31/><T86/><D26/><U95/><E53/><N who="2" m="20555" /><F47/><W4/><G39/><T37/><D37/><U96/><E10/><V103/><F103/><W14/><G4/><T60/><D73/><U133/><E1/><V118/><F118/><W117/><G117/><T67/><REACH who="0" step="1"/><D63/><REACH who="0" ten="237,267,265,221" step="2"/><U49/><E49/><V112/><F112/><W82/><G14/><T62/><D62/><U107/><E107/><V50/><F50/><W43/><G104/><T38/><D38/><U74/><E74/><V11/><F11/><AGARI ba="0,1" hai="11,13,16,57,60,64,66,67,77,80,83,85,86,91" machi="11" ten="30,11600,0" yaku="1,1,7,1,8,1,54,1,53,0" doraHai="88" doraHaiUra="99" who="0" fromWho="2" sc="237,126,267,0,265,-116,221,0" /><INIT seed="4,1,0,1,3,9" ten="363,267,149,221" oya="0" hai0="6,28,127,131,18,77,10,70,128,105,11,95,33" hai1="106,100,133,35,51,121,62,0,90,109,26,64,43" hai2="58,101,52,112,7,63,89,84,1,57,2,110,48" hai3="75,83,96,41,38,49,118,65,46,8,74,39,55"/><T47/><D105/><U15/><E0/><V87/><F112/><W66/><G118/><T69/><D77/><U45/><E109/><V30/><F110/><W115/><G115/><T119/><D119/><U12/><E121/><V5/><F101/><W123/><G123/><T13/><D47/><U126/><E90/><V31/><F2/><W85/><G96/><T19/><D95/><U134/><E126/><V108/><F84/><W71/><G8/><T44/><D44/><U27/><E100/><V32/><F1/><W125/><G125/><T78/><D78/><U59/><E106/><V53/><F108/><W99/><G99/><T113/><D113/><U67/><E67/><V22/><F32/><W36/><G71/><T117/><D117/><U97/><E97/><V122/><F122/><W56/><G65/><T135/><D135/><N who="1" m="51723" /><E35/><V94/><REACH who="2" step="1"/><F22/><REACH who="2" ten="363,267,139,221" step="2"/><W50/><REACH who="3" step="1"/><G66/><REACH who="3" ten="363,267,139,211" step="2"/><T130/><D127/><U3/><E3/><V111/><F111/><W98/><G98/><T40/><D10/><U24/><AGARI ba="1,2" hai="12,15,24,26,27,43,45,51,59,62,64" m="51723" machi="24" ten="30,4000,0" yaku="20,1,52,2" doraHai="9" who="1" fromWho="1" sc="363,-21,267,63,139,-11,211,-11" /><INIT seed="5,0,0,3,0,44" ten="342,330,128,200" oya="1" hai0="129,88,84,81,133,110,64,25,99,12,100,119,5" hai1="65,80,83,32,87,101,41,47,93,124,46,1,127" hai2="58,66,90,122,120,95,131,103,77,9,17,111,123" hai3="27,121,35,60,106,55,82,130,108,72,134,63,125"/><U45/><E32/><V71/><F111/><W43/><G121/><T104/><D110/><U117/><E1/><V113/><F103/><W29/><G106/><T115/><D129/><U22/><E117/><V105/><F131/><W70/><G108/><T76/><D133/><U8/><E8/><V59/><F105/><W20/><G130/><T98/><D115/><U78/><E65/><V23/><F113/><W54/><G125/><T53/><D64/><U2/><E2/><V36/><F9/><W10/><G35/><T51/><D25/><U86/><E22/><V0/><F77/><W16/><G43/><T94/><D5/><U92/><E101/><V18/><F36/><W89/><G70/><T74/><D12/><U112/><E112/><V79/><F0/><W48/><G55/><T30/><D30/><U57/><E57/><V38/><F79/><W19/><G72/><T11/><D11/><U109/><E109/><V39/><F71/><W37/><G37/><N who="2" m="13833" /><F66/><W28/><G134/><T69/><D69/><U73/><E73/><V26/><F18/><W31/><G89/><T132/><D132/><U49/><E47/><V75/><F75/><W102/><G82/><T7/><D7/><U6/><E6/><V4/><F4/><W61/><G102/><T91/><D119/><U107/><E107/><V42/><F42/><W118/><G118/><T62/><D62/><U50/><E41/><V68/><F68/><W24/><G10/><T114/><D114/><U85/><E85/><N who="2" m="52687" /><F123/><W97/><G97/><N who="0" m="36875" /><D91/><U135/><E135/><V67/><F67/><W33/><G19/><RYUUKYOKU ba="0,0" sc="342,-30,330,10,128,10,200,10" hai1="45,46,49,50,78,80,83,86,87,92,93,124,127" hai2="17,23,26,58,59,120,122" hai3="16,20,24,27,28,29,31,33,48,54,60,61,63" /><INIT seed="5,1,0,4,4,28" ten="312,340,138,210" oya="1" hai0="58,54,64,91,59,77,33,126,106,22,130,118,8" hai1="30,10,85,36,100,57,99,98,111,0,32,108,128" hai2="17,129,23,47,31,12,103,83,24,6,15,67,131" hai3="3,119,70,122,90,48,27,105,38,95,49,110,26"/><U73/><E73/><V55/><F103/><W18/><G38/><T4/><D118/><U124/><E36/><V84/><F67/><W29/><G122/><T135/><D106/><U92/><E128/><N who="2" m="49227" /><F6/><W125/><G110/><T46/><D33/><U44/><E44/><V45/><F55/><W109/><G109/><N who="1" m="42058" /><E124/><V115/><F15/><W63/><G125/><T2/><D135/><U72/><E72/><V96/><F96/><W68/><G3/><T13/><D77/><U21/><E99/><V74/><F74/><W71/><G105/><T61/><D126/><U101/><E101/><V117/><F115/><W81/><G81/><T43/><D130/><U35/><E85/><V9/><F117/><W132/><G132/><T52/><D91/><AGARI ba="1,0" hai="9,12,17,23,24,31,45,47,83,84,91" m="49227" machi="91" ten="30,1000,0" yaku="19,1" doraHai="28" who="2" fromWho="0" sc="312,-13,340,0,138,13,210,0" /><INIT seed="6,0,0,5,3,75" ten="299,340,151,210" oya="2" hai0="93,114,60,27,110,49,89,7,41,17,57,46,88" hai1="119,104,59,132,82,61,13,123,99,65,111,6,95" hai2="55,115,2,87,135,77,113,48,72,8,53,69,76" hai3="12,90,20,16,108,103,112,24,58,121,14,97,33"/><V122/><F122/><W91/><G108/><T32/><D110/><U92/><E111/><V109/><F109/><W120/><G112/><N who="2" m="43081" /><F72/><W28/><G120/><T44/><D114/><U35/><E35/><V3/><F69/><W70/><G70/><T63/><D7/><U105/><E119/><V45/><F135/><W96/><G121/><T127/><D127/><U4/><E123/><V54/><F87/><W40/><G40/><T133/><D32/><U64/><E132/><V10/><F45/><W21/><G58/><T34/><D34/><U83/><E59/><V68/><F48/><W25/><G14/><T129/><D129/><U51/><E51/><V52/><N who="2" m="13312" /><DORA hai="62" /><V78/><F68/><W1/><G1/><AGARI ba="0,0" hai="1,2,3,8,10,76,77,78" m="13312,43081" machi="1" ten="50,18000,2" yaku="28,2,15,1,52,3,54,1" doraHai="75,62" who="2" fromWho="3" sc="299,0,340,0,151,180,210,-180" /><INIT seed="6,1,0,1,2,33" ten="299,340,331,30" oya="2" hai0="82,110,104,46,70,56,89,20,13,102,40,134,66" hai1="125,98,57,9,108,5,92,50,84,73,87,80,135" hai2="132,28,34,23,77,116,38,112,31,106,67,111,17" hai3="86,1,119,85,117,51,27,2,36,53,129,45,55"/><V11/><F106/><W37/><G129/><T60/><D110/><U103/><E108/><V8/><F38/><W93/><G27/><T64/><D134/><U88/><E135/><V30/><F111/><W130/><G130/><T123/><D123/><U78/><E125/><V35/><F132/><W15/><G15/><T118/><D118/><U126/><E126/><V41/><F77/><W69/><G69/><T49/><D104/><U75/><E57/><V122/><F67/><W14/><G14/><T0/><D102/><U96/><E50/><V10/><F41/><W16/><G93/><T43/><D0/><U99/><REACH who="1" step="1"/><E103/><REACH who="1" ten="299,330,331,30" step="2"/><V115/><F116/><W72/><G72/><T95/><D70/><U63/><E63/><V62/><F62/><W105/><G105/><T48/><D66/><U54/><E54/><V114/><F122/><W47/><REACH who="3" step="1"/><G51/><REACH who="3" ten="299,330,331,20" step="2"/><T71/><D49/><U90/><E90/><V133/><F133/><W131/><G131/><T109/><D71/><U74/><E74/><V91/><F91/><W3/><G3/><AGARI ba="1,2" hai="3,5,9,73,75,78,80,84,87,88,92,96,98,99" machi="3" ten="40,5200,0" yaku="1,1,52,1,54,1,53,0" doraHai="33" doraHaiUra="29" who="1" fromWho="3" sc="299,0,330,75,331,0,20,-55" owari="299,-10.1,405,50.5,331,13.1,-35,-53.5" /></mjloggm>