<mjloggm ver="2.3"><GO type="169" lobby="0"/><UN n0="%E6%97%A5%E9%99%B0%E3%81%95%E3%82%93" n1="%6C%61%79%65%72%38%31" n2="%E3%83%AD%E3%83%99%E3%83%AB%E3%82%BF%E3%81%95%E3%82%93%EF%BC%A0" n3="%4D%E6%9C%AC" dan="17,17,16,16" rate="2208.93,2143.46,2140.72,2134.76" sx="F,M,F,M"/><TAIKYOKU oya="0"/><INIT seed="0,0,0,4,4,110" ten="250,250,250,250" oya="0" hai0="15,64,19,112,111,80,25,70,72,65,7,29,67" hai1="22,51,125,8,26,38,41,23,97,135,1,108,47" hai2="122,129,48,88,128,36,21,106,116,53,39,52,73" hai3="61,82,118,95,81,103,79,2,78,107,132,98,63"/><T62/><D7/><U117/><E117/><V59/><F106/><W10/><G118/><T105/><D105/><U120/><E120/><V75/><F116/><W20/><G132/><T17/><D111/><U32/><E108/><V99/><F122/><W40/><G40/><T86/><D72/><N who="2" m="27722" /><F21/><W96/><G20/><T18/><D15/><U130/><E135/><V28/><F53/><W85/><G10/><T45/><D45/><U91/><E130/><N who="2" m="50283" /><F28/><W113/><G2/><T114/><D62/><U54/><E1/><V119/><F119/><W6/><G6/><T74/><D74/><U83/><E8/><V126/><F126/><W12/><G12/><T109/><D70/><U49/><E125/><V35/><F35/><W127/><G127/><T56/><D56/><U58/><E32/><V87/><F99/><W24/><G24/><T57/><D57/><U84/><E97/><V30/><F30/><W34/><G34/><T115/><D109/><U71/><E71/><V5/><F5/><W14/><G14/><T37/><D37/><U33/><REACH who="1" step="1"/><E38/><REACH who="1" ten="250,240,250,250" step="2"/><V77/><F77/><W69/><G69/><T4/><D4/><U101/><E101/><V11/><F11/><W27/><G79/><N who="0" m="46367" /><D25/><U0/><E0/><V13/><F13/><W60/><G27/><T102/><D29/><AGARI ba="0,1" hai="22,23,26,29,33,41,47,49,51,54,58,83,84,91" machi="29" ten="40,2600,0" yaku="1,1,53,1" doraHai="110" doraHaiUra="42" who="1" fromWho="0" sc="250,-26,240,36,250,0,250,0" /><INIT seed="1,0,0,3,2,52" ten="224,276,250,250" oya="1" hai0="75,53,13,20,43,107,27,34,74,104,37,59,106" hai1="122,49,21,41,40,29,80,130,103,87,1,92,61" hai2="51,131,44,115,62,112,12,100,3,45,78,133,17" hai3="47,135,30,76,97,58,9,46,4,91,6,73,81"/><U72/><E122/><V16/><F131/><W90/><G135/><T119/><D119/><U83/><E1/><V42/><F133/><W99/><G30/><T134/><D134/><U125/><E125/><V65/><F3/><W7/><G9/><T71/><D71/><U102/><E72/><V114/><F78/><W79/><G73/><T109/><D34/><U111/><E130/><V23/><F100/><W8/><G8/><T55/><D109/><U48/><E61/><V28/><F45/><W96/><G58/><T85/><D13/><U88/><E111/><V18/><REACH who="2" step="1"/><F28/><REACH who="2" ten="224,276,240,250" step="2"/><W2/><G2/><T31/><D31/><U70/><E103/><V57/><AGARI ba="0,1" hai="12,16,17,18,23,42,44,51,57,62,65,112,114,115" machi="57" ten="30,12000,2" yaku="1,1,2,1,0,1,11,1,52,1,54,1,53,0" doraHai="52" doraHaiUra="26" who="2" fromWho="2" sc="224,-30,276,-60,240,130,250,-30" /><INIT seed="2,0,0,3,1,4" ten="194,216,370,220" oya="2" hai0="35,45,104,56,34,95,121,72,98,122,63,90,24" hai1="112,69,76,93,92,129,81,25,83,71,49,102,67" hai2="22,86,9,94,103,91,58,23,17,117,107,116,109" hai3="55,79,62,7,61,85,48,74,134,20,16,123,50"/><V46/><F109/><W120/><G74/><T39/><D72/><U108/><E112/><V14/><F46/><W51/><G134/><T27/><D104/><U66/><E129/><V82/><F107/><W135/><G135/><T11/><D39/><U115/><E115/><V75/><F58/><W0/><G79/><T59/><D45/><U78/><E25/><V131/><F131/><W96/><G85/><T73/><D73/><U127/><E49/><V111/><F111/><W84/><G84/><T68/><D68/><U52/><E108/><V26/><F23/><W54/><G96/><T60/><D98/><U29/><E29/><V6/><REACH who="2" step="1"/><F103/><REACH who="2" ten="194,216,360,220" step="2"/><W32/><G32/><T15/><D34/><U12/><E102/><V70/><F70/><W100/><G100/><T43/><D35/><U21/><E21/><V124/><F124/><W41/><G41/><T40/><D121/><U42/><E42/><N who="0" m="15913" /><D122/><U126/><E71/><V44/><F44/><W10/><G123/><T77/><D59/><U64/><E69/><V119/><F119/><W5/><G120/><T110/><D110/><U114/><E114/><V19/><F19/><W133/><G133/><T31/><D56/><U80/><E127/><V3/><F3/><W65/><G0/><T118/><D118/><U89/><E126/><V30/><F30/><W36/><G36/><T97/><D31/><U88/><E67/><V37/><F37/><W57/><G62/><N who="0" m="23595" /><D77/><AGARI ba="0,1" hai="6,9,14,17,22,26,75,77,82,86,91,94,116,117" machi="77" ten="40,7700,0" yaku="1,1,52,1,53,1" doraHai="4" doraHaiUra="1" who="2" fromWho="0" sc="194,-77,216,0,360,87,220,0" /><INIT seed="2,1,0,0,4,45" ten="117,216,447,220" oya="2" hai0="44,101,63,21,13,90,129,55,46,31,91,89,12" hai1="130,37,17,74,7,93,56,81,92,1,18,10,57" hai2="87,79,53,76,114,0,125,20,78,66,65,40,15" hai3="42,25,26,32,60,2,124,16,108,126,73,54,121"/><V43/><F125/><N who="3" m="48235" /><G121/><T82/><D129/><U80/><E37/><V131/><F0/><W84/><G73/><T105/><D105/><U23/><E18/><V94/><F114/><W104/><G104/><T115/><D101/><U19/><E19/><V29/><F131/><W100/><G100/><T3/><D3/><U112/><E112/><V30/><F15/><N who="0" m="5706" /><D82/><U36/><E80/><V86/><F20/><W98/><G2/><T103/><D103/><U33/><E36/><V38/><F53/><W77/><G42/><N who="2" m="15913" /><F94/><W51/><G60/><T102/><D115/><U127/><E33/><V117/><F38/><W39/><G39/><T14/><D14/><U70/><E70/><V4/><F4/><W6/><G6/><T75/><D75/><U8/><E8/><V122/><F117/><W67/><G32/><T95/><D21/><U110/><E130/><V111/><F111/><W28/><G108/><T119/><D119/><U49/><E110/><V99/><F99/><W134/><G98/><N who="0" m="59743" /><D31/><N who="2" m="11786" /><F122/><W48/><G28/><T62/><D55/><N who="1" m="31855" /><E127/><V58/><F58/><W109/><G109/><T52/><D63/><U27/><E57/><AGARI ba="1,0" hai="44,46,52,57,62,89,90,91" m="59743,5706" machi="57" ten="30,2000,0" yaku="8,1,54,1" doraHai="45" who="0" fromWho="1" sc="117,23,216,-23,447,0,220,0" /><INIT seed="3,0,0,4,4,112" ten="140,193,447,220" oya="3" hai0="10,134,23,64,22,1,124,68,30,40,20,62,104" hai1="3,36,105,120,130,21,37,72,42,15,117,113,97" hai2="92,110,13,38,52,93,27,99,85,127,78,82,2" hai3="7,114,16,91,47,111,18,70,76,54,53,34,67"/><W122/><G114/><T61/><D104/><U63/><E3/><V12/><F110/><W8/><G122/><T39/><D124/><U81/><E120/><V49/><F38/><W108/><G34/><T94/><D134/><U131/><E63/><V109/><F2/><W5/><G76/><T56/><D40/><U133/><E133/><V29/><F93/><W51/><G67/><T118/><D39/><U87/><E72/><V43/><F43/><W26/><G70/><T45/><D45/><U106/><E113/><V69/><F69/><W107/><G107/><T32/><D94/><U77/><E105/><V123/><F127/><W57/><G91/><T28/><D32/><U128/><E42/><V41/><F41/><W116/><G116/><T24/><D118/><U17/><REACH who="1" step="1"/><E117/><REACH who="1" ten="140,183,447,220" step="2"/><V48/><F123/><W90/><G111/><T9/><D1/><U11/><E11/><V55/><F109/><W83/><G8/><T66/><REACH who="0" step="1"/><D23/><REACH who="0" ten="130,183,447,220" step="2"/><U74/><E74/><V80/><F92/><W33/><G108/><T84/><D84/><U73/><E73/><V14/><F85/><N who="3" m="50495" /><G33/><T44/><D44/><U98/><E98/><V125/><F99/><W102/><G47/><T25/><AGARI ba="0,2" hai="9,10,20,22,24,25,28,30,56,61,62,64,66,68" machi="25" ten="30,4000,0" yaku="1,1,0,1,9,1,53,0" doraHai="112" doraHaiUra="115" who="0" fromWho="0" sc="130,60,183,-10,447,-10,220,-20" /><INIT seed="4,0,0,1,4,95" ten="190,173,437,200" oya="0" hai0="132,100,56,80,85,89,41,54,15,76,22,119,9" hai1="98,116,63,129,45,4,48,133,108,93,96,112,86" hai2="82,127,69,14,92,106,17,51,38,61,105,20,8" hai3="84,10,27,40,130,70,60,77,135,58,36,47,21"/><T33/><D33/><U12/><E108/><V121/><F38/><W73/><G130/><T57/><D119/><U104/><E116/><V78/><F127/><W94/><G135/><T30/><D132/><U75/><E75/><V107/><F121/><W53/><G70/><T113/><D113/><U35/><E35/><V88/><F51/><W25/><G73/><T83/><D41/><U87/><E133/><V118/><F118/><W128/><G128/><T1/><D1/><U11/><E129/><V13/><F61/><W46/><G46/><T64/><D100/><U50/><E112/><V44/><F44/><W74/><G74/><T72/><D64/><U65/><E104/><V111/><F69/><W2/><G21/><T103/><D103/><U62/><E50/><V55/><F55/><W52/><G53/><T115/><D115/><U97/><E93/><V32/><F32/><W24/><G94/><T39/><D39/><U102/><E102/><V3/><F3/><W67/><G67/><T126/><D126/><U16/><E4/><V131/><F111/><W101/><G101/><T117/><D117/><U28/><E28/><V59/><F59/><W42/><G42/><T49/><D56/><N who="1" m="37063" /><E63/><V122/><F122/><W71/><G71/><T99/><D30/><U109/><E109/><V23/><F131/><W120/><G120/><T125/><D125/><U18/><E18/><V5/><F107/><W19/><G2/><T90/><D22/><U123/><E123/><V91/><F23/><N who="3" m="13439" /><G10/><T43/><D43/><AGARI ba="0,0" hai="11,12,16,43,45,48,86,87,96,97,98" m="37063" machi="43" ten="30,8000,1" yaku="8,1,52,3,54,1" doraHai="95" who="1" fromWho="0" sc="190,-80,173,80,437,0,200,0" /><INIT seed="5,0,0,1,4,129" ten="110,253,437,200" oya="1" hai0="80,118,83,29,85,131,134,22,24,105,6,87,127" hai1="89,47,18,90,34,15,67,86,13,77,94,68,48" hai2="30,71,70,43,112,44,1,14,132,0,20,107,62" hai3="11,55,133,46,3,61,37,93,38,32,79,109,4"/><U63/><E34/><V125/><F107/><W53/><G109/><T97/><D118/><U26/><E77/><V54/><F125/><W126/><G32/><T117/><D117/><U69/><E69/><V17/><F112/><W91/><G126/><T75/><D127/><U25/><E89/><V95/><F30/><W74/><G55/><T114/><D131/><U5/><E5/><V99/><F71/><W66/><G79/><T72/><D114/><U19/><E15/><V50/><F132/><W31/><G133/><T108/><D108/><U96/><E96/><V128/><F128/><W41/><G53/><T122/><D122/><U21/><REACH who="1" step="1"/><E19/><REACH who="1" ten="110,243,437,200" step="2"/><V119/><F119/><W124/><G124/><T58/><D97/><U103/><E103/><V52/><F70/><W82/><G4/><T7/><D6/><U56/><E56/><N who="2" m="35079" /><F1/><W9/><G3/><T100/><D134/><U84/><E84/><V64/><F0/><W120/><G91/><T73/><D7/><U40/><AGARI ba="0,1" hai="13,18,21,25,26,40,47,48,63,67,68,86,90,94" machi="40" ten="20,7800,0" yaku="1,1,0,1,7,1,53,1" doraHai="129" doraHaiUra="81" who="1" fromWho="1" sc="110,-26,243,88,437,-26,200,-26" /><INIT seed="5,1,0,1,2,46" ten="84,331,411,174" oya="1" hai0="1,55,31,5,54,124,98,87,61,56,47,92,125" hai1="10,14,25,77,134,100,37,11,33,76,44,9,6" hai2="67,48,122,15,26,84,86,93,28,7,120,58,50" hai3="129,109,131,35,63,97,27,36,104,45,2,23,94"/><U17/><E134/><V59/><F120/><W22/><G109/><T83/><D31/><U74/><E100/><V75/><F75/><W102/><G2/><T132/><D132/><U72/><E72/><V123/><F123/><W105/><G35/><T71/><D71/><U51/><E37/><V53/><F122/><W81/><G81/><T32/><D32/><U64/><E64/><V121/><F121/><W21/><G27/><T40/><D5/><U41/><E74/><V38/><F38/><W133/><G133/><T16/><D1/><U30/><REACH who="1" step="1"/><E10/><REACH who="1" ten="84,321,411,174" step="2"/><V119/><F67/><W66/><G36/><T90/><D124/><U89/><E89/><V3/><F119/><W88/><G102/><T73/><D73/><U18/><E18/><V12/><F7/><W68/><REACH who="3" step="1"/><G45/><REACH who="3" ten="84,321,411,164" step="2"/><T0/><D125/><U78/><E78/><V70/><F28/><W117/><G117/><T24/><D47/><U19/><E19/><V99/><F70/><W79/><G79/><T130/><D16/><U39/><E39/><V91/><F91/><W42/><G42/><T43/><D40/><U82/><E82/><V116/><F116/><W85/><G85/><T107/><D87/><U103/><E103/><V80/><F86/><W101/><G101/><T65/><D83/><U57/><E57/><V34/><F84/><W13/><G13/><AGARI ba="1,2" hai="6,9,11,13,14,17,25,30,33,41,44,51,76,77" machi="13" ten="30,5800,0" yaku="1,1,7,1,52,1,53,0" doraHai="46" doraHaiUra="52" who="1" fromWho="3" sc="84,0,321,81,411,0,164,-61" /><INIT seed="5,2,0,4,5,12" ten="84,402,411,103" oya="1" hai0="16,36,19,94,81,82,11,99,32,20,118,67,75" hai1="15,23,129,9,85,120,128,61,48,7,97,131,28" hai2="126,116,50,122,40,73,0,133,110,113,3,119,77" hai3="13,62,29,30,93,125,100,56,69,74,31,78,52"/><U65/><E120/><V108/><F50/><W49/><G125/><T107/><D118/><N who="2" m="45098" /><F40/><W1/><G1/><N who="2" m="585" /><F122/><W25/><G74/><T89/><D32/><U41/><E85/><V86/><F86/><W51/><G78/><T83/><D36/><U109/><E109/><V37/><F37/><W22/><G13/><N who="0" m="7615" /><D75/><U68/><E97/><V4/><F4/><W59/><G69/><T117/><D107/><U44/><E23/><V103/><F103/><W42/><G42/><T121/><D121/><U47/><E47/><V17/><F17/><N who="3" m="12495" /><G59/><T2/><D2/><U57/><REACH who="1" step="1"/><E28/><REACH who="1" ten="84,392,411,103" step="2"/><V64/><F110/><W26/><G26/><N who="0" m="14599" /><D117/><U114/><E114/><V34/><F113/><W80/><G80/><T87/><D67/><U45/><E45/><V98/><F64/><W70/><G70/><AGARI ba="2,1" hai="7,9,15,41,44,48,57,61,65,68,70,128,129,131" machi="70" ten="40,7700,0" yaku="1,1,19,1,53,1" doraHai="12" doraHaiUra="58" who="1" fromWho="3" sc="84,0,392,93,411,0,103,-83" /><INIT seed="5,3,0,1,2,133" ten="84,485,411,20" oya="1" hai0="92,25,118,127,134,100,56,40,1,64,53,58,23" hai1="111,102,61,131,50,43,96,87,124,98,9,72,5" hai2="3,75,22,105,51,112,12,29,48,126,27,101,35" hai3="37,63,42,128,108,13,110,36,68,81,70,106,114"/><U17/><E72/><V79/><F3/><W52/><G106/><T130/><D1/><U107/><E131/><V55/><F112/><W80/><G13/><T30/><D134/><U104/><E111/><N who="3" m="42538" /><G81/><T7/><D118/><U82/><E61/><V45/><F126/><W41/><G80/><T33/><D127/><U26/><E124/><V97/><F75/><W16/><G16/><T18/><D7/><U113/><E113/><V76/><F48/><W39/><G128/><T86/><D130/><U94/><E43/><N who="3" m="16394" /><G114/><T129/><D40/><U103/><E50/><V19/><AGARI ba="3,0" hai="12,19,22,27,29,35,45,51,55,76,79,97,101,105" machi="19" ten="30,1100,0" yaku="0,1" doraHai="133" who="2" fromWho="2" sc="84,-6,485,-8,411,20,20,-6" /><INIT seed="6,0,0,4,4,72" ten="78,477,431,14" oya="2" hai0="9,17,5,54,12,13,127,99,60,49,52,114,4" hai1="95,25,102,41,29,80,26,87,108,123,104,76,30" hai2="32,91,122,71,48,118,34,24,66,100,121,43,20" hai3="6,81,82,14,79,73,36,38,59,96,131,93,69"/><V7/><F118/><W84/><G69/><T106/><D114/><U53/><E108/><V10/><F100/><W11/><G131/><T33/><D33/><U55/><E104/><V45/><F91/><W40/><G59/><N who="0" m="34935" /><D106/><U116/><E41/><V126/><F126/><W94/><G40/><T77/><D127/><U103/><E123/><V64/><F34/><W70/><G70/><T50/><D99/><N who="1" m="59775" /><E103/><V35/><F35/><W3/><G3/><T44/><D77/><U113/><E113/><V134/><F32/><W61/><G61/><T128/><D128/><U47/><E116/><V31/><F134/><W78/><REACH who="3" step="1"/><G94/><REACH who="3" ten="78,477,431,4" step="2"/><T65/><D65/><U63/><E63/><V62/><REACH who="2" step="1"/><F66/><REACH who="2" ten="78,477,421,4" step="2"/><W67/><G67/><T112/><D112/><U42/><E42/><V16/><F16/><W92/><G92/><T98/><D17/><U110/><E110/><V119/><F119/><W130/><G130/><T1/><D52/><N who="1" m="20043" /><E47/><V109/><F109/><W56/><G56/><T90/><D44/><U28/><AGARI ba="0,2" hai="25,26,28,29,30,76,80,87" m="20043,59775" machi="28" ten="30,4000,0" yaku="8,1,52,1,54,1" doraHai="72" who="1" fromWho="1" sc="78,-10,477,60,421,-20,4,-10" owari="68,-33.2,537,63.7,401,20.1,-6,-50.6" /></mjloggm>