<mjloggm ver="2.3"><GO type="169" lobby="0"/><UN n0="%42%42%E3%81%A7%E3%81%99%E3%80%82" n1="%E3%81%86%E3%81%AA%E3%81%8E%E9%BA%BA" n2="%E3%83%A8%E3%83%BC%E3%83%BB%E3%83%9E%E3%82%A4%E3%82%AB" n3="%E3%82%B5%E3%83%AF%E3%83%B3%E3%82%B3%E3%83%95" dan="17,17,17,16" rate="2181.02,2168.91,2210.94,2181.59" sx="M,M,M,M"/><TAIKYOKU oya="0"/><INIT seed="0,0,0,2,5,117" ten="250,250,250,250" oya="0" hai0="40,62,93,53,28,23,71,98,115,129,135,6,21" hai1="103,114,125,2,33,11,89,65,113,107,130,47,99" hai2="3,111,5,66,132,36,76,69,64,84,101,35,86" hai3="31,121,80,119,79,41,127,8,88,70,38,50,26"/><T63/><D115/><N who="1" m="44043" /><E33/><V108/><F101/><W78/><G119/><T19/><D129/><U106/><E65/><V57/><F35/><W61/><G38/><T116/><D116/><U34/><E34/><V54/><F36/><W97/><G127/><T14/><D135/><U104/><E47/><V90/><F76/><W85/><G8/><N who="0" m="4375" /><D71/><U27/><E27/><V92/><F132/><W30/><G121/><T39/><D39/><U91/><E2/><V123/><F69/><W42/><G70/><T68/><D68/><U10/><E10/><V13/><F3/><W112/><G112/><T16/><D40/><U37/><E11/><V22/><F5/><W110/><G26/><N who="0" m="16463" /><D53/><U56/><E56/><V100/><F100/><W74/><G41/><T118/><D118/><U52/><E52/><V58/><F84/><W77/><G85/><T51/><D51/><U4/><E4/><V55/><F55/><W120/><G42/><T87/><D87/><U94/><E37/><V105/><F105/><N who="1" m="40553" /><E130/><V1/><F1/><W59/><G50/><T49/><D49/><U0/><E0/><V25/><F66/><W75/><G59/><T46/><D46/><U20/><E20/><V122/><F64/><W95/><G30/><T18/><D23/><U45/><E45/><V67/><F67/><W29/><G29/><T32/><D32/><U83/><E125/><V24/><F57/><W43/><G31/><T44/><D44/><U73/><N who="1" m="40561" /><U109/><DORA hai="48" /><E109/><N who="2" m="42059" /><F13/><W17/><G110/><T15/><D15/><U124/><E124/><V128/><F128/><W133/><G43/><RYUUKYOKU ba="0,0" sc="250,15,250,15,250,-15,250,-15" hai0="16,18,19,62,63,93,98" hai1="73,83,89,91,94,99,103" /><INIT seed="0,1,0,0,3,86" ten="265,265,235,235" oya="0" hai0="55,119,122,23,36,74,24,49,10,30,91,27,25" hai1="108,4,93,90,16,47,76,130,5,135,26,40,0" hai2="19,100,99,9,72,110,101,69,46,14,68,2,89" hai3="125,133,38,116,37,123,3,63,1,39,92,22,80"/><T54/><D119/><U114/><E108/><V7/><F72/><W77/><G116/><T115/><D115/><U73/><E130/><V51/><F110/><W71/><G133/><T20/><D36/><U87/><E135/><V52/><F101/><W127/><G123/><T12/><D74/><U132/><E132/><V17/><F89/><W104/><G22/><T70/><D70/><U96/><E73/><V65/><F65/><N who="3" m="41407" /><G92/><T82/><D122/><U34/><E114/><V120/><F120/><W48/><G48/><T105/><D105/><U33/><E33/><V28/><F28/><W29/><G29/><T128/><D128/><U53/><E53/><V109/><F17/><W129/><G129/><T106/><D106/><U44/><E34/><V13/><F13/><W95/><G104/><T118/><D118/><U11/><E5/><V64/><F64/><W85/><G95/><T43/><D43/><U60/><E60/><V61/><F61/><W94/><G94/><T84/><D23/><U41/><E41/><V56/><F109/><W98/><G98/><T59/><REACH who="0" step="1"/><D55/><REACH who="0" ten="255,265,235,235" step="2"/><U31/><E40/><V107/><REACH who="2" step="1"/><F56/><REACH who="2" ten="255,265,225,235" step="2"/><W6/><G37/><T75/><D75/><U57/><E57/><V117/><F117/><W32/><G38/><T97/><D97/><U121/><E121/><V81/><F81/><W131/><G39/><T78/><D78/><U134/><E134/><V18/><F18/><AGARI ba="1,2" hai="10,12,18,20,24,25,27,30,49,54,59,82,84,91" machi="18" ten="30,11600,0" yaku="1,1,7,1,8,1,52,1,53,0" doraHai="86" doraHaiUra="103" who="0" fromWho="2" sc="255,139,265,0,225,-119,235,0" /><INIT seed="0,2,0,5,4,8" ten="394,265,106,235" oya="0" hai0="51,21,131,35,53,66,9,57,4,122,104,18,39" hai1="32,7,67,108,135,27,5,36,111,101,3,103,85" hai2="70,96,121,98,102,118,128,45,114,125,33,24,20" hai3="90,105,26,23,41,54,127,63,10,64,11,72,22"/><T75/><D122/><U14/><E3/><V132/><F121/><W84/><G105/><T58/><D35/><U123/><E36/><V89/><F114/><W95/><G72/><T30/><D39/><U50/><E123/><V29/><F132/><W55/><G127/><T80/><D104/><U38/><E38/><V88/><F125/><W120/><G41/><T49/><D131/><U124/><E67/><V16/><F128/><W52/><G120/><T65/><D30/><U56/><E124/><V2/><F118/><W106/><G106/><T116/><D116/><U119/><E119/><V81/><F70/><W1/><G1/><T31/><D31/><N who="1" m="19583" /><E85/><V0/><F45/><W28/><REACH who="3" step="1"/><G22/><REACH who="3" ten="394,265,106,225" step="2"/><T91/><D75/><U87/><E135/><V69/><F2/><W76/><G76/><T117/><D117/><U6/><E111/><V73/><F0/><W17/><G17/><T130/><D130/><U43/><E43/><V12/><F69/><AGARI ba="2,1" hai="10,11,23,26,28,52,54,55,63,64,69,84,90,95" machi="69" ten="40,2600,0" yaku="1,1,54,1,53,0" doraHai="8" doraHaiUra="99" who="3" fromWho="2" sc="394,0,265,0,106,-32,225,42" /><INIT seed="1,0,0,2,2,106" ten="394,265,74,267" oya="1" hai0="118,92,49,2,57,111,123,101,102,68,121,135,25" hai1="104,116,52,36,44,24,45,91,125,88,11,60,34" hai2="22,74,87,100,71,3,76,96,16,131,27,8,119" hai3="94,103,79,93,110,64,32,133,39,78,115,55,108"/><U81/><E116/><V77/><F131/><W113/><G39/><T98/><D118/><U126/><E104/><V105/><F119/><W21/><G32/><T50/><D68/><U19/><E11/><V56/><F71/><W69/><G55/><T28/><D2/><U61/><E61/><V10/><F87/><W65/><G69/><T130/><D111/><N who="3" m="42537" /><G21/><N who="0" m="15407" /><D130/><U127/><E19/><V83/><F76/><N who="3" m="29227" /><G103/><N who="0" m="60871" /><D135/><U107/><E107/><V33/><F3/><W38/><G38/><T42/><D50/><N who="1" m="28743" /><E81/><V112/><F112/><N who="3" m="43083" /><G133/><T6/><D49/><U117/><E60/><V58/><REACH who="2" step="1"/><F33/><REACH who="2" ten="394,265,64,267" step="2"/><W73/><G73/><T54/><D123/><U66/><E117/><V41/><F41/><W72/><G72/><T82/><D121/><U95/><E34/><V4/><F4/><W1/><G1/><T122/><D122/><U51/><E127/><V114/><F114/><W5/><G5/><T43/><D6/><U62/><E126/><V20/><F20/><W70/><G70/><T109/><D109/><U12/><E125/><V90/><F90/><W85/><G85/><T29/><D42/><U46/><E88/><V124/><F124/><W47/><G47/><T89/><D43/><U13/><E46/><V30/><F30/><W18/><G18/><T0/><D29/><U75/><E75/><V99/><F99/><W97/><G97/><T84/><D0/><U48/><E91/><V128/><F128/><W15/><G15/><T63/><AGARI ba="0,1" hai="54,57,63,82,84,89,101,102" m="60871,15407" machi="63" ten="30,1100,0" yaku="8,1" doraHai="106" who="0" fromWho="0" sc="394,21,265,-5,64,-3,267,-3" /><INIT seed="2,0,0,2,3,30" ten="415,260,61,264" oya="2" hai0="96,32,132,35,127,78,116,91,34,65,58,98,17" hai1="86,83,37,41,67,9,46,7,115,89,75,94,38" hai2="51,27,128,62,0,126,21,49,110,107,97,85,111" hai3="120,63,109,24,74,68,77,43,93,2,45,61,64"/><V56/><F0/><W130/><G109/><N who="2" m="41481" /><F126/><W135/><G120/><T20/><D78/><U60/><E115/><V102/><F128/><W101/><G130/><T15/><D127/><U114/><E114/><V100/><F102/><W47/><G135/><T119/><D132/><U26/><E26/><V18/><F85/><W22/><G2/><T55/><D65/><AGARI ba="0,0" hai="18,21,27,49,51,56,62,65,97,100,107" m="41481" machi="65" ten="30,2900,0" yaku="14,1,10,1" doraHai="30" who="2" fromWho="0" sc="415,-29,260,0,61,29,264,0" /><INIT seed="2,1,0,2,2,134" ten="386,260,90,264" oya="2" hai0="122,46,23,17,116,41,73,8,50,81,68,129,28" hai1="121,9,15,79,77,27,69,111,96,13,63,29,124" hai2="80,126,1,106,125,133,30,26,65,19,44,60,21" hai3="82,99,61,120,55,71,98,40,72,52,53,36,117"/><V62/><F106/><W5/><G117/><T130/><D122/><U57/><E121/><V113/><F113/><W123/><G5/><T22/><D68/><U39/><E69/><V94/><F133/><W4/><G4/><T84/><D73/><U105/><E39/><V108/><F1/><W109/><G109/><T90/><D116/><U132/><E111/><V76/><F108/><W110/><G110/><T34/><D34/><U119/><E119/><V92/><F44/><W54/><G123/><T135/><D135/><U42/><E42/><V16/><F30/><W128/><G128/><N who="0" m="49259" /><D28/><U38/><E38/><V88/><F19/><W0/><G0/><T64/><D64/><U31/><E31/><V66/><F66/><W85/><G72/><T131/><D131/><U67/><E15/><AGARI ba="1,0" hai="8,15,17,22,23,41,46,50,81,84,90" m="49259" machi="15" ten="30,1000,0" yaku="19,1" doraHai="134" who="0" fromWho="1" sc="386,13,260,-13,90,0,264,0" /><INIT seed="3,0,0,5,1,104" ten="399,247,90,264" oya="3" hai0="34,70,74,75,111,114,68,44,46,41,121,23,64" hai1="51,98,95,17,128,77,16,91,54,9,53,30,80" hai2="89,5,56,90,20,118,88,63,12,7,66,106,76" hai3="123,110,2,131,103,62,49,67,52,42,61,119,26"/><W83/><G119/><T33/><D23/><U19/><E128/><V73/><F118/><W81/><G123/><T32/><D121/><U97/><E30/><V92/><F106/><W124/><G2/><T3/><D111/><U59/><E54/><V48/><F48/><W102/><G131/><T58/><D114/><U15/><REACH who="1" step="1"/><E98/><REACH who="1" ten="399,237,90,264" step="2"/><V86/><F7/><W8/><G52/><T78/><D41/><U94/><E94/><V84/><F73/><AGARI ba="0,1" hai="9,15,16,17,19,51,53,59,73,77,80,91,95,97" machi="73" ten="30,7700,0" yaku="1,1,7,1,52,1,54,1,53,0" doraHai="104" doraHaiUra="22" who="1" fromWho="2" sc="399,0,237,87,90,-77,264,0" /><INIT seed="4,0,0,1,2,55" ten="399,324,13,264" oya="0" hai0="3,4,12,93,116,66,13,67,121,59,21,82,94" hai1="52,14,128,56,85,19,47,51,27,16,98,68,75" hai2="79,64,135,125,83,124,18,77,0,115,22,74,20" hai3="34,57,81,76,39,106,110,29,43,102,65,31,28"/><T6/><D116/><U99/><E75/><V100/><F100/><W118/><G110/><T73/><D121/><U38/><E68/><V46/><F0/><W133/><G118/><T97/><D3/><U89/><E128/><V7/><F7/><N who="0" m="2602" /><D73/><U109/><E109/><V92/><F92/><N who="0" m="35434" /><D82/><N who="1" m="49335" /><E38/><V123/><F123/><W25/><G133/><T95/><D21/><N who="2" m="8298" /><F135/><W131/><G131/><T105/><D105/><U53/><E27/><V58/><F18/><N who="1" m="6697" /><E14/><N who="0" m="5737" /><D59/><U70/><E70/><V101/><F74/><W61/><G106/><T69/><D69/><U117/><E117/><V33/><F58/><W112/><G57/><T90/><AGARI ba="0,0" hai="66,67,90,95,97" m="5737,35434,2602" machi="90" ten="30,1500,0" yaku="8,1" doraHai="55" who="0" fromWho="0" sc="399,15,324,-5,13,-5,264,-5" /><INIT seed="4,1,0,3,0,120" ten="414,319,8,259" oya="0" hai0="88,54,72,52,100,56,49,42,125,107,50,80,67" hai1="128,45,135,25,23,0,2,35,94,119,29,124,16" hai2="62,18,17,112,30,78,110,46,130,4,103,68,24" hai3="82,133,57,39,79,73,92,104,95,8,48,83,1"/><T69/><D125/><U59/><E119/><V105/><F78/><W27/><G104/><T31/><D42/><U15/><E124/><V116/><F112/><W101/><G39/><T26/><D69/><U96/><E128/><V131/><F116/><W97/><G133/><T34/><D67/><U60/><E45/><V33/><F4/><W3/><G27/><T113/><D113/><U32/><E32/><V134/><F46/><W41/><G41/><T58/><D72/><U22/><E35/><V81/><F81/><W123/><G123/><T20/><D107/><U12/><E12/><V98/><F134/><W89/><G83/><T74/><D100/><U14/><E14/><V38/><F38/><W117/><G117/><T76/><D88/><U9/><E9/><V37/><F37/><W111/><G8/><T19/><REACH who="0" step="1"/><D34/><REACH who="0" ten="404,319,8,259" step="2"/><U121/><E121/><V91/><F91/><W21/><G89/><T13/><D13/><U77/><E77/><V129/><F110/><W70/><G70/><T115/><D115/><U75/><E75/><V65/><AGARI ba="1,1" hai="17,18,24,30,33,62,65,68,98,103,105,129,130,131" machi="65" ten="40,8000,1" yaku="0,1,25,2,19,1" doraHai="120" who="2" fromWho="2" sc="404,-41,319,-21,8,93,259,-21" /><INIT seed="5,0,0,2,5,45" ten="363,298,101,238" oya="1" hai0="72,49,97,135,93,36,52,101,107,77,29,1,62" hai1="109,10,35,76,18,89,110,123,24,12,70,114,11" hai2="103,133,84,46,32,54,0,51,96,124,86,125,66" hai3="60,88,41,127,126,44,131,53,87,108,119,117,6"/><U20/><E70/><V57/><F133/><W121/><G6/><T71/><D36/><U61/><E76/><V134/><F134/><W55/><G131/><T40/><D135/><U23/><E61/><V2/><F32/><W122/><G60/><T105/><D1/><U19/><E89/><V8/><F66/><W48/><G87/><T116/><D116/><N who="3" m="44617" /><G88/><T113/><D113/><U31/><E114/><V79/><F57/><W120/><G108/><N who="1" m="41578" /><E123/><V106/><F8/><W100/><G100/><T95/><D101/><U111/><N who="1" m="41586" /><U7/><DORA hai="56" /><E7/><V26/><F26/><AGARI ba="0,0" hai="10,11,12,18,19,20,23,24,26,31,35" m="41586" machi="26" ten="40,7700,0" yaku="10,1,34,2" doraHai="45,56" who="1" fromWho="2" sc="363,0,298,77,101,-77,238,0" /><INIT seed="5,1,0,1,2,17" ten="363,375,24,238" oya="1" hai0="34,95,134,127,130,4,18,46,0,36,48,81,86" hai1="118,51,54,87,111,25,117,58,20,3,64,47,42" hai2="59,74,49,41,104,125,83,73,68,57,71,76,116" hai3="26,31,32,91,8,84,45,40,33,107,92,101,27"/><U11/><E111/><V7/><F7/><W100/><G107/><T128/><D34/><U69/><E69/><V77/><F49/><W119/><G119/><T120/><D36/><U14/><E3/><V65/><F104/><W62/><G8/><N who="0" m="2055" /><D18/><U99/><E87/><V55/><F83/><W103/><G62/><T123/><D95/><U1/><E64/><V53/><F125/><W114/><G114/><T102/><D102/><U28/><E99/><V2/><F2/><W16/><G16/><T21/><D21/><U13/><E1/><V105/><F116/><W88/><G91/><N who="0" m="51663" /><D134/><U89/><E89/><V10/><F105/><W110/><G110/><T90/><D90/><U112/><E14/><V12/><F12/><W37/><REACH who="3" step="1"/><G103/><REACH who="3" ten="363,375,24,228" step="2"/><T113/><D113/><U52/><E112/><V66/><REACH who="2" step="1"/><F10/><REACH who="2" ten="363,375,14,228" step="2"/><W61/><G61/><T98/><D127/><U129/><E118/><V131/><F131/><W6/><G6/><T30/><D130/><U9/><E129/><V5/><F5/><W75/><G75/><T97/><D128/><U70/><E117/><V121/><F121/><W19/><G19/><T67/><D123/><U122/><E122/><V85/><F85/><W63/><G63/><T38/><D120/><U72/><E72/><V124/><F124/><W56/><G56/><T78/><D78/><U79/><E79/><V106/><F106/><W126/><G126/><T60/><D60/><U132/><E9/><V24/><F24/><W80/><G80/><T39/><D67/><U115/><E11/><V50/><F50/><W29/><AGARI ba="1,2" hai="26,27,29,31,32,33,37,40,45,84,88,92,100,101" machi="29" ten="30,12000,2" yaku="1,1,0,1,9,1,54,1,53,2" doraHai="17" doraHaiUra="96" who="3" fromWho="3" sc="363,-31,375,-61,14,-31,228,143" owari="332,13.2,314,-8.6,-17,-51.7,371,47.1" /></mjloggm>