<mjloggm ver="2.3"><GO type="169" lobby="0"/><UN n0="%E3%81%8A%E9%AB%98" n1="%E3%81%A8%E3%82%8D%E3%82%8D%E3%81%9D%E3%81%B0" n2="%E3%82%8F%E3%81%98" n3="%52%65%61%6C%58" dan="18,17,16,16" rate="2250.37,2260.98,2134.95,2173.04" sx="M,M,M,F"/><TAIKYOKU oya="0"/><INIT seed="0,0,0,1,4,31" ten="250,250,250,250" oya="0" hai0="107,54,50,104,28,76,46,125,24,36,82,91,4" hai1="87,85,33,66,44,6,124,95,83,30,61,133,131" hai2="20,115,119,71,118,64,59,102,21,34,69,77,68" hai3="3,35,18,15,60,9,23,117,94,105,7,65,56"/><T109/><D125/><U1/><E124/><V98/><F77/><W39/><G117/><N who="2" m="44553" /><F115/><W2/><G105/><T114/><D114/><U126/><E126/><V135/><F135/><W79/><G39/><T47/><D109/><U89/><E133/><V86/><F86/><W49/><G79/><T8/><D91/><U70/><E131/><V108/><F108/><W134/><G134/><T111/><D46/><U78/><E44/><V13/><F13/><W72/><G72/><T25/><D25/><U106/><E106/><N who="2" m="63831" /><F34/><W93/><G3/><T67/><D36/><U130/><E130/><V52/><F64/><W99/><G49/><AGARI ba="0,0" hai="20,21,49,52,59,68,69,71" m="63831,44553" machi="49" ten="40,2600,0" yaku="12,1,54,1" doraHai="31" who="2" fromWho="3" sc="250,0,250,0,250,26,250,-26" /><INIT seed="1,0,0,5,2,92" ten="250,250,276,224" oya="1" hai0="8,56,131,96,41,29,113,51,32,114,42,10,60" hai1="21,1,35,80,30,71,37,119,90,67,98,69,64" hai2="74,127,20,27,102,18,49,133,93,135,89,58,105" hai3="110,19,40,63,130,107,70,78,62,50,108,57,91"/><U52/><E119/><V28/><F74/><W106/><G78/><T25/><D131/><U6/><E37/><V0/><F0/><W84/><G130/><T59/><D42/><U55/><E35/><V118/><F118/><W126/><G126/><T9/><D56/><U75/><E75/><V68/><F68/><W123/><G123/><T82/><D82/><U53/><E71/><V117/><F117/><W48/><G19/><T88/><D51/><U132/><E132/><V128/><F127/><W44/><G50/><T14/><D14/><U104/><E69/><V5/><F5/><W134/><G134/><T36/><D41/><U86/><E1/><V31/><F128/><W23/><G23/><T34/><D34/><U87/><E87/><V103/><F105/><W38/><G63/><T7/><D7/><U122/><E122/><V115/><F115/><W43/><G43/><T4/><D4/><U101/><REACH who="1" step="1"/><E6/><REACH who="1" ten="250,240,276,224" step="2"/><V85/><F133/><W16/><G38/><T116/><D36/><U46/><E46/><V11/><F135/><W47/><G44/><T81/><D116/><U94/><E94/><V61/><F93/><N who="3" m="54503" /><G70/><T77/><D114/><U112/><E112/><V26/><F85/><W120/><G120/><T65/><D113/><U12/><E12/><V15/><F15/><W111/><G107/><T2/><D2/><U83/><E83/><V125/><F125/><W22/><G106/><T121/><D121/><U3/><E3/><V39/><F39/><W13/><G111/><T79/><D81/><U109/><E109/><N who="3" m="42090" /><G57/><T54/><D32/><U95/><E95/><RYUUKYOKU ba="0,1" sc="250,-15,240,15,276,-15,224,15" hai1="21,30,52,53,55,64,67,80,86,90,98,101,104" hai3="13,16,22,40,47,48,62" /><INIT seed="1,1,1,1,1,74" ten="235,255,261,239" oya="1" hai0="56,119,115,60,120,49,75,5,76,109,34,106,124" hai1="57,26,53,39,4,117,44,8,128,87,33,101,103" hai2="81,67,105,54,125,70,91,84,63,17,94,133,114" hai3="89,30,28,47,27,15,98,118,58,21,3,40,92"/><U1/><E117/><V107/><F125/><W16/><G3/><T36/><RYUUKYOKU type="yao9" ba="1,1" sc="235,0,255,0,261,0,239,0" hai0="5,34,36,49,56,60,75,76,106,109,115,119,120,124" /><INIT seed="1,2,1,0,4,125" ten="235,255,261,239" oya="1" hai0="116,124,132,63,54,73,84,105,15,97,114,133,39" hai1="107,36,14,33,88,100,27,44,18,11,79,130,121" hai2="42,66,90,94,38,106,9,12,96,5,134,119,74" hai3="30,47,46,117,52,95,69,7,129,78,56,109,37"/><U60/><E121/><V70/><F119/><W64/><G117/><T98/><D39/><U103/><E79/><V51/><F74/><W62/><G30/><T32/><D32/><U58/><E107/><V3/><F38/><W112/><G7/><T10/><D73/><U24/><E36/><V28/><F28/><W86/><G112/><T99/><D116/><U65/><E33/><V82/><F82/><W55/><G109/><T92/><D105/><U35/><E35/><V93/><F106/><W20/><G20/><T123/><D114/><U85/><E44/><V111/><F134/><W61/><G95/><T4/><D124/><U120/><E120/><V13/><F66/><W110/><G86/><T43/><D43/><U87/><E87/><V53/><F70/><W126/><G78/><T68/><D123/><U23/><E27/><V83/><F83/><W72/><G72/><T80/><D92/><N who="1" m="54287" /><E130/><V127/><F127/><W50/><G126/><T40/><D40/><U26/><E26/><V77/><F42/><N who="3" m="22863" /><G110/><T102/><D84/><U2/><E2/><V81/><F111/><W135/><G135/><T1/><D1/><U31/><AGARI ba="2,1" hai="11,14,18,23,24,31,58,60,65,100,103" m="54287" machi="31" ten="30,3000,0" yaku="8,1,54,1" doraHai="125" who="1" fromWho="1" sc="235,-12,255,46,261,-12,239,-12" /><INIT seed="1,3,0,4,2,0" ten="223,301,249,227" oya="1" hai0="101,43,133,77,14,70,11,46,91,17,9,15,97" hai1="123,117,26,12,121,80,100,86,32,102,113,27,24" hai2="68,16,20,25,74,49,13,110,4,76,93,88,90" hai3="82,2,67,37,59,75,31,84,42,109,55,128,72"/><U58/><E113/><V112/><F68/><W53/><G109/><T83/><D133/><U8/><E117/><V89/><F110/><W44/><G128/><T47/><D70/><U50/><E32/><V52/><F112/><W38/><G31/><T36/><D91/><U56/><E123/><V69/><F69/><W116/><G38/><T119/><D119/><U126/><E126/><V130/><F130/><W94/><G94/><T33/><D33/><U65/><E58/><N who="2" m="33039" /><F74/><W106/><G106/><T79/><D46/><U64/><E121/><V98/><F76/><W71/><G2/><T34/><D83/><U1/><E1/><V135/><F135/><W6/><G75/><T120/><D34/><U35/><E35/><V78/><F78/><W60/><G72/><T134/><D134/><U132/><E132/><V7/><F13/><W45/><G116/><T87/><D87/><U95/><E50/><V62/><F62/><W48/><G84/><T73/><D73/><U129/><E129/><V19/><F19/><W63/><G82/><T57/><D57/><U81/><E81/><V21/><F21/><W105/><G105/><T23/><D23/><U18/><E56/><V99/><F99/><W96/><G96/><T40/><D40/><U115/><E115/><V28/><F28/><W114/><G114/><T127/><D127/><U54/><E54/><V108/><F108/><W124/><G124/><T66/><D120/><U51/><E51/><V29/><F29/><W125/><G125/><T103/><D36/><U41/><E80/><V104/><F104/><W85/><G85/><RYUUKYOKU ba="3,0" sc="223,-15,301,-15,249,15,227,15" hai2="4,7,16,20,25,88,89,90,93,98" hai3="6,37,42,44,45,48,53,55,59,60,63,67,71" /><INIT seed="2,4,0,0,2,15" ten="208,286,264,242" oya="2" hai0="125,56,60,25,35,3,78,18,24,50,7,132,61" hai1="129,101,88,127,119,29,19,23,96,4,120,30,107" hai2="37,62,114,79,93,95,22,81,2,71,133,116,70" hai3="115,100,31,92,48,32,99,128,76,131,52,123,83"/><V90/><F116/><W53/><G123/><T84/><D125/><U10/><E119/><V89/><F37/><W59/><G115/><T55/><D132/><U8/><E127/><V38/><F38/><W91/><G31/><T33/><D3/><U65/><E65/><V110/><F2/><W9/><G32/><T16/><D7/><U118/><E118/><V66/><F114/><W63/><G9/><T72/><D72/><U45/><E45/><V126/><F126/><W85/><REACH who="3" step="1"/><G100/><REACH who="3" ten="208,286,264,232" step="2"/><T135/><D33/><U109/><E10/><V43/><F133/><W103/><G103/><T77/><D135/><U1/><E120/><V11/><F11/><W108/><G108/><T34/><D34/><U54/><E109/><V111/><F110/><W67/><G67/><T27/><D35/><U112/><E112/><V12/><F111/><W94/><G94/><T69/><D69/><U40/><E30/><V105/><F95/><W97/><G97/><T6/><D6/><U82/><E29/><V104/><F93/><W121/><G121/><T87/><D84/><U68/><E68/><V42/><F70/><W113/><G113/><T80/><D78/><U51/><E4/><V49/><F79/><W14/><G14/><T57/><D61/><U98/><E1/><V28/><F62/><W74/><G74/><T44/><D60/><U86/><E98/><V117/><F71/><W75/><G75/><T5/><D5/><U39/><E96/><V58/><F117/><W20/><G20/><T124/><D124/><U134/><E134/><V26/><F22/><W122/><G122/><RYUUKYOKU ba="4,1" sc="208,15,286,-15,264,-15,232,15" hai0="16,18,24,25,27,44,50,55,56,57,77,80,87" hai3="48,52,53,59,63,76,83,85,91,92,99,128,131" /><INIT seed="3,5,1,4,3,96" ten="223,271,249,247" oya="3" hai0="108,2,129,48,24,64,79,0,70,104,128,106,27" hai1="40,119,20,46,45,80,42,120,92,117,130,56,54" hai2="28,118,33,91,8,68,127,102,19,17,94,1,103" hai3="5,34,63,61,36,53,77,134,113,47,71,59,49"/><W35/><G113/><T30/><D48/><U37/><E120/><V115/><F68/><W67/><G5/><T74/><D108/><U101/><E80/><V111/><F115/><W97/><G77/><T39/><D39/><U32/><E32/><V116/><F33/><W66/><G134/><T107/><D79/><U51/><E20/><V25/><F127/><W15/><G15/><T85/><D85/><U95/><E130/><N who="0" m="50281" /><D74/><U84/><E84/><V41/><F41/><N who="3" m="22951" /><G97/><T52/><D52/><U82/><E82/><V29/><F116/><N who="1" m="44617" /><E101/><V86/><F118/><W4/><G4/><T109/><D109/><U57/><E57/><AGARI ba="5,1" hai="34,35,49,53,57,59,61,63,66,67,71" m="22951" machi="57" ten="30,1500,0" yaku="24,1" doraHai="96" who="3" fromWho="1" sc="223,0,271,-30,249,0,247,40" /><INIT seed="3,6,0,4,5,86" ten="223,241,249,287" oya="3" hai0="20,27,59,9,92,103,69,79,53,64,4,102,8" hai1="122,47,28,30,29,130,1,96,97,44,15,26,113" hai2="80,81,7,99,2,101,89,71,54,67,127,17,39" hai3="116,49,110,123,126,33,24,131,72,93,48,115,132"/><W57/><RYUUKYOKU type="yao9" ba="6,0" sc="223,0,241,0,249,0,287,0" hai3="24,33,48,49,57,72,93,110,115,116,123,126,131,132" /><INIT seed="3,7,0,5,3,39" ten="223,241,249,287" oya="3" hai0="88,30,0,76,112,101,125,21,116,2,33,103,67" hai1="53,93,47,110,85,56,51,104,126,72,92,80,15" hai2="113,8,26,107,19,82,99,35,7,5,59,89,48" hai3="23,44,63,18,74,132,29,84,12,70,37,130,78"/><W91/><G130/><T17/><D116/><U71/><E71/><V57/><F113/><W123/><G123/><T24/><D76/><U79/><E104/><V28/><F19/><W6/><G132/><T1/><D67/><U55/><E110/><V4/><F8/><W96/><G74/><T75/><D75/><U46/><E126/><V98/><F107/><W94/><G29/><T49/><D125/><U135/><E135/><V122/><F122/><W100/><G78/><T50/><D112/><U118/><E118/><V65/><F65/><W61/><G70/><T111/><D111/><U58/><E15/><V109/><F109/><W119/><G6/><T102/><REACH who="0" step="1"/><D88/><REACH who="0" ten="213,241,249,287" step="2"/><U68/><E68/><V115/><F89/><W54/><G119/><T97/><D97/><U64/><E64/><V77/><F98/><W25/><G91/><T127/><D127/><U114/><E114/><V13/><F99/><W121/><G121/><T105/><D105/><U52/><E72/><V41/><F77/><W90/><G90/><T81/><D81/><U117/><E117/><V60/><F82/><W31/><G84/><T16/><D16/><U22/><E93/><V69/><F115/><W87/><G87/><T45/><D45/><N who="1" m="16907" /><E92/><V66/><F69/><W108/><G108/><T27/><AGARI ba="7,1" hai="0,1,2,17,21,24,27,30,33,49,50,101,102,103" machi="27" ten="40,2700,0" yaku="1,1,0,1,53,0" doraHai="39" doraHaiUra="86" who="0" fromWho="0" sc="213,58,241,-14,249,-14,287,-20" /><INIT seed="4,0,0,5,5,82" ten="271,227,235,267" oya="0" hai0="113,103,92,119,13,19,26,110,74,108,3,30,116" hai1="131,50,126,18,63,132,71,118,48,72,65,134,91" hai2="57,11,109,2,64,16,27,105,111,54,5,39,66" hai3="87,36,123,17,90,34,97,114,59,40,100,49,10"/><T20/><D74/><U117/><E72/><V125/><F39/><W94/><G114/><T22/><D103/><U7/><E7/><V28/><F105/><W127/><G34/><T104/><D104/><U47/><E18/><V84/><F125/><W43/><G127/><T101/><D92/><U53/><E126/><V4/><F4/><W0/><G36/><T38/><D101/><U102/><E102/><V96/><F96/><W29/><G29/><T85/><D85/><U88/><E131/><V15/><F111/><N who="0" m="42538" /><D38/><U21/><E21/><V61/><F109/><W133/><G133/><N who="1" m="51306" /><E50/><V41/><F41/><W56/><G0/><T95/><D95/><U99/><E99/><V68/><F68/><W25/><G123/><T129/><D113/><U79/><E79/><V130/><F130/><W73/><G73/><T23/><D129/><U55/><E55/><V86/><F54/><W106/><G43/><T89/><D89/><AGARI ba="0,0" hai="47,48,53,63,65,71,88,89,91,117,118" m="51306" machi="89" ten="30,2000,0" yaku="20,1,54,1" doraHai="82" who="1" fromWho="0" sc="271,-20,227,20,235,0,267,0" /><INIT seed="5,0,0,2,5,130" ten="251,247,235,267" oya="1" hai0="54,16,40,58,71,65,94,41,101,43,99,84,7" hai1="66,79,28,78,127,91,67,123,37,69,82,2,29" hai2="32,114,95,51,124,18,25,62,34,22,102,74,85" hai3="98,116,50,122,93,68,115,132,30,24,8,80,49"/><U6/><E123/><V46/><F74/><W104/><G122/><T20/><D7/><U61/><E37/><V125/><F114/><W133/><G104/><T97/><D71/><U117/><E117/><V11/><F62/><W113/><G68/><T0/><D0/><U120/><E120/><V45/><F11/><W57/><G80/><T26/><D65/><U47/><E67/><V126/><F46/><W110/><G110/><T121/><D121/><U118/><E118/><V86/><F102/><N who="3" m="60751" /><G8/><T119/><D119/><U88/><E127/><V96/><F96/><W109/><G109/><T4/><D4/><U83/><E47/><V53/><REACH who="2" step="1"/><F95/><REACH who="2" ten="251,247,225,267" step="2"/><W81/><G116/><T106/><D99/><U44/><E44/><V38/><F38/><W90/><G115/><T76/><D94/><U10/><E91/><V103/><F103/><W1/><G113/><T100/><D97/><U59/><E69/><V21/><F21/><W48/><G1/><T27/><D101/><U87/><REACH who="1" step="1"/><E79/><REACH who="1" ten="251,237,225,267" step="2"/><V39/><F39/><W55/><G90/><T12/><D100/><U3/><E3/><V134/><F134/><N who="3" m="51819" /><G81/><N who="0" m="47143" /><D106/><U70/><E70/><V36/><F36/><W15/><G15/><T108/><D108/><U42/><E42/><V56/><F56/><W31/><G24/><T64/><D64/><U19/><E19/><V23/><F23/><W135/><G135/><T13/><D26/><U112/><E112/><V77/><F77/><W89/><G89/><T131/><D27/><U33/><E33/><AGARI ba="0,2" hai="18,22,25,32,33,34,45,51,53,85,86,124,125,126" machi="33" ten="50,3200,0" yaku="1,1,18,1,53,0" doraHai="130" doraHaiUra="9" who="2" fromWho="1" sc="251,0,237,-32,225,52,267,0" /><INIT seed="6,0,0,1,2,117" ten="251,205,277,267" oya="2" hai0="93,4,65,26,28,103,31,133,38,126,23,52,5" hai1="51,18,45,1,130,114,8,81,79,58,104,96,40" hai2="11,89,70,71,85,72,14,53,25,92,47,60,131" hai3="16,50,82,101,42,43,10,91,69,115,39,20,107"/><V80/><F131/><W54/><G69/><T41/><D126/><U135/><E130/><V118/><F118/><W109/><G109/><T44/><D133/><U24/><E135/><V100/><F25/><W62/><G10/><T125/><D125/><U19/><E114/><V21/><F21/><W86/><G39/><T9/><D28/><U2/><E104/><V56/><F47/><W34/><G34/><T120/><D120/><U97/><E1/><V94/><F94/><W132/><G132/><T111/><D65/><U32/><E32/><V33/><F33/><W27/><G115/><T108/><D4/><U105/><E105/><V75/><F75/><W78/><G62/><T113/><D113/><U127/><E127/><V116/><F116/><W129/><G129/><T112/><D112/><U123/><E58/><V36/><F36/><W121/><G121/><T68/><D68/><U88/><E123/><V22/><F22/><W59/><REACH who="3" step="1"/><G91/><REACH who="3" ten="251,205,277,257" step="2"/><T134/><D134/><U30/><E8/><V61/><F61/><W90/><G90/><T102/><D111/><U35/><E2/><V122/><F122/><W37/><G37/><T119/><D108/><U83/><E88/><V99/><F72/><W64/><G64/><T46/><D119/><U55/><E35/><V124/><F124/><W12/><G12/><T73/><D73/><U110/><E110/><V87/><F87/><W66/><G66/><T77/><D9/><U6/><E6/><AGARI ba="0,1" hai="6,11,14,53,56,60,70,71,80,85,89,92,99,100" machi="6" ten="30,1500,0" yaku="7,1" doraHai="117" who="2" fromWho="1" sc="251,0,205,-15,277,25,257,0" /><INIT seed="6,1,0,1,1,75" ten="251,190,302,257" oya="2" hai0="116,80,24,17,40,123,113,87,36,128,114,102,121" hai1="20,82,51,65,21,130,15,22,110,23,43,126,68" hai2="95,97,124,60,73,56,64,25,62,72,6,2,132" hai3="84,104,29,74,63,48,61,0,131,19,10,100,89"/><V52/><F124/><W33/><G131/><T4/><D4/><U41/><E110/><V13/><F2/><W67/><G74/><T92/><D40/><U125/><E68/><V109/><F109/><W98/><G33/><T69/><D36/><U30/><E65/><V111/><F132/><W53/><G29/><T14/><D24/><U45/><E130/><V127/><F127/><N who="1" m="48649" /><E82/><V34/><F111/><W99/><G99/><N who="0" m="59751" /><D69/><U88/><E88/><V49/><F60/><W105/><G105/><T54/><D54/><N who="1" m="30063" /><E30/><V27/><F64/><W46/><G67/><T85/><D128/><U119/><E119/><V16/><F73/><W35/><G63/><T3/><D116/><U81/><E81/><V9/><F62/><W90/><G89/><N who="0" m="51367" /><D87/><U86/><E86/><V96/><F72/><W77/><G90/><T120/><D120/><U47/><E47/><V42/><F56/><W66/><G84/><T38/><D123/><U83/><E83/><V59/><F59/><W26/><G61/><T107/><D121/><U129/><E129/><V7/><F42/><W11/><G66/><T108/><D108/><U28/><E28/><V1/><F49/><W94/><G46/><T101/><D38/><U57/><E57/><V91/><F91/><W37/><G37/><T118/><D118/><U78/><E78/><V93/><F96/><W112/><G98/><N who="0" m="61879" /><D3/><U8/><N who="1" m="5120" /><DORA hai="50" /><U106/><E106/><V117/><F1/><W58/><G104/><T103/><D103/><U115/><E115/><V79/><F117/><W55/><G112/><T18/><D14/><U31/><E31/><RYUUKYOKU ba="1,0" sc="251,15,190,15,302,-15,257,-15" hai0="17,18,113,114" hai1="8,15,41,43" /><INIT seed="7,2,0,1,5,11" ten="266,205,287,242" oya="3" hai0="27,5,10,42,109,114,97,23,14,45,18,122,67" hai1="117,29,72,32,3,19,108,131,57,73,13,116,60" hai2="1,79,125,129,46,33,94,48,58,44,56,47,0" hai3="12,36,104,62,51,54,63,92,59,40,8,124,112"/><W6/><G104/><T52/><D109/><U16/><E3/><V55/><F33/><W30/><G112/><T86/><D122/><U91/><E108/><V21/><F79/><W64/><G124/><T87/><D67/><U127/><E127/><V7/><F125/><W61/><G30/><T120/><D120/><U50/><E50/><V95/><F1/><W83/><G83/><T39/><D114/><U135/><E19/><V31/><F7/><W80/><G80/><T35/><D35/><U37/><E37/><V111/><F0/><W43/><G92/><T75/><D75/><U78/><E78/><V110/><F129/><W22/><G22/><T93/><REACH who="0" step="1"/><D52/><REACH who="0" ten="256,205,287,242" step="2"/><N who="1" m="33831" /><E131/><V69/><F111/><W121/><G121/><T130/><D130/><U103/><E135/><V132/><F132/><W70/><G43/><T41/><D41/><U128/><E128/><V17/><F110/><W118/><G118/><N who="1" m="45674" /><E103/><AGARI ba="2,1" hai="5,10,14,18,23,27,39,42,45,86,87,93,97,103" machi="103" ten="30,7700,0" yaku="1,1,7,1,52,1,53,1" doraHai="11" doraHaiUra="71" who="0" fromWho="1" sc="256,93,205,-83,287,0,242,0" owari="349,44.9,122,-37.8,287,8.7,242,-15.8" /></mjloggm>