<mjloggm ver="2.3"><GO type="169" lobby="0"/><UN n0="%E7%9C%9F%E9%BE%8D%E5%85%84%E8%B2%B4" n1="%E7%B9%AD%E3%82%92%E8%A7%A3%E3%81%8F" n2="%71%75%65%79%69%6D%65%6E" n3="%E3%83%9F%E3%82%B2%E3%83%BC%E3%83%AB%E6%94%B9" dan="16,17,16,16" rate="2026.94,2209.27,2094.60,2209.90" sx="M,M,M,M"/><TAIKYOKU oya="0"/><INIT seed="0,0,0,1,0,10" ten="250,250,250,250" oya="0" hai0="4,111,95,42,48,101,60,129,23,83,67,27,15" hai1="33,119,39,115,22,71,113,6,58,116,52,93,49" hai2="30,74,82,51,110,50,12,98,68,117,91,46,40" hai3="26,72,57,18,96,0,75,118,53,47,80,73,125"/><T130/><D111/><U88/><E33/><V106/><F110/><W103/><G118/><T128/><D83/><U89/><E71/><V135/><F117/><W86/><G0/><T100/><D42/><U5/><E39/><V102/><F135/><W108/><G47/><T9/><D48/><U55/><E22/><V127/><F127/><W64/><G64/><T19/><REACH who="0" step="1"/><D95/><REACH who="0" ten="240,250,250,250" step="2"/><U121/><E93/><V3/><F51/><W65/><G108/><T77/><D77/><U112/><E49/><V29/><F82/><W11/><G125/><T13/><D13/><U107/><E119/><V54/><F3/><W97/><G80/><T43/><D43/><U7/><E116/><V35/><F40/><W21/><G73/><T70/><AGARI ba="0,1" hai="4,9,15,19,23,27,60,67,70,100,101,128,129,130" machi="70" ten="30,11700,0" yaku="1,1,0,1,19,1,52,1,53,0" doraHai="10" doraHaiUra="109" who="0" fromWho="0" sc="240,127,250,-39,250,-39,250,-39" /><INIT seed="0,1,0,3,3,25" ten="367,211,211,211" oya="0" hai0="127,51,130,53,12,113,111,115,5,95,16,43,54" hai1="86,96,23,73,104,1,99,122,30,44,100,3,26" hai2="88,126,110,135,38,119,125,82,83,131,134,80,28" hai3="47,59,93,128,123,40,8,52,107,20,7,68,129"/><T48/><D127/><N who="2" m="48650" /><F38/><W105/><G68/><T21/><D130/><N who="3" m="50281" /><G93/><T64/><D43/><U27/><E73/><V118/><F131/><W35/><G35/><T90/><D64/><U66/><E122/><V62/><F62/><N who="3" m="36199" /><G20/><T97/><D111/><U132/><E132/><N who="2" m="50731" /><F110/><W58/><G58/><T39/><D39/><U18/><E66/><V92/><F28/><W41/><G123/><T106/><D106/><N who="3" m="40457" /><G47/><T91/><D113/><U56/><E56/><V46/><F46/><W85/><G85/><AGARI ba="1,0" hai="80,82,83,85,88,92,118,119" m="50731,48650" machi="85" ten="40,8000,1" yaku="18,1,20,1,34,2,54,1" doraHai="25" who="2" fromWho="3" sc="367,0,211,0,211,83,211,-83" /><INIT seed="1,0,0,3,5,73" ten="367,211,294,128" oya="1" hai0="112,42,10,27,133,53,65,114,64,54,33,122,37" hai1="47,120,9,125,44,23,113,129,85,128,7,51,106" hai2="14,16,98,17,24,86,28,57,100,124,25,93,68" hai3="87,32,12,19,46,31,1,3,50,30,131,18,6"/><U22/><E106/><V66/><F124/><W84/><G131/><N who="1" m="50250" /><E113/><V70/><F25/><W38/><G38/><T4/><D133/><U82/><E120/><V110/><F110/><W121/><G121/><T127/><D127/><U89/><E125/><V132/><F132/><W115/><G115/><T13/><D122/><U108/><E108/><V11/><F70/><W5/><G50/><T95/><D42/><N who="1" m="24983" /><E47/><V104/><F68/><W49/><G49/><T119/><D37/><U29/><E29/><V109/><F109/><W71/><G71/><T8/><D112/><U35/><E35/><V67/><F17/><W101/><G32/><T34/><D114/><U97/><E97/><V94/><F104/><W45/><G12/><AGARI ba="0,0" hai="7,9,12,22,23,82,85,89" m="24983,50250" machi="12" ten="30,1500,0" yaku="19,1" doraHai="73" who="1" fromWho="3" sc="367,0,211,15,294,0,128,-15" /><INIT seed="1,1,0,4,2,105" ten="367,226,294,113" oya="1" hai0="134,98,114,52,8,80,133,9,106,132,65,40,11" hai1="3,2,33,19,5,0,135,64,77,57,119,35,116" hai2="14,93,79,97,73,124,92,16,117,30,63,22,91" hai3="85,72,29,76,61,6,128,45,31,120,125,81,89"/><U4/><E77/><V99/><F124/><W102/><G120/><T12/><D114/><U49/><E64/><V94/><F117/><N who="1" m="45129" /><E49/><V109/><F109/><W69/><G6/><N who="1" m="2666" /><E57/><V60/><F30/><W34/><G34/><N who="1" m="12810" /><E19/><V68/><F68/><W131/><G125/><T28/><D65/><U66/><E66/><V115/><F115/><W55/><G69/><T46/><D52/><U41/><E41/><V58/><F58/><N who="3" m="35039" /><G102/><N who="0" m="62807" /><D80/><U110/><E135/><V37/><F37/><W56/><G56/><T42/><D42/><U67/><E67/><V24/><F94/><N who="3" m="54575" /><G45/><T78/><D78/><U50/><E50/><V118/><F118/><W25/><G25/><T95/><D95/><U20/><E20/><V10/><F22/><W127/><G127/><T75/><D46/><U101/><E101/><V107/><F24/><W84/><G84/><T51/><D51/><U71/><E71/><V82/><F107/><W70/><G70/><T26/><D40/><U15/><E15/><V129/><F63/><W100/><G100/><T108/><D12/><U54/><E54/><V121/><F60/><W130/><AGARI ba="1,0" hai="29,31,72,76,81,128,130,131" m="54575,35039" machi="130" ten="30,2000,0" yaku="19,1,52,1" doraHai="105" who="3" fromWho="3" sc="367,-6,226,-11,294,-6,113,23" /><INIT seed="2,0,0,2,1,69" ten="361,215,288,136" oya="2" hai0="104,90,111,107,129,56,55,112,27,4,59,94,131" hai1="71,12,25,13,85,14,20,45,19,51,40,87,36" hai2="108,79,84,101,24,7,16,110,77,75,52,114,29" hai3="3,124,63,42,126,127,57,58,82,65,130,34,81"/><V23/><F75/><W30/><G3/><T92/><D112/><U72/><E71/><V100/><F114/><W2/><G2/><T48/><D111/><N who="2" m="42538" /><F7/><W8/><G8/><T133/><D133/><U102/><E72/><V73/><F73/><W47/><G130/><N who="0" m="49675" /><D4/><U28/><E102/><N who="2" m="39531" /><F84/><W113/><G57/><T91/><D56/><U105/><E105/><V49/><F29/><W32/><G113/><T26/><D104/><U18/><E51/><V1/><F1/><W60/><G60/><T97/><D107/><U61/><E61/><V31/><F31/><W53/><G65/><T21/><D21/><U80/><REACH who="1" step="1"/><E85/><AGARI ba="0,0" hai="26,27,48,55,59,85,90,91,92,94,97" m="49675" machi="85" ten="30,1000,0" yaku="19,1" doraHai="69" who="0" fromWho="1" sc="361,10,215,-10,288,0,136,0" /><INIT seed="3,0,0,4,3,124" ten="371,205,288,136" oya="3" hai0="11,126,135,61,93,41,1,22,132,25,105,45,65" hai1="3,9,97,18,58,35,14,79,89,37,44,96,128" hai2="83,26,33,30,107,122,72,87,42,111,46,112,98" hai3="12,85,57,40,78,32,63,121,70,104,130,116,16"/><W64/><G121/><T110/><D105/><U36/><E35/><V27/><F112/><W88/><G116/><T15/><D1/><U49/><E128/><V73/><F111/><W90/><G104/><T134/><D110/><U76/><E3/><V102/><F26/><W43/><G32/><T106/><D106/><U4/><E4/><V52/><F122/><W55/><G130/><T48/><D93/><U118/><E118/><V133/><F133/><W114/><G114/><T129/><D126/><U115/><E115/><V100/><F100/><W131/><G131/><T34/><D34/><U53/><E37/><V120/><F120/><W82/><G55/><T74/><D74/><U75/><E75/><V71/><F71/><W103/><G103/><T13/><D11/><U67/><E36/><V28/><F28/><W62/><G62/><T56/><REACH who="0" step="1"/><D129/><REACH who="0" ten="361,205,288,136" step="2"/><U47/><E97/><V91/><F73/><W39/><G39/><T17/><AGARI ba="0,1" hai="13,15,17,22,25,41,45,48,56,61,65,132,134,135" machi="17" ten="30,7900,0" yaku="1,1,2,1,0,1,20,1,53,0" doraHai="124" doraHaiUra="113" who="0" fromWho="0" sc="361,89,205,-20,288,-20,136,-39" /><INIT seed="4,0,0,2,0,31" ten="450,185,268,97" oya="0" hai0="47,16,102,46,109,0,67,8,65,48,24,126,92" hai1="105,29,113,107,128,74,69,59,124,101,116,98,26" hai2="84,13,75,122,36,119,99,6,110,40,86,73,60" hai3="9,58,64,43,19,1,63,93,66,106,21,42,35"/><T22/><D126/><U82/><E124/><V44/><F110/><W96/><G106/><T25/><D109/><U71/><E116/><V111/><F111/><W68/><G35/><T70/><D25/><U121/><E121/><V103/><F122/><W120/><G120/><T134/><D134/><U132/><E132/><V77/><F119/><W72/><G72/><T17/><D70/><U87/><E128/><V88/><F60/><W52/><G9/><T54/><D47/><U90/><E113/><V28/><F28/><W135/><G1/><T51/><D51/><U53/><E107/><V38/><F38/><W45/><G68/><T130/><D130/><U14/><E14/><V56/><F56/><W12/><G135/><T2/><D2/><U15/><E15/><V83/><F13/><W79/><G79/><T39/><D39/><U127/><E74/><V123/><F6/><W95/><G95/><T57/><D46/><U133/><E127/><V5/><F5/><W89/><REACH who="3" step="1"/><G43/><REACH who="3" ten="450,185,268,87" step="2"/><T114/><D0/><U33/><REACH who="1" step="1"/><E133/><REACH who="1" ten="450,175,268,87" step="2"/><V3/><F123/><W55/><G55/><T49/><D54/><U112/><E112/><V20/><F3/><W118/><G118/><T78/><D114/><U85/><E85/><V117/><F117/><W23/><G23/><T100/><D22/><U41/><E41/><V27/><F20/><W32/><G32/><T125/><D125/><U18/><E18/><V10/><F75/><W37/><AGARI ba="0,2" hai="12,19,21,37,42,45,52,58,63,64,66,89,93,96" machi="37" ten="20,5200,0" yaku="1,1,0,1,7,1,54,1,53,0" doraHai="31" doraHaiUra="115" who="3" fromWho="3" sc="450,-26,175,-13,268,-13,87,72" /><INIT seed="5,0,0,2,5,119" ten="424,162,255,159" oya="1" hai0="52,120,56,61,126,65,123,96,21,3,101,122,97" hai1="128,109,93,17,107,15,95,57,49,2,117,80,6" hai2="11,24,8,129,121,5,18,99,106,114,98,75,26" hai3="92,73,9,60,41,55,14,89,124,111,19,68,32"/><U86/><E107/><V13/><F75/><W85/><G111/><T76/><D3/><U77/><E117/><V108/><F108/><W102/><G32/><T72/><D126/><U7/><E128/><V67/><F129/><W91/><G73/><T70/><D21/><U115/><E115/><V78/><F78/><W35/><G35/><T87/><D72/><U53/><E109/><V20/><F67/><W40/><G124/><T127/><D127/><U66/><E66/><V4/><F106/><W100/><G68/><T94/><D97/><U79/><E79/><V71/><F71/><W74/><G74/><T10/><D10/><U104/><E104/><V81/><F81/><W59/><REACH who="3" step="1"/><G91/><REACH who="3" ten="424,162,255,149" step="2"/><T34/><D34/><U50/><E50/><V135/><F114/><W105/><G105/><T112/><D112/><U37/><E37/><V45/><F135/><W63/><G63/><N who="0" m="36231" /><D76/><U69/><E69/><V118/><F118/><W47/><G47/><T130/><D130/><U83/><E2/><V36/><F45/><W116/><G116/><T27/><D70/><U33/><E33/><V25/><F36/><W28/><G28/><T125/><D61/><U42/><E42/><AGARI ba="0,1" hai="9,14,19,40,41,42,55,59,60,85,89,92,100,102" machi="42" ten="40,2600,0" yaku="1,1,8,1,53,0" doraHai="119" doraHaiUra="23" who="3" fromWho="1" sc="424,0,162,-26,255,0,149,36" /><INIT seed="6,0,0,4,5,15" ten="424,136,255,185" oya="2" hai0="54,85,93,68,116,9,115,21,16,18,60,78,44" hai1="89,41,117,40,50,57,121,65,51,63,102,46,135" hai2="23,42,92,3,36,26,83,76,94,127,109,113,82" hai3="73,104,134,38,43,103,86,75,25,80,19,8,130"/><V33/><F3/><W71/><G71/><T10/><D115/><U88/><E135/><V61/><F33/><W81/><G134/><T126/><D126/><U77/><E117/><V52/><F113/><W45/><G130/><T11/><D116/><U64/><E121/><V20/><F127/><W99/><G81/><N who="0" m="47287" /><D68/><U98/><E77/><V48/><F36/><W28/><G28/><T67/><D21/><U32/><E32/><V14/><F109/><W101/><G103/><T105/><D105/><U114/><E65/><V95/><F76/><W13/><REACH who="3" step="1"/><G25/><REACH who="3" ten="424,136,255,175" step="2"/><T107/><D107/><U124/><E124/><V120/><F120/><W30/><G30/><T110/><D110/><U24/><E24/><V97/><F97/><W53/><G53/><T55/><D93/><N who="1" m="58703" /><E114/><V5/><F42/><W39/><G39/><T125/><D125/><U91/><E91/><AGARI ba="0,1" hai="8,13,19,38,43,45,73,75,80,86,91,99,101,104" machi="91" ten="30,3900,0" yaku="1,1,7,1,52,1,53,0" doraHai="15" doraHaiUra="131" who="3" fromWho="1" sc="424,0,136,-39,255,0,175,49" /><INIT seed="7,0,0,0,3,125" ten="424,97,255,224" oya="3" hai0="113,104,89,98,63,117,39,100,87,85,58,56,103" hai1="127,4,99,68,118,105,81,59,80,40,20,106,25" hai2="62,50,24,94,38,78,47,119,115,27,102,30,9" hai3="11,5,86,10,42,109,0,108,134,53,57,128,26"/><W132/><G42/><T130/><D39/><U44/><E127/><V32/><F119/><W123/><G123/><T91/><D117/><U135/><E135/><N who="3" m="51754" /><G11/><T71/><D71/><U121/><E121/><V7/><F115/><W37/><G37/><T95/><D113/><U54/><E118/><V67/><F38/><W77/><G26/><T52/><D100/><U72/><E68/><V96/><F78/><W15/><G0/><T33/><D33/><U124/><E124/><V131/><F131/><W114/><G114/><T29/><D29/><U73/><E73/><V46/><F27/><W13/><G13/><T2/><D130/><U41/><E72/><V116/><F50/><N who="3" m="30903" /><G128/><T83/><D2/><U74/><E74/><V17/><F17/><W23/><G23/><T45/><D45/><U97/><E4/><V79/><F79/><W34/><G34/><T111/><D58/><U126/><E126/><V31/><F31/><W101/><G101/><T60/><D111/><N who="3" m="42569" /><G77/><T19/><D19/><U90/><E106/><V28/><F28/><W1/><G1/><T12/><D12/><U70/><E105/><V18/><F18/><W64/><G86/><T65/><D87/><U110/><E110/><V3/><F116/><W21/><G21/><T22/><D22/><U129/><E129/><V61/><F61/><W48/><G48/><T8/><D8/><U49/><E70/><AGARI ba="0,0" hai="3,7,9,24,30,32,46,47,62,67,70,94,96,102" machi="70" ten="30,1000,0" yaku="7,1" doraHai="125" who="2" fromWho="1" sc="424,0,97,-10,255,10,224,0" owari="424,52.4,87,-41.3,265,6.5,224,-17.6" /></mjloggm>