<mjloggm ver="2.3"><GO type="169" lobby="0"/><UN n0="%E6%AF%94%E5%98%89%E6%84%9B%E6%9C%AA" n1="%E3%81%93%E3%81%A1" n2="%E6%9C%AC%E5%AE%B6%E3%81%8B%E3%81%BE%E3%81%A9%E3%82%84" n3="%48%57%49%4E%47" dan="19,16,16,16" rate="2272.39,2191.11,2133.35,2149.89" sx="F,F,M,M"/><TAIKYOKU oya="0"/><INIT seed="0,0,0,2,5,8" ten="250,250,250,250" oya="0" hai0="58,54,71,22,95,114,16,104,27,40,90,79,84" hai1="41,135,101,11,113,49,47,19,110,63,28,35,97" hai2="0,116,75,31,122,52,64,42,132,72,118,39,1" hai3="62,134,68,29,50,78,53,65,94,125,129,44,30"/><T92/><D114/><U127/><E113/><V48/><F122/><W46/><G125/><T102/><D71/><U7/><E127/><V99/><F132/><W55/><G134/><T123/><D123/><U20/><E135/><V98/><F64/><W43/><G129/><T121/><D121/><U61/><E110/><V106/><F31/><W38/><G78/><T21/><D104/><U128/><E128/><V17/><F42/><W70/><G94/><T119/><D119/><U34/><E34/><V32/><F39/><W109/><G109/><T86/><D40/><U26/><E28/><V24/><F24/><W74/><G74/><N who="2" m="28201" /><F32/><W103/><G103/><T83/><D102/><U51/><E51/><V66/><F17/><W25/><G25/><T117/><D117/><N who="2" m="45162" /><F66/><W3/><G3/><N who="2" m="1097" /><F106/><W2/><G2/><T59/><D22/><U111/><E35/><V69/><F69/><W77/><G77/><T130/><D130/><U6/><E111/><V57/><AGARI ba="0,0" hai="48,52,57,98,99" m="1097,45162,28201" machi="57" ten="40,2700,0" yaku="12,1,54,1" doraHai="8" who="2" fromWho="2" sc="250,-13,250,-7,250,27,250,-7" /><INIT seed="1,0,0,0,1,85" ten="237,243,277,243" oya="1" hai0="120,73,82,15,100,81,58,29,98,117,119,11,40" hai1="127,125,99,9,88,118,135,72,16,96,67,128,79" hai2="31,80,24,26,97,87,69,30,45,65,49,94,101" hai3="78,104,12,121,56,74,44,132,61,106,3,93,1"/><U18/><E118/><V14/><F69/><W43/><G121/><T38/><D29/><U133/><E128/><V6/><F65/><W48/><G132/><N who="1" m="50762" /><E67/><V71/><F71/><W63/><G63/><T36/><D120/><U10/><E79/><V53/><F14/><W60/><G60/><T8/><D58/><U21/><E72/><V37/><F6/><W59/><G59/><T68/><D68/><U41/><E41/><V110/><F110/><W62/><G62/><T47/><D38/><U109/><E109/><V5/><F5/><W35/><G35/><T107/><D11/><N who="1" m="4107" /><E18/><V134/><F37/><W23/><G78/><T91/><D73/><U27/><E88/><N who="2" m="51303" /><F134/><W108/><G74/><T52/><D117/><U114/><E114/><V19/><F19/><N who="3" m="10727" /><G108/><T33/><D119/><U39/><E39/><V46/><F46/><W122/><G122/><T57/><D91/><U13/><E13/><V124/><F124/><AGARI ba="0,0" hai="16,21,27,96,99,124,125,127" m="4107,50762" machi="124" ten="30,5800,0" yaku="18,1,20,1,54,1" doraHai="85" who="1" fromWho="2" sc="237,0,243,58,277,-58,243,0" /><INIT seed="1,1,0,3,4,18" ten="237,301,219,243" oya="1" hai0="118,73,1,91,9,34,43,63,80,40,26,32,113" hai1="56,87,57,66,120,53,31,8,21,114,37,38,15" hai2="2,119,29,52,7,112,104,94,4,75,81,132,124" hai3="35,79,134,45,14,55,72,111,83,121,68,42,27"/><U19/><E114/><V128/><F94/><W109/><G121/><T33/><D113/><U90/><E120/><V16/><F81/><W105/><G105/><T59/><D118/><U95/><E66/><V97/><F29/><W77/><G68/><T17/><D1/><U74/><E74/><V12/><F112/><W64/><G64/><T126/><D126/><U127/><E127/><V20/><F75/><W106/><G106/><T39/><D39/><U110/><E57/><V44/><F119/><W49/><G134/><T70/><D70/><U130/><E130/><V25/><F124/><W24/><G79/><T41/><D73/><U47/><E47/><V123/><F2/><W133/><G14/><T30/><D17/><U82/><E82/><V11/><F123/><W131/><G131/><T78/><D9/><U3/><E110/><N who="3" m="41994" /><G35/><T96/><D78/><U129/><E129/><V98/><F104/><W71/><G71/><T22/><D80/><U51/><E31/><N who="2" m="17831" /><F132/><W135/><G133/><T92/><REACH who="0" step="1"/><D32/><REACH who="0" ten="227,301,219,243" step="2"/><U76/><E76/><V115/><F128/><W54/><G135/><T23/><D23/><U6/><AGARI ba="1,1" hai="3,6,8,15,19,21,37,38,51,53,56,87,90,95" machi="6" ten="30,11700,0" yaku="0,1,25,2,52,1" doraHai="18" who="1" fromWho="1" sc="227,-40,301,130,219,-40,243,-40" /><INIT seed="1,2,0,1,5,43" ten="187,431,179,203" oya="1" hai0="32,34,114,101,94,78,75,27,31,15,33,63,1" hai1="54,96,65,72,56,131,47,25,35,42,112,91,119" hai2="103,3,123,53,41,104,132,16,61,93,13,82,30" hai3="12,46,81,130,57,50,99,8,7,126,110,92,106"/><U105/><E119/><V69/><F123/><W51/><G110/><T23/><D114/><U10/><E112/><V98/><F132/><W17/><G126/><T84/><D1/><U113/><E113/><V120/><F120/><W117/><G106/><T128/><D75/><U11/><E72/><V37/><F3/><W67/><G130/><T49/><D128/><U38/><E65/><V59/><F30/><W97/><G117/><T0/><D0/><U40/><E131/><V135/><F135/><W20/><G81/><T109/><D109/><U121/><E121/><V88/><F82/><W52/><G92/><T19/><D63/><U116/><E116/><V21/><F69/><W44/><G67/><T111/><D111/><U36/><E35/><V102/><REACH who="2" step="1"/><F104/><REACH who="2" ten="187,431,169,203" step="2"/><W45/><REACH who="3" step="1"/><G51/><REACH who="3" ten="187,431,169,193" step="2"/><T66/><D49/><U5/><E105/><V83/><F83/><W4/><G4/><T85/><D94/><U2/><E5/><V62/><F62/><W115/><G115/><T77/><D77/><U90/><E38/><V74/><F74/><W70/><G70/><T28/><D78/><U124/><E36/><V134/><F134/><W100/><G100/><T127/><D101/><U87/><E124/><V122/><F122/><W58/><G58/><T86/><D127/><U73/><E56/><V6/><F6/><W64/><G64/><T55/><D66/><U133/><E73/><V76/><F76/><W125/><G125/><T129/><D129/><U29/><E133/><V24/><F24/><AGARI ba="2,2" hai="7,8,12,17,20,24,44,45,46,50,52,57,97,99" machi="24" ten="40,12000,2" yaku="1,1,8,1,52,3,54,1,53,0" doraHai="43" doraHaiUra="118" who="3" fromWho="2" sc="187,0,431,0,169,-126,193,146" /><INIT seed="2,0,0,3,1,89" ten="187,431,43,339" oya="2" hai0="8,107,95,14,6,103,82,38,30,65,60,49,121" hai1="61,11,71,62,133,105,75,118,113,86,91,70,135" hai2="0,88,100,7,21,90,66,117,130,26,18,129,50" hai3="10,124,33,29,43,116,131,45,23,123,104,20,41"/><V40/><F117/><W51/><G104/><T93/><D121/><U73/><E105/><V56/><F0/><W28/><G123/><T25/><D38/><U34/><E34/><V46/><F7/><W78/><G116/><T87/><D49/><U15/><E118/><V98/><F66/><W2/><G124/><T17/><D6/><U4/><E113/><V37/><F56/><W101/><G101/><T127/><D127/><U134/><E61/><V32/><F37/><W97/><G97/><T5/><D5/><U58/><E71/><V35/><F32/><W55/><G78/><T92/><D107/><U64/><REACH who="1" step="1"/><E70/><REACH who="1" ten="187,421,43,339" step="2"/><V106/><REACH who="2" step="1"/><F35/><REACH who="2" ten="187,421,33,339" step="2"/><W132/><G33/><T27/><D65/><U111/><E111/><V114/><F114/><W72/><G2/><T16/><D60/><U99/><E99/><V54/><F54/><W39/><G55/><T31/><D31/><U69/><E69/><V53/><F53/><W120/><G28/><T77/><D30/><U22/><E22/><V47/><F47/><W83/><G23/><N who="0" m="13543" /><D27/><U125/><E125/><V12/><F12/><W74/><G29/><T13/><D14/><U57/><E57/><V1/><F1/><W128/><G20/><T110/><D110/><U112/><E112/><V59/><F59/><W96/><G45/><T81/><D13/><U3/><E3/><V24/><F24/><W119/><G119/><T63/><D63/><U109/><E109/><V108/><F108/><W84/><G120/><T85/><D17/><U67/><E67/><V115/><F115/><W36/><G39/><T76/><D8/><RYUUKYOKU ba="0,2" sc="187,10,421,10,33,10,339,-30" hai0="76,77,81,82,85,87,92,93,95,103" hai1="4,11,15,58,62,64,73,75,86,91,133,134,135" hai2="18,21,26,40,46,50,88,90,98,100,106,129,130" /><INIT seed="2,1,2,3,2,43" ten="197,431,43,309" oya="2" hai0="14,49,4,107,37,126,40,15,129,96,1,28,42" hai1="3,121,71,101,88,113,73,134,125,27,65,70,118" hai2="108,90,46,91,47,123,75,93,115,110,32,86,52" hai3="74,104,116,51,99,127,111,120,16,0,63,124,7"/><V81/><F115/><W24/><G116/><T68/><D37/><U82/><E113/><V97/><F123/><W83/><G120/><T105/><D1/><U6/><E121/><V35/><F75/><W2/><G111/><N who="2" m="42537" /><F52/><W94/><G104/><T18/><D68/><U36/><E71/><V85/><F85/><W29/><G63/><T57/><D107/><U98/><E73/><V128/><F128/><W100/><G51/><T50/><D105/><U53/><E53/><V10/><F10/><W95/><G74/><T19/><D57/><U21/><E36/><V130/><F130/><W8/><G0/><T92/><D129/><U20/><E3/><V22/><F22/><W30/><G124/><T69/><D69/><U26/><E20/><V34/><AGARI ba="1,2" hai="32,34,35,46,47,81,86,90,91,93,97" m="42537" machi="34" ten="40,12000,1" yaku="14,1,10,1,52,2" doraHai="43" who="2" fromWho="2" sc="197,-41,431,-41,43,143,309,-41" /><INIT seed="2,2,0,4,1,127" ten="156,390,186,268" oya="2" hai0="11,94,96,53,93,82,44,128,121,99,124,5,54" hai1="129,17,74,68,10,50,39,119,67,38,41,76,77" hai2="118,89,70,100,9,51,55,12,60,48,103,101,97" hai3="7,126,19,58,134,105,23,2,3,40,28,83,29"/><V62/><F118/><W18/><G105/><T24/><D121/><U69/><E119/><V81/><F70/><W42/><G126/><T61/><D124/><U26/><E50/><V15/><F51/><W112/><G134/><T20/><D82/><U32/><E41/><V21/><F21/><W90/><G58/><T64/><D44/><U0/><E17/><V108/><F108/><W47/><G112/><T95/><D128/><U66/><E10/><V43/><F43/><W34/><G34/><T113/><D113/><U56/><E56/><V13/><F9/><W131/><G83/><T115/><D115/><U109/><E0/><V84/><REACH who="2" step="1"/><F97/><REACH who="2" ten="156,390,176,268" step="2"/><W36/><G23/><T125/><D125/><U120/><E68/><V104/><F104/><W107/><G107/><T59/><D96/><U114/><E69/><V71/><F71/><W65/><G42/><T135/><D99/><U88/><E109/><V132/><F132/><W73/><G40/><T16/><REACH who="0" step="1"/><D135/><REACH who="0" ten="146,390,176,268" step="2"/><U25/><E114/><V79/><F79/><W86/><G36/><T116/><D116/><U45/><E77/><V111/><F111/><W37/><G37/><T123/><D123/><U8/><E76/><V30/><F30/><W98/><G98/><T92/><N who="0" m="23552" /><DORA hai="22" /><T110/><D110/><U91/><E120/><V33/><F33/><W122/><G122/><T133/><D133/><U4/><E32/><V49/><F49/><W75/><G28/><T130/><D130/><U46/><E129/><V35/><F35/><W102/><G29/><T14/><AGARI ba="2,2" hai="5,11,14,16,20,24,53,54,59,61,64" m="23552" machi="14" ten="40,12000,2" yaku="1,1,0,1,8,1,52,1,54,1,53,2" doraHai="127,22" doraHaiUra="63,52" who="0" fromWho="0" sc="146,146,390,-32,176,-62,268,-32" /><INIT seed="3,0,0,3,3,83" ten="292,358,114,236" oya="3" hai0="27,108,38,7,89,105,56,103,113,35,73,78,11" hai1="65,104,41,2,36,118,88,40,39,31,4,133,123" hai2="135,45,19,23,115,1,117,66,64,74,14,5,52" hai3="80,59,112,67,48,32,101,20,43,75,69,111,126"/><W106/><G112/><T92/><D113/><U46/><E123/><V82/><F115/><W3/><G3/><T68/><D68/><U71/><E104/><V119/><F135/><W125/><G32/><T51/><D38/><U55/><E55/><V25/><F1/><W62/><G111/><T122/><D122/><U6/><E31/><V57/><F45/><W94/><G106/><T26/><D108/><U97/><E2/><V109/><F109/><W98/><G20/><T70/><D70/><U107/><E118/><V34/><F119/><W8/><G8/><T53/><D35/><U30/><E30/><V129/><F129/><W130/><G130/><T93/><D105/><U110/><E133/><V102/><F102/><W131/><G131/><T21/><D78/><U124/><E124/><N who="3" m="47722" /><G75/><T49/><D73/><U120/><E120/><V77/><F117/><W87/><G43/><T10/><D27/><U58/><E107/><V50/><REACH who="2" step="1"/><F34/><REACH who="2" ten="292,358,104,236" step="2"/><W61/><G101/><T76/><D103/><U44/><E110/><V12/><F12/><W91/><G69/><T85/><D26/><U72/><E71/><V15/><F15/><W16/><G67/><T42/><D42/><U54/><E65/><V95/><F95/><W79/><G59/><T17/><D56/><U29/><E41/><V128/><F128/><W28/><G94/><T33/><D93/><U127/><E40/><V22/><F22/><W134/><G134/><T100/><D21/><U116/><E127/><V18/><F18/><W9/><G16/><T63/><D17/><U132/><E58/><V90/><F90/><RYUUKYOKU ba="0,1" sc="292,-10,358,-10,104,30,236,-10" hai2="5,14,19,23,25,50,52,57,64,66,74,77,82" /><INIT seed="4,1,1,4,5,99" ten="282,348,134,226" oya="0" hai0="15,9,130,14,105,82,95,67,118,46,62,6,108" hai1="111,59,35,83,24,11,120,70,18,134,39,75,69" hai2="123,19,23,61,50,34,93,125,22,79,8,81,43" hai3="92,121,48,117,112,90,96,126,73,20,32,40,33"/><T41/><D118/><U104/><E120/><V63/><F123/><W132/><G121/><T5/><D105/><U53/><E39/><V65/><F34/><W26/><G117/><T49/><D130/><U30/><E134/><V100/><F125/><W71/><G71/><T66/><D108/><U68/><E104/><V87/><F8/><W3/><G3/><T60/><D95/><U116/><E116/><V17/><F43/><W122/><G122/><T106/><D106/><U52/><E111/><V58/><F50/><W45/><G73/><T98/><D98/><U56/><E11/><V28/><F61/><N who="0" m="23658" /><D82/><U114/><E18/><V21/><REACH who="2" step="1"/><F28/><REACH who="2" ten="282,348,124,226" step="2"/><N who="3" m="17479" /><G32/><T119/><D119/><U37/><E37/><V110/><F110/><W64/><G33/><T94/><D41/><U55/><E35/><V84/><F84/><W89/><G126/><T109/><D109/><U38/><E38/><V51/><F51/><W27/><G132/><T0/><D49/><U72/><E72/><V25/><F25/><W91/><G27/><T135/><D135/><U115/><E24/><V31/><F31/><W16/><G112/><N who="1" m="43050" /><E30/><V4/><F4/><W10/><G64/><T42/><D6/><U77/><AGARI ba="1,2" hai="52,53,55,56,59,68,69,70,75,77,83" m="43050" machi="77" ten="40,5200,0" yaku="15,1,11,1,54,1" doraHai="99" who="1" fromWho="1" sc="282,-27,348,75,124,-14,226,-14" /><INIT seed="5,0,0,1,0,66" ten="255,423,110,212" oya="1" hai0="119,61,22,40,30,25,120,106,79,54,109,93,52" hai1="134,99,53,75,114,117,17,78,6,71,28,95,46" hai2="31,87,41,102,58,82,60,98,19,12,56,2,69" hai3="118,16,125,13,89,73,37,29,44,15,65,83,59"/><U36/><E117/><V48/><F2/><W126/><G29/><T8/><D106/><U135/><E114/><V105/><F31/><W62/><G118/><T27/><D109/><U108/><E108/><V97/><F97/><W101/><G101/><T9/><D119/><U84/><E75/><V96/><F96/><W32/><G32/><T133/><D133/><U77/><E28/><V4/><F4/><W100/><G100/><T51/><D79/><U91/><E6/><V88/><F60/><W10/><G15/><T129/><D129/><U122/><E122/><V63/><F63/><W0/><G0/><T42/><D120/><U26/><E77/><V55/><F41/><N who="0" m="15978" /><D25/><U43/><E78/><V33/><F33/><W11/><G44/><N who="0" m="27751" /><D93/><U72/><E26/><V85/><F85/><N who="3" m="50367" /><G37/><T104/><D104/><U94/><E36/><V3/><F3/><W112/><G73/><T81/><D81/><U50/><E72/><V115/><F115/><W90/><G112/><T131/><D131/><U24/><E134/><V23/><REACH who="2" step="1"/><F69/><REACH who="2" ten="255,423,100,212" step="2"/><W68/><G68/><T132/><D132/><U70/><E135/><V107/><F107/><W127/><G90/><T110/><D110/><U21/><E43/><V39/><F39/><W86/><G86/><T130/><D130/><U103/><AGARI ba="0,1" hai="17,21,24,46,50,53,70,71,84,91,94,95,99,103" machi="103" ten="20,7800,0" yaku="0,1,7,1,52,2" doraHai="66" who="1" fromWho="1" sc="255,-26,423,88,100,-26,212,-26" /><INIT seed="5,1,0,1,5,16" ten="229,511,74,186" oya="1" hai0="107,34,55,0,13,68,74,5,7,133,119,39,131" hai1="102,56,81,17,97,48,130,104,76,63,111,54,126" hai2="123,71,106,95,15,14,6,57,109,89,44,105,98" hai3="132,22,110,3,70,10,9,87,84,72,112,77,8"/><U75/><E130/><V62/><F109/><W122/><G110/><T85/><RYUUKYOKU type="yao9" ba="1,0" sc="229,0,511,0,74,0,186,0" hai0="0,5,7,13,34,39,55,68,74,85,107,119,131,133" /><INIT seed="5,2,0,5,1,46" ten="229,511,74,186" oya="1" hai0="133,85,90,98,118,44,47,79,31,9,55,80,1" hai1="83,112,11,18,59,130,35,62,45,113,16,50,61" hai2="74,20,92,114,108,32,5,100,131,66,27,117,53" hai3="23,127,120,123,84,77,111,104,15,26,82,63,106"/><U125/><E130/><V25/><F108/><W110/><G127/><T134/><D118/><U94/><E125/><V34/><F74/><W48/><G111/><T103/><D31/><U75/><E35/><V65/><F117/><W28/><G110/><T88/><D47/><U89/><E83/><V135/><F5/><W121/><G63/><T71/><D71/><U124/><E75/><V129/><F53/><W38/><G38/><T24/><D24/><U126/><E11/><V33/><F20/><W70/><G70/><T40/><D55/><N who="1" m="30159" /><E126/><V93/><F100/><W37/><G37/><N who="0" m="21519" /><D9/><U51/><E124/><V6/><F6/><W105/><REACH who="3" step="1"/><G15/><REACH who="3" ten="229,511,74,176" step="2"/><T10/><D1/><U116/><E62/><V12/><F12/><W72/><G72/><T41/><D41/><U57/><E116/><V2/><F2/><W87/><G87/><T22/><D85/><U8/><E61/><V42/><F34/><W14/><G14/><T68/><D68/><U0/><E0/><V7/><F7/><W102/><G102/><T52/><D103/><U132/><E113/><V3/><F3/><W109/><G109/><T115/><D115/><U73/><E112/><V29/><F114/><W97/><G97/><T78/><D98/><U13/><E73/><V19/><F33/><W56/><G56/><T36/><D36/><U21/><E57/><V91/><F32/><W60/><G60/><T122/><D133/><U17/><E132/><V107/><F135/><W101/><G101/><T30/><D134/><U43/><E59/><V76/><F129/><W4/><G4/><T58/><D58/><RYUUKYOKU ba="2,1" sc="229,-10,511,-10,74,-10,176,30" hai3="23,26,28,48,77,82,84,104,105,106,120,121,123" /><INIT seed="6,3,1,1,5,69" ten="219,501,64,206" oya="2" hai0="46,94,125,38,114,40,72,24,120,14,51,45,97" hai1="99,61,60,2,130,91,126,34,26,65,16,101,59" hai2="73,109,37,57,29,39,30,80,127,23,56,107,92" hai3="50,42,28,4,18,88,13,22,41,5,75,122,25"/><V106/><F127/><W102/><G75/><T62/><D120/><U21/><E126/><V104/><F109/><W79/><G79/><T12/><D125/><U124/><E124/><V44/><F44/><N who="3" m="25871" /><G42/><T71/><D72/><U70/><E130/><V6/><F73/><W133/><G122/><T8/><D114/><U82/><E2/><V90/><F80/><W68/><G68/><T7/><D24/><U78/><E34/><V95/><F6/><N who="3" m="2667" /><G133/><T47/><D38/><N who="2" m="14346" /><F23/><N who="3" m="15423" /><G102/><N who="0" m="60727" /><D71/><U55/><E78/><V74/><F90/><AGARI ba="3,1" hai="13,18,22,88,90" m="15423,2667,25871" machi="90" ten="30,2000,0" yaku="8,1,54,1" doraHai="69" who="3" fromWho="2" sc="219,0,501,0,64,-29,206,39" /><INIT seed="7,0,0,0,2,70" ten="219,501,35,245" oya="3" hai0="60,10,105,48,8,116,72,97,83,13,9,111,43" hai1="100,28,45,68,131,93,121,90,26,78,112,123,69" hai2="40,88,16,125,96,35,2,73,114,64,11,71,86" hai3="18,50,61,4,20,122,5,87,21,41,62,29,109"/><W33/><G122/><T1/><D116/><U119/><E119/><V58/><F114/><W95/><G109/><T129/><D111/><U76/><E100/><V24/><F125/><W44/><G33/><T117/><D117/><U47/><E112/><V49/><F73/><W63/><G29/><T118/><D118/><U34/><E131/><V30/><F71/><W19/><G21/><T91/><D129/><U104/><E104/><V32/><F32/><W84/><G19/><T3/><D13/><U54/><E68/><V37/><F96/><W135/><G135/><T27/><D27/><U99/><E69/><V15/><F2/><W108/><G108/><T0/><D60/><U103/><E103/><V39/><F40/><W66/><G66/><T22/><D22/><U7/><E7/><V80/><F64/><W98/><G4/><T23/><D23/><U51/><E47/><V115/><F115/><W25/><REACH who="3" step="1"/><G5/><REACH who="3" ten="219,501,35,235" step="2"/><T81/><D10/><U82/><E121/><V101/><REACH who="2" step="1"/><F101/><AGARI ba="0,1" hai="18,20,25,41,44,50,61,62,63,84,87,95,98,101" machi="101" ten="40,12000,1" yaku="1,1,2,1,8,1,53,1" doraHai="70" doraHaiUra="89" who="3" fromWho="2" sc="219,0,501,0,35,-120,235,130" owari="219,-18.1,501,60.1,-85,-58.5,365,16.5" /></mjloggm>