<mjloggm ver="2.3"><GO type="169" lobby="0"/><UN n0="%E3%82%BF%E3%82%A4%E4%BA%BA%EF%BC%A0%E3%83%90%E3%83%B3%E3%82%B3%E3%82%AF" n1="%E3%82%86%E3%81%88%EF%BC%A0%E9%9B%80%E9%AC%BC%E6%B5%81%E7%B8%9B%E3%82%8A" n2="%6E%69%73%69%35%30%32%38" n3="%E4%BA%8C%E6%8A%9E%E4%BA%BA" dan="16,17,16,16" rate="2119.93,2153.93,2113.64,2073.45" sx="M,F,M,F"/><TAIKYOKU oya="0"/><INIT seed="0,0,0,5,5,94" ten="250,250,250,250" oya="0" hai0="18,70,132,61,119,43,15,118,110,39,45,46,86" hai1="13,89,19,35,11,128,36,91,103,93,131,3,77" hai2="57,42,133,123,59,98,80,21,68,109,64,30,4" hai3="107,115,53,90,71,114,121,106,100,50,134,127,26"/><T32/><D32/><U14/><E36/><V28/><F123/><W79/><G71/><T96/><D132/><U34/><E3/><V1/><F133/><W72/><G134/><T0/><D0/><U74/><E103/><V112/><F112/><W20/><G121/><T84/><D110/><U117/><E117/><V9/><F68/><W99/><G107/><T40/><D119/><U129/><E89/><V25/><F109/><W116/><G116/><T58/><D70/><U92/><E92/><V16/><F42/><W81/><G90/><T95/><D118/><U62/><E62/><V49/><F80/><W130/><G127/><T105/><D105/><U6/><E77/><V52/><REACH who="2" step="1"/><F98/><REACH who="2" ten="250,250,240,250" step="2"/><W55/><G130/><T126/><D126/><U2/><E74/><V31/><F31/><W38/><G38/><T41/><D39/><U67/><E67/><V22/><F22/><W63/><G53/><N who="0" m="33999" /><D86/><N who="1" m="52471" /><E2/><V83/><F83/><W87/><G87/><T69/><D84/><U88/><E35/><V44/><F44/><W124/><G124/><T66/><D66/><U60/><E34/><V29/><F29/><W120/><G120/><T51/><D46/><U113/><E113/><V54/><F54/><W135/><G135/><T111/><D69/><U102/><E131/><V24/><F24/><W78/><G115/><T65/><D65/><U75/><E75/><V12/><F12/><W104/><G114/><T47/><D47/><U122/><E122/><V48/><F48/><W108/><G50/><T37/><D111/><U101/><E129/><V76/><F76/><N who="3" m="44167" /><G108/><T56/><D37/><RYUUKYOKU ba="0,1" sc="250,-10,250,-10,240,30,250,-10" hai2="1,4,9,16,21,25,28,30,49,52,57,59,64" /><INIT seed="1,1,1,5,1,24" ten="240,240,270,240" oya="1" hai0="95,48,30,7,1,88,111,57,17,43,131,22,53" hai1="119,115,20,106,89,29,15,54,132,11,90,21,108" hai2="12,83,133,103,52,87,81,71,50,72,49,94,37" hai3="39,125,28,33,19,35,5,45,112,107,14,129,82"/><U31/><E106/><V124/><F37/><W118/><G112/><T96/><D111/><U34/><E119/><V16/><F71/><W40/><G107/><T85/><D131/><U80/><E34/><V122/><F122/><W58/><G129/><T26/><D1/><U61/><E115/><V127/><F133/><W102/><G118/><T66/><D7/><U23/><E132/><V13/><F72/><W46/><G102/><T74/><D74/><U113/><E113/><V77/><F103/><W105/><G105/><T69/><D43/><U86/><E108/><V4/><F94/><W135/><G135/><T63/><REACH who="0" step="1"/><D96/><REACH who="0" ten="230,240,270,240" step="2"/><U36/><E36/><V117/><F117/><W98/><G5/><T121/><D121/><U75/><E75/><V126/><F4/><W68/><G98/><T114/><D114/><U59/><E90/><V9/><F87/><W32/><G40/><T0/><D0/><U18/><AGARI ba="1,2" hai="11,15,18,20,21,23,29,31,54,59,61,80,86,89" machi="18" ten="30,11700,0" yaku="0,1,8,1,52,2" doraHai="24" who="1" fromWho="1" sc="230,-40,240,140,270,-40,240,-40" /><INIT seed="1,2,0,3,2,88" ten="190,380,230,200" oya="1" hai0="76,63,65,121,90,97,2,98,54,126,58,119,82" hai1="87,102,45,42,51,34,14,28,104,86,128,10,99" hai2="69,74,66,117,20,24,135,40,25,79,85,27,123" hai3="56,57,18,72,47,68,23,52,129,62,125,112,30"/><U89/><E34/><V36/><F117/><W114/><G72/><T124/><D119/><U29/><E128/><V31/><F123/><W110/><G110/><T105/><D2/><U130/><E130/><V46/><F74/><W35/><G129/><T33/><D33/><U22/><E22/><V78/><F135/><W77/><G77/><T21/><D121/><U48/><E48/><V103/><F103/><W80/><G80/><T5/><D5/><U12/><E87/><V122/><F122/><W91/><G68/><T96/><D21/><U0/><E0/><V19/><F85/><W111/><G111/><T100/><D90/><U83/><E14/><V44/><F44/><W84/><G47/><T17/><D17/><AGARI ba="2,0" hai="10,12,17,28,29,42,45,51,83,86,89,99,102,104" machi="17" ten="30,1500,0" yaku="7,1" doraHai="88" who="1" fromWho="0" sc="190,-21,380,21,230,0,200,0" /><INIT seed="1,3,0,5,5,29" ten="169,401,230,200" oya="1" hai0="112,53,31,93,26,96,0,109,80,22,13,103,47" hai1="33,100,51,114,86,14,20,132,66,15,95,5,79" hai2="46,106,98,59,27,25,89,68,3,97,39,124,101" hai3="17,49,41,58,121,48,36,43,37,81,125,56,10"/><U116/><E66/><V23/><F68/><W123/><G81/><T108/><D112/><U18/><E116/><V21/><F3/><W35/><G10/><T85/><D0/><U2/><E114/><V45/><F124/><W92/><G92/><T75/><D75/><U88/><E132/><V84/><F98/><W7/><G17/><T118/><D118/><U4/><E2/><V16/><F59/><W94/><G94/><T54/><D13/><U57/><E79/><V65/><F65/><W63/><G7/><T19/><D19/><N who="1" m="10359" /><E100/><V91/><F39/><W50/><G35/><T62/><D47/><U60/><E60/><V111/><F111/><N who="0" m="42570" /><D62/><U64/><E64/><V24/><F24/><W8/><G8/><T42/><D42/><N who="3" m="15881" /><G125/><T44/><D44/><U135/><E135/><V74/><F74/><W131/><G131/><T129/><D129/><U107/><E107/><V28/><REACH who="2" step="1"/><F91/><AGARI ba="3,0" hai="22,26,31,53,54,80,85,91,93,96,103" m="42570" machi="91" ten="30,1000,0" yaku="14,1" doraHai="29" who="0" fromWho="2" sc="169,19,401,0,230,-19,200,0" /><INIT seed="2,0,0,0,2,78" ten="188,401,211,200" oya="2" hai0="18,95,56,28,30,36,27,3,132,50,76,44,120" hai1="100,101,14,58,94,98,110,77,1,57,72,104,39" hai2="12,55,43,67,7,62,124,103,64,8,81,9,109" hai3="121,66,111,90,54,85,13,87,84,32,47,61,37"/><V128/><F128/><W73/><G121/><T79/><D120/><U48/><E1/><V107/><F124/><W52/><G32/><T0/><D36/><U59/><E39/><V119/><F119/><W71/><G73/><T35/><D132/><U70/><E70/><V2/><F43/><W20/><G111/><T113/><D113/><U129/><E129/><V26/><F26/><W16/><REACH who="3" step="1"/><G90/><REACH who="3" ten="188,401,211,190" step="2"/><T19/><D35/><U69/><E110/><V75/><F75/><W15/><G15/><T106/><D0/><U97/><E14/><V38/><F12/><W118/><G118/><T88/><D3/><U125/><E125/><V112/><F109/><W51/><G51/><T127/><D50/><U29/><E48/><V23/><F2/><W21/><G21/><T96/><D127/><U130/><E130/><V4/><F23/><W24/><G24/><T65/><D27/><U115/><E115/><V108/><F112/><W131/><G131/><T80/><D88/><U60/><E72/><V34/><F34/><W105/><G105/><T53/><D106/><U63/><E104/><V89/><F107/><W33/><G33/><T74/><D74/><U40/><E101/><V22/><F103/><W31/><G31/><T91/><D30/><U49/><E29/><V41/><F22/><W102/><G102/><T99/><D28/><U83/><E100/><V86/><F108/><W117/><G117/><T135/><D91/><U134/><E49/><V6/><F9/><W25/><G25/><T82/><D79/><U17/><E77/><V92/><F89/><W133/><G133/><RYUUKYOKU ba="0,1" sc="188,-10,401,-10,211,-10,190,30" hai3="13,16,20,37,47,52,54,61,66,71,84,85,87" /><INIT seed="3,1,1,4,0,51" ten="178,391,201,220" oya="3" hai0="67,6,52,89,60,101,39,7,92,68,46,124,100" hai1="108,70,9,66,104,69,23,27,2,49,96,115,58" hai2="57,14,45,122,47,1,132,75,77,62,126,105,74" hai3="38,50,120,82,85,53,43,71,118,86,64,110,32"/><W21/><G118/><T28/><D124/><U121/><E2/><V0/><F105/><W54/><G32/><T8/><D28/><U35/><E115/><V83/><F126/><W133/><G120/><T42/><D7/><U94/><E104/><V90/><F122/><W29/><G133/><T113/><D113/><U109/><E35/><V73/><F132/><W93/><G38/><T15/><REACH who="0" step="1"/><D52/><REACH who="0" ten="168,391,201,220" step="2"/><N who="3" m="20073" /><G64/><T59/><D59/><U135/><E58/><V80/><F57/><W5/><G71/><T112/><D112/><U36/><E66/><V114/><F114/><W61/><G61/><T84/><AGARI ba="1,2" hai="6,8,15,39,42,46,60,67,68,84,89,92,100,101" machi="84" ten="20,2700,0" yaku="1,1,0,1,7,1,53,0" doraHai="51" doraHaiUra="107" who="0" fromWho="0" sc="168,50,391,-8,201,-8,220,-14" /><INIT seed="4,0,0,4,0,7" ten="218,383,193,206" oya="0" hai0="80,17,44,117,63,98,89,109,112,2,69,73,54" hai1="104,27,129,82,64,68,102,48,3,41,56,120,74" hai2="11,75,86,30,37,77,125,51,53,114,45,119,19" hai3="59,100,13,9,24,132,106,124,31,66,49,70,83"/><T60/><D112/><U8/><E104/><V6/><F114/><W21/><G124/><T1/><D117/><U90/><E120/><V33/><F125/><W87/><G132/><T131/><D131/><U5/><E102/><V42/><F119/><W36/><G36/><T91/><D109/><U81/><E68/><V103/><F103/><W29/><G70/><T108/><D108/><U92/><E74/><V116/><F116/><W78/><G100/><T58/><D44/><U76/><E76/><V12/><F86/><W118/><G106/><T79/><D2/><U15/><E27/><V38/><F33/><W127/><G127/><T123/><D1/><U43/><E3/><V130/><F30/><N who="3" m="17679" /><G118/><T50/><D123/><U52/><E64/><V135/><F135/><W113/><G113/><T84/><D69/><U95/><E95/><V88/><F130/><W32/><G32/><T39/><D39/><U105/><E105/><V4/><F38/><W128/><G128/><T85/><D98/><N who="1" m="57623" /><E129/><V110/><F110/><W28/><G28/><T55/><D73/><U16/><E5/><V25/><F25/><W93/><G93/><T121/><D121/><U96/><E96/><V71/><F71/><W133/><G133/><T67/><D67/><U94/><E94/><V35/><F35/><W26/><G26/><T46/><D84/><U22/><E22/><V134/><F134/><W72/><G72/><T122/><D122/><U115/><E115/><V57/><REACH who="2" step="1"/><F88/><REACH who="2" ten="218,383,183,206" step="2"/><W101/><G101/><T65/><D91/><U99/><E99/><V20/><F20/><W111/><G111/><RYUUKYOKU ba="0,1" sc="218,-15,383,15,183,15,206,-15" hai1="8,15,16,41,43,48,52,56,81,82" hai2="4,6,11,12,19,37,42,45,51,53,57,75,77" /><INIT seed="5,1,1,4,0,12" ten="203,398,198,191" oya="1" hai0="76,87,41,86,93,74,84,60,69,65,122,56,38" hai1="131,117,0,88,54,67,82,78,99,30,62,34,52" hai2="75,135,71,21,72,121,116,50,33,63,128,113,40" hai3="101,123,20,89,3,105,26,45,47,13,115,110,6"/><U49/><E0/><V22/><F116/><W5/><G123/><T79/><D122/><U66/><E117/><V106/><F121/><W55/><G110/><T83/><D79/><U37/><E37/><V127/><F33/><W119/><G3/><T36/><D41/><U58/><E131/><V70/><F106/><W11/><G115/><T126/><D126/><U97/><E30/><V103/><F103/><W39/><G39/><T31/><D31/><U10/><E10/><V77/><F127/><W9/><G119/><T95/><D95/><U73/><E34/><V68/><F135/><W104/><G89/><T96/><REACH who="0" step="1"/><D69/><REACH who="0" ten="193,398,198,191" step="2"/><U102/><E102/><AGARI ba="1,2" hai="36,38,56,60,65,74,76,83,84,86,87,93,96,102" machi="102" ten="40,2600,0" yaku="1,1,2,1,53,0" doraHai="12" doraHaiUra="25" who="0" fromWho="1" sc="193,49,398,-29,198,0,191,0" /><INIT seed="6,0,0,0,4,99" ten="242,369,198,191" oya="2" hai0="122,22,36,76,45,58,43,121,8,74,23,81,120" hai1="35,93,13,44,61,97,66,134,16,68,69,5,108" hai2="42,116,49,126,29,63,37,64,133,72,130,59,115" hai3="91,70,26,50,18,62,110,104,111,53,71,103,30"/><V1/><F1/><W109/><G18/><T3/><REACH who="0" step="1"/><D58/><REACH who="0" ten="232,369,198,191" step="2"/><U28/><E69/><V107/><F59/><W101/><G70/><T127/><D127/><U132/><E108/><V46/><F126/><W92/><G71/><T128/><D128/><U77/><E44/><V40/><F46/><W60/><G104/><T48/><D48/><U17/><E132/><V34/><F130/><W51/><G51/><T10/><D10/><U125/><E134/><V75/><F107/><W9/><G9/><T27/><D27/><U83/><E125/><V32/><F49/><W129/><G129/><T88/><D88/><U86/><E68/><V119/><F119/><W73/><G60/><T41/><D41/><U67/><E61/><V118/><F42/><W85/><G62/><T124/><D124/><U39/><E39/><V56/><F40/><W21/><REACH who="3" step="1"/><G73/><REACH who="3" ten="232,369,198,181" step="2"/><T12/><D12/><U24/><E5/><AGARI ba="0,2" hai="3,5,8,22,23,36,43,45,74,76,81,120,121,122" machi="5" ten="40,8000,1" yaku="21,2,25,2,53,0" doraHai="99" doraHaiUra="131" who="0" fromWho="1" sc="232,100,369,-80,198,0,181,0" /><INIT seed="7,0,0,3,0,78" ten="332,289,198,181" oya="3" hai0="43,99,46,16,103,22,29,100,55,71,62,123,54" hai1="3,134,8,28,40,31,86,89,76,77,13,61,121" hai2="38,15,33,73,41,75,120,106,112,116,79,4,65" hai3="108,114,47,101,127,64,48,115,5,83,0,94,111"/><W25/><G127/><T20/><D123/><U27/><E3/><V6/><F116/><W59/><G0/><T53/><D71/><U74/><E121/><V125/><F120/><W69/><G5/><T82/><D29/><U34/><E28/><V7/><F33/><W42/><G69/><T132/><D132/><U14/><E134/><V30/><F106/><W107/><G107/><T23/><D62/><U70/><E74/><V92/><F30/><W24/><G64/><T36/><D82/><U91/><E91/><V63/><F73/><W56/><G56/><T93/><REACH who="0" step="1"/><D100/><REACH who="0" ten="322,289,198,181" step="2"/><U95/><E61/><V128/><F63/><W119/><G119/><T129/><D129/><U118/><E70/><V19/><F128/><W130/><G130/><T98/><D98/><U109/><E118/><V50/><F125/><W131/><G131/><T117/><D117/><U81/><E109/><N who="3" m="42058" /><G83/><T52/><N who="0" m="13312" /><DORA hai="21" /><T35/><D35/><U113/><E34/><V97/><F97/><N who="3" m="59575" /><G59/><T122/><D122/><U87/><E31/><V133/><F133/><W51/><G51/><T58/><D58/><U26/><E95/><V17/><F92/><W104/><G104/><T110/><D110/><U57/><E57/><V124/><F124/><W37/><G48/><T126/><D126/><U45/><E89/><V72/><F50/><W96/><G96/><T90/><D90/><U49/><E49/><V60/><F60/><W11/><G11/><T80/><D80/><U18/><E8/><V66/><F66/><W85/><G85/><T12/><AGARI ba="0,1" hai="12,16,20,22,23,36,43,46,93,99,103" m="13312" machi="12" ten="40,8000,1" yaku="1,1,0,1,54,2,53,0" doraHai="78,21" doraHaiUra="1,44" who="0" fromWho="0" sc="322,90,289,-20,198,-20,181,-40" owari="412,51.2,269,6.9,178,-22.2,141,-35.9" /></mjloggm>