<mjloggm ver="2.3"><GO type="169" lobby="0"/><UN n0="%E7%B5%B6%E5%AF%BE%E9%98%B2%E5%BE%A1%E5%B0%86%E8%BB%8D" n1="%E4%BF%9D%E8%82%B2%E5%A3%AB" n2="%E4%B8%96%E7%95%8C%E5%B9%B3%E5%92%8C" n3="%58%E7%8C%AB" dan="16,16,16,16" rate="2087.04,2174.69,2183.99,2078.44" sx="M,M,M,M"/><TAIKYOKU oya="0"/><INIT seed="0,0,0,1,4,86" ten="250,250,250,250" oya="0" hai0="21,79,52,72,106,90,34,11,53,111,33,82,108" hai1="93,121,38,74,47,125,42,19,113,56,114,48,54" hai2="91,76,115,32,78,64,44,131,116,98,96,80,100" hai3="27,22,128,55,5,36,16,70,66,40,89,23,95"/><T112/><D112/><U26/><E74/><V84/><F32/><W29/><G5/><T103/><D21/><U9/><E121/><V87/><F115/><N who="1" m="44041" /><E125/><V97/><F64/><W1/><G1/><T4/><D103/><U6/><E93/><N who="2" m="54503" /><F44/><W39/><G128/><T0/><D106/><U99/><E99/><N who="2" m="37963" /><F131/><W49/><G40/><T3/><D3/><N who="1" m="223" /><E19/><V57/><F57/><N who="3" m="33007" /><G70/><T51/><D90/><U124/><E124/><V102/><F116/><W130/><G130/><T65/><D65/><U59/><E59/><V28/><F28/><W46/><G46/><N who="0" m="27767" /><D53/><U85/><E85/><N who="2" m="48263" /><F98/><N who="3" m="57711" /><G39/><T88/><D33/><U83/><E38/><V135/><F135/><W107/><G36/><T15/><D34/><U14/><E54/><V18/><F18/><W77/><G66/><T119/><D119/><U50/><E56/><V101/><F101/><W118/><G118/><T104/><D0/><U117/><E117/><V129/><F129/><W31/><G107/><T127/><D104/><U120/><E42/><V62/><F62/><W67/><G67/><T81/><D127/><U109/><E50/><V123/><F123/><W10/><G10/><T17/><D17/><U20/><E48/><V69/><F69/><W110/><G31/><T30/><D30/><U73/><E120/><V133/><F133/><W60/><G60/><T25/><D25/><U24/><E24/><V43/><F43/><W122/><G122/><T2/><D2/><U58/><E26/><V132/><F132/><W7/><G29/><T61/><D61/><U12/><E58/><V8/><F8/><W63/><G63/><RYUUKYOKU ba="0,0" sc="250,15,250,-15,250,15,250,-15" hai0="4,11,15,72,79,81,82,88,108,111" hai2="78,87,100,102" /><INIT seed="0,1,0,1,1,27" ten="265,235,265,235" oya="0" hai0="110,88,122,49,103,58,106,130,123,119,118,71,28" hai1="50,94,11,100,82,56,15,85,13,117,36,83,40" hai2="46,75,2,78,113,97,48,23,38,131,87,92,73" hai3="3,10,102,121,115,32,124,108,43,8,116,74,34"/><T101/><D71/><U60/><E117/><N who="0" m="44553" /><D49/><U86/><E36/><V96/><F2/><W120/><G43/><T1/><D58/><U72/><E72/><V129/><F38/><W109/><G74/><T54/><D54/><U42/><E94/><V31/><F75/><W35/><G102/><N who="0" m="38923" /><D28/><U126/><E100/><V6/><F73/><W61/><G61/><T98/><D1/><U132/><E126/><V5/><F113/><W39/><G39/><T81/><D106/><U17/><E50/><V112/><F112/><W63/><G63/><T33/><D33/><U22/><E132/><V79/><F6/><N who="3" m="1119" /><G115/><T84/><D130/><N who="2" m="49674" /><F5/><W21/><G116/><T25/><D25/><U64/><E13/><V76/><F92/><W135/><G135/><T125/><D125/><U0/><E11/><V26/><F87/><W68/><G68/><T91/><D110/><N who="3" m="42601" /><G124/><T55/><D55/><AGARI ba="1,0" hai="23,26,31,46,48,55,76,78,79,96,97" m="49674" machi="55" ten="30,2000,0" yaku="19,1,52,1" doraHai="27" who="2" fromWho="0" sc="265,-23,235,0,265,23,235,0" /><INIT seed="1,0,0,3,3,101" ten="242,235,288,235" oya="1" hai0="85,114,18,5,57,130,98,55,90,37,76,104,60" hai1="100,48,112,33,134,107,51,83,10,2,20,58,43" hai2="125,128,129,78,36,7,133,29,35,49,54,135,111" hai3="59,87,70,79,94,64,23,117,86,131,68,28,63"/><U105/><E33/><V88/><F36/><W108/><G108/><T93/><D114/><U92/><E112/><V4/><F111/><W26/><G131/><N who="2" m="50249" /><F78/><W61/><G117/><T96/><D37/><U127/><E83/><V31/><F88/><W81/><G63/><T115/><D115/><U119/><E119/><V19/><F19/><W12/><G12/><T124/><D124/><U113/><E113/><V123/><F123/><W84/><REACH who="3" step="1"/><G94/><REACH who="3" ten="242,235,288,225" step="2"/><T41/><D93/><U53/><E127/><V118/><F125/><W8/><G8/><T82/><D60/><U50/><E134/><N who="2" m="51211" /><F118/><W103/><G103/><T126/><D126/><U91/><E100/><V44/><F35/><W16/><G16/><T72/><D18/><U6/><E20/><V67/><F67/><W110/><G110/><T38/><D130/><U89/><E89/><V15/><F15/><W75/><AGARI ba="0,1" hai="23,26,28,59,61,64,68,70,75,79,81,84,86,87" machi="75" ten="30,2000,0" yaku="1,1,0,1,53,0" doraHai="101" doraHaiUra="97" who="3" fromWho="3" sc="242,-5,235,-10,288,-5,225,30" /><INIT seed="2,0,0,5,1,37" ten="237,225,283,255" oya="2" hai0="77,4,63,86,50,0,101,56,71,9,112,6,7" hai1="49,65,121,79,41,46,60,98,66,67,128,44,93" hai2="42,126,53,29,30,73,135,96,26,97,34,32,48" hai3="61,88,107,10,118,43,125,24,106,134,127,117,47"/><V11/><F126/><N who="3" m="48139" /><G24/><T23/><D112/><U91/><E128/><V64/><F135/><W89/><G61/><T45/><D71/><U113/><E113/><V116/><F73/><W25/><G25/><T68/><D68/><U20/><E121/><V62/><F116/><N who="3" m="44651" /><G10/><T31/><D101/><U81/><E20/><V58/><F11/><W90/><G134/><T72/><D72/><U119/><E119/><V115/><F115/><W95/><G95/><T131/><D131/><U36/><E44/><V76/><F76/><W17/><G17/><T39/><D39/><AGARI ba="0,0" hai="39,43,47,88,89,90,106,107" m="44651,48139" machi="39" ten="40,5200,0" yaku="18,1,52,1,54,1" doraHai="37" who="3" fromWho="0" sc="237,-52,225,0,283,0,255,52" /><INIT seed="3,0,0,4,5,20" ten="185,225,283,307" oya="3" hai0="44,2,74,110,14,30,17,41,89,64,79,38,97" hai1="0,60,131,72,49,12,103,23,34,99,1,84,52" hai2="47,61,105,33,126,13,82,135,95,25,88,39,56" hai3="57,96,37,45,124,42,109,66,9,76,59,75,118"/><W40/><G118/><T48/><D2/><U107/><E72/><V21/><F105/><W132/><G132/><T92/><D110/><U78/><E34/><V111/><F111/><W18/><G109/><T8/><D64/><U130/><E60/><V51/><F39/><W5/><G18/><T3/><D3/><U63/><E63/><V125/><F135/><W32/><G32/><T6/><D30/><U114/><E114/><V53/><F13/><W115/><G115/><T55/><D74/><U7/><E78/><V134/><F82/><N who="3" m="45343" /><G42/><T122/><D79/><U101/><E101/><V90/><F33/><W106/><G66/><T93/><D122/><U94/><E0/><V128/><F128/><W85/><G85/><T24/><D93/><U46/><E1/><V58/><F58/><W4/><G59/><T26/><REACH who="0" step="1"/><D6/><REACH who="0" ten="175,225,283,307" step="2"/><U68/><E7/><V62/><F134/><W129/><G4/><T35/><D35/><U87/><E68/><V73/><F73/><W112/><G5/><T133/><D133/><U91/><REACH who="1" step="1"/><E84/><REACH who="1" ten="175,215,283,307" step="2"/><V121/><F121/><W43/><G112/><T67/><D67/><U22/><E22/><V27/><F21/><W50/><G9/><T123/><D123/><U11/><E11/><V100/><F126/><W36/><G124/><T29/><D29/><U98/><E98/><V70/><F125/><W10/><G10/><T80/><D80/><U83/><E83/><V81/><F81/><W108/><G108/><T104/><D104/><U31/><E31/><V15/><F70/><W120/><G106/><T54/><D54/><U116/><E116/><RYUUKYOKU ba="0,2" sc="175,15,215,15,283,-15,307,-15" hai0="8,14,17,24,26,38,41,44,48,55,89,92,97" hai1="12,23,46,49,52,87,91,94,99,103,107,130,131" /><INIT seed="4,1,2,5,2,39" ten="190,230,268,292" oya="0" hai0="128,64,129,75,17,114,32,134,3,97,5,50,100" hai1="94,16,106,88,98,89,63,133,66,41,13,18,126" hai2="80,14,71,69,59,96,29,113,19,36,10,48,90" hai3="55,103,44,77,49,101,21,2,30,1,54,12,43"/><T123/><D123/><U26/><E126/><V45/><F113/><W24/><G77/><T130/><D114/><U35/><E133/><V86/><F29/><W131/><G131/><T124/><D124/><U122/><E122/><V23/><F36/><W109/><G109/><T46/><D134/><U116/><E116/><V28/><F59/><W40/><G55/><T20/><D75/><U84/><E41/><N who="3" m="15946" /><G1/><T104/><D32/><U107/><E26/><N who="2" m="16479" /><F96/><W62/><G2/><T72/><D72/><U68/><E35/><V47/><F47/><W11/><G62/><T0/><D64/><U61/><E61/><V112/><F112/><W85/><G85/><T67/><D67/><U110/><E110/><V15/><F15/><W115/><G115/><T99/><D99/><U65/><E65/><V56/><F56/><W4/><AGARI ba="1,2" hai="4,11,12,21,24,30,44,49,54,101,103" m="15946" machi="4" ten="30,7900,0" yaku="8,1,52,3" doraHai="39" who="3" fromWho="3" sc="190,-40,230,-21,268,-21,292,102" /><INIT seed="5,0,0,2,5,72" ten="150,209,247,394" oya="1" hai0="126,85,29,7,130,134,96,111,8,20,39,124,38" hai1="67,34,101,48,12,2,55,75,70,123,97,76,61" hai2="100,59,33,78,128,113,9,83,31,133,127,74,60" hai3="110,91,46,26,28,99,119,1,53,44,10,41,121"/><U89/><E2/><V106/><F127/><N who="0" m="48682" /><D111/><U43/><E123/><V21/><F128/><W94/><G110/><T0/><D130/><U22/><E34/><V86/><F133/><W17/><G121/><T23/><D134/><U69/><E69/><V135/><F135/><W108/><G108/><T5/><D5/><U98/><E43/><V90/><F113/><W77/><G77/><T18/><D29/><U16/><E89/><V118/><F118/><W95/><G119/><T131/><D131/><U109/><E109/><V13/><F33/><W47/><G53/><T27/><D23/><U19/><E101/><V117/><F117/><W25/><G95/><T125/><N who="0" m="48690" /><T129/><DORA hai="105" /><D129/><U73/><E73/><V6/><F100/><W92/><G1/><T3/><D3/><U66/><E66/><V81/><F106/><W116/><G116/><T104/><D85/><U35/><E35/><V79/><F90/><N who="3" m="55703" /><G28/><T65/><D65/><U58/><REACH who="1" step="1"/><E19/><REACH who="1" ten="150,199,247,394" step="2"/><V84/><F74/><W37/><G41/><T64/><D64/><U88/><E88/><V114/><F114/><W49/><G17/><T71/><D71/><U11/><E11/><V115/><F115/><W63/><G10/><T68/><D68/><U120/><E120/><V93/><F9/><W52/><G91/><T80/><D80/><AGARI ba="0,1" hai="12,16,22,48,55,58,61,67,70,75,76,80,97,98" machi="80" ten="40,12000,1" yaku="1,1,52,2,54,1,53,1" doraHai="72,105" doraHaiUra="45,102" who="1" fromWho="0" sc="150,-120,199,130,247,0,394,0" /><INIT seed="5,1,0,4,3,109" ten="30,329,247,394" oya="1" hai0="61,57,132,117,2,52,90,58,92,85,22,71,39" hai1="11,15,9,95,13,10,99,112,135,82,123,74,84" hai2="119,118,80,124,100,7,18,42,27,64,56,77,38" hai3="93,107,29,3,5,23,86,104,79,121,98,59,103"/><U43/><E123/><V116/><F124/><W75/><G121/><T83/><D117/><U50/><E135/><V32/><F100/><W128/><G5/><T35/><D35/><U16/><E74/><V21/><F32/><W111/><G3/><T6/><D39/><U24/><E112/><V87/><F7/><W4/><G4/><T44/><D71/><U96/><E43/><V108/><F108/><W106/><G111/><T28/><D132/><U55/><E24/><V81/><F81/><N who="3" m="45311" /><G59/><T76/><D44/><N who="1" m="28103" /><E95/><V120/><F120/><W97/><G23/><T46/><D46/><U101/><E101/><V89/><F77/><W110/><G29/><T14/><D2/><U30/><E30/><V131/><F131/><W134/><G134/><T51/><D28/><U31/><E31/><V63/><REACH who="2" step="1"/><F38/><REACH who="2" ten="30,329,237,394" step="2"/><W69/><G110/><T45/><D6/><N who="1" m="3255" /><E10/><V125/><F125/><W47/><G128/><T33/><D33/><U78/><AGARI ba="1,1" hai="11,15,16,78,82,84,96,99" m="3255,28103" machi="78" ten="30,3000,0" yaku="8,1,54,1" doraHai="109" who="1" fromWho="1" sc="30,-11,329,43,237,-11,394,-11" /><INIT seed="5,2,0,3,5,42" ten="19,372,226,383" oya="1" hai0="21,9,11,39,64,49,32,110,87,52,121,23,128" hai1="84,107,47,103,111,133,92,70,95,2,22,67,18" hai2="68,85,109,127,41,65,69,58,19,35,123,17,125" hai3="80,77,126,26,93,114,72,8,60,0,28,5,45"/><U59/><E70/><V38/><F35/><W66/><G114/><T44/><D32/><U51/><E2/><V120/><F109/><W33/><G93/><T108/><D128/><U12/><E133/><V104/><F104/><W134/><G134/><T115/><D115/><U75/><E75/><V27/><F58/><W46/><REACH who="3" step="1"/><G126/><REACH who="3" ten="19,372,226,373" step="2"/><N who="2" m="48137" /><F123/><W10/><G10/><N who="0" m="3595" /><D121/><U98/><E111/><V36/><F120/><W83/><G83/><T40/><D110/><U132/><E132/><V73/><F73/><W71/><AGARI ba="2,1" hai="0,5,8,26,28,33,45,46,60,66,71,72,77,80" machi="71" ten="20,12000,2" yaku="1,1,0,1,7,1,52,2,53,1" doraHai="42" doraHaiUra="79" who="3" fromWho="3" sc="19,-32,372,-62,226,-32,373,136" owari="-13,-51.3,310,11.0,194,-20.6,509,60.9" /></mjloggm>