<mjloggm ver="2.3"><GO type="169" lobby="0"/><UN n0="%E3%81%97%E3%82%87%E3%81%BC%E3%82%93%EF%BD%8E" n1="%72%65%2E" n2="%E8%B5%A4%E7%BE%8E%E6%BF%83%E3%81%BE%E3%81%90%E3%82%8D" n3="%E5%A4%A7%E5%9E%8B%E7%8A%AC" dan="17,16,17,16" rate="2266.99,2065.81,2199.77,2117.54" sx="M,M,M,M"/><TAIKYOKU oya="0"/><INIT seed="0,0,0,4,2,67" ten="250,250,250,250" oya="0" hai0="82,59,62,95,114,2,107,66,124,19,77,14,15" hai1="81,42,94,28,9,106,76,90,27,109,50,49,121" hai2="99,102,30,60,93,61,131,87,79,122,111,52,117" hai3="113,16,110,51,104,101,10,108,4,34,20,1,44"/><T69/><D114/><U29/><E121/><V119/><F122/><W120/><G113/><T24/><D107/><U31/><E109/><N who="3" m="42090" /><G34/><T25/><D2/><U78/><E106/><V39/><F39/><W64/><G64/><T80/><D124/><U130/><E130/><V132/><F111/><W84/><G84/><T40/><D40/><U57/><E27/><V71/><F131/><W123/><G101/><T54/><D95/><U133/><E133/><V86/><F132/><W98/><G98/><T100/><D14/><U74/><E76/><V85/><F79/><W23/><G23/><T75/><D82/><U53/><E9/><V126/><F126/><W83/><G83/><T3/><D3/><U96/><REACH who="1" step="1"/><E42/><REACH who="1" ten="250,240,250,250" step="2"/><V72/><F119/><W45/><G104/><T41/><D41/><U12/><E12/><V48/><F117/><W125/><G125/><T91/><D100/><U135/><E135/><V8/><F8/><W68/><G123/><T88/><D24/><U127/><E127/><V5/><F30/><W89/><G120/><T63/><REACH who="0" step="1"/><D25/><REACH who="0" ten="240,240,250,250" step="2"/><U58/><E58/><V46/><F102/><W21/><G1/><T73/><D73/><U118/><E118/><V22/><F72/><W26/><G26/><T70/><D70/><U36/><E36/><V37/><F71/><W7/><G68/><T105/><D105/><U115/><E115/><V17/><F37/><W92/><G10/><AGARI ba="0,2" hai="10,15,19,54,59,62,63,66,69,75,77,80,88,91" machi="10" ten="30,12000,1" yaku="1,1,7,1,52,1,54,1,53,1" doraHai="67" doraHaiUra="6" who="0" fromWho="3" sc="240,140,240,0,250,0,250,-120" /><INIT seed="0,1,0,2,3,90" ten="380,240,250,130" oya="0" hai0="85,96,21,47,98,76,121,131,40,12,125,87,70" hai1="15,128,62,10,92,43,66,127,79,59,129,93,65" hai2="118,36,103,41,72,77,83,63,16,74,115,105,1" hai3="34,112,39,18,109,81,49,61,17,35,4,26,78"/><T91/><D121/><U23/><E127/><V101/><F115/><W71/><G39/><T64/><D125/><U31/><E43/><V11/><F118/><W53/><G112/><T135/><D131/><N who="1" m="50251" /><E79/><V19/><F63/><W82/><G4/><T117/><D135/><U133/><E133/><V122/><F74/><W27/><G109/><T2/><D2/><U100/><E100/><N who="2" m="38475" /><F105/><W55/><G61/><T130/><D64/><U95/><E65/><V13/><F13/><W86/><G86/><T99/><D70/><U45/><E45/><N who="2" m="23719" /><F122/><W116/><G49/><N who="0" m="26855" /><D117/><U29/><E23/><V48/><F48/><W126/><G116/><T7/><D130/><U54/><E66/><V111/><F111/><W67/><G67/><T106/><D106/><U9/><E9/><V94/><F94/><W25/><G126/><T3/><D3/><U0/><E0/><V46/><F46/><W102/><G71/><T113/><D113/><U97/><E97/><V14/><F14/><W8/><G27/><T80/><D21/><U84/><E84/><V30/><F30/><W33/><G33/><T22/><D22/><U114/><E114/><V52/><F52/><W120/><G120/><T28/><D28/><U108/><E108/><V119/><F119/><W107/><G107/><T75/><D75/><U104/><E104/><V68/><F68/><W44/><G44/><T50/><D50/><U20/><E20/><V37/><F37/><W57/><G35/><T110/><D110/><U6/><AGARI ba="1,0" hai="6,10,15,29,31,54,59,62,92,93,95" m="50251" machi="6" ten="30,7900,0" yaku="19,1,52,3" doraHai="90" who="1" fromWho="1" sc="380,-40,240,82,250,-21,130,-21" /><INIT seed="1,0,0,2,3,5" ten="340,322,229,109" oya="1" hai0="80,48,32,102,36,65,78,108,116,17,114,63,29" hai1="100,81,27,99,50,91,98,71,44,74,59,128,2" hai2="103,112,68,14,61,120,134,12,90,28,46,0,60" hai3="13,34,130,40,4,10,62,132,18,127,117,94,38"/><U115/><E115/><V83/><F0/><W70/><G127/><T67/><D36/><U126/><E71/><V54/><F120/><W58/><G70/><T52/><D116/><U79/><E126/><V69/><F103/><W39/><G117/><T57/><D114/><U123/><E123/><V11/><F28/><W24/><G130/><T122/><D122/><U45/><E128/><V1/><F1/><W26/><G132/><T66/><D102/><U82/><E2/><V124/><F112/><W16/><G39/><T41/><D108/><U84/><E27/><V125/><F134/><W43/><G38/><T105/><D105/><U133/><E133/><V131/><F131/><W104/><G104/><T30/><D17/><N who="3" m="6761" /><G34/><T53/><D41/><N who="3" m="15945" /><G94/><T37/><D37/><U111/><E111/><V101/><F101/><W129/><G129/><T8/><D32/><U119/><E119/><V76/><F125/><W21/><G21/><T75/><D29/><U73/><E74/><V85/><F124/><W35/><G35/><T88/><D30/><U95/><E98/><V19/><F69/><W77/><G77/><T55/><D78/><U64/><REACH who="1" step="1"/><E50/><REACH who="1" ten="340,312,229,109" step="2"/><N who="2" m="29015" /><F68/><W92/><G92/><T23/><D75/><U9/><E9/><N who="2" m="6543" /><F76/><W118/><G118/><T6/><D8/><U110/><E110/><V31/><F31/><W107/><G107/><T33/><D48/><U47/><E47/><V25/><F25/><W89/><G89/><T87/><D88/><U109/><E109/><V96/><F96/><W86/><G86/><T113/><D87/><U106/><E106/><V22/><F11/><RYUUKYOKU ba="0,1" sc="340,-30,312,10,229,10,109,10" hai1="44,45,59,64,73,79,81,82,84,91,95,99,100" hai2="14,22,60,61,83,85,90" hai3="4,10,13,24,26,58,62" /><INIT seed="1,1,1,3,3,103" ten="310,322,239,119" oya="1" hai0="104,16,7,123,31,115,120,57,49,128,27,66,61" hai1="46,130,95,60,3,19,18,6,20,93,105,0,126" hai2="63,122,68,117,125,65,124,37,133,10,91,47,88" hai3="43,70,56,73,118,116,69,71,97,24,13,78,52"/><U129/><E126/><N who="2" m="48747" /><F117/><N who="3" m="45163" /><G43/><T67/><D115/><U82/><E82/><V79/><F122/><N who="0" m="46634" /><D128/><U108/><E108/><V11/><F79/><W53/><G24/><T22/><D104/><U92/><E46/><V14/><F133/><W9/><G97/><T48/><D7/><U86/><E86/><V134/><F134/><W94/><G94/><T17/><D67/><U54/><E105/><V87/><F14/><W15/><G56/><T80/><D80/><U90/><E90/><N who="2" m="34347" /><F87/><W45/><G45/><T64/><D64/><U36/><E129/><V44/><F44/><W83/><G15/><T107/><D107/><U34/><E130/><V84/><F84/><W106/><G106/><T55/><D48/><U132/><E132/><V4/><F4/><AGARI ba="1,1" hai="4,9,13,52,53,69,70,71,73,78,83" m="45163" machi="4" ten="40,2600,0" yaku="12,1,54,1" doraHai="103" who="3" fromWho="2" sc="310,0,322,0,239,-29,119,39" /><INIT seed="2,0,0,2,2,102" ten="310,322,210,158" oya="2" hai0="7,114,115,117,109,24,116,128,94,49,129,85,1" hai1="40,9,107,81,75,76,47,13,105,126,26,113,88" hai2="11,52,51,48,50,70,67,43,37,98,72,53,93" hai3="30,2,5,12,29,4,17,65,56,45,8,58,103"/><V74/><F37/><W31/><G103/><T57/><D85/><U25/><E113/><N who="0" m="43017" /><D94/><U89/><E126/><V123/><F43/><W20/><G45/><T42/><D24/><U39/><E25/><V78/><F123/><W36/><G36/><T23/><D23/><U15/><E26/><V80/><F74/><W134/><G56/><T38/><D7/><N who="3" m="2633" /><G58/><T3/><D3/><U104/><REACH who="1" step="1"/><E15/><REACH who="1" ten="310,312,210,158" step="2"/><V121/><F121/><W135/><G2/><T133/><D1/><U118/><E118/><V59/><F11/><W83/><G135/><T61/><D133/><U82/><E82/><V97/><F70/><W62/><G83/><T10/><D10/><U125/><E125/><V32/><F32/><W92/><G134/><T108/><D117/><U100/><E100/><V46/><F80/><W130/><G8/><T33/><D33/><U66/><E66/><V63/><F67/><W35/><G35/><T96/><D116/><U112/><E112/><V69/><F69/><W122/><G122/><T119/><D119/><U71/><E71/><V55/><F72/><W101/><G101/><T77/><D129/><U27/><E27/><V124/><F124/><W6/><G130/><T64/><D128/><U91/><E91/><V106/><F78/><W132/><G132/><T73/><D77/><U54/><E54/><V14/><F14/><W87/><G12/><T127/><D127/><U19/><AGARI ba="0,1" hai="9,13,19,39,40,47,75,76,81,88,89,104,105,107" machi="19" ten="30,16000,3" yaku="1,1,0,1,52,3,54,1,53,2" doraHai="102" doraHaiUra="86" who="1" fromWho="1" sc="310,-40,312,170,210,-80,158,-40" /><INIT seed="3,0,0,3,0,80" ten="270,482,130,118" oya="3" hai0="24,112,122,58,111,114,124,53,87,133,21,128,127" hai1="94,91,54,97,102,59,23,20,104,52,30,71,64" hai2="46,11,99,84,131,96,3,56,50,66,9,121,65" hai3="1,5,134,37,41,29,68,40,17,25,42,113,22"/><W31/><G113/><N who="0" m="43627" /><D122/><U86/><E71/><V69/><F69/><W105/><G105/><T70/><D70/><U117/><E117/><V82/><F131/><W63/><G37/><T47/><D111/><U35/><E35/><V116/><F116/><W103/><G134/><T19/><D128/><U18/><E30/><V62/><F66/><W8/><REACH who="3" step="1"/><G103/><REACH who="3" ten="270,482,130,108" step="2"/><T120/><D133/><U74/><E104/><V36/><F36/><W49/><G49/><N who="0" m="31023" /><D120/><U98/><E102/><V115/><F121/><W107/><G107/><T100/><D100/><U28/><E97/><V109/><F99/><W106/><G106/><T88/><D47/><U130/><E98/><V129/><F96/><W110/><G110/><T60/><D60/><U79/><E130/><V61/><F61/><W26/><G26/><T43/><D43/><U39/><E39/><V48/><F129/><W85/><G85/><T81/><AGARI ba="0,1" hai="19,21,24,81,87,88,124,127" m="31023,43627" machi="81" ten="30,4000,0" yaku="11,1,52,1,54,1" doraHai="80" who="0" fromWho="0" sc="270,50,482,-10,130,-10,108,-20" /><INIT seed="4,0,0,1,3,81" ten="320,472,120,88" oya="0" hai0="43,129,32,133,104,109,79,94,27,19,85,38,46" hai1="57,16,88,47,112,110,1,72,0,93,97,115,41" hai2="25,11,60,31,106,128,80,18,107,3,90,8,108" hai3="12,7,51,21,134,62,42,29,52,78,126,64,68"/><T84/><D104/><U89/><E110/><V100/><F108/><W77/><G134/><T67/><D109/><U10/><E72/><V91/><F128/><W61/><G126/><T71/><D133/><U74/><E74/><V92/><F100/><W2/><G2/><T50/><D129/><U132/><E132/><V53/><F80/><W95/><G42/><T65/><D79/><U66/><E89/><V98/><F91/><W33/><G33/><T44/><D94/><U121/><E121/><V23/><F31/><W102/><G62/><T39/><D32/><U69/><E69/><V37/><F37/><W105/><G105/><N who="2" m="39945" /><F3/><W26/><G7/><T103/><D103/><U119/><E119/><V116/><F116/><W9/><G102/><T86/><D71/><U70/><E70/><V56/><AGARI ba="0,0" hai="8,11,18,23,25,53,56,60,90,92,98" m="39945" machi="56" ten="30,1100,0" yaku="25,1" doraHai="81" who="2" fromWho="2" sc="320,-5,472,-3,120,11,88,-3" /><INIT seed="5,0,0,1,3,110" ten="315,469,131,85" oya="1" hai0="8,84,97,76,56,100,69,2,7,22,68,57,122" hai1="58,1,111,102,20,37,130,78,112,82,134,71,70" hai2="17,43,73,117,32,60,101,23,77,53,51,83,59" hai3="11,116,92,131,99,28,129,72,107,13,29,127,98"/><U18/><E37/><V48/><F32/><W14/><G72/><T120/><D22/><U26/><E1/><V104/><F117/><W96/><G116/><T79/><D57/><U106/><E130/><V87/><F73/><W66/><G127/><T5/><D56/><U125/><E134/><V24/><F104/><W80/><G80/><N who="0" m="47111" /><D7/><U114/><E111/><V44/><REACH who="2" step="1"/><F101/><REACH who="2" ten="315,469,121,85" step="2"/><W12/><G107/><T4/><D100/><U81/><E125/><V108/><F108/><W126/><G126/><T67/><D122/><U39/><E106/><V33/><F33/><W47/><G131/><T19/><D120/><U90/><E102/><V10/><F10/><W74/><G74/><T63/><D8/><U52/><E20/><V55/><F55/><W25/><G129/><T62/><D2/><U128/><E52/><V49/><AGARI ba="0,1" hai="17,23,24,43,44,48,49,51,53,59,60,77,83,87" machi="49" ten="20,5200,0" yaku="1,1,0,1,7,1,8,1,53,0" doraHai="110" doraHaiUra="109" who="2" fromWho="2" sc="315,-13,469,-26,121,62,85,-13" /><INIT seed="6,0,0,3,0,36" ten="302,443,183,72" oya="2" hai0="47,70,116,40,23,74,118,24,79,45,31,35,121" hai1="98,126,64,69,37,89,76,65,39,34,22,67,59" hai2="41,88,85,13,66,129,16,97,0,114,8,115,57" hai3="1,29,95,87,123,11,72,104,19,14,122,124,75"/><V6/><F97/><W48/><G104/><T125/><D121/><U86/><E34/><V26/><F66/><W100/><G124/><T60/><D125/><U32/><E32/><V84/><F84/><W94/><G1/><T127/><D127/><U73/><E69/><V131/><F57/><W103/><G29/><T120/><D120/><U44/><E126/><V52/><F52/><W82/><G122/><T68/><D23/><U132/><E132/><V21/><F41/><W78/><G123/><T112/><D112/><N who="2" m="43050" /><F0/><W83/><G75/><T28/><D47/><U55/><E73/><V18/><F18/><W3/><G3/><T99/><D99/><U12/><E76/><V20/><F21/><W15/><G15/><T43/><D43/><U102/><E44/><V108/><F108/><W107/><G107/><T42/><D42/><U5/><E37/><V38/><F38/><W33/><G33/><N who="0" m="20615" /><D79/><U2/><E39/><V106/><F106/><W62/><G62/><T133/><D74/><U111/><E2/><V7/><F7/><W101/><REACH who="3" step="1"/><G48/><REACH who="3" ten="302,443,183,62" step="2"/><T113/><D60/><U17/><E111/><V90/><F85/><W96/><G96/><T91/><D113/><U4/><E98/><V56/><F13/><W77/><AGARI ba="0,1" hai="11,14,19,72,77,78,82,83,87,94,95,100,101,103" machi="77" ten="30,2000,0" yaku="1,1,0,1,53,0" doraHai="36" doraHaiUra="134" who="3" fromWho="3" sc="302,-5,443,-5,183,-10,62,30" /><INIT seed="7,0,0,3,4,32" ten="297,438,173,92" oya="3" hai0="6,9,88,135,101,39,51,110,79,33,43,126,133" hai1="89,112,99,16,70,30,96,12,128,125,123,117,42" hai2="41,0,64,82,69,85,18,129,118,66,109,10,54" hai3="103,53,40,134,80,27,29,71,61,124,13,44,31"/><W78/><G124/><T65/><D110/><U95/><E123/><V25/><F118/><W122/><G134/><T36/><D33/><U59/><E70/><V55/><F109/><W8/><G122/><T5/><D101/><U22/><E112/><V83/><F129/><W2/><G103/><T132/><D126/><U77/><E128/><V97/><F41/><W130/><G130/><T76/><D65/><N who="2" m="25194" /><F0/><W34/><G31/><T21/><D21/><U17/><E77/><N who="0" m="29769" /><D88/><U105/><E30/><V4/><F69/><W127/><G127/><T50/><D5/><U87/><E117/><V20/><F97/><W7/><G71/><T100/><D100/><U86/><E59/><V84/><F10/><W49/><G61/><T58/><D58/><U119/><E17/><V48/><F4/><W26/><G26/><T91/><D91/><U111/><E95/><V104/><F104/><W81/><G53/><N who="2" m="19977" /><F48/><N who="0" m="18474" /><D43/><U107/><E22/><V98/><F98/><W14/><REACH who="3" step="1"/><G81/><AGARI ba="0,0" hai="18,20,25,81,82,83,84,85" m="19977,25194" machi="81" ten="30,1000,0" yaku="8,1" doraHai="32" who="2" fromWho="3" sc="297,0,438,0,173,10,92,-10" owari="297,9.7,438,53.8,183,-21.7,82,-41.8" /></mjloggm>