<mjloggm ver="2.3"><GO type="169" lobby="0"/><UN n0="%E7%8C%AA%E7%8B%A9%E5%AE%88" n1="%E3%82%A2%E3%83%A9%E3%82%B5%E3%83%BC%E3%81%A0%E3%82%88%21%21" n2="%6C%6E%61%69" n3="%E3%83%AA%E3%83%BC%E3%83%81%31%32%31%38" dan="17,18,16,16" rate="2191.44,2219.68,2026.48,2019.01" sx="M,F,M,M"/><TAIKYOKU oya="0"/><INIT seed="0,0,0,2,2,78" ten="250,250,250,250" oya="0" hai0="59,44,116,23,62,74,101,84,65,32,49,117,1" hai1="36,91,61,5,7,53,39,75,90,99,17,48,86" hai2="122,68,112,64,135,55,13,130,41,126,57,8,22" hai3="12,109,100,83,129,81,114,85,24,16,80,2,37"/><T27/><D74/><U38/><E75/><V76/><F122/><W73/><G114/><T108/><D1/><U95/><E17/><V50/><F112/><W51/><G37/><T132/><D132/><U34/><E34/><V47/><F135/><W43/><G2/><T133/><D32/><U71/><E61/><V104/><F104/><W134/><G134/><T107/><D133/><U52/><E71/><V40/><F126/><W25/><G73/><T30/><D108/><U70/><E70/><V94/><F22/><N who="3" m="11527" /><G109/><T102/><D84/><U111/><E111/><V87/><F68/><W46/><G129/><T4/><D4/><U97/><E53/><V18/><F130/><W119/><G119/><T124/><D124/><U128/><E128/><V77/><F77/><N who="3" m="46223" /><G100/><T125/><D125/><U88/><E97/><V105/><F105/><W96/><G96/><T106/><D106/><U131/><E131/><V103/><F103/><W19/><G19/><T20/><D102/><U6/><REACH who="1" step="1"/><E99/><REACH who="1" ten="250,240,250,250" step="2"/><V120/><F120/><W63/><G63/><T9/><D107/><U11/><E11/><V92/><F8/><W82/><AGARI ba="0,1" hai="24,25,43,46,51,81,82,83" m="46223,11527" machi="82" ten="30,12000,2" yaku="8,1,52,4,54,1" doraHai="78" who="3" fromWho="3" sc="250,-60,240,-30,250,-30,250,130" /><INIT seed="1,0,0,4,3,41" ten="190,210,220,380" oya="1" hai0="5,75,16,4,12,63,102,68,37,48,113,112,99" hai1="40,107,128,124,77,56,10,133,93,82,103,34,97" hai2="26,101,126,111,66,39,108,117,129,8,57,86,6" hai3="55,44,92,87,123,24,135,94,89,29,47,33,52"/><U62/><E133/><V132/><F117/><W11/><G135/><T3/><D37/><U115/><E128/><V51/><F39/><W91/><G123/><T106/><D75/><U70/><E115/><V73/><F73/><W109/><G109/><T58/><D3/><U46/><E70/><V119/><F119/><W0/><G0/><T65/><D68/><U21/><E124/><V18/><F132/><W7/><G11/><T114/><REACH who="0" step="1"/><D48/><REACH who="0" ten="180,210,220,380" step="2"/><U64/><E34/><V81/><F51/><W60/><G7/><T71/><D71/><U131/><E131/><V116/><F129/><W49/><G60/><T1/><D1/><U85/><E10/><AGARI ba="0,1" hai="4,5,10,12,16,58,63,65,99,102,106,112,113,114" machi="10" ten="40,2600,0" yaku="1,1,54,1,53,0" doraHai="41" doraHaiUra="35" who="0" fromWho="1" sc="180,36,210,-26,220,0,380,0" /><INIT seed="2,0,0,1,0,73" ten="216,184,220,380" oya="2" hai0="125,55,99,91,38,86,122,134,104,7,80,113,51" hai1="67,49,127,47,79,28,12,108,17,21,133,118,87" hai2="66,37,36,82,76,93,13,30,8,81,1,102,94" hai3="4,39,2,16,25,78,95,131,56,90,22,100,71"/><V18/><F1/><W103/><G71/><T101/><D38/><U63/><E108/><V42/><F66/><W129/><G39/><T128/><D128/><N who="3" m="49225" /><G2/><T111/><D125/><U72/><E127/><V83/><F30/><W68/><G68/><T23/><D134/><U20/><E133/><V74/><F37/><W29/><G4/><T69/><D69/><U75/><E118/><V123/><F123/><W119/><G119/><T112/><D111/><U135/><E135/><V27/><F27/><N who="3" m="14791" /><G78/><T117/><D122/><U33/><E33/><V35/><F35/><N who="3" m="20911" /><G56/><T120/><D7/><U98/><E79/><V45/><REACH who="2" step="1"/><F94/><REACH who="2" ten="216,184,210,380" step="2"/><W40/><G40/><T130/><D120/><U5/><E67/><V116/><F116/><W57/><G57/><T92/><D130/><U110/><E110/><V6/><F6/><W46/><G46/><T19/><D117/><U34/><E5/><V53/><F53/><W115/><G115/><T64/><D64/><U105/><E47/><V3/><F3/><W61/><G61/><T89/><D92/><U44/><E63/><V97/><AGARI ba="0,1" hai="8,13,18,36,42,45,74,76,81,82,83,93,97,102" machi="97" ten="30,6000,0" yaku="1,1,0,1,52,1,53,0" doraHai="73" doraHaiUra="32" who="2" fromWho="2" sc="216,-20,184,-20,210,70,380,-20" /><INIT seed="2,1,0,4,0,69" ten="196,164,280,360" oya="2" hai0="106,45,118,35,65,43,15,114,37,96,19,13,126" hai1="94,22,98,38,49,67,82,131,64,102,113,101,9" hai2="51,73,115,31,125,60,53,119,18,59,25,17,36" hai3="10,5,132,68,103,129,111,40,50,2,99,120,48"/><V33/><F115/><W72/><G120/><T91/><D114/><U54/><E113/><V128/><F119/><W95/><G111/><T70/><D126/><U108/><E108/><V57/><F73/><W44/><G129/><T63/><D118/><U112/><E112/><V107/><F107/><W122/><G122/><T121/><D121/><U74/><E131/><V41/><F128/><W7/><G68/><T24/><D91/><U6/><E102/><V12/><F125/><W133/><G72/><T62/><D19/><U21/><E38/><V81/><F81/><W32/><G32/><T90/><D90/><U47/><E74/><V11/><F36/><N who="3" m="21511" /><G7/><T29/><REACH who="0" step="1"/><D63/><REACH who="0" ten="186,164,280,360" step="2"/><U34/><E82/><V4/><REACH who="2" step="1"/><F41/><REACH who="2" ten="186,164,270,360" step="2"/><W100/><G133/><T123/><D123/><U76/><E94/><V23/><F23/><W83/><G132/><T1/><D1/><U110/><E21/><V80/><F80/><W109/><G83/><T46/><D46/><U77/><E22/><V58/><F58/><W61/><G2/><T93/><D93/><U42/><E42/><V86/><F86/><W75/><G95/><T0/><D0/><U124/><E124/><V26/><F26/><W79/><G75/><T8/><D8/><U71/><E9/><V66/><AGARI ba="1,2" hai="4,11,12,17,18,25,31,33,51,53,57,59,60,66" machi="66" ten="20,7800,0" yaku="1,1,0,1,7,1,53,1" doraHai="69" doraHaiUra="27" who="2" fromWho="2" sc="186,-27,164,-27,270,101,360,-27" /><INIT seed="2,2,0,1,0,103" ten="159,137,371,333" oya="2" hai0="106,133,4,34,105,21,100,29,117,18,69,58,118" hai1="128,114,42,135,107,33,68,127,82,87,111,43,91" hai2="13,123,30,10,130,53,19,113,96,108,72,110,104" hai3="54,51,14,41,49,32,37,119,79,61,57,75,24"/><V5/><F113/><W88/><G119/><N who="0" m="45579" /><D69/><U65/><E114/><V31/><F123/><W38/><G75/><T2/><D100/><U28/><E111/><N who="2" m="42539" /><F72/><W40/><G79/><T6/><D58/><U39/><E135/><V63/><F130/><W120/><G120/><T22/><D22/><U60/><E127/><V27/><F63/><W56/><G32/><T66/><D66/><U129/><E107/><N who="0" m="40969" /><D2/><U1/><E1/><V77/><F53/><W97/><G54/><T45/><D45/><U26/><REACH who="1" step="1"/><E39/><REACH who="1" ten="159,127,371,333" step="2"/><V112/><F112/><W98/><G38/><T44/><D133/><U55/><E55/><V116/><F116/><W52/><G37/><T122/><D122/><U15/><E15/><V0/><F13/><W94/><G14/><N who="0" m="9431" /><D44/><U78/><E78/><V121/><F77/><W83/><G52/><T12/><D12/><U85/><E85/><V64/><F121/><W134/><G134/><T109/><D109/><U16/><E16/><V62/><F0/><W74/><G74/><T81/><D81/><U76/><E76/><V89/><F19/><W8/><G83/><T115/><D115/><U50/><E50/><V102/><F104/><W132/><G51/><T131/><D131/><AGARI ba="2,1" hai="26,28,33,42,43,60,65,68,82,87,91,128,129,131" machi="131" ten="40,2600,0" yaku="1,1,19,1,53,0" doraHai="103" doraHaiUra="11" who="1" fromWho="0" sc="159,-32,127,42,371,0,333,0" /><INIT seed="3,0,0,3,4,13" ten="127,169,371,333" oya="3" hai0="93,129,98,88,123,37,67,65,51,82,33,114,45" hai1="77,84,131,66,25,41,125,106,100,36,121,31,9" hai2="38,79,27,55,8,85,20,112,54,17,70,59,89" hai3="11,95,58,7,2,96,94,16,26,119,60,74,62"/><W76/><G119/><T48/><D123/><U50/><E121/><V78/><F112/><W118/><G118/><T24/><D129/><U47/><E131/><V113/><F70/><W128/><G128/><T44/><D114/><U122/><E122/><V18/><F38/><W127/><G127/><T73/><D37/><U103/><E125/><V101/><F101/><W10/><G62/><T30/><D73/><U28/><E106/><V105/><F105/><W52/><G96/><T69/><D69/><U46/><E66/><V126/><F126/><W14/><REACH who="3" step="1"/><G26/><REACH who="3" ten="127,169,371,323" step="2"/><T61/><D61/><U0/><E25/><V12/><F113/><W116/><G116/><T107/><D107/><U92/><E103/><V49/><REACH who="2" step="1"/><F55/><REACH who="2" ten="127,169,361,323" step="2"/><W104/><G104/><T90/><D67/><U115/><E115/><V117/><F117/><W6/><G6/><T108/><D65/><U3/><E41/><V72/><F72/><W32/><G32/><T86/><REACH who="0" step="1"/><D108/><REACH who="0" ten="117,169,361,323" step="2"/><U83/><E100/><V40/><F40/><W39/><G39/><T102/><D102/><U35/><E35/><V63/><F63/><W53/><G53/><T134/><D134/><U132/><E132/><V99/><F99/><W56/><G56/><T64/><D64/><U111/><E111/><V87/><F87/><W15/><G15/><T130/><D130/><U124/><E84/><V75/><F75/><W71/><G71/><T133/><D133/><U22/><E124/><V120/><F120/><W4/><G4/><T19/><D19/><U135/><E135/><V29/><F29/><W34/><G34/><T110/><D110/><RYUUKYOKU ba="0,3" sc="117,10,169,-30,361,10,323,10" hai0="24,30,33,44,45,48,51,82,86,88,90,93,98" hai2="8,12,17,18,20,27,49,54,59,78,79,85,89" hai3="2,7,10,11,14,16,52,58,60,74,76,94,95" /><INIT seed="3,1,3,2,3,123" ten="127,139,371,333" oya="3" hai0="2,72,124,70,107,94,55,59,51,80,22,27,44" hai1="9,90,67,7,113,50,19,64,0,84,116,129,16" hai2="49,88,99,93,112,1,130,52,57,63,4,40,89" hai3="24,61,17,28,135,106,36,125,58,53,48,82,126"/><W34/><G36/><T47/><D107/><U115/><E129/><V54/><F112/><W31/><G106/><T132/><D70/><U32/><E32/><V117/><F117/><W105/><G105/><T95/><D2/><U33/><E33/><V134/><F130/><W97/><G135/><T46/><D132/><U8/><E116/><V120/><F134/><W73/><G97/><T119/><D119/><U79/><E79/><V26/><F120/><W65/><G31/><T41/><D124/><N who="3" m="47721" /><G17/><T75/><D80/><U122/><E122/><V100/><F40/><W71/><G82/><T12/><D12/><U45/><E115/><V66/><F54/><W77/><G77/><T127/><D127/><U104/><E104/><V10/><REACH who="2" step="1"/><F26/><REACH who="2" ten="127,139,361,333" step="2"/><W43/><G43/><T20/><D41/><U5/><E113/><V81/><F81/><W60/><G73/><T11/><D75/><U25/><E25/><V39/><F39/><W86/><G86/><T102/><D72/><U14/><E64/><V30/><F30/><W108/><G108/><T78/><D27/><U131/><E67/><V13/><F13/><W37/><G37/><T85/><D78/><U76/><E76/><V118/><F118/><W21/><G34/><T103/><D85/><U110/><E110/><V74/><F74/><W101/><G101/><T111/><D111/><U92/><E131/><V29/><F29/><W15/><G15/><T62/><D102/><U121/><E121/><V91/><F91/><W6/><G6/><T56/><D103/><U35/><E35/><V83/><F83/><W114/><G114/><RYUUKYOKU ba="1,4" sc="127,-30,139,10,361,10,333,10" hai1="0,5,7,8,9,14,16,19,45,50,84,90,92" hai2="1,4,10,49,52,57,63,66,88,89,93,99,100" hai3="21,24,28,48,53,58,60,61,65,71" /><INIT seed="3,2,4,0,5,117" ten="97,149,371,343" oya="3" hai0="83,18,7,49,36,76,33,57,79,89,93,22,28" hai1="105,20,123,37,122,3,45,60,41,124,92,120,26" hai2="81,125,16,1,112,101,42,100,134,86,34,128,62" hai3="110,15,126,121,29,21,102,71,17,6,85,119,40"/><W97/><G119/><T68/><D68/><U63/><E105/><V88/><F112/><W77/><G121/><T53/><D36/><U25/><E3/><V67/><F1/><W31/><G126/><T51/><D7/><U114/><E114/><V133/><F34/><W43/><G71/><T108/><D108/><U46/><E124/><V130/><F42/><N who="3" m="15915" /><G110/><T39/><D39/><U69/><E45/><V132/><F125/><W90/><G77/><N who="0" m="29771" /><D33/><U2/><E2/><V127/><F16/><W4/><G97/><N who="0" m="57519" /><D83/><U8/><E8/><V111/><F111/><W52/><G102/><N who="2" m="39529" /><F127/><W129/><G129/><T5/><D5/><N who="3" m="2153" /><G52/><T84/><D84/><U72/><E72/><V135/><N who="2" m="33792" /><DORA hai="24" /><V115/><F115/><W13/><G13/><N who="0" m="9551" /><D28/><U23/><E69/><AGARI ba="2,4" hai="62,67,69,81,86,88,128,130" m="33792,39529" machi="69" ten="60,3900,0" yaku="20,1,54,1" doraHai="117,24" who="2" fromWho="1" sc="97,0,149,-45,371,85,343,0" /><INIT seed="4,0,0,3,0,44" ten="97,104,456,343" oya="0" hai0="95,87,76,27,52,5,43,45,121,49,102,9,24" hai1="14,117,32,83,2,91,114,55,125,129,126,7,23" hai2="78,124,50,110,73,112,116,89,8,41,1,3,30" hai3="109,40,75,28,13,132,59,54,19,135,70,69,42"/><T61/><D121/><U57/><E117/><V36/><F110/><W38/><G75/><T108/><D108/><U68/><E32/><V74/><F36/><W31/><G109/><T84/><D102/><U81/><E68/><N who="3" m="26218" /><G31/><T105/><D105/><U106/><E106/><V25/><F112/><W96/><G96/><T128/><D128/><U133/><E129/><V115/><F115/><W6/><G6/><T104/><D104/><U35/><E35/><V93/><F74/><W4/><G4/><T77/><D95/><U123/><E114/><V58/><F8/><W66/><G28/><T99/><D99/><U118/><E118/><V72/><F72/><W10/><G66/><T79/><D87/><U97/><E2/><V51/><F1/><W48/><G38/><T131/><D131/><U29/><E29/><V85/><F3/><W62/><G62/><T94/><D94/><U20/><E7/><V82/><F58/><W98/><G98/><T53/><D84/><U47/><E23/><V120/><F30/><W65/><G65/><T130/><D130/><U90/><E97/><V71/><F71/><W15/><G15/><N who="0" m="5551" /><D61/><U100/><E100/><V119/><F73/><W12/><G12/><T63/><D63/><U67/><E14/><V37/><F116/><W134/><AGARI ba="0,0" hai="10,13,19,40,42,48,54,59,132,134,135" m="26218" machi="134" ten="40,2700,0" yaku="20,1,52,1" doraHai="44" who="3" fromWho="3" sc="97,-13,104,-7,456,-7,343,27" /><INIT seed="5,0,0,5,5,57" ten="84,97,449,370" oya="1" hai0="32,22,27,102,61,117,115,0,86,77,132,2,34" hai1="37,59,13,48,80,30,28,36,99,120,108,24,90" hai2="47,125,19,135,58,51,66,54,100,82,87,68,84" hai3="98,3,96,56,64,52,8,85,113,91,101,69,45"/><U133/><E120/><V65/><F125/><W67/><G113/><T128/><D117/><U78/><E108/><V75/><F135/><W4/><G45/><T74/><D74/><U50/><E133/><V127/><F68/><W129/><G129/><T126/><D132/><U93/><E13/><V112/><F127/><W83/><G69/><T35/><D128/><U14/><E14/><V60/><F112/><W10/><G10/><T107/><D115/><U20/><E30/><V111/><F111/><W119/><G119/><T110/><D126/><U1/><E1/><V11/><F100/><W70/><G70/><T123/><D32/><U104/><E104/><V79/><F66/><W103/><G101/><T124/><D34/><U122/><E122/><V88/><F11/><W71/><G71/><T7/><D35/><U131/><E131/><V105/><F105/><W31/><G31/><T39/><D39/><U94/><E94/><N who="2" m="54535" /><F75/><W43/><G43/><T63/><D0/><U62/><E36/><V17/><AGARI ba="0,0" hai="17,19,47,51,54,58,60,65,79,82,87" m="54535" machi="17" ten="30,4000,0" yaku="8,1,52,1,54,1" doraHai="57" who="2" fromWho="2" sc="84,-10,97,-20,449,40,370,-10" /><INIT seed="6,0,0,1,2,127" ten="74,77,489,360" oya="2" hai0="116,117,101,112,28,130,110,7,17,66,13,123,58" hai1="25,30,20,135,64,125,77,73,22,60,131,109,105" hai2="2,74,76,11,33,39,68,70,91,86,83,99,52" hai3="85,19,113,118,12,44,98,81,93,106,27,75,31"/><V62/><F33/><W132/><G118/><N who="0" m="45675" /><D123/><U10/><E109/><V104/><F39/><W37/><G132/><T48/><D110/><U18/><E125/><V59/><F2/><W80/><G80/><T0/><D112/><U90/><E105/><V23/><F11/><W88/><G113/><T42/><D101/><U6/><E135/><V92/><F23/><W65/><G65/><T114/><D28/><U103/><E103/><AGARI ba="0,0" hai="52,59,62,68,70,74,76,83,86,91,92,99,103,104" machi="103" ten="40,7700,0" yaku="24,2,54,1" doraHai="127" who="2" fromWho="1" sc="74,0,77,-77,489,77,360,0" /><INIT seed="6,1,0,3,5,133" ten="74,0,566,360" oya="2" hai0="42,90,127,50,106,34,54,47,81,62,51,13,102" hai1="39,116,16,8,33,126,92,87,56,112,98,123,46" hai2="29,14,120,55,80,72,118,41,0,99,83,95,79" hai3="10,104,94,76,117,70,48,25,91,19,85,40,75"/><V45/><F0/><W128/><G70/><T135/><D34/><U130/><E116/><V36/><F118/><W22/><G117/><T64/><D106/><U2/><E33/><V52/><F120/><W9/><G128/><T27/><D127/><U53/><E112/><V110/><F110/><W105/><G104/><T35/><D35/><U67/><E130/><V121/><F121/><W18/><G105/><T107/><D27/><U58/><E123/><V108/><F29/><W86/><G75/><T78/><D90/><U66/><E2/><V3/><F3/><W5/><G18/><T17/><D102/><U129/><E39/><V38/><F38/><W103/><G103/><T37/><D107/><U89/><E129/><V28/><F28/><W4/><G40/><T134/><D54/><U82/><E126/><V12/><F80/><N who="3" m="47239" /><G48/><T63/><D62/><U65/><E46/><V60/><F108/><W61/><G61/><T30/><D30/><U93/><E53/><V24/><F60/><W88/><G91/><T131/><D131/><U119/><E119/><V122/><F122/><W44/><G44/><T125/><D125/><U71/><E71/><V77/><F77/><W113/><G113/><T43/><D43/><U74/><E74/><V100/><F24/><W6/><G10/><N who="0" m="6327" /><D135/><U49/><E49/><V114/><F72/><W73/><G73/><N who="0" m="43215" /><D134/><U32/><E32/><V84/><F114/><W15/><G25/><T21/><D50/><U111/><E111/><V97/><F36/><W109/><G109/><T124/><D37/><U23/><E92/><V7/><F95/><RYUUKYOKU ba="1,0" sc="74,-10,0,-10,566,-10,360,30" hai3="4,5,6,9,15,19,22,86,88,94" owari="64,-33.6,-10,-51.0,556,65.6,390,19.0" /></mjloggm>