<mjloggm ver="2.3"><GO type="169" lobby="0"/><UN n0="%E3%83%AD%E3%83%83%E3%83%86%E9%9B%80%E7%90%83" n1="%E6%B3%A2%E4%B9%83%E7%90%86" n2="%E3%82%82%E3%81%BF%E3%81%95%E3%81%92" n3="%E4%B8%83%E8%8D%89%E9%A6%99%E6%BE%84" dan="17,16,16,16" rate="2186.04,2108.86,2137.01,2164.73" sx="M,M,M,F"/><TAIKYOKU oya="0"/><INIT seed="0,0,0,5,3,2" ten="250,250,250,250" oya="0" hai0="39,44,70,11,54,30,95,6,74,105,77,48,56" hai1="55,63,28,112,35,117,19,4,80,68,135,121,82" hai2="115,100,91,67,21,87,47,81,85,45,130,0,128" hai3="16,36,94,119,53,89,96,51,17,25,104,33,10"/><T78/><D105/><U34/><E121/><V71/><F115/><W64/><G119/><T8/><D70/><U120/><E120/><V62/><F0/><W12/><G36/><T3/><D30/><U107/><E107/><V52/><F100/><W13/><G104/><T76/><D95/><U15/><E117/><V43/><F21/><W66/><G25/><T116/><D11/><U40/><E112/><V37/><REACH who="2" step="1"/><F87/><REACH who="2" ten="250,250,240,250" step="2"/><W99/><G33/><T5/><D116/><U18/><E35/><V110/><F110/><W84/><G84/><T111/><D111/><U59/><E34/><V9/><F9/><N who="3" m="6159" /><G99/><T131/><D131/><U60/><E135/><V57/><F57/><AGARI ba="0,1" hai="10,13,17,51,53,57,64,66,89,94,96" m="6159" machi="57" ten="30,2000,0" yaku="8,1,54,1" doraHai="2" who="3" fromWho="2" sc="250,0,250,0,240,-20,250,30" /><INIT seed="1,0,0,2,2,58" ten="250,250,220,280" oya="1" hai0="104,43,75,71,36,13,47,23,85,64,82,1,123" hai1="52,37,108,10,69,31,53,55,16,54,77,39,109" hai2="130,59,107,126,76,6,70,48,98,112,89,7,95" hai3="105,74,50,68,11,91,3,18,128,93,12,78,38"/><U21/><E31/><V120/><F120/><W84/><G38/><T88/><D1/><U115/><E115/><V33/><F33/><W97/><G128/><T14/><D104/><U20/><E69/><V45/><F70/><W117/><G117/><T57/><D123/><U29/><E77/><V125/><F130/><W101/><G3/><T32/><D32/><U135/><E135/><V5/><F112/><W61/><G50/><T25/><D75/><U30/><E10/><V73/><F107/><W99/><G99/><T2/><D2/><U124/><E124/><N who="2" m="47723" /><F59/><W24/><G24/><T90/><D90/><U119/><E119/><V81/><F5/><W86/><G86/><T15/><D71/><U100/><E100/><V4/><F6/><W129/><G129/><T116/><D116/><U134/><E134/><V72/><F72/><W114/><G114/><T111/><D111/><N who="1" m="42571" /><E21/><V35/><F35/><W67/><G74/><T51/><D36/><N who="1" m="13899" /><E55/><AGARI ba="0,0" hai="4,7,45,48,55,73,76,81,89,95,98" m="47723" machi="55" ten="30,1000,0" yaku="18,1" doraHai="58" who="2" fromWho="1" sc="250,0,250,-10,220,10,280,0" /><INIT seed="2,0,0,1,3,85" ten="250,240,230,280" oya="2" hai0="63,15,16,58,79,29,132,80,101,123,34,94,39" hai1="52,122,77,36,134,40,46,124,21,84,17,105,26" hai2="115,64,31,74,55,89,125,88,20,113,133,14,37" hai3="12,45,92,126,51,98,22,66,108,135,2,67,102"/><V32/><F74/><W42/><G108/><T3/><D3/><U68/><E68/><V7/><F37/><W75/><G135/><T129/><D39/><U24/><E105/><V41/><F41/><W100/><G126/><T0/><D0/><U25/><E134/><V118/><F118/><W121/><G121/><T6/><D6/><U27/><E124/><V44/><F133/><W13/><G2/><T120/><D129/><U72/><E72/><V19/><F125/><W91/><G75/><T97/><D29/><U83/><E122/><V104/><F104/><W109/><G109/><T128/><D34/><U110/><E110/><V93/><F64/><W38/><G38/><T33/><D33/><U54/><AGARI ba="0,0" hai="17,21,24,25,26,27,36,40,46,52,54,77,83,84" machi="54" ten="30,2000,0" yaku="0,1,54,1" doraHai="85" who="1" fromWho="1" sc="250,-5,240,20,230,-10,280,-5" /><INIT seed="3,0,0,0,0,15" ten="245,260,220,275" oya="3" hai0="3,135,67,30,28,42,119,45,11,93,131,13,46" hai1="21,120,38,116,4,14,19,86,22,89,78,91,80" hai2="98,16,123,47,83,92,48,130,36,25,74,100,9" hai3="118,132,70,44,69,0,10,115,117,20,18,61,62"/><W6/><G115/><T12/><D119/><U50/><E38/><V110/><F123/><W73/><G73/><T39/><D3/><U27/><E120/><V77/><F110/><W58/><G132/><T112/><D131/><U65/><E116/><V29/><F130/><W108/><G108/><T5/><D135/><U37/><E37/><V99/><F36/><W114/><G114/><T82/><D112/><U128/><E128/><V57/><F57/><W107/><G107/><T122/><D122/><U95/><E65/><V56/><F56/><W121/><G121/><T127/><D127/><U43/><E95/><V76/><F76/><W34/><G34/><T134/><D67/><U94/><E94/><V63/><F63/><W55/><G44/><T104/><D104/><U90/><E4/><V106/><F29/><W60/><G118/><T105/><D105/><U96/><E96/><V68/><F68/><W51/><REACH who="3" step="1"/><G117/><REACH who="3" ten="245,260,220,265" step="2"/><T72/><D46/><N who="1" m="25951" /><E78/><V32/><F32/><W1/><G1/><T53/><D72/><U97/><E97/><V113/><F113/><W102/><G102/><T49/><D134/><U8/><E86/><V124/><F99/><W7/><G7/><T88/><D5/><U17/><E80/><V59/><F106/><W126/><G126/><T129/><D82/><U75/><E75/><V2/><F124/><W133/><G133/><T35/><D35/><U33/><E33/><V54/><F2/><W111/><G111/><T125/><D125/><U31/><E31/><N who="0" m="11817" /><D129/><U24/><E24/><AGARI ba="0,1" hai="0,6,10,18,20,24,51,55,58,60,61,62,69,70" machi="24" ten="40,3900,0" yaku="1,1,52,1,53,0" doraHai="15" doraHaiUra="41" who="3" fromWho="1" sc="245,0,260,-39,220,0,265,49" /><INIT seed="3,1,0,4,3,24" ten="245,221,220,314" oya="3" hai0="15,8,85,50,74,86,7,109,88,13,45,10,40" hai1="133,134,84,17,112,62,104,68,43,110,64,51,20" hai2="22,126,29,96,120,41,44,32,102,70,34,54,39" hai3="12,57,36,26,23,77,38,100,42,61,122,71,118"/><W108/><G118/><T47/><D109/><U81/><E104/><V111/><F111/><W31/><G108/><T94/><D74/><U4/><E110/><V80/><F126/><W124/><G122/><T14/><D10/><U27/><E112/><V65/><F120/><W79/><G124/><T121/><D121/><U83/><E4/><V129/><F129/><W33/><G71/><T25/><D25/><U48/><E83/><V52/><F80/><W113/><G113/><T66/><D66/><U78/><REACH who="1" step="1"/><E43/><REACH who="1" ten="245,211,220,314" step="2"/><V131/><F131/><W119/><G42/><T5/><D5/><U105/><E105/><V103/><F41/><W73/><G119/><T46/><REACH who="0" step="1"/><D86/><REACH who="0" ten="235,211,220,314" step="2"/><U91/><E91/><V2/><F102/><W0/><G100/><T67/><D67/><U55/><E55/><V9/><F52/><W130/><G130/><T63/><D63/><U16/><E16/><V87/><F54/><W6/><G61/><T90/><D90/><U76/><E76/><V11/><F87/><W89/><G79/><T125/><D125/><U28/><E28/><V98/><F29/><W116/><G89/><T69/><D69/><U72/><E72/><V99/><F65/><W58/><G73/><T35/><D35/><U92/><E92/><V107/><F32/><W75/><G75/><T101/><D101/><U127/><E127/><V114/><F34/><W132/><G77/><T19/><D19/><U97/><E97/><V115/><F103/><W60/><G60/><T30/><D30/><U128/><E128/><V106/><F115/><W3/><G33/><T18/><D18/><RYUUKYOKU ba="1,2" sc="235,15,211,15,220,-15,314,-15" hai0="7,8,13,14,15,40,45,46,47,50,85,88,94" hai1="17,20,27,48,51,62,64,68,78,81,84,133,134" /><INIT seed="4,2,2,5,4,125" ten="250,226,205,299" oya="0" hai0="81,71,105,65,1,50,112,24,14,53,13,22,11" hai1="25,92,51,23,73,96,114,106,56,32,31,97,0" hai2="29,122,19,130,85,39,28,134,66,67,90,77,45" hai3="119,115,40,10,75,111,68,54,76,129,57,4,47"/><T117/><D117/><U17/><E73/><V120/><F134/><W69/><G119/><T26/><D105/><U70/><E70/><V132/><F132/><W128/><G111/><T133/><D133/><U109/><E109/><V104/><F104/><W16/><G115/><T44/><D112/><U37/><E37/><V64/><F77/><W63/><G75/><T42/><D1/><U99/><E0/><V49/><F39/><W6/><G76/><T110/><D110/><U15/><E114/><V61/><F61/><W121/><G121/><T34/><D34/><U74/><E74/><V84/><F19/><W48/><G6/><T91/><D65/><U88/><E106/><V101/><F101/><W107/><G107/><T82/><D71/><U3/><E3/><V27/><F28/><W20/><G69/><T103/><D103/><U41/><REACH who="1" step="1"/><E56/><REACH who="1" ten="250,216,205,299" step="2"/><V8/><F120/><W98/><G68/><T30/><D42/><U36/><E36/><V86/><F122/><W93/><G57/><T95/><D26/><U59/><E59/><V126/><F27/><W62/><G62/><T100/><D14/><U124/><E124/><V12/><F126/><W5/><G63/><T83/><D13/><U33/><E33/><V118/><F12/><W89/><G5/><T38/><D38/><U46/><AGARI ba="2,3" hai="15,17,23,25,31,32,41,46,51,88,92,96,97,99" machi="46" ten="30,7900,0" yaku="1,1,0,1,54,1,53,1" doraHai="125" doraHaiUra="21" who="1" fromWho="1" sc="250,-41,216,115,205,-22,299,-22" /><INIT seed="5,0,0,2,0,15" ten="209,331,183,277" oya="1" hai0="124,87,62,112,33,117,91,97,45,101,85,131,128" hai1="10,74,57,64,6,77,54,12,43,78,28,118,106" hai2="58,126,84,37,93,82,22,52,18,59,135,63,40" hai3="114,0,102,79,121,21,51,103,127,48,75,133,122"/><U129/><E106/><V89/><F135/><W69/><G0/><T99/><D33/><U115/><E115/><V16/><F126/><W9/><G69/><T130/><D117/><U34/><E118/><V23/><F37/><W108/><G108/><T55/><D112/><U107/><E107/><V5/><F5/><W47/><G114/><T80/><D124/><U29/><E129/><V67/><F40/><W41/><G127/><T104/><D45/><U61/><E74/><V113/><F113/><W73/><G9/><T116/><D116/><U38/><E38/><V60/><F82/><W13/><G133/><T120/><D120/><U90/><E43/><V72/><F72/><W8/><G21/><AGARI ba="0,0" hai="16,18,21,22,23,52,58,59,60,63,67,84,89,93" machi="21" ten="40,8000,1" yaku="8,1,52,2,54,2" doraHai="15" who="2" fromWho="3" sc="209,0,331,0,183,80,277,-80" /><INIT seed="6,0,0,3,2,114" ten="209,331,263,197" oya="2" hai0="7,69,29,88,37,4,13,27,41,127,101,28,30" hai1="21,123,65,56,3,5,117,42,98,26,135,72,24" hai2="74,19,82,73,43,92,131,80,111,84,75,112,94" hai3="39,77,38,32,61,15,78,83,52,50,33,64,70"/><V34/><F34/><W17/><G32/><T106/><D69/><U22/><E72/><V66/><F43/><W89/><G33/><T25/><D127/><U96/><E42/><V8/><F66/><W53/><G89/><T58/><D101/><U85/><E123/><V71/><F71/><W49/><G49/><T122/><D106/><U116/><E85/><V36/><F36/><W16/><G17/><T55/><D122/><U130/><E3/><V20/><F112/><W1/><G1/><T40/><D40/><U2/><E2/><V47/><F47/><W14/><G14/><T102/><D102/><U120/><E120/><V93/><F8/><W23/><G53/><T18/><D88/><U126/><E56/><V31/><F31/><W57/><REACH who="3" step="1"/><G78/><REACH who="3" ten="209,331,263,187" step="2"/><T108/><D41/><U100/><E100/><V12/><F12/><W10/><G10/><N who="0" m="6455" /><D37/><U67/><E5/><N who="0" m="2121" /><D108/><U133/><E126/><V81/><F19/><W105/><G105/><T110/><D110/><U128/><AGARI ba="0,1" hai="21,22,24,26,65,67,96,98,116,117,128,130,133,135" machi="128" ten="25,8000,1" yaku="0,1,22,2,52,2" doraHai="114" who="1" fromWho="1" sc="209,-20,331,90,263,-40,187,-20" /><INIT seed="7,0,0,5,1,13" ten="189,421,223,167" oya="3" hai0="19,112,26,8,106,33,60,67,41,82,117,72,81" hai1="25,102,131,73,39,1,113,121,54,7,11,74,91" hai2="23,100,110,101,108,70,118,90,65,17,58,45,69" hai3="96,129,78,12,52,87,111,59,62,83,77,18,66"/><W71/><G129/><T31/><D117/><U37/><E121/><V128/><F118/><W32/><G111/><T6/><D106/><U97/><E131/><V94/><F128/><W44/><G32/><T63/><D112/><U35/><E91/><V85/><F45/><W99/><G77/><T103/><D103/><U57/><E113/><V95/><F58/><W53/><G44/><T88/><D41/><U50/><E35/><V86/><F65/><W48/><REACH who="3" step="1"/><G53/><REACH who="3" ten="189,421,223,157" step="2"/><T56/><D72/><U46/><E74/><V10/><F110/><W9/><AGARI ba="0,1" hai="9,12,18,48,52,59,62,66,71,78,83,87,96,99" machi="9" ten="20,18000,2" yaku="1,1,2,1,0,1,7,1,52,1,54,1,53,0" doraHai="13" doraHaiUra="98" who="3" fromWho="3" sc="189,-60,421,-60,223,-60,157,190" /><INIT seed="7,1,0,5,0,32" ten="129,361,163,347" oya="3" hai0="49,46,94,61,57,95,109,90,97,58,66,65,67" hai1="18,116,43,91,1,114,117,7,130,74,59,44,89" hai2="25,39,134,51,31,38,111,100,23,37,75,118,48" hai3="47,15,86,84,33,62,101,122,21,63,19,85,53"/><W132/><G122/><T27/><D109/><U42/><E114/><V60/><F111/><W112/><G33/><T124/><D124/><U79/><E130/><V110/><F110/><W24/><G112/><T87/><D27/><U11/><E43/><V72/><F118/><N who="1" m="45673" /><E59/><V99/><F60/><W104/><G132/><T106/><D106/><U127/><E127/><V68/><F68/><W13/><G104/><T34/><D34/><U28/><E28/><V56/><F134/><W76/><G101/><T83/><D58/><U50/><E18/><V105/><F56/><W92/><G92/><T54/><REACH who="0" step="1"/><D95/><REACH who="0" ten="119,361,163,347" step="2"/><U35/><E35/><V52/><REACH who="2" step="1"/><F52/><REACH who="2" ten="119,361,153,347" step="2"/><W77/><G53/><T129/><D129/><U96/><E42/><V36/><N who="2" m="9216" /><DORA hai="131" /><V71/><F71/><W2/><G47/><T121/><D121/><U4/><E44/><V16/><F16/><W40/><G40/><T88/><AGARI ba="1,2" hai="46,49,54,57,61,65,66,67,83,87,88,90,94,97" machi="88" ten="20,8000,1" yaku="1,1,0,1,7,1,8,1,54,1,53,0" doraHai="32,131" doraHaiUra="6,126" who="0" fromWho="0" sc="119,103,361,-21,153,-21,347,-41" owari="222,-17.8,340,44.0,132,-36.8,306,10.6" /></mjloggm>