<mjloggm ver="2.3"><GO type="169" lobby="0"/><UN n0="%E3%82%80%E3%81%97%E6%AD%AF" n1="%E5%A4%A7%E6%A5%A0%E5%85%AC" n2="%E7%9C%9F%E9%BE%8D%E5%85%84%E8%B2%B4" n3="%4D%E6%9C%AC" dan="17,16,16,16" rate="2149.93,2141.40,2063.00,2127.08" sx="M,M,M,M"/><TAIKYOKU oya="0"/><INIT seed="0,0,0,3,3,24" ten="250,250,250,250" oya="0" hai0="82,98,104,27,127,76,9,26,5,18,13,53,55" hai1="2,7,116,34,92,56,75,90,71,43,102,135,4" hai2="72,74,123,100,65,86,31,106,51,109,21,93,37" hai3="19,95,62,70,113,11,81,85,111,83,10,99,8"/><T23/><D127/><U77/><E71/><V28/><F37/><W131/><G113/><T126/><D126/><U67/><E116/><V107/><F123/><W3/><G111/><T39/><D39/><U117/><E117/><V101/><F109/><W1/><G131/><T16/><D98/><U52/><E67/><V47/><F65/><W57/><G70/><T61/><D104/><U12/><E102/><N who="2" m="39531" /><F21/><W44/><G44/><T128/><D128/><U114/><E114/><V96/><F47/><W40/><G40/><T130/><D130/><U78/><E2/><V48/><F93/><W94/><G19/><T84/><D61/><U63/><E135/><V59/><F86/><W14/><G14/><T64/><D64/><U6/><E34/><V132/><F59/><W49/><G49/><N who="2" m="19017" /><F96/><W133/><G133/><T80/><D80/><U124/><E124/><V122/><F122/><W29/><G99/><T68/><D68/><U97/><E43/><V20/><F20/><AGARI ba="0,0" hai="5,9,13,16,18,20,23,26,27,53,55,76,82,84" machi="20" ten="40,7700,0" yaku="9,1,8,1,54,1" doraHai="24" who="0" fromWho="2" sc="250,77,250,0,250,-77,250,0" /><INIT seed="0,1,0,1,4,6" ten="327,250,173,250" oya="0" hai0="34,33,68,13,125,19,103,54,24,109,55,38,39" hai1="95,10,69,117,22,14,93,100,51,28,60,40,118" hai2="87,9,92,61,50,83,101,114,70,1,41,124,120" hai3="29,97,88,43,108,105,129,32,121,65,0,30,7"/><T126/><D68/><U57/><E69/><V64/><F120/><W45/><G121/><T107/><D107/><U127/><E127/><N who="0" m="48649" /><D103/><U15/><E117/><V5/><F124/><W27/><G108/><T73/><D73/><U59/><E118/><V130/><F114/><W128/><G65/><T80/><D80/><U119/><E119/><V113/><F113/><W123/><G123/><T86/><D86/><U52/><E100/><V110/><F110/><W132/><G132/><T90/><D90/><U11/><E28/><V112/><F112/><W79/><G79/><T122/><D122/><U23/><E40/><V106/><F106/><W2/><G30/><N who="0" m="19655" /><D34/><U37/><E37/><N who="0" m="13833" /><D109/><U16/><E95/><V62/><F92/><N who="3" m="56455" /><G105/><T35/><D35/><U77/><E93/><V78/><F101/><W85/><G85/><T91/><D91/><U89/><E89/><V74/><F74/><W104/><G104/><T48/><D48/><U42/><E77/><V133/><F133/><W8/><G2/><T102/><D102/><U31/><E31/><V72/><F72/><W82/><G82/><T12/><D12/><U94/><E94/><V3/><F3/><W134/><G134/><T76/><D76/><U18/><E42/><V46/><REACH who="2" step="1"/><F62/><REACH who="2" ten="327,250,163,250" step="2"/><W131/><G131/><AGARI ba="1,1" hai="1,5,9,41,46,50,61,64,70,78,83,87,130,131" machi="131" ten="40,5200,0" yaku="1,1,2,1,52,1,53,0" doraHai="6" doraHaiUra="115" who="2" fromWho="3" sc="327,0,250,0,163,65,250,-55" /><INIT seed="1,0,0,4,5,50" ten="327,250,228,195" oya="1" hai0="12,31,8,70,98,130,63,14,30,22,121,89,33" hai1="0,79,38,36,124,71,48,72,60,51,24,26,122" hai2="65,109,59,13,133,56,64,11,6,77,113,119,120" hai3="125,128,49,5,82,123,94,101,21,87,19,111,115"/><U95/><E0/><V42/><F119/><W74/><G123/><T102/><D130/><U17/><E122/><V96/><F120/><W40/><G115/><T37/><D121/><U7/><E7/><V20/><F109/><W4/><G111/><T108/><D108/><U47/><E124/><V112/><F133/><W67/><G128/><T131/><D131/><U86/><E72/><V46/><F77/><W75/><G125/><T105/><D37/><U32/><E51/><N who="2" m="27095" /><F96/><W57/><G75/><T73/><D73/><U90/><E79/><V126/><F126/><W29/><G29/><T99/><D22/><U55/><E26/><V134/><F134/><W43/><G74/><T58/><D70/><U104/><E104/><V23/><F59/><W81/><G81/><T100/><D89/><U68/><E68/><V69/><F69/><W132/><G132/><T28/><D33/><U62/><E32/><V88/><F88/><N who="3" m="51319" /><G94/><T117/><D117/><U78/><E78/><V106/><F106/><W3/><G3/><T16/><D14/><U84/><E84/><V80/><F80/><W1/><G1/><T118/><D118/><U41/><E71/><V76/><F76/><W85/><G101/><N who="0" m="39019" /><D105/><U135/><E135/><V97/><F97/><W25/><G85/><T116/><D116/><U92/><E92/><V18/><F112/><W110/><G110/><T91/><D91/><U53/><E36/><V129/><F113/><W44/><G43/><T83/><D83/><U10/><E38/><V39/><F129/><W34/><G34/><T45/><D45/><N who="1" m="27791" /><E41/><V27/><F39/><RYUUKYOKU ba="0,0" sc="327,15,250,-15,228,-15,195,15" hai0="8,12,16,28,30,31,58,63,98,99" hai3="4,5,19,21,25,40,44,49,57,67" /><INIT seed="2,1,0,4,4,126" ten="342,235,213,210" oya="2" hai0="34,82,114,49,60,98,46,9,73,52,86,51,50" hai1="105,3,42,10,27,94,5,57,72,65,55,127,33" hai2="59,95,15,71,66,113,104,75,121,16,0,78,83" hai3="25,84,102,38,129,70,23,24,20,43,120,7,132"/><V128/><F113/><W122/><G70/><T4/><D114/><U133/><E105/><V53/><F121/><W67/><G67/><T54/><D34/><U130/><E127/><V110/><F104/><W11/><G102/><T107/><D73/><U103/><E130/><V100/><F0/><W123/><G84/><T69/><D98/><U8/><E133/><V134/><F134/><W76/><G76/><T61/><D107/><U12/><E72/><V37/><F37/><W80/><G80/><T26/><D26/><N who="3" m="10345" /><G43/><T89/><D69/><U99/><E42/><V92/><F110/><W88/><G88/><T21/><D21/><N who="3" m="8265" /><G38/><T6/><D6/><U18/><E65/><V64/><F71/><W58/><G58/><T96/><D96/><U41/><E41/><V97/><F92/><W117/><G132/><T135/><D135/><U48/><E27/><V108/><F108/><W91/><G91/><T106/><D106/><U40/><E40/><V45/><F45/><W39/><G39/><T1/><REACH who="0" step="1"/><D51/><REACH who="0" ten="332,235,213,210" step="2"/><U111/><E111/><V14/><F75/><W62/><G123/><T32/><D32/><U44/><REACH who="1" step="1"/><E33/><REACH who="1" ten="332,225,213,210" step="2"/><V29/><F29/><W87/><G122/><T79/><D79/><U36/><E36/><V93/><F78/><W63/><G120/><T131/><D131/><U90/><E90/><V74/><F128/><W77/><G129/><T2/><D2/><U47/><AGARI ba="1,2" hai="3,5,8,10,12,18,44,47,48,55,57,94,99,103" machi="47" ten="30,2000,0" yaku="1,1,0,1,53,0" doraHai="126" doraHaiUra="112" who="1" fromWho="1" sc="332,-6,225,43,213,-11,210,-6" /><INIT seed="3,0,0,3,3,117" ten="326,268,202,204" oya="3" hai0="34,58,46,73,37,28,87,29,7,110,31,11,26" hai1="59,131,80,43,122,6,94,35,116,129,72,10,76" hai2="44,16,67,56,70,17,8,68,98,75,52,66,12" hai3="30,1,64,33,15,57,101,119,23,69,38,95,120"/><W132/><G119/><T27/><D110/><U2/><E116/><V39/><F75/><W107/><G1/><T13/><D73/><U50/><E35/><V96/><F17/><W42/><G107/><T92/><D58/><U19/><E122/><V14/><F14/><W114/><G69/><T112/><D112/><U124/><E124/><V65/><F39/><W40/><G114/><T81/><D92/><U0/><E0/><V3/><F3/><W85/><G132/><T55/><D34/><U54/><E94/><V93/><F44/><W74/><G74/><T71/><D71/><U62/><E19/><V105/><F96/><N who="3" m="59551" /><G33/><T108/><D108/><U45/><AGARI ba="0,0" hai="2,6,10,43,45,50,54,59,62,72,76,80,129,131" machi="45" ten="30,1100,0" yaku="0,1" doraHai="117" who="1" fromWho="1" sc="326,-3,268,11,202,-3,204,-5" /><INIT seed="4,0,0,1,4,58" ten="323,279,199,199" oya="0" hai0="68,114,55,33,82,122,4,102,18,127,49,5,45" hai1="79,76,133,93,63,27,62,25,116,72,59,10,110" hai2="119,97,42,46,73,51,29,87,124,60,36,48,67" hai3="17,41,91,111,39,84,115,86,23,37,74,50,14"/><T31/><D122/><U89/><E110/><V85/><F73/><W11/><G74/><T112/><D127/><U19/><E116/><V105/><F124/><W78/><G111/><T80/><D102/><U135/><E10/><V32/><F119/><W101/><G115/><N who="0" m="44075" /><D68/><U44/><E44/><V43/><F43/><W65/><G101/><T77/><D18/><U90/><E72/><V106/><F106/><W2/><G65/><T117/><D117/><U3/><E3/><V47/><F47/><W123/><G123/><T21/><D33/><U107/><E107/><V109/><F109/><W66/><G66/><T8/><D77/><U34/><E34/><V61/><F97/><W64/><G64/><T15/><D4/><U98/><E59/><V126/><F105/><W70/><G70/><T83/><D21/><U113/><E113/><V88/><F126/><W1/><G78/><N who="1" m="29738" /><E89/><V100/><F100/><W103/><G103/><T104/><D104/><U56/><E56/><V12/><F32/><W69/><G69/><T108/><D108/><U132/><E19/><V94/><F29/><AGARI ba="0,0" hai="5,8,15,29,31,45,49,55,80,82,83" m="44075" machi="29" ten="30,1500,0" yaku="15,1" doraHai="58" who="0" fromWho="2" sc="323,15,279,0,199,-15,199,0" /><INIT seed="4,1,0,3,0,114" ten="338,279,184,199" oya="0" hai0="43,87,94,9,133,23,7,33,59,77,89,22,126" hai1="78,95,105,37,47,99,49,16,56,97,8,130,2" hai2="25,66,131,15,98,125,34,52,112,111,73,45,74" hai3="54,121,91,58,29,102,18,64,132,113,55,21,122"/><T51/><D33/><U71/><E71/><V46/><F111/><W118/><G113/><T63/><D126/><U90/><E130/><V39/><F112/><W69/><G29/><T92/><D133/><U11/><E37/><V28/><F131/><W6/><G69/><T107/><D107/><U82/><E56/><V72/><F125/><W134/><G102/><T48/><D77/><U30/><E30/><V76/><F66/><W12/><G6/><T103/><D103/><U83/><E2/><V38/><F98/><W124/><G124/><T70/><D70/><U119/><E119/><V108/><F108/><W27/><G118/><T31/><D94/><U41/><E105/><V86/><F15/><W75/><G75/><T128/><D128/><U32/><E32/><V135/><F135/><N who="3" m="51755" /><G12/><N who="0" m="5183" /><D43/><U10/><E99/><V36/><F86/><W40/><G40/><T101/><D101/><U62/><E62/><V100/><F100/><W80/><G64/><N who="0" m="39039" /><D31/><U129/><E129/><V3/><F3/><W4/><G4/><T67/><D67/><U106/><E106/><V35/><F35/><W19/><G19/><T50/><AGARI ba="1,0" hai="22,23,48,50,51,87,89,92" m="39039,5183" machi="50" ten="30,1500,0" yaku="8,1" doraHai="114" who="0" fromWho="0" sc="338,18,279,-6,184,-6,199,-6" /><INIT seed="4,2,0,1,4,9" ten="356,273,178,193" oya="0" hai0="107,27,89,56,124,123,81,55,102,130,135,71,112" hai1="53,115,2,93,83,4,109,30,84,28,119,24,101" hai2="82,10,14,125,45,121,37,39,11,111,97,108,114" hai3="110,29,75,70,134,0,77,5,18,65,12,88,6"/><T49/><D123/><U1/><E109/><V129/><F121/><W61/><G110/><T35/><D112/><U105/><E105/><V32/><F114/><W23/><G134/><T44/><D135/><U98/><E119/><V8/><F32/><W118/><G118/><T106/><D124/><U25/><E115/><V87/><F125/><W50/><G0/><T79/><D130/><U131/><E131/><V36/><F129/><W85/><G29/><T133/><D71/><U57/><E4/><V92/><F45/><W127/><G127/><T96/><D89/><U99/><E99/><V94/><F94/><W63/><G63/><T58/><D107/><U3/><E30/><V78/><F108/><W26/><G77/><T47/><D133/><U126/><E126/><V90/><REACH who="2" step="1"/><F111/><REACH who="2" ten="356,273,168,193" step="2"/><W34/><G34/><T72/><D47/><U13/><E93/><V122/><F122/><W91/><G75/><T51/><D35/><U80/><E80/><V38/><N who="2" m="9216" /><DORA hai="128" /><V76/><F76/><W7/><G91/><T104/><D104/><U117/><E83/><V116/><F116/><W103/><G103/><T48/><D44/><U40/><E101/><V64/><F64/><W20/><G88/><T15/><D102/><U95/><E95/><V74/><F74/><W86/><G86/><T59/><D106/><U43/><E84/><V120/><F120/><W21/><G85/><T67/><D72/><U22/><E117/><V16/><AGARI ba="2,1" hai="8,10,11,14,16,78,82,87,90,92,97" m="9216" machi="16" ten="60,16000,3" yaku="1,1,0,1,52,1,54,1,53,4" doraHai="9,128" doraHaiUra="113,68" who="2" fromWho="2" sc="356,-82,273,-42,168,176,193,-42" /><INIT seed="5,0,0,0,2,13" ten="274,231,344,151" oya="1" hai0="135,99,82,114,26,31,25,104,33,96,132,90,91" hai1="29,116,60,30,49,63,21,4,6,18,32,36,64" hai2="101,55,15,17,131,133,57,106,86,109,27,69,124" hai3="108,100,105,39,129,47,73,65,56,122,125,41,98"/><U88/><E36/><V79/><F109/><W80/><G108/><T75/><D114/><U53/><E116/><V10/><F69/><W2/><G122/><T110/><D110/><U117/><E117/><V1/><F1/><W34/><G34/><T97/><D104/><U87/><E4/><V19/><F124/><W84/><G125/><T61/><D61/><N who="1" m="23627" /><E6/><V123/><F123/><W23/><G2/><T120/><D120/><U38/><E38/><V40/><F133/><N who="0" m="51274" /><D26/><N who="1" m="14647" /><E64/><V71/><F71/><W115/><G115/><T50/><D50/><U112/><E32/><V28/><F131/><W35/><G35/><T59/><D59/><N who="1" m="33199" /><E112/><V54/><F106/><W102/><G129/><T95/><D75/><U77/><E77/><V8/><F57/><W14/><G73/><T67/><D67/><U11/><E11/><V44/><F79/><W76/><G56/><T126/><D126/><U119/><E119/><V48/><F10/><W121/><G65/><T94/><D33/><U45/><E45/><V24/><F8/><W81/><G121/><T16/><D91/><U78/><E78/><V70/><F44/><W0/><G0/><T52/><D90/><U3/><E3/><V37/><F37/><W111/><G111/><T134/><D134/><U58/><E58/><V12/><F70/><W43/><G47/><T9/><D9/><U85/><E85/><V83/><F86/><N who="3" m="48391" /><G39/><T127/><D127/><U20/><E20/><V62/><F62/><W72/><G72/><T5/><D5/><U42/><E42/><V22/><F40/><W7/><G43/><T113/><D113/><RYUUKYOKU ba="0,0" sc="274,-10,231,30,344,-10,151,-10" hai1="29,30,87,88" /><INIT seed="5,1,0,3,5,34" ten="264,261,334,141" oya="1" hai0="42,36,83,54,47,16,128,75,65,52,5,67,6" hai1="37,112,0,19,98,71,121,51,38,86,14,69,109" hai2="44,99,130,111,81,94,135,55,49,97,8,43,50" hai3="29,103,120,77,3,105,119,76,66,80,123,70,45"/><U113/><E121/><V62/><F130/><W53/><G119/><T7/><D128/><U27/><E27/><V39/><F135/><W17/><G29/><T107/><D107/><U9/><E109/><V35/><F35/><W74/><G77/><T125/><D125/><U89/><E98/><V18/><F111/><W41/><G53/><T1/><D1/><U25/><E25/><V21/><F97/><W68/><G17/><T11/><D75/><U60/><E0/><V108/><F81/><W58/><G58/><T100/><D83/><U72/><E72/><V110/><F39/><W13/><G13/><T122/><D100/><U84/><E84/><V102/><F8/><W132/><G132/><T31/><D31/><U20/><E9/><V96/><F62/><W114/><G114/><N who="1" m="44138" /><E51/><V104/><F99/><N who="3" m="61695" /><G3/><T61/><D122/><N who="3" m="46633" /><G66/><T4/><D67/><N who="1" m="41191" /><E71/><V124/><F104/><W30/><G30/><T95/><D65/><U28/><E28/><V131/><F131/><W73/><G73/><T127/><D11/><U24/><E14/><V88/><F102/><W56/><G56/><T92/><D4/><U10/><E10/><V116/><F116/><W118/><G118/><T87/><D5/><U90/><E90/><V129/><F129/><W46/><G46/><T15/><D6/><U22/><E22/><V12/><F108/><W32/><G32/><T126/><D7/><U91/><E89/><V40/><F110/><W134/><G134/><T115/><D115/><U101/><E101/><V78/><F21/><W23/><G23/><T63/><D15/><U2/><E2/><RYUUKYOKU ba="1,0" sc="264,-15,261,15,334,-15,141,15" hai1="19,20,24,37,38,86,91" hai3="41,45,68,70,74,76,80" /><INIT seed="5,2,0,5,3,119" ten="249,276,319,156" oya="1" hai0="20,95,110,109,52,68,11,79,60,3,127,69,108" hai1="13,47,73,84,17,67,75,87,62,45,27,107,43" hai2="125,128,37,104,18,100,122,54,44,83,29,53,46" hai3="78,65,63,114,77,1,12,101,61,116,117,97,36"/><U99/><E27/><V121/><F29/><W135/><G1/><T48/><D127/><U8/><E84/><V10/><F104/><W118/><G36/><T74/><D95/><U131/><E131/><V25/><F100/><W28/><G114/><T85/><D74/><U21/><E47/><V129/><F10/><W59/><G135/><T34/><D34/><U38/><E21/><V39/><F18/><W2/><G2/><T72/><D72/><U56/><REACH who="1" step="1"/><E87/><REACH who="1" ten="249,266,319,156" step="2"/><V80/><REACH who="2" step="1"/><F25/><REACH who="2" ten="249,266,309,156" step="2"/><W133/><G116/><T96/><D109/><U55/><E55/><V57/><F57/><W40/><G118/><T115/><D52/><U81/><E81/><V23/><F23/><W130/><G117/><T24/><D20/><U51/><E51/><V4/><F4/><W98/><G59/><T41/><D48/><U6/><E6/><V123/><F123/><W32/><G32/><T9/><D24/><U5/><E5/><V66/><F66/><W0/><G65/><T112/><D108/><U88/><E88/><V16/><F16/><W22/><G22/><T14/><D110/><U103/><AGARI ba="2,2" hai="8,13,17,38,43,45,56,62,67,73,75,99,103,107" machi="103" ten="30,6000,0" yaku="1,1,0,1,53,1" doraHai="119" doraHaiUra="92" who="1" fromWho="1" sc="249,-22,266,86,309,-22,156,-22" /><INIT seed="5,3,0,2,3,15" ten="227,352,287,134" oya="1" hai0="56,14,45,44,88,122,61,9,99,47,39,35,130" hai1="118,84,107,23,104,98,32,24,129,27,120,116,11" hai2="12,131,65,67,66,55,117,113,119,115,25,87,28" hai3="31,5,123,126,42,124,103,78,75,74,128,121,127"/><U20/><E120/><N who="3" m="46154" /><G42/><T69/><D122/><U73/><E73/><N who="3" m="27658" /><G5/><T41/><D35/><U114/><E84/><V100/><F131/><W132/><G31/><T106/><D130/><U64/><E129/><V2/><F2/><W4/><G4/><T29/><D29/><U109/><E64/><V19/><F55/><W72/><G128/><T33/><D33/><U62/><E62/><V63/><F63/><W70/><G70/><T85/><D69/><U3/><E32/><V21/><F100/><W111/><G111/><T77/><D77/><U96/><E11/><V94/><F94/><W57/><G57/><T36/><D36/><U97/><E3/><V48/><F48/><W76/><N who="3" m="27666" /><W22/><DORA hai="93" /><G22/><N who="1" m="8234" /><E109/><V6/><F6/><W18/><G18/><T102/><D9/><U108/><E108/><V34/><REACH who="2" step="1"/><F87/><REACH who="2" ten="227,352,277,134" step="2"/><W10/><G10/><T50/><D50/><U37/><E37/><V79/><F79/><N who="3" m="30251" /><G103/><T26/><D102/><U134/><E24/><V83/><F83/><W95/><G95/><T16/><D26/><U17/><E27/><V1/><F1/><W92/><G92/><T60/><D60/><U52/><E52/><V58/><F58/><W89/><G89/><T133/><D88/><U105/><E107/><V46/><F46/><W53/><G53/><T125/><D61/><U38/><E38/><V81/><F81/><W13/><G13/><T54/><D39/><U40/><E105/><V49/><F49/><W110/><G110/><T101/><D54/><U90/><E104/><V91/><F91/><W7/><G7/><T59/><D106/><RYUUKYOKU ba="3,1" sc="227,-15,352,-15,277,15,134,15" hai2="12,19,21,25,28,34,65,66,67,113,115,117,119" hai3="124,126,127,132" /><INIT seed="6,4,1,0,0,16" ten="212,337,292,149" oya="2" hai0="117,88,115,35,1,56,123,77,38,108,64,60,34" hai1="65,11,22,42,44,48,43,119,27,80,0,19,112" hai2="17,18,118,21,92,67,25,93,121,71,46,30,96" hai3="89,76,127,24,109,49,95,62,116,66,132,73,58"/><V28/><F118/><W128/><G116/><T87/><D117/><U47/><E112/><V68/><F121/><W103/><G109/><T5/><D108/><U70/><E119/><V125/><F125/><W7/><G127/><T61/><D123/><U82/><E70/><V91/><F46/><W110/><G110/><T15/><D115/><U53/><E65/><V81/><F81/><W9/><G128/><T59/><D38/><U90/><E90/><V106/><F106/><W36/><G36/><T124/><D1/><U104/><E104/><V100/><F18/><W97/><G132/><T69/><D77/><U40/><REACH who="1" step="1"/><E44/><REACH who="1" ten="212,327,292,149" step="2"/><V99/><F67/><W134/><G134/><T126/><D69/><U135/><E135/><V8/><F71/><W33/><G103/><T114/><D114/><U20/><E20/><V85/><F68/><W55/><G33/><T41/><D124/><U12/><E12/><V131/><F131/><W98/><G24/><T129/><D129/><U4/><AGARI ba="4,2" hai="0,4,11,19,22,27,40,42,43,47,48,53,80,82" machi="4" ten="30,4000,0" yaku="1,1,0,1,52,1,53,0" doraHai="16" doraHaiUra="105" who="1" fromWho="1" sc="212,-14,327,72,292,-24,149,-14" /><INIT seed="7,0,0,4,5,117" ten="198,399,268,135" oya="3" hai0="4,95,56,27,121,63,70,20,125,1,130,71,92" hai1="7,73,49,68,9,65,134,94,107,135,38,81,10" hai2="119,28,103,26,112,22,44,16,19,111,59,61,131" hai3="33,2,24,122,78,53,99,90,64,40,96,102,74"/><W0/><G122/><T43/><D125/><U88/><E107/><V114/><F111/><W6/><G40/><T116/><D116/><U127/><E38/><V82/><F119/><W97/><G102/><T72/><D130/><U128/><E128/><V80/><F131/><W34/><G64/><T110/><D110/><U29/><E127/><V37/><F103/><W113/><G113/><N who="2" m="43625" /><F44/><W129/><G129/><T106/><D106/><U47/><E29/><V87/><F80/><W67/><G67/><T48/><D72/><U62/><E81/><V12/><F12/><W132/><G132/><N who="1" m="50730" /><E7/><V105/><F37/><W75/><G90/><T50/><D1/><N who="3" m="617" /><G6/><T55/><D4/><U36/><E73/><N who="3" m="27658" /><G78/><T69/><D121/><U13/><E36/><V133/><F133/><W79/><G79/><T83/><D83/><U123/><E123/><V98/><F105/><W51/><G24/><T60/><D60/><U57/><E57/><V8/><F98/><N who="3" m="25091" /><W124/><DORA hai="104" /><G124/><T85/><D85/><N who="1" m="52495" /><E13/><N who="2" m="7207" /><F87/><W54/><G51/><T66/><D43/><AGARI ba="0,0" hai="9,10,43,47,49,62,65,68" m="52495,50730" machi="43" ten="30,2000,0" yaku="20,1,54,1" doraHai="117,104" who="1" fromWho="0" sc="198,-20,399,20,268,0,135,0" owari="178,-22.2,419,51.9,268,6.8,135,-36.5" /></mjloggm>