<mjloggm ver="2.3"><GO type="169" lobby="0"/><UN n0="%4F%4D%41%4E%54%41" n1="%E3%82%89%E3%83%BC%E3%81%BE%E3%83%BC%E3%83%BC" n2="%32%38%39%30%30" n3="%E4%BC%8A%E5%8B%A2%E3%81%AE%E3%82%B3%E3%83%AD%E3%83%83%E3%82%B1%E5%B1%8B" dan="17,16,16,16" rate="2198.84,2078.79,2028.30,2099.82" sx="M,M,M,M"/><TAIKYOKU oya="0"/><INIT seed="0,0,0,0,0,107" ten="250,250,250,250" oya="0" hai0="44,1,60,61,55,102,70,58,127,130,31,45,112" hai1="110,73,103,23,54,85,116,97,95,72,43,21,64" hai2="8,69,34,63,118,40,134,50,24,119,7,80,13" hai3="100,33,89,11,113,36,27,90,74,106,108,83,117"/><T111/><D1/><U77/><E116/><N who="2" m="44587" /><F134/><W129/><G11/><T68/><D102/><U29/><E64/><N who="2" m="41119" /><F80/><W39/><G113/><T3/><D3/><U66/><E66/><V123/><F123/><W120/><G120/><T42/><D31/><U132/><E132/><V76/><F76/><W38/><G129/><T14/><D14/><U92/><E43/><V93/><F93/><W65/><G65/><N who="0" m="39063" /><D112/><U57/><E110/><V20/><F34/><W17/><G108/><T133/><D133/><U135/><E135/><V46/><F20/><W128/><G128/><T131/><D111/><U81/><E92/><V52/><F24/><W41/><G41/><AGARI ba="0,0" hai="7,8,13,40,41,46,50,52" m="41119,44587" machi="41" ten="30,2000,0" yaku="12,1,54,1" doraHai="107" who="2" fromWho="3" sc="250,0,250,0,250,20,250,-20" /><INIT seed="1,0,0,2,1,63" ten="250,250,270,230" oya="1" hai0="68,115,126,24,107,98,116,117,10,36,81,105,74" hai1="18,127,71,6,91,88,43,85,129,30,4,39,124" hai2="12,53,72,49,100,42,55,99,104,128,9,48,108" hai3="135,93,3,26,44,17,119,66,109,61,51,80,75"/><U37/><E129/><V96/><F128/><W8/><G3/><T79/><D115/><U64/><E30/><V112/><F72/><W34/><G109/><T92/><D36/><U123/><E123/><V62/><F108/><W83/><G135/><T19/><D68/><U89/><E85/><V59/><F112/><W31/><G75/><T132/><D10/><U35/><E35/><V103/><F42/><W38/><G38/><N who="1" m="14346" /><E18/><V7/><REACH who="2" step="1"/><F55/><REACH who="2" ten="250,250,260,230" step="2"/><W13/><G119/><T47/><D116/><U65/><E43/><V78/><F78/><W57/><REACH who="3" step="1"/><G93/><AGARI ba="0,1" hai="7,9,12,48,49,53,59,62,93,96,99,100,103,104" machi="93" ten="30,3900,0" yaku="1,1,7,1,53,1" doraHai="63" doraHaiUra="101" who="2" fromWho="3" sc="250,0,250,0,260,49,230,-39" /><INIT seed="2,0,0,2,0,17" ten="250,250,309,191" oya="2" hai0="36,13,101,72,111,86,30,27,70,121,11,87,118" hai1="25,45,92,95,108,28,39,16,125,81,20,76,44" hai2="52,34,4,98,131,33,37,97,41,112,82,74,59" hai3="104,23,116,32,77,54,123,91,1,102,43,127,133"/><V21/><F112/><W67/><G32/><T75/><D121/><U9/><E108/><V64/><F131/><W128/><G1/><T63/><D36/><U130/><E125/><V129/><F129/><W10/><G10/><T60/><D101/><U51/><E130/><V114/><F114/><W119/><G43/><T107/><D107/><U89/><E39/><V18/><F4/><W46/><G67/><T78/><D111/><U35/><E9/><V126/><F64/><W106/><G127/><T61/><D70/><U31/><E35/><V84/><F74/><W103/><G77/><T100/><D100/><U7/><E7/><V85/><F85/><W93/><G133/><T14/><D118/><U26/><E26/><V47/><F126/><W134/><G123/><T40/><D40/><U56/><E56/><V90/><F33/><W69/><G69/><T66/><D66/><U38/><E45/><V68/><F34/><W124/><G46/><T88/><D86/><U55/><E38/><V94/><F82/><W117/><G54/><T71/><D78/><U53/><E53/><V122/><F122/><W120/><G120/><T50/><D72/><U110/><E110/><V96/><F68/><W113/><G113/><T3/><D75/><U132/><E132/><V65/><F65/><W109/><G134/><T42/><D3/><U12/><E12/><N who="0" m="4713" /><D11/><U83/><E76/><V24/><F84/><N who="3" m="52455" /><G109/><T0/><D0/><U19/><E19/><V105/><F105/><N who="3" m="40555" /><G124/><T48/><D71/><U5/><E5/><V58/><F58/><W8/><G128/><T62/><D87/><RYUUKYOKU ba="0,0" sc="250,-10,250,-10,309,30,191,-10" hai2="18,21,24,37,41,47,52,59,90,94,96,97,98" /><INIT seed="2,1,0,1,0,111" ten="240,240,339,181" oya="2" hai0="49,42,48,6,45,108,27,51,29,86,129,110,131" hai1="0,94,87,32,83,109,84,112,5,115,80,22,1" hai2="41,70,38,7,71,55,74,116,118,56,54,122,100" hai3="135,67,101,128,16,96,36,132,11,34,66,130,40"/><V125/><F74/><W88/><G34/><T47/><D6/><U52/><E32/><V123/><F100/><W44/><G66/><T2/><D2/><U81/><E109/><N who="0" m="42089" /><D86/><U4/><E22/><V33/><F33/><W65/><G67/><T31/><D27/><U23/><E23/><V79/><F79/><W97/><G65/><T30/><D42/><U114/><E94/><V105/><F105/><W10/><G10/><T15/><D15/><U89/><E52/><V62/><F7/><N who="1" m="2633" /><E89/><V28/><F28/><W68/><G68/><T98/><D98/><U121/><E121/><V53/><F125/><W50/><G36/><T59/><D59/><U75/><E75/><V76/><F76/><W134/><G101/><T93/><D93/><U99/><E99/><V127/><F127/><W102/><G102/><T37/><D37/><U57/><E57/><V120/><F56/><W60/><G60/><T106/><D106/><U18/><E18/><V13/><F13/><N who="3" m="7231" /><G97/><T24/><D24/><U69/><E69/><N who="2" m="26123" /><F62/><W117/><G117/><N who="2" m="45161" /><F38/><W78/><G78/><T14/><D14/><U85/><AGARI ba="1,0" hai="0,1,80,81,83,84,85,87,112,114,115" m="2633" machi="85" ten="40,12000,2" yaku="29,2,28,2,52,3" doraHai="111" who="1" fromWho="1" sc="240,-31,240,123,339,-61,181,-31" /><INIT seed="3,0,0,3,4,57" ten="209,363,278,150" oya="3" hai0="56,94,54,72,89,12,85,109,37,122,99,17,96" hai1="63,36,43,84,45,135,116,32,1,107,112,132,69" hai2="83,10,98,124,127,70,74,88,134,117,105,2,34" hai3="119,26,82,48,3,126,104,27,68,102,103,53,106"/><W55/><G119/><T35/><D109/><U111/><RYUUKYOKU type="yao9" ba="0,0" sc="209,0,363,0,278,0,150,0" hai1="1,32,36,43,45,63,69,84,107,111,112,116,132,135" /><INIT seed="3,1,0,0,4,15" ten="209,363,278,150" oya="3" hai0="40,77,133,9,31,83,18,81,131,129,113,23,52" hai1="104,21,41,70,25,5,1,22,59,121,126,47,107" hai2="10,39,116,20,94,30,53,54,48,124,127,97,44" hai3="60,34,12,111,132,117,105,42,78,109,50,32,66"/><W69/><G117/><T91/><D133/><U68/><E121/><V65/><F116/><W3/><G3/><T74/><D40/><U86/><E5/><V43/><F65/><W67/><G105/><T92/><D113/><U118/><E1/><V2/><F2/><W6/><G132/><T19/><D83/><U76/><E118/><V35/><F35/><W79/><G67/><T95/><D95/><U96/><E59/><V89/><F10/><W27/><G79/><T28/><D9/><U135/><E22/><V112/><F112/><W56/><G78/><T61/><D28/><U80/><E126/><N who="2" m="48171" /><F48/><W73/><G73/><T98/><D31/><U8/><E8/><V63/><F63/><W49/><G6/><T110/><D110/><N who="3" m="41993" /><G12/><T108/><D108/><U128/><E135/><V90/><F90/><W99/><G99/><T24/><D19/><U100/><E104/><V130/><F130/><W103/><G103/><T64/><REACH who="0" step="1"/><D52/><REACH who="0" ten="199,363,278,150" step="2"/><U4/><E4/><V134/><F134/><W115/><G115/><T75/><D75/><U71/><E128/><V16/><F30/><N who="3" m="19551" /><G34/><T106/><D106/><U13/><E107/><V11/><F53/><N who="3" m="31791" /><G50/><T125/><D125/><U62/><E100/><V7/><F54/><W46/><G42/><T85/><D85/><U72/><E86/><V36/><F43/><W120/><G46/><T33/><D33/><U37/><E41/><V114/><F44/><W29/><G29/><T45/><D45/><U14/><E47/><V51/><F51/><W0/><G0/><T122/><D122/><AGARI ba="1,1" hai="60,66,69,120,122" m="31791,19551,41993" machi="122" ten="30,2900,0" yaku="14,1,10,1" doraHai="15" who="3" fromWho="0" sc="199,-32,363,0,278,0,150,42" /><INIT seed="3,2,0,3,1,128" ten="167,363,278,192" oya="3" hai0="111,82,60,47,40,57,23,97,61,12,103,2,90" hai1="86,1,0,72,38,113,121,7,28,104,73,81,19" hai2="32,101,44,115,29,120,11,88,94,21,49,45,133" hai3="33,105,20,56,31,100,80,132,127,8,95,92,22"/><W110/><G127/><T5/><D111/><U65/><E113/><V71/><F115/><W51/><G110/><T24/><D2/><U107/><E121/><V13/><F71/><W17/><G105/><T87/><D5/><U114/><E19/><V6/><F120/><W135/><G80/><T16/><D24/><U52/><E114/><V39/><F39/><W130/><G130/><T68/><D68/><U75/><E65/><V3/><F101/><W55/><G8/><T76/><D76/><U112/><E112/><V9/><F32/><W37/><G37/><T119/><D119/><U79/><E28/><V85/><F133/><N who="3" m="51275" /><G100/><T53/><D61/><U99/><E38/><V46/><F21/><N who="3" m="8299" /><G17/><T70/><D70/><U78/><E104/><V118/><F29/><W25/><AGARI ba="2,0" hai="25,31,33,51,55,56,92,95" m="8299,51275" machi="25" ten="30,11700,0" yaku="20,1,52,3" doraHai="128" who="3" fromWho="3" sc="167,-41,363,-41,278,-41,192,123" /><INIT seed="3,3,0,3,0,95" ten="126,322,237,315" oya="3" hai0="54,107,29,114,19,133,8,83,41,73,20,64,86" hai1="87,111,127,10,93,81,121,57,72,80,18,130,100" hai2="1,112,33,25,92,34,122,49,68,131,71,51,40" hai3="16,99,113,13,9,106,76,32,63,109,28,47,36"/><W7/><G113/><T124/><D114/><U125/><E121/><V50/><F112/><W46/><G109/><T66/><D73/><U104/><E111/><V77/><F1/><W3/><G76/><T105/><D124/><N who="1" m="47691" /><E130/><V117/><F117/><W60/><G36/><T15/><D133/><U26/><E104/><V62/><F77/><W39/><G39/><T135/><D135/><U27/><E72/><V115/><F115/><W98/><G106/><T129/><D129/><U14/><E81/><V84/><F131/><W38/><G47/><T101/><D41/><U120/><E120/><V22/><F40/><N who="3" m="22807" /><G60/><T11/><D107/><U43/><E43/><V69/><F62/><W103/><G103/><T24/><D54/><U134/><E134/><V59/><F59/><W45/><G63/><T75/><D75/><U128/><E57/><V102/><F122/><W89/><G45/><T56/><D56/><U118/><E118/><V23/><F25/><N who="3" m="18447" /><G89/><T58/><D58/><U123/><E123/><V37/><F37/><W52/><G52/><T116/><D116/><U31/><E31/><V67/><F67/><W6/><G6/><T94/><D105/><U90/><E128/><V132/><F132/><W0/><G0/><T61/><D61/><U74/><E100/><V85/><F102/><W119/><G119/><T4/><D83/><U70/><E27/><V42/><F42/><W17/><G17/><T126/><D126/><U110/><E26/><V79/><F79/><W35/><G35/><N who="2" m="13321" /><F92/><W5/><G5/><T82/><D101/><U53/><E110/><V78/><F78/><RYUUKYOKU ba="3,0" sc="126,-15,322,-15,237,15,315,15" hai2="22,23,49,50,51,68,69,71,84,85" hai3="3,7,9,13,16,98,99" /><INIT seed="3,4,0,5,3,75" ten="111,307,252,330" oya="3" hai0="114,129,109,27,96,80,1,0,107,123,135,71,85" hai1="79,82,90,44,93,91,53,41,25,116,19,78,81" hai2="46,127,70,89,115,103,94,125,97,108,14,8,124" hai3="106,30,77,105,7,126,18,31,111,38,43,3,49"/><W99/><G126/><T132/><D71/><U59/><E116/><V36/><F115/><W17/><G38/><T66/><D66/><U39/><E90/><V6/><F108/><W119/><G119/><T73/><D123/><U128/><E128/><V88/><REACH who="2" step="1"/><F70/><REACH who="2" ten="111,307,242,330" step="2"/><W57/><G111/><T113/><D109/><U5/><E5/><V65/><F65/><W40/><G7/><T61/><D129/><U122/><E122/><V28/><F28/><W101/><G31/><T56/><D114/><U110/><E110/><V86/><F86/><W134/><G30/><T13/><D113/><U133/><E133/><V21/><F21/><W52/><G134/><T120/><D120/><U100/><E100/><V104/><F104/><W131/><G106/><T98/><D85/><U102/><E102/><V37/><F37/><W112/><G112/><T50/><D132/><U32/><E32/><V60/><F60/><W51/><G131/><T33/><D61/><U58/><E39/><V95/><F95/><W20/><G18/><T2/><D107/><U118/><E118/><V74/><F74/><W68/><G68/><T9/><D135/><U83/><E93/><V121/><F121/><W55/><G17/><T117/><D117/><U87/><E19/><V22/><F22/><W15/><G20/><T62/><D62/><U26/><E87/><V35/><F35/><W45/><G105/><T64/><D64/><U67/><E67/><V42/><AGARI ba="4,1" hai="6,8,14,36,42,46,88,89,94,97,103,124,125,127" machi="42" ten="40,8000,1" yaku="1,1,0,1,18,1,54,1,53,0" doraHai="75" doraHaiUra="16" who="2" fromWho="2" sc="111,-24,307,-24,242,102,330,-44" /><INIT seed="4,0,0,0,0,13" ten="87,283,344,286" oya="0" hai0="125,28,123,4,11,39,26,90,73,55,108,132,23" hai1="117,112,79,67,114,22,53,120,46,121,118,99,5" hai2="7,17,30,111,38,37,84,92,45,65,102,8,2" hai3="56,57,29,6,88,89,77,103,104,101,15,119,49"/><T78/><D123/><N who="1" m="47179" /><E79/><V115/><F111/><W20/><G119/><N who="1" m="45578" /><E99/><V106/><F65/><W18/><G77/><T52/><D108/><U133/><E5/><V58/><F58/><N who="3" m="22635" /><G104/><T42/><D125/><U27/><E67/><V34/><F106/><W61/><G61/><T40/><D132/><U122/><E53/><V95/><F7/><W75/><G75/><T60/><D90/><N who="3" m="34921" /><G29/><T109/><D109/><U25/><E46/><V128/><F45/><W82/><G82/><N who="0" m="45391" /><D60/><U98/><E98/><V87/><F30/><W33/><G33/><T51/><D51/><U124/><E122/><V107/><F34/><W113/><G113/><N who="1" m="43626" /><E133/><V70/><F115/><W69/><G69/><T105/><D105/><U64/><E64/><V32/><F107/><W50/><G6/><T1/><D42/><U3/><E3/><V24/><F2/><W110/><G110/><T62/><D62/><U127/><E27/><V12/><F24/><W68/><G68/><T35/><D35/><U54/><E54/><V80/><F32/><W0/><G0/><T76/><D76/><U81/><E81/><V9/><F80/><W41/><G41/><T91/><D91/><U31/><AGARI ba="0,0" hai="22,25,31,124,127" m="43626,45578,47179" machi="31" ten="40,8000,1" yaku="15,1,11,1,34,2" doraHai="13" who="1" fromWho="1" sc="87,-40,283,80,344,-20,286,-20" /><INIT seed="5,0,0,5,5,50" ten="47,363,324,266" oya="1" hai0="67,35,101,94,40,4,9,34,58,38,127,111,12" hai1="117,28,6,45,22,120,112,39,0,88,115,95,134" hai2="13,32,65,107,69,75,36,77,109,125,48,78,119" hai3="18,116,81,66,93,90,87,122,59,17,124,102,135"/><U79/><E117/><V62/><F119/><W52/><G135/><T49/><D111/><U108/><E108/><V61/><F109/><W30/><G122/><T26/><D127/><U118/><E118/><V2/><F2/><W121/><G121/><T43/><D38/><U100/><E100/><V7/><F32/><W72/><G124/><T11/><D35/><U99/><E120/><V14/><F125/><W64/><G30/><T33/><D33/><U44/><E79/><V97/><F75/><W84/><G72/><T53/><D34/><U20/><E134/><V55/><F78/><W113/><G113/><N who="1" m="43594" /><E39/><V129/><F77/><N who="3" m="46127" /><G102/><T91/><D101/><U25/><E22/><V133/><F133/><W123/><G123/><T16/><D67/><N who="3" m="25641" /><G116/><T74/><D74/><U85/><E99/><V126/><F36/><W1/><G1/><T10/><D26/><U89/><E89/><V19/><F65/><W3/><G3/><T80/><D80/><U71/><E71/><V114/><F69/><W92/><G92/><T47/><D4/><U5/><E0/><V27/><F126/><W105/><G105/><T131/><D131/><U82/><E95/><V37/><F129/><W60/><AGARI ba="0,0" hai="17,18,52,59,60,87,90,93" m="25641,46127" machi="60" ten="30,4000,0" yaku="8,1,52,1,54,1" doraHai="50" who="3" fromWho="3" sc="47,-10,363,-20,324,-10,266,40" /><INIT seed="6,0,0,4,0,22" ten="37,343,314,306" oya="2" hai0="100,49,9,67,81,107,13,121,92,133,1,41,10" hai1="47,61,37,73,31,38,64,99,85,97,74,25,116" hai2="51,101,15,135,104,120,109,70,26,87,36,119,4" hai3="3,23,34,126,53,108,118,16,52,27,131,12,117"/><V21/><F120/><W46/><G108/><T82/><D121/><U80/><E116/><V95/><F119/><W42/><G131/><T6/><D107/><U96/><E47/><V14/><F36/><W8/><G126/><T129/><D129/><U105/><E105/><V57/><F70/><W29/><G118/><T72/><D133/><U5/><E5/><V111/><F104/><W78/><G78/><T124/><D124/><U98/><E38/><V122/><F122/><W71/><G71/><T2/><D67/><U103/><E103/><V0/><F0/><W115/><G115/><T7/><D72/><U50/><E50/><V91/><F101/><W58/><G117/><T32/><D13/><U19/><E19/><V130/><F130/><W76/><G76/><T62/><D62/><U128/><E37/><V84/><F84/><W106/><G106/><T134/><D134/><U35/><N who="1" m="24576" /><DORA hai="113" /><U45/><E45/><V54/><F135/><W28/><G28/><T56/><D100/><U75/><E128/><V63/><F63/><W88/><G88/><T83/><D32/><U94/><E94/><V59/><F59/><W132/><G132/><T66/><D92/><U125/><E125/><V77/><F77/><W127/><G127/><T69/><D69/><U112/><E112/><V20/><F20/><W44/><G42/><T114/><D114/><U11/><E11/><N who="2" m="4455" /><F15/><W55/><G58/><T68/><D68/><N who="1" m="41999" /><E74/><V43/><F43/><W39/><G39/><T90/><D90/><U30/><E30/><V86/><F86/><W40/><G40/><T48/><D41/><RYUUKYOKU ba="0,0" sc="37,0,343,0,314,0,306,0" hai0="1,2,6,7,9,10,48,49,56,66,81,82,83" hai1="25,31,35,73,75,80,85" hai2="21,26,51,54,57,87,91,95,109,111" hai3="3,8,12,16,23,27,29,34,44,46,52,53,55" /><INIT seed="6,1,0,1,1,60" ten="37,343,314,306" oya="2" hai0="88,39,28,123,47,11,5,84,108,30,66,80,128" hai1="44,24,40,79,26,82,87,1,92,96,7,54,35" hai2="13,134,65,97,125,102,25,104,6,38,91,37,126" hai3="67,85,73,127,62,95,14,53,133,16,33,122,109"/><V63/><F91/><N who="3" m="53743" /><G33/><T2/><D123/><U18/><E54/><V75/><F13/><W22/><G73/><T74/><D108/><U41/><E41/><V101/><F6/><W69/><G69/><T20/><D128/><U3/><E7/><V132/><F25/><N who="3" m="14535" /><G133/><N who="2" m="51305" /><F102/><W4/><G127/><N who="2" m="48649" /><F75/><W49/><G109/><T19/><D74/><U58/><E26/><V0/><F0/><W68/><G68/><AGARI ba="1,0" hai="37,38,63,65,68,97,101,104" m="48649,51305" machi="68" ten="30,11600,0" yaku="20,1,18,1,23,1,52,1" doraHai="60" who="2" fromWho="3" sc="37,0,343,0,314,119,306,-119" /><INIT seed="6,2,0,1,5,76" ten="37,343,433,187" oya="2" hai0="28,22,123,29,13,36,87,132,116,101,86,61,71" hai1="62,50,53,32,11,120,114,48,30,2,98,83,117" hai2="33,45,82,59,57,78,60,58,99,24,111,72,109" hai3="122,52,23,94,44,80,14,9,7,17,81,129,88"/><V5/><F5/><W41/><G129/><T54/><D123/><U55/><E117/><V35/><F24/><W75/><G122/><T70/><D36/><U126/><E120/><V130/><F130/><W118/><G75/><T47/><D116/><U16/><E32/><V110/><F60/><W133/><G133/><T92/><D132/><U104/><E30/><V8/><F8/><W89/><G118/><T20/><D101/><U6/><E114/><V105/><F45/><W96/><G89/><T93/><D47/><U39/><E39/><V63/><F63/><W128/><G128/><T49/><D61/><U119/><E126/><V12/><F12/><W95/><G95/><T69/><D13/><U127/><E127/><V121/><F121/><W21/><G21/><T68/><D68/><U79/><E98/><V90/><F90/><W115/><G115/><T0/><D70/><U77/><E104/><V56/><F56/><W112/><G112/><T131/><D131/><U65/><E119/><V46/><F46/><W66/><G66/><T107/><D49/><U38/><E38/><V73/><F73/><W134/><G134/><T43/><D43/><U3/><E62/><V51/><F51/><N who="3" m="28775" /><G41/><T91/><D91/><U4/><E65/><V19/><F19/><W113/><G113/><T18/><D18/><U15/><E16/><V103/><AGARI ba="2,0" hai="33,35,57,58,59,72,78,82,99,103,105,109,110,111" machi="103" ten="40,7800,0" yaku="0,1,10,1,52,1" doraHai="76" who="2" fromWho="2" sc="37,-28,343,-28,433,84,187,-28" /><INIT seed="6,3,0,5,2,13" ten="9,315,517,159" oya="2" hai0="55,133,18,95,17,54,99,52,116,98,67,65,110" hai1="59,109,8,41,4,73,120,39,105,47,44,35,25" hai2="38,21,97,78,82,80,74,30,96,100,79,86,75" hai3="29,60,3,115,7,45,93,57,16,34,102,131,46"/><V62/><F38/><W43/><G131/><T68/><D110/><U64/><E109/><V107/><F62/><W81/><G3/><T5/><D68/><U124/><E105/><N who="2" m="63623" /><F21/><W92/><G7/><T9/><D133/><U24/><E73/><N who="2" m="43087" /><F30/><W56/><G115/><T14/><D116/><U70/><E124/><V10/><F10/><W72/><G29/><T2/><D2/><U108/><E108/><V49/><F49/><W28/><G28/><T51/><D51/><U84/><E44/><V63/><F63/><W118/><G34/><T40/><D40/><U31/><E25/><V27/><F27/><W128/><G128/><T126/><D99/><U103/><E59/><V90/><F90/><W15/><G118/><T132/><D132/><U83/><E64/><N who="0" m="24649" /><D126/><U112/><E70/><V36/><F36/><W71/><G71/><T135/><D135/><U42/><E41/><V1/><F1/><W88/><G57/><T85/><D85/><U32/><E32/><V22/><F22/><N who="3" m="11551" /><G72/><T104/><D104/><U58/><E42/><V91/><F107/><W127/><G127/><T94/><D94/><AGARI ba="3,0" hai="74,75,79,82,86,91,94,97" m="43087,63623" machi="94" ten="30,12000,1" yaku="35,5" doraHai="13" who="2" fromWho="0" sc="9,-129,315,0,517,129,159,0" owari="-120,-62.0,315,11.5,646,74.6,159,-24.1" /></mjloggm>