<mjloggm ver="2.3"><GO type="225" lobby="0"/><UN n0="%E5%8C%97%E6%AC%A7%E3%81%AE%E3%82%82%E3%81%93%E3%81%86" n1="%E7%B4%94%E6%BD%94%E3%83%94%E3%83%A9%E3%83%8B%E3%82%A2" n2="%E6%9C%88%E5%B3%B6%E5%9F%BA" n3="%E3%81%BF%E3%81%BF%E3%81%9A" dan="16,16,17,17" rate="2112.41,2183.41,2212.75,2221.39" sx="M,M,M,M"/><TAIKYOKU oya="0"/><INIT seed="0,0,0,1,4,28" ten="250,250,250,250" oya="0" hai0="40,17,10,83,35,96,86,45,49,116,78,9,69" hai1="82,53,101,121,106,80,26,37,63,93,30,72,44" hai2="27,117,52,92,36,16,110,122,90,81,100,88,107" hai3="126,105,108,66,34,57,129,102,131,50,125,98,119"/><T32/><D116/><U123/><E106/><V71/><F122/><W1/><G66/><T5/><D69/><U127/><E127/><N who="3" m="48650" /><G1/><T23/><D96/><U70/><E93/><V18/><F71/><W114/><G119/><T74/><D74/><U112/><E101/><V134/><F36/><W21/><G114/><T120/><D120/><U22/><E82/><V2/><F2/><W54/><G108/><T3/><REACH who="0" step="1"/><D9/><REACH who="0" ten="240,250,250,250" step="2"/><U109/><E123/><V59/><F117/><W68/><G68/><T62/><D62/><U43/><E121/><V103/><F110/><W11/><G11/><T24/><AGARI ba="0,1" hai="3,5,10,17,23,24,32,35,40,45,49,78,83,86" machi="24" ten="20,18000,2" yaku="1,1,0,1,7,1,52,2,53,1" doraHai="28" doraHaiUra="41" who="0" fromWho="0" sc="240,190,250,-60,250,-60,250,-60" /><INIT seed="0,1,0,3,4,21" ten="430,190,190,190" oya="0" hai0="79,80,43,86,37,127,63,45,46,6,8,56,124" hai1="10,84,16,126,28,110,120,114,9,1,29,5,97" hai2="33,51,96,99,20,74,11,72,52,116,66,32,3" hai3="65,68,108,77,57,12,14,15,93,39,130,92,122"/><T2/><REACH who="0" step="1"/><D45/><REACH who="0" ten="420,190,190,190" step="2"/><U24/><E120/><V44/><F74/><W106/><G122/><T19/><D19/><U101/><E16/><V90/><F72/><W36/><G36/><T128/><D128/><U88/><E114/><V48/><F33/><W73/><G39/><T133/><D133/><U4/><E126/><V26/><F32/><W134/><G73/><T42/><D42/><U18/><E18/><V55/><F116/><W40/><G134/><T123/><D123/><U62/><E4/><V22/><F44/><W81/><G40/><T102/><D102/><U89/><E5/><V109/><F3/><W135/><G135/><T38/><D38/><U64/><E101/><V91/><F109/><W23/><G108/><T76/><D76/><U75/><E110/><V61/><F91/><W131/><G77/><T98/><D98/><U60/><E97/><V104/><F90/><W132/><G130/><T103/><D103/><U78/><E75/><V30/><F96/><W54/><G131/><T13/><D13/><U119/><E78/><V107/><F99/><W41/><G132/><T31/><D31/><U118/><E1/><V121/><F121/><W95/><G41/><T17/><D17/><U25/><E84/><V113/><F113/><W67/><G15/><T34/><D34/><U71/><E71/><V47/><F47/><W59/><G68/><T70/><D70/><U50/><E50/><V27/><F30/><W129/><G129/><T94/><D94/><U125/><E125/><V7/><F7/><W117/><G93/><T58/><D58/><U105/><E105/><RYUUKYOKU ba="1,1" sc="420,15,190,15,190,-15,190,-15" hai0="2,6,8,37,43,46,56,63,79,80,86,124,127" hai1="9,10,24,25,28,29,60,62,64,88,89,118,119" /><INIT seed="0,2,1,1,3,120" ten="435,205,175,175" oya="0" hai0="83,104,118,28,114,1,46,54,52,33,56,89,103" hai1="27,48,75,50,66,72,125,4,128,38,39,36,21" hai2="34,53,8,127,45,13,61,59,5,108,105,74,44" hai3="32,43,129,91,60,107,96,113,65,119,55,24,86"/><T90/><D114/><U51/><E125/><V10/><F127/><W116/><G113/><T11/><D118/><U73/><E66/><V111/><F105/><W109/><G43/><T3/><D33/><U92/><E92/><V79/><F34/><W80/><G55/><T97/><D28/><U23/><E4/><V57/><F10/><W19/><G129/><T25/><D25/><U122/><E122/><V64/><F79/><W93/><G107/><T63/><D83/><U131/><REACH who="1" step="1"/><E27/><REACH who="1" ten="435,195,175,175" step="2"/><V134/><F134/><W95/><G95/><T85/><D104/><U87/><E87/><V101/><F74/><W78/><G109/><N who="2" m="42057" /><F101/><W126/><G126/><T67/><D103/><U135/><E135/><V81/><F81/><W133/><G133/><T17/><D85/><U130/><AGARI ba="2,2" hai="21,23,36,38,39,48,50,51,72,73,75,128,130,131" machi="130" ten="50,32000,5" yakuman="40" doraHai="120" doraHaiUra="62" who="1" fromWho="1" sc="435,-162,195,346,175,-82,175,-82" /><INIT seed="1,0,0,5,1,11" ten="273,541,93,93" oya="1" hai0="75,49,117,54,45,6,51,64,105,63,87,133,112" hai1="61,42,102,134,46,121,96,68,130,126,8,120,0" hai2="41,76,18,83,129,48,104,119,135,9,124,100,10" hai3="79,37,66,28,115,52,131,110,1,26,2,44,72"/><U113/><E113/><V80/><F119/><W128/><G115/><T82/><D112/><U132/><E8/><V123/><F123/><W39/><G66/><T29/><D133/><N who="1" m="51307" /><E0/><N who="3" m="106" /><G110/><T95/><D105/><N who="1" m="63687" /><E130/><N who="3" m="49706" /><G79/><T81/><D6/><U85/><E85/><V33/><F76/><W97/><G97/><T53/><D75/><U106/><E106/><V34/><F104/><W89/><G89/><T114/><D114/><U91/><E91/><V57/><F100/><W47/><G72/><T125/><D117/><U108/><E126/><V69/><F124/><W94/><G94/><T30/><D125/><U16/><E16/><V73/><F73/><W5/><G5/><T93/><D93/><U36/><E108/><V70/><F129/><W74/><G74/><T17/><D95/><U12/><E12/><V56/><F135/><W77/><G77/><T15/><D87/><U78/><E78/><V21/><F83/><W27/><G28/><T19/><D82/><U118/><E118/><V101/><F80/><W58/><G27/><T25/><D81/><U4/><E4/><V38/><F101/><W32/><G26/><T50/><D25/><U98/><E98/><V103/><F103/><W109/><G109/><T62/><D17/><U59/><E68/><V127/><F18/><W84/><G84/><T71/><D29/><U20/><E20/><V23/><F127/><W67/><G32/><T99/><D30/><U43/><E43/><V55/><F34/><W122/><G122/><T22/><D99/><U31/><E31/><V40/><F33/><W24/><G24/><T90/><D90/><RYUUKYOKU ba="0,0" sc="273,15,541,15,93,-15,93,-15" hai0="15,19,22,45,49,50,51,53,54,62,63,64,71" hai1="36,42,46,59,61,120,121" /><INIT seed="1,1,0,2,1,66" ten="288,556,78,78" oya="1" hai0="88,131,106,91,124,127,129,12,113,34,16,109,63" hai1="73,9,68,30,98,61,18,52,57,112,6,119,78" hai2="117,48,20,105,93,100,94,42,85,70,115,15,24" hai3="10,103,21,110,26,126,54,65,135,46,47,84,59"/><U36/><E36/><V107/><F117/><W55/><G110/><T89/><D34/><U28/><E112/><V121/><F121/><W75/><G75/><T25/><D106/><U134/><E119/><V69/><F115/><W79/><G126/><N who="0" m="48171" /><D113/><U0/><E134/><V49/><F15/><W80/><G135/><T17/><D109/><U132/><E132/><V71/><F85/><W67/><G103/><T118/><D118/><U44/><E44/><N who="3" m="16938" /><G10/><T23/><D63/><U82/><E18/><V92/><F42/><W56/><G56/><T51/><D51/><U1/><E1/><V64/><F64/><N who="3" m="24651" /><G59/><T74/><D74/><U4/><E4/><V133/><F133/><W95/><G95/><T40/><D40/><U3/><E0/><V5/><F5/><W123/><G123/><T81/><D81/><U13/><E3/><V130/><F100/><W58/><G58/><T22/><AGARI ba="1,0" hai="12,16,17,22,23,25,88,89,91,129,131" m="48171" machi="22" ten="40,5200,0" yaku="18,1,54,2" doraHai="66" who="0" fromWho="0" sc="288,55,556,-27,78,-14,78,-14" /><INIT seed="2,0,0,4,0,64" ten="343,529,64,64" oya="2" hai0="130,41,127,68,9,30,81,79,88,108,18,76,111" hai1="131,17,115,27,7,21,125,121,119,36,1,28,94" hai2="118,22,75,11,31,43,109,55,124,77,26,101,47" hai3="20,89,32,5,98,104,87,63,72,78,71,4,117"/><V116/><F124/><W66/><G32/><T2/><D30/><U58/><E36/><V90/><F109/><W132/><G117/><T3/><D127/><U82/><E125/><V107/><F55/><W103/><G132/><T45/><D130/><U105/><E105/><V106/><F106/><W99/><G99/><T80/><D18/><U83/><E131/><V84/><F77/><W69/><G69/><T93/><D68/><U112/><E58/><V56/><F56/><W29/><G29/><T25/><D25/><U92/><E94/><V59/><F59/><W95/><G20/><T52/><D9/><U34/><E92/><V38/><F75/><W67/><G67/><T60/><D60/><U23/><E23/><V126/><F126/><W53/><G53/><T113/><D113/><U102/><E102/><V129/><F129/><W14/><G14/><T12/><D12/><U70/><E70/><V97/><REACH who="2" step="1"/><F11/><REACH who="2" ten="343,529,54,64" step="2"/><W51/><G51/><N who="0" m="27055" /><D52/><U37/><E37/><V86/><F86/><W91/><G91/><T85/><D111/><U133/><E112/><V50/><F50/><W44/><G44/><T13/><D108/><U33/><E115/><V122/><F122/><W6/><G78/><T0/><D76/><U48/><E48/><V19/><F19/><W57/><G57/><T110/><D110/><U61/><E121/><V114/><F114/><W62/><G62/><T15/><D79/><U54/><E54/><V49/><F49/><W39/><G39/><T96/><D85/><U73/><E17/><V134/><F134/><W128/><G128/><T74/><D74/><AGARI ba="0,1" hai="4,5,6,63,66,71,72,74,87,89,95,98,103,104" machi="74" ten="40,2600,0" yaku="6,1,52,1" doraHai="64" who="3" fromWho="0" sc="343,-26,529,0,54,0,64,36" /><INIT seed="3,0,0,5,0,26" ten="317,529,54,100" oya="3" hai0="105,72,47,12,9,113,33,62,100,50,124,122,82" hai1="15,66,36,75,81,14,129,3,84,53,89,69,0" hai2="43,65,17,60,83,34,44,93,74,46,115,28,131" hai3="4,128,29,85,32,104,110,114,22,91,118,98,2"/><W20/><G114/><T90/><D113/><U63/><E129/><V35/><F115/><W10/><G118/><T25/><D122/><U86/><E75/><V92/><F131/><W1/><G128/><T64/><D124/><U135/><E135/><V127/><F127/><W99/><G110/><T97/><D72/><U37/><E53/><V117/><F117/><W23/><G1/><T120/><D120/><U111/><E111/><V41/><F17/><W54/><G104/><T101/><D101/><U16/><E15/><V38/><F92/><W6/><G6/><T68/><D82/><U71/><E69/><V13/><F13/><W132/><G132/><T121/><D90/><U67/><E66/><V77/><F93/><W79/><G79/><T94/><D94/><U112/><E112/><V103/><F103/><W123/><G123/><T70/><D70/><U30/><E84/><V42/><F28/><W51/><G85/><T130/><D130/><U108/><E30/><V8/><F8/><W7/><G91/><T73/><D73/><U5/><E5/><V11/><F11/><W39/><G7/><T40/><D121/><U58/><E71/><V21/><F21/><W96/><G29/><N who="0" m="19631" /><D12/><U24/><E14/><V31/><F31/><W107/><G107/><T55/><D9/><U116/><E89/><V76/><F76/><W125/><G125/><T95/><D95/><U56/><E86/><V134/><F134/><W61/><G10/><T88/><D88/><U78/><E78/><V52/><F52/><AGARI ba="0,0" hai="40,47,50,52,55,62,64,68,97,100,105" m="19631" machi="52" ten="30,3900,0" yaku="25,1,52,1,54,1" doraHai="26" who="0" fromWho="2" sc="317,39,529,0,54,-39,100,0" owari="356,15.6,529,62.9,15,-48.5,100,-30.0" /></mjloggm>