<mjloggm ver="2.3"><GO type="169" lobby="0"/><UN n0="%68%65%6B%6F%6D%69" n1="%E3%83%A8%E3%83%BC%E3%83%BB%E3%83%9E%E3%82%A4%E3%82%AB" n2="%E7%8C%AA%E7%8B%A9%E5%AE%88" n3="%79%61%73%73%61%6E" dan="16,17,17,16" rate="2134.65,2201.23,2186.09,2186.47" sx="M,M,M,M"/><TAIKYOKU oya="0"/><INIT seed="0,0,0,4,4,81" ten="250,250,250,250" oya="0" hai0="119,77,98,23,130,87,83,82,76,13,134,7,108" hai1="34,128,17,92,84,66,16,116,102,85,0,2,73" hai2="1,45,35,122,79,55,123,14,10,127,63,50,97" hai3="12,89,52,125,58,124,69,26,20,37,39,29,61"/><T43/><BYE who="3" /><D119/><U112/><E116/><UN n3="%79%61%73%73%61%6E" /><V115/><F115/><W75/><G75/><T3/><D134/><U28/><E73/><V131/><F127/><N who="3" m="48715" /><G69/><T15/><D130/><U109/><E34/><V48/><F131/><W80/><G12/><T105/><D108/><U99/><E128/><V106/><F35/><W121/><G121/><T40/><D3/><U100/><E112/><V4/><F79/><W42/><G42/><T120/><D120/><U18/><E109/><V114/><F114/><W64/><G64/><T24/><D98/><U38/><E38/><V107/><F1/><W91/><G91/><T32/><D105/><U31/><E66/><V129/><F107/><W96/><G96/><T36/><D32/><U78/><E78/><V68/><F129/><W135/><G135/><T101/><D101/><N who="1" m="60647" /><E2/><V56/><F68/><W47/><G47/><T44/><D40/><U67/><E67/><V74/><F74/><W51/><G51/><T71/><D71/><U65/><E65/><V22/><F48/><W62/><G62/><T9/><D7/><U59/><E59/><V6/><F6/><W33/><G33/><T94/><D36/><U104/><E0/><V5/><F4/><W53/><G53/><T110/><D110/><U30/><E104/><V103/><F22/><W60/><G60/><T70/><D70/><U46/><E46/><V72/><F72/><W133/><G133/><T93/><D44/><U132/><E132/><V54/><AGARI ba="0,0" hai="5,10,14,45,50,54,55,56,63,97,103,106,122,123" machi="54" ten="20,1500,0" yaku="0,1,7,1" doraHai="81" who="2" fromWho="2" sc="250,-7,250,-4,250,15,250,-4" /><INIT seed="1,0,0,0,0,53" ten="243,246,265,246" oya="1" hai0="100,106,50,121,116,46,56,0,24,3,45,68,39" hai1="93,88,60,129,77,134,33,34,91,80,21,81,51" hai2="71,59,28,38,132,65,87,72,62,52,110,37,112" hai3="125,12,78,19,115,20,64,2,58,117,90,47,7"/><U89/><E129/><V43/><F72/><W103/><G117/><T99/><D68/><U131/><E131/><V30/><F110/><W124/><G103/><T25/><D116/><U4/><E134/><V109/><F109/><W74/><G115/><T40/><D121/><U26/><E4/><V119/><F119/><W17/><G47/><T36/><D56/><U41/><E34/><V127/><F127/><W67/><G90/><N who="1" m="34922" /><E33/><V11/><F112/><W98/><G98/><T27/><REACH who="0" step="1"/><D39/><REACH who="0" ten="233,246,265,246" step="2"/><U83/><E77/><V5/><F37/><W118/><G118/><T108/><D108/><U70/><E70/><V111/><F111/><W76/><G58/><T86/><D86/><N who="1" m="52471" /><E60/><V61/><F87/><W114/><G114/><T120/><D120/><U69/><E69/><V96/><F96/><W107/><G74/><T1/><D1/><U31/><E80/><V133/><F132/><W84/><G84/><T10/><D10/><U44/><AGARI ba="0,1" hai="21,26,31,41,44,51,81,83" m="52471,34922" machi="44" ten="30,3000,0" yaku="8,1,54,1" doraHai="53" who="1" fromWho="1" sc="233,-10,246,40,265,-10,246,-10" /><INIT seed="1,1,0,3,0,2" ten="223,286,255,236" oya="1" hai0="105,55,65,24,8,103,92,49,111,22,116,52,19" hai1="77,20,88,1,39,134,27,0,9,114,131,70,130" hai2="133,85,113,10,38,15,79,80,104,87,41,95,135" hai3="89,4,18,81,34,69,86,121,26,97,59,68,51"/><U47/><E70/><V33/><F33/><W50/><G121/><T112/><D112/><U56/><E77/><V53/><F104/><W94/><G69/><T99/><D116/><U122/><E56/><V60/><F113/><W124/><G124/><T119/><D119/><U106/><E106/><V57/><F38/><W66/><G68/><T46/><D111/><U29/><E114/><V76/><F41/><W96/><G96/><T3/><D65/><U30/><E88/><V28/><F28/><N who="1" m="10857" /><E47/><V110/><F110/><W17/><G34/><T132/><D132/><U25/><E39/><V5/><REACH who="2" step="1"/><F95/><REACH who="2" ten="223,286,245,236" step="2"/><W54/><G94/><T48/><D105/><U44/><E134/><V93/><F93/><W74/><G97/><T84/><D99/><U21/><E122/><V7/><F7/><W127/><G4/><T31/><D31/><U43/><E43/><V12/><F12/><W73/><G127/><T107/><D107/><U71/><E1/><V37/><F37/><W32/><G32/><T126/><D126/><U35/><E35/><V115/><F115/><W16/><G26/><T23/><D3/><U98/><E0/><V91/><F91/><W83/><G83/><AGARI ba="1,1" hai="5,10,15,53,57,60,76,79,80,83,85,87,133,135" machi="83" ten="40,5200,0" yaku="1,1,9,1,52,1,53,0" doraHai="2" doraHaiUra="117" who="2" fromWho="3" sc="223,0,286,0,245,65,236,-55" /><INIT seed="2,0,0,1,4,34" ten="223,286,310,181" oya="2" hai0="65,40,106,51,55,20,22,77,83,69,70,75,5" hai1="71,114,132,82,44,102,109,31,28,7,30,59,111" hai2="58,89,116,43,54,37,25,63,84,91,0,112,74" hai3="17,45,95,39,21,117,14,118,18,15,12,23,64"/><V110/><F112/><W97/><G64/><T86/><D106/><U99/><E114/><V129/><F116/><W107/><G107/><T127/><D127/><U104/><E71/><V123/><F123/><W32/><G32/><T130/><D130/><U38/><E132/><V119/><F74/><W36/><G14/><T9/><D75/><U6/><E82/><V126/><F119/><W120/><G120/><T125/><D125/><U78/><E78/><V122/><F129/><W73/><G73/><T135/><D135/><U133/><E133/><V48/><F37/><W2/><G45/><T85/><D85/><U10/><E59/><V49/><F122/><W33/><G33/><T80/><D80/><U62/><E62/><V87/><F0/><W3/><G95/><T113/><D113/><U24/><E24/><V42/><F25/><W94/><G94/><T29/><D40/><N who="2" m="15402" /><F110/><N who="1" m="41993" /><E44/><V128/><F128/><W115/><REACH who="3" step="1"/><G115/><REACH who="3" ten="223,286,310,171" step="2"/><T11/><D65/><U92/><E104/><V81/><F126/><W61/><G61/><T4/><D70/><U16/><E38/><V124/><F124/><W101/><G101/><T100/><D69/><U53/><E53/><V46/><F46/><W52/><G52/><T76/><D100/><U98/><E92/><AGARI ba="0,1" hai="48,49,54,58,63,81,84,87,89,91,92" m="15402" machi="92" ten="30,1500,0" yaku="8,1" doraHai="34" who="2" fromWho="1" sc="223,0,286,-15,310,25,171,0" /><INIT seed="2,1,0,0,0,39" ten="223,271,335,171" oya="2" hai0="130,44,25,21,64,69,59,111,11,16,23,119,75" hai1="91,12,24,127,82,71,66,86,126,37,1,113,29" hai2="4,34,41,36,47,98,55,76,74,135,13,85,19" hai3="100,18,5,8,48,43,103,121,15,6,79,52,50"/><V35/><F135/><W94/><G121/><T40/><D111/><U128/><E113/><V27/><F74/><W105/><G105/><T14/><D130/><U116/><E116/><V49/><F4/><N who="3" m="1643" /><G79/><T120/><D120/><U122/><E122/><V32/><F98/><W95/><G94/><T87/><D75/><U123/><E123/><V131/><F131/><W112/><G112/><T3/><D3/><U78/><E128/><V101/><F101/><W133/><G133/><T67/><D69/><U10/><E1/><V134/><F134/><W106/><G106/><T20/><D119/><U88/><E37/><V110/><F27/><W56/><G95/><T115/><D115/><U7/><E66/><V54/><F110/><W104/><G104/><T38/><D59/><U132/><E71/><V84/><F76/><W63/><G48/><T31/><REACH who="0" step="1"/><D87/><REACH who="0" ten="213,271,335,171" step="2"/><U102/><E132/><V61/><F84/><W62/><G62/><T90/><D90/><U99/><E102/><V60/><F85/><W58/><G58/><T129/><D129/><U45/><E86/><V93/><F93/><W2/><G2/><T109/><D109/><U80/><E78/><V92/><F92/><W33/><G33/><AGARI ba="1,1" hai="11,14,16,20,21,23,25,31,33,38,40,44,64,67" machi="33" ten="40,5200,0" yaku="1,1,52,1,54,1,53,0" doraHai="39" doraHaiUra="125" who="0" fromWho="3" sc="213,65,271,0,335,0,171,-55" /><INIT seed="3,0,0,4,0,111" ten="278,271,335,116" oya="3" hai0="32,38,127,53,65,25,86,87,97,79,131,66,59" hai1="119,54,29,114,10,91,43,72,105,75,50,106,89" hai2="85,74,93,8,28,57,56,132,0,36,129,68,11" hai3="5,26,30,16,41,126,24,82,77,62,81,96,122"/><W112/><G122/><T37/><D131/><U113/><E29/><V73/><F68/><W88/><G126/><T20/><D32/><U55/><E10/><V128/><F36/><W31/><G5/><T104/><D127/><U22/><E22/><V48/><F28/><W67/><G41/><T15/><D15/><U44/><E43/><V134/><F85/><W21/><G112/><N who="1" m="43114" /><E50/><V107/><F93/><N who="3" m="56359" /><G77/><T110/><D110/><U2/><E44/><V51/><F107/><N who="1" m="40969" /><E2/><AGARI ba="0,0" hai="0,2,8,11,48,51,56,57,73,74,128,129,132,134" machi="2" ten="25,1600,0" yaku="22,2" doraHai="111" who="2" fromWho="1" sc="278,0,271,-16,335,16,116,0" /><INIT seed="4,0,0,5,4,128" ten="278,255,351,116" oya="0" hai0="29,68,86,103,108,92,123,84,27,127,99,49,34" hai1="26,105,37,106,21,73,120,5,42,71,75,7,20" hai2="25,102,55,93,135,134,118,95,63,39,38,117,32" hai3="31,89,36,121,47,67,97,94,24,107,82,18,132"/><T0/><D123/><U133/><E42/><V13/><F13/><W69/><G121/><T40/><D127/><U90/><E120/><V51/><F63/><W74/><G107/><T58/><D68/><U131/><E71/><V126/><F126/><W23/><G69/><T96/><D0/><U76/><E131/><V15/><F15/><W112/><G112/><T12/><D108/><U43/><E43/><V11/><F11/><W119/><G67/><T46/><D12/><U72/><E90/><V114/><F114/><W16/><G119/><N who="2" m="45577" /><F25/><W61/><G61/><T87/><D96/><U113/><E76/><V41/><F32/><W88/><G36/><N who="2" m="13865" /><F41/><W125/><G125/><T80/><REACH who="0" step="1"/><D58/><REACH who="0" ten="268,255,351,116" step="2"/><U56/><E56/><N who="2" m="32895" /><F95/><W130/><G130/><T50/><D50/><U54/><E37/><V30/><F93/><W66/><G47/><T111/><D111/><U62/><E106/><V57/><F57/><W8/><G97/><T52/><D52/><U91/><E54/><V33/><F102/><W45/><G45/><T85/><D85/><U101/><E101/><V129/><F129/><W10/><G66/><T100/><D100/><U109/><E105/><V81/><F81/><AGARI ba="0,1" hai="27,29,34,40,46,49,80,81,84,86,87,92,99,103" machi="81" ten="40,2000,0" yaku="1,1,53,0" doraHai="128" doraHaiUra="14" who="0" fromWho="2" sc="268,30,255,0,351,-20,116,0" /><INIT seed="4,1,0,2,0,99" ten="298,255,331,116" oya="0" hai0="58,132,36,34,113,8,69,124,57,6,82,40,15" hai1="70,9,112,14,123,78,16,23,120,100,77,90,106" hai2="68,20,30,75,52,63,19,64,98,27,7,86,41" hai3="51,88,66,4,92,111,38,31,114,60,3,125,59"/><T10/><D113/><U89/><E70/><V81/><F41/><W122/><G111/><T109/><D109/><U12/><E112/><V17/><F7/><W102/><G114/><T128/><D132/><U110/><E110/><V135/><F75/><W74/><G38/><T134/><D134/><U72/><E72/><V126/><F126/><W97/><G125/><T118/><D34/><U28/><E123/><V96/><F135/><W103/><G74/><T43/><D69/><U44/><E120/><V80/><F80/><W11/><G122/><T73/><D128/><U13/><E28/><V45/><F45/><W1/><G1/><T18/><D118/><U53/><E106/><V105/><F52/><W54/><REACH who="3" step="1"/><G31/><REACH who="3" ten="298,255,331,106" step="2"/><T117/><D124/><U55/><E9/><V95/><F30/><W84/><G84/><T22/><D117/><U76/><E44/><AGARI ba="1,1" hai="3,4,11,44,51,54,59,60,66,88,92,97,102,103" machi="44" ten="30,12000,2" yaku="1,1,7,1,52,2,54,1,53,1" doraHai="99" doraHaiUra="33" who="3" fromWho="1" sc="298,0,255,-123,331,0,106,133" /><INIT seed="5,0,0,4,2,120" ten="298,132,331,239" oya="1" hai0="59,95,105,88,109,43,125,5,85,84,10,115,86" hai1="104,56,27,100,65,48,131,103,46,91,68,8,21" hai2="61,29,110,122,134,123,130,26,78,128,45,126,127" hai3="39,51,79,14,18,17,124,20,53,11,111,97,132"/><U113/><E68/><V73/><F73/><W129/><G39/><T92/><D105/><U34/><E34/><V70/><F78/><W19/><G124/><N who="2" m="47657" /><F45/><W7/><G129/><N who="2" m="49769" /><F61/><W94/><G132/><T135/><D135/><U133/><E133/><V41/><F41/><W121/><G111/><T101/><D115/><U44/><E113/><V83/><F83/><W90/><G79/><T62/><D43/><U28/><E8/><V16/><F70/><W47/><REACH who="3" step="1"/><G121/><REACH who="3" ten="298,132,331,229" step="2"/><T13/><D125/><U74/><E131/><V93/><F110/><W60/><G60/><T57/><D109/><U96/><E74/><V2/><F134/><W118/><G118/><T12/><D59/><U72/><E72/><V82/><F123/><W33/><G33/><T66/><D13/><AGARI ba="0,1" hai="7,11,13,14,17,18,19,20,47,51,53,90,94,97" machi="13" ten="30,3900,0" yaku="1,1,7,1,8,1,53,0" doraHai="120" doraHaiUra="107" who="3" fromWho="0" sc="298,-39,132,0,331,0,229,49" /><INIT seed="6,0,0,5,1,39" ten="259,132,331,278" oya="2" hai0="28,36,42,97,29,126,83,37,32,4,65,130,88" hai1="25,73,103,31,41,125,9,91,26,45,116,133,21" hai2="108,40,107,60,114,46,101,99,61,70,17,19,5" hai3="124,123,109,111,134,122,84,54,55,47,23,100,0"/><V34/><F114/><W67/><G0/><T49/><D126/><U72/><E133/><V121/><F121/><W117/><G100/><T80/><D130/><U56/><E125/><V63/><F34/><W12/><G84/><T74/><D65/><U52/><E116/><V3/><F70/><W14/><G23/><T129/><D129/><U44/><E103/><V30/><F30/><W95/><G95/><T78/><D4/><U27/><E73/><V135/><F108/><W20/><G20/><T85/><D97/><U110/><E72/><V89/><F89/><W48/><G124/><T10/><D10/><U104/><E110/><V119/><F119/><W43/><G67/><T2/><D2/><U68/><E68/><V93/><F135/><W92/><G92/><T7/><D7/><U33/><E104/><V71/><F71/><W69/><G69/><T87/><D74/><U64/><E64/><V1/><F107/><W15/><G134/><T127/><D127/><U66/><E66/><V13/><F1/><W120/><G117/><T77/><D88/><U131/><E131/><V115/><F115/><W6/><G6/><T22/><D22/><U81/><E9/><N who="2" m="4271" /><F3/><W98/><G98/><T106/><D106/><U50/><E33/><V105/><F105/><W94/><G94/><T82/><D80/><U58/><E58/><V51/><AGARI ba="0,0" hai="17,19,40,46,51,60,61,63,93,99,101" m="4271" machi="51" ten="30,3000,0" yaku="8,1,52,1" doraHai="39" who="2" fromWho="2" sc="259,-10,132,-10,331,30,278,-10" /><INIT seed="6,1,0,0,3,46" ten="249,122,361,268" oya="2" hai0="38,80,34,133,7,40,44,15,30,95,130,113,85" hai1="47,71,26,3,1,23,73,103,125,12,114,128,109" hai2="101,16,63,84,6,53,90,117,36,37,100,43,49" hai3="87,60,97,21,96,116,5,35,59,70,74,25,39"/><V122/><F117/><W77/><G70/><T24/><D113/><U132/><E47/><V8/><F122/><W56/><G74/><T64/><D133/><U110/><E12/><N who="2" m="7175" /><F37/><W67/><G35/><T20/><D130/><U62/><E62/><V48/><F36/><W134/><G134/><T78/><D64/><U121/><E103/><N who="2" m="39499" /><F6/><W66/><G5/><T92/><REACH who="0" step="1"/><D20/><REACH who="0" ten="239,122,361,268" step="2"/><U11/><E23/><V118/><F118/><W52/><G116/><T91/><D91/><U131/><E11/><AGARI ba="1,1" hai="7,11,15,24,30,34,38,40,44,78,80,85,92,95" machi="11" ten="40,1300,0" yaku="1,1,53,0" doraHai="46" doraHaiUra="17" who="0" fromWho="1" sc="239,26,122,-16,361,0,268,0" /><INIT seed="7,0,0,5,4,86" ten="265,106,361,268" oya="3" hai0="39,88,87,20,95,70,73,116,43,92,36,14,5" hai1="78,65,38,134,10,18,117,13,0,100,45,1,60" hai2="37,53,50,61,114,59,79,125,98,9,24,16,55" hai3="120,122,109,6,113,118,7,25,123,67,107,31,68"/><W119/><G107/><T12/><D116/><N who="3" m="44585" /><G68/><T130/><D73/><U94/><E117/><V51/><F37/><W135/><G67/><T71/><D130/><U80/><E134/><V77/><F114/><W62/><G62/><T115/><D115/><U99/><E38/><V106/><F125/><W69/><G69/><T32/><D32/><U126/><E45/><V4/><F98/><W83/><G83/><T58/><D70/><U74/><E126/><V66/><F106/><W47/><G47/><T93/><D71/><AGARI ba="0,0" hai="0,1,10,13,18,60,65,71,74,78,80,94,99,100" machi="71" ten="30,1000,0" yaku="7,1" doraHai="86" who="1" fromWho="0" sc="265,-10,106,10,361,0,268,0" owari="255,-14.5,116,-38.4,361,46.1,268,6.8" /></mjloggm>