<mjloggm ver="2.3"><GO type="225" lobby="0"/><UN n0="%E9%A6%AC%E5%BC%95%E7%81%AB%33" n1="%E3%81%AF%E3%82%88%E3%81%8A%E3%81%98%E3%81%95%E3%82%93" n2="%E6%98%93%E5%88%A9%E8%96%A9%E4%BC%AF" n3="%E5%B0%8F%E9%B3%A5%E9%81%8A%E7%B7%B4%E7%84%A1%32%31%E6%AD%B3" dan="16,16,17,16" rate="2122.41,2169.90,2179.99,2179.56" sx="M,M,F,F"/><TAIKYOKU oya="0"/><INIT seed="0,0,0,2,0,38" ten="250,250,250,250" oya="0" hai0="104,46,55,93,92,106,86,81,89,67,69,74,84" hai1="48,57,12,18,122,9,125,128,35,62,88,129,36" hai2="118,73,7,32,29,124,83,16,72,110,49,28,126" hai3="65,76,10,71,51,37,87,105,115,70,4,102,66"/><T112/><D112/><U24/><E36/><V119/><F83/><W1/><G115/><T42/><D74/><N who="2" m="28778" /><F49/><W127/><G127/><N who="2" m="48681" /><F7/><W95/><G105/><T43/><D55/><U75/><E125/><V15/><F32/><W103/><G37/><T39/><D43/><U108/><E75/><V54/><F54/><W91/><G76/><T8/><D93/><U19/><E48/><V40/><F40/><W30/><G30/><N who="2" m="11881" /><F110/><W0/><G0/><T6/><D67/><U41/><E108/><V13/><F13/><W97/><G51/><T82/><D69/><U44/><E35/><V17/><F17/><W94/><G70/><T130/><D130/><U114/><E19/><V100/><F100/><W23/><G71/><T90/><REACH who="0" step="1"/><D92/><REACH who="0" ten="240,250,250,250" step="2"/><U78/><E41/><V132/><F132/><W3/><G66/><T50/><D50/><U21/><E129/><V99/><F99/><W109/><G65/><T61/><D61/><U98/><E62/><V20/><AGARI ba="0,1" hai="15,16,20,118,119" m="11881,48681,28778" machi="20" ten="40,2700,0" yaku="18,1,54,1" doraHai="38" who="2" fromWho="2" sc="240,-13,250,-7,250,37,250,-7" /><INIT seed="1,0,0,0,2,69" ten="227,243,287,243" oya="1" hai0="16,108,52,124,96,135,95,65,90,36,100,97,83" hai1="13,60,21,73,113,5,39,29,78,127,88,9,50" hai2="47,27,19,3,56,46,134,110,94,61,125,63,86" hai3="132,133,48,1,43,67,22,31,26,34,32,42,84"/><U106/><E113/><V92/><F3/><W121/><G121/><T20/><D108/><U87/><E39/><V119/><F110/><W111/><G111/><T64/><D124/><U79/><E106/><V30/><F125/><W12/><G1/><T6/><D135/><N who="3" m="51785" /><G67/><T53/><D36/><U105/><E105/><V93/><F119/><W54/><G84/><N who="0" m="50463" /><D97/><U99/><E127/><V28/><F86/><W129/><G129/><T37/><D37/><U102/><E73/><V33/><F30/><W104/><G104/><T40/><D40/><N who="3" m="15401" /><G12/><N who="0" m="9223" /><D6/><U10/><E99/><V24/><F134/><W130/><G130/><T116/><D116/><U115/><E115/><V2/><F2/><W23/><G34/><T25/><D25/><N who="1" m="16559" /><E102/><V112/><F112/><W118/><G118/><T62/><D53/><U98/><E98/><V68/><F68/><W89/><G89/><T80/><D80/><U70/><E70/><V71/><F71/><W103/><G103/><T126/><D126/><U45/><E9/><V75/><F75/><W0/><G0/><T58/><AGARI ba="0,0" hai="52,58,62,64,65,95,96,100" m="9223,50463" machi="58" ten="30,4000,0" yaku="8,1,54,2" doraHai="69" who="0" fromWho="0" sc="227,40,243,-20,287,-10,243,-10" /><INIT seed="2,0,0,4,0,79" ten="267,223,277,233" oya="2" hai0="72,85,56,96,14,42,86,70,2,8,24,48,71" hai1="44,131,17,76,121,25,30,127,0,27,100,114,61" hai2="115,111,102,106,120,83,84,107,63,18,23,52,50" hai3="65,39,124,109,32,129,67,37,64,128,31,66,35"/><V55/><F115/><W40/><G109/><T97/><D72/><U13/><E114/><V82/><F120/><W95/><G124/><T89/><D2/><U9/><E127/><V91/><F111/><W59/><G95/><T110/><D110/><U98/><E121/><V122/><F122/><W12/><G12/><T73/><D73/><U90/><E131/><N who="3" m="50250" /><G31/><T29/><D71/><U101/><E0/><V116/><F116/><W108/><G108/><T60/><D70/><U77/><E61/><V103/><F106/><W7/><G7/><T123/><D86/><U54/><E90/><V94/><F107/><W88/><G88/><T47/><D24/><N who="1" m="9291" /><E30/><V51/><F63/><N who="3" m="38015" /><G40/><T20/><D20/><U87/><E98/><V119/><F119/><W34/><AGARI ba="0,0" hai="32,34,35,37,39,65,66,67" m="38015,50250" machi="34" ten="40,1500,0" yaku="19,1" doraHai="79" who="3" fromWho="3" sc="267,-4,223,-4,277,-7,233,15" /><INIT seed="3,0,0,4,2,21" ten="263,219,270,248" oya="3" hai0="111,45,38,113,88,0,20,10,134,33,72,80,27" hai1="115,83,63,86,106,59,3,17,43,14,91,22,49" hai2="8,57,103,42,60,133,31,4,37,97,2,114,18" hai3="119,99,74,62,109,128,116,87,46,105,67,135,89"/><W126/><G74/><T15/><D111/><U130/><E130/><V28/><F114/><W56/><G128/><T98/><D113/><U112/><E3/><V104/><F133/><W121/><G121/><T118/><D118/><U32/><E32/><V101/><F101/><W75/><G75/><T26/><D134/><U7/><E106/><V77/><F77/><W54/><G126/><T110/><D110/><U50/><E7/><V1/><F1/><W70/><G135/><T76/><D33/><U122/><E122/><V92/><F18/><W68/><G99/><T30/><D26/><U55/><E50/><V40/><F104/><W82/><G105/><T9/><D15/><U102/><E102/><V129/><F129/><W24/><G46/><T132/><D132/><U95/><E83/><V44/><F40/><W29/><G109/><T35/><D35/><U11/><E11/><V100/><F100/><W23/><REACH who="3" step="1"/><G70/><REACH who="3" ten="263,219,270,238" step="2"/><T69/><D69/><U96/><E96/><V73/><F73/><W66/><G66/><AGARI ba="0,1" hai="2,4,8,28,31,37,42,44,57,60,66,92,97,103" machi="66" ten="30,1000,0" yaku="7,1" doraHai="21" who="2" fromWho="3" sc="263,0,219,0,270,20,238,-10" /><INIT seed="4,0,0,4,5,110" ten="263,219,290,228" oya="0" hai0="34,15,41,117,124,14,81,59,25,57,77,92,129" hai1="118,70,103,40,130,128,54,102,36,119,104,112,48" hai2="7,55,51,76,131,80,111,135,106,11,99,91,8" hai3="17,44,115,16,53,47,0,123,10,71,18,107,19"/><T2/><D117/><U114/><E70/><V39/><F111/><W109/><G109/><T126/><D2/><U60/><E60/><V46/><F39/><W30/><G71/><T63/><D41/><U37/><E104/><V125/><F125/><N who="0" m="48234" /><D92/><U93/><E93/><V73/><F135/><W62/><G107/><T50/><D129/><N who="1" m="49771" /><E102/><V83/><F131/><W32/><G123/><T105/><D105/><U87/><E87/><V127/><F127/><W66/><G115/><N who="1" m="44074" /><E103/><V96/><F96/><W9/><G53/><T64/><D81/><U3/><E3/><V38/><F83/><W132/><G0/><T86/><D86/><U121/><E121/><V5/><F99/><W67/><G132/><T52/><D77/><U28/><E28/><AGARI ba="0,0" hai="14,15,25,28,34,50,52,57,59,63,64" m="48234" machi="28" ten="30,2900,0" yaku="18,1,54,1" doraHai="110" who="0" fromWho="1" sc="263,29,219,-29,290,0,228,0" /><INIT seed="4,1,0,2,1,106" ten="292,190,290,228" oya="0" hai0="31,49,46,101,25,107,14,113,40,36,83,108,69" hai1="96,92,103,87,134,128,109,8,64,65,73,88,78" hai2="63,30,29,131,4,129,116,2,98,124,47,55,72" hai3="17,50,82,58,16,21,91,84,62,3,81,126,26"/><T130/><D113/><U41/><E109/><V9/><F72/><W42/><G126/><T37/><D108/><U56/><E128/><N who="2" m="49227" /><F116/><W135/><G3/><T22/><D130/><U122/><E122/><V79/><F79/><W102/><G102/><T100/><D69/><U51/><E134/><V105/><F124/><W115/><G115/><T43/><D83/><N who="1" m="45519" /><E8/><V68/><F47/><N who="3" m="25975" /><G135/><T112/><D112/><U45/><E56/><N who="2" m="35231" /><F68/><W123/><G123/><T95/><D107/><AGARI ba="1,0" hai="41,45,51,64,65,87,88,92,96,103,107" m="45519" machi="107" ten="30,3900,0" yaku="24,1,52,1,54,1" doraHai="106" who="1" fromWho="0" sc="292,-42,190,42,290,0,228,0" /><INIT seed="5,0,0,2,2,116" ten="250,232,290,228" oya="1" hai0="42,95,46,125,88,23,92,87,2,124,36,86,32" hai1="1,99,57,100,74,82,48,123,7,64,127,90,131" hai2="72,27,113,71,9,13,51,112,62,29,14,20,97" hai3="40,91,75,47,93,5,52,21,11,104,119,58,26"/><U122/><E127/><N who="0" m="48713" /><D32/><U38/><E38/><V89/><F72/><W63/><G75/><T85/><D2/><U70/><E70/><V130/><F130/><W45/><G104/><T114/><D114/><N who="2" m="44138" /><F51/><W83/><G83/><T133/><D133/><U15/><E1/><V6/><F97/><W103/><G103/><T37/><D37/><U106/><E131/><V108/><F89/><W33/><G33/><T80/><D23/><U39/><E39/><V3/><F108/><W28/><G40/><T18/><D18/><U118/><E118/><V73/><F73/><W135/><G135/><T31/><D31/><U0/><E0/><V110/><F110/><W129/><G119/><T59/><D59/><U76/><E90/><V84/><F84/><AGARI ba="0,0" hai="36,42,46,80,84,85,86,87,88,92,95" m="48713" machi="84" ten="30,2000,0" yaku="18,1,54,1" doraHai="116" who="0" fromWho="2" sc="250,20,232,0,290,-20,228,0" /><INIT seed="6,0,0,0,1,111" ten="270,232,270,228" oya="2" hai0="1,78,25,117,113,50,26,86,55,62,84,91,73" hai1="122,27,35,44,69,46,82,98,93,132,7,0,64" hai2="67,37,60,12,10,2,85,76,6,38,66,70,36" hai3="106,9,75,124,57,65,114,23,71,130,15,39,115"/><V53/><F67/><W18/><G75/><T54/><D73/><U21/><E35/><V127/><F127/><W29/><G124/><T19/><D1/><U123/><E132/><V16/><F53/><W112/><G106/><T41/><D41/><U125/><E125/><V135/><F135/><W47/><G71/><T24/><D117/><U22/><E82/><V63/><F63/><N who="3" m="38127" /><G130/><T61/><D19/><U96/><E64/><V110/><F110/><W105/><G105/><T45/><D113/><U83/><E83/><V13/><F76/><W108/><G108/><T79/><D86/><U52/><E69/><V90/><REACH who="2" step="1"/><F16/><REACH who="2" ten="270,232,260,228" step="2"/><W119/><G119/><T80/><D55/><U101/><E52/><V3/><F3/><W134/><G134/><T49/><D79/><U131/><E0/><V118/><F118/><W126/><G126/><T8/><D78/><U32/><E131/><V129/><F129/><W102/><G102/><T31/><D62/><U133/><E133/><V74/><F74/><W20/><G29/><T121/><D61/><U107/><E101/><V94/><AGARI ba="0,1" hai="2,6,10,12,13,36,37,38,60,66,70,85,90,94" machi="94" ten="30,3000,0" yaku="1,1,0,1,53,0" doraHai="111" doraHaiUra="17" who="2" fromWho="2" sc="270,-10,232,-10,260,40,228,-10" owari="260,6.0,222,-17.8,300,40.0,218,-28.2" /></mjloggm>