<mjloggm ver="2.3"><GO type="169" lobby="0"/><UN n0="%34%E9%BA%BB%E3%82%AC%E3%83%81%E5%8B%A2" n1="%E3%80%8E%E3%83%A8%E3%82%B9%E3%82%AC%E3%83%8E%E3%82%BD%E3%83%A9%E3%80%8F" n2="%E3%81%9F%E3%81%8B%E3%81%AA" n3="%E3%82%80%E3%81%97%E6%AD%AF" dan="17,17,19,17" rate="2181.67,2143.93,2248.54,2189.35" sx="M,M,M,M"/><TAIKYOKU oya="0"/><INIT seed="0,0,0,4,4,18" ten="250,250,250,250" oya="0" hai0="21,72,114,17,55,105,100,76,88,127,97,48,117" hai1="73,83,67,27,69,86,119,81,10,5,36,70,92" hai2="24,122,59,96,62,87,58,79,46,8,98,121,131" hai3="2,56,89,26,4,7,35,126,29,130,129,51,15"/><T41/><D114/><U112/><E119/><V11/><F131/><N who="3" m="50187" /><G89/><T23/><D117/><U80/><E36/><V0/><F0/><W34/><G56/><T12/><D127/><U49/><E112/><V102/><F46/><W118/><G51/><T77/><D41/><U101/><E73/><V110/><F110/><W91/><G91/><T20/><D72/><U68/><E67/><V50/><F50/><W93/><G93/><T43/><D43/><U66/><E66/><V108/><F108/><W132/><G118/><T94/><D77/><U13/><E49/><V85/><F24/><W53/><G53/><T38/><D76/><U1/><E27/><V124/><F79/><W52/><G52/><T84/><REACH who="0" step="1"/><D38/><REACH who="0" ten="240,250,250,250" step="2"/><U45/><E45/><AGARI ba="0,1" hai="12,17,20,21,23,45,48,55,84,88,94,97,100,105" machi="45" ten="30,18000,2" yaku="1,1,2,1,7,1,52,3,54,1,53,0" doraHai="18" doraHaiUra="63" who="0" fromWho="1" sc="240,190,250,-180,250,0,250,0" /><INIT seed="0,1,0,1,5,56" ten="430,70,250,250" oya="0" hai0="20,79,97,76,116,98,68,88,5,9,105,4,44" hai1="114,14,82,71,123,90,15,133,65,73,107,91,11" hai2="48,108,54,83,0,102,120,21,63,113,112,62,30" hai3="126,122,96,33,94,12,39,27,40,34,52,43,119"/><T135/><D116/><U67/><E123/><V19/><F120/><W29/><G122/><T13/><D68/><U125/><E107/><V25/><F0/><W49/><G119/><T103/><D135/><U69/><E133/><V47/><F108/><W118/><G118/><T86/><D98/><U45/><E45/><V61/><F102/><W35/><G126/><T53/><D4/><U106/><E106/><V3/><F3/><W1/><G1/><T117/><D117/><U6/><E6/><V18/><REACH who="2" step="1"/><F83/><REACH who="2" ten="430,70,240,250" step="2"/><W101/><G39/><T132/><D132/><U127/><E82/><V24/><F24/><W64/><G12/><T78/><D78/><U70/><E14/><V17/><AGARI ba="1,1" hai="17,18,19,21,25,30,47,48,54,61,62,63,112,113" machi="17" ten="30,12000,2" yaku="1,1,0,1,52,3,53,2" doraHai="56" doraHaiUra="109" who="2" fromWho="2" sc="430,-61,70,-31,240,133,250,-31" /><INIT seed="1,0,0,0,5,117" ten="369,39,373,219" oya="1" hai0="120,17,36,34,44,93,37,32,122,84,6,129,57" hai1="16,64,95,73,70,78,68,77,123,61,31,11,67" hai2="60,108,72,107,99,47,128,97,116,0,85,79,131" hai3="42,58,90,101,59,130,35,14,40,103,98,111,49"/><U45/><E31/><V102/><F0/><W133/><G111/><T83/><D129/><N who="2" m="49738" /><F47/><W106/><G133/><T91/><D6/><U7/><E73/><V118/><F60/><W109/><G109/><T75/><D57/><U82/><E123/><N who="0" m="47145" /><D17/><U88/><E70/><V2/><F2/><W87/><G103/><T15/><D15/><N who="1" m="7295" /><E68/><V86/><F108/><W76/><G76/><N who="1" m="29290" /><E7/><V56/><F56/><W124/><G59/><T115/><D115/><U51/><E61/><V19/><F19/><W25/><G58/><T9/><D9/><U50/><E82/><N who="2" m="45415" /><F97/><W114/><G98/><T92/><D75/><U69/><E69/><V63/><F63/><W20/><G130/><T74/><D74/><U39/><E39/><N who="0" m="14921" /><D44/><U100/><E100/><V10/><F10/><W48/><G101/><T89/><D83/><U121/><E121/><V1/><F1/><W3/><G3/><T30/><D30/><U33/><E33/><V135/><F135/><W5/><G35/><T4/><D4/><U27/><E50/><V62/><F62/><W113/><G49/><T26/><D26/><U22/><E51/><V52/><F116/><W8/><G48/><T13/><D13/><U54/><E45/><V23/><F118/><W18/><G113/><T41/><D41/><U28/><E54/><V80/><F52/><W125/><G114/><T29/><D29/><U55/><E55/><V132/><F132/><W12/><G42/><T96/><AGARI ba="0,0" hai="32,34,84,89,91,92,93,96" m="14921,47145" machi="96" ten="30,7900,0" yaku="13,1,52,3" doraHai="117" who="0" fromWho="0" sc="369,79,39,-39,373,-20,219,-20" /><INIT seed="2,0,0,1,5,116" ten="448,0,353,199" oya="2" hai0="87,28,108,71,29,38,109,31,23,18,134,124,27" hai1="33,105,14,98,99,11,35,53,22,9,43,7,45" hai2="34,73,78,135,106,122,102,91,126,0,132,92,3" hai3="17,94,79,51,24,130,52,39,61,118,59,114,95"/><V64/><F34/><W1/><G118/><T2/><D71/><U6/><E33/><V41/><F41/><W13/><G1/><T57/><D38/><U111/><E35/><V83/><F64/><W65/><G39/><T72/><D72/><U113/><E113/><V119/><F119/><W44/><G114/><T123/><D123/><U66/><E111/><N who="0" m="42569" /><D124/><U49/><E105/><V93/><F0/><W103/><G130/><T20/><D134/><N who="2" m="51242" /><F3/><W104/><G79/><T56/><D2/><U82/><E66/><V121/><F126/><W89/><G24/><N who="0" m="16391" /><D87/><U90/><E22/><V19/><F19/><W58/><G44/><T80/><D80/><U26/><E26/><V129/><F129/><W8/><G104/><T100/><D100/><U15/><E43/><V88/><F102/><W40/><G40/><T12/><D31/><U84/><AGARI ba="0,0" hai="6,7,9,11,14,15,45,49,53,82,84,90,98,99" machi="84" ten="30,4000,0" yaku="0,1,9,1,8,1" doraHai="116" who="1" fromWho="1" sc="448,-10,0,40,353,-20,199,-10" /><INIT seed="3,0,0,4,2,23" ten="438,40,333,189" oya="3" hai0="52,45,126,100,24,1,106,41,47,109,4,19,14" hai1="18,40,94,77,5,78,98,53,51,28,34,42,27" hai2="67,8,79,46,80,21,118,16,129,135,107,83,93" hai3="121,63,75,61,13,6,101,12,26,15,33,39,29"/><W114/><G114/><T58/><D109/><U37/><E5/><V132/><F107/><W112/><G112/><T92/><D106/><U91/><E18/><V64/><F118/><W89/><G121/><T69/><D69/><U54/><E54/><V30/><F129/><W49/><G39/><T97/><D126/><U72/><E37/><V66/><F93/><W35/><G75/><T116/><D116/><U85/><E72/><V108/><F108/><W7/><G101/><T102/><D102/><U104/><E104/><V113/><F113/><W117/><G117/><T50/><D1/><U32/><E34/><V60/><F60/><W105/><G105/><T119/><D119/><U74/><E74/><V62/><F62/><W31/><G49/><T128/><D128/><U124/><E124/><V123/><F46/><W55/><G89/><T122/><D122/><U131/><E131/><V36/><F36/><W38/><G38/><T25/><D4/><U133/><E133/><N who="2" m="51275" /><F79/><W0/><G0/><T82/><D82/><U125/><E125/><V76/><F76/><W70/><G55/><T71/><D71/><U57/><REACH who="1" step="1"/><E98/><REACH who="1" ten="438,30,333,189" step="2"/><V68/><F123/><W65/><G61/><N who="0" m="36039" /><D47/><U88/><E88/><V111/><F111/><W10/><G7/><T99/><D99/><U48/><E48/><V81/><F67/><W95/><G95/><T22/><AGARI ba="0,1" hai="14,19,22,24,25,41,45,50,92,97,100" m="36039" machi="22" ten="30,7900,0" yaku="8,1,52,2,54,1" doraHai="23" who="0" fromWho="0" sc="438,89,30,-20,333,-20,189,-39" /><INIT seed="4,0,0,2,0,70" ten="527,10,313,150" oya="0" hai0="89,132,121,25,116,14,28,100,84,6,128,8,93" hai1="92,109,78,9,49,48,67,18,125,53,131,26,122" hai2="129,119,51,2,97,95,19,80,16,87,82,34,15" hai3="39,24,134,58,83,77,12,32,42,85,114,60,13"/><T66/><D116/><U71/><E109/><V79/><F2/><W45/><G114/><T88/><D121/><U108/><E108/><V21/><F129/><W27/><G134/><T22/><D128/><U0/><E131/><V86/><F34/><W55/><G32/><T36/><D36/><U104/><E104/><V4/><F119/><W98/><G98/><T63/><D132/><U47/><E122/><V99/><F4/><W20/><REACH who="3" step="1"/><G27/><REACH who="3" ten="527,10,313,140" step="2"/><T37/><D37/><U115/><E115/><V1/><F97/><W10/><G10/><T50/><D50/><U96/><E125/><V68/><F99/><W94/><G94/><T74/><D74/><U56/><E26/><V135/><F95/><W69/><G69/><T40/><D100/><U105/><E105/><V62/><F68/><W23/><G23/><T106/><D106/><U103/><E71/><V112/><F112/><W111/><G111/><T107/><D107/><U75/><E75/><V35/><F35/><W73/><G73/><T133/><D133/><U33/><E33/><V90/><F51/><W46/><G46/><T7/><D93/><U54/><E9/><V81/><F21/><W65/><G65/><T29/><D8/><U76/><E67/><V64/><F64/><W59/><G59/><T17/><D66/><U124/><E124/><V120/><F135/><W117/><G117/><T127/><D127/><U11/><E0/><V102/><F1/><W91/><G91/><T38/><D25/><U41/><E54/><V43/><F120/><W113/><G113/><T44/><D22/><U118/><E118/><RYUUKYOKU ba="0,1" sc="527,-15,10,15,313,-15,140,15" hai1="11,18,41,47,48,49,53,56,76,78,92,96,103" hai3="12,13,20,24,39,42,45,55,58,60,77,83,85" /><INIT seed="5,1,1,4,2,118" ten="512,25,298,155" oya="1" hai0="84,25,3,112,44,6,1,89,68,122,93,28,33" hai1="79,81,60,7,31,115,41,110,58,88,36,119,130" hai2="96,109,120,51,80,38,129,101,11,128,131,85,90" hai3="87,17,113,94,39,67,22,5,134,27,98,126,24"/><U19/><E119/><V72/><F38/><W92/><G39/><T104/><D68/><U133/><E115/><V121/><F109/><W70/><G113/><T108/><D108/><U125/><E110/><V61/><F72/><W55/><G126/><T117/><D117/><U20/><E125/><V12/><F51/><W124/><G124/><T62/><D112/><U116/><E116/><V63/><F63/><W50/><G134/><T21/><D104/><U42/><E133/><V34/><F61/><W66/><G70/><T74/><D74/><U83/><E130/><V2/><F34/><W105/><G105/><T14/><D122/><U107/><E107/><N who="2" m="63911" /><F2/><W91/><G24/><T106/><D106/><U100/><E100/><V13/><F13/><W97/><G5/><AGARI ba="1,1" hai="5,11,12,80,85,90,120,121,128,129,131" m="63911" machi="5" ten="30,3900,0" yaku="19,1,52,2" doraHai="118" who="2" fromWho="3" sc="512,0,25,0,298,52,155,-42" /><INIT seed="6,0,0,1,4,60" ten="512,25,350,113" oya="2" hai0="54,38,82,0,85,23,70,10,126,43,33,58,128" hai1="41,30,9,134,52,81,12,110,122,104,3,53,83" hai2="131,49,88,63,16,67,61,17,59,125,86,71,34" hai3="129,93,5,117,25,120,45,91,57,72,14,135,31"/><V28/><F131/><W77/><G120/><T73/><D33/><U90/><E110/><V130/><F130/><W94/><G117/><T95/><D70/><U89/><E104/><V96/><F125/><W29/><G129/><T133/><D128/><U69/><E3/><V92/><F49/><W109/><G109/><T123/><D123/><U4/><E122/><V87/><F28/><W98/><G135/><T1/><D73/><U51/><E134/><V101/><F34/><W100/><G45/><T84/><D133/><U11/><E69/><V62/><F86/><W18/><G77/><T74/><D74/><U124/><E124/><V64/><REACH who="2" step="1"/><F62/><REACH who="2" ten="512,25,340,113" step="2"/><W24/><G31/><T44/><D85/><U132/><E132/><V78/><F78/><W113/><G29/><T97/><D126/><U8/><E30/><V76/><F76/><W116/><G72/><T75/><D75/><U6/><E9/><V111/><F111/><W79/><G79/><T50/><D10/><U21/><E51/><V39/><F39/><W42/><G116/><T121/><D121/><U118/><E118/><V13/><F13/><W55/><G14/><T46/><D23/><U7/><E12/><V47/><F47/><W105/><G25/><T26/><D26/><U115/><E21/><V108/><F108/><W48/><G48/><T102/><D46/><U106/><E8/><V68/><F68/><W65/><G24/><T99/><D99/><U2/><E11/><V32/><F32/><W127/><G98/><T80/><D84/><U36/><E36/><V119/><F119/><W66/><G127/><RYUUKYOKU ba="0,1" sc="512,15,25,-15,340,15,113,-15" hai0="0,1,38,43,44,50,54,58,80,82,95,97,102" hai2="16,17,59,61,63,64,67,71,87,88,92,96,101" /><INIT seed="6,1,1,2,2,78" ten="527,10,355,98" oya="2" hai0="80,118,25,38,34,128,60,56,15,99,95,62,18" hai1="71,22,27,70,61,28,110,69,32,68,100,33,64" hai2="109,40,123,67,94,36,126,13,124,39,1,106,17" hai3="90,120,50,107,130,88,127,2,14,75,91,121,108"/><V48/><F106/><W63/><G2/><T104/><D38/><U30/><E110/><V129/><F1/><W98/><G108/><T125/><D104/><U0/><E0/><V3/><F3/><W111/><G111/><T45/><D45/><U79/><E79/><V134/><F109/><W11/><G75/><T97/><D125/><U96/><REACH who="1" step="1"/><E28/><REACH who="1" ten="527,0,355,98" step="2"/><V74/><F124/><W132/><G127/><T5/><D118/><U65/><E65/><V12/><F126/><W77/><G77/><T29/><D128/><U101/><E101/><V87/><F129/><W52/><G130/><T85/><D5/><U81/><E81/><V23/><F134/><W19/><G132/><T119/><D119/><U9/><E9/><V59/><F123/><W86/><G121/><T131/><D131/><U35/><E35/><V31/><F74/><W102/><G120/><T57/><D29/><U49/><E49/><V6/><F36/><W53/><G63/><T10/><D34/><U24/><E24/><V66/><F39/><W115/><G50/><T93/><D25/><U26/><E26/><V4/><F31/><W83/><G102/><N who="0" m="60719" /><D62/><U133/><E133/><V42/><F66/><W46/><G11/><T37/><D60/><U44/><E44/><N who="2" m="25623" /><F13/><W58/><G46/><T114/><D37/><U43/><E43/><V8/><F40/><W82/><G82/><T72/><D72/><U21/><E21/><V84/><F23/><W92/><G83/><T51/><D51/><U103/><E103/><V41/><F41/><W113/><G53/><T16/><D15/><U105/><AGARI ba="1,2" hai="22,27,30,32,33,61,64,68,69,70,71,96,100,105" machi="105" ten="30,4000,0" yaku="1,1,5,1,0,1,53,0" doraHai="78" doraHaiUra="116" who="1" fromWho="1" sc="527,-11,0,63,355,-21,98,-11" /><INIT seed="7,0,0,5,5,120" ten="516,63,334,87" oya="3" hai0="2,44,47,28,16,22,91,56,82,112,113,107,93" hai1="34,12,41,134,74,118,5,76,111,94,13,60,84" hai2="18,50,135,35,62,109,116,99,61,66,30,64,97" hai3="53,103,127,33,58,70,36,80,85,117,9,67,89"/><W71/><G117/><T46/><D107/><U63/><E34/><V108/><F35/><W86/><G36/><T48/><D2/><U72/><E118/><V132/><F116/><W1/><G33/><T25/><D82/><U49/><E134/><V81/><F81/><W21/><G127/><T45/><D56/><U3/><E3/><V42/><F50/><W126/><G126/><T123/><D123/><U15/><E5/><V51/><F51/><W37/><G37/><T77/><D77/><U11/><E11/><V39/><F39/><W24/><G103/><T100/><D100/><U38/><E38/><V119/><F119/><W69/><G67/><T128/><D128/><U115/><E115/><N who="0" m="44105" /><D28/><U32/><E32/><V31/><REACH who="2" step="1"/><F18/><REACH who="2" ten="516,63,324,87" step="2"/><W43/><G80/><T7/><D7/><U14/><N who="1" m="3072" /><DORA hai="73" /><U68/><E72/><V87/><F87/><W129/><G129/><T90/><D93/><U114/><E114/><V75/><F75/><W40/><G85/><T131/><D131/><U54/><E74/><V95/><F95/><W65/><G86/><T79/><D79/><U105/><E105/><V125/><F125/><W10/><G10/><T6/><D6/><U8/><E8/><V92/><F92/><W83/><G9/><T101/><D16/><U124/><E111/><V29/><F29/><N who="3" m="17551" /><G1/><T27/><D22/><U104/><E41/><AGARI ba="0,1" hai="30,31,41,42,61,62,64,66,97,99,108,109,132,135" machi="41" ten="25,8000,1" yaku="1,1,22,2,52,2,53,0" doraHai="120,73" doraHaiUra="102,96" who="2" fromWho="1" sc="516,0,63,-80,324,90,87,0" owari="516,61.6,-17,-51.7,414,21.4,87,-31.3" /></mjloggm>