<mjloggm ver="2.3"><GO type="169" lobby="0"/><UN n0="%E3%83%80%E3%82%AF%E3%82%BF%E3%83%BC%E3%82%AF%E3%83%AA%E3%83%83%E3%83%97" n1="%E3%82%A2%E3%83%B3%E3%81%95%E3%82%93" n2="%E3%83%8D%E3%82%AA%E3%81%8D%E3%82%85%E3%81%86%E3%82%8A" n3="%72%65%62%65%65%72" dan="19,18,16,16" rate="2254.05,2206.36,2183.57,2165.24" sx="M,M,M,M"/><TAIKYOKU oya="0"/><INIT seed="0,0,0,1,5,17" ten="250,250,250,250" oya="0" hai0="117,37,132,109,14,64,8,94,119,27,6,74,48" hai1="84,131,43,78,91,30,35,102,24,33,90,69,96" hai2="2,118,46,59,108,107,66,71,133,70,41,106,97" hai3="88,10,22,68,124,40,80,63,81,76,113,122,1"/><T89/><D37/><U62/><E131/><V65/><F108/><W34/><G34/><T45/><D132/><U79/><E35/><V11/><F133/><W12/><G113/><T47/><D74/><U53/><E43/><V57/><F118/><W16/><G124/><T3/><D109/><U7/><E7/><V112/><F112/><W95/><G122/><T19/><D64/><U75/><E75/><V110/><F110/><W100/><G100/><T67/><D27/><U134/><E134/><V9/><F97/><W58/><G68/><T60/><D47/><U23/><E33/><V20/><F46/><W52/><G40/><T18/><D18/><U104/><E90/><V126/><F41/><W4/><REACH who="3" step="1"/><G76/><REACH who="3" ten="250,250,250,240" step="2"/><T114/><D114/><U77/><E69/><V56/><F126/><W13/><G13/><T87/><D3/><U125/><E125/><V72/><F2/><W25/><G25/><T38/><D38/><U128/><E128/><V21/><REACH who="2" step="1"/><F59/><REACH who="2" ten="250,250,240,240" step="2"/><W85/><AGARI ba="0,2" hai="1,4,10,12,16,22,52,58,63,80,81,85,88,95" machi="85" ten="20,12000,2" yaku="1,1,0,1,7,1,52,1,54,3,53,0" doraHai="17" doraHaiUra="135" who="3" fromWho="3" sc="250,-60,250,-30,240,-30,240,140" /><INIT seed="1,0,0,0,0,30" ten="190,220,210,380" oya="1" hai0="55,120,23,123,21,49,98,99,18,95,26,71,102" hai1="127,110,54,101,37,46,43,9,116,109,106,122,56" hai2="66,40,108,63,80,11,121,39,13,76,7,6,22" hai3="107,126,28,8,24,64,117,72,47,77,94,87,131"/><U81/><E106/><V62/><F121/><W88/><G126/><T38/><D38/><U112/><E101/><V65/><F108/><N who="1" m="41577" /><E122/><V20/><F6/><W0/><G131/><T86/><D71/><U61/><E81/><V32/><F32/><W57/><G107/><T36/><D36/><U74/><E74/><V78/><F78/><W83/><G47/><T93/><D86/><U114/><E9/><V12/><F40/><W27/><G117/><T129/><D129/><U60/><E127/><V44/><F44/><W17/><G0/><T124/><D124/><U52/><E116/><V5/><F39/><W68/><G68/><T29/><D123/><U104/><E104/><V35/><F35/><W85/><G72/><T111/><D120/><U100/><E100/><V42/><F42/><W53/><G64/><T130/><D130/><U25/><E25/><V89/><F89/><W4/><G4/><T19/><D111/><U70/><E54/><V1/><F1/><W90/><G77/><T103/><REACH who="0" step="1"/><D23/><REACH who="0" ten="180,220,210,380" step="2"/><U33/><E33/><V10/><F76/><W58/><G83/><AGARI ba="0,1" hai="5,7,10,11,12,13,20,22,62,63,65,66,80,83" machi="83" ten="25,3200,0" yaku="22,2,8,1" doraHai="30" who="2" fromWho="3" sc="180,0,220,0,210,42,380,-32" /><INIT seed="2,0,0,4,5,75" ten="180,220,252,348" oya="2" hai0="71,114,48,64,15,128,122,13,32,46,14,81,41" hai1="65,101,74,116,79,34,118,68,87,112,5,67,29" hai2="40,7,110,85,55,12,43,8,135,56,120,88,39" hai3="44,23,25,58,134,69,53,84,103,124,105,132,62"/><V30/><F120/><W28/><G124/><T130/><D114/><U33/><E112/><V133/><F30/><W10/><G69/><T4/><D122/><U113/><E113/><V109/><F39/><W52/><G105/><T61/><D32/><U36/><E74/><V59/><F43/><W47/><G103/><T63/><D63/><U21/><E21/><V129/><F40/><W92/><G10/><T2/><D2/><U115/><E115/><V17/><F7/><W111/><G111/><N who="2" m="42505" /><F129/><W76/><G92/><T0/><D0/><U37/><E5/><V50/><F59/><W82/><REACH who="3" step="1"/><G53/><REACH who="3" ten="180,220,252,338" step="2"/><T93/><D4/><U119/><E68/><V54/><F55/><W49/><G49/><T27/><D93/><AGARI ba="0,1" hai="8,12,17,50,54,56,85,88,93,133,135" m="42505" machi="93" ten="30,5800,0" yaku="14,1,10,1,54,1" doraHai="75" who="2" fromWho="0" sc="180,-58,220,0,252,68,338,0" /><INIT seed="2,1,0,5,1,57" ten="122,220,320,338" oya="2" hai0="11,37,88,114,44,26,22,80,62,76,2,135,47" hai1="33,41,4,24,108,131,25,132,45,100,102,119,118" hai2="109,92,110,70,78,122,106,125,48,38,85,113,121" hai3="83,8,6,17,12,13,46,116,130,97,49,93,91"/><V90/><F38/><W16/><G130/><T124/><D114/><U73/><E131/><V14/><F70/><W128/><G128/><T3/><D135/><U134/><E73/><V71/><F71/><W10/><G116/><T67/><D124/><U50/><E4/><V72/><F48/><W35/><G35/><T74/><D11/><U115/><E115/><V112/><F14/><W105/><G105/><T39/><D39/><U61/><E108/><N who="2" m="41579" /><F106/><W117/><G117/><T111/><D111/><U9/><E50/><V29/><F29/><W81/><REACH who="3" step="1"/><G6/><REACH who="3" ten="122,220,320,328" step="2"/><T69/><D3/><U120/><E119/><V82/><F125/><W52/><AGARI ba="1,1" hai="8,10,12,13,16,17,46,49,52,81,83,91,93,97" machi="52" ten="20,16000,3" yaku="1,1,2,1,0,1,7,1,9,1,8,1,54,2,53,1" doraHai="57" doraHaiUra="87" who="3" fromWho="3" sc="122,-41,220,-41,320,-81,328,173" /><INIT seed="3,0,0,2,3,25" ten="81,179,239,501" oya="3" hai0="33,113,69,126,7,40,62,47,118,121,64,71,128" hai1="32,129,1,107,124,6,13,11,108,123,61,89,117" hai2="122,38,8,76,133,31,72,110,4,51,134,98,88" hai3="119,131,111,28,48,116,29,125,93,58,78,67,24"/><W104/><G104/><T55/><D33/><U73/><E13/><V114/><F38/><W26/><G131/><T36/><D7/><U59/><E59/><V101/><F110/><W66/><G125/><T65/><D118/><U43/><E61/><V135/><F114/><W44/><G111/><T120/><D128/><U90/><E11/><V79/><F122/><N who="0" m="47210" /><D126/><U5/><E90/><V45/><F88/><W14/><G14/><T97/><D97/><U23/><E89/><V10/><F31/><W77/><G58/><N who="0" m="35167" /><D113/><U20/><E20/><V105/><F72/><W75/><G75/><T52/><D52/><U91/><E23/><V115/><F115/><W15/><G15/><T127/><D127/><U112/><E6/><V37/><F10/><W42/><G93/><T34/><D34/><U19/><E5/><V94/><F94/><W35/><G119/><T30/><D30/><U109/><E19/><V83/><F83/><W132/><G116/><T18/><D18/><U63/><E63/><V87/><F87/><W49/><G35/><T53/><D53/><U92/><E92/><V80/><F80/><W102/><G44/><T16/><D16/><U86/><E86/><V84/><F84/><W70/><G70/><AGARI ba="0,0" hai="36,40,47,64,65,69,70,71" m="35167,47210" machi="70" ten="30,2000,0" yaku="34,2" doraHai="25" who="0" fromWho="3" sc="81,20,179,0,239,0,501,-20" /><INIT seed="4,0,0,5,5,65" ten="101,179,239,481" oya="0" hai0="126,133,131,27,13,18,1,86,32,24,132,110,59" hai1="42,10,58,9,31,5,68,2,12,33,78,51,26" hai2="100,125,77,72,66,109,70,75,124,82,40,105,83" hai3="22,28,84,57,69,47,90,36,79,30,46,103,48"/><T80/><D1/><U114/><E78/><N who="2" m="44359" /><F40/><W20/><G69/><T85/><D131/><U94/><E94/><V101/><F109/><W111/><G103/><T29/><D126/><N who="2" m="48746" /><F105/><W34/><G79/><T123/><D123/><U135/><E58/><V21/><F21/><N who="3" m="8299" /><G36/><T96/><D110/><U108/><E51/><V113/><F113/><W104/><G104/><T107/><D27/><U121/><E42/><V62/><AGARI ba="0,0" hai="62,66,70,75,77,83,100,101" m="48746,44359" machi="62" ten="30,2000,0" yaku="18,1,52,1" doraHai="65" who="2" fromWho="2" sc="101,-10,179,-5,239,20,481,-5" /><INIT seed="5,0,0,4,3,52" ten="91,174,259,476" oya="1" hai0="65,19,72,133,75,67,0,4,6,132,21,64,109" hai1="91,22,14,102,24,80,7,134,41,77,96,101,119" hai2="78,9,84,47,53,69,85,112,58,97,70,73,5" hai3="34,125,33,31,54,3,2,121,118,15,90,135,122"/><U82/><E134/><N who="0" m="51817" /><D21/><U26/><E119/><V92/><F112/><W42/><G42/><T48/><D48/><U35/><E35/><V27/><F73/><N who="0" m="28234" /><D19/><U129/><E41/><V25/><F47/><W113/><G90/><T103/><D109/><U116/><E116/><V60/><F70/><W46/><G54/><T88/><D103/><U43/><E43/><V95/><F69/><W66/><G66/><N who="0" m="16899" /><T51/><DORA hai="44" /><D51/><U120/><E101/><N who="2" m="60583" /><F95/><W93/><G93/><T57/><D88/><U127/><E91/><V45/><F45/><W74/><G46/><T99/><D99/><U29/><E96/><V32/><F32/><W12/><G74/><T55/><D0/><U105/><E102/><V62/><F62/><W123/><G123/><T130/><D130/><U17/><E120/><V107/><F85/><W86/><G86/><T28/><D28/><U117/><E129/><V106/><F106/><W61/><G31/><T111/><D111/><U114/><E105/><V1/><F107/><W10/><G61/><T81/><D81/><U98/><E98/><V40/><F40/><W128/><G135/><T39/><D39/><U23/><E82/><V49/><F60/><W115/><G128/><T18/><D18/><U13/><E117/><V126/><F84/><W94/><G94/><T36/><D36/><U108/><E108/><V30/><F78/><W104/><G104/><T16/><D16/><N who="1" m="10511" /><E29/><V131/><F131/><W37/><G37/><T100/><D100/><U59/><E17/><V11/><F30/><W89/><G118/><T38/><D38/><U71/><E77/><RYUUKYOKU ba="0,0" sc="91,30,174,-10,259,-10,476,-10" hai0="4,6,55,57" /><INIT seed="6,1,0,1,1,47" ten="121,164,249,466" oya="2" hai0="100,71,86,72,62,94,51,119,58,107,88,17,85" hai1="116,57,21,113,112,117,31,18,53,20,9,106,11" hai2="98,8,91,66,87,131,104,30,34,135,103,74,54" hai3="25,23,59,101,48,0,10,60,35,122,45,69,1"/><V82/><F131/><W111/><G111/><T121/><D121/><U6/><E106/><V16/><F135/><W15/><G69/><T33/><D33/><U128/><E57/><V14/><F66/><W4/><G35/><T79/><D119/><U70/><E70/><V129/><F129/><W65/><G101/><T134/><D134/><U132/><E132/><V26/><F74/><W56/><G56/><T77/><D72/><U90/><E90/><V80/><F54/><W37/><G37/><T89/><D71/><U13/><E53/><V41/><F41/><W36/><G36/><T108/><D108/><U118/><E128/><V95/><AGARI ba="1,0" hai="8,14,16,26,30,34,80,82,87,91,95,98,103,104" machi="95" ten="20,3900,0" yaku="0,1,7,1,54,1" doraHai="47" who="2" fromWho="2" sc="121,-14,164,-14,249,42,466,-14" /><INIT seed="6,2,0,1,2,75" ten="107,150,291,452" oya="2" hai0="72,6,98,1,104,70,130,126,101,25,61,86,9" hai1="92,56,3,88,116,81,90,48,16,135,63,46,97" hai2="45,29,102,107,43,5,4,11,80,65,58,36,91" hai3="120,69,49,15,30,67,85,59,41,53,82,60,108"/><V96/><F29/><W28/><G108/><T12/><D130/><U122/><E116/><V112/><F112/><W123/><G30/><T18/><D126/><U134/><E3/><V19/><F19/><W127/><G127/><T93/><D72/><U66/><E122/><V51/><F91/><W55/><G55/><T119/><D119/><U105/><E105/><V2/><F4/><W111/><G111/><T64/><D25/><U39/><E39/><V83/><REACH who="2" step="1"/><F51/><REACH who="2" ten="107,150,281,452" step="2"/><W13/><G28/><T73/><D6/><U17/><E90/><V42/><F42/><W77/><G123/><T62/><D18/><U24/><E24/><V110/><F110/><W114/><G120/><T57/><D101/><U131/><E131/><V14/><F14/><W133/><G114/><T22/><D12/><U47/><E48/><V32/><F32/><W23/><G41/><T118/><D1/><U121/><E121/><V79/><F79/><W99/><G13/><T0/><D0/><U124/><E124/><V31/><F31/><W125/><G125/><T34/><D34/><U94/><E16/><V38/><F38/><W8/><G23/><T35/><D35/><U95/><E17/><V100/><F100/><W103/><G15/><T40/><D22/><U109/><E109/><V20/><F20/><W87/><G8/><T52/><D9/><U129/><E129/><V84/><F84/><W132/><G87/><T50/><D73/><U71/><E88/><V115/><F115/><W27/><G27/><T78/><D40/><U74/><E74/><V10/><F10/><W68/><G49/><RYUUKYOKU ba="2,1" sc="107,-10,150,-10,281,30,452,-10" hai2="2,5,11,36,43,45,58,65,80,83,96,102,107" /><INIT seed="6,3,1,4,5,44" ten="97,140,311,442" oya="2" hai0="118,41,33,60,128,16,85,13,91,51,43,10,93" hai1="17,126,55,64,57,22,114,6,68,122,115,46,48" hai2="92,9,67,72,135,26,4,75,56,124,20,23,15" hai3="65,73,38,1,83,77,79,2,19,120,45,107,131"/><V110/><F124/><W49/><G120/><T89/><D33/><U81/><E126/><V31/><F135/><W112/><G107/><T36/><D36/><U127/><E127/><V40/><F110/><W29/><G38/><T34/><D34/><U7/><E122/><V24/><F40/><W132/><G29/><T82/><D128/><U14/><E68/><V103/><F67/><W74/><G65/><T5/><D118/><U71/><E71/><V106/><F106/><W54/><G131/><T58/><D5/><U123/><E123/><V111/><F56/><W76/><G76/><T134/><D134/><U97/><E81/><V105/><F105/><W104/><G104/><T129/><D129/><U53/><E97/><V116/><F111/><W47/><G47/><T100/><D100/><U133/><E64/><V18/><REACH who="2" step="1"/><F116/><REACH who="2" ten="97,140,301,442" step="2"/><W63/><G132/><T78/><D43/><U108/><E108/><V69/><F69/><W70/><G70/><T121/><D121/><U119/><E119/><V39/><F39/><W87/><G45/><N who="0" m="26031" /><D93/><U0/><E133/><V30/><F30/><W99/><G83/><T42/><D42/><U11/><REACH who="1" step="1"/><E6/><REACH who="1" ten="97,130,301,442" step="2"/><V25/><F25/><W28/><G28/><T90/><D78/><U37/><E37/><V96/><AGARI ba="3,3" hai="4,9,15,18,20,23,24,26,31,72,75,92,96,103" machi="96" ten="30,6000,0" yaku="1,1,0,1,53,1" doraHai="44" doraHaiUra="27" who="2" fromWho="2" sc="97,-23,130,-23,301,99,442,-23" /><INIT seed="6,4,0,2,3,56" ten="74,107,400,419" oya="2" hai0="129,114,51,53,96,37,15,132,73,32,69,6,67" hai1="38,74,9,123,31,112,43,71,116,66,24,33,23" hai2="62,77,124,64,50,117,39,92,80,72,21,30,12" hai3="34,106,58,22,47,54,95,103,86,20,0,134,91"/><V98/><F117/><W18/><G34/><T52/><D32/><U48/><E116/><V122/><F122/><W55/><G0/><T36/><D73/><U60/><E112/><V75/><F39/><W59/><G134/><T46/><D114/><U82/><E123/><V41/><F124/><W17/><G47/><T87/><D132/><U119/><E119/><V99/><F75/><W111/><G111/><T133/><D133/><U25/><E48/><V14/><F99/><W81/><G106/><T88/><D96/><U84/><E9/><V125/><F125/><W61/><G103/><T104/><D104/><U109/><E38/><V121/><F121/><W7/><G7/><T100/><D100/><U101/><E101/><V90/><F30/><W94/><G20/><T11/><D53/><U102/><E102/><V29/><F50/><W4/><G4/><T127/><D129/><U108/><E43/><V135/><F41/><W130/><G18/><T89/><D89/><U5/><E5/><V83/><F83/><W113/><G113/><T85/><D85/><U45/><E45/><V40/><F40/><W65/><G55/><T79/><D79/><U8/><E8/><V128/><F128/><W70/><G70/><T2/><D2/><U19/><E74/><V57/><REACH who="2" step="1"/><F135/><REACH who="2" ten="74,107,390,419" step="2"/><W1/><G130/><T49/><D49/><U42/><E42/><V76/><F76/><AGARI ba="4,1" hai="19,23,24,25,31,33,60,66,71,76,82,84,108,109" machi="76" ten="30,2000,0" yaku="7,1,52,1" doraHai="56" who="1" fromWho="2" sc="74,0,107,42,390,-32,419,0" /><INIT seed="7,0,0,1,4,110" ten="74,149,358,419" oya="3" hai0="36,112,130,4,68,0,70,16,115,42,38,40,48" hai1="79,55,22,12,123,84,81,74,122,52,80,17,72" hai2="118,132,105,1,120,135,37,51,46,103,33,90,101" hai3="93,78,98,35,104,124,113,25,9,10,94,119,134"/><W126/><G119/><T29/><D29/><U71/><E71/><N who="0" m="27177" /><D16/><U19/><E74/><V15/><F37/><N who="0" m="14442" /><D130/><U109/><E109/><V3/><F120/><W6/><G104/><T65/><D65/><U85/><E72/><V102/><F33/><W53/><G53/><N who="1" m="20554" /><E123/><V58/><F118/><W83/><G134/><T127/><D127/><U91/><E122/><V31/><F90/><W62/><G25/><T64/><D64/><U57/><E17/><V43/><F105/><W69/><G69/><T117/><D117/><U5/><E5/><V76/><F76/><W20/><G6/><T116/><D116/><U39/><E39/><V23/><F31/><W75/><G20/><T67/><D67/><U129/><E129/><V11/><F23/><W95/><G35/><T114/><D48/><U45/><E84/><V61/><F1/><W2/><G94/><T125/><D125/><U44/><E85/><V111/><F3/><W87/><G87/><T26/><D26/><U108/><E108/><V32/><F111/><W54/><G95/><T82/><D82/><U7/><E7/><V121/><F32/><W96/><G93/><T86/><D86/><U13/><E80/><V60/><F121/><W106/><G106/><T92/><D92/><U73/><E81/><V56/><F135/><W89/><G2/><T77/><D77/><U49/><E79/><V97/><F132/><W100/><G75/><T99/><D99/><U88/><E49/><V27/><F97/><W41/><G98/><T59/><D59/><U128/><E57/><V63/><F27/><W28/><G96/><RYUUKYOKU ba="0,0" sc="74,15,149,-15,358,15,419,-15" hai0="0,4,40,42,112,114,115" hai2="11,15,43,46,51,56,58,60,61,63,101,102,103" owari="89,-41.1,134,-26.6,373,17.3,404,50.4" /></mjloggm>