<mjloggm ver="2.3"><GO type="169" lobby="0"/><UN n0="%E2%97%8E%E3%82%88%E3%81%97%E2%97%8E" n1="%E6%8E%A2%39" n2="%42%65%6E%63%68%69%6E%67" n3="%E9%A2%A8%E3%81%A7%E9%B3%B4%E3%81%8F" dan="16,17,16,16" rate="2150.87,2200.84,2103.31,2143.64" sx="M,M,M,M"/><TAIKYOKU oya="0"/><INIT seed="0,0,0,5,2,45" ten="250,250,250,250" oya="0" hai0="12,105,110,114,61,31,27,40,127,25,73,58,66" hai1="88,44,63,48,128,122,81,98,93,49,119,112,111" hai2="71,133,29,41,75,80,79,121,120,22,95,83,86" hai3="131,60,99,85,90,13,5,8,14,84,134,89,38"/><T26/><D114/><U24/><E119/><V51/><F71/><W36/><G131/><T9/><D73/><U77/><E122/><V116/><F116/><W107/><G134/><T1/><D127/><U94/><E128/><V3/><F133/><W102/><G60/><T109/><D105/><U57/><E111/><N who="0" m="42505" /><D40/><U96/><E44/><V123/><F3/><W124/><G124/><T47/><D47/><U69/><E69/><V55/><F41/><W130/><G130/><T59/><D1/><U35/><E112/><V92/><F22/><W132/><G132/><T52/><D31/><U18/><E35/><V20/><F20/><W10/><G85/><T101/><D101/><N who="1" m="60559" /><E81/><V97/><F29/><W82/><REACH who="3" step="1"/><G89/><REACH who="3" ten="250,250,250,240" step="2"/><T19/><D27/><U53/><E77/><V74/><F74/><W125/><G125/><T34/><D34/><U37/><E37/><V50/><F75/><W68/><G68/><T0/><D0/><U126/><E126/><V62/><F97/><W16/><AGARI ba="0,1" hai="5,8,10,13,14,16,36,38,82,84,90,99,102,107" machi="16" ten="20,12000,2" yaku="1,1,0,1,7,1,54,1,53,2" doraHai="45" doraHaiUra="7" who="3" fromWho="3" sc="250,-60,250,-30,250,-30,240,130" /><INIT seed="1,0,0,0,1,115" ten="190,220,220,370" oya="1" hai0="76,123,102,87,126,11,114,59,48,82,92,96,80" hai1="64,53,10,107,24,117,49,133,95,129,13,113,52" hai2="41,118,86,67,2,73,37,83,75,47,124,12,54" hai3="104,101,109,97,120,28,88,9,60,46,103,18,35"/><U58/><E107/><V77/><F124/><W33/><G120/><T31/><D114/><U66/><E113/><V42/><F2/><W125/><G125/><T62/><D126/><U45/><E117/><V135/><F135/><W74/><G74/><T16/><D123/><U99/><E129/><V40/><F118/><W116/><G116/><T61/><D31/><U5/><E24/><V21/><F67/><W71/><G46/><T79/><D48/><U63/><REACH who="1" step="1"/><E133/><REACH who="1" ten="190,210,220,370" step="2"/><V130/><F130/><W94/><G104/><T8/><D59/><U69/><E69/><V56/><F47/><W84/><G71/><T112/><D112/><U106/><E106/><V134/><F134/><W17/><G33/><T57/><D57/><U111/><E111/><V128/><F128/><W127/><G35/><T119/><D119/><U32/><E32/><V100/><F37/><W51/><G109/><T98/><D102/><AGARI ba="0,1" hai="5,10,13,45,49,52,53,58,63,64,66,95,99,102" machi="102" ten="30,12000,1" yaku="1,1,7,1,8,1,54,1,53,1" doraHai="115" doraHaiUra="91" who="1" fromWho="0" sc="190,-120,210,130,220,0,370,0" /><INIT seed="1,1,0,1,0,73" ten="70,340,220,370" oya="1" hai0="87,101,131,58,49,94,130,95,112,64,10,33,113" hai1="123,127,116,50,115,79,3,128,69,40,106,96,0" hai2="98,66,38,125,11,4,107,93,82,23,62,41,22" hai3="126,121,104,20,111,54,15,59,102,27,44,70,134"/><U67/><E115/><N who="0" m="44105" /><D33/><U114/><E114/><V24/><F125/><W30/><G70/><T91/><D10/><U21/><E116/><V47/><F107/><W52/><G126/><T76/><D64/><U133/><E127/><V132/><F132/><W6/><G111/><T1/><D58/><U8/><E123/><V29/><F82/><W35/><G134/><T78/><D49/><U42/><E128/><N who="0" m="49193" /><D1/><U5/><E133/><V34/><F11/><W51/><G121/><T7/><D7/><U19/><E0/><V60/><F4/><W105/><G102/><T9/><D9/><U86/><E50/><V25/><F66/><W84/><G6/><T99/><AGARI ba="1,0" hai="76,78,87,91,94,95,99,101" m="49193,44105" machi="99" ten="40,8000,1" yaku="19,1,34,2,52,2" doraHai="73" who="0" fromWho="0" sc="70,83,340,-41,220,-21,370,-21" /><INIT seed="2,0,0,1,3,76" ten="153,299,199,349" oya="2" hai0="135,7,65,25,102,91,118,89,113,35,117,86,94" hai1="40,45,37,120,107,18,123,104,87,31,54,2,53" hai2="79,42,114,28,108,122,61,116,82,6,27,71,16" hai3="83,30,129,70,8,93,19,63,124,131,109,55,33"/><V62/><F116/><N who="0" m="44650" /><D113/><U80/><E2/><V1/><F122/><N who="1" m="46633" /><E31/><V4/><F114/><W134/><G134/><T9/><D135/><U23/><E107/><V32/><F108/><W90/><G83/><N who="0" m="49375" /><D65/><U64/><E104/><V106/><F106/><W41/><G41/><T101/><D25/><N who="1" m="14583" /><E64/><V24/><F42/><W132/><G132/><T88/><D35/><U52/><E54/><V99/><F99/><W34/><G109/><T39/><D39/><U103/><E103/><N who="0" m="39433" /><D94/><U59/><E59/><V36/><F36/><W98/><G124/><T110/><D110/><U81/><E81/><V5/><F1/><AGARI ba="0,0" hai="1,7,9,88,91" m="39433,49375,44650" machi="1" ten="30,3900,0" yaku="12,1,52,1,54,1" doraHai="76" who="0" fromWho="2" sc="153,39,299,0,199,-39,349,0" /><INIT seed="3,0,0,5,5,60" ten="192,299,160,349" oya="3" hai0="22,43,67,72,32,101,51,71,109,31,78,27,8" hai1="7,42,127,26,100,112,133,24,17,0,25,129,47" hai2="92,121,76,64,2,115,28,35,53,54,41,61,77" hai3="86,66,73,103,117,14,34,12,13,4,10,57,48"/><W59/><G73/><T118/><D118/><U125/><E100/><V122/><F2/><W68/><G117/><T6/><D109/><U62/><E112/><V65/><F115/><W96/><G34/><T81/><D101/><U11/><E129/><V19/><F41/><W130/><G130/><T83/><D81/><U55/><E133/><V88/><F35/><W30/><G30/><T107/><D107/><U80/><E80/><V98/><F28/><W113/><G113/><T114/><D114/><U90/><E90/><V21/><F121/><W49/><G86/><T124/><D124/><N who="1" m="47691" /><E62/><V52/><F122/><W44/><G49/><T85/><D72/><U126/><N who="1" m="47699" /><U1/><DORA hai="70" /><E55/><V84/><F84/><W104/><G68/><T33/><D71/><U87/><E87/><V74/><F74/><W9/><G66/><N who="2" m="25705" /><F61/><W3/><REACH who="3" step="1"/><G10/><REACH who="3" ten="192,299,160,339" step="2"/><T97/><D67/><U110/><E11/><V58/><F58/><W111/><G111/><T20/><D8/><U99/><E110/><V93/><F92/><W37/><G37/><T79/><D32/><U131/><E131/><V123/><F123/><W23/><G23/><T18/><D22/><U89/><E0/><V128/><F128/><W134/><G134/><T50/><D33/><U39/><E1/><V36/><F36/><W132/><G132/><T91/><D20/><U69/><E69/><V46/><F46/><W94/><G94/><T119/><D85/><U108/><E108/><V102/><F102/><W15/><N who="3" m="3072" /><DORA hai="105" /><W5/><G5/><T40/><D6/><U116/><E7/><V75/><F75/><RYUUKYOKU ba="0,1" sc="192,-15,299,-15,160,15,339,15" hai2="19,21,52,53,54,76,77,88,93,98" hai3="3,4,9,44,48,57,59,96,103,104" /><INIT seed="3,1,1,0,0,84" ten="177,284,175,354" oya="3" hai0="32,29,25,118,103,67,108,111,92,8,125,48,19" hai1="45,26,106,53,127,88,22,35,130,42,4,105,16" hai2="110,77,80,96,11,34,132,57,62,3,5,6,51" hai3="78,18,112,98,60,7,120,23,126,59,2,33,135"/><W117/><G33/><T93/><D118/><U15/><E127/><V46/><F110/><N who="0" m="42026" /><D125/><U109/><E109/><V31/><F132/><W1/><G126/><T54/><D67/><U30/><E130/><V66/><F5/><W13/><G112/><T17/><D103/><U124/><E124/><V28/><F96/><W61/><G120/><T113/><D113/><U63/><E4/><V37/><F34/><W115/><G115/><T87/><D87/><U129/><E129/><V43/><REACH who="2" step="1"/><F51/><REACH who="2" ten="177,284,165,354" step="2"/><W41/><G117/><T47/><D17/><U97/><E35/><V95/><F95/><W68/><G98/><T20/><D8/><U58/><E106/><V81/><F81/><W133/><G7/><T12/><AGARI ba="1,2" hai="12,19,20,25,29,32,47,48,54,92,93" m="42026" machi="12" ten="30,1100,0" yaku="14,1" doraHai="84" who="0" fromWho="0" sc="177,34,284,-4,165,-4,354,-6" /><INIT seed="4,0,0,2,0,81" ten="211,280,161,348" oya="0" hai0="133,119,72,11,17,116,94,57,108,83,80,32,13" hai1="99,21,86,114,1,58,52,98,55,8,46,50,77" hai2="105,54,88,96,76,15,70,53,39,117,20,60,123" hai3="71,121,134,63,73,36,56,40,35,16,34,107,78"/><T31/><D133/><U64/><E114/><V41/><F123/><W120/><G107/><T113/><D113/><U126/><E126/><V135/><F135/><W84/><G71/><T43/><D108/><U14/><E64/><V30/><F117/><W19/><G73/><T26/><D43/><U132/><E132/><V131/><F131/><W102/><G102/><T42/><D42/><U109/><E21/><V33/><F76/><W51/><G51/><T110/><D110/><U111/><E1/><V87/><F33/><W24/><G40/><T74/><D94/><U59/><E111/><V89/><F70/><W27/><G36/><T9/><D80/><N who="1" m="47375" /><E109/><V12/><F41/><W28/><G134/><T29/><D29/><U92/><E55/><N who="2" m="21003" /><F105/><W65/><G34/><T6/><D57/><N who="1" m="21515" /><E92/><N who="2" m="56327" /><F60/><W82/><REACH who="3" step="1"/><G27/><REACH who="3" ten="211,280,161,338" step="2"/><T95/><D116/><U90/><E90/><V47/><F39/><W66/><G66/><T48/><D119/><U118/><E118/><V79/><F47/><W44/><G44/><T2/><D72/><U45/><E46/><V103/><F103/><W49/><G49/><T62/><D48/><U67/><E67/><V124/><F124/><W101/><G101/><T22/><D62/><U18/><AGARI ba="0,1" hai="8,14,18,45,50,52,98,99" m="21515,47375" machi="18" ten="30,4000,0" yaku="8,1,52,1,54,1" doraHai="81" who="1" fromWho="1" sc="211,-20,280,50,161,-10,338,-10" /><INIT seed="5,0,0,1,5,56" ten="191,330,151,328" oya="1" hai0="75,38,70,102,25,14,44,114,10,127,2,4,130" hai1="100,82,53,123,95,40,31,86,12,49,91,118,34" hai2="23,57,45,122,109,105,63,106,58,131,83,71,21" hai3="79,135,17,89,13,46,107,36,88,59,35,9,8"/><U42/><E118/><V77/><F122/><W61/><G35/><T69/><D127/><U81/><E123/><V124/><F109/><W87/><G107/><T3/><D130/><U48/><E34/><V76/><F124/><W50/><G36/><T30/><D114/><U11/><E31/><V115/><F131/><W65/><G135/><T20/><D3/><U15/><E15/><V111/><F111/><W116/><G116/><T117/><D117/><U18/><E48/><V84/><F115/><W96/><G96/><T28/><D28/><U74/><E74/><V72/><F45/><W51/><G51/><T99/><D75/><U5/><E5/><V90/><F58/><W94/><G89/><T37/><D2/><U112/><E112/><V125/><F71/><W128/><G128/><T22/><D22/><U92/><E81/><V120/><F120/><W27/><G27/><T133/><D133/><U104/><E104/><V97/><F125/><W78/><G8/><T134/><D134/><U41/><REACH who="1" step="1"/><E100/><REACH who="1" ten="191,320,151,328" step="2"/><V67/><F105/><W24/><REACH who="3" step="1"/><G24/><REACH who="3" ten="191,320,151,318" step="2"/><T132/><D132/><U121/><E121/><V66/><F106/><W33/><G33/><T1/><D38/><U19/><E19/><V62/><F72/><W80/><G80/><T98/><D102/><U129/><E129/><V103/><F103/><W108/><G108/><T113/><D113/><U68/><E68/><N who="0" m="26217" /><D1/><U73/><E73/><V55/><F83/><W32/><G32/><T43/><D25/><U52/><E52/><AGARI ba="0,2" hai="9,13,17,46,50,52,59,61,65,78,79,87,88,94" machi="52" ten="30,12000,2" yaku="1,1,7,1,8,1,52,1,54,2,53,1" doraHai="56" doraHaiUra="60" who="3" fromWho="1" sc="191,0,320,-120,151,0,318,140" /><INIT seed="6,0,0,4,5,39" ten="191,200,151,458" oya="2" hai0="64,134,98,101,42,126,127,26,89,73,7,96,92" hai1="49,113,74,38,85,28,56,124,90,110,80,114,68" hai2="79,22,94,71,95,135,129,65,66,133,88,75,106" hai3="45,50,55,10,72,40,11,47,102,76,23,2,4"/><V61/><F106/><W99/><G23/><T48/><D73/><U16/><E110/><V33/><F33/><W83/><G4/><T0/><D134/><N who="2" m="51210" /><F129/><W132/><G2/><T19/><D64/><U70/><E38/><V67/><F22/><W86/><G72/><T29/><D19/><U116/><E116/><V107/><F107/><W122/><G122/><T121/><D121/><U125/><E74/><V59/><F71/><N who="1" m="27177" /><E28/><V58/><F58/><W1/><G1/><T25/><D0/><U36/><E36/><V46/><F46/><W93/><G132/><T91/><D7/><U97/><E97/><N who="2" m="57543" /><F95/><W118/><G118/><T120/><D120/><U109/><E109/><V112/><F112/><N who="1" m="43113" /><E56/><V34/><F34/><W32/><G32/><T82/><D29/><U8/><E49/><AGARI ba="0,0" hai="10,11,40,45,47,49,50,55,76,83,86,93,99,102" machi="49" ten="30,3900,0" yaku="7,1,8,1,52,1" doraHai="39" who="3" fromWho="1" sc="191,0,200,-39,151,0,458,39" /><INIT seed="7,0,0,0,5,26" ten="191,161,151,497" oya="3" hai0="67,47,61,68,128,38,105,40,15,87,34,124,62" hai1="118,117,71,44,36,77,102,82,60,42,8,58,21" hai2="10,79,112,37,111,103,127,49,72,6,43,22,70" hai3="16,59,75,80,109,91,32,97,74,106,101,131,25"/><W93/><G131/><T35/><D128/><U81/><E102/><V29/><F111/><W66/><G109/><T28/><D105/><U48/><E21/><V73/><F70/><W23/><G32/><T12/><D124/><U3/><E48/><V94/><F37/><W24/><G24/><T76/><D62/><U13/><E3/><V55/><F127/><W0/><G0/><T4/><D28/><U96/><E96/><N who="2" m="59799" /><F72/><W14/><G14/><T9/><D12/><U100/><E100/><V125/><F73/><W31/><G31/><T86/><D86/><U11/><E71/><V85/><F125/><W104/><G104/><T41/><D41/><U90/><E90/><V65/><F112/><W5/><G5/><T46/><D46/><U52/><E8/><V69/><F43/><W113/><G113/><T120/><D120/><U50/><E36/><V129/><F129/><W92/><G106/><T115/><D115/><U54/><E42/><V130/><F130/><W63/><G80/><T53/><D35/><U132/><E132/><V33/><F33/><W7/><G7/><T78/><D34/><U133/><E133/><V20/><F29/><W110/><G110/><T56/><D87/><AGARI ba="0,0" hai="16,23,25,59,63,66,74,75,87,91,92,93,97,101" machi="87" ten="30,2900,0" yaku="7,1,54,1" doraHai="26" who="3" fromWho="0" sc="191,-29,161,0,151,0,497,29" owari="162,-3.8,161,-23.9,151,-34.9,526,62.6" /></mjloggm>