<mjloggm ver="2.3"><GO type="169" lobby="0"/><UN n0="%70%6F%72%66%65%76%72%65" n1="%6F%6B%61%62%65%73%68%69" n2="%53%69%6C%76%65%72%44%46" n3="%E6%9C%AC%E5%AE%B6%E3%81%8B%E3%81%BE%E3%81%A9%E3%82%84" dan="16,17,17,16" rate="2140.64,2220.43,2211.62,2141.60" sx="M,M,M,M"/><TAIKYOKU oya="0"/><INIT seed="0,0,0,3,1,103" ten="250,250,250,250" oya="0" hai0="134,115,77,89,33,120,85,95,29,7,47,73,94" hai1="53,37,105,129,133,0,8,76,82,86,11,125,93" hai2="74,32,108,102,126,56,48,84,26,3,101,96,25" hai3="81,116,63,22,132,135,30,44,70,72,122,67,15"/><T65/><D120/><U107/><E125/><V36/><F74/><W59/><G116/><T34/><D115/><U110/><E129/><V118/><F36/><W121/><G44/><T28/><D7/><U109/><E37/><V130/><F3/><W6/><G70/><T66/><D47/><U100/><E133/><N who="3" m="51274" /><G30/><T5/><D5/><U62/><E0/><V58/><F108/><N who="1" m="41577" /><E8/><V69/><F69/><W68/><G68/><T46/><D46/><U99/><E11/><V87/><F130/><W61/><G61/><T113/><D134/><U16/><E16/><V127/><F96/><W24/><G24/><T4/><D4/><U90/><E53/><V124/><F124/><W104/><G72/><T31/><D113/><U88/><E62/><V38/><F38/><W64/><G64/><T42/><D42/><U79/><E90/><V91/><F91/><W41/><G41/><T106/><D65/><U49/><E49/><V92/><F48/><W51/><G51/><T111/><D66/><U43/><E43/><V128/><F128/><W9/><G22/><T80/><D111/><U75/><E76/><V10/><F10/><W12/><G12/><T35/><REACH who="0" step="1"/><D94/><AGARI ba="0,0" hai="75,79,82,86,88,93,94,99,100,105,107" m="41577" machi="94" ten="30,12000,2" yaku="14,1,34,2,52,2,54,1" doraHai="103" who="1" fromWho="0" sc="250,-120,250,120,250,0,250,0" /><INIT seed="1,0,0,2,3,41" ten="130,370,250,250" oya="1" hai0="113,18,47,63,25,132,125,20,43,105,49,118,37" hai1="7,59,75,116,79,135,78,42,96,112,69,2,51" hai2="82,9,32,67,91,119,72,19,110,92,123,21,131" hai3="3,83,22,61,14,81,27,33,26,53,134,11,62"/><U86/><E116/><V38/><F119/><W52/><G134/><T133/><D118/><U117/><E117/><V40/><F123/><W15/><G3/><T29/><D113/><U126/><E112/><V127/><F32/><W23/><G11/><T66/><D125/><U104/><E69/><V1/><F110/><W129/><REACH who="3" step="1"/><G33/><REACH who="3" ten="130,370,250,240" step="2"/><T109/><D109/><U39/><E135/><V36/><F9/><W88/><G88/><T80/><D105/><U121/><E2/><V122/><F91/><W90/><G90/><T34/><D80/><U73/><E78/><V8/><F8/><W56/><G56/><T106/><D106/><U54/><E79/><V64/><F1/><W12/><G12/><T13/><REACH who="0" step="1"/><D37/><REACH who="0" ten="120,370,250,240" step="2"/><U58/><E39/><V102/><F82/><W45/><G45/><T24/><D24/><U10/><E104/><V31/><F36/><W77/><G77/><T30/><D30/><U55/><E7/><V93/><F31/><W48/><G48/><T60/><D60/><U114/><E51/><V65/><F38/><W128/><AGARI ba="0,2" hai="14,15,22,23,26,27,52,53,61,62,81,83,128,129" machi="128" ten="25,8000,1" yaku="1,1,0,1,22,2,54,1,53,0" doraHai="41" doraHaiUra="130" who="3" fromWho="3" sc="120,-20,370,-40,250,-20,240,100" /><INIT seed="2,0,0,2,4,45" ten="100,330,230,340" oya="2" hai0="78,65,131,104,71,113,10,52,58,4,22,41,17" hai1="82,35,19,66,47,39,23,28,125,29,134,75,5" hai2="108,101,34,1,13,98,53,96,124,63,106,15,30" hai3="94,132,133,68,130,70,91,50,122,57,81,83,126"/><V97/><F1/><W54/><G122/><T44/><D113/><U25/><E125/><V0/><F0/><W49/><G126/><T77/><D104/><U62/><E134/><N who="3" m="51818" /><G130/><T24/><D131/><U135/><E135/><V12/><F124/><W114/><G114/><T127/><D127/><U93/><E28/><V11/><F11/><W72/><G72/><T8/><D71/><N who="3" m="27177" /><G49/><T100/><D65/><U92/><E5/><V61/><F108/><W40/><G40/><T14/><D100/><U3/><E3/><V48/><F106/><W56/><G57/><T64/><D64/><U27/><E47/><V80/><F101/><W2/><G2/><T105/><D105/><U118/><E39/><V116/><F116/><W123/><G123/><T128/><D128/><U7/><E7/><V88/><F30/><W74/><G74/><T95/><D10/><U46/><E46/><N who="2" m="27799" /><F34/><W110/><G110/><T38/><REACH who="0" step="1"/><D95/><REACH who="0" ten="90,330,230,340" step="2"/><U76/><E118/><V119/><F119/><W99/><AGARI ba="0,1" hai="50,54,56,81,83,91,94,99" m="27177,51818" machi="99" ten="30,2000,0" yaku="20,1,52,1" doraHai="45" who="3" fromWho="3" sc="90,-5,330,-5,230,-10,340,30" /><INIT seed="3,0,0,3,2,42" ten="85,325,220,370" oya="3" hai0="80,120,79,53,76,46,10,74,117,26,1,0,35" hai1="38,134,119,65,40,32,82,68,133,9,11,123,6" hai2="69,94,98,34,135,50,87,83,3,105,91,75,24" hai3="111,101,25,78,63,88,125,70,110,118,126,8,44"/><W97/><G118/><T114/><D120/><U37/><E123/><V113/><F3/><W130/><G130/><T107/><D117/><U84/><E119/><V58/><F69/><W56/><G78/><T121/><D121/><U86/><E32/><V16/><F113/><W115/><G70/><T61/><D114/><U81/><E68/><V127/><F127/><N who="3" m="48651" /><G115/><T17/><D107/><U39/><E65/><V106/><F135/><N who="1" m="51721" /><E40/><V131/><F75/><W54/><G25/><T20/><D76/><N who="1" m="46119" /><E6/><V108/><F131/><W95/><G8/><T109/><D109/><N who="3" m="41481" /><G44/><T41/><D10/><U55/><E9/><V30/><F108/><W47/><G47/><T60/><D35/><U128/><E11/><V73/><F73/><W19/><G19/><T29/><D17/><U122/><E122/><V22/><F34/><W18/><G18/><T104/><D104/><U100/><E128/><V77/><F30/><W43/><G43/><T116/><D116/><U33/><E33/><V89/><F77/><W45/><G45/><T112/><D112/><U62/><E37/><V102/><F106/><W66/><G66/><T48/><REACH who="0" step="1"/><D41/><REACH who="0" ten="75,325,220,370" step="2"/><U129/><E129/><V71/><F105/><W49/><G101/><T21/><D21/><U59/><E100/><V31/><F16/><W27/><G27/><T4/><D4/><U51/><E38/><V2/><F102/><W5/><G5/><T57/><D57/><U90/><E39/><V12/><F71/><W92/><G92/><T132/><D132/><U124/><E124/><V15/><F2/><AGARI ba="0,1" hai="0,1,2,20,26,29,46,48,53,60,61,74,79,80" machi="2" ten="40,2600,0" yaku="1,1,52,1,53,0" doraHai="42" doraHaiUra="14" who="0" fromWho="2" sc="75,36,325,0,220,-26,370,0" /><INIT seed="4,0,0,3,5,122" ten="111,325,194,370" oya="0" hai0="72,78,52,71,11,60,38,111,67,84,56,35,58" hai1="102,55,88,134,42,7,123,77,79,40,86,85,18" hai2="103,100,4,61,5,110,121,94,114,22,91,96,8" hai3="75,28,43,74,54,16,12,32,31,124,92,21,0"/><T49/><D35/><U109/><E123/><V6/><F121/><W1/><G43/><T27/><D72/><U117/><E117/><V65/><F114/><W62/><G124/><T97/><D38/><U37/><E134/><V19/><F8/><W89/><G75/><T57/><D27/><U99/><E7/><V90/><F103/><W34/><G74/><T106/><D11/><U26/><E85/><V70/><REACH who="2" step="1"/><F110/><REACH who="2" ten="111,325,184,370" step="2"/><W44/><G1/><T80/><REACH who="0" step="1"/><D111/><REACH who="0" ten="101,325,184,370" step="2"/><U76/><E109/><V133/><F133/><W25/><G34/><T23/><D23/><U83/><E37/><V15/><AGARI ba="0,2" hai="4,5,6,15,19,22,61,65,70,90,91,94,96,100" machi="15" ten="30,4000,0" yaku="1,1,0,1,53,1" doraHai="122" doraHaiUra="17" who="2" fromWho="2" sc="101,-20,325,-10,184,60,370,-10" /><INIT seed="5,0,0,4,5,27" ten="81,315,244,360" oya="1" hai0="97,34,7,40,110,57,123,19,105,11,14,88,35" hai1="92,106,42,51,64,132,65,82,134,99,5,39,126" hai2="20,18,26,74,6,133,10,76,95,31,46,116,59" hai3="114,101,1,13,68,83,60,36,115,16,122,47,84"/><U61/><E106/><V86/><F116/><W98/><G122/><T62/><D110/><U17/><E65/><V120/><F120/><W2/><G68/><T100/><D123/><U48/><E5/><V63/><F133/><N who="1" m="51305" /><E82/><V29/><F74/><W102/><G60/><T96/><D40/><U72/><E72/><V25/><F46/><W33/><G33/><T12/><D97/><U21/><E39/><V45/><F45/><W22/><G47/><T49/><D49/><U93/><E42/><V67/><F26/><W89/><G36/><T109/><D109/><U32/><E32/><V130/><F130/><W37/><G37/><T41/><D41/><U50/><E99/><V53/><F67/><W28/><G98/><T4/><D7/><U90/><E90/><N who="2" m="53719" /><F76/><W81/><G2/><T43/><D43/><U56/><E126/><V85/><F85/><W125/><G1/><T127/><D127/><U38/><E38/><V9/><F6/><W108/><G108/><T3/><D3/><U71/><E71/><V129/><F129/><W131/><G131/><T117/><D117/><U30/><E30/><AGARI ba="0,0" hai="9,10,18,20,25,29,30,31,53,59,63" m="53719" machi="30" ten="30,7700,0" yaku="8,1,52,3" doraHai="27" who="2" fromWho="1" sc="81,0,315,-77,244,77,360,0" /><INIT seed="6,0,0,4,3,51" ten="81,238,321,360" oya="2" hai0="33,3,99,81,24,59,52,118,102,117,98,93,112" hai1="125,5,38,61,40,126,31,123,116,129,90,74,55" hai2="8,46,54,105,58,66,76,87,95,29,10,100,86" hai3="16,113,11,119,107,9,25,50,79,48,88,121,92"/><V64/><F105/><W71/><G119/><T101/><D3/><U30/><E116/><V47/><F29/><W73/><G121/><T63/><D112/><U37/><E74/><V78/><F58/><W45/><G71/><T41/><D41/><U26/><E5/><V15/><F95/><W131/><G131/><T2/><D2/><U111/><E111/><V22/><F22/><W60/><G60/><T27/><D33/><U70/><E123/><V36/><F15/><W19/><G107/><T124/><D124/><N who="1" m="47723" /><E31/><V108/><F100/><W120/><G113/><T68/><D118/><U72/><E72/><V135/><F36/><W109/><G109/><T35/><D117/><U128/><E90/><V53/><REACH who="2" step="1"/><F108/><REACH who="2" ten="81,238,311,360" step="2"/><W18/><G120/><T21/><D35/><U89/><E30/><V115/><F115/><W133/><G25/><T49/><D81/><U91/><E70/><V0/><F0/><W44/><G92/><T80/><D80/><U97/><E26/><V14/><F14/><W7/><G45/><T96/><D21/><U57/><E37/><V6/><F6/><W132/><G44/><T17/><D17/><U43/><E38/><V4/><F4/><W28/><G28/><T12/><D12/><U84/><E97/><N who="0" m="37481" /><D102/><U83/><E91/><V94/><F94/><W75/><G88/><T62/><D68/><U23/><E23/><V32/><F32/><W114/><G19/><T85/><D85/><U13/><E13/><V34/><F34/><W104/><G114/><T103/><D103/><U39/><E39/><V65/><F65/><W122/><G122/><RYUUKYOKU ba="0,1" sc="81,10,238,10,311,10,360,-30" hai0="24,27,49,52,59,62,63,93,99,101" hai1="40,43,55,57,61,83,84,89,128,129" hai2="8,10,46,47,53,54,64,66,76,78,86,87,135" /><INIT seed="6,1,1,1,1,133" ten="91,248,321,330" oya="2" hai0="95,77,102,20,6,15,61,107,39,106,86,50,12" hai1="121,84,26,112,54,59,92,89,75,135,41,1,55" hai2="58,64,129,128,11,25,19,47,127,3,85,110,122" hai3="124,78,56,132,125,5,101,57,94,32,27,36,120"/><V22/><F122/><W52/><G132/><T96/><D39/><U53/><E135/><V91/><F110/><W116/><G116/><T34/><D34/><U123/><E75/><V80/><F47/><W131/><G36/><T30/><D106/><U7/><E112/><V98/><F127/><N who="3" m="48715" /><G131/><N who="2" m="50249" /><F98/><N who="3" m="59607" /><G120/><N who="1" m="46154" /><E41/><V67/><F58/><W43/><G43/><T90/><D50/><N who="1" m="31159" /><E26/><V87/><F87/><W40/><G40/><T51/><D51/><U109/><E109/><V126/><F126/><W13/><G78/><T0/><D0/><U114/><E114/><V63/><F63/><W29/><G52/><N who="1" m="20010" /><E1/><V68/><F68/><W73/><G73/><T60/><D61/><U9/><E9/><AGARI ba="1,1" hai="5,9,13,27,29,32,56,57" m="59607,48715" machi="9" ten="30,7700,0" yaku="18,1,52,3" doraHai="133" who="3" fromWho="1" sc="91,0,248,-80,321,0,330,90" /><INIT seed="7,0,0,4,3,123" ten="91,168,321,420" oya="3" hai0="71,125,16,43,103,24,115,99,124,78,46,127,28" hai1="68,55,104,80,75,88,117,21,84,29,70,86,18" hai2="40,13,17,42,5,2,133,96,33,3,116,47,34" hai3="63,121,76,61,114,12,112,110,26,53,108,126,72"/><W6/><G121/><T32/><D78/><U101/><E117/><V132/><F96/><W69/><G126/><T22/><D71/><U62/><E29/><V129/><F47/><W95/><G69/><T10/><D10/><U54/><E75/><V85/><F85/><W30/><G95/><T8/><D8/><U58/><E101/><V77/><F77/><W105/><G105/><T122/><D122/><U0/><E104/><V97/><F97/><W98/><G98/><T65/><D65/><U52/><E0/><V25/><F42/><W107/><G107/><T51/><D115/><N who="3" m="44073" /><G12/><T35/><REACH who="0" step="1"/><D28/><REACH who="0" ten="81,168,321,420" step="2"/><U7/><E68/><V106/><F116/><W14/><G76/><T74/><D74/><U44/><E70/><V135/><F135/><W56/><G72/><T93/><AGARI ba="0,1" hai="16,22,24,32,35,43,46,51,93,99,103,124,125,127" machi="93" ten="30,7900,0" yaku="1,1,0,1,18,1,54,1,53,0" doraHai="123" doraHaiUra="4" who="0" fromWho="0" sc="81,89,168,-20,321,-20,420,-39" owari="170,-23.0,148,-35.2,301,10.1,381,48.1" /></mjloggm>