<mjloggm ver="2.3"><GO type="169" lobby="0"/><UN n0="%E5%A4%A9%E7%8B%90" n1="%E2%97%8E%E3%82%88%E3%81%97%E2%97%8E" n2="%45%72%77%69%6E%52%64" n3="%61%6E%79%61%64%72%61" dan="16,17,16,16" rate="2099.44,2192.42,2150.40,2154.89" sx="M,M,M,M"/><TAIKYOKU oya="0"/><INIT seed="0,0,0,1,4,63" ten="250,250,250,250" oya="0" hai0="102,124,21,10,85,134,33,130,132,52,4,60,71" hai1="32,30,82,123,38,3,120,56,44,121,98,1,58" hai2="61,28,115,79,37,59,125,94,86,99,22,45,93" hai3="49,13,16,116,88,118,67,84,80,73,55,122,25"/><T128/><D33/><U65/><E30/><V31/><F115/><W62/><G73/><T7/><D102/><U101/><E32/><V47/><F125/><W26/><G122/><T126/><D21/><U119/><E119/><V12/><F37/><W89/><G89/><T110/><D85/><U20/><E20/><V9/><F28/><W54/><G118/><T92/><D92/><U74/><E38/><V48/><F48/><W117/><G117/><T70/><D52/><N who="3" m="20009" /><G49/><T90/><D90/><U29/><E44/><V72/><F72/><W35/><G35/><T87/><D87/><U57/><E29/><V100/><F93/><W83/><G83/><T129/><D110/><U17/><E17/><V68/><F68/><N who="0" m="26154" /><D60/><U18/><E18/><V51/><F86/><W111/><G111/><T42/><D42/><U127/><E127/><N who="0" m="48681" /><D7/><U112/><E112/><V103/><F100/><W39/><G39/><T114/><D114/><U40/><E40/><V66/><F51/><W36/><G36/><T97/><D97/><U0/><E82/><V50/><F50/><W104/><G104/><T131/><N who="0" m="32768" /><DORA hai="133" /><T135/><D135/><U11/><E98/><V34/><F34/><W24/><G116/><T75/><D75/><U14/><E74/><V77/><F22/><N who="3" m="11535" /><G62/><T95/><D95/><U107/><E101/><V53/><F53/><W19/><G19/><T15/><AGARI ba="0,0" hai="4,10,15,132,134" m="32768,48681,26154" machi="15" ten="70,18000,2" yaku="30,2,18,1,19,1,52,3" doraHai="63,133" who="0" fromWho="0" sc="250,180,250,-60,250,-60,250,-60" /><INIT seed="0,1,0,2,0,3" ten="430,190,190,190" oya="0" hai0="69,29,110,92,66,91,30,23,77,58,135,117,39" hai1="120,59,93,115,119,122,94,6,97,76,5,45,14" hai2="15,109,114,126,2,13,107,72,46,50,65,70,78" hai3="38,130,28,63,124,95,42,98,9,123,47,105,37"/><T99/><D117/><U113/><E76/><V56/><F114/><N who="1" m="43529" /><E14/><V83/><F2/><W62/><G124/><T11/><D69/><U96/><E45/><V128/><F107/><W4/><G130/><T8/><D39/><U16/><E16/><V35/><F35/><W100/><G123/><N who="1" m="47146" /><E59/><V129/><F70/><W31/><G37/><T1/><D77/><U64/><E64/><V125/><F56/><W7/><G105/><T25/><D66/><U0/><E0/><V18/><F65/><W87/><G87/><T21/><D58/><U102/><E119/><V48/><F78/><W36/><G36/><T24/><D1/><U51/><E51/><V74/><F18/><W60/><REACH who="3" step="1"/><G9/><REACH who="3" ten="430,190,190,180" step="2"/><T131/><D8/><U61/><E61/><V82/><F46/><W84/><G84/><T49/><D11/><U103/><AGARI ba="1,1" hai="5,6,93,94,96,97,102,103" m="47146,43529" machi="103" ten="30,4000,0" yaku="11,1,52,2" doraHai="3" who="1" fromWho="1" sc="430,-21,190,53,190,-11,180,-11" /><INIT seed="1,0,0,0,4,7" ten="409,243,179,169" oya="1" hai0="131,45,30,117,77,70,68,14,97,74,21,98,22" hai1="123,0,127,52,71,20,119,91,6,24,90,129,133" hai2="31,134,44,99,32,114,48,13,79,128,38,78,82" hai3="121,83,125,40,93,113,85,39,33,75,100,43,23"/><U10/><E123/><V60/><F128/><W108/><G33/><T62/><D117/><U27/><E119/><V84/><F134/><W61/><G113/><T3/><D3/><U81/><E71/><V101/><F114/><W50/><G39/><T42/><D74/><U67/><E67/><V37/><F60/><W36/><G36/><T109/><D77/><U58/><E129/><V26/><F78/><W88/><G121/><T4/><D131/><U66/><E66/><V105/><REACH who="2" step="1"/><F13/><REACH who="2" ten="409,243,169,169" step="2"/><W102/><G61/><T46/><D14/><U53/><E133/><V76/><F76/><W49/><G125/><T73/><D62/><U25/><E127/><V95/><F95/><W15/><G108/><T104/><D109/><U80/><E20/><V28/><F28/><W16/><G75/><T5/><D73/><U65/><E65/><V1/><F1/><W92/><G93/><T89/><D30/><U110/><E110/><V106/><F106/><W56/><G92/><T120/><D104/><U69/><E69/><V54/><AGARI ba="0,1" hai="26,31,32,37,38,44,48,54,79,82,84,99,101,105" machi="54" ten="20,2700,0" yaku="1,1,0,1,7,1,53,0" doraHai="7" doraHaiUra="9" who="2" fromWho="2" sc="409,-7,243,-13,169,37,169,-7" /><INIT seed="2,0,0,0,0,122" ten="402,230,206,162" oya="2" hai0="47,32,108,34,74,128,22,71,2,77,59,124,76" hai1="49,118,27,109,13,16,48,12,62,75,50,81,97" hai2="72,60,114,78,82,18,5,65,101,107,17,103,90" hai3="68,87,40,8,89,110,37,56,11,104,115,125,19"/><V57/><F114/><W132/><G68/><T25/><D71/><U116/><E97/><V4/><F17/><W35/><G35/><T41/><D2/><U98/><E98/><V33/><F33/><W26/><G104/><T38/><D124/><U52/><E109/><V121/><F121/><W24/><G125/><T112/><D112/><U123/><E123/><V113/><F113/><W96/><G132/><T66/><D128/><U117/><E27/><V31/><F31/><W6/><G8/><T129/><D129/><U20/><E13/><V42/><F42/><W53/><G96/><T23/><D23/><U10/><E10/><V51/><F51/><W1/><G115/><T99/><D99/><U120/><E120/><V88/><F107/><W127/><G127/><T84/><D74/><U39/><E39/><V45/><F45/><W54/><G54/><T9/><D9/><U131/><E131/><V119/><F18/><W43/><G19/><T7/><D7/><U14/><E14/><V102/><REACH who="2" step="1"/><F119/><REACH who="2" ten="402,230,196,162" step="2"/><W135/><G43/><T15/><D34/><U28/><E28/><V105/><F105/><W30/><G30/><T83/><D32/><U111/><E49/><V70/><F70/><W92/><G40/><T69/><D69/><U21/><E50/><V79/><F79/><W94/><G37/><T46/><D77/><N who="1" m="44223" /><E48/><V93/><F93/><W133/><G94/><T130/><D130/><U106/><E106/><V29/><F29/><W55/><G92/><T95/><D95/><U58/><E21/><V85/><F85/><W61/><G87/><T126/><D84/><RYUUKYOKU ba="0,1" sc="402,-15,230,15,196,15,162,-15" hai1="12,16,20,52,58,62,111,116,117,118" hai2="4,5,57,60,65,72,78,82,88,90,101,102,103" /><INIT seed="2,1,1,0,0,50" ten="387,245,211,147" oya="2" hai0="27,20,72,93,40,23,69,98,66,89,120,10,5" hai1="46,133,75,31,38,61,29,64,101,116,58,115,73" hai2="19,36,109,9,22,118,16,125,79,11,92,94,76" hai3="44,128,67,32,24,55,84,53,39,43,134,52,96"/><V97/><F118/><W80/><G128/><T63/><D120/><U15/><E116/><V1/><F36/><W112/><G134/><T108/><D108/><U90/><E115/><V77/><F125/><W123/><G123/><T25/><D72/><U26/><E31/><V48/><F109/><W42/><G112/><T106/><D40/><U12/><E101/><V81/><F81/><W74/><G74/><T135/><D106/><U21/><E133/><V70/><F70/><W99/><G67/><T126/><D126/><U33/><E15/><V51/><F1/><W127/><G127/><T86/><D98/><U62/><E90/><V28/><F28/><W14/><G43/><T124/><D135/><U45/><E38/><V88/><F92/><W71/><G71/><T37/><D37/><U91/><E73/><V102/><F102/><W107/><G107/><T41/><D41/><U18/><E75/><V104/><F104/><W68/><G68/><T17/><D124/><U119/><E119/><V129/><F129/><W60/><G60/><T49/><D49/><N who="2" m="19018" /><F19/><W103/><G103/><T59/><D69/><U83/><REACH who="1" step="1"/><E62/><REACH who="1" ten="387,235,211,147" step="2"/><V6/><F6/><W122/><G122/><T111/><D111/><U30/><E30/><V132/><F132/><W47/><G47/><T87/><D5/><U4/><E4/><V114/><F114/><W121/><G121/><T105/><D17/><U85/><AGARI ba="1,2" hai="12,18,21,26,29,33,45,46,58,61,64,83,85,91" machi="85" ten="30,2000,0" yaku="1,1,0,1,53,0" doraHai="50" doraHaiUra="95" who="1" fromWho="1" sc="387,-6,235,43,211,-11,147,-6" /><INIT seed="3,0,0,1,3,32" ten="381,278,200,141" oya="3" hai0="135,87,88,48,39,99,36,119,65,81,124,77,56" hai1="91,20,105,2,47,11,18,82,108,52,57,54,66" hai2="85,50,58,41,123,128,122,42,98,26,130,79,6" hai3="25,35,43,4,40,84,89,63,132,71,14,19,17"/><W120/><G120/><N who="2" m="46121" /><F26/><W70/><G132/><T93/><D119/><U31/><E108/><V109/><F98/><W30/><G4/><T62/><D135/><U74/><E105/><V28/><F28/><W0/><G0/><T112/><D124/><U59/><E31/><V3/><F109/><W113/><G113/><T78/><D112/><U12/><E66/><V121/><F85/><W46/><G63/><T60/><D77/><U24/><E2/><V133/><F79/><W1/><G1/><T107/><D48/><N who="1" m="28703" /><E74/><V49/><F133/><W51/><G43/><N who="2" m="16393" /><F121/><W103/><G103/><T118/><D118/><U114/><E114/><V9/><F58/><W104/><G104/><T117/><D117/><U29/><E54/><V45/><F45/><W72/><G72/><T16/><D107/><U10/><E11/><V126/><F126/><W129/><G129/><AGARI ba="0,0" hai="3,6,9,49,50,128,129,130" m="16393,46121" machi="129" ten="30,3900,0" yaku="19,1,13,1,52,1" doraHai="32" who="2" fromWho="3" sc="381,0,278,0,200,39,141,-39" /><INIT seed="4,0,0,4,5,84" ten="381,278,239,102" oya="0" hai0="0,53,42,132,78,58,104,129,27,6,19,11,69" hai1="24,57,59,3,62,51,86,44,10,25,21,52,99" hai2="81,32,121,91,72,92,22,126,94,112,61,18,9" hai3="116,65,34,43,87,120,70,79,56,97,122,47,130"/><T38/><D104/><U60/><E3/><V101/><F121/><N who="3" m="46699" /><G34/><T49/><D129/><U23/><E10/><V5/><F32/><W135/><G97/><T13/><D69/><U128/><E128/><V106/><F112/><W67/><G79/><T40/><D132/><U118/><E118/><V7/><F126/><W14/><G14/><T83/><D38/><U102/><E86/><V107/><F5/><W123/><N who="3" m="46707" /><W103/><DORA hai="48" /><G103/><T98/><D98/><U82/><E82/><V110/><F110/><W30/><G30/><T76/><D27/><U133/><E133/><V85/><F92/><W80/><G135/><T50/><D50/><U95/><E24/><V12/><F61/><N who="1" m="23657" /><E23/><V71/><F71/><W111/><G70/><T41/><REACH who="0" step="1"/><D83/><REACH who="0" ten="371,278,239,102" step="2"/><U125/><E125/><V16/><F106/><W88/><G130/><T93/><D93/><U108/><E108/><V28/><F107/><W113/><G111/><T64/><D64/><U75/><E75/><V2/><F72/><W66/><G116/><T20/><AGARI ba="0,1" hai="0,6,11,13,19,20,40,41,42,49,53,58,76,78" machi="20" ten="30,6000,0" yaku="1,1,0,1,52,1,53,0" doraHai="84,48" doraHaiUra="131,63" who="0" fromWho="0" sc="371,70,278,-20,239,-20,102,-20" /><INIT seed="4,1,0,5,2,67" ten="441,258,219,82" oya="0" hai0="2,9,109,33,65,48,105,40,115,113,53,126,36" hai1="47,58,112,60,80,75,91,70,118,34,7,55,101" hai2="97,135,74,28,114,31,23,1,15,93,54,124,120" hai3="57,130,29,131,13,98,71,106,76,3,78,25,61"/><T46/><D105/><U96/><E118/><V87/><F120/><W129/><G3/><T100/><D100/><U121/><E121/><V116/><F1/><W88/><G13/><T27/><D126/><U24/><E7/><V62/><F116/><W83/><G106/><T110/><D33/><U59/><E47/><V43/><F74/><W5/><G5/><N who="0" m="1207" /><D65/><N who="1" m="41255" /><E55/><V79/><F43/><W117/><G117/><T107/><D27/><U77/><E91/><V133/><F54/><W119/><G119/><T14/><D14/><U51/><E51/><V49/><F49/><W102/><G102/><T26/><D26/><U122/><E122/><V86/><F62/><W39/><G39/><T22/><D22/><U94/><E94/><V16/><F15/><W128/><N who="3" m="32768" /><DORA hai="50" /><W85/><G98/><T68/><D68/><U32/><E32/><V82/><F93/><W18/><G18/><T104/><D104/><N who="1" m="63527" /><E112/><N who="0" m="43081" /><D107/><U11/><E11/><V99/><F114/><W4/><G4/><T10/><D10/><U66/><E66/><V123/><F23/><N who="3" m="15551" /><G71/><T73/><D73/><U0/><E0/><V64/><F123/><W56/><G56/><AGARI ba="1,0" hai="36,40,46,48,53,56,109,110" m="43081,1207" machi="56" ten="30,2900,0" yaku="15,1,52,1" doraHai="67,50" who="0" fromWho="3" sc="441,32,258,0,219,0,82,-32" /><INIT seed="4,2,0,2,3,47" ten="473,258,219,50" oya="0" hai0="51,128,38,35,104,83,32,31,48,54,119,20,125" hai1="105,134,86,17,135,63,22,64,11,15,110,132,25" hai2="26,52,75,44,24,12,0,50,41,126,120,16,85" hai3="73,112,111,55,57,27,67,92,23,7,45,61,82"/><T13/><D38/><U99/><E110/><V66/><F120/><W100/><G111/><T74/><D104/><U4/><E86/><V34/><F0/><W46/><G112/><T19/><D119/><U6/><E105/><V124/><F75/><W91/><G7/><T5/><D128/><U18/><REACH who="1" step="1"/><E99/><REACH who="1" ten="473,248,219,50" step="2"/><V114/><F114/><W96/><G73/><T40/><D74/><U88/><E88/><V62/><F85/><W10/><G10/><T21/><D83/><U65/><E65/><V9/><F41/><W29/><G82/><T77/><D40/><U68/><AGARI ba="2,1" hai="4,6,11,15,17,18,22,25,63,64,68,132,134,135" machi="68" ten="30,4000,0" yaku="1,1,0,1,20,1,53,0" doraHai="47" doraHaiUra="70" who="1" fromWho="1" sc="473,-22,248,56,219,-12,50,-12" /><INIT seed="5,0,0,5,1,69" ten="451,304,207,38" oya="1" hai0="104,52,105,15,127,2,34,77,23,89,1,13,80" hai1="45,7,134,75,12,54,67,90,98,87,131,128,112" hai2="39,26,59,10,123,78,24,21,95,62,82,91,103" hai3="120,70,108,16,124,84,42,58,64,97,30,100,0"/><U65/><E75/><V17/><F123/><W85/><G0/><T118/><D34/><U99/><E7/><V9/><F103/><W28/><G120/><T6/><D118/><U35/><E35/><V33/><F39/><W72/><G72/><T3/><D23/><U66/><E12/><V32/><F32/><W125/><G70/><T47/><D89/><U63/><E134/><V60/><F60/><N who="3" m="37911" /><G108/><T111/><D111/><U14/><E14/><V117/><F117/><W50/><G50/><T73/><D127/><N who="3" m="48713" /><G42/><T113/><D113/><U8/><E112/><V68/><F68/><W101/><G101/><T5/><D15/><U88/><E8/><V119/><F24/><W18/><G84/><T79/><D13/><U129/><E90/><V46/><F46/><W86/><G86/><T126/><D126/><U106/><E106/><V38/><F33/><W110/><G85/><T94/><D104/><U48/><REACH who="1" step="1"/><E63/><REACH who="1" ten="451,294,207,38" step="2"/><V44/><F62/><W53/><G110/><T133/><D105/><U114/><E114/><V4/><F4/><W93/><G53/><T36/><D133/><U61/><E61/><V11/><F119/><W76/><G76/><T25/><D79/><U71/><E71/><V132/><F132/><W37/><G37/><T122/><D36/><U74/><E74/><V109/><F109/><W40/><G40/><T116/><D116/><U31/><E31/><AGARI ba="0,1" hai="16,18,28,30,31,93,97,100" m="48713,37911" machi="31" ten="30,2000,0" yaku="18,1,54,1" doraHai="69" who="3" fromWho="1" sc="451,0,294,-20,207,0,38,30" /><INIT seed="6,0,0,5,3,52" ten="451,274,207,68" oya="2" hai0="57,12,69,110,83,20,9,25,111,76,73,60,95" hai1="112,70,127,126,100,39,87,128,10,54,68,13,42" hai2="55,47,108,48,2,3,130,31,24,61,43,78,113" hai3="33,59,16,125,123,51,35,23,49,34,17,81,85"/><V58/><F113/><W45/><G123/><T36/><D69/><U89/><E112/><V119/><F119/><W28/><G125/><N who="1" m="47626" /><E100/><V122/><F122/><W40/><G28/><T90/><D36/><U84/><E128/><V66/><F130/><W32/><N who="3" m="8192" /><DORA hai="118" /><W4/><G4/><T115/><D115/><U53/><E42/><V80/><F108/><W8/><G8/><T30/><D90/><U134/><E39/><V75/><F24/><W132/><G132/><T22/><D22/><U116/><E87/><V63/><REACH who="2" step="1"/><F31/><REACH who="2" ten="451,274,197,68" step="2"/><W65/><G23/><T106/><D110/><U6/><E116/><V11/><F11/><W88/><REACH who="3" step="1"/><G51/><REACH who="3" ten="451,274,197,58" step="2"/><T133/><D111/><U27/><E134/><V101/><F101/><W29/><G29/><T97/><D133/><U14/><E27/><V26/><F26/><W98/><G98/><T103/><D30/><U7/><E10/><V92/><F92/><W38/><G38/><T77/><D9/><U99/><E99/><V114/><F114/><W41/><G41/><T135/><D25/><U74/><E6/><V109/><F109/><W102/><G102/><T15/><D135/><U19/><E7/><V5/><F5/><W50/><G50/><T120/><D120/><U37/><E37/><V64/><F64/><W56/><G56/><AGARI ba="0,2" hai="2,3,43,47,48,55,56,58,61,63,66,75,78,80" machi="56" ten="30,18000,2" yaku="1,1,7,1,52,2,53,2" doraHai="52,118" doraHaiUra="46,62" who="2" fromWho="3" sc="451,0,274,0,197,200,58,-180" owari="451,55.1,274,-12.6,397,19.7,-122,-62.2" /></mjloggm>