<mjloggm ver="2.3"><GO type="169" lobby="0"/><UN n0="%53%6F%6C%69%64" n1="%E9%BA%BB%E9%9B%80%E5%B0%91%E5%B9%B4" n2="%54%4F%52" n3="%E4%BA%BA%E5%8F%82%E5%BD%B9%E8%80%85%E3%81%8F%E3%82%93" dan="17,17,16,17" rate="2170.70,2173.18,2155.50,2141.76" sx="M,M,M,M"/><TAIKYOKU oya="0"/><INIT seed="0,0,0,2,2,6" ten="250,250,250,250" oya="0" hai0="29,93,47,82,49,119,2,54,13,43,107,91,59" hai1="19,99,124,44,108,128,42,70,14,78,97,12,35" hai2="1,41,90,57,92,10,21,76,94,4,25,63,129" hai3="98,105,87,130,133,68,75,123,117,37,53,77,16"/><T33/><D2/><U89/><E108/><V38/><F129/><W79/><G53/><T50/><D119/><U84/><E128/><V74/><F76/><W127/><G16/><T118/><D118/><U131/><E131/><V27/><F74/><W17/><G17/><T72/><D107/><U51/><E124/><V71/><F71/><W55/><G55/><T111/><D111/><U18/><E70/><V101/><F41/><W30/><G30/><T73/><D82/><U113/><E35/><V121/><F38/><W65/><G65/><T46/><D33/><U62/><E62/><V120/><F101/><W7/><G7/><T132/><D29/><U67/><E67/><V32/><F32/><W103/><G68/><T20/><D132/><U114/><E78/><V48/><F48/><W100/><G37/><T45/><D45/><U134/><E134/><V23/><F23/><W116/><G130/><T26/><D47/><U115/><E18/><V52/><F92/><W36/><G36/><T83/><D83/><N who="1" m="49311" /><E14/><V86/><REACH who="2" step="1"/><F27/><REACH who="2" ten="250,250,240,250" step="2"/><W8/><G75/><T9/><D26/><U69/><E69/><V125/><F125/><W22/><G127/><T110/><D110/><U15/><E15/><V5/><F5/><W80/><G117/><T39/><D39/><U88/><E88/><V60/><F60/><W24/><G116/><T95/><D95/><U112/><N who="1" m="28672" /><DORA hai="40" /><U126/><E126/><V11/><F11/><AGARI ba="0,1" hai="11,12,19,42,44,51,97,99" m="28672,49311" machi="11" ten="60,7700,0" yaku="11,1,52,2" doraHai="6,40" who="1" fromWho="2" sc="250,0,250,87,240,-77,250,0" /><INIT seed="1,0,0,5,2,124" ten="250,337,163,250" oya="1" hai0="14,33,42,110,83,6,12,19,99,61,112,56,15" hai1="8,126,54,20,30,62,81,73,105,51,134,37,48" hai2="129,103,16,45,74,70,122,111,72,11,115,91,71" hai3="86,106,0,97,39,133,36,55,87,40,78,108,46"/><U101/><E126/><V10/><F122/><W52/><G108/><T26/><D110/><U77/><E37/><V44/><F111/><W130/><G133/><T18/><D112/><U60/><E134/><V88/><F115/><W76/><G0/><T90/><D6/><U66/><E101/><V95/><F103/><W28/><G28/><T57/><D42/><U113/><E105/><V47/><F129/><W4/><G4/><T128/><D128/><U58/><E113/><V63/><F91/><W68/><G68/><T116/><D116/><U38/><E38/><V1/><F1/><W31/><G31/><T92/><D33/><U53/><E8/><V5/><F5/><W96/><G46/><T79/><D26/><U49/><E30/><V43/><F43/><W41/><REACH who="3" step="1"/><G106/><REACH who="3" ten="250,337,163,240" step="2"/><T17/><REACH who="0" step="1"/><D61/><REACH who="0" ten="240,337,163,240" step="2"/><U7/><E62/><V102/><F63/><W25/><G25/><T120/><D120/><U119/><E7/><V80/><F70/><W75/><G75/><AGARI ba="0,2" hai="12,14,15,17,18,19,56,57,75,79,83,90,92,99" machi="75" ten="40,1300,0" yaku="1,1,53,0" doraHai="124" doraHaiUra="109" who="0" fromWho="3" sc="240,33,337,0,163,0,240,-13" /><INIT seed="2,0,0,5,0,22" ten="273,337,163,227" oya="2" hai0="1,67,71,115,119,84,90,94,74,101,70,118,65" hai1="20,127,34,79,9,124,107,56,28,95,111,30,108" hai2="46,126,72,132,112,100,21,82,120,15,16,130,31" hai3="116,133,97,48,77,59,86,25,17,58,41,6,27"/><V54/><F120/><W110/><G116/><T13/><D1/><U109/><E107/><V80/><F112/><W44/><G110/><T47/><D115/><U68/><E68/><V2/><F2/><W5/><G133/><T29/><D74/><U66/><E79/><V106/><F132/><W73/><G73/><T98/><D47/><U38/><E38/><V122/><F122/><W43/><G43/><T93/><D13/><U3/><E34/><V87/><F130/><W23/><G97/><T55/><D55/><U32/><E32/><V12/><F126/><N who="1" m="48169" /><E95/><V57/><F46/><W61/><G58/><T96/><D29/><U85/><E85/><V40/><F40/><W62/><G62/><T102/><D84/><U83/><E83/><V76/><F31/><W114/><G114/><T0/><D0/><U49/><E20/><V36/><F36/><W125/><G125/><T35/><D35/><U60/><E49/><V51/><F100/><W129/><G129/><T88/><AGARI ba="0,0" hai="65,67,70,71,88,90,93,94,96,98,101,102,118,119" machi="88" ten="25,6400,0" yaku="0,1,22,2,54,1" doraHai="22" who="0" fromWho="0" sc="273,64,337,-16,163,-32,227,-16" /><INIT seed="3,0,0,5,0,8" ten="337,321,131,211" oya="3" hai0="46,60,34,63,94,65,130,42,11,32,54,119,77" hai1="62,98,114,112,18,76,9,75,26,58,118,39,97" hai2="64,101,96,47,111,105,28,107,51,53,50,7,133" hai3="70,73,84,115,135,109,14,2,21,25,30,121,3"/><W12/><G73/><T103/><D119/><U72/><E39/><V100/><F111/><W129/><G70/><T89/><D130/><U16/><E118/><V45/><F133/><W81/><G135/><T40/><D103/><U128/><E128/><V106/><F64/><W20/><G129/><T55/><D77/><U43/><E43/><V131/><F131/><W85/><G115/><T99/><D42/><U93/><E98/><V110/><F110/><W83/><G109/><T24/><D11/><U41/><E41/><V61/><F61/><W35/><G35/><T108/><D108/><U71/><E71/><V22/><F7/><W126/><G126/><T31/><D34/><U127/><E127/><V132/><F132/><W122/><G25/><T6/><D6/><U95/><E95/><V104/><F101/><W68/><G68/><T67/><D63/><U17/><E26/><V124/><F124/><W57/><G57/><T79/><D79/><U44/><E44/><V78/><F78/><W13/><G14/><T19/><D19/><U125/><E125/><V123/><F123/><W92/><G92/><T134/><D134/><U102/><E9/><V15/><F28/><AGARI ba="0,0" hai="2,3,12,13,20,21,28,30,81,83,84,85,121,122" machi="28" ten="25,9600,0" yaku="22,2,52,2" doraHai="8" who="3" fromWho="2" sc="337,0,321,0,131,-96,211,96" /><INIT seed="3,1,0,4,4,11" ten="337,321,35,307" oya="3" hai0="16,66,79,53,91,43,29,86,68,42,113,20,47" hai1="54,49,107,125,51,78,90,28,19,77,98,39,134" hai2="118,65,88,76,117,87,85,122,8,27,132,50,52" hai3="31,126,58,114,108,33,30,55,81,38,15,80,5"/><W22/><G114/><T130/><D113/><U14/><E39/><V102/><F132/><W23/><G38/><T97/><D130/><U127/><E134/><V103/><F122/><W60/><G126/><N who="1" m="48138" /><E28/><N who="3" m="10794" /><G33/><T59/><D29/><U133/><E133/><V106/><F27/><W57/><G108/><T95/><D68/><U46/><E51/><V82/><F65/><N who="3" m="39055" /><G23/><T89/><D66/><U110/><E110/><V120/><F120/><W128/><G128/><T131/><D79/><U129/><E129/><V67/><F67/><W61/><G5/><T24/><D47/><U94/><E107/><V105/><F105/><W64/><G64/><T72/><D72/><U83/><E83/><V92/><F8/><AGARI ba="1,0" hai="8,14,19,46,49,54,77,78,90,94,98" m="48138" machi="8" ten="30,2000,0" yaku="18,1,52,1" doraHai="11" who="1" fromWho="2" sc="337,0,321,23,35,-23,307,0" /><INIT seed="4,0,0,0,0,11" ten="337,344,12,307" oya="0" hai0="101,18,112,1,27,34,79,106,129,44,108,41,126" hai1="40,63,47,97,92,38,31,64,67,86,123,12,90" hai2="45,62,71,73,52,59,46,111,118,16,53,49,24" hai3="120,66,76,122,33,104,88,94,93,61,133,43,17"/><T26/><D1/><U125/><E123/><N who="3" m="47146" /><G104/><T110/><D112/><U74/><E74/><V105/><F111/><N who="0" m="42538" /><D126/><U50/><E125/><V135/><F135/><W48/><G33/><T14/><D129/><U75/><E75/><V13/><F73/><W116/><G116/><T65/><D79/><U5/><E31/><V20/><F105/><W15/><G76/><T7/><D7/><U102/><E38/><V4/><F118/><W103/><G133/><T60/><D34/><U132/><E132/><V83/><F83/><W87/><G103/><T32/><D32/><U28/><E28/><N who="2" m="17415" /><F71/><N who="3" m="42447" /><G48/><N who="0" m="26639" /><D101/><U114/><E114/><V29/><F29/><W37/><G43/><T22/><D106/><U58/><E67/><N who="2" m="39391" /><F4/><W109/><G37/><T80/><D80/><U30/><E30/><V124/><F124/><W81/><G109/><T0/><D0/><U113/><E113/><V2/><F2/><W23/><AGARI ba="0,0" hai="15,17,23,81,87,88,93,94" m="42447,47146" machi="23" ten="30,4000,0" yaku="13,1,52,1,54,1" doraHai="11" who="3" fromWho="3" sc="337,-20,344,-10,12,-10,307,40" /><INIT seed="5,0,0,5,5,86" ten="317,334,2,347" oya="1" hai0="116,55,27,134,115,70,87,77,66,81,48,125,64" hai1="31,8,102,122,45,78,67,16,29,69,91,109,13" hai2="120,50,113,117,108,0,19,40,94,131,30,118,42" hai3="44,95,60,105,36,104,72,98,127,3,114,24,9"/><U89/><E122/><V74/><F120/><W2/><G114/><T65/><D116/><U20/><E109/><V97/><F108/><W39/><G127/><T35/><D115/><U10/><E69/><V14/><F113/><W132/><G132/><T43/><D125/><U75/><E67/><V18/><F0/><W85/><G72/><T68/><D134/><U49/><E102/><V107/><F74/><W130/><G24/><T17/><D43/><N who="1" m="24767" /><E78/><V58/><F107/><W124/><G130/><T111/><D111/><U23/><E75/><V47/><F131/><W6/><G2/><T4/><D4/><U126/><E126/><V71/><F71/><W33/><G33/><T37/><D37/><U80/><E80/><V54/><F30/><N who="1" m="11273" /><E23/><V128/><F128/><W32/><G32/><T21/><REACH who="0" step="1"/><D35/><REACH who="0" ten="307,334,2,347" step="2"/><U119/><E119/><V101/><F40/><W73/><G36/><T88/><D88/><AGARI ba="0,1" hai="8,10,13,16,20,88,89,91" m="11273,24767" machi="88" ten="30,18000,2" yaku="8,1,52,3,54,2" doraHai="86" who="1" fromWho="0" sc="307,-180,334,190,2,0,347,0" /><INIT seed="5,1,0,2,0,68" ten="127,524,2,347" oya="1" hai0="96,132,116,3,120,58,79,4,38,76,115,104,63" hai1="72,110,53,89,106,18,105,133,33,95,134,123,121" hai2="81,65,130,5,122,15,62,69,82,87,88,84,117" hai3="56,0,119,34,80,129,64,86,49,35,10,98,14"/><U99/><E33/><V21/><F117/><W43/><G0/><T91/><D115/><U12/><E72/><V78/><F122/><N who="1" m="46601" /><E53/><V71/><F130/><W23/><G129/><T28/><D116/><U77/><E77/><V37/><F37/><W113/><G113/><T92/><D38/><U51/><E51/><V124/><F124/><W59/><G119/><T101/><D132/><N who="1" m="50795" /><E110/><V25/><F5/><W26/><G35/><T41/><D120/><U108/><E108/><V48/><F48/><W45/><G34/><T90/><D76/><U135/><N who="1" m="50803" /><U54/><DORA hai="60" /><E54/><V17/><F25/><W47/><G47/><T7/><D79/><U20/><AGARI ba="1,0" hai="12,18,20,89,95,99,105,106" m="50803,46601" machi="20" ten="50,2400,0" yaku="20,1" doraHai="68,60" who="1" fromWho="1" sc="127,-9,524,27,2,-9,347,-9" owari="118,-28.2,551,65.1,-7,-50.7,338,13.8" /></mjloggm>