<mjloggm ver="2.3"><GO type="169" lobby="0"/><UN n0="%E7%B4%94%E6%BD%94%E3%83%94%E3%83%A9%E3%83%8B%E3%82%A2" n1="%70%6F%6E%2D%65%6E" n2="%E9%BB%92%E6%B2%A2%E7%BE%A9%E6%98%8E" n3="%E3%81%BD%E3%81%A1%E3%81%9F%E3%81%93%E3%82%84" dan="16,16,17,16" rate="2214.06,2118.63,2201.11,2104.82" sx="M,F,M,M"/><TAIKYOKU oya="0"/><INIT seed="0,0,0,5,4,104" ten="250,250,250,250" oya="0" hai0="30,128,70,58,64,65,135,21,20,12,50,126,22" hai1="40,24,35,1,118,84,19,60,102,3,55,115,99" hai2="9,88,25,56,129,46,73,57,130,134,81,11,28" hai3="89,34,44,78,77,106,122,41,59,72,42,105,71"/><T112/><D112/><U125/><E118/><V133/><F46/><W53/><G71/><T123/><D123/><U79/><E125/><V18/><F57/><W38/><G122/><T95/><D126/><U69/><E115/><V74/><F56/><W120/><G120/><T49/><D128/><N who="2" m="49258" /><F18/><W80/><G34/><T39/><D39/><U108/><E55/><V119/><F119/><W92/><G78/><T2/><D2/><U83/><E19/><V6/><F11/><W61/><REACH who="3" step="1"/><G42/><REACH who="3" ten="250,250,250,240" step="2"/><T132/><D70/><U17/><E40/><V48/><F134/><W87/><AGARI ba="0,1" hai="38,41,44,53,59,61,72,77,80,87,89,92,105,106" machi="87" ten="20,8000,1" yaku="1,1,2,1,0,1,7,1,52,1,53,0" doraHai="104" doraHaiUra="4" who="3" fromWho="3" sc="250,-40,250,-20,250,-20,240,90" /><INIT seed="1,0,0,5,1,89" ten="210,230,230,330" oya="1" hai0="87,100,91,36,80,66,58,64,109,119,22,77,105" hai1="72,65,106,52,116,49,62,55,57,78,73,94,27" hai2="113,0,114,85,70,6,93,134,127,120,131,67,104" hai3="102,129,81,74,21,90,75,126,118,50,45,124,41"/><U23/><E106/><V117/><RYUUKYOKU type="yao9" ba="0,0" sc="210,0,230,0,230,0,330,0" hai2="0,6,67,70,85,93,104,113,114,117,120,127,131,134" /><INIT seed="1,1,0,1,3,30" ten="210,230,230,330" oya="1" hai0="65,59,87,104,132,120,101,135,50,86,117,78,73" hai1="9,112,6,33,7,67,89,123,43,82,80,19,122" hai2="106,14,111,71,16,130,77,114,4,98,1,76,47" hai3="110,49,107,103,27,58,79,24,2,63,42,109,102"/><U75/><E112/><V51/><F71/><W99/><G2/><T35/><D117/><U94/><E67/><V134/><F111/><N who="3" m="42507" /><G79/><T72/><D120/><U22/><E43/><V12/><F1/><W70/><G70/><T48/><D104/><U100/><E100/><V44/><F130/><W10/><G10/><T11/><D11/><U127/><E6/><V125/><F125/><W113/><G103/><T74/><D101/><U105/><E105/><V118/><F118/><W41/><G113/><T128/><D128/><U15/><E127/><V61/><F114/><W115/><G115/><T40/><D40/><N who="3" m="15465" /><G49/><N who="0" m="19051" /><D78/><U54/><E75/><V68/><F77/><W53/><AGARI ba="1,0" hai="24,27,53,58,63,99,102,107" m="15465,42507" machi="53" ten="30,1100,0" yaku="14,1" doraHai="30" who="3" fromWho="3" sc="210,-4,230,-6,230,-4,330,14" /><INIT seed="2,0,0,1,5,31" ten="206,224,226,344" oya="2" hai0="27,34,108,62,61,85,101,35,39,79,65,86,10" hai1="46,76,59,89,116,57,17,119,69,105,97,36,29" hai2="55,106,22,94,41,129,98,82,122,96,50,6,14" hai3="38,26,102,91,28,58,77,115,64,43,71,21,70"/><V121/><F129/><W124/><G77/><T49/><D39/><U78/><E69/><V12/><F41/><W75/><G75/><T56/><D108/><U33/><E17/><V53/><F82/><W84/><G102/><T100/><D49/><U88/><E97/><V135/><F135/><W20/><G124/><T16/><D79/><U117/><E29/><V113/><F113/><W90/><G90/><T40/><D40/><U8/><E117/><V127/><F127/><W44/><G20/><T54/><D100/><U37/><E8/><V125/><F125/><W7/><G7/><T103/><D101/><U131/><E46/><V104/><F22/><W4/><G4/><T72/><D103/><U109/><E109/><V110/><F110/><W95/><G115/><T74/><D27/><U111/><E111/><V5/><REACH who="2" step="1"/><F50/><REACH who="2" ten="206,224,216,344" step="2"/><W60/><AGARI ba="0,1" hai="21,26,28,38,43,44,58,60,64,70,71,84,91,95" machi="60" ten="30,1100,0" yaku="0,1" doraHai="31" who="3" fromWho="3" sc="206,-3,224,-3,216,-5,344,21" /><INIT seed="3,0,0,5,1,2" ten="203,221,211,365" oya="3" hai0="23,74,75,106,63,59,53,32,49,132,10,43,134" hai1="119,13,48,34,123,11,44,115,31,26,86,93,135" hai2="73,18,131,0,38,116,4,108,47,99,101,102,58" hai3="120,112,22,71,82,35,46,14,41,88,94,8,66"/><W9/><G35/><T50/><D32/><U91/><E123/><V45/><F116/><W113/><G120/><T111/><D106/><U21/><E135/><N who="0" m="51753" /><D23/><U19/><E119/><V36/><F73/><N who="0" m="27658" /><D111/><U127/><E127/><V128/><F108/><W51/><G82/><T129/><D129/><U33/><REACH who="1" step="1"/><E115/><REACH who="1" ten="203,211,211,365" step="2"/><V6/><F128/><W105/><G112/><T117/><D117/><U17/><E17/><V121/><F18/><W3/><G113/><T118/><D118/><U56/><E56/><V109/><F58/><W68/><G71/><T81/><D81/><U30/><E30/><V28/><F28/><W80/><G68/><T69/><D69/><U126/><E126/><V95/><F131/><W70/><G70/><T37/><D10/><U107/><E107/><V42/><F121/><W55/><G105/><T122/><D122/><U1/><E1/><V110/><F0/><W29/><G9/><T7/><D7/><U96/><E96/><V5/><F102/><W77/><G8/><T27/><D27/><U130/><E130/><V72/><F72/><W92/><G3/><T60/><D60/><U87/><E87/><V20/><F20/><W16/><G29/><T97/><D97/><U12/><E12/><V89/><F101/><W133/><G133/><T39/><D63/><U84/><E84/><V114/><F114/><W24/><G24/><T64/><D64/><U124/><E124/><V83/><F83/><W25/><G66/><T76/><D76/><U79/><E79/><V54/><F110/><W62/><G77/><T104/><D104/><U85/><E85/><RYUUKYOKU ba="0,1" sc="203,15,211,15,211,-15,365,-15" hai0="37,39,43,49,50,53,59" hai1="11,13,19,21,26,31,33,34,44,48,86,91,93" /><INIT seed="4,1,1,0,1,77" ten="218,226,196,350" oya="0" hai0="97,61,78,35,106,125,42,59,41,10,85,36,74" hai1="21,116,27,33,57,3,28,24,34,4,18,82,63" hai2="39,132,38,1,95,30,45,109,134,2,79,51,37" hai3="0,101,117,67,83,53,121,9,25,15,130,103,135"/><T89/><D35/><U128/><E116/><V26/><F109/><W127/><G0/><T58/><D36/><U44/><E128/><V111/><F111/><W12/><G117/><T80/><D125/><U6/><E3/><V47/><F95/><W108/><G108/><T87/><D58/><U118/><E34/><V14/><F14/><W62/><G130/><T13/><D106/><U84/><E44/><V100/><F100/><W120/><G53/><N who="0" m="34031" /><D97/><U43/><E43/><V98/><F98/><W115/><G127/><T54/><D74/><U102/><E102/><V91/><F91/><W56/><G103/><T11/><D54/><U113/><E113/><V70/><F70/><W129/><G101/><T49/><D49/><U7/><E118/><V105/><F105/><W31/><G56/><T112/><D112/><U69/><E69/><V48/><F39/><W68/><G115/><T60/><D60/><U52/><REACH who="1" step="1"/><E4/><REACH who="1" ten="218,216,196,350" step="2"/><V131/><F131/><W122/><G68/><T40/><D13/><U96/><E96/><V126/><F126/><W50/><G15/><T17/><D17/><U90/><AGARI ba="1,2" hai="6,7,18,21,24,27,28,33,52,57,63,82,84,90" machi="90" ten="20,8000,1" yaku="1,1,0,1,7,1,52,1,54,1,53,0" doraHai="77" doraHaiUra="119" who="1" fromWho="1" sc="218,-41,216,103,196,-21,350,-21" /><INIT seed="5,0,0,2,3,119" ten="177,319,175,329" oya="1" hai0="65,16,78,50,107,20,81,117,93,91,41,96,1" hai1="87,70,51,39,85,131,43,86,45,53,103,113,67" hai2="105,3,94,27,7,121,114,19,37,84,130,106,10" hai3="48,54,28,132,0,74,118,58,46,62,125,61,80"/><U66/><E113/><V13/><F37/><W56/><G0/><T17/><D117/><U59/><E131/><V123/><F130/><W2/><G2/><T124/><D124/><U116/><E116/><V36/><F36/><W115/><G118/><T133/><D1/><U98/><REACH who="1" step="1"/><E70/><REACH who="1" ten="177,309,175,329" step="2"/><V68/><F68/><W127/><G115/><T14/><D133/><U75/><E75/><V55/><F114/><W33/><G132/><T6/><D65/><U38/><E38/><V44/><F121/><W23/><G74/><T88/><D107/><AGARI ba="0,1" hai="39,43,45,51,53,59,66,67,85,86,87,98,103,107" machi="107" ten="40,2000,0" yaku="1,1,53,0" doraHai="119" doraHaiUra="111" who="1" fromWho="0" sc="177,-20,309,30,175,0,329,0" /><INIT seed="5,1,0,3,0,14" ten="157,339,175,329" oya="1" hai0="130,71,72,110,116,47,43,10,111,39,129,99,62" hai1="81,58,126,89,112,8,15,1,122,20,42,56,13" hai2="18,75,50,123,21,41,80,65,34,64,51,32,46" hai3="74,29,68,40,23,22,113,48,57,33,93,25,52"/><U6/><E122/><V4/><F123/><W30/><G113/><T101/><D72/><U49/><E112/><V90/><F4/><W115/><G115/><T7/><D116/><U17/><E126/><V12/><F51/><W5/><G68/><T24/><D24/><U76/><E89/><V53/><F53/><W100/><G74/><T121/><D121/><U79/><E1/><V125/><F125/><W131/><G131/><N who="0" m="50187" /><D62/><U19/><E6/><V78/><REACH who="2" step="1"/><F90/><REACH who="2" ten="157,339,165,329" step="2"/><W61/><G5/><T107/><D71/><U98/><E98/><V128/><F128/><W60/><G40/><T114/><D114/><U67/><E67/><AGARI ba="1,1" hai="12,18,21,32,34,41,46,50,64,65,67,75,78,80" machi="67" ten="40,2600,0" yaku="1,1,52,1,53,0" doraHai="14" doraHaiUra="117" who="2" fromWho="1" sc="157,0,339,-29,165,39,329,0" /><INIT seed="6,0,0,4,5,113" ten="157,310,204,329" oya="2" hai0="27,125,40,6,26,73,13,82,90,58,61,37,25" hai1="8,77,9,65,85,53,33,49,21,75,96,98,78" hai2="83,91,23,32,39,110,80,48,14,93,112,104,54" hai3="101,121,66,132,86,126,0,99,71,131,52,5,87"/><V41/><F104/><W111/><G111/><T130/><D125/><U44/><E33/><V124/><F32/><W42/><G121/><T19/><D130/><U88/><E75/><V89/><F112/><W2/><G42/><T133/><D133/><U107/><E65/><V60/><F124/><W4/><G66/><T15/><D37/><U24/><E107/><V102/><F102/><W122/><G71/><T74/><D40/><U68/><E68/><V92/><F60/><W59/><G122/><T81/><D6/><U119/><E119/><V116/><F41/><W67/><G67/><T114/><D114/><U28/><E8/><V38/><F110/><W79/><G131/><T118/><D19/><U127/><E9/><V3/><F3/><W30/><G30/><T18/><D18/><U129/><E129/><V16/><F116/><W29/><G29/><T76/><D118/><U100/><E127/><V109/><F39/><W106/><G132/><T70/><D70/><U94/><REACH who="1" step="1"/><E98/><REACH who="1" ten="157,300,204,329" step="2"/><N who="2" m="57615" /><F109/><W51/><G126/><T45/><D73/><U117/><E117/><V128/><F128/><W22/><G99/><T1/><D1/><U95/><AGARI ba="0,1" hai="21,24,28,44,49,53,77,78,85,88,94,95,96,100" machi="95" ten="20,12000,2" yaku="1,1,0,1,7,1,8,1,54,1,53,1" doraHai="113" doraHaiUra="20" who="1" fromWho="1" sc="157,-30,300,130,204,-60,329,-30" /><INIT seed="7,0,0,4,0,95" ten="127,430,144,299" oya="3" hai0="29,8,126,91,114,125,49,44,81,102,64,22,43" hai1="37,65,46,33,17,88,12,118,74,19,121,59,96" hai2="104,130,71,16,85,76,5,51,26,62,11,107,79" hai3="90,120,32,7,27,41,100,86,115,6,135,89,42"/><W106/><G120/><T50/><D64/><U94/><E74/><V2/><F130/><W132/><G115/><T35/><D35/><U78/><E33/><V92/><F51/><W39/><G90/><T108/><D108/><U53/><E121/><V97/><F71/><W119/><G119/><T101/><D8/><U20/><E78/><V3/><F3/><W10/><G39/><T36/><D114/><U4/><E118/><V83/><F76/><W30/><G6/><T129/><D129/><U110/><E110/><V111/><F62/><W123/><G123/><T66/><D66/><U80/><E80/><V21/><F111/><W84/><G84/><N who="0" m="50575" /><D29/><U13/><E4/><V31/><F31/><W112/><G112/><T93/><D22/><N who="1" m="11559" /><E37/><V98/><F98/><N who="3" m="61719" /><G89/><AGARI ba="0,0" hai="2,5,11,16,21,26,79,83,85,89,92,97,104,107" machi="89" ten="30,3900,0" yaku="7,1,52,1,54,1" doraHai="95" who="2" fromWho="3" sc="127,0,430,0,144,39,299,-39" owari="127,-37.3,430,53.0,183,-21.7,260,6.0" /></mjloggm>