<mjloggm ver="2.3"><GO type="169" lobby="0"/><UN n0="%48%61%6C%66%73" n1="%4E%6F%73%75%6B%65" n2="%E4%BA%8C%E9%9A%8E%E5%A0%82%E7%9C%9F%E7%B4%85%E3%81%A1%E3%82%83%E3%82%93" n3="%E3%83%A9%E3%83%A0%E3%83%9E%E3%82%B8%E5%A4%A9%E4%BD%BF" dan="17,16,16,17" rate="2175.65,2123.08,2144.34,2171.60" sx="M,M,M,M"/><TAIKYOKU oya="0"/><INIT seed="0,0,0,4,0,22" ten="250,250,250,250" oya="0" hai0="87,69,70,1,110,28,3,126,4,13,130,74,99" hai1="132,39,30,121,38,64,18,8,128,34,27,78,63" hai2="12,15,95,77,41,61,51,72,115,120,117,54,102" hai3="42,113,49,105,106,131,7,96,55,29,76,112,92"/><T40/><D74/><U91/><E121/><V71/><F115/><W24/><G131/><T114/><D114/><U108/><E128/><V67/><F120/><W23/><G113/><T129/><D126/><U26/><E108/><V135/><F135/><W16/><G112/><T58/><D110/><U17/><E132/><V59/><F117/><W37/><G7/><T19/><D40/><U118/><E118/><V2/><F2/><W82/><G42/><T75/><D75/><U109/><E109/><V57/><F77/><W84/><G37/><T31/><D87/><U25/><E78/><V116/><F72/><W66/><G66/><T68/><D129/><U21/><E91/><V65/><F65/><W45/><REACH who="3" step="1"/><G29/><REACH who="3" ten="250,250,250,240" step="2"/><T94/><D31/><U20/><REACH who="1" step="1"/><E8/><REACH who="1" ten="250,240,250,240" step="2"/><V47/><F116/><W73/><G73/><T100/><D130/><U83/><E83/><V43/><F71/><AGARI ba="0,2" hai="17,18,20,21,25,26,27,30,34,38,39,63,64,71" machi="71" ten="30,12000,2" yaku="1,1,7,1,9,1,52,3,53,0" doraHai="22" doraHaiUra="127" who="1" fromWho="2" sc="250,0,240,140,250,-120,240,0" /><INIT seed="1,0,0,4,4,23" ten="250,380,130,240" oya="1" hai0="78,74,3,94,82,125,9,15,130,60,38,118,0" hai1="120,11,83,8,123,67,84,102,99,115,90,53,133" hai2="70,66,29,28,109,71,113,49,45,65,32,18,39" hai3="107,129,135,108,48,56,76,92,91,26,128,4,6"/><U44/><E115/><V72/><F72/><W24/><G107/><T14/><D118/><U47/><E133/><V124/><F109/><W122/><G122/><T73/><D130/><N who="3" m="50281" /><G108/><T97/><D125/><U121/><E67/><V55/><F124/><W111/><G111/><T85/><D38/><U16/><E53/><V116/><F116/><W10/><G76/><T50/><D73/><U31/><E31/><V98/><F39/><W13/><G4/><T21/><D50/><U46/><REACH who="1" step="1"/><E16/><REACH who="1" ten="250,370,130,240" step="2"/><V43/><F18/><W19/><G19/><T117/><D117/><U86/><E86/><V35/><F29/><W17/><G17/><T79/><D85/><U75/><E75/><V42/><F28/><W58/><G135/><T88/><D74/><U127/><E127/><V77/><F66/><W89/><G56/><T20/><D0/><U106/><AGARI ba="0,1" hai="8,11,44,46,47,83,84,90,99,102,106,120,121,123" machi="106" ten="40,7800,0" yaku="1,1,0,1,53,1" doraHai="23" doraHaiUra="80" who="1" fromWho="1" sc="250,-26,370,88,130,-26,240,-26" /><INIT seed="1,1,0,5,1,90" ten="224,458,104,214" oya="1" hai0="47,38,0,53,6,97,107,19,63,7,91,41,59" hai1="30,112,55,106,26,67,93,105,117,68,23,21,60" hai2="69,13,74,4,12,130,17,124,126,36,99,85,18" hai3="122,52,16,120,64,129,34,22,15,118,73,119,86"/><U111/><E112/><V65/><F74/><W40/><G73/><T82/><D0/><U76/><E117/><N who="3" m="44554" /><G64/><T31/><D31/><U131/><E76/><V70/><F36/><W42/><G129/><T57/><D107/><U116/><E116/><V96/><F85/><W71/><G71/><T87/><D19/><U75/><E75/><V79/><F65/><W113/><G113/><T66/><REACH who="0" step="1"/><D97/><REACH who="0" ten="214,458,104,214" step="2"/><U101/><E106/><V45/><F4/><W81/><G34/><T10/><D10/><U46/><E105/><V84/><F130/><W83/><G122/><T56/><D56/><U132/><E131/><V44/><F84/><W94/><G120/><T50/><AGARI ba="1,1" hai="6,7,38,41,47,50,53,57,59,63,66,82,87,91" machi="50" ten="20,2700,0" yaku="1,1,0,1,7,1,53,0" doraHai="90" doraHaiUra="127" who="0" fromWho="0" sc="214,40,458,-14,104,-8,214,-8" /><INIT seed="2,0,0,0,3,126" ten="254,444,96,206" oya="2" hai0="18,103,120,31,88,15,92,119,12,90,113,36,82" hai1="95,96,11,21,72,19,53,78,59,13,30,69,68" hai2="130,80,9,48,29,37,115,43,51,3,64,27,7" hai3="79,86,61,112,60,76,54,104,47,23,32,58,98"/><V2/><F115/><W134/><G134/><T81/><D120/><U132/><E132/><V41/><F3/><W77/><G112/><T123/><D123/><U87/><E72/><V135/><F135/><W8/><G32/><T84/><D36/><U122/><E122/><V67/><F37/><W75/><G75/><T93/><D119/><U5/><E30/><V55/><F80/><W127/><G127/><T63/><D31/><U124/><E124/><V114/><F114/><W24/><G8/><T94/><D113/><U20/><E20/><V49/><F55/><W73/><G73/><T108/><D108/><U62/><E87/><V99/><F99/><W34/><G34/><T1/><D1/><U42/><E78/><V91/><F91/><W10/><G10/><T117/><D117/><U40/><E69/><V106/><F106/><W39/><G86/><N who="0" m="50519" /><D63/><U16/><E68/><V101/><F101/><W6/><G61/><T45/><D45/><U14/><E5/><V83/><F83/><W33/><G33/><T111/><D15/><U28/><E28/><V0/><F0/><W56/><G47/><T116/><D111/><U97/><E97/><V131/><F43/><W22/><G39/><T129/><D116/><U46/><E46/><V4/><F41/><W26/><G98/><N who="0" m="59863" /><D129/><N who="2" m="49162" /><F7/><W74/><G6/><T66/><D66/><U128/><E128/><V133/><F133/><W89/><G104/><T118/><D118/><U71/><E42/><V17/><F17/><N who="3" m="12367" /><G74/><T25/><D81/><U125/><E125/><V35/><AGARI ba="0,0" hai="2,4,9,27,29,35,48,49,51,64,67" m="49162" machi="35" ten="30,11700,0" yaku="19,1,52,3" doraHai="126" who="2" fromWho="2" sc="254,-39,444,-39,96,117,206,-39" /><INIT seed="2,1,0,4,5,110" ten="215,405,213,167" oya="2" hai0="25,20,53,108,130,102,104,81,87,101,122,115,52" hai1="39,7,56,118,76,36,34,84,71,63,27,66,28" hai2="38,4,78,2,61,133,9,43,77,79,112,1,91" hai3="47,125,86,64,60,37,103,26,24,62,124,5,49"/><V50/><F133/><W30/><G5/><T113/><D122/><U97/><E118/><V99/><F38/><W90/><G103/><T22/><D108/><U120/><E120/><V82/><F61/><W116/><G116/><T65/><D130/><U107/><E56/><V69/><F69/><W55/><G37/><T85/><D25/><U94/><E7/><V67/><F67/><W15/><G15/><T109/><D109/><U83/><E107/><V68/><F68/><W127/><G30/><T40/><D81/><U35/><E35/><V29/><F29/><W6/><G6/><T21/><D40/><U70/><E70/><V129/><F129/><W54/><G54/><N who="0" m="21099" /><D65/><U96/><E96/><V31/><F31/><W46/><G46/><T126/><D126/><U12/><E12/><V44/><F112/><N who="0" m="43082" /><D104/><U98/><E98/><V114/><F114/><W58/><REACH who="3" step="1"/><G62/><REACH who="3" ten="215,405,213,157" step="2"/><T23/><N who="0" m="5120" /><DORA hai="74" /><T14/><D14/><U32/><E32/><V45/><F45/><W131/><G131/><T128/><D128/><U121/><E121/><V135/><F44/><W73/><G73/><T88/><D101/><AGARI ba="1,1" hai="27,28,34,36,39,63,66,71,76,83,84,94,97,101" machi="101" ten="30,2000,0" yaku="7,1,52,1" doraHai="110,74" who="1" fromWho="0" sc="215,-23,405,33,213,0,157,0" /><INIT seed="3,0,0,3,2,105" ten="192,438,213,157" oya="3" hai0="67,115,79,95,102,72,5,28,32,70,44,3,81" hai1="104,84,30,131,73,75,108,64,55,20,41,13,68" hai2="80,94,0,2,116,78,54,31,86,17,18,60,6" hai3="74,9,52,118,51,132,66,57,125,130,71,117,7"/><W46/><G125/><T36/><D115/><U65/><E104/><V24/><F116/><W15/><G130/><T122/><D122/><U134/><E41/><V126/><F126/><W106/><G132/><T25/><D102/><U98/><E98/><V90/><F6/><W110/><G106/><T47/><D95/><U10/><E134/><V100/><F100/><W16/><G110/><T45/><D67/><U39/><E39/><V133/><F133/><W23/><G71/><T88/><D70/><U76/><E108/><V129/><F0/><W38/><G74/><T82/><D82/><U42/><E42/><V96/><F2/><W40/><REACH who="3" step="1"/><G66/><REACH who="3" ten="192,438,213,147" step="2"/><T35/><D72/><U4/><E65/><V99/><F129/><W135/><G135/><T53/><D36/><U37/><E37/><V101/><F101/><W19/><G19/><T121/><D121/><U1/><E64/><V119/><F17/><W62/><G62/><T33/><D53/><U124/><E55/><V22/><F18/><W48/><G48/><T11/><REACH who="0" step="1"/><D79/><REACH who="0" ten="182,438,213,147" step="2"/><U109/><E68/><V27/><F54/><W123/><G123/><T29/><D29/><U103/><E103/><V50/><F78/><W21/><G21/><T127/><D127/><U59/><E124/><V83/><F22/><W87/><G87/><AGARI ba="0,2" hai="3,5,11,25,28,32,33,35,44,45,47,81,87,88" machi="87" ten="40,2600,0" yaku="1,1,54,1,53,0" doraHai="105" doraHaiUra="14" who="0" fromWho="3" sc="182,46,438,0,213,0,147,-26" /><INIT seed="4,0,0,4,2,108" ten="228,438,213,121" oya="0" hai0="50,77,13,106,134,73,125,68,31,69,30,72,95" hai1="122,33,74,10,2,100,65,59,92,43,82,124,66" hai2="36,24,84,5,23,56,32,21,71,20,101,86,130" hai3="135,11,116,105,89,94,34,48,27,80,131,28,112"/><T99/><D125/><U7/><E122/><V75/><F71/><W63/><G116/><T79/><D134/><U132/><E132/><V51/><F75/><W111/><G111/><T40/><D106/><U54/><E33/><V115/><F36/><W102/><G135/><T117/><D117/><U35/><E35/><V39/><F39/><W126/><G126/><T52/><D40/><U88/><E124/><V19/><F130/><W16/><G131/><T14/><D73/><U133/><E43/><V37/><F37/><W120/><G120/><T103/><D69/><U8/><E8/><V3/><F101/><W121/><G121/><T104/><D68/><U47/><E47/><V6/><F3/><W17/><G80/><T29/><D104/><U87/><E133/><V110/><F32/><W0/><G63/><T49/><D49/><U78/><E100/><V90/><F86/><W129/><G129/><T118/><D118/><U128/><E128/><V18/><F23/><W4/><G48/><AGARI ba="0,0" hai="2,7,10,48,54,59,65,66,74,78,82,87,88,92" machi="48" ten="30,2000,0" yaku="7,1,54,1" doraHai="108" who="1" fromWho="3" sc="228,0,438,20,213,0,121,-20" /><INIT seed="5,0,0,3,1,26" ten="228,458,213,101" oya="1" hai0="56,51,108,116,131,122,63,48,111,29,68,49,21" hai1="118,81,25,12,30,22,38,8,107,55,76,37,59" hai2="129,50,75,7,85,101,19,33,82,57,79,2,20" hai3="44,102,125,28,97,78,109,120,70,53,0,47,27"/><U34/><E107/><V96/><F33/><W89/><G120/><T15/><D116/><U127/><E127/><V87/><F129/><W123/><G123/><T46/><D68/><U113/><E113/><V95/><F2/><W88/><G109/><T80/><D131/><U6/><E34/><V114/><F7/><W112/><G112/><T64/><D122/><U4/><E4/><V35/><F35/><W130/><G0/><T69/><D108/><U74/><E118/><V91/><F114/><W132/><G130/><T121/><D111/><U13/><E13/><V14/><F75/><W119/><G119/><T58/><D46/><U32/><E32/><V31/><F31/><W100/><G70/><T11/><D80/><U66/><E66/><V99/><F101/><W10/><G125/><T5/><REACH who="0" step="1"/><D121/><REACH who="0" ten="218,458,213,101" step="2"/><U83/><E81/><V126/><F126/><W84/><G132/><T93/><D93/><U45/><E45/><V17/><F17/><W86/><G78/><T24/><AGARI ba="0,1" hai="5,11,15,21,24,29,48,49,51,56,58,63,64,69" machi="24" ten="30,4000,0" yaku="1,1,0,1,52,1,53,0" doraHai="26" doraHaiUra="110" who="0" fromWho="0" sc="218,50,458,-20,213,-10,101,-10" /><INIT seed="6,0,0,3,2,115" ten="268,438,203,91" oya="2" hai0="118,58,55,37,87,88,67,35,117,114,85,54,36" hai1="105,111,17,96,44,63,98,52,39,7,30,104,82" hai2="43,23,41,27,66,112,92,28,74,95,38,68,33" hai3="123,86,89,6,76,24,59,3,128,5,8,53,129"/><V11/><F74/><W48/><G123/><T12/><D35/><U73/><E30/><V106/><F112/><W31/><G76/><T113/><D12/><U15/><E7/><V22/><F106/><W13/><G3/><T10/><D10/><U60/><E111/><V91/><F11/><W51/><G51/><T78/><D67/><U125/><E125/><V19/><F33/><W50/><G50/><T103/><D103/><U97/><E63/><V56/><F68/><W81/><REACH who="3" step="1"/><G5/><REACH who="3" ten="268,438,203,81" step="2"/><T61/><D113/><U90/><E39/><V4/><F4/><W64/><G64/><T46/><D36/><U108/><E108/><V99/><F38/><W121/><G121/><T0/><D0/><U9/><E105/><V18/><F66/><W122/><G122/><T75/><D78/><U83/><E104/><V80/><F43/><W131/><G131/><T102/><D114/><U94/><E73/><V45/><F41/><W101/><G101/><T77/><D102/><U79/><E79/><V1/><F1/><W132/><G132/><T62/><D77/><U16/><E60/><V109/><F109/><W29/><G29/><T49/><D75/><U120/><E120/><V130/><F28/><W69/><G69/><T14/><D61/><U72/><E72/><V25/><F130/><W93/><G93/><T110/><D62/><U135/><E135/><V127/><F95/><W100/><G100/><T119/><D110/><U34/><E94/><V20/><F92/><W26/><G26/><T21/><D37/><U47/><E83/><V71/><F71/><W32/><AGARI ba="0,1" hai="6,8,13,24,31,32,48,53,59,81,86,89,128,129" machi="32" ten="30,4000,0" yaku="1,1,5,1,0,1,53,0" doraHai="115" doraHaiUra="42" who="3" fromWho="3" sc="268,-10,438,-10,203,-20,81,50" /><INIT seed="7,0,0,4,4,124" ten="258,428,183,131" oya="3" hai0="4,16,13,110,29,84,6,104,132,48,21,3,130" hai1="112,41,75,39,73,19,35,98,34,121,23,74,14" hai2="47,131,57,58,128,78,53,87,85,103,54,20,63" hai3="90,108,0,113,94,114,100,28,43,120,60,25,101"/><W88/><G120/><T1/><D104/><U17/><E121/><V68/><F68/><W93/><G0/><T64/><D110/><U27/><E112/><N who="3" m="43114" /><G43/><T40/><D64/><U95/><E41/><V45/><F103/><N who="3" m="39499" /><G60/><T133/><D1/><U49/><E49/><V97/><F97/><N who="3" m="57511" /><G25/><T116/><D3/><U70/><E39/><V61/><F20/><W119/><G28/><T126/><D48/><U71/><E35/><V9/><F78/><W22/><G22/><T10/><D40/><U24/><E24/><V118/><F118/><W2/><G2/><T8/><D116/><U18/><E34/><V91/><F91/><W111/><G119/><T59/><D29/><U129/><E71/><V122/><F122/><W96/><AGARI ba="0,0" hai="90,94,96,108,111" m="57511,39499,43114" machi="96" ten="30,11700,0" yaku="15,1,34,2,54,1" doraHai="124" who="3" fromWho="3" sc="258,-39,428,-39,183,-39,131,117" /><INIT seed="7,1,0,2,0,105" ten="219,389,144,248" oya="3" hai0="102,17,121,127,9,91,97,54,114,132,4,1,72" hai1="34,73,56,74,64,117,123,55,87,135,130,51,106" hai2="45,86,125,62,78,93,94,29,111,115,48,50,129" hai3="49,63,108,38,113,95,84,77,44,5,116,92,15"/><W96/><G116/><T37/><D121/><U46/><E106/><V11/><F111/><W52/><G113/><T58/><D132/><U20/><E34/><V2/><F115/><W7/><G38/><T31/><D127/><U57/><E123/><V128/><F125/><W53/><G108/><T90/><D37/><U39/><E74/><V18/><F29/><W6/><G15/><T124/><D124/><U61/><E73/><V47/><F62/><W43/><G63/><T88/><D72/><U101/><E101/><V23/><F2/><W30/><G30/><T22/><D31/><U59/><E130/><V3/><F3/><W25/><G25/><T118/><D118/><U10/><E117/><V12/><F129/><W98/><G77/><T16/><D22/><U122/><E122/><V68/><F68/><W19/><G19/><T104/><REACH who="0" step="1"/><D114/><REACH who="0" ten="209,389,144,248" step="2"/><U79/><E20/><V36/><F36/><W21/><G21/><T76/><D76/><U60/><E39/><V100/><F128/><W112/><G112/><T109/><D109/><U33/><E79/><V28/><F28/><W40/><G84/><T107/><D107/><U69/><E87/><V13/><F100/><N who="3" m="60423" /><G40/><T32/><D32/><U85/><E33/><V14/><F78/><W81/><G81/><T131/><D131/><U134/><E85/><V103/><F103/><AGARI ba="1,1" hai="5,6,7,43,44,49,52,53,95,98,103" m="60423" machi="103" ten="30,2900,0" yaku="8,1,54,1" doraHai="105" who="3" fromWho="2" sc="209,0,389,0,144,-32,248,42" /><INIT seed="7,2,0,5,2,101" ten="209,389,112,290" oya="3" hai0="89,109,67,105,118,79,19,84,53,40,103,60,44" hai1="82,54,106,1,65,66,36,98,62,17,92,107,50" hai2="71,132,133,131,69,122,4,64,72,5,97,38,26" hai3="6,125,48,27,12,83,108,28,58,114,41,75,135"/><W35/><G114/><T113/><D109/><U57/><E36/><V59/><F72/><W76/><G125/><T11/><D118/><U93/><E1/><V112/><F38/><W3/><G135/><T81/><D113/><U10/><E82/><V20/><F112/><W45/><G108/><T86/><D103/><U46/><E93/><V123/><F97/><W68/><G58/><T63/><D105/><U116/><E116/><V21/><F59/><W49/><G12/><T124/><D53/><U95/><E95/><V80/><F80/><W102/><G102/><T13/><D124/><U0/><E66/><V91/><F64/><W78/><G78/><T74/><D89/><U120/><E120/><V115/><F115/><W32/><G32/><T29/><D29/><U8/><E0/><V14/><F14/><W24/><G24/><T119/><D63/><U129/><E129/><V56/><F56/><W43/><G43/><T99/><D99/><U90/><E10/><V77/><F26/><W111/><G111/><T25/><D25/><U126/><E126/><V121/><F121/><W33/><G33/><T42/><D42/><U104/><E8/><V39/><F39/><N who="3" m="21695" /><G68/><T34/><D34/><U18/><AGARI ba="2,0" hai="17,18,46,50,54,57,62,65,90,92,98,104,106,107" machi="18" ten="40,8000,1" yaku="0,1,52,3" doraHai="101" who="1" fromWho="1" sc="209,-22,389,86,112,-22,290,-42" owari="187,-21.3,475,57.5,90,-41.0,248,4.8" /></mjloggm>