<mjloggm ver="2.3"><GO type="169" lobby="0"/><UN n0="%6B%75%72%69%73%75" n1="%52%65%61%6C%58" n2="%63%61%72%6C%6F%73%6E" n3="%E3%81%8D%E3%82%83%E3%82%82%E3%82%93%E3%81%AC" dan="16,16,17,16" rate="2142.15,2175.79,2186.11,2113.73" sx="F,F,M,M"/><TAIKYOKU oya="0"/><INIT seed="0,0,0,5,3,69" ten="250,250,250,250" oya="0" hai0="47,16,108,12,29,74,27,53,116,114,48,104,129" hai1="76,40,97,39,120,52,56,87,54,94,119,30,36" hai2="71,92,130,123,103,132,62,84,72,45,59,35,18" hai3="99,70,60,78,79,63,34,0,134,113,105,25,19"/><T125/><D114/><U100/><E119/><V122/><F72/><W101/><G113/><T13/><D116/><U3/><E120/><V128/><F71/><W83/><G78/><T32/><D129/><N who="2" m="49770" /><F35/><W102/><G102/><T89/><D74/><U20/><E3/><V107/><F132/><W64/><G63/><T93/><D125/><U118/><E118/><V67/><F18/><W6/><G19/><T49/><D104/><U1/><E1/><V133/><F133/><W9/><G134/><T86/><D108/><U8/><E8/><V121/><F45/><W51/><G51/><T23/><REACH who="0" step="1"/><D49/><REACH who="0" ten="240,250,250,250" step="2"/><U112/><E112/><V38/><F107/><W17/><G105/><T127/><D127/><U98/><E76/><V81/><F122/><W68/><G79/><T61/><D61/><U46/><E87/><V33/><F123/><W126/><G60/><T88/><D88/><U96/><E98/><V82/><F121/><W2/><G99/><T57/><D57/><U90/><E56/><V73/><F84/><W115/><G68/><T75/><D75/><U28/><E96/><V10/><F73/><W117/><G126/><T5/><D5/><U44/><E90/><V80/><F59/><W95/><G117/><T43/><D43/><U7/><E7/><V106/><F62/><W124/><G6/><T14/><AGARI ba="0,1" hai="12,13,14,16,23,27,29,32,47,48,53,86,89,93" machi="14" ten="20,7800,0" yaku="1,1,0,1,7,1,54,1,53,0" doraHai="69" doraHaiUra="55" who="0" fromWho="0" sc="240,88,250,-26,250,-26,250,-26" /><INIT seed="0,1,0,4,5,105" ten="328,224,224,224" oya="0" hai0="125,114,132,90,75,51,98,66,17,10,101,8,102" hai1="18,126,130,95,45,13,2,33,27,36,87,118,99" hai2="5,123,84,122,116,38,48,107,91,34,134,11,29" hai3="121,1,82,30,127,111,60,7,135,46,6,71,35"/><T109/><D114/><U57/><E118/><V26/><F38/><W100/><G111/><T20/><D125/><U69/><E69/><V53/><F107/><W113/><G113/><T37/><D37/><U47/><E2/><V31/><F31/><W56/><G127/><T63/><D132/><U72/><E130/><V89/><F134/><W70/><G135/><T39/><D39/><U79/><E87/><V74/><F74/><W65/><G121/><T88/><D75/><U104/><E104/><V16/><F116/><W83/><G100/><T115/><D115/><U0/><E0/><V49/><F49/><W24/><G46/><T67/><D109/><U40/><E57/><V54/><F54/><W97/><G97/><T85/><D51/><U133/><E133/><V42/><F42/><W119/><G119/><T64/><D63/><U120/><E120/><V77/><F77/><W68/><G1/><T59/><D59/><U32/><E47/><V62/><F62/><W131/><G131/><T124/><D124/><U92/><E126/><V112/><F112/><W117/><G117/><T50/><D50/><U4/><E99/><V25/><F5/><W93/><G93/><N who="0" m="58575" /><D102/><U44/><E44/><V96/><F48/><W58/><G58/><T41/><D41/><U61/><E61/><V3/><F3/><W43/><G43/><T22/><D90/><U23/><E92/><N who="2" m="56351" /><F53/><W106/><G106/><T28/><D28/><U15/><E95/><N who="2" m="54695" /><F123/><W73/><G83/><N who="0" m="49215" /><D8/><N who="1" m="4231" /><E33/><V86/><F122/><W12/><G35/><T21/><D10/><U129/><E32/><V110/><F34/><RYUUKYOKU ba="1,0" sc="328,30,224,-10,224,-10,224,-10" hai0="17,20,21,22,64,66,67" /><INIT seed="0,2,0,3,5,120" ten="358,214,214,214" oya="0" hai0="102,97,23,119,8,28,131,56,73,114,121,62,125" hai1="82,95,87,91,133,93,20,35,16,39,51,53,71" hai2="41,9,25,80,7,81,92,5,32,24,79,63,99" hai3="6,86,47,69,68,128,130,40,64,110,85,103,126"/><T98/><D121/><U43/><E71/><V107/><F107/><W94/><G126/><T21/><D114/><U83/><E35/><V78/><F41/><W67/><G6/><T55/><D119/><U127/><E127/><V22/><F63/><W46/><G94/><T38/><D125/><U19/><E133/><V52/><F32/><W77/><G40/><T106/><D38/><U58/><E93/><V88/><F24/><W76/><G103/><T17/><D73/><U89/><E89/><V129/><F129/><W29/><G29/><T18/><D131/><U132/><E132/><V118/><F118/><W2/><G2/><T34/><D34/><U116/><E116/><V124/><F124/><W57/><G57/><T54/><D28/><U61/><E19/><V50/><F79/><W74/><G74/><T14/><D98/><U70/><E70/><V135/><F135/><W48/><G48/><T13/><REACH who="0" step="1"/><D8/><REACH who="0" ten="348,214,214,214" step="2"/><U100/><E39/><V45/><F9/><W1/><G130/><T42/><D42/><U31/><E31/><V66/><F66/><AGARI ba="2,1" hai="13,14,17,18,21,23,54,55,56,62,66,97,102,106" machi="66" ten="30,11600,0" yaku="1,1,7,1,9,1,53,1" doraHai="120" doraHaiUra="60" who="0" fromWho="2" sc="348,132,214,0,214,-122,214,0" /><INIT seed="0,3,0,3,4,53" ten="480,214,92,214" oya="0" hai0="18,33,133,55,82,31,110,13,80,93,21,135,72" hai1="84,5,123,54,100,67,71,47,19,68,50,16,39" hai2="43,23,134,103,29,107,11,106,41,27,109,99,132" hai3="3,15,94,30,78,28,69,26,65,60,126,49,22"/><T81/><D72/><U111/><E123/><V88/><F109/><W4/><G3/><T76/><D76/><U124/><E111/><V37/><F107/><W92/><G126/><T40/><D110/><U63/><E124/><V86/><F11/><W127/><G127/><T95/><D40/><U25/><E5/><V89/><F89/><W10/><G78/><T104/><D104/><U120/><E120/><V113/><F113/><W117/><G117/><T17/><D17/><U108/><E108/><V122/><F122/><W9/><G9/><T59/><D31/><U14/><E100/><V129/><F129/><W45/><G28/><T20/><D33/><U24/><E68/><V118/><F118/><W74/><G74/><T66/><D66/><U119/><E119/><V57/><F57/><W64/><G64/><T7/><D21/><U90/><E39/><V105/><F105/><W83/><G83/><T32/><D32/><U8/><E19/><V61/><F61/><W73/><G73/><T12/><D12/><U1/><E1/><V42/><REACH who="2" step="1"/><F37/><REACH who="2" ten="480,214,82,214" step="2"/><W116/><G116/><T128/><D128/><U58/><E71/><V36/><F36/><W51/><G49/><T38/><D38/><U130/><E130/><V131/><F131/><W125/><G125/><T115/><D115/><U44/><E44/><V70/><F70/><W85/><G69/><T0/><D59/><U77/><E77/><V35/><F35/><W121/><G121/><T101/><D101/><U75/><E75/><V34/><F34/><W91/><G60/><T96/><D0/><U98/><E98/><RYUUKYOKU ba="3,1" sc="480,-15,214,15,82,15,214,-15" hai1="8,14,16,24,25,47,50,54,58,63,67,84,90" hai2="23,27,29,41,42,43,86,88,99,103,106,132,134" /><INIT seed="1,4,1,3,4,108" ten="465,229,97,199" oya="1" hai0="49,38,83,102,2,17,20,119,44,106,116,50,73" hai1="113,57,10,88,67,46,77,65,16,63,60,68,130" hai2="21,101,62,6,48,32,9,19,58,134,70,11,52" hai3="25,26,53,31,42,79,18,104,47,0,87,81,111"/><U115/><E77/><V69/><F32/><W132/><G111/><T66/><D2/><U99/><E46/><V34/><F34/><W15/><G132/><T86/><D73/><U24/><E130/><V74/><F74/><W56/><G0/><T135/><D38/><U14/><REACH who="1" step="1"/><E24/><REACH who="1" ten="465,219,97,199" step="2"/><V13/><F134/><W93/><G26/><T124/><D44/><U29/><E29/><V55/><F101/><W22/><G47/><T121/><D102/><U71/><E71/><V61/><F11/><W96/><G31/><T51/><D116/><U45/><E45/><V43/><F43/><W54/><G42/><T85/><D119/><U105/><E105/><V30/><F30/><W7/><G104/><T112/><D106/><U94/><AGARI ba="4,2" hai="10,14,16,57,60,63,65,67,68,88,94,99,113,115" machi="94" ten="30,18000,2" yaku="1,1,0,1,52,2,54,2,53,0" doraHai="108" doraHaiUra="1" who="1" fromWho="1" sc="465,-64,219,212,97,-64,199,-64" /><INIT seed="1,5,0,1,3,9" ten="401,431,33,135" oya="1" hai0="85,83,48,127,102,6,38,113,74,65,56,14,7" hai1="20,46,47,18,69,68,40,49,73,134,27,84,130" hai2="29,57,64,80,30,35,67,110,120,99,77,75,21" hai3="128,17,43,106,53,87,70,101,4,23,51,16,8"/><U34/><E73/><V25/><F120/><W96/><G70/><T19/><D113/><U45/><E130/><V105/><F110/><W92/><G128/><T124/><D38/><U39/><E134/><V50/><F30/><W0/><G43/><T79/><D102/><U26/><E47/><V126/><F126/><N who="0" m="48170" /><D74/><U12/><E34/><V41/><F35/><W60/><G60/><N who="0" m="38023" /><D48/><U121/><E121/><V116/><F116/><W112/><G112/><T97/><D97/><U135/><E135/><V133/><F133/><W93/><G17/><T119/><D119/><U89/><E68/><V1/><F105/><W63/><G63/><T98/><D98/><U28/><E28/><V90/><F99/><W58/><REACH who="3" step="1"/><G87/><REACH who="3" ten="401,431,33,125" step="2"/><T122/><D122/><U114/><E69/><V91/><F41/><W72/><G72/><T42/><D42/><U78/><E114/><V76/><F75/><W111/><G111/><T59/><D59/><U66/><E45/><V61/><F57/><W71/><G71/><T44/><D44/><U94/><E39/><V10/><F61/><W32/><G32/><T22/><AGARI ba="5,1" hai="6,7,14,19,22,79,83,85" m="38023,48170" machi="22" ten="30,2000,0" yaku="18,1,52,1" doraHai="9" who="0" fromWho="0" sc="401,45,431,-15,33,-10,125,-10" /><INIT seed="2,0,0,0,2,100" ten="446,416,23,115" oya="2" hai0="32,49,47,120,31,98,40,134,107,68,54,4,130" hai1="75,37,16,70,45,19,3,39,89,14,119,30,84" hai2="96,34,66,21,8,93,25,57,67,113,44,60,51" hai3="5,102,53,38,122,133,87,50,82,36,26,83,91"/><V123/><F113/><W13/><G122/><T56/><D120/><U103/><E119/><V41/><F123/><W124/><G124/><T28/><D130/><U90/><E3/><V111/><F34/><W131/><G131/><T61/><D134/><U110/><E110/><V69/><F111/><W71/><G133/><T128/><D128/><U132/><E75/><V121/><F121/><W35/><G71/><T109/><D109/><U77/><E70/><V99/><F69/><W81/><G35/><T63/><D4/><U6/><E30/><V55/><F8/><W9/><G26/><T78/><D78/><U0/><E0/><V135/><F135/><W86/><G102/><N who="0" m="62935" /><D61/><U10/><E37/><V18/><REACH who="2" step="1"/><F99/><REACH who="2" ten="446,416,13,115" step="2"/><W20/><G20/><T43/><D32/><U129/><E132/><V11/><F11/><W115/><G115/><T24/><D68/><U76/><E129/><V105/><F105/><W64/><G64/><T118/><D118/><U46/><E10/><V112/><F112/><W104/><G104/><T92/><D31/><U114/><E114/><V7/><F7/><W125/><G125/><T65/><D28/><U94/><E6/><V15/><F15/><W23/><G23/><T101/><D24/><U52/><E14/><V33/><F33/><W12/><G12/><T116/><D116/><U27/><E27/><V42/><F42/><W29/><G29/><T17/><D17/><U2/><E16/><V126/><F126/><W117/><G117/><T22/><D22/><U85/><E19/><V48/><F48/><W106/><G50/><T1/><D1/><RYUUKYOKU ba="0,1" sc="446,15,416,-15,13,15,115,-15" hai0="40,43,47,49,54,56,63,65,92,101" hai2="18,21,25,41,44,51,55,57,60,66,67,93,96" /><INIT seed="2,1,1,0,4,101" ten="461,401,28,100" oya="2" hai0="36,80,61,46,117,58,25,37,122,13,40,114,127" hai1="115,30,34,11,17,18,52,57,55,53,62,31,26" hai2="79,39,44,22,76,95,4,48,91,78,20,124,63" hai3="3,88,98,126,107,128,100,129,87,5,89,49,32"/><V74/><F39/><W82/><G32/><T118/><D122/><U77/><E115/><V45/><F74/><W109/><G3/><T68/><D114/><U35/><E77/><V133/><F124/><W113/><G113/><T132/><D127/><U51/><E11/><V116/><F116/><N who="0" m="44650" /><D132/><U70/><E70/><V123/><F123/><W60/><G5/><T110/><D110/><U2/><E2/><V131/><F133/><W104/><G126/><T84/><D68/><U121/><E121/><V7/><F63/><W6/><G6/><N who="2" m="2089" /><F131/><N who="3" m="50251" /><G109/><T102/><D102/><U14/><E14/><V56/><F56/><W105/><G49/><N who="0" m="26823" /><D13/><U33/><E55/><N who="2" m="30087" /><F45/><W94/><G60/><T73/><D73/><U81/><E53/><V64/><F64/><W103/><AGARI ba="1,1" hai="82,87,88,89,94,98,100,103,104,105,107" m="50251" machi="103" ten="40,12000,2" yaku="19,1,34,2,52,3,54,1" doraHai="101" who="3" fromWho="3" sc="461,-31,401,-31,28,-61,100,133" owari="430,53.0,370,17.0,-33,-53.3,233,-16.7" /></mjloggm>