<mjloggm ver="2.3"><GO type="169" lobby="0"/><UN n0="%73%61%6E%64%69%72%69%73" n1="%E5%9B%BD%E7%8E%8B" n2="%E3%82%A8%E3%83%8D%E3%83%AB" n3="%E3%83%9F%E3%82%B2%E3%83%BC%E3%83%AB%E6%94%B9" dan="17,16,18,16" rate="2215.85,2196.26,2211.06,2207.04" sx="M,M,M,M"/><TAIKYOKU oya="0"/><INIT seed="0,0,0,2,3,71" ten="250,250,250,250" oya="0" hai0="93,4,37,10,0,85,60,96,107,58,124,103,86" hai1="105,32,25,76,8,79,45,134,15,3,26,90,46" hai2="132,130,101,74,72,126,111,98,24,69,67,63,31" hai3="18,121,5,117,62,17,80,65,106,87,78,49,133"/><T59/><D124/><U112/><E105/><V135/><F126/><W110/><G117/><T29/><D107/><U61/><E134/><N who="2" m="51243" /><F111/><W113/><G113/><T43/><D59/><U16/><E3/><V123/><F123/><W66/><G106/><T6/><D6/><U41/><E112/><V104/><F130/><W50/><G133/><T114/><D114/><U115/><E115/><V22/><AGARI ba="0,0" hai="22,24,31,63,67,69,72,74,98,101,104" m="51243" machi="22" ten="30,1100,0" yaku="20,1" doraHai="71" who="2" fromWho="2" sc="250,-5,250,-3,250,11,250,-3" /><INIT seed="1,0,0,0,2,125" ten="245,247,261,247" oya="1" hai0="38,10,21,135,96,12,86,62,25,122,114,100,55" hai1="131,50,59,48,76,83,46,79,18,32,14,108,69" hai2="45,74,77,124,37,28,60,26,64,75,91,19,110" hai3="84,133,107,54,118,47,17,34,58,120,9,117,1"/><U44/><E69/><V87/><F124/><W53/><G120/><T3/><D122/><U27/><E59/><V93/><F110/><W109/><G107/><T61/><D114/><U52/><E108/><V80/><F19/><W70/><G70/><T95/><D135/><U29/><E131/><V15/><F15/><W134/><G34/><T66/><D3/><U68/><E68/><V42/><F60/><W119/><G109/><T103/><D38/><U88/><E88/><V30/><F64/><W101/><G101/><T33/><D33/><U128/><E128/><V102/><F102/><W94/><G17/><T36/><D36/><U5/><E5/><V99/><REACH who="2" step="1"/><F30/><REACH who="2" ten="245,247,251,247" step="2"/><W129/><G129/><T23/><D103/><U90/><E90/><V39/><F39/><W56/><G1/><T126/><D126/><U121/><E121/><V31/><F31/><W13/><G134/><T16/><D66/><U112/><E112/><V72/><F72/><W51/><G133/><T22/><D25/><U0/><E0/><V43/><F43/><W7/><G54/><T113/><D113/><U111/><E111/><V71/><F71/><W67/><G67/><T132/><D132/><U40/><REACH who="1" step="1"/><E83/><REACH who="1" ten="245,237,251,247" step="2"/><V6/><F6/><W89/><AGARI ba="0,2" hai="7,9,13,47,51,53,56,58,84,89,94,117,118,119" machi="89" ten="40,2700,0" yaku="0,1,12,1" doraHai="125" who="3" fromWho="3" sc="245,-7,237,-13,251,-7,247,47" /><INIT seed="2,0,0,5,4,58" ten="238,224,244,294" oya="2" hai0="70,48,92,35,67,38,98,84,97,76,7,128,44" hai1="6,87,118,72,82,3,127,60,125,63,5,54,43" hai2="31,62,80,65,83,50,124,79,126,102,115,121,96" hai3="86,45,119,105,2,78,52,135,27,30,40,64,103"/><V20/><F115/><W112/><G119/><T123/><D123/><U132/><E72/><V69/><F121/><W101/><G2/><T11/><D128/><U49/><E118/><V85/><F50/><W25/><G64/><T53/><D35/><U93/><E93/><V23/><F83/><W8/><G105/><T68/><D38/><U37/><E37/><V14/><F14/><W16/><G40/><T34/><D34/><U59/><E132/><V32/><F23/><N who="3" m="15743" /><G135/><T12/><D67/><U104/><E104/><N who="2" m="63559" /><F20/><N who="3" m="13447" /><G112/><T42/><D53/><U111/><E111/><V134/><F134/><W81/><G8/><T47/><D47/><U26/><E26/><AGARI ba="0,0" hai="26,31,32,62,65,69,79,80,85,124,126" m="63559" machi="26" ten="30,2900,0" yaku="25,1,52,1" doraHai="58" who="2" fromWho="1" sc="238,0,224,-29,244,29,294,0" /><INIT seed="2,1,0,3,4,68" ten="238,195,273,294" oya="2" hai0="61,134,2,35,124,48,10,65,42,37,5,17,120" hai1="30,40,82,1,132,108,90,16,121,98,46,52,6" hai2="43,123,118,32,55,113,101,64,8,63,56,25,12" hai3="119,14,54,92,103,72,36,112,125,129,95,66,38"/><V135/><F113/><W76/><G119/><T80/><D48/><U27/><E108/><V94/><F118/><W81/><G112/><T57/><D120/><U47/><E132/><V60/><F135/><W84/><G129/><T133/><D35/><U11/><E121/><V49/><F123/><W107/><G95/><T0/><D124/><U20/><E98/><V78/><F78/><W116/><G125/><T88/><D0/><U89/><E82/><V9/><F43/><W24/><G24/><T4/><D4/><U31/><E31/><V22/><F32/><W67/><G54/><T29/><D29/><U99/><E99/><N who="2" m="59639" /><F12/><W34/><G14/><T58/><D58/><U85/><E85/><V96/><F96/><N who="3" m="61927" /><G34/><T106/><D17/><U62/><E30/><N who="2" m="17719" /><F63/><W70/><G70/><T77/><D106/><U97/><E97/><V21/><F21/><W18/><G18/><T105/><D105/><U117/><E117/><V104/><F104/><W19/><G19/><T126/><D126/><U53/><E47/><AGARI ba="1,0" hai="8,9,47,49,55,56,60,64" m="17719,59639" machi="47" ten="30,2900,0" yaku="25,1,8,1" doraHai="68" who="2" fromWho="1" sc="238,0,195,-32,273,32,294,0" /><INIT seed="2,2,0,4,4,57" ten="238,163,305,294" oya="2" hai0="39,106,124,37,76,120,104,78,40,46,24,77,23" hai1="126,8,27,41,109,95,62,91,63,74,4,128,134" hai2="19,71,10,22,61,90,111,131,89,112,96,86,58" hai3="133,5,51,45,108,49,75,73,87,47,103,50,82"/><V1/><F112/><W93/><G108/><T110/><D120/><U123/><E123/><V28/><F131/><W72/><G5/><T56/><D110/><U113/><E113/><V0/><F71/><W102/><G93/><T60/><D39/><U115/><E115/><V20/><F111/><W33/><G33/><T107/><D124/><U64/><E109/><V38/><F38/><W83/><G87/><T35/><D35/><U130/><E74/><V99/><F0/><W53/><G53/><T121/><D121/><U119/><E119/><V34/><F1/><W32/><G32/><T11/><D11/><U67/><E41/><V6/><F6/><W13/><G13/><T18/><REACH who="0" step="1"/><D77/><REACH who="0" ten="228,163,305,294" step="2"/><U9/><E126/><V118/><F34/><W55/><G133/><T59/><D59/><U44/><E134/><V30/><F10/><N who="1" m="4201" /><E4/><V43/><F22/><W54/><REACH who="3" step="1"/><G51/><REACH who="3" ten="228,163,305,284" step="2"/><T116/><D116/><U101/><E130/><V36/><F118/><W88/><G88/><T129/><D129/><U31/><E91/><V125/><F90/><W29/><G29/><T80/><D80/><AGARI ba="2,2" hai="45,47,49,50,54,55,72,73,75,80,82,83,102,103" machi="80" ten="40,2600,0" yaku="1,1,9,1,53,0" doraHai="57" doraHaiUra="14" who="3" fromWho="0" sc="228,-32,163,0,305,0,284,52" /><INIT seed="3,0,0,1,0,59" ten="196,163,305,336" oya="3" hai0="19,112,104,134,62,30,67,99,75,125,37,23,106" hai1="85,91,9,89,15,53,6,42,130,109,98,46,52" hai2="48,68,100,113,94,32,61,87,65,103,12,25,57" hai3="76,111,14,97,115,40,41,29,81,47,127,33,74"/><W123/><G123/><T16/><D75/><U77/><E109/><V51/><F113/><W56/><G115/><T28/><D37/><U69/><E69/><V118/><F118/><W101/><G127/><T129/><D112/><U3/><E130/><V120/><F120/><W8/><G111/><T1/><D1/><U79/><E3/><V126/><F126/><W55/><G47/><T26/><D125/><U49/><E98/><V90/><F12/><W105/><G29/><T107/><D134/><U43/><E43/><V54/><REACH who="2" step="1"/><F51/><REACH who="2" ten="196,163,295,336" step="2"/><W78/><G33/><T18/><D129/><U2/><E2/><V10/><F10/><W95/><G105/><T132/><D132/><U64/><E64/><V21/><F21/><W88/><G101/><T7/><D7/><U63/><E89/><V39/><F39/><W114/><G76/><T73/><D23/><U70/><E79/><V17/><F17/><W124/><G124/><T20/><D30/><AGARI ba="0,1" hai="25,30,32,48,54,57,61,65,68,87,90,94,100,103" machi="30" ten="40,5200,0" yaku="1,1,52,1,53,1" doraHai="59" doraHaiUra="50" who="2" fromWho="0" sc="196,-52,163,0,295,62,336,0" /><INIT seed="4,0,0,3,4,101" ten="144,163,357,336" oya="0" hai0="80,135,15,44,48,32,46,29,77,5,52,117,126" hai1="98,100,81,1,27,6,75,12,92,89,9,7,128" hai2="22,63,78,116,61,17,14,97,39,134,115,119,132" hai3="68,79,56,122,38,133,25,118,67,62,28,105,57"/><T50/><D117/><N who="2" m="45130" /><F78/><W21/><G118/><T93/><D135/><N who="2" m="51754" /><F39/><W13/><G133/><T33/><D126/><U110/><E128/><V65/><F115/><W45/><G79/><T129/><D129/><U95/><E110/><V113/><F113/><W107/><G122/><T58/><D29/><U103/><E75/><V104/><F65/><W112/><G112/><T114/><D114/><U31/><E81/><V91/><F91/><W10/><G57/><T64/><D93/><U43/><E43/><V94/><F94/><W131/><G131/><T99/><D99/><U23/><E7/><V85/><F85/><W41/><REACH who="3" step="1"/><G68/><REACH who="3" ten="144,163,357,326" step="2"/><T37/><D58/><U30/><E100/><AGARI ba="0,1" hai="14,17,22,61,63,97,100,104" m="51754,45130" machi="100" ten="30,3900,0" yaku="12,1,20,1,52,1" doraHai="101" who="2" fromWho="1" sc="144,0,163,-39,357,49,326,0" /><INIT seed="5,0,0,1,0,3" ten="144,124,406,326" oya="1" hai0="61,27,62,33,100,26,122,87,118,50,115,116,112" hai1="119,126,84,71,92,73,113,133,45,16,93,70,56" hai2="72,23,96,89,63,114,53,18,42,79,35,108,81" hai3="30,49,88,8,55,94,44,11,86,6,102,91,36"/><U52/><E73/><V104/><F108/><W77/><G36/><T4/><D122/><U58/><E119/><V29/><F42/><W75/><G11/><T107/><D87/><U5/><E113/><N who="0" m="43593" /><D50/><U105/><E105/><V41/><F41/><W76/><G30/><N who="0" m="19671" /><D27/><U51/><E133/><V12/><F114/><W69/><G69/><T14/><D100/><U60/><E126/><V90/><F29/><W127/><G102/><T9/><D107/><U99/><E58/><V98/><F35/><W128/><G128/><T34/><D34/><U59/><E59/><V13/><F104/><W22/><G22/><T101/><D101/><U7/><E71/><V32/><F32/><W43/><G75/><T19/><D19/><U131/><E70/><V83/><F18/><W110/><G110/><T82/><D82/><U46/><E131/><V17/><F17/><W1/><G127/><T2/><D14/><U40/><E46/><V130/><F12/><W95/><G43/><T125/><D125/><U124/><E124/><V57/><F13/><W111/><G111/><T120/><D120/><U97/><E16/><V74/><F23/><W117/><G117/><AGARI ba="0,0" hai="2,4,9,61,62,116,117,118" m="19671,43593" machi="117" ten="30,2000,0" yaku="15,1,52,1" doraHai="3" who="0" fromWho="3" sc="144,20,124,0,406,0,326,-20" /><INIT seed="6,0,0,2,2,35" ten="164,124,406,306" oya="2" hai0="89,120,45,58,94,134,127,73,0,67,97,131,50" hai1="7,40,115,36,91,57,59,100,64,44,99,98,17" hai2="79,113,96,24,63,125,129,47,104,30,8,13,19" hai3="121,51,90,75,28,25,16,103,122,14,78,39,124"/><V12/><F113/><W72/><G39/><T66/><D120/><U29/><E115/><V116/><F116/><W48/><G103/><T69/><D73/><U132/><E132/><V18/><F129/><W32/><G124/><T37/><D69/><U61/><E29/><V95/><F104/><W53/><G51/><T10/><D37/><U38/><E38/><V33/><F125/><W77/><G75/><T109/><D109/><U9/><E17/><V6/><F79/><W46/><G72/><T60/><D134/><U106/><E59/><V4/><F63/><W49/><G49/><T3/><D127/><U102/><E91/><V92/><F47/><W70/><G70/><T41/><D131/><U20/><E20/><V62/><F62/><W22/><REACH who="3" step="1"/><G90/><REACH who="3" ten="164,124,406,296" step="2"/><T52/><D67/><U31/><E31/><V128/><F128/><W84/><G84/><T105/><D66/><U43/><E43/><V27/><F30/><W88/><G88/><T111/><D111/><U135/><E135/><V81/><F96/><W117/><G117/><T11/><REACH who="0" step="1"/><D105/><REACH who="0" ten="154,124,406,296" step="2"/><U76/><E106/><V21/><F24/><W82/><G82/><T107/><D107/><U87/><E36/><V74/><F81/><W119/><G119/><T83/><D83/><U133/><E133/><V56/><F74/><W101/><G101/><T112/><D112/><U118/><E118/><V2/><F27/><W5/><G5/><T108/><D108/><U65/><E65/><V71/><F6/><W123/><AGARI ba="0,2" hai="14,16,22,25,28,32,46,48,53,77,78,121,122,123" machi="123" ten="30,4000,0" yaku="1,1,0,1,54,1,53,0" doraHai="35" doraHaiUra="55" who="3" fromWho="3" sc="154,-10,124,-10,406,-20,296,60" /><INIT seed="7,0,0,2,0,98" ten="144,114,386,356" oya="3" hai0="117,107,90,22,104,86,12,34,15,40,18,113,70" hai1="43,59,130,69,88,110,28,29,94,3,2,56,119" hai2="72,75,41,7,116,112,60,73,48,14,76,53,132" hai3="120,63,20,4,83,0,114,96,9,78,106,85,97"/><W126/><G120/><T108/><D117/><U102/><E69/><V39/><F39/><W10/><G114/><T84/><D34/><U17/><E110/><V89/><F116/><W111/><G111/><T67/><D108/><U33/><E119/><V37/><F37/><W99/><G126/><T121/><D121/><U46/><E130/><V92/><F132/><W24/><G10/><T87/><D113/><U52/><E102/><V35/><F35/><W123/><G123/><T32/><D32/><U61/><E33/><V26/><F26/><W62/><REACH who="3" step="1"/><G106/><REACH who="3" ten="144,114,386,346" step="2"/><T80/><D107/><U95/><E2/><V81/><F112/><W118/><G118/><T5/><D104/><U82/><E3/><V31/><F7/><W65/><G65/><T74/><D67/><N who="1" m="39335" /><E17/><AGARI ba="0,1" hai="0,4,9,17,20,24,62,63,78,83,85,96,97,99" machi="17" ten="40,2000,0" yaku="1,1,53,0" doraHai="98" doraHaiUra="103" who="3" fromWho="1" sc="144,0,114,-20,386,0,346,30" /><INIT seed="7,1,0,2,4,46" ten="144,94,386,376" oya="3" hai0="93,113,30,67,64,129,50,111,100,58,44,92,23" hai1="85,70,98,31,8,133,117,87,51,97,61,109,73" hai2="120,121,56,2,7,9,106,112,32,12,102,122,134" hai3="6,57,77,43,21,59,26,83,108,63,0,35,16"/><W54/><G35/><T33/><D111/><U68/><E73/><V40/><F134/><W39/><G108/><T42/><D33/><U124/><E109/><V62/><F32/><W135/><G135/><T74/><D74/><U84/><E133/><V126/><F126/><W116/><G116/><T79/><D129/><U37/><E37/><V88/><F112/><W75/><G39/><T10/><D113/><U125/><E31/><V81/><F40/><W104/><G104/><T114/><D114/><U66/><E117/><V94/><F81/><W103/><G43/><T1/><D79/><U130/><E130/><V22/><F102/><W101/><G6/><T128/><D128/><U82/><E82/><V34/><F106/><W4/><G4/><T127/><D127/><U15/><E68/><V38/><F34/><W41/><G41/><T60/><D1/><U36/><E36/><V28/><F38/><W20/><G0/><T89/><D10/><U99/><REACH who="1" step="1"/><E51/><REACH who="1" ten="144,84,386,376" step="2"/><V105/><F28/><W5/><G5/><AGARI ba="1,1" hai="5,8,15,61,66,70,84,85,87,97,98,99,124,125" machi="5" ten="40,2600,0" yaku="1,1,2,1,53,0" doraHai="46" doraHaiUra="69" who="1" fromWho="3" sc="144,0,84,39,386,0,376,-29" owari="144,-25.6,123,-37.7,386,48.6,347,14.7" /></mjloggm>