<mjloggm ver="2.3"><GO type="169" lobby="0"/><UN n0="%63%6C%75%74%63%68%37%33" n1="%E3%82%A2%E3%83%92%E3%83%AB%E3%83%84%E3%83%AB%E3%82%AE%E3%83%BC" n2="%E6%82%94%E3%81%84%E3%82%BF%E3%83%B3" n3="%48%61%6C%66%73" dan="17,16,17,17" rate="2282.18,2145.90,2193.82,2149.52" sx="M,M,M,M"/><TAIKYOKU oya="0"/><INIT seed="0,0,0,2,1,10" ten="250,250,250,250" oya="0" hai0="97,0,100,64,30,91,23,62,50,96,107,121,123" hai1="2,119,88,81,66,40,114,133,77,106,34,84,80" hai2="8,59,51,67,6,120,18,90,58,11,76,14,3" hai3="22,45,101,21,115,61,128,55,104,24,68,39,130"/><T85/><D0/><U32/><E119/><V42/><F120/><W135/><G115/><T43/><D96/><U12/><E2/><V103/><F103/><W48/><G135/><T126/><D126/><U78/><E133/><V127/><F127/><W134/><G134/><T47/><D30/><U89/><E106/><V113/><F113/><W19/><G101/><T70/><REACH who="0" step="1"/><D23/><REACH who="0" ten="240,250,250,250" step="2"/><U37/><E114/><V95/><F3/><W29/><G22/><T69/><D69/><U87/><E34/><V16/><F6/><W99/><G99/><T102/><D102/><U65/><E32/><V15/><F67/><W25/><G29/><T122/><D122/><U35/><E35/><V53/><F76/><W63/><G21/><T117/><D117/><U83/><E66/><V28/><F28/><W26/><G68/><T46/><D46/><U36/><E65/><V111/><F111/><W129/><G45/><T86/><D86/><U116/><E116/><V105/><F105/><W108/><G104/><T56/><D56/><U27/><E78/><V118/><F118/><W38/><G108/><T125/><D125/><U31/><E77/><V94/><F59/><W98/><G98/><T124/><D124/><U4/><E84/><N who="2" m="52551" /><F95/><AGARI ba="0,1" hai="43,47,50,62,64,70,85,91,95,97,100,107,121,123" machi="95" ten="30,2900,0" yaku="1,1,7,1,53,0" doraHai="10" doraHaiUra="7" who="0" fromWho="2" sc="240,39,250,0,250,-29,250,0" /><INIT seed="0,1,0,4,4,23" ten="279,250,221,250" oya="0" hai0="27,118,51,79,54,48,104,14,119,44,22,100,56" hai1="20,9,74,63,13,72,16,61,1,99,129,105,94" hai2="92,82,69,67,35,41,59,8,97,58,89,115,11" hai3="43,60,47,39,102,132,90,10,112,93,6,18,30"/><T46/><D79/><U49/><E105/><V2/><F115/><W83/><G132/><T81/><D81/><U120/><E120/><V75/><F35/><W77/><G112/><T73/><D73/><U76/><E129/><V80/><F69/><W87/><G30/><T91/><D91/><U128/><E128/><V57/><F75/><W70/><G18/><T3/><D3/><U131/><E131/><V114/><F114/><W17/><G17/><T108/><D14/><U121/><E121/><V109/><F109/><W68/><G60/><T133/><D133/><U24/><E1/><V36/><F67/><W113/><G102/><T106/><D106/><U117/><E117/><V55/><F36/><W28/><G28/><T33/><D33/><U98/><E49/><V38/><F41/><W19/><G19/><T125/><D125/><U95/><E74/><V130/><F38/><W52/><G52/><T21/><D108/><U66/><E76/><V40/><F40/><W86/><G113/><T135/><D135/><U101/><E66/><V134/><F130/><W96/><G86/><T15/><D15/><AGARI ba="1,0" hai="6,10,15,39,43,47,68,70,77,83,87,90,93,96" machi="15" ten="30,1000,0" yaku="7,1" doraHai="23" who="3" fromWho="0" sc="279,-13,250,0,221,0,250,13" /><INIT seed="1,0,0,1,5,3" ten="266,250,221,263" oya="1" hai0="60,114,91,111,131,73,74,133,17,59,25,55,61" hai1="13,69,33,64,9,106,0,53,19,15,134,95,82" hai2="72,100,41,113,109,37,51,110,31,135,123,46,47" hai3="43,54,93,50,18,63,127,48,27,68,103,84,90"/><U130/><E106/><V34/><F72/><W58/><G127/><T57/><D114/><U79/><E130/><V121/><F100/><W96/><G68/><T117/><D117/><U32/><E0/><V75/><F75/><W108/><G108/><N who="2" m="41577" /><F31/><W98/><G98/><T112/><D133/><U87/><E134/><V4/><F34/><W81/><G43/><T71/><D112/><U22/><E53/><N who="2" m="29943" /><F135/><W49/><G27/><T119/><D71/><U23/><E95/><V5/><F113/><W94/><REACH who="3" step="1"/><G18/><REACH who="3" ten="266,250,221,253" step="2"/><T104/><D111/><U92/><E69/><V101/><F101/><W6/><G6/><AGARI ba="0,1" hai="4,5,6,37,41,47,121,123" m="29943,41577" machi="6" ten="30,7700,0" yaku="14,1,52,3" doraHai="3" who="2" fromWho="3" sc="266,0,250,0,221,87,253,-77" /><INIT seed="2,0,0,4,4,94" ten="266,250,308,176" oya="2" hai0="22,6,45,58,23,95,51,26,57,76,131,88,103" hai1="97,68,124,130,90,117,127,96,133,4,40,37,121" hai2="66,59,72,108,33,80,20,32,29,107,65,14,105" hai3="17,128,77,38,100,35,28,62,41,27,3,24,135"/><V34/><F108/><W71/><G128/><T0/><D131/><U78/><E117/><V8/><F20/><W70/><G135/><T43/><D103/><U110/><E68/><V47/><F29/><W112/><G3/><T67/><D76/><U15/><E130/><V87/><F72/><W18/><G112/><T91/><D91/><U98/><E133/><V114/><F47/><W113/><G113/><T69/><D69/><U73/><E121/><V49/><F114/><W86/><G70/><T60/><D57/><U120/><E120/><V53/><F105/><W119/><G119/><T125/><D125/><N who="1" m="48203" /><E110/><V79/><REACH who="2" step="1"/><F107/><REACH who="2" ten="266,250,298,176" step="2"/><W54/><G28/><T89/><D23/><U5/><E37/><V64/><F64/><W106/><G106/><T7/><D22/><U82/><E40/><V12/><F12/><W46/><G41/><T61/><D0/><U101/><E101/><V92/><F92/><W74/><G100/><T16/><D95/><N who="1" m="56439" /><E15/><V21/><F21/><W83/><G38/><T13/><D26/><U19/><E19/><AGARI ba="0,1" hai="8,14,19,32,33,34,49,53,59,65,66,79,80,87" machi="19" ten="40,2000,0" yaku="1,1,53,0" doraHai="94" doraHaiUra="39" who="2" fromWho="1" sc="266,0,250,-20,298,30,176,0" /><INIT seed="2,1,0,2,3,32" ten="266,230,328,176" oya="2" hai0="118,126,42,19,98,117,83,85,130,93,108,82,78" hai1="48,30,50,100,34,37,131,99,96,57,75,66,123" hai2="115,58,33,27,70,14,46,36,79,6,106,91,74" hai3="12,28,43,64,121,119,134,53,7,80,65,95,13"/><V60/><F115/><W110/><G110/><T113/><D19/><U3/><E37/><V81/><F106/><W133/><G119/><N who="0" m="45579" /><D42/><U112/><E112/><V39/><F70/><W15/><G43/><T132/><D113/><U5/><E75/><V122/><F122/><W55/><G121/><T105/><D108/><U4/><E123/><V63/><F46/><W38/><G38/><T10/><D10/><U56/><E131/><V92/><F63/><W102/><G28/><T61/><D61/><U49/><E3/><V51/><F51/><W24/><G24/><T44/><D44/><U21/><E34/><V76/><F76/><W129/><G7/><T97/><D130/><U101/><E30/><V47/><F47/><W18/><G18/><T125/><D132/><U54/><E21/><V104/><F33/><W111/><G111/><T68/><D68/><U31/><E31/><V114/><F27/><W90/><G129/><T94/><D83/><U73/><E73/><V9/><F104/><W124/><G80/><T88/><D105/><U84/><E66/><V23/><F114/><W86/><G133/><T25/><D25/><U2/><E5/><V87/><REACH who="2" step="1"/><F23/><REACH who="2" ten="266,230,318,176" step="2"/><W8/><G134/><T29/><D29/><U120/><E120/><V52/><AGARI ba="1,1" hai="6,9,14,36,39,52,58,60,74,79,81,87,91,92" machi="52" ten="20,18000,2" yaku="1,1,2,1,0,1,7,1,54,1,53,1" doraHai="32" doraHaiUra="72" who="2" fromWho="2" sc="266,-61,230,-61,318,193,176,-61" /><INIT seed="2,2,0,1,1,49" ten="205,169,511,115" oya="2" hai0="126,28,41,93,45,91,70,127,73,52,132,16,42" hai1="37,27,62,67,24,85,10,61,2,98,100,25,69" hai2="66,15,71,72,32,1,7,79,118,74,30,107,134" hai3="76,106,105,64,97,20,109,56,131,55,17,65,113"/><V46/><F15/><W43/><G109/><T26/><D73/><U101/><E37/><V110/><F134/><W57/><G131/><T38/><D70/><U44/><E44/><V82/><F118/><W75/><G43/><T88/><D132/><U116/><E116/><V22/><F22/><W77/><G113/><T117/><D117/><U40/><E40/><V83/><F46/><W18/><G20/><N who="0" m="13575" /><D28/><U133/><E133/><V48/><F48/><W129/><G129/><T124/><D91/><U3/><E85/><V78/><F107/><W120/><G97/><N who="0" m="57511" /><D38/><U21/><E100/><V31/><F110/><W92/><G92/><T34/><D34/><U95/><E2/><V50/><F32/><W60/><G120/><T112/><D112/><U29/><E3/><V121/><F1/><W99/><G99/><T12/><D12/><U6/><E6/><V81/><F7/><W125/><G75/><T39/><D41/><U63/><E10/><V51/><F121/><W53/><REACH who="3" step="1"/><G60/><REACH who="3" ten="205,169,511,105" step="2"/><T119/><D119/><U36/><E36/><V86/><F74/><W14/><G14/><T80/><D80/><U104/><E104/><V58/><F82/><W111/><G111/><T130/><D130/><U23/><E27/><V19/><F81/><W94/><G94/><T122/><D122/><U4/><E4/><V128/><F128/><W115/><G115/><T96/><D96/><U8/><E8/><V123/><F123/><W102/><G102/><T59/><D127/><AGARI ba="2,1" hai="17,18,53,55,56,57,64,65,76,77,105,106,125,127" machi="127" ten="25,8000,1" yaku="1,1,22,2,52,2,53,0" doraHai="49" doraHaiUra="5" who="3" fromWho="0" sc="205,-86,169,0,511,0,105,96" /><INIT seed="3,0,0,2,0,2" ten="119,169,511,201" oya="3" hai0="10,32,15,117,99,125,97,14,103,17,65,22,58" hai1="104,70,20,12,8,119,116,90,72,73,88,92,122" hai2="25,19,91,67,9,46,63,75,71,16,98,106,62" hai3="1,33,109,54,4,129,105,60,7,113,131,133,30"/><W34/><G105/><T45/><D117/><N who="1" m="45131" /><E104/><V79/><F62/><W112/><G60/><T101/><D32/><N who="3" m="12393" /><G54/><T40/><D125/><U24/><E70/><V61/><F79/><W42/><G42/><T85/><D65/><U52/><E122/><V77/><F63/><W132/><G30/><T114/><D58/><U111/><E111/><V57/><F71/><W127/><G109/><T126/><D126/><U134/><E134/><N who="3" m="51818" /><G127/><T13/><D114/><N who="3" m="44137" /><G1/><T108/><D108/><U102/><E52/><V82/><F106/><W23/><G23/><T27/><D85/><U66/><E66/><V28/><F57/><W78/><G78/><T87/><D87/><U38/><E38/><V93/><F77/><W80/><G80/><T69/><D69/><U5/><E102/><V31/><F82/><W118/><G118/><T21/><D21/><U115/><E115/><V107/><F31/><W59/><G59/><T50/><D103/><U35/><E35/><V76/><F28/><W123/><G123/><T49/><D49/><U26/><E26/><V18/><F107/><W44/><G44/><T51/><D51/><U64/><E64/><V89/><F46/><W81/><G81/><T56/><D56/><U95/><E95/><V39/><F61/><W36/><G36/><T47/><D47/><U128/><E92/><V6/><F39/><W120/><G120/><T41/><D41/><U29/><E90/><V135/><F135/><W11/><G11/><T96/><D101/><U43/><E43/><V37/><F37/><W124/><G124/><T121/><D121/><U110/><E110/><RYUUKYOKU ba="0,0" sc="119,15,169,-15,511,-15,201,15" hai0="10,13,14,15,17,22,27,40,45,50,96,97,99" hai3="4,7,129,131" /><INIT seed="3,1,0,3,5,28" ten="134,154,496,216" oya="3" hai0="111,27,18,69,126,62,129,22,10,3,123,35,63" hai1="119,60,120,61,24,107,47,115,95,97,78,124,56" hai2="16,55,9,50,11,84,108,31,74,25,98,46,23" hai3="36,79,53,54,64,114,93,81,12,41,103,5,58"/><W73/><G114/><T52/><D111/><U118/><E115/><V45/><F74/><W112/><G112/><T4/><D123/><U130/><E120/><V72/><F72/><W117/><G117/><T96/><D129/><U85/><E107/><V128/><F108/><W1/><G12/><T88/><D69/><U131/><E47/><V59/><F128/><N who="1" m="49193" /><E124/><V44/><F98/><W57/><G103/><T66/><D66/><U132/><E132/><V106/><F106/><W77/><G93/><N who="0" m="56359" /><D126/><U99/><E24/><V80/><REACH who="2" step="1"/><F31/><REACH who="2" ten="134,154,486,216" step="2"/><W68/><G73/><T113/><D113/><U19/><E99/><V83/><F83/><W42/><G81/><T43/><D43/><U100/><E118/><V15/><F15/><W70/><G41/><T40/><D40/><U92/><E119/><V116/><F116/><W75/><G42/><T49/><D49/><U20/><E97/><V110/><F110/><W34/><G75/><T71/><D71/><U8/><E100/><V135/><F135/><W51/><G68/><T133/><D133/><U2/><E85/><V105/><F105/><W104/><G104/><T86/><D86/><U0/><E0/><V29/><F29/><W38/><G70/><T101/><D101/><U6/><E92/><V14/><F14/><W109/><G109/><T37/><D37/><U127/><E95/><V125/><F125/><W76/><G36/><T102/><D102/><U94/><E94/><V30/><F30/><W67/><G38/><T122/><D122/><U65/><E127/><V26/><F26/><W134/><G134/><T33/><D63/><RYUUKYOKU ba="1,1" sc="134,15,154,-15,486,15,216,-15" hai0="3,4,10,18,22,27,33,35,52,62" hai2="9,11,16,23,25,44,45,46,50,55,59,80,84" /><INIT seed="4,2,1,1,1,30" ten="149,139,501,201" oya="0" hai0="121,111,97,17,45,31,53,125,12,76,62,133,93" hai1="66,120,124,104,84,131,116,129,39,65,5,67,51" hai2="70,26,19,36,98,80,110,85,43,42,49,13,60" hai3="77,47,90,48,94,29,15,128,135,112,96,130,50"/><T91/><D121/><U27/><E116/><V79/><F36/><W72/><G112/><T123/><D123/><U132/><E39/><V18/><F110/><W24/><G135/><T23/><D111/><U69/><E120/><V58/><F70/><W52/><G15/><T101/><D133/><U37/><E37/><V113/><F113/><W89/><G77/><T6/><D125/><U34/><E132/><V41/><F98/><W95/><G72/><T4/><D76/><U40/><E124/><V0/><F26/><W7/><G7/><T33/><D101/><U44/><E104/><V99/><F99/><W92/><G48/><T75/><D75/><U115/><E115/><V16/><F0/><W74/><G74/><T28/><D33/><U10/><E84/><V38/><F49/><W126/><G126/><T14/><D45/><U59/><E59/><V22/><F38/><W102/><G90/><T11/><REACH who="0" step="1"/><D4/><REACH who="0" ten="139,139,501,201" step="2"/><U86/><E69/><V3/><F3/><W105/><REACH who="3" step="1"/><G89/><REACH who="3" ten="139,139,501,191" step="2"/><T21/><D21/><AGARI ba="2,3" hai="21,24,29,47,50,52,92,94,95,96,102,105,128,130" machi="21" ten="40,5200,0" yaku="1,1,2,1,54,1,53,0" doraHai="30" doraHaiUra="87" who="3" fromWho="0" sc="139,-58,139,0,501,0,191,88" /><INIT seed="5,0,0,5,4,127" ten="81,139,501,279" oya="1" hai0="46,62,8,100,80,49,9,86,21,17,111,121,27" hai1="10,60,70,113,109,18,85,63,29,20,44,4,96" hai2="89,1,24,25,57,22,132,125,16,43,41,0,56" hai3="101,93,87,110,128,31,107,104,34,115,53,37,74"/><U30/><E113/><V69/><F69/><W103/><G110/><T131/><D111/><U124/><E109/><V32/><F125/><W98/><G37/><T28/><D121/><U77/><E124/><V54/><F132/><W133/><G74/><T12/><D100/><U45/><E96/><V117/><F117/><W99/><G31/><T58/><D9/><U97/><E97/><V79/><F79/><W23/><G23/><T105/><D105/><U73/><E73/><V50/><F32/><W26/><G26/><T92/><D92/><U2/><E30/><V90/><F25/><W91/><G53/><T15/><D15/><U84/><E29/><V11/><F57/><W112/><G34/><T64/><D131/><U7/><E70/><V5/><F0/><W13/><G13/><T83/><REACH who="0" step="1"/><D86/><REACH who="0" ten="71,139,501,279" step="2"/><U59/><E84/><V129/><F11/><W123/><G123/><T6/><D6/><U120/><E4/><V52/><F5/><W119/><G128/><T67/><D67/><U38/><E120/><V35/><F129/><W76/><G107/><T122/><D122/><U36/><E10/><V3/><F3/><W66/><G66/><T78/><D78/><U51/><E7/><V19/><F1/><W108/><G108/><T33/><D33/><U75/><E2/><V106/><F106/><W61/><G103/><T114/><D114/><U134/><E75/><V68/><F90/><W94/><G104/><T71/><D71/><U42/><E77/><V14/><F68/><W81/><G115/><T82/><D82/><U47/><E85/><V65/><F35/><RYUUKYOKU ba="0,1" sc="71,30,139,-10,501,-10,279,-10" hai0="8,12,17,21,27,28,46,49,58,62,64,80,83" /><INIT seed="6,1,1,2,4,31" ten="101,129,491,269" oya="2" hai0="45,55,86,121,73,131,54,47,56,102,123,58,36" hai1="101,44,117,34,39,122,17,76,11,52,110,94,120" hai2="29,38,20,37,77,71,135,43,130,82,108,84,28" hai3="85,10,80,53,49,88,91,68,22,124,24,42,30"/><V59/><F71/><W21/><G124/><T51/><D73/><U33/><E110/><V64/><F130/><W87/><G68/><T83/><D102/><U107/><E107/><V66/><F59/><W125/><G125/><T61/><D131/><U65/><E117/><V12/><F12/><W69/><G69/><T75/><D75/><U27/><E65/><V26/><F29/><W60/><G10/><T106/><D106/><U113/><E113/><V32/><F20/><W93/><G60/><T128/><D128/><U72/><E76/><V133/><F108/><W114/><G42/><T16/><D16/><U67/><E67/><N who="2" m="25643" /><F43/><W14/><G114/><T126/><D126/><U99/><E72/><V89/><F77/><W41/><G41/><T7/><D7/><U118/><E118/><V100/><F100/><W97/><G21/><T79/><REACH who="0" step="1"/><D36/><REACH who="0" ten="91,129,491,269" step="2"/><U134/><E39/><V127/><F127/><W50/><G91/><T129/><D129/><U1/><E134/><AGARI ba="1,2" hai="26,28,32,37,38,82,84,89,133,134,135" m="25643" machi="134" ten="30,2900,0" yaku="20,1,52,1" doraHai="31" who="2" fromWho="1" sc="91,0,129,-32,491,52,269,0" /><INIT seed="6,2,0,3,3,121" ten="91,97,543,269" oya="2" hai0="66,83,7,124,41,111,113,42,74,60,85,78,8" hai1="51,97,114,125,47,6,77,134,107,58,133,44,73" hai2="55,117,26,94,98,2,118,102,120,35,36,1,112" hai3="13,25,53,21,54,18,48,23,132,87,50,95,135"/><V96/><F36/><W39/><G39/><T128/><D113/><U123/><E123/><V76/><F112/><W89/><G50/><T88/><D128/><U56/><E114/><V12/><F76/><W100/><G100/><T15/><D124/><U75/><E125/><V104/><F120/><W52/><REACH who="3" step="1"/><G48/><REACH who="3" ten="91,97,543,259" step="2"/><T119/><D119/><U17/><E51/><V109/><F102/><W129/><G129/><T103/><D103/><U4/><E133/><V84/><F117/><W69/><G69/><T43/><D111/><U57/><E134/><V0/><F118/><W19/><AGARI ba="2,1" hai="13,18,19,21,23,25,52,53,54,87,89,95,132,135" machi="19" ten="30,4000,0" yaku="1,1,0,1,54,1,53,0" doraHai="121" doraHaiUra="64" who="3" fromWho="3" sc="91,-12,97,-12,543,-22,259,56" /><INIT seed="7,0,0,1,4,104" ten="79,85,521,315" oya="3" hai0="25,51,118,66,134,78,16,45,31,100,9,17,106" hai1="75,115,81,65,11,135,128,88,131,41,1,87,5" hai2="54,50,96,97,111,8,63,113,90,0,80,33,27" hai3="14,74,103,132,95,73,12,26,94,84,62,48,29"/><W40/><G132/><T43/><D118/><U36/><E115/><V49/><F111/><W107/><G107/><T4/><D134/><U99/><E135/><V34/><F0/><W110/><G110/><T39/><D39/><U120/><E120/><V10/><F63/><W67/><G95/><T20/><D66/><U86/><E99/><V109/><F27/><W117/><G117/><T22/><D78/><U83/><E65/><V61/><F90/><W79/><G40/><T121/><D121/><U2/><E2/><V15/><F96/><W119/><G48/><T30/><D100/><U116/><E116/><V101/><F97/><N who="3" m="59831" /><G84/><T125/><D106/><U71/><E71/><V130/><F101/><W70/><G79/><T98/><D98/><U53/><E75/><V3/><F109/><W108/><G108/><T24/><D125/><U85/><E85/><V38/><F38/><W37/><G37/><T6/><D6/><U59/><E41/><V126/><F33/><W44/><G44/><T23/><D23/><U13/><E1/><AGARI ba="0,0" hai="1,4,9,16,17,20,22,24,25,30,31,43,45,51" machi="1" ten="30,3900,0" yaku="7,1,9,1,54,1" doraHai="104" who="0" fromWho="1" sc="79,39,85,-39,521,0,315,0" owari="118,-28.2,46,-45.4,521,62.1,315,11.5" /></mjloggm>