<mjloggm ver="2.3"><GO type="225" lobby="0"/><UN n0="%E3%81%82%E3%81%84%E3%81%82%E3%81%8A%E3%81%84" n1="%E3%81%8B%E3%82%8F%E3%81%A1%E3%82%83%E3%82%93%35%38" n2="%73%68%75%6D%70" n3="%E3%82%A2%E3%83%9E%E3%83%9D%EF%BD%9E%EF%BD%9E%E3%83%A9" dan="18,16,16,17" rate="2245.58,2126.46,2124.73,2116.65" sx="M,M,M,M"/><TAIKYOKU oya="0"/><INIT seed="0,0,0,4,1,48" ten="250,250,250,250" oya="0" hai0="71,55,52,104,116,64,50,29,91,87,114,46,27" hai1="133,41,7,65,93,92,31,134,3,67,8,44,42" hai2="127,118,103,66,28,61,80,100,10,113,62,121,33" hai3="77,43,81,20,89,73,78,45,57,12,108,74,111"/><T4/><D114/><U35/><E35/><V75/><F121/><W18/><G57/><T76/><D104/><U25/><E25/><V9/><F80/><W34/><G34/><T16/><D116/><U84/><E31/><V99/><F75/><W15/><G89/><T58/><D4/><U119/><E119/><V49/><F127/><W125/><G125/><T128/><D128/><U19/><E19/><V21/><F21/><W96/><G96/><T98/><D98/><U60/><E42/><V95/><F62/><W79/><G12/><T36/><D76/><U101/><E101/><V97/><F113/><W126/><G81/><T56/><D36/><U124/><E124/><V83/><F83/><W1/><G1/><T70/><D64/><U69/><E67/><V88/><F103/><W40/><G40/><T105/><D105/><U117/><E117/><V85/><F49/><N who="3" m="26815" /><G126/><T17/><D71/><U37/><REACH who="1" step="1"/><E84/><REACH who="1" ten="250,240,250,250" step="2"/><V94/><F118/><W106/><G106/><T82/><D70/><U72/><E72/><V39/><F85/><W23/><G74/><T11/><D11/><U123/><E123/><V59/><F39/><W24/><G73/><T102/><D102/><U6/><E6/><V54/><REACH who="2" step="1"/><F66/><REACH who="2" ten="250,240,240,250" step="2"/><W38/><G38/><T2/><D2/><U14/><E14/><V53/><F53/><W26/><G23/><N who="0" m="15615" /><D46/><U13/><E13/><V0/><F0/><W68/><G68/><T5/><D5/><U120/><E120/><V86/><F86/><W47/><G47/><T107/><D107/><U112/><E112/><V122/><F122/><W131/><G131/><RYUUKYOKU ba="0,2" sc="250,0,240,0,240,0,250,0" hai0="16,17,50,52,55,56,58,82,87,91" hai1="3,7,8,37,41,44,60,65,69,92,93,133,134" hai2="9,10,28,33,54,59,61,88,94,95,97,99,100" hai3="15,18,20,24,26,77,78,79,108,111" /><INIT seed="0,1,2,3,4,36" ten="250,240,240,250" oya="0" hai0="84,60,49,130,3,128,17,83,51,37,101,86,92" hai1="112,47,133,31,93,119,121,117,55,19,89,76,73" hai2="32,99,29,122,87,113,129,124,38,52,103,116,102" hai3="67,127,41,53,125,59,30,75,0,82,63,68,120"/><T134/><D37/><U20/><E121/><V131/><F113/><W70/><G0/><T78/><D3/><U14/><E133/><V107/><F122/><W115/><G120/><T66/><D134/><U7/><E112/><V104/><F32/><W23/><G115/><T77/><D17/><U98/><E7/><V22/><F29/><W61/><G70/><T80/><D101/><U24/><E73/><V111/><F22/><W2/><G2/><T123/><D92/><U79/><E117/><V40/><F87/><W62/><G41/><T97/><D97/><U56/><E47/><N who="2" m="23959" /><F52/><W58/><G68/><T74/><D74/><U10/><REACH who="1" step="1"/><E119/><REACH who="1" ten="250,230,240,250" step="2"/><V88/><F116/><W114/><G114/><T6/><D6/><U100/><E100/><V72/><F72/><W16/><G75/><T118/><D118/><U96/><E96/><V64/><F103/><W45/><G127/><T94/><D123/><U35/><E35/><V9/><F99/><W109/><G45/><T26/><D94/><U13/><E13/><V108/><F102/><W48/><G125/><T15/><D15/><U39/><E39/><V12/><F107/><W71/><G82/><T69/><REACH who="0" step="1"/><D26/><REACH who="0" ten="240,230,240,250" step="2"/><U5/><E5/><N who="2" m="3119" /><F124/><W91/><G71/><T65/><D65/><U8/><E8/><V34/><F64/><W1/><G67/><T126/><D126/><U42/><E42/><V50/><F104/><W21/><G1/><T110/><D110/><U46/><E46/><V135/><F135/><W81/><G109/><T90/><D90/><U33/><E33/><V27/><F88/><W44/><G91/><RYUUKYOKU ba="1,4" sc="240,15,230,15,240,-15,250,-15" hai0="49,51,60,66,69,77,78,80,83,84,86,128,130" hai1="10,14,19,20,24,31,55,56,76,79,89,93,98" /><INIT seed="0,2,4,3,2,1" ten="255,245,225,235" oya="0" hai0="19,45,14,72,122,9,76,48,53,71,108,3,111" hai1="128,10,5,15,31,18,30,47,4,22,44,62,74" hai2="77,99,2,84,11,23,28,29,70,126,16,66,57" hai3="37,41,32,125,123,107,39,127,46,25,81,92,67"/><T112/><D112/><U105/><E105/><V69/><F126/><N who="3" m="48139" /><G107/><T78/><D122/><U118/><E118/><V51/><F70/><W113/><G113/><T17/><D71/><U38/><E74/><V6/><F69/><W65/><G123/><T50/><D3/><U116/><E116/><V97/><F77/><W117/><G117/><T56/><D72/><U132/><E132/><V104/><F84/><W36/><G92/><T129/><D129/><U100/><E128/><V102/><F99/><W21/><G32/><T98/><D98/><U109/><E109/><N who="0" m="42057" /><D17/><N who="1" m="8439" /><E38/><N who="3" m="14954" /><G81/><T96/><D96/><U90/><E100/><V103/><F103/><W86/><G86/><T130/><D130/><U0/><E0/><V135/><F135/><W95/><G95/><T59/><D59/><U121/><E121/><V34/><F34/><W61/><G61/><T40/><AGARI ba="2,4" hai="9,14,19,40,45,48,50,53,56,76,78" m="42057" machi="40" ten="30,3000,0" yaku="14,1,10,1" doraHai="1" who="0" fromWho="0" sc="255,76,245,-12,225,-12,235,-12" /><INIT seed="0,3,0,3,2,36" ten="331,233,213,223" oya="0" hai0="113,103,74,38,109,57,123,87,98,13,14,39,135" hai1="34,32,1,133,62,42,19,92,75,0,43,55,26" hai2="129,95,76,85,11,97,46,84,125,118,110,56,16" hai3="101,15,93,53,51,23,35,2,21,22,64,59,31"/><T67/><D113/><U104/><E104/><V107/><F110/><W108/><G2/><T20/><D74/><U25/><E75/><V72/><F125/><W127/><G127/><T86/><D123/><U132/><E92/><V12/><F129/><W94/><G108/><T78/><D109/><U131/><E62/><V61/><F118/><W106/><G106/><T115/><D115/><U114/><E114/><V134/><F134/><W7/><G35/><T30/><D135/><U96/><E96/><V73/><F107/><W48/><G64/><T88/><D78/><U126/><E126/><V105/><F105/><W89/><G101/><T70/><D70/><U122/><E55/><V119/><F46/><W111/><G94/><N who="0" m="58839" /><D87/><U6/><E19/><V99/><F119/><W102/><G102/><T77/><D77/><U40/><E40/><V41/><F41/><W66/><G66/><T80/><D39/><U117/><E6/><V37/><F37/><W47/><G31/><T27/><D38/><U8/><E8/><V45/><F45/><W121/><G121/><T65/><D65/><U79/><E117/><V5/><F5/><W90/><G111/><T116/><D116/><U128/><E79/><V49/><F73/><W50/><G47/><T44/><D44/><U71/><E122/><V60/><F72/><W63/><G93/><T69/><D69/><AGARI ba="3,0" hai="0,1,25,26,32,34,42,43,69,71,128,131,132,133" machi="69" ten="25,6400,0" yaku="22,2,52,2" doraHai="36" who="1" fromWho="0" sc="331,-73,233,73,213,0,223,0" /><INIT seed="1,0,0,4,0,130" ten="258,306,213,223" oya="1" hai0="59,125,83,3,115,13,57,16,46,103,96,54,61" hai1="116,23,109,5,2,26,72,33,84,88,75,14,24" hai2="18,124,65,127,101,70,85,105,71,79,12,7,53" hai3="99,62,29,1,111,73,77,39,90,120,128,132,52"/><U32/><E116/><V112/><F7/><W106/><G120/><T82/><D125/><N who="2" m="48202" /><F105/><W121/><G39/><T63/><D3/><U21/><E2/><V102/><F53/><W91/><G121/><T67/><D46/><U25/><E109/><V108/><F108/><W81/><G1/><T41/><D41/><U117/><E117/><V118/><F112/><W58/><G128/><T27/><D27/><U123/><E123/><V93/><F65/><W126/><G126/><T28/><D28/><U48/><E48/><V129/><F129/><W92/><G106/><T80/><D115/><U22/><E5/><V110/><F110/><W0/><G0/><T89/><D89/><U50/><E50/><V40/><F40/><W104/><G104/><T45/><D45/><U100/><E14/><V9/><F118/><W17/><G29/><T36/><D36/><U10/><E10/><V78/><F93/><W6/><G6/><T44/><D44/><U133/><E100/><N who="2" m="38507" /><F85/><W19/><G111/><T107/><REACH who="0" step="1"/><D82/><REACH who="0" ten="248,306,213,223" step="2"/><U114/><E114/><V37/><F37/><W30/><G30/><T11/><AGARI ba="0,1" hai="11,13,16,54,57,59,61,63,67,80,83,96,103,107" machi="11" ten="20,12000,2" yaku="1,1,2,1,0,1,7,1,54,1,53,2" doraHai="130" doraHaiUra="76" who="0" fromWho="0" sc="248,130,306,-60,213,-30,223,-30" /><INIT seed="2,0,0,5,5,49" ten="378,246,183,193" oya="2" hai0="115,15,114,82,104,10,78,135,4,75,77,41,6" hai1="123,54,47,130,122,120,0,102,13,94,32,27,121" hai2="17,69,72,118,51,37,46,12,3,96,9,53,36" hai3="79,61,110,134,59,40,128,105,55,57,34,73,106"/><V84/><F118/><W28/><G110/><T52/><D104/><U71/><E0/><V2/><F72/><W91/><G128/><T95/><D41/><U81/><E71/><V97/><F69/><W83/><G134/><T43/><D43/><U125/><E130/><V39/><REACH who="2" step="1"/><F84/><REACH who="2" ten="378,246,173,193" step="2"/><W31/><G40/><T131/><D75/><U58/><E122/><V63/><F63/><W80/><G34/><T16/><D131/><U20/><E32/><V101/><F101/><W50/><G106/><T119/><D119/><U38/><E102/><V24/><F24/><W86/><REACH who="3" step="1"/><G105/><REACH who="3" ten="378,246,173,183" step="2"/><T64/><D115/><U85/><E121/><V109/><F109/><W113/><G113/><T126/><D114/><U33/><E123/><V22/><F22/><W8/><G8/><T112/><D10/><U60/><E20/><V66/><F66/><AGARI ba="0,2" hai="28,31,50,55,57,59,61,66,73,79,80,83,86,91" machi="66" ten="30,3900,0" yaku="1,1,7,1,52,1,53,0" doraHai="49" doraHaiUra="35" who="3" fromWho="2" sc="378,0,246,0,173,-39,183,59" /><INIT seed="3,0,0,1,4,51" ten="378,246,134,242" oya="3" hai0="47,59,1,39,116,43,22,130,73,66,77,74,122" hai1="64,113,90,27,106,81,107,120,20,104,37,82,117" hai2="17,97,18,80,15,6,25,91,30,12,40,52,35" hai3="128,109,105,67,84,65,3,4,93,134,129,86,70"/><W76/><G105/><T78/><D1/><U88/><E37/><V21/><F40/><W79/><G134/><T61/><D116/><U28/><E113/><V62/><F6/><W26/><G109/><T7/><D7/><U98/><E120/><V11/><F80/><W44/><G26/><T68/><D122/><U71/><E117/><V45/><F45/><W55/><G4/><T102/><D130/><N who="3" m="50281" /><G3/><T13/><D102/><U24/><E24/><V94/><F62/><N who="3" m="40247" /><G67/><T126/><D68/><U54/><E64/><V50/><REACH who="2" step="1"/><F50/><REACH who="2" ten="378,246,124,242" step="2"/><N who="3" m="29127" /><G93/><T49/><D39/><U75/><E106/><V10/><F10/><W133/><G133/><T19/><D74/><U38/><E107/><V0/><F0/><W108/><G108/><T121/><D73/><U42/><E75/><V14/><F14/><W16/><G76/><T72/><D78/><U33/><E104/><V63/><F63/><W69/><G79/><T31/><D77/><U60/><E42/><V119/><F119/><W100/><G69/><T103/><D72/><U34/><E38/><V41/><F41/><W36/><G36/><T101/><D121/><U8/><E71/><V114/><F114/><W115/><G115/><T32/><D43/><U48/><E81/><V29/><F29/><W2/><G2/><T83/><D31/><U9/><E82/><V132/><F132/><W110/><G110/><T124/><D83/><U23/><E28/><V85/><F85/><W112/><G112/><T125/><D125/><U96/><E60/><V99/><F99/><N who="1" m="37929" /><E48/><V131/><F131/><W53/><G86/><T127/><D127/><RYUUKYOKU ba="0,1" sc="378,-10,246,-10,124,30,242,-10" hai2="11,12,15,17,18,21,25,30,35,52,91,94,97" owari="378,47.8,236,3.6,154,-34.6,232,-16.8" /></mjloggm>