<mjloggm ver="2.3"><GO type="169" lobby="0"/><UN n0="%E3%81%88%E3%81%8C%E3%82%8F%E3%82%8A%E3%81%8A" n1="%E8%B5%A4%E4%BA%94%E7%AB%8B%E7%9B%B4" n2="%6D%6F%75%77" n3="%E3%83%8F%E3%82%BF%E3%83%A2%E3%83%88%E3%83%92%E3%83%AD" dan="16,16,16,16" rate="2125.75,2175.04,2100.02,2157.52" sx="M,F,M,M"/><TAIKYOKU oya="0"/><INIT seed="0,0,0,1,5,135" ten="250,250,250,250" oya="0" hai0="53,16,64,61,109,7,96,82,4,123,111,38,103" hai1="102,129,70,93,94,60,77,13,86,105,128,21,9" hai2="72,81,20,45,87,98,63,41,37,19,42,83,84" hai3="51,57,12,46,78,62,120,68,23,66,91,18,58"/><T99/><D123/><U67/><E105/><V65/><F72/><W35/><G120/><T32/><D38/><U106/><E106/><V44/><F98/><W113/><G113/><T26/><D53/><U24/><E102/><V118/><F118/><W130/><G35/><T133/><D82/><U134/><E134/><V39/><F83/><W114/><G114/><T54/><D54/><U28/><E77/><V115/><F81/><W101/><G130/><N who="1" m="50282" /><E86/><V119/><F119/><W47/><G47/><T100/><D133/><U40/><E40/><V80/><F80/><W29/><G29/><N who="0" m="19511" /><D99/><U22/><E22/><V34/><F34/><W31/><G31/><T124/><D103/><U1/><E1/><V79/><F79/><W55/><G101/><T74/><D74/><U11/><E11/><V131/><F115/><W117/><G117/><T17/><D4/><AGARI ba="0,0" hai="4,9,13,21,24,28,60,67,70,93,94" m="50282" machi="4" ten="30,1000,0" yaku="19,1" doraHai="135" who="1" fromWho="0" sc="250,-10,250,10,250,0,250,0" /><INIT seed="1,0,0,4,4,67" ten="240,260,250,250" oya="1" hai0="62,68,96,107,24,12,84,42,94,81,123,49,79" hai1="78,28,101,5,117,40,112,7,59,9,41,97,113" hai2="47,91,45,54,80,3,8,87,109,19,23,108,125" hai3="33,103,66,46,98,75,20,27,50,52,86,44,65"/><U131/><E117/><V4/><F125/><W106/><G75/><T48/><D123/><U51/><E131/><V36/><F36/><W133/><G33/><T89/><D107/><U60/><E28/><V72/><F72/><W115/><G115/><T15/><D24/><U104/><E78/><V64/><F54/><W31/><G133/><T122/><D122/><U70/><E7/><V95/><F80/><W32/><G86/><T2/><D2/><U82/><E82/><V93/><F93/><W111/><G111/><N who="2" m="42569" /><F64/><W132/><G132/><T14/><D42/><U90/><E90/><V114/><F114/><W77/><G77/><T1/><D1/><U127/><E127/><V92/><F92/><W35/><G35/><T120/><D120/><U22/><E22/><V10/><F10/><W26/><REACH who="3" step="1"/><G46/><REACH who="3" ten="240,260,250,240" step="2"/><T76/><D76/><U83/><E112/><V130/><F130/><W13/><G13/><AGARI ba="0,1" hai="3,4,8,13,19,23,45,47,87,91,95" m="42569" machi="13" ten="30,1000,0" yaku="14,1" doraHai="67" who="2" fromWho="3" sc="240,0,260,0,250,20,240,-10" /><INIT seed="2,0,0,5,4,95" ten="240,260,270,230" oya="2" hai0="103,11,91,33,23,110,111,63,12,47,109,78,32" hai1="65,30,134,96,7,101,129,4,18,37,19,126,121" hai2="71,123,1,122,59,94,54,77,72,125,22,100,40" hai3="127,8,120,51,38,58,44,20,0,68,34,131,107"/><V115/><F1/><W114/><RYUUKYOKU type="yao9" ba="0,0" sc="240,0,260,0,270,0,230,0" hai3="0,8,20,34,38,44,51,58,68,107,114,120,127,131" /><INIT seed="2,1,0,2,1,114" ten="240,260,270,230" oya="2" hai0="40,79,56,134,47,64,135,77,39,15,72,100,41" hai1="70,51,119,36,107,118,108,94,31,57,29,63,28" hai2="127,89,48,19,66,87,90,43,7,133,121,37,84" hai3="38,59,96,106,105,81,88,33,126,95,44,71,83"/><V23/><F121/><W60/><G33/><T75/><D100/><U10/><E107/><V55/><F133/><N who="0" m="50698" /><D40/><U92/><E36/><V45/><F7/><W17/><G71/><T110/><D110/><U113/><E113/><V25/><F127/><W27/><G126/><T123/><D123/><U112/><E112/><V130/><F130/><W18/><G106/><T115/><D115/><U132/><E132/><V131/><F131/><W5/><G5/><T78/><D15/><U82/><E82/><V109/><F109/><W4/><G4/><T30/><D30/><U32/><E108/><V69/><F87/><W99/><G18/><T12/><D12/><U74/><E74/><N who="0" m="28201" /><D56/><U101/><E32/><V65/><F69/><W49/><G38/><T80/><D64/><U21/><E21/><V120/><F90/><W128/><G128/><T68/><D68/><U97/><E10/><V104/><F104/><W116/><G105/><T62/><D62/><U6/><E6/><V34/><F34/><W103/><G103/><T86/><AGARI ba="1,0" hai="39,41,47,77,78,79,80,86" m="28201,50698" machi="86" ten="30,1100,0" yaku="20,1" doraHai="114" who="0" fromWho="0" sc="240,14,260,-4,270,-6,230,-4" /><INIT seed="3,0,0,5,1,93" ten="254,256,264,226" oya="3" hai0="40,114,5,105,133,2,123,116,100,38,67,98,20" hai1="129,104,21,96,79,61,99,10,118,31,46,53,131" hai2="15,62,71,66,109,106,90,130,65,82,12,32,95" hai3="45,70,0,16,83,89,124,68,6,76,72,134,112"/><W115/><G6/><T94/><D116/><U63/><E104/><V54/><F106/><W26/><G0/><T57/><D123/><U1/><E118/><V80/><F32/><W4/><G4/><T77/><D133/><U56/><E79/><V55/><F109/><W58/><G134/><T14/><D114/><U110/><E110/><V73/><F130/><N who="1" m="49673" /><E46/><V49/><F55/><W44/><G124/><T17/><D77/><U8/><E61/><V52/><F54/><W117/><G117/><T59/><D67/><U27/><E1/><V51/><F51/><W111/><G111/><T11/><REACH who="0" step="1"/><D105/><REACH who="0" ten="244,256,264,226" step="2"/><U85/><E85/><V92/><F66/><W7/><G115/><T37/><D37/><U108/><E108/><V86/><F73/><W101/><G76/><T91/><D91/><U78/><E78/><V9/><F95/><W30/><G89/><T34/><D34/><U125/><E125/><V42/><F92/><W107/><G112/><T69/><D69/><U29/><E29/><V3/><F82/><W74/><G83/><T25/><D25/><U23/><E23/><V113/><F113/><W132/><G70/><T88/><D88/><U102/><E102/><V128/><F128/><W41/><G68/><T28/><D28/><U97/><AGARI ba="0,1" hai="8,10,21,27,31,53,56,63,96,97,99" m="49673" machi="97" ten="30,7900,0" yaku="19,1,52,3" doraHai="93" who="1" fromWho="1" sc="244,-20,256,89,264,-20,226,-39" /><INIT seed="4,0,0,3,2,46" ten="224,345,244,187" oya="0" hai0="18,133,51,31,122,100,17,99,36,39,126,107,59" hai1="13,25,87,71,23,55,85,117,35,57,109,2,4" hai2="116,0,79,66,54,19,130,134,80,84,93,56,27" hai3="106,78,72,105,15,50,10,61,21,94,135,108,73"/><T89/><D122/><U14/><E71/><V58/><F0/><W37/><G37/><T102/><D31/><U101/><E109/><V47/><F134/><W43/><G108/><T42/><D133/><U77/><E101/><V118/><F130/><W83/><G135/><T75/><D75/><U92/><E117/><N who="2" m="45163" /><F66/><W24/><G61/><T86/><D126/><U9/><E35/><V113/><F113/><W104/><G94/><T76/><D76/><U67/><E67/><V62/><F93/><W119/><G72/><T52/><D102/><U40/><E40/><V111/><F111/><W81/><G81/><T132/><D132/><U49/><E92/><V7/><F7/><W34/><G34/><T5/><D5/><U6/><E77/><V33/><F19/><W127/><G127/><T30/><D30/><N who="1" m="17727" /><E2/><V74/><F58/><W8/><G15/><T29/><D29/><U28/><E28/><N who="2" m="19615" /><F47/><W124/><G124/><T12/><D42/><U53/><E53/><V60/><F60/><W95/><G95/><N who="0" m="54711" /><D18/><U88/><E88/><V91/><F91/><W70/><G119/><T32/><D32/><U96/><E96/><V98/><F98/><W90/><G90/><T114/><D114/><U68/><E68/><V41/><F41/><W65/><G65/><T1/><D1/><U115/><E115/><V103/><F103/><W11/><G70/><T97/><D97/><U22/><E4/><V131/><F131/><W64/><G64/><T63/><D63/><U26/><E13/><V16/><F74/><W44/><G106/><T112/><D112/><U121/><E121/><RYUUKYOKU ba="0,0" sc="224,0,345,0,244,0,187,0" hai0="12,17,36,39,51,52,59,99,100,107" hai1="6,9,14,22,26,49,55,57,85,87" hai2="16,54,56,62,79,80,84" hai3="8,10,11,21,24,43,44,50,73,78,83,104,105" /><INIT seed="4,1,0,0,5,78" ten="224,345,244,187" oya="0" hai0="23,126,5,116,120,53,111,100,38,63,19,43,45" hai1="64,72,119,10,29,115,17,83,102,24,37,81,128" hai2="60,89,94,1,88,112,14,91,61,16,35,107,2" hai3="11,67,50,22,103,32,54,34,7,44,114,8,0"/><T48/><D116/><U124/><E119/><V27/><F107/><W26/><G114/><T123/><D126/><U105/><E115/><V55/><F112/><W58/><G103/><T25/><D111/><U99/><E124/><V101/><F1/><W118/><G118/><T18/><D5/><U109/><E109/><V129/><F129/><W30/><G67/><T49/><D100/><U80/><E37/><V9/><F2/><W73/><G73/><T106/><D106/><U104/><E104/><V15/><F55/><W127/><G127/><T56/><REACH who="0" step="1"/><D18/><REACH who="0" ten="214,345,244,187" step="2"/><U110/><E110/><V90/><F101/><W52/><REACH who="3" step="1"/><G8/><REACH who="3" ten="214,345,244,177" step="2"/><T77/><D77/><U85/><E10/><V41/><F90/><W12/><G12/><T74/><D74/><U21/><E72/><V86/><F15/><W131/><G131/><T13/><D13/><U69/><E128/><V96/><F89/><W92/><G92/><T84/><D84/><U33/><E85/><V62/><F91/><W71/><G71/><T125/><D125/><U40/><E69/><V47/><F96/><W117/><G117/><T95/><D95/><U70/><E70/><V28/><F94/><W76/><G76/><T20/><D20/><U59/><E21/><V3/><F86/><W97/><G97/><T87/><D87/><U108/><E108/><V6/><F88/><W113/><G113/><T75/><D75/><U130/><E130/><V65/><F3/><W66/><G66/><T98/><D98/><U122/><E64/><V31/><F65/><W135/><G135/><T57/><D57/><U68/><E59/><RYUUKYOKU ba="1,2" sc="214,15,345,-15,244,-15,177,15" hai0="19,23,25,38,43,45,48,49,53,56,63,120,123" hai3="0,7,11,22,26,30,32,34,44,50,52,54,58" /><INIT seed="4,2,2,1,3,133" ten="229,330,229,192" oya="0" hai0="37,29,33,79,12,128,93,71,72,45,58,51,98" hai1="42,44,121,80,75,5,21,77,20,2,106,31,125" hai2="73,30,46,9,135,78,130,14,88,57,17,56,39" hai3="120,104,119,0,13,25,62,90,1,96,66,95,91"/><T48/><D71/><U68/><E121/><V70/><F70/><W131/><G119/><T19/><D128/><U102/><E68/><V60/><F135/><W114/><G131/><T43/><D33/><U126/><E102/><V111/><F111/><W100/><G114/><T117/><D117/><U6/><E106/><V35/><F130/><W132/><G132/><T86/><D29/><U122/><E122/><V49/><F39/><W92/><G120/><T27/><D27/><N who="1" m="16871" /><E21/><V76/><F57/><W4/><G25/><T34/><D34/><U115/><E115/><V59/><F59/><W7/><G104/><T113/><D72/><U108/><E108/><V134/><F73/><W118/><G100/><T26/><D26/><U63/><E63/><V3/><F3/><W109/><G0/><T53/><D113/><U110/><E110/><V16/><F30/><W54/><G1/><T69/><D69/><U40/><E40/><N who="2" m="24775" /><F35/><W36/><G66/><T84/><D79/><N who="2" m="30250" /><F88/><W97/><G118/><T47/><D37/><N who="1" m="21583" /><E6/><N who="2" m="3383" /><F134/><W85/><G36/><T107/><D58/><U24/><E24/><V99/><F99/><N who="3" m="57751" /><G13/><T83/><D107/><U28/><E28/><V105/><F105/><W89/><G109/><T64/><D64/><AGARI ba="2,2" hai="16,17,56,60,64" m="3383,30250,24775" machi="64" ten="30,2000,0" yaku="8,1,54,1" doraHai="133" who="2" fromWho="0" sc="229,-26,330,0,229,46,192,0" /><INIT seed="5,0,0,0,0,98" ten="203,330,275,192" oya="1" hai0="101,100,4,21,12,52,43,82,20,107,71,19,13" hai1="81,48,105,70,115,59,114,15,46,122,80,65,7" hai2="133,25,37,39,49,38,131,111,88,33,123,86,83" hai3="108,69,132,18,10,89,77,68,125,3,93,63,96"/><U119/><E122/><V41/><F111/><W23/><G108/><T14/><D71/><U121/><E121/><V78/><F123/><W117/><G125/><T90/><D107/><U120/><E120/><V36/><F133/><W75/><G132/><T130/><D130/><U126/><E70/><V30/><F131/><W116/><G63/><T106/><D106/><U91/><E119/><N who="3" m="45642" /><G77/><T95/><D43/><U72/><E105/><V40/><N who="2" m="9216" /><DORA hai="27" /><V44/><REACH who="2" step="1"/><F78/><REACH who="2" ten="203,330,265,192" step="2"/><W26/><G75/><T79/><D79/><U57/><E72/><V127/><F127/><W0/><G0/><T85/><D4/><AGARI ba="0,1" hai="3,4,10,18,23,26,68,69,89,93,96" m="45642" machi="4" ten="30,1000,0" yaku="12,1" doraHai="98,27" who="3" fromWho="0" sc="203,-10,330,0,265,0,192,20" /><INIT seed="6,0,0,1,4,72" ten="193,330,265,212" oya="2" hai0="119,30,50,106,104,75,109,51,66,77,61,39,95" hai1="48,132,63,33,93,86,96,67,8,43,71,108,123" hai2="116,9,27,94,35,101,53,135,37,0,118,88,127" hai3="122,128,131,102,15,17,74,57,13,54,31,4,113"/><V126/><F37/><W91/><G122/><T133/><D109/><U6/><E108/><V21/><F35/><W42/><G31/><T121/><D121/><U107/><E123/><V103/><F53/><W82/><G102/><N who="2" m="38921" /><F0/><W20/><G42/><T97/><D39/><U19/><E33/><V87/><F9/><N who="3" m="4263" /><G113/><T1/><D1/><U44/><E132/><V105/><F105/><W90/><G74/><T38/><D38/><U114/><E107/><V29/><F135/><W84/><G128/><T45/><D133/><U36/><E114/><V3/><F3/><W40/><G40/><T46/><D119/><U55/><E19/><V10/><F10/><W23/><G131/><T59/><D30/><U92/><E8/><V65/><F65/><W73/><G73/><T60/><D75/><U24/><E24/><V7/><F7/><W64/><G64/><T125/><D66/><U56/><E6/><V16/><F29/><W69/><G69/><T98/><D59/><U130/><E130/><V32/><F32/><W124/><G20/><T2/><D2/><U70/><E70/><V112/><F112/><W80/><G124/><AGARI ba="0,0" hai="16,21,27,87,88,94,116,118,124,126,127" m="38921" machi="124" ten="30,5800,0" yaku="18,1,54,2" doraHai="72" who="2" fromWho="3" sc="193,0,330,0,265,58,212,-58" /><INIT seed="6,1,0,0,4,26" ten="193,330,323,154" oya="2" hai0="38,133,74,5,19,35,113,27,126,97,47,42,68" hai1="95,115,11,65,61,59,3,111,17,1,98,40,60" hai2="33,96,73,90,48,70,0,53,107,55,13,85,103" hai3="93,37,77,24,57,66,99,104,114,124,89,94,62"/><V122/><F0/><W15/><G104/><T28/><D74/><U119/><E111/><V67/><F122/><W52/><G37/><T29/><D68/><U106/><E119/><V121/><F121/><W79/><G124/><T32/><D126/><U20/><E106/><V105/><F105/><W44/><G114/><T72/><D72/><U131/><E131/><V110/><F73/><W9/><G24/><T128/><D128/><U130/><E115/><V88/><F110/><W6/><G44/><T34/><D113/><U91/><E40/><V64/><F90/><W45/><G93/><T43/><D43/><U108/><E108/><V125/><F70/><W84/><REACH who="3" step="1"/><G99/><REACH who="3" ten="193,330,323,144" step="2"/><T118/><D97/><U80/><E130/><V134/><F125/><W78/><G78/><T117/><D27/><U63/><E98/><V102/><F102/><W31/><G31/><T39/><D39/><U10/><E95/><V129/><F129/><W127/><G127/><T87/><D38/><U8/><E91/><V54/><F88/><W25/><G25/><T16/><D47/><U36/><E36/><V49/><F33/><W123/><G123/><T76/><D76/><U7/><E80/><V82/><F82/><W135/><G135/><T132/><D132/><U51/><E1/><V112/><F112/><W23/><G23/><T41/><D133/><U21/><E20/><V83/><F134/><W75/><G75/><T116/><D116/><U46/><E21/><V58/><F83/><W56/><G56/><T101/><D35/><U30/><E3/><V4/><F58/><W86/><G86/><RYUUKYOKU ba="1,1" sc="193,-10,330,-10,323,-10,144,30" hai3="6,9,15,45,52,57,62,66,77,79,84,89,94" /><INIT seed="7,2,1,3,2,113" ten="183,320,313,174" oya="3" hai0="44,59,87,103,84,120,104,38,126,24,98,115,83" hai1="127,62,8,52,76,51,80,116,134,79,95,129,108" hai2="56,48,57,17,29,132,82,100,70,72,121,110,123" hai3="54,112,122,117,75,31,25,13,65,21,27,11,37"/><W22/><G112/><T63/><D115/><U33/><E108/><V40/><F110/><W30/><G122/><N who="2" m="46601" /><F132/><W125/><G37/><T43/><D120/><U28/><E134/><V96/><F70/><W3/><G75/><T35/><D126/><U133/><E133/><V10/><F29/><W23/><G125/><T88/><D35/><U19/><E127/><V106/><F40/><W93/><G3/><T124/><D124/><U86/><E116/><V39/><F48/><W118/><G23/><T92/><D24/><U41/><E33/><V67/><F67/><W1/><G1/><T99/><D83/><U119/><E119/><V130/><F130/><W58/><G93/><T12/><D12/><N who="1" m="7559" /><E28/><V64/><F64/><AGARI ba="2,1" hai="38,43,44,59,63,64,84,87,88,92,98,99,103,104" machi="64" ten="30,2000,0" yaku="7,1,54,1" doraHai="113" who="0" fromWho="2" sc="183,36,320,0,313,-26,174,0" owari="219,-18.1,320,42.0,287,8.7,174,-32.6" /></mjloggm>