<mjloggm ver="2.3"><GO type="169" lobby="0"/><UN n0="%E6%88%91%E5%8F%AF%E4%BB%A5" n1="%E3%81%9B%E3%81%A9%E3%81%AA%E3%82%8A%E3%81%82%E3%82%93" n2="%E6%98%8E%E6%98%9F%E5%B8%82%E6%B0%91" n3="%E5%A4%A7%E7%A9%BA%E3%82%B9%E3%83%90%E3%83%AB%E2%98%86" dan="18,17,16,16" rate="2282.27,2166.56,2180.51,2102.09" sx="M,F,M,F"/><TAIKYOKU oya="0"/><INIT seed="0,0,0,1,4,9" ten="250,250,250,250" oya="0" hai0="132,88,54,121,123,115,53,17,117,124,67,61,95" hai1="108,55,1,27,125,39,21,109,31,129,50,69,131" hai2="62,14,12,66,45,64,83,97,91,130,30,99,24" hai3="36,37,107,26,34,16,8,112,113,74,96,80,72"/><T101/><D115/><U135/><E39/><V86/><F130/><N who="1" m="49673" /><E69/><V110/><F110/><N who="1" m="42601" /><E55/><V102/><F45/><W56/><G56/><T41/><D117/><U4/><E50/><V6/><F6/><W85/><G37/><T60/><D41/><U127/><E135/><V81/><F81/><W18/><G36/><T118/><D118/><U22/><E22/><N who="2" m="15639" /><F97/><W25/><G34/><T116/><D132/><U65/><E65/><N who="2" m="25195" /><F62/><W7/><G96/><T76/><D60/><U94/><E94/><AGARI ba="0,0" hai="12,14,83,86,91,94,99,102" m="25195,15639" machi="94" ten="30,3900,0" yaku="8,1,52,2" doraHai="9" who="2" fromWho="1" sc="250,0,250,-39,250,39,250,0" /><INIT seed="1,0,0,0,3,57" ten="250,211,289,250" oya="1" hai0="33,92,106,80,18,81,123,124,11,102,84,66,76" hai1="109,26,97,13,62,44,120,41,47,49,105,82,96" hai2="108,101,107,35,78,28,63,1,86,72,79,122,22" hai3="36,53,121,70,42,6,118,54,34,21,130,61,67"/><U74/><E120/><V10/><F108/><W83/><G34/><T58/><D33/><U87/><E74/><V51/><F72/><W39/><G6/><T59/><D124/><U93/><E105/><V3/><F22/><W48/><G83/><T27/><D106/><U100/><E109/><V91/><F51/><W104/><G104/><T29/><D123/><U94/><E26/><V52/><F35/><W131/><G21/><T85/><D66/><U128/><E128/><N who="3" m="49194" /><G121/><T116/><D116/><U114/><E114/><V37/><F28/><W126/><G126/><T113/><D113/><U73/><E73/><V89/><F37/><N who="3" m="14411" /><G118/><T23/><D92/><U19/><E47/><AGARI ba="0,0" hai="42,47,48,53,54,61,67,70" m="14411,49194" machi="47" ten="30,7700,0" yaku="19,1,34,2,52,1" doraHai="57" who="3" fromWho="1" sc="250,0,211,-77,289,0,250,77" /><INIT seed="2,0,0,0,2,20" ten="250,134,289,327" oya="2" hai0="130,75,34,76,133,0,92,93,113,120,16,110,134" hai1="35,52,9,118,1,116,94,78,91,112,124,105,21" hai2="5,47,74,15,10,59,88,72,81,58,83,8,73" hai3="109,79,71,66,65,55,63,90,43,45,30,97,2"/><V122/><F122/><W131/><G2/><T44/><D120/><U123/><E123/><V56/><F47/><W32/><G109/><T101/><D113/><U84/><E35/><V39/><F39/><W12/><G131/><T89/><D0/><U114/><E105/><V18/><REACH who="2" step="1"/><F88/><REACH who="2" ten="250,134,279,327" step="2"/><W98/><G90/><T107/><D89/><U125/><E112/><V36/><F36/><W19/><G45/><T50/><D130/><U28/><E114/><V87/><F87/><W40/><G40/><T70/><D44/><U80/><E116/><V54/><F54/><W42/><G55/><T26/><D110/><U132/><E118/><V100/><F100/><W129/><G43/><T117/><D101/><U128/><E128/><V48/><F48/><W24/><G42/><T49/><D50/><U115/><E115/><V68/><F68/><W126/><G129/><T104/><D70/><U33/><E52/><V41/><F41/><W95/><G66/><T103/><D49/><U51/><E51/><V27/><F27/><W64/><G64/><T96/><D26/><U127/><E91/><V38/><F38/><W111/><G111/><T46/><D46/><U17/><E84/><V102/><F102/><W69/><G69/><T82/><D117/><U106/><E124/><V22/><F22/><W13/><G126/><T31/><D103/><U86/><E125/><V60/><F60/><W14/><G79/><T4/><D76/><U77/><E127/><V99/><F99/><W25/><G98/><T29/><D96/><U62/><E78/><V23/><F23/><N who="3" m="11751" /><G25/><T11/><D104/><RYUUKYOKU ba="0,1" sc="250,-15,134,-15,279,15,327,15" hai2="5,8,10,15,18,56,58,59,72,73,74,81,83" hai3="13,14,24,30,32,63,65,71,95,97" /><INIT seed="2,1,1,1,0,123" ten="235,119,294,342" oya="2" hai0="18,8,90,54,93,19,131,11,44,130,119,28,73" hai1="47,68,89,98,83,125,105,13,7,6,17,55,103" hai2="43,92,52,4,113,64,58,71,27,120,16,109,76" hai3="69,32,78,106,74,72,63,127,25,22,75,15,91"/><V9/><F113/><W86/><G106/><T102/><D73/><U12/><E68/><V34/><F71/><W126/><G78/><T53/><D102/><U56/><E125/><N who="3" m="47626" /><G15/><T114/><D28/><U10/><E13/><V21/><F64/><N who="3" m="41119" /><G32/><T23/><D114/><U33/><E33/><V37/><F120/><W20/><G25/><T77/><D77/><U111/><E47/><V49/><F76/><W61/><G61/><T117/><D44/><U133/><E133/><V85/><F34/><W42/><G42/><T79/><D79/><U65/><E65/><V124/><F43/><W31/><G31/><T46/><D46/><U128/><E6/><V135/><F135/><W122/><G122/><T97/><D23/><U59/><E7/><V38/><F124/><W29/><G29/><T45/><D45/><U129/><E56/><V100/><F4/><W112/><G112/><T115/><D115/><U110/><E59/><V81/><F9/><N who="0" m="3658" /><D18/><U82/><E55/><N who="0" m="21001" /><D19/><U87/><REACH who="1" step="1"/><E82/><AGARI ba="1,1" hai="20,22,72,74,75,82,86,91" m="41119,47626" machi="82" ten="40,1300,0" yaku="18,1" doraHai="123" who="3" fromWho="1" sc="235,0,119,-16,294,0,342,26" /><INIT seed="3,0,0,2,3,87" ten="235,103,294,368" oya="3" hai0="127,114,3,104,96,47,45,28,12,128,73,116,81" hai1="112,26,46,59,97,68,32,102,130,56,105,66,63" hai2="117,64,110,106,35,95,51,120,67,88,100,134,41" hai3="124,19,82,44,119,71,125,16,20,54,25,69,122"/><W23/><G119/><T29/><D3/><U133/><E112/><V80/><F35/><W7/><G7/><T91/><BYE who="3" /><D116/><UN n3="%E5%A4%A7%E7%A9%BA%E3%82%B9%E3%83%90%E3%83%AB%E2%98%86" /><U8/><E130/><V40/><F106/><W60/><G122/><T79/><D127/><N who="3" m="48713" /><G82/><T9/><D128/><U121/><E121/><V0/><F0/><W39/><G60/><T126/><D114/><U84/><E133/><V14/><F110/><W94/><G94/><T62/><D62/><U93/><E46/><N who="2" m="26055" /><F41/><N who="3" m="22591" /><G54/><T89/><D126/><U101/><E8/><V22/><F134/><W2/><G2/><T42/><D45/><U123/><E123/><V52/><F80/><W13/><AGARI ba="0,0" hai="13,16,19,20,23,25,69,71" m="22591,48713" machi="13" ten="30,3000,0" yaku="18,1,54,1" doraHai="87" who="3" fromWho="3" sc="235,-10,103,-10,294,-10,368,30" /><INIT seed="3,1,0,5,0,23" ten="225,93,284,398" oya="3" hai0="81,90,2,104,56,67,38,21,91,4,120,14,57" hai1="128,113,40,109,44,13,12,25,118,9,88,59,89" hai2="102,3,58,106,124,46,100,41,130,15,48,77,98" hai3="92,0,28,121,103,105,78,125,68,32,116,61,31"/><W93/><G116/><T35/><D120/><U70/><E70/><V42/><F3/><W126/><G0/><T101/><D35/><U54/><E113/><V10/><F130/><W37/><G37/><T69/><D38/><U123/><E123/><V19/><F124/><W53/><G78/><T62/><D2/><U132/><E109/><V96/><F58/><W75/><G75/><T5/><D101/><U17/><E132/><V52/><REACH who="2" step="1"/><F77/><REACH who="2" ten="225,93,274,398" step="2"/><W51/><G121/><T84/><D57/><U134/><E128/><V127/><F127/><W114/><G126/><T34/><D69/><U36/><E134/><V65/><F65/><W76/><G76/><T60/><D56/><U107/><E118/><V43/><F43/><W83/><G68/><T119/><D67/><U11/><E107/><AGARI ba="1,1" hai="10,15,19,41,42,46,48,52,96,98,100,102,106,107" machi="107" ten="30,7700,0" yaku="1,1,7,1,9,1,54,1,53,0" doraHai="23" doraHaiUra="26" who="2" fromWho="1" sc="225,0,93,-80,274,90,398,0" /><INIT seed="4,0,0,4,5,89" ten="225,13,364,398" oya="0" hai0="27,80,112,66,132,53,10,76,70,18,127,42,60" hai1="121,58,99,78,96,46,31,44,8,62,109,73,7" hai2="65,79,45,3,75,118,51,55,126,43,90,14,33" hai3="12,36,1,32,67,131,83,63,6,128,57,0,134"/><T13/><D112/><U40/><E121/><V11/><F126/><W123/><G32/><T17/><D132/><U105/><E109/><V49/><F33/><W38/><G134/><T26/><D127/><U124/><E124/><V94/><F3/><N who="3" m="1099" /><G123/><T82/><D42/><U114/><E114/><V4/><F75/><W87/><G12/><T92/><D53/><U50/><E31/><V47/><F118/><W135/><G6/><T95/><D80/><U84/><E73/><V23/><F79/><N who="3" m="46591" /><G135/><T56/><D70/><U15/><E44/><V110/><F110/><W111/><G111/><T30/><D18/><U64/><E105/><V16/><F65/><W52/><G67/><T108/><D108/><U2/><E2/><V72/><F72/><W129/><AGARI ba="0,0" hai="36,38,52,57,63,128,129,131" m="46591,1099" machi="129" ten="40,2700,0" yaku="19,1,54,1" doraHai="89" who="3" fromWho="3" sc="225,-13,13,-7,364,-7,398,27" /><INIT seed="5,0,0,1,2,106" ten="212,6,357,425" oya="1" hai0="16,1,82,30,43,54,66,9,62,115,131,100,75" hai1="57,130,3,34,32,120,103,83,20,80,38,61,26" hai2="71,53,64,85,86,22,37,67,76,72,45,94,44" hai3="107,127,122,98,77,87,114,125,70,116,47,8,60"/><U88/><E120/><V11/><F72/><W96/><G122/><T65/><D115/><U119/><E119/><V5/><F76/><W135/><G135/><T52/><D30/><U2/><E38/><V25/><F71/><W29/><G114/><T41/><D131/><U102/><E130/><V110/><F110/><W121/><G121/><T81/><D100/><N who="1" m="38443" /><E2/><V59/><F11/><W55/><G107/><T7/><D81/><U12/><E3/><V46/><F5/><W63/><G8/><T117/><D117/><U133/><E133/><V112/><F112/><W105/><G29/><T19/><D43/><U51/><E32/><V24/><F24/><W49/><G105/><T69/><D41/><U109/><E34/><V31/><F37/><W15/><G15/><T14/><D65/><N who="2" m="25162" /><F94/><W93/><G70/><T36/><D36/><U90/><E51/><AGARI ba="0,0" hai="22,25,31,44,45,46,51,53,59,85,86" m="25162" machi="51" ten="30,1000,0" yaku="8,1" doraHai="106" who="2" fromWho="1" sc="212,0,6,-10,357,10,425,0" owari="212,-18.8,-4,-50.4,367,16.7,425,52.5" /></mjloggm>