<mjloggm ver="2.3"><GO type="169" lobby="0"/><UN n0="%E5%81%BD%E9%80%A0%E6%8D%8F%E9%80%A0%E5%AE%89%E5%80%8D%E6%99%8B%E4%B8%89" n1="%E2%97%8E%E3%82%88%E3%81%97%E2%97%8E" n2="%E3%81%8B%E3%82%81%E3%81%98%E3%82%8D%E3%81%86" n3="%E6%8C%91%E6%88%A6%E8%80%85%EF%BC%81" dan="16,17,16,17" rate="2147.32,2167.56,2153.49,2185.08" sx="M,M,M,M"/><TAIKYOKU oya="0"/><INIT seed="0,0,0,4,4,5" ten="250,250,250,250" oya="0" hai0="111,126,87,117,64,78,97,105,109,53,128,51,56" hai1="34,88,43,79,132,106,103,63,49,119,116,15,22" hai2="93,133,0,6,90,80,59,33,91,76,134,38,42" hai3="130,135,115,125,70,37,98,40,72,62,10,124,85"/><T69/><D117/><U101/><E34/><V9/><F33/><W107/><G72/><T31/><D128/><U23/><E132/><N who="2" m="50795" /><F59/><W100/><G135/><T13/><D126/><U102/><E106/><V58/><F58/><W50/><G115/><T46/><D31/><U2/><E2/><V4/><F4/><W48/><G130/><T104/><D69/><U120/><E120/><V81/><F93/><W95/><G37/><T121/><D121/><U114/><E114/><V61/><F61/><W118/><G118/><T131/><D131/><U55/><E63/><V122/><F81/><W8/><G85/><T75/><D75/><U14/><E116/><V86/><F122/><W57/><G107/><T7/><D97/><U65/><E119/><V71/><F71/><W82/><G82/><N who="0" m="47575" /><D46/><AGARI ba="0,0" hai="0,6,9,38,42,46,76,80,86,90,91" m="50795" machi="46" ten="30,2000,0" yaku="20,1,52,1" doraHai="5" who="2" fromWho="0" sc="250,-20,250,0,250,20,250,0" /><INIT seed="1,0,0,2,5,44" ten="230,250,270,250" oya="1" hai0="104,12,69,9,96,18,103,121,16,124,85,127,71" hai1="10,133,41,94,40,14,72,115,35,65,102,91,58" hai2="20,56,67,100,108,28,134,17,73,48,55,128,132" hai3="23,0,88,87,74,39,50,19,36,34,93,116,98"/><U33/><E115/><V78/><F128/><W5/><G34/><T123/><D18/><U42/><E72/><V15/><F108/><W130/><G74/><T106/><D106/><U52/><E65/><V1/><F1/><W24/><G130/><T81/><D71/><U105/><E102/><V101/><F28/><W107/><G116/><T97/><D97/><U129/><E105/><V76/><F67/><W63/><G63/><T61/><D61/><U126/><E126/><N who="0" m="48169" /><D69/><U99/><E133/><N who="2" m="51307" /><F73/><W86/><G0/><T135/><D135/><U54/><E129/><V95/><F101/><W7/><G107/><T27/><D27/><U122/><E122/><V118/><F118/><W77/><G39/><T29/><D29/><U57/><E33/><V114/><F114/><W109/><G36/><T25/><D25/><U79/><E35/><V22/><F20/><W3/><G3/><T2/><D2/><U68/><E68/><V30/><F30/><W46/><G109/><T53/><D53/><N who="1" m="20587" /><E79/><AGARI ba="0,0" hai="9,12,16,79,81,85,96,103,104,121,123" m="48169" machi="79" ten="30,2000,0" yaku="18,1,54,1" doraHai="44" who="0" fromWho="1" sc="230,20,250,-20,270,0,250,0" /><INIT seed="2,0,0,5,3,15" ten="250,230,270,250" oya="2" hai0="124,35,50,75,129,39,31,51,45,24,12,120,2" hai1="132,128,49,29,57,64,38,47,18,86,43,44,102" hai2="130,73,22,7,21,104,112,26,93,114,41,77,71" hai3="78,19,33,69,5,48,9,134,119,125,55,127,126"/><V72/><F104/><W37/><G37/><T62/><D120/><U95/><E128/><V23/><F71/><W89/><G119/><T14/><D2/><U20/><E132/><V96/><F130/><W59/><G69/><T16/><D75/><U116/><E116/><V88/><F41/><W123/><G123/><T98/><D129/><U101/><E29/><V121/><F121/><W42/><G42/><T92/><D124/><U135/><E135/><V84/><F7/><W85/><G33/><T30/><D39/><U115/><E115/><V1/><F1/><W27/><G78/><T46/><D62/><N who="1" m="37967" /><E44/><V103/><F73/><W52/><G55/><T67/><D14/><N who="1" m="9303" /><E38/><V4/><F4/><W83/><G134/><T122/><D31/><U108/><E108/><V36/><F36/><W61/><G61/><T54/><D67/><U99/><E86/><V74/><F74/><W56/><G56/><T97/><D92/><U94/><E95/><V25/><F112/><W70/><G70/><T117/><D117/><U109/><E109/><V106/><F114/><W53/><G53/><T6/><D6/><U91/><AGARI ba="0,0" hai="43,47,49,91,94,99,101,102" m="9303,37967" machi="91" ten="30,2000,0" yaku="8,1,52,1" doraHai="15" who="1" fromWho="1" sc="250,-5,230,20,270,-10,250,-5" /><INIT seed="3,0,0,2,5,55" ten="245,250,260,245" oya="3" hai0="41,69,78,73,46,57,35,96,26,135,2,30,9" hai1="75,94,52,45,98,13,43,105,19,15,48,33,37" hai2="87,42,81,25,103,50,8,22,97,79,18,74,61" hai3="115,5,66,88,14,63,51,109,80,107,114,90,118"/><W119/><G107/><T34/><D69/><U82/><E105/><V1/><F61/><W0/><G0/><T122/><D122/><U93/><E33/><V20/><F42/><W56/><G109/><T10/><D34/><U47/><E94/><V117/><F117/><W86/><G90/><T101/><D135/><U36/><E36/><V58/><F22/><W102/><G102/><T29/><D29/><U128/><E128/><V67/><F74/><W38/><G38/><T116/><D116/><U23/><E75/><V106/><F67/><W84/><G84/><T124/><D124/><U100/><REACH who="1" step="1"/><E82/><REACH who="1" ten="245,240,260,245" step="2"/><V129/><F129/><W49/><G119/><T59/><D73/><U65/><E65/><V131/><F131/><W104/><G104/><T76/><D101/><U53/><E53/><V125/><F125/><W110/><G118/><T11/><D41/><U95/><E95/><V133/><F133/><W72/><G72/><T60/><D96/><U71/><E71/><V7/><REACH who="2" step="1"/><F50/><REACH who="2" ten="245,240,250,245" step="2"/><W4/><G110/><T6/><D60/><U120/><E120/><V99/><F99/><W32/><G32/><T54/><D35/><U70/><E70/><V77/><F77/><W132/><G132/><T27/><D78/><U127/><E127/><V91/><F91/><W17/><G115/><T85/><D76/><U68/><E68/><V24/><F24/><AGARI ba="0,2" hai="13,15,19,23,24,37,43,45,47,48,52,93,98,100" machi="24" ten="30,3900,0" yaku="1,1,7,1,54,1,53,0" doraHai="55" doraHaiUra="134" who="1" fromWho="2" sc="245,0,240,59,250,-39,245,0" /><INIT seed="4,0,0,4,1,122" ten="245,299,211,245" oya="0" hai0="48,2,16,115,79,90,9,22,35,24,80,103,104" hai1="4,51,112,15,60,87,107,124,64,78,113,45,96" hai2="46,119,55,1,42,53,10,61,121,84,130,129,17" hai3="20,0,74,38,131,14,118,69,88,32,43,134,18"/><T33/><D115/><N who="1" m="44107" /><E124/><V47/><F121/><W97/><G118/><T93/><D103/><N who="1" m="62951" /><E4/><V66/><F84/><W86/><G74/><T102/><D102/><U67/><E15/><V128/><F119/><W94/><G69/><T89/><D104/><U57/><E87/><V62/><F17/><W5/><G131/><T6/><D48/><U99/><E99/><V125/><F10/><W76/><G134/><T27/><D93/><U56/><E78/><V73/><F1/><W59/><G32/><T39/><D39/><U12/><E12/><V30/><F73/><W65/><G0/><T23/><D33/><U54/><E57/><N who="2" m="37199" /><F30/><W36/><G5/><T72/><REACH who="0" step="1"/><D35/><REACH who="0" ten="235,299,211,245" step="2"/><U111/><E111/><V135/><F135/><W127/><G127/><T81/><D81/><U92/><E92/><V28/><F125/><W63/><REACH who="3" step="1"/><G43/><AGARI ba="0,1" hai="43,45,51,54,56,60,64,67" m="62951,44107" machi="43" ten="30,2000,0" yaku="15,1,11,1" doraHai="122" who="1" fromWho="3" sc="235,0,299,30,211,0,245,-20" /><INIT seed="5,0,0,4,2,49" ten="235,329,211,225" oya="1" hai0="88,57,0,100,87,122,119,33,14,43,2,117,5" hai1="25,32,112,74,12,116,44,20,26,91,42,55,61" hai2="52,121,126,118,8,129,37,130,29,109,96,46,53" hai3="28,60,31,6,73,108,82,67,106,72,16,80,65"/><U124/><E116/><V62/><F118/><W132/><G106/><T101/><D122/><U94/><E74/><V1/><F121/><W89/><G6/><T104/><D33/><U125/><E112/><V114/><F109/><W64/><G132/><T90/><D43/><U70/><E32/><V135/><F135/><W75/><G108/><T134/><D5/><U3/><E3/><V127/><F29/><W92/><G60/><T63/><D63/><U102/><E102/><V48/><F96/><W19/><G92/><T24/><D14/><U71/><E12/><V23/><F23/><W115/><G89/><T110/><D57/><N who="1" m="35007" /><E20/><V128/><F37/><W97/><G97/><T105/><D87/><N who="1" m="52607" /><E70/><V81/><F81/><N who="3" m="31339" /><G115/><T18/><D134/><U107/><E71/><V36/><F36/><W27/><G27/><T30/><D24/><U103/><E103/><V123/><F114/><W95/><G95/><T45/><D110/><U47/><E47/><V39/><F39/><W54/><G54/><N who="2" m="21097" /><F62/><W120/><G120/><T98/><D45/><U99/><E99/><V93/><F93/><W131/><G131/><T58/><D98/><U15/><E107/><V59/><F59/><W13/><G13/><T38/><D58/><U77/><E44/><V11/><F123/><W40/><G40/><T83/><D38/><U10/><E42/><N who="2" m="24663" /><F1/><W34/><G34/><T35/><D35/><U79/><E79/><V21/><F21/><W22/><G22/><T7/><D119/><U9/><E77/><V68/><F68/><W50/><G50/><T113/><D117/><U17/><E26/><RYUUKYOKU ba="0,0" sc="235,-15,329,-15,211,15,225,15" hai2="8,11,126,127,128,129,130" hai3="16,19,28,31,64,65,67,72,73,75" /><INIT seed="6,1,0,4,0,115" ten="220,314,226,240" oya="2" hai0="41,71,24,7,11,37,121,17,86,97,132,117,67" hai1="33,22,27,74,77,95,52,108,122,89,96,15,90" hai2="25,2,56,62,73,83,113,51,9,38,116,127,128" hai3="30,118,53,100,60,21,13,78,59,92,80,48,133"/><V84/><F113/><W31/><G133/><T46/><D121/><U68/><E68/><V23/><F38/><W47/><G118/><T57/><D132/><U36/><E36/><V107/><F107/><W82/><G82/><T63/><D86/><U64/><E64/><V16/><F127/><W58/><G58/><T106/><D24/><U98/><E33/><V79/><F128/><W70/><G70/><T125/><D125/><U111/><E122/><V131/><F131/><W110/><G110/><T126/><D126/><U103/><E15/><V42/><F116/><W55/><G100/><T32/><D17/><U114/><E114/><V76/><F2/><W85/><G92/><T28/><D57/><U66/><E66/><N who="2" m="39239" /><F73/><W12/><G13/><T130/><D130/><U135/><E74/><V61/><F61/><W43/><G55/><T124/><D124/><U40/><E135/><V105/><F105/><W91/><G91/><T35/><D28/><U14/><E108/><V75/><F75/><W102/><G102/><N who="0" m="62799" /><D117/><U3/><E3/><AGARI ba="1,0" hai="3,7,11,32,35,37,41,46,63,67,71" m="62799" machi="3" ten="30,2000,0" yaku="33,2" doraHai="115" who="0" fromWho="1" sc="220,23,314,-23,226,0,240,0" /><INIT seed="7,0,0,3,5,94" ten="243,291,226,240" oya="3" hai0="13,20,32,134,119,92,11,113,25,47,53,19,123" hai1="44,121,88,66,4,9,135,78,5,40,122,102,61" hai2="30,81,43,130,75,127,35,117,23,41,7,109,108" hai3="112,39,1,86,118,76,26,103,33,52,126,21,12"/><W69/><G1/><T62/><D119/><U51/><E135/><V120/><F117/><W2/><G2/><T93/><D123/><U68/><E5/><V115/><F120/><W79/><G118/><T70/><D134/><U114/><E114/><V6/><F115/><W37/><G69/><T36/><D32/><U116/><E116/><V74/><F35/><W101/><G112/><T18/><D113/><U31/><E102/><V111/><F127/><W91/><G33/><T3/><D3/><U14/><E78/><N who="3" m="29738" /><G39/><T97/><D70/><U77/><E77/><V10/><F130/><W99/><G37/><T34/><D34/><U82/><E31/><V132/><F132/><W15/><G126/><T17/><D93/><U8/><E9/><V29/><F81/><N who="3" m="49615" /><G103/><N who="0" m="60839" /><D36/><U71/><E71/><V96/><F108/><W59/><G99/><T83/><D83/><U46/><E82/><V104/><F96/><W73/><G101/><T105/><D105/><U58/><E68/><V57/><F104/><W0/><G0/><T60/><D18/><U87/><E44/><V24/><F57/><W129/><G73/><T110/><D110/><U50/><E121/><V98/><F98/><W49/><G129/><T95/><D95/><N who="1" m="54687" /><E122/><V56/><F56/><W100/><G100/><T125/><D125/><U28/><E28/><AGARI ba="0,0" hai="12,15,21,26,28,49,52,59" m="49615,29738" machi="28" ten="30,2900,0" yaku="8,1,54,1" doraHai="94" who="3" fromWho="1" sc="243,0,291,-29,226,0,240,29" /><INIT seed="7,1,0,2,5,4" ten="243,262,226,269" oya="3" hai0="83,133,10,91,34,55,117,43,16,73,118,41,22" hai1="114,23,87,25,128,9,5,31,57,47,30,79,54" hai2="13,28,35,101,51,58,123,65,77,111,84,107,109" hai3="66,95,69,45,20,1,130,44,63,70,62,68,64"/><W90/><G130/><T7/><D34/><U132/><E128/><V46/><F123/><W100/><G1/><T48/><D133/><U67/><E67/><V81/><F107/><W129/><G129/><T15/><D73/><U112/><E47/><V71/><F101/><W12/><G100/><T126/><D126/><U78/><E30/><V50/><F71/><W102/><G102/><T108/><D108/><U131/><E87/><V113/><F113/><N who="1" m="43625" /><E132/><V98/><F98/><W99/><G70/><T36/><D36/><U103/><E103/><V19/><F28/><W94/><G94/><T88/><D117/><U18/><E31/><V56/><F35/><W106/><G106/><T75/><D75/><U37/><E37/><V74/><F74/><W11/><G20/><T33/><D33/><U14/><E131/><V93/><F93/><W3/><G3/><T72/><D72/><U26/><E25/><V119/><F119/><W76/><G76/><T116/><D118/><U21/><E23/><V80/><F80/><W53/><G53/><T120/><D120/><U85/><E85/><V38/><F38/><W49/><G49/><AGARI ba="1,0" hai="5,9,14,18,21,26,49,54,57,78,79" m="43625" machi="49" ten="30,2000,0" yaku="15,1,52,1" doraHai="4" who="1" fromWho="3" sc="243,0,262,23,226,0,269,-23" /><INIT seed="8,0,0,3,5,44" ten="243,285,226,246" oya="0" hai0="9,59,56,86,54,57,101,113,42,43,112,5,78" hai1="98,70,49,135,115,132,118,51,7,48,126,37,90" hai2="109,74,45,100,76,21,92,116,18,40,23,96,14" hai3="122,61,131,95,17,84,35,34,127,19,97,80,13"/><T120/><D120/><U22/><E118/><V2/><F109/><W26/><G122/><T0/><D101/><U124/><E37/><V117/><F2/><W30/><G127/><N who="1" m="48682" /><E70/><V88/><F74/><W32/><G61/><T64/><D64/><U29/><E7/><V25/><F76/><W103/><G131/><T15/><D0/><U8/><E8/><V130/><F130/><W69/><G69/><T65/><D65/><U27/><E115/><V58/><F58/><W111/><G111/><T52/><D112/><U53/><E53/><N who="0" m="20585" /><D113/><U38/><E38/><V94/><F94/><AGARI ba="0,0" hai="22,27,29,48,49,51,90,94,98,132,135" m="48682" machi="94" ten="40,8000,1" yaku="18,1,52,3" doraHai="44" who="1" fromWho="2" sc="243,0,285,80,226,-80,246,0" owari="243,-15.7,365,46.5,146,-35.4,246,4.6" /></mjloggm>