<mjloggm ver="2.3"><GO type="169" lobby="0"/><UN n0="%E5%B1%B1%E5%B4%8E%E5%BC%98%E7%BE%8E" n1="%E5%B0%8F%E5%AE%AE%E7%95%B3%E5%BA%97" n2="%52%65%61%6C%58" n3="%E3%83%A9%E3%83%A0%E3%83%9E%E3%82%B8%E5%A4%A9%E4%BD%BF" dan="17,16,16,17" rate="2163.15,2097.95,2179.46,2129.70" sx="M,M,F,M"/><TAIKYOKU oya="0"/><INIT seed="0,0,0,2,4,116" ten="250,250,250,250" oya="0" hai0="74,88,38,61,111,29,132,2,118,93,18,107,1" hai1="44,31,19,15,41,23,4,32,135,35,78,24,95" hai2="57,131,49,112,43,39,70,42,130,58,36,121,109" hai3="13,37,71,9,26,64,75,133,10,46,66,33,103"/><T72/><D118/><U91/><E135/><V89/><F89/><W3/><G75/><N who="0" m="28715" /><D107/><U128/><E78/><V5/><F5/><W45/><G133/><T6/><D132/><U56/><E128/><V54/><F70/><W85/><G71/><T80/><D6/><U114/><E114/><V59/><F112/><W87/><G103/><T50/><D50/><U62/><E4/><V8/><F8/><W14/><G26/><T108/><D18/><U98/><E35/><V101/><F101/><W125/><G33/><T81/><D61/><U20/><E32/><V126/><F126/><W27/><G27/><T123/><D29/><U127/><E127/><V40/><F121/><W17/><G17/><T55/><D55/><U134/><E134/><V21/><F21/><W34/><G34/><T51/><D51/><U99/><E44/><V110/><F49/><W100/><G100/><T30/><D30/><U67/><E41/><V53/><F53/><W115/><G115/><T12/><D12/><U90/><E99/><V124/><F54/><W7/><G7/><T106/><D38/><N who="2" m="14378" /><F124/><W94/><G125/><T63/><D63/><U92/><E92/><V129/><AGARI ba="0,0" hai="40,42,43,57,58,59,109,110,129,130,131" m="14378" machi="129" ten="50,12000,2" yaku="29,2,28,2,19,1,34,2" doraHai="116" who="2" fromWho="2" sc="250,-60,250,-30,250,120,250,-30" /><INIT seed="1,0,0,4,2,71" ten="190,220,370,220" oya="1" hai0="34,90,94,49,107,43,108,50,91,112,135,24,115" hai1="99,118,30,110,66,68,100,56,59,132,44,95,33" hai2="114,18,8,27,129,98,17,105,0,80,28,70,37" hai3="92,61,113,65,11,117,127,69,93,52,125,120,121"/><U116/><E132/><V3/><F114/><W85/><G113/><T20/><D94/><U26/><E110/><V29/><F129/><W13/><G117/><T47/><D20/><U10/><E118/><V19/><F70/><W88/><G92/><T57/><D57/><U106/><E116/><V1/><F37/><W21/><G21/><T89/><D89/><U60/><E95/><V104/><F80/><W40/><G40/><T81/><D43/><U77/><E77/><V5/><F98/><W74/><G74/><T25/><D81/><U62/><E44/><V54/><F54/><W101/><G101/><T122/><D47/><U87/><E87/><V109/><F109/><W14/><G14/><T64/><D64/><U103/><E103/><V102/><F102/><W12/><G12/><T76/><D34/><U72/><E72/><V124/><F124/><N who="3" m="47691" /><G52/><T6/><D108/><U2/><REACH who="1" step="1"/><E62/><REACH who="1" ten="190,210,370,220" step="2"/><V45/><F45/><W22/><G22/><T55/><D115/><U7/><AGARI ba="0,1" hai="2,7,10,26,30,33,56,59,60,66,68,99,100,106" machi="7" ten="30,12000,1" yaku="1,1,2,1,0,1,25,2,53,0" doraHai="71" doraHaiUra="46" who="1" fromWho="1" sc="190,-40,210,130,370,-40,220,-40" /><INIT seed="1,1,0,5,4,28" ten="150,340,330,180" oya="1" hai0="6,133,40,11,24,110,99,91,32,41,122,3,65" hai1="75,57,42,82,81,54,29,102,126,128,105,4,132" hai2="46,31,124,134,84,67,111,79,119,103,101,104,25" hai3="47,118,74,69,5,53,30,90,80,64,100,10,1"/><U63/><E132/><V68/><F119/><W78/><G118/><T48/><D133/><U45/><E128/><V60/><F134/><W115/><G115/><T109/><D122/><U97/><E126/><V94/><F111/><N who="0" m="42506" /><D65/><U77/><E81/><V70/><F124/><W123/><G123/><T56/><D56/><U59/><E29/><V12/><F46/><W27/><G90/><T117/><D48/><U34/><E4/><V7/><F70/><W72/><G53/><T43/><D117/><U15/><E15/><V131/><F131/><W96/><G47/><T61/><D61/><U35/><REACH who="1" step="1"/><E57/><REACH who="1" ten="150,330,330,180" step="2"/><V62/><F12/><W87/><G69/><T44/><D24/><U73/><E73/><V50/><F7/><W49/><G49/><AGARI ba="1,1" hai="34,35,42,45,49,54,59,63,75,77,82,97,102,105" machi="49" ten="30,12000,1" yaku="1,1,7,1,52,2,53,1" doraHai="28" doraHaiUra="52" who="1" fromWho="3" sc="150,0,330,133,330,0,180,-123" /><INIT seed="1,2,0,5,3,39" ten="150,463,330,57" oya="1" hai0="41,6,55,70,44,73,97,29,37,8,46,63,2" hai1="83,130,75,129,43,17,81,40,66,65,110,72,86" hai2="117,79,131,133,112,47,67,5,82,22,121,10,71" hai3="123,28,21,87,96,49,101,35,45,12,64,95,125"/><U89/><E110/><V19/><F121/><W122/><G125/><T132/><D132/><U54/><E54/><V38/><F117/><W57/><G87/><T26/><D73/><U135/><E17/><V74/><F131/><N who="1" m="50185" /><E135/><V30/><F30/><W68/><G68/><T33/><D97/><U91/><E91/><V53/><F112/><W77/><G77/><T20/><D70/><U93/><E66/><V51/><F133/><W25/><G35/><T105/><D105/><U24/><E24/><V114/><F114/><W128/><G12/><T90/><D90/><U102/><E65/><V76/><F76/><W118/><G118/><T59/><REACH who="0" step="1"/><D46/><REACH who="0" ten="140,463,330,57" step="2"/><U52/><E102/><V31/><F71/><W85/><G128/><T78/><D78/><N who="1" m="44255" /><E72/><V4/><F79/><W62/><REACH who="3" step="1"/><G85/><REACH who="3" ten="140,463,330,47" step="2"/><T14/><D14/><U113/><E113/><V50/><F74/><W11/><G11/><T107/><D107/><U88/><E83/><V23/><F82/><W69/><G69/><T104/><D104/><U36/><E86/><V124/><F10/><W126/><G126/><T100/><D100/><U94/><E93/><V27/><F124/><W0/><G0/><T1/><D1/><U99/><E94/><V109/><F109/><W116/><G116/><T108/><D108/><U120/><E89/><V84/><F84/><W103/><G103/><T92/><D92/><U18/><E88/><V106/><F106/><W9/><G9/><T15/><D15/><U7/><E99/><V60/><F27/><W61/><G61/><T13/><D13/><U134/><E134/><V111/><F111/><RYUUKYOKU ba="2,2" sc="140,15,463,-15,330,-15,47,15" hai0="2,6,8,20,26,29,33,37,41,44,55,59,63" hai3="21,25,28,45,49,57,62,64,95,96,101,122,123" /><INIT seed="2,3,2,4,0,26" ten="155,448,315,62" oya="2" hai0="129,48,123,102,17,111,73,130,46,132,134,91,10" hai1="35,61,20,77,88,49,93,106,119,107,44,9,3" hai2="112,70,113,23,19,135,34,75,29,57,104,67,100" hai3="98,127,71,38,28,117,59,64,78,83,90,32,118"/><V39/><F39/><W62/><G127/><T103/><D73/><U25/><E35/><V96/><F75/><N who="3" m="43487" /><G90/><T4/><D91/><U114/><E114/><V94/><F135/><N who="0" m="51754" /><D17/><U108/><E108/><V33/><F104/><W80/><G80/><T51/><D123/><U79/><E119/><V87/><F70/><W12/><G12/><N who="0" m="5191" /><D111/><U27/><E27/><N who="2" m="16639" /><F87/><W14/><G14/><T115/><D115/><N who="2" m="44106" /><F19/><W60/><G98/><T24/><D24/><U128/><E107/><V86/><F86/><W92/><G92/><T63/><D63/><AGARI ba="3,2" hai="33,34,57,63,67,94,96,100" m="44106,16639" machi="63" ten="30,2900,0" yaku="25,1,52,1" doraHai="26" who="2" fromWho="0" sc="155,-38,448,0,315,58,62,0" /><INIT seed="2,4,0,3,2,71" ten="117,448,373,62" oya="2" hai0="9,87,105,19,30,39,49,28,44,26,83,132,41" hai1="111,128,31,97,7,46,32,112,55,67,94,20,3" hai2="16,98,15,13,90,110,101,80,63,21,75,125,53" hai3="82,85,47,37,62,34,107,58,22,6,27,84,59"/><V96/><F125/><W18/><G107/><T81/><D132/><U36/><E112/><V8/><F110/><W89/><G34/><T73/><D105/><U130/><E111/><V56/><F75/><W51/><G6/><T24/><D73/><U65/><E32/><V29/><F29/><W109/><G109/><T66/><D66/><U54/><E7/><V124/><F124/><W69/><G69/><T42/><D42/><U79/><E79/><V74/><F74/><W5/><G5/><T92/><D92/><U57/><E3/><V131/><F131/><N who="1" m="50217" /><E20/><V91/><F80/><W2/><G2/><T121/><D121/><U25/><E25/><N who="0" m="9833" /><D39/><U108/><E31/><N who="0" m="11817" /><D87/><U117/><E117/><V11/><F21/><W129/><G129/><T50/><D49/><N who="1" m="28983" /><E36/><V76/><F98/><W38/><G85/><T106/><D106/><U17/><E17/><N who="2" m="8359" /><F76/><W52/><REACH who="3" step="1"/><G59/><REACH who="3" ten="117,448,373,52" step="2"/><T4/><D4/><U135/><E108/><V118/><F118/><W133/><G133/><T70/><D70/><U122/><E135/><V12/><F15/><AGARI ba="4,1" hai="9,15,19,41,44,50,81,83" m="11817,9833" machi="15" ten="30,1000,0" yaku="8,1" doraHai="71" who="0" fromWho="2" sc="117,32,448,0,373,-22,52,0" /><INIT seed="3,0,0,4,3,113" ten="149,448,351,52" oya="3" hai0="100,108,99,69,90,5,72,13,34,20,27,111,96" hai1="70,14,115,57,97,82,121,107,31,17,74,6,56" hai2="93,52,131,117,118,42,127,86,81,39,73,30,89" hai3="94,40,45,109,24,26,119,51,59,37,4,41,36"/><W61/><G4/><T78/><D69/><U83/><E70/><V66/><F66/><W92/><G109/><N who="0" m="42059" /><D90/><U28/><E121/><V11/><F30/><W76/><G76/><T110/><N who="0" m="42067" /><T77/><DORA hai="43" /><D72/><U58/><E6/><V71/><F71/><W129/><G129/><T21/><D34/><U125/><E125/><V33/><F33/><W79/><G79/><T75/><D75/><U132/><E115/><V102/><F131/><W91/><G119/><T8/><D21/><U65/><E132/><V135/><F135/><W23/><G94/><N who="0" m="58391" /><D99/><U48/><E107/><V22/><F22/><W87/><G41/><T60/><D60/><U9/><E97/><V12/><F127/><W84/><G84/><T130/><D130/><U122/><E122/><V85/><F73/><W106/><G106/><T10/><D8/><U29/><E65/><V50/><F102/><W95/><G95/><T54/><D54/><U64/><E64/><V32/><F32/><W67/><REACH who="3" step="1"/><G26/><REACH who="3" ten="149,448,351,42" step="2"/><T126/><D126/><U124/><E124/><V38/><F42/><W7/><G7/><T112/><D112/><U44/><E74/><V105/><F105/><W128/><G128/><T133/><D133/><U63/><E83/><V25/><F25/><W15/><G15/><T68/><D68/><U47/><E82/><V80/><F80/><W134/><G134/><T55/><D78/><U19/><E14/><V88/><F117/><W2/><G2/><T18/><D77/><U103/><E103/><V114/><F118/><W49/><G49/><T1/><D1/><U53/><E48/><RYUUKYOKU ba="0,1" sc="149,15,448,-15,351,-15,42,15" hai0="5,10,13,18,20,27,55" hai3="23,24,36,37,40,45,51,59,61,67,87,91,92" /><INIT seed="3,1,1,1,4,43" ten="164,433,336,57" oya="3" hai0="27,122,73,18,1,51,66,81,2,115,84,50,117" hai1="106,14,56,127,125,21,28,72,110,85,49,48,38" hai2="100,116,111,79,64,20,86,33,105,129,97,126,22" hai3="26,54,67,35,102,61,133,83,32,23,103,7,76"/><W123/><G123/><T25/><D122/><U87/><E72/><V4/><F116/><W94/><G133/><T47/><D117/><U16/><E106/><V12/><F33/><W42/><G7/><T52/><D73/><U44/><E110/><V69/><F111/><W5/><G5/><T121/><D121/><U120/><E28/><V40/><F126/><N who="1" m="48137" /><E120/><V88/><F79/><W109/><G109/><T95/><D115/><U91/><E56/><V41/><F64/><W132/><G132/><T59/><D95/><N who="1" m="54767" /><E87/><V128/><F69/><W99/><G103/><T30/><D18/><U53/><E53/><V113/><F113/><W124/><G124/><T31/><D66/><U75/><E75/><V60/><F60/><W62/><G54/><N who="0" m="30047" /><D2/><U55/><E49/><V34/><F34/><W98/><G98/><T37/><D37/><AGARI ba="1,1" hai="14,16,21,37,38,44,48,55" m="54767,48137" machi="37" ten="30,3900,0" yaku="18,1,52,1,54,1" doraHai="43" who="1" fromWho="0" sc="164,-42,433,52,336,0,57,0" /><INIT seed="4,0,0,4,3,4" ten="122,485,336,57" oya="0" hai0="58,57,37,75,116,62,63,44,11,135,82,3,53" hai1="18,8,52,40,77,85,32,69,114,90,98,96,68" hai2="105,115,20,9,45,101,74,48,108,107,120,80,46" hai3="27,97,131,91,121,109,117,12,65,6,31,22,130"/><T16/><D135/><U25/><E40/><V39/><F108/><W36/><G109/><T76/><D116/><U64/><E77/><V127/><F120/><W84/><G117/><T81/><D81/><U59/><E69/><V113/><F127/><W86/><G121/><T56/><D37/><U103/><E64/><V1/><F20/><W7/><G36/><T42/><D42/><U66/><E66/><V10/><F1/><W73/><G73/><T2/><D2/><U14/><E68/><V34/><F34/><W55/><G65/><T13/><REACH who="0" step="1"/><D3/><REACH who="0" ten="112,485,336,57" step="2"/><U129/><E129/><V71/><F80/><W21/><G131/><T124/><D124/><U87/><E114/><V92/><F113/><W49/><G130/><T134/><D134/><U125/><E125/><V112/><F112/><W70/><G70/><T50/><AGARI ba="0,1" hai="11,13,16,44,50,53,56,57,58,62,63,75,76,82" machi="50" ten="30,12000,1" yaku="1,1,0,1,52,1,54,1,53,1" doraHai="4" doraHaiUra="72" who="0" fromWho="0" sc="112,130,485,-40,336,-40,57,-40" /><INIT seed="4,1,0,0,4,103" ten="242,445,296,17" oya="0" hai0="133,28,44,51,129,4,94,119,2,71,14,57,9" hai1="23,82,56,121,68,110,17,135,107,101,125,99,127" hai2="117,29,80,46,22,118,15,35,132,52,87,33,92" hai3="65,83,126,81,113,96,16,116,84,104,1,100,37"/><T111/><D71/><U26/><E110/><V78/><F132/><W76/><G37/><T58/><D119/><N who="2" m="45578" /><F92/><W91/><G1/><T62/><D133/><U66/><E135/><V53/><F46/><W6/><G6/><T108/><D129/><U106/><E121/><V45/><F15/><W67/><G116/><T63/><D28/><U70/><E82/><V27/><F45/><W36/><G36/><T3/><D94/><U109/><E109/><N who="0" m="42057" /><D58/><U12/><E107/><V88/><F78/><W114/><G126/><N who="1" m="48138" /><E26/><V34/><AGARI ba="1,0" hai="22,27,29,33,34,35,52,53,80,87,88" m="45578" machi="34" ten="40,5200,0" yaku="12,1,54,2" doraHai="103" who="2" fromWho="2" sc="242,-27,445,-14,296,55,17,-14" /><INIT seed="5,0,0,2,1,77" ten="215,431,351,3" oya="1" hai0="59,91,25,135,118,61,117,13,74,106,107,132,81" hai1="17,20,64,110,5,52,73,78,90,34,113,67,104" hai2="42,50,3,27,123,30,45,85,7,28,89,4,114" hai3="6,68,63,24,116,82,14,10,125,35,134,39,119"/><U128/><E104/><N who="0" m="39977" /><D13/><U101/><E101/><V21/><F123/><W105/><G39/><T75/><D25/><U121/><E121/><V76/><F114/><W55/><G105/><T127/><D59/><U0/><E113/><V33/><F76/><W48/><G125/><T84/><D61/><U58/><E34/><V95/><F3/><W97/><G134/><N who="0" m="51243" /><D127/><U120/><E128/><V86/><F33/><W130/><G130/><T56/><D56/><U8/><E120/><V72/><F72/><AGARI ba="0,0" hai="72,74,75,81,84,91,117,118" m="51243,39977" machi="72" ten="40,8000,1" yaku="20,1,34,2,52,1" doraHai="77" who="0" fromWho="2" sc="215,80,431,0,351,-80,3,0" /><INIT seed="6,0,0,1,1,12" ten="295,431,271,3" oya="2" hai0="129,77,125,117,23,44,61,5,95,13,59,46,102" hai1="112,53,14,100,110,101,10,121,113,2,21,75,7" hai2="115,32,84,55,134,29,6,130,0,69,124,41,37" hai3="73,91,36,97,49,15,19,90,126,1,9,47,3"/><V22/><F115/><N who="1" m="44105" /><E110/><V118/><F118/><W93/><G36/><T4/><D125/><U94/><E75/><V81/><F124/><W82/><G126/><T87/><D129/><U67/><E67/><V89/><F130/><W122/><G122/><T16/><D117/><U63/><E121/><V30/><F69/><W128/><G128/><T57/><D57/><N who="1" m="35247" /><E94/><V54/><F134/><W66/><G66/><N who="0" m="39231" /><D102/><N who="1" m="39531" /><E21/><V123/><F123/><W50/><G50/><T20/><D20/><U68/><E68/><V106/><F106/><W33/><G33/><T60/><D60/><U133/><E133/><V18/><F32/><W109/><G109/><T72/><D72/><U39/><E39/><V25/><F30/><W74/><G74/><T78/><D95/><U17/><E17/><V26/><F26/><W27/><G27/><T64/><D64/><U52/><E52/><V96/><F96/><W116/><G116/><T48/><D87/><U11/><E11/><V31/><F31/><W127/><G127/><T65/><D65/><U76/><E76/><N who="0" m="29289" /><D46/><U103/><E103/><V92/><F29/><W88/><G73/><T98/><D98/><U85/><E85/><V111/><F111/><W119/><G119/><T24/><D24/><U70/><E70/><V105/><F105/><W83/><G1/><AGARI ba="0,0" hai="1,2,7,10,14" m="39531,35247,44105" machi="1" ten="30,1000,0" yaku="15,1" doraHai="12" who="1" fromWho="3" sc="295,0,431,10,271,0,3,-10" owari="295,9.5,441,54.1,271,-12.9,-7,-50.7" /></mjloggm>