<mjloggm ver="2.3"><GO type="169" lobby="0"/><UN n0="%63%61%72%6C%6F%73%6E" n1="%E3%83%94%E3%83%B3%E3%82%B5%E3%83%AD%E5%BA%97%E5%93%A1" n2="%E6%B8%85%E9%A2%A8%E5%8C%97" n3="%74%73%75%6B%69%31" dan="17,17,16,16" rate="2219.09,2260.14,2160.21,2189.87" sx="M,M,F,M"/><TAIKYOKU oya="0"/><INIT seed="0,0,0,0,3,26" ten="250,250,250,250" oya="0" hai0="129,30,34,32,22,65,84,101,52,95,69,44,107" hai1="45,100,47,81,61,49,135,11,10,24,58,51,79" hai2="110,114,120,77,98,116,13,41,102,92,134,73,27" hai3="90,60,37,109,74,63,48,121,76,20,83,66,78"/><T42/><D129/><U43/><E135/><V80/><F114/><W86/><G37/><T124/><D107/><U6/><E100/><V39/><F120/><W1/><G1/><T112/><D112/><U25/><E58/><V23/><F134/><W97/><G109/><T3/><D3/><U16/><E61/><V56/><F110/><W8/><G121/><T59/><D124/><U53/><E11/><V118/><F13/><W113/><G8/><T35/><D69/><U75/><REACH who="1" step="1"/><E16/><REACH who="1" ten="250,240,250,250" step="2"/><V127/><F56/><W46/><G113/><T64/><D101/><U104/><E104/><V57/><F57/><W28/><G60/><T122/><D122/><U9/><E9/><V14/><F127/><W62/><G63/><T19/><D19/><U55/><E55/><V17/><F14/><AGARI ba="0,1" hai="6,10,14,24,25,43,45,47,49,51,53,75,79,81" machi="14" ten="30,2000,0" yaku="1,1,7,1,53,0" doraHai="26" doraHaiUra="85" who="1" fromWho="2" sc="250,0,240,30,250,-20,250,0" /><INIT seed="1,0,0,4,3,4" ten="250,270,230,250" oya="1" hai0="24,43,16,72,5,47,20,113,2,68,3,58,88" hai1="0,10,81,106,70,85,78,51,107,42,39,49,132" hai2="26,119,121,65,15,110,79,23,67,32,69,133,50" hai3="48,22,96,57,112,19,87,76,90,117,122,12,95"/><U53/><E70/><V46/><F121/><W80/><G122/><T102/><D113/><U125/><E132/><V8/><F119/><W127/><G112/><T130/><D68/><U21/><E125/><V13/><F32/><W97/><G127/><T128/><D72/><U116/><E116/><V126/><F126/><W55/><REACH who="3" step="1"/><G117/><REACH who="3" ten="250,270,230,240" step="2"/><T82/><D130/><U14/><E107/><V105/><F105/><W38/><G38/><T124/><D128/><U41/><E106/><V120/><F120/><W9/><G9/><T34/><D124/><U63/><E39/><V64/><F133/><W7/><G7/><T94/><D5/><N who="1" m="3407" /><E0/><V93/><F8/><W99/><AGARI ba="0,1" hai="12,19,22,48,55,57,76,80,87,90,95,96,97,99" machi="99" ten="20,5200,0" yaku="1,1,0,1,7,1,8,1,53,0" doraHai="4" doraHaiUra="135" who="3" fromWho="3" sc="250,-13,270,-26,230,-13,240,62" /><INIT seed="2,0,0,3,0,53" ten="237,244,217,302" oya="2" hai0="66,15,127,73,60,18,109,84,104,69,42,80,47" hai1="67,132,6,2,106,48,11,102,107,121,36,98,51" hai2="38,41,23,52,75,49,124,125,133,7,114,24,131" hai3="33,70,86,100,90,74,61,88,89,22,58,97,103"/><V81/><F114/><W91/><G33/><T120/><D120/><U87/><E36/><V62/><F131/><W56/><G74/><T105/><D73/><U1/><E121/><V32/><F32/><W82/><G70/><T59/><D69/><U93/><E132/><V65/><F133/><W35/><G35/><T123/><D109/><U112/><E112/><V122/><F122/><W117/><G117/><T83/><D127/><N who="2" m="48714" /><F7/><W28/><G61/><T20/><D123/><U72/><E72/><V9/><F9/><W63/><G63/><T29/><D29/><U95/><E2/><V115/><F115/><W85/><G85/><T79/><REACH who="0" step="1"/><D83/><REACH who="0" ten="227,244,217,302" step="2"/><U68/><E68/><V55/><F81/><W64/><G64/><T17/><D17/><U113/><E67/><V19/><F75/><W134/><G134/><T12/><D12/><U3/><E3/><V26/><F26/><N who="3" m="16471" /><G97/><T30/><D30/><U111/><E113/><V44/><F38/><AGARI ba="0,1" hai="15,18,20,38,42,47,59,60,66,79,80,84,104,105" machi="38" ten="30,3900,0" yaku="1,1,7,1,52,1,53,0" doraHai="53" doraHaiUra="31" who="0" fromWho="2" sc="227,49,244,0,217,-39,302,0" /><INIT seed="3,0,0,4,2,98" ten="276,244,178,302" oya="3" hai0="101,87,61,38,45,104,22,34,16,52,99,31,73" hai1="81,29,54,126,65,13,72,44,74,115,131,93,133" hai2="90,69,80,55,43,17,68,50,86,7,114,120,132" hai3="76,95,129,112,96,40,26,0,123,128,28,111,100"/><W78/><G123/><T30/><D73/><U23/><E115/><V91/><F114/><W35/><G112/><T11/><D34/><U56/><E131/><N who="3" m="50250" /><G0/><T70/><D11/><U64/><E133/><V71/><F132/><W51/><G111/><T67/><D87/><U82/><E126/><V116/><F116/><W63/><G63/><T125/><D125/><U122/><E122/><V75/><F120/><W39/><G39/><T3/><D3/><U48/><E74/><V9/><F75/><W57/><G57/><T47/><D47/><AGARI ba="0,0" hai="26,28,35,40,47,51,76,78,95,96,100" m="50250" machi="47" ten="30,2900,0" yaku="19,1,52,1" doraHai="98" who="3" fromWho="0" sc="276,-29,244,0,178,0,302,29" /><INIT seed="3,1,0,2,5,33" ten="247,244,178,331" oya="3" hai0="73,59,114,8,56,128,14,20,4,85,79,11,48" hai1="129,120,97,77,86,12,19,133,71,76,81,110,130" hai2="0,125,1,51,118,44,22,75,49,101,42,58,15" hai3="63,122,119,104,123,60,89,82,74,108,93,103,45"/><W27/><G119/><T7/><D73/><U32/><E71/><V124/><F118/><W68/><G108/><T5/><D128/><N who="1" m="49259" /><E32/><V52/><F75/><W84/><G27/><T24/><D114/><U100/><E19/><N who="2" m="10623" /><F101/><W111/><G111/><T53/><D59/><U30/><E12/><V115/><F115/><W126/><G126/><AGARI ba="1,0" hai="0,1,42,44,49,51,52,58,124,125,126" m="10623" machi="126" ten="30,7700,0" yaku="18,1,52,2,54,1" doraHai="33" who="2" fromWho="3" sc="247,0,244,0,178,80,331,-80" /><INIT seed="4,0,0,3,2,34" ten="247,244,258,251" oya="0" hai0="65,107,18,128,126,98,41,42,70,56,9,127,119" hai1="106,10,2,43,69,46,123,25,50,14,66,113,61" hai2="49,86,72,8,114,31,85,44,36,76,20,39,7" hai3="73,82,81,57,4,94,99,97,28,51,87,125,130"/><T108/><D119/><U64/><E123/><V117/><F117/><W37/><G37/><T91/><D70/><U77/><E106/><V38/><F114/><W96/><G130/><T122/><D122/><U1/><E113/><V26/><F72/><W58/><G125/><N who="0" m="47627" /><D128/><U0/><E66/><V100/><F100/><W47/><G28/><T68/><D68/><U60/><E60/><V62/><F62/><W129/><G129/><T74/><D74/><U104/><E104/><V54/><REACH who="2" step="1"/><F76/><REACH who="2" ten="247,244,248,251" step="2"/><W21/><G73/><T120/><D120/><U67/><E67/><V33/><F33/><W101/><G101/><N who="0" m="62903" /><D108/><U45/><E77/><V63/><F63/><W110/><G110/><T6/><D91/><U32/><E32/><V79/><F79/><W121/><G121/><T131/><D131/><U84/><E61/><V35/><F35/><W55/><G4/><T40/><D65/><U53/><E64/><V93/><F93/><W80/><G94/><T23/><D6/><U95/><E69/><V92/><F92/><W24/><G87/><T78/><D78/><U48/><E95/><V102/><F102/><W134/><G134/><T15/><D56/><U118/><E84/><V75/><F75/><W3/><G58/><T16/><D41/><U89/><E118/><V133/><F133/><W135/><G57/><T59/><D59/><U103/><E103/><V88/><F88/><W11/><G135/><T116/><D116/><U112/><E89/><V13/><AGARI ba="0,1" hai="7,8,13,20,26,31,36,38,39,44,49,54,85,86" machi="13" ten="30,2000,0" yaku="1,1,0,1,53,0" doraHai="34" doraHaiUra="132" who="2" fromWho="2" sc="247,-10,244,-5,248,30,251,-5" /><INIT seed="5,0,0,5,1,49" ten="237,239,278,246" oya="1" hai0="44,33,3,92,78,28,16,129,133,109,24,121,11" hai1="125,79,111,72,119,15,34,60,59,95,85,123,5" hai2="40,61,108,52,84,53,115,126,21,75,135,62,31" hai3="124,112,19,131,26,64,99,101,76,103,29,47,9"/><U74/><E119/><V89/><F75/><W39/><G112/><T35/><D109/><U80/><E123/><V63/><F108/><W107/><G131/><T65/><D129/><U54/><E111/><V86/><F115/><W98/><G64/><T57/><D133/><U118/><E118/><V104/><F104/><W68/><G68/><T127/><D121/><U120/><E120/><V90/><F126/><W18/><G76/><T45/><D127/><U82/><E125/><V37/><F135/><W13/><G39/><T70/><D70/><U27/><E95/><N who="2" m="54695" /><F40/><W81/><G81/><T128/><D33/><U8/><REACH who="1" step="1"/><E82/><REACH who="1" ten="237,229,278,246" step="2"/><N who="2" m="49495" /><F37/><W106/><G124/><T67/><D92/><U17/><E17/><V41/><F41/><W42/><G19/><T6/><D16/><U97/><E97/><V113/><F113/><W116/><G116/><T69/><D128/><U134/><E134/><V25/><AGARI ba="0,1" hai="21,25,31,52,53,61,62,63" m="49495,54695" machi="25" ten="30,7900,0" yaku="8,1,52,2,54,1" doraHai="49" who="2" fromWho="2" sc="237,-20,229,-39,278,89,246,-20" /><INIT seed="6,0,0,1,3,1" ten="217,190,367,226" oya="2" hai0="67,23,66,112,113,107,9,44,13,87,91,104,18" hai1="129,116,65,33,42,130,62,134,11,94,71,60,46" hai2="88,45,128,85,12,123,16,10,82,50,26,84,90" hai3="2,52,75,135,29,83,102,14,63,17,73,106,21"/><V51/><F123/><W34/><G135/><T133/><D133/><U96/><E116/><V32/><F128/><W68/><G2/><T39/><D67/><U0/><E33/><V19/><F32/><W53/><G75/><T61/><D23/><U79/><E134/><V41/><F50/><W6/><G83/><T117/><D117/><U56/><E79/><V59/><F59/><W27/><G73/><T72/><D72/><U108/><E108/><V4/><F26/><W8/><G68/><T64/><D44/><U55/><E11/><V114/><F114/><N who="0" m="44138" /><D39/><U93/><E0/><V100/><F100/><W101/><G63/><T35/><D35/><U81/><E81/><AGARI ba="0,0" hai="4,10,12,16,19,41,45,51,81,82,84,85,88,90" machi="81" ten="30,18000,2" yaku="7,1,9,1,8,1,52,1,54,2" doraHai="1" who="2" fromWho="1" sc="217,0,190,-180,367,180,226,0" /><INIT seed="6,1,0,1,0,46" ten="217,10,547,226" oya="2" hai0="102,20,128,4,13,19,2,44,81,5,108,88,9" hai1="90,112,135,130,87,24,93,51,123,98,36,101,38" hai2="69,86,62,115,30,119,68,92,40,28,122,85,76" hai3="1,21,100,129,54,82,132,97,66,110,56,32,27"/><V33/><F122/><W8/><G110/><T57/><D108/><U35/><E112/><V12/><F119/><W117/><G117/><T127/><D128/><U7/><E130/><V84/><F115/><W75/><G129/><T124/><D102/><U111/><E135/><V109/><F109/><W61/><G32/><T78/><D5/><U29/><E111/><V118/><F118/><W105/><G132/><T114/><D114/><U55/><E7/><V107/><F107/><W104/><G1/><T53/><D44/><U23/><E35/><V6/><F33/><W67/><G8/><T58/><D88/><U96/><E123/><V60/><F92/><W17/><REACH who="3" step="1"/><G105/><REACH who="3" ten="217,10,547,216" step="2"/><T131/><D131/><U39/><REACH who="1" step="1"/><E101/><REACH who="1" ten="217,0,547,216" step="2"/><V134/><F134/><W83/><G83/><T94/><D81/><U15/><E15/><V41/><F76/><AGARI ba="1,2" hai="17,21,27,54,56,61,66,67,75,76,82,97,100,104" machi="76" ten="40,1300,0" yaku="1,1,53,0" doraHai="46" doraHaiUra="3" who="3" fromWho="2" sc="217,0,0,0,547,-16,216,36" /><INIT seed="7,0,0,2,1,36" ten="217,0,531,252" oya="3" hai0="88,105,91,111,76,39,11,65,108,4,34,116,81" hai1="73,56,89,57,26,74,107,78,9,100,41,103,93" hai2="43,102,2,127,82,80,85,97,75,124,63,72,42" hai3="67,20,117,112,66,24,8,22,121,132,71,47,122"/><W130/><G117/><T118/><D34/><U119/><E9/><V84/><F63/><W53/><G112/><T94/><D65/><U87/><E26/><V7/><F7/><W49/><G132/><T55/><D39/><U109/><E57/><V59/><F59/><W126/><G126/><N who="2" m="48169" /><F2/><W52/><G130/><T46/><D105/><U50/><E56/><V25/><F25/><W1/><G53/><T17/><D17/><U101/><E50/><V23/><F23/><W95/><G22/><T32/><D32/><U19/><E19/><V79/><F43/><W92/><G122/><T96/><D91/><U131/><E41/><V64/><F42/><W21/><G121/><T45/><D118/><U106/><E119/><V113/><F64/><N who="3" m="24619" /><G1/><T31/><D31/><U48/><E48/><V115/><F115/><W12/><G71/><T29/><D29/><U14/><E14/><V18/><F113/><W90/><G24/><T28/><D28/><U104/><E109/><V0/><F0/><W133/><G133/><T3/><D116/><U13/><E13/><V6/><F6/><N who="3" m="3095" /><G95/><T114/><D114/><U61/><E61/><V98/><F18/><W37/><G37/><T33/><D33/><U51/><E51/><V40/><F40/><W10/><G10/><T38/><D38/><U60/><E60/><V135/><F135/><W120/><G120/><T99/><D55/><U5/><E5/><V44/><F75/><N who="1" m="28681" /><E131/><V86/><F72/><W123/><G123/><T30/><D30/><U125/><E125/><V77/><F44/><W58/><G47/><T16/><D46/><RYUUKYOKU ba="0,0" sc="217,-15,0,15,531,-15,252,15" hai1="78,87,89,93,100,101,103,104,106,107" hai3="20,21,49,52,58,90,92" /><INIT seed="7,1,0,1,5,108" ten="202,15,516,267" oya="3" hai0="40,70,52,110,79,73,44,89,13,48,132,127,106" hai1="125,118,91,59,5,124,65,11,81,86,41,16,64" hai2="87,22,95,3,7,114,103,51,123,20,99,28,60" hai3="122,0,1,111,42,128,4,97,15,88,17,55,117"/><W116/><G122/><T104/><D110/><U100/><E118/><V69/><F123/><W45/><G111/><T34/><D70/><U49/><E125/><V56/><F69/><W14/><G128/><T101/><D34/><U46/><E124/><V38/><F38/><W61/><G0/><T8/><D127/><U83/><E100/><V121/><F121/><W105/><G105/><T80/><D132/><U2/><E2/><V119/><F3/><W47/><G1/><T35/><D35/><U9/><E5/><V74/><F74/><W72/><G72/><T30/><D30/><U71/><E71/><V18/><F7/><W66/><G66/><T68/><D68/><U94/><E9/><V109/><F109/><W75/><G75/><T6/><D101/><U24/><E59/><V39/><F39/><W131/><G131/><T36/><REACH who="0" step="1"/><D89/><REACH who="0" ten="192,15,516,267" step="2"/><U134/><E134/><V31/><F119/><W92/><G117/><T115/><D115/><U19/><E19/><V10/><F114/><W96/><G116/><T12/><D12/><U93/><E83/><V27/><F51/><W98/><G15/><T43/><D43/><U85/><E94/><V120/><F87/><W126/><G126/><T33/><D33/><U112/><E112/><V113/><F113/><W107/><G42/><T29/><D29/><U129/><E129/><V102/><F120/><W53/><G14/><T130/><D130/><U63/><E11/><V37/><F10/><W84/><G17/><T50/><D50/><U82/><E63/><V23/><F18/><W57/><G61/><T78/><D78/><RYUUKYOKU ba="1,1" sc="192,30,15,-10,516,-10,267,-10" hai0="6,8,13,36,40,44,48,52,73,79,80,104,106" owari="222,-17.8,5,-49.5,516,61.6,257,5.7" /></mjloggm>