<mjloggm ver="2.3"><GO type="169" lobby="0"/><UN n0="%E9%BB%92%E6%B2%A2%E7%BE%A9%E6%98%8E" n1="%E6%95%97%E5%8C%97%E8%80%85%E3%81%AD%E3%82%8B" n2="%E3%83%91%E3%83%BC%E3%83%A9%E3%83%A1%E3%83%B3%E3%83%88" n3="%E3%82%AB%E3%83%AB%E3%83%94%E3%82%B9%E3%82%B5%E3%83%AF%E3%83%BC" dan="17,17,16,17" rate="2203.56,2180.49,2199.40,2224.63" sx="M,F,M,M"/><TAIKYOKU oya="0"/><INIT seed="0,0,0,4,0,13" ten="250,250,250,250" oya="0" hai0="93,94,58,19,113,87,92,40,121,0,71,86,72" hai1="95,78,99,107,123,132,83,8,38,62,75,10,131" hai2="118,67,37,64,134,82,41,14,60,61,105,57,100" hai3="43,6,25,125,1,65,122,108,120,29,52,15,2"/><T11/><D113/><U135/><E123/><N who="3" m="47146" /><G43/><T49/><D121/><U104/><E38/><V17/><F118/><W32/><G65/><T12/><D72/><U81/><E62/><V69/><F134/><N who="1" m="51241" /><E10/><V33/><F33/><W22/><G52/><N who="0" m="32015" /><D71/><U73/><E8/><V84/><F100/><W76/><G76/><T50/><D0/><N who="3" m="105" /><G108/><T79/><D79/><N who="1" m="44271" /><E131/><V97/><F105/><W103/><G103/><AGARI ba="0,0" hai="75,78,83,95,99,103,104,107" m="44271,51241" machi="103" ten="30,3900,0" yaku="20,1,34,2" doraHai="13" who="1" fromWho="3" sc="250,0,250,39,250,0,250,-39" /><INIT seed="1,0,0,3,3,72" ten="250,289,250,211" oya="1" hai0="68,76,85,55,99,129,27,24,52,112,90,60,134" hai1="70,132,91,114,130,102,22,107,121,9,118,78,38" hai2="16,101,83,69,96,67,111,110,59,119,74,127,48" hai3="100,103,17,42,105,120,71,108,81,36,19,6,94"/><U88/><E114/><V84/><F119/><W51/><G120/><T122/><D112/><U35/><E118/><V5/><F74/><W131/><G71/><T31/><D122/><U57/><E35/><V135/><F5/><W106/><G36/><T133/><D129/><U77/><E70/><V80/><F135/><N who="0" m="51722" /><D99/><U40/><E132/><V10/><F69/><W66/><G66/><N who="0" m="41031" /><D76/><U87/><E121/><V20/><F10/><W47/><G108/><N who="2" m="41513" /><F127/><W117/><G117/><T32/><D24/><U3/><E130/><V28/><F28/><W58/><G131/><T104/><D104/><U79/><E102/><V126/><F126/><W33/><G33/><T115/><D115/><U45/><E107/><N who="2" m="63911" /><F84/><W8/><G105/><T50/><D50/><U124/><E124/><V93/><F93/><AGARI ba="0,0" hai="27,31,32,52,55,85,90,93" m="41031,51722" machi="93" ten="30,2000,0" yaku="20,1,54,1" doraHai="72" who="0" fromWho="2" sc="250,20,289,0,250,-20,211,0" /><INIT seed="2,0,0,2,3,1" ten="270,289,230,211" oya="2" hai0="122,17,37,80,4,53,92,19,74,131,129,65,101" hai1="58,114,33,111,117,73,123,119,9,89,78,104,21" hai2="23,60,118,116,106,14,5,63,110,44,10,61,88" hai3="76,29,38,67,59,43,64,6,130,97,81,77,56"/><V35/><F35/><W27/><G130/><N who="0" m="49675" /><D122/><U133/><E33/><V41/><F106/><W84/><G76/><N who="0" m="44055" /><D37/><U26/><E123/><V28/><F110/><W30/><G38/><T102/><D65/><U82/><E114/><V98/><F28/><W66/><G43/><T107/><D107/><U7/><E104/><V115/><F23/><W103/><G6/><T49/><D4/><U99/><E111/><V87/><F98/><W108/><G108/><T22/><D92/><U109/><E109/><V0/><F0/><W135/><G135/><T127/><D127/><U93/><E58/><N who="3" m="22058" /><G27/><N who="0" m="14799" /><D19/><U91/><E133/><V95/><REACH who="2" step="1"/><F115/><REACH who="2" ten="270,289,220,211" step="2"/><W32/><G32/><T40/><D40/><U62/><E119/><V34/><F34/><W79/><G29/><T36/><D36/><AGARI ba="0,1" hai="5,10,14,36,41,44,60,61,63,87,88,95,116,118" machi="36" ten="40,12000,1" yaku="1,1,52,1,54,1,53,1" doraHai="1" doraHaiUra="85" who="2" fromWho="0" sc="270,-120,289,0,220,130,211,0" /><INIT seed="2,1,0,1,5,45" ten="150,289,350,211" oya="2" hai0="67,119,51,28,52,129,24,132,89,49,33,74,54" hai1="18,23,17,84,1,9,8,69,128,97,131,114,32" hai2="71,125,26,87,34,126,68,38,44,104,133,113,56" hai3="135,75,92,65,73,59,27,90,121,120,94,117,60"/><V105/><F113/><W123/><G117/><T62/><D74/><U3/><E69/><N who="2" m="26699" /><F87/><W109/><G109/><T88/><D119/><U118/><E97/><V91/><F91/><W19/><G135/><T110/><D110/><U53/><E84/><V25/><F56/><W79/><G79/><T13/><D132/><U63/><E53/><V22/><F133/><W76/><G76/><T30/><D129/><N who="1" m="49739" /><E63/><V37/><F44/><W6/><G6/><T111/><D111/><U0/><E118/><V100/><F100/><W2/><G2/><T85/><D13/><N who="1" m="9647" /><E114/><V46/><F46/><W78/><G78/><T93/><D30/><U77/><E77/><V72/><F22/><W35/><G90/><T134/><D134/><U70/><E70/><V66/><F66/><W57/><G57/><T101/><D101/><U124/><E124/><N who="2" m="47723" /><F34/><W42/><G35/><T95/><D67/><U96/><E96/><V5/><F5/><W11/><G65/><T108/><D108/><U4/><E32/><V14/><F14/><AGARI ba="1,0" hai="0,1,3,4,8,9,14,18" m="9647,49739" machi="14" ten="30,3900,0" yaku="19,1,34,2" doraHai="45" who="1" fromWho="2" sc="150,0,289,42,350,-42,211,0" /><INIT seed="3,0,0,1,1,91" ten="150,331,308,211" oya="3" hai0="65,117,17,14,63,99,4,72,135,86,90,46,85" hai1="31,49,29,64,87,116,119,129,60,53,33,76,9" hai2="134,94,52,16,124,51,26,57,77,79,25,3,34" hai3="107,125,110,23,70,50,55,126,7,108,101,102,27"/><W88/><G70/><T43/><D117/><N who="1" m="45131" /><E129/><V58/><F3/><W69/><G69/><T112/><D72/><U61/><E33/><V42/><F124/><N who="3" m="47723" /><G7/><T80/><D135/><U113/><E113/><V19/><F134/><W54/><G88/><T100/><D112/><U2/><E2/><V21/><F42/><W105/><G23/><T132/><D4/><U20/><E9/><V8/><F94/><W44/><G27/><T121/><D121/><U133/><E133/><V97/><F97/><W68/><G68/><T11/><D86/><U118/><E118/><V37/><F37/><W10/><G54/><T1/><D1/><U56/><E60/><V74/><F74/><W130/><G10/><T104/><D132/><U38/><E38/><V82/><F82/><W131/><G102/><T114/><D114/><U67/><E67/><V103/><F103/><W120/><G120/><T75/><D75/><U30/><E20/><N who="2" m="13447" /><F34/><W32/><G32/><T93/><D65/><U6/><E6/><V39/><F39/><W83/><G83/><T111/><D80/><N who="1" m="47495" /><E29/><N who="2" m="17615" /><F58/><AGARI ba="0,0" hai="30,31,49,53,56,58,61,64" m="47495,45131" machi="58" ten="30,1000,0" yaku="12,1" doraHai="91" who="1" fromWho="2" sc="150,0,331,10,308,-10,211,0" /><INIT seed="4,0,0,3,2,91" ten="150,341,298,211" oya="0" hai0="132,52,32,5,123,120,35,37,39,110,17,22,55" hai1="3,77,97,28,67,82,57,78,34,29,7,90,81" hai2="60,102,63,131,75,76,69,86,101,106,65,19,99" hai3="114,134,100,1,125,54,51,98,27,11,16,42,129"/><T38/><D5/><U58/><E3/><V116/><F131/><W72/><G72/><T70/><D70/><U121/><E7/><V80/><F116/><W6/><G129/><T133/><D22/><U23/><E34/><N who="0" m="12841" /><D17/><U59/><E67/><V83/><F63/><W13/><G114/><T14/><D14/><U107/><E121/><N who="0" m="46665" /><D110/><U33/><E107/><V25/><F102/><W71/><G71/><T53/><AGARI ba="0,0" hai="37,38,39,52,53,55,132,133" m="46665,12841" machi="53" ten="50,9600,0" yaku="28,2,54,1" doraHai="91" who="0" fromWho="0" sc="150,96,341,-32,298,-32,211,-32" /><INIT seed="4,1,0,3,3,77" ten="246,309,266,179" oya="0" hai0="48,69,120,46,121,64,13,89,31,99,53,51,78" hai1="39,3,6,54,122,100,104,61,68,123,119,79,57" hai2="1,75,8,135,82,102,130,37,24,108,66,118,33" hai3="107,87,109,91,28,112,26,84,12,27,117,72,36"/><T43/><D31/><U18/><E119/><V129/><F66/><W22/><G109/><T97/><D78/><U21/><E39/><V74/><F37/><W110/><G110/><T55/><D13/><U124/><E68/><V86/><F108/><W29/><G117/><T20/><D20/><U134/><E124/><V92/><F118/><W81/><G112/><T30/><D30/><U9/><E134/><V50/><F33/><W60/><G72/><T0/><D0/><U63/><E100/><V116/><F24/><W126/><G126/><T4/><D4/><U15/><E104/><V98/><F116/><W73/><G73/><T2/><D2/><U70/><E70/><V96/><F135/><W56/><G107/><T131/><D131/><N who="2" m="50186" /><F50/><W83/><G12/><T10/><D10/><U85/><REACH who="1" step="1"/><E63/><REACH who="1" ten="246,299,266,179" step="2"/><V106/><F1/><W88/><G36/><T59/><D121/><U127/><E127/><V62/><F62/><W67/><G27/><T94/><D120/><U95/><E95/><V45/><F106/><W11/><G11/><T103/><D69/><U23/><E23/><V19/><F8/><W44/><G44/><T41/><REACH who="0" step="1"/><D64/><REACH who="0" ten="236,299,266,179" step="2"/><U114/><E114/><V71/><F71/><W42/><G28/><T32/><D32/><U7/><E7/><V65/><F65/><W90/><REACH who="3" step="1"/><G42/><REACH who="3" ten="236,299,266,169" step="2"/><T40/><D40/><U52/><E52/><V35/><F35/><W25/><G25/><T47/><D47/><U16/><E16/><V49/><F19/><W105/><G105/><AGARI ba="1,3" hai="41,43,46,48,51,53,55,59,89,94,97,99,103,105" machi="105" ten="30,2900,0" yaku="1,1,7,1,53,0" doraHai="77" doraHaiUra="111" who="0" fromWho="3" sc="236,62,299,0,266,0,169,-32" /><INIT seed="4,2,0,4,3,99" ten="298,299,266,137" oya="0" hai0="35,82,17,101,62,30,111,120,102,122,70,58,26" hai1="19,75,16,4,129,87,112,38,90,28,14,109,0" hai2="97,12,125,68,104,95,93,47,59,126,11,98,119" hai3="22,106,37,73,32,132,92,52,31,2,23,29,131"/><T110/><D70/><U78/><E109/><N who="0" m="41481" /><D17/><U9/><E38/><V6/><F68/><W54/><G106/><T77/><D122/><U57/><E129/><V61/><F119/><W85/><G73/><N who="0" m="43311" /><D120/><U7/><E28/><V76/><F76/><W128/><G132/><T63/><D63/><U49/><E78/><V107/><F47/><W105/><G105/><T55/><AGARI ba="2,0" hai="26,30,35,55,58,62,101,102" m="43311,41481" machi="55" ten="30,6000,0" yaku="10,1,52,2" doraHai="99" who="0" fromWho="0" sc="298,66,299,-22,266,-22,137,-22" /><INIT seed="4,3,0,1,4,93" ten="364,277,244,115" oya="0" hai0="50,91,33,128,120,22,112,21,12,8,99,133,3" hai1="89,71,64,96,94,9,68,129,43,51,31,1,34" hai2="53,87,19,57,72,10,135,4,83,126,123,66,42" hai3="90,79,124,23,61,0,13,15,41,30,59,39,46"/><T97/><D120/><U131/><E31/><V117/><F123/><W11/><G124/><T85/><D33/><U106/><E34/><V69/><F72/><W55/><G79/><T32/><D32/><U63/><E106/><V58/><F69/><W103/><G103/><T65/><D3/><U130/><E71/><V2/><F135/><W101/><G101/><T45/><D65/><U5/><E51/><V110/><F110/><W62/><G90/><T6/><D112/><U54/><E54/><V7/><F42/><W18/><G30/><T26/><D128/><U113/><REACH who="1" step="1"/><E43/><REACH who="1" ten="364,267,244,115" step="2"/><V105/><F105/><W28/><G28/><N who="0" m="17487" /><D133/><U86/><E86/><V82/><F87/><W109/><G109/><T102/><D22/><U92/><E92/><V37/><F53/><W17/><REACH who="3" step="1"/><G0/><REACH who="3" ten="364,267,244,105" step="2"/><T16/><D102/><U60/><E60/><AGARI ba="3,2" hai="11,13,15,17,18,23,39,41,46,55,59,60,61,62" machi="60" ten="30,7700,0" yaku="1,1,2,1,7,1,53,1" doraHai="93" doraHaiUra="49" who="3" fromWho="1" sc="364,0,267,-86,244,0,105,106" /><INIT seed="5,0,0,3,1,40" ten="364,181,244,211" oya="1" hai0="62,36,120,74,96,125,53,66,91,130,111,59,61" hai1="77,94,28,95,124,60,12,2,9,108,44,87,101" hai2="47,17,20,86,64,14,6,107,43,30,126,81,7" hai3="121,88,135,31,29,82,75,55,132,1,76,34,56"/><U26/><E124/><V92/><F107/><W11/><G121/><T52/><D111/><U69/><E2/><V133/><F126/><W123/><G123/><T131/><D125/><U129/><E108/><V21/><F133/><N who="3" m="51275" /><G34/><T99/><D120/><U112/><E112/><V24/><F64/><W10/><G88/><T45/><D74/><U113/><E113/><V93/><F6/><N who="3" m="1359" /><G11/><T58/><D91/><U102/><E129/><N who="0" m="49161" /><D36/><U83/><E60/><AGARI ba="0,0" hai="29,31,55,56,60,75,76,82" m="1359,51275" machi="60" ten="30,1000,0" yaku="20,1" doraHai="40" who="3" fromWho="1" sc="364,0,181,-10,244,0,211,10" /><INIT seed="6,0,0,5,0,48" ten="364,171,244,221" oya="2" hai0="82,31,24,88,93,0,109,10,53,35,124,25,16" hai1="14,77,94,4,64,78,59,22,1,79,40,123,47" hai2="3,125,128,134,45,107,44,112,108,30,17,129,99" hai3="100,91,50,73,75,127,117,113,81,87,46,98,18"/><V71/><F71/><W131/><G117/><T118/><D109/><U96/><E123/><V115/><F3/><W37/><G37/><T133/><D118/><U119/><E1/><V76/><F30/><W92/><G131/><N who="2" m="50249" /><F108/><W121/><G121/><T72/><D124/><U86/><E119/><V74/><F17/><W6/><G127/><T67/><D67/><U12/><E86/><V89/><F125/><W33/><G33/><T126/><D126/><U42/><E4/><V102/><F44/><W106/><G6/><T61/><D133/><U49/><E40/><V38/><F38/><W90/><G18/><T68/><D68/><U54/><E64/><V43/><F43/><W2/><G2/><T11/><D82/><U116/><E116/><V9/><F45/><W95/><G113/><N who="2" m="43593" /><F9/><W20/><G20/><N who="0" m="13319" /><D72/><U132/><E22/><V111/><F111/><W19/><G19/><T26/><D26/><U5/><E132/><V130/><F130/><W103/><G73/><T8/><D0/><U23/><E23/><V110/><F110/><W63/><G75/><T57/><D8/><U39/><REACH who="1" step="1"/><E5/><REACH who="1" ten="364,161,244,221" step="2"/><V21/><F21/><W13/><G87/><T70/><D70/><U52/><E52/><V62/><F134/><W104/><G13/><T55/><D55/><U56/><E56/><V58/><F58/><W51/><G46/><T85/><D85/><U60/><E60/><V65/><F62/><W101/><G63/><T105/><D61/><U41/><E41/><V66/><F66/><W69/><G69/><T34/><D57/><U15/><E15/><V83/><F65/><RYUUKYOKU ba="0,1" sc="364,-15,161,15,244,15,221,-15" hai1="12,14,39,42,47,49,54,59,77,78,79,94,96" hai2="74,76,83,89,99,102,107" /><INIT seed="6,1,1,1,2,61" ten="349,176,259,206" oya="2" hai0="87,122,56,126,3,94,123,105,57,34,15,92,113" hai1="104,10,80,5,40,79,50,76,135,102,66,62,83" hai2="131,27,81,63,78,52,132,77,39,49,115,21,112" hai3="97,82,85,68,108,110,128,6,106,19,20,71,90"/><V11/><F39/><W103/><G128/><T124/><D3/><U8/><E135/><V125/><F132/><W100/><G6/><T2/><D2/><U22/><E102/><V72/><F131/><W114/><G100/><T96/><D34/><U130/><E104/><V133/><F133/><W99/><G99/><T73/><D73/><U44/><E130/><V43/><F125/><N who="0" m="48234" /><D113/><N who="2" m="43594" /><F78/><W93/><G114/><T88/><D15/><U16/><E5/><V4/><F63/><W33/><G33/><T65/><D105/><U53/><E40/><V70/><F70/><W89/><G71/><T0/><D0/><U28/><E28/><N who="2" m="17519" /><F43/><W23/><G68/><T127/><D127/><U7/><E7/><V51/><F52/><W45/><G45/><T74/><D74/><U91/><E91/><V18/><F18/><W37/><G37/><T84/><D84/><N who="1" m="48135" /><E79/><V9/><F9/><W14/><G23/><T35/><D35/><U24/><E83/><V116/><F116/><W109/><REACH who="3" step="1"/><G90/><REACH who="3" ten="349,176,259,196" step="2"/><N who="0" m="53343" /><D56/><AGARI ba="1,2" hai="8,10,16,22,24,44,50,53,56,62,66" m="48135" machi="56" ten="30,3900,0" yaku="8,1,52,1,54,1" doraHai="61" who="1" fromWho="0" sc="349,-42,176,62,259,0,196,0" /><INIT seed="7,0,0,1,2,28" ten="307,238,259,196" oya="3" hai0="38,51,104,54,22,70,63,60,107,111,6,81,36" hai1="105,44,78,93,121,41,64,126,29,52,87,57,27" hai2="75,8,1,89,90,4,15,110,83,127,11,80,17" hai3="82,77,95,50,13,91,53,39,112,134,66,135,132"/><W18/><G112/><T48/><D111/><U49/><E121/><V20/><F110/><W115/><G115/><T128/><D6/><U108/><E105/><V58/><F127/><W131/><G131/><T130/><D22/><N who="1" m="15607" /><E126/><V125/><F125/><W32/><G39/><T37/><D81/><N who="1" m="47543" /><E108/><V123/><F123/><W114/><G66/><N who="0" m="41287" /><D63/><N who="1" m="37999" /><E93/><V118/><F118/><W3/><G3/><T35/><D35/><U10/><E10/><V124/><F124/><W97/><G114/><T31/><D31/><U40/><AGARI ba="0,0" hai="40,41,44,49,52" m="37999,47543,15607" machi="40" ten="30,2000,0" yaku="8,1,54,1" doraHai="28" who="1" fromWho="1" sc="307,-5,238,20,259,-5,196,-10" owari="302,40.2,258,5.8,254,-14.6,186,-31.4" /></mjloggm>