<mjloggm ver="2.3"><GO type="225" lobby="0"/><UN n0="%E3%83%A9%E3%82%B9%E7%8E%87%EF%BC%93%E5%89%B2" n1="%33%74%72%65%65" n2="%E3%81%A4%E3%81%A3%E3%81%B1%E3%82%8A%E3%83%9D%E3%83%BC%E3%83%AB" n3="%E8%B5%A4%E3%81%84%E8%9B%99%31%31" dan="17,17,17,16" rate="2205.08,2157.56,2174.18,2076.91" sx="F,F,M,M"/><TAIKYOKU oya="0"/><INIT seed="0,0,0,4,4,1" ten="250,250,250,250" oya="0" hai0="45,21,102,28,122,64,109,53,25,80,66,71,38" hai1="72,108,19,27,76,94,50,70,35,34,3,60,15" hai2="2,52,58,32,82,0,65,87,92,5,39,61,79" hai3="106,12,31,113,30,110,117,97,135,85,114,16,131"/><T22/><D122/><U112/><E3/><V40/><F32/><W13/><G117/><T101/><D109/><U26/><E72/><V134/><F134/><W4/><G135/><T48/><D38/><U105/><E105/><V93/><F2/><W43/><G43/><T125/><D125/><U42/><E76/><V129/><F129/><W121/><G131/><T41/><D41/><U6/><E108/><V17/><F17/><W14/><G110/><T89/><D22/><U78/><E78/><V23/><F23/><W104/><G85/><N who="0" m="50343" /><D71/><U123/><E123/><V49/><F40/><W116/><G121/><T74/><D74/><U126/><E35/><V91/><F39/><W9/><G116/><T120/><D120/><U75/><E75/><V69/><REACH who="2" step="1"/><F79/><REACH who="2" ten="250,250,240,250" step="2"/><W20/><G114/><T8/><D8/><AGARI ba="0,1" hai="0,5,8,49,52,58,61,65,69,82,87,91,92,93" machi="8" ten="40,8000,1" yaku="1,1,2,1,52,1,54,1,53,0" doraHai="1" doraHaiUra="119" who="2" fromWho="0" sc="250,-80,250,0,240,90,250,0" /><INIT seed="1,0,0,1,1,3" ten="170,250,330,250" oya="1" hai0="94,81,109,77,103,33,119,39,85,53,28,114,98" hai1="69,113,47,76,130,121,122,38,127,7,31,101,66" hai2="99,43,100,125,71,82,19,134,34,32,87,91,56" hai3="59,2,108,35,92,67,68,90,54,135,128,44,24"/><U93/><E113/><V0/><F71/><W115/><G115/><T63/><D114/><U95/><E31/><V88/><F0/><W97/><G135/><T23/><D33/><U104/><E104/><V48/><F134/><W15/><G2/><T75/><D39/><U51/><E38/><V78/><F125/><W65/><G68/><T74/><D109/><U102/><E76/><V52/><F43/><W89/><G128/><T133/><D119/><U62/><E130/><V49/><F49/><W70/><G70/><T126/><D126/><U80/><E80/><V116/><F116/><W12/><G44/><T131/><D131/><U124/><E95/><N who="2" m="58495" /><F34/><W4/><G90/><N who="2" m="34345" /><F32/><W22/><G35/><T37/><D37/><U40/><E102/><V13/><F19/><N who="3" m="12383" /><G108/><T50/><D63/><U26/><E122/><V25/><F13/><N who="3" m="5195" /><G4/><T60/><D60/><AGARI ba="0,0" hai="54,59,60,65,67,89,92,97" m="5195,12383" machi="60" ten="30,2000,0" yaku="25,1,8,1" doraHai="3" who="3" fromWho="0" sc="170,-20,250,0,330,0,250,20" /><INIT seed="2,0,0,1,5,66" ten="150,250,330,270" oya="2" hai0="101,67,70,109,58,90,52,118,45,116,85,19,92" hai1="51,24,36,48,15,33,40,8,124,22,113,20,0" hai2="25,81,73,34,28,78,10,49,110,99,95,114,108" hai3="4,129,121,120,64,18,103,1,13,125,84,32,105"/><V41/><F114/><W97/><G129/><T16/><D109/><N who="2" m="42090" /><F10/><W53/><G32/><T3/><D3/><U38/><E124/><V35/><F35/><W77/><G125/><T87/><D101/><U7/><E113/><V127/><F127/><W14/><G1/><T63/><D45/><U42/><E36/><V37/><F37/><W79/><G64/><T17/><REACH who="0" step="1"/><D87/><REACH who="0" ten="140,250,330,270" step="2"/><U94/><E0/><V59/><F41/><W112/><G84/><T50/><AGARI ba="0,1" hai="16,17,19,50,52,58,63,67,70,85,90,92,116,118" machi="50" ten="30,12000,2" yaku="1,1,2,1,0,1,52,1,54,2,53,0" doraHai="66" doraHaiUra="29" who="0" fromWho="0" sc="140,130,250,-30,330,-60,270,-30" /><INIT seed="3,0,0,4,2,89" ten="270,220,270,240" oya="3" hai0="94,68,104,61,1,69,24,3,12,116,33,90,115" hai1="34,36,62,21,22,2,132,65,49,124,18,14,56" hai2="15,135,9,99,134,60,8,101,87,125,113,108,130" hai3="91,23,105,6,4,121,95,70,72,67,73,78,52"/><W45/><G105/><T123/><D104/><U119/><E36/><V48/><F113/><W66/><G121/><T112/><D116/><U41/><E34/><V57/><F108/><W98/><G23/><T131/><D12/><U40/><E119/><V103/><F125/><W13/><G70/><T106/><D106/><U102/><E124/><V88/><F130/><W37/><G37/><T38/><D38/><U53/><E2/><V77/><F77/><W120/><G120/><T26/><D123/><U82/><E132/><N who="2" m="50731" /><F48/><N who="3" m="28687" /><G73/><T10/><D131/><U7/><E7/><N who="3" m="2602" /><G72/><T118/><D118/><U31/><E82/><N who="2" m="49271" /><F15/><W92/><G78/><T126/><D126/><U44/><E102/><V127/><F103/><N who="3" m="60871" /><G13/><T5/><D3/><U97/><REACH who="1" step="1"/><E97/><AGARI ba="0,0" hai="66,67,91,95,97" m="60871,2602,28687" machi="97" ten="30,11600,0" yaku="8,1,52,2,54,1" doraHai="89" who="3" fromWho="1" sc="270,0,220,-116,270,0,240,116" owari="270,7.0,104,-39.6,270,-13.0,356,45.6" /></mjloggm>