<mjloggm ver="2.3"><GO type="225" lobby="0"/><UN n0="%E3%81%BD%E3%81%A1%E3%81%9F%E3%81%93%E3%82%84" n1="%E3%81%BF%E3%81%BF%E3%81%9A" n2="%E9%A6%AC%E5%BC%95%E7%81%AB%33" n3="%E5%B0%8F%E9%B3%A5%E9%81%8A%E7%B7%B4%E7%84%A1%32%31%E6%AD%B3" dan="16,17,16,16" rate="2133.54,2246.83,2146.46,2159.95" sx="M,M,M,F"/><TAIKYOKU oya="0"/><INIT seed="0,0,0,4,1,32" ten="250,250,250,250" oya="0" hai0="131,28,91,24,55,46,115,90,47,57,65,60,21" hai1="38,25,113,71,52,79,117,103,39,122,11,87,53" hai2="93,96,124,118,37,102,104,86,76,135,49,27,23" hai3="127,119,94,99,100,73,67,3,112,123,101,0,31"/><T110/><D115/><U51/><E117/><V33/><F37/><W126/><G119/><T85/><D131/><U77/><E122/><V70/><F124/><N who="3" m="47659" /><G112/><T95/><D110/><U106/><E113/><V111/><F135/><W19/><G123/><T2/><D2/><N who="3" m="553" /><G73/><T74/><D74/><U134/><E71/><V92/><F70/><W114/><G114/><T59/><REACH who="0" step="1"/><D91/><REACH who="0" ten="240,250,250,250" step="2"/><U72/><E72/><V120/><F111/><W130/><G130/><T84/><D84/><U105/><E87/><V12/><F86/><W50/><G31/><T40/><D40/><U44/><E79/><V26/><F76/><W64/><G101/><T63/><AGARI ba="0,1" hai="21,24,28,46,47,55,57,59,60,63,65,85,90,95" machi="63" ten="20,7800,0" yaku="1,1,0,1,7,1,8,1,53,0" doraHai="32" doraHaiUra="14" who="0" fromWho="0" sc="240,88,250,-26,250,-26,250,-26" /><INIT seed="0,1,0,0,0,79" ten="328,224,224,224" oya="0" hai0="102,120,27,49,128,103,93,20,38,22,13,32,7" hai1="50,121,134,34,98,119,95,8,16,87,67,48,76" hai2="59,117,118,115,105,60,80,129,109,51,101,114,58" hai3="116,86,106,40,45,19,47,42,64,126,44,4,36"/><T29/><D38/><U96/><E34/><V131/><F105/><W135/><G116/><N who="2" m="44649" /><F101/><W54/><G106/><T14/><D120/><U65/><E119/><V111/><F80/><W39/><G4/><T66/><D128/><N who="2" m="49226" /><F51/><N who="1" m="19497" /><E121/><V122/><F122/><W30/><G30/><T112/><D112/><N who="2" m="43050" /><F58/><W62/><G86/><T28/><D102/><N who="1" m="60703" /><E134/><V88/><F88/><W63/><G47/><T55/><D93/><U5/><E5/><V33/><F33/><W52/><G135/><T133/><D103/><U83/><E98/><V94/><F94/><W41/><G41/><T56/><D133/><U124/><E124/><V110/><F110/><W1/><G126/><T18/><D7/><U125/><E125/><V71/><F71/><W89/><G89/><T9/><D32/><U46/><E46/><V15/><F15/><AGARI ba="1,0" hai="8,15,16,65,67,76,83,87" m="60703,19497" machi="15" ten="30,3900,0" yaku="8,1,52,1,54,1" doraHai="79" who="1" fromWho="2" sc="328,0,224,42,224,-42,224,0" /><INIT seed="1,0,0,3,5,26" ten="328,266,182,224" oya="1" hai0="127,45,3,4,64,111,66,129,102,114,120,86,65" hai1="62,48,89,109,119,21,133,30,37,84,55,73,56" hai2="53,52,122,9,70,117,130,28,123,100,131,81,58" hai3="7,44,24,134,85,5,78,36,93,12,57,42,38"/><U103/><E119/><V74/><F117/><W1/><G38/><T6/><D114/><U14/><E37/><V82/><F70/><W20/><G134/><T61/><D111/><U125/><E73/><V0/><F100/><W106/><G106/><T110/><D110/><U113/><E113/><V59/><F74/><W34/><G34/><T16/><D129/><U83/><E109/><V99/><F9/><W71/><G71/><T10/><D6/><U46/><E133/><V18/><F18/><W13/><G1/><T96/><D127/><U39/><E39/><V67/><F99/><W126/><G126/><T41/><D86/><U2/><E2/><V79/><F0/><W31/><G57/><T80/><D80/><U135/><E135/><V87/><F87/><W97/><G7/><T132/><D120/><U27/><E125/><V47/><F47/><W35/><G5/><T107/><D16/><U124/><E124/><V33/><F33/><W101/><REACH who="3" step="1"/><G35/><REACH who="3" ten="328,266,182,214" step="2"/><T19/><D132/><U94/><E56/><V112/><F112/><W105/><G105/><T23/><D4/><U91/><E62/><V8/><F67/><W60/><G60/><T11/><D61/><U68/><E68/><V95/><F79/><W49/><G49/><N who="0" m="26799" /><D3/><U108/><E108/><V118/><F118/><W50/><G50/><T76/><D65/><U121/><E121/><V92/><REACH who="2" step="1"/><F8/><REACH who="2" ten="328,266,172,214" step="2"/><W17/><G17/><T51/><D10/><U72/><E46/><V90/><F90/><W40/><G40/><T25/><D11/><U75/><E91/><V43/><F43/><W29/><G29/><AGARI ba="0,2" hai="28,29,52,53,58,59,81,82,92,95,122,123,130,131" machi="29" ten="25,12000,2" yaku="1,1,6,1,22,2,52,2,54,1,53,0" doraHai="26" doraHaiUra="15" who="2" fromWho="3" sc="328,0,266,0,172,140,214,-120" /><INIT seed="2,0,0,4,1,114" ten="328,266,312,94" oya="2" hai0="7,107,45,95,72,73,49,119,41,36,71,13,54" hai1="53,2,110,27,78,20,43,57,123,117,67,124,96" hai2="97,37,134,38,131,118,31,28,18,105,127,59,48" hai3="4,75,19,22,115,113,125,3,60,122,89,92,103"/><V14/><F118/><W21/><G122/><T44/><D107/><U32/><E2/><V42/><F127/><W55/><G125/><T82/><D71/><U116/><E124/><V30/><F131/><W133/><G75/><T8/><D119/><U88/><E123/><V9/><F134/><W23/><G133/><T128/><D128/><U0/><E0/><V64/><F42/><W1/><G103/><T40/><D82/><U68/><E32/><V135/><F135/><W99/><G4/><T126/><D126/><U121/><E78/><V10/><F9/><W74/><G74/><T76/><D76/><U39/><E121/><V77/><F77/><W90/><G90/><T130/><D130/><U25/><E25/><V129/><F129/><W12/><G3/><T6/><D6/><U84/><E110/><V79/><F79/><W104/><G104/><T83/><D83/><U106/><E106/><V33/><F33/><W34/><G1/><T24/><D24/><U26/><E96/><V50/><F38/><W120/><G34/><T81/><D81/><N who="1" m="49167" /><E27/><V101/><F37/><W15/><G120/><T17/><D41/><U63/><E43/><V5/><F5/><W70/><G12/><T94/><D7/><U66/><E39/><V85/><F85/><W98/><G98/><T52/><D73/><U91/><E91/><V47/><F47/><W35/><G35/><T58/><D72/><U65/><E68/><V132/><F132/><W109/><G109/><T62/><AGARI ba="0,0" hai="8,13,17,36,40,44,45,49,52,54,58,62,94,95" machi="62" ten="20,2700,0" yaku="0,1,7,1,54,1" doraHai="114" who="0" fromWho="0" sc="328,27,266,-7,312,-13,94,-7" /><INIT seed="3,0,0,2,3,2" ten="355,259,299,87" oya="3" hai0="134,75,10,19,48,20,50,68,89,40,116,93,85" hai1="114,4,71,129,15,99,79,8,38,94,11,23,22" hai2="121,44,126,14,51,0,53,64,104,105,101,110,107" hai3="132,27,34,90,81,131,49,103,1,123,118,7,87"/><W16/><G123/><T96/><D75/><U21/><E114/><V25/><F0/><W32/><G118/><T63/><D116/><U122/><E122/><V97/><F121/><W115/><G115/><T54/><D134/><U127/><E127/><V52/><F126/><W74/><G132/><T78/><D10/><U95/><E129/><V108/><F64/><W128/><G74/><T39/><D39/><U112/><E112/><V100/><F25/><W60/><G103/><T55/><D40/><U31/><E38/><V43/><F14/><W70/><G49/><N who="0" m="19051" /><D68/><U72/><E71/><V18/><F18/><W67/><G16/><T61/><D78/><U76/><E72/><V13/><F13/><W83/><G83/><N who="0" m="49343" /><D61/><U66/><E66/><V82/><F82/><W113/><G113/><T41/><D63/><U17/><E31/><V77/><F77/><W92/><G81/><T117/><D41/><U6/><E94/><V46/><F101/><W91/><G91/><N who="0" m="55359" /><D117/><U3/><REACH who="1" step="1"/><E17/><REACH who="1" ten="355,249,299,87" step="2"/><V57/><F107/><W12/><G1/><T86/><D86/><U109/><E109/><V36/><F105/><W125/><G125/><T88/><D55/><U124/><E124/><V84/><F84/><W80/><G92/><T37/><D54/><U58/><E58/><V35/><F108/><W33/><REACH who="3" step="1"/><G27/><REACH who="3" ten="355,249,299,77" step="2"/><T42/><D19/><U135/><E135/><V59/><F110/><W102/><G102/><AGARI ba="0,2" hai="3,4,6,8,11,15,21,22,23,76,79,95,99,102" machi="102" ten="40,5200,0" yaku="1,1,52,2,53,0" doraHai="2" doraHaiUra="30" who="1" fromWho="3" sc="355,0,249,72,299,0,77,-52" owari="355,45.5,321,12.1,299,-10.1,25,-47.5" /></mjloggm>