<mjloggm ver="2.3"><GO type="169" lobby="0"/><UN n0="%62%73%64%5F%33" n1="%6F%6B%61%62%65%73%68%69" n2="%52%65%61%6C%58" n3="%E3%82%A8%E3%83%8D%E3%83%AB" dan="16,17,16,18" rate="2054.83,2220.24,2171.77,2220.60" sx="F,M,F,M"/><TAIKYOKU oya="0"/><INIT seed="0,0,0,4,2,121" ten="250,250,250,250" oya="0" hai0="21,118,85,61,2,38,94,33,97,73,12,53,51" hai1="84,67,45,36,42,77,124,122,72,11,131,102,9" hai2="34,62,66,27,108,132,101,59,135,79,16,100,106" hai3="23,37,68,115,26,82,89,91,28,56,107,110,88"/><T49/><D73/><U130/><E122/><V129/><F129/><N who="1" m="49161" /><E72/><V116/><F79/><W95/><G115/><T127/><D2/><U70/><E124/><V134/><F34/><W31/><G68/><T30/><D38/><U117/><E117/><V15/><F27/><W20/><G107/><T87/><D118/><U7/><E102/><N who="2" m="39531" /><F116/><W103/><G37/><T71/><D33/><U114/><E114/><V17/><F106/><W57/><G82/><T83/><D71/><U125/><E125/><V46/><F46/><W47/><G47/><T90/><D127/><U0/><E11/><N who="2" m="6271" /><F17/><W64/><G110/><AGARI ba="0,0" hai="59,62,66,108,110,132,134,135" m="6271,39531" machi="110" ten="40,8000,1" yaku="20,1,52,2,54,1" doraHai="121" who="2" fromWho="3" sc="250,0,250,0,250,80,250,-80" /><INIT seed="1,0,0,1,5,84" ten="250,250,330,170" oya="1" hai0="132,96,20,21,112,106,116,99,50,90,117,118,76" hai1="32,9,105,74,83,42,79,67,121,17,115,113,55" hai2="28,130,54,131,123,40,110,22,10,64,81,51,133" hai3="66,13,87,47,80,92,63,134,107,8,61,77,122"/><U93/><E121/><V120/><F81/><W30/><G122/><T45/><D112/><U71/><E105/><V65/><F10/><W29/><G134/><T41/><D132/><U91/><E32/><V111/><F22/><W7/><G107/><T102/><REACH who="0" step="1"/><D76/><REACH who="0" ten="240,250,330,170" step="2"/><U75/><E74/><V12/><F133/><W60/><G66/><T33/><D33/><U49/><E42/><V62/><F120/><W129/><G129/><N who="2" m="49161" /><F123/><W44/><G92/><AGARI ba="0,1" hai="20,21,41,45,50,90,92,96,99,102,106,116,117,118" machi="92" ten="40,2600,0" yaku="1,1,52,1,53,0" doraHai="84" doraHaiUra="59" who="0" fromWho="3" sc="240,36,250,0,330,0,170,-26" /><INIT seed="2,0,0,4,3,36" ten="276,250,330,144" oya="2" hai0="123,49,7,125,86,65,50,20,0,74,100,116,11" hai1="89,61,92,87,63,91,43,31,98,126,41,94,79" hai2="110,80,23,37,13,73,16,121,68,9,21,6,115" hai3="133,104,40,52,44,108,60,71,2,102,5,24,84"/><V48/><F37/><W4/><G108/><T38/><D74/><U135/><E126/><V114/><F121/><W14/><G133/><T82/><D123/><U119/><E135/><V53/><F68/><W17/><G24/><T29/><D125/><U66/><E119/><V103/><F103/><W134/><G2/><T124/><D116/><U105/><E105/><V56/><F110/><W55/><G134/><T109/><D109/><U45/><E79/><V42/><F23/><W75/><G75/><T54/><D38/><U113/><E113/><V83/><F42/><N who="1" m="15881" /><E31/><V8/><F73/><W1/><G1/><T10/><D29/><U97/><E45/><V51/><F8/><W118/><G118/><T64/><D11/><U95/><E66/><V70/><F70/><W27/><G27/><T67/><D65/><U47/><E47/><V25/><F115/><W72/><G72/><T111/><D67/><U106/><E106/><V78/><F114/><W93/><G71/><T3/><D64/><U130/><E130/><V34/><F34/><W99/><G84/><T101/><D0/><U131/><E131/><V19/><F78/><W12/><G104/><T88/><D124/><U85/><E85/><V127/><F127/><W15/><G17/><T28/><D111/><U128/><E128/><V46/><F19/><W57/><REACH who="3" step="1"/><G55/><REACH who="3" ten="276,250,330,134" step="2"/><T62/><D54/><U35/><E35/><V18/><F18/><W122/><G122/><T77/><D3/><U81/><E81/><V30/><F30/><W22/><G22/><T39/><D82/><U107/><E107/><V117/><F117/><RYUUKYOKU ba="0,1" sc="276,-30,250,10,330,10,134,10" hai1="61,63,87,89,91,92,94,95,97,98" hai2="6,9,13,16,21,25,46,48,51,53,56,80,83" hai3="4,5,12,14,15,40,44,52,57,60,93,99,102" /><INIT seed="2,1,1,0,4,49" ten="246,260,340,144" oya="2" hai0="25,41,48,61,116,105,9,4,72,99,132,39,35" hai1="74,85,95,58,28,14,80,111,47,78,22,62,37" hai2="12,57,10,55,115,7,16,109,2,103,3,73,123" hai3="114,76,98,108,66,127,51,93,131,135,130,70,60"/><V81/><F115/><W86/><G114/><T34/><D132/><U77/><E111/><V71/><F71/><W75/><G108/><T65/><D25/><U19/><E28/><V101/><F123/><W15/><G135/><T42/><D72/><U53/><E37/><V96/><F109/><W27/><G127/><T89/><D42/><U69/><E69/><V30/><F30/><W87/><G15/><T6/><D6/><U126/><E126/><V20/><F3/><W33/><G75/><T52/><D41/><U17/><E47/><V120/><F120/><W36/><G36/><T56/><D39/><U11/><E74/><V129/><F129/><N who="3" m="49163" /><G76/><T119/><D89/><U133/><E95/><V8/><F8/><W91/><G51/><T79/><D79/><N who="1" m="46239" /><E133/><V32/><F32/><W46/><G46/><N who="0" m="27671" /><D99/><U84/><E84/><N who="3" m="32298" /><G27/><AGARI ba="1,1" hai="11,14,17,19,22,27,53,58,62,77,78" m="46239" machi="27" ten="30,2000,0" yaku="8,1,52,1" doraHai="49" who="1" fromWho="3" sc="246,0,260,33,340,0,144,-23" /><INIT seed="3,0,0,1,1,51" ten="246,293,340,121" oya="3" hai0="119,23,88,63,29,97,8,129,117,127,71,43,82" hai1="75,3,5,133,89,67,19,86,53,116,26,96,10" hai2="11,58,115,25,99,52,109,77,83,100,50,81,49" hai3="6,18,40,110,70,80,118,114,4,69,12,130,0"/><W128/><G40/><T54/><D129/><N who="3" m="49769" /><G114/><T39/><D127/><U72/><E116/><V105/><F109/><W17/><G118/><T108/><D108/><U132/><E96/><V92/><F115/><W7/><G110/><T125/><D125/><U42/><E67/><V13/><F25/><W104/><G104/><T56/><D71/><N who="3" m="27145" /><G80/><N who="2" m="30793" /><F77/><W131/><N who="3" m="49777" /><W74/><DORA hai="37" /><G74/><T120/><D82/><N who="1" m="49367" /><E42/><V31/><F31/><W21/><G18/><T66/><D43/><U57/><E19/><N who="2" m="8639" /><F105/><W135/><G135/><N who="1" m="51786" /><E26/><V61/><AGARI ba="0,0" hai="49,50,52,58,61,92,99,100" m="8639,30793" machi="61" ten="30,4000,0" yaku="8,1,52,1,54,1" doraHai="51,37" who="2" fromWho="2" sc="246,-10,293,-10,340,40,121,-20" /><INIT seed="4,0,0,3,3,131" ten="236,283,380,101" oya="0" hai0="52,91,51,13,59,72,21,93,82,126,44,50,9" hai1="87,16,46,89,27,114,41,132,1,20,77,12,45" hai2="110,8,31,130,37,125,36,40,99,78,127,119,60" hai3="116,11,15,81,106,129,123,94,55,112,53,64,121"/><T135/><D126/><U6/><E114/><V24/><F110/><W122/><G106/><T62/><D72/><U105/><E105/><V54/><F130/><W113/><G129/><T133/><D21/><U79/><E46/><V38/><F78/><W26/><G116/><T39/><D39/><U65/><E1/><V103/><F8/><W2/><G2/><T115/><D115/><N who="3" m="44105" /><G64/><T84/><D93/><U120/><E120/><N who="3" m="30722" /><W124/><DORA hai="22" /><G124/><T48/><REACH who="0" step="1"/><D44/><REACH who="0" ten="226,283,380,101" step="2"/><U96/><E45/><N who="2" m="23687" /><F125/><W33/><G94/><T80/><D80/><U95/><E20/><V4/><F127/><W3/><G81/><T66/><D66/><U56/><E95/><V108/><F37/><W68/><G68/><T134/><D134/><U7/><E132/><V73/><F73/><W30/><G3/><T70/><D70/><U28/><E65/><V67/><F67/><W128/><G128/><T49/><N who="0" m="12288" /><DORA hai="18" /><T0/><D0/><U57/><E41/><V19/><F38/><W101/><G101/><T76/><D76/><U85/><E77/><V47/><F47/><W97/><G97/><T98/><D98/><U88/><E96/><V42/><F99/><W32/><G32/><T10/><D10/><U29/><E79/><V111/><F103/><W104/><G104/><T74/><D74/><U109/><E109/><V107/><F107/><W61/><G61/><T102/><D102/><U14/><E16/><AGARI ba="0,1" hai="11,15,16,26,30,33,53,55" m="30722,44105" machi="16" ten="40,8000,1" yaku="15,1,13,1,52,1,54,1" doraHai="131,22,18" who="3" fromWho="1" sc="226,0,283,-80,380,0,101,90" /><AGARI ba="0,0" hai="9,13,16,52,59,62,82,84,91,133,135" m="12288" machi="16" ten="50,12000,1" yaku="1,1,52,2,54,2,53,0" doraHai="131,22,18" doraHaiUra="117,92,63" who="0" fromWho="1" sc="226,120,203,-120,380,0,191,0" /><INIT seed="4,1,0,1,0,81" ten="346,83,380,191" oya="0" hai0="74,55,126,78,39,115,108,131,122,132,11,67,26" hai1="7,85,27,18,114,84,93,104,113,24,28,16,102" hai2="43,69,22,118,82,98,65,36,72,44,91,47,120" hai3="35,56,59,58,110,29,32,42,73,62,88,63,79"/><T48/><D39/><U129/><E104/><V125/><F120/><W133/><G110/><T41/><D122/><U101/><E7/><V83/><F125/><W6/><G133/><T37/><D37/><U95/><REACH who="1" step="1"/><E28/><REACH who="1" ten="346,73,380,191" step="2"/><V17/><F118/><W34/><G29/><T106/><D106/><U111/><E111/><V21/><F17/><W135/><G135/><T109/><D109/><U66/><E66/><V127/><F65/><W15/><G6/><T124/><D67/><U49/><E49/><V90/><F36/><W64/><G64/><T54/><D48/><U123/><E123/><V40/><F69/><W99/><G63/><T23/><D108/><U121/><E121/><V1/><F72/><W68/><G62/><T119/><D74/><U86/><E86/><V57/><F127/><W117/><G68/><T61/><D61/><U2/><E2/><V94/><F1/><W60/><G60/><T10/><D126/><U5/><E5/><V46/><F98/><W12/><G117/><T51/><D119/><U77/><E77/><V100/><F43/><W50/><G42/><T31/><D41/><U45/><E45/><V3/><F44/><W128/><G50/><T112/><D124/><U87/><E87/><V75/><F3/><W25/><G73/><T13/><D78/><U52/><E52/><V0/><F0/><W19/><G79/><T30/><D55/><U76/><E76/><V4/><F4/><W97/><G97/><T14/><D54/><U103/><E103/><V96/><F75/><W70/><G70/><T134/><D134/><U130/><AGARI ba="1,1" hai="16,18,24,27,84,85,93,95,101,102,113,114,129,130" machi="130" ten="25,16000,3" yaku="1,1,5,1,0,1,22,2,52,2,54,1,53,0" doraHai="81" doraHaiUra="33" who="1" fromWho="1" sc="346,-81,73,173,380,-41,191,-41" /><INIT seed="5,0,0,3,5,120" ten="265,246,339,150" oya="1" hai0="41,91,54,33,67,94,1,78,59,21,69,55,2" hai1="71,65,37,106,126,6,62,121,51,129,3,24,77" hai2="12,81,107,119,43,103,53,101,56,125,89,70,4" hai3="99,134,15,113,135,90,5,133,52,131,28,72,22"/><U0/><E121/><V111/><F119/><W35/><G113/><T42/><D33/><U36/><E106/><V100/><F125/><W116/><G116/><T115/><D115/><U83/><E126/><V9/><F70/><W109/><G72/><T105/><D105/><U95/><E129/><V44/><F111/><W19/><G131/><T31/><D69/><U84/><E0/><V75/><F75/><W76/><G76/><T57/><D78/><U122/><E122/><V128/><F107/><W79/><G79/><T130/><D67/><U25/><E6/><V38/><F128/><W98/><G5/><T87/><D1/><U64/><E64/><V58/><F53/><W61/><G90/><T14/><D2/><U30/><E3/><V86/><AGARI ba="0,0" hai="4,9,12,38,43,44,56,58,81,86,89,100,101,103" machi="86" ten="30,1100,0" yaku="0,1" doraHai="120" who="2" fromWho="2" sc="265,-3,246,-5,339,11,150,-3" /><INIT seed="6,0,0,1,2,41" ten="262,241,350,147" oya="2" hai0="76,37,132,122,93,47,1,26,19,51,27,29,83" hai1="79,121,119,56,18,105,123,131,126,134,7,110,129" hai2="31,112,16,14,53,43,67,48,9,127,52,24,102" hai3="111,34,0,89,103,113,109,46,6,66,108,35,59"/><V68/><F127/><W80/><G103/><T74/><D122/><N who="1" m="46603" /><E105/><V100/><F112/><W125/><G125/><T44/><D132/><U60/><E126/><V50/><F68/><W90/><G113/><T107/><D107/><U135/><E79/><V85/><F67/><W114/><G114/><T11/><D19/><U69/><E7/><V70/><F70/><W71/><G71/><T117/><D117/><U104/><E18/><V133/><F133/><N who="1" m="50697" /><E104/><V101/><F85/><W2/><G6/><N who="0" m="1487" /><D93/><U73/><E73/><V8/><F9/><W23/><G111/><T22/><D22/><U3/><E3/><V81/><F81/><W42/><G23/><T78/><D78/><U13/><E13/><V91/><F91/><W75/><G80/><T21/><D21/><U33/><E33/><V128/><F24/><W95/><G95/><T86/><D86/><U116/><E69/><V77/><F31/><W115/><G115/><T63/><D29/><U96/><E96/><V28/><F28/><W54/><G75/><T99/><D99/><U97/><E97/><V61/><F77/><W87/><G87/><T39/><D26/><U38/><E38/><V17/><F17/><W49/><G109/><T72/><D27/><U57/><E110/><V15/><F15/><W4/><G108/><T92/><D74/><U58/><E60/><V82/><F82/><W84/><G84/><T25/><D63/><U118/><AGARI ba="0,0" hai="56,57,58,116,118,119,129,131" m="50697,46603" machi="118" ten="50,12000,2" yaku="28,2,13,1,20,1,34,2" doraHai="41" who="1" fromWho="1" sc="262,-30,241,120,350,-60,147,-30" /><INIT seed="7,0,0,5,2,124" ten="232,361,290,117" oya="3" hai0="44,2,114,134,109,82,89,35,5,69,127,17,62" hai1="72,88,86,8,122,26,94,116,75,6,110,120,3" hai2="7,128,48,18,25,64,83,85,96,74,43,135,129" hai3="90,42,92,98,113,68,65,99,97,51,28,30,14"/><W36/><G36/><T50/><D109/><U111/><E116/><V119/><F74/><W32/><G113/><T54/><D35/><U31/><E72/><V53/><F119/><W133/><G133/><T95/><D127/><U57/><E75/><V4/><F64/><W112/><G112/><T55/><D134/><U106/><E106/><V9/><F96/><W63/><G14/><T56/><D69/><U19/><E19/><V80/><F43/><W49/><G30/><T20/><D2/><U84/><E84/><V70/><F70/><W34/><G34/><T132/><D132/><U29/><E29/><V131/><F83/><W91/><G42/><T81/><D5/><U61/><E110/><V76/><F135/><W126/><G126/><T60/><D60/><U121/><E111/><V13/><F25/><W15/><G15/><T58/><D44/><AGARI ba="0,0" hai="4,7,9,13,18,44,48,53,76,80,85,128,129,131" machi="44" ten="40,8000,1" yaku="19,1,52,3" doraHai="124" who="2" fromWho="0" sc="232,-80,361,0,290,80,117,0" owari="152,-24.8,361,16.1,370,47.0,117,-38.3" /></mjloggm>