<mjloggm ver="2.3"><GO type="169" lobby="0"/><UN n0="%68%61%73%68%69%30%30%31" n1="%E5%B0%8F%E6%B1%A0%E7%BE%8E%E6%B3%A2%E2%8A%BF" n2="%72%65%62%65%65%72" n3="%E5%90%83%E8%B2%A8%E5%B0%8F%E5%8C%97%E5%8C%97" dan="16,16,16,18" rate="2085.17,2184.10,2162.37,2282.98" sx="M,M,M,M"/><TAIKYOKU oya="0"/><INIT seed="0,0,0,2,0,39" ten="250,250,250,250" oya="0" hai0="82,126,97,11,94,118,10,0,4,58,121,42,92" hai1="26,111,95,23,76,62,8,40,18,49,106,135,45" hai2="78,24,100,108,36,79,109,52,72,53,51,114,66" hai3="123,115,129,31,19,93,104,16,85,15,1,117,88"/><T81/><D121/><U67/><E106/><V77/><F114/><W50/><G1/><T120/><D120/><U29/><E111/><N who="2" m="42571" /><F36/><W13/><G104/><T103/><D118/><U47/><E135/><V102/><F72/><W35/><G117/><T43/><D126/><U68/><E76/><V46/><F66/><W21/><G123/><T98/><D58/><U30/><E8/><N who="0" m="3113" /><D0/><U69/><E69/><V131/><F131/><W33/><G115/><T91/><D4/><U25/><E25/><V60/><F24/><W75/><G75/><T28/><D28/><U86/><REACH who="1" step="1"/><E47/><REACH who="1" ten="250,240,250,250" step="2"/><V64/><F53/><W5/><G129/><T71/><D71/><AGARI ba="0,1" hai="46,51,52,60,64,71,77,78,79,100,102" m="42571" machi="71" ten="30,2000,0" yaku="14,1,54,1" doraHai="39" who="2" fromWho="0" sc="250,-20,240,0,250,30,250,0" /><INIT seed="1,0,0,3,5,84" ten="230,240,280,250" oya="1" hai0="18,104,95,34,93,105,24,82,37,96,78,15,54" hai1="81,115,11,72,19,91,90,5,25,22,1,35,3" hai2="118,59,60,110,58,83,63,127,44,32,43,7,13" hai3="21,8,70,69,26,52,108,39,68,87,20,109,16"/><U73/><E115/><V119/><F32/><W89/><G39/><T107/><D37/><U47/><E1/><V2/><F2/><W102/><G102/><T30/><D54/><U106/><E106/><V97/><F110/><N who="3" m="42603" /><G20/><T124/><D124/><U9/><E9/><V57/><F127/><W14/><G52/><T55/><D55/><U103/><E103/><V133/><F133/><W42/><G42/><T61/><D61/><U79/><E73/><V76/><F97/><W121/><G121/><T116/><D116/><U29/><REACH who="1" step="1"/><E47/><REACH who="1" ten="230,230,280,250" step="2"/><V6/><F119/><W113/><G113/><T65/><D107/><U48/><E48/><V131/><F118/><W50/><G50/><T123/><D105/><U33/><E33/><V75/><F44/><W122/><G122/><T41/><D123/><U92/><E92/><V10/><F63/><W12/><G8/><T111/><D95/><AGARI ba="0,1" hai="12,14,16,21,26,68,69,70,87,89,95" m="42603" machi="95" ten="40,5200,0" yaku="14,1,52,1,54,1" doraHai="84" who="3" fromWho="0" sc="230,-52,230,0,280,0,250,62" /><INIT seed="2,0,0,0,3,78" ten="178,230,280,312" oya="2" hai0="3,77,135,58,111,83,18,56,16,72,103,6,115" hai1="120,20,62,101,73,59,34,45,7,123,57,64,19" hai2="112,134,36,98,102,21,91,131,42,130,88,8,28" hai3="60,89,4,14,75,119,96,132,55,110,106,116,50"/><V80/><F112/><W82/><G110/><T124/><D115/><U90/><E34/><V128/><F134/><W51/><G132/><T87/><D135/><U1/><E73/><V13/><F36/><W93/><G106/><T43/><D103/><U118/><E118/><V99/><F42/><W81/><G75/><T52/><D58/><U79/><E79/><V25/><F98/><W24/><G116/><T95/><D111/><U53/><E101/><V122/><F122/><W33/><G33/><T84/><D124/><U86/><E45/><V70/><F70/><W12/><G119/><T65/><D65/><U107/><E7/><V38/><F38/><W11/><G24/><T76/><D43/><U10/><E10/><V94/><REACH who="2" step="1"/><F80/><REACH who="2" ten="178,230,270,312" step="2"/><N who="3" m="30827" /><G14/><T31/><D76/><U48/><E120/><V104/><F104/><W97/><G97/><T92/><D72/><U66/><E107/><V67/><F67/><W9/><G9/><T37/><D37/><U27/><E123/><V121/><F121/><W85/><G96/><T17/><D3/><U117/><E1/><V40/><F40/><W41/><G41/><T133/><D133/><U47/><E117/><V126/><F126/><W0/><G0/><T54/><D54/><U108/><E108/><V68/><F68/><W5/><G5/><AGARI ba="0,1" hai="5,8,13,21,25,28,88,91,94,99,102,128,130,131" machi="5" ten="40,18000,2" yaku="1,1,19,1,54,1,53,3" doraHai="78" doraHaiUra="125" who="2" fromWho="3" sc="178,0,230,0,270,190,312,-180" /><INIT seed="2,1,0,2,0,40" ten="178,230,460,132" oya="2" hai0="20,27,34,15,118,85,35,107,11,61,114,52,50" hai1="124,54,133,49,31,98,96,7,132,64,17,86,71" hai2="22,115,32,128,69,84,68,117,129,48,28,108,62" hai3="5,92,79,99,94,119,78,33,81,36,130,105,29"/><V59/><F115/><W111/><G119/><T42/><D107/><U73/><E73/><V125/><F32/><W120/><G120/><T46/><D114/><U88/><E31/><V103/><F117/><W23/><G33/><T121/><D121/><U19/><E7/><V106/><F125/><W134/><G36/><T4/><D118/><U21/><E71/><V74/><F74/><W57/><G111/><T70/><D85/><U89/><E64/><V9/><F9/><W93/><G5/><T91/><D91/><N who="1" m="34891" /><E86/><V39/><F84/><W97/><G130/><T43/><D43/><U67/><E67/><V116/><F39/><W102/><G134/><N who="1" m="51818" /><E124/><V95/><F108/><W66/><G99/><N who="1" m="37930" /><E21/><V45/><F116/><W12/><G81/><T75/><D75/><U38/><E38/><V112/><F69/><W47/><G79/><T26/><D26/><U6/><E6/><V13/><F68/><W24/><G78/><T83/><D83/><U131/><E131/><V104/><F112/><W123/><G123/><T122/><D122/><U77/><E77/><V109/><F109/><W126/><G126/><T16/><D70/><U113/><E113/><V10/><F129/><W1/><G29/><T37/><D61/><U63/><E63/><V55/><F128/><W14/><G24/><T80/><REACH who="0" step="1"/><D80/><REACH who="0" ten="168,230,460,132" step="2"/><U90/><E90/><V101/><F106/><W87/><G105/><T60/><D60/><U72/><E72/><V76/><F104/><W127/><G87/><T56/><AGARI ba="1,1" hai="4,11,15,16,20,27,34,35,37,42,46,50,52,56" machi="56" ten="20,12000,2" yaku="1,1,0,1,7,1,52,1,54,2,53,1" doraHai="40" doraHaiUra="0" who="0" fromWho="0" sc="168,133,230,-31,460,-61,132,-31" /><INIT seed="3,0,0,2,2,45" ten="301,199,399,101" oya="3" hai0="54,15,19,84,8,86,17,125,3,49,29,68,7" hai1="26,97,78,58,4,61,79,109,100,74,27,35,103" hai2="55,1,56,73,48,47,65,44,127,106,90,63,112" hai3="43,108,23,9,94,14,102,20,24,67,132,81,87"/><W34/><G132/><T41/><D68/><U40/><E109/><V83/><F1/><W10/><G67/><T118/><D125/><U115/><E115/><V85/><F112/><W36/><G36/><T105/><D105/><U52/><E4/><V98/><F73/><W39/><G39/><T124/><D41/><U38/><E103/><V110/><F110/><W123/><G123/><T99/><D124/><U129/><E129/><V88/><F127/><W96/><G43/><T33/><D99/><U126/><E126/><V70/><REACH who="2" step="1"/><F90/><REACH who="2" ten="301,199,389,101" step="2"/><W18/><G108/><T114/><D114/><U91/><E74/><V104/><F104/><W130/><G130/><T77/><D3/><U95/><E91/><V16/><F16/><N who="3" m="10263" /><G34/><T50/><D33/><U2/><E2/><V76/><F76/><AGARI ba="0,1" hai="9,10,18,23,24,76,81,87,94,96,102" m="10263" machi="76" ten="30,2900,0" yaku="8,1,54,1" doraHai="45" who="3" fromWho="2" sc="301,0,199,0,389,-29,101,39" /><INIT seed="3,1,0,4,3,103" ten="301,199,360,140" oya="3" hai0="104,125,101,0,54,87,117,70,18,7,122,4,86" hai1="61,89,121,25,30,130,91,21,63,123,98,52,50" hai2="73,67,69,65,114,33,95,39,58,74,38,79,110" hai3="112,100,62,108,56,17,77,35,43,105,76,26,118"/><W119/><G112/><T59/><D70/><U124/><E130/><V99/><F33/><W133/><G133/><T83/><D0/><U126/><E63/><V34/><F34/><W3/><G3/><T10/><D125/><U57/><E50/><V51/><F69/><W75/><G43/><T8/><D87/><U5/><E5/><V96/><F110/><W53/><G108/><T84/><D84/><U78/><E78/><V97/><F95/><W135/><G135/><T16/><D122/><U80/><E80/><V106/><F79/><W107/><G100/><T92/><D104/><U72/><E72/><V134/><F134/><W66/><G76/><T14/><D92/><U127/><REACH who="1" step="1"/><E98/><REACH who="1" ten="301,189,360,140" step="2"/><V32/><F99/><W90/><G77/><T1/><D117/><U128/><E128/><V46/><F51/><W6/><G75/><T49/><D101/><U20/><E20/><V94/><F97/><W13/><G6/><T102/><D102/><U29/><E29/><V23/><F23/><W42/><G118/><T40/><D40/><U24/><E24/><V48/><F32/><W11/><G42/><T116/><D116/><U15/><E15/><V85/><F48/><W68/><G119/><T81/><D81/><U41/><E41/><V31/><F96/><W115/><G115/><T109/><D109/><U71/><E71/><V93/><F114/><W45/><G68/><T19/><D83/><U9/><E9/><V111/><F74/><W120/><G11/><T129/><D129/><U88/><AGARI ba="1,1" hai="21,25,30,52,57,61,88,89,91,121,123,124,126,127" machi="88" ten="40,8000,1" yaku="1,1,0,1,18,1,54,2,53,0" doraHai="103" doraHaiUra="60" who="1" fromWho="1" sc="301,-21,189,93,360,-21,140,-41" /><INIT seed="4,0,0,2,1,124" ten="280,282,339,99" oya="0" hai0="66,111,78,77,127,121,69,85,5,82,70,104,29" hai1="112,34,103,110,45,2,30,16,118,62,119,35,41" hai2="130,92,43,113,31,93,106,12,94,21,27,105,123" hai3="23,81,38,134,60,75,44,22,117,15,6,54,83"/><T3/><D121/><U37/><E2/><V90/><F123/><W57/><G117/><T133/><D104/><U18/><E110/><V42/><F113/><W61/><G134/><T59/><D29/><U8/><E112/><V24/><F130/><W17/><G6/><T68/><D127/><U98/><E62/><V0/><F0/><W115/><G115/><T126/><D126/><U7/><E119/><V67/><F67/><W97/><G75/><T79/><D133/><U96/><E118/><V84/><F12/><W48/><G38/><T100/><D100/><U53/><E53/><V95/><REACH who="2" step="1"/><F27/><REACH who="2" ten="280,282,329,99" step="2"/><W132/><G132/><T19/><D3/><U72/><E72/><V58/><F58/><W55/><G60/><T135/><D135/><U76/><E76/><V128/><F128/><W13/><REACH who="3" step="1"/><G97/><REACH who="3" ten="280,282,329,89" step="2"/><T102/><D5/><U101/><E98/><V14/><F14/><W11/><G11/><T65/><D111/><U51/><E96/><V26/><F26/><W91/><G91/><T46/><D102/><U40/><E8/><V116/><F116/><W109/><G109/><T39/><D79/><U64/><E103/><V73/><F73/><W52/><G52/><T122/><D78/><U25/><E101/><V125/><F125/><W107/><G107/><AGARI ba="0,2" hai="21,24,31,42,43,84,90,92,93,94,95,105,106,107" machi="107" ten="40,1300,0" yaku="1,1,53,0" doraHai="124" doraHaiUra="108" who="2" fromWho="3" sc="280,0,282,0,329,33,89,-13" /><INIT seed="5,0,0,3,0,61" ten="280,282,362,76" oya="1" hai0="117,36,108,100,74,68,129,88,65,29,32,2,110" hai1="89,73,66,20,6,16,118,44,63,87,121,62,9" hai2="35,53,30,25,86,10,17,26,104,21,22,0,69" hai3="80,5,134,98,24,90,39,101,125,64,83,46,54"/><U33/><E118/><V60/><F104/><W84/><G134/><T59/><D117/><U120/><E73/><V23/><F86/><W76/><G125/><T40/><D59/><U43/><E33/><V133/><F53/><W119/><G119/><T13/><D13/><U49/><E63/><V75/><F75/><W85/><G5/><T109/><D2/><U95/><E9/><V58/><F58/><W14/><G14/><T126/><D74/><U77/><E77/><V105/><F105/><W96/><G24/><T128/><D100/><U127/><E127/><V57/><F57/><W97/><G39/><T28/><D88/><U34/><E34/><N who="2" m="20815" /><F69/><W11/><G11/><T72/><D72/><U103/><E6/><N who="2" m="1351" /><F60/><W51/><REACH who="3" step="1"/><G64/><REACH who="3" ten="280,282,362,66" step="2"/><T94/><D126/><U1/><E1/><V3/><F133/><W56/><G56/><T41/><D36/><U50/><E66/><V38/><F38/><W132/><G132/><T122/><D32/><U81/><E62/><V93/><F3/><W102/><AGARI ba="0,1" hai="46,51,54,76,80,83,84,85,90,96,97,98,101,102" machi="102" ten="30,4000,0" yaku="1,1,0,1,8,1,53,0" doraHai="61" doraHaiUra="31" who="3" fromWho="3" sc="280,-10,282,-20,362,-10,66,50" /><INIT seed="6,0,0,5,3,132" ten="270,262,352,116" oya="2" hai0="110,98,67,63,101,66,62,4,79,18,78,68,36" hai1="43,6,130,122,50,21,39,89,116,61,90,34,51" hai2="133,60,85,42,123,102,8,12,35,0,118,2,37" hai3="97,3,114,29,40,129,126,131,100,112,128,19,48"/><V81/><F118/><W9/><G40/><T77/><D36/><U59/><E34/><V38/><F123/><W47/><G47/><T84/><D110/><U125/><E116/><V24/><F133/><W55/><G48/><T92/><D4/><U25/><E130/><N who="3" m="33282" /><W119/><DORA hai="33" /><G55/><T80/><REACH who="0" step="1"/><D18/><REACH who="0" ten="260,262,352,116" step="2"/><U45/><E122/><V49/><F38/><W30/><G119/><T73/><D73/><U44/><E39/><V32/><F37/><W127/><G29/><T1/><D1/><U107/><E6/><V109/><F0/><W70/><G30/><T20/><D20/><U103/><E21/><V91/><F2/><W74/><G74/><T96/><D96/><U11/><E11/><V104/><F109/><W120/><G120/><T75/><D75/><U113/><E113/><N who="3" m="43626" /><G70/><AGARI ba="0,1" hai="62,63,66,67,68,70,77,78,79,80,84,92,98,101" machi="70" ten="30,3900,0" yaku="1,1,7,1,9,1,53,0" doraHai="132,33" doraHaiUra="5,7" who="0" fromWho="3" sc="260,49,262,0,352,0,116,-39" /><INIT seed="7,0,0,4,5,39" ten="309,262,352,77" oya="3" hai0="5,15,22,74,98,40,124,123,90,76,84,99,41" hai1="6,105,73,9,8,89,85,1,54,106,50,112,45" hai2="77,51,87,91,86,12,83,114,3,66,14,31,11" hai3="21,38,2,81,68,26,131,16,53,37,59,23,17"/><W130/><G68/><T52/><D123/><U48/><E73/><V95/><F114/><W30/><G2/><T70/><D70/><U61/><E112/><V18/><F31/><W127/><G127/><T113/><D74/><U79/><E79/><V129/><F129/><W46/><G81/><T67/><D67/><U107/><E9/><V121/><F121/><W65/><G65/><T35/><D35/><U28/><E28/><V44/><F66/><W93/><G93/><T55/><D76/><U133/><E133/><V36/><F36/><W108/><G108/><T120/><D120/><U128/><E128/><N who="3" m="49194" /><G30/><T24/><D124/><U102/><E61/><V109/><F109/><W49/><G59/><T88/><D5/><U111/><E111/><V101/><F3/><W97/><G97/><N who="0" m="36875" /><D15/><AGARI ba="0,0" hai="15,16,17,21,23,26,37,38,46,49,53" m="49194" machi="15" ten="30,2900,0" yaku="19,1,54,1" doraHai="39" who="3" fromWho="0" sc="309,-29,262,0,352,0,77,29" /><INIT seed="7,1,0,1,5,52" ten="280,262,352,106" oya="3" hai0="64,107,66,70,94,51,82,131,26,120,10,125,106" hai1="15,111,32,118,100,16,22,62,36,79,19,55,59" hai2="35,77,38,9,40,99,13,61,121,18,41,54,74" hai3="23,103,119,2,86,57,112,8,102,105,28,124,11"/><W101/><G119/><T104/><D120/><U4/><E111/><V50/><F35/><W42/><G112/><T84/><D70/><U37/><E32/><V45/><F74/><W108/><G124/><T24/><D94/><U110/><E110/><V71/><F77/><W75/><G75/><T67/><D10/><U85/><E4/><V65/><F121/><W33/><G33/><T133/><D51/><U53/><E118/><V116/><F116/><W126/><G126/><T128/><D125/><U20/><E100/><N who="3" m="25602" /><W34/><DORA hai="78" /><G34/><T134/><D84/><U31/><E31/><V6/><F99/><W114/><G2/><T97/><D82/><U5/><E5/><V113/><F113/><W47/><G105/><T117/><D97/><U96/><E96/><V72/><F72/><W92/><G114/><T27/><REACH who="0" step="1"/><D117/><REACH who="0" ten="270,262,352,106" step="2"/><U56/><E85/><V87/><F87/><W3/><G108/><T73/><D73/><U83/><E83/><V17/><F40/><W0/><G0/><T127/><D127/><U122/><E122/><V98/><F98/><W76/><G3/><T68/><D68/><U129/><E129/><AGARI ba="1,1" hai="24,26,27,64,66,67,104,106,107,128,129,131,133,134" machi="129" ten="60,16000,3" yaku="1,1,29,2,28,2,19,1,53,3" doraHai="52,78" doraHaiUra="135,63" who="0" fromWho="1" sc="270,173,262,-163,352,0,106,0" owari="443,54.3,99,-40.1,352,15.2,106,-29.4" /></mjloggm>