<mjloggm ver="2.3"><GO type="169" lobby="0"/><UN n0="%43%55%4B%45%59" n1="%E3%83%8F%E3%82%BF%E3%83%A2%E3%83%88%E3%83%92%E3%83%AD" n2="%58%4B%58%54%4C%50" n3="%E3%81%BE%E3%81%88%E3%81%9F" dan="16,16,16,17" rate="2095.10,2130.67,2063.83,2168.88" sx="M,M,M,F"/><TAIKYOKU oya="0"/><INIT seed="0,0,0,1,2,0" ten="250,250,250,250" oya="0" hai0="127,11,36,56,79,123,38,53,120,101,117,105,42" hai1="33,30,31,37,60,2,78,91,63,13,52,8,90" hai2="62,122,15,94,22,21,45,32,50,134,51,108,131" hai3="80,74,104,81,125,39,95,112,68,64,1,20,93"/><T107/><D117/><U109/><E37/><V57/><F32/><W97/><G39/><T129/><D42/><U61/><E2/><V16/><F122/><W34/><G34/><T69/><D101/><U76/><E109/><V67/><F108/><W19/><G1/><T6/><D69/><U46/><E33/><V66/><F131/><W119/><G119/><T121/><D127/><U4/><E91/><V96/><F134/><W77/><G125/><T71/><D71/><U110/><E110/><V114/><F114/><W58/><G68/><T12/><D79/><N who="1" m="30251" /><E90/><V41/><F22/><W133/><G80/><T25/><D129/><U106/><E106/><V115/><F115/><W54/><G64/><T55/><D55/><U87/><E87/><V65/><REACH who="2" step="1"/><F51/><AGARI ba="0,0" hai="4,8,13,30,31,46,51,52,60,61,63" m="30251" machi="51" ten="30,3900,0" yaku="8,1,52,1,54,1" doraHai="0" who="1" fromWho="2" sc="250,0,250,39,250,-39,250,0" /><INIT seed="1,0,0,5,3,117" ten="250,289,211,250" oya="1" hai0="126,39,121,24,30,64,72,80,21,79,104,90,29" hai1="12,114,48,33,5,115,83,15,98,66,59,68,101" hai2="22,54,60,69,75,36,67,77,129,11,113,110,116" hai3="134,131,102,52,6,91,73,96,3,82,49,9,42"/><U125/><E125/><V25/><F116/><W107/><G134/><T44/><D126/><U99/><E33/><V87/><F75/><W108/><G108/><T41/><D104/><U111/><E68/><V61/><F110/><W112/><G112/><T65/><D30/><U106/><E111/><V8/><F36/><W53/><G131/><T1/><D121/><U123/><E83/><V57/><F129/><W10/><G10/><T81/><D81/><U109/><E109/><V94/><F113/><W92/><G42/><T46/><D90/><U38/><E38/><V17/><F77/><W118/><G118/><T40/><REACH who="0" step="1"/><D1/><REACH who="0" ten="240,289,211,250" step="2"/><U28/><E123/><V14/><F94/><W55/><G82/><T58/><D58/><U56/><E28/><V34/><F34/><W51/><REACH who="3" step="1"/><G73/><REACH who="3" ten="240,289,211,240" step="2"/><T62/><D62/><U43/><E115/><V103/><F61/><W127/><G127/><T32/><D32/><U78/><E114/><V133/><F60/><W20/><G20/><T13/><D13/><U128/><E15/><V132/><F14/><W7/><G7/><T71/><D71/><U27/><E12/><V50/><F69/><W35/><G35/><T89/><D89/><U47/><E5/><V63/><F22/><W88/><G88/><T105/><D105/><U2/><E106/><V120/><F132/><W76/><G76/><T119/><D119/><U37/><E78/><V0/><F133/><W130/><G130/><T97/><D97/><AGARI ba="0,2" hai="3,6,9,49,51,52,53,55,91,92,96,97,102,107" machi="97" ten="40,2600,0" yaku="1,1,54,1,53,0" doraHai="117" doraHaiUra="18" who="3" fromWho="0" sc="240,-26,289,0,211,0,240,46" /><INIT seed="2,0,0,3,4,38" ten="214,289,211,286" oya="2" hai0="68,87,110,64,55,116,25,70,82,104,51,56,6" hai1="120,85,72,97,57,132,121,77,74,46,11,93,113" hai2="79,80,53,134,117,54,94,2,34,39,123,12,60" hai3="75,28,78,21,83,109,26,98,115,105,122,90,9"/><V88/><F2/><W81/><G109/><T76/><D110/><U23/><E57/><V102/><F117/><W32/><G122/><N who="1" m="47210" /><E11/><V52/><F134/><W107/><G115/><T19/><D104/><U92/><E23/><V50/><F39/><W16/><G9/><T114/><D114/><U62/><E62/><V5/><F34/><W131/><G131/><T71/><D116/><U127/><E46/><V31/><F31/><W27/><G98/><T49/><D6/><U43/><E43/><V41/><F102/><W22/><G90/><T30/><D19/><U35/><E35/><V91/><F123/><W73/><REACH who="3" step="1"/><G32/><REACH who="3" ten="214,289,211,276" step="2"/><T103/><D103/><N who="1" m="60839" /><E113/><V40/><F91/><W36/><G36/><T1/><D1/><U130/><E130/><V108/><F108/><W119/><G119/><T45/><D64/><U58/><E132/><V24/><F88/><W42/><G42/><T126/><D126/><U84/><E127/><V61/><F41/><W128/><G128/><T4/><D4/><U129/><E129/><V13/><F5/><W135/><G135/><T112/><D112/><U106/><E106/><V69/><F40/><W33/><G33/><T18/><D55/><U95/><E95/><V10/><F94/><W47/><G47/><T89/><D45/><U86/><E93/><V3/><F10/><W14/><G14/><T44/><D44/><U66/><E77/><AGARI ba="0,1" hai="16,21,22,26,27,28,73,75,77,78,81,83,105,107" machi="77" ten="40,5200,0" yaku="1,1,9,1,54,1,53,0" doraHai="38" doraHaiUra="8" who="3" fromWho="1" sc="214,0,289,-52,211,0,276,62" /><INIT seed="3,0,0,0,3,95" ten="214,237,211,338" oya="3" hai0="62,124,3,23,53,121,96,129,58,57,74,71,83" hai1="26,34,11,44,111,82,41,66,40,118,61,79,92" hai2="35,59,72,64,115,127,37,120,46,9,42,60,112" hai3="22,97,17,63,106,91,100,27,80,85,131,28,39"/><W43/><G131/><T29/><D121/><U25/><E111/><V18/><F35/><W94/><G63/><T68/><D129/><U12/><E118/><V113/><F72/><W123/><G123/><T88/><D3/><U114/><E114/><V122/><F9/><W51/><G39/><T30/><D124/><U45/><E34/><V102/><F18/><W132/><G132/><T55/><D74/><U101/><E82/><V103/><F103/><W75/><G43/><T38/><D38/><U69/><E79/><V8/><F8/><W128/><G128/><T14/><D71/><U0/><E0/><V117/><F117/><W56/><G56/><T67/><D68/><U119/><E119/><V107/><REACH who="2" step="1"/><F127/><REACH who="2" ten="214,237,201,338" step="2"/><W93/><G75/><T126/><D126/><U133/><E133/><V135/><F135/><W109/><G109/><T6/><D29/><U15/><E11/><V13/><F13/><W87/><G17/><N who="0" m="10679" /><D30/><U49/><E12/><V4/><F4/><W98/><G100/><T110/><D6/><U65/><E15/><V76/><F76/><W130/><G130/><T90/><D110/><U52/><E25/><V21/><F21/><W86/><G106/><T32/><D32/><U108/><E26/><V2/><F2/><W36/><G22/><T24/><D24/><U10/><E10/><V33/><F33/><W47/><G27/><T116/><D116/><U89/><E101/><V134/><F134/><W70/><G28/><T77/><D77/><U99/><E108/><V84/><F84/><W73/><G73/><T48/><D90/><U1/><E1/><RYUUKYOKU ba="0,1" sc="214,-10,237,-10,201,30,338,-10" hai2="37,42,46,59,60,64,102,107,112,113,115,120,122" /><INIT seed="4,1,1,0,3,117" ten="204,227,231,328" oya="0" hai0="33,14,91,24,31,52,27,11,103,19,10,54,132" hai1="35,6,62,101,79,89,121,115,86,114,61,104,17" hai2="106,129,57,38,55,51,110,37,90,39,18,116,123" hai3="26,72,63,70,15,48,77,1,97,113,102,74,0"/><T59/><D132/><U46/><E35/><V2/><F106/><W120/><G113/><N who="1" m="43018" /><E6/><V119/><F2/><W82/><G48/><T118/><D118/><N who="2" m="45098" /><F110/><W108/><G72/><T44/><D103/><U28/><E28/><V95/><F129/><W5/><G108/><T29/><D44/><U107/><E79/><V30/><F30/><W84/><G74/><T68/><D68/><U133/><E133/><V47/><F18/><W93/><G26/><T124/><D124/><U88/><E121/><V78/><F78/><W13/><G120/><T134/><D134/><U41/><E89/><V71/><F71/><W56/><G70/><T135/><D135/><U94/><E17/><V50/><F123/><W7/><G1/><T9/><D91/><U98/><E104/><V34/><F34/><W22/><G0/><T32/><REACH who="0" step="1"/><D59/><REACH who="0" ten="194,227,231,328" step="2"/><U126/><E126/><V111/><F111/><W25/><G56/><T21/><AGARI ba="1,2" hai="9,10,11,14,19,21,24,27,29,31,32,33,52,54" machi="21" ten="30,12000,1" yaku="1,1,2,1,0,1,9,1,54,1,53,0" doraHai="117" doraHaiUra="85" who="0" fromWho="0" sc="194,143,227,-41,231,-41,328,-41" /><INIT seed="4,2,0,3,0,104" ten="337,186,190,287" oya="0" hai0="45,107,88,51,18,6,33,43,86,106,134,49,56" hai1="10,120,105,28,129,26,108,72,20,9,12,113,21" hai2="8,44,42,57,73,81,16,50,11,76,25,92,118" hai3="112,122,74,117,109,130,126,67,102,79,4,100,131"/><T15/><D33/><U133/><E105/><V19/><F118/><W7/><G109/><T93/><D134/><U47/><E108/><V22/><F19/><W90/><G117/><T52/><REACH who="0" step="1"/><D6/><REACH who="0" ten="327,186,190,287" step="2"/><U24/><E133/><V61/><REACH who="2" step="1"/><F92/><REACH who="2" ten="327,186,180,287" step="2"/><W35/><G7/><T41/><D41/><U34/><E120/><V55/><AGARI ba="2,2" hai="8,11,16,22,25,42,44,50,55,57,61,73,76,81" machi="55" ten="20,12000,2" yaku="1,1,2,1,0,1,7,1,52,1,54,1,53,0" doraHai="104" doraHaiUra="3" who="2" fromWho="2" sc="327,-62,186,-32,180,146,287,-32" /><INIT seed="5,0,0,0,5,94" ten="265,154,326,255" oya="1" hai0="89,4,88,103,40,37,44,77,8,19,101,106,23" hai1="130,35,22,83,2,25,132,14,50,115,86,66,39" hai2="96,32,16,55,104,11,0,109,1,113,7,71,76" hai3="59,63,36,9,3,74,46,87,80,105,45,58,57"/><U75/><E39/><V108/><F0/><W100/><G74/><T97/><D103/><U133/><E2/><V38/><F38/><W21/><G3/><T111/><D111/><U102/><E75/><V43/><F43/><W82/><G9/><T99/><D77/><U41/><E35/><V69/><F76/><W60/><G21/><T123/><D123/><U91/><E14/><V34/><F55/><W31/><G31/><T78/><D78/><U90/><E115/><V51/><F51/><W29/><G29/><T128/><D128/><U118/><E118/><V84/><F84/><W110/><G110/><N who="2" m="42601" /><F16/><W10/><G10/><T17/><D17/><N who="1" m="12495" /><E130/><V26/><F26/><W5/><G5/><T27/><D99/><U64/><E102/><N who="2" m="62535" /><F113/><W92/><G105/><T54/><D54/><U120/><E120/><V122/><F122/><W95/><G36/><T124/><D124/><U42/><E90/><V65/><F65/><N who="1" m="25193" /><E50/><V127/><F127/><W68/><G100/><T47/><D47/><U116/><E116/><V119/><F119/><W121/><G121/><T134/><D134/><AGARI ba="0,0" hai="41,42,83,86,91,132,133,134" m="25193,12495" machi="134" ten="30,1500,0" yaku="20,1" doraHai="94" who="1" fromWho="0" sc="265,-15,154,15,326,0,255,0" /><INIT seed="5,1,0,3,2,57" ten="250,169,326,255" oya="1" hai0="49,1,46,7,117,63,99,16,44,12,36,74,120" hai1="103,106,93,60,26,121,31,13,51,131,132,65,89" hai2="134,56,29,39,123,20,116,18,30,47,62,80,124" hai3="6,50,22,113,40,15,66,100,55,2,77,79,27"/><U52/><E121/><V129/><F116/><W43/><G113/><T78/><D117/><U34/><E131/><V4/><F129/><W110/><G100/><T122/><D99/><U90/><E132/><V0/><F134/><W105/><G2/><T28/><D28/><U58/><E106/><V17/><F17/><W97/><G66/><T35/><D35/><U67/><E67/><V23/><F23/><W70/><G70/><T91/><D91/><U54/><E54/><V87/><F124/><W71/><G71/><T72/><D7/><U102/><E13/><V111/><F111/><W75/><G97/><T32/><D1/><U109/><E109/><V41/><F123/><N who="0" m="47146" /><D32/><U8/><E8/><V108/><F108/><W10/><G105/><T85/><D44/><U94/><E89/><V98/><F98/><W127/><G127/><T64/><D36/><U53/><E53/><V135/><F135/><W130/><G130/><T96/><D96/><U33/><E33/><V69/><F69/><W86/><G75/><T118/><D85/><U3/><E3/><V114/><F114/><W68/><G68/><N who="0" m="42015" /><D78/><U119/><E119/><V76/><F4/><W61/><G79/><T88/><D88/><U21/><E34/><V38/><F0/><W9/><G86/><T95/><D95/><N who="1" m="36363" /><E90/><V104/><F104/><W112/><G77/><T92/><D92/><U73/><E73/><V45/><F39/><W24/><G110/><T82/><D118/><U42/><E65/><N who="2" m="39111" /><F47/><AGARI ba="1,0" hai="21,26,31,42,47,51,52,58,60,102,103" m="36363" machi="47" ten="30,5800,0" yaku="8,1,52,1,54,1" doraHai="57" who="1" fromWho="2" sc="250,0,169,61,326,-61,255,0" /><INIT seed="5,2,0,4,5,20" ten="250,230,265,255" oya="1" hai0="43,103,94,100,57,125,71,78,122,13,95,62,63" hai1="64,121,119,0,88,135,85,91,114,6,96,16,55" hai2="67,82,65,77,19,53,32,5,3,123,40,61,80" hai3="118,126,127,107,92,59,75,31,66,79,74,38,89"/><U23/><E119/><V4/><F123/><W41/><G107/><T1/><D1/><U22/><E121/><V130/><F32/><W73/><G118/><T9/><D125/><N who="3" m="47625" /><G38/><T25/><D78/><U52/><E114/><V84/><F130/><W51/><G31/><T70/><D43/><U30/><E135/><V108/><F108/><W60/><G41/><T10/><D13/><N who="1" m="9487" /><E0/><V102/><F102/><W120/><G51/><T49/><D49/><U111/><E64/><N who="2" m="24651" /><F40/><W132/><G120/><T129/><D122/><U27/><E6/><N who="2" m="2667" /><F3/><W50/><G50/><T98/><D129/><U18/><E30/><V2/><F2/><W72/><G132/><T106/><D106/><U44/><E111/><V116/><F116/><W36/><G36/><T34/><D34/><U104/><E104/><V56/><F82/><N who="3" m="45415" /><G74/><T68/><D68/><U105/><E105/><V45/><F45/><W109/><G109/><T117/><D117/><U112/><E112/><V14/><F14/><W110/><G110/><T81/><D81/><N who="1" m="49199" /><E44/><V54/><F19/><W8/><G8/><T47/><D47/><U90/><E90/><V15/><F15/><W48/><G75/><T115/><D115/><U128/><E128/><V26/><F26/><W17/><G73/><T131/><D131/><U101/><E101/><V83/><F83/><W87/><G17/><T69/><D25/><U97/><E91/><V7/><N who="2" m="2675" /><V124/><DORA hai="76" /><F124/><W39/><G39/><T93/><D103/><U113/><E113/><V133/><F133/><W12/><G12/><T58/><D100/><U35/><E35/><RYUUKYOKU ba="2,0" sc="250,-30,230,10,265,10,255,10" hai1="18,23,27,52,55,96,97" hai2="53,54,56,61,77,80,84" hai3="48,59,60,66,87,89,92" /><INIT seed="5,3,0,0,0,97" ten="220,240,275,265" oya="1" hai0="72,109,95,82,23,111,41,38,93,33,5,42,126" hai1="1,67,63,96,16,65,19,50,3,112,17,53,129" hai2="52,40,124,49,60,10,2,102,115,132,103,29,123" hai3="75,54,31,62,66,105,24,56,107,104,80,8,135"/><U57/><E112/><V55/><F123/><W85/><G135/><T26/><D33/><U48/><E129/><V61/><F132/><W39/><G39/><T121/><D121/><U4/><E4/><V117/><F117/><W28/><G75/><T84/><D126/><U91/><E50/><V30/><F2/><W36/><G36/><T92/><D72/><U12/><E65/><V88/><F124/><W76/><G8/><T7/><D38/><U51/><E48/><V21/><F10/><W6/><G6/><N who="0" m="2059" /><D111/><U113/><E113/><V71/><F71/><W122/><G122/><T79/><D109/><U133/><E133/><V70/><F70/><W32/><REACH who="3" step="1"/><G28/><AGARI ba="3,0" hai="23,26,28,41,42,79,82,84,92,93,95" m="2059" machi="28" ten="30,1000,0" yaku="8,1" doraHai="97" who="0" fromWho="3" sc="220,19,240,0,275,0,265,-19" /><INIT seed="6,0,0,2,4,92" ten="239,240,275,246" oya="2" hai0="44,117,52,33,42,86,97,29,61,96,116,130,112" hai1="41,12,95,20,2,8,82,121,19,101,63,47,109" hai2="10,4,65,128,80,58,88,36,123,115,118,16,40" hai3="45,68,1,0,60,114,5,24,133,27,78,134,87"/><V94/><F118/><N who="0" m="45674" /><D112/><U98/><E109/><V35/><F123/><W84/><G114/><T14/><D130/><U69/><E121/><V59/><F128/><W18/><G45/><T32/><D86/><U91/><E69/><V46/><F35/><N who="0" m="13386" /><D29/><U17/><E63/><V21/><F65/><W99/><G60/><T90/><D90/><U62/><E62/><V85/><F80/><W113/><G68/><T31/><D31/><U28/><E28/><V43/><F43/><W102/><G113/><T104/><D104/><U39/><E2/><V9/><F9/><W57/><G78/><T125/><D14/><U13/><REACH who="1" step="1"/><E82/><REACH who="1" ten="239,230,275,246" step="2"/><V51/><F115/><W107/><G0/><T108/><D108/><U132/><E132/><V122/><F122/><W100/><G1/><T83/><D83/><U75/><E75/><V6/><F36/><W105/><G133/><T38/><D125/><U120/><E120/><V76/><F76/><W70/><G70/><T53/><D61/><U131/><E131/><V110/><F110/><W25/><G134/><T73/><D73/><U7/><E7/><N who="2" m="2603" /><F10/><W11/><G11/><T111/><D111/><U50/><E50/><V71/><F71/><W74/><G74/><T89/><D89/><AGARI ba="0,1" hai="8,12,13,17,19,20,39,41,47,89,91,95,98,101" machi="89" ten="40,5200,0" yaku="1,1,52,1,53,1" doraHai="92" doraHaiUra="37" who="1" fromWho="0" sc="239,-52,230,62,275,0,246,0" /><INIT seed="7,0,0,4,4,125" ten="187,292,275,246" oya="3" hai0="4,94,13,76,49,66,60,22,26,117,24,5,72" hai1="69,28,108,63,18,128,31,126,16,7,99,70,124" hai2="95,20,48,135,65,131,86,98,1,90,112,23,55" hai3="119,36,83,37,40,106,46,109,133,47,87,120,81"/><W118/><G120/><T29/><D117/><U130/><E7/><V113/><F135/><W14/><G133/><T127/><D127/><N who="1" m="48683" /><E108/><V61/><F1/><W67/><G106/><T91/><D76/><U102/><E18/><V104/><F131/><N who="1" m="50217" /><E16/><V129/><F129/><W105/><G105/><T38/><D72/><U0/><E0/><V88/><F112/><W114/><G14/><T52/><D38/><U116/><E116/><V15/><F15/><W111/><G114/><T110/><D26/><U27/><E63/><V17/><F17/><W132/><G132/><T45/><D110/><U71/><E27/><V50/><F50/><W101/><G36/><T79/><D79/><U44/><E44/><V59/><F113/><W107/><G47/><T96/><REACH who="0" step="1"/><D13/><REACH who="0" ten="177,292,275,246" step="2"/><U41/><E41/><V75/><F75/><W115/><G40/><T121/><D121/><U92/><AGARI ba="0,1" hai="28,31,69,70,71,92,99,102" m="50217,48683" machi="92" ten="40,8000,1" yaku="18,1,19,1,52,3" doraHai="125" who="1" fromWho="1" sc="177,-20,292,90,275,-20,246,-40" owari="157,-34.3,382,48.2,255,5.5,206,-19.4" /></mjloggm>