<mjloggm ver="2.3"><GO type="225" lobby="0"/><UN n0="%E3%83%96%E3%83%83%E3%83%91%E3%82%AA%E3%83%96%E3%83%81%E3%82%AD%E3%83%B3" n1="%6E%69%63%6F%6E%74%6F" n2="%E3%81%A4%E3%81%A3%E3%81%B1%E3%82%8A%E3%83%9D%E3%83%BC%E3%83%AB" n3="%E3%82%A2%E3%83%9E%E3%83%9D%EF%BD%9E%EF%BD%9E%E3%83%A9" dan="16,16,17,17" rate="2141.21,2148.57,2195.02,2136.10" sx="M,M,M,M"/><TAIKYOKU oya="0"/><INIT seed="0,0,0,3,4,36" ten="250,250,250,250" oya="0" hai0="102,132,125,14,21,118,77,122,4,41,46,26,13" hai1="83,61,2,3,82,24,89,130,94,68,39,51,44" hai2="93,64,123,49,17,78,54,35,84,81,104,6,88" hai3="37,72,50,75,32,129,105,95,33,127,47,117,128"/><T40/><D118/><U126/><E130/><N who="3" m="50282" /><G117/><T56/><D122/><U30/><E126/><V60/><F123/><W116/><G116/><T111/><D125/><U57/><E39/><V45/><F104/><W22/><G105/><T70/><D70/><U66/><E3/><V10/><F35/><N who="3" m="13387" /><G37/><T98/><D132/><U16/><E2/><V67/><F17/><W114/><G114/><T53/><D77/><U23/><E30/><V100/><F100/><W28/><G95/><N who="0" m="58719" /><D111/><U58/><E58/><V29/><F29/><W80/><G80/><T42/><D46/><U18/><E18/><V86/><REACH who="2" step="1"/><F60/><REACH who="2" ten="250,250,240,250" step="2"/><W119/><G119/><T135/><D135/><U108/><E108/><V121/><F121/><W62/><G62/><N who="0" m="36111" /><D4/><U31/><E31/><AGARI ba="0,1" hai="13,14,21,26,31,40,41,42" m="36111,58719" machi="31" ten="30,11600,0" yaku="8,1,52,3" doraHai="36" who="0" fromWho="1" sc="250,126,250,-116,240,0,250,0" /><INIT seed="0,1,0,0,3,98" ten="376,134,240,250" oya="0" hai0="74,88,87,2,58,123,3,132,99,69,41,17,19" hai1="107,124,9,75,24,20,127,38,60,81,105,110,22" hai2="129,34,111,1,61,10,68,80,55,45,25,13,30" hai3="86,125,12,117,43,130,90,115,40,63,31,134,116"/><T11/><D123/><U59/><E38/><V112/><F112/><W44/><G115/><T32/><D74/><U52/><E110/><V82/><F111/><W97/><G125/><N who="1" m="48202" /><E9/><V85/><F129/><W26/><G134/><T5/><D69/><U101/><E22/><V100/><F1/><W121/><G130/><T120/><D120/><U16/><E101/><V67/><F100/><W39/><G43/><T84/><D32/><U135/><E135/><V91/><F55/><W36/><G36/><T93/><D132/><U83/><E75/><V106/><F45/><W14/><G97/><T50/><D3/><U104/><AGARI ba="1,0" hai="16,20,24,52,59,60,81,83,104,105,107" m="48202" machi="104" ten="40,5200,0" yaku="18,1,54,2" doraHai="98" who="1" fromWho="1" sc="376,-27,134,55,240,-14,250,-14" /><INIT seed="1,0,0,3,0,55" ten="349,189,226,236" oya="1" hai0="134,2,70,37,44,33,86,36,93,23,41,21,80" hai1="95,127,52,102,68,114,107,106,16,84,112,69,75" hai2="97,66,96,46,47,105,58,88,135,31,19,109,12" hai3="72,60,4,45,0,50,43,85,98,111,124,77,29"/><U120/><E120/><V118/><F118/><W25/><G111/><T10/><D33/><U133/><E75/><V91/><F109/><W126/><G98/><N who="2" m="37993" /><F105/><W13/><G72/><T22/><D70/><U8/><E127/><N who="3" m="48682" /><G60/><T6/><D134/><U20/><E133/><V30/><F135/><W3/><G13/><T125/><D125/><U9/><E84/><V15/><F15/><W7/><G77/><T128/><D128/><U11/><E95/><V76/><F76/><W78/><G78/><T48/><REACH who="0" step="1"/><D93/><REACH who="0" ten="339,189,226,236" step="2"/><U26/><E69/><V83/><F83/><W18/><G0/><T101/><D101/><U40/><E68/><V38/><F38/><W115/><G3/><T67/><D67/><U73/><E102/><V63/><F31/><W89/><G29/><T129/><D129/><U17/><E107/><V49/><F30/><W113/><G113/><T5/><D5/><U82/><E106/><V79/><F79/><AGARI ba="0,1" hai="2,6,10,21,22,23,36,37,41,44,48,79,80,86" machi="79" ten="40,2600,0" yaku="1,1,53,1" doraHai="55" doraHaiUra="74" who="0" fromWho="2" sc="339,36,189,0,226,-26,236,0" /><INIT seed="2,0,0,3,0,70" ten="375,189,200,236" oya="2" hai0="65,42,81,25,133,2,60,82,79,135,128,73,53" hai1="16,126,125,41,44,114,88,18,134,56,131,57,11" hai2="86,130,75,12,46,116,102,72,93,92,122,112,108" hai3="101,38,14,67,4,99,64,98,129,17,6,31,85"/><V115/><F12/><W59/><G38/><T22/><D2/><U34/><E114/><V23/><F23/><W24/><G85/><T58/><D128/><U71/><E34/><V76/><F46/><W19/><G129/><T49/><D42/><U109/><E71/><V83/><F130/><W100/><G59/><N who="1" m="22602" /><E131/><V106/><F122/><W26/><G14/><T77/><D49/><U8/><E109/><V97/><F116/><W47/><G47/><T1/><D53/><U54/><E54/><V40/><F40/><W127/><G127/><N who="1" m="48650" /><E134/><V21/><F21/><W105/><G105/><T29/><REACH who="0" step="1"/><D1/><REACH who="0" ten="365,189,200,236" step="2"/><U103/><E41/><V89/><F108/><W9/><G67/><T5/><D5/><U68/><E44/><V104/><F72/><AGARI ba="0,1" hai="22,25,29,58,60,65,72,73,77,79,81,82,133,135" machi="72" ten="40,2600,0" yaku="1,1,9,1,53,0" doraHai="70" doraHaiUra="111" who="0" fromWho="2" sc="365,36,189,0,200,-26,236,0" /><INIT seed="3,0,0,4,2,69" ten="401,189,174,236" oya="3" hai0="129,130,3,30,113,1,125,9,135,14,32,82,34" hai1="41,134,7,126,131,44,73,84,66,20,122,11,108" hai2="110,39,83,17,101,70,52,116,80,40,71,59,124" hai3="95,121,24,72,46,36,115,91,100,62,4,12,64"/><W93/><G121/><T98/><D125/><U49/><E122/><V81/><F116/><W105/><G72/><T28/><D98/><U76/><E126/><V25/><F124/><W77/><G77/><T86/><D86/><U35/><E35/><N who="0" m="13353" /><D82/><N who="1" m="47175" /><E73/><V123/><F123/><W27/><G95/><T57/><D57/><U104/><E104/><V79/><F79/><W8/><G100/><T67/><D67/><U42/><E134/><V2/><F2/><N who="0" m="522" /><D135/><U114/><E114/><V54/><F110/><W45/><G105/><T133/><D113/><U132/><E131/><N who="0" m="50185" /><D133/><U127/><E132/><V21/><F101/><W33/><G64/><T63/><D63/><U88/><E127/><V112/><F112/><W119/><G62/><T10/><D10/><U75/><E108/><V68/><REACH who="2" step="1"/><F59/><REACH who="2" ten="401,189,164,236" step="2"/><W58/><G58/><T103/><D103/><U6/><E75/><V96/><F96/><W31/><G115/><T109/><D109/><U118/><E118/><V0/><F0/><W50/><G119/><T99/><D99/><U55/><E66/><V22/><F22/><W85/><G33/><T15/><D15/><U120/><E20/><V19/><F19/><AGARI ba="0,1" hai="9,14,19,28,30" m="50185,522,13353" machi="19" ten="40,5200,0" yaku="19,1,34,2" doraHai="69" who="0" fromWho="2" sc="401,62,189,0,164,-52,236,0" owari="463,56.3,189,-21.1,112,-38.8,236,3.6" /></mjloggm>