<mjloggm ver="2.3"><GO type="169" lobby="0"/><UN n0="%E3%81%BE%E3%81%A1%E3%82%83" n1="%E9%AB%AD%E9%AF%A8" n2="%4B%69%74%61%6D%75%72%61" n3="%E5%AE%87%E5%AE%99%E7%89%A9%E7%90%86" dan="16,16,18,16" rate="2054.87,2154.24,2289.93,2101.65" sx="F,M,F,F"/><TAIKYOKU oya="0"/><INIT seed="0,0,0,2,2,68" ten="250,250,250,250" oya="0" hai0="110,50,11,124,20,25,24,132,96,7,40,64,41" hai1="83,114,126,77,60,55,65,90,84,134,58,128,130" hai2="76,14,23,116,2,66,100,6,108,53,8,106,5" hai3="127,78,47,30,42,46,44,85,92,82,72,97,75"/><T4/><D124/><U67/><E126/><V86/><F108/><W3/><G127/><T37/><D132/><U57/><E134/><V12/><F116/><W21/><G3/><T70/><D110/><U111/><E111/><V1/><F66/><W109/><G109/><T10/><D64/><U88/><E114/><V52/><F106/><W129/><G129/><N who="1" m="49770" /><E65/><V54/><F100/><W104/><G42/><T121/><D70/><U95/><E95/><V29/><F29/><W120/><G120/><T48/><D20/><U13/><E13/><V16/><REACH who="2" step="1"/><F6/><REACH who="2" ten="250,250,240,250" step="2"/><W80/><G104/><T105/><D105/><U59/><E55/><V87/><F87/><W17/><G30/><T118/><D118/><U33/><E33/><V91/><F91/><AGARI ba="0,1" hai="57,58,59,60,67,77,83,84,88,90,91" m="49770" machi="91" ten="30,2000,0" yaku="19,1,54,1" doraHai="68" who="1" fromWho="2" sc="250,0,250,30,240,-20,250,0" /><INIT seed="1,0,0,3,4,128" ten="250,280,220,250" oya="1" hai0="17,111,54,36,51,102,112,43,28,129,108,60,32" hai1="18,84,119,4,93,95,104,31,130,65,34,41,77" hai2="86,53,100,97,22,107,116,16,99,25,71,39,94" hai3="126,33,52,91,21,46,20,37,45,3,61,83,6"/><U127/><E119/><V85/><F116/><W87/><G33/><T106/><D17/><U89/><E104/><V57/><F71/><W80/><G126/><T78/><D78/><U125/><E130/><V13/><F39/><W88/><G3/><T59/><D28/><U0/><E41/><V8/><F99/><W24/><G6/><T11/><D11/><U26/><E65/><V74/><F74/><W14/><G14/><T98/><D32/><U64/><E64/><V12/><F107/><W42/><G24/><T135/><D112/><U2/><E18/><V9/><F13/><W56/><G45/><N who="0" m="26047" /><D36/><U67/><E67/><V76/><F76/><W35/><G35/><T7/><D7/><U40/><E40/><V110/><F110/><N who="0" m="42026" /><D129/><U27/><E27/><V114/><F114/><W81/><REACH who="3" step="1"/><G91/><REACH who="3" ten="250,280,220,240" step="2"/><T82/><D82/><AGARI ba="0,1" hai="20,21,37,42,46,52,56,61,80,81,82,83,87,88" machi="82" ten="40,8000,1" yaku="1,1,2,1,54,2,53,0" doraHai="128" doraHaiUra="63" who="3" fromWho="0" sc="250,-80,280,0,220,0,240,90" /><INIT seed="2,0,0,2,1,36" ten="170,280,220,330" oya="2" hai0="17,55,53,47,89,10,112,63,95,85,8,105,127" hai1="40,54,25,106,13,24,34,18,133,16,38,26,15" hai2="66,124,107,11,39,27,73,57,120,69,30,62,31" hai3="6,70,51,4,100,52,132,75,14,23,111,86,123"/><V76/><F120/><W45/><G123/><T44/><D112/><U72/><E106/><V93/><F124/><W110/><G75/><T128/><D128/><U81/><E133/><V78/><F107/><W22/><G70/><T7/><D105/><U101/><E101/><V83/><F76/><W49/><G132/><T60/><D127/><U68/><E68/><V135/><F135/><W77/><G100/><T9/><D7/><U116/><E116/><V108/><F39/><W79/><G86/><T84/><D17/><U130/><E34/><V109/><F93/><W64/><G14/><T46/><REACH who="0" step="1"/><D85/><REACH who="0" ten="160,280,220,330" step="2"/><U102/><E130/><V29/><F109/><W42/><G110/><T58/><D58/><U97/><E18/><V56/><F108/><W99/><G4/><T91/><D91/><U80/><E16/><V87/><F87/><W41/><G6/><T2/><D2/><U59/><E59/><V113/><F113/><W12/><G111/><T19/><D19/><U82/><E15/><V118/><F57/><W121/><G12/><T65/><D65/><U32/><E13/><V67/><F67/><W96/><G64/><T43/><D43/><U20/><E40/><V90/><F90/><W37/><G37/><T119/><D119/><U21/><E38/><V88/><F118/><W0/><G0/><T103/><D103/><U61/><E102/><V94/><F69/><W71/><G71/><T129/><D129/><U50/><E24/><V3/><F3/><W131/><G131/><T1/><D1/><U125/><E125/><V126/><F126/><W48/><G41/><RYUUKYOKU ba="0,1" sc="160,30,280,-10,220,-10,330,-10" hai0="8,9,10,44,46,47,53,55,60,63,84,89,95" /><INIT seed="3,1,1,0,5,9" ten="190,270,210,320" oya="3" hai0="94,24,47,56,31,15,90,101,73,127,134,131,63" hai1="25,16,17,84,48,114,109,26,21,28,42,78,106" hai2="74,118,132,10,36,91,58,68,82,6,2,59,95" hai3="18,62,0,67,46,50,100,98,75,69,35,22,29"/><W44/><G75/><T27/><D127/><U20/><E114/><V39/><F118/><W117/><G117/><T76/><D131/><U79/><E109/><V45/><F68/><W23/><G0/><T1/><D1/><U130/><E130/><V86/><F132/><W113/><G113/><T128/><D134/><U4/><E106/><V83/><F83/><W97/><G97/><T52/><D128/><U38/><E38/><V107/><F107/><W55/><G46/><T61/><D101/><U121/><E4/><V93/><F93/><W87/><G87/><T49/><D73/><U110/><E110/><V66/><F66/><W60/><G60/><T51/><D15/><U123/><E84/><V19/><F19/><W54/><G54/><T64/><D76/><U89/><E89/><V119/><F39/><W126/><G126/><T129/><D24/><U133/><E133/><V7/><F7/><W57/><G57/><T124/><D124/><U77/><E28/><V122/><F122/><W34/><G29/><T112/><D129/><U135/><E135/><V80/><F80/><W8/><G8/><T70/><D47/><AGARI ba="1,1" hai="16,17,20,21,25,26,42,47,48,77,78,79,121,123" machi="47" ten="40,2600,0" yaku="9,1,54,1" doraHai="9" who="1" fromWho="0" sc="190,-29,270,39,210,0,320,0" /><INIT seed="4,0,0,4,4,75" ten="161,309,210,320" oya="0" hai0="72,79,100,1,97,119,52,32,57,108,33,23,127" hai1="133,3,87,78,94,5,102,20,50,69,111,85,66" hai2="9,10,11,90,103,96,120,89,86,46,105,60,7" hai3="17,122,43,48,116,44,104,71,77,82,27,130,31"/><T112/><D119/><U62/><E111/><V37/><F120/><W91/><G116/><T12/><D1/><U99/><E133/><V80/><F60/><W132/><G71/><T101/><D101/><U40/><E5/><V19/><F19/><W30/><G104/><T98/><D98/><U84/><E3/><V16/><F7/><W67/><G67/><T126/><D23/><U8/><E8/><V39/><F46/><W6/><G132/><T14/><D14/><U26/><E50/><V76/><REACH who="2" step="1"/><F16/><REACH who="2" ten="161,309,200,320" step="2"/><W2/><G17/><T65/><D65/><U4/><E4/><V24/><F24/><W29/><G27/><T13/><D13/><U135/><E135/><V21/><F21/><W106/><G44/><T128/><D12/><U47/><E20/><V93/><F93/><W134/><G6/><T59/><D108/><U92/><E26/><V70/><F70/><W95/><G95/><N who="0" m="58431" /><D128/><U53/><E92/><V55/><F55/><W22/><G22/><T73/><D112/><U83/><E53/><V0/><F0/><W118/><G2/><T45/><D45/><U61/><E61/><V74/><F74/><W28/><G122/><T81/><D73/><U63/><E63/><V125/><F125/><N who="0" m="47626" /><D59/><U15/><E15/><V131/><F131/><W107/><G130/><T121/><D121/><U36/><AGARI ba="0,1" hai="36,40,47,62,66,69,78,83,84,85,87,94,99,102" machi="36" ten="20,2700,0" yaku="0,1,7,1,52,1" doraHai="75" who="1" fromWho="1" sc="161,-13,309,37,200,-7,320,-7" /><INIT seed="5,0,0,0,2,10" ten="148,346,193,313" oya="1" hai0="53,84,108,90,42,12,130,100,58,56,126,133,65" hai1="72,83,41,50,0,33,78,60,102,111,31,46,64" hai2="88,66,43,45,129,2,68,71,30,36,131,87,132" hai3="109,114,101,19,80,21,110,4,52,128,3,91,63"/><U24/><E111/><V23/><F2/><W118/><G114/><T119/><D126/><U8/><E102/><V96/><F132/><W61/><G128/><N who="2" m="49225" /><F66/><W69/><G118/><T74/><D130/><U48/><E8/><V11/><F96/><W107/><G3/><T34/><D133/><U81/><E81/><N who="2" m="49263" /><F11/><W112/><G4/><T62/><D34/><U35/><E0/><V55/><F55/><W82/><G112/><T115/><D115/><U20/><REACH who="1" step="1"/><E48/><REACH who="1" ten="148,336,193,313" step="2"/><V135/><F135/><W123/><G101/><T5/><D100/><U26/><E26/><AGARI ba="0,1" hai="23,26,30,36,43,45,68,71" m="49263,49225" machi="26" ten="30,2000,0" yaku="19,1,54,1" doraHai="10" who="2" fromWho="1" sc="148,0,336,-20,193,30,313,0" /><INIT seed="6,0,0,2,5,26" ten="148,316,223,313" oya="2" hai0="130,97,125,35,19,112,48,124,99,126,72,28,69" hai1="17,103,119,65,104,74,57,25,30,83,132,107,86" hai2="71,37,87,39,121,11,18,134,73,64,60,98,42" hai3="44,51,89,81,0,91,80,133,82,10,92,8,118"/><V4/><F121/><W85/><G118/><T131/><D69/><U128/><E74/><V43/><F73/><W110/><G110/><T24/><D72/><U31/><E132/><V76/><F134/><W56/><G133/><T32/><D112/><U90/><E128/><N who="0" m="49193" /><D35/><U49/><E119/><V46/><F18/><W123/><G123/><T122/><D122/><U135/><E135/><V15/><F98/><N who="0" m="37386" /><D19/><U34/><E103/><V53/><F53/><W117/><G117/><T101/><D48/><U27/><E17/><V13/><F13/><W96/><G56/><T93/><D93/><U115/><E115/><V45/><F87/><W78/><G0/><T70/><D70/><U55/><E65/><V40/><REACH who="2" step="1"/><F76/><REACH who="2" ten="148,316,213,313" step="2"/><W47/><G78/><T14/><D101/><U52/><E55/><V20/><F20/><AGARI ba="0,1" hai="20,25,27,30,31,34,49,52,57,83,86,90,104,107" machi="20" ten="30,7700,0" yaku="7,1,52,2,54,1" doraHai="26" who="1" fromWho="2" sc="148,0,316,87,213,-77,313,0" /><INIT seed="7,0,0,3,0,67" ten="148,403,136,313" oya="3" hai0="104,123,66,48,73,60,43,134,63,108,0,1,4" hai1="124,26,2,130,112,126,117,69,122,44,27,99,52" hai2="85,120,20,102,70,56,94,71,121,68,7,18,109" hai3="111,54,14,95,91,34,40,61,83,103,49,127,88"/><W118/><G118/><T3/><D108/><U101/><E69/><V76/><F109/><W45/><G111/><T15/><D123/><N who="2" m="47178" /><F7/><W11/><G34/><T55/><D73/><U125/><E2/><V12/><F56/><W59/><G127/><T32/><D104/><U29/><E29/><V58/><F58/><W89/><G83/><T53/><D32/><U25/><E25/><V75/><F75/><W13/><REACH who="3" step="1"/><G11/><REACH who="3" ten="148,403,136,303" step="2"/><T93/><D0/><U74/><E117/><V21/><F76/><W6/><G6/><T24/><D4/><U41/><E122/><V47/><F47/><W28/><G28/><T129/><D3/><U100/><E124/><V119/><F119/><W92/><G92/><T80/><D93/><U77/><E77/><V51/><F51/><W64/><G64/><T98/><D66/><U110/><E110/><V37/><F37/><W46/><G46/><T84/><D48/><U50/><E125/><V79/><F79/><W10/><G10/><T9/><D9/><U135/><E126/><V113/><F113/><W38/><G38/><T19/><D1/><U82/><E112/><V31/><F31/><W8/><G8/><T97/><D80/><U116/><E82/><V81/><F81/><W5/><G5/><T106/><D106/><U78/><E116/><V131/><F131/><W114/><G114/><T35/><D129/><U86/><E130/><V17/><F17/><W57/><G57/><T65/><D19/><U105/><E105/><V87/><F21/><W42/><G42/><T115/><D43/><U72/><E41/><V16/><F16/><RYUUKYOKU ba="0,1" sc="148,-15,403,-15,136,15,303,15" hai2="12,18,20,68,70,71,85,87,94,102" hai3="13,14,40,45,49,54,59,61,88,89,91,95,103" /><INIT seed="7,1,1,5,2,14" ten="133,388,151,318" oya="3" hai0="75,132,16,43,58,34,87,9,90,103,64,98,36" hai1="0,67,128,73,83,92,6,22,19,95,51,44,88" hai2="105,24,72,10,57,33,35,78,104,55,111,29,20" hai3="74,21,17,12,134,4,106,56,100,107,109,41,89"/><W11/><G74/><T31/><D75/><U77/><E128/><V119/><F111/><W110/><G134/><T94/><D132/><U38/><E67/><V115/><F119/><W121/><G121/><T37/><D43/><U131/><E131/><V25/><F115/><W117/><G117/><T135/><D135/><U5/><E38/><V101/><F101/><W32/><G32/><T70/><D58/><U126/><E92/><V79/><F10/><W60/><G41/><T91/><D16/><U30/><E30/><V68/><F68/><W86/><G100/><T85/><D9/><U69/><E126/><V61/><F35/><W53/><G110/><T81/><D64/><U59/><E59/><V93/><F93/><W39/><G39/><T45/><D45/><U28/><E28/><V1/><F1/><W129/><G129/><T108/><D70/><U46/><E46/><V120/><F120/><W71/><G71/><T7/><D7/><U26/><E0/><V130/><F130/><W133/><G133/><T80/><D108/><U113/><E113/><V102/><F102/><W18/><G109/><T8/><D8/><U3/><E3/><V112/><F112/><W49/><G60/><T42/><D42/><U40/><E69/><V125/><F125/><W124/><G124/><T66/><D66/><U114/><E114/><V97/><F97/><AGARI ba="1,1" hai="5,6,19,22,26,40,44,51,73,77,83,88,95,97" machi="97" ten="30,3900,0" yaku="7,1,52,1,54,1" doraHai="14" who="1" fromWho="2" sc="133,0,388,52,151,-42,318,0" owari="133,-26.7,440,54.0,109,-39.1,318,11.8" /></mjloggm>