<mjloggm ver="2.3"><GO type="225" lobby="0"/><UN n0="%E3%82%A4%E3%83%BC%E3%82%B1%E3%83%97%E3%83%A9" n1="%E6%9C%88%E5%B3%B6%E5%9F%BA" n2="%4B%2E%32%2E%4B%2E" n3="%E3%81%8B%E3%82%8F%E3%81%A1%E3%82%83%E3%82%93%35%38" dan="16,17,17,16" rate="2118.66,2206.47,2162.38,2133.94" sx="M,M,M,M"/><TAIKYOKU oya="0"/><INIT seed="0,0,0,3,0,79" ten="250,250,250,250" oya="0" hai0="51,18,40,92,22,126,56,94,104,96,4,129,87" hai1="44,120,88,74,118,55,69,35,57,116,39,76,86" hai2="17,111,45,75,27,93,98,63,52,73,6,11,61" hai3="78,54,82,5,101,7,31,38,107,124,114,37,29"/><T62/><D129/><U89/><E35/><V3/><F111/><W77/><G114/><T81/><D126/><U20/><E120/><V34/><F75/><W32/><G124/><T123/><D123/><U47/><E69/><V14/><F73/><W99/><G54/><T33/><D33/><U15/><E74/><V64/><F64/><W24/><G77/><T110/><D4/><U112/><E39/><V49/><F34/><N who="3" m="20775" /><G5/><T97/><D110/><U108/><E108/><V85/><F85/><W103/><G7/><T106/><D106/><U43/><E43/><V132/><F132/><W10/><G10/><T66/><D104/><U60/><E112/><V91/><REACH who="2" step="1"/><F27/><REACH who="2" ten="250,250,240,250" step="2"/><N who="3" m="18559" /><G101/><T80/><D87/><U16/><E116/><V28/><F28/><W113/><G113/><T84/><D84/><U71/><E118/><V72/><F72/><N who="3" m="43335" /><G37/><T70/><D70/><U42/><E71/><V58/><F58/><W59/><G59/><T128/><D128/><U36/><REACH who="1" step="1"/><E47/><REACH who="1" ten="250,240,240,250" step="2"/><V13/><F13/><W26/><G26/><T12/><D12/><U134/><E134/><V83/><F83/><AGARI ba="0,2" hai="15,16,20,36,42,44,55,57,60,76,83,86,88,89" machi="83" ten="40,8000,1" yaku="1,1,52,1,54,2,53,0" doraHai="79" doraHaiUra="131" who="1" fromWho="2" sc="250,0,240,100,240,-80,250,0" /><INIT seed="1,0,0,4,2,123" ten="250,340,160,250" oya="1" hai0="95,42,82,103,75,99,37,59,113,33,10,102,121" hai1="7,49,0,61,108,44,69,111,4,25,19,122,72" hai2="135,97,57,107,131,94,125,48,104,81,41,15,62" hai3="116,52,90,129,100,47,22,101,13,24,8,118,84"/><U39/><E122/><V110/><F131/><W51/><G129/><T76/><D121/><U132/><E72/><V2/><F2/><W63/><G63/><T83/><D113/><U106/><E106/><V23/><F125/><W53/><G53/><T92/><D33/><U130/><E39/><V88/><F135/><W29/><G118/><T36/><D42/><N who="1" m="24727" /><E130/><V18/><F110/><N who="1" m="42025" /><E0/><V21/><F104/><W12/><G116/><T30/><D37/><U50/><E50/><V117/><F107/><W115/><G115/><T98/><D36/><U87/><E87/><V109/><F109/><W58/><G47/><T20/><D75/><U127/><E127/><V16/><F117/><W78/><G78/><T74/><D76/><U5/><E132/><V134/><F134/><W9/><G9/><T93/><D10/><U3/><E3/><V79/><F48/><W31/><G31/><T28/><D74/><U124/><E124/><V6/><F41/><W60/><G51/><T73/><D73/><U55/><E55/><V91/><F79/><W45/><G45/><T56/><D95/><U26/><E19/><V85/><F6/><N who="3" m="3095" /><G13/><T1/><D1/><U11/><E11/><V86/><F86/><W66/><G52/><T14/><D14/><U34/><E34/><V105/><F105/><W77/><G77/><T32/><D32/><U17/><E17/><N who="2" m="6763" /><F15/><W119/><G119/><T46/><D46/><U120/><E120/><V40/><F40/><W68/><G29/><T67/><D93/><U43/><E43/><V71/><F71/><W38/><G38/><T112/><D112/><RYUUKYOKU ba="0,0" sc="250,-15,340,15,160,15,250,-15" hai1="4,5,7,25,26,61,69" hai2="21,23,57,62,81,85,88,91,94,97" /><INIT seed="1,1,0,5,4,15" ten="235,355,175,235" oya="1" hai0="24,0,133,6,31,27,110,39,29,92,37,118,59" hai1="58,87,84,57,131,67,30,56,65,23,134,77,68" hai2="19,86,48,4,114,129,128,123,12,78,45,74,70" hai3="121,13,76,130,82,120,113,93,126,119,94,46,108"/><U111/><E131/><V35/><F123/><W109/><G46/><T116/><D110/><N who="3" m="42601" /><G113/><T32/><D133/><U11/><E111/><V100/><F114/><W89/><G130/><T132/><D132/><U125/><E125/><V75/><F70/><W41/><G41/><T36/><D59/><U17/><E68/><V8/><F35/><W33/><G33/><N who="0" m="20647" /><D92/><U5/><E30/><V42/><F100/><W63/><G126/><T83/><D83/><N who="1" m="47215" /><E87/><V62/><F62/><W2/><G2/><T50/><D50/><U47/><E47/><V26/><F129/><W99/><G119/><T106/><D106/><U61/><E61/><V16/><F128/><W91/><G13/><T43/><D43/><U135/><E135/><V102/><F102/><N who="3" m="60783" /><G63/><T101/><D101/><U72/><E134/><V55/><F55/><W105/><G105/><T22/><D22/><U1/><E1/><V79/><F79/><W97/><G91/><T81/><D81/><U112/><E112/><V90/><F78/><W18/><G18/><T3/><D6/><U69/><E69/><V52/><F42/><W88/><G89/><T64/><D64/><U40/><E40/><V98/><F98/><W103/><G103/><T95/><D95/><U21/><E65/><V54/><F54/><W10/><G10/><T115/><D115/><U122/><E67/><V14/><F26/><W25/><G25/><T66/><D66/><U124/><E124/><V53/><F53/><W73/><AGARI ba="1,0" hai="73,76,82,88,94,97,120,121" m="60783,42601" machi="73" ten="30,7900,0" yaku="14,1,34,2,54,1" doraHai="15" who="3" fromWho="3" sc="235,-21,355,-40,175,-21,235,82" /><INIT seed="2,0,0,4,3,8" ten="214,315,154,317" oya="2" hai0="97,78,23,38,104,73,57,119,68,90,12,114,28" hai1="4,84,2,130,108,41,102,3,133,30,94,120,80" hai2="17,25,50,91,129,51,13,20,18,132,5,117,113" hai3="118,109,95,16,88,112,96,105,127,72,125,70,45"/><V63/><F113/><W100/><G70/><T135/><D114/><U115/><E115/><V103/><F117/><W26/><G112/><T79/><D68/><U99/><E108/><V36/><F36/><W89/><G118/><T116/><D38/><U53/><E130/><V44/><F129/><W11/><G109/><T1/><D1/><U27/><E133/><V56/><F132/><W98/><G72/><T43/><D135/><U10/><E41/><V86/><F103/><W31/><G45/><T0/><D0/><U15/><E53/><V14/><F5/><W121/><G121/><T124/><D124/><N who="3" m="47689" /><G11/><T48/><D73/><U101/><E101/><V111/><F111/><W67/><G67/><T62/><D104/><U69/><E69/><V6/><F6/><W49/><G49/><N who="2" m="18441" /><F44/><W55/><G55/><N who="0" m="34111" /><D119/><U46/><E46/><V71/><F71/><W122/><G122/><T85/><D97/><U64/><E64/><N who="2" m="39015" /><F17/><W54/><G54/><T76/><D116/><U58/><E58/><V34/><F34/><N who="3" m="20855" /><G16/><N who="0" m="10631" /><D28/><U29/><E29/><V21/><F21/><W93/><G105/><T83/><D48/><U126/><E120/><V61/><F61/><W107/><G107/><T39/><D39/><U47/><E47/><V24/><F24/><W9/><G9/><T60/><D60/><U19/><E126/><V131/><F131/><W110/><G110/><T106/><D106/><U81/><E4/><V32/><F32/><W65/><G65/><T77/><N who="0" m="19456" /><DORA hai="82" /><T74/><D74/><U59/><E30/><V128/><F128/><W37/><G37/><T92/><D43/><RYUUKYOKU ba="0,0" sc="214,10,315,-30,154,10,317,10" hai0="83,85,90,92" hai2="13,14,18,20,25,86,91" hai3="88,89,93,95,96,98,100" /><INIT seed="2,1,0,1,5,63" ten="224,285,164,327" oya="2" hai0="61,108,38,91,43,48,99,2,8,7,135,85,100" hai1="72,70,71,62,67,31,21,58,17,113,121,32,20" hai2="89,36,3,82,60,119,53,40,5,126,115,90,73" hai3="56,96,116,26,41,111,125,127,9,68,29,92,130"/><V57/><F115/><W59/><G68/><T64/><D108/><U102/><E113/><V103/><F119/><W0/><G116/><T22/><D135/><U18/><E72/><V46/><F126/><N who="3" m="48139" /><G41/><T11/><D38/><U10/><E121/><V129/><F129/><W86/><G111/><T65/><D11/><U14/><E32/><V16/><F16/><W76/><G130/><T54/><D22/><U101/><E71/><V109/><F103/><W93/><G9/><T117/><D43/><U124/><E70/><V34/><F34/><W81/><G0/><T134/><D61/><U50/><E50/><V28/><F28/><W1/><G1/><T75/><D75/><U35/><E35/><V52/><F53/><W131/><G93/><T78/><D78/><U106/><E106/><V112/><F112/><W87/><G87/><T133/><D117/><U104/><E104/><V94/><F94/><W132/><G132/><N who="0" m="50795" /><D99/><U79/><E79/><N who="2" m="44399" /><F109/><W6/><G6/><T39/><D100/><U23/><E124/><V77/><F77/><W84/><G84/><T66/><D39/><U37/><E37/><V107/><F107/><W19/><G19/><N who="1" m="7178" /><E31/><V74/><F74/><W122/><G122/><T98/><D98/><U12/><E12/><V123/><F123/><W128/><G29/><T95/><D54/><U105/><E105/><V15/><F15/><W118/><G118/><T97/><D97/><U27/><E27/><V88/><F89/><N who="3" m="55311" /><G26/><T33/><D33/><U30/><E30/><V55/><F55/><W13/><G13/><T49/><AGARI ba="1,0" hai="2,7,8,48,49,64,65,66,85,91,95" m="50795" machi="49" ten="40,8000,1" yaku="20,1,52,3" doraHai="63" who="0" fromWho="0" sc="224,83,285,-21,164,-41,327,-21" /><INIT seed="3,0,0,3,2,70" ten="307,264,123,306" oya="3" hai0="3,97,50,30,62,105,89,15,2,1,113,0,81" hai1="114,12,40,49,132,131,4,10,99,53,124,34,95" hai2="86,16,82,122,119,112,111,23,52,135,106,57,110" hai3="22,123,104,39,101,128,42,129,20,13,48,67,31"/><W38/><G123/><T37/><N who="0" m="0" /><DORA hai="88" /><T107/><D37/><N who="3" m="13833" /><G67/><T125/><D125/><U14/><E114/><V78/><F135/><W44/><G31/><T46/><D113/><U7/><E34/><V66/><F119/><W11/><G101/><T121/><D121/><U18/><E124/><V98/><F122/><W75/><G75/><T134/><D134/><U47/><E131/><N who="3" m="50250" /><G104/><T71/><D30/><U90/><E132/><V64/><F112/><W26/><G26/><T6/><D62/><U17/><REACH who="1" step="1"/><E40/><REACH who="1" ten="307,254,123,306" step="2"/><V103/><F110/><W35/><G35/><T59/><D107/><U9/><AGARI ba="0,1" hai="4,7,9,10,12,14,17,18,47,49,53,90,95,99" machi="9" ten="20,12000,2" yaku="1,1,2,1,0,1,7,1,9,1,8,1,52,1,53,0" doraHai="70,88" doraHaiUra="79,80" who="1" fromWho="1" sc="307,-30,254,130,123,-30,306,-60" owari="277,7.7,384,48.4,93,-40.7,246,-15.4" /></mjloggm>