<mjloggm ver="2.3"><GO type="169" lobby="0"/><UN n0="%E3%81%93%E3%81%A1" n1="%E8%8F%8A%E6%B1%A0%E9%A2%A8%E9%A6%99" n2="%E3%83%8F%E3%83%B3%E3%83%81%E3%83%A7%E3%82%A6%E5%A4%A7%E6%A7%BB" n3="%E3%81%BE%E3%81%A8%E3%81%9F" dan="16,16,16,16" rate="2208.09,2123.75,2083.84,2099.40" sx="F,M,M,M"/><TAIKYOKU oya="0"/><INIT seed="0,0,0,4,5,50" ten="250,250,250,250" oya="0" hai0="81,8,29,51,34,99,122,125,47,30,101,71,107" hai1="100,128,78,116,119,28,130,108,127,11,27,54,111" hai2="66,21,79,69,56,46,44,40,3,39,135,26,1" hai3="75,5,65,36,19,84,76,102,18,91,88,38,105"/><T48/><D122/><U83/><E100/><V98/><F135/><W97/><G65/><T42/><D71/><U132/><E132/><V133/><F133/><W80/><G5/><T23/><D34/><U113/><E83/><V2/><F79/><W109/><G109/><N who="1" m="42058" /><E78/><V124/><F124/><W32/><G32/><T64/><D125/><U20/><E127/><V58/><F46/><W129/><G129/><N who="1" m="49770" /><E113/><V114/><F114/><W14/><G19/><T123/><D123/><U131/><N who="1" m="49778" /><U77/><DORA hai="15" /><E77/><V25/><F98/><W35/><G35/><T16/><D64/><U62/><E11/><V24/><F21/><W90/><REACH who="3" step="1"/><G84/><REACH who="3" ten="250,250,250,240" step="2"/><T89/><D29/><U49/><E62/><V126/><F126/><W96/><G96/><T85/><D30/><U0/><E0/><V9/><F9/><AGARI ba="0,1" hai="9,14,18,36,38,75,76,80,88,90,91,97,102,105" machi="9" ten="40,8000,1" yaku="1,1,52,1,54,1,53,1" doraHai="50,15" doraHaiUra="6,112" who="3" fromWho="2" sc="250,0,250,0,250,-80,240,90" /><INIT seed="1,0,0,3,5,91" ten="250,250,170,330" oya="1" hai0="102,110,3,35,95,135,109,74,61,37,113,89,39" hai1="45,7,115,121,87,117,123,54,85,14,90,101,32" hai2="49,66,105,13,40,69,75,84,79,2,57,76,107" hai3="116,99,19,31,34,133,59,30,58,56,28,114,92"/><U0/><E115/><V5/><F2/><W26/><G114/><T23/><D35/><U68/><E117/><V44/><F69/><W63/><G133/><T81/><D3/><U118/><E118/><V131/><F131/><W72/><G72/><T12/><D113/><U112/><E112/><V96/><F75/><W98/><G116/><T53/><D135/><U83/><E68/><V21/><F79/><W22/><G34/><T88/><D61/><U55/><E32/><V16/><F5/><W103/><REACH who="3" step="1"/><G98/><REACH who="3" ten="250,250,170,320" step="2"/><T33/><D33/><U77/><E123/><V122/><F122/><W42/><G42/><T97/><D74/><U43/><E121/><V104/><F96/><W78/><G78/><T73/><D73/><U24/><E43/><V47/><F76/><W65/><AGARI ba="0,1" hai="19,22,26,28,30,31,56,58,59,63,65,92,99,103" machi="65" ten="30,8000,1" yaku="1,1,0,1,8,1,52,1,53,1" doraHai="91" doraHaiUra="20" who="3" fromWho="3" sc="250,-20,250,-40,170,-20,320,90" /><INIT seed="2,0,0,0,2,109" ten="230,210,150,410" oya="2" hai0="56,120,75,108,44,51,112,38,86,2,35,16,9" hai1="37,78,17,62,71,69,130,48,129,101,65,40,6" hai2="73,132,25,121,49,96,111,70,88,10,13,28,80" hai3="12,29,134,42,76,1,128,98,97,46,36,87,26"/><V94/><F121/><W131/><G1/><T34/><D120/><U22/><E6/><V32/><F111/><W59/><G134/><T43/><D108/><U135/><E78/><V105/><F132/><W68/><G68/><T133/><D133/><U91/><E135/><V100/><F70/><W54/><G12/><T18/><D75/><U45/><E101/><V77/><F49/><N who="3" m="31183" /><G87/><T127/><D127/><U15/><E71/><V19/><REACH who="2" step="1"/><F105/><REACH who="2" ten="230,210,140,410" step="2"/><W81/><G36/><T107/><D107/><U84/><REACH who="1" step="1"/><E37/><REACH who="1" ten="230,200,140,410" step="2"/><V7/><F7/><W92/><G128/><T66/><D38/><U119/><E119/><V123/><F123/><W72/><G131/><T122/><D122/><U79/><E79/><V61/><F61/><W5/><G76/><T23/><D51/><U39/><E39/><V67/><F67/><W83/><G5/><T124/><D124/><U90/><E90/><AGARI ba="0,2" hai="10,13,19,25,28,32,73,77,80,88,90,94,96,100" machi="90" ten="40,3900,0" yaku="1,1,54,1,53,0" doraHai="109" doraHaiUra="118" who="2" fromWho="1" sc="230,0,200,-39,140,59,410,0" /><INIT seed="2,1,0,5,0,15" ten="230,161,199,410" oya="2" hai0="58,2,87,57,111,1,80,17,110,50,90,78,81" hai1="38,104,72,41,125,65,109,119,37,92,16,23,59" hai2="95,66,86,102,39,67,22,44,12,30,129,55,98" hai3="91,10,112,76,128,47,85,124,106,48,40,28,45"/><V134/><F129/><W99/><G128/><T60/><D50/><U52/><E119/><V3/><F3/><W6/><G124/><T131/><D131/><U11/><E104/><V117/><F117/><W132/><G132/><T100/><D100/><U25/><E125/><V126/><F126/><W77/><G28/><T51/><D51/><U83/><E109/><N who="0" m="41481" /><D17/><U31/><E65/><V18/><F134/><W74/><G74/><N who="0" m="43095" /><D58/><U127/><E127/><V101/><F30/><W35/><G47/><T88/><D90/><U108/><E41/><V135/><F135/><W89/><G89/><T5/><D5/><U105/><E105/><V32/><F32/><W122/><G106/><T20/><D20/><U7/><E108/><V116/><F116/><W0/><G35/><T84/><D84/><U121/><E121/><V75/><F75/><W8/><G85/><T107/><D107/><U24/><E92/><N who="2" m="58567" /><F39/><W61/><G122/><T54/><AGARI ba="1,0" hai="1,2,54,57,60,81,87,88" m="43095,41481" machi="54" ten="30,2000,0" yaku="14,1,54,1" doraHai="15" who="0" fromWho="0" sc="230,23,161,-6,199,-11,410,-6" /><INIT seed="3,0,0,3,0,101" ten="253,155,188,404" oya="3" hai0="47,38,14,103,68,55,125,134,45,118,84,60,131" hai1="92,58,76,114,21,28,13,116,127,24,133,124,46" hai2="128,25,94,59,111,54,61,129,37,130,52,62,57" hai3="53,8,95,18,98,93,104,109,82,51,32,132,36"/><W120/><G36/><T19/><D118/><U135/><E76/><V42/><F25/><W39/><G39/><T99/><D131/><U6/><E46/><N who="2" m="23887" /><F94/><W34/><G132/><N who="1" m="50762" /><E58/><V10/><F10/><W69/><G69/><T65/><D134/><U56/><E56/><V30/><F30/><W97/><G120/><T81/><D125/><N who="1" m="48203" /><E92/><V29/><F29/><W15/><G95/><T122/><D122/><U64/><E64/><N who="2" m="38959" /><F111/><W5/><G109/><T126/><D55/><AGARI ba="0,0" hai="52,54,55,59,62,128,129,130" m="38959,23887" machi="55" ten="30,7700,0" yaku="19,1,34,2,54,1" doraHai="101" who="2" fromWho="0" sc="253,-77,155,0,188,77,404,0" /><INIT seed="4,0,0,2,3,8" ten="176,155,265,404" oya="0" hai0="62,11,23,93,43,88,19,127,21,102,103,97,26" hai1="36,24,99,0,18,101,47,33,30,104,111,79,134" hai2="6,1,51,89,94,119,4,16,57,117,34,73,27" hai3="133,125,61,56,48,129,5,20,80,124,44,29,14"/><T3/><D127/><N who="3" m="48713" /><G133/><T54/><D43/><U76/><E111/><V130/><F73/><W58/><G80/><T49/><D62/><U39/><E134/><V132/><F132/><W85/><G29/><T41/><D41/><U25/><E0/><V106/><F106/><W98/><G85/><T87/><D3/><U28/><E18/><V17/><F1/><W9/><G20/><T42/><D42/><U105/><E47/><V64/><F34/><W135/><G129/><T128/><D128/><U68/><E68/><V40/><F40/><N who="3" m="24583" /><G61/><T70/><D70/><U90/><E90/><V83/><F83/><W63/><G63/><T100/><D23/><U52/><E52/><N who="2" m="31903" /><F64/><W126/><G135/><T107/><REACH who="0" step="1"/><D11/><REACH who="0" ten="166,155,265,404" step="2"/><U112/><E36/><V31/><F130/><W66/><G126/><T96/><D96/><U115/><E39/><V91/><F117/><W55/><G98/><T7/><D7/><U75/><E99/><N who="2" m="57807" /><F119/><W84/><G66/><T71/><D71/><U120/><E112/><V53/><F6/><W109/><G5/><T74/><D74/><U123/><E115/><V22/><F4/><W46/><G9/><T65/><D65/><U10/><E75/><V50/><F91/><W2/><G2/><T67/><D67/><U113/><E113/><V82/><F53/><W59/><G55/><T86/><D86/><U110/><E10/><V116/><F116/><W35/><G84/><T92/><D92/><U122/><E110/><V121/><F50/><W37/><G109/><T77/><D77/><N who="1" m="29771" /><E101/><V69/><F69/><W118/><G118/><T131/><D131/><RYUUKYOKU ba="0,1" sc="166,15,155,15,265,-15,404,-15" hai0="19,21,26,49,54,87,88,93,97,100,102,103,107" hai1="24,25,28,30,33,104,105,120,122,123" /><INIT seed="4,1,1,0,5,115" ten="181,170,250,389" oya="0" hai0="17,65,73,24,7,85,33,54,48,93,5,46,57" hai1="87,117,124,61,56,129,119,104,81,29,84,6,39" hai2="96,68,88,107,58,76,134,110,126,127,135,10,27" hai3="4,8,103,86,44,22,109,75,98,116,66,26,123"/><T19/><D73/><U31/><E39/><V121/><F68/><W38/><G75/><T112/><D112/><U71/><E104/><V35/><F121/><W125/><G109/><T133/><D133/><N who="2" m="50698" /><F76/><W101/><G66/><T120/><D120/><U15/><E71/><V13/><F110/><W90/><G123/><T25/><D33/><U12/><E129/><V1/><F1/><W69/><G69/><T51/><D25/><U59/><E6/><N who="0" m="2057" /><D24/><U28/><E124/><V0/><F0/><W89/><G125/><T2/><D2/><U45/><E45/><V83/><F27/><W111/><G44/><T20/><D20/><U53/><E59/><V108/><F58/><W34/><G22/><T80/><D93/><U64/><E64/><V91/><F35/><W60/><G26/><T23/><D23/><U55/><E55/><V92/><F108/><W99/><G34/><T102/><D102/><U41/><E41/><V47/><F47/><W36/><G103/><T114/><D114/><U43/><E43/><V3/><F3/><W50/><G101/><T106/><D106/><U42/><E42/><V18/><F107/><W97/><G111/><T128/><D128/><U122/><E122/><V9/><F9/><W105/><G105/><T40/><D65/><U52/><E53/><V78/><F91/><AGARI ba="1,1" hai="17,19,40,46,48,51,54,57,80,85,91" m="2057" machi="91" ten="30,1500,0" yaku="8,1" doraHai="115" who="0" fromWho="2" sc="181,28,170,0,250,-18,389,0" /><INIT seed="4,2,0,4,0,82" ten="209,170,232,389" oya="0" hai0="6,104,99,49,81,97,33,132,53,102,103,108,46" hai1="13,96,93,56,22,40,11,129,30,58,26,111,9" hai2="116,71,67,68,5,19,41,42,120,18,3,77,134" hai3="110,43,14,107,61,94,92,27,31,4,21,12,101"/><T86/><D33/><U113/><E111/><V17/><F120/><W47/><G110/><T115/><D108/><U24/><E129/><V20/><F77/><W121/><G121/><T70/><D115/><U112/><E40/><V25/><F3/><W133/><G133/><T128/><D132/><U122/><E122/><V87/><F5/><W39/><G107/><T127/><D127/><U62/><E26/><V123/><F123/><W32/><G4/><T105/><D6/><U35/><E35/><V57/><F134/><W135/><G135/><T130/><REACH who="0" step="1"/><D70/><REACH who="0" ten="199,170,232,389" step="2"/><U90/><E112/><V23/><F68/><W29/><G32/><T51/><D51/><U118/><E113/><V95/><F71/><W76/><G39/><T59/><D59/><U124/><E124/><V131/><F131/><W72/><G47/><T106/><D106/><U50/><E118/><V54/><F116/><W126/><G126/><T34/><D34/><U88/><E50/><N who="2" m="30935" /><F23/><W2/><G21/><T16/><D16/><N who="2" m="6250" /><F67/><W98/><G31/><T8/><D8/><U85/><E9/><V119/><F119/><W83/><G29/><T74/><D74/><U52/><E11/><V55/><F55/><W100/><G72/><T0/><D0/><U7/><E7/><V117/><F117/><W1/><G2/><T15/><D15/><U79/><E13/><V63/><F63/><W91/><G61/><T114/><D114/><U10/><E10/><V60/><F60/><W73/><G1/><T69/><D69/><U38/><E62/><V65/><F65/><W75/><G12/><T84/><D84/><RYUUKYOKU ba="2,1" sc="199,15,170,-15,232,15,389,-15" hai0="46,49,53,81,86,97,99,102,103,104,105,128,130" hai2="19,20,25,41,42,87,95" /><INIT seed="4,3,1,5,5,20" ten="214,155,247,374" oya="0" hai0="51,128,124,76,60,91,107,104,5,112,111,95,47" hai1="94,32,33,23,29,4,102,80,114,121,131,99,61" hai2="7,11,3,38,30,9,1,55,84,48,86,75,70" hai3="113,101,132,58,28,88,16,21,134,120,57,39,129"/><T73/><D112/><U78/><E121/><V6/><F75/><W53/><G39/><T18/><D128/><U87/><E131/><V35/><F70/><W26/><G129/><T2/><D124/><U72/><E114/><V14/><F38/><W100/><G113/><T125/><D125/><U8/><E61/><V103/><F103/><W93/><G120/><T62/><D111/><U46/><E46/><V77/><F77/><W90/><G90/><T105/><D18/><U89/><E23/><V127/><F127/><W54/><G28/><T118/><D118/><U25/><E33/><V49/><F14/><W96/><G132/><T52/><D5/><U66/><E66/><V34/><F55/><N who="3" m="21003" /><G134/><T65/><D2/><U44/><E44/><V24/><F35/><W50/><G50/><AGARI ba="3,1" hai="1,3,6,7,9,11,24,30,34,48,49,50,84,86" machi="50" ten="40,2600,0" yaku="9,1,52,1" doraHai="20" who="2" fromWho="3" sc="214,0,155,0,247,45,374,-35" /><INIT seed="5,0,0,5,2,36" ten="214,155,292,339" oya="1" hai0="125,76,74,55,123,106,134,24,88,108,16,28,63" hai1="31,99,84,111,129,105,72,17,11,23,100,70,47" hai2="127,45,38,113,35,53,30,50,51,112,135,8,49" hai3="81,21,92,73,25,85,68,39,58,4,83,40,54"/><U118/><E118/><V0/><F127/><W94/><G68/><T96/><D108/><U86/><E72/><V121/><F121/><W12/><G73/><T91/><D125/><U120/><E120/><V15/><F0/><W18/><G81/><T93/><D134/><U64/><E111/><V46/><F30/><W104/><G104/><T80/><D106/><U34/><E129/><V10/><F35/><W61/><G40/><T117/><D123/><U22/><E11/><V114/><F135/><W59/><G39/><T133/><D133/><U9/><E9/><N who="2" m="3691" /><F15/><W119/><G12/><T132/><D132/><U66/><E47/><N who="2" m="17931" /><F38/><W77/><G119/><T128/><D128/><U6/><E6/><V95/><F95/><W26/><G26/><T5/><D5/><U101/><E101/><V89/><F89/><W1/><G1/><T60/><D117/><U116/><E116/><V29/><F29/><W122/><G122/><T2/><D2/><U75/><E75/><V71/><F71/><W19/><G19/><T69/><BYE who="3" /><D69/><UN n3="%E3%81%BE%E3%81%A8%E3%81%9F" /><U131/><E131/><V37/><F37/><W20/><G20/><N who="0" m="13319" /><D28/><U14/><E23/><V98/><F98/><W78/><G4/><T62/><D91/><U110/><E110/><V52/><AGARI ba="0,0" hai="49,50,51,52,53,112,113,114" m="17931,3691" machi="52" ten="40,8000,1" yaku="28,2,15,1,11,1,54,1" doraHai="36" who="2" fromWho="2" sc="214,-20,155,-40,292,80,339,-20" /><INIT seed="6,0,0,5,5,61" ten="194,115,372,319" oya="2" hai0="75,70,71,111,130,102,116,42,72,59,98,80,26" hai1="119,76,15,22,86,46,58,43,14,40,77,85,112" hai2="79,7,89,56,92,135,82,34,121,93,74,101,103" hai3="97,4,81,104,33,109,106,35,48,25,129,3,88"/><V131/><F34/><W16/><G109/><T44/><D111/><U0/><E112/><V60/><F7/><W32/><G129/><T90/><D130/><U50/><E0/><V20/><F131/><W45/><G4/><T38/><D116/><U54/><E119/><V27/><F135/><W10/><G3/><T63/><D26/><U96/><E96/><V114/><F114/><W52/><G25/><T107/><D75/><U122/><E122/><V30/><F121/><W125/><G125/><T28/><D28/><U41/><E46/><V51/><F51/><W31/><G31/><T87/><REACH who="0" step="1"/><D72/><REACH who="0" ten="184,115,372,319" step="2"/><U21/><E14/><V115/><F115/><W11/><G11/><T2/><D2/><U66/><E15/><V18/><F30/><W123/><G123/><T62/><D62/><U117/><E117/><V108/><F108/><W23/><G10/><T133/><D133/><U94/><E66/><AGARI ba="0,1" hai="38,42,44,59,63,66,70,71,80,87,90,98,102,107" machi="66" ten="30,7700,0" yaku="1,1,7,1,52,1,53,1" doraHai="61" doraHaiUra="84" who="0" fromWho="1" sc="184,87,115,-77,372,0,319,0" /><INIT seed="7,0,0,1,2,23" ten="271,38,372,319" oya="3" hai0="24,103,124,56,79,54,74,122,119,87,78,59,113" hai1="22,5,35,60,111,27,80,12,3,130,40,33,11" hai2="94,132,106,31,19,135,47,2,114,13,75,116,1" hai3="105,15,108,52,49,123,51,76,64,30,99,63,115"/><W32/><G123/><T16/><D122/><U29/><E60/><V82/><F106/><W110/><G76/><T50/><D119/><U43/><E80/><V102/><F114/><W91/><G49/><T131/><D74/><U90/><E90/><V4/><F4/><W20/><G115/><T9/><D113/><U73/><E73/><V17/><F116/><W67/><G32/><N who="1" m="12362" /><E43/><V104/><F104/><W48/><G48/><T86/><D124/><U25/><E40/><V18/><F31/><W77/><G77/><N who="0" m="29195" /><D131/><U66/><E66/><V26/><F82/><W28/><G67/><T68/><D68/><U61/><E61/><V126/><F13/><W10/><G91/><T83/><D103/><U65/><E65/><V58/><F47/><N who="3" m="27775" /><G105/><T125/><D125/><U69/><E69/><V121/><F121/><W101/><G101/><T6/><D59/><U57/><E57/><V133/><F75/><W117/><G117/><T97/><D97/><U134/><E111/><N who="3" m="42538" /><G99/><T72/><D72/><U120/><E134/><V100/><F126/><W21/><G30/><T92/><D92/><U0/><E130/><V129/><F129/><W45/><G28/><T42/><D42/><U41/><E41/><V53/><F100/><W81/><G81/><T71/><D71/><U107/><E120/><V70/><F70/><N who="3" m="42271" /><G45/><T37/><D83/><U14/><E107/><V8/><F102/><W44/><G44/><T85/><D85/><U46/><E46/><V109/><F109/><W89/><G89/><T112/><D112/><U34/><E0/><V118/><F118/><W36/><G36/><RYUUKYOKU ba="0,0" sc="271,-15,38,15,372,-15,319,15" hai1="3,5,11,12,14,22,25,27,29,34" hai3="10,15,20,21" /><INIT seed="7,1,0,1,0,87" ten="256,53,357,334" oya="3" hai0="107,118,19,64,8,34,72,67,122,28,49,124,81" hai1="41,93,7,84,128,127,35,123,11,25,114,129,12" hai2="94,96,115,38,80,4,105,133,125,77,75,120,69" hai3="126,135,70,24,60,0,131,108,33,130,10,29,55"/><W103/><G126/><T32/><D107/><U22/><E41/><V121/><F125/><W56/><G135/><T66/><D124/><U119/><E127/><V111/><F111/><W116/><G116/><T112/><D118/><U102/><E119/><V47/><F133/><W78/><G108/><T109/><D109/><U83/><E93/><V6/><F69/><W46/><G70/><T5/><D122/><N who="2" m="47210" /><F105/><W89/><G103/><T53/><D19/><U79/><E102/><N who="2" m="60695" /><F115/><W39/><G78/><T134/><D134/><U51/><E123/><V21/><F21/><W2/><G10/><T27/><D112/><U58/><E114/><V37/><F47/><W43/><REACH who="3" step="1"/><G89/><REACH who="3" ten="256,53,357,324" step="2"/><T90/><D72/><U110/><E110/><V86/><F75/><W71/><G71/><T13/><D34/><U54/><E128/><AGARI ba="1,1" hai="0,2,24,29,33,39,43,46,55,56,60,128,130,131" machi="128" ten="40,3900,0" yaku="1,1,19,1,53,0" doraHai="87" doraHaiUra="117" who="3" fromWho="1" sc="256,0,53,-42,357,0,324,52" owari="256,-14.4,11,-48.9,357,15.7,376,47.6" /></mjloggm>