<mjloggm ver="2.3"><GO type="169" lobby="0"/><UN n0="%E7%9A%AE%E3%80%85" n1="%71%75%61%72%6B" n2="%E3%81%82%E3%81%95%E3%81%B4%E3%82%93%EF%BC%A0%EF%BD%8D%EF%BD%8A" n3="%E7%95%99%E3%83%81%E3%83%A7%E3%83%AD" dan="16,16,18,19" rate="2165.15,2047.93,2295.07,2330.88" sx="M,M,M,M"/><TAIKYOKU oya="0"/><INIT seed="0,0,0,0,2,90" ten="250,250,250,250" oya="0" hai0="133,97,74,62,55,20,99,29,93,57,16,89,127" hai1="61,64,22,1,107,58,30,114,54,78,112,108,126" hai2="27,115,110,106,72,88,75,51,128,117,121,68,47" hai3="73,70,96,66,86,7,6,76,50,5,82,60,103"/><T35/><D133/><U11/><E107/><V2/><RYUUKYOKU type="yao9" ba="0,0" sc="250,0,250,0,250,0,250,0" hai2="2,27,47,51,68,72,75,88,106,110,115,117,121,128" /><INIT seed="0,1,0,0,0,106" ten="250,250,250,250" oya="0" hai0="85,102,121,98,73,50,40,89,63,84,91,96,21" hai1="1,0,94,52,30,6,101,38,16,118,2,125,72" hai2="95,12,62,109,74,64,35,10,88,45,123,60,51" hai3="32,92,87,130,78,127,79,18,111,135,61,22,112"/><T8/><D121/><U119/><E38/><V81/><F109/><W5/><G112/><T69/><D69/><U57/><E30/><V41/><F35/><W23/><G32/><T55/><D73/><U104/><E104/><V36/><F123/><W124/><G111/><T34/><D34/><U39/><E39/><V37/><F62/><W128/><G5/><T59/><D8/><U42/><E42/><V70/><F81/><W29/><G61/><T80/><D21/><N who="3" m="7689" /><G18/><T83/><REACH who="0" step="1"/><D102/><REACH who="0" ten="240,250,250,250" step="2"/><U58/><E72/><V26/><F74/><W54/><G128/><T7/><D7/><U67/><E6/><V33/><F33/><W27/><G130/><T53/><D53/><U13/><E52/><V71/><F70/><W11/><G11/><T46/><AGARI ba="1,1" hai="40,46,50,55,59,63,80,83,84,85,89,91,96,98" machi="46" ten="30,11700,0" yaku="1,1,0,1,9,1,8,1,53,0" doraHai="106" doraHaiUra="115" who="0" fromWho="0" sc="240,130,250,-40,250,-40,250,-40" /><INIT seed="0,2,0,5,3,103" ten="370,210,210,210" oya="0" hai0="23,19,91,111,17,78,67,48,115,40,112,85,45" hai1="86,126,61,1,69,80,105,92,124,104,120,132,42" hai2="51,41,135,12,57,35,46,76,11,106,25,90,33" hai3="36,122,89,71,79,49,100,9,18,52,64,125,3"/><T53/><D78/><U94/><E1/><V29/><F135/><W108/><G108/><T101/><D67/><N who="1" m="41199" /><E42/><V13/><F33/><W2/><G36/><T131/><D111/><U30/><E30/><V114/><F114/><W107/><G79/><T54/><D131/><U38/><E38/><V4/><F76/><W128/><G128/><T95/><D115/><U119/><E119/><V62/><F90/><W113/><G113/><T121/><D121/><U117/><E117/><V32/><F32/><W96/><G125/><N who="1" m="48234" /><E120/><V129/><F129/><W16/><G122/><T81/><D112/><U26/><E26/><V55/><REACH who="2" step="1"/><F13/><REACH who="2" ten="370,210,200,210" step="2"/><W15/><G89/><T127/><D127/><U134/><E80/><V84/><F84/><W39/><G2/><T27/><D17/><U10/><E86/><V5/><F5/><W31/><G3/><T63/><D63/><U130/><E130/><V73/><F73/><W6/><G31/><T110/><D110/><U98/><E98/><AGARI ba="2,1" hai="19,23,27,40,45,48,53,54,81,85,91,95,98,101" machi="98" ten="40,2000,0" yaku="8,1" doraHai="103" who="0" fromWho="1" sc="370,36,210,-26,200,0,210,0" /><INIT seed="0,3,0,1,5,125" ten="406,184,200,210" oya="0" hai0="36,38,4,61,131,49,105,130,12,91,98,134,90" hai1="31,48,94,14,120,39,21,10,57,8,68,25,64" hai2="9,65,93,102,42,84,19,87,103,96,129,44,50" hai3="35,75,133,23,74,85,0,100,1,24,47,62,29"/><T11/><D134/><U16/><E120/><V110/><F110/><W117/><G117/><T27/><D27/><U108/><E108/><V127/><F127/><W99/><G133/><T54/><D61/><U104/><E104/><V114/><F114/><W56/><G85/><T82/><D82/><U115/><E39/><V3/><F65/><W32/><G47/><T66/><D66/><U33/><E115/><V26/><F102/><W55/><G0/><T78/><D78/><U2/><E94/><V126/><F126/><W76/><G1/><T73/><D73/><U116/><E116/><V46/><F129/><N who="0" m="49162" /><D105/><U41/><E68/><V40/><F26/><W83/><G74/><T81/><D81/><U20/><E2/><V28/><F28/><W67/><G67/><T80/><D80/><U79/><E79/><V18/><F3/><W101/><G100/><T121/><D121/><U13/><E64/><V124/><F124/><W86/><G75/><T132/><D132/><U6/><REACH who="1" step="1"/><E41/><REACH who="1" ten="406,174,200,210" step="2"/><V58/><F42/><W22/><G35/><T88/><D98/><U15/><E15/><V111/><F111/><W71/><G71/><T119/><D119/><U77/><E77/><V7/><F96/><W5/><G99/><T43/><D43/><U45/><E45/><AGARI ba="3,1" hai="4,11,12,36,38,45,49,54,88,90,91" m="49162" machi="45" ten="30,12000,1" yaku="19,1,52,3,54,1" doraHai="125" who="0" fromWho="1" sc="406,139,174,-129,200,0,210,0" /><INIT seed="0,4,0,0,3,0" ten="545,45,200,210" oya="0" hai0="77,49,22,10,73,70,42,97,110,72,48,71,74" hai1="25,65,30,125,56,57,131,51,100,19,123,80,99" hai2="114,68,117,122,118,52,126,120,115,98,60,6,89" hai3="95,135,130,28,23,11,3,109,91,103,33,102,67"/><T12/><D22/><U44/><E123/><N who="2" m="47147" /><F89/><W2/><G33/><T29/><D29/><U36/><E131/><V40/><F98/><W34/><G34/><T116/><D116/><N who="2" m="44650" /><F6/><W108/><G67/><T14/><D97/><U64/><E125/><V132/><F126/><W88/><G130/><T61/><D110/><N who="3" m="42601" /><G135/><T85/><D61/><U55/><E36/><V7/><F7/><N who="3" m="1527" /><G3/><T75/><D85/><U62/><E80/><V1/><F1/><W93/><G93/><T37/><D14/><U39/><E39/><V53/><F40/><W69/><G69/><T5/><D70/><U106/><E19/><V38/><F38/><W96/><G91/><T105/><D71/><U128/><E128/><V104/><F104/><W35/><G35/><T13/><D13/><U84/><E84/><V8/><F8/><W26/><AGARI ba="4,0" hai="23,26,28,88,95,96,102,103" m="1527,42601" machi="26" ten="30,4000,0" yaku="14,1,52,1,54,1" doraHai="0" who="3" fromWho="3" sc="545,-24,45,-14,200,-14,210,52" /><INIT seed="1,0,0,2,1,32" ten="521,31,186,262" oya="1" hai0="112,1,83,5,69,116,76,26,0,62,40,50,105" hai1="33,25,44,98,95,64,13,130,60,43,78,100,39" hai2="22,59,55,77,125,9,7,14,106,84,99,80,86" hai3="6,48,101,92,118,23,61,121,8,17,111,12,131"/><U4/><E130/><V63/><F125/><W124/><G121/><T68/><D116/><U127/><E127/><V57/><F106/><W42/><G124/><T123/><D112/><U36/><E78/><V97/><F22/><W85/><G111/><T58/><D105/><U19/><E4/><V70/><F70/><W11/><G131/><T96/><D96/><U81/><E81/><V10/><F84/><W34/><G34/><T75/><D123/><U67/><E39/><V122/><F122/><W41/><G118/><T107/><D107/><U133/><E133/><V37/><F37/><W71/><G71/><T73/><D73/><U110/><E110/><V52/><REACH who="2" step="1"/><F10/><REACH who="2" ten="521,31,176,262" step="2"/><W18/><G11/><T129/><D129/><U102/><BYE who="0" /><E102/><UN n0="%E7%9A%AE%E3%80%85" /><V115/><F115/><W24/><G85/><T120/><D120/><U104/><E104/><V109/><F109/><W117/><G117/><T47/><D69/><U16/><E60/><AGARI ba="0,1" hai="7,9,14,52,55,57,59,60,63,77,80,86,97,99" machi="60" ten="30,8000,1" yaku="1,1,7,1,9,1,8,1,54,1,53,0" doraHai="32" doraHaiUra="89" who="2" fromWho="1" sc="521,0,31,-80,176,90,262,0" owari="521,62.1,-49,-54.9,266,6.6,262,-13.8" /></mjloggm>