<mjloggm ver="2.3"><GO type="169" lobby="0"/><UN n0="%E5%8D%93%E4%B8%8A%E3%81%AE%E5%85%AC%E5%8B%99%E5%93%A1" n1="%E3%81%99%E3%81%91%E3%81%B4%E3%82%87%E3%82%93" n2="%E3%81%AD%E3%81%8A%E3%82%80%E3%83%BC%E3%81%BF%E3%82%93" n3="%E3%83%87%E3%83%A9%E3%82%B3%E3%83%83%E3%82%B3" dan="16,16,16,16" rate="2125.67,2125.20,2083.27,2143.46" sx="M,M,M,M"/><TAIKYOKU oya="0"/><INIT seed="0,0,0,3,1,11" ten="250,250,250,250" oya="0" hai0="39,28,33,72,94,27,4,130,85,111,97,91,132" hai1="86,134,40,30,6,122,18,114,123,78,121,80,76" hai2="95,73,117,48,71,13,38,129,1,0,69,118,59" hai3="110,15,61,44,34,88,10,79,62,99,24,21,133"/><T98/><D132/><U52/><E134/><V8/><F38/><W55/><G110/><T57/><D130/><U49/><E114/><V43/><F73/><W64/><G34/><T89/><D39/><U32/><E40/><V93/><F129/><W74/><G74/><T83/><D111/><U67/><E6/><V7/><F71/><W23/><G79/><T47/><D72/><U20/><E67/><V29/><F29/><W124/><G124/><T19/><D4/><U68/><E68/><V100/><F69/><W103/><G103/><T126/><D57/><U53/><E76/><V54/><F43/><W82/><G133/><T81/><D126/><U90/><E78/><V16/><F1/><W31/><G23/><T17/><D47/><U92/><E80/><V115/><F115/><W84/><G99/><T127/><D127/><U120/><E120/><V26/><F26/><W25/><G25/><T66/><D66/><U36/><E36/><V65/><F65/><W104/><G104/><T102/><REACH who="0" step="1"/><D81/><REACH who="0" ten="240,250,250,250" step="2"/><U70/><E70/><V75/><F75/><W107/><G64/><T50/><D50/><U128/><E49/><V60/><F48/><N who="3" m="29063" /><G107/><AGARI ba="0,1" hai="17,19,27,28,33,83,85,89,91,94,97,98,102,107" machi="107" ten="30,2900,0" yaku="1,1,7,1,53,0" doraHai="11" doraHaiUra="105" who="0" fromWho="3" sc="240,39,250,0,250,0,250,-29" /><INIT seed="0,1,0,2,3,71" ten="279,250,250,221" oya="0" hai0="118,36,24,50,113,75,90,133,33,59,110,76,126" hai1="128,83,61,123,104,14,57,86,22,62,31,88,109" hai2="77,39,55,132,98,121,69,3,45,96,29,56,19" hai3="73,54,13,26,60,85,84,125,72,89,48,53,34"/><T52/><D113/><U103/><E123/><V114/><F121/><W81/><G125/><T2/><D118/><U97/><E128/><V30/><F3/><W135/><G135/><T66/><D2/><U108/><E14/><V105/><F69/><W12/><G60/><T116/><D116/><U82/><E82/><V51/><F114/><W38/><G34/><T6/><D6/><U9/><E9/><V44/><F132/><W63/><G26/><T95/><D76/><U93/><E104/><V11/><F45/><W80/><G63/><T102/><D75/><U68/><E68/><V32/><F32/><W5/><G48/><T25/><D66/><N who="1" m="39215" /><E62/><V99/><F105/><W37/><REACH who="3" step="1"/><G89/><REACH who="3" ten="279,250,250,211" step="2"/><T21/><D126/><U35/><E35/><V124/><F124/><W1/><G1/><T100/><D33/><U129/><E129/><V74/><F30/><W94/><G94/><T120/><D25/><AGARI ba="1,1" hai="22,25,31,83,86,88,93,97,103,108,109" m="39215" machi="25" ten="30,2000,0" yaku="25,1,54,1" doraHai="71" who="1" fromWho="0" sc="279,-23,250,33,250,0,211,0" /><INIT seed="1,0,0,5,4,79" ten="256,283,250,211" oya="1" hai0="47,89,44,58,66,31,117,32,131,94,39,21,45" hai1="78,70,30,50,91,55,41,124,75,121,113,81,38" hai2="43,61,85,69,29,101,13,71,93,83,80,82,23" hai3="15,14,116,126,111,95,114,0,108,56,25,33,92"/><U127/><E70/><V9/><F43/><W40/><G114/><T48/><D131/><U5/><E113/><V6/><F61/><W34/><G0/><T35/><D39/><U118/><E121/><V72/><F72/><W67/><G40/><T3/><D3/><U96/><E118/><V57/><F57/><W84/><G116/><T122/><D117/><U51/><E5/><V24/><REACH who="2" step="1"/><F85/><REACH who="2" ten="256,283,240,211" step="2"/><W65/><G84/><T97/><D66/><U87/><E87/><V125/><F125/><W16/><G56/><T60/><D60/><U86/><E124/><V104/><F104/><W64/><G64/><T109/><D58/><U42/><E127/><V76/><F76/><W119/><G126/><T19/><D48/><U36/><E42/><V8/><F8/><W59/><G59/><T112/><D112/><U46/><E75/><V90/><F90/><W130/><G119/><T49/><D49/><U4/><E51/><V22/><F22/><W120/><G120/><T128/><D122/><U27/><E41/><V18/><F18/><W133/><G16/><T100/><D19/><U110/><E38/><V107/><F107/><W73/><G73/><T105/><D21/><U20/><E36/><V37/><F37/><W28/><G67/><T52/><D89/><U123/><E123/><V11/><F11/><W102/><G65/><T74/><D105/><U1/><E20/><V68/><F68/><W132/><G34/><T63/><D35/><U88/><E91/><V98/><AGARI ba="0,1" hai="6,9,13,23,24,29,69,71,80,82,83,93,98,101" machi="98" ten="30,12000,2" yaku="1,1,0,1,52,3,53,1" doraHai="79" doraHaiUra="10" who="2" fromWho="2" sc="256,-30,283,-60,240,130,211,-30" /><INIT seed="2,0,0,2,0,4" ten="226,223,370,181" oya="2" hai0="134,60,8,89,127,116,25,51,131,61,133,3,125" hai1="106,99,80,96,31,22,93,76,91,94,18,10,59" hai2="104,123,98,30,56,11,43,40,87,101,38,78,33" hai3="20,84,24,32,35,7,132,126,77,83,29,81,57"/><V118/><F118/><W44/><G132/><N who="0" m="50795" /><D116/><U36/><E36/><V129/><F123/><W16/><G126/><N who="0" m="48139" /><D51/><U47/><E106/><V71/><F129/><W39/><G7/><N who="0" m="1151" /><D89/><U55/><E47/><V72/><F72/><W53/><G44/><T95/><D95/><U14/><E94/><V63/><F38/><W50/><G39/><T23/><D131/><U90/><E90/><V17/><F71/><W12/><REACH who="3" step="1"/><G83/><REACH who="3" ten="226,223,370,171" step="2"/><T52/><D52/><U9/><E99/><V15/><F43/><W45/><G45/><T117/><D117/><U6/><E6/><V41/><F40/><W26/><G26/><T102/><D102/><U28/><E80/><V69/><F41/><W46/><G46/><T128/><D128/><U5/><E5/><V74/><F98/><W103/><G103/><T2/><D2/><U66/><E96/><V65/><F101/><W34/><AGARI ba="0,1" hai="12,16,20,24,29,32,34,35,50,53,57,77,81,84" machi="34" ten="20,5200,0" yaku="1,1,0,1,7,1,54,1,53,0" doraHai="4" doraHaiUra="124" who="3" fromWho="3" sc="226,-13,223,-13,370,-26,171,62" /><INIT seed="3,0,0,2,3,57" ten="213,210,344,233" oya="3" hai0="68,31,124,50,89,132,46,7,17,40,122,134,126" hai1="5,114,61,24,121,2,9,130,29,93,39,25,133" hai2="77,111,135,28,79,64,106,73,86,53,1,42,102" hai3="47,59,109,63,84,95,58,91,117,49,43,128,85"/><W129/><G117/><T115/><D68/><U32/><E39/><V127/><F1/><W105/><G105/><T113/><D7/><U87/><E121/><V15/><F42/><W21/><G59/><T44/><D17/><U131/><E114/><N who="0" m="43529" /><D31/><U116/><E116/><V74/><F28/><W67/><G109/><T75/><D75/><U92/><E25/><V52/><F127/><N who="0" m="48682" /><D122/><U88/><E133/><V96/><F135/><W72/><G72/><T27/><D27/><U36/><E36/><V104/><F111/><W123/><G123/><T81/><D89/><U30/><E30/><V125/><F15/><W80/><REACH who="3" step="1"/><G21/><REACH who="3" ten="213,210,344,223" step="2"/><T54/><D81/><U45/><E93/><V12/><F74/><W62/><G62/><T119/><D119/><U38/><E61/><V41/><F73/><W99/><G99/><T35/><D35/><U4/><E32/><V103/><F96/><W82/><G82/><T60/><D60/><U98/><E98/><V20/><F20/><W76/><AGARI ba="0,1" hai="43,47,49,58,63,67,76,80,84,85,91,95,128,129" machi="76" ten="30,6000,0" yaku="1,1,0,1,52,1,53,0" doraHai="57" doraHaiUra="94" who="3" fromWho="3" sc="213,-20,210,-20,344,-20,223,70" /><INIT seed="3,1,0,2,5,119" ten="193,190,324,293" oya="3" hai0="51,125,36,43,22,71,127,45,120,63,7,126,37" hai1="32,86,108,79,115,107,5,60,134,4,124,27,25" hai2="49,87,90,29,101,47,133,42,57,53,81,35,50" hai3="102,52,24,34,104,121,33,97,116,30,3,98,61"/><W31/><G116/><T23/><D7/><U59/><E107/><V132/><REACH who="2" step="1"/><F101/><REACH who="2" ten="193,190,314,293" step="2"/><W28/><G102/><T114/><D114/><U131/><E115/><V17/><F17/><W55/><G31/><T93/><D93/><U2/><E5/><V103/><F103/><W118/><G118/><T76/><D76/><U123/><E4/><V110/><F110/><W56/><G104/><T84/><D84/><U89/><E79/><V65/><F65/><W14/><G30/><T54/><D120/><U73/><E86/><V19/><F19/><W99/><G121/><T13/><D13/><U85/><E108/><V10/><F10/><W1/><G14/><T38/><D22/><U82/><E85/><V8/><F8/><W12/><G12/><T40/><D23/><U44/><E123/><V20/><F20/><W117/><G117/><T11/><D11/><U72/><E32/><V94/><F94/><W39/><G34/><T106/><D106/><U9/><E9/><V109/><F109/><W16/><G16/><T68/><D68/><U58/><E27/><AGARI ba="1,1" hai="27,29,35,42,47,49,50,53,57,81,87,90,132,133" machi="27" ten="40,2600,0" yaku="21,2,53,0" doraHai="119" doraHaiUra="18" who="2" fromWho="1" sc="193,0,190,-29,314,39,293,0" /><INIT seed="4,0,0,2,4,14" ten="193,161,353,293" oya="0" hai0="3,59,99,116,12,62,132,63,40,101,11,127,47" hai1="128,82,115,103,96,131,37,19,87,48,0,125,123" hai2="121,69,20,52,83,135,98,93,5,79,51,18,32" hai3="6,46,54,80,95,22,44,42,64,130,86,109,27"/><T77/><D116/><U56/><E37/><V7/><F121/><W133/><G109/><T124/><D3/><U66/><E0/><V89/><F32/><W122/><G6/><T33/><D33/><U117/><E117/><V119/><F69/><W55/><G64/><T76/><D132/><U13/><E123/><V43/><F43/><W26/><G122/><T1/><D1/><U23/><E125/><N who="0" m="48201" /><D59/><U104/><E115/><V112/><F135/><W129/><G133/><T58/><D58/><U74/><E74/><V75/><F112/><W34/><G34/><T100/><D76/><U118/><E118/><V10/><F10/><W107/><G22/><T110/><D77/><U35/><E35/><V39/><F39/><W92/><G46/><T90/><D90/><U67/><E48/><V102/><F89/><W71/><G44/><T120/><D110/><U50/><E50/><V15/><REACH who="2" step="1"/><F119/><REACH who="2" ten="193,161,343,293" step="2"/><W17/><G71/><T49/><D120/><U65/><REACH who="1" step="1"/><E56/><AGARI ba="0,1" hai="5,7,15,18,20,51,52,56,75,79,83,93,98,102" machi="56" ten="30,8000,1" yaku="1,1,2,1,7,1,52,1,54,1,53,0" doraHai="14" doraHaiUra="126" who="2" fromWho="1" sc="193,0,161,-80,343,90,293,0" /><INIT seed="5,0,0,0,5,44" ten="193,81,433,293" oya="1" hai0="60,130,55,1,25,112,27,22,121,81,88,49,99" hai1="87,13,101,64,76,79,59,104,63,113,75,15,126" hai2="21,9,80,11,97,18,34,82,33,61,105,89,122" hai3="24,7,98,96,132,62,20,23,48,37,84,8,50"/><U31/><E126/><V0/><F122/><W17/><G37/><T103/><D1/><U107/><E113/><V12/><F61/><W109/><G109/><T78/><D130/><U52/><E75/><V3/><F3/><W74/><G74/><T86/><D112/><U57/><E31/><V28/><F105/><W16/><G62/><T133/><D133/><U42/><E42/><V127/><F127/><W114/><G114/><T70/><D60/><N who="1" m="37903" /><E107/><V4/><F11/><W129/><G132/><T116/><D70/><U72/><E72/><V6/><F6/><W102/><G84/><T115/><D116/><U43/><E104/><V135/><F135/><W2/><G129/><T131/><D131/><U36/><E36/><V92/><F34/><W83/><G83/><T41/><D41/><U111/><E111/><V90/><F89/><W26/><G98/><T71/><D71/><U19/><E101/><V58/><F58/><W5/><G5/><T100/><D121/><U124/><E124/><V47/><F47/><W30/><G30/><N who="0" m="17719" /><D27/><AGARI ba="0,0" hai="0,4,9,12,18,21,27,28,33,80,82,90,92,97" machi="27" ten="40,2600,0" yaku="24,2" doraHai="44" who="2" fromWho="0" sc="193,-26,81,0,433,26,293,0" /><INIT seed="6,0,0,1,3,58" ten="167,81,459,293" oya="2" hai0="104,60,68,98,66,48,56,34,64,95,124,69,52" hai1="99,33,37,100,38,80,7,120,28,42,57,96,8" hai2="11,129,2,94,86,32,130,1,5,90,115,25,30" hai3="44,106,105,53,113,93,39,23,20,108,117,31,83"/><V6/><REACH who="2" step="1"/><F115/><REACH who="2" ten="167,81,449,293" step="2"/><W102/><G113/><T78/><D124/><U79/><E120/><V29/><F29/><W74/><G31/><T122/><D34/><U114/><E114/><V0/><F0/><W49/><G117/><T97/><D122/><U92/><E28/><V10/><AGARI ba="0,1" hai="1,2,5,6,10,11,25,30,32,86,90,94,129,130" machi="10" ten="30,11700,0" yaku="21,2,0,1,9,1,53,0" doraHai="58" doraHaiUra="70" who="2" fromWho="2" sc="167,-39,81,-39,449,127,293,-39" /><INIT seed="6,1,0,4,3,20" ten="128,42,576,254" oya="2" hai0="110,22,58,26,104,55,81,34,46,129,72,24,50" hai1="27,47,7,0,51,44,114,17,10,105,102,128,45" hai2="60,32,62,57,95,97,108,25,29,66,90,42,70" hai3="38,41,82,130,61,54,36,67,106,118,59,68,119"/><V48/><F108/><W3/><G3/><T28/><D104/><U89/><E128/><V124/><F124/><W40/><G106/><T125/><D129/><U107/><E114/><V99/><F99/><W31/><G31/><T18/><D125/><U33/><E105/><V63/><REACH who="2" step="1"/><F42/><REACH who="2" ten="128,42,566,254" step="2"/><W5/><G130/><T121/><D110/><U103/><E107/><V15/><F15/><W87/><G41/><T8/><D121/><U9/><E0/><V52/><AGARI ba="1,1" hai="25,29,32,48,52,57,60,62,63,66,70,90,95,97" machi="52" ten="30,11700,0" yaku="1,1,0,1,52,1,54,1,53,0" doraHai="20" doraHaiUra="98" who="2" fromWho="2" sc="128,-40,42,-40,566,130,254,-40" /><INIT seed="6,2,0,0,2,78" ten="88,2,696,214" oya="2" hai0="24,103,101,46,77,80,72,69,76,16,111,1,129" hai1="64,70,126,6,108,119,79,66,75,11,8,25,83" hai2="74,39,105,21,61,92,120,113,59,135,82,33,123" hai3="127,133,4,40,124,130,128,88,95,65,23,22,121"/><V47/><F33/><W44/><G4/><T90/><D1/><U30/><E119/><V106/><F113/><W52/><G65/><T34/><D69/><U35/><E108/><V17/><F135/><W86/><G52/><T87/><D129/><N who="3" m="49769" /><G121/><T27/><D111/><U19/><E70/><V57/><F57/><W42/><G42/><T99/><D76/><U56/><E126/><N who="3" m="48170" /><G133/><T62/><D103/><U38/><E38/><AGARI ba="2,0" hai="22,23,38,40,44,86,88,95" m="48170,49769" machi="38" ten="30,3900,0" yaku="19,1,18,1,54,1" doraHai="78" who="3" fromWho="1" sc="88,0,2,-45,696,0,214,45" owari="88,-31.2,-43,-54.3,696,79.6,259,5.9" /></mjloggm>