<mjloggm ver="2.3"><GO type="169" lobby="0"/><UN n0="%E9%9B%AA%E3%83%8E%E4%B8%8B%E9%9B%AA%E4%B9%83" n1="%E3%81%86%E3%81%A3%E3%81%8B%E3%82%8A" n2="%E4%BE%8D" n3="%E5%BA%84%E5%8F%B8%E5%81%A5%E5%A4%AA%E6%9C%97" dan="16,16,17,16" rate="2064.97,2138.36,2223.50,2037.49" sx="F,M,M,M"/><TAIKYOKU oya="0"/><INIT seed="0,0,0,2,4,128" ten="250,250,250,250" oya="0" hai0="130,39,79,47,10,105,112,44,3,29,72,1,109" hai1="6,2,86,84,108,90,5,57,11,67,121,9,87" hai2="94,100,49,37,12,75,73,85,45,31,56,124,27" hai3="99,48,122,119,110,118,28,103,113,77,70,80,83"/><T116/><D112/><U15/><E108/><V120/><F120/><W35/><G113/><T66/><D116/><U133/><E121/><V34/><F124/><W22/><G122/><T46/><D130/><U64/><E133/><V117/><F117/><W16/><G110/><T127/><D109/><U102/><E102/><V82/><F37/><W115/><G115/><T63/><D127/><U81/><E87/><V0/><F0/><W68/><G83/><T132/><D105/><U76/><REACH who="1" step="1"/><E57/><REACH who="1" ten="250,240,250,250" step="2"/><V18/><F56/><W40/><G118/><T88/><D132/><U60/><E60/><V8/><F100/><W125/><G119/><T98/><D63/><U93/><AGARI ba="0,1" hai="2,5,6,9,11,15,64,67,76,81,84,86,90,93" machi="93" ten="20,5200,0" yaku="1,1,0,1,7,1,53,1" doraHai="128" doraHaiUra="74" who="1" fromWho="1" sc="250,-26,240,62,250,-13,250,-13" /><INIT seed="1,0,0,4,0,84" ten="224,302,237,237" oya="1" hai0="9,127,53,40,125,45,25,132,115,14,29,72,19" hai1="88,30,87,23,27,50,54,126,21,49,93,8,66" hai2="118,16,128,90,124,100,35,43,69,112,82,129,81" hai3="56,77,71,89,95,58,133,122,104,110,106,51,130"/><U73/><E126/><N who="0" m="48137" /><D115/><U123/><E73/><V70/><F118/><W26/><G71/><T48/><D72/><U91/><E123/><V94/><F35/><W6/><G122/><T57/><D132/><U64/><E8/><V79/><F100/><W32/><G110/><T67/><D67/><U22/><E50/><V65/><F124/><W5/><G130/><N who="2" m="50281" /><F43/><W120/><G120/><T36/><D25/><U42/><E42/><V76/><F112/><W60/><G77/><N who="2" m="29769" /><F16/><W99/><G133/><T59/><D29/><U20/><REACH who="1" step="1"/><E91/><REACH who="1" ten="224,292,237,237" step="2"/><V24/><F24/><W44/><G6/><T83/><D83/><N who="2" m="31754" /><F65/><W92/><G5/><T34/><D34/><U98/><E98/><AGARI ba="0,1" hai="69,70,90,94,98" m="31754,29769,50281" machi="98" ten="30,2000,0" yaku="19,1,52,1" doraHai="84" who="2" fromWho="1" sc="224,0,292,-20,237,30,237,0" /><INIT seed="2,0,0,1,3,92" ten="224,272,267,237" oya="2" hai0="121,36,34,103,25,118,107,65,131,31,58,13,79" hai1="63,57,74,102,81,122,89,10,56,99,78,4,93" hai2="111,8,5,115,104,46,105,86,68,24,50,108,0" hai3="12,26,125,48,15,62,76,19,52,64,106,75,119"/><V39/><F86/><W80/><G119/><T123/><D118/><U37/><E122/><V114/><F50/><W22/><G106/><N who="2" m="41065" /><F68/><W71/><REACH who="3" step="1"/><G125/><REACH who="3" ten="224,272,267,227" step="2"/><T44/><D123/><U27/><E37/><V127/><F127/><W41/><G41/><T47/><D121/><U112/><E112/><N who="2" m="43051" /><F24/><W17/><G17/><T20/><D36/><U59/><E27/><V130/><F130/><W97/><G97/><T66/><D131/><U14/><REACH who="1" step="1"/><E102/><REACH who="1" ten="224,262,267,227" step="2"/><V16/><F39/><W101/><G101/><T28/><D103/><U42/><E42/><V53/><F111/><W3/><G3/><T67/><D25/><U2/><E2/><V85/><F0/><W133/><G133/><T109/><D109/><U113/><E113/><V35/><F108/><W126/><G126/><T117/><D117/><U88/><E88/><V70/><F35/><W95/><G95/><T18/><D34/><U129/><E129/><V90/><F90/><W120/><G120/><T61/><D107/><U38/><E38/><V51/><F5/><W55/><G55/><AGARI ba="0,2" hai="4,10,14,55,56,57,59,63,74,78,81,89,93,99" machi="55" ten="30,3900,0" yaku="1,1,7,1,52,1,53,0" doraHai="92" doraHaiUra="60" who="1" fromWho="3" sc="224,0,262,59,267,0,227,-39" /><INIT seed="3,0,0,0,3,29" ten="224,321,267,188" oya="3" hai0="27,100,11,124,116,101,58,56,117,61,16,15,133" hai1="75,122,64,9,105,24,53,12,25,128,50,28,96" hai2="33,30,112,106,19,78,92,3,0,127,45,71,35" hai3="121,59,34,130,114,113,129,107,38,94,46,54,84"/><W118/><G107/><T104/><D124/><U95/><E75/><V134/><F106/><W89/><G118/><T4/><D133/><U69/><E128/><N who="3" m="49258" /><G121/><T10/><D58/><U39/><E39/><V126/><F112/><N who="3" m="43115" /><G34/><N who="2" m="12809" /><F71/><W93/><G94/><T17/><D104/><U109/><E105/><V70/><F70/><W32/><G32/><T13/><D116/><U49/><E122/><V110/><F30/><W74/><G74/><T132/><D132/><U90/><E28/><V60/><F134/><W22/><G22/><N who="0" m="13767" /><D117/><U72/><E72/><V131/><F131/><W83/><G93/><T21/><D21/><U2/><E95/><V119/><F92/><W48/><G38/><T99/><D99/><U14/><E96/><V108/><F119/><W97/><G97/><T42/><D42/><U63/><E69/><V47/><F78/><W18/><G18/><T111/><D111/><N who="2" m="42538" /><F19/><W77/><G77/><T65/><AGARI ba="0,0" hai="4,10,11,13,15,17,56,61,65,100,101" m="13767" machi="65" ten="30,2000,0" yaku="8,1,54,1" doraHai="29" who="0" fromWho="0" sc="224,20,321,-5,267,-5,188,-10" /><INIT seed="4,0,0,1,4,15" ten="244,316,262,178" oya="0" hai0="9,120,123,106,50,90,118,111,13,72,115,41,135" hai1="56,47,73,132,58,38,97,63,61,3,23,5,57" hai2="36,98,51,12,10,110,74,26,101,59,40,43,71" hai3="0,45,134,82,7,70,130,68,125,54,83,2,80"/><T64/><D115/><U32/><E32/><V76/><F110/><W86/><G86/><T109/><D118/><U69/><E73/><V48/><F71/><N who="3" m="27179" /><G45/><N who="0" m="25903" /><D72/><U94/><E132/><V24/><F76/><W33/><G7/><T91/><D106/><U79/><E79/><V42/><F36/><W21/><G21/><T116/><D64/><U124/><E124/><V49/><F59/><W75/><G54/><T99/><D116/><U84/><E84/><V119/><F119/><W30/><G75/><T78/><D78/><U18/><E69/><V55/><F55/><W95/><G134/><T100/><D135/><U37/><E5/><V34/><F34/><W87/><G125/><T108/><D100/><U112/><E3/><V4/><REACH who="2" step="1"/><F74/><REACH who="2" ten="244,316,252,178" step="2"/><W20/><G33/><T22/><D22/><U77/><E77/><V52/><F52/><W25/><G20/><T133/><D133/><U60/><E47/><V44/><F44/><W113/><G113/><T1/><D1/><U67/><E112/><V102/><F102/><W105/><G2/><T127/><D127/><U103/><REACH who="1" step="1"/><E67/><REACH who="1" ten="244,306,252,178" step="2"/><V53/><F53/><W81/><G0/><T126/><D126/><U19/><E19/><V104/><AGARI ba="0,2" hai="4,10,12,24,26,40,42,43,48,49,51,98,101,104" machi="104" ten="30,2000,0" yaku="1,1,0,1,53,0" doraHai="15" doraHaiUra="29" who="2" fromWho="2" sc="244,-10,306,-5,252,40,178,-5" /><INIT seed="5,0,0,4,1,74" ten="234,301,292,173" oya="1" hai0="21,109,130,18,96,89,100,105,11,134,61,73,38" hai1="87,135,60,10,126,115,125,49,98,23,30,0,59" hai2="122,128,52,72,33,48,53,83,9,57,116,94,91" hai3="119,124,2,85,92,25,110,46,51,31,70,90,108"/><U50/><E115/><V1/><F116/><W102/><G119/><T40/><D109/><U22/><E135/><V129/><F122/><W17/><G124/><N who="1" m="47722" /><E98/><V29/><F29/><W13/><G70/><T93/><D134/><U3/><E87/><V84/><F33/><W76/><G2/><N who="1" m="554" /><E10/><V32/><F32/><W104/><G104/><T80/><D130/><N who="2" m="50282" /><F53/><W42/><G102/><T54/><D11/><U44/><E30/><V7/><F72/><W95/><G95/><AGARI ba="0,0" hai="1,7,9,48,52,57,83,84,91,94,95" m="50282" machi="95" ten="30,2000,0" yaku="19,1,54,1" doraHai="74" who="2" fromWho="3" sc="234,0,301,0,292,20,173,-20" /><INIT seed="6,0,0,5,4,12" ten="234,301,312,153" oya="2" hai0="40,58,60,131,45,109,27,86,55,76,46,35,80" hai1="72,70,0,41,113,112,6,128,21,1,62,84,47" hai2="31,104,114,117,106,77,43,122,39,129,23,42,134" hai3="79,59,103,133,101,116,33,126,87,127,8,105,78"/><V48/><F122/><W49/><G33/><T25/><D109/><U96/><E72/><V74/><F117/><W90/><G8/><T11/><D131/><U71/><E128/><V28/><F129/><W98/><G49/><T108/><D108/><U3/><E6/><V2/><F48/><W56/><G56/><T34/><D34/><U120/><E120/><V119/><F119/><W135/><G59/><T17/><D35/><U97/><E84/><V94/><F94/><W53/><G53/><T100/><D100/><U91/><E21/><V5/><F114/><N who="1" m="44137" /><E91/><V24/><F28/><W75/><G103/><T121/><D121/><U93/><E93/><V67/><F43/><W110/><G110/><T123/><D123/><U83/><E83/><N who="2" m="45495" /><F67/><W30/><G30/><T9/><D45/><U16/><E62/><V44/><F134/><N who="3" m="51211" /><G116/><T68/><D68/><N who="1" m="26155" /><E16/><V132/><F132/><W15/><G15/><N who="0" m="7407" /><D11/><AGARI ba="0,0" hai="2,5,11,23,24,31,39,42,44,104,106" m="45495" machi="11" ten="30,1500,0" yaku="25,1" doraHai="12" who="2" fromWho="0" sc="234,-15,301,0,312,15,153,0" /><INIT seed="6,1,0,2,4,127" ten="219,301,327,153" oya="2" hai0="105,133,9,21,37,94,76,18,110,77,95,87,116" hai1="29,39,114,122,120,5,10,134,70,24,84,11,32" hai2="52,102,22,63,23,117,109,58,106,100,43,69,49" hai3="126,99,14,33,135,12,7,19,85,65,34,107,2"/><V50/><F117/><W56/><G85/><T119/><D110/><U61/><E39/><V92/><F106/><W27/><G107/><T130/><D105/><U68/><E114/><V26/><F109/><W1/><G99/><T75/><D37/><U31/><E134/><V123/><F123/><W113/><G56/><T111/><D111/><U91/><E31/><V47/><F69/><W16/><G65/><T36/><D36/><U73/><E73/><V57/><F92/><W71/><G71/><T15/><D75/><U25/><E25/><V30/><REACH who="2" step="1"/><F22/><REACH who="2" ten="219,301,317,153" step="2"/><N who="3" m="13767" /><G126/><T112/><D21/><U8/><E70/><V132/><F132/><W108/><G135/><T46/><D95/><U104/><E104/><V42/><F42/><W35/><G108/><T13/><D94/><U44/><E68/><V86/><F86/><W131/><G113/><T83/><D87/><U98/><E84/><V45/><F45/><W101/><G101/><T103/><D46/><U80/><E44/><V124/><F124/><W66/><G131/><T62/><D130/><U51/><E122/><V81/><F81/><W40/><G40/><T17/><D103/><U82/><E80/><V3/><F3/><W55/><G2/><T74/><D83/><U0/><E82/><V96/><F96/><W38/><G1/><T4/><D133/><U115/><E120/><V90/><F90/><W78/><G35/><T20/><D112/><U54/><E115/><V89/><F89/><W41/><G34/><T79/><D76/><U118/><E91/><V93/><F93/><W64/><G78/><T6/><D77/><RYUUKYOKU ba="1,1" sc="219,-10,301,-10,317,30,153,-10" hai2="23,26,30,43,47,49,50,52,57,58,63,100,102" /><INIT seed="6,2,1,4,3,55" ten="209,291,347,143" oya="2" hai0="21,131,97,0,35,26,91,89,79,13,39,99,86" hai1="20,11,115,132,124,98,23,60,8,93,103,61,100" hai2="32,44,24,92,4,10,106,85,135,133,29,62,66" hai3="129,5,87,7,22,31,47,19,50,104,78,63,82"/><V80/><F92/><W3/><G129/><T53/><D131/><U46/><E115/><V84/><F44/><W65/><G3/><T127/><D0/><U117/><E117/><V77/><F85/><W37/><G31/><T56/><D39/><U17/><E132/><V45/><F45/><W48/><G104/><T90/><D35/><U27/><E124/><V113/><F106/><W41/><G50/><T125/><D13/><U107/><E107/><V30/><F30/><W130/><G37/><T58/><D53/><U38/><E103/><V9/><F113/><W71/><REACH who="3" step="1"/><G130/><REACH who="3" ten="209,291,347,133" step="2"/><T64/><D127/><U67/><E38/><V6/><F135/><W123/><G123/><T121/><D121/><U14/><E46/><V76/><F133/><W69/><G69/><T88/><D125/><U108/><E108/><V2/><F2/><W57/><G57/><N who="0" m="22123" /><D64/><U111/><E111/><V96/><F66/><W122/><G122/><T72/><D72/><U49/><E49/><V105/><F105/><W1/><G1/><T73/><D73/><U128/><E128/><V34/><F34/><W101/><G101/><T116/><D116/><U51/><E51/><V126/><F32/><W70/><G70/><T54/><D54/><U12/><E67/><V15/><F126/><W43/><G43/><T42/><D42/><U68/><E68/><V75/><F75/><W95/><G95/><N who="0" m="54679" /><D79/><U109/><E109/><V114/><F77/><W112/><G112/><T120/><D120/><U25/><E61/><V134/><F114/><W110/><G110/><T94/><D94/><U119/><E119/><RYUUKYOKU ba="2,2" sc="209,15,291,-15,347,-15,133,15" hai0="21,26,89,90,91,97,99" hai3="5,7,19,22,41,47,48,63,65,71,78,82,87" /><INIT seed="7,3,2,3,3,65" ten="224,276,332,148" oya="3" hai0="73,2,7,109,74,8,117,107,59,19,14,110,98" hai1="51,48,39,61,113,97,125,118,50,134,0,89,116" hai2="64,104,78,85,96,84,124,70,24,11,123,28,53" hai3="63,100,95,103,23,62,33,27,86,43,72,108,40"/><W46/><G72/><T88/><D117/><N who="1" m="45163" /><E0/><V81/><F124/><W3/><G33/><T15/><D2/><U5/><E5/><V52/><F85/><W17/><G3/><T76/><D59/><U30/><E125/><V111/><F11/><W10/><G10/><T101/><D88/><U128/><E113/><V32/><F111/><W36/><G108/><T4/><D74/><U1/><E1/><V127/><F123/><W79/><G43/><T34/><D34/><U115/><E115/><V91/><F91/><W130/><G130/><T87/><D73/><U57/><E39/><V82/><F82/><W68/><G63/><T9/><D19/><U121/><E30/><V55/><F127/><W16/><G17/><T45/><REACH who="0" step="1"/><D45/><REACH who="0" ten="214,276,332,148" step="2"/><U90/><E90/><V37/><F32/><W106/><G103/><T47/><D47/><U105/><E89/><V54/><F84/><W129/><G129/><T132/><D132/><U112/><E128/><V66/><F81/><AGARI ba="3,3" hai="4,7,8,9,14,15,76,81,87,98,101,107,109,110" machi="81" ten="40,2600,0" yaku="1,1,9,1,53,0" doraHai="65" doraHaiUra="114" who="0" fromWho="2" sc="214,65,276,0,332,-35,148,0" /><INIT seed="8,0,0,1,5,8" ten="279,276,297,148" oya="0" hai0="132,123,128,73,58,77,17,9,62,112,23,103,98" hai1="26,11,102,107,22,97,54,114,130,40,74,115,70" hai2="37,134,63,83,28,67,56,13,85,90,43,69,49" hai3="118,25,5,65,10,119,109,71,101,30,131,89,121"/><T61/><D112/><N who="1" m="43051" /><E74/><V7/><F134/><W80/><G109/><T84/><D123/><U66/><E40/><V32/><F32/><W12/><G121/><T29/><D132/><U81/><E81/><V78/><F28/><W120/><G120/><T24/><D128/><U33/><E54/><N who="2" m="31823" /><F13/><W35/><G101/><T60/><D73/><U21/><E11/><V59/><F7/><W34/><G34/><T105/><D77/><U95/><E95/><V64/><F59/><W57/><G71/><T48/><D84/><U106/><E106/><V19/><F19/><W122/><G122/><T20/><D9/><U0/><E0/><V117/><F67/><W68/><G68/><T72/><D48/><U41/><E41/><V46/><F117/><N who="3" m="44555" /><G131/><T94/><D72/><U92/><E92/><V55/><F55/><W79/><G89/><AGARI ba="0,0" hai="37,43,46,63,64,69,78,83,85,89,90" m="31823" machi="89" ten="30,1000,0" yaku="24,1" doraHai="8" who="2" fromWho="3" sc="279,0,276,0,297,10,148,-10" owari="279,7.9,276,-12.4,307,40.7,138,-36.2" /></mjloggm>