<mjloggm ver="2.3"><GO type="169" lobby="0"/><UN n0="%E3%81%9F%E3%81%8F%E3%81%9E%E3%81%85" n1="%E5%BA%84%E5%8F%B8%E5%81%A5%E5%A4%AA%E6%9C%97" n2="%79%7A%68%61%6E%67" n3="%E9%A7%BF" dan="16,16,16,16" rate="2121.13,2061.29,2171.00,2141.25" sx="M,M,M,M"/><TAIKYOKU oya="0"/><INIT seed="0,0,0,5,3,77" ten="250,250,250,250" oya="0" hai0="92,7,58,100,8,69,3,105,79,2,123,35,120" hai1="78,96,68,56,110,104,83,10,9,70,111,46,54" hai2="11,37,87,93,98,53,21,119,14,134,131,89,76" hai3="19,90,40,129,61,71,5,115,101,86,49,57,52"/><T62/><D2/><U85/><E46/><V121/><F121/><W60/><G115/><T29/><D92/><U64/><E64/><V20/><F37/><W102/><G129/><T91/><D91/><U66/><E66/><V12/><F131/><W95/><G71/><N who="1" m="27178" /><E96/><V116/><F134/><W130/><G130/><T67/><D58/><U113/><E104/><V107/><F53/><W72/><G72/><T118/><D118/><N who="2" m="45098" /><F12/><W81/><G5/><T28/><D28/><U99/><E99/><V82/><F107/><W22/><G40/><T132/><D79/><U103/><E103/><N who="3" m="39434" /><G95/><T13/><D13/><AGARI ba="0,0" hai="13,19,22,49,52,57,60,61,81,86,90" m="39434" machi="13" ten="30,3900,0" yaku="8,1,52,1,54,1" doraHai="77" who="3" fromWho="0" sc="250,-39,250,0,250,0,250,39" /><INIT seed="1,0,0,4,4,109" ten="211,250,250,289" oya="1" hai0="54,83,16,113,55,99,72,31,74,103,27,85,14" hai1="51,129,134,110,95,130,57,70,1,38,25,123,69" hai2="20,64,71,36,127,68,50,120,81,28,76,9,8" hai3="17,79,49,32,40,115,15,93,2,94,88,87,82"/><U53/><E1/><V91/><F36/><W122/><G2/><T39/><D39/><U118/><E25/><V112/><F120/><W73/><G122/><T105/><D113/><U111/><E123/><V80/><F127/><W62/><G32/><T33/><D74/><U10/><E10/><V29/><F50/><W92/><G115/><T119/><D72/><U30/><E30/><V117/><F91/><W60/><G73/><T128/><D128/><N who="1" m="49259" /><E95/><V125/><F125/><W108/><G79/><T101/><D101/><U102/><E102/><V126/><F126/><W67/><G108/><N who="1" m="41514" /><E134/><V121/><F121/><W7/><G7/><T3/><D3/><U5/><E5/><V104/><F28/><W0/><G0/><T48/><D119/><U65/><E38/><V58/><F29/><W133/><G133/><T13/><D13/><U47/><E118/><V131/><F117/><W84/><G84/><T77/><REACH who="0" step="1"/><D48/><REACH who="0" ten="201,250,250,289" step="2"/><N who="1" m="30887" /><E65/><V19/><F64/><W116/><G67/><T11/><AGARI ba="0,1" hai="11,14,16,27,31,33,54,55,77,83,85,99,103,105" machi="11" ten="20,5200,0" yaku="1,1,0,1,7,1,54,1,53,0" doraHai="109" doraHaiUra="124" who="0" fromWho="0" sc="201,62,250,-26,250,-13,289,-13" /><INIT seed="2,0,0,0,5,72" ten="263,224,237,276" oya="2" hai0="79,10,52,94,78,74,125,30,73,130,53,63,76" hai1="101,89,123,110,66,36,83,0,120,49,38,77,104" hai2="67,80,46,9,105,126,55,19,33,4,54,59,18" hai3="127,106,86,117,42,31,100,21,15,119,34,47,3"/><V32/><F105/><W96/><G3/><T16/><D130/><U103/><E0/><V128/><F128/><W97/><G127/><T113/><D113/><U111/><E66/><V85/><F126/><W102/><G34/><T43/><D125/><U84/><E49/><V17/><F33/><W58/><G58/><T22/><D43/><U7/><E7/><V57/><F32/><W118/><G86/><T26/><D73/><N who="1" m="43439" /><E38/><V70/><F70/><W20/><G15/><N who="0" m="7287" /><D74/><U23/><E23/><V82/><F67/><W13/><G13/><T95/><D53/><U69/><E36/><V115/><F115/><W2/><G31/><T108/><D108/><N who="1" m="41515" /><E69/><V56/><F46/><W122/><G122/><N who="1" m="46634" /><E104/><V50/><F50/><W98/><G2/><T62/><D63/><U81/><AGARI ba="0,0" hai="81,84,89,101,103" m="46634,41515,43439" machi="81" ten="30,8000,1" yaku="14,1,13,1,34,2,52,1" doraHai="72" who="1" fromWho="1" sc="263,-20,224,80,237,-40,276,-20" /><INIT seed="3,0,0,4,0,39" ten="243,304,197,256" oya="3" hai0="79,43,135,133,23,111,7,100,64,105,42,97,77" hai1="118,34,8,36,90,99,38,69,30,51,107,131,0" hai2="120,103,119,67,46,1,74,80,114,62,56,60,130" hai3="54,25,132,72,104,129,85,12,47,22,68,19,48"/><W17/><G72/><T102/><D111/><U63/><E90/><V15/><F1/><W112/><G112/><T122/><D122/><U16/><E51/><V9/><F114/><W27/><G129/><T89/><D64/><N who="1" m="41119" /><E131/><V96/><F119/><W113/><G132/><N who="0" m="50763" /><D100/><N who="1" m="62879" /><E118/><V78/><F130/><W75/><G75/><T26/><D89/><U93/><E93/><V82/><F82/><W101/><G68/><T70/><D7/><N who="1" m="1127" /><E16/><V6/><F120/><W52/><G113/><T92/><D105/><U66/><E66/><V44/><REACH who="2" step="1"/><F62/><REACH who="2" ten="243,304,187,256" step="2"/><W134/><G134/><T109/><D109/><U4/><E4/><V108/><F108/><W57/><G104/><AGARI ba="0,1" hai="6,9,15,44,46,56,60,67,74,78,80,96,103,104" machi="104" ten="30,3900,0" yaku="1,1,7,1,53,1" doraHai="39" doraHaiUra="11" who="2" fromWho="3" sc="243,0,304,0,187,49,256,-39" /><INIT seed="4,0,0,2,5,27" ten="243,304,236,217" oya="0" hai0="44,25,58,63,115,85,37,43,94,117,72,16,21" hai1="8,57,73,66,104,112,45,18,46,101,76,7,90" hai2="100,92,59,114,108,24,116,51,120,80,106,103,55" hai3="49,113,52,74,10,84,127,67,69,26,4,36,56"/><T96/><D117/><U13/><E112/><V9/><F120/><W88/><G74/><T14/><D115/><U30/><E104/><V135/><F108/><W105/><G113/><T20/><D72/><U71/><E71/><V78/><F114/><W28/><G36/><T102/><D85/><U119/><E101/><V35/><F135/><W40/><G105/><T39/><D39/><U6/><E76/><V65/><F106/><W98/><G40/><T5/><D5/><U64/><E73/><V68/><F116/><W3/><G127/><T93/><D94/><U42/><E90/><V118/><F118/><W32/><G98/><T75/><D75/><U107/><E107/><V97/><F103/><W128/><G128/><T111/><D111/><U12/><E57/><V15/><F68/><W62/><REACH who="3" step="1"/><G88/><REACH who="3" ten="243,304,236,207" step="2"/><T82/><D82/><U11/><E42/><V91/><F91/><W121/><G121/><T95/><D96/><U2/><E119/><V41/><F41/><W33/><G33/><T99/><D95/><U31/><E2/><V125/><F125/><W130/><G130/><T60/><REACH who="0" step="1"/><D58/><REACH who="0" ten="233,304,236,207" step="2"/><U17/><AGARI ba="0,2" hai="6,7,8,11,12,13,17,18,30,31,45,46,64,66" machi="17" ten="25,12000,2" yaku="0,1,22,2,8,1,52,2" doraHai="27" who="1" fromWho="1" sc="233,-60,304,140,236,-30,207,-30" /><INIT seed="5,0,0,5,2,102" ten="173,444,206,177" oya="1" hai0="15,80,33,74,61,30,83,107,34,131,93,108,125" hai1="75,71,70,7,98,3,10,96,135,35,42,114,5" hai2="65,46,133,2,1,27,124,29,92,58,76,85,97" hai3="134,130,14,60,79,57,113,100,64,6,115,31,95"/><U82/><E35/><V91/><F124/><W8/><G134/><T16/><D108/><U54/><E114/><V49/><F133/><W84/><G130/><T59/><D125/><U37/><E7/><V94/><F58/><W89/><G31/><T12/><D131/><U36/><E54/><V111/><F65/><W72/><G72/><T9/><D107/><U24/><E24/><V52/><F111/><W120/><G120/><T11/><D93/><U129/><E37/><V47/><F47/><W0/><G79/><T121/><D121/><U116/><E116/><V90/><REACH who="2" step="1"/><F76/><REACH who="2" ten="173,444,196,177" step="2"/><W38/><G115/><T23/><D59/><U22/><E135/><V50/><F50/><W86/><G38/><T19/><D61/><U25/><E71/><V69/><F69/><W44/><G44/><T87/><D74/><U106/><E70/><V105/><F105/><W21/><G113/><T62/><D62/><U51/><E106/><V48/><F48/><W119/><G119/><T66/><D66/><U20/><E51/><V4/><F4/><W99/><G64/><T56/><D56/><U118/><E118/><V110/><F110/><W53/><G60/><T39/><D39/><U78/><E129/><V103/><F103/><W67/><G67/><T40/><D40/><U128/><E128/><V126/><F126/><W88/><G100/><T13/><D9/><U63/><E63/><V104/><F104/><W68/><G68/><T127/><D127/><U26/><E42/><V112/><F112/><W109/><G109/><T77/><D11/><U73/><E10/><V122/><F122/><RYUUKYOKU ba="0,1" sc="173,-10,444,-10,196,30,177,-10" hai2="1,2,27,29,46,49,52,85,90,91,92,94,97" /><INIT seed="6,1,1,3,4,8" ten="163,434,226,167" oya="2" hai0="39,83,22,115,21,89,110,131,32,77,70,129,53" hai1="123,30,3,16,20,23,33,135,17,18,81,26,4" hai2="120,48,93,27,80,114,57,14,112,85,92,127,95" hai3="34,5,41,51,103,130,108,49,88,60,46,66,35"/><V15/><F120/><W74/><G108/><T84/><D110/><U58/><E58/><V117/><F117/><W28/><G130/><N who="0" m="49675" /><D32/><U87/><E135/><V25/><F127/><W6/><G74/><N who="0" m="43447" /><D39/><U128/><E128/><V72/><F72/><W132/><G132/><T79/><D79/><U1/><E87/><V90/><F112/><W43/><G103/><T102/><D115/><U105/><E81/><V111/><F114/><W134/><G134/><T75/><D102/><U133/><E105/><V118/><F118/><W122/><G122/><T54/><D70/><U91/><E91/><V65/><F111/><W11/><G88/><T99/><D99/><U82/><E82/><V119/><F119/><W100/><G100/><T13/><D13/><N who="2" m="4618" /><F48/><W104/><G104/><T109/><D75/><U107/><E107/><V61/><AGARI ba="1,1" hai="25,27,57,61,65,80,85,90,92,93,95" m="4618" machi="61" ten="30,11700,0" yaku="8,1,52,3" doraHai="8" who="2" fromWho="2" sc="163,-40,434,-40,226,130,167,-40" /><INIT seed="6,2,0,4,0,126" ten="123,394,356,127" oya="2" hai0="43,9,102,116,81,54,35,78,17,127,45,57,67" hai1="1,49,124,117,10,118,53,113,28,68,115,74,103" hai2="44,0,40,20,50,48,109,119,112,98,72,128,130" hai3="55,125,21,42,122,61,64,83,111,4,92,18,58"/><V70/><F119/><W59/><G122/><T100/><D127/><U73/><E124/><V37/><F72/><N who="1" m="27753" /><E68/><V89/><F70/><W82/><G125/><T131/><D35/><U31/><E103/><V5/><F112/><N who="1" m="43081" /><E1/><V8/><F109/><W47/><G4/><T97/><D67/><U22/><E10/><V123/><F123/><W88/><G111/><T104/><D116/><N who="1" m="44651" /><E22/><V85/><F20/><W99/><G47/><AGARI ba="2,0" hai="28,31,47,49,53" m="44651,43081,27753" machi="47" ten="40,1300,0" yaku="15,1" doraHai="126" who="1" fromWho="3" sc="123,0,394,19,356,0,127,-19" /><INIT seed="7,0,0,2,2,108" ten="123,413,356,108" oya="3" hai0="45,11,88,39,56,80,82,36,25,76,60,133,84" hai1="114,130,79,131,40,21,135,9,109,15,37,71,74" hai2="49,41,121,104,87,96,132,30,2,106,50,83,126" hai3="115,77,64,51,44,128,8,57,59,105,24,75,107"/><W52/><G128/><N who="1" m="49194" /><E71/><V28/><F2/><W58/><G64/><T18/><D133/><U125/><E114/><V27/><F132/><W73/><G115/><T20/><D45/><N who="1" m="23695" /><E135/><V78/><F126/><W33/><G8/><T129/><D11/><U17/><E109/><V70/><F70/><W54/><G54/><T32/><D32/><U95/><E125/><V111/><F111/><W47/><G47/><T94/><D82/><N who="1" m="45431" /><E95/><V117/><F117/><W12/><G12/><T103/><D129/><U113/><E113/><V122/><F28/><W4/><G4/><T10/><D10/><AGARI ba="0,0" hai="9,10,15,17,21" m="45431,23695,49194" machi="10" ten="30,1000,0" yaku="19,1" doraHai="108" who="1" fromWho="0" sc="123,-10,413,10,356,0,108,0" owari="113,-28.7,423,52.3,356,15.6,108,-39.2" /></mjloggm>