<mjloggm ver="2.3"><GO type="169" lobby="0"/><UN n0="%E4%B8%8B%E7%B4%9A%E5%9B%BD%E6%B0%91" n1="%4A%4B%E3%81%97%E3%82%8D%E3%81%BE%E3%82%8B" n2="%58%E7%8C%AB" n3="%E7%A9%BA%E9%96%91%E9%81%8A%E7%9C%9F" dan="17,16,16,16" rate="2143.99,2135.89,2055.71,2117.08" sx="M,F,M,F"/><TAIKYOKU oya="0"/><INIT seed="0,0,0,4,1,15" ten="250,250,250,250" oya="0" hai0="86,29,49,39,18,104,53,99,71,3,66,10,89" hai1="117,125,16,73,42,14,118,103,95,59,9,60,110" hai2="113,46,70,126,45,52,106,105,85,114,62,31,27" hai3="8,67,111,51,84,19,44,128,133,80,11,94,56"/><T91/><D39/><U101/><E73/><V74/><F74/><W26/><G111/><T23/><D29/><U68/><E68/><V132/><F85/><W123/><G128/><T72/><D72/><U43/><E110/><V96/><F106/><W50/><G133/><T83/><D66/><U4/><E125/><V2/><F2/><W79/><G123/><T108/><D71/><U35/><E35/><V58/><F132/><W6/><G94/><T54/><D108/><U17/><E118/><V100/><F126/><W1/><G11/><T130/><D130/><U131/><E117/><V48/><F45/><W36/><G36/><T22/><D22/><U30/><E30/><V87/><F87/><W34/><G34/><T122/><D122/><U92/><E92/><V109/><F109/><W120/><G120/><T37/><D37/><U81/><E81/><V20/><REACH who="2" step="1"/><F70/><REACH who="2" ten="250,250,240,250" step="2"/><W65/><G44/><T97/><D104/><U0/><E0/><V57/><F57/><W124/><G56/><T61/><D3/><U112/><E131/><V102/><F102/><W64/><G124/><T78/><D99/><U77/><E103/><V119/><F119/><W134/><G134/><T116/><D97/><U93/><E101/><V38/><F38/><W115/><G115/><T40/><D116/><U76/><E112/><V12/><F12/><W127/><G127/><T28/><D86/><U135/><E135/><V98/><F98/><W63/><G84/><T41/><D91/><U33/><E14/><V69/><F69/><N who="3" m="42143" /><G79/><T32/><D78/><N who="1" m="30315" /><E59/><V121/><F121/><W25/><G1/><RYUUKYOKU ba="0,1" sc="250,-10,250,-10,240,30,250,-10" hai2="20,27,31,46,48,52,58,62,96,100,105,113,114" /><INIT seed="1,1,1,4,2,14" ten="240,240,270,240" oya="1" hai0="79,27,63,81,29,112,107,45,16,66,108,102,126" hai1="96,128,72,15,43,78,123,109,106,40,99,37,12" hai2="113,31,132,85,127,92,84,22,25,61,62,64,46" hai3="131,59,87,90,17,0,10,77,56,33,44,124,93"/><U65/><E123/><V110/><F110/><W80/><G131/><T2/><D2/><U116/><E116/><V119/><F119/><W8/><G33/><T133/><D112/><U9/><E128/><V82/><F132/><W134/><G134/><T76/><D133/><U36/><E65/><V86/><F127/><W49/><G124/><T48/><D108/><U53/><E53/><V115/><F46/><W118/><G0/><T51/><D126/><U11/><E109/><V57/><F82/><W101/><G101/><T130/><D130/><U114/><E78/><V42/><F42/><W7/><G7/><T3/><D3/><U70/><E70/><V120/><F120/><W5/><G5/><T13/><D107/><U32/><E32/><V73/><F73/><W74/><G118/><T60/><D102/><U41/><E72/><V21/><F21/><W89/><G89/><T54/><D51/><U68/><E68/><V35/><F35/><W111/><G111/><T4/><D4/><U88/><E43/><V38/><F38/><W24/><G10/><N who="0" m="6199" /><D81/><U121/><E121/><V105/><F105/><W117/><G117/><T39/><D39/><U135/><E135/><V28/><F28/><W18/><G24/><T122/><D122/><U20/><E106/><V98/><REACH who="2" step="1"/><F62/><REACH who="2" ten="240,240,260,240" step="2"/><N who="0" m="23594" /><D66/><U100/><E37/><V103/><AGARI ba="1,2" hai="22,25,31,57,61,64,84,85,86,92,98,103,113,115" machi="103" ten="30,8000,1" yaku="1,1,0,1,25,2,53,1" doraHai="14" doraHaiUra="94" who="2" fromWho="2" sc="240,-21,240,-41,260,103,240,-21" /><INIT seed="2,0,0,3,3,19" ten="219,199,363,219" oya="2" hai0="66,95,77,130,102,74,7,69,52,45,125,37,133" hai1="22,21,78,109,64,89,99,81,5,84,116,34,0" hai2="114,104,124,32,121,72,65,100,127,131,2,60,35" hai3="79,97,112,129,110,96,4,101,10,80,41,132,11"/><V108/><RYUUKYOKU type="yao9" ba="0,0" sc="219,0,199,0,363,0,219,0" hai2="2,32,35,60,65,72,100,104,108,114,121,124,127,131" /><INIT seed="2,1,0,4,0,59" ten="219,199,363,219" oya="2" hai0="92,71,62,48,9,69,66,52,131,72,31,13,12" hai1="97,126,115,68,100,75,96,8,49,46,132,118,128" hai2="64,89,16,30,119,47,121,112,78,108,102,90,32" hai3="41,94,5,107,18,23,130,114,123,98,99,65,3"/><V116/><F121/><W113/><G123/><T117/><D72/><U17/><E75/><V34/><F112/><N who="3" m="43115" /><G130/><T104/><D104/><U19/><E118/><V79/><F102/><N who="3" m="62935" /><G41/><T63/><D131/><U105/><E115/><V28/><F47/><W38/><G38/><T122/><D122/><U84/><E97/><V58/><F108/><W35/><G35/><T74/><D74/><U81/><E68/><V87/><F58/><W29/><G29/><T25/><D92/><U120/><E132/><V83/><F83/><W39/><G39/><T77/><D77/><U7/><E126/><V11/><F11/><N who="3" m="2495" /><G65/><T73/><D73/><U70/><E128/><V106/><F64/><W56/><G56/><T15/><D117/><U53/><E120/><V42/><F42/><W57/><G57/><T86/><D86/><U125/><E125/><V22/><F87/><W1/><G1/><T95/><D95/><U109/><E109/><V44/><F44/><W27/><G94/><T4/><D71/><U111/><E70/><V67/><F67/><W36/><G36/><T26/><D26/><U14/><REACH who="1" step="1"/><E111/><REACH who="1" ten="219,189,363,219" step="2"/><V50/><F106/><W127/><G99/><T85/><D85/><U43/><E43/><V88/><F116/><W10/><G127/><T21/><REACH who="0" step="1"/><D63/><REACH who="0" ten="209,189,363,219" step="2"/><U2/><E2/><V60/><F60/><W0/><G0/><T103/><D103/><U20/><E20/><V61/><F61/><W37/><G23/><T45/><AGARI ba="1,2" hai="4,9,12,13,15,21,25,31,45,48,52,62,66,69" machi="45" ten="20,8000,1" yaku="1,1,0,1,7,1,52,1,54,1,53,0" doraHai="59" doraHaiUra="129" who="0" fromWho="0" sc="209,103,189,-21,363,-41,219,-21" /><INIT seed="3,0,0,3,1,65" ten="312,168,322,198" oya="3" hai0="103,4,46,45,108,95,3,1,97,116,5,87,62" hai1="124,12,37,6,81,25,64,47,13,48,123,31,98" hai2="14,69,131,58,74,19,16,109,102,126,36,114,51" hai3="94,71,24,122,99,0,110,67,85,66,111,38,127"/><W61/><G122/><T93/><D116/><U34/><E123/><V106/><F114/><W86/><G38/><T96/><D87/><U7/><E124/><V68/><F36/><W133/><G0/><T10/><D62/><U20/><E37/><V125/><F74/><W49/><G127/><N who="2" m="48649" /><F109/><N who="3" m="41483" /><G133/><T90/><REACH who="0" step="1"/><D108/><REACH who="0" ten="302,168,322,198" step="2"/><U54/><E98/><N who="2" m="61783" /><F131/><W100/><G67/><T44/><D44/><U105/><E47/><V134/><F134/><W35/><G49/><T121/><D121/><U53/><E48/><V11/><F51/><W26/><G35/><T101/><D101/><U55/><E34/><V2/><F58/><W130/><G130/><T42/><D42/><U84/><E64/><V30/><F2/><W77/><G86/><T60/><D60/><U23/><E84/><V63/><F63/><W132/><G132/><T117/><D117/><U33/><E33/><V56/><F56/><W32/><G32/><T119/><D119/><U92/><E55/><V15/><F30/><W57/><G57/><T135/><D135/><U73/><E31/><V17/><F14/><W104/><G77/><T39/><D39/><U91/><E54/><V22/><F11/><AGARI ba="0,1" hai="1,3,4,5,10,11,45,46,90,93,95,96,97,103" machi="11" ten="40,2600,0" yaku="1,1,9,1,53,0" doraHai="65" doraHaiUra="120" who="0" fromWho="2" sc="302,36,168,0,322,-26,198,0" /><INIT seed="4,0,0,2,4,8" ten="338,168,296,198" oya="0" hai0="38,70,5,49,78,13,33,88,108,99,58,80,36" hai1="104,127,57,19,7,34,47,63,67,134,107,93,71" hai2="39,10,86,90,51,68,133,44,54,42,111,29,112" hai3="3,11,72,53,45,35,6,116,15,18,102,73,20"/><T103/><D70/><U17/><E34/><V89/><F111/><W75/><G116/><T28/><D108/><U46/><E134/><V117/><F117/><W131/><G131/><T124/><D124/><U0/><E127/><V74/><F74/><W40/><G102/><T120/><D120/><U30/><E30/><V25/><F112/><W55/><REACH who="3" step="1"/><G35/><REACH who="3" ten="338,168,296,188" step="2"/><T22/><D103/><U69/><E107/><V115/><F133/><W31/><G31/><T135/><D33/><U114/><E104/><V32/><F115/><W37/><AGARI ba="0,1" hai="3,6,11,15,18,20,37,40,45,53,55,72,73,75" machi="37" ten="30,4000,0" yaku="1,1,0,1,52,1,53,0" doraHai="8" doraHaiUra="62" who="3" fromWho="3" sc="338,-20,168,-10,296,-10,188,50" /><INIT seed="5,0,0,0,4,86" ten="318,158,286,238" oya="1" hai0="21,84,6,10,116,122,32,97,94,132,3,133,77" hai1="47,135,74,80,50,7,81,41,4,37,103,51,35" hai2="108,55,0,78,19,90,73,101,93,66,91,8,25" hai3="58,109,45,12,1,123,48,42,119,22,120,13,17"/><U70/><E135/><V52/><F108/><W57/><G1/><T56/><D32/><U130/><E35/><V129/><F66/><W65/><G109/><T112/><D116/><U23/><E130/><V20/><F101/><W75/><G75/><T95/><D112/><U105/><E70/><V106/><F106/><W64/><G119/><T121/><D56/><N who="3" m="21609" /><G123/><N who="0" m="47115" /><D21/><U98/><E23/><V49/><F129/><W26/><G120/><T63/><D63/><U125/><E125/><V88/><F49/><W115/><G115/><T34/><D34/><U72/><E81/><V128/><F128/><W39/><G39/><T53/><D53/><U28/><E28/><V60/><F60/><W85/><G85/><T15/><D3/><U68/><E68/><V87/><F73/><W46/><G46/><T67/><D67/><AGARI ba="0,0" hai="12,13,17,22,26,42,45,48,64,65,67" m="21609" machi="67" ten="30,1000,0" yaku="8,1" doraHai="86" who="3" fromWho="0" sc="318,-10,158,0,286,0,238,10" /><INIT seed="6,0,0,1,2,19" ten="308,158,286,248" oya="2" hai0="77,71,121,122,125,59,1,45,80,118,123,109,82" hai1="112,62,13,90,119,26,41,6,68,25,99,135,74" hai2="127,106,84,51,52,24,129,105,38,63,95,12,53" hai3="2,86,83,76,64,21,34,9,33,22,117,66,17"/><V56/><F38/><W16/><G117/><T126/><D1/><U18/><E119/><V110/><F129/><W10/><G2/><T132/><D71/><U88/><E74/><V97/><F127/><N who="0" m="48650" /><D118/><U124/><E124/><V116/><F116/><W54/><G54/><T130/><D109/><U37/><E112/><V31/><F12/><N who="3" m="9383" /><G33/><T4/><D4/><U131/><E131/><V111/><F84/><W3/><G34/><T91/><D45/><U75/><E75/><V46/><F110/><W40/><G40/><T134/><D59/><U96/><E6/><V57/><F46/><W87/><G87/><N who="0" m="50663" /><D130/><U7/><E7/><V49/><F63/><W103/><G103/><T55/><D55/><U43/><E37/><V44/><F44/><W120/><G120/><T23/><D23/><U50/><E62/><V58/><F58/><W73/><G3/><T69/><D69/><U28/><E68/><V39/><F39/><W11/><G73/><AGARI ba="0,0" hai="73,77,82,121,122,123,132,134" m="50663,48650" machi="73" ten="40,5200,0" yaku="18,1,34,2" doraHai="19" who="0" fromWho="3" sc="308,52,158,0,286,0,248,-52" /><INIT seed="7,0,0,0,4,17" ten="360,158,286,196" oya="3" hai0="15,118,116,57,131,85,51,119,68,78,76,26,45" hai1="123,49,120,74,11,81,48,2,93,94,40,92,105" hai2="50,64,102,99,100,98,5,132,3,66,121,104,30" hai3="127,106,63,33,13,43,10,88,82,90,72,12,91"/><W39/><G106/><T77/><D68/><U80/><E105/><V84/><F132/><W126/><G33/><T109/><D109/><U60/><E60/><V114/><F84/><W58/><G39/><T128/><D57/><U25/><E74/><V87/><F87/><W96/><G43/><N who="0" m="25023" /><D15/><U125/><E125/><N who="3" m="47626" /><G96/><T65/><D65/><U111/><E111/><V24/><F121/><W32/><G32/><T20/><D85/><U134/><E134/><V135/><F99/><W28/><G28/><N who="0" m="17479" /><D78/><U18/><E2/><V0/><F0/><W6/><G13/><T83/><D77/><U8/><E40/><V7/><F3/><W37/><G37/><T75/><D83/><N who="1" m="31819" /><E123/><V117/><F102/><W71/><G71/><T62/><D76/><U55/><E120/><V53/><F135/><W69/><G69/><T115/><D75/><U113/><E113/><V41/><F114/><W122/><G122/><T29/><D29/><U22/><E55/><V1/><F41/><W47/><G72/><T4/><D115/><U35/><E35/><V97/><F1/><W31/><G31/><T112/><D112/><U19/><E19/><V34/><F64/><N who="3" m="39031" /><G82/><T86/><D118/><U70/><E70/><V103/><F117/><W73/><G73/><T59/><D119/><U36/><E36/><V89/><F66/><W23/><G47/><T95/><D116/><U107/><E107/><V56/><F103/><W108/><G108/><T54/><D4/><U46/><E46/><V61/><F5/><W44/><G44/><T9/><D9/><U130/><E130/><V110/><F110/><RYUUKYOKU ba="0,0" sc="360,10,158,10,286,-30,196,10" hai0="54,59,62,86,95,128,131" hai1="8,11,18,22,25,48,49,92,93,94" hai3="6,10,12,23,88,90,91" /><INIT seed="7,1,0,5,0,32" ten="370,168,256,206" oya="3" hai0="36,49,82,3,0,62,93,24,83,127,104,69,43" hai1="88,105,126,77,10,103,128,51,65,47,31,16,5" hai2="95,30,15,60,99,21,114,74,39,61,91,76,12" hai3="11,9,97,19,27,67,7,131,94,38,75,113,52"/><W120/><G120/><T107/><D36/><U53/><E126/><V119/><F39/><W13/><G38/><T122/><D122/><U98/><E128/><V17/><F119/><W106/><G75/><T28/><D93/><U46/><E31/><V89/><F114/><W56/><G113/><T50/><D28/><U118/><E118/><V73/><F30/><W18/><G106/><T109/><D62/><U124/><E124/><V34/><F34/><W108/><G131/><T96/><D96/><U134/><E134/><V87/><F76/><W2/><G67/><T63/><D63/><U116/><E116/><V37/><F37/><W68/><G68/><T125/><D24/><U111/><E111/><V70/><F12/><W66/><G66/><T78/><D78/><U130/><E130/><V71/><F61/><W86/><G86/><T121/><D121/><U129/><E129/><V59/><F71/><W133/><G108/><T135/><D69/><U48/><E77/><V132/><F132/><W84/><G84/><T54/><D135/><U112/><E112/><V72/><F70/><W44/><G133/><T110/><D54/><N who="1" m="29975" /><E65/><V58/><REACH who="2" step="1"/><F60/><REACH who="2" ten="370,168,246,206" step="2"/><W115/><G115/><T55/><D125/><U6/><E105/><V102/><F102/><W92/><G27/><T26/><D26/><U14/><E103/><V79/><F79/><W33/><G33/><T1/><D127/><U29/><E29/><V64/><F64/><W35/><G35/><T4/><D107/><U20/><E20/><V90/><F90/><W22/><G22/><T8/><D104/><U81/><E81/><AGARI ba="1,1" hai="15,17,21,58,59,72,73,74,81,87,89,91,95,99" machi="81" ten="40,2600,0" yaku="1,1,6,1,53,0" doraHai="32" doraHaiUra="45" who="2" fromWho="1" sc="370,0,168,-29,246,39,206,0" owari="370,47.0,139,-36.1,285,8.5,206,-19.4" /></mjloggm>