<mjloggm ver="2.3"><GO type="169" lobby="0"/><UN n0="%E3%83%A4%E3%83%8A%E3%83%AA%E3%83%B3%E3%82%B9%E3%82%AD%E3%83%BC" n1="%E7%B9%AD%E3%82%92%E8%A7%A3%E3%81%8F" n2="%E6%B7%B3%E5%AD%90%E3%81%A7%E3%81%99" n3="%6D%79%6D%65%6C%6F%58%58" dan="17,17,17,17" rate="2151.71,2214.57,2187.21,2193.98" sx="M,M,M,F"/><TAIKYOKU oya="0"/><INIT seed="0,0,0,2,5,70" ten="250,250,250,250" oya="0" hai0="32,16,9,110,115,2,29,119,0,35,6,45,23" hai1="26,92,86,134,76,56,33,44,129,106,101,88,66" hai2="60,116,77,51,57,79,105,41,117,61,97,82,78" hai3="124,34,81,131,3,69,12,42,121,63,72,53,126"/><T104/><D104/><U59/><E134/><V96/><F82/><W75/><G3/><N who="0" m="223" /><D45/><U114/><E129/><V107/><F41/><W17/><G131/><T49/><D49/><U133/><E133/><V71/><F51/><W28/><G121/><T113/><D119/><N who="2" m="45642" /><F57/><W128/><G128/><T27/><D110/><U1/><E1/><N who="0" m="617" /><D35/><U46/><E114/><V123/><F71/><W13/><G42/><T19/><D19/><U58/><E66/><V102/><F123/><W91/><G28/><T21/><D23/><U89/><E76/><V122/><F122/><W68/><G34/><T109/><D109/><U55/><E55/><V95/><F105/><W54/><G17/><T73/><D73/><U85/><E106/><V130/><F130/><W65/><G63/><T47/><D47/><U22/><E33/><V87/><F87/><W8/><G8/><T125/><D125/><U98/><E101/><AGARI ba="0,0" hai="60,61,77,78,79,95,96,97,101,102,107" m="45642" machi="101" ten="30,1000,0" yaku="12,1" doraHai="70" who="2" fromWho="1" sc="250,0,250,-10,250,10,250,0" /><INIT seed="1,0,0,2,1,48" ten="250,240,260,250" oya="1" hai0="130,9,42,84,132,128,104,19,101,70,95,10,127" hai1="94,106,69,121,45,3,89,29,20,4,68,76,53" hai2="64,111,110,93,105,18,118,86,39,7,0,31,122" hai3="129,15,120,71,32,56,55,52,115,54,126,119,1"/><U50/><E106/><V74/><F39/><W8/><G120/><T43/><D70/><U28/><E121/><V6/><F74/><W77/><G115/><T16/><D104/><U112/><E112/><V87/><F105/><W60/><G1/><T73/><D73/><U40/><E76/><V41/><F41/><W83/><G71/><T88/><D101/><U21/><E69/><V66/><F31/><N who="1" m="11849" /><E4/><V47/><F18/><N who="0" m="6698" /><D127/><U49/><E68/><V107/><F0/><W38/><G32/><T11/><D132/><U65/><E65/><V85/><F107/><W35/><G35/><T22/><D22/><N who="1" m="8811" /><E3/><V37/><F37/><W113/><G38/><T133/><D133/><U27/><E27/><V98/><F122/><W116/><G113/><T33/><D33/><U34/><E34/><V108/><F118/><N who="3" m="45099" /><G126/><T5/><D5/><U51/><E40/><V75/><F6/><N who="3" m="3479" /><G129/><T62/><D62/><U114/><E114/><V80/><F7/><W134/><G134/><T63/><D63/><U123/><E123/><V97/><F75/><AGARI ba="0,0" hai="52,54,55,56,60,75,77,83" m="3479,45099" machi="75" ten="30,8000,1" yaku="12,1,52,3,54,1" doraHai="48" who="3" fromWho="2" sc="250,0,240,0,260,-80,250,80" /><INIT seed="2,0,0,0,1,87" ten="250,240,180,330" oya="2" hai0="64,86,11,6,80,125,75,113,25,118,63,3,106" hai1="23,28,34,102,79,135,69,104,9,97,67,83,72" hai2="130,27,93,133,112,89,42,105,132,38,57,1,62" hai3="37,50,131,45,70,54,73,84,32,101,44,48,52"/><V20/><F105/><W103/><G73/><T24/><D113/><U111/><E111/><V123/><F123/><W124/><G131/><T76/><D125/><U88/><E135/><N who="2" m="51787" /><F1/><W36/><G124/><T2/><D118/><U10/><E23/><V109/><F112/><W35/><REACH who="3" step="1"/><G84/><REACH who="3" ten="250,240,180,320" step="2"/><T58/><D75/><U13/><E72/><V0/><F130/><W120/><G120/><T108/><D108/><U81/><E81/><V77/><F109/><W17/><G17/><T26/><REACH who="0" step="1"/><D106/><REACH who="0" ten="240,240,180,320" step="2"/><U49/><E104/><V122/><F122/><W71/><AGARI ba="0,2" hai="32,35,36,37,44,45,48,50,52,54,70,71,101,103" machi="71" ten="25,8000,1" yaku="1,1,0,1,22,2,54,1,53,0" doraHai="87" doraHaiUra="116" who="3" fromWho="3" sc="240,-20,240,-20,180,-40,320,100" /><INIT seed="3,0,0,3,1,27" ten="220,220,140,420" oya="3" hai0="72,126,124,5,69,64,35,74,82,99,121,43,30" hai1="37,93,68,112,52,86,16,61,100,53,79,50,54" hai2="123,106,15,128,42,89,104,2,102,12,39,36,73" hai3="9,122,109,98,33,105,24,46,6,76,107,58,17"/><W91/><G122/><T10/><D121/><U77/><E112/><V19/><F2/><W129/><G129/><T60/><D43/><U45/><E37/><V96/><F73/><W31/><G109/><T23/><D23/><U13/><E68/><V119/><F119/><W65/><G76/><N who="1" m="29258" /><E61/><V127/><F127/><N who="0" m="48682" /><D82/><U90/><E100/><V85/><F104/><W75/><G17/><T134/><D99/><U78/><N who="1" m="29266" /><U20/><AGARI ba="0,0" hai="13,16,20,45,50,52,53,54,86,90,93" m="29266" machi="20" ten="30,7900,0" yaku="4,1,8,1,54,2" doraHai="27" who="1" fromWho="1" sc="220,-20,220,79,140,-20,420,-39" /><INIT seed="4,0,0,0,5,46" ten="200,299,120,381" oya="0" hai0="31,7,89,14,70,101,90,4,67,135,71,54,81" hai1="30,103,26,38,119,19,92,113,48,24,100,18,41" hai2="125,73,35,43,51,104,126,21,49,65,6,97,57" hai3="96,116,34,128,62,60,105,115,84,15,25,95,12"/><T85/><D135/><U107/><E38/><V111/><F111/><W74/><G74/><T120/><D120/><U77/><E107/><V82/><F35/><W114/><G116/><T79/><D101/><U99/><E103/><N who="2" m="62575" /><F43/><W29/><G84/><T78/><D31/><U22/><E119/><V39/><F39/><W132/><G128/><T91/><D79/><U11/><E113/><N who="3" m="43018" /><G105/><T36/><D36/><U2/><E77/><N who="2" m="44335" /><F6/><W55/><G132/><T10/><D67/><U63/><E63/><N who="3" m="24106" /><G55/><T56/><REACH who="0" step="1"/><D7/><REACH who="0" ten="190,299,120,381" step="2"/><U102/><E102/><AGARI ba="0,1" hai="12,15,25,29,34,95,96,102" m="24106,43018" machi="102" ten="30,1000,0" yaku="15,1" doraHai="46" who="3" fromWho="1" sc="190,0,299,-10,120,0,381,20" /><INIT seed="5,0,0,3,4,27" ten="190,289,120,401" oya="1" hai0="107,80,42,20,15,49,22,10,44,7,51,67,38" hai1="43,2,47,98,96,131,9,103,108,63,57,102,21" hai2="88,35,4,120,68,132,28,39,41,111,116,8,87" hai3="93,100,128,54,76,30,34,50,83,12,134,31,122"/><U123/><E123/><V106/><F116/><W94/><G122/><T18/><D107/><U77/><E131/><V29/><F111/><W135/><G128/><T40/><D67/><U86/><E108/><V62/><F120/><W85/><G12/><T84/><D20/><U55/><E2/><V69/><F106/><W58/><G34/><T16/><D40/><U82/><E9/><V127/><F35/><W56/><G58/><T70/><D70/><U71/><E71/><V75/><F75/><W36/><G36/><T110/><D110/><U95/><E21/><V117/><F117/><W91/><G100/><T65/><D65/><U133/><E133/><N who="3" m="50698" /><G94/><T25/><REACH who="0" step="1"/><D7/><REACH who="0" ten="180,289,120,401" step="2"/><U73/><E43/><V1/><F132/><W104/><G104/><T37/><D37/><U118/><E118/><V109/><F109/><W92/><G92/><T19/><D19/><U11/><E95/><V126/><F68/><W52/><G54/><T105/><D105/><U48/><E55/><V90/><F69/><W33/><G33/><T124/><D124/><U60/><E103/><V113/><F126/><W115/><G115/><T121/><D121/><U23/><E102/><V3/><F113/><W119/><G119/><T81/><D81/><U78/><E82/><V13/><F127/><W6/><G6/><T59/><D59/><U53/><E57/><V74/><F39/><W17/><G17/><T26/><D26/><U24/><E24/><V129/><F129/><W64/><G64/><T0/><D0/><U112/><E23/><V72/><F1/><W5/><G5/><T45/><D45/><RYUUKYOKU type="nm" ba="0,1" sc="180,-20,289,-40,120,80,401,-20" hai0="10,15,16,18,22,25,38,42,44,49,51,80,84" hai3="30,31,50,52,56,76,83,85,91,93" /><INIT seed="6,1,1,1,0,85" ten="160,249,200,381" oya="2" hai0="4,25,38,92,106,131,30,123,119,91,13,24,89" hai1="56,57,129,125,48,59,132,84,134,2,52,20,126" hai2="71,15,68,32,62,120,41,82,40,124,107,47,46" hai3="88,87,90,128,114,39,5,54,35,34,86,3,103"/><V77/><F120/><W105/><G39/><T36/><D123/><U113/><E2/><V99/><F32/><W110/><G110/><T97/><D106/><U65/><E113/><V49/><F124/><N who="1" m="47721" /><E129/><V74/><F62/><W79/><G128/><T12/><D131/><U9/><E9/><V102/><REACH who="2" step="1"/><F15/><REACH who="2" ten="160,249,190,381" step="2"/><W21/><G34/><T83/><D119/><U67/><E20/><V14/><F14/><W1/><G21/><T17/><D4/><U116/><E116/><V95/><F95/><W16/><G35/><T96/><D92/><U61/><E84/><V76/><F76/><W112/><G5/><T44/><D83/><U43/><E43/><V51/><AGARI ba="1,2" hai="40,41,46,47,49,51,68,71,74,77,82,99,102,107" machi="51" ten="20,7800,0" yaku="1,1,0,1,7,1,9,1,53,0" doraHai="85" doraHaiUra="135" who="2" fromWho="2" sc="160,-27,249,-27,190,101,381,-27" /><INIT seed="6,2,0,4,2,89" ten="133,222,291,354" oya="2" hai0="70,27,36,45,83,133,37,22,124,110,119,51,38" hai1="132,72,78,64,54,24,74,123,49,121,94,16,4" hai2="80,43,103,10,56,34,95,67,13,39,8,61,108" hai3="122,115,63,12,2,75,23,104,5,97,109,47,65"/><V107/><F34/><W48/><G122/><N who="1" m="46602" /><E132/><V111/><F107/><W77/><G109/><N who="2" m="42057" /><F39/><W21/><G2/><T15/><D110/><U6/><E64/><V79/><F43/><W42/><G75/><N who="1" m="28714" /><E78/><V102/><F10/><W125/><G77/><T35/><D70/><U68/><E68/><V31/><F31/><W59/><G125/><T9/><D133/><U3/><E3/><V62/><F62/><W101/><G115/><T32/><D124/><U18/><E94/><V100/><F80/><W98/><G98/><T96/><D83/><U113/><E113/><V41/><F41/><W82/><G82/><T91/><D119/><U1/><E1/><V52/><F79/><W112/><G112/><T118/><D118/><U105/><E105/><V130/><F130/><W66/><G66/><T69/><D69/><U73/><N who="1" m="28722" /><U50/><DORA hai="20" /><E50/><V14/><F67/><W55/><G65/><T114/><D114/><U71/><E71/><V106/><F106/><W44/><G63/><T25/><D38/><U57/><E18/><N who="2" m="8487" /><F14/><W53/><G42/><T30/><D37/><U11/><E11/><V85/><F85/><W99/><G104/><T86/><D36/><U116/><E116/><V134/><F134/><W129/><G12/><T90/><D86/><U17/><E17/><V76/><F76/><W46/><G48/><T131/><D131/><U33/><E33/><V29/><F29/><W92/><G129/><T126/><D35/><U81/><E81/><V19/><F19/><W127/><G127/><T117/><D126/><U60/><E60/><V84/><F84/><RYUUKYOKU ba="2,0" sc="133,-15,222,15,291,15,354,-15" hai1="4,6,16,24,49,54,57" hai2="52,56,61,95,100,102,103" /><INIT seed="6,3,0,3,2,52" ten="118,237,306,339" oya="2" hai0="79,73,115,86,82,56,14,117,121,111,95,26,101" hai1="127,37,72,30,32,114,5,2,122,23,81,7,74" hai2="84,10,80,119,60,85,6,112,69,50,33,39,100" hai3="108,87,8,120,133,20,34,35,66,38,54,24,28"/><V19/><F119/><W65/><G120/><T17/><D111/><U91/><E122/><V18/><F39/><W89/><G108/><T104/><D121/><U55/><E127/><V77/><F33/><W93/><G38/><T118/><D115/><U63/><E114/><V124/><F112/><W25/><G133/><T11/><D26/><N who="1" m="16735" /><E2/><V53/><F100/><W13/><G54/><T67/><D104/><U75/><E75/><V105/><F105/><W68/><G68/><T96/><REACH who="0" step="1"/><D73/><REACH who="0" ten="108,237,306,339" step="2"/><U48/><E74/><V94/><F124/><W49/><G25/><T12/><D12/><U62/><E72/><V116/><F116/><W43/><G34/><T70/><D70/><U71/><E32/><V27/><F27/><W129/><G35/><T45/><D45/><N who="1" m="28047" /><E71/><V61/><F69/><W58/><G24/><T78/><D78/><U3/><E3/><V16/><F10/><W64/><G28/><T59/><D59/><U132/><E132/><V113/><F113/><W125/><G125/><T46/><D46/><U1/><E1/><V90/><F6/><N who="1" m="2057" /><E37/><V135/><F135/><W128/><G8/><T130/><D130/><U134/><E134/><V99/><F19/><N who="3" m="10351" /><G58/><T126/><D126/><U22/><E22/><V76/><F18/><W44/><G129/><T109/><D109/><U97/><E81/><N who="2" m="47143" /><F16/><W41/><G128/><T40/><D40/><U57/><E57/><AGARI ba="3,1" hai="50,53,57,60,61,77,80,85,90,94,99" m="47143" machi="57" ten="30,2900,0" yaku="8,1,52,1" doraHai="52" who="2" fromWho="1" sc="108,0,237,-38,306,48,339,0" /><INIT seed="6,4,0,5,2,135" ten="108,199,354,339" oya="2" hai0="106,57,112,78,76,13,97,32,53,61,52,29,120" hai1="54,6,19,5,46,1,50,126,79,21,132,65,121" hai2="33,102,109,14,119,26,51,90,47,0,81,20,134" hai3="114,66,96,9,73,15,85,24,69,2,40,22,122"/><V127/><F119/><W72/><G122/><T64/><D120/><U39/><E121/><V107/><F0/><W56/><G69/><T105/><D112/><U117/><E117/><V125/><F134/><W28/><G2/><T38/><D38/><U36/><E132/><V82/><F109/><W94/><G40/><T131/><D131/><U41/><E39/><V45/><F33/><W23/><G85/><T83/><D13/><U11/><E6/><V67/><F67/><W59/><G23/><T31/><D78/><U37/><E37/><V110/><F14/><W63/><G59/><T80/><D80/><U104/><E104/><V75/><F45/><W116/><G114/><T62/><D32/><U92/><E79/><V44/><F47/><W48/><G48/><T84/><D53/><U49/><E65/><V30/><F90/><W89/><G116/><T71/><REACH who="0" step="1"/><D97/><REACH who="0" ten="98,199,354,339" step="2"/><U16/><E54/><N who="2" m="30055" /><F110/><W58/><G58/><T74/><D74/><U88/><E36/><V8/><F75/><W108/><G108/><T35/><D35/><U115/><E115/><V4/><F81/><W91/><G73/><T124/><D124/><N who="2" m="47690" /><F82/><W25/><G72/><T12/><D12/><U42/><E126/><V3/><F3/><W103/><G25/><T133/><D133/><U34/><E34/><V10/><F4/><AGARI ba="4,1" hai="4,9,15,22,24,28,56,63,66,89,91,94,96,103" machi="4" ten="30,7700,0" yaku="7,1,25,2,8,1" doraHai="135" who="3" fromWho="2" sc="98,0,199,0,354,-89,339,99" /><INIT seed="7,0,0,3,1,8" ten="98,199,265,438" oya="3" hai0="125,62,16,61,121,23,49,7,135,28,35,41,82" hai1="3,113,74,10,108,83,18,37,64,40,134,130,69" hai2="9,6,50,104,124,107,92,123,87,114,128,126,51" hai3="39,33,118,27,78,99,120,122,44,12,110,102,72"/><W60/><G60/><T13/><D121/><U133/><E108/><V42/><F114/><W101/><G101/><T55/><D125/><U116/><E113/><V115/><F123/><W24/><G24/><T4/><D135/><U94/><E94/><V63/><F115/><W119/><G12/><T58/><D35/><U79/><E18/><V129/><F63/><W117/><G44/><T91/><D28/><U38/><E130/><V47/><F92/><W67/><G67/><T131/><D131/><N who="2" m="50250" /><F87/><W54/><G54/><T75/><D75/><U25/><E25/><V81/><F81/><W98/><G39/><T43/><D61/><U76/><E38/><V100/><F50/><W26/><G119/><T65/><D43/><U112/><E10/><V109/><F109/><W85/><G85/><T57/><D41/><U30/><E3/><N who="2" m="223" /><F100/><W77/><G110/><T36/><D36/><U2/><E40/><V22/><F22/><W66/><G66/><T89/><REACH who="0" step="1"/><D82/><REACH who="0" ten="88,199,265,438" step="2"/><N who="1" m="45335" /><E30/><V45/><F124/><W20/><G72/><T21/><D21/><U86/><E37/><V111/><F126/><W53/><G20/><T14/><D14/><U106/><E133/><V73/><F73/><W32/><G102/><T80/><D80/><U17/><E134/><V19/><F111/><W52/><AGARI ba="0,1" hai="26,27,32,33,52,53,77,78,98,99,117,118,120,122" machi="52" ten="25,9600,0" yaku="0,1,22,2,54,1" doraHai="8" who="3" fromWho="3" sc="88,-32,199,-32,265,-32,438,106" owari="56,-44.4,167,-23.3,233,3.3,544,64.4" /></mjloggm>