<mjloggm ver="2.3"><GO type="169" lobby="0"/><UN n0="%E7%94%9F%E5%BE%92%E4%BC%9A%E3%80%90%E5%BA%8F%E3%80%91" n1="%E3%81%BE%E3%81%A1%E3%81%8A" n2="%E3%81%9F%E3%81%8F%E3%81%9E%E3%81%85" n3="%E3%82%BF%E3%83%9E%E3%83%8D%E3%82%AE" dan="17,16,16,18" rate="2151.29,2161.68,2126.64,2271.20" sx="M,M,M,M"/><TAIKYOKU oya="0"/><INIT seed="0,0,0,4,1,22" ten="250,250,250,250" oya="0" hai0="131,18,13,65,74,20,101,108,14,61,76,71,99" hai1="83,21,8,86,45,119,84,48,46,44,77,19,69" hai2="62,113,12,4,126,115,3,81,104,117,11,47,24" hai3="114,67,15,127,39,122,88,42,52,111,26,25,103"/><T16/><D131/><U128/><E119/><V33/><F104/><W23/><G114/><T133/><D133/><U43/><E69/><V68/><F117/><W95/><G67/><T66/><D66/><U94/><E128/><V53/><F126/><W9/><G127/><T93/><D108/><U89/><REACH who="1" step="1"/><E8/><REACH who="1" ten="250,240,250,250" step="2"/><V38/><F68/><W63/><G9/><T40/><D40/><U37/><E37/><V28/><F38/><W36/><G36/><T132/><D132/><U107/><E107/><V49/><F115/><W0/><G39/><T78/><REACH who="0" step="1"/><D74/><REACH who="0" ten="240,240,250,250" step="2"/><U57/><E57/><V30/><F113/><W35/><G42/><T5/><D5/><U130/><E130/><V87/><F4/><W59/><G59/><T31/><D31/><U6/><E6/><V7/><F28/><W129/><G129/><T80/><D80/><U90/><E90/><V27/><F30/><W91/><G88/><T79/><D79/><U100/><E100/><V70/><F7/><W17/><G91/><T51/><D51/><U10/><E10/><AGARI ba="0,2" hai="10,13,14,16,18,20,61,65,71,76,78,93,99,101" machi="10" ten="30,11600,0" yaku="1,1,7,1,54,1,53,1" doraHai="22" doraHaiUra="58" who="0" fromWho="1" sc="240,136,240,-116,250,0,250,0" /><INIT seed="0,1,0,3,1,115" ten="376,124,250,250" oya="0" hai0="126,40,36,2,63,18,94,130,9,22,50,29,11" hai1="75,16,85,42,44,99,123,120,23,79,27,58,39" hai2="12,7,4,1,118,86,32,109,112,64,47,51,108" hai3="25,103,69,54,110,67,38,35,102,89,14,33,87"/><T37/><D126/><U46/><E75/><V55/><F112/><W19/><G38/><T72/><D72/><U131/><E131/><V124/><F32/><W43/><G43/><T97/><D130/><U26/><E99/><V111/><F124/><W132/><G110/><T116/><D116/><U3/><E3/><V122/><F122/><W135/><G54/><T127/><D29/><U31/><E46/><V5/><F64/><W17/><G67/><T76/><D76/><U21/><REACH who="1" step="1"/><E58/><REACH who="1" ten="376,114,250,250" step="2"/><V117/><F1/><W81/><G69/><T6/><D127/><U15/><E15/><V82/><F12/><W61/><G14/><T101/><D2/><U74/><E74/><V88/><AGARI ba="1,1" hai="4,5,7,47,51,55,82,86,88,108,109,111,117,118" machi="88" ten="40,8000,1" yaku="0,1,14,1,52,2,54,1" doraHai="115" who="2" fromWho="2" sc="376,-41,114,-21,250,93,250,-21" /><INIT seed="1,0,0,4,2,115" ten="335,93,343,229" oya="1" hai0="23,76,32,78,24,50,53,108,100,107,113,89,81" hai1="112,57,91,128,17,43,27,26,103,116,120,29,71" hai2="109,5,123,48,127,36,111,21,102,37,101,12,18" hai3="90,92,132,105,131,97,58,60,4,41,79,1,84"/><U55/><E112/><V6/><F123/><W52/><G131/><T117/><D113/><U66/><E120/><V13/><F127/><W114/><G114/><T20/><D108/><N who="2" m="41546" /><F48/><W95/><G132/><T122/><D32/><U110/><E128/><V25/><F12/><W9/><G79/><T96/><D122/><U104/><E43/><V42/><F42/><W80/><REACH who="3" step="1"/><G41/><REACH who="3" ten="335,93,343,219" step="2"/><T39/><D78/><U126/><E126/><V118/><F37/><W87/><G87/><T49/><D39/><U125/><E125/><V28/><F36/><W11/><G11/><T106/><D76/><U33/><E110/><V63/><F63/><W51/><G51/><T35/><D50/><U31/><E71/><V135/><F135/><W10/><G10/><T34/><D49/><U83/><E66/><V134/><F134/><W45/><G45/><T86/><D86/><U94/><E57/><V72/><F72/><W74/><G74/><T93/><D53/><U59/><E59/><V8/><F5/><W85/><G85/><T68/><D68/><U121/><E55/><V15/><F102/><AGARI ba="0,1" hai="1,4,9,52,58,60,80,84,90,92,95,97,102,105" machi="102" ten="40,5200,0" yaku="1,1,54,1,53,1" doraHai="115" doraHaiUra="54" who="3" fromWho="2" sc="335,0,93,0,343,-52,219,62" /><INIT seed="2,0,0,4,2,42" ten="335,93,291,281" oya="2" hai0="110,43,46,68,14,80,52,76,126,34,17,101,58" hai1="1,87,89,105,71,97,123,9,32,103,128,98,51" hai2="65,79,36,55,102,10,19,33,60,15,129,59,91" hai3="92,100,134,114,125,93,122,12,130,29,111,16,70"/><V50/><F129/><W117/><G117/><T18/><D68/><U72/><E32/><V40/><F33/><W63/><G122/><T6/><D34/><U26/><E71/><V27/><F102/><W81/><G130/><T45/><D110/><U78/><E128/><V54/><F79/><W77/><G111/><T2/><D101/><U49/><E123/><V62/><F27/><W61/><G125/><T94/><D94/><U24/><E98/><V135/><F135/><W56/><G134/><T74/><D126/><U11/><E26/><V57/><F91/><W131/><G131/><T8/><D43/><U88/><E24/><V119/><F119/><W0/><G0/><T104/><D104/><U82/><E89/><V96/><F96/><W118/><G29/><T35/><D35/><U127/><E127/><V53/><F36/><W13/><G100/><T132/><D132/><U133/><E133/><V113/><F113/><W90/><G90/><T116/><D116/><U23/><E23/><V69/><F40/><W106/><G106/><T5/><D18/><U31/><E31/><V107/><F107/><W20/><G12/><T37/><D37/><U44/><E1/><V64/><AGARI ba="0,0" hai="10,15,19,50,53,54,55,57,59,60,62,64,65,69" machi="64" ten="20,2100,0" yaku="0,1,7,1" doraHai="42" who="2" fromWho="2" sc="335,-7,93,-7,291,21,281,-7" /><INIT seed="2,1,0,4,5,97" ten="328,86,312,274" oya="2" hai0="65,114,20,42,11,104,90,132,67,96,68,127,78" hai1="19,61,40,17,84,108,3,26,41,72,60,29,110" hai2="22,107,50,119,53,102,12,1,4,55,123,59,121" hai3="130,21,80,70,28,103,47,51,56,10,116,35,23"/><V49/><F119/><W16/><G116/><T99/><D114/><U94/><E72/><V74/><F74/><W115/><G70/><T131/><D127/><U18/><E3/><V113/><F113/><W46/><G35/><T64/><D131/><U34/><E84/><V33/><F33/><W71/><G71/><T85/><D132/><U124/><E124/><V9/><F1/><W125/><G125/><T95/><D42/><U118/><E118/><V52/><F53/><N who="3" m="31807" /><G115/><T91/><D68/><U57/><E94/><V30/><F30/><W31/><G80/><T87/><D78/><U135/><E135/><V86/><F86/><W0/><G0/><T105/><D20/><N who="3" m="7753" /><G103/><T88/><D11/><U82/><E82/><V89/><F22/><W8/><G8/><T62/><D62/><U100/><E100/><V5/><F89/><W7/><G7/><T63/><D63/><U13/><E61/><V128/><F4/><W6/><G6/><T15/><D15/><U38/><E13/><V134/><F134/><W79/><G79/><T32/><D32/><U37/><E41/><V111/><F128/><W92/><G92/><T36/><D95/><U25/><E25/><V43/><F43/><W93/><G93/><T81/><D36/><N who="1" m="13931" /><E40/><V101/><F101/><W126/><G126/><T106/><D81/><U83/><E83/><V73/><F73/><W2/><G2/><T120/><D120/><U48/><E60/><V14/><F14/><N who="3" m="7255" /><G130/><T69/><D69/><U112/><E112/><V27/><F123/><W39/><G39/><T109/><D109/><N who="1" m="42091" /><E48/><N who="2" m="31111" /><F121/><W44/><AGARI ba="1,0" hai="28,31,44,46,47" m="7255,7753,31807" machi="44" ten="30,4000,0" yaku="5,1,8,1,54,1" doraHai="97" who="3" fromWho="3" sc="328,-11,86,-11,312,-21,274,43" /><INIT seed="3,0,0,5,5,116" ten="317,75,291,317" oya="3" hai0="11,38,133,111,62,51,74,65,9,127,83,10,13" hai1="26,16,1,0,102,78,82,53,49,76,120,131,84" hai2="108,92,126,24,77,118,31,125,60,7,35,132,115" hai3="114,42,87,6,72,28,112,32,52,57,107,93,135"/><W59/><G72/><T40/><D111/><U63/><E131/><V66/><F108/><W54/><G107/><T20/><D127/><N who="2" m="48650" /><F118/><W5/><G135/><T19/><D133/><U103/><E78/><V21/><F132/><W37/><G37/><T71/><D38/><U27/><E63/><V117/><F117/><W14/><G42/><T101/><D101/><U75/><E75/><V128/><F128/><W22/><G32/><T64/><D64/><U50/><E50/><V119/><F119/><W124/><G124/><T123/><D74/><U80/><E80/><V30/><F77/><W44/><G44/><T73/><D73/><U96/><E120/><V89/><F7/><N who="3" m="2571" /><G114/><T94/><D83/><U47/><E103/><V129/><F115/><W17/><G28/><T86/><D86/><U43/><E43/><V110/><F110/><W18/><G18/><T88/><D51/><U99/><E99/><N who="2" m="57743" /><F129/><W113/><G113/><T79/><D40/><U69/><E69/><N who="2" m="42183" /><F30/><W3/><G3/><T105/><D79/><U122/><E122/><V29/><F31/><W25/><G112/><T134/><D105/><U98/><E98/><V56/><F56/><N who="3" m="21579" /><G14/><T61/><D134/><U91/><E76/><V12/><F12/><W109/><G109/><T106/><D106/><U95/><REACH who="1" step="1"/><E27/><REACH who="1" ten="317,65,291,317" step="2"/><V67/><F67/><W81/><G81/><T34/><D123/><U58/><E58/><V15/><F35/><W130/><G130/><T85/><D62/><U46/><E46/><V33/><F33/><W39/><G39/><T104/><D34/><U97/><E97/><V2/><F24/><RYUUKYOKU ba="0,1" sc="317,10,65,10,291,-30,317,10" hai0="9,10,11,13,19,20,61,65,71,85,88,94,104" hai1="0,1,16,26,47,49,53,82,84,91,95,96,102" hai3="17,22,25,52,54,87,93" /><INIT seed="3,1,1,4,0,25" ten="327,75,261,327" oya="3" hai0="94,87,102,16,2,47,74,67,40,105,48,63,111" hai1="123,45,62,130,133,120,22,132,104,51,5,126,26" hai2="72,103,80,12,82,134,97,39,28,122,99,31,55" hai3="3,61,84,68,117,24,6,71,125,113,110,27,10"/><W15/><G113/><T89/><D74/><U54/><E104/><V115/><F115/><W119/><G125/><T90/><D2/><U73/><E73/><V92/><F39/><W21/><G27/><T112/><D112/><U52/><E5/><V75/><F134/><N who="1" m="51817" /><E26/><V78/><F122/><N who="1" m="46633" /><E22/><V124/><F124/><W81/><G110/><T135/><D111/><U0/><E0/><V76/><F55/><W127/><G127/><T18/><D135/><U35/><E35/><V4/><F99/><W107/><G107/><T50/><D102/><U86/><E86/><V77/><F77/><W101/><G101/><T56/><D105/><U58/><E126/><V95/><F95/><W44/><G44/><T70/><D90/><U66/><E130/><V108/><F108/><W106/><G106/><T17/><REACH who="0" step="1"/><D70/><REACH who="0" ten="317,75,261,327" step="2"/><U38/><E38/><AGARI ba="1,2" hai="16,17,18,38,40,47,48,50,56,63,67,87,89,94" machi="38" ten="40,8000,1" yaku="1,1,2,1,54,1,53,1" doraHai="25" doraHaiUra="91" who="0" fromWho="1" sc="317,103,75,-83,261,0,327,0" owari="420,52.0,-8,-50.8,261,-13.9,327,12.7" /></mjloggm>