<mjloggm ver="2.3"><GO type="169" lobby="0"/><UN n0="%68%69%73%61%74%6F%E6%A3%92" n1="%E6%8E%A2%39" n2="%E3%81%A5%E3%81%8B%E5%AD%90" n3="%44%61%6C%69" dan="16,17,16,17" rate="2129.96,2153.90,2151.22,2192.15" sx="M,M,M,M"/><TAIKYOKU oya="0"/><INIT seed="0,0,0,5,4,71" ten="250,250,250,250" oya="0" hai0="69,129,59,13,113,56,66,112,22,58,72,47,119" hai1="42,38,14,63,24,53,25,73,0,91,39,11,64" hai2="54,34,55,127,31,77,3,135,123,41,125,84,1" hai3="5,6,101,122,80,40,78,114,133,75,79,49,20"/><T46/><D72/><U83/><E53/><V85/><F123/><W102/><G114/><T65/><D22/><U23/><E0/><N who="2" m="75" /><F77/><W94/><G122/><T17/><D17/><U130/><E130/><V108/><F41/><W4/><G133/><T48/><D13/><U107/><E107/><V33/><F31/><W118/><G118/><T28/><D28/><U109/><E109/><V93/><F93/><W128/><G128/><T9/><D9/><U131/><E42/><V100/><F100/><W57/><G79/><T43/><D129/><U37/><E131/><V104/><F104/><W95/><G20/><T115/><D119/><U18/><E23/><V7/><F7/><W121/><G121/><T36/><D69/><U29/><E29/><V126/><F135/><W61/><G101/><T2/><D2/><U82/><E82/><V19/><F19/><W105/><G49/><T103/><D103/><U67/><E67/><V52/><F108/><W86/><G40/><AGARI ba="0,0" hai="36,40,43,46,47,48,56,58,59,65,66,112,113,115" machi="40" ten="50,12000,1" yaku="34,3,52,1" doraHai="71" who="0" fromWho="3" sc="250,120,250,0,250,0,250,-120" /><INIT seed="0,1,0,2,1,19" ten="370,250,250,130" oya="0" hai0="85,62,58,25,36,20,123,54,95,42,46,89,18" hai1="56,17,65,38,47,111,12,44,15,48,134,91,22" hai2="40,63,121,31,8,57,100,53,60,82,87,81,131" hai3="6,119,2,90,5,102,72,45,115,105,132,74,28"/><T49/><REACH who="0" step="1"/><D123/><REACH who="0" ten="360,250,250,130" step="2"/><U92/><E134/><V14/><F121/><W128/><G115/><T27/><D27/><U125/><E125/><V116/><F116/><W106/><G119/><T71/><D71/><U79/><E12/><V113/><F113/><W122/><G132/><T103/><D103/><U104/><E15/><V129/><F100/><W83/><G122/><T101/><D101/><U97/><E111/><V127/><F127/><W130/><G102/><T7/><D7/><U114/><E114/><V67/><F131/><W29/><G5/><T3/><D3/><U93/><E104/><V98/><F129/><W21/><G6/><T30/><D30/><U11/><E93/><V68/><F31/><W75/><G28/><T94/><D94/><U69/><E69/><V88/><F98/><W50/><G2/><T51/><AGARI ba="1,1" hai="18,20,25,36,42,46,49,51,54,58,62,85,89,95" machi="51" ten="30,12000,1" yaku="21,2,0,1,52,1,53,1" doraHai="19" doraHaiUra="43" who="0" fromWho="0" sc="360,133,250,-41,250,-41,130,-41" /><BYE who="3" /><INIT seed="0,2,0,3,1,67" ten="493,209,209,89" oya="0" hai0="24,17,22,44,28,52,76,57,8,105,70,31,9" hai1="110,40,36,39,81,15,134,83,117,102,51,104,66" hai2="16,128,80,34,79,25,85,21,46,78,13,127,113" hai3="55,119,77,75,59,29,37,73,48,121,47,71,12"/><T115/><D105/><UN n3="%44%61%6C%69" /><U69/><E117/><V126/><F113/><W50/><G119/><T72/><D44/><U53/><E110/><V11/><F128/><W32/><G121/><T45/><D45/><N who="1" m="23687" /><E39/><V41/><F34/><W19/><G71/><T109/><D115/><U56/><E134/><V92/><F92/><W86/><G37/><T123/><D123/><U118/><E118/><V116/><F116/><W4/><G29/><T129/><D129/><U97/><E15/><V84/><F84/><W95/><G32/><T107/><D107/><U2/><E2/><V61/><F61/><AGARI ba="2,0" hai="51,53,56,61,66,69,81,83,97,102,104" m="23687" machi="61" ten="30,2000,0" yaku="24,1,52,1" doraHai="67" who="1" fromWho="2" sc="493,0,209,26,209,-26,89,0" /><INIT seed="1,0,0,4,3,102" ten="493,235,183,89" oya="1" hai0="65,55,41,51,97,135,72,124,108,128,24,57,101" hai1="88,126,74,33,31,23,7,59,29,54,87,122,9" hai2="118,4,43,5,115,46,121,116,28,110,66,42,70" hai3="77,98,105,22,12,36,58,56,19,132,27,48,96"/><U63/><E122/><V10/><F121/><W68/><G36/><T38/><D108/><U30/><E126/><V107/><F110/><W83/><G68/><T64/><D72/><U50/><E74/><V95/><F115/><W60/><G132/><T123/><D128/><U3/><E33/><V109/><F109/><W14/><G105/><T47/><D135/><U40/><E40/><V71/><F28/><W39/><G39/><T16/><D124/><U44/><E23/><V82/><F95/><W17/><G48/><T26/><D26/><U106/><E106/><V25/><F25/><W131/><G131/><T91/><D91/><U49/><REACH who="1" step="1"/><E44/><REACH who="1" ten="493,225,183,89" step="2"/><V111/><F107/><W8/><G27/><T0/><D123/><U103/><E103/><V129/><F111/><W53/><REACH who="3" step="1"/><G58/><REACH who="3" ten="493,225,183,79" step="2"/><T80/><D24/><U76/><E76/><V94/><F129/><W112/><G112/><T20/><D57/><U79/><E79/><V86/><F71/><W114/><G114/><T90/><D47/><U130/><E130/><V52/><F70/><W35/><G35/><T6/><D41/><U119/><E119/><V104/><F118/><W81/><G81/><AGARI ba="0,2" hai="3,7,9,29,30,31,49,50,54,59,63,81,87,88" machi="81" ten="40,3900,0" yaku="1,1,54,1,53,0" doraHai="102" doraHaiUra="117" who="1" fromWho="3" sc="493,0,225,59,183,0,79,-39" /><INIT seed="1,1,0,4,5,76" ten="493,284,183,40" oya="1" hai0="47,87,44,103,60,11,57,49,89,45,104,10,16" hai1="0,127,113,62,72,46,135,129,12,54,58,68,100" hai2="63,35,91,6,21,69,126,120,134,124,118,50,19" hai3="99,111,93,102,31,70,40,123,96,82,61,133,8"/><U115/><E0/><V78/><F118/><W116/><G116/><T132/><D49/><U48/><E100/><V64/><F35/><W23/><G123/><T95/><D132/><U77/><E135/><V84/><F120/><W125/><G133/><T73/><D73/><U7/><E68/><V71/><F134/><W52/><G111/><T90/><D90/><U88/><E129/><V74/><F6/><W85/><G125/><T119/><D104/><U114/><E127/><V34/><F34/><W101/><G40/><T117/><D103/><U106/><E106/><V53/><F71/><W55/><G8/><T131/><D131/><U15/><E7/><V97/><F97/><W122/><G122/><T94/><D94/><U56/><E56/><V108/><F108/><W18/><G31/><T65/><D117/><U25/><E25/><V42/><F42/><W83/><G70/><T67/><D67/><U66/><REACH who="1" step="1"/><E88/><REACH who="1" ten="493,274,183,40" step="2"/><V107/><F107/><W75/><G101/><T33/><D119/><U9/><E9/><V79/><F126/><W29/><G102/><T27/><D33/><U80/><AGARI ba="1,1" hai="12,15,46,48,54,58,62,66,72,77,80,113,114,115" machi="80" ten="40,7800,0" yaku="1,1,0,1,52,1,53,0" doraHai="76" doraHaiUra="4" who="1" fromWho="1" sc="493,-27,274,91,183,-27,40,-27" /><INIT seed="1,2,0,2,2,23" ten="466,365,156,13" oya="1" hai0="37,79,65,39,126,52,103,32,122,77,119,63,92" hai1="71,20,62,121,60,134,102,80,101,108,26,83,78" hai2="11,50,25,30,124,100,98,106,59,104,5,42,129" hai3="3,9,115,16,116,132,133,48,57,111,12,41,1"/><U117/><E117/><V123/><F129/><W127/><G116/><T27/><D126/><U38/><E121/><V96/><F123/><W110/><G127/><T69/><D37/><U125/><E125/><V7/><F124/><W73/><G73/><T99/><D39/><U0/><E0/><N who="3" m="74" /><G41/><T84/><D122/><U68/><E38/><V94/><F11/><W15/><G48/><T51/><D84/><U10/><E10/><V105/><F96/><W74/><G57/><T33/><D33/><U6/><E6/><V114/><F114/><W40/><G40/><T24/><D32/><U44/><E44/><V70/><F70/><W55/><G55/><T118/><D119/><U14/><E14/><V113/><F113/><W4/><G74/><T90/><D90/><U131/><E131/><V49/><F49/><W86/><G86/><T56/><REACH who="0" step="1"/><D118/><REACH who="0" ten="456,365,156,13" step="2"/><U45/><E78/><AGARI ba="2,1" hai="24,27,51,52,56,63,65,69,77,78,79,92,99,103" machi="78" ten="40,8000,1" yaku="1,1,2,1,52,2,54,1,53,0" doraHai="23" doraHaiUra="130" who="0" fromWho="1" sc="456,96,365,-86,156,0,13,0" /><INIT seed="2,0,0,3,5,2" ten="552,279,156,13" oya="2" hai0="116,56,7,117,123,80,135,130,49,48,113,45,108" hai1="76,79,94,3,27,134,59,91,115,71,64,31,132" hai2="9,23,44,47,8,61,68,78,15,106,98,107,40" hai3="63,60,62,73,42,128,70,18,39,20,83,92,66"/><V21/><F8/><W114/><G114/><T99/><D108/><U100/><E3/><V69/><F47/><W43/><G128/><T41/><D123/><U131/><E71/><V121/><F121/><W12/><G39/><T129/><D135/><N who="1" m="51755" /><E100/><V120/><F120/><W112/><G112/><T105/><D80/><U89/><E131/><N who="0" m="50185" /><D99/><N who="1" m="57807" /><E91/><V126/><F126/><W16/><G92/><T103/><D103/><U122/><E122/><V51/><F78/><W6/><G6/><T34/><D34/><N who="1" m="20863" /><E115/><V30/><F30/><W82/><G73/><T58/><D105/><U17/><E17/><V25/><F25/><N who="3" m="14471" /><G70/><T5/><D113/><U50/><E50/><V28/><F28/><W127/><G127/><T118/><D49/><U37/><E37/><V72/><F72/><W46/><G66/><T67/><D67/><U125/><E125/><V0/><F0/><W97/><G97/><T109/><D109/><U65/><E65/><V95/><F69/><W75/><G75/><T77/><D77/><U10/><E10/><V29/><F29/><W111/><G111/><T102/><D102/><U57/><E57/><AGARI ba="0,0" hai="5,7,41,45,48,56,57,58,116,117,118" m="50185" machi="57" ten="40,8000,1" yaku="12,1,19,1,52,2" doraHai="2" who="0" fromWho="1" sc="552,80,279,-80,156,0,13,0" /><INIT seed="3,0,0,2,5,133" ten="632,199,156,13" oya="3" hai0="2,33,17,45,127,53,76,107,8,18,0,16,105" hai1="5,126,23,113,4,63,117,103,120,60,92,6,24" hai2="35,102,72,14,68,89,64,19,81,29,100,27,75" hai3="42,122,87,41,129,101,93,43,44,108,125,91,131"/><W56/><G122/><T132/><D76/><U95/><E113/><V21/><F75/><W74/><G74/><T115/><D33/><U119/><E120/><V82/><F81/><W1/><G1/><T55/><D132/><U73/><E73/><V90/><F89/><W116/><G116/><N who="1" m="44618" /><E126/><V12/><F68/><W50/><G125/><T109/><D109/><U7/><E7/><V71/><F71/><W112/><G112/><T94/><D115/><U79/><E79/><V124/><F64/><W135/><G135/><T49/><D55/><U67/><E103/><V121/><F124/><W110/><G56/><T84/><D127/><U32/><E32/><V118/><F118/><W36/><G101/><T28/><D28/><N who="1" m="17439" /><E60/><V96/><F121/><W9/><G9/><T39/><D39/><U57/><AGARI ba="0,0" hai="4,5,6,57,63,67,92,95" m="17439,44618" machi="57" ten="30,1100,0" yaku="12,1" doraHai="133" who="1" fromWho="1" sc="632,-3,199,11,156,-3,13,-5" /><INIT seed="4,0,0,1,0,40" ten="629,210,153,8" oya="0" hai0="21,113,123,120,118,122,51,38,105,20,31,135,61" hai1="93,4,44,68,5,83,104,55,24,17,114,84,46" hai2="102,18,111,25,115,124,79,53,66,134,39,71,119" hai3="27,19,37,78,108,26,89,106,63,12,32,56,98"/><T49/><D105/><U10/><E104/><V87/><F111/><W45/><G108/><T1/><D1/><U100/><E68/><V2/><F2/><W73/><G73/><T125/><D118/><U6/><E114/><V33/><F39/><W13/><G37/><T65/><D38/><U16/><E55/><V109/><F109/><W43/><G106/><T85/><D113/><U60/><E60/><V23/><F115/><W95/><G78/><T110/><D135/><U128/><E128/><V30/><F102/><W75/><G75/><T0/><D0/><U101/><E17/><V36/><F36/><W90/><G32/><T54/><D125/><U133/><E133/><V74/><F134/><W64/><G90/><T132/><D132/><U94/><E101/><V59/><F74/><W91/><G91/><T92/><D110/><U48/><E48/><V130/><F119/><W97/><G97/><T72/><D72/><U70/><E70/><V99/><F99/><W42/><G13/><T8/><D120/><U112/><E112/><V67/><F71/><W88/><G89/><T11/><D122/><U29/><E29/><V34/><F130/><W41/><G45/><N who="1" m="17514" /><E100/><V52/><F34/><W80/><G80/><T129/><D129/><U121/><E121/><V117/><F124/><W96/><G96/><T14/><D123/><U103/><E103/><V22/><F33/><W76/><G76/><T77/><D77/><N who="1" m="46191" /><E24/><N who="2" m="14423" /><F117/><W57/><G57/><T7/><D31/><U127/><E127/><V3/><F3/><W69/><G69/><T47/><D47/><U81/><E81/><RYUUKYOKU ba="0,0" sc="629,-15,210,15,153,-15,8,15" hai1="4,5,6,10,16,93,94" hai3="12,19,26,27,41,42,43,56,63,64,88,95,98" /><INIT seed="5,1,0,3,5,55" ten="614,225,138,23" oya="1" hai0="64,91,48,57,127,117,80,99,6,5,22,87,26" hai1="58,92,119,43,35,98,34,10,9,38,67,30,114" hai2="85,63,8,128,79,25,36,45,31,134,21,112,32" hai3="7,69,116,88,28,17,2,93,95,1,15,70,37"/><U89/><E119/><V33/><F128/><W94/><G37/><T124/><D99/><U42/><E35/><V29/><F134/><W75/><G75/><T129/><D129/><U41/><E38/><V62/><F112/><W49/><G116/><T24/><D24/><U125/><E114/><V90/><F79/><W118/><G118/><T120/><D120/><U103/><E125/><N who="0" m="48201" /><D117/><U4/><E34/><V54/><F8/><N who="1" m="3177" /><E30/><N who="2" m="11275" /><F36/><W86/><G7/><T65/><D65/><U20/><E4/><V111/><F111/><W60/><G28/><N who="0" m="17495" /><D48/><U133/><E133/><V113/><F113/><W12/><G49/><T81/><D80/><U100/><E20/><V105/><F105/><W76/><G76/><T59/><D64/><U51/><E51/><N who="2" m="29039" /><F33/><W121/><G121/><T56/><AGARI ba="1,0" hai="5,6,56,57,59,81,87,91" m="17495,48201" machi="56" ten="30,7900,0" yaku="18,1,52,3" doraHai="55" who="0" fromWho="0" sc="614,82,225,-40,138,-21,23,-21" /><INIT seed="6,0,0,2,4,131" ten="696,185,117,2" oya="2" hai0="63,14,70,130,120,92,135,58,7,69,128,113,95" hai1="124,48,18,80,36,119,30,132,16,57,26,106,102" hai2="61,81,126,3,84,25,41,28,35,88,98,8,64" hai3="27,65,45,59,44,37,118,62,72,10,53,111,108"/><V103/><F126/><W86/><G72/><T75/><D75/><U4/><E36/><V115/><F115/><W40/><G27/><T55/><D120/><U134/><E119/><V11/><F41/><N who="3" m="22575" /><G86/><T68/><D135/><N who="1" m="51755" /><E124/><V22/><F3/><W38/><G10/><N who="0" m="4447" /><D113/><U112/><E4/><V117/><F117/><W13/><G13/><T50/><D63/><U97/><E112/><V56/><REACH who="2" step="1"/><F35/><REACH who="2" ten="696,185,107,2" step="2"/><W51/><G118/><T32/><D32/><N who="1" m="20567" /><E80/><V114/><F114/><W47/><AGARI ba="0,1" hai="38,40,45,47,51,53,59,62,65,108,111" m="22575" machi="47" ten="30,2000,0" yaku="34,2" doraHai="131" who="3" fromWho="3" sc="696,-5,185,-5,107,-10,2,30" /><INIT seed="7,0,0,5,0,108" ten="691,180,97,32" oya="3" hai0="113,128,119,98,31,58,69,79,75,14,30,57,73" hai1="0,111,107,37,131,20,127,34,40,62,90,130,32" hai2="100,2,4,95,70,9,38,64,74,121,50,3,101" hai3="46,87,27,33,36,125,105,135,10,13,112,48,72"/><W78/><G105/><T86/><D69/><U17/><E111/><V84/><F38/><W76/><G36/><T6/><D98/><U91/><E0/><V106/><F121/><W103/><G72/><T63/><D86/><U97/><E127/><V65/><F74/><W82/><G125/><T102/><D102/><N who="1" m="62927" /><E62/><V66/><F70/><W42/><G135/><T41/><D63/><U16/><E17/><V120/><F120/><W52/><G103/><T45/><D45/><N who="1" m="23695" /><E90/><V133/><F133/><W89/><G112/><T117/><D75/><U19/><E91/><V71/><F71/><W116/><G116/><T68/><D6/><U12/><E16/><V129/><F2/><W1/><G1/><T132/><D31/><U94/><E94/><V8/><F3/><W110/><G110/><T28/><D128/><AGARI ba="0,0" hai="12,19,20,32,34,128,130,131" m="23695,62927" machi="128" ten="30,1000,0" yaku="19,1" doraHai="108" who="1" fromWho="0" sc="691,-10,180,10,97,0,32,0" owari="681,78.1,190,-1.0,97,-30.3,32,-46.8" /></mjloggm>