<mjloggm ver="2.3"><GO type="169" lobby="0"/><UN n0="%E3%81%AD%E3%82%93%E3%81%9B%E3%81%84%E3%81%8B%E3%81%84" n1="%E9%81%8B%E3%81%A7%E5%8B%9D%E3%81%A4" n2="%E3%82%A2%E3%83%B3%E3%83%88%E3%83%AC%E3%83%BC%E3%82%B9" n3="%E7%9C%9F%E3%81%AE%E9%9B%80%E5%A3%AB%E3%81%86%E3%81%BE%E3%81%9F%E3%82%93" dan="16,16,16,16" rate="2140.17,2120.77,2077.75,2079.76" sx="M,M,M,M"/><TAIKYOKU oya="0"/><INIT seed="0,0,0,2,0,7" ten="250,250,250,250" oya="0" hai0="52,56,49,24,39,5,41,65,133,64,45,77,82" hai1="84,97,94,93,25,34,54,110,27,113,60,61,55" hai2="33,103,62,31,35,104,32,47,0,81,83,57,91" hai3="19,42,128,29,119,23,112,108,126,36,76,40,4"/><T102/><D133/><U98/><E84/><V121/><F121/><W20/><G112/><T10/><D24/><U14/><E14/><V59/><F0/><W78/><G119/><T96/><D96/><U134/><E110/><V116/><F116/><W131/><G126/><T90/><D90/><U2/><E2/><V58/><F31/><W106/><G106/><T6/><D6/><U101/><E134/><V79/><F47/><W87/><G4/><T21/><D21/><U123/><E113/><V16/><F91/><W72/><G87/><T22/><D22/><U129/><E101/><V46/><F46/><W92/><G29/><T28/><D102/><U9/><E129/><V69/><F104/><W11/><G108/><T117/><D28/><U17/><E17/><V107/><F107/><W50/><G19/><T13/><REACH who="0" step="1"/><D117/><REACH who="0" ten="240,250,250,250" step="2"/><U38/><E98/><V95/><F103/><W132/><G20/><T37/><D37/><U74/><E97/><V63/><F79/><W86/><G76/><T18/><D18/><U66/><E38/><V89/><F16/><W124/><G36/><T3/><D3/><U15/><E15/><V109/><F109/><W100/><G78/><T26/><D26/><U53/><E27/><V51/><F32/><W114/><G132/><T127/><D127/><U1/><E25/><V111/><F33/><W118/><G124/><T73/><AGARI ba="0,1" hai="5,10,13,39,41,45,49,52,56,64,65,73,77,82" machi="73" ten="20,18000,2" yaku="1,1,0,1,7,1,52,1,54,1,53,1" doraHai="7" doraHaiUra="68" who="0" fromWho="0" sc="240,190,250,-60,250,-60,250,-60" /><INIT seed="0,1,0,1,0,121" ten="430,190,190,190" oya="0" hai0="129,93,60,87,72,35,126,117,67,97,49,32,125" hai1="91,81,56,48,5,46,1,12,82,74,131,66,8" hai2="84,64,80,37,27,25,59,108,99,7,73,43,110" hai3="19,70,16,41,104,76,122,83,128,124,107,101,28"/><T106/><D72/><U96/><E131/><V30/><F73/><W113/><G113/><T85/><D117/><U21/><E74/><V53/><F64/><W130/><G122/><T55/><D129/><N who="3" m="49769" /><G70/><T26/><D106/><N who="3" m="40489" /><G124/><N who="0" m="47723" /><D60/><N who="1" m="38151" /><E1/><V79/><F99/><W119/><G119/><T50/><D67/><U38/><E38/><V69/><F69/><W45/><G28/><N who="0" m="19479" /><D35/><U123/><E21/><V90/><F30/><W103/><G103/><N who="0" m="60847" /><D49/><U15/><E123/><V132/><F7/><W39/><G101/><T75/><D75/><AGARI ba="1,0" hai="16,19,39,41,45,75,76,83" m="40489,49769" machi="75" ten="30,2000,0" yaku="19,1,54,1" doraHai="121" who="3" fromWho="0" sc="430,-23,190,0,190,0,190,23" /><INIT seed="1,0,0,1,1,50" ten="407,190,190,213" oya="1" hai0="28,89,16,47,29,101,60,120,105,133,55,122,109" hai1="74,70,19,75,99,27,45,39,80,86,102,52,2" hai2="124,118,117,97,93,46,54,14,62,63,30,95,81" hai3="135,42,92,69,26,25,115,116,56,77,110,94,128"/><U130/><E70/><V9/><F124/><W127/><G56/><N who="0" m="34847" /><D109/><U111/><E2/><V24/><F117/><W32/><G77/><T17/><D133/><U66/><E66/><V78/><F118/><W18/><G18/><N who="0" m="7275" /><D89/><U113/><E113/><V90/><F93/><W21/><G92/><T83/><D83/><U114/><E114/><V107/><F107/><W98/><G94/><T129/><D129/><U13/><E130/><V5/><F46/><W125/><G135/><T15/><D15/><U58/><E27/><V41/><F41/><W84/><G26/><T76/><D76/><U44/><E39/><V68/><F68/><W12/><G128/><T91/><D91/><N who="1" m="51655" /><E75/><V33/><REACH who="2" step="1"/><F54/><REACH who="2" ten="407,190,180,213" step="2"/><W61/><G116/><T87/><D47/><U72/><E45/><V71/><F71/><W49/><G69/><T22/><D105/><N who="1" m="63711" /><E111/><V79/><F79/><W108/><G110/><T64/><D64/><U121/><E58/><V11/><F11/><W103/><G108/><T85/><D122/><U35/><E121/><V132/><F132/><W119/><G119/><T88/><D120/><U82/><E82/><V73/><AGARI ba="0,1" hai="5,9,14,24,30,33,62,63,73,78,81,90,95,97" machi="73" ten="20,2700,0" yaku="1,1,0,1,7,1,53,0" doraHai="50" doraHaiUra="126" who="2" fromWho="2" sc="407,-7,190,-13,180,37,213,-7" /><INIT seed="2,0,0,1,1,0" ten="400,177,217,206" oya="2" hai0="44,114,66,133,51,59,15,85,58,17,87,115,81" hai1="50,86,129,110,121,40,48,64,2,16,107,68,70" hai2="116,13,35,112,82,99,38,21,47,83,31,11,3" hai3="77,91,98,105,19,56,46,54,95,74,92,75,117"/><V6/><F112/><W132/><G117/><T42/><D133/><U108/><E107/><V90/><F116/><W24/><G132/><T25/><D25/><U67/><E2/><V30/><F30/><W119/><G105/><T37/><D87/><U101/><E86/><V78/><F99/><W100/><G46/><T61/><D58/><U23/><E101/><V122/><F90/><W93/><G77/><T33/><D33/><U12/><E129/><V120/><F83/><W128/><G128/><T53/><D37/><U89/><E89/><V72/><F21/><N who="3" m="13375" /><G119/><T118/><D42/><U5/><E121/><V84/><F13/><W76/><G76/><T79/><D118/><U20/><E20/><AGARI ba="0,0" hai="15,17,20,44,51,53,59,61,66,79,81,85,114,115" machi="20" ten="30,1000,0" yaku="7,1" doraHai="0" who="0" fromWho="1" sc="400,10,177,-10,217,0,206,0" /><INIT seed="3,0,0,0,5,23" ten="410,167,217,206" oya="3" hai0="49,110,11,67,55,135,54,18,35,40,41,123,45" hai1="94,121,112,86,0,76,72,68,116,102,47,6,57" hai2="51,29,12,126,53,33,105,91,1,97,109,100,111" hai3="27,107,117,20,104,36,73,62,74,37,132,46,103"/><W93/><G117/><T95/><D35/><U22/><E68/><V75/><F1/><W130/><G130/><T65/><D95/><U84/><E6/><V119/><F119/><W16/><G132/><T13/><D110/><U28/><E0/><V30/><F75/><W128/><G128/><T98/><D135/><U79/><E112/><V14/><F126/><W2/><G2/><T31/><D31/><U17/><E121/><V115/><F91/><W99/><G73/><T127/><D127/><U113/><E28/><N who="2" m="10859" /><F33/><W24/><G74/><T114/><D114/><U43/><E113/><V125/><F125/><W82/><G82/><T120/><D120/><U63/><E116/><V71/><F71/><W90/><G107/><T87/><D98/><U58/><E72/><V81/><F81/><W56/><G46/><T44/><D87/><U48/><E58/><N who="2" m="33087" /><F115/><W34/><G34/><T64/><D123/><U69/><E69/><V19/><F19/><W124/><G124/><T101/><REACH who="0" step="1"/><D101/><REACH who="0" ten="400,167,217,206" step="2"/><U118/><E118/><V108/><AGARI ba="0,1" hai="12,14,97,100,105,108,109,111" m="33087,10859" machi="108" ten="40,1500,0" yaku="14,1" doraHai="23" who="2" fromWho="2" sc="400,-4,167,-4,217,25,206,-7" /><INIT seed="4,0,0,4,2,59" ten="396,163,242,199" oya="0" hai0="34,135,14,7,3,74,134,80,54,105,119,110,52" hai1="123,68,2,17,96,25,92,24,6,63,75,112,60" hai2="109,41,101,91,1,73,125,12,85,121,61,111,133" hai3="84,66,118,4,117,81,28,50,79,49,15,51,18"/><T107/><D119/><U98/><E123/><V116/><F1/><W56/><G28/><T22/><D34/><U44/><E75/><V83/><F41/><W23/><REACH who="3" step="1"/><G4/><REACH who="3" ten="396,163,242,189" step="2"/><T126/><D7/><U43/><E112/><V90/><F116/><W57/><G57/><T95/><D135/><U78/><E68/><V113/><F133/><W132/><G132/><T38/><D134/><U71/><E71/><V99/><F113/><W124/><G124/><T9/><D126/><U11/><E17/><V86/><F125/><W26/><G26/><T10/><D110/><U40/><E25/><V48/><F109/><W16/><G16/><T0/><D0/><U67/><E24/><V8/><F111/><W114/><G114/><T35/><D3/><U128/><E2/><V94/><F121/><W106/><G106/><T82/><D107/><U97/><E6/><V58/><F73/><W100/><G100/><T77/><D105/><U62/><E67/><V70/><F70/><W21/><G21/><T88/><D22/><U53/><E11/><V65/><F48/><W37/><G37/><T5/><D9/><U120/><E120/><V115/><F115/><W87/><G87/><N who="2" m="33289" /><F83/><W72/><G72/><T32/><D82/><U76/><E92/><V29/><F29/><W46/><G46/><T33/><D38/><U130/><E130/><V27/><F27/><W42/><G42/><N who="1" m="15914" /><E128/><V13/><F13/><W122/><G122/><T19/><D19/><AGARI ba="0,1" hai="8,12,19,58,61,65,90,91,94,99,101" m="33289" machi="19" ten="30,2000,0" yaku="8,1,52,1" doraHai="59" who="2" fromWho="0" sc="396,-20,163,0,242,30,189,0" /><INIT seed="5,0,0,2,0,48" ten="376,163,272,189" oya="1" hai0="19,17,65,91,42,51,37,53,108,22,56,44,120" hai1="111,75,99,112,55,32,77,7,94,11,83,63,131" hai2="36,74,1,132,25,93,87,72,110,14,119,69,130" hai3="109,34,89,80,78,38,116,47,128,26,46,84,2"/><U23/><E32/><V114/><F87/><W124/><G109/><T98/><D108/><U6/><E111/><V8/><F93/><W100/><G2/><T129/><D129/><U18/><E112/><V107/><F14/><W59/><G128/><T9/><D120/><U3/><E131/><V21/><F21/><W24/><G100/><T15/><D65/><U81/><E81/><V57/><F25/><W76/><G124/><T82/><D82/><U117/><E117/><V90/><F90/><W113/><G113/><T49/><D98/><U105/><E7/><V31/><F57/><W103/><G103/><T13/><REACH who="0" step="1"/><D91/><REACH who="0" ten="366,163,272,189" step="2"/><U121/><E121/><V106/><F110/><W5/><G89/><T66/><D66/><U10/><E105/><V135/><F130/><W27/><G80/><T122/><D122/><U73/><E73/><V43/><F72/><W127/><G78/><T30/><D30/><U54/><E11/><V92/><F31/><W64/><G76/><T0/><D0/><U126/><E126/><V35/><F8/><W29/><G29/><T97/><D97/><U104/><E104/><V52/><F114/><W68/><G127/><T79/><D79/><U102/><REACH who="1" step="1"/><E63/><AGARI ba="0,1" hai="9,13,15,17,19,22,37,42,44,49,51,53,56,63" machi="63" ten="30,3900,0" yaku="1,1,7,1,52,1,53,0" doraHai="48" doraHaiUra="85" who="0" fromWho="1" sc="366,49,163,-39,272,0,189,0" /><INIT seed="6,0,0,3,1,27" ten="415,124,272,189" oya="2" hai0="83,135,60,40,13,55,20,54,128,77,64,101,105" hai1="47,115,36,134,123,88,12,72,130,85,97,104,42" hai2="122,82,37,124,7,132,31,102,69,17,57,22,59" hai3="70,66,92,3,79,90,19,1,71,113,4,112,86"/><V51/><F37/><W73/><G19/><T50/><D128/><U78/><E130/><V65/><F69/><N who="3" m="26123" /><G66/><T10/><D20/><U126/><E115/><N who="3" m="44106" /><G4/><T125/><D101/><U44/><E134/><V117/><F102/><W76/><G73/><T26/><D105/><U127/><E123/><V48/><F122/><W100/><G100/><T94/><D94/><U29/><E104/><V23/><F117/><W95/><G95/><T109/><D135/><U15/><E97/><V133/><F7/><W87/><G87/><T108/><D64/><U28/><E47/><V9/><F65/><W45/><G45/><T89/><D108/><U35/><E78/><AGARI ba="0,0" hai="1,3,76,78,79,86,90,92" m="44106,26123" machi="78" ten="30,2000,0" yaku="15,1,11,1" doraHai="27" who="3" fromWho="1" sc="415,0,124,-20,272,0,189,20" /><INIT seed="7,0,0,1,1,67" ten="415,104,272,209" oya="3" hai0="128,10,46,95,89,113,117,4,62,126,58,106,19" hai1="13,110,17,135,9,69,130,30,64,48,80,1,27" hai2="63,16,132,131,56,134,91,60,94,65,88,14,36" hai3="92,71,55,28,104,24,83,42,86,84,125,32,37"/><W122/><G104/><T44/><D117/><U8/><E110/><V123/><F36/><W127/><G122/><T35/><D106/><U103/><E103/><V87/><F131/><W50/><G92/><T85/><D126/><N who="3" m="48137" /><G42/><T120/><D113/><U73/><E135/><N who="2" m="51755" /><F123/><W33/><G37/><T102/><D35/><U54/><E130/><V105/><F105/><W114/><G114/><T25/><D102/><U82/><E73/><V49/><F91/><N who="3" m="51615" /><G86/><T76/><D76/><U0/><E82/><V52/><F65/><W112/><G112/><T11/><D128/><U5/><E80/><V133/><F133/><W40/><G40/><T43/><D43/><U79/><E79/><V99/><F99/><W100/><G100/><T6/><D120/><U3/><E64/><V59/><F59/><N who="3" m="33271" /><G33/><T81/><D95/><U26/><E69/><AGARI ba="0,0" hai="24,28,32,69,71" m="33271,51615,48137" machi="69" ten="30,5800,0" yaku="18,1,52,2" doraHai="67" who="3" fromWho="1" sc="415,0,104,-58,272,0,209,58" /><INIT seed="7,1,0,3,0,106" ten="415,46,272,267" oya="3" hai0="92,51,109,126,104,89,41,132,123,95,11,96,79" hai1="56,72,77,24,8,71,28,15,37,55,98,22,48" hai2="5,74,133,101,70,36,87,10,75,27,65,52,44" hai3="1,118,9,26,0,86,7,57,60,113,54,100,58"/><W61/><G113/><T49/><D109/><U115/><E37/><V83/><F101/><W46/><G118/><T20/><D104/><U6/><E71/><V29/><F65/><W91/><G100/><T68/><D123/><U120/><E120/><V90/><F70/><W18/><G46/><T59/><D11/><U105/><E105/><V39/><F39/><W81/><G26/><T25/><D132/><U3/><E98/><V80/><F80/><W16/><REACH who="3" step="1"/><G1/><REACH who="3" ten="415,46,272,257" step="2"/><T135/><D25/><U134/><E115/><V114/><F114/><W33/><G33/><T12/><D135/><U4/><E134/><V76/><F133/><W112/><G112/><T67/><D126/><U40/><E40/><V88/><F27/><W122/><G122/><T129/><D129/><U110/><E110/><V62/><F36/><W69/><G69/><T17/><D68/><U78/><E78/><V66/><F44/><W97/><G97/><N who="0" m="57487" /><D79/><U64/><E77/><V43/><F43/><W34/><G34/><T19/><D41/><U128/><E128/><V47/><F47/><W31/><G31/><T32/><D32/><U107/><E107/><V93/><F29/><W85/><G85/><T111/><D111/><U50/><E72/><V53/><F74/><W13/><G13/><T121/><D121/><U82/><E3/><V30/><F30/><W116/><G116/><T42/><D42/><U38/><E38/><V73/><F73/><W63/><G63/><T35/><D35/><U2/><E2/><N who="2" m="311" /><F90/><W127/><G127/><T21/><D96/><U117/><E117/><V23/><F87/><RYUUKYOKU ba="1,1" sc="415,-10,46,-10,272,-10,257,30" hai3="0,7,9,16,18,54,57,58,60,61,81,86,91" /><INIT seed="7,2,1,2,0,13" ten="405,36,262,287" oya="3" hai0="96,50,106,32,19,117,17,6,104,16,29,76,27" hai1="43,44,33,118,126,77,105,132,135,109,46,35,78" hai2="92,22,74,64,71,61,83,75,72,65,90,120,113" hai3="69,25,8,21,93,110,108,0,127,121,73,4,20"/><W88/><G121/><T58/><D117/><U100/><E100/><V101/><F101/><W37/><G37/><T57/><D76/><U62/><E62/><V45/><F65/><W14/><G69/><T39/><D39/><U86/><E86/><V131/><F131/><W124/><G73/><T1/><D96/><U28/><E118/><V55/><F113/><W107/><G0/><T48/><D6/><U114/><E114/><V42/><F55/><W59/><G59/><T26/><D1/><U18/><E28/><V68/><F22/><N who="3" m="8811" /><G25/><N who="0" m="9227" /><D29/><U40/><E126/><N who="3" m="48170" /><G107/><N who="0" m="41003" /><D32/><U10/><E105/><V119/><F119/><W24/><G24/><T87/><D87/><AGARI ba="2,1" hai="4,8,14,87,88,93,108,110" m="48170,8811" machi="87" ten="30,2900,0" yaku="18,1,54,1" doraHai="13" who="3" fromWho="0" sc="405,-35,36,0,262,0,287,45" /><INIT seed="7,3,0,2,1,3" ten="370,36,262,332" oya="3" hai0="30,61,33,126,100,19,67,2,64,72,20,92,37" hai1="108,8,131,118,12,112,101,116,66,31,119,43,29" hai2="9,24,96,94,39,128,36,50,71,97,82,45,34" hai3="84,120,75,133,80,102,53,14,74,132,114,16,125"/><W59/><G120/><T93/><D72/><U78/><E101/><V109/><F109/><W56/><G114/><T99/><D126/><U13/><E78/><V90/><F71/><W54/><G102/><T111/><D111/><U98/><E98/><V87/><F128/><W65/><G65/><T121/><D121/><U113/><E66/><V18/><F34/><W42/><G42/><T27/><D2/><U21/><E43/><V135/><F97/><W28/><G28/><T17/><D37/><U79/><E79/><V5/><F135/><N who="3" m="51787" /><G125/><T110/><D110/><U91/><E91/><V86/><F24/><W57/><G74/><T46/><D46/><U52/><E52/><N who="3" m="20074" /><G75/><T6/><D6/><U25/><E108/><V62/><F36/><W4/><G4/><T26/><D17/><U123/><E123/><V85/><F18/><W104/><G104/><N who="0" m="63519" /><D67/><U83/><E83/><V103/><F39/><W7/><G7/><T22/><D22/><U76/><E76/><V107/><F107/><W88/><G59/><T60/><D60/><U38/><E38/><V70/><F62/><W68/><G68/><AGARI ba="3,0" hai="19,20,26,27,30,33,61,64,68,92,93" m="63519" machi="68" ten="30,1000,0" yaku="25,1" doraHai="3" who="0" fromWho="3" sc="370,19,36,0,262,0,332,-19" owari="389,48.9,36,-46.4,262,-13.8,313,11.3" /></mjloggm>