<mjloggm ver="2.3"><GO type="169" lobby="0"/><UN n0="%E4%B8%89%E5%B3%B6%E5%85%AB%E9%9B%B2" n1="%E2%97%8E%E3%82%88%E3%81%97%E2%97%8E" n2="%E5%A4%A9%E6%89%8D%E9%BA%BB%E5%B0%86%E6%99%BA%E4%B9%83" n3="%E3%81%B5%E3%82%8D%E3%82%93" dan="17,16,16,17" rate="2242.15,2144.30,2143.90,2206.39" sx="M,M,M,M"/><TAIKYOKU oya="0"/><INIT seed="0,0,0,1,0,119" ten="250,250,250,250" oya="0" hai0="102,112,107,123,4,132,81,19,18,61,25,122,0" hai1="20,42,124,68,48,55,99,38,45,65,89,66,135" hai2="84,33,6,54,113,129,10,101,72,3,63,126,125" hai3="77,115,95,41,111,69,98,43,116,2,39,94,105"/><T73/><D112/><U8/><E124/><V16/><F72/><W23/><G116/><T86/><D73/><U82/><E135/><V29/><F113/><W57/><G69/><T88/><D132/><U62/><E66/><V83/><F129/><W50/><G2/><T51/><D51/><U56/><E20/><V24/><F101/><W110/><G77/><T97/><D61/><U28/><E28/><V70/><F54/><N who="3" m="31959" /><G115/><T74/><D74/><U100/><E8/><V128/><F128/><W47/><G43/><T40/><D40/><U71/><E89/><V133/><F133/><W87/><G87/><T49/><D49/><U58/><REACH who="1" step="1"/><E82/><REACH who="1" ten="250,240,250,250" step="2"/><V35/><F126/><W106/><G23/><T91/><D91/><U78/><E78/><V60/><F125/><W32/><G32/><T90/><D90/><U121/><E121/><V53/><F33/><W13/><G111/><T31/><D31/><U12/><E12/><V127/><F127/><W109/><G13/><T34/><D34/><U134/><E134/><V85/><F83/><W15/><G15/><T92/><D81/><U22/><E22/><N who="2" m="13383" /><F29/><W7/><G109/><T114/><D114/><U14/><E14/><V64/><F35/><W44/><G110/><T52/><D25/><U46/><E46/><V120/><F120/><N who="0" m="46122" /><D0/><U96/><E96/><V9/><F9/><W118/><G47/><T11/><D11/><U1/><E1/><V104/><F3/><W117/><G117/><T93/><D97/><U5/><E5/><V27/><F27/><W36/><G118/><T26/><D4/><U67/><E67/><RYUUKYOKU ba="0,1" sc="250,-10,240,30,250,-10,250,-10" hai1="38,42,45,48,55,56,58,62,65,68,71,99,100" /><INIT seed="1,1,1,4,5,58" ten="240,270,240,240" oya="1" hai0="133,73,27,59,8,101,60,97,16,117,106,37,29" hai1="123,64,110,118,0,48,63,99,25,112,114,26,1" hai2="76,121,40,126,65,102,31,70,100,20,66,129,116" hai3="28,61,46,2,86,83,10,119,34,15,41,127,42"/><U43/><E123/><V128/><F116/><W69/><G119/><T89/><D117/><U7/><E118/><V90/><F121/><W88/><G2/><T36/><D73/><U3/><E7/><V55/><F126/><W80/><G127/><T52/><D133/><U12/><E110/><V47/><F76/><W6/><G34/><T107/><D107/><U92/><E12/><V82/><F55/><W134/><G28/><T13/><REACH who="0" step="1"/><D89/><REACH who="0" ten="230,270,240,240" step="2"/><U124/><E124/><V91/><F90/><W30/><G134/><T79/><D79/><U132/><E132/><V93/><F91/><W35/><G83/><T44/><D44/><U94/><E114/><V23/><F47/><W103/><G46/><T71/><D71/><U84/><E112/><V14/><F82/><W49/><G69/><T81/><D81/><U78/><E78/><V62/><F70/><W21/><G80/><T109/><D109/><U51/><E94/><V125/><F93/><W113/><G113/><T87/><D87/><U67/><E84/><V115/><F115/><W17/><G88/><T75/><D75/><U68/><E43/><V50/><F40/><W4/><G86/><T39/><D39/><U33/><E67/><V11/><F65/><W104/><G42/><T9/><D9/><U45/><E45/><V57/><F11/><W95/><G10/><T105/><D105/><U38/><E38/><V131/><F125/><W5/><G104/><T22/><AGARI ba="1,2" hai="8,13,16,22,27,29,36,37,52,59,60,97,101,106" machi="22" ten="20,12000,2" yaku="1,1,0,1,7,1,52,1,54,2,53,1" doraHai="58" doraHaiUra="24" who="0" fromWho="0" sc="230,143,270,-61,240,-31,240,-31" /><INIT seed="2,0,0,4,3,34" ten="373,209,209,209" oya="2" hai0="118,127,46,81,6,3,78,112,108,10,110,104,101" hai1="97,86,85,35,72,132,7,126,44,120,50,41,124" hai2="9,21,84,37,105,89,63,67,82,17,133,27,87" hai3="66,73,122,26,11,131,28,62,57,55,49,74,40"/><V109/><F109/><BYE who="2" /><N who="0" m="42090" /><D112/><U96/><E35/><V83/><F83/><W130/><G122/><T30/><D127/><N who="1" m="48683" /><E72/><V121/><F121/><W8/><G40/><UN n2="%E5%A4%A9%E6%89%8D%E9%BA%BB%E5%B0%86%E6%99%BA%E4%B9%83" /><T113/><D113/><U36/><E120/><V98/><F133/><W18/><G74/><N who="0" m="43223" /><D30/><U79/><E132/><V53/><F37/><W70/><G73/><T135/><D135/><U45/><E7/><V61/><F87/><N who="1" m="33289" /><E79/><V5/><F53/><AGARI ba="0,0" hai="36,41,44,45,50,53,96,97" m="33289,48683" machi="53" ten="30,1000,0" yaku="18,1" doraHai="34" who="1" fromWho="2" sc="373,0,209,10,209,-10,209,0" /><INIT seed="3,0,0,3,1,17" ten="373,219,199,209" oya="3" hai0="3,9,61,113,51,118,8,0,6,127,35,38,25" hai1="108,84,121,114,65,120,63,115,39,74,5,4,72" hai2="89,33,24,12,122,134,22,94,45,57,15,112,2" hai3="131,29,83,70,41,62,50,99,77,46,96,49,110"/><W1/><G1/><T53/><D118/><U80/><E39/><V90/><F112/><N who="1" m="43049" /><E63/><V111/><F111/><W10/><G131/><T73/><D38/><U129/><E65/><V116/><F116/><W60/><G110/><T42/><D73/><N who="1" m="28267" /><E108/><V18/><F2/><W126/><G126/><T79/><D127/><U93/><E93/><V87/><F134/><W47/><G10/><T37/><D61/><U86/><E80/><V20/><F122/><N who="1" m="47209" /><E129/><V132/><F132/><W19/><G19/><T43/><D37/><U78/><E78/><V11/><F33/><W128/><G128/><T109/><D79/><U105/><E105/><V26/><F45/><W92/><G29/><T133/><D113/><U59/><E59/><V103/><F57/><W88/><G70/><T106/><D106/><U48/><E48/><V104/><F104/><W58/><G58/><T32/><D109/><U119/><E119/><V44/><F44/><W7/><G7/><AGARI ba="0,0" hai="4,5,7,84,86" m="47209,28267,43049" machi="7" ten="40,2600,0" yaku="28,2" doraHai="17" who="1" fromWho="3" sc="373,0,219,26,199,0,209,-26" /><INIT seed="4,0,0,5,4,54" ten="373,245,199,183" oya="0" hai0="126,50,109,123,124,106,8,75,70,4,24,52,35" hai1="65,9,60,115,41,104,90,94,2,105,102,72,87" hai2="80,111,108,27,97,135,37,18,26,66,36,11,81" hai3="30,29,40,134,33,131,73,7,53,19,59,64,62"/><T69/><D123/><U77/><E41/><V127/><F135/><W74/><G7/><T84/><D75/><U39/><E39/><V42/><F127/><N who="0" m="48682" /><D106/><U114/><E9/><V89/><F66/><W21/><G134/><T44/><D84/><U48/><E48/><V83/><F42/><W103/><G131/><T10/><D109/><U91/><E2/><V47/><F47/><W125/><G125/><T17/><D10/><U51/><E51/><V25/><F89/><W68/><G103/><T98/><D98/><N who="1" m="61527" /><E105/><V132/><F132/><W119/><G119/><T46/><D46/><U129/><E129/><V107/><F107/><W88/><G40/><T5/><D5/><U100/><E60/><V92/><F92/><W67/><G67/><T82/><D82/><N who="1" m="45351" /><E65/><V23/><F11/><W118/><G118/><T130/><D130/><U110/><E110/><V13/><F111/><W16/><G74/><T120/><D17/><U55/><E55/><V61/><F18/><W133/><G73/><T121/><D69/><U117/><E117/><V78/><F108/><W101/><G133/><T112/><D70/><U56/><E56/><V12/><F37/><W14/><G19/><T57/><D44/><U85/><E100/><V122/><F36/><W45/><G101/><T71/><D71/><U28/><E28/><N who="3" m="10858" /><G33/><T20/><D35/><U15/><E15/><V79/><F12/><W0/><G0/><T116/><D116/><U1/><E1/><V63/><F63/><N who="3" m="36335" /><G45/><T22/><D4/><U58/><E58/><V32/><F32/><W34/><G34/><T96/><D57/><RYUUKYOKU ba="0,0" sc="373,-15,245,15,199,-15,183,15" hai1="85,87,90,91,94,114,115" hai3="14,16,21,62,64,68,88" /><INIT seed="5,1,0,5,3,38" ten="358,260,184,198" oya="1" hai0="77,33,49,68,52,25,124,133,120,117,112,83,34" hai1="99,108,51,80,59,24,67,86,32,84,53,35,76" hai2="85,19,98,10,7,130,118,30,82,44,81,14,121" hai3="3,69,110,116,46,4,18,48,0,6,95,9,5"/><U115/><E115/><V71/><F118/><W63/><G110/><T131/><D117/><U90/><E108/><V57/><F121/><W29/><G116/><T79/><D68/><U73/><E73/><V94/><F71/><W1/><G29/><T62/><D112/><U88/><E67/><V66/><F130/><W23/><G95/><T93/><D62/><U26/><E99/><V50/><F30/><W109/><G109/><T58/><D133/><U105/><E105/><V54/><F7/><W22/><G9/><T65/><D65/><U15/><E15/><V8/><F8/><W17/><G63/><T75/><D124/><U92/><REACH who="1" step="1"/><E76/><REACH who="1" ten="358,250,184,198" step="2"/><V123/><F66/><W122/><G122/><T20/><D79/><U78/><E78/><V27/><F123/><W42/><G69/><T13/><D13/><U125/><E125/><V102/><F27/><AGARI ba="1,1" hai="24,26,27,32,35,51,53,59,80,84,86,88,90,92" machi="27" ten="40,3900,0" yaku="1,1,54,1,53,0" doraHai="38" doraHaiUra="70" who="1" fromWho="2" sc="358,0,250,52,184,-42,198,0" /><INIT seed="5,2,0,4,3,96" ten="358,302,142,198" oya="1" hai0="2,61,37,57,79,58,10,73,55,100,76,29,119" hai1="18,5,106,111,88,92,66,103,91,89,22,124,52" hai2="116,72,47,25,60,85,36,113,104,101,107,63,6" hai3="75,87,16,98,123,62,53,128,14,120,56,112,127"/><U117/><E117/><V20/><F72/><W83/><G75/><T110/><D110/><U23/><E106/><V135/><F116/><W90/><G112/><T64/><D119/><U130/><E111/><V48/><F36/><W12/><G128/><T31/><D37/><U118/><E118/><V41/><F113/><W28/><G127/><T13/><D2/><U125/><E130/><V4/><F135/><W71/><G28/><N who="0" m="10827" /><D100/><U67/><E5/><V86/><F104/><W34/><G34/><T35/><D35/><U17/><E52/><V78/><F101/><W82/><G71/><T121/><D121/><U44/><E44/><V133/><F133/><W99/><G14/><T95/><D95/><U105/><E105/><V131/><F107/><W132/><G132/><T51/><D73/><U134/><E134/><V42/><F131/><W30/><G30/><T32/><D32/><U1/><E1/><V114/><F114/><W46/><G83/><T70/><D70/><U97/><E124/><V8/><F42/><W3/><G46/><T77/><D77/><U26/><E125/><V40/><F40/><W39/><G39/><T21/><D21/><U69/><E69/><V9/><F9/><W84/><G3/><T33/><D33/><U15/><AGARI ba="2,0" hai="15,17,18,22,23,26,66,67,88,89,91,92,97,103" machi="15" ten="30,11700,0" yaku="0,1,8,1,52,1,54,1" doraHai="96" who="1" fromWho="1" sc="358,-41,302,123,142,-41,198,-41" /><INIT seed="5,3,0,3,2,42" ten="317,425,101,157" oya="1" hai0="75,22,128,125,57,43,100,7,108,53,52,35,47" hai1="102,87,99,83,62,113,40,15,86,105,58,126,110" hai2="65,107,1,8,79,71,38,6,118,61,39,103,80" hai3="74,55,77,49,92,59,101,9,13,45,33,82,0"/><U111/><E113/><V129/><F129/><W96/><G33/><T56/><D108/><N who="1" m="41515" /><E126/><V89/><F118/><W54/><G0/><T19/><D35/><U63/><E40/><V4/><F89/><W73/><G73/><T76/><D128/><U34/><E34/><V14/><F6/><W114/><G114/><T17/><D125/><U85/><E15/><V69/><F14/><W112/><G112/><T68/><D68/><U23/><E23/><V12/><F12/><W20/><G20/><T60/><D100/><U97/><E97/><V91/><F91/><W109/><G109/><T11/><D75/><U90/><E63/><V116/><F71/><W130/><G130/><T133/><D133/><U134/><E134/><V131/><F116/><W18/><REACH who="3" step="1"/><G55/><AGARI ba="3,0" hai="55,58,62,83,85,86,87,90,99,102,105" m="41515" machi="55" ten="30,1500,0" yaku="10,1" doraHai="42" who="1" fromWho="3" sc="317,0,425,24,101,0,157,-24" /><INIT seed="5,4,0,1,2,117" ten="317,449,101,133" oya="1" hai0="74,3,126,129,133,33,58,61,121,47,92,81,1" hai1="22,5,50,108,125,77,115,37,30,25,78,132,87" hai2="91,98,51,34,131,123,12,13,119,4,36,89,130" hai3="17,32,0,69,120,103,66,94,114,80,97,96,26"/><U68/><E37/><V10/><F119/><W63/><G0/><T2/><D33/><U113/><E68/><V90/><F36/><W101/><G114/><N who="1" m="43530" /><E125/><V9/><F34/><W52/><G120/><T102/><D126/><U76/><E132/><V20/><F20/><W127/><G127/><T41/><D133/><U49/><E108/><V24/><F24/><W84/><G17/><T15/><D129/><N who="2" m="49162" /><F51/><N who="1" m="19465" /><E5/><N who="2" m="3119" /><F98/><W48/><G26/><T99/><D15/><U53/><E53/><V135/><F135/><W11/><G11/><T73/><D1/><U44/><E44/><V110/><F110/><W105/><G32/><T111/><D111/><U8/><E8/><V83/><F83/><AGARI ba="4,0" hai="22,25,30,76,77,78,83,87" m="19465,43530" machi="83" ten="30,1500,0" yaku="15,1" doraHai="117" who="1" fromWho="2" sc="317,0,449,27,101,-27,133,0" /><INIT seed="5,5,0,3,2,70" ten="317,476,74,133" oya="1" hai0="8,116,69,79,133,10,15,83,11,109,66,128,106" hai1="38,6,47,32,73,91,20,103,1,2,114,112,119" hai2="85,49,93,111,56,27,60,64,72,122,68,53,101" hai3="118,67,115,40,0,71,52,104,37,87,127,125,88"/><U82/><E119/><V59/><F72/><W14/><G0/><T81/><D109/><U29/><E32/><V108/><F122/><W61/><G104/><T25/><D116/><U86/><E103/><V97/><F85/><W117/><G14/><T35/><D128/><U123/><E123/><V65/><F68/><W4/><G4/><T44/><D133/><U124/><E124/><N who="3" m="47690" /><G115/><N who="1" m="44074" /><E6/><V34/><REACH who="2" step="1"/><F64/><REACH who="2" ten="317,476,64,133" step="2"/><W42/><G52/><T50/><D66/><U5/><E73/><V98/><F98/><W13/><G42/><T24/><D69/><U28/><E86/><V19/><F19/><W55/><G55/><T95/><D106/><U80/><E5/><V129/><F129/><W132/><G132/><T22/><D81/><U63/><E82/><V9/><F9/><W134/><G134/><T26/><D83/><U45/><E80/><V54/><F54/><W99/><G99/><T58/><D8/><U94/><E94/><V51/><F51/><W7/><G7/><T78/><D95/><U31/><E2/><V113/><F113/><W17/><G40/><T12/><D10/><U3/><E1/><V90/><F90/><W30/><G88/><T21/><D11/><U121/><E3/><V36/><F36/><W120/><G37/><T100/><D50/><U89/><E38/><V77/><F77/><W96/><G120/><T43/><D79/><U102/><E121/><V16/><F16/><W126/><G126/><T130/><D78/><U74/><E91/><V76/><F76/><W135/><G135/><T39/><D39/><U41/><E89/><V75/><F75/><RYUUKYOKU ba="5,1" sc="317,-10,476,-10,64,30,133,-10" hai2="27,34,49,53,56,59,60,65,93,97,101,108,111" /><INIT seed="6,6,1,5,0,87" ten="307,466,94,123" oya="2" hai0="73,96,26,102,84,62,42,50,79,127,131,31,124" hai1="135,13,66,54,133,38,116,88,22,104,82,25,130" hai2="18,8,43,52,59,113,115,77,60,94,32,93,97" hai3="39,112,16,0,68,58,37,55,12,123,35,81,34"/><V61/><F32/><W119/><G119/><T53/><D73/><U72/><E116/><V129/><F129/><W5/><G123/><T117/><D117/><U14/><E104/><V108/><F108/><W134/><G68/><T101/><D42/><U67/><E38/><V120/><F120/><W48/><G134/><N who="1" m="51210" /><E54/><V56/><F43/><W80/><G112/><N who="2" m="43081" /><F77/><W74/><G5/><T90/><D62/><U121/><E130/><V118/><F118/><W125/><BYE who="2" /><G0/><T132/><D79/><N who="1" m="44391" /><E88/><UN n2="%E5%A4%A9%E6%89%8D%E9%BA%BB%E5%B0%86%E6%99%BA%E4%B9%83" /><V100/><F94/><W4/><G81/><T98/><D131/><U99/><E99/><V95/><F95/><W111/><G111/><T47/><D132/><U64/><E121/><V23/><F8/><W10/><G125/><N who="0" m="48203" /><D98/><U92/><E92/><V15/><F59/><W91/><G39/><T46/><D46/><U105/><E105/><V106/><F106/><W1/><G37/><T41/><D96/><U65/><N who="1" m="16384" /><DORA hai="2" /><U85/><E85/><V76/><F76/><W110/><G110/><T9/><D41/><U75/><E75/><V107/><F107/><W86/><G74/><T57/><D47/><U24/><E22/><AGARI ba="6,1" hai="1,4,10,12,16,22,34,35,48,55,58,80,86,91" machi="22" ten="30,7700,0" yaku="7,1,52,2,54,1" doraHai="87,2" who="3" fromWho="1" sc="307,0,466,-95,94,0,123,105" /><INIT seed="7,0,0,5,2,74" ten="307,371,94,228" oya="3" hai0="20,84,44,71,82,46,11,78,26,60,38,39,108" hai1="112,62,21,75,86,109,125,13,132,25,104,9,102" hai2="134,114,110,100,123,28,27,105,55,81,116,76,117" hai3="121,128,85,122,57,66,22,99,32,87,64,103,126"/><W17/><G32/><T47/><D108/><U52/><E109/><V4/><F55/><W89/><G128/><T88/><D11/><U51/><E75/><V14/><F14/><W69/><G69/><T59/><D71/><U118/><E104/><V113/><F4/><W115/><G115/><N who="2" m="44041" /><F27/><W77/><G126/><T63/><D63/><U42/><E86/><V92/><F28/><W127/><G127/><T53/><REACH who="0" step="1"/><D88/><REACH who="0" ten="297,371,94,228" step="2"/><U12/><E62/><V97/><F110/><W79/><G121/><T120/><D120/><U119/><E9/><V67/><F67/><N who="3" m="25643" /><G122/><T80/><D80/><U129/><E112/><V24/><F123/><W31/><G31/><AGARI ba="0,1" hai="20,26,31,38,39,44,46,47,53,59,60,78,82,84" machi="31" ten="40,2600,0" yaku="1,1,52,1,53,0" doraHai="74" doraHaiUra="29" who="0" fromWho="3" sc="297,36,371,0,94,0,228,-26" owari="333,13.3,371,47.1,94,-40.6,202,-19.8" /></mjloggm>