<mjloggm ver="2.3"><GO type="169" lobby="0"/><UN n0="%E3%83%AD%E3%83%83%E3%83%86%E9%9B%80%E7%90%83" n1="%E8%8F%8A%E6%B1%A0%E9%A2%A8%E9%A6%99" n2="%E3%82%AD%E3%83%B3%E3%82%B0%E3%83%98%E3%82%A4%E3%83%AD" n3="%72%65%62%65%65%72" dan="17,16,16,16" rate="2183.86,2111.30,2082.02,2166.52" sx="M,M,M,M"/><TAIKYOKU oya="0"/><INIT seed="0,0,0,1,1,55" ten="250,250,250,250" oya="0" hai0="122,2,71,108,34,104,42,75,22,92,61,7,63" hai1="113,135,86,47,20,109,62,85,53,78,23,103,126" hai2="127,38,128,45,37,19,12,114,9,97,58,57,98" hai3="77,65,6,70,17,131,29,33,44,16,95,25,30"/><T54/><D34/><U40/><E109/><V0/><F114/><W51/><G131/><T26/><D104/><U120/><E120/><V91/><F0/><W88/><G6/><T123/><D75/><U81/><E126/><V105/><F105/><W106/><G30/><T60/><D71/><U27/><E135/><V96/><F128/><W130/><G130/><T73/><D73/><U15/><E113/><V13/><F127/><W132/><G77/><T94/><D42/><U1/><E1/><V46/><F91/><W43/><G132/><T79/><D79/><U119/><E119/><V99/><F98/><W84/><REACH who="3" step="1"/><G106/><REACH who="3" ten="250,250,250,240" step="2"/><T89/><D7/><U36/><E78/><V118/><F118/><W64/><G64/><T18/><D108/><U32/><E32/><V101/><F101/><W10/><G10/><T80/><D123/><U24/><E103/><V100/><F100/><W52/><G52/><T14/><D122/><U11/><E53/><V68/><F9/><W35/><G35/><T5/><D54/><U83/><E11/><V116/><F116/><W134/><G134/><T4/><D2/><U87/><E23/><V115/><F115/><W110/><G110/><T67/><D67/><U133/><E133/><V28/><F28/><W112/><G112/><T117/><D117/><U111/><E111/><V41/><F41/><W39/><G39/><T66/><D66/><U76/><E76/><V125/><F125/><W3/><G3/><T69/><D4/><U82/><E62/><AGARI ba="0,1" hai="16,17,25,29,33,43,44,51,62,65,70,84,88,95" machi="62" ten="40,5200,0" yaku="1,1,54,2,53,0" doraHai="55" doraHaiUra="72" who="3" fromWho="1" sc="250,0,250,-52,250,0,240,62" /><INIT seed="1,0,0,0,4,127" ten="250,198,250,302" oya="1" hai0="18,90,73,77,5,13,85,82,111,1,11,98,46" hai1="37,42,15,135,107,56,126,122,94,31,33,131,88" hai2="97,67,49,80,20,79,118,71,65,61,70,130,4" hai3="99,57,45,128,119,8,124,2,95,115,16,32,0"/><U75/><E122/><V21/><F118/><W120/><G115/><T87/><D111/><U50/><E107/><V109/><F4/><W6/><G120/><T35/><D35/><U36/><E75/><V112/><F112/><W3/><G32/><T134/><D134/><U39/><E126/><V106/><F109/><W132/><G124/><T74/><D98/><U58/><E135/><V54/><F97/><W84/><G132/><T68/><D68/><U47/><E15/><V113/><F106/><W121/><G121/><T30/><D30/><U101/><E101/><V38/><F38/><W34/><G34/><T114/><D46/><U117/><E117/><V91/><F91/><W60/><G84/><T55/><D55/><U108/><E108/><V63/><F113/><W96/><G45/><T86/><D73/><U44/><E44/><V41/><F41/><W7/><G99/><T53/><D53/><U76/><E76/><V93/><F93/><W25/><G119/><T78/><D78/><U24/><REACH who="1" step="1"/><E131/><REACH who="1" ten="250,188,250,302" step="2"/><V69/><F130/><W52/><G128/><T81/><REACH who="0" step="1"/><D114/><REACH who="0" ten="240,188,250,302" step="2"/><U14/><E14/><V59/><F70/><W83/><G0/><T9/><AGARI ba="0,2" hai="1,5,9,11,13,18,74,77,81,82,85,86,87,90" machi="9" ten="20,5200,0" yaku="1,1,2,1,0,1,7,1,53,0" doraHai="127" doraHaiUra="89" who="0" fromWho="0" sc="240,72,188,-26,250,-13,302,-13" /><INIT seed="2,0,0,2,0,66" ten="312,162,237,289" oya="2" hai0="124,67,21,113,64,82,89,19,115,44,11,117,22" hai1="127,94,122,46,100,38,47,34,61,63,98,60,93" hai2="9,76,51,12,133,50,37,14,3,32,107,120,17" hai3="104,20,55,65,126,33,10,108,42,75,40,81,62"/><V109/><F120/><W92/><G104/><T134/><D134/><U18/><E34/><V79/><F37/><W56/><G33/><T118/><D44/><U131/><E122/><V48/><F107/><W101/><G108/><T128/><D82/><U5/><E127/><V15/><F32/><W25/><G126/><T85/><D85/><U16/><E131/><V30/><F30/><W130/><G130/><T123/><D89/><U73/><E73/><V105/><F105/><W88/><G10/><T135/><D124/><U114/><E114/><V52/><F133/><W28/><G55/><T112/><D123/><U69/><E69/><V1/><F109/><W8/><G8/><T43/><D43/><U54/><E5/><V68/><F68/><W2/><G2/><T36/><D36/><U7/><E7/><V71/><F71/><W91/><G91/><T49/><D49/><U121/><E121/><V119/><F119/><N who="0" m="45578" /><D135/><U31/><E31/><V58/><F1/><W83/><G83/><T80/><D80/><U95/><E38/><V90/><F3/><W57/><G57/><T70/><D128/><U102/><E93/><V74/><F90/><W106/><G106/><T27/><D11/><U84/><E84/><V96/><F96/><N who="3" m="59527" /><G75/><T125/><D125/><U99/><E61/><N who="2" m="36039" /><F74/><W59/><G59/><T53/><D70/><U24/><E54/><V23/><F9/><W41/><G42/><T6/><D53/><U35/><E35/><V97/><F97/><W72/><G72/><T39/><D39/><U77/><E77/><AGARI ba="0,0" hai="12,14,15,17,23,48,50,51,76,77,79" m="36039" machi="77" ten="30,2900,0" yaku="8,1,54,1" doraHai="66" who="2" fromWho="1" sc="312,0,162,-29,237,29,289,0" /><INIT seed="2,1,0,2,3,58" ten="312,133,266,289" oya="2" hai0="107,3,82,76,103,11,67,120,117,33,119,16,14" hai1="56,121,79,112,110,91,13,20,133,59,15,26,85" hai2="101,40,70,88,126,35,51,102,54,30,64,37,31" hai3="17,72,97,55,66,74,105,94,92,114,2,71,96"/><V99/><F126/><W43/><G105/><T80/><D120/><U25/><E112/><V113/><F113/><W111/><G2/><T19/><D33/><U29/><E110/><V109/><F109/><W118/><G118/><N who="0" m="45067" /><D3/><U89/><E133/><V28/><F35/><W60/><G111/><T106/><D103/><U0/><E0/><V68/><F40/><W62/><G43/><T116/><N who="0" m="45075" /><T93/><DORA hai="87" /><D93/><U125/><E125/><V134/><F37/><W23/><G114/><T108/><D108/><U90/><E121/><V98/><F134/><W123/><G123/><T95/><D95/><U128/><E128/><V75/><F75/><W22/><G17/><T21/><D67/><U130/><E130/><V7/><F7/><W127/><G127/><T9/><D9/><U32/><E85/><V5/><F5/><W122/><G122/><T45/><D45/><U34/><E79/><V18/><F18/><W4/><G4/><T48/><D48/><U78/><E78/><V84/><F68/><W6/><G6/><T83/><D76/><U1/><E1/><V104/><F64/><W86/><G86/><T38/><D38/><U63/><E32/><V57/><F70/><W24/><G66/><T77/><D77/><U132/><E56/><V129/><F129/><W52/><G71/><T81/><N who="0" m="20480" /><DORA hai="39" /><T10/><D10/><U46/><E46/><V47/><F47/><W36/><G36/><T124/><D124/><U41/><E132/><V61/><F51/><W44/><G44/><T8/><D8/><U69/><E69/><V135/><F135/><RYUUKYOKU ba="1,0" sc="312,15,133,-15,266,-15,289,15" hai0="11,14,16,19,21,106,107" hai3="22,23,24,52,55,60,62,72,74,92,94,96,97" /><INIT seed="3,2,0,3,5,11" ten="327,118,251,304" oya="3" hai0="93,3,56,70,106,90,98,103,109,60,88,62,48" hai1="0,107,85,92,32,4,72,87,9,2,102,16,86" hai2="77,105,135,43,26,111,96,23,8,34,49,37,121" hai3="130,84,58,25,27,83,10,128,113,134,40,126,75"/><W81/><G113/><T18/><D109/><U57/><E32/><V46/><F34/><W41/><G134/><T36/><D36/><U108/><E72/><V104/><F111/><W15/><G126/><T51/><D3/><U50/><E108/><V119/><F119/><W67/><G75/><T76/><D76/><U95/><E0/><V38/><F135/><W129/><G67/><T74/><D74/><U73/><E73/><V53/><F77/><W82/><G84/><T115/><D115/><U42/><E107/><V65/><F65/><W5/><REACH who="3" step="1"/><G58/><REACH who="3" ten="327,118,251,294" step="2"/><T54/><D70/><U55/><E102/><V64/><F64/><W66/><G66/><T112/><D56/><U59/><E59/><V12/><F121/><W97/><G97/><T7/><D98/><U19/><REACH who="1" step="1"/><E42/><AGARI ba="2,1" hai="5,10,15,25,27,40,41,42,81,82,83,128,129,130" machi="42" ten="50,9600,0" yaku="1,1,19,1,52,1,53,0" doraHai="11" doraHaiUra="63" who="3" fromWho="1" sc="327,0,118,-102,251,0,294,112" /><INIT seed="3,3,0,1,4,101" ten="327,16,251,406" oya="3" hai0="83,67,53,16,126,98,4,125,115,102,66,116,86" hai1="3,109,13,112,129,104,46,124,7,68,55,14,76" hai2="113,82,122,74,127,49,105,50,24,64,26,11,45" hai3="123,31,78,88,94,54,23,59,41,130,58,39,60"/><W69/><G130/><T36/><D116/><U62/><E112/><V84/><F113/><W56/><G123/><T121/><D121/><U0/><E129/><V6/><F122/><W132/><G132/><T77/><D115/><U96/><E109/><V20/><F74/><W81/><G39/><T22/><D4/><U75/><E124/><N who="0" m="47721" /><D53/><U43/><E76/><V97/><F64/><W90/><G41/><T111/><D36/><U92/><E75/><V131/><F131/><W48/><G69/><T128/><D111/><U134/><E134/><V65/><F65/><W95/><G78/><T25/><D128/><U1/><E7/><V29/><F26/><N who="3" m="16863" /><G81/><T17/><D17/><U40/><E40/><V85/><F127/><W110/><G110/><T114/><D114/><U73/><E73/><V32/><F32/><W44/><G60/><T42/><D42/><U52/><E68/><V80/><F80/><W103/><G94/><AGARI ba="3,0" hai="16,22,25,66,67,77,83,86,94,98,102" m="47721" machi="94" ten="30,2000,0" yaku="18,1,54,1" doraHai="101" who="0" fromWho="3" sc="327,29,16,0,251,0,406,-29" /><INIT seed="4,0,0,4,1,32" ten="356,16,251,377" oya="0" hai0="34,134,89,5,0,80,55,119,52,45,51,63,70" hai1="135,127,133,4,54,72,125,8,59,99,9,56,61" hai2="17,19,97,124,106,36,126,84,102,100,18,25,123" hai3="60,44,64,7,92,88,96,33,57,31,110,111,16"/><T90/><D119/><U73/><E99/><V6/><F36/><W1/><G33/><T108/><D34/><U120/><E120/><V39/><F39/><W2/><G31/><T109/><D134/><N who="1" m="51211" /><E56/><V66/><F123/><W28/><G28/><T13/><D13/><U83/><E9/><V65/><F6/><W35/><G35/><T112/><D112/><U78/><E72/><V91/><F100/><W129/><G129/><T24/><D24/><U46/><E46/><V20/><F66/><W128/><G128/><T105/><D105/><U50/><E50/><V37/><F65/><W113/><G113/><T27/><D27/><U130/><E130/><V69/><F37/><W40/><G16/><T68/><D55/><U38/><E38/><V53/><F69/><N who="0" m="26730" /><D63/><U14/><AGARI ba="0,0" hai="4,8,14,54,59,61,73,78,83,125,127" m="51211" machi="14" ten="30,1100,0" yaku="20,1" doraHai="32" who="1" fromWho="1" sc="356,-5,16,11,251,-3,377,-3" /><INIT seed="5,0,0,4,4,122" ten="351,27,248,374" oya="1" hai0="99,78,18,92,26,49,27,90,50,95,81,134,52" hai1="87,70,107,4,112,83,48,72,119,16,40,41,34" hai2="24,54,21,57,69,32,28,130,71,127,106,89,53" hai3="133,135,13,91,35,20,128,19,10,101,67,47,64"/><U14/><E119/><V22/><F106/><W37/><G35/><T111/><D111/><U126/><E70/><V39/><F39/><W113/><G113/><T8/><D134/><N who="3" m="51209" /><G128/><T46/><D95/><U121/><E121/><V93/><F130/><W79/><G79/><T42/><D8/><U132/><E132/><V44/><F127/><W6/><G91/><T5/><D5/><U65/><E126/><V61/><F71/><W105/><G101/><T84/><REACH who="0" step="1"/><D18/><REACH who="0" ten="341,27,248,374" step="2"/><U117/><E117/><V17/><F17/><W76/><G105/><T33/><D33/><U66/><E107/><V55/><F32/><W77/><G77/><T58/><AGARI ba="0,1" hai="26,27,42,46,49,50,52,58,78,81,84,90,92,99" machi="58" ten="20,12000,2" yaku="1,1,0,1,7,1,8,1,54,1,53,1" doraHai="122" doraHaiUra="38" who="0" fromWho="0" sc="341,130,27,-60,248,-30,374,-30" owari="471,57.1,-33,-53.3,218,-18.2,344,14.4" /></mjloggm>