<mjloggm ver="2.3"><GO type="169" lobby="0"/><UN n0="%4D%72%52%41%4D%4F" n1="%E8%B5%A4%E4%BA%94%E7%AB%8B%E7%9B%B4" n2="%E3%83%9F%E3%82%B2%E3%83%BC%E3%83%AB%E6%94%B9" n3="%6D%6F%75%77" dan="16,16,16,16" rate="2140.17,2157.68,2208.29,2118.02" sx="M,F,M,M"/><TAIKYOKU oya="0"/><INIT seed="0,0,0,3,5,52" ten="250,250,250,250" oya="0" hai0="69,135,116,102,65,96,64,114,37,85,67,47,60" hai1="124,93,99,5,68,55,87,130,0,89,133,118,62" hai2="80,11,129,19,100,134,107,78,109,74,53,61,49" hai3="13,73,95,56,101,22,35,4,21,45,33,18,34"/><T30/><D114/><U117/><E130/><V122/><F122/><W38/><G73/><T41/><D116/><U97/><E124/><V105/><F129/><W86/><G4/><T125/><D125/><U79/><E133/><V83/><F134/><W25/><G38/><T12/><D135/><U84/><E0/><V108/><F61/><W1/><G45/><T70/><D70/><U59/><E68/><V50/><F50/><W20/><G1/><T27/><D85/><U132/><E132/><V24/><F83/><W72/><G72/><T3/><D12/><U10/><E117/><V17/><F17/><W126/><G126/><T121/><D3/><U28/><E28/><V71/><F71/><W31/><G21/><T32/><REACH who="0" step="1"/><D121/><REACH who="0" ten="240,250,250,250" step="2"/><U23/><E118/><V29/><F24/><W46/><G86/><T66/><D66/><U16/><E84/><V48/><F74/><W92/><G25/><T112/><D112/><U104/><E79/><V76/><F76/><W51/><G13/><T91/><D91/><U58/><E87/><V106/><F78/><W77/><G77/><T94/><AGARI ba="0,1" hai="27,30,32,37,41,47,60,64,65,67,69,94,96,102" machi="94" ten="20,3900,0" yaku="1,1,0,1,7,1,53,0" doraHai="52" doraHaiUra="75" who="0" fromWho="0" sc="240,49,250,-13,250,-13,250,-13" /><INIT seed="0,1,0,2,1,117" ten="289,237,237,237" oya="0" hai0="21,121,72,67,114,74,35,57,123,48,88,83,40" hai1="131,44,102,45,6,69,50,133,104,61,98,47,132" hai2="134,54,0,4,113,127,89,68,107,12,46,33,73" hai3="34,59,99,109,128,66,95,80,14,87,93,39,3"/><T120/><D114/><U85/><E131/><V62/><F89/><W37/><G3/><T38/><D35/><U84/><E6/><V106/><F54/><W110/><G34/><T112/><D112/><U75/><E75/><V53/><F53/><W97/><G14/><T22/><D38/><U32/><E32/><V60/><F12/><W111/><G128/><T30/><D40/><U20/><E20/><V125/><F46/><W118/><G118/><T55/><D67/><N who="1" m="41199" /><E50/><V135/><F33/><W8/><G8/><T16/><D30/><U23/><E23/><V105/><F113/><W77/><G95/><T103/><D103/><U96/><E96/><N who="3" m="36938" /><G93/><T124/><D21/><U15/><E15/><V94/><F94/><W101/><G101/><T92/><D83/><U13/><E13/><V2/><F4/><W116/><G116/><T31/><D31/><U64/><E64/><V126/><F68/><W7/><G7/><T119/><D119/><U49/><E49/><V81/><F81/><W58/><G66/><T122/><N who="0" m="30720" /><DORA hai="100" /><T18/><D22/><U28/><E28/><V65/><F65/><W26/><G26/><T29/><D29/><U9/><E9/><V71/><F73/><N who="0" m="28266" /><D124/><U25/><E25/><V129/><F71/><W19/><G19/><T86/><D18/><U56/><E56/><AGARI ba="1,0" hai="37,39,56,58,59,77,80,87,109,110,111" m="36938" machi="56" ten="40,1300,0" yaku="14,1" doraHai="117,100" who="3" fromWho="1" sc="289,0,237,-16,237,0,237,16" /><INIT seed="1,0,0,4,2,74" ten="289,221,237,253" oya="1" hai0="3,92,70,102,90,28,0,62,133,23,22,48,132" hai1="30,131,114,68,117,66,46,128,16,99,19,44,84" hai2="116,105,10,45,110,34,112,86,115,124,33,20,121" hai3="65,83,119,6,67,51,29,111,134,61,32,41,12"/><U39/><E117/><V64/><F116/><W107/><G119/><T14/><D102/><U55/><E114/><N who="2" m="43563" /><F121/><W37/><G107/><T123/><D123/><U76/><E30/><V58/><F105/><W113/><G37/><T59/><D70/><U52/><E99/><V78/><F110/><W60/><G12/><T118/><D48/><U4/><E4/><V125/><F20/><N who="0" m="7722" /><D14/><U120/><E120/><V17/><F45/><N who="1" m="17513" /><E39/><V24/><F58/><W98/><G98/><N who="0" m="57623" /><D28/><U15/><E66/><V56/><F24/><W63/><G67/><T77/><D118/><U103/><E68/><V72/><F72/><W40/><G65/><N who="0" m="39135" /><D77/><U35/><E35/><N who="2" m="13323" /><F56/><W27/><G32/><T87/><D87/><U81/><E103/><V42/><F64/><W85/><G29/><T43/><D43/><U31/><E31/><V8/><F42/><W122/><G41/><T108/><D108/><U130/><E19/><V129/><F17/><W104/><G40/><T36/><D36/><U53/><E53/><V49/><F49/><W89/><G111/><T47/><D47/><U75/><E75/><V13/><F13/><W11/><G27/><T97/><D97/><U93/><E93/><V79/><F129/><W100/><G122/><T21/><D21/><AGARI ba="0,0" hai="15,16,21,52,55,76,81,84,128,130,131" m="17513" machi="21" ten="30,11600,0" yaku="19,1,52,1,54,2" doraHai="74" who="1" fromWho="0" sc="289,-116,221,116,237,0,253,0" /><INIT seed="1,1,0,5,3,101" ten="173,337,237,253" oya="1" hai0="25,99,111,112,6,9,22,127,126,76,26,28,73" hai1="107,100,121,119,64,102,87,18,47,35,23,84,43" hai2="67,132,133,40,122,32,33,85,3,55,83,56,110" hai3="46,11,106,15,96,39,90,80,105,4,92,113,65"/><U103/><E121/><V52/><F122/><W77/><G113/><T44/><D99/><U97/><E35/><V16/><F3/><W57/><G65/><T37/><D112/><U29/><E119/><V27/><F40/><W58/><G58/><T135/><D111/><U68/><E29/><V1/><F1/><W34/><G34/><T51/><D135/><N who="2" m="51786" /><F110/><W115/><G115/><T129/><D129/><U20/><E20/><N who="2" m="13703" /><F67/><W131/><G131/><T14/><D37/><U86/><E64/><V70/><F55/><W95/><G57/><T81/><REACH who="0" step="1"/><D26/><REACH who="0" ten="163,337,237,253" step="2"/><U24/><REACH who="1" step="1"/><E68/><REACH who="1" ten="163,327,237,253" step="2"/><V8/><F70/><W88/><G39/><AGARI ba="1,2" hai="18,23,24,39,43,47,84,86,87,97,100,102,103,107" machi="39" ten="40,7700,0" yaku="1,1,2,1,52,1,53,0" doraHai="101" doraHaiUra="104" who="1" fromWho="3" sc="163,0,327,100,237,0,253,-80" /><INIT seed="1,2,0,3,4,118" ten="163,427,237,173" oya="1" hai0="101,64,32,122,34,68,128,129,67,123,99,22,70" hai1="83,6,94,132,79,49,24,54,56,106,134,7,29" hai2="42,51,104,4,59,110,131,114,97,124,77,100,10" hai3="103,44,72,90,85,38,8,2,21,28,55,48,62"/><U3/><E106/><V135/><F110/><W15/><G72/><T26/><D22/><U88/><E3/><V89/><F135/><N who="1" m="51753" /><E83/><V50/><F131/><N who="0" m="50250" /><D67/><U92/><E79/><V52/><F124/><W76/><G38/><T80/><D80/><U18/><E18/><V133/><F133/><W1/><G76/><T66/><D64/><U5/><E88/><V31/><F77/><W82/><G62/><N who="0" m="40023" /><D70/><U95/><E92/><V73/><F73/><W120/><G120/><N who="0" m="46123" /><D26/><U23/><AGARI ba="2,0" hai="5,6,7,23,24,29,49,54,56,94,95" m="51753" machi="23" ten="30,1500,0" yaku="20,1" doraHai="118" who="1" fromWho="1" sc="163,-7,427,21,237,-7,173,-7" /><INIT seed="1,3,0,2,5,133" ten="156,448,230,166" oya="1" hai0="24,51,114,116,21,55,88,119,40,14,90,9,17" hai1="22,18,16,94,130,38,111,3,33,100,85,2,64" hai2="112,10,37,5,30,59,80,92,50,109,12,67,78" hai3="104,49,4,132,117,81,61,60,96,68,123,110,86"/><U35/><E38/><V79/><F109/><W39/><G39/><T124/><D114/><U69/><E111/><V20/><F37/><W126/><G4/><T27/><D40/><U53/><E130/><V15/><F112/><W48/><G104/><T128/><D128/><U108/><E108/><V1/><F1/><W115/><G96/><T58/><D27/><U107/><E107/><V42/><F80/><W75/><G75/><T127/><D116/><U122/><E122/><V135/><F135/><W32/><G32/><T57/><D57/><U29/><E64/><V125/><F42/><W97/><G97/><T99/><D119/><U113/><E69/><V63/><F50/><W13/><G13/><T131/><D131/><U103/><E29/><V121/><F121/><W77/><G68/><T23/><D23/><U31/><E31/><V71/><F71/><W73/><G115/><T8/><D8/><U105/><E22/><V82/><F82/><W129/><G123/><T0/><D0/><U134/><E105/><V28/><F92/><W93/><G132/><T41/><D41/><U66/><E134/><V36/><F36/><W98/><G73/><T118/><D118/><U76/><E3/><V19/><F30/><W120/><G120/><T6/><REACH who="0" step="1"/><D99/><REACH who="0" ten="146,448,230,166" step="2"/><U56/><E2/><V89/><F20/><W102/><G117/><T72/><D72/><U106/><E35/><V65/><F59/><W47/><G129/><T91/><AGARI ba="3,1" hai="6,9,14,17,21,24,51,55,58,88,90,91,124,127" machi="91" ten="30,12000,2" yaku="1,1,0,1,52,2,54,1,53,1" doraHai="133" doraHaiUra="11" who="0" fromWho="0" sc="146,139,448,-63,230,-33,166,-33" /><INIT seed="2,0,0,5,4,0" ten="285,385,197,133" oya="2" hai0="11,26,91,85,119,123,42,47,108,83,79,46,20" hai1="94,48,122,81,104,54,4,17,131,84,100,71,53" hai2="14,98,51,124,23,3,62,9,6,134,15,43,27" hai3="88,76,49,109,8,129,121,21,78,103,75,92,10"/><V65/><F134/><W133/><G109/><T25/><D108/><U22/><E104/><V73/><F73/><W1/><G129/><T59/><D119/><U135/><E131/><V114/><F114/><W80/><G133/><T64/><D123/><U125/><E135/><V101/><F124/><W93/><G121/><T102/><D102/><U95/><E125/><V56/><F51/><W61/><G78/><T82/><D46/><U37/><E37/><V69/><F69/><W107/><G93/><T7/><D59/><U96/><E71/><V13/><F43/><W105/><G61/><T132/><D64/><U16/><E4/><V57/><F56/><W44/><G21/><T117/><D117/><U63/><E95/><V112/><F112/><W28/><G28/><T116/><D132/><U31/><E63/><V24/><REACH who="2" step="1"/><F23/><REACH who="2" ten="285,385,187,133" step="2"/><W18/><G49/><T111/><D116/><U77/><E122/><V68/><F68/><W110/><G75/><T60/><D20/><U70/><E70/><V86/><F86/><W2/><G110/><T39/><D111/><U34/><E22/><V41/><F41/><W74/><G74/><N who="0" m="43383" /><D60/><U120/><E120/><V90/><F90/><W127/><G88/><T115/><D115/><U50/><E48/><V30/><F30/><W72/><G72/><T58/><D58/><U130/><E130/><V97/><F97/><W99/><G127/><T19/><D91/><U12/><E50/><V35/><F35/><W89/><G89/><T36/><D85/><U33/><E31/><V67/><F67/><W87/><G87/><T126/><D126/><RYUUKYOKU ba="0,1" sc="285,-10,385,-10,187,30,133,-10" hai2="3,6,9,13,14,15,24,27,57,62,65,98,101" /><INIT seed="2,1,1,5,5,12" ten="275,375,217,123" oya="2" hai0="35,24,55,111,37,29,14,22,16,64,119,48,132" hai1="134,123,84,6,120,83,80,127,2,65,68,85,56" hai2="133,126,36,30,31,28,20,9,58,91,4,59,44" hai3="34,17,63,105,116,18,117,121,45,82,70,54,103"/><V38/><F133/><W81/><G121/><N who="1" m="46666" /><E134/><V109/><F126/><W104/><G45/><T118/><D132/><U88/><E68/><V72/><F72/><W66/><G54/><T125/><D37/><U93/><E127/><V92/><F38/><W76/><G34/><T25/><D125/><U112/><E112/><V42/><F20/><W3/><G3/><T19/><D64/><U95/><E6/><V50/><F36/><W26/><G82/><T0/><D0/><U131/><E2/><V51/><F50/><W87/><G26/><T60/><D60/><N who="1" m="38023" /><E131/><V79/><F79/><AGARI ba="1,1" hai="79,80,83,84,85,88,93,95" m="38023,46666" machi="79" ten="30,2000,0" yaku="13,1,54,1" doraHai="12" who="1" fromWho="2" sc="275,0,375,33,217,-23,123,0" /><INIT seed="3,0,0,0,3,16" ten="275,408,194,123" oya="3" hai0="20,129,35,29,64,46,83,86,117,114,38,37,9" hai1="118,74,67,113,10,104,17,56,120,128,1,33,62" hai2="70,119,24,0,95,110,84,108,31,47,77,73,126" hai3="57,41,6,75,43,25,4,50,87,97,44,61,109"/><W107/><G75/><T34/><D117/><U112/><E118/><V53/><F119/><W60/><G109/><N who="2" m="42089" /><F70/><W69/><G43/><T130/><D114/><U124/><E74/><V89/><F0/><W52/><G87/><T65/><D9/><U80/><E120/><V94/><F126/><W68/><G68/><T92/><D92/><U131/><E104/><V49/><F95/><W90/><G90/><T51/><D37/><U102/><E102/><V13/><F13/><W134/><G134/><T42/><D38/><U123/><E33/><N who="2" m="20711" /><F73/><W91/><G25/><N who="0" m="16551" /><D35/><U96/><E124/><V12/><F12/><W82/><G82/><T66/><D34/><U106/><E80/><V63/><F63/><W85/><G85/><T115/><D115/><U103/><E123/><V36/><F36/><W122/><G122/><T133/><D133/><U30/><E30/><V105/><F77/><W15/><G15/><T78/><D78/><U72/><E72/><V18/><F18/><W135/><G135/><T3/><D3/><U121/><E121/><V45/><F47/><W40/><G69/><T98/><D98/><U76/><E76/><V27/><F27/><W14/><G14/><T28/><D28/><U99/><E99/><V39/><F39/><N who="3" m="21535" /><G107/><AGARI ba="0,0" hai="45,49,53,84,89,94,105,107" m="20711,42089" machi="107" ten="30,1000,0" yaku="14,1" doraHai="16" who="2" fromWho="3" sc="275,0,408,0,194,10,123,-10" /><INIT seed="4,0,0,5,5,40" ten="275,408,204,113" oya="0" hai0="9,42,121,56,19,124,10,99,29,41,64,20,33" hai1="111,81,62,51,131,88,107,12,34,102,122,17,135" hai2="11,116,49,78,54,123,50,59,37,14,44,3,84" hai3="126,13,26,7,24,112,86,106,113,80,45,23,98"/><T22/><D121/><U46/><E111/><V70/><F123/><W77/><G126/><T32/><D124/><U133/><E122/><V83/><F37/><W8/><G106/><T69/><D69/><U18/><E34/><V100/><F116/><W129/><G129/><T28/><D99/><N who="1" m="61919" /><E62/><V36/><F36/><W38/><G98/><T109/><D56/><U4/><E4/><V87/><F70/><W120/><G120/><T67/><REACH who="0" step="1"/><D19/><REACH who="0" ten="265,408,204,113" step="2"/><U95/><E18/><V1/><F100/><W103/><G103/><T27/><D27/><U85/><E131/><V76/><F87/><W68/><G68/><T25/><D25/><U97/><E97/><V39/><F39/><W128/><G128/><T75/><D75/><U58/><E58/><V132/><F132/><W89/><G26/><T127/><D127/><U2/><E133/><V114/><F114/><W66/><G113/><T82/><D82/><U21/><E135/><V92/><F92/><W0/><G112/><T30/><D30/><U5/><E81/><V93/><F93/><W15/><G80/><T105/><D105/><U117/><E117/><V53/><F76/><W130/><G77/><T115/><D115/><U35/><E95/><V31/><F31/><N who="3" m="17823" /><G130/><T96/><D96/><U74/><E74/><V125/><F125/><W119/><G119/><T16/><D16/><AGARI ba="0,1" hai="1,3,11,14,16,44,49,50,53,54,59,78,83,84" machi="16" ten="30,3900,0" yaku="7,1,52,1,54,1" doraHai="40" who="2" fromWho="0" sc="265,-39,408,0,204,49,113,0" /><INIT seed="5,0,0,2,5,109" ten="226,408,253,113" oya="1" hai0="58,46,71,93,50,53,80,124,56,92,135,43,61" hai1="13,2,97,24,62,90,87,9,89,107,44,68,85" hai2="128,21,77,94,18,131,125,59,35,73,75,130,67" hai3="120,110,102,116,25,45,32,72,105,96,10,88,8"/><U0/><E107/><V79/><F35/><W74/><G120/><T33/><D33/><U84/><E24/><V78/><F67/><W38/><G110/><T134/><D80/><U106/><E44/><V1/><F1/><W28/><G8/><T113/><D92/><U119/><E119/><V114/><F59/><N who="0" m="22570" /><D93/><U98/><E68/><V95/><F125/><W118/><G10/><T117/><D117/><U47/><E62/><V76/><F114/><W39/><G118/><T29/><D29/><U66/><E66/><V4/><F4/><W126/><G116/><T52/><D124/><U60/><E60/><V132/><F132/><N who="0" m="50730" /><D113/><U55/><E106/><V112/><F112/><W31/><G126/><T20/><D20/><U57/><E47/><V16/><F21/><W49/><G31/><T12/><D12/><U37/><E37/><V127/><F127/><W11/><G11/><T36/><D36/><U123/><E123/><V42/><F42/><W34/><G34/><T86/><D86/><U111/><E2/><V51/><F51/><W22/><G32/><T83/><D83/><U70/><E0/><V100/><F95/><W19/><G28/><T26/><D26/><U121/><E121/><V81/><F75/><N who="3" m="28715" /><G88/><N who="1" m="33898" /><E111/><V54/><F54/><N who="3" m="29999" /><G39/><T64/><AGARI ba="0,0" hai="43,46,50,52,53,61,64,71" m="50730,22570" machi="64" ten="30,7900,0" yaku="20,1,34,2,54,1" doraHai="109" who="0" fromWho="0" sc="226,79,408,-39,253,-20,113,-20" /><INIT seed="6,0,0,0,4,69" ten="305,369,233,93" oya="2" hai0="121,10,89,33,120,13,41,94,29,30,12,125,4" hai1="133,103,91,16,7,27,122,83,11,43,61,62,32" hai2="9,72,56,96,113,51,24,65,130,90,3,81,21" hai3="2,64,128,20,35,50,100,49,31,114,115,134,82"/><V19/><F113/><N who="3" m="43019" /><G100/><T99/><D125/><U37/><E133/><V106/><F130/><W70/><G82/><T47/><D13/><U57/><E103/><V88/><F106/><W71/><G2/><T97/><D97/><U112/><E112/><V52/><F96/><W45/><G35/><T117/><D117/><U48/><E37/><V42/><F65/><W108/><G31/><T68/><D68/><N who="3" m="26153" /><G20/><T17/><D4/><U55/><E43/><V93/><F42/><N who="3" m="24759" /><G108/><T101/><D101/><U1/><E122/><V107/><F107/><W75/><G75/><T25/><REACH who="0" step="1"/><D30/><REACH who="0" ten="295,369,233,93" step="2"/><U54/><E7/><V85/><F3/><W38/><G128/><T53/><D53/><U135/><E55/><V123/><F123/><W26/><G134/><T104/><D104/><U76/><E135/><V80/><F72/><W86/><G64/><T15/><D15/><U102/><E102/><V66/><F66/><W129/><G129/><T105/><D105/><U46/><E1/><V74/><F74/><W67/><G67/><T18/><D18/><U127/><E16/><N who="2" m="12327" /><F90/><W0/><G0/><T8/><D8/><U110/><E11/><V63/><F9/><W126/><G126/><T6/><D6/><U92/><E127/><V119/><F19/><W124/><G124/><T28/><D28/><U131/><E131/><V14/><F14/><W73/><G73/><T60/><D60/><U59/><E61/><V84/><F119/><W132/><G132/><T5/><D5/><U23/><E62/><V36/><F88/><W22/><G86/><T58/><D58/><U79/><E59/><RYUUKYOKU ba="0,1" sc="295,30,369,-10,233,-10,93,-10" hai0="10,12,17,25,29,33,41,47,89,94,99,120,121" /><INIT seed="7,1,1,3,5,99" ten="325,359,223,83" oya="3" hai0="48,70,130,1,64,47,36,128,120,53,106,56,25" hai1="60,46,8,7,85,63,0,14,131,49,57,24,10" hai2="59,111,126,82,11,88,86,62,73,129,76,15,100" hai3="39,98,5,78,123,65,81,61,75,119,83,12,108"/><W96/><G119/><T121/><D1/><U6/><E131/><N who="0" m="50217" /><D25/><U132/><E132/><V125/><F129/><W116/><G123/><N who="0" m="47179" /><D106/><U29/><E85/><V89/><F111/><W105/><G39/><T109/><D109/><U22/><E57/><V58/><F58/><W27/><G116/><T37/><D70/><U79/><E79/><V50/><F50/><W87/><G108/><T35/><D35/><U13/><E0/><V31/><F31/><W41/><G27/><T71/><D71/><U38/><E38/><V9/><F73/><W92/><G105/><T16/><D16/><U17/><E17/><V44/><F44/><W28/><G28/><T97/><D97/><U40/><AGARI ba="1,1" hai="6,7,8,10,13,14,22,24,29,40,46,49,60,63" machi="40" ten="20,5200,0" yaku="0,1,7,1,9,1,8,1" doraHai="99" who="1" fromWho="1" sc="325,-14,359,65,223,-14,83,-27" owari="311,11.1,424,52.4,209,-19.1,56,-44.4" /></mjloggm>