<mjloggm ver="2.3"><GO type="169" lobby="0"/><UN n0="%E4%BE%8D" n1="%E5%A4%A7%E4%BB%81%E7%94%B0%E8%96%84" n2="%4C%61%72%72%6B" n3="%E4%B8%83%E7%94%9F%E5%A4%95" dan="17,17,16,16" rate="2236.31,2196.66,2151.46,2091.20" sx="M,M,M,M"/><TAIKYOKU oya="0"/><INIT seed="0,0,0,1,2,108" ten="250,250,250,250" oya="0" hai0="30,36,99,62,38,50,40,112,103,75,100,47,1" hai1="52,68,28,123,64,22,93,101,32,89,48,25,27" hai2="19,88,55,132,113,78,111,21,12,117,83,45,109" hai3="118,14,91,26,43,18,128,24,97,10,51,23,86"/><T126/><D1/><U95/><E123/><V3/><F3/><W87/><G128/><T65/><D75/><U125/><E125/><V80/><F132/><W2/><G2/><T15/><D126/><U8/><E8/><V13/><F117/><W69/><G69/><T60/><D103/><U120/><E120/><V107/><F107/><W16/><G118/><T33/><D15/><U129/><E129/><V131/><F131/><W7/><G97/><T11/><D11/><U81/><E101/><V110/><F113/><W115/><G115/><T17/><D17/><U54/><E54/><V4/><F78/><W124/><G124/><T57/><D112/><U82/><E93/><V6/><F13/><W72/><G72/><T44/><D62/><U119/><E64/><V105/><F105/><W130/><G130/><T133/><D133/><U41/><E41/><V116/><F116/><W34/><G34/><T42/><D50/><U122/><E68/><V106/><F106/><W5/><G5/><N who="2" m="2153" /><F88/><W29/><G29/><T35/><REACH who="0" step="1"/><D30/><REACH who="0" ten="240,250,250,250" step="2"/><U84/><E122/><V39/><F39/><W77/><G51/><AGARI ba="0,1" hai="12,19,21,45,51,55,80,83,109,110,111" m="2153" machi="51" ten="40,1300,0" yaku="14,1" doraHai="108" who="2" fromWho="3" sc="240,0,250,0,250,23,250,-13" /><INIT seed="1,0,0,2,0,121" ten="240,250,273,237" oya="1" hai0="92,53,50,123,35,80,36,33,27,107,40,126,61" hai1="32,3,71,108,96,1,70,10,94,20,21,93,23" hai2="114,6,57,81,46,130,85,25,69,42,34,19,44" hai3="83,15,82,115,132,4,102,66,8,124,125,79,2"/><U12/><E32/><V64/><F130/><W106/><G115/><T90/><D107/><U117/><E117/><V99/><F114/><W86/><G132/><T59/><D123/><U91/><E94/><V97/><F69/><W127/><G66/><T17/><D126/><U37/><E37/><V88/><F6/><W111/><G111/><T58/><D80/><U41/><E41/><V49/><F44/><W118/><G83/><T7/><D7/><U73/><E73/><V13/><F25/><W52/><G118/><T68/><D68/><U87/><E108/><V129/><F34/><W16/><G52/><T89/><D89/><U109/><E109/><V122/><F122/><W128/><G128/><T31/><D33/><U30/><E30/><V28/><F28/><W26/><G26/><T104/><D104/><U56/><E96/><V14/><F14/><W0/><REACH who="3" step="1"/><G4/><REACH who="3" ten="240,250,273,227" step="2"/><T103/><D27/><U113/><E113/><V101/><F129/><W110/><G110/><T60/><D53/><U48/><E71/><V11/><F101/><W100/><G100/><T78/><D103/><U105/><E70/><V112/><F112/><W63/><G63/><AGARI ba="0,1" hai="11,13,19,42,46,49,57,63,64,81,85,88,97,99" machi="63" ten="40,2600,0" yaku="8,1,54,1" doraHai="121" who="2" fromWho="3" sc="240,0,250,0,273,36,227,-26" /><INIT seed="2,0,0,5,1,89" ten="240,250,309,201" oya="2" hai0="94,134,102,10,82,124,86,115,0,27,19,84,45" hai1="13,50,78,30,116,71,56,12,40,48,103,2,29" hai2="54,93,112,22,9,64,3,98,91,83,130,6,72" hai3="129,39,80,1,133,123,66,34,109,49,28,52,118"/><V59/><F112/><W127/><RYUUKYOKU type="yao9" ba="0,0" sc="240,0,250,0,309,0,201,0" hai3="1,28,34,39,49,52,66,80,109,118,123,127,129,133" /><INIT seed="2,1,0,4,5,67" ten="240,250,309,201" oya="2" hai0="120,106,75,99,110,116,40,89,101,33,81,24,105" hai1="88,42,97,77,63,93,64,55,118,102,87,18,112" hai2="36,66,20,10,44,80,34,69,117,94,127,56,43" hai3="11,79,31,85,95,46,17,84,21,4,15,49,114"/><V74/><F117/><W58/><G114/><T50/><D120/><U90/><E112/><V27/><F34/><W30/><G58/><T1/><D116/><U108/><E108/><V16/><F127/><W96/><G84/><T115/><D115/><U32/><E118/><V104/><F104/><W128/><G128/><T73/><D106/><U28/><E42/><V7/><F56/><W91/><G85/><T121/><D121/><U132/><E55/><V60/><F94/><W76/><G79/><T57/><D1/><U131/><E132/><V92/><F92/><W52/><REACH who="3" step="1"/><G76/><REACH who="3" ten="240,250,309,191" step="2"/><T62/><D57/><U135/><E131/><V134/><F134/><W25/><AGARI ba="1,1" hai="4,11,15,17,21,25,30,31,46,49,52,91,95,96" machi="25" ten="20,12000,2" yaku="1,1,2,1,0,1,7,1,8,1,54,1,53,0" doraHai="67" doraHaiUra="59" who="3" fromWho="3" sc="240,-31,250,-31,309,-61,191,133" /><INIT seed="3,0,0,2,4,129" ten="209,219,248,324" oya="3" hai0="112,101,61,128,59,34,51,95,96,27,11,35,79" hai1="54,9,8,82,55,33,62,100,117,116,135,110,118" hai2="108,85,12,28,37,90,47,105,68,23,41,71,2" hai3="6,126,86,89,31,13,111,60,38,78,83,81,66"/><W67/><G38/><T26/><D128/><U122/><E122/><V84/><F2/><W30/><G126/><T36/><D36/><U50/><E33/><V22/><F105/><W87/><G111/><T127/><D127/><U123/><E123/><V20/><F108/><W46/><G46/><T52/><D112/><U45/><E110/><V73/><F73/><W94/><G94/><T63/><D35/><U106/><E82/><V58/><F85/><W119/><G119/><T69/><D79/><U64/><E54/><V130/><F130/><W25/><G25/><T93/><D34/><U70/><E135/><V121/><F121/><W88/><G78/><T76/><D76/><U10/><E100/><V5/><F28/><N who="3" m="10795" /><G60/><N who="0" m="23115" /><D69/><U99/><E99/><V42/><F58/><W134/><G134/><T1/><D1/><U56/><REACH who="1" step="1"/><E106/><REACH who="1" ten="209,209,248,324" step="2"/><V49/><F42/><W97/><G97/><N who="0" m="59567" /><D11/><AGARI ba="0,1" hai="6,11,13,66,67,81,83,86,87,88,89" m="10795" machi="11" ten="30,2900,0" yaku="8,1,54,1" doraHai="129" who="3" fromWho="0" sc="209,-29,209,0,248,0,324,39" /><INIT seed="3,1,0,2,1,74" ten="180,209,248,363" oya="3" hai0="55,134,36,109,35,127,91,39,33,89,51,41,83" hai1="72,121,47,32,57,53,65,80,4,114,40,73,34" hai2="59,92,99,0,11,112,18,20,54,108,38,115,30" hai3="118,105,7,69,63,5,56,120,126,14,98,70,8"/><W97/><G118/><T19/><D109/><U67/><E121/><V66/><F108/><W24/><G120/><T12/><D134/><U116/><E114/><V133/><F133/><W50/><G126/><T28/><D127/><U101/><E101/><V64/><F38/><W48/><G5/><T17/><D41/><U94/><E94/><V9/><F30/><W68/><G24/><T100/><D100/><U103/><E103/><V52/><F54/><W113/><G113/><T131/><D131/><U10/><E67/><V78/><F78/><W88/><G105/><T124/><D124/><U62/><E65/><V3/><F3/><W58/><G58/><T13/><D51/><U107/><E73/><V2/><F2/><W22/><G22/><T95/><D83/><U45/><E45/><V84/><F84/><W21/><G21/><T117/><D95/><U123/><E107/><V42/><F42/><W37/><G37/><T82/><D82/><U85/><E72/><V27/><F112/><W119/><G119/><T15/><D55/><U130/><E130/><V76/><F76/><W29/><G98/><T44/><D13/><N who="1" m="5319" /><E116/><V128/><F128/><W25/><G97/><T26/><D117/><U135/><E135/><V93/><F115/><W49/><G70/><T79/><D44/><U132/><E123/><V122/><F122/><W81/><G69/><T31/><D26/><U1/><E1/><V104/><F0/><W60/><G68/><T90/><D90/><N who="1" m="51495" /><E132/><V106/><F106/><W87/><G56/><T110/><D110/><U86/><E86/><V61/><F104/><RYUUKYOKU ba="1,0" sc="180,10,209,10,248,-30,363,10" hai0="12,15,17,19,28,31,33,35,36,39,79,89,91" hai1="32,34,40,47,53,57,62" hai3="7,8,14,25,29,48,49,50,60,63,81,87,88" /><INIT seed="3,2,0,0,1,92" ten="190,219,218,373" oya="3" hai0="64,66,77,6,118,97,22,4,99,21,127,24,37" hai1="125,23,55,85,36,82,39,13,48,116,89,95,114" hai2="49,133,47,15,62,41,70,102,3,43,105,63,59" hai3="104,73,58,27,61,134,81,34,79,115,14,28,26"/><W121/><G115/><T7/><D118/><U46/><E114/><V74/><F3/><W103/><G121/><T96/><D37/><U71/><E71/><V111/><F74/><W10/><G134/><T68/><D127/><U84/><E125/><V60/><F105/><W83/><G83/><T52/><D68/><U86/><E116/><V120/><F102/><W113/><G113/><T20/><D77/><U124/><E124/><V129/><F15/><W107/><G27/><T30/><D52/><U44/><E44/><N who="2" m="25743" /><F120/><W17/><REACH who="3" step="1"/><G103/><REACH who="3" ten="190,219,218,363" step="2"/><T87/><REACH who="0" step="1"/><D87/><REACH who="0" ten="180,219,218,363" step="2"/><U32/><E85/><V78/><F133/><W8/><G8/><T130/><D130/><U91/><E86/><V50/><F129/><W80/><G80/><T29/><D29/><U76/><E76/><V131/><F78/><W31/><G31/><T108/><D108/><U54/><E84/><V94/><F131/><W12/><G12/><T90/><D90/><U67/><E13/><V2/><F111/><W1/><G1/><T123/><D123/><U45/><E82/><V110/><F2/><W11/><G11/><T65/><AGARI ba="2,2" hai="4,6,7,20,21,22,24,30,64,65,66,96,97,99" machi="65" ten="40,16000,3" yaku="1,1,0,1,29,2,8,1,52,3,53,0" doraHai="92" doraHaiUra="109" who="0" fromWho="0" sc="180,186,219,-42,218,-42,363,-82" /><INIT seed="4,0,0,5,4,96" ten="366,177,176,281" oya="0" hai0="95,126,133,41,20,33,134,101,7,28,114,98,19" hai1="67,132,92,130,15,8,124,105,76,115,46,78,62" hai2="24,47,86,107,70,82,30,25,94,116,56,9,17" hai3="118,103,4,90,131,93,36,125,38,51,112,44,120"/><T121/><D121/><U0/><E105/><V60/><F107/><W52/><G118/><T91/><D114/><U113/><E0/><V84/><F70/><W128/><G112/><N who="1" m="43082" /><E124/><V75/><F116/><W61/><G125/><T71/><D126/><U5/><E130/><N who="3" m="49706" /><G120/><T22/><D71/><N who="1" m="42487" /><E132/><N who="0" m="50793" /><D7/><U23/><E46/><V29/><F47/><W12/><G61/><T72/><D41/><U26/><E92/><V127/><F94/><W122/><G122/><T31/><D72/><U18/><AGARI ba="0,0" hai="5,8,15,18,23,26,76,78" m="42487,43082" machi="18" ten="30,2000,0" yaku="15,1,11,1" doraHai="96" who="1" fromWho="1" sc="366,-10,177,20,176,-5,281,-5" /><INIT seed="5,0,0,5,0,18" ten="356,197,171,276" oya="1" hai0="71,44,73,84,29,35,4,46,130,85,132,16,70" hai1="121,103,0,88,95,69,77,8,97,134,28,17,114" hai2="104,96,60,116,63,32,87,2,128,115,39,100,80" hai3="59,119,76,67,33,9,48,101,109,78,99,112,27"/><U64/><E121/><V86/><F32/><W91/><G109/><T57/><D73/><U102/><E114/><V50/><F2/><W90/><G112/><T92/><D130/><U49/><E134/><V120/><F39/><W20/><G33/><T3/><D132/><U74/><E28/><V45/><F115/><W19/><G119/><T26/><D57/><U15/><E0/><V24/><F116/><W117/><G117/><T98/><D71/><U54/><E77/><V111/><F120/><W81/><G9/><T56/><D70/><U79/><E79/><V129/><F111/><W131/><G131/><N who="2" m="50249" /><F24/><W123/><G78/><T53/><D4/><U36/><E36/><V47/><F47/><W82/><G82/><T107/><D3/><U25/><E25/><V7/><F7/><W37/><G37/><T22/><D107/><U43/><E43/><N who="2" m="24895" /><F87/><N who="0" m="33354" /><D29/><U40/><E40/><V38/><F38/><W58/><G123/><T21/><D35/><U42/><E42/><V68/><F68/><W125/><G59/><T10/><D46/><U55/><E74/><V1/><F1/><W135/><G58/><T75/><D44/><N who="1" m="27943" /><E69/><V13/><F13/><W11/><G27/><T65/><D75/><U52/><E64/><V113/><F113/><W30/><G67/><T83/><D65/><U110/><E110/><V105/><F105/><W118/><G118/><T41/><D41/><U126/><E126/><V127/><F127/><W93/><G125/><T34/><D34/><U23/><E8/><V5/><F5/><W94/><G11/><T61/><D10/><U6/><E6/><RYUUKYOKU ba="0,0" sc="356,-15,197,15,171,15,276,-15" hai1="15,17,23,52,55,88,95,97,102,103" hai2="60,63,80,86,96,100,104" /><INIT seed="5,1,0,0,2,58" ten="341,212,186,261" oya="1" hai0="134,36,26,10,104,31,8,111,119,63,110,129,118" hai1="9,21,115,85,44,112,0,5,68,4,71,51,103" hai2="81,23,135,29,42,127,126,128,69,72,133,65,73" hai3="34,54,86,62,98,45,1,80,105,47,43,24,116"/><U48/><E103/><V84/><F42/><W114/><G1/><T89/><D36/><U50/><E44/><V13/><F65/><W94/><G114/><N who="1" m="43562" /><E5/><V27/><F69/><N who="1" m="26697" /><E21/><V113/><F113/><W11/><G105/><T122/><D104/><U55/><E85/><V78/><F13/><W79/><G116/><T28/><D89/><U46/><AGARI ba="1,0" hai="0,4,9,46,48,50,51,55" m="26697,43562" machi="46" ten="30,1500,0" yaku="15,1" doraHai="58" who="1" fromWho="1" sc="341,-6,212,18,186,-6,261,-6" /><INIT seed="5,2,0,5,5,27" ten="335,230,180,255" oya="1" hai0="79,48,86,108,113,31,26,44,24,7,75,77,64" hai1="130,45,1,21,62,16,109,99,95,133,71,37,8" hai2="0,66,88,100,118,11,33,101,96,120,25,106,98" hai3="39,90,122,78,104,51,13,61,111,50,87,46,18"/><U127/><E130/><V117/><F120/><W123/><G111/><T5/><D108/><U63/><E109/><V41/><F41/><W135/><G104/><T42/><D113/><U67/><E127/><V92/><F66/><W73/><G135/><T110/><D110/><U59/><E133/><V83/><F0/><W94/><G39/><T29/><D75/><U9/><E1/><V23/><F11/><W129/><G129/><T128/><D64/><U28/><E28/><N who="0" m="10825" /><D128/><U107/><E45/><V36/><F36/><W38/><G38/><T119/><D119/><U89/><E107/><V15/><F15/><W69/><G51/><T20/><D24/><U34/><E34/><V82/><F33/><W124/><G124/><T47/><D47/><U70/><E37/><V74/><F23/><W10/><G69/><T43/><D43/><U22/><E22/><V76/><F25/><W105/><G105/><T125/><D125/><U56/><E71/><V6/><F6/><N who="0" m="2058" /><D86/><AGARI ba="2,0" hai="74,76,82,83,86,88,92,96,98,100,101,106,117,118" machi="86" ten="40,8000,1" yaku="34,3,54,1" doraHai="27" who="2" fromWho="0" sc="335,-86,230,0,180,86,255,0" /><INIT seed="6,0,0,3,3,127" ten="249,230,266,255" oya="2" hai0="45,96,57,123,81,112,39,30,61,91,68,90,114" hai1="33,67,43,134,50,66,41,101,36,52,108,133,87" hai2="1,109,32,37,27,125,19,110,10,31,85,47,93" hai3="119,69,126,4,121,46,113,2,29,74,122,102,11"/><V75/><F75/><W77/><G119/><T132/><D123/><U26/><E101/><V21/><F37/><W80/><G126/><T40/><D68/><U94/><E108/><N who="2" m="41579" /><F47/><W105/><G69/><T15/><D132/><N who="1" m="50795" /><E36/><V35/><F85/><W73/><G73/><T56/><D30/><N who="1" m="19671" /><E94/><V131/><F93/><W78/><G78/><T54/><D96/><U76/><E87/><V16/><F125/><W38/><G29/><T117/><D117/><U12/><E12/><N who="2" m="7191" /><F1/><W17/><G17/><T3/><D3/><U14/><E14/><N who="2" m="9463" /><F131/><W98/><G113/><T104/><D104/><U116/><E76/><V83/><F83/><W62/><G62/><T51/><D81/><U7/><E116/><V13/><F13/><W25/><G25/><T64/><D15/><U135/><E7/><V44/><F44/><W103/><G103/><T23/><D23/><AGARI ba="0,0" hai="23,27,31,32,35" m="9463,7191,41579" machi="23" ten="30,11600,0" yaku="10,1,34,2,54,1" doraHai="127" who="2" fromWho="0" sc="249,-116,230,0,266,116,255,0" /><INIT seed="6,1,0,1,2,45" ten="133,230,382,255" oya="2" hai0="103,108,47,105,33,89,115,92,66,84,126,2,121" hai1="100,55,1,51,110,26,64,125,46,96,69,113,123" hai2="28,5,70,21,86,82,16,61,78,71,29,20,22" hai3="101,109,88,119,124,59,128,102,67,117,83,13,80"/><V93/><F5/><W118/><G109/><T10/><D108/><U94/><E1/><V44/><F71/><W11/><G124/><T97/><D121/><U77/><E110/><V73/><F44/><W53/><G67/><T25/><D115/><U49/><E125/><V41/><F41/><W116/><G128/><T48/><D126/><U0/><E0/><V4/><F4/><W39/><G39/><T60/><D2/><U132/><E132/><V8/><F70/><W68/><G68/><T127/><D127/><U135/><E135/><V19/><F61/><W38/><G38/><T81/><D10/><U98/><E123/><V40/><F40/><W74/><G74/><T35/><D25/><U134/><E77/><V63/><F63/><W112/><G112/><T37/><D37/><U87/><E87/><V91/><F8/><W120/><G120/><T111/><D111/><U75/><E75/><V130/><F130/><W18/><G118/><T27/><D27/><U52/><E134/><V3/><F3/><W122/><G122/><T104/><D33/><U17/><E64/><V56/><F56/><W58/><G58/><T6/><D6/><U95/><E69/><V24/><F22/><W54/><G54/><N who="1" m="20522" /><E46/><V50/><F28/><W133/><G133/><T62/><D35/><U42/><E42/><V129/><F129/><W106/><G106/><N who="0" m="41067" /><D66/><U72/><E72/><V7/><F29/><W57/><G57/><T14/><D14/><U12/><E26/><N who="2" m="14599" /><F7/><W32/><G119/><T76/><D76/><U65/><E65/><V107/><F78/><W131/><G117/><RYUUKYOKU ba="1,0" sc="133,30,230,-10,382,-10,255,-10" hai0="47,48,60,62,81,84,89,92,97,103" /><INIT seed="7,2,0,3,1,54" ten="163,220,372,245" oya="3" hai0="44,18,9,74,76,115,131,87,70,12,41,113,83" hai1="90,32,84,20,43,31,82,120,100,22,112,105,94" hai2="14,46,47,33,133,101,96,50,35,38,39,25,4" hai3="63,80,65,77,27,91,71,51,23,93,110,89,19"/><W123/><G123/><T21/><D70/><U16/><E120/><V26/><F14/><W122/><G122/><T69/><D69/><U92/><E112/><V73/><F4/><W45/><G93/><T117/><D117/><U130/><E32/><V103/><F50/><W81/><G110/><T79/><D131/><U88/><E130/><V66/><F96/><W15/><G27/><T75/><D76/><U52/><E43/><V126/><F66/><W104/><G104/><T78/><D79/><U58/><E105/><V36/><F36/><W134/><G81/><T119/><D119/><U102/><E31/><V127/><F73/><W55/><G134/><AGARI ba="2,0" hai="25,26,33,35,38,39,46,47,101,103,126,127,133,134" machi="134" ten="25,1600,0" yaku="22,2" doraHai="54" who="2" fromWho="3" sc="163,0,220,0,372,22,245,-22" owari="163,-33.7,220,-18.0,394,49.4,223,2.3" /></mjloggm>