<mjloggm ver="2.3"><GO type="169" lobby="0"/><UN n0="%E6%B2%B3%E7%AB%A5%E3%81%AE%E3%83%AF%E3%82%AB%E3%83%9E%E3%83%84" n1="%58%E7%8C%AB" n2="%E3%82%BF%E3%83%9E%E3%83%8D%E3%82%AE" n3="%E3%82%88%E3%81%B4" dan="17,16,18,17" rate="2175.49,2060.25,2246.41,2126.78" sx="M,M,M,M"/><TAIKYOKU oya="0"/><INIT seed="0,0,0,5,5,18" ten="250,250,250,250" oya="0" hai0="39,83,118,56,94,126,125,54,86,13,100,128,29" hai1="34,90,24,119,93,19,88,109,131,6,133,28,26" hai2="3,60,67,79,135,64,42,12,81,0,41,132,115" hai3="107,92,31,55,113,17,75,106,78,63,23,111,4"/><T112/><D112/><U69/><E119/><V32/><F32/><W76/><G111/><T124/><D118/><U38/><E38/><V30/><F30/><W82/><G4/><T72/><D128/><U8/><E69/><V121/><F121/><W1/><G1/><N who="2" m="585" /><F12/><W89/><G78/><T101/><D39/><U102/><E109/><V61/><F115/><W104/><G31/><T130/><D130/><U62/><E131/><V123/><F123/><W77/><G77/><T110/><D110/><U49/><E133/><N who="2" m="51275" /><F61/><W2/><G2/><T57/><D29/><U80/><E62/><V105/><F105/><W11/><G11/><T73/><D13/><U58/><E6/><V74/><F67/><W114/><G63/><N who="0" m="36247" /><D57/><AGARI ba="0,0" hai="41,42,57,60,64,74,79,81" m="51275,585" machi="57" ten="30,1000,0" yaku="20,1" doraHai="18" who="2" fromWho="0" sc="250,-10,250,0,250,10,250,0" /><INIT seed="1,0,0,4,4,8" ten="240,250,260,250" oya="1" hai0="122,90,63,111,10,32,81,7,99,133,130,48,135" hai1="30,59,13,21,28,129,47,23,113,42,6,92,61" hai2="131,49,128,64,55,82,103,112,9,54,85,46,104" hai3="84,39,76,56,70,19,43,108,24,116,101,22,87"/><U123/><E123/><V96/><F112/><W25/><G70/><T109/><D32/><U40/><E113/><V66/><F55/><W53/><G108/><N who="0" m="41547" /><D122/><U89/><E129/><N who="2" m="49739" /><F9/><W27/><G116/><T86/><D130/><U15/><E6/><V62/><F62/><W105/><G105/><T120/><D120/><U2/><E2/><V4/><F4/><W41/><G101/><T34/><D34/><U134/><E134/><V12/><F12/><N who="1" m="4681" /><E23/><V79/><AGARI ba="0,0" hai="46,49,54,64,66,79,82,85,96,103,104" m="49739" machi="79" ten="30,1100,0" yaku="19,1" doraHai="8" who="2" fromWho="2" sc="240,-3,250,-5,260,11,250,-3" /><INIT seed="2,0,0,1,1,126" ten="237,245,271,247" oya="2" hai0="18,59,25,111,9,41,50,122,22,2,131,105,43" hai1="134,82,69,29,68,108,51,110,17,32,113,76,14" hai2="86,109,89,115,102,35,24,120,10,75,107,48,28" hai3="6,87,123,62,79,94,72,37,23,5,46,118,101"/><V56/><F115/><W103/><G123/><T90/><D122/><U132/><E113/><V67/><F120/><W85/><G72/><T130/><D105/><U119/><E119/><V127/><F75/><W84/><G79/><T53/><D111/><N who="1" m="42539" /><E51/><V81/><F109/><W96/><G118/><T97/><D97/><U42/><E42/><V4/><F127/><W133/><G133/><N who="1" m="51306" /><E29/><V60/><F48/><W61/><G101/><T52/><D90/><U117/><E32/><V55/><F102/><W54/><G37/><T33/><D53/><U99/><E99/><V40/><F107/><W7/><G23/><T47/><D33/><U95/><E95/><V114/><F40/><W88/><G103/><T74/><D74/><N who="1" m="43287" /><E117/><V0/><REACH who="2" step="1"/><F114/><REACH who="2" ten="237,245,261,247" step="2"/><W100/><G100/><T27/><D43/><U11/><AGARI ba="0,1" hai="11,14,17,68,69" m="43287,51306,42539" machi="11" ten="30,2000,0" yaku="14,1,20,1" doraHai="126" who="1" fromWho="1" sc="237,-5,245,30,261,-10,247,-5" /><INIT seed="3,0,0,5,4,135" ten="232,275,251,242" oya="3" hai0="103,95,32,63,58,69,44,50,26,24,91,52,40" hai1="129,5,6,56,13,49,38,34,134,118,7,37,23" hai2="100,124,115,96,88,102,82,22,105,42,120,78,27" hai3="35,20,16,12,93,14,87,106,2,70,133,90,65"/><W41/><G2/><T86/><D32/><U54/><E34/><V128/><F115/><W59/><G35/><T25/><D69/><U46/><E134/><V121/><F128/><W39/><G106/><T84/><REACH who="0" step="1"/><D103/><REACH who="0" ten="222,275,251,242" step="2"/><U119/><E129/><V112/><F102/><W60/><G70/><T8/><D8/><U30/><E119/><V75/><F100/><W80/><G133/><T127/><D127/><U108/><E118/><V48/><F124/><W4/><G39/><T28/><D28/><U85/><E38/><V81/><F120/><W45/><G4/><T76/><D76/><U72/><E37/><V43/><F78/><W55/><G20/><T18/><D18/><U99/><E30/><V51/><F121/><W53/><G16/><T123/><D123/><U29/><E29/><V1/><F22/><W116/><G116/><T74/><D74/><U101/><E23/><V89/><F75/><W68/><G68/><T77/><D77/><U71/><E72/><V36/><F36/><W107/><G107/><T92/><D92/><N who="1" m="58599" /><E71/><V109/><F105/><W113/><G93/><T131/><D131/><U122/><E122/><V73/><F73/><W17/><G17/><T110/><D110/><U64/><E108/><V67/><F109/><W11/><G11/><T62/><D62/><N who="1" m="37959" /><E5/><V3/><F112/><W9/><G9/><T83/><D83/><U104/><E104/><V19/><F19/><W47/><G113/><T15/><D15/><U79/><E13/><V33/><F33/><W111/><G111/><T126/><D126/><U21/><E21/><V31/><F1/><RYUUKYOKU ba="0,1" sc="222,15,275,15,251,-15,242,-15" hai0="24,25,26,40,44,50,52,58,63,84,86,91,95" hai1="6,7,46,49,54,79,85" /><INIT seed="4,1,1,1,5,80" ten="237,290,236,227" oya="0" hai0="19,67,56,50,54,11,76,124,84,122,43,81,108" hai1="130,109,110,14,121,35,36,55,113,118,39,101,8" hai2="13,41,47,63,30,86,70,135,64,128,90,34,4" hai3="77,88,114,79,73,58,66,126,21,28,9,123,134"/><T71/><D122/><U31/><E121/><V5/><F128/><W17/><G114/><T2/><D124/><U93/><E118/><V132/><F30/><W119/><G73/><T26/><D108/><U42/><E130/><V105/><F34/><W59/><G134/><N who="2" m="51241" /><F13/><W91/><G123/><T120/><D120/><U99/><E55/><V117/><F105/><W125/><G28/><T102/><D102/><U48/><E48/><N who="2" m="26735" /><F117/><W20/><G119/><T87/><D43/><U111/><E42/><V18/><F18/><W82/><G66/><T12/><D2/><U51/><E51/><V103/><F103/><W133/><G133/><T32/><D32/><U75/><E75/><V23/><F23/><W10/><G82/><AGARI ba="1,1" hai="4,5,63,64,70,82,86,90" m="26735,51241" machi="82" ten="30,2000,0" yaku="20,1,52,1" doraHai="80" who="2" fromWho="3" sc="237,0,290,0,236,33,227,-23" /><INIT seed="5,0,0,0,2,112" ten="237,290,269,204" oya="1" hai0="134,123,131,25,41,34,17,71,13,106,116,28,68" hai1="121,7,95,80,46,45,54,105,55,24,101,129,50" hai2="5,66,73,20,107,78,84,133,22,2,119,65,72" hai3="35,108,57,47,109,60,117,27,122,90,6,99,113"/><U49/><E121/><V127/><F107/><W48/><G113/><T83/><D106/><U118/><E129/><V42/><F119/><W51/><G51/><T15/><D131/><U37/><E37/><V61/><F42/><W0/><G6/><T82/><D123/><U52/><E105/><V86/><F5/><W132/><G0/><T18/><D41/><U56/><E80/><V128/><F128/><W135/><G122/><T111/><D134/><U126/><E126/><V74/><F2/><W31/><G99/><T16/><D111/><U87/><E7/><V97/><F97/><W39/><G90/><T93/><D93/><U85/><E24/><V12/><F133/><N who="3" m="51275" /><G39/><T9/><D18/><U69/><E69/><V89/><F127/><W70/><G70/><T21/><D116/><U103/><E118/><V10/><F89/><W79/><G79/><T58/><D58/><U8/><E8/><V11/><F78/><W43/><G117/><T124/><D124/><U100/><E95/><V110/><F73/><W30/><G31/><T96/><D96/><U98/><E98/><V53/><F61/><AGARI ba="0,0" hai="45,46,49,50,52,54,55,56,61,85,87,100,101,103" machi="61" ten="40,7700,0" yaku="9,1,8,1,54,1" doraHai="112" who="1" fromWho="2" sc="237,0,290,77,269,-77,204,0" /><INIT seed="5,1,0,0,5,102" ten="237,367,192,204" oya="1" hai0="0,13,18,135,31,78,40,51,17,53,28,126,35" hai1="57,49,19,122,66,14,94,96,124,103,16,46,32" hai2="56,81,101,111,69,85,87,125,3,109,73,99,64" hai3="76,60,79,42,129,62,93,15,107,67,55,89,7"/><U86/><E122/><V2/><F69/><W52/><G42/><T84/><D0/><U45/><E32/><V50/><F73/><W108/><G107/><T74/><D74/><U75/><E75/><V44/><F125/><W5/><G129/><T33/><D126/><U29/><E124/><V130/><F130/><W43/><G43/><T98/><D135/><U22/><E29/><V105/><F87/><W71/><G108/><T9/><D40/><U112/><E112/><V11/><F44/><W24/><G24/><T132/><D98/><U23/><E86/><V47/><F47/><W82/><G82/><N who="0" m="47191" /><D35/><U68/><E68/><V77/><F50/><W20/><G62/><T36/><D36/><U65/><E65/><V63/><REACH who="2" step="1"/><F11/><REACH who="2" ten="237,367,182,204" step="2"/><W116/><G71/><T97/><D132/><U58/><E49/><V83/><F83/><W61/><G61/><T95/><D51/><U114/><E57/><V128/><F128/><W100/><G60/><T113/><D113/><U70/><E114/><V120/><F120/><W39/><G39/><T26/><D9/><U10/><E70/><V1/><AGARI ba="1,1" hai="1,2,3,56,63,64,77,81,85,99,101,105,109,111" machi="1" ten="30,7900,0" yaku="1,1,0,1,52,1,53,1" doraHai="102" doraHaiUra="72" who="2" fromWho="2" sc="237,-21,367,-40,182,92,204,-21" /><INIT seed="6,0,0,5,1,53" ten="216,327,274,183" oya="2" hai0="82,11,126,50,3,83,81,109,72,134,98,97,21" hai1="66,85,68,58,43,57,115,48,18,64,123,19,77" hai2="63,94,55,14,40,32,41,12,117,114,91,51,88" hai3="84,125,73,49,28,135,112,45,92,20,0,79,1"/><V34/><F117/><W59/><G135/><T124/><D109/><U31/><E115/><V56/><F114/><W100/><G125/><N who="0" m="48235" /><D134/><U75/><E75/><V26/><F34/><W2/><G73/><T46/><D72/><U96/><E68/><V4/><F32/><W24/><G112/><T62/><D21/><U6/><E31/><V131/><F131/><W71/><G71/><T9/><D62/><U17/><E6/><V95/><F26/><W102/><G45/><T15/><D3/><U23/><E23/><V105/><F105/><W93/><G79/><T103/><D15/><N who="2" m="5674" /><F4/><W118/><G118/><T35/><D35/><U67/><E96/><N who="0" m="36969" /><D103/><U44/><E123/><V80/><F80/><AGARI ba="0,0" hai="17,18,19,43,44,48,57,58,64,66,67,77,80,85" machi="80" ten="40,5200,0" yaku="8,1,52,2" doraHai="53" who="1" fromWho="2" sc="216,0,327,52,274,-52,183,0" /><INIT seed="7,0,0,1,0,68" ten="216,379,222,183" oya="3" hai0="79,114,48,76,85,118,54,81,22,33,131,93,38" hai1="108,28,30,19,71,102,132,67,50,9,135,12,74" hai2="133,80,26,73,66,3,69,44,1,116,0,78,104" hai3="123,35,23,14,6,45,134,88,15,57,47,8,106"/><W40/><G35/><T129/><D33/><U96/><E74/><V55/><F116/><W53/><G106/><T107/><D107/><N who="1" m="63943" /><E108/><V49/><F133/><N who="1" m="51273" /><E50/><V39/><F104/><W4/><G123/><T119/><D38/><U51/><E51/><V37/><F26/><W43/><G134/><T113/><D22/><U110/><E110/><V122/><F122/><W117/><G117/><N who="0" m="44555" /><D79/><U2/><E2/><V64/><F69/><W29/><G88/><T11/><D11/><U126/><E126/><V46/><F39/><W128/><G128/><N who="0" m="49227" /><D93/><U91/><E91/><V86/><F73/><W63/><G4/><T130/><D130/><U95/><E95/><V72/><F72/><W90/><G90/><T83/><D83/><U27/><E27/><V24/><F24/><N who="3" m="16543" /><G15/><T20/><D20/><U25/><E25/><V56/><F37/><W84/><G84/><T77/><D77/><U124/><E124/><V127/><F127/><W115/><G115/><T101/><D101/><U10/><E10/><V112/><F112/><W94/><G94/><T100/><D100/><U103/><E103/><V97/><F97/><W62/><G62/><AGARI ba="0,0" hai="9,12,19,28,30,62,67,71" m="51273,63943" machi="62" ten="30,1000,0" yaku="20,1" doraHai="68" who="1" fromWho="3" sc="216,0,379,10,222,0,183,-10" owari="216,-18.4,389,48.9,222,2.2,173,-32.7" /></mjloggm>