<mjloggm ver="2.3"><GO type="169" lobby="0"/><UN n0="%E3%82%BC%E3%83%B3%E3%83%84%E3%83%9E%E3%82%B7%E3%83%BC%E3%83%B3" n1="%E6%B2%B3%E7%AB%A5%E3%81%AE%E3%83%AF%E3%82%AB%E3%83%9E%E3%83%84" n2="%E5%A7%AB%E7%95%99" n3="%72%75%69%6E%65%76%65%72" dan="16,17,16,16" rate="2157.71,2171.49,2145.63,2112.69" sx="M,M,M,M"/><TAIKYOKU oya="0"/><INIT seed="0,0,0,2,0,7" ten="250,250,250,250" oya="0" hai0="15,56,131,12,123,104,52,54,93,74,62,49,13" hai1="100,70,107,82,88,97,46,116,117,0,25,16,57" hai2="72,39,37,109,18,60,27,98,128,64,133,85,29" hai3="96,51,5,38,135,77,89,41,129,86,83,58,14"/><T48/><D123/><U111/><E70/><V34/><F72/><W65/><G135/><T30/><D104/><U106/><E111/><V2/><F109/><W50/><G129/><T78/><D131/><U90/><E106/><V3/><F128/><W61/><G38/><T101/><D30/><U43/><E0/><V125/><F133/><W113/><G113/><T67/><D74/><U118/><E57/><V87/><F18/><W55/><G41/><T75/><D75/><U10/><E82/><V24/><F125/><W31/><G31/><T91/><D78/><U36/><REACH who="1" step="1"/><E25/><REACH who="1" ten="250,240,250,250" step="2"/><V127/><F24/><W22/><G58/><N who="0" m="37335" /><D101/><U69/><E69/><V79/><F2/><W95/><G83/><T42/><D42/><U17/><E17/><V1/><F1/><W102/><G102/><T33/><D15/><AGARI ba="0,1" hai="10,15,16,36,43,46,88,90,97,100,107,116,117,118" machi="15" ten="40,8000,1" yaku="1,1,52,1,54,2,53,0" doraHai="7" doraHaiUra="108" who="1" fromWho="0" sc="250,-80,240,90,250,0,250,0" /><INIT seed="1,0,0,5,5,86" ten="170,330,250,250" oya="1" hai0="125,41,65,19,34,22,8,52,18,11,111,63,59" hai1="2,105,116,13,102,130,126,108,76,109,24,49,47" hai2="100,44,88,38,81,43,93,29,40,31,51,72,98" hai3="56,53,74,127,1,132,21,114,107,68,42,79,69"/><U66/><E2/><V78/><F40/><W16/><G114/><T28/><D111/><N who="1" m="42571" /><E116/><V110/><F110/><W15/><G127/><T64/><D125/><U37/><E126/><V96/><REACH who="2" step="1"/><F38/><REACH who="2" ten="170,330,240,250" step="2"/><W10/><G42/><T61/><D41/><U12/><E37/><V117/><F117/><W23/><G132/><T35/><D35/><U122/><E122/><V54/><F54/><W91/><G53/><T17/><D34/><U94/><E130/><V20/><F20/><W60/><G23/><T106/><D22/><U73/><E66/><V92/><AGARI ba="0,1" hai="29,31,43,44,51,72,78,81,88,92,93,96,98,100" machi="92" ten="20,8000,1" yaku="1,1,0,1,7,1,52,1,54,1,53,0" doraHai="86" doraHaiUra="112" who="2" fromWho="2" sc="170,-20,330,-40,240,90,250,-20" /><INIT seed="2,0,0,1,1,40" ten="150,290,330,230" oya="2" hai0="38,73,23,25,83,21,47,53,55,2,100,17,51" hai1="113,20,62,15,117,133,124,65,28,41,56,64,70" hai2="27,98,57,18,9,90,116,37,123,106,96,132,43" hai3="105,4,31,48,119,127,52,67,93,16,19,103,68"/><V44/><F116/><W35/><G119/><T72/><D2/><U12/><E117/><V34/><F123/><W87/><G105/><T42/><D100/><U91/><E113/><V69/><F69/><W29/><G127/><T3/><D3/><U46/><E124/><V97/><F132/><W135/><G135/><T33/><D33/><U114/><E114/><V75/><F75/><W122/><G122/><T7/><D7/><U11/><E133/><V99/><F57/><W0/><G35/><T92/><D83/><U77/><E77/><V39/><F39/><W109/><G109/><T89/><D23/><U58/><E91/><V60/><F60/><W134/><G134/><T5/><D5/><U101/><E101/><V120/><F120/><W118/><G118/><T131/><D55/><U110/><E110/><V130/><F130/><W66/><G68/><T115/><D131/><U63/><E70/><V128/><F128/><W6/><G0/><T94/><D94/><U54/><E54/><V104/><F9/><W125/><G125/><T129/><D129/><U1/><E1/><V79/><F79/><W84/><G93/><T8/><D8/><U49/><E11/><V59/><F59/><N who="3" m="33159" /><G103/><T14/><D115/><U50/><E50/><V26/><F34/><W102/><G102/><T80/><D80/><U71/><E71/><V86/><N who="2" m="24576" /><DORA hai="81" /><V36/><F36/><W112/><G112/><T95/><D38/><U32/><E32/><V85/><F106/><W82/><G82/><T13/><D95/><U10/><E10/><V107/><F104/><W22/><G4/><RYUUKYOKU ba="0,0" sc="150,-10,290,30,330,-10,230,-10" hai1="12,15,20,28,41,46,49,56,58,62,63,64,65" /><INIT seed="3,1,0,4,5,75" ten="140,320,320,220" oya="3" hai0="85,3,77,79,67,99,6,91,123,5,124,36,118" hai1="0,11,56,107,104,29,69,46,52,7,57,83,130" hai2="81,1,89,49,31,17,38,115,42,62,86,51,63" hai3="39,27,53,74,98,35,73,132,22,66,10,78,48"/><W32/><G39/><T102/><D118/><U90/><E69/><V119/><F119/><W9/><G132/><T68/><D123/><U40/><E130/><V41/><F115/><W59/><G74/><T61/><D36/><U101/><E29/><V37/><F1/><W25/><G66/><T125/><D3/><U87/><E101/><V76/><F37/><W60/><G98/><T111/><D111/><U33/><E33/><V122/><F122/><W23/><G35/><T12/><D12/><U108/><E108/><V18/><F31/><N who="3" m="17847" /><G32/><T95/><D5/><U45/><E57/><V2/><F2/><W105/><G105/><T114/><D6/><U129/><E46/><N who="2" m="25807" /><F38/><W44/><G73/><T134/><D134/><U116/><E129/><V70/><F70/><W13/><G13/><T131/><D114/><U133/><E116/><V113/><F89/><W109/><G109/><T84/><D84/><U117/><E133/><V103/><F103/><W135/><G135/><T15/><D15/><U55/><E117/><V127/><F113/><W71/><G71/><T65/><D65/><U82/><E104/><V50/><F127/><N who="0" m="48714" /><D131/><U54/><E107/><AGARI ba="1,0" hai="61,67,68,77,79,85,91,95,99,102,107" m="48714" machi="107" ten="30,3900,0" yaku="18,1,52,2" doraHai="75" who="0" fromWho="1" sc="140,42,320,-42,320,0,220,0" /><INIT seed="4,0,0,1,0,133" ten="182,278,320,220" oya="0" hai0="39,56,55,15,85,132,49,89,97,67,86,106,80" hai1="6,84,94,69,28,76,66,22,53,20,79,44,112" hai2="90,131,72,0,75,121,58,125,33,120,34,78,16" hai3="40,115,116,60,98,114,93,30,12,32,77,8,38"/><T92/><D39/><U47/><E6/><V71/><F71/><W17/><G116/><T41/><D132/><U109/><E109/><V110/><F110/><W124/><G77/><T43/><D67/><U5/><E5/><V113/><F0/><W62/><G30/><T73/><D73/><U27/><E112/><N who="3" m="43050" /><G32/><T63/><D63/><U19/><E66/><V129/><F113/><W24/><G24/><T7/><D106/><U50/><E69/><V127/><F90/><N who="3" m="55607" /><G124/><N who="2" m="47689" /><F58/><W46/><AGARI ba="0,0" hai="8,12,17,38,40,46,60,62" m="55607,43050" machi="46" ten="30,1100,0" yaku="15,1" doraHai="133" who="3" fromWho="3" sc="182,-5,278,-3,320,-3,220,11" /><INIT seed="5,0,0,0,3,42" ten="177,275,317,231" oya="1" hai0="11,115,114,77,59,36,105,81,82,57,113,117,132" hai1="15,3,97,109,35,47,100,71,9,72,49,80,41" hai2="107,7,74,26,96,34,126,56,27,118,133,122,90" hai3="62,8,52,6,134,94,54,98,14,69,76,31,123"/><U93/><E109/><V108/><F108/><W89/><G123/><T18/><D117/><U24/><E71/><V73/><F118/><W55/><G134/><T23/><D105/><U5/><E3/><V40/><F122/><W78/><REACH who="3" step="1"/><G31/><REACH who="3" ten="177,275,317,221" step="2"/><T110/><D132/><U39/><E39/><V61/><F133/><W95/><G95/><T87/><D110/><U112/><E112/><V32/><F107/><W28/><G28/><T104/><D104/><U92/><E92/><V88/><F126/><W16/><G16/><T29/><D29/><U65/><E35/><V79/><F7/><W70/><G70/><T121/><D121/><U119/><E119/><V99/><F79/><W50/><G50/><T0/><D36/><U38/><E49/><V66/><F61/><W106/><G106/><T127/><D127/><U85/><E93/><V58/><F66/><AGARI ba="0,1" hai="6,8,14,52,54,55,62,66,69,76,78,89,94,98" machi="66" ten="40,8000,1" yaku="1,1,54,1,53,2" doraHai="42" doraHaiUra="75" who="3" fromWho="2" sc="177,0,275,0,317,-80,221,90" /><INIT seed="6,0,0,1,2,27" ten="177,275,237,311" oya="2" hai0="28,86,117,9,1,81,82,5,48,118,92,14,73" hai1="113,23,71,56,41,45,133,84,85,29,35,17,102" hai2="44,11,42,38,59,107,18,134,6,90,105,121,108" hai3="93,111,76,2,12,78,4,69,97,128,123,79,3"/><V32/><F121/><W130/><G123/><T135/><D135/><U127/><E71/><V77/><F134/><W43/><G111/><T80/><D73/><U115/><E133/><V22/><F32/><W60/><G43/><T16/><D48/><U74/><E74/><V106/><F108/><W49/><G49/><T61/><D61/><U64/><E102/><V57/><F77/><W37/><G37/><T132/><D132/><U114/><E127/><V62/><F90/><W55/><G12/><T21/><D92/><U89/><E35/><V47/><F47/><W110/><G110/><T99/><D99/><U91/><E29/><V7/><F11/><W20/><G20/><T95/><D86/><N who="1" m="33387" /><E56/><V13/><REACH who="2" step="1"/><F59/><REACH who="2" ten="177,275,227,311" step="2"/><W98/><G79/><T124/><D124/><U40/><E45/><V75/><F75/><W103/><G76/><T131/><D131/><U19/><E91/><V101/><F101/><W88/><G78/><T119/><REACH who="0" step="1"/><D95/><REACH who="0" ten="167,275,227,311" step="2"/><U10/><E114/><V129/><F129/><W31/><G128/><T51/><D51/><U72/><E72/><V65/><AGARI ba="0,2" hai="6,7,13,18,22,38,42,44,57,62,65,105,106,107" machi="65" ten="30,3000,0" yaku="1,1,0,1,53,0" doraHai="27" doraHaiUra="122" who="2" fromWho="2" sc="167,-10,275,-10,227,50,311,-10" /><INIT seed="6,1,0,4,4,52" ten="157,265,277,301" oya="2" hai0="64,54,121,110,97,70,62,124,41,35,79,4,86" hai1="99,76,81,67,61,34,119,33,68,83,25,5,46" hai2="36,117,82,53,45,91,72,116,120,27,125,40,106" hai3="55,31,47,98,85,1,135,134,51,15,77,89,6"/><V13/><F120/><W75/><G1/><T127/><D121/><U24/><E119/><V112/><F106/><W126/><G126/><T44/><D35/><U60/><E5/><V96/><F125/><W65/><G31/><T122/><D122/><U2/><E2/><V73/><F73/><W129/><G129/><T16/><D110/><U3/><E3/><V22/><F13/><W43/><G65/><T95/><D4/><U21/><E46/><V69/><F69/><W100/><G75/><T39/><D79/><U48/><E48/><V128/><F128/><W113/><G113/><T9/><D86/><U123/><E123/><V30/><F112/><W0/><G0/><T7/><D7/><U38/><E38/><V19/><F30/><W118/><G118/><T130/><D130/><U23/><E99/><V26/><F26/><W131/><G131/><T103/><REACH who="0" step="1"/><D54/><REACH who="0" ten="147,265,277,301" step="2"/><U115/><E115/><V37/><F53/><W93/><G55/><T87/><D87/><U18/><E76/><V59/><F116/><W12/><G77/><T8/><D8/><U14/><E34/><V114/><F117/><W94/><G6/><T109/><D109/><U66/><E33/><V92/><F114/><W29/><G135/><T101/><D101/><U78/><E78/><V10/><F10/><W80/><G134/><T32/><D32/><U102/><E102/><V56/><F72/><W58/><G100/><T132/><D132/><U50/><E21/><V104/><F22/><W105/><G85/><T71/><D71/><U57/><E23/><V20/><F20/><W88/><G98/><RYUUKYOKU ba="1,1" sc="147,30,265,-10,277,-10,301,-10" hai0="9,16,39,41,44,62,64,70,95,97,103,124,127" /><INIT seed="7,2,1,0,5,124" ten="177,255,267,291" oya="3" hai0="127,50,34,112,26,28,5,25,125,52,87,29,94" hai1="102,39,3,57,17,70,60,85,91,4,12,40,95" hai2="14,80,115,97,93,111,117,19,43,84,114,68,0" hai3="46,15,51,67,41,122,56,23,132,130,48,73,103"/><W99/><G122/><T75/><D75/><U79/><E70/><V61/><F111/><W7/><G73/><T123/><D123/><U106/><E79/><V59/><F0/><W49/><G132/><T33/><D112/><N who="2" m="43050" /><F68/><W6/><G130/><T65/><D65/><U45/><E3/><V82/><F43/><W38/><G23/><T66/><D66/><U36/><E4/><V42/><F84/><W133/><G133/><T47/><REACH who="0" step="1"/><D5/><REACH who="0" ten="167,255,267,291" step="2"/><U100/><E39/><V74/><F74/><W27/><G6/><T131/><D131/><U21/><REACH who="1" step="1"/><E106/><REACH who="1" ten="167,245,267,291" step="2"/><V64/><F117/><W18/><G7/><T107/><D107/><U54/><AGARI ba="2,3" hai="12,17,21,36,40,45,54,57,60,85,91,95,100,102" machi="54" ten="20,5200,0" yaku="1,1,2,1,0,1,7,1,53,0" doraHai="124" doraHaiUra="101" who="1" fromWho="1" sc="167,-15,245,88,267,-15,291,-28" owari="152,-34.8,333,43.3,252,-14.8,263,6.3" /></mjloggm>