<mjloggm ver="2.3"><GO type="169" lobby="0"/><UN n0="%E5%B2%A9%E4%B8%8A%E9%80%9A%E3%82%8A" n1="%4B%6F%74%61%38%31%36" n2="%E3%83%AF%E3%82%BF%E3%82%B7%E3%81%8C%E9%A3%9B%E3%82%93%E3%81%A0%E6%97%A5" n3="%E9%81%85%E5%88%BB%E3%81%AE%E3%83%97%E3%83%AA%E3%83%B3%E3%82%B9%E2%99%AA" dan="16,17,16,17" rate="2119.63,2201.04,2123.96,2141.72" sx="M,M,M,F"/><TAIKYOKU oya="0"/><INIT seed="0,0,0,1,0,41" ten="250,250,250,250" oya="0" hai0="106,37,18,58,86,65,125,63,51,44,77,33,104" hai1="99,21,16,1,9,89,50,47,76,80,112,113,128" hai2="87,96,10,102,90,54,98,78,88,60,70,93,121" hai3="59,11,40,127,69,95,100,13,103,24,34,53,129"/><T46/><D33/><U48/><E128/><V5/><F121/><W62/><G129/><T109/><D125/><U132/><E132/><V117/><F117/><W7/><G127/><T114/><D114/><U56/><E56/><V83/><F96/><W25/><G69/><T126/><D126/><U75/><E1/><V49/><F60/><W71/><G71/><T52/><D109/><U43/><E9/><V61/><F61/><W29/><G40/><T12/><D77/><U73/><E73/><V26/><F26/><W66/><G53/><T122/><D122/><U6/><E6/><V17/><F17/><W108/><G108/><T85/><D106/><U68/><E50/><V0/><REACH who="2" step="1"/><F70/><REACH who="2" ten="250,250,240,250" step="2"/><W124/><G124/><T118/><D118/><U91/><E68/><V72/><F72/><W32/><REACH who="3" step="1"/><G95/><REACH who="3" ten="250,250,240,240" step="2"/><T131/><D131/><U8/><E112/><V64/><F64/><W27/><G27/><T2/><D104/><U81/><E113/><V74/><F74/><W39/><G39/><T57/><D37/><U31/><E75/><V67/><F67/><W36/><G36/><T28/><D28/><AGARI ba="0,2" hai="7,11,13,24,25,28,29,32,34,59,62,66,100,103" machi="28" ten="40,2600,0" yaku="1,1,9,1,53,0" doraHai="41" doraHaiUra="123" who="3" fromWho="0" sc="250,-26,250,0,240,0,240,46" /><INIT seed="1,0,0,2,4,32" ten="224,250,240,286" oya="1" hai0="112,122,50,9,34,19,133,61,57,131,123,76,47" hai1="28,5,111,29,25,88,11,52,46,56,97,98,115" hai2="48,95,110,105,6,60,96,84,92,72,102,109,33" hai3="39,85,135,81,80,12,40,77,35,31,126,16,13"/><U86/><E115/><V129/><F33/><W78/><G126/><T64/><D34/><U116/><E116/><V36/><F36/><W114/><G114/><T0/><D112/><U38/><E111/><N who="2" m="42507" /><F6/><W4/><G135/><T68/><D133/><U10/><E10/><V37/><F37/><W41/><G39/><T93/><D76/><U7/><E7/><V69/><F48/><W128/><G128/><T100/><D131/><U104/><E104/><V20/><F129/><W45/><G45/><T99/><D68/><U101/><E101/><V120/><F20/><W83/><G31/><T113/><D113/><U106/><E106/><V66/><F72/><W54/><G35/><T124/><D124/><U26/><E29/><V65/><F65/><W87/><G54/><T79/><D79/><N who="3" m="30217" /><G4/><N who="0" m="1159" /><D19/><U118/><E118/><V107/><F120/><N who="0" m="46122" /><D50/><U119/><E119/><V74/><F74/><W89/><G13/><T30/><D30/><U51/><E28/><V127/><F127/><W91/><G81/><T8/><D8/><AGARI ba="0,0" hai="8,12,16,40,41,80,83,85,87,89,91" m="30217" machi="8" ten="30,2000,0" yaku="8,1,54,1" doraHai="32" who="3" fromWho="0" sc="224,-20,250,0,240,0,286,20" /><INIT seed="2,0,0,3,1,105" ten="204,250,240,306" oya="2" hai0="89,4,6,14,91,47,131,88,42,8,130,55,35" hai1="12,5,126,82,98,78,132,87,26,2,100,93,85" hai2="80,68,94,115,76,110,86,133,114,112,20,25,32" hai3="59,116,67,96,19,72,103,81,125,3,128,51,83"/><V22/><F68/><W31/><G116/><T43/><D35/><U99/><E2/><V97/><F133/><W107/><G125/><T37/><D42/><U90/><E126/><V73/><F110/><W111/><G111/><T129/><D55/><U65/><E132/><V36/><F36/><W44/><G128/><T70/><D70/><U124/><E124/><V49/><F49/><W54/><G3/><T45/><D45/><U16/><E65/><V27/><F86/><W0/><G0/><T24/><D24/><U84/><E5/><AGARI ba="0,0" hai="4,5,6,8,14,37,43,47,88,89,91,129,130,131" machi="5" ten="50,3200,0" yaku="19,1,54,1" doraHai="105" who="0" fromWho="1" sc="204,32,250,-32,240,0,306,0" /><INIT seed="3,0,0,2,0,135" ten="236,218,240,306" oya="3" hai0="34,35,76,103,79,128,14,123,81,119,51,40,112" hai1="43,83,134,7,29,9,0,124,125,101,36,49,115" hai2="27,92,33,45,116,26,64,5,62,57,99,30,105" hai3="31,114,104,2,37,10,122,39,50,97,28,84,61"/><W77/><G114/><T109/><D123/><U38/><E115/><V11/><F116/><W118/><G118/><T22/><D119/><U110/><E134/><V108/><F108/><W87/><G122/><T52/><D112/><U19/><E110/><V32/><F105/><W106/><G50/><T80/><D109/><U46/><E29/><V8/><F45/><W55/><G10/><T56/><D128/><U133/><E133/><V68/><F68/><W100/><G2/><T53/><D103/><U75/><E101/><V17/><F17/><W48/><G61/><T41/><D22/><U21/><E83/><V42/><F42/><W20/><G106/><T90/><D14/><U47/><E75/><V73/><F73/><W129/><G129/><T91/><D56/><U70/><E70/><V6/><F8/><W63/><G63/><T93/><D93/><U88/><E88/><V130/><F130/><W59/><G77/><T95/><D95/><U69/><E69/><V121/><F121/><W16/><G31/><T12/><D12/><U60/><E60/><V107/><F107/><W54/><G54/><T78/><D78/><U58/><E58/><V15/><F26/><W74/><G74/><T71/><D71/><U3/><E3/><V23/><REACH who="2" step="1"/><F5/><REACH who="2" ten="236,218,230,306" step="2"/><W89/><G28/><T65/><D51/><U86/><E46/><V120/><F120/><W102/><G104/><T1/><D65/><U4/><E4/><V82/><F82/><W132/><G132/><T72/><D72/><U127/><E86/><V98/><F98/><W18/><G97/><T13/><D1/><RYUUKYOKU ba="0,1" sc="236,10,218,10,230,10,306,-30" hai0="13,34,35,40,41,52,53,76,79,80,81,90,91" hai1="0,7,9,19,21,36,38,43,47,49,124,125,127" hai2="6,11,15,23,27,30,32,33,57,62,64,92,99" /><INIT seed="4,1,1,0,4,55" ten="246,228,240,276" oya="0" hai0="59,32,132,39,68,58,53,13,75,116,104,61,17" hai1="4,131,41,105,7,99,134,130,78,19,51,60,11" hai2="81,2,106,38,114,77,21,25,73,24,110,67,66" hai3="64,3,44,82,117,49,6,133,83,27,15,42,128"/><T0/><D116/><U76/><E134/><V120/><F120/><W47/><G117/><T30/><D132/><U125/><E125/><V45/><F110/><W29/><G133/><T8/><D68/><U103/><E19/><V57/><F106/><W123/><G123/><T80/><D39/><U112/><E112/><V113/><F2/><W74/><G128/><N who="1" m="49194" /><E60/><N who="2" m="38159" /><F67/><W107/><G107/><T63/><D104/><U5/><E11/><V95/><F95/><W91/><G3/><T100/><D100/><U14/><E14/><V16/><F45/><AGARI ba="1,1" hai="4,5,7,41,45,51,76,78,99,103,105" m="49194" machi="45" ten="30,1000,0" yaku="19,1" doraHai="55" who="1" fromWho="2" sc="246,0,228,23,240,-13,276,0" /><INIT seed="5,0,0,0,4,34" ten="246,251,227,276" oya="1" hai0="79,116,133,101,24,74,106,52,50,87,77,94,56" hai1="19,66,14,6,102,26,25,44,78,30,103,68,20" hai2="118,84,111,43,35,42,22,120,115,51,38,28,112" hai3="76,108,128,91,17,129,4,119,61,12,64,27,2"/><U71/><E78/><V124/><F38/><W125/><G108/><T21/><D133/><U65/><E44/><V23/><F111/><W0/><G125/><T13/><D116/><U104/><E104/><V92/><F118/><W114/><G114/><N who="2" m="43561" /><F120/><W117/><G76/><T121/><D121/><U37/><E37/><V60/><F35/><W57/><G119/><T107/><D107/><U82/><E82/><V3/><F60/><W83/><G117/><T10/><D106/><U110/><E110/><V58/><F28/><W126/><G126/><T1/><D1/><U39/><E39/><V31/><F31/><W81/><G27/><T88/><D101/><U98/><E98/><V54/><F124/><W62/><G62/><T45/><D56/><U86/><E86/><V131/><F131/><N who="3" m="50251" /><G4/><N who="0" m="3271" /><D74/><U32/><E102/><V93/><F42/><W7/><G7/><T80/><D80/><N who="3" m="30793" /><G91/><T16/><AGARI ba="0,0" hai="16,21,24,45,50,52,77,79,87,88,94" m="3271" machi="16" ten="30,7900,0" yaku="8,1,54,3" doraHai="34" who="0" fromWho="0" sc="246,79,251,-39,227,-20,276,-20" /><INIT seed="6,0,0,4,2,81" ten="325,212,207,256" oya="2" hai0="26,49,29,132,21,33,48,102,25,50,123,8,83" hai1="30,1,118,114,126,45,72,108,84,56,122,75,67" hai2="46,19,78,95,101,5,110,103,39,59,71,9,3" hai3="17,65,4,87,58,125,15,11,82,111,47,106,112"/><V12/><F71/><W42/><G111/><T36/><D36/><U70/><E30/><V51/><F110/><W28/><G106/><T116/><D123/><U35/><E56/><V90/><F78/><W94/><G125/><T99/><D132/><U23/><E23/><V37/><F59/><W43/><G112/><T74/><D8/><U88/><E45/><V69/><F69/><W133/><G133/><T16/><D116/><U64/><E64/><V66/><F66/><W7/><G28/><T2/><D2/><U77/><E35/><V27/><F27/><W14/><G94/><T57/><D74/><U63/><E1/><V109/><F37/><W135/><G135/><T55/><D83/><U120/><E118/><V131/><F39/><W105/><G105/><AGARI ba="0,0" hai="16,21,25,26,29,33,48,49,50,55,57,99,102,105" machi="105" ten="30,2000,0" yaku="7,1,54,1" doraHai="81" who="0" fromWho="3" sc="325,20,212,0,207,0,256,-20" /><INIT seed="7,0,0,2,4,16" ten="345,212,207,236" oya="3" hai0="58,27,38,56,112,3,36,49,0,46,110,131,29" hai1="95,6,81,44,4,122,106,127,43,51,70,69,59" hai2="35,83,87,91,78,120,5,135,52,121,8,1,24" hai3="55,97,119,19,100,114,9,37,90,105,28,61,75"/><W89/><G119/><T54/><D110/><U26/><E122/><N who="2" m="47211" /><F135/><W86/><G75/><T50/><D3/><U101/><E106/><V66/><F66/><W128/><G37/><T109/><D0/><U2/><E127/><V108/><F108/><W116/><G116/><T12/><D109/><U15/><E2/><V17/><F52/><W99/><G114/><T98/><D12/><U94/><E70/><V21/><F35/><W64/><G128/><T34/><D131/><U48/><E69/><V124/><F124/><W102/><G28/><T129/><D129/><U77/><E26/><V115/><F115/><W84/><G55/><T88/><D112/><U111/><E111/><V74/><F74/><W67/><G67/><T82/><D58/><U23/><E59/><V79/><AGARI ba="0,0" hai="1,5,8,17,21,24,78,79,83,87,91" m="47211" machi="79" ten="30,2000,0" yaku="13,1,52,1" doraHai="16" who="2" fromWho="2" sc="345,-5,212,-5,207,20,236,-10" owari="340,44.0,207,-29.3,227,2.7,226,-17.4" /></mjloggm>