<mjloggm ver="2.3"><GO type="169" lobby="0"/><UN n0="%E8%B5%A4%E6%9C%A8%E3%81%97%E3%81%92%E3%82%8B" n1="%E4%B8%9E%E9%A3%9B" n2="%E3%81%88%E3%81%84%E3%81%8D%E3%81%A1%40%35%6D%66" n3="%E3%81%AC%E3%81%AC%E3%81%84%E3%81%AC" dan="16,16,17,16" rate="2061.96,2072.13,2214.48,2079.72" sx="M,M,M,M"/><TAIKYOKU oya="0"/><INIT seed="0,0,0,3,5,95" ten="250,250,250,250" oya="0" hai0="20,63,65,54,25,52,12,62,23,97,24,4,78" hai1="107,19,83,72,66,39,82,104,70,27,117,74,8" hai2="105,42,38,0,76,60,13,33,75,44,98,109,116" hai3="126,119,128,103,120,108,61,53,96,55,112,3,64"/><T127/><D127/><U41/><E117/><V18/><F0/><W7/><G108/><T124/><D124/><U111/><E111/><V31/><F109/><W92/><G112/><T130/><D130/><U50/><E39/><V122/><F122/><W36/><G119/><T118/><D118/><U91/><E70/><V99/><F116/><W94/><G128/><T101/><D78/><U102/><E66/><V11/><F105/><W32/><G32/><T15/><D65/><U47/><E83/><V29/><F60/><W14/><G3/><T133/><D133/><U135/><E135/><V129/><F129/><W9/><G120/><T26/><D4/><U10/><E10/><V106/><F106/><W1/><G1/><T100/><REACH who="0" step="1"/><D25/><REACH who="0" ten="240,250,250,250" step="2"/><U51/><E27/><V58/><F76/><W123/><G126/><T114/><D114/><U125/><E125/><V37/><F75/><W57/><G123/><T43/><D43/><U110/><E74/><V84/><F42/><W22/><G36/><T81/><D81/><U67/><E67/><V6/><F6/><W56/><G64/><T34/><D34/><U40/><E72/><V71/><F38/><W69/><G69/><T77/><D77/><U59/><E82/><V16/><F71/><W2/><G2/><T121/><D121/><U87/><E41/><V89/><F33/><W17/><G7/><T80/><D80/><U86/><E40/><V46/><F37/><W45/><G9/><T28/><D28/><U85/><E8/><V90/><F11/><W132/><G132/><T93/><D93/><U115/><E107/><RYUUKYOKU ba="0,1" sc="240,30,250,-10,250,-10,250,-10" hai0="12,15,20,23,24,26,52,54,62,63,97,100,101" /><INIT seed="0,1,1,0,4,61" ten="270,240,240,240" oya="0" hai0="49,125,70,114,68,107,134,69,55,45,109,13,65" hai1="135,64,39,32,42,103,108,73,27,102,127,47,131" hai2="31,60,33,14,97,40,84,77,48,8,128,21,85" hai3="121,72,62,113,126,44,50,123,99,82,124,88,34"/><T57/><D107/><U4/><E73/><V115/><F115/><W9/><G34/><T2/><D114/><U110/><E131/><V94/><F33/><W120/><G113/><T41/><D2/><U75/><E75/><V105/><F105/><W28/><G28/><T59/><D13/><U112/><E112/><V106/><F106/><W101/><G9/><T36/><D134/><U96/><E127/><N who="3" m="48682" /><G101/><T46/><D125/><U129/><E129/><V79/><F128/><W25/><G25/><T0/><D0/><U104/><E103/><N who="2" m="60855" /><F60/><W74/><G62/><N who="0" m="38095" /><D109/><N who="1" m="42091" /><E135/><V132/><F132/><W76/><G74/><T133/><D133/><U67/><E4/><N who="2" m="3335" /><F21/><W56/><G56/><AGARI ba="1,1" hai="36,41,45,46,49,55,56,59,68,69,70" m="38095" machi="56" ten="30,18000,2" yaku="35,5,52,1" doraHai="61" who="0" fromWho="3" sc="270,193,240,0,240,0,240,-183" /><INIT seed="0,2,0,4,3,5" ten="463,240,240,57" oya="0" hai0="78,75,34,68,72,90,31,95,62,38,23,88,54" hai1="4,59,30,53,80,91,33,63,85,69,28,67,132" hai2="108,116,96,82,36,89,131,19,79,122,22,44,43" hai3="71,110,46,93,58,49,87,126,37,13,106,121,0"/><T10/><D38/><U104/><E104/><V7/><F122/><W84/><G110/><T98/><D34/><U41/><E132/><V135/><F108/><W114/><G106/><T64/><D78/><U27/><E28/><V119/><F135/><W134/><G126/><T124/><D124/><U113/><E113/><V1/><F131/><W118/><G0/><T129/><D129/><U101/><E41/><V45/><F45/><W29/><G71/><T105/><D105/><U57/><E101/><V76/><F96/><W40/><G118/><N who="2" m="45097" /><F89/><W55/><G114/><T109/><D109/><U120/><E120/><V32/><F32/><W66/><G134/><T26/><D90/><U14/><REACH who="1" step="1"/><E53/><REACH who="1" ten="463,230,240,57" step="2"/><V6/><F1/><W35/><G121/><T2/><D54/><U56/><E56/><V112/><F112/><W47/><G29/><T77/><REACH who="0" step="1"/><D77/><REACH who="0" ten="453,230,240,57" step="2"/><U111/><E111/><V61/><F79/><W8/><G55/><T125/><D125/><U107/><E107/><V60/><F76/><W123/><G123/><T133/><D133/><U17/><E17/><V130/><F130/><W16/><G16/><T21/><D21/><U83/><E83/><V15/><F82/><W52/><G35/><T99/><D99/><U70/><E70/><V3/><F3/><W115/><G115/><T74/><D74/><U39/><E39/><V103/><F103/><W48/><G52/><T25/><D25/><U127/><E127/><V117/><F117/><W42/><G42/><T24/><D24/><U81/><E81/><V97/><F97/><W102/><G40/><T12/><D12/><RYUUKYOKU ba="2,2" sc="453,10,230,10,240,10,57,-30" hai0="2,10,23,26,31,62,64,68,72,75,88,95,98" hai1="4,14,27,30,33,57,59,63,67,69,80,85,91" hai2="6,7,15,19,22,36,43,44,60,61" /><INIT seed="0,3,2,3,0,133" ten="463,240,250,27" oya="0" hai0="28,88,17,99,5,69,68,10,1,104,71,27,32" hai1="89,21,126,18,48,101,79,58,123,20,73,35,33" hai2="110,51,55,7,83,43,29,15,45,77,124,30,135" hai3="56,41,107,84,116,6,93,14,75,122,66,112,67"/><T3/><D3/><U49/><E123/><V22/><F135/><W97/><G116/><T111/><D111/><U106/><E89/><V129/><F110/><W25/><G112/><T37/><D37/><U121/><E121/><V81/><F129/><W92/><G75/><T2/><D2/><U72/><E101/><V23/><F124/><W131/><G107/><T9/><D9/><U57/><E18/><N who="2" m="10591" /><F7/><W42/><G131/><T94/><D17/><U24/><E24/><N who="2" m="16543" /><F30/><W74/><G25/><T113/><REACH who="0" step="1"/><D104/><REACH who="0" ten="453,240,250,27" step="2"/><U108/><E106/><V19/><F19/><W50/><G122/><T109/><D109/><U64/><E108/><V127/><F127/><W78/><G74/><T38/><D38/><U40/><E126/><V90/><F77/><W46/><G78/><T118/><D118/><U86/><E79/><V96/><F43/><W4/><G42/><T63/><D63/><U60/><E40/><V59/><F45/><W85/><G6/><T130/><D130/><U119/><E60/><V80/><F96/><W47/><G47/><T103/><D103/><U54/><E119/><V117/><F117/><W102/><G92/><T36/><D36/><U105/><E105/><V100/><F100/><W11/><REACH who="3" step="1"/><G56/><REACH who="3" ten="453,240,250,17" step="2"/><T8/><D8/><U76/><E76/><V31/><F31/><W114/><G114/><AGARI ba="3,4" hai="1,5,10,27,28,32,68,69,71,88,94,99,113,114" machi="114" ten="40,7700,0" yaku="1,1,54,1,53,1" doraHai="133" doraHaiUra="0" who="0" fromWho="3" sc="453,126,240,0,250,0,17,-86" owari="579,67.9,240,-16.0,250,5.0,-69,-56.9" /></mjloggm>