<mjloggm ver="2.3"><GO type="225" lobby="0"/><UN n0="%33%74%72%65%65" n1="%E6%9C%88%E5%B3%B6%E5%9F%BA" n2="%E6%81%A5%E6%99%92%E3%81%97" n3="%E3%81%82%E3%81%99%E3%81%AB%E3%82%83%E3%82%80" dan="17,17,16,18" rate="2159.69,2236.04,2062.57,2279.66" sx="F,M,M,F"/><TAIKYOKU oya="0"/><INIT seed="0,0,0,4,3,103" ten="250,250,250,250" oya="0" hai0="94,107,56,7,132,14,65,114,85,44,117,0,22" hai1="30,60,46,129,67,18,102,50,1,105,8,20,59" hai2="68,76,96,3,9,2,19,55,84,101,113,47,51" hai3="6,36,23,92,75,34,45,79,124,99,131,73,126"/><T11/><D114/><U52/><E129/><V122/><F113/><W12/><G34/><T112/><D112/><U111/><E111/><V123/><F68/><W13/><G131/><T130/><D117/><U27/><E1/><V38/><F38/><W39/><G13/><T42/><D130/><U72/><E72/><V69/><F69/><W98/><G98/><T62/><D132/><U93/><E105/><V25/><F3/><W48/><G79/><T127/><D127/><N who="3" m="48681" /><G36/><T57/><D107/><U43/><E43/><V26/><F2/><W21/><G39/><T15/><D56/><U77/><E77/><V71/><F71/><W110/><G110/><T135/><D135/><U88/><E102/><V32/><F32/><W63/><G63/><T97/><D22/><N who="3" m="8201" /><G6/><T53/><D65/><U89/><E93/><N who="2" m="58511" /><F122/><W100/><G12/><AGARI ba="0,0" hai="8,12,18,20,27,30,46,50,52,59,60,67,88,89" machi="12" ten="40,5200,0" yaku="8,1,54,2" doraHai="103" who="1" fromWho="3" sc="250,0,250,52,250,0,250,-52" /><INIT seed="1,0,0,3,4,34" ten="250,302,250,198" oya="1" hai0="62,83,94,50,74,125,5,15,9,87,126,132,47" hai1="98,135,8,21,16,130,85,14,76,88,95,118,65" hai2="63,129,101,133,26,78,31,91,55,67,120,39,29" hai3="49,106,0,3,111,99,121,113,90,60,58,59,81"/><U37/><E118/><V11/><F120/><W109/><G113/><T119/><D119/><U97/><E37/><V46/><F129/><W68/><G121/><T18/><D132/><U43/><E130/><V25/><F133/><W64/><G106/><T17/><D74/><U75/><E135/><V69/><F78/><W108/><G49/><T30/><D30/><U134/><E134/><V117/><F117/><W104/><G81/><T107/><D107/><U131/><E131/><V10/><F101/><N who="3" m="62527" /><G90/><T93/><D62/><U51/><E65/><V36/><F91/><W48/><G48/><T102/><D102/><U100/><E75/><V70/><F70/><W112/><G112/><T77/><D94/><N who="1" m="58423" /><E76/><V41/><F39/><W57/><AGARI ba="0,0" hai="0,3,57,58,59,60,64,68,108,109,111" m="62527" machi="57" ten="40,5200,0" yaku="14,1,52,2" doraHai="34" who="3" fromWho="3" sc="250,-13,302,-26,250,-13,198,52" /><INIT seed="2,0,0,2,1,85" ten="237,276,237,250" oya="2" hai0="127,124,133,77,30,111,53,41,79,6,22,17,128" hai1="34,61,119,73,126,46,122,116,28,14,134,60,74" hai2="95,94,26,123,51,48,59,57,7,86,63,45,24" hai3="38,80,135,108,49,47,25,19,90,82,39,15,65"/><V125/><F123/><W120/><G120/><T104/><D111/><U3/><E122/><V75/><F125/><N who="0" m="48202" /><D133/><U130/><E3/><V92/><F75/><W103/><G108/><T32/><D128/><U89/><E34/><V106/><F106/><W5/><G103/><T121/><D121/><U35/><E35/><V88/><F7/><W96/><G65/><T131/><D131/><U33/><E33/><V23/><F51/><W87/><G135/><T76/><D41/><U115/><E115/><V58/><F63/><W11/><G96/><T98/><D6/><U64/><E74/><V78/><F78/><W56/><G56/><T27/><D53/><U68/><E73/><V44/><F26/><W101/><G101/><N who="0" m="62519" /><D32/><U55/><E68/><V18/><F45/><W107/><G107/><T99/><D99/><U43/><E119/><V9/><F9/><W54/><G80/><T70/><D70/><U12/><E116/><V13/><F24/><W71/><G71/><T21/><D21/><U118/><E118/><V66/><F66/><W93/><G82/><T102/><D102/><U42/><E134/><V29/><F29/><AGARI ba="0,0" hai="17,22,27,29,30,76,77,79" m="62519,48202" machi="29" ten="30,1000,0" yaku="18,1" doraHai="85" who="0" fromWho="2" sc="237,10,276,0,237,-10,250,0" /><INIT seed="3,0,0,2,0,67" ten="247,276,227,250" oya="3" hai0="36,18,121,79,118,75,6,91,49,128,103,13,41" hai1="109,107,85,111,126,97,42,99,68,63,92,130,132" hai2="33,60,3,61,116,69,115,86,58,45,27,70,110" hai3="88,53,113,28,9,112,11,122,100,120,52,71,125"/><W95/><G71/><T114/><D121/><U35/><E35/><V117/><F3/><W40/><G40/><T56/><D118/><N who="2" m="45674" /><F33/><W24/><G100/><T78/><D128/><U32/><E32/><V96/><F27/><W5/><G125/><T31/><D114/><U73/><E73/><V22/><F22/><W51/><G113/><T54/><D75/><U0/><E0/><V12/><F12/><W20/><G112/><T1/><D31/><U108/><E130/><V119/><F115/><W37/><G37/><T84/><D103/><N who="1" m="62959" /><E132/><V66/><F119/><W105/><G105/><T38/><D6/><U16/><E126/><V76/><F96/><W39/><G39/><T25/><D25/><U26/><E85/><V57/><F86/><W131/><G131/><T74/><D74/><U80/><E80/><V82/><F82/><W62/><G11/><T21/><D1/><U90/><E42/><V123/><F76/><W23/><G23/><T134/><D134/><U19/><E26/><V15/><F15/><W98/><G120/><T34/><D34/><U59/><E59/><N who="2" m="22539" /><F123/><W135/><G122/><T101/><D101/><U29/><E29/><V7/><F7/><W77/><G77/><T127/><D127/><U64/><AGARI ba="0,0" hai="16,19,63,64,68,90,92,99,108,109,111" m="62959" machi="64" ten="40,5200,0" yaku="14,1,52,1,54,1" doraHai="67" who="1" fromWho="1" sc="247,-13,276,52,227,-13,250,-26" owari="234,3.4,328,42.8,214,-28.6,224,-17.6" /></mjloggm>