<mjloggm ver="2.3"><GO type="169" lobby="0"/><UN n0="%73%73%6B%5F%66%72%65%65" n1="%E8%B5%A4%E6%9C%A8%E3%81%97%E3%81%92%E3%82%8B" n2="%E3%81%9F%E3%81%8B%E3%81%AA" n3="%E5%8C%97%E6%AC%A7%E3%81%AE%E3%82%82%E3%81%93%E3%81%86" dan="16,16,19,16" rate="2108.93,2069.48,2212.15,2114.77" sx="M,M,M,M"/><TAIKYOKU oya="0"/><INIT seed="0,0,0,2,5,7" ten="250,250,250,250" oya="0" hai0="121,37,87,100,103,95,110,94,88,77,57,42,20" hai1="124,126,115,73,48,72,30,18,102,25,63,123,78" hai2="8,80,56,9,33,131,50,3,46,134,11,22,112" hai3="116,31,14,1,122,58,13,65,90,130,76,34,93"/><T51/><D121/><U125/><E123/><V49/><F112/><W71/><G116/><T129/><D129/><U41/><E115/><V98/><F33/><W45/><G1/><T66/><D37/><U104/><E78/><V35/><F35/><W61/><G130/><T132/><D132/><U109/><E109/><V99/><F131/><W38/><G122/><T118/><D118/><U15/><E63/><V55/><F3/><W75/><G71/><T6/><D110/><U82/><E82/><V108/><F108/><W21/><G34/><T43/><D77/><U17/><E17/><V70/><F70/><W28/><G75/><T59/><D6/><U60/><E60/><V23/><F80/><W111/><G76/><T119/><D119/><U40/><E102/><N who="0" m="38953" /><D95/><U113/><E104/><V24/><F134/><W92/><G92/><T27/><D66/><U5/><E5/><V117/><F117/><W36/><G36/><T67/><D67/><U64/><E64/><V91/><F91/><W47/><G38/><T105/><D105/><U62/><E62/><V74/><F74/><N who="1" m="28777" /><E48/><V89/><F89/><W133/><G133/><T84/><D84/><U32/><E113/><V44/><F56/><N who="0" m="21578" /><D51/><U85/><E85/><V81/><F81/><W26/><G111/><T16/><AGARI ba="0,0" hai="16,20,27,42,43,87,88,94" m="21578,38953" machi="16" ten="30,6000,0" yaku="8,1,54,2" doraHai="7" who="0" fromWho="0" sc="250,60,250,-20,250,-20,250,-20" /><INIT seed="0,1,0,0,2,5" ten="310,230,230,230" oya="0" hai0="52,112,17,126,30,88,113,117,85,118,105,110,75" hai1="0,64,22,66,60,40,51,83,89,18,6,108,76" hai2="54,90,111,2,80,131,35,120,91,55,70,10,96" hai3="39,67,38,8,135,106,13,116,43,134,84,57,16"/><T68/><D126/><U92/><E108/><V42/><F120/><W21/><G116/><T44/><D68/><U28/><E28/><V25/><F70/><W104/><G84/><T103/><D30/><U130/><E130/><V7/><F111/><W53/><G67/><T29/><D29/><U59/><E6/><V121/><F121/><W3/><G43/><T74/><D110/><U48/><E0/><V19/><F35/><W72/><G72/><N who="0" m="27691" /><D52/><N who="1" m="33895" /><E83/><V34/><F34/><W114/><G114/><N who="0" m="44139" /><D17/><U81/><E81/><V124/><F131/><W78/><G78/><T94/><D44/><N who="1" m="25607" /><E76/><V99/><F124/><W109/><G109/><T122/><D122/><U125/><E51/><V102/><F42/><W87/><G3/><T123/><D123/><U63/><E63/><V4/><F4/><W47/><G47/><T11/><D11/><U82/><E82/><V128/><F128/><W9/><G38/><T41/><D41/><U61/><E61/><V119/><F80/><W65/><G39/><T12/><D12/><N who="1" m="9543" /><E125/><V27/><F27/><W36/><G36/><T24/><D24/><U62/><E62/><V98/><F25/><W107/><G65/><T58/><D58/><U97/><AGARI ba="1,0" hai="64,66,89,92,97" m="9543,25607,33895" machi="97" ten="30,2000,0" yaku="8,1,54,1" doraHai="5" who="1" fromWho="1" sc="310,-11,230,23,230,-6,230,-6" /><INIT seed="1,0,0,3,1,102" ten="299,253,224,224" oya="1" hai0="38,80,34,42,59,26,53,19,76,70,75,13,52" hai1="121,99,24,63,30,43,93,68,113,29,44,39,17" hai2="0,15,57,67,2,58,69,41,55,86,20,130,112" hai3="36,120,107,110,116,119,122,66,104,91,135,51,6"/><U14/><E113/><V48/><F112/><W105/><G36/><T64/><D70/><U77/><E77/><V132/><F130/><W4/><G66/><T72/><D72/><U109/><E109/><V71/><F132/><W45/><G110/><T79/><D79/><U1/><E1/><V125/><F125/><W23/><G23/><T81/><D81/><U10/><E121/><N who="3" m="46698" /><G91/><T97/><D97/><U83/><E83/><V33/><F33/><W46/><G51/><T21/><D42/><U118/><E118/><N who="3" m="45098" /><G135/><T96/><D38/><U123/><E123/><V128/><F128/><W18/><G18/><T11/><D34/><U92/><E30/><V47/><F69/><W94/><G94/><T5/><REACH who="0" step="1"/><D96/><REACH who="0" ten="289,253,224,224" step="2"/><U16/><E99/><V12/><F71/><W8/><G4/><T74/><D74/><U7/><E68/><V117/><F117/><W62/><G62/><AGARI ba="0,1" hai="5,11,13,19,21,26,52,53,59,62,64,75,76,80" machi="62" ten="40,5200,0" yaku="1,1,54,1,53,1" doraHai="102" doraHaiUra="61" who="0" fromWho="3" sc="289,62,253,0,224,0,224,-52" /><INIT seed="2,0,0,1,4,36" ten="351,253,224,172" oya="2" hai0="76,87,122,15,93,50,117,135,109,13,99,104,85" hai1="66,16,123,53,58,84,33,44,64,43,88,89,14" hai2="83,128,94,121,34,24,18,4,90,27,98,8,114" hai3="32,45,41,47,110,3,102,5,124,23,52,35,62"/><V10/><F114/><W116/><G116/><T39/><D122/><U67/><E33/><V130/><F121/><W112/><G112/><T6/><D109/><U31/><E123/><V127/><F127/><W132/><G110/><T106/><D39/><U65/><E31/><V96/><F34/><W12/><G3/><T101/><D135/><U100/><E100/><V1/><F83/><W105/><G124/><T95/><D6/><U42/><E44/><V107/><F8/><W29/><G132/><T38/><D38/><U19/><N who="1" m="16384" /><DORA hai="28" /><U59/><E59/><V113/><F113/><W71/><G71/><T63/><D50/><N who="1" m="31031" /><E89/><V78/><F78/><W73/><G73/><T21/><D63/><U46/><E46/><V20/><REACH who="2" step="1"/><F27/><REACH who="2" ten="351,253,214,172" step="2"/><W82/><G32/><T26/><D76/><U17/><E14/><V40/><F40/><W25/><G41/><T81/><D13/><U92/><AGARI ba="0,1" hai="16,17,19,42,43,84,88,92" m="31031,16384" machi="92" ten="50,8000,1" yaku="8,1,52,2,54,2" doraHai="36,28" who="1" fromWho="1" sc="351,-20,253,90,214,-40,172,-20" /><INIT seed="3,0,0,1,0,82" ten="331,343,174,152" oya="3" hai0="109,59,51,32,99,127,47,97,52,30,101,105,19" hai1="119,111,31,55,23,11,74,134,27,3,8,6,85" hai2="68,117,95,80,100,112,92,120,50,58,67,49,124" hai3="114,22,94,63,26,34,79,16,133,87,107,72,102"/><W42/><G114/><T24/><D127/><U2/><E74/><V103/><F112/><W77/><G133/><T62/><D109/><U18/><E134/><V14/><F117/><W66/><G72/><T41/><D99/><U110/><E119/><V121/><F68/><W96/><G42/><T15/><D15/><U48/><E31/><V125/><F14/><W40/><G40/><T7/><D19/><U118/><E118/><V90/><F67/><W88/><REACH who="3" step="1"/><G34/><REACH who="3" ten="331,343,174,142" step="2"/><T36/><REACH who="0" step="1"/><D7/><REACH who="0" ten="321,343,174,142" step="2"/><U71/><E6/><V78/><F124/><W53/><G53/><T75/><D75/><U98/><E2/><V122/><F125/><W56/><AGARI ba="0,2" hai="16,22,26,56,63,66,77,79,87,88,94,96,102,107" machi="56" ten="20,18000,2" yaku="1,1,0,1,7,1,52,1,54,2,53,1" doraHai="82" doraHaiUra="13" who="3" fromWho="3" sc="321,-60,343,-60,174,-60,142,200" /><INIT seed="3,1,0,1,4,25" ten="261,283,114,342" oya="3" hai0="72,48,1,16,117,118,58,32,27,120,6,106,82" hai1="101,47,107,15,119,51,36,134,42,92,109,128,61" hai2="9,131,96,44,127,46,135,121,67,122,108,63,34" hai3="126,100,23,87,45,52,53,91,2,0,76,41,17"/><W133/><G133/><T110/><D120/><N who="2" m="46186" /><F34/><W73/><G126/><T40/><D110/><U111/><E134/><V130/><F135/><W8/><G100/><T112/><D112/><U94/><E107/><V102/><F9/><W21/><G73/><T3/><D106/><U19/><E128/><N who="2" m="49195" /><F108/><N who="1" m="41545" /><E119/><V37/><F127/><W65/><G65/><T62/><D6/><U5/><E5/><V56/><F37/><W105/><G105/><AGARI ba="1,0" hai="44,46,56,63,67,96,102,105" m="49195,46186" machi="105" ten="30,2000,0" yaku="13,1,19,1" doraHai="25" who="2" fromWho="3" sc="261,0,283,0,114,23,342,-23" /><INIT seed="4,0,0,2,1,0" ten="261,283,137,319" oya="0" hai0="99,2,4,88,59,6,66,39,94,76,37,51,32" hai1="82,23,31,110,54,42,35,73,81,102,14,30,48" hai2="62,36,83,125,18,127,114,87,108,126,60,105,132" hai3="93,38,11,27,90,130,85,78,70,106,56,135,74"/><T22/><D32/><U115/><E110/><V112/><F108/><W50/><G70/><T77/><D2/><U29/><E35/><V21/><F36/><W86/><G38/><T68/><D68/><U134/><E134/><V49/><F105/><W61/><G135/><T34/><D34/><U128/><E128/><V25/><F132/><W28/><G106/><T101/><D39/><U96/><E42/><V47/><F62/><W15/><G74/><T13/><D37/><U9/><E23/><V19/><F60/><W63/><G130/><T52/><D66/><U107/><E73/><V129/><F18/><W69/><G69/><T24/><D101/><U122/><E115/><V119/><F119/><W131/><G27/><T79/><D13/><U10/><E10/><V103/><F103/><W33/><G28/><AGARI ba="0,0" hai="4,6,22,24,28,51,52,59,76,77,79,88,94,99" machi="28" ten="40,12000,1" yaku="8,1,52,2,54,2" doraHai="0" who="0" fromWho="3" sc="261,120,283,0,137,0,319,-120" /><INIT seed="4,1,0,1,4,131" ten="381,283,137,199" oya="0" hai0="28,82,129,128,120,32,101,81,63,68,73,100,112" hai1="24,56,107,34,64,115,75,61,54,127,108,51,66" hai2="11,125,135,122,37,99,2,19,13,6,80,26,103" hai3="94,70,77,91,116,55,121,8,79,95,84,3,69"/><T113/><D120/><U42/><E107/><V133/><F122/><W109/><G109/><T98/><D28/><U124/><E75/><V33/><F37/><W102/><G116/><T12/><D12/><U85/><E34/><V43/><F43/><W20/><G121/><T10/><D10/><U89/><E24/><V106/><F125/><N who="1" m="48201" /><E108/><V93/><F80/><N who="0" m="30826" /><D32/><U5/><E89/><V21/><F106/><W83/><G69/><T130/><D73/><U123/><E85/><V86/><F86/><W35/><G70/><T104/><D100/><U87/><E5/><V110/><F110/><W7/><G35/><T134/><D134/><N who="2" m="51210" /><F33/><W38/><G38/><T72/><D72/><U4/><E87/><V14/><AGARI ba="1,0" hai="2,6,11,13,14,19,21,26,93,99,103" m="51210" machi="14" ten="30,7900,0" yaku="20,1,52,3" doraHai="131" who="2" fromWho="2" sc="381,-40,283,-21,137,82,199,-21" /><INIT seed="5,0,0,1,5,29" ten="341,262,219,178" oya="1" hai0="84,72,95,69,132,112,3,8,59,24,117,125,20" hai1="38,11,47,5,89,0,16,104,122,127,62,91,102" hai2="73,130,6,33,15,100,17,32,111,129,57,109,9" hai3="66,14,40,19,77,120,65,124,48,101,88,126,133"/><U70/><E127/><N who="3" m="48682" /><G120/><T55/><D69/><U110/><E122/><V54/><F73/><W60/><G101/><T107/><D107/><U86/><E110/><N who="2" m="41995" /><F100/><W81/><G133/><T98/><D132/><U115/><E115/><V12/><F57/><W92/><G40/><T90/><D59/><U93/><E104/><V39/><F54/><W58/><G48/><T75/><D55/><U27/><E102/><V4/><F39/><W28/><G28/><T31/><D31/><U82/><E47/><V116/><F116/><W76/><G65/><T71/><D117/><U113/><E38/><V118/><F118/><W26/><G26/><T56/><D24/><U43/><E43/><V85/><F85/><N who="3" m="52239" /><G81/><T21/><D112/><U121/><E113/><V94/><F94/><W44/><G44/><T22/><D95/><U123/><E70/><V61/><F61/><W78/><G77/><T45/><D45/><U131/><E62/><V135/><F135/><W119/><G119/><T49/><D49/><U41/><E41/><V37/><F37/><W53/><G53/><T7/><D125/><U30/><E123/><V105/><F105/><W68/><G68/><T114/><D71/><U63/><E121/><V87/><F87/><W46/><G46/><T18/><D84/><N who="1" m="52391" /><E63/><V106/><F106/><W52/><G66/><T10/><D114/><U34/><E16/><V80/><F80/><W79/><G79/><T134/><D18/><U25/><E25/><V2/><F17/><W103/><G103/><T108/><D134/><U50/><E50/><V83/><F83/><W96/><G96/><RYUUKYOKU ba="0,0" sc="341,-15,262,15,219,-15,178,15" hai1="0,5,11,27,30,34,82,86,91,131" hai3="14,19,52,58,60,76,78" /><INIT seed="5,1,0,1,3,3" ten="326,277,204,193" oya="1" hai0="84,24,79,90,93,95,12,118,40,115,78,10,16" hai1="64,28,94,70,74,83,73,71,23,103,50,57,129" hai2="53,51,11,49,107,13,80,22,134,43,26,34,116" hai3="0,113,114,91,8,48,81,29,122,38,110,124,123"/><U62/><E129/><V36/><F116/><W88/><G38/><T68/><D115/><N who="3" m="44041" /><G110/><T133/><D133/><U56/><E71/><V100/><F134/><W42/><G29/><T104/><D104/><U72/><E83/><V6/><F34/><W132/><G132/><T32/><D118/><U52/><E70/><V130/><F130/><W97/><G124/><T69/><D40/><U120/><E120/><N who="3" m="46122" /><G97/><T59/><D69/><U75/><N who="1" m="18432" /><DORA hai="121" /><U18/><E28/><V99/><F53/><W77/><G42/><T31/><D68/><U128/><E128/><V61/><F61/><W127/><G127/><T126/><D126/><U33/><E33/><V7/><F7/><N who="3" m="1127" /><G48/><T47/><D78/><U54/><E94/><V66/><F66/><W63/><G63/><T96/><D79/><U30/><E30/><V98/><F98/><W9/><G9/><T15/><D95/><U25/><E103/><V27/><F80/><W37/><G37/><T131/><D96/><U125/><E125/><V135/><F135/><W60/><G60/><T65/><D10/><U112/><REACH who="1" step="1"/><E112/><REACH who="1" ten="326,267,204,193" step="2"/><V19/><F36/><W35/><G35/><N who="0" m="20967" /><D131/><U58/><E58/><V39/><F39/><W4/><G4/><T46/><D59/><U85/><E85/><AGARI ba="1,1" hai="77,81,85,88,91" m="1127,46122,44041" machi="85" ten="30,3900,0" yaku="15,1,52,1,54,1" doraHai="3,121" who="3" fromWho="1" sc="326,0,267,-42,204,0,193,52" /><INIT seed="6,0,0,0,1,109" ten="326,225,204,245" oya="2" hai0="33,128,127,83,99,14,51,46,123,1,133,62,19" hai1="45,4,10,97,42,72,38,5,74,7,113,66,87" hai2="105,86,81,40,75,32,49,15,55,114,120,98,21" hai3="52,80,101,118,124,36,79,18,24,0,115,47,48"/><V94/><F120/><W77/><G118/><T29/><D123/><U56/><E10/><V93/><F32/><W31/><G0/><T69/><D128/><U104/><E87/><V108/><F108/><W17/><G124/><T25/><D1/><U12/><E12/><V8/><F75/><W54/><G36/><T9/><D133/><U107/><E113/><V92/><F105/><W125/><G115/><T11/><D99/><U27/><E27/><V44/><F114/><W84/><G125/><T102/><D102/><U134/><E134/><V88/><F21/><N who="3" m="15759" /><G101/><T3/><D83/><U6/><N who="1" m="1024" /><DORA hai="35" /><U30/><E30/><V119/><F119/><W64/><G64/><T23/><D127/><U2/><E97/><V131/><F131/><W59/><G79/><T122/><D122/><U71/><E71/><V68/><F68/><W96/><G96/><T85/><D85/><U22/><E22/><V121/><F121/><W89/><G89/><T60/><D69/><U111/><E111/><V20/><F20/><W28/><G28/><T116/><D3/><U57/><E2/><V103/><F40/><W78/><G78/><T41/><D116/><U129/><E129/><V130/><F130/><W117/><G117/><T50/><D33/><U37/><E37/><V16/><AGARI ba="0,0" hai="8,15,16,44,49,55,81,86,88,92,93,94,98,103" machi="16" ten="20,18000,2" yaku="0,1,7,1,25,2,8,1,54,2" doraHai="109,35" who="2" fromWho="2" sc="326,-60,225,-60,204,180,245,-60" /><INIT seed="6,1,0,1,1,45" ten="266,165,384,185" oya="2" hai0="84,112,24,125,1,47,50,123,124,87,86,37,4" hai1="131,16,71,26,22,14,129,119,8,40,96,78,108" hai2="27,101,49,118,42,19,98,29,34,48,105,44,74" hai3="117,59,53,80,55,57,23,56,100,17,75,72,95"/><V69/><F118/><W6/><G117/><T116/><D123/><U46/><E71/><V83/><F69/><W65/><G6/><T81/><D112/><U99/><E119/><V36/><REACH who="2" step="1"/><F19/><REACH who="2" ten="266,165,374,185" step="2"/><W5/><G17/><T91/><D116/><U13/><E108/><V121/><F121/><W9/><G5/><T2/><D4/><U33/><E129/><V51/><F51/><W62/><G75/><T3/><D37/><U58/><E131/><V85/><F85/><W130/><G72/><T89/><D87/><U79/><E96/><V61/><F61/><W43/><G130/><T39/><D39/><U54/><E99/><V66/><F66/><W103/><G65/><T92/><REACH who="0" step="1"/><D24/><REACH who="0" ten="256,165,374,185" step="2"/><U126/><E26/><V20/><F20/><W104/><G23/><T110/><D110/><U107/><E22/><V7/><F7/><W31/><G9/><T52/><AGARI ba="1,2" hai="1,2,3,47,50,52,81,84,86,89,91,92,124,125" machi="52" ten="40,8000,1" yaku="1,1,0,1,52,1,54,1,53,1" doraHai="45" doraHaiUra="77" who="0" fromWho="0" sc="256,103,165,-21,374,-41,185,-21" /><INIT seed="7,0,0,1,1,49" ten="359,144,333,164" oya="3" hai0="110,60,6,2,7,71,10,21,3,70,112,26,94" hai1="77,75,105,67,63,115,44,27,95,90,32,135,108" hai2="119,85,52,89,134,74,58,92,65,51,64,93,80" hai3="47,107,73,111,29,42,131,11,34,4,24,78,55"/><W56/><G131/><T121/><D121/><U39/><E108/><V40/><F119/><W46/><G107/><T54/><D110/><U130/><E105/><V87/><F134/><W128/><G128/><T114/><D94/><N who="2" m="36458" /><F74/><W96/><G96/><T103/><D103/><U59/><E130/><V0/><F0/><W82/><G111/><T19/><D7/><U116/><E116/><V91/><F40/><W13/><G42/><T37/><D37/><U16/><E135/><V132/><F132/><W61/><AGARI ba="0,0" hai="4,11,13,24,29,34,46,47,55,56,61,73,78,82" machi="61" ten="20,3900,0" yaku="0,1,7,1,52,1" doraHai="49" who="3" fromWho="3" sc="359,-13,144,-13,333,-13,164,39" /><INIT seed="7,1,0,0,4,110" ten="346,131,320,203" oya="3" hai0="117,75,8,22,89,121,135,64,33,50,124,35,132" hai1="36,98,44,76,54,118,14,41,111,59,104,107,115" hai2="102,0,85,29,6,63,78,24,17,97,32,128,83" hai3="103,95,13,45,131,47,101,77,79,3,9,69,38"/><W42/><G3/><T11/><D117/><U73/><E111/><V23/><F128/><W91/><G131/><T67/><D121/><U71/><E118/><V1/><F63/><W62/><G45/><T48/><D89/><U92/><E71/><V43/><F43/><W74/><G103/><T108/><D108/><U15/><E76/><V58/><F58/><W40/><G101/><T82/><D82/><U25/><E73/><V65/><F65/><N who="0" m="25162" /><D22/><U88/><E25/><V10/><F0/><W119/><G40/><T37/><D75/><U66/><E66/><V70/><F70/><W87/><G62/><T57/><D57/><U129/><E129/><V93/><REACH who="2" step="1"/><F17/><REACH who="2" ten="346,131,310,203" step="2"/><W7/><G69/><T27/><D37/><U109/><E109/><V26/><F26/><W130/><G130/><T100/><D27/><U12/><REACH who="1" step="1"/><E115/><REACH who="1" ten="346,121,310,203" step="2"/><V122/><F122/><W72/><G119/><T116/><D116/><U134/><E134/><V56/><F56/><W16/><G74/><T123/><D135/><U90/><E90/><V105/><F105/><W31/><G72/><T126/><D132/><U84/><E84/><V60/><F60/><W113/><G113/><T39/><D123/><U2/><E2/><V19/><F19/><W133/><G133/><T96/><D100/><U18/><E18/><V34/><AGARI ba="1,2" hai="1,6,10,23,24,29,32,34,78,83,85,93,97,102" machi="34" ten="30,2000,0" yaku="1,1,0,1,53,0" doraHai="110" doraHaiUra="125" who="2" fromWho="2" sc="346,-6,121,-6,310,43,203,-11" owari="340,14.0,115,-38.5,353,45.3,192,-20.8" /></mjloggm>