<mjloggm ver="2.3"><GO type="225" lobby="0"/><UN n0="%E7%B4%94%E6%BD%94%E3%83%94%E3%83%A9%E3%83%8B%E3%82%A2" n1="%E3%82%BC%E3%83%AB%E3%83%80%E3%81%AE%E4%BC%9D%E8%AA%AC" n2="%E6%A1%9C%E8%8A%B1%E9%96%83%E3%80%85" n3="%E6%9C%88%E5%B3%B6%E5%9F%BA" dan="16,17,16,17" rate="2202.99,2151.37,2206.53,2204.53" sx="M,M,M,M"/><TAIKYOKU oya="0"/><INIT seed="0,0,0,2,3,3" ten="250,250,250,250" oya="0" hai0="134,2,55,44,64,81,48,10,36,67,109,85,35" hai1="102,74,17,97,56,95,128,12,46,112,1,100,54" hai2="58,37,87,25,89,5,90,9,41,125,120,61,27" hai3="43,65,8,23,124,71,132,21,13,75,32,108,28"/><T22/><D35/><U94/><E1/><V14/><F120/><W123/><G43/><T105/><D105/><U103/><E74/><V98/><F125/><W26/><G65/><T96/><D134/><U135/><E135/><V0/><F0/><W131/><G71/><T34/><D34/><U101/><E128/><V115/><F115/><W68/><G68/><T118/><D118/><U20/><E112/><V4/><F37/><W130/><G75/><T79/><D36/><U99/><REACH who="1" step="1"/><E46/><REACH who="1" ten="250,240,250,250" step="2"/><V92/><F41/><W51/><G132/><T73/><D73/><U133/><E133/><V106/><F4/><W39/><G131/><T38/><D38/><U84/><E84/><V77/><F77/><W33/><G39/><T47/><D47/><U117/><E117/><V110/><F110/><W6/><G130/><T60/><D109/><U19/><E19/><V66/><REACH who="2" step="1"/><F106/><REACH who="2" ten="250,240,240,250" step="2"/><W53/><G108/><T83/><D2/><U70/><E70/><V80/><AGARI ba="0,2" hai="5,9,14,25,27,58,61,66,80,87,89,90,92,98" machi="80" ten="20,12000,2" yaku="1,1,2,1,0,1,7,1,8,1,52,1,53,0" doraHai="3" doraHaiUra="111" who="2" fromWho="2" sc="250,-60,240,-30,240,140,250,-30" /><INIT seed="1,0,0,0,0,3" ten="190,210,380,220" oya="1" hai0="133,90,105,131,130,67,13,134,22,50,20,104,27" hai1="117,51,129,71,10,64,77,59,23,49,28,32,114" hai2="127,119,122,109,108,106,135,92,26,75,34,82,47" hai3="86,66,62,85,8,63,2,73,123,116,5,87,96"/><U128/><E117/><V126/><F122/><W95/><G123/><T14/><D67/><U29/><E114/><V72/><F119/><W65/><G73/><N who="2" m="28233" /><F135/><N who="0" m="51722" /><D90/><U18/><E77/><V24/><F106/><N who="0" m="41066" /><D50/><U60/><E10/><V7/><F7/><W52/><G116/><T103/><D103/><U19/><E19/><V53/><F82/><W88/><REACH who="3" step="1"/><G63/><REACH who="3" ten="190,210,380,210" step="2"/><T93/><D130/><U83/><E129/><V91/><F109/><W89/><G89/><T37/><D131/><U4/><E128/><V46/><F108/><W31/><G31/><T78/><D78/><U121/><E121/><V94/><F91/><W56/><AGARI ba="0,1" hai="2,5,8,52,56,62,65,66,85,86,87,88,95,96" machi="56" ten="30,8000,1" yaku="1,1,0,1,52,1,54,2,53,0" doraHai="3" doraHaiUra="11" who="3" fromWho="3" sc="190,-20,210,-40,380,-20,210,90" /><INIT seed="2,0,0,4,1,107" ten="170,170,360,300" oya="2" hai0="115,91,134,53,46,2,64,40,25,123,11,29,100" hai1="85,99,72,74,90,103,0,5,22,70,55,30,133" hai2="89,130,69,3,73,132,98,8,43,93,97,27,122" hai3="19,125,131,52,111,16,13,117,18,15,71,66,54"/><V51/><F122/><W112/><G117/><T87/><D115/><U37/><E37/><V65/><F132/><W79/><G112/><T84/><D123/><U116/><E116/><V48/><F130/><W118/><G118/><T26/><D100/><U7/><E70/><V28/><F73/><W119/><G119/><T9/><D2/><U62/><E133/><V23/><F43/><W67/><G131/><T17/><D64/><N who="3" m="24617" /><G71/><T39/><D53/><N who="3" m="20585" /><G111/><T34/><D84/><U108/><E108/><V6/><REACH who="2" step="1"/><F98/><REACH who="2" ten="170,170,350,300" step="2"/><W126/><G79/><T35/><D134/><U57/><E74/><V120/><F120/><W77/><G77/><T58/><D40/><U78/><E78/><V68/><F68/><W60/><G60/><AGARI ba="0,1" hai="3,6,8,23,27,28,48,51,60,65,69,89,93,97" machi="60" ten="40,2000,0" yaku="1,1,53,0" doraHai="107" doraHaiUra="76" who="2" fromWho="3" sc="170,0,170,0,350,30,300,-20" /><INIT seed="2,1,0,0,1,77" ten="170,170,380,280" oya="2" hai0="65,69,15,86,68,26,38,87,32,51,22,134,39" hai1="110,62,30,89,27,5,45,46,102,78,40,85,129" hai2="95,16,84,111,58,120,2,123,116,53,20,47,17" hai3="3,9,117,25,19,101,64,1,124,42,73,94,7"/><V56/><F116/><W8/><G117/><T31/><D134/><U115/><E115/><V0/><F47/><W127/><G73/><T122/><D122/><U11/><E129/><V108/><F95/><W10/><G42/><T70/><D65/><U119/><E119/><V98/><F84/><W72/><G72/><T82/><D86/><U34/><E110/><N who="2" m="42027" /><F98/><W79/><G79/><T93/><D93/><U90/><E102/><V105/><F105/><W92/><G64/><T4/><D51/><U18/><E18/><N who="2" m="7275" /><F20/><N who="3" m="13471" /><G101/><T100/><D100/><U71/><E78/><V126/><F126/><N who="3" m="48171" /><G92/><T59/><D22/><U121/><E40/><V52/><F58/><W74/><G94/><T118/><D59/><U54/><E121/><N who="2" m="46667" /><F53/><W106/><G74/><T49/><D118/><U36/><E54/><V112/><F112/><W14/><G106/><T99/><D99/><U130/><E85/><V55/><F55/><W6/><G10/><T60/><D60/><AGARI ba="1,0" hai="0,2,52,56,60" m="46667,7275,42027" machi="60" ten="30,11600,0" yaku="14,1,10,1,54,2" doraHai="77" who="2" fromWho="0" sc="170,-119,170,0,380,119,280,0" /><INIT seed="2,2,0,4,1,49" ten="51,170,499,280" oya="2" hai0="83,127,44,7,13,34,109,80,12,98,20,64,126" hai1="54,47,15,10,17,131,118,87,90,26,79,40,25" hai2="30,114,95,41,94,68,33,133,27,36,46,42,111" hai3="93,3,88,113,119,91,35,24,72,1,14,8,135"/><V110/><F114/><W62/><G119/><T85/><D34/><U108/><E118/><V102/><F68/><W117/><G117/><T45/><D98/><U75/><E108/><N who="2" m="41515" /><F133/><W19/><G72/><T52/><D109/><U65/><E131/><V4/><F102/><W59/><G135/><T71/><D85/><U73/><E65/><V112/><F112/><W78/><G78/><T38/><D20/><U76/><E73/><V50/><F4/><W48/><G48/><T55/><D7/><U130/><E130/><V60/><F60/><W105/><G105/><T81/><D38/><U21/><E75/><V86/><F86/><W0/><G113/><T56/><D56/><U125/><E125/><N who="0" m="47625" /><D64/><U67/><E67/><V97/><F97/><W122/><G122/><T84/><D84/><U51/><E40/><V77/><F77/><N who="1" m="29769" /><E21/><V124/><F124/><W39/><G35/><T2/><D2/><U63/><E63/><V69/><F69/><W89/><G3/><T23/><D23/><U66/><E66/><V107/><F107/><W99/><G1/><T129/><D71/><U6/><E6/><V104/><F104/><W101/><G0/><T82/><N who="0" m="20480" /><DORA hai="22" /><T5/><D5/><U100/><E100/><V32/><F32/><W134/><G134/><T28/><D129/><U9/><E9/><V132/><F132/><W58/><G101/><T96/><D96/><U115/><E115/><V31/><F31/><W128/><G99/><T120/><D120/><U57/><E57/><V61/><F33/><W53/><G128/><T123/><D123/><U11/><E11/><RYUUKYOKU ba="2,0" sc="51,-10,170,30,499,-10,280,-10" hai1="10,15,17,25,26,47,51,54,87,90" /><INIT seed="3,3,0,5,4,1" ten="41,200,489,270" oya="3" hai0="92,8,90,133,69,71,105,54,86,121,42,7,27" hai1="10,43,109,17,20,104,117,22,70,57,9,120,125" hai2="113,38,61,6,79,96,73,59,39,129,21,36,88" hai3="85,55,83,15,11,53,102,4,103,87,12,99,101"/><W33/><G33/><T29/><D121/><U46/><E70/><V31/><F113/><W66/><G66/><T77/><D133/><U119/><E104/><V14/><F129/><W81/><G99/><T67/><D105/><U18/><E57/><V32/><F32/><W74/><G74/><T48/><D67/><U107/><E107/><V41/><F41/><W122/><G122/><T63/><D63/><U100/><E46/><V37/><F37/><W13/><G11/><T127/><D127/><U5/><E43/><V111/><F111/><W128/><G128/><T94/><D77/><U45/><E45/><V49/><F49/><W25/><G25/><T118/><D42/><U116/><E100/><V47/><F47/><W131/><G131/><T108/><D108/><U93/><E93/><V52/><F31/><W60/><G60/><T16/><D118/><U114/><E109/><V124/><F124/><W51/><G51/><T110/><D110/><U91/><E91/><V134/><F134/><W68/><G68/><T35/><D92/><U3/><E125/><V34/><F34/><W2/><G2/><T62/><D62/><U50/><E50/><V30/><F39/><W28/><G28/><T64/><D64/><U23/><E120/><V56/><F73/><W75/><G75/><T84/><D71/><U58/><E114/><V123/><F96/><W115/><G115/><T76/><D69/><U97/><E97/><V112/><F30/><W98/><G98/><T40/><D40/><U65/><E10/><V132/><F61/><AGARI ba="3,0" hai="3,5,9,17,18,20,22,23,58,61,65,116,117,119" machi="61" ten="50,3200,0" yaku="12,1,52,1" doraHai="1" who="1" fromWho="2" sc="41,0,200,41,489,-41,270,0" owari="41,-45.9,241,-15.9,448,54.8,270,7.0" /></mjloggm>