<mjloggm ver="2.3"><GO type="169" lobby="0"/><UN n0="%E6%95%97%E5%8C%97%E8%80%85%E3%81%AD%E3%82%8B" n1="%4D%41%43%4F%54%4F" n2="%E3%81%A9%E3%82%93%E3%81%9F%E3%82%83%E3%82%93" n3="%58%E7%8C%AB" dan="17,16,16,16" rate="2179.38,2068.15,2162.09,2084.71" sx="F,F,F,M"/><TAIKYOKU oya="0"/><INIT seed="0,0,0,1,1,22" ten="250,250,250,250" oya="0" hai0="5,62,32,101,123,116,72,122,68,52,48,11,118" hai1="131,6,115,100,51,86,81,17,60,38,55,20,77" hai2="104,4,75,30,53,134,93,49,7,57,85,41,24" hai3="19,88,47,46,102,121,74,33,25,90,13,76,91"/><T64/><D72/><U44/><E131/><V105/><F75/><W108/><G108/><T0/><D32/><U99/><E115/><V80/><F134/><W98/><G121/><T110/><D110/><U127/><E127/><V135/><F135/><W50/><G74/><T78/><D78/><U45/><E6/><V130/><F130/><W125/><G76/><T9/><D123/><U96/><E60/><V35/><F93/><W113/><G125/><T36/><D122/><U56/><E38/><V71/><F71/><W1/><G1/><T111/><D111/><U59/><E59/><V61/><F41/><W107/><G113/><T124/><D36/><U43/><E43/><V84/><F84/><W82/><G82/><T67/><D67/><U112/><E99/><V95/><F95/><W119/><G119/><T2/><D101/><U34/><E34/><V87/><F87/><W120/><G120/><T117/><D124/><U97/><E97/><V65/><F104/><W21/><REACH who="3" step="1"/><G50/><REACH who="3" ten="250,250,250,240" step="2"/><T58/><REACH who="0" step="1"/><D9/><REACH who="0" ten="240,250,250,240" step="2"/><U69/><E112/><V89/><F105/><W54/><G54/><T31/><D31/><AGARI ba="0,2" hai="13,19,21,25,31,33,46,47,88,90,91,98,102,107" machi="31" ten="40,8000,1" yaku="1,1,52,1,54,1,53,1" doraHai="22" doraHaiUra="10" who="3" fromWho="0" sc="240,-80,250,0,250,0,240,100" /><INIT seed="1,0,0,4,4,129" ten="160,250,250,340" oya="1" hai0="110,28,18,102,22,99,115,75,89,59,122,113,79" hai1="29,109,35,97,1,82,133,25,8,14,131,12,54" hai2="66,114,49,69,67,125,107,76,55,118,61,16,70" hai3="9,127,134,2,98,84,68,21,26,5,27,34,62"/><U73/><E131/><V33/><F33/><W6/><G84/><T17/><D110/><U4/><E109/><V93/><F107/><W23/><G98/><T39/><D39/><U3/><E97/><V86/><F118/><W43/><G43/><T46/><D122/><U106/><E106/><V111/><F111/><W121/><G62/><T64/><D46/><U120/><E120/><V96/><F125/><W71/><G121/><T7/><D7/><U90/><E90/><V0/><F0/><W65/><G65/><T15/><D28/><U60/><E3/><V74/><F74/><W19/><G127/><T108/><D89/><U53/><E60/><V87/><F76/><W50/><G50/><T81/><D108/><U83/><E73/><V88/><F114/><W135/><G34/><T92/><D64/><U101/><E101/><V58/><F67/><W116/><G116/><T100/><D100/><U119/><E119/><V44/><REACH who="2" step="1"/><F16/><REACH who="2" ten="160,250,240,340" step="2"/><W56/><G2/><T126/><D126/><U95/><E1/><V103/><F103/><W47/><G19/><T36/><D18/><U104/><E104/><V94/><F94/><W117/><G117/><T42/><D115/><U77/><E95/><V41/><F41/><W132/><G9/><T63/><D113/><U45/><E8/><V10/><F10/><W31/><G31/><T13/><D13/><U51/><E14/><V112/><F112/><W20/><G5/><T85/><D75/><U40/><E4/><V78/><F78/><W123/><G6/><T105/><D105/><U11/><E12/><V72/><F72/><RYUUKYOKU ba="0,1" sc="160,-10,250,-10,240,30,340,-10" hai2="44,49,55,58,61,66,69,70,86,87,88,93,96" /><INIT seed="2,1,1,3,3,83" ten="150,240,270,330" oya="2" hai0="35,41,13,42,44,63,135,78,2,97,105,60,24" hai1="39,25,32,21,16,52,110,48,45,65,128,51,118" hai2="81,68,49,120,101,104,107,66,36,9,131,71,57" hai3="87,96,132,53,108,47,27,72,115,88,3,7,59"/><V19/><F120/><W85/><G72/><T62/><D2/><U5/><E118/><V77/><F36/><W0/><G47/><T12/><D135/><U58/><E39/><V31/><F131/><W17/><G132/><T102/><D78/><U130/><E110/><V33/><F31/><W73/><G73/><T106/><D106/><U100/><E100/><V4/><F19/><W26/><G108/><T129/><D129/><N who="1" m="49771" /><E5/><V109/><F33/><W117/><G26/><T20/><D35/><U111/><E111/><V23/><F23/><N who="3" m="13807" /><G117/><T54/><D54/><N who="1" m="29967" /><E32/><V121/><F121/><W37/><G37/><T98/><D98/><U95/><E95/><V123/><F123/><W90/><G115/><T15/><REACH who="0" step="1"/><D44/><REACH who="0" ten="140,240,270,330" step="2"/><U70/><E65/><V34/><F34/><W86/><G0/><T134/><D134/><U14/><E70/><V124/><F109/><W55/><G3/><T69/><D69/><U93/><E93/><V114/><F114/><W103/><G53/><T133/><D133/><U38/><E38/><V94/><F94/><N who="3" m="58775" /><G7/><T80/><D80/><U50/><E25/><V84/><F107/><W64/><G64/><T76/><D76/><U46/><E46/><V18/><F66/><W113/><G113/><T122/><D122/><U29/><E29/><AGARI ba="1,2" hai="12,13,15,20,24,29,41,42,60,62,63,97,102,105" machi="29" ten="40,8000,1" yaku="1,1,53,3" doraHai="83" doraHaiUra="11" who="0" fromWho="1" sc="140,103,240,-83,270,0,330,0" /><INIT seed="3,0,0,3,4,70" ten="243,157,270,330" oya="3" hai0="98,129,53,12,62,111,51,44,48,71,1,24,17" hai1="64,93,80,100,47,61,83,49,72,39,104,128,38" hai2="45,78,95,125,2,27,57,109,55,99,102,10,101" hai3="68,20,23,33,56,74,112,75,108,115,9,123,82"/><W66/><G123/><T11/><D1/><U88/><E128/><V7/><F109/><W91/><G68/><T127/><D111/><U92/><E104/><V73/><F125/><W15/><G108/><T86/><D129/><U119/><E119/><V59/><F102/><W114/><G33/><T29/><D127/><U135/><E135/><V54/><F54/><W40/><G91/><T22/><D98/><U89/><E72/><V60/><F59/><W65/><G40/><T26/><D26/><U120/><E100/><V105/><F45/><W69/><G56/><T58/><D71/><U19/><E19/><V4/><F4/><W31/><G69/><T43/><REACH who="0" step="1"/><D86/><REACH who="0" ten="233,157,270,330" step="2"/><U63/><E120/><V132/><F27/><N who="3" m="16871" /><G74/><T52/><D52/><U8/><E64/><V41/><F55/><W36/><G65/><T0/><D0/><U122/><E122/><V94/><F2/><W34/><G66/><T25/><D25/><U37/><E63/><AGARI ba="0,1" hai="11,12,17,22,24,29,43,44,48,51,53,58,62,63" machi="63" ten="40,2600,0" yaku="1,1,8,1,53,0" doraHai="70" doraHaiUra="124" who="0" fromWho="1" sc="233,36,157,-26,270,0,330,0" /><INIT seed="4,0,0,0,2,45" ten="269,131,270,330" oya="0" hai0="119,50,87,54,68,35,59,26,12,112,14,82,132" hai1="66,40,43,100,92,101,30,114,88,108,127,8,19" hai2="3,6,2,46,24,89,123,9,91,5,42,113,76" hai3="36,47,44,130,70,118,107,104,13,74,20,27,11"/><T53/><D119/><U126/><E108/><V22/><F123/><W110/><G118/><T79/><D68/><U78/><E78/><V85/><F113/><W115/><G110/><T134/><D112/><U133/><E133/><N who="0" m="51305" /><D54/><U29/><E66/><V57/><F57/><W18/><G70/><T95/><D95/><U94/><E114/><V81/><F6/><W84/><G74/><T96/><D96/><U65/><E65/><V75/><F2/><W90/><G130/><T120/><D120/><U38/><E38/><V129/><F85/><W73/><G73/><T77/><D77/><U62/><E62/><V105/><F105/><W33/><G115/><T72/><D72/><U86/><E8/><V102/><F102/><W131/><G131/><T135/><N who="0" m="51313" /><T49/><DORA hai="125" /><D49/><U83/><E19/><V37/><REACH who="2" step="1"/><F129/><REACH who="2" ten="269,131,260,330" step="2"/><W97/><G107/><T58/><D58/><U52/><E126/><V56/><F56/><W51/><G104/><T32/><D32/><U103/><E127/><V63/><F63/><W55/><G33/><T98/><D98/><U124/><E124/><V0/><F0/><W116/><G97/><T48/><D48/><U64/><E101/><V80/><F80/><W109/><G109/><T121/><D121/><U128/><E128/><V7/><F7/><W67/><G84/><T34/><D34/><U122/><E103/><V111/><F111/><W21/><G51/><T1/><D1/><U93/><E100/><V23/><F23/><W69/><G21/><T17/><D35/><U31/><E122/><V99/><F99/><W25/><G20/><AGARI ba="0,1" hai="12,14,17,20,26,50,53,59,79,82,87" m="51313" machi="20" ten="40,7700,0" yaku="6,1,20,1,52,1" doraHai="45,125" who="0" fromWho="3" sc="269,87,131,0,260,0,330,-77" /><INIT seed="4,1,0,4,1,13" ten="356,131,260,253" oya="0" hai0="24,85,34,8,71,79,103,21,118,130,35,47,117" hai1="131,4,113,22,54,95,128,18,122,63,28,49,36" hai2="84,46,70,15,119,65,93,66,55,43,105,33,87" hai3="83,114,123,80,133,58,72,134,29,121,81,40,57"/><T126/><D71/><U17/><E122/><N who="3" m="46602" /><G29/><T77/><D103/><U60/><E36/><V26/><F105/><W104/><G40/><T14/><D47/><U109/><E109/><V99/><F55/><W32/><G32/><T75/><D75/><U124/><E4/><V62/><F66/><W116/><G104/><T10/><D85/><U50/><E124/><V53/><F53/><W19/><G116/><N who="0" m="44651" /><D77/><U110/><E110/><V25/><F119/><W96/><G96/><T106/><D79/><U102/><E113/><V51/><F33/><N who="0" m="12298" /><D106/><U100/><E95/><V59/><F70/><W56/><G72/><T20/><D126/><U52/><E22/><V11/><F87/><W3/><G114/><T39/><D39/><U45/><E28/><V37/><F84/><W82/><N who="3" m="20480" /><DORA hai="92" /><W76/><G76/><T27/><D130/><U44/><AGARI ba="1,0" hai="17,18,44,45,49,50,52,54,60,63,100,102,128,131" machi="44" ten="25,12000,2" yaku="0,1,22,2,52,2,54,1" doraHai="13,92" who="1" fromWho="1" sc="356,-61,131,123,260,-31,253,-31" /><INIT seed="5,0,0,3,4,84" ten="295,254,229,222" oya="1" hai0="122,63,39,12,54,38,66,55,1,115,11,72,127" hai1="99,81,132,75,13,83,65,43,16,107,6,79,4" hai2="56,130,102,21,109,92,35,70,19,48,15,57,40" hai3="101,50,61,125,34,69,96,134,60,0,108,86,126"/><U105/><E132/><V67/><F109/><W68/><G0/><T88/><D72/><U100/><E107/><V89/><F35/><W82/><G34/><T113/><D1/><U76/><E43/><V10/><F130/><W95/><G108/><T62/><D127/><N who="3" m="48649" /><G134/><T90/><D122/><U46/><E46/><N who="2" m="25671" /><F70/><N who="3" m="27243" /><G50/><T8/><D12/><U49/><E49/><V111/><F111/><W114/><G114/><T47/><D47/><U117/><E65/><AGARI ba="0,0" hai="8,11,38,39,54,55,62,63,65,66,88,90,113,115" machi="65" ten="25,8000,1" yaku="22,2,52,2,54,1" doraHai="84" who="0" fromWho="1" sc="295,80,254,-80,229,0,222,0" /><INIT seed="6,0,0,2,1,30" ten="375,174,229,222" oya="2" hai0="52,59,69,18,104,0,114,112,95,31,102,49,23" hai1="11,101,2,73,118,126,121,44,105,83,130,93,78" hai2="72,8,40,17,133,63,109,81,66,80,89,75,128" hai3="9,74,129,37,1,107,27,34,32,119,79,12,88"/><V28/><F40/><W60/><G119/><T46/><D69/><U3/><E118/><V65/><F128/><W123/><G123/><T117/><D0/><U50/><E130/><V7/><F133/><W106/><G129/><T113/><D117/><U53/><E121/><V19/><F28/><W25/><G60/><T110/><D110/><U35/><E126/><V71/><F109/><W58/><G58/><T45/><D104/><U108/><E108/><V36/><F36/><W57/><G57/><T39/><D39/><U64/><E64/><V94/><F66/><W100/><G37/><T70/><D70/><U6/><E105/><V99/><F81/><W98/><G107/><T77/><D77/><U43/><E2/><V38/><F38/><W13/><G13/><N who="0" m="9679" /><D31/><U42/><REACH who="1" step="1"/><E35/><REACH who="1" ten="375,164,229,222" step="2"/><V20/><F65/><W54/><G1/><T90/><D102/><U67/><E67/><V29/><F71/><W82/><G32/><T134/><D134/><U55/><E55/><V111/><F111/><W48/><G34/><T15/><D15/><U96/><AGARI ba="0,1" hai="3,6,11,42,43,44,50,53,73,78,83,93,96,101" machi="96" ten="30,2000,0" yaku="1,1,0,1,53,0" doraHai="30" doraHaiUra="87" who="1" fromWho="1" sc="375,-5,164,30,229,-10,222,-5" /><INIT seed="7,0,0,4,3,98" ten="370,194,219,217" oya="3" hai0="99,129,67,9,133,80,83,91,12,110,102,100,82" hai1="59,17,96,1,65,45,41,43,10,16,111,74,116" hai2="21,103,39,50,2,115,15,79,32,52,121,33,61" hai3="66,18,135,125,132,23,113,108,86,7,93,14,123"/><W55/><G123/><T44/><D110/><U54/><E111/><V48/><F39/><W46/><G108/><T124/><D129/><U25/><E74/><V22/><F79/><W85/><G113/><T119/><D119/><U36/><E116/><V84/><F15/><W58/><G125/><T122/><D122/><U20/><E65/><V130/><F115/><W105/><G105/><T28/><D28/><U47/><E1/><V38/><F38/><W114/><G114/><T81/><D133/><N who="3" m="51273" /><G7/><T6/><D124/><U87/><E96/><V75/><F75/><W107/><G107/><T34/><D34/><U90/><E10/><V88/><F130/><W109/><G109/><T95/><D67/><U73/><E73/><V57/><F32/><W26/><G66/><T128/><D128/><U53/><E17/><V126/><F33/><W49/><G93/><T29/><D29/><U63/><E36/><V51/><F126/><W19/><G58/><T94/><D94/><N who="1" m="54623" /><E47/><V27/><F121/><W76/><G76/><T78/><D44/><U37/><E37/><V112/><F112/><W92/><G92/><T69/><D69/><U127/><E127/><V56/><F56/><W4/><G4/><T60/><D60/><U120/><E120/><V77/><F77/><W5/><G5/><T134/><D134/><U31/><E31/><N who="2" m="17903" /><F2/><W3/><G3/><T72/><AGARI ba="0,0" hai="6,9,12,72,78,80,81,82,83,91,95,99,100,102" machi="72" ten="30,4000,0" yaku="0,1,52,2" doraHai="98" who="0" fromWho="0" sc="370,40,194,-10,219,-10,217,-20" owari="410,51.0,184,-31.6,209,0.9,197,-20.3" /></mjloggm>