<mjloggm ver="2.3"><GO type="169" lobby="0"/><UN n0="%E3%81%8B%E3%81%AA%E3%81%8D%E3%83%BC" n1="%E6%A4%9B%E5%8D%97" n2="%E8%80%81%E6%A5%BD" n3="%E7%B4%94%E6%BD%94%E3%83%94%E3%83%A9%E3%83%8B%E3%82%A2" dan="17,18,17,16" rate="2213.49,2205.65,2175.60,2150.47" sx="F,F,M,M"/><TAIKYOKU oya="0"/><INIT seed="0,0,0,5,5,17" ten="250,250,250,250" oya="0" hai0="35,93,52,87,129,22,92,1,83,21,47,104,127" hai1="101,134,60,79,61,36,48,44,43,118,63,123,2" hai2="29,13,125,23,4,106,120,86,84,24,9,56,14" hai3="135,27,42,32,94,77,132,96,34,112,0,66,18"/><T12/><D104/><U75/><E118/><V50/><F120/><W72/><G112/><T37/><D35/><U59/><E123/><V33/><F106/><W58/><G0/><T51/><D1/><U15/><E2/><V40/><F125/><W82/><G42/><T5/><D37/><U3/><E3/><V8/><F33/><W114/><G114/><T26/><D129/><U81/><E134/><N who="3" m="51242" /><G18/><N who="0" m="10439" /><D5/><U10/><E101/><V70/><F70/><W110/><G27/><T20/><D127/><U107/><E107/><V109/><F109/><W67/><G110/><T115/><D115/><U11/><E11/><V69/><F69/><W90/><G66/><T122/><D122/><U85/><E75/><V53/><REACH who="2" step="1"/><F40/><REACH who="2" ten="250,250,240,250" step="2"/><W28/><G34/><T88/><D22/><U91/><E36/><V124/><F124/><W126/><G32/><T131/><D131/><U89/><REACH who="1" step="1"/><E59/><REACH who="1" ten="250,240,240,250" step="2"/><V103/><F103/><W68/><G58/><T41/><D41/><U57/><E57/><V64/><F64/><W78/><G67/><T130/><D130/><U80/><E80/><V128/><F128/><W95/><G68/><T45/><D45/><U62/><N who="1" m="15360" /><DORA hai="65" /><U98/><E98/><V133/><F133/><W39/><G96/><T38/><D38/><U74/><E74/><V100/><F100/><W49/><G72/><T55/><D55/><U117/><E117/><V116/><F116/><W54/><G54/><T25/><D25/><U46/><E46/><V16/><AGARI ba="0,2" hai="4,8,9,13,14,16,23,24,29,50,53,56,84,86" machi="16" ten="20,12000,2" yaku="1,1,0,1,7,1,8,1,52,1,54,1,53,0" doraHai="17,65" doraHaiUra="113,31" who="2" fromWho="2" sc="250,-60,240,-30,240,140,250,-30" /><INIT seed="1,0,0,2,4,42" ten="190,210,380,220" oya="1" hai0="45,55,91,82,75,9,112,89,50,127,110,97,3" hai1="103,11,48,13,119,114,68,58,84,52,102,22,94" hai2="113,65,101,35,100,18,120,19,133,73,135,62,28" hai3="118,15,25,126,47,44,111,104,60,95,70,23,40"/><U26/><E68/><V39/><F73/><W115/><G104/><T7/><D112/><U117/><E114/><V54/><F39/><W105/><G105/><T27/><D110/><U78/><E119/><V122/><F54/><W21/><G115/><T5/><D127/><U6/><E117/><V128/><F113/><W17/><G111/><T59/><D7/><U53/><E53/><V90/><F90/><W29/><G126/><T74/><D27/><U12/><E12/><V69/><F28/><W61/><G40/><T96/><D59/><U31/><REACH who="1" step="1"/><E94/><REACH who="1" ten="190,200,380,220" step="2"/><V33/><F69/><W106/><G106/><T14/><D14/><U64/><E64/><V108/><F65/><W32/><G118/><T51/><D55/><U116/><E116/><V30/><F108/><W134/><G70/><T81/><D3/><U125/><E125/><V79/><F122/><W85/><G95/><T10/><REACH who="0" step="1"/><D5/><REACH who="0" ten="180,200,380,220" step="2"/><U99/><E99/><V4/><F120/><W43/><G15/><T123/><D123/><U36/><E36/><V86/><F4/><W93/><G25/><T107/><D107/><U92/><E92/><V34/><F135/><W8/><G93/><T67/><D67/><U46/><E46/><AGARI ba="0,2" hai="9,10,45,46,50,51,74,75,81,82,89,91,96,97" machi="46" ten="25,8000,1" yaku="1,1,22,2,52,2,53,0" doraHai="42" doraHaiUra="88" who="0" fromWho="1" sc="180,100,200,-80,380,0,220,0" /><INIT seed="2,0,0,1,1,97" ten="280,120,380,220" oya="2" hai0="128,56,12,60,40,1,70,93,72,130,80,27,110" hai1="127,75,66,37,9,34,95,99,13,101,86,105,83" hai2="31,115,0,108,18,106,113,49,61,96,74,35,132" hai3="133,116,124,125,65,68,120,47,50,19,51,3,109"/><V90/><F49/><W53/><G3/><T32/><D1/><U69/><E127/><N who="3" m="48714" /><G19/><T52/><D110/><U135/><E135/><V92/><F0/><W43/><G109/><T36/><D70/><U16/><E37/><V7/><F7/><W103/><G103/><T73/><D12/><U71/><E66/><V94/><F108/><W111/><G111/><T8/><D8/><U84/><E34/><V100/><F74/><W2/><G2/><T58/><D58/><U88/><E75/><V123/><F123/><W59/><G116/><T23/><D32/><U64/><E64/><V45/><F45/><W41/><G133/><T44/><D93/><U30/><E30/><V26/><F132/><W54/><G120/><T126/><D126/><U117/><E117/><V102/><F18/><W131/><G131/><N who="0" m="50219" /><D80/><U21/><E9/><V91/><F61/><AGARI ba="0,0" hai="41,43,47,50,51,53,54,59,61,65,68" m="48714" machi="61" ten="30,3900,0" yaku="18,1,34,2" doraHai="97" who="3" fromWho="2" sc="280,0,120,0,380,-39,220,39" /><INIT seed="3,0,0,2,1,100" ten="280,120,341,259" oya="3" hai0="55,84,13,34,21,135,106,65,115,59,79,29,3" hai1="89,7,38,68,88,110,23,10,122,131,43,0,63" hai2="70,120,94,15,47,8,80,92,85,36,105,97,96" hai3="57,67,39,103,109,50,81,12,42,52,133,37,98"/><W6/><G133/><T116/><D3/><U93/><E122/><V132/><F70/><W72/><G42/><T83/><D116/><U95/><E110/><V20/><F132/><W2/><G2/><T104/><D135/><U69/><E131/><V73/><F73/><W128/><G128/><T48/><D115/><U56/><E38/><V130/><F20/><W118/><G118/><T87/><D65/><U117/><E43/><V30/><F30/><W124/><G124/><T91/><D34/><U107/><E107/><V123/><F47/><W86/><G72/><T26/><REACH who="0" step="1"/><D13/><REACH who="0" ten="270,120,341,259" step="2"/><U61/><E117/><V64/><F64/><W66/><G67/><T125/><D125/><U99/><E23/><V45/><F130/><W4/><G66/><T18/><D18/><U76/><E69/><V22/><F15/><W126/><G126/><T1/><D1/><U102/><E68/><V31/><F123/><W53/><G109/><T9/><D9/><U40/><E0/><V17/><F8/><W62/><G12/><T54/><D54/><U27/><E10/><V5/><F17/><W111/><G111/><T16/><D16/><U77/><E40/><V71/><F71/><W14/><G14/><T114/><D114/><U75/><E7/><V33/><F5/><W25/><G4/><T41/><D41/><U46/><E27/><V127/><F127/><W35/><G6/><T113/><D113/><U24/><E24/><V119/><F119/><W112/><G112/><T90/><D90/><U28/><E89/><N who="2" m="51367" /><F120/><W11/><G35/><T82/><AGARI ba="0,1" hai="21,26,29,48,55,59,79,82,83,84,87,91,104,106" machi="82" ten="20,12000,2" yaku="1,1,0,1,7,1,52,2,53,1" doraHai="100" doraHaiUra="19" who="0" fromWho="0" sc="270,130,120,-30,341,-30,259,-60" /><INIT seed="4,0,0,4,0,116" ten="400,90,311,199" oya="0" hai0="30,130,61,78,24,53,33,103,123,38,117,135,26" hai1="51,101,17,13,115,55,97,58,99,1,16,11,77" hai2="120,92,19,126,127,62,93,7,22,108,121,12,48" hai3="63,28,110,67,85,2,65,72,73,45,60,88,29"/><T122/><D117/><U71/><E71/><V18/><F108/><W6/><G110/><T50/><D38/><U43/><E115/><V54/><F62/><W128/><G128/><T68/><D130/><U56/><E1/><V95/><F7/><W94/><G45/><T57/><D135/><U39/><E77/><V111/><F111/><W69/><G6/><T41/><D41/><U0/><E0/><V83/><F83/><W105/><G105/><T44/><D78/><U133/><E39/><V10/><F54/><W4/><G4/><T131/><D131/><U100/><E43/><V20/><F48/><W47/><G47/><T59/><D59/><U125/><E125/><N who="2" m="47627" /><F10/><W34/><G2/><T40/><D68/><U76/><E76/><V86/><F86/><W5/><G5/><T119/><D119/><U31/><E133/><V3/><F3/><W134/><G134/><T109/><D109/><U52/><E31/><V21/><F21/><W49/><G49/><T82/><D82/><U113/><E113/><V42/><F42/><W35/><G85/><T81/><D81/><U8/><E51/><V132/><F132/><W84/><G84/><T98/><REACH who="0" step="1"/><D26/><AGARI ba="0,0" hai="12,18,19,20,22,26,92,93,95,120,121" m="47627" machi="26" ten="30,3900,0" yaku="18,1,52,2" doraHai="116" who="2" fromWho="0" sc="400,-39,90,0,311,39,199,0" /><INIT seed="5,0,0,4,1,102" ten="361,90,350,199" oya="1" hai0="121,104,65,8,44,112,41,107,101,68,127,76,39" hai1="81,21,70,28,72,105,13,113,1,69,14,84,56" hai2="54,5,43,15,25,89,22,126,122,91,48,31,131" hai3="46,110,74,134,35,42,45,119,2,49,58,47,18"/><U60/><E113/><V3/><F122/><W118/><G74/><T33/><D112/><U20/><E72/><V57/><F126/><W26/><G110/><T59/><D127/><U94/><E94/><V85/><F131/><W7/><G134/><T4/><D121/><U114/><E114/><V6/><F3/><W125/><G125/><T129/><D129/><U73/><E73/><V116/><F116/><N who="3" m="44587" /><G7/><T53/><D76/><U64/><E1/><V52/><F43/><W37/><G2/><T79/><D79/><U40/><E40/><V95/><F15/><W50/><G18/><T98/><D33/><U17/><E105/><V9/><F9/><W12/><G12/><T11/><D107/><U88/><REACH who="1" step="1"/><E14/><REACH who="1" ten="361,80,350,199" step="2"/><V86/><F54/><N who="3" m="32079" /><G37/><T83/><D83/><AGARI ba="0,1" hai="5,6,22,25,31,48,52,57,83,85,86,89,91,95" machi="83" ten="30,3900,0" yaku="7,1,8,1,54,1" doraHai="102" who="2" fromWho="0" sc="361,-39,80,0,350,49,199,0" /><INIT seed="6,0,0,5,2,24" ten="322,80,399,199" oya="2" hai0="44,132,29,5,123,107,35,98,53,9,108,43,100" hai1="48,13,62,58,101,32,91,64,74,15,46,135,45" hai2="96,8,89,0,55,12,20,129,25,41,130,88,109" hai3="112,78,120,134,95,93,16,113,23,119,72,38,128"/><V30/><F109/><W85/><G119/><T19/><D123/><U17/><E135/><V94/><F0/><W34/><G120/><T6/><D108/><U69/><E74/><V27/><F41/><W7/><G34/><T105/><D105/><U18/><E32/><V114/><F114/><N who="3" m="44139" /><G38/><T71/><D53/><U87/><E101/><V61/><F27/><N who="3" m="14823" /><G134/><T47/><D71/><U84/><E69/><V127/><F127/><W59/><G72/><T39/><D47/><U80/><E87/><V133/><F133/><W116/><G116/><T99/><D99/><U110/><E110/><V31/><F31/><W63/><G7/><T76/><D29/><U111/><E111/><V65/><F55/><N who="3" m="34303" /><G128/><T117/><D35/><U66/><E66/><V106/><F130/><W52/><G52/><T104/><D5/><U97/><E48/><V11/><F129/><W50/><G50/><T122/><D6/><U21/><REACH who="1" step="1"/><E97/><REACH who="1" ten="322,70,399,199" step="2"/><V3/><F96/><W10/><G10/><AGARI ba="0,1" hai="10,13,15,17,18,21,45,46,58,62,64,80,84,91" machi="10" ten="30,7700,0" yaku="1,1,2,1,7,1,8,1,53,0" doraHai="24" doraHaiUra="121" who="1" fromWho="3" sc="322,0,70,87,399,0,199,-77" /><INIT seed="7,0,0,2,3,88" ten="322,157,399,122" oya="3" hai0="74,82,125,123,11,9,44,25,109,85,30,19,18" hai1="118,100,10,96,67,77,24,97,92,64,72,56,36" hai2="111,113,91,3,71,121,62,5,108,43,46,52,83" hai3="20,122,114,104,102,50,105,94,129,40,76,107,119"/><W81/><G119/><T49/><D109/><U98/><E36/><V59/><F3/><W70/><G122/><T126/><D74/><U54/><E118/><V75/><F5/><W66/><G129/><T117/><D123/><U133/><E133/><V21/><F21/><W115/><G20/><N who="0" m="15655" /><D117/><U12/><E24/><V86/><F121/><W17/><G17/><N who="0" m="6155" /><D126/><U128/><E77/><V23/><F75/><W127/><G127/><T2/><D2/><U0/><E0/><V38/><F23/><W48/><G70/><T57/><D57/><U84/><E72/><V14/><F14/><W120/><G66/><N who="1" m="25130" /><E128/><V106/><F106/><W13/><G13/><T33/><D33/><U134/><E84/><V132/><F132/><W95/><G102/><T15/><D15/><U58/><E58/><V80/><F71/><W63/><G63/><T101/><D101/><U34/><E34/><V42/><F59/><W8/><G8/><T124/><D124/><U131/><E131/><V22/><F38/><W78/><G120/><T87/><D125/><U112/><E134/><V79/><F108/><W31/><G31/><T27/><D27/><U35/><E35/><V39/><F39/><W69/><G69/><T29/><D29/><U47/><E12/><V7/><F111/><W65/><G65/><T61/><D61/><U26/><E26/><V45/><F62/><W37/><G37/><T135/><D135/><U99/><E10/><N who="0" m="3593" /><D82/><U28/><E28/><V60/><F83/><W16/><G16/><T55/><AGARI ba="0,0" hai="44,49,55,85,87" m="3593,6155,15655" machi="55" ten="30,1100,0" yaku="8,1" doraHai="88" who="0" fromWho="0" sc="322,11,157,-3,399,-3,122,-5" owari="333,13.3,154,-24.6,396,49.6,117,-38.3" /></mjloggm>