<mjloggm ver="2.3"><GO type="169" lobby="0"/><UN n0="%E3%83%A8%E3%82%B7%E3%83%86%E3%83%AB%37%30%38" n1="%6F%6B%61%62%65%73%68%69" n2="%73%65%2D%74%61" n3="%E3%83%94%E3%83%B3%E3%82%B5%E3%83%AD%E5%BA%97%E5%93%A1" dan="16,17,17,17" rate="2087.29,2208.71,2194.41,2271.55" sx="M,M,M,M"/><TAIKYOKU oya="0"/><INIT seed="0,0,0,1,3,81" ten="250,250,250,250" oya="0" hai0="91,117,23,64,62,42,100,130,106,56,76,59,54" hai1="104,58,131,107,15,17,63,51,94,87,21,10,20" hai2="48,8,102,96,119,45,52,16,78,13,19,135,5" hai3="110,99,43,35,128,118,77,125,121,7,75,133,83"/><T74/><D117/><U0/><E131/><V27/><F119/><W25/><G118/><T57/><D130/><U69/><E69/><V97/><F135/><W65/><G128/><T12/><D42/><U4/><E21/><V85/><F27/><W113/><G113/><T36/><D36/><U112/><E112/><V49/><F49/><W40/><G133/><T11/><D23/><U105/><E63/><V6/><F6/><W98/><G7/><T22/><D22/><U92/><E92/><N who="2" m="58631" /><F97/><W39/><G65/><T60/><D100/><U26/><E26/><V89/><F78/><W116/><G116/><T109/><D76/><U29/><E29/><V88/><F88/><W46/><G43/><T73/><D106/><U34/><E34/><V120/><F120/><W37/><G37/><T53/><D109/><U2/><E2/><V31/><F31/><W55/><G110/><T3/><D3/><U30/><E30/><V61/><F61/><W72/><G72/><T115/><D115/><U47/><E47/><V71/><F71/><W41/><G41/><T9/><D91/><N who="1" m="53631" /><E107/><V124/><F124/><W70/><G70/><T24/><D24/><U123/><E123/><V132/><F132/><W111/><G125/><T122/><D122/><U66/><E66/><V68/><F68/><W103/><G121/><T32/><D32/><U114/><E114/><V90/><F90/><W44/><G111/><T101/><D101/><U33/><E33/><V93/><AGARI ba="0,0" hai="5,8,13,16,19,45,48,52,85,89,93" m="58631" machi="93" ten="30,7900,0" yaku="8,1,52,1,54,2" doraHai="81" who="2" fromWho="2" sc="250,-39,250,-20,250,79,250,-20" /><INIT seed="1,0,0,5,2,42" ten="211,230,329,230" oya="1" hai0="44,113,130,78,13,34,101,127,119,114,117,40,88" hai1="51,116,108,134,94,19,21,109,91,133,63,106,80" hai2="12,132,75,55,76,31,20,129,15,87,38,43,54" hai3="48,6,110,69,41,128,89,18,37,5,102,118,60"/><U30/><E106/><V83/><F75/><W93/><G37/><T9/><D34/><U77/><E116/><V65/><F65/><W17/><G102/><T23/><D78/><U74/><E30/><V82/><F132/><N who="1" m="50793" /><E63/><V52/><F129/><W131/><G110/><N who="1" m="42602" /><E51/><V10/><F82/><W32/><G32/><T111/><D130/><N who="3" m="49705" /><G118/><T11/><D111/><U71/><E71/><V79/><F79/><W122/><G60/><T86/><D119/><U25/><E94/><V92/><F92/><W124/><G69/><T59/><D117/><U47/><E91/><V2/><F38/><W35/><G35/><T61/><D88/><U84/><E47/><V26/><F43/><W67/><G41/><T36/><D101/><U22/><E22/><V107/><F107/><W56/><G48/><T70/><D23/><U46/><E46/><V115/><F115/><W121/><G56/><T16/><D70/><U95/><E95/><V50/><F50/><W58/><G58/><T104/><D104/><U81/><E80/><V57/><F57/><W135/><G135/><T68/><D68/><U97/><E97/><V90/><F90/><W99/><G99/><T123/><D59/><U126/><E126/><V73/><F73/><AGARI ba="0,0" hai="19,21,25,73,74,77,81,84" m="42602,50793" machi="73" ten="30,5800,0" yaku="20,1,14,1,10,1" doraHai="42" who="1" fromWho="2" sc="211,0,230,58,329,-58,230,0" /><INIT seed="1,1,0,0,0,78" ten="211,288,271,230" oya="1" hai0="125,44,57,100,96,84,127,42,85,31,132,27,101" hai1="56,72,110,65,95,59,63,17,58,81,22,92,5" hai2="12,108,83,45,97,47,109,87,41,64,54,116,34" hai3="25,55,53,75,74,119,38,88,50,23,131,26,2"/><U123/><E123/><V16/><F34/><W24/><G38/><T73/><D73/><U30/><E30/><V20/><F116/><W46/><G2/><T40/><D57/><U51/><E110/><N who="2" m="42603" /><F64/><W133/><G131/><T121/><D132/><U103/><E5/><V86/><F86/><W29/><G133/><T112/><D112/><U19/><E19/><V32/><F32/><W9/><G119/><T3/><D3/><U13/><E103/><V71/><F71/><W14/><G75/><T70/><D70/><U48/><E48/><N who="2" m="28959" /><F97/><W77/><G55/><T39/><D101/><U111/><E111/><V90/><F45/><W128/><G128/><T106/><D42/><AGARI ba="1,0" hai="12,16,20,41,42,83,87,90" m="28959,42603" machi="42" ten="30,3900,0" yaku="14,1,52,1,54,1" doraHai="78" who="2" fromWho="0" sc="211,-42,288,0,271,42,230,0" /><INIT seed="2,0,0,2,2,116" ten="169,288,313,230" oya="2" hai0="28,64,45,105,68,49,94,123,101,15,121,21,1" hai1="124,26,14,53,102,31,38,135,100,108,35,60,118" hai2="129,63,56,50,134,32,78,58,62,71,16,20,40" hai3="88,19,8,117,41,29,119,17,131,115,75,47,43"/><V132/><F32/><W107/><G107/><T126/><D105/><U67/><E118/><V81/><F81/><W84/><G75/><T120/><D1/><U70/><E124/><V0/><F0/><W110/><G110/><T112/><D112/><U9/><E108/><V69/><F16/><N who="3" m="6219" /><G119/><T6/><D126/><U73/><E73/><V44/><F20/><W95/><G117/><T76/><D76/><U24/><E38/><V36/><F78/><W87/><G115/><T109/><D64/><U77/><E77/><V13/><F13/><W48/><G131/><T80/><D68/><N who="2" m="26186" /><F129/><W127/><G127/><T33/><D33/><U130/><E130/><V114/><F114/><W90/><G29/><T92/><D80/><U30/><E53/><N who="2" m="34063" /><F36/><W106/><G106/><T82/><D82/><U104/><E104/><V46/><F46/><W111/><G111/><T65/><D109/><U113/><E113/><V133/><F133/><W89/><G8/><T22/><D101/><U3/><E135/><V103/><F103/><W23/><G23/><T51/><D28/><U7/><E3/><V18/><F18/><W34/><G34/><AGARI ba="0,0" hai="7,9,14,24,26,30,31,34,35,60,67,70,100,102" machi="34" ten="30,2000,0" yaku="7,1,9,1" doraHai="116" who="1" fromWho="3" sc="169,0,288,20,313,0,230,-20" /><INIT seed="3,0,0,0,1,126" ten="169,308,313,210" oya="3" hai0="118,16,82,68,64,79,133,42,56,73,91,96,15" hai1="80,45,52,36,122,77,75,130,46,63,28,116,102" hai2="83,13,10,14,57,67,88,11,1,38,93,59,124" hai3="43,132,107,20,115,33,12,26,128,72,131,60,9"/><W105/><G115/><T69/><D118/><U70/><E122/><V55/><F38/><W76/><G33/><T81/><D133/><U99/><E116/><V135/><F135/><W50/><G132/><T84/><D42/><U7/><E7/><V65/><F124/><W71/><G76/><T54/><D64/><U37/><E45/><V85/><F83/><W95/><G72/><T27/><D96/><U40/><E36/><V24/><F24/><W34/><G34/><T41/><D41/><U100/><E100/><V51/><F1/><W21/><G95/><T87/><D27/><U22/><E22/><N who="3" m="8810" /><G26/><T110/><D110/><U97/><E97/><V98/><F98/><W129/><G60/><T31/><D31/><U35/><E28/><V6/><F59/><W23/><G23/><T125/><D125/><U89/><E35/><V49/><F49/><W19/><G71/><T86/><D86/><U103/><E103/><V113/><F113/><W2/><G2/><T109/><D109/><U39/><E39/><V123/><F123/><W47/><AGARI ba="0,0" hai="9,12,19,43,47,50,105,107,128,129,131" m="8810" machi="47" ten="40,12000,1" yaku="19,1,52,3" doraHai="126" who="3" fromWho="3" sc="169,-40,308,-40,313,-40,210,120" /><INIT seed="3,1,0,5,4,97" ten="129,268,273,330" oya="3" hai0="22,104,58,47,64,14,44,132,117,37,86,73,27" hai1="112,99,88,46,1,89,91,133,85,134,131,113,128" hai2="75,54,0,120,106,48,42,39,96,11,118,62,61" hai3="71,16,31,5,111,57,60,30,80,123,108,25,15"/><W70/><G123/><T83/><D73/><U84/><E1/><V79/><F120/><W20/><G80/><T94/><D117/><U135/><E46/><V43/><F118/><W74/><G5/><T124/><D104/><U32/><E99/><V90/><F42/><W28/><G15/><T6/><D37/><U59/><E59/><V55/><F55/><W77/><G77/><T56/><D94/><U10/><E10/><V33/><F33/><W125/><G74/><T34/><D34/><U121/><E32/><V8/><F79/><W115/><G115/><N who="1" m="44106" /><E121/><V107/><F75/><W101/><G101/><T18/><D132/><U65/><E65/><V51/><F39/><W49/><G49/><T114/><D114/><U92/><E92/><V129/><F43/><W23/><G23/><T69/><D69/><U122/><E122/><V130/><F54/><N who="3" m="33847" /><G125/><T2/><D124/><U103/><E103/><V7/><F0/><W12/><G12/><T3/><D3/><U98/><E98/><V21/><F96/><W19/><G19/><T26/><D2/><U36/><E36/><V72/><F21/><W52/><G52/><T53/><D6/><U82/><E82/><V78/><F7/><W38/><G38/><T87/><D83/><U119/><E119/><V35/><F35/><W127/><G127/><T116/><D116/><U50/><E50/><V13/><F72/><W29/><N who="3" m="7168" /><DORA hai="40" /><W110/><AGARI ba="1,0" hai="16,20,25,70,71,108,110,111" m="7168,33847" machi="110" ten="50,12000,1" yaku="4,1,14,1,10,1,54,1" doraHai="97,40" who="3" fromWho="3" sc="129,-41,268,-41,273,-41,330,123" /><INIT seed="3,2,0,1,2,14" ten="88,227,232,453" oya="3" hai0="88,106,2,43,65,90,129,35,58,36,119,128,37" hai1="53,31,23,22,41,114,52,98,117,68,115,122,102" hai2="83,67,44,24,10,48,57,50,125,107,94,49,84" hai3="75,112,103,101,111,19,28,61,93,15,29,33,30"/><W79/><G112/><T91/><D2/><U40/><E68/><V6/><F107/><W109/><G33/><T3/><D3/><U96/><E31/><V4/><F125/><W89/><G61/><T20/><D35/><U8/><E8/><V64/><F94/><W95/><G79/><T18/><D106/><U27/><E27/><V92/><F92/><W77/><G77/><T17/><D43/><U21/><E21/><V12/><F44/><W86/><G75/><T7/><D7/><U59/><E59/><V45/><F45/><W131/><G131/><N who="0" m="50251" /><D20/><U118/><REACH who="1" step="1"/><E102/><REACH who="1" ten="88,217,232,453" step="2"/><V73/><F24/><W116/><G116/><T130/><D119/><U16/><E16/><N who="0" m="6249" /><D130/><U123/><AGARI ba="2,1" hai="22,23,40,41,52,53,96,98,114,115,117,118,122,123" machi="123" ten="25,12000,2" yaku="1,1,0,1,22,2,54,1,53,2" doraHai="14" doraHaiUra="113" who="1" fromWho="1" sc="88,-32,217,136,232,-32,453,-62" /><INIT seed="4,0,0,4,1,93" ten="56,353,200,391" oya="0" hai0="112,35,0,51,100,18,14,124,47,87,110,26,119" hai1="120,37,84,127,130,62,109,8,66,23,11,59,107" hai2="7,73,60,113,131,28,25,17,118,89,50,69,2" hai3="121,98,91,103,135,95,3,22,83,67,49,33,30"/><T77/><D119/><U34/><E120/><V46/><F73/><W76/><G3/><T115/><D0/><U40/><E109/><V71/><F118/><W134/><G121/><T68/><D68/><U85/><E34/><V126/><F71/><W61/><G33/><T86/><D124/><U48/><E127/><V15/><F126/><W43/><G43/><T10/><D110/><U16/><E130/><V1/><F1/><W108/><G49/><T128/><D128/><U79/><E107/><V21/><F131/><W90/><G108/><T88/><D100/><U122/><E122/><V63/><F69/><N who="3" m="42223" /><G22/><T12/><D77/><U57/><E37/><V105/><F105/><W13/><G13/><T56/><D56/><U52/><E40/><V92/><F2/><W39/><G30/><T82/><D87/><N who="1" m="33355" /><E79/><V31/><F31/><W45/><G45/><T36/><D36/><U97/><E97/><V116/><F116/><W94/><G94/><T104/><D104/><U70/><E70/><V44/><F28/><W133/><G39/><T125/><D125/><U42/><E42/><V55/><F46/><W5/><G5/><T80/><D80/><U4/><E4/><V53/><F7/><W41/><G41/><N who="0" m="25071" /><D14/><AGARI ba="0,0" hai="8,11,14,16,23,48,52,57,59,62,66" m="33355" machi="14" ten="30,3900,0" yaku="8,1,54,2" doraHai="93" who="1" fromWho="0" sc="56,-39,353,39,200,0,391,0" /><INIT seed="5,0,0,1,2,69" ten="17,392,200,391" oya="1" hai0="133,31,134,60,55,73,16,1,89,114,80,3,88" hai1="117,103,124,64,112,98,100,26,5,7,67,107,83" hai2="81,72,61,59,90,39,68,78,110,109,131,105,91" hai3="127,34,119,74,12,66,22,92,128,115,43,8,97"/><U10/><E117/><V65/><F105/><W37/><G34/><T19/><D31/><U27/><E124/><V46/><F131/><W57/><G74/><T35/><D35/><U99/><E112/><V116/><F116/><W120/><G120/><T87/><D73/><U101/><E83/><V50/><F109/><W41/><G119/><T75/><D75/><U9/><E101/><V58/><F58/><W56/><G115/><T17/><D114/><U95/><E95/><V121/><F121/><W129/><G22/><T54/><D60/><U4/><REACH who="1" step="1"/><E4/><REACH who="1" ten="17,382,200,391" step="2"/><V135/><F110/><W42/><G127/><T96/><D96/><U11/><E11/><V28/><F135/><N who="0" m="51722" /><D87/><U84/><E84/><V94/><F94/><W33/><G129/><T51/><D80/><U23/><E23/><V52/><F28/><W85/><G85/><T70/><D70/><U45/><E45/><V47/><F46/><W30/><G128/><T63/><D63/><U79/><E79/><V29/><F29/><W62/><G30/><T106/><D106/><AGARI ba="0,1" hai="5,7,9,10,26,27,64,67,98,99,100,103,106,107" machi="106" ten="25,12000,1" yaku="1,1,22,2,53,2" doraHai="69" doraHaiUra="6" who="1" fromWho="0" sc="17,-120,382,130,200,0,391,0" owari="-103,-60.3,512,61.2,200,-20.0,391,19.1" /></mjloggm>