<mjloggm ver="2.3"><GO type="169" lobby="0"/><UN n0="%E3%81%A6%E3%81%BE%E3%81%A1" n1="%E3%81%B1%E3%82%93%E3%81%AA%E3%81%93%E3%81%BE%E3%81%A3%E3%81%9F" n2="%E7%8F%BE%E5%A0%B4%E3%81%AD%E3%81%93" n3="%70%6F%6E%2D%65%6E" dan="17,17,16,16" rate="2132.13,2198.46,2087.47,2136.42" sx="M,M,M,F"/><TAIKYOKU oya="0"/><INIT seed="0,0,0,1,0,86" ten="250,250,250,250" oya="0" hai0="10,70,60,55,15,122,53,79,84,35,111,126,134" hai1="54,11,97,7,57,30,26,101,69,82,118,78,16" hai2="83,40,52,13,39,28,113,130,27,71,51,89,59" hai3="88,76,114,81,38,65,36,102,48,108,17,12,127"/><T120/><D35/><U8/><E69/><V62/><F130/><W31/><G114/><T5/><D126/><U105/><E118/><V47/><F113/><W50/><G127/><T116/><D116/><U33/><E7/><V112/><F112/><W95/><G108/><T45/><D134/><U24/><E24/><V34/><F13/><W66/><G102/><T49/><D111/><U121/><E121/><V64/><F83/><W44/><G31/><T0/><D0/><U23/><E33/><V32/><F32/><W133/><G38/><T87/><D87/><U42/><E42/><V21/><F34/><W109/><G36/><T29/><D29/><U132/><E30/><V131/><F131/><W46/><G133/><T98/><D98/><U22/><E22/><V85/><F85/><N who="3" m="48295" /><G48/><T93/><D79/><U100/><E100/><V3/><REACH who="2" step="1"/><F89/><REACH who="2" ten="250,250,240,250" step="2"/><W4/><G109/><T80/><D80/><U125/><E125/><V18/><F18/><W74/><G74/><T96/><D84/><U6/><E6/><V124/><F124/><W103/><G4/><T91/><REACH who="0" step="1"/><D70/><REACH who="0" ten="240,250,240,250" step="2"/><U106/><E132/><V110/><F110/><W115/><G115/><T56/><AGARI ba="0,2" hai="5,10,15,45,49,53,55,56,60,91,93,96,120,122" machi="56" ten="30,11700,0" yaku="1,1,2,1,0,1,52,1,53,0" doraHai="86" doraHaiUra="129" who="0" fromWho="0" sc="240,137,250,-39,240,-39,250,-39" /><INIT seed="0,1,0,4,0,34" ten="377,211,201,211" oya="0" hai0="55,133,115,79,39,42,88,28,135,26,77,2,60" hai1="63,72,24,14,108,49,90,38,86,71,32,127,65" hai2="59,112,57,99,84,25,23,120,95,110,30,104,106" hai3="80,105,125,41,16,3,64,61,126,114,124,101,107"/><T20/><D115/><U40/><E72/><V13/><F120/><W10/><G114/><T78/><D39/><U121/><E121/><V5/><F110/><W47/><G101/><T46/><D42/><U37/><E108/><V91/><F112/><W87/><G87/><T53/><D46/><U130/><E127/><V97/><F106/><W132/><G80/><T0/><D88/><U21/><E130/><V73/><F73/><W96/><G96/><N who="2" m="36937" /><F104/><W123/><G132/><N who="0" m="50763" /><D60/><U8/><E32/><V134/><F134/><W111/><G111/><T22/><D22/><U83/><E49/><V93/><F93/><W17/><G107/><T85/><D85/><U118/><E40/><V36/><F36/><N who="3" m="21927" /><G105/><T70/><D70/><U103/><E103/><V9/><AGARI ba="1,0" hai="5,9,13,23,25,30,57,59,84,91,95" m="36937" machi="9" ten="30,1100,0" yaku="8,1" doraHai="34" who="2" fromWho="2" sc="377,-6,211,-4,201,14,211,-4" /><INIT seed="1,0,0,3,1,34" ten="371,207,215,207" oya="1" hai0="12,127,65,6,76,70,92,89,88,135,97,126,79" hai1="112,73,103,23,124,115,67,33,48,52,26,16,46" hai2="50,66,96,86,98,128,111,95,45,3,58,31,109" hai3="22,64,62,40,25,81,84,35,132,57,68,41,121"/><U107/><E73/><V75/><F75/><W2/><G132/><T14/><D70/><U4/><E124/><N who="0" m="47657" /><D65/><U74/><E74/><V99/><F128/><W82/><G121/><T42/><D42/><U5/><E33/><V120/><F120/><W72/><G35/><T20/><D135/><U104/><E67/><V110/><F31/><W51/><G2/><T78/><D6/><U61/><E61/><N who="2" m="38199" /><F86/><W63/><G51/><T131/><D131/><U83/><E83/><V105/><F105/><W101/><G101/><T49/><D49/><U47/><E47/><V117/><F117/><W91/><G72/><T80/><D20/><U93/><E93/><V11/><F11/><W32/><G32/><T18/><D18/><U30/><E30/><V116/><F116/><W28/><G81/><T123/><D123/><U38/><E38/><V94/><F3/><W90/><G91/><T21/><D21/><U60/><E60/><V102/><F102/><W39/><REACH who="3" step="1"/><G39/><REACH who="3" ten="371,207,215,197" step="2"/><T29/><D89/><U106/><REACH who="1" step="1"/><E103/><REACH who="1" ten="371,197,215,197" step="2"/><N who="2" m="60823" /><F95/><W56/><G56/><T118/><D92/><U24/><E24/><V122/><F122/><W0/><G0/><T17/><D80/><U119/><E119/><V13/><F111/><W55/><AGARI ba="0,2" hai="22,25,28,40,41,55,57,62,63,64,68,82,84,90" machi="55" ten="20,2700,0" yaku="1,1,0,1,7,1,53,0" doraHai="34" doraHaiUra="108" who="3" fromWho="3" sc="371,-7,197,-13,215,-7,197,47" /><INIT seed="2,0,0,5,0,105" ten="364,184,208,244" oya="2" hai0="61,66,114,18,46,117,34,14,109,113,119,106,13" hai1="20,132,41,37,108,17,82,5,50,55,19,71,102" hai2="72,10,123,7,15,129,135,51,12,103,22,54,126" hai3="83,60,31,90,59,48,121,11,110,30,67,6,57"/><V133/><F123/><W16/><G110/><T98/><D34/><U91/><E71/><V107/><F126/><W131/><G131/><T77/><D109/><U0/><E108/><V88/><F129/><W1/><G121/><T45/><D77/><U26/><E132/><N who="2" m="50763" /><F103/><W39/><G39/><T75/><D106/><U116/><E116/><N who="0" m="44617" /><D98/><U73/><E102/><V40/><F40/><W68/><G68/><N who="0" m="42063" /><D75/><U65/><E65/><V128/><F107/><W2/><G2/><T124/><D13/><U76/><E91/><V134/><F128/><W49/><G90/><T122/><D122/><U23/><E37/><V35/><F35/><W104/><G104/><T52/><D124/><U56/><E41/><V80/><F134/><W94/><G1/><T58/><D18/><U115/><E115/><N who="0" m="44041" /><D14/><U130/><E130/><V118/><F22/><W78/><G16/><T29/><D29/><U44/><E5/><V43/><F15/><W8/><G6/><T92/><D92/><U79/><E0/><V69/><F88/><W21/><G94/><T99/><D99/><U127/><E127/><V125/><F125/><W101/><G21/><T24/><D24/><U3/><E3/><V47/><F7/><W33/><G101/><T28/><D28/><U81/><E23/><V9/><F9/><W96/><G33/><T93/><D93/><U112/><E112/><V36/><F10/><W95/><G8/><T4/><D4/><U120/><E120/><V25/><F25/><W70/><G11/><T53/><D53/><U42/><E19/><V100/><F100/><W74/><G95/><RYUUKYOKU ba="0,0" sc="364,30,184,-10,208,-10,244,-10" hai0="45,46,52,58" /><INIT seed="3,1,0,4,4,7" ten="394,174,198,234" oya="3" hai0="51,120,102,64,41,34,1,19,33,6,14,82,77" hai1="48,56,43,66,90,67,8,12,75,62,45,96,68" hai2="134,63,20,23,5,85,97,91,110,71,47,74,94" hai3="117,122,17,129,95,80,35,103,13,83,128,92,86"/><W125/><G35/><T21/><D120/><U10/><E75/><V65/><F110/><W76/><G17/><T54/><D102/><U100/><E90/><V3/><F74/><N who="3" m="43031" /><G13/><T126/><D126/><U55/><E12/><V87/><F134/><W61/><G61/><T11/><D41/><U124/><E124/><V60/><F60/><W115/><G125/><T29/><D64/><U132/><E132/><V101/><F47/><W127/><G127/><T99/><D99/><U98/><E67/><V69/><F69/><W58/><G58/><T57/><REACH who="0" step="1"/><D29/><REACH who="0" ten="384,174,198,234" step="2"/><U114/><E114/><V104/><REACH who="2" step="1"/><F87/><AGARI ba="1,1" hai="1,6,11,14,19,21,33,34,51,54,57,77,82,87" machi="87" ten="30,7700,0" yaku="1,1,2,1,7,1,52,1,53,0" doraHai="7" doraHaiUra="135" who="0" fromWho="2" sc="384,90,174,0,198,-80,234,0" /><INIT seed="4,0,0,5,3,37" ten="474,174,118,234" oya="0" hai0="108,21,5,82,15,64,40,2,25,112,24,98,13" hai1="12,62,93,102,8,86,68,75,6,50,16,125,29" hai2="78,87,44,116,10,72,83,38,94,28,60,39,101" hai3="118,57,77,65,92,95,33,109,121,74,46,130,35"/><T71/><D71/><U63/><E75/><V107/><F116/><W0/><G109/><T19/><D64/><U41/><E125/><V4/><F28/><W69/><G118/><T113/><D82/><U106/><E68/><V129/><F129/><W100/><G0/><T117/><D98/><U17/><E29/><V47/><F60/><N who="1" m="23081" /><E106/><V80/><F107/><W34/><G35/><T85/><D85/><U7/><E7/><V114/><F114/><W124/><G74/><T97/><D97/><N who="1" m="59695" /><E86/><V49/><F47/><AGARI ba="0,0" hai="6,8,12,16,17,41,47,50" m="59695,23081" machi="47" ten="30,3900,0" yaku="8,1,52,1,54,1" doraHai="37" who="1" fromWho="2" sc="474,0,174,39,118,-39,234,0" /><INIT seed="5,0,0,4,5,112" ten="474,213,79,234" oya="1" hai0="90,6,20,129,43,108,69,45,97,15,72,127,61" hai1="8,39,88,54,65,28,84,128,52,46,96,31,0" hai2="17,66,68,22,78,4,135,70,55,71,64,23,114" hai3="106,73,105,21,40,81,82,49,109,93,121,29,57"/><U126/><E128/><V38/><F38/><W1/><G109/><T89/><D72/><U85/><E126/><V74/><F135/><W44/><G1/><T12/><D108/><U115/><E115/><V124/><F124/><W58/><G121/><T50/><D127/><U35/><E65/><V83/><F114/><W13/><G106/><T94/><D69/><U5/><E35/><V86/><F4/><W32/><G105/><T63/><D129/><U77/><E96/><V53/><F74/><W19/><G32/><T76/><D76/><U133/><E133/><V92/><F92/><W7/><G7/><T122/><D122/><U100/><E100/><V107/><F107/><W42/><G42/><T10/><D89/><U113/><E113/><V103/><F103/><W30/><G73/><T67/><D67/><U62/><E85/><V47/><F23/><W2/><G2/><T18/><AGARI ba="0,0" hai="6,10,12,15,18,20,43,45,50,61,63,90,94,97" machi="18" ten="30,2000,0" yaku="0,1,8,1" doraHai="112" who="0" fromWho="0" sc="474,20,213,-10,79,-5,234,-5" /><INIT seed="6,0,0,1,0,25" ten="494,203,74,229" oya="2" hai0="83,14,109,36,18,3,17,75,8,84,122,73,99" hai1="7,69,6,61,47,113,133,117,50,15,121,2,53" hai2="111,68,43,98,89,32,91,57,101,54,78,74,52" hai3="123,16,92,55,85,87,126,80,71,4,5,10,40"/><V120/><F120/><W59/><G71/><T132/><D109/><U103/><E117/><V13/><F111/><W112/><G40/><T81/><D36/><U30/><E121/><V79/><F68/><W130/><G126/><T127/><D3/><U63/><E113/><V37/><F32/><W115/><G130/><T35/><D35/><U33/><E2/><V23/><F54/><W135/><G135/><T27/><D83/><U118/><E118/><V102/><F43/><W21/><G10/><T82/><D82/><U125/><E125/><V64/><F64/><W72/><G72/><T51/><D51/><U119/><E119/><V19/><F37/><W44/><G44/><T77/><D132/><U97/><E133/><V88/><F74/><W12/><G123/><T131/><D131/><U129/><E15/><V114/><F114/><N who="3" m="43563" /><G92/><T105/><D8/><U34/><E129/><V62/><REACH who="2" step="1"/><F98/><REACH who="2" ten="494,203,64,229" step="2"/><W24/><G87/><T42/><D99/><U38/><E34/><V45/><F45/><W0/><G85/><T41/><D84/><U116/><E38/><V48/><F48/><W124/><G124/><T29/><D127/><U90/><E116/><V58/><F58/><W96/><G96/><T22/><D122/><U49/><E69/><V128/><F128/><W31/><G55/><T93/><D75/><U70/><E50/><V67/><F67/><W56/><G56/><T60/><D42/><U66/><E63/><V26/><F26/><W65/><G59/><T11/><D41/><U110/><E110/><V108/><F108/><W1/><G65/><T94/><D73/><RYUUKYOKU ba="0,1" sc="494,-10,203,-10,64,30,229,-10" hai2="13,19,23,52,57,62,78,79,88,89,91,101,102" /><INIT seed="6,1,1,4,3,57" ten="484,193,94,219" oya="2" hai0="93,19,130,97,85,53,67,12,80,109,106,15,63" hai1="74,82,13,14,1,108,2,125,33,73,91,3,119" hai2="126,114,56,37,62,72,133,94,26,34,84,71,46" hai3="8,83,105,47,70,20,4,36,18,112,124,39,98"/><V61/><F72/><W68/><G124/><T103/><D109/><U22/><E119/><V16/><F126/><W113/><G83/><T27/><D106/><U87/><E108/><V128/><F114/><N who="3" m="44139" /><G98/><T95/><D95/><U120/><E33/><V6/><F6/><W55/><G105/><T60/><D53/><U122/><E125/><V111/><F111/><W59/><G47/><T116/><D130/><U38/><E38/><N who="3" m="14378" /><G59/><T100/><D80/><U69/><E69/><V23/><F128/><W30/><G55/><T31/><D97/><U50/><E50/><V75/><F75/><N who="1" m="28681" /><E22/><V76/><F34/><W77/><G30/><T96/><D31/><U88/><E91/><V92/><F71/><W135/><G77/><T132/><D96/><U117/><E117/><V21/><F62/><W7/><G7/><T102/><D63/><U49/><E49/><V81/><F133/><W107/><G107/><T25/><D132/><U121/><AGARI ba="1,1" hai="1,2,3,13,14,82,87,88,120,121,122" m="28681" machi="121" ten="50,3200,0" yaku="13,1,54,1" doraHai="57" who="1" fromWho="1" sc="484,-9,193,45,94,-17,219,-9" /><INIT seed="7,0,0,4,1,113" ten="475,238,77,210" oya="3" hai0="41,88,15,29,101,28,129,131,80,87,24,43,4" hai1="125,68,121,62,72,81,33,3,50,117,13,12,11" hai2="60,45,10,66,100,73,52,122,47,106,42,105,124" hai3="76,48,54,130,57,35,26,97,63,95,74,120,23"/><W71/><G130/><N who="0" m="49675" /><D101/><U1/><E50/><V93/><F73/><W107/><G120/><T32/><D29/><U89/><E62/><V22/><F124/><W20/><G107/><T64/><D64/><U126/><E11/><AGARI ba="0,0" hai="4,11,15,24,28,32,41,43,80,87,88" m="49675" machi="11" ten="30,2000,0" yaku="19,1,54,1" doraHai="113" who="0" fromWho="1" sc="475,20,238,-20,77,0,210,0" owari="495,59.5,218,1.8,77,-42.3,210,-19.0" /></mjloggm>