<mjloggm ver="2.3"><GO type="169" lobby="0"/><UN n0="%70%6F%6E%2D%65%6E" n1="%43%4F%45%44%4F%E7%B7%91" n2="%E3%81%9F%E3%81%AA%E3%81%8B%E6%95%99%E7%A5%96" n3="%71%75%65%79%69%6D%65%6E" dan="16,18,17,16" rate="2109.75,2208.74,2175.26,2105.30" sx="F,F,M,M"/><TAIKYOKU oya="0"/><INIT seed="0,0,0,5,3,29" ten="250,250,250,250" oya="0" hai0="116,30,82,68,38,26,63,60,96,35,133,36,22" hai1="3,119,45,66,6,9,78,88,72,92,85,7,8" hai2="79,49,47,15,55,2,74,39,59,84,93,53,129" hai3="124,33,40,98,103,81,52,61,115,54,4,14,42"/><T1/><D116/><U86/><E119/><V5/><F2/><W73/><G115/><T31/><D133/><U62/><E72/><V50/><F129/><W120/><G33/><T112/><D112/><U65/><E45/><V0/><F0/><W130/><G130/><T57/><D1/><U12/><E66/><V89/><F39/><W17/><G124/><T100/><D68/><U56/><REACH who="1" step="1"/><E78/><REACH who="1" ten="250,240,250,250" step="2"/><V107/><F74/><W83/><G73/><T34/><D38/><U90/><E90/><V11/><F107/><W91/><G91/><T20/><D36/><U64/><E64/><V114/><F114/><W13/><G120/><T16/><D100/><U113/><E113/><V32/><REACH who="2" step="1"/><F79/><REACH who="2" ten="250,240,240,250" step="2"/><W19/><G103/><T128/><D128/><U43/><E43/><V126/><F126/><W97/><G4/><T99/><D35/><AGARI ba="0,2" hai="5,11,15,32,35,47,49,50,53,55,59,84,89,93" machi="35" ten="40,5200,0" yaku="1,1,52,2,53,0" doraHai="29" doraHaiUra="24" who="2" fromWho="0" sc="250,-52,240,0,240,72,250,0" /><INIT seed="1,0,0,2,1,120" ten="198,240,312,250" oya="1" hai0="62,11,36,84,95,78,133,22,67,107,86,45,59" hai1="130,57,124,30,74,35,117,102,33,125,110,73,122" hai2="77,21,60,48,123,3,61,134,25,128,49,18,76" hai3="111,113,100,96,8,109,70,0,85,29,87,82,39"/><U47/><E122/><V94/><F123/><W26/><G113/><T1/><D107/><U114/><E114/><V41/><F3/><W19/><G70/><T121/><D121/><U15/><E117/><V135/><F128/><W68/><G68/><T65/><D133/><N who="2" m="50698" /><F94/><N who="3" m="58391" /><G39/><T106/><D106/><U81/><E130/><V101/><F101/><W34/><G82/><T93/><D65/><U55/><E47/><N who="2" m="25711" /><F49/><W52/><G52/><T23/><D36/><U32/><E102/><V132/><N who="2" m="50706" /><V104/><DORA hai="90" /><F104/><W79/><G79/><AGARI ba="0,0" hai="18,21,25,60,61,76,77,79" m="25711,50706" machi="79" ten="40,1300,0" yaku="20,1" doraHai="120,90" who="2" fromWho="3" sc="198,0,240,0,312,13,250,-13" /><INIT seed="2,0,0,3,4,24" ten="198,240,325,237" oya="2" hai0="72,34,63,99,56,29,27,43,32,106,104,116,38" hai1="42,77,95,76,108,71,130,2,124,53,121,82,49" hai2="60,69,45,120,22,83,50,58,118,37,48,68,0" hai3="16,133,80,94,9,21,25,113,41,31,100,8,122"/><V28/><F0/><W73/><G122/><T91/><D116/><U92/><E121/><V13/><F120/><W134/><G113/><T119/><D119/><U89/><E71/><V131/><F118/><W126/><G41/><T61/><D72/><U70/><E70/><V17/><F131/><W54/><G126/><T75/><D75/><U135/><E2/><V98/><F37/><W107/><G107/><T55/><D34/><U66/><E66/><V23/><F83/><W101/><G54/><T59/><D43/><U96/><E42/><V62/><F68/><W88/><G73/><T7/><D38/><U57/><E124/><V87/><F87/><W97/><G80/><T12/><D12/><U5/><E5/><V52/><F98/><W111/><G111/><T19/><D19/><U40/><E40/><N who="2" m="24615" /><F69/><W10/><REACH who="3" step="1"/><G31/><REACH who="3" ten="198,240,325,227" step="2"/><T39/><D39/><U6/><E82/><V81/><F81/><W129/><G129/><T102/><D106/><U79/><E108/><V114/><F114/><W46/><G46/><T84/><D104/><U14/><E130/><V36/><F36/><W18/><G18/><T67/><D55/><U11/><E135/><AGARI ba="0,1" hai="8,9,10,16,21,25,88,94,97,100,101,133,134,135" machi="135" ten="40,8000,1" yaku="1,1,20,1,54,2,53,0" doraHai="24" doraHaiUra="51" who="3" fromWho="1" sc="198,0,240,-80,325,0,227,90" /><INIT seed="3,0,0,1,2,114" ten="198,160,325,317" oya="3" hai0="30,59,62,81,135,101,57,11,83,31,9,4,43" hai1="12,91,76,44,19,126,50,35,58,116,69,17,55" hai2="124,117,122,51,21,103,112,130,106,28,113,110,129" hai3="121,90,109,2,104,27,52,134,29,93,5,33,25"/><W127/><G121/><T75/><D135/><U77/><E69/><V72/><F51/><W61/><G104/><T100/><D75/><U87/><E35/><V49/><F49/><W66/><G134/><T70/><D70/><U125/><E116/><V120/><F21/><W10/><G127/><N who="1" m="48650" /><E58/><V98/><F28/><W47/><G109/><T119/><D4/><U82/><E19/><V74/><F124/><W65/><G27/><T84/><D84/><U0/><E0/><V97/><F110/><W41/><G61/><T14/><D14/><U89/><E89/><V85/><F85/><W96/><REACH who="3" step="1"/><G52/><REACH who="3" ten="198,160,325,307" step="2"/><T80/><D62/><U123/><E123/><V20/><F106/><W105/><G105/><T86/><D43/><U128/><E128/><V18/><F120/><W78/><G78/><T36/><D30/><U133/><E133/><V102/><F122/><W131/><G131/><T45/><D31/><U26/><E26/><V38/><F129/><W60/><G60/><T73/><D73/><U42/><E42/><V94/><F130/><W1/><G1/><T53/><D53/><U22/><AGARI ba="0,1" hai="12,17,22,44,50,55,76,77,82,87,91" m="48650" machi="22" ten="30,1100,0" yaku="18,1" doraHai="114" who="1" fromWho="1" sc="198,-3,160,21,325,-3,307,-5" /><INIT seed="4,0,0,3,5,104" ten="195,181,322,302" oya="0" hai0="107,72,28,135,102,52,42,2,36,111,122,20,94" hai1="109,62,14,45,83,54,4,32,35,81,112,3,90" hai2="117,25,60,96,126,8,125,108,133,24,18,71,69" hai3="19,100,49,51,84,80,29,115,105,87,66,70,50"/><T13/><D122/><U33/><E109/><V79/><F108/><W89/><G115/><T38/><D2/><U58/><E3/><V127/><F133/><W65/><G105/><T64/><D111/><U10/><E112/><V93/><F79/><W73/><G73/><T99/><D135/><U118/><E118/><V95/><F117/><W39/><G39/><T40/><D64/><U34/><N who="1" m="8192" /><DORA hai="134" /><U106/><E106/><V130/><F130/><W7/><G100/><T11/><D72/><U119/><E119/><V12/><F93/><W88/><G7/><T129/><D129/><U132/><E132/><V91/><F60/><W30/><G19/><T121/><D121/><U46/><REACH who="1" step="1"/><E90/><REACH who="1" ten="195,171,322,302" step="2"/><V92/><F92/><N who="3" m="54303" /><G70/><AGARI ba="0,1" hai="8,12,18,24,25,69,70,71,91,95,96,125,126,127" machi="70" ten="50,8000,1" yaku="18,1,52,3" doraHai="104,134" who="2" fromWho="3" sc="195,0,171,0,322,90,302,-80" /><INIT seed="5,0,0,1,3,85" ten="195,171,412,222" oya="1" hai0="64,123,59,87,16,78,58,20,75,19,8,86,62" hai1="28,52,121,126,77,133,0,111,9,32,22,116,41" hai2="92,79,12,132,44,124,7,63,39,43,112,53,60" hai3="71,3,81,5,106,40,31,114,50,120,70,134,2"/><U117/><E121/><V83/><F132/><W45/><G120/><T91/><D123/><U102/><E32/><V37/><F37/><W109/><G109/><T128/><D128/><U51/><E133/><V42/><F42/><W56/><G134/><T68/><D75/><U115/><E111/><V21/><F124/><W54/><G106/><T98/><D78/><U1/><E126/><V66/><F112/><W47/><G114/><T29/><D29/><U65/><E115/><V10/><F53/><W113/><G31/><T80/><D87/><U33/><E33/><V93/><F21/><W30/><G47/><T129/><D129/><U61/><E41/><V67/><F63/><W97/><G97/><T74/><D74/><U96/><E77/><V15/><F15/><W27/><G81/><T13/><REACH who="0" step="1"/><D98/><REACH who="0" ten="185,171,412,222" step="2"/><U72/><E72/><V103/><F79/><W6/><G30/><T110/><D110/><U24/><E117/><V118/><F118/><W36/><G113/><T101/><D101/><U99/><E116/><V34/><F103/><W35/><G35/><T55/><D55/><U95/><E99/><V4/><F34/><W57/><G54/><T94/><D94/><U100/><E100/><V49/><F92/><W119/><G119/><T131/><D131/><U105/><E95/><V89/><F93/><W108/><G108/><T127/><D127/><U76/><E76/><V82/><F83/><W125/><G125/><T130/><D130/><U90/><E90/><V88/><F89/><W17/><G40/><T84/><D84/><U25/><E102/><V18/><F82/><RYUUKYOKU ba="0,1" sc="185,30,171,-10,412,-10,222,-10" hai0="8,13,16,19,20,58,59,62,64,68,80,86,91" /><INIT seed="6,1,1,4,5,71" ten="215,161,402,212" oya="2" hai0="4,14,29,112,82,126,79,113,115,61,38,34,16" hai1="57,50,64,123,97,7,43,15,114,26,101,87,9" hai2="13,96,77,0,11,133,95,6,118,24,121,59,124" hai3="5,33,132,119,66,19,73,76,128,131,17,70,12"/><V108/><F118/><W37/><G119/><T85/><D126/><U52/><E114/><V32/><F121/><W1/><G33/><T109/><D109/><U35/><E123/><V31/><F124/><W81/><G132/><T44/><D4/><U120/><E120/><V10/><F133/><W134/><G134/><T103/><D103/><U67/><E43/><V2/><F108/><W22/><G19/><T51/><D61/><U89/><E26/><V63/><F77/><W91/><G91/><T42/><D29/><U30/><E30/><V46/><F46/><W90/><G90/><T92/><D92/><U105/><REACH who="1" step="1"/><E35/><REACH who="1" ten="215,151,402,212" step="2"/><V25/><F24/><W88/><G131/><T107/><D34/><U69/><E69/><V80/><F25/><W129/><G70/><T99/><D115/><U39/><E39/><V74/><F31/><W62/><G37/><T83/><D38/><U110/><E110/><V49/><F32/><W40/><G40/><T53/><D42/><U102/><E102/><V56/><F2/><W127/><G1/><T54/><D112/><U106/><E106/><V117/><F0/><W135/><G135/><T27/><D113/><U116/><E116/><V78/><F117/><W75/><G129/><T18/><D27/><U21/><E21/><V86/><F11/><W48/><G128/><T122/><D107/><U111/><E111/><V72/><F10/><W60/><G127/><T55/><D122/><U100/><E100/><V65/><F13/><W84/><G12/><T20/><D14/><U36/><E36/><V125/><F125/><W23/><G23/><RYUUKYOKU ba="1,2" sc="215,-10,151,30,402,-10,212,-10" hai1="7,9,15,50,52,57,64,67,87,89,97,101,105" /><INIT seed="7,2,2,4,2,63" ten="205,181,392,202" oya="3" hai0="97,125,17,27,35,83,14,66,116,101,119,30,1" hai1="106,8,80,121,118,87,96,69,104,122,67,115,99" hai2="70,6,130,0,26,52,131,32,13,18,74,7,109" hai3="85,126,20,61,76,36,73,128,49,102,60,41,16"/><W12/><G36/><T44/><D1/><U33/><E8/><V4/><F109/><W113/><G73/><T103/><D103/><U39/><E39/><V38/><F70/><W75/><G75/><T55/><D125/><U2/><E2/><V50/><F38/><W58/><G126/><T21/><D66/><U127/><E33/><V92/><F74/><W77/><G113/><T51/><D83/><U81/><E127/><V62/><F62/><N who="3" m="24171" /><G128/><T132/><D132/><U10/><E10/><V23/><F92/><AGARI ba="2,2" hai="14,17,21,27,30,35,44,51,55,92,97,101,116,119" machi="92" ten="30,1000,0" yaku="7,1" doraHai="63" who="0" fromWho="2" sc="205,36,181,0,392,-16,202,0" owari="241,4.1,181,-31.9,376,47.6,202,-19.8" /></mjloggm>