<mjloggm ver="2.3"><GO type="169" lobby="0"/><UN n0="%E5%B0%8F%E6%B1%A0%E7%BE%8E%E6%B3%A2%E2%8A%BF" n1="%E3%83%9F%E3%82%B2%E3%83%BC%E3%83%AB%E6%94%B9" n2="%62%6F%79%61%74%65%74%75" n3="%E3%81%9F%E3%81%BE%E3%82%82%E3%82%84%E3%82%93" dan="16,16,17,16" rate="2192.06,2197.10,2187.11,2095.02" sx="M,M,M,F"/><TAIKYOKU oya="0"/><INIT seed="0,0,0,5,3,123" ten="250,250,250,250" oya="0" hai0="5,75,26,126,65,3,61,34,104,87,58,94,124" hai1="18,21,83,4,20,22,45,108,37,80,24,78,119" hai2="109,99,97,32,53,74,63,93,128,17,86,68,77" hai3="23,92,12,6,42,2,38,14,129,125,66,29,118"/><T112/><D104/><U96/><E119/><V55/><F128/><W110/><G118/><T28/><D75/><U62/><E83/><V105/><F32/><W9/><G66/><T30/><D112/><U67/><E4/><V85/><F17/><W48/><G38/><T72/><D72/><U11/><E11/><V106/><F93/><W59/><G125/><N who="0" m="48235" /><D30/><U84/><E108/><V101/><F63/><W90/><G110/><T47/><D47/><U82/><E96/><V115/><F74/><W54/><G42/><T36/><D36/><U49/><E80/><V79/><F68/><W33/><G33/><T35/><D35/><U116/><E37/><V25/><F25/><W127/><G129/><T10/><D94/><U89/><E78/><V88/><F115/><W69/><G69/><T117/><D117/><U1/><E1/><V102/><REACH who="2" step="1"/><F88/><REACH who="2" ten="250,250,240,250" step="2"/><W27/><G127/><T91/><D91/><U114/><E114/><V51/><F51/><W81/><G81/><T43/><D87/><AGARI ba="0,1" hai="2,6,9,12,14,23,27,29,48,54,59,87,90,92" machi="87" ten="30,1000,0" yaku="7,1" doraHai="123" who="3" fromWho="0" sc="250,-10,250,0,240,0,250,20" /><INIT seed="1,0,0,5,5,23" ten="240,250,240,270" oya="1" hai0="3,24,82,48,113,56,64,91,43,37,119,4,100" hai1="68,20,126,102,106,7,108,6,105,130,71,89,28" hai2="16,67,86,135,76,13,101,2,95,42,134,98,109" hai3="85,36,1,80,84,49,54,41,51,120,65,18,125"/><U47/><E130/><V117/><F117/><W0/><G120/><T69/><D113/><U29/><E102/><V61/><F2/><W10/><G125/><T58/><D119/><U34/><E34/><V50/><F109/><W57/><G65/><T78/><D100/><U124/><E47/><V121/><F121/><W14/><G36/><T131/><D131/><U55/><E20/><V118/><F118/><W62/><G84/><T116/><D91/><U93/><E89/><V73/><F73/><W44/><REACH who="3" step="1"/><G51/><REACH who="3" ten="240,250,240,260" step="2"/><T112/><D37/><U96/><E108/><V40/><F50/><W39/><G39/><T22/><D48/><U115/><E96/><V88/><F135/><W103/><G103/><T52/><D116/><U66/><E66/><V75/><F134/><W107/><G107/><T97/><D97/><U30/><E93/><V99/><F99/><W123/><G123/><T87/><D64/><U79/><E79/><AGARI ba="0,1" hai="0,1,10,14,18,41,44,49,54,57,62,79,80,85" machi="79" ten="30,7700,0" yaku="1,1,7,1,53,2" doraHai="23" doraHaiUra="32" who="3" fromWho="1" sc="240,0,250,-77,240,0,260,87" /><INIT seed="2,0,0,0,1,109" ten="240,173,240,347" oya="2" hai0="58,95,44,116,51,129,126,10,86,119,28,108,122" hai1="32,45,53,57,64,92,42,75,26,13,94,133,98" hai2="69,66,99,104,134,1,54,20,22,12,123,9,96" hai3="8,72,63,83,14,61,80,38,101,46,127,15,124"/><V130/><F123/><W67/><G101/><T62/><D122/><U37/><E75/><V90/><F130/><W112/><G112/><T70/><D70/><U31/><E133/><V82/><F134/><W25/><G25/><T40/><D28/><U128/><E128/><V84/><F1/><W131/><G131/><T125/><D129/><U34/><E34/><V73/><F73/><W87/><G72/><T115/><D10/><U39/><E39/><V43/><F43/><W48/><G38/><T132/><D132/><U118/><E118/><N who="0" m="45097" /><D95/><U97/><E64/><V16/><F104/><W33/><G33/><T3/><D86/><U110/><E110/><V36/><F36/><W91/><G80/><T29/><D29/><U0/><E0/><V85/><F85/><W7/><G15/><T68/><D3/><U103/><E13/><V17/><F9/><W65/><G65/><N who="0" m="41015" /><D108/><U27/><E31/><V21/><F69/><W24/><G24/><T76/><D76/><U77/><E77/><V56/><F66/><W19/><G7/><T100/><D100/><U93/><E32/><V4/><F4/><W74/><G74/><T106/><D106/><U120/><E120/><V114/><F12/><W135/><G67/><T81/><D81/><U41/><E41/><V18/><REACH who="2" step="1"/><F114/><REACH who="2" ten="240,173,230,347" step="2"/><W117/><G135/><T111/><D111/><U35/><E98/><V107/><F107/><W2/><G117/><T89/><D115/><U102/><E97/><V59/><F59/><W78/><G2/><T105/><D58/><U50/><E27/><V23/><N who="2" m="5120" /><DORA hai="88" /><V71/><F71/><RYUUKYOKU ba="0,1" sc="240,-15,173,15,230,15,347,-15" hai1="26,35,37,42,45,50,53,57,92,93,94,102,103" hai2="16,17,18,54,56,82,84,90,96,99" /><INIT seed="2,1,1,0,3,51" ten="225,188,245,332" oya="2" hai0="4,127,29,44,115,119,73,76,125,21,88,26,134" hai1="133,37,135,103,107,54,59,104,57,18,0,96,81" hai2="40,92,98,122,80,97,63,10,87,69,99,132,12" hai3="24,89,116,67,49,130,19,46,114,91,95,70,55"/><V27/><F122/><W101/><G116/><T38/><D115/><U90/><E37/><V129/><F129/><W126/><G126/><N who="0" m="48139" /><D119/><U118/><E57/><V77/><F132/><N who="1" m="50761" /><E118/><V75/><F40/><W66/><G130/><T86/><D134/><U78/><E0/><V36/><F36/><W17/><G70/><T5/><D73/><N who="1" m="43215" /><E18/><N who="3" m="6666" /><G24/><T23/><D76/><U1/><E1/><V121/><F27/><W111/><G111/><T32/><D38/><U58/><E58/><V105/><F121/><W11/><G114/><T16/><D44/><U93/><E90/><N who="2" m="53343" /><F63/><AGARI ba="1,1" hai="54,59,63,93,96,103,104,107" m="43215,50761" machi="63" ten="30,2000,0" yaku="20,1,52,1" doraHai="51" who="1" fromWho="2" sc="225,0,188,33,245,-23,332,0" /><INIT seed="3,0,0,4,2,128" ten="225,221,222,332" oya="3" hai0="91,54,114,17,109,99,112,63,118,87,35,23,16" hai1="79,135,62,41,129,133,86,78,30,104,29,122,2" hai2="14,68,61,102,81,67,25,76,89,121,127,0,101" hai3="85,105,39,73,95,108,75,20,113,52,6,120,77"/><W44/><G113/><N who="0" m="43627" /><D35/><U31/><E122/><V3/><F121/><W107/><G120/><T11/><D118/><U50/><E129/><V74/><F127/><W125/><G125/><T100/><D109/><U92/><E104/><V83/><F14/><W66/><G39/><T56/><D11/><U22/><E2/><V59/><F68/><W119/><G119/><T97/><D100/><U15/><E62/><V96/><F102/><W28/><G6/><T123/><D123/><U111/><E111/><V32/><F89/><W45/><G77/><T82/><D17/><N who="1" m="10559" /><E92/><V58/><F83/><W51/><G105/><T70/><D70/><U10/><E10/><V110/><F110/><W24/><G107/><T19/><D19/><U27/><E27/><AGARI ba="0,0" hai="16,23,27,54,56,63,82,87,91,97,99" m="43627" machi="27" ten="30,2000,0" yaku="11,1,54,1" doraHai="128" who="0" fromWho="1" sc="225,20,221,-20,222,0,332,0" /><INIT seed="4,0,0,2,3,38" ten="245,201,222,332" oya="0" hai0="127,118,103,54,44,25,86,39,11,57,68,19,105" hai1="45,128,26,62,21,71,134,125,130,64,69,131,92" hai2="88,95,135,87,70,106,78,121,16,114,58,132,79" hai3="1,74,59,115,31,34,36,5,7,113,133,83,53"/><T77/><D118/><U75/><E75/><V17/><F70/><W13/><G36/><T85/><D68/><U33/><E33/><V94/><F106/><W14/><G133/><N who="2" m="51273" /><F121/><W28/><G83/><T117/><D117/><U49/><E134/><V50/><F114/><W29/><G74/><T46/><D127/><U8/><E71/><V82/><F95/><W97/><G97/><T65/><D65/><U0/><E125/><V15/><F79/><W18/><G53/><T99/><D77/><U96/><E0/><V122/><F122/><W98/><G59/><T60/><D44/><U90/><E8/><V80/><F17/><W84/><G98/><T66/><D66/><U2/><E2/><V47/><F58/><W42/><G84/><T73/><D73/><U102/><E90/><V4/><F4/><W12/><G1/><T61/><D61/><U110/><E110/><V20/><F78/><W129/><G18/><T126/><D126/><U41/><E21/><V24/><F15/><W67/><G14/><T112/><D112/><U3/><E3/><V9/><F9/><W119/><G31/><T107/><D107/><U124/><E124/><V120/><F120/><W109/><G119/><T93/><D105/><U89/><E89/><V55/><AGARI ba="0,0" hai="16,20,24,47,50,55,80,82,87,88,94" m="51273" machi="55" ten="30,4000,0" yaku="20,1,54,2" doraHai="38" who="2" fromWho="2" sc="245,-20,201,-10,222,40,332,-10" /><INIT seed="5,0,0,2,5,130" ten="225,191,262,322" oya="1" hai0="56,58,116,3,14,64,96,135,87,131,126,57,120" hai1="13,132,66,72,36,103,98,71,92,49,95,113,30" hai2="41,46,59,39,86,89,47,115,127,108,112,83,50" hai3="54,38,52,19,34,100,77,62,118,134,65,114,75"/><U104/><E36/><V40/><F108/><W43/><G34/><T24/><D116/><U105/><E72/><V33/><F33/><W69/><G100/><T99/><D3/><U81/><E105/><V0/><F0/><W74/><G74/><T48/><D131/><U101/><E113/><N who="2" m="43595" /><F59/><N who="0" m="22602" /><D126/><AGARI ba="0,0" hai="39,40,41,46,47,50,83,86,89,126,127" m="43595" machi="126" ten="30,2000,0" yaku="15,1,11,1" doraHai="130" who="2" fromWho="0" sc="225,-20,191,0,262,20,322,0" /><INIT seed="6,0,0,4,4,28" ten="205,191,282,322" oya="2" hai0="117,6,121,33,60,104,53,15,87,134,108,17,20" hai1="10,85,131,125,102,38,9,110,120,119,106,98,51" hai2="18,84,75,3,95,82,1,26,127,118,14,70,79" hai3="132,34,76,68,129,4,90,130,69,27,30,81,107"/><V116/><F70/><W35/><G132/><T40/><D121/><U78/><E110/><V89/><F127/><W86/><G107/><T128/><D104/><U19/><E119/><V115/><F115/><W65/><G4/><T12/><D134/><U113/><E38/><V13/><F13/><W80/><G35/><T63/><D108/><U64/><E113/><V16/><F18/><W124/><G124/><T77/><D128/><N who="3" m="49257" /><G65/><T43/><D33/><U111/><E111/><V122/><F122/><W109/><G109/><T41/><D53/><U73/><E73/><AGARI ba="0,0" hai="27,30,34,68,69,73,76,80,81,86,90" m="49257" machi="73" ten="30,2000,0" yaku="19,1,52,1" doraHai="28" who="3" fromWho="1" sc="205,0,191,-20,282,0,322,20" /><INIT seed="7,0,0,0,5,73" ten="205,171,282,342" oya="3" hai0="107,14,10,82,41,25,3,0,31,132,77,7,38" hai1="4,118,68,32,133,20,29,80,85,70,87,60,45" hai2="50,35,79,17,127,75,104,108,47,130,33,101,113" hai3="98,111,11,91,120,114,131,96,37,34,58,84,46"/><W88/><G120/><T94/><D107/><U44/><E32/><V97/><F108/><W110/><G34/><T26/><D132/><U43/><E133/><V89/><F127/><W2/><G114/><T64/><D64/><U106/><E106/><V69/><F69/><W112/><G112/><T117/><D117/><U135/><E135/><V6/><F6/><N who="3" m="1495" /><G58/><T18/><D94/><U16/><E4/><V21/><F130/><W115/><G115/><T13/><D0/><U90/><E29/><V49/><F49/><W52/><G91/><T126/><D126/><U8/><E8/><V1/><F89/><W9/><G9/><T23/><D26/><U48/><E60/><V15/><F1/><W72/><G72/><T22/><D13/><U129/><E129/><V99/><F99/><W103/><G103/><T53/><D53/><U122/><E122/><V30/><F30/><W123/><G52/><T74/><D41/><U95/><E45/><V65/><F65/><W119/><G119/><T27/><D27/><U55/><E55/><V81/><REACH who="2" step="1"/><F113/><REACH who="2" ten="205,171,272,342" step="2"/><W76/><G131/><T51/><D51/><U5/><E118/><V109/><F109/><W42/><G98/><T56/><D38/><U12/><REACH who="1" step="1"/><E5/><REACH who="1" ten="205,161,272,342" step="2"/><V78/><F78/><AGARI ba="0,2" hai="12,16,20,43,44,48,68,70,78,80,85,87,90,95" machi="78" ten="30,8000,1" yaku="1,1,2,1,7,1,52,1,54,1,53,0" doraHai="73" doraHaiUra="71" who="1" fromWho="2" sc="205,0,161,100,272,-80,342,0" owari="205,-19.5,261,6.1,192,-30.8,342,44.2" /></mjloggm>