<mjloggm ver="2.3"><GO type="169" lobby="0"/><UN n0="%E8%B5%A4%E4%BA%94%E7%AB%8B%E7%9B%B4" n1="%E7%9A%AE%E3%80%85" n2="%47%59%4F" n3="%E3%81%82%E3%81%95%E3%81%B4%E3%82%93%EF%BC%A0%EF%BD%8D%EF%BD%8A" dan="16,16,16,18" rate="2180.21,2177.42,2127.43,2291.74" sx="F,M,M,M"/><TAIKYOKU oya="0"/><INIT seed="0,0,0,3,4,96" ten="250,250,250,250" oya="0" hai0="95,88,109,84,17,119,38,104,118,120,11,42,19" hai1="102,5,13,114,83,31,43,0,127,80,7,9,65" hai2="77,30,123,41,67,28,21,81,100,16,60,47,23" hai3="36,125,71,89,1,134,90,14,78,111,97,37,50"/><T87/><D120/><U10/><E127/><V93/><F123/><W98/><G1/><T57/><D104/><U73/><E73/><V92/><F23/><W131/><G71/><T75/><D75/><U117/><E117/><V124/><F124/><W44/><G125/><T33/><D33/><U55/><E114/><V61/><F61/><W132/><G78/><T62/><D109/><U64/><E43/><V79/><F93/><W52/><G111/><T4/><D42/><U68/><E31/><V72/><F77/><W22/><G131/><T45/><D45/><U130/><E130/><V58/><F92/><N who="3" m="56463" /><G90/><T126/><D38/><U63/><E65/><V101/><F30/><W34/><G98/><T105/><D105/><U66/><E66/><V122/><F28/><W54/><G54/><T108/><D108/><U26/><E26/><V40/><F40/><W18/><G34/><T86/><D126/><U8/><E9/><V121/><F122/><W53/><G53/><T59/><D118/><U70/><E70/><V29/><F29/><W133/><AGARI ba="0,0" hai="14,18,22,36,37,44,50,52,132,133,134" m="56463" machi="133" ten="30,2000,0" yaku="20,1,54,1" doraHai="96" who="3" fromWho="3" sc="250,-10,250,-5,250,-5,250,20" /><INIT seed="1,0,0,4,2,87" ten="240,245,245,270" oya="1" hai0="26,17,68,123,103,94,52,75,126,41,128,25,9" hai1="65,130,2,62,64,96,0,15,118,127,28,104,43" hai2="121,35,4,21,55,53,124,56,11,122,131,95,63" hai3="133,114,3,34,98,32,129,102,74,125,38,20,80"/><U89/><E118/><V39/><F35/><W132/><G114/><T18/><D75/><U78/><E78/><V109/><F109/><W44/><G20/><T110/><D110/><U31/><E43/><V24/><F124/><W48/><G3/><T49/><D126/><U82/><E127/><V12/><F39/><W86/><G74/><T58/><D68/><U60/><E130/><V69/><F69/><W135/><G38/><T120/><D128/><U77/><E15/><V90/><F55/><W33/><G125/><T76/><D76/><U85/><E104/><V61/><F61/><W37/><G37/><T51/><D41/><U70/><E0/><V19/><REACH who="2" step="1"/><F131/><REACH who="2" ten="240,245,235,270" step="2"/><W83/><G129/><T101/><D120/><U29/><E2/><V45/><F45/><W72/><G44/><T16/><D123/><U10/><E10/><V40/><F40/><W134/><G134/><T100/><D51/><U81/><E96/><AGARI ba="0,1" hai="4,11,12,19,21,24,53,56,63,90,95,96,121,122" machi="96" ten="30,8000,1" yaku="1,1,7,1,25,2,52,1,53,0" doraHai="87" doraHaiUra="66" who="2" fromWho="1" sc="240,0,245,-80,235,90,270,0" /><INIT seed="2,0,0,2,2,132" ten="240,165,325,270" oya="2" hai0="116,122,77,38,45,7,109,50,0,73,18,47,21" hai1="49,36,92,108,100,134,5,80,114,15,81,53,62" hai2="67,97,85,17,29,26,40,72,31,118,68,106,82" hai3="89,117,124,131,44,75,56,79,65,27,41,54,69"/><V46/><F118/><W8/><G117/><T112/><D116/><U61/><E114/><V87/><F31/><W123/><G123/><T60/><D112/><U22/><E134/><V55/><F55/><W51/><G131/><T25/><D122/><U33/><E33/><V91/><F17/><W135/><G135/><T90/><D109/><U2/><E2/><V10/><F10/><W96/><G27/><T20/><D60/><N who="1" m="23147" /><E36/><V63/><F72/><W99/><G69/><T125/><D90/><U32/><E32/><V107/><F87/><W39/><G65/><T121/><D121/><U58/><E108/><V16/><F97/><W127/><G8/><N who="0" m="2151" /><D50/><U3/><E3/><V113/><F113/><W64/><G64/><T88/><D88/><U128/><E128/><V14/><F14/><W129/><G129/><T19/><D38/><U120/><E120/><V6/><F6/><W84/><G79/><T42/><D42/><U48/><E48/><V110/><F110/><W71/><G71/><T9/><D77/><U70/><E70/><V59/><F68/><W111/><G75/><T24/><D73/><U95/><E5/><V66/><F66/><W12/><G12/><N who="0" m="7439" /><D45/><U37/><E37/><V126/><F46/><W1/><G1/><T23/><D47/><U133/><E133/><V102/><F40/><W86/><G111/><T105/><D105/><U57/><E57/><V104/><F104/><W74/><G74/><T30/><D21/><U83/><E100/><V35/><F106/><W103/><G103/><T76/><D76/><U13/><E22/><V4/><F102/><RYUUKYOKU ba="0,0" sc="240,15,165,15,325,-15,270,-15" hai0="19,20,23,24,25,30,125" hai1="13,15,49,53,58,80,81,83,92,95" /><INIT seed="3,1,0,0,0,53" ten="255,180,310,255" oya="3" hai0="75,33,36,20,48,128,106,23,17,92,135,84,2" hai1="3,27,62,30,29,63,66,68,98,88,71,127,26" hai2="70,113,104,89,1,0,9,56,115,11,15,6,21" hai3="103,60,40,119,94,83,105,24,10,85,112,12,99"/><W31/><G112/><T117/><D84/><U130/><E3/><V18/><F70/><W79/><G119/><T37/><D92/><U133/><E133/><V95/><F104/><W43/><G105/><T39/><D48/><U80/><E130/><V45/><F45/><W49/><G49/><T125/><D17/><U38/><E38/><V59/><F115/><W74/><G74/><T126/><D37/><U28/><E127/><V7/><REACH who="2" step="1"/><F113/><REACH who="2" ten="255,180,300,255" step="2"/><W97/><G97/><AGARI ba="1,1" hai="0,1,6,7,9,11,15,18,21,56,59,89,95,97" machi="97" ten="30,12000,2" yaku="1,1,2,1,7,1,9,1,52,2,53,0" doraHai="53" doraHaiUra="69" who="2" fromWho="3" sc="255,0,180,0,300,133,255,-123" /><INIT seed="4,0,0,3,4,98" ten="255,180,433,132" oya="0" hai0="119,89,120,24,97,84,29,135,49,46,113,41,11" hai1="118,77,53,55,134,100,52,58,1,129,69,72,65" hai2="56,96,133,102,95,103,40,59,61,16,85,12,8" hai3="122,39,51,73,92,43,13,80,10,75,5,18,116"/><T63/><D120/><U90/><E118/><V23/><F133/><W17/><G116/><T3/><D119/><U37/><E37/><V131/><F131/><W9/><G122/><T66/><D135/><U64/><E1/><V4/><F40/><W68/><G68/><T0/><D113/><U36/><E36/><V31/><F85/><W34/><G34/><T57/><D11/><U115/><E134/><V14/><F31/><W6/><G51/><T86/><D97/><U27/><E129/><V25/><F12/><W93/><G39/><T125/><D86/><U108/><E108/><V83/><F83/><W74/><G43/><T60/><D60/><U42/><E42/><V48/><F48/><W7/><G80/><T88/><D125/><U127/><E127/><V82/><F82/><W106/><G106/><T87/><D87/><U45/><E45/><V22/><F22/><W123/><G123/><T124/><D89/><U38/><E38/><V76/><F76/><W67/><G67/><N who="1" m="25674" /><E69/><V32/><F32/><W28/><G28/><T21/><REACH who="0" step="1"/><D124/><REACH who="0" ten="245,180,433,132" step="2"/><U33/><E90/><N who="2" m="55415" /><F61/><W126/><G126/><T70/><D70/><U104/><E115/><V112/><F112/><W2/><G2/><T19/><D19/><U111/><E111/><V121/><F121/><W79/><G79/><T35/><D35/><U114/><E77/><V30/><F30/><W132/><G132/><T15/><D15/><AGARI ba="0,1" hai="5,6,7,9,10,13,15,17,18,73,74,75,92,93" machi="15" ten="50,1600,0" yaku="9,1" doraHai="98" who="3" fromWho="0" sc="245,-16,180,0,433,0,132,26" /><INIT seed="5,0,0,5,3,105" ten="229,180,433,158" oya="1" hai0="115,42,7,68,123,15,102,78,112,132,3,65,80" hai1="28,89,38,21,47,43,124,86,0,83,52,17,48" hai2="44,59,58,40,99,104,50,32,88,5,70,117,113" hai3="129,54,75,92,4,25,51,98,11,27,18,107,125"/><U64/><E0/><V49/><F117/><W96/><G129/><T120/><D42/><U30/><E64/><V133/><F70/><W35/><G125/><T69/><D102/><U122/><E122/><N who="0" m="46633" /><D15/><U118/><E124/><V1/><F32/><W61/><G61/><N who="0" m="39983" /><D69/><U41/><E118/><V45/><F104/><W100/><G35/><T9/><D132/><U67/><E67/><V87/><F99/><W77/><G98/><T119/><D119/><U23/><E23/><V91/><F91/><W114/><G107/><T31/><D31/><N who="1" m="11819" /><E38/><V20/><F20/><W94/><G114/><T37/><D37/><U29/><N who="1" m="11827" /><U130/><DORA hai="62" /><E130/><V74/><F113/><W56/><G18/><T135/><D135/><U46/><E46/><V84/><F1/><W131/><G131/><T26/><D26/><AGARI ba="0,0" hai="17,21,26,41,43,47,48,52,83,86,89" m="11827" machi="26" ten="30,2900,0" yaku="8,1,54,1" doraHai="105,62" who="1" fromWho="0" sc="229,-29,180,29,433,0,158,0" /><INIT seed="5,1,0,3,2,2" ten="200,209,433,158" oya="1" hai0="77,120,116,56,93,84,89,121,33,14,20,24,52" hai1="36,102,126,133,81,45,69,68,59,5,98,26,103" hai2="78,17,43,115,123,34,134,21,51,22,63,105,73" hai3="8,15,75,114,39,1,64,48,129,74,31,50,67"/><U124/><E133/><V135/><F123/><W96/><G39/><T109/><D109/><U71/><E59/><V128/><F105/><W92/><G1/><T54/><D116/><U10/><E26/><V130/><F34/><W23/><G114/><T42/><D42/><N who="1" m="22727" /><E81/><N who="2" m="45263" /><F115/><W11/><G129/><N who="2" m="49769" /><F63/><W32/><G32/><T101/><D101/><U9/><E9/><V18/><F43/><W29/><G23/><N who="2" m="8713" /><F51/><N who="3" m="19499" /><G74/><T100/><D100/><U7/><E103/><V113/><F113/><W55/><G75/><T112/><D112/><U111/><E111/><V91/><F91/><N who="3" m="55327" /><G55/><T13/><D77/><U99/><E99/><V19/><AGARI ba="1,0" hai="17,18,19,134,135" m="8713,49769,45263" machi="19" ten="40,1500,0" yaku="19,1" doraHai="2" who="2" fromWho="2" sc="200,-5,209,-8,433,18,158,-5" /><INIT seed="6,0,0,2,3,128" ten="195,201,451,153" oya="2" hai0="76,23,53,116,108,119,69,85,74,34,46,61,11" hai1="126,124,57,18,37,52,66,90,31,113,35,33,51" hai2="118,13,95,109,122,58,5,63,9,0,4,36,106" hai3="70,103,27,62,55,100,50,89,111,115,1,38,71"/><V29/><F118/><N who="0" m="45098" /><D34/><U110/><E110/><V93/><F106/><W117/><G117/><T14/><D74/><U8/><E37/><V80/><F122/><W114/><G111/><T2/><D108/><U44/><E113/><N who="3" m="43018" /><G38/><T75/><D75/><U87/><E31/><V24/><F36/><W101/><G1/><T88/><D2/><U83/><E66/><V73/><F109/><W82/><G62/><T22/><D76/><U120/><E57/><V3/><F3/><W17/><G82/><N who="0" m="49207" /><D69/><N who="3" m="26121" /><G89/><T54/><D61/><U40/><E120/><V123/><F123/><W86/><G86/><T47/><D47/><U65/><E65/><V68/><F68/><W10/><G50/><N who="0" m="28887" /><D54/><U130/><E130/><V135/><F80/><W129/><G55/><T72/><D72/><U91/><E91/><V132/><F73/><W107/><G129/><T7/><AGARI ba="0,0" hai="7,11,14,22,23" m="28887,49207,45098" machi="7" ten="30,2000,0" yaku="12,1,54,1" doraHai="128" who="0" fromWho="0" sc="195,20,201,-5,451,-10,153,-5" /><INIT seed="7,0,0,5,5,23" ten="215,196,441,148" oya="3" hai0="125,112,121,32,99,114,49,7,110,85,48,79,44" hai1="51,65,120,131,28,26,69,59,2,111,122,62,64" hai2="36,97,21,67,56,96,10,74,15,90,98,130,107" hai3="128,54,46,104,68,31,37,102,45,72,4,70,61"/><W133/><G72/><T118/><D110/><U20/><E111/><V5/><F36/><W135/><G4/><T105/><D121/><U83/><E2/><V43/><F130/><W29/><G102/><N who="0" m="62687" /><D32/><U38/><E38/><V19/><F43/><N who="3" m="22767" /><G104/><T16/><D125/><U77/><E131/><V3/><F74/><W1/><G1/><T124/><D124/><U87/><E65/><V81/><F107/><W12/><G12/><T73/><D73/><U47/><E69/><N who="3" m="26730" /><G128/><T129/><D118/><U42/><AGARI ba="0,0" hai="20,26,28,42,47,51,59,62,64,77,83,87,120,122" machi="42" ten="20,2700,0" yaku="0,1,7,1,52,1" doraHai="23" who="1" fromWho="1" sc="215,-7,196,27,441,-7,148,-13" owari="208,-19.2,223,2.3,434,53.4,135,-36.5" /></mjloggm>