<mjloggm ver="2.3"><GO type="169" lobby="0"/><UN n0="%40%77%61%6B%61" n1="%E6%B2%B3%E7%AB%A5%E3%81%AE%E3%83%AF%E3%82%AB%E3%83%9E%E3%83%84" n2="%6E%61%67%61%69%6D%6F" n3="%E3%81%B1%E3%82%93%E3%81%AA%E3%81%93%E3%81%BE%E3%81%A3%E3%81%9F" dan="16,17,16,17" rate="2065.38,2202.31,2125.33,2246.56" sx="M,M,M,M"/><TAIKYOKU oya="0"/><BYE who="3" /><INIT seed="0,0,0,3,4,90" ten="250,250,250,250" oya="0" hai0="2,79,100,122,133,66,97,8,1,112,75,87,23" hai1="91,19,121,132,124,94,20,18,29,126,34,35,0" hai2="59,76,56,38,77,5,24,99,88,31,82,36,3" hai3="67,78,108,65,115,41,17,14,71,63,96,12,84"/><T113/><D122/><UN n3="%E3%81%B1%E3%82%93%E3%81%AA%E3%81%93%E3%81%BE%E3%81%A3%E3%81%9F" /><U128/><E121/><V130/><F130/><W10/><G115/><T86/><D75/><U89/><E0/><V74/><F76/><W49/><G108/><T81/><D66/><U116/><E116/><V52/><F59/><W72/><G72/><T30/><D133/><U111/><E132/><V117/><F5/><W69/><G96/><T28/><D87/><U61/><E128/><V42/><F3/><W109/><G109/><T73/><D73/><U120/><E120/><V57/><F57/><W48/><G41/><T83/><D83/><U37/><E111/><V134/><F42/><W32/><G32/><T21/><D1/><U39/><E20/><V129/><F117/><W22/><G84/><T135/><D135/><U54/><E29/><V98/><F98/><W70/><G78/><T107/><D28/><U105/><E61/><V25/><F129/><W93/><G93/><T9/><D21/><U110/><E110/><V68/><F68/><W46/><G46/><T53/><D53/><U103/><E54/><V85/><F99/><W92/><G92/><T15/><D2/><U43/><E94/><V131/><F134/><W16/><REACH who="3" step="1"/><G71/><REACH who="3" ten="250,250,250,240" step="2"/><T62/><D112/><U11/><E43/><V95/><F131/><W45/><G45/><T7/><D113/><U55/><E103/><V40/><F40/><W51/><G51/><T114/><D114/><U27/><E35/><V119/><F119/><W125/><G125/><T47/><D100/><U33/><E124/><V127/><F127/><W80/><G80/><T102/><D81/><U60/><E126/><RYUUKYOKU ba="0,1" sc="250,-10,250,-10,250,-10,240,30" hai3="10,12,14,16,17,22,48,49,63,65,67,69,70" /><INIT seed="1,1,1,3,3,12" ten="240,240,240,270" oya="1" hai0="2,63,112,48,66,122,69,86,15,16,120,34,39" hai1="14,19,116,130,111,108,132,67,74,92,17,42,0" hai2="96,8,103,9,102,32,129,5,45,1,59,115,78" hai3="60,49,13,81,4,114,134,6,57,54,35,80,65"/><U52/><E116/><V36/><F32/><W118/><G118/><T71/><D112/><U30/><E0/><V50/><F115/><W97/><G134/><T100/><D39/><U90/><E74/><V75/><F129/><W58/><G114/><T44/><D2/><U125/><E132/><V131/><F131/><W38/><G38/><T126/><D126/><U93/><E130/><V135/><F9/><W113/><G113/><T98/><D34/><U61/><E125/><V127/><F127/><W27/><G97/><T68/><D86/><U31/><E42/><V41/><F135/><W87/><G81/><T72/><D72/><U70/><E52/><N who="2" m="32151" /><F96/><W10/><G27/><T64/><D64/><U73/><E73/><V29/><F29/><N who="1" m="10761" /><E14/><V124/><F124/><W110/><G35/><T89/><D89/><U33/><E33/><V99/><F99/><W88/><REACH who="3" step="1"/><G110/><REACH who="3" ten="240,240,240,260" step="2"/><N who="1" m="42026" /><E93/><V121/><F121/><N who="0" m="46698" /><D98/><AGARI ba="1,2" hai="17,19,61,67,70,90,92,98" m="42026,10761" machi="98" ten="30,11600,0" yaku="14,1,10,1,52,2" doraHai="12" who="1" fromWho="0" sc="240,-119,240,139,240,0,260,0" /><INIT seed="1,2,0,1,0,2" ten="121,379,240,260" oya="1" hai0="78,134,91,95,14,23,35,32,46,114,52,39,34" hai1="72,109,105,44,56,27,98,59,81,121,0,119,82" hai2="123,131,29,73,89,79,126,70,31,36,3,68,6" hai3="55,129,86,90,85,135,22,111,11,84,77,19,113"/><U9/><E119/><V130/><F36/><W120/><G113/><T124/><D114/><U133/><E121/><V45/><F45/><W66/><G120/><T76/><D124/><U57/><E133/><V97/><F123/><W80/><G135/><T127/><D127/><U107/><E109/><V5/><F3/><W104/><G104/><T64/><D64/><U93/><E27/><V10/><F10/><W100/><G100/><T67/><D67/><U53/><E53/><V50/><F126/><W18/><G129/><N who="2" m="49161" /><F50/><W38/><G38/><T74/><D74/><U115/><E44/><V71/><F79/><W112/><G112/><T60/><D39/><U75/><E115/><V63/><F63/><W8/><G111/><T83/><D83/><U1/><E9/><V92/><F73/><W110/><G110/><T43/><D43/><U99/><REACH who="1" step="1"/><E57/><REACH who="1" ten="121,369,240,260" step="2"/><V25/><F31/><W12/><G55/><T24/><D46/><U117/><E117/><V102/><F102/><W40/><G40/><T62/><D134/><U33/><E33/><AGARI ba="2,1" hai="5,6,25,29,33,68,70,71,89,92,97" m="49161" machi="33" ten="40,5200,0" yaku="19,1,52,2" doraHai="2" who="2" fromWho="1" sc="121,0,369,-58,240,68,260,0" /><INIT seed="2,0,0,3,5,133" ten="121,311,308,260" oya="2" hai0="125,47,102,70,19,69,78,100,110,55,54,71,45" hai1="4,18,115,80,99,49,126,109,91,127,92,52,23" hai2="25,85,62,111,76,50,30,129,75,106,26,60,51" hai3="94,130,2,122,61,73,24,105,43,101,17,131,77"/><V40/><F75/><W89/><G122/><T116/><D110/><U134/><E115/><V37/><F106/><W29/><G2/><T38/><D78/><U28/><E134/><V20/><F111/><W121/><G121/><T31/><D31/><U113/><E109/><V34/><F37/><W87/><G43/><T12/><D116/><U83/><E113/><V108/><F108/><W104/><G17/><T3/><D3/><U5/><E28/><V36/><F36/><W132/><G61/><T7/><D7/><U65/><E65/><V15/><F15/><W72/><G132/><T124/><D38/><U44/><E4/><V114/><F114/><W41/><G41/><T98/><D19/><U63/><E63/><V42/><F42/><W14/><G14/><T118/><D12/><N who="1" m="9671" /><E5/><V32/><F32/><W95/><G24/><T53/><D118/><U35/><E35/><V21/><F34/><W8/><G8/><T128/><D128/><N who="3" m="49193" /><G29/><T68/><N who="0" m="17408" /><DORA hai="119" /><T0/><D0/><U6/><E6/><V90/><F129/><W86/><G86/><T27/><D27/><U64/><E64/><V79/><F60/><W9/><G9/><T58/><D58/><U1/><E1/><V48/><F62/><W84/><G84/><T13/><D13/><U16/><E16/><N who="2" m="12423" /><F40/><W96/><G77/><T81/><D81/><AGARI ba="0,0" hai="21,26,30,48,50,51,76,79,81,85,90" m="12423" machi="81" ten="30,2900,0" yaku="8,1,54,1" doraHai="133,119" who="2" fromWho="0" sc="121,-29,311,0,308,29,260,0" /><INIT seed="2,1,0,4,2,27" ten="92,311,337,260" oya="2" hai0="123,90,25,85,75,132,121,83,0,105,115,12,29" hai1="50,103,19,69,128,60,98,52,126,23,73,92,48" hai2="82,15,17,96,86,43,117,64,129,91,130,84,38" hai3="9,58,51,36,42,135,81,106,62,3,57,78,133"/><V54/><F117/><W30/><G106/><T41/><D115/><U134/><E73/><V20/><F64/><W6/><G51/><T100/><D132/><U88/><E134/><V120/><F120/><W61/><G61/><T71/><D0/><U13/><E128/><V104/><F43/><W95/><G58/><T28/><D71/><U39/><E126/><V116/><F38/><W89/><G30/><T22/><D29/><U16/><E39/><V109/><F116/><W97/><G57/><T5/><D5/><U1/><E1/><V66/><F66/><W119/><G62/><T63/><D63/><U113/><E113/><V56/><F109/><W79/><G79/><T10/><D41/><U112/><E112/><V44/><F44/><W102/><G102/><T70/><D75/><U131/><E131/><V26/><F15/><W72/><REACH who="3" step="1"/><G119/><REACH who="3" ten="92,311,337,250" step="2"/><T127/><D70/><U33/><E33/><V118/><F118/><W47/><AGARI ba="1,1" hai="3,6,9,36,42,47,72,78,81,89,95,97,133,135" machi="47" ten="30,12000,2" yaku="1,1,2,1,0,1,25,2,53,1" doraHai="27" doraHaiUra="34" who="3" fromWho="3" sc="92,-31,311,-31,337,-61,250,133" /><INIT seed="3,0,0,1,4,87" ten="61,280,276,383" oya="3" hai0="40,56,76,107,66,118,30,38,28,20,127,1,125" hai1="120,63,16,57,34,97,79,8,114,25,15,131,126" hai2="100,42,69,24,91,123,124,27,22,80,93,108,90" hai3="5,4,44,10,128,61,101,134,72,36,92,21,26"/><W121/><G72/><T82/><D107/><U50/><E120/><V135/><F69/><W19/><G121/><T117/><D1/><U133/><E114/><V67/><F123/><W111/><G128/><T78/><D40/><U86/><E131/><V43/><F67/><W122/><G122/><T13/><D38/><U105/><E133/><V110/><F135/><W106/><G134/><T29/><D66/><U2/><E126/><N who="0" m="48137" /><D56/><U58/><E50/><V17/><F124/><W31/><G106/><T45/><D45/><U104/><E57/><V102/><F80/><W6/><G111/><T89/><D13/><U103/><E2/><V116/><F93/><W71/><G71/><T7/><D7/><U60/><E104/><V119/><F22/><W35/><G61/><T39/><D20/><U81/><E58/><V59/><F59/><W46/><G36/><T18/><D18/><AGARI ba="0,0" hai="17,18,24,27,42,43,90,91,100,102,108,110,116,119" machi="18" ten="25,6400,0" yaku="22,2,52,2" doraHai="87" who="2" fromWho="0" sc="61,-64,280,0,276,64,383,0" owari="-3,-50.3,280,-12.0,340,14.0,383,48.3" /></mjloggm>