<mjloggm ver="2.3"><GO type="169" lobby="0"/><UN n0="%E3%83%AD%E3%83%83%E3%83%86%E9%9B%80%E7%90%83" n1="%44%61%6C%69" n2="%E3%81%B5%E3%82%8D%E3%82%93" n3="%E3%81%8D%E3%81%84%E3%81%AA" dan="17,17,17,17" rate="2187.89,2201.71,2207.88,2178.71" sx="M,M,M,F"/><TAIKYOKU oya="0"/><INIT seed="0,0,0,4,2,98" ten="250,250,250,250" oya="0" hai0="130,58,18,35,123,84,64,126,96,76,32,121,94" hai1="65,52,17,16,113,107,34,26,15,101,28,38,114" hai2="118,102,21,39,82,40,92,90,5,30,9,0,79" hai3="25,75,57,14,66,31,111,122,47,89,100,133,125"/><T95/><D126/><U33/><E38/><V43/><F118/><W22/><G111/><T110/><D130/><U48/><E65/><V37/><F37/><W129/><G125/><T53/><D64/><U93/><E107/><V70/><F70/><W128/><G75/><T3/><D3/><U63/><E63/><V11/><F11/><W120/><G133/><T73/><D73/><U109/><E109/><V4/><F4/><W59/><G89/><T46/><D46/><U62/><E62/><V115/><F115/><N who="1" m="44041" /><E34/><V74/><F39/><W103/><G47/><T124/><D124/><U87/><E15/><V6/><F6/><W127/><G127/><T61/><D110/><U117/><E117/><V54/><F54/><W23/><G66/><T56/><D56/><N who="3" m="21577" /><G22/><T29/><D35/><U77/><E77/><V41/><F90/><W131/><G14/><T91/><D76/><U45/><E87/><V7/><F7/><W105/><G105/><T36/><D36/><U50/><E48/><V99/><REACH who="2" step="1"/><F43/><REACH who="2" ten="250,250,240,250" step="2"/><W19/><G19/><T2/><D18/><U68/><E68/><V88/><F88/><W67/><G67/><T132/><D2/><U69/><E69/><V106/><F106/><W13/><G13/><T44/><D132/><U1/><E1/><V135/><F135/><W104/><G104/><T10/><D10/><U51/><E51/><V12/><F12/><W49/><G49/><T72/><D91/><U8/><E8/><V71/><F71/><W20/><G20/><T78/><D32/><U83/><E83/><V60/><F60/><W108/><G108/><RYUUKYOKU ba="0,1" sc="250,-30,250,10,240,10,250,10" hai1="16,17,26,28,33,45,50,52,93,101" hai2="0,5,9,21,30,40,41,74,79,82,92,99,102" hai3="23,25,31,100,103,120,122,128,129,131" /><INIT seed="1,1,1,4,2,74" ten="220,260,250,260" oya="1" hai0="34,47,102,131,90,85,80,135,95,127,130,115,50" hai1="11,44,88,36,78,59,42,73,38,96,37,54,35" hai2="82,83,105,107,94,33,81,98,21,30,63,8,108" hai3="65,121,92,77,26,24,31,91,28,100,17,93,2"/><U76/><E35/><V72/><F33/><W62/><G121/><T6/><D115/><U117/><E117/><V45/><F8/><W99/><G2/><T125/><D34/><U109/><E109/><V86/><F45/><W101/><G77/><N who="0" m="46223" /><D6/><U46/><E73/><V39/><F39/><W55/><G55/><T9/><D9/><U122/><E122/><V0/><F0/><W16/><G62/><T43/><D102/><U27/><E27/><V10/><F10/><W110/><G65/><T14/><D14/><U129/><E129/><N who="0" m="49161" /><D135/><U71/><E71/><V60/><F107/><W119/><G110/><T18/><D18/><U123/><E123/><V52/><F105/><W58/><G119/><T69/><D69/><U104/><E11/><V79/><F108/><W128/><G128/><T32/><D32/><U111/><E111/><V23/><F72/><W126/><G126/><T124/><D127/><U61/><E104/><V19/><F30/><W87/><G58/><T118/><D118/><U56/><E56/><N who="2" m="34823" /><F63/><W70/><G70/><T84/><AGARI ba="1,1" hai="43,47,50,84,90,95,124,125" m="49161,46223" machi="84" ten="30,2000,0" yaku="19,1,52,1" doraHai="74" who="0" fromWho="0" sc="220,33,260,-11,250,-6,260,-6" /><INIT seed="2,0,0,1,0,96" ten="253,249,244,254" oya="2" hai0="98,104,32,123,99,14,50,95,89,3,5,119,118" hai1="62,15,58,66,128,8,0,75,134,129,116,53,125" hai2="33,103,73,13,17,100,38,64,43,111,55,115,20" hai3="109,107,42,61,12,24,85,40,37,127,47,74,2"/><V9/><F115/><W78/><G109/><T48/><D123/><U1/><E75/><V45/><F33/><W120/><G120/><T112/><D32/><U25/><E116/><N who="0" m="44585" /><D3/><U122/><E122/><V79/><F111/><W26/><G2/><T51/><D112/><U30/><E125/><V10/><F64/><W54/><G107/><T57/><D57/><U49/><E134/><V88/><F55/><W36/><G74/><T16/><D5/><U92/><E92/><V108/><F108/><W27/><G127/><T94/><D104/><U76/><E76/><V81/><F9/><W102/><G61/><T124/><D124/><U110/><E110/><V133/><F133/><W35/><G35/><T18/><D14/><U87/><E87/><V117/><F117/><W83/><G54/><T19/><D50/><U106/><E106/><V84/><F10/><W41/><G12/><T65/><D65/><U130/><E15/><V21/><F21/><W68/><G68/><T114/><D114/><U126/><E8/><V67/><F67/><W28/><G47/><T6/><D6/><U59/><REACH who="1" step="1"/><E126/><REACH who="1" ten="253,239,244,254" step="2"/><V29/><F29/><W105/><REACH who="3" step="1"/><G28/><REACH who="3" ten="253,239,244,244" step="2"/><T72/><D72/><U11/><E11/><V101/><REACH who="2" step="1"/><F73/><REACH who="2" ten="253,239,234,244" step="2"/><W39/><G39/><T71/><D71/><U113/><E113/><V31/><F31/><W80/><G80/><T34/><D34/><AGARI ba="0,3" hai="0,1,25,30,34,49,53,58,59,62,66,128,129,130" machi="34" ten="40,2600,0" yaku="1,1,19,1,53,0" doraHai="96" doraHaiUra="121" who="1" fromWho="0" sc="253,-26,239,56,234,0,244,0" /><INIT seed="3,0,0,0,2,41" ten="227,295,234,244" oya="3" hai0="9,78,2,17,19,36,3,13,93,122,113,109,71" hai1="101,64,83,92,30,37,50,34,104,70,33,22,124" hai2="4,134,59,21,66,62,1,61,6,51,15,98,73" hai3="58,86,111,10,28,55,40,95,114,127,125,110,117"/><W43/><G28/><T89/><D71/><U107/><E50/><V123/><F73/><W20/><G20/><T108/><D36/><U52/><E92/><V94/><F134/><W0/><G10/><T26/><D78/><U23/><E30/><V106/><F106/><W121/><G86/><T46/><D122/><U119/><E70/><V57/><F123/><W74/><G95/><T88/><D113/><U84/><E64/><V11/><F21/><W75/><G0/><T60/><D60/><U115/><E37/><V68/><F68/><W100/><G100/><T5/><D46/><U7/><E115/><V18/><F51/><N who="3" m="31103" /><G121/><T81/><D81/><U90/><E101/><V132/><F132/><W87/><G87/><T128/><D128/><U48/><E84/><V16/><F6/><W39/><G117/><T102/><D102/><U131/><E7/><V14/><F1/><N who="0" m="10" /><D89/><U129/><E90/><N who="2" m="55639" /><F15/><W56/><G114/><T32/><D88/><U126/><E119/><V24/><F24/><W12/><G12/><N who="0" m="5167" /><D93/><U79/><E83/><V35/><F35/><W118/><G118/><T44/><D13/><U53/><E79/><V38/><F38/><W45/><G43/><T130/><D32/><U29/><E29/><V82/><F82/><W85/><G85/><T63/><D26/><U72/><E72/><V96/><F96/><W47/><G74/><T25/><D25/><U91/><E91/><V116/><F116/><W31/><G75/><T80/><D80/><U97/><E97/><V54/><AGARI ba="0,0" hai="4,11,14,16,18,54,57,59,61,62,66" m="55639" machi="54" ten="30,2000,0" yaku="8,1,54,1" doraHai="41" who="2" fromWho="2" sc="227,-5,295,-5,234,20,244,-10" /><INIT seed="4,0,0,0,5,79" ten="222,290,254,234" oya="0" hai0="109,39,51,77,23,129,52,74,120,10,57,29,34" hai1="35,53,134,98,16,15,22,100,102,2,6,4,116" hai2="92,66,8,18,58,85,132,11,1,38,32,49,3" hai3="44,81,12,127,121,135,124,62,111,45,55,90,69"/><T33/><D120/><U122/><E116/><V20/><F38/><W95/><G111/><T0/><D129/><U125/><E122/><V25/><F132/><W50/><G135/><T17/><D109/><U105/><E125/><N who="3" m="48202" /><G12/><T78/><D39/><U28/><E134/><V76/><F3/><W112/><G112/><T87/><D74/><U84/><E100/><V133/><F32/><W7/><G7/><T83/><D29/><U75/><E75/><V71/><F71/><W27/><G27/><T82/><D10/><U99/><E99/><V70/><F70/><W96/><G121/><T21/><D0/><U113/><E113/><V13/><F1/><W126/><N who="3" m="48210" /><W64/><DORA hai="88" /><G81/><T60/><D60/><U119/><E119/><V47/><F25/><W14/><G14/><T131/><D131/><U91/><E2/><V93/><F133/><W43/><G45/><T101/><D101/><U41/><E6/><V48/><F11/><W80/><G80/><T123/><D123/><U63/><E4/><V89/><F8/><W42/><AGARI ba="0,0" hai="42,43,44,50,55,62,64,69,90,95,96" m="48210" machi="42" ten="40,2700,0" yaku="18,1,52,1" doraHai="79,88" who="3" fromWho="3" sc="222,-13,290,-7,254,-7,234,27" /><INIT seed="5,0,0,5,2,103" ten="209,283,247,261" oya="1" hai0="87,120,67,109,32,38,69,78,86,125,95,118,84" hai1="71,52,14,89,104,17,129,19,50,76,82,36,56" hai2="68,37,92,4,64,65,27,126,47,43,41,13,102" hai3="62,117,122,34,91,10,116,28,77,16,0,108,85"/><U88/><E71/><V29/><F126/><W98/><G108/><T100/><D38/><U49/><E36/><V30/><F43/><W11/><G122/><T1/><D1/><U2/><E2/><V48/><F37/><W80/><G28/><T15/><D32/><U61/><E104/><V79/><F79/><W121/><G121/><T106/><D15/><U111/><E129/><V66/><F68/><W3/><G34/><T45/><D45/><U33/><E33/><V20/><F30/><W130/><G130/><T94/><D67/><U72/><E111/><V70/><F70/><W124/><G124/><T131/><D69/><U8/><E19/><V110/><F110/><W22/><G62/><T51/><D51/><U128/><E128/><V23/><F23/><W44/><G44/><T90/><D109/><U9/><E9/><N who="3" m="3082" /><G98/><N who="0" m="61719" /><D131/><U96/><E96/><N who="2" m="59655" /><F13/><N who="3" m="9487" /><G77/><T54/><D54/><U75/><E75/><V18/><F29/><W133/><G133/><T113/><D125/><U114/><E114/><V40/><F40/><W127/><G127/><T46/><D46/><U25/><E25/><V35/><F35/><W63/><G63/><T21/><D21/><U74/><E72/><V119/><F119/><AGARI ba="0,0" hai="0,3,80,85,91,116,117,119" m="9487,3082" machi="119" ten="30,2000,0" yaku="12,1,54,1" doraHai="103" who="3" fromWho="2" sc="209,0,283,0,247,-20,261,20" /><INIT seed="6,0,0,4,2,81" ten="209,283,227,281" oya="2" hai0="52,50,102,59,119,92,29,70,79,113,120,72,54" hai1="38,56,67,128,18,39,118,17,80,103,121,27,71" hai2="11,14,66,135,13,37,76,99,33,88,134,45,8" hai3="111,84,69,116,46,58,64,74,110,40,55,114,130"/><V124/><F33/><W61/><G74/><T21/><D120/><U0/><E0/><V112/><F76/><W60/><G116/><T96/><D113/><U127/><E127/><V25/><F112/><W15/><G114/><T7/><D70/><U4/><E71/><V129/><F124/><W24/><G24/><N who="0" m="16527" /><D72/><U78/><E118/><V107/><F66/><W123/><G123/><T5/><D119/><U82/><E4/><V3/><F129/><W65/><G15/><N who="2" m="5641" /><F25/><W100/><G100/><T42/><D42/><U20/><E121/><V109/><F3/><W23/><G23/><T86/><D54/><U97/><E128/><V125/><F125/><W6/><G6/><N who="0" m="2059" /><D79/><U95/><E39/><V2/><F2/><W83/><G64/><T16/><D16/><N who="1" m="12679" /><E38/><V131/><F131/><W36/><REACH who="3" step="1"/><G130/><REACH who="3" ten="209,283,227,271" step="2"/><T62/><D62/><N who="1" m="38343" /><E78/><AGARI ba="0,1" hai="36,40,46,55,58,60,61,65,69,78,83,84,110,111" machi="78" ten="30,8000,1" yaku="1,1,7,1,52,1,53,2" doraHai="81" doraHaiUra="57" who="3" fromWho="1" sc="209,0,283,-80,227,0,271,90" /><INIT seed="7,0,0,2,1,116" ten="209,203,227,361" oya="3" hai0="22,9,113,17,30,53,29,18,50,122,66,102,109" hai1="46,26,64,67,2,65,85,97,62,90,108,120,38" hai2="110,86,105,135,51,91,12,43,32,76,28,96,115" hai3="92,44,63,11,0,40,58,132,55,14,36,126,117"/><W13/><G117/><T80/><D109/><U101/><E2/><V130/><F110/><W19/><G126/><T27/><D122/><U121/><E108/><V127/><F127/><W71/><G132/><T1/><D113/><U73/><E73/><V60/><F32/><W10/><G0/><T42/><D42/><U104/><E62/><V35/><F35/><W20/><G71/><T5/><D66/><U57/><E57/><V59/><F28/><W118/><G118/><T95/><D80/><U23/><E46/><V24/><F24/><W49/><G92/><T39/><D39/><U123/><E38/><V77/><F130/><W72/><G72/><T33/><D30/><U56/><E56/><V125/><F115/><W124/><G124/><T83/><D83/><U16/><REACH who="1" step="1"/><E67/><REACH who="1" ten="209,193,227,361" step="2"/><V54/><F60/><W81/><G36/><T93/><D102/><U4/><E4/><V8/><F125/><W131/><G44/><N who="0" m="27847" /><D18/><U98/><E98/><V134/><F96/><W31/><G19/><T45/><D45/><U88/><E88/><V84/><F135/><W68/><G58/><T106/><D106/><U114/><E114/><V37/><F105/><W107/><G107/><T25/><D1/><U119/><E119/><V129/><F134/><W74/><G74/><T94/><D5/><U89/><E89/><V7/><F129/><W79/><G131/><T52/><D52/><U100/><E100/><V61/><F37/><W47/><G55/><T75/><D75/><U78/><E78/><N who="2" m="30315" /><F91/><W112/><G79/><T99/><D99/><U21/><E21/><V103/><F103/><RYUUKYOKU ba="0,1" sc="209,10,193,10,227,10,361,-30" hai0="9,17,22,25,27,29,33,93,94,95" hai1="16,23,26,64,65,85,90,97,101,104,120,121,123" hai2="7,8,12,43,51,54,59,61,84,86" owari="219,-18.1,203,-29.7,237,3.7,341,44.1" /></mjloggm>