<mjloggm ver="2.3"><GO type="169" lobby="0"/><UN n0="%E9%A2%A8%E3%81%A7%E9%B3%B4%E3%81%8F" n1="%E9%A2%A8%E7%B8%AB" n2="%E3%82%AB%E3%83%A9%E6%9D%BE" n3="%E3%81%A3%E3%81%A7%E3%81%B6%E3%83%BC" dan="16,16,17,16" rate="2193.97,2125.94,2164.08,2107.94" sx="M,M,M,M"/><TAIKYOKU oya="0"/><INIT seed="0,0,0,0,1,16" ten="250,250,250,250" oya="0" hai0="119,92,123,81,43,2,25,47,9,117,72,38,31" hai1="39,66,132,100,99,74,0,87,52,29,14,59,90" hai2="105,75,98,125,124,106,6,130,8,77,80,42,46" hai3="133,86,27,83,70,57,61,60,128,120,116,63,30"/><T107/><D107/><U110/><E0/><V18/><F18/><W37/><G116/><T121/><D92/><U114/><E39/><V10/><F10/><W104/><G37/><T67/><D67/><U55/><E132/><V58/><F58/><W127/><G104/><T78/><D121/><U54/><E74/><V50/><F130/><W21/><G128/><T44/><D44/><U68/><E68/><V76/><F76/><W17/><G133/><T7/><REACH who="0" step="1"/><D123/><REACH who="0" ten="240,250,250,250" step="2"/><U111/><E114/><V22/><F105/><W88/><G120/><T71/><D71/><U134/><E134/><V93/><F106/><W109/><G127/><T13/><D13/><U34/><E14/><V129/><F129/><W64/><G109/><T51/><D51/><U11/><E66/><V3/><F125/><W32/><REACH who="3" step="1"/><G70/><REACH who="3" ten="240,250,250,240" step="2"/><T102/><D102/><U4/><E100/><V12/><F124/><W28/><G28/><T35/><AGARI ba="0,2" hai="2,7,9,25,31,35,38,43,47,72,78,81,117,119" machi="35" ten="20,24000,3" yaku="1,1,0,1,7,1,25,2,23,2,53,2" doraHai="16" doraHaiUra="113" who="0" fromWho="0" sc="240,260,250,-80,250,-80,240,-80" /><INIT seed="0,1,0,0,0,54" ten="500,170,170,160" oya="0" hai0="36,32,52,131,127,65,98,22,99,19,68,33,18" hai1="3,118,25,16,94,76,42,89,64,130,107,28,135" hai2="51,14,80,79,45,116,70,62,58,102,87,5,100" hai3="38,21,106,95,82,91,132,86,57,53,44,103,96"/><T97/><D36/><U31/><E118/><V49/><F70/><W75/><G132/><T48/><D127/><U121/><E107/><V110/><F116/><W30/><G30/><T56/><D131/><U47/><E3/><V26/><F110/><W133/><G133/><T88/><D18/><U109/><E121/><V74/><F74/><W17/><G38/><T8/><D8/><U50/><E76/><V119/><F26/><W23/><G44/><T12/><D68/><U2/><E130/><V115/><F115/><W114/><G114/><T90/><REACH who="0" step="1"/><D65/><REACH who="0" ten="490,170,170,160" step="2"/><U46/><E64/><N who="2" m="38999" /><F119/><W73/><G17/><T84/><D84/><N who="1" m="52519" /><E135/><V93/><F87/><W85/><G75/><T27/><D27/><U34/><E34/><AGARI ba="1,1" hai="12,19,22,32,33,34,48,52,56,88,90,97,98,99" machi="34" ten="40,12000,1" yaku="1,1,52,1,54,2,53,0" doraHai="54" doraHaiUra="101" who="0" fromWho="1" sc="490,133,170,-123,170,0,160,0" /><INIT seed="0,2,0,0,4,15" ten="623,47,170,160" oya="0" hai0="20,34,32,126,11,79,54,82,44,69,88,98,105" hai1="6,40,10,31,91,128,114,59,125,1,0,122,86" hai2="52,26,129,9,111,90,12,60,66,19,30,27,87" hai3="117,74,99,72,58,78,13,23,80,116,104,65,102"/><T57/><D69/><U63/><E122/><V83/><F129/><W106/><G106/><T110/><D126/><U51/><E128/><V61/><F111/><W93/><G74/><T70/><D70/><U135/><E135/><V75/><F75/><W94/><G94/><T97/><D44/><U92/><E125/><V121/><F121/><W43/><G43/><T68/><D68/><U41/><E114/><V37/><F37/><W67/><G67/><T18/><D11/><U109/><E109/><V25/><F66/><W3/><G3/><T76/><D110/><U113/><E113/><V132/><F132/><W115/><G115/><T85/><D34/><U89/><E31/><V73/><F73/><W64/><G64/><T16/><D18/><U103/><E103/><V2/><F2/><W81/><G81/><T45/><D45/><U29/><E29/><V48/><F30/><W28/><G104/><T39/><D39/><U101/><E51/><V100/><F100/><W21/><G21/><T5/><D5/><U46/><E101/><V50/><F50/><W36/><G36/><T8/><D8/><U130/><E130/><V134/><F134/><W17/><REACH who="3" step="1"/><G28/><REACH who="3" ten="623,47,170,150" step="2"/><T22/><D22/><U84/><E0/><V53/><F53/><W42/><G42/><T71/><D32/><U77/><E77/><N who="0" m="29769" /><D105/><U127/><E127/><V96/><F96/><W33/><G33/><T119/><D119/><U112/><E112/><V120/><F120/><W108/><G108/><T124/><D124/><U131/><E131/><V14/><F14/><W107/><G107/><T49/><D71/><RYUUKYOKU ba="2,1" sc="623,10,47,-30,170,10,150,10" hai0="16,20,49,54,57,82,85,88,97,98" hai2="9,12,19,25,26,27,48,52,60,61,83,87,90" hai3="13,17,23,58,65,72,78,80,93,99,102,116,117" /><INIT seed="0,3,1,3,5,59" ten="633,17,180,160" oya="0" hai0="127,88,91,80,112,128,109,52,37,45,20,92,130" hai1="44,14,116,30,24,84,104,50,101,13,129,12,108" hai2="19,17,31,107,110,86,115,46,65,125,53,102,105" hai3="75,25,77,28,5,78,68,74,3,131,58,27,69"/><T47/><D112/><U134/><E116/><V38/><F115/><W135/><G3/><T61/><D127/><U62/><E134/><V56/><F125/><W89/><G5/><T90/><D109/><U35/><E129/><N who="0" m="49769" /><D20/><U98/><E108/><V97/><F110/><W122/><G131/><T72/><D37/><U63/><REACH who="1" step="1"/><E84/><REACH who="1" ten="633,7,180,160" step="2"/><V71/><F86/><W49/><G135/><T22/><D72/><U82/><E82/><V40/><F105/><W114/><G114/><T18/><D80/><U39/><E39/><V81/><F81/><W6/><G75/><T95/><D47/><U33/><E33/><V60/><F31/><W93/><G74/><T124/><D124/><U34/><E34/><V26/><F26/><W123/><G28/><T133/><D133/><U79/><E79/><V0/><F0/><W21/><G78/><T73/><D73/><U96/><E96/><V120/><F120/><W99/><G77/><T121/><D121/><U106/><E106/><V70/><F107/><W67/><G25/><N who="0" m="14551" /><D45/><U55/><AGARI ba="3,2" hai="12,13,14,24,30,35,44,50,55,62,63,98,101,104" machi="55" ten="30,7900,0" yaku="1,1,0,1,52,2,53,0" doraHai="59" doraHaiUra="1" who="1" fromWho="1" sc="633,-42,7,108,180,-23,160,-23" /><INIT seed="1,0,0,4,2,88" ten="591,115,157,137" oya="1" hai0="101,108,118,20,37,33,104,57,110,32,24,120,29" hai1="7,19,2,135,115,82,35,92,128,67,28,116,93" hai2="122,5,55,86,71,39,133,53,111,0,107,114,81" hai3="117,68,46,10,56,80,21,102,119,131,62,103,60"/><U45/><E116/><N who="3" m="44618" /><G131/><T12/><D37/><U3/><E115/><V1/><F39/><W76/><G46/><T90/><D118/><U16/><E67/><V23/><F71/><W78/><G68/><T30/><D120/><U52/><E128/><V69/><F69/><W40/><G40/><T6/><D57/><U66/><E66/><V74/><F74/><N who="3" m="43031" /><G78/><T77/><D77/><U25/><E82/><V49/><F81/><W47/><G47/><T132/><D90/><U127/><E127/><V48/><F122/><W130/><G130/><T84/><D84/><U109/><E109/><V64/><F86/><W42/><G42/><T38/><D38/><U65/><E65/><V121/><F64/><N who="3" m="38919" /><G62/><T51/><D51/><N who="1" m="28783" /><E2/><V98/><F0/><W129/><G129/><T70/><D70/><U8/><E135/><V91/><F1/><W58/><G58/><T83/><D83/><U94/><E19/><V124/><F133/><W72/><G72/><T61/><D61/><U50/><E50/><V41/><F49/><W73/><G73/><T9/><D132/><U54/><E54/><V96/><F53/><W11/><G21/><T97/><REACH who="0" step="1"/><D30/><REACH who="0" ten="581,115,157,137" step="2"/><U34/><E34/><AGARI ba="0,1" hai="6,9,12,20,24,29,32,33,34,97,101,104,108,110" machi="34" ten="40,2600,0" yaku="1,1,2,1,53,0" doraHai="88" doraHaiUra="134" who="0" fromWho="1" sc="581,36,115,-26,157,0,137,0" /><INIT seed="2,0,0,0,5,125" ten="617,89,157,137" oya="2" hai0="81,39,10,29,45,0,70,82,50,30,94,90,42" hai1="25,79,37,122,6,54,98,115,105,32,111,107,56" hai2="4,134,123,65,41,135,67,91,99,129,49,27,110" hai3="119,88,130,68,38,53,117,66,93,40,9,47,72"/><V100/><F123/><W12/><G72/><T131/><D70/><U5/><E115/><V106/><F110/><W63/><G130/><T86/><D39/><U74/><E111/><V19/><F129/><W75/><G75/><T16/><D131/><U120/><E37/><V73/><F73/><W33/><G33/><T112/><D112/><U58/><E79/><V21/><F4/><N who="1" m="1641" /><E74/><V108/><F108/><W43/><G43/><T127/><D0/><U8/><E8/><V11/><F11/><W92/><G92/><T128/><D127/><U76/><E76/><V15/><F27/><W7/><REACH who="3" step="1"/><G53/><REACH who="3" ten="617,89,157,127" step="2"/><T20/><D128/><U80/><E80/><N who="0" m="30825" /><D10/><U17/><E54/><V36/><F36/><W34/><G34/><T61/><D61/><U3/><E32/><V44/><REACH who="2" step="1"/><F91/><REACH who="2" ten="617,89,147,127" step="2"/><W2/><G2/><T87/><D90/><U60/><E3/><V31/><F31/><W64/><G64/><AGARI ba="0,2" hai="15,19,21,41,44,49,64,65,67,99,100,106,134,135" machi="64" ten="40,2000,0" yaku="1,1,53,0" doraHai="125" doraHaiUra="114" who="2" fromWho="3" sc="617,0,89,0,147,40,127,-20" /><INIT seed="2,1,0,1,4,100" ten="617,89,187,107" oya="2" hai0="94,38,64,53,126,65,63,6,117,135,28,110,43" hai1="22,80,59,47,81,112,103,111,18,62,105,128,14" hai2="123,37,56,102,93,32,15,39,92,26,115,83,33" hai3="72,2,21,113,107,40,17,19,86,82,4,44,67"/><V125/><F123/><W31/><G113/><T132/><D110/><U97/><E112/><V3/><F115/><W127/><G127/><T34/><D28/><U95/><E111/><V101/><F15/><W85/><G67/><T131/><D34/><U106/><E47/><V0/><F56/><W10/><G31/><T54/><D6/><U42/><E42/><V9/><F9/><W118/><G19/><T7/><D94/><U11/><E128/><V68/><F83/><W23/><G23/><T134/><D7/><U46/><E46/><V122/><F122/><W16/><G17/><T13/><D13/><U71/><E71/><V24/><REACH who="2" step="1"/><F125/><REACH who="2" ten="617,89,177,107" step="2"/><W99/><G82/><T79/><D126/><U52/><E81/><V1/><F1/><W130/><G2/><T73/><D135/><U45/><E45/><V41/><F41/><W89/><G44/><T133/><D43/><U78/><E11/><V48/><F48/><W55/><G40/><T114/><D114/><U75/><AGARI ba="1,1" hai="14,18,22,52,59,62,75,78,80,95,97,103,105,106" machi="75" ten="20,8000,1" yaku="0,1,7,1,52,2,54,1" doraHai="100" who="1" fromWho="1" sc="617,-21,89,93,177,-41,107,-21" /><INIT seed="3,0,0,0,1,110" ten="596,182,136,86" oya="3" hai0="24,79,59,69,7,94,19,43,99,61,51,125,21" hai1="95,47,108,48,109,31,27,111,30,20,96,28,89" hai2="38,133,77,64,50,118,101,123,58,68,132,34,65" hai3="81,35,1,46,55,13,6,60,85,120,124,128,23"/><W25/><G120/><T41/><D69/><U116/><REACH who="1" step="1"/><E116/><REACH who="1" ten="596,172,136,86" step="2"/><V0/><F118/><W22/><G128/><T56/><D125/><U122/><E122/><V100/><F123/><W63/><G124/><T4/><D4/><U130/><E130/><V88/><F132/><W3/><G6/><T40/><D7/><U119/><E119/><V75/><F133/><W39/><G1/><T78/><D51/><U82/><E82/><V113/><F50/><N who="3" m="29143" /><G3/><T91/><REACH who="0" step="1"/><D59/><REACH who="0" ten="586,172,136,86" step="2"/><U102/><E102/><V5/><F100/><W17/><G39/><T11/><D11/><U53/><AGARI ba="0,2" hai="20,27,28,30,31,47,48,53,89,95,96,108,109,111" machi="53" ten="30,7900,0" yaku="21,2,0,1,14,1,53,0" doraHai="110" doraHaiUra="37" who="1" fromWho="1" sc="586,-20,172,99,136,-20,86,-39" /><INIT seed="4,0,0,5,0,21" ten="566,271,116,47" oya="0" hai0="71,99,110,20,32,15,80,98,112,106,114,34,119" hai1="94,9,51,65,53,62,18,63,47,84,35,30,14" hai2="29,93,13,26,129,87,78,57,128,22,19,107,68" hai3="81,11,113,23,120,79,111,39,69,10,123,101,105"/><T91/><D71/><U1/><E1/><V3/><F68/><W43/><G111/><T42/><D42/><U17/><E17/><V124/><F107/><W126/><G69/><T133/><D133/><U59/><E63/><V54/><F3/><W4/><G113/><T131/><D131/><U58/><E58/><V74/><F74/><W132/><G132/><T121/><D121/><U125/><E125/><V0/><F0/><W7/><G126/><T36/><D36/><U50/><E50/><V130/><F124/><W40/><G23/><T85/><D119/><U72/><E72/><V5/><F5/><W48/><G48/><T41/><D41/><U92/><REACH who="1" step="1"/><E84/><REACH who="1" ten="566,261,116,47" step="2"/><V25/><F29/><W88/><G39/><T28/><D28/><U82/><E82/><N who="2" m="47575" /><F93/><W115/><G81/><T134/><D134/><U6/><E6/><V117/><F117/><W86/><G86/><T49/><D49/><AGARI ba="0,1" hai="13,19,22,25,26,49,54,57,128,129,130" m="47575" machi="49" ten="30,3900,0" yaku="19,1,52,2" doraHai="21" who="2" fromWho="0" sc="566,-39,261,0,116,49,47,0" /><INIT seed="5,0,0,0,5,79" ten="527,261,165,47" oya="1" hai0="70,58,51,72,86,69,17,22,84,85,14,103,32" hai1="106,40,25,62,13,134,49,42,0,23,53,7,39" hai2="67,101,5,20,50,30,59,24,27,96,44,107,11" hai3="21,98,131,116,83,38,92,76,87,66,126,117,90"/><U12/><E106/><V123/><F123/><W135/><G38/><T100/><D72/><U16/><E134/><V52/><F27/><W119/><G66/><T95/><D32/><U78/><E78/><V43/><F67/><W64/><G64/><T19/><D70/><U112/><E112/><V26/><F26/><W65/><G65/><T114/><D69/><U99/><E99/><V127/><F127/><W2/><G2/><T68/><D68/><U73/><E73/><V3/><REACH who="2" step="1"/><F59/><REACH who="2" ten="527,261,155,47" step="2"/><W129/><G126/><T93/><D58/><N who="1" m="35151" /><E39/><V54/><AGARI ba="0,1" hai="3,5,11,20,24,30,43,44,50,52,54,96,101,107" machi="54" ten="30,4000,0" yaku="1,1,0,1,54,1,53,0" doraHai="79" doraHaiUra="88" who="2" fromWho="2" sc="527,-10,261,-20,155,50,47,-10" /><INIT seed="6,0,0,3,5,8" ten="517,241,205,37" oya="2" hai0="134,61,119,28,75,24,52,6,64,73,12,128,38" hai1="118,71,81,4,2,84,68,65,101,42,5,45,63" hai2="14,27,102,95,129,51,25,22,106,34,103,67,47" hai3="85,108,36,46,17,39,105,86,99,90,77,26,20"/><V35/><F106/><W131/><G108/><T93/><D38/><U74/><E118/><V62/><F129/><W130/><G77/><T1/><D1/><U19/><E101/><V125/><F125/><W50/><G105/><T111/><D111/><U120/><E120/><V11/><F35/><W92/><G131/><T127/><D93/><U15/><E74/><V44/><F34/><W113/><G130/><T117/><D134/><U100/><E100/><V107/><F107/><W109/><G109/><T7/><D52/><U91/><E68/><V55/><F44/><W115/><G39/><T13/><D6/><U10/><E2/><V33/><F33/><W110/><G36/><AGARI ba="0,0" hai="4,5,10,15,19,36,42,45,63,65,71,81,84,91" machi="36" ten="30,2000,0" yaku="7,1,52,1" doraHai="8" who="1" fromWho="3" sc="517,0,241,20,205,0,37,-20" /><INIT seed="7,0,0,1,5,40" ten="517,261,205,17" oya="3" hai0="98,57,25,73,33,37,106,24,134,132,121,109,1" hai1="88,6,131,23,2,39,79,18,54,48,120,118,72" hai2="26,3,127,32,41,114,5,16,64,76,124,17,61" hai3="13,65,36,29,52,80,93,20,28,55,125,110,82"/><W126/><G36/><T51/><D1/><U56/><E120/><V21/><F114/><W22/><G65/><T19/><D73/><U12/><E39/><V91/><F76/><W130/><G93/><T94/><D106/><U7/><E131/><V122/><F122/><W58/><G13/><T70/><D70/><U107/><E107/><V42/><F32/><W87/><G58/><T128/><D109/><U9/><E118/><V53/><F53/><W30/><G130/><T119/><D119/><U15/><E79/><V75/><F75/><W84/><REACH who="3" step="1"/><G30/><REACH who="3" ten="517,261,205,7" step="2"/><T96/><D57/><U74/><E2/><V113/><F3/><W108/><AGARI ba="0,1" hai="20,22,28,29,52,55,80,82,84,87,108,110,125,126" machi="108" ten="25,18000,2" yaku="1,1,2,1,0,1,22,2,54,1,53,0" doraHai="40" doraHaiUra="35" who="3" fromWho="3" sc="517,-60,261,-60,205,-60,7,190" /><INIT seed="7,1,0,3,0,16" ten="457,201,145,197" oya="3" hai0="32,57,62,7,23,133,103,3,64,130,107,108,49" hai1="31,28,5,40,67,92,47,15,132,78,85,48,41" hai2="72,66,42,2,87,95,98,34,74,106,4,19,61" hai3="114,10,12,58,86,116,109,30,110,104,126,54,21"/><W46/><G116/><T25/><D32/><U69/><E132/><V88/><F34/><W76/><G104/><T26/><D133/><U45/><E69/><V81/><F106/><W37/><G114/><T121/><D108/><N who="3" m="41577" /><G126/><T24/><D130/><U119/><E67/><V84/><F84/><W13/><G76/><T99/><D121/><U8/><E119/><V112/><F112/><W93/><G93/><T128/><D128/><U14/><E14/><V115/><F115/><W125/><G86/><T63/><D49/><N who="1" m="26791" /><E92/><V44/><F19/><N who="3" m="10479" /><G30/><T135/><D99/><U70/><E70/><V52/><F2/><W35/><G125/><T77/><D103/><U59/><E59/><V79/><F4/><W129/><G129/><T20/><D77/><U50/><E50/><V105/><F105/><W1/><G1/><T29/><D107/><U65/><E65/><V38/><REACH who="2" step="1"/><F52/><REACH who="2" ten="457,201,135,197" step="2"/><W122/><G35/><T124/><D124/><U51/><E51/><V73/><F73/><W94/><G54/><T117/><D135/><U9/><E85/><V90/><F90/><W71/><G122/><T68/><D117/><U123/><E123/><V89/><F89/><W56/><G46/><T134/><D134/><U100/><E78/><V111/><F111/><W11/><G94/><T82/><D82/><U55/><E55/><V75/><F75/><W131/><G131/><T96/><D96/><U43/><E43/><V60/><F60/><W91/><G91/><T27/><N who="0" m="6144" /><DORA hai="53" /><T18/><D18/><N who="1" m="8551" /><E100/><V83/><F83/><W113/><G113/><T80/><D80/><U0/><AGARI ba="1,1" hai="0,5,9,28,31,41,47,48" m="8551,26791" machi="0" ten="30,1100,0" yaku="5,1" doraHai="16,53" who="1" fromWho="1" sc="457,-4,201,24,135,-4,197,-6" owari="453,55.3,225,2.5,131,-36.9,191,-20.9" /></mjloggm>