<mjloggm ver="2.3"><GO type="169" lobby="0"/><UN n0="%E3%80%90%E3%83%A1%E3%82%BF%E3%83%A9%E3%83%BC%E3%80%91" n1="%E3%83%95%E3%83%AB%E3%82%BC%E3%83%B3%E3%83%84%E3%81%8F%E3%82%93" n2="%67%6F%6B%75%61%6B%75" n3="%E3%83%AD%E3%83%99%E3%83%AB%E3%82%BF%E3%81%95%E3%82%93%EF%BC%A0" dan="17,16,17,16" rate="2134.40,2186.74,2198.71,2131.18" sx="M,F,M,F"/><TAIKYOKU oya="0"/><INIT seed="0,0,0,2,5,46" ten="250,250,250,250" oya="0" hai0="93,24,133,97,73,38,130,111,75,30,102,92,42" hai1="39,65,124,101,98,99,19,40,81,9,63,11,48" hai2="57,7,79,44,55,6,35,84,54,88,20,64,77" hai3="85,26,115,62,37,59,28,10,15,34,76,126,23"/><T122/><D122/><U69/><E124/><V116/><F35/><W114/><G37/><T70/><D130/><U61/><E99/><V53/><F116/><W91/><G76/><N who="2" m="29257" /><F20/><W107/><G107/><T41/><D133/><U94/><E81/><N who="2" m="49167" /><F44/><W74/><G74/><T134/><D134/><U50/><E63/><AGARI ba="0,0" hai="6,7,53,54,55,57,63,64" m="49167,29257" machi="63" ten="30,2000,0" yaku="8,1,54,1" doraHai="46" who="2" fromWho="1" sc="250,0,250,-20,250,20,250,0" /><INIT seed="1,0,0,5,2,121" ten="250,230,270,250" oya="1" hai0="79,49,100,124,10,4,53,76,56,41,60,11,129" hai1="25,51,67,40,127,97,35,45,94,73,5,62,95" hai2="130,77,30,103,88,17,99,89,59,54,50,116,82" hai3="0,115,2,48,61,91,87,36,58,72,39,75,28"/><U122/><E122/><V85/><F130/><W23/><G115/><T83/><D124/><U27/><E73/><V29/><F116/><W14/><G48/><T105/><D129/><U110/><E127/><V26/><F17/><W1/><G72/><T102/><D11/><U3/><E35/><V101/><F101/><W98/><G98/><T15/><D105/><U92/><E110/><V120/><F120/><W112/><G75/><T32/><D32/><U33/><E33/><V84/><F26/><W66/><G112/><T80/><D80/><U9/><REACH who="1" step="1"/><E97/><REACH who="1" ten="250,220,270,250" step="2"/><V86/><F86/><W114/><G87/><N who="0" m="48615" /><D79/><U34/><E34/><V42/><F77/><W113/><G113/><T68/><D68/><AGARI ba="0,1" hai="3,5,9,25,27,40,45,51,62,67,68,92,94,95" machi="68" ten="40,7700,0" yaku="1,1,53,2" doraHai="121" doraHaiUra="21" who="1" fromWho="0" sc="250,-77,220,87,270,0,250,0" /><INIT seed="1,1,0,5,2,87" ten="173,307,270,250" oya="1" hai0="5,112,102,79,109,134,49,47,37,111,11,124,100" hai1="4,18,45,117,128,70,125,77,2,122,81,95,35" hai2="133,96,132,60,40,113,64,110,131,55,28,80,46" hai3="103,6,121,52,8,129,71,7,72,3,54,41,78"/><U14/><E117/><V106/><F110/><N who="0" m="41994" /><D112/><U123/><E70/><V93/><F113/><W10/><G129/><T104/><D37/><U36/><E125/><V69/><F131/><W101/><G121/><T61/><D124/><U97/><E35/><V84/><F106/><W59/><G71/><T115/><D115/><U58/><E58/><V32/><F55/><W24/><G41/><T20/><D79/><U17/><E128/><V19/><F19/><W0/><G24/><T82/><D82/><U23/><E18/><V114/><F114/><W13/><G13/><T73/><D73/><U48/><E36/><V88/><F28/><W119/><G119/><T29/><D61/><U74/><E4/><V30/><F30/><W26/><G26/><N who="0" m="16583" /><D104/><U65/><E2/><V39/><REACH who="2" step="1"/><F32/><REACH who="2" ten="173,307,260,250" step="2"/><W27/><G54/><N who="0" m="30015" /><D134/><U86/><E65/><V68/><F68/><W130/><G130/><T50/><D50/><U107/><E107/><V63/><F63/><W9/><G52/><T38/><D38/><U99/><E122/><V120/><F120/><W135/><G135/><T85/><D85/><U127/><E123/><V116/><F116/><W105/><G105/><T44/><D44/><U43/><E127/><V33/><F33/><W62/><G62/><T92/><D92/><U76/><E86/><V98/><F98/><N who="1" m="37385" /><E95/><V15/><F15/><AGARI ba="1,1" hai="5,11,15,100,102" m="30015,16583,41994" machi="15" ten="30,1000,0" yaku="14,1" doraHai="87" who="0" fromWho="2" sc="173,23,307,0,260,-13,250,0" /><INIT seed="2,0,0,4,1,76" ten="196,307,247,250" oya="2" hai0="123,125,62,133,22,54,38,59,47,134,90,36,89" hai1="60,29,99,96,105,4,39,9,10,65,63,3,14" hai2="53,121,21,85,40,20,49,32,82,41,73,70,115" hai3="75,50,66,127,79,42,12,84,56,13,88,117,106"/><V104/><F115/><W103/><G127/><T80/><D123/><U131/><E105/><V122/><F104/><W6/><G117/><T8/><D125/><U124/><E124/><V86/><F32/><W78/><G75/><T119/><D119/><U30/><E39/><V95/><F70/><W24/><G24/><T28/><D8/><U52/><E131/><V72/><F95/><W81/><G103/><T113/><D113/><U31/><E63/><V7/><F7/><W110/><G106/><T92/><D47/><U100/><E100/><V25/><F25/><W135/><G135/><N who="0" m="51723" /><D22/><U120/><E120/><V132/><F132/><W111/><G111/><T33/><D28/><U112/><E112/><V87/><F87/><W128/><G110/><T108/><D33/><U18/><REACH who="1" step="1"/><E52/><REACH who="1" ten="196,297,247,250" step="2"/><V1/><F53/><W97/><G128/><T129/><D129/><U44/><E44/><V5/><F49/><W57/><G50/><T98/><D108/><U109/><E109/><V19/><F122/><W93/><G66/><T64/><D64/><U126/><E126/><V69/><F121/><W55/><G55/><T77/><D90/><U27/><E27/><V26/><F26/><W17/><G56/><AGARI ba="0,1" hai="3,4,9,10,14,18,29,30,31,56,60,65,96,99" machi="56" ten="40,1300,0" yaku="1,1,53,0" doraHai="76" doraHaiUra="48" who="1" fromWho="3" sc="196,0,297,23,247,0,250,-13" /><INIT seed="3,0,0,1,0,100" ten="196,320,247,237" oya="3" hai0="67,34,68,99,116,113,119,25,44,8,30,91,135" hai1="85,133,92,45,66,121,117,106,35,103,81,59,110" hai2="19,4,29,90,76,51,101,40,79,111,20,73,109" hai3="53,39,88,11,115,105,56,48,58,107,124,63,134"/><W17/><G115/><T28/><D113/><U41/><E35/><V131/><F131/><W57/><G39/><T64/><D135/><U37/><E121/><V112/><F112/><W7/><G134/><T129/><D129/><U61/><E133/><V31/><F4/><W97/><G124/><T120/><D120/><U78/><E110/><N who="2" m="41995" /><F101/><W118/><G17/><T122/><D122/><U38/><E117/><V50/><F90/><W1/><G118/><T70/><D44/><U77/><E77/><N who="2" m="29771" /><F73/><W128/><G128/><T23/><D8/><U36/><E92/><V9/><F9/><W14/><G1/><T69/><D91/><U0/><E0/><V16/><F40/><W130/><G130/><T62/><D99/><U22/><E22/><V15/><F19/><W3/><G3/><T89/><D89/><U65/><E65/><V84/><F84/><W95/><REACH who="3" step="1"/><G57/><REACH who="3" ten="196,320,247,227" step="2"/><T86/><D119/><U123/><E123/><V21/><F21/><W49/><G49/><AGARI ba="0,1" hai="15,16,20,29,31,49,50,51" m="29771,41995" machi="49" ten="30,2000,0" yaku="14,1,54,1" doraHai="100" who="2" fromWho="3" sc="196,0,320,0,247,30,227,-20" /><INIT seed="4,0,0,5,4,61" ten="196,320,277,207" oya="0" hai0="83,34,84,119,123,107,54,99,92,41,78,28,33" hai1="115,25,122,80,120,103,98,101,63,85,117,18,65" hai2="100,23,133,113,134,116,124,126,88,27,76,93,58" hai3="129,59,128,49,31,22,50,2,46,71,95,112,42"/><T47/><D119/><U132/><E117/><V67/><F76/><W125/><G2/><T32/><D123/><U12/><E132/><N who="2" m="50795" /><F100/><W48/><G31/><T3/><D3/><U89/><E25/><V51/><F113/><W21/><G22/><T10/><D10/><U72/><E72/><V79/><F79/><W87/><G21/><T62/><D107/><U70/><E103/><V111/><F111/><W74/><G87/><T24/><D54/><U102/><E101/><V39/><F39/><N who="3" m="21855" /><G95/><T45/><D62/><U66/><E66/><V75/><F75/><W57/><G74/><T8/><D8/><U19/><E115/><V53/><F116/><W6/><G6/><T131/><D131/><N who="3" m="50249" /><G112/><T108/><D108/><U73/><E73/><V16/><F67/><W106/><G106/><T0/><D0/><U81/><E81/><V60/><F51/><W30/><G30/><T29/><D29/><U56/><E70/><V90/><F90/><W11/><G11/><T97/><D97/><AGARI ba="0,0" hai="16,23,27,53,58,60,88,93,97,124,126" m="50795" machi="97" ten="30,7700,0" yaku="25,1,20,1,54,2" doraHai="61" who="2" fromWho="0" sc="196,-77,320,0,277,77,207,0" /><INIT seed="5,0,0,0,3,88" ten="119,320,354,207" oya="1" hai0="122,59,113,89,10,68,57,36,107,63,102,121,93" hai1="118,92,52,116,40,45,132,8,96,39,65,60,25" hai2="49,0,27,126,128,115,85,120,29,83,74,47,12" hai3="79,135,11,2,86,125,69,110,32,106,41,46,72"/><U123/><E123/><N who="0" m="47113" /><D36/><U81/><E132/><V43/><F120/><W87/><G125/><T16/><D107/><U50/><E81/><V28/><F126/><W24/><G69/><T38/><D38/><U44/><E8/><V13/><F0/><W3/><G106/><T64/><D102/><U82/><E82/><V4/><F74/><W114/><G114/><T109/><D109/><U20/><E60/><V80/><F128/><W94/><G135/><T71/><D59/><U42/><E65/><V98/><F115/><W97/><G110/><T99/><D113/><U127/><E42/><V133/><F133/><W73/><G73/><T21/><D10/><U34/><E34/><V117/><F117/><W70/><G70/><T78/><D78/><U22/><E22/><V5/><F83/><W53/><G53/><T23/><D23/><U101/><REACH who="1" step="1"/><E127/><REACH who="1" ten="119,310,354,207" step="2"/><V84/><F80/><W108/><G32/><T95/><D95/><U1/><E1/><V103/><F4/><W75/><G94/><T15/><AGARI ba="0,1" hai="15,16,21,57,63,64,68,71,89,93,99" m="47113" machi="15" ten="30,4000,0" yaku="13,1,52,1,54,1" doraHai="88" who="0" fromWho="0" sc="119,50,310,-20,354,-10,207,-10" /><INIT seed="6,0,0,3,4,15" ten="169,290,344,197" oya="2" hai0="113,35,101,54,114,107,42,50,48,39,7,41,123" hai1="5,22,75,36,129,17,20,24,89,65,52,93,133" hai2="126,98,38,14,18,102,51,57,108,37,110,92,134" hai3="16,117,34,1,106,62,132,85,122,94,74,95,31"/><V115/><F115/><N who="0" m="44042" /><D35/><U71/><E75/><V46/><F126/><W61/><G74/><T131/><D7/><U78/><E78/><V63/><F134/><W82/><G106/><T83/><D83/><U45/><E129/><V8/><F110/><W28/><G1/><T0/><D0/><U26/><E5/><V55/><REACH who="2" step="1"/><F108/><REACH who="2" ten="169,290,334,197" step="2"/><W2/><G132/><T60/><D131/><U19/><E133/><V72/><F72/><W25/><G117/><T128/><D128/><U109/><E109/><V79/><F79/><W56/><G122/><T105/><D123/><U4/><E71/><V33/><F33/><W21/><G34/><T111/><D111/><U86/><E4/><V76/><F76/><N who="3" m="46279" /><G2/><T81/><D107/><U70/><E70/><V118/><F118/><W90/><G95/><T49/><D81/><U13/><E93/><V91/><F91/><W96/><G62/><T64/><D105/><U44/><E89/><V73/><F73/><W130/><G130/><T104/><D104/><U68/><E68/><V23/><F23/><W100/><G100/><T80/><D101/><U9/><E20/><V88/><F88/><W30/><G30/><T3/><D80/><U66/><E22/><V127/><F127/><W27/><G27/><T53/><D3/><U103/><E103/><V40/><AGARI ba="0,1" hai="8,14,18,37,38,40,46,51,55,57,63,92,98,102" machi="40" ten="20,12000,1" yaku="1,1,0,1,7,1,52,1,53,1" doraHai="15" doraHaiUra="58" who="2" fromWho="2" sc="169,-40,290,-40,334,130,197,-40" /><INIT seed="6,1,0,2,5,94" ten="129,250,464,157" oya="2" hai0="125,7,85,39,122,98,105,81,56,37,27,11,12" hai1="97,79,60,21,62,112,103,75,120,86,53,119,40" hai2="13,102,70,78,28,55,93,8,130,51,82,64,61" hai3="118,90,71,42,92,80,76,115,30,111,26,23,116"/><V123/><F123/><W83/><G111/><T108/><D108/><U107/><E119/><V84/><F130/><W87/><G71/><T10/><D125/><U67/><E120/><V114/><F114/><W133/><G133/><T29/><D122/><U1/><E1/><V96/><F28/><W24/><G115/><T14/><D56/><U117/><E117/><V68/><F61/><W74/><G42/><T89/><D105/><U135/><E135/><V38/><F38/><W127/><G127/><T106/><D106/><U9/><E40/><V100/><F64/><W66/><G66/><T134/><D134/><U72/><E9/><V69/><F100/><W20/><REACH who="3" step="1"/><G80/><REACH who="3" ten="129,250,464,147" step="2"/><T110/><D110/><U52/><E67/><V65/><F65/><W2/><G2/><T132/><D132/><U16/><E112/><V35/><F70/><W36/><G36/><T3/><D3/><U104/><E53/><V126/><F126/><W124/><G124/><T22/><REACH who="0" step="1"/><D98/><REACH who="0" ten="119,250,464,147" step="2"/><U50/><E97/><V47/><F69/><W31/><AGARI ba="1,2" hai="20,23,24,26,30,31,74,76,83,87,90,92,116,118" machi="31" ten="20,5200,0" yaku="1,1,0,1,7,1,9,1,53,0" doraHai="94" doraHaiUra="33" who="3" fromWho="3" sc="119,-14,250,-14,464,-27,147,75" /><INIT seed="7,0,0,3,1,66" ten="105,236,437,222" oya="3" hai0="60,120,117,130,17,14,74,41,115,95,75,46,82" hai1="22,126,81,6,112,80,58,106,24,27,26,63,107" hai2="19,116,50,33,5,55,103,132,119,35,70,40,10" hai3="12,104,23,36,128,122,99,4,113,42,59,39,61"/><W1/><G113/><T25/><D117/><U86/><E112/><V134/><F70/><W78/><G128/><T102/><D120/><U105/><E126/><V87/><F103/><W64/><G42/><T92/><D115/><U21/><E6/><V93/><F40/><W28/><G122/><T51/><D130/><U9/><E9/><V18/><F93/><W131/><G131/><T45/><D75/><U73/><E73/><V91/><F19/><W97/><G1/><T37/><D102/><U31/><E86/><V111/><F18/><W89/><G78/><T38/><D25/><U123/><E123/><V125/><F125/><W135/><G135/><N who="2" m="51753" /><F111/><W88/><G39/><T54/><D38/><U44/><E44/><N who="2" m="28103" /><F91/><N who="3" m="34891" /><G104/><T90/><D74/><U101/><E101/><V94/><F94/><W0/><G0/><T83/><D60/><U71/><E71/><V100/><F100/><W15/><G36/><T68/><D68/><U110/><E110/><V53/><F87/><W85/><G85/><T118/><D118/><N who="2" m="45098" /><F53/><W124/><G124/><T34/><D34/><U8/><E106/><V20/><F20/><W11/><G15/><AGARI ba="0,0" hai="5,10,15,33,35" m="45098,28103,51753" machi="15" ten="30,1000,0" yaku="20,1" doraHai="66" who="2" fromWho="3" sc="105,0,236,0,437,10,222,-10" owari="105,-39.5,236,3.6,447,54.7,212,-18.8" /></mjloggm>