<mjloggm ver="2.3"><GO type="169" lobby="0"/><UN n0="%E3%83%A8%E3%82%B7%E3%83%86%E3%83%AB%37%30%38" n1="%69%6E%64%69%61%3D" n2="%73%61%69%63%68%61%6E%7A" n3="%E6%97%A5%E9%99%B0%E3%81%95%E3%82%93" dan="16,16,17,17" rate="2082.27,2073.08,2149.19,2184.21" sx="M,M,M,F"/><TAIKYOKU oya="0"/><INIT seed="0,0,0,0,0,10" ten="250,250,250,250" oya="0" hai0="69,71,81,57,52,132,113,15,41,29,25,103,120" hai1="5,28,50,55,61,130,112,118,82,117,3,7,133" hai2="63,1,101,100,131,39,68,13,84,88,96,33,45" hai3="37,49,46,48,94,60,19,59,35,87,111,72,27"/><T135/><D113/><U86/><E112/><V70/><F1/><W114/><G114/><T23/><D120/><U134/><E28/><V66/><F33/><W104/><G104/><T38/><D103/><U14/><E3/><V108/><F108/><W92/><G72/><T58/><D58/><U8/><E61/><V0/><F0/><W115/><G115/><T64/><D81/><U125/><E5/><V126/><F131/><W44/><G111/><T98/><D98/><U74/><E74/><V6/><F126/><W105/><G105/><T89/><D89/><U32/><E32/><V20/><F68/><W129/><G129/><T85/><D85/><U62/><E62/><V26/><F39/><W91/><G37/><T127/><D64/><U75/><E75/><V2/><F2/><W73/><G73/><T93/><D93/><U95/><E95/><V34/><F45/><W24/><G94/><T97/><D97/><U4/><E4/><V56/><F70/><W116/><G116/><T18/><D41/><U21/><E21/><V106/><F100/><W43/><G35/><N who="0" m="20911" /><D38/><U53/><E125/><V77/><F34/><W16/><G27/><T17/><D127/><U80/><E130/><V65/><F77/><W123/><G24/><N who="0" m="14447" /><D71/><U51/><E82/><V107/><F65/><N who="3" m="39071" /><G123/><T42/><D42/><AGARI ba="0,0" hai="16,19,42,43,44,46,48,49,87,91,92" m="39071" machi="42" ten="30,2000,0" yaku="8,1,54,1" doraHai="10" who="3" fromWho="0" sc="250,-20,250,0,250,0,250,20" /><INIT seed="1,0,0,0,4,51" ten="230,250,250,270" oya="1" hai0="13,101,69,54,72,80,15,61,39,46,131,97,121" hai1="71,31,25,87,74,10,104,17,93,59,53,14,98" hai2="56,1,73,96,84,129,2,117,110,24,75,27,107" hai3="70,105,20,115,40,22,90,21,57,29,103,116,108"/><U89/><E74/><V0/><F117/><W26/><G70/><T67/><D131/><U44/><E71/><V62/><F84/><W114/><G108/><T132/><D132/><U100/><E44/><V11/><F129/><W125/><G116/><T52/><D121/><U49/><E31/><V48/><F48/><W123/><G123/><T66/><D66/><U47/><E25/><V81/><F11/><W126/><G40/><T86/><D72/><U63/><REACH who="1" step="1"/><E47/><REACH who="1" ten="230,240,250,270" step="2"/><V3/><F75/><W130/><G130/><T68/><D68/><U65/><E65/><V113/><F110/><W122/><G122/><T58/><D69/><U8/><E8/><V4/><F24/><W32/><G115/><T6/><D46/><U18/><E18/><V118/><F113/><W120/><G114/><T5/><D5/><U78/><E78/><V33/><F118/><W50/><G120/><T91/><D39/><U76/><E76/><V88/><F73/><W92/><G26/><T82/><D6/><U34/><E34/><V45/><F4/><W35/><G29/><T124/><D124/><U28/><E28/><V133/><F45/><W94/><G32/><T12/><REACH who="0" step="1"/><D82/><REACH who="0" ten="220,240,250,270" step="2"/><U38/><E38/><V79/><F81/><W128/><G128/><T134/><D134/><U55/><E55/><V106/><F133/><W99/><G125/><T16/><D16/><U42/><E42/><V109/><F109/><W60/><G126/><T135/><D135/><U30/><E30/><V83/><F83/><W77/><G35/><T23/><D23/><U19/><E19/><V111/><F33/><RYUUKYOKU ba="0,2" sc="220,15,240,15,250,-15,270,-15" hai0="12,13,15,52,54,58,61,67,80,86,91,97,101" hai1="10,14,17,49,53,59,63,87,89,93,98,100,104" /><INIT seed="1,1,2,1,0,6" ten="235,255,235,255" oya="1" hai0="89,71,17,134,21,33,22,7,58,9,101,91,125" hai1="47,114,115,35,74,37,49,55,2,8,54,36,102" hai2="83,122,43,105,15,127,40,4,19,16,69,20,13" hai3="109,63,117,88,41,100,25,18,98,106,111,95,57"/><U96/><E35/><V86/><F122/><W62/><G117/><T93/><D33/><U68/><E74/><V84/><F105/><W29/><G41/><T110/><D71/><U39/><E68/><V85/><F127/><W53/><G62/><T48/><D125/><U51/><E2/><V112/><F112/><W61/><G61/><T108/><D134/><U72/><E72/><V52/><F69/><W107/><G18/><T79/><D79/><U45/><REACH who="1" step="1"/><E8/><REACH who="1" ten="235,245,235,255" step="2"/><N who="2" m="6183" /><F4/><W70/><G70/><T32/><D32/><U11/><E11/><V132/><F132/><W78/><G109/><T12/><D110/><U30/><E30/><V113/><F113/><W23/><G111/><T97/><D108/><U59/><E59/><V44/><F83/><W76/><REACH who="3" step="1"/><G107/><AGARI ba="1,3" hai="36,37,39,45,47,49,51,54,55,96,102,107,114,115" machi="107" ten="40,3900,0" yaku="1,1,9,1,53,0" doraHai="6" doraHaiUra="27" who="1" fromWho="3" sc="235,0,245,72,235,0,255,-42" /><INIT seed="1,2,0,2,1,3" ten="235,317,235,213" oya="1" hai0="63,122,41,74,85,31,120,73,84,131,123,12,56" hai1="48,46,67,40,75,86,64,124,24,25,27,14,8" hai2="88,50,61,30,60,119,1,22,128,95,127,59,28" hai3="0,49,11,72,39,13,101,83,108,42,132,70,45"/><U43/><E75/><N who="0" m="28681" /><D31/><U53/><E124/><V17/><F127/><W135/><G108/><T87/><D41/><N who="1" m="15947" /><E86/><V55/><F1/><W110/><G110/><T126/><D126/><U133/><E133/><N who="3" m="51274" /><G70/><T23/><D131/><U116/><E116/><V115/><F119/><W117/><G101/><T82/><D12/><U16/><AGARI ba="2,0" hai="8,14,16,24,25,27,46,48,53,64,67" m="15947" machi="16" ten="30,3000,0" yaku="8,1,54,1" doraHai="3" who="1" fromWho="1" sc="235,-12,317,36,235,-12,213,-12" /><INIT seed="1,3,0,1,4,9" ten="223,353,223,201" oya="1" hai0="10,14,8,109,113,55,81,0,128,42,129,95,106" hai1="125,65,94,104,26,30,18,110,82,37,75,102,54" hai2="108,62,27,133,24,51,44,118,80,15,76,13,91" hai3="36,61,93,116,32,112,31,126,50,132,5,25,53"/><U29/><E104/><V100/><F118/><W72/><G112/><T98/><D113/><U47/><E125/><V85/><F108/><W38/><G72/><T60/><D42/><U122/><E122/><V17/><F133/><W68/><G116/><T92/><D0/><U43/><E110/><V57/><F100/><W74/><G74/><T86/><D106/><U88/><E65/><V77/><F77/><W124/><G132/><T103/><D95/><U34/><E30/><V21/><F27/><W101/><G5/><T130/><D109/><U23/><E54/><N who="2" m="34103" /><F76/><W69/><G93/><T99/><D99/><U131/><E131/><V33/><F33/><W73/><G73/><T117/><D117/><U84/><E75/><V40/><AGARI ba="3,0" hai="13,15,17,21,24,40,44,51,80,85,91" m="34103" machi="40" ten="30,4000,0" yaku="8,1,52,2" doraHai="9" who="2" fromWho="2" sc="223,-13,353,-23,223,49,201,-13" /><INIT seed="2,0,0,5,4,15" ten="210,330,272,188" oya="2" hai0="31,65,100,67,49,128,71,113,105,103,53,119,102" hai1="106,118,17,61,72,60,45,54,125,16,58,95,78" hai2="7,116,68,130,24,4,11,112,39,1,46,23,12" hai3="28,135,86,57,82,63,101,9,13,80,91,59,26"/><V3/><F68/><W33/><G135/><T88/><D113/><U81/><E118/><V114/><F39/><W98/><G82/><T44/><D105/><U122/><E106/><V117/><F46/><W55/><G63/><T87/><D71/><U20/><E125/><V51/><F51/><W120/><G120/><T73/><D73/><U85/><E122/><V99/><F99/><W70/><G55/><T22/><D128/><U121/><E121/><V18/><F130/><W94/><REACH who="3" step="1"/><G70/><REACH who="3" ten="210,330,272,178" step="2"/><T109/><D119/><N who="2" m="45642" /><F7/><AGARI ba="0,1" hai="7,9,13,26,28,33,57,59,80,86,91,94,98,101" machi="7" ten="30,2000,0" yaku="1,1,7,1,53,0" doraHai="15" doraHaiUra="126" who="3" fromWho="2" sc="210,0,330,0,272,-20,178,30" /><INIT seed="3,0,0,3,4,65" ten="210,330,252,208" oya="3" hai0="5,108,7,31,78,119,41,39,100,38,127,55,90" hai1="35,123,57,103,77,120,129,14,63,62,105,4,83" hai2="102,79,99,29,11,134,98,135,66,9,91,131,3" hai3="47,19,124,89,20,32,71,37,69,33,49,60,52"/><W96/><G124/><T97/><D119/><U107/><E35/><V86/><F29/><W104/><G37/><T50/><D108/><U56/><E4/><V22/><F22/><W70/><G60/><T82/><D127/><U125/><E125/><V53/><F131/><W40/><G40/><T116/><D116/><U111/><E103/><V28/><F28/><W73/><G73/><T15/><D31/><U12/><E83/><V117/><F117/><W48/><G48/><T132/><D90/><U126/><E126/><V1/><F53/><W118/><G118/><T109/><D109/><U94/><E111/><V115/><F115/><W130/><G130/><T6/><D15/><U27/><E94/><V80/><F66/><W26/><REACH who="3" step="1"/><G89/><REACH who="3" ten="210,330,252,198" step="2"/><T0/><D41/><U24/><E129/><V30/><F91/><W43/><G43/><T84/><D39/><U72/><E72/><V133/><F134/><W59/><G59/><T93/><D38/><U13/><E63/><V114/><F133/><W23/><G23/><T25/><D132/><U112/><E57/><V45/><F45/><W106/><G106/><T36/><D36/><U75/><E107/><V54/><F135/><W44/><G44/><T85/><D50/><U8/><E105/><V87/><F79/><W58/><G58/><T34/><D78/><U121/><E77/><V88/><F88/><W122/><G122/><T16/><D34/><U101/><E75/><V81/><F86/><W10/><G10/><N who="0" m="2343" /><D85/><U76/><E76/><V110/><F87/><W21/><G21/><N who="0" m="13479" /><D55/><U68/><E121/><V113/><F54/><RYUUKYOKU ba="0,1" sc="210,15,330,-15,252,-15,198,15" hai0="6,7,82,84,93,97,100" hai3="19,20,26,32,33,47,49,52,69,70,71,96,104" /><INIT seed="3,1,1,5,4,131" ten="225,315,237,213" oya="3" hai0="108,81,6,114,119,112,29,30,51,107,2,87,40" hai1="19,28,80,79,57,20,89,43,77,104,72,46,124" hai2="75,94,0,95,62,47,23,98,66,88,1,105,58" hai3="55,5,7,26,106,115,49,123,101,125,52,122,132"/><W45/><G115/><N who="0" m="44075" /><D119/><U76/><E104/><V126/><F105/><W110/><G125/><T11/><D108/><U63/><E124/><V44/><F126/><W22/><G110/><T128/><D128/><U78/><E89/><V70/><F75/><W135/><G55/><T41/><D107/><U100/><E100/><V36/><F70/><W18/><G101/><T111/><D111/><U129/><E28/><N who="0" m="10857" /><D51/><U84/><E129/><V53/><F94/><W59/><G106/><T109/><D109/><U35/><E35/><V85/><F85/><W9/><G7/><T14/><D2/><U130/><E130/><V42/><F44/><W116/><G116/><T12/><D14/><U93/><E93/><V21/><REACH who="2" step="1"/><F66/><REACH who="2" ten="225,315,227,213" step="2"/><W121/><REACH who="3" step="1"/><G45/><REACH who="3" ten="225,315,227,203" step="2"/><T102/><D102/><U4/><E72/><V56/><F56/><W17/><G17/><T92/><D92/><U117/><E117/><V24/><F24/><W90/><G90/><AGARI ba="1,3" hai="6,11,12,40,41,81,87,90" m="10857,44075" machi="90" ten="30,1000,0" yaku="11,1" doraHai="131" who="0" fromWho="3" sc="225,43,315,0,227,0,203,-13" /><INIT seed="4,0,0,2,3,54" ten="268,315,227,190" oya="0" hai0="79,61,80,95,20,88,0,119,109,93,16,117,31" hai1="60,72,126,29,12,124,49,26,39,110,19,82,102" hai2="103,55,123,35,97,59,63,5,15,125,120,3,113" hai3="131,111,45,53,57,74,99,32,48,27,36,98,14"/><T115/><D115/><U77/><E39/><V101/><F113/><W33/><G111/><T83/><D0/><U78/><E110/><V21/><F35/><W38/><G74/><T84/><D109/><U44/><E102/><V58/><F125/><N who="1" m="48233" /><E60/><V100/><F3/><W107/><G131/><T13/><D31/><U1/><E1/><V76/><F76/><W22/><G38/><T69/><D119/><U23/><E82/><V64/><F97/><W134/><G134/><T92/><D117/><U52/><E72/><V40/><F40/><W68/><G68/><T90/><REACH who="0" step="1"/><D83/><REACH who="0" ten="258,315,227,190" step="2"/><U118/><E118/><V70/><F120/><W24/><G32/><AGARI ba="0,1" hai="12,19,23,26,29,32,44,49,52,77,78" m="48233" machi="32" ten="30,2000,0" yaku="18,1,54,1" doraHai="54" who="1" fromWho="3" sc="258,0,315,30,227,0,190,-20" /><INIT seed="5,0,0,4,2,71" ten="258,345,227,170" oya="1" hai0="35,66,105,83,120,39,40,47,56,53,5,29,75" hai1="99,45,95,63,91,73,115,57,41,81,96,89,108" hai2="131,67,61,54,76,4,55,117,93,43,94,65,107" hai3="84,51,18,59,6,60,125,69,48,15,20,32,36"/><U86/><E115/><V46/><F107/><W98/><G32/><T24/><D120/><U3/><E3/><V87/><F117/><W110/><G110/><T112/><D112/><U116/><E116/><V52/><F131/><W25/><G69/><T101/><D5/><U11/><E108/><V12/><F76/><W70/><G125/><T128/><D128/><U17/><E73/><V74/><F74/><W123/><G70/><T97/><D66/><U31/><E31/><V34/><F34/><W1/><G123/><T72/><REACH who="0" step="1"/><D83/><REACH who="0" ten="248,345,227,170" step="2"/><U38/><E81/><V85/><F67/><W58/><G6/><T103/><D103/><U100/><E100/><V26/><F65/><W10/><G1/><T126/><D126/><U118/><E118/><V104/><F61/><AGARI ba="0,1" hai="24,29,35,39,40,47,53,56,61,72,75,97,101,105" machi="61" ten="30,7700,0" yaku="1,1,7,1,52,1,53,1" doraHai="71" doraHaiUra="28" who="0" fromWho="2" sc="248,87,345,0,227,-77,170,0" /><INIT seed="6,0,0,2,5,41" ten="335,345,150,170" oya="2" hai0="27,31,102,101,4,28,68,128,61,1,100,99,117" hai1="47,63,6,16,129,48,39,76,134,11,124,0,60" hai2="18,91,70,81,103,19,12,42,17,118,90,84,20" hai3="85,105,55,38,57,21,87,83,116,3,122,82,75"/><V109/><F70/><W23/><G116/><T46/><D128/><U36/><E129/><V62/><F118/><W130/><G122/><T5/><D31/><U127/><E76/><V49/><F109/><W133/><G130/><T65/><D1/><U69/><E134/><V35/><F35/><W86/><G3/><T123/><D123/><U106/><E106/><V66/><F103/><W92/><G105/><T54/><D117/><U135/><E135/><V15/><F90/><W96/><G38/><N who="1" m="14378" /><E16/><V72/><F72/><W89/><G133/><T119/><D99/><U110/><E69/><V33/><F33/><W58/><G75/><T71/><D71/><U132/><E110/><V114/><F114/><W64/><G64/><T52/><D54/><N who="1" m="29983" /><E132/><V59/><REACH who="2" step="1"/><F15/><REACH who="2" ten="335,345,140,170" step="2"/><W108/><G108/><T115/><D119/><U40/><E127/><V95/><F95/><W78/><G87/><T14/><D14/><U73/><E124/><V111/><F111/><W53/><G78/><T10/><D115/><U126/><E126/><V112/><F112/><W113/><G113/><T107/><D107/><U24/><E73/><V125/><F125/><W43/><G86/><T120/><D120/><U34/><E34/><V9/><F9/><W29/><G85/><T131/><D10/><U80/><E11/><V94/><F94/><W22/><G89/><T121/><D121/><U45/><E0/><V13/><F13/><W93/><G92/><T98/><D131/><U26/><E80/><N who="3" m="30762" /><G93/><T50/><D98/><U30/><E6/><V97/><F97/><W44/><G96/><T88/><D88/><RYUUKYOKU ba="0,1" sc="335,15,345,-15,140,15,170,-15" hai0="4,5,27,28,46,50,52,61,65,68,100,101,102" hai2="12,17,18,19,20,42,49,59,62,66,81,84,91" /><INIT seed="6,1,1,5,4,43" ten="350,330,155,155" oya="2" hai0="51,4,54,76,50,9,49,117,81,20,39,29,85" hai1="3,55,80,32,63,56,25,6,16,60,24,1,38" hai2="92,113,105,28,2,89,42,77,121,115,36,132,88" hai3="111,65,61,8,97,87,17,72,86,126,103,104,102"/><V66/><F121/><W12/><G72/><T134/><D39/><U26/><E38/><V109/><F105/><W129/><G111/><T71/><D71/><U79/><E32/><V33/><F109/><W125/><G103/><T22/><D134/><U10/><E1/><V101/><F132/><W82/><G129/><T107/><D107/><U40/><E40/><V119/><F119/><W78/><REACH who="3" step="1"/><G86/><REACH who="3" ten="350,330,155,145" step="2"/><T30/><D117/><U93/><E93/><V7/><F101/><W100/><G100/><T122/><D122/><U110/><E110/><V64/><F92/><W99/><G99/><T41/><D85/><U112/><E112/><N who="2" m="43083" /><F77/><W108/><G108/><T118/><D76/><U0/><E79/><V94/><F89/><W48/><G48/><T57/><D51/><U96/><E96/><N who="2" m="57415" /><F28/><W31/><G31/><T91/><D29/><U5/><E80/><V130/><F130/><W19/><G19/><T37/><D30/><U70/><E16/><V74/><F74/><W123/><G123/><T14/><D118/><U11/><E70/><AGARI ba="1,2" hai="8,12,17,61,65,70,78,82,87,97,102,104,125,126" machi="70" ten="40,2600,0" yaku="1,1,53,1" doraHai="43" doraHaiUra="62" who="3" fromWho="1" sc="350,0,330,-29,155,0,145,49" /><INIT seed="7,0,0,4,3,42" ten="350,301,155,194" oya="3" hai0="94,118,78,82,121,112,29,91,70,135,0,47,106" hai1="68,5,69,109,64,80,33,40,116,90,60,13,127" hai2="39,87,22,14,128,21,26,84,16,105,4,31,124" hai3="104,98,132,53,115,77,130,88,66,44,17,35,50"/><W46/><G35/><T32/><D0/><U126/><E109/><V74/><F74/><W38/><G115/><T36/><D118/><U25/><E116/><V11/><F124/><N who="1" m="47657" /><E40/><V61/><F128/><W119/><G119/><T86/><D70/><N who="1" m="42247" /><E5/><V30/><F105/><W99/><G38/><T92/><D106/><U56/><E13/><V113/><F39/><W114/><G114/><T62/><D62/><U75/><E56/><V63/><F113/><W58/><G77/><T19/><D78/><N who="1" m="44127" /><E90/><V12/><F61/><W20/><G132/><T122/><D135/><U41/><E41/><V72/><F72/><W59/><G66/><T1/><D91/><U93/><E93/><V2/><F63/><W3/><G3/><T28/><D94/><U27/><E33/><V65/><F65/><W100/><G59/><T67/><D92/><U73/><E73/><V85/><F2/><W71/><G71/><AGARI ba="0,0" hai="25,27,68,69,71" m="44127,42247,47657" machi="71" ten="30,1000,0" yaku="18,1" doraHai="42" who="1" fromWho="3" sc="350,0,301,10,155,0,194,-10" owari="350,45.0,311,11.1,155,-34.5,184,-21.6" /></mjloggm>