<mjloggm ver="2.3"><GO type="169" lobby="0"/><UN n0="%52%65%61%6C%58" n1="%6F%6B%62%6F%6B%62" n2="%E3%81%9F%E3%81%BE%E5%AD%90" n3="%E8%BF%BD%E5%B0%81" dan="16,17,16,16" rate="2160.95,2174.82,2157.73,2109.64" sx="F,M,M,M"/><TAIKYOKU oya="0"/><INIT seed="0,0,0,0,4,81" ten="250,250,250,250" oya="0" hai0="15,44,111,33,32,66,91,89,133,104,84,34,55" hai1="0,6,128,14,121,42,38,29,17,72,90,88,12" hai2="98,106,21,95,67,129,1,114,77,102,47,19,56" hai3="116,43,61,3,108,131,50,52,54,76,23,58,10"/><T71/><D104/><U2/><E121/><V135/><F114/><W83/><G116/><T82/><D133/><U7/><E29/><V9/><F135/><W112/><G112/><T46/><D111/><U16/><E42/><V97/><F129/><W28/><G108/><T41/><D71/><U118/><E72/><V115/><F115/><W113/><G113/><T100/><D100/><U110/><E110/><V93/><F77/><W107/><G107/><T105/><D105/><U87/><E38/><V45/><F106/><W13/><G3/><T99/><D66/><U69/><E69/><V119/><F119/><W125/><G125/><T18/><D55/><U132/><E132/><V22/><F9/><W79/><G131/><T80/><D41/><U85/><E128/><V120/><F1/><W8/><G43/><T37/><D37/><U73/><E73/><V122/><F56/><W49/><G61/><T86/><D99/><U74/><E74/><V53/><F67/><W64/><G64/><T26/><D26/><U92/><E92/><V124/><F53/><W25/><G13/><T109/><D109/><U70/><E70/><V5/><F5/><W40/><G40/><T65/><D65/><U4/><REACH who="1" step="1"/><E6/><REACH who="1" ten="250,240,250,250" step="2"/><V103/><REACH who="2" step="1"/><F19/><REACH who="2" ten="250,240,240,250" step="2"/><W39/><G28/><T75/><D75/><U27/><E27/><V31/><F31/><W48/><G25/><T11/><AGARI ba="0,2" hai="11,15,18,32,33,34,44,46,80,82,84,86,89,91" machi="11" ten="30,11700,0" yaku="0,1,9,1,52,2" doraHai="81" who="0" fromWho="0" sc="250,137,240,-39,240,-39,250,-39" /><INIT seed="0,1,0,0,3,107" ten="387,201,201,211" oya="0" hai0="114,82,24,22,116,89,11,134,3,94,101,40,50" hai1="75,42,12,72,97,132,79,13,80,67,83,20,36" hai2="10,87,59,104,105,92,34,15,109,19,0,28,91" hai3="37,135,14,44,47,63,123,73,65,60,76,71,56"/><T98/><D116/><U7/><E132/><V110/><F0/><W4/><G135/><T113/><D134/><U46/><E67/><V16/><F19/><W58/><G123/><T55/><D40/><U68/><E68/><V23/><F34/><W78/><G71/><T33/><D33/><U69/><E69/><V85/><F85/><W102/><G102/><T49/><D49/><U122/><E122/><V100/><F59/><W57/><G57/><T129/><D129/><U126/><E126/><V93/><F93/><W74/><G37/><T133/><D133/><U41/><E7/><V26/><REACH who="2" step="1"/><F100/><REACH who="2" ten="387,201,191,211" step="2"/><W131/><G4/><T25/><D101/><U53/><E97/><V17/><F17/><W124/><G124/><T96/><D98/><U5/><E5/><V106/><AGARI ba="1,1" hai="10,15,16,23,26,28,87,91,92,104,105,106,109,110" machi="106" ten="40,5200,0" yaku="1,1,0,1,54,1,53,0" doraHai="107" doraHaiUra="130" who="2" fromWho="2" sc="387,-27,201,-14,191,65,211,-14" /><INIT seed="1,0,0,0,0,105" ten="360,187,256,197" oya="1" hai0="61,23,127,49,69,93,75,30,50,7,44,102,90" hai1="35,119,6,29,41,108,110,106,47,15,21,79,130" hai2="64,14,67,125,56,99,48,100,124,103,89,27,39" hai3="115,87,46,26,121,70,120,104,84,53,83,8,131"/><U117/><E106/><V42/><F39/><W80/><G70/><T12/><D127/><N who="2" m="48714" /><F14/><W0/><G115/><T31/><D102/><U16/><E130/><V32/><F89/><W92/><G104/><T132/><D132/><U38/><E6/><V25/><F103/><W59/><G131/><T10/><D50/><U72/><E35/><V82/><F82/><W9/><G92/><T134/><D134/><U77/><E29/><N who="2" m="19503" /><F27/><W13/><G46/><T19/><D23/><U45/><E77/><V85/><F85/><W57/><G26/><T28/><D7/><U4/><E4/><V86/><F86/><W133/><G0/><T71/><D90/><U109/><E45/><N who="2" m="25655" /><F56/><W76/><G59/><T95/><D95/><AGARI ba="0,0" hai="64,67,95,99,100" m="25655,19503,48714" machi="95" ten="30,1000,0" yaku="18,1" doraHai="105" who="2" fromWho="0" sc="360,-10,187,0,256,10,197,0" /><INIT seed="2,0,0,2,4,38" ten="350,187,266,197" oya="2" hai0="7,13,18,4,98,42,81,39,84,47,135,55,45" hai1="51,1,87,67,43,93,23,70,92,5,114,78,116" hai2="118,90,115,74,44,130,119,17,97,40,99,29,11" hai3="112,121,21,133,113,53,57,82,36,10,16,104,27"/><V126/><F115/><N who="3" m="44107" /><G121/><T59/><D135/><U75/><E116/><V131/><F74/><W28/><G104/><T3/><D47/><U35/><E35/><V106/><F29/><W120/><G120/><T54/><D98/><N who="2" m="37386" /><F106/><W91/><G133/><T101/><D101/><U76/><E75/><V37/><F90/><W110/><G110/><T83/><D83/><U22/><E114/><V88/><F88/><W24/><G36/><T30/><D30/><U12/><E1/><V49/><F37/><W41/><G10/><T132/><D132/><U71/><E87/><V85/><F85/><N who="3" m="50615" /><G27/><T65/><D3/><U68/><E78/><V129/><F126/><W46/><G28/><T89/><D65/><U102/><E76/><V111/><F111/><W2/><G2/><T95/><D55/><U123/><E123/><V33/><F33/><W69/><G69/><T52/><D54/><U64/><E102/><V108/><F108/><W124/><G124/><T128/><D81/><U0/><E0/><V19/><F11/><W15/><G24/><T58/><D58/><U125/><E125/><V122/><F122/><W8/><G8/><T103/><D103/><U117/><E93/><V62/><F62/><N who="3" m="36143" /><G46/><T25/><D25/><U109/><E92/><V100/><F100/><W107/><G107/><T77/><D77/><U14/><E109/><V72/><F72/><W26/><G26/><T48/><D128/><N who="2" m="32770" /><V34/><DORA hai="105" /><F34/><W86/><G86/><T56/><D56/><U6/><E71/><V20/><F20/><AGARI ba="0,0" hai="4,7,13,18,20,39,42,45,48,52,59,84,89,95" machi="20" ten="30,8000,1" yaku="7,1,25,2,52,1,54,1" doraHai="38,105" who="0" fromWho="2" sc="350,80,187,0,266,-80,197,0" /><INIT seed="3,0,0,4,4,98" ten="430,187,186,197" oya="3" hai0="36,113,119,38,62,123,67,61,14,59,70,107,45" hai1="37,54,101,104,103,32,102,132,92,83,58,42,110" hai2="95,133,93,31,87,20,105,18,3,23,5,66,100" hai3="68,115,135,122,10,69,81,106,11,15,88,79,112"/><W30/><G122/><T26/><D119/><U40/><E32/><V109/><F109/><W27/><G10/><T86/><D123/><U96/><E110/><V130/><F130/><W16/><G106/><T94/><D107/><U56/><E56/><V4/><F133/><W89/><G135/><T35/><D14/><U71/><E71/><V8/><F66/><W134/><G134/><T13/><D13/><U82/><E132/><V41/><F41/><N who="1" m="15977" /><E104/><V116/><F116/><W48/><G48/><T39/><D45/><U24/><E24/><V128/><F128/><W22/><G68/><T44/><D44/><U47/><E47/><V6/><F31/><W90/><REACH who="3" step="1"/><G69/><REACH who="3" ten="430,187,186,187" step="2"/><T121/><D121/><U50/><E37/><V118/><F118/><W25/><G25/><T74/><D26/><U51/><E51/><V108/><F108/><W76/><G76/><T125/><D39/><U57/><E57/><V53/><F105/><W80/><G80/><AGARI ba="0,1" hai="50,54,58,80,82,83,92,96,101,102,103" m="15977" machi="80" ten="30,7700,0" yaku="8,1,52,3" doraHai="98" who="1" fromWho="3" sc="430,0,187,87,186,0,187,-77" /><INIT seed="4,0,0,3,3,33" ten="430,274,186,110" oya="0" hai0="19,52,61,3,105,127,126,91,95,125,69,65,88" hai1="81,8,20,49,68,128,25,9,89,36,79,99,75" hai2="84,27,67,131,123,59,71,108,57,45,39,100,2" hai3="38,73,87,85,70,114,34,31,120,56,37,92,40"/><T93/><D105/><U129/><E36/><V26/><F108/><W118/><G118/><T104/><D104/><U111/><E111/><V6/><F123/><W12/><G70/><T107/><D107/><U30/><E68/><V1/><F100/><W80/><G120/><T98/><D19/><U133/><E133/><V113/><F6/><W110/><G110/><T16/><D16/><N who="1" m="12423" /><E49/><V22/><F71/><W77/><G114/><T78/><D78/><U132/><E30/><V94/><F113/><W58/><G12/><T130/><D130/><N who="1" m="50283" /><E132/><V42/><F131/><W28/><G92/><AGARI ba="0,0" hai="8,9,75,79,81,89,92,99" m="50283,12423" machi="92" ten="30,2000,0" yaku="19,1,54,1" doraHai="33" who="1" fromWho="3" sc="430,0,274,20,186,0,110,-20" /><INIT seed="5,0,0,5,5,67" ten="430,294,186,90" oya="1" hai0="38,131,124,99,103,100,58,8,59,14,61,48,87" hai1="10,113,51,39,88,1,92,70,46,29,117,73,135" hai2="85,0,28,80,17,44,15,91,49,123,119,126,23" hai3="84,98,110,11,130,40,105,9,55,120,107,50,94"/><U69/><E117/><V21/><F119/><W66/><G110/><T65/><D38/><U32/><E39/><V64/><F123/><W121/><G40/><T2/><D2/><U77/><E32/><V127/><F0/><W81/><G130/><T96/><D131/><U71/><E29/><V118/><F118/><W27/><G27/><T89/><D124/><N who="2" m="47658" /><F64/><W56/><G66/><T22/><D22/><U72/><E135/><V74/><F74/><W63/><G63/><T16/><D48/><U3/><E113/><V86/><F86/><W36/><G36/><T24/><D24/><U35/><E35/><V45/><F49/><W109/><G109/><T60/><D99/><U112/><E112/><V95/><F80/><W97/><G120/><T26/><D96/><U33/><E33/><V68/><F68/><W30/><G30/><T34/><D26/><AGARI ba="0,0" hai="15,17,21,23,26,28,44,45,85,91,95" m="47658" machi="26" ten="30,1000,0" yaku="18,1" doraHai="67" who="2" fromWho="0" sc="430,-10,294,0,186,10,90,0" /><INIT seed="6,0,0,4,1,58" ten="420,294,196,90" oya="2" hai0="7,104,117,79,54,44,76,107,128,26,10,108,92" hai1="135,83,129,91,25,90,13,98,48,56,16,64,111" hai2="81,84,80,118,57,28,19,53,88,17,15,60,103" hai3="42,100,105,2,24,101,131,126,113,94,14,51,132"/><V65/><F118/><W43/><G2/><T9/><D108/><U8/><E111/><V122/><F122/><W102/><G131/><T106/><D128/><U62/><E129/><V110/><F110/><W69/><G69/><T95/><D26/><U123/><E123/><V67/><F28/><W85/><G24/><T12/><D44/><U23/><E135/><V75/><F103/><W30/><G30/><T38/><D38/><U61/><E83/><V115/><F115/><W116/><G116/><T36/><D36/><U31/><E98/><V93/><F19/><W119/><G119/><T20/><D20/><U73/><E73/><V0/><F0/><W55/><G132/><T1/><D54/><U40/><E62/><V96/><F75/><W74/><G74/><T66/><D79/><U120/><E120/><V35/><F35/><W39/><G39/><T4/><D76/><U34/><E34/><V89/><F80/><W109/><G109/><T41/><D66/><U134/><E134/><V27/><F27/><W49/><G126/><T68/><D68/><U52/><E40/><N who="3" m="15402" /><G105/><T32/><D41/><U29/><E31/><V59/><F57/><AGARI ba="0,0" hai="8,13,16,23,25,29,48,52,56,57,61,64,90,91" machi="57" ten="30,8000,1" yaku="7,1,8,1,52,1,54,2" doraHai="58" who="1" fromWho="2" sc="420,0,294,80,196,-80,90,0" /><INIT seed="7,0,0,0,4,114" ten="420,374,116,90" oya="3" hai0="8,1,61,77,57,33,35,110,10,92,60,49,93" hai1="79,76,22,42,0,120,34,98,25,131,26,3,78" hai2="71,65,58,119,41,130,56,128,53,115,129,99,18" hai3="16,2,29,72,48,88,9,74,81,127,17,55,89"/><W20/><G127/><T105/><D105/><U50/><E131/><V37/><F115/><W117/><G117/><T28/><D110/><U21/><E120/><V73/><F119/><W118/><G118/><T54/><D35/><U95/><E34/><V12/><F73/><W68/><G68/><T62/><D77/><U23/><E3/><V125/><F125/><W5/><G29/><T4/><D28/><U52/><E42/><V124/><F124/><W134/><G134/><T64/><D33/><U75/><E0/><V96/><F41/><W85/><G89/><T45/><D10/><U66/><E66/><V7/><F7/><W103/><G103/><T111/><D111/><U30/><E75/><V51/><F37/><W38/><G38/><T126/><D126/><U82/><E82/><V59/><F71/><W107/><G107/><T101/><D101/><U31/><E22/><N who="2" m="11591" /><F65/><W94/><G81/><T67/><D61/><U132/><E132/><V27/><F27/><W19/><REACH who="3" step="1"/><G20/><REACH who="3" ten="420,374,116,80" step="2"/><T46/><D64/><U87/><E76/><V122/><F122/><W63/><G63/><T11/><D62/><U135/><E135/><V108/><F108/><W100/><G100/><T47/><D60/><U14/><E78/><V83/><F83/><W13/><G13/><T69/><D67/><U15/><E79/><V106/><F106/><W123/><G123/><T80/><D80/><U133/><E133/><V39/><F39/><W104/><G104/><T40/><D69/><U116/><E116/><V97/><AGARI ba="0,1" hai="51,53,56,58,59,96,97,99,128,129,130" m="11591" machi="97" ten="40,1500,0" yaku="19,1" doraHai="114" who="2" fromWho="2" sc="420,-4,374,-4,116,25,80,-7" owari="416,51.6,370,17.0,141,-25.9,73,-42.7" /></mjloggm>