<mjloggm ver="2.3"><GO type="169" lobby="0"/><UN n0="%E3%83%A4%E3%83%8A%E3%83%AA%E3%83%B3%E3%82%B9%E3%82%AD%E3%83%BC" n1="%E8%99%9A%E6%B7%B5%E7%8E%84" n2="%E8%B5%A4%E3%81%84%E9%83%A8%E5%B1%8B" n3="%E3%82%BF%E3%83%9E%E3%83%8D%E3%82%AE" dan="17,17,16,18" rate="2158.90,2193.16,2131.42,2258.18" sx="M,F,M,M"/><TAIKYOKU oya="0"/><INIT seed="0,0,0,5,5,132" ten="250,250,250,250" oya="0" hai0="16,120,58,90,20,28,71,10,5,110,34,27,128" hai1="0,29,33,44,54,100,94,97,107,73,106,24,41" hai2="91,122,96,114,2,117,59,31,87,86,60,80,38" hai3="13,62,104,14,101,112,15,32,21,78,11,76,131"/><T123/><D71/><U119/><E119/><V82/><F114/><W92/><G32/><T126/><D128/><U72/><E0/><V4/><F122/><W52/><G112/><T53/><D110/><U37/><REACH who="1" step="1"/><E54/><REACH who="1" ten="250,240,250,250" step="2"/><V105/><F117/><W63/><G52/><T99/><D120/><U22/><E22/><V108/><F2/><W56/><G21/><T39/><D123/><U95/><E95/><V8/><F108/><W26/><G92/><T36/><D126/><U85/><E85/><V51/><F87/><W130/><G130/><T25/><D99/><U124/><E124/><V93/><F96/><W35/><G131/><T102/><D102/><U18/><E18/><V55/><F86/><W66/><G101/><T98/><D98/><U109/><E109/><V129/><F129/><W45/><G35/><T75/><D75/><AGARI ba="0,1" hai="24,29,33,37,41,44,72,73,75,94,97,100,106,107" machi="75" ten="40,2600,0" yaku="1,1,53,1" doraHai="132" doraHaiUra="69" who="1" fromWho="0" sc="250,-26,240,36,250,0,250,0" /><INIT seed="1,0,0,5,0,131" ten="224,276,250,250" oya="1" hai0="125,38,18,16,109,57,61,129,104,78,122,98,42" hai1="79,62,135,99,74,126,91,24,40,105,19,97,100" hai2="4,52,31,37,107,134,117,55,64,101,34,92,60" hai3="9,69,44,123,119,127,13,41,88,73,133,66,50"/><U120/><E120/><V68/><F117/><W30/><G123/><T65/><D122/><U116/><E40/><V102/><F37/><W83/><G127/><T27/><D129/><U70/><E116/><V130/><F130/><W22/><G119/><T81/><D125/><U72/><E126/><V5/><F92/><W85/><G73/><T7/><D109/><U11/><E79/><V80/><F80/><W54/><G133/><T36/><D7/><N who="2" m="2634" /><F101/><W49/><G69/><T103/><D27/><U75/><E99/><N who="2" m="61919" /><F134/><W3/><G3/><T110/><D110/><U39/><E39/><V2/><F2/><W47/><G66/><T94/><D104/><U132/><E91/><V93/><F93/><W45/><G30/><T89/><D103/><U63/><E63/><V26/><AGARI ba="0,0" hai="26,31,34,52,55,60,64,68" m="61919,2634" machi="26" ten="30,2000,0" yaku="25,1,54,1" doraHai="131" who="2" fromWho="2" sc="224,-5,276,-10,250,20,250,-5" /><INIT seed="2,0,0,1,3,79" ten="219,266,270,245" oya="2" hai0="75,17,83,9,40,30,108,111,2,32,114,107,26" hai1="61,21,85,4,125,47,31,70,64,99,84,38,72" hai2="90,8,100,95,57,58,59,13,28,29,37,36,116" hai3="24,102,12,48,98,43,56,78,39,15,54,33,89"/><V96/><F116/><W123/><G123/><T62/><D114/><U101/><E72/><V52/><F37/><W71/><G71/><T134/><D107/><U35/><E125/><V76/><F36/><W0/><G0/><T77/><D134/><U124/><E124/><V121/><F121/><W122/><G122/><T60/><D40/><U118/><E21/><V103/><F76/><W10/><G89/><T130/><D130/><U131/><E4/><V105/><F52/><W5/><G78/><T25/><D25/><N who="1" m="18927" /><E131/><V112/><F112/><W66/><G66/><T135/><D135/><U87/><E118/><V91/><F91/><W14/><G33/><T1/><D17/><U7/><E7/><V11/><F11/><W46/><REACH who="3" step="1"/><G24/><REACH who="3" ten="219,266,270,235" step="2"/><T82/><D1/><U3/><E3/><V55/><F103/><W45/><G45/><T119/><D119/><U44/><E38/><V93/><F90/><W23/><G23/><T133/><D133/><U132/><E132/><V113/><F113/><W106/><AGARI ba="0,1" hai="5,10,12,14,15,39,43,46,48,54,56,98,102,106" machi="106" ten="20,5200,0" yaku="1,1,0,1,7,1,53,1" doraHai="79" doraHaiUra="6" who="3" fromWho="3" sc="219,-13,266,-13,270,-26,235,62" /><INIT seed="3,0,0,2,1,40" ten="206,253,244,297" oya="3" hai0="49,51,88,106,79,52,102,5,42,1,98,127,85" hai1="68,119,3,18,67,26,29,55,44,80,6,113,75" hai2="57,31,86,115,101,38,47,25,41,97,78,45,84" hai3="2,120,89,72,32,81,16,20,94,36,69,13,109"/><W28/><G120/><T37/><D127/><U43/><E113/><V14/><F115/><W107/><G107/><T91/><D37/><U21/><E119/><V65/><F78/><W48/><G36/><T63/><D1/><U19/><E55/><V12/><F12/><W108/><G69/><T83/><D5/><U90/><E67/><V27/><F14/><W60/><G2/><T135/><D135/><U133/><E68/><V114/><F114/><W71/><G48/><T53/><D42/><U74/><E74/><V59/><F25/><N who="3" m="18447" /><G81/><T22/><D63/><U117/><E117/><V128/><F128/><W123/><G72/><T61/><D61/><U58/><E58/><V54/><F65/><N who="3" m="41383" /><G123/><T62/><D62/><U103/><E75/><V15/><F15/><W134/><G134/><T116/><D116/><U70/><E70/><V87/><F54/><W7/><G7/><T126/><D126/><U121/><E6/><V23/><REACH who="2" step="1"/><F45/><REACH who="2" ten="206,253,234,297" step="2"/><W100/><G13/><T112/><D112/><U64/><E64/><V8/><F8/><W10/><G10/><T93/><D22/><U0/><E21/><V11/><F11/><W110/><G20/><T95/><D53/><U30/><E0/><V34/><F34/><W4/><G4/><T118/><D118/><U122/><E3/><V92/><AGARI ba="0,1" hai="23,27,31,38,41,47,57,59,84,86,87,92,97,101" machi="92" ten="30,4000,0" yaku="1,1,0,1,52,1,53,0" doraHai="40" doraHaiUra="124" who="2" fromWho="2" sc="206,-10,253,-10,234,50,297,-20" /><INIT seed="4,0,0,2,3,59" ten="196,243,284,277" oya="0" hai0="38,134,17,3,34,83,63,109,125,90,98,19,92" hai1="84,45,135,121,131,128,130,133,80,87,86,52,9" hai2="23,101,6,120,26,49,41,4,118,100,16,102,1" hai3="81,122,5,76,18,14,35,96,22,56,70,32,7"/><T50/><D38/><U36/><E121/><V78/><F120/><W10/><G122/><T88/><D3/><U119/><E119/><V108/><F108/><W46/><G70/><T85/><D109/><U55/><E9/><V28/><F118/><W112/><G112/><T105/><D34/><U82/><E36/><V68/><F68/><W39/><G7/><T113/><D113/><U57/><E45/><N who="2" m="25775" /><F1/><W75/><G96/><T21/><D125/><U117/><E117/><V53/><F78/><W13/><REACH who="3" step="1"/><G56/><REACH who="3" ten="196,243,284,267" step="2"/><T69/><D69/><U12/><E57/><V132/><F132/><N who="1" m="50761" /><E12/><V47/><F28/><W24/><G24/><T58/><D134/><U11/><E11/><V124/><F124/><W106/><G106/><T73/><D105/><U94/><E94/><V114/><F114/><W123/><G123/><T71/><D71/><U126/><E126/><V93/><F93/><W37/><G37/><T30/><D50/><AGARI ba="0,1" hai="4,6,16,23,26,47,50,53,100,101,102" m="25775" machi="50" ten="30,2000,0" yaku="8,1,54,1" doraHai="59" who="2" fromWho="0" sc="196,-20,243,0,284,30,267,0" /><INIT seed="5,0,0,1,3,105" ten="176,243,314,267" oya="1" hai0="58,18,41,37,78,47,96,48,70,49,117,59,92" hai1="10,76,21,57,20,66,88,114,22,80,106,62,7" hai2="122,89,29,5,135,60,12,93,103,115,116,118,17" hai3="1,72,133,91,51,83,24,127,38,6,45,119,26"/><U129/><E114/><V33/><F122/><W56/><G127/><T4/><D70/><U52/><E106/><V68/><F135/><W102/><G102/><T67/><D117/><U131/><E66/><V79/><F103/><W124/><G124/><T55/><D4/><U128/><E88/><V27/><F115/><W95/><G133/><T134/><D134/><U50/><E62/><V15/><F79/><N who="3" m="44519" /><G51/><T9/><D78/><U112/><E112/><V132/><F132/><W11/><G56/><T121/><D121/><U77/><REACH who="1" step="1"/><E80/><REACH who="1" ten="176,233,314,267" step="2"/><V75/><F60/><W54/><G119/><T130/><D67/><U13/><AGARI ba="0,1" hai="7,10,13,20,21,22,50,52,57,76,77,128,129,131" machi="13" ten="40,12000,1" yaku="1,1,2,1,0,1,19,1,54,1,53,0" doraHai="105" doraHaiUra="71" who="1" fromWho="1" sc="176,-40,233,130,314,-40,267,-40" /><INIT seed="5,1,0,1,5,100" ten="136,363,274,227" oya="1" hai0="124,126,112,53,43,110,19,120,129,23,25,92,119" hai1="76,36,78,74,42,84,33,2,77,24,38,58,61" hai2="93,46,17,51,73,85,16,8,102,4,101,65,11" hai3="57,122,131,68,105,31,115,72,6,106,98,35,113"/><U28/><E2/><V70/><F73/><W128/><G122/><T90/><D43/><U94/><E74/><V121/><F121/><W21/><G68/><T15/><D120/><U14/><E42/><V5/><F65/><W82/><G35/><T9/><D110/><U50/><E50/><V55/><F70/><W44/><G44/><T79/><D79/><U83/><E94/><V40/><F55/><W109/><G109/><T71/><D71/><U123/><E14/><V69/><F69/><W27/><G6/><N who="2" m="2665" /><F85/><W133/><G133/><T26/><D119/><U47/><E47/><V86/><F86/><W29/><G29/><T34/><D112/><N who="3" m="43081" /><G98/><T135/><D135/><U32/><E123/><V88/><F88/><W80/><G57/><T108/><D108/><U3/><E58/><V62/><F62/><W20/><G20/><T0/><D0/><U104/><E61/><V117/><F117/><W41/><G41/><T91/><D34/><U52/><E33/><V10/><F93/><W54/><G54/><T132/><D132/><U48/><E52/><V103/><AGARI ba="1,0" hai="8,10,11,16,17,40,46,51,101,102,103" m="2665" machi="103" ten="40,2700,0" yaku="8,1,54,1" doraHai="100" who="2" fromWho="2" sc="136,-8,363,-14,274,30,227,-8" /><INIT seed="6,0,0,1,4,19" ten="128,349,304,219" oya="2" hai0="12,17,57,102,86,121,41,7,2,48,111,31,73" hai1="56,128,99,65,9,52,79,129,88,123,45,33,114" hai2="126,75,6,25,89,95,134,37,13,118,0,91,66" hai3="5,46,32,71,44,125,119,55,10,101,72,51,92"/><V112/><F118/><W60/><G119/><T16/><D73/><U49/><E33/><V80/><F37/><W15/><G72/><T64/><D111/><U132/><E114/><V26/><F0/><W130/><G32/><T23/><D121/><U21/><E132/><V77/><F112/><W47/><G125/><T68/><D68/><U62/><E9/><V50/><F126/><W18/><G130/><N who="1" m="50282" /><E79/><V58/><F89/><W113/><G113/><T8/><D102/><U135/><E135/><V105/><F105/><W104/><G104/><T93/><D64/><U108/><E108/><V124/><F124/><W120/><G120/><T1/><D31/><U40/><E21/><V122/><F122/><W27/><G60/><T36/><D36/><U67/><E123/><V85/><F134/><W115/><G71/><T29/><D29/><U110/><E110/><V4/><F50/><W117/><G115/><T34/><D34/><U98/><E98/><V106/><F106/><W14/><G27/><T76/><D17/><U96/><E96/><N who="2" m="57471" /><F75/><W63/><G63/><T87/><D1/><U24/><E24/><N who="2" m="9323" /><F13/><W22/><G117/><T83/><D87/><U103/><E103/><V74/><F74/><W54/><G51/><T133/><D133/><U20/><E99/><AGARI ba="0,0" hai="5,10,14,15,18,22,44,46,47,54,55,92,99,101" machi="99" ten="40,2600,0" yaku="8,1,52,1" doraHai="19" who="3" fromWho="1" sc="128,0,349,-26,304,0,219,26" /><INIT seed="7,0,0,5,1,117" ten="128,323,304,245" oya="3" hai0="52,87,53,37,36,88,6,2,74,30,22,64,78" hai1="85,96,93,38,67,70,81,126,115,23,47,79,49" hai2="8,45,101,129,84,0,107,69,35,73,46,55,51" hai3="20,111,18,33,110,59,13,60,63,28,122,39,91"/><W106/><G39/><T133/><D133/><U9/><E115/><V130/><F73/><W82/><G106/><T7/><D64/><U104/><E126/><V25/><F69/><W42/><G42/><T14/><D2/><U61/><E38/><V90/><F107/><W131/><G131/><T16/><D37/><U62/><E104/><V113/><F101/><W71/><G71/><T116/><D36/><U95/><E9/><V86/><F113/><W119/><G119/><T10/><D116/><U102/><E95/><V125/><F125/><W15/><G15/><T77/><D30/><U56/><E23/><V97/><F97/><W99/><G33/><T54/><D74/><U31/><E31/><V48/><F35/><W11/><G28/><T114/><D114/><U57/><E61/><V19/><F25/><W40/><G40/><AGARI ba="0,0" hai="40,47,49,56,57,62,67,70,79,81,85,93,96,102" machi="40" ten="30,1000,0" yaku="7,1" doraHai="117" who="1" fromWho="3" sc="128,0,323,10,304,0,245,-10" owari="128,-37.2,333,43.3,304,10.4,235,-16.5" /></mjloggm>