<mjloggm ver="2.3"><GO type="225" lobby="0"/><UN n0="%33%74%72%65%65" n1="%E6%A1%9C%E8%8A%B1%E9%96%83%E3%80%85" n2="%E8%B5%A4%E3%81%84%E8%9B%99%31%31" n3="%E9%A6%AC%E5%BC%95%E7%81%AB%33" dan="17,16,16,16" rate="2175.45,2223.74,2078.02,2121.90" sx="F,M,M,M"/><TAIKYOKU oya="0"/><INIT seed="0,0,0,5,3,83" ten="250,250,250,250" oya="0" hai0="16,33,84,95,13,42,92,32,69,15,57,135,109" hai1="40,128,112,117,67,27,24,14,9,19,73,23,108" hai2="130,72,100,115,20,21,106,71,89,127,11,37,8" hai3="79,61,55,102,25,121,124,66,125,36,47,63,85"/><T31/><D69/><U90/><E117/><V62/><F115/><W126/><G121/><T54/><D135/><U18/><E112/><V104/><F37/><W38/><G102/><T0/><D0/><U99/><E108/><V91/><F62/><N who="3" m="23563" /><G66/><T65/><D65/><U105/><E128/><V39/><F39/><N who="3" m="14891" /><G25/><T30/><D109/><U49/><E73/><V64/><F64/><W50/><G79/><T103/><D42/><U60/><E27/><V96/><F71/><W74/><G74/><T107/><D107/><U46/><E105/><V53/><F72/><W75/><G75/><T88/><D33/><U111/><E111/><V94/><F100/><W110/><G110/><T122/><D122/><U114/><E114/><V81/><F106/><W35/><G35/><T6/><D32/><U113/><E113/><V4/><F104/><W10/><G10/><N who="0" m="4311" /><D95/><U82/><E99/><V133/><F94/><W70/><G70/><T58/><D103/><U68/><E82/><V17/><F81/><W77/><G77/><T132/><D132/><U76/><E76/><V1/><F133/><W45/><G85/><T28/><D54/><U131/><E131/><V86/><F130/><W78/><G78/><T101/><D101/><U80/><E80/><V51/><F53/><W134/><G134/><T56/><D31/><U41/><E41/><V129/><F129/><W3/><G3/><T26/><D26/><U7/><E7/><V52/><F4/><W119/><G119/><T123/><D123/><U12/><E24/><V87/><F1/><W43/><G43/><T44/><D44/><AGARI ba="0,0" hai="44,45,47,50,55,124,125,126" m="14891,23563" machi="44" ten="40,8000,1" yaku="6,1,18,1,34,2" doraHai="83" who="3" fromWho="0" sc="250,-80,250,0,250,0,250,80" /><INIT seed="1,0,0,3,5,108" ten="170,250,250,330" oya="1" hai0="88,124,87,25,96,26,37,84,63,50,62,119,123" hai1="85,21,133,40,7,99,33,76,94,29,118,111,51" hai2="90,64,100,61,36,9,102,58,57,134,45,98,106" hai3="52,78,17,93,14,60,0,46,16,74,114,86,3"/><U132/><E118/><V135/><F9/><W112/><G74/><T22/><D119/><U109/><E33/><V30/><F30/><W69/><G69/><T27/><D37/><U8/><E76/><V130/><F130/><W83/><G93/><N who="0" m="56359" /><D124/><U32/><E85/><N who="0" m="32841" /><D123/><U12/><E51/><V122/><F122/><W10/><G17/><T113/><D113/><U38/><E40/><N who="2" m="22663" /><F90/><W66/><G66/><T65/><D65/><U79/><E79/><V13/><F13/><W18/><G18/><N who="0" m="12503" /><D50/><U20/><E38/><V105/><F105/><W80/><G80/><T103/><D103/><N who="1" m="60919" /><E32/><V107/><F102/><W70/><G70/><T110/><D110/><N who="1" m="41995" /><E29/><V41/><F107/><W35/><G35/><T116/><D116/><U6/><E6/><V48/><F48/><W47/><G47/><T67/><D63/><U55/><E21/><V91/><F41/><W97/><G97/><T92/><D92/><U1/><E20/><V82/><F98/><W19/><G19/><T34/><D34/><U131/><E1/><V56/><F106/><W71/><G71/><T11/><D11/><U104/><E104/><V101/><F101/><W75/><G75/><T5/><D5/><U77/><E77/><V4/><F100/><W129/><G129/><T59/><AGARI ba="0,0" hai="26,27,59,62,67" m="12503,32841,56359" machi="59" ten="30,2000,0" yaku="8,1,54,1" doraHai="108" who="0" fromWho="0" sc="170,20,250,-10,250,-5,330,-5" /><INIT seed="2,0,0,1,4,66" ten="190,240,245,325" oya="2" hai0="114,59,78,17,107,116,31,11,64,102,13,81,14" hai1="55,119,93,125,95,10,16,109,124,50,15,32,21" hai2="132,6,94,26,38,90,61,58,2,9,73,79,65" hai3="108,101,97,131,53,121,118,51,18,40,23,112,5"/><V45/><F132/><W105/><G121/><T1/><D114/><U83/><E119/><V7/><F7/><W68/><G118/><T82/><D116/><U122/><E32/><V88/><F26/><W63/><G108/><T71/><D1/><U111/><E122/><V133/><F133/><W41/><G131/><T62/><D31/><U89/><E83/><N who="2" m="45551" /><F94/><N who="1" m="35849" /><E89/><V44/><F44/><W100/><G100/><T69/><D81/><U115/><E21/><V74/><F74/><W67/><G5/><T127/><D127/><N who="1" m="48715" /><E115/><V48/><F48/><W130/><G130/><T110/><D110/><U35/><E35/><V60/><F60/><W98/><G98/><T8/><D102/><U34/><E34/><V72/><F72/><W57/><REACH who="3" step="1"/><G112/><REACH who="3" ten="190,240,245,315" step="2"/><T24/><D107/><U52/><E111/><V85/><F85/><W27/><AGARI ba="0,1" hai="18,23,27,40,41,51,53,57,63,67,68,97,101,105" machi="27" ten="20,8000,1" yaku="1,1,2,1,0,1,7,1,52,1,53,0" doraHai="66" doraHaiUra="84" who="3" fromWho="3" sc="190,-20,240,-20,245,-40,315,90" /><INIT seed="3,0,0,5,0,31" ten="170,220,205,405" oya="3" hai0="105,96,78,77,92,108,34,72,39,122,103,133,43" hai1="94,46,65,30,63,97,82,45,124,71,29,64,27" hai2="54,24,83,126,76,98,1,41,47,73,69,104,0" hai3="25,129,66,85,49,33,67,12,38,127,79,26,48"/><W59/><G38/><T81/><D122/><U20/><E124/><V95/><F126/><W21/><G127/><T7/><D108/><U53/><E30/><V36/><F104/><W93/><G129/><T118/><D118/><U111/><E111/><V3/><F69/><W35/><G12/><T44/><D133/><U84/><E53/><V13/><F54/><W58/><G93/><T119/><D119/><U89/><E65/><V123/><F123/><W61/><G85/><T107/><D78/><AGARI ba="0,0" hai="20,27,29,45,46,63,64,71,78,82,84,89,94,97" machi="78" ten="30,1000,0" yaku="7,1" doraHai="31" who="1" fromWho="0" sc="170,-10,220,10,205,0,405,0" owari="160,-34.0,230,3.0,205,-19.5,405,50.5" /></mjloggm>