<mjloggm ver="2.3"><GO type="169" lobby="0"/><UN n0="%E5%9C%A7%E5%80%92%E7%9A%84%E3%83%9D%E3%83%B3" n1="%7A%6F%6F%31%39%36%34" n2="%E3%81%BE%E3%81%A1%E3%81%8A" n3="%4E%6F%73%75%6B%65" dan="17,17,16,16" rate="2200.45,2196.32,2174.00,2131.31" sx="M,M,M,M"/><TAIKYOKU oya="0"/><INIT seed="0,0,0,3,2,82" ten="250,250,250,250" oya="0" hai0="36,119,134,42,114,128,38,76,17,6,19,92,99" hai1="70,32,115,131,33,22,48,100,89,106,10,133,135" hai2="129,77,101,130,71,2,52,51,56,1,23,102,50" hai3="132,16,7,20,46,3,123,27,13,85,63,125,87"/><T15/><D119/><U30/><E70/><V49/><F71/><W72/><G72/><T110/><D114/><U113/><E10/><V11/><F77/><W9/><G125/><T97/><D128/><N who="2" m="49258" /><F23/><W124/><G124/><T84/><D134/><N who="1" m="51211" /><E48/><N who="2" m="30727" /><F11/><W98/><G132/><T45/><D110/><U103/><E131/><V5/><F5/><W28/><G123/><T43/><D6/><U91/><E22/><V79/><F79/><W83/><G83/><T29/><D29/><U111/><E111/><V73/><F73/><W95/><G46/><T60/><D60/><U18/><E18/><V0/><AGARI ba="0,0" hai="0,1,2,49,50,51,101,102" m="30727,49258" machi="0" ten="40,2700,0" yaku="19,1,54,1" doraHai="82" who="2" fromWho="2" sc="250,-13,250,-7,250,27,250,-7" /><INIT seed="1,0,0,2,0,50" ten="237,243,277,243" oya="1" hai0="41,73,104,80,123,2,98,79,135,70,77,132,40" hai1="17,11,125,30,99,71,56,74,8,9,18,121,59" hai2="124,39,34,90,81,45,52,28,76,29,55,16,102" hai3="68,67,91,0,115,109,21,100,133,5,129,86,58"/><U3/><E121/><V20/><F124/><W36/><G36/><T96/><D70/><U127/><E71/><V38/><F34/><W84/><G115/><T42/><D2/><U4/><E74/><V107/><F90/><W46/><G68/><T35/><D35/><U89/><E30/><V24/><F102/><W85/><G109/><T25/><D123/><U106/><E4/><V78/><F107/><W7/><G129/><T27/><D104/><U97/><E3/><V128/><F128/><W62/><G100/><T95/><D77/><U119/><E106/><V23/><F29/><W14/><G133/><N who="0" m="51275" /><D98/><N who="1" m="37387" /><E89/><AGARI ba="0,0" hai="25,27,40,41,42,73,79,80,89,95,96" m="51275" machi="89" ten="30,1000,0" yaku="20,1" doraHai="50" who="0" fromWho="1" sc="237,10,243,-10,277,0,243,0" /><INIT seed="2,0,0,2,2,67" ten="247,233,277,243" oya="2" hai0="102,10,93,134,39,38,28,73,87,45,21,42,78" hai1="2,46,79,118,86,7,20,25,57,100,23,96,129" hai2="91,88,89,110,122,33,5,127,103,135,98,81,54" hai3="56,112,99,65,107,9,16,108,24,104,59,130,19"/><V12/><F33/><W55/><G108/><T44/><D73/><U41/><E118/><V101/><F122/><W14/><G130/><T61/><D134/><U49/><E129/><V119/><F119/><W37/><G37/><T34/><D34/><U60/><E2/><V85/><F135/><W32/><G112/><T50/><D61/><U114/><E7/><V47/><F127/><W72/><G72/><T75/><D75/><U22/><E114/><V109/><F5/><W111/><G111/><N who="2" m="42505" /><F12/><W74/><G74/><T58/><D58/><U36/><E36/><V116/><F116/><W131/><G65/><T66/><D66/><U3/><E3/><V26/><F26/><W68/><G14/><T97/><D10/><U105/><E86/><V124/><F124/><W77/><G9/><T52/><D78/><U17/><REACH who="1" step="1"/><E79/><REACH who="1" ten="247,223,277,243" step="2"/><N who="2" m="46271" /><F98/><W30/><G99/><T1/><D1/><U48/><E48/><AGARI ba="0,1" hai="47,48,54,88,89,91,101,103" m="46271,42505" machi="48" ten="30,5800,0" yaku="14,1,10,1,54,1" doraHai="67" who="2" fromWho="1" sc="247,0,223,-58,277,68,243,0" /><INIT seed="2,1,0,5,0,132" ten="247,165,345,243" oya="2" hai0="127,86,109,72,7,27,63,112,21,57,104,65,85" hai1="124,115,135,49,14,103,64,68,53,58,87,13,95" hai2="62,101,133,54,47,80,3,99,134,118,61,28,117" hai3="73,39,126,10,66,29,12,116,69,55,93,102,128"/><V20/><F3/><W33/><G116/><N who="2" m="44649" /><F20/><W1/><G73/><T74/><D104/><U89/><E115/><V36/><F28/><W84/><G39/><T98/><D112/><U38/><E135/><N who="2" m="51723" /><F80/><W26/><G1/><T107/><D7/><U120/><E120/><V32/><F32/><W42/><G128/><T130/><D130/><U105/><E105/><V106/><F54/><W90/><G55/><T9/><D9/><U119/><E119/><V131/><F131/><W108/><G29/><T44/><D109/><U43/><E103/><V48/><F48/><W123/><G102/><T97/><D107/><U6/><E13/><V2/><F2/><W78/><G108/><T17/><D44/><N who="1" m="23671" /><E14/><V24/><F24/><W22/><G12/><T25/><D21/><U16/><E49/><V92/><F106/><W111/><G22/><T94/><D94/><U8/><E95/><V45/><F45/><W91/><G93/><T70/><D27/><U41/><E53/><V81/><F81/><W125/><G26/><T67/><D25/><U56/><E8/><V30/><F30/><W59/><G10/><T34/><D34/><U114/><E114/><V82/><F82/><W76/><G33/><T79/><D67/><U88/><E64/><V18/><F18/><W96/><G66/><T40/><D17/><U60/><E16/><V110/><F110/><W35/><G35/><T19/><D19/><U4/><E6/><V113/><F113/><W15/><G111/><T122/><D65/><U71/><E4/><V51/><F36/><W83/><G83/><T129/><D129/><RYUUKYOKU ba="1,0" sc="247,-10,165,-10,345,30,243,-10" hai2="47,51,61,62,92,99,101" /><INIT seed="2,2,0,5,1,108" ten="237,155,375,233" oya="2" hai0="130,33,72,25,13,119,91,10,116,124,47,63,127" hai1="95,98,64,88,8,118,52,21,9,69,61,71,70" hai2="57,99,15,30,110,97,43,107,5,49,60,75,18" hai3="122,54,115,4,34,59,67,129,84,17,101,132,131"/><V27/><F75/><W50/><G122/><T81/><D63/><U113/><E118/><N who="0" m="45097" /><D130/><N who="3" m="49673" /><G34/><T65/><D65/><U23/><E113/><V66/><F5/><W19/><G132/><T14/><D47/><U35/><E35/><V40/><F110/><W96/><G4/><T134/><D134/><U48/><E61/><V105/><F105/><N who="3" m="63655" /><G115/><T106/><D106/><U45/><REACH who="1" step="1"/><E64/><REACH who="1" ten="237,145,375,233" step="2"/><V80/><F66/><W37/><G67/><T73/><D33/><U121/><E121/><V41/><F60/><W109/><G109/><T87/><D127/><U77/><E77/><V39/><F39/><W16/><G37/><T112/><D124/><U89/><E89/><V126/><F126/><W76/><G76/><T117/><D117/><U125/><E125/><V32/><F107/><W29/><G84/><T3/><D112/><U53/><E53/><V28/><F99/><W94/><G94/><T20/><D73/><U114/><E114/><V58/><F97/><W2/><G2/><T42/><D72/><U92/><E92/><V68/><F32/><W78/><G78/><T103/><D103/><U51/><E51/><V7/><F49/><W74/><G74/><T93/><D93/><U44/><E44/><V85/><F85/><W38/><G38/><T36/><D36/><U90/><E90/><V86/><F86/><W104/><G104/><T31/><D42/><U24/><E24/><V82/><F43/><W0/><G0/><T55/><D55/><U26/><E26/><V102/><F41/><W135/><G135/><T62/><D62/><U6/><E6/><AGARI ba="2,1" hai="3,6,10,13,14,20,25,31,81,87,91" m="45097" machi="6" ten="30,1000,0" yaku="12,1" doraHai="108" who="0" fromWho="1" sc="237,26,145,-16,375,0,233,0" /><INIT seed="3,0,0,2,5,81" ten="263,129,375,233" oya="3" hai0="99,120,98,103,42,83,82,58,39,85,11,49,21" hai1="124,43,79,88,17,16,30,96,114,32,27,44,12" hai2="80,2,23,84,52,29,128,28,77,18,123,95,119" hai3="25,20,73,4,40,56,54,62,126,111,76,5,105"/><W109/><G105/><T53/><D120/><U121/><E114/><V94/><F119/><W36/><G126/><T64/><D64/><U38/><E121/><V115/><F2/><W106/><G106/><T125/><D125/><U6/><E124/><V108/><F115/><W67/><G36/><T107/><D99/><U22/><E79/><V91/><F108/><N who="3" m="41547" /><G40/><T132/><D83/><U133/><E133/><V26/><F128/><W50/><G76/><T127/><D127/><U65/><E65/><V15/><F123/><W8/><G8/><T19/><D11/><U31/><E6/><V122/><F122/><W66/><G73/><T57/><D132/><U97/><E31/><V101/><F101/><W72/><G72/><T100/><D100/><U93/><REACH who="1" step="1"/><E17/><REACH who="1" ten="263,119,375,233" step="2"/><V104/><F29/><N who="3" m="17575" /><G67/><T33/><D19/><U113/><E113/><V7/><F7/><W46/><AGARI ba="0,1" hai="4,5,46,50,54,56,62,66" m="17575,41547" machi="46" ten="30,3000,0" yaku="14,1,10,1" doraHai="81" who="3" fromWho="3" sc="263,-10,119,-10,375,-10,233,40" /><INIT seed="3,1,0,2,1,125" ten="253,109,365,273" oya="3" hai0="107,126,77,0,94,101,121,114,81,12,9,123,18" hai1="17,24,56,60,95,84,51,102,67,53,4,115,2" hai2="27,127,64,41,32,92,76,25,13,28,21,58,86" hai3="55,61,130,48,83,29,14,100,89,105,90,85,135"/><W34/><G135/><T66/><D114/><U30/><E115/><V33/><F127/><W6/><G61/><T78/><D0/><U91/><E102/><V39/><F39/><W128/><G34/><T44/><D126/><U124/><E124/><V103/><F41/><W79/><G29/><T36/><D66/><U129/><E2/><V75/><F75/><W97/><G6/><T23/><D107/><U5/><E17/><V15/><F76/><W7/><G14/><T112/><D112/><U26/><E129/><N who="3" m="49770" /><G7/><T63/><D63/><U71/><REACH who="1" step="1"/><E26/><REACH who="1" ten="253,99,365,273" step="2"/><V40/><F27/><W47/><AGARI ba="1,1" hai="47,48,55,79,83,85,89,90,97,100,105" m="49770" machi="47" ten="30,11700,0" yaku="19,1,52,3" doraHai="125" who="3" fromWho="3" sc="253,-40,99,-40,365,-40,273,130" /><INIT seed="3,2,0,2,1,59" ten="213,59,325,403" oya="3" hai0="92,14,41,11,60,99,126,68,15,55,78,69,115" hai1="91,6,127,27,122,35,73,21,61,44,13,22,2" hai2="26,65,121,9,34,88,4,10,120,19,129,62,53" hai3="0,95,47,16,90,132,52,75,70,40,33,131,96"/><W18/><G75/><T86/><D126/><U43/><E122/><N who="2" m="47211" /><F129/><W87/><G0/><T116/><D41/><U38/><E127/><V135/><F135/><W37/><G132/><T85/><D115/><U31/><E91/><V134/><F134/><W125/><G125/><T49/><D116/><U105/><E105/><V71/><F53/><W77/><G33/><T80/><D15/><U67/><E73/><V111/><F111/><W5/><G5/><T97/><D60/><U119/><E2/><V133/><F133/><W32/><G32/><T17/><D69/><U66/><E66/><V63/><F34/><W123/><G123/><T102/><D68/><U98/><E98/><V54/><F4/><W107/><G131/><T45/><D99/><U3/><E3/><V101/><F101/><W100/><G70/><T103/><D103/><U112/><E112/><V51/><F51/><W83/><G52/><T76/><D86/><U28/><E28/><V50/><F88/><AGARI ba="2,0" hai="11,14,17,45,49,55,76,78,80,85,88,92,97,102" machi="88" ten="30,8000,1" yaku="7,1,25,2,8,1,54,1" doraHai="59" who="0" fromWho="2" sc="213,86,59,0,325,-86,403,0" /><INIT seed="4,0,0,2,1,51" ten="299,59,239,403" oya="0" hai0="114,118,128,103,85,32,29,129,27,2,81,21,96" hai1="55,23,115,95,56,112,105,67,1,133,30,59,72" hai2="65,94,74,18,87,46,108,124,119,22,121,127,49" hai3="5,45,84,73,11,25,41,47,64,6,58,131,101"/><T120/><D118/><U63/><E105/><V100/><F74/><W61/><G73/><T91/><D120/><U36/><E36/><V60/><F121/><W42/><G131/><N who="0" m="50251" /><D2/><U17/><E72/><V50/><F119/><W86/><G101/><T14/><D114/><N who="1" m="43563" /><E1/><V24/><F108/><W98/><G98/><T130/><N who="0" m="50259" /><T126/><DORA hai="134" /><D126/><N who="2" m="48170" /><F46/><N who="3" m="17419" /><G25/><T92/><D14/><N who="1" m="9655" /><E133/><V80/><F94/><W109/><G109/><T77/><D32/><U13/><E30/><V26/><F100/><AGARI ba="0,0" hai="21,27,29,77,81,85,91,92,96,100,103" m="50259" machi="100" ten="40,2000,0" yaku="19,1" doraHai="51,134" who="0" fromWho="2" sc="299,20,59,0,239,-20,403,0" /><INIT seed="4,1,0,3,5,112" ten="319,59,219,403" oya="0" hai0="76,2,9,107,89,130,102,116,105,80,104,106,56" hai1="18,3,50,91,79,33,68,120,129,53,20,96,47" hai2="82,26,15,115,8,127,57,31,45,54,122,118,70" hai3="135,101,19,34,103,49,32,93,88,24,110,84,66"/><T28/><D130/><U100/><E33/><V98/><F115/><W119/><G110/><T63/><D28/><U42/><E129/><V43/><F122/><W67/><G119/><T121/><D121/><U25/><E120/><V16/><F70/><W40/><G135/><T29/><D29/><U92/><E3/><V65/><F127/><W87/><G34/><T58/><D89/><U71/><E79/><V124/><F124/><W61/><G87/><T95/><D58/><U113/><E113/><V132/><F132/><W133/><G133/><T62/><D62/><U125/><E125/><V4/><F65/><W123/><G123/><T117/><D95/><U30/><E30/><V52/><F118/><W22/><G32/><T97/><D9/><U36/><REACH who="1" step="1"/><E100/><REACH who="1" ten="319,49,219,403" step="2"/><V6/><F31/><W75/><G103/><T74/><REACH who="0" step="1"/><D2/><REACH who="0" ten="309,49,219,403" step="2"/><U1/><E1/><V99/><F8/><W126/><G126/><T0/><D0/><U51/><E51/><V7/><F6/><W114/><G49/><T11/><D11/><U39/><E39/><V83/><F7/><W77/><G114/><T55/><AGARI ba="1,2" hai="55,56,63,74,76,80,97,102,104,105,106,107,116,117" machi="55" ten="30,11700,0" yaku="1,1,0,1,52,2,53,0" doraHai="112" doraHaiUra="23" who="0" fromWho="0" sc="309,140,49,-40,219,-40,403,-40" /><INIT seed="4,2,0,1,2,85" ten="449,9,179,363" oya="0" hai0="107,88,133,62,93,25,66,16,45,22,111,26,47" hai1="135,92,65,18,37,99,38,131,82,2,77,52,27" hai2="31,90,40,78,86,76,127,41,50,24,104,130,17" hai3="83,54,20,15,0,58,5,124,29,114,105,6,10"/><T72/><D107/><U60/><E2/><V71/><F71/><W112/><G105/><T56/><D72/><U102/><E131/><V36/><F104/><W55/><G124/><T95/><D95/><U115/><E135/><V87/><F127/><W39/><G39/><T8/><D133/><U116/><E116/><V46/><F130/><W57/><G83/><T1/><D111/><U101/><E101/><V44/><F86/><W118/><G118/><T49/><D1/><U73/><E115/><N who="3" m="44074" /><G29/><T11/><D26/><U42/><E42/><V34/><F17/><N who="3" m="10303" /><G6/><T100/><D100/><U61/><E27/><V132/><F132/><W91/><G91/><T123/><D123/><U120/><E18/><V69/><F69/><W21/><G21/><T32/><D32/><U94/><E94/><AGARI ba="2,0" hai="24,31,34,36,40,41,44,46,50,76,78,87,90,94" machi="94" ten="30,2000,0" yaku="7,1,52,1" doraHai="85" who="2" fromWho="1" sc="449,0,9,-26,179,26,363,0" owari="449,54.9,-17,-51.7,205,-19.5,363,16.3" /></mjloggm>