<mjloggm ver="2.3"><GO type="169" lobby="0"/><UN n0="%68%69%73%61%74%6F%E6%A3%92" n1="%E3%82%A4%E3%83%BC%E3%82%B1%E3%83%97%E3%83%A9" n2="%6E%61%67%61%69%6D%6F" n3="%E3%81%A0%E3%81%A3" dan="16,16,16,16" rate="2122.59,2124.70,2127.47,2195.45" sx="M,M,M,F"/><TAIKYOKU oya="0"/><INIT seed="0,0,0,1,1,67" ten="250,250,250,250" oya="0" hai0="17,83,62,89,39,84,59,42,14,81,3,116,120" hai1="0,48,74,45,88,109,86,127,13,68,133,96,61" hai2="49,66,6,64,94,106,103,43,7,47,16,9,100" hai3="121,80,112,10,35,132,27,31,23,12,129,126,26"/><T90/><D120/><U24/><E0/><V56/><F106/><W115/><G80/><T95/><D3/><U75/><E109/><V51/><F66/><W11/><G121/><T69/><D42/><U8/><E127/><V5/><F94/><W78/><G126/><T28/><D28/><U70/><E133/><V54/><REACH who="2" step="1"/><F64/><REACH who="2" ten="250,250,240,250" step="2"/><W41/><G132/><T65/><D116/><U92/><E74/><V117/><F117/><W110/><G110/><T55/><D39/><U57/><E75/><V71/><F71/><W134/><G134/><T72/><D72/><U135/><E135/><V87/><F87/><W113/><G113/><T21/><D89/><U32/><E86/><V50/><F50/><AGARI ba="0,1" hai="14,17,21,50,55,59,62,65,69,81,83,84,90,95" machi="50" ten="30,11600,0" yaku="7,1,25,2,52,1" doraHai="67" who="0" fromWho="2" sc="250,126,250,0,240,-116,250,0" /><INIT seed="0,1,0,0,4,109" ten="376,250,124,250" oya="0" hai0="63,11,47,32,26,69,94,51,37,107,131,133,77" hai1="34,56,118,123,126,116,46,14,67,68,80,89,91" hai2="100,29,43,83,113,101,78,28,13,1,25,92,75" hai3="86,73,45,18,41,20,81,96,23,6,95,66,82"/><T108/><D107/><U65/><E123/><V50/><F1/><W42/><G73/><T62/><D37/><U119/><E34/><V2/><F2/><W60/><G6/><T112/><D133/><U106/><E106/><V17/><F113/><W64/><G20/><T54/><D131/><U104/><E104/><V4/><F4/><W97/><G97/><T87/><D11/><U72/><E68/><V110/><F110/><W38/><G41/><T71/><D112/><U76/><E126/><V84/><F75/><W124/><G124/><T8/><D8/><U121/><E121/><V24/><F24/><W52/><G86/><T102/><D71/><U55/><E46/><V61/><F61/><W33/><G33/><T15/><D15/><U74/><E74/><V59/><F92/><W39/><G39/><T98/><D69/><U53/><E14/><V19/><F19/><W22/><G22/><T9/><D9/><U127/><E53/><V129/><F129/><W93/><G93/><T21/><D32/><U114/><E114/><V0/><F0/><W90/><G64/><T79/><D108/><U99/><E127/><V103/><F25/><N who="3" m="14583" /><G66/><N who="1" m="25098" /><E99/><V85/><F85/><W48/><G38/><T128/><D128/><U134/><E134/><V130/><F130/><W16/><G16/><N who="0" m="12583" /><D87/><U115/><E115/><V57/><F13/><W7/><G7/><T30/><D30/><N who="2" m="11882" /><F17/><W5/><G5/><T105/><D105/><U122/><E122/><V117/><F117/><N who="1" m="29953" /><U3/><DORA hai="70" /><E3/><V36/><F36/><W44/><G96/><T27/><D27/><U35/><E35/><RYUUKYOKU ba="1,0" sc="376,10,250,10,124,10,250,-30" hai0="47,51,54,62,63,77,79,94,98,102" hai1="55,56,72,76,80,89,91" hai2="43,50,57,59,78,83,84,100,101,103" /><INIT seed="0,2,0,2,3,80" ten="386,260,134,220" oya="0" hai0="94,18,2,83,127,107,9,14,131,1,63,125,121" hai1="105,135,27,3,90,106,86,4,109,74,120,124,53" hai2="93,73,134,65,76,59,10,75,123,52,49,16,129" hai3="22,115,96,32,17,113,5,34,132,102,38,30,111"/><T126/><D107/><U0/><E74/><V64/><F123/><W114/><G38/><T85/><D121/><U7/><E120/><V43/><F134/><W98/><G132/><T133/><D131/><U57/><E135/><V61/><F129/><W47/><G111/><T44/><D94/><U41/><E41/><V29/><F29/><W100/><G5/><T72/><D72/><U97/><E109/><V130/><F130/><W71/><G71/><T24/><D24/><U118/><E118/><V101/><F75/><W6/><G6/><T87/><D63/><U31/><E124/><V89/><F101/><W33/><G47/><T45/><D85/><U81/><E7/><V51/><F76/><W128/><G30/><T58/><D58/><U103/><E4/><V66/><F43/><W25/><REACH who="3" step="1"/><G128/><REACH who="3" ten="386,260,134,210" step="2"/><T84/><D133/><U70/><E70/><V21/><F10/><W112/><N who="3" m="28672" /><DORA hai="50" /><W8/><G8/><T82/><D45/><U15/><E0/><V79/><F79/><W42/><G42/><T55/><D44/><U36/><E3/><V19/><F73/><W92/><G92/><T91/><D2/><U95/><E36/><V119/><F119/><W48/><G48/><N who="2" m="18505" /><F21/><W62/><G62/><T99/><D1/><U69/><E69/><V12/><F12/><W60/><G60/><T13/><D13/><U40/><E15/><V11/><F11/><W56/><G56/><T122/><D122/><U46/><E46/><V35/><F35/><W54/><G54/><T26/><D125/><U28/><E40/><V110/><F110/><W116/><G116/><RYUUKYOKU ba="2,1" sc="386,-15,260,-15,134,15,210,15" hai2="16,19,52,59,61,64,65,66,89,93" hai3="17,22,25,32,33,34,96,98,100,102" /><INIT seed="1,3,1,3,5,99" ten="371,245,149,225" oya="1" hai0="109,96,127,33,0,102,119,49,72,5,19,94,12" hai1="51,59,41,114,60,45,82,36,8,105,54,10,7" hai2="32,123,101,24,1,16,128,124,86,77,133,40,37" hai3="92,4,44,104,53,90,118,107,23,69,117,110,132"/><U120/><E114/><V130/><F1/><W83/><G69/><T95/><D109/><U62/><E120/><V64/><F123/><W74/><G4/><T65/><D72/><U134/><E134/><V3/><F3/><W61/><G23/><T66/><D33/><U13/><E105/><V112/><F64/><W84/><G61/><T78/><D78/><U58/><E82/><V93/><F112/><W108/><G53/><T88/><D5/><U116/><E116/><N who="3" m="44650" /><G44/><T48/><D127/><U68/><E68/><V75/><F124/><W135/><G104/><T111/><D111/><N who="3" m="42537" /><G107/><T21/><D0/><U28/><E28/><V29/><F40/><W42/><G42/><T121/><D121/><U113/><E113/><V31/><F37/><W73/><G74/><T39/><D39/><U85/><E58/><V43/><F43/><W115/><G115/><T129/><D119/><U98/><E10/><V131/><F75/><W55/><G55/><T14/><D65/><U126/><E126/><V50/><F50/><W47/><G47/><T81/><D66/><U57/><E57/><V25/><F32/><W67/><G67/><T71/><D71/><U18/><E60/><V6/><F6/><W22/><G22/><T35/><D35/><U122/><E36/><V97/><F31/><W125/><G125/><T63/><D21/><U20/><E122/><V2/><F2/><W91/><G73/><T38/><D63/><U15/><E85/><AGARI ba="3,1" hai="83,84,85,90,91,92,132,135" m="42537,44650" machi="85" ten="40,8000,1" yaku="12,1,14,1,34,2" doraHai="99" who="3" fromWho="1" sc="371,0,245,-89,149,0,225,99" /><INIT seed="2,0,0,1,0,22" ten="371,156,149,324" oya="2" hai0="24,10,37,105,78,97,124,84,118,115,19,87,69" hai1="131,108,132,100,96,107,119,62,39,25,88,5,61" hai2="12,120,101,129,29,58,81,47,74,85,45,103,50" hai3="2,121,63,7,109,38,35,104,31,95,55,98,83"/><V17/><F120/><W56/><G121/><T48/><D37/><U130/><E119/><V34/><F74/><W91/><G109/><T110/><D69/><U23/><E39/><V20/><F129/><N who="1" m="49161" /><E108/><V3/><F3/><W36/><G104/><T93/><D105/><U66/><E132/><V125/><F125/><W18/><G2/><T112/><D118/><U11/><E66/><V53/><F34/><W134/><G7/><T65/><D65/><U76/><E76/><V90/><F29/><W33/><G33/><T135/><D135/><U26/><E88/><V52/><REACH who="2" step="1"/><F45/><REACH who="2" ten="371,156,139,324" step="2"/><W13/><G134/><T68/><D124/><U6/><E6/><V123/><F123/><W114/><G35/><T99/><D110/><U80/><E80/><V79/><F79/><W128/><G128/><T51/><D78/><U1/><E25/><V4/><F4/><W117/><G117/><T116/><D24/><U40/><E40/><V126/><F126/><W71/><G83/><T67/><D116/><U106/><E106/><V15/><F15/><W75/><G13/><T113/><D112/><U41/><E41/><V64/><F64/><W32/><G114/><T94/><D67/><U42/><E42/><V27/><F27/><W57/><G75/><T59/><D113/><U8/><E8/><V54/><F54/><W9/><G55/><T127/><D10/><U14/><E1/><V77/><F77/><W133/><G9/><T30/><D115/><U70/><E70/><V49/><AGARI ba="0,1" hai="12,17,20,47,49,50,52,53,58,81,85,90,101,103" machi="49" ten="20,12000,1" yaku="1,1,0,1,7,1,8,1,54,1,53,0" doraHai="22" doraHaiUra="102" who="2" fromWho="2" sc="371,-40,156,-40,139,130,324,-40" /><INIT seed="2,1,0,3,4,106" ten="331,116,269,284" oya="2" hai0="64,94,29,49,43,123,91,66,100,107,41,96,120" hai1="74,16,105,97,12,87,65,68,57,10,73,101,0" hai2="46,51,112,126,31,28,56,92,114,71,95,6,1" hai3="27,3,132,60,115,17,116,128,5,75,52,84,77"/><V38/><F71/><W133/><G116/><T121/><D29/><U134/><E134/><N who="3" m="51818" /><G128/><T42/><D49/><U20/><E68/><V13/><F1/><W63/><G115/><T54/><D54/><U122/><E122/><V50/><F38/><W59/><G5/><T8/><D8/><U7/><REACH who="1" step="1"/><E87/><REACH who="1" ten="331,106,269,284" step="2"/><V61/><F114/><W125/><G84/><T118/><D120/><U131/><E131/><V102/><F112/><W67/><G125/><T34/><D121/><U81/><E81/><V117/><F126/><W108/><G108/><T99/><D123/><U85/><E85/><V23/><F117/><W62/><G3/><T93/><D118/><U32/><E32/><V36/><F102/><W76/><G67/><T103/><D34/><U78/><E78/><V110/><F110/><W48/><G75/><T21/><D66/><U19/><E19/><V109/><F109/><W4/><G4/><T47/><D64/><U135/><E135/><V24/><F6/><W89/><G89/><T53/><D91/><U15/><E15/><V35/><F13/><W37/><G77/><T104/><D100/><U45/><E45/><V58/><F46/><W80/><G76/><T26/><D103/><U83/><E83/><V18/><F35/><W79/><G80/><T111/><D47/><U30/><E30/><V130/><F130/><W25/><G79/><T33/><D33/><U98/><E98/><V72/><F72/><W55/><G17/><T9/><D99/><U88/><E88/><V69/><F18/><W11/><G25/><T90/><D111/><U127/><E127/><RYUUKYOKU ba="1,1" sc="331,-10,106,30,269,-10,284,-10" hai1="0,7,10,12,16,20,57,65,73,74,97,101,105" /><INIT seed="3,2,1,2,1,50" ten="321,136,259,274" oya="3" hai0="47,109,90,0,116,15,21,117,24,130,61,78,46" hai1="67,86,16,53,104,97,115,1,84,7,20,127,26" hai2="63,131,43,135,55,3,113,6,126,5,88,128,40" hai3="10,17,123,87,31,44,81,45,111,66,129,95,94"/><W93/><G123/><T49/><D0/><U79/><E115/><V103/><F103/><W33/><G129/><N who="2" m="49737" /><F113/><W134/><G134/><T99/><D109/><U36/><E36/><V112/><F112/><W32/><G111/><T125/><D125/><U2/><E127/><V30/><F30/><W25/><G33/><T132/><D15/><U14/><E67/><V54/><F126/><W105/><G105/><T59/><D78/><U68/><E68/><V80/><F63/><W9/><G66/><T23/><D23/><U22/><E104/><V82/><F135/><W77/><REACH who="3" step="1"/><G17/><REACH who="3" ten="321,136,259,264" step="2"/><T34/><D34/><U119/><E119/><V42/><F6/><W38/><G38/><T72/><D132/><U11/><E7/><V62/><F5/><W29/><G29/><T48/><D130/><U8/><E16/><V41/><F3/><W76/><G76/><T106/><D106/><U98/><E79/><V118/><F118/><W83/><G83/><T133/><D133/><U101/><E1/><V56/><N who="2" m="10240" /><DORA hai="124" /><V60/><F88/><W108/><G108/><T39/><D116/><U28/><E2/><V75/><F75/><W57/><G57/><AGARI ba="2,2" hai="54,55,56,57,60,62,80,82" m="10240,49737" machi="57" ten="50,12000,2" yaku="19,1,52,5" doraHai="50,124" who="2" fromWho="3" sc="321,0,136,0,259,146,264,-126" /><INIT seed="4,0,0,5,4,89" ten="321,136,405,138" oya="0" hai0="109,101,48,115,55,37,96,53,16,14,17,40,3" hai1="125,32,130,68,19,12,122,86,39,113,134,110,60" hai2="126,123,118,90,135,131,7,105,91,117,72,34,104" hai3="29,6,99,71,58,107,13,78,41,112,124,46,18"/><T15/><D3/><U23/><RYUUKYOKU type="yao9" ba="0,0" sc="321,0,136,0,405,0,138,0" hai1="12,19,23,32,39,60,68,86,110,113,122,125,130,134" /><INIT seed="4,1,0,1,1,27" ten="321,136,405,138" oya="0" hai0="40,43,93,81,115,49,89,73,133,72,110,109,29" hai1="98,4,31,0,19,77,16,95,108,75,78,38,104" hai2="84,124,57,74,12,64,36,103,25,119,2,33,68" hai3="122,130,107,7,20,65,79,8,54,101,52,3,45"/><T50/><D133/><U71/><E71/><V34/><F74/><W85/><G130/><T86/><D115/><U5/><E104/><V80/><F2/><W127/><G127/><T100/><D73/><U56/><E38/><V11/><F36/><W15/><G122/><T105/><D29/><U88/><E108/><V111/><F68/><W70/><G107/><T126/><D126/><U63/><E0/><V91/><F111/><N who="0" m="42506" /><D49/><U87/><E75/><V114/><F114/><W117/><G101/><T24/><D24/><U1/><E31/><V48/><F119/><W106/><G106/><T60/><D60/><U22/><E19/><V44/><F124/><W46/><G117/><T94/><D94/><U69/><E69/><V134/><F134/><W128/><G128/><T112/><D50/><U92/><E78/><V18/><F103/><W9/><G79/><N who="0" m="44263" /><D112/><U123/><E1/><V26/><F34/><W61/><G45/><T17/><D17/><U6/><E77/><V113/><F33/><W121/><G46/><T96/><AGARI ba="1,0" hai="40,43,86,89,93,96,100,105" m="44263,42506" machi="96" ten="30,3000,0" yaku="24,1,10,1" doraHai="27" who="0" fromWho="0" sc="321,33,136,-11,405,-11,138,-11" /><INIT seed="4,2,0,3,0,123" ten="354,125,394,127" oya="0" hai0="92,76,107,103,102,3,72,32,114,110,108,63,65" hai1="33,34,84,28,60,37,106,94,49,87,64,128,119" hai2="111,10,133,20,66,126,24,48,127,80,9,134,99" hai3="50,70,101,44,129,121,100,55,77,51,4,105,18"/><T54/><D3/><U97/><E37/><V12/><F66/><W8/><G70/><T52/><D32/><U135/><E119/><V120/><F120/><W130/><G121/><T116/><D107/><U96/><E128/><N who="3" m="49258" /><G105/><T41/><D41/><U45/><E135/><N who="2" m="51723" /><F99/><W73/><G18/><T19/><D76/><U13/><E13/><V26/><F80/><N who="3" m="45103" /><G50/><T98/><D72/><U122/><E49/><V85/><F85/><W11/><G11/><N who="2" m="4105" /><F48/><W40/><G40/><T21/><D103/><U25/><E106/><V86/><F86/><W36/><G36/><T27/><D114/><U117/><E87/><V61/><F61/><W109/><G109/><N who="0" m="42091" /><D116/><U56/><E117/><V104/><F104/><W43/><G43/><T79/><D79/><U82/><E122/><V6/><F111/><W71/><G71/><AGARI ba="2,0" hai="19,21,27,52,54,63,65,71,92,98,102" m="42091" machi="71" ten="30,12000,1" yaku="10,1,52,3,54,1" doraHai="123" who="0" fromWho="3" sc="354,126,125,0,394,0,127,-126" /><INIT seed="4,3,0,3,1,29" ten="480,125,394,1" oya="0" hai0="98,135,67,2,57,87,25,27,50,123,95,133,122" hai1="85,96,112,19,113,58,117,40,13,43,65,74,126" hai2="84,86,64,105,120,24,107,101,49,127,42,17,0" hai3="72,110,81,36,109,35,34,71,9,100,53,23,30"/><T115/><D87/><U89/><E74/><V114/><F0/><W4/><G53/><T69/><D2/><U116/><E96/><V99/><F120/><W38/><G100/><T119/><D69/><U7/><E7/><V61/><F107/><W16/><G71/><T56/><D115/><N who="1" m="44107" /><E126/><V62/><F114/><W33/><G38/><T59/><D50/><U80/><E65/><V125/><F62/><W73/><G36/><T12/><D12/><U54/><E117/><V21/><F49/><W91/><G91/><T8/><D8/><N who="1" m="6567" /><E116/><V18/><F42/><W51/><G51/><AGARI ba="3,0" hai="40,43,51,54,58,80,85,89" m="6567,44107" machi="51" ten="30,2000,0" yaku="15,1,11,1" doraHai="29" who="1" fromWho="3" sc="480,0,125,29,394,0,1,-29" owari="480,58.0,154,-24.6,394,19.4,-28,-52.8" /></mjloggm>