<mjloggm ver="2.3"><GO type="169" lobby="0"/><UN n0="%E8%B5%A4%E7%BE%8E%E6%BF%83%E3%81%BE%E3%81%90%E3%82%8D" n1="%68%69%73%61%74%6F%E6%A3%92" n2="%52%65%61%6C%58" n3="%E6%B3%A2%E4%B9%83%E7%90%86" dan="17,16,16,16" rate="2197.59,2117.68,2165.15,2117.70" sx="M,M,F,M"/><TAIKYOKU oya="0"/><INIT seed="0,0,0,0,0,124" ten="250,250,250,250" oya="0" hai0="117,105,10,17,98,128,60,80,44,55,125,110,84" hai1="52,116,50,106,2,87,71,115,42,120,89,119,23" hai2="76,135,123,126,104,0,1,127,58,64,112,61,34" hai3="28,37,49,35,90,7,103,81,92,40,33,99,38"/><T18/><D117/><U114/><E106/><V133/><F104/><W54/><G7/><T78/><D125/><N who="2" m="47626" /><F76/><W88/><G28/><T15/><D110/><U111/><E2/><N who="2" m="1131" /><F34/><W67/><G67/><T59/><D105/><U29/><E71/><V11/><F11/><W93/><G40/><T132/><D132/><N who="2" m="50762" /><F123/><W101/><G35/><T24/><D98/><U25/><E42/><V16/><F112/><N who="1" m="43049" /><E111/><V118/><F118/><W56/><G33/><T47/><D10/><U27/><E120/><V86/><F86/><W96/><REACH who="3" step="1"/><G81/><REACH who="3" ten="250,250,250,240" step="2"/><T131/><D80/><U79/><E116/><V107/><F107/><W53/><G53/><T51/><D55/><U83/><E119/><V32/><F32/><W26/><G26/><T85/><D24/><N who="1" m="16543" /><E79/><V9/><F9/><W134/><G134/><T72/><D78/><U13/><E13/><V48/><F48/><W8/><G8/><T57/><D51/><U12/><E12/><V75/><F75/><W129/><G129/><T39/><D15/><U95/><E83/><V5/><F5/><W31/><G31/><T41/><D72/><U77/><E77/><V69/><F69/><W73/><G73/><T102/><D41/><U82/><E82/><V121/><F121/><W68/><G68/><T19/><D19/><AGARI ba="0,1" hai="16,19,58,61,64" m="50762,1131,47626" machi="19" ten="40,5200,0" yaku="18,1,20,1,54,1" doraHai="124" who="2" fromWho="0" sc="250,-52,250,0,250,62,240,0" /><INIT seed="1,0,0,0,3,43" ten="198,250,312,240" oya="1" hai0="46,47,59,57,82,33,64,71,80,14,29,50,19" hai1="127,115,92,27,34,25,83,31,70,32,52,65,89" hai2="51,28,112,111,39,22,37,18,69,88,35,12,109" hai3="133,105,30,66,118,53,123,119,78,38,41,100,42"/><U107/><E83/><N who="0" m="31785" /><D71/><U5/><E5/><V20/><F69/><W56/><G123/><T124/><D33/><U73/><E73/><V26/><F112/><W93/><G105/><T122/><D124/><U126/><E107/><V96/><F51/><W97/><G133/><T103/><D122/><U130/><E130/><V44/><F35/><W90/><G78/><T61/><D29/><U86/><E115/><V72/><F72/><W13/><G66/><T114/><D114/><U11/><E11/><V95/><REACH who="2" step="1"/><F39/><REACH who="2" ten="198,250,302,240" step="2"/><W68/><G68/><T9/><D103/><U91/><E126/><V17/><F17/><W62/><G119/><T75/><D75/><U128/><E127/><V54/><F54/><AGARI ba="0,1" hai="9,14,19,46,47,50,54,57,59,61,64" m="31785" machi="54" ten="30,3900,0" yaku="8,1,52,2" doraHai="43" who="0" fromWho="2" sc="198,49,250,0,302,-39,240,0" /><INIT seed="2,0,0,5,1,73" ten="247,250,263,240" oya="2" hai0="87,43,108,24,2,11,72,76,82,1,51,113,133" hai1="77,28,58,7,36,50,122,135,57,25,55,95,65" hai2="37,80,101,84,119,121,61,18,31,32,123,106,14" hai3="40,66,86,33,74,79,98,63,29,129,48,15,46"/><V103/><F119/><W42/><G129/><T93/><D113/><U21/><E36/><V52/><F37/><W131/><G131/><T109/><D133/><U53/><E65/><V117/><F117/><W0/><G0/><T89/><D24/><U68/><E68/><V104/><F32/><W110/><G110/><N who="0" m="42603" /><D11/><U114/><E114/><V19/><F31/><W134/><G134/><T38/><D38/><U69/><E69/><V56/><F106/><W71/><G74/><T90/><D90/><U100/><E7/><V41/><F41/><W112/><G112/><T105/><D105/><U120/><E135/><V81/><F104/><W130/><G130/><T44/><AGARI ba="0,0" hai="1,2,43,44,51,72,76,82,87,89,93" m="42603" machi="44" ten="30,2000,0" yaku="14,1,52,1" doraHai="73" who="0" fromWho="0" sc="247,20,250,-5,263,-10,240,-5" /><INIT seed="3,0,0,2,1,98" ten="267,245,253,235" oya="3" hai0="20,4,35,102,11,59,123,103,83,1,75,92,99" hai1="120,101,89,24,14,131,111,76,48,44,117,61,70" hai2="82,133,116,114,39,42,94,77,90,113,25,47,58" hai3="17,51,78,29,54,41,7,2,52,26,21,100,128"/><W18/><G128/><T79/><D123/><U28/><E111/><V9/><F116/><W109/><G109/><T68/><D35/><U66/><E76/><V13/><F133/><W67/><G78/><T56/><D68/><U22/><E131/><V108/><F25/><W93/><G67/><T84/><D102/><U43/><E120/><V34/><F34/><W62/><G7/><T23/><D75/><U3/><E3/><V37/><F37/><W63/><G2/><T19/><REACH who="0" step="1"/><D23/><REACH who="0" ten="257,245,253,235" step="2"/><U126/><E101/><V104/><F108/><W55/><G63/><T50/><D50/><U8/><E117/><V97/><F104/><W74/><G62/><T0/><D0/><U118/><E118/><V65/><F113/><W130/><G130/><T49/><D49/><U119/><E119/><V85/><F114/><W112/><G112/><T110/><D110/><U27/><E126/><V16/><F58/><W73/><G73/><T122/><D122/><U5/><E22/><V132/><F132/><W80/><G74/><T96/><D96/><U15/><E28/><V32/><F32/><W127/><G127/><T57/><D57/><U88/><E61/><V40/><F65/><W31/><G51/><T87/><D87/><U71/><E66/><V91/><F42/><W64/><G41/><T72/><D72/><U45/><E48/><V121/><F121/><W106/><G64/><T125/><D125/><U12/><E43/><V53/><F53/><W107/><G29/><T134/><D134/><U105/><E70/><V6/><F90/><N who="1" m="34921" /><E71/><V33/><F33/><W38/><G21/><RYUUKYOKU ba="0,1" sc="257,15,245,-15,253,15,235,-15" hai0="1,4,11,19,20,56,59,79,83,84,92,99,103" hai2="6,9,13,16,39,40,47,77,82,85,91,94,97" /><INIT seed="4,1,1,4,2,110" ten="272,230,268,220" oya="0" hai0="113,11,60,52,63,33,121,97,80,88,84,24,32" hai1="62,102,77,56,131,120,47,50,92,53,8,103,57" hai2="64,15,127,30,82,93,40,31,20,70,12,37,23" hai3="21,5,72,28,2,44,17,79,114,69,107,132,22"/><T104/><D121/><U58/><E131/><V38/><F70/><W94/><G107/><T123/><D123/><U19/><E77/><V117/><F64/><W95/><G69/><T118/><D118/><U135/><E135/><V3/><F93/><W96/><G132/><T9/><D113/><U10/><E120/><V13/><F40/><W71/><G71/><T4/><D11/><U0/><E0/><V112/><F82/><W39/><G28/><T54/><D24/><U49/><E62/><V68/><F68/><W36/><G96/><T14/><D63/><U76/><E76/><V101/><F101/><W105/><G105/><T75/><D75/><U6/><E6/><V73/><F73/><W126/><G79/><T55/><REACH who="0" step="1"/><D60/><REACH who="0" ten="262,230,268,220" step="2"/><U125/><E10/><V86/><F112/><W119/><G72/><T65/><D65/><U34/><E8/><V7/><F117/><W29/><G119/><T43/><D43/><U81/><E53/><V134/><F134/><W41/><G114/><T26/><D26/><U128/><E128/><V59/><F3/><W91/><G2/><T115/><D115/><U25/><E25/><V116/><F116/><W122/><G41/><T67/><D67/><U78/><E49/><V89/><F89/><W87/><G122/><T85/><D85/><U46/><E50/><V100/><F86/><W1/><G87/><T83/><D83/><U27/><E81/><V42/><F42/><W98/><G1/><T133/><D133/><U99/><E78/><V130/><F130/><W18/><G39/><T45/><D45/><U51/><E47/><RYUUKYOKU ba="1,2" sc="262,30,230,-10,268,-10,220,-10" hai0="4,9,14,32,33,52,54,55,80,84,88,97,104" /><INIT seed="4,2,2,3,2,129" ten="292,220,258,210" oya="0" hai0="133,21,75,128,50,127,85,41,40,24,86,132,20" hai1="26,51,54,1,63,117,43,96,34,76,107,122,70" hai2="9,92,77,10,6,48,83,68,91,102,65,105,27" hai3="88,31,89,7,58,2,103,69,121,29,135,71,46"/><T131/><D75/><U93/><E1/><V15/><F68/><W134/><G103/><T98/><D98/><U12/><E76/><V113/><F113/><W108/><G108/><T3/><D3/><U95/><E12/><V53/><F65/><W84/><G2/><T106/><D106/><U30/><E43/><N who="0" m="16457" /><D50/><U90/><E122/><V60/><F27/><W64/><G121/><T97/><D97/><U5/><E5/><V126/><F60/><N who="3" m="37911" /><G7/><T118/><D118/><U114/><E114/><V19/><F126/><W39/><G39/><T109/><D109/><U17/><E70/><N who="3" m="26634" /><G46/><T25/><D127/><U94/><E107/><V72/><F105/><W66/><G66/><T119/><D119/><U112/><E112/><V79/><F102/><W56/><G56/><T115/><D115/><U123/><E117/><V42/><F42/><W116/><G116/><T11/><D11/><U52/><E123/><V55/><F55/><W120/><G120/><T74/><D74/><U13/><E54/><V124/><F124/><W111/><G111/><T0/><D0/><U47/><E63/><V4/><F10/><AGARI ba="2,2" hai="10,13,17,26,30,34,47,51,52,90,93,94,95,96" machi="10" ten="30,2000,0" yaku="7,1,54,1" doraHai="129" who="1" fromWho="2" sc="292,0,220,46,258,-26,210,0" /><INIT seed="5,0,0,4,5,62" ten="292,266,232,210" oya="1" hai0="40,30,44,21,124,50,28,16,23,51,83,66,33" hai1="60,116,114,93,97,49,25,2,133,104,80,122,26" hai2="100,22,127,56,91,47,117,34,113,54,55,46,17" hai3="69,13,24,10,101,65,88,71,87,32,29,84,41"/><U118/><E104/><V107/><F117/><W36/><G101/><T111/><D33/><U43/><E2/><V120/><F120/><W106/><G106/><T131/><D111/><U73/><E114/><V81/><F34/><W95/><G36/><T115/><D115/><U39/><E39/><V86/><F113/><W96/><G41/><T8/><D131/><U15/><E133/><V48/><F127/><W27/><G27/><T110/><D110/><U135/><E135/><V119/><F119/><W134/><G134/><T130/><D130/><U35/><E35/><V78/><F100/><W125/><G125/><T19/><D8/><U90/><E15/><V79/><F107/><W94/><G65/><T5/><D5/><U102/><E122/><V108/><F47/><W57/><G57/><T63/><D124/><U126/><E126/><V82/><F81/><W128/><G128/><T98/><D98/><U85/><E73/><V53/><F108/><W14/><G14/><N who="0" m="9367" /><D83/><U52/><E116/><V129/><F129/><W103/><REACH who="3" step="1"/><G84/><REACH who="3" ten="292,266,232,200" step="2"/><T59/><D51/><U74/><E118/><V9/><F56/><W42/><G42/><T61/><D63/><U3/><E74/><V1/><F48/><W6/><AGARI ba="0,1" hai="6,10,13,24,29,32,69,71,87,88,94,95,96,103" machi="6" ten="20,5200,0" yaku="1,1,0,1,7,1,54,1,53,0" doraHai="62" doraHaiUra="38" who="3" fromWho="3" sc="292,-13,266,-26,232,-13,200,62" /><INIT seed="6,0,0,2,0,86" ten="279,240,219,262" oya="2" hai0="111,106,80,68,6,85,31,122,77,63,43,1,128" hai1="66,48,10,29,7,105,42,101,16,84,17,89,92" hai2="47,20,133,60,53,135,19,32,83,8,93,33,61" hai3="73,38,113,126,15,96,27,12,118,14,107,132,127"/><V82/><F8/><W134/><G38/><T108/><D122/><U94/><E105/><V90/><F60/><W49/><G73/><N who="0" m="43055" /><D128/><U4/><E29/><V46/><F46/><W116/><G49/><T39/><D85/><U11/><E66/><V57/><F47/><W51/><G51/><T124/><D106/><U119/><E48/><V112/><F112/><W24/><G96/><T81/><D81/><U41/><E84/><V13/><F82/><W3/><G113/><T9/><D31/><U78/><E78/><V65/><F65/><W0/><G107/><T70/><D124/><U45/><E45/><V117/><F117/><W98/><G98/><T21/><D21/><U55/><E55/><V97/><REACH who="2" step="1"/><F83/><REACH who="2" ten="279,240,209,262" step="2"/><W104/><G104/><T56/><D70/><U95/><E119/><V120/><F120/><W115/><G115/><T36/><D56/><U69/><E69/><V64/><F64/><W88/><G15/><T102/><D63/><U30/><E94/><V28/><F28/><W110/><G110/><T18/><D68/><U22/><E30/><V131/><F131/><W35/><G35/><AGARI ba="0,1" hai="13,19,20,32,33,35,53,57,61,90,93,97,133,135" machi="35" ten="40,3900,0" yaku="1,1,52,1,53,0" doraHai="86" doraHaiUra="37" who="2" fromWho="3" sc="279,0,240,0,209,49,262,-39" /><INIT seed="6,1,0,3,4,83" ten="279,240,258,223" oya="2" hai0="58,37,65,112,81,6,62,22,59,120,23,18,132" hai1="34,128,30,17,87,96,78,115,104,100,10,110,86" hai2="63,51,121,108,9,106,67,57,64,116,29,95,40" hai3="25,111,55,124,101,126,70,98,27,68,54,80,113"/><V2/><F106/><W134/><G111/><T32/><D32/><U5/><E110/><V52/><F116/><W114/><G98/><T46/><D120/><U45/><E17/><V105/><F105/><W42/><G42/><T39/><D112/><N who="3" m="43113" /><G80/><T53/><D6/><U3/><E78/><V99/><F121/><W50/><G50/><T75/><D132/><U43/><E128/><V8/><F108/><W91/><G101/><T48/><D23/><U130/><E130/><V85/><F29/><W20/><G20/><T76/><D59/><U12/><E3/><V13/><F2/><W4/><G91/><T129/><D129/><U84/><E115/><V103/><F9/><W127/><G4/><T31/><D31/><U33/><REACH who="1" step="1"/><E30/><REACH who="1" ten="279,230,258,223" step="2"/><V41/><F67/><W21/><G134/><T11/><D11/><U79/><E79/><V14/><F13/><AGARI ba="1,1" hai="13,18,22,37,39,46,48,53,58,62,65,75,76,81" machi="13" ten="30,1000,0" yaku="7,1" doraHai="83" who="0" fromWho="2" sc="279,23,230,0,258,-13,223,0" /><INIT seed="7,0,0,5,1,68" ten="302,230,245,223" oya="3" hai0="46,100,37,118,18,67,27,29,0,22,56,112,50" hai1="11,41,20,23,61,124,32,75,44,115,132,110,52" hai2="126,88,25,17,97,1,135,113,117,119,48,4,13" hai3="31,30,123,96,24,127,45,5,43,3,60,109,103"/><W70/><G123/><T98/><D0/><U26/><E110/><V21/><F113/><W19/><G109/><T47/><D118/><U101/><E75/><V53/><F126/><W58/><G70/><T95/><D37/><U16/><E32/><V54/><F135/><W105/><G127/><T104/><D104/><U133/><E20/><V129/><F129/><W94/><G105/><T38/><D38/><U14/><E101/><V35/><F1/><W79/><G79/><T81/><D81/><U59/><E115/><V9/><F35/><W62/><G5/><T55/><D112/><U130/><E130/><V131/><F131/><W36/><G3/><T85/><D67/><U120/><E120/><V8/><F8/><W86/><G86/><T93/><D29/><U111/><E111/><V87/><F97/><W116/><G116/><T15/><D27/><U42/><E124/><V39/><F39/><W51/><G36/><T90/><AGARI ba="0,0" hai="15,18,22,46,47,50,55,56,85,90,93,95,98,100" machi="90" ten="30,7900,0" yaku="0,1,25,2,8,1" doraHai="68" who="0" fromWho="0" sc="302,79,230,-20,245,-20,223,-39" owari="381,48.1,210,-19.0,225,2.5,184,-31.6" /></mjloggm>