<mjloggm ver="2.3"><GO type="169" lobby="0"/><UN n0="%70%6F%6E%2D%65%6E" n1="%E3%81%BD%E3%81%A3%E3%81%91%E3%81%95%E3%82%93" n2="%E3%82%AB%E3%83%AB%E3%83%94%E3%82%B9%E3%82%B5%E3%83%AF%E3%83%BC" n3="%52%65%61%6C%58" dan="16,17,17,16" rate="2114.08,2192.98,2225.07,2181.39" sx="F,M,M,F"/><TAIKYOKU oya="0"/><INIT seed="0,0,0,0,1,13" ten="250,250,250,250" oya="0" hai0="134,19,76,108,11,111,72,16,47,86,3,56,27" hai1="61,28,38,90,74,85,82,95,44,71,12,14,37" hai2="122,91,131,24,2,87,67,123,54,10,70,99,113" hai3="55,33,32,101,116,100,59,109,75,63,1,58,129"/><T42/><D134/><U25/><E71/><V60/><F113/><W30/><G116/><T81/><D86/><U68/><E68/><V21/><F131/><W88/><G1/><T94/><D94/><U105/><E105/><V77/><F77/><W52/><G75/><T64/><D64/><U132/><E61/><V40/><F99/><W73/><G73/><T69/><D69/><U126/><E126/><V5/><F54/><W107/><G129/><T115/><D56/><U66/><E66/><V124/><F40/><W57/><G109/><N who="0" m="42059" /><D27/><U97/><E74/><V80/><REACH who="2" step="1"/><F124/><REACH who="2" ten="250,250,240,250" step="2"/><W23/><G55/><T79/><D79/><U26/><E97/><V125/><F125/><W114/><G114/><T84/><D84/><U65/><E85/><V78/><F78/><W102/><G107/><T4/><D115/><U135/><E132/><V41/><F41/><W43/><G43/><T53/><D53/><U120/><E135/><V133/><F133/><W112/><G112/><T62/><D62/><U106/><E65/><V6/><F6/><W18/><G63/><T92/><D92/><U15/><E95/><V0/><F0/><W104/><G104/><T103/><D103/><U34/><E106/><V93/><F93/><W119/><G52/><T9/><D9/><U31/><E82/><V36/><F36/><AGARI ba="0,1" hai="3,4,11,16,19,36,42,47,72,76,81" m="42059" machi="36" ten="30,18000,2" yaku="25,1,14,1,10,1,52,2,54,1" doraHai="13" who="0" fromWho="2" sc="250,190,250,0,240,-180,250,0" /><INIT seed="0,1,0,5,5,81" ten="440,250,60,250" oya="0" hai0="24,83,41,129,95,93,84,16,77,122,105,79,73" hai1="17,116,107,28,38,103,67,25,55,31,100,68,27" hai2="125,119,124,71,113,134,6,59,97,121,13,7,118" hai3="39,74,61,18,23,110,8,78,104,102,70,131,66"/><T135/><D122/><U9/><E38/><V53/><F71/><W91/><G110/><T47/><D105/><U1/><E116/><N who="2" m="44587" /><F121/><W14/><G131/><T94/><D129/><U82/><E68/><V98/><F113/><W2/><G39/><T33/><D135/><U126/><E67/><V51/><F134/><W130/><G130/><T90/><D79/><U54/><E1/><V0/><F0/><W86/><G78/><T64/><D64/><U22/><E9/><N who="2" m="4279" /><F7/><W63/><G74/><T26/><D33/><U60/><E107/><V34/><F34/><W3/><G8/><T75/><D75/><U35/><E17/><V62/><F62/><W112/><G63/><T114/><D114/><U29/><E29/><V127/><AGARI ba="1,0" hai="51,53,59,97,98,124,125,127" m="4279,44587" machi="127" ten="40,2700,0" yaku="18,1,12,1" doraHai="81" who="2" fromWho="2" sc="440,-14,250,-8,60,30,250,-8" /><INIT seed="1,0,0,0,0,117" ten="426,242,90,242" oya="1" hai0="67,55,46,90,12,75,104,86,120,40,49,21,121" hai1="25,88,68,105,116,97,22,38,110,16,58,65,60" hai2="33,89,126,11,18,101,29,80,15,106,51,66,5" hai3="7,93,95,26,83,27,10,32,48,85,14,100,63"/><U96/><E116/><V107/><F126/><W113/><G113/><T112/><D75/><U131/><E38/><V42/><F66/><W133/><G133/><T84/><D112/><U102/><E131/><V24/><F101/><W9/><G32/><T71/><D104/><U4/><E4/><V98/><F42/><W81/><G63/><T70/><D67/><U129/><E129/><V111/><F111/><W124/><G124/><T62/><D62/><U99/><E110/><V44/><F5/><W74/><G74/><T108/><D108/><U59/><REACH who="1" step="1"/><E99/><REACH who="1" ten="426,232,90,242" step="2"/><V37/><F37/><W128/><G128/><T115/><D115/><U132/><E132/><V64/><F98/><W20/><G7/><T41/><D71/><U2/><E2/><V73/><F64/><W23/><G9/><T92/><D70/><U36/><E36/><V94/><F11/><W78/><G10/><T19/><REACH who="0" step="1"/><D84/><REACH who="0" ten="416,232,90,242" step="2"/><U122/><E122/><AGARI ba="0,2" hai="12,19,21,40,41,46,49,55,86,90,92,120,121,122" machi="122" ten="40,16000,3" yaku="1,1,2,1,13,1,52,3,53,2" doraHai="117" doraHaiUra="39" who="0" fromWho="1" sc="416,180,232,-160,90,0,242,0" /><INIT seed="2,0,0,0,1,108" ten="596,72,90,242" oya="2" hai0="102,58,61,135,84,97,72,116,70,86,62,110,67" hai1="76,89,16,65,109,103,82,32,79,119,27,64,42" hai2="9,41,21,49,125,26,131,90,20,35,123,56,129" hai3="96,0,17,39,11,122,104,126,124,29,46,18,68"/><V100/><F123/><W40/><G122/><T24/><D110/><U48/><E109/><V55/><F125/><W33/><G68/><T3/><D72/><U98/><E119/><V30/><F100/><N who="3" m="62471" /><G18/><T99/><D3/><U106/><E89/><V74/><F74/><W45/><G45/><T78/><D135/><U60/><E65/><V13/><F41/><W75/><G17/><T34/><D116/><U15/><E48/><V4/><REACH who="2" step="1"/><F90/><REACH who="2" ten="596,72,80,242" step="2"/><W38/><G75/><T50/><D102/><U95/><E42/><V80/><F80/><W52/><G40/><T81/><D78/><U134/><E134/><V92/><F92/><W1/><G126/><T83/><D83/><U113/><E95/><V120/><F120/><W14/><G124/><T111/><D81/><U127/><E127/><V69/><F69/><W132/><G132/><T54/><D70/><U71/><E82/><V37/><F37/><W66/><G39/><T36/><D111/><U87/><E87/><V105/><F105/><W43/><G43/><T121/><D86/><U47/><E79/><V118/><F118/><W115/><G38/><T7/><D84/><U12/><E76/><V2/><F2/><W133/><G0/><T88/><D88/><U5/><E106/><V114/><F114/><W128/><G115/><T44/><D36/><U28/><E113/><V112/><F112/><W31/><G1/><T85/><D85/><U10/><E103/><V63/><F63/><W94/><G94/><T19/><D62/><U23/><E98/><V22/><AGARI ba="0,1" hai="4,9,13,20,21,22,26,30,35,49,55,56,129,131" machi="22" ten="30,6000,0" yaku="1,1,0,1,53,1" doraHai="108" doraHaiUra="8" who="2" fromWho="2" sc="596,-20,72,-20,80,70,242,-20" /><INIT seed="2,1,0,2,1,59" ten="576,52,150,222" oya="2" hai0="115,84,121,68,5,87,0,13,41,123,105,62,135" hai1="132,97,38,75,32,92,133,4,50,102,85,129,113" hai2="28,17,89,82,33,103,80,25,72,107,70,12,130" hai3="51,76,6,1,78,37,127,27,46,90,23,52,94"/><V40/><F130/><W83/><G127/><T124/><D105/><U65/><E38/><V47/><F70/><W18/><G37/><T131/><D0/><U36/><E36/><V98/><F89/><W69/><G69/><T26/><D26/><U71/><E75/><V45/><F72/><W104/><G104/><T111/><D13/><U3/><E113/><V126/><F126/><W42/><G83/><T54/><D54/><U99/><E32/><V81/><REACH who="2" step="1"/><F40/><REACH who="2" ten="576,52,140,222" step="2"/><W9/><REACH who="3" step="1"/><G42/><REACH who="3" ten="576,52,140,212" step="2"/><T63/><D41/><U79/><E129/><V31/><F31/><W134/><G134/><T125/><D68/><U8/><E132/><V19/><F19/><W106/><G106/><T55/><D131/><U100/><E133/><V44/><F44/><W16/><G16/><T73/><D135/><U119/><E71/><V7/><F7/><W56/><G56/><T10/><D5/><U110/><E4/><V122/><F122/><W112/><G112/><T49/><D115/><U88/><E102/><V108/><F108/><W74/><G74/><T96/><D73/><U30/><E100/><V58/><F58/><W61/><G61/><T77/><D111/><U53/><E110/><V116/><F116/><W20/><G20/><AGARI ba="1,2" hai="12,17,20,25,28,33,45,47,80,81,82,98,103,107" machi="20" ten="40,2000,0" yaku="1,1,53,0" doraHai="59" doraHaiUra="128" who="2" fromWho="3" sc="576,0,52,0,140,43,212,-23" /><INIT seed="2,2,0,1,3,102" ten="576,52,183,189" oya="2" hai0="43,14,60,128,133,91,25,26,90,99,15,22,23" hai1="28,100,49,113,0,3,124,18,35,36,41,34,2" hai2="98,63,16,86,10,30,8,117,42,130,115,74,120" hai3="92,31,111,38,126,44,5,27,52,57,56,61,24"/><V20/><F115/><W134/><G111/><T29/><D128/><U103/><E36/><V79/><F120/><W71/><G134/><T112/><D133/><U84/><E113/><V19/><F117/><W58/><G126/><T101/><D43/><U122/><E124/><V123/><F123/><W104/><G104/><T81/><D60/><U47/><E122/><V107/><F74/><W132/><G132/><T76/><D14/><U69/><E69/><V37/><F130/><W11/><G71/><T118/><D15/><U4/><E4/><V72/><F72/><W97/><G38/><T1/><D1/><U17/><E84/><V106/><F30/><W108/><G108/><T119/><D112/><U83/><E83/><V7/><F63/><W9/><G44/><T94/><D119/><U80/><E80/><V135/><F135/><W109/><G109/><T66/><D66/><U53/><E41/><V54/><F54/><W88/><G27/><T13/><D13/><U73/><E73/><V75/><F86/><W48/><G5/><T114/><D114/><U50/><E28/><V40/><F98/><W82/><G82/><T6/><D6/><U46/><REACH who="1" step="1"/><E3/><REACH who="1" ten="576,42,183,189" step="2"/><N who="2" m="127" /><F40/><W32/><G57/><T121/><D121/><U125/><E125/><V96/><F42/><W70/><G70/><T105/><D118/><U67/><E67/><AGARI ba="2,1" hai="9,11,24,31,32,48,52,56,58,61,67,88,92,97" machi="67" ten="30,3900,0" yaku="7,1,54,2" doraHai="102" who="3" fromWho="1" sc="576,0,42,-45,183,0,189,55" owari="576,67.6,-3,-50.3,183,-21.7,244,4.4" /></mjloggm>