<mjloggm ver="2.3"><GO type="169" lobby="0"/><UN n0="%E3%82%84%E3%81%BE%E6%82%A0%59%59%59%59" n1="%E6%8E%A2%39" n2="%E3%81%B5%E3%82%8D%E3%82%93" n3="%6F%69%6E%61%72%69%6E%67" dan="17,17,17,16" rate="2218.08,2157.60,2224.14,2082.49" sx="M,M,M,M"/><TAIKYOKU oya="0"/><INIT seed="0,0,0,4,1,66" ten="250,250,250,250" oya="0" hai0="31,83,8,14,98,56,58,71,96,35,61,42,105" hai1="120,122,130,128,41,100,54,87,118,115,114,107,133" hai2="17,70,47,88,43,119,64,91,104,92,81,55,25" hai3="74,3,29,125,37,12,80,111,103,23,109,68,110"/><T124/><D124/><U132/><E41/><V36/><F104/><W95/><G3/><T33/><D42/><U53/><E87/><V126/><F126/><W75/><G125/><T106/><D83/><U57/><E100/><V60/><F119/><W13/><G37/><T7/><D96/><U1/><E1/><V48/><F81/><W99/><G68/><T18/><D18/><U38/><E107/><V10/><F92/><W76/><REACH who="3" step="1"/><G75/><REACH who="3" ten="250,250,250,240" step="2"/><T22/><D71/><U34/><E38/><V84/><F84/><W59/><G59/><T24/><D56/><U19/><E57/><N who="2" m="32999" /><F25/><AGARI ba="0,1" hai="12,13,23,25,29,74,76,80,95,99,103,109,110,111" machi="25" ten="40,8000,1" yaku="1,1,14,1,53,3" doraHai="66" doraHaiUra="123" who="3" fromWho="2" sc="250,0,250,0,250,-80,240,90" /><INIT seed="1,0,0,0,3,135" ten="250,250,170,330" oya="1" hai0="93,83,28,9,120,105,128,84,0,23,4,31,26" hai1="69,126,1,131,41,80,115,6,129,71,52,96,2" hai2="101,66,74,81,75,64,67,97,40,87,30,82,24" hai3="22,116,85,42,78,14,7,65,61,127,114,73,104"/><U119/><E115/><V88/><F40/><W19/><G114/><T91/><D128/><N who="1" m="49227" /><E119/><V34/><REACH who="2" step="1"/><F81/><REACH who="2" ten="250,250,160,330" step="2"/><W92/><G42/><T99/><D120/><U112/><E41/><V17/><F17/><W122/><G19/><T117/><D117/><U43/><E43/><V86/><F86/><W125/><G85/><T106/><REACH who="0" step="1"/><D31/><REACH who="0" ten="240,250,160,330" step="2"/><U130/><E130/><V70/><F70/><W32/><G116/><T39/><D39/><U103/><E69/><V54/><F54/><W79/><G122/><T63/><D63/><U8/><E71/><V118/><F118/><W68/><G61/><T35/><D35/><U50/><E112/><V109/><F109/><W45/><G32/><T47/><D47/><U38/><E38/><V134/><F134/><W12/><G45/><T95/><D95/><AGARI ba="0,2" hai="24,30,34,64,66,67,74,75,82,87,88,95,97,101" machi="95" ten="40,2600,0" yaku="1,1,54,1,53,0" doraHai="135" doraHaiUra="113" who="2" fromWho="0" sc="240,-26,250,0,160,46,330,0" /><INIT seed="2,0,0,2,0,125" ten="214,250,206,330" oya="2" hai0="95,7,86,123,128,24,4,57,34,120,40,96,52" hai1="106,30,32,53,61,77,117,91,5,17,89,85,33" hai2="101,70,27,3,82,36,119,66,11,99,134,43,92" hai3="35,68,47,79,105,46,23,73,63,110,122,22,31"/><V131/><F119/><W116/><G116/><T51/><D40/><U100/><E5/><V127/><F127/><W0/><G0/><T39/><D39/><U59/><E77/><V49/><F49/><W113/><G79/><T111/><D111/><U132/><E132/><V54/><F54/><W69/><G31/><T87/><D120/><U10/><E30/><V75/><F134/><W104/><G110/><T81/><D123/><U14/><E91/><V50/><F50/><W118/><G122/><T25/><D34/><U13/><E13/><V41/><F27/><N who="0" m="10314" /><D128/><U90/><E90/><V72/><F43/><W9/><G118/><T44/><D44/><U55/><E117/><V8/><F8/><W98/><G113/><T21/><D21/><U102/><E55/><V107/><F92/><W15/><G15/><T58/><D58/><U129/><E129/><V48/><F48/><W2/><G73/><T135/><D135/><U130/><E130/><V12/><F131/><W126/><G126/><T60/><D51/><U121/><E121/><V67/><F3/><W71/><G71/><T19/><D19/><U62/><E62/><N who="2" m="40279" /><F67/><W16/><G63/><T112/><D112/><U76/><E76/><N who="2" m="44295" /><F75/><W37/><G37/><T97/><D81/><N who="1" m="49327" /><E106/><V64/><F64/><W42/><G42/><T108/><D95/><U109/><E109/><V20/><F20/><W65/><G23/><T29/><D108/><U80/><E80/><V78/><F78/><W38/><G22/><T115/><D115/><U83/><E83/><V26/><F41/><W103/><G38/><T133/><D133/><RYUUKYOKU ba="0,0" sc="214,-10,250,30,206,-10,330,-10" hai1="10,14,17,32,33,53,59,61,100,102" /><INIT seed="3,1,0,2,4,114" ten="204,280,196,320" oya="3" hai0="81,30,23,82,103,5,134,130,36,120,4,55,0" hai1="65,72,16,31,100,87,40,3,71,91,127,88,102" hai2="70,24,73,119,8,106,64,74,111,125,118,53,89" hai3="43,132,9,117,122,14,77,110,42,6,25,19,47"/><W76/><G122/><T67/><D120/><U113/><E72/><N who="2" m="27755" /><F53/><W28/><G132/><T60/><D36/><U95/><E3/><V54/><F54/><W44/><G110/><T63/><D134/><U104/><E127/><V59/><F59/><W128/><G128/><T135/><D130/><U15/><E104/><V94/><F8/><W22/><G117/><N who="2" m="44553" /><F24/><W79/><REACH who="3" step="1"/><G28/><REACH who="3" ten="204,280,196,310" step="2"/><T29/><D135/><U41/><E31/><V2/><F111/><W80/><G80/><T33/><D81/><U133/><E133/><V85/><F125/><W78/><N who="3" m="19456" /><DORA hai="11" /><W34/><G34/><T10/><D33/><U26/><E113/><V68/><F68/><W107/><G107/><T112/><D30/><U131/><E131/><V13/><F70/><W49/><G49/><T35/><D35/><U52/><E71/><V57/><F106/><W99/><G99/><T46/><D112/><U58/><E95/><V90/><F94/><W20/><G20/><T45/><D23/><U124/><E124/><V48/><F48/><W21/><G21/><T38/><D29/><U126/><E126/><V7/><F85/><W123/><G123/><T66/><D38/><U12/><E87/><V101/><F90/><W83/><G83/><T93/><D82/><U17/><E88/><V18/><F89/><W96/><G96/><T69/><D93/><U109/><E91/><V1/><F101/><W27/><G27/><T116/><D103/><U105/><E26/><V92/><F92/><W61/><G61/><T84/><D116/><U51/><E102/><V129/><F129/><W39/><G39/><RYUUKYOKU ba="1,1" sc="204,-10,280,-10,196,-10,310,30" hai3="6,9,14,19,22,25,42,43,44,47" /><INIT seed="3,2,1,4,1,10" ten="194,270,186,340" oya="3" hai0="129,133,51,61,16,49,131,110,47,31,79,2,102" hai1="92,57,8,9,50,78,98,26,118,111,122,14,60" hai2="37,90,30,82,53,87,71,42,28,75,91,40,11" hai3="81,83,100,88,48,41,97,63,56,13,44,134,121"/><W135/><G121/><T132/><D2/><U4/><E122/><V113/><F113/><W119/><G119/><T25/><D79/><U64/><E111/><V120/><F71/><W73/><G73/><T55/><D110/><U105/><E118/><V34/><F75/><W23/><G134/><N who="0" m="51819" /><D102/><U76/><E105/><V20/><F34/><W6/><G135/><T114/><D114/><U12/><E50/><V54/><F37/><W24/><G100/><T85/><D85/><U19/><E26/><N who="2" m="16455" /><F30/><W89/><G81/><T45/><D61/><U109/><E109/><V18/><F120/><W116/><G116/><T104/><D104/><U130/><E130/><N who="0" m="49673" /><D16/><U72/><E72/><V70/><F91/><AGARI ba="2,1" hai="4,8,9,12,14,19,57,60,64,76,78,91,92,98" machi="91" ten="30,7700,0" yaku="7,1,8,1,52,2" doraHai="10" who="1" fromWho="2" sc="194,0,270,93,186,-83,340,0" /><INIT seed="4,0,0,1,2,38" ten="194,363,103,340" oya="0" hai0="54,133,44,23,97,122,1,42,69,12,63,0,46" hai1="22,25,129,36,116,119,4,10,86,68,90,64,123" hai2="40,66,34,14,79,121,53,39,50,108,47,27,92" hai3="110,83,107,91,71,58,55,111,127,106,15,5,57"/><T56/><D133/><U94/><E123/><V126/><F108/><N who="3" m="41515" /><G83/><T78/><D122/><U125/><E129/><V6/><F121/><W20/><G20/><T2/><D78/><U131/><E125/><V30/><F126/><W18/><G18/><T84/><D84/><U135/><E131/><V112/><F112/><W96/><G15/><T32/><D32/><U7/><E36/><V43/><F79/><W113/><G5/><T65/><D97/><U24/><E135/><V134/><F134/><W104/><G96/><T28/><D12/><U61/><E24/><V37/><F66/><W81/><G81/><T51/><D46/><U100/><E100/><V117/><F117/><W17/><G17/><T31/><REACH who="0" step="1"/><D23/><REACH who="0" ten="184,363,103,340" step="2"/><U82/><E119/><V60/><F34/><W9/><G127/><T98/><D98/><U26/><E116/><V11/><F14/><W75/><G75/><T49/><AGARI ba="0,1" hai="0,1,2,28,31,42,44,49,51,54,56,63,65,69" machi="49" ten="30,12000,1" yaku="1,1,0,1,52,1,53,2" doraHai="38" doraHaiUra="45" who="0" fromWho="0" sc="184,130,363,-40,103,-40,340,-40" /><INIT seed="4,1,0,1,2,109" ten="314,323,63,300" oya="0" hai0="52,34,7,21,53,6,107,78,89,54,123,59,77" hai1="100,114,79,1,3,31,19,13,86,66,2,8,49" hai2="102,45,35,64,43,81,28,108,32,74,26,70,60" hai3="11,51,33,56,41,93,12,121,37,15,87,117,126"/><T110/><D123/><U99/><E66/><V118/><F108/><W68/><G121/><T16/><D110/><U42/><E31/><V23/><F118/><W48/><G68/><T20/><D34/><U131/><E131/><V9/><F23/><W39/><G117/><T38/><D38/><U95/><E114/><V50/><F102/><W92/><G33/><T14/><D107/><U134/><E134/><V135/><F35/><W25/><G126/><T44/><D44/><U30/><E30/><V17/><F17/><W80/><G25/><T27/><D89/><U65/><E65/><V83/><F135/><W96/><G15/><T61/><D21/><U97/><E79/><N who="0" m="30217" /><D27/><U0/><E0/><V116/><F116/><W129/><G129/><T46/><D46/><U73/><E73/><V22/><F74/><W124/><G124/><T82/><D82/><U5/><E86/><V104/><F104/><W113/><G87/><T105/><D105/><U58/><E99/><V71/><F71/><W101/><G80/><T57/><D53/><U122/><E122/><V18/><REACH who="2" step="1"/><F9/><REACH who="2" ten="314,323,53,300" step="2"/><W119/><G11/><T132/><D132/><U85/><E19/><V88/><F88/><W76/><G119/><T55/><D61/><U72/><E72/><V120/><F120/><W84/><G101/><T75/><D75/><U128/><E128/><V67/><F67/><W133/><G133/><T24/><D24/><U125/><E125/><V103/><F103/><W40/><G76/><T115/><D115/><U29/><E100/><V10/><F10/><W4/><G113/><T106/><D106/><RYUUKYOKU ba="1,1" sc="314,15,323,-15,53,15,300,-15" hai0="6,7,14,16,20,52,54,55,57,59" hai2="18,22,26,28,32,43,45,50,60,64,70,81,83" /><INIT seed="4,2,1,5,2,45" ten="329,308,68,285" oya="0" hai0="49,16,78,48,18,72,83,96,24,15,35,23,69" hai1="67,46,85,41,55,121,90,9,120,84,5,73,29" hai2="61,112,131,33,129,93,111,97,11,4,102,87,134" hai3="74,101,37,56,113,7,130,12,88,28,119,62,10"/><T77/><D69/><U105/><E105/><V17/><F111/><W6/><G119/><T14/><D78/><U20/><E73/><V95/><F33/><W52/><G74/><T42/><D42/><U32/><E32/><V124/><F17/><W21/><G37/><T107/><D107/><U65/><E55/><V57/><F112/><W100/><G113/><T66/><D66/><U44/><E44/><V30/><F134/><W19/><G130/><T63/><D63/><U31/><E31/><V86/><F124/><W99/><G88/><T82/><D82/><U118/><E85/><V22/><F95/><N who="3" m="58495" /><G101/><T68/><D96/><U133/><E118/><V103/><F103/><W70/><G70/><T127/><D68/><U0/><E133/><V76/><F129/><W92/><G92/><T43/><D43/><U116/><E116/><V125/><F125/><W89/><G89/><T34/><D127/><U79/><E79/><V109/><F109/><W13/><G28/><T27/><D35/><U64/><E20/><V108/><F108/><W51/><G6/><T26/><REACH who="0" step="1"/><D34/><REACH who="0" ten="319,308,68,285" step="2"/><U39/><REACH who="1" step="1"/><E29/><REACH who="1" ten="319,298,68,285" step="2"/><V47/><F131/><W128/><G128/><T59/><D59/><U71/><E71/><V80/><F76/><W114/><G114/><T135/><D135/><U58/><E58/><V91/><F57/><W54/><G54/><T8/><AGARI ba="2,3" hai="8,14,15,16,18,23,24,26,27,48,49,72,77,83" machi="8" ten="30,12000,1" yaku="1,1,0,1,52,2,54,1,53,0" doraHai="45" doraHaiUra="25" who="0" fromWho="0" sc="319,156,298,-42,68,-42,285,-42" /><INIT seed="4,3,0,4,1,89" ten="475,256,26,243" oya="0" hai0="11,119,135,93,61,33,129,31,29,68,64,0,66" hai1="41,76,7,105,96,86,59,49,133,118,30,43,134" hai2="72,15,113,122,62,25,63,12,83,54,108,52,21" hai3="14,24,32,28,95,120,127,124,130,35,19,88,94"/><T9/><D119/><U85/><E118/><V3/><F3/><W39/><G39/><T70/><D129/><U1/><E30/><V117/><F117/><W111/><G111/><T99/><D135/><N who="1" m="51723" /><E7/><V26/><F122/><W38/><G38/><T10/><D0/><U109/><E1/><V50/><F113/><W69/><G69/><T126/><D126/><N who="3" m="48169" /><G130/><T46/><D46/><U102/><E109/><V100/><F108/><W79/><G79/><T131/><D131/><U78/><E59/><V74/><F50/><W104/><G104/><T65/><D33/><U90/><E85/><V8/><F83/><W18/><G18/><T16/><D16/><U37/><E49/><V60/><F60/><W4/><G4/><T56/><D56/><U81/><E37/><V128/><F128/><W98/><G120/><T53/><D53/><U77/><AGARI ba="3,0" hai="41,43,76,77,78,81,86,90,96,102,105" m="51723" machi="77" ten="30,1100,0" yaku="20,1" doraHai="89" who="1" fromWho="1" sc="475,-8,256,20,26,-6,243,-6" /><INIT seed="5,0,0,0,3,132" ten="467,276,20,237" oya="1" hai0="45,3,110,85,34,119,104,91,6,39,13,75,16" hai1="24,130,38,120,94,65,89,33,52,56,128,58,81" hai2="82,27,35,67,53,103,37,20,29,70,1,101,121" hai3="102,112,105,10,61,97,108,2,116,134,7,72,11"/><U84/><E120/><V107/><F121/><W8/><G108/><T48/><D110/><U55/><E38/><V135/><F135/><W31/><G134/><T17/><D39/><U47/><E47/><V23/><F101/><W129/><G72/><T32/><D75/><U71/><E71/><V49/><F82/><W96/><G112/><T114/><D104/><U125/><E125/><V86/><F86/><W83/><G83/><T127/><D119/><U95/><E95/><V54/><F1/><W126/><G116/><T43/><D114/><U14/><E14/><V87/><F87/><W26/><G129/><N who="1" m="49770" /><E94/><V60/><F37/><W122/><G97/><T93/><D127/><U106/><E106/><V41/><F41/><W22/><G122/><T118/><D118/><U30/><E58/><V98/><REACH who="2" step="1"/><F54/><REACH who="2" ten="467,276,10,237" step="2"/><W78/><G102/><T64/><D3/><U68/><E68/><V9/><F9/><W25/><G11/><T133/><D133/><U40/><E40/><V73/><F73/><W19/><G10/><T63/><D43/><U0/><E0/><V51/><F51/><W90/><G8/><T62/><D48/><N who="1" m="30727" /><E55/><V74/><F74/><W46/><G2/><T28/><D63/><U80/><E80/><V42/><F42/><W50/><G61/><T76/><D62/><U77/><E65/><V111/><F111/><W123/><G123/><T131/><D64/><U100/><E100/><V18/><F18/><W4/><G19/><T36/><D36/><U115/><E115/><V124/><F124/><W99/><G126/><T57/><D131/><U44/><E77/><RYUUKYOKU ba="0,1" sc="467,-15,276,15,10,15,237,-15" hai1="24,30,33,44,81,84,89" hai2="20,23,27,29,35,49,53,60,67,70,98,103,107" /><INIT seed="5,1,1,0,5,108" ten="452,291,25,222" oya="1" hai0="107,44,0,109,97,60,79,29,91,54,19,49,93" hai1="127,122,63,3,118,59,133,31,84,92,45,70,117" hai2="65,94,7,8,76,50,88,123,82,57,124,131,40" hai3="47,121,62,43,110,96,126,16,9,98,15,68,101"/><U67/><E3/><V112/><F123/><W56/><G121/><T18/><D109/><U111/><E111/><V100/><F131/><W78/><G110/><T83/><D0/><U87/><E122/><V46/><F124/><W95/><G126/><T125/><D125/><U134/><E127/><V71/><F100/><W52/><G68/><T11/><D107/><U89/><E31/><V25/><F25/><W69/><G69/><T24/><D60/><U12/><E70/><V64/><F71/><W105/><G78/><T115/><D115/><U21/><E84/><V72/><F57/><W6/><G6/><T106/><D11/><U22/><E45/><V37/><F50/><W30/><G30/><T23/><D106/><U32/><E32/><V48/><F48/><W130/><G130/><T33/><D33/><U73/><E73/><AGARI ba="1,1" hai="18,19,23,24,29,44,49,54,73,79,83,91,93,97" machi="73" ten="30,1000,0" yaku="7,1" doraHai="108" who="0" fromWho="1" sc="452,23,291,-13,25,0,222,0" /><INIT seed="6,0,0,5,1,121" ten="475,278,25,222" oya="2" hai0="46,106,134,132,67,82,54,99,74,34,101,33,16" hai1="112,117,44,92,17,6,1,94,49,80,71,131,78" hai2="2,116,72,88,75,25,81,36,0,26,31,53,128" hai3="18,115,51,24,3,14,7,32,133,4,125,114,86"/><V85/><F116/><W12/><G125/><T77/><D67/><U52/><E71/><V113/><F36/><W8/><G86/><T103/><D103/><U19/><E117/><V73/><F113/><N who="3" m="43019" /><G51/><N who="0" m="29047" /><D16/><N who="1" m="6219" /><E1/><V63/><F128/><W22/><G133/><AGARI ba="0,0" hai="33,34,74,77,82,99,101,106,132,133,134" m="29047" machi="133" ten="30,1000,0" yaku="20,1" doraHai="121" who="0" fromWho="3" sc="475,10,278,0,25,0,222,-10" /><INIT seed="7,0,0,0,5,133" ten="485,278,25,212" oya="3" hai0="95,80,51,9,69,42,11,127,81,90,76,99,40" hai1="121,1,55,62,96,122,101,47,31,117,97,18,88" hai2="54,89,86,46,84,39,14,10,71,72,119,79,112" hai3="67,109,2,19,0,50,87,125,6,48,73,65,83"/><W43/><G73/><T64/><D127/><U115/><E1/><V75/><F71/><W66/><G109/><T45/><D80/><U132/><E31/><V120/><F39/><W60/><G60/><T58/><D69/><U35/><E35/><V135/><F14/><W77/><G125/><T52/><D64/><U23/><E117/><V118/><F46/><W3/><G43/><T129/><D40/><U126/><E126/><V12/><F12/><W106/><G106/><T34/><D34/><U78/><E78/><V85/><F10/><W63/><G63/><T24/><D24/><N who="1" m="14455" /><E47/><V100/><F54/><W82/><G6/><T44/><D44/><U74/><E115/><V22/><F22/><W128/><G128/><T56/><D56/><N who="1" m="35103" /><E132/><V33/><F33/><W131/><G131/><T116/><D116/><U28/><E28/><V108/><F86/><W123/><G19/><T102/><D102/><U57/><E57/><V92/><F108/><W113/><G87/><N who="0" m="48551" /><D129/><U98/><E74/><N who="2" m="28203" /><F112/><W7/><G113/><T68/><D68/><U13/><E13/><V25/><F135/><W111/><G111/><T107/><D107/><N who="1" m="63911" /><E98/><N who="2" m="59463" /><F120/><W4/><G123/><T38/><D38/><U94/><AGARI ba="0,0" hai="88,94,97,121,122" m="63911,35103,14455" machi="94" ten="30,2000,0" yaku="25,1,54,1" doraHai="133" who="1" fromWho="1" sc="485,-5,278,20,25,-5,212,-10" owari="480,58.0,298,9.8,20,-48.0,202,-19.8" /></mjloggm>