<mjloggm ver="2.3"><GO type="169" lobby="0"/><UN n0="%48%61%6C%66%73" n1="%63%2E%63%2D%76%2E%76" n2="%E3%81%93%E3%81%94%E3%81%A6%E3%81%83%E3%83%BC" n3="%E6%81%8B%E3%81%AE%E3%81%86%E3%81%9F" dan="17,17,16,17" rate="2128.51,2249.63,2041.56,2261.11" sx="M,F,M,M"/><TAIKYOKU oya="0"/><INIT seed="0,0,0,1,1,128" ten="250,250,250,250" oya="0" hai0="31,120,62,25,133,39,101,111,100,84,71,0,135" hai1="103,79,78,76,40,10,14,86,63,124,94,9,77" hai2="32,70,47,46,121,130,85,24,61,82,114,91,126" hai3="43,51,23,11,5,16,27,49,1,38,116,53,17"/><T37/><D120/><U99/><E124/><V55/><F114/><W41/><G38/><T80/><D0/><U106/><E40/><V12/><F121/><W105/><G105/><T75/><D75/><U110/><E110/><V68/><F130/><W125/><G116/><T54/><D111/><U20/><E63/><V66/><F70/><W58/><G125/><T56/><D71/><U30/><E106/><V33/><F33/><W102/><G102/><T118/><D118/><U44/><E44/><V4/><F55/><W93/><G93/><T90/><D37/><U131/><E131/><V129/><F129/><W18/><REACH who="3" step="1"/><G51/><REACH who="3" ten="250,250,250,240" step="2"/><T35/><REACH who="0" step="1"/><D39/><REACH who="0" ten="240,250,250,240" step="2"/><U95/><E103/><AGARI ba="0,2" hai="25,31,35,54,56,62,80,84,90,100,101,103,133,135" machi="103" ten="40,12000,1" yaku="1,1,2,1,52,2,53,0" doraHai="128" doraHaiUra="117" who="0" fromWho="1" sc="240,140,250,-120,250,0,240,0" /><INIT seed="0,1,0,2,5,132" ten="380,130,250,240" oya="0" hai0="87,31,46,58,61,55,0,37,72,129,116,38,18" hai1="102,29,98,124,1,107,41,13,68,103,48,30,106" hai2="105,47,88,104,82,122,73,126,23,63,110,91,84" hai3="65,7,80,28,62,8,135,121,113,34,20,44,9"/><T77/><D116/><U56/><E1/><V32/><F32/><W60/><G113/><T79/><D72/><U16/><E68/><V120/><F47/><W94/><G135/><T93/><D129/><U109/><E109/><V76/><F23/><W6/><G34/><T57/><D0/><U42/><E56/><V95/><F63/><W59/><G121/><N who="2" m="46697" /><F110/><W15/><G80/><T14/><D31/><U78/><E78/><N who="0" m="29705" /><D38/><U17/><E13/><V35/><F35/><W50/><G94/><T119/><D119/><U71/><E71/><V74/><F126/><W118/><G62/><T66/><D37/><U125/><E98/><N who="2" m="57703" /><F74/><W11/><G118/><T128/><D46/><U49/><AGARI ba="1,0" hai="16,17,29,30,41,42,48,49,102,103,106,107,124,125" machi="49" ten="25,12000,2" yaku="0,1,22,2,52,2,54,1" doraHai="132" who="1" fromWho="1" sc="380,-61,130,123,250,-31,240,-31" /><INIT seed="1,0,0,4,3,106" ten="319,253,219,209" oya="1" hai0="61,56,15,16,92,120,48,5,12,130,122,71,14" hai1="118,107,89,128,67,93,116,86,66,47,37,38,21" hai2="27,69,54,6,117,103,123,42,49,25,1,41,3" hai3="52,46,70,59,105,87,121,127,55,40,110,50,97"/><U35/><E35/><V78/><F117/><W62/><G121/><N who="0" m="46699" /><D130/><U88/><E107/><V36/><F69/><W53/><G110/><T2/><D71/><U135/><E128/><V0/><F6/><W95/><G127/><T84/><D48/><U20/><E135/><V85/><F103/><W29/><G105/><T23/><D84/><U39/><E47/><V18/><F36/><W111/><G111/><T28/><D92/><U19/><E89/><V104/><F104/><W131/><G131/><T73/><D73/><U108/><E108/><V57/><F123/><W34/><G70/><T124/><D28/><U98/><E86/><V91/><F78/><W24/><REACH who="3" step="1"/><G87/><REACH who="3" ten="319,253,219,199" step="2"/><T26/><D124/><U74/><E118/><V101/><F101/><AGARI ba="0,1" hai="24,29,34,40,46,50,52,53,55,59,62,95,97,101" machi="101" ten="30,7700,0" yaku="1,1,2,1,7,1,54,1,53,0" doraHai="106" doraHaiUra="63" who="3" fromWho="2" sc="319,0,253,0,219,-77,199,87" /><INIT seed="2,0,0,3,3,125" ten="319,253,142,286" oya="2" hai0="117,68,3,76,104,35,114,49,92,36,79,88,124" hai1="2,38,10,134,103,111,47,119,33,19,30,120,44" hai2="126,115,8,27,15,80,18,34,87,42,82,12,39" hai3="0,109,31,50,16,98,94,14,58,6,71,112,108"/><V73/><F115/><W78/><G71/><T118/><D36/><U107/><E119/><V91/><F126/><W11/><G78/><T77/><D3/><U55/><E111/><N who="3" m="42570" /><G31/><T130/><D35/><U123/><E134/><V89/><F42/><W90/><G112/><T81/><D68/><U1/><E38/><V20/><F39/><W131/><G58/><T25/><D25/><U7/><E2/><V29/><F73/><W37/><G50/><T132/><D49/><U72/><E72/><V5/><REACH who="2" step="1"/><F91/><REACH who="2" ten="319,253,132,286" step="2"/><W97/><G37/><T60/><D88/><U61/><E120/><V4/><F4/><W23/><G98/><T67/><D114/><U95/><E123/><V85/><F85/><W56/><G56/><T106/><D124/><U21/><E44/><V64/><F64/><W83/><G83/><AGARI ba="0,1" hai="5,8,12,15,18,20,27,29,34,80,82,83,87,89" machi="83" ten="30,2900,0" yaku="1,1,7,1,53,0" doraHai="125" doraHaiUra="59" who="2" fromWho="3" sc="319,0,253,0,132,39,286,-29" /><INIT seed="2,1,0,1,5,76" ten="319,253,171,257" oya="2" hai0="21,45,67,97,132,126,106,18,88,122,68,15,48" hai1="128,52,117,41,6,65,9,0,43,134,10,118,127" hai2="104,82,4,113,116,50,55,89,20,80,27,32,12" hai3="95,120,94,125,66,91,22,44,110,63,31,17,102"/><V83/><F113/><W98/><G110/><T37/><D126/><U30/><E127/><V40/><F104/><W2/><G125/><T14/><D132/><U69/><E134/><V74/><F74/><W61/><G2/><T87/><D37/><U62/><E128/><V108/><F116/><W3/><G3/><T16/><D122/><U105/><E105/><V75/><F75/><W54/><G31/><T86/><D68/><U103/><E103/><V100/><F100/><W42/><G54/><T101/><D67/><U29/><E10/><N who="2" m="4167" /><F32/><W93/><G120/><T111/><D111/><U1/><E1/><V131/><F131/><W85/><G95/><T70/><D70/><U8/><E8/><V121/><F121/><W109/><G66/><T33/><D33/><U64/><E64/><V107/><F107/><W114/><G109/><T47/><D86/><U60/><E117/><V23/><F108/><W26/><REACH who="3" step="1"/><G114/><REACH who="3" ten="319,253,171,247" step="2"/><T96/><D106/><U56/><REACH who="1" step="1"/><E118/><REACH who="1" ten="319,243,171,247" step="2"/><V135/><F135/><W129/><G129/><T19/><D101/><U49/><E49/><AGARI ba="1,2" hai="17,22,26,42,44,49,61,63,85,91,93,94,98,102" machi="49" ten="30,3900,0" yaku="1,1,7,1,8,1,53,0" doraHai="76" doraHaiUra="5" who="3" fromWho="1" sc="319,0,243,-42,171,0,247,62" /><INIT seed="3,0,0,2,4,130" ten="319,201,171,309" oya="3" hai0="74,24,63,43,1,38,28,69,47,33,97,87,116" hai1="30,66,86,81,53,60,50,76,18,114,89,100,80" hai2="58,7,112,67,37,96,6,118,49,56,91,2,46" hai3="21,94,52,16,65,104,98,134,121,22,40,8,95"/><W93/><G121/><T133/><D87/><U57/><E114/><V14/><F112/><W20/><G134/><T73/><D116/><U42/><E30/><V106/><F118/><W45/><G65/><N who="0" m="41151" /><D133/><U0/><E0/><V9/><F37/><W107/><G98/><T11/><D97/><U10/><E100/><V17/><F67/><W127/><G127/><T15/><D15/><U25/><E42/><V105/><F105/><W135/><G135/><T48/><D48/><U68/><E10/><V70/><F70/><W75/><G75/><T3/><D3/><U39/><E39/><V34/><F34/><W77/><G77/><T132/><D132/><U117/><E117/><V19/><F19/><W23/><G8/><T59/><D59/><U84/><E18/><V129/><F7/><AGARI ba="0,0" hai="1,7,11,24,28,33,38,43,47,73,74" m="41151" machi="7" ten="30,2000,0" yaku="33,2" doraHai="130" who="0" fromWho="2" sc="319,20,201,0,171,-20,309,0" /><INIT seed="4,0,0,2,5,3" ten="339,201,151,309" oya="0" hai0="50,113,39,81,110,65,119,4,53,30,130,34,36" hai1="108,92,46,127,131,20,42,129,61,107,32,68,22" hai2="95,47,133,45,56,48,13,67,58,2,121,52,93" hai3="38,83,26,87,16,17,69,28,73,24,8,60,41"/><T103/><D113/><U57/><E108/><V80/><F121/><W21/><G73/><T5/><D119/><U125/><E107/><V76/><F2/><W23/><G38/><T1/><D110/><U63/><E32/><V124/><F124/><N who="1" m="47689" /><E92/><V77/><F133/><W44/><G69/><T11/><D130/><N who="1" m="49675" /><E22/><V85/><F77/><W134/><G134/><T49/><D34/><U43/><E20/><V132/><F132/><W6/><G60/><N who="1" m="23114" /><E68/><V84/><F95/><W114/><G114/><T118/><D118/><U79/><E79/><V104/><F104/><W115/><G115/><T89/><D89/><U7/><E7/><V117/><F117/><W105/><G105/><T82/><D5/><U75/><E75/><V0/><F0/><W12/><G87/><T123/><D4/><U15/><E15/><V59/><F13/><W19/><G83/><T71/><D71/><U64/><E46/><N who="2" m="17419" /><F67/><W99/><G99/><T97/><D65/><U111/><E111/><V96/><F85/><W135/><G135/><T112/><D97/><U88/><E88/><AGARI ba="0,0" hai="48,52,56,58,59,76,80,84,88,93,96" m="17419" machi="88" ten="30,3900,0" yaku="8,1,54,2" doraHai="3" who="2" fromWho="1" sc="339,0,201,-39,151,39,309,0" /><INIT seed="5,0,0,0,5,87" ten="339,162,190,309" oya="1" hai0="66,80,109,26,77,104,81,120,106,33,93,69,116" hai1="59,41,6,86,32,22,129,84,90,27,85,12,1" hai2="30,73,130,45,7,118,34,102,47,110,39,108,14" hai3="19,79,36,105,2,125,62,67,0,3,113,35,119"/><U8/><E129/><V60/><F73/><W98/><G19/><T28/><D109/><U124/><E124/><V91/><F118/><W88/><G79/><T58/><D116/><U13/><E41/><V15/><F102/><W46/><G35/><T53/><D120/><U63/><E32/><V18/><F60/><W4/><G113/><T115/><D115/><U78/><E78/><V52/><F30/><W100/><G4/><T31/><D31/><U55/><E12/><V92/><F34/><W71/><G119/><T44/><D44/><U114/><E1/><V5/><F130/><W42/><REACH who="3" step="1"/><G88/><REACH who="3" ten="339,162,190,299" step="2"/><T57/><D77/><U103/><E103/><V117/><F117/><W123/><G123/><T48/><D33/><U24/><E114/><V131/><F18/><W10/><G10/><T89/><D89/><U94/><E27/><V126/><F91/><W72/><G72/><T111/><D26/><U68/><E68/><V37/><F131/><W54/><G54/><T83/><D53/><U96/><E96/><V51/><F52/><W20/><G20/><T101/><D69/><U25/><E25/><V43/><F110/><W49/><G49/><T135/><D48/><U56/><REACH who="1" step="1"/><E59/><REACH who="1" ten="339,152,190,299" step="2"/><V95/><F108/><W133/><G133/><T121/><D58/><U21/><E21/><V76/><F39/><W64/><G64/><T82/><D57/><U50/><E50/><V99/><F37/><W75/><G75/><T128/><D66/><U107/><E107/><V65/><F65/><W132/><G132/><T61/><D135/><U97/><E97/><V38/><F99/><RYUUKYOKU ba="0,2" sc="339,-15,152,15,190,-15,299,15" hai1="6,8,13,22,24,55,56,63,84,85,86,90,94" hai3="0,2,3,36,42,46,62,67,71,98,100,105,125" /><INIT seed="5,1,2,5,2,68" ten="324,167,175,314" oya="1" hai0="118,27,87,19,74,91,119,62,88,8,64,34,80" hai1="84,75,30,90,66,105,63,107,29,70,102,28,25" hai2="47,127,39,4,58,89,101,134,22,112,123,44,99" hai3="128,117,52,17,100,65,73,38,67,111,113,61,20"/><U43/><E75/><V48/><F123/><W121/><G111/><T130/><D130/><U32/><E43/><V2/><F2/><W116/><G121/><T6/><D74/><U98/><REACH who="1" step="1"/><E107/><REACH who="1" ten="324,157,175,314" step="2"/><V71/><F127/><W126/><G73/><T104/><D104/><U1/><E1/><V0/><F0/><W93/><G126/><T77/><D118/><U59/><E59/><V50/><F58/><W110/><G117/><T46/><D119/><U125/><E125/><V12/><F71/><W124/><G124/><T106/><D106/><U129/><E129/><V33/><F134/><W109/><G128/><T79/><D46/><U96/><E96/><V31/><F99/><W81/><G116/><T108/><D108/><U60/><E60/><V35/><F47/><W15/><G110/><T92/><D62/><U16/><E16/><V10/><F44/><W122/><G109/><T72/><D19/><U69/><E69/><V3/><F3/><W82/><G122/><T85/><D72/><U23/><E23/><V55/><F22/><W135/><G135/><T7/><D7/><U97/><E97/><V95/><F4/><W42/><G61/><T41/><D41/><U54/><E54/><V13/><F55/><W24/><G52/><T103/><D6/><U57/><E57/><V37/><F10/><W53/><G53/><T26/><D8/><U21/><E21/><V120/><F120/><W40/><G40/><T83/><D34/><U18/><E18/><V76/><F35/><W45/><G17/><T9/><D9/><U115/><E115/><V114/><F114/><RYUUKYOKU ba="1,3" sc="324,-10,157,30,175,-10,314,-10" hai1="25,28,29,30,32,63,66,70,84,90,98,102,105" /><INIT seed="5,2,3,3,5,86" ten="314,187,165,304" oya="1" hai0="29,33,130,55,87,61,31,47,39,135,40,3,114" hai1="77,8,22,49,7,132,57,68,79,27,23,85,123" hai2="78,21,20,25,73,58,28,30,18,82,43,96,131" hai3="129,66,121,35,116,64,126,111,90,92,127,37,38"/><U97/><E123/><V24/><F131/><W115/><G111/><T34/><D114/><U12/><E68/><V45/><F18/><W91/><G115/><T17/><D3/><U84/><E132/><V74/><F96/><W134/><G35/><T101/><D130/><U1/><E1/><V102/><F102/><W108/><G129/><T32/><D135/><U52/><E97/><V53/><F73/><W60/><G108/><T98/><D17/><N who="1" m="12751" /><E23/><V26/><F26/><W83/><G134/><T76/><D87/><AGARI ba="2,3" hai="7,8,12,49,52,57,77,79,84,85,87" m="12751" machi="87" ten="30,2900,0" yaku="8,1,54,1" doraHai="86" who="1" fromWho="0" sc="314,-35,187,65,165,0,304,0" /><INIT seed="5,3,0,1,1,12" ten="279,252,165,304" oya="1" hai0="98,87,45,8,125,73,33,55,57,88,6,16,69" hai1="124,129,15,119,74,84,117,38,104,42,50,131,62" hai2="82,56,46,112,29,61,114,92,109,96,35,4,49" hai3="7,19,94,111,47,130,48,110,135,68,41,66,102"/><U100/><E74/><V134/><F109/><W52/><G7/><T72/><D33/><U85/><E38/><V70/><F70/><W36/><G102/><T3/><D69/><U116/><E62/><V60/><F4/><W14/><G94/><T9/><D125/><U71/><E71/><V133/><F82/><W22/><G130/><N who="1" m="49674" /><E15/><V78/><F78/><W44/><REACH who="3" step="1"/><G135/><REACH who="3" ten="279,252,165,294" step="2"/><T91/><D6/><U51/><E124/><V105/><F134/><W86/><G86/><N who="1" m="33386" /><E42/><V34/><F133/><W30/><G30/><T120/><D72/><U13/><E100/><V11/><F112/><W26/><G26/><T10/><D73/><U89/><E104/><V115/><F115/><W18/><G18/><T90/><D87/><U132/><E132/><V31/><F31/><W65/><G65/><T123/><D16/><U101/><E101/><V80/><F29/><W75/><G75/><T40/><D98/><U122/><E13/><V121/><F96/><W93/><G93/><T21/><D40/><U58/><E89/><V25/><F105/><W27/><G27/><T39/><D91/><U97/><E97/><V5/><F92/><W83/><G83/><T53/><D90/><U113/><E113/><V95/><F25/><W118/><G118/><T64/><D88/><U2/><E2/><V37/><F95/><W63/><AGARI ba="3,1" hai="14,19,22,36,41,44,47,48,52,63,66,68,110,111" machi="63" ten="30,8000,1" yaku="1,1,0,1,52,1,54,1,53,1" doraHai="12" doraHaiUra="17" who="3" fromWho="3" sc="279,-23,252,-43,165,-23,294,99" /><INIT seed="6,0,0,1,1,119" ten="256,209,142,393" oya="2" hai0="45,48,128,123,61,17,26,76,115,131,18,2,109" hai1="33,29,13,24,97,66,90,121,85,124,37,46,110" hai2="77,71,7,41,74,99,95,118,125,60,69,25,112" hai3="63,81,105,126,44,103,101,133,64,23,15,55,107"/><V68/><F118/><W116/><G133/><T132/><D109/><U93/><E110/><V120/><F7/><W12/><G126/><T27/><D76/><U72/><E124/><V94/><F125/><W30/><G105/><T127/><D115/><U1/><E1/><V6/><F6/><W11/><G107/><T35/><D61/><U134/><E72/><V86/><F74/><W59/><G81/><T42/><D2/><U58/><E134/><V50/><F112/><W122/><G122/><T32/><D132/><U8/><E121/><V108/><F108/><W21/><G15/><T130/><D123/><U31/><E31/><V34/><F34/><N who="0" m="12842" /><D127/><U20/><E33/><V47/><F25/><AGARI ba="0,0" hai="17,18,25,26,27,42,45,48,128,130,131" m="12842" machi="25" ten="40,1300,0" yaku="19,1" doraHai="119" who="0" fromWho="2" sc="256,13,209,0,142,-13,393,0" /><INIT seed="7,0,0,0,1,35" ten="269,209,129,393" oya="3" hai0="34,124,36,75,30,33,43,83,54,106,39,116,97" hai1="105,32,70,37,100,15,50,110,63,119,3,76,131" hai2="47,84,56,101,53,40,4,107,21,69,45,113,48" hai3="99,28,102,122,44,135,81,78,95,111,24,49,126"/><W86/><G135/><T38/><D116/><U62/><E110/><V94/><F107/><W7/><G126/><T25/><D124/><U82/><E131/><V10/><F69/><W117/><G7/><T127/><D54/><U114/><E114/><V18/><F113/><W79/><G122/><T6/><D127/><U42/><E32/><V87/><F101/><W85/><G24/><T55/><D55/><U73/><E70/><V22/><F22/><W46/><G28/><T12/><D33/><U27/><E27/><V60/><F47/><W52/><G117/><T120/><D120/><U133/><E133/><V128/><F128/><W112/><G111/><T67/><D67/><U66/><E66/><V104/><F104/><W74/><G112/><T65/><D65/><U2/><E37/><V64/><F64/><W96/><G78/><N who="0" m="44511" /><D12/><U80/><E15/><V9/><F9/><W14/><G14/><T109/><D6/><U19/><E119/><V77/><F94/><W16/><G44/><N who="0" m="23679" /><D109/><U129/><E129/><V123/><F123/><W68/><G68/><T41/><D41/><U132/><E132/><V103/><F103/><AGARI ba="0,0" hai="25,30,34,36,38,97,103,106" m="23679,44511" machi="103" ten="30,2000,0" yaku="33,2" doraHai="35" who="0" fromWho="2" sc="269,20,209,0,129,-20,393,0" owari="289,8.9,209,-19.1,109,-39.1,393,49.3" /></mjloggm>