<mjloggm ver="2.3"><GO type="169" lobby="0"/><UN n0="%E6%B2%B3%E7%AB%A5%E3%81%AE%E3%83%AF%E3%82%AB%E3%83%9E%E3%83%84" n1="%E6%9C%A8%E5%8E%9F%E8%B1%AA%E4%B8%80" n2="%E8%B4%88%E4%BA%BA%E8%A9%A9%E6%96%BC%E5%A4%A2" n3="%4D%72%52%41%4D%4F" dan="17,16,17,16" rate="2210.90,2203.02,2193.60,2146.02" sx="M,M,M,M"/><TAIKYOKU oya="0"/><INIT seed="0,0,0,5,2,56" ten="250,250,250,250" oya="0" hai0="20,44,78,134,43,6,24,37,90,111,105,42,97" hai1="86,45,4,52,100,5,110,15,54,120,115,98,68" hai2="129,53,58,22,71,79,94,19,46,10,63,9,135" hai3="1,124,81,113,33,64,77,123,82,84,109,2,27"/><T95/><D134/><U23/><E120/><V32/><F129/><W85/><G113/><T93/><D111/><U103/><E68/><V38/><F32/><W127/><G109/><T28/><D105/><U104/><E110/><V117/><F135/><W106/><G106/><T112/><D112/><U116/><E116/><V3/><F3/><W118/><G118/><T89/><D78/><U125/><E103/><V12/><F117/><W122/><G64/><T59/><D43/><U34/><E34/><V35/><F35/><W131/><G131/><T128/><D128/><U91/><E125/><N who="3" m="48202" /><G27/><T48/><D6/><U55/><E45/><V73/><F71/><W61/><G61/><T17/><D37/><U101/><E101/><V119/><F119/><W130/><G33/><T51/><D28/><U41/><E41/><V80/><F38/><W83/><G130/><T87/><D59/><U0/><E0/><N who="3" m="106" /><G77/><T11/><D48/><U30/><E115/><V102/><REACH who="2" step="1"/><F46/><REACH who="2" ten="250,250,240,250" step="2"/><W25/><G25/><T133/><D133/><U67/><E15/><V99/><AGARI ba="0,1" hai="9,10,12,19,22,53,58,63,73,79,80,94,99,102" machi="99" ten="30,8000,1" yaku="1,1,2,1,0,1,52,1,53,1" doraHai="56" doraHaiUra="107" who="2" fromWho="2" sc="250,-40,250,-20,240,90,250,-20" /><INIT seed="1,0,0,1,5,135" ten="210,230,330,230" oya="1" hai0="36,45,79,119,100,120,18,33,80,121,76,69,127" hai1="22,38,43,94,42,93,54,125,102,51,67,101,115" hai2="4,11,41,29,49,88,87,64,96,90,20,75,70" hai3="103,98,78,118,50,60,122,85,53,13,108,66,56"/><U10/><E115/><V30/><F75/><W97/><G122/><N who="0" m="47211" /><D119/><U99/><E67/><V81/><F20/><W7/><G108/><T52/><D69/><U61/><E38/><V21/><F21/><W31/><G118/><T8/><D33/><U9/><E61/><V48/><F64/><W63/><G31/><T68/><D68/><U130/><E130/><V6/><F6/><W34/><G34/><T27/><D100/><U114/><E114/><V5/><F5/><W73/><G73/><T109/><D109/><U106/><E106/><V113/><F70/><W26/><G26/><T72/><D79/><U134/><E134/><V71/><F71/><W0/><G0/><T24/><D127/><U15/><E125/><V133/><F113/><W3/><G3/><T123/><D123/><U14/><E22/><V92/><F133/><W47/><G63/><T82/><D82/><U95/><E95/><V44/><REACH who="2" step="1"/><F48/><REACH who="2" ten="210,230,320,230" step="2"/><W77/><G66/><T84/><D72/><U131/><E131/><V104/><F104/><W124/><G50/><N who="0" m="28751" /><D36/><U86/><E51/><V12/><AGARI ba="0,1" hai="4,11,12,29,30,41,44,49,81,87,88,90,92,96" machi="12" ten="20,8000,1" yaku="1,1,0,1,7,1,8,1,54,1,53,0" doraHai="135" doraHaiUra="74" who="2" fromWho="2" sc="210,-20,230,-40,320,90,230,-20" /><INIT seed="2,0,0,5,0,23" ten="190,190,410,210" oya="2" hai0="121,18,27,99,57,133,89,48,20,74,77,16,73" hai1="54,28,128,83,68,72,120,97,69,129,14,53,115" hai2="113,2,19,96,31,109,35,131,90,45,76,66,33" hai3="112,95,30,126,106,17,61,119,105,1,104,38,71"/><V122/><F113/><W135/><G119/><T108/><D121/><U81/><E115/><V3/><F131/><N who="1" m="50249" /><E28/><V118/><F66/><W87/><G112/><T42/><D108/><U98/><E14/><V10/><F76/><W130/><G130/><T58/><D133/><U32/><E32/><V49/><F118/><W67/><G38/><T116/><D116/><U78/><E83/><V9/><F90/><W103/><G1/><T70/><D70/><N who="1" m="27243" /><E120/><V86/><F86/><W11/><G30/><T92/><D18/><U36/><E36/><V40/><F31/><W46/><G135/><T0/><D0/><U41/><E41/><V84/><F40/><W82/><G126/><T24/><D24/><U6/><E6/><V55/><F33/><W91/><G46/><T25/><D25/><U21/><E21/><V43/><F35/><W107/><G82/><T37/><D37/><U88/><E88/><V79/><F122/><W4/><G4/><T117/><D117/><U110/><E110/><V12/><F109/><W132/><G132/><T111/><D111/><U85/><E72/><V62/><F2/><W64/><G103/><T102/><D102/><U134/><E134/><V80/><F3/><W59/><G71/><T127/><D77/><U63/><E63/><V5/><F5/><W114/><G114/><T7/><D7/><U39/><E39/><V50/><F62/><W15/><N who="3" m="26624" /><DORA hai="124" /><W60/><REACH who="3" step="1"/><G60/><REACH who="3" ten="190,190,410,200" step="2"/><T93/><D127/><U22/><E22/><V8/><F80/><W65/><AGARI ba="0,1" hai="11,15,17,59,61,64,65,67,87,91,95" m="26624" machi="65" ten="60,16000,3" yaku="1,1,2,1,0,1,53,5" doraHai="23,124" doraHaiUra="52,101" who="3" fromWho="3" sc="190,-40,190,-40,410,-80,200,170" /><INIT seed="3,0,0,4,1,24" ten="150,150,330,370" oya="3" hai0="52,69,9,54,130,72,93,45,95,55,112,103,129" hai1="135,14,31,120,71,105,17,44,89,16,102,47,80" hai2="56,118,38,40,65,34,43,46,70,3,114,84,68" hai3="13,50,66,78,33,133,79,88,83,53,23,99,111"/><W35/><G133/><T116/><D72/><U75/><E120/><V76/><F3/><W18/><G111/><T131/><D69/><N who="2" m="26730" /><F34/><W8/><G66/><T134/><D116/><U32/><E71/><V61/><F84/><W12/><G35/><T87/><D134/><U28/><E135/><V30/><F30/><N who="1" m="11305" /><E75/><V2/><F76/><W63/><G63/><T109/><D109/><U124/><E105/><V106/><F2/><W0/><G0/><T67/><D67/><U37/><E37/><N who="2" m="21775" /><F106/><W98/><G33/><T97/><D112/><U11/><E124/><V1/><F1/><W59/><G98/><T60/><D9/><N who="1" m="6223" /><E32/><V90/><F90/><W20/><G20/><T125/><D125/><U132/><E102/><V115/><F118/><W81/><G81/><T73/><D73/><U39/><E39/><V27/><F27/><W122/><G122/><T22/><D22/><U117/><E117/><V57/><F114/><W92/><REACH who="3" step="1"/><G83/><REACH who="3" ten="150,150,330,360" step="2"/><T15/><D60/><U100/><E132/><V21/><F115/><W121/><G121/><T104/><D87/><N who="1" m="50407" /><E100/><V62/><F21/><W26/><G26/><T126/><D126/><U19/><E11/><V29/><F65/><W74/><G74/><T127/><D127/><U82/><E82/><V77/><F77/><W119/><G119/><T94/><REACH who="0" step="1"/><D15/><REACH who="0" ten="140,150,330,360" step="2"/><U110/><E110/><V5/><F62/><W101/><G101/><T107/><D107/><U64/><E64/><V6/><F61/><W7/><AGARI ba="0,2" hai="7,8,12,13,18,23,50,53,59,78,79,88,92,99" machi="7" ten="20,12000,1" yaku="1,1,0,1,7,1,8,1,54,1,53,0" doraHai="24" doraHaiUra="25" who="3" fromWho="3" sc="140,-40,150,-40,330,-40,360,140" /><INIT seed="3,1,0,5,1,35" ten="100,110,290,500" oya="3" hai0="0,75,5,20,52,33,83,57,132,77,102,126,127" hai1="40,106,87,17,23,123,114,34,51,101,39,105,14" hai2="36,58,95,109,44,112,82,92,50,128,26,100,56" hai3="134,111,30,117,66,98,61,7,94,24,73,122,76"/><W18/><G117/><T64/><D33/><U118/><E39/><V8/><F112/><W46/><G122/><T84/><D132/><U60/><E34/><V90/><F36/><W119/><G119/><T19/><D64/><U9/><E123/><V25/><F109/><W63/><G134/><T135/><D135/><U93/><E114/><V103/><F82/><W86/><G73/><T49/><D102/><N who="2" m="38954" /><F8/><W10/><G18/><T104/><D104/><U120/><E120/><V65/><F92/><W125/><G125/><N who="0" m="47627" /><D75/><U13/><E118/><V27/><F65/><W89/><G46/><T31/><D31/><U85/><E60/><V28/><F28/><W59/><G63/><T11/><D19/><U96/><E106/><V131/><F128/><W2/><G111/><T107/><D107/><U130/><E130/><V45/><F45/><W74/><G74/><T67/><D67/><U133/><E133/><V32/><F32/><W115/><G115/><T129/><D20/><U81/><E105/><V12/><F12/><W55/><G66/><T70/><D129/><U110/><E110/><V37/><F37/><W38/><G38/><T48/><D70/><U97/><E97/><N who="2" m="57591" /><F131/><W116/><G116/><T4/><D49/><U124/><E124/><V3/><F3/><W113/><G113/><T6/><AGARI ba="1,0" hai="0,4,5,6,11,48,52,57,77,83,84" m="47627" machi="6" ten="30,4000,0" yaku="18,1,52,1,54,1" doraHai="35" who="0" fromWho="0" sc="100,43,110,-11,290,-11,500,-21" /><INIT seed="4,0,0,5,4,106" ten="143,99,279,479" oya="0" hai0="125,9,95,36,11,89,109,132,112,74,37,126,41" hai1="54,40,61,8,108,48,62,135,105,104,20,91,65" hai2="100,85,14,1,68,114,70,30,59,4,113,77,129" hai3="26,93,99,38,46,27,80,97,81,19,5,32,121"/><T130/><D112/><N who="2" m="43114" /><F1/><W2/><G121/><T51/><D130/><U33/><E108/><V69/><F100/><W39/><G32/><T28/><D109/><U60/><E33/><V22/><F59/><W98/><G93/><T124/><D132/><U35/><E35/><V16/><F4/><W96/><G19/><T122/><D28/><U23/><E65/><V0/><F0/><W44/><G5/><T83/><D51/><U71/><E40/><V17/><F30/><W78/><G2/><T12/><D122/><U67/><E67/><V55/><F55/><W79/><G97/><N who="0" m="57583" /><D41/><U116/><E71/><V123/><F129/><W111/><G98/><T131/><D131/><U6/><E135/><V119/><F119/><W75/><G111/><T82/><D82/><U29/><E116/><V87/><F77/><W110/><G110/><T128/><D128/><U34/><E29/><V101/><F101/><W103/><G103/><T118/><D118/><U63/><E105/><V49/><F49/><W42/><G42/><T31/><D31/><U18/><E104/><V92/><F92/><W117/><G117/><T94/><D94/><U72/><E48/><V134/><F134/><W120/><G120/><T107/><D107/><U73/><N who="1" m="15360" /><DORA hai="84" /><U115/><E115/><V15/><F123/><W127/><G127/><T3/><D3/><U76/><E76/><V45/><F45/><W24/><G24/><T56/><D56/><U25/><E25/><V58/><F58/><W102/><G102/><T90/><D125/><U10/><E91/><V43/><F43/><W133/><G133/><RYUUKYOKU ba="0,0" sc="143,-15,99,-15,279,15,479,15" hai2="14,15,16,17,22,68,69,70,85,87" hai3="26,27,38,39,44,46,75,78,79,80,81,96,99" /><INIT seed="5,1,0,0,4,88" ten="128,84,294,494" oya="1" hai0="39,48,22,36,110,11,90,134,96,4,108,35,28" hai1="115,63,67,42,40,56,124,92,113,10,118,29,27" hai2="106,21,43,121,126,69,75,101,97,59,6,120,78" hai3="45,73,70,26,62,100,112,89,37,17,44,41,76"/><U114/><E118/><V18/><F69/><W33/><G112/><T55/><D35/><U72/><E124/><V98/><F126/><W5/><G100/><T24/><D134/><U13/><E72/><V81/><F6/><W104/><G104/><T94/><D108/><U12/><E12/><V131/><F131/><W105/><G105/><T46/><REACH who="0" step="1"/><D110/><REACH who="0" ten="118,84,294,494" step="2"/><U128/><E128/><V107/><F120/><W64/><G33/><T61/><D61/><U132/><E132/><V125/><F121/><W3/><G62/><T14/><AGARI ba="1,1" hai="4,11,14,22,24,28,36,39,46,48,55,90,94,96" machi="14" ten="20,5200,0" yaku="1,1,0,1,7,1,52,1,53,0" doraHai="88" doraHaiUra="116" who="0" fromWho="0" sc="118,65,84,-27,294,-14,494,-14" /><INIT seed="6,0,0,1,4,38" ten="183,57,280,480" oya="2" hai0="12,37,55,18,60,91,98,70,101,29,71,75,15" hai1="78,117,122,128,57,58,63,36,99,88,24,28,134" hai2="20,7,94,66,50,107,59,40,53,81,95,76,119" hai3="112,69,116,19,2,85,80,22,131,92,17,100,109"/><V11/><F107/><W74/><G109/><T102/><D75/><U32/><E117/><V16/><F66/><W82/><G116/><T133/><D37/><U23/><E128/><V103/><F103/><W93/><G69/><T39/><D39/><U135/><E36/><V110/><F119/><W30/><G2/><T84/><D29/><U87/><E122/><V34/><F34/><W54/><G131/><T121/><D133/><U14/><E78/><V13/><F110/><W27/><G112/><T42/><D42/><U86/><E58/><V31/><F31/><W104/><G104/><T120/><D55/><U115/><E115/><V105/><F105/><W10/><G74/><T127/><D127/><U125/><E125/><V77/><F40/><W49/><G82/><T126/><D126/><U8/><E32/><V43/><F43/><W79/><G10/><T97/><D84/><U130/><E130/><V114/><F114/><W4/><G4/><T111/><D18/><N who="3" m="6665" /><G100/><T25/><D91/><U83/><E87/><N who="2" m="48551" /><F77/><W46/><AGARI ba="0,0" hai="22,27,30,46,49,54,79,80,85,92,93" m="6665" machi="46" ten="30,1100,0" yaku="8,1" doraHai="38" who="3" fromWho="3" sc="183,-3,57,-3,280,-5,480,11" /><INIT seed="7,0,0,1,3,49" ten="180,54,275,491" oya="3" hai0="103,71,134,93,65,135,104,119,16,50,128,42,116" hai1="122,126,14,118,36,26,8,66,125,107,29,120,32" hai2="81,30,9,124,132,28,79,34,129,87,112,109,102" hai3="45,41,101,38,31,96,131,24,56,48,35,97,117"/><W46/><G117/><T86/><D104/><U73/><E107/><V0/><F34/><W44/><G131/><T110/><D110/><U91/><E73/><V90/><F109/><W89/><G89/><N who="0" m="53431" /><D103/><U69/><E66/><V33/><F33/><W100/><G38/><T63/><D16/><U95/><E91/><V130/><F124/><W74/><G74/><T99/><D99/><U40/><E40/><V61/><F102/><N who="3" m="39531" /><G35/><T111/><D111/><U80/><E80/><V18/><F87/><W27/><G41/><T3/><D3/><U7/><E95/><V133/><F18/><W21/><G27/><T12/><D12/><U105/><E69/><V94/><F9/><W43/><G43/><T115/><D115/><U83/><E83/><V17/><F17/><W55/><AGARI ba="0,0" hai="21,24,31,44,45,46,48,55,56,96,97" m="39531" machi="55" ten="30,3000,0" yaku="8,1,52,1" doraHai="49" who="3" fromWho="3" sc="180,-10,54,-10,275,-10,491,30" owari="170,-23.0,44,-45.6,265,6.5,521,62.1" /></mjloggm>