<mjloggm ver="2.3"><GO type="169" lobby="0"/><UN n0="%E5%A5%B3%E3%81%AA%E3%81%AE%E3%81%82%E3%81%8C%E3%82%89%E3%81%9B%E3%81%A6" n1="%E6%84%9B%E3%81%AF%E6%AD%A3%E7%BE%A9" n2="%43%65%6C%65%73%54%65" n3="%E5%8F%B3%E8%84%B3%E8%A9%B0%E3%82%81" dan="16,16,16,17" rate="2132.66,2098.66,2101.80,2204.44" sx="M,F,M,M"/><TAIKYOKU oya="0"/><INIT seed="0,0,0,4,1,58" ten="250,250,250,250" oya="0" hai0="45,28,46,34,12,32,82,14,83,7,17,2,79" hai1="27,121,53,0,104,18,8,102,29,120,94,43,134" hai2="56,25,57,92,90,122,71,80,3,99,16,95,75" hai3="96,81,118,70,67,130,100,42,89,59,72,63,129"/><T131/><D131/><N who="3" m="50185" /><G118/><T97/><D97/><U101/><E134/><V35/><F71/><W15/><G42/><T73/><D2/><U33/><E104/><V65/><F122/><W66/><G15/><T20/><D82/><U69/><E69/><V114/><F114/><W31/><G31/><T40/><D45/><U132/><E43/><V41/><F41/><W103/><G103/><T85/><D73/><U68/><E68/><V115/><F115/><W125/><G125/><T6/><D28/><U109/><E132/><V74/><F3/><W13/><G13/><T87/><D87/><U5/><E109/><V47/><F35/><W62/><G89/><T52/><D52/><U10/><E53/><V111/><F111/><W76/><G100/><T119/><D119/><U106/><E106/><V61/><F47/><W116/><G96/><T26/><D26/><U110/><E110/><V86/><F57/><W88/><G88/><T54/><D54/><U9/><E102/><V117/><F117/><W64/><G116/><T38/><REACH who="0" step="1"/><D14/><REACH who="0" ten="240,250,250,250" step="2"/><U48/><E29/><V44/><F44/><W50/><G67/><T37/><D37/><U127/><E0/><V55/><F65/><W19/><G50/><T91/><D91/><U51/><E48/><V113/><F113/><W108/><G108/><T30/><D30/><U105/><E51/><V49/><F49/><W84/><G72/><T112/><D112/><U60/><E27/><V39/><F39/><W4/><G66/><T98/><D98/><U93/><E121/><V133/><F99/><W22/><G64/><T128/><D128/><RYUUKYOKU ba="0,1" sc="240,30,250,-10,250,-10,250,-10" hai0="6,7,12,17,20,32,34,38,40,46,79,83,85" /><INIT seed="0,1,1,0,1,107" ten="270,240,240,240" oya="0" hai0="77,103,11,42,121,67,52,90,18,44,129,4,105" hai1="33,46,58,82,95,49,6,20,80,79,37,45,113" hai2="104,28,132,54,34,17,27,62,117,88,22,78,94" hai3="122,115,99,91,29,63,110,57,114,7,23,102,53"/><T119/><D119/><U76/><E33/><V51/><F117/><W2/><G110/><T39/><D121/><U8/><E113/><V131/><F131/><W93/><G122/><T123/><D123/><U48/><E95/><V30/><F132/><W126/><G126/><T98/><D129/><U101/><E101/><V0/><F0/><W134/><G134/><T12/><D67/><U64/><E20/><V81/><F104/><W10/><G29/><T26/><D90/><U125/><E125/><V72/><F62/><W68/><G68/><T75/><D26/><U43/><E37/><V109/><F34/><W111/><G111/><T92/><D18/><U85/><E58/><V97/><REACH who="2" step="1"/><F109/><REACH who="2" ten="270,240,230,240" step="2"/><W40/><G114/><T60/><D105/><U70/><E70/><V9/><F9/><W118/><G115/><T86/><D60/><U56/><E64/><V15/><F15/><W120/><G118/><T108/><D108/><U128/><E128/><V50/><F50/><W16/><G120/><T25/><D25/><U21/><E21/><V35/><F35/><W3/><G3/><T31/><D39/><U112/><E112/><V84/><F84/><W47/><G23/><T5/><D86/><U14/><E85/><V89/><F89/><W130/><G91/><T116/><D116/><U38/><E38/><V19/><F19/><W71/><G16/><T24/><D24/><U59/><E48/><V87/><F87/><W55/><G130/><T83/><D5/><U69/><E69/><V32/><F32/><W1/><G71/><T73/><D4/><U65/><E65/><RYUUKYOKU ba="1,2" sc="270,-10,240,-10,230,30,240,-10" hai2="17,22,27,28,30,51,54,72,78,81,88,94,97" /><INIT seed="1,2,2,3,5,134" ten="260,230,260,230" oya="1" hai0="56,34,97,2,57,12,100,101,3,45,13,15,27" hai1="39,103,77,80,119,53,68,30,131,81,122,44,114" hai2="41,5,35,25,95,78,99,16,24,108,60,55,11" hai3="28,67,86,132,76,19,130,64,7,43,58,52,18"/><U135/><E122/><V127/><F108/><W124/><G132/><T118/><D118/><U85/><E119/><V105/><F105/><W63/><G130/><T9/><D45/><U84/><E131/><V8/><F127/><W59/><G124/><T50/><D50/><U74/><E135/><V113/><F113/><W106/><G106/><T54/><D54/><U23/><E114/><V20/><F41/><W129/><G129/><T42/><D42/><U21/><E68/><V98/><F78/><W120/><G43/><T96/><D27/><U126/><E126/><V22/><F35/><W46/><G46/><T121/><D34/><U26/><E103/><V109/><F109/><W32/><G7/><T128/><D128/><U133/><E133/><V69/><F5/><W66/><G120/><T37/><D12/><U10/><E10/><V110/><F110/><W47/><G47/><T88/><D9/><N who="2" m="3658" /><F69/><W61/><G28/><T75/><D75/><U125/><E125/><V79/><F79/><W91/><G76/><T111/><D111/><U29/><E74/><V93/><F93/><W82/><REACH who="3" step="1"/><G32/><REACH who="3" ten="260,230,260,220" step="2"/><T123/><D37/><U70/><E39/><V0/><F0/><W65/><AGARI ba="2,3" hai="18,19,52,58,59,61,63,64,65,66,67,82,86,91" machi="65" ten="30,8000,1" yaku="1,1,2,1,0,1,8,1,54,1,53,0" doraHai="134" doraHaiUra="92" who="3" fromWho="3" sc="260,-22,230,-42,260,-22,220,116" /><INIT seed="2,0,0,0,3,45" ten="238,188,238,336" oya="2" hai0="10,99,100,13,34,19,81,14,117,112,44,133,101" hai1="67,53,55,102,33,23,118,80,11,105,18,116,113" hai2="128,36,96,84,65,40,85,42,107,74,20,121,24" hai3="31,43,103,124,135,125,47,7,25,1,75,52,130"/><V50/><F121/><W82/><G135/><T38/><D112/><U92/><E113/><V132/><F74/><W95/><G130/><T46/><D34/><U54/><E33/><V109/><F128/><W15/><G1/><T123/><D123/><U64/><E11/><V91/><F132/><W111/><G111/><T5/><D133/><U49/><E105/><V72/><F72/><W122/><G122/><T89/><D117/><U2/><E2/><V114/><F114/><W16/><G7/><T70/><D70/><U129/><E129/><V6/><F6/><W9/><G95/><N who="0" m="56815" /><D38/><U32/><E32/><V66/><F109/><W104/><G103/><N who="0" m="39499" /><D81/><U127/><E80/><V93/><F107/><W3/><G3/><T110/><D110/><U71/><E71/><V57/><F36/><W68/><G68/><T4/><D4/><U86/><E118/><V83/><F42/><W28/><G104/><T29/><D29/><U131/><E131/><V120/><F120/><W12/><G43/><T97/><D97/><U37/><E37/><V58/><F58/><W88/><G75/><T30/><D30/><U51/><E116/><V41/><F41/><W48/><G15/><T98/><D98/><N who="1" m="59719" /><E86/><N who="2" m="33387" /><F83/><W17/><G28/><T115/><D115/><U39/><E39/><V59/><F40/><W21/><G31/><T73/><D73/><U69/><E69/><V119/><F119/><W27/><G27/><T62/><D5/><U61/><E127/><V56/><F65/><N who="1" m="25161" /><E61/><V35/><F66/><W76/><G76/><T22/><D62/><U94/><E94/><V8/><F35/><RYUUKYOKU ba="0,0" sc="238,10,188,10,238,-30,336,10" hai0="10,13,14,19,22,44,46" hai1="18,23,49,51,53,54,55" hai3="9,12,16,17,21,25,47,48,52,82,88,124,125" /><INIT seed="3,1,0,2,1,102" ten="248,198,208,346" oya="3" hai0="131,92,114,129,98,124,133,73,108,15,117,26,93" hai1="47,81,84,65,121,70,63,116,106,134,48,60,10" hai2="72,88,87,99,90,37,12,49,9,50,110,83,41" hai3="115,67,21,25,29,135,103,85,11,62,109,132,54"/><W19/><G115/><T112/><D15/><U53/><E121/><V69/><F110/><W7/><G109/><T75/><D26/><U35/><E116/><V58/><F69/><W38/><G38/><T1/><D1/><U24/><E134/><N who="3" m="51242" /><G103/><T34/><D34/><U122/><E122/><V30/><F72/><N who="0" m="27722" /><D133/><U45/><E63/><V31/><F37/><W44/><G44/><T64/><D64/><U20/><E35/><V78/><F99/><W80/><G54/><T32/><D32/><U39/><E10/><V40/><F58/><N who="3" m="37335" /><G19/><T76/><D108/><U105/><E47/><V95/><F41/><W51/><G51/><T94/><D117/><U28/><REACH who="1" step="1"/><E39/><REACH who="1" ten="248,188,208,346" step="2"/><V71/><F71/><W18/><G11/><T3/><D3/><U8/><E8/><V13/><F9/><W74/><G7/><T119/><D119/><U17/><E17/><V23/><F31/><W46/><G46/><T104/><D114/><U113/><E113/><V111/><F30/><W120/><G18/><T79/><D112/><U55/><E55/><V91/><F111/><W107/><G120/><T52/><D52/><U36/><E36/><V82/><F40/><W86/><G29/><T33/><D33/><U5/><E5/><V59/><F23/><W57/><G21/><T2/><D2/><U130/><E130/><N who="0" m="49673" /><D124/><U101/><E101/><AGARI ba="1,1" hai="76,79,92,93,94,98,101,104" m="49673,27722" machi="101" ten="40,8000,1" yaku="19,1,34,2,52,1" doraHai="102" who="0" fromWho="1" sc="248,93,188,-83,208,0,346,0" /><INIT seed="4,0,0,5,5,121" ten="341,105,208,346" oya="0" hai0="37,20,69,34,30,10,49,12,57,63,45,133,21" hai1="78,93,48,79,97,1,92,99,3,62,2,105,84" hai2="9,115,61,27,73,58,95,91,128,66,86,0,132" hai3="87,31,23,51,22,96,110,83,122,46,77,24,88"/><T117/><D117/><U4/><E105/><V129/><F115/><W5/><G110/><T82/><D133/><U55/><E62/><V94/><F132/><W19/><G122/><T17/><D37/><U59/><E84/><V130/><F73/><W119/><G5/><T118/><D118/><U25/><E25/><V126/><F126/><W16/><G119/><T33/><D69/><U106/><E106/><V81/><F0/><W54/><G23/><T18/><D82/><U113/><E4/><V7/><F7/><W40/><G40/><T11/><D30/><U108/><E108/><V71/><F9/><W100/><REACH who="3" step="1"/><G77/><REACH who="3" ten="341,105,208,336" step="2"/><T65/><D34/><U68/><E113/><V15/><F129/><W85/><G85/><T101/><D33/><U43/><E43/><V90/><F128/><W42/><G42/><T135/><D135/><U38/><E38/><V114/><F130/><W39/><G39/><T64/><D11/><U125/><E125/><V103/><F114/><W120/><G120/><T107/><D10/><U36/><E36/><V70/><F86/><W134/><G134/><T32/><D32/><U53/><E78/><V41/><F41/><W14/><G14/><T124/><D124/><U74/><E79/><V6/><F27/><W75/><G75/><T56/><D20/><U35/><E74/><V67/><F15/><W98/><G98/><N who="0" m="61879" /><D21/><U89/><E35/><V112/><F6/><W60/><G60/><N who="0" m="37895" /><D12/><U44/><E2/><V102/><F112/><W127/><G127/><T109/><D109/><U29/><E1/><V52/><F61/><W50/><G50/><RYUUKYOKU ba="0,1" sc="341,15,105,-15,208,-15,336,15" hai0="17,18,45,49,57,63,65" hai3="16,19,22,24,31,46,51,54,83,87,88,96,100" /><INIT seed="4,1,1,5,5,28" ten="356,90,193,351" oya="0" hai0="32,98,18,122,135,79,0,113,29,47,69,20,14" hai1="110,8,6,30,62,40,33,124,120,85,67,77,132" hai2="26,123,16,128,74,56,129,49,37,9,107,126,105" hai3="25,90,36,78,112,5,119,109,101,65,52,92,86"/><T130/><D122/><U1/><E110/><V127/><F123/><W116/><G109/><T57/><D69/><U115/><E120/><V111/><F111/><W7/><G36/><T89/><D113/><U60/><E132/><V118/><F37/><W42/><G42/><T48/><D135/><U50/><E124/><N who="2" m="47659" /><F74/><W34/><G65/><T88/><D130/><N who="2" m="50282" /><F118/><W21/><G78/><T64/><D0/><U73/><E115/><V108/><F108/><W17/><G112/><T68/><D68/><U97/><E97/><V46/><F56/><W125/><G101/><T87/><D32/><U84/><E62/><V44/><F44/><W131/><G131/><T19/><D29/><U91/><E73/><V96/><F96/><W22/><G34/><T24/><D57/><U55/><E40/><N who="2" m="24775" /><F26/><N who="3" m="14639" /><G125/><T12/><D24/><U80/><E60/><V11/><F11/><W76/><G116/><T94/><D64/><U23/><E67/><V99/><F99/><W3/><G119/><T81/><D48/><U10/><E10/><V100/><F100/><W93/><G25/><T134/><D47/><U121/><E121/><V27/><F27/><W4/><G22/><N who="0" m="11591" /><D134/><U133/><E133/><V95/><F95/><W82/><G93/><T75/><D75/><U71/><E71/><V38/><F38/><W103/><G103/><AGARI ba="1,1" hai="14,19,20,79,81,87,88,89,94,98,103" m="11591" machi="103" ten="30,2900,0" yaku="8,1,54,1" doraHai="28" who="0" fromWho="3" sc="356,42,90,0,193,0,351,-32" /><INIT seed="4,2,0,1,5,108" ten="398,90,193,319" oya="0" hai0="33,89,58,61,93,48,127,56,4,39,21,100,9" hai1="42,29,10,8,97,85,20,47,37,103,114,94,45" hai2="88,73,101,40,134,104,74,23,125,112,67,60,49" hai3="116,120,105,52,119,1,2,81,80,18,53,132,72"/><T22/><D39/><U109/><E109/><V106/><F125/><W28/><G105/><T38/><D38/><U41/><E85/><V102/><F134/><W57/><G132/><T111/><D33/><U27/><REACH who="1" step="1"/><E114/><REACH who="1" ten="398,80,193,319" step="2"/><V133/><F112/><W91/><G116/><T46/><D111/><U86/><E86/><V121/><F133/><W115/><G115/><T35/><D127/><U11/><E11/><V62/><F121/><W43/><G119/><T110/><D110/><U84/><E84/><V83/><F73/><W3/><G120/><T7/><D9/><U64/><E64/><V117/><F74/><W66/><G66/><T99/><D99/><U69/><E69/><V16/><F117/><W124/><G124/><T96/><D96/><U92/><E92/><V51/><F67/><W70/><G70/><T68/><D93/><U107/><E107/><V77/><F104/><W126/><G126/><T32/><D68/><U6/><E6/><V90/><F106/><W131/><G72/><T122/><D122/><U128/><E128/><V129/><F129/><W79/><G131/><T0/><D7/><U82/><E82/><V15/><F83/><W19/><G80/><T135/><D4/><U95/><E95/><V75/><F75/><W14/><G81/><T44/><D135/><U55/><E55/><V12/><F77/><W24/><G53/><T130/><D130/><U25/><E25/><V54/><F54/><W123/><G79/><T50/><D89/><U26/><E26/><V71/><F71/><W98/><G123/><T87/><D87/><U17/><E17/><RYUUKYOKU ba="2,1" sc="398,-10,80,30,193,-10,319,-10" hai1="8,10,20,27,29,37,41,42,45,47,94,97,103" /><INIT seed="5,3,1,4,0,123" ten="388,110,183,309" oya="1" hai0="60,126,29,43,90,57,101,38,76,91,75,28,130" hai1="3,115,41,45,127,11,31,2,66,99,84,135,64" hai2="67,49,0,21,8,97,124,113,48,9,36,108,96" hai3="110,30,86,107,25,56,20,79,112,32,16,40,69"/><U100/><E115/><V22/><F36/><W78/><G112/><T58/><D126/><U14/><E127/><V19/><F124/><W50/><G69/><T47/><D130/><U72/><E72/><V128/><F128/><W55/><G107/><T94/><D75/><U81/><E135/><V63/><F113/><W39/><G110/><T95/><D76/><U27/><E3/><V98/><F108/><W103/><G103/><T80/><D80/><U104/><E2/><V10/><F0/><W105/><G105/><T77/><D77/><U111/><E111/><V129/><F129/><W1/><G1/><T92/><D101/><U4/><E84/><V85/><F85/><W89/><G40/><T132/><D132/><U131/><E81/><V23/><F19/><W102/><G102/><T35/><D58/><AGARI ba="3,1" hai="8,9,10,21,22,23,48,49,58,63,67,96,97,98" machi="58" ten="50,6400,0" yaku="29,2,8,1" doraHai="123" who="2" fromWho="0" sc="388,-73,110,0,183,83,309,0" /><INIT seed="6,0,0,4,0,73" ten="315,110,266,309" oya="2" hai0="4,109,81,19,130,47,68,55,60,101,96,120,64" hai1="123,25,103,99,61,59,44,88,35,2,71,131,30" hai2="15,65,58,95,91,92,54,75,135,107,10,134,83" hai3="113,121,67,126,18,93,43,128,125,116,3,127,38"/><V66/><F107/><W104/><G104/><T72/><D109/><U17/><E123/><V70/><F70/><W132/><G116/><T11/><D120/><U122/><E122/><V42/><F42/><W13/><G121/><T50/><D130/><U97/><E131/><V28/><F28/><W7/><G128/><T129/><D129/><U111/><E2/><V46/><F46/><N who="3" m="23927" /><G132/><N who="2" m="50729" /><F92/><W114/><G67/><T118/><D19/><U78/><E111/><V86/><F75/><W82/><G82/><T80/><D72/><U22/><E71/><V29/><F29/><W90/><G7/><T84/><D84/><U24/><E44/><V119/><F95/><W112/><G3/><T51/><D118/><U110/><E110/><V27/><F27/><W124/><G124/><T76/><D81/><U77/><E99/><V41/><F41/><W40/><G40/><T53/><D96/><U32/><E32/><V57/><F119/><W34/><G34/><T100/><D80/><U74/><E74/><V133/><F133/><W9/><G114/><T69/><D76/><U39/><E39/><V117/><F117/><W89/><G89/><T52/><D69/><U0/><E0/><V14/><F58/><W62/><G62/><T98/><D98/><AGARI ba="0,0" hai="9,13,18,90,93,98,112,113,125,126,127" m="23927" machi="98" ten="40,1300,0" yaku="18,1" doraHai="73" who="3" fromWho="0" sc="315,-13,110,0,266,0,309,13" /><INIT seed="7,0,0,2,0,33" ten="302,110,266,322" oya="3" hai0="84,27,39,16,95,67,87,135,46,132,78,108,117" hai1="91,127,71,76,123,107,72,62,82,58,105,115,80" hai2="114,3,131,6,94,98,85,97,0,125,89,53,101" hai3="59,12,96,47,14,41,2,99,36,65,43,54,100"/><W37/><G2/><T75/><D108/><U69/><E123/><V130/><F114/><W63/><G99/><T4/><D117/><U133/><E115/><V70/><F70/><W1/><G1/><N who="2" m="585" /><F6/><W35/><G35/><T9/><D67/><U120/><E120/><V29/><F29/><W52/><G54/><T31/><D4/><U21/><E127/><V106/><F53/><W24/><G24/><T90/><D75/><U110/><E133/><N who="0" m="51273" /><D39/><U93/><E110/><V92/><F125/><W17/><G65/><T10/><D46/><U60/><E82/><N who="2" m="49335" /><F98/><W121/><G121/><T104/><D104/><U38/><E38/><V18/><F18/><W83/><G83/><N who="0" m="47223" /><D31/><U42/><E42/><V44/><F44/><W73/><G73/><T7/><D7/><U79/><E79/><V28/><F28/><W129/><G41/><T8/><D27/><U81/><E81/><V22/><F22/><W68/><G68/><T45/><D45/><U25/><E105/><V55/><F55/><W19/><G37/><T20/><D20/><U118/><E118/><V50/><F50/><W112/><G112/><T26/><D26/><U86/><E107/><V15/><F15/><AGARI ba="0,0" hai="8,9,10,15,16,87,90,95" m="47223,51273" machi="15" ten="30,2000,0" yaku="20,1,54,1" doraHai="33" who="0" fromWho="2" sc="302,20,110,0,266,-20,322,0" owari="322,42.2,110,-39.0,246,-15.4,322,12.2" /></mjloggm>