<mjloggm ver="2.3"><GO type="169" lobby="0"/><UN n0="%E3%82%82%E3%81%BF%E3%81%95%E3%81%92" n1="%6D%6F%75%77" n2="%E3%83%9F%E3%82%B2%E3%83%BC%E3%83%AB%E6%94%B9" n3="%E7%9C%9F%E9%BE%8D%E5%85%84%E8%B2%B4" dan="17,16,16,16" rate="2185.40,2113.44,2212.56,2038.81" sx="M,M,M,M"/><TAIKYOKU oya="0"/><INIT seed="0,0,0,2,0,121" ten="250,250,250,250" oya="0" hai0="106,8,58,30,10,101,64,15,80,100,103,84,78" hai1="88,55,92,95,70,7,32,83,39,96,12,71,69" hai2="45,61,134,6,56,107,66,0,76,3,111,26,38" hai3="109,16,104,57,82,23,31,117,129,1,29,87,126"/><T18/><D30/><U51/><E32/><V127/><F107/><W81/><G117/><T86/><D106/><U133/><E39/><V132/><F127/><W102/><G1/><T112/><D112/><U42/><E133/><N who="2" m="51307" /><F76/><W115/><G115/><T60/><REACH who="0" step="1"/><D86/><REACH who="0" ten="240,250,250,250" step="2"/><U19/><E83/><V5/><F0/><W123/><G82/><T21/><AGARI ba="0,1" hai="8,10,15,18,21,58,60,64,78,80,84,100,101,103" machi="21" ten="30,12000,1" yaku="1,1,2,1,0,1,8,1,53,1" doraHai="121" doraHaiUra="52" who="0" fromWho="0" sc="240,130,250,-40,250,-40,250,-40" /><INIT seed="0,1,0,0,5,100" ten="370,210,210,210" oya="0" hai0="10,120,122,77,83,30,103,129,91,9,20,37,95" hai1="111,40,16,118,24,79,28,51,34,71,72,21,73" hai2="48,115,135,104,17,32,90,13,75,19,93,96,33" hai3="63,67,56,89,57,110,61,82,133,12,88,81,3"/><T1/><D37/><U132/><E71/><V5/><F115/><W41/><G3/><T18/><D129/><U31/><E118/><V123/><F123/><W80/><G110/><T50/><D30/><U119/><E119/><V112/><F75/><W128/><G128/><T58/><D103/><U15/><E111/><V125/><F112/><W97/><G133/><T87/><D1/><U7/><E79/><V98/><F135/><W11/><G41/><T85/><D122/><U102/><E31/><V54/><F125/><W114/><G114/><T130/><D130/><U116/><E116/><V131/><F5/><W94/><G89/><T52/><REACH who="0" step="1"/><D120/><REACH who="0" ten="360,210,210,210" step="2"/><U108/><E132/><V36/><F36/><W6/><REACH who="3" step="1"/><G81/><REACH who="3" ten="360,210,210,200" step="2"/><T74/><D74/><U2/><E108/><V29/><F131/><W47/><G47/><T62/><D62/><U70/><E73/><V27/><F48/><W127/><G127/><T45/><D45/><U92/><E72/><V4/><F33/><W84/><G84/><T59/><D59/><U134/><E134/><V26/><F32/><W69/><G69/><T22/><D22/><U107/><E70/><V53/><F29/><W8/><G8/><T0/><D0/><U109/><E109/><V66/><F93/><W99/><G99/><T117/><D117/><U86/><E86/><V68/><F98/><W44/><G44/><T46/><D46/><N who="1" m="26055" /><E92/><V124/><F68/><W23/><G23/><T35/><D35/><U106/><E102/><V14/><F124/><W76/><G76/><T49/><D49/><U38/><E38/><V113/><F113/><RYUUKYOKU ba="1,2" sc="360,10,210,10,210,-30,200,10" hai0="9,10,18,20,50,52,58,77,83,85,87,91,95" hai1="2,7,15,16,21,24,28,34,106,107" hai3="6,11,12,56,57,61,63,67,80,82,88,94,97" /><INIT seed="0,2,2,5,0,97" ten="370,220,180,210" oya="0" hai0="53,0,8,135,16,59,88,128,21,127,130,45,39" hai1="79,10,114,32,94,64,134,125,35,106,72,58,95" hai2="71,77,17,91,30,31,38,3,13,33,6,40,46" hai3="27,26,110,60,107,1,65,90,44,102,83,132,116"/><T115/><D115/><U61/><E134/><V98/><F71/><W85/><G116/><T68/><D68/><U69/><E125/><V67/><F67/><W112/><G112/><T57/><D127/><U101/><E114/><V12/><F33/><W28/><G1/><T76/><D76/><U126/><E126/><V24/><F77/><W124/><G124/><T129/><D135/><U55/><E106/><V66/><F66/><W74/><G132/><T108/><D108/><U93/><E10/><V105/><F3/><W133/><G133/><T36/><D57/><U122/><E122/><V18/><F6/><W80/><G110/><T51/><D45/><U81/><REACH who="1" step="1"/><E101/><REACH who="1" ten="370,210,180,210" step="2"/><V121/><F105/><W29/><G102/><T99/><D8/><U84/><E84/><V100/><F121/><W123/><G107/><T104/><D0/><U131/><E131/><V2/><F100/><W25/><G123/><T47/><D104/><U15/><E15/><V50/><F2/><W37/><G74/><T78/><D47/><U54/><E54/><V117/><F13/><W120/><G120/><T34/><D34/><U56/><E56/><V92/><F117/><W73/><G73/><T43/><D43/><U87/><E87/><V42/><F40/><W82/><G44/><T41/><D41/><U49/><AGARI ba="2,3" hai="32,35,49,55,58,61,64,69,72,79,81,93,94,95" machi="49" ten="30,4000,0" yaku="1,1,0,1,53,1" doraHai="97" doraHaiUra="75" who="1" fromWho="1" sc="370,-22,210,76,180,-12,210,-12" /><INIT seed="1,0,0,0,5,98" ten="348,286,168,198" oya="1" hai0="21,37,5,2,27,16,79,104,125,47,29,8,86" hai1="60,90,106,105,18,126,44,96,56,52,48,134,110" hai2="71,101,124,57,132,13,72,83,76,93,77,120,65" hai3="35,42,97,62,100,31,91,121,89,111,51,38,94"/><U36/><E134/><V49/><F120/><W112/><G121/><T99/><D125/><U80/><E126/><V20/><F124/><W22/><G112/><T119/><D119/><U73/><E36/><V15/><F71/><W82/><G35/><T58/><D58/><U11/><E73/><V1/><F1/><W53/><G111/><T131/><D131/><U46/><E110/><V12/><F132/><W130/><G130/><T108/><D108/><U6/><E18/><V133/><F133/><W25/><G62/><T107/><D29/><U24/><E24/><V75/><F20/><W92/><G82/><T55/><D55/><U70/><E46/><V43/><F43/><W4/><G4/><T32/><D32/><U54/><E70/><V14/><F14/><W0/><G0/><T64/><D64/><U115/><E115/><V123/><F123/><W45/><REACH who="3" step="1"/><G94/><REACH who="3" ten="348,286,168,188" step="2"/><T17/><D5/><U74/><E106/><V81/><F93/><W69/><G69/><T109/><D2/><U95/><E105/><V122/><F122/><W129/><G129/><T7/><D7/><U66/><E80/><V26/><F81/><W61/><G61/><T23/><D109/><U59/><E74/><V67/><F83/><W113/><G113/><T40/><D107/><U85/><E6/><V135/><F75/><W3/><G3/><T84/><D79/><U10/><REACH who="1" step="1"/><E85/><REACH who="1" ten="348,276,168,188" step="2"/><V103/><F72/><W88/><G88/><T114/><D114/><U128/><E128/><V30/><F135/><W127/><G127/><T33/><D86/><U28/><E28/><V102/><F30/><RYUUKYOKU ba="0,2" sc="348,-15,276,15,168,-15,188,15" hai1="10,11,44,48,52,54,56,59,60,66,90,95,96" hai3="22,25,31,38,42,45,51,53,89,91,92,97,100" /><INIT seed="1,1,2,3,4,68" ten="333,291,153,203" oya="1" hai0="108,77,107,49,65,39,3,116,87,41,34,8,120" hai1="50,72,70,113,78,21,112,63,7,37,86,28,13" hai2="35,23,89,11,129,22,10,58,118,54,84,117,132" hai3="123,101,24,43,32,2,98,99,51,16,126,75,60"/><U131/><E72/><V6/><F35/><W104/><G123/><T73/><D49/><U9/><E131/><V135/><F129/><W56/><G75/><T1/><D65/><U71/><E37/><V88/><F84/><W82/><G2/><T90/><D87/><U45/><E28/><V20/><F6/><W42/><G82/><T4/><D90/><N who="2" m="34922" /><F54/><W95/><G126/><T91/><D91/><U115/><E21/><V125/><F58/><W0/><G0/><T106/><D34/><U69/><E63/><V44/><F44/><W31/><G51/><T57/><D57/><U100/><E100/><V18/><F18/><W12/><G104/><T40/><D1/><U128/><E128/><V133/><F125/><W103/><G98/><T5/><D5/><U53/><REACH who="1" step="1"/><E71/><REACH who="1" ten="333,281,153,203" step="2"/><V52/><F52/><W85/><G101/><T93/><D73/><U46/><E46/><V15/><F15/><W61/><G85/><T80/><D39/><U26/><E26/><V94/><F94/><W30/><G30/><T14/><D93/><U105/><E105/><V111/><F111/><W109/><G109/><T122/><D108/><U134/><E134/><V19/><F19/><W119/><G60/><T55/><D14/><U124/><E124/><V130/><F130/><W127/><G127/><T64/><D107/><U66/><E66/><V17/><F17/><W110/><G110/><T59/><D64/><U74/><E74/><V27/><F27/><W81/><G12/><T76/><D106/><U29/><E29/><V67/><F67/><W62/><G62/><T96/><D3/><RYUUKYOKU ba="1,3" sc="333,-15,281,15,153,15,203,-15" hai1="7,9,13,45,50,53,69,70,78,86,112,113,115" hai2="10,11,20,22,23,117,118,132,133,135" /><INIT seed="1,2,3,3,2,27" ten="318,296,168,188" oya="1" hai0="131,65,23,9,128,93,133,43,95,4,62,52,14" hai1="122,117,45,110,80,132,118,16,51,49,100,11,39" hai2="78,67,20,82,32,104,58,88,37,74,42,44,73" hai3="63,70,69,71,84,6,105,97,81,107,47,31,113"/><U26/><E122/><V68/><F68/><W72/><G113/><T109/><D109/><U115/><E115/><V103/><F32/><W130/><G72/><T66/><D133/><U76/><E132/><V0/><F73/><W56/><G130/><N who="0" m="49707" /><D43/><U5/><E39/><V87/><F0/><W77/><G6/><T57/><D23/><U86/><E100/><V125/><F20/><W8/><G8/><T129/><N who="0" m="49715" /><T33/><DORA hai="120" /><D33/><U98/><E98/><V46/><F46/><W83/><G47/><T3/><D3/><U18/><E51/><V15/><F15/><W12/><G12/><T38/><D38/><U79/><E79/><V102/><F104/><W119/><G119/><T90/><D95/><U61/><E61/><V108/><F108/><W29/><G83/><T55/><D66/><U126/><E110/><V17/><F17/><W116/><G116/><T10/><D10/><U101/><E26/><V94/><REACH who="2" step="1"/><F125/><REACH who="2" ten="318,296,158,188" step="2"/><W92/><G105/><T48/><D48/><U127/><E118/><V28/><F28/><W36/><G107/><T64/><D64/><U85/><E117/><V124/><F124/><N who="1" m="47657" /><E18/><V114/><F114/><W96/><G36/><T91/><D65/><U1/><E16/><V89/><F89/><W7/><G7/><T99/><D91/><U135/><E135/><V24/><F24/><W59/><G59/><T40/><D40/><N who="1" m="24743" /><E101/><V50/><F50/><W112/><G112/><T106/><D106/><U13/><E1/><V34/><F34/><W41/><G41/><T21/><D21/><U35/><E35/><V134/><F134/><RYUUKYOKU ba="2,4" sc="318,10,296,10,158,10,188,-30" hai0="4,9,14,52,55,57,62,90,93,99" hai1="5,11,13,76,80,85,86" hai2="37,42,44,58,67,74,78,82,87,88,94,102,103" /><INIT seed="1,3,4,4,2,109" ten="328,306,168,158" oya="1" hai0="99,29,6,124,42,117,76,31,39,45,65,103,101" hai1="72,90,63,47,97,77,116,111,17,131,48,46,52" hai2="3,93,61,38,135,66,120,25,62,2,54,96,75" hai3="133,9,53,30,58,60,104,22,28,128,7,123,44"/><U50/><E116/><V41/><F120/><W85/><G123/><T13/><D124/><U68/><E111/><V37/><F75/><W57/><G104/><T43/><D117/><U4/><E131/><V59/><F135/><W119/><G119/><T106/><D65/><U19/><E4/><V70/><F37/><W92/><G133/><T71/><D71/><U18/><E72/><V40/><F40/><W32/><G128/><T115/><D42/><U33/><E33/><V10/><F10/><W14/><G32/><T98/><D76/><U5/><E5/><V118/><F118/><W91/><G44/><T0/><D0/><U51/><E77/><V11/><F11/><W94/><G94/><T100/><D100/><U89/><E68/><V110/><F110/><W127/><G127/><T8/><REACH who="0" step="1"/><D115/><REACH who="0" ten="318,306,168,158" step="2"/><U88/><E97/><V1/><F41/><W113/><G113/><T107/><AGARI ba="3,5" hai="6,8,13,29,31,39,43,45,98,99,101,103,106,107" machi="107" ten="20,8000,1" yaku="1,1,2,1,0,1,7,1,9,1,53,0" doraHai="109" doraHaiUra="126" who="0" fromWho="0" sc="318,139,306,-43,168,-23,158,-23" /><INIT seed="2,0,0,3,2,74" ten="457,263,145,135" oya="2" hai0="9,53,72,78,58,25,18,27,30,71,39,36,84" hai1="12,88,126,86,117,20,114,31,1,26,89,14,76" hai2="45,75,131,70,90,23,73,51,69,87,56,85,5" hai3="122,57,134,124,35,8,13,132,104,33,66,67,108"/><V49/><F5/><W65/><G122/><T37/><D71/><U106/><E1/><V0/><F0/><W28/><G104/><T91/><D9/><U24/><E106/><V61/><F131/><W118/><G118/><T60/><D60/><U29/><E114/><V63/><F90/><W99/><G124/><T38/><D18/><U82/><E126/><V107/><F107/><W129/><G129/><T2/><D2/><U102/><E102/><V93/><F93/><W17/><G108/><T77/><D72/><U96/><E117/><V94/><F94/><W3/><G99/><T92/><N who="0" m="9216" /><DORA hai="62" /><T4/><D4/><U133/><E133/><N who="3" m="51306" /><G3/><T103/><D103/><U40/><E40/><V121/><F56/><W21/><G57/><T50/><REACH who="0" step="1"/><D25/><AGARI ba="0,0" hai="8,13,17,21,25,28,33,35,65,66,67" m="51306" machi="25" ten="30,7700,0" yaku="20,1,52,3" doraHai="74,62" who="3" fromWho="0" sc="457,-77,263,0,145,0,135,77" /><INIT seed="3,0,0,3,5,97" ten="380,263,145,212" oya="3" hai0="55,54,76,86,129,116,135,75,107,91,126,32,108" hai1="37,111,14,127,19,18,81,130,121,99,83,29,113" hai2="6,42,80,8,63,33,122,65,103,74,94,57,53" hai3="9,26,27,119,123,118,46,95,120,23,112,133,2"/><W10/><G95/><T134/><D116/><N who="3" m="44585" /><G46/><T125/><D32/><U115/><E29/><V5/><F33/><W106/><G106/><T98/><D54/><U132/><E14/><V105/><F105/><W24/><G112/><T22/><D22/><U66/><E66/><V58/><F122/><N who="3" m="46635" /><G133/><N who="0" m="50699" /><D55/><U1/><E83/><V128/><F42/><W44/><G44/><T30/><D30/><U49/><E81/><V110/><F80/><W40/><G40/><T87/><D75/><U17/><E37/><V104/><F104/><W45/><G45/><T78/><D129/><U15/><E130/><V47/><F47/><W64/><G64/><T7/><D7/><U43/><E115/><V34/><F128/><W69/><G69/><T88/><D107/><U13/><E113/><V36/><F74/><W82/><G82/><N who="0" m="49271" /><D98/><U100/><E99/><V41/><F41/><W16/><G2/><T96/><D96/><U101/><E1/><V109/><F53/><W51/><G51/><T93/><D108/><U124/><E111/><V28/><F110/><W39/><G39/><T114/><D114/><U4/><E121/><V102/><F36/><W131/><G131/><T73/><D73/><U68/><E68/><V48/><F109/><W90/><G90/><T77/><AGARI ba="0,0" hai="76,77,78,86,91,93,125,126" m="49271,50699" machi="77" ten="40,8000,1" yaku="20,1,34,2,54,1" doraHai="97" who="0" fromWho="0" sc="380,80,263,-20,145,-20,212,-40" /><INIT seed="4,0,0,1,2,55" ten="460,243,125,172" oya="0" hai0="27,66,16,34,1,84,50,59,26,24,89,124,61" hai1="81,65,12,52,35,0,49,95,131,4,51,86,57" hai2="100,123,96,68,110,21,130,98,134,75,128,48,67" hai3="122,5,54,135,3,125,101,11,94,15,83,6,102"/><T115/><D1/><U85/><E35/><V129/><F110/><W73/><G125/><T97/><D124/><U88/><E131/><V60/><F123/><W119/><G119/><T8/><D115/><U9/><E65/><V111/><F111/><W2/><G122/><T87/><D34/><U63/><REACH who="1" step="1"/><E0/><REACH who="1" ten="460,233,125,172" step="2"/><V90/><F134/><W14/><G135/><T126/><D126/><U114/><E114/><V19/><F75/><W37/><G73/><T79/><D79/><AGARI ba="0,1" hai="4,9,12,49,51,52,57,63,79,81,85,86,88,95" machi="79" ten="30,12000,2" yaku="1,1,7,1,8,1,52,1,54,2,53,0" doraHai="55" doraHaiUra="31" who="1" fromWho="0" sc="460,-120,233,130,125,0,172,0" /><INIT seed="5,0,0,3,4,38" ten="340,363,125,172" oya="1" hai0="63,122,70,73,2,65,35,71,31,83,113,50,64" hai1="62,10,33,7,9,103,127,107,42,37,36,68,57" hai2="46,128,91,20,112,118,115,43,21,16,3,104,22" hai3="133,134,85,25,80,44,4,76,32,75,52,119,66"/><U15/><E33/><V26/><F104/><W8/><G119/><T124/><D2/><U81/><E68/><V30/><F118/><W48/><G66/><T93/><D31/><U51/><E127/><V110/><F110/><W126/><G126/><T116/><D35/><U106/><E51/><N who="2" m="27103" /><F3/><W131/><G131/><T60/><D124/><U39/><E81/><V27/><F128/><W100/><G100/><T129/><D129/><U53/><E107/><V77/><F77/><W102/><G102/><T59/><D116/><U97/><REACH who="1" step="1"/><E10/><REACH who="1" ten="340,353,125,172" step="2"/><V130/><F130/><W67/><G133/><T29/><D83/><U109/><E109/><V99/><F30/><W108/><G134/><T88/><D29/><U105/><E105/><V17/><F27/><W5/><G25/><T6/><D50/><U24/><E24/><V92/><F26/><W86/><G108/><T61/><D71/><U14/><E14/><V28/><F28/><W0/><G32/><T121/><D70/><U78/><E78/><V98/><F98/><W55/><G0/><T18/><D61/><U79/><E79/><V84/><F99/><W45/><G8/><T12/><D60/><U69/><E69/><V47/><F47/><AGARI ba="0,1" hai="7,9,15,36,37,39,42,47,53,57,62,97,103,106" machi="47" ten="40,3900,0" yaku="1,1,52,1,53,0" doraHai="38" doraHaiUra="34" who="1" fromWho="2" sc="340,0,353,49,125,-39,172,0" /><INIT seed="5,1,0,0,4,18" ten="340,402,86,172" oya="1" hai0="16,46,32,34,88,23,73,100,135,36,8,21,59" hai1="52,94,115,42,131,57,104,82,121,112,6,51,39" hai2="99,4,67,14,123,20,7,101,103,126,124,114,70" hai3="81,2,102,133,75,63,26,72,35,91,0,118,50"/><U48/><E104/><V1/><F123/><W98/><G133/><T107/><D73/><U37/><E6/><V119/><F119/><W38/><G38/><N who="1" m="14346" /><E82/><V49/><F1/><W83/><G50/><T45/><D59/><U58/><E94/><V17/><F49/><W12/><G12/><T61/><D61/><N who="1" m="36007" /><E121/><V19/><F19/><W79/><G118/><T117/><D117/><U69/><E69/><V15/><F15/><W113/><G75/><T41/><D46/><N who="1" m="25687" /><E131/><V64/><F70/><W30/><G81/><T106/><D106/><U134/><E134/><V66/><F114/><W86/><G113/><T128/><D128/><U13/><E13/><V53/><F7/><W47/><G79/><T111/><D135/><U130/><E130/><V127/><F4/><W27/><G72/><T85/><D107/><U44/><E58/><V116/><F116/><W108/><G83/><T132/><D132/><U29/><E29/><V97/><REACH who="2" step="1"/><F53/><AGARI ba="1,0" hai="44,51,53,112,115" m="25687,36007,14346" machi="53" ten="30,5800,0" yaku="34,2,54,1" doraHai="18" who="1" fromWho="2" sc="340,0,402,61,86,-61,172,0" /><INIT seed="5,2,0,1,4,125" ten="340,463,25,172" oya="1" hai0="61,67,18,23,97,31,87,9,102,98,17,15,80" hai1="42,41,34,22,24,68,85,69,116,74,1,56,47" hai2="88,72,35,129,10,64,14,100,105,94,132,82,30" hai3="7,46,32,119,71,38,57,120,110,103,81,92,135"/><U84/><E74/><V112/><F64/><W130/><G32/><T11/><D31/><U79/><E1/><V113/><F30/><W0/><G71/><T117/><D117/><U39/><E34/><V83/><F35/><W36/><G120/><T40/><D40/><U60/><E42/><V122/><F14/><W95/><G57/><N who="0" m="37295" /><D102/><U53/><E116/><V115/><F10/><N who="0" m="3594" /><D18/><U123/><E123/><V48/><F48/><W99/><G38/><T12/><D12/><U6/><E6/><V101/><F122/><W58/><G36/><T78/><AGARI ba="2,0" hai="15,17,23,78,80,87,97,98" m="3594,37295" machi="78" ten="30,1100,0" yaku="8,1" doraHai="125" who="0" fromWho="0" sc="340,17,463,-7,25,-5,172,-5" /><INIT seed="6,0,0,0,5,10" ten="357,456,20,167" oya="2" hai0="42,122,118,29,94,48,34,26,60,131,123,95,65" hai1="38,21,134,20,52,8,68,111,89,86,23,50,88" hai2="16,35,104,19,80,82,6,13,49,59,30,129,79" hai3="28,93,135,46,39,72,4,98,67,73,100,43,132"/><V102/><F129/><W70/><G4/><T3/><D3/><U96/><E68/><V101/><F104/><N who="3" m="63511" /><G28/><T81/><D118/><U31/><E38/><V113/><F30/><W105/><G93/><T32/><D131/><U108/><E134/><N who="3" m="51242" /><G105/><T106/><D106/><U130/><E8/><N who="2" m="4247" /><F35/><W9/><G9/><T18/><D32/><U17/><E31/><V58/><F113/><W128/><G128/><T27/><D81/><N who="2" m="31338" /><F79/><W45/><G45/><T53/><D42/><U83/><E130/><V107/><F107/><W120/><G120/><T127/><D123/><U37/><E37/><V66/><F102/><W56/><G70/><T133/><D34/><U47/><E111/><V90/><F101/><W44/><G44/><T77/><D122/><U11/><E108/><V25/><F25/><W24/><G24/><T75/><D26/><N who="1" m="14607" /><E11/><V1/><F1/><W0/><G0/><T110/><D27/><U15/><E15/><V114/><F114/><W121/><G121/><T62/><D110/><U117/><E117/><V40/><F90/><W2/><G2/><T7/><D133/><U55/><E89/><V76/><F76/><W54/><G67/><T63/><D65/><U12/><E21/><V71/><F71/><W36/><G36/><T87/><D77/><U99/><E23/><V126/><F126/><W57/><G72/><T33/><D127/><U22/><E22/><V109/><F109/><W85/><G73/><T115/><D29/><U112/><E112/><V92/><F92/><W5/><G39/><T124/><D95/><U125/><E125/><V51/><F66/><RYUUKYOKU ba="0,0" sc="357,0,456,0,20,0,167,0" /><INIT seed="7,1,0,5,0,66" ten="357,456,20,167" oya="3" hai0="50,89,54,101,90,25,6,36,113,35,7,57,81" hai1="20,44,64,40,4,59,46,16,33,72,31,130,69" hai2="125,119,60,77,129,106,52,5,47,114,105,23,78" hai3="118,107,18,116,115,133,131,45,32,14,21,99,112"/><W3/><G45/><T68/><D36/><U53/><E72/><V75/><F47/><W122/><G99/><T85/><D101/><U96/><E46/><V83/><F60/><W120/><G107/><T74/><D74/><U124/><E4/><V132/><F5/><W84/><G84/><T37/><D37/><U1/><E1/><V24/><F75/><W123/><G3/><T104/><D104/><U11/><E11/><V55/><F119/><N who="3" m="45611" /><G32/><T135/><D135/><U98/><E33/><V102/><F102/><W87/><G87/><T128/><D128/><U42/><E42/><V110/><F110/><W134/><G131/><T0/><D0/><U108/><E130/><V34/><F129/><W8/><G8/><T111/><D111/><U13/><E108/><V9/><F34/><W12/><G12/><T26/><D35/><U117/><E117/><V19/><F9/><W56/><G56/><T93/><D68/><U71/><E71/><V30/><F30/><W61/><G61/><T39/><D39/><N who="1" m="21535" /><E31/><V109/><F109/><W121/><N who="3" m="30720" /><DORA hai="103" /><W2/><G2/><T27/><D6/><U88/><E98/><V63/><F63/><W86/><G86/><T43/><D7/><U65/><E69/><V48/><F48/><W41/><G41/><T92/><D43/><U73/><E73/><V22/><F83/><W80/><G80/><T10/><D10/><U95/><E64/><V97/><F97/><W126/><G126/><T49/><D81/><U127/><E65/><V94/><F125/><W70/><G70/><T91/><D85/><U51/><AGARI ba="1,0" hai="13,16,20,51,53,59,88,95,96,124,127" m="21535" machi="51" ten="30,4000,0" yaku="5,1,54,2" doraHai="66,103" who="1" fromWho="1" sc="357,-11,456,43,20,-11,167,-21" owari="346,14.6,499,59.9,9,-49.1,146,-25.4" /></mjloggm>