<mjloggm ver="2.3"><GO type="225" lobby="0"/><UN n0="%33%74%72%65%65" n1="%E7%B4%94%E6%BD%94%E3%83%94%E3%83%A9%E3%83%8B%E3%82%A2" n2="%E3%83%96%E3%83%83%E3%83%91%E3%82%AA%E3%83%96%E3%83%81%E3%82%AD%E3%83%B3" n3="%E6%9C%88%E5%B3%B6%E5%9F%BA" dan="17,16,16,17" rate="2162.84,2152.62,2144.05,2228.76" sx="F,M,M,M"/><TAIKYOKU oya="0"/><INIT seed="0,0,0,5,3,58" ten="250,250,250,250" oya="0" hai0="3,63,34,124,79,97,28,123,91,17,134,75,84" hai1="30,40,29,31,39,110,74,105,71,52,69,64,47" hai2="76,100,121,55,94,59,70,106,67,12,49,50,132" hai3="73,116,27,54,7,101,38,26,126,92,32,83,4"/><T72/><D123/><U85/><E74/><V19/><F121/><W51/><G116/><T95/><D3/><U129/><E110/><V96/><F132/><W14/><G38/><T66/><D134/><U111/><E111/><V45/><F76/><W131/><G131/><T99/><D124/><U42/><E129/><V61/><F106/><W24/><G32/><T57/><D17/><U125/><E105/><V60/><REACH who="2" step="1"/><F45/><REACH who="2" ten="250,250,240,250" step="2"/><W93/><G126/><T33/><D75/><U25/><E47/><V62/><F62/><W109/><G109/><T48/><D72/><U104/><E104/><V108/><F108/><W127/><G127/><T0/><D79/><U1/><E125/><V8/><AGARI ba="0,1" hai="8,12,19,49,50,55,59,60,61,67,70,94,96,100" machi="8" ten="20,8000,1" yaku="1,1,0,1,7,1,52,2,53,0" doraHai="58" doraHaiUra="122" who="2" fromWho="2" sc="250,-40,250,-20,240,90,250,-20" /><INIT seed="1,0,0,5,3,64" ten="210,230,330,230" oya="1" hai0="3,125,34,91,96,52,62,87,42,27,129,105,57" hai1="98,10,29,65,75,36,85,16,47,77,22,79,45" hai2="61,130,73,84,117,48,58,110,14,2,100,38,108" hai3="15,56,124,128,4,24,133,126,135,106,74,54,44"/><U116/><E116/><V35/><F2/><W118/><G106/><T26/><D129/><U51/><E75/><V90/><F117/><W31/><G74/><T88/><D125/><N who="3" m="48233" /><G44/><T28/><D3/><U109/><E36/><V123/><F123/><W69/><G118/><T114/><D114/><U132/><E132/><N who="3" m="50762" /><G56/><T107/><D42/><U9/><E47/><V25/><F38/><W122/><G54/><T104/><D26/><U12/><E65/><V76/><F73/><W72/><G72/><T19/><D19/><U59/><E59/><V60/><F48/><W86/><G86/><T32/><D32/><U46/><E46/><V134/><F84/><W67/><G67/><T119/><D119/><U93/><E29/><V78/><F134/><W37/><G37/><T92/><REACH who="0" step="1"/><D107/><REACH who="0" ten="200,230,330,230" step="2"/><U101/><E109/><V55/><F108/><W94/><G128/><T81/><AGARI ba="0,1" hai="27,28,34,52,57,62,81,87,88,91,92,96,104,105" machi="81" ten="20,12000,2" yaku="1,1,2,1,0,1,7,1,54,2,53,0" doraHai="64" doraHaiUra="7" who="0" fromWho="0" sc="200,130,230,-60,330,-30,230,-30" /><INIT seed="2,0,0,3,2,108" ten="330,170,300,200" oya="2" hai0="81,20,102,21,73,95,1,134,77,12,90,31,117" hai1="123,4,33,36,49,129,96,69,60,130,68,80,89" hai2="76,82,22,17,34,15,2,25,107,112,83,46,44" hai3="9,52,67,8,66,58,6,110,5,84,59,104,38"/><V41/><F107/><W3/><G38/><T23/><D1/><U109/><E36/><V0/><F112/><W57/><G110/><T56/><D134/><U54/><E33/><V87/><F46/><W35/><G35/><T42/><D117/><U94/><E109/><V79/><F34/><W114/><G104/><T70/><D70/><U24/><E123/><V53/><F53/><W72/><G72/><T30/><D102/><U120/><E120/><V93/><F93/><W126/><G126/><T26/><D42/><U122/><E122/><V7/><F25/><W55/><G114/><T88/><D90/><U86/><E4/><V63/><F63/><W61/><G84/><T37/><D37/><U115/><E24/><V16/><F17/><W128/><G128/><T131/><D131/><N who="1" m="50187" /><E60/><V132/><F7/><W28/><G28/><T116/><D116/><U29/><E29/><V43/><F132/><W113/><G113/><T106/><D106/><U135/><E135/><V19/><F19/><W51/><REACH who="3" step="1"/><G59/><REACH who="3" ten="330,170,300,190" step="2"/><T74/><D74/><U50/><E115/><V48/><REACH who="2" step="1"/><F41/><REACH who="2" ten="330,170,290,190" step="2"/><W10/><G10/><T18/><D31/><U105/><E105/><V62/><F62/><W71/><G71/><N who="1" m="27210" /><E54/><V133/><F133/><W125/><G125/><T118/><D118/><U45/><E45/><V119/><F119/><W98/><G98/><T40/><D40/><U64/><E64/><V78/><F78/><AGARI ba="0,2" hai="49,50,78,80,86,89,94,96" m="27210,50187" machi="78" ten="30,1000,0" yaku="19,1" doraHai="108" who="1" fromWho="2" sc="330,0,170,30,290,-10,190,0" /><INIT seed="3,0,0,3,2,61" ten="330,200,280,190" oya="3" hai0="14,10,56,112,78,17,9,135,1,133,73,22,41" hai1="120,57,131,90,84,62,8,20,95,53,44,69,79" hai2="71,38,3,29,51,52,58,118,125,91,49,67,98" hai3="100,129,42,97,43,50,23,113,32,0,36,122,45"/><W119/><G113/><T13/><D112/><U86/><E120/><V116/><F3/><W64/><G119/><N who="2" m="45609" /><F29/><W30/><G122/><T28/><D41/><U127/><E69/><V111/><F91/><W70/><G0/><T134/><D1/><U72/><E72/><V55/><F98/><W76/><G129/><T5/><D56/><U132/><E127/><V123/><F123/><W101/><G76/><T68/><D68/><U48/><E132/><V87/><F87/><W107/><G100/><T18/><D78/><U63/><E131/><V66/><F125/><W35/><G43/><T117/><D73/><U81/><E8/><V54/><F111/><W46/><G46/><T77/><D77/><U110/><E110/><V60/><F38/><W96/><G96/><T19/><D117/><U105/><E105/><V92/><F92/><W74/><G74/><T47/><D47/><U82/><E81/><V15/><F15/><W102/><G102/><T83/><D83/><U124/><E124/><V104/><F104/><W6/><G6/><T75/><D75/><U27/><E44/><V130/><F130/><W85/><G85/><T93/><D93/><U33/><E33/><N who="3" m="12874" /><G36/><T25/><AGARI ba="0,0" hai="5,9,10,13,14,17,18,19,22,25,28,133,134,135" machi="25" ten="40,8000,1" yaku="0,1,20,1,34,3" doraHai="61" who="0" fromWho="0" sc="330,80,200,-20,280,-20,190,-40" owari="410,51.0,180,-22.0,260,6.0,150,-35.0" /></mjloggm>