<mjloggm ver="2.3"><GO type="169" lobby="0"/><UN n0="%E6%8E%A2%39" n1="%E5%A4%A7%E7%A9%BA%E3%82%B9%E3%83%90%E3%83%AB%E2%98%86" n2="%E2%91%A3%E3%82%BB%E3%83%B3%E3%83%81" n3="%73%61%69%63%68%61%6E%7A" dan="17,16,18,17" rate="2183.85,2103.39,2276.49,2155.45" sx="M,F,M,M"/><TAIKYOKU oya="0"/><INIT seed="0,0,0,3,0,101" ten="250,250,250,250" oya="0" hai0="21,114,132,29,47,63,111,36,70,41,27,121,97" hai1="124,61,115,50,69,45,107,98,34,6,64,15,104" hai2="28,117,59,73,100,94,43,71,89,54,55,112,49" hai3="17,39,133,14,123,25,24,58,33,80,126,46,102"/><T99/><D114/><U128/><E34/><V134/><F112/><W120/><G80/><T9/><D121/><N who="3" m="46665" /><G126/><T16/><D132/><U10/><E115/><V30/><F71/><W5/><G133/><T38/><D38/><U113/><E113/><V119/><F73/><W8/><G58/><T0/><D111/><U82/><E124/><V1/><F1/><N who="3" m="47" /><G102/><T83/><D83/><U95/><E82/><V116/><F134/><W129/><G46/><T67/><REACH who="0" step="1"/><D29/><REACH who="0" ten="240,250,250,250" step="2"/><U66/><E128/><V125/><F125/><W92/><G39/><T13/><D13/><U53/><REACH who="1" step="1"/><E64/><REACH who="1" ten="240,240,250,250" step="2"/><V76/><F119/><W56/><G129/><T122/><D122/><U74/><E74/><V42/><F117/><W109/><G109/><T77/><D77/><U57/><E57/><V87/><F76/><W75/><G56/><T12/><D12/><U135/><E135/><V44/><F116/><W60/><G75/><T85/><D85/><U51/><E51/><V79/><F79/><W88/><G60/><T19/><D19/><U72/><E72/><V62/><F30/><W68/><G68/><T108/><D108/><U18/><E18/><V105/><F28/><W7/><G17/><T40/><D40/><U127/><E127/><V23/><F43/><W96/><G24/><T32/><D32/><U65/><E65/><V81/><F42/><W31/><G14/><T118/><D118/><U91/><AGARI ba="0,2" hai="6,10,15,45,50,53,61,66,69,91,95,98,104,107" machi="91" ten="20,12000,2" yaku="1,1,0,1,7,1,52,2,53,1" doraHai="101" doraHaiUra="84" who="1" fromWho="1" sc="240,-60,240,140,250,-30,250,-30" /><INIT seed="1,0,0,3,2,120" ten="180,380,220,220" oya="1" hai0="79,68,78,119,108,35,1,15,82,96,128,63,117" hai1="30,6,36,72,100,40,31,105,87,111,69,97,22" hai2="39,42,16,80,3,124,29,41,19,93,47,55,70" hai3="90,50,51,45,127,14,26,116,52,107,92,115,5"/><U43/><E72/><V11/><F70/><W83/><G107/><T56/><D1/><U71/><E6/><V99/><F124/><W0/><G115/><T76/><D68/><U123/><E123/><V65/><F65/><W135/><G127/><T2/><D2/><U27/><E31/><V54/><F29/><W88/><G0/><T9/><D35/><U28/><E28/><V132/><F42/><W17/><G135/><T75/><D128/><U25/><E25/><V95/><F95/><W122/><G122/><T134/><D134/><U86/><E43/><V60/><F80/><W74/><G116/><T38/><D38/><U133/><E133/><V130/><F130/><W114/><G114/><T84/><D108/><U33/><E111/><V49/><F60/><W121/><G121/><T32/><D32/><U118/><E22/><V106/><F106/><W10/><G51/><T125/><D125/><U23/><E23/><V85/><F85/><N who="3" m="50239" /><G74/><T18/><D96/><U103/><E103/><V101/><F55/><W59/><G59/><T126/><D126/><U7/><E7/><V37/><F132/><W34/><G34/><T53/><REACH who="0" step="1"/><D75/><REACH who="0" ten="170,380,220,220" step="2"/><U21/><E33/><V46/><F39/><W73/><G73/><T131/><D131/><U102/><E36/><V98/><F98/><N who="3" m="57623" /><G26/><T110/><D110/><U81/><E71/><V58/><F58/><W66/><G66/><T12/><D12/><U113/><E97/><V20/><F3/><W62/><G62/><T44/><D44/><U77/><E69/><V67/><F67/><W89/><G89/><AGARI ba="0,1" hai="9,15,18,53,56,63,76,78,79,82,84,89,117,119" machi="89" ten="40,2600,0" yaku="1,1,53,1" doraHai="120" doraHaiUra="48" who="0" fromWho="3" sc="170,36,380,0,220,0,220,-26" /><INIT seed="2,0,0,1,4,126" ten="206,380,220,194" oya="2" hai0="64,110,31,22,67,69,107,12,2,56,25,14,20" hai1="100,121,9,101,65,4,89,59,85,95,94,75,124" hai2="73,123,129,71,93,7,33,10,106,11,24,26,53" hai3="122,81,99,134,118,108,1,3,34,13,62,68,47"/><V23/><F106/><W88/><G118/><T39/><D69/><U115/><E75/><V97/><F71/><W0/><G122/><T72/><D2/><U52/><E65/><V48/><F73/><W17/><G108/><T127/><D39/><U32/><E32/><V28/><F123/><W35/><G134/><T30/><D72/><U36/><E36/><V51/><F129/><W114/><G114/><T61/><D110/><U104/><E104/><V38/><F38/><W55/><G68/><T18/><D127/><U63/><E115/><V92/><F92/><W83/><G83/><T16/><D107/><U19/><E124/><V60/><F60/><W117/><G117/><T116/><D116/><U125/><E121/><V109/><F109/><W135/><G135/><T46/><D46/><U131/><E131/><V98/><F98/><W102/><G102/><T103/><D103/><U15/><E125/><V132/><F132/><W79/><G79/><T29/><REACH who="0" step="1"/><D67/><REACH who="0" ten="196,380,220,194" step="2"/><U80/><E101/><V82/><F53/><W5/><G47/><T128/><D128/><U45/><E45/><V86/><F51/><W40/><G40/><T113/><D113/><U49/><E100/><N who="2" m="60463" /><F48/><W78/><G55/><T8/><AGARI ba="0,1" hai="8,12,14,16,18,20,22,25,29,30,31,56,61,64" machi="8" ten="20,8000,1" yaku="1,1,0,1,7,1,8,1,54,1,53,0" doraHai="126" doraHaiUra="133" who="0" fromWho="0" sc="196,90,380,-20,220,-40,194,-20" /><INIT seed="3,0,0,0,5,65" ten="286,360,180,174" oya="3" hai0="43,44,5,133,48,51,90,49,103,41,118,10,101" hai1="20,128,77,70,7,64,0,102,46,130,53,73,2" hai2="34,24,4,120,60,104,39,93,108,17,134,84,25" hai3="111,81,98,56,99,97,9,85,86,45,63,76,106"/><W58/><G111/><T96/><D133/><U117/><E117/><V21/><F104/><W129/><G129/><N who="1" m="49770" /><E102/><V94/><F39/><W131/><G131/><T100/><D118/><U71/><E64/><V67/><F134/><W55/><G106/><T11/><D11/><N who="1" m="2535" /><E2/><V91/><F120/><W125/><G125/><T32/><D32/><U26/><E77/><V79/><F108/><W82/><G9/><T57/><D90/><U61/><E73/><V123/><F4/><W38/><G56/><T113/><D113/><U13/><E13/><V126/><F126/><W27/><G27/><T19/><D19/><N who="1" m="12575" /><E61/><V40/><F79/><W74/><REACH who="3" step="1"/><G82/><REACH who="3" ten="286,360,180,164" step="2"/><T132/><D57/><U68/><E68/><V115/><F25/><W50/><G50/><AGARI ba="0,1" hai="46,50,53,70,71" m="12575,2535,49770" machi="50" ten="30,3900,0" yaku="19,1,52,2" doraHai="65" who="1" fromWho="3" sc="286,0,360,49,180,0,164,-39" /><INIT seed="4,0,0,0,0,24" ten="286,409,180,125" oya="0" hai0="15,75,69,89,120,6,4,127,52,124,125,101,12" hai1="21,94,117,20,98,113,38,73,47,119,71,135,43" hai2="36,28,112,30,63,82,85,58,126,83,128,131,27" hai3="2,19,81,1,109,39,99,31,77,105,66,121,76"/><T86/><D120/><U100/><E71/><V26/><F36/><W110/><G39/><T8/><D69/><U107/><E73/><V13/><F13/><N who="0" m="5194" /><D75/><U5/><E5/><N who="0" m="2153" /><D101/><U44/><E135/><V130/><F112/><W114/><G114/><T35/><D35/><U96/><E47/><V61/><F126/><W68/><G19/><T33/><D33/><U0/><E0/><V84/><F128/><W95/><G121/><T16/><D8/><U25/><E21/><V78/><F58/><W48/><G48/><T74/><D74/><U115/><E115/><V70/><F70/><W42/><G42/><T49/><D16/><U29/><E113/><V32/><F32/><W65/><G105/><T104/><D104/><U18/><E18/><V10/><REACH who="2" step="1"/><F78/><REACH who="2" ten="286,409,170,125" step="2"/><W23/><G68/><T129/><D129/><U60/><E60/><V79/><F79/><W59/><G76/><T134/><D134/><U108/><E108/><V3/><F3/><W106/><G1/><T132/><D132/><U34/><E34/><V93/><F93/><W102/><G2/><T64/><D124/><U103/><AGARI ba="0,1" hai="20,25,29,38,43,44,94,96,98,100,103,107,117,119" machi="103" ten="20,2700,0" yaku="0,1,7,1,52,1" doraHai="24" who="1" fromWho="1" sc="286,-13,409,37,170,-7,125,-7" /><INIT seed="5,0,0,2,0,85" ten="273,446,163,118" oya="1" hai0="50,75,30,118,40,48,38,20,114,105,25,45,34" hai1="126,107,133,3,94,2,77,31,56,100,54,5,46" hai2="60,115,112,8,86,17,58,10,39,99,132,87,24" hai3="104,49,110,6,97,95,90,15,52,43,23,121,1"/><U14/><E126/><V108/><F39/><W59/><G121/><T47/><D118/><U18/><E107/><V79/><F108/><W131/><G110/><T19/><D114/><N who="2" m="43562" /><F132/><W74/><G131/><T81/><D105/><U98/><E133/><V27/><F99/><W57/><G74/><T92/><D92/><U53/><E31/><V61/><F61/><W91/><G104/><T109/><D109/><U63/><E5/><V119/><F87/><W41/><G1/><T13/><D75/><U28/><E28/><V124/><F124/><W106/><G106/><T51/><REACH who="0" step="1"/><D81/><REACH who="0" ten="263,446,163,118" step="2"/><U65/><E94/><V73/><F73/><W78/><G59/><T42/><AGARI ba="0,1" hai="13,19,20,25,30,34,38,40,42,45,47,48,50,51" machi="42" ten="20,5200,0" yaku="1,1,2,1,0,1,7,1,53,0" doraHai="85" doraHaiUra="117" who="0" fromWho="0" sc="263,62,446,-26,163,-13,118,-13" /><INIT seed="6,0,0,4,1,63" ten="325,420,150,105" oya="2" hai0="20,118,92,129,79,72,115,1,29,96,100,68,135" hai1="122,28,36,93,56,107,54,78,55,10,116,14,108" hai2="0,44,27,111,5,50,127,11,74,94,101,70,41" hai3="133,23,98,71,32,87,48,123,7,95,81,3,64"/><V49/><F127/><W97/><G32/><T119/><D1/><U77/><E107/><V125/><F125/><W51/><G123/><T26/><D68/><U75/><E36/><V4/><F70/><W103/><G133/><T105/><D135/><U37/><E37/><V91/><F111/><W80/><G3/><T58/><D115/><U89/><E116/><V30/><F5/><W109/><G109/><T113/><D113/><U65/><E28/><V52/><F74/><W31/><G7/><T104/><D129/><U53/><E75/><V57/><F101/><W25/><G97/><T16/><D29/><U19/><E122/><V83/><F83/><W132/><G132/><T106/><D72/><U120/><E120/><V130/><F130/><W9/><G9/><T46/><D79/><U121/><E108/><V126/><F126/><W8/><G8/><T40/><REACH who="0" step="1"/><D58/><REACH who="0" ten="315,420,150,105" step="2"/><U34/><E121/><V6/><F0/><W82/><REACH who="3" step="1"/><G87/><REACH who="3" ten="315,420,150,95" step="2"/><T24/><D24/><U47/><E34/><V67/><F27/><W134/><G134/><T124/><D124/><U22/><E78/><V13/><F13/><W117/><G117/><T42/><D42/><U39/><E77/><V43/><F43/><W2/><G2/><T99/><D99/><U66/><E14/><V61/><F41/><W73/><G73/><T84/><D84/><U45/><E56/><V69/><F57/><W35/><G35/><T110/><D110/><U128/><E128/><V15/><F15/><W76/><G76/><T17/><D17/><U85/><E19/><V38/><F4/><W88/><G88/><RYUUKYOKU ba="0,2" sc="315,15,420,-15,150,-15,95,15" hai0="16,20,26,40,46,92,96,100,104,105,106,118,119" hai3="23,25,31,48,51,64,71,80,81,82,95,98,103" /><INIT seed="7,1,2,0,1,91" ten="330,405,135,110" oya="3" hai0="78,76,20,3,31,103,108,127,69,134,60,102,11" hai1="89,133,70,98,109,9,32,1,48,119,26,135,93" hai2="100,82,39,57,104,67,41,77,50,29,90,126,121" hai3="49,125,18,65,80,132,96,13,45,61,4,131,21"/><W114/><G114/><T101/><D108/><U44/><E109/><V107/><F39/><W43/><G125/><T71/><D127/><U36/><E36/><V88/><F126/><W95/><G131/><T92/><D134/><U85/><E70/><V113/><F29/><W123/><G132/><N who="1" m="50762" /><E119/><V5/><F5/><W22/><G123/><T46/><D69/><U19/><E19/><V66/><F100/><W64/><G80/><T34/><D34/><U24/><E32/><V75/><F113/><W99/><G4/><T106/><D106/><U81/><E9/><V87/><F90/><W117/><G117/><T83/><D83/><U17/><E17/><V72/><F72/><W6/><G6/><T128/><D128/><U97/><E97/><V54/><F41/><W56/><G65/><T38/><D3/><U40/><E1/><V25/><F25/><W124/><G124/><T2/><D11/><U73/><E73/><V52/><F121/><W59/><G59/><T120/><D2/><U47/><E47/><V15/><F15/><W37/><G37/><T51/><D38/><U53/><E40/><V33/><F33/><W55/><G22/><T84/><D60/><U86/><E86/><V115/><F115/><W63/><REACH who="3" step="1"/><G95/><REACH who="3" ten="330,405,135,100" step="2"/><T58/><D58/><U122/><E122/><V79/><F107/><W112/><G112/><T28/><D120/><U62/><E62/><N who="2" m="36135" /><F104/><W105/><G105/><T12/><D71/><U30/><E30/><N who="0" m="11305" /><D20/><U42/><E81/><N who="2" m="49263" /><F79/><W129/><G129/><T110/><D78/><U94/><E94/><V68/><F68/><W35/><G35/><RYUUKYOKU ba="1,3" sc="330,-15,405,-15,135,15,100,15" hai2="50,54,66,67,75,77,82" hai3="13,18,21,43,45,49,55,56,61,63,64,96,99" /><INIT seed="7,2,3,4,2,21" ten="315,390,150,115" oya="3" hai0="86,115,10,85,107,29,41,72,18,79,0,112,50" hai1="28,16,45,43,121,97,88,19,36,49,91,9,7" hai2="106,37,75,58,62,2,77,118,89,109,119,63,87" hai3="38,92,6,31,35,64,34,39,120,14,66,128,46"/><W67/><G120/><T68/><D107/><U74/><E74/><V17/><F109/><W108/><G108/><T95/><D68/><U111/><E111/><V84/><F37/><W114/><G114/><N who="0" m="43563" /><D95/><U131/><E121/><V48/><F2/><W52/><G128/><T30/><D72/><U76/><E76/><V73/><F106/><W122/><G122/><T133/><D133/><U24/><E131/><V132/><F48/><W23/><G92/><T103/><D103/><U61/><E61/><V60/><F58/><W129/><G129/><T42/><D86/><U117/><E36/><V82/><F132/><W90/><G90/><N who="1" m="34346" /><E97/><V100/><F100/><W80/><G80/><N who="0" m="47263" /><D50/><U20/><E117/><V71/><F71/><W56/><G6/><N who="0" m="1351" /><D18/><U113/><E113/><V5/><F5/><W125/><G125/><T104/><D104/><U1/><E1/><V11/><F75/><W96/><G96/><T54/><D54/><U101/><E101/><V27/><F73/><W8/><G39/><T135/><D135/><U65/><E65/><V83/><F119/><W40/><G8/><T134/><D134/><U105/><E105/><V3/><F118/><W98/><G98/><T69/><D69/><U126/><E126/><V32/><F3/><W59/><G59/><T81/><D81/><U55/><E55/><V70/><F70/><W4/><G4/><T78/><D78/><U47/><E47/><V33/><F11/><W124/><G124/><T102/><D102/><U110/><E110/><V94/><F94/><W12/><G56/><T15/><D15/><N who="3" m="5673" /><G52/><T99/><D99/><RYUUKYOKU ba="2,3" sc="315,0,390,0,150,0,115,0" hai0="29,30,41,42" hai1="7,9,16,19,20,24,28,43,45,49" hai2="17,27,32,33,60,62,63,77,82,83,84,87,89" hai3="23,31,34,35,38,40,46,64,66,67" /><INIT seed="7,3,3,1,2,133" ten="315,390,150,115" oya="3" hai0="27,13,64,78,59,73,71,50,109,69,110,90,7" hai1="86,30,42,116,135,114,26,61,87,103,101,76,128" hai2="38,20,97,83,105,16,126,95,46,118,80,31,92" hai3="34,67,29,52,21,122,37,72,60,36,91,24,10"/><W45/><G122/><T82/><D27/><U54/><E114/><V57/><F118/><W68/><G72/><T115/><D90/><U22/><E128/><V129/><F105/><W23/><G10/><T117/><D117/><U1/><E1/><V113/><F31/><W84/><G36/><T62/><D115/><U98/><E135/><V8/><F8/><W51/><REACH who="3" step="1"/><G37/><REACH who="3" ten="315,390,150,105" step="2"/><T33/><D73/><U56/><E116/><V40/><F113/><W55/><G55/><T25/><D110/><U65/><E54/><V121/><F121/><W44/><G44/><T17/><D109/><U107/><E42/><V79/><F38/><W9/><G9/><T77/><D64/><U70/><E65/><V125/><F40/><W53/><G53/><T41/><D41/><U96/><E61/><V15/><F46/><W88/><G88/><T48/><D62/><U124/><E103/><V112/><F112/><W75/><G75/><T108/><D108/><U43/><E101/><V58/><F129/><W2/><G2/><T100/><D100/><U19/><E43/><V6/><F79/><W120/><G120/><T104/><D78/><U93/><E76/><V94/><F6/><W3/><G3/><T130/><D7/><U106/><E106/><V119/><F119/><W132/><G132/><T47/><D104/><U81/><E107/><V18/><F97/><W0/><G0/><T32/><D130/><U35/><E98/><V5/><F5/><W89/><G89/><T74/><D74/><U11/><E11/><V28/><F126/><W12/><G12/><T127/><D77/><RYUUKYOKU ba="3,4" sc="315,-10,390,-10,150,-10,105,30" hai3="21,23,24,29,34,45,51,52,60,67,68,84,91" /><INIT seed="7,4,4,0,3,109" ten="305,380,140,135" oya="3" hai0="29,87,43,105,74,98,23,129,127,65,76,31,107" hai1="132,12,45,27,56,114,135,125,128,10,28,38,80" hai2="69,3,116,117,120,6,18,32,102,81,50,59,90" hai3="0,21,33,37,19,55,11,93,62,99,108,34,104"/><W119/><G104/><T1/><D1/><U95/><E114/><V113/><F69/><W110/><G119/><T86/><D43/><U20/><E125/><V103/><F32/><W14/><G37/><T30/><D127/><U121/><E121/><V54/><F3/><W130/><G130/><T42/><D42/><U79/><E128/><V47/><F6/><W89/><G34/><T2/><D2/><U111/><E111/><N who="3" m="42538" /><G33/><T92/><D129/><U133/><E95/><V13/><F113/><W17/><G0/><T91/><D65/><U22/><E56/><V70/><F70/><W88/><G89/><T25/><D86/><N who="1" m="48415" /><E45/><V84/><F120/><W40/><G40/><T97/><D97/><U75/><E22/><N who="2" m="11599" /><F117/><W48/><G62/><T49/><D49/><U63/><E63/><N who="2" m="36343" /><F116/><W53/><G48/><T52/><D52/><AGARI ba="4,4" hai="47,50,52,81,84,90,102,103" m="36343,11599" machi="52" ten="30,2000,0" yaku="8,1,54,1" doraHai="109" who="2" fromWho="0" sc="305,-32,380,0,140,72,135,0" owari="273,7.3,380,48.0,212,-18.8,135,-36.5" /></mjloggm>