<mjloggm ver="2.3"><GO type="169" lobby="0"/><UN n0="%E3%81%BE%E3%81%88%E3%81%9F" n1="%E9%81%A0%E8%BF%91%E9%99%B0%E6%99%B4%E7%9A%86%E5%85%A5%E5%BF%83" n2="%E3%83%91%E3%83%BC%E3%83%A9%E3%83%A1%E3%83%B3%E3%83%88" n3="%E3%80%90%E3%83%80%E3%83%B3%E3%83%87%E3%82%A3%E3%80%91" dan="17,17,16,16" rate="2196.08,2183.99,2210.82,2166.20" sx="F,F,M,M"/><TAIKYOKU oya="0"/><INIT seed="0,0,0,4,0,46" ten="250,250,250,250" oya="0" hai0="133,94,102,37,60,72,11,18,47,131,79,97,22" hai1="126,53,45,91,105,20,40,64,128,108,83,87,74" hai2="75,67,55,29,77,39,118,124,113,1,120,23,10" hai3="7,85,95,92,17,48,26,62,25,76,132,4,42"/><T134/><D131/><U73/><E108/><V34/><F67/><W88/><G132/><N who="0" m="50795" /><D11/><U6/><E105/><V57/><F120/><W61/><G76/><T44/><D37/><U43/><E128/><V93/><F39/><W35/><G95/><T28/><D28/><U52/><E126/><V24/><F113/><W122/><G35/><T68/><D68/><U38/><E64/><V21/><F124/><W59/><G122/><T78/><D60/><U49/><E6/><N who="3" m="2090" /><G17/><T129/><D129/><U82/><E43/><V14/><F1/><W56/><G42/><T101/><D102/><U114/><E114/><V117/><F93/><W65/><G61/><T71/><D71/><U54/><E20/><V130/><F130/><W50/><G59/><T69/><D69/><U3/><E3/><V100/><F100/><W36/><G36/><T89/><D101/><U99/><E99/><V121/><F121/><W104/><G104/><T63/><D63/><U41/><E41/><V84/><F75/><W31/><G31/><T80/><D78/><U9/><E9/><V27/><F34/><W5/><N who="3" m="2098" /><W15/><DORA hai="33" /><G15/><AGARI ba="0,0" hai="15,18,22,44,47,72,79,80,89,94,97" m="50795" machi="15" ten="30,1500,0" yaku="20,1" doraHai="46,33" who="0" fromWho="3" sc="250,15,250,0,250,0,250,-15" /><INIT seed="0,1,0,3,5,21" ten="265,250,250,235" oya="0" hai0="23,77,29,115,64,16,94,126,30,9,48,66,14" hai1="51,56,99,25,116,70,37,133,40,5,98,28,88" hai2="8,85,101,13,100,79,104,75,46,129,24,35,20" hai3="112,33,117,122,0,95,89,19,68,18,103,127,15"/><T26/><D115/><U118/><E70/><V65/><F129/><W90/><G112/><T11/><D126/><U86/><E133/><V87/><F35/><W1/><G117/><T97/><D77/><U50/><E37/><V69/><F75/><W57/><G68/><T47/><D9/><U120/><E120/><V60/><F46/><W92/><G33/><T82/><D82/><U42/><E5/><V123/><F123/><W128/><G122/><T59/><D59/><U109/><E109/><V67/><F67/><W119/><G119/><T83/><D83/><U63/><E116/><V106/><F101/><W43/><G103/><T61/><D61/><U52/><E118/><V110/><F110/><W84/><G43/><N who="1" m="16426" /><E99/><V58/><F69/><W41/><G41/><N who="0" m="24687" /><D30/><U17/><E28/><V130/><F130/><W72/><G72/><T113/><D113/><U2/><E98/><V32/><F32/><W34/><G34/><T3/><D3/><U107/><E2/><V102/><F102/><AGARI ba="1,0" hai="11,14,16,23,26,29,64,66,94,97,102" m="24687" machi="102" ten="30,5800,0" yaku="8,1,52,1,54,1" doraHai="21" who="0" fromWho="2" sc="265,61,250,0,250,-61,235,0" /><INIT seed="0,2,0,1,2,48" ten="326,250,189,235" oya="0" hai0="125,56,82,43,21,65,42,20,61,105,0,15,90" hai1="18,84,3,123,67,5,25,119,117,112,2,60,69" hai2="94,116,49,76,24,89,33,29,45,4,16,93,86" hai3="72,85,12,110,7,121,113,62,46,95,109,59,64"/><T127/><D105/><U131/><E123/><V40/><F116/><W133/><G113/><T28/><D0/><U63/><E131/><V104/><F104/><W44/><G72/><T124/><D28/><U11/><E112/><V32/><F32/><W17/><G133/><T101/><D101/><U96/><E96/><V41/><F4/><W50/><G7/><T106/><D106/><U114/><E114/><V88/><F76/><W8/><G121/><T57/><D57/><U1/><E84/><V129/><F129/><W23/><G23/><N who="0" m="8779" /><D15/><U87/><E87/><AGARI ba="2,0" hai="42,43,56,61,65,82,87,90,124,125,127" m="8779" machi="87" ten="40,2000,0" yaku="18,1" doraHai="48" who="0" fromWho="1" sc="326,26,250,-26,189,0,235,0" /><INIT seed="0,3,0,5,0,122" ten="352,224,189,235" oya="0" hai0="107,13,135,98,124,15,40,125,126,105,64,38,69" hai1="55,12,50,97,24,95,104,118,33,9,51,102,77" hai2="30,67,3,57,19,68,20,132,123,43,56,6,133" hai3="7,110,66,49,92,26,90,82,84,80,25,134,10"/><T29/><D29/><U91/><E118/><V16/><F123/><W74/><G134/><N who="2" m="51817" /><F43/><W36/><G36/><T32/><D32/><U47/><E77/><V62/><F30/><W106/><G106/><N who="0" m="40459" /><D135/><U93/><E33/><V54/><F20/><W100/><G100/><T131/><D131/><U112/><E112/><V63/><F68/><W21/><G74/><T108/><D98/><U94/><E24/><V34/><F34/><W86/><G66/><T96/><D96/><U121/><E121/><V99/><F99/><W101/><G101/><T128/><D128/><U115/><E115/><V87/><F87/><W46/><G92/><T17/><D40/><U53/><E104/><V130/><F130/><W114/><G114/><T116/><D38/><U83/><E102/><V2/><F6/><W42/><G25/><T22/><D13/><U39/><E39/><V44/><F44/><W18/><G86/><T88/><D88/><U89/><E83/><V60/><F60/><W113/><G82/><T73/><D73/><U75/><E75/><V48/><F48/><W0/><G113/><T129/><D129/><U59/><REACH who="1" step="1"/><E91/><REACH who="1" ten="352,214,189,235" step="2"/><V127/><F127/><W119/><G119/><T65/><D116/><U1/><E1/><AGARI ba="3,1" hai="1,2,3,16,19,54,56,57,62,63,67" m="51817" machi="1" ten="30,2000,0" yaku="20,1,54,1" doraHai="122" who="2" fromWho="1" sc="352,0,214,-29,189,39,235,0" /><INIT seed="1,0,0,3,4,27" ten="352,185,228,235" oya="1" hai0="55,62,82,97,66,91,47,35,98,56,113,10,11" hai1="89,48,107,23,84,22,54,64,3,72,124,119,49" hai2="118,87,51,17,13,103,46,9,34,0,80,25,85" hai3="114,130,20,81,116,77,28,133,7,92,21,109,117"/><U128/><E119/><N who="3" m="45642" /><G92/><T61/><D35/><U50/><E107/><V8/><F118/><W12/><G114/><T76/><D113/><U68/><E72/><V57/><F103/><W2/><G81/><T30/><D30/><U42/><E3/><V131/><F131/><W122/><G77/><T36/><D36/><U95/><E128/><V79/><F57/><W4/><G130/><T31/><D31/><U19/><E124/><V44/><F34/><W93/><G93/><T88/><D97/><U101/><E101/><V37/><F37/><W132/><G122/><T104/><D104/><U126/><E126/><V83/><F25/><N who="3" m="16423" /><G109/><T127/><D127/><U106/><E106/><V18/><F51/><W33/><G33/><T59/><D47/><U41/><E22/><V120/><F120/><W94/><G94/><N who="0" m="56647" /><D76/><U67/><E54/><V123/><F123/><W135/><G2/><T105/><D105/><U65/><REACH who="1" step="1"/><E68/><REACH who="1" ten="352,175,228,235" step="2"/><V38/><F0/><W111/><G111/><T45/><D55/><U29/><E29/><V52/><F52/><W60/><G60/><T15/><D61/><U69/><E69/><V5/><F8/><W71/><G71/><T100/><D10/><U125/><E125/><V129/><F9/><W134/><G135/><T39/><D11/><U70/><E70/><V108/><F129/><W1/><G1/><T74/><D74/><U32/><E32/><V86/><F108/><W14/><G21/><T96/><D62/><U16/><E16/><V73/><F18/><W121/><G121/><T112/><D100/><U115/><E115/><V6/><F73/><RYUUKYOKU ba="0,1" sc="352,-15,175,15,228,-15,235,15" hai1="19,23,41,42,48,49,50,64,65,67,84,89,95" hai3="4,7,12,14,132,133,134" /><INIT seed="1,1,1,0,0,15" ten="337,190,213,250" oya="1" hai0="77,85,45,108,0,94,69,86,106,9,57,99,16" hai1="75,113,130,110,118,28,21,128,121,84,44,65,38" hai2="82,111,87,37,54,76,8,78,43,33,102,35,134" hai3="42,55,60,107,46,41,124,24,93,48,97,53,11"/><U135/><E113/><V50/><F111/><W13/><G124/><T66/><D69/><U52/><E118/><V81/><F134/><W51/><G107/><T123/><D106/><U73/><E121/><V5/><F102/><W68/><G24/><T10/><D0/><U91/><E135/><V133/><F133/><W19/><G60/><N who="0" m="38159" /><D45/><U120/><E120/><V122/><F122/><W25/><G25/><T131/><D131/><N who="1" m="50219" /><E110/><V100/><F100/><W61/><G61/><T119/><D119/><U112/><E112/><V7/><F7/><W89/><REACH who="3" step="1"/><G68/><REACH who="3" ten="337,190,213,240" step="2"/><T125/><D123/><U104/><E104/><V22/><F35/><W40/><G40/><T59/><D125/><U98/><E65/><V132/><F33/><W63/><G63/><T64/><D108/><U103/><E103/><V39/><F132/><W67/><G67/><T27/><D27/><N who="1" m="16495" /><E98/><V1/><F43/><W26/><G26/><T117/><D99/><U88/><E38/><V96/><F96/><W20/><G20/><T62/><D117/><U95/><E91/><V74/><REACH who="2" step="1"/><F22/><REACH who="2" ten="337,190,203,240" step="2"/><W72/><G72/><T49/><D9/><U56/><E44/><AGARI ba="1,3" hai="1,5,8,37,39,44,50,54,74,76,78,81,82,87" machi="44" ten="30,3900,0" yaku="1,1,2,1,7,1,53,0" doraHai="15" doraHaiUra="30" who="2" fromWho="1" sc="337,0,190,-42,203,72,240,0" /><AGARI ba="1,0" hai="11,13,19,41,42,44,46,48,51,53,55,89,93,97" machi="44" ten="30,8000,1" yaku="1,1,7,1,9,1,8,1,52,1,53,0" doraHai="15" doraHaiUra="30" who="3" fromWho="1" sc="337,0,148,-80,275,0,240,80" /><INIT seed="2,0,0,3,5,87" ten="337,68,275,320" oya="2" hai0="94,13,108,0,43,8,60,31,129,53,65,5,33" hai1="131,96,99,78,44,119,104,100,71,14,128,79,61" hai2="98,102,72,28,80,16,76,37,97,105,62,10,29" hai3="57,24,118,7,122,123,50,27,134,19,15,30,92"/><V107/><F37/><W32/><G57/><T63/><D108/><U26/><E119/><V66/><F107/><W54/><G118/><T113/><D113/><U116/><E116/><V73/><F73/><W68/><G68/><T40/><D129/><U58/><E71/><V125/><F125/><W130/><G130/><N who="1" m="49706" /><E44/><V35/><F98/><W67/><G67/><T127/><D127/><U41/><E41/><V22/><F10/><W46/><G7/><T70/><D0/><U103/><E26/><V110/><F110/><W89/><G27/><T23/><D33/><U49/><E49/><V42/><F42/><W20/><REACH who="3" step="1"/><G134/><REACH who="3" ten="337,68,275,310" step="2"/><T91/><D65/><N who="1" m="39095" /><E14/><V112/><F112/><W1/><G1/><T90/><D13/><U120/><E120/><V101/><F66/><W25/><G25/><T48/><D70/><U77/><E77/><V74/><F76/><W109/><G109/><T36/><D5/><U81/><E81/><V86/><F62/><W38/><G38/><T117/><D63/><U52/><E52/><V47/><F47/><W11/><G11/><T115/><D8/><U34/><E34/><V124/><F35/><W126/><G126/><T132/><D60/><U111/><E111/><V3/><F3/><W69/><G69/><T84/><D36/><U82/><E82/><V2/><F2/><W17/><G17/><T133/><D117/><U4/><E4/><V93/><F124/><W59/><G59/><N who="0" m="33191" /><D132/><U21/><E21/><V51/><F22/><W85/><AGARI ba="0,1" hai="15,19,20,24,30,32,46,50,54,85,89,92,122,123" machi="85" ten="20,8000,1" yaku="1,1,0,1,7,1,52,1,53,1" doraHai="87" doraHaiUra="83" who="3" fromWho="3" sc="337,-20,68,-20,275,-40,310,90" /><INIT seed="3,0,0,0,3,86" ten="317,48,235,400" oya="3" hai0="117,74,92,25,28,122,57,12,29,4,45,27,51" hai1="85,58,10,91,15,118,87,55,49,7,68,1,46" hai2="30,37,121,47,73,24,63,94,21,84,130,14,70" hai3="19,123,107,105,34,13,134,120,72,88,125,110,44"/><W127/><G72/><T50/><D74/><U81/><E118/><V83/><F130/><W53/><G34/><T100/><D122/><U126/><E126/><N who="3" m="48138" /><G134/><T0/><D0/><U5/><E68/><V17/><F121/><N who="3" m="46667" /><G53/><T93/><D57/><U124/><E124/><V106/><F106/><N who="3" m="40459" /><G44/><T52/><D45/><U39/><E1/><V79/><F70/><W41/><G41/><T80/><D52/><U62/><E39/><V40/><F63/><W132/><G132/><T66/><D66/><U102/><E102/><V114/><F114/><W48/><G48/><T3/><D100/><U78/><E5/><V95/><REACH who="2" step="1"/><F73/><REACH who="2" ten="317,48,225,400" step="2"/><W32/><G110/><T22/><D117/><U38/><E38/><V128/><F128/><W101/><G32/><AGARI ba="0,1" hai="14,17,21,24,30,32,37,40,47,79,83,84,94,95" machi="32" ten="30,3900,0" yaku="1,1,7,1,53,1" doraHai="86" doraHaiUra="71" who="2" fromWho="3" sc="317,0,48,0,225,49,400,-39" /><INIT seed="4,0,0,0,0,31" ten="317,48,274,361" oya="0" hai0="41,71,135,99,22,61,17,93,2,94,16,126,92" hai1="108,59,47,88,133,26,72,13,0,54,115,120,10" hai2="42,65,74,70,33,56,96,24,20,122,105,60,131" hai3="83,53,40,68,37,112,107,78,76,34,5,111,109"/><T14/><D2/><U77/><E108/><V63/><F122/><W67/><G107/><T48/><D135/><U52/><E120/><V119/><F131/><W49/><G5/><T85/><D126/><U43/><E133/><V114/><F114/><W19/><G78/><T125/><D125/><U15/><E115/><V130/><F130/><W8/><G8/><T124/><D124/><U127/><E127/><V101/><F119/><W98/><G98/><T32/><D32/><U102/><E102/><V117/><F117/><W28/><G19/><T6/><D6/><U113/><E113/><V57/><F74/><W84/><G112/><T1/><D1/><U18/><E0/><V110/><F110/><W91/><G76/><T55/><D71/><U25/><E72/><V7/><F7/><W80/><G80/><T104/><D104/><U100/><E77/><V50/><F63/><N who="3" m="40063" /><G28/><T69/><D41/><U45/><E100/><V103/><F103/><W39/><G34/><T75/><D85/><U12/><E43/><V64/><F64/><W87/><G87/><T73/><D99/><U46/><E88/><V38/><F38/><N who="3" m="14347" /><G40/><T35/><D35/><U116/><E116/><V121/><F121/><W9/><G9/><T36/><D36/><U95/><E95/><V66/><F66/><W81/><G81/><T123/><D123/><U4/><E54/><V23/><F33/><W62/><G62/><T128/><D128/><U82/><E82/><V30/><F20/><W86/><G86/><T129/><D129/><U58/><E52/><N who="2" m="31767" /><F42/><W11/><G11/><T44/><D17/><RYUUKYOKU ba="0,0" sc="317,10,48,-30,274,10,361,10" hai0="14,16,22,44,48,55,61,69,73,75,92,93,94" hai2="23,24,30,57,60,65,70,96,101,105" hai3="49,53,83,84,91,109,111" /><INIT seed="4,1,0,4,0,50" ten="327,18,284,371" oya="0" hai0="32,80,55,125,34,17,53,130,115,117,128,5,11" hai1="111,135,93,26,122,16,57,12,112,123,91,95,83" hai2="67,84,46,10,29,2,127,106,4,18,104,105,70" hai3="73,76,23,21,61,89,124,92,126,88,87,110,6"/><T25/><D117/><U81/><E111/><V100/><F127/><N who="3" m="48683" /><G110/><T129/><D125/><U107/><E107/><V85/><F100/><W71/><G6/><T74/><D115/><U27/><E112/><V15/><F29/><W133/><G133/><T0/><D17/><U69/><E69/><V30/><F30/><W94/><G76/><N who="0" m="44055" /><D25/><U116/><E116/><V51/><F67/><N who="3" m="41455" /><G73/><T60/><D60/><U63/><E135/><V3/><F70/><W40/><G40/><T33/><AGARI ba="1,0" hai="0,5,11,32,33,34,53,55,128,129,130" m="44055" machi="33" ten="40,7800,0" yaku="19,1,52,2" doraHai="50" who="0" fromWho="0" sc="327,81,18,-27,284,-27,371,-27" owari="408,50.8,-9,-50.9,257,-14.3,344,14.4" /></mjloggm>