<mjloggm ver="2.3"><GO type="169" lobby="0"/><UN n0="%E3%81%BD%E3%81%A3%E3%81%91%E3%81%95%E3%82%93" n1="%E3%81%88%E3%81%8C%E3%82%8F%E3%82%8A%E3%81%8A" n2="%E5%8D%83%E5%B9%B4%E5%B0%8F%E5%A6%96" n3="%E9%BE%8D%31%30" dan="17,16,16,16" rate="2196.32,2098.16,2098.24,2090.85" sx="M,M,M,M"/><TAIKYOKU oya="0"/><INIT seed="0,0,0,1,4,47" ten="250,250,250,250" oya="0" hai0="43,31,4,135,105,5,74,69,59,118,70,16,21" hai1="107,33,110,101,73,80,71,99,49,102,20,30,14" hai2="41,27,61,58,113,46,126,6,53,13,62,87,130" hai3="65,97,7,40,81,100,39,124,78,98,15,17,85"/><T114/><D114/><U117/><E117/><V8/><F113/><W35/><G124/><T76/><D105/><U51/><E71/><V56/><F126/><W55/><G35/><T131/><D118/><U3/><E3/><V108/><F108/><W11/><G65/><T44/><D31/><U132/><E110/><V60/><F130/><W94/><G40/><T95/><D131/><U106/><E132/><V23/><F87/><W2/><G39/><T38/><D135/><U34/><E73/><V50/><REACH who="2" step="1"/><F58/><REACH who="2" ten="250,250,240,250" step="2"/><W116/><G116/><T121/><D59/><U79/><E34/><V125/><F125/><W84/><G85/><T18/><D70/><U133/><E33/><V12/><F12/><W48/><G98/><T127/><D69/><U42/><E14/><V111/><F111/><W54/><REACH who="3" step="1"/><G48/><REACH who="3" ten="250,250,240,240" step="2"/><T115/><D38/><U25/><E99/><V120/><F120/><W22/><AGARI ba="0,2" hai="2,7,11,15,17,22,54,55,78,81,84,94,97,100" machi="22" ten="20,8000,1" yaku="1,1,2,1,0,1,7,1,53,1" doraHai="47" doraHaiUra="0" who="3" fromWho="3" sc="250,-40,250,-20,240,-20,240,100" /><INIT seed="1,0,0,1,5,89" ten="210,230,220,340" oya="1" hai0="96,22,39,101,14,121,102,80,72,1,79,48,84" hai1="47,25,20,54,87,97,93,32,128,17,91,11,126" hai2="57,88,75,64,59,107,66,94,35,38,53,127,77" hai3="29,18,30,31,44,71,3,28,70,111,5,76,86"/><U42/><E128/><V116/><F116/><W130/><G111/><T49/><D39/><U0/><E126/><V2/><F2/><W134/><G130/><T135/><D1/><U60/><E32/><V37/><F35/><W115/><G134/><T95/><D135/><U46/><E0/><V65/><F107/><W15/><G115/><T27/><D121/><U12/><E87/><V19/><F127/><W109/><G109/><T62/><D14/><U124/><E124/><V13/><F75/><W45/><G3/><T106/><D62/><U74/><E74/><V69/><F77/><W55/><G5/><T78/><D102/><U36/><E36/><V6/><F6/><W58/><G70/><T105/><D105/><U112/><E112/><V82/><F82/><N who="3" m="47431" /><G71/><T56/><D56/><N who="1" m="34839" /><E42/><V85/><F59/><W131/><N who="3" m="7168" /><DORA hai="26" /><W33/><G33/><T108/><D108/><U118/><E118/><V16/><F19/><AGARI ba="0,0" hai="11,12,17,19,20,25,46,47,91,93,97" m="34839" machi="19" ten="30,5800,0" yaku="25,1,8,1,52,1" doraHai="89,26" who="1" fromWho="2" sc="210,0,230,58,220,-58,340,0" /><INIT seed="1,1,0,4,1,29" ten="210,288,162,340" oya="1" hai0="64,116,46,9,99,41,123,97,14,11,59,54,120" hai1="101,38,75,112,94,73,53,44,43,89,125,37,0" hai2="93,134,31,98,108,133,121,24,27,107,70,34,39" hai3="5,40,50,25,47,105,42,82,51,111,119,17,91"/><U90/><E112/><V92/><F121/><W135/><G105/><T128/><D116/><U122/><E122/><N who="0" m="46633" /><D64/><U26/><E0/><V63/><F39/><W18/><G119/><T21/><D21/><U10/><E125/><V80/><F80/><W12/><G111/><T126/><D128/><U58/><E38/><V4/><F4/><W127/><G135/><N who="2" m="51721" /><F24/><W57/><G127/><T118/><D118/><U8/><E101/><N who="2" m="62903" /><F108/><W13/><G25/><T62/><D126/><U16/><E75/><V68/><F68/><W22/><G5/><N who="0" m="3375" /><D11/><U56/><E8/><V6/><F6/><W77/><G91/><T72/><D72/><U95/><E90/><V69/><F69/><W124/><G124/><T23/><D23/><U85/><E73/><V104/><F104/><W45/><G57/><T15/><D15/><U102/><E58/><V28/><F31/><W61/><G61/><T88/><D88/><U103/><E10/><V35/><F35/><W7/><G7/><T115/><D115/><U30/><E30/><V83/><F83/><W96/><G96/><T1/><D1/><U48/><E26/><V55/><F55/><W100/><G100/><T52/><D54/><U32/><E32/><V36/><F36/><AGARI ba="1,0" hai="36,41,46,52,59,62,97,99" m="3375,46633" machi="36" ten="30,2000,0" yaku="13,1,54,1" doraHai="29" who="0" fromWho="2" sc="210,23,288,0,162,-23,340,0" /><INIT seed="2,0,0,3,4,66" ten="233,288,139,340" oya="2" hai0="5,98,47,52,104,126,38,118,41,114,131,36,10" hai1="103,73,46,57,123,1,9,110,117,134,67,87,37" hai2="108,59,3,89,56,76,62,19,50,42,113,60,97" hai3="95,85,83,45,54,21,39,12,91,13,115,128,111"/><V109/><F3/><W18/><G115/><T58/><D114/><U0/><E117/><V65/><F113/><W17/><G128/><T4/><D131/><U32/><E32/><V44/><F76/><W34/><G34/><T68/><D38/><U64/><E73/><V35/><F35/><W77/><G111/><N who="2" m="42569" /><F19/><W121/><G39/><T48/><D118/><U29/><E110/><V72/><F72/><W92/><G121/><T2/><D5/><U120/><E0/><V116/><F116/><W81/><G77/><T69/><REACH who="0" step="1"/><D126/><REACH who="0" ten="223,288,139,340" step="2"/><U102/><E37/><V24/><F24/><W82/><G13/><T55/><D55/><U84/><E123/><V43/><F43/><W88/><G12/><T70/><D70/><U78/><E120/><V40/><F40/><W16/><G21/><T80/><D80/><U61/><E9/><V11/><F11/><W26/><G26/><T122/><D122/><U49/><E1/><V33/><F33/><W27/><G27/><T53/><D53/><U119/><E119/><V8/><F8/><W79/><G79/><T75/><D75/><U7/><E7/><V99/><F89/><N who="3" m="34379" /><G85/><T96/><D96/><U130/><E87/><V125/><F125/><W124/><G124/><T133/><D133/><U112/><E84/><V28/><F28/><W23/><G23/><T6/><D6/><U74/><E29/><V15/><F15/><W135/><G135/><T22/><D22/><U51/><E74/><V14/><F14/><W107/><G107/><T20/><D20/><U129/><E134/><V31/><F31/><W30/><G30/><RYUUKYOKU ba="0,1" sc="223,10,288,-30,139,10,340,10" hai0="2,4,10,36,41,47,48,52,58,68,69,98,104" hai2="42,44,50,56,59,60,62,65,97,99" hai3="16,17,18,45,54,81,82,83,92,95" /><INIT seed="2,1,1,5,1,125" ten="233,258,149,350" oya="2" hai0="126,96,62,28,128,91,34,64,0,109,48,77,112" hai1="20,53,121,120,122,79,83,44,131,81,7,4,118" hai2="33,71,43,38,106,14,98,11,25,21,61,99,59" hai3="50,123,113,58,133,70,108,8,119,66,24,6,42"/><V18/><F106/><W95/><G119/><T2/><D112/><U86/><E118/><V130/><F130/><W41/><G123/><T47/><D126/><U85/><E131/><V60/><F33/><W100/><G113/><T88/><D77/><U84/><E20/><V45/><F71/><W97/><G70/><T72/><D72/><U36/><E53/><V23/><F61/><W117/><G133/><T37/><D37/><U1/><E1/><V127/><F21/><W3/><G108/><T116/><D116/><U63/><E63/><V67/><REACH who="2" step="1"/><F127/><REACH who="2" ten="233,258,139,350" step="2"/><W19/><G117/><T32/><D32/><U89/><E121/><V40/><F40/><W111/><G42/><T76/><D34/><U49/><E120/><V39/><F39/><W31/><G41/><T135/><D62/><U92/><E122/><V46/><F46/><W104/><G50/><T29/><D47/><U78/><E36/><V134/><F134/><W27/><G104/><T55/><D48/><U102/><E44/><V74/><F74/><W54/><G58/><T10/><D135/><U56/><E49/><V110/><F110/><W35/><G111/><T26/><D109/><U132/><E132/><V12/><F12/><W103/><G35/><T93/><D2/><U52/><E56/><V5/><AGARI ba="1,2" hai="5,11,14,18,23,25,38,43,45,59,60,67,98,99" machi="5" ten="20,3900,0" yaku="1,1,0,1,7,1,53,0" doraHai="125" doraHaiUra="51" who="2" fromWho="2" sc="233,-14,258,-14,139,62,350,-14" /><INIT seed="2,2,0,3,2,29" ten="219,244,201,336" oya="2" hai0="24,98,15,33,79,102,101,22,17,109,87,85,108" hai1="118,130,91,94,83,66,23,53,115,46,20,78,121" hai2="104,106,133,84,31,127,4,126,42,131,74,10,55" hai3="73,134,1,26,89,35,123,88,80,58,77,81,105"/><V39/><F74/><W72/><G1/><T12/><D102/><U93/><E118/><V100/><F31/><W11/><G123/><T111/><D33/><U6/><E115/><V95/><F131/><W36/><G105/><T129/><D129/><U28/><E130/><V67/><F67/><W107/><G107/><T64/><D64/><U8/><E121/><V96/><F133/><W19/><G36/><T71/><D71/><U27/><E66/><V54/><F84/><N who="0" m="32330" /><D79/><U114/><E114/><V49/><F39/><W37/><G134/><T120/><D120/><U90/><E78/><V116/><F42/><W45/><G35/><T112/><D112/><U2/><E83/><V128/><F116/><W16/><G37/><T47/><D47/><U113/><E113/><V34/><F55/><W103/><G45/><T44/><D44/><U21/><E46/><N who="2" m="27959" /><F34/><W38/><G103/><T62/><D62/><U51/><E53/><V76/><F76/><W18/><G38/><T132/><D132/><U92/><REACH who="1" step="1"/><E51/><REACH who="1" ten="219,234,201,336" step="2"/><V0/><F128/><W9/><G77/><T82/><D82/><U7/><E7/><V135/><F135/><W119/><G81/><T63/><D63/><U48/><E48/><V69/><F69/><W99/><G80/><T57/><D57/><U125/><E125/><AGARI ba="2,1" hai="0,4,10,95,96,100,104,106,125,126,127" m="27959" machi="125" ten="30,1500,0" yaku="18,1" doraHai="29" who="2" fromWho="1" sc="219,0,234,-21,201,31,336,0" /><INIT seed="2,3,0,1,5,18" ten="219,213,232,336" oya="2" hai0="41,104,92,133,58,24,45,16,40,114,102,15,93" hai1="5,21,59,83,116,105,76,31,123,46,17,135,71" hai2="7,50,131,44,74,6,19,125,97,122,124,109,9" hai3="30,78,0,111,60,90,1,61,66,77,8,28,96"/><V88/><F122/><W14/><G111/><T89/><D114/><U65/><E116/><V63/><F74/><W117/><G117/><T35/><D133/><U100/><E135/><V23/><F131/><W98/><G90/><T81/><D104/><U11/><E123/><V27/><F63/><N who="3" m="24139" /><G66/><T10/><D58/><U84/><E71/><V48/><F109/><W12/><G1/><T4/><D35/><U120/><E31/><N who="3" m="11818" /><G0/><T129/><D129/><U126/><E126/><N who="2" m="48747" /><F9/><W73/><G73/><T103/><D81/><U113/><E120/><V67/><F67/><W107/><G107/><T49/><D41/><U42/><E65/><V112/><F112/><W55/><G55/><T43/><D40/><U132/><E113/><V3/><F3/><W2/><G2/><T86/><D93/><U91/><E132/><V127/><F127/><W69/><G69/><T75/><D75/><U85/><E105/><V57/><F57/><W94/><G94/><T13/><REACH who="0" step="1"/><D24/><REACH who="0" ten="209,213,232,336" step="2"/><U32/><E32/><V34/><F34/><W20/><G77/><T56/><D56/><U82/><E59/><V68/><F68/><W37/><G78/><T36/><D36/><U99/><E76/><V87/><F44/><W101/><G37/><T25/><D25/><U54/><E46/><V134/><F134/><W38/><G38/><T72/><D72/><U128/><E128/><V95/><F87/><W22/><G98/><T118/><D118/><U64/><E99/><V80/><F80/><W52/><G96/><T39/><D39/><U110/><E82/><V62/><F62/><W47/><G47/><RYUUKYOKU ba="3,1" sc="209,15,213,-15,232,15,336,-15" hai0="4,10,13,15,16,43,45,49,86,89,92,102,103" hai2="6,7,19,23,27,48,50,88,95,97" /><INIT seed="2,4,1,0,1,79" ten="224,198,247,321" oya="2" hai0="40,65,19,21,123,61,95,8,5,16,120,99,80" hai1="75,51,15,68,2,1,0,102,73,53,127,83,66" hai2="77,90,11,134,131,113,32,3,121,126,13,85,86" hai3="50,88,124,125,45,114,122,59,92,55,109,10,37"/><V24/><F121/><W81/><G122/><T106/><D106/><U6/><E127/><N who="3" m="48714" /><G114/><T64/><D40/><U130/><E130/><V67/><F126/><W38/><G109/><T20/><D5/><U7/><E102/><V100/><F113/><W117/><G117/><T36/><D36/><U101/><E101/><V31/><F134/><W35/><G35/><T54/><D8/><U23/><E66/><V52/><F100/><W71/><G71/><T43/><D43/><U27/><E68/><V108/><F67/><W60/><G81/><T110/><D54/><U105/><E105/><V98/><F131/><W74/><G10/><T12/><D110/><U133/><E133/><V103/><F108/><W132/><G74/><T111/><D111/><U112/><E112/><V76/><F3/><W69/><G69/><T26/><D80/><U91/><E75/><V42/><F42/><N who="3" m="24887" /><G132/><T14/><D26/><U30/><E73/><V115/><F115/><W57/><G57/><T107/><D107/><U29/><E15/><V118/><F118/><W62/><G62/><T82/><D82/><U25/><E83/><N who="2" m="49471" /><F77/><W22/><G22/><T17/><D120/><U18/><E23/><N who="0" m="8777" /><D123/><U87/><E27/><V49/><F76/><W89/><G89/><N who="0" m="55791" /><D61/><U119/><E119/><V72/><F72/><W33/><G33/><T96/><D12/><U70/><E70/><V47/><F13/><W34/><G34/><T104/><D14/><U94/><E25/><V28/><F11/><W56/><G56/><T63/><D63/><U58/><E18/><V128/><F32/><W44/><G44/><RYUUKYOKU ba="4,1" sc="224,10,198,10,247,-30,321,10" hai0="16,17,19,64,65,96,104" hai1="0,1,2,6,7,29,30,51,53,58,87,91,94" hai3="37,38,55,59,60,88,92" /><INIT seed="3,5,1,0,1,127" ten="234,208,217,331" oya="3" hai0="35,82,91,8,107,93,81,57,42,131,46,18,9" hai1="54,44,76,12,75,72,58,41,51,24,5,94,101" hai2="68,17,117,119,78,19,27,125,109,50,129,92,70" hai3="53,77,73,52,69,62,64,36,6,34,0,59,39"/><W11/><G34/><T83/><D107/><U88/><E101/><V23/><F125/><W10/><G53/><T112/><D35/><U110/><E110/><V48/><F78/><W71/><G69/><T120/><D120/><U85/><E24/><V123/><F109/><W97/><G77/><T45/><D112/><U135/><E135/><V98/><F123/><W7/><G97/><T22/><D57/><U104/><E104/><V132/><F132/><W80/><G80/><T49/><D46/><U114/><E114/><V121/><F121/><W55/><G55/><T60/><D60/><U31/><E31/><V56/><F56/><W128/><G73/><T38/><D38/><U102/><E102/><V29/><F29/><W115/><G115/><T28/><D28/><U122/><E122/><V113/><F113/><W14/><REACH who="3" step="1"/><G128/><REACH who="3" ten="234,208,217,321" step="2"/><T89/><D131/><U13/><E76/><V108/><F129/><W126/><G126/><T124/><D124/><U96/><E96/><V2/><F98/><W26/><G26/><N who="0" m="14679" /><D89/><U133/><E133/><V63/><F27/><W30/><G30/><T106/><D106/><U16/><E75/><V40/><F68/><W105/><G105/><T118/><D91/><U86/><E72/><V66/><F70/><W100/><G100/><T134/><D134/><U61/><E85/><V116/><F108/><W33/><G33/><T90/><D90/><U32/><E32/><V47/><F117/><W25/><G25/><T95/><D118/><U4/><E12/><V111/><F116/><W103/><G103/><T1/><D1/><U84/><E84/><RYUUKYOKU ba="5,2" sc="234,10,208,10,217,-30,321,10" hai0="8,9,42,45,49,81,82,83,93,95" hai1="4,5,13,16,41,44,51,54,58,61,86,88,94" hai3="0,6,7,10,11,14,36,39,52,59,62,64,71" /><INIT seed="3,6,2,1,1,85" ten="244,218,187,331" oya="3" hai0="18,134,51,53,67,23,84,37,31,76,25,43,86" hai1="35,47,16,133,83,30,4,121,64,58,7,21,118" hai2="114,3,48,66,96,93,111,126,56,42,98,5,14" hai3="119,113,71,27,116,8,41,95,127,49,45,77,100"/><W81/><G71/><T73/><D134/><U20/><E121/><V59/><F114/><W107/><G113/><T87/><D67/><U101/><E133/><V117/><F117/><W12/><G107/><T36/><D43/><U29/><E118/><V55/><F3/><W106/><G106/><T125/><D125/><U13/><E35/><V61/><F126/><W52/><G27/><T19/><D73/><U132/><E132/><V104/><F111/><W82/><G127/><T63/><D63/><N who="1" m="38007" /><E101/><V103/><F42/><W108/><G108/><T17/><REACH who="0" step="1"/><D76/><REACH who="0" ten="234,218,187,331" step="2"/><U123/><E123/><V26/><F66/><W28/><G119/><T33/><D33/><U75/><E75/><V97/><F104/><W68/><G116/><T115/><D115/><U10/><E30/><V62/><F61/><W89/><G28/><T44/><AGARI ba="6,3" hai="17,18,19,23,25,31,36,37,44,51,53,84,86,87" machi="44" ten="30,2000,0" yaku="1,1,0,1,53,0" doraHai="85" doraHaiUra="39" who="0" fromWho="0" sc="234,68,218,-11,187,-11,331,-16" /><INIT seed="4,0,0,3,2,83" ten="302,207,176,315" oya="0" hai0="46,91,90,85,87,129,2,17,28,36,78,104,134" hai1="93,22,16,51,55,19,9,53,103,123,69,40,8" hai2="26,107,39,120,1,32,25,74,20,48,127,128,124" hai3="4,92,108,59,131,56,82,88,7,111,135,118,72"/><T5/><D104/><U49/><E123/><V68/><RYUUKYOKU type="yao9" ba="0,0" sc="302,0,207,0,176,0,315,0" hai2="1,20,25,26,32,39,48,68,74,107,120,124,127,128" /><INIT seed="4,1,0,1,0,113" ten="302,207,176,315" oya="0" hai0="94,56,124,96,18,127,111,48,34,97,89,24,133" hai1="129,51,100,75,9,125,109,64,52,88,82,2,119" hai2="49,68,104,28,73,74,8,101,102,55,91,40,66" hai3="15,20,4,60,81,69,59,71,95,22,27,33,105"/><T87/><D133/><U123/><E109/><V86/><F40/><W65/><G105/><T128/><D111/><U6/><E123/><V14/><F28/><W46/><G33/><T130/><D48/><U103/><E129/><N who="0" m="49769" /><D56/><U114/><E114/><V107/><F68/><W76/><G95/><T29/><D18/><U135/><E135/><V115/><F66/><W122/><G122/><T63/><D63/><U90/><E125/><AGARI ba="1,0" hai="24,29,34,87,89,94,96,97,124,125,127" m="49769" machi="125" ten="30,2900,0" yaku="18,1,19,1" doraHai="113" who="0" fromWho="1" sc="302,32,207,-32,176,0,315,0" /><INIT seed="4,2,0,4,3,85" ten="334,175,176,315" oya="0" hai0="129,61,107,124,101,20,8,122,53,26,111,72,94" hai1="133,7,42,93,68,69,43,50,134,59,41,24,114" hai2="119,108,132,11,52,120,130,74,106,12,40,1,64" hai3="84,39,81,113,103,71,118,51,110,63,109,56,13"/><T131/><D122/><U66/><E7/><V91/><F120/><W19/><G39/><T14/><D107/><U55/><E24/><V2/><F108/><W90/><G118/><T6/><D111/><U104/><E104/><V70/><F40/><W79/><G113/><T135/><D72/><U105/><E105/><V36/><F36/><W73/><G103/><T99/><D124/><U115/><E93/><V125/><F74/><W95/><G51/><T21/><D135/><N who="1" m="51723" /><E66/><V31/><F132/><W116/><G71/><AGARI ba="2,0" hai="41,42,43,50,55,59,68,69,71,114,115" m="51723" machi="71" ten="40,5200,0" yaku="20,1,34,2" doraHai="85" who="1" fromWho="3" sc="334,0,175,58,176,0,315,-58" /><INIT seed="5,0,0,4,3,94" ten="334,233,176,257" oya="1" hai0="61,130,93,111,105,122,124,38,30,96,121,56,23" hai1="97,20,22,77,44,42,126,33,59,132,10,89,113" hai2="12,133,88,80,86,84,127,14,60,8,64,123,120" hai3="101,67,27,54,50,2,75,35,115,32,98,83,108"/><U46/><E33/><V109/><F109/><W70/><G108/><T134/><D111/><U99/><E113/><V135/><F127/><W9/><G115/><T95/><D38/><U117/><E117/><V26/><F26/><W65/><G70/><T73/><D73/><U91/><E126/><V18/><F12/><W34/><G27/><T24/><D124/><U90/><E132/><N who="2" m="50763" /><F84/><W0/><G83/><T47/><D47/><N who="1" m="17963" /><E77/><V78/><F78/><W28/><G75/><T116/><D116/><U51/><E10/><V37/><F37/><W1/><G28/><T107/><D134/><U53/><E42/><V52/><F64/><W3/><N who="3" m="0" /><DORA hai="62" /><W48/><G9/><T128/><D107/><U45/><N who="1" m="17971" /><U49/><DORA hai="112" /><E49/><V104/><F104/><W17/><G17/><T68/><D105/><U129/><E129/><N who="0" m="49769" /><D68/><U6/><E6/><V36/><F36/><W72/><G72/><T58/><D93/><U25/><E22/><V19/><F19/><AGARI ba="0,0" hai="19,20,25,51,53,59,89,90,91,97,99" m="17971" machi="19" ten="40,7700,0" yaku="8,1,52,2" doraHai="94,62,112" who="1" fromWho="2" sc="334,0,233,77,176,-77,257,0" /><INIT seed="5,1,0,4,3,58" ten="334,310,99,257" oya="1" hai0="66,111,107,109,37,46,5,70,18,11,115,27,118" hai1="50,131,81,9,86,95,14,3,6,28,57,135,52" hai2="88,133,103,40,97,31,54,93,7,105,123,94,68" hai3="80,20,89,25,125,102,100,48,120,23,16,116,98"/><U72/><E135/><V71/><F123/><W134/><G120/><T65/><D107/><U49/><E131/><V119/><F119/><W77/><G116/><T38/><D118/><U108/><E108/><V44/><F133/><W0/><G0/><T47/><D18/><U113/><E113/><V33/><F7/><W22/><G134/><T67/><D27/><U17/><E28/><V124/><F124/><W1/><G1/><T82/><D82/><U36/><E36/><N who="0" m="13929" /><D11/><U132/><E132/><V42/><F54/><W85/><G125/><T13/><D13/><U69/><E69/><V99/><F105/><W127/><G127/><T129/><D5/><U83/><E49/><V91/><F103/><N who="3" m="39467" /><G48/><T51/><D70/><U110/><E110/><N who="0" m="41993" /><D129/><U29/><E29/><V61/><F44/><N who="0" m="16938" /><D51/><U4/><E72/><V114/><F114/><AGARI ba="1,0" hai="65,66,67,114,115" m="16938,41993,13929" machi="114" ten="40,8000,1" yaku="28,2,34,2" doraHai="58" who="0" fromWho="2" sc="334,83,310,0,99,-83,257,0" /><INIT seed="6,0,0,5,0,83" ten="417,310,16,257" oya="2" hai0="115,55,98,109,59,97,17,10,133,53,110,37,63" hai1="19,64,108,24,13,124,71,126,73,31,51,21,118" hai2="77,105,1,90,36,61,128,35,5,43,129,47,80" hai3="4,100,56,113,16,42,88,44,120,93,40,122,25"/><V111/><F111/><W62/><G113/><T54/><D37/><U104/><E108/><V3/><F90/><W29/><G4/><T41/><D41/><U70/><E118/><V85/><F35/><W130/><G100/><T92/><D115/><U91/><E104/><V106/><F61/><W45/><G130/><N who="2" m="50281" /><F5/><W102/><G102/><T8/><D98/><U22/><E73/><V7/><F7/><W99/><G29/><T107/><D63/><U15/><E64/><V94/><F94/><W89/><G89/><T50/><D92/><U72/><E72/><V123/><F123/><W84/><G84/><T119/><D97/><U12/><E91/><V39/><F39/><W52/><G122/><T95/><D95/><U76/><E76/><V67/><F67/><W32/><G32/><T87/><D87/><U86/><E86/><V96/><F96/><W60/><G60/><T23/><D119/><U103/><E103/><V49/><F49/><W79/><G79/><T27/><D50/><U68/><E51/><V18/><F18/><W135/><G120/><T127/><D17/><U101/><E101/><V75/><F75/><W58/><G56/><T132/><D59/><U33/><E33/><V121/><F121/><W48/><G135/><T28/><D107/><AGARI ba="0,0" hai="1,3,36,43,47,77,80,85,105,106,107" m="50281" machi="107" ten="30,2900,0" yaku="19,1,52,1" doraHai="83" who="2" fromWho="0" sc="417,-29,310,0,16,29,257,0" /><INIT seed="6,1,0,1,3,90" ten="388,310,45,257" oya="2" hai0="107,117,118,110,0,12,14,45,87,57,74,78,64" hai1="63,70,4,2,86,115,66,18,43,51,77,59,130" hai2="6,114,28,95,5,91,47,134,106,3,123,132,128" hai3="102,46,16,105,96,112,135,65,22,39,26,126,113"/><V125/><F123/><W129/><G126/><T41/><D74/><U99/><E115/><N who="3" m="44106" /><G129/><T79/><D0/><U38/><E130/><V9/><F114/><W101/><G101/><T34/><D34/><U75/><E18/><V119/><F128/><W61/><G135/><N who="2" m="51753" /><F119/><N who="0" m="45578" /><D107/><U52/><E86/><N who="2" m="52727" /><F125/><W121/><G121/><T98/><D98/><U89/><E77/><N who="0" m="29193" /><D87/><U50/><E75/><V108/><F106/><W97/><G97/><T133/><D110/><U93/><E50/><V103/><F103/><W23/><G23/><T1/><D1/><U81/><E81/><V13/><F108/><W24/><G46/><T8/><D8/><U49/><E49/><V80/><F80/><W37/><G26/><T120/><D120/><U94/><E94/><V67/><F47/><W21/><G21/><T92/><D92/><U20/><E20/><V60/><F28/><W31/><G31/><T88/><D88/><U127/><E127/><V76/><F76/><W42/><G42/><T116/><D133/><U100/><E100/><V122/><F122/><W7/><G7/><T30/><D30/><U25/><E4/><N who="2" m="3239" /><F3/><W82/><G82/><T54/><D116/><U32/><E2/><V19/><F19/><W56/><AGARI ba="1,0" hai="16,22,24,37,39,56,61,65,96,102,105" m="44106" machi="56" ten="30,4000,0" yaku="15,1,11,1,54,1" doraHai="90" who="3" fromWho="3" sc="388,-11,310,-11,45,-21,257,43" /><INIT seed="7,0,0,1,4,19" ten="377,299,24,300" oya="3" hai0="49,40,30,89,109,104,115,123,29,64,35,39,128" hai1="91,25,111,121,23,36,131,105,63,53,62,45,56" hai2="117,82,48,54,122,83,47,52,74,126,26,67,16" hai3="14,96,98,108,10,68,2,28,120,87,33,80,41"/><W129/><G120/><T125/><D39/><U69/><E121/><V90/><F122/><W32/><G68/><T107/><D109/><U43/><E111/><V118/><F126/><W22/><G108/><T38/><D38/><U9/><E105/><V95/><F74/><W4/><G2/><T71/><D89/><U81/><E131/><V24/><F117/><W13/><G129/><T15/><D15/><U21/><E9/><V1/><F1/><W127/><G127/><T134/><D49/><U132/><E132/><V50/><F118/><W116/><G116/><T44/><D44/><U99/><E25/><V72/><F72/><W59/><G41/><T93/><D40/><U70/><E70/><V103/><F67/><W76/><G33/><T51/><D64/><U18/><E18/><V77/><F77/><W61/><G32/><T88/><D104/><U100/><E100/><V34/><F34/><W133/><G133/><T42/><D107/><U58/><E69/><V66/><F66/><N who="3" m="39231" /><G28/><T106/><D106/><U5/><E5/><V119/><F103/><W79/><G76/><T6/><D71/><U86/><E99/><V17/><F119/><W92/><G92/><T60/><D35/><U11/><E11/><V97/><F26/><W0/><G0/><T85/><D125/><U113/><E113/><V114/><F114/><W46/><G46/><T73/><D115/><U135/><E135/><V20/><REACH who="2" step="1"/><F17/><AGARI ba="0,0" hai="4,10,13,14,17,22,79,80,87,96,98" m="39231" machi="17" ten="30,2900,0" yaku="8,1,52,1" doraHai="19" who="3" fromWho="2" sc="377,0,299,0,24,-29,300,29" owari="377,47.7,299,-10.1,-5,-50.5,329,12.9" /></mjloggm>