<mjloggm ver="2.3"><GO type="169" lobby="0"/><UN n0="%E6%98%8E%E6%98%9F%E5%B8%82%E6%B0%91" n1="%E8%8F%85%E7%94%B0%E5%B0%86%E6%9A%89%28%E5%81%BD%E7%89%A9%29" n2="%E7%95%99%E3%83%81%E3%83%A7%E3%83%AD" n3="%E6%8C%91%E6%88%A6%E8%80%85%EF%BC%81" dan="16,16,19,17" rate="2158.93,2170.13,2330.94,2177.16" sx="M,M,M,M"/><TAIKYOKU oya="0"/><INIT seed="0,0,0,4,0,13" ten="250,250,250,250" oya="0" hai0="113,61,78,55,45,84,0,47,24,124,23,10,67" hai1="119,102,88,107,53,118,31,72,12,132,32,14,133" hai2="3,114,79,91,37,90,93,70,108,117,73,60,105" hai3="130,15,89,39,127,62,1,135,18,35,115,4,9"/><T125/><D113/><U109/><E32/><V120/><RYUUKYOKU type="yao9" ba="0,0" sc="250,0,250,0,250,0,250,0" hai2="3,37,60,70,73,79,90,91,93,105,108,114,117,120" /><INIT seed="0,1,0,5,4,121" ten="250,250,250,250" oya="0" hai0="14,3,95,106,74,93,122,84,32,63,92,87,135" hai1="45,113,114,19,132,90,97,82,111,28,16,33,67" hai2="86,57,64,108,112,125,6,58,110,55,85,120,37" hai3="131,127,27,98,102,0,105,11,49,72,29,23,9"/><T116/><D122/><U89/><E132/><V39/><F120/><W26/><G72/><T109/><D3/><U66/><E45/><V115/><F6/><W68/><G127/><T62/><D32/><U44/><E44/><V48/><F125/><W103/><G131/><T50/><D135/><U8/><E111/><N who="2" m="42539" /><F85/><W40/><G68/><T30/><D106/><U133/><E133/><V1/><F86/><W51/><G103/><T47/><D74/><U21/><E82/><V99/><F99/><W43/><G0/><T38/><D38/><N who="2" m="14346" /><F1/><W10/><G43/><T71/><D84/><U4/><E97/><V96/><F96/><W117/><G40/><T56/><D87/><U70/><E4/><V46/><F64/><W17/><REACH who="3" step="1"/><G117/><REACH who="3" ten="250,250,250,240" step="2"/><T94/><D116/><U24/><E70/><V88/><F88/><W22/><AGARI ba="1,1" hai="9,10,11,17,22,23,26,27,29,49,51,98,102,105" machi="22" ten="30,4000,0" yaku="1,1,2,1,0,1,53,0" doraHai="121" doraHaiUra="52" who="3" fromWho="3" sc="250,-21,250,-11,250,-11,240,53" /><INIT seed="1,0,0,1,5,75" ten="229,239,239,293" oya="1" hai0="106,69,9,132,47,104,73,63,95,42,135,130,29" hai1="61,46,91,72,110,52,71,111,55,17,64,99,30" hai2="49,124,114,19,118,31,76,90,101,7,121,98,11" hai3="79,2,97,37,125,96,44,87,16,134,103,20,60"/><U94/><E72/><V127/><F118/><W36/><G2/><T116/><D116/><U39/><E30/><V67/><F121/><W88/><G125/><N who="2" m="48201" /><F114/><W122/><G122/><T50/><D73/><U33/><E33/><V86/><F31/><W57/><G134/><N who="0" m="51243" /><D29/><U21/><E39/><V92/><F67/><W129/><G129/><T56/><D69/><U89/><E89/><V83/><F49/><W128/><G128/><T45/><D45/><U28/><E28/><V100/><F19/><W40/><G36/><T34/><D34/><U15/><REACH who="1" step="1"/><E46/><REACH who="1" ten="229,229,239,293" step="2"/><V48/><F48/><W59/><G79/><T108/><D47/><U13/><E13/><AGARI ba="0,1" hai="7,11,13,76,83,86,90,92,98,100,101" m="48201" machi="13" ten="30,2000,0" yaku="18,1,52,1" doraHai="75" who="2" fromWho="1" sc="229,0,229,-20,239,30,293,0" /><INIT seed="2,0,0,0,0,129" ten="229,209,269,293" oya="2" hai0="3,13,10,71,23,19,79,104,73,68,72,34,54" hai1="33,93,5,37,105,91,115,85,69,7,59,127,117" hai2="122,84,17,121,86,113,28,8,36,99,50,78,31" hai3="98,97,100,66,88,2,103,14,128,18,134,123,133"/><V132/><F36/><W67/><G2/><T83/><D104/><U61/><E115/><V22/><F113/><W32/><G32/><T51/><D72/><U49/><E117/><V124/><F124/><W38/><G38/><T77/><D77/><U64/><E127/><V20/><F8/><W39/><G39/><T43/><D43/><U75/><E75/><V1/><F1/><W21/><G123/><T130/><D130/><U12/><E33/><V35/><F35/><W92/><G128/><T0/><D0/><U11/><BYE who="0" /><E105/><V45/><F99/><W27/><G27/><T74/><D74/><U112/><E37/><V114/><F114/><W30/><G30/><T90/><D90/><U81/><E112/><V107/><F107/><W62/><G66/><T44/><D44/><U42/><E93/><UN n0="%E6%98%8E%E6%98%9F%E5%B8%82%E6%B0%91" /><V102/><F102/><W52/><G52/><T9/><D34/><U16/><REACH who="1" step="1"/><E69/><REACH who="1" ten="229,199,269,293" step="2"/><V87/><F121/><W80/><G80/><T101/><D71/><U135/><E135/><N who="3" m="51722" /><G98/><T4/><D68/><AGARI ba="0,1" hai="14,18,21,62,67,68,88,92,97,100,103" m="51722" machi="68" ten="30,8000,1" yaku="20,1,52,3,54,1" doraHai="129" who="3" fromWho="0" sc="229,-80,199,0,269,0,293,90" /><INIT seed="3,0,0,3,4,19" ten="149,199,269,383" oya="3" hai0="31,57,109,32,50,74,130,126,91,112,61,3,49" hai1="88,13,41,82,133,123,2,93,25,113,101,66,67" hai2="36,20,70,97,47,46,58,42,132,111,56,64,106" hai3="30,92,79,52,16,6,62,117,90,0,94,40,128"/><W11/><G117/><T12/><D130/><U73/><E113/><V99/><F106/><W121/><G121/><T110/><D126/><U76/><E123/><V48/><F111/><W120/><G120/><T135/><D74/><U107/><E2/><V4/><F132/><W38/><G79/><T43/><D135/><U53/><E133/><V9/><F70/><W51/><G30/><T80/><D3/><U77/><E77/><V75/><F75/><W129/><G62/><T100/><D112/><U96/><E41/><V102/><F20/><W87/><G94/><T37/><D32/><U39/><E39/><V119/><F119/><W22/><G40/><T65/><D100/><U21/><E13/><V83/><F83/><W81/><G81/><T95/><D80/><U118/><E53/><V78/><F78/><W59/><REACH who="3" step="1"/><G38/><REACH who="3" ten="149,199,269,373" step="2"/><T105/><D37/><U108/><E118/><V26/><F42/><W14/><AGARI ba="0,1" hai="0,6,11,14,16,22,51,52,59,87,90,92,128,129" machi="14" ten="30,24000,3" yaku="1,1,2,1,0,1,25,2,52,1,54,2,53,1" doraHai="19" doraHaiUra="86" who="3" fromWho="3" sc="149,-80,199,-80,269,-80,373,250" /><INIT seed="3,1,0,5,3,9" ten="69,119,189,623" oya="3" hai0="95,84,110,67,124,128,50,111,60,62,38,30,20" hai1="6,47,40,17,87,35,112,113,12,109,114,77,133" hai2="64,32,103,75,132,25,82,101,100,39,97,53,66" hai3="129,8,119,98,61,126,88,27,89,41,48,85,116"/><W14/><G126/><T102/><D38/><U91/><E109/><N who="0" m="41481" /><D128/><U125/><E125/><V28/><F39/><W42/><G129/><T123/><D123/><U107/><E133/><V18/><F132/><W45/><G119/><T55/><D124/><U16/><E35/><V83/><F97/><W108/><G116/><T93/><D67/><U31/><E31/><V63/><F53/><W120/><G120/><T80/><D30/><U34/><E34/><V29/><F29/><W59/><G108/><T71/><D20/><U33/><E33/><V78/><F82/><W72/><G72/><T121/><D71/><U135/><E107/><V106/><F66/><N who="3" m="39231" /><G27/><T10/><D10/><N who="1" m="4183" /><E135/><V118/><F118/><W0/><G0/><T51/><D51/><N who="1" m="27111" /><E91/><N who="3" m="34890" /><G85/><T117/><D117/><U4/><E4/><V73/><F73/><W79/><G79/><N who="0" m="46111" /><D121/><U37/><E37/><V52/><F106/><W86/><G86/><T22/><D102/><U19/><E113/><V69/><F101/><W23/><G98/><T134/><D134/><U65/><E65/><V26/><F18/><N who="3" m="10711" /><G8/><T3/><D3/><U7/><E7/><V46/><F25/><W2/><G2/><T15/><D95/><U122/><E122/><V76/><F76/><W130/><G130/><T105/><D93/><U99/><E99/><V115/><F115/><W57/><G57/><N who="0" m="33015" /><D105/><U70/><E70/><V21/><F32/><W43/><AGARI ba="1,0" hai="41,42,43,45,48" m="10711,34890,39231" machi="43" ten="30,6000,0" yaku="8,1,52,1,54,1" doraHai="9" who="3" fromWho="3" sc="69,-21,119,-21,189,-21,623,63" /><INIT seed="3,2,0,5,0,100" ten="48,98,168,686" oya="3" hai0="56,133,110,34,124,70,121,79,134,125,0,116,118" hai1="106,16,33,38,42,49,119,90,60,98,61,57,20" hai2="80,62,13,1,73,19,67,43,135,29,8,132,7" hai3="120,101,102,18,54,11,26,127,93,131,27,105,99"/><W130/><G120/><T45/><D79/><U21/><E33/><V64/><F43/><W112/><G112/><T89/><D121/><U114/><E114/><V48/><F48/><W104/><G127/><N who="0" m="48715" /><D0/><U37/><E119/><N who="0" m="45609" /><D34/><U72/><E72/><V74/><F29/><W92/><G54/><T59/><D89/><U53/><E20/><V103/><F103/><W109/><G109/><T58/><D110/><U84/><E106/><V71/><F67/><W87/><G11/><T78/><D78/><U111/><E111/><V44/><F44/><W113/><G113/><T12/><D12/><U5/><E5/><V15/><F1/><W63/><G63/><N who="1" m="24138" /><E42/><V66/><F66/><W31/><G18/><T36/><D70/><U51/><E51/><V68/><F68/><W22/><G27/><T2/><D2/><U65/><E98/><V3/><F3/><W126/><G126/><T46/><D36/><U123/><E65/><V85/><F73/><W83/><G93/><T23/><D23/><U96/><E96/><V81/><F74/><W28/><G28/><T82/><D82/><U4/><E4/><V94/><F94/><W107/><REACH who="3" step="1"/><G102/><REACH who="3" ten="48,98,168,676" step="2"/><T47/><AGARI ba="2,1" hai="45,46,47,56,58,59,133,134" m="45609,48715" machi="47" ten="40,8000,1" yaku="28,2,18,1,34,2" doraHai="100" who="0" fromWho="0" sc="48,96,98,-22,168,-22,676,-42" /><INIT seed="4,0,0,3,4,38" ten="144,76,146,634" oya="0" hai0="47,133,15,132,12,118,31,88,102,39,67,9,16" hai1="104,107,123,25,34,105,63,113,77,81,83,20,76" hai2="61,7,86,125,21,130,90,58,26,106,93,134,103" hai3="46,19,122,75,23,0,22,2,18,11,114,126,108"/><T112/><D118/><U95/><E34/><V33/><F130/><W94/><G75/><T42/><D112/><U121/><E63/><V117/><F117/><W24/><G108/><T84/><D102/><U129/><E25/><V79/><F134/><N who="0" m="51818" /><D67/><U45/><E20/><V62/><F33/><W48/><G114/><T27/><D12/><U120/><E113/><V53/><F125/><W43/><G126/><T35/><D84/><U85/><E45/><V54/><F7/><W28/><G122/><T32/><D88/><N who="1" m="53647" /><E129/><V119/><F119/><W64/><G64/><T111/><D35/><U109/><E109/><AGARI ba="0,0" hai="9,15,16,27,31,32,39,42,47,109,111" m="51818" machi="109" ten="30,5800,0" yaku="20,1,52,1,54,1" doraHai="38" who="0" fromWho="1" sc="144,58,76,-58,146,0,634,0" /><INIT seed="4,1,0,5,4,14" ten="202,18,146,634" oya="0" hai0="65,78,16,61,84,114,74,100,103,93,59,87,57" hai1="25,73,134,85,37,5,1,3,11,66,72,60,83" hai2="52,63,112,27,75,131,26,86,46,30,71,22,55" hai3="135,38,15,12,105,130,33,20,8,45,113,35,34"/><T9/><D114/><U31/><E134/><V115/><F75/><W133/><G105/><T117/><D74/><U0/><E37/><V124/><F131/><W98/><G98/><T122/><D117/><U128/><E128/><V111/><F111/><W47/><G130/><T81/><D122/><U10/><E10/><V40/><F124/><W50/><G113/><N who="2" m="43593" /><F86/><W24/><G38/><T51/><D51/><U76/><E72/><V23/><F71/><W44/><G50/><T91/><D57/><U97/><E97/><V96/><F96/><W126/><G126/><T82/><D93/><U107/><E107/><V79/><F79/><W125/><G125/><T123/><D123/><U49/><E49/><N who="2" m="26823" /><F63/><W118/><G118/><T32/><D32/><U94/><E94/><V102/><F102/><W119/><G119/><T29/><D29/><AGARI ba="1,0" hai="22,23,26,27,29,30,52,55" m="26823,43593" machi="29" ten="30,2000,0" yaku="15,1,54,1" doraHai="14" who="2" fromWho="0" sc="202,-23,18,0,146,23,634,0" /><INIT seed="5,0,0,1,3,107" ten="179,18,169,634" oya="1" hai0="33,16,22,10,59,87,56,96,130,69,7,15,37" hai1="119,34,108,63,73,8,116,36,66,122,24,80,39" hai2="124,31,45,88,97,11,70,127,25,118,61,71,2" hai3="3,51,129,52,35,50,13,85,23,79,126,48,5"/><U46/><E122/><V55/><F118/><W82/><G35/><T120/><D69/><U18/><E108/><V109/><F109/><W98/><G126/><N who="2" m="48169" /><F2/><W113/><G113/><T104/><D37/><U123/><E123/><V128/><F11/><N who="3" m="4335" /><G3/><T28/><D130/><U60/><E8/><V103/><F128/><W43/><G43/><T54/><D87/><U121/><E121/><V105/><F88/><W9/><G9/><T92/><D104/><U21/><E34/><N who="2" m="20847" /><F45/><N who="3" m="27663" /><G129/><T101/><D120/><U89/><E89/><V133/><F133/><W19/><G98/><N who="0" m="59591" /><D54/><U38/><E46/><V132/><F132/><W78/><G78/><T95/><D33/><U49/><E49/><V47/><F47/><W134/><G134/><T53/><D28/><U111/><E111/><V20/><F20/><W41/><G41/><T12/><D53/><U114/><E114/><V67/><F55/><W102/><G102/><AGARI ba="0,0" hai="7,10,12,15,16,22,56,59,95,96,102" m="59591" machi="102" ten="30,2000,0" yaku="8,1,54,1" doraHai="107" who="0" fromWho="3" sc="179,20,18,0,169,0,634,-20" /><INIT seed="6,0,0,4,1,50" ten="199,18,169,614" oya="2" hai0="70,35,5,1,133,49,29,115,113,127,82,21,94" hai1="126,9,107,17,14,13,31,48,90,18,38,131,8" hai2="92,53,63,101,22,47,3,99,6,30,120,129,11" hai3="86,80,102,119,16,85,103,65,110,19,7,44,23"/><V89/><F120/><W68/><G110/><T95/><D70/><U83/><E38/><V52/><F129/><W130/><G119/><T76/><D35/><U100/><E131/><V117/><F117/><W66/><G7/><T118/><D133/><U55/><E126/><V72/><F72/><W40/><G130/><T56/><D127/><U122/><E122/><V20/><F47/><W78/><G86/><T0/><D118/><U121/><E121/><V128/><F128/><W12/><G68/><T54/><D29/><U108/><E108/><V125/><F125/><W32/><G32/><T74/><D21/><U57/><E31/><V26/><F63/><W42/><G19/><T98/><D5/><U69/><E69/><V96/><F20/><W93/><G93/><AGARI ba="0,0" hai="3,6,11,22,26,30,52,53,89,92,93,96,99,101" machi="93" ten="30,11600,0" yaku="7,1,52,2,54,1" doraHai="50" who="2" fromWho="3" sc="199,0,18,0,169,116,614,-116" /><INIT seed="6,1,0,3,4,130" ten="199,18,285,498" oya="2" hai0="79,25,118,84,41,50,89,62,65,134,28,71,58" hai1="47,117,103,6,57,109,26,92,98,85,40,69,46" hai2="32,18,29,127,132,66,125,11,95,122,52,106,21" hai3="73,20,102,5,123,23,88,113,39,33,10,96,111"/><V104/><F122/><W38/><G33/><T120/><D120/><U94/><E109/><V76/><F66/><W34/><G34/><T45/><D118/><U53/><E117/><V8/><F76/><W9/><G73/><T17/><D79/><U78/><E69/><V15/><F32/><W35/><G35/><T1/><D1/><U67/><E67/><V114/><F95/><W110/><G123/><T105/><D105/><U61/><E6/><V91/><F91/><W97/><G88/><T119/><D119/><U13/><E13/><V115/><F52/><W74/><G74/><T131/><D131/><U3/><E3/><V81/><F81/><W24/><G24/><T22/><D71/><U90/><E78/><V19/><F15/><W124/><G5/><T86/><D134/><U107/><E107/><V121/><F121/><W4/><G4/><T83/><REACH who="0" step="1"/><D84/><REACH who="0" ten="189,18,285,498" step="2"/><U59/><E40/><V80/><F132/><W126/><G102/><T51/><D51/><U49/><REACH who="1" step="1"/><E26/><REACH who="1" ten="189,8,285,498" step="2"/><V31/><F104/><W116/><G116/><T60/><D60/><U12/><E12/><V44/><F106/><W30/><G111/><T37/><D37/><U36/><E36/><V87/><F87/><W63/><G110/><T27/><D27/><U68/><E68/><V14/><F14/><W100/><G39/><T135/><D135/><U93/><E93/><V101/><F8/><W2/><G9/><T133/><D133/><U7/><E7/><V64/><F11/><W0/><G10/><T16/><AGARI ba="1,2" hai="16,17,22,25,28,41,45,50,58,62,65,83,86,89" machi="16" ten="30,7900,0" yaku="1,1,0,1,8,1,54,1,53,0" doraHai="130" doraHaiUra="128" who="0" fromWho="0" sc="189,102,8,-21,285,-40,498,-21" owari="291,9.1,-13,-51.3,245,-15.5,477,57.7" /></mjloggm>