<mjloggm ver="2.3"><GO type="169" lobby="0"/><UN n0="%E3%81%99%E3%81%84%E3%81%BF%E3%82%87%E3%82%93%44%5A" n1="%E3%81%8B%E3%81%AA%E3%81%8D%E3%83%BC" n2="%48%61%6C%66%73" n3="%E4%B8%89%E5%B3%B6%E5%85%AB%E9%9B%B2" dan="16,17,17,17" rate="2102.04,2222.37,2163.17,2230.24" sx="M,F,M,M"/><TAIKYOKU oya="0"/><INIT seed="0,0,0,2,4,33" ten="250,250,250,250" oya="0" hai0="50,90,54,8,132,1,19,44,3,110,112,127,66" hai1="124,130,115,109,123,113,35,14,32,61,101,64,15" hai2="9,22,79,107,56,117,129,81,39,118,31,63,111" hai3="87,25,28,26,29,116,5,86,11,74,120,47,68"/><T128/><D112/><N who="1" m="43083" /><E101/><V135/><F111/><W73/><G116/><T99/><D128/><U102/><E102/><V103/><F39/><W52/><G68/><T40/><D127/><U17/><E61/><V95/><F107/><W0/><G120/><T89/><D132/><U4/><E64/><V77/><F9/><W36/><G74/><T67/><D110/><U43/><E43/><V133/><F129/><W12/><G73/><T38/><D67/><U58/><E58/><V96/><F77/><W45/><G36/><T59/><D66/><U78/><E78/><V126/><F126/><W84/><G12/><T121/><D121/><U65/><E65/><N who="2" m="39143" /><F22/><W55/><G47/><T114/><D114/><U80/><E109/><V37/><F31/><W85/><N who="3" m="21504" /><DORA hai="10" /><W24/><REACH who="3" step="1"/><G45/><REACH who="3" ten="250,250,250,240" step="2"/><T131/><D131/><U70/><E70/><V94/><F37/><W134/><G134/><T97/><D38/><U16/><E130/><V106/><F133/><W41/><G41/><T119/><D40/><U27/><E123/><V98/><F135/><W53/><AGARI ba="0,1" hai="0,5,11,24,25,26,28,29,52,53,55" m="21504" machi="53" ten="50,12000,2" yaku="1,1,0,1,29,2,52,1,54,1,53,0" doraHai="33,10" doraHaiUra="60,88" who="3" fromWho="3" sc="250,-60,250,-30,250,-30,240,130" /><INIT seed="1,0,0,5,3,13" ten="190,220,220,370" oya="1" hai0="43,108,70,113,101,127,1,89,128,75,129,80,32" hai1="71,109,59,95,112,119,83,134,82,69,50,4,28" hai2="58,55,102,27,56,15,126,114,14,66,60,34,7" hai3="19,107,48,98,118,105,132,130,81,123,120,133,88"/><U23/><E112/><V65/><F126/><W12/><G48/><T85/><D43/><U124/><E119/><V2/><F114/><W33/><G33/><T103/><D70/><U49/><E124/><V17/><F102/><N who="0" m="38922" /><D1/><U74/><E134/><N who="3" m="51818" /><G118/><T72/><D32/><U76/><E109/><V21/><F15/><W37/><G37/><T84/><D127/><U0/><E95/><V125/><F125/><W97/><G130/><N who="0" m="50283" /><D113/><U16/><E28/><V44/><F44/><W115/><G115/><T46/><D46/><U47/><E83/><V35/><F65/><W25/><G25/><T20/><D20/><U135/><E135/><V52/><F2/><W8/><G98/><T77/><D108/><U90/><E90/><V111/><F66/><W110/><G110/><T45/><D45/><U122/><E47/><V10/><REACH who="2" step="1"/><F111/><REACH who="2" ten="190,220,210,370" step="2"/><W64/><G64/><T36/><D36/><U62/><E0/><V26/><F26/><W3/><G3/><T51/><D51/><AGARI ba="0,1" hai="7,10,14,17,21,27,34,35,51,52,55,56,58,60" machi="51" ten="30,7700,0" yaku="1,1,7,1,52,1,54,1,53,0" doraHai="13" doraHaiUra="116" who="2" fromWho="0" sc="190,-77,220,0,210,87,370,0" /><INIT seed="2,0,0,3,4,42" ten="113,220,297,370" oya="2" hai0="7,31,27,12,18,26,128,102,45,13,95,91,133" hai1="30,0,34,106,125,68,16,73,76,71,122,114,81" hai2="46,117,50,75,100,96,24,49,74,130,63,15,127" hai3="109,57,98,97,134,123,3,90,132,105,82,69,39"/><V29/><F117/><W33/><G69/><T59/><D128/><U62/><E114/><V23/><F130/><W51/><G39/><T86/><D133/><N who="3" m="51305" /><G3/><T28/><D102/><U115/><E115/><V118/><F118/><W113/><G33/><T83/><D7/><U77/><E125/><V6/><F127/><W11/><G11/><T120/><D120/><U65/><E122/><V37/><F37/><W1/><G1/><T126/><D126/><U112/><E0/><V92/><F50/><W53/><G123/><T43/><D59/><U17/><E106/><V99/><F99/><W4/><G4/><T21/><D83/><U41/><E77/><V70/><F6/><W10/><G10/><T94/><D95/><U124/><E71/><V119/><F15/><W80/><G109/><T14/><REACH who="0" step="1"/><D27/><REACH who="0" ten="103,220,297,370" step="2"/><U131/><E131/><V61/><F119/><W103/><G113/><T8/><D8/><U60/><E112/><V108/><F108/><W38/><G103/><T48/><AGARI ba="0,1" hai="12,13,14,18,21,26,28,31,43,45,48,86,91,94" machi="48" ten="30,8000,1" yaku="1,1,0,1,8,1,52,1,53,1" doraHai="42" doraHaiUra="19" who="0" fromWho="0" sc="103,90,220,-20,297,-40,370,-20" /><INIT seed="3,0,0,2,3,104" ten="193,200,257,350" oya="3" hai0="91,120,4,24,20,122,105,31,44,97,48,82,123" hai1="13,21,6,73,19,78,88,79,110,60,11,5,76" hai2="92,57,22,109,133,64,95,113,112,47,53,129,80" hai3="69,90,27,36,85,121,75,3,17,63,7,61,108"/><W94/><G121/><T74/><D4/><U96/><E110/><V51/><F109/><W52/><G36/><T81/><D91/><U99/><E5/><V72/><F133/><W103/><G108/><T23/><D20/><U106/><E60/><V43/><F129/><W89/><G69/><T56/><D56/><U30/><E30/><V86/><F64/><W114/><G114/><T71/><D71/><U101/><E99/><V40/><F40/><W18/><G3/><T62/><D62/><U77/><E88/><V29/><F86/><W42/><G42/><T66/><D66/><U67/><E67/><V33/><F33/><W54/><G7/><T55/><REACH who="0" step="1"/><D74/><REACH who="0" ten="183,200,257,350" step="2"/><U115/><E115/><V131/><F72/><W12/><G75/><T135/><D135/><U128/><E128/><V58/><F131/><W16/><G89/><T2/><D2/><U38/><E73/><V127/><F57/><W45/><G63/><T134/><D134/><U41/><E76/><V118/><F112/><W8/><G61/><T87/><D87/><U130/><E130/><V25/><F58/><W50/><G90/><T125/><D125/><U83/><E6/><V35/><F127/><W132/><G85/><T15/><D15/><U1/><E1/><V9/><F113/><W117/><G132/><T65/><D65/><U93/><E21/><V37/><F22/><W28/><G12/><T119/><D119/><U26/><E83/><V84/><F118/><W68/><G117/><T124/><D124/><U39/><E77/><N who="2" m="46095" /><F9/><W111/><G8/><T70/><D70/><U102/><E11/><RYUUKYOKU ba="0,1" sc="183,15,200,-15,257,15,350,-15" hai0="23,24,31,44,48,55,81,82,97,105,120,122,123" hai2="25,29,35,37,43,47,51,53,92,95" /><INIT seed="4,1,1,1,0,15" ten="198,185,272,335" oya="0" hai0="63,54,118,122,2,79,61,46,64,89,13,5,111" hai1="78,16,110,28,117,126,37,106,115,9,35,81,11" hai2="50,19,23,32,108,30,88,77,80,103,128,53,27" hai3="58,73,97,7,14,36,99,44,39,114,22,45,91"/><T56/><D118/><U119/><E110/><V95/><F128/><W49/><G73/><T55/><D122/><U18/><E106/><V3/><F3/><W94/><G114/><T132/><D2/><U47/><E37/><V67/><F67/><W127/><G127/><T48/><D111/><U84/><E47/><V85/><F103/><W42/><G58/><T93/><D79/><U107/><E107/><V82/><F108/><W102/><G45/><T34/><D34/><U31/><E126/><V112/><F112/><W71/><G71/><T24/><D24/><U20/><E115/><V4/><F4/><W29/><G29/><T41/><D132/><U69/><E69/><V25/><REACH who="2" step="1"/><F77/><REACH who="2" ten="198,185,262,335" step="2"/><W59/><G7/><T72/><D72/><U68/><E119/><V26/><F26/><W51/><G102/><T76/><D76/><U121/><E117/><V109/><F109/><W75/><G75/><T96/><D63/><U33/><E121/><V74/><F74/><W98/><G39/><T52/><D64/><U134/><E78/><V83/><F83/><W62/><G36/><T90/><D89/><U87/><E81/><V86/><F86/><W135/><G135/><T123/><D123/><U21/><E68/><V133/><F133/><AGARI ba="1,2" hai="9,11,16,18,20,21,28,31,33,35,84,87,133,134" machi="133" ten="25,8000,1" yaku="22,2,52,2,54,1" doraHai="15" who="1" fromWho="2" sc="198,0,185,103,262,-83,335,0" /><INIT seed="5,0,0,1,4,111" ten="198,288,179,335" oya="1" hai0="114,88,56,25,130,6,71,77,132,70,44,31,118" hai1="99,43,78,119,135,57,46,48,41,89,54,106,58" hai2="2,123,98,72,19,129,59,79,12,18,85,121,37" hai3="4,30,101,5,49,74,110,45,122,80,28,81,23"/><U15/><E119/><V131/><F37/><W34/><G110/><T29/><D118/><U16/><E135/><V95/><F72/><W0/><G122/><T1/><D77/><U76/><E106/><V65/><F2/><W92/><G34/><T75/><D75/><U17/><E99/><V36/><F36/><W115/><G0/><T61/><D44/><U84/><E58/><V24/><F24/><W117/><G117/><T102/><D102/><U96/><E96/><V60/><F121/><W39/><G39/><T134/><D130/><U107/><E43/><V20/><F123/><W32/><G32/><T51/><D51/><U13/><E13/><V35/><F18/><W100/><G92/><T67/><D6/><U62/><E17/><V125/><F125/><W113/><G74/><T83/><D1/><U50/><E62/><V127/><F35/><W22/><G49/><T69/><D114/><U68/><E68/><V55/><F127/><W9/><G9/><T82/><D82/><U42/><E107/><V38/><F38/><W126/><G45/><T11/><D11/><U112/><E112/><V53/><F129/><W108/><G108/><T21/><REACH who="0" step="1"/><D29/><REACH who="0" ten="188,288,179,335" step="2"/><U87/><E78/><V90/><F131/><W66/><G126/><T52/><D52/><U93/><E76/><V73/><F73/><W105/><G105/><T7/><D7/><U26/><E42/><V133/><F133/><W109/><G109/><T91/><D91/><U3/><E3/><V64/><F55/><W120/><G120/><T116/><D116/><U103/><E41/><V94/><F79/><RYUUKYOKU ba="0,1" sc="188,10,288,-30,179,10,335,10" hai0="21,25,31,56,61,67,69,70,71,83,88,132,134" hai2="12,19,20,53,59,60,64,65,85,90,94,95,98" hai3="4,5,22,23,28,30,66,80,81,100,101,113,115" /><INIT seed="6,1,1,2,0,59" ten="198,258,189,345" oya="2" hai0="46,74,8,56,87,57,103,101,77,130,20,112,1" hai1="92,40,127,95,63,71,31,126,53,14,61,6,21" hai2="90,88,121,118,11,81,23,85,116,43,19,4,38" hai3="67,108,83,123,82,99,80,102,52,100,89,16,107"/><V84/><F121/><W73/><G108/><T0/><D112/><U51/><E40/><V9/><F38/><W124/><G123/><T49/><D74/><U5/><E71/><V93/><F43/><W58/><G124/><N who="1" m="47658" /><E95/><V109/><F109/><W79/><G67/><T62/><D130/><U98/><E31/><V69/><F69/><W30/><G30/><T131/><D20/><U65/><E65/><V78/><F78/><W110/><G110/><T75/><D75/><U134/><E134/><V50/><F50/><W41/><G41/><T64/><D57/><N who="1" m="32959" /><E21/><V106/><F106/><W86/><G102/><T119/><D131/><U96/><E96/><V76/><F90/><W132/><G132/><T24/><D103/><N who="1" m="60871" /><E14/><V3/><REACH who="2" step="1"/><F9/><REACH who="2" ten="198,258,179,345" step="2"/><W72/><G79/><T128/><D8/><U10/><E10/><V17/><F17/><W2/><G16/><T104/><D128/><U7/><AGARI ba="1,2" hai="5,6,7,61,63" m="60871,32959,47658" machi="7" ten="30,4000,0" yaku="18,1,52,2" doraHai="59" who="1" fromWho="1" sc="198,-11,258,63,179,-21,345,-11" /><INIT seed="7,0,0,2,3,60" ten="187,321,158,334" oya="3" hai0="89,12,129,40,126,104,37,4,65,117,3,111,135" hai1="83,99,98,11,121,24,120,47,71,90,115,52,97" hai2="67,19,73,134,62,50,93,61,125,103,127,109,49" hai3="46,6,41,16,21,20,96,112,7,82,1,57,53"/><W116/><G116/><T31/><D117/><U13/><E71/><V17/><F73/><W113/><G96/><T100/><D111/><U128/><E115/><N who="3" m="44106" /><G82/><T27/><D12/><U32/><E128/><V15/><F109/><W72/><G72/><T101/><D89/><U105/><E105/><V77/><F77/><W87/><G87/><T123/><D100/><U91/><E32/><V133/><F103/><W80/><G80/><T81/><D81/><U25/><E121/><V131/><F93/><W2/><G21/><T119/><D126/><N who="2" m="48138" /><F131/><W30/><G30/><T35/><D123/><U5/><E120/><V78/><F78/><W94/><G94/><T75/><D75/><U68/><E68/><N who="2" m="42103" /><F61/><N who="3" m="36015" /><G1/><T51/><D119/><U70/><E70/><V38/><F38/><N who="3" m="21815" /><G2/><T63/><D129/><U66/><E91/><V64/><F64/><W106/><G106/><T8/><D101/><U95/><E66/><V48/><F15/><AGARI ba="0,0" hai="6,7,15,16,20" m="21815,36015,44106" machi="15" ten="30,2900,0" yaku="15,1,54,1" doraHai="60" who="3" fromWho="2" sc="187,0,321,0,158,-29,334,29" owari="187,-21.3,321,12.1,129,-37.1,363,46.3" /></mjloggm>