<mjloggm ver="2.3"><GO type="225" lobby="0"/><UN n0="%E5%B0%8F%E9%B3%A5%E9%81%8A%E7%B7%B4%E7%84%A1%32%31%E6%AD%B3" n1="%E3%81%8B%E3%82%8F%E3%81%A1%E3%82%83%E3%82%93%35%38" n2="%72%61%6B%33" n3="%E3%81%99%E3%81%84%E3%81%BE%E3%81%9B%E3%83%BC%E3%82%93" dan="16,16,16,18" rate="2151.89,2150.75,2101.25,2200.91" sx="F,M,M,M"/><TAIKYOKU oya="0"/><INIT seed="0,0,0,3,4,1" ten="250,250,250,250" oya="0" hai0="19,117,130,112,121,120,36,20,132,55,27,59,32" hai1="46,87,125,127,24,68,92,49,14,77,63,84,75" hai2="95,131,106,56,74,26,39,12,86,85,114,8,51" hai3="37,102,104,58,17,81,31,111,113,28,41,22,34"/><T60/><D117/><U50/><E75/><V88/><F74/><W115/><G111/><T135/><D112/><U72/><E72/><V67/><F114/><W124/><G124/><N who="1" m="47690" /><E77/><V80/><F39/><W35/><G81/><T110/><D36/><U61/><E50/><V54/><F131/><W119/><G58/><T82/><D130/><U15/><E24/><V94/><F106/><W7/><G37/><T133/><D110/><U96/><E84/><V65/><F26/><W6/><G41/><T43/><D43/><N who="1" m="24799" /><E87/><V109/><F109/><W91/><G119/><T73/><REACH who="0" step="1"/><D32/><REACH who="0" ten="240,250,250,250" step="2"/><U108/><E108/><V2/><F2/><W129/><G129/><T47/><D47/><U101/><E68/><V52/><F54/><W99/><G115/><T16/><D16/><U4/><E4/><N who="2" m="3079" /><F95/><W69/><G69/><T107/><D107/><U25/><E25/><V57/><F57/><W64/><G113/><T71/><D71/><U13/><AGARI ba="0,1" hai="13,14,15,61,63,92,96,101" m="24799,47690" machi="13" ten="30,1100,0" yaku="18,1" doraHai="1" who="1" fromWho="1" sc="240,-5,250,21,250,-3,250,-3" /><INIT seed="1,0,0,3,4,117" ten="235,271,247,247" oya="1" hai0="36,38,37,55,82,52,127,74,1,46,44,32,22" hai1="89,123,20,30,110,122,78,91,51,47,128,75,3" hai2="17,120,88,19,8,129,104,108,10,118,27,81,133" hai3="35,124,67,71,0,5,4,92,83,7,15,115,103"/><U87/><E3/><V45/><F118/><W72/><G115/><T113/><D32/><U80/><E128/><V132/><F104/><W73/><G0/><T107/><D107/><U18/><E30/><V109/><F129/><W40/><G35/><T28/><D113/><U60/><E60/><V101/><F101/><W79/><G124/><T86/><D74/><U68/><E68/><V63/><F63/><W49/><G73/><T13/><D1/><U93/><E91/><V24/><F45/><W53/><G40/><T41/><D46/><U43/><REACH who="1" step="1"/><E110/><REACH who="1" ten="235,261,247,247" step="2"/><V111/><F88/><W131/><G71/><T64/><D28/><U121/><E121/><V14/><F120/><W12/><G131/><T34/><D127/><U125/><E125/><V25/><F81/><W97/><REACH who="3" step="1"/><G67/><REACH who="3" ten="235,261,247,237" step="2"/><T99/><D64/><U62/><E62/><V42/><F42/><W56/><AGARI ba="0,2" hai="4,5,7,12,15,49,53,56,72,79,83,92,97,103" machi="56" ten="30,7900,0" yaku="1,1,2,1,0,1,53,1" doraHai="117" doraHaiUra="94" who="3" fromWho="3" sc="235,-20,261,-39,247,-20,237,99" /><INIT seed="2,0,0,0,2,135" ten="215,222,227,336" oya="2" hai0="121,110,133,97,99,25,19,5,63,88,17,0,46" hai1="29,125,30,77,15,118,116,34,50,11,84,134,69" hai2="113,112,108,62,83,126,26,37,43,131,36,4,9" hai3="54,2,33,61,94,87,78,123,76,16,40,52,85"/><V92/><F131/><W35/><G2/><T47/><D121/><U96/><E69/><V132/><F132/><W66/><G123/><T13/><D133/><U95/><E134/><V6/><F92/><W98/><G40/><T7/><D110/><U91/><E118/><V1/><F108/><W102/><G35/><T39/><D0/><U74/><E116/><V86/><F6/><N who="0" m="2058" /><D39/><U71/><E71/><V75/><F62/><W114/><G33/><T48/><D63/><U120/><E34/><V27/><F37/><W130/><G130/><T80/><D25/><U90/><E120/><V32/><F27/><W45/><G114/><T73/><D73/><U51/><E77/><N who="2" m="44479" /><F86/><W115/><G87/><N who="0" m="50279" /><D46/><U81/><E74/><V111/><F111/><W20/><G45/><T3/><D3/><U70/><E70/><V12/><F12/><W49/><G115/><T119/><D119/><U100/><E15/><V59/><F59/><N who="3" m="37183" /><G85/><T41/><D19/><U10/><E29/><N who="2" m="19511" /><F126/><W22/><G22/><AGARI ba="0,0" hai="13,17,22,41,47,48,97,99" m="50279,2058" machi="22" ten="30,2000,0" yaku="8,1,54,1" doraHai="135" who="0" fromWho="3" sc="215,20,222,0,227,0,336,-20" /><INIT seed="3,0,0,3,5,6" ten="235,222,227,316" oya="3" hai0="105,115,104,120,27,118,31,12,33,22,111,66,50" hai1="88,67,90,106,98,134,56,109,41,4,44,34,53" hai2="21,128,73,132,81,47,46,54,76,5,9,119,30" hai3="2,15,122,124,74,62,95,37,112,85,42,125,59"/><W10/><G112/><T82/><D115/><U7/><E34/><V20/><F119/><W89/><G122/><T60/><D120/><U35/><E35/><V61/><F128/><W113/><G74/><T107/><D118/><U19/><E67/><V87/><F132/><W1/><G42/><T101/><D111/><U18/><E106/><V69/><F73/><W121/><G37/><T133/><D133/><U71/><E71/><V117/><F117/><W70/><G70/><N who="0" m="42311" /><D50/><N who="1" m="26895" /><E134/><V32/><F32/><W45/><G45/><N who="2" m="16905" /><F69/><W80/><G121/><T26/><D12/><U11/><E109/><V78/><F78/><W43/><G43/><T114/><D82/><U51/><E7/><V3/><F3/><W83/><G113/><T39/><D39/><U75/><E75/><V108/><F108/><W135/><G135/><T40/><D40/><U131/><E131/><V123/><F123/><W17/><G2/><T55/><D55/><U94/><E90/><V127/><F30/><W126/><G1/><T77/><D77/><U97/><E97/><V130/><F130/><W24/><G24/><T63/><D114/><U38/><E38/><V129/><F129/><W16/><G17/><N who="0" m="12623" /><D63/><U58/><E58/><N who="2" m="35031" /><F5/><W64/><AGARI ba="0,0" hai="10,15,16,59,62,64,80,83,85,89,95,124,125,126" machi="64" ten="30,11700,0" yaku="0,1,18,1,52,1,54,1" doraHai="6" who="3" fromWho="3" sc="235,-39,222,-39,227,-39,316,117" owari="196,-0.4,183,-31.7,188,-21.2,433,53.3" /></mjloggm>