<mjloggm ver="2.3"><GO type="169" lobby="0"/><UN n0="%E6%81%8B%E3%81%AE%E3%81%86%E3%81%9F" n1="%E5%85%AD%E9%83%A8%E5%9C%AD" n2="%41%72%69%61" n3="%62%6F%79%61%74%65%74%75" dan="17,16,16,17" rate="2241.17,2122.48,2144.50,2207.61" sx="M,M,F,M"/><TAIKYOKU oya="0"/><INIT seed="0,0,0,5,4,84" ten="250,250,250,250" oya="0" hai0="21,41,24,42,59,33,101,1,23,76,35,29,100" hai1="39,25,119,3,121,104,9,108,6,47,79,15,113" hai2="117,69,86,12,66,135,7,74,4,126,56,90,94" hai3="65,93,61,89,118,27,83,73,64,77,134,30,2"/><T122/><D122/><U62/><E121/><V34/><F34/><W97/><G134/><T96/><D1/><U37/><E119/><V52/><F74/><W26/><G118/><T99/><D59/><U28/><E104/><V107/><F107/><W80/><G2/><T18/><D76/><U85/><E108/><V75/><F75/><W54/><G27/><T58/><D58/><U17/><E113/><V127/><F117/><W87/><G54/><T50/><D50/><U68/><E47/><V8/><F135/><W22/><REACH who="3" step="1"/><G61/><REACH who="3" ten="250,250,250,240" step="2"/><T103/><D33/><U82/><E62/><V116/><F116/><W131/><G131/><T128/><D35/><N who="1" m="20879" /><E68/><V109/><F109/><W123/><G123/><T88/><D128/><U91/><E79/><AGARI ba="0,1" hai="22,26,30,64,65,73,77,79,80,83,87,89,93,97" machi="79" ten="30,3900,0" yaku="1,1,7,1,52,1,53,0" doraHai="84" doraHaiUra="36" who="3" fromWho="1" sc="250,0,250,-39,250,0,240,49" /><INIT seed="1,0,0,3,5,73" ten="250,211,250,289" oya="1" hai0="123,32,65,5,49,37,85,34,44,108,36,8,109" hai1="25,62,101,133,24,43,61,128,53,132,80,38,72" hai2="31,60,110,54,11,42,111,116,96,13,2,22,46" hai3="26,21,66,91,68,83,87,16,48,134,10,77,113"/><U50/><E128/><V67/><F116/><W74/><G113/><T15/><D65/><U56/><E101/><V1/><F54/><W121/><G121/><T0/><D123/><U6/><E6/><V93/><F31/><W64/><G134/><N who="1" m="51818" /><E38/><N who="0" m="14953" /><D85/><U58/><E43/><V70/><F22/><W78/><G68/><T104/><D104/><U27/><E58/><V130/><F130/><W75/><G75/><T57/><D57/><U40/><E40/><V115/><F115/><W129/><G129/><T84/><D84/><U71/><E71/><V45/><F1/><W79/><G74/><T28/><D28/><U81/><E81/><V3/><F2/><W126/><G126/><T59/><D59/><U95/><E95/><V52/><F3/><W90/><G90/><T97/><D0/><U33/><E33/><V100/><F42/><W18/><G48/><T7/><D7/><U106/><E106/><V86/><F86/><W117/><G117/><T118/><D118/><U92/><E92/><V112/><F112/><W122/><G122/><T135/><D135/><U89/><E89/><V20/><F70/><W76/><N who="3" m="19456" /><DORA hai="9" /><W102/><G102/><T4/><D4/><U131/><E131/><V103/><F100/><W114/><G114/><T14/><D32/><U29/><E29/><V47/><F103/><W98/><G98/><T12/><D97/><U120/><E120/><V63/><F96/><W30/><G30/><T41/><D34/><U94/><E94/><V107/><F93/><W55/><G55/><T127/><D127/><U23/><E23/><V19/><F107/><RYUUKYOKU ba="0,0" sc="250,10,211,10,250,-30,289,10" hai0="5,8,12,14,15,41,44,49,108,109" hai1="24,25,27,50,53,56,61,62,72,80" hai3="10,16,18,21,26,64,66,83,87,91" /><INIT seed="1,1,0,0,5,66" ten="260,221,220,299" oya="1" hai0="111,97,81,131,73,108,48,58,98,84,12,54,23" hai1="27,5,119,130,133,106,91,42,101,102,21,10,126" hai2="38,36,19,56,14,132,79,99,18,96,90,127,47" hai3="34,103,50,70,39,129,0,55,76,95,123,135,43"/><U59/><E119/><V107/><F132/><W40/><G34/><T29/><D73/><U118/><E118/><V120/><F120/><W68/><G0/><T80/><D131/><U37/><E130/><V2/><F2/><W22/><G76/><T63/><D81/><U128/><E128/><V109/><F109/><N who="0" m="42058" /><D29/><U105/><E133/><V94/><F127/><W85/><G123/><T52/><D23/><U92/><E126/><V7/><F79/><W60/><G135/><T25/><D25/><U41/><E59/><V33/><F33/><W65/><G22/><T62/><D12/><N who="1" m="5199" /><E37/><V74/><F74/><W71/><G129/><T124/><D124/><U78/><E78/><V83/><F83/><W69/><G39/><T112/><D112/><U9/><E9/><V82/><F82/><W100/><G100/><N who="1" m="38506" /><E105/><V134/><F107/><W28/><G28/><T30/><D30/><N who="1" m="17775" /><E106/><V116/><F36/><W45/><REACH who="3" step="1"/><G85/><AGARI ba="1,0" hai="41,42,85,91,92" m="17775,38506,5199" machi="85" ten="30,1500,0" yaku="8,1" doraHai="66" who="1" fromWho="3" sc="260,0,221,18,220,0,299,-18" /><INIT seed="1,2,0,4,1,15" ten="260,239,220,281" oya="1" hai0="65,106,123,115,19,53,80,107,49,59,90,77,39" hai1="48,83,58,104,70,62,57,111,27,8,42,68,32" hai2="25,122,103,22,114,128,66,55,30,60,45,110,35" hai3="2,26,100,93,75,51,16,6,126,41,74,101,31"/><U3/><E104/><V79/><F122/><W102/><G126/><T76/><D39/><U116/><E116/><V78/><F128/><W98/><G6/><T99/><D115/><U13/><E3/><V21/><F110/><W44/><G2/><T72/><D77/><U125/><E125/><V130/><F130/><W71/><G71/><T113/><D113/><U64/><E111/><V87/><F114/><W12/><G75/><T36/><D36/><U9/><E9/><V117/><F117/><W46/><G46/><T97/><D65/><U61/><E83/><V92/><F35/><W29/><G74/><T109/><D123/><U73/><E73/><V63/><F22/><N who="3" m="15831" /><G29/><T94/><D109/><U18/><E48/><V7/><F7/><W82/><G82/><T14/><REACH who="0" step="1"/><D99/><REACH who="0" ten="250,239,220,281" step="2"/><U127/><E127/><V132/><F79/><W134/><G134/><T85/><D85/><U33/><E64/><V131/><F132/><W4/><G4/><T88/><D88/><U54/><E68/><V34/><F131/><W112/><G112/><T10/><AGARI ba="2,1" hai="10,14,19,49,53,59,72,76,80,90,94,97,106,107" machi="10" ten="20,5200,0" yaku="1,1,0,1,7,1,52,1,53,0" doraHai="15" doraHaiUra="38" who="0" fromWho="0" sc="250,68,239,-28,220,-15,281,-15" /><INIT seed="2,0,0,3,4,47" ten="318,211,205,266" oya="2" hai0="84,115,85,33,113,42,131,1,17,71,134,56,26" hai1="9,112,19,74,7,83,99,133,63,40,20,29,15" hai2="58,135,120,72,8,22,65,76,21,128,36,50,81" hai3="31,70,88,61,3,96,10,54,114,34,79,82,92"/><V25/><F120/><W86/><G114/><T66/><D1/><U68/><E112/><V90/><F135/><W78/><G34/><T106/><D71/><U103/><E133/><V37/><F128/><W27/><G31/><T44/><D106/><U116/><E116/><V125/><F125/><W105/><G27/><T53/><D66/><U55/><E29/><V101/><F101/><W52/><G105/><T38/><D131/><U75/><E40/><V30/><F22/><W14/><G3/><T13/><D134/><U124/><E124/><V23/><F23/><W62/><G79/><T45/><D45/><U46/><E83/><V16/><F90/><W126/><G126/><T111/><D111/><U89/><E89/><V60/><REACH who="2" step="1"/><F50/><REACH who="2" ten="318,211,195,266" step="2"/><W80/><G88/><T104/><D115/><U130/><E130/><V109/><F109/><W6/><G61/><T121/><D121/><U119/><E20/><V87/><F87/><W59/><G62/><T24/><D84/><U51/><E63/><V35/><F35/><W77/><G86/><T48/><D33/><U97/><E103/><V98/><F98/><W93/><G96/><T132/><D132/><U100/><E97/><V107/><F107/><W129/><G129/><T43/><D104/><U73/><E99/><V127/><F127/><W91/><G91/><T69/><D85/><U117/><E100/><V11/><F11/><W57/><G10/><T64/><D113/><U95/><E117/><V49/><F49/><W67/><G92/><T123/><D123/><U4/><E95/><V39/><F39/><W41/><G93/><RYUUKYOKU ba="0,1" sc="318,-10,211,-10,195,30,266,-10" hai2="8,16,21,25,30,36,37,58,60,65,72,76,81" /><INIT seed="2,1,1,0,5,123" ten="308,201,225,256" oya="2" hai0="5,124,35,70,58,10,39,51,95,55,16,96,69" hai1="26,71,84,126,8,106,34,68,15,60,49,40,104" hai2="113,107,72,115,109,19,9,93,46,120,29,61,102" hai3="7,59,110,116,11,41,117,20,63,74,31,66,57"/><V85/><F120/><W47/><G74/><T24/><D39/><U54/><E126/><V53/><F29/><W1/><G59/><T23/><D35/><U111/><E40/><V37/><F72/><W90/><G90/><T130/><D130/><U30/><E84/><V88/><F37/><W42/><G42/><T105/><D105/><U94/><E94/><V134/><F134/><W27/><G110/><T119/><D119/><U67/><E68/><V13/><F109/><W12/><REACH who="3" step="1"/><G1/><REACH who="3" ten="308,201,225,246" step="2"/><T131/><D131/><U2/><E2/><V97/><REACH who="2" step="1"/><F61/><REACH who="2" ten="308,201,215,246" step="2"/><W45/><G45/><T125/><D125/><U44/><REACH who="1" step="1"/><E111/><REACH who="1" ten="308,191,215,246" step="2"/><V127/><F127/><W98/><G98/><T121/><D124/><U89/><E89/><V22/><F22/><W108/><G108/><T43/><D121/><U32/><E32/><V48/><AGARI ba="1,4" hai="9,13,19,46,48,53,85,88,93,97,102,107,113,115" machi="48" ten="30,11700,0" yaku="1,1,0,1,54,1,53,1" doraHai="123" doraHaiUra="4" who="2" fromWho="2" sc="308,-40,191,-40,215,160,246,-40" /><INIT seed="2,2,0,0,1,79" ten="268,151,375,206" oya="2" hai0="124,122,25,12,87,116,76,106,62,132,65,130,101" hai1="80,92,134,121,4,111,40,34,133,53,109,50,86" hai2="63,123,77,0,26,105,1,29,14,113,24,89,115" hai3="37,30,58,15,75,51,9,126,36,91,112,90,42"/><V66/><F105/><W2/><G2/><T74/><D122/><U72/><E34/><V59/><F123/><W49/><G126/><T78/><D124/><U103/><E121/><V27/><F29/><W95/><G75/><T56/><D130/><U70/><E70/><V41/><F41/><W96/><G30/><T60/><D132/><N who="1" m="50795" /><E40/><V85/><F77/><W67/><G112/><T129/><D129/><U21/><E4/><V128/><F128/><W54/><G67/><T39/><D39/><U69/><E69/><V97/><F97/><W8/><G8/><T13/><D116/><U135/><N who="1" m="50803" /><U119/><DORA hai="44" /><E119/><V84/><F14/><W88/><G36/><T38/><D38/><U118/><E21/><V93/><REACH who="2" step="1"/><F85/><REACH who="2" ten="268,151,365,206" step="2"/><W35/><G35/><T61/><D87/><U10/><E118/><V104/><F104/><W52/><G37/><T120/><D120/><U48/><E86/><V18/><F18/><N who="3" m="8559" /><G42/><T6/><D106/><U16/><E72/><V100/><F100/><W81/><G81/><T7/><D74/><U82/><E82/><V64/><F64/><W11/><G11/><T68/><D65/><U22/><E10/><V57/><F57/><AGARI ba="2,1" hai="49,51,52,54,57,58,88,90,91,95,96" m="8559" machi="57" ten="30,8000,1" yaku="8,1,52,2,54,2" doraHai="79,44" who="3" fromWho="2" sc="268,0,151,0,365,-86,206,96" /><INIT seed="3,0,0,2,5,66" ten="268,151,279,302" oya="3" hai0="120,74,93,73,126,27,128,19,60,135,112,15,114" hai1="105,54,44,28,122,53,22,104,36,57,51,129,106" hai2="123,62,100,29,61,87,50,16,127,48,1,6,107" hai3="30,110,95,46,118,71,116,38,98,125,124,72,134"/><W12/><G72/><T67/><D120/><U10/><E122/><V80/><F123/><W76/><G76/><T42/><D42/><U131/><E10/><V45/><F127/><N who="3" m="48715" /><G134/><T9/><D128/><N who="1" m="49227" /><E36/><V2/><F29/><W119/><G30/><T117/><D117/><U13/><E28/><V69/><F62/><W90/><G110/><T115/><D126/><U34/><E34/><V133/><F133/><W56/><G56/><T35/><D135/><U108/><E108/><V11/><F1/><W109/><G109/><T26/><D93/><U86/><E86/><V41/><F107/><W37/><G12/><T5/><D35/><U94/><E94/><V32/><F32/><W55/><G38/><T102/><D102/><U20/><E13/><V113/><F100/><W23/><G23/><N who="0" m="13823" /><D26/><U47/><E47/><V89/><F113/><N who="0" m="28930" /><T4/><DORA hai="101" /><D4/><U103/><E103/><V33/><F33/><W64/><G37/><T49/><D49/><AGARI ba="0,0" hai="20,22,44,49,51,53,54,57,104,105,106" m="49227" machi="49" ten="40,8000,1" yaku="19,1,52,3" doraHai="66,101" who="1" fromWho="0" sc="268,-80,151,80,279,0,302,0" /><INIT seed="4,0,0,0,2,31" ten="188,231,279,302" oya="0" hai0="112,42,13,86,125,123,51,55,94,12,95,72,59" hai1="83,132,24,67,41,8,14,36,45,114,54,9,37" hai2="89,70,6,93,74,63,119,97,58,33,99,69,10" hai3="103,1,64,113,121,3,105,124,68,52,19,76,78"/><T116/><D72/><U100/><E37/><V87/><F74/><W26/><G113/><T81/><D112/><U57/><E114/><V96/><F119/><W109/><G109/><T71/><D71/><U73/><E132/><V39/><F39/><W88/><G124/><T32/><D123/><U2/><E67/><V47/><F47/><W61/><G121/><T17/><D32/><U133/><E133/><V101/><F33/><W127/><G127/><T23/><D116/><U53/><E100/><V56/><F56/><W82/><G1/><T18/><D42/><U25/><E9/><V80/><F70/><W122/><G3/><T85/><D85/><U130/><E130/><V65/><REACH who="2" step="1"/><F69/><REACH who="2" ten="188,231,269,302" step="2"/><W0/><G68/><T98/><D125/><U29/><E73/><V34/><F34/><W110/><G122/><T48/><D48/><U4/><E36/><V38/><F38/><W111/><G111/><T90/><REACH who="0" step="1"/><D98/><REACH who="0" ten="178,231,269,302" step="2"/><U35/><E35/><V79/><F79/><W92/><G76/><T135/><D135/><U77/><E77/><V5/><F5/><W128/><G78/><T84/><D84/><U107/><E4/><V50/><F50/><W20/><G110/><T131/><D131/><U118/><E118/><V15/><AGARI ba="0,2" hai="6,10,15,58,63,65,80,87,89,93,96,97,99,101" machi="15" ten="20,5200,0" yaku="1,1,0,1,7,1,8,1,53,0" doraHai="31" doraHaiUra="30" who="2" fromWho="2" sc="178,-26,231,-13,269,72,302,-13" /><INIT seed="5,0,0,1,1,105" ten="152,218,341,289" oya="1" hai0="113,22,3,2,23,132,0,134,116,67,57,5,78" hai1="72,63,97,90,64,19,10,73,98,129,131,29,85" hai2="51,120,87,79,7,16,86,58,109,47,68,93,21" hai3="92,13,53,25,20,103,118,104,52,106,70,100,133"/><U96/><E29/><V38/><F68/><W43/><G70/><T54/><D67/><U9/><E9/><V122/><F109/><W59/><G133/><N who="0" m="51307" /><D78/><U102/><E102/><V26/><F38/><W37/><G118/><T115/><D54/><U107/><E107/><V62/><F7/><W24/><G92/><T130/><D57/><N who="1" m="36975" /><E19/><V91/><F79/><W111/><G111/><T65/><D65/><U66/><E10/><V74/><F74/><W4/><G104/><T6/><D130/><N who="1" m="49675" /><E66/><N who="2" m="39255" /><F122/><W81/><G106/><T27/><D116/><U124/><E124/><V95/><F120/><W12/><G103/><T83/><D83/><AGARI ba="0,0" hai="72,73,83,85,90,96,97,98" m="49675,36975" machi="83" ten="30,5800,0" yaku="19,1,52,2" doraHai="105" who="1" fromWho="0" sc="152,-58,218,58,341,0,289,0" /><INIT seed="5,1,0,5,1,58" ten="94,276,341,289" oya="1" hai0="122,32,66,68,101,60,54,28,97,127,15,49,40" hai1="109,125,0,16,4,107,129,124,42,27,26,123,50" hai2="88,80,24,114,120,93,71,62,73,17,95,75,8" hai3="69,39,98,19,53,110,76,119,91,102,100,46,7"/><U104/><E123/><V29/><F120/><W47/><G110/><T9/><D127/><N who="1" m="48715" /><E109/><V85/><F114/><W94/><G119/><T130/><D130/><U45/><E129/><V115/><F115/><W12/><G7/><T86/><D122/><U35/><E35/><V22/><F95/><W55/><G69/><T92/><D40/><U81/><E81/><V13/><REACH who="2" step="1"/><F80/><REACH who="2" ten="94,276,331,289" step="2"/><W105/><G94/><T118/><D118/><U78/><E104/><V83/><F83/><W1/><G105/><T108/><D108/><U133/><E107/><V132/><F132/><W59/><G102/><T84/><D32/><U10/><E133/><V41/><F41/><W79/><G100/><T2/><D2/><U128/><E128/><V20/><F20/><W63/><G1/><T3/><D3/><U106/><E106/><V90/><F90/><W34/><G34/><T96/><D96/><U6/><E78/><V89/><F89/><W111/><G79/><T112/><D112/><U43/><E43/><V87/><F87/><W61/><G76/><T74/><D74/><U11/><E4/><V72/><F72/><W18/><G111/><T33/><D33/><U5/><E6/><V135/><F135/><W126/><G126/><T14/><D86/><U131/><E131/><V67/><AGARI ba="1,1" hai="8,13,17,22,24,29,62,67,71,73,75,85,88,93" machi="67" ten="30,7900,0" yaku="1,1,0,1,52,1,54,1,53,0" doraHai="58" doraHaiUra="52" who="2" fromWho="2" sc="94,-21,276,-40,331,92,289,-21" /><INIT seed="6,0,0,2,0,92" ten="73,236,423,268" oya="2" hai0="115,119,123,63,3,29,135,8,9,38,72,85,19" hai1="48,55,54,37,15,13,120,91,67,60,40,21,56" hai2="130,47,103,77,110,104,51,79,102,125,65,95,83" hai3="81,33,74,62,14,23,99,27,11,75,121,122,25"/><V0/><F0/><W43/><G33/><T32/><D85/><U64/><E120/><V45/><F104/><W98/><G43/><T93/><D123/><U22/><E40/><V69/><F130/><W109/><G109/><T34/><D63/><U70/><E37/><V105/><F105/><W26/><G23/><N who="1" m="8714" /><E70/><V128/><F69/><W88/><G62/><T127/><D93/><U31/><E31/><V46/><F65/><N who="1" m="25161" /><E91/><V97/><F103/><W30/><G30/><T36/><D29/><U20/><N who="1" m="8722" /><U57/><AGARI ba="0,0" hai="13,15,48,54,55,56,57,60" m="25161,8722" machi="57" ten="40,2700,0" yaku="4,1,8,1" doraHai="92" who="1" fromWho="1" sc="73,-7,236,27,423,-13,268,-7" /><INIT seed="7,0,0,1,4,31" ten="66,263,410,261" oya="3" hai0="41,112,18,23,83,25,29,80,62,34,88,90,102" hai1="114,22,40,124,74,107,30,43,1,63,87,134,44" hai2="104,28,86,82,21,128,12,132,100,64,55,75,92" hai3="47,58,131,94,106,37,52,59,89,95,85,122,117"/><W121/><G117/><T42/><D112/><U101/><E74/><V115/><F132/><W103/><G131/><T65/><D102/><U38/><E1/><V133/><F115/><W0/><G0/><T32/><D29/><U69/><E114/><V20/><F104/><W71/><G71/><T61/><D23/><U93/><E134/><V105/><F105/><W73/><G73/><T126/><D25/><U135/><E135/><V16/><F75/><W120/><G106/><T50/><D50/><U33/><E22/><V81/><F64/><W45/><G59/><T68/><D65/><N who="1" m="41151" /><E40/><V113/><F128/><W56/><G56/><T129/><D68/><U14/><E14/><V39/><F39/><W19/><G19/><T123/><D129/><U78/><E93/><V116/><F116/><W10/><G10/><T5/><D18/><U35/><E87/><V67/><F67/><W17/><G17/><T108/><D126/><U27/><E78/><V48/><F133/><W15/><G15/><T119/><D119/><U49/><E49/><V26/><F113/><W79/><G79/><T99/><D99/><N who="1" m="61887" /><E33/><V97/><F86/><W53/><G37/><T60/><D60/><U9/><E9/><V36/><F36/><W70/><G70/><T110/><REACH who="0" step="1"/><D5/><REACH who="0" ten="56,263,410,261" step="2"/><U127/><AGARI ba="0,1" hai="27,30,35,38,43,44,124,127" m="61887,41151" machi="127" ten="30,4000,0" yaku="25,1,23,1,52,1" doraHai="31" who="1" fromWho="1" sc="56,-10,263,50,410,-10,261,-20" owari="46,-45.4,313,11.3,400,50.0,241,-15.9" /></mjloggm>