<mjloggm ver="2.3"><GO type="169" lobby="0"/><UN n0="%E3%81%BD%E3%81%A3%E3%81%91%E3%81%95%E3%82%93" n1="%E3%83%8D%E3%82%AA%E3%81%92%E3%82%8D%E3%81%A3%E3%81%B4" n2="%63%2E%63%2D%76%2E%76" n3="%E5%A4%A7%E5%9E%8B%E7%8A%AC" dan="16,16,17,16" rate="2176.85,2141.95,2218.84,2111.18" sx="M,M,F,M"/><TAIKYOKU oya="0"/><INIT seed="0,0,0,0,3,72" ten="250,250,250,250" oya="0" hai0="114,124,100,48,79,5,16,133,19,23,67,84,0" hai1="130,43,14,13,15,8,3,6,37,70,59,60,27" hai2="87,126,63,12,122,77,92,58,18,10,33,96,44" hai3="50,108,52,1,4,29,111,28,61,25,53,36,7"/><T110/><D114/><U2/><E130/><V128/><F122/><W49/><G36/><T89/><D124/><U85/><E70/><V90/><F33/><W64/><G1/><T81/><D133/><U82/><E3/><V9/><F128/><W17/><G17/><T112/><D112/><U131/><E131/><V95/><F126/><W62/><REACH who="3" step="1"/><G25/><REACH who="3" ten="250,250,250,240" step="2"/><T66/><D0/><U24/><E37/><V30/><F30/><W45/><G45/><T39/><D39/><U109/><E109/><V103/><F44/><W73/><G73/><T35/><D110/><U76/><REACH who="1" step="1"/><E43/><REACH who="1" ten="250,240,250,240" step="2"/><V106/><F106/><W80/><G80/><T98/><D81/><U65/><AGARI ba="0,2" hai="2,6,8,13,14,15,24,27,59,60,65,76,82,85" machi="65" ten="30,8000,1" yaku="1,1,2,1,0,1,52,1,53,1" doraHai="72" doraHaiUra="32" who="1" fromWho="1" sc="250,-40,240,100,250,-20,240,-20" /><INIT seed="1,0,0,5,3,93" ten="210,340,230,220" oya="1" hai0="43,70,48,118,107,30,45,25,100,85,131,62,21" hai1="74,51,113,88,24,75,20,2,10,14,61,40,109" hai2="95,92,127,57,36,22,110,8,124,108,135,128,56" hai3="94,114,117,1,130,66,9,7,39,96,112,120,12"/><U106/><E113/><V29/><F36/><W32/><G120/><T3/><D3/><U89/><E2/><V46/><F8/><W105/><G130/><T79/><D118/><U64/><E106/><V119/><F119/><W101/><G117/><T125/><D131/><U129/><E129/><V68/><F128/><W33/><G39/><T5/><D5/><U53/><E40/><V91/><F46/><W55/><G66/><T123/><D125/><U81/><E109/><N who="2" m="42091" /><F68/><W84/><G55/><T59/><D70/><U73/><E81/><V98/><F135/><W76/><G1/><T47/><D47/><U103/><E103/><N who="2" m="60871" /><F29/><W35/><REACH who="3" step="1"/><G76/><REACH who="3" ten="210,340,230,210" step="2"/><T42/><D79/><U27/><E64/><V71/><F71/><W23/><G23/><T97/><D21/><U122/><E122/><V86/><F22/><W65/><G65/><T6/><D123/><U134/><E20/><V126/><AGARI ba="0,1" hai="56,57,86,91,95,124,126,127" m="60871,42091" machi="126" ten="40,5200,0" yaku="18,1,14,1,52,1" doraHai="93" who="2" fromWho="2" sc="210,-13,340,-26,230,62,210,-13" /><INIT seed="2,0,0,2,1,119" ten="197,314,292,197" oya="2" hai0="97,18,23,20,67,64,135,2,7,75,129,96,38" hai1="0,41,1,8,30,111,105,87,81,55,14,128,134" hai2="115,29,68,59,93,39,112,16,94,44,45,109,86" hai3="60,123,126,21,73,54,57,85,104,116,52,53,121"/><V83/><F68/><W118/><G73/><T36/><D75/><U80/><E111/><V98/><F29/><W90/><G104/><T19/><D7/><U50/><E105/><V46/><F39/><W3/><G3/><T13/><D2/><U107/><E107/><V58/><F109/><W124/><G21/><T108/><D108/><U17/><E134/><V113/><F16/><W47/><G90/><T76/><D76/><U49/><E128/><V22/><F22/><W125/><G85/><T89/><D89/><U74/><E74/><V10/><F10/><W101/><G101/><T84/><D84/><U122/><E30/><V51/><F51/><N who="3" m="28799" /><G53/><T11/><D11/><U91/><E122/><AGARI ba="0,0" hai="54,57,60,116,118,121,122,123,124,125,126" m="28799" machi="122" ten="40,12000,2" yaku="18,1,34,2,52,3,54,1" doraHai="119" who="3" fromWho="1" sc="197,0,314,-120,292,0,197,120" /><INIT seed="3,0,0,2,1,132" ten="197,194,292,317" oya="3" hai0="95,42,100,12,50,26,64,79,36,9,115,32,57" hai1="13,87,129,54,124,1,2,131,53,76,70,61,40" hai2="126,119,65,114,21,7,93,29,41,6,134,112,4" hai3="72,130,109,25,34,101,59,113,78,83,97,89,31"/><W56/><G113/><N who="2" m="43625" /><F93/><W116/><G116/><T82/><D115/><U103/><E103/><V127/><F65/><W74/><G130/><N who="1" m="49674" /><E40/><V22/><F119/><W18/><G109/><T63/><D36/><U84/><E13/><V68/><F134/><W44/><G74/><T122/><D122/><U17/><E17/><V15/><F41/><W88/><G44/><T30/><D100/><U91/><E76/><V49/><F49/><W55/><G18/><T120/><D120/><U123/><E123/><V37/><F37/><W5/><G5/><T14/><D95/><N who="1" m="54759" /><E87/><V108/><F68/><W86/><G86/><T90/><D90/><U58/><E70/><V3/><F108/><W107/><REACH who="3" step="1"/><G59/><REACH who="3" ten="197,194,292,307" step="2"/><T111/><D111/><U0/><E54/><V125/><F3/><N who="1" m="769" /><U99/><DORA hai="118" /><E99/><V43/><F43/><W133/><G133/><T81/><D42/><U60/><E60/><AGARI ba="0,1" hai="25,31,34,55,56,60,72,78,83,88,89,97,101,107" machi="60" ten="30,11600,0" yaku="1,1,7,1,54,1,53,1" doraHai="132,118" doraHaiUra="47,105" who="3" fromWho="1" sc="197,0,194,-116,292,0,307,126" /><INIT seed="3,1,0,4,0,117" ten="197,78,292,433" oya="3" hai0="56,86,131,48,18,98,102,58,96,25,46,12,112" hai1="47,85,63,53,78,127,83,110,59,100,77,132,26" hai2="103,23,134,101,2,73,7,16,22,116,60,24,120" hai3="128,92,82,11,79,107,80,57,113,99,31,41,20"/><W62/><G113/><T5/><D112/><U52/><E110/><V40/><F73/><W93/><G128/><T76/><D131/><U70/><E132/><V17/><F116/><W75/><G41/><T74/><D74/><U0/><E127/><V44/><F134/><W50/><G50/><T43/><D25/><U67/><E0/><V126/><F126/><W32/><G32/><T130/><D130/><U45/><E100/><V38/><F60/><W105/><G11/><N who="0" m="4207" /><D18/><U9/><E78/><V39/><F39/><W28/><G82/><N who="0" m="47431" /><D96/><U69/><E9/><V65/><F65/><N who="3" m="39119" /><G93/><AGARI ba="1,0" hai="43,46,48,56,58,93,98,102" m="47431,4207" machi="93" ten="30,2000,0" yaku="25,1,8,1" doraHai="117" who="0" fromWho="3" sc="197,23,78,0,292,0,433,-23" /><INIT seed="4,0,0,5,1,105" ten="220,78,292,410" oya="0" hai0="6,20,97,11,95,86,59,72,29,93,30,84,135" hai1="129,15,133,67,110,7,41,118,91,43,75,82,0" hai2="12,60,26,27,39,131,3,88,130,117,51,38,89" hai3="9,78,58,66,103,90,33,50,92,32,102,123,46"/><T25/><D135/><U116/><E110/><V18/><F3/><W128/><G128/><N who="2" m="49193" /><F117/><W40/><G123/><T132/><D132/><U119/><E133/><V104/><F104/><W99/><G78/><T1/><D30/><U71/><E129/><V100/><F100/><W70/><G70/><T106/><D72/><U22/><E0/><V121/><F60/><N who="3" m="38167" /><G33/><T56/><D106/><U17/><E7/><V14/><F51/><W62/><G32/><T4/><D4/><U63/><REACH who="1" step="1"/><E91/><REACH who="1" ten="220,68,292,410" step="2"/><V81/><F88/><W101/><G90/><T52/><D6/><U36/><E36/><V96/><F89/><W109/><G109/><T54/><D1/><U13/><E13/><V49/><F14/><W55/><G103/><T28/><D25/><U107/><E107/><V108/><F12/><W79/><G102/><T21/><D11/><U124/><E124/><V87/><F38/><W112/><G9/><T111/><D111/><U122/><E122/><V45/><F39/><W16/><G101/><T65/><D65/><U64/><E64/><V74/><F108/><W5/><G5/><T37/><D37/><U80/><E80/><V69/><F81/><W127/><G127/><T114/><D97/><U2/><E2/><V120/><F96/><W126/><G99/><T68/><D68/><U115/><E115/><AGARI ba="0,1" hai="20,21,28,29,52,54,56,59,84,86,93,95,114,115" machi="115" ten="25,4800,0" yaku="22,2,54,1" doraHai="105" who="0" fromWho="1" sc="220,58,68,-48,292,0,410,0" /><INIT seed="4,1,0,1,2,15" ten="278,20,292,410" oya="0" hai0="75,18,17,89,19,81,79,67,33,34,104,46,38" hai1="76,45,55,115,92,16,82,43,71,131,88,23,7" hai2="36,101,95,114,51,132,26,44,128,64,1,63,117" hai3="126,112,129,78,29,50,56,100,116,74,65,130,123"/><T40/><D104/><U121/><E121/><V77/><F114/><W105/><G116/><T24/><D24/><U70/><E131/><V35/><F117/><W5/><G112/><T134/><D134/><U87/><E55/><V135/><F128/><W42/><G123/><T28/><D28/><U69/><E7/><V91/><F36/><W25/><G5/><T39/><D67/><U85/><E115/><V102/><F77/><W122/><G122/><T30/><D30/><U83/><E83/><V12/><F26/><W73/><G78/><T106/><D106/><U125/><E125/><V120/><F1/><W9/><G9/><T86/><REACH who="0" step="1"/><D39/><REACH who="0" ten="268,20,292,410" step="2"/><U41/><REACH who="1" step="1"/><E45/><REACH who="1" ten="268,10,292,410" step="2"/><V66/><F44/><N who="3" m="25879" /><G130/><T68/><D68/><U133/><E133/><V32/><F135/><W53/><G129/><T110/><D110/><U113/><E113/><V11/><F132/><W72/><G126/><T54/><D54/><U118/><E118/><V3/><F120/><W14/><G53/><T84/><D84/><U52/><E52/><V61/><F66/><W119/><G65/><T99/><D99/><U58/><E58/><V6/><F64/><W109/><G56/><T47/><D47/><U80/><E80/><AGARI ba="1,2" hai="17,18,19,33,34,38,40,46,75,79,80,81,86,89" machi="80" ten="40,12000,1" yaku="1,1,52,3,53,0" doraHai="15" doraHaiUra="20" who="0" fromWho="1" sc="268,143,10,-123,292,0,410,0" owari="411,51.1,-113,-61.3,292,-10.8,410,21.0" /></mjloggm>