<mjloggm ver="2.3"><GO type="169" lobby="0"/><UN n0="%E5%B9%B3%E5%92%8C%6E%6F%6D%69" n1="%E3%83%8F%E3%82%BB%E3%81%B9" n2="%E3%83%A8%E3%82%B7%E3%83%86%E3%83%AB%37%30%38" n3="%E4%B8%8A%E6%B5%B7%E3%83%8B%E3%83%83%E3%82%AF" dan="16,16,16,16" rate="2066.61,2069.80,2097.64,2152.78" sx="M,M,M,M"/><TAIKYOKU oya="0"/><INIT seed="0,0,0,0,4,64" ten="250,250,250,250" oya="0" hai0="88,30,78,130,132,60,26,80,121,36,124,117,92" hai1="98,83,51,108,131,101,90,63,16,31,62,111,40" hai2="71,2,19,13,54,39,33,106,7,43,69,72,126" hai3="0,28,73,56,87,45,65,123,4,48,135,79,12"/><T3/><D117/><U102/><E31/><V120/><F120/><W47/><G135/><T67/><D130/><U23/><E102/><V14/><F33/><W85/><G123/><T128/><D128/><U114/><E114/><V100/><F14/><W133/><G133/><T125/><D132/><U66/><E131/><V11/><F54/><W35/><G0/><T97/><D36/><U10/><E10/><V96/><F72/><W29/><G73/><T27/><D3/><U109/><E66/><V61/><F61/><N who="3" m="38055" /><G47/><T99/><D99/><U34/><E34/><V37/><F126/><N who="0" m="48746" /><D30/><U104/><E51/><V24/><F24/><W1/><G87/><N who="0" m="48535" /><D121/><U58/><E58/><AGARI ba="0,0" hai="26,27,58,60,67,88,92,97" m="48535,48746" machi="58" ten="30,2900,0" yaku="18,1,54,1" doraHai="64" who="0" fromWho="1" sc="250,29,250,-29,250,0,250,0" /><INIT seed="0,1,0,3,4,10" ten="279,221,250,250" oya="0" hai0="85,22,94,101,129,28,132,116,30,2,62,43,9" hai1="33,25,36,134,82,15,60,21,74,120,110,102,39" hai2="103,37,109,124,54,41,32,96,123,83,91,3,104" hai3="0,20,130,50,126,86,122,70,64,115,44,5,106"/><T57/><D116/><U4/><E120/><V18/><F32/><W121/><G106/><T17/><D129/><U14/><E33/><V84/><F3/><W8/><G115/><T72/><D72/><U99/><E4/><V131/><F123/><N who="3" m="47115" /><G130/><T51/><D9/><U65/><E134/><V29/><F29/><W6/><G6/><T113/><D2/><U79/><E39/><V78/><F131/><W35/><G35/><T48/><D132/><U16/><E36/><V26/><F109/><W38/><G38/><T90/><D101/><U27/><E27/><V87/><F124/><W58/><G70/><T55/><D113/><U77/><E77/><V61/><F41/><W1/><G1/><T63/><D51/><U98/><E110/><V125/><F37/><W111/><G126/><T47/><REACH who="0" step="1"/><D63/><REACH who="0" ten="269,221,250,250" step="2"/><U95/><REACH who="1" step="1"/><E99/><REACH who="1" ten="269,211,250,250" step="2"/><V68/><F96/><W12/><G111/><T97/><D97/><U92/><E92/><V24/><F125/><W69/><G0/><T105/><D105/><U34/><E34/><V107/><F104/><W49/><G49/><T81/><D81/><U114/><E114/><V71/><F83/><W52/><G50/><T89/><D89/><U112/><E112/><V56/><F91/><W13/><G5/><T135/><D135/><U80/><E80/><V108/><F107/><W128/><G128/><T127/><D127/><U53/><E53/><V7/><F54/><W73/><G52/><T100/><D100/><U133/><E133/><V45/><F103/><W11/><G73/><T67/><D67/><U117/><E117/><V118/><F118/><RYUUKYOKU ba="1,2" sc="269,15,211,15,250,-15,250,-15" hai0="17,22,28,30,43,47,48,55,57,62,85,90,94" hai1="14,15,16,21,25,60,65,74,79,82,95,98,102" /><INIT seed="0,2,2,1,5,135" ten="284,226,235,235" oya="0" hai0="24,130,112,26,67,59,117,116,118,93,31,99,0" hai1="94,39,65,13,134,51,45,16,41,43,20,96,63" hai2="97,82,126,6,111,114,62,49,120,22,71,127,91" hai3="60,14,88,125,33,66,17,110,72,12,113,29,56"/><T61/><D112/><U10/><E134/><V11/><F114/><W128/><G113/><T69/><D130/><U85/><E85/><V101/><F120/><W70/><G72/><T2/><D69/><U23/><E41/><V34/><F34/><W57/><G128/><T119/><N who="0" m="29696" /><DORA hai="21" /><T89/><REACH who="0" step="1"/><D26/><REACH who="0" ten="274,226,235,235" step="2"/><U84/><E39/><V104/><F71/><W40/><G70/><T1/><D1/><U30/><E30/><V121/><F121/><W124/><G110/><T74/><D74/><U77/><E77/><V58/><F111/><W27/><G14/><T15/><D15/><U64/><E84/><V25/><F25/><W5/><G29/><T129/><D129/><U106/><E106/><V80/><F104/><W103/><G33/><AGARI ba="2,3" hai="0,2,24,31,33,59,61,67,89,93,99" m="29696" machi="33" ten="70,6800,0" yaku="1,1,52,1,53,0" doraHai="135,21" doraHaiUra="68,132" who="0" fromWho="3" sc="274,104,226,0,235,0,235,-74" /><INIT seed="0,3,0,5,0,20" ten="378,226,235,161" oya="0" hai0="84,9,129,68,71,14,121,15,131,69,133,55,116" hai1="2,122,124,134,75,65,106,115,27,118,107,42,6" hai2="34,47,38,33,83,51,16,110,86,135,114,120,59" hai3="89,93,48,73,112,105,88,72,39,109,23,92,80"/><T3/><D116/><U43/><E65/><V21/><F120/><W79/><G39/><T61/><D121/><U130/><E6/><V18/><F114/><W58/><G112/><T119/><D119/><U46/><E46/><V22/><F110/><W126/><G48/><T81/><D3/><U28/><E43/><V78/><F38/><W31/><G58/><N who="0" m="35039" /><D9/><U67/><E67/><V57/><F33/><W1/><G1/><T0/><D0/><U26/><E42/><N who="2" m="25079" /><F34/><W90/><G23/><T19/><D19/><U87/><E28/><V111/><F111/><W25/><G25/><N who="1" m="9226" /><E75/><N who="3" m="28746" /><G31/><T30/><D30/><U40/><E40/><V76/><F135/><W52/><G52/><T99/><D133/><U125/><E2/><V41/><F78/><W123/><G123/><T29/><D29/><U8/><E122/><V96/><F96/><W50/><G109/><T63/><D99/><U108/><E108/><V60/><F41/><W85/><G50/><T74/><D74/><U101/><E118/><V13/><F60/><W35/><G35/><T17/><D63/><U44/><E44/><V102/><F102/><W12/><G12/><AGARI ba="3,0" hai="12,13,16,18,21,22,57,59,76,83,86" m="25079" machi="12" ten="30,2000,0" yaku="8,1,54,1" doraHai="20" who="2" fromWho="3" sc="378,0,226,0,235,29,161,-29" /><INIT seed="1,0,0,3,1,126" ten="378,226,264,132" oya="1" hai0="50,51,39,43,116,128,131,52,3,20,99,16,86" hai1="72,113,58,29,103,119,68,33,34,82,0,26,133" hai2="19,38,124,47,67,60,41,117,87,6,23,91,105" hai3="76,73,1,120,31,25,121,74,115,130,56,97,88"/><U46/><E119/><V94/><F105/><W2/><G115/><T18/><D3/><U32/><E113/><V36/><F124/><W61/><G1/><T70/><D70/><U53/><E68/><V104/><F104/><W102/><G2/><T83/><D116/><U93/><E0/><V118/><F6/><W15/><G15/><T77/><D39/><U9/><E46/><V30/><F30/><W35/><G76/><T110/><D110/><U69/><E69/><V75/><F75/><W125/><G125/><T84/><D99/><U106/><E9/><V17/><F17/><W5/><G5/><T134/><D134/><U123/><E123/><V66/><F38/><W57/><G57/><N who="0" m="32919" /><D84/><U42/><E42/><V7/><F7/><W22/><G35/><T114/><D114/><U59/><E133/><V89/><F67/><W81/><G74/><T49/><D43/><U45/><E106/><V4/><F4/><W112/><G73/><T48/><D20/><U108/><E108/><V96/><F60/><W37/><G37/><T27/><D27/><U13/><E13/><N who="2" m="9711" /><F66/><N who="3" m="39207" /><G112/><T129/><AGARI ba="0,0" hai="16,18,48,49,51,77,83,86,128,129,131" m="32919" machi="129" ten="40,12000,2" yaku="19,1,52,3,54,2" doraHai="126" who="0" fromWho="0" sc="378,120,226,-60,264,-30,132,-30" /><INIT seed="2,0,0,2,1,91" ten="498,166,234,102" oya="2" hai0="9,42,117,68,106,135,40,90,99,39,93,132,70" hai1="35,121,33,127,41,104,67,20,36,114,10,51,47" hai2="134,100,83,85,63,75,13,86,101,78,131,45,55" hai3="130,115,89,120,98,25,44,97,62,56,103,61,12"/><V71/><F134/><N who="0" m="51242" /><D117/><U123/><E104/><V21/><F131/><W72/><G72/><T18/><D106/><U17/><E114/><V49/><F75/><W66/><G120/><N who="1" m="46154" /><E127/><V102/><F86/><W105/><G130/><T58/><D58/><U124/><E124/><V30/><F71/><N who="0" m="27178" /><D39/><U126/><E67/><V73/><F73/><W14/><G115/><T110/><D110/><U125/><E10/><V28/><REACH who="2" step="1"/><F63/><REACH who="2" ten="498,166,224,102" step="2"/><W128/><G128/><T50/><D50/><U81/><E51/><V19/><AGARI ba="0,1" hai="13,19,21,28,30,45,49,55,78,83,85,100,101,102" machi="19" ten="30,11700,0" yaku="1,1,2,1,0,1,8,1,53,0" doraHai="91" doraHaiUra="2" who="2" fromWho="2" sc="498,-39,166,-39,224,127,102,-39" /><INIT seed="2,1,0,1,1,66" ten="459,127,351,63" oya="2" hai0="33,82,75,106,63,9,84,65,118,2,44,122,96" hai1="107,47,125,11,67,105,57,39,31,48,97,18,25" hai2="123,32,85,20,30,114,62,134,76,80,120,0,52" hai3="115,51,37,112,54,42,40,6,13,121,71,7,86"/><V36/><F114/><N who="3" m="43563" /><G6/><T27/><D122/><U35/><E39/><V124/><F134/><W38/><G13/><T12/><D2/><U126/><E18/><V64/><F124/><N who="1" m="47721" /><E97/><V34/><F0/><W10/><G10/><T128/><D75/><U103/><E103/><V41/><F34/><W60/><G7/><T79/><D128/><U15/><E15/><V50/><F32/><W56/><G86/><T117/><D44/><U69/><E57/><N who="2" m="32919" /><F20/><W93/><G93/><T74/><D74/><U135/><E11/><V90/><F30/><W110/><G110/><T94/><D106/><U130/><E130/><V5/><F5/><W3/><G3/><T4/><D27/><U59/><E59/><V119/><F76/><W131/><G131/><T77/><D77/><U68/><E135/><V55/><F55/><W87/><G87/><T53/><D53/><N who="1" m="29855" /><E67/><V46/><F119/><W102/><G102/><T58/><REACH who="0" step="1"/><D33/><REACH who="0" ten="449,127,351,63" step="2"/><U98/><E107/><V99/><F123/><W81/><G121/><T19/><D19/><U73/><E73/><V1/><F1/><W24/><G24/><T49/><D49/><U72/><E72/><V78/><F120/><W111/><G111/><T104/><D104/><U61/><E105/><V95/><F62/><W70/><G81/><T116/><D116/><U43/><E61/><V8/><F80/><W113/><N who="3" m="43571" /><W16/><DORA hai="89" /><G16/><T109/><D109/><U92/><E43/><N who="3" m="16426" /><G60/><T127/><D127/><U83/><E83/><V26/><F78/><W17/><G17/><T91/><AGARI ba="1,1" hai="4,9,12,58,63,65,79,82,84,91,94,96,117,118" machi="91" ten="30,4000,0" yaku="1,1,0,1,52,1,53,0" doraHai="66,89" doraHaiUra="132,21" who="0" fromWho="0" sc="449,53,127,-11,351,-21,63,-11" /><INIT seed="3,0,0,3,1,28" ten="502,116,330,52" oya="3" hai0="22,57,107,127,2,33,97,36,69,76,46,132,77" hai1="43,113,116,45,120,101,119,19,123,88,50,74,24" hai2="89,121,64,92,37,20,112,98,95,102,125,44,131" hai3="59,32,90,130,27,61,49,38,4,96,21,56,128"/><W79/><G38/><T106/><D69/><U126/><E74/><V47/><F112/><W41/><G79/><T8/><D127/><U71/><E126/><V72/><F72/><W84/><G96/><T16/><D33/><U70/><E101/><V54/><F131/><N who="3" m="50219" /><G4/><T83/><D132/><U1/><E1/><V82/><F82/><W29/><G21/><T109/><D109/><U39/><E113/><V68/><F37/><W3/><G3/><T124/><D124/><U0/><E0/><V30/><F20/><W118/><G118/><N who="1" m="45098" /><E39/><V15/><F98/><W48/><G41/><T11/><D77/><U134/><E134/><V81/><F102/><W133/><G133/><T25/><D97/><U65/><E65/><V18/><F64/><N who="3" m="38951" /><G59/><T58/><D58/><U62/><E62/><V108/><F68/><N who="1" m="26153" /><E88/><V105/><F89/><W99/><G99/><T73/><D57/><U117/><E117/><V114/><F125/><W103/><G103/><T34/><D106/><U85/><E85/><V115/><F105/><W35/><G35/><T14/><D107/><U7/><E7/><V60/><F60/><W135/><G135/><T17/><D34/><U10/><E10/><V66/><F66/><W6/><G6/><N who="0" m="1111" /><D36/><U52/><E43/><V40/><F40/><W87/><G87/><T26/><D46/><U31/><E31/><V104/><F47/><W129/><N who="3" m="50227" /><W12/><DORA hai="13" /><G12/><T53/><D26/><U75/><E75/><V51/><F30/><W100/><G100/><T110/><D25/><U94/><E94/><AGARI ba="0,0" hai="27,29,32,48,49,84,90,94" m="38951,50227" machi="94" ten="40,3900,0" yaku="19,1,52,1" doraHai="28,13" who="3" fromWho="1" sc="502,0,116,-39,330,0,52,39" /><INIT seed="3,1,0,3,5,70" ten="502,77,330,91" oya="3" hai0="36,50,32,81,34,13,26,87,105,7,47,40,132" hai1="68,121,83,63,116,80,89,92,93,8,98,106,45" hai2="118,96,11,71,64,79,51,76,127,85,31,134,62" hai3="15,4,111,58,6,25,73,125,27,101,22,30,33"/><W77/><G73/><T14/><D105/><U28/><E121/><V48/><F118/><W90/><G101/><T20/><D132/><U131/><E106/><V38/><F31/><N who="3" m="19695" /><G90/><T113/><D113/><U107/><E28/><V75/><F134/><W43/><G58/><T133/><D133/><U123/><E107/><V95/><F75/><W120/><G43/><T119/><D119/><U17/><E116/><V69/><F69/><W128/><G77/><T59/><D59/><U46/><E123/><V104/><F76/><W18/><G120/><T117/><D117/><U65/><E131/><V135/><F104/><W19/><G128/><T97/><D97/><U5/><E17/><N who="3" m="6154" /><G125/><T1/><D50/><U12/><E93/><V35/><F127/><W53/><G53/><T103/><D103/><U55/><E55/><V78/><F79/><W2/><G111/><T88/><D81/><U115/><REACH who="1" step="1"/><E115/><REACH who="1" ten="502,67,330,91" step="2"/><V99/><F95/><W54/><G54/><T74/><D40/><U122/><E122/><V39/><F135/><W21/><G2/><T66/><D66/><U109/><E109/><V82/><F64/><W86/><G4/><T112/><D1/><U67/><E67/><V10/><F82/><AGARI ba="1,1" hai="5,8,12,45,46,63,65,68,80,82,83,89,92,98" machi="82" ten="40,2600,0" yaku="1,1,53,1" doraHai="70" doraHaiUra="84" who="1" fromWho="2" sc="502,0,67,39,330,-29,91,0" /><INIT seed="4,0,0,3,3,123" ten="502,106,301,91" oya="0" hai0="9,37,97,75,29,133,80,107,42,92,57,38,11" hai1="87,102,67,40,28,36,66,44,128,114,4,120,52" hai2="71,106,45,78,61,98,43,94,73,32,60,125,16" hai3="108,130,104,48,122,100,63,77,20,23,85,134,10"/><T27/><D107/><U76/><E120/><V103/><F125/><W129/><G122/><T24/><D133/><U50/><E102/><V115/><F115/><W96/><G134/><T46/><D38/><U110/><E110/><V25/><F71/><W126/><G126/><T132/><D132/><U41/><E128/><N who="3" m="49258" /><G63/><T74/><D24/><U64/><E114/><V79/><F106/><W31/><G10/><T121/><D121/><U119/><E119/><V93/><F93/><W0/><G0/><T116/><D116/><U65/><E36/><V35/><F35/><W39/><G39/><T59/><D9/><U2/><E2/><V70/><F70/><W86/><G48/><T5/><D80/><N who="1" m="47495" /><E4/><V90/><F32/><W69/><G69/><T7/><D7/><U72/><E72/><V91/><F73/><W81/><G31/><T55/><D74/><U99/><N who="1" m="16384" /><DORA hai="82" /><U89/><E28/><V8/><F61/><W51/><G51/><T47/><D75/><U135/><E135/><V19/><F60/><W12/><G108/><T101/><D11/><U14/><E14/><V109/><F8/><W22/><G12/><T21/><D5/><U105/><E105/><V34/><F109/><W117/><G117/><T6/><D6/><U131/><E131/><V53/><F34/><W58/><G58/><T13/><D13/><U49/><E49/><N who="2" m="28847" /><F19/><W17/><G17/><T112/><D112/><U3/><E3/><V88/><F43/><W113/><G113/><T15/><D15/><U68/><E68/><V1/><F1/><W62/><G62/><N who="0" m="36159" /><D59/><U56/><E56/><RYUUKYOKU ba="0,0" sc="502,0,106,0,301,0,91,0" hai0="21,27,29,37,42,46,47,92,97,101" hai1="40,41,44,50,52,89,99" hai2="16,25,78,79,88,90,91,94,98,103" hai3="20,22,23,77,81,85,86,96,100,104" /><INIT seed="4,1,0,3,1,8" ten="502,106,301,91" oya="0" hai0="128,64,35,42,83,134,53,114,82,24,99,101,130" hai1="41,107,113,62,4,51,81,103,75,88,22,125,106" hai2="84,55,132,70,91,21,7,117,74,38,95,18,116" hai3="47,3,76,39,92,65,115,2,80,120,19,133,56"/><T96/><D114/><U28/><E113/><V98/><F74/><W36/><G115/><T60/><D42/><U48/><E103/><V86/><F70/><W119/><G119/><N who="2" m="45641" /><F38/><W31/><G133/><T0/><D0/><U90/><E75/><V11/><F55/><W26/><G120/><T72/><D53/><U126/><E4/><V32/><F32/><W108/><G108/><T118/><D118/><U105/><E22/><V131/><F131/><N who="0" m="50218" /><D134/><U135/><E135/><V44/><F44/><W43/><G39/><T71/><D72/><U97/><E28/><V102/><F132/><W57/><G65/><T25/><D99/><U16/><E97/><V54/><F54/><W94/><G2/><T45/><D45/><U110/><E110/><V1/><F102/><W17/><G3/><T29/><D24/><AGARI ba="1,0" hai="1,7,11,18,21,24,84,86,91,95,98" m="45641" machi="24" ten="30,1000,0" yaku="12,1" doraHai="8" who="2" fromWho="0" sc="502,-13,106,0,301,13,91,0" /><INIT seed="5,0,0,2,1,59" ten="489,106,314,91" oya="1" hai0="65,92,34,2,77,70,93,132,69,11,53,15,122" hai1="91,135,46,109,96,18,50,124,43,88,84,76,89" hai2="115,106,60,110,74,113,52,28,44,0,45,12,80" hai3="79,128,64,25,62,95,102,114,105,23,47,16,97"/><U48/><E135/><V49/><F106/><W112/><G128/><T33/><D132/><U86/><E124/><V56/><F0/><W67/><G79/><T90/><D2/><U101/><E109/><V37/><F28/><W61/><G47/><T73/><D122/><U121/><E121/><V107/><F107/><W85/><G85/><T38/><D38/><U94/><E76/><N who="2" m="44055" /><F110/><W130/><G105/><T19/><D77/><U30/><E30/><V133/><F37/><W116/><G116/><T42/><D73/><U54/><E18/><V108/><F108/><W83/><G83/><T66/><D42/><U26/><E26/><V75/><F75/><W51/><G51/><T32/><D53/><U7/><REACH who="1" step="1"/><E7/><REACH who="1" ten="489,96,314,91" step="2"/><V58/><F133/><W134/><G134/><T99/><D19/><U131/><E131/><V21/><F21/><W82/><G130/><T3/><D33/><U72/><E72/><V125/><F125/><W120/><G120/><T57/><D32/><U81/><E81/><V5/><F5/><W22/><G82/><T118/><D34/><U36/><E36/><V8/><F8/><W24/><G24/><T31/><D31/><U6/><E6/><V63/><F12/><W123/><G23/><T71/><D11/><U4/><E4/><V17/><F17/><W40/><G123/><T103/><D15/><U29/><E29/><V129/><F129/><W111/><G111/><T100/><D3/><U98/><E98/><V10/><F10/><W117/><G117/><T119/><D99/><U13/><E13/><V126/><F126/><W127/><G127/><RYUUKYOKU ba="0,1" sc="489,-10,96,30,314,-10,91,-10" hai1="43,46,48,50,54,84,86,88,89,91,94,96,101" /><INIT seed="5,1,1,2,4,71" ten="479,126,304,81" oya="1" hai0="40,43,42,115,120,89,35,38,17,124,100,105,97" hai1="125,82,51,73,41,114,123,15,14,134,77,85,37" hai2="34,54,119,1,74,7,135,20,29,28,127,2,96" hai3="62,117,98,16,8,75,132,32,49,30,72,46,84"/><U116/><E116/><V87/><F74/><W11/><G132/><T81/><D35/><U0/><E123/><V86/><F119/><W79/><G117/><T36/><D120/><U133/><E51/><V56/><F34/><W23/><G98/><T121/><D121/><U4/><E85/><V95/><F135/><N who="1" m="51721" /><E114/><V91/><F127/><W47/><G84/><N who="2" m="32297" /><F7/><W122/><G122/><T130/><D115/><U21/><E21/><V65/><F65/><W48/><G62/><T24/><D81/><U69/><E69/><V44/><F44/><W61/><G61/><T57/><D89/><U111/><E125/><V58/><F2/><W64/><G64/><T31/><D124/><U68/><E68/><V39/><F1/><W78/><G32/><T88/><D88/><U63/><E63/><V9/><F9/><N who="3" m="3659" /><G30/><T60/><D31/><U13/><E111/><V52/><F20/><W70/><G70/><T5/><D5/><U55/><E55/><V66/><F54/><N who="3" m="29975" /><G75/><T90/><D90/><U126/><E126/><V94/><F28/><W103/><G103/><T102/><D102/><U3/><E4/><V109/><F29/><W93/><G93/><T27/><D17/><U53/><E53/><V99/><F109/><W59/><G72/><T19/><D19/><U10/><E10/><V76/><F52/><N who="3" m="32143" /><G47/><AGARI ba="1,1" hai="0,3,13,14,15,37,41,47,73,77,82" m="51721" machi="47" ten="30,2900,0" yaku="20,1,52,1" doraHai="71" who="1" fromWho="3" sc="479,0,126,42,304,0,81,-32" /><INIT seed="5,2,0,3,1,9" ten="479,168,304,49" oya="1" hai0="20,108,32,73,43,96,83,61,52,54,95,134,135" hai1="50,116,66,35,86,48,26,8,100,30,131,47,127" hai2="0,76,74,104,99,132,119,63,4,106,46,29,24" hai3="118,92,97,122,10,17,11,56,117,91,103,120,7"/><U44/><E116/><N who="3" m="44650" /><G56/><T130/><D32/><U64/><E100/><V22/><F132/><N who="0" m="50730" /><D108/><U31/><E131/><V129/><F129/><W38/><G38/><T85/><D73/><U25/><E86/><V107/><F63/><W1/><G91/><N who="0" m="55423" /><D130/><U42/><E8/><V28/><F4/><N who="3" m="1295" /><G92/><T19/><D43/><U51/><E127/><V14/><F0/><N who="3" m="487" /><G97/><T49/><D49/><U125/><E125/><V15/><F99/><W58/><G58/><T33/><D61/><U113/><E113/><V23/><F119/><W115/><G103/><T36/><D36/><U39/><REACH who="1" step="1"/><E47/><REACH who="1" ten="479,158,304,49" step="2"/><V40/><F74/><W109/><G109/><T75/><D75/><U79/><E79/><V60/><F76/><W72/><G72/><T55/><D85/><U124/><E124/><V65/><F46/><W69/><G115/><T102/><D102/><U90/><E90/><V78/><F78/><W6/><G6/><T93/><D83/><U71/><E71/><V84/><F84/><W128/><G69/><T77/><D77/><U121/><E121/><N who="3" m="46698" /><G128/><T27/><D93/><U94/><E94/><V126/><F126/><W110/><G110/><T114/><D114/><U112/><E112/><V82/><F82/><W21/><G21/><AGARI ba="2,1" hai="21,25,26,30,31,35,39,42,44,48,50,51,64,66" machi="21" ten="40,2000,0" yaku="1,1,53,0" doraHai="9" doraHaiUra="133" who="1" fromWho="3" sc="479,0,158,36,304,0,49,-26" /><INIT seed="5,3,0,0,3,79" ten="479,194,304,23" oya="1" hai0="108,49,66,9,89,39,6,3,71,65,112,53,123" hai1="7,132,78,22,59,23,77,29,44,72,45,32,125" hai2="117,21,69,51,120,109,135,93,30,25,110,116,122" hai3="73,64,104,37,27,82,128,124,56,87,15,90,14"/><U48/><E132/><V75/><F69/><W4/><G128/><T131/><D108/><N who="2" m="41578" /><F75/><W13/><G124/><T34/><D39/><U33/><E125/><V80/><F80/><W12/><G104/><T57/><D112/><U115/><E115/><V99/><F51/><W94/><G37/><T42/><D42/><U8/><E59/><V84/><F84/><W119/><G119/><N who="2" m="45641" /><F93/><W107/><G107/><T113/><D113/><U2/><E45/><V118/><F99/><W97/><G73/><T38/><D38/><U24/><E33/><V114/><F114/><W10/><G27/><T36/><D34/><U100/><E100/><V83/><F83/><W92/><REACH who="3" step="1"/><G97/><REACH who="3" ten="479,194,304,13" step="2"/><T121/><D36/><U67/><E72/><V40/><F118/><W91/><G91/><T102/><D131/><U129/><E129/><V43/><F122/><N who="0" m="46602" /><D102/><U127/><E127/><V96/><F96/><W20/><G20/><T68/><D89/><U105/><E105/><V98/><F98/><W5/><G5/><T74/><D74/><U76/><REACH who="1" step="1"/><E67/><AGARI ba="3,1" hai="3,6,9,49,53,57,65,66,67,68,71" m="46602" machi="67" ten="30,1000,0" yaku="13,1" doraHai="79" who="0" fromWho="1" sc="479,29,194,-19,304,0,13,0" /><INIT seed="6,0,0,1,1,28" ten="508,175,304,13" oya="2" hai0="43,108,53,22,67,109,18,64,92,26,116,5,88" hai1="61,60,80,21,133,48,76,122,66,57,50,35,127" hai2="44,90,41,14,34,120,15,126,101,55,132,32,30" hai3="40,8,89,63,56,93,87,105,91,25,33,3,47"/><V81/><F120/><W72/><G105/><T54/><D116/><U111/><E111/><V79/><F30/><W75/><G3/><T123/><D123/><U29/><E122/><V39/><F101/><W104/><G104/><T38/><D5/><U82/><E82/><V94/><F55/><N who="0" m="21002" /><D38/><U77/><E77/><V31/><F31/><W12/><G91/><T7/><D7/><U36/><E36/><V71/><F71/><W78/><G78/><T99/><D109/><U49/><E21/><V2/><F2/><W4/><G25/><T70/><D70/><U118/><E118/><V124/><F15/><W59/><G33/><N who="2" m="12905" /><F14/><W19/><G4/><T1/><D1/><U110/><E110/><V112/><F132/><W13/><G13/><T107/><D107/><U23/><E23/><V73/><F112/><W115/><G115/><T10/><D108/><U119/><E119/><V58/><F58/><W37/><REACH who="3" step="1"/><G59/><REACH who="3" ten="508,175,304,3" step="2"/><T86/><D26/><U69/><E35/><V46/><F46/><W20/><G20/><T6/><D22/><U62/><E57/><V74/><F74/><W134/><G134/><T27/><D27/><U17/><E133/><V114/><F114/><W129/><G129/><T125/><D6/><U117/><E117/><V68/><F68/><W42/><G42/><T106/><D43/><U96/><E69/><V113/><F113/><W84/><G84/><T128/><D86/><U135/><E76/><V97/><F73/><W121/><G121/><T24/><D24/><U16/><E135/><V131/><F131/><W130/><G130/><T83/><D128/><RYUUKYOKU ba="0,1" sc="508,-15,175,-15,304,15,3,15" hai2="39,41,44,79,81,90,94,97,124,126" hai3="8,12,19,37,40,47,56,63,72,75,87,89,93" /><INIT seed="6,1,1,2,1,88" ten="493,160,319,18" oya="2" hai0="105,14,133,44,60,15,122,127,41,4,135,56,131" hai1="65,98,36,12,67,26,52,29,43,78,112,111,104" hai2="121,40,55,77,103,34,117,84,94,115,58,114,113" hai3="24,50,32,7,48,74,110,63,30,27,8,79,85"/><V93/><F34/><W125/><G125/><T28/><D122/><U9/><E78/><V38/><F121/><W11/><G110/><T6/><D105/><U59/><E111/><V1/><F1/><W66/><G74/><T49/><D127/><U100/><E43/><V119/><F38/><W102/><G102/><T83/><D28/><U16/><E36/><V109/><F40/><W97/><G97/><T18/><D131/><U62/><REACH who="1" step="1"/><E112/><REACH who="1" ten="493,150,319,18" step="2"/><V82/><F109/><W107/><G107/><T73/><D41/><U116/><E116/><N who="2" m="44619" /><F103/><W10/><G7/><T118/><D4/><U126/><E126/><V22/><F22/><AGARI ba="1,2" hai="9,12,16,22,26,29,52,59,62,65,67,98,100,104" machi="22" ten="30,7700,0" yaku="1,1,7,1,54,2,53,0" doraHai="88" doraHaiUra="71" who="1" fromWho="2" sc="493,0,150,100,319,-80,18,0" /><INIT seed="7,0,0,2,4,71" ten="493,250,239,18" oya="3" hai0="53,39,105,69,56,99,50,89,83,14,6,59,123" hai1="3,124,24,4,17,78,103,51,70,42,20,135,113" hai2="41,109,75,33,88,128,49,36,2,44,110,32,11" hai3="74,43,60,48,58,101,61,134,93,66,104,102,68"/><W118/><G104/><T30/><D39/><U125/><E70/><V94/><F75/><W55/><G74/><T15/><D69/><U76/><E103/><V97/><F128/><W92/><G118/><T130/><D123/><U126/><E135/><V21/><F21/><W40/><G134/><T85/><D30/><U28/><E113/><V65/><F65/><N who="3" m="40999" /><G92/><N who="0" m="56719" /><D130/><U115/><E115/><V57/><F2/><W129/><G93/><T116/><D105/><U119/><E28/><V34/><REACH who="2" step="1"/><F11/><REACH who="2" ten="493,250,229,18" step="2"/><W96/><G129/><T47/><D116/><U132/><E132/><V67/><F67/><W82/><G102/><T16/><D14/><U19/><E119/><V120/><F120/><W23/><G23/><N who="0" m="11679" /><D6/><U112/><E112/><V0/><F0/><W131/><G131/><T13/><D13/><U100/><E3/><V12/><F12/><W9/><G9/><T5/><D5/><U133/><E4/><V25/><F25/><W18/><G18/><T63/><D63/><U26/><E133/><V22/><F22/><W127/><G101/><T79/><AGARI ba="0,1" hai="47,50,53,56,59,79,83,85" m="11679,56719" machi="79" ten="30,2000,0" yaku="8,1,54,1" doraHai="71" who="0" fromWho="0" sc="493,30,250,-5,229,-5,18,-10" owari="523,62.3,245,4.5,224,-17.6,8,-49.2" /></mjloggm>