<mjloggm ver="2.3"><GO type="169" lobby="0"/><UN n0="%E4%B9%9D%E7%B4%8B%E9%BE%8D%E5%8F%B2%E9%80%B2" n1="%E3%83%94%E3%83%B3%E3%82%B5%E3%83%AD%E5%BA%97%E5%93%A1" n2="%E3%81%A8%E3%82%8D%E3%82%8D%E3%81%9D%E3%81%B0" n3="%43%72%37" dan="19,17,17,18" rate="2287.04,2266.80,2233.80,2222.72" sx="M,M,M,M"/><TAIKYOKU oya="0"/><INIT seed="0,0,0,4,1,71" ten="250,250,250,250" oya="0" hai0="114,127,26,87,17,70,9,133,23,83,99,75,125" hai1="4,50,111,115,2,104,35,51,57,56,59,122,86" hai2="126,25,102,31,61,11,132,16,3,19,77,32,88" hai3="129,97,63,105,41,34,14,37,46,74,5,98,109"/><T116/><D114/><U15/><E122/><V66/><F126/><N who="0" m="48138" /><D116/><U45/><E104/><V36/><F132/><W48/><G34/><T55/><D70/><U106/><E106/><V119/><F119/><W80/><G109/><T47/><D133/><U30/><E2/><V29/><F29/><W54/><G129/><T42/><D99/><U12/><E111/><V52/><F102/><W128/><G128/><T96/><D96/><U1/><E1/><V76/><F36/><W13/><G63/><T21/><D55/><U44/><E115/><V22/><F19/><W130/><G130/><T81/><D75/><U101/><E101/><V91/><F77/><W43/><G43/><T84/><D9/><U113/><E113/><V18/><F76/><W107/><G98/><T108/><D108/><U38/><E86/><N who="0" m="32809" /><D23/><U0/><E35/><V40/><F40/><W72/><G97/><T24/><D26/><U123/><E123/><V134/><F134/><W135/><G135/><T73/><D73/><U62/><E62/><V93/><F52/><W64/><G74/><T39/><AGARI ba="0,0" hai="17,21,24,39,42,47,81,83" m="32809,48138" machi="39" ten="30,3000,0" yaku="18,1,52,1" doraHai="71" who="0" fromWho="0" sc="250,30,250,-10,250,-10,250,-10" /><INIT seed="0,1,0,1,2,57" ten="280,240,240,240" oya="0" hai0="104,102,27,64,29,26,33,115,116,110,30,83,97" hai1="113,35,114,67,122,18,63,135,87,16,80,78,121" hai2="126,77,69,49,45,13,96,1,43,99,2,108,48" hai3="88,124,38,132,6,131,65,75,40,81,36,71,47"/><T94/><D115/><N who="1" m="44043" /><E35/><V68/><F108/><W105/><G105/><T8/><D116/><U129/><E129/><V31/><F126/><W0/><G124/><T46/><D110/><U24/><E135/><V58/><F31/><W100/><G100/><T12/><D83/><U60/><E24/><V51/><F77/><W28/><G28/><T74/><D74/><U23/><E67/><V84/><F84/><W128/><G38/><T21/><D46/><U72/><E72/><V25/><F25/><W15/><G15/><T76/><D76/><U117/><E117/><V134/><F134/><W56/><G56/><T120/><D120/><N who="1" m="46187" /><E23/><V19/><F69/><W82/><G132/><T14/><D8/><U125/><E125/><V98/><F68/><W32/><G32/><T101/><D101/><U42/><E42/><V61/><F1/><W53/><G65/><T73/><D73/><U52/><E52/><N who="2" m="33991" /><F2/><W50/><G71/><T91/><REACH who="0" step="1"/><D64/><REACH who="0" ten="270,240,240,240" step="2"/><U106/><E106/><V62/><F62/><AGARI ba="1,1" hai="16,18,60,62,63,78,80,87" m="46187,44043" machi="62" ten="30,8000,1" yaku="11,1,52,3,54,1" doraHai="57" who="1" fromWho="2" sc="270,0,240,93,240,-83,240,0" /><INIT seed="1,0,0,0,1,55" ten="270,333,157,240" oya="1" hai0="39,98,132,58,6,127,109,33,105,82,78,86,88" hai1="76,18,15,53,3,7,93,23,2,22,16,12,134" hai2="125,115,63,67,65,4,56,13,41,117,27,47,36" hai3="8,66,104,37,108,85,135,26,49,130,94,128,24"/><U43/><E134/><V113/><F117/><W102/><G37/><T38/><D33/><U81/><E43/><V60/><F27/><W123/><G123/><T71/><D71/><U101/><E7/><V35/><F35/><W17/><G135/><T131/><D132/><U28/><E28/><V77/><F77/><W75/><G75/><T52/><D109/><U87/><REACH who="1" step="1"/><E53/><REACH who="1" ten="270,323,157,240" step="2"/><V34/><F34/><W111/><G108/><T61/><D6/><U89/><E89/><V97/><F125/><W20/><G111/><T1/><D127/><U5/><E5/><V42/><F42/><W25/><G130/><T124/><D124/><U19/><E19/><V9/><REACH who="2" step="1"/><F97/><AGARI ba="0,1" hai="2,3,12,15,16,18,22,23,76,81,87,93,97,101" machi="97" ten="40,7700,0" yaku="1,1,9,1,54,1,53,0" doraHai="55" doraHaiUra="57" who="1" fromWho="2" sc="270,0,323,87,157,-77,240,0" /><INIT seed="1,1,0,1,5,47" ten="270,410,80,240" oya="1" hai0="10,55,90,61,5,48,96,111,129,133,18,21,83" hai1="74,49,43,42,82,33,58,112,11,101,51,94,27" hai2="14,12,26,50,66,17,93,102,123,95,85,122,65" hai3="34,116,53,38,127,31,23,134,30,124,25,80,73"/><U99/><E112/><V120/><F26/><N who="3" m="18775" /><G38/><T2/><D111/><U60/><E33/><V76/><F102/><W98/><G98/><T1/><D129/><U54/><E27/><V118/><F118/><W68/><G68/><T57/><D133/><U45/><E11/><V130/><F130/><W70/><G70/><T71/><D2/><U22/><E22/><V113/><F113/><W79/><G53/><T105/><D105/><U7/><E7/><V103/><F103/><W72/><G134/><T114/><D114/><U29/><E29/><V3/><F3/><W75/><G116/><T44/><D71/><U9/><E9/><V67/><F76/><W128/><G128/><T87/><D96/><U106/><E106/><V107/><F107/><W104/><G104/><T89/><D89/><U13/><E13/><V110/><F110/><W115/><G115/><T126/><D126/><AGARI ba="1,0" hai="23,25,31,72,73,75,79,80,124,126,127" m="18775" machi="126" ten="30,1000,0" yaku="18,1" doraHai="47" who="3" fromWho="0" sc="270,-13,410,0,80,0,240,13" /><INIT seed="2,0,0,2,3,132" ten="257,410,80,253" oya="2" hai0="39,47,101,81,8,23,77,110,131,50,43,18,67" hai1="75,116,9,121,4,134,40,108,12,19,17,64,107" hai2="63,124,51,114,26,28,31,14,30,38,80,46,60" hai3="79,87,1,97,102,2,82,32,98,53,112,118,27"/><V76/><F114/><W25/><G118/><T96/><D110/><U127/><E107/><V37/><F37/><W122/><G122/><T15/><D131/><U128/><E75/><V62/><F38/><W103/><G112/><T95/><D67/><U33/><E40/><V55/><F14/><W52/><G32/><T35/><D35/><U29/><E64/><V135/><F135/><W133/><G133/><T7/><D39/><U120/><E134/><V59/><F26/><W106/><G2/><T73/><REACH who="0" step="1"/><D23/><REACH who="0" ten="247,410,80,253" step="2"/><U105/><E108/><V5/><F5/><AGARI ba="0,1" hai="5,7,8,15,18,43,47,50,73,77,81,95,96,101" machi="5" ten="40,2600,0" yaku="1,1,2,1,53,0" doraHai="132" doraHaiUra="86" who="0" fromWho="2" sc="247,36,410,0,80,-26,253,0" /><INIT seed="3,0,0,5,5,1" ten="283,410,54,253" oya="3" hai0="56,78,87,132,92,17,59,135,90,116,66,6,46" hai1="69,8,33,38,103,51,82,27,93,91,40,36,61" hai2="62,35,30,3,129,48,120,100,106,131,96,113,114" hai3="130,2,74,57,64,94,53,7,104,108,83,123,133"/><W4/><G123/><T99/><D116/><U34/><E103/><V41/><F41/><W97/><G2/><T125/><D125/><U119/><E119/><V98/><F48/><W54/><G104/><T127/><D127/><U72/><E51/><V26/><F120/><W18/><G130/><T84/><D46/><U60/><E8/><V71/><F98/><W85/><G74/><T122/><D122/><U81/><E69/><V102/><F102/><N who="3" m="60727" /><G133/><N who="0" m="51275" /><D17/><U80/><E72/><V31/><F3/><W43/><G108/><T73/><D73/><U11/><E11/><V134/><F134/><W89/><G43/><T124/><D124/><U28/><E34/><V52/><F31/><W88/><G18/><T42/><D42/><U49/><E49/><V20/><F20/><W15/><G15/><T70/><D70/><U22/><E33/><V21/><F21/><W76/><G64/><T12/><D66/><U23/><E23/><V55/><F55/><N who="3" m="21003" /><G57/><N who="0" m="22091" /><D78/><U112/><E40/><V44/><F44/><W25/><G25/><T65/><D65/><U67/><E67/><N who="2" m="41463" /><F52/><W63/><G63/><T19/><D19/><U109/><E109/><V16/><F16/><W68/><G68/><T9/><AGARI ba="0,0" hai="6,9,12,84,87,90,92,99" m="22091,51275" machi="9" ten="30,2000,0" yaku="20,1,52,1" doraHai="1" who="0" fromWho="0" sc="283,20,410,-5,54,-5,253,-10" /><INIT seed="4,0,0,0,1,26" ten="303,405,49,243" oya="0" hai0="111,55,41,1,112,106,103,70,134,44,38,81,47" hai1="107,77,90,23,99,6,97,31,114,59,72,9,29" hai2="98,96,69,104,68,66,118,73,61,89,126,84,87" hai3="21,5,54,25,109,60,110,30,13,80,78,42,101"/><T85/><D112/><U32/><E32/><V57/><F73/><W79/><G101/><T37/><D134/><U27/><E114/><V39/><F126/><W76/><G42/><T100/><D111/><U91/><E72/><V82/><F118/><W116/><G116/><T113/><D113/><U108/><E77/><V4/><F39/><W123/><G123/><T131/><D131/><U58/><E108/><V63/><F104/><W56/><G110/><T62/><D1/><U125/><E125/><V105/><F105/><W94/><G109/><T52/><D70/><U8/><E107/><V71/><F4/><W45/><G45/><T11/><D11/><U35/><E35/><V28/><F63/><W12/><G94/><T24/><D24/><U74/><E74/><V3/><F3/><W53/><G54/><T122/><D122/><U127/><E127/><V49/><F49/><W65/><G5/><T7/><D7/><U40/><E40/><V46/><F46/><W34/><G34/><T121/><D121/><U124/><E124/><V133/><F133/><W14/><REACH who="3" step="1"/><G53/><REACH who="3" ten="303,405,49,233" step="2"/><T130/><D52/><U92/><E6/><V64/><F64/><W129/><G129/><T86/><D130/><U20/><E92/><V67/><F67/><W36/><G36/><T48/><D38/><U75/><E99/><V93/><F98/><W2/><G2/><T102/><D106/><U33/><E97/><V88/><REACH who="2" step="1"/><F96/><REACH who="2" ten="303,405,39,233" step="2"/><W17/><G17/><T115/><D115/><U0/><E0/><V135/><F135/><W51/><G51/><T43/><D37/><U10/><E33/><RYUUKYOKU ba="0,2" sc="303,-15,405,-15,39,15,233,15" hai2="28,57,61,66,68,69,71,82,84,87,88,89,93" hai3="12,13,14,21,25,30,56,60,65,76,78,79,80" /><INIT seed="5,1,2,0,3,113" ten="288,390,54,248" oya="1" hai0="70,39,120,13,94,50,63,116,103,82,75,65,78" hai1="109,62,47,112,49,11,115,10,106,83,17,8,124" hai2="43,24,58,105,33,85,104,127,111,37,87,81,101" hai3="26,117,134,71,86,68,126,84,40,98,31,125,15"/><U69/><E106/><V73/><F111/><W27/><G40/><T99/><D39/><U133/><E109/><V91/><F127/><N who="3" m="48651" /><G134/><T128/><D128/><U38/><E38/><V102/><F33/><W45/><G45/><T77/><D120/><U64/><E124/><V0/><F0/><W76/><G117/><T114/><D114/><N who="1" m="43563" /><E83/><V12/><F24/><N who="3" m="9259" /><G31/><T131/><D131/><U92/><E92/><V35/><F35/><W1/><G1/><T123/><D123/><U29/><E29/><V130/><F130/><W97/><G15/><T32/><D32/><U100/><E100/><V129/><F129/><W51/><G51/><T4/><D78/><U95/><E95/><V55/><F12/><W6/><G6/><T132/><D132/><U59/><E133/><V89/><F73/><W14/><G14/><T88/><D50/><U52/><E17/><V121/><F121/><W41/><G41/><T53/><D53/><U119/><E119/><V108/><F108/><W74/><G76/><T42/><D42/><U19/><E19/><V107/><F43/><W72/><G74/><T28/><D28/><U18/><E18/><V118/><F37/><W21/><G72/><T46/><D46/><AGARI ba="1,2" hai="8,10,11,46,47,49,52,59,62,64,69" m="43563" machi="46" ten="30,2900,0" yaku="15,1,54,1" doraHai="113" who="1" fromWho="0" sc="288,-32,390,52,54,0,248,0" /><INIT seed="5,2,0,2,0,77" ten="256,442,54,248" oya="1" hai0="16,7,51,10,37,31,28,54,89,81,41,46,132" hai1="110,135,119,96,131,65,44,72,97,90,12,100,73" hai2="74,60,13,15,75,57,93,45,113,128,130,82,67" hai3="66,122,17,33,91,88,99,63,29,25,5,84,20"/><U43/><E119/><V127/><F127/><W6/><G122/><T83/><D132/><U101/><E135/><V23/><F45/><W0/><G99/><T8/><D8/><U58/><E131/><V121/><F121/><W56/><G0/><T123/><D123/><U105/><E110/><V80/><F113/><W19/><G91/><T115/><D115/><U14/><E90/><V112/><F112/><W62/><G63/><T98/><D7/><N who="3" m="2569" /><G33/><T103/><D89/><U95/><E58/><V129/><F93/><AGARI ba="2,0" hai="17,19,20,25,29,56,62,66,84,88,93" m="2569" machi="93" ten="30,2000,0" yaku="8,1,54,1" doraHai="77" who="3" fromWho="2" sc="256,0,442,0,54,-26,248,26" /><INIT seed="6,0,0,3,3,17" ten="256,442,28,274" oya="2" hai0="117,131,60,13,59,120,91,2,1,98,108,126,8" hai1="24,119,0,31,34,74,40,103,37,106,43,115,79" hai2="100,101,55,15,66,124,3,127,23,56,132,95,36" hai3="39,12,14,5,10,26,113,128,133,47,35,22,61"/><V49/><F3/><W130/><G61/><T125/><D108/><U109/><E40/><V11/><F36/><W9/><G47/><T85/><D120/><U118/><E109/><V122/><F122/><W38/><G133/><T69/><D69/><U57/><E57/><V110/><F110/><W6/><G35/><T75/><D75/><U27/><E27/><V64/><F132/><W44/><G113/><T76/><D76/><U121/><E0/><V48/><F48/><W86/><G86/><T104/><D104/><U105/><E121/><V129/><F129/><N who="3" m="49771" /><G44/><T25/><D98/><N who="1" m="61687" /><E106/><V82/><F82/><W16/><AGARI ba="0,0" hai="5,6,9,10,12,14,16,22,26,38,39" m="49771" machi="16" ten="30,4000,0" yaku="19,1,52,1,54,1" doraHai="17" who="3" fromWho="3" sc="256,-10,442,-10,28,-20,274,40" /><INIT seed="7,0,0,0,0,133" ten="246,432,8,314" oya="3" hai0="74,113,15,34,81,125,5,67,18,49,3,121,77" hai1="45,1,52,127,91,9,68,51,97,37,27,31,89" hai2="96,105,107,124,117,0,104,119,33,41,108,126,48" hai3="84,57,36,101,111,131,71,21,79,70,20,95,112"/><W92/><G36/><T110/><D110/><U66/><E127/><V38/><F48/><W56/><G111/><T43/><D121/><U17/><E37/><V44/><F108/><W39/><G39/><T25/><D67/><U120/><E120/><V29/><F96/><W116/><G116/><T114/><D43/><U54/><E68/><V60/><F60/><W72/><G72/><T65/><D65/><U4/><E66/><V123/><F0/><W12/><G112/><N who="0" m="43115" /><D49/><U130/><E130/><V94/><F94/><N who="3" m="35883" /><G131/><T22/><D3/><U14/><E54/><V50/><F50/><W93/><G71/><T132/><D132/><U19/><E97/><V103/><F123/><W10/><G70/><T63/><D63/><U6/><E17/><V58/><F58/><N who="3" m="22635" /><G101/><T61/><D61/><U80/><E80/><V118/><F103/><W30/><G30/><N who="0" m="19791" /><D5/><N who="1" m="2155" /><E1/><V90/><F90/><N who="3" m="53447" /><G79/><T55/><D55/><U7/><E31/><V87/><F87/><W129/><G129/><T59/><D59/><U82/><E82/><V135/><F135/><W115/><G115/><T26/><D26/><U24/><E24/><V86/><F86/><W106/><G106/><T75/><D75/><U11/><E27/><V76/><F76/><W2/><G2/><T134/><D134/><U85/><E85/><V16/><F16/><AGARI ba="0,0" hai="10,12,16,20,21" m="53447,22635,35883" machi="16" ten="30,2900,0" yaku="8,1,54,1" doraHai="133" who="3" fromWho="2" sc="246,0,432,0,8,-29,314,29" owari="246,-15.4,432,53.2,-21,-52.1,343,14.3" /></mjloggm>