<mjloggm ver="2.3"><GO type="169" lobby="0"/><UN n0="%76%76%73" n1="%E3%81%B1%E3%82%93%E3%81%AA%E3%81%93%E3%81%BE%E3%81%A3%E3%81%9F" n2="%E5%A4%A7%E4%BB%81%E7%94%B0%E8%96%84" n3="%57%49%4E%44%59%58%58" dan="16,17,17,17" rate="2075.49,2243.50,2194.99,2155.26" sx="M,M,M,M"/><TAIKYOKU oya="0"/><INIT seed="0,0,0,4,4,105" ten="250,250,250,250" oya="0" hai0="4,24,14,126,13,99,50,107,128,23,71,98,119" hai1="54,67,120,109,112,15,36,20,113,125,44,61,35" hai2="25,122,114,47,74,8,33,58,133,124,83,72,115" hai3="69,49,100,19,75,127,53,101,70,93,41,63,28"/><T32/><D119/><U79/><E35/><V11/><F122/><W52/><G127/><T123/><D123/><U42/><E79/><V129/><F83/><W59/><G28/><T55/><D71/><N who="1" m="42479" /><E15/><V38/><F124/><W62/><G75/><T96/><D126/><U131/><E20/><V111/><F58/><W66/><G19/><T78/><D32/><U82/><E82/><V92/><F92/><W130/><G130/><T102/><D128/><U2/><E2/><V37/><F47/><W88/><G41/><T7/><D78/><U65/><E125/><V40/><F40/><W94/><G70/><T117/><D117/><U5/><E5/><N who="0" m="2121" /><D102/><U104/><E104/><V91/><F91/><W110/><G94/><T0/><D0/><U73/><E73/><V84/><F33/><W39/><G39/><T121/><D121/><U31/><E31/><V6/><F6/><W22/><G22/><T1/><D1/><U106/><E106/><V76/><F76/><W12/><G12/><T95/><D107/><U81/><E81/><V51/><F129/><W64/><G110/><T21/><D21/><U89/><E44/><V68/><F68/><W85/><G66/><T10/><D10/><U29/><E65/><V60/><F8/><W34/><G34/><T135/><D95/><U30/><E36/><V27/><F11/><W118/><G118/><T134/><D13/><U103/><E120/><V16/><F38/><W18/><G18/><N who="0" m="12407" /><D14/><U77/><E131/><V3/><F3/><W9/><G9/><T45/><D55/><U57/><E54/><V43/><F37/><RYUUKYOKU ba="0,0" sc="250,15,250,-15,250,-15,250,15" hai0="45,50,96,98,99,134,135" hai3="49,52,53,59,62,63,64,69,85,88,93,100,101" /><INIT seed="0,1,0,5,2,21" ten="265,235,235,265" oya="0" hai0="124,34,3,38,94,20,108,96,27,101,54,90,120" hai1="50,57,28,105,48,111,32,39,104,97,66,102,89" hai2="77,72,0,80,63,117,126,44,98,71,49,36,17" hai3="42,33,68,87,131,22,118,56,65,43,23,8,135"/><T69/><D120/><U60/><E39/><V119/><F36/><W83/><G118/><N who="2" m="45065" /><F126/><W31/><G68/><T107/><D34/><U59/><E111/><V84/><F0/><W30/><G131/><T116/><D116/><U14/><E105/><V93/><F17/><W112/><G112/><T123/><D123/><U12/><E89/><N who="2" m="55599" /><F63/><N who="3" m="38119" /><G33/><T45/><D124/><U86/><E86/><V132/><F71/><W26/><G8/><T99/><D108/><U82/><E82/><V64/><F64/><W100/><G100/><T125/><D125/><U61/><E50/><V52/><F132/><W115/><G135/><T29/><D69/><U51/><E48/><V70/><F70/><W76/><G115/><T73/><D73/><AGARI ba="1,0" hai="44,49,52,72,73,77,80,84" m="55599,45065" machi="73" ten="30,2000,0" yaku="12,1,54,1" doraHai="21" who="2" fromWho="0" sc="265,-23,235,0,235,23,265,0" /><INIT seed="1,0,0,2,3,91" ten="242,235,258,265" oya="1" hai0="109,46,56,2,51,112,23,13,64,129,4,78,1" hai1="55,39,106,70,72,32,3,101,20,105,134,41,22" hai2="119,25,21,125,104,135,16,28,102,124,120,69,121" hai3="76,131,66,95,85,96,8,33,53,118,38,114,54"/><U83/><E134/><V130/><F69/><W50/><G38/><T30/><D112/><U111/><E32/><V34/><F102/><W48/><G114/><T61/><D109/><U24/><E70/><V94/><F94/><W132/><G132/><T27/><D129/><U45/><E111/><V116/><F104/><W10/><G33/><T14/><D78/><U128/><E128/><V6/><F6/><W110/><G66/><T58/><D56/><U47/><E3/><V29/><F135/><W9/><G131/><T113/><D113/><U0/><E0/><V40/><F40/><W15/><G118/><N who="2" m="45097" /><F130/><W37/><G37/><T99/><D14/><U7/><E7/><V74/><F74/><W127/><G15/><T126/><D126/><N who="2" m="48746" /><F29/><W87/><G87/><T35/><D35/><U86/><E72/><V89/><F89/><N who="3" m="55407" /><G127/><T77/><D77/><U17/><E101/><V68/><F68/><W44/><G110/><T123/><D123/><U11/><E106/><V49/><F49/><N who="3" m="28839" /><G54/><T88/><D13/><AGARI ba="0,0" hai="13,16,21,25,28,34,120,121" m="48746,45097" machi="13" ten="30,7700,0" yaku="18,1,34,2,54,1" doraHai="91" who="2" fromWho="0" sc="242,-77,235,0,258,77,265,0" /><INIT seed="2,0,0,5,2,81" ten="165,235,335,265" oya="2" hai0="86,53,28,97,24,18,5,93,12,60,125,21,88" hai1="62,59,67,89,44,112,107,1,131,41,31,71,58" hai2="110,77,80,33,30,121,25,45,66,73,6,22,76" hai3="99,122,78,0,129,114,69,39,92,75,35,56,49"/><V100/><F121/><W95/><G35/><T84/><D125/><U23/><E107/><V113/><F113/><W65/><G122/><T2/><D2/><U61/><E112/><V63/><F6/><W101/><G114/><T17/><D5/><U34/><E1/><V14/><F76/><W96/><G0/><T51/><D60/><U104/><E104/><V4/><F45/><W106/><G39/><T94/><D93/><U27/><E131/><V9/><F110/><W87/><G129/><T128/><D128/><U109/><E109/><V103/><REACH who="2" step="1"/><F33/><REACH who="2" ten="165,235,325,265" step="2"/><W32/><G32/><T123/><D123/><U26/><E44/><V108/><F108/><W43/><G78/><T133/><D133/><U82/><E41/><V19/><F19/><N who="0" m="7178" /><D12/><U102/><E34/><V90/><F90/><W47/><G43/><T134/><D134/><U72/><E89/><V135/><F135/><W38/><G47/><AGARI ba="0,1" hai="21,24,28,47,51,53,84,86,88,94,97" m="7178" machi="47" ten="30,7700,0" yaku="8,1,52,2,54,1" doraHai="81" who="0" fromWho="3" sc="165,87,235,0,325,0,265,-77" /><INIT seed="3,0,0,4,2,103" ten="252,235,325,188" oya="3" hai0="68,0,33,74,9,108,123,106,21,129,34,81,18" hai1="28,110,125,102,45,47,114,26,65,19,72,57,56" hai2="105,76,126,23,109,53,41,29,120,11,60,107,62" hai3="115,87,35,135,63,124,38,82,42,12,130,71,100"/><W85/><G35/><T58/><D58/><U24/><E114/><V117/><F117/><W113/><G130/><T25/><D81/><U133/><E72/><V16/><F41/><W67/><G124/><T22/><D106/><U119/><E125/><V77/><F126/><W118/><G118/><T54/><D54/><U104/><E119/><V43/><F43/><W69/><G135/><T40/><D68/><U78/><E78/><V79/><F109/><W14/><G71/><T98/><D98/><U17/><E133/><V13/><F120/><W55/><G85/><T32/><D40/><U36/><E110/><V27/><REACH who="2" step="1"/><F53/><REACH who="2" ten="252,235,315,188" step="2"/><W112/><G55/><T132/><D123/><U101/><E36/><V122/><F122/><W91/><REACH who="3" step="1"/><G100/><REACH who="3" ten="252,235,315,178" step="2"/><T128/><D108/><U86/><E102/><V96/><F96/><W20/><G20/><T51/><D22/><U52/><E101/><V64/><F64/><W48/><G48/><T7/><D51/><U95/><E65/><V89/><F89/><W75/><G75/><T4/><D74/><U61/><E52/><V39/><F39/><W84/><G84/><T70/><D132/><U15/><E86/><V111/><F111/><W131/><G131/><N who="0" m="50251" /><D70/><U2/><E61/><AGARI ba="0,2" hai="11,13,16,23,27,29,60,61,62,76,77,79,105,107" machi="61" ten="40,8000,1" yaku="1,1,52,2,54,1,53,0" doraHai="103" doraHaiUra="83" who="2" fromWho="1" sc="252,0,235,-80,315,100,178,0" /><INIT seed="4,0,0,2,0,117" ten="252,155,415,178" oya="0" hai0="81,42,127,110,22,130,96,99,76,90,68,36,133" hai1="79,23,45,13,84,30,55,16,38,113,102,63,135" hai2="123,19,34,61,94,88,28,67,18,103,58,72,134" hai3="21,101,118,12,6,107,14,10,3,89,43,5,73"/><T129/><D68/><U66/><E135/><V112/><F134/><W124/><G118/><T47/><D133/><U15/><E113/><V100/><F72/><W44/><G73/><T62/><D127/><U108/><E108/><V93/><F123/><W77/><G124/><T78/><D110/><U92/><E30/><V97/><F112/><W56/><G77/><N who="0" m="29803" /><D62/><U59/><E102/><N who="2" m="60719" /><F28/><W86/><G101/><N who="2" m="38985" /><F34/><W51/><G107/><T27/><D90/><U60/><E38/><V32/><F32/><W104/><G104/><T2/><D81/><U80/><E92/><V8/><F8/><W64/><G21/><T49/><D36/><U33/><E33/><V82/><F82/><W37/><G6/><T98/><D2/><U125/><E125/><V131/><F131/><N who="0" m="50186" /><D22/><U11/><E45/><V48/><F48/><W132/><G132/><T122/><D27/><U31/><E31/><V71/><F71/><W26/><G26/><T83/><D83/><U115/><E115/><V41/><F41/><W53/><REACH who="3" step="1"/><G64/><REACH who="3" ten="252,155,415,168" step="2"/><T57/><D57/><U74/><E74/><V1/><F1/><W35/><G35/><T111/><D111/><U0/><E0/><V29/><F29/><W46/><G46/><T119/><D119/><U7/><REACH who="1" step="1"/><E66/><REACH who="1" ten="252,145,415,168" step="2"/><V70/><F70/><W50/><G50/><AGARI ba="0,2" hai="7,11,13,15,16,23,50,55,59,60,63,79,80,84" machi="50" ten="30,8000,1" yaku="1,1,2,1,7,1,8,1,54,1,53,0" doraHai="117" doraHaiUra="128" who="1" fromWho="3" sc="252,0,145,100,415,0,168,-80" /><INIT seed="5,0,0,5,1,32" ten="252,245,415,88" oya="1" hai0="24,128,33,16,30,103,28,62,58,11,81,8,13" hai1="85,69,18,34,131,39,84,74,118,125,104,107,67" hai2="93,95,72,94,98,2,121,106,61,29,92,79,115" hai3="46,86,101,12,132,41,89,49,91,68,127,53,48"/><U59/><E118/><V1/><F121/><W54/><G127/><T102/><D128/><U133/><E39/><V60/><F106/><W82/><G132/><T63/><D30/><U25/><E74/><V120/><F120/><W96/><G68/><T83/><D8/><U64/><E125/><V88/><F29/><W105/><G12/><T27/><D27/><U20/><E133/><V119/><F119/><W21/><G21/><T70/><D70/><U65/><E131/><V15/><F115/><W66/><G66/><T14/><D14/><U97/><E69/><V100/><F100/><W52/><REACH who="3" step="1"/><G89/><REACH who="3" ten="252,245,415,78" step="2"/><T124/><D124/><U90/><E34/><V113/><F15/><W17/><G17/><T110/><D13/><U129/><E129/><V4/><F4/><W35/><G35/><T5/><D16/><U51/><E107/><V130/><F130/><W134/><G134/><T76/><D33/><U122/><E122/><V23/><F23/><W109/><G109/><T7/><D7/><U37/><E104/><V56/><F113/><W126/><G126/><T50/><D5/><U99/><E90/><V47/><F88/><W10/><G10/><T26/><D11/><U78/><E67/><V71/><F71/><W42/><G42/><T22/><D110/><U112/><E65/><V6/><F6/><W123/><G123/><T45/><D22/><U38/><E112/><V80/><F98/><N who="1" m="37385" /><E64/><V3/><F3/><W73/><G73/><T108/><D108/><U117/><E117/><V55/><F72/><W19/><G19/><T31/><D24/><U135/><E135/><RYUUKYOKU ba="0,1" sc="252,-10,245,-10,415,-10,78,30" hai3="41,46,48,49,52,53,54,82,86,91,96,101,105" /><INIT seed="6,1,1,1,0,58" ten="242,235,405,108" oya="2" hai0="47,7,27,49,93,50,84,128,65,32,36,71,68" hai1="22,38,17,99,123,10,75,24,60,34,25,92,110" hai2="0,3,100,87,56,101,59,134,16,6,20,76,98" hai3="74,130,64,85,127,133,103,104,80,109,19,44,95"/><V61/><F134/><W29/><G29/><T1/><D128/><U45/><E110/><V63/><F6/><W111/><G64/><T129/><D129/><U14/><E75/><V8/><F8/><W122/><G19/><T70/><D36/><U28/><E123/><V57/><F0/><W126/><G44/><T66/><D1/><U54/><E38/><V42/><F42/><W132/><G122/><T72/><D72/><U119/><E119/><V131/><F3/><W15/><G15/><T115/><D7/><U48/><E60/><N who="2" m="23115" /><F98/><N who="3" m="59871" /><G104/><T21/><D32/><U52/><E54/><V18/><F131/><W86/><G74/><T55/><D50/><U90/><REACH who="1" step="1"/><E25/><REACH who="1" ten="242,225,405,108" step="2"/><N who="2" m="14471" /><F18/><W117/><G117/><T11/><D70/><U94/><E94/><V113/><F113/><W105/><G105/><T26/><D115/><U89/><E89/><V81/><AGARI ba="1,2" hai="56,57,59,76,81,87,100,101" m="14471,23115" machi="81" ten="30,12000,1" yaku="8,1,52,3,54,1" doraHai="58" who="2" fromWho="2" sc="242,-41,225,-41,405,143,108,-41" /><INIT seed="6,2,0,1,4,88" ten="201,184,548,67" oya="2" hai0="100,31,56,75,114,52,60,10,101,95,44,98,30" hai1="84,48,18,107,35,77,126,72,111,99,80,40,1" hai2="66,49,8,118,43,97,124,13,85,86,123,81,96" hai3="121,7,110,37,16,76,115,135,92,41,26,106,129"/><V46/><F123/><W19/><G106/><T59/><D114/><U130/><E111/><V89/><F124/><W78/><G121/><T61/><D75/><U0/><E35/><V133/><F133/><W134/><G37/><T51/><D101/><U42/><E126/><V54/><F66/><W20/><G41/><N who="0" m="24975" /><D10/><U11/><E130/><V104/><F104/><W90/><G110/><T122/><D122/><U15/><E72/><V69/><F69/><W119/><G119/><T109/><D109/><U6/><E48/><V24/><F24/><W87/><G129/><T47/><D47/><U53/><E53/><AGARI ba="2,0" hai="30,31,52,53,56,59,60,61,95,98,100" m="24975" machi="53" ten="30,3900,0" yaku="8,1,52,1,54,1" doraHai="88" who="0" fromWho="1" sc="201,45,184,-45,548,0,67,0" /><INIT seed="7,0,0,0,5,19" ten="246,139,548,67" oya="3" hai0="3,7,82,21,112,93,46,71,126,123,0,29,27" hai1="10,92,125,52,115,78,30,42,45,61,102,35,105" hai2="9,113,109,85,18,63,69,103,72,25,73,59,75" hai3="6,90,34,117,99,97,106,98,47,104,55,118,38"/><W50/><G34/><T132/><D123/><U57/><E115/><V119/><F109/><W36/><G6/><T124/><D132/><U24/><E125/><N who="0" m="48233" /><D112/><U95/><E78/><V14/><F69/><W5/><G5/><T88/><D71/><U111/><E111/><V96/><F119/><W130/><G130/><T54/><D82/><U41/><E41/><V107/><F113/><W58/><G90/><T131/><D7/><U48/><E10/><V49/><F49/><W80/><G80/><T70/><D70/><U64/><E42/><V43/><F43/><W11/><G11/><T60/><D131/><U22/><E35/><V37/><F37/><W135/><G135/><T133/><D133/><U83/><E83/><V122/><F122/><W94/><G94/><T110/><D110/><U31/><E105/><V89/><F25/><W84/><G84/><N who="0" m="52359" /><D46/><U87/><E87/><V13/><F13/><W116/><REACH who="3" step="1"/><G47/><REACH who="3" ten="246,139,548,57" step="2"/><T74/><D74/><U20/><E102/><V39/><F73/><W15/><G15/><T17/><D0/><U77/><E77/><V56/><F75/><W53/><G53/><T12/><D3/><U128/><E128/><V91/><F72/><W101/><G101/><T76/><D76/><U114/><E114/><V108/><F108/><W40/><G40/><T2/><D2/><U51/><E95/><N who="2" m="54703" /><F39/><AGARI ba="0,1" hai="36,38,39,50,55,58,97,98,99,104,106,116,117,118" machi="39" ten="50,2400,0" yaku="1,1,53,0" doraHai="19" doraHaiUra="120" who="3" fromWho="2" sc="246,0,139,0,548,-24,57,34" /><INIT seed="7,1,0,3,1,59" ten="246,139,524,91" oya="3" hai0="80,49,122,131,33,44,47,129,92,51,34,107,39" hai1="94,64,62,68,1,29,69,9,41,116,127,23,22" hai2="104,98,77,24,128,53,40,79,61,20,17,0,95" hai3="125,58,36,52,75,108,96,119,103,3,90,82,7"/><W55/><G119/><T78/><D107/><U18/><E116/><V130/><F104/><W76/><G125/><T109/><D109/><U87/><E127/><V86/><F0/><W105/><G108/><T114/><D92/><U67/><E41/><V126/><F40/><W124/><G36/><T84/><D114/><U100/><E1/><V112/><F112/><W30/><G124/><T63/><D63/><U42/><E42/><V88/><F126/><W81/><G30/><T85/><D84/><U117/><E117/><V132/><F132/><W72/><G90/><T21/><D21/><U27/><E9/><V102/><F102/><W65/><G7/><T101/><D101/><U46/><E46/><N who="0" m="17449" /><D122/><U19/><E29/><V111/><F111/><W37/><G3/><T54/><D39/><U25/><E87/><V121/><F121/><W5/><G5/><T118/><D118/><U120/><E120/><V38/><F38/><W91/><G37/><T16/><D16/><U99/><E67/><V35/><F35/><N who="0" m="13322" /><D54/><U115/><E115/><V74/><F74/><W13/><G13/><T73/><D85/><U43/><E43/><V135/><F135/><W31/><G91/><T93/><D93/><U60/><E64/><V45/><F45/><W10/><G10/><T134/><D134/><U83/><E83/><N who="2" m="47471" /><F79/><N who="3" m="44263" /><G31/><T48/><D73/><U28/><E28/><V26/><F26/><W2/><G2/><T50/><N who="0" m="12288" /><DORA hai="110" /><T57/><D78/><U14/><E14/><V12/><F12/><W97/><G97/><T32/><D32/><U71/><AGARI ba="1,0" hai="18,19,22,23,25,27,60,62,68,69,71,94,99,100" machi="71" ten="30,7900,0" yaku="0,1,9,1,52,2" doraHai="59,110" who="1" fromWho="1" sc="246,-21,139,82,524,-21,91,-40" owari="225,2.5,221,-17.9,503,60.3,51,-44.9" /></mjloggm>