<mjloggm ver="2.3"><GO type="169" lobby="0"/><UN n0="%E5%9C%A7%E5%80%92%E7%9A%84%E3%83%9D%E3%83%B3" n1="%E5%85%A8%E9%9B%86%E4%B8%AD%E3%83%BB%E5%B8%B8%E4%B8%AD" n2="%E3%83%95%E3%82%8A%E3%82%AA%E3%83%8B%E3%83%BC%E3%83%AB" n3="%52%59%4F%40%53%53" dan="17,16,16,17" rate="2215.11,2141.23,2139.29,2150.76" sx="M,M,M,M"/><TAIKYOKU oya="0"/><INIT seed="0,0,0,5,1,10" ten="250,250,250,250" oya="0" hai0="4,63,75,58,82,59,22,48,132,72,42,71,126" hai1="29,79,110,77,3,127,81,52,24,91,67,65,87" hai2="86,2,69,96,108,119,93,57,54,26,133,45,92" hai3="11,125,94,73,21,66,36,64,124,100,83,32,78"/><T33/><D33/><U50/><E110/><V102/><F69/><W46/><G32/><T135/><D4/><U39/><E39/><V51/><F2/><W35/><G35/><T8/><D8/><U98/><E127/><N who="3" m="48714" /><G21/><T111/><D126/><U103/><E3/><V44/><F108/><W118/><G118/><T9/><D9/><U37/><E37/><V12/><F119/><W85/><G11/><T30/><D111/><U109/><E109/><V53/><F133/><W106/><G106/><T0/><D0/><U123/><E123/><V121/><F121/><W99/><G85/><T84/><D71/><U28/><E67/><V27/><F45/><W43/><AGARI ba="0,0" hai="36,43,46,64,66,73,78,83,94,99,100" m="48714" machi="43" ten="30,1100,0" yaku="18,1" doraHai="10" who="3" fromWho="3" sc="250,-5,250,-3,250,-3,250,11" /><INIT seed="1,0,0,4,0,0" ten="245,247,247,261" oya="1" hai0="41,102,70,73,21,88,14,26,116,82,110,50,20" hai1="135,23,19,49,59,107,22,126,92,123,39,129,111" hai2="67,72,52,61,83,25,45,65,99,29,112,3,98" hai3="109,1,37,76,89,86,114,80,16,35,95,57,44"/><U12/><E39/><V87/><F72/><W48/><G114/><T124/><D116/><U2/><E107/><V103/><F3/><W7/><G35/><T78/><D70/><U128/><E2/><V71/><F67/><W85/><G109/><T9/><D124/><U10/><E123/><V28/><F99/><W101/><G37/><T125/><D102/><U63/><E126/><V13/><F13/><W31/><G31/><T84/><D125/><U58/><E135/><V60/><F112/><W77/><G57/><T11/><D11/><U4/><E111/><V119/><F119/><W100/><G76/><T105/><D105/><U90/><E49/><V113/><F113/><W106/><G106/><T122/><D122/><U74/><E74/><V43/><F60/><W38/><G38/><T66/><D66/><U54/><E59/><V36/><F25/><W115/><G16/><T42/><D50/><U104/><E104/><V108/><F108/><W81/><G95/><T132/><D132/><U30/><E30/><V96/><F52/><W62/><G62/><T40/><D26/><U64/><E64/><V117/><F117/><W75/><G75/><T32/><D32/><U34/><E34/><V56/><F71/><W53/><REACH who="3" step="1"/><G115/><REACH who="3" ten="245,247,247,251" step="2"/><T5/><REACH who="0" step="1"/><D110/><REACH who="0" ten="235,247,247,251" step="2"/><U8/><E129/><V55/><F65/><W131/><G131/><T17/><D17/><U118/><E128/><V69/><F69/><W127/><G127/><T18/><D18/><U24/><E118/><V51/><F36/><W134/><G134/><T120/><D120/><U6/><E19/><V93/><F29/><RYUUKYOKU ba="0,2" sc="235,15,247,-15,247,-15,251,15" hai0="5,9,14,20,21,40,41,42,73,78,82,84,88" hai3="1,7,44,48,53,77,80,81,85,86,89,100,101" /><INIT seed="2,1,2,4,2,47" ten="250,232,232,266" oya="2" hai0="95,99,48,113,31,101,118,130,60,66,71,121,10" hai1="18,61,122,128,133,93,112,76,9,58,40,0,85" hai2="38,62,104,54,132,81,1,94,72,89,24,25,29" hai3="73,21,83,36,105,57,82,98,3,49,86,19,4"/><V53/><F104/><W14/><G36/><T103/><D121/><U80/><E112/><V42/><F1/><W77/><G3/><T50/><D118/><U127/><E128/><V74/><F25/><W68/><G68/><T23/><D113/><U90/><E127/><V41/><F132/><W26/><G98/><T6/><D103/><U70/><E133/><V55/><F62/><W92/><G92/><T114/><D114/><U111/><E111/><V22/><F38/><W134/><G105/><T109/><D109/><U97/><E122/><V7/><F7/><W65/><G65/><T12/><REACH who="0" step="1"/><D130/><REACH who="0" ten="240,232,232,266" step="2"/><U17/><E70/><V59/><F74/><W44/><G134/><T75/><D75/><U46/><E0/><V125/><F125/><W117/><G117/><T33/><D33/><U135/><E135/><V100/><F72/><W67/><G73/><T39/><D39/><U34/><E34/><V124/><F124/><W11/><G77/><T87/><D87/><U63/><E9/><V84/><REACH who="2" step="1"/><F59/><REACH who="2" ten="240,232,222,266" step="2"/><W107/><G57/><T110/><D110/><U91/><E58/><V126/><F126/><W79/><G107/><T123/><D123/><U2/><E2/><V37/><F37/><W52/><G79/><T120/><D120/><U78/><E78/><V116/><F116/><W13/><G86/><T32/><D32/><U8/><E76/><V20/><F20/><W69/><G69/><T108/><D108/><U27/><E85/><V30/><F30/><W45/><G21/><T96/><D96/><AGARI ba="1,4" hai="22,24,29,41,42,53,54,55,81,84,89,94,96,100" machi="96" ten="40,3900,0" yaku="1,1,8,1,53,0" doraHai="47" doraHaiUra="106" who="2" fromWho="0" sc="240,-42,232,0,222,82,266,0" /><INIT seed="2,2,0,0,4,74" ten="198,232,304,266" oya="2" hai0="65,6,103,133,132,69,87,76,117,70,105,66,19" hai1="110,80,112,85,93,2,104,82,41,120,62,75,18" hai2="108,23,72,119,97,107,43,102,44,33,52,29,12" hai3="134,83,7,99,94,25,64,59,30,36,88,40,21"/><V90/><F119/><W113/><G134/><N who="0" m="51819" /><D117/><U50/><E112/><V127/><F127/><W106/><G113/><T130/><D6/><U42/><E104/><V24/><F72/><W57/><G7/><T116/><D116/><U56/><E110/><V55/><F108/><W39/><G106/><T98/><D130/><U63/><E120/><V101/><F101/><W60/><G40/><T20/><D66/><U73/><E93/><V67/><F67/><W35/><G35/><T28/><D65/><U126/><E18/><V9/><F90/><W38/><REACH who="3" step="1"/><G83/><REACH who="3" ten="198,232,304,256" step="2"/><N who="0" m="47591" /><D28/><U58/><E126/><V0/><F33/><W125/><G125/><T32/><D32/><U111/><E111/><V95/><F107/><W54/><G54/><T124/><D124/><U77/><E82/><V27/><F0/><W13/><G13/><AGARI ba="2,1" hai="13,19,20,69,70,98,103,105" m="47591,51819" machi="13" ten="30,2000,0" yaku="20,1,52,1" doraHai="74" who="0" fromWho="3" sc="198,36,232,0,304,0,256,-26" /><INIT seed="3,0,0,3,1,70" ten="234,232,304,230" oya="3" hai0="113,27,135,77,88,89,62,112,39,95,61,18,48" hai1="24,58,32,111,123,5,131,83,118,19,94,60,3" hai2="129,15,1,71,67,72,26,115,80,56,125,133,13" hai3="9,96,47,104,116,49,31,98,65,120,23,134,50"/><W40/><G116/><T66/><D77/><U79/><E123/><V106/><F115/><N who="0" m="44106" /><D135/><U12/><E111/><V82/><F1/><W46/><G120/><T25/><D48/><U126/><E126/><V73/><F106/><W16/><G134/><T99/><D62/><U128/><E118/><V28/><F71/><W68/><G104/><T121/><D121/><U51/><E51/><V103/><F103/><W127/><G127/><T69/><D39/><U29/><E94/><V108/><F125/><W84/><G31/><T37/><D37/><U4/><E3/><V45/><F45/><W22/><G84/><T124/><D124/><U10/><E131/><V14/><F133/><W38/><G50/><T44/><D44/><U54/><REACH who="1" step="1"/><E128/><REACH who="1" ten="234,222,304,230" step="2"/><V87/><F129/><W100/><G38/><T7/><D7/><U132/><E132/><V90/><F108/><W109/><G109/><T76/><D18/><U101/><E101/><V35/><F82/><W102/><G102/><T93/><D76/><U41/><E41/><V117/><F117/><W30/><G100/><T42/><D42/><U17/><E17/><V114/><F114/><W91/><G40/><T92/><D93/><U6/><E6/><V75/><F75/><AGARI ba="0,1" hai="4,5,10,12,19,24,29,32,54,58,60,75,79,83" machi="75" ten="30,3900,0" yaku="1,1,7,1,53,1" doraHai="70" doraHaiUra="107" who="1" fromWho="2" sc="234,0,222,49,304,-39,230,0" /><INIT seed="4,0,0,5,5,126" ten="234,271,265,230" oya="0" hai0="60,16,33,78,26,73,52,35,81,118,128,62,116" hai1="57,91,12,125,28,113,30,29,93,38,94,54,119" hai2="55,47,1,130,61,72,133,80,104,44,32,79,107" hai3="58,124,98,121,97,64,103,3,43,48,131,115,123"/><T14/><D62/><U50/><E119/><V4/><F32/><W18/><G3/><T8/><D128/><U96/><E125/><V108/><F108/><W105/><G124/><T99/><D99/><U20/><E38/><V88/><F130/><W75/><G75/><T135/><D135/><U42/><E113/><V134/><F4/><W31/><G31/><T84/><D73/><U37/><E37/><V49/><F1/><W67/><G115/><T109/><D109/><U22/><E42/><V36/><F61/><W53/><G131/><T90/><D78/><U15/><REACH who="1" step="1"/><E93/><REACH who="1" ten="234,261,265,230" step="2"/><V2/><F36/><W71/><G43/><T69/><D69/><U111/><E111/><V86/><F107/><W19/><G71/><T82/><D81/><U56/><E56/><V25/><F104/><W11/><G105/><T9/><D118/><U40/><E40/><V7/><F133/><W102/><G123/><T63/><D116/><U65/><E65/><V100/><F134/><W51/><G121/><T23/><D35/><U6/><E6/><V117/><F7/><W0/><G58/><N who="0" m="34887" /><D33/><U129/><E129/><V92/><F80/><W95/><G95/><T127/><D127/><U74/><E74/><V89/><F92/><W27/><G53/><T68/><D68/><U5/><E5/><V41/><F55/><W122/><G122/><T39/><D39/><U77/><E77/><V87/><F79/><W10/><G0/><T59/><D59/><U66/><E66/><V110/><F2/><W17/><G67/><T13/><D63/><U70/><E70/><V132/><F72/><RYUUKYOKU ba="0,1" sc="234,15,261,15,265,-15,230,-15" hai0="8,9,13,14,16,23,26,82,84,90" hai1="12,15,20,22,28,29,30,50,54,57,91,94,96" /><INIT seed="4,1,1,2,4,102" ten="249,276,250,215" oya="0" hai0="65,108,112,126,48,41,105,44,131,106,118,116,15" hai1="97,37,66,130,56,104,134,14,124,123,93,51,78" hai2="27,34,6,29,64,92,55,103,0,72,13,7,22" hai3="45,129,1,62,60,43,12,101,35,46,107,58,128"/><T117/><D65/><U54/><E123/><V114/><F72/><W8/><G1/><T115/><D108/><U79/><E124/><V132/><F64/><W52/><G35/><T2/><D2/><U17/><E130/><N who="3" m="50282" /><G62/><T30/><D131/><U16/><E134/><V85/><F132/><W80/><G80/><T94/><D126/><U32/><E37/><V90/><F0/><W28/><G28/><T40/><D30/><U39/><E39/><V122/><F122/><W111/><G111/><T61/><D61/><U3/><E3/><V53/><F114/><N who="0" m="43562" /><D41/><U10/><E32/><V31/><F103/><W86/><G86/><T99/><D15/><U5/><E104/><N who="0" m="40041" /><D118/><U77/><REACH who="1" step="1"/><E66/><REACH who="1" ten="249,266,250,215" step="2"/><V121/><F121/><W50/><G107/><T47/><D47/><U63/><E63/><V70/><F34/><W67/><G46/><T26/><D26/><U68/><E68/><V20/><F70/><W100/><G67/><T59/><D59/><U110/><E110/><V24/><REACH who="2" step="1"/><F13/><REACH who="2" ten="249,266,240,215" step="2"/><W69/><G69/><T19/><D117/><U74/><E74/><V88/><F88/><AGARI ba="1,3" hai="5,10,14,16,17,51,54,56,77,78,79,88,93,97" machi="88" ten="40,8000,1" yaku="1,1,8,1,54,2,53,0" doraHai="102" doraHaiUra="135" who="1" fromWho="2" sc="249,0,266,113,240,-83,215,0" /><INIT seed="5,0,0,0,0,81" ten="249,379,157,215" oya="1" hai0="67,78,95,108,105,38,52,21,115,15,106,25,12" hai1="112,9,90,47,62,101,89,70,4,28,34,22,91" hai2="24,49,61,98,92,5,75,6,122,116,35,88,117" hai3="66,97,84,123,30,39,73,41,72,107,74,57,42"/><U64/><E112/><V53/><F122/><W133/><G123/><T77/><D108/><U131/><E131/><V59/><F75/><W37/><G30/><T82/><D38/><U40/><E101/><V121/><F121/><W48/><G133/><T11/><D67/><U0/><E34/><V83/><F116/><W99/><G66/><T93/><D115/><U18/><E28/><V128/><F117/><W17/><G17/><N who="0" m="12463" /><D106/><U79/><E79/><N who="0" m="30217" /><D105/><U58/><E70/><V132/><F128/><W19/><G19/><N who="0" m="8607" /><D82/><U32/><E32/><V27/><F132/><W69/><G69/><T63/><D15/><U60/><E89/><V10/><F35/><W43/><G107/><T23/><D23/><U109/><E109/><V26/><F10/><W29/><G29/><T126/><D126/><U55/><E22/><V54/><REACH who="2" step="1"/><F83/><REACH who="2" ten="249,379,147,215" step="2"/><W94/><G72/><T44/><D63/><U20/><E62/><V100/><F100/><W1/><G73/><T31/><D31/><U7/><E7/><V71/><F71/><W2/><G74/><T120/><D120/><U96/><E20/><V8/><F8/><W111/><G111/><T87/><D95/><U130/><E130/><V65/><F65/><W124/><G94/><T104/><D104/><U125/><E64/><V103/><F103/><W114/><G114/><T110/><D110/><U102/><E102/><V33/><F33/><W135/><G135/><T134/><D134/><U50/><E60/><V36/><F36/><W45/><G37/><T14/><D93/><U118/><E9/><V56/><AGARI ba="0,1" hai="5,6,24,26,27,49,53,54,56,59,61,88,92,98" machi="56" ten="30,7900,0" yaku="1,1,0,1,8,1,54,1,53,0" doraHai="81" doraHaiUra="113" who="2" fromWho="2" sc="249,-20,379,-39,147,89,215,-20" /><INIT seed="6,0,0,2,2,40" ten="229,340,236,195" oya="2" hai0="38,53,90,83,103,55,32,117,105,75,99,24,65" hai1="61,41,115,74,94,16,36,126,69,102,124,110,54" hai2="132,86,98,123,128,15,28,82,121,3,2,60,34" hai3="4,71,33,68,100,119,122,73,14,84,39,6,30"/><V91/><F132/><W127/><G73/><T95/><D38/><U77/><E110/><V96/><F128/><W130/><G119/><T66/><D117/><U101/><E115/><V35/><F15/><W25/><G130/><T114/><D114/><U57/><E69/><V62/><F86/><W116/><G116/><T113/><D113/><U63/><E61/><V92/><F92/><W106/><G122/><T109/><D109/><U88/><E16/><V89/><REACH who="2" step="1"/><F28/><REACH who="2" ten="229,340,226,195" step="2"/><W97/><G84/><T19/><D75/><U70/><E94/><V26/><F26/><W22/><G14/><T48/><D83/><AGARI ba="0,1" hai="2,3,34,35,60,62,82,83,89,91,96,98,121,123" machi="83" ten="25,4800,0" yaku="1,1,22,2,53,0" doraHai="40" doraHaiUra="9" who="2" fromWho="0" sc="229,-48,340,0,226,58,195,0" /><INIT seed="6,1,0,2,5,103" ten="181,340,284,195" oya="2" hai0="6,42,57,135,43,59,29,117,40,123,106,19,104" hai1="113,5,23,21,95,36,91,45,72,67,87,48,44" hai2="8,39,3,2,68,65,51,88,63,94,74,17,77" hai3="4,90,22,119,66,76,61,47,37,99,102,80,101"/><V41/><F39/><W86/><G119/><T81/><D123/><U114/><E72/><V50/><F77/><W105/><G4/><T28/><D117/><U108/><E108/><V70/><F74/><W83/><G101/><T129/><D6/><U134/><E134/><V56/><F70/><W130/><G130/><T75/><D75/><U18/><E67/><V78/><F78/><W79/><G22/><T0/><D81/><U126/><E126/><V9/><F51/><W32/><G83/><T122/><D135/><U107/><E107/><N who="0" m="41001" /><D122/><U11/><E44/><V58/><F68/><W49/><G32/><T13/><D129/><U118/><E18/><V116/><F116/><W14/><G14/><T10/><D0/><N who="1" m="423" /><E36/><V64/><F17/><W132/><G37/><T121/><D121/><U31/><E31/><N who="0" m="11849" /><D19/><U71/><E71/><V38/><F38/><W131/><G131/><T93/><D93/><U98/><E118/><V16/><F16/><W7/><G7/><T46/><D46/><U110/><E87/><V85/><F3/><W62/><G132/><T109/><D109/><U33/><E33/><V115/><F2/><W60/><REACH who="3" step="1"/><G66/><REACH who="3" ten="181,340,284,185" step="2"/><T97/><D13/><U127/><E110/><V128/><F128/><W89/><G89/><T15/><D15/><U25/><E23/><V124/><F88/><W27/><G27/><T52/><D10/><U84/><E21/><V12/><F8/><W112/><G112/><T1/><D1/><U54/><E25/><V82/><F115/><N who="1" m="44041" /><E98/><V100/><F65/><W96/><G96/><T120/><D97/><U34/><E34/><RYUUKYOKU ba="1,1" sc="181,-15,340,15,284,-15,185,15" hai1="45,48,54,84,91,95,127" hai3="47,49,60,61,62,76,79,80,86,90,99,102,105" /><INIT seed="7,2,1,5,0,129" ten="166,355,269,200" oya="3" hai0="52,128,2,28,119,25,86,1,73,70,88,56,15" hai1="105,98,69,91,47,23,62,33,48,104,55,114,109" hai2="61,13,123,35,17,99,22,117,87,32,45,72,67" hai3="58,10,53,64,95,20,74,44,75,111,30,77,108"/><W6/><G64/><T40/><D119/><U103/><E33/><V118/><F72/><W97/><G44/><T93/><D73/><U121/><E109/><N who="3" m="42058" /><G20/><T106/><D106/><U115/><E121/><V36/><F32/><W90/><G30/><T116/><D116/><U26/><E105/><V132/><F35/><W16/><G77/><T12/><D70/><U84/><E62/><V11/><F123/><W96/><G97/><T126/><D40/><U124/><E69/><V3/><F99/><W41/><G41/><T24/><D128/><U76/><E76/><V65/><F65/><W113/><G113/><T66/><D66/><U9/><E9/><V101/><F11/><W68/><G68/><T92/><D126/><U81/><REACH who="1" step="1"/><E124/><REACH who="1" ten="166,345,269,200" step="2"/><V37/><F117/><W21/><G10/><T127/><D127/><U5/><E5/><V78/><F78/><W89/><G6/><T51/><D2/><U34/><E34/><V71/><F71/><W19/><G21/><N who="0" m="15375" /><D1/><U83/><E83/><V18/><F22/><W29/><G74/><T130/><D130/><U133/><E133/><V125/><F132/><W59/><G75/><T131/><D131/><U135/><E135/><V120/><F125/><W49/><G29/><AGARI ba="2,2" hai="23,26,29,47,48,55,81,84,91,98,103,104,114,115" machi="29" ten="40,1300,0" yaku="1,1,53,0" doraHai="129" doraHaiUra="107" who="1" fromWho="3" sc="166,0,345,39,269,0,200,-19" owari="166,-33.4,384,48.4,269,6.9,181,-21.9" /></mjloggm>