<mjloggm ver="2.3"><GO type="169" lobby="0"/><UN n0="%E3%81%93%E3%81%A1" n1="%73%61%6E%64%69%72%69%73" n2="%62%69%70%73%64" n3="%E5%B9%B3%E5%92%8C%6E%6F%6D%69" dan="17,17,18,16" rate="2211.07,2217.61,2253.60,2060.68" sx="F,M,M,M"/><TAIKYOKU oya="0"/><INIT seed="0,0,0,5,2,39" ten="250,250,250,250" oya="0" hai0="9,90,60,70,86,92,124,112,119,123,107,26,12" hai1="75,41,79,49,98,50,134,103,133,99,108,38,111" hai2="35,64,129,0,65,126,105,100,25,27,80,20,40" hai3="72,11,22,61,43,2,33,14,91,58,97,94,66"/><T6/><D112/><U106/><E99/><V67/><F0/><W121/><G72/><T81/><D119/><U23/><E23/><V85/><F129/><W30/><G121/><T84/><D123/><U68/><E68/><V74/><F74/><W21/><G2/><T82/><D107/><U51/><E79/><V57/><F126/><W118/><G118/><T132/><D124/><U102/><E102/><V5/><F5/><W3/><G3/><T95/><D132/><N who="1" m="50795" /><E75/><V93/><F105/><W18/><G33/><T55/><D26/><U44/><AGARI ba="0,0" hai="38,41,44,49,50,51,98,103,106,108,111" m="50795" machi="44" ten="40,2700,0" yaku="20,1,52,1" doraHai="39" who="1" fromWho="1" sc="250,-13,250,27,250,-7,250,-7" /><INIT seed="1,0,0,4,4,126" ten="237,277,243,243" oya="1" hai0="31,52,56,97,109,39,104,66,92,99,121,17,132" hai1="2,130,112,9,6,68,12,67,122,36,87,64,70" hai2="123,61,32,128,53,102,47,106,78,37,82,30,113" hai3="43,0,94,7,93,26,46,24,111,25,60,89,28"/><U8/><E122/><V98/><F123/><W50/><G111/><T125/><D121/><U41/><E112/><V81/><F113/><W13/><G0/><T117/><D117/><U110/><E110/><V15/><F32/><W119/><G119/><T38/><D109/><U116/><E116/><V3/><F30/><W54/><G28/><T96/><D125/><U19/><E41/><V129/><F3/><W103/><G103/><T14/><D104/><U45/><E45/><V114/><F114/><W131/><G131/><N who="2" m="50249" /><F15/><W44/><G89/><T120/><D132/><U90/><E36/><V118/><F118/><W29/><G29/><T85/><D66/><U100/><E100/><V23/><F23/><W105/><G105/><T4/><D4/><U33/><E33/><V80/><F37/><W11/><REACH who="3" step="1"/><G60/><REACH who="3" ten="237,277,243,233" step="2"/><T65/><D31/><U127/><E130/><V20/><F20/><W35/><G35/><T48/><D120/><U69/><REACH who="1" step="1"/><E127/><REACH who="1" ten="237,267,243,233" step="2"/><V16/><F102/><W57/><G57/><T101/><D101/><U34/><E34/><V115/><F115/><W84/><G84/><T88/><REACH who="0" step="1"/><D65/><REACH who="0" ten="227,267,243,233" step="2"/><U63/><E63/><V21/><F106/><W86/><G86/><T1/><D1/><U133/><E133/><V72/><F61/><W59/><G59/><T83/><D83/><AGARI ba="0,3" hai="2,6,8,9,12,19,64,67,68,69,70,83,87,90" machi="83" ten="40,2000,0" yaku="1,1,53,0" doraHai="126" doraHaiUra="108" who="1" fromWho="0" sc="227,-20,267,50,243,0,233,0" /><INIT seed="1,1,0,3,5,114" ten="207,317,243,233" oya="1" hai0="132,128,123,116,18,8,95,32,17,127,65,79,126" hai1="50,68,71,58,21,92,44,77,59,6,49,78,42" hai2="2,7,104,125,85,5,41,89,135,9,122,31,29" hai3="20,120,93,38,101,99,118,26,55,61,10,87,98"/><U66/><E6/><V111/><F122/><W82/><G38/><T34/><D79/><U43/><E21/><V62/><F104/><W23/><G120/><T15/><D65/><U131/><E92/><V108/><F41/><W94/><G118/><T86/><D123/><U100/><E100/><V107/><F107/><W56/><G10/><T67/><D67/><U80/><E131/><V112/><F112/><W90/><REACH who="3" step="1"/><G26/><REACH who="3" ten="207,317,243,223" step="2"/><T16/><D128/><U69/><E69/><V91/><F9/><W24/><G24/><T119/><D132/><U3/><E71/><V27/><F27/><W97/><G97/><T13/><D8/><U12/><E68/><V81/><F135/><W113/><G113/><T45/><D15/><U124/><E12/><V73/><F111/><W36/><G36/><T134/><D13/><U14/><E14/><V1/><F108/><W52/><G52/><T75/><D134/><U72/><E3/><V74/><F1/><W110/><G110/><T83/><D116/><U57/><E124/><V63/><F125/><W105/><G105/><T115/><D115/><U60/><E78/><AGARI ba="1,1" hai="20,23,55,56,61,78,82,87,90,93,94,98,99,101" machi="78" ten="30,3900,0" yaku="1,1,7,1,8,1,53,0" doraHai="114" doraHaiUra="106" who="3" fromWho="1" sc="207,0,317,-42,243,0,223,52" /><INIT seed="2,0,0,5,2,132" ten="207,275,243,275" oya="2" hai0="54,81,100,39,25,78,97,12,8,83,104,21,123" hai1="7,46,17,67,125,92,70,4,59,13,18,119,28" hai2="65,107,135,29,99,122,101,64,90,0,5,109,62" hai3="53,66,115,114,129,69,20,80,56,86,94,73,118"/><V49/><F122/><W76/><G118/><T3/><D123/><U84/><E119/><V117/><F117/><W93/><G129/><T33/><D39/><U1/><E70/><V26/><F135/><W11/><G11/><T68/><D68/><U75/><E75/><V116/><F116/><W127/><G66/><T42/><D42/><U47/><E28/><V130/><F130/><W40/><G40/><T71/><D71/><U106/><E106/><V82/><F109/><W24/><G69/><T50/><D33/><U51/><E1/><V58/><F49/><W126/><G73/><T2/><D21/><U57/><E125/><N who="3" m="47626" /><G115/><T77/><D8/><U79/><E67/><V98/><F65/><W19/><G114/><T95/><D54/><U120/><E120/><V44/><F5/><W108/><G108/><T102/><D3/><U87/><E51/><AGARI ba="0,0" hai="19,20,24,51,53,56,76,80,86,93,94" m="47626" machi="51" ten="30,7700,0" yaku="18,1,52,3" doraHai="132" who="3" fromWho="1" sc="207,0,275,-77,243,0,275,77" /><INIT seed="3,0,0,5,3,53" ten="207,198,243,352" oya="3" hai0="23,0,89,120,15,76,125,2,112,65,52,129,64" hai1="115,118,58,67,99,96,34,24,43,36,4,46,54" hai2="130,9,97,74,16,51,126,35,113,82,90,42,84" hai3="40,55,8,87,93,131,44,41,81,124,7,73,5"/><W22/><G131/><T57/><D120/><U122/><E122/><V85/><F113/><W6/><G73/><T107/><D112/><U66/><E115/><V70/><F35/><W39/><G124/><T19/><D125/><U3/><E118/><V32/><F32/><W110/><G110/><T105/><D129/><U109/><E109/><V77/><F70/><W123/><G123/><T111/><D76/><U86/><E86/><V47/><F130/><W25/><G93/><T49/><D111/><U102/><E4/><V30/><F30/><W60/><G41/><T133/><D133/><U71/><E3/><V31/><F31/><W20/><G8/><T91/><D2/><U108/><E108/><V10/><F126/><W135/><G135/><T80/><D0/><U95/><E71/><V104/><F85/><W127/><G127/><T72/><D72/><U61/><REACH who="1" step="1"/><E99/><REACH who="1" ten="207,188,243,352" step="2"/><V38/><F84/><W121/><G121/><T27/><D80/><U83/><E83/><V45/><F97/><W114/><G114/><T17/><D105/><U78/><E78/><V63/><F104/><W56/><REACH who="3" step="1"/><G25/><REACH who="3" ten="207,188,243,342" step="2"/><T11/><D107/><U48/><E48/><V14/><F51/><W75/><G75/><T79/><D79/><AGARI ba="0,2" hai="5,6,7,20,22,39,40,44,55,56,60,79,81,87" machi="79" ten="40,3900,0" yaku="1,1,52,1,53,0" doraHai="53" doraHaiUra="117" who="3" fromWho="0" sc="207,-39,188,0,243,0,342,59" /><INIT seed="3,1,0,1,3,77" ten="168,188,243,401" oya="3" hai0="24,83,135,90,11,48,98,26,40,32,43,117,115" hai1="13,121,28,123,85,75,106,61,104,101,93,129,8" hai2="6,51,107,57,102,94,60,70,37,88,14,34,0" hai3="131,105,68,39,116,42,86,110,21,3,9,4,54"/><W124/><G116/><T119/><D135/><U19/><E129/><V22/><F37/><W63/><G105/><T56/><D115/><U20/><E75/><V134/><F34/><W59/><G131/><T29/><D11/><U36/><E36/><V27/><F134/><W114/><G114/><T52/><D26/><U100/><E106/><V99/><F70/><W71/><G124/><T91/><D91/><N who="1" m="53487" /><E104/><V92/><F0/><W10/><G21/><T128/><D128/><U80/><E123/><V81/><F51/><W84/><G10/><T109/><D109/><U125/><E121/><V45/><F45/><W35/><G35/><T47/><D40/><U126/><E61/><V58/><F58/><W78/><G110/><T96/><D96/><U82/><E126/><V66/><F14/><W127/><G127/><T41/><D41/><U16/><E28/><V67/><F6/><W113/><G113/><T49/><REACH who="0" step="1"/><D98/><REACH who="0" ten="158,188,243,401" step="2"/><U31/><E125/><V38/><F38/><W53/><G42/><T5/><D5/><U72/><E31/><V73/><F99/><W122/><G39/><T95/><D95/><U130/><E130/><V97/><F94/><W108/><G108/><T50/><D50/><U15/><E72/><V44/><F73/><W87/><G122/><T76/><D76/><U111/><E111/><V17/><F107/><W18/><G78/><T23/><D23/><U7/><E7/><V103/><F97/><W133/><G133/><T112/><D112/><U55/><E55/><V65/><F22/><W132/><G132/><T89/><D89/><U74/><E74/><RYUUKYOKU ba="1,1" sc="158,15,188,15,243,-15,401,-15" hai0="24,29,32,43,47,48,49,52,56,83,90,117,119" hai1="8,13,15,16,19,20,80,82,100,101" /><INIT seed="4,2,1,1,5,19" ten="173,203,228,386" oya="0" hai0="130,22,115,76,21,134,59,23,121,102,61,101,28" hai1="131,6,37,120,91,20,27,133,69,34,86,111,73" hai2="74,3,16,99,43,49,0,75,42,60,109,14,114" hai3="82,56,96,104,108,1,9,94,98,66,30,79,110"/><T64/><D121/><U55/><E111/><V68/><F109/><W92/><G104/><T93/><D115/><U118/><E118/><V15/><F114/><W2/><G30/><T122/><D122/><U127/><E120/><V100/><F0/><W106/><G106/><T132/><D130/><U112/><E73/><V4/><F3/><W85/><G108/><T113/><D113/><U89/><E112/><V90/><F90/><W72/><G72/><T87/><D28/><U123/><E131/><V58/><F68/><W67/><G110/><T126/><D126/><U35/><E37/><V117/><F4/><W41/><G41/><T62/><D62/><U7/><E69/><V48/><F14/><W54/><G9/><T10/><D10/><U128/><E35/><V40/><F117/><W63/><G1/><T47/><D47/><U29/><E34/><V107/><F75/><W71/><G2/><T78/><D101/><U39/><E39/><V25/><F25/><W11/><G11/><T5/><D5/><U65/><E127/><V45/><F49/><W81/><G81/><T33/><D33/><U17/><E128/><V116/><F74/><W129/><G129/><T84/><D84/><U105/><E105/><V95/><F107/><W80/><G80/><N who="0" m="47495" /><D78/><U13/><E123/><V46/><F46/><W124/><G124/><T12/><D12/><U18/><E133/><N who="0" m="51305" /><D102/><U8/><E6/><V125/><F125/><W57/><G96/><T135/><D135/><U83/><E65/><N who="2" m="39063" /><F116/><W31/><G67/><N who="0" m="39359" /><D93/><N who="1" m="54455" /><E55/><V36/><F36/><W53/><G53/><T50/><D64/><RYUUKYOKU ba="2,1" sc="173,10,203,10,228,10,386,-30" hai0="21,22,23,50" hai1="7,8,13,17,18,20,27,29,83,91" hai2="15,16,40,42,43,45,48,95,99,100" /><INIT seed="4,3,1,3,3,32" ten="183,213,238,356" oya="0" hai0="108,102,100,115,39,73,29,72,46,103,104,121,69" hai1="55,86,34,58,101,60,35,40,105,1,123,94,48" hai2="52,56,28,135,114,11,87,112,67,70,51,106,99" hai3="0,4,3,93,83,129,122,88,13,25,31,119,8"/><T130/><D121/><U59/><E123/><V50/><F28/><W84/><G122/><T77/><D69/><U9/><E105/><V41/><F87/><W95/><G119/><T66/><D66/><U97/><E86/><V116/><F106/><W18/><G129/><T5/><D104/><U15/><E1/><V57/><F99/><W63/><G63/><T26/><D130/><U81/><E81/><V80/><F11/><W37/><G37/><T107/><D107/><U133/><E133/><V49/><F80/><W131/><G131/><T45/><D115/><N who="2" m="44074" /><F135/><W65/><G65/><T30/><D108/><U19/><REACH who="1" step="1"/><E40/><REACH who="1" ten="183,203,238,356" step="2"/><V36/><F116/><W124/><G0/><T78/><D73/><U17/><E17/><V21/><F41/><W64/><G124/><T10/><D72/><U113/><E113/><V128/><F128/><W7/><G7/><T85/><D85/><U89/><E89/><V92/><F92/><W14/><G3/><T127/><D127/><U120/><E120/><V110/><F110/><W12/><G4/><T117/><D117/><U6/><E6/><V24/><F70/><W62/><G93/><T76/><D5/><U79/><E79/><V90/><F90/><W68/><REACH who="3" step="1"/><G95/><REACH who="3" ten="183,203,238,346" step="2"/><T42/><D42/><U16/><E16/><N who="2" m="12327" /><F36/><W132/><G132/><T33/><D39/><U38/><E38/><V54/><F67/><AGARI ba="3,3" hai="9,15,19,34,35,48,55,58,59,60,67,94,97,101" machi="67" ten="30,2000,0" yaku="1,1,7,1,53,0" doraHai="32" doraHaiUra="82" who="1" fromWho="2" sc="183,0,203,59,238,-29,346,0" /><INIT seed="5,0,0,3,0,7" ten="183,262,209,346" oya="1" hai0="50,32,31,81,60,33,38,19,58,116,2,84,37" hai1="47,39,78,95,82,91,85,129,63,80,8,79,12" hai2="14,45,28,125,115,92,1,90,111,49,108,126,122" hai3="106,5,105,112,87,16,35,18,114,10,119,121,26"/><U123/><E123/><V3/><F122/><W98/><G119/><T11/><D116/><U101/><E129/><V27/><F92/><W97/><G121/><T69/><D69/><U118/><E118/><V52/><F90/><W94/><G87/><T77/><D50/><U103/><E63/><V93/><F93/><W70/><G70/><T36/><D31/><U40/><E82/><V130/><F130/><W53/><G53/><T133/><D133/><U131/><E131/><V117/><F117/><W21/><G18/><T23/><D23/><U34/><E34/><V54/><F54/><W59/><G59/><T29/><D29/><U64/><E64/><V68/><F68/><W55/><G55/><T0/><D0/><N who="2" m="74" /><F14/><N who="3" m="5455" /><G35/><T51/><D51/><U41/><E41/><V83/><F83/><W72/><G72/><T20/><D2/><U65/><E65/><V17/><F17/><W57/><G57/><T107/><D107/><N who="3" m="40969" /><G94/><T96/><D96/><U48/><E39/><V76/><F76/><N who="1" m="29225" /><E95/><V22/><F108/><W42/><G42/><T124/><D77/><U128/><E128/><V134/><F111/><W46/><G46/><T74/><D81/><U89/><E89/><V110/><F110/><W24/><G24/><T13/><D60/><U132/><E132/><V61/><F134/><W75/><G75/><T100/><D74/><U99/><E99/><V25/><F61/><W88/><G88/><T73/><D73/><U104/><E104/><V86/><F27/><W62/><G62/><T120/><D120/><U30/><E30/><V15/><F28/><W102/><G98/><RYUUKYOKU ba="0,0" sc="183,-15,262,15,209,-15,346,15" hai1="8,12,40,47,48,80,85,91,101,103" hai3="16,21,26,97,102,112,114" /><INIT seed="5,1,0,1,5,21" ten="168,277,194,361" oya="1" hai0="77,117,28,80,107,38,135,73,133,47,65,66,14" hai1="4,71,108,23,130,1,20,43,87,48,11,12,111" hai2="8,83,98,58,26,46,120,17,32,101,36,51,75" hai3="104,55,127,132,52,90,102,70,112,67,18,129,79"/><U40/><E71/><V84/><F120/><W3/><G3/><T42/><D117/><U64/><E64/><V92/><F36/><W44/><G112/><T31/><D107/><U6/><E87/><V81/><F75/><W86/><G129/><T110/><D110/><N who="1" m="42027" /><E48/><V124/><F124/><W93/><G127/><T61/><D66/><U131/><E43/><V30/><F58/><W33/><G132/><T123/><D123/><U56/><E40/><V125/><F125/><W116/><G116/><T97/><D14/><U24/><E56/><V72/><F72/><W9/><G33/><T74/><D74/><U10/><E23/><N who="2" m="15711" /><F84/><W0/><G44/><T41/><D41/><U119/><E119/><V2/><F32/><W22/><G67/><T27/><D97/><U114/><E114/><V25/><F2/><W15/><G70/><T109/><D109/><U50/><E50/><V103/><F83/><W54/><G79/><T121/><D121/><U118/><E118/><V100/><F81/><W89/><G104/><T62/><D28/><AGARI ba="1,0" hai="1,4,6,10,11,12,20,24,28,130,131" m="42027" machi="28" ten="30,11600,0" yaku="10,1,34,2,52,1" doraHai="21" who="1" fromWho="0" sc="168,-119,277,119,194,0,361,0" /><INIT seed="5,2,0,4,0,32" ten="49,396,194,361" oya="1" hai0="105,31,30,63,117,42,66,133,57,15,49,73,19" hai1="6,85,119,115,118,11,76,102,53,36,114,7,18" hai2="12,97,110,89,122,111,52,126,109,35,70,23,44" hai3="41,48,101,92,60,37,50,67,128,107,72,108,26"/><U69/><E69/><V91/><F122/><W95/><G72/><T3/><D117/><N who="1" m="44555" /><E53/><V62/><F35/><W54/><G108/><T20/><D133/><U104/><E36/><V121/><F126/><W106/><G128/><T45/><D73/><U113/><E102/><V0/><F121/><W22/><G37/><T14/><D105/><U87/><E104/><V33/><F33/><W38/><G38/><T130/><D130/><U78/><E18/><V116/><F70/><W100/><G41/><T93/><D3/><N who="1" m="479" /><E7/><V131/><F52/><W71/><G106/><T82/><D82/><U4/><E4/><V59/><F59/><W134/><G134/><T16/><REACH who="0" step="1"/><D93/><REACH who="0" ten="39,396,194,361" step="2"/><U96/><E96/><V9/><F97/><W61/><G107/><T27/><D27/><U75/><E75/><V68/><F116/><W24/><G92/><T124/><D124/><U77/><AGARI ba="2,1" hai="76,77,78,85,87,113,114,115" m="479,44555" machi="77" ten="40,3900,0" yaku="15,1,52,1" doraHai="32" who="1" fromWho="1" sc="39,-15,396,55,194,-15,361,-15" /><INIT seed="5,3,0,2,3,50" ten="24,451,179,346" oya="1" hai0="57,109,21,0,118,30,101,74,12,9,88,24,18" hai1="75,39,82,120,83,72,44,106,25,41,133,71,60" hai2="92,34,49,115,130,103,114,73,2,102,69,77,3" hai3="112,100,14,90,15,17,93,80,110,124,48,33,79"/><U47/><E120/><V98/><F69/><W117/><G33/><T126/><D74/><U97/><E133/><V40/><F34/><W65/><G110/><T19/><D109/><U52/><E25/><V116/><F116/><W23/><G112/><N who="2" m="43049" /><F103/><W13/><G124/><T45/><D118/><U81/><E71/><V38/><F38/><W127/><G127/><T42/><D126/><U99/><E106/><V63/><F63/><W119/><G100/><T87/><D0/><U105/><E105/><V78/><F130/><W53/><G65/><T5/><D101/><U132/><E132/><V22/><F22/><W84/><G119/><T35/><D57/><U125/><E125/><V91/><F91/><W89/><G117/><T96/><D96/><U135/><E135/><V70/><F70/><W16/><G17/><T94/><REACH who="0" step="1"/><D35/><REACH who="0" ten="14,451,179,346" step="2"/><U10/><E75/><V66/><F2/><W1/><G1/><T58/><D58/><U8/><E72/><V37/><F3/><W31/><G31/><T68/><D68/><U131/><E131/><V104/><F98/><W4/><G4/><T51/><AGARI ba="3,1" hai="5,9,12,18,19,21,24,30,42,45,51,87,88,94" machi="51" ten="20,8000,1" yaku="1,1,0,1,7,1,8,1,54,1,53,0" doraHai="50" doraHaiUra="62" who="0" fromWho="0" sc="14,99,451,-43,179,-23,346,-23" /><INIT seed="6,0,0,4,0,135" ten="113,408,156,323" oya="2" hai0="121,7,130,129,47,23,122,1,44,22,65,115,3" hai1="90,54,48,40,43,118,124,128,10,112,106,103,61" hai2="11,111,105,127,26,92,84,132,46,52,96,39,0" hai3="8,57,21,34,78,28,13,86,93,56,60,66,73"/><V14/><F0/><N who="0" m="74" /><D65/><U58/><E118/><V63/><F132/><W80/><G34/><T134/><D134/><U4/><E124/><V119/><F127/><W104/><G104/><T35/><D35/><U100/><E112/><V133/><F119/><W88/><G28/><T91/><D91/><U32/><E128/><N who="0" m="49257" /><D7/><U110/><E110/><V117/><F105/><W101/><G21/><N who="0" m="7691" /><D115/><U59/><E32/><V62/><F117/><W64/><G101/><N who="1" m="38986" /><E90/><V102/><F111/><W109/><G109/><T31/><D31/><U71/><E71/><V68/><F68/><W5/><G66/><T116/><D116/><U107/><E107/><V16/><F133/><W72/><REACH who="3" step="1"/><G57/><REACH who="3" ten="113,408,156,313" step="2"/><T89/><D89/><U95/><E106/><V81/><F26/><W30/><G30/><T69/><D69/><U18/><E59/><V53/><F102/><W50/><G50/><T51/><D51/><U37/><E48/><V83/><F63/><W77/><G77/><T9/><D9/><U94/><E37/><V99/><F39/><W113/><G113/><T108/><D108/><U123/><E10/><V38/><F38/><W126/><G126/><T67/><D67/><U27/><E58/><V2/><F62/><W98/><AGARI ba="0,1" hai="5,8,13,56,60,64,72,73,78,80,86,88,93,98" machi="98" ten="20,5200,0" yaku="1,1,0,1,7,1,54,1,53,0" doraHai="135" doraHaiUra="33" who="3" fromWho="3" sc="113,-13,408,-13,156,-26,313,62" /><INIT seed="7,0,0,1,5,59" ten="100,395,130,375" oya="3" hai0="97,12,37,122,95,88,75,21,108,126,23,107,17" hai1="30,130,90,6,41,93,121,113,102,116,24,72,63" hai2="123,19,8,35,96,29,135,57,20,4,45,3,105" hai3="92,89,115,51,54,104,69,109,99,11,76,127,48"/><W133/><G115/><T0/><D122/><U55/><E121/><V64/><F123/><W58/><G127/><T83/><D126/><U43/><E72/><V67/><F57/><W68/><G133/><T39/><D108/><U98/><E130/><V16/><F16/><W131/><G131/><T14/><D0/><U49/><E113/><V82/><F45/><W53/><G109/><T124/><D124/><U79/><E116/><V32/><F32/><W128/><G128/><T119/><D119/><U33/><E79/><V118/><F82/><W125/><G125/><T114/><D114/><U73/><E73/><V61/><F61/><W80/><G104/><T46/><D46/><U65/><E6/><V5/><F5/><W112/><G112/><T7/><D107/><U134/><E134/><V91/><F135/><W44/><REACH who="3" step="1"/><G11/><REACH who="3" ten="100,395,130,365" step="2"/><T1/><D1/><U47/><E102/><V25/><F118/><W26/><G26/><T87/><D75/><AGARI ba="0,1" hai="44,48,51,53,54,58,68,69,75,76,80,89,92,99" machi="75" ten="30,2900,0" yaku="1,1,7,1,53,0" doraHai="59" doraHaiUra="101" who="3" fromWho="0" sc="100,-29,395,0,130,0,365,39" owari="71,-42.9,395,19.5,130,-27.0,404,50.4" /></mjloggm>