<mjloggm ver="2.3"><GO type="169" lobby="0"/><UN n0="%E3%82%A2%E3%83%B3%E3%81%95%E3%82%93" n1="%E8%B5%A4%E7%BE%8E%E6%BF%83%E3%81%BE%E3%81%90%E3%82%8D" n2="%53%68%69%72%6C%65%79" n3="%E3%83%9F%E3%82%B2%E3%83%BC%E3%83%AB%E6%94%B9" dan="18,17,16,16" rate="2214.62,2221.60,2084.91,2211.48" sx="M,M,M,M"/><TAIKYOKU oya="0"/><INIT seed="0,0,0,2,5,99" ten="250,250,250,250" oya="0" hai0="9,2,83,51,38,47,50,101,95,73,70,135,113" hai1="11,109,108,94,34,55,130,43,134,20,124,123,93" hai2="122,81,63,116,121,107,76,44,18,10,52,15,45" hai3="117,26,96,127,41,39,77,57,125,17,65,30,129"/><T16/><D113/><U3/><E123/><V106/><F116/><W48/><G117/><T68/><D135/><U86/><E34/><V105/><F44/><W46/><G77/><T58/><D38/><U98/><E43/><V35/><F35/><W8/><G129/><T23/><D58/><U32/><E32/><V110/><F110/><W7/><G17/><T0/><D51/><U126/><E55/><V131/><F131/><W33/><G96/><T12/><D73/><U128/><E20/><V1/><F1/><W87/><G87/><T97/><D83/><U21/><E21/><V53/><F53/><W132/><G132/><T31/><D31/><U114/><E114/><V6/><F6/><W60/><REACH who="3" step="1"/><G39/><REACH who="3" ten="250,250,250,240" step="2"/><T89/><D89/><N who="1" m="53431" /><E134/><V112/><F112/><W64/><G64/><T80/><D80/><U118/><E118/><V49/><REACH who="2" step="1"/><F63/><REACH who="2" ten="250,250,240,240" step="2"/><W85/><G85/><AGARI ba="0,2" hai="10,15,18,45,49,52,76,81,85,105,106,107,121,122" machi="85" ten="40,5200,0" yaku="1,1,2,1,54,1,53,0" doraHai="99" doraHaiUra="133" who="2" fromWho="3" sc="250,0,250,0,240,72,240,-52" /><INIT seed="1,0,0,2,0,116" ten="250,250,312,188" oya="1" hai0="44,0,69,70,93,34,92,18,134,108,89,127,28" hai1="55,49,83,29,112,111,85,59,132,103,50,41,122" hai2="8,32,84,63,99,98,40,133,68,66,27,95,61" hai3="58,22,14,16,79,6,125,1,81,67,7,35,56"/><U77/><E112/><V15/><F133/><W129/><G35/><T60/><D108/><U38/><E111/><V4/><F40/><W11/><G129/><T43/><D0/><U25/><E132/><V80/><F63/><W94/><G125/><T90/><D134/><U113/><E113/><V36/><F36/><W114/><G114/><T42/><D34/><U124/><E124/><V39/><F39/><W74/><G67/><T64/><D28/><U21/><E103/><V5/><F5/><W24/><G7/><T72/><D72/><U102/><E102/><V13/><F13/><W30/><REACH who="3" step="1"/><G94/><REACH who="3" ten="250,250,312,178" step="2"/><T131/><D131/><U119/><E119/><V33/><F95/><W3/><G3/><T23/><D127/><U2/><E2/><V104/><F32/><W115/><G115/><T46/><D92/><U73/><E73/><V75/><F4/><W76/><G76/><T53/><D93/><U100/><E100/><V57/><F66/><W106/><G106/><T105/><D105/><U118/><E118/><V96/><F33/><W82/><G82/><T130/><D130/><U26/><E83/><V12/><F80/><W126/><G126/><T78/><D78/><U110/><E77/><V87/><F104/><W71/><G71/><T135/><D135/><U107/><E107/><V47/><F68/><W54/><G54/><T45/><D53/><U19/><E110/><V37/><F75/><W20/><AGARI ba="0,1" hai="1,6,11,14,16,20,22,24,30,56,58,74,79,81" machi="20" ten="20,5200,0" yaku="1,1,0,1,7,1,54,1,53,0" doraHai="116" doraHaiUra="128" who="3" fromWho="3" sc="250,-13,250,-26,312,-13,178,62" /><INIT seed="2,0,0,1,1,78" ten="237,224,299,240" oya="2" hai0="22,90,133,38,132,100,33,134,92,6,131,15,60" hai1="135,106,3,10,20,5,128,56,35,114,37,24,127" hai2="16,49,53,17,63,39,95,113,107,48,25,9,13" hai3="73,45,8,65,83,30,103,76,54,124,59,44,104"/><V41/><F107/><W112/><G65/><T130/><D38/><U89/><E37/><V47/><F113/><W34/><G112/><T119/><D100/><U18/><E106/><V2/><F2/><W123/><G123/><T84/><D33/><U68/><E68/><V120/><F120/><W91/><G124/><T29/><D119/><U108/><E114/><V122/><F122/><W93/><G8/><T97/><D60/><U40/><E127/><V129/><F129/><W26/><G103/><T75/><D75/><U72/><E72/><V14/><F25/><W126/><G104/><T88/><D29/><U121/><E121/><V96/><F53/><W21/><G34/><T51/><D51/><U55/><E108/><V105/><F63/><W71/><G71/><T32/><D32/><U81/><E35/><V27/><F27/><W111/><G111/><T87/><D22/><U98/><E135/><V115/><F105/><W117/><G117/><T50/><D50/><U109/><E109/><V118/><F115/><W7/><G7/><T70/><D70/><U79/><E128/><N who="0" m="49193" /><D90/><U82/><E40/><V80/><F118/><W94/><G126/><T23/><D23/><U31/><E79/><V116/><F116/><W67/><G67/><T74/><D74/><U85/><E31/><V62/><F62/><N who="3" m="36215" /><G91/><T101/><D101/><U57/><E98/><V52/><F39/><W77/><G77/><T0/><D0/><U43/><E89/><N who="2" m="55407" /><F48/><W4/><G4/><T36/><D36/><U61/><E3/><V99/><F99/><W66/><G66/><T42/><D42/><RYUUKYOKU ba="0,0" sc="237,15,224,-15,299,-15,240,15" hai0="6,15,84,87,88,92,97,132,133,134" hai3="21,26,30,44,45,73,76,83,93,94" /><INIT seed="3,1,0,2,0,135" ten="252,209,284,255" oya="3" hai0="108,3,30,36,59,64,55,92,76,42,10,113,77" hai1="115,120,67,8,58,45,5,34,41,83,79,61,86" hai2="123,20,49,47,116,99,6,78,75,37,125,133,87" hai3="32,130,70,0,57,66,74,16,9,118,38,111,65"/><W68/><G74/><T88/><D108/><U104/><E115/><V27/><F116/><W44/><G32/><T7/><D113/><U100/><E34/><V26/><F37/><W109/><G0/><T98/><D64/><N who="3" m="24681" /><G118/><T110/><D110/><N who="3" m="41993" /><G130/><T121/><D121/><U50/><E120/><V117/><F75/><W33/><G33/><T119/><D119/><U48/><E104/><V129/><F129/><W80/><G80/><T21/><D42/><U131/><E131/><V71/><F123/><W1/><G1/><T107/><D107/><U106/><E106/><V60/><F117/><W94/><G94/><T93/><D92/><U91/><E100/><V2/><F2/><W73/><G73/><T14/><D36/><U122/><E122/><V62/><F133/><W134/><G134/><T72/><D72/><U54/><E91/><V63/><F78/><W46/><G57/><T126/><D77/><U4/><REACH who="1" step="1"/><E8/><REACH who="1" ten="252,199,284,255" step="2"/><V53/><F20/><W29/><G29/><T84/><D76/><U28/><E28/><V25/><F71/><AGARI ba="1,1" hai="4,5,41,45,48,50,54,58,61,67,71,79,83,86" machi="71" ten="30,2000,0" yaku="1,1,7,1,53,0" doraHai="135" doraHaiUra="132" who="1" fromWho="2" sc="252,0,199,33,284,-23,255,0" /><INIT seed="4,0,0,5,2,17" ten="252,232,261,255" oya="0" hai0="88,87,111,19,101,70,129,132,83,112,3,89,10" hai1="6,1,8,127,29,22,38,128,63,91,37,120,9" hai2="33,113,68,100,12,125,121,74,14,119,51,48,45" hai3="47,81,49,44,60,102,118,39,84,69,26,76,5"/><T95/><D112/><U65/><E120/><V126/><F121/><W82/><G118/><T32/><D129/><U130/><E91/><V75/><F33/><W80/><G39/><T54/><D132/><U97/><E97/><V122/><F122/><W108/><G44/><T15/><D111/><U53/><E53/><V85/><F68/><W27/><G108/><T134/><D134/><U2/><E127/><V18/><F100/><W99/><G5/><T59/><D32/><U57/><E8/><V71/><F71/><W24/><G60/><T135/><D70/><U13/><E2/><V115/><F85/><W46/><G46/><T40/><D3/><U72/><E72/><V90/><F90/><W36/><G36/><T77/><D40/><U58/><E58/><V56/><F56/><W67/><G67/><T30/><D30/><U43/><E43/><V110/><F45/><W42/><REACH who="3" step="1"/><G69/><REACH who="3" ten="252,232,261,245" step="2"/><T107/><D135/><U52/><E65/><V92/><F110/><W105/><AGARI ba="0,1" hai="24,26,27,42,47,49,76,80,81,82,84,99,102,105" machi="105" ten="30,12000,2" yaku="1,1,2,1,0,1,53,3" doraHai="17" doraHaiUra="78" who="3" fromWho="3" sc="252,-60,232,-30,261,-30,245,130" /><INIT seed="5,0,0,4,2,63" ten="192,202,231,375" oya="1" hai0="113,127,98,51,96,43,130,72,102,14,69,27,4" hai1="97,80,23,57,79,12,40,122,41,18,11,116,21" hai2="17,118,88,16,67,37,85,135,6,49,126,61,8" hai3="100,20,33,90,55,3,74,75,13,15,134,28,52"/><U77/><E116/><V1/><F37/><W107/><G3/><T84/><D72/><U38/><E122/><V82/><F118/><W112/><G33/><T46/><D113/><U42/><E38/><V2/><F135/><W86/><G134/><T105/><D127/><U26/><E23/><V89/><F126/><W81/><G112/><T119/><D130/><U123/><E123/><V93/><F49/><W99/><G75/><T56/><D69/><U66/><E97/><V60/><F1/><W65/><G74/><T5/><D119/><U104/><E104/><V129/><F129/><W9/><G13/><T25/><D96/><U92/><E92/><V29/><F29/><W132/><G132/><T62/><D84/><U19/><REACH who="1" step="1"/><E80/><REACH who="1" ten="192,192,231,375" step="2"/><V125/><F125/><W7/><G20/><T59/><D105/><U30/><E30/><V73/><F82/><W91/><G28/><T121/><D121/><U32/><E32/><V54/><F93/><W110/><G107/><T103/><D98/><U70/><E70/><V87/><F8/><W34/><G99/><T35/><D35/><U95/><E95/><V53/><F2/><W124/><G9/><T24/><D103/><U115/><E115/><V120/><F120/><W78/><G34/><T83/><D83/><U64/><E64/><V0/><F0/><W109/><G100/><T71/><D102/><U48/><E48/><V50/><F50/><W94/><G81/><T58/><REACH who="0" step="1"/><D14/><REACH who="0" ten="182,192,231,375" step="2"/><U39/><E39/><V44/><F73/><W131/><G15/><T45/><D45/><U111/><E111/><V68/><F44/><RYUUKYOKU ba="0,2" sc="182,15,192,15,231,-15,375,-15" hai0="4,5,24,25,27,43,46,51,56,58,59,62,71" hai1="11,12,18,19,21,26,40,41,42,57,66,77,79" /><INIT seed="5,1,2,5,0,41" ten="197,207,216,360" oya="1" hai0="116,21,74,121,133,35,36,88,47,132,25,117,16" hai1="66,69,68,93,8,11,100,113,85,5,135,111,115" hai2="83,2,27,26,82,49,102,29,53,33,72,76,9" hai3="4,56,15,108,77,23,44,20,10,39,48,78,46"/><U131/><E131/><V79/><F102/><W103/><G108/><T97/><D74/><U107/><E107/><V106/><F106/><W17/><G39/><T91/><D35/><U31/><E31/><V90/><F90/><N who="0" m="34346" /><D97/><N who="1" m="59439" /><E85/><V129/><F129/><W127/><G103/><T58/><D58/><U73/><E73/><V64/><F64/><W38/><G38/><T75/><D75/><U50/><E111/><V120/><F120/><W94/><G94/><T126/><D121/><U30/><E30/><V89/><F89/><W101/><G101/><T59/><D59/><U55/><E66/><V96/><F96/><W134/><G134/><N who="0" m="51819" /><D126/><U105/><E105/><V18/><F33/><W52/><G127/><T122/><D122/><U80/><E80/><V57/><F29/><W34/><G34/><T24/><D25/><U37/><E37/><V98/><F98/><W70/><G70/><T63/><D63/><U86/><E86/><V61/><F61/><W65/><G65/><T60/><D60/><U43/><E43/><AGARI ba="1,2" hai="16,21,24,36,43,47,116,117" m="51819,34346" machi="43" ten="30,7700,0" yaku="20,1,52,1,54,2" doraHai="41" who="0" fromWho="1" sc="197,100,207,-80,216,0,360,0" /><INIT seed="6,0,0,2,0,34" ten="297,127,216,360" oya="2" hai0="113,64,44,101,62,133,87,52,95,15,50,91,65" hai1="27,114,88,47,19,29,103,51,10,11,104,94,33" hai2="77,83,37,36,22,3,69,118,59,2,18,97,53" hai3="100,30,35,111,130,43,89,102,75,57,13,71,67"/><V68/><F118/><W23/><G111/><T127/><D113/><U76/><E114/><V28/><F28/><W74/><G71/><T129/><D129/><U84/><E76/><V16/><F69/><W61/><G35/><T128/><D128/><U135/><E135/><V17/><F68/><W115/><G130/><T131/><D131/><U12/><E104/><V80/><F97/><W55/><G115/><T85/><D127/><U134/><E134/><V8/><F22/><W0/><G0/><T96/><D133/><U7/><E103/><V109/><F109/><W122/><G122/><T42/><D85/><U4/><REACH who="1" step="1"/><E11/><REACH who="1" ten="297,117,216,360" step="2"/><V81/><F77/><W126/><G102/><T116/><D116/><U60/><E60/><V125/><F125/><W31/><G61/><T6/><D62/><U39/><E39/><V106/><F106/><W93/><G100/><T108/><D108/><U63/><E63/><V121/><F121/><W105/><G105/><T99/><D101/><U38/><E38/><V132/><F132/><W54/><G67/><T110/><D110/><U86/><E86/><V14/><F37/><W120/><G126/><T26/><D65/><U66/><E66/><V49/><REACH who="2" step="1"/><F36/><REACH who="2" ten="297,117,206,360" step="2"/><W1/><G120/><T107/><D107/><U98/><E98/><V24/><F24/><W5/><G74/><T40/><D64/><U32/><E32/><V48/><F48/><W90/><G75/><T79/><D26/><U78/><E78/><V46/><F46/><W73/><G73/><T70/><D70/><U20/><E20/><V72/><F72/><W124/><G23/><RYUUKYOKU ba="0,2" sc="297,-15,117,15,206,15,360,-15" hai1="4,7,10,12,19,27,29,33,47,51,84,88,94" hai2="2,3,8,14,16,17,18,49,53,59,80,81,83" /><INIT seed="6,1,2,1,4,44" ten="282,132,221,345" oya="2" hai0="21,85,49,5,119,11,83,128,32,47,122,130,52" hai1="100,46,54,3,106,16,37,61,81,114,18,15,117" hai2="29,40,134,99,59,132,39,9,80,111,8,30,66" hai3="93,120,127,19,53,75,89,60,51,79,107,38,109"/><V90/><F111/><W6/><G109/><T73/><D122/><U45/><E3/><V92/><F80/><W71/><G120/><T57/><D32/><U65/><E114/><V84/><F84/><W121/><G107/><T69/><D69/><U129/><E117/><V28/><F39/><W33/><G33/><T116/><D21/><U58/><E129/><N who="0" m="49769" /><D57/><U94/><E106/><V112/><F40/><W14/><G38/><T7/><D73/><U123/><E123/><V43/><F43/><W135/><G121/><T2/><D5/><U115/><E115/><V64/><F112/><W126/><G6/><T42/><D42/><U74/><E37/><V50/><F8/><W98/><G60/><T62/><D62/><U35/><E35/><V76/><F9/><W77/><G71/><T23/><D23/><U4/><E74/><V78/><F132/><W63/><G63/><T95/><D95/><U41/><E41/><V34/><F134/><W26/><G26/><T22/><D22/><U103/><E81/><V70/><F70/><W86/><G75/><T27/><D27/><U56/><E4/><V133/><F34/><W131/><G135/><T125/><D125/><N who="3" m="47625" /><G131/><T24/><D24/><U0/><E0/><V20/><F20/><N who="3" m="11383" /><G98/><T1/><D1/><U82/><E82/><V67/><F133/><W17/><G17/><N who="1" m="6762" /><E15/><V110/><F110/><W25/><G25/><T68/><D68/><U55/><E94/><V91/><F92/><W105/><G105/><T10/><D10/><U31/><E31/><V72/><F72/><W104/><G104/><T88/><AGARI ba="1,2" hai="2,7,11,47,49,52,83,85,88,116,119" m="49769" machi="88" ten="30,8000,1" yaku="5,1,19,1,52,1,54,2" doraHai="44" who="0" fromWho="0" sc="282,103,132,-21,221,-41,345,-21" /><INIT seed="7,0,0,4,5,5" ten="385,111,180,324" oya="3" hai0="61,40,1,30,108,48,103,98,69,3,68,57,44" hai1="41,78,21,12,112,119,6,92,25,11,42,110,81" hai2="99,124,95,135,79,90,121,47,37,125,96,63,91" hai3="82,130,70,38,55,114,32,16,116,29,64,102,60"/><W89/><G116/><T65/><D108/><U46/><E112/><V101/><F135/><W15/><G38/><T76/><D76/><U14/><E110/><V134/><F134/><W54/><G114/><T80/><D80/><U28/><E119/><V24/><F121/><W56/><G130/><T8/><D30/><U19/><E92/><N who="2" m="58503" /><F79/><W9/><G102/><T73/><D73/><U13/><E46/><V74/><F74/><W88/><G82/><T45/><D45/><U58/><E58/><V117/><F117/><W107/><G107/><T129/><D129/><U66/><E66/><V49/><F24/><W59/><G29/><T20/><D20/><U71/><E71/><V75/><F75/><W2/><G2/><T53/><D8/><U27/><E27/><V22/><F22/><W4/><G4/><T133/><D68/><U109/><E109/><V23/><F23/><W127/><G32/><T87/><D87/><U111/><E111/><V35/><F63/><W31/><G31/><T39/><D133/><U17/><E17/><V7/><F7/><W122/><G122/><T10/><D10/><U51/><E51/><V36/><F90/><W106/><G106/><AGARI ba="0,0" hai="1,3,39,40,44,48,53,57,61,65,69,98,103,106" machi="106" ten="30,3900,0" yaku="7,1,24,2" doraHai="5" who="0" fromWho="3" sc="385,39,111,0,180,0,324,-39" owari="424,52.4,111,-38.9,180,-22.0,285,8.5" /></mjloggm>