<mjloggm ver="2.3"><GO type="169" lobby="0"/><UN n0="%62%6F%79%61%74%65%74%75" n1="%E3%81%99%E3%81%84%E3%81%A1%E3%82%83%E3%82%93%E5%A4%A7%E5%A5%BD%E3%81%8D" n2="%E4%BA%8C%E6%8A%9E%E4%BA%BA" n3="%64%69%76%61" dan="17,16,16,16" rate="2181.02,2114.68,2028.82,2050.02" sx="M,M,F,M"/><TAIKYOKU oya="0"/><INIT seed="0,0,0,4,5,46" ten="250,250,250,250" oya="0" hai0="126,107,21,130,35,102,50,109,60,39,6,54,114" hai1="103,94,89,115,123,96,69,82,11,9,62,61,86" hai2="112,20,97,104,119,87,93,12,90,118,38,3,36" hai3="73,56,110,19,74,134,49,121,18,127,23,43,78"/><T40/><D114/><U117/><E123/><V37/><F3/><W77/><G121/><T135/><D35/><U101/><E117/><N who="2" m="44555" /><F112/><W5/><G134/><T15/><D135/><U57/><E115/><V0/><F0/><W128/><G128/><T16/><D130/><U13/><E69/><V100/><F20/><W72/><G5/><T124/><D109/><U28/><E28/><V45/><F12/><W24/><G110/><T29/><D29/><U122/><E122/><V120/><F120/><W111/><G111/><T59/><D6/><U99/><E13/><V26/><F26/><W7/><G127/><N who="0" m="48683" /><D102/><U65/><REACH who="1" step="1"/><E62/><REACH who="1" ten="250,240,250,250" step="2"/><V17/><F17/><W106/><G7/><T81/><D107/><AGARI ba="0,1" hai="9,11,57,61,65,82,86,89,94,96,99,101,103,107" machi="107" ten="30,8000,1" yaku="1,1,2,1,7,1,53,2" doraHai="46" doraHaiUra="92" who="1" fromWho="0" sc="250,-80,240,90,250,0,250,0" /><INIT seed="1,0,0,2,2,132" ten="170,330,250,250" oya="1" hai0="90,29,12,111,116,61,45,5,62,120,93,24,34" hai1="118,59,74,37,25,49,115,0,104,109,31,8,27" hai2="64,11,127,2,15,83,129,99,125,17,3,26,65" hai3="123,10,66,14,33,84,101,119,122,68,7,52,131"/><U128/><E115/><V23/><F129/><W107/><G131/><T47/><D116/><U18/><E118/><V92/><F83/><W70/><G119/><T86/><D111/><U1/><E37/><V41/><F41/><W60/><G33/><T75/><D75/><U87/><E74/><V77/><F77/><W51/><G70/><T134/><D134/><U133/><E104/><V42/><F42/><W110/><G110/><T21/><D120/><U69/><E69/><V108/><F108/><W19/><G84/><T126/><D126/><N who="2" m="48138" /><F2/><W112/><G112/><T63/><D34/><U4/><E1/><V53/><F53/><W40/><G40/><T56/><D56/><U124/><E0/><V48/><F48/><W73/><G73/><T28/><D28/><U13/><E128/><V89/><F3/><W102/><G7/><AGARI ba="0,0" hai="7,11,15,17,23,26,64,65,89,92,99" m="48138" machi="7" ten="30,7700,0" yaku="18,1,52,3" doraHai="132" who="2" fromWho="3" sc="170,0,330,0,250,77,250,-77" /><INIT seed="2,0,0,1,5,65" ten="170,330,327,173" oya="2" hai0="32,115,12,125,19,57,90,50,95,113,107,42,61" hai1="43,126,114,118,51,16,37,70,10,29,31,56,96" hai2="8,41,110,91,121,39,97,17,92,120,111,25,49" hai3="47,73,106,48,7,38,75,67,85,81,40,66,105"/><V132/><F39/><W79/><G67/><T108/><D107/><U13/><E118/><V62/><F132/><W82/><G38/><T4/><D32/><U36/><E114/><V20/><F8/><W33/><G33/><T80/><D4/><U18/><E126/><V123/><F41/><W76/><G85/><T60/><D125/><U128/><E128/><V86/><F49/><W27/><G27/><T15/><D80/><U23/><E70/><V103/><REACH who="2" step="1"/><F62/><REACH who="2" ten="170,330,317,173" step="2"/><W44/><G44/><T101/><D60/><U129/><E36/><V130/><F130/><W2/><G66/><T116/><D113/><U63/><E129/><V21/><F21/><W78/><G48/><T1/><D115/><U34/><E37/><V117/><F117/><W52/><G47/><T28/><D61/><U5/><E34/><V84/><F84/><W58/><G40/><T0/><D42/><U9/><E43/><V6/><F6/><W24/><G7/><T30/><D50/><U112/><E51/><V88/><F88/><W55/><G73/><T124/><D90/><U131/><E112/><V98/><F98/><W122/><G75/><T45/><D116/><U59/><E131/><V134/><F134/><W46/><G46/><T102/><D124/><U89/><E96/><V64/><F64/><W119/><G119/><T71/><D45/><U100/><E89/><V14/><F14/><W127/><G127/><T109/><D15/><N who="1" m="5551" /><E63/><V35/><F35/><W87/><G55/><T135/><D135/><U68/><E13/><V83/><AGARI ba="0,1" hai="17,20,25,83,86,91,92,97,103,110,111,120,121,123" machi="83" ten="40,7800,0" yaku="1,1,0,1,53,1" doraHai="65" doraHaiUra="77" who="2" fromWho="2" sc="170,-26,330,-26,317,88,173,-26" /><INIT seed="2,1,0,3,5,46" ten="144,304,405,147" oya="2" hai0="33,67,68,115,21,29,5,54,101,103,53,133,116" hai1="52,107,28,18,0,100,44,106,63,87,8,82,123" hai2="37,62,25,129,74,114,30,131,31,2,35,57,10" hai3="73,108,55,102,42,90,15,71,122,58,84,91,4"/><V79/><F114/><W38/><G122/><T121/><D115/><U81/><E123/><V130/><F37/><W124/><G73/><T60/><D121/><U23/><E82/><V112/><F112/><W89/><G124/><T99/><D133/><U72/><E72/><V127/><F127/><W77/><G71/><T113/><D103/><U50/><E100/><V49/><F31/><W19/><G108/><T98/><D98/><U51/><E63/><V7/><F79/><W80/><G102/><T83/><D116/><U132/><E132/><V111/><F74/><W118/><G118/><T26/><D113/><U22/><E0/><V86/><F86/><W41/><G4/><T32/><D5/><U110/><E110/><V40/><F111/><W20/><REACH who="3" step="1"/><G38/><REACH who="3" ten="144,304,405,137" step="2"/><T119/><D119/><U104/><E104/><V66/><REACH who="2" step="1"/><F130/><REACH who="2" ten="144,304,395,137" step="2"/><W64/><G64/><T36/><D36/><U11/><E106/><V88/><F88/><W69/><G69/><T16/><D68/><U135/><E107/><V125/><F125/><W17/><G17/><T48/><D67/><U27/><E135/><V120/><F120/><W96/><G96/><T1/><D99/><U97/><E97/><V47/><AGARI ba="1,2" hai="2,7,10,25,30,35,40,47,49,57,62,66,129,131" machi="47" ten="30,11700,0" yaku="1,1,0,1,52,1,53,1" doraHai="46" doraHaiUra="43" who="2" fromWho="2" sc="144,-40,304,-40,395,140,137,-40" /><INIT seed="2,2,0,5,3,12" ten="104,264,535,97" oya="2" hai0="104,14,97,99,44,33,123,42,82,80,39,57,47" hai1="49,60,16,56,107,115,69,22,45,129,62,88,100" hai2="55,79,5,84,121,59,120,86,108,48,25,133,74" hai3="96,53,58,113,32,124,43,85,132,127,30,109,68"/><V116/><F116/><W71/><G32/><T38/><D33/><U19/><E115/><V90/><F74/><W111/><G30/><T67/><D123/><U2/><E129/><V126/><F126/><N who="3" m="48171" /><G96/><T89/><D67/><U17/><E2/><V46/><F133/><W70/><G85/><T36/><D57/><U13/><E107/><V31/><F108/><N who="3" m="41547" /><G113/><T51/><D99/><U66/><E100/><V37/><F5/><W72/><G72/><T81/><D104/><U20/><E20/><V11/><F11/><W93/><G93/><T65/><D65/><U28/><E28/><V87/><F79/><W75/><G75/><T106/><D106/><U9/><E22/><V64/><F90/><W29/><G29/><T102/><D102/><U94/><E69/><V77/><F77/><W35/><G35/><T15/><D47/><U7/><E60/><V8/><F8/><W61/><G43/><T103/><D103/><U101/><E101/><V24/><F31/><W117/><G117/><T122/><D122/><U105/><E105/><V135/><F121/><W110/><N who="3" m="41555" /><W23/><DORA hai="34" /><G23/><T112/><D112/><U98/><E7/><V4/><F4/><W76/><G76/><T78/><D78/><U73/><E73/><V125/><F120/><W18/><G18/><T6/><D6/><U40/><AGARI ba="2,0" hai="9,13,16,17,19,40,45,49,56,62,66,88,94,98" machi="40" ten="20,16000,3" yaku="0,1,7,1,8,1,52,3,54,2" doraHai="12,34" who="1" fromWho="1" sc="104,-42,264,166,535,-82,97,-42" /><INIT seed="3,0,0,1,5,117" ten="62,430,453,55" oya="3" hai0="85,37,129,4,59,71,12,8,122,135,2,26,62" hai1="65,47,31,41,125,120,133,132,49,5,91,16,115" hai2="55,13,102,110,52,101,87,90,39,18,3,106,83" hai3="33,116,97,21,51,95,103,127,66,112,108,28,29"/><W30/><G112/><T6/><D129/><U96/><E115/><V98/><F3/><W17/><G116/><T118/><D118/><U32/><E125/><V92/><F39/><W107/><G127/><T128/><D71/><U104/><E65/><V58/><F110/><W81/><G108/><T86/><D37/><U10/><E120/><V44/><F44/><W84/><G107/><T119/><D119/><U130/><E130/><V15/><F15/><W121/><G121/><T63/><D26/><U111/><E111/><V79/><F58/><W42/><G66/><T94/><D135/><U20/><E32/><V11/><REACH who="2" step="1"/><F102/><REACH who="2" ten="62,430,443,55" step="2"/><W22/><G33/><T24/><D2/><U27/><E132/><V19/><F19/><W68/><G68/><T60/><D59/><U100/><E133/><V14/><F14/><W114/><G114/><T113/><D113/><U35/><E5/><V124/><F124/><W77/><REACH who="3" step="1"/><G17/><REACH who="3" ten="62,430,443,45" step="2"/><T69/><D128/><U48/><E35/><V54/><F54/><W67/><G67/><T70/><D70/><U50/><E16/><V82/><F82/><W75/><G75/><AGARI ba="0,2" hai="11,13,18,52,55,75,79,83,87,90,92,98,101,106" machi="75" ten="30,12000,2" yaku="1,1,7,1,24,2,54,1,53,1" doraHai="117" doraHaiUra="7" who="2" fromWho="3" sc="62,0,430,0,443,140,45,-120" owari="62,-33.8,430,23.0,583,68.3,-75,-57.5" /></mjloggm>