<mjloggm ver="2.3"><GO type="169" lobby="0"/><UN n0="%E8%88%B9%E8%B6%8A%E8%8B%B1%E4%B8%80%E9%83%8E" n1="%E7%9A%AE%E3%80%85" n2="%E4%B8%80%E8%93%AE%E5%B3%BB%E6%BD%A4" n3="%E6%8C%91%E6%88%A6%E8%80%85%EF%BC%81" dan="17,16,17,17" rate="2147.67,2171.38,2202.94,2190.08" sx="M,M,M,M"/><TAIKYOKU oya="0"/><INIT seed="0,0,0,3,3,2" ten="250,250,250,250" oya="0" hai0="11,99,75,23,130,109,95,22,111,27,53,5,74" hai1="10,84,26,124,135,98,81,40,32,16,80,33,114" hai2="126,92,134,8,19,37,122,56,71,67,131,78,15" hai3="3,125,85,68,89,29,13,65,117,107,57,73,25"/><T36/><D36/><U121/><E121/><V102/><F122/><W83/><G117/><T17/><D130/><U127/><E135/><V62/><F134/><W94/><G3/><T46/><D23/><N who="1" m="13671" /><E40/><V97/><F126/><N who="1" m="48169" /><E114/><V115/><F115/><W18/><G107/><T103/><D46/><U118/><E118/><V41/><F131/><W82/><G68/><T113/><D53/><U39/><E39/><V14/><F37/><W28/><G73/><T21/><D21/><U6/><E98/><V0/><F41/><W63/><G125/><T47/><D47/><U38/><E38/><V112/><F112/><W50/><G50/><T101/><D101/><U91/><E80/><V132/><F132/><W106/><G106/><T96/><D96/><U43/><E43/><V55/><F102/><W70/><G70/><T7/><D113/><U4/><E10/><V108/><F97/><W35/><REACH who="3" step="1"/><G29/><REACH who="3" ten="250,250,250,240" step="2"/><N who="0" m="17655" /><D75/><U90/><E90/><V49/><F71/><W100/><G100/><T1/><D74/><U20/><E20/><AGARI ba="0,1" hai="13,18,20,25,28,35,57,63,65,82,83,85,89,94" machi="20" ten="30,3900,0" yaku="1,1,7,1,53,1" doraHai="2" doraHaiUra="86" who="3" fromWho="1" sc="250,0,250,-39,250,0,240,49" /><INIT seed="1,0,0,4,5,8" ten="250,211,250,289" oya="1" hai0="82,35,10,109,84,22,34,43,37,102,99,67,118" hai1="41,111,28,23,24,12,71,79,56,15,130,13,115" hai2="6,66,104,101,54,4,116,98,36,112,47,29,96" hai3="108,30,59,86,103,113,88,72,132,19,135,1,119"/><U42/><E115/><V39/><F116/><W69/><G113/><T3/><D118/><U83/><E71/><V20/><F66/><W114/><G114/><T93/><D109/><U40/><E130/><V44/><F112/><W97/><G119/><T120/><D120/><U50/><E111/><V126/><F126/><W87/><G72/><T48/><D37/><U81/><E79/><V89/><F29/><W76/><G69/><T16/><D67/><U74/><E74/><V75/><F75/><W17/><G1/><T2/><D43/><U106/><E106/><V25/><F89/><W91/><G30/><T27/><D48/><U107/><E107/><V18/><F98/><W95/><G76/><T33/><REACH who="0" step="1"/><D10/><REACH who="0" ten="240,211,250,289" step="2"/><U21/><E21/><V90/><F39/><W58/><G108/><T5/><D5/><U73/><E73/><V122/><F36/><W131/><G131/><T128/><D128/><U65/><E65/><V129/><F4/><W26/><G135/><T85/><D85/><U14/><N who="1" m="3072" /><DORA hai="53" /><U57/><E50/><V0/><F6/><W110/><G132/><T62/><D62/><U94/><E94/><V51/><F129/><W92/><G110/><T123/><D123/><U125/><E125/><V49/><F122/><W31/><G87/><T64/><D64/><U133/><E133/><V105/><F105/><W117/><G117/><T134/><D134/><U63/><E63/><V100/><F104/><W60/><G60/><T55/><D55/><U68/><E68/><V7/><F7/><W78/><G95/><T124/><D124/><U46/><E46/><RYUUKYOKU ba="0,1" sc="240,15,211,15,250,-15,289,-15" hai0="2,3,16,22,27,33,34,35,82,84,93,99,102" hai1="23,24,28,40,41,42,56,57,81,83" /><INIT seed="1,1,1,0,3,122" ten="255,226,235,274" oya="1" hai0="131,96,115,112,132,107,81,21,25,8,106,76,16" hai1="109,13,126,2,73,84,11,62,26,69,54,55,7" hai2="45,95,36,68,15,47,129,110,59,79,43,66,94" hai3="32,41,90,88,119,77,3,128,72,49,24,6,9"/><U99/><E73/><V1/><F1/><W108/><G119/><T61/><D131/><U30/><E126/><V125/><F129/><W27/><G128/><T60/><D132/><U53/><E2/><V51/><F79/><W102/><G102/><T116/><D116/><U46/><E99/><V104/><F104/><W22/><G32/><T124/><D124/><U89/><E109/><V20/><F68/><W92/><G108/><T85/><D106/><U4/><E4/><V23/><F125/><W67/><G67/><T127/><D127/><U71/><E46/><V135/><F135/><W34/><G34/><T100/><REACH who="0" step="1"/><D8/><REACH who="0" ten="245,226,235,274" step="2"/><U86/><E62/><AGARI ba="1,2" hai="16,21,25,60,61,62,76,81,85,96,100,107,112,115" machi="62" ten="40,5200,0" yaku="1,1,2,1,54,1,53,0" doraHai="122" doraHaiUra="130" who="0" fromWho="1" sc="245,75,226,-55,235,0,274,0" /><INIT seed="2,0,0,1,2,10" ten="320,171,235,274" oya="2" hai0="76,8,117,46,79,133,68,1,111,104,72,70,61" hai1="49,22,96,109,36,81,3,98,23,131,38,39,90" hai2="30,102,55,121,82,52,34,112,2,67,101,80,58" hai3="29,41,71,17,134,105,120,64,44,20,122,87,62"/><V13/><F121/><W27/><G105/><T37/><D79/><U6/><E109/><V47/><F2/><W73/><G73/><T56/><D104/><U100/><E131/><V83/><F112/><W59/><G134/><T0/><D111/><U113/><E113/><V88/><F30/><W18/><G87/><T69/><D133/><U108/><E108/><V75/><F34/><W130/><G130/><T4/><D117/><U28/><E3/><V25/><F25/><W118/><G118/><T115/><D1/><U11/><E11/><V15/><F75/><W63/><G17/><T33/><D33/><U84/><E6/><V123/><F123/><W103/><G103/><N who="2" m="39433" /><F88/><W42/><G42/><N who="0" m="22863" /><D56/><U16/><E28/><V12/><F47/><W91/><G91/><T43/><D43/><U114/><E114/><V21/><F21/><W7/><G7/><T65/><D115/><U14/><E23/><V93/><F93/><W40/><G40/><T60/><D60/><AGARI ba="0,0" hai="12,13,15,52,55,58,60,67,80,82,83" m="39433" machi="60" ten="40,12000,1" yaku="8,1,52,3,54,1" doraHai="10" who="2" fromWho="0" sc="320,-120,171,0,235,120,274,0" /><INIT seed="2,1,0,4,0,84" ten="200,171,355,274" oya="2" hai0="0,99,66,87,124,45,19,2,89,20,35,77,125" hai1="80,128,8,71,50,9,126,79,34,118,73,131,3" hai2="119,11,133,105,86,112,17,85,107,53,1,135,121" hai3="92,15,68,40,113,110,57,63,49,22,62,48,51"/><V109/><F53/><W116/><G116/><T28/><D66/><U55/><E118/><V120/><F119/><W13/><G110/><T123/><D123/><N who="2" m="47178" /><F17/><W72/><G72/><T100/><D77/><U104/><E104/><N who="2" m="40011" /><F11/><W36/><G113/><T67/><D67/><U102/><E71/><V30/><F30/><W70/><G92/><N who="0" m="58471" /><D35/><U130/><E34/><V39/><F39/><W47/><G22/><T69/><D28/><U127/><E102/><V94/><F1/><W37/><G13/><N who="0" m="9327" /><D69/><N who="3" m="26729" /><G15/><T24/><D24/><U58/><REACH who="1" step="1"/><E3/><REACH who="1" ten="200,161,355,274" step="2"/><V111/><F112/><W76/><G76/><T97/><D2/><U26/><E26/><V82/><F111/><W46/><G57/><T75/><D0/><U32/><E32/><V122/><F109/><W61/><G36/><T31/><D125/><AGARI ba="1,1" hai="8,9,50,55,58,73,79,80,125,126,127,128,130,131" machi="125" ten="50,6400,0" yaku="1,1,18,1,19,1,53,0" doraHai="84" doraHaiUra="91" who="1" fromWho="0" sc="200,-67,161,77,355,0,274,0" /><INIT seed="3,0,0,0,1,66" ten="133,238,355,274" oya="3" hai0="84,35,28,67,21,63,73,92,102,10,51,97,64" hai1="15,42,101,25,60,130,30,65,16,104,58,11,5" hai2="37,34,17,36,47,83,54,72,56,39,31,108,71" hai3="116,89,114,76,107,29,46,49,120,14,123,44,68"/><W2/><G2/><T57/><D73/><U78/><E130/><V33/><F17/><W126/><G114/><T45/><D35/><U127/><E127/><V20/><F20/><W93/><G116/><T132/><D132/><U129/><E129/><V122/><F83/><W23/><G107/><T7/><D67/><U41/><E78/><V6/><F6/><W100/><G100/><T119/><D119/><U85/><E85/><V124/><F31/><W121/><G76/><T109/><D109/><U79/><E79/><V50/><F33/><W112/><G112/><T125/><D125/><U115/><E115/><V8/><F8/><W43/><G126/><T40/><D84/><U19/><E104/><V1/><F34/><W128/><G128/><T74/><D74/><U133/><E101/><V106/><F1/><W3/><G3/><T32/><D32/><U90/><E90/><V87/><F87/><W117/><G117/><T62/><D62/><U131/><E133/><V88/><F88/><W18/><G29/><T27/><D10/><U86/><E86/><V26/><F72/><W80/><G80/><T135/><D135/><U53/><E65/><V94/><F94/><W77/><G77/><T75/><D75/><U111/><E131/><V24/><F106/><W95/><G68/><T70/><D7/><U81/><E81/><V91/><F124/><W0/><G0/><T12/><D12/><U38/><E111/><V110/><F110/><W4/><G4/><T103/><REACH who="0" step="1"/><D102/><REACH who="0" ten="123,238,355,274" step="2"/><U61/><E61/><N who="2" m="35991" /><F108/><W9/><G9/><T22/><D22/><N who="1" m="15671" /><E38/><V13/><F36/><RYUUKYOKU ba="0,1" sc="123,15,238,15,355,-15,274,-15" hai0="21,27,28,40,45,51,57,63,64,70,92,97,103" hai1="5,11,15,16,19,41,42,53,58,60" /><INIT seed="4,1,1,1,4,109" ten="138,253,340,259" oya="0" hai0="33,126,89,32,122,64,9,49,98,13,94,21,31" hai1="23,29,46,130,79,78,63,24,91,74,100,45,112" hai2="59,105,41,127,116,4,69,62,38,30,71,92,113" hai3="57,55,35,102,73,84,106,52,134,56,125,107,16"/><T99/><D122/><U26/><E130/><V28/><F105/><W51/><G73/><T1/><D126/><U135/><E135/><V118/><F4/><W5/><G35/><T34/><D64/><U104/><E74/><V70/><F92/><W96/><G134/><T81/><D81/><U82/><E104/><V17/><F17/><W80/><G125/><T42/><D42/><U77/><E100/><V27/><F127/><W103/><G5/><T120/><D120/><U6/><E6/><V61/><F27/><W14/><G106/><T72/><D72/><U39/><E39/><V37/><F41/><W18/><G103/><T121/><D49/><U88/><E112/><V25/><F25/><W97/><G97/><T65/><D65/><U8/><E8/><V60/><F59/><W36/><G14/><T0/><D121/><U2/><E2/><V128/><F113/><W58/><G36/><N who="2" m="13929" /><F128/><W12/><G12/><T131/><D131/><U10/><E10/><V117/><AGARI ba="1,1" hai="28,30,60,61,62,69,70,71,116,117,118" m="13929" machi="117" ten="50,8000,1" yaku="29,2,28,2,12,1" doraHai="109" who="2" fromWho="2" sc="138,-41,253,-21,340,93,259,-21" /><INIT seed="5,0,0,2,2,72" ten="97,232,433,238" oya="1" hai0="76,113,78,71,102,117,33,124,13,34,75,26,91" hai1="87,105,89,49,41,60,37,109,67,129,92,19,85" hai2="97,88,36,77,12,40,83,68,44,111,118,20,46" hai3="104,17,125,112,43,96,42,130,31,22,108,11,57"/><U4/><E105/><V10/><F111/><W80/><G108/><T39/><D117/><U21/><E109/><V15/><F68/><W8/><G31/><T135/><D71/><U25/><E129/><V126/><F126/><W1/><G130/><T24/><D39/><U79/><E37/><V3/><F118/><W23/><G57/><T127/><D75/><U106/><E106/><V120/><F120/><W74/><G1/><T114/><D102/><U56/><E4/><N who="2" m="1311" /><F20/><W69/><G69/><T103/><D103/><U45/><REACH who="1" step="1"/><E79/><REACH who="1" ten="97,222,433,238" step="2"/><N who="0" m="30249" /><D135/><U6/><E6/><V59/><F77/><W55/><G104/><T122/><D122/><U86/><AGARI ba="0,1" hai="19,21,25,41,45,49,56,60,67,85,86,87,89,92" machi="86" ten="20,7800,0" yaku="1,1,0,1,7,1,8,1,53,0" doraHai="72" doraHaiUra="64" who="1" fromWho="1" sc="97,-26,222,88,433,-26,238,-26" /><INIT seed="5,1,0,0,3,48" ten="71,310,407,212" oya="1" hai0="64,122,21,18,41,96,9,106,116,0,109,8,5" hai1="77,47,26,59,36,35,75,86,121,34,15,134,108" hai2="118,78,17,73,119,20,12,132,81,105,14,123,74" hai3="4,43,45,113,25,50,99,40,6,91,30,103,131"/><U110/><E121/><V54/><F123/><W69/><G69/><T112/><D122/><U98/><E134/><V101/><F132/><W56/><G113/><T37/><D116/><U10/><E75/><V127/><F74/><W93/><G131/><T31/><D109/><N who="1" m="42091" /><E98/><V135/><F135/><W85/><G56/><T11/><D64/><U58/><E36/><V82/><F82/><W130/><G43/><T89/><D41/><U55/><E47/><V61/><F127/><W51/><G51/><T124/><D37/><U126/><E126/><V128/><F128/><W79/><G79/><T87/><D112/><U68/><E68/><V70/><F101/><W114/><G114/><T102/><D124/><U22/><E58/><V60/><F105/><W80/><G130/><T3/><D3/><U49/><E86/><V117/><F70/><W52/><REACH who="3" step="1"/><G40/><REACH who="3" ten="71,310,407,202" step="2"/><T33/><D89/><U90/><E90/><V67/><F119/><W94/><G94/><T38/><D38/><U76/><E76/><V32/><F118/><W62/><G62/><T84/><D84/><U13/><E77/><V53/><F61/><W28/><G28/><T100/><D87/><U66/><E66/><V65/><F117/><W1/><G1/><T2/><D2/><U24/><E24/><V120/><F120/><W95/><G95/><T71/><D71/><U83/><E83/><V88/><F67/><W57/><G57/><T16/><D0/><U133/><E133/><V92/><F65/><W63/><G63/><T39/><D39/><U19/><E26/><N who="2" m="14607" /><F78/><W104/><G104/><T72/><D106/><RYUUKYOKU ba="1,1" sc="71,-15,310,15,407,-15,202,15" hai1="10,13,15,19,22,34,35,49,55,59" hai3="4,6,25,30,45,50,52,80,85,91,93,99,103" /><INIT seed="5,2,1,4,3,32" ten="56,325,392,217" oya="1" hai0="74,130,88,103,111,23,96,59,22,56,95,126,43" hai1="60,97,39,105,47,2,44,92,122,41,11,62,71" hai2="134,110,81,37,12,10,70,46,55,26,5,42,106" hai3="91,14,90,69,33,58,87,82,67,85,79,19,28"/><U53/><E122/><V35/><F110/><W31/><G69/><T135/><D111/><U30/><E105/><V8/><F70/><W80/><G33/><T50/><D126/><U9/><E30/><V57/><F134/><W102/><G102/><T61/><D130/><U131/><E131/><V51/><F106/><W16/><G79/><T73/><D135/><U17/><E17/><V18/><F81/><W98/><G98/><T36/><D36/><U48/><E71/><V89/><F89/><W72/><G72/><T20/><D73/><U7/><REACH who="1" step="1"/><E11/><REACH who="1" ten="56,315,392,217" step="2"/><V65/><F10/><W34/><G34/><T4/><D74/><U124/><E124/><V15/><F35/><W119/><G19/><T21/><N who="0" m="5120" /><DORA hai="3" /><T112/><D112/><U38/><E38/><V94/><F26/><W107/><G107/><T25/><D25/><U86/><E86/><V128/><F128/><W125/><G125/><T114/><D114/><U129/><E129/><V123/><F123/><W68/><G68/><T0/><D103/><AGARI ba="2,2" hai="2,7,9,39,41,44,47,48,53,60,62,92,97,103" machi="103" ten="30,11600,0" yaku="1,1,7,1,52,2,53,0" doraHai="32,3" doraHaiUra="24,113" who="1" fromWho="0" sc="56,-122,315,142,392,0,217,0" owari="-66,-56.6,457,55.7,392,19.2,217,-18.3" /></mjloggm>