<mjloggm ver="2.3"><GO type="169" lobby="0"/><UN n0="%E8%90%BD%E3%81%AE%E5%8D%83%E7%A7%8B" n1="%79%61%6E%72%6F%75" n2="%E3%81%88%E3%81%84%E3%81%8D%E3%81%A1%40%35%6D%66" n3="%57%49%4E%44%59%58%58" dan="17,16,17,17" rate="2142.23,2173.49,2212.05,2139.57" sx="F,M,M,M"/><TAIKYOKU oya="0"/><INIT seed="0,0,0,2,0,79" ten="250,250,250,250" oya="0" hai0="50,85,28,26,10,130,25,84,9,42,101,45,124" hai1="30,14,88,51,32,19,47,7,6,117,87,66,72" hai2="104,114,36,105,43,56,83,77,5,78,46,97,67" hai3="49,62,100,126,122,40,3,132,127,102,107,13,2"/><T70/><D130/><U74/><E117/><V131/><F114/><W123/><G132/><T39/><D70/><U1/><E66/><V81/><F131/><W135/><G135/><T103/><D124/><N who="3" m="47657" /><G13/><T29/><D39/><U93/><E32/><V108/><F108/><W41/><G62/><T82/><D50/><U55/><E30/><V63/><F5/><W54/><G54/><T60/><D45/><U99/><E1/><N who="3" m="10" /><G49/><T96/><D96/><U120/><E120/><N who="3" m="46122" /><G107/><T34/><D42/><AGARI ba="0,0" hai="40,41,42,100,102" m="46122,10,47657" machi="42" ten="40,8000,1" yaku="28,2,18,1,13,1" doraHai="79" who="3" fromWho="0" sc="250,-80,250,0,250,0,250,80" /><INIT seed="1,0,0,0,0,37" ten="170,250,250,330" oya="1" hai0="24,123,58,50,82,107,7,125,3,97,114,131,120" hai1="76,77,102,126,60,72,71,26,46,56,73,68,52" hai2="78,103,98,122,112,101,40,5,133,117,100,19,81" hai3="62,65,66,119,44,9,130,94,80,75,109,110,31"/><U30/><E126/><V57/><F117/><W108/><G119/><T21/><D114/><U84/><E102/><V89/><F122/><W6/><G130/><T32/><D32/><U10/><E76/><V18/><F112/><W1/><G31/><T86/><D131/><U17/><E84/><V29/><F133/><W104/><G104/><T106/><D125/><U99/><E99/><V53/><F29/><W39/><G62/><T38/><D38/><U115/><E115/><V16/><F5/><W25/><G25/><T95/><D7/><U28/><E28/><V134/><F134/><W13/><G94/><T132/><D3/><U67/><E71/><V2/><F2/><W85/><G13/><T43/><D132/><U96/><E96/><V129/><F40/><N who="3" m="22559" /><G75/><T42/><D107/><U34/><E46/><V36/><F36/><W74/><G74/><T118/><D106/><U87/><E87/><N who="2" m="48567" /><F129/><W45/><G45/><T11/><D118/><U127/><E77/><AGARI ba="0,0" hai="1,6,9,65,66,77,80,85,108,109,110" m="22559" machi="77" ten="30,2000,0" yaku="14,1,52,1" doraHai="37" who="3" fromWho="1" sc="170,0,250,-20,250,0,330,20" /><INIT seed="2,0,0,4,2,23" ten="170,230,250,350" oya="2" hai0="41,10,87,74,99,135,73,22,95,20,86,29,111" hai1="107,65,54,127,67,39,122,131,128,103,18,123,50" hai2="4,98,40,100,47,82,26,31,105,56,88,60,75" hai3="6,70,21,34,8,78,97,132,36,58,16,93,101"/><V59/><F4/><W106/><G70/><T48/><D111/><U53/><E107/><V51/><F60/><W76/><G34/><T133/><D10/><U3/><E103/><V120/><F120/><N who="1" m="46121" /><E3/><V92/><F75/><W38/><G132/><T37/><D37/><U72/><E18/><V42/><F42/><W118/><G118/><T113/><D113/><U43/><E72/><V96/><REACH who="2" step="1"/><F82/><REACH who="2" ten="170,230,240,350" step="2"/><W27/><G36/><T30/><D41/><U89/><E39/><V63/><F63/><W94/><G38/><T112/><D74/><U117/><E117/><V85/><F85/><W62/><G76/><T19/><D73/><U66/><E127/><V11/><F11/><W84/><G78/><T2/><D87/><U12/><E43/><V110/><F110/><W108/><G108/><T71/><D86/><U1/><E50/><V125/><F125/><W80/><G80/><T116/><D48/><U55/><E1/><V115/><F115/><W119/><G84/><T104/><D2/><U5/><E5/><V114/><F114/><W17/><G119/><T14/><D112/><U57/><E57/><V44/><F44/><W124/><G124/><T0/><D116/><U90/><E12/><V7/><F7/><W68/><G6/><T126/><D0/><U69/><E69/><V13/><F13/><W102/><G68/><T61/><D71/><U46/><E46/><V15/><F15/><W52/><G8/><N who="0" m="6599" /><D126/><U35/><E35/><AGARI ba="0,1" hai="26,31,35,40,47,51,56,59,88,92,96,98,100,105" machi="35" ten="30,11600,0" yaku="1,1,7,1,52,1,54,1,53,0" doraHai="23" doraHaiUra="9" who="2" fromWho="1" sc="170,0,230,-116,240,126,350,0" /><INIT seed="2,1,0,1,4,85" ten="170,114,366,350" oya="2" hai0="56,133,120,12,117,25,135,72,21,36,73,49,55" hai1="45,111,66,60,74,18,125,110,83,109,80,24,106" hai2="48,30,22,9,131,53,4,115,88,118,107,97,52" hai3="57,43,54,19,29,59,105,23,79,34,77,17,122"/><V0/><F115/><W82/><G122/><T114/><D114/><U92/><E106/><V69/><F118/><W58/><G105/><T130/><D36/><U10/><E125/><V14/><F69/><W20/><G34/><T99/><D120/><U78/><E45/><V70/><F70/><W33/><G33/><T76/><D130/><U128/><E128/><V35/><F131/><W94/><G43/><T61/><D12/><U26/><E80/><V63/><F63/><W3/><G3/><T116/><D76/><N who="3" m="29257" /><G82/><T65/><D99/><U112/><E112/><V71/><F71/><W108/><G108/><T129/><D129/><U5/><E18/><N who="3" m="6666" /><G94/><T31/><D73/><U119/><E119/><N who="0" m="45641" /><D72/><U15/><REACH who="1" step="1"/><E92/><REACH who="1" ten="170,104,366,350" step="2"/><N who="2" m="56455" /><F107/><W132/><G132/><T90/><D133/><U37/><E37/><V102/><F30/><W98/><G29/><T42/><D135/><U47/><E47/><V96/><F4/><W6/><G6/><T38/><D38/><U40/><E40/><V100/><F35/><W28/><G28/><T113/><D42/><U27/><E27/><V50/><F0/><W2/><G2/><T46/><D113/><U13/><E13/><V7/><F7/><W87/><G23/><T51/><D21/><U103/><E103/><V104/><F22/><W8/><G20/><T11/><D25/><U93/><E93/><N who="2" m="58383" /><F102/><W84/><G8/><T86/><D31/><U81/><E81/><V121/><F104/><W32/><G32/><T95/><D11/><U41/><E41/><V123/><F121/><W44/><G44/><T75/><D75/><U126/><E126/><RYUUKYOKU ba="1,1" sc="170,15,104,15,366,-15,350,-15" hai0="46,49,51,55,56,61,65,86,90,95" hai1="5,10,15,24,26,60,66,74,78,83,109,110,111" /><INIT seed="3,2,1,3,5,99" ten="185,119,351,335" oya="3" hai0="134,10,98,23,42,103,125,97,123,9,133,48,76" hai1="75,107,13,55,26,112,20,1,89,100,63,59,91" hai2="35,34,31,113,30,19,81,68,7,43,61,6,132" hai3="37,51,90,47,116,126,56,27,124,60,3,78,45"/><W86/><G116/><T28/><D76/><U8/><E1/><V131/><F43/><W69/><G3/><T111/><D123/><U104/><E112/><V96/><F81/><W46/><G78/><T80/><D80/><U53/><E75/><V64/><F113/><W106/><G106/><T33/><D33/><U22/><E22/><V32/><F131/><W65/><G27/><N who="0" m="16511" /><D98/><U71/><E71/><V14/><F132/><N who="0" m="50794" /><D111/><U120/><E120/><V127/><F127/><N who="3" m="48683" /><G37/><T54/><D42/><U21/><E21/><V85/><F85/><W105/><G105/><N who="0" m="63727" /><D125/><U67/><E107/><V101/><F31/><W135/><G135/><T110/><D110/><U0/><E100/><V119/><F30/><W114/><G114/><T15/><D15/><U44/><E0/><V40/><F40/><N who="3" m="24999" /><G69/><T49/><D49/><N who="1" m="28839" /><E104/><V82/><F119/><W83/><AGARI ba="2,1" hai="46,47,56,60,65,83,86,90" m="24999,48683" machi="83" ten="30,1500,0" yaku="18,1" doraHai="99" who="3" fromWho="3" sc="185,-7,119,-7,351,-7,335,31" /><INIT seed="3,3,0,2,4,115" ten="178,112,344,366" oya="3" hai0="29,84,128,78,133,88,110,67,105,126,64,95,33" hai1="83,69,3,6,117,4,98,120,71,132,60,113,21" hai2="38,99,1,34,108,109,17,12,119,97,135,53,123" hai3="106,55,75,94,81,76,62,86,70,42,45,47,103"/><W129/><G129/><T122/><D105/><U16/><E113/><V41/><F1/><W22/><G106/><T30/><D122/><U66/><E120/><V9/><F123/><W100/><G100/><T26/><D128/><U116/><E71/><V72/><F72/><W46/><G22/><T118/><D110/><N who="2" m="42602" /><F34/><W11/><G11/><T80/><D133/><U39/><E39/><V28/><F28/><W14/><G14/><T127/><D30/><U82/><E132/><V54/><F135/><W19/><G19/><T52/><D118/><N who="1" m="45675" /><E98/><N who="2" m="37387" /><F119/><W32/><G32/><T59/><D126/><U57/><E69/><V27/><F27/><W114/><G114/><T23/><D33/><U101/><E101/><V58/><F58/><W107/><G107/><T36/><D36/><U74/><E74/><V43/><F38/><W48/><G70/><T65/><D127/><U131/><E131/><V8/><F8/><W87/><G75/><T2/><D2/><U35/><E35/><V121/><F121/><W73/><G73/><T92/><REACH who="0" step="1"/><D78/><REACH who="0" ten="168,112,344,366" step="2"/><U50/><E3/><V91/><F91/><N who="3" m="53623" /><G103/><T20/><D20/><U40/><E82/><V77/><F77/><W124/><G124/><T102/><D102/><U31/><E83/><V15/><F15/><W130/><G130/><T63/><AGARI ba="3,1" hai="23,26,29,52,59,63,64,65,67,80,84,88,92,95" machi="63" ten="30,8000,1" yaku="1,1,0,1,8,1,54,2,53,0" doraHai="115" doraHaiUra="96" who="0" fromWho="0" sc="168,99,112,-23,344,-23,366,-43" /><INIT seed="4,0,0,1,4,114" ten="267,89,321,323" oya="0" hai0="44,56,26,2,50,70,62,120,73,111,127,27,77" hai1="84,33,37,68,97,38,60,96,131,87,28,133,61" hai2="123,113,29,81,106,57,129,65,100,119,25,24,101" hai3="55,80,75,109,128,15,110,92,10,30,39,95,36"/><T17/><D120/><U5/><E131/><V93/><F123/><W125/><G128/><T66/><D111/><U104/><E5/><V46/><F129/><W53/><G125/><T82/><D127/><U35/><E28/><V41/><F106/><W99/><G30/><T18/><D2/><U40/><E40/><V135/><F113/><W124/><G124/><T103/><D70/><U48/><E68/><V88/><F81/><W45/><G80/><T64/><D64/><U13/><E13/><V105/><F105/><W0/><G75/><T59/><D59/><U108/><E104/><V42/><F135/><W83/><G83/><T20/><D103/><N who="2" m="39498" /><F119/><W130/><G0/><T43/><D17/><U74/><E48/><N who="2" m="26703" /><F42/><W58/><G130/><T1/><REACH who="0" step="1"/><D1/><REACH who="0" ten="257,89,321,323" step="2"/><U8/><E108/><V126/><F126/><W14/><G109/><T71/><D71/><U72/><E133/><V122/><F122/><W118/><G110/><T47/><D47/><U102/><E102/><V98/><F29/><W9/><G45/><T116/><D116/><U49/><E37/><V67/><F67/><W85/><G58/><T132/><D132/><U54/><E38/><V86/><F98/><W90/><G99/><T121/><D121/><U6/><E97/><V34/><F34/><W16/><G118/><T23/><D23/><U19/><E96/><V52/><F65/><W31/><G31/><T107/><D107/><U7/><E35/><V4/><F4/><N who="3" m="3367" /><G39/><T63/><D63/><AGARI ba="0,1" hai="24,25,52,57,63,86,88,93" m="26703,39498" machi="63" ten="30,3900,0" yaku="8,1,54,2" doraHai="114" who="2" fromWho="0" sc="257,-39,89,0,321,49,323,0" /><INIT seed="5,0,0,4,4,32" ten="218,89,370,323" oya="1" hai0="98,75,86,59,74,65,56,105,26,7,61,63,5" hai1="66,68,45,69,70,82,49,89,67,31,73,33,17" hai2="10,50,53,95,42,83,2,3,80,107,130,21,35" hai3="84,27,79,34,100,43,8,9,133,101,62,22,121"/><U87/><E73/><V39/><F35/><W96/><G121/><T48/><D86/><U135/><E135/><V78/><F107/><W41/><G34/><T118/><D48/><U20/><E31/><V14/><F130/><W115/><G115/><T24/><D105/><U54/><REACH who="1" step="1"/><E33/><REACH who="1" ten="218,79,370,323" step="2"/><V134/><F134/><W11/><G133/><T77/><D118/><U36/><E36/><V90/><F39/><W116/><G116/><T47/><D75/><U44/><E44/><V57/><F42/><W23/><G43/><T94/><D47/><U97/><E97/><V29/><F29/><W46/><G96/><T128/><D74/><U125/><E125/><V37/><F37/><W19/><G46/><T1/><D128/><U129/><E129/><V126/><F126/><W18/><G41/><T88/><D77/><U12/><AGARI ba="0,1" hai="12,17,20,45,49,54,66,67,68,69,70,82,87,89" machi="12" ten="30,3000,0" yaku="1,1,0,1,53,0" doraHai="32" doraHaiUra="122" who="1" fromWho="1" sc="218,-10,79,40,370,-10,323,-10" /><INIT seed="5,1,0,3,5,16" ten="208,119,360,313" oya="1" hai0="107,132,109,81,119,76,70,99,14,94,80,64,51" hai1="122,17,38,85,56,110,67,128,68,25,79,49,57" hai2="5,127,92,88,31,15,28,42,39,30,121,84,82" hai3="91,37,47,65,50,103,124,62,72,12,20,61,129"/><U33/><E122/><V123/><F127/><W2/><G2/><T36/><D36/><U120/><E120/><V108/><F108/><W55/><G72/><T32/><D119/><U41/><E110/><V73/><F39/><W6/><G124/><T134/><D107/><U95/><E38/><V130/><F130/><W3/><G37/><T78/><D32/><U58/><E128/><V115/><F115/><W101/><G129/><T111/><D51/><U114/><E114/><V13/><F42/><W135/><G135/><N who="0" m="51755" /><D14/><U106/><E106/><V63/><F63/><W66/><G3/><T53/><D53/><U10/><E33/><V24/><F15/><W54/><G54/><T26/><D26/><U8/><E68/><V131/><F131/><W21/><G91/><N who="0" m="55775" /><D64/><N who="3" m="24681" /><G61/><T89/><D89/><N who="1" m="53679" /><E79/><N who="0" m="30249" /><D70/><U96/><E96/><V45/><F121/><W11/><G62/><T60/><D60/><U59/><E67/><V74/><F123/><W75/><G75/><T105/><D105/><U118/><E118/><V86/><F74/><W90/><G90/><T19/><D19/><U4/><E4/><V18/><F5/><W46/><G46/><T87/><D87/><U23/><N who="1" m="14336" /><DORA hai="43" /><U7/><E7/><V77/><F45/><AGARI ba="1,0" hai="8,10,17,23,25,41,45,49" m="14336,53679" machi="45" ten="40,7700,0" yaku="8,1,52,2" doraHai="16,43" who="1" fromWho="2" sc="208,0,119,80,360,-80,313,0" /><INIT seed="5,2,0,3,3,111" ten="208,199,280,313" oya="1" hai0="98,39,128,123,135,6,45,59,5,124,86,99,4" hai1="20,108,95,70,90,129,132,127,16,60,105,35,112" hai2="31,8,30,92,130,2,134,66,73,88,72,28,17" hai3="113,51,61,3,14,120,24,125,131,81,89,41,104"/><U26/><E108/><V64/><F130/><W77/><G3/><T71/><D71/><U46/><E129/><V116/><F116/><W47/><G120/><T12/><D123/><U38/><E127/><V102/><F102/><W100/><G125/><T55/><D135/><U44/><E132/><V97/><F134/><W63/><G131/><T96/><D124/><U58/><E70/><V91/><F91/><W0/><G0/><T48/><D128/><U106/><E35/><V27/><F27/><W109/><G109/><T103/><D86/><U18/><E112/><V121/><F121/><W83/><G113/><T107/><D39/><U78/><E78/><V33/><F33/><W118/><G100/><T67/><D107/><U34/><E34/><V74/><REACH who="2" step="1"/><F17/><REACH who="2" ten="208,199,270,313" step="2"/><W69/><G118/><T22/><D103/><U133/><E18/><V76/><F76/><W50/><G24/><T32/><D32/><U110/><E133/><V114/><F114/><W93/><G77/><T80/><D80/><U25/><E26/><V42/><F42/><W9/><G81/><T101/><D101/><U126/><E110/><V36/><F36/><W11/><G83/><T21/><D12/><U119/><E38/><V10/><F10/><W15/><G104/><N who="1" m="40042" /><E126/><V68/><F68/><W75/><G9/><T49/><D67/><N who="1" m="39319" /><E119/><V57/><F57/><W79/><G79/><T53/><AGARI ba="2,1" hai="4,5,6,21,22,45,48,49,53,55,59,96,98,99" machi="53" ten="40,2700,0" yaku="0,1,8,1" doraHai="111" who="0" fromWho="0" sc="208,43,199,-15,270,-9,313,-9" /><INIT seed="6,0,0,0,2,26" ten="251,184,261,304" oya="2" hai0="38,108,28,132,89,79,15,90,37,17,47,80,93" hai1="95,52,101,35,123,116,130,109,134,120,74,24,125" hai2="39,22,65,48,66,91,71,13,67,111,97,99,1" hai3="3,32,82,54,107,14,5,7,70,78,31,98,8"/><V73/><F39/><W81/><G5/><T29/><D108/><U118/><E74/><V96/><F1/><W23/><G54/><T62/><D132/><U58/><E109/><V40/><F111/><W60/><G78/><T46/><D38/><U110/><E110/><V114/><F73/><W128/><G128/><T124/><D124/><U117/><E125/><V51/><F71/><W84/><G84/><N who="0" m="48159" /><D62/><U41/><E41/><V63/><F114/><W30/><G30/><N who="0" m="11883" /><D37/><U131/><E24/><V21/><F63/><W11/><G60/><T2/><D2/><U10/><E35/><V127/><F127/><W36/><G36/><T20/><D90/><U113/><E113/><V12/><F91/><W104/><G104/><T0/><D0/><U129/><E134/><V75/><F75/><W42/><G70/><T50/><D50/><N who="2" m="18986" /><F40/><W86/><G42/><T106/><D106/><U87/><E52/><V57/><F57/><W27/><G107/><T44/><D44/><U102/><E58/><V45/><F45/><W69/><G69/><T34/><D34/><U115/><E115/><V76/><F76/><W18/><G98/><AGARI ba="0,0" hai="15,17,20,46,47,89,93,98" m="11883,48159" machi="98" ten="30,7700,0" yaku="8,1,52,3" doraHai="26" who="0" fromWho="3" sc="251,77,184,0,261,0,304,-77" /><INIT seed="7,0,0,4,4,71" ten="328,184,261,227" oya="3" hai0="56,78,92,41,5,68,115,7,76,86,95,14,22" hai1="84,62,25,97,29,94,133,127,46,111,123,45,74" hai2="118,106,130,73,39,32,83,64,70,37,53,90,116" hai3="6,125,87,0,43,72,48,67,77,61,101,12,52"/><W2/><G72/><T36/><D68/><U28/><E111/><V23/><F23/><W108/><G108/><T27/><D36/><N who="2" m="13898" /><F53/><W11/><G125/><T98/><D41/><U109/><E109/><V34/><F90/><W103/><G43/><T114/><D56/><U30/><E123/><V96/><F130/><W63/><G0/><T49/><D49/><U121/><E121/><V35/><F96/><W65/><G2/><T33/><D33/><U82/><E127/><V120/><F106/><W80/><G65/><T117/><D117/><U42/><E74/><V20/><F20/><W54/><G54/><T51/><D51/><U100/><E133/><V93/><F93/><W9/><G9/><T18/><D92/><U3/><E3/><V129/><F129/><W112/><G112/><N who="0" m="43051" /><D86/><U24/><E62/><N who="3" m="23562" /><G67/><T88/><D5/><U122/><E122/><V58/><F58/><AGARI ba="0,0" hai="6,11,12,48,52,58,77,80,87,101,103" m="23562" machi="58" ten="30,2900,0" yaku="8,1,54,1" doraHai="71" who="3" fromWho="2" sc="328,0,184,0,261,-29,227,29" /><INIT seed="7,1,0,1,0,11" ten="328,184,232,256" oya="3" hai0="59,82,13,85,43,93,21,122,87,26,14,123,125" hai1="121,92,124,113,115,86,47,29,128,109,9,39,42" hai2="10,110,130,58,3,15,4,117,70,83,108,67,98" hai3="12,69,48,129,76,66,23,45,111,78,91,64,34"/><W79/><G34/><T8/><D125/><U38/><E121/><V89/><F117/><W61/><G129/><T73/><D73/><U7/><E128/><V30/><F70/><W133/><G133/><T65/><D43/><U6/><E124/><V35/><F130/><W105/><G105/><T51/><D8/><U131/><E131/><V63/><F30/><W104/><G104/><T44/><D123/><U24/><E109/><V75/><F35/><W68/><G111/><T114/><D114/><U46/><E86/><N who="0" m="32777" /><D93/><U33/><E92/><V36/><F36/><W96/><G96/><T32/><D82/><U62/><E62/><V41/><F41/><W52/><G91/><T103/><D103/><U71/><E71/><V118/><F3/><W18/><G76/><T81/><D81/><U22/><E22/><V134/><F134/><W40/><G40/><N who="0" m="24967" /><D32/><U31/><E42/><V116/><F116/><W126/><G126/><T132/><D132/><U2/><E33/><V106/><F118/><W80/><G80/><T37/><D37/><U119/><E119/><V50/><F50/><W102/><G102/><T99/><D99/><U56/><E9/><V127/><F127/><W72/><G72/><T27/><D27/><U88/><E24/><V100/><F89/><W135/><G135/><T16/><D122/><U84/><E84/><V49/><F49/><W107/><G107/><T90/><D90/><U101/><E88/><V77/><AGARI ba="1,0" hai="4,10,15,58,63,67,75,77,83,98,100,106,108,110" machi="77" ten="30,2000,0" yaku="0,1,52,1" doraHai="11" who="2" fromWho="2" sc="328,-6,184,-6,232,23,256,-11" owari="322,42.2,178,-32.2,255,5.5,245,-15.5" /></mjloggm>