<mjloggm ver="2.3"><GO type="169" lobby="0"/><UN n0="%4D%41%43%4F%54%4F" n1="%E3%81%AF%E3%81%9F%E3%82%86%E3%81%86" n2="%E3%82%80%E3%81%97%E6%AD%AF" n3="%E3%81%AE%E3%81%AF%E3%81%A3%E3%81%A1" dan="16,16,17,17" rate="2064.10,2138.94,2174.69,2201.25" sx="F,M,M,M"/><TAIKYOKU oya="0"/><INIT seed="0,0,0,4,3,128" ten="250,250,250,250" oya="0" hai0="32,116,51,40,78,61,28,41,12,89,39,23,34" hai1="131,125,60,71,93,95,20,62,36,56,52,53,82" hai2="114,96,5,27,49,133,94,119,124,132,106,84,13" hai3="92,59,3,35,121,2,73,19,70,67,68,47,58"/><T46/><D116/><U44/><E131/><V45/><F114/><W30/><G121/><T50/><D78/><U7/><E125/><V97/><F124/><W83/><G19/><T111/><D111/><U65/><E7/><V79/><F119/><W63/><G92/><T69/><D69/><U86/><E20/><V4/><F27/><W123/><G58/><T10/><D61/><U90/><E53/><V115/><F115/><W104/><G59/><T54/><D39/><U118/><E118/><V74/><F74/><W21/><G21/><T107/><D107/><U117/><REACH who="1" step="1"/><E117/><REACH who="1" ten="250,240,250,250" step="2"/><V81/><F5/><W16/><G123/><T64/><D23/><U18/><E18/><V72/><F4/><W87/><G16/><T110/><D54/><U103/><E103/><N who="2" m="62823" /><F13/><W109/><G2/><T108/><D12/><U98/><E98/><V99/><F45/><W102/><G47/><T42/><D46/><U38/><E38/><V43/><F49/><W25/><G3/><T33/><D50/><U1/><E1/><V24/><F24/><W77/><G109/><T76/><D51/><U66/><E66/><V11/><F11/><W91/><G67/><T37/><D64/><U75/><E75/><V127/><F127/><W31/><G31/><T29/><D10/><U88/><E88/><N who="2" m="53511" /><F43/><AGARI ba="0,1" hai="36,43,44,52,56,60,62,65,71,82,86,90,93,95" machi="43" ten="40,2600,0" yaku="1,1,54,1,53,0" doraHai="128" doraHaiUra="135" who="1" fromWho="2" sc="250,0,240,36,250,-26,250,0" /><INIT seed="1,0,0,3,2,130" ten="250,276,224,250" oya="1" hai0="72,85,35,60,5,11,100,106,3,93,32,76,10" hai1="27,115,109,56,75,21,48,12,108,45,24,107,104" hai2="22,29,105,82,135,87,51,129,131,49,84,112,62" hai3="113,98,126,110,8,4,83,46,33,15,103,53,23"/><U47/><E115/><V122/><F122/><W66/><G110/><N who="1" m="42602" /><E75/><V26/><F105/><N who="1" m="40521" /><E12/><V127/><F112/><W61/><G126/><T121/><D72/><U97/><E97/><V71/><F127/><W86/><G33/><T34/><D106/><U40/><E21/><V28/><F28/><W80/><G23/><T102/><D121/><U133/><E133/><V89/><F87/><W58/><G86/><T120/><D120/><U2/><E2/><V68/><F135/><W134/><G113/><T111/><D11/><U65/><E47/><V94/><F129/><W118/><G118/><T30/><D30/><U132/><E132/><V88/><F131/><W17/><G134/><T125/><D125/><U20/><E20/><V44/><F44/><W101/><G98/><T90/><D111/><U25/><E56/><V50/><F22/><W18/><G103/><T117/><D117/><U59/><E59/><V38/><F29/><W39/><G101/><T69/><D76/><U31/><E31/><V0/><F89/><W37/><G46/><T67/><AGARI ba="0,0" hai="3,5,10,32,34,35,60,67,69,85,90,93,100,102" machi="67" ten="40,1500,0" yaku="0,1" doraHai="130" who="0" fromWho="0" sc="250,15,276,-7,224,-4,250,-4" /><INIT seed="2,0,0,3,1,67" ten="265,269,220,246" oya="2" hai0="125,80,20,107,33,53,54,55,88,47,57,134,113" hai1="74,48,100,97,66,73,118,40,51,4,14,35,95" hai2="105,101,61,23,94,31,9,25,98,117,109,19,5" hai3="83,68,131,12,62,70,2,104,69,115,91,86,0"/><V26/><F117/><W11/><G104/><T71/><D113/><U1/><E118/><V79/><F79/><W106/><G106/><T120/><D120/><U6/><E35/><V119/><F119/><W59/><G131/><T22/><D107/><U28/><E28/><V81/><F81/><W82/><G82/><T103/><D33/><U78/><E1/><V50/><F109/><W121/><G121/><T116/><D116/><U13/><E78/><V99/><F50/><W44/><G44/><T133/><D103/><U3/><E3/><V36/><F36/><W87/><G87/><N who="0" m="50279" /><D125/><U114/><E114/><V65/><F99/><W110/><G110/><T15/><D47/><U93/><E66/><V84/><F84/><W43/><G43/><T60/><D71/><U7/><E7/><V45/><F45/><W90/><G90/><T64/><D15/><U37/><E97/><V21/><F105/><W18/><REACH who="3" step="1"/><G115/><REACH who="3" ten="265,269,220,236" step="2"/><T126/><D126/><U29/><E40/><V41/><F41/><W135/><G135/><AGARI ba="0,1" hai="20,22,53,54,55,57,60,64,133,134,135" m="50279" machi="135" ten="30,2000,0" yaku="20,1,54,1" doraHai="67" who="0" fromWho="3" sc="265,30,269,0,220,0,236,-20" /><INIT seed="3,0,0,4,0,18" ten="295,269,220,216" oya="3" hai0="49,44,36,89,132,74,57,62,98,106,50,79,96" hai1="37,58,101,46,113,108,16,121,9,20,130,131,47" hai2="27,75,124,117,123,103,115,33,7,61,95,24,87" hai3="92,2,64,3,85,21,63,100,88,6,22,4,43"/><W68/><G100/><T111/><D111/><U80/><E121/><V126/><F117/><W78/><G43/><T48/><D74/><U17/><E113/><V1/><F115/><W19/><G78/><T51/><D79/><U97/><E80/><V45/><F75/><W52/><G52/><T119/><D119/><U56/><E108/><V67/><F123/><W26/><REACH who="3" step="1"/><G21/><REACH who="3" ten="295,269,220,206" step="2"/><T29/><D106/><U54/><E54/><V69/><F103/><W129/><G129/><T23/><D36/><U104/><E37/><V42/><F42/><W128/><G128/><T28/><D44/><U90/><E47/><V72/><F45/><W105/><G105/><T13/><D23/><U82/><E46/><V109/><F109/><W30/><G30/><T120/><D29/><U66/><E131/><V112/><F112/><W55/><G55/><T71/><D28/><U0/><E130/><V76/><F76/><W65/><G65/><T14/><D120/><U84/><E66/><V122/><F67/><W41/><G41/><T125/><D89/><U116/><E116/><V35/><F122/><W40/><G40/><T81/><N who="0" m="12288" /><DORA hai="38" /><T134/><D134/><U53/><E53/><V11/><F35/><W15/><G15/><T8/><D14/><U118/><E118/><V94/><F33/><W86/><G86/><T70/><D13/><N who="1" m="7215" /><E0/><AGARI ba="0,1" hai="0,2,3,4,6,19,22,26,63,64,68,85,88,92" machi="0" ten="40,7700,0" yaku="1,1,52,1,54,1,53,0" doraHai="18,38" doraHaiUra="135,102" who="3" fromWho="1" sc="295,0,269,-77,220,0,206,87" /><INIT seed="3,1,0,4,1,33" ten="295,192,220,293" oya="3" hai0="130,100,108,35,76,57,64,59,125,77,123,12,87" hai1="98,49,42,117,22,95,109,106,30,2,43,93,122" hai2="73,84,50,91,15,72,38,47,27,13,115,127,68" hai3="54,44,121,110,124,4,99,105,56,14,3,129,60"/><W126/><G121/><T75/><D123/><U8/><E122/><V113/><F38/><W71/><G14/><T88/><D35/><U36/><E36/><V133/><F68/><W29/><G29/><T24/><D108/><U46/><E109/><V65/><F65/><W37/><G110/><T17/><D130/><U70/><E70/><V134/><F27/><W128/><G99/><T55/><D75/><U61/><E61/><V39/><F39/><W51/><G105/><T103/><D24/><U16/><E30/><V19/><F127/><N who="3" m="48683" /><G3/><T101/><D64/><U94/><E43/><V26/><F26/><W6/><G6/><T120/><D59/><U63/><E63/><V28/><F28/><W118/><G4/><T114/><D114/><U104/><E117/><V20/><F13/><W83/><G83/><T86/><D86/><U45/><E45/><V97/><F97/><W107/><G107/><T53/><D53/><U116/><E116/><V18/><F18/><W85/><G85/><T132/><D132/><N who="2" m="50794" /><F73/><W1/><G1/><T66/><D66/><U25/><REACH who="1" step="1"/><E98/><REACH who="1" ten="295,182,220,293" step="2"/><V131/><F131/><W34/><G118/><T23/><D120/><U69/><E69/><V80/><F72/><W62/><G34/><T81/><D125/><U7/><AGARI ba="1,1" hai="2,7,8,16,22,25,42,46,49,93,94,95,104,106" machi="7" ten="30,7900,0" yaku="1,1,0,1,52,1,54,1,53,0" doraHai="33" doraHaiUra="48" who="1" fromWho="1" sc="295,-21,182,92,220,-21,293,-40" /><INIT seed="4,0,0,3,0,122" ten="274,274,199,253" oya="0" hai0="132,56,118,55,104,100,111,112,86,49,99,11,90" hai1="130,70,67,117,14,120,73,124,64,2,35,91,47" hai2="75,85,126,5,80,79,108,48,27,34,89,12,101" hai3="109,131,43,53,54,97,32,22,94,127,107,121,57"/><T88/><D118/><U78/><E117/><V123/><F123/><W3/><G32/><T125/><D112/><U44/><E120/><V42/><F126/><W46/><G131/><T15/><D125/><U24/><E2/><V134/><F134/><W52/><G3/><T4/><D132/><U40/><E14/><V105/><F108/><W20/><G107/><T102/><D102/><U41/><E124/><V33/><F27/><W92/><G109/><T115/><D115/><U0/><E0/><V59/><F101/><W25/><G20/><T45/><D111/><U82/><E91/><V72/><F105/><W58/><G94/><T21/><D21/><U76/><E76/><V63/><F75/><W38/><G121/><T62/><REACH who="0" step="1"/><D86/><REACH who="0" ten="264,274,199,253" step="2"/><U10/><E35/><V26/><F34/><W29/><REACH who="3" step="1"/><G127/><REACH who="3" ten="264,274,199,243" step="2"/><T114/><D114/><U65/><E130/><V31/><F33/><W66/><G66/><AGARI ba="0,2" hai="4,11,15,45,49,55,56,62,66,88,90,99,100,104" machi="66" ten="30,5800,0" yaku="1,1,7,1,54,1,53,0" doraHai="122" doraHaiUra="129" who="0" fromWho="3" sc="264,78,274,0,199,0,243,-58" /><INIT seed="4,1,0,1,1,7" ten="342,274,199,185" oya="0" hai0="79,1,87,70,57,63,134,100,4,122,12,34,99" hai1="82,110,32,91,117,25,126,132,116,31,24,55,75" hai2="58,93,38,3,103,16,67,43,115,26,54,53,42" hai3="128,13,72,96,111,127,15,5,65,90,20,62,109"/><T123/><D34/><U36/><E110/><V27/><F115/><W17/><G72/><T6/><D70/><U33/><E132/><V121/><F121/><W98/><G128/><T60/><D134/><U9/><E126/><V114/><F114/><W74/><G74/><T37/><D37/><U46/><E91/><V107/><F107/><W19/><G5/><T80/><D1/><U119/><E55/><V120/><F3/><W44/><G44/><T106/><D60/><U2/><E25/><V101/><F120/><W124/><G90/><T78/><D78/><U129/><E33/><V10/><F38/><W0/><G0/><T112/><D112/><U48/><E48/><V28/><F67/><W61/><G20/><T45/><D45/><U22/><E22/><N who="2" m="15447" /><F53/><W40/><REACH who="3" step="1"/><G65/><REACH who="3" ten="342,274,199,175" step="2"/><T66/><D4/><N who="1" m="1175" /><E129/><V102/><F27/><W88/><G88/><T14/><D14/><U21/><E21/><V50/><F93/><W105/><G105/><T8/><AGARI ba="1,1" hai="6,8,12,57,63,66,79,80,87,99,100,106,122,123" machi="8" ten="30,3000,0" yaku="0,1,52,1" doraHai="7" who="0" fromWho="0" sc="342,43,274,-11,199,-11,175,-11" /><INIT seed="4,2,0,5,4,51" ten="385,263,188,164" oya="0" hai0="23,28,60,47,92,91,40,84,43,9,133,57,129" hai1="45,102,107,82,61,33,80,30,121,119,78,41,83" hai2="116,101,1,67,117,14,54,0,126,108,75,25,68" hai3="77,56,18,122,5,62,44,109,106,63,49,2,24"/><T104/><D104/><U88/><E119/><N who="2" m="45643" /><F108/><W112/><G109/><T90/><D129/><U39/><E121/><V19/><F75/><W98/><G112/><T113/><D133/><U93/><E61/><N who="2" m="40047" /><F126/><W70/><G122/><T29/><D113/><U34/><E30/><V21/><F101/><W37/><G37/><T27/><D9/><U86/><REACH who="1" step="1"/><E78/><REACH who="1" ten="385,253,188,164" step="2"/><V7/><F54/><W4/><G77/><T74/><D29/><U46/><E46/><V58/><F58/><W31/><G44/><T123/><D47/><U120/><E120/><V95/><F95/><W12/><G31/><T89/><D123/><U131/><E131/><V64/><F64/><W65/><G65/><T94/><D57/><U72/><E72/><V52/><F52/><W10/><G56/><T96/><D74/><U42/><E42/><N who="0" m="15913" /><D60/><U6/><E6/><V115/><F115/><W132/><G4/><T103/><AGARI ba="2,1" hai="23,27,28,84,89,90,91,92,94,96,103" m="15913" machi="103" ten="30,1500,0" yaku="8,1" doraHai="51" who="0" fromWho="0" sc="385,31,253,-7,188,-7,164,-7" /><INIT seed="4,3,0,1,3,4" ten="416,246,181,157" oya="0" hai0="75,95,22,102,114,112,67,76,41,103,10,89,105" hai1="106,54,65,94,15,104,62,97,109,116,12,84,125" hai2="73,69,111,81,129,5,30,32,80,45,82,60,87" hai3="72,98,70,131,48,130,119,1,21,55,92,132,79"/><T78/><D67/><U85/><E109/><V58/><F111/><W134/><G70/><T53/><D41/><U34/><E34/><V123/><F123/><W88/><G1/><T29/><D53/><U50/><E116/><V49/><F73/><W8/><G21/><T115/><D75/><U121/><E106/><V135/><F69/><W47/><G119/><T26/><D10/><U16/><E15/><V71/><F71/><W96/><G96/><T42/><D42/><U25/><E25/><V126/><F126/><W122/><G122/><T24/><D24/><U7/><E104/><V31/><F32/><W13/><G79/><T33/><D33/><U66/><E7/><V40/><F129/><N who="3" m="49163" /><G72/><T27/><D27/><U46/><E125/><V23/><F135/><W57/><G57/><T59/><D59/><N who="1" m="37087" /><E66/><N who="2" m="39191" /><F5/><AGARI ba="3,0" hai="5,8,13,47,48,55,88,92,98,132,134" m="49163" machi="5" ten="30,3900,0" yaku="19,1,52,1,54,1" doraHai="4" who="3" fromWho="2" sc="416,0,246,0,181,-48,157,48" /><INIT seed="5,0,0,5,3,21" ten="416,246,133,205" oya="1" hai0="76,20,27,98,77,60,43,85,72,14,50,74,80" hai1="59,119,114,71,135,75,69,129,34,126,64,9,133" hai2="2,86,19,82,99,102,49,97,112,132,58,106,7" hai3="115,88,23,83,79,16,32,61,116,68,103,123,111"/><U1/><RYUUKYOKU type="yao9" ba="0,0" sc="416,0,246,0,133,0,205,0" hai1="1,9,34,59,64,69,71,75,114,119,126,129,133,135" /><INIT seed="5,1,0,1,0,107" ten="416,246,133,205" oya="1" hai0="90,92,122,93,23,83,67,16,125,8,53,94,70" hai1="126,29,127,21,98,103,41,22,82,30,49,65,85" hai2="111,7,113,105,117,55,39,62,24,0,38,133,87" hai3="60,102,134,130,31,129,28,57,36,135,1,11,37"/><U106/><E65/><V78/><F111/><W3/><G102/><T34/><D34/><U69/><E69/><V100/><F117/><W132/><G57/><T77/><D125/><N who="1" m="47627" /><E41/><V79/><F133/><W97/><G97/><T116/><D116/><U12/><E49/><V25/><F105/><W73/><G60/><T71/><D67/><U86/><E86/><V80/><F100/><W18/><G18/><T6/><D90/><N who="1" m="51511" /><E22/><V10/><F79/><W15/><G15/><N who="0" m="5527" /><D70/><U89/><E89/><V61/><F113/><W54/><G54/><T109/><D71/><U128/><E128/><N who="3" m="49258" /><G11/><T2/><D2/><N who="3" m="521" /><G73/><T35/><D109/><U118/><E118/><V63/><REACH who="2" step="1"/><F55/><REACH who="2" ten="416,246,123,205" step="2"/><W9/><G9/><T96/><D53/><U104/><E106/><V74/><F74/><W44/><G44/><T4/><D77/><U32/><E32/><V75/><F75/><W84/><G84/><T68/><D35/><U110/><E110/><V88/><F88/><W95/><G95/><T56/><D93/><U20/><E104/><V51/><F51/><W124/><G124/><T13/><D94/><U58/><E103/><V131/><F131/><W121/><G121/><T45/><D92/><U50/><E50/><V52/><F52/><W5/><G5/><T47/><D4/><U112/><E112/><V43/><F43/><W42/><G42/><T119/><D122/><U91/><E91/><V66/><F66/><W19/><G19/><T27/><D119/><U108/><E108/><V40/><F40/><W99/><G99/><T123/><D96/><U101/><E98/><V59/><F59/><RYUUKYOKU ba="1,1" sc="416,-15,246,-15,123,15,205,15" hai2="0,7,10,24,25,38,39,61,62,63,78,80,87" hai3="28,31,36,37,132,134,135" /><INIT seed="6,2,1,1,1,128" ten="401,231,138,220" oya="2" hai0="114,49,20,18,13,38,10,74,6,31,125,102,54" hai1="19,39,47,105,96,62,107,64,29,57,26,24,120" hai2="101,109,17,132,130,121,53,58,134,110,86,23,129" hai3="0,37,99,5,75,100,56,2,93,123,46,63,30"/><V1/><F1/><W85/><G123/><T9/><D38/><U126/><E126/><V97/><F86/><W65/><G75/><T103/><D114/><U25/><E120/><V51/><F121/><W43/><G5/><T11/><D74/><U116/><E116/><V89/><F89/><W55/><G85/><T72/><D72/><U92/><E19/><V8/><F8/><N who="0" m="3178" /><D31/><U91/><E107/><N who="2" m="63919" /><F23/><W113/><G113/><T34/><D34/><U3/><E3/><V119/><F17/><W21/><G55/><T22/><D125/><U16/><E105/><V112/><F112/><W71/><G71/><T52/><D52/><U95/><E95/><V60/><F51/><W83/><G83/><T104/><D104/><U131/><E131/><N who="2" m="50187" /><F119/><W44/><G44/><N who="0" m="27943" /><D22/><N who="1" m="13383" /><E39/><V4/><F4/><W7/><G7/><T79/><D79/><U118/><E118/><V84/><F84/><W45/><G45/><T106/><D106/><U69/><E69/><V73/><F73/><W66/><G66/><T117/><D117/><U61/><E47/><V48/><F48/><W133/><G0/><T35/><D35/><U94/><E62/><V80/><F80/><W59/><G2/><T28/><D6/><U78/><E78/><V33/><F33/><W124/><G124/><T81/><D81/><U90/><E29/><V76/><F76/><W82/><G82/><T70/><D70/><U135/><E64/><V68/><F68/><W111/><G30/><T50/><D50/><U12/><E61/><V87/><F87/><W67/><G67/><T88/><D88/><U32/><E91/><RYUUKYOKU ba="2,1" sc="401,15,231,-15,138,15,220,-15" hai0="11,13,18,20,28,102,103" hai2="53,58,60,109,110,132,134" /><INIT seed="6,3,1,1,5,35" ten="416,216,153,205" oya="2" hai0="106,103,67,36,66,18,96,25,133,95,102,59,17" hai1="2,45,64,34,44,21,40,14,43,116,49,89,10" hai2="52,42,127,24,50,135,27,101,1,111,51,112,84" hai3="105,46,72,68,131,54,85,19,53,91,5,63,134"/><V100/><F112/><W20/><G131/><T128/><D36/><U78/><E34/><V122/><F122/><W94/><G134/><T58/><D133/><U11/><E116/><V70/><F135/><W110/><G110/><T97/><D128/><U23/><E64/><V55/><F70/><W113/><G113/><T74/><D74/><U48/><E78/><V98/><F111/><W12/><G105/><T126/><D126/><U37/><E37/><V32/><F127/><W30/><G72/><T65/><D25/><U130/><E130/><V57/><F42/><W61/><G68/><T108/><D108/><U88/><E14/><V75/><F75/><W83/><G30/><T56/><AGARI ba="3,1" hai="17,18,56,58,59,65,66,67,95,96,97,102,103,106" machi="56" ten="30,1100,0" yaku="0,1" doraHai="35" who="0" fromWho="0" sc="416,30,216,-6,153,-8,205,-6" /><INIT seed="7,0,0,4,3,125" ten="446,210,145,199" oya="3" hai0="108,30,12,89,33,21,4,95,117,54,88,104,26" hai1="0,7,25,119,47,107,113,84,68,87,69,48,90" hai2="8,50,9,73,5,66,64,85,39,83,51,101,114" hai3="35,2,111,70,98,42,126,23,118,38,29,103,106"/><W1/><G23/><T134/><D108/><U28/><E113/><V77/><F114/><W72/><G118/><T115/><D104/><U49/><E107/><V36/><F73/><W43/><G43/><T40/><D134/><U99/><E99/><V15/><F101/><W76/><G126/><T14/><D40/><U6/><E87/><V24/><F24/><N who="3" m="18855" /><G111/><T55/><D33/><U130/><E119/><V80/><F85/><W37/><G70/><T109/><D109/><U97/><E97/><V81/><F77/><W91/><G91/><T127/><D115/><U112/><E49/><V22/><F22/><W67/><G67/><T32/><D32/><U13/><E0/><N who="3" m="106" /><G42/><T131/><D21/><U56/><E69/><V11/><F15/><W65/><G65/><T79/><D88/><U71/><E71/><V102/><F102/><W132/><G132/><T3/><D89/><U31/><E68/><V82/><F5/><W57/><G57/><T74/><D3/><U75/><E56/><V100/><F100/><W135/><G135/><T116/><D4/><U34/><E7/><V44/><N who="2" m="20480" /><DORA hai="45" /><V63/><F44/><W62/><G62/><T18/><D127/><U53/><E6/><V94/><F94/><W105/><G105/><T16/><D79/><U46/><E46/><V110/><F110/><W59/><G59/><T86/><D95/><U41/><E41/><V10/><N who="2" m="2048" /><DORA hai="129" /><V133/><F133/><W78/><G78/><T61/><D117/><U96/><E112/><V27/><F27/><W124/><G76/><T58/><D116/><U120/><E25/><RYUUKYOKU ba="0,0" sc="446,0,210,0,145,0,199,0" owari="446,54.6,210,1.0,145,-35.5,199,-20.1" /></mjloggm>