<mjloggm ver="2.3"><GO type="169" lobby="0"/><UN n0="%62%6F%79%61%74%65%74%75" n1="%43%65%6C%65%73%54%65" n2="%41%6C%6C%2D%4C%75%63%6B" n3="%E6%8C%91%E6%88%A6%E8%80%85%EF%BC%81" dan="17,16,16,17" rate="2204.43,2101.15,2137.36,2192.31" sx="M,M,M,M"/><TAIKYOKU oya="0"/><INIT seed="0,0,0,1,4,120" ten="250,250,250,250" oya="0" hai0="72,38,89,128,81,104,7,122,31,47,98,119,40" hai1="1,78,130,42,34,133,126,9,77,3,23,52,88" hai2="16,90,24,127,80,115,27,57,53,64,36,68,25" hai3="113,73,63,71,85,46,61,112,43,56,97,44,35"/><T6/><D122/><U19/><E34/><V55/><F36/><W2/><G73/><T83/><D119/><U18/><E126/><V102/><F68/><W15/><G2/><T99/><D128/><U76/><E130/><V28/><F127/><W118/><G15/><T131/><D131/><U20/><E133/><V37/><F37/><W108/><G35/><T22/><D83/><U106/><E106/><V41/><F115/><W132/><G85/><T58/><D58/><U123/><E123/><V94/><F41/><W5/><G97/><T29/><D99/><U33/><E42/><V17/><F28/><W67/><G5/><T91/><D91/><U39/><E39/><V96/><F64/><W49/><G118/><T125/><D125/><U79/><E33/><V117/><F117/><W75/><G75/><T105/><D105/><U124/><E124/><V101/><F53/><W116/><G116/><T60/><D29/><U74/><E74/><V50/><REACH who="2" step="1"/><F80/><REACH who="2" ten="250,250,240,250" step="2"/><W87/><G113/><T103/><D81/><U4/><E52/><V66/><F66/><W30/><G67/><T11/><D38/><U93/><N who="1" m="19456" /><DORA hai="70" /><U13/><E1/><V110/><F110/><W111/><G71/><T54/><D54/><U21/><REACH who="1" step="1"/><E3/><REACH who="1" ten="250,240,240,250" step="2"/><V0/><F0/><W129/><G112/><T12/><D40/><U92/><E92/><V82/><F82/><W32/><G43/><T121/><D104/><U10/><E10/><V45/><F45/><W26/><G44/><T114/><D47/><U109/><E109/><V51/><F51/><W14/><G111/><T65/><D114/><RYUUKYOKU ba="0,2" sc="250,-15,240,15,240,15,250,-15" hai1="4,9,13,18,19,20,21,23,88,93" hai2="16,17,24,25,27,50,55,57,90,94,96,101,102" /><INIT seed="1,1,2,3,5,71" ten="235,255,255,235" oya="1" hai0="26,70,110,17,109,95,14,75,126,3,124,15,96" hai1="100,55,49,38,135,125,122,111,79,66,92,12,44" hai2="50,37,91,98,5,104,7,72,97,57,46,33,10" hai3="77,58,54,63,83,76,0,134,56,117,129,62,6"/><U51/><E122/><V121/><F33/><W60/><G129/><T108/><D70/><U127/><E135/><V106/><F121/><W34/><G134/><T78/><D3/><U132/><E132/><V69/><F72/><W39/><G34/><T29/><D78/><U59/><E79/><V32/><F32/><W43/><G117/><T28/><D75/><U84/><E111/><V103/><F69/><W93/><G93/><T88/><D14/><U87/><E12/><V67/><F37/><W112/><G112/><T94/><D94/><U101/><E38/><V40/><F10/><W113/><G113/><T128/><D128/><U9/><E9/><V27/><F27/><W64/><G6/><T123/><D123/><U41/><E66/><V82/><F82/><W119/><G0/><T30/><REACH who="0" step="1"/><D26/><REACH who="0" ten="225,255,255,235" step="2"/><U65/><E92/><V8/><F104/><W45/><G119/><T73/><D73/><U21/><E125/><V81/><F81/><W18/><G18/><T11/><AGARI ba="1,3" hai="11,15,17,28,29,30,88,95,96,108,109,110,124,126" machi="11" ten="40,8000,1" yaku="1,1,0,1,14,1,54,1,53,1" doraHai="71" doraHaiUra="13" who="0" fromWho="0" sc="225,113,255,-41,255,-21,235,-21" /><INIT seed="2,0,0,2,4,51" ten="338,214,234,214" oya="2" hai0="124,109,32,97,49,123,112,117,110,9,7,52,99" hai1="121,10,19,5,107,88,101,28,64,82,36,2,50" hai2="95,37,78,65,73,91,134,53,11,24,12,120,116" hai3="34,126,22,84,81,55,63,72,54,89,70,103,6"/><V30/><F120/><W13/><G34/><T108/><D123/><U20/><E36/><V29/><F37/><W100/><G72/><T76/><D112/><U133/><E121/><V27/><F134/><W62/><G126/><T128/><D124/><U17/><E133/><V21/><F116/><W111/><G111/><T0/><D117/><U66/><E28/><V31/><F73/><W56/><G70/><T90/><D76/><U1/><E1/><V118/><F78/><W44/><G22/><T33/><D128/><U127/><E127/><V77/><F77/><W75/><G75/><T61/><D61/><U102/><E50/><V122/><F65/><W93/><G93/><N who="0" m="56503" /><D99/><U3/><E3/><V35/><F118/><W119/><G119/><T83/><D83/><U80/><E80/><V26/><F122/><W71/><G71/><T45/><AGARI ba="0,0" hai="0,7,9,32,33,45,49,52,108,109,110" m="56503" machi="45" ten="30,4000,0" yaku="14,1,52,1,54,1" doraHai="51" who="0" fromWho="0" sc="338,40,214,-10,234,-20,214,-10" /><INIT seed="3,0,0,5,1,11" ten="378,204,214,204" oya="3" hai0="34,44,50,130,114,118,116,131,123,49,132,128,98" hai1="112,17,24,101,39,100,31,37,120,90,85,20,83" hai2="96,122,106,48,92,19,86,76,59,13,88,82,43" hai3="74,69,73,30,105,53,58,27,70,113,94,54,4"/><W75/><G105/><T77/><D34/><U126/><E112/><V29/><F122/><W133/><G113/><T10/><D114/><U80/><E120/><V103/><F29/><W45/><G133/><T115/><D115/><U23/><E126/><V63/><F43/><W35/><G4/><T62/><D132/><U6/><E6/><V134/><F48/><W46/><G94/><T7/><D123/><U93/><E39/><V32/><F32/><W72/><N who="3" m="18432" /><DORA hai="51" /><W107/><G107/><T110/><D77/><U117/><E37/><V99/><F134/><W67/><G67/><T42/><D110/><U125/><E125/><V21/><F106/><W84/><G84/><T52/><D62/><U95/><E117/><V66/><REACH who="2" step="1"/><F99/><REACH who="2" ten="378,204,204,204" step="2"/><W5/><G5/><T16/><D98/><N who="1" m="59471" /><E101/><AGARI ba="0,1" hai="13,19,21,59,63,66,76,82,86,88,92,96,101,103" machi="101" ten="40,8000,1" yaku="1,1,8,1,52,1,54,1,53,0" doraHai="11,51" doraHaiUra="124,1" who="2" fromWho="1" sc="378,0,204,-80,204,90,204,0" /><INIT seed="4,0,0,4,0,31" ten="378,124,294,204" oya="0" hai0="46,37,55,5,52,48,12,83,61,42,38,68,49" hai1="94,40,87,125,132,105,54,111,101,74,34,43,8" hai2="96,13,118,28,56,114,29,1,16,64,23,95,9" hai3="131,6,15,73,127,17,120,62,89,72,122,76,53"/><T2/><D2/><U39/><E111/><V115/><F118/><W99/><G6/><T47/><D83/><U109/><E109/><V93/><F93/><W119/><G119/><T69/><D5/><U104/><E74/><V19/><F1/><W77/><G53/><T117/><D12/><U107/><E125/><V45/><F45/><W129/><G62/><T108/><D108/><U80/><E132/><V36/><F36/><N who="0" m="13930" /><D117/><U106/><N who="1" m="26624" /><DORA hai="124" /><U35/><E8/><V113/><F56/><AGARI ba="0,0" hai="42,46,47,48,49,52,55,56,61,68,69" m="13930" machi="56" ten="30,18000,2" yaku="35,5,54,1" doraHai="31,124" who="0" fromWho="2" sc="378,180,124,0,294,-180,204,0" /><INIT seed="4,1,0,4,4,19" ten="558,124,114,204" oya="0" hai0="2,95,15,126,1,43,93,14,131,89,51,96,130" hai1="67,98,106,58,55,68,114,22,125,124,61,85,75" hai2="107,52,23,30,127,105,123,40,111,110,94,70,79" hai3="56,86,60,83,28,88,102,77,3,118,7,119,78"/><T101/><D126/><N who="1" m="48747" /><E75/><V82/><F70/><W97/><G28/><T6/><D43/><U24/><E85/><V115/><F123/><W37/><G37/><T31/><D51/><N who="1" m="31103" /><E114/><V16/><F30/><W44/><G44/><T84/><D31/><N who="1" m="17815" /><E98/><V34/><F40/><W80/><G7/><T64/><D64/><U135/><E106/><V74/><F115/><W63/><G3/><T76/><D76/><U10/><E10/><V46/><F34/><W103/><G60/><T11/><REACH who="0" step="1"/><D1/><REACH who="0" ten="548,124,114,204" step="2"/><U112/><E112/><V57/><F127/><W41/><G41/><T116/><D116/><U87/><E87/><V5/><F74/><W36/><G36/><T66/><D66/><U50/><E50/><V21/><F79/><W65/><G119/><T39/><D39/><U29/><E29/><V53/><F53/><W45/><G118/><T90/><D90/><U129/><E129/><AGARI ba="1,1" hai="2,6,11,14,15,84,89,93,95,96,101,129,130,131" machi="129" ten="40,3900,0" yaku="1,1,19,1,53,0" doraHai="19" doraHaiUra="71" who="0" fromWho="1" sc="548,52,124,-42,114,0,204,0" /><INIT seed="4,2,0,2,4,54" ten="600,82,114,204" oya="0" hai0="39,63,58,92,78,82,93,13,104,75,53,122,74" hai1="84,118,1,71,80,16,105,119,103,14,35,102,5" hai2="48,20,115,51,18,59,135,106,87,50,90,28,134" hai3="2,131,96,89,128,95,101,129,31,46,27,65,45"/><T23/><D122/><U81/><E71/><V100/><F115/><W91/><G2/><T99/><D39/><U15/><E35/><V22/><F106/><W117/><G65/><T10/><D75/><U86/><E105/><V36/><F36/><W77/><G77/><T113/><D23/><U19/><E5/><V52/><F100/><W33/><G117/><T127/><D127/><U55/><E55/><V70/><F70/><W130/><N who="3" m="32768" /><DORA hai="49" /><W32/><REACH who="3" step="1"/><G32/><REACH who="3" ten="600,82,114,194" step="2"/><T41/><D113/><U79/><E79/><V112/><F112/><W114/><G114/><T107/><D78/><U8/><E8/><V25/><F135/><W76/><G76/><T72/><D10/><U132/><E132/><V60/><F134/><W69/><G69/><T120/><D74/><U0/><AGARI ba="2,1" hai="0,1,14,15,16,19,80,81,84,86,102,103,118,119" machi="0" ten="25,6400,0" yaku="0,1,22,2,54,1" doraHai="54,49" who="1" fromWho="1" sc="600,-34,82,80,114,-18,194,-18" /><INIT seed="5,0,0,3,3,107" ten="566,162,96,176" oya="1" hai0="113,20,70,80,116,7,125,56,75,60,99,28,120" hai1="64,94,112,24,127,35,96,98,74,124,121,14,101" hai2="104,47,132,134,95,91,82,17,48,6,92,115,51" hai3="76,49,30,86,26,135,103,23,89,61,68,114,38"/><U128/><E121/><V131/><F104/><W77/><G38/><T16/><D116/><U4/><E112/><V81/><F6/><W67/><G114/><T32/><D125/><N who="1" m="48203" /><E128/><V100/><F115/><W123/><G123/><T52/><D70/><U63/><E96/><N who="2" m="59399" /><F17/><W9/><G135/><N who="2" m="51753" /><F131/><W72/><G103/><T41/><D113/><U5/><E74/><V22/><F22/><W110/><G72/><T59/><D120/><U88/><E101/><V54/><F48/><W90/><G110/><T108/><D108/><U78/><E78/><V85/><AGARI ba="0,0" hai="47,51,54,81,82,85,91,95" m="51753,59399" machi="85" ten="30,1100,0" yaku="20,1" doraHai="107" who="2" fromWho="2" sc="566,-3,162,-5,96,11,176,-3" /><INIT seed="6,0,0,3,0,131" ten="563,157,107,173" oya="2" hai0="134,96,51,124,102,133,87,38,75,23,94,105,76" hai1="34,58,85,35,20,15,60,122,106,39,8,127,47" hai2="57,27,117,79,10,126,6,63,12,86,81,44,55" hai3="13,5,28,80,53,98,62,9,121,14,88,36,67"/><V128/><F117/><W107/><G121/><T29/><D38/><U49/><E106/><V11/><F128/><W25/><G36/><T104/><D124/><U132/><E39/><V116/><F116/><W24/><G53/><T119/><D119/><U74/><E74/><V4/><F126/><W48/><G48/><T82/><D51/><U43/><E127/><V1/><F27/><W65/><G65/><T17/><D29/><U19/><E132/><N who="0" m="50793" /><D75/><U46/><E46/><V113/><REACH who="2" step="1"/><F44/><REACH who="2" ten="563,157,97,173" step="2"/><W69/><G24/><AGARI ba="0,1" hai="17,23,24,76,82,87,94,96,102,104,105" m="50793" machi="24" ten="30,7700,0" yaku="20,1,52,3" doraHai="131" who="0" fromWho="3" sc="563,87,157,0,97,0,173,-77" /><INIT seed="7,0,0,4,0,77" ten="650,157,97,96" oya="3" hai0="83,100,41,125,103,89,131,98,105,15,128,67,116" hai1="32,40,13,38,96,108,123,3,48,78,88,106,10" hai2="93,0,113,118,57,63,82,97,44,124,2,114,16" hai3="135,33,45,36,119,66,17,126,132,49,6,81,22"/><W29/><G119/><T73/><D116/><U26/><E108/><V46/><F118/><W90/><G36/><T59/><D125/><U37/><E123/><V127/><F82/><W31/><G126/><N who="2" m="48169" /><F16/><W9/><G66/><T34/><D34/><U8/><E78/><V42/><F44/><W115/><G33/><T107/><D41/><U1/><E48/><N who="2" m="26711" /><F0/><W30/><G115/><T28/><D28/><U130/><E10/><V52/><F2/><W50/><G9/><T91/><D15/><U47/><E96/><V53/><F53/><W71/><G71/><T51/><D51/><U25/><E32/><V87/><F87/><N who="3" m="50543" /><G6/><T12/><D12/><U76/><E1/><V99/><F99/><W14/><G45/><T18/><D59/><U117/><E3/><V24/><F24/><W129/><G129/><T60/><D18/><U104/><E130/><V111/><F111/><W85/><G85/><T101/><D131/><U56/><E106/><V79/><F79/><W7/><G7/><T92/><D128/><U19/><E76/><V5/><F5/><W58/><G58/><T134/><D67/><U121/><E56/><V112/><F112/><W84/><G84/><T80/><D73/><U35/><E35/><V133/><F133/><AGARI ba="0,0" hai="14,17,22,29,30,31,49,50,132,133,135" m="50543" machi="133" ten="30,2900,0" yaku="20,1,52,1" doraHai="77" who="3" fromWho="2" sc="650,0,157,0,97,-29,96,29" /><INIT seed="7,1,0,1,0,116" ten="650,157,68,125" oya="3" hai0="80,77,11,101,70,96,118,12,18,43,104,28,113" hai1="37,40,128,3,87,86,22,108,32,45,29,100,120" hai2="30,90,79,55,1,124,61,126,97,73,5,36,4" hai3="131,44,15,103,54,67,63,6,31,112,33,9,24"/><W74/><G74/><T127/><D118/><U14/><E120/><V62/><F36/><W115/><G103/><T8/><D70/><U123/><E123/><V52/><F30/><W84/><G131/><T42/><D127/><U99/><E128/><V85/><F1/><W119/><G119/><T132/><D132/><U95/><E108/><V135/><F97/><W21/><G84/><T72/><D113/><U13/><E3/><V7/><F135/><W93/><G93/><T48/><D28/><U122/><E32/><V51/><F73/><W16/><G54/><N who="2" m="20521" /><F51/><W49/><G44/><T92/><D48/><U94/><E122/><V56/><F56/><W38/><G49/><T71/><D71/><U78/><E37/><V117/><F117/><W53/><G53/><T89/><D8/><U25/><E29/><V65/><F85/><AGARI ba="1,0" hai="11,12,18,42,43,72,77,80,85,89,92,96,101,104" machi="85" ten="30,3900,0" yaku="7,1,24,2" doraHai="116" who="0" fromWho="2" sc="650,42,157,0,68,-42,125,0" owari="692,79.2,157,-4.3,26,-47.4,125,-27.5" /></mjloggm>