<mjloggm ver="2.3"><GO type="169" lobby="0"/><UN n0="%E5%A4%A9%E6%89%8D%E9%BA%BB%E5%B0%86%E6%99%BA%E4%B9%83" n1="%E9%B7%BA%E5%AE%AE%E6%85%A7%E5%A4%AA" n2="%E3%81%AA%E3%82%93%E3%81%93%E3%81%86" n3="%E2%97%8E%E3%82%88%E3%81%97%E2%97%8E" dan="16,16,16,17" rate="2173.13,2112.26,2064.49,2170.94" sx="M,M,M,M"/><TAIKYOKU oya="0"/><INIT seed="0,0,0,5,1,61" ten="250,250,250,250" oya="0" hai0="35,65,1,39,40,5,46,29,79,112,98,119,13" hai1="115,30,18,26,109,106,8,68,88,7,49,53,42" hai2="84,66,77,4,31,133,10,54,38,76,93,12,23" hai3="120,48,135,6,110,111,73,104,21,121,101,113,126"/><T28/><D112/><U22/><E106/><V70/><F38/><W69/><G73/><T94/><D119/><U122/><E122/><N who="3" m="47210" /><G69/><T43/><D43/><U55/><E115/><V86/><F133/><W127/><G48/><T0/><D13/><U89/><E68/><V57/><F70/><W125/><G101/><T75/><D35/><U37/><E109/><N who="3" m="41482" /><G104/><T19/><D19/><U74/><E74/><V81/><F31/><W62/><G62/><T132/><D0/><U15/><E37/><V80/><F93/><W129/><G113/><T91/><D132/><U52/><E30/><V71/><F71/><W102/><G102/><T117/><D117/><U67/><E67/><V128/><F128/><W60/><G60/><T2/><D2/><U78/><E78/><V24/><F66/><W90/><G135/><T33/><D33/><U32/><E32/><V85/><F23/><W124/><N who="3" m="31744" /><DORA hai="114" /><W134/><G134/><T17/><D65/><U116/><E116/><V130/><F130/><W50/><G129/><T25/><D75/><U16/><E18/><V87/><REACH who="2" step="1"/><F24/><REACH who="2" ten="250,250,240,250" step="2"/><W100/><G21/><T107/><D39/><U96/><E96/><V14/><F14/><W92/><G92/><T123/><D94/><U20/><E22/><V131/><F131/><W56/><G100/><T64/><D1/><U63/><E63/><AGARI ba="0,1" hai="4,10,12,54,57,63,76,77,80,81,84,85,86,87" machi="63" ten="30,7700,0" yaku="1,1,7,1,9,1,8,1,53,0" doraHai="61,114" doraHaiUra="99,118" who="2" fromWho="1" sc="250,0,250,-77,240,87,250,0" /><INIT seed="1,0,0,3,2,71" ten="250,173,327,250" oya="1" hai0="91,81,45,32,128,119,66,83,6,25,0,49,135" hai1="84,28,86,102,54,95,7,3,53,35,39,87,33" hai2="43,99,60,101,118,10,109,89,22,30,132,17,125" hai3="68,116,31,65,123,27,70,88,44,75,110,61,57"/><U106/><E106/><V4/><F118/><W108/><G123/><T23/><D119/><U92/><E39/><V124/><F109/><N who="3" m="42091" /><G75/><T113/><D113/><U69/><E69/><V64/><F132/><W59/><G116/><T21/><D135/><U126/><E126/><V18/><F43/><W42/><G88/><T104/><D104/><U120/><E120/><V47/><F47/><W56/><G27/><T46/><D128/><U78/><E78/><V133/><F89/><W14/><G14/><T94/><D66/><U105/><E105/><V93/><F133/><W41/><G31/><T8/><D32/><U74/><E74/><V11/><F30/><W131/><G131/><T100/><D100/><U97/><E95/><V58/><F18/><W115/><G115/><T107/><D107/><U72/><E72/><V112/><F112/><W29/><G29/><T19/><D23/><U76/><E76/><V38/><F38/><N who="3" m="21559" /><G70/><T80/><REACH who="0" step="1"/><D49/><REACH who="0" ten="240,173,327,250" step="2"/><U129/><E129/><V90/><F101/><W51/><G68/><T40/><D40/><U67/><E67/><V62/><F124/><W50/><G50/><T85/><AGARI ba="0,1" hai="0,6,8,19,21,25,45,46,80,81,83,85,91,94" machi="85" ten="30,2000,0" yaku="1,1,0,1,53,0" doraHai="71" doraHaiUra="127" who="0" fromWho="0" sc="240,30,173,-10,327,-5,250,-5" /><INIT seed="2,0,0,2,5,41" ten="270,163,322,245" oya="2" hai0="110,123,43,49,29,37,0,117,134,17,120,64,46" hai1="35,90,13,22,15,12,9,114,87,16,76,126,52" hai2="80,3,91,108,8,19,93,62,103,7,85,34,88" hai3="6,28,100,124,135,122,68,18,89,55,72,104,40"/><V66/><F34/><W81/><G122/><T84/><D0/><U101/><E114/><V74/><F108/><W1/><G68/><T112/><D112/><U50/><E35/><V42/><F103/><W26/><G124/><T105/><D105/><U57/><E126/><V30/><F30/><W113/><G18/><T125/><D125/><U111/><E111/><V133/><F133/><W63/><G135/><T121/><D134/><U109/><E109/><V67/><F42/><W47/><G100/><T24/><D110/><U70/><E70/><V77/><F62/><W119/><G104/><T106/><D106/><U14/><E101/><V51/><F51/><W54/><G63/><T61/><D117/><U60/><E76/><V45/><F45/><W115/><G119/><T48/><D84/><U82/><REACH who="1" step="1"/><E60/><REACH who="1" ten="270,153,322,245" step="2"/><V32/><F32/><N who="3" m="20503" /><G115/><T38/><D123/><U98/><E98/><V75/><F77/><N who="3" m="44199" /><G89/><T11/><D121/><U92/><E92/><V27/><F93/><W31/><G113/><T129/><D120/><U59/><E59/><V10/><F91/><W2/><G31/><T116/><D116/><U118/><E118/><V58/><F58/><W83/><G83/><T102/><D102/><U127/><E127/><V78/><F78/><W132/><G132/><T95/><D29/><U53/><E53/><V4/><F67/><W20/><G55/><T25/><D64/><U5/><AGARI ba="0,1" hai="5,9,12,13,14,15,16,22,50,52,57,82,87,90" machi="5" ten="20,12000,2" yaku="1,1,0,1,7,1,8,1,54,2,53,0" doraHai="41" doraHaiUra="99" who="1" fromWho="1" sc="270,-30,153,130,322,-60,245,-30" /><INIT seed="3,0,0,0,0,24" ten="240,283,262,215" oya="3" hai0="39,6,129,122,100,18,116,45,12,90,60,124,117" hai1="119,98,43,97,99,76,25,89,78,132,27,7,118" hai2="38,57,14,135,113,47,2,88,80,50,64,56,42" hai3="34,73,75,85,5,67,29,51,79,103,11,134,4"/><W1/><G134/><T54/><D122/><U70/><E70/><V3/><F113/><W87/><G5/><T83/><D129/><U10/><E132/><V19/><F135/><W92/><G67/><T110/><D110/><U13/><E43/><V40/><F40/><W104/><G104/><T128/><D128/><U16/><E89/><V125/><F125/><W35/><G35/><T26/><D124/><U74/><E74/><V108/><F108/><W102/><G102/><T55/><D100/><U121/><E121/><V58/><F38/><W123/><G123/><T62/><D6/><U94/><E94/><V37/><F37/><W15/><G1/><T61/><D26/><N who="1" m="9739" /><E7/><V71/><F71/><W21/><G34/><T66/><D66/><U53/><E53/><V77/><F64/><W30/><G21/><T131/><D54/><U46/><E46/><V91/><F2/><W81/><G51/><T41/><D55/><U109/><E109/><V0/><F3/><W36/><G36/><T22/><D131/><U68/><E68/><V49/><F0/><W107/><G107/><T114/><D114/><U9/><E9/><N who="2" m="6607" /><F50/><W120/><G120/><T112/><D112/><U105/><E105/><V133/><F133/><W44/><G44/><T28/><D39/><U31/><E31/><N who="3" m="11786" /><G75/><T23/><D45/><U106/><E106/><V33/><F33/><W65/><G65/><T111/><D111/><U48/><E48/><V20/><F20/><W86/><G73/><T69/><D69/><U59/><E59/><V130/><F130/><W82/><G79/><T84/><D41/><RYUUKYOKU ba="0,0" sc="240,0,283,0,262,0,215,0" hai0="12,18,22,23,28,60,61,62,83,84,90,116,117" hai1="10,13,16,76,78,97,98,99,118,119" hai2="42,47,49,56,57,58,77,80,88,91" hai3="4,11,15,81,82,85,86,87,92,103" /><INIT seed="3,1,0,1,0,35" ten="240,283,262,215" oya="3" hai0="24,124,6,101,132,66,84,81,100,14,83,119,122" hai1="5,52,131,114,60,64,20,67,72,121,80,97,54" hai2="19,58,85,69,62,99,79,76,11,115,51,46,109" hai3="37,86,128,120,31,44,82,135,130,104,118,7,34"/><W48/><G120/><T49/><D122/><U107/><E121/><V22/><F115/><W42/><G118/><T134/><D119/><U98/><E114/><V106/><F69/><W102/><G135/><N who="0" m="51755" /><D124/><U103/><E131/><N who="3" m="50218" /><G7/><T92/><D66/><U21/><E67/><V71/><F71/><W90/><G31/><T27/><D49/><U95/><E5/><V29/><F106/><W68/><G34/><T116/><D83/><U41/><E41/><V25/><F99/><N who="3" m="61535" /><G68/><T40/><D40/><U57/><E72/><V16/><F109/><W94/><G82/><T18/><D6/><U43/><E80/><V126/><F126/><W33/><G33/><T4/><D4/><U15/><E43/><V59/><F29/><W1/><G1/><T8/><D116/><U89/><E15/><V3/><F3/><W55/><G55/><T47/><D47/><U50/><E54/><V108/><F46/><AGARI ba="1,0" hai="20,21,46,50,52,57,60,64,89,95,97,98,103,107" machi="46" ten="30,2000,0" yaku="7,1,54,1" doraHai="35" who="1" fromWho="2" sc="240,0,283,23,262,-23,215,0" /><INIT seed="4,0,0,3,0,133" ten="240,306,239,215" oya="0" hai0="124,55,17,81,38,118,40,68,79,125,85,135,2" hai1="76,109,8,86,50,16,89,61,32,72,78,43,108" hai2="91,87,70,19,74,99,77,75,116,101,1,115,57" hai3="63,127,102,44,107,62,18,65,130,104,45,69,20"/><T82/><D118/><U42/><E32/><V114/><F70/><W64/><G130/><T0/><D135/><U111/><E72/><V132/><F1/><W15/><G127/><N who="0" m="48715" /><D68/><U33/><E33/><V100/><F132/><W128/><G128/><T31/><D31/><U25/><E61/><V47/><F47/><W122/><G122/><T54/><D17/><U14/><E25/><V93/><F57/><W71/><G102/><N who="2" m="39529" /><F19/><W95/><REACH who="3" step="1"/><G95/><REACH who="3" ten="240,306,239,205" step="2"/><T49/><D38/><U23/><E109/><V126/><F126/><W129/><G129/><T120/><D120/><U46/><E111/><V12/><F116/><W119/><G119/><T96/><D96/><U41/><E108/><V110/><F110/><W10/><G10/><T9/><D9/><U48/><E8/><V56/><F99/><W35/><G35/><T97/><D97/><U22/><E22/><V105/><F93/><W29/><G29/><T11/><D11/><U39/><E39/><V134/><F134/><W73/><G73/><N who="0" m="43247" /><D40/><U60/><E42/><V3/><F75/><W106/><AGARI ba="0,1" hai="15,18,20,44,45,62,63,64,65,69,71,104,106,107" machi="106" ten="30,4000,0" yaku="1,1,0,1,9,1,53,0" doraHai="133" doraHaiUra="121" who="3" fromWho="3" sc="240,-20,306,-10,239,-10,205,50" /><INIT seed="5,0,0,5,4,27" ten="220,296,229,255" oya="1" hai0="135,68,50,41,99,49,61,73,33,24,111,43,104" hai1="36,85,63,86,90,20,95,81,71,110,102,45,53" hai2="31,66,10,132,114,64,131,39,29,60,54,25,113" hai3="22,100,108,82,123,105,12,40,74,21,42,124,88"/><U28/><E110/><V126/><F39/><W72/><G108/><T58/><D73/><U117/><E117/><V69/><F131/><W52/><G123/><T30/><D135/><U112/><E112/><N who="2" m="43115" /><F132/><W9/><G124/><T5/><D5/><U44/><E36/><V19/><F126/><W16/><G74/><T67/><D111/><U23/><E71/><V34/><F66/><W7/><G100/><T8/><D8/><U77/><E102/><V119/><F119/><W122/><G105/><T127/><D127/><U55/><E63/><V98/><F98/><W37/><G37/><T92/><D104/><U3/><E3/><V70/><F70/><W6/><G72/><T118/><D118/><U121/><E121/><V59/><F34/><W91/><G122/><T26/><D26/><N who="1" m="16455" /><E23/><N who="2" m="13567" /><F10/><W56/><G21/><T62/><D62/><AGARI ba="0,0" hai="29,31,54,59,60,62,64,69" m="13567,43115" machi="62" ten="30,7700,0" yaku="15,1,11,1,52,2" doraHai="27" who="2" fromWho="0" sc="220,-77,296,0,229,77,255,0" /><INIT seed="6,0,0,1,0,25" ten="143,296,306,255" oya="2" hai0="102,11,98,121,37,69,7,124,76,60,68,34,51" hai1="131,63,56,106,0,5,17,40,85,95,15,88,94" hai2="66,118,74,83,50,31,30,67,39,24,20,14,90" hai3="130,93,82,123,52,78,46,116,47,71,29,38,10"/><V49/><F118/><W91/><G116/><T53/><D37/><U103/><E131/><V55/><F39/><W101/><G71/><T42/><D121/><U48/><E106/><V57/><F50/><W61/><G101/><T19/><D124/><U2/><E5/><V58/><F14/><W86/><G38/><T32/><D76/><U18/><E18/><N who="2" m="12311" /><F74/><W105/><G105/><T97/><D19/><U87/><E40/><V28/><F58/><N who="3" m="35015" /><G130/><T128/><D128/><U133/><E48/><V120/><F120/><W65/><G65/><T13/><D42/><U8/><E133/><V111/><F111/><W127/><G127/><T84/><D84/><AGARI ba="0,0" hai="28,30,31,49,55,57,66,67,83,84,90" m="12311" machi="84" ten="30,11600,0" yaku="8,1,52,3" doraHai="25" who="2" fromWho="0" sc="143,-116,296,0,306,116,255,0" /><INIT seed="6,1,0,4,1,78" ten="27,296,422,255" oya="2" hai0="132,24,17,123,107,119,83,109,14,95,45,99,124" hai1="22,43,65,90,30,63,67,42,117,18,55,9,102" hai2="110,48,94,64,19,26,50,106,127,76,73,13,130" hai3="58,89,36,53,41,80,103,68,84,59,28,40,115"/><V91/><F106/><W25/><G68/><T69/><D14/><U11/><E117/><V71/><F127/><W113/><G103/><T34/><D17/><U23/><E102/><V27/><F130/><W87/><G36/><T32/><D24/><U92/><E55/><V6/><F6/><W46/><G46/><T29/><D29/><U112/><E112/><N who="3" m="43082" /><G87/><T16/><D16/><U129/><E129/><V121/><F71/><W4/><G4/><T62/><D62/><U38/><E38/><V111/><F73/><W116/><G116/><T88/><D45/><U74/><E74/><V75/><F75/><W72/><G72/><T2/><D32/><U70/><E42/><N who="3" m="16490" /><G53/><T101/><D34/><AGARI ba="1,0" hai="25,28,34,58,59,80,84,89" m="16490,43082" machi="34" ten="30,3900,0" yaku="15,1,11,1,52,1" doraHai="78" who="3" fromWho="0" sc="27,-42,296,0,422,0,255,42" owari="-15,-51.5,296,-10.4,422,52.2,297,9.7" /></mjloggm>