<mjloggm ver="2.3"><GO type="169" lobby="0"/><UN n0="%2D%E8%B1%8A%E5%8F%A3%E3%82%81%E3%81%90%E3%81%BF%2D" n1="%74%6B%34%32" n2="%40%75" n3="%E6%89%8B%E6%8A%BC%E3%81%97%E8%BB%8A" dan="17,16,17,16" rate="2158.06,2112.14,2197.49,2096.87" sx="F,M,F,M"/><TAIKYOKU oya="0"/><INIT seed="0,0,0,5,5,124" ten="250,250,250,250" oya="0" hai0="3,62,9,130,14,27,90,105,26,84,37,50,41" hai1="29,57,43,73,16,87,39,67,34,112,89,134,116" hai2="86,77,71,114,126,12,69,127,31,95,11,106,32" hai3="100,104,81,19,2,122,117,99,70,118,63,23,94"/><T44/><D105/><U28/><E116/><V30/><F106/><W132/><G2/><T97/><D3/><U113/><E73/><V72/><F72/><W80/><G122/><T6/><D97/><U45/><E134/><V129/><F114/><N who="1" m="44137" /><E34/><V123/><F123/><W20/><G20/><T96/><D96/><U119/><E119/><V107/><F107/><W56/><G70/><T83/><D130/><U40/><E40/><V101/><F101/><W135/><G104/><T103/><D103/><U91/><E16/><V54/><F54/><W49/><G49/><T68/><REACH who="0" step="1"/><D37/><REACH who="0" ten="240,250,250,250" step="2"/><U24/><E91/><V46/><F129/><W51/><G117/><T25/><D25/><U115/><E24/><V22/><F127/><W75/><G118/><T13/><D13/><U120/><E115/><V59/><F12/><N who="3" m="9703" /><G132/><T10/><D10/><U35/><E120/><V18/><F11/><W131/><G135/><T0/><D0/><U60/><E35/><V47/><F32/><W64/><G131/><T121/><D121/><U48/><E39/><V85/><F18/><W55/><G75/><T65/><AGARI ba="0,1" hai="6,9,14,26,27,41,44,50,62,65,68,83,84,90" machi="65" ten="30,6000,0" yaku="1,1,0,1,53,1" doraHai="124" doraHaiUra="66" who="0" fromWho="0" sc="240,70,250,-20,250,-20,250,-20" /><INIT seed="0,1,0,3,2,57" ten="310,230,230,230" oya="0" hai0="114,97,26,61,104,79,108,100,34,13,37,105,87" hai1="85,36,6,60,63,22,120,25,9,92,15,51,1" hai2="66,128,68,59,103,17,43,48,45,2,44,111,121" hai3="119,91,133,50,69,28,49,90,12,125,89,93,41"/><T124/><D114/><U82/><E120/><V30/><F2/><W75/><G75/><T16/><D37/><U54/><E36/><V58/><F30/><W129/><G119/><T47/><D124/><U40/><E92/><V52/><F103/><W118/><G125/><T135/><D135/><U74/><E74/><V112/><F17/><W7/><G133/><T14/><D105/><U31/><E40/><V127/><F121/><W88/><G118/><T3/><D3/><U99/><E99/><V32/><F32/><W10/><G69/><T94/><D47/><U115/><E1/><V24/><F24/><W95/><G41/><T42/><D42/><U70/><E70/><V110/><F127/><W5/><G28/><T102/><D102/><U84/><E84/><V67/><F128/><W122/><G129/><T64/><D108/><N who="2" m="41514" /><F112/><W77/><G77/><T11/><D13/><U130/><E115/><V39/><F68/><W131/><G131/><T4/><D79/><U86/><E86/><V29/><F29/><W53/><G5/><T107/><D87/><U132/><E132/><V72/><F72/><W96/><G122/><T8/><D34/><U19/><E6/><V116/><F116/><W18/><G7/><T23/><D11/><U83/><E130/><V76/><F76/><W117/><G117/><T73/><D73/><U101/><E101/><V71/><F71/><AGARI ba="1,0" hai="4,8,14,16,23,26,61,64,71,94,97,100,104,107" machi="71" ten="30,5800,0" yaku="7,1,52,1,54,1" doraHai="57" who="0" fromWho="2" sc="310,61,230,0,230,-61,230,0" /><INIT seed="0,2,0,2,3,117" ten="371,230,169,230" oya="0" hai0="83,66,135,43,29,62,58,9,104,19,30,124,90" hai1="49,1,97,108,46,63,113,12,79,94,8,56,107" hai2="2,50,116,71,44,121,78,76,22,85,59,34,98" hai3="18,119,101,23,5,134,47,27,105,52,54,60,45"/><T110/><D104/><U68/><E108/><V114/><F34/><W111/><G119/><T129/><D124/><U115/><E1/><V31/><F71/><W132/><G111/><T53/><D110/><U75/><E68/><V81/><F2/><W102/><G5/><T109/><D109/><U32/><E32/><V37/><F114/><N who="1" m="43529" /><E107/><V73/><F37/><W131/><G131/><T42/><D129/><U92/><E79/><V0/><F0/><W96/><G102/><T91/><D135/><U17/><E75/><V82/><F116/><W120/><G120/><T84/><D66/><N who="1" m="39271" /><E97/><V4/><F98/><W10/><G10/><T28/><REACH who="0" step="1"/><D91/><REACH who="0" ten="361,230,169,230" step="2"/><U14/><E14/><AGARI ba="2,1" hai="9,14,19,28,29,30,42,43,53,58,62,83,84,90" machi="14" ten="40,12000,1" yaku="1,1,2,1,8,1,53,1" doraHai="117" doraHaiUra="80" who="0" fromWho="1" sc="361,136,230,-126,169,0,230,0" /><INIT seed="0,3,0,4,0,71" ten="497,104,169,230" oya="0" hai0="68,16,56,93,82,132,0,23,28,105,52,74,113" hai1="125,20,35,5,81,77,85,33,73,59,96,3,65" hai2="46,100,38,39,26,84,112,101,114,55,83,40,69" hai3="72,87,76,31,108,66,13,133,128,92,99,124,30"/><T118/><D118/><U25/><E125/><V89/><F69/><W6/><G124/><T88/><D113/><U97/><E81/><V62/><F26/><W107/><G108/><T12/><D68/><U75/><E5/><V91/><F91/><W103/><G66/><T129/><D105/><U17/><E3/><V117/><F117/><W49/><G133/><T94/><D132/><U134/><E134/><V79/><F39/><W54/><G72/><T98/><D0/><U61/><E85/><V116/><F116/><W44/><G128/><T122/><D122/><U67/><E67/><V121/><F121/><W57/><G44/><T130/><D28/><U80/><REACH who="1" step="1"/><E73/><REACH who="1" ten="497,94,169,230" step="2"/><V119/><F119/><W106/><G87/><N who="0" m="50295" /><D74/><U60/><E60/><V78/><F114/><W102/><G6/><T36/><D98/><AGARI ba="3,1" hai="17,20,25,33,35,59,61,65,75,77,80,96,97,98" machi="98" ten="40,1300,0" yaku="1,1,53,0" doraHai="71" doraHaiUra="110" who="1" fromWho="0" sc="497,-22,94,32,169,0,230,0" /><INIT seed="1,0,0,5,4,101" ten="475,126,169,230" oya="1" hai0="78,30,106,56,133,107,131,116,23,49,71,60,67" hai1="110,9,135,58,39,10,3,97,63,28,50,86,117" hai2="92,123,15,12,103,5,127,7,70,119,46,94,57" hai3="36,51,80,13,98,84,73,66,99,19,14,120,125"/><U87/><E117/><V68/><F119/><W95/><G36/><T55/><D116/><U62/><E135/><V132/><F123/><W45/><G120/><T29/><D133/><U124/><E124/><V20/><F132/><W122/><G73/><T81/><D131/><U26/><E110/><V1/><F1/><W27/><G66/><T42/><D42/><U41/><E39/><V52/><F127/><W82/><G99/><T59/><D71/><U74/><E74/><V31/><F46/><W72/><G72/><T79/><D79/><U126/><E126/><V128/><F128/><W108/><G108/><T6/><D6/><N who="2" m="2058" /><F68/><W76/><G82/><T89/><D78/><U25/><E87/><V134/><F70/><W130/><G122/><T33/><D33/><U109/><E109/><V53/><F53/><W18/><G130/><T48/><D48/><U0/><E0/><V65/><F65/><W34/><G34/><T96/><D81/><U37/><E37/><V17/><F31/><W77/><G77/><T4/><D4/><U118/><E118/><V22/><F134/><W64/><G64/><T91/><D30/><U93/><E86/><V113/><F113/><W105/><G105/><N who="0" m="39947" /><D96/><U104/><E104/><V38/><F38/><W112/><G112/><T54/><D54/><N who="1" m="32087" /><E41/><V129/><F103/><N who="3" m="60895" /><G125/><T32/><D32/><N who="1" m="20495" /><E3/><V75/><F129/><W121/><G121/><T114/><D114/><U61/><E26/><V90/><F75/><W16/><G27/><N who="0" m="16639" /><D67/><U47/><E47/><V115/><F115/><W111/><G111/><T40/><D40/><AGARI ba="0,0" hai="13,14,16,18,19,40,45,51,76,80,84" m="60895" machi="40" ten="30,2000,0" yaku="8,1,54,1" doraHai="101" who="3" fromWho="0" sc="475,-20,126,0,169,0,230,20" /><INIT seed="2,0,0,1,5,18" ten="455,126,169,250" oya="2" hai0="74,126,19,50,78,56,68,57,132,47,10,89,97" hai1="95,82,75,65,62,94,20,49,5,131,27,122,9" hai2="3,59,71,91,53,33,109,72,42,6,48,41,100" hai3="36,104,12,76,77,4,92,134,69,70,115,103,85"/><V22/><F33/><W51/><G36/><T127/><D68/><U43/><E131/><V66/><F72/><W52/><G104/><T99/><D132/><U120/><E82/><V98/><F91/><W123/><G123/><N who="1" m="47146" /><E75/><V118/><F118/><W8/><G134/><T84/><D19/><N who="1" m="12703" /><E49/><V79/><F79/><W40/><G40/><T29/><D29/><U116/><E43/><V61/><F109/><W119/><G115/><T93/><D10/><U102/><E102/><V125/><F125/><N who="0" m="47626" /><D74/><U24/><E24/><V112/><F112/><W67/><G119/><T35/><D35/><U87/><E87/><V113/><F113/><W124/><G124/><T86/><D86/><U13/><E116/><V90/><F90/><W60/><G70/><AGARI ba="0,0" hai="5,9,13,62,65,70,94,95" m="12703,47146" machi="70" ten="30,2000,0" yaku="13,1,52,1" doraHai="18" who="1" fromWho="3" sc="455,0,126,20,169,0,250,-20" /><INIT seed="3,0,0,2,0,23" ten="455,146,169,230" oya="3" hai0="116,117,82,33,68,71,124,89,5,70,55,122,37" hai1="21,119,88,94,126,30,16,44,106,72,6,91,31" hai2="108,98,58,87,64,53,63,0,48,121,74,49,103" hai3="113,84,43,51,15,85,14,28,95,3,4,13,27"/><W24/><G113/><T102/><D102/><U123/><E123/><V76/><F0/><W62/><G3/><T39/><D5/><U69/><E126/><V101/><F74/><W90/><G4/><T29/><D89/><U99/><E119/><V93/><F108/><W26/><G62/><T45/><D82/><U81/><E69/><V52/><F121/><W128/><G128/><T18/><D18/><U40/><E106/><V109/><F109/><W107/><G107/><T41/><D122/><U25/><E6/><V118/><F118/><W73/><G73/><T104/><D104/><U129/><E129/><V92/><F76/><W112/><G112/><T56/><D29/><U50/><REACH who="1" step="1"/><E91/><REACH who="1" ten="455,136,169,230" step="2"/><N who="2" m="53375" /><F103/><W61/><G61/><T59/><D71/><U75/><E75/><V110/><F110/><W8/><G8/><T131/><D70/><U100/><E100/><V132/><F132/><W34/><REACH who="3" step="1"/><G84/><REACH who="3" ten="455,136,169,220" step="2"/><T83/><D131/><U111/><E111/><V2/><F2/><W120/><G120/><T78/><D117/><U80/><E80/><V35/><F63/><W130/><G130/><T60/><D116/><U11/><E11/><V133/><F133/><W47/><AGARI ba="0,2" hai="13,14,15,24,26,27,28,34,43,47,51,85,90,95" machi="47" ten="30,12000,1" yaku="1,1,0,1,52,3,53,0" doraHai="23" doraHaiUra="17" who="3" fromWho="3" sc="455,-40,136,-40,169,-40,220,140" /><INIT seed="3,1,0,0,1,11" ten="415,96,129,360" oya="3" hai0="4,81,107,130,74,105,84,82,106,99,134,68,49" hai1="133,132,41,34,103,19,52,75,59,91,76,97,57" hai2="89,24,54,111,13,88,37,95,46,42,113,50,83" hai3="7,120,45,40,116,80,121,119,35,87,27,104,128"/><W110/><G104/><T78/><D68/><U124/><E34/><V21/><F113/><W29/><G128/><T93/><D4/><U129/><E41/><V15/><F111/><W122/><G110/><T69/><D69/><U30/><E30/><V61/><F83/><W8/><G87/><T17/><D49/><U3/><E3/><V33/><F33/><W18/><G80/><T109/><D109/><U9/><E76/><V115/><F115/><W135/><G18/><T31/><D31/><U108/><E108/><V12/><F95/><W1/><REACH who="3" step="1"/><G135/><REACH who="3" ten="415,96,129,350" step="2"/><T65/><D134/><U5/><E129/><V55/><F61/><W92/><G92/><T47/><D17/><U86/><E75/><V118/><F118/><W64/><G64/><T73/><D65/><U70/><E133/><V101/><F101/><W77/><G77/><N who="0" m="44343" /><D130/><U112/><E132/><V131/><F131/><W127/><G127/><T44/><D73/><U85/><E112/><V36/><F36/><AGARI ba="1,1" hai="1,7,8,27,29,35,36,40,45,116,119,120,121,122" machi="36" ten="40,12000,1" yaku="1,1,23,2,53,1" doraHai="11" doraHaiUra="28" who="3" fromWho="2" sc="415,0,96,0,129,-123,350,133" /><INIT seed="3,2,0,5,5,77" ten="415,96,6,483" oya="3" hai0="126,51,20,134,8,2,108,32,113,93,82,26,22" hai1="38,12,9,45,132,99,94,115,109,71,39,46,75" hai2="80,92,42,4,30,52,35,73,88,70,28,121,6" hai3="44,128,14,135,83,55,124,1,63,60,95,16,33"/><W98/><G1/><T29/><D108/><U47/><E109/><V86/><F70/><W13/><G33/><T31/><D126/><U3/><E115/><V24/><F121/><W43/><G124/><T129/><D129/><U65/><E132/><V56/><F42/><W5/><G135/><T19/><D134/><U131/><E75/><V27/><F73/><W50/><G83/><T111/><D111/><U53/><E3/><V11/><F92/><W17/><G5/><T101/><D113/><U103/><E131/><V23/><F11/><N who="3" m="6207" /><G43/><T114/><D114/><U81/><E71/><V7/><F7/><W66/><G66/><T41/><D82/><U49/><E65/><V25/><F25/><W54/><G54/><T72/><D72/><U130/><E130/><V68/><F68/><W106/><G106/><T127/><D127/><U102/><E39/><V116/><F116/><W104/><G104/><T10/><D2/><U34/><E34/><V58/><F58/><W15/><G15/><N who="0" m="9343" /><D32/><U89/><E38/><V18/><F18/><W79/><G79/><T78/><D78/><U37/><E37/><V96/><F96/><W117/><G117/><T76/><D76/><U110/><E110/><V40/><F40/><W122/><G122/><T100/><D31/><U0/><E0/><V90/><F90/><N who="3" m="55671" /><G128/><T87/><D87/><N who="1" m="50415" /><E103/><N who="0" m="39497" /><D93/><U67/><E67/><V69/><F69/><W48/><G48/><AGARI ba="2,0" hai="4,6,23,24,27,28,30,35,48,52,56,80,86,88" machi="48" ten="30,7700,0" yaku="7,1,52,1,54,2" doraHai="77" who="2" fromWho="3" sc="415,0,96,0,6,83,483,-83" /><INIT seed="4,0,0,5,0,88" ten="415,96,89,400" oya="0" hai0="55,9,71,107,95,1,40,132,109,127,19,54,28" hai1="75,108,94,90,87,22,59,11,78,76,68,25,51" hai2="53,85,106,7,122,102,112,42,21,93,98,121,49" hai3="50,45,128,27,134,17,14,125,24,101,118,47,32"/><T116/><D107/><U129/><E108/><V81/><F112/><W110/><G118/><T70/><D116/><U103/><E68/><V37/><F106/><W63/><G110/><T6/><D109/><U130/><E103/><V74/><F74/><W10/><G101/><T52/><D28/><U0/><E0/><V123/><F7/><W3/><G47/><T18/><D127/><U31/><E11/><V58/><F21/><W20/><G125/><T16/><D132/><U69/><E69/><V4/><F4/><W48/><G48/><T99/><REACH who="0" step="1"/><D40/><REACH who="0" ten="405,96,89,400" step="2"/><U33/><E130/><V41/><REACH who="2" step="1"/><F37/><REACH who="2" ten="405,96,79,400" step="2"/><W5/><G128/><T86/><D86/><U13/><E75/><V64/><F64/><W135/><G135/><T83/><D83/><U43/><E129/><V62/><F62/><W72/><G63/><T117/><D117/><U60/><E60/><V12/><F12/><W73/><G134/><T15/><D15/><U105/><E105/><V96/><F96/><W79/><G72/><T80/><D80/><U65/><E13/><V44/><F44/><W124/><G124/><T26/><D26/><U111/><E111/><V82/><F82/><W126/><G126/><T35/><D35/><U133/><E33/><V23/><F23/><W30/><G27/><T91/><AGARI ba="0,2" hai="1,6,9,16,18,19,52,54,55,70,71,91,95,99" machi="91" ten="30,12000,1" yaku="1,1,0,1,52,1,54,2,53,0" doraHai="88" doraHaiUra="104" who="0" fromWho="0" sc="405,140,96,-40,79,-40,400,-40" /><INIT seed="4,1,0,4,3,114" ten="545,56,39,360" oya="0" hai0="58,66,104,132,129,35,65,92,117,103,73,110,112" hai1="39,11,4,100,49,42,122,24,61,111,13,118,16" hai2="99,78,53,80,52,108,57,106,60,63,115,43,17" hai3="38,15,95,71,31,126,128,14,86,32,127,44,36"/><T91/><D92/><U2/><E118/><V59/><F108/><W12/><G71/><T19/><D58/><U82/><E111/><V113/><F43/><W116/><G116/><T70/><D103/><U9/><E122/><V30/><F30/><W33/><G128/><T85/><D85/><U10/><E39/><V34/><F34/><W109/><G109/><T83/><D83/><U45/><E100/><V84/><REACH who="2" step="1"/><F17/><REACH who="2" ten="545,56,29,360" step="2"/><W120/><G31/><T87/><D19/><U93/><E24/><V62/><F62/><W72/><G33/><T89/><D35/><U69/><E61/><V46/><F46/><W94/><G44/><T47/><D47/><U20/><E69/><V96/><F96/><W28/><G28/><T97/><D97/><U25/><E2/><V27/><F27/><W22/><G32/><T135/><D110/><U133/><E133/><V107/><F107/><W105/><G105/><T121/><D104/><U101/><E82/><V54/><F54/><W41/><G41/><T37/><D70/><U18/><E18/><V5/><F5/><W26/><G26/><T98/><D135/><U134/><E134/><V7/><F7/><W131/><G120/><T51/><D132/><U76/><E76/><V55/><F55/><W74/><G126/><T64/><D121/><U3/><E3/><V124/><F124/><W75/><G127/><T130/><D98/><AGARI ba="1,1" hai="4,9,10,11,13,16,20,25,42,45,49,93,98,101" machi="98" ten="40,2600,0" yaku="8,1,54,1" doraHai="114" who="1" fromWho="0" sc="545,-29,56,39,29,0,360,0" /><INIT seed="5,0,0,2,1,79" ten="516,95,29,360" oya="1" hai0="85,9,88,95,56,22,66,49,89,133,37,31,0" hai1="17,30,132,76,16,63,120,61,21,35,117,55,20" hai2="3,118,101,23,86,106,125,28,72,53,124,54,71" hai3="18,70,32,107,67,80,29,114,12,131,60,102,91"/><U128/><E117/><V77/><F118/><W134/><G134/><T7/><D37/><U110/><E110/><V5/><F71/><W113/><G131/><T122/><D133/><U111/><E120/><V24/><F72/><W98/><G91/><T82/><D122/><U123/><E123/><V6/><F101/><W96/><G96/><T45/><D66/><U68/><E132/><V99/><F99/><W92/><G92/><T103/><D56/><U115/><E115/><V75/><F75/><W104/><G104/><T87/><D103/><U81/><E128/><V64/><F64/><W2/><G2/><T119/><D119/><U13/><E68/><V41/><F106/><W126/><G80/><T11/><D7/><N who="2" m="2570" /><F41/><W26/><REACH who="3" step="1"/><G126/><REACH who="3" ten="516,95,29,350" step="2"/><N who="2" m="48745" /><F3/><W65/><G65/><T78/><D78/><U127/><E127/><V1/><F1/><W50/><G50/><T46/><D0/><U84/><E111/><V105/><F105/><W51/><G51/><T73/><D49/><U69/><E69/><V44/><F44/><W27/><G27/><N who="0" m="16887" /><D46/><U36/><E36/><V94/><F94/><W52/><G52/><T43/><D45/><U10/><E55/><V62/><F62/><W4/><G4/><T42/><D42/><U121/><E121/><V39/><F39/><W116/><G116/><T90/><D43/><U8/><E63/><V15/><F15/><W108/><G108/><T93/><D93/><U19/><E61/><V48/><F48/><W97/><G97/><T14/><D95/><U40/><E40/><V59/><F59/><W34/><G34/><T47/><D47/><RYUUKYOKU ba="0,1" sc="516,-15,95,-15,29,15,350,15" hai2="23,24,28,53,54,77,86" hai3="12,18,26,29,32,60,67,70,98,102,107,113,114" /><INIT seed="6,1,1,5,2,100" ten="501,80,44,365" oya="2" hai0="65,93,24,1,132,96,104,78,36,87,95,82,13" hai1="108,120,62,55,76,61,25,57,89,51,75,121,116" hai2="26,86,134,20,16,46,126,90,56,6,50,29,127" hai3="47,125,72,71,98,58,101,122,12,118,5,17,85"/><V73/><F73/><W97/><G72/><T41/><D1/><U84/><E108/><V9/><F134/><W81/><G71/><T94/><D65/><U54/><E116/><V77/><F56/><W38/><G5/><T69/><D69/><U131/><E131/><V113/><F113/><W117/><G98/><T3/><D3/><U34/><E76/><V23/><F77/><W80/><G80/><T64/><D64/><U30/><E75/><V119/><F119/><W37/><G37/><T7/><D24/><U39/><E39/><V31/><F6/><W128/><G128/><T49/><D36/><U105/><E105/><V18/><F9/><W35/><G35/><T103/><D104/><U48/><E120/><V22/><F127/><W4/><G4/><T130/><D132/><U2/><E2/><V0/><F0/><W27/><G27/><T19/><D7/><U21/><E34/><V45/><F126/><W43/><G58/><T14/><D14/><U111/><E111/><V112/><F46/><W110/><G110/><T10/><D130/><U33/><E33/><V40/><F112/><W102/><G102/><T114/><D114/><U99/><E99/><V15/><REACH who="2" step="1"/><F23/><REACH who="2" ten="501,80,34,365" step="2"/><N who="3" m="11687" /><G122/><T68/><D68/><U107/><E121/><V52/><F52/><W28/><G125/><T129/><D129/><U88/><E62/><V123/><F123/><W135/><G135/><T42/><D42/><U8/><E61/><V106/><F106/><W63/><G43/><T67/><D67/><U53/><E107/><V124/><F124/><W59/><G118/><T11/><D11/><RYUUKYOKU ba="1,2" sc="501,15,80,-15,34,15,365,-15" hai0="10,13,19,41,49,78,82,87,93,94,95,96,103" hai2="15,16,18,20,22,26,29,31,40,45,50,86,90" /><INIT seed="6,2,2,2,2,46" ten="516,65,49,350" oya="2" hai0="1,24,58,70,111,118,61,68,21,16,2,47,128" hai1="92,27,71,127,106,95,18,55,113,65,9,105,88" hai2="23,130,120,102,74,85,129,104,4,45,72,48,50" hai3="96,28,133,42,31,123,13,15,30,132,35,121,99"/><V64/><F120/><W22/><G42/><T40/><D111/><U103/><E113/><V8/><F64/><W110/><G110/><T54/><D70/><U32/><E127/><V86/><F23/><W116/><G116/><T33/><D118/><U10/><E106/><V131/><F102/><W0/><G35/><T78/><D78/><U69/><E55/><V26/><F26/><W84/><G84/><N who="2" m="32361" /><F104/><W43/><G43/><T19/><D68/><U11/><E88/><V76/><F45/><W114/><G114/><T25/><D33/><U122/><E69/><V115/><F115/><W41/><G41/><T124/><D124/><U66/><E122/><N who="3" m="46602" /><G0/><T108/><D108/><U53/><E71/><V44/><F44/><W60/><G60/><T34/><D34/><U39/><E39/><V75/><F76/><W20/><G99/><T38/><D2/><AGARI ba="2,2" hai="2,4,8,48,50,72,74,75,129,130,131" m="32361" machi="2" ten="40,7700,0" yaku="19,1,52,2" doraHai="46" who="2" fromWho="0" sc="516,-83,65,0,49,103,350,0" /><INIT seed="6,3,0,2,0,13" ten="433,65,152,350" oya="2" hai0="99,7,53,128,22,25,1,78,118,48,68,52,15" hai1="125,111,23,20,116,42,46,24,76,108,29,4,74" hai2="81,67,21,54,97,131,95,58,47,8,18,98,34" hai3="132,120,28,117,61,63,26,65,11,77,2,57,6"/><V110/><F131/><W115/><G120/><T114/><D68/><U62/><E116/><V84/><F34/><W109/><G109/><T66/><D1/><U39/><E125/><V82/><F110/><W113/><G117/><T94/><D66/><U27/><E4/><V17/><F67/><W91/><G77/><T105/><D105/><U14/><E14/><N who="2" m="7367" /><F47/><W51/><G132/><T79/><D114/><U43/><E43/><V92/><F92/><W126/><G126/><T70/><D70/><U55/><E76/><N who="2" m="46119" /><F95/><W10/><G10/><N who="0" m="4575" /><D53/><U72/><E108/><V31/><F82/><W122/><G122/><T127/><D128/><U75/><E111/><V71/><F31/><W119/><G119/><T73/><D73/><U93/><E93/><V133/><F71/><W80/><G91/><N who="0" m="55775" /><D127/><U56/><REACH who="1" step="1"/><E75/><REACH who="1" ten="433,55,152,350" step="2"/><V85/><F133/><W35/><G80/><T30/><D118/><U33/><E33/><V83/><F83/><W49/><G115/><T32/><D32/><U102/><E102/><V87/><F98/><W45/><G113/><T40/><D40/><U107/><E107/><V60/><F97/><W123/><G123/><T101/><D101/><U16/><AGARI ba="3,1" hai="16,20,23,24,27,29,39,42,46,55,56,62,72,74" machi="16" ten="20,8000,1" yaku="1,1,0,1,7,1,52,1,54,1,53,0" doraHai="13" doraHaiUra="134" who="1" fromWho="1" sc="433,-23,55,99,152,-43,350,-23" /><INIT seed="7,0,0,0,5,2" ten="410,154,109,327" oya="3" hai0="81,127,47,72,70,43,90,25,100,125,22,10,118" hai1="17,13,91,49,93,42,51,61,120,15,52,36,126" hai2="50,114,94,129,80,21,37,40,103,119,101,28,115" hai3="60,71,59,131,6,30,84,20,110,79,66,130,57"/><W27/><G110/><T83/><D70/><U111/><E120/><V7/><F119/><W38/><G38/><T65/><D65/><U92/><E111/><V108/><F108/><W106/><G106/><T54/><D100/><U46/><E126/><N who="0" m="48137" /><D118/><U19/><E61/><V82/><F37/><W41/><G41/><T67/><D67/><U78/><E78/><V9/><F129/><N who="3" m="49163" /><G6/><T0/><D54/><U128/><E128/><V63/><F63/><W39/><G39/><N who="0" m="22015" /><D90/><U95/><E91/><V29/><F40/><W75/><G75/><T74/><D10/><U116/><E116/><V121/><F121/><W26/><G26/><T122/><D0/><U58/><E36/><V32/><F32/><W24/><G24/><T135/><D135/><U99/><E99/><V76/><F50/><W89/><G79/><T86/><D122/><U87/><E87/><V97/><F103/><W98/><G98/><T132/><D132/><U64/><E64/><V5/><F9/><W16/><G30/><N who="2" m="11881" /><F21/><W77/><G77/><T96/><D96/><U134/><E134/><V62/><F62/><W123/><G123/><T23/><D86/><U45/><E45/><V35/><F35/><W31/><G31/><N who="0" m="17847" /><D23/><N who="1" m="11695" /><E95/><AGARI ba="0,0" hai="16,20,27,57,59,60,66,71,84,89,95" m="49163" machi="95" ten="30,2900,0" yaku="19,1,54,1" doraHai="2" who="3" fromWho="1" sc="410,0,154,-29,109,0,327,29" /><INIT seed="7,1,0,3,1,128" ten="410,125,109,356" oya="3" hai0="58,85,76,129,113,7,116,42,105,5,20,112,13" hai1="102,40,61,115,2,122,131,6,83,107,89,39,8" hai2="126,65,12,33,125,92,63,1,95,50,72,52,27" hai3="10,91,118,28,38,46,71,53,74,19,26,123,30"/><W90/><G74/><T124/><D116/><U100/><E122/><V79/><F1/><W86/><G118/><T121/><D121/><U87/><E131/><V84/><F72/><W101/><G123/><T32/><D32/><U24/><E115/><N who="0" m="44105" /><D105/><U94/><E107/><V135/><F12/><N who="3" m="7575" /><G71/><T97/><D97/><U132/><E132/><V64/><F135/><W0/><G0/><T68/><D68/><U43/><E61/><V15/><F15/><W22/><G38/><T41/><D124/><N who="2" m="47722" /><F79/><W25/><G101/><T45/><D58/><U96/><E39/><V78/><F78/><W31/><G22/><T23/><D129/><U88/><E24/><N who="3" m="9322" /><G86/><T29/><D29/><N who="3" m="7425" /><W73/><DORA hai="9" /><G73/><T119/><D119/><U114/><E114/><V117/><F117/><W14/><G14/><T67/><D85/><U80/><E102/><V55/><F27/><W133/><G133/><T11/><D76/><U120/><E120/><V48/><F33/><W81/><G81/><T36/><D7/><U104/><E80/><V21/><F21/><W108/><G108/><T103/><D103/><U110/><E110/><V34/><F34/><W111/><G111/><T44/><D67/><N who="2" m="25674" /><F84/><AGARI ba="1,0" hai="2,6,8,40,43,83,84,87,88,89,94,96,100,104" machi="84" ten="30,2000,0" yaku="7,1,54,1" doraHai="128,9" who="1" fromWho="2" sc="410,0,125,23,109,-23,356,0" owari="410,51.0,148,-25.2,86,-41.4,356,15.6" /></mjloggm>