<mjloggm ver="2.3"><GO type="169" lobby="0"/><UN n0="%E6%A1%9C%E6%B2%A2%E5%A2%A8" n1="%E5%A4%A9%E6%89%8D%E9%BA%BB%E5%B0%86%E6%99%BA%E4%B9%83" n2="%E3%81%A8%E3%82%8D%E3%82%8D%E3%81%9D%E3%81%B0" n3="%E3%82%B5%E3%83%95%E3%82%A9%E3%83%BC%E3%82%AF%E3%81%AE%E7%94%BA" dan="16,16,17,16" rate="2042.00,2152.10,2245.03,2175.16" sx="F,M,M,M"/><TAIKYOKU oya="0"/><INIT seed="0,0,0,2,1,92" ten="250,250,250,250" oya="0" hai0="56,82,6,1,48,5,39,49,11,29,32,68,53" hai1="78,134,3,42,14,24,47,33,27,125,73,18,77" hai2="98,94,43,132,66,95,76,93,81,71,26,117,120" hai3="20,55,7,96,89,102,31,107,22,108,119,129,112"/><T34/><D39/><U124/><E3/><V25/><F120/><W79/><G112/><T52/><D68/><U28/><E27/><V65/><F132/><W58/><G119/><T23/><D6/><U44/><E134/><V128/><F128/><W41/><G108/><T30/><D82/><U113/><E113/><V85/><F117/><W67/><G79/><N who="1" m="30218" /><E73/><V74/><F74/><W109/><G109/><T88/><D88/><U38/><E42/><V99/><F43/><W8/><G67/><N who="2" m="25609" /><F71/><W16/><G41/><T131/><D131/><U9/><E38/><V97/><AGARI ba="0,0" hai="25,26,76,81,85,93,94,95,97,98,99" m="25609" machi="97" ten="40,8000,1" yaku="8,1,52,3" doraHai="92" who="2" fromWho="2" sc="250,-40,250,-20,250,80,250,-20" /><INIT seed="1,0,0,0,1,0" ten="210,230,330,230" oya="1" hai0="124,133,126,44,81,66,86,27,52,15,98,25,19" hai1="128,103,26,118,39,2,75,31,96,7,123,16,115" hai2="67,110,105,54,69,32,11,68,38,43,100,61,45" hai3="9,73,1,106,127,53,58,64,130,113,121,87,65"/><U77/><E115/><V12/><F110/><W94/><G73/><T95/><D66/><U72/><E118/><V13/><F69/><W78/><G106/><T51/><D133/><U119/><E119/><V82/><F82/><W107/><G107/><T60/><D60/><U28/><E123/><V20/><F20/><W84/><G130/><T17/><D126/><U104/><E39/><V125/><F125/><W29/><G121/><T50/><D50/><U76/><E128/><V91/><F91/><W71/><G71/><T47/><D47/><U36/><E36/><V70/><F70/><W74/><G74/><T122/><D122/><U56/><E75/><V4/><F32/><W40/><G40/><T46/><D46/><U92/><E104/><V42/><F42/><W30/><G87/><T59/><D59/><U109/><E109/><V90/><F90/><W120/><G113/><T108/><D19/><U111/><E111/><V33/><F33/><W89/><G78/><N who="0" m="46391" /><D124/><U134/><E134/><V116/><F116/><W3/><G3/><T97/><D108/><U99/><E99/><N who="0" m="37897" /><D95/><U22/><E56/><V37/><F37/><W34/><G34/><T79/><D79/><N who="1" m="30283" /><E72/><V55/><F105/><W24/><G120/><T49/><D49/><U6/><E2/><V35/><F35/><N who="3" m="20903" /><G30/><AGARI ba="0,0" hai="6,7,16,22,26,28,30,31,92,96,103" m="30283" machi="30" ten="30,11600,0" yaku="8,1,52,2,54,1" doraHai="0" who="1" fromWho="3" sc="210,0,230,116,330,0,230,-116" /><INIT seed="1,1,0,1,5,117" ten="210,346,330,114" oya="1" hai0="77,73,102,10,101,135,113,20,118,84,123,56,88" hai1="85,14,131,87,24,25,44,63,16,98,66,7,116" hai2="74,100,37,96,60,31,22,19,57,90,124,130,127" hai3="103,126,15,92,4,89,55,5,107,17,79,53,125"/><U59/><E116/><V51/><F37/><W2/><G79/><T27/><D118/><U97/><E131/><V106/><F74/><W21/><G103/><T28/><D113/><U72/><E72/><V47/><F31/><W29/><G107/><T67/><D135/><U43/><E7/><V48/><F90/><W110/><G29/><T58/><D123/><U82/><E98/><V64/><F130/><W49/><G55/><T128/><D128/><U119/><E97/><V46/><F51/><W11/><G5/><T18/><D77/><U134/><E134/><V52/><REACH who="2" step="1"/><F47/><REACH who="2" ten="210,346,320,114" step="2"/><W111/><G125/><T70/><D73/><U23/><E119/><V9/><F9/><W81/><G126/><T105/><D10/><U94/><E44/><V12/><AGARI ba="1,1" hai="12,19,22,46,48,52,57,60,64,96,100,106,124,127" machi="12" ten="30,4000,0" yaku="1,1,0,1,54,1,53,0" doraHai="117" doraHaiUra="115" who="2" fromWho="2" sc="210,-11,346,-21,320,53,114,-11" /><INIT seed="2,0,0,0,3,71" ten="199,325,373,103" oya="2" hai0="27,106,2,67,108,81,123,104,29,39,124,116,75" hai1="91,97,31,50,5,78,51,36,9,80,43,34,21" hai2="87,129,24,88,115,65,6,28,12,11,92,60,82" hai3="46,120,49,58,77,14,30,101,8,61,40,135,134"/><V133/><F129/><W69/><G69/><T79/><D123/><U132/><E34/><V37/><F133/><W68/><G68/><T55/><D55/><U72/><E132/><V94/><F37/><W54/><G120/><T47/><D67/><U105/><E31/><V3/><F3/><W4/><G101/><T53/><D108/><U102/><E21/><V22/><REACH who="2" step="1"/><F115/><REACH who="2" ten="199,325,363,103" step="2"/><W48/><G134/><T57/><D2/><N who="1" m="183" /><E91/><V128/><F128/><W114/><G135/><T103/><D39/><U20/><E20/><V35/><F35/><W16/><G114/><T32/><D32/><U111/><E111/><V19/><F19/><W23/><G30/><T17/><D17/><U130/><E130/><V126/><F126/><W99/><G77/><T52/><D124/><U66/><E66/><V15/><F15/><W131/><G131/><T119/><D79/><U122/><E122/><V107/><F107/><W64/><G64/><T45/><D104/><U86/><E36/><V96/><F96/><W109/><G99/><T76/><D29/><U33/><E33/><V62/><F62/><W89/><G109/><T90/><D106/><U44/><E105/><V38/><F38/><W118/><G89/><T56/><D90/><U117/><E97/><V18/><F18/><W73/><G61/><N who="0" m="35975" /><D103/><U26/><E102/><V41/><F41/><W7/><G16/><T100/><D100/><U93/><E78/><V63/><F63/><W74/><G14/><T84/><D76/><U10/><E43/><V85/><F85/><W25/><G40/><T0/><D0/><U59/><E86/><RYUUKYOKU ba="0,1" sc="199,-10,325,-10,363,30,103,-10" hai2="6,11,12,22,24,28,60,65,82,87,88,92,94" /><INIT seed="2,1,1,2,0,88" ten="189,315,393,93" oya="2" hai0="126,71,34,86,7,60,44,67,37,94,118,42,13" hai1="27,75,95,32,24,114,68,106,15,81,93,80,109" hai2="110,11,1,25,120,47,115,3,39,107,20,85,59" hai3="124,29,100,18,33,38,56,79,8,2,97,46,40"/><V117/><F107/><W91/><G124/><T127/><D34/><U104/><E68/><V9/><F115/><W99/><G56/><T132/><D132/><U102/><E32/><V66/><F117/><W26/><G91/><N who="0" m="53623" /><D118/><U119/><E119/><V12/><F120/><W49/><G79/><T5/><D13/><U14/><E75/><V4/><F110/><W48/><G99/><T78/><D78/><U41/><E41/><V92/><F39/><W10/><G2/><T6/><D37/><U108/><REACH who="1" step="1"/><E102/><REACH who="1" ten="189,305,393,93" step="2"/><V63/><F47/><W72/><G72/><T82/><D42/><U43/><E43/><V128/><F128/><W89/><G100/><T73/><D44/><U77/><E77/><V112/><F112/><AGARI ba="1,2" hai="14,15,24,27,80,81,93,95,104,106,108,109,112,114" machi="112" ten="25,12000,2" yaku="1,1,22,2,52,2,53,2" doraHai="88" doraHaiUra="122" who="1" fromWho="2" sc="189,0,305,143,393,-123,93,0" /><INIT seed="3,0,0,2,5,69" ten="189,448,270,93" oya="3" hai0="23,48,16,17,89,131,10,67,15,86,97,106,114" hai1="98,20,18,85,52,56,99,2,73,101,77,0,129" hai2="92,29,39,111,117,54,115,91,119,50,14,11,108" hai3="120,53,72,125,84,130,28,107,7,70,124,118,40"/><W38/><G72/><T105/><D131/><U88/><E73/><V47/><F29/><W4/><G107/><T57/><D114/><U62/><E98/><V6/><F115/><W12/><G70/><T34/><D34/><U46/><E46/><V49/><F49/><W66/><G66/><T55/><D67/><U109/><E109/><N who="2" m="42059" /><F39/><W42/><G118/><T79/><D79/><U64/><E77/><V80/><F80/><W8/><G8/><BYE who="3" /><T24/><REACH who="0" step="1"/><D97/><AGARI ba="0,0" hai="6,11,14,47,50,54,91,92,97,117,119" m="42059" machi="97" ten="30,1000,0" yaku="14,1" doraHai="69" who="2" fromWho="0" sc="189,-10,448,0,270,10,93,0" /><UN n3="%E3%82%B5%E3%83%95%E3%82%A9%E3%83%BC%E3%82%AF%E3%81%AE%E7%94%BA" /><INIT seed="4,0,0,1,0,121" ten="179,448,280,93" oya="0" hai0="46,81,80,24,30,76,101,16,3,88,131,0,84" hai1="60,43,17,55,31,82,129,83,133,74,22,50,38" hai2="132,108,96,127,18,123,20,124,99,112,77,72,115" hai3="1,29,97,47,11,117,54,45,91,105,10,89,35"/><T28/><D131/><U111/><E111/><V85/><F123/><W27/><G117/><T34/><D101/><U92/><E74/><V48/><F48/><W90/><G105/><T40/><D30/><U57/><E133/><V63/><F63/><W103/><G1/><T67/><D67/><U7/><E38/><V75/><F20/><W58/><G10/><T44/><D16/><U49/><E31/><V120/><F18/><W23/><G11/><T64/><D64/><U21/><E21/><V122/><F132/><W25/><G25/><T4/><D4/><U53/><E129/><V126/><F122/><W73/><G73/><N who="2" m="28233" /><F120/><W56/><G56/><T118/><D44/><N who="1" m="25759" /><E7/><V130/><F130/><W128/><G35/><T42/><D42/><U12/><E92/><V70/><F70/><W125/><G125/><T94/><D118/><U79/><E79/><V5/><F5/><W135/><G135/><T71/><D71/><U9/><E9/><V114/><F108/><W26/><G26/><T106/><D106/><U52/><E55/><V14/><F14/><W87/><G128/><T109/><D109/><U66/><E66/><V6/><F6/><W86/><G45/><AGARI ba="0,0" hai="12,17,22,45,50,52,53,57,60,82,83" m="25759" machi="45" ten="30,2000,0" yaku="8,1,54,1" doraHai="121" who="1" fromWho="3" sc="179,0,448,20,280,0,93,-20" /><INIT seed="5,0,0,0,3,68" ten="179,468,280,73" oya="1" hai0="27,55,23,123,56,71,125,85,117,119,24,32,89" hai1="61,78,101,132,37,20,98,72,122,10,121,87,58" hai2="16,19,74,105,62,94,29,93,124,30,57,81,2" hai3="38,91,12,18,102,69,35,7,65,46,77,26,75"/><U107/><E72/><V70/><F70/><W114/><G114/><T66/><D125/><U28/><E37/><V116/><F116/><W120/><G120/><T80/><D123/><U108/><E132/><V1/><F124/><W5/><G102/><T63/><D32/><U17/><E108/><V109/><F109/><W4/><G91/><T6/><D6/><U126/><E126/><V54/><F105/><W60/><G77/><T118/><REACH who="0" step="1"/><D23/><REACH who="0" ten="169,468,280,73" step="2"/><U128/><E20/><V83/><F1/><W59/><G35/><T22/><D22/><U133/><E122/><V113/><F2/><W95/><G4/><T104/><D104/><U34/><E107/><V52/><F113/><W47/><G5/><T99/><D99/><U106/><E98/><V3/><F3/><W79/><G7/><T53/><D53/><U103/><E34/><V48/><F74/><W111/><G75/><T97/><D97/><U115/><E106/><V110/><F110/><W100/><G111/><T31/><D31/><U21/><E28/><V127/><F127/><W9/><G18/><T42/><D42/><U64/><E17/><V15/><F30/><W84/><G9/><T25/><D25/><U44/><E10/><V129/><F29/><W67/><G26/><T96/><D96/><U45/><E21/><V131/><F19/><W82/><G100/><T40/><D40/><U134/><E115/><V11/><F16/><W33/><G33/><T86/><D86/><U39/><E103/><V92/><F11/><W41/><G84/><T90/><D90/><U112/><E112/><V14/><F54/><RYUUKYOKU ba="0,1" sc="169,30,468,-10,280,-10,73,-10" hai0="24,27,55,56,63,66,71,80,85,89,117,118,119" /><INIT seed="6,1,1,3,2,20" ten="199,458,270,63" oya="2" hai0="132,45,39,111,28,48,85,9,44,55,66,122,71" hai1="99,98,35,73,16,33,130,46,57,96,78,62,2" hai2="24,121,91,38,93,14,60,10,127,103,12,120,6" hai3="117,135,90,84,94,108,97,69,56,22,36,119,123"/><V131/><F38/><W115/><G69/><T8/><D122/><U13/><E2/><V3/><F127/><W31/><G36/><T77/><D111/><U125/><E125/><V1/><F131/><W29/><G123/><T65/><D132/><U128/><E46/><V63/><F103/><W133/><G56/><T112/><D112/><U59/><E78/><V25/><F121/><W76/><G31/><T27/><D71/><U47/><E47/><V40/><F120/><W43/><G43/><T126/><D126/><U134/><E73/><V19/><F40/><W61/><G61/><N who="2" m="23625" /><F1/><W67/><G67/><N who="0" m="25611" /><D44/><U18/><E134/><N who="3" m="51210" /><G108/><T58/><D45/><U11/><E59/><V26/><F3/><W64/><G64/><T107/><D107/><U102/><E102/><V118/><F118/><W100/><G115/><T42/><D42/><U116/><E116/><V86/><F14/><W105/><G76/><T34/><D34/><U101/><E101/><V129/><F129/><N who="1" m="49769" /><E57/><V32/><F32/><N who="1" m="12361" /><E62/><V15/><F15/><W5/><G119/><T52/><D39/><U124/><E124/><V21/><AGARI ba="1,1" hai="6,10,12,19,21,24,25,26,86,91,93" m="23625" machi="21" ten="30,11700,0" yaku="8,1,52,3" doraHai="20" who="2" fromWho="2" sc="199,-40,458,-40,270,130,63,-40" /><INIT seed="6,2,0,3,3,108" ten="159,418,400,23" oya="2" hai0="68,44,51,98,3,63,1,43,122,12,42,49,11" hai1="22,5,40,76,37,24,97,47,60,128,72,134,121" hai2="14,33,113,74,9,88,73,133,48,34,89,107,131" hai3="102,99,55,106,59,7,58,41,116,95,2,82,70"/><V103/><F131/><W135/><G70/><T125/><D122/><U101/><E128/><V53/><F133/><W112/><G116/><T35/><D35/><U84/><E134/><V104/><F34/><W105/><G135/><T20/><D125/><U19/><E121/><V46/><F33/><W15/><G2/><T32/><D32/><U61/><E72/><V8/><F8/><W26/><G41/><T117/><D117/><U115/><E115/><V29/><F29/><W92/><G82/><T126/><D126/><U124/><E124/><V67/><F67/><W129/><G26/><T10/><D20/><U28/><E5/><V31/><F31/><W38/><G38/><T18/><D11/><U39/><E39/><V56/><F113/><W100/><G129/><T65/><D98/><U75/><E75/><V118/><F118/><W85/><G15/><T87/><D87/><U69/><E69/><V62/><F74/><W91/><G7/><T79/><D79/><U127/><E127/><V54/><F73/><W21/><G21/><T120/><D120/><U64/><E28/><V80/><F103/><W93/><G59/><T0/><D0/><U90/><E64/><V81/><F80/><W71/><G71/><T45/><AGARI ba="2,0" hai="1,3,10,12,18,42,43,44,45,49,51,63,65,68" machi="45" ten="30,2000,0" yaku="0,1,9,1" doraHai="108" who="0" fromWho="0" sc="159,26,418,-7,400,-12,23,-7" /><INIT seed="7,0,0,3,2,129" ten="185,411,388,16" oya="3" hai0="61,10,124,29,86,64,63,93,87,109,8,81,52" hai1="25,122,66,43,135,40,104,48,97,120,11,18,55" hai2="134,47,101,30,132,3,0,39,69,20,110,4,128" hai3="32,88,56,12,83,9,41,24,26,89,22,125,118"/><W33/><G125/><T65/><D109/><U78/><E135/><N who="2" m="51755" /><F110/><W35/><G118/><T23/><D124/><U133/><E133/><V6/><F128/><W57/><G41/><T79/><D52/><U68/><E78/><V19/><F69/><W77/><G57/><T85/><D61/><U116/><E116/><V67/><F67/><N who="0" m="25674" /><D63/><U44/><E66/><V103/><F30/><W102/><G102/><N who="2" m="38921" /><F39/><W72/><G56/><T17/><D29/><U96/><E68/><V54/><F54/><W100/><G100/><T70/><D70/><U37/><E55/><V50/><F50/><W131/><G131/><T49/><D49/><U76/><E48/><V108/><F108/><W28/><REACH who="3" step="1"/><G26/><REACH who="3" ten="185,411,388,6" step="2"/><N who="0" m="14703" /><D93/><U80/><E25/><N who="2" m="14495" /><F47/><W1/><G1/><AGARI ba="0,1" hai="0,1,3,4,6" m="14495,38921,51755" machi="1" ten="30,7700,0" yaku="20,1,52,3" doraHai="129" who="2" fromWho="3" sc="185,0,411,0,388,87,6,-77" owari="185,-21.5,411,21.1,475,57.5,-71,-57.1" /></mjloggm>