<mjloggm ver="2.3"><GO type="169" lobby="0"/><UN n0="%E6%A4%9B%E5%8D%97" n1="%E3%81%86%E3%81%9A%E3%82%89%E5%8D%B5%E3%83%95%E3%83%A9%E3%82%A4" n2="%E5%B0%8F%E4%B8%89%E5%85%83%E5%8D%97%E5%8D%98%E9%A8%8E" n3="%E5%A4%A9%E7%A9%BA%E3%81%AE%E6%8A%80" dan="18,16,16,16" rate="2222.88,2035.20,2091.84,2136.90" sx="F,M,M,M"/><TAIKYOKU oya="0"/><INIT seed="0,0,0,5,5,98" ten="250,250,250,250" oya="0" hai0="108,115,56,99,16,6,34,89,20,7,93,125,90" hai1="102,92,132,49,61,71,40,114,53,95,54,27,42" hai2="83,85,103,41,23,80,129,106,13,68,113,107,111" hai3="120,88,123,17,74,45,26,70,65,124,25,96,117"/><T47/><D34/><U64/><E132/><V122/><F122/><W55/><G74/><T118/><D115/><U5/><E114/><V128/><F113/><W63/><G117/><T35/><D35/><U4/><E27/><V81/><F68/><W60/><G124/><T73/><D118/><U121/><E121/><N who="3" m="46666" /><G17/><T12/><D125/><U97/><E92/><V48/><F23/><W127/><G127/><T130/><D130/><N who="2" m="50282" /><F13/><W126/><G126/><T119/><D73/><U134/><E134/><V36/><F36/><W37/><G63/><T30/><D30/><U11/><E54/><V79/><F41/><N who="3" m="22703" /><G55/><T77/><D108/><U86/><E4/><V44/><F44/><W104/><G104/><N who="2" m="39977" /><F48/><W72/><G72/><T39/><D39/><U43/><E86/><N who="2" m="48415" /><F111/><W78/><G26/><T131/><D131/><U59/><REACH who="1" step="1"/><E40/><REACH who="1" ten="250,240,250,250" step="2"/><V24/><F24/><W3/><G25/><T31/><D119/><U91/><E91/><N who="2" m="51631" /><F83/><W38/><G65/><T67/><D7/><U9/><E9/><V133/><F133/><W94/><G3/><AGARI ba="0,1" hai="3,5,11,42,43,49,53,59,61,64,71,95,97,102" machi="3" ten="30,3900,0" yaku="1,1,7,1,52,1,53,0" doraHai="98" doraHaiUra="87" who="1" fromWho="3" sc="250,0,240,49,250,0,250,-39" /><INIT seed="1,0,0,1,3,54" ten="250,289,250,211" oya="1" hai0="118,124,110,0,13,135,67,32,121,22,46,82,127" hai1="8,74,116,100,108,10,76,96,97,115,123,77,56" hai2="87,21,12,104,63,29,31,5,45,93,47,103,114" hai3="1,37,80,40,125,19,88,66,119,111,92,34,9"/><U131/><E115/><V51/><F114/><W3/><G111/><T44/><D0/><U98/><E116/><V6/><F104/><W55/><G34/><T38/><D32/><U132/><E123/><V109/><F109/><W91/><G125/><T2/><D2/><U71/><E71/><V25/><F47/><W36/><G66/><T106/><D110/><U101/><E108/><V64/><F31/><W112/><G112/><T33/><D33/><U81/><E131/><V61/><F12/><W99/><G40/><T58/><D106/><U83/><E132/><V102/><F87/><W90/><G119/><T120/><D38/><U107/><E107/><V11/><F11/><W69/><G69/><T53/><D67/><U86/><REACH who="1" step="1"/><E56/><REACH who="1" ten="250,279,250,211" step="2"/><N who="2" m="36903" /><F63/><W105/><G105/><T134/><D118/><U26/><E26/><V35/><F35/><W14/><G80/><T78/><D135/><U4/><E4/><N who="2" m="1643" /><F93/><W48/><G92/><T84/><D134/><U50/><E50/><V52/><AGARI ba="0,1" hai="21,25,29,45,51,52,102,103" m="1643,36903" machi="52" ten="30,4000,0" yaku="8,1,52,1,54,1" doraHai="54" who="2" fromWho="2" sc="250,-10,279,-20,250,50,211,-10" /><INIT seed="2,0,0,0,1,32" ten="240,259,300,201" oya="2" hai0="119,113,78,58,81,63,88,70,22,47,20,91,121" hai1="128,16,51,21,35,54,115,41,15,79,135,105,56" hai2="107,134,55,9,127,94,124,117,122,112,92,36,61" hai3="102,31,24,109,33,114,89,5,28,85,46,111,126"/><V30/><F112/><W8/><G126/><N who="2" m="48169" /><F117/><W19/><G102/><T133/><D119/><U73/><E115/><V100/><F122/><W57/><G114/><T18/><D133/><U97/><E135/><V6/><F36/><W42/><G57/><T43/><D70/><U90/><E35/><V50/><F61/><W72/><G72/><T96/><D121/><U86/><E128/><V1/><F30/><W93/><G31/><T4/><D4/><U125/><E125/><V71/><F71/><W98/><G19/><T34/><D34/><U69/><E69/><V10/><F10/><W26/><G26/><T39/><D96/><U67/><E41/><V108/><F108/><W95/><G98/><T11/><D11/><U74/><E67/><V29/><F29/><W27/><G27/><T62/><D62/><U116/><E116/><V77/><F77/><W49/><REACH who="3" step="1"/><G93/><REACH who="3" ten="240,259,300,191" step="2"/><T104/><D113/><U13/><E74/><V129/><F134/><W48/><G48/><T123/><D123/><U120/><E73/><V110/><F110/><W80/><G80/><T106/><D81/><U64/><E120/><V37/><F37/><W7/><G7/><T12/><D39/><U2/><E51/><V53/><F50/><W23/><G23/><T60/><D22/><U83/><E21/><V52/><F129/><W84/><G84/><T101/><D20/><U103/><E83/><V14/><F94/><W66/><G66/><T68/><D68/><U38/><E64/><V76/><F92/><W131/><G131/><T132/><D132/><U0/><E38/><V99/><F76/><RYUUKYOKU ba="0,1" sc="240,-15,259,-15,300,15,191,15" hai2="1,6,9,14,52,53,55,99,100,107" hai3="5,8,24,28,33,42,46,49,85,89,95,109,111" /><INIT seed="2,1,1,2,5,66" ten="225,244,315,206" oya="2" hai0="81,69,4,130,14,45,5,106,19,128,28,55,63" hai1="85,57,8,92,64,49,108,105,79,78,11,119,109" hai2="89,103,121,76,29,98,26,13,48,37,38,0,125" hai3="70,116,33,135,40,94,34,16,93,72,107,97,54"/><V88/><F121/><W52/><G72/><T65/><D106/><U59/><E105/><V82/><F0/><W12/><G116/><T86/><D28/><U2/><E119/><V84/><F125/><W61/><G40/><T132/><D132/><U32/><E32/><V74/><F48/><W1/><G1/><T122/><D55/><U71/><E2/><V113/><F13/><W127/><G135/><T111/><D111/><U134/><E134/><V15/><F15/><W30/><G127/><T41/><D122/><U50/><E92/><N who="3" m="35434" /><G33/><T131/><D86/><U129/><E85/><V21/><F113/><W101/><G16/><T22/><REACH who="0" step="1"/><D81/><REACH who="0" ten="215,244,315,206" step="2"/><U95/><E95/><N who="2" m="54663" /><F89/><W46/><G54/><T62/><D62/><U10/><E109/><V100/><F100/><W58/><G61/><T115/><D115/><U87/><E108/><V99/><F99/><W104/><G97/><T7/><D7/><U60/><E60/><V80/><F80/><W68/><G101/><T25/><D25/><U123/><E123/><V56/><F56/><W120/><G120/><T96/><D96/><U53/><E59/><V43/><F43/><W44/><G58/><T3/><D3/><U110/><E57/><V36/><F103/><W90/><G104/><T73/><D73/><U67/><E110/><V24/><F98/><W23/><G107/><T6/><D6/><U31/><E53/><V102/><F102/><W39/><G52/><T20/><D20/><U77/><E87/><V35/><F21/><W42/><G23/><T114/><D114/><U117/><E117/><V112/><F112/><RYUUKYOKU ba="1,2" sc="215,15,244,-15,315,15,206,-15" hai0="4,5,14,19,22,41,45,63,65,69,128,130,131" hai2="24,26,29,35,36,37,38,74,76,82" /><INIT seed="2,2,2,2,1,109" ten="230,229,330,191" oya="2" hai0="91,93,121,81,47,102,31,28,132,90,0,94,57" hai1="55,120,66,64,56,116,13,127,45,52,3,99,11" hai2="16,106,58,103,104,108,72,84,77,59,39,61,71" hai3="134,83,89,38,80,110,7,70,75,112,114,123,48"/><V5/><F108/><W100/><G123/><T49/><D0/><U82/><E116/><V44/><F72/><W36/><G110/><T29/><D132/><U34/><E34/><V63/><F5/><W10/><G70/><T27/><D121/><U68/><E3/><V35/><F35/><W97/><G134/><T8/><D102/><U117/><E117/><V130/><F71/><W107/><G48/><T54/><D8/><U79/><E68/><V73/><F73/><W74/><G74/><T9/><D9/><U65/><E127/><V14/><F103/><W12/><G83/><T126/><D126/><U96/><E45/><V87/><F130/><W33/><G33/><T26/><D81/><U17/><E120/><V42/><F77/><W40/><G40/><T105/><D47/><U22/><E22/><V50/><F39/><W43/><G43/><T37/><D37/><U2/><E55/><N who="2" m="34015" /><F106/><W25/><G25/><T119/><D105/><U62/><REACH who="1" step="1"/><E2/><REACH who="1" ten="230,219,330,191" step="2"/><V129/><F129/><W23/><G23/><T51/><D119/><U1/><E1/><V135/><F135/><W133/><G133/><T24/><D54/><U78/><E78/><V86/><F104/><W21/><G21/><T85/><REACH who="0" step="1"/><D57/><REACH who="0" ten="220,219,330,191" step="2"/><U122/><E122/><V69/><F69/><W32/><G107/><T6/><D6/><U125/><E125/><V76/><F59/><W124/><G124/><T19/><D19/><U67/><N who="1" m="16384" /><DORA hai="115" /><U18/><E18/><V128/><F128/><W118/><G118/><T20/><D20/><U60/><E60/><V88/><F63/><W92/><G7/><RYUUKYOKU ba="2,4" sc="220,15,219,15,330,-15,191,-15" hai0="24,26,27,28,29,31,49,51,85,90,91,93,94" hai1="11,13,17,52,56,62,79,82,96,99" /><INIT seed="3,3,4,4,0,43" ten="235,234,315,176" oya="3" hai0="135,109,103,113,47,13,87,78,28,123,79,90,49" hai1="75,104,88,41,9,92,18,86,120,39,52,66,64" hai2="22,72,6,98,15,21,106,114,112,61,93,132,17" hai3="73,29,134,124,74,35,129,127,27,60,62,23,1"/><W91/><G1/><T42/><D123/><U128/><E120/><V7/><F72/><W10/><G10/><T133/><D109/><U24/><E75/><N who="3" m="28682" /><G129/><T46/><D103/><U126/><E104/><V25/><F132/><N who="0" m="50762" /><D28/><U101/><E128/><V3/><F106/><W70/><G134/><T80/><D113/><U69/><E101/><N who="2" m="60623" /><F114/><W38/><G38/><N who="0" m="21847" /><D13/><U14/><E69/><V59/><F3/><W118/><G118/><T5/><D5/><U100/><E100/><V121/><F121/><W12/><G70/><T94/><D94/><U89/><E89/><V16/><F112/><W0/><G0/><T37/><D37/><U58/><E24/><V81/><F81/><W111/><G111/><T33/><D33/><U63/><REACH who="1" step="1"/><E126/><REACH who="1" ten="235,224,315,176" step="2"/><N who="3" m="48170" /><G91/><T57/><D90/><U51/><E51/><V82/><F82/><W4/><G35/><T99/><D79/><U76/><E76/><V50/><F50/><W117/><G117/><T102/><D102/><U116/><E116/><V53/><AGARI ba="3,5" hai="6,7,15,16,17,21,22,25,53,59,61" m="60623" machi="53" ten="30,2000,0" yaku="8,1,54,1" doraHai="43" who="2" fromWho="2" sc="235,-8,224,-8,315,79,176,-13" /><INIT seed="4,0,0,4,5,111" ten="227,216,394,163" oya="0" hai0="66,110,128,117,4,135,30,75,43,57,23,12,60" hai1="55,105,39,20,134,58,123,61,91,22,132,8,38" hai2="5,100,65,102,90,9,103,112,26,31,2,68,16" hai3="88,0,106,119,62,40,3,92,17,56,125,131,97"/><T54/><D117/><U53/><E123/><V114/><F16/><W41/><G131/><T6/><D135/><N who="1" m="51755" /><E105/><V83/><F68/><W71/><G125/><T7/><D128/><U36/><E53/><V78/><F90/><W70/><G70/><T15/><D110/><U133/><N who="1" m="51763" /><U93/><DORA hai="25" /><E8/><V96/><F96/><AGARI ba="0,0" hai="20,22,36,38,39,55,58,61,91,93,96" m="51763" machi="96" ten="50,1600,0" yaku="20,1" doraHai="111,25" who="1" fromWho="2" sc="227,0,216,16,394,-16,163,0" /><INIT seed="5,0,0,2,5,113" ten="227,232,378,163" oya="1" hai0="65,123,70,119,8,39,4,71,30,135,18,124,63" hai1="62,106,41,110,5,109,125,36,14,7,0,103,40" hai2="72,3,97,73,111,100,31,33,13,127,95,48,47" hai3="79,74,105,17,21,84,42,55,64,101,58,130,88"/><U108/><E0/><V92/><F3/><W27/><G130/><T69/><D135/><U89/><E125/><V104/><F111/><W76/><G74/><T25/><D124/><U54/><E36/><V29/><F127/><W1/><G1/><T22/><D39/><U102/><E89/><V122/><F122/><W75/><G75/><T66/><D123/><U131/><E131/><V67/><F73/><W2/><G2/><T32/><D119/><U126/><E126/><V6/><F72/><W116/><G42/><N who="1" m="16490" /><E106/><V77/><F77/><W35/><G35/><T114/><D114/><U15/><E54/><V56/><F95/><W86/><G116/><T12/><REACH who="0" step="1"/><D66/><REACH who="0" ten="217,232,378,163" step="2"/><U82/><E110/><V87/><F67/><W26/><G64/><T52/><D52/><U38/><E38/><V98/><F33/><W16/><G55/><T91/><D91/><U112/><E109/><V46/><F100/><W129/><G101/><T44/><D44/><U94/><E108/><V107/><F47/><W49/><G129/><T81/><D81/><U115/><E82/><V80/><F80/><W68/><G88/><T121/><D121/><U50/><E103/><V24/><F46/><W132/><G76/><T28/><D28/><U43/><E115/><V60/><F31/><W118/><G79/><T34/><D34/><U20/><E112/><V128/><F29/><W19/><G118/><T117/><D117/><U53/><E43/><V11/><F128/><W93/><G132/><T83/><D83/><U37/><E102/><V61/><F107/><W96/><G105/><T23/><D23/><RYUUKYOKU ba="0,1" sc="217,30,232,-10,378,-10,163,-10" hai0="4,8,12,18,22,25,30,32,63,65,69,70,71" /><INIT seed="6,1,1,2,4,119" ten="247,222,368,153" oya="2" hai0="57,50,17,52,80,135,101,37,117,105,130,114,108" hai1="43,69,41,116,122,107,14,67,33,13,126,99,113" hai2="96,39,2,11,90,93,51,6,24,85,109,100,121" hai3="91,62,12,56,97,26,71,123,115,16,7,0,127"/><V133/><F133/><W63/><G127/><T129/><D108/><U47/><E116/><V65/><F39/><W78/><G123/><T89/><D117/><U102/><E126/><V95/><F109/><W4/><G0/><T54/><D37/><U31/><E113/><V120/><F65/><W98/><G78/><T49/><D114/><U86/><E86/><V61/><F61/><W44/><G71/><T103/><D105/><U40/><E47/><V81/><F24/><W84/><G44/><T79/><D89/><U36/><E36/><V18/><F18/><W38/><G38/><T35/><D35/><U110/><E110/><V88/><F51/><W118/><G115/><T106/><D17/><U83/><E83/><V22/><F22/><W68/><G68/><T1/><D1/><U20/><E20/><V60/><F60/><N who="3" m="23083" /><G26/><T53/><D106/><U64/><E69/><V46/><F46/><W76/><G76/><T10/><D54/><U45/><E45/><V111/><F111/><W25/><G25/><T9/><D79/><U92/><E107/><V27/><F27/><W42/><G42/><T72/><D72/><U124/><E124/><V55/><F55/><W70/><G56/><T5/><D57/><U29/><E33/><V48/><F48/><W77/><G70/><T59/><D59/><U74/><E74/><V19/><F19/><W28/><G118/><T34/><D34/><U73/><E73/><V3/><F2/><W128/><G28/><N who="1" m="10826" /><E122/><V87/><AGARI ba="1,1" hai="3,6,11,81,85,87,88,90,93,95,96,100,120,121" machi="87" ten="20,12000,1" yaku="0,1,7,1,52,2,54,1" doraHai="119" who="2" fromWho="2" sc="247,-41,222,-41,368,133,153,-41" /><INIT seed="6,2,0,3,5,92" ten="206,181,501,112" oya="2" hai0="123,33,82,96,31,32,118,27,59,86,70,43,60" hai1="66,6,100,90,127,38,116,132,128,126,97,14,91" hai2="46,2,83,64,41,63,106,71,68,49,121,0,101" hai3="48,9,119,114,39,89,24,37,5,12,88,113,95"/><V109/><F83/><W72/><G72/><T40/><D123/><U10/><E38/><V7/><F7/><W13/><G119/><T19/><D70/><U17/><E116/><V129/><F101/><W85/><G24/><T44/><D19/><U21/><E132/><V20/><F20/><W133/><G133/><T65/><D118/><U47/><E47/><V50/><F106/><W125/><G125/><N who="1" m="47626" /><E66/><V78/><F78/><W77/><G77/><T94/><D44/><U62/><E62/><V112/><F0/><W98/><G48/><T134/><D33/><U108/><E108/><V117/><F2/><W34/><G34/><T131/><D131/><U23/><E23/><V26/><F64/><W75/><G75/><T25/><D25/><N who="1" m="14511" /><E128/><V52/><F63/><W76/><G76/><T67/><D67/><U53/><E53/><V81/><F52/><W79/><G79/><T22/><D32/><U3/><E3/><V45/><F45/><W56/><G56/><T51/><D51/><U15/><E15/><V69/><F50/><W102/><G13/><T42/><D134/><U105/><AGARI ba="2,0" hai="6,10,14,90,91,97,100,105" m="14511,47626" machi="105" ten="30,2000,0" yaku="18,1,52,1" doraHai="92" who="1" fromWho="1" sc="206,-7,181,26,501,-12,112,-7" /><INIT seed="7,0,0,4,1,54" ten="199,207,489,105" oya="3" hai0="71,102,112,66,58,21,3,116,90,123,41,129,29" hai1="22,77,115,111,42,127,4,89,47,31,131,52,17" hai2="62,6,103,104,130,13,113,133,93,55,59,44,114" hai3="100,126,51,57,12,85,25,106,110,80,105,91,72"/><W96/><G126/><T14/><D3/><U74/><E111/><V5/><F130/><W124/><G124/><T67/><D116/><U38/><E127/><V43/><F104/><W73/><G110/><T99/><D71/><U63/><E115/><N who="2" m="44043" /><F133/><W128/><G128/><T27/><D123/><U15/><E52/><V2/><F2/><W98/><G25/><T64/><D112/><U78/><E63/><V125/><F125/><W92/><G12/><T86/><D41/><U36/><E47/><V82/><F82/><W26/><G26/><T32/><D14/><U35/><E89/><V88/><F103/><N who="3" m="62711" /><G57/><T132/><D132/><U9/><E42/><V75/><F75/><N who="3" m="28747" /><G51/><T122/><D122/><U16/><E15/><V120/><F120/><W81/><AGARI ba="0,0" hai="80,81,85,91,92,96,100,106" m="28747,62711" machi="81" ten="30,12000,1" yaku="35,5" doraHai="54" who="3" fromWho="3" sc="199,-40,207,-40,489,-40,105,120" /><INIT seed="7,1,0,4,0,127" ten="159,167,449,225" oya="3" hai0="61,68,41,100,107,60,17,49,55,78,109,0,20" hai1="114,91,56,96,76,94,105,121,125,90,131,99,37" hai2="35,88,1,24,25,43,10,36,113,50,26,63,29" hai3="2,66,48,74,84,46,117,101,70,106,42,81,133"/><W71/><G133/><T95/><D0/><U118/><E37/><V79/><F113/><W8/><G66/><T102/><D107/><U86/><E121/><V34/><F36/><N who="3" m="21831" /><G84/><T98/><D109/><U72/><E114/><V77/><F63/><N who="0" m="24138" /><D68/><U119/><E56/><V104/><F104/><W103/><G48/><T111/><D111/><U110/><E110/><V132/><F132/><W120/><G117/><N who="1" m="44554" /><E125/><V92/><F50/><W32/><G120/><T122/><D122/><U27/><E27/><V31/><F43/><W93/><G32/><T65/><D41/><U80/><E131/><V124/><F124/><W126/><G126/><T135/><D135/><U59/><E59/><V112/><F112/><W44/><G71/><T14/><D65/><U21/><E21/><V4/><F26/><W5/><G70/><T3/><D3/><U9/><E9/><V33/><F35/><W54/><G8/><T15/><D78/><U51/><E51/><V69/><F69/><W67/><G67/><T7/><D7/><U128/><E128/><V115/><F115/><W129/><G5/><T18/><D18/><U11/><E11/><V116/><F116/><W40/><G129/><T97/><D15/><U73/><E105/><V130/><F130/><W62/><G40/><T16/><D17/><U39/><E39/><V53/><F53/><W82/><G2/><T87/><D87/><AGARI ba="1,0" hai="1,4,10,24,25,29,31,33,34,77,79,87,88,92" machi="87" ten="30,3900,0" yaku="7,1,9,1,54,1" doraHai="127" who="2" fromWho="0" sc="159,-42,167,0,449,42,225,0" owari="117,-38.3,167,-23.3,491,59.1,225,2.5" /></mjloggm>