<mjloggm ver="2.3"><GO type="169" lobby="0"/><UN n0="%E9%81%85%E5%88%BB%E3%81%AE%E3%83%97%E3%83%AA%E3%83%B3%E3%82%B9%E2%99%AA" n1="%E3%81%9F%E3%81%8B%E3%81%AA" n2="%E3%82%A2%E3%83%A9%E3%82%B5%E3%83%BC%E3%81%A0%E3%82%88%21%21" n3="%E3%81%BC%E3%82%93%E3%81%BC%E3%82%93" dan="16,19,18,16" rate="2157.52,2224.75,2208.15,2107.65" sx="F,M,M,M"/><TAIKYOKU oya="0"/><INIT seed="0,0,0,1,4,43" ten="250,250,250,250" oya="0" hai0="89,77,84,11,70,3,54,73,83,113,0,22,9" hai1="107,33,17,91,2,94,32,28,25,120,128,114,79" hai2="82,112,103,102,39,126,6,41,129,117,1,31,93" hai3="96,108,100,98,8,13,88,50,27,99,58,75,115"/><T44/><D113/><U125/><E120/><V52/><F112/><W21/><G75/><T116/><D116/><U72/><E114/><V18/><F117/><W30/><G115/><T81/><D70/><U104/><E2/><V57/><F31/><W95/><G108/><T133/><D133/><U66/><E33/><V67/><F129/><W59/><G50/><T87/><D73/><U92/><E66/><V78/><F67/><W48/><G48/><T119/><D119/><U64/><E64/><V45/><F93/><W134/><G134/><T123/><D123/><U12/><E125/><V56/><F56/><W130/><G130/><T124/><D124/><U85/><E128/><V86/><F18/><W29/><G29/><T36/><D22/><U105/><E92/><V10/><REACH who="2" step="1"/><F126/><REACH who="2" ten="250,250,240,250" step="2"/><W7/><REACH who="3" step="1"/><G100/><REACH who="3" ten="250,250,240,240" step="2"/><T55/><D0/><U16/><E28/><V71/><F71/><W15/><G15/><T24/><D3/><U68/><E68/><V35/><F35/><W53/><G53/><T97/><D54/><U14/><E32/><V111/><F111/><W80/><G80/><T76/><D55/><U132/><E132/><V127/><F127/><W62/><G62/><AGARI ba="0,2" hai="1,6,10,39,41,45,52,57,62,78,82,86,102,103" machi="62" ten="30,7700,0" yaku="1,1,7,1,52,1,54,1,53,0" doraHai="43" doraHaiUra="122" who="2" fromWho="3" sc="250,0,250,0,240,97,240,-77" /><INIT seed="1,0,0,5,0,100" ten="250,250,337,163" oya="1" hai0="40,53,46,86,79,107,25,110,95,85,117,12,66" hai1="10,90,122,119,30,77,76,0,8,64,47,69,5" hai2="11,57,45,72,87,56,129,131,55,43,19,67,92" hai3="113,2,58,23,60,115,89,130,109,99,33,68,50"/><U35/><E119/><V26/><F72/><W116/><G33/><T24/><D117/><U16/><E122/><V39/><F67/><W97/><G2/><T48/><D110/><U135/><E135/><V70/><F70/><W36/><G36/><T15/><D107/><U75/><E90/><N who="2" m="53343" /><F26/><N who="0" m="10346" /><D66/><U41/><E30/><V120/><F120/><W13/><G116/><T125/><D125/><U44/><E35/><V98/><F98/><W102/><G130/><N who="2" m="49673" /><F55/><W61/><G109/><T83/><D53/><U18/><E10/><V112/><F112/><W20/><G89/><AGARI ba="0,0" hai="12,15,40,46,48,79,83,85,86,89,95" m="10346" machi="89" ten="30,1000,0" yaku="8,1" doraHai="100" who="0" fromWho="3" sc="250,10,250,0,337,0,163,-10" /><INIT seed="2,0,0,1,0,26" ten="260,250,337,153" oya="2" hai0="30,70,72,66,102,97,16,127,62,105,113,77,133" hai1="47,24,85,8,101,55,63,99,40,44,110,131,42" hai2="22,95,5,126,120,14,1,76,109,2,65,4,50" hai3="118,57,90,25,28,108,124,81,23,86,80,123,74"/><V9/><F120/><W56/><G108/><T91/><D113/><U98/><E110/><V132/><F109/><W104/><G104/><T15/><D127/><U39/><E131/><V3/><F126/><W53/><G124/><T10/><D133/><U20/><E8/><V89/><F132/><W116/><G123/><T0/><D0/><U69/><E85/><V61/><F76/><W54/><G74/><T134/><D134/><U129/><E129/><V117/><F50/><W78/><G78/><T38/><D38/><U106/><E98/><V96/><F117/><W6/><G6/><T7/><D30/><U68/><E55/><V60/><F5/><W37/><G37/><T41/><D41/><U122/><E63/><V48/><F48/><N who="3" m="30759" /><G118/><T46/><D46/><U119/><E122/><V34/><F34/><W94/><G116/><T79/><D72/><U17/><REACH who="1" step="1"/><E119/><REACH who="1" ten="260,240,337,153" step="2"/><V93/><F61/><AGARI ba="0,1" hai="23,25,28,54,57,61,80,81,86,90,94" m="30759" machi="61" ten="30,2000,0" yaku="8,1,52,1" doraHai="26" who="3" fromWho="2" sc="260,0,240,0,337,-20,153,30" /><INIT seed="3,0,0,3,2,32" ten="260,240,317,183" oya="3" hai0="60,2,21,91,99,123,39,92,10,24,111,53,73" hai1="43,118,29,82,66,90,11,30,98,107,33,5,34" hai2="52,79,35,23,65,130,87,69,3,61,106,114,58" hai3="126,59,64,110,26,0,125,85,19,109,44,129,41"/><W17/><G129/><T88/><D123/><U22/><E43/><V105/><F114/><W96/><G96/><T49/><D39/><U93/><E118/><V131/><F35/><W89/><G64/><T117/><D117/><U54/><E107/><V7/><F23/><W81/><G59/><T78/><D60/><U56/><E66/><V115/><F115/><W101/><G101/><T122/><D122/><U27/><E30/><V77/><F3/><W94/><G94/><T97/><D111/><N who="3" m="42505" /><G0/><T71/><D71/><U86/><E54/><V38/><F38/><N who="3" m="21559" /><G26/><T55/><D55/><U40/><E40/><V132/><F106/><W6/><G6/><T8/><D2/><U102/><REACH who="1" step="1"/><E56/><REACH who="1" ten="260,230,317,183" step="2"/><V42/><F105/><W134/><G134/><T83/><D53/><U63/><E63/><V25/><F132/><W14/><G17/><T103/><D49/><U16/><E16/><V100/><F131/><W36/><G36/><T119/><D119/><U70/><E70/><V18/><F130/><W37/><G37/><T72/><D103/><U133/><E133/><V46/><F100/><W135/><G135/><T116/><D116/><U76/><E76/><V57/><F79/><W108/><G108/><T95/><REACH who="0" step="1"/><D72/><REACH who="0" ten="250,230,317,183" step="2"/><U104/><E104/><V50/><F42/><W120/><G120/><T80/><D80/><U128/><E128/><V20/><F7/><W15/><G19/><AGARI ba="0,2" hai="8,10,19,21,24,73,78,83,88,91,92,95,97,99" machi="19" ten="30,7700,0" yaku="1,1,7,1,9,1,54,1,53,0" doraHai="32" doraHaiUra="9" who="0" fromWho="3" sc="250,97,230,0,317,0,183,-77" /><INIT seed="4,0,0,1,3,68" ten="347,230,317,106" oya="0" hai0="6,26,109,69,21,82,121,95,104,86,15,44,3" hai1="117,0,53,72,9,77,102,58,43,65,71,130,92" hai2="40,124,78,2,111,61,98,48,126,106,88,67,115" hai3="50,5,116,60,11,41,110,99,107,49,18,30,13"/><T64/><D121/><U123/><E123/><V127/><F111/><W23/><G110/><T80/><D104/><U4/><E117/><V120/><F2/><W42/><G116/><T47/><D109/><U119/><E119/><V85/><F120/><W55/><G30/><T54/><D3/><U39/><E130/><V113/><F78/><W94/><G107/><T129/><D129/><U29/><E29/><V118/><F118/><W66/><G66/><T62/><D95/><U45/><E71/><V97/><F48/><W73/><G73/><T16/><D54/><U37/><E65/><V34/><F40/><W51/><G55/><T132/><D132/><U87/><E87/><V57/><F34/><W28/><G60/><T101/><D101/><U17/><E17/><V1/><F1/><W103/><REACH who="3" step="1"/><G28/><REACH who="3" ten="347,230,317,96" step="2"/><T63/><D63/><U76/><E72/><V122/><F122/><W36/><G36/><T33/><D33/><U128/><E37/><V74/><F74/><W108/><G108/><T52/><D52/><U32/><E32/><V70/><F106/><W46/><G46/><T22/><D47/><U25/><E128/><V89/><F124/><W135/><G135/><T24/><D44/><U84/><E53/><V81/><F127/><W133/><G133/><T8/><REACH who="0" step="1"/><D86/><REACH who="0" ten="337,230,317,96" step="2"/><U134/><E134/><V100/><F126/><W14/><AGARI ba="0,2" hai="5,11,13,14,18,23,41,42,49,50,51,94,99,103" machi="14" ten="30,7900,0" yaku="1,1,0,1,8,1,53,1" doraHai="68" doraHaiUra="91" who="3" fromWho="3" sc="337,-39,230,-20,317,-20,96,99" /><INIT seed="5,0,0,5,3,13" ten="298,210,297,195" oya="1" hai0="0,31,98,53,129,134,36,127,18,118,4,55,91" hai1="96,60,109,42,65,111,81,43,100,95,59,39,12" hai2="122,25,74,101,58,41,44,11,112,27,56,47,7" hai3="48,110,68,51,90,71,132,78,32,124,52,57,69"/><U99/><E39/><V16/><F74/><W113/><G32/><T89/><D118/><U30/><E81/><V94/><F122/><W10/><G78/><T102/><D36/><U135/><E135/><V125/><F112/><W64/><G110/><N who="1" m="41994" /><E30/><V35/><F125/><W2/><G124/><T82/><D127/><U87/><E87/><V107/><F35/><W3/><G132/><T116/><D116/><U75/><E75/><V24/><F107/><W26/><G26/><T33/><D134/><U15/><E99/><N who="2" m="59639" /><F7/><W92/><G113/><T130/><D31/><U131/><E131/><N who="0" m="50185" /><D33/><U123/><E123/><V20/><F11/><W38/><G38/><T83/><D18/><U54/><E65/><V66/><F66/><W23/><G23/><T19/><D19/><U6/><E6/><V28/><F28/><W133/><G133/><T67/><D67/><U104/><E104/><V14/><F41/><AGARI ba="0,0" hai="12,15,41,42,43,54,59,60,95,96,100" m="41994" machi="41" ten="30,1500,0" yaku="10,1" doraHai="13" who="1" fromWho="2" sc="298,0,210,15,297,-15,195,0" /><INIT seed="5,1,0,5,3,91" ten="298,225,282,195" oya="1" hai0="88,77,62,96,73,33,32,81,50,24,40,56,76" hai1="36,27,74,7,63,46,38,64,39,26,118,12,52" hai2="20,58,22,83,99,116,78,124,115,84,60,105,71" hai3="108,123,53,97,25,89,15,133,131,130,6,59,54"/><U57/><E74/><V72/><F116/><W128/><G108/><T70/><D70/><U29/><E118/><V102/><F124/><W49/><G123/><T19/><D76/><U37/><N who="1" m="9216" /><DORA hai="21" /><U107/><E107/><V90/><F71/><W112/><G112/><T17/><D50/><U66/><E46/><V35/><F115/><W42/><G133/><T31/><D40/><U85/><E85/><V92/><F35/><W101/><G89/><T23/><D33/><U10/><REACH who="1" step="1"/><E26/><REACH who="1" ten="298,215,282,195" step="2"/><V75/><F75/><W132/><G132/><T65/><REACH who="0" step="1"/><D32/><AGARI ba="1,1" hai="7,10,12,27,29,32,52,57,63,64,66" m="9216" machi="32" ten="70,12000,1" yaku="1,1,2,1,52,1,54,1,53,0" doraHai="91,21" doraHaiUra="125,34" who="1" fromWho="0" sc="298,-123,215,133,282,0,195,0" /><INIT seed="5,2,0,4,5,57" ten="175,348,282,195" oya="1" hai0="95,20,27,28,16,45,44,113,7,107,32,124,30" hai1="11,64,122,29,97,54,92,65,52,40,46,105,24" hai2="48,55,4,118,22,21,120,129,12,33,83,126,68" hai3="100,75,74,67,87,43,86,23,71,91,78,36,15"/><U90/><E122/><V133/><F120/><W73/><G43/><T93/><D107/><U69/><E105/><V79/><F33/><W26/><G36/><T70/><D70/><U76/><E76/><V47/><F68/><W123/><G123/><T2/><D113/><U104/><E104/><V119/><F126/><W82/><G15/><T112/><D112/><U10/><E10/><V111/><F111/><W63/><G100/><T6/><D124/><U115/><E11/><V101/><F101/><W88/><REACH who="3" step="1"/><G87/><REACH who="3" ten="175,348,282,185" step="2"/><T116/><D116/><U117/><E117/><V102/><F119/><W109/><G109/><T9/><D6/><U59/><E115/><V13/><F102/><W34/><G34/><T81/><D81/><U53/><E40/><V130/><F4/><W19/><AGARI ba="2,1" hai="19,23,26,63,67,71,73,74,75,78,82,86,88,91" machi="19" ten="30,7900,0" yaku="1,1,0,1,52,1,54,1,53,0" doraHai="57" doraHaiUra="25" who="3" fromWho="3" sc="175,-22,348,-41,282,-22,185,95" /><INIT seed="6,0,0,4,0,43" ten="153,307,260,280" oya="2" hai0="63,89,122,74,15,71,83,76,34,130,42,69,28" hai1="115,48,17,70,37,6,79,40,81,90,120,60,92" hai2="112,95,4,33,45,18,0,101,91,7,84,116,129" hai3="53,75,1,38,103,121,125,44,39,24,13,85,5"/><V21/><F116/><W66/><G75/><T27/><D122/><U31/><E37/><V26/><F129/><W30/><G1/><T132/><D130/><U65/><E115/><V108/><F112/><W51/><G121/><T98/><D132/><U119/><E120/><V94/><F108/><W46/><G125/><T19/><D42/><U8/><E31/><V102/><F33/><W127/><G127/><T110/><D110/><U11/><E17/><V134/><F134/><W23/><G66/><T82/><D63/><U105/><E105/><V72/><F72/><W104/><G85/><T52/><D52/><U57/><E6/><N who="2" m="2091" /><F0/><W32/><G32/><T36/><D36/><U88/><E119/><V59/><F59/><W114/><G114/><T58/><D58/><U41/><E70/><V78/><F78/><W55/><G38/><T50/><D50/><U86/><E79/><V128/><F128/><W64/><G64/><T87/><REACH who="0" step="1"/><D98/><REACH who="0" ten="143,307,260,280" step="2"/><N who="1" m="57607" /><E40/><V35/><F35/><W124/><G39/><T135/><D135/><U111/><E111/><V99/><F45/><AGARI ba="0,1" hai="8,11,41,45,48,57,60,65,81,86,90" m="57607" machi="45" ten="30,3900,0" yaku="8,1,52,1,54,1" doraHai="43" who="1" fromWho="2" sc="143,0,307,49,260,-39,280,0" /><INIT seed="7,0,0,3,4,127" ten="143,356,221,280" oya="3" hai0="14,50,28,61,25,55,54,126,108,60,92,133,124" hai1="102,105,21,43,79,87,91,8,3,10,20,119,64" hai2="57,81,4,51,68,29,135,132,65,85,26,71,101" hai3="31,70,37,56,0,88,107,111,94,58,42,130,80"/><W47/><G70/><T1/><D1/><U129/><E129/><V113/><F101/><W117/><G117/><T19/><D108/><U86/><E3/><V2/><F113/><W5/><G107/><T22/><D133/><N who="2" m="51274" /><F4/><W33/><G130/><T9/><D126/><U118/><E43/><V23/><F2/><W97/><G111/><T123/><D123/><U27/><E64/><V69/><F51/><W115/><G115/><T6/><D124/><U98/><E79/><N who="2" m="46271" /><F57/><W38/><G38/><T16/><D92/><N who="1" m="54399" /><E21/><V125/><F125/><W11/><REACH who="3" step="1"/><G80/><REACH who="3" ten="143,356,221,270" step="2"/><T72/><D72/><U77/><E118/><V49/><F49/><W106/><G106/><T44/><REACH who="0" step="1"/><D55/><REACH who="0" ten="133,356,221,270" step="2"/><U99/><E105/><V121/><F121/><W7/><G7/><T59/><D59/><U62/><E119/><V112/><F112/><W110/><G110/><T122/><D122/><U52/><E52/><V40/><F40/><W32/><G32/><T18/><AGARI ba="0,2" hai="6,9,14,16,18,19,22,25,28,44,50,54,60,61" machi="18" ten="30,7900,0" yaku="1,1,0,1,8,1,54,1,53,0" doraHai="127" doraHaiUra="90" who="0" fromWho="0" sc="133,99,356,-20,221,-20,270,-39" owari="232,3.2,336,43.6,201,-29.9,231,-16.9" /></mjloggm>