<mjloggm ver="2.3"><GO type="169" lobby="0"/><UN n0="%E3%83%A9%E3%82%B9%E3%82%8B%E3%81%8B%E3%81%AA" n1="%6B%6F%72%69%6E%6F%62%61" n2="%2D%E8%B1%8A%E5%8F%A3%E3%82%81%E3%81%90%E3%81%BF%2D" n3="%7A%6F%6F%31%39%36%34" dan="16,16,17,17" rate="2145.78,2159.65,2172.44,2198.95" sx="M,M,F,M"/><TAIKYOKU oya="0"/><INIT seed="0,0,0,4,4,10" ten="250,250,250,250" oya="0" hai0="76,122,80,26,55,19,113,98,110,109,73,41,62" hai1="107,66,127,15,51,5,103,42,132,87,70,133,3" hai2="100,94,65,60,117,9,111,11,7,59,57,101,102" hai3="48,54,13,68,81,33,105,23,43,52,91,18,31"/><T49/><D113/><U78/><E127/><V58/><F111/><N who="0" m="42506" /><D98/><U35/><E3/><V30/><F117/><W61/><G105/><T39/><D62/><U83/><E35/><V131/><F131/><W0/><G0/><T2/><D2/><U74/><E74/><V1/><F30/><W37/><G37/><T124/><D122/><U108/><E108/><V28/><F28/><W64/><G33/><T69/><D69/><U20/><E66/><V24/><F24/><W112/><G31/><T38/><D41/><U129/><E70/><V16/><REACH who="2" step="1"/><F94/><REACH who="2" ten="250,250,240,250" step="2"/><W97/><G112/><T118/><D118/><U17/><E129/><V56/><F56/><W79/><G68/><T27/><D124/><U45/><REACH who="1" step="1"/><E5/><REACH who="1" ten="250,240,240,250" step="2"/><V86/><F86/><W121/><G121/><T123/><D123/><U67/><E67/><V36/><F36/><N who="0" m="13866" /><D19/><U95/><E95/><V134/><F134/><W77/><G18/><T84/><D73/><U14/><E14/><AGARI ba="0,2" hai="1,7,9,11,14,16,57,58,59,60,65,100,101,102" machi="14" ten="40,5200,0" yaku="1,1,52,1,54,1,53,0" doraHai="10" doraHaiUra="116" who="2" fromWho="1" sc="250,0,240,-52,240,72,250,0" /><INIT seed="1,0,0,4,5,35" ten="250,188,312,250" oya="1" hai0="2,79,128,91,117,87,78,88,122,25,38,34,72" hai1="28,42,76,71,74,60,10,104,16,19,131,118,52" hai2="53,107,43,132,46,54,94,22,83,70,110,6,73" hai3="100,41,23,111,8,14,115,0,9,66,77,109,135"/><U95/><E104/><V32/><F32/><W11/><G41/><T102/><D38/><U30/><E118/><V39/><F107/><W105/><G66/><T63/><D117/><U125/><E125/><V96/><F70/><W45/><G45/><T26/><D102/><U12/><E131/><V108/><F132/><W64/><G64/><T55/><D128/><U24/><E42/><V82/><F22/><W62/><G62/><T112/><D2/><U21/><E71/><V57/><F6/><W130/><G77/><N who="0" m="29195" /><D34/><U120/><E120/><V98/><F73/><W97/><G115/><T75/><D112/><U17/><E17/><V7/><F7/><N who="3" m="1127" /><G135/><T81/><D122/><U124/><E124/><V106/><F106/><W99/><G99/><T127/><D127/><U37/><E37/><V61/><F54/><W134/><G134/><T20/><D75/><U31/><E95/><V56/><F56/><W36/><G36/><T48/><D72/><U86/><E74/><V123/><F98/><W89/><G89/><N who="0" m="51439" /><D63/><U80/><E31/><V121/><F121/><W40/><G130/><T119/><D119/><U133/><E133/><V27/><F123/><W1/><G1/><T84/><D20/><U69/><E69/><V90/><REACH who="2" step="1"/><F27/><REACH who="2" ten="250,188,302,250" step="2"/><N who="0" m="10250" /><D84/><U13/><E24/><V101/><F101/><W93/><G105/><T113/><D113/><U47/><E47/><AGARI ba="0,1" hai="47,48,55,88,91" m="10250,51439,29195" machi="47" ten="30,2000,0" yaku="8,1,54,1" doraHai="35" who="0" fromWho="1" sc="250,30,188,-20,302,0,250,0" /><INIT seed="2,0,0,5,5,0" ten="280,168,302,250" oya="2" hai0="128,33,78,65,3,23,107,59,101,94,49,55,61" hai1="15,42,45,4,31,87,86,119,44,83,93,12,36" hai2="130,47,17,125,60,102,113,70,123,76,56,129,81" hai3="133,135,25,104,106,50,39,98,117,109,88,30,131"/><V11/><F113/><W35/><G117/><T13/><D3/><U68/><E119/><V115/><F115/><W120/><G120/><T121/><D33/><U53/><E68/><V7/><F123/><W67/><G39/><T72/><D121/><U69/><E69/><V29/><F70/><W38/><G38/><T43/><D107/><U110/><E110/><V16/><F29/><W134/><G109/><T90/><D128/><N who="2" m="49258" /><F47/><W19/><G67/><T74/><D101/><U92/><E31/><V20/><F102/><W57/><G19/><T75/><D43/><U79/><E87/><N who="2" m="48551" /><F20/><W71/><G71/><T77/><D61/><U112/><E112/><V64/><F125/><W132/><G131/><T28/><D65/><U97/><E93/><V6/><F17/><W32/><G32/><T127/><D127/><U105/><E105/><V82/><F82/><W84/><G98/><T27/><REACH who="0" step="1"/><D13/><AGARI ba="0,0" hai="6,7,11,13,16,56,60,64" m="48551,49258" machi="13" ten="30,11600,0" yaku="19,1,52,2,54,1" doraHai="0" who="2" fromWho="0" sc="280,-116,168,0,302,116,250,0" /><INIT seed="2,1,0,0,0,19" ten="164,168,418,250" oya="2" hai0="50,100,79,120,99,38,117,47,131,53,48,113,60" hai1="110,101,62,10,23,82,74,41,76,135,32,9,125" hai2="45,16,133,42,8,30,26,46,93,104,49,94,36" hai3="69,28,115,65,64,33,71,80,88,111,44,55,40"/><V68/><F104/><W25/><G111/><T21/><D120/><U124/><E32/><V61/><F133/><W70/><G55/><T81/><D38/><U130/><E110/><V52/><F68/><W121/><G121/><T3/><D3/><U132/><E101/><V11/><F61/><W86/><REACH who="3" step="1"/><G115/><REACH who="3" ten="164,168,418,240" step="2"/><T97/><D113/><U63/><E41/><V119/><F119/><W90/><G90/><T13/><D117/><U59/><E130/><V134/><F134/><W118/><G118/><T51/><D131/><U123/><E123/><V87/><F87/><W27/><G27/><T105/><D97/><U106/><E132/><V29/><F26/><W37/><AGARI ba="1,1" hai="25,28,33,37,40,44,64,65,69,70,71,80,86,88" machi="37" ten="30,4000,0" yaku="1,1,0,1,54,1,53,0" doraHai="19" doraHaiUra="122" who="3" fromWho="3" sc="164,-11,168,-11,418,-21,240,53" /><INIT seed="3,0,0,4,2,130" ten="153,157,397,293" oya="3" hai0="125,116,1,11,15,106,9,122,35,67,87,134,62" hai1="111,68,31,48,38,89,50,73,14,61,78,66,3" hai2="99,10,88,75,133,45,33,84,82,27,25,57,69" hai3="131,59,30,96,113,41,132,120,135,72,108,54,23"/><W129/><G113/><T34/><D116/><U6/><E111/><V109/><F69/><W105/><G120/><T51/><D106/><U32/><E32/><V46/><F109/><W36/><G72/><T22/><D122/><U77/><E31/><V80/><F133/><N who="3" m="51275" /><G108/><T2/><D134/><U103/><E103/><V107/><F10/><W4/><G4/><T13/><D125/><U114/><E114/><V49/><F57/><W128/><G41/><T79/><D22/><U44/><E14/><V93/><F46/><W20/><G36/><T28/><D2/><U29/><E29/><V0/><F33/><W94/><G30/><T86/><D1/><U56/><E38/><V71/><F71/><W100/><G105/><T65/><D28/><U52/><E73/><V110/><F0/><W26/><G26/><T24/><D24/><U42/><E6/><V124/><F124/><W37/><G37/><T58/><D15/><U7/><E7/><V123/><F123/><W83/><G83/><T60/><D13/><U55/><E3/><V43/><F110/><W102/><G100/><T97/><D35/><U81/><E42/><V127/><F127/><W18/><G18/><T92/><D34/><U63/><E81/><V90/><F107/><W64/><G64/><T17/><D65/><U5/><E5/><V104/><F104/><W101/><G101/><T12/><D67/><U119/><E66/><V126/><F126/><W40/><G40/><T53/><D17/><U117/><E117/><V47/><F47/><W19/><G19/><T115/><D115/><U74/><E119/><RYUUKYOKU ba="0,0" sc="153,-15,157,-15,397,15,293,15" hai2="25,27,43,45,49,75,80,82,84,88,90,93,99" hai3="20,23,54,59,94,96,102,128,129,131" /><INIT seed="3,1,0,1,0,107" ten="138,142,412,308" oya="3" hai0="85,113,45,6,25,115,80,24,48,77,130,14,75" hai1="91,106,18,29,19,58,31,96,70,21,121,110,17" hai2="82,38,68,22,60,34,53,135,26,119,118,59,47" hai3="8,5,46,2,16,131,88,122,39,12,102,71,123"/><W9/><G71/><T13/><D130/><U72/><E70/><V62/><F34/><W108/><G131/><T117/><D117/><U89/><E121/><V30/><F135/><W74/><G102/><T27/><D85/><U57/><E110/><V92/><F92/><W103/><G103/><T50/><D50/><U120/><E120/><V128/><F128/><W83/><G108/><T63/><D63/><U73/><E106/><V99/><F99/><W95/><G46/><T90/><D90/><U65/><E65/><V23/><F23/><W52/><G52/><N who="0" m="29711" /><D6/><U94/><E91/><V35/><F38/><W97/><REACH who="3" step="1"/><G39/><REACH who="3" ten="138,142,412,298" step="2"/><T55/><D55/><U76/><E58/><V67/><F47/><W32/><G32/><T49/><D49/><U111/><E57/><V64/><F35/><W3/><G3/><T100/><D100/><U98/><E111/><V7/><F53/><W104/><G104/><T44/><D44/><U116/><E116/><V51/><F51/><W33/><G33/><T124/><D124/><U43/><E21/><V54/><F54/><W20/><G20/><T87/><D87/><U133/><E43/><V105/><F105/><W37/><G37/><T66/><D66/><U4/><E98/><V69/><F59/><W10/><G10/><T129/><D129/><U132/><E96/><V41/><F41/><W125/><G125/><T93/><D93/><U61/><E94/><V81/><F119/><W11/><G11/><T40/><D40/><U56/><E56/><V126/><F118/><W42/><G42/><T36/><D36/><U79/><E61/><RYUUKYOKU ba="1,1" sc="138,15,142,-15,412,-15,298,15" hai0="13,14,24,25,27,75,77,80,113,115" hai3="2,5,8,9,12,16,74,83,88,95,97,122,123" /><INIT seed="3,2,1,1,5,100" ten="153,127,397,313" oya="3" hai0="58,105,18,40,44,41,13,102,7,83,87,97,56" hai1="16,101,117,95,33,78,103,115,80,98,4,65,86" hai2="82,118,59,73,15,46,54,28,12,35,55,109,76" hai3="64,122,111,120,36,14,60,90,129,132,11,5,1"/><W9/><G36/><T126/><D126/><U112/><E33/><V131/><F118/><W108/><G90/><T19/><D19/><U8/><E117/><V43/><F109/><N who="3" m="42059" /><G60/><T69/><D69/><U25/><E65/><V91/><F131/><W24/><G64/><T67/><D7/><U66/><E66/><V10/><F91/><W39/><G39/><T31/><D31/><U32/><E101/><V116/><F55/><W74/><G74/><T3/><D3/><U37/><E37/><V21/><F46/><W57/><G57/><T77/><D67/><U113/><E32/><V20/><F43/><W0/><G129/><T53/><D44/><U119/><E119/><V130/><F54/><W133/><G24/><T92/><D105/><U124/><E124/><V110/><F59/><W47/><G47/><T72/><D72/><U104/><E25/><N who="2" m="18831" /><F130/><W125/><G125/><T42/><REACH who="0" step="1"/><D53/><REACH who="0" ten="143,127,397,313" step="2"/><U2/><REACH who="1" step="1"/><E16/><REACH who="1" ten="143,117,397,313" step="2"/><V94/><F116/><W96/><G122/><T68/><D68/><U121/><E121/><V123/><F123/><W106/><G120/><T127/><D127/><U93/><AGARI ba="2,3" hai="2,4,8,78,80,86,93,95,98,103,104,112,113,115" machi="93" ten="40,8000,1" yaku="1,1,0,1,52,1,53,2" doraHai="100" doraHaiUra="89" who="1" fromWho="1" sc="143,-22,117,116,397,-22,313,-42" /><INIT seed="4,0,0,3,1,48" ten="121,233,375,271" oya="0" hai0="115,83,86,58,23,80,120,31,96,42,134,56,74" hai1="46,4,33,22,53,15,35,126,66,30,12,16,90" hai2="44,79,88,1,121,72,28,73,69,63,62,34,81" hai3="21,102,26,3,64,59,92,61,85,13,17,107,51"/><T70/><D120/><U24/><E66/><V95/><F1/><W5/><G3/><T0/><D70/><U10/><E126/><V52/><F121/><W101/><G107/><T93/><D0/><U125/><E125/><V113/><F73/><W114/><G114/><T111/><D115/><U91/><REACH who="1" step="1"/><E35/><REACH who="1" ten="121,223,375,271" step="2"/><V132/><F34/><W78/><G51/><AGARI ba="0,1" hai="4,10,12,15,16,22,24,30,33,46,51,53,90,91" machi="51" ten="40,8000,1" yaku="1,1,2,1,52,1,54,1,53,0" doraHai="48" doraHaiUra="65" who="1" fromWho="3" sc="121,0,223,90,375,0,271,-80" /><INIT seed="5,0,0,3,5,18" ten="121,313,375,191" oya="1" hai0="3,115,35,120,33,42,122,54,108,48,26,134,27" hai1="38,76,97,46,55,67,37,4,104,81,75,49,41" hai2="64,131,60,29,0,23,70,24,34,109,62,50,36" hai3="95,106,19,1,47,57,89,86,117,8,82,11,124"/><U119/><E119/><V113/><F109/><W127/><G117/><T65/><D108/><U102/><E67/><V78/><F36/><W59/><G106/><T30/><D42/><U2/><E38/><V125/><F0/><W71/><G71/><T110/><D110/><U17/><E17/><V93/><F125/><N who="3" m="48203" /><G47/><T51/><D3/><U79/><E79/><V39/><F39/><W103/><G1/><T118/><D118/><U20/><E20/><V44/><F131/><W52/><G59/><T53/><D65/><U74/><E49/><V25/><F62/><N who="3" m="36135" /><G19/><T121/><D115/><U43/><E43/><V92/><F113/><W87/><G103/><T116/><D116/><U6/><E55/><N who="0" m="21001" /><D134/><U94/><E75/><V69/><F69/><W83/><G83/><T15/><D15/><U101/><E101/><V100/><F100/><W5/><G5/><T80/><D80/><U7/><REACH who="1" step="1"/><E104/><REACH who="1" ten="121,303,375,191" step="2"/><V72/><F50/><N who="0" m="18986" /><D30/><U114/><E114/><V123/><F29/><W14/><G11/><AGARI ba="0,1" hai="2,4,6,7,11,37,41,46,74,76,81,94,97,102" machi="11" ten="40,12000,1" yaku="1,1,25,2,53,1" doraHai="18" doraHaiUra="91" who="1" fromWho="3" sc="121,0,303,130,375,0,191,-120" /><INIT seed="5,1,0,0,4,95" ten="121,433,375,71" oya="1" hai0="77,23,27,105,43,7,14,22,96,71,57,123,36" hai1="32,75,13,68,52,120,127,117,66,21,10,111,86" hai2="17,76,59,79,54,99,37,56,70,41,115,121,128" hai3="135,132,3,6,53,97,80,107,2,39,45,16,112"/><U133/><E32/><V19/><F121/><W29/><G29/><T15/><D71/><U44/><E75/><V129/><F70/><W1/><G112/><T26/><D123/><U91/><E120/><V72/><F41/><W73/><G6/><T108/><D108/><U24/><E117/><V40/><F40/><W106/><G106/><T81/><D7/><U104/><E104/><V90/><F37/><W0/><N who="3" m="0" /><DORA hai="51" /><W114/><G114/><T48/><D36/><U125/><E133/><N who="3" m="51274" /><G39/><T101/><D43/><U126/><E111/><V46/><F46/><W20/><G80/><T28/><D48/><N who="1" m="28679" /><E68/><V130/><F59/><W74/><G45/><T18/><REACH who="0" step="1"/><D57/><REACH who="0" ten="111,433,375,71" step="2"/><U38/><E38/><V4/><F4/><W131/><G131/><T60/><D60/><U55/><E126/><V100/><F115/><W103/><G53/><T50/><D50/><U94/><E55/><V12/><F130/><W89/><G89/><T58/><D58/><U67/><E125/><V69/><F69/><W8/><G8/><T9/><D9/><U49/><E49/><V64/><F90/><W93/><G107/><T5/><D5/><N who="1" m="3279" /><E127/><V47/><F129/><W102/><G102/><T92/><D92/><U42/><E42/><V34/><F128/><W33/><G33/><T35/><D35/><U116/><E116/><V11/><F100/><W98/><G98/><T65/><D65/><U84/><E94/><V118/><F118/><W122/><G122/><T109/><D109/><U63/><E67/><V62/><F34/><W61/><G61/><T82/><D82/><U124/><E124/><RYUUKYOKU ba="1,1" sc="111,15,433,-15,375,-15,71,15" hai0="14,15,18,22,23,26,27,28,77,81,96,101,105" hai3="16,20,73,74,93,97,103" /><INIT seed="6,2,1,0,1,54" ten="126,418,360,86" oya="2" hai0="96,133,28,51,98,33,132,19,30,117,134,24,70" hai1="25,121,57,15,118,79,63,93,130,106,128,65,35" hai2="59,91,95,92,5,73,53,72,16,14,97,7,31" hai3="66,108,37,78,127,9,82,29,48,34,3,50,38"/><V75/><F31/><W103/><G108/><T112/><D70/><U115/><E106/><V26/><F95/><W122/><G122/><T64/><D112/><U107/><E107/><V81/><F81/><W6/><G127/><T109/><D109/><U110/><E110/><V61/><REACH who="2" step="1"/><F26/><REACH who="2" ten="126,418,350,86" step="2"/><W18/><G29/><T17/><D30/><U21/><E93/><V100/><F100/><W124/><G103/><T90/><D28/><U20/><E25/><V32/><F32/><W113/><G34/><T8/><D24/><U46/><E35/><V44/><F44/><W1/><G82/><T125/><D33/><U80/><E46/><V86/><F86/><W60/><G124/><T41/><D125/><U12/><E80/><V119/><F119/><W68/><G113/><T101/><D117/><U89/><E118/><V42/><F42/><W45/><G45/><T13/><D101/><U43/><E115/><V74/><N who="2" m="18432" /><DORA hai="52" /><V4/><F4/><W10/><G78/><T0/><D41/><U62/><E43/><V27/><F27/><W129/><G6/><T58/><D133/><U76/><E79/><V69/><F69/><W47/><G47/><T99/><D132/><U2/><E76/><V105/><F105/><W36/><G68/><T135/><D134/><U77/><E77/><V11/><AGARI ba="2,2" hai="5,7,11,14,16,53,59,61,91,92,97" m="18432" machi="11" ten="60,12000,1" yaku="1,1,0,1,52,2,54,1,53,0" doraHai="54,52" doraHaiUra="67,102" who="2" fromWho="2" sc="126,-42,418,-42,350,146,86,-42" /><INIT seed="6,3,0,5,0,85" ten="84,376,496,44" oya="2" hai0="8,5,44,58,65,9,6,80,95,4,12,54,34" hai1="30,103,59,36,51,122,118,117,13,31,0,42,49" hai2="38,61,50,134,110,128,99,43,77,2,11,46,63" hai3="21,60,45,78,108,135,66,64,91,62,68,119,39"/><V7/><F128/><W32/><G108/><T17/><D34/><U101/><E0/><V26/><F134/><W120/><G119/><T107/><D107/><U109/><E109/><V98/><F110/><W69/><G120/><T37/><D80/><U57/><E13/><V121/><F121/><W3/><G3/><T126/><D126/><U97/><E122/><V15/><F38/><W14/><G32/><T23/><D65/><U33/><E33/><V79/><F2/><W131/><G78/><N who="2" m="29705" /><F26/><W102/><G102/><T72/><D72/><U67/><E36/><V88/><F99/><W86/><G131/><T132/><D132/><U94/><E67/><V18/><F18/><W76/><G76/><T25/><D37/><U56/><E103/><V112/><F112/><W93/><G135/><T70/><D70/><U89/><E101/><V106/><F106/><W96/><G96/><T24/><D44/><U28/><REACH who="1" step="1"/><E42/><REACH who="1" ten="84,366,496,44" step="2"/><V19/><F7/><W53/><G39/><T115/><D4/><U55/><E55/><V111/><F111/><W130/><G130/><T71/><D6/><U114/><E114/><V73/><F73/><W29/><G14/><T87/><D12/><U35/><E35/><V41/><F41/><W22/><REACH who="3" step="1"/><G29/><REACH who="3" ten="84,366,496,34" step="2"/><T10/><D115/><U133/><E133/><V20/><F11/><W125/><G125/><T129/><D8/><U47/><E47/><V92/><AGARI ba="3,2" hai="15,19,20,43,46,50,61,63,88,92,98" m="29705" machi="92" ten="30,6000,0" yaku="8,1,52,1,54,1" doraHai="85" who="2" fromWho="2" sc="84,-23,366,-23,496,89,34,-23" /><INIT seed="6,4,0,0,0,123" ten="61,343,585,11" oya="2" hai0="4,110,82,108,105,83,17,25,35,67,94,2,65" hai1="41,23,15,57,53,29,19,6,10,96,61,68,58" hai2="91,98,39,86,51,47,95,135,59,107,26,14,102" hai3="78,8,56,42,100,27,36,104,97,66,75,31,88"/><V79/><F135/><W38/><G42/><T131/><D105/><U126/><E126/><V71/><F71/><W1/><G56/><T120/><D120/><U32/><E41/><V112/><F112/><W63/><G88/><T40/><D131/><U125/><E125/><V132/><F132/><W46/><G46/><T37/><D94/><U7/><E7/><V127/><F127/><W30/><G30/><N who="0" m="19919" /><D67/><U72/><E72/><V13/><F26/><W133/><G133/><T121/><D121/><U119/><E119/><V28/><F28/><W16/><G16/><T62/><D17/><U18/><E58/><V43/><F79/><W22/><G78/><T55/><D55/><U93/><E19/><V21/><F21/><W20/><G20/><T90/><D90/><U64/><E29/><V99/><F86/><W87/><G87/><T50/><D50/><U5/><E10/><V118/><F118/><W128/><G75/><T85/><D85/><U74/><E74/><V48/><F48/><W60/><G128/><T76/><D83/><U77/><E77/><V52/><AGARI ba="4,0" hai="13,14,39,43,47,51,52,59,91,95,98,99,102,107" machi="52" ten="30,3000,0" yaku="0,1,54,1" doraHai="123" who="2" fromWho="2" sc="61,-14,343,-14,585,42,11,-14" owari="47,-35.3,329,12.9,627,72.7,-3,-50.3" /></mjloggm>