<mjloggm ver="2.3"><GO type="169" lobby="0"/><UN n0="%4E%6F%73%75%6B%65" n1="%41%72%69%61" n2="%E5%A4%A9%E6%89%8D%E3%82%A4%E3%83%99%E3%83%AA%E3%82%B3%E8%B1%9A" n3="%E6%84%9B%E3%81%AF%E6%AD%A3%E7%BE%A9" dan="16,16,16,16" rate="2147.31,2124.41,2082.54,2075.77" sx="M,F,F,F"/><TAIKYOKU oya="0"/><INIT seed="0,0,0,3,1,7" ten="250,250,250,250" oya="0" hai0="104,80,73,24,35,62,130,27,133,22,78,86,43" hai1="38,54,31,53,121,124,97,33,18,71,25,115,66" hai2="23,32,85,70,134,64,99,118,29,59,100,61,88" hai3="0,90,82,19,40,15,11,83,47,79,68,37,42"/><T112/><D112/><U114/><E121/><V125/><F134/><W26/><G68/><T75/><D133/><U50/><E38/><V16/><F125/><W17/><G42/><T39/><D104/><U109/><E109/><V72/><F72/><W30/><G90/><T46/><D130/><U55/><E124/><V45/><F118/><W56/><G56/><T52/><D35/><U6/><E6/><V74/><F74/><W8/><G79/><T20/><D62/><N who="1" m="40407" /><E18/><V76/><F76/><W69/><G69/><T49/><D22/><U77/><E77/><V51/><F32/><W28/><G28/><T101/><D27/><U12/><E12/><V36/><F36/><W117/><G117/><T57/><REACH who="0" step="1"/><D101/><REACH who="0" ten="240,250,250,250" step="2"/><U105/><E115/><V9/><F100/><W84/><G26/><T116/><D116/><U106/><E114/><V14/><F23/><W10/><G30/><AGARI ba="0,1" hai="20,24,30,39,43,46,49,52,57,73,75,78,80,86" machi="30" ten="30,5800,0" yaku="1,1,7,1,54,1,53,0" doraHai="7" doraHaiUra="4" who="0" fromWho="3" sc="240,68,250,0,250,0,250,-58" /><INIT seed="0,1,0,2,3,53" ten="308,250,250,192" oya="0" hai0="75,13,111,54,82,100,11,52,130,105,101,123,25" hai1="88,27,58,120,110,20,65,66,102,49,56,86,87" hai2="24,106,91,5,23,125,14,103,68,64,74,119,1" hai3="116,19,34,109,61,51,4,92,131,46,67,26,80"/><T31/><D123/><U36/><E36/><V70/><F125/><W77/><G109/><T22/><D130/><U135/><E110/><V8/><F119/><W122/><G116/><T78/><D111/><U16/><E120/><V15/><F74/><W41/><G122/><T93/><D105/><U39/><E39/><V76/><F76/><W2/><G131/><T96/><REACH who="0" step="1"/><D101/><REACH who="0" ten="298,250,250,192" step="2"/><U35/><E102/><V108/><F103/><W42/><G92/><T57/><D57/><N who="1" m="22123" /><E135/><V6/><F106/><W55/><G80/><T134/><D134/><U73/><E73/><V44/><F108/><W104/><G104/><T115/><D115/><U99/><E35/><V60/><F70/><W112/><G112/><T121/><D121/><U43/><E99/><V90/><F44/><W63/><G46/><T84/><D84/><N who="1" m="32299" /><E88/><V12/><REACH who="2" step="1"/><F5/><AGARI ba="1,1" hai="5,11,13,22,25,31,52,54,75,78,82,93,96,100" machi="5" ten="30,5800,0" yaku="1,1,7,1,54,1,53,0" doraHai="53" doraHaiUra="45" who="0" fromWho="2" sc="298,71,250,0,250,-61,192,0" /><INIT seed="0,2,0,2,1,13" ten="369,250,189,192" oya="0" hai0="102,49,36,31,41,30,60,23,7,74,134,15,126" hai1="65,90,28,125,82,93,11,128,42,88,39,109,17" hai2="57,54,63,4,118,98,77,130,43,131,56,59,107" hai3="129,132,94,121,53,114,113,64,103,135,122,61,133"/><T95/><D74/><U85/><E109/><V71/><F118/><W68/><G103/><T70/><D126/><U22/><E125/><V45/><F77/><W111/><G94/><T75/><D75/><U58/><E128/><N who="2" m="49195" /><F4/><W123/><G111/><T117/><D117/><U115/><E115/><N who="3" m="44042" /><G129/><T37/><D134/><U81/><E39/><N who="2" m="21759" /><F98/><W72/><G72/><T24/><D31/><U110/><E110/><V78/><F78/><W101/><G101/><T92/><D49/><U16/><E42/><V12/><F12/><W51/><G51/><T18/><D7/><U5/><E28/><V46/><F46/><W79/><G79/><T10/><D41/><U120/><E120/><V106/><F106/><W44/><G44/><T14/><D95/><N who="1" m="54671" /><E5/><V52/><F107/><W29/><G29/><T50/><D92/><U6/><E6/><V69/><F63/><W38/><G38/><T83/><D60/><N who="1" m="38039" /><E11/><V96/><F96/><W27/><G27/><T34/><D24/><N who="1" m="14407" /><E17/><V86/><F86/><AGARI ba="2,0" hai="81,82,86,90,93" m="14407,38039,54671" machi="86" ten="30,7700,0" yaku="8,1,52,1,54,2" doraHai="13" who="1" fromWho="2" sc="369,0,250,83,189,-83,192,0" /><INIT seed="1,0,0,5,4,83" ten="369,333,106,192" oya="1" hai0="76,109,41,29,39,97,32,31,1,122,82,117,101" hai1="40,66,47,35,30,121,8,86,98,94,126,51,2" hai2="44,21,48,128,73,115,123,63,57,50,100,105,135" hai3="53,64,22,116,99,112,79,96,81,17,56,45,60"/><U55/><E121/><V93/><F123/><W89/><G112/><T102/><D122/><U95/><E126/><V103/><F115/><W14/><G116/><T129/><D117/><U33/><E66/><V13/><F73/><W118/><G118/><T75/><D109/><U111/><E111/><V106/><F128/><W20/><G20/><T46/><D129/><U5/><E30/><V54/><F135/><W52/><G89/><T0/><D102/><U12/><E2/><V4/><F50/><W119/><G119/><T9/><D1/><U26/><E26/><V74/><F74/><W72/><G45/><T108/><D108/><U25/><E25/><V18/><F103/><W11/><G53/><T19/><D32/><U27/><E27/><V10/><F93/><W107/><G107/><T70/><D70/><U131/><E131/><V110/><F100/><W34/><G34/><T49/><D49/><U65/><E65/><V130/><F130/><W88/><G88/><T77/><D77/><U42/><E35/><V87/><F87/><W71/><REACH who="3" step="1"/><G22/><REACH who="3" ten="369,333,106,182" step="2"/><T28/><D46/><U132/><E33/><V38/><F110/><W62/><AGARI ba="0,1" hai="11,14,17,52,56,60,62,64,71,72,79,81,96,99" machi="62" ten="20,8000,1" yaku="1,1,2,1,0,1,7,1,54,1,53,0" doraHai="83" doraHaiUra="3" who="3" fromWho="3" sc="369,-20,333,-40,106,-20,182,90" /><INIT seed="2,0,0,2,1,32" ten="349,293,86,272" oya="2" hai0="0,45,133,21,96,103,58,125,13,135,132,131,8" hai1="106,109,49,60,42,26,43,74,105,67,110,71,113" hai2="7,20,134,51,89,99,12,93,59,108,70,1,31" hai3="44,94,121,116,126,55,19,97,73,62,10,78,95"/><V63/><F134/><W87/><G121/><T85/><D131/><U28/><E74/><V117/><F117/><W9/><G116/><T5/><D125/><U65/><E113/><V11/><F108/><N who="1" m="41577" /><E65/><V91/><F70/><W35/><G126/><T124/><D124/><U52/><E106/><V23/><F51/><W36/><G35/><T22/><D58/><N who="1" m="33039" /><E105/><V128/><F128/><W75/><G36/><T107/><D45/><U123/><E123/><V115/><F115/><W48/><G62/><T46/><D46/><U101/><E101/><V25/><F12/><W24/><G10/><N who="0" m="2343" /><D85/><U111/><N who="1" m="41585" /><U100/><DORA hai="88" /><E100/><V41/><F41/><W98/><G75/><T17/><AGARI ba="0,0" hai="8,13,17,21,22,96,103,107,132,133,135" m="2343" machi="17" ten="30,2000,0" yaku="20,1,52,1" doraHai="32,88" who="0" fromWho="0" sc="349,20,293,-5,86,-10,272,-5" /><INIT seed="3,0,0,5,2,47" ten="369,288,76,267" oya="3" hai0="85,121,66,58,135,71,5,0,56,34,84,131,112" hai1="31,27,42,120,81,37,133,7,3,90,128,49,130" hai2="118,62,124,129,102,80,95,73,8,51,23,117,76" hai3="43,20,64,15,92,41,111,72,52,88,45,86,44"/><W108/><G72/><T134/><D121/><U30/><E120/><V67/><F124/><W60/><G43/><T78/><D34/><U96/><E37/><V82/><F129/><N who="1" m="49769" /><E3/><V70/><F82/><W104/><G104/><T114/><D131/><U2/><E2/><V19/><F8/><W132/><G132/><N who="0" m="50731" /><D71/><U107/><E7/><V46/><F95/><W40/><G40/><T97/><D97/><U127/><E31/><V6/><F102/><W50/><G41/><T61/><D58/><U26/><E26/><V39/><F39/><W36/><G36/><T79/><D5/><U110/><E81/><V87/><F73/><W18/><REACH who="3" step="1"/><G44/><REACH who="3" ten="369,288,76,257" step="2"/><T100/><D114/><U48/><E42/><V21/><F6/><W125/><G125/><T119/><D112/><U25/><E127/><V94/><F118/><W116/><G116/><T106/><D119/><U4/><E107/><V65/><F117/><W77/><G77/><T91/><D79/><U28/><E133/><V89/><F76/><W1/><G1/><T9/><D78/><U59/><E30/><V83/><F46/><W105/><G105/><T98/><D0/><U17/><E28/><V122/><F122/><W54/><G54/><T53/><D53/><U123/><E123/><V99/><F67/><W22/><G22/><T33/><D66/><U93/><E4/><V29/><F23/><W35/><G35/><T12/><D33/><U24/><E17/><V11/><F29/><W55/><G55/><T13/><D106/><U14/><E14/><V10/><F65/><W101/><G101/><T75/><D100/><RYUUKYOKU ba="0,1" sc="369,-10,288,-10,76,-10,257,30" hai3="15,18,20,45,50,52,60,64,86,88,92,108,111" /><INIT seed="3,1,1,0,4,100" ten="359,278,66,287" oya="3" hai0="76,85,38,25,96,41,10,101,54,57,115,52,24" hai1="132,84,121,60,7,46,19,122,92,70,62,35,40" hai2="43,135,113,53,106,42,129,39,48,91,87,69,13" hai3="16,77,130,95,94,32,11,89,51,5,27,17,133"/><W112/><G112/><T49/><D115/><U107/><E35/><V36/><F113/><W104/><G130/><T74/><D74/><U67/><E132/><V66/><F129/><W90/><G133/><T71/><D71/><U6/><E107/><V79/><F135/><W2/><G77/><T37/><D10/><U114/><E114/><V28/><F79/><W82/><G82/><T3/><D3/><U75/><E75/><V65/><F106/><W83/><G83/><T80/><D54/><U58/><E19/><V1/><F13/><W119/><G119/><T55/><D55/><U12/><E84/><V127/><F1/><W22/><G32/><T9/><D9/><U8/><E7/><V108/><F28/><W4/><G104/><T131/><D131/><U63/><E92/><V126/><F91/><W93/><G5/><T118/><D118/><U72/><E72/><V50/><F87/><W111/><G111/><T64/><D64/><U26/><E26/><V47/><F108/><W29/><G17/><T23/><D41/><U78/><E78/><V0/><F0/><W128/><G128/><T33/><D33/><U86/><E86/><V116/><F116/><W97/><G51/><T34/><D34/><U68/><E68/><V61/><F66/><W103/><G29/><N who="0" m="17567" /><D25/><U109/><E109/><V99/><F99/><W102/><G102/><T110/><D110/><U59/><E70/><V120/><F120/><N who="1" m="46185" /><E67/><V98/><F98/><W73/><G73/><T15/><D15/><U20/><E20/><V18/><F18/><W56/><G56/><T45/><D57/><RYUUKYOKU ba="1,1" sc="359,10,278,10,66,-30,287,10" hai0="37,38,45,49,52,76,80,85,96,101" hai1="6,8,12,40,46,58,59,60,62,63" hai3="2,4,11,16,22,27,89,90,93,94,95,97,103" /><INIT seed="3,2,1,2,0,21" ten="369,288,36,297" oya="3" hai0="72,41,19,8,128,131,82,46,67,45,112,66,52" hai1="113,63,74,16,36,75,81,91,108,104,0,124,80" hai2="49,114,70,4,59,3,24,106,48,56,132,13,83" hai3="90,126,5,39,2,119,32,29,61,101,53,30,51"/><W125/><G39/><T105/><D105/><U133/><E36/><V121/><F70/><W79/><G119/><T120/><D120/><U109/><E0/><V11/><F3/><W111/><G101/><T37/><D72/><N who="1" m="27691" /><E63/><V100/><F114/><W93/><G79/><T40/><D82/><U64/><E64/><N who="0" m="24617" /><D19/><U71/><E71/><V28/><F132/><W84/><G61/><T6/><D8/><U134/><E16/><V38/><F38/><W115/><G115/><T20/><D20/><U107/><E113/><V33/><F121/><W9/><G111/><N who="1" m="42570" /><E124/><N who="3" m="47722" /><G32/><T116/><D6/><U85/><E80/><V42/><F83/><W43/><G43/><T68/><D112/><U7/><E7/><V10/><F100/><W117/><G117/><T60/><D116/><U86/><E86/><V34/><F106/><AGARI ba="2,1" hai="81,85,91,104,106,107,133,134" m="42570,27691" machi="106" ten="40,5200,0" yaku="14,1,34,2" doraHai="21" who="1" fromWho="2" sc="369,0,288,68,36,-58,297,0" owari="369,46.9,356,15.6,-22,-52.2,297,-10.3" /></mjloggm>