<mjloggm ver="2.3"><GO type="169" lobby="0"/><UN n0="%E3%83%9F%E3%82%B2%E3%83%BC%E3%83%AB%E6%94%B9" n1="%53%69%6C%76%65%72%44%46" n2="%6C%6E%61%69" n3="%E2%97%8E%E3%82%88%E3%81%97%E2%97%8E" dan="16,17,16,17" rate="2212.60,2202.02,2040.77,2177.12" sx="M,M,M,M"/><TAIKYOKU oya="0"/><INIT seed="0,0,0,1,1,37" ten="250,250,250,250" oya="0" hai0="93,82,0,20,63,29,44,95,92,11,109,105,124" hai1="89,8,85,104,87,131,49,75,116,25,130,106,14" hai2="31,126,2,84,77,128,52,56,108,114,26,23,3" hai3="48,47,81,70,83,133,76,10,21,15,59,110,125"/><T1/><D105/><U19/><E116/><V129/><F114/><W119/><G110/><T134/><D11/><U24/><E75/><V33/><F108/><W50/><G119/><T100/><D109/><U91/><E8/><V62/><F126/><W120/><G125/><T69/><D124/><U64/><E49/><V41/><F41/><W38/><G70/><T45/><D134/><U97/><E14/><V98/><F98/><W42/><G120/><T28/><D100/><U7/><E97/><V35/><F77/><W67/><G81/><T117/><D117/><U30/><E19/><V53/><F84/><W73/><G21/><T16/><D82/><U55/><E55/><V111/><F111/><W6/><REACH who="3" step="1"/><G133/><REACH who="3" ten="250,250,250,240" step="2"/><T51/><D69/><U127/><E127/><V54/><F23/><W57/><G57/><T66/><D45/><U22/><E22/><V4/><F35/><W103/><G103/><T34/><D34/><U13/><E131/><N who="2" m="50251" /><F4/><W123/><G123/><T40/><D29/><U86/><E30/><V80/><F80/><W36/><G36/><T113/><D28/><U94/><E7/><V79/><F79/><W118/><G118/><T61/><D113/><U9/><E130/><V12/><F12/><W88/><G88/><T17/><D20/><U60/><E91/><V99/><F2/><W121/><G121/><T46/><D1/><U78/><E13/><V132/><F132/><W102/><G102/><T5/><D0/><U32/><E78/><V96/><F3/><W39/><G39/><T90/><D90/><U68/><E89/><V101/><F101/><RYUUKYOKU ba="0,1" sc="250,-15,250,-15,250,15,240,15" hai2="26,31,33,52,53,54,56,62,96,99" hai3="6,10,15,38,42,47,48,50,59,67,73,76,83" /><INIT seed="1,1,1,4,3,13" ten="235,235,265,255" oya="1" hai0="40,114,129,15,10,86,106,109,33,110,48,8,57" hai1="26,20,3,108,53,76,132,79,32,77,19,65,88" hai2="7,62,78,84,124,44,29,101,55,34,4,95,39" hai3="63,75,23,115,1,28,118,9,42,80,49,119,59"/><U60/><E3/><V117/><F117/><N who="3" m="44555" /><G115/><T93/><D114/><U102/><E132/><V16/><F124/><W21/><G28/><T37/><D106/><U123/><E123/><V58/><F29/><W98/><G98/><T5/><D33/><U61/><E108/><N who="0" m="41577" /><D129/><U105/><E32/><V47/><F34/><W0/><G42/><T89/><D37/><U92/><E65/><V131/><F131/><W51/><G80/><T12/><D40/><U127/><E127/><V90/><F78/><W81/><G81/><T100/><D100/><U35/><E35/><V43/><F101/><W73/><G51/><T96/><D96/><N who="1" m="57351" /><E105/><V64/><F47/><W45/><G49/><T38/><D38/><U99/><E102/><V71/><F64/><N who="3" m="39039" /><G45/><T6/><D48/><U103/><E103/><V130/><F71/><W113/><G113/><T82/><D82/><U22/><E99/><V27/><REACH who="2" step="1"/><F130/><REACH who="2" ten="235,235,255,255" step="2"/><W56/><G56/><AGARI ba="1,2" hai="5,6,8,10,12,15,56,57,86,89,93" m="41577" machi="56" ten="30,1000,0" yaku="14,1" doraHai="13" who="0" fromWho="3" sc="235,33,235,0,255,0,255,-13" /><INIT seed="2,0,0,4,1,107" ten="268,235,255,242" oya="2" hai0="29,102,35,93,76,95,66,123,96,49,104,11,6" hai1="67,122,98,69,21,9,48,78,16,77,62,51,72" hai2="47,134,3,126,121,115,30,111,92,132,90,71,113" hai3="120,100,25,53,101,83,87,52,24,54,106,74,22"/><V4/><F121/><W110/><G120/><T124/><D123/><U131/><E131/><V125/><F71/><W17/><G110/><T94/><D124/><N who="2" m="47722" /><F47/><W41/><G106/><T33/><D29/><U82/><E122/><V0/><F111/><W44/><G25/><T13/><D66/><U12/><E78/><V118/><F118/><W117/><G74/><T103/><D103/><U88/><REACH who="1" step="1"/><E9/><REACH who="1" ten="268,225,255,242" step="2"/><V56/><F115/><W19/><G117/><T133/><D76/><U18/><E18/><V97/><F113/><W75/><G19/><T23/><D133/><N who="2" m="51306" /><F4/><W81/><G75/><T60/><D11/><U116/><E116/><V79/><F79/><W85/><G83/><T45/><D6/><U84/><E84/><N who="3" m="32330" /><G81/><T31/><D31/><U109/><E109/><V5/><F5/><W37/><G37/><T99/><D96/><U20/><E20/><V112/><F112/><W114/><G114/><T130/><D23/><U15/><E15/><V59/><F30/><W43/><G44/><T63/><D13/><U7/><E7/><V27/><F27/><W50/><G50/><T119/><D119/><U28/><E28/><V39/><F39/><W128/><G128/><T38/><D130/><U1/><E1/><AGARI ba="0,1" hai="0,1,3,56,59,90,92,97" m="51306,47722" machi="1" ten="40,3900,0" yaku="18,1,20,1" doraHai="107" who="2" fromWho="1" sc="268,0,225,-39,255,49,242,0" /><INIT seed="2,1,0,1,2,119" ten="268,186,304,242" oya="2" hai0="63,0,20,10,89,129,128,65,59,93,18,83,9" hai1="31,80,99,98,121,120,111,36,38,67,35,68,47" hai2="96,30,52,1,39,131,49,23,45,107,134,73,11" hai3="28,97,112,34,55,37,69,57,12,92,71,123,81"/><V62/><F73/><W116/><G116/><T82/><D0/><U114/><E114/><V8/><F131/><N who="0" m="50250" /><D83/><U64/><E111/><V103/><F134/><W126/><G37/><N who="1" m="14442" /><E47/><V115/><F115/><W104/><G104/><T110/><D82/><U4/><E4/><V70/><F39/><W85/><G28/><T100/><D100/><U15/><E15/><V74/><F74/><W14/><G34/><T105/><D105/><U130/><E130/><V6/><F11/><W101/><G12/><N who="0" m="9287" /><D110/><U44/><E44/><V135/><F135/><W60/><G14/><T29/><D29/><U76/><E31/><V53/><F30/><W3/><G3/><T106/><D106/><U109/><E35/><V19/><F70/><W84/><G112/><T113/><D113/><U78/><E109/><V66/><F66/><N who="1" m="25129" /><E68/><V90/><F62/><W48/><G69/><T108/><D108/><U50/><E50/><V56/><F90/><W41/><G71/><T21/><D21/><U33/><E33/><V7/><F7/><W94/><G48/><T72/><D72/><N who="1" m="43015" /><E78/><V122/><F45/><W42/><G60/><T132/><D132/><U46/><E46/><V16/><F23/><W25/><G81/><T32/><D32/><U13/><E13/><V58/><F19/><W5/><G5/><T51/><D51/><U61/><E61/><V91/><F16/><W118/><G118/><T24/><D24/><U95/><E95/><V125/><F107/><W75/><G94/><T102/><D89/><U124/><E124/><V27/><F125/><W117/><G126/><T2/><D2/><RYUUKYOKU ba="1,0" sc="268,15,186,15,304,-15,242,-15" hai0="9,10,59,63,65,93,102" hai1="98,99,120,121" /><INIT seed="3,2,0,3,5,5" ten="283,201,289,227" oya="3" hai0="7,65,122,96,64,124,14,20,23,57,98,49,111" hai1="3,135,77,93,71,34,46,118,26,51,108,12,33" hai2="13,11,119,99,92,127,80,129,0,95,62,47,97" hai3="24,125,105,133,10,123,8,9,86,50,48,55,91"/><W40/><G123/><T52/><D122/><U88/><E3/><V115/><F119/><W74/><G105/><T56/><D111/><U27/><E108/><V22/><F115/><W31/><G74/><T126/><D124/><U87/><E71/><V2/><F127/><W16/><G125/><T67/><D57/><U114/><E114/><V103/><F129/><W107/><G107/><T128/><D128/><U37/><E37/><V38/><F22/><N who="0" m="8234" /><D126/><U75/><E118/><V54/><F80/><N who="3" m="49607" /><G133/><T4/><D14/><U63/><E135/><V132/><F132/><W35/><G35/><T6/><AGARI ba="2,0" hai="4,6,7,49,52,56,64,65,67,96,98" m="8234" machi="6" ten="40,2700,0" yaku="8,1,54,1" doraHai="5" who="0" fromWho="0" sc="283,33,201,-9,289,-9,227,-15" /><INIT seed="4,0,0,2,4,135" ten="316,192,280,212" oya="0" hai0="76,123,2,118,30,22,57,68,15,8,126,114,29" hai1="110,84,45,104,23,96,44,81,32,91,38,4,28" hai2="1,102,59,18,33,7,37,94,134,79,77,21,66" hai3="35,74,11,106,115,40,122,31,119,129,64,109,100"/><T14/><D68/><U95/><E110/><V3/><F33/><W86/><G74/><T105/><D105/><U133/><E133/><V0/><F37/><W47/><G109/><T121/><D57/><U83/><E32/><V54/><F66/><W43/><G119/><T92/><D92/><U71/><E71/><V56/><F7/><W117/><G117/><T60/><D60/><U107/><E4/><V88/><F102/><W82/><G129/><T124/><D76/><U73/><E83/><V113/><F59/><W51/><G115/><T17/><D2/><U120/><E120/><N who="0" m="46153" /><D114/><U63/><E63/><V67/><F67/><W90/><G122/><T116/><D118/><U5/><E5/><V111/><F111/><W34/><G40/><T36/><D36/><U131/><E131/><V39/><F39/><W61/><G11/><T26/><D116/><U78/><E38/><V24/><F113/><W16/><G100/><T98/><D98/><U132/><E132/><V87/><REACH who="2" step="1"/><F134/><REACH who="2" ten="316,192,270,212" step="2"/><W101/><G101/><T65/><D65/><U93/><E107/><V13/><F13/><N who="0" m="4618" /><D8/><U58/><E58/><V6/><F6/><W128/><G106/><T55/><D55/><U85/><E104/><V70/><F70/><W97/><G64/><T62/><D62/><AGARI ba="0,1" hai="0,1,3,18,21,24,54,56,62,77,79,87,88,94" machi="62" ten="40,5200,0" yaku="1,1,54,1,53,1" doraHai="135" doraHaiUra="53" who="2" fromWho="0" sc="316,-52,192,0,270,62,212,0" /><INIT seed="5,0,0,4,0,110" ten="264,192,332,212" oya="1" hai0="17,81,102,124,27,0,115,73,72,74,43,111,130" hai1="70,37,53,60,114,56,104,6,80,117,88,86,18" hai2="87,71,32,19,29,46,12,79,106,89,15,77,83" hai3="30,11,128,113,47,82,94,134,55,33,62,35,116"/><U68/><E117/><V120/><F120/><W63/><G116/><T48/><D0/><U9/><E104/><V2/><F2/><W133/><G128/><T24/><D111/><U3/><E37/><V108/><F106/><W85/><G94/><T52/><D43/><U61/><E114/><V40/><F71/><W78/><G11/><T23/><D130/><U38/><E38/><V95/><F108/><W131/><G131/><T100/><D124/><U129/><E129/><V92/><F32/><W49/><G113/><T76/><D115/><U90/><E61/><N who="3" m="23050" /><G30/><T28/><D73/><U112/><E112/><V67/><F29/><W22/><G22/><T13/><D27/><U1/><E1/><V93/><F67/><W64/><G64/><T127/><D72/><U96/><REACH who="1" step="1"/><E18/><REACH who="1" ten="264,182,332,212" step="2"/><V103/><F19/><W10/><G10/><T54/><D127/><U84/><E84/><V7/><F87/><W126/><G126/><T21/><REACH who="0" step="1"/><D54/><REACH who="0" ten="254,182,332,212" step="2"/><U34/><E34/><V25/><F40/><W44/><G33/><T98/><D98/><U97/><E97/><V8/><F7/><W4/><G4/><T57/><AGARI ba="0,2" hai="13,17,21,23,24,28,48,52,57,74,76,81,100,102" machi="57" ten="20,5200,0" yaku="1,1,0,1,7,1,54,1,53,0" doraHai="110" doraHaiUra="65" who="0" fromWho="0" sc="254,72,182,-26,332,-13,212,-13" /><INIT seed="6,0,0,0,2,100" ten="326,156,319,199" oya="2" hai0="83,69,7,4,78,109,132,60,46,52,76,122,51" hai1="24,28,134,94,72,130,104,106,64,57,126,26,5" hai2="34,99,8,18,17,103,120,79,114,135,27,86,62" hai3="77,107,84,55,59,45,116,98,11,1,125,12,44"/><V49/><F120/><W15/><G116/><T115/><D109/><U128/><E72/><V33/><F114/><W13/><G125/><T74/><D122/><U87/><E126/><V31/><F135/><W29/><G29/><T105/><D105/><U124/><E124/><V82/><F33/><W6/><G98/><T85/><D115/><U43/><E134/><V21/><F62/><W92/><G107/><N who="1" m="41002" /><E43/><V119/><F119/><W25/><G25/><T37/><D132/><U81/><E94/><N who="2" m="58871" /><F34/><W30/><G30/><T129/><D37/><U0/><E28/><V127/><F127/><W121/><G121/><T123/><D123/><U68/><E68/><V22/><F22/><W35/><G35/><T3/><D3/><U93/><E93/><V73/><F73/><W32/><G32/><T97/><D97/><U65/><E5/><V41/><F8/><W70/><G70/><T56/><D69/><U111/><E0/><V91/><F79/><W118/><G118/><T38/><D76/><N who="1" m="46503" /><E111/><V47/><AGARI ba="0,0" hai="17,18,21,27,31,41,47,49,82,86,91" m="58871" machi="47" ten="30,1500,0" yaku="8,1" doraHai="100" who="2" fromWho="2" sc="326,-5,156,-5,319,15,199,-5" /><INIT seed="6,1,0,1,5,9" ten="321,151,334,194" oya="2" hai0="48,22,26,92,119,3,135,98,36,114,34,97,31" hai1="37,14,11,6,91,44,58,79,47,35,28,45,54" hai2="95,111,67,29,113,77,88,128,102,85,25,121,20" hai3="10,46,63,99,96,12,30,86,33,129,62,73,93"/><V117/><F117/><W105/><G73/><T133/><D36/><U82/><E91/><V61/><F121/><W7/><G129/><T43/><D3/><U32/><E37/><V76/><F128/><W120/><G120/><T100/><D119/><U87/><REACH who="1" step="1"/><E28/><REACH who="1" ten="321,141,334,194" step="2"/><V68/><F111/><W8/><G30/><T53/><D31/><U103/><E103/><V110/><F110/><W13/><G99/><T60/><D98/><U84/><E84/><V5/><F113/><W125/><G86/><T109/><D114/><U65/><E65/><V57/><F102/><W59/><G96/><T127/><D97/><U94/><E94/><V74/><F74/><W71/><G93/><T27/><D92/><U75/><E75/><V49/><REACH who="2" step="1"/><F5/><REACH who="2" ten="321,141,324,194" step="2"/><W107/><G7/><T106/><D109/><U134/><E134/><V19/><F19/><W83/><G107/><T72/><D106/><U21/><E21/><V39/><F39/><W66/><G105/><T101/><D22/><U42/><E42/><V89/><F89/><W4/><G4/><T17/><D43/><U116/><E116/><V108/><F108/><W130/><G130/><T24/><D17/><U132/><E132/><V115/><F115/><W18/><G18/><T15/><D135/><U81/><E81/><V80/><F80/><W124/><G83/><T51/><D72/><U122/><E122/><V78/><F78/><W2/><G124/><T40/><D127/><U23/><E23/><V123/><F123/><W0/><G125/><T55/><D133/><U126/><E126/><V69/><F69/><W41/><G71/><RYUUKYOKU ba="1,2" sc="321,-15,141,15,324,15,194,-15" hai1="6,11,14,32,35,44,45,47,54,58,79,82,87" hai2="20,25,29,49,57,61,67,68,76,77,85,88,95" /><INIT seed="6,2,2,2,4,71" ten="306,156,339,179" oya="2" hai0="47,128,54,134,103,48,11,105,40,126,78,58,129" hai1="114,1,80,4,122,130,30,63,46,120,2,5,55" hai2="82,95,69,100,33,73,117,44,110,10,115,42,28" hai3="24,127,29,68,109,27,75,125,37,14,76,13,18"/><V93/><F117/><W85/><G68/><T94/><D105/><U79/><E114/><V67/><F115/><W121/><G121/><N who="1" m="46698" /><E130/><N who="0" m="50281" /><D78/><U56/><E30/><V36/><F110/><W19/><G109/><T90/><D103/><U6/><E46/><V135/><F135/><W12/><G75/><AGARI ba="2,2" hai="1,2,4,5,6,55,56,63,75,79,80" m="46698" machi="75" ten="30,1000,0" yaku="13,1" doraHai="71" who="1" fromWho="3" sc="306,0,156,36,339,0,179,-16" /><INIT seed="7,0,0,0,0,101" ten="306,192,339,163" oya="3" hai0="97,61,96,40,45,43,23,102,13,126,49,118,73" hai1="90,10,113,104,76,80,8,65,67,57,115,0,11" hai2="27,7,62,100,135,78,51,124,55,26,5,47,106" hai3="125,77,38,2,32,88,53,70,72,98,127,33,95"/><W131/><G131/><T36/><D118/><U68/><E68/><V87/><F124/><N who="3" m="47691" /><G2/><T15/><D73/><U133/><E133/><V117/><F117/><W74/><G38/><T4/><D96/><U14/><E0/><V119/><F119/><W25/><G70/><T28/><D126/><U109/><E109/><V6/><F135/><W39/><G39/><T134/><D134/><U42/><E104/><V105/><F105/><W94/><G77/><T82/><D82/><U22/><E90/><V41/><F106/><W16/><G53/><T69/><D4/><U116/><E42/><V58/><F100/><N who="3" m="60503" /><G16/><T59/><D40/><U3/><E3/><V110/><F110/><W66/><G66/><T31/><D69/><U130/><E130/><V103/><F103/><W54/><G54/><T35/><D36/><U24/><E14/><V112/><F112/><N who="1" m="43081" /><E57/><V71/><F71/><W89/><G89/><T1/><D15/><U64/><E116/><V12/><F12/><W50/><G50/><T34/><D1/><U123/><E123/><V84/><F78/><W37/><G37/><T129/><D13/><U81/><E76/><V91/><F87/><N who="3" m="52639" /><G25/><N who="0" m="16447" /><D129/><U9/><N who="1" m="2048" /><DORA hai="99" /><U52/><E52/><V29/><F29/><AGARI ba="0,0" hai="22,24,29,64,65,67,80,81" m="2048,43081" machi="29" ten="50,1600,0" yaku="15,1" doraHai="101,99" who="1" fromWho="2" sc="306,0,192,16,339,-16,163,0" owari="306,10.6,208,-19.2,323,42.3,163,-33.7" /></mjloggm>