<mjloggm ver="2.3"><GO type="169" lobby="0"/><UN n0="%70%6F%6E%2D%65%6E" n1="%4E%55%44%41" n2="%4B%69%74%61%6D%75%72%61" n3="%E4%B8%BB%E5%A9%A6%E3%81%A8%E3%81%97%E5%AD%90" dan="16,17,18,17" rate="2158.10,2156.74,2283.93,2170.80" sx="F,M,F,M"/><TAIKYOKU oya="0"/><INIT seed="0,0,0,4,5,0" ten="250,250,250,250" oya="0" hai0="66,127,101,55,57,103,122,8,12,73,97,135,71" hai1="133,43,98,36,37,31,125,91,67,33,1,100,23" hai2="76,29,83,120,116,88,112,99,108,46,13,90,102" hai3="22,35,86,52,16,40,107,124,65,15,75,56,82"/><T24/><D122/><U17/><E1/><V5/><F120/><W25/><G124/><T50/><D73/><U49/><E125/><V54/><F112/><W132/><G107/><T81/><D127/><U3/><E91/><V121/><F121/><W6/><G132/><T64/><D135/><U68/><E133/><V60/><F29/><W72/><G40/><T51/><D81/><U134/><E134/><V59/><F108/><W2/><G65/><T117/><D117/><U44/><E3/><V119/><F46/><W41/><G41/><T128/><D128/><U113/><E23/><V7/><F13/><W30/><G6/><N who="2" m="2057" /><F102/><W104/><G104/><T61/><D24/><N who="1" m="18663" /><E17/><V96/><F96/><W94/><G94/><T26/><D26/><U48/><E37/><V47/><F47/><W130/><G130/><T77/><D66/><U74/><E74/><N who="2" m="43415" /><F99/><W58/><G58/><T95/><D77/><U126/><E113/><V69/><F69/><W87/><G2/><T118/><D118/><AGARI ba="0,0" hai="54,59,60,88,90,116,118,119" m="43415,2057" machi="118" ten="30,8000,1" yaku="12,1,52,3,54,1" doraHai="0" who="2" fromWho="0" sc="250,-80,250,0,250,80,250,0" /><INIT seed="1,0,0,0,3,71" ten="170,250,330,250" oya="1" hai0="84,32,89,102,120,109,101,86,76,78,49,90,63" hai1="98,127,22,16,95,85,61,52,117,36,116,38,82" hai2="39,14,129,33,23,112,94,54,43,126,5,110,18" hai3="40,83,44,107,27,135,4,53,73,70,96,69,66"/><U119/><E127/><V26/><F126/><W68/><G135/><T105/><D32/><U10/><E10/><V124/><F124/><W100/><G53/><T118/><D49/><U24/><E85/><N who="0" m="32873" /><D63/><U34/><E82/><V2/><F110/><W88/><G4/><T47/><D47/><U97/><E34/><V103/><F129/><W8/><G8/><T62/><D62/><U93/><E93/><V115/><F54/><W87/><G27/><T46/><D46/><U31/><E31/><N who="2" m="19703" /><F94/><W113/><G73/><T35/><D35/><U121/><E121/><V79/><F103/><N who="0" m="39434" /><D109/><U45/><E97/><V81/><F43/><W92/><G113/><T60/><D60/><U6/><E6/><V30/><F30/><W57/><G57/><T134/><D118/><U72/><E72/><N who="2" m="43239" /><F39/><W80/><REACH who="3" step="1"/><G66/><REACH who="3" ten="170,250,330,240" step="2"/><T42/><D42/><U7/><E7/><V65/><F65/><W91/><G91/><N who="0" m="34827" /><D134/><U58/><E45/><V59/><F59/><W37/><AGARI ba="0,1" hai="37,40,44,68,69,70,80,83,87,88,92,96,100,107" machi="37" ten="30,7900,0" yaku="1,1,0,1,52,1,54,1,53,0" doraHai="71" doraHaiUra="128" who="3" fromWho="3" sc="170,-20,250,-39,330,-20,240,89" /><INIT seed="2,0,0,1,1,22" ten="150,211,310,329" oya="2" hai0="126,115,108,59,47,75,8,49,125,48,77,122,94" hai1="14,130,129,29,40,76,3,56,131,80,6,62,17" hai2="16,15,105,67,71,0,116,112,42,13,87,127,82" hai3="119,41,133,24,11,55,43,25,90,118,68,113,54"/><V34/><F112/><W39/><G11/><T92/><D122/><U35/><E40/><N who="3" m="15434" /><G90/><T132/><D115/><U98/><E98/><V78/><F116/><N who="3" m="44587" /><G113/><T23/><D108/><U53/><E6/><V117/><F117/><W50/><G50/><T79/><D132/><U97/><E97/><V102/><F0/><W106/><G68/><T5/><D23/><U58/><E3/><V74/><F42/><W88/><G88/><T38/><D8/><U44/><E44/><V28/><F102/><W27/><G106/><T81/><D47/><U46/><E46/><V52/><F105/><W128/><G133/><T19/><D59/><U9/><E58/><V20/><F13/><W103/><G103/><T18/><D81/><U60/><E60/><V26/><F87/><W83/><G83/><T70/><D70/><U10/><E10/><V135/><F135/><W61/><G61/><T64/><D64/><U4/><E4/><V96/><F96/><W69/><G69/><T84/><D5/><U33/><E80/><V120/><F67/><W1/><G1/><T51/><D51/><U2/><E2/><V65/><F65/><W63/><G63/><T91/><D91/><U114/><E114/><V101/><F71/><W30/><G30/><T107/><D107/><U124/><E29/><V72/><F101/><W99/><G99/><T37/><REACH who="0" step="1"/><D84/><REACH who="0" ten="140,211,310,329" step="2"/><U121/><E121/><V100/><F120/><W73/><G73/><AGARI ba="0,1" hai="18,19,37,38,48,49,73,75,77,79,92,94,125,126" machi="73" ten="25,6400,0" yaku="1,1,2,1,22,2,53,0" doraHai="22" doraHaiUra="7" who="0" fromWho="3" sc="140,74,211,0,310,0,329,-64" /><INIT seed="3,0,0,4,5,121" ten="214,211,310,265" oya="3" hai0="42,60,54,86,34,101,120,12,87,17,67,99,125" hai1="135,23,100,91,83,13,89,72,98,133,7,76,48" hai2="5,128,41,116,112,63,3,65,57,85,95,8,44" hai3="39,66,118,119,19,115,1,49,108,58,134,69,59"/><W24/><G1/><T113/><D34/><U28/><E48/><V40/><F116/><N who="3" m="44587" /><G19/><T73/><D120/><U18/><E28/><V94/><F112/><W55/><G24/><T45/><D73/><U15/><E7/><V110/><F128/><W68/><G115/><T132/><D125/><U0/><E0/><V131/><F131/><W107/><G107/><T50/><D42/><U80/><E15/><V2/><F2/><W35/><G35/><T93/><D132/><N who="1" m="50763" /><E80/><V84/><F41/><W130/><G39/><T33/><D33/><U26/><E13/><V126/><F126/><W96/><G96/><T97/><D97/><U25/><E26/><V51/><F85/><W114/><G114/><T10/><REACH who="0" step="1"/><D113/><REACH who="0" ten="204,211,310,265" step="2"/><U102/><E102/><V77/><F40/><W88/><G134/><T104/><D104/><AGARI ba="0,1" hai="18,23,25,72,76,83,89,91,98,100,104" m="50763" machi="104" ten="30,1000,0" yaku="20,1" doraHai="121" who="1" fromWho="0" sc="204,-10,211,20,310,0,265,0" /><INIT seed="4,0,0,2,3,26" ten="194,231,310,265" oya="0" hai0="12,31,95,80,34,88,110,77,18,50,68,124,81" hai1="130,13,132,115,35,112,85,45,117,51,53,84,55" hai2="76,52,63,2,8,70,46,21,30,36,38,11,74" hai3="62,20,0,24,33,102,92,39,121,75,104,60,47"/><T99/><D68/><U123/><E123/><V4/><F11/><W5/><G121/><T72/><D124/><U83/><E117/><V78/><F74/><W44/><G104/><T109/><D80/><U129/><E35/><V113/><F113/><N who="1" m="43593" /><E132/><V87/><F87/><N who="1" m="33353" /><E83/><V97/><F97/><W96/><G75/><T103/><D50/><N who="1" m="28879" /><E13/><V54/><F78/><W91/><G33/><T67/><D67/><U43/><E43/><V49/><F76/><W28/><G39/><T56/><D56/><AGARI ba="0,0" hai="51,55,56,129,130" m="28879,33353,43593" machi="56" ten="30,2000,0" yaku="15,1,11,1" doraHai="26" who="1" fromWho="0" sc="194,-20,231,20,310,0,265,0" /><INIT seed="5,0,0,5,3,121" ten="174,251,310,265" oya="1" hai0="128,120,106,26,49,65,11,126,52,98,134,4,47" hai1="132,55,104,135,111,53,118,102,40,29,5,84,44" hai2="38,15,113,105,20,108,80,39,32,2,92,73,103" hai3="61,7,43,116,21,18,109,76,22,69,127,94,87"/><U124/><E118/><V96/><F2/><W45/><G116/><T62/><D126/><U16/><E124/><V129/><F32/><W130/><G127/><T112/><D112/><U81/><E29/><V114/><F129/><W117/><G117/><T56/><D134/><N who="1" m="51243" /><E5/><V60/><F60/><W34/><G34/><T133/><D133/><U90/><E111/><V46/><F105/><W31/><G7/><T6/><D128/><U42/><E16/><N who="2" m="10271" /><F46/><W66/><G109/><T1/><D120/><U68/><E68/><V119/><F119/><W82/><G130/><T28/><D4/><U78/><E78/><N who="2" m="44111" /><F108/><W110/><G110/><T8/><D8/><U41/><E44/><V115/><AGARI ba="0,0" hai="38,39,92,96,103,113,114,115" m="44111,10271" machi="115" ten="30,4000,0" yaku="15,1,11,1,54,1" doraHai="121" who="2" fromWho="2" sc="174,-10,251,-20,310,40,265,-10" /><INIT seed="6,0,0,1,4,87" ten="164,231,350,255" oya="2" hai0="77,101,1,112,36,58,0,3,11,32,44,72,99" hai1="56,135,49,78,38,92,28,94,88,119,16,31,102" hai2="128,60,15,55,6,19,52,126,54,118,13,110,98" hai3="37,33,48,82,133,8,100,107,40,65,50,124,81"/><V103/><F118/><W12/><G33/><T93/><D58/><U125/><E38/><V75/><F75/><W41/><G107/><T115/><D32/><U34/><E119/><V42/><F128/><W61/><G100/><T59/><D59/><U127/><E78/><V14/><F126/><N who="1" m="48137" /><E135/><V111/><F42/><W109/><G109/><N who="2" m="41481" /><F6/><W80/><G133/><T123/><D123/><U5/><E5/><V10/><F60/><W134/><G134/><T74/><D11/><U22/><E102/><V35/><F35/><W108/><G124/><T21/><D21/><U120/><E94/><AGARI ba="0,0" hai="10,13,14,15,19,52,54,55,94,98,103" m="41481" machi="94" ten="30,2900,0" yaku="10,1,54,1" doraHai="87" who="2" fromWho="1" sc="164,0,231,-29,350,29,255,0" /><INIT seed="6,1,0,4,4,3" ten="164,202,379,255" oya="2" hai0="96,135,19,64,121,14,8,15,33,112,37,22,9" hai1="1,18,36,106,113,60,13,79,5,71,67,16,58" hai2="129,39,114,59,57,30,23,11,98,89,120,41,118" hai3="34,108,69,85,111,50,63,10,93,132,94,92,97"/><V66/><F118/><W53/><G34/><T117/><D37/><U102/><E36/><V88/><F120/><W83/><G132/><T44/><D121/><U122/><E122/><V76/><F114/><W130/><G130/><T81/><D112/><U107/><E113/><V52/><F129/><W82/><G97/><T49/><D135/><U103/><E1/><V77/><F39/><W7/><G63/><T104/><D33/><U75/><E71/><V25/><F41/><W86/><G69/><T105/><D117/><U68/><E68/><V61/><F11/><W65/><G65/><T126/><D126/><U74/><E60/><N who="2" m="35879" /><F89/><W31/><G31/><T48/><D64/><U95/><E67/><V90/><F90/><W73/><G73/><T116/><D116/><U28/><E28/><V12/><F12/><N who="3" m="5215" /><G111/><T46/><D22/><U84/><E13/><V119/><F119/><W38/><G38/><T78/><D78/><U99/><E79/><V115/><F115/><W127/><G127/><T124/><D124/><U87/><E75/><V70/><F70/><W21/><G21/><T42/><D96/><U45/><E74/><V123/><F123/><W40/><G40/><T4/><REACH who="0" step="1"/><D81/><REACH who="0" ten="154,202,379,255" step="2"/><N who="3" m="30729" /><G108/><T125/><D125/><U54/><E99/><V27/><F76/><W134/><G134/><T101/><D101/><U29/><E103/><V131/><F77/><W26/><G26/><T43/><AGARI ba="1,1" hai="4,8,9,14,15,19,42,43,44,46,48,49,104,105" machi="43" ten="20,8000,1" yaku="1,1,0,1,7,1,9,1,52,1,53,0" doraHai="3" doraHaiUra="17" who="0" fromWho="0" sc="154,93,202,-21,379,-41,255,-21" /><INIT seed="7,0,0,1,5,126" ten="247,181,338,234" oya="3" hai0="0,6,83,36,50,71,133,135,97,47,39,84,19" hai1="63,14,12,124,114,115,103,85,51,10,131,59,48" hai2="122,32,49,99,25,64,108,72,5,7,75,13,53" hai3="93,16,120,109,27,78,62,132,8,102,87,38,17"/><W43/><G120/><T81/><D71/><U107/><E124/><V128/><F108/><W100/><G109/><T118/><D118/><U29/><E29/><V80/><F64/><W116/><G116/><T68/><D68/><U67/><E85/><V96/><F96/><W117/><G117/><T127/><D19/><U130/><E103/><V42/><F42/><W4/><G38/><T22/><D22/><U40/><E107/><V11/><F5/><W69/><G43/><T23/><D23/><U76/><E76/><V35/><F35/><W91/><G132/><T66/><D6/><N who="1" m="3159" /><E14/><V21/><F32/><W106/><G78/><T34/><D0/><U121/><E121/><V105/><F122/><W52/><G69/><T55/><D97/><U56/><E40/><V30/><F99/><W54/><G106/><T1/><D84/><U95/><E95/><V26/><F105/><W113/><G102/><T44/><D34/><U123/><E123/><V111/><F111/><W74/><G100/><T60/><D135/><U15/><E15/><V31/><F13/><W101/><G101/><T98/><D98/><U104/><E104/><V20/><F31/><W18/><G87/><T134/><D133/><U9/><E9/><V45/><F11/><W70/><G8/><T61/><D127/><U65/><E65/><V129/><F30/><W89/><G93/><T86/><D86/><U79/><E79/><V24/><F24/><W77/><G27/><T33/><D66/><U41/><E41/><V110/><F110/><W92/><G77/><T46/><D134/><U94/><E94/><RYUUKYOKU ba="0,0" sc="247,0,181,0,338,0,234,0" owari="247,4.7,181,-31.9,338,43.8,234,-16.6" /></mjloggm>