<mjloggm ver="2.3"><GO type="169" lobby="0"/><UN n0="%E3%81%9F%E3%81%91%E3%81%B4%E3%83%BC%40%55%4E%50" n1="%E3%81%82%E3%81%95%E3%81%B4%E3%82%93%EF%BC%A0%EF%BD%8D%EF%BD%8A" n2="%E8%80%81%E6%A5%BD" n3="%E6%B7%B3%E5%AD%90%E3%81%A7%E3%81%99" dan="17,18,17,17" rate="2194.73,2301.64,2219.84,2167.80" sx="M,M,M,M"/><TAIKYOKU oya="0"/><INIT seed="0,0,0,2,2,54" ten="250,250,250,250" oya="0" hai0="41,69,68,66,37,110,129,90,76,122,114,113,26" hai1="102,8,72,23,21,107,56,47,1,80,33,119,24" hai2="133,5,17,124,81,46,39,103,118,98,67,9,96" hai3="71,84,63,13,97,85,27,16,7,120,52,61,15"/><T12/><D76/><U51/><E119/><V29/><F29/><W4/><G120/><T101/><D101/><U123/><E123/><V93/><F124/><W83/><G27/><T65/><D12/><U58/><E33/><V50/><F39/><W32/><G32/><T70/><D122/><U6/><E23/><V14/><F133/><W100/><G13/><T126/><D90/><U60/><E60/><V82/><F118/><W91/><G85/><T92/><D92/><U31/><E107/><V53/><F67/><N who="0" m="25610" /><D26/><U128/><E102/><V134/><F134/><W40/><G40/><T34/><D34/><U43/><REACH who="1" step="1"/><E128/><REACH who="1" ten="250,240,250,250" step="2"/><V108/><F108/><W36/><G63/><T106/><D106/><U44/><E44/><V130/><F130/><W45/><G71/><T49/><D129/><U64/><E64/><V121/><F121/><W3/><G45/><N who="0" m="23727" /><D126/><U87/><E87/><V109/><F109/><W19/><G84/><T111/><D49/><U38/><E38/><V125/><F125/><W42/><G36/><T88/><D88/><U79/><AGARI ba="0,1" hai="1,6,8,21,24,31,43,47,51,56,58,72,79,80" machi="79" ten="30,7900,0" yaku="1,1,0,1,52,2,53,0" doraHai="54" doraHaiUra="94" who="1" fromWho="1" sc="250,-39,240,89,250,-20,250,-20" /><INIT seed="1,0,0,0,5,133" ten="211,329,230,230" oya="1" hai0="130,99,64,102,105,104,96,108,70,83,25,115,121" hai1="36,93,69,91,54,26,27,53,87,19,62,134,21" hai2="8,111,132,1,9,79,58,98,4,78,50,40,76" hai3="112,84,122,100,48,117,119,75,18,2,38,15,71"/><U6/><E36/><V52/><F132/><W74/><G2/><T97/><D115/><U56/><E134/><V11/><F111/><W13/><G38/><T55/><D108/><U67/><E6/><V95/><REACH who="2" step="1"/><F40/><REACH who="2" ten="211,329,220,230" step="2"/><W80/><G112/><T43/><D43/><U20/><REACH who="1" step="1"/><E69/><REACH who="1" ten="211,319,220,230" step="2"/><V35/><F35/><W10/><G71/><T125/><D70/><U89/><E89/><AGARI ba="0,2" hai="1,4,8,9,11,50,52,58,76,78,79,89,95,98" machi="89" ten="40,2600,0" yaku="1,1,54,1,53,0" doraHai="133" doraHaiUra="107" who="2" fromWho="1" sc="211,0,319,-26,220,46,230,0" /><INIT seed="2,0,0,2,5,12" ten="211,293,266,230" oya="2" hai0="126,39,117,127,30,18,129,57,17,70,81,41,84" hai1="119,22,8,85,10,55,91,1,83,134,104,31,94" hai2="19,72,52,131,124,45,48,26,46,78,87,61,5" hai3="67,88,80,77,79,11,43,108,16,6,4,116,86"/><V82/><F124/><N who="0" m="47658" /><D70/><U122/><E119/><V128/><F5/><N who="3" m="2155" /><G108/><T121/><D121/><U63/><E104/><V125/><F125/><W96/><G116/><T62/><D117/><U132/><E122/><V106/><F106/><W44/><G67/><N who="0" m="39375" /><D129/><N who="2" m="49738" /><F61/><W113/><G113/><T105/><D105/><U90/><E1/><V34/><F34/><W35/><G35/><T103/><D103/><U32/><E32/><V56/><F72/><W0/><G0/><T24/><D41/><U60/><E60/><V76/><F76/><W3/><G96/><T93/><D93/><U133/><E63/><V109/><F109/><W130/><G3/><T114/><D39/><U74/><E55/><V2/><F2/><W33/><G33/><N who="0" m="20679" /><D114/><U28/><E133/><V29/><F29/><W20/><G130/><T50/><D50/><U65/><E31/><V95/><F95/><W54/><G43/><T59/><D59/><U123/><E123/><V9/><F26/><W23/><G77/><AGARI ba="0,0" hai="17,18,77,81,84" m="20679,39375,47658" machi="77" ten="30,3900,0" yaku="18,1,52,2" doraHai="12" who="0" fromWho="3" sc="211,39,293,0,266,0,230,-39" /><INIT seed="3,0,0,5,0,62" ten="250,293,266,191" oya="3" hai0="43,46,51,19,80,77,37,22,50,125,83,30,105" hai1="14,133,97,56,60,42,7,76,91,130,86,128,3" hai2="10,117,73,79,68,102,15,27,126,57,29,84,54" hai3="47,23,72,110,78,96,135,107,38,93,40,74,6"/><W20/><G135/><T28/><D105/><U92/><E3/><V95/><F68/><W48/><G107/><T132/><D132/><U26/><E133/><V69/><F69/><W44/><G6/><T0/><D0/><U120/><E120/><V121/><F117/><W122/><G122/><T87/><D125/><U85/><E42/><V33/><F73/><W5/><G5/><T58/><D83/><U18/><E7/><V131/><F131/><N who="1" m="50217" /><E26/><V4/><F126/><W134/><G134/><T115/><D115/><U17/><E76/><V13/><F79/><W64/><G64/><T81/><D81/><U65/><E18/><V39/><F39/><W94/><G94/><T71/><D71/><U36/><E36/><V103/><F13/><W90/><G110/><T66/><D37/><U31/><E31/><V82/><F82/><W24/><G23/><AGARI ba="0,0" hai="14,17,23,56,60,65,85,86,91,92,97" m="50217" machi="23" ten="30,2000,0" yaku="19,1,52,1" doraHai="62" who="1" fromWho="3" sc="250,0,293,20,266,0,191,-20" /><INIT seed="4,0,0,0,3,14" ten="250,313,266,171" oya="0" hai0="58,70,122,132,36,61,114,90,112,31,104,99,128" hai1="71,20,22,135,41,100,29,78,126,103,43,118,40" hai2="4,110,106,55,88,81,26,60,8,130,34,44,16" hai3="50,69,49,52,65,11,134,62,53,54,63,64,17"/><T67/><D122/><U27/><E118/><V91/><F106/><W10/><G134/><T30/><D36/><U45/><E71/><V113/><F110/><W51/><REACH who="3" step="1"/><G17/><REACH who="3" ten="250,313,266,161" step="2"/><T0/><D132/><U107/><E135/><V12/><F16/><W28/><G28/><T89/><D30/><U72/><E29/><V102/><F4/><W116/><G116/><T125/><D31/><U123/><E123/><V121/><F121/><W120/><G120/><T101/><D125/><U108/><E126/><V32/><F34/><W133/><G133/><T93/><D128/><U87/><E108/><V1/><F32/><W76/><G76/><T83/><D112/><U75/><E78/><V92/><F113/><W129/><G129/><T131/><D114/><U98/><E75/><V46/><F130/><W6/><G6/><T13/><D131/><U74/><E72/><V66/><F91/><W109/><G109/><T97/><D89/><U84/><E74/><V86/><F88/><W37/><G37/><T127/><D127/><U42/><E100/><V117/><F102/><W35/><G35/><T19/><D83/><U18/><REACH who="1" step="1"/><E22/><REACH who="1" ten="250,303,266,161" step="2"/><V15/><F117/><W105/><G105/><T68/><REACH who="0" step="1"/><D0/><REACH who="0" ten="240,303,266,161" step="2"/><U47/><E47/><V95/><F44/><W33/><G33/><T119/><D119/><U59/><E59/><AGARI ba="0,3" hai="10,11,49,50,51,52,53,54,59,62,63,64,65,69" machi="59" ten="40,8000,1" yaku="1,1,54,1,53,2" doraHai="14" doraHaiUra="57" who="3" fromWho="1" sc="240,0,303,-80,266,0,161,110" /><INIT seed="5,0,0,5,0,62" ten="240,223,266,271" oya="1" hai0="14,86,5,32,74,93,57,43,48,113,34,59,91" hai1="101,44,126,63,77,6,135,30,100,124,39,84,132" hai2="40,76,118,99,94,111,115,116,29,33,35,47,12" hai3="51,61,13,11,90,121,9,108,21,7,107,80,65"/><U130/><E30/><V123/><F111/><W0/><G108/><T16/><D74/><U120/><E6/><V23/><F123/><W81/><G107/><T92/><D113/><U125/><E39/><V73/><F76/><W49/><G21/><T88/><D5/><U78/><E44/><V36/><F73/><W45/><G49/><T37/><D37/><U134/><E120/><V22/><F22/><W102/><G102/><N who="1" m="39530" /><E63/><V129/><F129/><W56/><G121/><T1/><D1/><U117/><E117/><V53/><F115/><W3/><G90/><T41/><D34/><U69/><E69/><V46/><F35/><W58/><G58/><N who="0" m="22027" /><D48/><U54/><E54/><V70/><F33/><W50/><G50/><T79/><D79/><N who="1" m="30219" /><E84/><V66/><F46/><W82/><REACH who="3" step="1"/><G9/><REACH who="3" ten="240,223,266,261" step="2"/><N who="0" m="6223" /><D32/><U20/><E20/><V31/><F118/><W26/><G26/><T4/><D4/><U83/><E83/><V75/><F116/><W112/><G112/><T103/><D103/><U98/><E98/><AGARI ba="0,1" hai="41,43,86,88,91,92,93,98" m="6223,22027" machi="98" ten="30,3900,0" yaku="8,1,54,2" doraHai="62" who="0" fromWho="1" sc="240,49,223,-39,266,0,261,0" /><INIT seed="6,0,0,1,3,26" ten="289,184,266,261" oya="2" hai0="54,77,130,44,125,129,45,40,55,127,91,53,43" hai1="121,115,39,135,20,80,100,29,62,66,95,15,59" hai2="72,98,46,133,92,85,108,64,65,17,31,116,103" hai3="86,117,89,90,101,93,71,82,9,73,19,38,25"/><V52/><F72/><W134/><G117/><T41/><D91/><U99/><E39/><V51/><F116/><W21/><G134/><T5/><D5/><U94/><E135/><V27/><F133/><W10/><G71/><T37/><D77/><U112/><E121/><V13/><F108/><W79/><G38/><N who="0" m="21527" /><D43/><U56/><E80/><V3/><F3/><W60/><G60/><T124/><AGARI ba="0,0" hai="37,41,45,53,54,55,124,125,127,129,130" m="21527" machi="124" ten="40,5200,0" yaku="18,1,34,2" doraHai="26" who="0" fromWho="0" sc="289,52,184,-13,266,-26,261,-13" /><INIT seed="7,0,0,5,2,67" ten="341,171,240,248" oya="3" hai0="48,37,74,44,41,88,101,105,34,60,54,43,125" hai1="82,70,32,10,84,92,73,13,81,131,1,86,71" hai2="97,87,65,20,117,17,36,42,134,116,78,128,133" hai3="113,98,53,62,119,122,64,51,38,94,76,29,19"/><W112/><G38/><T3/><D74/><U124/><E32/><V46/><F128/><W99/><G76/><T59/><D3/><U121/><E121/><V108/><F108/><W69/><G98/><T100/><D34/><U96/><E1/><V31/><F31/><W57/><G119/><T95/><D105/><U83/><E73/><V50/><F65/><W6/><G29/><T111/><D111/><U11/><E131/><V77/><F97/><W39/><G6/><T12/><D125/><U4/><E10/><V49/><F77/><W61/><G39/><T89/><D89/><U68/><REACH who="1" step="1"/><E124/><REACH who="1" ten="341,161,240,248" step="2"/><V26/><F116/><W110/><G122/><T135/><D135/><U47/><E47/><V79/><F117/><W0/><G0/><T55/><D44/><U22/><E22/><V123/><F123/><W127/><G127/><T5/><D100/><AGARI ba="0,1" hai="4,11,13,68,70,71,81,82,83,84,86,92,96,100" machi="100" ten="50,8000,1" yaku="1,1,52,3,53,0" doraHai="67" doraHaiUra="21" who="1" fromWho="0" sc="341,-80,161,90,240,0,248,0" /><INIT seed="8,0,0,1,5,0" ten="261,251,240,248" oya="0" hai0="30,15,132,95,28,127,31,131,84,58,103,64,70" hai1="81,48,17,24,79,49,135,36,20,42,113,14,124" hai2="63,25,104,9,88,72,65,4,10,52,47,90,100" hai3="60,107,112,7,53,22,125,105,109,110,75,32,5"/><T121/><D121/><U8/><E135/><V91/><F72/><W3/><G32/><T44/><D70/><U40/><E124/><V115/><F115/><W37/><G3/><T134/><D127/><U85/><E113/><V39/><F104/><W57/><G37/><T99/><D131/><U51/><REACH who="1" step="1"/><E36/><REACH who="1" ten="261,241,240,248" step="2"/><V21/><F100/><W97/><G112/><T18/><D132/><U111/><E111/><V119/><F119/><W78/><G125/><T38/><D134/><U128/><E128/><V45/><F39/><W11/><G110/><T61/><D38/><U23/><E23/><V101/><F101/><W93/><G22/><N who="0" m="11615" /><D44/><U73/><E73/><V29/><F10/><W1/><G109/><T133/><D133/><U35/><E35/><V66/><F45/><W102/><G11/><T6/><D84/><U12/><E12/><N who="2" m="5159" /><F47/><W43/><G1/><T123/><D123/><U83/><E83/><V68/><F68/><W129/><G129/><T34/><D34/><U59/><E59/><AGARI ba="0,1" hai="21,25,29,52,59,63,65,66,88,90,91" m="5159" machi="59" ten="30,7700,0" yaku="8,1,52,1,54,2" doraHai="0" who="2" fromWho="1" sc="261,0,241,-77,240,87,248,0" owari="261,6.1,164,-33.6,327,42.7,248,-15.2" /></mjloggm>