<mjloggm ver="2.3"><GO type="169" lobby="0"/><UN n0="%E3%83%87%E3%83%A9%E3%82%B3%E3%83%83%E3%82%B3" n1="%7A%6F%6F%31%39%36%34" n2="%E6%B7%B3%E5%AD%90%E3%81%A7%E3%81%99" n3="%E8%8F%85%E7%94%B0%E5%B0%86%E6%9A%89%28%E5%81%BD%E7%89%A9%29" dan="16,17,17,16" rate="2132.93,2186.73,2204.14,2191.44" sx="M,M,M,M"/><TAIKYOKU oya="0"/><INIT seed="0,0,0,5,3,74" ten="250,250,250,250" oya="0" hai0="47,66,52,73,5,98,25,43,119,12,109,65,110" hai1="88,93,75,101,38,131,17,54,14,37,97,70,105" hai2="60,42,36,128,77,9,103,22,108,6,1,72,96" hai3="51,59,132,92,32,35,64,82,8,58,120,0,78"/><T67/><D119/><U84/><E70/><V20/><F128/><W40/><G132/><T4/><D73/><U48/><E75/><V26/><F108/><N who="0" m="41578" /><D25/><U114/><E114/><V50/><F36/><W80/><G92/><T126/><D126/><U49/><E49/><V33/><F20/><W116/><G116/><T133/><D133/><U53/><E53/><V86/><F72/><W68/><G68/><T107/><D12/><U31/><E31/><V113/><F60/><W79/><G120/><T15/><D15/><U27/><E27/><V55/><F42/><W91/><G91/><T102/><D52/><U121/><E131/><V117/><F33/><W16/><G0/><T111/><N who="0" m="41586" /><T87/><DORA hai="2" /><D87/><U63/><E63/><V99/><F113/><W21/><G8/><T100/><D102/><U19/><E19/><V7/><F103/><W45/><G35/><T95/><D95/><U104/><E104/><V34/><F34/><W57/><G32/><T83/><D83/><N who="3" m="31785" /><G64/><T71/><D71/><U89/><E89/><V62/><F1/><W76/><G59/><T129/><D129/><U118/><E118/><V85/><F117/><W11/><G11/><T23/><D23/><N who="1" m="11703" /><E121/><V61/><F22/><W94/><G94/><T135/><D135/><U13/><E13/><AGARI ba="0,0" hai="13,16,21,40,45,51,57,58,76,78,79" m="31785" machi="13" ten="30,8000,1" yaku="8,1,52,3,54,1" doraHai="74,2" who="3" fromWho="1" sc="250,0,250,-80,250,0,250,80" /><INIT seed="1,0,0,0,2,98" ten="250,170,250,330" oya="1" hai0="35,122,131,106,56,91,1,30,102,4,28,133,61" hai1="93,88,125,13,71,55,7,34,36,10,87,109,97" hai2="15,121,45,113,84,117,6,27,99,39,69,48,5" hai3="104,31,83,3,128,116,120,47,22,24,76,37,43"/><U134/><E34/><V23/><F39/><W73/><G120/><T54/><D122/><U89/><E134/><V119/><F69/><W72/><G128/><T78/><D78/><U11/><E125/><V96/><F121/><W42/><G116/><T82/><D133/><U111/><E36/><V77/><F113/><W107/><G43/><T25/><D131/><U40/><E40/><V0/><F0/><W18/><G72/><T85/><D30/><U60/><E11/><V92/><F99/><W20/><REACH who="3" step="1"/><G3/><REACH who="3" ten="250,170,250,320" step="2"/><T16/><D1/><U51/><E71/><V65/><F117/><W58/><G58/><T74/><D74/><U12/><E12/><AGARI ba="0,1" hai="12,18,20,22,24,31,37,42,47,73,76,83,104,107" machi="12" ten="30,2000,0" yaku="1,1,7,1,53,0" doraHai="98" doraHaiUra="90" who="3" fromWho="1" sc="250,0,170,-20,250,0,320,30" /><INIT seed="2,0,0,1,5,123" ten="250,150,250,350" oya="2" hai0="65,90,44,24,103,55,133,25,6,1,32,113,109" hai1="41,125,29,110,35,70,79,135,59,71,39,7,49" hai2="128,126,38,115,0,130,100,8,102,88,69,120,91" hai3="92,67,22,64,127,89,93,78,99,134,122,83,40"/><V34/><F120/><W26/><G122/><T17/><D113/><U112/><E79/><V118/><F34/><W52/><G134/><T97/><D133/><U45/><E135/><V30/><F30/><W107/><G127/><T42/><D65/><U76/><E7/><V98/><F69/><W66/><G40/><T56/><D32/><U36/><E76/><V15/><F38/><N who="1" m="14377" /><E29/><V63/><F63/><W84/><G107/><T4/><D90/><U62/><E35/><V108/><F0/><W72/><G52/><T12/><D1/><U111/><E125/><V2/><F2/><W53/><G53/><T9/><D42/><U31/><E31/><V124/><F8/><W129/><G129/><T81/><D81/><U60/><E112/><V33/><F15/><W13/><G13/><T37/><D37/><U20/><E20/><V77/><F33/><W68/><G68/><N who="1" m="26154" /><E62/><V5/><F5/><W11/><G11/><T116/><D24/><U51/><E51/><V47/><F115/><W96/><G72/><T114/><D25/><U121/><E121/><V54/><F126/><W119/><G78/><T86/><D114/><U117/><E117/><V85/><F77/><W104/><G22/><T14/><D116/><U3/><E3/><V58/><F118/><W46/><G26/><T23/><D14/><U94/><E94/><V74/><F74/><W28/><G28/><T75/><D9/><U105/><E105/><V10/><F10/><W131/><G104/><T73/><D12/><U43/><E41/><V21/><F124/><W95/><G119/><T80/><D75/><RYUUKYOKU ba="0,0" sc="250,-10,150,30,250,-10,350,-10" hai1="43,45,49,59,60,110,111" /><INIT seed="3,1,0,2,5,87" ten="240,180,240,340" oya="3" hai0="20,78,100,108,110,117,134,83,115,85,5,90,65" hai1="38,98,13,1,60,123,61,109,44,86,92,42,6" hai2="80,52,104,12,116,7,124,102,22,75,25,101,125" hai3="120,24,39,55,111,17,77,74,54,34,84,107,14"/><W41/><G107/><T9/><D117/><U103/><E123/><V50/><F116/><W46/><G120/><T118/><D118/><U8/><E109/><N who="0" m="42089" /><D65/><U82/><REACH who="1" step="1"/><E1/><REACH who="1" ten="240,170,240,340" step="2"/><V131/><F124/><W72/><G111/><T68/><D115/><U119/><E119/><V130/><F125/><W16/><G72/><T73/><D73/><U121/><E121/><V122/><F75/><W135/><G74/><T19/><D134/><U18/><E18/><V57/><F122/><W32/><G135/><T67/><D19/><U81/><E81/><V35/><F80/><W49/><G17/><T97/><D78/><AGARI ba="1,1" hai="6,8,13,38,42,44,60,61,78,82,86,92,98,103" machi="78" ten="30,7700,0" yaku="1,1,7,1,53,2" doraHai="87" doraHaiUra="58" who="1" fromWho="0" sc="240,-80,170,90,240,0,340,0" /><INIT seed="4,0,0,0,0,25" ten="160,260,240,340" oya="0" hai0="91,50,74,3,103,70,129,45,8,69,59,105,98" hai1="49,27,111,32,15,24,57,61,104,68,123,33,79" hai2="56,28,38,37,5,86,47,52,133,73,94,89,14" hai3="90,29,130,110,132,13,116,43,46,40,84,96,39"/><T1/><D129/><U119/><E104/><V112/><F73/><W127/><G110/><T62/><D74/><U16/><E111/><V67/><F133/><W30/><G116/><T126/><D126/><U100/><E123/><V65/><F112/><W36/><G132/><T2/><D91/><U134/><E100/><V101/><F101/><W10/><G96/><T113/><D8/><U121/><E121/><V54/><F37/><W81/><G130/><T12/><D12/><U118/><E134/><V4/><F38/><W63/><G63/><T93/><D105/><U11/><E68/><V115/><F47/><W41/><G127/><T87/><D87/><U18/><E49/><V22/><F54/><W20/><G20/><T60/><D113/><U66/><E79/><V44/><F44/><W0/><G0/><T82/><D82/><U124/><E124/><V23/><F23/><W55/><G39/><T75/><D75/><U85/><E85/><V58/><F58/><W21/><G21/><T6/><D6/><N who="2" m="2666" /><F14/><W83/><G83/><T35/><D35/><U17/><E119/><V95/><F94/><W107/><G107/><T99/><D99/><U106/><E106/><V7/><F7/><N who="3" m="3295" /><G36/><T120/><D120/><U19/><E118/><V114/><F114/><W51/><AGARI ba="0,0" hai="29,30,40,41,43,46,51,55,81,84,90" m="3295" machi="51" ten="30,4000,0" yaku="8,1,52,2" doraHai="25" who="3" fromWho="3" sc="160,-20,260,-10,240,-10,340,40" /><INIT seed="5,0,0,1,5,47" ten="140,250,230,380" oya="1" hai0="26,19,29,80,10,45,66,124,97,93,113,86,104" hai1="122,20,39,65,130,68,28,76,71,123,16,36,35" hai2="92,52,37,103,24,5,32,112,78,7,133,14,106" hai3="84,17,61,127,121,8,0,9,58,62,126,82,38"/><U85/><E130/><V41/><F106/><W70/><G38/><T43/><D113/><U6/><E6/><V54/><F78/><W74/><G74/><T44/><D124/><N who="3" m="47657" /><G121/><T119/><D119/><U117/><E117/><V4/><F41/><W132/><G132/><T56/><D104/><U40/><E28/><V77/><F37/><W22/><G70/><T73/><D73/><U51/><E35/><V33/><F77/><N who="3" m="46159" /><G0/><T131/><D131/><U94/><E39/><V95/><F14/><N who="3" m="9527" /><G62/><T49/><D44/><U115/><E36/><V105/><F24/><W31/><G31/><T91/><D10/><U11/><E11/><V79/><F79/><W25/><G25/><T18/><D26/><N who="1" m="14599" /><E76/><V75/><F75/><W63/><G63/><N who="0" m="38247" /><D29/><U34/><E71/><V21/><F21/><W120/><G120/><T13/><D13/><U118/><E118/><V46/><F32/><W64/><AGARI ba="0,0" hai="8,9,58,61,64" m="9527,46159,47657" machi="64" ten="30,1100,0" yaku="18,1" doraHai="47" who="3" fromWho="3" sc="140,-3,250,-5,230,-3,380,11" /><INIT seed="6,0,0,3,0,34" ten="137,245,227,391" oya="2" hai0="106,47,89,128,29,85,77,80,41,78,87,117,88" hai1="118,113,2,104,76,91,16,69,8,111,30,101,90" hai2="49,130,39,14,57,127,11,15,21,86,70,72,45" hai3="35,65,108,100,129,4,51,132,26,114,6,56,82"/><V109/><F72/><W63/><G108/><T25/><D128/><U59/><E111/><V81/><F70/><W32/><G129/><T67/><D67/><U73/><E118/><V27/><F127/><W46/><G132/><T92/><D117/><U115/><E69/><V3/><F130/><W54/><G114/><T19/><D19/><U44/><E59/><V40/><F109/><W99/><G82/><T20/><REACH who="0" step="1"/><D106/><REACH who="0" ten="127,245,227,391" step="2"/><U121/><E16/><V123/><F123/><W23/><G6/><T33/><D33/><U53/><E104/><V103/><F27/><W31/><G4/><T64/><D64/><U5/><E5/><V95/><F21/><W112/><G112/><T97/><D97/><U9/><E115/><V107/><F107/><AGARI ba="0,1" hai="23,26,31,32,35,46,51,54,56,63,65,99,100,107" machi="107" ten="30,1000,0" yaku="7,1" doraHai="34" who="3" fromWho="2" sc="127,0,245,0,227,-10,391,20" /><INIT seed="7,0,0,3,5,43" ten="127,245,217,411" oya="3" hai0="7,133,0,48,54,42,37,6,59,76,131,67,121" hai1="64,55,93,52,91,28,74,27,5,36,65,60,124" hai2="83,114,15,71,95,132,107,51,57,126,116,77,88" hai3="127,45,18,130,101,56,96,104,94,78,85,44,122"/><W35/><G35/><T82/><D121/><U19/><E74/><V135/><F71/><W123/><G130/><T128/><D133/><U21/><E36/><V11/><F107/><W115/><G115/><T99/><D99/><U50/><E124/><V109/><F114/><W110/><G127/><T120/><D120/><U22/><E5/><V102/><F102/><W79/><G110/><T98/><D98/><N who="1" m="57663" /><E60/><V97/><F116/><W73/><G56/><T9/><D6/><U105/><E105/><V68/><F68/><W39/><G39/><T26/><D26/><N who="1" m="14655" /><E55/><V134/><F109/><W25/><G79/><T14/><D14/><U80/><E80/><V8/><F126/><W53/><G53/><T69/><D82/><U32/><E32/><V46/><F57/><AGARI ba="0,0" hai="22,27,28,50,52,57,64,65" m="14655,57663" machi="57" ten="30,2000,0" yaku="8,1,54,1" doraHai="43" who="1" fromWho="2" sc="127,0,245,20,217,-20,411,0" owari="127,-37.3,265,6.5,197,-20.3,411,51.1" /></mjloggm>