<mjloggm ver="2.3"><GO type="169" lobby="0"/><UN n0="%64%69%76%61" n1="%E6%8C%91%E6%88%A6%E8%80%85%EF%BC%81" n2="%52%65%61%6C%58" n3="%E3%81%97%E3%82%83%E3%82%93%E3%81%8A%E3%81%98" dan="16,17,16,17" rate="2057.72,2189.41,2179.47,2182.05" sx="M,M,F,F"/><TAIKYOKU oya="0"/><INIT seed="0,0,0,5,5,72" ten="250,250,250,250" oya="0" hai0="113,132,73,22,30,27,59,17,78,55,107,90,49" hai1="117,126,85,41,5,70,58,11,69,68,33,8,111" hai2="106,76,112,108,95,75,9,26,120,39,135,71,54" hai3="1,74,99,87,29,64,127,45,61,119,114,86,102"/><T124/><D113/><U16/><E117/><V80/><F112/><W38/><G114/><T56/><D132/><U31/><E111/><V134/><F120/><W51/><G1/><T105/><D124/><U23/><E126/><V122/><F122/><W37/><G74/><T96/><D90/><U28/><E41/><V53/><F106/><W103/><G119/><T19/><D59/><U6/><E33/><V77/><F108/><W10/><G10/><T88/><D107/><U93/><E58/><V50/><F39/><W94/><G103/><T52/><D55/><U123/><E123/><V67/><F95/><W128/><G128/><T13/><D13/><U125/><E125/><V129/><F129/><W83/><G29/><T89/><D89/><U40/><E40/><V7/><F26/><W36/><G127/><T62/><D62/><U4/><E85/><N who="2" m="48263" /><F67/><W35/><G35/><T21/><D21/><U98/><E31/><V104/><F50/><W131/><G83/><T133/><D133/><N who="2" m="50698" /><F104/><W2/><G2/><T48/><D49/><U82/><E28/><V130/><F71/><W91/><G102/><T42/><D42/><U60/><E82/><N who="2" m="45375" /><F130/><W3/><G131/><T63/><D48/><U84/><E60/><V66/><F66/><W101/><G64/><T121/><D121/><U115/><E115/><V65/><F65/><W18/><G61/><T47/><D105/><U109/><E109/><V110/><F110/><W81/><G51/><T97/><D47/><U14/><E84/><V100/><F100/><W116/><G45/><T15/><D63/><U32/><E32/><RYUUKYOKU ba="0,0" sc="250,-15,250,15,250,15,250,-15" hai1="4,5,6,8,11,14,16,23,68,69,70,93,98" hai2="7,9,53,54" /><INIT seed="1,1,0,2,2,79" ten="235,265,265,235" oya="1" hai0="36,21,23,90,73,66,44,112,94,31,106,98,61" hai1="75,47,70,115,1,135,105,131,55,8,80,28,62" hai2="22,56,118,132,111,96,89,13,133,5,16,101,58" hai3="134,2,116,25,102,6,119,69,108,72,32,7,50"/><U34/><E115/><V0/><F118/><N who="3" m="45099" /><G69/><T46/><D112/><U109/><E135/><N who="2" m="51787" /><F111/><W122/><G72/><T121/><D121/><U103/><E131/><V41/><F41/><W35/><G134/><T38/><D73/><U48/><E109/><V78/><F89/><W114/><G114/><T88/><D106/><U39/><E39/><V64/><F64/><W57/><G108/><T129/><D129/><U11/><E1/><V85/><F5/><N who="3" m="1547" /><G2/><T113/><D113/><U18/><E18/><V17/><F17/><W59/><G102/><T33/><D33/><N who="3" m="12873" /><G25/><T42/><D31/><U54/><E28/><V37/><F0/><W12/><G12/><T82/><D36/><U74/><E34/><V117/><F37/><W15/><G15/><T14/><D14/><U130/><E130/><V3/><F3/><W27/><G27/><T107/><D107/><U92/><E105/><N who="2" m="63655" /><F117/><W20/><G20/><T123/><D123/><U99/><E75/><V128/><F128/><W91/><G122/><T29/><D29/><U77/><REACH who="1" step="1"/><E70/><REACH who="1" ten="235,255,265,235" step="2"/><V110/><F110/><W63/><G63/><T125/><D38/><U9/><E9/><V81/><AGARI ba="1,1" hai="13,16,22,56,58,78,81,85" m="63655,51787" machi="81" ten="30,4000,0" yaku="20,1,52,1,54,1" doraHai="79" who="2" fromWho="2" sc="235,-11,255,-21,265,53,235,-11" /><INIT seed="2,0,0,0,3,116" ten="224,234,318,224" oya="2" hai0="108,85,8,51,99,81,135,74,119,46,28,0,94" hai1="117,75,65,96,49,113,59,26,53,67,133,104,79" hai2="77,5,97,73,38,91,82,107,3,118,131,105,66" hai3="47,63,31,78,25,134,100,111,52,62,89,124,88"/><V32/><F32/><W36/><G111/><T29/><D108/><U69/><E117/><V18/><F118/><W60/><G78/><T10/><D119/><U55/><E113/><V39/><F66/><W98/><G134/><T70/><D70/><U14/><E133/><V1/><F131/><W95/><G124/><T109/><D109/><U130/><E130/><V7/><F18/><W48/><REACH who="3" step="1"/><G36/><REACH who="3" ten="224,234,318,214" step="2"/><T11/><D135/><U45/><E79/><V128/><F128/><W92/><G92/><T132/><D132/><U68/><E75/><V64/><F39/><W121/><G121/><T2/><D74/><U40/><E69/><V129/><F38/><W4/><G4/><T61/><D0/><U84/><E68/><V86/><F129/><W6/><G6/><T17/><D2/><U87/><E104/><V50/><F7/><W58/><G58/><T42/><D17/><U93/><E59/><V16/><F3/><W37/><G37/><T115/><D115/><U101/><E26/><V34/><F5/><W19/><G19/><T15/><D15/><U90/><E14/><V80/><F1/><W43/><G43/><T23/><D42/><U127/><E127/><V120/><F16/><W114/><G114/><T35/><D94/><U27/><E27/><V56/><F107/><W13/><G13/><T20/><D29/><U76/><E76/><V30/><F105/><W83/><G83/><T71/><D28/><U9/><E40/><V44/><F30/><W102/><G102/><T22/><D81/><U123/><E101/><V106/><F73/><W57/><G57/><RYUUKYOKU ba="0,1" sc="224,-10,234,-10,318,-10,214,30" hai3="25,31,47,48,52,60,62,63,88,89,95,98,100" /><INIT seed="3,1,1,0,1,4" ten="214,224,308,244" oya="3" hai0="106,36,73,111,38,84,35,63,31,72,25,59,28" hai1="88,69,95,108,102,104,82,77,100,119,122,127,87" hai2="6,23,1,19,2,103,16,55,115,33,107,62,85" hai3="51,112,43,117,76,13,57,75,135,44,129,32,60"/><W27/><G112/><T98/><D111/><U15/><E69/><V22/><F115/><W56/><G117/><T18/><D28/><U91/><E122/><V12/><F107/><W26/><G135/><T89/><D18/><N who="2" m="6698" /><F103/><W50/><G129/><T52/><D98/><N who="1" m="61463" /><E15/><V53/><F62/><W68/><G32/><T74/><REACH who="0" step="1"/><D106/><REACH who="0" ten="204,224,308,244" step="2"/><U101/><E108/><V21/><F33/><W131/><G131/><T37/><D37/><U125/><E119/><V65/><F85/><W109/><G109/><T58/><D58/><U66/><E66/><V10/><F65/><W121/><G121/><T128/><D128/><U81/><E127/><V97/><F97/><W14/><G68/><T29/><D29/><U42/><E125/><V124/><F124/><W64/><G56/><T114/><D114/><U86/><E42/><V45/><F45/><W47/><G27/><T83/><AGARI ba="1,2" hai="25,31,35,36,38,52,59,63,72,73,74,83,84,89" machi="83" ten="30,4000,0" yaku="1,1,0,1,54,1,53,0" doraHai="4" doraHaiUra="118" who="0" fromWho="0" sc="204,63,224,-11,308,-11,244,-21" /><INIT seed="4,0,0,2,0,30" ten="267,213,297,223" oya="0" hai0="82,62,118,99,50,133,130,33,6,107,0,92,57" hai1="111,29,126,124,100,121,101,108,105,132,32,102,20" hai2="12,109,74,31,27,81,47,129,24,41,71,17,59" hai3="49,64,14,51,7,65,122,135,26,45,18,61,125"/><T95/><D118/><U68/><E68/><V114/><F109/><W83/><G135/><T21/><D133/><U120/><E20/><V53/><F71/><W103/><G125/><N who="1" m="48234" /><E132/><V87/><F114/><W38/><G38/><T73/><D107/><U90/><E29/><V80/><F129/><W15/><G122/><N who="1" m="47210" /><E32/><V117/><F117/><W119/><G103/><T75/><D21/><U36/><E36/><V37/><F74/><W78/><G119/><T66/><D33/><U67/><E67/><V97/><F31/><W88/><G78/><T2/><D130/><U79/><E79/><V93/><F27/><W22/><G51/><T9/><D0/><U56/><E56/><V127/><F24/><W60/><G64/><T4/><D50/><U48/><E48/><V84/><F59/><N who="3" m="37023" /><G61/><T134/><D134/><U94/><E105/><V44/><F53/><N who="3" m="29871" /><G7/><T8/><D4/><U10/><E10/><V85/><F127/><W113/><G113/><T112/><D8/><U72/><E72/><V16/><F44/><W35/><G35/><T96/><D112/><U5/><E5/><V116/><F116/><W55/><G55/><T19/><D75/><U3/><E3/><V98/><F47/><W91/><G83/><T54/><D66/><U58/><E58/><V43/><F37/><W39/><G39/><T28/><D73/><U77/><E77/><V115/><F81/><W69/><G69/><T128/><D57/><U110/><E110/><V11/><F80/><W46/><G46/><T104/><D54/><U13/><E13/><AGARI ba="0,0" hai="13,14,15,18,22,26,88,91" m="29871,37023" machi="13" ten="30,2000,0" yaku="8,1,54,1" doraHai="30" who="3" fromWho="1" sc="267,0,213,-20,297,0,223,20" /><INIT seed="5,0,0,0,5,26" ten="267,193,297,243" oya="1" hai0="78,77,89,74,46,79,114,42,131,5,53,33,3" hai1="6,48,7,16,69,71,47,64,126,84,104,67,73" hai2="86,13,30,18,15,20,88,127,65,24,32,94,135" hai3="50,83,120,36,96,43,31,130,27,134,41,97,85"/><U101/><E73/><V112/><F135/><W21/><G120/><T25/><D114/><U54/><E126/><V57/><F127/><W129/><G36/><T106/><D131/><N who="3" m="50185" /><G134/><T12/><D106/><U123/><E123/><V60/><F112/><W75/><G75/><T87/><D53/><U9/><E71/><V116/><F116/><W44/><G43/><T108/><D108/><U100/><E69/><V82/><F94/><W37/><G37/><T92/><D12/><AGARI ba="0,0" hai="12,13,15,18,20,24,30,32,57,60,65,82,86,88" machi="12" ten="30,3900,0" yaku="7,1,52,1,54,1" doraHai="26" who="2" fromWho="0" sc="267,-39,193,0,297,39,243,0" /><INIT seed="6,0,0,4,4,73" ten="228,193,336,243" oya="2" hai0="46,40,95,62,49,86,57,135,14,99,80,16,90" hai1="105,82,133,42,109,130,119,120,77,121,28,98,69" hai2="3,87,15,115,66,91,23,30,36,48,125,116,47" hai3="96,134,67,13,37,106,101,97,60,79,127,117,89"/><V27/><F116/><W10/><G117/><T131/><D131/><U19/><E119/><V100/><F3/><W78/><G37/><T4/><D135/><U74/><E109/><V26/><F115/><W53/><G53/><T1/><D1/><U64/><E130/><V83/><F125/><W72/><G72/><T112/><D112/><U132/><E42/><V25/><F36/><W107/><G134/><N who="1" m="51818" /><E19/><N who="2" m="10751" /><F100/><W5/><G127/><T56/><D4/><U111/><E28/><V114/><F66/><W94/><REACH who="3" step="1"/><G107/><REACH who="3" ten="228,193,336,233" step="2"/><T102/><REACH who="0" step="1"/><D62/><REACH who="0" ten="218,193,336,233" step="2"/><N who="1" m="40087" /><E111/><V110/><F110/><W122/><G122/><T2/><D2/><U84/><E74/><V29/><F114/><W126/><G126/><T34/><D34/><U20/><E121/><V65/><F65/><W35/><G35/><T59/><D59/><AGARI ba="0,2" hai="5,10,13,59,60,67,78,79,89,94,96,97,101,106" machi="59" ten="30,7700,0" yaku="1,1,7,1,52,2,53,0" doraHai="73" doraHaiUra="104" who="3" fromWho="0" sc="218,-77,193,0,336,0,233,97" /><INIT seed="7,0,0,1,0,96" ten="141,193,336,330" oya="3" hai0="105,95,75,126,104,80,67,84,68,65,79,128,85" hai1="39,26,41,76,21,125,122,49,9,43,86,91,45" hai2="66,11,73,16,46,18,32,94,51,74,93,97,48" hai3="10,33,124,34,36,1,20,81,114,112,113,130,59"/><W44/><G124/><T52/><D126/><U23/><E125/><V47/><F97/><W7/><G130/><T135/><D128/><U90/><E122/><V24/><F66/><W56/><G20/><T12/><D135/><U13/><E39/><V6/><F6/><W100/><G100/><T107/><D68/><U27/><E41/><V89/><F11/><W30/><G81/><T109/><D109/><U8/><E76/><V121/><F89/><W102/><G102/><T119/><D119/><U127/><E127/><V132/><F24/><N who="3" m="18631" /><G34/><T38/><D38/><U22/><E8/><V63/><F32/><W111/><G111/><T3/><D3/><U87/><E87/><V77/><F77/><W28/><G28/><T62/><D12/><U29/><E86/><V103/><F103/><W115/><G115/><T82/><D75/><U53/><E43/><AGARI ba="0,0" hai="1,7,10,36,43,44,56,59,112,113,114" m="18631" machi="43" ten="30,1500,0" yaku="15,1" doraHai="96" who="3" fromWho="1" sc="141,0,193,-15,336,0,330,15" owari="141,-35.9,178,-22.2,336,13.6,345,44.5" /></mjloggm>