<mjloggm ver="2.3"><GO type="169" lobby="0"/><UN n0="%E7%8F%BE%E5%A0%B4%E3%81%AD%E3%81%93" n1="%70%65%6E%74%6F%6C%61" n2="%E3%81%94%E3%82%8B%E3%81%AF%E3%82%80%33%30" n3="%E7%B8%A6%E9%B3%A5%E5%8D%83%E6%B3%A2" dan="16,16,17,16" rate="2080.49,2194.84,2187.82,2149.24" sx="M,M,F,F"/><TAIKYOKU oya="0"/><INIT seed="0,0,0,2,0,13" ten="250,250,250,250" oya="0" hai0="129,49,116,84,76,112,34,40,119,47,110,18,124" hai1="128,86,89,113,95,2,93,70,26,41,73,74,19" hai2="118,35,135,17,39,54,37,25,102,106,30,53,117" hai3="98,81,5,60,7,69,90,20,78,132,127,58,4"/><T68/><D34/><U42/><E2/><V105/><F135/><W94/><G127/><T123/><D76/><U22/><E70/><V59/><F53/><W134/><G69/><T45/><D84/><U82/><E128/><V10/><F37/><W23/><G132/><T77/><D77/><U43/><E113/><V108/><F39/><W79/><G134/><T46/><D18/><U99/><REACH who="1" step="1"/><E93/><REACH who="1" ten="250,240,250,250" step="2"/><V96/><F105/><W104/><G104/><T126/><D112/><U33/><E33/><V80/><F108/><W130/><G130/><T63/><D129/><U72/><E72/><V111/><F111/><W101/><G101/><AGARI ba="0,1" hai="19,22,26,41,42,43,73,74,82,86,89,95,99,101" machi="101" ten="40,2600,0" yaku="1,1,52,1,53,0" doraHai="13" doraHaiUra="56" who="1" fromWho="3" sc="250,0,240,36,250,0,250,-26" /><INIT seed="1,0,0,0,2,115" ten="250,276,250,224" oya="1" hai0="33,76,44,14,59,37,66,56,26,3,60,86,43" hai1="124,18,90,125,78,34,97,67,104,122,108,9,39" hai2="117,29,4,69,55,31,40,94,133,109,51,54,131" hai3="35,82,121,23,65,71,114,24,87,36,123,68,119"/><U49/><E122/><V10/><F69/><W30/><G114/><T81/><D3/><U74/><E39/><V12/><F109/><W15/><G36/><T116/><D33/><U41/><E34/><V93/><F133/><W0/><G0/><T8/><D26/><U5/><E67/><V89/><F131/><W102/><G102/><T1/><D1/><U17/><E74/><V111/><F111/><W95/><G95/><T63/><D116/><U50/><E78/><V88/><F117/><W38/><G38/><T110/><D110/><U100/><E90/><V135/><F40/><W27/><G15/><T42/><D44/><N who="1" m="25743" /><E50/><V101/><F101/><W72/><G72/><T107/><D107/><U61/><E61/><V32/><F32/><W129/><G129/><T53/><REACH who="0" step="1"/><D37/><REACH who="0" ten="240,276,250,224" step="2"/><U64/><E108/><V112/><F112/><W130/><G130/><T21/><D21/><U70/><E125/><V11/><F135/><W80/><G119/><T120/><D120/><U128/><E124/><V25/><F25/><W2/><G2/><T83/><D83/><U22/><E22/><V91/><F11/><W79/><G82/><T62/><D62/><N who="1" m="40215" /><E128/><V103/><F94/><W48/><G121/><T127/><D127/><U106/><E106/><V92/><F92/><W47/><G123/><T134/><D134/><U13/><E104/><V85/><F51/><W98/><G35/><T77/><D77/><U28/><E28/><N who="2" m="10827" /><F103/><W7/><G27/><T52/><D52/><AGARI ba="0,1" hai="4,10,12,52,54,55,85,88,89,91,93" m="10827" machi="52" ten="30,3900,0" yaku="8,1,54,2" doraHai="115" who="2" fromWho="0" sc="240,-39,276,0,250,49,224,0" /><INIT seed="2,0,0,2,0,5" ten="201,276,299,224" oya="2" hai0="29,68,96,44,15,106,101,115,49,118,33,47,45" hai1="22,41,39,50,38,9,95,127,42,131,73,61,103" hai2="120,122,133,48,76,124,3,55,86,90,66,126,69" hai3="94,14,17,34,104,43,35,31,132,40,113,93,110"/><V121/><F3/><W60/><G104/><T10/><D115/><U26/><E73/><V89/><F133/><W67/><G132/><T56/><D68/><U105/><E105/><V78/><F66/><W71/><G110/><T85/><D118/><U135/><E135/><V91/><F69/><W116/><G116/><T108/><D108/><U107/><E107/><V81/><REACH who="2" step="1"/><F78/><REACH who="2" ten="201,276,289,224" step="2"/><W100/><G113/><T57/><D49/><U36/><E36/><V117/><F117/><W125/><G67/><T102/><D102/><U58/><E39/><V37/><F37/><W16/><G100/><T30/><D85/><U59/><E38/><V83/><F83/><W87/><G71/><T0/><D0/><U19/><E50/><V72/><F72/><W24/><G60/><T92/><D106/><U20/><E61/><V123/><N who="2" m="30720" /><DORA hai="7" /><V134/><F134/><W74/><G74/><T114/><D114/><U88/><E103/><V77/><F77/><W79/><G79/><T97/><D97/><U84/><E84/><V6/><F6/><W129/><G87/><T8/><D101/><U54/><E95/><V130/><F130/><W13/><G129/><T12/><D96/><U1/><E131/><V25/><F25/><W70/><G70/><T4/><D92/><U2/><E26/><V46/><AGARI ba="0,1" hai="46,48,55,76,81,86,89,90,91,124,126" m="30720" machi="46" ten="60,6000,0" yaku="1,1,0,1,53,0" doraHai="5,7" doraHaiUra="65,18" who="2" fromWho="2" sc="201,-20,276,-20,289,70,224,-20" /><INIT seed="2,1,0,1,1,130" ten="181,256,359,204" oya="2" hai0="120,112,3,52,69,100,81,119,31,50,16,116,55" hai1="70,60,23,51,13,75,15,94,97,24,17,79,126" hai2="59,102,58,61,67,27,84,131,72,14,2,44,64" hai3="39,42,18,46,43,49,104,110,19,32,26,40,95"/><V83/><F2/><W124/><G104/><T122/><D3/><U68/><E126/><V0/><F0/><W107/><G107/><T117/><D31/><U6/><E75/><V118/><F118/><N who="0" m="30210" /><T66/><DORA hai="48" /><D100/><U11/><E79/><V123/><F123/><N who="0" m="47146" /><D112/><U89/><E60/><V4/><F131/><W38/><G124/><T92/><D92/><U85/><E51/><V93/><F72/><W111/><G95/><T47/><D81/><U113/><E113/><V135/><F44/><W1/><G1/><T54/><D16/><N who="3" m="6185" /><G32/><T10/><D10/><U29/><REACH who="1" step="1"/><E97/><REACH who="1" ten="181,246,359,204" step="2"/><V78/><F78/><W45/><G26/><T90/><D90/><U34/><AGARI ba="1,1" hai="6,11,13,15,17,23,24,29,34,68,70,85,89,94" machi="34" ten="20,8000,1" yaku="1,1,2,1,0,1,7,1,53,1" doraHai="130,48" doraHaiUra="35,28" who="1" fromWho="1" sc="181,-21,246,93,359,-41,204,-21" /><INIT seed="3,0,0,1,2,10" ten="160,339,318,183" oya="3" hai0="117,61,101,3,91,90,134,77,5,94,44,20,63" hai1="99,55,17,41,122,26,85,105,30,1,42,104,98" hai2="109,83,89,124,107,7,37,135,78,56,62,49,22" hai3="76,57,113,12,110,68,51,54,129,115,80,32,8"/><W39/><G68/><T81/><D134/><U119/><E1/><V70/><F135/><W82/><G129/><T125/><D125/><U59/><E122/><V33/><F33/><W67/><G110/><T21/><D117/><U74/><E74/><V6/><F37/><W47/><G32/><T27/><D3/><U2/><E2/><V75/><F107/><W14/><G82/><T128/><D5/><U95/><E105/><V45/><F70/><W9/><G67/><T106/><D106/><U46/><E30/><V127/><F109/><W103/><G103/><T72/><D101/><U38/><E42/><V100/><F100/><W24/><G24/><T40/><D20/><U96/><E104/><V36/><F36/><W131/><G131/><T66/><D66/><U25/><E119/><V65/><F89/><W88/><G88/><T52/><D91/><U87/><E95/><V23/><F23/><W102/><G102/><T16/><D128/><U132/><E132/><V11/><F22/><W58/><G39/><T79/><D79/><U13/><E26/><V112/><F112/><W126/><G126/><T133/><D133/><U120/><E25/><V4/><REACH who="2" step="1"/><F11/><REACH who="2" ten="160,339,308,183" step="2"/><N who="3" m="4171" /><G115/><T43/><D90/><U53/><E38/><V18/><F18/><W116/><G113/><T123/><D123/><U92/><E99/><V31/><F31/><W84/><G116/><T15/><D27/><U97/><E97/><V64/><F64/><W0/><G0/><T118/><D118/><U60/><E98/><V114/><F114/><W108/><G108/><T19/><D19/><U86/><E96/><RYUUKYOKU ba="0,1" sc="160,-15,339,-15,308,15,183,15" hai2="4,6,7,45,49,56,62,65,75,78,83,124,127" hai3="12,14,47,51,54,57,58,76,80,84" /><INIT seed="3,1,1,4,1,67" ten="145,324,323,198" oya="3" hai0="134,40,100,49,104,121,31,44,131,14,54,13,111" hai1="25,36,101,96,26,41,11,85,133,78,103,65,109" hai2="126,66,94,53,102,86,130,73,63,70,125,114,81" hai3="108,0,3,12,9,43,1,128,5,52,58,135,50"/><W97/><G128/><T42/><D121/><U110/><E133/><V105/><F130/><W15/><G135/><T83/><D131/><U24/><E36/><V28/><F114/><W38/><G108/><N who="1" m="41578" /><E41/><V30/><F105/><W92/><G15/><T19/><D111/><U119/><E119/><V21/><F73/><W88/><G43/><T89/><D134/><U61/><E11/><V84/><F53/><W8/><REACH who="3" step="1"/><G38/><REACH who="3" ten="145,324,323,188" step="2"/><T51/><D40/><U6/><E6/><AGARI ba="1,2" hai="0,1,3,5,6,8,9,12,50,52,58,88,92,97" machi="6" ten="30,12000,1" yaku="1,1,2,1,7,1,54,2,53,0" doraHai="67" doraHaiUra="98" who="3" fromWho="1" sc="145,0,324,-123,323,0,188,143" /><INIT seed="3,2,0,3,4,48" ten="145,201,323,331" oya="3" hai0="79,94,58,108,89,20,70,27,37,47,32,54,106" hai1="99,22,96,65,105,84,8,12,68,45,17,41,0" hai2="80,30,103,98,121,15,129,120,3,122,44,13,83" hai3="2,24,50,117,75,14,125,107,5,33,59,52,67"/><W39/><G117/><T49/><D108/><U29/><E105/><V4/><F3/><W87/><G75/><T7/><D106/><U86/><E68/><V57/><F129/><W62/><G39/><T16/><D70/><U100/><E65/><V127/><F127/><W78/><G2/><T26/><D7/><U42/><E42/><V28/><F44/><W135/><G107/><T66/><D79/><U71/><E71/><V111/><F111/><W113/><G113/><T38/><D66/><U46/><E46/><V91/><F57/><W63/><G135/><T6/><D6/><U69/><E69/><V1/><F1/><W116/><G116/><T109/><D109/><U56/><E56/><V74/><F103/><W31/><G125/><T53/><D27/><U95/><E99/><V60/><F60/><W102/><G102/><T51/><D32/><U21/><E21/><V9/><F15/><W36/><G36/><T132/><D132/><U133/><E133/><V64/><F64/><W97/><G97/><AGARI ba="2,0" hai="16,20,26,37,38,47,49,51,53,54,58,89,94,97" machi="97" ten="30,7700,0" yaku="7,1,52,2,54,1" doraHai="48" who="0" fromWho="3" sc="145,83,201,0,323,0,331,-83" /><INIT seed="4,0,0,2,1,65" ten="228,201,323,248" oya="0" hai0="105,75,37,7,50,93,29,70,43,91,4,76,83" hai1="127,57,11,97,125,28,107,100,113,88,77,9,95" hai2="62,10,40,115,31,0,101,110,8,39,81,49,124" hai3="64,78,131,106,68,47,38,94,55,135,58,79,17"/><T14/><D105/><U51/><E28/><V71/><F110/><W72/><G106/><T52/><D70/><U128/><E77/><V3/><F39/><W132/><G131/><T25/><D43/><U122/><E122/><V69/><F31/><W56/><G56/><T82/><D14/><U19/><E128/><V74/><F101/><W33/><G33/><T108/><D82/><U45/><E57/><V133/><F62/><N who="3" m="39959" /><G17/><T85/><D37/><U48/><E48/><V30/><F30/><W2/><G2/><T67/><D67/><U60/><E60/><V27/><F27/><W96/><G72/><T21/><REACH who="0" step="1"/><D108/><REACH who="0" ten="218,201,323,248" step="2"/><U13/><E9/><V34/><F40/><N who="3" m="22935" /><G135/><T26/><D26/><U66/><E66/><V120/><F133/><W111/><G132/><T89/><D89/><U24/><E24/><V35/><F81/><W80/><G111/><T42/><D42/><U104/><E107/><V129/><F129/><W16/><G80/><T134/><D134/><U84/><REACH who="1" step="1"/><E113/><REACH who="1" ten="218,191,323,248" step="2"/><V121/><F115/><W15/><G79/><T112/><D112/><U90/><E90/><V54/><F10/><W32/><G78/><T109/><D109/><U20/><E20/><V59/><F8/><W1/><G55/><AGARI ba="0,2" hai="11,13,19,45,51,55,84,88,95,97,100,104,125,127" machi="55" ten="40,2600,0" yaku="1,1,54,1,53,0" doraHai="65" doraHaiUra="119" who="1" fromWho="3" sc="218,0,191,46,323,0,248,-26" /><INIT seed="5,0,0,5,3,74" ten="218,237,323,222" oya="1" hai0="90,67,119,5,132,27,88,45,103,47,64,32,91" hai1="23,95,125,77,100,80,42,68,102,106,86,0,53" hai2="1,21,34,3,71,75,12,108,114,31,30,76,7" hai3="79,20,84,59,13,123,65,69,14,97,72,113,85"/><U127/><E0/><V25/><F71/><W55/><G123/><T39/><D119/><U111/><E68/><V43/><F43/><W129/><G113/><T82/><D132/><U26/><E42/><V46/><F46/><N who="0" m="17418" /><D32/><U58/><E106/><V40/><F40/><W11/><G129/><T19/><D39/><U133/><E133/><V120/><F120/><W22/><G69/><T60/><D5/><U37/><E37/><V110/><F76/><W2/><G2/><N who="2" m="521" /><F75/><W15/><G65/><N who="0" m="25163" /><D103/><U122/><E122/><V48/><F48/><W101/><G11/><T61/><D82/><U52/><E111/><V89/><F89/><N who="0" m="22786" /><T107/><DORA hai="6" /><D107/><U28/><E100/><V51/><F114/><W96/><G72/><T10/><D27/><U63/><REACH who="1" step="1"/><E53/><REACH who="1" ten="218,227,323,222" step="2"/><V109/><F109/><W121/><G121/><T54/><D54/><U62/><E62/><V124/><F110/><W81/><G101/><T36/><D36/><U135/><E135/><V134/><F134/><W17/><G55/><T18/><D10/><U33/><E33/><V94/><F34/><W116/><G116/><T35/><D35/><U128/><E128/><V49/><F108/><W98/><G22/><T105/><D105/><U131/><E131/><V56/><F21/><W44/><G20/><T41/><D41/><U8/><E8/><V104/><F104/><W16/><G81/><T78/><D78/><U38/><E38/><V87/><F94/><W50/><G97/><AGARI ba="0,1" hai="23,26,28,52,58,63,77,80,86,95,97,102,125,127" machi="97" ten="40,12000,1" yaku="1,1,52,1,54,1,53,1" doraHai="74,6" doraHaiUra="4,83" who="1" fromWho="3" sc="218,0,227,130,323,0,222,-120" /><INIT seed="5,1,0,1,2,46" ten="218,357,323,102" oya="1" hai0="98,44,71,68,19,104,7,34,69,64,12,57,81" hai1="83,105,70,27,60,130,35,118,52,41,127,108,28" hai2="97,8,101,132,63,82,114,48,84,92,54,85,10" hai3="11,45,39,100,22,17,131,133,49,72,126,106,117"/><U50/><E118/><V75/><F132/><W89/><G133/><T24/><D81/><U109/><E105/><V125/><F125/><W6/><G126/><T119/><D119/><U86/><E41/><V15/><F114/><W31/><G117/><T135/><D135/><U9/><E127/><V99/><F75/><W116/><G116/><T124/><D124/><U122/><E122/><V95/><F63/><W112/><G72/><T111/><D111/><N who="1" m="42571" /><E9/><V91/><F15/><W14/><G112/><T73/><D73/><U3/><E3/><V103/><F85/><W53/><G131/><T67/><D7/><U23/><E130/><V26/><F26/><W77/><G39/><T25/><D57/><AGARI ba="1,0" hai="8,10,48,54,57,82,84,91,92,95,97,99,101,103" machi="57" ten="30,7700,0" yaku="7,1,9,1,8,1,52,1" doraHai="46" who="2" fromWho="0" sc="218,-80,357,0,323,80,102,0" /><INIT seed="6,0,0,2,2,72" ten="138,357,403,102" oya="2" hai0="88,82,127,0,107,65,8,87,89,22,110,75,74" hai1="16,23,135,128,101,7,10,61,25,66,14,70,83" hai2="54,92,115,86,79,97,42,50,131,12,99,85,64" hai3="125,55,47,44,15,91,98,35,34,78,39,21,133"/><V62/><F115/><W113/><G125/><T73/><D65/><U84/><E128/><V51/><F131/><W122/><G122/><T108/><D0/><U37/><E135/><V93/><F42/><W117/><G117/><T28/><D28/><U69/><E101/><V31/><F31/><W1/><G1/><T102/><D22/><U119/><E37/><V109/><F109/><W29/><G133/><T132/><D8/><U3/><E119/><V90/><F12/><W43/><G113/><T56/><D56/><U27/><REACH who="1" step="1"/><E70/><REACH who="1" ten="138,347,403,102" step="2"/><V11/><F99/><W63/><G98/><N who="0" m="61911" /><D132/><U26/><E26/><V77/><F97/><W112/><G112/><T32/><D127/><U100/><E100/><V116/><F116/><W95/><G39/><T18/><D108/><U17/><E17/><V36/><F36/><W48/><G29/><T52/><D18/><U20/><E20/><V45/><F11/><W9/><G21/><T5/><D110/><U114/><E114/><V60/><F51/><W58/><G47/><T53/><D5/><U33/><E33/><V124/><F124/><W46/><G44/><T130/><D130/><U123/><E123/><V38/><F38/><W24/><G24/><T68/><D32/><U80/><E80/><V13/><F45/><W59/><G59/><T76/><D68/><U67/><E67/><V121/><F121/><W19/><REACH who="3" step="1"/><G78/><AGARI ba="0,1" hai="3,7,10,14,16,23,25,27,61,66,69,78,83,84" machi="78" ten="30,7700,0" yaku="1,1,7,1,52,1,54,1,53,0" doraHai="72" doraHaiUra="40" who="1" fromWho="3" sc="138,0,347,87,403,0,102,-77" /><INIT seed="7,0,0,3,2,122" ten="138,434,403,25" oya="3" hai0="93,65,73,45,77,50,38,28,41,83,118,27,102" hai1="101,86,116,85,13,32,4,55,135,71,61,42,74" hai2="126,78,62,105,134,120,29,95,82,106,6,43,18" hai3="87,133,124,24,84,21,0,7,12,97,119,128,111"/><W68/><G119/><T98/><D118/><U31/><E116/><V58/><F120/><W115/><G68/><T112/><D112/><U22/><E74/><V34/><F134/><W52/><G115/><T17/><D65/><U33/><E86/><V8/><F126/><W46/><G124/><T54/><D17/><U36/><E36/><V47/><F18/><W25/><G133/><T107/><D93/><U30/><E42/><V26/><F95/><W49/><G0/><T114/><D114/><U103/><E33/><V44/><F44/><W69/><G69/><T57/><D27/><N who="3" m="10313" /><G128/><T96/><D96/><U72/><E72/><N who="2" m="43335" /><F62/><W16/><G111/><T1/><D1/><U64/><E135/><V39/><F58/><W108/><G108/><T109/><REACH who="0" step="1"/><D109/><REACH who="0" ten="128,434,403,25" step="2"/><U14/><E64/><V60/><F60/><W92/><G7/><T130/><D130/><U90/><E61/><V66/><F66/><W9/><G9/><T59/><D59/><U70/><E70/><V5/><F5/><W53/><G53/><T110/><D110/><U63/><E71/><V88/><F88/><AGARI ba="0,1" hai="12,16,21,46,49,52,84,87,88,92,97" m="10313" machi="88" ten="30,11600,0" yaku="8,1,54,3" doraHai="122" who="3" fromWho="2" sc="128,0,434,0,403,-116,25,126" /><INIT seed="7,1,0,2,5,132" ten="128,434,287,151" oya="3" hai0="13,121,16,21,107,76,117,98,8,90,11,97,45" hai1="28,29,17,71,99,62,24,88,6,118,42,40,65" hai2="14,74,60,44,84,18,135,87,46,108,27,54,32" hai3="112,101,130,106,55,78,7,58,48,10,122,39,91"/><W115/><G122/><T83/><D117/><U49/><E118/><V92/><F74/><W52/><G39/><T34/><D121/><U96/><E6/><V72/><F72/><W134/><G134/><T63/><D34/><U26/><E17/><V89/><F135/><W64/><G130/><T123/><D123/><U94/><E99/><V68/><F108/><W119/><G119/><T66/><D45/><U4/><E4/><V37/><F37/><W120/><G120/><T35/><D35/><U131/><E131/><V9/><F84/><W5/><G78/><T61/><D98/><U3/><E3/><V41/><F41/><W128/><G128/><T20/><D107/><U53/><E26/><V126/><F126/><W69/><G91/><T81/><D76/><U59/><E29/><V113/><F113/><N who="3" m="43595" /><G55/><T85/><D83/><U51/><E51/><V77/><F77/><W50/><G50/><T25/><D97/><U114/><E114/><V47/><F54/><W104/><G101/><T133/><D133/><U103/><E103/><V100/><F100/><W1/><G7/><T111/><D111/><U38/><E38/><V30/><F60/><AGARI ba="1,0" hai="1,5,10,48,52,58,60,64,69,104,106" m="43595" machi="60" ten="30,2900,0" yaku="15,1,54,1" doraHai="132" who="3" fromWho="2" sc="128,0,434,0,287,-32,151,32" /><INIT seed="7,2,0,0,4,129" ten="128,434,255,183" oya="3" hai0="28,87,35,47,79,98,22,100,72,7,103,29,99" hai1="0,122,24,39,132,18,90,95,60,27,74,77,14" hai2="37,81,69,45,78,61,50,93,6,21,135,2,67" hai3="117,71,66,46,76,113,85,89,63,64,104,65,123"/><W56/><G117/><T54/><D35/><U114/><E0/><V112/><F135/><W107/><G123/><T17/><D72/><U16/><E39/><V49/><F112/><W121/><G121/><T4/><D79/><U48/><E77/><V8/><F93/><W80/><G113/><T94/><D87/><U15/><E27/><V115/><F21/><W108/><G108/><T42/><D54/><U73/><E60/><V106/><F106/><W102/><G102/><T31/><D47/><U131/><E24/><V55/><F115/><W1/><G1/><T62/><D62/><U126/><E48/><V83/><F83/><W111/><G111/><T133/><D42/><U44/><E44/><V32/><F32/><W68/><G46/><T101/><D133/><U58/><E132/><V110/><F110/><W75/><G71/><T33/><D33/><U116/><E58/><V23/><F23/><W134/><G134/><T120/><D120/><U92/><E122/><V88/><F88/><W124/><G124/><T26/><REACH who="0" step="1"/><D94/><REACH who="0" ten="118,434,255,183" step="2"/><U40/><E95/><V5/><F55/><W12/><G63/><T59/><D59/><U82/><E114/><V3/><F61/><W53/><G56/><T84/><D84/><U97/><E40/><V105/><F45/><W96/><G53/><T52/><D52/><U20/><E116/><V118/><F118/><W128/><G75/><T91/><D91/><U70/><E70/><V34/><F69/><W119/><G68/><T13/><D13/><U86/><E74/><N who="2" m="43223" /><F3/><W30/><G119/><T57/><D57/><U10/><E73/><RYUUKYOKU ba="2,1" sc="118,30,434,-10,255,-10,183,-10" hai0="4,7,17,22,26,28,29,31,98,99,100,101,103" owari="148,-35.2,434,53.4,245,4.5,173,-22.7" /></mjloggm>