<mjloggm ver="2.3"><GO type="169" lobby="0"/><UN n0="%41%63%75%6E%61%4A%72" n1="%E7%B4%94%E6%BD%94%E3%83%94%E3%83%A9%E3%83%8B%E3%82%A2" n2="%54%65%72%61%50" n3="%6D%6F%75%77" dan="17,16,17,16" rate="2254.45,2193.24,2112.50,2121.48" sx="M,M,M,M"/><TAIKYOKU oya="0"/><INIT seed="0,0,0,2,3,29" ten="250,250,250,250" oya="0" hai0="17,106,84,1,28,0,13,130,49,25,56,34,59" hai1="111,103,87,78,134,89,33,123,27,76,86,90,120" hai2="97,67,104,114,26,9,46,127,88,92,99,135,125" hai3="42,39,43,73,72,3,115,131,69,2,52,82,19"/><T38/><D38/><U105/><E27/><V8/><F114/><W36/><G82/><T58/><D130/><U70/><E70/><V30/><F67/><W96/><G96/><T119/><D119/><U20/><E20/><V108/><F46/><W23/><G19/><T98/><D49/><U79/><E33/><V62/><F62/><W112/><G23/><T81/><D98/><U75/><E75/><V66/><F66/><W48/><G48/><T77/><REACH who="0" step="1"/><D106/><REACH who="0" ten="240,250,250,250" step="2"/><U15/><E105/><V31/><F104/><W83/><G131/><T54/><D54/><U10/><E120/><V121/><F99/><W85/><G52/><T11/><AGARI ba="0,1" hai="0,1,11,13,17,25,28,34,56,58,59,77,81,84" machi="11" ten="30,6000,0" yaku="1,1,0,1,52,1,53,0" doraHai="29" doraHaiUra="61" who="0" fromWho="0" sc="240,70,250,-20,250,-20,250,-20" /><INIT seed="0,1,0,0,5,72" ten="310,230,230,230" oya="0" hai0="132,81,101,55,65,49,105,107,88,121,14,76,106" hai1="34,12,67,58,131,48,102,87,42,98,40,1,135" hai2="21,118,133,60,93,73,6,108,113,127,36,18,96" hai3="2,84,62,126,92,104,38,99,10,31,103,54,43"/><T110/><D121/><U16/><E1/><V61/><F113/><W15/><G126/><T51/><D65/><U91/><E34/><V41/><F73/><W71/><G2/><T69/><D69/><U26/><E26/><V125/><F108/><W4/><G31/><T70/><D70/><U128/><E135/><V35/><F35/><W124/><G124/><N who="2" m="47689" /><F6/><W22/><G22/><T109/><D132/><U83/><E67/><V112/><F112/><W80/><G38/><T116/><D116/><U119/><E119/><V19/><F133/><W30/><G43/><T129/><D129/><N who="1" m="49739" /><E58/><V74/><F74/><W44/><G30/><T8/><D101/><U90/><E90/><N who="2" m="55351" /><F118/><W56/><G71/><T11/><D88/><N who="1" m="51327" /><E48/><V68/><F18/><W0/><G0/><T77/><D81/><U63/><E63/><V32/><F32/><W79/><REACH who="3" step="1"/><G44/><REACH who="3" ten="310,230,230,220" step="2"/><T28/><D28/><U59/><E59/><V111/><F68/><W17/><G17/><N who="0" m="8391" /><D11/><N who="1" m="6175" /><E91/><V20/><F19/><W25/><G25/><T134/><D134/><U123/><E123/><V120/><F120/><W82/><G82/><T94/><D110/><U115/><E115/><V29/><F111/><W27/><G27/><T86/><D109/><U7/><E7/><V114/><F114/><W57/><G57/><N who="0" m="33007" /><D51/><U45/><E45/><N who="2" m="23719" /><F29/><W117/><G117/><T100/><D100/><U13/><E13/><V78/><F20/><W46/><G46/><T122/><D122/><U52/><E40/><V66/><F21/><W5/><G5/><T23/><D23/><U37/><E42/><V95/><F66/><W33/><G33/><RYUUKYOKU ba="1,1" sc="310,15,230,-15,230,-15,220,15" hai0="76,77,86,94,105,106,107" hai3="4,10,15,54,56,62,79,80,84,92,99,103,104" /><INIT seed="0,2,1,3,3,52" ten="325,215,215,235" oya="0" hai0="81,115,128,92,132,50,45,117,101,64,95,36,133" hai1="94,34,25,13,125,116,28,73,100,69,6,114,30" hai2="79,39,119,29,26,96,46,112,12,90,108,120,121" hai3="18,40,134,68,78,8,62,77,43,107,38,47,16"/><T98/><D115/><U33/><E69/><V51/><F112/><W76/><G134/><N who="0" m="51819" /><D117/><U93/><E116/><V27/><F119/><W32/><G32/><T24/><D36/><U85/><E73/><V37/><F108/><W44/><G107/><T65/><D128/><U11/><E125/><V130/><F130/><W89/><G8/><T19/><D81/><U7/><E114/><V59/><F79/><W48/><REACH who="3" step="1"/><G89/><REACH who="3" ten="325,215,215,225" step="2"/><T35/><D35/><U72/><E33/><V71/><F90/><W0/><G0/><T126/><D126/><U63/><E34/><V49/><F121/><W23/><G23/><N who="0" m="13439" /><D95/><U4/><E94/><V105/><F120/><W104/><G104/><T54/><AGARI ba="2,2" hai="45,50,54,64,65,92,98,101" m="13439,51819" machi="54" ten="30,1500,0" yaku="20,1" doraHai="52" who="0" fromWho="0" sc="325,41,215,-7,215,-7,225,-7" /><INIT seed="0,3,0,4,1,39" ten="366,208,208,218" oya="0" hai0="13,124,25,78,85,101,36,34,65,16,0,123,91" hai1="109,61,83,9,69,15,132,96,45,46,104,86,38" hai2="47,55,82,106,71,1,63,103,44,77,21,120,128" hai3="114,134,43,90,41,105,30,131,97,64,7,27,10"/><T74/><D123/><U29/><E109/><V125/><F120/><W24/><G114/><T88/><D0/><U26/><E132/><V11/><F1/><W72/><G72/><T108/><D108/><U102/><E38/><V17/><F11/><W40/><G134/><T107/><D36/><U84/><E69/><V129/><F103/><W5/><G131/><N who="2" m="50249" /><F106/><W127/><G127/><T33/><D124/><U115/><E61/><V58/><F71/><W51/><G64/><T8/><D65/><U133/><E115/><V23/><F125/><W98/><G105/><T80/><D25/><N who="3" m="9801" /><G30/><T59/><D59/><U67/><E67/><V50/><F17/><W135/><G135/><T68/><D68/><U99/><E99/><N who="3" m="37898" /><G90/><T57/><D91/><U3/><E3/><V4/><F4/><N who="3" m="1611" /><G10/><T130/><D130/><U54/><E133/><V121/><F121/><W2/><G2/><T20/><D101/><U28/><E28/><V89/><F89/><W56/><G56/><T110/><D107/><U14/><E9/><V32/><F32/><W48/><AGARI ba="3,0" hai="40,41,43,48,51" m="1611,37898,9801" machi="48" ten="40,12000,2" yaku="28,2,8,1,52,3" doraHai="39" who="3" fromWho="3" sc="366,-63,208,-33,208,-33,218,129" /><INIT seed="1,0,0,2,1,96" ten="303,175,175,347" oya="1" hai0="135,48,32,49,120,79,76,0,100,52,18,134,89" hai1="115,74,60,30,121,82,122,53,117,126,38,119,64" hai2="71,123,36,114,20,25,103,102,67,107,46,92,68" hai3="109,24,29,23,97,132,69,39,6,26,106,72,2"/><U8/><E38/><V55/><F123/><W95/><G69/><T81/><D32/><U54/><E8/><V14/><F114/><W35/><G72/><T11/><D120/><U65/><E82/><V5/><F107/><W22/><G106/><T16/><D49/><U90/><E90/><V85/><F67/><W47/><G109/><T98/><D89/><U42/><E30/><V63/><F71/><W57/><G2/><T9/><D9/><U112/><E74/><V21/><F68/><W83/><G6/><T17/><D11/><U130/><E60/><V101/><F36/><W15/><G15/><T111/><D111/><U12/><E12/><V75/><F75/><W91/><G57/><T127/><D127/><U118/><E118/><V51/><F63/><W86/><G132/><N who="0" m="50731" /><D81/><U108/><E108/><V77/><F5/><W88/><REACH who="3" step="1"/><G26/><REACH who="3" ten="303,175,175,337" step="2"/><T131/><D0/><U44/><E44/><V13/><F25/><W73/><G73/><T93/><D131/><U43/><REACH who="1" step="1"/><E126/><REACH who="1" ten="303,165,175,337" step="2"/><V41/><F13/><W10/><G10/><T94/><D94/><U133/><E133/><V124/><F14/><W40/><AGARI ba="0,2" hai="22,23,24,29,35,39,40,47,83,86,88,91,95,97" machi="40" ten="30,4000,0" yaku="1,1,0,1,54,1,53,0" doraHai="96" doraHaiUra="129" who="3" fromWho="3" sc="303,-10,165,-20,175,-10,337,60" /><INIT seed="2,0,0,0,5,34" ten="293,145,165,397" oya="2" hai0="31,111,71,120,115,8,11,117,49,25,44,119,134" hai1="7,131,48,121,6,83,97,107,103,43,133,100,112" hai2="70,24,58,86,94,101,90,29,73,53,76,2,51" hai3="35,87,118,125,123,40,82,5,95,75,30,110,32"/><V46/><F70/><W65/><G40/><T0/><D71/><U62/><E112/><V92/><F2/><W33/><G95/><T61/><D115/><U10/><E121/><V39/><F73/><W27/><G65/><T17/><D120/><U98/><E131/><V13/><F76/><W122/><G75/><T89/><D61/><U28/><E133/><V130/><F130/><W126/><G5/><T109/><D134/><U114/><E114/><V96/><F13/><W64/><G64/><T66/><D89/><U52/><E28/><V1/><F1/><W57/><G57/><T4/><D66/><U102/><E83/><V19/><F19/><W20/><G118/><N who="0" m="45067" /><D49/><U42/><E62/><V59/><REACH who="2" step="1"/><F39/><REACH who="2" ten="293,145,155,397" step="2"/><W50/><G123/><T22/><D44/><U38/><E38/><V124/><F124/><W77/><G122/><T37/><D37/><U14/><E7/><V36/><F36/><W91/><G126/><T80/><D80/><U105/><REACH who="1" step="1"/><E102/><REACH who="1" ten="293,135,155,397" step="2"/><V16/><F16/><W104/><G125/><T56/><D17/><U127/><E127/><V9/><F9/><W88/><G30/><T74/><D11/><U21/><E21/><AGARI ba="0,2" hai="21,24,29,46,51,53,58,59,86,90,92,94,96,101" machi="21" ten="30,5800,0" yaku="1,1,7,1,8,1,53,0" doraHai="34" doraHaiUra="68" who="2" fromWho="1" sc="293,0,135,-58,155,78,397,0" /><INIT seed="2,1,0,0,0,66" ten="293,77,233,397" oya="2" hai0="33,81,56,102,97,22,53,85,109,117,125,47,11" hai1="78,12,91,105,128,3,10,67,27,84,96,17,87" hai2="121,70,2,50,20,76,114,49,93,1,26,46,71" hai3="18,25,6,120,124,86,107,58,34,37,41,8,118"/><V59/><F114/><W95/><G107/><T108/><D33/><U98/><E128/><V83/><F121/><W13/><G118/><T104/><D117/><U54/><E3/><V44/><F59/><W103/><G37/><T99/><D125/><U80/><E105/><V64/><F93/><W61/><G41/><T42/><D99/><U21/><E67/><V79/><F64/><W19/><G124/><T77/><D22/><U119/><E119/><V4/><F4/><W43/><G43/><T55/><D11/><U15/><E15/><V16/><F1/><W106/><G106/><T73/><D73/><U130/><E130/><V63/><F2/><W28/><G86/><T40/><D40/><U39/><E39/><V0/><F0/><W82/><G82/><T101/><D101/><U135/><E135/><V90/><F63/><W72/><G72/><T92/><D104/><U129/><E129/><V30/><F90/><W94/><G94/><T52/><REACH who="0" step="1"/><D56/><REACH who="0" ten="283,77,233,397" step="2"/><U89/><E54/><V134/><F20/><W126/><G8/><T110/><D110/><U7/><REACH who="1" step="1"/><E78/><REACH who="1" ten="283,67,233,397" step="2"/><V24/><F79/><W23/><G126/><T9/><D9/><U51/><E51/><AGARI ba="1,2" hai="42,47,51,52,53,55,77,81,85,92,97,102,108,109" machi="51" ten="40,5200,0" yaku="1,1,54,1,53,1" doraHai="66" doraHaiUra="88" who="0" fromWho="1" sc="283,75,67,-55,233,0,397,0" /><INIT seed="3,0,0,5,3,63" ten="358,12,233,397" oya="3" hai0="34,99,111,62,51,6,82,59,15,12,107,68,46" hai1="57,37,21,43,120,70,41,115,64,7,73,77,87" hai2="50,81,129,32,25,131,88,74,38,112,132,95,130" hai3="36,104,55,76,52,56,75,96,10,4,125,133,67"/><W135/><G36/><T3/><D111/><U1/><E115/><V2/><F2/><W61/><G125/><T45/><D68/><U102/><E120/><V29/><F38/><W122/><G122/><T26/><D3/><U5/><E73/><V60/><F132/><N who="3" m="50763" /><G76/><T30/><D82/><U103/><E70/><V44/><F60/><W58/><G75/><T16/><D6/><U118/><E118/><V86/><F112/><W31/><G31/><T126/><D12/><U14/><E37/><V22/><F32/><W84/><G84/><T9/><D126/><U109/><E109/><V121/><F121/><W90/><G58/><T33/><D33/><U93/><E1/><V54/><F74/><W72/><G72/><T114/><D114/><U8/><E21/><V42/><F81/><W134/><G134/><T100/><REACH who="0" step="1"/><D51/><REACH who="0" ten="348,12,233,397" step="2"/><U98/><E102/><V69/><REACH who="2" step="1"/><F69/><REACH who="2" ten="348,12,223,397" step="2"/><W11/><G4/><T89/><D89/><U71/><E71/><V123/><F123/><W79/><G79/><T97/><D97/><U116/><E7/><V49/><F49/><W117/><G90/><T18/><D18/><U28/><E116/><V19/><F19/><W91/><G117/><T101/><D101/><U110/><E110/><V124/><F124/><W108/><G108/><T23/><D23/><U0/><E0/><V27/><F27/><W113/><G91/><T24/><D24/><U17/><E5/><V66/><F66/><AGARI ba="0,2" hai="9,15,16,26,30,34,45,46,59,62,66,99,100,107" machi="66" ten="30,7700,0" yaku="1,1,7,1,52,1,54,1,53,0" doraHai="63" doraHaiUra="83" who="0" fromWho="2" sc="348,97,12,0,223,-77,397,0" /><INIT seed="4,0,0,1,0,45" ten="445,12,146,397" oya="0" hai0="113,111,123,27,71,51,47,81,128,115,130,13,53" hai1="126,102,62,38,14,49,58,5,67,134,68,86,46" hai2="94,90,6,16,17,75,116,107,69,40,119,110,131" hai3="76,117,129,11,112,60,41,104,54,122,105,109,85"/><T120/><D27/><U31/><E126/><V15/><F110/><W84/><G109/><T82/><D111/><U132/><E102/><V89/><F107/><W24/><G117/><N who="2" m="45129" /><F131/><N who="0" m="50218" /><D71/><U19/><E5/><V87/><F75/><W121/><G60/><T8/><D82/><U35/><E86/><N who="2" m="52535" /><F40/><W33/><G24/><T77/><D81/><U135/><E31/><V92/><F69/><W127/><G85/><T108/><D77/><U103/><E103/><V101/><F101/><W22/><G84/><T63/><D63/><U21/><E35/><V56/><F56/><W118/><G33/><T3/><D3/><U0/><E0/><V29/><F29/><W70/><G121/><N who="0" m="46667" /><D108/><U95/><E95/><V124/><F124/><W23/><G122/><T25/><D25/><U65/><E65/><V26/><F26/><W48/><G127/><T88/><D88/><U28/><E28/><V100/><F100/><W91/><G76/><T79/><D79/><U55/><REACH who="1" step="1"/><E38/><REACH who="1" ten="445,2,146,397" step="2"/><V83/><F92/><W39/><G118/><T44/><D115/><U7/><E7/><V4/><F17/><W37/><G112/><T93/><D93/><U59/><AGARI ba="0,1" hai="14,19,21,46,49,55,58,59,62,67,68,132,134,135" machi="59" ten="40,8000,1" yaku="1,1,0,1,20,1,52,1,53,1" doraHai="45" doraHaiUra="12" who="1" fromWho="1" sc="445,-40,2,90,146,-20,397,-20" /><INIT seed="5,0,0,5,4,105" ten="405,92,126,377" oya="1" hai0="63,134,60,21,37,110,40,8,119,17,131,97,91" hai1="0,36,103,128,29,47,25,88,50,27,77,16,107" hai2="81,99,93,20,42,22,70,15,56,94,72,46,111" hai3="92,124,1,18,67,13,83,61,69,41,80,115,31"/><U30/><E0/><V122/><F111/><W38/><G1/><T125/><D110/><U58/><E128/><V33/><F70/><W11/><G115/><T106/><D119/><U126/><E126/><V7/><F33/><W76/><G31/><N who="1" m="11786" /><E107/><V2/><F2/><W132/><G83/><T39/><D8/><U23/><E36/><V57/><F122/><W49/><G38/><T117/><D117/><U102/><E77/><V123/><F123/><W133/><G92/><T78/><D78/><U75/><E75/><V135/><F135/><W68/><G68/><T121/><D125/><U3/><E3/><V51/><F81/><W59/><G124/><T73/><D73/><U96/><E58/><V19/><F93/><W127/><G127/><T43/><D134/><U4/><E4/><V44/><F72/><W114/><G114/><T26/><D131/><U109/><E27/><V45/><F7/><W62/><G69/><T90/><D39/><U34/><E34/><V52/><F57/><W104/><G104/><T130/><D130/><U112/><E112/><V71/><F71/><W66/><G59/><T79/><D79/><U32/><E32/><V28/><F28/><W113/><G113/><T89/><D37/><U35/><E35/><V116/><F116/><W120/><G120/><T48/><D121/><U82/><E109/><V87/><F20/><W95/><G133/><T14/><D26/><U65/><E65/><V98/><F42/><W108/><G108/><T53/><D106/><U74/><E74/><V24/><F24/><W10/><G132/><T101/><D43/><RYUUKYOKU ba="0,0" sc="405,-10,92,-10,126,30,377,-10" hai2="15,19,22,44,45,46,51,52,56,87,94,98,99" /><INIT seed="6,1,0,4,4,49" ten="395,82,156,367" oya="2" hai0="78,108,2,57,33,48,24,96,132,55,35,81,126" hai1="92,32,20,68,58,71,53,76,5,102,28,16,40" hai2="22,29,30,54,123,31,113,84,121,105,111,95,100" hai3="9,106,104,17,60,52,94,6,135,110,10,122,61"/><V43/><F113/><W74/><G110/><T134/><D108/><U37/><E5/><V45/><F111/><W69/><G74/><T66/><D2/><U34/><E76/><V127/><F127/><W41/><G41/><T114/><D114/><U129/><E129/><V14/><F105/><W131/><G122/><T38/><D38/><U25/><E37/><V47/><F47/><W65/><G10/><T86/><D126/><U8/><E40/><V11/><F22/><W112/><G112/><T64/><D96/><U77/><E77/><V79/><F100/><W83/><G83/><T118/><D118/><U63/><E8/><V23/><F23/><W101/><G17/><T12/><D12/><U90/><E102/><V3/><F3/><W13/><G131/><T107/><D107/><U119/><E119/><V73/><F73/><W99/><REACH who="3" step="1"/><G135/><REACH who="3" ten="395,82,156,357" step="2"/><N who="0" m="51755" /><D24/><U21/><E71/><V50/><F43/><W130/><G130/><T91/><D78/><U27/><REACH who="1" step="1"/><E68/><REACH who="1" ten="395,72,156,357" step="2"/><V62/><F123/><W116/><G116/><T133/><D133/><U98/><AGARI ba="1,2" hai="16,20,21,25,27,28,32,34,53,58,63,90,92,98" machi="98" ten="20,16000,3" yaku="1,1,2,1,0,1,7,1,25,2,52,1,54,1,53,0" doraHai="49" doraHaiUra="125" who="1" fromWho="1" sc="395,-41,72,183,156,-81,357,-41" /><INIT seed="7,0,0,4,0,41" ten="354,255,75,316" oya="3" hai0="116,49,47,33,37,123,19,134,71,10,129,120,124" hai1="119,26,38,135,65,99,121,6,128,107,102,66,122" hai2="117,118,34,56,114,68,133,58,108,25,98,112,95" hai3="93,83,73,15,2,60,50,0,106,113,96,90,127"/><W72/><G113/><T62/><D116/><U42/><E119/><V80/><F80/><W39/><G39/><T100/><D33/><U63/><E128/><V61/><F25/><W45/><G106/><T18/><D37/><U104/><E135/><V59/><F95/><W36/><G36/><T27/><D134/><U17/><E6/><V22/><F98/><W57/><G127/><T44/><D100/><U77/><E77/><V51/><F22/><W16/><G73/><T85/><D124/><U81/><E81/><V111/><F34/><W20/><G72/><T131/><D85/><U31/><E17/><V88/><F88/><W1/><G83/><T54/><D47/><U30/><E65/><V35/><F35/><W89/><G89/><T5/><D62/><U11/><E11/><V94/><F94/><W7/><G45/><T103/><D71/><U48/><E30/><V14/><F14/><W91/><G50/><T82/><D103/><U70/><E104/><V84/><F84/><W76/><G91/><T3/><D82/><U109/><E109/><V101/><F101/><W43/><G43/><T21/><D19/><U105/><E105/><V115/><F133/><W13/><G76/><T28/><D18/><U78/><E78/><V86/><F86/><W40/><G40/><T125/><D125/><U79/><E79/><V23/><F23/><W12/><G7/><T55/><D55/><U132/><E132/><V9/><F9/><W32/><G32/><T110/><D110/><U87/><E87/><V53/><F108/><W74/><G74/><T8/><D8/><RYUUKYOKU ba="0,0" sc="354,15,255,-15,75,-15,316,15" hai0="3,5,10,21,27,28,44,49,54,120,123,129,131" hai3="0,1,2,12,13,15,16,20,57,60,90,93,96" /><INIT seed="7,1,0,4,2,45" ten="369,240,60,331" oya="3" hai0="99,118,79,134,39,73,100,54,51,15,81,111,94" hai1="128,130,5,105,20,125,120,41,60,121,27,115,7" hai2="71,96,110,9,11,28,22,102,30,70,29,101,87" hai3="72,56,16,31,58,74,93,48,35,43,68,84,91"/><W69/><G69/><T88/><D111/><U98/><E41/><V32/><F110/><W2/><G68/><T85/><D118/><U53/><E53/><V123/><F87/><W126/><G2/><T117/><D117/><U80/><E80/><V82/><F82/><W124/><G31/><T12/><D39/><U76/><E76/><V127/><F96/><W24/><G35/><T52/><D54/><U75/><E60/><V26/><F123/><W46/><G24/><T63/><D63/><U25/><E98/><V36/><F36/><W14/><G72/><T86/><D134/><U106/><E75/><V17/><F127/><N who="3" m="48683" /><G74/><T57/><D73/><U133/><E125/><V108/><F108/><W13/><G13/><T109/><D109/><U61/><E61/><V92/><F92/><AGARI ba="1,0" hai="12,15,51,52,57,79,81,85,86,88,92,94,99,100" machi="92" ten="30,8000,1" yaku="7,1,8,1,52,1,54,2" doraHai="45" who="0" fromWho="2" sc="369,83,240,0,60,-83,331,0" owari="452,55.2,240,-16.0,-23,-52.3,331,13.1" /></mjloggm>