<mjloggm ver="2.3"><GO type="169" lobby="0"/><UN n0="%4E%65%6D%6F" n1="%42%65%6E%63%68%69%6E%67" n2="%E3%81%A8%E3%82%93%E3%81%A8%E3%82%8D%E3%81%98" n3="%E5%A4%A7%E5%9E%8B%E7%8A%AC" dan="16,16,17,16" rate="2095.12,2078.50,2243.50,2108.90" sx="M,M,F,M"/><TAIKYOKU oya="0"/><INIT seed="0,0,0,3,3,78" ten="250,250,250,250" oya="0" hai0="3,90,21,30,91,2,24,112,19,106,40,25,26" hai1="18,120,126,101,127,53,4,22,10,62,114,76,63" hai2="131,38,109,7,45,125,116,98,29,49,94,133,80" hai3="44,97,55,79,93,108,124,28,135,64,95,33,100"/><T92/><D112/><U115/><E101/><V96/><F109/><W35/><G108/><T122/><D122/><U74/><E120/><V82/><F125/><N who="1" m="47625" /><E53/><V99/><F131/><W54/><G124/><T9/><D106/><U84/><E74/><V46/><F133/><W113/><G113/><N who="1" m="43018" /><E76/><V119/><F94/><W0/><G135/><T123/><D123/><U81/><E22/><V48/><F7/><W69/><G79/><T52/><D40/><U13/><E18/><V75/><F38/><W61/><G54/><T41/><D41/><U110/><E110/><V14/><F14/><W118/><G55/><T72/><D72/><U56/><E56/><V31/><F98/><W128/><G100/><T77/><D77/><N who="1" m="46127" /><E63/><V104/><REACH who="2" step="1"/><F75/><REACH who="2" ten="250,250,240,250" step="2"/><W102/><G128/><T16/><D2/><U1/><E62/><V130/><F130/><W121/><G0/><AGARI ba="0,1" hai="0,1,4,10,13" m="46127,43018,47625" machi="0" ten="30,3900,0" yaku="18,1,11,1,52,1" doraHai="78" who="1" fromWho="3" sc="250,0,250,49,240,0,250,-39" /><INIT seed="1,0,0,2,2,75" ten="250,299,240,211" oya="1" hai0="132,17,116,36,125,70,0,27,127,33,93,66,89" hai1="71,35,12,110,30,94,16,13,42,111,21,76,129" hai2="67,14,95,41,96,55,19,134,103,121,87,115,52" hai3="118,104,20,23,112,53,85,37,90,49,91,54,97"/><U128/><E71/><V122/><F134/><W62/><G112/><T92/><D116/><U45/><E94/><V73/><F73/><W105/><G37/><T50/><D36/><N who="1" m="21703" /><E76/><V84/><F115/><W100/><G118/><T51/><D0/><U126/><E126/><N who="0" m="48137" /><D132/><U28/><E13/><V109/><F109/><N who="1" m="41481" /><E35/><V43/><F67/><W58/><G105/><T57/><D70/><U124/><E124/><V86/><F122/><W61/><G91/><T18/><D93/><U123/><E123/><V10/><REACH who="2" step="1"/><F121/><REACH who="2" ten="250,299,230,211" step="2"/><W68/><G68/><T117/><D66/><U24/><E24/><V107/><F107/><W98/><G104/><T4/><D27/><U11/><E11/><V2/><F2/><W3/><G3/><T65/><D65/><U77/><E77/><V29/><F29/><AGARI ba="0,1" hai="12,16,21,28,29,30,128,129" m="41481,21703" machi="29" ten="30,5800,0" yaku="14,1,10,1,54,1" doraHai="75" who="1" fromWho="2" sc="250,0,299,68,230,-58,211,0" /><INIT seed="1,1,0,3,5,20" ten="250,367,172,211" oya="1" hai0="31,79,39,8,84,70,96,94,6,75,21,102,13" hai1="1,87,116,123,98,52,113,120,47,91,42,56,55" hai2="16,34,18,45,5,110,50,65,97,12,86,101,49" hai3="112,114,134,103,59,76,10,53,66,15,57,11,95"/><U115/><E1/><V118/><F118/><W22/><G134/><T128/><D39/><N who="1" m="21983" /><E87/><V7/><F110/><W17/><G76/><T108/><D108/><U67/><E91/><V62/><F34/><W46/><G114/><N who="1" m="43530" /><E98/><V60/><F86/><W89/><G103/><T43/><D128/><U3/><E3/><V117/><F117/><W54/><G66/><T37/><D75/><U32/><E32/><V2/><F2/><W81/><G46/><T135/><D135/><U77/><E77/><V126/><F126/><W90/><G81/><T29/><D70/><U48/><E116/><V124/><F124/><W68/><G68/><T58/><D79/><U129/><E129/><V26/><F65/><W71/><G71/><T72/><D72/><U24/><E24/><V27/><F45/><W88/><G95/><T107/><D107/><U38/><E38/><V33/><F33/><W83/><G83/><T0/><D84/><U30/><E30/><V85/><F85/><W9/><REACH who="3" step="1"/><G112/><REACH who="3" ten="250,367,172,201" step="2"/><T100/><D100/><U130/><E130/><V51/><F101/><W121/><G121/><N who="1" m="46666" /><E67/><V40/><F97/><W4/><G4/><T64/><D6/><U119/><E119/><V19/><F5/><W132/><G132/><T63/><D96/><U35/><E35/><V80/><F80/><W23/><G23/><T133/><D21/><U69/><E69/><V44/><F40/><W14/><G14/><T109/><D13/><U28/><E55/><AGARI ba="1,1" hai="9,10,11,15,17,22,53,54,55,57,59,88,89,90" machi="55" ten="40,5200,0" yaku="1,1,8,1,54,1,53,0" doraHai="20" doraHaiUra="93" who="3" fromWho="1" sc="250,0,367,-55,172,0,201,65" /><INIT seed="2,0,0,4,1,114" ten="250,312,172,266" oya="2" hai0="135,52,72,16,15,127,0,12,2,4,77,31,91" hai1="84,48,19,122,9,8,130,92,71,17,124,5,96" hai2="89,78,81,54,123,42,112,82,59,111,119,83,107" hai3="128,105,23,1,85,79,76,26,7,14,94,57,49"/><V70/><F112/><W93/><G105/><T125/><D135/><U87/><E71/><V18/><F123/><W51/><G1/><N who="0" m="619" /><D91/><U24/><E124/><N who="0" m="47689" /><D77/><U115/><E130/><V58/><F70/><W100/><G128/><T30/><D72/><U118/><E122/><V120/><F120/><W129/><G129/><T40/><D40/><U113/><E5/><V69/><F69/><W62/><G79/><T35/><D52/><U55/><E24/><V20/><F107/><W34/><G76/><T117/><D117/><U80/><E55/><V27/><F111/><W43/><G43/><T11/><D35/><U46/><E118/><V110/><F110/><W88/><G34/><T98/><D98/><U108/><E108/><V50/><F119/><W133/><G133/><T13/><D13/><U97/><E48/><V65/><F42/><W61/><G51/><T37/><D37/><U44/><REACH who="1" step="1"/><E92/><REACH who="1" ten="250,302,172,266" step="2"/><V66/><F66/><W106/><G94/><T64/><D64/><U126/><E126/><V134/><F134/><W95/><G95/><T45/><D45/><U86/><E86/><N who="2" m="50399" /><F78/><W28/><G106/><T22/><AGARI ba="0,1" hai="4,11,12,15,16,22,30,31" m="47689,619" machi="22" ten="30,7900,0" yaku="18,1,34,2,54,1" doraHai="114" who="0" fromWho="0" sc="250,89,302,-20,172,-39,266,-20" /><INIT seed="3,0,0,2,3,15" ten="339,282,133,246" oya="3" hai0="84,122,72,20,31,26,105,23,134,16,128,17,96" hai1="13,114,71,51,109,80,75,28,21,41,87,91,116" hai2="30,104,111,47,92,68,63,59,115,38,77,113,55" hai3="99,56,32,106,46,103,70,107,19,36,12,119,124"/><W102/><G119/><T54/><D72/><U76/><E114/><V126/><F104/><W52/><G70/><T2/><D122/><U64/><E109/><V85/><F111/><W9/><G32/><T1/><D128/><U79/><E116/><V44/><F126/><W11/><G124/><T90/><D134/><U14/><E71/><V7/><F30/><W29/><G29/><T120/><D120/><U8/><E64/><V61/><F7/><W69/><G69/><T73/><D73/><U83/><E91/><V6/><F6/><W67/><G67/><T94/><D54/><U40/><E51/><V45/><F38/><W93/><G103/><T86/><D31/><U121/><E121/><V123/><F123/><W10/><G46/><T42/><D42/><U22/><E28/><V81/><F68/><W39/><G39/><T5/><D5/><U129/><E8/><V27/><F27/><W24/><G24/><T33/><D33/><U66/><E66/><V98/><REACH who="2" step="1"/><F63/><REACH who="2" ten="339,282,123,246" step="2"/><W135/><G36/><T131/><D105/><U78/><E129/><V110/><F110/><W49/><REACH who="3" step="1"/><G135/><REACH who="3" ten="339,282,123,236" step="2"/><T60/><D26/><U62/><E13/><V74/><F74/><W132/><G132/><T108/><D108/><U133/><E133/><V57/><F57/><W35/><G35/><T89/><D131/><U18/><E75/><V118/><F118/><W43/><G43/><T53/><D2/><U50/><E40/><V117/><F117/><W127/><G127/><T48/><D1/><U0/><E0/><V65/><F65/><W100/><G100/><AGARI ba="0,2" hai="44,45,47,55,59,61,77,81,85,92,98,100,113,115" machi="100" ten="40,1300,0" yaku="1,1,53,0" doraHai="15" doraHaiUra="34" who="2" fromWho="3" sc="339,0,282,0,123,33,236,-13" /><INIT seed="4,0,0,0,4,100" ten="339,282,156,223" oya="0" hai0="61,133,117,42,104,91,62,78,28,81,17,53,60" hai1="95,109,86,58,79,92,36,12,24,25,129,7,56" hai2="96,85,52,121,116,115,80,21,31,0,120,107,9" hai3="130,6,90,59,39,128,33,97,19,134,64,54,35"/><T71/><D117/><U102/><E36/><V34/><F34/><W124/><G39/><T47/><D133/><U108/><E129/><N who="3" m="49770" /><G134/><T131/><D131/><U74/><E74/><V113/><F116/><W57/><G124/><T106/><D71/><U27/><E108/><V3/><F31/><W105/><G6/><T18/><D53/><U76/><E109/><V94/><F21/><W48/><G19/><T93/><D28/><U4/><E102/><N who="2" m="62919" /><F52/><N who="3" m="31879" /><G64/><T127/><D127/><U69/><E69/><V65/><F65/><W110/><G110/><T63/><D63/><U126/><E126/><V125/><F125/><W66/><G66/><T38/><D18/><U119/><E119/><V20/><F20/><W15/><G15/><T16/><D16/><U55/><E55/><V68/><F9/><W26/><G26/><T123/><D17/><U10/><E7/><V41/><F41/><W51/><G105/><T122/><D122/><N who="2" m="47210" /><F68/><W1/><G1/><T45/><D45/><U82/><E58/><V84/><F0/><W29/><G29/><T77/><D123/><U103/><E56/><V67/><F3/><W83/><G97/><T44/><D44/><U75/><E103/><V87/><F67/><W5/><G5/><T111/><D111/><U70/><E70/><V14/><F14/><W135/><G135/><T98/><REACH who="0" step="1"/><D77/><REACH who="0" ten="329,282,156,223" step="2"/><U132/><E132/><V73/><F94/><W8/><G8/><T43/><D43/><U49/><E49/><V112/><F115/><W101/><G54/><T23/><D23/><U88/><E92/><V72/><F80/><W89/><G83/><RYUUKYOKU ba="0,1" sc="329,10,282,10,156,10,223,-30" hai0="38,42,47,60,61,62,78,81,91,93,98,104,106" hai1="4,10,12,24,25,27,75,76,79,82,86,88,95" hai2="72,73,84,85,87,112,113" /><INIT seed="4,1,1,1,2,43" ten="339,292,166,193" oya="0" hai0="109,79,68,57,5,21,128,38,122,97,20,24,11" hai1="37,114,77,42,3,135,73,59,90,16,94,48,115" hai2="121,49,69,87,113,30,25,124,92,55,111,15,71" hai3="32,22,54,85,66,74,99,41,82,17,45,125,8"/><T110/><D122/><U101/><E3/><V67/><F111/><N who="0" m="42506" /><D68/><U75/><E101/><V52/><F121/><W60/><G32/><T80/><D128/><U46/><E135/><V2/><F2/><W131/><G131/><T91/><D38/><U133/><E133/><V63/><F113/><N who="1" m="43017" /><E77/><V116/><F124/><W104/><G74/><N who="0" m="43127" /><D57/><U95/><E95/><V106/><F106/><W98/><G104/><T23/><D91/><U51/><E16/><V39/><F39/><W0/><G125/><T86/><D86/><N who="1" m="52567" /><E59/><V126/><F126/><W88/><G17/><N who="0" m="12303" /><D97/><U132/><E132/><V127/><F127/><W103/><G99/><T117/><D117/><U44/><E37/><V84/><F116/><W107/><G98/><T78/><D78/><U1/><E1/><AGARI ba="1,1" hai="1,5,11,21,23" m="12303,43127,42506" machi="1" ten="30,1500,0" yaku="10,1" doraHai="43" who="0" fromWho="1" sc="339,28,292,-18,166,0,193,0" /><INIT seed="4,2,0,2,3,58" ten="367,274,166,193" oya="0" hai0="59,73,7,91,12,82,45,35,98,128,130,80,92" hai1="4,28,41,20,31,40,22,21,3,127,132,102,9" hai2="120,42,61,47,75,88,123,100,6,34,36,86,68" hai3="23,129,87,51,10,67,111,81,30,39,44,99,95"/><T97/><D35/><U124/><E102/><V56/><F75/><W1/><G111/><T64/><D45/><U105/><E105/><V60/><F34/><W33/><G39/><T74/><D7/><U27/><E40/><V79/><F79/><W65/><G33/><T52/><D64/><U118/><E41/><V57/><F68/><W69/><G129/><N who="0" m="49771" /><D12/><U96/><E96/><V93/><F100/><N who="3" m="60543" /><G69/><T121/><D121/><U108/><E108/><V83/><F83/><N who="0" m="31786" /><D98/><U104/><E104/><V134/><F134/><W0/><G10/><T70/><D70/><U25/><E132/><V66/><F6/><W114/><G0/><T18/><D18/><U125/><E118/><V90/><F90/><W106/><G1/><T116/><D116/><U32/><AGARI ba="2,0" hai="3,4,9,20,21,22,25,27,28,31,32,124,125,127" machi="32" ten="30,8000,1" yaku="0,1,18,1,34,3" doraHai="58" who="1" fromWho="1" sc="367,-42,274,86,166,-22,193,-22" /><INIT seed="5,0,0,3,2,133" ten="325,360,144,171" oya="1" hai0="119,81,72,24,17,101,84,94,29,22,73,80,113" hai1="14,70,13,121,134,103,61,21,44,2,124,56,86" hai2="26,92,85,34,52,74,68,47,16,67,132,4,118" hai3="78,55,109,10,77,43,96,122,41,93,11,91,57"/><U23/><E134/><V123/><F118/><W36/><G122/><T50/><D119/><U89/><E2/><V97/><F123/><W46/><G109/><T125/><D113/><U126/><E70/><V129/><F74/><W88/><G43/><T111/><D111/><U65/><E103/><V95/><F132/><W128/><G128/><T32/><D125/><N who="1" m="48235" /><E44/><V42/><F95/><W120/><G120/><T116/><D116/><U45/><E45/><V3/><F92/><W7/><G91/><T37/><D94/><N who="1" m="54583" /><E121/><V15/><F42/><W58/><G58/><T130/><D101/><U20/><AGARI ba="0,0" hai="13,14,20,21,23,56,61,65" m="54583,48235" machi="20" ten="30,11700,0" yaku="18,1,52,3" doraHai="133" who="1" fromWho="1" sc="325,-39,360,117,144,-39,171,-39" /><INIT seed="5,1,0,1,2,48" ten="286,477,105,132" oya="1" hai0="94,52,21,45,23,25,3,122,61,5,101,4,0" hai1="110,81,69,123,62,87,92,35,11,22,20,88,90" hai2="44,86,16,96,109,18,71,108,36,56,78,126,131" hai3="82,85,39,132,60,98,63,97,73,57,46,102,33"/><U100/><E123/><V58/><F71/><W125/><G132/><T7/><D122/><U67/><E110/><V114/><F126/><W117/><G125/><T84/><D0/><U112/><E112/><V83/><F114/><W79/><G117/><T133/><D133/><U41/><E35/><V111/><F131/><W119/><G119/><T49/><D3/><U135/><E135/><V64/><F96/><W37/><G33/><T68/><D68/><U118/><E118/><V29/><F29/><W17/><G98/><N who="0" m="59607" /><D84/><U74/><E74/><V54/><F64/><W27/><G73/><T104/><D104/><U116/><E116/><V15/><F18/><W72/><G85/><T95/><D95/><U53/><E41/><V75/><F75/><W51/><G57/><N who="0" m="34983" /><D25/><U99/><E11/><V1/><F1/><W105/><G39/><T93/><D93/><U13/><E13/><V14/><F14/><W6/><G37/><T115/><D115/><U77/><E100/><V8/><REACH who="2" step="1"/><F36/><REACH who="2" ten="286,477,95,132" step="2"/><W26/><G26/><T65/><D65/><U42/><E69/><V107/><F107/><W120/><G120/><T34/><D34/><U103/><E67/><V121/><F121/><W128/><G105/><T28/><D28/><U31/><E31/><V130/><F130/><W43/><G128/><T30/><D30/><U50/><E99/><V70/><F70/><W80/><G97/><T12/><D12/><U24/><E103/><V113/><F113/><W89/><G102/><T47/><D5/><U134/><E134/><V106/><F106/><W91/><G6/><T124/><D7/><RYUUKYOKU ba="1,1" sc="286,-10,477,-10,95,30,132,-10" hai2="8,15,16,44,54,56,58,78,83,86,108,109,111" /><INIT seed="6,2,1,2,4,3" ten="276,467,125,122" oya="2" hai0="26,128,94,83,14,58,73,72,13,35,82,116,111" hai1="31,105,61,109,42,48,22,51,2,99,119,40,79" hai2="96,90,123,81,23,80,71,70,86,44,78,85,18" hai3="25,112,20,5,100,129,125,62,45,118,39,28,21"/><V75/><F123/><W74/><G118/><T108/><D94/><U17/><E2/><V91/><F96/><W57/><G125/><T27/><D58/><U95/><E105/><V77/><F44/><W68/><G129/><T88/><D35/><U127/><E109/><V33/><F33/><W43/><G74/><T55/><D55/><U133/><E133/><V113/><F113/><W9/><G68/><T50/><D50/><U49/><E127/><V134/><F134/><W97/><G112/><T53/><D53/><U52/><E79/><V30/><F30/><W117/><G117/><T64/><D64/><U114/><E31/><V66/><F66/><W76/><G76/><T46/><D46/><U101/><E114/><V37/><F37/><W1/><G62/><T131/><D88/><U104/><E104/><V65/><F65/><W47/><G47/><T84/><D84/><U126/><E126/><V0/><F0/><W38/><G57/><T15/><D15/><N who="1" m="9535" /><E119/><AGARI ba="2,1" hai="13,14,26,27,72,73,82,83,108,111,116,119,128,131" machi="119" ten="25,1600,0" yaku="22,2" doraHai="3" who="0" fromWho="1" sc="276,32,467,-22,125,0,122,0" /><INIT seed="7,0,0,2,1,10" ten="308,445,125,122" oya="3" hai0="34,25,3,46,19,48,22,128,15,62,42,13,101" hai1="92,107,63,38,24,66,133,116,58,113,67,103,12" hai2="100,57,55,65,27,85,49,74,118,109,112,56,35" hai3="110,43,79,124,84,129,4,119,108,122,98,120,30"/><W102/><G43/><T8/><D128/><U37/><E107/><V94/><F109/><N who="3" m="42091" /><G30/><T60/><D3/><U33/><E33/><V39/><F118/><W93/><G4/><N who="0" m="3207" /><D34/><U72/><E72/><V17/><F112/><W111/><N who="3" m="42099" /><W81/><DORA hai="121" /><G119/><T28/><D101/><U26/><E113/><V87/><F27/><W115/><G115/><T2/><D2/><U69/><E24/><V82/><F17/><W126/><G129/><T68/><D68/><U77/><E26/><V1/><F39/><W52/><G52/><T78/><D78/><U106/><E37/><V40/><F55/><W51/><G51/><T127/><D127/><AGARI ba="0,0" hai="79,81,84,93,98,102,120,122,124,126,127" m="42099" machi="127" ten="40,24000,3" yaku="18,1,10,1,34,2,52,4" doraHai="10,121" who="3" fromWho="0" sc="308,-240,445,0,125,0,122,240" /><INIT seed="7,1,0,0,4,83" ten="68,445,125,362" oya="3" hai0="97,26,57,112,106,59,54,129,101,13,95,66,114" hai1="111,120,20,5,116,68,72,125,28,135,17,23,75" hai2="21,81,61,41,65,89,31,121,44,70,110,109,35" hai3="126,34,12,53,130,98,22,62,67,115,16,104,69"/><W71/><G115/><N who="0" m="44075" /><D26/><U25/><E68/><V4/><F35/><W51/><G126/><T79/><D13/><U92/><E111/><V103/><F121/><W63/><G34/><T102/><D66/><U29/><E120/><V45/><F45/><W77/><G130/><T15/><D59/><U122/><E122/><V93/><F103/><W11/><G77/><T9/><D57/><U74/><E125/><V100/><F100/><W32/><G32/><T58/><D58/><U133/><E5/><V107/><F81/><W86/><G104/><T78/><D54/><U40/><E116/><V7/><F107/><W47/><G98/><N who="0" m="61751" /><D15/><U87/><E40/><V39/><F4/><W24/><G86/><T108/><D9/><U1/><E1/><V91/><F7/><W90/><G90/><T48/><D48/><U3/><E3/><V99/><F91/><W55/><G55/><T85/><D108/><U10/><E10/><V119/><F119/><W76/><G76/><N who="0" m="29227" /><D85/><U2/><E2/><V56/><F70/><W96/><G96/><T0/><D0/><U37/><E37/><V33/><F33/><W38/><G38/><T134/><D134/><N who="1" m="51211" /><E23/><V124/><F124/><W46/><G46/><T27/><D27/><U60/><E60/><V52/><F52/><W132/><G132/><T64/><D64/><U6/><E6/><V128/><F110/><W49/><G49/><T19/><D19/><U105/><E105/><V36/><F109/><W80/><G80/><T14/><D14/><U118/><E118/><V8/><F39/><W30/><G69/><T94/><D94/><RYUUKYOKU ba="1,0" sc="68,10,445,10,125,-30,362,10" hai0="95,97,102,129" hai1="17,20,25,28,29,72,74,75,87,92" hai3="11,12,16,22,24,30,47,51,53,62,63,67,71" /><INIT seed="7,2,0,1,0,47" ten="78,455,95,372" oya="3" hai0="98,67,26,119,1,133,51,17,131,110,62,129,35" hai1="33,87,49,116,91,13,21,71,64,58,115,126,68" hai2="53,89,96,94,6,79,111,90,0,130,27,120,32" hai3="93,102,56,113,69,30,114,48,52,88,2,50,54"/><W42/><G2/><T92/><D119/><U70/><E33/><V25/><F111/><W19/><G69/><T46/><D110/><U112/><E116/><V118/><F118/><W123/><G123/><T38/><D1/><U103/><E103/><V22/><F120/><W127/><G127/><T121/><D121/><U101/><E101/><V57/><F130/><N who="0" m="49674" /><D133/><U59/><E126/><V5/><F0/><W74/><G74/><T36/><D17/><N who="1" m="10415" /><E64/><V135/><F135/><W84/><G30/><N who="0" m="19927" /><D92/><N who="1" m="54399" /><E58/><V95/><F32/><W31/><G31/><T18/><D18/><U122/><E122/><V44/><F79/><W11/><G42/><N who="0" m="25047" /><D98/><U134/><E134/><V20/><F57/><AGARI ba="2,0" hai="36,38,57,62,67" m="25047,19927,49674" machi="57" ten="30,2000,0" yaku="19,1,52,1" doraHai="47" who="0" fromWho="2" sc="78,26,455,0,95,-26,372,0" owari="104,-29.6,455,55.5,69,-43.1,372,17.2" /></mjloggm>