<mjloggm ver="2.3"><GO type="169" lobby="0"/><UN n0="%4D%41%4B%30%31%30%34" n1="%E3%81%A6%E3%82%93%E3%81%8F%E3%81%86" n2="%70%6F%6E%2D%65%6E" n3="%E3%81%B1%E3%82%93%E3%81%AA%E3%81%93%E3%81%BE%E3%81%A3%E3%81%9F" dan="17,16,16,17" rate="2171.75,2180.18,2128.79,2186.74" sx="M,M,F,M"/><TAIKYOKU oya="0"/><INIT seed="0,0,0,2,0,56" ten="250,250,250,250" oya="0" hai0="33,15,102,98,58,107,65,81,37,16,88,91,47" hai1="6,108,103,92,40,51,49,99,94,13,93,115,11" hai2="9,95,43,112,113,8,54,30,60,19,72,14,0" hai3="31,63,128,1,134,42,52,29,122,28,66,22,57"/><T46/><D33/><U41/><E108/><V90/><F72/><W21/><G1/><T38/><D38/><U83/><E115/><V67/><F43/><W64/><G128/><T114/><D114/><U3/><E3/><V110/><F110/><W121/><G134/><T55/><D65/><N who="3" m="25193" /><G42/><T45/><D81/><U39/><E39/><V36/><F36/><W116/><G116/><T10/><REACH who="0" step="1"/><D37/><REACH who="0" ten="240,250,250,250" step="2"/><U68/><E83/><V82/><F82/><W48/><G122/><T100/><D100/><U105/><E103/><V61/><F67/><N who="3" m="39407" /><G121/><T23/><D23/><U76/><E68/><V17/><F112/><W130/><G130/><T80/><D80/><U106/><E11/><V86/><F9/><W79/><G79/><T96/><D96/><U123/><E99/><V135/><F8/><W20/><G20/><T26/><D26/><U89/><E76/><V118/><F113/><W125/><G125/><T129/><D129/><U109/><E123/><V117/><F118/><W74/><G74/><T25/><D25/><U44/><E109/><V70/><F117/><W24/><G24/><T78/><D78/><U133/><E133/><V18/><F70/><W131/><G131/><T50/><AGARI ba="0,1" hai="10,15,16,45,46,47,50,55,58,88,91,98,102,107" machi="50" ten="30,12000,1" yaku="1,1,0,1,54,2,53,1" doraHai="56" doraHaiUra="53" who="0" fromWho="0" sc="240,130,250,-40,250,-40,250,-40" /><INIT seed="0,1,0,4,3,56" ten="370,210,210,210" oya="0" hai0="5,123,101,0,40,4,108,80,109,31,69,48,17" hai1="51,83,47,68,46,42,28,58,25,128,54,26,29" hai2="132,36,134,60,129,35,103,67,131,9,6,78,82" hai3="99,117,23,96,118,93,116,14,32,66,43,120,22"/><T55/><D123/><U13/><E128/><N who="2" m="49227" /><F103/><W30/><G120/><T16/><D40/><U91/><E68/><N who="2" m="42087" /><F35/><W52/><G43/><T115/><D115/><U112/><E112/><V44/><F44/><W39/><G39/><T87/><D31/><N who="1" m="11851" /><E13/><N who="2" m="5303" /><F36/><W113/><G113/><T10/><D69/><U126/><E126/><V20/><F20/><W104/><G32/><T119/><D101/><U49/><E47/><V3/><F3/><W75/><G104/><T70/><D70/><U125/><E125/><V1/><F1/><W8/><G30/><T97/><D5/><U76/><E76/><V15/><F15/><W41/><G41/><T21/><D119/><U92/><E83/><V110/><F110/><N who="0" m="42602" /><D97/><AGARI ba="1,0" hai="25,26,42,46,49,51,54,58,91,92,97" m="11851" machi="97" ten="30,1000,0" yaku="8,1" doraHai="56" who="1" fromWho="0" sc="370,-13,210,13,210,0,210,0" /><INIT seed="1,0,0,1,4,103" ten="357,223,210,210" oya="1" hai0="6,24,108,88,83,117,51,79,70,66,115,87,35" hai1="64,130,124,109,76,45,22,61,121,78,94,77,8" hai2="69,125,93,39,71,11,59,120,65,74,118,112,104" hai3="50,99,106,116,119,62,72,34,80,131,31,57,21"/><U25/><E121/><V68/><F120/><W26/><G131/><T133/><D115/><U1/><E130/><V122/><F122/><W56/><G72/><T43/><D117/><N who="3" m="45129" /><G80/><T58/><D6/><U123/><E123/><V16/><F118/><W23/><G50/><T28/><D108/><U10/><E124/><V132/><F74/><W52/><G57/><T13/><D13/><U86/><E1/><V46/><F93/><W12/><G12/><T55/><D133/><U73/><E45/><V127/><F132/><W113/><G113/><T111/><D43/><U63/><E73/><V75/><F75/><W128/><G128/><T0/><D0/><U81/><E94/><V110/><F110/><W18/><G18/><T44/><D70/><U49/><E49/><V101/><F46/><W84/><G84/><T9/><D9/><N who="1" m="3691" /><E109/><V47/><F47/><W67/><G67/><T42/><D111/><U97/><E97/><N who="2" m="61487" /><F39/><W7/><G7/><T129/><D129/><U134/><E134/><V54/><F65/><W36/><G36/><T107/><D66/><U17/><E64/><V3/><F3/><W60/><G60/><AGARI ba="0,0" hai="17,22,25,60,61,63,76,77,78,81,86" m="3691" machi="60" ten="30,1500,0" yaku="8,1" doraHai="103" who="1" fromWho="3" sc="357,0,223,15,210,0,210,-15" /><INIT seed="1,1,0,1,1,21" ten="357,238,210,195" oya="1" hai0="38,96,110,118,30,26,42,29,36,73,47,88,18" hai1="83,44,25,53,49,106,119,72,13,61,48,50,92" hai2="79,134,59,22,19,95,114,17,102,122,128,12,101" hai3="87,78,24,35,39,94,82,132,75,115,0,6,3"/><U120/><E119/><V67/><F122/><W56/><G115/><T98/><D118/><U89/><E106/><V55/><F67/><W41/><G132/><T97/><D73/><U124/><E120/><V103/><F128/><W133/><G133/><T90/><D38/><U77/><E124/><V65/><F65/><W27/><G35/><T74/><D74/><U99/><E61/><N who="2" m="36095" /><F114/><W32/><G32/><T37/><D37/><U34/><REACH who="1" step="1"/><E13/><REACH who="1" ten="357,228,210,195" step="2"/><N who="2" m="9519" /><F134/><W85/><G3/><T105/><D105/><U113/><E113/><V131/><F131/><W60/><G0/><T7/><D110/><U46/><E46/><V23/><F79/><W31/><G78/><T121/><D121/><U9/><E9/><V45/><F45/><W1/><G1/><T76/><D76/><U71/><E71/><V20/><F20/><W81/><G60/><T68/><D68/><U62/><E62/><V10/><F10/><W127/><G127/><T129/><D129/><U70/><E70/><V111/><F111/><W14/><G14/><T2/><D2/><U84/><E84/><V8/><F8/><W135/><G87/><T104/><D104/><U66/><E66/><V40/><F23/><W117/><G85/><T109/><D109/><U63/><E63/><V93/><F12/><W43/><G75/><T52/><D47/><U51/><E51/><V86/><F86/><W69/><G39/><T91/><D36/><U54/><E54/><V116/><F116/><W100/><G69/><T15/><D52/><U57/><E57/><V112/><F112/><W11/><G135/><T126/><D126/><RYUUKYOKU ba="1,1" sc="357,-10,228,30,210,-10,195,-10" hai1="25,34,44,48,49,50,53,72,77,83,89,92,99" /><INIT seed="1,2,1,4,0,77" ten="347,258,200,185" oya="1" hai0="71,9,6,121,37,118,126,20,133,113,42,39,13" hai1="27,23,105,33,57,61,34,100,117,17,83,64,80" hai2="41,15,67,74,78,72,91,114,65,47,50,11,66" hai3="111,76,134,54,38,7,89,10,3,107,40,88,59"/><U127/><E117/><V120/><F120/><W16/><G107/><T48/><D113/><U115/><E115/><V99/><F114/><W97/><G111/><T51/><D118/><U25/><E127/><V92/><REACH who="2" step="1"/><F78/><REACH who="2" ten="347,258,190,185" step="2"/><W43/><G76/><T101/><D121/><U46/><E46/><V44/><F44/><W45/><G134/><T131/><D133/><U128/><E128/><V96/><F96/><W5/><G97/><T112/><D112/><U110/><E110/><V35/><F35/><W0/><G43/><T49/><D42/><U102/><E33/><V8/><F8/><W62/><G0/><T87/><D9/><U93/><E105/><V108/><F108/><W86/><G7/><AGARI ba="2,2" hai="7,11,15,41,47,50,65,66,67,72,74,91,92,99" machi="7" ten="40,1300,0" yaku="1,1,53,0" doraHai="77" doraHaiUra="132" who="2" fromWho="3" sc="347,0,258,0,190,39,185,-19" /><INIT seed="2,0,0,0,5,35" ten="347,258,229,166" oya="2" hai0="98,81,94,23,1,65,66,44,13,95,113,33,57" hai1="99,128,70,30,48,20,22,115,121,36,120,131,127" hai2="53,67,108,103,97,16,27,116,4,42,5,100,118" hai3="34,54,106,41,63,85,91,6,60,31,28,58,79"/><V74/><F74/><W72/><G106/><T59/><D33/><U111/><E36/><V90/><F108/><W135/><G135/><T45/><D81/><U39/><E39/><V7/><F42/><W11/><G41/><T47/><D1/><U86/><E70/><V122/><F122/><N who="1" m="47209" /><E115/><V2/><F2/><W51/><G79/><T17/><D113/><U43/><E111/><V89/><F67/><N who="0" m="25610" /><D95/><U82/><E99/><V37/><F37/><W12/><G72/><T129/><D129/><N who="1" m="49739" /><E30/><V102/><F53/><W105/><G105/><T93/><D93/><U26/><E26/><V123/><F123/><W64/><G34/><T68/><D68/><U117/><E127/><V96/><F16/><W126/><G126/><T78/><D78/><N who="1" m="46423" /><E117/><N who="2" m="45163" /><F27/><W62/><REACH who="3" step="1"/><G64/><REACH who="3" ten="347,258,229,156" step="2"/><T14/><D14/><U38/><E38/><V52/><F52/><W61/><N who="3" m="15360" /><DORA hai="83" /><W130/><G130/><T92/><D13/><U50/><E43/><V49/><F103/><W124/><G124/><T104/><D104/><U21/><AGARI ba="0,1" hai="20,21,22,48,50" m="46423,49739,47209" machi="21" ten="40,5200,0" yaku="13,1,19,1,52,1" doraHai="35,83" who="1" fromWho="1" sc="347,-13,258,62,229,-26,156,-13" /><INIT seed="3,0,0,1,1,69" ten="334,320,203,143" oya="3" hai0="30,58,28,60,65,85,16,84,117,106,104,18,126" hai1="73,90,50,107,108,121,78,42,55,122,127,116,83" hai2="49,48,131,38,2,118,33,29,103,92,22,56,114" hai3="8,61,52,1,57,99,32,20,64,125,97,40,72"/><W3/><G32/><T100/><D117/><U76/><E107/><V4/><F114/><W26/><G72/><T123/><D123/><U98/><E116/><V59/><F131/><W10/><G125/><T24/><D126/><U113/><E127/><V19/><F118/><W46/><G3/><T51/><D30/><U74/><E42/><V44/><F38/><W79/><G79/><T75/><D75/><U109/><E50/><V45/><F33/><W68/><G1/><T93/><D106/><U53/><E53/><V96/><F29/><W14/><G99/><T6/><D6/><U54/><E54/><N who="2" m="29959" /><F4/><W23/><G97/><T81/><D51/><U21/><E21/><V128/><F2/><W130/><G130/><T82/><D104/><U25/><E55/><N who="2" m="30127" /><F128/><W80/><G80/><T101/><D81/><N who="1" m="45199" /><E25/><AGARI ba="0,0" hai="19,22,25,56,59,92,96,103" m="30127,29959" machi="25" ten="30,1000,0" yaku="8,1" doraHai="69" who="2" fromWho="1" sc="334,0,320,-10,203,10,143,0" /><INIT seed="4,0,0,0,4,123" ten="334,310,213,143" oya="0" hai0="57,134,11,116,100,85,55,95,41,14,44,42,76" hai1="104,10,58,101,49,79,75,71,52,43,135,92,39" hai2="56,50,21,34,31,63,7,111,6,109,68,107,131" hai3="78,36,115,13,81,133,96,127,80,125,94,113,64"/><T130/><D116/><U47/><E135/><V122/><F122/><W106/><G64/><T99/><D134/><U119/><E119/><V37/><F37/><W67/><G67/><T70/><D70/><U17/><E104/><V62/><F34/><W25/><G13/><T89/><D130/><U9/><E71/><V22/><F107/><W87/><G25/><T132/><D76/><U120/><E120/><V110/><F131/><W112/><G36/><T1/><D1/><U90/><E101/><V98/><F98/><W117/><G117/><T61/><D44/><U27/><E75/><V59/><F50/><W20/><G20/><N who="2" m="7785" /><F31/><W0/><G0/><T60/><D61/><N who="2" m="23050" /><F68/><W35/><G35/><T26/><D26/><U15/><E79/><V8/><F8/><W2/><G2/><T84/><D84/><U23/><E27/><V82/><F82/><N who="3" m="47575" /><G106/><T53/><D53/><U114/><E114/><V66/><F66/><W88/><G133/><T5/><REACH who="0" step="1"/><D132/><REACH who="0" ten="324,310,213,143" step="2"/><U32/><E32/><V83/><F83/><AGARI ba="0,1" hai="80,81,83,88,94,96,112,113,115,125,127" m="47575" machi="83" ten="40,8000,1" yaku="15,1,34,2,54,1" doraHai="123" who="3" fromWho="2" sc="324,0,310,0,213,-80,143,90" /><AGARI ba="0,0" hai="5,11,14,41,42,55,57,60,83,85,89,95,99,100" machi="83" ten="30,11600,0" yaku="1,1,2,1,7,1,8,1,53,0" doraHai="123" doraHaiUra="29" who="0" fromWho="2" sc="324,116,310,0,133,-116,233,0" /><INIT seed="4,1,0,2,4,9" ten="440,310,17,233" oya="0" hai0="118,16,64,5,57,3,80,22,38,37,83,60,86" hai1="128,68,53,76,75,52,126,99,81,67,133,87,111" hai2="135,62,12,73,114,74,122,17,51,32,65,120,78" hai3="39,31,0,47,20,93,40,2,134,54,72,108,92"/><T23/><D118/><U123/><E123/><V43/><F32/><W101/><G108/><T129/><D129/><U124/><E111/><V71/><F114/><W18/><G72/><T24/><D3/><U25/><E67/><V105/><F135/><W34/><G134/><T29/><D5/><U116/><E133/><V14/><F105/><W11/><G54/><T103/><D103/><U21/><E68/><V35/><F35/><W33/><G101/><T110/><D110/><U84/><E116/><V117/><F117/><W58/><G58/><T46/><D46/><U55/><E99/><V96/><F96/><W119/><G119/><T50/><D50/><U42/><E42/><V106/><F106/><W112/><G112/><T28/><D28/><N who="1" m="17455" /><E128/><V61/><F61/><W59/><G59/><T115/><D83/><U132/><E132/><V13/><F17/><W41/><G41/><T30/><D30/><U97/><E97/><V94/><F94/><W95/><G31/><T121/><D121/><U6/><E6/><V4/><F4/><W98/><G98/><T90/><REACH who="0" step="1"/><D115/><REACH who="0" ten="430,310,17,233" step="2"/><U82/><E82/><V8/><F8/><W77/><G2/><T56/><D56/><U44/><E44/><V10/><F10/><W104/><G0/><T127/><D127/><AGARI ba="1,1" hai="52,53,55,75,76,81,84,87,124,126,127" m="17455" machi="127" ten="30,2000,0" yaku="18,1,54,1" doraHai="9" who="1" fromWho="0" sc="430,-23,310,33,17,0,233,0" /><INIT seed="5,0,0,0,3,134" ten="407,343,17,233" oya="1" hai0="18,54,6,97,0,10,90,60,35,82,74,118,127" hai1="15,56,28,122,79,126,5,91,71,123,93,92,111" hai2="40,49,68,113,26,114,64,129,89,87,105,42,110" hai3="128,52,72,58,76,8,45,36,85,55,38,120,80"/><U25/><E71/><V9/><F110/><W131/><G120/><T31/><D118/><U107/><E107/><V16/><F105/><W57/><G72/><T48/><D35/><U102/><E111/><V108/><F108/><W39/><G8/><T101/><D31/><U43/><E43/><V19/><F129/><N who="3" m="49739" /><G85/><T125/><D18/><U61/><E79/><V17/><F9/><W33/><G80/><T78/><D60/><U77/><E77/><V100/><F100/><W83/><G83/><T86/><D101/><U130/><E15/><V4/><F4/><W32/><G76/><T119/><D97/><U1/><E1/><V75/><F75/><W73/><G73/><T69/><D69/><U66/><E5/><V13/><F13/><W30/><G30/><T63/><D63/><U50/><E130/><V51/><F26/><W59/><G45/><T70/><D70/><U24/><E24/><V12/><F12/><W46/><G46/><T117/><D78/><U41/><E102/><V47/><F64/><W98/><G98/><T99/><D99/><U94/><E66/><V65/><F65/><W121/><G121/><T104/><D104/><U103/><E103/><V7/><F7/><W53/><AGARI ba="0,0" hai="32,33,36,38,39,52,53,55,57,58,59" m="49739" machi="53" ten="50,12000,2" yaku="29,2,28,2,19,1,54,1" doraHai="134" who="3" fromWho="3" sc="407,-30,343,-60,17,-30,233,120" owari="377,47.7,283,-11.7,-13,-51.3,353,15.3" /></mjloggm>