<mjloggm ver="2.3"><GO type="169" lobby="0"/><UN n0="%E3%83%A9%E3%83%A0%E3%83%9E%E3%82%B8%E5%A4%A9%E4%BD%BF" n1="%63%61%72%6C%6F%73%6E" n2="%E4%BA%9C%E6%9C%88" n3="%E7%BC%B6%E3%82%B3%E3%83%92" dan="17,17,17,16" rate="2153.61,2213.89,2182.99,2028.82" sx="M,M,M,M"/><TAIKYOKU oya="0"/><INIT seed="0,0,0,4,1,71" ten="250,250,250,250" oya="0" hai0="5,99,80,9,92,131,70,129,19,75,87,38,16" hai1="20,13,64,125,14,98,65,25,116,85,47,22,95" hai2="27,81,132,53,3,4,109,115,33,40,45,76,39" hai3="107,86,12,58,112,56,101,31,89,79,100,57,28"/><T111/><D70/><U24/><E116/><V55/><F115/><W1/><G1/><T7/><D75/><U96/><E85/><V106/><F106/><W41/><G112/><T63/><D63/><U52/><E125/><V73/><F109/><W108/><G108/><T35/><D35/><U121/><E47/><V94/><F132/><W51/><G79/><T2/><D5/><U8/><E95/><V68/><F68/><W119/><G119/><T126/><D126/><U34/><E8/><N who="2" m="2079" /><F94/><W103/><G107/><T21/><D111/><U113/><E113/><V78/><F78/><W6/><G6/><T83/><D38/><U42/><E42/><V43/><F43/><W50/><G12/><T18/><D21/><U61/><E61/><V74/><F74/><W62/><G62/><T26/><D26/><U54/><REACH who="1" step="1"/><E34/><REACH who="1" ten="250,240,250,250" step="2"/><V44/><F44/><N who="3" m="25871" /><G51/><T36/><D36/><U120/><AGARI ba="0,1" hai="13,14,20,22,24,25,52,54,64,65,96,98,120,121" machi="120" ten="25,12000,2" yaku="1,1,0,1,22,2,54,1,53,2" doraHai="71" doraHaiUra="23" who="1" fromWho="1" sc="250,-60,240,130,250,-30,250,-30" /><INIT seed="1,0,0,0,5,111" ten="190,370,220,220" oya="1" hai0="62,49,72,63,90,37,132,135,16,51,100,128,14" hai1="75,31,126,89,46,44,74,0,20,83,18,70,61" hai2="58,13,35,64,102,118,81,129,80,88,78,119,69" hai3="25,92,40,98,21,3,39,122,125,86,101,19,97"/><U57/><E70/><V76/><F35/><W17/><G122/><T131/><D37/><U127/><E0/><V99/><F129/><N who="0" m="49738" /><D72/><U4/><E4/><V7/><F69/><W29/><G3/><T84/><D100/><U11/><E11/><N who="2" m="4351" /><F102/><W109/><G109/><T91/><D84/><N who="1" m="50335" /><E31/><V112/><F119/><W124/><G98/><T130/><N who="0" m="49746" /><T85/><DORA hai="33" /><D91/><U104/><E104/><V54/><F64/><W53/><G86/><T96/><D96/><U22/><E75/><V120/><F120/><W60/><G39/><T67/><D90/><U34/><E34/><V107/><F107/><W77/><G77/><T87/><D87/><U66/><E22/><V1/><F1/><W24/><G40/><T115/><D85/><U26/><E74/><V110/><F110/><W28/><G124/><AGARI ba="0,0" hai="18,20,26,44,46,57,61,66,124,126,127" m="50335" machi="124" ten="30,1500,0" yaku="18,1" doraHai="111,33" who="1" fromWho="3" sc="190,0,370,15,220,0,220,-15" /><INIT seed="1,1,0,0,3,73" ten="190,385,220,205" oya="1" hai0="35,95,44,17,94,36,1,107,59,70,117,123,18" hai1="20,135,96,80,77,114,45,78,130,111,57,11,92" hai2="64,28,86,2,134,39,0,30,75,82,31,37,132" hai3="108,29,119,14,42,5,79,122,103,50,8,54,65"/><U56/><E114/><V104/><F104/><W10/><G122/><T38/><D117/><U47/><E130/><V53/><F75/><W118/><G108/><T58/><D123/><U85/><E111/><V71/><F53/><W93/><G65/><T21/><D107/><U4/><E135/><N who="2" m="51755" /><F71/><W22/><G42/><T13/><D35/><U66/><E20/><V60/><F60/><W25/><G10/><T9/><D70/><U99/><E99/><V7/><F64/><W67/><G67/><T102/><D1/><N who="2" m="618" /><F7/><W32/><G32/><T34/><D34/><U127/><E127/><V72/><F72/><W89/><G103/><T6/><D6/><U87/><E47/><V120/><F120/><W133/><G133/><T115/><D115/><U98/><E45/><V12/><F12/><W83/><G54/><T15/><D44/><U19/><E4/><V46/><F46/><W105/><G105/><T81/><D102/><N who="1" m="60679" /><E98/><V62/><F62/><W49/><G118/><T23/><D9/><U27/><E66/><V101/><F101/><W91/><G119/><T16/><D18/><U33/><E33/><V76/><AGARI ba="1,0" hai="28,30,31,37,39,76,82,86" m="618,51755" machi="76" ten="40,2700,0" yaku="20,1,52,1" doraHai="73" who="2" fromWho="2" sc="190,-8,385,-14,220,30,205,-8" /><INIT seed="2,0,0,5,0,73" ten="182,371,250,197" oya="2" hai0="27,12,42,49,8,29,64,17,74,71,40,70,116" hai1="117,127,26,130,41,87,72,128,88,75,48,84,76" hai2="51,6,133,123,35,126,78,134,47,125,4,43,68" hai3="91,60,59,13,83,52,85,34,107,129,38,22,132"/><V135/><F68/><W44/><G34/><T81/><D116/><U98/><E117/><V111/><F35/><W124/><G107/><T10/><D49/><U37/><E37/><V61/><F123/><W63/><G124/><N who="2" m="47721" /><F61/><W100/><G100/><T33/><D8/><U89/><E127/><V115/><F115/><W86/><G129/><N who="1" m="49770" /><E26/><V105/><F105/><W82/><G132/><T121/><D121/><U19/><E19/><V24/><F24/><W118/><G118/><T119/><D119/><U32/><E32/><V104/><F104/><W55/><G38/><T16/><D17/><U28/><E28/><V3/><F111/><W122/><G122/><T80/><D64/><U67/><E67/><V18/><F18/><N who="3" m="10575" /><G44/><T79/><REACH who="0" step="1"/><D80/><REACH who="0" ten="172,371,250,197" step="2"/><N who="1" m="47111" /><E48/><V9/><F6/><W39/><G39/><T53/><D53/><N who="3" m="20553" /><G59/><T101/><D101/><U62/><E62/><V99/><F134/><W25/><G25/><T66/><D66/><U45/><E45/><V102/><F133/><W14/><G14/><T56/><D56/><U97/><E41/><AGARI ba="0,1" hai="10,12,16,27,29,33,40,41,42,70,71,74,79,81" machi="41" ten="40,8000,1" yaku="1,1,52,1,54,1,53,1" doraHai="73" doraHaiUra="7" who="0" fromWho="1" sc="172,90,371,-80,250,0,197,0" /><INIT seed="3,0,0,2,1,13" ten="262,291,250,197" oya="3" hai0="10,54,62,109,52,53,101,28,4,132,72,114,126" hai1="135,94,84,85,36,68,56,99,108,121,80,50,31" hai2="116,105,119,86,69,5,120,102,110,48,130,21,81" hai3="107,8,35,76,89,12,43,57,91,3,95,112,20"/><W26/><G112/><T41/><D109/><U55/><E121/><V7/><F110/><W70/><G70/><T47/><D126/><U88/><E108/><V63/><F120/><W29/><G107/><T42/><D132/><U92/><E68/><V97/><F130/><W60/><G76/><T49/><D114/><U117/><E36/><V106/><F106/><W23/><G43/><T39/><D72/><U61/><E135/><V44/><F7/><W37/><G37/><T128/><D28/><U83/><E117/><V125/><F125/><W82/><G82/><T38/><D101/><U11/><E31/><V103/><F103/><W96/><G89/><T33/><D33/><U118/><E118/><V127/><F127/><W74/><G3/><T134/><D134/><U25/><E25/><V66/><F21/><W1/><G1/><T75/><D75/><U2/><E61/><V24/><F24/><W9/><G74/><T58/><D128/><U124/><E124/><V59/><F5/><W78/><G78/><T131/><D131/><U122/><E122/><V40/><REACH who="2" step="1"/><F69/><REACH who="2" ten="262,291,240,197" step="2"/><W46/><G9/><T87/><D10/><U73/><E11/><V65/><F65/><W133/><G133/><T16/><D4/><U30/><E2/><V79/><AGARI ba="0,1" hai="40,44,48,59,63,66,79,81,86,97,102,105,116,119" machi="79" ten="20,2700,0" yaku="1,1,0,1,7,1,53,0" doraHai="13" doraHaiUra="64" who="2" fromWho="2" sc="262,-7,291,-7,240,37,197,-13" /><INIT seed="4,0,0,1,0,33" ten="255,284,277,184" oya="0" hai0="30,87,7,113,110,133,40,45,57,8,18,111,37" hai1="100,121,65,47,1,116,83,56,38,64,109,102,92" hai2="94,61,36,117,82,71,76,86,135,27,131,2,13" hai3="125,119,74,104,3,32,43,81,115,75,35,19,24"/><T6/><D113/><U26/><E109/><N who="0" m="41481" /><D133/><U78/><E116/><V16/><F36/><W130/><G43/><T129/><D129/><U126/><E121/><V79/><F131/><W52/><G104/><T85/><D30/><U72/><E126/><V93/><F135/><W5/><G130/><T132/><D132/><U15/><E15/><V118/><F79/><W23/><G119/><N who="2" m="45577" /><F27/><W14/><G115/><T123/><D123/><U103/><E26/><V63/><F2/><W99/><G99/><T46/><D57/><U84/><E56/><V21/><F71/><W11/><G125/><T98/><D98/><U51/><E38/><V122/><F122/><W77/><G74/><T55/><D55/><U114/><E1/><V22/><F22/><W68/><G68/><T80/><D46/><U112/><E112/><V105/><F105/><W10/><REACH who="3" step="1"/><G52/><REACH who="3" ten="255,284,277,174" step="2"/><T53/><D53/><N who="1" m="29951" /><E72/><V73/><F73/><W67/><G67/><N who="1" m="25674" /><E114/><V91/><F63/><W60/><G60/><T17/><D85/><U4/><E4/><AGARI ba="0,1" hai="3,4,5,10,11,14,19,23,24,32,35,75,77,81" machi="4" ten="30,3900,0" yaku="1,1,7,1,52,1,53,0" doraHai="33" doraHaiUra="70" who="3" fromWho="1" sc="255,0,284,-39,277,0,174,49" /><INIT seed="5,0,0,5,2,6" ten="255,245,277,223" oya="1" hai0="55,12,106,10,67,109,127,84,90,16,0,45,43" hai1="79,96,40,35,110,68,24,1,39,114,65,5,108" hai2="87,119,59,36,61,38,66,128,88,57,111,133,52" hai3="83,21,123,101,3,97,130,113,71,134,104,112,37"/><U51/><E114/><N who="3" m="44138" /><G37/><T53/><D109/><N who="1" m="42091" /><E51/><V49/><F119/><W54/><G71/><T8/><D106/><U125/><E125/><V30/><F111/><W69/><G69/><T63/><D127/><U19/><E79/><V25/><F128/><W93/><G3/><T86/><D0/><U73/><E73/><V32/><REACH who="2" step="1"/><F133/><REACH who="2" ten="255,245,267,223" step="2"/><W23/><G134/><T120/><D120/><U124/><E124/><V42/><F42/><W85/><G130/><T34/><D34/><U29/><E40/><V76/><F76/><N who="3" m="46311" /><G123/><T9/><D43/><U41/><E41/><V78/><F78/><W100/><G54/><T48/><D55/><U58/><E35/><V47/><F47/><W131/><G131/><T62/><D86/><U126/><E126/><V94/><AGARI ba="0,1" hai="25,30,32,36,38,49,52,57,59,61,66,87,88,94" machi="94" ten="20,8000,1" yaku="1,1,0,1,7,1,54,2,53,0" doraHai="6" doraHaiUra="117" who="2" fromWho="2" sc="255,-20,245,-40,267,90,223,-20" /><INIT seed="6,0,0,1,3,20" ten="235,205,357,203" oya="2" hai0="101,84,126,3,10,28,60,29,21,35,81,24,56" hai1="87,46,55,5,59,121,122,123,102,96,51,130,62" hai2="127,115,47,120,48,79,132,16,94,58,82,75,7" hai3="36,12,88,45,77,31,133,119,112,63,95,57,129"/><V9/><F120/><W68/><G119/><T73/><D73/><U109/><E109/><V23/><F115/><W0/><G0/><T134/><D126/><U103/><E130/><V117/><F117/><W76/><G129/><T11/><D134/><U93/><E5/><V114/><F114/><W108/><G68/><T26/><D101/><U14/><E87/><V34/><F34/><W110/><G112/><T78/><REACH who="0" step="1"/><D3/><REACH who="0" ten="225,205,357,203" step="2"/><U49/><E103/><V54/><F132/><W104/><G133/><T116/><D116/><U61/><REACH who="1" step="1"/><E14/><REACH who="1" ten="225,195,357,203" step="2"/><V91/><F75/><W52/><G12/><T38/><D38/><U100/><E100/><V65/><F127/><W128/><G128/><T64/><AGARI ba="0,2" hai="10,11,21,24,26,28,29,35,56,60,64,78,81,84" machi="64" ten="20,8000,1" yaku="1,1,0,1,7,1,52,2,53,0" doraHai="20" doraHaiUra="39" who="0" fromWho="0" sc="225,100,195,-20,357,-40,203,-20" /><INIT seed="7,0,0,5,0,29" ten="325,175,317,183" oya="3" hai0="9,109,15,85,20,36,43,113,126,133,121,98,79" hai1="30,78,92,99,83,38,3,46,39,25,114,4,6" hai2="19,75,95,86,40,62,82,5,135,31,49,37,18" hai3="91,110,123,57,59,87,50,103,21,104,65,32,108"/><W74/><G74/><T16/><D109/><N who="3" m="42089" /><G123/><T127/><D121/><U117/><E114/><V55/><F75/><W76/><G76/><T10/><D133/><U12/><E3/><V42/><F135/><W124/><G124/><N who="0" m="47659" /><D98/><U132/><E132/><V22/><F5/><W93/><G65/><T69/><D69/><U17/><E117/><V66/><F37/><W77/><G104/><T131/><D131/><U11/><E46/><V106/><F106/><W60/><G103/><T45/><D113/><U54/><E54/><V61/><F66/><N who="3" m="39183" /><G77/><T0/><D0/><U125/><E125/><V119/><F119/><W8/><G8/><T26/><D26/><U120/><E120/><V51/><F42/><W68/><G68/><T80/><AGARI ba="0,0" hai="9,10,15,16,20,36,43,45,79,80,85" m="47659" machi="80" ten="30,2000,0" yaku="18,1,54,1" doraHai="29" who="0" fromWho="0" sc="325,20,175,-5,317,-5,183,-10" owari="345,44.5,170,-33.0,312,11.2,173,-22.7" /></mjloggm>