<mjloggm ver="2.3"><GO type="169" lobby="0"/><UN n0="%65%6B%61%72%75%74%65" n1="%E6%B8%85%E9%A2%A8%E5%8C%97" n2="%71%75%65%79%69%6D%65%6E" n3="%4A%4B%E3%81%97%E3%82%8D%E3%81%BE%E3%82%8B" dan="16,16,16,16" rate="2092.40,2181.05,2128.91,2134.91" sx="M,F,M,F"/><TAIKYOKU oya="0"/><INIT seed="0,0,0,1,4,15" ten="250,250,250,250" oya="0" hai0="63,110,126,82,19,47,102,119,74,103,11,68,26" hai1="21,3,101,114,41,24,42,4,131,59,129,39,122" hai2="37,52,8,65,5,79,56,134,2,49,33,91,12" hai3="7,18,117,77,127,17,108,45,112,1,78,70,105"/><T14/><D119/><U43/><E122/><V57/><F134/><W23/><G70/><T72/><D126/><U0/><E114/><V53/><F33/><W135/><G105/><T32/><D110/><U61/><E101/><V107/><F37/><W133/><G112/><T97/><D47/><U86/><E39/><V16/><F107/><W13/><G117/><T130/><D130/><N who="1" m="49675" /><E86/><V27/><F79/><W38/><G108/><T95/><D102/><U96/><E96/><V50/><F65/><W132/><G127/><T81/><D74/><U120/><E4/><V51/><F91/><W121/><G121/><T104/><D95/><U64/><E120/><V25/><F51/><W31/><G31/><AGARI ba="0,0" hai="0,3,21,24,31,41,42,43,59,61,64" m="49675" machi="31" ten="30,1000,0" yaku="19,1" doraHai="15" who="1" fromWho="3" sc="250,0,250,10,250,0,250,-10" /><INIT seed="1,0,0,1,3,70" ten="250,260,250,240" oya="1" hai0="122,132,102,89,19,76,24,12,78,25,9,57,82" hai1="106,123,71,13,10,119,116,27,131,45,68,66,3" hai2="115,17,75,32,52,41,95,55,26,54,84,31,133" hai3="129,108,85,135,126,59,43,73,114,23,80,128,65"/><U96/><E123/><V36/><F75/><W93/><G114/><T120/><D132/><U111/><E131/><V103/><F133/><W130/><G135/><T109/><D109/><U5/><E111/><V6/><F115/><W125/><G108/><T88/><D102/><U60/><E71/><V94/><F6/><W79/><G43/><T110/><D110/><U134/><E134/><V29/><F29/><W124/><G23/><T69/><D69/><U39/><E13/><V28/><F28/><W118/><G118/><T100/><D100/><N who="1" m="62727" /><E27/><V62/><F62/><N who="3" m="38111" /><G93/><T51/><D120/><U91/><E91/><N who="0" m="34889" /><D122/><U92/><E92/><V14/><F84/><AGARI ba="0,0" hai="73,79,80,84,85,124,125,126,128,129,130" m="38111" machi="84" ten="40,2600,0" yaku="18,1,19,1" doraHai="70" who="3" fromWho="2" sc="250,0,260,0,250,-26,240,26" /><INIT seed="2,0,0,5,4,106" ten="250,260,224,266" oya="2" hai0="107,67,105,88,63,30,50,40,21,89,98,135,49" hai1="119,44,16,54,114,4,12,80,103,57,111,87,0" hai2="133,113,45,48,110,121,73,94,9,14,99,86,29" hai3="91,75,19,61,124,130,131,43,70,92,24,127,78"/><V123/><F113/><W28/><G19/><T85/><D135/><U90/><E114/><V53/><F133/><W84/><G43/><T128/><D128/><N who="3" m="49193" /><G70/><T31/><D40/><U27/><E119/><V15/><F29/><W122/><G61/><T60/><D98/><U1/><E111/><V42/><F110/><W126/><G122/><T109/><D85/><U55/><E103/><V41/><F86/><W46/><G46/><T13/><D109/><U39/><E27/><V93/><F93/><W69/><G69/><T35/><D13/><U74/><E74/><V64/><F15/><W108/><G108/><T104/><D21/><U10/><E4/><V83/><F64/><W68/><G68/><T134/><D134/><U17/><E17/><V100/><F123/><W118/><G118/><T11/><D105/><U129/><E129/><V6/><REACH who="2" step="1"/><F121/><REACH who="2" ten="250,260,214,266" step="2"/><W5/><G28/><T23/><D67/><U76/><E76/><AGARI ba="0,1" hai="6,9,14,41,42,45,48,53,73,76,83,94,99,100" machi="76" ten="40,7700,0" yaku="1,1,2,1,52,1,53,0" doraHai="106" doraHaiUra="59" who="2" fromWho="1" sc="250,0,260,-77,214,87,266,0" /><INIT seed="2,1,0,5,2,121" ten="250,183,301,266" oya="2" hai0="0,130,41,37,68,31,93,116,86,43,122,1,35" hai1="57,85,13,67,16,47,48,50,60,100,62,126,72" hai2="53,108,105,25,127,125,73,88,8,97,10,81,94" hai3="30,77,32,59,106,74,61,52,83,29,4,111,56"/><V95/><F105/><W38/><G106/><T6/><D122/><U9/><E72/><V40/><F40/><W110/><G38/><T3/><D68/><U91/><E126/><N who="2" m="48139" /><F53/><W18/><G4/><T113/><D113/><U101/><E50/><V123/><F123/><W132/><G132/><T76/><D130/><U21/><E62/><V98/><F25/><W78/><G78/><T79/><D31/><U24/><E48/><V84/><F73/><W54/><G18/><T92/><D35/><U39/><E39/><V102/><F108/><N who="3" m="41515" /><G32/><T12/><D43/><U112/><E47/><V69/><F69/><W63/><AGARI ba="1,0" hai="29,30,52,54,56,59,61,63,74,77,83" m="41515" machi="63" ten="30,8000,1" yaku="14,1,52,3,54,1" doraHai="121" who="3" fromWho="3" sc="250,-21,183,-21,301,-41,266,83" /><INIT seed="3,0,0,3,5,66" ten="229,162,260,349" oya="3" hai0="133,8,67,75,80,86,50,118,24,53,29,26,11" hai1="54,1,110,70,31,63,124,98,51,69,4,5,108" hai2="61,127,38,106,83,95,19,56,41,116,109,32,16" hai3="72,30,49,64,58,28,107,132,131,7,18,79,48"/><W10/><G107/><T125/><D118/><U33/><E124/><V21/><F106/><W120/><G120/><T60/><D75/><U45/><E98/><V122/><F32/><W135/><G18/><T62/><D133/><N who="3" m="51273" /><G131/><T88/><D125/><U73/><E63/><V52/><F127/><W129/><G129/><T35/><D26/><N who="1" m="18679" /><E73/><V82/><F116/><W36/><G36/><T14/><D67/><U134/><E134/><V115/><F115/><W126/><G126/><T113/><D113/><U91/><E91/><V25/><F109/><N who="1" m="42089" /><E1/><V22/><F122/><W100/><G100/><T105/><D105/><U34/><E34/><V85/><F38/><W81/><G64/><T99/><D99/><U90/><E90/><N who="2" m="53711" /><F41/><W20/><G30/><T123/><D123/><U71/><AGARI ba="0,0" hai="4,5,45,51,54,69,70,71" m="42089,18679" machi="71" ten="40,8000,1" yaku="14,1,52,3" doraHai="66" who="1" fromWho="1" sc="229,-20,162,80,260,-20,349,-40" /><INIT seed="4,0,0,2,1,110" ten="209,242,240,309" oya="0" hai0="112,57,1,54,55,45,40,104,130,24,33,135,51" hai1="88,52,49,61,103,16,29,120,92,32,2,106,62" hai2="84,58,42,133,79,41,89,48,22,134,125,21,124" hai3="6,78,17,117,119,100,37,121,101,116,128,70,87"/><T20/><D104/><U66/><E120/><V47/><F79/><W59/><G70/><T75/><D33/><U122/><E2/><V7/><F7/><W4/><G37/><T0/><D75/><U107/><E122/><V56/><F21/><W90/><G121/><T23/><D130/><U8/><E32/><V31/><F22/><W123/><G123/><T127/><D127/><N who="2" m="48714" /><F31/><W11/><G128/><T131/><D131/><U73/><E73/><V98/><F98/><W18/><G78/><T114/><D135/><N who="2" m="51722" /><F41/><W19/><G6/><T95/><D95/><AGARI ba="0,0" hai="42,47,48,56,58,84,89,95" m="51722,48714" machi="95" ten="30,2000,0" yaku="18,1,20,1" doraHai="110" who="2" fromWho="0" sc="209,-20,242,0,240,20,309,0" /><INIT seed="5,0,0,1,0,56" ten="189,242,260,309" oya="1" hai0="98,74,62,28,70,76,101,75,95,77,81,69,25" hai1="68,90,2,35,29,127,110,124,1,94,104,37,6" hai2="130,14,85,129,119,79,83,115,17,108,60,19,44" hai3="86,36,40,31,125,128,84,135,53,0,38,118,7"/><U78/><E37/><V122/><F108/><W112/><G31/><T72/><D77/><U89/><E104/><V120/><F119/><W93/><G53/><T133/><D133/><U97/><E110/><V30/><F30/><W48/><G135/><T43/><D43/><U80/><E68/><V65/><F44/><W131/><G112/><T64/><REACH who="0" step="1"/><D70/><REACH who="0" ten="179,242,260,309" step="2"/><U10/><E78/><V18/><F115/><W96/><G40/><T3/><D3/><U91/><E2/><V33/><F14/><W42/><G42/><T12/><D12/><U109/><E109/><V88/><F79/><W71/><G71/><T106/><D106/><U49/><E124/><V51/><F33/><AGARI ba="0,1" hai="25,28,33,62,64,69,72,74,75,76,81,95,98,101" machi="33" ten="30,3900,0" yaku="1,1,7,1,52,1,53,0" doraHai="56" doraHaiUra="114" who="0" fromWho="2" sc="179,49,242,0,260,-39,309,0" /><INIT seed="6,0,0,5,0,38" ten="228,242,221,309" oya="2" hai0="97,72,54,34,90,125,107,14,8,10,9,45,33" hai1="115,47,101,58,113,68,13,12,26,118,133,70,130" hai2="104,102,29,122,93,23,32,135,35,44,76,74,92" hai3="75,31,129,128,87,84,55,16,121,80,15,30,110"/><V132/><F122/><W117/><G110/><T106/><D72/><U61/><E118/><V66/><F104/><W25/><G117/><T108/><D108/><U124/><E124/><V51/><F66/><W41/><G121/><T59/><D125/><U105/><E133/><N who="2" m="51275" /><F74/><W60/><G41/><T63/><D14/><U83/><E83/><V2/><F76/><W21/><G31/><T119/><D119/><U82/><E82/><V65/><F65/><W52/><G75/><T56/><D56/><U42/><E130/><N who="3" m="50282" /><G60/><T67/><D106/><U48/><E26/><N who="2" m="16607" /><F2/><W123/><G123/><T53/><D67/><N who="1" m="39351" /><E101/><V24/><F24/><W18/><G18/><T1/><D1/><U17/><E105/><V27/><F27/><W5/><G5/><T81/><D107/><U98/><E17/><V134/><N who="2" m="51283" /><V0/><DORA hai="85" /><F0/><W11/><G87/><T22/><D34/><N who="2" m="12842" /><F102/><W112/><G112/><N who="1" m="43082" /><E98/><V126/><F126/><W127/><G127/><T20/><D33/><U39/><E39/><V86/><F86/><W71/><G71/><AGARI ba="0,0" hai="12,13,42,47,48,68,70,71" m="43082,39351" machi="71" ten="30,2000,0" yaku="15,1,52,1" doraHai="38,85" who="1" fromWho="3" sc="228,0,242,20,221,0,309,-20" /><INIT seed="7,0,0,4,4,3" ten="228,262,221,289" oya="3" hai0="134,85,20,39,81,116,68,29,18,38,26,6,51" hai1="132,105,72,58,2,90,28,53,15,86,37,135,54" hai2="48,10,76,35,45,11,12,4,57,61,88,119,127" hai3="71,102,74,83,125,80,33,89,107,19,50,101,62"/><W66/><G33/><T120/><D116/><U122/><E2/><V99/><F119/><W109/><G107/><T96/><D120/><U36/><E122/><V43/><F35/><W49/><G125/><T77/><D68/><U91/><E72/><V75/><F127/><W70/><G109/><T115/><D134/><N who="1" m="51243" /><E105/><V79/><F75/><W40/><G40/><T129/><D129/><U22/><E91/><V112/><F112/><W59/><G71/><T16/><D115/><U13/><E54/><N who="2" m="33975" /><F11/><W27/><G70/><T7/><D39/><N who="1" m="14923" /><E22/><V126/><F126/><W78/><G102/><T64/><D38/><U25/><E25/><V1/><F1/><W32/><G101/><T17/><D64/><U97/><E28/><V34/><F34/><W103/><G103/><T44/><D96/><U14/><E97/><V84/><F99/><W5/><G27/><T56/><D56/><U67/><E67/><V118/><F118/><W108/><G59/><T106/><D106/><U130/><E130/><V73/><F73/><W111/><G32/><T104/><D104/><U124/><E124/><V24/><F24/><W55/><G74/><T23/><D23/><U117/><E117/><V31/><F31/><W47/><G66/><T0/><D0/><U8/><E58/><V121/><F121/><W123/><G123/><T113/><D113/><U128/><E128/><V30/><F30/><W63/><G111/><T100/><D100/><U82/><E53/><AGARI ba="0,0" hai="6,7,16,17,18,20,26,29,44,51,53,77,81,85" machi="53" ten="40,8000,1" yaku="8,1,52,2,54,1" doraHai="3" who="0" fromWho="1" sc="228,80,262,-80,221,0,289,0" owari="308,40.8,182,-31.8,221,-17.9,289,8.9" /></mjloggm>