<mjloggm ver="2.3"><GO type="169" lobby="0"/><UN n0="%43%55%4B%45%59" n1="%E5%B0%8F%E7%81%AB%E4%BA%BA%73%73" n2="%E9%BB%92%E6%B2%A2%E7%BE%A9%E6%98%8E" n3="%E3%82%AB%E3%83%AB%E3%83%94%E3%82%B9%E3%82%B5%E3%83%AF%E3%83%BC" dan="16,16,17,17" rate="2037.61,2065.49,2212.30,2231.47" sx="M,M,M,M"/><TAIKYOKU oya="0"/><INIT seed="0,0,0,4,1,73" ten="250,250,250,250" oya="0" hai0="105,80,75,85,92,113,19,23,120,77,44,28,49" hai1="103,108,129,72,36,98,82,57,131,60,78,100,102" hai2="39,66,97,54,52,93,133,62,14,79,89,59,20" hai3="33,111,29,125,47,4,126,94,48,42,26,41,117"/><T2/><D120/><U101/><E36/><V83/><F39/><W51/><G117/><T53/><D113/><U24/><E24/><V74/><REACH who="2" step="1"/><F133/><REACH who="2" ten="250,250,240,250" step="2"/><W8/><G111/><T38/><D38/><U109/><E60/><V55/><F55/><W90/><G42/><T71/><D71/><U7/><E7/><V91/><F91/><W88/><G48/><T58/><D105/><N who="1" m="63639" /><E57/><V124/><F124/><W46/><G46/><T63/><D2/><U115/><E115/><V34/><F34/><W134/><G134/><T21/><D28/><U45/><E45/><V32/><F32/><W76/><G90/><T35/><D35/><U22/><E22/><V61/><F61/><W118/><G118/><T67/><D23/><U69/><E69/><V123/><F123/><W104/><G104/><T127/><D127/><U31/><E31/><V13/><F13/><W122/><G122/><T70/><D70/><U12/><E12/><V106/><F106/><W56/><G56/><T10/><D10/><U110/><AGARI ba="0,1" hai="72,78,82,101,102,103,108,109,110,129,131" m="63639" machi="110" ten="40,8000,1" yaku="14,1,34,2,52,1" doraHai="73" who="1" fromWho="1" sc="250,-40,250,90,240,-20,250,-20" /><INIT seed="1,0,0,3,2,36" ten="210,340,220,230" oya="1" hai0="92,130,118,38,24,41,3,21,27,133,56,22,46" hai1="72,32,111,134,55,105,113,85,90,131,101,8,44" hai2="77,107,40,123,53,74,82,96,80,104,87,12,126" hai3="58,35,5,127,20,69,37,16,121,88,52,119,57"/><U122/><E122/><V23/><F123/><W99/><G35/><T125/><D133/><U84/><E72/><V115/><F126/><W106/><G69/><T48/><D125/><U64/><E113/><V110/><F110/><W30/><G127/><T28/><D130/><U79/><E111/><V2/><F2/><W1/><G121/><T18/><D118/><U34/><E79/><V51/><F115/><W61/><G30/><T54/><D3/><U132/><E64/><V83/><F83/><W81/><G37/><T89/><D38/><U4/><E131/><V19/><F96/><W114/><G114/><T50/><D92/><U63/><E101/><V120/><F120/><W59/><G119/><T86/><D86/><U60/><E85/><V42/><F107/><W75/><G5/><T112/><D112/><U129/><E105/><V0/><F0/><W17/><G17/><T15/><REACH who="0" step="1"/><D89/><REACH who="0" ten="200,340,220,230" step="2"/><U73/><E90/><V109/><F109/><W33/><G1/><T9/><D9/><U67/><E84/><V13/><F104/><W47/><G106/><T10/><D10/><U11/><E11/><V43/><F82/><W135/><G135/><N who="1" m="51754" /><E129/><V97/><F97/><W26/><G99/><T124/><D124/><U25/><E73/><V117/><F117/><W29/><G88/><T65/><D65/><U68/><E67/><V100/><F74/><W45/><G75/><T128/><D128/><U62/><E8/><V49/><F100/><W6/><G81/><T66/><D66/><U93/><E93/><V95/><F95/><W31/><G6/><T76/><D76/><RYUUKYOKU ba="0,1" sc="200,30,340,-10,220,-10,230,-10" hai0="15,18,21,22,24,27,28,41,46,48,50,54,56" /><INIT seed="2,1,1,1,4,116" ten="230,330,210,220" oya="2" hai0="54,131,43,0,69,8,78,58,36,66,102,62,4" hai1="51,37,122,128,32,49,103,63,87,112,99,88,95" hai2="53,101,52,90,29,12,123,129,118,120,77,75,28" hai3="34,1,27,91,109,98,55,24,72,46,73,74,94"/><V76/><F118/><W9/><G109/><T39/><D131/><U89/><E112/><V59/><F101/><W125/><G125/><T44/><D78/><U23/><E32/><V25/><F129/><W124/><G124/><T133/><D133/><U97/><E37/><V40/><F40/><W83/><G34/><T64/><D102/><U50/><E122/><V130/><F130/><W68/><G68/><T108/><D39/><U14/><E128/><V60/><F12/><W3/><G83/><T21/><D108/><U45/><E63/><V84/><F53/><W106/><G106/><T121/><D21/><U119/><E119/><V70/><F70/><W113/><G113/><T96/><D96/><U117/><E117/><V41/><F41/><W20/><G9/><T86/><D86/><U22/><E45/><V42/><F42/><W71/><G71/><T56/><D56/><U15/><E99/><V48/><F60/><W30/><G27/><T65/><REACH who="0" step="1"/><D121/><REACH who="0" ten="220,330,210,220" step="2"/><U16/><E87/><V104/><F104/><W38/><G38/><T7/><D7/><U2/><E2/><V100/><F100/><W61/><G46/><T6/><D6/><U31/><E31/><V80/><F29/><W107/><G107/><T134/><D134/><U17/><AGARI ba="1,2" hai="14,15,16,17,22,23,49,50,51,88,89,95,97,103" machi="17" ten="30,8000,1" yaku="0,1,9,1,8,1,54,2" doraHai="116" who="1" fromWho="1" sc="220,-21,330,103,210,-41,220,-21" /><INIT seed="3,0,0,4,5,115" ten="199,433,169,199" oya="3" hai0="134,55,122,72,113,109,95,88,10,132,85,42,130" hai1="45,102,124,79,30,58,17,90,63,128,9,8,19" hai2="7,123,2,71,26,118,6,61,37,18,3,103,31" hai3="129,44,39,126,54,117,40,52,24,14,104,98,69"/><W11/><G69/><T0/><D122/><U16/><E124/><V70/><F37/><W112/><G112/><T108/><D113/><U41/><E128/><V97/><F123/><W59/><G129/><T114/><D114/><U33/><E102/><V13/><F3/><W68/><G68/><T80/><D42/><U82/><E90/><V93/><F2/><W4/><G126/><T74/><D55/><U22/><E33/><V86/><F86/><W38/><G38/><T73/><D130/><U28/><E9/><V27/><F71/><W91/><G117/><T131/><D131/><U76/><E8/><V100/><F100/><W34/><G104/><T101/><D10/><U83/><E22/><V87/><F87/><W106/><G106/><T49/><D49/><N who="1" m="26799" /><E82/><V23/><F118/><W35/><G24/><T60/><D60/><U105/><E105/><V121/><F27/><W48/><REACH who="3" step="1"/><G54/><REACH who="3" ten="199,433,169,189" step="2"/><T21/><D0/><U127/><E127/><V12/><F121/><W77/><G77/><T89/><D101/><U20/><E79/><V1/><F1/><W125/><G125/><T51/><D89/><U67/><E76/><V135/><F70/><W64/><G64/><T96/><D132/><U32/><E67/><V120/><F135/><W15/><G15/><T25/><D134/><U46/><E32/><N who="2" m="20599" /><F120/><W81/><G81/><T43/><D80/><U47/><E83/><V65/><F13/><W110/><G110/><T53/><D109/><U29/><E20/><V62/><F65/><W56/><G56/><N who="0" m="32831" /><D108/><U57/><E57/><V75/><F75/><N who="0" m="19202" /><T66/><DORA hai="116" /><D66/><RYUUKYOKU ba="0,1" sc="199,-30,433,10,169,10,189,10" hai1="16,17,19,28,29,30,46,47,58,63" hai2="6,7,12,18,23,61,62,93,97,103" hai3="4,11,14,34,35,39,40,44,48,52,59,91,98" /><INIT seed="3,1,1,3,0,107" ten="169,443,179,199" oya="3" hai0="22,98,113,32,60,27,55,4,124,38,8,5,82" hai1="89,44,88,35,15,73,39,52,26,128,41,53,104" hai2="112,80,110,25,122,90,46,6,71,119,99,132,49" hai3="111,68,123,66,48,24,18,86,1,58,108,115,84"/><W2/><G115/><T77/><D38/><U75/><E104/><V36/><F119/><W17/><G123/><T120/><D120/><U100/><E100/><V102/><F112/><W105/><G105/><T121/><D121/><U83/><E128/><V95/><F71/><W29/><G68/><T109/><D124/><U19/><E26/><V34/><F36/><W97/><G97/><T125/><D109/><N who="3" m="42057" /><G48/><T87/><D125/><U11/><E35/><V134/><F122/><W93/><G58/><N who="0" m="34911" /><D32/><U67/><E67/><V3/><F110/><W129/><G66/><T12/><D113/><U13/><E13/><V10/><F34/><N who="3" m="20775" /><G129/><T61/><D61/><U45/><E45/><V103/><F25/><W51/><G51/><T72/><D72/><U14/><E39/><V116/><F116/><W70/><G70/><T59/><D59/><U62/><E83/><V64/><F64/><W78/><G78/><T50/><D50/><U7/><E62/><V43/><REACH who="2" step="1"/><F80/><REACH who="2" ten="169,443,169,199" step="2"/><W21/><G1/><T96/><D4/><U133/><E7/><V40/><F40/><W130/><G2/><T16/><AGARI ba="1,2" hai="5,8,12,16,22,27,77,82,87,96,98" m="34911" machi="16" ten="30,2000,0" yaku="8,1,54,1" doraHai="107" who="0" fromWho="0" sc="169,43,443,-6,169,-6,199,-11" /><INIT seed="4,0,0,5,2,7" ten="212,437,163,188" oya="0" hai0="87,111,68,96,64,115,45,59,99,69,78,135,35" hai1="74,2,105,120,6,54,51,97,132,32,66,27,41" hai2="16,56,79,131,0,88,129,125,112,133,15,134,12" hai3="36,86,57,91,10,130,123,71,128,93,11,122,98"/><T82/><D115/><U50/><E74/><V67/><F0/><W124/><G71/><T126/><D135/><N who="2" m="51722" /><F79/><W8/><G36/><T18/><D126/><U55/><E120/><N who="3" m="46122" /><G124/><T61/><D111/><U70/><E32/><V62/><F125/><W108/><G108/><T30/><D68/><U90/><E27/><V5/><F112/><W49/><G98/><T75/><D75/><U80/><E41/><V34/><F34/><W44/><G57/><T72/><D72/><U3/><E66/><V107/><F107/><W20/><G20/><T19/><D69/><U17/><E80/><V118/><F118/><W60/><G60/><T100/><D96/><U33/><E17/><V4/><F12/><W25/><G25/><T1/><D1/><U22/><E33/><V121/><F121/><W109/><G109/><T85/><D35/><U110/><E105/><V53/><F67/><W102/><G102/><T94/><D30/><U103/><E110/><V104/><F104/><W38/><G38/><T39/><D87/><U77/><E77/><V76/><F76/><W13/><G13/><T24/><D24/><U127/><E3/><V73/><F73/><W52/><AGARI ba="0,0" hai="8,10,11,44,49,52,86,91,93,128,130" m="46122" machi="52" ten="40,8000,1" yaku="13,1,52,3,54,1" doraHai="7" who="3" fromWho="3" sc="212,-40,437,-20,163,-20,188,80" /><INIT seed="5,0,0,1,3,55" ten="172,417,143,268" oya="1" hai0="82,67,119,97,41,134,13,114,58,77,34,31,35" hai1="60,111,124,8,62,110,27,26,76,18,70,38,69" hai2="21,57,61,115,120,121,122,90,19,105,95,71,23" hai3="43,112,49,28,25,80,125,73,104,128,96,113,117"/><U10/><E38/><V87/><F105/><W1/><G1/><T17/><D119/><U45/><E45/><V16/><F71/><W107/><G117/><T52/><D114/><N who="3" m="44137" /><G128/><T32/><D134/><U133/><E76/><V126/><F115/><W33/><G125/><T0/><D0/><U24/><E124/><V46/><F126/><W100/><G43/><T53/><D41/><U14/><E10/><V81/><F46/><W74/><G49/><T9/><D97/><U15/><E15/><V130/><F130/><W4/><G4/><T135/><D135/><U94/><E94/><V6/><F6/><W131/><G131/><T54/><D67/><U3/><E3/><V30/><F81/><W37/><G37/><T79/><D31/><U116/><E116/><V64/><REACH who="2" step="1"/><F23/><REACH who="2" ten="172,417,133,268" step="2"/><W36/><G107/><T99/><D82/><U42/><E133/><V86/><F86/><W106/><G106/><T66/><REACH who="0" step="1"/><D99/><REACH who="0" ten="162,417,133,268" step="2"/><U91/><E110/><V12/><F12/><W5/><G80/><T89/><D89/><U108/><E91/><V29/><F29/><W56/><G28/><T109/><D109/><N who="1" m="42059" /><E42/><V50/><F50/><W51/><G36/><T132/><D132/><U59/><E62/><AGARI ba="0,2" hai="9,13,17,32,34,35,52,53,54,58,62,66,77,79" machi="62" ten="50,6400,0" yaku="1,1,52,1,54,1,53,0" doraHai="55" doraHaiUra="101" who="0" fromWho="1" sc="162,84,417,-64,133,0,268,0" /><INIT seed="6,0,0,5,2,34" ten="246,353,133,268" oya="2" hai0="104,94,103,61,111,46,120,2,36,73,117,14,130" hai1="67,85,126,18,82,43,88,116,7,89,40,132,112" hai2="27,131,92,123,55,57,45,15,97,84,107,106,119" hai3="4,12,87,0,3,99,35,20,13,51,121,50,39"/><V86/><F119/><W5/><G35/><T23/><D120/><U98/><E116/><V70/><F70/><W31/><G39/><T69/><D111/><U95/><E112/><V54/><F123/><W122/><G87/><T75/><D130/><U76/><E126/><V133/><F131/><W74/><G20/><T19/><D104/><U114/><E114/><V64/><F133/><W77/><G99/><T48/><D36/><U127/><E127/><V96/><F64/><W37/><G37/><T90/><D103/><U30/><E30/><V71/><F71/><W124/><G124/><T135/><D135/><U110/><E110/><V62/><F27/><W134/><G134/><T8/><D69/><U125/><E125/><V32/><F32/><W25/><G25/><T63/><D75/><U28/><E28/><V42/><F54/><W52/><G31/><T65/><D73/><U101/><E7/><V1/><F1/><W102/><G74/><T66/><D117/><U24/><E67/><N who="0" m="25609" /><D23/><N who="1" m="13431" /><E132/><V59/><F59/><W22/><G22/><T47/><D2/><U9/><E9/><V105/><F15/><W26/><G26/><T10/><D10/><U17/><E17/><V118/><F118/><W49/><G49/><T109/><D109/><U83/><E76/><V60/><F60/><N who="0" m="23114" /><D48/><U115/><E115/><V56/><F56/><W80/><G102/><T11/><D11/><U68/><E68/><V129/><F129/><W16/><G121/><T44/><D44/><U58/><E58/><V79/><F79/><W53/><G122/><T6/><D19/><U93/><E101/><RYUUKYOKU ba="0,0" sc="246,15,353,15,133,-15,268,-15" hai0="6,8,14,46,47,90,94" hai1="40,43,82,83,85,88,89,93,95,98" /><INIT seed="7,1,0,2,0,106" ten="261,368,118,253" oya="3" hai0="104,7,107,131,3,1,76,105,91,78,116,77,47" hai1="22,95,53,59,68,6,35,90,56,101,125,61,96" hai2="17,112,41,98,103,18,30,16,12,32,43,73,92" hai3="130,40,45,94,42,24,66,63,114,0,99,117,37"/><W102/><G117/><T122/><D116/><U75/><E35/><V2/><F2/><W126/><G0/><T36/><D122/><U71/><E75/><V27/><F12/><W13/><G114/><T65/><D65/><U8/><E125/><V113/><REACH who="2" step="1"/><F73/><REACH who="2" ten="261,368,108,253" step="2"/><W128/><G13/><T120/><D1/><U84/><E6/><V54/><F54/><W100/><G128/><T133/><D131/><U70/><E8/><V26/><F26/><W20/><G130/><T21/><D7/><U111/><E53/><V44/><F44/><W87/><G45/><T52/><D3/><U5/><E5/><V89/><F89/><W48/><G24/><T72/><D91/><U34/><E90/><V57/><F57/><W9/><G9/><T46/><D72/><U135/><E59/><V80/><F80/><W15/><G15/><T132/><D52/><U31/><E56/><V14/><F14/><W51/><G126/><T74/><D74/><U119/><E71/><V110/><F110/><W25/><G25/><T123/><D47/><U83/><E83/><V82/><F82/><W129/><G129/><T118/><D46/><U55/><E70/><V67/><F67/><W49/><G66/><T60/><D123/><U134/><E55/><V79/><F79/><W58/><G58/><T64/><D120/><U50/><E68/><V19/><N who="2" m="4096" /><DORA hai="108" /><V81/><F81/><W62/><G49/><T85/><D64/><U109/><E50/><V69/><F69/><W11/><G51/><T4/><D76/><U29/><E109/><V97/><F97/><N who="3" m="59447" /><G48/><T124/><D77/><RYUUKYOKU ba="1,1" sc="261,-10,368,-10,108,30,253,-10" hai2="27,30,32,41,43,92,98,103,112,113" owari="251,5.1,368,46.8,138,-36.2,243,-15.7" /></mjloggm>