<mjloggm ver="2.3"><GO type="169" lobby="0"/><UN n0="%6D%61%74%74%75%61%6E" n1="%79%7A%68%61%6E%67" n2="%37%34%31%34%4E%6D%73%6C" n3="%5B%5B%79%75%79%75%5D%5D" dan="18,16,16,16" rate="2265.21,2173.24,2051.37,2127.58" sx="M,M,M,M"/><TAIKYOKU oya="0"/><INIT seed="0,0,0,5,5,31" ten="250,250,250,250" oya="0" hai0="89,28,27,125,32,108,85,21,59,19,54,80,45" hai1="3,46,69,29,18,70,101,2,30,6,50,113,134" hai2="39,66,92,71,40,132,130,14,117,57,116,48,55" hai3="9,52,35,100,75,37,83,60,120,41,8,73,109"/><T17/><D125/><U7/><E134/><V81/><F92/><W111/><G100/><T128/><D128/><U43/><E113/><V127/><F14/><W24/><G120/><T61/><D108/><N who="3" m="41545" /><G41/><T88/><D32/><U51/><E101/><V49/><F81/><W107/><G107/><T93/><REACH who="0" step="1"/><D45/><REACH who="0" ten="240,250,250,250" step="2"/><U23/><E46/><N who="2" m="23839" /><F130/><W10/><G37/><T76/><D76/><U44/><E44/><V65/><F127/><W26/><G35/><T129/><D129/><U34/><E34/><V94/><F132/><W67/><G67/><N who="2" m="25609" /><F71/><W53/><G75/><T106/><D106/><U22/><E43/><V96/><F94/><W124/><G124/><T122/><D122/><U131/><E131/><V74/><F74/><W77/><G60/><T104/><D104/><U38/><E38/><V56/><F96/><AGARI ba="0,1" hai="17,19,21,27,28,54,59,61,80,85,88,89,93,96" machi="96" ten="30,18000,2" yaku="1,1,7,1,8,1,54,1,53,2" doraHai="31" doraHaiUra="87" who="0" fromWho="2" sc="240,190,250,0,250,-180,250,0" /><INIT seed="0,1,0,4,0,8" ten="430,250,70,250" oya="0" hai0="101,38,84,18,130,55,105,106,109,53,16,77,80" hai1="5,15,51,24,89,100,66,78,69,90,40,88,29" hai2="49,92,10,86,93,25,64,120,117,50,72,20,94" hai3="27,60,37,73,35,123,71,39,33,17,74,41,48"/><T68/><D38/><U2/><E2/><V58/><F72/><W0/><G123/><T75/><D68/><U95/><E78/><V11/><F120/><W102/><G48/><T45/><D130/><U70/><E70/><V30/><F117/><W135/><G135/><T57/><D45/><N who="1" m="26023" /><E69/><V87/><F50/><W59/><G102/><T28/><D55/><U104/><E104/><V124/><F124/><W42/><G42/><T21/><D106/><U56/><E100/><V26/><F26/><W47/><G39/><T6/><D75/><U98/><E24/><V79/><F79/><W81/><G0/><T128/><D128/><U43/><E29/><V36/><F36/><W97/><G71/><T46/><D46/><U134/><E43/><V3/><F3/><W19/><G97/><T121/><D121/><U119/><E134/><V110/><F110/><W103/><G103/><T12/><D101/><U133/><E133/><V131/><F131/><W83/><G74/><T23/><D105/><U82/><E82/><V113/><F113/><W4/><G4/><T34/><D34/><U116/><E116/><V13/><F10/><W107/><G107/><T118/><D109/><U54/><E66/><V99/><F99/><W126/><G126/><T127/><D127/><U91/><E119/><V111/><F111/><W122/><G122/><T32/><D32/><N who="3" m="12361" /><G73/><T114/><D114/><U115/><E115/><V63/><REACH who="2" step="1"/><F49/><REACH who="2" ten="430,250,60,250" step="2"/><N who="3" m="26863" /><G27/><N who="0" m="16495" /><D118/><U96/><E96/><V132/><F132/><W1/><G1/><T61/><D23/><U44/><E98/><V108/><F108/><W67/><G37/><RYUUKYOKU ba="1,1" sc="430,10,250,-30,60,10,250,10" hai0="6,12,16,18,53,57,61,77,80,84" hai2="11,13,20,25,30,58,63,64,86,87,92,93,94" hai3="17,19,59,60,67,81,83" /><INIT seed="0,2,1,4,5,20" ten="440,220,70,260" oya="0" hai0="4,51,75,39,83,84,10,118,68,107,125,73,57" hai1="22,110,93,21,63,128,103,37,114,3,78,97,82" hai2="113,95,80,130,101,45,61,8,0,135,87,59,99" hai3="44,131,19,62,48,79,117,71,42,1,58,104,127"/><T40/><D118/><U74/><E110/><V67/><F113/><W90/><G117/><T94/><D107/><U124/><E114/><V89/><F130/><W72/><G104/><T91/><D68/><U66/><E128/><V41/><F135/><W85/><G1/><T53/><D125/><U23/><E3/><V7/><F45/><W70/><G131/><T88/><D39/><U76/><E37/><V129/><F129/><W98/><G127/><T105/><D105/><U96/><E124/><V54/><REACH who="2" step="1"/><F41/><REACH who="2" ten="440,220,60,260" step="2"/><W6/><G71/><T111/><D40/><U17/><E76/><V18/><F18/><W106/><G70/><T12/><REACH who="0" step="1"/><D111/><REACH who="0" ten="430,220,60,260" step="2"/><U50/><E17/><V122/><F122/><W15/><G19/><T9/><D9/><U28/><E28/><V133/><F133/><W112/><G112/><T126/><D126/><U109/><E109/><V27/><F27/><W13/><G42/><T69/><D69/><U11/><E11/><V64/><AGARI ba="2,3" hai="0,7,8,54,59,61,64,67,80,87,89,95,99,101" machi="64" ten="30,4000,0" yaku="1,1,0,1,53,1" doraHai="20" doraHaiUra="92" who="2" fromWho="2" sc="430,-22,220,-12,60,76,260,-12" /><INIT seed="1,0,0,1,1,113" ten="408,208,136,248" oya="1" hai0="88,69,10,62,61,5,3,25,14,8,131,91,50" hai1="96,125,93,123,17,48,7,72,119,59,82,4,129" hai2="95,32,31,110,2,90,63,76,67,130,38,20,29" hai3="6,83,49,80,45,85,70,54,74,11,108,22,79"/><U100/><E123/><V52/><F2/><W87/><G108/><T12/><D131/><U26/><E129/><V78/><F130/><W9/><G70/><T16/><D3/><U21/><E119/><V114/><F38/><W117/><G117/><T43/><D25/><U92/><E125/><V126/><F126/><W36/><G36/><T134/><D134/><U107/><E107/><V116/><F110/><W57/><G22/><T46/><D69/><U53/><E72/><V44/><F32/><W13/><G11/><T41/><D43/><U68/><E68/><V122/><F122/><W120/><G120/><T15/><D15/><U101/><REACH who="1" step="1"/><E82/><REACH who="1" ten="408,198,136,248" step="2"/><V133/><F116/><W55/><REACH who="3" step="1"/><G83/><REACH who="3" ten="408,198,136,238" step="2"/><T47/><D10/><U27/><E27/><V73/><F114/><W60/><AGARI ba="0,2" hai="6,9,13,45,49,54,55,57,60,74,79,80,85,87" machi="60" ten="20,5200,0" yaku="1,1,2,1,0,1,7,1,53,0" doraHai="113" doraHaiUra="39" who="3" fromWho="3" sc="408,-13,198,-26,136,-13,238,72" /><INIT seed="2,0,0,4,3,103" ten="395,172,123,310" oya="2" hai0="99,114,49,42,104,117,65,4,106,67,76,84,89" hai1="26,126,15,85,25,78,73,70,34,2,96,116,75" hai2="14,122,134,11,3,44,88,23,132,61,107,35,77" hai3="29,127,27,38,91,33,95,71,17,123,9,39,93"/><V63/><F122/><W58/><G71/><T92/><D114/><U31/><E2/><V130/><F35/><W135/><G135/><N who="2" m="51753" /><F77/><W60/><G127/><T101/><D117/><U28/><E116/><V109/><F130/><W22/><G9/><T125/><D125/><U43/><E126/><V115/><F115/><W80/><G80/><T59/><D4/><U13/><E70/><V64/><F109/><W0/><G0/><T74/><D106/><U133/><E133/><V87/><F3/><W36/><G91/><T100/><D101/><U46/><E96/><V90/><F23/><W24/><REACH who="3" step="1"/><G123/><REACH who="3" ten="395,172,123,300" step="2"/><T53/><D42/><U129/><E129/><V82/><F90/><W45/><G45/><T113/><D113/><U19/><E46/><V69/><F44/><W62/><G62/><T72/><D72/><U12/><E43/><V1/><F63/><W55/><AGARI ba="0,1" hai="17,22,24,27,29,33,36,38,39,55,58,60,93,95" machi="55" ten="30,2000,0" yaku="1,1,0,1,53,0" doraHai="103" doraHaiUra="131" who="3" fromWho="3" sc="395,-5,172,-5,123,-10,300,30" /><INIT seed="3,0,0,2,0,33" ten="390,167,113,330" oya="3" hai0="29,132,16,94,119,78,107,61,10,82,7,96,101" hai1="50,48,104,81,64,121,5,105,130,68,70,42,97" hai2="12,98,22,89,127,31,62,2,73,57,41,88,108" hai3="66,131,21,56,25,44,128,92,67,77,58,80,3"/><W84/><G44/><T99/><D119/><U135/><E121/><V116/><F73/><W30/><G92/><T133/><D29/><U124/><E130/><V59/><F116/><W37/><G37/><T102/><D61/><U123/><E123/><V11/><F108/><W43/><G43/><T79/><D16/><U129/><E129/><N who="3" m="49738" /><G3/><T112/><D112/><U38/><E135/><N who="0" m="51785" /><D82/><U45/><E81/><V15/><F127/><W18/><G30/><T19/><D19/><U83/><E83/><V27/><F41/><W122/><G122/><T100/><D102/><U14/><E124/><V52/><F59/><AGARI ba="0,0" hai="18,21,25,56,58,59,66,67,77,80,84" m="49738" machi="59" ten="30,1500,0" yaku="19,1" doraHai="33" who="3" fromWho="2" sc="390,0,167,0,113,-15,330,15" /><INIT seed="3,1,0,2,0,18" ten="390,167,98,345" oya="3" hai0="111,62,63,79,75,126,39,61,105,56,36,118,123" hai1="15,2,7,70,110,14,19,77,106,68,69,132,107" hai2="57,88,122,49,48,127,16,115,81,46,41,85,42" hai3="97,37,121,55,125,28,100,83,109,93,135,51,103"/><W86/><G37/><T43/><D105/><U5/><E110/><V22/><F115/><W112/><G112/><T53/><D75/><U74/><E132/><V35/><F127/><W87/><G121/><T47/><D79/><U76/><E2/><V82/><F35/><W25/><G135/><T8/><D123/><U72/><E68/><V3/><F3/><W4/><G4/><T84/><D84/><U114/><E19/><V50/><F122/><W102/><G125/><T96/><D126/><U90/><E90/><V101/><F101/><W80/><G109/><T44/><D8/><U119/><REACH who="1" step="1"/><E114/><REACH who="1" ten="390,157,98,345" step="2"/><V134/><F134/><W23/><G100/><T31/><D111/><U10/><E10/><V124/><F124/><W9/><G103/><T26/><D118/><AGARI ba="1,1" hai="5,7,14,15,69,70,72,74,76,77,106,107,118,119" machi="118" ten="25,3200,0" yaku="1,1,22,2,53,0" doraHai="18" doraHaiUra="20" who="1" fromWho="0" sc="390,-35,157,45,98,0,345,0" /><INIT seed="4,0,0,1,1,84" ten="355,202,98,345" oya="0" hai0="75,104,107,37,65,52,62,0,8,76,53,101,28" hai1="135,35,77,11,83,127,68,70,123,131,14,2,6" hai2="108,97,122,99,88,5,114,9,45,48,20,118,38" hai3="130,51,96,32,106,128,134,120,121,87,1,55,129"/><T34/><D37/><U98/><E123/><N who="3" m="47178" /><G32/><T95/><D75/><U29/><E131/><V50/><F108/><W116/><G1/><T57/><D76/><U100/><E127/><V40/><F122/><W125/><G125/><T81/><D81/><U60/><E135/><V64/><F114/><W111/><G111/><T31/><D107/><N who="1" m="63895" /><E14/><V91/><F118/><W12/><G116/><T102/><D104/><U21/><E21/><V103/><F64/><W63/><G63/><T49/><D53/><U109/><E60/><V19/><F38/><W56/><G134/><T3/><D102/><U94/><E94/><N who="2" m="58807" /><F99/><W90/><G12/><T85/><D101/><U74/><E109/><V71/><F71/><W112/><G96/><T92/><D34/><U115/><E115/><V43/><F9/><W73/><G73/><T133/><D133/><U30/><E30/><V16/><F5/><W7/><G7/><T113/><D113/><U69/><E70/><V59/><F19/><W36/><G36/><T79/><D3/><U93/><E93/><N who="0" m="35913" /><D8/><U105/><E105/><V89/><F59/><W80/><G106/><T86/><D0/><U117/><E117/><V72/><F72/><W54/><G112/><T18/><D18/><U119/><E119/><V4/><F4/><W61/><G129/><T27/><D31/><U46/><E46/><AGARI ba="0,0" hai="46,51,54,55,56,61,80,87,90,128,130" m="47178" machi="46" ten="30,2000,0" yaku="13,1,52,1" doraHai="84" who="3" fromWho="1" sc="355,0,202,-20,98,0,345,20" /><INIT seed="5,0,0,4,2,9" ten="355,182,98,365" oya="1" hai0="76,23,18,52,54,47,75,27,38,29,63,81,134" hai1="19,40,96,102,121,48,5,36,25,126,82,109,16" hai2="41,43,66,118,33,128,8,34,129,115,73,77,97" hai3="14,87,70,130,127,59,2,51,7,95,32,105,46"/><U74/><E121/><V106/><F118/><W10/><G105/><T55/><D134/><U67/><E36/><V4/><F66/><W108/><G70/><T12/><D38/><U69/><E126/><V124/><F77/><W132/><G32/><T79/><D79/><U24/><E74/><V57/><F57/><W60/><G132/><T72/><D72/><U93/><E109/><V49/><F73/><W107/><G107/><T65/><D47/><N who="1" m="25703" /><E69/><V0/><F124/><W28/><G127/><T39/><D39/><U30/><E67/><V122/><F122/><W50/><G28/><T35/><REACH who="0" step="1"/><D55/><REACH who="0" ten="345,182,98,365" step="2"/><U83/><E30/><V1/><F128/><W56/><G130/><T53/><D53/><U22/><E5/><V98/><F4/><W131/><G131/><T100/><D100/><U89/><E102/><V80/><F41/><W20/><G108/><T58/><AGARI ba="0,1" hai="12,18,23,27,29,35,52,54,58,63,65,75,76,81" machi="58" ten="20,8000,1" yaku="1,1,0,1,7,1,52,1,54,1,53,0" doraHai="9" doraHaiUra="44" who="0" fromWho="0" sc="345,90,182,-40,98,-20,365,-20" /><INIT seed="6,0,0,0,3,28" ten="435,142,78,345" oya="2" hai0="99,6,127,103,129,130,7,77,61,51,59,47,40" hai1="112,64,33,87,124,123,20,34,22,94,109,98,37" hai2="72,31,117,78,26,106,93,65,83,11,101,69,79" hai3="128,122,4,24,68,41,116,70,89,9,97,57,67"/><V0/><F117/><W84/><G116/><T15/><D77/><U38/><E109/><V14/><F79/><W54/><G128/><N who="0" m="49259" /><D15/><U56/><E112/><V42/><F42/><W53/><G122/><T13/><D13/><U81/><E123/><V110/><F110/><W75/><G75/><T105/><D127/><U48/><E124/><V121/><F121/><W120/><G120/><T44/><D44/><U21/><E37/><V63/><F93/><W100/><G41/><T12/><D12/><U16/><E16/><V58/><F58/><W88/><G24/><T8/><D8/><U5/><E5/><V43/><F43/><W32/><G32/><T25/><D25/><U86/><E38/><V85/><F85/><W126/><G126/><T60/><D60/><U114/><E114/><V66/><F66/><AGARI ba="0,0" hai="6,7,40,47,51,59,61,66,99,103,105" m="49259" machi="66" ten="30,1000,0" yaku="19,1" doraHai="28" who="0" fromWho="2" sc="435,10,142,0,78,-10,345,0" /><INIT seed="7,0,0,0,0,48" ten="445,142,68,345" oya="3" hai0="130,122,68,59,116,70,81,24,36,115,85,110,101" hai1="89,49,11,30,6,46,78,87,62,127,8,126,27" hai2="104,55,44,31,2,105,79,88,72,121,107,66,61" hai3="20,54,114,76,111,43,80,23,96,14,103,119,0"/><W100/><G0/><T108/><D36/><U67/><E78/><V35/><F121/><W25/><G119/><T47/><D122/><U57/><E49/><V131/><F2/><W128/><G43/><T132/><D47/><U92/><E46/><V38/><F131/><W29/><G128/><T65/><D130/><U58/><E58/><V97/><F79/><W74/><G114/><T12/><D24/><U69/><E69/><V22/><F72/><W125/><G125/><N who="1" m="47626" /><E6/><V84/><F35/><AGARI ba="0,0" hai="8,11,27,30,35,57,62,67,87,89,92" m="47626" machi="35" ten="30,1000,0" yaku="18,1" doraHai="48" who="1" fromWho="2" sc="445,0,142,10,68,-10,345,0" owari="445,54.5,152,-24.8,58,-44.2,345,14.5" /></mjloggm>