<mjloggm ver="2.3"><GO type="169" lobby="0"/><UN n0="%6B%73%6B%79%30%36%30%33" n1="%E3%81%95%E3%81%8D%E3%81%8A%E3%80%82" n2="%E3%82%8A%E3%82%93%E3%81%94%32%32%36" n3="%52%59%4F%40%53%53" dan="16,16,17,17" rate="2147.27,2133.89,2225.97,2149.67" sx="M,M,M,M"/><TAIKYOKU oya="0"/><INIT seed="0,0,0,0,0,80" ten="250,250,250,250" oya="0" hai0="59,134,74,19,0,8,96,79,45,76,34,111,102" hai1="90,41,100,47,49,12,60,110,4,131,9,98,50" hai2="85,1,64,120,43,58,121,14,101,7,65,63,69" hai3="97,38,46,123,22,29,28,5,25,52,116,132,16"/><T68/><D68/><U24/><E110/><V82/><F1/><W66/><G116/><T99/><D34/><U37/><E131/><V87/><F101/><W56/><G132/><T53/><D134/><U33/><E90/><V94/><F43/><W21/><G123/><T126/><D111/><U27/><E60/><V83/><F94/><W6/><G66/><T108/><D108/><U92/><E33/><V2/><F2/><W17/><G97/><T119/><D119/><U55/><REACH who="1" step="1"/><E37/><REACH who="1" ten="250,240,250,250" step="2"/><V61/><F69/><W114/><G38/><T86/><D126/><U44/><AGARI ba="0,1" hai="4,9,12,24,27,41,44,47,49,50,55,92,98,100" machi="44" ten="20,8000,1" yaku="1,1,2,1,0,1,7,1,8,1,53,0" doraHai="80" doraHaiUra="129" who="1" fromWho="1" sc="250,-40,240,90,250,-20,250,-20" /><INIT seed="1,0,0,3,0,109" ten="210,330,230,230" oya="1" hai0="7,47,116,56,17,23,84,51,59,124,105,96,21" hai1="9,108,62,76,26,34,95,73,35,134,66,31,102" hai2="78,79,8,122,85,15,37,106,46,70,94,107,11" hai3="49,113,77,69,41,63,3,4,33,100,6,58,127"/><U81/><E108/><V24/><F70/><W45/><G33/><T72/><D72/><U36/><E36/><V29/><F122/><W132/><G127/><T43/><D124/><U121/><E134/><V25/><F37/><W114/><G100/><T93/><D116/><U18/><E121/><V123/><F123/><W88/><G77/><T83/><D7/><U131/><E131/><V13/><F85/><W20/><G20/><T28/><D105/><U135/><E135/><V133/><F133/><W112/><G132/><T90/><D28/><U110/><E110/><V53/><F46/><W60/><G3/><T91/><REACH who="0" step="1"/><D23/><REACH who="0" ten="200,330,230,230" step="2"/><U130/><E130/><V10/><F29/><W50/><G4/><T55/><D55/><U115/><E35/><V68/><F53/><N who="3" m="33871" /><G6/><T30/><D30/><U40/><E34/><V16/><F8/><W19/><G19/><T126/><D126/><U54/><E31/><V27/><F106/><W117/><G117/><T104/><D104/><U80/><E54/><V38/><F107/><W22/><G22/><T1/><D1/><U97/><E9/><V103/><F11/><W2/><G2/><T61/><D61/><U128/><E18/><V89/><F16/><W65/><G114/><T52/><D52/><U5/><E5/><V67/><F10/><W14/><G113/><T0/><D0/><U44/><E115/><V39/><F67/><W98/><G112/><T82/><D82/><N who="1" m="45327" /><E128/><V12/><F94/><N who="3" m="56647" /><G14/><AGARI ba="0,1" hai="14,17,21,43,47,51,56,59,83,84,90,91,93,96" machi="14" ten="30,3900,0" yaku="1,1,7,1,8,1,53,0" doraHai="109" doraHaiUra="75" who="0" fromWho="3" sc="200,49,330,0,230,0,230,-39" /><INIT seed="2,0,0,1,3,131" ten="249,330,230,191" oya="2" hai0="106,42,132,100,105,0,12,125,23,91,76,86,38" hai1="115,10,79,37,80,63,77,47,44,90,8,109,119" hai2="75,54,129,116,62,14,25,52,134,128,78,51,1" hai3="84,29,27,24,88,82,55,130,9,28,68,17,71"/><V101/><F1/><W18/><G130/><N who="2" m="50281" /><F116/><W5/><G55/><T69/><D69/><U26/><E115/><V124/><F124/><W127/><G127/><T107/><D0/><U16/><E109/><V110/><F101/><W72/><G72/><T98/><D125/><U117/><E63/><V15/><F110/><W126/><G126/><T73/><D42/><U113/><E113/><V104/><F104/><W87/><G82/><N who="0" m="45327" /><D38/><U35/><E35/><V96/><F96/><W41/><G41/><T65/><D65/><U92/><E37/><V48/><F25/><W83/><G83/><N who="0" m="49631" /><D12/><N who="2" m="4650" /><F78/><W118/><G118/><T111/><D23/><U3/><E79/><V103/><F103/><W49/><G88/><T112/><D111/><U20/><E77/><V21/><F75/><W53/><G9/><T95/><D112/><U2/><E8/><V59/><F21/><W74/><G74/><T108/><D108/><U133/><E10/><V99/><F99/><W33/><G33/><T123/><D123/><U57/><E20/><V13/><F13/><W120/><G120/><T6/><D6/><U11/><E11/><V36/><F36/><W81/><G5/><T97/><D97/><U58/><E119/><V39/><F39/><W56/><G24/><T122/><D122/><U61/><E26/><V34/><F34/><N who="3" m="20767" /><G29/><T94/><D94/><U4/><E4/><V40/><F40/><W7/><G7/><T45/><D45/><U121/><E117/><V67/><F54/><W135/><G53/><T64/><D64/><U114/><E2/><V66/><F66/><W89/><G89/><RYUUKYOKU ba="0,0" sc="249,30,330,-10,230,-10,191,-10" hai0="95,98,100,105,106,107,132" /><INIT seed="3,1,0,0,0,94" ten="279,320,220,181" oya="3" hai0="84,117,11,80,116,112,108,81,5,121,52,32,88" hai1="105,6,29,55,82,68,51,87,79,135,57,38,127" hai2="33,48,75,119,97,103,83,95,10,130,93,4,100" hai3="37,14,46,78,40,13,7,47,27,69,21,104,45"/><W123/><G123/><T17/><D121/><U53/><E135/><V62/><F33/><W132/><G132/><T122/><D122/><U22/><E127/><V90/><F119/><W67/><G104/><T76/><D32/><U91/><E38/><V74/><F130/><W2/><G2/><T72/><D108/><U125/><E68/><V25/><F25/><W120/><G120/><T63/><D17/><U20/><E105/><V111/><F111/><W28/><G78/><T49/><D63/><U92/><E6/><V26/><F26/><W101/><G101/><T19/><D19/><U44/><E29/><V115/><F115/><W58/><G69/><T0/><REACH who="0" step="1"/><D112/><REACH who="0" ten="269,320,220,181" step="2"/><U99/><E125/><V8/><F62/><AGARI ba="1,1" hai="20,22,44,51,53,55,57,62,79,82,87,91,92,99" machi="62" ten="30,3900,0" yaku="7,1,8,1,52,1" doraHai="94" who="1" fromWho="2" sc="269,0,320,52,220,-42,181,0" /><INIT seed="4,0,0,2,5,118" ten="269,372,178,181" oya="0" hai0="101,91,24,21,32,65,26,2,69,64,51,97,78" hai1="132,3,90,11,129,114,103,82,119,27,57,99,56" hai2="92,74,37,63,87,34,121,134,84,28,123,68,48" hai3="120,29,111,38,70,35,55,86,96,42,83,47,4"/><T36/><D36/><U17/><E119/><V10/><F74/><W6/><G111/><T117/><D2/><U53/><E129/><V110/><F110/><W62/><G96/><T22/><D32/><U130/><E114/><V1/><F48/><W54/><G54/><T14/><D14/><U116/><E130/><V23/><F23/><W67/><G120/><N who="2" m="46153" /><F87/><W50/><G29/><T88/><D78/><U9/><E3/><V41/><F92/><W98/><G98/><T79/><D79/><U109/><E116/><V12/><F12/><W60/><G60/><T115/><D97/><U77/><E103/><V80/><F80/><W66/><G66/><T126/><D101/><U76/><E90/><V58/><F58/><N who="3" m="33143" /><G35/><T30/><D51/><U40/><E56/><V89/><F89/><AGARI ba="0,0" hai="4,6,38,42,47,62,67,70,83,86,89" m="33143" machi="89" ten="30,1000,0" yaku="24,1" doraHai="118" who="3" fromWho="2" sc="269,0,372,0,178,-10,181,10" /><INIT seed="5,0,0,2,3,38" ten="269,372,168,191" oya="1" hai0="60,76,108,125,80,9,83,100,97,101,123,122,111" hai1="114,4,39,88,62,29,42,17,18,124,7,78,91" hai2="135,129,70,48,61,55,74,96,10,133,30,59,6" hai3="71,28,24,14,15,34,12,92,82,37,46,89,102"/><U132/><E114/><V79/><F129/><W131/><G131/><T99/><D60/><U65/><E29/><V86/><F30/><W127/><G71/><T95/><D9/><U3/><E132/><V49/><F74/><W45/><G127/><T13/><D13/><U107/><E107/><V0/><F96/><W130/><G130/><T16/><D16/><U41/><E39/><V53/><F70/><W85/><G102/><T57/><D57/><U44/><E44/><V77/><F61/><W90/><REACH who="3" step="1"/><G37/><REACH who="3" ten="269,372,168,181" step="2"/><T87/><D125/><U94/><E124/><V81/><REACH who="2" step="1"/><F77/><REACH who="2" ten="269,372,158,181" step="2"/><W22/><G22/><T118/><D76/><U75/><E78/><V126/><F126/><W50/><G50/><T52/><D108/><U21/><E62/><V58/><AGARI ba="0,2" hai="0,6,10,48,49,53,55,58,59,79,81,86,133,135" machi="58" ten="30,7900,0" yaku="1,1,0,1,9,1,53,1" doraHai="38" doraHaiUra="35" who="2" fromWho="2" sc="269,-20,372,-39,158,99,181,-20" /><INIT seed="6,0,0,5,1,58" ten="249,333,257,161" oya="2" hai0="54,118,95,104,101,32,89,12,111,60,90,52,97" hai1="69,64,39,37,94,74,23,77,59,113,80,135,41" hai2="102,11,4,133,36,126,19,116,117,30,6,128,17" hai3="86,110,42,14,10,84,87,57,129,31,68,55,82"/><V81/><F36/><W62/><G110/><T38/><D111/><U79/><E69/><V112/><F102/><W83/><G129/><T76/><D38/><U49/><E113/><V75/><F75/><W43/><G68/><T18/><D32/><U92/><E135/><V40/><F40/><W28/><G43/><T106/><D118/><U25/><E79/><V35/><F81/><W53/><G42/><T47/><D76/><U103/><E92/><V131/><F112/><W5/><REACH who="3" step="1"/><G55/><REACH who="3" ten="249,333,257,151" step="2"/><T99/><D54/><U120/><E41/><V65/><F131/><W3/><G3/><T46/><D52/><U125/><E37/><V127/><F128/><W27/><G27/><T72/><D12/><U67/><E25/><N who="2" m="18895" /><F133/><W96/><G96/><T33/><D97/><U132/><E39/><V107/><F117/><W56/><G56/><T9/><D99/><U34/><E59/><V45/><F116/><W51/><G51/><T98/><D98/><U71/><E49/><V13/><F107/><W105/><G105/><T21/><D106/><U124/><E132/><V91/><F45/><W63/><G63/><T1/><D60/><U48/><E48/><V93/><F127/><W109/><G109/><T15/><D104/><U44/><E124/><V134/><F134/><W88/><G88/><T20/><D89/><U24/><E44/><V119/><F119/><W122/><G122/><T100/><D47/><U70/><E120/><V121/><F121/><W73/><G73/><T16/><D72/><U108/><E125/><V85/><F126/><W22/><G22/><T2/><D21/><RYUUKYOKU ba="0,1" sc="249,-10,333,-10,257,-10,151,30" hai3="5,10,14,28,31,53,57,62,82,83,84,86,87" /><INIT seed="7,1,1,5,5,24" ten="239,323,247,181" oya="3" hai0="131,36,13,123,72,28,31,124,70,21,37,101,102" hai1="52,113,5,15,118,86,22,112,27,90,76,55,16" hai2="109,46,68,97,0,53,127,78,54,94,104,106,111" hai3="92,119,30,110,56,88,47,79,32,96,60,66,108"/><W11/><G119/><T59/><D70/><U91/><E118/><V58/><F68/><W63/><G79/><T49/><D123/><U95/><E76/><V126/><F0/><W50/><G11/><T135/><D72/><U19/><E5/><V84/><F46/><W42/><REACH who="3" step="1"/><G63/><REACH who="3" ten="239,323,247,171" step="2"/><T62/><D62/><U77/><E77/><V122/><F78/><W48/><G48/><T114/><D49/><U1/><E112/><V45/><F122/><W125/><G125/><T14/><D124/><U33/><E113/><V3/><F127/><W80/><G80/><T89/><D114/><U2/><E1/><V103/><F126/><W98/><G98/><T9/><D37/><U4/><E2/><V65/><F97/><W38/><G38/><T105/><D36/><U133/><E133/><V87/><F87/><W132/><G132/><T117/><D135/><U129/><E129/><V43/><F84/><W67/><G67/><T134/><D131/><U74/><E74/><V8/><F8/><W83/><G83/><T61/><D134/><U41/><E86/><V34/><F65/><W39/><G39/><T35/><D61/><U57/><E4/><V17/><F3/><W120/><G120/><T93/><D9/><U69/><E69/><V18/><F111/><W40/><G40/><T85/><D117/><U82/><E41/><V29/><F43/><W99/><G99/><T64/><D64/><U116/><E82/><V20/><F109/><W10/><G10/><T73/><D73/><U100/><E116/><V115/><F115/><W128/><G128/><T121/><D121/><RYUUKYOKU ba="1,2" sc="239,-10,323,-10,247,-10,171,30" hai3="30,32,42,47,50,56,60,66,88,92,96,108,110" /><INIT seed="7,2,2,0,2,25" ten="229,313,237,201" oya="3" hai0="103,82,89,130,13,109,119,110,98,91,45,105,116" hai1="96,108,76,60,64,75,58,61,86,117,31,59,123" hai2="47,42,111,99,4,92,2,41,29,120,37,24,12" hai3="34,16,30,115,102,126,85,70,8,51,6,79,121"/><W62/><G121/><T74/><D45/><U22/><E75/><V113/><F111/><N who="0" m="42506" /><D13/><U19/><E108/><V3/><F42/><W107/><G115/><T65/><D65/><U95/><E31/><V15/><F15/><W36/><G36/><T26/><D26/><N who="1" m="14687" /><E117/><N who="0" m="45129" /><D130/><U44/><E44/><V9/><F113/><W50/><G16/><T49/><D49/><U71/><E71/><V32/><F120/><W11/><G11/><T17/><D17/><U88/><E123/><V100/><AGARI ba="2,2" hai="2,3,4,9,12,24,29,32,37,41,47,92,99,100" machi="100" ten="20,2700,0" yaku="0,1,7,1,52,1" doraHai="25" who="2" fromWho="2" sc="229,-9,313,-9,237,53,201,-15" owari="220,-18.0,304,40.4,290,9.0,186,-31.4" /></mjloggm>