<mjloggm ver="2.3"><GO type="169" lobby="0"/><UN n0="%74%2E%6F%2E%6F%2E%73" n1="%74%65%63%68%74%6F" n2="%E9%BB%92%E6%B2%A2%E7%BE%A9%E6%98%8E" n3="%E3%83%A4%E3%83%9E%E3%83%80%E3%81%95%E3%82%93" dan="17,17,17,16" rate="2129.60,2120.16,2203.18,2098.11" sx="M,M,M,M"/><TAIKYOKU oya="0"/><INIT seed="0,0,0,2,3,115" ten="250,250,250,250" oya="0" hai0="67,61,12,126,45,57,134,88,58,102,128,7,33" hai1="36,122,69,98,6,103,17,32,101,96,52,2,119" hai2="55,82,29,93,25,10,11,44,75,92,86,35,110" hai3="114,59,70,9,118,77,41,94,105,78,89,109,113"/><T28/><D128/><U8/><E122/><V84/><F75/><W54/><G70/><T42/><D126/><U90/><E36/><V23/><F110/><W116/><G41/><T111/><D134/><U85/><E69/><V99/><F35/><W127/><G9/><T26/><D102/><U104/><E32/><V30/><F30/><W18/><G18/><T80/><D111/><U60/><E17/><V64/><F64/><W81/><G54/><T46/><D57/><U135/><E135/><V132/><F132/><W83/><G59/><T121/><D121/><U124/><E124/><V91/><F55/><W130/><G127/><T66/><D66/><U71/><E71/><V125/><F44/><W20/><G20/><T16/><D7/><U49/><E60/><V97/><F125/><W100/><G109/><T24/><D24/><U0/><E0/><V133/><F133/><W48/><G48/><T74/><D42/><U3/><E3/><V56/><F56/><W31/><G31/><T14/><D14/><U1/><E1/><V43/><F43/><W117/><G130/><T34/><D33/><U21/><E21/><V50/><F50/><W112/><G100/><N who="1" m="38474" /><E104/><V76/><REACH who="2" step="1"/><F86/><REACH who="2" ten="250,250,240,250" step="2"/><N who="3" m="52535" /><G105/><T72/><D72/><U131/><E49/><V53/><F53/><W51/><G51/><T79/><D45/><U39/><E52/><V38/><F38/><W87/><G112/><T129/><D46/><U4/><E39/><V19/><F19/><W123/><G123/><T108/><D108/><U22/><E6/><V95/><F95/><W13/><G13/><T65/><D12/><RYUUKYOKU ba="0,1" sc="250,-15,250,-15,240,15,250,15" hai2="10,11,23,25,29,76,82,84,91,92,93,97,99" hai3="77,78,81,83,87,113,114,116,117,118" /><INIT seed="1,1,1,0,1,106" ten="235,235,255,265" oya="1" hai0="59,67,120,113,38,7,54,18,129,90,117,13,103" hai1="121,100,39,5,26,49,135,31,34,60,131,25,69" hai2="80,3,133,16,0,132,4,134,58,21,91,101,87" hai3="46,42,36,12,43,118,27,97,125,53,40,105,119"/><U51/><E121/><V95/><F4/><W35/><G12/><T83/><D38/><U29/><E39/><V84/><F58/><W30/><G125/><T124/><D113/><U10/><E131/><V72/><F72/><W73/><G73/><T19/><D117/><N who="3" m="44553" /><G53/><T41/><D41/><U89/><E135/><V93/><F101/><AGARI ba="1,1" hai="27,30,35,36,40,42,43,46,97,101,105" m="44553" machi="101" ten="30,1000,0" yaku="12,1" doraHai="106" who="3" fromWho="2" sc="235,0,235,0,255,-13,265,23" /><INIT seed="2,0,0,0,4,25" ten="235,235,242,288" oya="2" hai0="33,101,24,135,64,75,79,100,0,113,89,60,7" hai1="99,91,47,8,98,5,58,124,84,123,129,112,46" hai2="114,93,76,95,65,106,39,77,34,52,51,82,107" hai3="128,14,94,11,37,50,105,35,126,40,109,87,38"/><V17/><F114/><W54/><G105/><T121/><D79/><U90/><E112/><V28/><F39/><W59/><G35/><T103/><D75/><U3/><E124/><V127/><F127/><W71/><G126/><T45/><D0/><U15/><E129/><V56/><F76/><W16/><G128/><T4/><D121/><U133/><E133/><V102/><F65/><W74/><G74/><T72/><D72/><U1/><E1/><V55/><F17/><W116/><G116/><T96/><D45/><U115/><E3/><V66/><F66/><W85/><G71/><T49/><D49/><U92/><E115/><V73/><F55/><W10/><G109/><T104/><D135/><U43/><E123/><V31/><F95/><W26/><G26/><T30/><D113/><U22/><E22/><V53/><F53/><W86/><G10/><T62/><D62/><U44/><E58/><V18/><F18/><W29/><G29/><T80/><D80/><U117/><E117/><V2/><F2/><W110/><G110/><T83/><D83/><U32/><E32/><V130/><F130/><W21/><G11/><T23/><D23/><U122/><E122/><V132/><F132/><W20/><G20/><T6/><REACH who="0" step="1"/><D89/><REACH who="0" ten="225,235,242,288" step="2"/><U12/><E91/><V19/><F34/><W88/><G37/><T131/><D131/><U108/><E43/><V134/><F134/><W120/><G120/><T118/><D118/><U13/><E108/><V36/><F36/><W42/><G40/><T81/><D81/><U57/><E57/><AGARI ba="0,1" hai="4,6,7,24,30,33,57,60,64,96,100,101,103,104" machi="57" ten="40,8000,1" yaku="1,1,52,1,53,3" doraHai="25" doraHaiUra="97" who="0" fromWho="1" sc="225,90,235,-80,242,0,288,0" /><INIT seed="3,0,0,0,3,23" ten="315,155,242,288" oya="3" hai0="113,45,92,126,38,67,30,1,12,59,71,114,122" hai1="98,63,57,78,31,32,84,120,46,62,101,35,88" hai2="123,47,25,13,127,109,104,58,93,116,100,111,135" hai3="110,19,121,11,61,36,80,29,37,24,128,106,69"/><W74/><G121/><T5/><D1/><U60/><E120/><V41/><F123/><W108/><G106/><T81/><D81/><U131/><E78/><V107/><F116/><W55/><G128/><T70/><D92/><U73/><E73/><V72/><F72/><W75/><G19/><T79/><D79/><U90/><E131/><V99/><F127/><W0/><G55/><T17/><D5/><U26/><E46/><V16/><F58/><W10/><G80/><T82/><D82/><U51/><E35/><V105/><F135/><W102/><G102/><T125/><D30/><U91/><E84/><V27/><F111/><N who="3" m="42539" /><G75/><T117/><D12/><U103/><REACH who="1" step="1"/><E98/><REACH who="1" ten="315,145,242,288" step="2"/><V43/><F109/><W4/><G74/><T130/><D130/><U18/><E18/><V83/><F83/><W9/><G37/><T22/><D122/><U56/><E56/><V129/><F129/><W86/><G36/><T118/><D17/><U65/><E65/><V28/><F28/><W15/><G86/><T94/><D67/><U48/><E48/><V76/><F76/><W39/><G39/><T2/><D38/><U134/><E134/><V49/><REACH who="2" step="1"/><F43/><REACH who="2" ten="315,145,232,288" step="2"/><W21/><G0/><T3/><D3/><U6/><E6/><V68/><F68/><W7/><G7/><T132/><D2/><U85/><E85/><V96/><F96/><W66/><AGARI ba="0,2" hai="4,9,10,11,15,21,24,29,61,66,69" m="42539" machi="66" ten="30,6000,0" yaku="14,1,10,1,52,1" doraHai="23" who="3" fromWho="3" sc="315,-20,145,-20,232,-20,288,80" /><INIT seed="3,1,0,5,3,9" ten="295,125,212,368" oya="3" hai0="103,119,132,3,42,32,127,101,135,120,71,134,34" hai1="56,100,113,108,109,79,93,48,6,22,86,43,67" hai2="33,35,53,51,57,133,39,128,52,28,68,31,129" hai3="15,0,81,36,84,102,66,30,85,107,115,12,123"/><W76/><G0/><T45/><D119/><U10/><E113/><V7/><F39/><W97/><G115/><T1/><D71/><U21/><E100/><N who="0" m="38473" /><D120/><U117/><E117/><V69/><F7/><W61/><G123/><T50/><D127/><U94/><E22/><V62/><F133/><W20/><G36/><T25/><D34/><U2/><E21/><V49/><F57/><W11/><G11/><T17/><D17/><U13/><E2/><V29/><F29/><AGARI ba="1,0" hai="1,3,25,29,32,42,45,50,132,134,135" m="38473" machi="29" ten="40,1300,0" yaku="20,1" doraHai="9" who="0" fromWho="2" sc="295,16,125,0,212,-16,368,0" /><INIT seed="4,0,0,4,4,77" ten="311,125,196,368" oya="0" hai0="19,97,61,126,109,20,53,26,95,108,119,121,48" hai1="21,49,103,59,79,110,107,70,64,98,100,8,16" hai2="4,99,31,12,39,28,69,87,23,36,51,83,42" hai3="62,58,43,35,46,34,91,130,55,56,129,80,115"/><T71/><D119/><U5/><E110/><V54/><F69/><W57/><G115/><T50/><D121/><U96/><E70/><V90/><F42/><W3/><G3/><T82/><D126/><U74/><E64/><V6/><F39/><W40/><G91/><T94/><D94/><U22/><E59/><N who="3" m="22602" /><G80/><T131/><D131/><N who="3" m="50185" /><G40/><T25/><D25/><U127/><E49/><AGARI ba="0,0" hai="34,35,43,46,49,55,58,62" m="50185,22602" machi="49" ten="30,1000,0" yaku="19,1" doraHai="77" who="3" fromWho="1" sc="311,0,125,-10,196,0,368,10" /><INIT seed="5,0,0,2,0,27" ten="311,115,196,378" oya="1" hai0="133,53,40,134,0,118,48,130,82,80,20,47,58" hai1="14,106,62,13,5,125,121,49,67,97,7,77,23" hai2="43,131,39,2,114,132,12,52,122,22,26,73,96" hai3="57,25,92,120,105,90,63,17,76,24,104,100,83"/><U91/><E121/><V89/><F2/><W41/><G120/><T94/><D0/><U42/><E125/><V36/><F73/><W95/><G41/><T21/><D94/><U44/><E77/><V31/><F122/><W98/><G95/><T60/><D118/><U78/><E78/><V30/><F131/><W101/><G101/><T135/><REACH who="0" step="1"/><D130/><REACH who="0" ten="301,115,196,378" step="2"/><U72/><E72/><V75/><F75/><N who="3" m="43423" /><G105/><T111/><D111/><U86/><E106/><V6/><F132/><W129/><G129/><T110/><D110/><U123/><E123/><V108/><F108/><W81/><G81/><AGARI ba="0,1" hai="20,21,40,47,48,53,58,60,80,81,82,133,134,135" machi="81" ten="40,2600,0" yaku="1,1,20,1,53,0" doraHai="27" doraHaiUra="109" who="0" fromWho="3" sc="301,36,115,0,196,0,378,-26" /><INIT seed="6,0,0,2,4,115" ten="337,115,196,352" oya="2" hai0="14,19,133,42,35,41,69,124,113,135,30,8,5" hai1="9,130,48,3,105,10,110,66,62,94,37,68,95" hai2="31,47,72,58,97,93,34,1,77,39,65,106,132" hai3="118,49,102,121,80,15,125,104,26,60,85,55,61"/><V59/><F106/><W25/><G121/><T16/><D69/><U56/><E110/><V63/><F1/><W44/><G104/><T46/><D113/><U99/><E130/><V116/><F132/><N who="0" m="50762" /><D124/><U127/><E127/><V100/><F72/><W107/><G125/><T87/><D87/><U24/><E95/><V18/><F77/><W122/><G122/><T109/><D109/><U123/><E3/><V11/><F34/><W32/><G118/><T126/><D126/><U7/><E123/><V0/><F31/><W117/><G117/><T90/><D90/><U38/><E105/><V36/><F116/><W82/><G82/><T129/><D129/><U111/><E24/><N who="3" m="9322" /><G32/><T89/><D89/><U134/><E111/><V96/><F96/><W74/><G74/><T108/><D108/><U27/><E27/><V70/><F18/><N who="0" m="6698" /><D35/><U86/><E86/><V120/><F120/><W103/><G15/><T40/><D30/><U28/><E28/><V45/><F0/><W53/><G107/><T6/><D6/><U84/><E84/><V76/><F76/><N who="3" m="46215" /><G53/><T67/><D67/><U112/><E112/><V78/><F78/><W131/><G131/><T54/><D54/><N who="1" m="31815" /><E134/><V22/><F65/><W101/><AGARI ba="0,0" hai="44,49,55,60,61,101,102,103" m="46215,9322" machi="101" ten="30,1100,0" yaku="8,1" doraHai="115" who="3" fromWho="3" sc="337,-3,115,-3,196,-5,352,11" /><INIT seed="7,0,0,3,0,66" ten="334,112,191,363" oya="3" hai0="135,99,130,37,120,3,86,5,90,0,71,68,95" hai1="65,91,133,53,51,124,26,96,108,100,74,83,15" hai2="97,107,69,6,76,75,48,30,62,13,7,79,113" hai3="63,127,29,43,12,10,109,47,56,50,93,17,11"/><W92/><G127/><T61/><D120/><U18/><E108/><V111/><F111/><W82/><G109/><T112/><D37/><U78/><E124/><V131/><F113/><W58/><G29/><T34/><D34/><U73/><E133/><V84/><F75/><W114/><G114/><T52/><D112/><U121/><E121/><V14/><F131/><W31/><G31/><T67/><D135/><U25/><E74/><V118/><F118/><W42/><G42/><T46/><D130/><U20/><E51/><V23/><F48/><W70/><G70/><T115/><D115/><U110/><E110/><V106/><F30/><W123/><G123/><T77/><D71/><U35/><E35/><V21/><F84/><W39/><G39/><T2/><D5/><U33/><E33/><V87/><F87/><W125/><G125/><T57/><D46/><U88/><E53/><V49/><F49/><W60/><G82/><T102/><D99/><U103/><E65/><V19/><F97/><W116/><G116/><T9/><D102/><U54/><E54/><V134/><F69/><W32/><G32/><T129/><D95/><BYE who="0" /><N who="3" m="36425" /><G10/><T85/><D85/><U24/><REACH who="1" step="1"/><E103/><REACH who="1" ten="334,102,191,363" step="2"/><V81/><F134/><W38/><G38/><T132/><D132/><U1/><E1/><V16/><F62/><AGARI ba="0,1" hai="11,12,17,43,47,50,56,58,60,62,63" m="36425" machi="62" ten="30,1500,0" yaku="8,1" doraHai="66" who="3" fromWho="2" sc="334,0,102,0,191,-15,363,25" owari="334,13.4,102,-39.8,176,-22.4,388,48.8" /></mjloggm>