<mjloggm ver="2.3"><GO type="169" lobby="0"/><UN n0="%E2%80%A0%E7%99%BD%E5%85%8E%E2%80%A0" n1="%E4%B9%9D%E7%B4%8B%E9%BE%8D%E5%8F%B2%E9%80%B2" n2="%E5%85%A8%E9%80%9F%E3%82%86%E3%83%BC%E3%81%B8%E3%81%84" n3="%6E%61%74%73%75%6D%65%65" dan="17,19,18,16" rate="2217.87,2336.07,2189.15,2068.32" sx="M,M,M,F"/><TAIKYOKU oya="0"/><INIT seed="0,0,0,4,5,110" ten="250,250,250,250" oya="0" hai0="43,135,116,48,25,88,73,68,80,63,1,38,130" hai1="78,101,44,31,39,109,122,77,111,113,24,45,32" hai2="132,53,70,54,33,17,18,28,60,37,6,51,134" hai3="108,40,69,75,98,79,97,0,117,127,61,3,124"/><T13/><D116/><U22/><E122/><V10/><F37/><W107/><G117/><T95/><D1/><N who="3" m="585" /><G40/><T8/><D130/><U7/><E7/><V11/><F28/><W49/><G49/><T104/><D104/><U20/><E101/><V119/><F33/><W131/><G108/><N who="1" m="41546" /><E113/><V118/><F60/><W72/><G98/><T86/><D135/><U92/><E92/><V91/><F91/><W100/><G131/><T94/><D38/><U4/><E4/><V26/><F6/><W47/><G47/><N who="1" m="17994" /><E39/><V41/><F51/><W81/><G75/><T84/><D48/><U103/><E103/><V90/><F70/><W62/><G62/><T12/><D43/><U52/><E52/><V76/><F41/><W23/><G23/><AGARI ba="0,0" hai="20,22,23,24,31,32,77,78" m="17994,41546" machi="23" ten="30,1000,0" yaku="14,1" doraHai="110" who="1" fromWho="3" sc="250,0,250,10,250,0,250,-10" /><INIT seed="1,0,0,4,4,43" ten="250,260,250,240" oya="1" hai0="42,79,10,86,130,124,117,106,83,116,27,112,100" hai1="94,56,41,51,5,48,75,120,8,52,16,131,55" hai2="0,32,132,12,57,91,111,46,38,84,69,44,61" hai3="19,123,90,92,1,64,53,20,93,73,63,62,72"/><U54/><E120/><V31/><F0/><W121/><G1/><T49/><D112/><U105/><E105/><V88/><F38/><W15/><G93/><T40/><D130/><U17/><E75/><V76/><F69/><W118/><G118/><T77/><D124/><U74/><E74/><V133/><F111/><W3/><G3/><T87/><D27/><U45/><E131/><V97/><F76/><W2/><G2/><T60/><D60/><U9/><E5/><V67/><F12/><W36/><G36/><T21/><D21/><U34/><E34/><V70/><F70/><W119/><G119/><T134/><D10/><N who="1" m="4203" /><E94/><N who="2" m="56519" /><F31/><W33/><G33/><T6/><D6/><U103/><E103/><V59/><F59/><W127/><G127/><T81/><D100/><U126/><E126/><V39/><F39/><W30/><G30/><T109/><D106/><U95/><E95/><N who="2" m="54759" /><F32/><W108/><G72/><T4/><D109/><U22/><E17/><V89/><F89/><W25/><G73/><T37/><D4/><U96/><E96/><V135/><AGARI ba="0,0" hai="44,46,57,61,67,132,133,135" m="54759,56519" machi="135" ten="30,7900,0" yaku="20,1,52,2,54,1" doraHai="43" who="2" fromWho="2" sc="250,-20,260,-39,250,79,240,-20" /><INIT seed="2,0,0,4,3,8" ten="230,221,329,220" oya="2" hai0="127,99,47,114,97,56,12,63,13,91,6,42,69" hai1="82,130,40,78,50,133,88,132,16,75,31,70,15" hai2="106,62,100,20,27,5,67,84,93,92,124,49,32" hai3="46,53,52,35,108,134,30,126,10,71,73,17,7"/><V68/><F124/><W120/><G120/><T37/><D114/><U94/><E70/><V98/><F5/><W33/><G73/><T135/><D127/><U65/><E65/><V25/><F84/><W54/><G126/><T59/><D135/><N who="1" m="51787" /><E31/><N who="2" m="19567" /><F49/><W115/><G134/><T43/><D6/><U39/><E50/><V3/><F3/><W38/><G71/><T9/><D9/><N who="1" m="6255" /><E40/><V72/><F72/><W34/><G115/><T102/><D43/><U103/><E39/><V81/><F81/><W129/><G129/><T14/><D91/><U96/><E130/><V55/><F55/><W48/><G38/><T83/><D83/><U95/><E95/><V119/><F119/><W66/><G66/><T28/><D28/><AGARI ba="0,0" hai="20,27,28,62,67,68,92,93,98,100,106" m="19567" machi="28" ten="30,1500,0" yaku="25,1" doraHai="8" who="2" fromWho="0" sc="230,-15,221,0,329,15,220,0" /><INIT seed="2,1,0,1,5,84" ten="215,221,344,220" oya="2" hai0="98,6,11,37,22,110,85,41,67,42,111,44,8" hai1="69,62,57,128,107,73,26,4,129,33,0,31,16" hai2="19,2,38,5,99,88,83,9,87,134,101,13,32" hai3="96,48,66,40,56,86,75,7,1,43,59,27,112"/><V113/><F113/><W24/><G75/><T50/><D67/><U3/><E73/><V131/><F38/><W12/><G1/><T76/><D22/><U49/><E107/><V47/><F32/><W15/><G112/><T55/><D98/><U71/><E49/><V65/><F134/><W118/><G118/><T36/><D36/><U127/><E127/><V117/><F117/><W74/><G74/><T126/><D126/><U93/><E93/><V21/><F65/><W119/><G66/><T60/><D60/><U104/><E104/><V90/><F47/><W97/><G119/><T78/><D11/><U81/><E81/><V28/><F28/><W18/><G86/><T91/><D111/><U103/><E103/><V116/><F116/><W30/><G18/><T125/><D110/><U17/><E69/><V53/><F53/><W114/><G114/><T63/><D63/><U25/><E71/><V70/><F131/><N who="1" m="50249" /><E4/><V39/><F39/><W80/><G7/><T115/><D125/><U45/><E45/><V94/><REACH who="2" step="1"/><F70/><REACH who="2" ten="215,221,334,220" step="2"/><W106/><G40/><T109/><D115/><U132/><E132/><V72/><F72/><W123/><G43/><T108/><D108/><U46/><E46/><V105/><F105/><W14/><G106/><T82/><D109/><U54/><E26/><V95/><F95/><W130/><G24/><T100/><D41/><U61/><E61/><V102/><AGARI ba="1,1" hai="2,5,9,13,19,21,83,87,88,90,94,99,101,102" machi="102" ten="30,18000,2" yaku="1,1,0,1,52,2,54,1,53,1" doraHai="84" doraHaiUra="92" who="2" fromWho="2" sc="215,-61,221,-61,334,193,220,-61" /><INIT seed="2,2,0,3,4,95" ten="154,160,527,159" oya="2" hai0="3,131,106,0,86,55,34,125,45,15,28,104,98" hai1="63,6,116,92,135,108,10,20,94,68,74,84,83" hai2="87,61,59,66,26,88,112,19,50,35,89,77,24" hai3="62,109,115,65,58,97,129,133,79,16,48,99,111"/><V126/><F112/><W7/><G7/><T17/><D131/><U118/><E74/><V70/><F126/><W14/><G129/><T105/><D125/><U42/><E108/><N who="3" m="41546" /><G133/><T36/><D86/><U60/><E135/><V90/><F35/><W134/><G134/><T18/><D18/><U128/><E128/><V121/><F121/><W27/><G115/><T93/><D28/><U110/><E110/><V1/><F1/><W2/><G2/><T22/><D34/><U44/><E20/><V91/><F77/><W64/><G79/><T85/><D85/><U46/><E94/><V5/><F5/><W40/><G27/><T8/><D8/><U78/><E46/><V53/><REACH who="2" step="1"/><F19/><REACH who="2" ten="154,160,517,159" step="2"/><W31/><G31/><T29/><D29/><U67/><E118/><V123/><F123/><W9/><G65/><T76/><D76/><U57/><E116/><V127/><F127/><W122/><G122/><T4/><D4/><U51/><E6/><V132/><F132/><W30/><G30/><T52/><D0/><U37/><E67/><V81/><AGARI ba="2,1" hai="24,26,50,53,59,61,66,70,81,87,88,89,90,91" machi="81" ten="30,6000,0" yaku="1,1,0,1,54,1,53,0" doraHai="95" doraHaiUra="119" who="2" fromWho="2" sc="154,-22,160,-22,517,76,159,-22" /><INIT seed="2,3,0,3,5,122" ten="132,138,593,137" oya="2" hai0="120,57,100,48,130,101,72,105,106,126,14,90,63" hai1="82,58,42,41,11,132,55,77,33,20,135,28,40" hai2="1,95,62,113,92,71,46,67,96,22,89,80,30" hai3="54,45,103,27,26,125,86,36,60,68,34,116,127"/><V88/><F1/><W73/><G73/><T111/><D120/><U25/><E11/><V117/><F113/><W66/><G116/><T23/><D72/><U83/><E33/><V91/><F117/><W76/><G103/><T61/><D130/><U104/><E104/><V128/><F128/><W16/><G34/><T74/><D74/><U134/><REACH who="1" step="1"/><E77/><REACH who="1" ten="132,128,593,137" step="2"/><V121/><F121/><W59/><G76/><T49/><D105/><U65/><E65/><V15/><F80/><W78/><G78/><T85/><D106/><U98/><E98/><V13/><F46/><W37/><G45/><T81/><D81/><U64/><E64/><V39/><F39/><W124/><G86/><T102/><D85/><U17/><E17/><V24/><F91/><W0/><G0/><T110/><D90/><U99/><E99/><AGARI ba="3,1" hai="13,15,22,24,30,62,67,71,88,89,92,95,96,99" machi="99" ten="30,5800,0" yaku="7,1,9,1,54,1" doraHai="122" who="2" fromWho="1" sc="132,0,128,-67,593,77,137,0" /><INIT seed="2,4,0,4,4,1" ten="132,61,670,137" oya="2" hai0="102,121,34,10,113,48,60,76,106,63,84,67,96" hai1="5,47,82,114,11,71,22,80,101,100,46,38,117" hai2="110,125,25,109,122,14,87,32,119,88,61,52,7" hai3="30,81,132,58,105,0,66,123,98,95,53,18,12"/><V111/><F119/><W112/><G123/><T72/><D113/><U68/><E114/><V115/><F115/><W120/><G112/><T28/><D121/><U133/><E117/><V3/><F3/><W35/><G105/><T64/><D72/><U51/><E133/><V41/><F41/><W2/><G66/><T124/><D124/><U127/><E127/><V40/><F40/><W19/><G132/><T42/><D28/><U70/><E38/><V45/><F125/><W91/><G120/><T103/><D103/><U15/><E47/><V134/><F122/><W75/><G19/><T24/><D24/><U85/><E22/><V8/><F134/><W77/><G30/><T94/><D34/><U135/><E82/><N who="2" m="49271" /><F25/><W74/><G74/><T104/><D104/><U108/><E108/><V37/><F37/><W21/><REACH who="3" step="1"/><G35/><REACH who="3" ten="132,61,670,127" step="2"/><T33/><D106/><U69/><N who="1" m="17408" /><DORA hai="4" /><U116/><E135/><V107/><F107/><W49/><AGARI ba="4,1" hai="0,2,12,18,21,49,53,58,75,77,81,91,95,98" machi="49" ten="20,2700,0" yaku="1,1,0,1,7,1,53,0" doraHai="1,4" doraHaiUra="43,129" who="3" fromWho="3" sc="132,-11,61,-11,670,-17,127,49" /><INIT seed="3,0,0,4,3,101" ten="121,50,653,176" oya="3" hai0="57,127,37,59,18,34,51,92,41,74,1,63,8" hai1="83,64,89,91,115,49,43,108,42,15,35,24,36" hai2="128,112,22,126,117,68,50,12,31,71,105,84,7" hai3="110,107,78,38,121,9,45,114,133,97,16,81,85"/><W122/><G114/><T13/><D34/><U96/><E115/><V77/><F117/><W27/><G133/><T30/><D74/><U46/><E108/><V119/><F119/><W58/><G110/><T56/><D30/><U0/><E0/><V70/><F105/><W90/><G58/><T28/><D28/><U4/><E64/><V14/><F112/><W131/><G131/><T102/><D37/><U132/><E132/><V98/><F98/><W62/><G62/><T19/><D1/><U21/><E35/><V135/><F135/><W99/><G99/><N who="0" m="59751" /><D127/><U79/><E42/><V52/><F126/><W69/><G69/><T47/><D19/><U129/><E36/><V5/><F128/><W94/><G107/><T3/><D3/><U82/><E129/><V95/><F31/><W61/><G61/><AGARI ba="0,0" hai="8,13,18,41,47,51,56,57,59,61,63" m="59751" machi="61" ten="30,1000,0" yaku="8,1" doraHai="101" who="0" fromWho="3" sc="121,10,50,0,653,0,176,-10" /><INIT seed="4,0,0,3,3,130" ten="131,50,653,166" oya="0" hai0="40,30,38,20,107,63,83,116,91,67,45,127,64" hai1="34,16,56,48,26,98,49,39,79,36,111,119,11" hai2="104,31,73,9,117,8,80,18,72,58,71,5,78" hai3="110,61,118,112,125,96,113,0,10,95,7,90,46"/><T53/><D116/><U115/><E119/><V103/><F117/><W69/><G118/><RYUUKYOKU type="kaze4" ba="0,0" sc="131,0,50,0,653,0,166,0" /><INIT seed="4,1,0,0,3,108" ten="131,50,653,166" oya="0" hai0="40,117,104,110,87,12,66,79,54,65,101,0,74" hai1="25,61,94,67,122,41,95,135,51,19,80,29,78" hai2="111,133,77,21,114,46,57,72,13,106,27,15,127" hai3="42,59,107,73,10,38,30,118,5,58,99,97,32"/><T35/><D0/><U71/><E122/><V100/><F111/><W92/><G73/><T56/><D117/><U45/><E19/><V43/><F114/><W11/><G118/><T23/><D35/><U126/><E135/><V7/><F133/><W84/><G38/><T17/><D74/><U88/><E126/><V2/><F100/><W14/><G42/><T90/><D79/><U113/><E113/><V1/><F57/><W20/><G32/><T63/><D110/><U68/><E68/><V128/><F106/><W83/><G107/><T62/><D40/><U49/><E49/><V119/><F1/><W24/><G11/><T105/><D101/><U82/><E94/><V91/><F91/><W121/><G121/><T39/><D39/><U55/><E78/><V81/><F127/><W132/><G132/><T89/><D89/><U125/><E41/><V36/><F128/><W69/><G69/><T116/><D54/><U34/><REACH who="1" step="1"/><E125/><REACH who="1" ten="131,40,653,166" step="2"/><V86/><F119/><W112/><G112/><T60/><D116/><U9/><E9/><N who="2" m="2295" /><F86/><AGARI ba="1,1" hai="25,29,34,45,51,55,61,67,71,80,82,86,88,95" machi="86" ten="30,3900,0" yaku="1,1,7,1,54,1,53,0" doraHai="108" doraHaiUra="3" who="1" fromWho="2" sc="131,0,40,52,653,-42,166,0" /><INIT seed="5,0,0,1,0,62" ten="131,92,611,166" oya="1" hai0="26,94,61,79,52,75,93,57,33,134,105,27,96" hai1="71,120,77,103,39,115,129,58,117,104,67,84,112" hai2="22,2,54,40,83,48,130,55,46,126,56,8,41" hai3="102,128,81,63,7,13,89,111,5,95,15,97,106"/><U135/><E117/><V14/><F126/><W31/><G111/><T38/><D38/><U6/><E120/><V60/><F130/><W18/><G31/><T4/><D134/><U118/><E118/><V47/><F2/><W101/><G128/><T16/><D4/><N who="3" m="1609" /><G106/><T24/><D33/><U127/><E129/><V87/><F22/><N who="3" m="11599" /><G15/><T123/><D123/><U68/><E39/><V34/><F34/><W21/><G21/><N who="0" m="13351" /><D75/><U92/><E6/><N who="2" m="3351" /><F47/><W45/><G45/><T124/><D105/><U35/><E35/><V74/><F74/><W125/><G125/><T37/><D37/><U76/><E104/><V66/><F40/><W28/><G28/><T85/><D124/><U50/><E135/><V90/><AGARI ba="0,0" hai="41,46,48,54,55,56,60,66,83,87,90" m="3351" machi="90" ten="30,2000,0" yaku="8,1,52,1" doraHai="62" who="2" fromWho="2" sc="131,-5,92,-10,611,20,166,-5" /><INIT seed="6,0,0,3,5,28" ten="126,82,631,161" oya="2" hai0="9,103,48,128,95,55,4,125,39,21,30,127,68" hai1="36,133,111,109,54,98,106,61,123,116,101,1,0" hai2="115,70,119,18,117,2,102,96,100,91,45,114,129" hai3="24,26,29,41,108,122,132,3,130,47,110,77,75"/><V17/><F70/><W124/><G122/><T5/><D39/><U51/><E116/><N who="2" m="44619" /><F2/><W66/><G3/><T40/><D128/><U135/><E36/><V86/><F45/><W31/><G124/><T131/><D40/><U80/><E123/><V56/><F56/><W53/><G132/><N who="1" m="50762" /><E61/><V84/><F17/><W82/><G130/><T113/><D131/><U49/><E49/><V65/><F65/><W104/><G104/><T107/><D113/><N who="2" m="43018" /><F18/><W16/><G66/><T97/><D68/><U59/><E80/><N who="2" m="49543" /><F129/><W112/><G112/><T60/><D60/><U7/><E1/><V10/><F10/><AGARI ba="0,0" hai="0,7,10,51,54,59,98,101,106,109,111" m="50762" machi="10" ten="30,1000,0" yaku="20,1" doraHai="28" who="1" fromWho="2" sc="126,0,82,10,631,-10,161,0" /><INIT seed="7,0,0,2,1,119" ten="126,92,621,161" oya="3" hai0="21,48,29,118,18,117,128,125,45,70,107,133,57" hai1="114,100,108,135,60,121,64,122,127,86,44,3,129" hai2="82,8,0,71,96,37,91,113,89,75,115,98,120" hai3="65,131,54,104,38,124,116,40,52,39,105,63,101"/><W50/><G116/><T84/><D70/><U87/><E108/><V5/><F120/><W15/><G124/><T88/><D107/><U56/><E3/><V61/><F98/><W9/><G131/><T69/><D69/><U10/><E10/><V90/><F96/><W99/><G105/><T11/><D133/><U72/><E72/><V110/><F110/><W59/><G40/><T49/><D125/><U112/><E127/><V53/><F53/><W111/><G111/><T80/><D128/><U24/><E100/><V14/><F71/><W12/><G54/><N who="0" m="29967" /><D49/><U85/><E129/><V55/><F55/><W126/><G126/><T58/><D58/><U30/><E44/><V36/><F61/><W92/><G92/><T20/><D57/><U106/><E106/><V17/><F75/><W46/><G15/><N who="0" m="7551" /><D20/><N who="1" m="15623" /><E135/><V1/><F82/><W73/><G73/><T68/><D68/><U94/><E94/><V93/><F93/><W25/><G25/><AGARI ba="0,0" hai="21,25,29,80,84,88,117,118" m="7551,29967" machi="25" ten="30,2000,0" yaku="25,1,54,1" doraHai="119" who="0" fromWho="3" sc="126,20,92,0,621,0,161,-20" owari="146,-5.4,92,-40.8,621,72.1,141,-25.9" /></mjloggm>