<mjloggm ver="2.3"><GO type="169" lobby="0"/><UN n0="%2D%E8%B1%8A%E5%8F%A3%E3%82%81%E3%81%90%E3%81%BF%2D" n1="%56%45%54%54%45%4C" n2="%E2%97%8E%E3%82%88%E3%81%97%E2%97%8E" n3="%41%63%75%6E%61%4A%72" dan="17,16,17,17" rate="2158.78,2127.70,2168.60,2271.22" sx="F,M,M,M"/><TAIKYOKU oya="0"/><INIT seed="0,0,0,1,2,25" ten="250,250,250,250" oya="0" hai0="21,59,67,28,63,125,43,0,87,79,88,121,50" hai1="64,127,57,122,55,41,115,100,85,96,14,71,10" hai2="32,120,42,44,68,52,24,40,106,20,111,11,110" hai3="13,114,61,53,94,124,47,33,31,23,123,2,3"/><T128/><D121/><U104/><E122/><V102/><F68/><W93/><G123/><T65/><D0/><U29/><E127/><V49/><F32/><W72/><G114/><T9/><D125/><U80/><E41/><V45/><F120/><W90/><G72/><T66/><D79/><U132/><E132/><V112/><F112/><W22/><G33/><T5/><D128/><U118/><E118/><V1/><F102/><W77/><G77/><T34/><D34/><U105/><E115/><V17/><F106/><W78/><G78/><T103/><D103/><U86/><E105/><V30/><F42/><W74/><G74/><T117/><D117/><U27/><E64/><V119/><F119/><W73/><G13/><N who="0" m="5295" /><D50/><U98/><E71/><V37/><REACH who="2" step="1"/><F17/><REACH who="2" ten="250,250,240,250" step="2"/><W109/><G124/><T19/><D43/><U101/><E101/><V8/><F8/><W35/><G35/><T126/><D126/><U97/><E100/><V51/><F51/><W36/><G23/><T62/><D62/><N who="1" m="36159" /><E104/><V16/><F16/><W135/><G22/><T129/><D129/><U6/><E80/><V12/><F12/><W58/><G2/><T107/><D107/><U82/><E82/><V7/><AGARI ba="0,1" hai="1,7,11,20,24,30,37,40,44,45,49,52,110,111" machi="7" ten="30,8000,1" yaku="1,1,0,1,52,1,54,1,53,1" doraHai="25" doraHaiUra="38" who="2" fromWho="2" sc="250,-40,250,-20,240,90,250,-20" /><INIT seed="1,0,0,4,4,100" ten="210,230,330,230" oya="1" hai0="46,121,8,60,11,73,63,95,53,13,26,9,33" hai1="18,84,67,12,101,114,120,57,129,131,116,105,134" hai2="106,45,92,64,90,72,56,97,55,29,44,19,35" hai3="2,30,68,21,102,80,40,54,47,69,37,65,66"/><U122/><E114/><V124/><F72/><W78/><G102/><T113/><D113/><U3/><E3/><V6/><F6/><W132/><G132/><T127/><D73/><U43/><E116/><V16/><F124/><W52/><G2/><T119/><D119/><U93/><E43/><V17/><F64/><W99/><G99/><T123/><D127/><U70/><E70/><V32/><F106/><W115/><G115/><T22/><D33/><U117/><E117/><V28/><F32/><W50/><G66/><T103/><D13/><U71/><E71/><V98/><F98/><W112/><G112/><T87/><D46/><N who="2" m="18026" /><F35/><W61/><G69/><T107/><D53/><U15/><E134/><V24/><F24/><W39/><G30/><T76/><D76/><U94/><E67/><V38/><F38/><W25/><G39/><T27/><D95/><U20/><E57/><V135/><F135/><W31/><REACH who="3" step="1"/><G37/><REACH who="3" ten="210,230,330,220" step="2"/><T125/><D125/><U7/><E120/><V59/><F59/><W23/><G23/><T42/><D22/><U41/><E122/><V130/><F130/><W48/><G48/><AGARI ba="0,1" hai="16,17,19,28,29,48,55,56,90,92,97" m="18026" machi="48" ten="30,2000,0" yaku="8,1,54,1" doraHai="100" who="2" fromWho="3" sc="210,0,230,0,330,30,220,-20" /><INIT seed="2,0,0,0,2,135" ten="210,230,360,200" oya="2" hai0="33,98,61,40,119,43,79,92,8,116,114,48,89" hai1="35,53,117,80,38,113,44,134,59,82,85,77,13" hai2="50,1,91,83,4,129,69,55,101,63,72,123,58" hai3="10,126,112,100,88,93,78,104,31,7,87,105,127"/><V71/><F123/><W90/><G31/><T29/><D114/><U47/><E113/><V20/><F129/><W66/><G112/><T124/><D79/><U95/><E117/><N who="0" m="45129" /><D61/><U128/><E134/><V106/><F101/><W109/><G109/><T131/><D131/><U15/><E35/><V25/><F106/><W96/><G66/><T56/><D8/><U3/><E3/><V75/><F75/><W110/><G110/><T103/><D89/><U64/><E64/><V32/><F32/><W17/><G17/><T2/><D2/><U107/><E107/><V12/><F1/><W49/><G49/><T62/><D48/><U23/><E38/><V11/><F50/><W130/><G130/><T86/><D86/><U39/><E39/><V118/><F118/><W121/><G121/><T51/><D51/><N who="1" m="31167" /><E128/><V42/><F42/><W70/><G70/><T67/><D124/><N who="3" m="47657" /><G78/><T122/><D122/><U36/><E36/><V9/><F71/><W97/><G105/><T16/><D16/><N who="1" m="10655" /><E77/><V19/><F69/><W133/><G133/><T26/><AGARI ba="0,0" hai="26,29,33,40,43,56,62,67,92,98,103" m="45129" machi="26" ten="30,1100,0" yaku="12,1" doraHai="135" who="0" fromWho="0" sc="210,11,230,-3,360,-5,200,-3" /><INIT seed="3,0,0,3,1,105" ten="221,227,355,197" oya="3" hai0="86,114,87,112,93,62,55,53,27,108,121,130,35" hai1="78,124,69,89,96,132,7,80,88,129,82,22,12" hai2="32,58,26,39,107,90,2,74,3,118,36,95,116" hai3="43,72,109,34,48,122,131,9,70,16,59,45,104"/><W65/><G122/><T81/><D121/><U98/><E69/><V42/><F107/><W56/><G34/><T30/><D108/><U66/><E66/><V99/><F58/><W21/><G109/><T75/><D130/><U13/><E129/><V85/><F26/><W113/><G113/><N who="0" m="43627" /><D93/><U33/><E33/><V84/><F32/><W73/><G131/><T5/><D5/><U71/><E71/><V51/><F51/><W135/><G104/><T4/><D4/><U41/><E41/><V110/><F110/><W102/><G102/><T60/><D87/><U94/><E132/><V134/><F42/><W68/><G135/><T125/><D125/><U115/><E115/><V20/><F95/><W119/><G119/><T101/><D101/><U23/><E94/><V19/><F99/><W52/><G9/><T126/><D126/><U28/><E7/><V24/><F134/><W91/><G91/><N who="0" m="51663" /><D75/><U123/><E124/><V17/><F90/><W76/><G76/><T67/><D62/><U127/><E127/><V120/><F120/><W57/><G43/><T111/><D111/><U103/><E103/><V29/><F74/><W38/><G38/><N who="2" m="14377" /><F118/><W18/><G70/><AGARI ba="0,0" hai="27,30,35,53,55,60,67,70" m="51663,43627" machi="70" ten="30,1000,0" yaku="11,1" doraHai="105" who="0" fromWho="3" sc="221,10,227,0,355,0,197,-10" /><INIT seed="4,0,0,0,1,16" ten="231,227,355,187" oya="0" hai0="93,116,91,110,54,103,65,43,59,64,35,67,41" hai1="58,60,56,82,104,129,119,86,68,30,128,109,23" hai2="48,25,17,118,63,95,94,31,51,127,81,32,24" hai3="37,113,46,0,10,8,6,9,57,44,121,123,135"/><T14/><D116/><U84/><E119/><V74/><F118/><W76/><G113/><T70/><D35/><U132/><E109/><V52/><F127/><W114/><G114/><T53/><D103/><U13/><E104/><V19/><F63/><W98/><G76/><T40/><D110/><U108/><E108/><V39/><F39/><W112/><G112/><T34/><D34/><U49/><E132/><V131/><F131/><N who="1" m="50249" /><E49/><V42/><F42/><W102/><G135/><T73/><D73/><U15/><E86/><V61/><F61/><W62/><G6/><T75/><D75/><U126/><E126/><V78/><F51/><W36/><G0/><T77/><D77/><N who="1" m="46159" /><E68/><V130/><F130/><W111/><G111/><T69/><D14/><N who="1" m="5131" /><E60/><V71/><F71/><N who="0" m="27146" /><D93/><U101/><E101/><V26/><F94/><W99/><G102/><T83/><D91/><U87/><E87/><V134/><F95/><W4/><G4/><T22/><D83/><U122/><E122/><N who="3" m="46602" /><G99/><T2/><D2/><U33/><E33/><V124/><F134/><W105/><G98/><T120/><D120/><U21/><E30/><V3/><F3/><W45/><G105/><T50/><D54/><AGARI ba="0,0" hai="8,9,10,36,37,44,45,46,54,57,62" m="46602" machi="54" ten="40,1300,0" yaku="13,1" doraHai="16" who="3" fromWho="0" sc="231,-13,227,0,355,0,187,13" /><INIT seed="5,0,0,4,4,3" ten="218,227,355,200" oya="1" hai0="111,131,6,72,37,34,113,79,47,120,88,0,115" hai1="85,61,20,100,1,125,105,19,29,101,22,122,106" hai2="24,119,59,102,94,129,107,5,91,112,60,13,83" hai3="17,10,32,16,77,128,108,134,87,121,54,89,45"/><U103/><E122/><V110/><F119/><W118/><G121/><T50/><D111/><U97/><E1/><V86/><F110/><W114/><G108/><T2/><D34/><U40/><E125/><V41/><F129/><W69/><G32/><T63/><D120/><U48/><E61/><V52/><F112/><N who="0" m="43082" /><D37/><U117/><E117/><V65/><F41/><W25/><G114/><T104/><D104/><U126/><E126/><V53/><F107/><W44/><G69/><T7/><D131/><U109/><E109/><V95/><F24/><W56/><G118/><T99/><D63/><U92/><E29/><V130/><F130/><W123/><G77/><T14/><D14/><U135/><E135/><V132/><F132/><W127/><G127/><T12/><D12/><U33/><E33/><V64/><F64/><W9/><G134/><T68/><D68/><U76/><E105/><V82/><F82/><W57/><G128/><T21/><D21/><N who="1" m="8299" /><E106/><V81/><F81/><W36/><G25/><T23/><D23/><U96/><E19/><N who="3" m="7242" /><G36/><T124/><D124/><U73/><E73/><V18/><F18/><W51/><G123/><T62/><D62/><U98/><E76/><V15/><F15/><W67/><G10/><T78/><D2/><U84/><E92/><N who="2" m="35371" /><F102/><W42/><G9/><AGARI ba="0,0" hai="5,9,13,52,53,59,60,65,83,86,91" m="35371" machi="9" ten="30,3900,0" yaku="8,1,52,1,54,1" doraHai="3" who="2" fromWho="3" sc="218,0,227,0,355,39,200,-39" /><INIT seed="6,0,0,5,5,24" ten="218,227,394,161" oya="2" hai0="68,44,12,26,39,116,35,86,41,90,128,74,119" hai1="85,59,107,51,99,100,15,112,19,96,122,87,70" hai2="84,114,33,57,1,130,103,113,52,5,61,78,9" hai3="81,42,80,23,108,56,133,58,25,94,110,31,45"/><V2/><F130/><W79/><G133/><T95/><D68/><U29/><E70/><V37/><F37/><W101/><G108/><T76/><D128/><U125/><E112/><N who="2" m="43115" /><F33/><W75/><G110/><T4/><D74/><U93/><E125/><V36/><F36/><W66/><G81/><T62/><D76/><U63/><E51/><V8/><F103/><W69/><G69/><T117/><D62/><U121/><E122/><V7/><F84/><W53/><G66/><T123/><D123/><U109/><E109/><V16/><F16/><W43/><G45/><T60/><D60/><U17/><E121/><V27/><F27/><W38/><G38/><T77/><D77/><AGARI ba="0,0" hai="1,2,5,7,8,9,52,57,61,77,78" m="43115" machi="77" ten="30,2900,0" yaku="15,1,54,1" doraHai="24" who="2" fromWho="0" sc="218,-29,227,0,394,29,161,0" /><INIT seed="6,1,0,4,0,88" ten="189,227,423,161" oya="2" hai0="16,87,123,50,7,55,45,82,19,98,62,121,78" hai1="60,10,38,20,44,29,118,106,56,33,120,0,48" hai2="124,59,99,110,79,133,27,89,134,8,114,22,122" hai3="39,130,40,65,72,64,129,23,116,101,84,36,1"/><V13/><F122/><W26/><G72/><T30/><D30/><U57/><E118/><V126/><F114/><W11/><G116/><T53/><D7/><U70/><E33/><V41/><F79/><W127/><G127/><N who="2" m="48681" /><F41/><W67/><G101/><T32/><D32/><U100/><E38/><V125/><F59/><W52/><G84/><T132/><D132/><N who="2" m="50794" /><F125/><W43/><G43/><T93/><D123/><U71/><E56/><V90/><F99/><W47/><G39/><T135/><D121/><U17/><E57/><V109/><F89/><W3/><G52/><N who="0" m="29775" /><D135/><U105/><E120/><V83/><F90/><W104/><G11/><T103/><D62/><U42/><E60/><V4/><F83/><W12/><G12/><T128/><D128/><N who="3" m="49257" /><G104/><T73/><D73/><U61/><E105/><V69/><F69/><W2/><G67/><T63/><D63/><U6/><E61/><V75/><F75/><W111/><G111/><T74/><D74/><U46/><E106/><V68/><F68/><W97/><G97/><T21/><D19/><AGARI ba="1,0" hai="4,8,13,19,22,27,109,110" m="50794,48681" machi="19" ten="30,11600,0" yaku="18,1,20,1,34,2" doraHai="88" who="2" fromWho="0" sc="189,-119,227,0,423,119,161,0" /><AGARI ba="1,0" hai="1,2,3,19,23,26,36,40,47,64,65" m="49257" machi="19" ten="40,1300,0" yaku="19,1" doraHai="88" who="3" fromWho="0" sc="70,-13,227,0,542,0,161,13" /><INIT seed="6,2,0,3,2,76" ten="57,227,542,174" oya="2" hai0="9,29,7,44,96,59,87,28,122,108,55,111,69" hai1="105,13,77,56,107,99,134,63,46,42,124,100,95" hai2="5,102,103,23,41,110,37,1,90,117,66,84,118" hai3="129,65,113,92,75,11,133,38,34,127,51,52,78"/><V48/><F37/><W57/><G127/><T39/><D69/><U16/><E134/><V83/><F66/><W10/><G133/><T61/><D122/><U130/><E130/><V112/><F112/><W35/><G129/><T94/><D111/><U119/><E119/><V131/><F131/><W45/><G113/><T0/><D108/><U47/><E124/><V15/><F1/><W89/><G78/><T17/><D39/><U27/><E27/><V54/><F41/><W72/><G72/><T60/><D60/><U58/><E77/><V30/><F110/><W116/><G75/><T97/><D97/><U70/><E70/><V25/><F117/><W49/><G38/><T101/><D44/><U85/><E85/><V106/><F106/><W18/><G116/><T21/><REACH who="0" step="1"/><D87/><REACH who="0" ten="47,227,542,174" step="2"/><U50/><E47/><N who="2" m="27935" /><F118/><W120/><G120/><T93/><D93/><U3/><E105/><V114/><F114/><W71/><G45/><T6/><D6/><U32/><E107/><V98/><F98/><W125/><G125/><T121/><D121/><U82/><E46/><V20/><F5/><W74/><G74/><T109/><D109/><U62/><E99/><V8/><F8/><W2/><G11/><T19/><D19/><AGARI ba="2,1" hai="15,19,20,23,25,30,83,84,90,102,103" m="27935" machi="19" ten="30,2900,0" yaku="8,1,52,1" doraHai="76" who="2" fromWho="0" sc="47,-35,227,0,542,45,174,0" /><INIT seed="6,3,0,1,1,92" ten="12,227,587,174" oya="2" hai0="29,23,19,41,7,27,133,78,48,75,99,101,30" hai1="93,68,10,128,55,13,120,72,65,105,21,97,28" hai2="80,91,129,62,37,102,135,24,11,94,12,3,14" hai3="126,132,18,39,112,130,52,87,100,83,107,124,22"/><V103/><F37/><W108/><G108/><T90/><D133/><U98/><E72/><V5/><F135/><W76/><G39/><T56/><D7/><U31/><E128/><V50/><F129/><W49/><G132/><T89/><D78/><U6/><E120/><V32/><F80/><W26/><G130/><T106/><D75/><U127/><E127/><V116/><F116/><W59/><REACH who="3" step="1"/><G112/><REACH who="3" ten="12,227,587,164" step="2"/><T16/><D30/><U45/><E28/><V115/><F115/><W66/><G66/><T84/><D90/><U67/><E31/><V96/><F91/><W64/><G64/><T123/><D123/><U36/><E67/><V15/><F103/><W17/><G17/><T109/><D109/><U74/><E65/><V4/><F4/><W82/><G82/><T86/><D86/><U35/><E6/><V58/><F32/><W0/><G0/><T40/><D40/><U131/><E35/><V113/><F113/><W104/><G104/><T33/><D33/><U134/><E105/><V79/><F3/><W77/><G77/><T47/><REACH who="0" step="1"/><D56/><REACH who="0" ten="2,227,587,164" step="2"/><U125/><E134/><V111/><F111/><W2/><G2/><T81/><AGARI ba="3,2" hai="16,19,23,27,29,41,47,48,81,84,89,99,101,106" machi="81" ten="20,12000,2" yaku="1,1,2,1,0,1,7,1,52,1,54,1,53,1" doraHai="92" doraHaiUra="20" who="0" fromWho="0" sc="2,149,227,-33,587,-63,164,-33" /><INIT seed="7,0,0,2,2,128" ten="151,194,524,131" oya="3" hai0="30,101,93,114,60,110,9,68,106,1,105,26,74" hai1="32,14,75,103,29,50,57,88,56,21,11,8,86" hai2="130,82,70,41,77,31,96,104,118,116,22,123,95" hai3="108,134,13,67,25,40,51,55,125,12,66,36,91"/><W79/><G125/><T69/><D110/><U7/><E75/><V109/><F70/><W102/><G108/><T4/><D74/><U85/><E32/><V28/><F104/><W61/><G79/><T71/><D114/><U54/><E103/><V107/><F130/><W42/><G102/><T18/><D18/><U15/><E57/><V72/><F107/><W48/><G25/><T126/><D126/><U80/><E86/><V0/><F0/><W34/><G34/><N who="0" m="20823" /><D93/><U115/><E115/><V45/><F123/><W62/><G91/><T83/><D83/><U3/><E3/><V133/><F109/><W10/><G10/><N who="1" m="3626" /><E7/><V17/><F133/><W89/><G89/><T38/><D106/><U52/><E54/><V120/><F120/><W97/><G97/><N who="0" m="61615" /><D38/><U35/><E35/><V121/><F121/><W59/><G134/><T87/><D87/><U43/><E43/><N who="3" m="16426" /><G36/><T124/><D124/><U112/><E112/><V94/><F116/><W63/><G51/><T37/><D37/><U84/><E84/><V19/><F118/><W53/><G53/><T64/><AGARI ba="0,0" hai="1,4,9,60,64,68,69,71" m="61615,20823" machi="64" ten="30,4000,0" yaku="25,1,33,2" doraHai="128" who="0" fromWho="0" sc="151,40,194,-10,524,-10,131,-20" owari="191,-0.9,184,-21.6,514,61.4,111,-38.9" /></mjloggm>