<mjloggm ver="2.3"><GO type="169" lobby="0"/><UN n0="%E3%81%B5%E3%81%8B" n1="%E5%B0%8F%E6%B1%A0%E7%BE%8E%E6%B3%A2%E2%8A%BF" n2="%E7%B5%B6%E5%AF%BE%E9%98%B2%E5%BE%A1%E5%B0%86%E8%BB%8D" n3="%42%4F%53%23%31%31" dan="17,16,16,16" rate="2218.43,2186.48,2128.29,2117.66" sx="M,M,M,M"/><TAIKYOKU oya="0"/><INIT seed="0,0,0,5,0,41" ten="250,250,250,250" oya="0" hai0="19,49,110,28,61,81,47,20,127,56,50,100,62" hai1="125,111,120,27,26,133,85,116,4,29,58,3,84" hai2="51,102,113,39,109,10,77,32,90,24,114,52,70" hai3="45,115,44,14,37,126,63,25,118,54,1,21,94"/><T105/><D127/><U86/><E116/><V11/><F109/><W117/><G1/><T73/><D110/><U22/><E111/><V97/><F39/><W131/><G115/><T16/><D105/><U95/><E120/><V74/><F70/><W101/><G126/><T7/><D100/><U17/><E125/><V15/><F90/><W129/><G37/><T67/><D7/><U92/><E133/><V6/><F77/><W35/><G14/><T78/><D50/><U121/><E121/><V38/><F38/><W122/><G35/><T112/><D112/><U104/><E104/><V65/><F65/><W87/><G54/><T75/><D62/><U98/><E3/><V40/><F74/><W76/><G63/><T18/><D28/><U46/><E4/><V72/><F72/><W128/><G76/><T107/><D107/><U53/><E98/><V103/><F40/><W124/><G122/><T55/><REACH who="0" step="1"/><D73/><REACH who="0" ten="240,250,250,250" step="2"/><U33/><REACH who="1" step="1"/><E46/><REACH who="1" ten="240,240,250,250" step="2"/><N who="3" m="18026" /><G124/><T106/><D106/><U132/><E132/><V89/><F114/><W8/><G117/><T71/><D71/><U119/><E119/><V43/><F113/><W42/><G118/><T64/><D64/><U135/><E135/><V134/><F134/><W99/><G42/><T0/><D0/><U96/><E96/><V9/><F43/><W93/><G87/><T13/><AGARI ba="0,2" hai="13,16,18,19,20,47,49,55,56,61,67,75,78,81" machi="13" ten="20,12000,1" yaku="1,1,0,1,7,1,52,1,54,1,53,0" doraHai="41" doraHaiUra="82" who="0" fromWho="0" sc="240,140,240,-40,250,-40,250,-40" /><INIT seed="0,1,0,5,2,24" ten="380,200,210,210" oya="0" hai0="122,92,89,58,91,85,128,57,78,106,72,108,2" hai1="15,54,90,66,40,119,42,31,62,10,105,126,32" hai2="120,19,59,101,44,134,65,71,4,37,60,49,3" hai3="125,61,98,75,7,115,103,1,113,127,16,6,110"/><T80/><D122/><U74/><E119/><V97/><F120/><W93/><G75/><T124/><D2/><U132/><E105/><V53/><F134/><W29/><G110/><T50/><D128/><U9/><E74/><V67/><F19/><W99/><G61/><T86/><D124/><N who="3" m="47689" /><G1/><T112/><D112/><N who="3" m="43081" /><G29/><T76/><D108/><U51/><E126/><V34/><F34/><W131/><G131/><T77/><D106/><U84/><E132/><V46/><F37/><W8/><G98/><T87/><D72/><U81/><E42/><V33/><F33/><W100/><G100/><T96/><D50/><U38/><E40/><V68/><F3/><W52/><G52/><T107/><D58/><U83/><E38/><V73/><F73/><W129/><G129/><T69/><D57/><U95/><E31/><V45/><F67/><W111/><G111/><T20/><D69/><U102/><E102/><V48/><F71/><W104/><G104/><T55/><D55/><U135/><E32/><V22/><F97/><W12/><AGARI ba="1,0" hai="6,7,8,12,16,93,99,103" m="43081,47689" machi="12" ten="40,2700,0" yaku="18,1,54,1" doraHai="24" who="3" fromWho="3" sc="380,-14,200,-8,210,-8,210,30" /><INIT seed="1,0,0,3,4,118" ten="366,192,202,240" oya="1" hai0="112,72,70,89,65,106,77,5,87,132,4,97,101" hai1="109,111,20,76,108,131,61,92,71,113,123,126,8" hai2="94,50,29,122,73,39,12,19,58,44,52,15,35" hai3="63,135,9,103,60,104,78,69,53,115,32,3,95"/><U68/><E113/><V57/><F73/><W34/><G115/><T117/><D112/><U38/><E38/><V17/><F122/><W84/><G135/><T36/><D36/><U120/><E131/><V31/><F94/><W125/><G125/><T134/><D117/><U49/><E126/><V7/><F7/><W119/><G63/><N who="0" m="40255" /><D77/><U100/><E76/><V40/><F58/><W91/><G119/><T33/><D33/><U10/><E20/><V13/><REACH who="2" step="1"/><F35/><REACH who="2" ten="366,192,192,240" step="2"/><W96/><G69/><N who="1" m="26698" /><E61/><V127/><F127/><W43/><G60/><T129/><D72/><U82/><E82/><V54/><F54/><W6/><G53/><T56/><D56/><U98/><E49/><V121/><F121/><AGARI ba="0,1" hai="8,10,92,98,100,108,109,111,120,121,123" m="26698" machi="121" ten="40,12000,1" yaku="14,1,10,1,52,3" doraHai="118" who="1" fromWho="2" sc="366,0,192,130,192,-120,240,0" /><INIT seed="1,1,0,0,4,125" ten="366,322,72,240" oya="1" hai0="83,32,6,56,41,76,79,70,73,8,49,121,31" hai1="28,38,63,115,53,12,42,131,21,101,106,82,113" hai2="75,92,90,40,108,96,33,120,55,0,97,93,98" hai3="60,78,29,102,46,112,116,100,9,20,95,109,129"/><U37/><E106/><V48/><F108/><W80/><G112/><T118/><D70/><U51/><E101/><V16/><F120/><W134/><G109/><T10/><D76/><U103/><E103/><V89/><F75/><W52/><G134/><T27/><D10/><U86/><E63/><V135/><F33/><W65/><G116/><T105/><D105/><U44/><E37/><V47/><F0/><W64/><G9/><T133/><D56/><U25/><E12/><V39/><F135/><W71/><G64/><T99/><D99/><U5/><E5/><V61/><F61/><W88/><G29/><T119/><D49/><U30/><E131/><V114/><F114/><W68/><G20/><T127/><D127/><U126/><E30/><V69/><F69/><W57/><G129/><T117/><D41/><U62/><E62/><V19/><REACH who="2" step="1"/><F98/><REACH who="2" ten="366,322,62,240" step="2"/><W13/><G68/><T66/><D133/><U36/><E126/><V72/><F72/><W107/><G71/><T7/><D121/><U22/><E115/><V130/><F130/><W77/><G60/><T43/><D73/><U14/><E113/><V84/><F84/><W3/><G3/><T59/><D32/><U58/><E86/><V11/><F11/><W94/><G107/><T81/><D117/><U128/><E128/><V18/><F18/><W132/><G132/><T1/><D1/><U111/><E111/><V45/><AGARI ba="1,1" hai="16,19,39,40,45,47,48,55,89,90,92,93,96,97" machi="45" ten="20,12000,2" yaku="1,1,0,1,7,1,9,1,54,1,53,1" doraHai="125" doraHaiUra="50" who="2" fromWho="2" sc="366,-31,322,-61,62,133,240,-31" /><INIT seed="2,0,0,4,4,41" ten="335,261,195,209" oya="2" hai0="80,86,21,105,60,46,99,110,68,67,40,96,93" hai1="48,97,26,16,44,117,92,43,0,29,103,130,95" hai2="59,120,63,129,85,1,27,61,5,32,11,111,78" hai3="25,38,87,55,54,49,39,12,88,7,127,108,36"/><V124/><F120/><W50/><G108/><T66/><D110/><U102/><E0/><V107/><F111/><W42/><G127/><T118/><D118/><U75/><E130/><V62/><F107/><W19/><G25/><T15/><D67/><U58/><E75/><V28/><F124/><W35/><G7/><T13/><D105/><U114/><E117/><V47/><F129/><W45/><G35/><T122/><D122/><U70/><E70/><V128/><F128/><W56/><G42/><T91/><D21/><N who="1" m="13607" /><E114/><V2/><F2/><W3/><G3/><T106/><D106/><U69/><E69/><V23/><F32/><W33/><G33/><T89/><REACH who="0" step="1"/><D96/><REACH who="0" ten="325,261,195,209" step="2"/><N who="1" m="59655" /><E29/><V20/><F20/><W73/><G73/><T83/><D83/><U109/><E109/><V101/><F23/><W10/><REACH who="3" step="1"/><G36/><AGARI ba="0,1" hai="13,15,36,40,46,60,66,68,80,86,89,91,93,99" machi="36" ten="30,3900,0" yaku="1,1,7,1,52,1,53,0" doraHai="41" doraHaiUra="52" who="0" fromWho="3" sc="325,49,261,0,195,0,209,-39" /><INIT seed="3,0,0,1,0,124" ten="374,261,195,170" oya="3" hai0="116,72,49,80,132,58,118,97,42,41,9,133,6" hai1="10,92,88,15,128,112,61,54,122,48,73,24,50" hai2="11,30,46,62,47,117,94,36,129,101,130,77,111" hai3="125,64,3,69,12,43,22,84,87,91,99,19,28"/><W127/><G3/><T113/><D113/><U90/><E122/><V104/><F111/><W5/><G43/><T51/><D97/><U18/><E112/><V134/><F117/><W95/><G5/><T120/><D120/><U39/><E73/><V78/><F104/><W66/><G28/><T81/><D72/><U108/><E39/><V131/><F134/><W44/><G44/><N who="2" m="16937" /><F36/><W20/><G20/><T121/><D121/><U1/><E108/><V79/><F30/><W0/><G0/><T135/><D58/><N who="1" m="35031" /><E1/><V45/><N who="2" m="16945" /><V16/><DORA hai="21" /><F62/><W29/><G29/><T34/><D34/><U33/><E33/><V40/><F40/><N who="0" m="15466" /><D51/><N who="1" m="19499" /><E128/><V37/><F37/><W98/><G98/><T93/><D49/><U2/><E2/><V65/><F65/><W63/><REACH who="3" step="1"/><G64/><REACH who="3" ten="374,261,195,160" step="2"/><T59/><D116/><U4/><E92/><V53/><F94/><W75/><G75/><T56/><D93/><U68/><E68/><V35/><F35/><W7/><G7/><T32/><D32/><U13/><E24/><V100/><F53/><W115/><G115/><T38/><D118/><U52/><E52/><V109/><F109/><W126/><AGARI ba="0,1" hai="12,19,22,63,66,69,84,87,91,95,99,125,126,127" machi="126" ten="30,11700,0" yaku="1,1,0,1,18,1,53,1" doraHai="124,21" doraHaiUra="102,8" who="3" fromWho="3" sc="374,-39,261,-39,195,-39,160,127" /><INIT seed="3,1,0,1,0,118" ten="335,222,156,287" oya="3" hai0="57,18,124,129,6,85,114,29,55,101,11,50,91" hai1="15,67,36,61,39,107,120,80,90,116,73,97,31" hai2="5,17,111,44,54,109,79,117,62,99,35,75,27" hai3="121,92,1,3,131,34,103,71,115,132,12,77,60"/><W43/><G115/><T96/><D129/><U30/><E116/><V41/><F117/><W102/><G131/><T19/><D124/><U123/><E15/><V135/><F135/><W49/><G34/><T100/><D29/><U69/><E73/><V24/><F35/><W84/><G132/><T128/><D114/><U105/><E80/><V104/><F5/><W82/><G121/><N who="1" m="46666" /><E90/><V70/><F79/><W68/><G68/><T7/><D7/><U112/><E30/><V14/><F75/><W2/><G12/><N who="0" m="5239" /><D128/><U64/><E112/><V76/><F76/><W9/><G9/><T42/><D42/><U134/><E134/><V10/><F104/><N who="1" m="40009" /><E97/><V65/><F99/><W26/><G26/><T4/><D4/><U106/><N who="1" m="40017" /><U126/><DORA hai="51" /><E126/><V119/><F119/><W40/><G92/><N who="0" m="58503" /><D100/><U53/><E53/><V37/><REACH who="2" step="1"/><F54/><REACH who="2" ten="335,222,146,287" step="2"/><W59/><G2/><T38/><D38/><U87/><E87/><V25/><AGARI ba="1,1" hai="10,14,17,24,25,27,37,41,44,62,65,70,109,111" machi="25" ten="30,12000,2" yaku="1,1,2,1,0,1,53,3" doraHai="118,51" doraHaiUra="130,20" who="2" fromWho="2" sc="335,-31,222,-31,146,133,287,-61" /><INIT seed="4,0,0,2,0,116" ten="304,191,279,226" oya="0" hai0="130,11,108,89,32,91,73,90,76,85,28,48,44" hai1="54,81,115,129,4,101,45,59,3,49,135,26,33" hai2="96,100,2,120,42,93,40,31,57,7,110,106,83" hai3="105,98,15,17,13,97,103,75,50,5,107,36,77"/><T41/><D130/><U16/><E129/><V43/><F110/><W24/><G36/><T124/><D108/><U88/><E135/><V39/><F31/><W66/><G66/><T113/><D113/><U9/><E101/><V109/><F109/><W12/><G50/><T122/><D124/><U34/><E115/><V128/><F128/><W52/><G52/><T8/><D73/><U125/><E125/><V121/><F39/><W55/><G55/><T127/><D127/><U74/><E74/><V10/><F106/><W19/><G5/><T27/><REACH who="0" step="1"/><D122/><REACH who="0" ten="294,191,279,226" step="2"/><U94/><E81/><AGARI ba="0,1" hai="8,11,27,28,32,41,44,48,76,81,85,89,90,91" machi="81" ten="40,3900,0" yaku="1,1,2,1,53,0" doraHai="116" doraHaiUra="64" who="0" fromWho="1" sc="294,49,191,-39,279,0,226,0" /><INIT seed="4,1,0,2,3,49" ten="343,152,279,226" oya="0" hai0="16,27,62,103,97,48,102,69,123,10,56,53,95" hai1="33,106,68,60,81,126,29,14,92,59,9,75,114" hai2="94,17,20,45,8,2,133,52,34,83,130,66,18" hai3="109,87,1,100,51,116,101,76,41,50,32,121,129"/><T61/><D123/><U30/><E106/><V115/><F115/><W11/><G109/><T131/><D131/><U108/><E108/><V107/><F107/><W105/><G116/><T25/><D102/><U3/><E3/><V13/><F34/><W128/><G32/><T23/><D69/><U112/><E68/><V78/><F66/><W21/><G121/><T26/><REACH who="0" step="1"/><D10/><REACH who="0" ten="333,152,279,226" step="2"/><U119/><E119/><V120/><F130/><W28/><G11/><T96/><D96/><U37/><E114/><V5/><F120/><W40/><G101/><T43/><D43/><U90/><E112/><V38/><F8/><W111/><G100/><T35/><D35/><U135/><E33/><V84/><F2/><W72/><G41/><T127/><D127/><U71/><E126/><V80/><F5/><W113/><G40/><T15/><AGARI ba="1,1" hai="15,16,23,25,26,27,48,53,56,61,62,95,97,103" machi="15" ten="30,18000,2" yaku="1,1,0,1,8,1,52,1,54,1,53,1" doraHai="49" doraHaiUra="98" who="0" fromWho="0" sc="333,193,152,-61,279,-61,226,-61" /><INIT seed="4,2,0,4,0,104" ten="526,91,218,165" oya="0" hai0="2,94,30,75,106,135,16,101,65,0,24,58,97" hai1="35,21,52,23,130,127,132,76,56,93,31,81,15" hai2="103,84,102,55,37,36,77,53,82,108,88,116,44" hai3="111,123,10,124,80,110,61,125,8,86,71,13,79"/><T9/><D135/><U115/><E132/><V74/><F108/><W100/><G123/><T1/><D106/><U50/><E130/><V34/><F34/><W7/><G100/><T47/><D47/><U28/><E127/><N who="3" m="48714" /><G10/><T85/><D85/><U99/><E35/><V40/><F37/><W95/><G95/><T129/><D129/><U66/><E66/><AGARI ba="2,0" hai="7,8,13,61,66,71,79,80,86,110,111" m="48714" machi="66" ten="30,1000,0" yaku="18,1" doraHai="104" who="3" fromWho="1" sc="526,0,91,-16,218,0,165,16" /><INIT seed="5,0,0,1,0,32" ten="526,75,218,181" oya="1" hai0="49,73,41,111,107,3,47,31,93,94,133,50,108" hai1="66,28,65,55,126,124,2,14,92,8,87,40,104" hai2="105,109,25,7,97,52,129,80,44,89,10,35,81" hai3="123,113,85,76,91,43,58,99,86,72,82,48,98"/><U4/><E104/><V56/><F109/><W13/><G123/><T61/><D107/><U54/><E40/><V59/><F129/><W88/><G113/><T90/><D73/><U96/><E28/><V106/><F59/><W77/><G13/><T95/><D3/><U84/><E14/><V135/><F135/><W37/><G37/><T110/><D31/><U127/><E87/><V9/><F106/><W115/><G115/><T70/><D133/><U116/><E84/><V24/><F44/><N who="3" m="25631" /><G72/><T114/><D114/><U19/><E19/><V64/><F64/><W63/><G76/><T1/><D1/><U103/><REACH who="1" step="1"/><E116/><REACH who="1" ten="526,65,218,181" step="2"/><V5/><F105/><W23/><G23/><T78/><D41/><U121/><E121/><V11/><F35/><W79/><G79/><T122/><D78/><U125/><N who="1" m="31744" /><DORA hai="45" /><U74/><E74/><V128/><F25/><W26/><G26/><T101/><D122/><U30/><E30/><V57/><F24/><W16/><G16/><T119/><D119/><U15/><E15/><V22/><F22/><W36/><G36/><T117/><D117/><U60/><E60/><V17/><F17/><W18/><G18/><T100/><D61/><U27/><E27/><V29/><F29/><W118/><G118/><T67/><D108/><U120/><E120/><V20/><F20/><W38/><G38/><T62/><D62/><U51/><E51/><V75/><F75/><W132/><G132/><T131/><D110/><U53/><AGARI ba="0,1" hai="2,4,8,53,54,55,65,66,92,96,103" m="31744" machi="53" ten="60,12000,1" yaku="1,1,0,1,18,1,52,1,53,0" doraHai="32,45" doraHaiUra="69,21" who="1" fromWho="1" sc="526,-40,65,130,218,-40,181,-40" /><INIT seed="5,1,0,5,1,36" ten="486,195,178,141" oya="1" hai0="35,94,32,121,76,64,102,62,118,90,93,84,6" hai1="49,46,33,50,129,1,96,54,8,115,47,89,38" hai2="40,4,126,111,67,12,73,31,10,41,70,133,3" hai3="131,108,77,28,57,124,104,48,99,66,85,19,18"/><U26/><E115/><V37/><F111/><W39/><G108/><T68/><D6/><U120/><E120/><V65/><F73/><W22/><G39/><T132/><D93/><U135/><E129/><V25/><F37/><W106/><G131/><T127/><D102/><U43/><E135/><V105/><F105/><W59/><G22/><T80/><D118/><U116/><E116/><V72/><F72/><W122/><G48/><T7/><D7/><U83/><E38/><V23/><F133/><W103/><G85/><T97/><D132/><U9/><E1/><V79/><F79/><W16/><G19/><T71/><D71/><U2/><E2/><V61/><F126/><W123/><G77/><T29/><D29/><U51/><E51/><V113/><F113/><W86/><G86/><T91/><D91/><U27/><E33/><V95/><F67/><W134/><G66/><T14/><D127/><U44/><E44/><V58/><F70/><W125/><G134/><T98/><D98/><U119/><E119/><V17/><REACH who="2" step="1"/><F95/><REACH who="2" ten="486,195,168,141" step="2"/><W78/><G78/><T55/><D64/><U117/><E117/><V5/><F5/><W63/><G125/><T87/><D68/><U74/><E74/><V15/><F15/><W45/><G124/><T60/><D14/><U110/><E110/><V107/><F107/><W30/><G106/><T81/><D76/><U0/><E0/><V82/><F82/><W69/><G104/><T92/><D81/><U56/><E83/><V114/><F114/><W112/><G112/><T88/><D80/><U42/><E54/><V101/><F101/><RYUUKYOKU ba="1,1" sc="486,-10,195,-10,168,30,141,-10" hai2="3,4,10,12,17,23,25,31,40,41,58,61,65" /><INIT seed="6,2,1,3,5,36" ten="476,185,198,131" oya="2" hai0="59,29,66,60,87,102,96,99,26,15,117,98,103" hai1="11,75,74,84,85,42,65,39,17,43,134,108,95" hai2="120,135,7,119,44,37,20,30,94,86,128,93,21" hai3="104,72,88,4,132,68,110,126,52,1,77,55,19"/><V81/><F119/><W70/><G110/><T24/><D117/><U61/><E108/><V90/><F120/><W41/><G132/><T82/><D15/><N who="1" m="7423" /><E39/><V131/><F7/><W23/><G104/><T118/><D118/><U9/><E75/><V56/><F135/><W127/><G77/><N who="0" m="46543" /><D29/><U5/><E74/><V101/><F56/><W121/><G72/><T45/><D45/><U111/><E111/><V113/><F113/><W3/><G121/><T58/><D58/><N who="1" m="37047" /><E134/><V28/><F28/><W71/><G71/><T107/><D107/><U50/><E50/><V73/><F73/><W116/><G116/><T14/><D14/><N who="1" m="5423" /><E95/><N who="2" m="36363" /><F30/><W48/><G48/><T122/><D122/><U31/><E31/><V100/><F20/><W112/><G23/><T6/><D6/><U76/><E76/><V105/><F21/><W46/><G4/><T109/><D109/><U27/><E27/><AGARI ba="2,1" hai="24,26,27,59,60,66,96,98,99,102,103" m="46543" machi="27" ten="30,1000,0" yaku="8,1" doraHai="36" who="0" fromWho="1" sc="476,26,185,-16,198,0,131,0" /><INIT seed="7,0,0,1,4,14" ten="502,169,198,131" oya="3" hai0="65,31,118,60,13,11,47,86,19,105,5,126,15" hai1="112,113,66,71,98,108,0,70,61,56,119,1,76" hai2="90,25,97,80,48,124,62,99,78,134,93,43,59" hai3="110,107,57,102,3,6,125,109,28,27,53,81,106"/><W132/><G132/><T91/><D118/><U128/><E108/><N who="3" m="41578" /><G102/><T17/><D105/><U45/><E128/><V44/><F124/><W84/><G125/><T22/><D126/><U120/><E120/><V68/><F68/><N who="1" m="26153" /><E119/><V54/><F134/><W55/><G6/><T104/><D104/><N who="3" m="39977" /><G3/><N who="1" m="1098" /><E45/><V74/><F25/><W129/><G129/><T83/><D47/><U114/><E76/><V133/><F133/><W72/><G72/><T88/><D31/><U122/><E122/><V46/><F46/><W96/><G96/><AGARI ba="0,0" hai="56,61,66,96,98,112,113,114" m="1098,26153" machi="96" ten="40,1300,0" yaku="15,1" doraHai="14" who="1" fromWho="3" sc="502,0,169,13,198,0,131,-13" /><AGARI ba="0,0" hai="43,44,48,54,59,62,74,78,80,90,93,96,97,99" machi="96" ten="30,1000,0" yaku="7,1" doraHai="14" who="2" fromWho="3" sc="502,0,182,0,198,10,118,-10" owari="502,60.2,182,-21.8,208,0.8,108,-39.2" /></mjloggm>