<mjloggm ver="2.3"><GO type="225" lobby="0"/><UN n0="%E6%98%93%E5%88%A9%E8%96%A9%E4%BC%AF" n1="%E3%81%BF%E3%81%BF%E3%81%9A" n2="%E5%85%83%E3%82%AB%E3%83%8E%E7%B3%BB%E3%83%92%E3%83%AD%E3%82%A4%E3%83%B3" n3="%E3%83%A9%E3%83%BC%E3%83%A1%E3%83%B3%E4%BA%94%E9%83%8E" dan="17,17,16,16" rate="2216.45,2268.86,2180.63,2081.65" sx="F,M,M,M"/><TAIKYOKU oya="0"/><INIT seed="0,0,0,3,1,50" ten="250,250,250,250" oya="0" hai0="52,12,21,104,54,127,117,33,69,76,11,73,62" hai1="99,116,41,9,42,103,3,119,94,88,18,71,70" hai2="48,27,97,34,8,17,86,102,40,74,129,58,20" hai3="46,75,44,87,78,96,81,80,5,72,132,95,65"/><T89/><D117/><U111/><E3/><V118/><F74/><W123/><G132/><T25/><D33/><U51/><E9/><V131/><F118/><W59/><G123/><T7/><D104/><U79/><E18/><V68/><F68/><W56/><G5/><T57/><D69/><U126/><E79/><V55/><F34/><W64/><G87/><T100/><D100/><U45/><E126/><V60/><F86/><W37/><G78/><T66/><D127/><U35/><E35/><V108/><F108/><W92/><REACH who="3" step="1"/><G37/><REACH who="3" ten="250,250,250,240" step="2"/><T90/><D76/><U16/><E119/><V43/><F8/><W77/><G77/><T122/><D122/><U134/><E116/><V30/><F17/><W6/><G6/><T91/><D73/><U67/><E134/><V107/><REACH who="2" step="1"/><F60/><REACH who="2" ten="250,250,240,240" step="2"/><W22/><G22/><T32/><D32/><U98/><E16/><AGARI ba="0,2" hai="7,11,12,16,21,25,52,54,57,62,66,89,90,91" machi="16" ten="40,12000,1" yaku="8,1,52,2,54,2" doraHai="50" who="0" fromWho="1" sc="250,140,250,-120,240,0,240,0" /><INIT seed="0,1,0,5,2,19" ten="390,130,240,240" oya="0" hai0="67,24,54,109,111,20,118,61,27,110,25,124,14" hai1="68,36,7,56,34,60,105,28,62,38,4,37,112" hai2="91,128,59,114,78,9,1,94,44,30,106,45,82" hai3="10,73,97,74,11,122,107,98,3,119,127,31,17"/><T115/><D115/><U76/><E112/><V108/><F114/><W70/><G119/><T92/><D118/><U12/><E105/><V35/><F106/><W33/><G70/><T85/><D124/><U5/><E76/><V26/><F108/><W23/><G127/><T130/><D130/><U6/><E68/><V63/><F128/><W95/><G107/><T65/><D54/><U71/><E71/><V132/><F132/><W83/><G11/><T39/><D39/><U133/><E133/><V46/><F9/><W104/><G104/><T100/><D61/><U96/><N who="1" m="1024" /><DORA hai="32" /><U116/><E12/><V18/><F18/><W126/><G3/><T42/><D42/><U47/><E116/><V86/><F1/><W66/><G66/><N who="0" m="25099" /><D14/><U113/><E113/><V81/><REACH who="2" step="1"/><F78/><REACH who="2" ten="390,130,230,240" step="2"/><W41/><G10/><T72/><D110/><U120/><E120/><V16/><F16/><W75/><G17/><T52/><D111/><U53/><E62/><V51/><F51/><W79/><G122/><T135/><D135/><U8/><E8/><V69/><F69/><W40/><G79/><T0/><D0/><U15/><E15/><V89/><F89/><W22/><G126/><T102/><D109/><U49/><E28/><V117/><F117/><W125/><G31/><T103/><D103/><U2/><E2/><V64/><AGARI ba="1,1" hai="26,30,35,44,45,46,59,63,64,81,82,86,91,94" machi="64" ten="30,4000,0" yaku="1,1,0,1,53,1" doraHai="19,32" doraHaiUra="48,80" who="2" fromWho="2" sc="390,-21,130,-11,230,53,240,-11" /><INIT seed="1,0,0,1,2,37" ten="369,119,283,229" oya="1" hai0="88,3,79,10,131,121,86,36,130,32,55,50,53" hai1="119,52,35,76,95,54,63,85,111,125,127,19,122" hai2="117,23,14,106,22,8,13,87,104,59,42,34,107" hai3="112,33,26,65,97,48,60,17,44,27,68,69,113"/><U132/><E119/><V40/><F117/><W70/><G112/><T39/><D32/><U89/><E122/><V114/><F34/><W93/><G113/><T61/><D79/><U9/><E132/><V0/><F114/><W71/><G17/><T4/><D121/><U94/><E35/><V51/><F0/><W83/><G83/><N who="0" m="49247" /><D61/><U96/><E111/><V109/><F109/><W91/><REACH who="3" step="1"/><G33/><REACH who="3" ten="369,119,283,219" step="2"/><T101/><D4/><U20/><E9/><V12/><F8/><W102/><G102/><T80/><D101/><U64/><E125/><V116/><F116/><W24/><G24/><T124/><D80/><U28/><E127/><V81/><F81/><W129/><G129/><T77/><D10/><U78/><E76/><V73/><F73/><W92/><G92/><T45/><D77/><U38/><E78/><V105/><F105/><W46/><G46/><T2/><D131/><U57/><E38/><V123/><F123/><W74/><G74/><T31/><D39/><U66/><E66/><V90/><F90/><W1/><G1/><T82/><D36/><U58/><E58/><V56/><F56/><W47/><G47/><T103/><D2/><U72/><E72/><V7/><F7/><W108/><G108/><T75/><D3/><U15/><REACH who="1" step="1"/><E28/><REACH who="1" ten="369,109,283,219" step="2"/><V62/><F59/><W11/><G11/><T43/><D31/><U126/><E126/><V49/><F106/><W100/><G100/><AGARI ba="0,2" hai="15,19,20,52,54,57,63,64,85,89,94,95,96,100" machi="100" ten="30,11600,0" yaku="1,1,7,1,8,1,54,1,53,0" doraHai="37" doraHaiUra="135" who="1" fromWho="3" sc="369,0,109,136,283,0,219,-116" /><INIT seed="1,1,0,2,1,19" ten="369,245,283,103" oya="1" hai0="76,15,62,43,20,68,45,104,86,87,6,133,52" hai1="57,122,18,132,14,123,106,126,0,41,11,78,1" hai2="95,47,75,93,50,61,8,109,102,108,25,30,98" hai3="53,21,79,114,59,51,110,111,60,65,12,80,127"/><U54/><E106/><V63/><F75/><W112/><G127/><T97/><D133/><U17/><E41/><V48/><F8/><W24/><G12/><T105/><D105/><U135/><E78/><V3/><F3/><N who="1" m="1097" /><E57/><V33/><F95/><W44/><G114/><T4/><D68/><U70/><E54/><V94/><F94/><W74/><REACH who="3" step="1"/><G112/><REACH who="3" ten="369,245,283,93" step="2"/><T71/><D15/><N who="1" m="7423" /><E126/><V28/><F108/><W125/><G125/><T119/><D119/><U130/><E130/><V90/><F109/><W26/><G26/><T69/><D69/><U46/><E70/><V49/><F47/><W42/><G42/><T55/><D71/><U67/><E46/><V103/><REACH who="2" step="1"/><F28/><AGARI ba="1,1" hai="21,24,28,44,51,53,59,60,65,74,79,80,110,111" machi="28" ten="40,2600,0" yaku="1,1,52,1,53,0" doraHai="19" doraHaiUra="13" who="3" fromWho="2" sc="369,0,245,0,283,-29,93,39" /><INIT seed="2,0,0,4,1,80" ten="369,245,254,132" oya="2" hai0="15,41,89,17,122,5,100,101,31,77,88,6,36" hai1="42,125,81,78,102,7,79,0,120,16,112,2,97" hai2="92,12,4,37,123,73,40,48,131,109,60,133,9" hai3="39,20,74,108,3,94,104,128,71,53,67,66,87"/><V127/><F123/><W72/><G3/><T110/><D77/><U32/><E112/><V30/><F37/><W24/><G39/><T18/><D31/><U118/><E32/><V103/><F73/><W13/><G104/><T99/><D101/><U33/><E33/><V14/><F133/><W76/><G108/><T96/><D18/><U23/><E118/><V132/><F132/><W50/><G128/><T65/><D65/><U93/><E120/><V85/><F131/><W84/><G72/><T64/><D64/><U8/><E125/><V11/><F127/><W52/><G74/><T51/><D36/><U57/><E42/><V68/><F109/><W58/><G71/><T10/><D110/><U86/><E0/><V106/><F30/><N who="3" m="17671" /><G13/><T126/><D126/><U43/><E57/><V134/><F134/><W35/><G35/><T38/><D38/><U49/><E43/><V47/><F106/><W116/><G116/><T59/><D99/><U130/><E49/><V117/><F117/><W70/><G70/><T44/><D59/><U105/><E130/><V62/><F68/><W56/><G94/><N who="0" m="58391" /><D122/><U129/><E129/><V1/><F1/><W107/><G107/><T19/><D19/><U119/><E119/><V34/><F34/><W124/><G124/><T135/><D135/><U69/><E69/><V115/><F103/><W75/><G75/><T95/><D95/><U114/><E114/><V25/><F115/><W91/><G76/><T121/><D121/><U113/><E113/><V26/><F12/><W22/><G67/><T83/><D83/><U61/><E105/><RYUUKYOKU ba="0,0" sc="369,30,245,-10,254,-10,132,-10" hai0="5,6,10,15,17,41,44,51,88,89" /><INIT seed="3,1,0,0,4,61" ten="399,235,244,122" oya="3" hai0="76,39,101,97,88,38,84,64,110,5,2,46,20" hai1="79,86,103,7,53,74,68,0,132,8,95,111,105" hai2="16,121,33,62,93,55,107,29,58,37,67,98,75" hai3="130,85,44,35,102,72,6,9,49,27,18,54,122"/><W23/><G130/><T31/><D76/><U90/><E111/><V24/><F75/><W17/><G122/><T78/><D78/><U65/><E132/><V100/><F121/><W87/><G35/><T124/><D124/><U115/><E115/><V50/><F37/><W43/><G72/><T22/><D64/><U48/><E65/><V36/><F36/><W82/><G102/><T127/><D110/><U41/><E41/><V19/><REACH who="2" step="1"/><F93/><REACH who="2" ten="399,235,234,122" step="2"/><W69/><G69/><AGARI ba="1,1" hai="16,19,24,29,33,50,55,58,62,67,69,98,100,107" machi="69" ten="30,12000,2" yaku="1,1,2,1,7,1,25,2,52,1,54,1,53,0" doraHai="61" doraHaiUra="71" who="2" fromWho="3" sc="399,0,235,0,234,133,122,-123" owari="399,49.9,235,-16.5,367,16.7,-1,-50.1" /></mjloggm>