<mjloggm ver="2.3"><GO type="169" lobby="0"/><UN n0="%E4%B8%96%E7%95%8C%E3%81%AE%E4%BA%80%E4%BA%95" n1="%68%69%68%69%68%69%6A%69" n2="%E3%81%8D%E3%81%84%E3%81%AA" n3="%35%30%38%30%74%61%6B%61" dan="17,16,17,16" rate="2161.09,2166.68,2170.00,2110.10" sx="M,M,F,M"/><TAIKYOKU oya="0"/><INIT seed="0,0,0,3,1,77" ten="250,250,250,250" oya="0" hai0="83,90,34,30,8,112,113,24,36,50,108,58,35" hai1="55,135,14,5,86,76,73,27,61,45,116,89,96" hai2="94,53,87,4,52,33,44,117,10,64,23,42,79" hai3="63,105,3,130,21,40,124,104,29,20,121,91,127"/><T120/><D36/><U85/><E116/><V92/><F33/><W131/><G3/><T129/><D120/><U122/><E122/><V60/><F117/><W22/><G121/><T93/><D129/><N who="3" m="49161" /><G29/><T132/><D132/><U123/><E123/><V119/><F119/><W54/><G40/><T28/><D108/><U57/><E135/><V19/><F92/><W6/><G6/><T106/><D106/><N who="3" m="41065" /><G91/><T62/><D50/><U95/><E27/><V26/><F94/><W9/><G9/><T74/><D8/><U100/><E5/><V110/><F110/><W133/><G133/><T97/><D30/><U18/><E89/><V107/><F107/><W98/><G98/><T125/><D35/><U134/><E134/><V102/><F102/><W71/><G54/><T128/><D128/><U109/><E109/><V2/><F87/><W13/><G13/><T111/><D111/><U32/><E32/><V99/><F99/><W39/><G39/><T37/><D37/><U25/><E25/><V114/><F79/><W82/><G82/><T7/><D7/><U16/><E18/><V65/><F114/><W103/><G103/><T31/><D31/><U17/><E17/><V1/><F2/><W49/><G49/><T43/><D43/><U66/><E76/><V75/><F75/><W88/><G88/><T81/><D74/><U101/><E73/><V84/><F84/><W126/><G71/><T67/><REACH who="0" step="1"/><D125/><REACH who="0" ten="240,250,250,250" step="2"/><U69/><E61/><AGARI ba="0,1" hai="20,21,22,61,63,124,126,127" m="41065,49161" machi="61" ten="50,8000,1" yaku="28,2,18,1,19,1" doraHai="77" who="3" fromWho="1" sc="240,0,250,-80,250,0,250,90" /><INIT seed="1,0,0,5,3,6" ten="240,170,250,340" oya="1" hai0="33,54,116,75,95,9,130,64,79,47,39,0,20" hai1="48,93,112,87,91,68,106,104,36,70,128,81,58" hai2="86,96,31,5,122,131,17,109,34,2,3,119,84" hai3="63,103,30,56,44,129,78,7,15,26,80,57,66"/><U11/><E112/><V77/><F119/><W21/><G129/><T24/><D116/><U46/><E128/><V124/><F122/><W135/><G135/><T90/><D33/><U133/><E133/><V89/><F131/><W123/><G123/><T107/><D107/><U111/><E111/><V10/><F109/><W126/><G126/><T99/><D130/><U114/><E114/><V101/><F124/><W32/><G103/><T28/><D64/><U102/><E36/><V45/><F77/><W74/><G44/><T25/><D79/><U12/><E58/><V49/><F3/><W120/><G120/><T23/><D75/><U29/><E29/><V42/><F89/><W41/><G41/><T65/><D65/><U121/><E121/><V132/><F132/><W100/><G100/><T73/><D73/><U18/><E93/><V37/><F17/><W94/><G94/><T16/><D39/><U72/><E72/><V61/><F61/><W38/><G38/><T4/><D47/><U110/><E110/><V85/><F37/><W105/><G105/><T55/><AGARI ba="0,0" hai="0,4,9,16,20,23,24,25,28,54,55,90,95,99" machi="55" ten="30,4000,0" yaku="0,1,52,1,54,1" doraHai="6" who="0" fromWho="0" sc="240,40,170,-20,250,-10,340,-10" /><INIT seed="2,0,0,2,5,135" ten="280,150,240,330" oya="2" hai0="22,86,49,26,94,67,101,65,56,19,25,120,21" hai1="45,66,105,99,7,92,20,53,119,89,102,78,122" hai2="74,17,2,31,118,8,81,69,110,77,1,11,35" hai3="60,42,113,59,123,5,104,124,80,14,70,47,32"/><V68/><F118/><W23/><G123/><T112/><D120/><U109/><E122/><V106/><F106/><W0/><G32/><T50/><D112/><U75/><E119/><V125/><F110/><W133/><G104/><T12/><D12/><U90/><E109/><V131/><F131/><W116/><G116/><T27/><D27/><U48/><E66/><V37/><F37/><W76/><G133/><T43/><D43/><U132/><E132/><V46/><F46/><W134/><G134/><T127/><D127/><U63/><E63/><V72/><F17/><W111/><G111/><T96/><D86/><U108/><E108/><V88/><F74/><W115/><G70/><T36/><D36/><U29/><E7/><N who="2" m="1135" /><F88/><W10/><G124/><T129/><D129/><U100/><E100/><V73/><F73/><W39/><G23/><T82/><D82/><U6/><E6/><N who="2" m="1495" /><F125/><W51/><G51/><N who="0" m="19467" /><D56/><U40/><E53/><V87/><F87/><W57/><G57/><T95/><D94/><U44/><E44/><V128/><F128/><W33/><G80/><T24/><D24/><AGARI ba="0,0" hai="24,31,35,68,69,72,77,81" m="1495,1135" machi="24" ten="30,2900,0" yaku="33,2" doraHai="135" who="2" fromWho="0" sc="280,-29,150,0,240,29,330,0" /><INIT seed="2,1,0,4,4,42" ten="251,150,269,330" oya="2" hai0="34,103,72,52,38,7,78,33,5,55,110,58,29" hai1="8,87,117,67,89,79,101,97,113,126,62,22,23" hai2="51,30,20,11,134,124,4,91,88,45,122,133,112" hai3="66,125,39,127,121,129,99,64,102,31,0,93,10"/><V12/><F112/><W86/><G121/><T36/><D103/><U40/><E113/><V111/><F122/><W115/><G129/><T107/><D29/><U120/><E117/><V19/><F30/><W69/><G115/><T13/><D13/><U108/><E120/><V63/><F124/><W68/><G31/><T37/><D107/><U16/><E79/><V83/><F63/><W123/><G123/><T119/><D119/><U84/><E126/><N who="3" m="48138" /><G39/><T1/><D110/><U132/><E132/><N who="2" m="50795" /><F83/><W56/><G86/><T135/><D135/><U74/><E74/><V73/><F73/><W116/><G116/><T118/><D118/><U61/><E108/><V80/><F80/><W130/><G130/><T128/><D128/><U70/><E62/><V85/><F85/><W14/><G0/><T24/><D1/><U25/><E87/><V75/><F75/><W81/><G81/><T26/><D78/><U100/><E97/><V109/><F109/><W95/><G95/><T94/><D94/><U90/><E84/><V28/><F28/><W32/><G32/><N who="0" m="12395" /><D72/><U65/><E61/><V96/><F96/><W105/><G93/><T35/><D58/><U59/><E59/><V57/><F57/><W98/><G98/><T131/><D131/><U17/><E8/><V50/><F50/><W46/><G56/><T9/><D9/><U54/><E70/><N who="3" m="27242" /><G46/><T41/><D35/><U43/><E54/><N who="0" m="20521" /><D41/><U77/><E77/><V82/><F111/><W47/><G47/><T27/><AGARI ba="1,0" hai="5,7,24,26,27,36,37,38" m="20521,12395" machi="27" ten="40,5200,0" yaku="28,2,54,1" doraHai="42" who="0" fromWho="0" sc="251,55,150,-14,269,-27,330,-14" /><INIT seed="3,0,0,3,3,32" ten="306,136,242,316" oya="3" hai0="38,87,132,93,9,33,10,85,65,16,7,2,61" hai1="53,73,72,107,41,62,117,122,71,18,124,20,76" hai2="28,123,95,99,109,128,64,133,68,36,31,23,57" hai3="130,39,116,81,105,91,88,110,120,100,34,3,49"/><W103/><G120/><T80/><D38/><U70/><E122/><V69/><F123/><W48/><G116/><T63/><D33/><U50/><E117/><V8/><F36/><W82/><G39/><T108/><D108/><U25/><E107/><V40/><F109/><W115/><G34/><T30/><D30/><U78/><E124/><V15/><F40/><W51/><G110/><T17/><D132/><U126/><E41/><V112/><F128/><W45/><G45/><T22/><D10/><U75/><E126/><V125/><F112/><W19/><G19/><T113/><D113/><U21/><E62/><V83/><F83/><N who="3" m="31755" /><G115/><T92/><D87/><U11/><E11/><V66/><F125/><W35/><G35/><T89/><D63/><U59/><REACH who="1" step="1"/><E21/><REACH who="1" ten="306,126,242,316" step="2"/><V54/><F23/><W90/><G105/><T134/><D134/><U24/><E24/><V42/><F42/><W13/><G130/><T77/><D22/><U43/><E43/><V37/><F37/><W4/><G4/><T114/><D114/><U101/><E101/><N who="3" m="38986" /><G13/><T67/><D7/><U98/><E98/><V56/><F133/><W1/><AGARI ba="0,1" hai="1,3,48,49,51,88,90,91" m="38986,31755" machi="1" ten="40,12000,1" yaku="28,2,52,2,54,1" doraHai="32" who="3" fromWho="3" sc="306,-40,126,-40,242,-40,316,130" /><INIT seed="3,1,0,0,2,116" ten="266,86,202,446" oya="3" hai0="119,36,60,58,76,83,26,28,2,10,125,41,16" hai1="131,91,68,39,65,104,40,115,22,128,24,109,81" hai2="80,64,19,90,6,71,74,95,123,129,94,100,5" hai3="99,114,3,34,98,122,0,72,63,133,85,120,70"/><W69/><G85/><T62/><D119/><U4/><E115/><V54/><F129/><W14/><G14/><T102/><D125/><U38/><E104/><V57/><F64/><W103/><G103/><T118/><D118/><U93/><E109/><V55/><F71/><N who="3" m="27147" /><G63/><T112/><D112/><U13/><E81/><V11/><F100/><W111/><G114/><T77/><D62/><U135/><E65/><V15/><F80/><W20/><G20/><T108/><D108/><U21/><E68/><V110/><F74/><W45/><G45/><T25/><D102/><U75/><E135/><V42/><F15/><W9/><G9/><T89/><D10/><U92/><E75/><V82/><F11/><W47/><G47/><T132/><D60/><U101/><E101/><V97/><F82/><W31/><G72/><T7/><D83/><U51/><E13/><V56/><F110/><W79/><G111/><T107/><D132/><U33/><E51/><V117/><F117/><W127/><G133/><T106/><D106/><U86/><E86/><V73/><F73/><W8/><G8/><T46/><D46/><U49/><E49/><V59/><F5/><W12/><G12/><T96/><D7/><U37/><E4/><V124/><F6/><W78/><G34/><T61/><D61/><U53/><E53/><V66/><F55/><W23/><G31/><T88/><D28/><N who="1" m="19591" /><E40/><V44/><F54/><W18/><G127/><T48/><D107/><U30/><E30/><V87/><F124/><W1/><G79/><T27/><D77/><U126/><E126/><V130/><F42/><RYUUKYOKU ba="1,0" sc="266,0,86,0,202,0,446,0" /><INIT seed="4,2,0,1,3,79" ten="266,86,202,446" oya="0" hai0="49,69,96,10,1,83,78,76,74,85,55,90,116" hai1="28,95,36,2,54,32,73,14,111,65,38,59,129" hai2="18,62,56,91,67,117,127,60,97,86,23,12,68" hai3="24,64,72,105,89,80,110,52,102,20,50,7,99"/><T3/><D116/><U17/><E111/><V66/><F127/><W124/><G110/><T5/><D69/><U16/><E2/><V45/><F117/><W47/><G124/><T37/><D37/><U106/><E106/><V27/><F97/><W40/><G64/><T61/><D61/><U100/><E129/><V133/><F133/><W26/><G7/><T6/><D96/><U114/><E114/><V22/><F45/><W35/><G35/><T42/><D42/><U13/><E65/><V92/><REACH who="2" step="1"/><F27/><REACH who="2" ten="266,86,192,446" step="2"/><W104/><G26/><T84/><D74/><U119/><E73/><V29/><F29/><W103/><G24/><T107/><D107/><U31/><E119/><V71/><F71/><W120/><G99/><T122/><D122/><U11/><E32/><V0/><F0/><W134/><G47/><T58/><REACH who="0" step="1"/><D85/><REACH who="0" ten="256,86,192,446" step="2"/><U131/><E38/><V82/><F82/><W123/><G80/><T121/><D121/><U53/><E36/><V87/><F87/><W77/><G72/><T63/><D63/><U9/><E131/><V30/><F30/><W94/><G120/><T41/><D41/><U125/><E125/><V101/><F101/><W81/><G40/><T33/><D33/><U108/><E108/><V46/><F46/><W25/><G103/><T75/><D75/><U132/><E132/><V112/><F112/><W113/><G102/><T48/><D48/><U93/><REACH who="1" step="1"/><E100/><REACH who="1" ten="256,76,192,446" step="2"/><V39/><F39/><W44/><G105/><T34/><D34/><U109/><E109/><V118/><F118/><W128/><G104/><T57/><D57/><AGARI ba="2,3" hai="9,11,13,14,16,17,28,31,53,54,57,59,93,95" machi="57" ten="25,8000,1" yaku="1,1,22,2,8,1,54,1,53,0" doraHai="79" doraHaiUra="21" who="1" fromWho="0" sc="256,-86,76,116,192,0,446,0" /><INIT seed="5,0,0,0,2,134" ten="170,192,192,446" oya="1" hai0="42,9,84,135,106,16,98,29,35,50,32,112,18" hai1="62,126,75,71,11,81,0,27,101,63,116,70,104" hai2="113,119,114,78,24,109,6,97,86,64,60,61,28" hai3="82,47,57,45,3,38,17,123,2,131,25,54,69"/><U120/><E116/><V89/><F109/><W12/><G123/><T49/><D135/><U10/><E120/><V108/><F108/><W14/><G69/><T51/><D112/><N who="2" m="43114" /><F119/><W5/><G131/><T30/><D42/><U107/><E27/><V117/><F117/><W125/><G125/><T46/><D46/><U121/><E121/><V52/><F6/><W94/><G94/><T88/><D32/><U58/><E81/><V83/><F97/><W115/><G115/><T91/><D35/><U122/><E122/><V79/><F52/><W124/><G124/><T33/><D33/><U127/><E75/><V23/><F60/><W53/><G5/><T133/><D133/><U44/><E44/><V105/><F105/><W31/><G82/><N who="0" m="49175" /><D106/><U76/><E58/><AGARI ba="0,0" hai="23,24,28,58,61,64,78,79,83,86,89" m="43114" machi="58" ten="30,2000,0" yaku="15,1,11,1" doraHai="134" who="2" fromWho="1" sc="170,0,192,-20,192,20,446,0" /><INIT seed="6,0,0,1,2,96" ten="170,172,212,446" oya="2" hai0="34,31,50,3,111,98,44,117,18,23,83,130,131" hai1="110,126,125,97,0,67,134,94,46,51,40,104,1" hai2="91,59,115,95,89,7,39,47,29,24,4,113,64" hai3="129,69,27,63,102,74,84,109,10,132,60,118,78"/><V88/><F95/><W17/><G109/><T85/><D111/><U57/><E110/><V36/><F64/><W22/><G118/><T80/><D117/><U54/><E104/><V79/><F79/><W135/><G74/><T49/><D3/><U73/><E67/><V71/><F71/><W123/><G123/><T99/><D31/><U100/><E73/><V103/><F59/><W38/><G38/><N who="2" m="14377" /><F47/><W11/><G129/><N who="0" m="49163" /><D34/><U122/><E134/><N who="3" m="51242" /><G102/><T37/><D37/><U77/><E77/><V106/><F103/><W6/><G69/><T62/><D62/><N who="3" m="23593" /><G6/><T72/><D72/><U25/><E122/><V14/><F14/><W2/><G2/><T32/><D32/><U75/><E75/><V81/><F81/><AGARI ba="0,0" hai="10,11,17,22,27,78,81,84" m="23593,51242" machi="81" ten="30,1000,0" yaku="20,1" doraHai="96" who="3" fromWho="2" sc="170,0,172,0,212,-10,446,10" /><INIT seed="7,0,0,3,5,106" ten="170,172,202,456" oya="3" hai0="103,43,48,114,46,118,79,117,81,94,31,54,100" hai1="64,71,115,9,3,15,120,131,24,19,30,13,25" hai2="52,11,49,83,132,124,59,4,34,135,8,18,70" hai3="107,122,21,45,105,87,125,104,53,50,16,86,121"/><W89/><G125/><T113/><D31/><U39/><E120/><V17/><F124/><W63/><G63/><T92/><D43/><U110/><E39/><V76/><F34/><W102/><G102/><N who="0" m="38955" /><D117/><U61/><E110/><V77/><F70/><W37/><G37/><T2/><D2/><U101/><E115/><N who="0" m="44041" /><D118/><U97/><E131/><V22/><F77/><W91/><G91/><T96/><D96/><U42/><E42/><V128/><F128/><W134/><G134/><N who="2" m="51241" /><F22/><W69/><G69/><T29/><D29/><U26/><E15/><N who="2" m="5511" /><F11/><W62/><G62/><T32/><D32/><N who="1" m="20551" /><E3/><V47/><F47/><W5/><G5/><T84/><AGARI ba="0,0" hai="46,48,54,79,81,84,92,94" m="44041,38955" machi="84" ten="30,2000,0" yaku="15,1,11,1" doraHai="106" who="0" fromWho="0" sc="170,20,172,-5,202,-5,456,-10" owari="190,-21.0,167,-33.3,197,-0.3,446,54.6" /></mjloggm>