<mjloggm ver="2.3"><GO type="225" lobby="0"/><UN n0="%E8%B5%A4%E3%81%84%E8%9B%99%31%31" n1="%E3%83%96%E3%83%83%E3%83%91%E3%82%AA%E3%83%96%E3%83%81%E3%82%AD%E3%83%B3" n2="%E3%81%BF%E3%81%BF%E3%81%9A" n3="%33%74%72%65%65" dan="16,16,17,17" rate="2095.20,2135.08,2280.10,2160.67" sx="M,M,M,F"/><TAIKYOKU oya="0"/><INIT seed="0,0,0,4,2,110" ten="250,250,250,250" oya="0" hai0="80,21,20,72,102,73,74,92,36,134,60,63,64" hai1="18,75,69,83,5,43,88,87,93,65,45,100,86" hai2="15,3,112,42,79,62,117,70,30,130,129,17,1" hai3="90,28,54,122,44,82,46,39,106,135,6,111,76"/><T116/><D116/><U12/><E75/><V32/><F42/><W128/><G106/><T35/><D35/><U68/><E5/><V29/><F79/><W103/><G103/><T131/><D131/><N who="2" m="50186" /><F62/><W105/><G76/><T107/><D107/><U118/><E118/><V81/><F81/><W71/><G82/><T4/><D36/><U16/><E65/><V97/><F97/><W26/><G39/><T133/><D4/><U99/><E87/><V40/><F40/><W38/><G6/><T67/><D80/><U34/><E34/><V78/><F78/><W96/><G96/><T2/><D2/><N who="2" m="522" /><F70/><W94/><G71/><T27/><D92/><U47/><E18/><V57/><F57/><W53/><G94/><T101/><D74/><U9/><REACH who="1" step="1"/><E47/><REACH who="1" ten="250,240,250,250" step="2"/><V125/><F117/><W84/><G46/><T49/><D49/><AGARI ba="0,1" hai="9,12,16,43,45,49,68,69,83,86,88,93,99,100" machi="49" ten="30,8000,1" yaku="1,1,2,1,7,1,54,2,53,0" doraHai="110" doraHaiUra="104" who="1" fromWho="0" sc="250,-80,240,90,250,0,250,0" /><INIT seed="1,0,0,4,0,40" ten="170,330,250,250" oya="1" hai0="128,5,50,126,37,111,41,2,68,103,11,122,135" hai1="30,127,46,82,36,115,107,20,88,57,25,38,93" hai2="21,130,90,58,85,31,69,121,73,129,112,110,77" hai3="83,72,43,17,3,87,16,63,97,8,52,104,29"/><U79/><E115/><V0/><F69/><W64/><G72/><T118/><RYUUKYOKU type="yao9" ba="0,0" sc="170,0,330,0,250,0,250,0" hai0="2,5,11,37,41,50,68,103,111,118,122,126,128,135" /><INIT seed="1,1,0,3,2,67" ten="170,330,250,250" oya="1" hai0="125,100,23,47,1,122,13,40,31,25,84,38,89" hai1="75,127,121,43,85,65,4,77,118,58,21,102,110" hai2="106,54,63,55,16,130,41,36,60,81,30,73,49" hai3="34,3,107,10,66,61,6,7,116,50,45,5,87"/><U78/><E118/><V70/><F106/><W113/><G113/><T111/><D111/><U104/><E121/><V18/><F30/><W82/><G116/><T15/><D125/><U11/><E75/><V19/><F130/><W129/><G129/><T105/><D1/><U108/><E43/><V39/><F73/><W64/><G34/><T80/><D122/><U86/><E127/><V124/><F124/><W99/><G66/><T24/><D105/><U72/><E21/><V2/><F81/><W133/><G133/><T62/><D100/><U12/><E65/><V29/><F29/><W37/><G37/><T27/><D27/><U135/><E58/><V35/><F2/><W101/><G50/><T52/><REACH who="0" step="1"/><D25/><REACH who="0" ten="160,330,250,250" step="2"/><U83/><E135/><V114/><F114/><W92/><G107/><T51/><D51/><U115/><E115/><V71/><F49/><W103/><G103/><T109/><D109/><N who="1" m="42091" /><E104/><V32/><F19/><W131/><G131/><T93/><D93/><U20/><E102/><V53/><F53/><W132/><G132/><T95/><D95/><U126/><E126/><V94/><F94/><W91/><REACH who="3" step="1"/><G45/><REACH who="3" ten="160,330,250,240" step="2"/><T48/><D48/><U46/><E46/><V59/><F41/><W28/><G28/><T117/><D117/><U97/><E97/><V69/><F36/><W42/><G42/><T9/><D9/><U0/><E11/><V90/><F39/><W44/><G44/><T33/><D33/><U134/><E134/><V26/><F35/><W120/><G120/><T14/><D14/><U79/><E12/><V128/><F32/><W22/><G22/><RYUUKYOKU ba="1,2" sc="160,15,330,-15,250,-15,240,15" hai0="13,15,23,24,31,38,40,47,52,62,80,84,89" hai3="3,5,6,7,10,61,64,82,87,91,92,99,101" /><INIT seed="2,2,2,2,0,38" ten="175,315,235,255" oya="2" hai0="110,52,15,65,28,119,98,72,123,39,96,87,134" hai1="56,30,80,102,113,24,58,3,37,128,54,135,68" hai2="2,6,62,129,82,50,108,64,91,10,27,57,116" hai3="13,71,40,90,125,105,79,83,95,36,94,109,107"/><V88/><F116/><W46/><G109/><T17/><D123/><U74/><E113/><V7/><F108/><W43/><G125/><T104/><D72/><U121/><E68/><V5/><F129/><W25/><G71/><T34/><D110/><U78/><E128/><V111/><F111/><W112/><G112/><T101/><D119/><U12/><E135/><V53/><F27/><W127/><G127/><T35/><D134/><U49/><E121/><V117/><F117/><W126/><G126/><T120/><D39/><U20/><E3/><V89/><REACH who="2" step="1"/><F82/><REACH who="2" ten="175,315,225,255" step="2"/><W122/><G25/><T26/><D120/><U130/><E130/><V76/><F76/><W29/><G83/><T66/><D35/><U9/><E37/><V131/><F131/><W99/><G79/><T69/><D34/><U41/><E102/><V106/><F106/><W55/><G107/><T23/><D104/><U114/><E114/><V124/><F124/><W22/><G105/><T1/><D101/><U63/><E74/><V21/><F21/><W100/><G122/><T8/><D23/><U61/><E78/><V103/><F103/><W115/><G115/><T51/><D26/><U45/><E80/><V97/><F97/><N who="3" m="57559" /><G36/><T11/><D98/><U0/><E0/><V133/><F133/><W70/><G99/><T77/><D96/><U60/><REACH who="1" step="1"/><E58/><AGARI ba="2,3" hai="2,5,6,7,10,50,53,57,58,62,64,88,89,91" machi="58" ten="40,3900,0" yaku="1,1,54,1,53,0" doraHai="38" doraHaiUra="42" who="2" fromWho="1" sc="175,0,315,-45,225,75,255,0" /><INIT seed="2,3,0,1,3,43" ten="175,270,300,255" oya="2" hai0="10,44,81,19,94,106,124,55,113,116,37,74,112" hai1="25,69,65,46,123,117,22,12,61,135,111,68,107" hai2="36,73,100,7,86,134,0,40,48,120,32,26,45" hai3="128,8,71,122,75,2,53,114,57,132,133,84,80"/><V38/><F120/><W47/><G122/><T49/><D106/><U92/><E123/><V91/><F73/><W34/><G128/><T20/><D124/><U59/><E117/><V30/><F100/><W102/><G114/><T62/><D116/><U41/><E107/><V67/><F134/><N who="3" m="51819" /><G71/><T89/><D10/><U54/><E135/><V9/><REACH who="2" step="1"/><F67/><REACH who="2" ten="175,270,290,255" step="2"/><W104/><G75/><T72/><D72/><U130/><E130/><V3/><F3/><W78/><G102/><T66/><D74/><U63/><E111/><V97/><F97/><W4/><G104/><T64/><D64/><U11/><E69/><V99/><F99/><W16/><G34/><T125/><D125/><U15/><BYE who="0" /><E92/><AGARI ba="3,1" hai="0,7,9,26,30,32,36,38,40,45,48,86,91,92" machi="92" ten="30,11600,0" yaku="1,1,7,1,52,1,53,1" doraHai="43" doraHaiUra="29" who="2" fromWho="1" sc="175,0,270,-125,290,135,255,0" /><INIT seed="2,4,0,0,1,112" ten="175,145,425,255" oya="2" hai0="52,18,43,96,39,19,113,89,41,30,123,78,105" hai1="63,87,55,8,54,47,10,60,125,11,72,134,1" hai2="106,44,64,33,111,0,40,91,13,121,4,120,9" hai3="104,62,58,122,5,108,66,36,27,131,84,15,126"/><V86/><F106/><W77/><G36/><T101/><D101/><U32/><E72/><V22/><F33/><UN n0="%E8%B5%A4%E3%81%84%E8%9B%99%31%31" /><W68/><G122/><T119/><D113/><U116/><E32/><V128/><F64/><W65/><G104/><T48/><D48/><BYE who="0" /><U12/><E1/><V94/><F128/><W75/><G75/><T129/><D129/><U70/><E70/><V31/><F111/><W67/><G68/><T25/><D25/><U20/><E134/><V99/><F99/><W61/><G126/><T88/><D88/><U7/><E125/><V73/><F73/><W37/><G37/><T29/><D29/><U23/><E116/><V28/><F28/><W21/><G62/><N who="1" m="23594" /><E7/><V46/><F46/><W17/><G108/><T82/><D82/><U102/><E102/><V93/><F93/><W81/><G131/><T42/><D42/><U26/><E26/><UN n0="%E8%B5%A4%E3%81%84%E8%9B%99%31%31" /><V85/><F85/><W35/><G35/><T51/><D123/><U14/><E87/><V69/><F69/><W118/><G118/><T16/><D39/><U80/><E80/><V59/><F59/><W38/><G38/><T95/><D105/><U90/><E90/><V53/><F0/><W79/><G79/><T56/><D78/><U115/><E115/><V83/><F91/><W127/><G127/><T107/><D107/><U109/><E109/><V124/><F86/><W76/><G76/><T92/><D30/><U130/><E130/><V74/><F121/><W133/><G133/><T110/><D110/><U71/><E71/><V117/><F124/><W49/><G61/><T50/><D89/><U132/><E132/><RYUUKYOKU ba="4,0" sc="175,0,145,0,425,0,255,0" /><INIT seed="3,5,0,0,3,69" ten="175,145,425,255" oya="3" hai0="64,97,82,95,36,19,123,67,1,93,108,29,70" hai1="119,68,23,76,66,86,131,62,89,43,114,92,38" hai2="48,77,34,0,2,81,12,103,44,45,71,61,107" hai3="101,22,30,111,5,58,121,79,80,18,83,31,117"/><W85/><G117/><T73/><D123/><U60/><E119/><V53/><F34/><W125/><G121/><T56/><D1/><U105/><E114/><V63/><F107/><W106/><G125/><T20/><D70/><U3/><E105/><V104/><F104/><W98/><G5/><T33/><D36/><U11/><E131/><V42/><F103/><W88/><G58/><T72/><D108/><U87/><E62/><V10/><F0/><W74/><REACH who="3" step="1"/><G111/><REACH who="3" ten="175,145,425,245" step="2"/><T55/><D56/><U115/><E115/><V14/><F71/><W65/><G65/><T6/><D67/><U102/><E66/><V126/><F126/><W52/><G52/><T109/><D6/><U39/><E68/><V99/><F2/><W135/><G135/><T26/><D55/><U128/><E3/><V133/><F63/><W132/><G132/><T27/><D64/><U116/><E60/><V120/><F133/><W96/><G96/><T21/><D109/><U130/><E116/><V57/><F120/><W41/><G41/><T100/><D97/><U47/><E43/><V94/><F61/><W46/><G46/><T124/><D124/><U113/><E47/><V7/><F42/><W134/><G134/><T122/><D122/><U112/><E112/><V17/><F99/><W78/><G78/><T129/><D129/><N who="1" m="49771" /><E113/><V40/><F40/><W13/><AGARI ba="5,1" hai="13,18,22,30,31,74,79,80,83,85,88,98,101,106" machi="13" ten="20,12000,1" yaku="1,1,0,1,7,1,54,1,53,1" doraHai="69" doraHaiUra="75" who="3" fromWho="3" sc="175,-45,145,-45,425,-45,245,145" owari="130,-27.0,100,-40.0,380,18.0,390,49.0" /></mjloggm>