<mjloggm ver="2.3"><GO type="169" lobby="0"/><UN n0="%E2%97%8E%E3%82%88%E3%81%97%E2%97%8E" n1="%E6%AD%A3%E6%B0%A3%E5%8D%81%E8%B6%B3" n2="%4D%72%52%41%4D%4F" n3="%73%79%75%70%6F%6E" dan="17,16,16,17" rate="2190.21,2094.23,2138.39,2207.95" sx="M,M,M,M"/><TAIKYOKU oya="0"/><INIT seed="0,0,0,3,5,70" ten="250,250,250,250" oya="0" hai0="124,63,117,118,93,13,9,114,54,76,88,2,86" hai1="22,15,26,95,61,53,8,59,133,129,81,38,126" hai2="89,123,134,120,21,83,51,5,12,112,109,90,68" hai3="98,20,104,47,48,106,103,1,131,7,119,107,29"/><T31/><D114/><U102/><E129/><V75/><F112/><W130/><G119/><T97/><D124/><U72/><E126/><V56/><F68/><W49/><G7/><T35/><D2/><U82/><E72/><V77/><F109/><W55/><G1/><T73/><D73/><U74/><E133/><V60/><F134/><W71/><G71/><T57/><D35/><U17/><E38/><V50/><F50/><W113/><G113/><T85/><D31/><U94/><E74/><V92/><F51/><W25/><REACH who="3" step="1"/><G49/><REACH who="3" ten="250,250,250,240" step="2"/><T23/><D23/><U28/><E102/><V62/><F5/><W80/><G80/><AGARI ba="0,1" hai="8,15,17,22,26,28,53,59,61,80,81,82,94,95" machi="80" ten="40,1300,0" yaku="8,1" doraHai="70" who="1" fromWho="3" sc="250,0,250,23,250,0,240,-13" /><INIT seed="1,0,0,5,1,81" ten="250,273,250,227" oya="1" hai0="114,82,28,90,115,118,119,65,13,21,122,66,45" hai1="52,3,112,12,14,97,33,5,78,16,70,35,93" hai2="102,83,94,89,98,80,1,60,38,128,4,37,26" hai3="108,67,62,123,104,48,54,85,106,53,55,39,0"/><U68/><E112/><N who="0" m="43049" /><D28/><U30/><E78/><V10/><F128/><W15/><G123/><T88/><D21/><U133/><E133/><V49/><F49/><W6/><G108/><T64/><D13/><U125/><E125/><V76/><F60/><W120/><G120/><T61/><D122/><U29/><E12/><V101/><F26/><W8/><G39/><T99/><D82/><U7/><E68/><V44/><F44/><W32/><G32/><T63/><D99/><U110/><E70/><V71/><F71/><W111/><G111/><T19/><D19/><U22/><E110/><V58/><F58/><W57/><G0/><T34/><D34/><U46/><E33/><V96/><F83/><W56/><G54/><T41/><D90/><U74/><E74/><V47/><F47/><W92/><REACH who="3" step="1"/><G67/><REACH who="3" ten="250,273,250,217" step="2"/><T134/><D134/><U135/><E135/><V72/><REACH who="2" step="1"/><F89/><AGARI ba="0,1" hai="6,8,15,48,53,55,56,57,62,85,89,92,104,106" machi="89" ten="40,5200,0" yaku="1,1,2,1,52,1,53,0" doraHai="81" doraHaiUra="40" who="3" fromWho="2" sc="250,0,273,0,250,-52,217,62" /><INIT seed="2,0,0,2,1,106" ten="250,273,198,279" oya="2" hai0="7,33,118,40,114,62,81,96,24,111,82,54,77" hai1="92,104,63,108,3,83,99,122,88,101,36,112,89" hai2="10,8,133,55,123,53,71,84,4,58,117,67,64" hai3="27,6,94,72,109,19,134,49,50,56,34,74,1"/><V59/><F117/><W46/><G109/><T9/><D111/><U37/><E108/><V13/><F123/><W20/><G134/><T121/><D121/><U68/><E122/><V35/><F35/><W105/><G105/><T129/><D114/><U103/><E3/><V102/><F133/><W26/><G1/><T38/><D129/><U85/><E112/><V126/><F126/><W124/><G6/><T48/><D82/><U132/><E132/><V135/><F135/><W90/><G124/><T52/><D62/><U130/><E130/><V131/><F71/><W44/><G56/><T66/><D66/><U98/><REACH who="1" step="1"/><E103/><REACH who="1" ten="250,263,198,279" step="2"/><V97/><F131/><W79/><G79/><T11/><D77/><U119/><E119/><V60/><F10/><W42/><G34/><T93/><D9/><U16/><E16/><V29/><F29/><W21/><G27/><T70/><D24/><U110/><E110/><V95/><REACH who="2" step="1"/><F84/><REACH who="2" ten="250,263,188,279" step="2"/><W86/><REACH who="3" step="1"/><G21/><REACH who="3" ten="250,263,188,269" step="2"/><T100/><D33/><U2/><E2/><V43/><F43/><AGARI ba="0,3" hai="19,20,26,42,43,44,46,49,50,72,74,86,90,94" machi="43" ten="30,12000,2" yaku="1,1,2,1,7,1,9,1,52,2,53,1" doraHai="106" doraHaiUra="80" who="3" fromWho="2" sc="250,0,263,0,188,-120,269,150" /><INIT seed="3,0,0,4,4,70" ten="250,263,68,419" oya="3" hai0="69,49,93,125,28,64,131,50,54,90,86,9,4" hai1="113,37,17,2,19,40,59,87,30,31,108,8,34" hai2="120,74,110,15,111,75,47,16,128,81,58,72,45" hai3="116,130,63,132,23,5,20,55,56,97,109,84,102"/><W57/><G116/><T123/><D123/><U18/><E113/><V43/><F120/><W126/><G130/><T91/><D131/><U135/><E108/><V62/><F128/><W73/><G73/><T76/><D76/><U133/><E59/><V39/><F47/><W122/><G122/><T129/><D125/><U24/><E87/><V52/><REACH who="2" step="1"/><F81/><REACH who="2" ten="250,263,58,419" step="2"/><W71/><G126/><T38/><D129/><U118/><E118/><V78/><F78/><W65/><G109/><T98/><D90/><U46/><REACH who="1" step="1"/><E31/><REACH who="1" ten="250,253,58,419" step="2"/><V60/><F60/><W53/><G63/><T134/><D28/><U85/><E85/><V7/><F7/><AGARI ba="0,2" hai="2,7,8,17,18,19,24,30,34,37,40,46,133,135" machi="7" ten="40,2600,0" yaku="1,1,52,1,53,0" doraHai="70" doraHaiUra="77" who="1" fromWho="2" sc="250,0,253,46,58,-26,419,0" /><INIT seed="4,0,0,0,2,113" ten="250,299,32,419" oya="0" hai0="112,65,89,124,133,3,122,57,123,41,78,53,81" hai1="6,107,131,90,105,56,103,1,20,61,19,115,11" hai2="55,62,9,50,76,127,5,39,95,12,45,102,31" hai3="59,24,60,34,120,52,80,97,0,22,58,100,106"/><T125/><D3/><U13/><E115/><V93/><F127/><N who="0" m="48714" /><D112/><U114/><E114/><V86/><F39/><W66/><G0/><T101/><D41/><U17/><E131/><V88/><F31/><W83/><G120/><N who="0" m="46123" /><D65/><U74/><E74/><V108/><F108/><W4/><G4/><T99/><D57/><U36/><E36/><V27/><F27/><W135/><G135/><T109/><D53/><U49/><E103/><V32/><F32/><W92/><G106/><N who="0" m="63807" /><D133/><U67/><E49/><V54/><F76/><W110/><G34/><T37/><D37/><U10/><E90/><V128/><F128/><W15/><G15/><AGARI ba="0,0" hai="1,6,10,11,13,15,17,19,20,56,61,67,105,107" machi="15" ten="30,1000,0" yaku="7,1" doraHai="113" who="1" fromWho="3" sc="250,0,299,10,32,0,419,-10" /><INIT seed="5,0,0,5,0,67" ten="250,309,32,409" oya="1" hai0="124,68,104,62,36,45,34,132,119,109,60,55,131" hai1="122,126,16,133,74,93,129,2,25,0,21,79,63" hai2="90,28,7,11,26,61,108,95,40,59,17,85,9" hai3="100,88,64,58,81,72,96,30,49,97,86,12,47"/><U77/><E122/><V73/><F108/><W103/><G72/><T134/><RYUUKYOKU type="yao9" ba="0,0" sc="250,0,309,0,32,0,409,0" hai0="34,36,45,55,60,62,68,104,109,119,124,131,132,134" /><INIT seed="5,1,0,5,2,101" ten="250,309,32,409" oya="1" hai0="14,100,117,1,69,107,23,11,61,63,82,97,42" hai1="122,70,125,49,81,3,90,6,102,119,79,55,5" hai2="65,86,19,31,68,43,0,52,24,85,60,45,41" hai3="83,128,26,67,93,106,99,28,30,124,84,22,20"/><U109/><E122/><V76/><F0/><W10/><G128/><T38/><D117/><U126/><E119/><V40/><F19/><W46/><G124/><N who="1" m="47722" /><E3/><V12/><F12/><W108/><G108/><T71/><D1/><U127/><E127/><V37/><F76/><W132/><G132/><T121/><D121/><U57/><E109/><V134/><F134/><W34/><G106/><T58/><D63/><U27/><E70/><V16/><F37/><W123/><G67/><T7/><D82/><U113/><E113/><V95/><F95/><W33/><G46/><T21/><D42/><U89/><E102/><V2/><F2/><W118/><G10/><T50/><D38/><U112/><E27/><V96/><F96/><W88/><G118/><T94/><D107/><U92/><E90/><V116/><F116/><W78/><G123/><T131/><D131/><U8/><E8/><V114/><F114/><W51/><G51/><T62/><D50/><U29/><E29/><V75/><F75/><W73/><G73/><T72/><D72/><N who="1" m="43239" /><E112/><V18/><F31/><W15/><G15/><T91/><D100/><U103/><E103/><V104/><F104/><W48/><G48/><T80/><D80/><U77/><E77/><V105/><F105/><W44/><G30/><T64/><REACH who="0" step="1"/><D71/><REACH who="0" ten="240,309,32,409" step="2"/><U110/><E110/><V54/><F68/><W4/><G83/><T25/><D25/><U59/><E57/><N who="2" m="37007" /><F24/><W130/><G26/><T74/><D74/><U13/><E13/><V39/><F39/><W135/><G130/><T56/><D56/><U47/><E59/><V36/><F36/><RYUUKYOKU ba="1,1" sc="240,15,309,15,32,-15,409,-15" hai0="7,11,14,21,23,58,61,62,64,69,91,94,97" hai1="5,6,47,49,55,89,92" /><INIT seed="5,2,1,3,5,29" ten="255,324,17,394" oya="1" hai0="15,93,97,124,80,84,4,101,126,42,133,63,53" hai1="77,1,58,73,72,23,66,37,89,105,122,3,100" hai2="9,116,19,102,132,69,32,118,43,99,129,79,24" hai3="26,110,33,98,14,8,134,50,56,67,88,13,120"/><U36/><E122/><V70/><F129/><W119/><G110/><T22/><D42/><U17/><E100/><V91/><F132/><W113/><G120/><T71/><D133/><U92/><E105/><V16/><F79/><W46/><G113/><T125/><D53/><U59/><E77/><V5/><F43/><W2/><G2/><T62/><D71/><U111/><E92/><V81/><F91/><W76/><G14/><T121/><D121/><U18/><E89/><V55/><F81/><W20/><G33/><T49/><D49/><U96/><E23/><V44/><F55/><W87/><G98/><T21/><D21/><U11/><E96/><V107/><F44/><W60/><G76/><N who="0" m="46087" /><D22/><U54/><E54/><V114/><F114/><W12/><G8/><AGARI ba="2,1" hai="4,8,15,62,63,93,97,101,124,125,126" m="46087" machi="8" ten="30,1000,0" yaku="18,1" doraHai="29" who="0" fromWho="3" sc="255,26,324,0,17,0,394,-16" /><INIT seed="6,0,0,0,1,55" ten="281,324,17,378" oya="2" hai0="105,56,102,28,58,113,80,69,133,67,110,118,6" hai1="25,98,71,52,29,22,88,48,47,81,63,41,42" hai2="127,50,36,49,38,103,46,13,15,114,134,115,77" hai3="111,97,24,61,20,75,123,9,10,35,59,109,70"/><V83/><F103/><W90/><G35/><T12/><D110/><U7/><E71/><V73/><F127/><W34/><G34/><T91/><D133/><U39/><E39/><V27/><F27/><W76/><G70/><T26/><D113/><U112/><E112/><N who="2" m="43051" /><F134/><W95/><G123/><T120/><D120/><U33/><E7/><V119/><F119/><W65/><G109/><T84/><D118/><U64/><E33/><V106/><F106/><W32/><G32/><N who="0" m="20503" /><D12/><N who="2" m="4682" /><F50/><W126/><G126/><T79/><D79/><U74/><E74/><V85/><F73/><W93/><G111/><T86/><D86/><N who="1" m="50255" /><E64/><V107/><F107/><W44/><G75/><T78/><D78/><U100/><E63/><V94/><F94/><AGARI ba="0,0" hai="22,25,29,41,42,47,48,52,94,98,100" m="50255" machi="94" ten="30,3900,0" yaku="8,1,54,2" doraHai="55" who="1" fromWho="2" sc="281,0,324,39,17,-39,378,0" owari="281,-11.9,363,16.3,-22,-52.2,378,47.8" /></mjloggm>