<mjloggm ver="2.3"><GO type="169" lobby="0"/><UN n0="%6C%6E%61%69" n1="%E7%B1%B3%E3%81%BC%E3%81%86%E3%82%84%E3%81%8F%E3%82%93" n2="%E5%BA%84%E5%8F%B8%E5%81%A5%E5%A4%AA%E6%9C%97" n3="%E9%B3%B4%E8%8C%B6" dan="16,16,16,16" rate="2041.32,2179.50,2057.56,2156.17" sx="M,M,M,M"/><TAIKYOKU oya="0"/><INIT seed="0,0,0,3,0,106" ten="250,250,250,250" oya="0" hai0="23,64,40,110,55,119,104,68,38,69,88,14,74" hai1="9,82,18,49,123,135,6,86,85,124,1,25,95" hai2="71,126,78,47,41,107,122,12,89,28,120,87,117" hai3="46,93,4,128,99,98,24,29,42,91,129,56,77"/><T114/><D114/><U15/><E123/><V37/><F126/><W11/><G77/><T48/><D119/><U116/><E116/><V75/><F71/><W97/><G56/><T59/><D104/><U2/><E124/><V101/><F117/><W127/><G127/><T90/><D74/><U44/><E135/><V3/><F28/><W66/><G66/><T39/><D110/><U105/><E105/><V0/><F0/><W33/><G11/><T22/><D68/><U103/><E2/><V19/><F3/><W112/><G4/><T67/><D67/><U45/><E1/><V20/><F101/><W53/><G53/><T83/><D39/><U34/><E34/><V27/><F12/><W51/><REACH who="3" step="1"/><G112/><REACH who="3" ten="250,250,250,240" step="2"/><T50/><D64/><U94/><E6/><V16/><F107/><W121/><G121/><T10/><D69/><U92/><E9/><V102/><F102/><W32/><G32/><T118/><D118/><U130/><E103/><V133/><F133/><W76/><G76/><T115/><D115/><U43/><E45/><V109/><F109/><W125/><G125/><T84/><D38/><U80/><E44/><V132/><F132/><W13/><G13/><T79/><D40/><U52/><E15/><V26/><F78/><W7/><G7/><N who="0" m="3423" /><D50/><U131/><E49/><V81/><REACH who="2" step="1"/><F75/><REACH who="2" ten="250,250,240,240" step="2"/><W8/><G8/><T5/><D5/><U96/><E43/><V73/><F73/><W31/><G31/><T134/><D134/><U54/><E25/><V60/><F60/><W65/><G65/><T113/><D113/><U100/><E54/><V111/><F111/><RYUUKYOKU ba="0,2" sc="250,10,250,-30,240,10,240,10" hai0="22,23,48,55,59,79,83,84,88,90" hai2="16,19,20,26,27,37,41,47,81,87,89,120,122" hai3="24,29,33,42,46,51,91,93,97,98,99,128,129" /><INIT seed="0,1,2,4,5,77" ten="260,220,250,250" oya="0" hai0="54,123,114,99,128,15,71,133,91,7,83,112,23" hai1="62,80,88,37,40,20,76,94,95,132,27,5,52" hai2="42,82,110,61,48,13,36,102,130,46,28,44,17" hai3="96,3,65,56,30,135,79,47,32,119,35,97,109"/><T126/><D123/><U50/><E132/><V105/><F110/><W41/><G119/><T75/><D71/><U103/><E5/><V106/><F130/><W8/><G109/><T18/><D128/><U1/><E1/><V16/><F28/><W59/><G135/><T104/><D133/><U120/><E120/><V21/><F102/><W6/><G79/><T111/><D111/><U107/><E107/><V92/><F92/><W55/><G65/><T115/><D126/><U19/><E37/><V0/><F0/><W100/><G56/><T74/><D7/><U67/><E40/><V57/><F82/><W51/><G30/><T90/><D54/><U29/><E103/><V81/><F81/><W73/><G73/><T125/><D125/><U26/><E62/><V129/><F17/><W24/><G24/><T9/><D9/><U101/><E101/><V122/><F122/><W70/><G70/><T49/><D49/><U63/><E63/><V124/><F124/><W11/><G11/><T25/><D25/><U117/><E67/><V58/><F129/><W33/><REACH who="3" step="1"/><G100/><REACH who="3" ten="260,220,250,240" step="2"/><T34/><D104/><U84/><E76/><V86/><F58/><W116/><G116/><T22/><D34/><U87/><E117/><V45/><F46/><W43/><G43/><T131/><D131/><U60/><E60/><AGARI ba="1,3" hai="3,6,8,32,33,35,41,47,51,55,59,60,96,97" machi="60" ten="40,2600,0" yaku="1,1,53,1" doraHai="77" doraHaiUra="39" who="3" fromWho="1" sc="260,0,220,-29,250,0,240,59" /><INIT seed="1,0,0,0,3,41" ten="260,191,250,299" oya="1" hai0="10,98,28,108,130,57,18,20,74,21,77,61,92" hai1="7,36,40,25,71,16,69,51,112,11,12,13,42" hai2="35,48,5,103,14,129,63,8,58,101,38,65,126" hai3="24,45,6,72,100,121,73,27,93,33,39,62,134"/><U32/><E112/><V67/><F38/><W81/><G121/><T102/><D108/><U17/><E36/><V96/><F129/><W127/><G6/><T52/><D130/><U66/><E7/><V46/><F35/><W15/><G15/><T68/><D68/><U75/><E75/><V3/><F126/><W110/><G62/><T87/><D74/><U113/><E113/><V122/><F122/><W89/><G100/><T109/><D109/><U60/><E71/><V90/><F67/><W34/><G110/><T80/><D28/><U50/><E42/><N who="2" m="24663" /><F3/><W131/><G131/><T9/><REACH who="0" step="1"/><D21/><REACH who="0" ten="250,191,250,299" step="2"/><U97/><E69/><V135/><F135/><W23/><G23/><T114/><D114/><U128/><E128/><V125/><F125/><W111/><G73/><T19/><D19/><U26/><E17/><V79/><F79/><W4/><G72/><T106/><D106/><U44/><E16/><V30/><F30/><W0/><G111/><T31/><D31/><U104/><E104/><V86/><F96/><W99/><G99/><T43/><D43/><U107/><E107/><V70/><F70/><W29/><G29/><T94/><D94/><AGARI ba="0,1" hai="5,8,14,58,63,65,86,90,94,101,103" m="24663" machi="94" ten="30,2000,0" yaku="8,1,52,1" doraHai="41" who="2" fromWho="0" sc="250,-20,191,0,250,30,299,0" /><INIT seed="2,0,0,2,1,106" ten="230,191,280,299" oya="2" hai0="27,39,66,71,49,82,57,34,119,32,68,69,26" hai1="25,98,7,85,130,19,63,9,105,53,42,78,117" hai2="46,96,2,115,91,122,21,86,107,62,41,65,18" hai3="133,73,70,113,126,52,84,13,38,123,24,33,16"/><V23/><F115/><W54/><G123/><T102/><D39/><U121/><E117/><V75/><F2/><W11/><G113/><T20/><D119/><U99/><E42/><V100/><F122/><W17/><G38/><T128/><D128/><U6/><E105/><V51/><F18/><W47/><G70/><T83/><D102/><U88/><E78/><V129/><F75/><W56/><G73/><T118/><D118/><U124/><E124/><V50/><F51/><N who="3" m="28799" /><G33/><T55/><D66/><U110/><E110/><V37/><F37/><W35/><G35/><T93/><D93/><U44/><E130/><V95/><REACH who="2" step="1"/><F129/><REACH who="2" ten="230,191,270,299" step="2"/><W81/><G126/><T43/><D49/><N who="1" m="28839" /><E121/><V29/><F29/><W87/><G133/><T89/><D43/><U1/><E1/><V15/><F15/><N who="3" m="7295" /><G24/><T28/><D27/><U94/><E25/><V67/><F67/><W77/><G17/><T111/><D26/><U109/><E109/><V132/><F132/><W80/><G13/><T104/><D111/><U30/><E30/><V48/><F48/><N who="3" m="30791" /><G77/><T14/><D14/><N who="1" m="7631" /><E63/><V112/><F112/><W125/><G125/><T103/><D28/><U108/><E108/><V72/><F72/><W60/><G60/><T131/><D131/><U3/><E3/><V79/><F79/><W64/><G64/><T5/><D34/><U61/><E61/><V114/><F114/><W74/><G74/><T59/><D32/><U0/><E0/><V90/><F90/><W12/><G12/><T127/><D127/><U92/><E7/><V40/><F40/><W31/><G31/><T135/><D5/><RYUUKYOKU ba="0,1" sc="230,-15,191,-15,270,15,299,15" hai2="21,23,41,46,50,62,65,86,91,95,96,100,107" hai3="80,81,84,87" /><INIT seed="2,1,1,2,2,97" ten="215,176,285,314" oya="2" hai0="26,134,130,86,127,49,126,41,82,117,115,94,100" hai1="40,109,107,105,68,4,75,37,85,87,65,38,12" hai2="19,15,16,62,101,102,30,133,118,48,0,10,81" hai3="31,112,53,22,78,34,18,71,125,128,110,74,90"/><V25/><F118/><W36/><G71/><T96/><D115/><U66/><E68/><V122/><F122/><W67/><G67/><T59/><D117/><U103/><E4/><V2/><F133/><W114/><G36/><T121/><D121/><U98/><E98/><V113/><F113/><N who="3" m="43627" /><G53/><T46/><D134/><U129/><E12/><N who="2" m="7191" /><F2/><W7/><G90/><T60/><D130/><U91/><E91/><V99/><F0/><W8/><G78/><T14/><D26/><U93/><E93/><V77/><F99/><W6/><G74/><T79/><REACH who="0" step="1"/><D14/><REACH who="0" ten="205,176,285,314" step="2"/><U21/><E129/><V84/><F25/><N who="3" m="18799" /><G128/><T69/><D69/><U42/><E109/><V50/><F30/><W5/><G110/><T80/><D80/><U57/><E107/><V28/><F28/><W131/><G131/><T52/><AGARI ba="1,2" hai="41,46,49,52,59,60,79,82,86,94,96,100,126,127" machi="52" ten="30,7900,0" yaku="1,1,0,1,52,1,54,1,53,0" doraHai="97" doraHaiUra="9" who="0" fromWho="0" sc="205,102,176,-21,285,-40,314,-21" /><INIT seed="3,0,0,3,2,84" ten="307,155,245,293" oya="3" hai0="83,127,116,5,54,121,72,134,114,25,75,89,42" hai1="68,41,123,29,78,80,6,118,9,60,22,110,122" hai2="126,32,76,34,87,102,81,45,11,17,37,74,105" hai3="64,117,1,104,10,52,23,61,48,20,27,90,7"/><W120/><G120/><T50/><D116/><U130/><E110/><V65/><F65/><W91/><G104/><T98/><D121/><U24/><E118/><V15/><F126/><W62/><G117/><T106/><D127/><U16/><E130/><V107/><F107/><W58/><G61/><T40/><D134/><U112/><E112/><V128/><F128/><W70/><REACH who="3" step="1"/><G23/><REACH who="3" ten="307,155,245,283" step="2"/><T28/><D114/><U47/><E60/><V49/><F34/><W12/><G12/><T2/><D2/><U33/><E33/><V57/><F32/><W131/><G131/><T4/><D25/><U19/><E122/><V14/><F15/><W124/><G124/><T36/><D106/><U43/><E123/><V8/><F105/><W55/><G55/><T77/><D54/><U13/><E68/><V93/><F14/><W132/><G132/><T38/><D42/><U111/><E43/><V113/><F113/><W63/><G63/><T129/><D40/><U109/><E111/><V53/><F53/><W103/><G103/><T31/><D129/><U100/><E100/><V35/><F102/><W73/><G73/><T115/><D75/><U82/><E109/><V94/><F74/><W95/><G95/><T3/><D3/><U133/><E133/><V101/><F101/><W0/><G0/><T26/><D115/><U67/><E67/><V79/><F94/><W119/><G119/><T99/><D72/><N who="1" m="43079" /><E82/><V96/><F35/><W18/><AGARI ba="0,1" hai="1,7,10,18,20,27,48,52,58,62,64,70,90,91" machi="18" ten="20,18000,2" yaku="1,1,0,1,7,1,52,2,54,1,53,1" doraHai="84" doraHaiUra="66" who="3" fromWho="3" sc="307,-60,155,-60,245,-60,283,190" /><INIT seed="3,1,0,4,3,73" ten="247,95,185,473" oya="3" hai0="102,94,75,3,131,119,9,62,6,125,111,120,33" hai1="66,29,47,133,17,122,100,134,20,69,58,4,86" hai2="48,43,103,27,11,21,132,89,2,74,15,112,121" hai3="34,18,5,96,108,91,8,55,68,70,116,32,83"/><W35/><G116/><T101/><D119/><U118/><E118/><V64/><F112/><W54/><G18/><T77/><D120/><U107/><E122/><V51/><F132/><W65/><G108/><T37/><D33/><U60/><E29/><V80/><F2/><W14/><G65/><T46/><D111/><U24/><E4/><V104/><F43/><W71/><REACH who="3" step="1"/><G83/><REACH who="3" ten="247,95,185,463" step="2"/><T26/><D6/><U114/><E17/><V78/><F64/><W56/><G56/><T49/><D46/><U84/><E47/><V106/><F80/><W63/><G63/><T40/><D62/><U117/><E117/><V92/><F121/><W44/><G44/><T52/><D125/><U123/><E123/><V85/><F11/><W88/><G88/><T67/><D9/><U105/><E58/><V72/><F89/><W95/><AGARI ba="1,1" hai="5,8,14,32,34,35,54,55,68,70,71,91,95,96" machi="95" ten="40,3900,0" yaku="1,1,0,1,53,0" doraHai="73" doraHaiUra="82" who="3" fromWho="3" sc="247,-14,95,-14,185,-14,463,52" /><INIT seed="3,2,0,5,0,16" ten="233,81,171,515" oya="3" hai0="46,3,112,38,81,68,57,47,103,70,5,65,29" hai1="37,94,48,91,63,54,39,104,115,1,56,128,49" hai2="120,131,45,130,33,95,43,118,62,61,12,79,119" hai3="102,108,60,99,111,22,86,53,134,72,6,107,7"/><W101/><G72/><T92/><D112/><U90/><E104/><V132/><F33/><W113/><G113/><T121/><D121/><U77/><E1/><V11/><F79/><W50/><G134/><T135/><D135/><U133/><E115/><V59/><F132/><W105/><G86/><T24/><D81/><U100/><E100/><V36/><F95/><W13/><G60/><T2/><D57/><U87/><E77/><V14/><F14/><W129/><G129/><N who="2" m="49161" /><F120/><W27/><G101/><T84/><D65/><U18/><E133/><V35/><F35/><W28/><G105/><T20/><D38/><U55/><E128/><V44/><F62/><W73/><G73/><T82/><D3/><U75/><E75/><V21/><F21/><W19/><G7/><T30/><D30/><U9/><E63/><V25/><F25/><W126/><G6/><T96/><D5/><U125/><E9/><V117/><F45/><W32/><REACH who="3" step="1"/><G126/><REACH who="3" ten="233,81,171,505" step="2"/><T110/><D84/><U89/><E125/><V80/><F119/><W85/><G85/><T93/><D103/><U122/><E122/><V52/><F80/><W97/><G97/><T64/><D96/><U41/><E87/><V116/><F118/><W8/><G8/><T4/><D82/><U98/><E91/><V0/><F0/><W127/><G127/><T123/><D2/><U34/><E90/><V88/><F88/><W40/><G40/><T58/><D4/><AGARI ba="2,1" hai="4,11,12,36,43,44,52,59,61,116,117" m="49161" machi="4" ten="30,2000,0" yaku="19,1,54,1" doraHai="16" who="2" fromWho="0" sc="233,-26,81,0,171,36,505,0" /><INIT seed="4,0,0,5,5,124" ten="207,81,207,505" oya="0" hai0="76,119,6,79,127,3,82,45,61,108,99,5,100" hai1="77,36,104,93,70,7,84,75,25,34,74,132,121" hai2="86,105,28,128,130,0,21,57,49,65,52,95,66" hai3="96,81,60,112,98,8,22,37,135,41,134,43,122"/><T38/><D119/><U131/><E7/><V56/><F105/><W47/><G112/><T68/><D127/><U20/><E20/><V54/><F0/><W14/><G122/><T97/><D108/><U123/><E25/><N who="2" m="16431" /><F95/><W39/><G22/><T53/><D79/><U9/><E9/><V35/><F35/><W62/><G81/><T19/><D19/><U58/><E58/><V103/><F86/><W110/><G47/><T64/><D3/><U109/><E93/><V69/><F103/><W50/><G50/><T101/><D101/><U48/><E48/><V12/><F12/><W11/><REACH who="3" step="1"/><G14/><REACH who="3" ten="207,81,207,495" step="2"/><T94/><D38/><U115/><E123/><V51/><F69/><W27/><G27/><T111/><D111/><AGARI ba="0,1" hai="8,11,37,39,41,43,60,62,96,98,110,111,134,135" machi="111" ten="25,3200,0" yaku="1,1,22,2,53,0" doraHai="124" doraHaiUra="125" who="3" fromWho="0" sc="207,-32,81,0,207,0,495,42" /><INIT seed="5,0,0,2,0,63" ten="175,81,207,537" oya="1" hai0="106,109,99,33,57,111,35,59,14,130,52,24,49" hai1="125,118,93,8,26,60,45,108,120,20,16,6,30" hai2="92,13,91,95,5,22,104,68,102,73,75,82,2" hai3="44,50,62,27,134,77,113,105,107,76,112,90,128"/><U4/><E118/><V37/><F37/><W103/><G134/><T127/><D130/><U41/><E120/><V97/><F2/><W18/><G128/><T85/><D127/><U39/><E125/><V71/><F5/><W110/><G90/><T114/><D114/><N who="3" m="44137" /><G110/><T96/><D14/><U94/><E108/><V80/><F22/><N who="3" m="13783" /><G62/><T51/><D24/><U23/><E60/><V40/><F40/><N who="3" m="24839" /><G103/><T48/><D48/><U119/><E119/><V32/><F13/><W29/><G29/><T74/><D85/><U81/><E81/><N who="2" m="31339" /><F32/><W117/><G117/><T124/><D124/><U116/><E116/><V126/><F71/><W15/><G15/><T61/><D61/><U42/><E41/><V100/><F68/><W98/><G98/><T1/><D1/><U133/><E133/><V123/><F123/><W10/><G10/><T132/><D132/><U83/><E83/><V101/><F126/><W84/><G84/><T135/><D135/><U12/><REACH who="1" step="1"/><E6/><REACH who="1" ten="175,71,207,537" step="2"/><V67/><F104/><AGARI ba="0,1" hai="76,77,104,105,107" m="24839,13783,44137" machi="104" ten="30,1000,0" yaku="15,1" doraHai="63" who="3" fromWho="2" sc="175,0,71,0,207,-10,537,20" /><INIT seed="6,0,0,3,5,106" ten="175,71,197,557" oya="2" hai0="74,103,6,94,104,37,16,129,109,107,14,65,15" hai1="12,29,99,81,23,102,59,52,113,25,121,132,75" hai2="24,42,22,48,33,9,82,133,46,43,35,90,79" hai3="28,91,4,98,17,77,134,96,57,120,3,73,20"/><V125/><F133/><W32/><G120/><T72/><D109/><U86/><E132/><V85/><F125/><W124/><G134/><T2/><D37/><U131/><E121/><V13/><F43/><W83/><G124/><T10/><D129/><U30/><E113/><V101/><F101/><W40/><G40/><T84/><D65/><U34/><E131/><V36/><F36/><W92/><G57/><T47/><D47/><U112/><E112/><V55/><F90/><W45/><G45/><T76/><D2/><U49/><E12/><V58/><F58/><W80/><G80/><T119/><D119/><U115/><E115/><V130/><F130/><W95/><G32/><T51/><D51/><U27/><E75/><V19/><REACH who="2" step="1"/><F55/><REACH who="2" ten="175,71,187,557" step="2"/><W8/><G91/><T117/><D117/><U18/><E102/><V105/><F105/><W127/><G127/><T61/><D104/><U88/><REACH who="1" step="1"/><E99/><REACH who="1" ten="175,61,187,557" step="2"/><V62/><F62/><W5/><G98/><T64/><D103/><U108/><E108/><V44/><F44/><W118/><G96/><T122/><D122/><U0/><E0/><V93/><F93/><W21/><G95/><T70/><D107/><U111/><E111/><V89/><F89/><W67/><G92/><T100/><D100/><U128/><E128/><V66/><F66/><W50/><G67/><T123/><D123/><U135/><E135/><V97/><F97/><W54/><G54/><T26/><D94/><U41/><E41/><V78/><F78/><W39/><G39/><T63/><D76/><U68/><E68/><V116/><F116/><W1/><G118/><RYUUKYOKU ba="0,2" sc="175,-15,61,15,187,15,557,-15" hai1="18,23,25,27,29,30,34,49,52,59,81,86,88" hai2="9,13,19,22,24,33,35,42,46,48,79,82,85" /><INIT seed="6,1,2,4,1,4" ten="160,76,202,542" oya="2" hai0="23,66,27,37,65,131,90,114,129,73,91,19,87" hai1="34,44,128,89,127,0,9,39,85,6,20,130,61" hai2="135,117,122,108,83,25,101,28,47,24,115,30,2" hai3="134,106,109,125,72,1,54,82,60,52,16,105,104"/><V63/><F122/><W55/><G109/><T124/><D73/><U5/><E34/><V43/><F117/><W15/><G1/><T40/><D114/><U67/><E127/><V33/><F2/><W8/><G125/><T18/><D124/><U53/><E6/><V3/><F3/><W46/><G134/><T48/><D37/><U12/><E0/><V58/><F101/><W57/><REACH who="3" step="1"/><G46/><REACH who="3" ten="160,76,202,532" step="2"/><N who="0" m="25671" /><D131/><U119/><E119/><V111/><F135/><W13/><G13/><T98/><D129/><U70/><E20/><V126/><F126/><W11/><G11/><T69/><D69/><U97/><E130/><V133/><F133/><W81/><G81/><N who="0" m="49519" /><D18/><U75/><E128/><V56/><F115/><W79/><AGARI ba="1,3" hai="8,15,16,52,54,55,57,60,72,79,82,104,105,106" machi="79" ten="40,8000,1" yaku="1,1,0,1,52,1,54,2,53,0" doraHai="4" doraHaiUra="64" who="3" fromWho="3" sc="160,-21,76,-21,202,-41,532,113" /><INIT seed="7,0,0,4,3,18" ten="139,55,161,645" oya="3" hai0="100,130,17,104,120,23,86,41,42,84,69,37,53" hai1="85,92,13,124,5,112,34,4,68,40,48,16,123" hai2="133,62,22,70,94,126,105,135,33,15,44,71,134" hai3="3,58,90,127,29,19,10,114,88,12,32,28,47"/><W101/><G114/><T27/><D120/><U117/><E124/><V51/><F105/><W2/><G127/><T21/><D69/><N who="2" m="26122" /><F33/><W91/><G101/><T132/><D130/><U81/><E112/><V82/><F126/><W119/><G119/><T131/><D131/><U67/><E34/><V93/><F62/><W72/><G72/><T52/><D132/><U99/><E123/><V36/><F36/><W78/><G78/><T111/><D111/><U25/><E25/><V79/><F22/><W43/><G58/><T26/><D104/><U65/><E117/><V122/><F15/><W113/><G113/><T38/><D17/><U110/><E110/><V125/><F122/><W75/><G75/><T121/><D121/><U87/><E68/><V9/><F9/><W0/><REACH who="3" step="1"/><G32/><REACH who="3" ten="139,55,161,635" step="2"/><T30/><D100/><U97/><E67/><V55/><F125/><W6/><G6/><T98/><D30/><U116/><E116/><V56/><F56/><W76/><G76/><T108/><D108/><U54/><E4/><V39/><F79/><W95/><G95/><T31/><D31/><U20/><E5/><V66/><F82/><W49/><AGARI ba="0,1" hai="0,2,3,10,12,19,28,29,43,47,49,88,90,91" machi="49" ten="40,7800,0" yaku="1,1,0,1,54,1,53,0" doraHai="18" doraHaiUra="64" who="3" fromWho="3" sc="139,-26,55,-26,161,-26,635,88" owari="113,-28.7,29,-47.1,135,-6.5,723,82.3" /></mjloggm>