<mjloggm ver="2.3"><GO type="169" lobby="0"/><UN n0="%E3%81%9F%E3%81%8B%E3%81%A3%E3%81%A6%E3%81%83%E3%83%BC" n1="%E3%83%9B%E3%83%B3%E3%82%A4%E3%83%84%E8%B5%A4%EF%BC%93" n2="%E5%85%A8%E9%9B%86%E4%B8%AD%E3%83%BB%E5%B8%B8%E4%B8%AD" n3="%E7%B5%B6%E5%AF%BE%E9%98%B2%E5%BE%A1%E5%B0%86%E8%BB%8D" dan="16,16,16,16" rate="2191.24,2124.99,2147.41,2086.49" sx="F,M,M,M"/><TAIKYOKU oya="0"/><INIT seed="0,0,0,0,5,113" ten="250,250,250,250" oya="0" hai0="88,116,25,59,1,0,122,54,73,62,71,65,112" hai1="3,105,17,79,134,40,87,67,100,128,110,24,19" hai2="12,86,36,51,78,74,5,68,11,64,103,63,42" hai3="120,4,83,131,31,111,121,21,9,125,132,82,44"/><T115/><D122/><N who="3" m="47209" /><G111/><T28/><D73/><U109/><E3/><V37/><F74/><W89/><G125/><T48/><D116/><U101/><E67/><V98/><F78/><W76/><G131/><T91/><D0/><U13/><E40/><V38/><F86/><W58/><G132/><T22/><REACH who="0" step="1"/><D1/><REACH who="0" ten="240,250,250,250" step="2"/><U90/><E110/><V16/><F42/><W43/><G43/><T61/><D61/><U49/><E109/><V56/><F51/><W2/><G2/><T45/><D45/><U130/><E49/><V60/><F5/><W52/><G44/><T7/><D7/><U34/><E130/><V47/><F47/><W95/><G4/><T127/><D127/><U29/><E128/><V15/><F15/><W102/><G82/><T84/><D84/><U53/><E87/><V27/><F27/><W97/><G83/><T70/><D70/><U118/><E13/><V20/><F63/><W133/><G58/><T30/><D30/><U10/><E29/><V114/><F68/><W32/><G31/><T99/><D99/><U124/><E24/><V126/><F126/><W93/><G97/><T6/><D6/><U46/><E46/><V75/><F75/><W123/><G123/><T92/><D92/><U104/><E124/><V77/><F56/><W119/><G95/><T55/><D55/><U108/><E53/><V96/><F96/><W129/><G52/><T66/><D66/><U81/><E108/><V117/><F64/><W72/><G129/><T18/><D18/><U80/><E80/><V107/><F98/><W85/><G93/><T135/><D135/><RYUUKYOKU ba="0,1" sc="240,30,250,-10,250,-10,250,-10" hai0="22,25,28,48,54,59,62,65,71,88,91,112,115" /><INIT seed="0,1,1,4,5,16" ten="270,240,240,240" oya="0" hai0="109,85,25,84,56,42,97,72,125,100,27,80,15" hai1="124,111,64,47,30,73,133,101,121,120,126,51,29" hai2="89,40,46,24,130,38,88,55,17,60,23,127,34" hai3="45,43,13,2,95,61,22,131,18,36,129,63,53"/><T9/><D72/><U5/><E73/><V31/><F127/><N who="1" m="48681" /><E101/><V4/><F130/><N who="3" m="49675" /><G2/><T108/><D42/><U134/><E5/><V118/><F118/><W75/><G75/><T110/><D125/><U117/><E117/><V119/><F4/><W62/><G95/><N who="0" m="58431" /><D56/><AGARI ba="1,1" hai="13,18,22,36,43,45,53,56,61,62,63" m="49675" machi="56" ten="30,2000,0" yaku="19,1,52,1" doraHai="16" who="3" fromWho="0" sc="270,-23,240,0,240,0,240,33" /><INIT seed="1,0,0,0,4,22" ten="247,240,240,273" oya="1" hai0="108,83,52,99,12,98,88,62,69,31,25,37,78" hai1="76,57,35,127,94,114,53,82,5,124,64,4,50" hai2="49,42,3,30,120,130,58,28,1,11,77,51,72" hai3="18,27,29,81,23,45,111,74,68,118,66,32,106"/><U46/><E114/><V132/><F120/><W85/><G111/><T75/><D37/><U38/><E35/><V113/><F130/><W109/><G109/><T73/><D73/><U123/><E123/><V59/><F72/><W93/><G106/><T13/><D108/><U10/><E94/><V133/><F11/><W39/><G118/><T104/><D104/><U105/><E105/><V131/><F77/><W121/><G121/><T117/><D117/><U41/><E64/><V71/><F71/><W60/><G93/><T115/><D115/><U8/><E8/><V97/><F42/><W7/><G7/><T61/><D61/><U70/><E70/><V128/><REACH who="2" step="1"/><F97/><REACH who="2" ten="247,240,230,273" step="2"/><W43/><G74/><T112/><D69/><U119/><E119/><V129/><F129/><W125/><G125/><N who="1" m="48202" /><E10/><V33/><F33/><W80/><REACH who="3" step="1"/><G85/><AGARI ba="0,1" hai="4,5,38,41,46,50,53,57,76,82,85" m="48202" machi="85" ten="30,1500,0" yaku="18,1" doraHai="22" who="1" fromWho="3" sc="247,0,240,25,230,0,273,-15" /><INIT seed="1,1,0,0,1,12" ten="247,265,230,258" oya="1" hai0="81,62,84,46,120,9,23,4,121,48,20,72,115" hai1="82,125,94,92,102,0,88,130,90,43,35,132,59" hai2="36,24,60,22,76,45,93,33,73,108,119,77,69" hai3="109,100,65,67,113,18,19,25,64,87,133,34,97"/><U107/><E35/><V78/><F119/><W56/><G113/><T27/><D72/><U123/><E0/><V55/><F108/><W63/><G109/><T131/><D115/><U7/><E7/><V57/><F33/><W103/><G133/><T52/><D131/><U37/><E37/><V17/><F69/><W54/><G87/><T129/><D129/><U15/><E43/><V29/><F73/><W128/><G128/><T85/><D62/><U21/><E130/><V110/><F110/><W58/><G58/><T41/><D41/><U30/><E107/><V13/><F36/><W38/><G38/><T3/><D23/><U111/><E125/><V96/><F45/><W116/><G116/><T26/><D26/><U11/><E132/><V49/><F49/><W105/><REACH who="3" step="1"/><G103/><REACH who="3" ten="247,265,230,248" step="2"/><T51/><D84/><U5/><E111/><V53/><F53/><W42/><G42/><T6/><D51/><U122/><E102/><V135/><F135/><W32/><G32/><T1/><D85/><U95/><E59/><V104/><F104/><W89/><G89/><T118/><D118/><U16/><E90/><V74/><F74/><W44/><G44/><T112/><D112/><U106/><E88/><N who="2" m="55335" /><F77/><W61/><G61/><T28/><D81/><U101/><E82/><V68/><F68/><W39/><G39/><T47/><D47/><U8/><E101/><V2/><F78/><W14/><G14/><T31/><D31/><AGARI ba="1,1" hai="18,19,25,31,34,54,56,63,64,65,67,97,100,105" machi="31" ten="40,5200,0" yaku="1,1,52,2,53,0" doraHai="12" doraHaiUra="127" who="3" fromWho="0" sc="247,-55,265,0,230,0,248,65" /><INIT seed="2,0,0,5,3,101" ten="192,265,230,313" oya="2" hai0="99,74,132,3,34,75,69,86,13,60,77,123,126" hai1="19,7,112,55,47,30,0,9,39,53,59,61,62" hai2="135,8,114,1,113,35,96,68,14,85,90,78,42" hai3="57,130,41,121,25,104,50,124,92,79,64,73,12"/><V20/><F35/><W88/><G121/><T28/><D3/><U131/><E131/><V32/><F32/><W118/><G118/><T45/><D123/><U36/><E112/><V117/><F117/><W119/><G119/><T66/><D132/><U23/><E30/><V15/><F1/><W71/><G104/><T120/><D120/><U108/><E108/><V31/><F135/><W81/><G124/><T107/><D126/><U44/><E39/><V102/><F42/><W48/><G71/><T103/><D13/><U82/><E82/><V18/><F68/><W98/><G41/><T24/><D45/><U83/><E83/><AGARI ba="0,0" hai="24,28,34,60,66,69,74,75,77,83,86,99,103,107" machi="83" ten="40,5200,0" yaku="25,2,52,1" doraHai="101" who="0" fromWho="1" sc="192,52,265,-52,230,0,313,0" /><INIT seed="3,0,0,4,1,89" ten="244,213,230,313" oya="3" hai0="84,37,100,65,21,13,70,114,110,96,54,131,0" hai1="106,72,90,94,41,126,25,113,69,83,63,50,62" hai2="58,121,68,120,15,5,56,82,130,95,34,32,14" hai3="125,7,60,107,27,29,78,129,133,23,101,18,115"/><W111/><G115/><T119/><D110/><U4/><E106/><V2/><F68/><W46/><G125/><T93/><D0/><U61/><E69/><V85/><F2/><W48/><G133/><T112/><D119/><U8/><E126/><V40/><F40/><W30/><G129/><T88/><D37/><U71/><E113/><N who="0" m="43625" /><D131/><U132/><E132/><V102/><F130/><W55/><G78/><T17/><D54/><U76/><E71/><V116/><F116/><W16/><G7/><T79/><D79/><U64/><E64/><V108/><F108/><W6/><G6/><T124/><D124/><U59/><E25/><V39/><F39/><W31/><G18/><T98/><D100/><U91/><E91/><V3/><F3/><W128/><G128/><T104/><D104/><U105/><E105/><V51/><F5/><W44/><G60/><AGARI ba="0,0" hai="13,17,21,60,65,70,84,88,93,96,98" m="43625" machi="60" ten="30,3900,0" yaku="11,1,52,1,54,1" doraHai="89" who="0" fromWho="3" sc="244,39,213,0,230,0,313,-39" /><INIT seed="4,0,0,5,3,131" ten="283,213,230,274" oya="0" hai0="98,11,3,102,48,132,99,94,10,81,7,46,21" hai1="67,71,19,36,97,121,6,56,106,83,53,72,96" hai2="20,59,1,33,75,34,39,86,115,133,40,135,111" hai3="15,82,69,45,124,103,61,101,73,126,35,88,42"/><T80/><D132/><N who="2" m="50762" /><F75/><W28/><G15/><T95/><D21/><U38/><E121/><V113/><F111/><W55/><G28/><T32/><D32/><N who="2" m="12394" /><F1/><W114/><G35/><T93/><D11/><U123/><E123/><V37/><F59/><N who="3" m="35071" /><G69/><T5/><D5/><U12/><E6/><V49/><F86/><N who="3" m="50263" /><G73/><T41/><REACH who="0" step="1"/><D94/><REACH who="0" ten="273,213,230,274" step="2"/><U50/><E106/><V87/><F20/><W62/><G114/><N who="2" m="43529" /><F87/><W9/><G9/><T104/><D104/><U116/><E72/><V31/><F31/><W119/><G119/><T0/><D0/><U25/><E116/><V90/><F90/><AGARI ba="0,1" hai="3,7,10,41,46,48,80,81,90,93,95,98,99,102" machi="90" ten="30,2900,0" yaku="1,1,7,1,53,0" doraHai="131" doraHaiUra="23" who="0" fromWho="2" sc="273,39,213,0,230,-29,274,0" /><INIT seed="4,1,0,2,2,77" ten="312,213,201,274" oya="0" hai0="3,70,41,6,62,22,59,14,48,122,109,29,30" hai1="9,36,56,123,102,55,0,17,1,32,20,76,117" hai2="7,97,125,52,69,91,10,80,74,86,24,130,25" hai3="11,8,15,72,110,101,131,35,18,78,63,108,45"/><T57/><D122/><U65/><E123/><V28/><F125/><W133/><G35/><T119/><D119/><U98/><E32/><V61/><F130/><W90/><G131/><T83/><D70/><U27/><E36/><V114/><F114/><W79/><G133/><T71/><D71/><U75/><E117/><V84/><F74/><W44/><G101/><T40/><D3/><U106/><E65/><V42/><F42/><W103/><G103/><T107/><D107/><U88/><E9/><V54/><F97/><W38/><G63/><T128/><D128/><U51/><REACH who="1" step="1"/><E88/><REACH who="1" ten="312,203,201,274" step="2"/><V92/><F69/><W127/><G90/><T67/><D67/><U126/><E126/><V50/><F80/><AGARI ba="1,1" hai="0,1,17,20,27,51,55,56,75,76,80,98,102,106" machi="80" ten="40,2600,0" yaku="1,1,52,1,53,0" doraHai="77" doraHaiUra="121" who="1" fromWho="2" sc="312,0,203,39,201,-29,274,0" /><INIT seed="5,0,0,5,1,72" ten="312,242,172,274" oya="1" hai0="97,75,94,28,86,93,106,115,44,123,126,64,110" hai1="62,61,73,4,83,112,60,27,34,55,22,127,132" hai2="69,95,88,119,96,63,130,56,3,71,35,80,19" hai3="78,16,134,131,92,67,113,33,24,90,114,121,21"/><U43/><E34/><V109/><F109/><W70/><G134/><T68/><D28/><U12/><E132/><V58/><F119/><W125/><G131/><T53/><D75/><U117/><E117/><V7/><F130/><W6/><G121/><T36/><D110/><U49/><E43/><V128/><F128/><W54/><G125/><T100/><D126/><U84/><E73/><V17/><F35/><W48/><G33/><T14/><D115/><N who="3" m="44041" /><G6/><T76/><D123/><U107/><E107/><V40/><F40/><W82/><G67/><T129/><D129/><U26/><E112/><V13/><F3/><W37/><G70/><T8/><D68/><U102/><E102/><V32/><F32/><W0/><G0/><T51/><D64/><U91/><E127/><V120/><F120/><W103/><G103/><T45/><D36/><U133/><E133/><V118/><F118/><W47/><G37/><T59/><D106/><U135/><E135/><V111/><F111/><W5/><G5/><N who="0" m="3343" /><D93/><U57/><E4/><V79/><F58/><W18/><G18/><AGARI ba="0,0" hai="12,18,22,26,27,49,55,57,60,61,62,83,84,91" machi="18" ten="40,2000,0" yaku="8,1" doraHai="72" who="1" fromWho="3" sc="312,0,242,20,172,0,274,-20" /><INIT seed="5,1,0,5,2,133" ten="312,262,172,254" oya="1" hai0="45,102,60,29,66,79,12,10,30,31,117,22,18" hai1="118,76,97,84,25,130,121,39,91,124,107,19,63" hai2="83,81,103,3,55,98,53,82,62,119,69,4,33" hai3="125,40,37,0,42,134,75,51,123,5,89,38,77"/><U128/><E39/><V44/><F119/><W99/><G123/><T24/><D117/><U16/><E121/><V48/><F33/><W112/><G112/><T132/><D132/><U87/><E118/><V108/><F108/><W27/><G134/><T32/><D79/><U61/><E76/><V120/><F120/><W95/><G27/><T73/><D73/><U52/><E107/><V50/><F3/><W58/><G42/><T85/><D85/><U129/><E124/><V135/><F4/><W17/><G17/><N who="1" m="6730" /><E25/><V127/><F135/><W106/><G106/><T126/><D126/><U86/><E52/><V57/><F127/><W54/><G125/><T35/><D102/><U28/><E28/><V68/><REACH who="2" step="1"/><F62/><REACH who="2" ten="312,262,162,254" step="2"/><N who="1" m="23561" /><E97/><V93/><AGARI ba="1,1" hai="44,48,50,53,55,57,68,69,81,82,83,93,98,103" machi="93" ten="30,2000,0" yaku="1,1,0,1,53,0" doraHai="133" doraHaiUra="56" who="2" fromWho="2" sc="312,-6,262,-11,162,33,254,-6" /><INIT seed="6,0,0,3,0,59" ten="306,251,195,248" oya="2" hai0="15,71,65,115,76,61,39,69,5,82,41,90,111" hai1="4,110,79,80,30,129,92,77,38,42,104,134,101" hai2="8,124,97,118,58,123,47,81,73,25,11,106,35" hai3="3,70,16,87,108,36,112,26,89,32,44,68,9"/><V22/><F118/><W12/><G108/><T63/><D111/><U86/><E110/><V48/><F123/><W91/><G112/><T88/><D115/><U27/><E4/><V74/><F35/><W17/><G3/><T93/><D41/><U14/><E104/><V127/><F58/><W109/><G109/><T49/><D49/><U75/><E75/><V31/><F74/><W135/><G135/><T64/><D39/><U94/><E38/><V0/><F106/><W28/><G91/><T18/><D5/><U55/><E42/><N who="2" m="24695" /><F97/><W117/><G117/><T66/><D66/><U62/><E77/><N who="2" m="44207" /><F0/><W46/><G17/><T7/><D7/><U21/><E134/><V113/><F113/><W83/><REACH who="3" step="1"/><G36/><REACH who="3" ten="306,251,195,238" step="2"/><T122/><D90/><U50/><E101/><V114/><F114/><W60/><G60/><T33/><D88/><U85/><E62/><V105/><F105/><W34/><G34/><T133/><D33/><U29/><E29/><V13/><F13/><W52/><G52/><T120/><D133/><U128/><E55/><V100/><F100/><W56/><G56/><T43/><D18/><U37/><E14/><V126/><AGARI ba="0,1" hai="8,11,22,25,31,124,126,127" m="44207,24695" machi="126" ten="30,1500,0" yaku="18,1" doraHai="59" who="2" fromWho="2" sc="306,-5,251,-5,195,25,238,-5" /><INIT seed="6,1,0,5,3,64" ten="301,246,220,233" oya="2" hai0="22,98,91,41,129,83,112,38,37,134,117,23,125" hai1="42,14,75,74,118,11,121,111,9,126,110,92,102" hai2="85,59,67,68,114,21,124,115,35,13,1,109,123" hai3="48,20,77,15,40,80,50,56,54,84,36,89,46"/><V7/><F123/><W71/><G71/><T57/><D112/><N who="2" m="43050" /><F35/><W95/><G15/><T101/><D125/><U31/><E126/><V4/><F124/><W8/><G8/><T99/><D129/><U86/><E118/><V70/><F109/><W90/><G20/><T16/><D117/><U128/><E128/><V107/><F107/><W26/><G26/><T72/><D134/><U10/><E31/><V76/><F1/><W132/><G132/><T88/><D57/><U19/><E42/><V61/><F76/><W24/><G24/><T60/><D60/><U66/><E66/><V81/><F21/><W79/><REACH who="3" step="1"/><G36/><REACH who="3" ten="301,246,220,223" step="2"/><T0/><D38/><U28/><E111/><V44/><F44/><W108/><G108/><T5/><D37/><U43/><E110/><V27/><F27/><W135/><G135/><T87/><D23/><U122/><E10/><N who="2" m="4295" /><F7/><W104/><G104/><T39/><D5/><U62/><E9/><V116/><F116/><W131/><G131/><T58/><D22/><U113/><E113/><V53/><F67/><W3/><G3/><T2/><D2/><U127/><E127/><V18/><F18/><W120/><G120/><T30/><D0/><U69/><E122/><V65/><F65/><W94/><G94/><T119/><D16/><U45/><E19/><V6/><F6/><W33/><G33/><T78/><D119/><U103/><E121/><V47/><F47/><W32/><G32/><T49/><D39/><U17/><E45/><V25/><F25/><W93/><G93/><T100/><D30/><U97/><E17/><V29/><F29/><RYUUKYOKU ba="1,1" sc="301,-15,246,-15,220,15,223,15" hai2="53,59,61,68,70,81,85" hai3="40,46,48,50,54,56,77,79,80,84,89,90,95" /><INIT seed="6,2,1,1,4,90" ten="286,231,235,238" oya="2" hai0="63,78,102,88,47,132,71,130,99,55,87,0,51" hai1="22,98,96,36,39,25,119,64,77,13,91,131,62" hai2="6,50,2,21,56,34,94,107,29,31,20,65,68" hai3="5,53,126,19,11,129,35,58,41,44,49,23,128"/><V85/><F107/><W80/><G35/><T38/><D0/><U15/><E119/><V121/><F121/><W111/><G111/><T117/><D117/><U104/><E131/><V106/><F106/><W124/><G80/><T75/><D130/><N who="3" m="50281" /><G23/><T45/><D132/><U100/><E77/><V54/><F34/><W123/><G19/><T74/><D78/><U103/><E91/><N who="2" m="53615" /><F2/><N who="3" m="439" /><G123/><T101/><D71/><U1/><E1/><V76/><F68/><W16/><G16/><T3/><D3/><U57/><E39/><AGARI ba="2,1" hai="39,41,44,49,53,58,124,126" m="439,50281" machi="39" ten="30,1000,0" yaku="19,1" doraHai="90" who="3" fromWho="1" sc="286,0,231,-16,235,0,238,26" /><INIT seed="7,0,0,3,5,116" ten="286,215,235,264" oya="3" hai0="126,64,28,117,92,31,22,18,43,73,52,127,40" hai1="67,33,47,101,37,129,121,6,111,100,66,75,125" hai2="83,53,24,103,86,32,20,46,123,10,99,17,9" hai3="11,57,78,105,69,25,14,4,30,1,118,0,131"/><W8/><G69/><T108/><D108/><U134/><E33/><V109/><F109/><W56/><G105/><T3/><D3/><U98/><E111/><V68/><F68/><W135/><G118/><T55/><D64/><U41/><E75/><V113/><F113/><W65/><G131/><T82/><D117/><U39/><E129/><V85/><F32/><W93/><G135/><T130/><D130/><U122/><E134/><V119/><F119/><W90/><G78/><N who="0" m="44367" /><D92/><U7/><E125/><N who="0" m="47625" /><D43/><U51/><E51/><N who="2" m="28919" /><F123/><W79/><G79/><T95/><D40/><U58/><E41/><V19/><F83/><W80/><G80/><T87/><D87/><N who="2" m="33290" /><F19/><W84/><G65/><T72/><D72/><U29/><E29/><N who="0" m="11337" /><D95/><AGARI ba="0,0" hai="9,10,17,20,24,95,99,103" m="33290,28919" machi="95" ten="30,1000,0" yaku="8,1" doraHai="116" who="2" fromWho="0" sc="286,-10,215,0,235,10,264,0" /><INIT seed="8,0,0,5,4,84" ten="276,215,245,264" oya="0" hai0="51,74,61,62,91,86,2,67,72,111,3,117,83" hai1="82,116,53,98,115,78,114,133,100,71,42,63,104" hai2="101,129,18,77,73,68,126,45,57,41,130,80,127" hai3="27,79,65,13,38,36,6,93,14,34,124,66,31"/><T55/><D117/><U44/><E116/><V1/><F68/><W29/><G124/><N who="2" m="47657" /><F1/><W52/><G79/><T135/><D135/><U11/><E133/><V109/><F109/><W8/><G31/><T26/><D111/><U106/><E11/><V118/><F118/><W75/><G75/><T10/><D26/><U48/><E106/><V108/><F108/><W123/><G123/><T17/><D62/><U35/><E35/><V95/><F57/><W46/><G14/><N who="0" m="7383" /><D3/><U16/><E16/><V32/><F32/><W107/><G107/><T134/><D2/><U39/><E63/><V4/><F4/><W121/><G121/><T20/><D20/><U50/><E71/><V0/><F0/><W125/><G125/><T90/><D134/><U21/><E21/><V92/><F18/><W113/><G113/><N who="1" m="43018" /><E53/><V105/><F105/><W69/><G69/><T24/><D67/><U43/><E43/><V22/><F22/><W70/><G70/><T47/><D61/><U37/><E37/><N who="2" m="21679" /><F101/><W59/><G38/><T99/><D24/><U119/><E119/><V85/><F73/><AGARI ba="0,0" hai="39,42,44,48,50,73,78,82,98,100,104" m="43018" machi="73" ten="30,1000,0" yaku="11,1" doraHai="84" who="1" fromWho="2" sc="276,0,215,10,245,-10,264,0" /><INIT seed="9,0,0,3,5,74" ten="276,225,235,264" oya="1" hai0="71,66,41,85,82,6,129,119,70,93,79,92,26" hai1="2,89,103,53,125,77,48,69,90,81,55,11,87" hai2="45,43,83,88,101,14,21,80,50,59,123,105,20" hai3="5,102,34,121,1,51,62,3,135,10,112,19,131"/><U94/><E69/><V116/><F123/><W25/><G121/><T68/><D66/><U100/><E125/><V111/><F111/><W95/><G112/><T73/><D119/><U46/><E90/><V44/><F116/><W33/><G131/><T96/><D129/><U113/><E113/><V15/><F105/><W35/><G62/><T104/><D41/><U28/><E28/><V37/><F101/><W133/><G51/><T31/><D6/><U8/><E53/><V49/><F59/><W40/><G40/><T60/><D60/><U13/><E2/><N who="3" m="522" /><G95/><T118/><D118/><U76/><E11/><V115/><F115/><W61/><G61/><T109/><D109/><U4/><REACH who="1" step="1"/><E77/><REACH who="1" ten="276,215,235,264" step="2"/><V57/><F88/><W9/><G102/><T58/><D71/><U127/><E127/><V124/><F124/><W17/><G10/><T78/><D70/><U22/><E22/><V72/><F21/><N who="3" m="13487" /><G19/><T75/><D68/><U120/><E120/><V97/><F20/><W65/><G65/><T36/><D79/><U39/><E39/><V63/><F37/><W12/><AGARI ba="0,1" hai="5,9,12,33,34,35,133,135" m="13487,522" machi="12" ten="40,2700,0" yaku="34,2" doraHai="74" who="3" fromWho="3" sc="276,-7,215,-13,235,-7,264,37" owari="269,6.9,202,-29.8,228,-17.2,301,40.1" /></mjloggm>