<mjloggm ver="2.3"><GO type="225" lobby="0"/><UN n0="%70%6E%64%73%6E%67" n1="%E3%83%96%E3%83%83%E3%83%91%E3%82%AA%E3%83%96%E3%83%81%E3%82%AD%E3%83%B3" n2="%33%74%72%65%65" n3="%E7%B4%94%E6%BD%94%E3%83%94%E3%83%A9%E3%83%8B%E3%82%A2" dan="16,16,17,16" rate="2109.95,2146.20,2168.89,2150.72" sx="M,M,F,M"/><TAIKYOKU oya="0"/><INIT seed="0,0,0,5,4,29" ten="250,250,250,250" oya="0" hai0="91,90,51,109,37,47,14,21,3,127,135,115,125" hai1="32,49,106,72,58,43,116,11,88,5,97,122,130" hai2="85,24,54,124,16,83,27,89,33,63,35,12,8" hai3="86,123,50,20,103,92,41,45,19,82,15,31,4"/><T100/><D115/><U95/><E116/><V59/><REACH who="2" step="1"/><F124/><REACH who="2" ten="250,250,240,250" step="2"/><W44/><G123/><T94/><D125/><U101/><E122/><V129/><F129/><W6/><G45/><T108/><D127/><U111/><E130/><V67/><F67/><W84/><G31/><T87/><D47/><U128/><E128/><V22/><F22/><W114/><G114/><T52/><D21/><U56/><E111/><V48/><F48/><W25/><G15/><T65/><D51/><U132/><E132/><V9/><F9/><W26/><G26/><AGARI ba="0,1" hai="8,12,16,24,26,27,33,35,54,59,63,83,85,89" machi="26" ten="40,8000,1" yaku="21,2,52,2,54,1,53,0" doraHai="29" doraHaiUra="96" who="2" fromWho="3" sc="250,0,250,0,240,90,250,-80" /><INIT seed="1,0,0,0,5,124" ten="250,250,330,170" oya="1" hai0="52,4,14,46,12,102,53,134,29,2,92,77,38" hai1="22,109,24,101,9,79,72,99,20,120,62,43,113" hai2="95,111,108,58,65,8,132,70,86,118,128,135,69" hai3="19,96,7,107,16,39,66,129,64,73,63,44,131"/><U49/><E113/><V81/><F118/><W6/><G73/><T67/><D134/><N who="2" m="51242" /><F95/><W126/><G126/><T1/><D29/><U45/><E120/><V110/><F8/><W30/><G30/><T127/><D127/><U31/><E109/><V47/><F47/><W18/><G44/><T10/><D67/><N who="3" m="25641" /><G39/><T133/><D133/><U93/><E62/><N who="2" m="38103" /><F128/><N who="3" m="49227" /><G63/><T112/><D112/><U105/><E9/><V28/><F28/><W106/><G96/><T91/><D46/><U37/><E37/><V84/><F84/><W51/><G51/><T35/><D38/><U87/><E72/><V54/><F54/><W122/><G122/><T26/><D53/><U40/><E40/><V21/><F86/><W42/><G42/><T75/><D75/><U76/><REACH who="1" step="1"/><E22/><REACH who="1" ten="250,240,330,170" step="2"/><V50/><F21/><W11/><G7/><T34/><D4/><U48/><E48/><V89/><F50/><W15/><AGARI ba="0,1" hai="6,11,15,16,18,19,106,107" m="49227,25641" machi="15" ten="40,8000,1" yaku="19,1,52,3,54,1" doraHai="124" who="3" fromWho="3" sc="250,-20,240,-40,330,-20,170,90" /><INIT seed="2,0,0,4,2,69" ten="230,200,310,260" oya="2" hai0="30,104,134,48,110,27,64,87,73,99,94,98,78" hai1="19,63,75,111,36,97,26,0,123,93,10,115,1" hai2="108,46,91,89,116,22,128,21,72,33,80,83,95" hai3="120,85,118,58,112,50,35,2,129,43,53,11,4"/><V62/><F33/><W45/><G118/><T125/><D110/><U24/><E115/><V71/><F116/><W132/><G120/><T23/><D125/><U114/><E114/><V76/><F108/><W12/><G35/><T113/><D113/><U57/><E111/><V34/><F34/><W122/><G122/><T96/><D134/><U117/><E117/><V3/><F3/><W56/><G132/><T15/><D104/><U130/><E75/><V7/><F128/><W54/><G129/><T77/><D73/><U109/><E109/><V106/><F106/><W81/><G112/><T52/><D64/><U133/><E123/><V14/><F80/><W107/><G2/><T47/><REACH who="0" step="1"/><D15/><REACH who="0" ten="220,200,310,260" step="2"/><U55/><E133/><V42/><F14/><W51/><G107/><T40/><D40/><U39/><E130/><V44/><F42/><W135/><G135/><T16/><D16/><U131/><E131/><V61/><F72/><W60/><G12/><T65/><D65/><U100/><E0/><V25/><F7/><W101/><G4/><T37/><D37/><U20/><E1/><V103/><F71/><W9/><REACH who="3" step="1"/><G101/><REACH who="3" ten="220,200,310,250" step="2"/><T28/><D28/><U92/><E39/><V105/><F103/><W8/><G8/><T74/><D74/><U90/><E36/><V119/><F105/><W126/><G126/><T124/><D124/><U66/><E10/><V86/><F119/><W41/><G41/><T38/><D38/><U18/><E66/><V31/><F31/><W5/><G5/><T59/><D59/><U49/><E57/><V84/><F46/><W127/><G127/><RYUUKYOKU ba="0,2" sc="220,15,200,-15,310,-15,250,15" hai0="23,27,30,47,48,52,77,78,87,94,96,98,99" hai3="9,11,43,45,50,51,53,54,56,58,60,81,85" /><INIT seed="3,1,2,0,1,118" ten="235,185,295,265" oya="3" hai0="45,78,26,109,58,88,2,34,89,8,19,41,6" hai1="77,99,131,30,44,14,85,135,69,71,72,53,13" hai2="22,61,12,106,48,24,95,125,67,79,55,80,92" hai3="107,56,113,129,84,52,60,108,127,50,57,87,75"/><W112/><G75/><T100/><D109/><U3/><E3/><V59/><F106/><W25/><G107/><T4/><D78/><U86/><E131/><V134/><F134/><W40/><G129/><T103/><D6/><U37/><E135/><V33/><F33/><W120/><G120/><T132/><D132/><U83/><E30/><N who="2" m="17687" /><F125/><W10/><G108/><T66/><D66/><U130/><E130/><V119/><F119/><W98/><G127/><T35/><D58/><U51/><E37/><V65/><F12/><W74/><G74/><T54/><D54/><U15/><REACH who="1" step="1"/><E99/><REACH who="1" ten="235,175,295,265" step="2"/><V102/><F102/><W11/><G98/><T62/><D100/><U91/><E91/><V31/><F31/><W23/><G113/><T94/><D103/><U42/><E42/><V36/><F36/><W29/><G112/><T28/><D89/><U70/><AGARI ba="1,3" hai="13,14,15,44,51,53,69,70,71,72,77,83,85,86" machi="70" ten="40,2700,0" yaku="1,1,0,1,53,0" doraHai="118" doraHaiUra="122" who="1" fromWho="1" sc="235,-8,175,60,295,-8,265,-14" /><INIT seed="4,0,0,2,3,82" ten="227,235,287,251" oya="0" hai0="59,53,66,103,71,118,39,108,29,24,7,67,104" hai1="110,62,64,35,58,45,4,30,86,27,28,2,90" hai2="43,95,1,34,125,134,98,97,20,51,56,50,109" hai3="65,126,19,5,105,115,99,107,15,68,96,83,33"/><T48/><D118/><U47/><E110/><V69/><F69/><W127/><G33/><T0/><D108/><U124/><E124/><N who="3" m="47658" /><G5/><T132/><D132/><U63/><E30/><V44/><F34/><W84/><G115/><T114/><D114/><U102/><E102/><V40/><F134/><W74/><G65/><T8/><D39/><U18/><E18/><V80/><F1/><W93/><G68/><T88/><D71/><U106/><E106/><N who="3" m="40458" /><G93/><T78/><D78/><U113/><E113/><V60/><F95/><W77/><G74/><T100/><D100/><U135/><E135/><V14/><F109/><W75/><G75/><T122/><D122/><U55/><E4/><V31/><F125/><W38/><G38/><T16/><D16/><U41/><E2/><V13/><F80/><W117/><G117/><T81/><D103/><U111/><E111/><V119/><F119/><W22/><AGARI ba="0,0" hai="15,19,22,77,83,84,96,99" m="40458,47658" machi="22" ten="30,2000,0" yaku="18,1,52,1" doraHai="82" who="3" fromWho="3" sc="227,-10,235,-5,287,-5,251,20" /><INIT seed="5,0,0,0,0,81" ten="217,230,282,271" oya="1" hai0="3,118,94,41,120,1,92,68,113,22,28,61,0" hai1="87,33,34,134,114,86,5,29,121,57,62,25,32" hai2="13,104,80,39,31,4,82,108,101,67,45,131,6" hai3="103,63,102,85,48,111,47,124,18,115,126,127,77"/><U21/><E121/><V49/><F108/><W19/><G111/><T52/><D118/><U78/><E114/><V35/><F39/><W72/><G72/><T110/><D110/><U125/><E125/><V93/><F104/><W65/><G115/><T122/><D113/><U71/><E134/><V37/><F37/><W50/><G77/><T64/><D41/><U97/><E78/><V15/><F67/><W96/><G85/><T53/><D28/><U135/><E135/><V24/><F131/><W42/><G48/><T75/><D75/><U123/><E123/><N who="0" m="47145" /><D22/><U107/><E71/><V133/><F133/><W56/><REACH who="3" step="1"/><G103/><REACH who="3" ten="217,230,282,261" step="2"/><T8/><D8/><U76/><E76/><V128/><F49/><W100/><G100/><T130/><D130/><U84/><E5/><V55/><F101/><W23/><G23/><T60/><D60/><U30/><E107/><AGARI ba="0,1" hai="18,19,42,47,50,56,63,65,96,102,107,124,126,127" machi="107" ten="40,5200,0" yaku="1,1,18,1,53,1" doraHai="81" doraHaiUra="54" who="3" fromWho="1" sc="217,0,230,-52,282,0,261,62" owari="217,-18.3,178,-32.2,282,8.2,323,42.3" /></mjloggm>