<mjloggm ver="2.3"><GO type="169" lobby="0"/><UN n0="%E3%83%9D%E3%83%B3%E3%81%98%E3%81%84%E3%81%95%E3%82%93" n1="%6F%6B%62%6F%6B%62" n2="%E3%81%B1%E3%82%93%E3%81%AA%E3%81%93%E3%81%BE%E3%81%A3%E3%81%9F" n3="%E9%A4%8A%E5%88%86%E4%B8%B8" dan="16,17,18,17" rate="2098.60,2190.00,2231.64,2239.81" sx="F,M,M,M"/><TAIKYOKU oya="0"/><INIT seed="0,0,0,4,0,60" ten="250,250,250,250" oya="0" hai0="28,14,130,134,105,90,111,25,44,11,48,88,64" hai1="51,127,115,80,41,77,42,54,113,9,129,76,78" hai2="62,122,13,108,50,85,5,110,95,123,75,92,79" hai3="38,104,66,135,49,56,86,59,27,98,91,112,63"/><T97/><D130/><U21/><E129/><V106/><F50/><W39/><G112/><N who="1" m="43082" /><E127/><V72/><F13/><W109/><G109/><N who="2" m="42089" /><F62/><W67/><G135/><T18/><D111/><U10/><E21/><V93/><F5/><W84/><G27/><T52/><D134/><U61/><E61/><V0/><F0/><W53/><G67/><T37/><D37/><U119/><E119/><V36/><F36/><W128/><G128/><T68/><D68/><U4/><E80/><N who="2" m="47263" /><F106/><W82/><REACH who="3" step="1"/><G86/><REACH who="3" ten="250,250,250,240" step="2"/><T81/><D64/><U6/><E6/><V118/><F118/><W17/><G17/><T132/><D132/><U102/><E4/><V89/><F89/><W69/><G69/><T3/><D3/><U133/><E133/><V24/><F24/><W65/><G65/><T29/><D29/><U1/><E1/><V114/><F114/><W43/><G43/><T71/><D71/><U26/><E42/><V101/><F101/><AGARI ba="0,1" hai="38,39,49,53,56,59,63,66,82,84,91,98,101,104" machi="101" ten="40,2600,0" yaku="1,1,52,1,53,0" doraHai="60" doraHaiUra="74" who="3" fromWho="2" sc="250,0,250,0,250,-26,240,36" /><INIT seed="1,0,0,4,5,47" ten="250,250,224,276" oya="1" hai0="98,36,80,19,79,3,39,117,11,121,4,103,126" hai1="14,105,63,75,23,78,30,40,94,54,0,31,51" hai2="127,92,20,38,100,65,84,83,114,113,61,122,102" hai3="66,77,12,90,24,109,26,129,43,118,88,86,27"/><U69/><E0/><V33/><F33/><W87/><G109/><T115/><D115/><N who="2" m="44042" /><F38/><W111/><G111/><T53/><D117/><U25/><E105/><V29/><F122/><W132/><G132/><T37/><D126/><U74/><E40/><V101/><F127/><W131/><G118/><T13/><D121/><U6/><E30/><V95/><F20/><W5/><G66/><T10/><D53/><U85/><E69/><N who="2" m="42159" /><F29/><W2/><G2/><T44/><D98/><U17/><E63/><V93/><F83/><W72/><G43/><T35/><D35/><U49/><E74/><V134/><F134/><W135/><G72/><T48/><D103/><N who="2" m="26370" /><V1/><DORA hai="50" /><F1/><W9/><G135/><T81/><REACH who="0" step="1"/><D79/><REACH who="0" ten="240,250,224,276" step="2"/><U32/><E78/><V112/><N who="2" m="44050" /><V71/><DORA hai="91" /><F71/><W68/><G77/><T130/><D130/><N who="3" m="49673" /><G68/><T128/><D128/><U108/><E108/><V97/><F97/><W15/><G90/><AGARI ba="0,1" hai="84,90,92,93,95" m="26370,42159,44050" machi="90" ten="50,8000,1" yaku="11,1,52,3" doraHai="47,50,91" who="2" fromWho="3" sc="240,0,250,0,224,90,276,-80" /><INIT seed="2,0,0,4,0,23" ten="240,250,314,196" oya="2" hai0="114,0,26,72,130,7,127,97,109,51,117,87,32" hai1="100,95,98,102,79,116,128,35,49,52,74,121,110" hai2="5,80,96,70,113,131,78,65,67,84,103,66,69" hai3="48,63,50,21,124,58,40,25,120,73,8,83,123"/><V108/><F113/><W106/><G106/><T85/><D114/><U47/><E110/><V3/><F131/><W91/><G124/><T57/><D109/><U99/><E128/><V135/><F108/><W4/><G40/><T9/><D72/><U86/><E35/><V90/><F135/><W11/><G120/><T27/><D130/><U6/><E6/><V75/><F5/><W18/><G123/><T93/><D127/><U105/><E116/><V2/><F70/><W101/><G101/><T68/><D68/><U34/><E34/><V12/><F12/><W112/><G112/><T39/><D39/><U1/><E1/><V16/><F69/><W15/><G8/><T17/><D32/><U94/><E121/><V64/><N who="2" m="16384" /><DORA hai="111" /><V56/><F56/><W107/><G107/><T43/><D117/><U31/><E31/><V30/><F30/><W77/><REACH who="3" step="1"/><G91/><REACH who="3" ten="240,250,314,186" step="2"/><T38/><D43/><U20/><E105/><V19/><F2/><W46/><G46/><T44/><D44/><U29/><E102/><V82/><REACH who="2" step="1"/><F3/><REACH who="2" ten="240,250,304,186" step="2"/><W28/><G28/><T41/><D0/><U118/><E29/><V55/><F55/><AGARI ba="0,2" hai="4,11,15,18,21,25,48,50,55,58,63,73,77,83" machi="55" ten="30,7700,0" yaku="1,1,7,1,52,1,53,1" doraHai="23,111" doraHaiUra="133,22" who="3" fromWho="2" sc="240,0,250,0,304,-77,186,97" /><INIT seed="3,0,0,5,4,32" ten="240,250,227,283" oya="3" hai0="66,70,69,35,111,60,76,132,13,92,9,22,11" hai1="99,89,107,90,5,119,20,91,73,41,67,43,134" hai2="46,121,23,117,33,56,28,36,122,62,75,97,15" hai3="133,1,123,44,17,105,106,29,74,52,77,21,58"/><W54/><G123/><N who="2" m="47113" /><F117/><W81/><G133/><T113/><D111/><U101/><E134/><V110/><F75/><W50/><G29/><T45/><D35/><U95/><E73/><V12/><F110/><W2/><G106/><T114/><D132/><U109/><E109/><V19/><F97/><W3/><G105/><T128/><D128/><U84/><E119/><V68/><F68/><W7/><G7/><T63/><D76/><U40/><E67/><V115/><F115/><W37/><G37/><T103/><D45/><U124/><E124/><V131/><F131/><W55/><REACH who="3" step="1"/><G44/><REACH who="3" ten="240,250,227,273" step="2"/><T98/><D114/><U51/><E5/><V64/><F28/><W135/><G135/><T126/><D113/><U27/><REACH who="1" step="1"/><E51/><REACH who="1" ten="240,240,227,273" step="2"/><V49/><F36/><W47/><G47/><T87/><D126/><U10/><E10/><V88/><F49/><W102/><G102/><T118/><D118/><U80/><E80/><V42/><F46/><W82/><G82/><T59/><D9/><U31/><AGARI ba="0,2" hai="20,27,31,40,41,43,84,89,90,91,95,99,101,107" machi="31" ten="30,2000,0" yaku="1,1,0,1,53,0" doraHai="32" doraHaiUra="48" who="1" fromWho="1" sc="240,-5,240,40,227,-5,273,-10" /><INIT seed="4,0,0,1,0,124" ten="235,280,222,263" oya="0" hai0="53,60,47,114,133,7,62,2,101,36,125,18,46" hai1="4,126,82,121,87,122,73,111,24,112,27,96,63" hai2="30,102,79,84,21,66,127,20,57,45,26,109,13" hai3="35,11,120,72,107,75,132,104,28,129,99,98,67"/><T32/><D32/><U85/><E111/><V29/><F109/><W89/><G67/><T91/><D114/><U103/><E4/><V113/><F127/><W86/><G11/><T9/><D125/><U34/><E126/><V90/><F113/><W131/><G132/><T94/><D133/><U70/><E112/><V115/><F115/><W108/><G108/><T64/><D101/><U48/><E48/><V61/><F102/><W117/><G117/><T68/><D36/><U56/><E70/><V105/><F105/><N who="3" m="40523" /><G28/><T80/><D80/><U110/><E110/><V14/><F79/><W1/><G1/><T12/><D62/><U19/><E85/><V44/><F14/><W128/><G35/><T135/><D53/><U5/><E5/><V92/><REACH who="2" step="1"/><F13/><REACH who="2" ten="235,280,212,263" step="2"/><W116/><G116/><T54/><D135/><U83/><E103/><V95/><F95/><N who="3" m="54711" /><G120/><T78/><D78/><U33/><E122/><V93/><F93/><W25/><G25/><AGARI ba="0,1" hai="20,21,25,26,29,30,44,45,57,61,66,84,90,92" machi="25" ten="40,5200,0" yaku="1,1,9,1,8,1,53,0" doraHai="124" doraHaiUra="37" who="2" fromWho="3" sc="235,0,280,0,212,62,263,-52" /><INIT seed="5,0,0,1,0,93" ten="235,280,274,211" oya="1" hai0="130,120,95,43,18,61,107,20,72,36,48,41,62" hai1="3,67,125,22,123,2,23,5,82,133,58,47,64" hai2="106,17,42,21,97,24,59,38,103,88,19,32,126" hai3="122,37,39,33,66,31,80,40,131,86,102,34,96"/><U84/><E123/><V65/><F126/><W128/><G122/><T28/><D120/><U111/><E125/><V8/><F32/><W29/><G66/><T91/><D107/><U112/><E112/><V55/><F65/><W100/><G86/><T30/><D72/><U92/><E133/><V7/><F38/><W70/><G80/><T16/><D36/><U11/><E3/><V74/><F74/><W35/><G70/><T124/><D130/><N who="3" m="49705" /><G102/><T4/><D4/><U132/><E132/><V73/><F42/><N who="0" m="15882" /><D18/><N who="2" m="6666" /><F73/><W63/><G63/><N who="0" m="24075" /><D48/><U69/><E69/><V68/><F68/><W9/><G9/><T114/><D114/><U105/><E105/><V83/><F103/><W79/><G79/><T110/><D110/><U27/><E111/><V45/><F106/><N who="3" m="63751" /><G37/><T15/><D124/><U85/><E64/><V99/><F8/><W12/><G12/><T89/><D89/><U56/><E67/><V0/><F0/><W53/><G53/><T26/><D15/><U14/><E2/><V104/><F104/><W57/><G57/><T94/><D94/><U117/><E56/><V75/><F75/><W13/><G13/><T78/><D78/><U134/><E58/><V121/><F121/><W10/><G10/><T49/><D49/><U109/><E109/><V127/><F127/><W90/><G90/><T129/><D129/><U108/><E108/><V98/><F45/><AGARI ba="0,0" hai="29,31,33,34,35,39,40,45" m="63751,49705" machi="45" ten="40,2600,0" yaku="19,1,52,1" doraHai="93" who="3" fromWho="2" sc="235,0,280,0,274,-26,211,26" /><INIT seed="6,0,0,4,0,62" ten="235,280,248,237" oya="2" hai0="75,119,129,3,73,80,71,0,34,133,10,104,8" hai1="134,24,66,59,93,65,116,5,78,115,106,21,41" hai2="4,81,102,2,74,107,87,12,95,118,25,26,98" hai3="105,53,13,37,46,7,131,58,19,82,97,103,49"/><V89/><F118/><W99/><G131/><T70/><D129/><U121/><E106/><V109/><F109/><W122/><G122/><T112/><D112/><U1/><E116/><V56/><F2/><W120/><G120/><T43/><D119/><U111/><E111/><V30/><F56/><W15/><G7/><T40/><D104/><U132/><E121/><V100/><F100/><W42/><G97/><T39/><D80/><U117/><E117/><V90/><F30/><W126/><G126/><T61/><D61/><U28/><E41/><V52/><F52/><W9/><REACH who="3" step="1"/><G15/><REACH who="3" ten="235,280,248,227" step="2"/><T114/><D114/><U32/><E115/><V57/><F4/><W91/><G91/><T64/><D0/><U76/><E5/><V31/><F12/><W6/><G6/><T135/><D3/><U16/><E1/><V33/><F90/><W48/><G48/><T23/><D39/><U86/><E76/><N who="2" m="44183" /><F57/><W50/><G50/><T88/><D88/><N who="1" m="53399" /><E59/><V18/><F18/><W68/><G68/><T96/><D70/><U69/><E78/><V27/><AGARI ba="0,1" hai="25,26,27,31,33,87,89,95,98,102,107" m="44183" machi="27" ten="30,1500,0" yaku="24,1" doraHai="62" who="2" fromWho="2" sc="235,-5,280,-5,248,25,227,-5" /><INIT seed="6,1,0,4,4,122" ten="230,275,273,222" oya="2" hai0="36,75,52,69,85,83,46,3,126,48,77,81,117" hai1="87,45,84,105,55,27,22,72,102,53,40,74,64" hai2="11,132,99,21,42,18,78,96,86,128,57,19,120" hai3="10,67,115,125,90,124,101,118,71,79,93,108,89"/><V32/><F120/><W50/><G118/><T109/><D109/><U7/><E7/><V6/><F32/><W119/><G119/><T68/><D117/><U13/><E13/><V39/><F128/><W66/><G115/><T91/><D126/><N who="3" m="48745" /><G79/><T14/><D3/><U28/><E64/><N who="3" m="24618" /><G71/><T26/><D36/><U15/><E72/><V2/><F132/><W49/><G10/><T133/><D133/><U62/><E15/><V41/><F57/><W44/><G108/><T103/><D103/><U56/><E53/><V94/><F99/><N who="3" m="59631" /><G50/><T121/><D121/><U24/><E74/><V54/><F54/><AGARI ba="1,0" hai="44,49,54,89,90" m="59631,24618,48745" machi="54" ten="30,1000,0" yaku="18,1" doraHai="122" who="3" fromWho="2" sc="230,0,275,0,273,-13,222,13" /><INIT seed="7,0,0,3,1,104" ten="230,275,260,235" oya="3" hai0="57,32,20,90,85,6,4,16,78,58,120,126,70" hai1="81,18,115,52,118,54,119,99,50,48,24,97,64" hai2="34,17,53,69,28,13,31,12,21,3,71,30,106" hai3="46,59,101,9,100,79,77,22,129,89,105,93,38"/><W132/><G129/><T75/><D70/><U131/><E64/><V23/><F106/><W127/><G127/><T60/><D32/><U27/><E81/><V125/><F53/><W130/><G130/><T40/><D126/><U62/><E62/><V49/><F49/><W39/><G132/><T42/><D120/><U29/><E18/><N who="2" m="10439" /><F69/><W19/><G9/><T108/><D108/><U98/><E131/><V102/><F102/><N who="3" m="39531" /><G38/><T83/><D58/><U87/><E87/><V91/><F91/><W113/><G39/><T95/><D42/><U133/><E133/><V124/><F71/><W112/><G46/><T84/><D40/><U51/><E115/><N who="3" m="44106" /><G59/><T88/><D90/><U0/><E0/><V66/><F66/><W72/><G105/><T117/><D117/><N who="1" m="44555" /><E27/><N who="2" m="18719" /><F125/><W123/><G123/><T7/><D75/><U122/><E122/><V2/><F124/><W82/><G19/><T96/><D57/><U45/><E45/><V111/><F111/><W107/><G22/><AGARI ba="0,0" hai="22,24,29,48,50,51,52,54,97,98,99" m="44555" machi="22" ten="40,2600,0" yaku="12,1,54,1" doraHai="104" who="1" fromWho="3" sc="230,0,275,26,260,0,235,-26" owari="230,-17.0,301,40.1,260,6.0,209,-29.1" /></mjloggm>