<mjloggm ver="2.3"><GO type="225" lobby="0"/><UN n0="%E5%B0%8F%E9%B3%A5%E9%81%8A%E7%B7%B4%E7%84%A1%32%31%E6%AD%B3" n1="%72%61%6B%33" n2="%E3%81%82%E3%81%97%E3%82%85%E3%82%8A%E3%82%93" n3="%E7%B4%94%E6%BD%94%E3%83%94%E3%83%A9%E3%83%8B%E3%82%A2" dan="16,16,16,16" rate="2149.30,2094.83,2138.77,2202.22" sx="F,M,M,M"/><TAIKYOKU oya="0"/><INIT seed="0,0,0,0,3,119" ten="250,250,250,250" oya="0" hai0="31,103,5,118,96,36,112,66,77,46,116,74,35" hai1="10,25,65,16,20,39,100,132,124,75,122,62,78" hai2="30,28,18,104,40,70,17,33,88,63,133,32,73" hai3="92,1,81,76,107,6,44,24,49,41,2,83,4"/><T56/><D112/><U115/><E115/><V9/><F40/><W80/><G107/><T43/><D5/><U7/><E39/><V126/><F73/><W23/><G76/><T12/><D12/><U64/><E124/><V72/><F72/><W52/><G41/><T55/><D66/><U111/><E111/><V3/><F63/><W8/><G92/><T13/><D13/><U113/><E113/><V69/><F88/><W93/><G93/><T95/><D31/><N who="2" m="11818" /><F104/><W110/><G110/><T50/><REACH who="0" step="1"/><D35/><REACH who="0" ten="240,250,250,250" step="2"/><U128/><E64/><V47/><F33/><W61/><G6/><T53/><D53/><U105/><E7/><V121/><F32/><W131/><G2/><T87/><D87/><U34/><E65/><V120/><F3/><W91/><G4/><T22/><D22/><U21/><E20/><V37/><F9/><W86/><G8/><T117/><D117/><U60/><E21/><V59/><F126/><W129/><G1/><T123/><D123/><U84/><E122/><V19/><F121/><W57/><G129/><T0/><D0/><U71/><E128/><V134/><F120/><W101/><G131/><T99/><D99/><U26/><E10/><V67/><F70/><W109/><G109/><T102/><D102/><U27/><E100/><V125/><F69/><W48/><G101/><T79/><D79/><U89/><E78/><V54/><F125/><W135/><G23/><T108/><D108/><U45/><E34/><V82/><F67/><W97/><G97/><T58/><D58/><U94/><E71/><V15/><F54/><W29/><G52/><RYUUKYOKU ba="0,1" sc="240,30,250,-10,250,-10,250,-10" hai0="36,43,46,50,55,56,74,77,95,96,103,116,118" /><INIT seed="0,1,1,5,2,134" ten="270,240,240,240" oya="0" hai0="1,130,110,124,94,20,14,31,108,32,83,38,102" hai1="63,96,115,23,98,65,71,90,88,0,101,81,59" hai2="75,10,113,125,26,77,133,19,54,85,46,123,127" hai3="109,78,126,17,95,28,97,112,43,114,87,86,9"/><T4/><D38/><U30/><E115/><V104/><F113/><W56/><G109/><N who="0" m="42091" /><D83/><U132/><E132/><V116/><F133/><W12/><G126/><N who="2" m="48137" /><F123/><W57/><G28/><T52/><D124/><U24/><E0/><V6/><F104/><W103/><G112/><T70/><D70/><U118/><E118/><V36/><F116/><W80/><G114/><T47/><D130/><U131/><E131/><V21/><F85/><W61/><G43/><T84/><D32/><U3/><E3/><N who="2" m="351" /><F54/><W40/><G40/><T35/><D35/><U122/><E122/><V135/><F135/><W105/><G105/><T106/><D1/><U11/><E11/><V25/><F26/><W51/><G87/><T74/><D106/><U55/><E81/><N who="2" m="45247" /><F46/><W68/><G86/><T62/><D74/><U117/><E117/><V45/><F45/><W2/><G2/><T76/><D47/><U91/><E55/><V29/><F36/><W66/><G80/><T129/><D129/><U69/><REACH who="1" step="1"/><E98/><REACH who="1" ten="270,230,240,240" step="2"/><V107/><F107/><AGARI ba="1,2" hai="23,24,30,59,63,65,69,71,88,90,91,96,101,107" machi="107" ten="40,5200,0" yaku="1,1,2,1,54,1,53,0" doraHai="134" doraHaiUra="119" who="1" fromWho="2" sc="270,0,230,75,240,-55,240,0" /><INIT seed="1,0,0,4,5,24" ten="270,305,185,240" oya="1" hai0="28,95,120,55,85,52,128,81,68,17,71,21,130" hai1="4,47,51,103,27,64,107,0,96,30,48,86,42" hai2="23,108,25,122,65,43,3,54,19,131,32,18,69" hai3="78,50,8,40,12,84,112,111,104,79,31,134,93"/><U77/><E64/><V102/><F122/><W109/><G104/><T105/><D95/><U80/><E4/><V59/><F108/><N who="3" m="41547" /><G112/><T16/><D105/><U100/><E0/><V74/><F131/><N who="0" m="50218" /><D120/><U98/><E98/><V90/><F74/><W36/><G36/><T38/><D38/><U58/><E103/><V133/><F133/><W46/><G134/><T132/><D132/><U126/><E126/><V62/><F3/><W124/><G124/><T1/><D1/><U26/><E26/><V121/><F121/><W37/><G31/><T53/><D28/><U127/><E127/><V34/><F102/><W67/><G67/><T6/><D6/><U56/><REACH who="1" step="1"/><E51/><REACH who="1" ten="270,295,185,240" step="2"/><V123/><F123/><W57/><G37/><T125/><D125/><U91/><E91/><V66/><F66/><W119/><G119/><T7/><D7/><U97/><E97/><V49/><F90/><N who="3" m="53447" /><G57/><T22/><D71/><U35/><AGARI ba="0,1" hai="27,30,35,42,47,48,56,58,77,80,86,96,100,107" machi="35" ten="20,7800,0" yaku="1,1,0,1,7,1,52,1,53,0" doraHai="24" doraHaiUra="115" who="1" fromWho="1" sc="270,-26,295,88,185,-26,240,-26" /><INIT seed="1,1,0,2,5,35" ten="244,383,159,214" oya="1" hai0="106,57,60,87,107,34,56,109,135,89,22,6,126" hai1="36,71,64,29,122,8,69,131,11,105,96,100,116" hai2="52,94,51,125,91,134,85,73,44,86,12,76,53" hai3="39,97,79,41,3,133,81,40,45,75,67,20,31"/><U115/><E115/><V55/><F125/><W84/><G133/><T88/><D34/><U99/><E116/><V124/><F124/><W110/><G110/><T14/><D126/><U63/><E122/><V92/><F134/><W59/><G41/><T130/><D109/><U30/><E131/><V46/><F73/><W68/><G68/><T1/><D135/><U16/><E36/><V50/><F12/><W103/><G84/><T111/><D57/><U70/><E99/><V7/><F7/><W93/><G59/><T5/><D130/><U119/><E119/><V54/><REACH who="2" step="1"/><F76/><REACH who="2" ten="244,383,149,214" step="2"/><W9/><G67/><T47/><D6/><U129/><E129/><V78/><F78/><W112/><G112/><T27/><D111/><U118/><E118/><V80/><F80/><W0/><REACH who="3" step="1"/><G9/><REACH who="3" ten="244,383,149,204" step="2"/><T43/><D5/><U104/><E8/><V74/><F74/><W120/><G120/><T17/><D107/><U95/><E104/><V19/><F19/><W23/><G23/><T108/><D106/><U25/><E105/><V77/><F77/><W15/><G15/><T28/><D14/><U4/><E16/><V98/><F98/><W32/><G32/><T121/><D17/><U48/><E4/><V38/><F38/><W61/><G61/><T123/><D108/><U37/><E37/><V65/><F65/><W26/><AGARI ba="1,2" hai="0,3,20,26,31,39,40,45,75,79,81,93,97,103" machi="26" ten="30,12000,2" yaku="1,1,0,1,52,2,53,2" doraHai="35" doraHaiUra="33" who="3" fromWho="3" sc="244,-31,383,-61,149,-31,204,143" /><INIT seed="2,0,0,0,0,14" ten="213,322,118,347" oya="2" hai0="134,118,84,113,59,61,116,115,77,80,6,96,55" hai1="111,100,51,67,28,54,49,93,57,74,73,108,29" hai2="68,32,94,26,50,19,104,43,130,41,24,1,20" hai3="40,117,126,3,66,52,109,37,127,35,98,82,45"/><V70/><F104/><W114/><G117/><T33/><D33/><U119/><E119/><N who="0" m="45609" /><D134/><U135/><E135/><V107/><F107/><W99/><G3/><T125/><D125/><N who="3" m="47625" /><G35/><T81/><D6/><U46/><E67/><V36/><F130/><W120/><G120/><T22/><D96/><N who="3" m="36905" /><G66/><T101/><D101/><U7/><E7/><V18/><F1/><W27/><G27/><T91/><D22/><U71/><E71/><V2/><F2/><W25/><G25/><T133/><D133/><U8/><E8/><V122/><F122/><W48/><G82/><T53/><D53/><U132/><E132/><V64/><F94/><W90/><G90/><T95/><D80/><U79/><E100/><V112/><F112/><W92/><G92/><T34/><D34/><U102/><E102/><V105/><F105/><W5/><G5/><T17/><D95/><U124/><E93/><V87/><F32/><W56/><G109/><T0/><D91/><U60/><E124/><V85/><F64/><W69/><G69/><T65/><D0/><U15/><E111/><V72/><F72/><W128/><G128/><T39/><D65/><U88/><E74/><V131/><F131/><W21/><G21/><T42/><D115/><AGARI ba="0,0" hai="37,40,45,48,52,56,114,115" m="36905,47625" machi="115" ten="30,2000,0" yaku="18,1,54,1" doraHai="14" who="3" fromWho="0" sc="213,-20,322,0,118,0,347,20" /><INIT seed="3,0,0,5,3,101" ten="193,322,118,367" oya="3" hai0="33,125,100,53,113,13,0,56,90,57,43,28,1" hai1="72,82,34,126,12,37,21,119,133,10,54,35,2" hai2="106,120,24,65,78,15,41,31,108,47,117,16,104" hai3="124,61,3,89,131,27,48,134,110,127,74,63,114"/><W50/><G3/><T20/><D125/><N who="3" m="48201" /><G114/><T9/><D100/><U23/><E126/><V97/><F117/><W103/><G74/><T115/><D43/><U68/><E68/><V26/><F108/><W75/><G110/><T38/><D38/><U30/><E54/><V93/><F120/><W109/><G109/><T135/><D33/><U45/><E133/><V59/><F78/><W67/><G61/><T19/><D90/><U52/><E119/><V99/><F99/><W5/><G5/><T85/><D85/><U86/><E72/><V64/><F64/><W102/><G75/><T132/><D53/><U32/><E30/><V95/><F65/><W6/><G6/><T44/><D44/><U84/><E2/><N who="0" m="1129" /><D57/><U129/><E86/><V51/><F59/><W60/><G60/><T39/><D56/><U91/><E37/><V71/><F71/><W29/><G48/><T4/><D28/><U88/><E91/><V77/><F77/><W73/><G50/><T116/><D39/><U80/><E80/><V79/><F79/><W105/><G63/><T96/><D96/><U11/><E11/><V111/><F111/><W94/><G89/><T81/><D81/><U87/><E87/><V123/><F123/><W46/><G102/><T18/><D116/><U76/><E76/><V25/><F31/><W70/><G103/><T69/><D69/><U55/><E55/><V130/><F130/><W8/><G131/><T62/><D115/><U49/><E129/><V58/><F58/><W17/><G70/><T98/><D113/><U40/><E40/><V83/><F41/><RYUUKYOKU ba="0,0" sc="193,-10,322,30,118,-10,367,-10" hai1="10,12,21,23,32,34,35,45,49,52,82,84,88" owari="183,-21.7,352,15.2,108,-39.2,357,45.7" /></mjloggm>