<mjloggm ver="2.3"><GO type="169" lobby="0"/><UN n0="%E2%91%A3%E3%82%BB%E3%83%B3%E3%83%81" n1="%E3%83%94%E3%83%B3%E3%82%B5%E3%83%AD%E5%BA%97%E5%93%A1" n2="%E3%81%93%E3%81%94%E3%81%A6%E3%81%83%E3%83%BC" n3="%E5%8D%97%E5%B8%9D%E5%8D%97%E6%B5%A6" dan="18,17,16,17" rate="2286.92,2258.10,2013.99,2210.91" sx="M,M,M,M"/><TAIKYOKU oya="0"/><INIT seed="0,0,0,0,1,4" ten="250,250,250,250" oya="0" hai0="56,104,55,24,53,76,38,121,131,63,2,112,111" hai1="58,105,135,8,15,82,13,97,85,117,75,103,33" hai2="46,89,106,45,124,87,23,91,47,64,14,6,100" hai3="35,9,61,44,93,88,92,116,110,109,34,95,86"/><T27/><D112/><U90/><E117/><V126/><F64/><W0/><G116/><T132/><D121/><U130/><E130/><V50/><F100/><W48/><G61/><T49/><D104/><U72/><E33/><V42/><F106/><W102/><G34/><T65/><D38/><U77/><E135/><V39/><F39/><W129/><G35/><T37/><D37/><U17/><E58/><V122/><F122/><W21/><G21/><T83/><D132/><U67/><E67/><V133/><F133/><W84/><G129/><T1/><D55/><U25/><E25/><V96/><F96/><W36/><G36/><T94/><D111/><N who="3" m="42505" /><G102/><T68/><D94/><N who="3" m="36457" /><G0/><T51/><D51/><U127/><E127/><N who="2" m="48683" /><F91/><W123/><G123/><T69/><D69/><U5/><REACH who="1" step="1"/><E90/><REACH who="1" ten="250,240,250,250" step="2"/><V128/><F128/><W115/><G115/><T71/><D131/><U99/><E99/><V32/><F32/><W7/><G88/><T80/><D71/><U28/><E28/><V108/><F108/><W120/><G120/><T30/><D27/><U79/><E79/><V118/><F118/><W60/><G60/><T134/><D134/><U81/><E81/><N who="0" m="31305" /><D76/><U119/><E119/><V101/><F89/><W59/><G59/><T62/><D62/><U3/><E3/><N who="0" m="1033" /><D24/><U41/><E41/><V12/><F42/><N who="3" m="24599" /><G95/><T18/><D30/><U40/><E40/><V66/><F66/><W26/><G26/><T22/><D68/><U29/><E29/><V114/><F114/><W125/><G125/><T11/><D65/><U31/><E31/><V54/><F54/><W73/><G73/><RYUUKYOKU ba="0,1" sc="250,-15,240,15,250,-15,250,15" hai1="5,8,13,15,17,72,75,77,82,85,97,103,105" hai3="7,9,84,86" /><INIT seed="1,1,1,3,5,58" ten="235,255,235,265" oya="1" hai0="42,10,6,33,0,12,32,3,64,92,2,82,27" hai1="13,59,72,122,66,60,36,115,63,121,37,74,104" hai2="56,126,51,30,94,116,70,109,128,90,118,35,23" hai3="97,9,22,68,101,4,105,61,29,127,7,83,133"/><U81/><E115/><V49/><F35/><N who="0" m="13386" /><D92/><U77/><E104/><V53/><F70/><W123/><G123/><T108/><D64/><U18/><E74/><V41/><F109/><W113/><G113/><T21/><D82/><U79/><E79/><V43/><F128/><W44/><G127/><T131/><D42/><U75/><E75/><V86/><F126/><W84/><G133/><T67/><D67/><U106/><E106/><V88/><F116/><W34/><G34/><T95/><D95/><U45/><E60/><N who="2" m="35855" /><F118/><W110/><G110/><T117/><D117/><U73/><E73/><V124/><F124/><W129/><G129/><T114/><D114/><U8/><REACH who="1" step="1"/><E45/><REACH who="1" ten="235,245,235,265" step="2"/><V54/><F43/><W11/><G44/><T71/><D108/><U98/><E98/><N who="2" m="57671" /><F41/><W120/><G120/><AGARI ba="1,2" hai="8,13,18,36,37,59,63,66,72,77,81,120,121,122" machi="120" ten="40,3900,0" yaku="1,1,52,1,53,0" doraHai="58" doraHaiUra="89" who="1" fromWho="3" sc="235,0,245,62,235,0,265,-42" /><INIT seed="1,2,0,4,4,125" ten="235,307,235,223" oya="1" hai0="16,87,75,102,70,10,61,55,56,112,91,1,82" hai1="11,83,89,74,19,31,128,14,12,98,51,43,122" hai2="130,123,119,71,46,65,15,80,115,103,13,78,25" hai3="29,88,57,6,94,131,84,132,111,63,77,86,135"/><U97/><E122/><V35/><F119/><W79/><G111/><T72/><D112/><U49/><E31/><V116/><F116/><W93/><G29/><T100/><D70/><U134/><E134/><N who="3" m="51242" /><G6/><T133/><D133/><U76/><E128/><V113/><F123/><W33/><G33/><T27/><D1/><U121/><E121/><V24/><F103/><W30/><G30/><T54/><D75/><U114/><E114/><V107/><F107/><W0/><G0/><T104/><D72/><U110/><E110/><V60/><F46/><W96/><G57/><T90/><D104/><U4/><E43/><V48/><F48/><W7/><G7/><T81/><D55/><U44/><E89/><V21/><F35/><W62/><G62/><T59/><D59/><U2/><E2/><V20/><F60/><W106/><G63/><T40/><D40/><U8/><REACH who="1" step="1"/><E44/><REACH who="1" ten="235,297,235,223" step="2"/><V64/><F78/><N who="3" m="29707" /><G131/><T118/><D118/><U120/><E120/><V52/><F130/><W42/><G42/><T47/><D47/><U26/><E26/><V68/><F25/><W73/><G73/><T17/><D27/><U38/><E38/><V41/><F41/><W117/><G117/><T37/><D37/><U124/><E124/><V23/><F24/><W50/><G50/><AGARI ba="2,1" hai="4,8,11,12,14,19,49,50,51,74,76,83,97,98" machi="50" ten="40,12000,1" yaku="1,1,53,3" doraHai="125" doraHaiUra="45" who="1" fromWho="3" sc="235,0,297,136,235,0,223,-126" /><INIT seed="1,3,0,3,3,59" ten="235,433,235,97" oya="1" hai0="83,11,24,67,121,23,103,61,94,80,69,134,102" hai1="45,118,92,60,47,120,3,73,119,70,18,25,28" hai2="127,7,37,105,132,122,12,84,31,78,74,106,129" hai3="20,2,9,114,14,95,89,107,112,36,93,0,42"/><U22/><E120/><V56/><F122/><W81/><G107/><T113/><D121/><U135/><E73/><V57/><F37/><W116/><G116/><T5/><D113/><U48/><E3/><V76/><F74/><W44/><G112/><T128/><D128/><U1/><E1/><V29/><F129/><W50/><G114/><T75/><D134/><U53/><E135/><V85/><F12/><W68/><G68/><T117/><D117/><U13/><E92/><V66/><F132/><W77/><G20/><T35/><D35/><U123/><E123/><V109/><F109/><W124/><G36/><T41/><D41/><U99/><E99/><V4/><REACH who="2" step="1"/><F66/><REACH who="2" ten="235,433,225,97" step="2"/><W104/><G124/><AGARI ba="3,1" hai="4,7,29,31,56,57,76,78,84,85,105,106,124,127" machi="124" ten="25,6400,0" yaku="1,1,2,1,22,2,53,0" doraHai="59" doraHaiUra="125" who="2" fromWho="3" sc="235,0,433,0,225,83,97,-73" /><INIT seed="2,0,0,5,2,125" ten="235,433,308,24" oya="2" hai0="31,54,134,65,69,128,99,75,74,20,130,29,120" hai1="102,133,92,113,95,2,127,33,45,39,78,66,88" hai2="89,3,72,91,77,87,106,71,107,11,94,5,47" hai3="129,42,1,68,22,79,132,13,0,83,51,82,81"/><V64/><F71/><W85/><G132/><T16/><D120/><U117/><E113/><V84/><F64/><W101/><G68/><T28/><D134/><U100/><E117/><V9/><F77/><W123/><G123/><T122/><D122/><U116/><E116/><V30/><F72/><W63/><G63/><N who="0" m="40127" /><D54/><U25/><E133/><V6/><F30/><W90/><G101/><T24/><D99/><U14/><E2/><V86/><F47/><W98/><G0/><T93/><D93/><U26/><E66/><V18/><F18/><N who="3" m="10575" /><G1/><T103/><D103/><U109/><E78/><V58/><F58/><W41/><G129/><AGARI ba="0,0" hai="16,20,24,28,29,31,74,75,128,129,130" m="40127" machi="129" ten="30,8000,1" yaku="19,1,52,3,54,1" doraHai="125" who="0" fromWho="3" sc="235,80,433,0,308,0,24,-80" owari="315,11.5,433,53.3,308,-9.2,-56,-55.6" /></mjloggm>