<mjloggm ver="2.3"><GO type="169" lobby="0"/><UN n0="%63%61%72%6C%6F%73%6E" n1="%E3%81%93%E3%81%AB" n2="%E9%B3%B4%E8%8C%B6" n3="%E9%87%A3%E3%82%8A%E6%97%A5%E5%92%8C" dan="17,16,16,17" rate="2181.17,2144.48,2148.04,2168.90" sx="M,M,M,M"/><TAIKYOKU oya="0"/><INIT seed="0,0,0,0,5,20" ten="250,250,250,250" oya="0" hai0="116,126,98,80,97,47,8,29,35,135,77,122,105" hai1="81,25,32,125,54,18,15,61,28,88,117,30,75" hai2="85,111,103,24,118,82,133,23,113,45,79,102,100" hai3="58,42,67,104,120,132,87,101,62,40,27,89,93"/><T16/><D16/><U33/><E117/><V41/><F113/><W22/><G132/><T63/><D63/><U130/><E130/><V73/><F111/><W4/><G120/><T64/><D116/><U66/><E125/><V123/><F118/><W57/><G4/><T106/><D122/><U9/><E54/><V127/><F123/><W68/><G104/><T48/><D64/><U50/><E50/><V49/><F133/><W119/><G119/><T34/><D135/><U0/><E0/><V112/><F112/><W7/><G7/><T11/><D126/><U74/><E30/><V84/><REACH who="2" step="1"/><F127/><REACH who="2" ten="250,250,240,250" step="2"/><W72/><G72/><T55/><D106/><U3/><E75/><V2/><F2/><W52/><G101/><T38/><D105/><U109/><E74/><V110/><F110/><W46/><G68/><T43/><D98/><U91/><E3/><V96/><F96/><W37/><G37/><T107/><D97/><U12/><E109/><V129/><F129/><W51/><REACH who="3" step="1"/><G58/><REACH who="3" ten="250,250,240,240" step="2"/><T90/><D107/><U108/><E108/><V36/><F36/><W53/><G53/><T39/><D55/><U60/><E66/><V121/><F121/><W14/><G14/><T1/><D39/><U21/><E15/><V19/><AGARI ba="0,2" hai="19,23,24,41,45,49,73,79,82,84,85,100,102,103" machi="19" ten="30,4000,0" yaku="1,1,0,1,52,1,53,0" doraHai="20" doraHaiUra="70" who="2" fromWho="2" sc="250,-20,250,-10,240,60,240,-10" /><INIT seed="1,0,0,2,5,5" ten="230,240,300,230" oya="1" hai0="48,62,1,109,44,82,40,63,124,58,70,92,6" hai1="50,71,91,132,14,112,73,110,43,65,126,131,21" hai2="89,38,28,61,90,122,118,104,66,127,54,80,135" hai3="77,111,88,119,24,55,72,134,37,10,7,107,84"/><U13/><E112/><V83/><F122/><W87/><G107/><T121/><D121/><U35/><E35/><V114/><F118/><W19/><G37/><T79/><D109/><U25/><E73/><V17/><F114/><W64/><G72/><T4/><D124/><U101/><E126/><V128/><F127/><W59/><G111/><T22/><D70/><U102/><E131/><V18/><F104/><W8/><G119/><T97/><D22/><U36/><E36/><V0/><F0/><W129/><G129/><T39/><D48/><U69/><E110/><V60/><F38/><W103/><G103/><T75/><D1/><U56/><E69/><V53/><F128/><W30/><G19/><N who="2" m="7177" /><F28/><W46/><G7/><T15/><D15/><U68/><E68/><V130/><F66/><W98/><G98/><T108/><D62/><N who="2" m="24170" /><F135/><W49/><G59/><T95/><D108/><U41/><E71/><V51/><F51/><W9/><G134/><T34/><D34/><U123/><E123/><V125/><F125/><W32/><G64/><T20/><D20/><U116/><E116/><V27/><F27/><W11/><G11/><T42/><D42/><U100/><E132/><V45/><F130/><W81/><REACH who="3" step="1"/><G8/><REACH who="3" ten="230,240,300,220" step="2"/><T12/><D39/><U133/><E133/><V76/><F45/><W85/><G85/><T94/><D44/><U106/><E106/><V31/><F31/><W23/><G23/><T86/><D97/><U117/><E117/><V115/><F115/><W2/><G2/><T113/><D75/><U67/><E67/><V52/><F76/><W120/><G120/><RYUUKYOKU ba="0,1" sc="230,-15,240,-15,300,15,220,15" hai2="52,53,54,80,83,89,90" hai3="9,10,24,30,32,46,49,55,77,81,84,87,88" /><INIT seed="2,1,1,5,3,59" ten="215,225,315,235" oya="2" hai0="77,128,36,27,0,96,130,70,49,122,134,80,40" hai1="58,6,135,71,120,35,89,8,41,32,92,63,127" hai2="2,114,61,85,11,118,16,54,129,119,91,125,53" hai3="60,56,29,116,12,15,101,23,86,81,17,65,99"/><V79/><F114/><W76/><G116/><T98/><D122/><U28/><E120/><V21/><F129/><N who="0" m="49770" /><D36/><U42/><E127/><V31/><F125/><W108/><G108/><T39/><D39/><U4/><E135/><V47/><F79/><W115/><G115/><T87/><D134/><U100/><E100/><V107/><F107/><W19/><G29/><T9/><D70/><U55/><E71/><V132/><F132/><W82/><G82/><T110/><D27/><U14/><E6/><V133/><F133/><W124/><G124/><T105/><D105/><U10/><E10/><V22/><F2/><W78/><G78/><T111/><D9/><U95/><E95/><N who="2" m="54767" /><F31/><W45/><G45/><N who="0" m="25767" /><D0/><U90/><E90/><V62/><F119/><W113/><G113/><T48/><D48/><U3/><E3/><V13/><F118/><W46/><G46/><T112/><D112/><U72/><E72/><V25/><F47/><W52/><G19/><T104/><D104/><U93/><E93/><V97/><F97/><AGARI ba="1,1" hai="77,80,87,96,97,98,110,111" m="25767,49770" machi="97" ten="30,1000,0" yaku="19,1" doraHai="59" who="0" fromWho="2" sc="215,23,225,0,315,-13,235,0" /><INIT seed="3,0,0,3,1,116" ten="238,225,302,235" oya="3" hai0="85,28,13,69,26,49,101,46,11,108,30,115,73" hai1="17,98,56,25,55,78,32,66,36,31,10,114,77" hai2="16,122,97,19,48,87,123,1,106,57,65,104,22" hai3="82,53,6,62,92,93,118,71,45,29,39,8,129"/><W128/><G118/><T0/><D73/><U42/><E114/><V107/><F1/><W33/><G82/><T91/><D0/><U121/><E66/><V88/><F97/><W135/><G135/><T133/><D69/><U70/><E70/><V63/><F48/><N who="3" m="28815" /><G39/><T89/><D133/><U38/><E38/><V127/><F127/><W4/><G29/><T134/><D134/><U117/><E117/><V109/><F109/><W3/><G6/><T100/><D108/><U47/><E121/><N who="2" m="46091" /><F22/><W102/><G102/><T124/><D124/><U105/><E105/><N who="2" m="26883" /><V111/><DORA hai="51" /><F111/><W20/><G20/><T54/><D115/><U9/><E98/><V96/><F96/><W83/><G33/><T103/><D103/><U61/><E10/><V60/><F60/><W94/><G62/><T130/><D101/><U37/><E37/><V40/><F40/><W24/><G8/><T34/><D34/><U90/><E9/><V18/><F19/><W120/><G120/><T113/><D100/><U50/><E17/><V68/><F68/><W95/><G71/><T2/><D2/><U74/><E36/><V76/><F76/><W79/><G3/><T27/><D113/><U80/><E78/><V126/><F126/><W59/><G79/><T7/><D11/><U15/><E77/><V23/><F23/><W110/><G110/><T14/><D89/><U5/><E90/><V132/><F132/><W119/><G119/><T21/><D91/><U35/><E35/><V52/><F65/><W64/><N who="3" m="23552" /><DORA hai="84" /><W112/><G64/><T99/><D21/><U58/><E32/><RYUUKYOKU ba="0,0" sc="238,-10,225,-10,302,30,235,-10" hai2="16,18,52,57,63,87,88" /><INIT seed="4,1,0,4,2,110" ten="228,215,332,225" oya="0" hai0="1,129,69,6,40,98,14,124,48,72,25,8,49" hai1="10,116,113,33,88,35,63,34,119,32,26,130,103" hai2="96,77,83,57,97,131,37,65,21,106,45,18,19" hai3="123,94,36,104,114,74,112,58,28,68,5,42,60"/><T11/><D72/><U81/><E130/><V43/><F131/><W99/><G74/><T54/><D129/><U7/><E103/><V107/><F19/><W15/><G123/><T50/><D69/><U133/><E133/><V9/><F9/><W67/><G104/><T22/><D124/><U82/><E63/><V66/><F107/><W121/><G121/><T95/><D40/><U86/><E82/><V38/><F38/><W23/><G42/><T90/><D8/><U128/><E128/><V56/><F106/><W73/><G73/><T115/><D115/><N who="3" m="44073" /><G36/><T125/><D125/><U78/><E113/><V4/><F43/><W53/><G5/><T0/><REACH who="0" step="1"/><D54/><REACH who="0" ten="218,215,332,225" step="2"/><U135/><E135/><V76/><F37/><W52/><G68/><T118/><D118/><U64/><E64/><V108/><F66/><W79/><G79/><T87/><D87/><U122/><E122/><V89/><F65/><W134/><G134/><T127/><D127/><U30/><REACH who="1" step="1"/><E78/><REACH who="1" ten="218,205,332,225" step="2"/><V102/><F77/><W2/><G67/><T12/><D12/><AGARI ba="1,2" hai="7,10,12,26,30,32,33,34,35,81,86,88,116,119" machi="12" ten="40,5200,0" yaku="1,1,2,1,54,1,53,0" doraHai="110" doraHaiUra="61" who="1" fromWho="0" sc="218,-55,205,75,332,0,225,0" /><INIT seed="5,0,0,3,2,45" ten="163,280,332,225" oya="1" hai0="8,4,51,97,16,122,36,126,63,14,2,121,135" hai1="106,69,80,35,103,91,116,132,82,130,85,42,43" hai2="114,127,104,65,29,24,30,88,22,94,89,118,3" hai3="54,48,108,70,15,107,44,57,73,105,102,21,120"/><U112/><E116/><V115/><F118/><W117/><G117/><T86/><D36/><U128/><E69/><V47/><F104/><W90/><G120/><N who="0" m="46187" /><D63/><U110/><E35/><V11/><F127/><W96/><G108/><T59/><D126/><U119/><E119/><V83/><F65/><W71/><G73/><T20/><D135/><U0/><E0/><V87/><F47/><W62/><G107/><T12/><D97/><N who="1" m="61807" /><E110/><V99/><REACH who="2" step="1"/><F30/><REACH who="2" ten="163,280,322,225" step="2"/><W1/><G44/><T109/><D109/><U18/><E132/><V34/><F34/><W95/><G105/><T23/><D86/><U67/><E85/><V123/><F123/><W101/><G71/><T134/><D134/><U31/><E67/><V125/><F125/><W52/><G70/><T13/><D20/><U131/><E31/><V7/><AGARI ba="0,1" hai="3,7,11,22,24,29,83,87,88,89,94,99,114,115" machi="7" ten="30,4000,0" yaku="1,1,0,1,54,1,53,0" doraHai="45" doraHaiUra="64" who="2" fromWho="2" sc="163,-10,280,-20,322,50,225,-10" /><INIT seed="6,0,0,0,0,86" ten="153,260,372,215" oya="2" hai0="88,58,125,67,1,79,4,105,12,74,2,117,44" hai1="103,28,94,52,56,62,72,39,81,122,20,129,59" hai2="87,89,102,108,118,78,13,83,63,119,15,132,114" hai3="95,104,50,6,43,68,64,133,128,37,55,69,101"/><V53/><F114/><W21/><G104/><T47/><D105/><U76/><E122/><V130/><F132/><W16/><G6/><T3/><D125/><U93/><E129/><V26/><F130/><W32/><G32/><T34/><D34/><U7/><E39/><V107/><F108/><W135/><G128/><T49/><D117/><U90/><E103/><V22/><F118/><W11/><G11/><T116/><D116/><U8/><E59/><N who="2" m="35311" /><F107/><W65/><G43/><T126/><D126/><U121/><E121/><V131/><F131/><W73/><G73/><T9/><D79/><U30/><E20/><V33/><F33/><W45/><G37/><T10/><D74/><U14/><REACH who="1" step="1"/><E94/><REACH who="1" ten="153,250,372,215" step="2"/><N who="2" m="54591" /><F102/><W92/><G133/><T29/><D58/><U134/><E134/><V25/><F22/><W0/><G21/><T113/><D113/><U110/><E110/><V71/><F119/><W5/><G101/><T85/><D67/><U77/><E77/><V17/><F78/><W51/><G135/><T41/><D47/><U66/><E66/><V97/><F83/><W54/><G65/><T91/><D29/><U98/><AGARI ba="0,1" hai="7,8,14,28,30,52,56,62,72,76,81,90,93,98" machi="98" ten="20,8000,1" yaku="1,1,0,1,7,1,52,1,54,1,53,0" doraHai="86" doraHaiUra="127" who="1" fromWho="1" sc="153,-20,250,90,372,-40,215,-20" /><INIT seed="7,0,0,0,1,133" ten="133,340,332,195" oya="3" hai0="34,96,73,108,86,44,1,29,60,130,55,112,41" hai1="56,129,89,18,27,71,11,106,8,35,58,121,124" hai2="36,104,33,83,91,90,132,43,59,67,100,30,13" hai3="7,109,102,93,81,14,120,49,15,123,10,105,23"/><W134/><G105/><T135/><D108/><U98/><E121/><V84/><F132/><W53/><G134/><T19/><D73/><U101/><E124/><V20/><F33/><W50/><G109/><T21/><D135/><U26/><E71/><V75/><F75/><W74/><G49/><T107/><D1/><U122/><E122/><V25/><F104/><W127/><G102/><T62/><D130/><U22/><E129/><V126/><F126/><W66/><G66/><T128/><D128/><U114/><E114/><V118/><F118/><W119/><G93/><T70/><D112/><U17/><E89/><N who="2" m="51359" /><F36/><W95/><G95/><T28/><D34/><U61/><E58/><V110/><F110/><W69/><G69/><T125/><D125/><U64/><E35/><V31/><F100/><W116/><G127/><T40/><D107/><U2/><E2/><V82/><F43/><W63/><G63/><T88/><D96/><U117/><E117/><V79/><F31/><W47/><G120/><T37/><D41/><U77/><E77/><V24/><F13/><W39/><G39/><T78/><D78/><U46/><E46/><V9/><F9/><W51/><G51/><T54/><D62/><U97/><E97/><V72/><F25/><W92/><G123/><T65/><D29/><U115/><E115/><V45/><F45/><W68/><G116/><T111/><D28/><U85/><E85/><V87/><F72/><W4/><G119/><T94/><REACH who="0" step="1"/><D111/><REACH who="0" ten="123,340,332,195" step="2"/><U113/><E113/><V80/><F80/><W99/><G81/><T6/><D6/><U52/><E64/><RYUUKYOKU ba="0,1" sc="123,10,340,10,332,10,195,-30" hai0="19,21,37,40,44,54,55,60,65,70,86,88,94" hai1="8,11,17,18,22,26,27,52,56,61,98,101,106" hai2="20,24,30,59,67,79,82,87,90,91" owari="133,-36.7,360,46.0,342,14.2,165,-23.5" /></mjloggm>