<mjloggm ver="2.3"><GO type="169" lobby="0"/><UN n0="%E3%83%A4%E3%83%9E%E3%83%80%E3%81%95%E3%82%93" n1="%E3%82%BF%E3%82%A4%E4%BA%BA%EF%BC%A0%E3%83%90%E3%83%B3%E3%82%B3%E3%82%AF" n2="%E3%81%9F%E3%81%BE%E5%AD%90" n3="%E3%83%A8%E3%83%BC%E3%83%BB%E3%83%9E%E3%82%A4%E3%82%AB" dan="16,16,16,17" rate="2119.43,2136.50,2171.47,2192.42" sx="M,M,M,M"/><TAIKYOKU oya="0"/><INIT seed="0,0,0,1,0,131" ten="250,250,250,250" oya="0" hai0="120,30,3,9,133,123,54,95,12,39,129,19,63" hai1="65,96,33,73,6,118,134,14,88,15,119,59,70" hai2="116,40,94,37,13,11,69,61,128,132,101,111,49" hai3="103,32,51,78,72,31,83,106,90,60,98,48,8"/><T29/><D39/><U76/><E33/><V92/><F128/><W25/><G8/><T50/><D129/><U110/><E70/><V41/><F111/><W7/><G7/><T93/><D3/><U23/><E110/><V86/><F37/><W81/><G83/><T62/><D120/><U16/><E76/><V22/><F116/><W36/><G36/><T79/><D79/><U114/><E73/><V124/><F124/><W53/><G53/><T0/><D0/><U4/><E114/><V82/><F22/><W85/><REACH who="3" step="1"/><G60/><REACH who="3" ten="250,250,250,240" step="2"/><N who="0" m="23083" /><D123/><U99/><E119/><V1/><F61/><W80/><AGARI ba="0,1" hai="25,31,32,48,51,72,78,80,81,85,90,98,103,106" machi="80" ten="20,5200,0" yaku="1,1,0,1,7,1,53,1" doraHai="131" doraHaiUra="107" who="3" fromWho="3" sc="250,-26,250,-13,250,-13,240,62" /><INIT seed="1,0,0,4,2,96" ten="224,237,237,302" oya="1" hai0="123,27,49,25,72,75,44,22,94,61,47,15,134" hai1="113,81,100,29,39,6,23,48,101,20,56,76,69" hai2="66,59,32,19,91,46,40,117,82,95,87,51,57" hai3="65,60,3,17,122,103,114,70,129,120,50,132,133"/><U98/><E113/><V73/><F117/><W2/><G17/><T8/><D134/><N who="3" m="51817" /><G3/><T74/><D123/><N who="3" m="47145" /><G2/><T4/><D61/><U10/><E39/><V115/><F115/><W53/><G103/><N who="1" m="39498" /><E69/><V90/><F32/><W7/><G7/><T99/><D25/><U78/><E98/><N who="2" m="57719" /><F73/><W121/><N who="3" m="47153" /><W127/><DORA hai="105" /><G114/><T124/><D124/><U77/><E81/><V1/><F1/><W62/><G62/><T97/><D94/><U38/><E38/><V30/><F30/><W0/><G0/><T24/><D47/><U79/><N who="1" m="19456" /><DORA hai="31" /><U135/><E29/><V118/><F118/><W109/><G109/><T9/><D24/><U63/><E48/><V54/><F66/><W36/><G36/><T64/><D64/><N who="1" m="39015" /><E135/><V16/><F59/><N who="3" m="33207" /><G127/><T108/><D108/><U26/><E26/><V92/><F82/><W104/><G104/><T11/><D97/><U85/><E85/><V12/><F12/><AGARI ba="0,0" hai="6,10,12,20,23" m="39015,19456,39498" machi="12" ten="40,12000,1" yaku="8,1,52,3" doraHai="96,105,31" who="1" fromWho="2" sc="224,0,237,120,237,-120,302,0" /><INIT seed="1,1,0,3,0,31" ten="224,357,117,302" oya="1" hai0="8,132,45,49,114,75,106,4,55,57,81,5,117" hai1="10,36,129,39,88,83,48,91,53,87,51,26,85" hai2="17,21,30,71,108,128,78,35,63,41,70,68,58" hai3="28,92,126,113,25,65,76,67,105,12,102,15,111"/><U47/><E129/><V16/><F108/><W121/><G113/><T101/><D114/><U19/><E26/><V112/><F112/><W22/><G121/><T125/><D117/><U46/><E10/><V82/><F128/><W127/><G111/><T37/><D4/><U97/><E97/><V14/><F41/><W74/><G105/><T86/><D125/><N who="3" m="47625" /><G76/><T79/><D132/><U84/><E19/><V100/><F100/><W115/><G74/><T32/><D86/><U96/><E96/><V33/><F17/><N who="3" m="10535" /><G115/><T42/><D101/><U50/><E53/><V7/><F7/><W6/><G102/><T110/><D110/><U134/><E134/><V2/><F30/><W123/><G92/><T18/><D18/><U52/><E52/><V66/><REACH who="2" step="1"/><F2/><REACH who="2" ten="224,357,107,302" step="2"/><W77/><G123/><T120/><D120/><U89/><E83/><V38/><F38/><AGARI ba="1,1" hai="36,38,39,46,47,48,50,51,84,85,87,88,89,91" machi="38" ten="50,12000,1" yaku="29,2,28,2,54,1" doraHai="31" who="1" fromWho="2" sc="224,0,357,133,107,-123,302,0" owari="224,-17.6,490,59.0,-16,-51.6,302,10.2" /></mjloggm>