<mjloggm ver="2.3"><GO type="169" lobby="0"/><UN n0="%48%65%69%68%65%69%30%35" n1="%56%45%54%54%45%4C" n2="%E3%81%A9%E3%82%93%E3%81%9F%E3%82%83%E3%82%93" n3="%2D%E8%B1%8A%E5%8F%A3%E3%82%81%E3%81%90%E3%81%BF%2D" dan="16,16,16,17" rate="2048.35,2129.72,2166.82,2152.92" sx="M,M,F,F"/><TAIKYOKU oya="0"/><INIT seed="0,0,0,1,1,52" ten="250,250,250,250" oya="0" hai0="127,33,91,73,26,130,78,60,116,44,48,128,14" hai1="38,102,122,72,25,125,24,108,47,27,43,87,71" hai2="83,56,6,61,15,5,86,99,88,55,65,89,28" hai3="85,111,115,104,12,34,135,62,21,42,54,8,98"/><T35/><D116/><U36/><E122/><V40/><F28/><W16/><G115/><T112/><D112/><U105/><E72/><V96/><F40/><W46/><G34/><T69/><D127/><U4/><E125/><V49/><F89/><W64/><G111/><T50/><D78/><U3/><E71/><V114/><F114/><W2/><G135/><T11/><D73/><U107/><E102/><V23/><F5/><W84/><G54/><T126/><D50/><U57/><E38/><V41/><F41/><W97/><G2/><T20/><D126/><U132/><E108/><V76/><F76/><W59/><G8/><T45/><D44/><U101/><E101/><V90/><F90/><W58/><G58/><T22/><D91/><U70/><E70/><V95/><F83/><W29/><G29/><N who="0" m="17607" /><D60/><U123/><E123/><V31/><F6/><W100/><REACH who="3" step="1"/><G98/><REACH who="3" ten="250,250,250,240" step="2"/><T124/><D124/><U51/><E132/><V133/><F133/><W94/><G94/><T39/><D69/><U53/><E3/><V106/><F106/><W82/><G82/><T110/><D110/><U17/><E105/><V113/><F113/><W63/><G63/><T118/><D118/><U109/><E107/><V80/><F80/><W67/><G67/><T103/><D35/><U18/><E109/><V75/><F75/><W0/><G0/><T92/><D33/><U79/><E87/><V32/><F32/><W74/><G74/><T1/><D1/><U9/><E79/><V117/><F117/><W37/><AGARI ba="0,1" hai="12,16,21,37,42,46,59,62,64,84,85,97,100,104" machi="37" ten="20,8000,1" yaku="1,1,0,1,7,1,52,1,54,1,53,0" doraHai="52" doraHaiUra="66" who="3" fromWho="3" sc="250,-40,250,-20,250,-20,240,90" /><INIT seed="1,0,0,3,3,129" ten="210,230,230,330" oya="1" hai0="128,114,64,94,49,48,134,115,4,130,62,110,107" hai1="7,131,47,116,21,56,68,76,20,90,25,51,13" hai2="43,71,75,96,104,57,59,52,111,106,77,17,35" hai3="19,79,27,99,109,24,30,66,126,28,80,38,86"/><U2/><E116/><V98/><F71/><W135/><G38/><T91/><D107/><U29/><E68/><V6/><F43/><W37/><G37/><T81/><D81/><U123/><E123/><V121/><F121/><W93/><G109/><T84/><D4/><U89/><E131/><N who="0" m="50217" /><D110/><U69/><E69/><V108/><F6/><W85/><G126/><T119/><D119/><U42/><E76/><V15/><F15/><W97/><G66/><T10/><D10/><N who="1" m="4319" /><E2/><V55/><F77/><W125/><G125/><T73/><D73/><U67/><E21/><V34/><REACH who="2" step="1"/><F17/><REACH who="2" ten="210,230,220,330" step="2"/><W95/><G19/><T124/><D124/><U23/><E23/><V101/><F101/><W9/><G79/><T78/><D78/><U122/><E122/><V72/><AGARI ba="0,1" hai="34,35,52,55,57,59,72,75,96,98,104,106,108,111" machi="72" ten="25,8000,1" yaku="1,1,0,1,22,2,54,1,53,0" doraHai="129" doraHaiUra="118" who="2" fromWho="2" sc="210,-20,230,-40,220,90,330,-20" /><INIT seed="2,0,0,5,1,57" ten="190,190,310,310" oya="2" hai0="36,108,43,130,61,100,123,122,4,84,35,14,88" hai1="119,47,19,78,52,22,39,116,105,3,44,118,49" hai2="69,81,11,104,41,85,60,63,25,1,110,6,33" hai3="131,48,10,16,127,34,38,126,94,106,134,111,68"/><V129/><F104/><W12/><G106/><T15/><D35/><U50/><E105/><V55/><F69/><W73/><G38/><T93/><D108/><U98/><E3/><V23/><F33/><W30/><G73/><T59/><D130/><U102/><E78/><V128/><F41/><W112/><G68/><T71/><D71/><U32/><E32/><V27/><F55/><W56/><G94/><T0/><D100/><U90/><E39/><V20/><F20/><W29/><G48/><T9/><D36/><U72/><E72/><V26/><F23/><W21/><G56/><T77/><D43/><U113/><E113/><V97/><F97/><W40/><G40/><T121/><REACH who="0" step="1"/><D77/><REACH who="0" ten="180,190,310,310" step="2"/><U24/><E102/><V132/><F110/><W70/><G70/><T18/><D18/><U53/><REACH who="1" step="1"/><E116/><REACH who="1" ten="180,180,310,310" step="2"/><V62/><REACH who="2" step="1"/><F132/><REACH who="2" ten="180,180,300,310" step="2"/><W64/><G34/><T135/><D135/><U5/><E5/><V67/><F67/><AGARI ba="0,3" hai="0,4,9,14,15,59,61,67,84,88,93,121,122,123" machi="67" ten="40,8000,1" yaku="1,1,52,1,54,1,53,1" doraHai="57" doraHaiUra="2" who="0" fromWho="2" sc="180,110,180,0,300,-80,310,0" /><INIT seed="3,0,0,1,0,95" ten="290,180,220,310" oya="3" hai0="16,98,135,134,64,84,33,110,31,101,51,63,41" hai1="0,59,17,15,2,78,21,10,128,39,30,62,121" hai2="3,127,1,52,104,58,47,12,37,97,88,130,92" hai3="28,93,117,60,29,22,89,86,105,80,70,72,66"/><W20/><G105/><T85/><D110/><U36/><E121/><V5/><F130/><W11/><G117/><T54/><D41/><U8/><E128/><V19/><F5/><W67/><G67/><T116/><D116/><U118/><E118/><V120/><F120/><W69/><G69/><T71/><D31/><U81/><E10/><V50/><F127/><W26/><G11/><T90/><D33/><U6/><E2/><V57/><F104/><W99/><G72/><T77/><D77/><U87/><REACH who="1" step="1"/><E30/><REACH who="1" ten="290,170,220,310" step="2"/><V55/><F1/><W74/><G74/><T111/><D111/><U48/><E48/><N who="2" m="30855" /><F3/><W79/><REACH who="3" step="1"/><G29/><REACH who="3" ten="290,170,220,300" step="2"/><T49/><D134/><U42/><E42/><V32/><F37/><W82/><G82/><T27/><D135/><U9/><E9/><N who="2" m="6543" /><F32/><AGARI ba="0,2" hai="20,22,26,28,32,60,66,70,79,80,86,89,93,99" machi="32" ten="30,5800,0" yaku="1,1,7,1,52,1,53,0" doraHai="95" doraHaiUra="113" who="3" fromWho="2" sc="290,0,170,0,220,-58,300,78" /><INIT seed="3,1,0,4,5,55" ten="290,170,162,378" oya="3" hai0="67,41,101,86,5,1,44,49,64,108,135,69,46" hai1="20,70,104,91,74,7,87,94,30,16,96,27,73" hai2="15,51,34,23,128,31,18,37,13,42,109,97,59" hai3="65,61,25,60,134,11,117,106,84,14,19,90,126"/><W79/><G117/><T10/><D101/><U125/><E125/><V103/><F109/><W129/><G126/><T119/><D119/><U4/><E70/><V26/><F128/><W3/><G129/><T124/><D124/><U50/><E50/><V112/><F112/><W76/><G106/><T8/><D108/><U24/><E104/><V116/><F116/><W45/><G134/><T113/><D113/><U82/><E73/><V57/><F37/><W114/><G114/><T120/><D120/><U68/><E68/><V98/><F98/><W93/><G3/><T123/><D123/><U21/><REACH who="1" step="1"/><E74/><REACH who="1" ten="290,160,162,378" step="2"/><V131/><F131/><W107/><G107/><T110/><D69/><U95/><E95/><V28/><F51/><W88/><G61/><T78/><D110/><U48/><E48/><V39/><F39/><W58/><G45/><T85/><D46/><U75/><E75/><V17/><F42/><W118/><G118/><T72/><D72/><U63/><E63/><V121/><F121/><W77/><G93/><T33/><D49/><U12/><E12/><V35/><F103/><AGARI ba="1,1" hai="4,7,16,20,21,24,27,30,82,87,91,94,96,103" machi="103" ten="30,7700,0" yaku="1,1,7,1,8,1,54,1,53,0" doraHai="55" doraHaiUra="100" who="1" fromWho="2" sc="290,0,160,90,162,-80,378,0" /><INIT seed="4,0,0,4,1,77" ten="290,250,82,378" oya="0" hai0="87,5,84,106,70,126,37,0,52,30,34,97,80" hai1="11,9,64,85,91,123,27,68,53,63,31,29,39" hai2="46,81,86,122,125,134,102,41,17,101,92,128,36" hai3="42,73,124,18,111,15,28,90,43,7,3,45,118"/><T40/><D70/><U105/><E123/><V109/><F122/><W25/><G111/><T113/><D113/><U65/><E65/><V2/><F109/><W24/><G118/><T110/><D110/><U48/><E39/><V50/><F2/><W33/><G73/><T58/><D87/><U14/><E105/><V96/><F128/><W21/><G124/><T12/><D0/><U88/><E91/><V79/><F125/><W112/><G112/><T98/><D106/><U120/><E120/><V60/><F134/><W4/><G90/><T75/><D75/><U51/><E31/><V74/><F102/><W127/><G127/><T78/><D126/><U135/><E135/><V71/><F74/><W32/><G43/><T132/><D34/><U103/><E103/><V16/><REACH who="2" step="1"/><F36/><REACH who="2" ten="290,250,72,378" step="2"/><W116/><G3/><T76/><D132/><U93/><E53/><V62/><F62/><W130/><G130/><T82/><D37/><U55/><E55/><V8/><F8/><W61/><G61/><T59/><D40/><U47/><E9/><V133/><F133/><W13/><G42/><T108/><D108/><U10/><E10/><V54/><F54/><W26/><G116/><T115/><D115/><U94/><E11/><V95/><F95/><W114/><G114/><T117/><D117/><U69/><E94/><V89/><F89/><W104/><G104/><T131/><D131/><U67/><E88/><V56/><F56/><N who="0" m="21546" /><D52/><U119/><E119/><V99/><F99/><W100/><G100/><T129/><D129/><U107/><E107/><V66/><AGARI ba="0,1" hai="16,17,41,46,50,60,66,71,79,81,86,92,96,101" machi="66" ten="30,8000,1" yaku="1,1,0,1,52,1,54,1,53,1" doraHai="77" doraHaiUra="44" who="2" fromWho="2" sc="290,-40,250,-20,72,90,378,-20" /><INIT seed="5,0,0,0,3,132" ten="250,230,162,358" oya="1" hai0="119,82,28,14,98,101,113,33,37,19,85,43,40" hai1="86,6,120,52,99,24,126,135,39,71,21,16,49" hai2="109,31,32,4,108,77,63,74,30,22,123,88,75" hai3="26,25,100,103,83,44,36,116,68,41,131,112,87"/><U94/><E120/><V1/><F123/><W13/><G68/><T38/><D119/><U51/><E135/><V7/><F63/><W20/><G112/><T10/><D113/><U76/><E39/><V89/><F22/><W67/><G67/><T8/><D38/><U65/><E126/><V3/><REACH who="2" step="1"/><F77/><REACH who="2" ten="250,230,152,358" step="2"/><W72/><G20/><T97/><D33/><AGARI ba="0,1" hai="1,3,4,7,30,31,32,33,74,75,88,89,108,109" machi="33" ten="25,12000,2" yaku="1,1,2,1,22,2,54,1,53,2" doraHai="132" doraHaiUra="84" who="2" fromWho="0" sc="250,-120,230,0,152,130,358,0" /><INIT seed="6,0,0,2,4,128" ten="130,230,282,358" oya="2" hai0="92,132,20,35,29,47,49,83,4,40,57,113,95" hai1="27,70,41,55,76,54,100,60,135,68,39,121,125" hai2="48,78,73,109,43,122,42,25,37,104,118,1,0" hai3="24,62,51,93,127,71,107,38,130,19,133,123,16"/><V65/><F118/><W8/><G107/><T17/><D113/><U7/><E100/><V11/><F104/><W13/><G38/><T105/><D105/><U114/><E7/><V36/><F122/><W50/><G123/><T22/><D35/><U64/><E76/><V72/><F78/><W77/><G130/><T14/><D132/><U34/><E121/><V106/><F106/><W126/><G133/><T86/><D4/><U80/><E80/><V61/><F48/><W52/><G93/><T66/><D66/><N who="1" m="41031" /><E27/><V102/><F102/><W97/><G97/><T69/><D69/><U98/><E98/><V53/><F25/><W18/><G77/><T91/><REACH who="0" step="1"/><D57/><REACH who="0" ten="120,230,282,358" step="2"/><U9/><E34/><V12/><F65/><W67/><G67/><T59/><D59/><U26/><E135/><V119/><F119/><W101/><G71/><T124/><D124/><U32/><E125/><V120/><F120/><W134/><G134/><T82/><D82/><U79/><E64/><V46/><F73/><W87/><G127/><T116/><D116/><U15/><E114/><V110/><F72/><W63/><G126/><T112/><D112/><U117/><E117/><V74/><F74/><W58/><G58/><T31/><D31/><U115/><E70/><V44/><F109/><W129/><G129/><T30/><D30/><U81/><E115/><V6/><F110/><W2/><G19/><T10/><D10/><U45/><E32/><V23/><F23/><W21/><G8/><T99/><D99/><U85/><E26/><AGARI ba="0,1" hai="14,17,20,22,26,29,40,47,49,83,86,91,92,95" machi="26" ten="40,2600,0" yaku="1,1,8,1,53,0" doraHai="128" doraHaiUra="94" who="0" fromWho="1" sc="120,36,230,-26,282,0,358,0" /><INIT seed="7,0,0,5,1,10" ten="156,204,282,358" oya="3" hai0="79,88,35,20,119,132,71,83,78,13,100,22,31" hai1="38,106,1,101,129,114,125,9,64,96,134,89,121" hai2="135,118,3,42,123,116,34,80,115,2,70,84,51" hai3="26,94,50,93,103,47,90,73,74,12,55,120,67"/><W29/><G67/><T91/><D119/><U95/><E121/><V111/><F111/><W21/><G120/><T28/><D71/><U60/><E38/><V68/><F34/><W19/><G94/><T109/><D109/><U72/><E114/><V131/><F115/><W77/><G77/><N who="0" m="29195" /><D35/><U61/><E72/><V133/><F2/><W44/><G103/><T104/><D104/><U65/><E129/><V4/><F131/><W5/><G5/><T43/><D43/><U56/><E125/><V53/><F3/><W0/><G0/><T40/><D40/><U59/><E134/><V45/><F123/><W117/><G47/><T63/><D100/><U57/><E1/><V24/><F70/><W122/><G117/><T39/><D39/><U97/><REACH who="1" step="1"/><E9/><REACH who="1" ten="156,194,282,358" step="2"/><V110/><F110/><W41/><G122/><T98/><D132/><U69/><AGARI ba="0,1" hai="56,57,59,60,61,64,65,69,89,95,96,97,101,106" machi="69" ten="20,5200,0" yaku="1,1,2,1,0,1,7,1,53,0" doraHai="10" doraHaiUra="14" who="1" fromWho="1" sc="156,-13,194,62,282,-13,358,-26" owari="143,-35.7,256,-14.4,269,6.9,332,43.2" /></mjloggm>