<mjloggm ver="2.3"><GO type="169" lobby="0"/><UN n0="%E9%A2%A8%E3%81%A7%E9%B3%B4%E3%81%8F" n1="%E5%8D%83%E9%87%8C%E5%B1%B1%E8%88%B9%E4%B9%85%E4%BF%9D%E6%B5%A9%E5%AD%90" n2="%E4%BC%8A%E5%8B%A2%E3%81%AE%E3%82%B3%E3%83%AD%E3%83%83%E3%82%B1%E5%B1%8B" n3="%E5%B9%B3%E5%92%8C%6E%6F%6D%69" dan="16,16,16,16" rate="2161.59,2111.45,2089.92,2061.04" sx="M,F,M,M"/><TAIKYOKU oya="0"/><INIT seed="0,0,0,4,2,116" ten="250,250,250,250" oya="0" hai0="10,7,57,96,92,130,29,62,97,2,24,80,1" hai1="38,47,111,34,5,54,85,37,6,93,28,95,113" hai2="49,45,101,8,73,107,67,43,119,55,61,69,39" hai3="12,98,126,19,118,0,17,22,121,104,42,106,23"/><T123/><D130/><U128/><E128/><V70/><F73/><W99/><G0/><T36/><D80/><U135/><E135/><V78/><F78/><W84/><G118/><T120/><D36/><U77/><E111/><V114/><F114/><W100/><G126/><T4/><D4/><U74/><E113/><V44/><F101/><W52/><G42/><T117/><D1/><U89/><E74/><V32/><F32/><W127/><G127/><T56/><D56/><U15/><E77/><V31/><F31/><W131/><G131/><T79/><D79/><U9/><E5/><V66/><F107/><W30/><G30/><T76/><D97/><U59/><E93/><V132/><F8/><W102/><G84/><T109/><D76/><U94/><E94/><V14/><F14/><W50/><G121/><T11/><D11/><U81/><E95/><V133/><F119/><W108/><G108/><T13/><D2/><U122/><E122/><V58/><F45/><W71/><G71/><T105/><D105/><U26/><REACH who="1" step="1"/><E47/><REACH who="1" ten="250,240,250,250" step="2"/><V75/><F75/><W103/><G103/><T3/><D109/><U68/><E68/><V41/><REACH who="2" step="1"/><F41/><REACH who="2" ten="250,240,240,250" step="2"/><W124/><G124/><T134/><D134/><U82/><E82/><V60/><AGARI ba="0,2" hai="39,43,44,49,55,58,60,61,66,67,69,70,132,133" machi="60" ten="30,16000,3" yaku="1,1,2,1,0,1,9,1,24,2,34,3,53,0" doraHai="116" doraHaiUra="90" who="2" fromWho="2" sc="250,-80,240,-40,240,180,250,-40" /><INIT seed="1,0,0,5,2,59" ten="170,200,420,210" oya="1" hai0="115,8,63,71,87,119,27,118,125,3,134,124,5" hai1="16,127,2,50,0,78,67,12,131,120,93,129,14" hai2="18,80,122,96,95,25,61,111,130,108,128,126,74" hai3="13,55,62,70,11,76,103,57,24,88,69,85,72"/><U52/><E120/><V101/><F122/><W73/><G103/><T37/><D37/><U133/><E78/><N who="2" m="44119" /><F18/><W6/><G24/><T40/><D40/><U19/><E67/><V43/><F25/><W117/><G117/><T23/><D115/><U39/><E39/><V123/><F43/><W90/><G90/><T109/><D87/><U21/><E133/><V31/><F31/><W110/><G110/><N who="2" m="42025" /><F123/><W45/><G45/><T42/><D42/><U77/><E77/><V107/><F126/><N who="0" m="48746" /><D134/><U86/><E127/><V97/><F61/><W114/><G114/><T41/><D41/><U92/><E0/><V28/><F28/><W33/><G33/><T54/><D109/><U60/><E2/><V102/><AGARI ba="0,0" hai="95,96,97,101,102,107,128,130" m="42025,44119" machi="102" ten="30,4000,0" yaku="14,1,34,2" doraHai="59" who="2" fromWho="2" sc="170,-10,200,-20,420,40,210,-10" /><INIT seed="2,0,0,3,4,120" ten="160,180,460,200" oya="2" hai0="84,39,95,41,47,10,123,8,81,54,85,127,16" hai1="102,77,15,7,111,116,45,75,20,12,74,67,115" hai2="18,50,89,0,65,125,87,57,131,17,72,121,56" hai3="134,104,59,61,108,9,68,99,97,55,109,42,86"/><V107/><F72/><W53/><G134/><T44/><D123/><U71/><E115/><V11/><F107/><W25/><G68/><T103/><D127/><U24/><E116/><V38/><F38/><W113/><G113/><T91/><D103/><U118/><E118/><V60/><F131/><W93/><G42/><T117/><D117/><U66/><E102/><V27/><F125/><W98/><G104/><T32/><D32/><U36/><E45/><V96/><F96/><W94/><G9/><T135/><D135/><U46/><E46/><V130/><F130/><W6/><G6/><T133/><D133/><U19/><E36/><V114/><F121/><W69/><G69/><T2/><D2/><U58/><E71/><V28/><F0/><W112/><G112/><T26/><D54/><U90/><E90/><V52/><F11/><N who="0" m="4138" /><D41/><U13/><E7/><V63/><F50/><W3/><G3/><T128/><D39/><U37/><E37/><V4/><F4/><W31/><G53/><T80/><D80/><U88/><E88/><V48/><F48/><W76/><G76/><N who="0" m="46119" /><D128/><U43/><E43/><V70/><F70/><W119/><G119/><T79/><D79/><U34/><E34/><V110/><F114/><W23/><REACH who="3" step="1"/><G86/><REACH who="3" ten="160,180,460,190" step="2"/><T106/><D106/><U29/><E77/><V92/><REACH who="2" step="1"/><F110/><AGARI ba="0,1" hai="23,25,31,55,59,61,93,94,97,98,99,108,109,110" machi="110" ten="40,12000,2" yaku="1,1,2,1,14,1,52,3,53,1" doraHai="120" doraHaiUra="22" who="3" fromWho="2" sc="160,0,180,0,460,-120,190,130" /><INIT seed="3,0,0,1,5,20" ten="160,180,340,320" oya="3" hai0="117,16,84,43,129,98,130,121,0,11,52,128,19" hai1="73,89,105,28,120,38,70,49,47,48,75,21,104" hai2="8,133,42,134,15,103,99,107,127,66,41,12,40" hai3="132,92,101,51,36,33,72,122,118,88,6,26,3"/><W44/><G118/><T67/><D121/><U95/><E120/><V32/><F32/><W9/><G122/><T111/><D117/><U82/><E70/><V112/><F112/><W57/><G72/><T54/><D111/><U74/><E82/><V39/><F127/><W59/><G36/><T91/><D98/><U61/><E61/><V37/><F66/><W115/><G101/><T119/><D119/><U68/><E68/><V114/><F114/><W31/><G132/><N who="2" m="50793" /><F15/><W10/><G10/><T14/><D43/><N who="2" m="11010" /><V64/><DORA hai="135" /><F64/><W50/><G115/><T34/><D67/><U80/><E38/><V96/><F96/><W56/><REACH who="3" step="1"/><G44/><REACH who="3" ten="160,180,340,310" step="2"/><T30/><D0/><U113/><E47/><V13/><F13/><W97/><AGARI ba="0,1" hai="3,6,9,26,31,33,50,51,56,57,59,88,92,97" machi="97" ten="30,18000,2" yaku="1,1,2,1,0,1,52,1,54,1,53,1" doraHai="20,135" doraHaiUra="87,79" who="3" fromWho="3" sc="160,-60,180,-60,340,-60,310,190" /><INIT seed="3,1,0,2,5,23" ten="100,120,280,500" oya="3" hai0="132,22,135,45,19,101,13,107,20,2,32,126,80" hai1="131,6,113,106,44,36,66,125,98,35,82,124,15" hai2="28,67,54,9,121,116,91,56,70,104,14,81,112" hai3="79,92,90,71,117,114,97,96,130,88,34,123,60"/><W10/><G114/><T39/><D32/><U62/><E113/><V5/><F104/><W12/><G117/><T49/><D39/><U4/><E131/><V103/><F103/><W134/><G123/><T51/><D13/><U27/><E82/><V127/><F127/><N who="1" m="48713" /><E15/><V99/><F116/><W58/><G71/><T38/><D2/><U118/><E118/><V74/><F121/><W133/><G34/><T52/><D38/><U46/><E98/><V40/><F40/><W41/><G41/><T37/><D37/><U33/><E106/><V120/><F120/><W83/><G130/><T84/><D126/><U63/><E35/><V17/><F70/><W89/><G97/><N who="0" m="61871" /><D19/><U43/><E46/><V129/><F67/><W95/><G95/><T94/><D94/><U85/><E85/><V47/><F99/><W100/><G79/><T16/><D16/><U0/><E0/><V111/><F112/><W42/><G83/><T21/><D84/><U48/><E36/><V30/><F74/><W64/><REACH who="3" step="1"/><G42/><REACH who="3" ten="100,120,280,490" step="2"/><T110/><D80/><U18/><E33/><V86/><F129/><W26/><G26/><T108/><D51/><U68/><E63/><V53/><F81/><W75/><G75/><T3/><D3/><U128/><E128/><V65/><F86/><W78/><G78/><T93/><D93/><U55/><E43/><V77/><F77/><W105/><G105/><T50/><D50/><U7/><E27/><V29/><F91/><W1/><G1/><T87/><D87/><U115/><E115/><V61/><F14/><W72/><G72/><T11/><D11/><RYUUKYOKU ba="1,1" sc="100,10,120,10,280,-30,490,10" hai0="20,21,22,45,49,52,108,110,132,135" hai1="4,6,7,18,44,48,55,62,66,68" hai3="10,12,58,60,64,88,89,90,92,96,100,133,134" /><INIT seed="3,2,1,3,3,6" ten="110,130,250,500" oya="3" hai0="41,104,27,39,45,93,68,106,59,25,112,124,88" hai1="18,62,63,90,77,131,73,9,134,31,74,15,116" hai2="98,40,14,135,35,50,61,0,113,12,126,115,52" hai3="28,3,23,96,119,110,100,8,66,108,43,92,127"/><W122/><G119/><T118/><D118/><U47/><E116/><V81/><F35/><W65/><G122/><T82/><D68/><U56/><E134/><V70/><F0/><W125/><G43/><T120/><D120/><U91/><E131/><V46/><F135/><W85/><G28/><T21/><D124/><N who="3" m="47689" /><G23/><T17/><D112/><U57/><E31/><V86/><F126/><W16/><G85/><T129/><D129/><U107/><E107/><V117/><F117/><W58/><G3/><T22/><D59/><U33/><E47/><V83/><F83/><W13/><G58/><T60/><D60/><U36/><E33/><V30/><F30/><W101/><G101/><T72/><D82/><U71/><E71/><V20/><F98/><W76/><G76/><T105/><D72/><U2/><E2/><V51/><F12/><W1/><G1/><T55/><D55/><U48/><E77/><V11/><F20/><W99/><G99/><T95/><REACH who="0" step="1"/><D88/><REACH who="0" ten="100,130,250,500" step="2"/><U123/><E123/><V78/><F70/><W34/><G34/><T114/><D114/><U84/><E91/><V5/><F61/><W89/><G89/><T38/><D38/><U64/><E36/><V7/><F7/><W111/><AGARI ba="2,2" hai="8,13,16,65,66,92,96,100,108,110,111" m="47689" machi="111" ten="40,12000,1" yaku="14,1,10,1,18,1,52,1,54,1" doraHai="6" who="3" fromWho="3" sc="100,-42,130,-42,250,-42,500,146" /><INIT seed="3,3,0,2,3,95" ten="58,88,208,646" oya="3" hai0="43,111,30,25,135,33,1,94,2,72,74,87,11" hai1="122,81,16,121,103,67,110,7,62,130,52,73,28" hai2="56,44,108,14,32,75,102,31,127,128,40,126,24" hai3="84,10,5,132,100,58,114,49,21,3,79,65,35"/><W47/><G35/><T0/><D43/><U17/><E110/><V27/><F75/><W46/><G114/><T15/><D111/><U39/><E39/><V42/><F108/><W9/><G132/><T109/><D109/><U125/><E130/><V6/><F128/><W57/><G10/><T106/><D106/><U101/><E28/><V97/><F27/><W54/><G21/><T78/><D135/><U59/><E7/><V71/><F71/><W69/><G69/><T68/><D68/><U82/><E125/><N who="2" m="47627" /><F56/><W23/><G23/><T91/><REACH who="0" step="1"/><D78/><REACH who="0" ten="48,88,208,646" step="2"/><U51/><E121/><V120/><F120/><W76/><G76/><T131/><D131/><U88/><E122/><V134/><F134/><W22/><G79/><T86/><D86/><N who="1" m="50255" /><E73/><V90/><F42/><W55/><G84/><T99/><D99/><U123/><E123/><V93/><F40/><W80/><G3/><T37/><D37/><U63/><E82/><V36/><F36/><W50/><G80/><T116/><D116/><U70/><E70/><V124/><F124/><W118/><G118/><T85/><D85/><U119/><E119/><V129/><F129/><W89/><G55/><T8/><D8/><U112/><E112/><V4/><F97/><W60/><G54/><T98/><D98/><U34/><E67/><V92/><F93/><W53/><G53/><T38/><D38/><U45/><E63/><V18/><F92/><W115/><G60/><T41/><D41/><N who="1" m="25007" /><E34/><V13/><F32/><W104/><G65/><T12/><D12/><U77/><E77/><V113/><F14/><W29/><G115/><RYUUKYOKU ba="3,1" sc="48,15,88,15,208,-15,646,-15" hai0="0,1,2,11,15,25,30,33,72,74,87,91,94" hai1="16,17,52,59,62,101,103" /><INIT seed="4,4,1,2,5,35" ten="63,103,193,631" oya="0" hai0="34,79,99,23,44,72,86,58,105,26,30,27,14" hai1="108,122,88,39,89,16,69,48,103,56,129,65,55" hai2="96,64,51,59,67,112,82,12,85,97,118,31,33" hai3="24,6,42,50,54,83,128,110,38,8,135,43,47"/><T75/><D14/><U15/><E108/><V52/><F112/><W25/><G110/><T121/><D121/><U46/><E122/><V115/><F115/><W40/><G128/><T100/><D44/><U77/><E129/><V36/><F36/><W45/><G135/><T66/><D79/><U1/><E103/><V123/><F118/><W81/><G38/><T71/><D86/><U104/><E104/><V70/><F123/><W116/><G45/><T73/><D58/><U133/><E1/><V94/><F70/><W102/><G102/><T93/><D93/><U53/><E133/><V132/><F132/><W49/><G49/><T111/><D111/><U3/><E3/><V114/><F114/><W60/><G60/><N who="0" m="40391" /><D73/><U22/><E77/><V0/><F0/><W29/><G116/><T20/><D20/><U126/><E126/><V76/><F96/><W134/><G134/><T74/><D74/><U109/><E109/><V90/><REACH who="2" step="1"/><F12/><REACH who="2" ten="63,103,183,631" step="2"/><N who="3" m="5143" /><G24/><AGARI ba="4,2" hai="24,31,33,51,52,59,64,67,76,82,85,90,94,97" machi="24" ten="40,2600,0" yaku="1,1,54,1,53,0" doraHai="35" doraHaiUra="130" who="2" fromWho="3" sc="63,0,103,0,183,58,631,-38" /><INIT seed="5,0,0,3,5,7" ten="63,103,241,593" oya="1" hai0="109,115,33,51,37,103,112,126,58,27,79,67,25" hai1="125,134,87,69,32,44,116,63,110,111,105,36,98" hai2="13,71,10,135,50,84,3,133,76,62,107,6,54" hai3="95,65,74,47,41,23,80,91,66,16,40,83,77"/><U102/><E116/><V20/><F107/><W45/><G80/><T75/><D37/><U96/><E87/><V42/><F71/><W78/><G78/><T60/><D109/><N who="1" m="41483" /><E96/><V1/><F62/><W123/><G123/><T14/><D33/><U117/><E117/><V26/><F42/><W114/><G114/><N who="0" m="43563" /><D126/><U85/><E85/><V108/><F108/><W94/><G45/><T119/><D119/><U0/><E125/><V73/><F73/><W38/><G41/><T130/><D130/><U35/><E134/><N who="2" m="51211" /><F76/><W88/><G94/><T61/><D103/><U30/><E0/><V15/><F84/><W132/><G132/><T9/><D51/><U93/><E93/><V56/><F1/><W8/><G91/><T72/><D61/><U57/><E30/><AGARI ba="0,0" hai="3,6,10,13,15,20,26,30,50,54,56" m="51211" machi="30" ten="30,2000,0" yaku="20,1,52,1" doraHai="7" who="2" fromWho="1" sc="63,0,103,-20,241,20,593,0" /><INIT seed="6,0,0,1,0,107" ten="63,83,261,593" oya="2" hai0="14,129,2,120,35,53,24,62,71,48,57,44,28" hai1="135,112,105,70,61,72,50,60,133,36,19,64,114" hai2="86,31,13,108,58,42,51,96,115,55,99,131,17" hai3="125,43,97,20,89,68,83,18,0,80,110,56,87"/><V23/><F108/><W5/><G68/><T78/><D129/><U79/><E105/><V103/><F115/><N who="1" m="44073" /><E36/><V22/><F131/><W65/><G110/><T37/><D2/><U90/><E90/><V92/><F42/><W15/><G125/><T122/><D78/><U111/><E111/><V109/><F109/><W113/><G43/><T25/><D14/><U11/><E50/><V74/><F74/><W123/><G123/><T66/><REACH who="0" step="1"/><D24/><REACH who="0" ten="53,83,261,593" step="2"/><U38/><E38/><V30/><F86/><W39/><G97/><T88/><D88/><U84/><E84/><V106/><F23/><W119/><G39/><T124/><D124/><U98/><E98/><V128/><F128/><W101/><G119/><T73/><D73/><U34/><E34/><V76/><F76/><W117/><G117/><T41/><AGARI ba="0,1" hai="25,28,35,37,41,44,48,53,57,62,66,71,120,122" machi="41" ten="30,7900,0" yaku="1,1,0,1,24,2,53,0" doraHai="107" doraHaiUra="32" who="0" fromWho="0" sc="53,89,83,-20,261,-39,593,-20" /><INIT seed="7,0,0,0,5,59" ten="142,63,222,573" oya="3" hai0="55,68,39,67,5,72,21,32,119,0,122,18,121" hai1="75,45,85,58,42,37,20,86,111,4,17,117,11" hai2="132,57,103,49,66,106,36,15,123,120,31,40,73" hai3="56,105,118,77,62,13,110,129,29,74,46,44,6"/><W130/><G105/><T127/><D32/><U26/><E117/><V80/><F36/><W7/><G118/><T30/><D72/><U114/><E111/><V113/><F113/><W78/><G110/><T133/><D39/><U134/><E114/><V109/><F132/><W89/><G29/><T87/><D30/><U50/><E134/><V53/><F40/><W91/><G13/><T51/><D127/><U128/><E128/><N who="3" m="49258" /><G46/><T2/><D119/><U64/><E75/><V63/><F31/><W16/><G44/><T102/><D102/><U124/><E124/><V96/><F15/><W35/><G16/><T131/><D131/><U112/><E112/><V33/><F33/><W126/><G35/><T60/><D87/><U71/><E11/><V99/><F99/><W52/><G126/><T34/><D34/><U76/><E76/><N who="3" m="29290" /><G74/><T69/><D69/><U47/><E47/><N who="2" m="27839" /><F73/><W104/><G104/><T70/><D70/><U90/><E4/><AGARI ba="0,0" hai="4,6,7,52,56,62,89,91" m="29290,49258" machi="4" ten="30,5800,0" yaku="19,1,52,1,54,1" doraHai="59" who="3" fromWho="1" sc="142,0,63,-58,222,0,573,58" owari="142,-25.8,5,-49.5,222,2.2,631,73.1" /></mjloggm>