<mjloggm ver="2.3"><GO type="169" lobby="0"/><UN n0="%E3%81%82%E3%82%8B%E8%A8%BC%E6%98%8E%EF%BF%A1" n1="%E6%A8%99" n2="%E3%81%BB%E3%83%BC%E3%82%8A%E3%83%BC" n3="%E3%81%B7%E3%81%B7%E3%81%B7%E3%82%93%E3%81%B7" dan="16,16,17,16" rate="2083.24,2149.92,2250.24,2035.48" sx="M,M,M,M"/><TAIKYOKU oya="0"/><INIT seed="0,0,0,0,1,63" ten="250,250,250,250" oya="0" hai0="4,16,22,55,116,101,70,6,133,53,51,47,87" hai1="3,129,114,46,32,30,19,113,12,7,45,28,91" hai2="100,11,90,109,103,108,122,117,60,58,115,73,112" hai3="82,123,99,110,2,125,52,94,132,81,77,66,79"/><T27/><D116/><U74/><E74/><V131/><F11/><W35/><G35/><T75/><D75/><U15/><E91/><V105/><F73/><W69/><G2/><T64/><D133/><U9/><E46/><V95/><F60/><W104/><G132/><T0/><D101/><N who="2" m="38986" /><F58/><W62/><G104/><T34/><D34/><U128/><E45/><V36/><F36/><W24/><G110/><N who="2" m="42601" /><F105/><W85/><G125/><T119/><D119/><U135/><E135/><V43/><F43/><W13/><G123/><T25/><D25/><N who="1" m="18447" /><E30/><V17/><F17/><W71/><G24/><T93/><D0/><U106/><E106/><V111/><F111/><W80/><G69/><T72/><D72/><U118/><E118/><V120/><F117/><W33/><G33/><T61/><REACH who="0" step="1"/><D55/><REACH who="0" ten="240,250,250,250" step="2"/><U56/><E3/><V88/><F131/><N who="1" m="50249" /><E56/><V130/><F130/><W14/><G52/><T67/><D67/><U126/><E126/><V78/><F78/><W37/><G13/><T121/><D121/><N who="2" m="46698" /><F90/><AGARI ba="0,1" hai="4,6,16,22,27,47,51,53,61,64,70,87,90,93" machi="90" ten="40,7700,0" yaku="1,1,52,1,54,1,53,0" doraHai="63" doraHaiUra="54" who="0" fromWho="2" sc="240,87,250,0,250,-77,250,0" /><INIT seed="0,1,0,0,0,60" ten="327,250,173,250" oya="0" hai0="28,58,12,123,35,37,127,18,74,33,46,87,25" hai1="24,65,54,64,41,70,39,103,95,29,38,116,67" hai2="85,71,134,15,100,42,122,119,14,99,113,5,44" hai3="10,69,59,133,30,34,48,107,23,40,4,111,94"/><T124/><D74/><U53/><E70/><V78/><F122/><W45/><G107/><T55/><D123/><U104/><E104/><V79/><F113/><W19/><G69/><T32/><D87/><U6/><E116/><V3/><F3/><W112/><G112/><T118/><D118/><U68/><E68/><V56/><F71/><W75/><G75/><T114/><D114/><U129/><E129/><V86/><F119/><W21/><G111/><T9/><D46/><U109/><E109/><V11/><F134/><W1/><G133/><T115/><D37/><U126/><E126/><N who="0" m="48169" /><D115/><U83/><E83/><V91/><F85/><W82/><G82/><T120/><D120/><U27/><E6/><V50/><F14/><W73/><G73/><T110/><D110/><U17/><E38/><V125/><F125/><W76/><G76/><T47/><D47/><U13/><E39/><V43/><F43/><W117/><G117/><T2/><D2/><U52/><E41/><V66/><F86/><W77/><G77/><T132/><D132/><U81/><E81/><V92/><REACH who="2" step="1"/><F91/><REACH who="2" ten="327,250,163,250" step="2"/><W108/><G108/><T121/><D121/><U22/><REACH who="1" step="1"/><E29/><REACH who="1" ten="327,240,163,250" step="2"/><V51/><F51/><AGARI ba="1,2" hai="9,12,18,25,28,32,33,35,51,55,58" m="48169" machi="51" ten="30,1500,0" yaku="18,1" doraHai="60" who="0" fromWho="2" sc="327,38,240,0,163,-18,250,0" /><INIT seed="0,2,0,3,1,82" ten="365,240,145,250" oya="0" hai0="121,57,27,51,1,110,36,35,6,117,93,79,135" hai1="66,81,103,2,106,65,69,131,25,22,123,0,39" hai2="13,29,26,86,18,46,84,119,83,63,112,95,32" hai3="104,105,43,122,38,48,90,98,97,77,47,74,94"/><T34/><D121/><U60/><E123/><V108/><F108/><W11/><G122/><T3/><D117/><U53/><E131/><V12/><F119/><W73/><G98/><T130/><D36/><U102/><E39/><V41/><F112/><W33/><G33/><T88/><D79/><U89/><E106/><V61/><F95/><W58/><G73/><T23/><D130/><U80/><E53/><V44/><F12/><W4/><G58/><T134/><D110/><U87/><E65/><V56/><F83/><W71/><G48/><T28/><D57/><U14/><E14/><V114/><F114/><W100/><G71/><T15/><D51/><U116/><E116/><V76/><F76/><W64/><G64/><T19/><D35/><U59/><E69/><V68/><F68/><W78/><G74/><T70/><D70/><U54/><E66/><V92/><F92/><W21/><G21/><T49/><D49/><U16/><REACH who="1" step="1"/><E81/><REACH who="1" ten="365,230,145,250" step="2"/><V124/><F124/><W9/><G105/><T115/><D115/><U40/><E40/><V42/><F42/><W52/><G52/><T125/><D125/><U132/><E132/><N who="0" m="50729" /><D6/><U24/><E24/><V120/><F120/><W72/><G72/><T37/><D37/><U127/><E127/><V111/><F111/><W96/><G4/><T107/><D107/><U128/><E128/><V91/><F41/><W55/><G55/><T109/><D109/><U62/><E62/><V20/><F61/><W75/><G75/><T67/><D67/><U50/><E50/><V31/><F63/><W8/><AGARI ba="2,1" hai="8,9,11,38,43,47,77,78,90,94,96,97,100,104" machi="8" ten="30,1100,0" yaku="0,1" doraHai="82" who="3" fromWho="3" sc="365,-7,230,-5,145,-5,250,27" /><INIT seed="1,0,0,1,2,67" ten="358,225,140,277" oya="1" hai0="104,72,100,19,70,102,21,120,113,34,64,0,84" hai1="15,61,109,54,2,43,39,44,60,112,78,119,93" hai2="128,18,105,90,52,37,115,29,22,111,14,91,20" hai3="95,99,9,17,3,94,28,23,69,116,98,6,103"/><U114/><E119/><V59/><F37/><W1/><G116/><T80/><D113/><U31/><E2/><V81/><F105/><W86/><G1/><T58/><D34/><U33/><E109/><V127/><F115/><W48/><G28/><T12/><D72/><U106/><E106/><V125/><F128/><W7/><G7/><T27/><D0/><U10/><E78/><V135/><F135/><W74/><G74/><T101/><D120/><U49/><E112/><V121/><F121/><W55/><G86/><T11/><D104/><U132/><E114/><V87/><F111/><W97/><G69/><T36/><D36/><U8/><E132/><V83/><F83/><W96/><G94/><T53/><D70/><U66/><E61/><V77/><F125/><W123/><G123/><T117/><D64/><U16/><E93/><V75/><F127/><W118/><G118/><T41/><D41/><U42/><E42/><V5/><F5/><W82/><G82/><T68/><D68/><N who="1" m="42055" /><E31/><V92/><F90/><W56/><REACH who="3" step="1"/><G97/><REACH who="3" ten="358,225,140,267" step="2"/><T79/><D117/><U71/><E71/><V107/><F107/><W122/><G122/><T30/><D102/><U51/><E33/><V110/><F110/><W45/><G45/><T124/><D124/><U62/><E62/><AGARI ba="0,1" hai="11,12,19,21,27,30,53,58,62,79,80,84,100,101" machi="62" ten="30,2000,0" yaku="7,1,8,1" doraHai="67" who="0" fromWho="1" sc="358,30,225,-20,140,0,267,0" /><INIT seed="2,0,0,0,4,61" ten="388,205,140,267" oya="2" hai0="9,59,29,2,133,49,132,47,122,82,78,65,42" hai1="55,125,74,76,50,107,86,87,23,3,84,31,90" hai2="6,130,131,73,101,80,100,24,53,13,96,77,97" hai3="56,85,98,119,106,36,58,63,17,135,48,8,20"/><V72/><F24/><W22/><G119/><T10/><D122/><U0/><E107/><N who="2" m="63879" /><F53/><W110/><G36/><T33/><D2/><U41/><E41/><V38/><F13/><W75/><G17/><T127/><D33/><U117/><E117/><V44/><F44/><W103/><G20/><T21/><D127/><U112/><E125/><V51/><F51/><W7/><G22/><T27/><D65/><U94/><E112/><V4/><F6/><W128/><G8/><T32/><D59/><U57/><E0/><V120/><F4/><W114/><G7/><T69/><D69/><U14/><E3/><V115/><F38/><W45/><G48/><T134/><REACH who="0" step="1"/><D32/><REACH who="0" ten="378,205,140,267" step="2"/><U30/><E74/><AGARI ba="0,1" hai="9,10,21,27,29,42,47,49,74,78,82,132,133,134" machi="74" ten="40,5200,0" yaku="1,1,2,1,20,1,53,0" doraHai="61" doraHaiUra="116" who="0" fromWho="1" sc="378,62,205,-52,140,0,267,0" /><INIT seed="3,0,0,4,4,50" ten="440,153,140,267" oya="3" hai0="127,67,20,29,112,124,101,123,95,52,45,122,82" hai1="113,85,61,40,24,114,135,65,35,63,4,74,88" hai2="7,120,47,58,91,27,48,92,121,21,1,11,75" hai3="80,17,119,93,6,62,73,118,130,81,37,96,53"/><W56/><G130/><T51/><D82/><U109/><E74/><V86/><F75/><W5/><G37/><T107/><D107/><U77/><E135/><V104/><F104/><W72/><G72/><T26/><D67/><U12/><E109/><V105/><F105/><W8/><G119/><T103/><D112/><U39/><E77/><V28/><REACH who="2" step="1"/><F58/><REACH who="2" ten="440,153,130,267" step="2"/><W54/><G118/><T42/><D123/><U100/><E113/><V94/><F94/><W57/><G73/><T116/><D122/><U76/><E114/><V90/><F90/><N who="3" m="55351" /><G81/><T132/><D116/><U0/><E88/><V133/><F133/><W43/><G80/><T23/><D132/><U131/><E100/><V49/><F49/><N who="3" m="30767" /><G43/><AGARI ba="0,1" hai="1,7,11,21,27,28,43,47,48,86,91,92,120,121" machi="43" ten="40,2600,0" yaku="1,1,53,1" doraHai="50" doraHaiUra="34" who="2" fromWho="3" sc="440,0,153,0,130,36,267,-26" /><INIT seed="4,0,0,2,2,104" ten="440,153,166,241" oya="0" hai0="23,21,40,130,114,60,126,9,98,76,17,107,0" hai1="85,49,110,75,102,45,63,39,129,38,5,14,111" hai2="131,12,118,112,34,68,56,70,41,69,33,128,24" hai3="3,67,120,32,36,132,53,94,117,55,13,115,72"/><T25/><D114/><U42/><E129/><N who="2" m="49739" /><F24/><W35/><G94/><T18/><D130/><U116/><E116/><V92/><F92/><W1/><G67/><T77/><D126/><U81/><E102/><V135/><F12/><W61/><G61/><T83/><D40/><U93/><E93/><V127/><F41/><W90/><G90/><T31/><D60/><U123/><E123/><V48/><F112/><W20/><G20/><T134/><D107/><U62/><E110/><V86/><F86/><W122/><G13/><T71/><D71/><U28/><E28/><V47/><F33/><W106/><G106/><T2/><D98/><U79/><E111/><V133/><F34/><W10/><G115/><T74/><D134/><N who="2" m="51210" /><F47/><W44/><G44/><T6/><D76/><U30/><E30/><V73/><F73/><W16/><G72/><T22/><REACH who="0" step="1"/><D0/><REACH who="0" ten="430,153,166,241" step="2"/><U51/><E63/><V105/><F105/><W11/><G132/><T66/><D66/><U125/><E62/><V37/><F37/><W26/><G36/><T54/><D54/><U109/><E38/><V99/><F99/><W121/><G121/><T65/><D65/><U108/><E39/><V19/><F127/><W27/><G117/><T101/><D101/><U95/><E125/><V43/><F43/><W113/><G113/><T7/><D7/><U50/><E109/><V87/><F118/><W96/><G96/><T59/><D59/><U80/><E108/><V58/><F58/><W4/><G4/><T89/><D89/><N who="1" m="51375" /><E95/><V64/><F69/><W124/><G124/><T46/><D46/><U57/><E57/><RYUUKYOKU ba="0,1" sc="430,10,153,10,166,-30,241,10" hai0="2,6,9,17,18,21,22,23,25,31,74,77,83" hai1="5,14,42,45,49,50,51,75,79,80" hai3="1,3,10,11,16,26,27,32,35,53,55,120,122" /><INIT seed="4,1,1,1,2,54" ten="440,163,136,251" oya="0" hai0="36,74,35,86,55,71,39,119,128,83,85,41,117" hai1="47,28,122,82,59,130,131,87,24,77,84,114,6" hai2="32,51,13,11,53,106,4,23,101,72,124,99,133" hai3="49,95,94,88,12,7,22,108,20,102,81,90,58"/><T10/><D35/><U69/><E122/><V21/><F124/><W75/><G108/><T37/><D128/><N who="1" m="49195" /><E69/><V62/><F133/><W0/><G0/><T89/><D71/><U67/><E6/><V92/><F32/><W52/><G75/><T63/><D74/><N who="1" m="43319" /><E47/><V65/><F106/><W126/><G126/><T64/><D55/><U25/><E114/><V17/><F72/><W96/><G81/><T3/><D41/><U111/><E111/><V134/><F134/><W16/><G7/><T78/><D3/><U104/><E104/><V73/><F73/><W98/><G102/><T57/><REACH who="0" step="1"/><D10/><AGARI ba="1,1" hai="10,12,16,20,22,49,52,58,88,90,94,95,96,98" machi="10" ten="30,12000,2" yaku="7,1,9,1,8,1,52,1,54,3" doraHai="54" who="3" fromWho="0" sc="440,-123,163,0,136,0,251,133" /><INIT seed="5,0,0,2,1,58" ten="317,163,136,384" oya="1" hai0="2,92,73,112,117,76,126,22,34,87,84,19,110" hai1="107,43,83,20,54,79,74,99,72,95,90,118,68" hai2="27,133,15,113,69,0,77,67,12,26,1,42,119" hai3="135,101,105,56,6,116,49,21,24,3,33,120,122"/><U25/><E68/><V18/><F77/><W124/><G101/><T78/><D110/><U66/><E118/><V53/><F42/><W131/><G49/><T132/><D117/><U41/><E66/><V14/><F53/><W35/><G56/><T59/><D34/><U47/><E107/><V93/><F93/><W134/><G105/><T50/><D2/><N who="2" m="1130" /><F67/><W51/><G51/><T89/><D126/><U63/><E74/><V28/><F69/><W111/><G111/><T103/><D132/><U57/><REACH who="1" step="1"/><E47/><REACH who="1" ten="317,153,136,384" step="2"/><V82/><F119/><W115/><G116/><T125/><D73/><U4/><E4/><V60/><F133/><W123/><G6/><T38/><D125/><U114/><E114/><V32/><F113/><W80/><G115/><T121/><D121/><U29/><AGARI ba="0,1" hai="20,25,29,41,43,54,57,63,72,79,83,90,95,99" machi="29" ten="20,7800,0" yaku="1,1,0,1,7,1,52,1,53,0" doraHai="58" doraHaiUra="7" who="1" fromWho="1" sc="317,-26,153,88,136,-26,384,-26" /><INIT seed="5,1,0,3,0,121" ten="291,241,110,358" oya="1" hai0="48,22,75,131,92,12,8,17,39,108,2,72,54" hai1="56,70,116,4,13,101,125,127,119,111,44,58,91" hai2="25,6,86,21,90,82,94,120,132,99,24,95,89" hai3="30,59,61,40,123,16,65,3,66,115,33,114,31"/><U73/><E73/><V107/><F120/><W106/><G123/><T23/><D131/><U100/><E70/><V5/><F132/><W112/><G106/><T49/><D39/><U118/><E44/><V93/><F107/><W34/><G3/><T42/><D42/><U68/><E68/><V97/><F94/><W32/><G40/><T104/><D104/><U57/><E91/><V78/><REACH who="2" step="1"/><F24/><REACH who="2" ten="291,241,100,358" step="2"/><W69/><G69/><T46/><D2/><U15/><E111/><V79/><F79/><W87/><G112/><T52/><D108/><U103/><REACH who="1" step="1"/><E4/><REACH who="1" ten="291,231,100,358" step="2"/><V41/><F41/><W81/><G115/><T130/><D130/><U96/><E96/><V124/><F124/><AGARI ba="1,2" hai="13,15,56,57,58,100,101,103,116,118,119,124,125,127" machi="124" ten="50,18000,2" yaku="1,1,29,2,28,2,18,1,53,0" doraHai="121" doraHaiUra="67" who="1" fromWho="2" sc="291,0,231,203,100,-183,358,0" owari="291,-10.9,434,53.4,-83,-58.3,358,15.8" /></mjloggm>