<mjloggm ver="2.3"><GO type="169" lobby="0"/><UN n0="%E3%81%A1%E3%82%83%E3%81%B0%E3%82%8A%E3%83%BC%E3%82%84" n1="%E3%81%B2%E3%81%90%E3%81%A1" n2="%E9%81%8B%E3%81%A7%E5%8B%9D%E3%81%A4" n3="%E9%BB%92%E6%B2%A2%E7%BE%A9%E6%98%8E" dan="16,17,17,17" rate="2119.14,2204.67,2146.09,2216.27" sx="M,M,M,M"/><TAIKYOKU oya="0"/><INIT seed="0,0,0,4,1,28" ten="250,250,250,250" oya="0" hai0="68,127,54,66,129,51,38,34,117,32,8,43,106" hai1="2,4,41,10,21,19,91,110,58,14,111,88,27" hai2="112,122,72,46,59,124,62,25,134,113,52,24,48" hai3="120,56,115,83,13,40,75,39,78,50,15,44,0"/><T89/><D117/><U31/><E41/><V125/><F72/><W47/><G115/><N who="2" m="44105" /><F122/><W30/><G120/><T126/><D106/><U57/><E57/><V23/><F23/><W130/><G130/><T7/><D129/><U5/><E58/><V63/><F24/><W77/><G77/><T108/><D108/><U104/><E104/><V82/><F82/><W92/><G56/><N who="0" m="32863" /><D89/><U95/><E5/><V101/><F25/><W105/><G105/><T11/><D43/><U64/><E64/><V121/><F101/><W71/><G71/><T20/><D20/><U99/><REACH who="1" step="1"/><E91/><REACH who="1" ten="250,240,250,250" step="2"/><V22/><F121/><W84/><G40/><T128/><D128/><U94/><E94/><V116/><F59/><W81/><G92/><T18/><D38/><U85/><E85/><V114/><F114/><W96/><G84/><T79/><D66/><U133/><E133/><V60/><F134/><W76/><G39/><T42/><D42/><U100/><E100/><V132/><F132/><W118/><G47/><T93/><D68/><U80/><E80/><V36/><F36/><W74/><G44/><T90/><D93/><U69/><E69/><V17/><F116/><W119/><G119/><T135/><D135/><U55/><E55/><V53/><F53/><W9/><G118/><T73/><D90/><U67/><E67/><V65/><F65/><W87/><G87/><T107/><D107/><U97/><E97/><V29/><F17/><W109/><G96/><T37/><D37/><U61/><E61/><V33/><F63/><W123/><G123/><T1/><D18/><U35/><AGARI ba="0,1" hai="2,4,10,14,19,21,27,31,35,88,95,99,110,111" machi="35" ten="30,12000,2" yaku="1,1,5,1,0,1,24,2,52,1,54,1,53,0" doraHai="28" doraHaiUra="103" who="1" fromWho="1" sc="250,-60,240,130,250,-30,250,-30" /><INIT seed="1,0,0,4,4,10" ten="190,370,220,220" oya="1" hai0="115,24,70,6,26,93,76,33,32,22,49,111,30" hai1="123,78,59,36,103,61,117,34,126,135,118,114,79" hai2="45,72,94,11,0,47,77,96,92,50,57,112,102" hai3="35,71,28,55,74,120,48,9,15,66,29,85,106"/><U86/><E114/><V116/><F116/><W109/><G120/><T60/><D115/><U134/><E34/><V1/><F112/><W31/><G74/><T64/><D111/><U128/><E36/><V41/><F57/><W23/><G106/><T8/><D76/><U44/><E44/><V20/><F20/><W121/><G121/><T65/><D65/><U58/><E61/><V119/><F119/><W82/><G35/><T88/><D49/><U101/><E86/><V67/><F67/><W90/><G109/><T4/><D24/><U89/><E89/><V108/><F108/><W40/><G40/><T7/><REACH who="0" step="1"/><D8/><REACH who="0" ten="180,370,220,220" step="2"/><U91/><E123/><V95/><F77/><W21/><G66/><T68/><D68/><U42/><E117/><V107/><F72/><W3/><G71/><T132/><D132/><U46/><E79/><V52/><REACH who="2" step="1"/><F11/><REACH who="2" ten="180,370,210,220" step="2"/><W104/><G3/><T51/><D51/><AGARI ba="0,2" hai="0,1,41,45,47,50,51,52,92,94,95,96,102,107" machi="51" ten="40,8000,1" yaku="1,1,2,1,54,1,53,1" doraHai="10" doraHaiUra="99" who="2" fromWho="0" sc="180,-80,370,0,210,100,220,0" /><INIT seed="2,0,0,2,5,97" ten="100,370,310,220" oya="2" hai0="115,60,7,19,55,117,52,70,107,26,46,18,0" hai1="28,105,13,95,109,54,125,63,62,123,42,134,72" hai2="116,88,135,9,99,16,121,36,14,124,65,104,41" hai3="1,79,21,112,30,40,110,22,86,114,74,93,17"/><V89/><F116/><W90/><G1/><T76/><D115/><N who="3" m="44073" /><G110/><T122/><D122/><U61/><E105/><V5/><F121/><W91/><G40/><T84/><D117/><U15/><E123/><V103/><F135/><W101/><G74/><T64/><D107/><U44/><E72/><V3/><F124/><W20/><G30/><T56/><D46/><U111/><E28/><V131/><F131/><W23/><G79/><T77/><D26/><U129/><E54/><V69/><F36/><W127/><G127/><T29/><D29/><U81/><E81/><V106/><F41/><W73/><G73/><T100/><D100/><U113/><E113/><V80/><F80/><W87/><G101/><T2/><D55/><U53/><E53/><V50/><F50/><W92/><G23/><T130/><D0/><U31/><E31/><V10/><REACH who="2" step="1"/><F106/><REACH who="2" ten="100,370,300,220" step="2"/><W12/><AGARI ba="0,1" hai="12,17,20,21,22,86,87,90,91,92,93" m="44073" machi="12" ten="30,1100,0" yaku="11,1" doraHai="97" who="3" fromWho="3" sc="100,-3,370,-3,300,-5,220,21" /><INIT seed="3,0,0,3,4,102" ten="97,367,295,241" oya="3" hai0="51,56,96,5,131,17,42,80,37,62,50,24,72" hai1="64,90,52,104,128,134,33,9,6,25,81,30,61" hai2="53,3,59,133,39,23,113,93,122,126,101,109,71" hai3="77,29,67,16,28,107,34,83,60,32,112,99,48"/><W111/><G112/><T70/><D131/><U97/><E128/><V73/><RYUUKYOKU type="yao9" ba="0,0" sc="97,0,367,0,295,0,241,0" hai2="3,23,39,53,59,71,73,93,101,109,113,122,126,133" /><INIT seed="3,1,0,4,1,97" ten="97,367,295,241" oya="3" hai0="22,135,85,10,65,72,5,8,91,39,36,63,55" hai1="66,75,100,67,77,86,99,17,59,45,73,134,104" hai2="128,84,19,28,0,132,90,32,114,12,109,125,25" hai3="41,47,52,105,127,123,120,112,117,94,18,81,122"/><W51/><G105/><T29/><D72/><U27/><E134/><V44/><F114/><W53/><G112/><T54/><D135/><U108/><E108/><V1/><F132/><W16/><G117/><T129/><D129/><U33/><E45/><V20/><F109/><W126/><G81/><T110/><D110/><U61/><E66/><V92/><F128/><W15/><G18/><T69/><D36/><U43/><E43/><V34/><F34/><W58/><G94/><T46/><D39/><U113/><E113/><V96/><F125/><N who="3" m="47627" /><G58/><T49/><D54/><U60/><E60/><V101/><REACH who="2" step="1"/><F44/><REACH who="2" ten="97,367,285,241" step="2"/><W115/><G115/><T76/><D46/><U74/><E33/><V79/><F79/><W23/><AGARI ba="1,1" hai="15,16,23,41,47,51,52,53,120,122,123" m="47627" machi="23" ten="40,7800,0" yaku="18,1,54,2" doraHai="97" who="3" fromWho="3" sc="97,-27,367,-27,285,-27,241,91" /><INIT seed="3,2,0,4,4,51" ten="70,340,258,332" oya="3" hai0="55,75,50,25,41,62,115,5,56,36,133,88,16" hai1="81,90,33,110,106,83,8,63,70,87,22,44,99" hai2="6,71,131,19,85,0,97,37,93,59,105,13,49" hai3="54,53,116,113,69,43,118,40,126,127,109,23,124"/><W104/><G104/><T128/><D75/><U1/><E33/><V73/><F73/><W135/><G113/><T91/><D36/><U77/><E110/><V67/><F37/><W121/><G121/><T108/><D108/><U30/><E44/><V48/><F131/><W3/><G109/><T74/><D74/><U92/><E106/><V45/><F71/><W76/><G3/><T120/><D120/><U10/><E1/><V7/><F0/><W58/><G76/><T112/><D128/><U103/><E70/><V72/><F72/><W32/><G32/><T29/><D5/><U101/><E63/><N who="2" m="38399" /><F85/><W4/><G4/><T46/><D133/><U61/><E61/><V68/><F49/><W134/><G23/><N who="0" m="13543" /><D29/><U28/><E28/><V57/><F57/><W86/><G86/><T20/><D20/><U94/><E81/><V2/><F68/><W111/><G69/><T102/><D102/><N who="1" m="38923" /><E94/><V9/><F2/><W79/><G79/><T15/><D15/><U80/><E80/><V96/><F105/><W100/><G100/><T114/><AGARI ba="2,0" hai="41,46,50,55,56,62,88,91,112,114,115" m="13543" machi="114" ten="30,7900,0" yaku="11,1,52,1,54,2" doraHai="51" who="0" fromWho="0" sc="70,85,340,-22,258,-22,332,-41" /><INIT seed="4,0,0,5,3,16" ten="155,318,236,291" oya="0" hai0="9,31,56,20,10,42,113,40,21,119,115,72,51" hai1="123,110,61,13,125,18,60,43,95,68,12,49,117" hai2="52,39,92,5,126,26,0,62,33,71,103,44,63" hai3="59,109,99,4,112,23,104,105,122,87,80,84,46"/><T97/><D119/><U11/><E110/><V66/><F126/><W106/><G109/><T81/><D97/><U102/><E117/><V130/><F130/><W129/><G129/><T53/><D72/><U14/><E125/><V90/><F103/><W77/><G112/><N who="0" m="43083" /><D81/><U7/><E123/><V111/><F111/><W100/><G122/><T127/><D127/><U35/><E35/><V133/><F133/><W48/><G4/><T64/><D64/><U132/><E132/><V73/><F73/><W6/><G6/><T69/><D69/><U29/><E29/><V82/><F82/><W45/><G87/><T8/><D31/><U24/><E24/><V55/><F33/><W128/><G128/><T38/><D38/><U19/><E68/><V93/><F26/><W34/><G34/><T116/><D116/><U67/><E67/><V75/><F93/><W36/><G36/><T2/><D2/><U101/><E95/><V118/><F75/><W96/><G96/><T79/><D79/><U1/><E102/><V65/><F118/><W107/><G59/><T17/><D17/><N who="1" m="6155" /><E101/><V76/><F76/><W15/><G99/><T47/><D47/><N who="1" m="25855" /><E1/><V58/><F0/><W131/><G131/><T50/><D50/><U135/><E135/><V94/><F5/><W3/><G100/><T57/><D57/><U37/><E37/><V22/><F39/><W108/><G108/><T78/><D78/><U124/><E124/><V83/><F44/><N who="3" m="17003" /><G48/><T70/><D70/><U120/><E120/><V91/><F71/><W30/><G3/><T134/><D134/><U25/><E7/><RYUUKYOKU ba="0,0" sc="155,30,318,-10,236,-10,291,-10" hai0="8,9,10,20,21,40,42,51,53,56" /><INIT seed="4,1,0,1,3,36" ten="185,308,226,281" oya="0" hai0="54,123,50,97,59,62,103,96,39,31,44,13,74" hai1="101,49,9,14,70,100,51,92,130,121,64,4,76" hai2="79,122,118,20,28,1,7,77,41,45,125,110,75" hai3="117,32,112,78,0,60,128,42,55,90,82,83,109"/><T23/><D123/><U19/><E121/><V94/><F122/><W65/><G109/><T102/><D74/><U106/><E130/><V114/><F110/><W48/><G117/><T30/><D39/><U68/><E106/><V18/><F118/><W134/><G0/><T115/><D115/><U126/><E126/><V80/><F125/><W111/><G32/><T84/><D84/><U105/><E105/><V37/><F114/><W63/><G111/><T2/><D2/><U119/><E119/><V38/><F38/><W10/><G134/><T95/><D13/><U132/><E132/><V15/><F28/><W34/><G34/><T120/><D23/><U6/><E76/><V88/><F79/><W99/><G10/><T129/><D129/><U47/><E51/><V93/><F88/><W85/><G112/><T69/><D69/><U73/><E73/><V16/><F18/><W8/><G8/><AGARI ba="1,0" hai="1,7,8,15,16,20,37,41,45,75,77,80,93,94" machi="8" ten="40,8000,1" yaku="25,2,52,1,54,1" doraHai="36" who="2" fromWho="3" sc="185,0,308,0,226,83,281,-83" /><INIT seed="5,0,0,3,2,53" ten="185,308,309,198" oya="1" hai0="74,111,102,86,57,24,18,124,51,63,80,15,59" hai1="58,29,117,97,33,131,87,67,19,11,66,116,31" hai2="47,103,114,21,69,39,129,96,20,79,98,62,128" hai3="82,25,76,56,30,100,113,42,54,0,44,10,73"/><U46/><E131/><N who="2" m="50251" /><F79/><W7/><G113/><T133/><D111/><U32/><E46/><V89/><F89/><W12/><G100/><T34/><D124/><U35/><E97/><V104/><F98/><W64/><G64/><T28/><D133/><U61/><E67/><N who="2" m="41207" /><F114/><W94/><G94/><T119/><D119/><U6/><E19/><V50/><F39/><W72/><G72/><T26/><D26/><U71/><E71/><V5/><F5/><W84/><G73/><T68/><D74/><U81/><E116/><V122/><F122/><W77/><G77/><T78/><D102/><U17/><E17/><V93/><F104/><W23/><G0/><T37/><D37/><U135/><E135/><V134/><F134/><W115/><G115/><T38/><D38/><U95/><E95/><V110/><F110/><W105/><G105/><T99/><D99/><U48/><E48/><V41/><AGARI ba="0,0" hai="20,21,41,47,50,93,96,103" m="41207,50251" machi="41" ten="30,1100,0" yaku="19,1" doraHai="53" who="2" fromWho="2" sc="185,-3,308,-5,309,11,198,-3" /><INIT seed="6,0,0,2,1,55" ten="182,303,320,195" oya="2" hai0="34,33,1,29,48,66,130,99,56,76,71,63,28" hai1="94,77,100,15,132,62,121,22,109,60,24,110,120" hai2="108,41,83,69,0,68,126,67,81,38,32,105,40" hai3="97,45,3,44,70,124,20,53,128,39,61,27,86"/><V14/><F0/><W117/><G117/><T114/><D1/><U89/><E77/><V106/><F32/><W119/><G119/><T4/><D4/><U102/><E15/><V17/><F126/><W6/><G124/><T50/><D76/><U42/><E42/><V101/><F108/><W115/><G128/><T35/><D130/><U8/><E8/><V133/><F133/><W11/><G115/><T95/><D114/><U78/><E78/><V79/><F101/><N who="1" m="39017" /><E132/><V112/><F112/><W91/><G97/><T30/><REACH who="0" step="1"/><D71/><REACH who="0" ten="172,303,320,195" step="2"/><U129/><E129/><V37/><F79/><W122/><G70/><T31/><N who="0" m="7168" /><DORA hai="103" /><T135/><D135/><U58/><E109/><V125/><F125/><W49/><G3/><T13/><D13/><U113/><E110/><V111/><F111/><W123/><G6/><T2/><D2/><U26/><E113/><V46/><F14/><W88/><G123/><T134/><D134/><U5/><E5/><V127/><F127/><W92/><G122/><T93/><D93/><U10/><E121/><V84/><F84/><W96/><G92/><T104/><D104/><U51/><E120/><V73/><F69/><W57/><G86/><T64/><D64/><U82/><E94/><V21/><F67/><W9/><G96/><T54/><D54/><U98/><E98/><V18/><F68/><W47/><G53/><T118/><D118/><U23/><E82/><V90/><F83/><W16/><G27/><T19/><D19/><U65/><E65/><V107/><F81/><W85/><G85/><T87/><D87/><U12/><E26/><RYUUKYOKU ba="0,1" sc="172,30,303,-10,320,-10,195,-10" hai0="33,34,35,48,50,56,63,66,95,99" /><INIT seed="7,1,1,5,2,49" ten="202,293,310,185" oya="3" hai0="10,30,5,94,47,71,54,19,111,109,102,48,105" hai1="74,90,123,88,112,96,133,34,97,44,43,72,115" hai2="100,134,11,132,57,99,46,106,118,53,125,42,67" hai3="76,120,37,84,55,52,31,4,108,20,60,86,12"/><W32/><G120/><T45/><D105/><U127/><E34/><V116/><F67/><W1/><G37/><T85/><D71/><U3/><E3/><V91/><F125/><W41/><G41/><T73/><D73/><N who="1" m="28267" /><E127/><V2/><F91/><N who="1" m="34857" /><E133/><N who="2" m="51307" /><F11/><N who="3" m="2447" /><G108/><T80/><D30/><U23/><E23/><V92/><F106/><W62/><G62/><T126/><D126/><U17/><E17/><V36/><F2/><W40/><G40/><T113/><D113/><N who="1" m="43595" /><E123/><V130/><F130/><W124/><G124/><T131/><D131/><U35/><E35/><V29/><F29/><W121/><G121/><T128/><D128/><U114/><E114/><V117/><F118/><W93/><G93/><T122/><D122/><U26/><E26/><V16/><F16/><N who="3" m="10247" /><G60/><AGARI ba="1,1" hai="36,42,46,53,57,60,92,99,100,116,117" m="51307" machi="60" ten="30,2000,0" yaku="20,1,52,1" doraHai="49" who="2" fromWho="3" sc="202,0,293,0,310,33,185,-23" owari="202,-19.8,293,9.3,343,44.3,162,-33.8" /></mjloggm>