<mjloggm ver="2.3"><GO type="169" lobby="0"/><UN n0="%E4%BA%9C%E6%9C%88" n1="%E6%95%97%E5%8C%97%E8%80%85%E3%81%AD%E3%82%8B" n2="%E6%84%9B%E3%81%AF%E6%AD%A3%E7%BE%A9" n3="%6C%6E%61%69" dan="17,17,16,16" rate="2191.31,2163.96,2086.41,2049.11" sx="M,F,F,M"/><TAIKYOKU oya="0"/><INIT seed="0,0,0,4,1,94" ten="250,250,250,250" oya="0" hai0="98,33,37,13,66,133,124,20,57,69,112,111,84" hai1="91,125,62,28,119,30,25,11,54,41,8,15,120" hai2="82,45,34,116,38,44,60,3,107,135,105,89,108" hai3="67,118,47,27,127,100,24,106,132,86,73,80,92"/><T97/><D112/><U55/><E119/><V83/><F116/><W123/><G118/><T23/><D33/><U71/><E120/><V76/><F34/><W88/><G127/><T56/><D37/><U110/><E125/><V1/><F135/><W9/><G132/><T0/><D0/><U128/><E110/><V131/><F131/><W61/><G123/><T85/><D124/><U122/><E122/><V109/><F60/><W53/><G9/><T101/><D133/><U26/><E41/><V65/><F89/><W134/><G134/><T115/><D69/><U5/><E91/><V46/><F65/><W113/><G113/><T39/><D39/><U78/><E78/><V7/><F38/><W64/><G64/><T12/><D115/><U2/><E71/><V4/><F46/><W96/><G53/><T87/><D111/><U40/><E40/><V74/><F74/><W129/><G47/><T72/><D72/><U70/><E70/><V52/><REACH who="2" step="1"/><F76/><REACH who="2" ten="250,250,240,250" step="2"/><N who="3" m="44047" /><G129/><T18/><D66/><U90/><E128/><V35/><F35/><W59/><AGARI ba="0,1" hai="24,27,59,61,67,86,88,92,96,100,106" m="44047" machi="59" ten="30,4000,0" yaku="24,1,52,1,54,1" doraHai="94" who="3" fromWho="3" sc="250,-20,250,-10,240,-10,250,50" /><INIT seed="1,0,0,5,4,86" ten="230,240,230,300" oya="1" hai0="83,26,14,1,52,32,28,77,78,103,22,107,104" hai1="21,97,43,115,124,91,31,47,111,20,11,55,114" hai2="5,51,27,15,0,65,93,59,94,8,135,100,29" hai3="19,69,90,45,2,134,48,131,125,80,102,82,64"/><U63/><E124/><V41/><F135/><W121/><G121/><T17/><D103/><U50/><E111/><V44/><F0/><W130/><G2/><T42/><D42/><U87/><E97/><V40/><F40/><W128/><G125/><T34/><D78/><U79/><E79/><V84/><F100/><W53/><G102/><T33/><D1/><U57/><E11/><V132/><F132/><W24/><G134/><T46/><D104/><U12/><E12/><V112/><F112/><W126/><G126/><T61/><D107/><U23/><REACH who="1" step="1"/><E31/><REACH who="1" ten="230,230,230,300" step="2"/><V13/><F13/><W119/><G131/><T72/><D28/><U68/><E68/><V106/><F106/><W66/><G69/><T71/><D14/><U6/><E6/><V92/><F27/><W75/><G130/><T49/><D71/><U118/><E118/><V95/><F29/><W76/><G128/><T56/><D34/><U7/><E7/><V74/><F15/><W73/><G119/><T116/><D116/><U98/><E98/><V30/><F30/><W36/><G24/><T35/><D33/><U81/><AGARI ba="0,1" hai="20,21,23,43,47,50,55,57,63,81,87,91,114,115" machi="81" ten="30,18000,2" yaku="1,1,0,1,52,1,53,3" doraHai="86" doraHaiUra="16" who="1" fromWho="1" sc="230,-60,230,190,230,-60,300,-60" /><INIT seed="1,1,0,1,3,51" ten="170,420,170,240" oya="1" hai0="14,125,105,109,23,29,46,28,126,120,36,43,40" hai1="89,30,78,66,57,95,123,127,76,58,97,135,64" hai2="67,65,32,13,98,110,117,116,101,118,130,35,9" hai3="100,104,56,92,6,18,91,42,113,85,20,53,22"/><U63/><E123/><V38/><F38/><W96/><G113/><T27/><D109/><U133/><E127/><N who="0" m="48649" /><D120/><U71/><E30/><V34/><F110/><W0/><G42/><N who="0" m="22855" /><D105/><U102/><E102/><V55/><F130/><W59/><G59/><T8/><D29/><U74/><E74/><V80/><F80/><W54/><G20/><T88/><D88/><U7/><E7/><AGARI ba="1,0" hai="7,8,14,23,27,28,40,43" m="22855,48649" machi="7" ten="30,1000,0" yaku="18,1" doraHai="51" who="0" fromWho="1" sc="170,13,420,-13,170,0,240,0" /><INIT seed="2,0,0,4,1,47" ten="183,407,170,240" oya="2" hai0="55,111,131,32,21,122,117,40,65,20,38,75,127" hai1="14,22,68,28,70,101,74,18,11,25,41,109,125" hai2="12,116,80,88,134,95,114,60,118,129,6,92,106" hai3="7,43,110,62,50,103,0,1,5,16,133,53,48"/><V78/><F114/><W3/><G110/><T4/><D4/><U93/><E74/><V135/><F60/><W64/><G133/><N who="2" m="50697" /><F6/><W29/><G29/><T123/><D55/><U113/><E109/><V105/><F12/><W52/><G103/><T121/><D65/><U54/><E113/><V66/><F66/><W45/><G43/><T36/><D40/><U30/><E125/><V44/><F44/><W90/><G90/><T10/><D10/><U73/><E73/><N who="2" m="43087" /><F129/><W98/><G98/><T72/><D131/><U81/><E68/><V8/><F95/><W128/><G16/><T42/><D42/><U112/><E70/><V15/><F15/><W63/><G128/><T33/><D122/><U61/><E112/><V58/><F58/><W67/><G0/><T97/><D111/><U115/><E115/><V35/><F35/><W124/><G45/><T126/><D117/><N who="2" m="45162" /><F8/><W130/><G124/><T87/><D33/><U76/><E41/><V46/><F46/><W24/><G130/><T23/><D32/><U79/><E61/><V132/><N who="2" m="50705" /><V119/><N who="2" m="45170" /><DORA hai="99" /><V102/><DORA hai="69" /><F102/><W26/><AGARI ba="0,0" hai="1,3,5,7,24,26,48,50,52,53,62,63,64,67" machi="26" ten="25,12000,2" yaku="0,1,22,2,52,2,54,1" doraHai="47,99,69" who="3" fromWho="3" sc="183,-30,407,-30,170,-60,240,120" /><INIT seed="3,0,0,0,4,3" ten="153,377,110,360" oya="3" hai0="21,18,63,60,32,71,129,74,107,42,45,70,94" hai1="126,134,124,53,24,4,66,29,131,120,28,35,8" hai2="112,119,40,1,116,56,104,15,135,13,23,90,51" hai3="36,26,98,69,10,128,96,117,64,110,41,88,84"/><W102/><G117/><T9/><D107/><U59/><E120/><V43/><F1/><W108/><G128/><T50/><D32/><U57/><E131/><V125/><F112/><W46/><G64/><T48/><D74/><U0/><E134/><V105/><F135/><W78/><G69/><T62/><D129/><U92/><E28/><V61/><F125/><N who="1" m="48233" /><E66/><V72/><F72/><W85/><G26/><T77/><D77/><U55/><E92/><V130/><F130/><W67/><G67/><T30/><D94/><U11/><E11/><V109/><F109/><N who="3" m="42091" /><G102/><T25/><D30/><U20/><E35/><V33/><F33/><W115/><G115/><T5/><REACH who="0" step="1"/><D50/><REACH who="0" ten="143,377,110,360" step="2"/><U118/><E118/><V103/><F51/><W34/><G34/><T6/><D6/><U79/><E79/><V100/><F116/><W106/><G106/><T101/><D101/><U86/><E86/><V73/><F73/><W123/><G123/><T76/><D76/><U89/><E89/><V111/><F119/><W68/><G84/><T27/><D27/><U65/><E29/><V114/><F111/><W93/><G78/><T83/><D83/><U12/><E24/><V91/><F114/><W54/><G85/><T38/><D38/><U82/><E82/><V17/><F104/><W37/><G37/><T127/><D127/><U7/><E7/><V133/><F105/><W80/><G80/><T81/><D81/><U97/><E4/><V31/><F103/><W19/><G93/><T47/><D47/><U16/><E97/><N who="3" m="37482" /><G36/><T132/><D132/><U75/><E75/><V14/><F133/><RYUUKYOKU ba="0,1" sc="143,30,377,-10,110,-10,360,-10" hai0="5,9,18,21,25,42,45,48,60,62,63,70,71" /><INIT seed="4,1,1,1,2,69" ten="173,367,100,350" oya="0" hai0="80,121,52,58,38,54,79,5,129,92,88,95,20" hai1="132,1,55,45,4,41,94,130,101,68,128,6,127" hai2="75,31,107,27,29,39,46,133,90,98,72,86,120" hai3="71,44,65,105,26,73,33,115,104,15,135,64,60"/><T30/><D121/><U40/><E68/><V18/><F120/><W131/><G73/><T89/><D129/><N who="1" m="49771" /><E127/><V0/><F133/><W83/><G131/><T37/><D5/><N who="1" m="2155" /><E1/><V96/><F0/><W19/><G135/><T21/><D30/><U8/><E8/><V13/><F75/><W116/><G116/><T100/><D58/><U113/><E132/><V125/><F72/><W11/><G115/><T67/><D80/><U56/><E113/><V9/><F125/><W42/><G64/><T106/><D67/><U16/><E16/><V117/><F117/><W134/><G134/><T7/><D7/><U43/><E94/><V97/><F107/><W78/><G26/><T50/><D106/><U74/><E101/><V2/><F2/><W102/><G33/><T114/><D114/><U36/><E74/><V93/><REACH who="2" step="1"/><F27/><REACH who="2" ten="173,367,90,350" step="2"/><W108/><G105/><T32/><D32/><U82/><E82/><V12/><F12/><W17/><G104/><T14/><D14/><U53/><E53/><V87/><F87/><W63/><G15/><T51/><D100/><U118/><E118/><V49/><F49/><AGARI ba="1,2" hai="36,40,41,43,45,49,55,56" m="2155,49771" machi="49" ten="30,2000,0" yaku="19,1,52,1" doraHai="69" who="1" fromWho="2" sc="173,0,367,43,90,-23,350,0" /><INIT seed="5,0,0,2,5,128" ten="173,410,67,350" oya="1" hai0="17,90,103,63,40,99,41,1,21,134,76,22,115" hai1="101,54,84,114,129,71,73,111,3,32,88,120,52" hai2="11,122,117,19,0,79,29,20,27,113,127,4,8" hai3="135,72,131,130,56,5,93,36,18,112,16,70,60"/><U80/><E120/><V106/><F106/><W96/><G72/><T57/><D1/><U53/><E3/><V94/><F79/><W50/><G36/><T108/><D108/><U92/><E71/><V58/><F122/><W25/><G112/><T30/><D115/><U2/><E2/><V65/><F117/><W86/><G5/><T78/><D90/><U45/><E114/><V98/><F113/><W64/><G86/><T91/><D91/><U77/><E32/><V38/><F38/><W110/><G110/><T104/><D78/><U35/><E35/><V119/><F119/><W12/><G25/><T15/><D76/><U100/><E129/><N who="3" m="49162" /><G12/><T46/><D46/><U49/><REACH who="1" step="1"/><E111/><REACH who="1" ten="173,400,67,350" step="2"/><V68/><F68/><W6/><G70/><T55/><D30/><U116/><E116/><V43/><F127/><W33/><G33/><T62/><D104/><U118/><E118/><V74/><F74/><W9/><G6/><T44/><D17/><U75/><E75/><V51/><F0/><W123/><G123/><T66/><D22/><U126/><E126/><V133/><F4/><W83/><G18/><T121/><D21/><U105/><E105/><V107/><F107/><W69/><G69/><T47/><D121/><U87/><E87/><V37/><F20/><W125/><G125/><T26/><D99/><U61/><E61/><V67/><F19/><W89/><G16/><T124/><D124/><U59/><E59/><V28/><F58/><W82/><G56/><T24/><D57/><U34/><E34/><V85/><F85/><W81/><G60/><T102/><D63/><RYUUKYOKU ba="0,1" sc="173,-10,400,30,67,-10,350,-10" hai1="45,49,52,53,54,73,77,80,84,88,92,100,101" /><INIT seed="5,1,1,4,2,132" ten="163,430,57,340" oya="1" hai0="1,130,67,52,108,113,95,31,119,114,92,63,74" hai1="24,94,129,3,69,111,60,81,86,16,104,109,76" hai2="106,91,49,64,37,5,15,122,21,43,2,87,11" hai3="102,25,121,127,125,47,99,35,68,75,98,6,79"/><U88/><E3/><V117/><F106/><W53/><G121/><T55/><D108/><N who="1" m="41547" /><E104/><V110/><F110/><W126/><G68/><T103/><D119/><U7/><E7/><V131/><F122/><W83/><G6/><T29/><D1/><U41/><E41/><V10/><F117/><W56/><G47/><T20/><D74/><U18/><E129/><V82/><F131/><W71/><G71/><T118/><D118/><U30/><E60/><V57/><F37/><W78/><G78/><T59/><D130/><U45/><E45/><V134/><F134/><W22/><G35/><T51/><D55/><U17/><E69/><V23/><F64/><W14/><G14/><T66/><D67/><U123/><E123/><V26/><F43/><W42/><G102/><T62/><D62/><U32/><E18/><V93/><F57/><W50/><G42/><T70/><D31/><AGARI ba="1,1" hai="22,25,31,50,53,56,75,79,83,98,99,125,126,127" machi="31" ten="40,8000,1" yaku="18,1,52,3" doraHai="132" who="3" fromWho="0" sc="163,-83,430,0,57,0,340,93" /><INIT seed="6,0,0,3,5,66" ten="80,430,57,433" oya="2" hai0="29,108,90,85,94,112,1,130,8,9,67,88,74" hai1="3,25,64,119,86,133,63,37,19,78,0,5,116" hai2="24,14,95,7,69,128,48,20,65,50,83,101,16" hai3="56,82,134,42,91,105,36,27,113,104,17,103,45"/><V100/><F128/><W68/><G134/><T96/><D130/><U26/><E133/><V121/><F121/><W33/><G68/><T132/><D132/><U120/><E37/><V117/><F117/><W47/><G113/><T129/><D108/><U84/><E120/><V32/><F83/><W15/><G103/><T57/><D74/><U46/><E46/><V53/><F95/><W131/><G131/><T123/><D123/><U34/><E34/><V49/><F53/><W118/><G118/><T4/><D112/><U10/><E78/><V122/><F122/><W77/><G91/><T73/><D73/><U62/><E64/><V40/><F40/><W6/><G47/><T135/><D135/><U51/><E10/><V124/><F124/><W92/><G92/><T102/><D29/><U125/><E51/><V99/><F99/><W44/><G44/><T106/><D129/><U111/><E19/><V59/><F32/><W54/><G6/><T60/><D9/><U93/><E93/><V18/><F7/><W72/><G27/><T76/><D106/><U110/><REACH who="1" step="1"/><E5/><REACH who="1" ten="80,420,57,433" step="2"/><V39/><F39/><W23/><G33/><T35/><D35/><U58/><E58/><V41/><F41/><W126/><G126/><AGARI ba="0,1" hai="0,3,25,26,62,63,84,86,110,111,116,119,125,126" machi="126" ten="25,3200,0" yaku="1,1,22,2,53,0" doraHai="66" doraHaiUra="13" who="1" fromWho="3" sc="80,0,420,42,57,0,433,-32" /><INIT seed="7,0,0,5,5,22" ten="80,462,57,401" oya="3" hai0="99,19,110,6,1,7,78,88,37,25,18,70,65" hai1="21,8,98,112,60,62,95,125,43,68,9,3,35" hai2="96,134,73,40,39,124,114,100,14,16,127,38,32" hai3="55,74,53,84,67,129,101,71,121,50,77,58,122"/><W89/><G129/><T17/><D110/><U105/><E35/><V109/><F109/><W76/><G71/><T79/><D37/><U46/><E105/><V2/><F2/><W4/><G67/><T51/><D1/><U27/><E112/><V48/><F73/><W30/><G4/><N who="0" m="1579" /><D70/><U111/><E3/><V24/><F114/><W56/><G101/><T57/><D25/><U87/><E125/><N who="2" m="48203" /><F134/><W59/><G30/><T28/><D28/><U36/><E111/><V81/><F81/><W33/><G33/><T20/><D20/><U41/><E87/><V130/><F130/><W106/><G106/><T97/><D65/><U119/><E41/><V104/><F48/><W133/><G133/><T52/><D88/><U94/><E119/><V15/><F40/><W75/><G75/><T115/><D115/><U0/><E95/><V49/><F49/><W91/><G91/><T82/><D82/><U123/><E98/><AGARI ba="0,0" hai="17,18,19,51,52,57,78,79,97,98,99" m="1579" machi="98" ten="30,2000,0" yaku="8,1,54,1" doraHai="22" who="0" fromWho="1" sc="80,20,462,-20,57,0,401,0" owari="100,-30.0,442,54.2,57,-44.3,401,20.1" /></mjloggm>