<mjloggm ver="2.3"><GO type="169" lobby="0"/><UN n0="%52%59%4F%40%53%53" n1="%31%74%61" n2="%E3%81%AF%E3%81%9F%E3%82%86%E3%81%86" n3="%E3%81%A9%E3%82%93%E3%81%9F%E3%82%83%E3%82%93" dan="17,17,16,16" rate="2156.30,2235.82,2104.51,2178.29" sx="M,M,M,F"/><TAIKYOKU oya="0"/><INIT seed="0,0,0,3,1,88" ten="250,250,250,250" oya="0" hai0="77,81,41,23,85,42,21,1,49,98,117,66,3" hai1="60,70,95,108,4,106,132,8,37,22,71,36,17" hai2="54,118,73,100,26,104,45,113,134,126,59,86,92" hai3="51,119,121,7,20,109,24,32,58,115,114,120,124"/><T53/><D117/><U28/><E108/><V84/><F113/><N who="3" m="43019" /><G58/><T12/><D66/><U129/><E106/><V2/><F2/><W0/><G51/><T107/><D1/><U105/><E105/><V83/><F118/><W35/><G119/><T135/><D3/><U133/><E129/><V75/><F134/><N who="1" m="51817" /><E28/><V128/><F126/><W30/><G109/><T52/><D135/><U55/><E95/><V80/><F45/><W103/><G103/><T131/><D131/><U64/><E55/><V93/><F128/><W94/><G94/><T79/><D79/><U101/><E101/><V65/><F65/><W122/><G124/><T9/><D98/><U91/><E91/><V96/><F26/><W46/><G46/><N who="0" m="27703" /><D107/><U44/><E44/><V50/><F75/><W39/><G39/><T74/><D53/><U76/><E76/><V78/><F73/><W68/><G68/><T31/><D31/><U90/><E90/><AGARI ba="0,0" hai="50,54,59,78,80,83,84,86,90,92,93,96,100,104" machi="90" ten="30,3900,0" yaku="7,1,52,2" doraHai="88" who="2" fromWho="1" sc="250,0,250,-39,250,39,250,0" /><INIT seed="1,0,0,5,2,22" ten="250,211,289,250" oya="1" hai0="47,52,19,33,129,56,37,110,20,55,31,17,28" hai1="81,135,39,82,27,88,99,77,9,35,46,7,58" hai2="98,34,100,86,61,26,80,50,116,11,128,124,44" hai3="102,85,74,15,14,126,40,63,97,107,70,89,71"/><U66/><E135/><V8/><F116/><W67/><G71/><T72/><D72/><U75/><E66/><V65/><F128/><W64/><G64/><T94/><D110/><U105/><E58/><V83/><F124/><W118/><G126/><T21/><D33/><U2/><E105/><V3/><F3/><W1/><G1/><T78/><D78/><U12/><E12/><V95/><F80/><W6/><G118/><T29/><D129/><U125/><E125/><V101/><F101/><W69/><G69/><T53/><D56/><U16/><E99/><V0/><F0/><W76/><G40/><T132/><D132/><U108/><E108/><V5/><F5/><W92/><REACH who="3" step="1"/><G6/><REACH who="3" ten="250,211,289,240" step="2"/><T42/><D42/><N who="1" m="22879" /><E81/><AGARI ba="0,1" hai="14,15,63,67,70,74,76,81,85,89,92,97,102,107" machi="81" ten="40,5200,0" yaku="1,1,24,2,53,0" doraHai="22" doraHaiUra="4" who="3" fromWho="1" sc="250,0,211,-52,289,0,240,62" /><INIT seed="2,0,0,1,3,134" ten="250,159,289,302" oya="2" hai0="70,85,20,83,31,27,99,63,104,118,58,105,55" hai1="75,1,15,129,66,120,50,126,59,32,114,110,52" hai2="92,132,12,49,91,94,81,46,23,2,14,135,111" hai3="86,76,41,117,16,122,10,109,48,93,133,11,119"/><V7/><F2/><W80/><G122/><T101/><D118/><U19/><E114/><V74/><F111/><W44/><G109/><T69/><REACH who="0" step="1"/><D105/><REACH who="0" ten="240,159,289,302" step="2"/><U108/><E110/><V18/><F135/><W73/><G133/><T112/><D112/><U88/><E108/><V67/><F132/><W24/><G117/><T62/><D62/><U107/><E107/><V131/><F131/><W8/><G119/><T127/><D127/><U130/><E126/><V0/><F0/><W54/><G41/><T77/><AGARI ba="0,1" hai="20,27,31,55,58,63,69,70,77,83,85,99,101,104" machi="77" ten="20,2700,0" yaku="1,1,0,1,7,1,53,0" doraHai="134" doraHaiUra="90" who="0" fromWho="0" sc="240,37,159,-7,289,-13,302,-7" /><INIT seed="3,0,0,2,4,51" ten="277,152,276,295" oya="3" hai0="14,125,91,101,112,32,44,86,123,24,28,131,80" hai1="117,21,81,60,58,76,52,105,103,69,128,127,43" hai2="75,57,22,8,94,72,115,79,10,11,35,50,85" hai3="113,87,56,31,9,107,40,119,36,133,73,61,15"/><W126/><G73/><T54/><D125/><U132/><E127/><V68/><F68/><W102/><G126/><T89/><D131/><U29/><E128/><V49/><F35/><W135/><G113/><T109/><D109/><U118/><E69/><V17/><F115/><W134/><G119/><N who="1" m="45578" /><E132/><V111/><F111/><W90/><G31/><T38/><D101/><U6/><E43/><V27/><F75/><W2/><G2/><T1/><D1/><U108/><E108/><V19/><F72/><W84/><G40/><T47/><D123/><U93/><E6/><V37/><F37/><W124/><G36/><T122/><D122/><U16/><E29/><V12/><F50/><W30/><G30/><T71/><D71/><U7/><E7/><V25/><F25/><W104/><G124/><T83/><D38/><U46/><E46/><V20/><F79/><W26/><G26/><T120/><D120/><U5/><E5/><V74/><F74/><W100/><G100/><T92/><D47/><U67/><E105/><N who="3" m="40522" /><G102/><T18/><D112/><U55/><E81/><V97/><F85/><W33/><G33/><T65/><D80/><U98/><E76/><V95/><F97/><W106/><G106/><T42/><D42/><U48/><E48/><V110/><F110/><W3/><G3/><T23/><D83/><U66/><E66/><V39/><REACH who="2" step="1"/><F39/><REACH who="2" ten="277,152,266,295" step="2"/><W99/><G134/><T13/><D32/><U114/><E114/><V82/><F82/><W64/><G135/><T77/><D77/><U116/><E116/><V59/><F59/><W45/><G133/><T34/><D34/><RYUUKYOKU ba="0,1" sc="277,-15,152,15,266,15,295,-15" hai1="16,21,52,55,58,60,67,93,98,103" hai2="8,10,11,12,17,19,20,22,27,49,57,94,95" /><INIT seed="4,1,1,2,5,59" ten="262,167,281,280" oya="0" hai0="46,34,121,82,95,120,114,12,110,103,50,13,41" hai1="52,112,47,66,107,94,7,30,72,31,38,2,70" hai2="122,132,37,15,32,16,124,8,102,28,3,99,69" hai3="105,26,75,68,119,73,131,21,76,22,88,53,42"/><T91/><D34/><U14/><E107/><V24/><F122/><W117/><G105/><T129/><D114/><U5/><E72/><V40/><F132/><W18/><G42/><T128/><D103/><U67/><E112/><V11/><F124/><W108/><G108/><T62/><D82/><U109/><E109/><V6/><F69/><W44/><G68/><T106/><D106/><U127/><E127/><V96/><REACH who="2" step="1"/><F102/><REACH who="2" ten="262,167,271,280" step="2"/><W58/><G119/><T135/><D135/><U64/><E70/><V98/><F98/><W115/><G117/><T79/><D110/><U84/><E2/><V113/><F113/><W77/><G115/><T125/><D125/><U56/><E38/><V54/><F54/><W85/><G53/><T123/><D123/><U93/><E47/><AGARI ba="1,2" hai="3,6,8,11,15,16,24,28,32,37,40,47,96,99" machi="47" ten="40,8000,1" yaku="1,1,54,1,53,2" doraHai="59" doraHaiUra="4" who="2" fromWho="1" sc="262,0,167,-83,271,103,280,0" /><INIT seed="5,0,0,5,0,124" ten="262,84,374,280" oya="1" hai0="88,69,123,104,76,6,34,74,56,98,51,55,49" hai1="42,13,27,107,133,50,64,90,71,17,60,79,26" hai2="43,106,10,24,130,85,9,83,2,31,40,101,21" hai3="95,100,58,28,86,33,53,29,48,119,113,108,54"/><U115/><E107/><V7/><F130/><W134/><G108/><T116/><D116/><U15/><E115/><V129/><F129/><W99/><G113/><T103/><D34/><U117/><E117/><V122/><F122/><W135/><G119/><T105/><D69/><U114/><E114/><V39/><F39/><W91/><G54/><T120/><D105/><U70/><E133/><N who="3" m="50698" /><G33/><T0/><D6/><U41/><E79/><V19/><F101/><W109/><G109/><T18/><D0/><U44/><E71/><V23/><F10/><W82/><AGARI ba="0,0" hai="28,29,48,53,58,82,86,91,95,99,100" m="50698" machi="82" ten="30,1100,0" yaku="20,1" doraHai="124" who="3" fromWho="3" sc="262,-3,84,-5,374,-3,280,11" /><INIT seed="6,0,0,0,2,3" ten="259,79,371,291" oya="2" hai0="10,68,0,6,61,88,26,72,132,24,32,107,80" hai1="114,9,46,85,75,92,78,5,94,35,34,4,122" hai2="21,83,28,29,27,125,128,49,36,133,77,101,120" hai3="52,99,84,44,63,116,1,42,95,38,115,51,109"/><V54/><F36/><W126/><G109/><T55/><D132/><U117/><E117/><V43/><F120/><W65/><G116/><T18/><D107/><U70/><E70/><V82/><F133/><W7/><G126/><T48/><D32/><U135/><E135/><V47/><F125/><W59/><G115/><T33/><D33/><U16/><E75/><V74/><F128/><W41/><G84/><T8/><D61/><U79/><E114/><V56/><F83/><W73/><G73/><T2/><D68/><U53/><E122/><V76/><F76/><N who="1" m="29225" /><E35/><V30/><REACH who="2" step="1"/><F101/><REACH who="2" ten="259,79,361,291" step="2"/><W104/><G38/><T134/><D134/><U98/><E34/><V19/><F19/><W87/><G104/><T71/><D18/><U96/><E85/><V130/><F130/><W118/><G87/><T90/><D72/><U89/><E53/><V17/><F17/><W119/><G118/><T67/><D55/><U93/><E46/><V31/><F31/><W37/><G119/><T113/><D113/><U23/><E9/><V123/><F123/><W22/><G37/><T14/><D10/><U12/><E93/><V106/><F106/><W86/><G86/><T40/><D8/><U25/><E25/><V39/><AGARI ba="0,1" hai="21,27,28,29,30,39,43,47,49,54,56,74,77,82" machi="39" ten="20,3900,0" yaku="1,1,0,1,7,1,53,0" doraHai="3" doraHaiUra="64" who="2" fromWho="2" sc="259,-13,79,-13,361,49,291,-13" /><INIT seed="6,1,0,0,2,28" ten="246,66,410,278" oya="2" hai0="104,100,39,68,77,90,40,99,76,14,34,18,98" hai1="91,129,17,79,44,8,33,118,78,131,9,81,49" hai2="5,46,53,24,67,92,11,15,117,62,126,134,50" hai3="31,51,10,96,69,127,82,63,66,55,73,47,101"/><V29/><F117/><W1/><G127/><T36/><D68/><U102/><E118/><V128/><F126/><W132/><G132/><T22/><D34/><U48/><E102/><V26/><F134/><W23/><G1/><T32/><D32/><U27/><E91/><V72/><F72/><W21/><G31/><T120/><D120/><U93/><E93/><V7/><F128/><W12/><G82/><T84/><D99/><U135/><E135/><V114/><F114/><W83/><G83/><T52/><D40/><U2/><E2/><V20/><F26/><W115/><G73/><T19/><D39/><U4/><E4/><V122/><F122/><W35/><G35/><T89/><D89/><U105/><E105/><V30/><F92/><W41/><G55/><T86/><D36/><U74/><E81/><V116/><F30/><W61/><G61/><T111/><D111/><U85/><E74/><V59/><F116/><W60/><G60/><T45/><D19/><AGARI ba="1,0" hai="5,7,11,15,19,20,24,29,46,50,53,59,62,67" machi="19" ten="30,2900,0" yaku="7,1,8,1" doraHai="28" who="2" fromWho="0" sc="246,-32,66,0,410,32,278,0" /><INIT seed="6,2,0,4,5,16" ten="214,66,442,278" oya="2" hai0="103,6,125,22,29,135,91,123,41,58,117,134,38" hai1="21,130,108,122,83,17,20,79,48,40,95,78,85" hai2="32,59,4,50,112,101,74,62,3,56,70,68,90" hai3="61,107,93,124,75,64,36,34,7,27,18,45,102"/><V77/><F112/><W24/><G75/><T57/><D123/><U120/><E108/><V89/><F32/><W127/><G107/><T98/><D6/><U14/><E130/><V53/><F101/><W19/><G7/><T119/><D91/><U92/><E79/><V35/><F35/><W44/><G102/><T72/><D72/><U49/><E122/><V118/><F118/><N who="0" m="45066" /><D41/><U54/><E120/><V8/><F77/><W100/><G100/><T126/><D38/><U25/><E40/><V0/><F0/><W2/><G2/><T5/><D5/><U10/><E49/><V30/><F30/><W52/><G93/><N who="0" m="58831" /><D57/><U60/><E60/><V76/><F76/><W26/><G34/><T115/><D58/><U55/><E10/><V33/><F33/><W105/><G105/><T109/><D109/><U43/><E43/><V131/><F74/><W42/><G45/><T97/><D97/><U1/><E1/><V82/><F131/><W86/><G86/><T114/><D22/><U116/><E116/><V28/><F70/><W133/><G42/><T106/><D29/><N who="1" m="17575" /><E55/><V31/><F68/><W47/><G52/><T51/><D51/><U132/><E132/><N who="0" m="50729" /><D106/><U13/><E13/><V111/><F111/><W88/><G133/><T11/><D11/><U65/><E65/><V15/><F3/><W9/><G64/><T87/><D87/><U12/><E12/><V73/><F73/><W110/><G9/><T96/><D96/><U37/><E37/><V113/><F8/><W84/><G110/><T104/><D104/><U39/><E39/><V129/><F4/><RYUUKYOKU ba="2,0" sc="214,15,66,15,442,-15,278,-15" hai0="114,115,125,126" hai1="14,17,21,48,54,78,83,85,92,95" /><INIT seed="7,3,0,0,4,109" ten="229,81,427,263" oya="3" hai0="118,29,86,84,27,111,20,98,16,25,56,102,78" hai1="6,79,134,132,11,127,92,63,10,107,125,26,77" hai2="122,28,19,74,121,51,99,100,22,53,76,23,103" hai3="73,113,38,117,90,115,135,15,83,69,101,91,120"/><W57/><G69/><T55/><D111/><U45/><E107/><V130/><F130/><W106/><G117/><T18/><D118/><U21/><E45/><V123/><F28/><W128/><G120/><T31/><D78/><U14/><E63/><V5/><F5/><W9/><G38/><T46/><D46/><U114/><E92/><V95/><F103/><W67/><G128/><T49/><D86/><U13/><E79/><V30/><F30/><W39/><G39/><T80/><D80/><U3/><E77/><V7/><F7/><N who="3" m="3519" /><G73/><T60/><D84/><U97/><E97/><V24/><F23/><W52/><G67/><T70/><D70/><U104/><E104/><V131/><F131/><W68/><G68/><T47/><D27/><U72/><E72/><V12/><F24/><W112/><G135/><N who="1" m="51754" /><E3/><V93/><F93/><W75/><G83/><T96/><D96/><U50/><E50/><V71/><F71/><W34/><G34/><T0/><D0/><U48/><E48/><V58/><F76/><W33/><G33/><T61/><D61/><U42/><E42/><V124/><F74/><W65/><G65/><T4/><D98/><U129/><E129/><V133/><F133/><W126/><G75/><T17/><D102/><U44/><E44/><V35/><F35/><W89/><G101/><T88/><D88/><U105/><E105/><V87/><F87/><W40/><G106/><T82/><D82/><U108/><E108/><V1/><F1/><W94/><G94/><T37/><D37/><U116/><E116/><V62/><F62/><W32/><G91/><RYUUKYOKU ba="3,0" sc="229,-10,81,-10,427,30,263,-10" hai2="12,19,22,51,53,58,95,99,100,121,122,123,124" owari="219,-18.1,71,-42.9,457,55.7,253,5.3" /></mjloggm>