<mjloggm ver="2.3"><GO type="169" lobby="0"/><UN n0="%E5%8B%98%E5%BC%81%E3%81%97%E3%81%A6%E3%82%88" n1="%E3%83%99%E3%83%AA%E3%83%B3%E3%83%80" n2="%E5%A4%A9%E6%89%8D%E9%BA%BB%E5%B0%86%E6%99%BA%E4%B9%83" n3="%E2%84%83%2D%75%74%65" dan="17,17,16,17" rate="2223.80,2197.31,2151.41,2191.47" sx="M,M,M,M"/><TAIKYOKU oya="0"/><INIT seed="0,0,0,4,4,120" ten="250,250,250,250" oya="0" hai0="118,99,1,23,33,3,83,89,57,133,49,41,112" hai1="2,109,58,31,5,107,52,16,43,65,124,18,106" hai2="92,13,60,123,115,82,25,121,130,100,9,78,134" hai3="98,6,128,104,90,17,68,132,116,47,114,37,74"/><T45/><D112/><U64/><E43/><V48/><F115/><W28/><G17/><T103/><D118/><U38/><E38/><V4/><F130/><W8/><G90/><T86/><D33/><U72/><E72/><V29/><F134/><W102/><G28/><T93/><D133/><U117/><E117/><V135/><F135/><W63/><G114/><T53/><REACH who="0" step="1"/><D23/><REACH who="0" ten="240,250,250,250" step="2"/><U97/><E124/><V108/><F123/><W70/><G116/><T77/><D77/><U76/><E76/><V131/><F78/><W10/><G132/><T14/><D14/><U105/><E2/><V113/><F13/><W119/><G119/><T69/><D69/><U94/><E109/><V71/><F108/><W95/><G70/><T56/><D56/><U75/><E75/><V27/><F71/><W22/><G22/><T127/><D127/><U26/><E58/><V7/><F121/><W85/><G68/><T101/><D101/><U15/><E15/><V39/><F100/><W80/><G102/><T0/><D0/><U125/><E125/><V67/><F113/><W19/><G74/><T46/><D46/><U34/><E34/><V73/><F73/><W110/><G47/><T50/><AGARI ba="0,1" hai="1,3,41,45,49,50,53,57,83,86,89,93,99,103" machi="50" ten="20,3900,0" yaku="1,1,0,1,7,1,53,0" doraHai="120" doraHaiUra="59" who="0" fromWho="0" sc="240,49,250,-13,250,-13,250,-13" /><INIT seed="0,1,0,1,3,86" ten="289,237,237,237" oya="0" hai0="31,1,100,2,48,102,64,132,135,6,113,15,96" hai1="116,32,99,97,104,53,83,36,130,24,59,79,110" hai2="81,9,34,52,3,14,123,13,88,38,7,111,133" hai3="92,94,93,90,55,66,21,54,71,33,73,27,0"/><T128/><D113/><U119/><E36/><V51/><F123/><W126/><G0/><T85/><D64/><U23/><E32/><V77/><F38/><W20/><G126/><T47/><D31/><U70/><E70/><V50/><F111/><W107/><G107/><T98/><D15/><U117/><E104/><V12/><F34/><W127/><G127/><T29/><D29/><U78/><E130/><V61/><F133/><N who="0" m="51274" /><D128/><U30/><E110/><V63/><F51/><W125/><G73/><T109/><D109/><U89/><E99/><N who="0" m="37929" /><D85/><U74/><E74/><V106/><F106/><W68/><G66/><T26/><D26/><U103/><E103/><N who="0" m="39465" /><D6/><U11/><E11/><V19/><F19/><W45/><G27/><T10/><D10/><U105/><E105/><V60/><F50/><W134/><G134/><T67/><D67/><U4/><E4/><V118/><F9/><W62/><G125/><T76/><D76/><U131/><E131/><V16/><F77/><W120/><G33/><T40/><AGARI ba="1,0" hai="1,2,40,47,48" m="39465,37929,51274" machi="40" ten="30,1500,0" yaku="20,1" doraHai="86" who="0" fromWho="0" sc="289,18,237,-6,237,-6,237,-6" /><INIT seed="0,2,0,4,0,9" ten="307,231,231,231" oya="0" hai0="96,61,95,10,40,21,39,25,99,76,63,55,44" hai1="18,62,12,58,32,4,114,131,35,121,103,69,116" hai2="59,23,49,115,11,107,82,1,20,129,33,64,123" hai3="56,127,91,104,86,43,51,36,78,27,42,2,133"/><T106/><D106/><U79/><E116/><V15/><F123/><W29/><G2/><T122/><D122/><U6/><E121/><V66/><F115/><W84/><G104/><T125/><D125/><U31/><E69/><V7/><F33/><W50/><G133/><T37/><D76/><U74/><E103/><V38/><F38/><W88/><G36/><T94/><D37/><U119/><E119/><V105/><F129/><W70/><G70/><T72/><D72/><U34/><E131/><V130/><F130/><W54/><G78/><T90/><D10/><U109/><E109/><V17/><F66/><W97/><G97/><T24/><D55/><U113/><E31/><V53/><F64/><W75/><G75/><T93/><D93/><U110/><E79/><V22/><F82/><W102/><G102/><T41/><D41/><U80/><E80/><V16/><F23/><W14/><G127/><T46/><D46/><U60/><E74/><V87/><REACH who="2" step="1"/><F87/><REACH who="2" ten="307,231,221,231" step="2"/><W98/><G84/><T71/><D71/><U111/><E111/><V132/><F132/><W8/><G86/><T57/><D21/><N who="1" m="11463" /><E110/><V118/><F118/><W120/><G120/><T47/><D39/><U135/><E135/><V134/><F134/><W0/><G98/><T5/><D96/><U26/><E113/><V81/><F81/><W30/><G8/><T128/><D99/><U126/><E114/><V67/><F67/><W101/><G101/><T28/><D128/><U89/><E126/><V73/><F73/><W85/><G85/><T108/><D108/><U112/><E112/><V124/><F124/><RYUUKYOKU ba="2,1" sc="307,-10,231,-10,221,30,231,-10" hai2="1,7,11,15,16,17,20,22,49,53,59,105,107" /><INIT seed="1,3,1,5,1,96" ten="297,221,251,221" oya="1" hai0="87,9,107,63,123,70,40,54,13,15,88,86,117" hai1="19,39,75,119,42,33,49,46,85,17,34,56,37" hai2="41,30,36,105,31,66,77,69,93,135,51,83,22" hai3="43,76,32,97,8,94,112,2,126,24,131,35,89"/><U61/><E75/><V59/><F105/><W74/><G112/><T50/><D117/><U71/><E119/><V16/><F36/><W111/><G111/><T12/><D123/><U109/><E109/><V48/><F69/><W18/><G131/><T114/><D40/><U68/><E85/><V0/><F0/><W92/><G126/><T58/><D87/><U6/><E6/><V99/><F135/><W134/><G134/><T45/><D107/><U53/><E71/><V4/><F4/><W80/><G43/><T90/><D70/><U55/><E39/><V29/><F41/><W25/><G25/><T67/><D90/><U98/><E98/><V110/><F110/><W3/><G3/><T27/><D27/><U78/><E78/><V26/><F59/><W125/><G125/><T103/><D103/><U130/><E130/><V44/><F44/><W38/><G38/><T115/><REACH who="0" step="1"/><D9/><REACH who="0" ten="287,221,251,221" step="2"/><U95/><E95/><AGARI ba="3,2" hai="12,13,15,45,50,54,58,63,67,86,88,95,114,115" machi="95" ten="40,5200,0" yaku="1,1,2,1,54,1,53,0" doraHai="96" doraHaiUra="72" who="0" fromWho="1" sc="287,81,221,-61,251,0,221,0" /><INIT seed="2,0,0,5,4,68" ten="368,160,251,221" oya="2" hai0="3,51,102,11,111,18,103,97,112,127,105,91,22" hai1="124,116,61,76,73,31,95,34,113,21,12,56,48" hai2="129,2,43,132,107,92,98,57,75,110,42,122,117" hai3="78,41,123,45,134,100,66,63,108,55,16,101,60"/><V119/><F122/><W29/><G123/><T64/><D112/><U81/><E113/><V32/><F107/><W77/><G29/><T19/><D111/><U20/><E116/><V86/><F75/><W82/><G108/><T83/><D64/><U65/><E124/><V14/><F2/><W44/><G134/><T106/><D127/><U128/><E128/><V62/><F32/><W109/><G109/><T69/><D69/><U8/><E34/><V114/><F114/><W5/><G5/><T17/><D106/><U94/><E48/><V99/><F132/><W93/><G93/><T0/><D103/><U39/><E39/><V1/><F1/><W47/><G55/><T7/><D3/><U25/><REACH who="1" step="1"/><E21/><REACH who="1" ten="368,150,251,221" step="2"/><V58/><F129/><W38/><G38/><T96/><D51/><U80/><E80/><V4/><F110/><W54/><G82/><T74/><D83/><U46/><E46/><V87/><F119/><W27/><G45/><T115/><D115/><U49/><E49/><V28/><F117/><W30/><G44/><T53/><D22/><U40/><E40/><V88/><F42/><W72/><G47/><T89/><D11/><U118/><E118/><V71/><F43/><W104/><G41/><T84/><D74/><U131/><E131/><V33/><F33/><W35/><G72/><T90/><D84/><U130/><E130/><V10/><F87/><W133/><G35/><T67/><D96/><U79/><E79/><V52/><F99/><W26/><G77/><T36/><D36/><U70/><E70/><V6/><F98/><W9/><G78/><RYUUKYOKU ba="0,1" sc="368,-10,150,30,251,-10,221,-10" hai1="8,12,20,25,31,56,61,65,73,76,81,94,95" /><INIT seed="3,1,1,5,5,101" ten="358,180,241,211" oya="3" hai0="48,120,130,126,59,72,69,90,34,9,103,111,121" hai1="57,65,15,32,135,33,125,44,50,28,22,78,40" hai2="29,24,116,13,2,36,17,26,16,114,100,82,83" hai3="102,113,129,4,62,107,25,81,131,132,95,67,75"/><W128/><G113/><T0/><D90/><U88/><E125/><V117/><F36/><W41/><G132/><T110/><D103/><U64/><E135/><V109/><F100/><W71/><G95/><T104/><D59/><U49/><E78/><V8/><F114/><W21/><G4/><T66/><D48/><U46/><E32/><V84/><F109/><W98/><G41/><T38/><D66/><U134/><E33/><V58/><F2/><W61/><G61/><T112/><D9/><U79/><E79/><V123/><F123/><W80/><REACH who="3" step="1"/><G75/><REACH who="3" ten="358,180,241,201" step="2"/><T51/><D120/><U106/><E134/><V55/><F117/><W74/><G74/><T45/><D111/><U108/><E108/><V89/><F116/><W68/><G68/><T73/><D73/><U86/><E40/><V42/><F42/><W91/><G91/><T63/><D69/><U37/><E88/><V6/><F83/><W99/><G99/><T105/><D72/><U127/><E127/><V76/><F89/><W14/><G14/><T1/><D110/><U53/><E15/><V7/><F7/><W92/><G92/><T115/><D121/><U54/><E86/><V5/><F5/><W85/><G85/><T30/><D126/><U31/><E37/><V118/><F118/><W19/><AGARI ba="1,2" hai="19,21,25,62,67,71,80,81,98,102,107,128,129,131" machi="19" ten="30,11700,0" yaku="1,1,0,1,19,1,52,1,53,0" doraHai="101" doraHaiUra="27" who="3" fromWho="3" sc="358,-40,180,-40,241,-40,201,140" /><INIT seed="3,2,0,0,3,11" ten="318,140,201,341" oya="3" hai0="56,82,34,96,47,15,60,97,135,38,118,45,113" hai1="23,13,86,66,48,128,107,36,91,76,18,103,116" hai2="122,80,106,52,99,12,72,6,57,100,75,0,94" hai3="24,67,93,29,16,73,20,104,46,111,25,64,37"/><W79/><G104/><T117/><D34/><U98/><E36/><V87/><F0/><W31/><G111/><T69/><D135/><U134/><E134/><V90/><F122/><W39/><G79/><T126/><D69/><U74/><E128/><V51/><REACH who="2" step="1"/><F106/><REACH who="2" ten="318,140,191,341" step="2"/><W101/><G37/><T53/><D38/><U125/><E116/><V2/><F2/><W49/><G39/><T119/><D118/><U123/><E123/><V77/><F77/><W120/><G120/><T35/><D119/><U42/><E125/><V127/><F127/><W17/><G73/><T44/><D126/><U88/><E74/><V108/><F108/><W59/><G31/><T131/><D117/><U114/><E114/><V85/><F85/><W84/><G84/><T92/><D113/><U133/><E133/><V30/><F30/><W5/><G29/><T89/><D131/><U9/><E76/><V27/><F27/><W121/><G25/><T61/><D97/><U124/><E124/><V21/><F21/><W78/><G20/><T43/><D35/><U105/><E105/><V70/><F70/><W62/><G24/><T33/><D33/><U63/><E86/><V68/><F68/><W112/><G78/><T83/><D96/><U26/><E26/><V65/><F65/><W7/><G67/><T130/><D130/><U132/><E23/><V81/><F81/><W115/><G121/><T19/><D83/><U50/><E132/><V58/><F58/><W8/><G112/><T1/><D82/><U110/><E110/><V4/><F4/><W28/><G115/><T22/><D1/><RYUUKYOKU ba="2,1" sc="318,-10,140,-10,191,30,341,-10" hai2="6,12,51,52,57,72,75,80,87,90,94,99,100" /><INIT seed="4,3,1,3,4,120" ten="308,130,221,331" oya="0" hai0="108,74,86,119,80,81,44,107,11,125,84,111,6" hai1="9,64,15,57,104,94,60,36,42,78,130,32,103" hai2="59,63,88,37,53,28,133,96,109,17,71,43,79" hai3="31,51,129,29,126,82,116,124,27,93,73,113,89"/><T122/><D107/><U135/><E32/><V115/><F79/><W70/><G116/><T134/><D119/><U23/><E104/><V52/><F71/><W114/><G70/><T46/><D122/><U33/><E33/><V99/><F109/><N who="0" m="42058" /><D125/><N who="3" m="48233" /><G129/><T30/><D134/><U62/><E130/><V117/><F117/><W123/><G123/><T38/><D30/><N who="3" m="11273" /><G27/><T4/><D4/><U0/><E135/><V3/><F28/><W18/><G18/><T75/><D38/><U12/><E36/><V102/><F133/><W24/><G24/><T8/><D81/><U118/><E118/><V34/><F34/><W112/><G51/><T95/><D95/><U39/><E94/><V67/><F3/><W76/><G113/><T41/><D41/><U105/><E42/><V121/><F115/><W110/><G110/><T91/><D86/><AGARI ba="3,1" hai="73,76,82,86,89,93,112,114" m="11273,48233" machi="86" ten="30,1000,0" yaku="18,1" doraHai="120" who="3" fromWho="0" sc="308,-19,130,0,221,0,331,29" /><INIT seed="5,0,0,4,0,34" ten="289,130,221,360" oya="1" hai0="96,70,118,88,20,68,7,46,59,112,105,84,33" hai1="114,72,83,134,39,54,81,124,90,41,125,85,110" hai2="89,100,6,86,129,73,48,103,15,77,98,78,51" hai3="121,61,23,30,37,135,31,13,55,123,52,99,104"/><U29/><E29/><V28/><F129/><W58/><G37/><T115/><D33/><U47/><E114/><N who="0" m="43561" /><D118/><U109/><E134/><V107/><F103/><W116/><G135/><T93/><D46/><U24/><E24/><V108/><F108/><N who="1" m="41577" /><E54/><V95/><F28/><W69/><G69/><T42/><D42/><U94/><E72/><V92/><F107/><W131/><G131/><T122/><D122/><U127/><AGARI ba="0,0" hai="39,41,47,81,83,85,90,94,124,125,127" m="41577" machi="127" ten="40,3900,0" yaku="18,1,10,1" doraHai="34" who="1" fromWho="1" sc="289,-13,130,39,221,-13,360,-13" /><INIT seed="5,1,0,2,1,126" ten="276,169,208,347" oya="1" hai0="93,42,96,122,0,74,82,59,14,7,73,81,76" hai1="103,32,11,77,45,26,102,52,130,3,111,29,101" hai2="34,22,116,15,53,1,8,133,99,57,50,66,48" hai3="55,10,117,128,123,124,100,85,118,25,20,94,27"/><U69/><E69/><V12/><F34/><W5/><G123/><T114/><D0/><U16/><E111/><V31/><F116/><W30/><G124/><T62/><D114/><U121/><E121/><V87/><F133/><W80/><G55/><T70/><D70/><U132/><E132/><V64/><F1/><W108/><G108/><T106/><D106/><U68/><E68/><V28/><F99/><W9/><G128/><T115/><D115/><U109/><E109/><V84/><F22/><W98/><G27/><T92/><D42/><U86/><E130/><V91/><F91/><W75/><G75/><T23/><D122/><U6/><E16/><V24/><F24/><W35/><G35/><T33/><D33/><U97/><E86/><V83/><F53/><W72/><G72/><T54/><D96/><U37/><E77/><V79/><F79/><N who="3" m="46239" /><G5/><T61/><D74/><U65/><E65/><V71/><F71/><W107/><G107/><T89/><D73/><U135/><E135/><V18/><F18/><W60/><G60/><T90/><D76/><U51/><REACH who="1" step="1"/><E37/><REACH who="1" ten="276,159,208,347" step="2"/><V58/><F83/><W41/><G10/><AGARI ba="1,1" hai="8,10,12,15,28,31,48,50,57,58,64,66,84,87" machi="10" ten="25,3200,0" yaku="22,2,8,1" doraHai="126" who="2" fromWho="3" sc="276,0,159,0,208,45,347,-35" /><INIT seed="6,0,0,4,3,22" ten="276,159,253,312" oya="2" hai0="119,7,65,14,10,3,127,122,15,66,47,114,51" hai1="30,71,128,109,75,116,38,61,129,12,43,9,90" hai2="67,79,34,28,13,120,11,53,104,124,73,98,97" hai3="86,39,77,46,112,41,48,102,106,8,50,87,96"/><V89/><F120/><W131/><G131/><T126/><D122/><U23/><E75/><V17/><F124/><N who="0" m="47658" /><D114/><U42/><E109/><V135/><F135/><W16/><G112/><T107/><D107/><U55/><E116/><V133/><F133/><W59/><G77/><T5/><D119/><U101/><E101/><V37/><F37/><W113/><G113/><T134/><D134/><U78/><E78/><V123/><F123/><W95/><G106/><T74/><D74/><U84/><E38/><V118/><F118/><W25/><G39/><T69/><D7/><U94/><E128/><V20/><F67/><N who="0" m="25610" /><D69/><U76/><E76/><V132/><F132/><W27/><G59/><T82/><D82/><U63/><E129/><V29/><F104/><W56/><G56/><T31/><D31/><U80/><E80/><V40/><F40/><AGARI ba="0,0" hai="3,5,10,14,15,40,47,51" m="25610,47658" machi="40" ten="30,1000,0" yaku="18,1" doraHai="22" who="0" fromWho="2" sc="276,10,159,0,253,-10,312,0" /><INIT seed="7,0,0,5,1,63" ten="286,159,243,312" oya="3" hai0="19,62,14,92,49,43,116,108,70,68,55,13,134" hai1="54,82,6,109,130,18,29,67,52,85,16,11,101" hai2="83,107,102,117,23,96,71,132,64,122,78,46,88" hai3="34,93,129,120,28,9,15,45,97,128,99,125,106"/><W112/><G120/><T111/><D116/><U48/><E109/><V17/><F117/><W66/><G112/><T21/><D134/><U113/><E113/><V80/><F132/><W74/><G74/><T69/><D43/><U36/><E36/><V12/><F122/><W5/><G125/><T24/><D92/><U118/><E118/><V1/><F1/><W123/><G123/><T42/><D42/><U30/><E101/><V4/><F4/><W47/><G66/><T56/><D14/><N who="1" m="5495" /><E130/><N who="3" m="50282" /><G106/><T91/><D91/><N who="1" m="51639" /><E54/><V31/><F46/><N who="3" m="17419" /><G93/><T105/><D105/><U124/><E124/><V90/><F31/><N who="1" m="11785" /><E67/><V95/><F83/><W81/><G81/><T33/><D33/><U119/><E119/><V50/><F50/><W114/><G114/><T89/><D49/><U94/><E94/><V2/><F2/><W57/><G57/><AGARI ba="0,0" hai="16,18,48,52,57" m="11785,51639,5495" machi="57" ten="30,3900,0" yaku="8,1,54,2" doraHai="63" who="1" fromWho="3" sc="286,0,159,39,243,0,312,-39" /><INIT seed="8,0,0,5,4,11" ten="286,198,243,273" oya="0" hai0="67,39,105,58,79,23,55,8,4,119,127,29,77" hai1="109,42,56,121,69,18,93,85,83,54,70,91,133" hai2="20,19,95,72,25,99,27,5,2,68,128,7,53" hai3="81,24,12,64,111,6,78,75,90,76,84,0,132"/><T113/><D105/><U45/><E133/><V15/><F72/><W112/><G111/><T135/><D39/><U46/><E121/><V37/><F68/><W51/><G0/><T61/><D113/><U117/><E117/><V80/><F37/><W107/><G107/><T43/><D119/><U34/><E34/><V21/><F128/><W30/><G64/><T115/><D115/><U50/><E109/><V120/><F2/><W44/><G132/><T28/><D43/><U14/><E83/><V86/><F53/><W32/><G112/><T100/><D100/><U26/><E26/><V125/><F125/><W82/><G6/><T131/><D131/><U66/><E66/><V118/><F27/><W126/><G126/><T97/><D135/><U101/><E101/><V129/><F129/><W1/><G1/><T17/><D97/><U33/><E33/><V122/><F122/><W36/><G36/><T116/><D116/><U104/><E104/><V9/><F120/><W94/><G12/><N who="0" m="5127" /><D127/><U92/><E92/><V49/><F49/><W88/><G94/><T89/><D89/><U41/><E41/><AGARI ba="0,0" hai="24,30,32,41,44,51,75,76,78,81,82,84,88,90" machi="41" ten="30,2000,0" yaku="7,1,54,1" doraHai="11" who="3" fromWho="1" sc="286,0,198,-20,243,0,273,20" /><INIT seed="9,0,0,5,1,14" ten="286,178,243,293" oya="1" hai0="126,4,70,87,21,89,23,96,107,54,12,28,82" hai1="63,30,119,100,103,120,52,99,27,46,7,25,118" hai2="37,113,38,135,97,45,29,77,58,116,39,16,13" hai3="101,64,26,92,66,41,98,109,11,18,130,115,43"/><U69/><E120/><V68/><F68/><W20/><G109/><T44/><D70/><U90/><E7/><V121/><F121/><W49/><G130/><T61/><D126/><U48/><E90/><V85/><F29/><W67/><G115/><T56/><D107/><U71/><E27/><V94/><F113/><W65/><G65/><T9/><D28/><U51/><E51/><V24/><F24/><W10/><G49/><T47/><D96/><U8/><E8/><AGARI ba="0,0" hai="8,10,11,18,20,26,41,43,64,66,67,92,98,101" machi="8" ten="40,2600,0" yaku="8,1,52,1" doraHai="14" who="3" fromWho="1" sc="286,0,178,-26,243,0,293,26" owari="286,8.6,152,-34.8,243,-15.7,319,41.9" /></mjloggm>