<mjloggm ver="2.3"><GO type="169" lobby="0"/><UN n0="%E6%81%8B%E3%81%AE%E3%81%86%E3%81%9F" n1="%43%55%4B%45%59" n2="%6F%79%6D%32%30%4E%4F%56" n3="%E5%A4%95%E5%87%AA" dan="17,16,16,17" rate="2256.40,2052.54,2146.62,2077.56" sx="M,M,M,M"/><TAIKYOKU oya="0"/><INIT seed="0,0,0,4,1,72" ten="250,250,250,250" oya="0" hai0="92,21,71,100,60,89,110,102,43,131,8,19,86" hai1="13,118,69,109,67,132,47,49,18,41,107,94,62" hai2="10,34,124,24,78,88,90,27,123,25,58,3,12" hai3="29,91,104,46,61,111,32,33,115,73,54,63,5"/><T106/><D131/><U2/><E118/><V93/><F123/><W117/><G104/><T68/><D43/><U126/><E109/><V11/><F124/><W65/><G29/><T70/><D110/><U76/><E132/><V83/><F34/><W133/><G115/><T64/><D8/><U42/><E107/><V52/><F3/><W22/><G22/><T9/><D9/><U36/><E2/><V97/><F90/><W120/><G73/><T84/><D84/><U35/><E35/><V57/><F57/><W1/><G120/><T113/><D113/><U59/><E126/><V51/><REACH who="2" step="1"/><F12/><REACH who="2" ten="250,250,240,250" step="2"/><W99/><G33/><T79/><D71/><U40/><E13/><V128/><F128/><W55/><G32/><T98/><D68/><U80/><E18/><V119/><F119/><W130/><G1/><T30/><D30/><U121/><E121/><V56/><F56/><W26/><G130/><T77/><REACH who="0" step="1"/><D100/><REACH who="0" ten="240,250,240,250" step="2"/><U50/><E69/><V103/><F103/><W16/><G111/><T85/><D85/><AGARI ba="0,2" hai="10,11,24,25,27,51,52,58,78,83,85,88,93,97" machi="85" ten="40,16000,3" yaku="1,1,8,1,52,1,54,2,53,3" doraHai="72" doraHaiUra="23" who="2" fromWho="0" sc="240,-160,250,0,240,180,250,0" /><INIT seed="1,0,0,2,4,25" ten="80,250,420,250" oya="1" hai0="53,54,116,133,52,117,64,15,114,2,104,77,62" hai1="96,49,21,38,7,46,71,68,3,56,69,90,17" hai2="59,32,63,58,28,36,93,70,122,57,43,99,75" hai3="85,34,14,102,41,82,61,76,108,92,30,115,113"/><U134/><E134/><V112/><F122/><W135/><G108/><T51/><D2/><U24/><E38/><V98/><F75/><W72/><G135/><T45/><D104/><U78/><E78/><V89/><F112/><W80/><G41/><T132/><D15/><U55/><E3/><V101/><F36/><W40/><G40/><T27/><D27/><U22/><E7/><V129/><F43/><W128/><G14/><T119/><D77/><U127/><E127/><V0/><F0/><W106/><G61/><T26/><D26/><U118/><E118/><V91/><F129/><W126/><G34/><T110/><D114/><U121/><E22/><V97/><F97/><N who="3" m="61775" /><G82/><T13/><D13/><U100/><E121/><V1/><F1/><W125/><G30/><T95/><D95/><U11/><E90/><V42/><F42/><W86/><G85/><T81/><D81/><U33/><E11/><V94/><F70/><W60/><G60/><T5/><D5/><U109/><E109/><V39/><F39/><W10/><G10/><T44/><D110/><U67/><E33/><V48/><F48/><W19/><G19/><T74/><D74/><U20/><E20/><V130/><F28/><W73/><G73/><T103/><D103/><U6/><E6/><V65/><F101/><W35/><G35/><T79/><D79/><U66/><REACH who="1" step="1"/><E56/><REACH who="1" ten="80,240,420,250" step="2"/><N who="2" m="37095" /><F32/><W87/><G72/><T124/><D124/><N who="3" m="47721" /><G128/><T31/><D133/><U8/><E8/><V37/><F37/><W84/><G115/><T4/><D132/><U131/><E131/><V47/><F130/><W23/><G113/><RYUUKYOKU ba="0,1" sc="80,-15,240,15,420,15,250,-15" hai1="17,21,24,46,49,55,66,67,68,69,71,96,100" hai2="47,57,58,59,89,91,93,94,98,99" /><INIT seed="1,1,1,3,0,44" ten="65,255,435,235" oya="1" hai0="34,92,49,123,46,16,83,86,132,108,20,98,39" hai1="4,17,21,13,65,109,7,102,127,22,71,59,57" hai2="60,32,35,122,81,87,18,88,55,62,47,85,96" hai3="72,10,29,66,38,130,36,69,67,116,89,73,78"/><U70/><E109/><V104/><F122/><W105/><G105/><T25/><D108/><U42/><E127/><V93/><F104/><W80/><G130/><T114/><D132/><U120/><E120/><V31/><F35/><W124/><G124/><T103/><D123/><U58/><E42/><V45/><F32/><W68/><G10/><T27/><D39/><U19/><E65/><V37/><F31/><W28/><G89/><T112/><D34/><U52/><E102/><V23/><F37/><W131/><G80/><T101/><D25/><U0/><E0/><V90/><F87/><W50/><G78/><T63/><D63/><N who="2" m="24106" /><F55/><W97/><G97/><T128/><D128/><U30/><E30/><V111/><F111/><W3/><G3/><T9/><D103/><U15/><E59/><V53/><F53/><AGARI ba="1,1" hai="4,7,13,15,17,19,21,22,52,53,57,58,70,71" machi="53" ten="25,4800,0" yaku="22,2,54,1" doraHai="44" who="1" fromWho="2" sc="65,0,255,61,435,-51,235,0" /><INIT seed="1,2,0,3,2,92" ten="65,316,384,235" oya="1" hai0="30,1,72,62,73,3,49,101,114,36,127,31,68" hai1="2,0,39,100,67,96,82,95,122,20,132,59,41" hai2="51,120,38,126,115,22,42,4,112,28,110,9,19" hai3="63,52,89,46,76,133,69,6,64,134,86,60,18"/><U121/><E132/><V21/><F38/><W85/><G6/><T47/><D114/><U26/><E122/><V13/><F42/><W45/><G76/><T10/><D127/><U105/><E121/><V54/><F120/><W55/><G18/><T97/><D36/><U14/><E105/><V131/><F110/><W16/><G16/><T113/><D113/><N who="2" m="43594" /><F131/><W56/><G89/><T119/><D119/><U44/><E14/><N who="2" m="5415" /><F126/><W66/><REACH who="3" step="1"/><G56/><REACH who="3" ten="65,316,384,225" step="2"/><T61/><D1/><U129/><E129/><V103/><F28/><W128/><G128/><T104/><D30/><N who="1" m="17735" /><E82/><V58/><F103/><W15/><G15/><T77/><D101/><U81/><E81/><V33/><F33/><W78/><G78/><T12/><D3/><U34/><E34/><V37/><F22/><W84/><G84/><T74/><D74/><U90/><E90/><V40/><F21/><W94/><G94/><T70/><D72/><U102/><E102/><V8/><F19/><W117/><G117/><T11/><D73/><U35/><E35/><V48/><F13/><W43/><G43/><T71/><D31/><U5/><E5/><V130/><F130/><W32/><G32/><T75/><D75/><U50/><E0/><V108/><F40/><W88/><G88/><T99/><D77/><U24/><E2/><V109/><F109/><W83/><G83/><T53/><D104/><U23/><E39/><V29/><F108/><W124/><G124/><T106/><D106/><U7/><E7/><V65/><F37/><W79/><G79/><T111/><D111/><U125/><E125/><V135/><F29/><RYUUKYOKU ba="2,1" sc="65,-10,316,-10,384,-10,225,30" hai3="45,46,52,55,60,63,64,66,69,85,86,133,134" /><INIT seed="2,3,1,4,5,12" ten="55,306,374,255" oya="2" hai0="88,87,131,95,10,47,93,6,97,90,41,120,20" hai1="5,69,99,130,108,133,62,121,134,53,51,49,124" hai2="106,100,35,94,96,26,70,45,101,85,80,125,16" hai3="83,79,89,109,59,132,3,11,103,58,78,42,63"/><V1/><F125/><W14/><G109/><T114/><D131/><U27/><E108/><V123/><F123/><W9/><G132/><N who="1" m="50794" /><E5/><V36/><F70/><W56/><G103/><T110/><D110/><U40/><E99/><V135/><F1/><W113/><G113/><T29/><D120/><U104/><E104/><V4/><F4/><W115/><G115/><T28/><D114/><U64/><E27/><V67/><F67/><W66/><G9/><T0/><REACH who="0" step="1"/><D20/><REACH who="0" ten="45,306,374,255" step="2"/><U74/><E121/><V44/><F135/><W102/><G3/><T18/><D18/><U84/><E130/><V92/><F16/><W15/><G15/><T116/><D116/><U76/><E74/><V22/><F22/><W55/><G14/><T38/><AGARI ba="3,2" hai="0,6,10,28,29,38,41,47,87,88,90,93,95,97" machi="38" ten="20,5200,0" yaku="1,1,0,1,7,1,54,1,53,0" doraHai="12" doraHaiUra="119" who="0" fromWho="0" sc="45,81,306,-16,374,-29,255,-16" /><INIT seed="3,0,0,3,3,135" ten="126,290,345,239" oya="3" hai0="53,1,96,125,65,108,11,46,33,121,67,91,128" hai1="73,129,100,74,49,28,43,79,112,82,12,8,60" hai2="93,90,115,10,76,134,95,52,132,2,44,61,13" hai3="113,57,19,72,27,101,97,117,5,109,126,105,80"/><W88/><G113/><T110/><D33/><U18/><E129/><V103/><F2/><W89/><G117/><T106/><D121/><U29/><E112/><V119/><F119/><W35/><G5/><T55/><D106/><U47/><E73/><V48/><F76/><W69/><G109/><N who="0" m="42091" /><D96/><U122/><E122/><V133/><F115/><W120/><G120/><T0/><D91/><U123/><E123/><V4/><F103/><W17/><G69/><T98/><D98/><U78/><E100/><V22/><F90/><W56/><G89/><T26/><D26/><U24/><E79/><V102/><F102/><W39/><G39/><T104/><D11/><U25/><E60/><V87/><F87/><W118/><G126/><T116/><D116/><U7/><REACH who="1" step="1"/><E25/><REACH who="1" ten="126,280,345,239" step="2"/><V124/><F61/><W94/><G118/><T58/><D128/><U16/><E16/><V50/><F132/><W30/><G17/><T6/><D6/><U70/><E70/><V36/><F4/><W23/><G72/><T81/><D104/><U34/><E34/><V127/><F133/><W131/><G131/><T62/><D62/><U86/><E86/><V40/><F134/><W54/><G105/><T92/><D65/><U45/><E45/><V15/><F44/><W130/><G130/><T9/><D46/><U3/><E3/><V99/><F99/><W77/><G101/><T31/><D1/><U84/><E84/><V38/><F127/><W51/><G57/><T75/><D58/><U42/><E42/><V83/><F124/><W21/><G19/><T59/><D125/><U66/><E66/><RYUUKYOKU ba="0,1" sc="126,-15,280,15,345,-15,239,15" hai1="7,8,12,18,24,28,29,43,47,49,74,78,82" hai3="21,23,27,30,35,51,54,56,77,80,88,94,97" /><INIT seed="3,1,1,2,5,37" ten="111,295,330,254" oya="3" hai0="16,66,50,77,73,69,51,76,132,0,104,128,100" hai1="98,113,13,90,2,23,116,82,42,62,108,57,18" hai2="91,34,38,63,93,68,31,1,55,14,8,10,7" hai3="36,121,83,89,97,20,39,22,106,9,28,59,21"/><W64/><G121/><T46/><D0/><U65/><E113/><V40/><F34/><W70/><G70/><T101/><D128/><U53/><E108/><V119/><F31/><W4/><G28/><T45/><D69/><U6/><E116/><V120/><F119/><W58/><G58/><T61/><D132/><U74/><E2/><V72/><F72/><W103/><G89/><T41/><D104/><U133/><E133/><V117/><F117/><W27/><G83/><T109/><D109/><U127/><E127/><V96/><F120/><W123/><G27/><T54/><D73/><U24/><E74/><V135/><F135/><W5/><G5/><T30/><D30/><U88/><E65/><V78/><F78/><W48/><G123/><T19/><D66/><U71/><E71/><V81/><F81/><W67/><G67/><T33/><D61/><U56/><E56/><V134/><F55/><W52/><REACH who="3" step="1"/><G64/><REACH who="3" ten="111,295,330,244" step="2"/><T26/><D33/><U114/><E82/><V43/><F134/><W130/><G130/><T60/><D60/><U92/><E114/><V15/><F63/><W131/><G131/><T110/><D110/><U94/><E6/><N who="2" m="3351" /><F68/><W122/><G122/><T85/><D26/><U105/><E24/><V80/><F7/><W125/><G125/><T3/><D3/><AGARI ba="1,2" hai="3,4,9,20,21,22,36,39,48,52,59,97,103,106" machi="3" ten="40,3900,0" yaku="1,1,54,1,53,0" doraHai="37" doraHaiUra="115" who="3" fromWho="0" sc="111,-42,295,0,330,0,244,62" /><INIT seed="3,2,0,0,2,40" ten="69,295,330,306" oya="3" hai0="36,128,38,71,81,5,115,102,67,85,130,54,13" hai1="16,42,79,98,51,28,132,59,55,73,57,66,104" hai2="50,56,126,0,92,70,103,118,117,134,62,122,80" hai3="11,30,15,8,131,20,47,41,77,48,95,112,75"/><W18/><G131/><N who="0" m="50219" /><D102/><U125/><E125/><V26/><F0/><W46/><G112/><T49/><D5/><U120/><E132/><V68/><F126/><W21/><G95/><T105/><D13/><U111/><E111/><V94/><F134/><W6/><G75/><T76/><D105/><U109/><E109/><V10/><F10/><W96/><G77/><T24/><D24/><U32/><E120/><V74/><F50/><W121/><G121/><T106/><D106/><U99/><E42/><V2/><F2/><W119/><G119/><T86/><D67/><U72/><E104/><V44/><F26/><W89/><G89/><T97/><D71/><U4/><E4/><V45/><F68/><W127/><G96/><T35/><D35/><U9/><E28/><V84/><F70/><W60/><G60/><T129/><N who="0" m="50227" /><T43/><DORA hai="34" /><D97/><N who="1" m="36875" /><E32/><V113/><F74/><W124/><G124/><T78/><D43/><U93/><E73/><V116/><F103/><W83/><G83/><N who="0" m="47335" /><D115/><U58/><E72/><V29/><F113/><W33/><G127/><T1/><D1/><U61/><E79/><N who="2" m="46111" /><F122/><W123/><G123/><T65/><D65/><U107/><E107/><V31/><F118/><W27/><G47/><AGARI ba="2,0" hai="36,38,47,49,54,78,81,86" m="47335,50227" machi="47" ten="40,2600,0" yaku="19,1,52,1" doraHai="40,34" who="0" fromWho="3" sc="69,32,295,0,330,0,306,-32" /><INIT seed="4,0,0,3,4,57" ten="101,295,330,274" oya="0" hai0="68,135,51,37,69,7,60,33,25,35,43,124,107" hai1="54,56,0,132,76,114,23,32,21,106,117,92,48" hai2="100,2,67,120,79,47,40,63,84,1,127,3,93" hai3="17,104,101,77,73,103,36,26,85,28,78,97,24"/><T39/><D7/><U27/><E117/><V87/><F120/><W44/><G73/><T129/><D25/><U66/><E106/><V90/><F127/><W58/><G103/><T91/><D107/><U118/><E132/><V82/><F100/><W50/><G36/><N who="0" m="13899" /><D91/><U112/><E0/><V61/><REACH who="2" step="1"/><F67/><REACH who="2" ten="101,295,320,274" step="2"/><W13/><G101/><T53/><D33/><U122/><E66/><V5/><F5/><W52/><G104/><T18/><D35/><U14/><E122/><V75/><F75/><W6/><G6/><T125/><D135/><U31/><E32/><V9/><F9/><W16/><G28/><T96/><D18/><U10/><E118/><V108/><F108/><W30/><G30/><T105/><D105/><U74/><E23/><V55/><F55/><N who="3" m="30151" /><G17/><T102/><D102/><U95/><E74/><V121/><F121/><W72/><G72/><T29/><D29/><U38/><E10/><V11/><F11/><N who="3" m="6207" /><G97/><T130/><D96/><U123/><E123/><V131/><F131/><N who="0" m="50186" /><D43/><U119/><E31/><V111/><F111/><W65/><G85/><T134/><D134/><U20/><E21/><V86/><F86/><W83/><G83/><T81/><D81/><U88/><E20/><V62/><F62/><N who="3" m="36167" /><G65/><N who="0" m="40999" /><D69/><U41/><E41/><V49/><AGARI ba="0,1" hai="1,2,3,40,47,49,61,63,79,82,84,87,90,93" machi="49" ten="30,7900,0" yaku="1,1,0,1,52,2,53,0" doraHai="57" doraHaiUra="8" who="2" fromWho="2" sc="101,-39,295,-20,320,89,274,-20" /><INIT seed="5,0,0,5,0,118" ten="62,275,409,254" oya="1" hai0="10,105,119,127,11,35,133,125,117,93,36,129,98" hai1="74,63,32,30,41,90,131,42,55,75,110,60,57" hai2="20,83,85,58,16,53,71,28,54,67,49,6,112" hai3="27,70,73,115,120,51,22,132,111,52,79,96,24"/><U94/><E110/><V88/><F6/><W95/><G111/><T48/><D48/><U103/><E131/><V14/><F112/><W89/><G115/><T106/><D36/><U45/><E103/><V72/><F72/><W31/><G132/><T9/><D93/><U33/><E63/><N who="2" m="38391" /><F71/><W26/><G120/><T121/><D98/><U123/><E123/><V2/><F2/><W4/><G70/><T19/><D121/><U29/><E75/><V34/><F34/><W68/><G68/><T39/><D39/><U100/><E74/><V78/><F28/><W8/><G79/><T102/><D102/><U23/><E100/><V21/><F21/><W80/><G80/><T87/><D87/><U25/><E30/><V15/><F15/><N who="3" m="5511" /><G73/><T18/><D10/><U82/><E82/><N who="2" m="49207" /><F49/><W66/><G66/><T76/><D76/><U84/><E41/><V50/><F50/><AGARI ba="0,0" hai="23,25,29,32,33,42,45,50,55,57,60,84,90,94" machi="50" ten="30,1500,0" yaku="7,1" doraHai="118" who="1" fromWho="2" sc="62,0,275,15,409,-15,254,0" /><INIT seed="5,1,0,4,5,124" ten="62,290,394,254" oya="1" hai0="18,100,134,106,27,73,113,110,85,71,89,107,36" hai1="70,11,6,66,5,9,109,135,130,34,120,125,103" hai2="102,92,7,50,128,39,93,78,86,67,115,91,25" hai3="33,118,76,26,55,75,133,49,127,23,114,123,21"/><U65/><E120/><V16/><F39/><W48/><G123/><T40/><D110/><U57/><E125/><V42/><F128/><W15/><G127/><T56/><D71/><U77/><E109/><V119/><F119/><W14/><G118/><T131/><D73/><U60/><E135/><V108/><F108/><W95/><G95/><T29/><D134/><U3/><E34/><V32/><F67/><W105/><G105/><T90/><D113/><U41/><E103/><V97/><F7/><W46/><G46/><T35/><D40/><U121/><E121/><V38/><F38/><W43/><G26/><T84/><D36/><U2/><E41/><V51/><F115/><W117/><G76/><T10/><D100/><U1/><E77/><V62/><F62/><W99/><G43/><T24/><D56/><U68/><E3/><V52/><F42/><W45/><G33/><T12/><D27/><U79/><E66/><V94/><F51/><W20/><G49/><T82/><REACH who="0" step="1"/><D131/><REACH who="0" ten="52,290,394,254" step="2"/><U87/><E130/><V53/><F102/><W64/><G75/><T74/><D74/><U0/><E0/><V22/><F97/><W96/><G96/><T59/><D59/><U63/><E63/><V83/><F32/><W37/><G99/><T44/><D44/><U19/><E19/><V4/><F4/><W61/><G133/><T101/><D101/><U31/><E31/><V81/><F50/><W116/><G116/><T47/><D47/><U132/><E132/><V28/><F28/><W80/><G117/><T88/><D88/><U104/><E104/><V129/><F129/><RYUUKYOKU ba="1,1" sc="52,10,290,10,394,10,254,-30" hai0="10,12,18,24,29,35,82,84,85,89,90,106,107" hai1="1,2,5,6,9,11,57,60,65,68,70,79,87" hai2="16,22,25,52,53,78,81,83,86,91,92,93,94" /><INIT seed="5,2,1,1,2,5" ten="62,300,404,224" oya="1" hai0="70,47,112,26,89,120,93,68,130,42,128,126,59" hai1="57,124,111,73,62,100,46,114,64,119,29,44,8" hai2="80,30,51,75,33,115,127,101,108,20,0,131,12" hai3="96,107,105,94,16,50,23,122,43,103,58,72,129"/><U34/><E119/><V77/><F108/><W74/><G122/><T11/><D26/><U88/><E111/><V71/><F71/><N who="0" m="27178" /><D93/><U133/><E73/><V14/><F14/><W87/><G129/><N who="0" m="49771" /><D89/><U25/><E133/><V76/><F76/><W118/><G118/><T17/><D17/><U134/><E124/><V98/><F51/><W81/><G107/><T102/><D102/><U113/><E134/><V36/><F36/><W85/><G85/><T52/><D11/><U45/><E100/><V117/><F0/><W48/><G105/><T40/><D112/><U18/><REACH who="1" step="1"/><E88/><REACH who="1" ten="62,290,404,224" step="2"/><V24/><F127/><W86/><G74/><T95/><D126/><U32/><E32/><V92/><F117/><W84/><G72/><T123/><D95/><U4/><E4/><V31/><F131/><W83/><G87/><T27/><D27/><U39/><E39/><V106/><F92/><W49/><G86/><T90/><D90/><U9/><E9/><V19/><F115/><W13/><G84/><T38/><D42/><U135/><E135/><V79/><F79/><W37/><G43/><T116/><D116/><U109/><E109/><V65/><F33/><W60/><G37/><T104/><D104/><U55/><E55/><AGARI ba="2,2" hai="13,16,23,48,49,50,55,58,60,81,83,94,96,103" machi="55" ten="40,2600,0" yaku="8,1,54,1" doraHai="5" who="3" fromWho="1" sc="62,0,290,-32,404,0,224,52" /><INIT seed="6,0,0,5,0,100" ten="62,258,404,276" oya="2" hai0="111,108,16,119,83,124,57,28,107,133,112,89,88" hai1="40,62,90,9,10,97,121,115,106,37,104,82,132" hai2="102,113,48,7,47,63,128,80,103,91,27,110,44" hai3="69,84,11,50,114,35,24,127,25,8,18,126,43"/><V53/><F113/><W0/><G69/><T68/><D68/><U6/><E115/><V71/><F128/><W64/><G64/><T58/><D112/><U19/><E121/><V70/><F7/><N who="3" m="1127" /><G114/><T122/><D28/><U123/><E123/><V29/><F47/><W135/><G84/><T23/><D122/><U14/><E132/><V36/><F36/><W51/><G51/><T2/><D2/><U117/><E117/><V78/><F91/><W109/><G50/><T125/><D23/><U22/><E10/><V92/><F92/><W30/><G43/><T73/><D83/><U94/><E82/><V45/><F45/><W49/><G49/><T101/><D101/><U98/><E98/><V61/><F70/><W79/><G79/><T95/><D95/><U32/><E32/><V42/><F71/><W41/><G41/><T129/><D119/><U39/><E62/><V72/><F63/><W67/><G67/><T33/><D33/><U60/><E60/><V65/><F65/><W4/><G109/><T21/><D21/><U76/><E76/><V116/><F110/><W52/><G52/><T56/><D56/><U20/><E20/><V85/><F72/><W134/><G18/><T77/><D77/><U31/><E31/><V96/><F42/><W75/><G25/><T105/><D73/><U46/><REACH who="1" step="1"/><E39/><REACH who="1" ten="62,248,404,276" step="2"/><V99/><F61/><W34/><G35/><T74/><D74/><U87/><E87/><V3/><F99/><W81/><G81/><T59/><D59/><U17/><E17/><V131/><F116/><W15/><G75/><T55/><D111/><RYUUKYOKU ba="0,1" sc="62,-15,248,15,404,-15,276,15" hai1="6,9,14,19,22,37,40,46,90,94,97,104,106" hai3="4,11,15,24,30,34,126,127,134,135" /><INIT seed="7,1,1,4,2,35" ten="47,263,389,291" oya="3" hai0="68,81,65,129,39,51,85,49,127,44,28,109,55" hai1="66,60,8,29,122,79,32,30,20,115,123,108,134" hai2="62,89,119,86,1,10,76,61,13,16,42,91,70" hai3="63,75,103,80,24,56,40,4,120,0,111,72,90"/><W57/><G120/><N who="1" m="46122" /><E79/><V41/><F119/><W92/><G111/><T96/><D109/><U2/><E60/><N who="2" m="23147" /><F1/><W69/><G69/><T105/><D129/><U98/><E98/><V27/><F70/><W73/><G56/><T87/><D127/><U48/><E48/><V18/><F76/><W95/><G40/><N who="2" m="15465" /><F27/><W101/><G24/><T12/><D68/><U93/><E93/><N who="2" m="54455" /><F18/><W19/><G19/><T34/><D105/><U106/><E106/><V110/><F110/><W38/><G38/><T116/><D116/><U132/><E66/><V104/><F104/><W21/><G21/><T78/><D39/><U135/><E108/><V117/><F117/><W124/><G124/><T99/><D34/><U126/><E32/><V84/><F91/><W58/><G80/><T130/><D130/><U53/><E53/><V88/><F88/><W97/><G58/><T43/><D65/><U17/><E126/><V133/><F133/><N who="1" m="34049" /><U125/><DORA hai="67" /><E115/><V6/><F84/><W107/><G95/><T3/><D85/><U31/><E125/><V15/><F15/><W83/><G83/><T52/><D3/><U26/><E2/><V114/><F114/><W25/><G25/><T121/><D121/><U71/><E71/><V118/><F118/><W14/><G0/><T23/><D43/><U36/><E36/><V9/><F13/><AGARI ba="1,1" hai="8,13,17,20,26,29,30,31" m="34049,46122" machi="13" ten="50,6400,0" yaku="20,1,34,2" doraHai="35,67" who="1" fromWho="2" sc="47,0,263,77,389,-67,291,0" owari="47,-45.3,340,44.0,322,12.2,291,-10.9" /></mjloggm>