<mjloggm ver="2.3"><GO type="169" lobby="0"/><UN n0="%E5%A4%A9%E7%8B%90" n1="%E6%81%8B%E3%81%AE%E3%81%86%E3%81%9F" n2="%E6%97%A5%E9%99%B0%E3%81%95%E3%82%93" n3="%E3%81%A0%E3%81%A3" dan="16,17,17,16" rate="2098.71,2233.96,2206.68,2197.67" sx="M,M,F,F"/><TAIKYOKU oya="0"/><INIT seed="0,0,0,2,5,3" ten="250,250,250,250" oya="0" hai0="75,27,84,67,97,13,133,41,24,132,128,130,55" hai1="54,73,71,72,102,110,91,5,43,36,85,125,120" hai2="105,45,117,69,68,107,32,60,34,95,112,81,96" hai3="0,70,53,33,19,26,63,129,57,99,58,111,86"/><T109/><D75/><U88/><E120/><V49/><F112/><W123/><G111/><T59/><D67/><U114/><E71/><N who="2" m="27211" /><F60/><W124/><G124/><T2/><D2/><U35/><E35/><N who="2" m="13355" /><F81/><W62/><G70/><T21/><D41/><U115/><E110/><V103/><F45/><W134/><G0/><T100/><D13/><U113/><E125/><V89/><F49/><W52/><G129/><N who="0" m="49771" /><D84/><U82/><E43/><V135/><F89/><W48/><G134/><N who="0" m="51819" /><D21/><U74/><E36/><V9/><F135/><W64/><G123/><T16/><D16/><U37/><E37/><V79/><F9/><W106/><G86/><T12/><D12/><U77/><E54/><V92/><F79/><W25/><G19/><T51/><D109/><U38/><E38/><V66/><F66/><W44/><G33/><T14/><D14/><U56/><E73/><V126/><F95/><AGARI ba="0,0" hai="24,27,51,55,59,95,97,100" m="51819,49771" machi="95" ten="30,2900,0" yaku="19,1,20,1" doraHai="3" who="0" fromWho="2" sc="250,29,250,0,250,-29,250,0" /><INIT seed="0,1,0,2,5,7" ten="279,250,221,250" oya="0" hai0="133,2,87,60,31,83,32,56,34,65,79,110,99" hai1="69,78,20,3,88,35,114,71,120,30,6,14,118" hai2="95,98,116,16,49,106,53,74,50,128,61,59,1" hai3="4,33,121,86,37,89,24,25,48,38,54,8,72"/><T28/><D133/><U104/><E118/><V19/><F74/><W132/><G72/><T135/><D135/><U41/><E104/><V84/><F116/><W5/><G132/><T12/><D2/><U43/><E120/><V96/><F128/><W15/><G121/><T55/><D110/><U47/><E78/><V109/><F109/><W124/><G124/><T63/><D34/><U21/><E3/><V101/><F1/><W81/><G4/><T122/><D122/><U36/><E41/><V18/><REACH who="2" step="1"/><F84/><REACH who="2" ten="279,250,211,250" step="2"/><W80/><G80/><T52/><D87/><U111/><E111/><V62/><F62/><W130/><G130/><T23/><D63/><U70/><E114/><V117/><F117/><W44/><REACH who="3" step="1"/><G33/><REACH who="3" ten="279,250,211,240" step="2"/><T17/><D32/><U39/><E35/><V29/><F29/><W112/><G112/><T13/><D31/><U115/><E30/><V93/><F93/><W58/><G58/><T9/><D28/><U0/><E69/><V68/><F68/><W75/><G75/><T40/><D83/><U131/><E71/><V73/><F73/><W97/><G97/><T26/><D99/><U113/><E70/><V66/><F66/><W94/><G94/><T85/><D65/><U119/><E131/><V22/><F22/><W108/><G108/><T57/><D23/><U129/><E129/><V100/><AGARI ba="1,2" hai="16,18,19,49,50,53,59,61,95,96,98,100,101,106" machi="100" ten="30,4000,0" yaku="1,1,0,1,54,1,53,0" doraHai="7" doraHaiUra="105" who="2" fromWho="2" sc="279,-21,250,-11,211,63,240,-11" /><INIT seed="1,0,0,2,4,78" ten="258,239,274,229" oya="1" hai0="121,118,132,84,45,117,72,87,100,76,102,37,28" hai1="71,36,67,90,135,97,25,60,11,88,110,39,111" hai2="99,124,26,101,21,96,74,19,73,81,48,82,49" hai3="55,38,58,9,5,79,64,103,134,125,86,22,0"/><U107/><E135/><V52/><F124/><W14/><G125/><T3/><D3/><U24/><E11/><V113/><F113/><W53/><G134/><T2/><D2/><U6/><E6/><V46/><F99/><W59/><G38/><N who="1" m="14378" /><E107/><V17/><F17/><W114/><G103/><T4/><D4/><U126/><E126/><V56/><F74/><W94/><G114/><T105/><D105/><U34/><E97/><V112/><F73/><W62/><G0/><T50/><D132/><U40/><E40/><N who="2" m="24647" /><F112/><W12/><G58/><T122/><D37/><U80/><E34/><V115/><F115/><W35/><G35/><T57/><D72/><U92/><E92/><AGARI ba="0,0" hai="19,21,26,49,52,56,81,82,92,96,101" m="24647" machi="92" ten="30,7700,0" yaku="8,1,52,2,54,1" doraHai="78" who="2" fromWho="1" sc="258,0,239,-77,274,77,229,0" /><INIT seed="2,0,0,5,3,40" ten="258,162,351,229" oya="2" hai0="55,76,125,23,11,21,127,58,64,18,70,108,135" hai1="97,74,67,124,60,113,25,56,36,66,15,117,115" hai2="71,27,59,88,57,91,116,78,126,79,87,51,123" hai3="73,42,8,20,19,43,112,41,105,134,31,34,37"/><V35/><F116/><W69/><G69/><T13/><D108/><U119/><E74/><V77/><F123/><W39/><G73/><T83/><D64/><U100/><E15/><V75/><F71/><W14/><G105/><T46/><D70/><U49/><E25/><V118/><F75/><W10/><G34/><T48/><D135/><U82/><E82/><V1/><F1/><W45/><G134/><T121/><D58/><U0/><E97/><V65/><F118/><N who="1" m="45065" /><E100/><V12/><F126/><N who="0" m="48138" /><D121/><U32/><E0/><V53/><F12/><W81/><G112/><N who="1" m="43082" /><E32/><V7/><F7/><W128/><G37/><T80/><D80/><U98/><E98/><V92/><F91/><W63/><G63/><T29/><D29/><U96/><E96/><V30/><REACH who="2" step="1"/><F65/><REACH who="2" ten="258,162,341,229" step="2"/><W93/><G14/><T99/><D99/><U38/><E67/><V95/><F95/><W89/><G93/><T50/><D83/><U61/><E124/><V110/><F110/><W5/><G81/><T84/><D76/><U72/><E72/><V9/><F9/><W4/><G10/><T129/><D11/><U133/><E133/><V106/><F106/><W33/><G8/><T107/><D107/><U86/><E86/><V103/><F103/><W120/><G4/><T102/><D84/><U104/><E104/><V16/><F16/><W131/><G19/><T130/><D102/><U17/><E17/><V101/><F101/><W52/><G5/><T3/><D3/><U47/><E60/><V114/><F114/><W62/><G62/><T109/><D109/><U111/><E111/><V2/><F2/><RYUUKYOKU ba="0,1" sc="258,-15,162,15,341,15,229,-15" hai1="36,38,47,49,56,61,66" hai2="27,30,35,51,53,57,59,77,78,79,87,88,92" /><INIT seed="2,1,1,2,2,24" ten="243,177,356,214" oya="2" hai0="22,91,135,116,72,113,134,104,45,38,98,117,78" hai1="89,37,115,100,106,76,124,14,57,43,11,66,13" hai2="62,20,108,105,27,31,123,131,8,61,107,59,58" hai3="18,21,25,54,32,128,3,47,114,94,64,79,122"/><V10/><F123/><W119/><G119/><N who="0" m="45643" /><D38/><U1/><E115/><V87/><F131/><W69/><G122/><T52/><D22/><U125/><E76/><V101/><F108/><W41/><G114/><T127/><D113/><U36/><E1/><V44/><F44/><W86/><G128/><T29/><D29/><U40/><E100/><V35/><F35/><W102/><G3/><T7/><D7/><U26/><E106/><V5/><F101/><W93/><G54/><T70/><D70/><U74/><E26/><V23/><F87/><W75/><G75/><T53/><D127/><U46/><E74/><V2/><F10/><W39/><G32/><T9/><D9/><U63/><E89/><V109/><F109/><W97/><G64/><T82/><D45/><N who="1" m="23791" /><E11/><V112/><F112/><W88/><G69/><T48/><D48/><U90/><E14/><V56/><REACH who="2" step="1"/><F23/><REACH who="2" ten="243,177,346,214" step="2"/><W17/><REACH who="3" step="1"/><G79/><REACH who="3" ten="243,177,346,204" step="2"/><T55/><D78/><U110/><E110/><V4/><F4/><W0/><G0/><T120/><D120/><U33/><E33/><V6/><F6/><W126/><G126/><T80/><D72/><U83/><E124/><V42/><F42/><W49/><G49/><T111/><D111/><U68/><E125/><V67/><F67/><W130/><G130/><T81/><D55/><U71/><E66/><V51/><F51/><W77/><G77/><T73/><D73/><U92/><E40/><V12/><F12/><W34/><G34/><T118/><D118/><U28/><E13/><V121/><F121/><W99/><G99/><T84/><D98/><U60/><E36/><RYUUKYOKU ba="1,3" sc="243,-15,177,-15,346,15,204,15" hai2="2,5,8,20,27,31,56,58,59,61,62,105,107" hai3="17,18,21,25,39,41,47,86,88,93,94,97,102" /><INIT seed="2,2,3,3,0,135" ten="228,162,361,219" oya="2" hai0="101,49,18,55,10,134,7,120,103,86,56,6,87" hai1="121,132,72,69,84,63,1,66,118,95,83,61,79" hai2="126,38,102,30,45,129,82,116,54,22,32,47,39" hai3="28,96,112,81,90,89,107,46,17,42,25,26,85"/><V59/><F116/><W127/><G112/><T48/><D120/><U51/><E132/><V60/><F32/><W78/><G127/><T91/><D134/><U128/><E1/><V43/><F102/><N who="0" m="38922" /><D48/><U14/><E118/><V123/><F82/><W114/><G107/><T8/><D87/><U35/><E35/><V92/><F92/><W97/><G114/><T117/><D117/><U109/><E109/><V76/><F76/><W23/><G97/><T94/><D18/><U124/><E128/><V15/><F123/><W52/><G96/><T36/><D36/><U125/><E121/><V75/><F75/><W53/><G90/><T16/><D8/><U9/><E63/><V77/><F77/><W108/><G89/><T37/><D37/><U100/><E51/><V62/><F62/><W65/><G65/><T44/><D44/><U4/><REACH who="1" step="1"/><E84/><REACH who="1" ten="228,152,361,219" step="2"/><V24/><F129/><W13/><G108/><T88/><D91/><U27/><E27/><V119/><F119/><W131/><G25/><T74/><D74/><U3/><E3/><V29/><F15/><AGARI ba="2,4" hai="6,7,10,15,16,49,55,56,86,88,94" m="38922" machi="15" ten="30,3900,0" yaku="8,1,54,2" doraHai="135" who="0" fromWho="2" sc="228,85,152,0,361,-45,219,0" /><INIT seed="3,0,0,3,0,2" ten="313,152,316,219" oya="3" hai0="8,93,54,1,113,56,91,12,128,60,112,38,83" hai1="117,28,68,42,135,22,15,95,106,72,30,98,53" hai2="109,104,115,133,77,101,31,39,5,134,80,65,78" hai3="105,27,43,44,63,96,73,52,100,0,89,67,49"/><W9/><G27/><T88/><D38/><U124/><E72/><V50/><F39/><W118/><G118/><T66/><D1/><U94/><E68/><V97/><F115/><N who="0" m="44106" /><D128/><U34/><E106/><V120/><F31/><W92/><G73/><T90/><D83/><U82/><E135/><N who="2" m="51723" /><F65/><W132/><G132/><T62/><D62/><U46/><E124/><V81/><F5/><W119/><G119/><T36/><D36/><U10/><E34/><V47/><F109/><W61/><G67/><T125/><D125/><U13/><E117/><V107/><F107/><W45/><G45/><T40/><D40/><U130/><E42/><N who="2" m="24951" /><F120/><W23/><G43/><T84/><D66/><U20/><E130/><V48/><F48/><W111/><G111/><T16/><AGARI ba="0,0" hai="8,12,16,54,56,60,84,88,90,91,93" m="44106" machi="16" ten="30,4000,0" yaku="11,1,54,2" doraHai="2" who="0" fromWho="0" sc="313,40,152,-10,316,-10,219,-20" /><INIT seed="4,0,0,3,0,118" ten="353,142,306,199" oya="0" hai0="58,86,73,24,40,70,116,68,134,84,120,43,51" hai1="5,113,123,109,65,72,135,2,132,32,42,60,64" hai2="122,67,104,27,100,71,47,28,61,16,97,11,44" hai3="53,20,17,101,105,26,55,99,92,4,3,112,111"/><T57/><D73/><U115/><E72/><V30/><F122/><W6/><G111/><T21/><D116/><U127/><E32/><V78/><F78/><W1/><G112/><N who="1" m="43082" /><E5/><V66/><F66/><N who="1" m="25705" /><E2/><V121/><F121/><W131/><G131/><T96/><D120/><U119/><E119/><V35/><F28/><W52/><REACH who="3" step="1"/><G105/><REACH who="3" ten="353,142,306,189" step="2"/><T117/><D117/><U87/><E123/><V39/><F39/><W128/><G128/><T45/><D134/><N who="1" m="51243" /><E109/><V12/><AGARI ba="0,1" hai="11,12,16,27,30,35,44,47,61,67,71,97,100,104" machi="12" ten="30,7900,0" yaku="0,1,25,2,54,1" doraHai="118" who="2" fromWho="2" sc="353,-39,142,-20,306,89,189,-20" /><INIT seed="5,0,0,2,0,12" ten="314,122,395,169" oya="1" hai0="5,9,35,55,126,123,96,28,7,99,95,0,66" hai1="85,94,134,132,102,59,21,38,116,15,101,37,44" hai2="11,107,90,32,24,127,119,88,46,128,115,60,13" hai3="98,20,30,67,129,112,106,58,125,16,64,83,68"/><U111/><E116/><V71/><F119/><W10/><G68/><T56/><D126/><U45/><E85/><V108/><F108/><W76/><G125/><T77/><D123/><U104/><E94/><V31/><F127/><W100/><G112/><T89/><D77/><U81/><E59/><V57/><F128/><W8/><G129/><T130/><D130/><U80/><E15/><V29/><F29/><W84/><G30/><T105/><D7/><U75/><E21/><V51/><F107/><W19/><G19/><T72/><D72/><U26/><E26/><V109/><F71/><W92/><G106/><T78/><D78/><U69/><E69/><V3/><F3/><W124/><G124/><T120/><D66/><N who="3" m="25129" /><G58/><T103/><D120/><U4/><E104/><V73/><F73/><W22/><G22/><T114/><D114/><U53/><E75/><V40/><F109/><W79/><G79/><T70/><D70/><U6/><REACH who="1" step="1"/><E53/><REACH who="1" ten="314,112,395,169" step="2"/><V131/><F131/><W2/><G2/><T42/><D55/><U62/><E62/><V52/><F115/><W122/><G122/><T49/><D56/><U118/><E118/><V63/><F60/><W33/><G33/><T48/><D105/><U23/><E23/><V54/><F54/><W43/><G43/><T36/><D35/><U18/><E18/><AGARI ba="0,1" hai="11,13,18,24,31,32,40,46,51,52,57,63,88,90" machi="18" ten="30,7700,0" yaku="7,1,52,1,54,2" doraHai="12" who="2" fromWho="1" sc="314,0,112,-77,395,87,169,0" /><INIT seed="6,0,0,3,1,132" ten="314,35,482,169" oya="2" hai0="87,86,113,85,70,30,16,36,19,10,96,48,111" hai1="46,9,89,124,0,92,109,22,63,56,11,27,68" hai2="65,79,2,57,66,75,103,37,134,4,18,28,78" hai3="14,102,94,83,53,77,32,119,125,50,81,105,1"/><V31/><F37/><W13/><G1/><T38/><D111/><U110/><E68/><V55/><F134/><W34/><G105/><T67/><D113/><U21/><E46/><V7/><F103/><W25/><G94/><T91/><D30/><U43/><E43/><V80/><F78/><W58/><G102/><T104/><D70/><U118/><E118/><V114/><F114/><W120/><G120/><T72/><D72/><U74/><E74/><V5/><F2/><W51/><G25/><T35/><D35/><U6/><E22/><V97/><F97/><W62/><G62/><T73/><D73/><U24/><E24/><V126/><F18/><W52/><G58/><T42/><D67/><U115/><E115/><V8/><F8/><W84/><G84/><T15/><D19/><U95/><E9/><V60/><F65/><W130/><G77/><T122/><D122/><U33/><E33/><V49/><REACH who="2" step="1"/><F126/><REACH who="2" ten="314,35,472,169" step="2"/><W12/><G125/><T26/><D38/><U23/><E124/><V100/><F100/><W93/><G119/><T108/><D36/><U116/><E116/><V40/><F40/><W128/><G53/><T17/><D42/><U127/><E127/><V129/><F129/><W121/><G52/><T107/><D96/><U44/><E109/><V131/><F131/><W88/><G130/><T69/><D108/><U61/><E110/><V71/><AGARI ba="0,1" hai="4,5,7,28,31,49,55,57,60,66,71,75,79,80" machi="71" ten="30,3000,0" yaku="1,1,0,1,53,0" doraHai="132" doraHaiUra="117" who="2" fromWho="2" sc="314,-10,35,-10,472,40,169,-10" /><INIT seed="6,1,0,0,1,130" ten="304,25,512,159" oya="2" hai0="40,57,74,99,79,81,10,14,70,128,8,62,25" hai1="47,124,38,26,65,123,36,104,19,64,59,56,129" hai2="29,32,127,90,0,4,80,13,102,72,121,1,122" hai3="110,134,21,106,91,73,43,82,71,51,132,75,119"/><V87/><F102/><W94/><G71/><T11/><D128/><U113/><E26/><V77/><F29/><W17/><G106/><T101/><D70/><U16/><E129/><V34/><F127/><W66/><G66/><T61/><D25/><U111/><E47/><V89/><F13/><W92/><G110/><T46/><D14/><U107/><E113/><V96/><F96/><W108/><G108/><T6/><D6/><U118/><E111/><V3/><F4/><W52/><G43/><T15/><D15/><U31/><E31/><V76/><F1/><W68/><G68/><T133/><D57/><U117/><REACH who="1" step="1"/><E123/><REACH who="1" ten="304,15,512,159" step="2"/><V54/><F122/><W109/><G109/><T67/><D46/><U41/><E41/><V28/><F121/><W58/><G119/><T42/><D42/><U88/><E88/><V98/><F89/><W33/><G91/><T9/><D40/><U49/><E49/><V35/><F90/><W63/><G51/><T50/><D50/><U45/><E45/><V83/><F28/><W126/><G33/><T120/><D120/><U116/><E116/><V86/><F32/><W97/><G126/><AGARI ba="1,1" hai="16,19,36,38,56,59,64,65,104,107,117,118,124,126" machi="126" ten="25,12000,2" yaku="1,1,22,2,54,1,53,2" doraHai="130" doraHaiUra="135" who="1" fromWho="3" sc="304,0,15,133,512,0,159,-123" /><INIT seed="7,0,0,4,0,11" ten="304,148,512,36" oya="3" hai0="89,21,3,83,109,23,121,46,12,38,92,47,107" hai1="39,100,93,88,129,67,15,54,71,52,42,49,13" hai2="41,72,117,37,135,84,50,29,34,132,103,128,97" hai3="127,16,101,91,111,74,4,20,63,60,120,30,55"/><W85/><G74/><T82/><D109/><U69/><E129/><V19/><F72/><W66/><G120/><T87/><D3/><U18/><E39/><V110/><F110/><W105/><G111/><T133/><D107/><U134/><E134/><V125/><F37/><W53/><G127/><T77/><D133/><U115/><E115/><V14/><F117/><W1/><G30/><T114/><D114/><U124/><E100/><V9/><F128/><W75/><G75/><T98/><D83/><U70/><E67/><V28/><F125/><W27/><G60/><T95/><D38/><U0/><E0/><V45/><F34/><W40/><G40/><T26/><D95/><U76/><E76/><V130/><F130/><W123/><G123/><T94/><D94/><U113/><E113/><V112/><F112/><W43/><G43/><T10/><D23/><U56/><E42/><V65/><F132/><W33/><G33/><T57/><D57/><U86/><E124/><V7/><F65/><W96/><G4/><N who="0" m="3143" /><D121/><U79/><E79/><V116/><F116/><W118/><G1/><T131/><D131/><U119/><E119/><V32/><F32/><W36/><G36/><T17/><AGARI ba="0,0" hai="17,21,26,46,47,77,82,87,89,92,98" m="3143" machi="17" ten="30,2000,0" yaku="8,1,52,1" doraHai="11" who="0" fromWho="0" sc="304,20,148,-5,512,-5,36,-10" owari="324,12.4,143,-25.7,507,60.7,26,-47.4" /></mjloggm>