<mjloggm ver="2.3"><GO type="169" lobby="0"/><UN n0="%73%69%65%72%61%34%30%31" n1="%E3%81%9D%E3%82%93%E3%81%97%E6%A7%98" n2="%E3%81%95%E3%81%8F%E3%82%88%E3%81%93%E3%81%A1%E3%82%83%E3%82%93" n3="%E8%B6%85%E6%94%BB%E6%92%83%E9%BA%BB%E9%9B%80" dan="16,17,16,16" rate="2226.42,2222.77,2033.27,2157.47" sx="F,M,M,M"/><TAIKYOKU oya="0"/><INIT seed="0,0,0,0,0,27" ten="250,250,250,250" oya="0" hai0="14,127,17,6,92,87,96,20,94,36,79,112,2" hai1="22,72,71,32,42,122,50,26,45,31,37,86,111" hai2="74,126,3,70,131,29,51,11,60,129,1,105,25" hai3="102,54,58,65,55,23,134,88,125,91,90,128,41"/><T114/><D36/><U124/><E111/><V0/><F126/><W28/><G125/><T101/><D127/><U130/><E124/><V110/><F110/><W69/><G69/><T132/><D132/><U52/><E52/><BYE who="1" /><N who="3" m="20010" /><G134/><T82/><REACH who="0" step="1"/><D94/><REACH who="0" ten="240,250,250,250" step="2"/><U56/><E56/><V116/><F105/><UN n1="%E3%81%9D%E3%82%93%E3%81%97%E6%A7%98" /><W78/><G128/><T48/><D48/><U98/><E50/><V123/><F51/><W73/><G58/><T84/><D84/><U5/><E86/><V83/><F74/><W109/><G73/><T115/><D115/><U85/><E72/><V135/><F135/><W68/><G109/><T81/><D81/><U21/><E85/><V8/><F129/><W76/><G68/><T53/><D53/><U34/><E71/><V103/><F131/><W75/><G75/><T10/><AGARI ba="0,1" hai="2,6,10,14,17,20,79,82,87,92,96,101,112,114" machi="10" ten="30,3000,0" yaku="1,1,0,1,53,0" doraHai="27" doraHaiUra="63" who="0" fromWho="0" sc="240,40,250,-10,250,-10,250,-10" /><INIT seed="0,1,0,1,1,58" ten="280,240,240,240" oya="0" hai0="39,48,38,116,123,86,119,12,74,51,79,57,28" hai1="92,65,19,45,25,54,120,134,129,132,130,80,108" hai2="52,32,35,13,99,8,3,102,122,22,50,60,69" hai3="17,62,66,10,124,110,97,87,24,59,113,73,93"/><T78/><D123/><U5/><E80/><V89/><F122/><W107/><G113/><T31/><D57/><U106/><E92/><V72/><F72/><W16/><G73/><T75/><D12/><U21/><E106/><V40/><F40/><W14/><G110/><T15/><D15/><U121/><E65/><V82/><F3/><W1/><G124/><T90/><D86/><U20/><E54/><V41/><F41/><W27/><G107/><T83/><D83/><U88/><E88/><AGARI ba="1,0" hai="28,31,38,39,48,51,74,75,78,79,88,90,116,119" machi="88" ten="25,4800,0" yaku="22,2,54,1" doraHai="58" who="0" fromWho="1" sc="280,51,240,-51,240,0,240,0" /><INIT seed="0,2,0,3,2,62" ten="331,189,240,240" oya="0" hai0="117,39,107,57,93,60,119,127,75,16,55,77,73" hai1="58,103,97,134,20,65,71,126,128,100,116,14,79" hai2="122,76,15,37,125,29,13,64,99,129,33,23,106" hai3="96,68,63,83,113,72,56,90,74,133,28,22,120"/><T48/><D107/><U131/><E116/><V49/><F122/><W9/><G113/><T38/><D127/><U18/><E126/><V114/><F37/><W46/><G68/><T24/><D117/><U4/><E134/><V101/><F125/><W6/><G133/><T105/><D105/><U59/><E79/><V27/><F114/><W112/><G112/><T118/><D119/><U42/><E42/><V31/><F129/><N who="1" m="49737" /><E4/><V61/><F76/><W8/><G8/><T36/><D118/><U7/><E7/><V50/><F15/><W124/><G124/><T17/><D93/><N who="1" m="58415" /><E103/><V80/><F80/><W84/><G120/><T1/><D1/><U5/><E5/><V47/><F47/><W10/><G46/><T2/><D2/><U21/><E21/><V69/><F31/><W121/><G10/><T0/><D0/><U81/><E81/><V88/><F88/><W98/><G121/><T34/><D77/><U25/><E14/><V52/><F52/><N who="3" m="34183" /><G74/><T45/><D73/><U30/><E18/><AGARI ba="2,0" hai="13,18,23,27,29,33,49,50,61,64,69,99,101,106" machi="18" ten="40,5200,0" yaku="25,2,52,1" doraHai="62" who="2" fromWho="1" sc="331,0,189,-58,240,58,240,0" /><INIT seed="1,0,0,4,4,74" ten="331,131,298,240" oya="1" hai0="78,64,9,114,50,130,84,49,54,128,41,13,7" hai1="70,43,18,90,57,131,81,63,0,93,31,20,76" hai2="104,23,116,38,106,11,80,83,6,86,103,129,100" hai3="118,127,125,29,121,33,126,72,24,14,85,10,92"/><U5/><E131/><N who="0" m="50217" /><D114/><U46/><E70/><V115/><F38/><W97/><G72/><T111/><D111/><U71/><E71/><V22/><F115/><W135/><G121/><T107/><D107/><U134/><E134/><V110/><F110/><W94/><G135/><T119/><D119/><U28/><E5/><V39/><F39/><W16/><G85/><T19/><D64/><U53/><E0/><V108/><F108/><W88/><REACH who="3" step="1"/><G94/><REACH who="3" ten="331,131,298,230" step="2"/><T27/><D84/><N who="1" m="48167" /><E43/><V62/><F116/><AGARI ba="0,1" hai="10,14,16,24,29,33,88,92,97,116,118,125,126,127" machi="116" ten="50,8000,1" yaku="1,1,18,1,54,2,53,0" doraHai="74" doraHaiUra="58" who="3" fromWho="2" sc="331,0,131,0,298,-80,230,90" /><INIT seed="2,0,0,3,5,127" ten="331,131,218,320" oya="2" hai0="89,34,24,19,26,8,25,82,125,86,134,2,120" hai1="79,123,93,0,65,122,118,45,90,56,42,73,29" hai2="69,92,101,96,46,97,114,98,51,59,132,55,30" hai3="77,13,85,70,1,99,14,110,17,129,109,71,27"/><V95/><F114/><W28/><G1/><T100/><D120/><N who="1" m="46123" /><E118/><V126/><F126/><W6/><G129/><T75/><D125/><U9/><E29/><V80/><F69/><W49/><G6/><T81/><D134/><U63/><E79/><V121/><F121/><W135/><G135/><T32/><D100/><U106/><E106/><V116/><F116/><W21/><G49/><T15/><REACH who="0" step="1"/><D2/><REACH who="0" ten="321,131,218,320" step="2"/><U23/><E0/><V111/><F132/><W16/><G109/><T112/><D112/><U35/><E73/><V113/><F111/><W39/><G110/><T117/><D117/><U4/><E35/><V67/><F101/><W7/><G39/><T131/><D131/><U87/><E4/><V88/><F113/><W76/><G7/><T18/><D18/><U11/><E23/><V74/><F30/><W50/><G28/><T47/><D47/><U61/><E61/><N who="2" m="38335" /><F74/><W119/><G119/><T83/><D83/><U107/><E107/><V62/><F62/><W84/><G50/><AGARI ba="0,1" hai="9,11,42,45,50,56,63,65,87,90,93" m="46123" machi="50" ten="30,1000,0" yaku="13,1" doraHai="127" who="1" fromWho="3" sc="321,0,131,20,218,0,320,-10" /><INIT seed="3,0,0,3,3,79" ten="321,151,218,310" oya="3" hai0="72,54,78,104,0,114,50,45,97,10,88,112,107" hai1="103,18,108,68,111,48,124,64,39,115,7,110,135" hai2="130,109,30,113,125,6,12,44,40,52,90,74,14" hai3="61,99,13,23,91,29,35,116,71,134,100,8,70"/><W31/><G116/><T47/><D47/><U43/><E103/><V81/><F113/><N who="0" m="43626" /><D0/><U37/><E7/><V63/><F109/><W32/><G134/><T92/><D10/><U87/><E87/><V126/><F130/><W122/><G122/><T123/><D123/><U83/><E83/><AGARI ba="0,0" hai="45,50,54,72,78,83,88,92,97,104,107" m="43626" machi="83" ten="30,3900,0" yaku="11,1,52,1,54,1" doraHai="79" who="0" fromWho="1" sc="321,39,151,-39,218,0,310,0" /><INIT seed="4,0,0,5,2,86" ten="360,112,218,310" oya="0" hai0="95,36,128,57,64,133,62,111,73,124,12,33,98" hai1="22,52,72,65,74,117,125,122,99,87,132,34,27" hai2="100,19,35,4,93,113,110,48,3,90,31,23,68" hai3="49,37,11,32,80,112,129,46,126,123,20,75,0"/><T29/><D124/><U131/><E117/><V21/><F110/><W43/><G49/><T71/><D128/><U39/><E122/><V40/><F68/><W2/><G20/><T67/><D36/><U127/><E34/><V6/><F113/><W89/><G89/><T121/><D121/><U70/><E131/><V7/><F35/><W38/><G38/><T16/><D73/><U102/><E39/><V15/><F100/><W17/><G17/><T108/><D133/><U97/><E132/><V134/><F134/><W30/><G2/><T18/><D67/><U28/><E65/><V107/><F107/><W26/><G129/><T45/><D71/><U1/><E1/><V55/><F40/><W53/><G53/><T10/><D45/><U83/><E70/><V85/><F3/><W101/><G126/><N who="1" m="48138" /><E97/><V41/><F41/><W69/><G112/><T50/><D50/><U91/><E52/><V135/><F135/><W58/><G58/><T106/><D106/><AGARI ba="0,0" hai="22,27,28,72,74,83,87,91,99,102,106" m="48138" machi="106" ten="30,2000,0" yaku="18,1,52,1" doraHai="86" who="1" fromWho="0" sc="360,-20,112,20,218,0,310,0" /><INIT seed="5,0,0,1,2,29" ten="340,132,218,310" oya="1" hai0="90,104,59,61,135,52,36,134,69,101,33,46,107" hai1="116,126,34,60,21,72,80,125,30,121,15,40,108" hai2="66,7,35,88,130,95,131,70,16,82,44,39,128" hai3="117,64,111,133,23,85,96,112,67,105,1,109,28"/><U119/><E121/><V106/><F106/><W86/><G1/><T102/><D69/><U68/><E40/><N who="2" m="22559" /><F7/><W78/><G112/><T55/><D33/><U92/><E92/><V32/><F82/><W74/><G74/><T73/><D73/><U127/><E108/><V103/><F103/><N who="0" m="39434" /><D90/><U25/><E15/><V76/><F76/><W98/><G23/><T71/><D71/><U87/><E21/><V65/><F16/><W17/><G17/><T97/><D97/><U120/><E120/><V62/><F66/><W113/><G28/><T115/><D115/><U14/><E14/><V19/><F19/><W118/><G113/><T41/><D55/><U43/><E43/><V51/><F51/><W94/><G94/><T47/><D47/><U75/><E87/><AGARI ba="0,0" hai="32,35,62,65,70,87,88,95,128,130,131" m="22559" machi="87" ten="30,7700,0" yaku="19,1,52,2,54,1" doraHai="29" who="2" fromWho="1" sc="340,0,132,-77,218,77,310,0" /><INIT seed="6,0,0,5,3,57" ten="340,55,295,310" oya="2" hai0="68,71,89,35,59,2,105,14,16,3,124,115,40" hai1="110,21,43,29,38,31,49,70,116,39,15,10,37" hai2="96,24,100,63,26,85,102,60,93,132,18,135,50" hai3="64,125,54,32,74,123,67,44,72,62,27,30,13"/><V84/><F50/><W107/><G123/><T82/><D105/><U46/><E110/><V99/><F18/><W58/><G125/><T120/><D120/><U23/><E116/><V78/><F93/><W104/><G104/><T5/><D35/><U28/><E70/><V119/><F78/><W106/><G106/><T56/><D40/><U61/><E10/><V95/><F95/><W77/><G107/><T55/><D59/><U0/><E0/><V76/><F76/><W126/><G126/><T8/><D2/><U88/><E15/><V9/><F9/><W91/><G77/><T87/><D115/><U7/><E7/><V94/><F94/><W19/><G91/><T53/><D53/><U130/><E130/><V97/><F97/><W45/><G45/><T117/><D117/><AGARI ba="0,0" hai="24,26,60,63,84,85,96,99,100,102,117,119,132,135" machi="117" ten="25,9600,0" yaku="22,2,52,2" doraHai="57" who="2" fromWho="0" sc="340,-96,55,0,295,96,310,0" /><INIT seed="6,1,0,5,3,96" ten="244,55,391,310" oya="2" hai0="85,28,38,84,114,26,70,128,44,117,76,134,62" hai1="89,90,94,50,127,99,106,102,130,60,0,80,18" hai2="68,104,63,105,135,98,75,133,116,81,37,12,126" hai3="115,4,77,3,92,53,9,45,103,35,48,6,87"/><V43/><F116/><W72/><G35/><T112/><D117/><U11/><E130/><V122/><F122/><W52/><G6/><T42/><D128/><U20/><E127/><V88/><F126/><W34/><G34/><T1/><D1/><U125/><E125/><V22/><F37/><W66/><G66/><N who="0" m="41303" /><D76/><U93/><E60/><V65/><F43/><W74/><G115/><N who="0" m="44075" /><D134/><N who="2" m="51210" /><F75/><W113/><G113/><T41/><D42/><U47/><E0/><V67/><F67/><W121/><G121/><T56/><D56/><U124/><E124/><V108/><F108/><W15/><G3/><T132/><D132/><U29/><E29/><V24/><F12/><W21/><G77/><T31/><D31/><U120/><E120/><V100/><F105/><W33/><G33/><AGARI ba="1,0" hai="26,28,33,38,41,44,84,85" m="44075,41303" machi="33" ten="30,1000,0" yaku="15,1" doraHai="96" who="0" fromWho="3" sc="244,13,55,0,391,0,310,-13" /><INIT seed="7,0,0,3,2,53" ten="257,55,391,297" oya="3" hai0="44,15,79,28,46,96,57,27,61,98,131,64,52" hai1="36,119,91,45,132,115,31,38,3,65,35,100,134" hai2="130,10,110,127,11,1,124,87,116,7,62,39,4" hai3="32,107,0,80,12,122,2,86,74,60,25,75,89"/><W73/><G122/><T41/><D131/><U63/><E31/><V5/><F110/><W88/><G107/><T133/><D133/><U55/><E100/><V90/><F116/><W84/><G12/><T77/><D15/><U72/><E72/><V113/><F130/><W18/><G60/><T103/><D64/><U68/><E91/><V82/><F113/><W95/><REACH who="3" step="1"/><G18/><REACH who="3" ten="257,55,391,287" step="2"/><T30/><D30/><AGARI ba="0,1" hai="0,2,25,30,32,73,74,75,80,84,86,88,89,95" machi="30" ten="40,12000,1" yaku="1,1,2,1,54,1,53,1" doraHai="53" doraHaiUra="22" who="3" fromWho="0" sc="257,-120,55,0,391,0,287,130" owari="137,-26.3,55,-44.5,391,19.1,417,51.7" /></mjloggm>