<mjloggm ver="2.3"><GO type="169" lobby="0"/><UN n0="%E3%83%9F%E3%82%B2%E3%83%BC%E3%83%AB%E6%94%B9" n1="%79%7A%68%61%6E%67" n2="%4E%55%44%41" n3="%62%61%6B%75%72%61%30%38" dan="16,16,17,17" rate="2195.93,2173.58,2161.45,2188.37" sx="M,M,M,M"/><TAIKYOKU oya="0"/><INIT seed="0,0,0,4,5,83" ten="250,250,250,250" oya="0" hai0="97,21,90,12,45,6,91,85,39,80,15,126,55" hai1="41,84,82,75,117,104,70,42,8,51,81,30,34" hai2="16,125,69,33,20,26,118,7,11,89,93,35,13" hai3="63,132,73,4,99,134,102,111,40,98,74,47,86"/><T31/><D39/><U0/><E117/><V1/><F118/><W124/><G111/><T23/><D126/><U44/><E70/><V67/><F125/><W56/><G124/><T121/><D121/><U64/><E64/><V71/><F67/><W58/><G4/><T5/><D31/><U133/><E104/><V130/><F130/><W25/><G25/><T48/><D15/><U79/><E133/><N who="3" m="51306" /><G86/><N who="0" m="50503" /><D97/><N who="3" m="36873" /><G102/><T59/><D45/><U27/><E0/><V3/><F3/><W38/><G58/><T10/><D6/><U123/><E123/><V127/><F127/><W101/><G101/><T114/><D114/><U18/><E8/><V60/><F60/><W110/><G110/><T54/><D55/><AGARI ba="0,0" hai="38,40,47,55,56,63,73,74" m="36873,51306" machi="55" ten="30,1000,0" yaku="20,1" doraHai="83" who="3" fromWho="0" sc="250,-10,250,0,250,0,250,10" /><INIT seed="1,0,0,4,1,44" ten="240,250,250,260" oya="1" hai0="104,102,84,83,66,110,111,22,89,33,21,41,106" hai1="116,74,118,86,113,42,108,60,114,93,132,130,12" hai2="43,107,20,46,134,49,95,122,15,45,70,56,124" hai3="73,79,36,2,119,16,133,75,25,121,34,126,40"/><U5/><E42/><N who="2" m="24759" /><F15/><W29/><G121/><T81/><D41/><U59/><E74/><V26/><F20/><W10/><G126/><T4/><D66/><U109/><E86/><V48/><F95/><W7/><G133/><T54/><D54/><N who="1" m="33911" /><E93/><V103/><F26/><W14/><G40/><T58/><D58/><U64/><E12/><V13/><F13/><W67/><G67/><T98/><D33/><U90/><E90/><V135/><F103/><W80/><G36/><T63/><D63/><U11/><E11/><V77/><F77/><W115/><G115/><N who="1" m="44042" /><E5/><V53/><F107/><W31/><G119/><N who="1" m="45610" /><E132/><N who="2" m="50731" /><F122/><W51/><G31/><T87/><D4/><U129/><E64/><V30/><F30/><W37/><G73/><T47/><D47/><U62/><E62/><N who="2" m="36111" /><F124/><W65/><G65/><T100/><D89/><U97/><E97/><AGARI ba="0,0" hai="21,22,81,83,84,87,97,98,100,102,104,106,110,111" machi="97" ten="25,1600,0" yaku="22,2" doraHai="44" who="0" fromWho="1" sc="240,16,250,-16,250,0,260,0" /><INIT seed="2,0,0,0,1,66" ten="256,234,250,260" oya="2" hai0="25,97,80,19,58,18,86,72,63,123,70,73,48" hai1="49,5,107,78,46,23,10,36,34,62,64,33,115" hai2="59,61,85,109,118,22,128,50,57,43,134,133,100" hai3="121,39,75,54,12,44,6,101,76,90,55,42,20"/><V41/><F100/><W93/><G121/><T30/><D123/><U125/><E115/><V132/><F85/><W3/><G101/><T119/><D119/><U45/><E107/><V111/><F22/><W94/><G94/><T79/><D97/><U68/><E125/><V102/><F102/><W53/><G3/><T84/><D48/><U96/><E96/><V77/><F77/><W99/><G76/><T105/><D105/><U106/><E106/><V2/><F2/><W112/><G112/><T28/><D58/><N who="2" m="22026" /><F118/><W17/><REACH who="3" step="1"/><G6/><REACH who="3" ten="256,234,250,250" step="2"/><T11/><D79/><U83/><E78/><V117/><F117/><W120/><G120/><T131/><D80/><U31/><E83/><V135/><F135/><W65/><G65/><T1/><D1/><U7/><E7/><V126/><F126/><W8/><G8/><T40/><D11/><U56/><E10/><V95/><F95/><W127/><G127/><T92/><D92/><U69/><E5/><V13/><F128/><W9/><G9/><T15/><D131/><U124/><E124/><V104/><F104/><W88/><G88/><T35/><D73/><AGARI ba="0,1" hai="12,17,20,39,42,44,53,54,55,73,75,90,93,99" machi="73" ten="40,2600,0" yaku="1,1,53,1" doraHai="66" doraHaiUra="38" who="3" fromWho="0" sc="256,-26,234,0,250,0,250,36" /><INIT seed="3,0,0,2,0,64" ten="230,234,250,286" oya="3" hai0="122,56,82,115,36,0,71,68,103,31,66,4,110" hai1="113,132,25,16,46,54,95,85,12,70,79,63,27" hai2="59,81,116,117,49,78,84,96,123,32,18,86,74" hai3="22,15,112,105,8,24,77,1,133,42,106,26,38"/><W34/><G112/><T33/><D122/><U104/><E104/><V50/><F32/><W125/><G125/><T13/><D13/><U20/><E113/><V126/><F126/><W65/><G133/><T61/><D115/><U58/><E132/><V40/><F123/><W52/><G1/><T17/><D17/><U75/><E75/><V89/><F18/><W37/><G34/><T45/><D103/><U131/><E131/><V130/><F130/><W5/><G77/><T73/><D110/><U135/><E135/><V100/><F50/><W129/><G65/><T127/><D127/><U67/><E46/><N who="2" m="25799" /><F59/><W9/><G42/><N who="0" m="22727" /><D31/><U87/><E79/><V111/><F84/><W7/><G22/><T91/><D91/><U28/><E95/><N who="2" m="54711" /><F111/><W55/><G129/><T29/><D29/><U97/><E97/><V23/><F23/><W62/><G62/><T124/><D33/><U109/><E109/><V101/><F101/><W120/><G120/><T39/><D39/><U108/><E108/><V48/><F48/><W92/><G92/><T11/><D124/><U14/><E14/><AGARI ba="0,0" hai="5,7,8,9,14,15,24,26,37,38,52,55,105,106" machi="14" ten="25,4800,0" yaku="22,2,54,1" doraHai="64" who="3" fromWho="1" sc="230,0,234,-48,250,0,286,48" /><INIT seed="3,1,0,3,2,92" ten="230,186,250,334" oya="3" hai0="81,39,23,115,9,0,106,11,79,13,57,59,80" hai1="103,7,24,119,14,22,5,8,122,15,123,61,67" hai2="49,101,51,97,63,131,98,28,62,126,73,114,38" hai3="135,41,87,95,50,42,104,124,26,68,21,82,86"/><W29/><G124/><T132/><D39/><U33/><E119/><V121/><F38/><W27/><G104/><T108/><D106/><U89/><E33/><V69/><F114/><W32/><G68/><T111/><D0/><U85/><E103/><V84/><F73/><W48/><G135/><T40/><D40/><U74/><E74/><V91/><F28/><W107/><G107/><T117/><D117/><U37/><E37/><V25/><F25/><W1/><G1/><T94/><D23/><U44/><E44/><V105/><F126/><W55/><G95/><T72/><D132/><U45/><E45/><V99/><F121/><W19/><G86/><T100/><D115/><U6/><E122/><V110/><F131/><W18/><G18/><T34/><D34/><U96/><E123/><V64/><F63/><W43/><REACH who="3" step="1"/><G55/><REACH who="3" ten="230,186,250,324" step="2"/><T134/><D134/><U47/><E85/><V54/><F110/><N who="0" m="42026" /><D81/><U133/><E133/><V127/><F127/><W2/><G2/><T58/><D13/><U71/><E14/><V66/><F66/><W128/><G128/><T60/><D60/><U120/><E120/><V90/><F84/><W12/><G12/><T102/><D94/><N who="1" m="56399" /><E15/><V130/><F130/><W30/><G30/><T77/><D80/><U109/><E109/><V129/><F129/><W36/><G36/><T75/><D72/><U118/><E71/><V35/><F69/><W3/><G3/><T16/><D75/><U76/><E61/><V53/><F105/><W52/><G52/><T65/><D16/><U17/><E17/><V78/><F62/><W10/><G10/><RYUUKYOKU ba="1,1" sc="230,-10,186,-10,250,-10,324,30" hai3="19,21,26,27,29,32,41,42,43,48,50,82,87" /><INIT seed="3,2,1,1,0,94" ten="220,176,240,354" oya="3" hai0="135,119,59,58,40,90,106,114,23,122,55,49,112" hai1="89,104,61,6,111,85,54,45,77,91,88,108,10" hai2="75,118,34,131,132,35,100,33,47,42,1,98,25" hai3="0,103,130,84,113,21,67,128,50,86,48,93,12"/><W16/><G113/><N who="0" m="43627" /><D122/><U115/><E115/><V102/><F118/><W15/><G0/><T95/><D106/><U29/><E104/><N who="2" m="63511" /><F131/><N who="3" m="50219" /><G67/><T73/><D73/><U2/><E29/><N who="2" m="19631" /><F132/><W41/><G15/><T62/><D135/><U11/><E11/><V28/><F28/><W64/><G64/><N who="0" m="38999" /><D23/><U74/><E74/><V87/><F87/><N who="3" m="33323" /><G41/><T36/><D119/><U26/><E77/><V63/><F63/><W13/><G13/><T92/><D90/><U17/><E85/><V125/><F125/><W72/><G72/><T116/><D116/><U76/><E76/><V68/><F68/><W78/><G78/><T82/><D82/><U133/><E133/><V53/><F53/><W7/><G7/><T39/><D36/><U46/><E61/><V5/><F102/><W121/><G121/><T22/><D22/><N who="1" m="13647" /><E54/><V110/><F75/><W8/><G21/><T124/><D124/><U80/><E80/><V57/><F5/><W126/><G126/><T81/><D81/><U52/><E52/><V105/><F42/><W129/><G129/><T38/><D38/><U117/><E117/><V66/><F66/><W70/><G70/><T97/><D39/><U9/><E9/><V109/><F1/><W101/><G101/><N who="0" m="60583" /><D40/><U120/><E120/><V83/><F83/><W32/><G32/><T60/><D95/><U27/><E27/><V37/><F105/><W99/><AGARI ba="2,1" hai="8,12,16,48,50,93,99,103" m="33323,50219" machi="99" ten="30,6000,0" yaku="19,1,52,1,54,1" doraHai="94" who="3" fromWho="3" sc="220,-22,176,-22,240,-22,354,76" /><INIT seed="3,3,0,2,0,95" ten="198,154,218,430" oya="3" hai0="117,31,74,34,18,6,78,21,110,111,91,73,102" hai1="22,120,64,63,44,127,87,68,109,76,97,49,32" hai2="133,77,60,43,57,48,41,99,82,129,45,35,25" hai3="40,121,16,66,52,135,5,128,14,83,106,27,94"/><W105/><G121/><T39/><D39/><U1/><E32/><V124/><F124/><W58/><G128/><T28/><D117/><U119/><E120/><V65/><F129/><W10/><G66/><T54/><D102/><U70/><E127/><V86/><F133/><W24/><G40/><T13/><D78/><U61/><E119/><V84/><F35/><W88/><G83/><T90/><D6/><U11/><E109/><N who="0" m="41481" /><D54/><U2/><E22/><V8/><F25/><W114/><G114/><T59/><D59/><U96/><E63/><V118/><F118/><W55/><G135/><T132/><D132/><U71/><E76/><V93/><F8/><W51/><G55/><T26/><D31/><U80/><E11/><V36/><F43/><W23/><REACH who="3" step="1"/><G27/><REACH who="3" ten="198,154,218,420" step="2"/><T75/><AGARI ba="3,1" hai="13,18,21,26,28,34,73,74,75,90,91" m="41481" machi="75" ten="40,1500,0" yaku="14,1" doraHai="95" who="0" fromWho="0" sc="198,34,154,-7,218,-7,420,-10" /><INIT seed="4,0,0,3,5,108" ten="232,147,211,410" oya="0" hai0="84,74,15,122,126,37,35,45,133,116,75,21,40" hai1="3,19,120,48,129,135,94,61,73,2,102,79,88" hai2="63,125,51,98,80,112,99,78,11,111,121,97,76" hai3="119,134,54,14,92,93,69,64,55,27,50,86,52"/><T43/><D122/><U87/><E120/><V28/><F121/><W132/><G119/><T131/><D116/><U56/><E135/><N who="3" m="51754" /><G14/><T105/><D133/><U123/><E123/><V95/><F28/><W6/><G6/><T44/><D35/><U31/><E129/><V130/><F63/><N who="3" m="40095" /><G27/><T39/><D131/><U115/><E31/><V62/><F62/><W103/><G103/><T46/><D105/><U91/><E102/><N who="2" m="60735" /><F51/><W71/><G71/><T113/><D46/><U110/><E110/><V17/><F17/><W90/><G93/><T70/><D70/><U128/><E128/><V82/><F11/><W58/><AGARI ba="0,0" hai="50,52,54,55,58,86,90,92" m="40095,51754" machi="58" ten="30,2000,0" yaku="20,1,54,1" doraHai="108" who="3" fromWho="3" sc="232,-10,147,-5,211,-5,410,20" /><INIT seed="5,0,0,2,0,23" ten="222,142,206,430" oya="1" hai0="116,40,54,112,9,52,2,84,125,109,15,53,133" hai1="24,27,21,25,3,131,12,124,61,115,117,58,32" hai2="108,76,91,37,121,128,69,110,85,98,14,107,83" hai3="66,90,43,47,89,103,122,51,95,36,67,74,49"/><U38/><E117/><V57/><F69/><W50/><G74/><T80/><D116/><U113/><E3/><V130/><F37/><W56/><G122/><T126/><D2/><U41/><E32/><V104/><F57/><W63/><G66/><T70/><D70/><U81/><E131/><N who="2" m="50219" /><F14/><W34/><G34/><T129/><D109/><N who="2" m="42090" /><F121/><W17/><G17/><T78/><D129/><U62/><E124/><N who="0" m="47721" /><D112/><N who="1" m="43083" /><E81/><N who="2" m="49583" /><F98/><W18/><G18/><N who="0" m="8559" /><D40/><U19/><E58/><V96/><F96/><W65/><G65/><T132/><AGARI ba="0,0" hai="52,53,54,78,80,84,132,133" m="8559,47721" machi="132" ten="40,2700,0" yaku="18,1,54,1" doraHai="23" who="0" fromWho="0" sc="222,27,142,-13,206,-7,430,-7" /><INIT seed="6,0,0,1,0,106" ten="249,129,199,423" oya="2" hai0="78,97,133,92,17,9,99,88,23,94,116,25,22" hai1="113,42,114,105,65,132,4,20,50,111,91,5,126" hai2="86,26,44,73,55,76,125,96,107,30,52,98,127" hai3="87,12,8,110,35,31,70,83,75,61,6,108,0"/><V84/><F73/><W37/><G37/><T39/><D133/><U56/><E111/><V71/><F71/><W128/><G128/><T109/><D109/><U130/><E132/><V68/><F68/><W13/><G13/><T129/><D39/><U115/><E130/><V79/><F44/><W100/><G100/><T43/><D129/><U103/><E126/><N who="2" m="48139" /><F84/><W10/><G12/><T2/><D116/><U29/><E105/><V27/><F27/><N who="3" m="18943" /><G8/><T18/><D43/><U40/><E103/><N who="2" m="62951" /><F98/><W47/><G87/><T46/><D46/><U95/><E40/><V21/><F86/><W54/><G54/><AGARI ba="0,0" hai="21,26,30,52,54,55,76,79" m="62951,48139" machi="54" ten="30,2900,0" yaku="18,1,54,1" doraHai="106" who="2" fromWho="3" sc="249,0,129,0,199,29,423,-29" /><INIT seed="6,1,0,3,2,20" ten="249,129,228,394" oya="2" hai0="77,103,90,70,93,124,82,41,86,64,129,61,83" hai1="45,40,0,97,16,59,118,54,81,48,47,78,55" hai2="110,134,88,46,133,107,105,106,31,34,56,113,111" hai3="35,13,65,21,17,91,5,49,25,95,120,1,51"/><V12/><F113/><W69/><G120/><T10/><D129/><U52/><E118/><V32/><F12/><W60/><G1/><T11/><D124/><U26/><E0/><V8/><F8/><W126/><G126/><T2/><D2/><U130/><E130/><V128/><F128/><W73/><G73/><T18/><D41/><U96/><E47/><V24/><F46/><W43/><G43/><T57/><D70/><U87/><E59/><V74/><F74/><W36/><G36/><T115/><D115/><U28/><REACH who="1" step="1"/><E16/><REACH who="1" ten="249,119,228,394" step="2"/><V62/><F34/><AGARI ba="1,1" hai="26,28,34,40,45,48,52,54,55,78,81,87,96,97" machi="34" ten="40,8000,1" yaku="1,1,2,1,52,1,54,1,53,0" doraHai="20" doraHaiUra="63" who="1" fromWho="2" sc="249,0,119,93,228,-83,394,0" /><INIT seed="7,0,0,2,1,128" ten="249,212,145,394" oya="3" hai0="87,117,18,39,118,7,108,71,19,129,86,54,74" hai1="79,113,120,58,41,97,30,127,83,1,90,24,93" hai2="32,61,80,75,60,68,70,56,6,45,48,38,135" hai3="103,124,107,94,51,99,2,34,9,13,101,33,16"/><W78/><G2/><T72/><D7/><U42/><E120/><V15/><F32/><W105/><G124/><T14/><D108/><U102/><E1/><V123/><F123/><W4/><G78/><T28/><D28/><U81/><E127/><V49/><F75/><W10/><G51/><T111/><D111/><U95/><E113/><V27/><F27/><W76/><G76/><T91/><D71/><N who="2" m="27178" /><F15/><W17/><G17/><T37/><D14/><U50/><E58/><V130/><F80/><N who="1" m="30793" /><E50/><N who="2" m="19563" /><F6/><W47/><G47/><T77/><D77/><U53/><E79/><V122/><F122/><W0/><G94/><T73/><D73/><U62/><E93/><V43/><F130/><W11/><G11/><T57/><D57/><N who="1" m="35119" /><E102/><V55/><F61/><W112/><G112/><T98/><D129/><U67/><E24/><V132/><AGARI ba="0,0" hai="38,43,45,55,56,60,132,135" m="19563,27178" machi="132" ten="40,8000,1" yaku="34,2,52,2" doraHai="128" who="2" fromWho="2" sc="249,-20,212,-20,145,80,394,-40" owari="229,2.9,192,-30.8,225,-17.5,354,45.4" /></mjloggm>