<mjloggm ver="2.3"><GO type="169" lobby="0"/><UN n0="%E6%B8%85%E9%A2%A8%E5%8C%97" n1="%4D%41%43%4F%54%4F" n2="%E5%B0%8F%E5%AE%AE%E7%95%B3%E5%BA%97" n3="%E3%82%88%E3%81%86%E3%81%B8%E3%83%BC%58" dan="16,16,16,17" rate="2181.88,2062.30,2087.19,2234.72" sx="F,F,M,M"/><TAIKYOKU oya="0"/><INIT seed="0,0,0,2,1,102" ten="250,250,250,250" oya="0" hai0="40,71,128,120,103,60,94,134,48,99,67,47,42" hai1="23,80,41,44,68,110,72,112,20,113,12,1,118" hai2="78,75,82,131,17,24,130,29,100,85,0,35,50" hai3="45,10,111,43,117,61,115,5,124,16,74,92,63"/><T90/><D120/><U119/><E68/><V114/><F114/><N who="1" m="44137" /><E1/><V26/><F0/><W65/><G74/><T55/><D128/><U64/><E64/><V36/><F36/><W126/><G117/><N who="1" m="44554" /><E12/><V39/><F39/><W84/><G111/><T11/><D134/><U108/><E80/><V101/><F75/><W86/><G65/><T19/><D11/><U28/><E72/><V66/><F66/><W30/><G10/><T123/><D123/><U88/><E88/><V104/><F50/><W93/><G115/><T4/><D4/><U127/><E127/><V73/><F73/><W51/><G5/><T25/><D25/><N who="1" m="16423" /><E23/><V98/><F17/><W58/><G51/><AGARI ba="0,0" hai="41,44,51,108,110" m="16423,44554,44137" machi="51" ten="30,1000,0" yaku="11,1" doraHai="102" who="1" fromWho="3" sc="250,0,250,10,250,0,250,-10" /><INIT seed="1,0,0,2,1,120" ten="250,260,250,240" oya="1" hai0="66,70,46,132,32,22,64,124,93,19,89,83,69" hai1="20,61,105,78,116,25,104,53,38,94,130,51,33" hai2="110,101,12,95,111,10,56,117,106,52,47,109,31" hai3="40,68,119,75,54,16,27,41,28,35,115,65,86"/><U77/><E38/><V4/><F117/><W85/><G115/><T8/><D32/><U84/><E33/><V108/><F106/><W125/><G75/><T30/><D124/><U127/><E116/><V129/><F129/><W74/><G74/><T73/><D132/><U114/><E114/><V29/><F47/><W88/><G86/><T13/><D69/><U43/><E127/><V76/><F76/><W39/><G39/><T71/><D71/><U59/><E104/><V107/><F107/><W100/><G100/><T102/><D70/><U21/><E105/><V131/><F131/><W60/><G54/><T63/><D63/><U17/><E21/><V49/><N who="2" m="27648" /><DORA hai="5" /><V128/><F128/><W55/><G55/><T135/><D73/><U3/><E3/><V103/><F95/><W36/><G36/><T1/><D1/><U62/><E130/><V15/><F15/><W92/><G119/><T24/><D135/><U34/><E34/><V18/><F18/><W99/><G125/><T118/><D118/><U126/><E126/><V72/><F72/><W98/><REACH who="3" step="1"/><G16/><REACH who="3" ten="250,260,250,230" step="2"/><T7/><D19/><U123/><E43/><AGARI ba="0,1" hai="27,28,35,40,41,43,60,65,68,85,88,92,98,99" machi="43" ten="40,8000,1" yaku="1,1,2,1,54,1,53,1" doraHai="120,5" doraHaiUra="0,80" who="3" fromWho="1" sc="250,0,260,-80,250,0,230,90" /><INIT seed="2,0,0,0,3,67" ten="250,180,250,320" oya="2" hai0="19,15,86,95,46,70,35,118,9,65,93,6,1" hai1="18,69,126,49,74,125,44,50,91,132,81,109,60" hai2="48,4,13,114,124,31,62,25,127,108,22,51,111" hai3="110,7,75,101,28,121,105,107,98,17,57,130,119"/><V23/><F114/><W55/><G75/><T43/><D118/><U97/><E109/><N who="2" m="42059" /><F62/><W76/><G76/><T2/><D35/><U129/><E74/><V64/><F64/><W84/><G84/><T83/><D65/><N who="1" m="41127" /><E129/><V37/><F37/><W16/><G98/><T96/><D70/><U39/><E132/><V89/><F89/><W20/><G101/><T77/><D95/><N who="1" m="56575" /><E81/><V68/><F68/><W53/><G121/><T117/><D117/><U120/><E120/><V112/><F112/><W80/><G80/><T90/><REACH who="0" step="1"/><D19/><REACH who="0" ten="240,180,250,320" step="2"/><U106/><E106/><V33/><F4/><W52/><G16/><T45/><D45/><U102/><E18/><N who="2" m="10575" /><F33/><W56/><G7/><T3/><D3/><U26/><E44/><V24/><F25/><W85/><G110/><T115/><D115/><U30/><E26/><V58/><F58/><W133/><G57/><T82/><D82/><U61/><E30/><V21/><F23/><W0/><G20/><T40/><D40/><U87/><E126/><AGARI ba="0,1" hai="21,24,31,48,51,124,126,127" m="10575,42059" machi="126" ten="30,5800,0" yaku="18,1,14,1,10,1" doraHai="67" who="2" fromWho="1" sc="240,0,180,-58,250,68,320,0" /><INIT seed="2,1,0,3,3,69" ten="240,122,318,320" oya="2" hai0="50,90,48,88,13,32,42,39,14,89,104,113,130" hai1="24,95,132,16,11,57,62,97,100,126,112,9,105" hai2="64,45,129,27,2,114,29,0,28,47,73,56,20" hai3="123,17,111,35,31,118,86,135,110,26,18,108,124"/><V37/><F114/><W34/><G86/><T49/><D113/><U4/><E112/><V81/><F129/><W21/><G123/><T127/><D104/><U82/><E132/><V72/><F64/><W77/><G77/><T101/><D130/><U125/><E82/><V22/><F56/><W117/><G135/><T46/><D32/><N who="3" m="12329" /><G124/><T41/><D127/><U131/><E131/><V23/><F81/><W102/><G102/><T122/><D101/><U98/><E125/><V103/><F103/><W3/><G3/><T128/><D128/><U25/><E126/><V84/><F84/><W94/><G94/><T61/><D122/><U106/><E106/><V92/><F92/><W76/><G76/><T54/><D61/><U33/><E33/><V115/><F115/><W71/><G71/><T12/><REACH who="0" step="1"/><D42/><REACH who="0" ten="230,122,318,320" step="2"/><U53/><E105/><V75/><F27/><W63/><G63/><T83/><D83/><U107/><E107/><V19/><F19/><AGARI ba="1,1" hai="17,18,19,21,26,31,108,110,111,117,118" m="12329" machi="19" ten="40,5200,0" yaku="14,1,34,2" doraHai="69" who="3" fromWho="2" sc="230,0,122,0,318,-55,320,65" /><INIT seed="3,0,0,5,3,27" ten="230,122,263,385" oya="3" hai0="74,83,29,96,25,19,9,5,114,81,106,7,104" hai1="67,76,53,21,43,22,131,62,79,51,77,24,40" hai2="70,0,100,11,36,87,66,109,45,92,88,2,37" hai3="128,15,85,93,32,135,30,63,72,122,105,82,118"/><W20/><G63/><T46/><D114/><U39/><E131/><V125/><F109/><W17/><G122/><T49/><D19/><U44/><E40/><V47/><F125/><W16/><G118/><T61/><D61/><U89/><E89/><V64/><F70/><W86/><G105/><T101/><D106/><U52/><E39/><V116/><F100/><W3/><G72/><T111/><D74/><U95/><E95/><V99/><F116/><W54/><G54/><T65/><D65/><U58/><REACH who="1" step="1"/><E22/><REACH who="1" ten="230,112,263,385" step="2"/><V60/><F37/><W130/><G93/><T113/><D111/><U126/><E126/><V23/><F36/><W90/><G90/><T91/><D91/><U124/><E124/><V42/><F23/><W71/><G20/><T94/><D113/><U8/><E8/><V26/><F11/><W108/><G130/><T68/><D9/><U14/><E14/><V13/><F13/><W18/><G15/><T35/><D94/><U1/><E1/><V48/><F2/><W75/><G3/><T112/><D112/><U129/><E129/><V6/><F0/><W84/><G128/><T123/><D83/><U98/><E98/><V127/><F127/><W31/><G108/><T69/><D81/><U103/><E103/><V115/><F115/><W97/><G97/><T107/><D107/><U80/><E80/><V50/><F99/><W78/><G32/><T34/><D34/><U10/><E10/><V28/><F6/><N who="0" m="2058" /><D123/><U38/><E38/><V110/><F110/><W119/><G82/><T73/><D73/><U59/><E59/><V4/><F4/><RYUUKYOKU ba="0,1" sc="230,15,112,15,263,-15,385,-15" hai0="25,29,35,46,49,68,69,96,101,104" hai1="21,24,43,44,51,52,53,58,62,67,76,77,79" /><INIT seed="4,1,1,1,0,4" ten="245,127,248,370" oya="0" hai0="125,12,37,100,30,67,33,97,61,71,39,15,89" hai1="20,64,85,94,68,16,98,11,31,105,25,120,83" hai2="77,101,28,41,53,110,74,96,111,51,128,42,56" hai3="82,130,93,0,118,135,73,91,78,65,133,59,35"/><T81/><D125/><U22/><E120/><V7/><F128/><W80/><G80/><T66/><D67/><U103/><E68/><V69/><F69/><W117/><G0/><T129/><D129/><U3/><E64/><V46/><F42/><W50/><G35/><T122/><D122/><U63/><E63/><V76/><F28/><W8/><G8/><T36/><D89/><U106/><E3/><V21/><F21/><W47/><G59/><T123/><D81/><U107/><E11/><V57/><F57/><W79/><G79/><T132/><D132/><N who="3" m="50761" /><G65/><T54/><D54/><U58/><E58/><V29/><F29/><W23/><G23/><T49/><D49/><U115/><E115/><V17/><F17/><W116/><G130/><T10/><D123/><U114/><E114/><V5/><F74/><W75/><G75/><T90/><D90/><U26/><REACH who="1" step="1"/><E106/><REACH who="1" ten="245,117,248,370" step="2"/><V131/><F131/><W87/><G118/><T95/><D10/><U108/><E108/><V44/><F111/><W124/><G124/><T99/><D71/><U70/><E70/><V27/><F110/><W92/><G92/><T102/><D66/><U18/><E18/><V112/><F112/><W19/><G19/><T72/><D61/><U113/><E113/><V40/><F56/><W45/><G45/><T109/><D109/><U34/><E34/><V13/><F46/><W88/><G117/><T127/><D127/><U86/><E86/><V43/><F44/><W119/><G47/><T32/><D72/><U60/><E60/><V134/><F134/><W126/><G126/><T1/><D1/><RYUUKYOKU ba="1,2" sc="245,-10,117,30,248,-10,370,-10" hai1="16,20,22,25,26,31,83,85,94,98,103,105,107" /><INIT seed="5,2,2,0,5,12" ten="235,147,238,360" oya="1" hai0="1,31,39,21,63,11,55,111,9,15,19,45,33" hai1="98,38,17,89,44,124,108,70,116,73,134,14,131" hai2="127,133,30,94,58,69,122,88,20,54,49,123,130" hai3="79,4,36,109,48,83,28,27,18,115,74,59,93"/><U66/><E116/><V117/><F117/><W107/><G36/><T91/><D111/><U3/><E3/><V46/><F69/><W68/><G68/><T105/><D105/><U96/><E73/><V56/><F133/><W34/><G107/><T90/><D11/><N who="1" m="6367" /><E70/><V82/><F130/><W71/><G4/><N who="0" m="1167" /><D63/><U35/><E35/><V37/><F127/><W85/><G115/><T126/><D126/><U118/><E118/><V5/><F5/><W23/><G71/><T41/><D55/><U99/><E124/><V129/><F129/><W110/><G59/><T60/><D60/><U104/><E104/><V125/><F125/><W24/><G48/><T62/><D62/><U47/><E38/><V7/><F7/><W120/><G120/><T10/><D10/><U25/><E131/><V121/><F82/><W64/><G64/><T51/><D39/><U57/><E134/><V22/><F30/><W32/><G32/><T135/><D135/><U86/><E25/><AGARI ba="2,2" hai="15,19,21,25,31,33,41,45,51,90,91" m="1167" machi="25" ten="30,2000,0" yaku="24,1,52,1" doraHai="12" who="0" fromWho="1" sc="235,46,147,-26,238,0,360,0" /><INIT seed="6,0,0,4,0,92" ten="281,121,238,360" oya="2" hai0="27,79,81,80,31,99,60,72,126,56,55,89,10" hai1="30,18,111,113,46,123,133,120,12,14,6,49,51" hai2="117,73,74,131,93,121,50,62,112,5,48,24,69" hai3="42,2,40,71,125,23,101,84,129,35,45,22,115"/><V95/><F117/><W11/><G35/><T114/><D114/><U100/><E111/><V57/><F121/><W107/><G71/><T34/><D126/><U39/><E39/><V16/><F69/><W85/><G2/><T29/><D31/><U41/><E113/><V78/><F112/><W96/><G11/><T66/><D10/><U86/><E133/><V54/><F131/><W0/><G0/><T63/><D81/><U118/><E118/><V38/><F38/><W3/><G3/><T53/><REACH who="0" step="1"/><D63/><REACH who="0" ten="271,121,238,360" step="2"/><U88/><E120/><V4/><F73/><W21/><G115/><T47/><D47/><U128/><E30/><V26/><F74/><W33/><G45/><T25/><D25/><U70/><E128/><V83/><F26/><W28/><G125/><T1/><D1/><U132/><E123/><V116/><F116/><W87/><G129/><T127/><D127/><U119/><E119/><V124/><F124/><W19/><G19/><T90/><D90/><U20/><E132/><V37/><F78/><W135/><G135/><T102/><D102/><U130/><E130/><V7/><F83/><W9/><G9/><T15/><D15/><U17/><E100/><V134/><F134/><W52/><G28/><T97/><D97/><U82/><E6/><V8/><F37/><W36/><G36/><T94/><AGARI ba="0,1" hai="27,29,34,53,55,56,60,66,72,79,80,89,94,99" machi="94" ten="30,4000,0" yaku="1,1,0,1,52,1,53,0" doraHai="92" doraHaiUra="13" who="0" fromWho="0" sc="271,50,121,-10,238,-20,360,-10" /><INIT seed="7,0,0,2,5,93" ten="321,111,218,350" oya="3" hai0="46,106,19,16,110,32,11,60,99,52,70,125,127" hai1="6,3,128,79,34,18,84,49,39,41,101,124,76" hai2="135,33,20,78,68,62,63,5,9,117,96,24,94" hai3="133,14,134,13,53,83,66,123,118,21,105,57,65"/><W98/><G123/><T35/><D110/><U132/><E18/><N who="0" m="6697" /><D11/><U40/><E49/><V2/><F135/><N who="3" m="51723" /><G118/><T130/><D130/><U81/><E132/><V88/><F117/><W38/><G38/><T131/><D131/><U67/><E34/><V113/><F113/><W1/><G1/><T42/><D70/><U111/><E6/><V48/><F33/><W73/><G21/><T17/><N who="0" m="6705" /><T26/><DORA hai="97" /><D26/><U82/><E3/><V8/><F8/><W100/><G13/><T129/><D129/><U122/><E128/><V27/><F78/><N who="3" m="44495" /><G14/><T103/><D52/><U69/><E67/><V7/><F7/><W112/><G112/><T75/><D60/><AGARI ba="0,0" hai="53,57,60,65,66,98,100,105" m="44495,51723" machi="60" ten="30,5800,0" yaku="20,1,52,2" doraHai="93,97" who="3" fromWho="0" sc="321,-58,111,0,218,0,350,58" owari="263,6.3,111,-38.9,218,-18.2,408,50.8" /></mjloggm>