<mjloggm ver="2.3"><GO type="169" lobby="0"/><UN n0="%42%42%E3%81%A7%E3%81%99%E3%80%82" n1="%E7%8A%B6%E6%85%8B%E9%BA%BB%E9%9B%80" n2="%E3%81%8B%E3%82%81%E3%81%98%E3%82%8D%E3%81%86" n3="%E6%98%9F%E7%A9%BA%E3%81%AE%E3%83%A1%E3%83%A2%E3%83%AA%E3%82%A2" dan="17,17,16,16" rate="2179.45,2215.04,2142.50,2089.43" sx="M,M,M,F"/><TAIKYOKU oya="0"/><INIT seed="0,0,0,3,3,84" ten="250,250,250,250" oya="0" hai0="45,17,52,79,10,74,46,9,16,20,76,33,132" hai1="51,59,49,123,42,87,93,118,37,95,5,67,53" hai2="85,96,102,109,39,115,117,69,36,57,58,106,83" hai3="11,70,130,68,30,65,112,54,78,2,47,15,125"/><T91/><D33/><U26/><E118/><V55/><F115/><W19/><G112/><T129/><D74/><U1/><E123/><V22/><F69/><W90/><G78/><N who="0" m="29739" /><D132/><U40/><E37/><V101/><F109/><W21/><G130/><T35/><D35/><U62/><E1/><V23/><F117/><W41/><G125/><T134/><D134/><U0/><E0/><V124/><F124/><W8/><G54/><T98/><D129/><U27/><E5/><V131/><F131/><W34/><G65/><T25/><D17/><U121/><E121/><V116/><F116/><W73/><G73/><T89/><D98/><U13/><E13/><V66/><F101/><W18/><G8/><N who="0" m="3179" /><D52/><U94/><E87/><V32/><F32/><W126/><G126/><T122/><D122/><U31/><E51/><V135/><F135/><W99/><G34/><T28/><D28/><U114/><E114/><V75/><F75/><W4/><G19/><T128/><D128/><U92/><N who="1" m="23552" /><DORA hai="97" /><U6/><E6/><V82/><F66/><W3/><G3/><T12/><D12/><U107/><E107/><V113/><F55/><W127/><G127/><T120/><D120/><U63/><E63/><V105/><F105/><W29/><G70/><T14/><D14/><U38/><E38/><V108/><F113/><W100/><G68/><T88/><AGARI ba="0,0" hai="16,20,25,45,46,88,89,91" m="3179,29739" machi="88" ten="30,18000,2" yaku="8,1,52,3,54,2" doraHai="84,97" who="0" fromWho="0" sc="250,180,250,-60,250,-60,250,-60" /><INIT seed="0,1,0,4,2,63" ten="430,190,190,190" oya="0" hai0="87,78,115,20,6,36,1,112,66,85,41,7,49" hai1="34,95,131,28,68,8,128,133,125,99,118,25,38" hai2="111,110,100,75,42,121,18,81,83,45,13,88,51" hai3="124,39,80,96,31,54,114,58,74,104,69,132,62"/><T90/><D36/><U57/><E118/><V102/><F121/><W108/><G114/><T64/><D1/><U73/><E68/><V76/><F83/><W71/><G39/><T5/><D115/><U35/><E38/><V11/><REACH who="2" step="1"/><F88/><REACH who="2" ten="430,190,180,190" step="2"/><W52/><G80/><N who="0" m="47255" /><D112/><U116/><E116/><V134/><F134/><W16/><G132/><T26/><D90/><U135/><E135/><V3/><F3/><W122/><G122/><T107/><D87/><U89/><E133/><V21/><F21/><W79/><G74/><T126/><D126/><U9/><E73/><V77/><F77/><W47/><G79/><T72/><D72/><U70/><E125/><V113/><F113/><W33/><G124/><T0/><D0/><U37/><E35/><V120/><F120/><W103/><G33/><T19/><D107/><U48/><E34/><V67/><F67/><N who="0" m="25642" /><D6/><U92/><E89/><V29/><F29/><W94/><G31/><T17/><D17/><U4/><E28/><V106/><F106/><W12/><G104/><T101/><D101/><AGARI ba="1,1" hai="11,13,18,42,45,51,75,76,81,100,101,102,110,111" machi="101" ten="40,5200,0" yaku="1,1,53,2" doraHai="63" doraHaiUra="123" who="2" fromWho="0" sc="430,-55,190,0,180,65,190,0" /><INIT seed="1,0,0,5,3,70" ten="375,190,245,190" oya="1" hai0="83,79,131,56,60,69,111,97,61,121,39,19,50" hai1="1,58,6,52,46,107,72,42,65,109,88,129,99" hai2="108,91,54,71,17,68,92,32,66,38,80,11,10" hai3="59,86,63,31,134,100,133,125,130,16,114,75,78"/><U28/><E72/><V24/><F108/><W41/><G114/><T34/><D34/><U95/><E109/><V126/><F126/><W47/><G75/><T45/><D111/><U12/><E129/><V110/><F110/><W5/><G125/><T73/><D131/><U37/><E65/><V67/><F80/><W116/><G116/><T64/><D121/><U40/><E40/><V76/><F76/><W119/><G119/><T29/><D29/><U103/><E1/><V84/><F38/><W22/><G130/><T35/><D35/><U82/><E28/><V44/><F68/><W2/><G31/><T9/><D97/><U20/><E82/><V104/><F104/><W0/><G100/><T30/><D30/><U135/><E135/><N who="3" m="51722" /><G86/><T48/><D9/><N who="2" m="3082" /><F71/><W4/><G78/><T122/><D19/><U33/><E33/><V26/><F32/><W18/><G18/><T7/><D7/><N who="3" m="2633" /><G59/><T94/><D94/><U93/><E6/><V74/><F74/><W89/><G63/><T127/><D122/><U102/><E107/><V87/><F87/><W51/><G89/><T118/><D118/><U105/><E105/><V123/><F123/><W25/><AGARI ba="0,0" hai="0,2,16,22,25,41,47,51" m="2633,51722" machi="25" ten="30,2000,0" yaku="20,1,54,1" doraHai="70" who="3" fromWho="3" sc="375,-5,190,-10,245,-5,190,20" /><INIT seed="2,0,0,0,5,62" ten="370,180,240,210" oya="2" hai0="8,61,131,121,11,5,48,88,125,55,93,3,56" hai1="119,95,115,21,72,53,87,22,52,94,36,79,92" hai2="14,70,117,99,104,126,129,81,71,67,25,43,80" hai3="27,37,77,35,111,66,97,122,34,113,41,30,10"/><V82/><F117/><W7/><G122/><T123/><D131/><U124/><E119/><V116/><F116/><W135/><G111/><T45/><D11/><U108/><E115/><V29/><F129/><W60/><G135/><T90/><D125/><U96/><E36/><V32/><F126/><W16/><G113/><T118/><D118/><U101/><E124/><V128/><F128/><W9/><G77/><T130/><D90/><U31/><E72/><V110/><F110/><W0/><G97/><T4/><D4/><U114/><E114/><V98/><F43/><W54/><G54/><T75/><D75/><U49/><E108/><V38/><F38/><W6/><G37/><T64/><REACH who="0" step="1"/><D130/><REACH who="0" ten="360,180,240,210" step="2"/><U40/><E79/><V28/><F98/><AGARI ba="0,1" hai="3,5,8,45,48,55,56,61,64,88,93,98,121,123" machi="98" ten="30,12000,2" yaku="1,1,2,1,7,1,52,1,54,1,53,1" doraHai="62" doraHaiUra="2" who="0" fromWho="2" sc="360,130,180,0,240,-120,210,0" /><INIT seed="3,0,0,1,1,119" ten="490,180,120,210" oya="3" hai0="10,60,74,79,36,111,67,5,113,24,105,2,45" hai1="99,124,81,117,82,120,21,6,91,76,73,22,57" hai2="39,78,37,51,50,23,129,0,134,40,83,110,3" hai3="30,130,44,102,108,32,52,7,61,101,14,118,38"/><W72/><G118/><T68/><D24/><U47/><E117/><V9/><F110/><W116/><G116/><T69/><D113/><U100/><E124/><V70/><F70/><W85/><G72/><T115/><D115/><U71/><E71/><V29/><F129/><W125/><G125/><T95/><D95/><U107/><E6/><V80/><F134/><W17/><G7/><T94/><D94/><U20/><E47/><V77/><F29/><W42/><G130/><T43/><D69/><U27/><E57/><V65/><F23/><W75/><G75/><T16/><D16/><U31/><E120/><V128/><F128/><W93/><G108/><T96/><D111/><U112/><E112/><V123/><F65/><W109/><G109/><T55/><D55/><U26/><E26/><V34/><F40/><W131/><G131/><T126/><D126/><U89/><REACH who="1" step="1"/><E81/><REACH who="1" ten="490,170,120,210" step="2"/><V18/><F123/><W97/><G44/><T135/><D135/><U8/><E8/><V13/><F9/><W53/><G38/><T35/><D45/><U122/><E122/><V92/><F37/><W15/><G42/><T49/><D43/><U11/><E11/><V103/><F39/><W62/><G62/><T41/><D60/><U19/><E19/><V133/><F133/><W28/><G61/><T58/><D41/><U86/><E86/><V104/><F18/><W59/><G17/><T4/><D4/><U84/><E84/><V106/><F50/><W25/><G85/><T87/><D87/><U46/><E46/><V98/><F51/><W54/><G59/><T12/><D49/><RYUUKYOKU ba="0,1" sc="490,-10,170,30,120,-10,210,-10" hai1="20,21,22,27,31,73,76,82,89,91,99,100,107" /><INIT seed="4,1,1,1,2,94" ten="480,200,110,200" oya="0" hai0="9,27,32,15,103,113,90,59,133,30,100,64,74" hai1="25,83,107,121,76,104,102,97,58,81,41,73,123" hai2="66,62,110,22,117,116,131,12,79,16,70,31,80" hai3="38,91,108,126,122,119,68,35,72,11,112,23,3"/><T134/><D74/><U65/><E41/><V14/><F110/><W120/><RYUUKYOKU type="yao9" ba="1,1" sc="480,0,200,0,110,0,200,0" hai3="3,11,23,35,38,68,72,91,108,112,119,120,122,126" /><INIT seed="4,2,1,0,3,58" ten="480,200,110,200" oya="0" hai0="7,73,6,60,56,121,122,67,53,87,50,71,27" hai1="20,52,70,119,125,34,128,55,80,116,85,49,89" hai2="133,72,91,47,131,25,30,106,120,108,33,13,78" hai3="28,44,118,1,24,29,112,62,82,59,17,23,100"/><T4/><D73/><U104/><E34/><V12/><F108/><W18/><G118/><T107/><D107/><U135/><E135/><V16/><F120/><W37/><G1/><T46/><D87/><U63/><E128/><V97/><F133/><W26/><G100/><T5/><N who="0" m="1024" /><DORA hai="39" /><T79/><D79/><U110/><E110/><V21/><F131/><W66/><G112/><T54/><REACH who="0" step="1"/><D27/><REACH who="0" ten="470,200,110,200" step="2"/><U115/><E104/><V51/><F78/><W42/><G82/><T22/><D22/><AGARI ba="2,2" hai="17,18,22,23,24,26,28,29,37,42,44,59,62,66" machi="22" ten="30,7700,0" yaku="7,1,9,1,52,2" doraHai="58,39" who="3" fromWho="0" sc="470,-83,200,0,110,0,200,103" /><INIT seed="5,0,0,3,1,114" ten="387,200,110,303" oya="1" hai0="19,130,46,80,108,9,87,66,64,96,127,135,31" hai1="97,1,6,75,29,119,134,41,77,117,120,107,105" hai2="56,82,26,78,69,65,40,113,59,95,68,28,133" hai3="47,70,42,16,84,51,88,11,57,102,71,39,72"/><U100/><E120/><V89/><F133/><W118/><G72/><T101/><D108/><U48/><E134/><V49/><F113/><W76/><G76/><T123/><D135/><U14/><E105/><V90/><F68/><W93/><G102/><T53/><D31/><U20/><E48/><V94/><F69/><W25/><G118/><N who="1" m="45066" /><E14/><V106/><F106/><W99/><G84/><T23/><D66/><U30/><E20/><V55/><F40/><W129/><G129/><T61/><D64/><U58/><E58/><V15/><F15/><W10/><G70/><T54/><D23/><U17/><E17/><V37/><F37/><W24/><G71/><T43/><D19/><U33/><E30/><V7/><F7/><W5/><G39/><T92/><D9/><N who="3" m="3081" /><G5/><T67/><D67/><U50/><E50/><V12/><F12/><W98/><G16/><T2/><D2/><U73/><E41/><V60/><F94/><N who="3" m="56647" /><G57/><T126/><D123/><U124/><E124/><V111/><F95/><W122/><G122/><T115/><D126/><U85/><E85/><N who="2" m="48343" /><F111/><W22/><G22/><AGARI ba="0,0" hai="22,26,28,49,55,56,59,60,65,89,90" m="48343" machi="22" ten="30,1000,0" yaku="8,1" doraHai="114" who="2" fromWho="3" sc="387,0,200,0,110,10,303,-10" /><INIT seed="6,0,0,2,0,49" ten="387,200,120,293" oya="2" hai0="123,106,54,129,124,78,72,96,103,60,19,99,41" hai1="22,3,74,16,64,107,132,7,61,62,110,92,133" hai2="28,2,75,47,89,73,53,20,18,24,56,27,117" hai3="86,113,34,102,44,13,10,125,63,109,71,93,40"/><V105/><F117/><W23/><G109/><T130/><D41/><U30/><E110/><V67/><F2/><W97/><G34/><T115/><D123/><U26/><E107/><V43/><F105/><W58/><G71/><T128/><D115/><U121/><E74/><V98/><F67/><W112/><G125/><T116/><D124/><U131/><E121/><V39/><F89/><W57/><G86/><T12/><D116/><U31/><E131/><V95/><F95/><W81/><G81/><N who="0" m="45255" /><D96/><U119/><E119/><V21/><REACH who="2" step="1"/><F98/><REACH who="2" ten="387,200,110,293" step="2"/><W15/><G97/><T48/><D99/><U118/><E118/><V68/><F68/><W134/><G93/><T36/><D106/><U101/><E92/><V33/><F33/><W85/><G113/><T0/><D0/><U46/><E64/><V80/><F80/><W100/><G112/><T135/><D129/><U65/><E65/><V114/><F114/><W25/><G102/><T90/><D90/><U17/><E101/><V91/><F91/><W82/><G100/><T8/><D103/><U70/><E70/><V77/><F77/><W29/><G82/><T83/><D83/><U32/><E32/><V50/><AGARI ba="0,1" hai="18,20,21,24,27,28,39,43,47,50,53,56,73,75" machi="50" ten="20,12000,1" yaku="1,1,0,1,7,1,52,1,53,1" doraHai="49" doraHaiUra="37" who="2" fromWho="2" sc="387,-40,200,-40,110,130,293,-40" /><INIT seed="6,1,0,2,5,113" ten="347,160,240,253" oya="2" hai0="17,106,118,4,53,102,44,56,31,52,51,135,82" hai1="41,50,83,108,87,20,80,7,103,95,88,18,72" hai2="70,63,19,13,75,48,36,117,39,43,67,33,126" hai3="98,3,91,90,62,119,47,61,8,79,128,46,34"/><V35/><F75/><W116/><G34/><T65/><D31/><U5/><E108/><V29/><F126/><W2/><G79/><T0/><D65/><U130/><E130/><V25/><F35/><W124/><G98/><T12/><D0/><U66/><E66/><V14/><F14/><W131/><REACH who="3" step="1"/><G8/><REACH who="3" ten="347,160,240,243" step="2"/><T45/><D135/><U28/><E72/><V10/><REACH who="2" step="1"/><F117/><REACH who="2" ten="347,160,230,243" step="2"/><W1/><G1/><T121/><D118/><U32/><E32/><V15/><F15/><W112/><G112/><T85/><D12/><U11/><E11/><V94/><F94/><W127/><AGARI ba="1,2" hai="2,3,46,47,61,62,90,91,116,119,124,127,128,131" machi="127" ten="25,12000,2" yaku="1,1,0,1,22,2,52,2,53,0" doraHai="113" doraHaiUra="73" who="3" fromWho="3" sc="347,-31,160,-31,230,-61,243,143" /><INIT seed="7,0,0,0,5,72" ten="316,129,169,386" oya="3" hai0="48,58,37,85,65,133,92,10,41,18,13,1,3" hai1="81,91,44,5,124,117,84,86,56,82,102,73,96" hai2="90,6,33,4,46,74,100,99,61,95,20,126,63" hai3="135,76,55,75,93,94,14,110,7,50,9,106,26"/><W49/><G106/><T125/><D125/><U127/><E5/><N who="2" m="2155" /><F33/><W104/><G104/><T118/><D118/><U113/><E44/><V28/><F74/><W64/><G135/><T132/><D37/><U42/><E42/><V89/><F126/><N who="1" m="48169" /><E56/><V121/><F121/><W23/><G64/><T128/><D128/><U97/><E117/><V19/><F28/><W0/><G0/><T69/><D69/><U12/><E12/><N who="2" m="9319" /><F46/><W67/><G49/><T114/><D114/><U22/><E22/><V53/><F53/><W68/><G110/><T15/><D15/><U78/><E113/><V101/><F101/><W59/><G67/><T27/><D27/><U39/><E39/><V11/><F11/><W30/><G68/><T57/><D57/><U108/><E108/><V131/><F131/><W38/><G38/><T120/><D120/><U105/><E97/><V79/><F79/><W130/><G130/><T8/><D8/><U66/><E66/><V47/><F47/><W52/><G55/><T54/><D41/><U21/><E21/><V29/><F29/><W98/><G98/><T122/><D122/><U43/><E43/><V109/><F109/><W115/><G115/><T35/><D35/><U111/><E111/><V77/><F77/><W17/><G30/><T129/><D129/><U88/><E73/><V36/><F36/><W87/><G75/><T119/><D65/><U123/><E123/><V83/><F100/><W112/><G112/><T51/><D119/><U2/><E2/><V103/><F103/><W45/><G59/><T80/><D58/><U60/><E60/><RYUUKYOKU ba="0,0" sc="316,-30,129,10,169,10,386,10" hai1="78,81,82,84,86,88,91,96,102,105" hai2="61,63,83,89,90,95,99" hai3="7,9,14,17,23,26,45,50,52,76,87,93,94" owari="286,8.6,139,-36.1,179,-22.1,396,49.6" /></mjloggm>