<mjloggm ver="2.3"><GO type="169" lobby="0"/><UN n0="%41%63%75%6E%61%4A%72" n1="%6F%6B%62%6F%6B%62" n2="%E4%BE%8D" n3="%E3%81%A1%E3%82%83%E3%82%93%E3%81%AE%E3%81%B6" dan="17,17,17,17" rate="2233.92,2175.67,2220.37,2152.01" sx="M,M,M,M"/><TAIKYOKU oya="0"/><INIT seed="0,0,0,3,0,28" ten="250,250,250,250" oya="0" hai0="109,16,76,1,55,118,106,99,84,116,102,22,13" hai1="19,32,82,130,44,79,107,8,56,110,122,80,111" hai2="135,117,3,61,92,115,65,131,71,66,29,18,70" hai3="51,41,10,30,127,67,25,134,34,74,91,113,33"/><T42/><D1/><U26/><E122/><V4/><F18/><W119/><G113/><T121/><D121/><U64/><E107/><V133/><F92/><W103/><G119/><T126/><D126/><U27/><E44/><V90/><F90/><W57/><G74/><T2/><D2/><U12/><E130/><V40/><F115/><W15/><G127/><T114/><D114/><U59/><E26/><V46/><F29/><W68/><G134/><N who="2" m="51209" /><F4/><W17/><G103/><T50/><D42/><U6/><E80/><V21/><F21/><W129/><G129/><T39/><D39/><U75/><E64/><V72/><F72/><W7/><G68/><N who="2" m="26153" /><F3/><W20/><G91/><T112/><D109/><N who="1" m="41483" /><E6/><V14/><F14/><W85/><G85/><T128/><D128/><U38/><E38/><N who="2" m="21783" /><F131/><W86/><G86/><T89/><D112/><U95/><E95/><V83/><F83/><W132/><G132/><T96/><D76/><U60/><E60/><V123/><F123/><W77/><G77/><T37/><D37/><U54/><E54/><V78/><F78/><W87/><G87/><T5/><D5/><U0/><E0/><V11/><F117/><W23/><G41/><T45/><REACH who="0" step="1"/><D99/><REACH who="0" ten="240,250,250,250" step="2"/><U73/><E73/><V88/><F66/><W93/><G67/><T52/><D52/><U105/><E75/><V101/><F65/><W124/><G124/><T36/><D36/><U104/><E79/><V47/><F101/><W81/><G7/><T108/><D108/><U94/><E82/><AGARI ba="0,1" hai="13,16,22,45,50,55,82,84,89,96,102,106,116,118" machi="82" ten="30,11600,0" yaku="1,1,7,1,54,1,53,1" doraHai="28" doraHaiUra="49" who="0" fromWho="1" sc="240,126,250,-116,250,0,250,0" /><INIT seed="0,1,0,5,4,40" ten="366,134,250,250" oya="0" hai0="47,116,115,45,17,0,13,60,69,43,38,44,16" hai1="54,36,124,98,130,28,41,73,80,101,22,102,128" hai2="62,59,24,100,39,77,91,29,120,57,97,33,46" hai3="133,51,86,74,1,14,123,67,23,85,78,11,104"/><T56/><D115/><U68/><E68/><V94/><F120/><W95/><G104/><T96/><D116/><U79/><E124/><V18/><F77/><W42/><G123/><T4/><D69/><U65/><E65/><V118/><F118/><W122/><G122/><T129/><D129/><U99/><E54/><V50/><F39/><W93/><G67/><T70/><D70/><U55/><E55/><V25/><F62/><W27/><G1/><T90/><D0/><U9/><E9/><V126/><F126/><W19/><G74/><T135/><D135/><U103/><E28/><V125/><F125/><W109/><G109/><T84/><D96/><U119/><E22/><V87/><F18/><W106/><G106/><T52/><D4/><U12/><E12/><V58/><F24/><W108/><G108/><T10/><D17/><U66/><E66/><V121/><F121/><W83/><G86/><T72/><D72/><U88/><E119/><V2/><F2/><W132/><G132/><T64/><D64/><U61/><E61/><V105/><REACH who="2" step="1"/><F59/><REACH who="2" ten="366,134,240,250" step="2"/><W49/><G133/><T71/><D71/><U7/><E7/><V30/><F30/><N who="3" m="17791" /><G51/><T8/><D8/><U15/><E15/><V114/><F114/><W37/><G37/><T134/><D134/><U3/><E3/><V92/><F92/><AGARI ba="1,1" hai="10,13,16,38,43,44,45,47,52,56,60,84,90,92" machi="92" ten="30,18000,2" yaku="7,1,52,3,54,2" doraHai="40" who="0" fromWho="2" sc="366,193,134,0,240,-183,250,0" /><INIT seed="0,2,0,2,2,57" ten="559,134,57,250" oya="0" hai0="74,122,70,14,76,69,9,49,87,40,116,60,26" hai1="99,33,90,89,47,30,101,63,79,37,6,29,91" hai2="22,111,13,50,80,20,102,53,131,5,132,45,28" hai3="120,77,32,67,130,110,8,109,129,126,64,58,38"/><T71/><D116/><U54/><E79/><V59/><F111/><N who="3" m="42507" /><G32/><T66/><D74/><U123/><E123/><V18/><F131/><N who="3" m="50187" /><G77/><T115/><D115/><U83/><E83/><V35/><F132/><W48/><G8/><T127/><D127/><U118/><E118/><V25/><F102/><W16/><G126/><T2/><D2/><U12/><E33/><V43/><F5/><W135/><G38/><T27/><D122/><U113/><E113/><V98/><F80/><W108/><G108/><T134/><D134/><U88/><E37/><V95/><F35/><W121/><G135/><T125/><D125/><U85/><E85/><V84/><F84/><W94/><G94/><T44/><D76/><U119/><E119/><V7/><F7/><W11/><G67/><T1/><D1/><U36/><E36/><V92/><REACH who="2" step="1"/><F98/><REACH who="2" ten="559,134,47,250" step="2"/><W24/><G120/><T51/><D87/><U31/><E101/><V124/><F124/><W46/><G121/><T0/><D0/><U3/><E3/><V117/><F117/><W23/><G11/><T34/><D34/><U75/><E75/><V39/><AGARI ba="2,1" hai="13,18,20,22,25,28,39,43,45,50,53,59,92,95" machi="39" ten="20,2700,0" yaku="1,1,0,1,7,1,53,0" doraHai="57" doraHaiUra="82" who="2" fromWho="2" sc="559,-15,134,-9,47,43,250,-9" /><INIT seed="1,0,0,1,4,129" ten="544,125,90,241" oya="1" hai0="120,27,63,94,53,10,57,52,34,118,25,82,17" hai1="77,89,103,18,101,78,113,37,12,40,126,128,19" hai2="68,125,4,47,91,39,29,111,8,55,58,28,105" hai3="134,33,117,64,44,70,21,0,131,5,130,106,49"/><U112/><E37/><V135/><F111/><W132/><G33/><T32/><D118/><U11/><E40/><V86/><F105/><W2/><G106/><T83/><D120/><U41/><E41/><V79/><F68/><W114/><G114/><T31/><D94/><U74/><E128/><N who="3" m="49194" /><G117/><T38/><D38/><U96/><E126/><V127/><F79/><W100/><G100/><N who="1" m="38474" /><E113/><V119/><F47/><W97/><G97/><T54/><D10/><U121/><E121/><V60/><F39/><W13/><G64/><T104/><D104/><U133/><E74/><V85/><F85/><W75/><G70/><T66/><D17/><U93/><E112/><V72/><F72/><W22/><G75/><T84/><D84/><U123/><E123/><V71/><F71/><W99/><G99/><T102/><D102/><U124/><E124/><N who="2" m="47691" /><F119/><W26/><G13/><T24/><D24/><U16/><E133/><N who="3" m="51306" /><G5/><AGARI ba="0,0" hai="5,11,12,16,18,19,77,78,89,93,96" m="38474" machi="5" ten="30,2900,0" yaku="8,1,54,1" doraHai="129" who="1" fromWho="3" sc="544,0,125,29,90,0,241,-29" /><INIT seed="1,1,0,2,4,70" ten="544,154,90,212" oya="1" hai0="122,67,134,113,71,42,7,119,14,1,46,55,12" hai1="75,135,32,56,61,64,133,126,13,104,4,36,50" hai2="66,129,16,58,95,115,84,82,9,39,85,11,63" hai3="60,48,92,15,106,93,96,27,31,80,6,110,62"/><U105/><E75/><V88/><F129/><W79/><G110/><T125/><D113/><U17/><E32/><V49/><F115/><W69/><G106/><T102/><D119/><U51/><E4/><V123/><F123/><W94/><G48/><N who="1" m="18474" /><E36/><V90/><F39/><W118/><G118/><T57/><D71/><U128/><E128/><V21/><REACH who="2" step="1"/><F49/><REACH who="2" ten="544,154,80,212" step="2"/><W26/><G69/><T47/><D122/><U124/><E104/><V116/><F116/><W0/><G62/><T18/><D47/><U103/><E105/><V89/><F89/><W107/><G60/><T99/><D46/><U117/><E103/><V78/><F78/><W132/><G107/><T127/><D102/><U44/><E44/><V10/><F10/><W37/><G79/><T22/><D125/><N who="1" m="48235" /><E117/><V98/><F98/><W114/><G37/><T74/><D99/><U28/><E28/><V77/><F77/><W87/><G114/><T81/><D127/><U33/><E33/><V100/><F100/><W68/><G96/><T30/><D30/><U72/><E72/><V19/><F19/><W29/><G31/><T109/><D18/><U23/><AGARI ba="1,1" hai="13,17,23,56,61,64,133,135" m="48235,18474" machi="23" ten="30,1500,0" yaku="18,1" doraHai="70" who="1" fromWho="1" sc="544,-6,154,28,80,-6,212,-6" /><INIT seed="1,2,0,2,4,50" ten="538,182,74,206" oya="1" hai0="99,67,82,18,130,132,79,34,122,0,73,12,42" hai1="71,134,16,114,38,19,63,125,102,14,113,41,119" hai2="22,108,11,126,49,135,53,37,80,61,24,72,93" hai3="74,94,46,103,129,33,55,117,23,133,45,60,62"/><U100/><E119/><V7/><F108/><W25/><G33/><T44/><D132/><U27/><E134/><V111/><F111/><W43/><G74/><T123/><D34/><U106/><E125/><V52/><F135/><W112/><G112/><T115/><D115/><U97/><E102/><V101/><F37/><W116/><G133/><T36/><D130/><U8/><E41/><V40/><F126/><W3/><G3/><T75/><D67/><U47/><E47/><N who="2" m="25831" /><F72/><W69/><G129/><T84/><D99/><U29/><E19/><N who="2" m="12383" /><F80/><W56/><G69/><T5/><D5/><U131/><E38/><V65/><F11/><W107/><G107/><T89/><D0/><U78/><E78/><V17/><F7/><W118/><G43/><T28/><D28/><U76/><E76/><V105/><F105/><W32/><G32/><T81/><D75/><U57/><E131/><V13/><F61/><W64/><G62/><T35/><D35/><U48/><E48/><V88/><F65/><W91/><G64/><T86/><D73/><U6/><E6/><V90/><F101/><W10/><G10/><T85/><D81/><U2/><E2/><V4/><F4/><W120/><G103/><T95/><D79/><U92/><E106/><V15/><F90/><W51/><G60/><T70/><D82/><U39/><E39/><V31/><F31/><N who="3" m="17855" /><G120/><N who="0" m="46123" /><D70/><U54/><E71/><V124/><F124/><W20/><G20/><AGARI ba="2,0" hai="12,18,20,36,42,44,84,85,86,89,95" m="46123" machi="20" ten="30,1000,0" yaku="13,1" doraHai="50" who="0" fromWho="3" sc="538,16,182,0,74,0,206,-16" /><AGARI ba="2,0" hai="8,14,16,20,27,29,54,57,63,92,97,100,113,114" machi="20" ten="30,5800,0" yaku="7,1,52,1,54,1" doraHai="50" who="1" fromWho="3" sc="554,0,182,58,74,0,190,-58" /><INIT seed="1,3,0,3,4,20" ten="554,240,74,132" oya="1" hai0="51,1,3,77,44,36,98,109,108,65,81,99,88" hai1="114,58,111,56,106,4,105,134,73,82,69,22,8" hai2="59,128,37,26,10,9,104,2,95,33,123,79,31" hai3="86,132,135,34,27,84,83,93,47,130,127,124,5"/><U28/><E114/><V57/><F123/><W18/><G5/><T32/><D36/><U0/><E69/><V76/><F104/><W92/><G47/><T24/><D65/><U29/><E134/><N who="3" m="51242" /><G130/><T62/><D62/><U75/><E111/><N who="0" m="42569" /><D3/><U30/><E22/><V113/><F37/><W52/><G86/><N who="0" m="50255" /><D77/><U74/><REACH who="1" step="1"/><E82/><REACH who="1" ten="554,230,74,132" step="2"/><V17/><F113/><W107/><G83/><T125/><D125/><U89/><E89/><V25/><F128/><W35/><G34/><T60/><D32/><U112/><E112/><V68/><F68/><W43/><G35/><T87/><D99/><U67/><E67/><V7/><F76/><W85/><G124/><T120/><D98/><U45/><E45/><V63/><F79/><W129/><G127/><T71/><D44/><U55/><E55/><V64/><F59/><AGARI ba="3,1" hai="0,4,8,28,29,30,56,58,59,73,74,75,105,106" machi="59" ten="50,2400,0" yaku="1,1,53,0" doraHai="20" doraHaiUra="66" who="1" fromWho="2" sc="554,0,230,43,74,-33,132,0" /><INIT seed="1,4,0,3,1,93" ten="554,273,41,132" oya="1" hai0="58,84,73,132,8,98,123,32,44,94,118,62,135" hai1="111,22,90,121,54,20,35,6,124,78,60,46,127" hai2="14,80,38,50,9,79,114,3,65,66,33,36,47" hai3="69,97,81,68,125,59,72,56,63,120,130,86,27"/><U39/><E35/><V13/><F114/><W134/><G120/><T26/><D118/><U5/><E121/><V99/><F33/><W96/><G72/><T107/><D73/><U29/><E78/><V12/><F36/><W105/><G130/><T70/><D84/><U129/><E129/><V92/><F38/><W57/><G134/><T28/><D44/><U133/><E133/><V18/><F3/><W88/><G125/><N who="1" m="48202" /><E39/><V83/><F66/><W75/><G105/><T61/><D107/><U49/><E60/><V41/><F65/><W91/><G75/><T51/><D123/><U24/><E111/><V112/><F112/><W17/><G69/><T25/><D70/><U42/><E42/><V76/><F76/><W89/><G63/><T126/><D126/><U77/><E77/><V30/><F30/><W117/><G68/><T45/><D62/><U10/><E22/><V110/><F110/><W37/><G37/><T34/><D34/><U87/><E10/><V85/><REACH who="2" step="1"/><F80/><AGARI ba="4,0" hai="5,6,20,24,29,46,49,54,80,87,90" m="48202" machi="80" ten="30,1500,0" yaku="18,1" doraHai="93" who="1" fromWho="2" sc="554,0,273,27,41,-27,132,0" /><INIT seed="1,5,0,0,0,62" ten="554,300,14,132" oya="1" hai0="93,15,83,51,97,58,127,34,117,98,74,1,119" hai1="47,75,25,21,27,13,6,120,22,26,79,110,53" hai2="133,80,129,20,73,105,24,35,56,60,19,85,57" hai3="112,45,78,72,61,63,54,70,126,39,95,17,101"/><U131/><E120/><V33/><F105/><W76/><G95/><T69/><D1/><U38/><E75/><V81/><F129/><W65/><G17/><T84/><D69/><U122/><E79/><V124/><F124/><W32/><G101/><T68/><D68/><U3/><E122/><V77/><F133/><W96/><G96/><T111/><D74/><U42/><E131/><V59/><REACH who="2" step="1"/><F60/><REACH who="2" ten="554,300,4,132" step="2"/><W94/><G63/><T0/><D127/><U115/><E110/><V14/><F14/><W11/><G126/><T135/><D0/><U128/><E128/><V107/><F107/><W121/><G61/><T10/><D135/><U89/><E115/><V43/><F43/><W5/><G121/><T71/><D15/><U108/><E108/><V49/><F49/><W113/><G112/><T36/><D51/><N who="1" m="28927" /><E42/><V106/><F106/><W100/><G113/><T134/><D134/><U132/><E132/><V48/><F48/><W86/><G39/><T114/><D36/><U91/><E3/><V130/><F130/><W82/><G72/><T8/><D111/><U88/><E38/><V31/><F31/><W44/><G45/><T104/><D104/><U118/><E118/><V55/><F55/><W52/><G52/><T2/><D114/><U87/><E87/><V102/><F102/><W16/><G54/><T37/><D2/><U40/><E40/><V66/><F66/><W109/><G44/><T41/><D41/><U23/><E13/><V46/><F46/><W116/><G109/><T30/><D37/><U18/><E18/><V50/><F50/><W125/><G86/><RYUUKYOKU ba="5,1" sc="554,-15,300,15,4,15,132,-15" hai1="6,21,22,23,25,26,27,88,89,91" hai2="19,20,24,33,35,56,57,59,73,77,80,81,85" /><INIT seed="1,6,1,3,4,44" ten="539,315,19,117" oya="1" hai0="55,61,98,86,116,11,19,0,18,6,51,132,94" hai1="58,80,31,115,84,121,12,75,111,52,59,126,95" hai2="5,32,82,49,79,22,33,57,135,2,134,120,56" hai3="50,14,1,81,29,67,37,30,3,69,99,17,91"/><U36/><E115/><V25/><F120/><W73/><G37/><T54/><D116/><U65/><E121/><V16/><F5/><W63/><G73/><T26/><D132/><N who="2" m="50730" /><F2/><W72/><G72/><T124/><D124/><U102/><E36/><V114/><F114/><W34/><G34/><N who="2" m="13417" /><F49/><W83/><G83/><T39/><D39/><U85/><E31/><V68/><F68/><W127/><G127/><T74/><D26/><U97/><E126/><V119/><F119/><W107/><G3/><T101/><D74/><AGARI ba="6,1" hai="16,22,25,56,57,74,79,82" m="13417,50730" machi="74" ten="30,2000,0" yaku="20,1,54,1" doraHai="44" who="2" fromWho="0" sc="539,-38,315,0,19,48,117,0" /><INIT seed="2,0,0,5,4,64" ten="501,315,67,117" oya="2" hai0="112,103,117,126,78,40,80,130,6,94,20,77,4" hai1="121,28,70,48,132,115,14,87,86,57,21,74,58" hai2="89,10,52,69,100,109,39,34,85,62,35,90,76" hai3="53,111,16,1,128,9,88,102,22,12,36,60,84"/><V43/><F100/><W17/><G36/><T49/><D112/><U59/><E74/><V41/><F76/><W114/><G111/><T122/><D122/><U56/><E115/><V107/><F107/><W32/><G114/><T99/><D126/><U11/><E121/><V131/><F131/><W42/><G32/><T135/><D135/><U18/><E70/><V110/><F10/><W75/><G75/><T97/><D130/><U124/><E124/><V67/><F90/><W72/><G72/><T33/><D33/><N who="2" m="12298" /><F39/><W61/><G42/><T31/><D117/><U63/><E132/><V26/><F26/><N who="3" m="14663" /><G1/><T27/><D97/><U101/><E101/><V120/><F120/><W37/><G37/><T19/><D31/><U91/><E48/><V7/><F7/><N who="0" m="2602" /><D80/><U8/><E86/><V15/><F15/><W44/><G102/><T29/><D29/><U2/><E2/><V82/><F52/><W3/><G3/><T96/><D96/><U30/><E28/><V25/><F25/><W93/><G128/><T92/><D92/><N who="1" m="54399" /><E30/><V95/><F95/><W108/><G108/><AGARI ba="0,0" hai="41,43,62,67,69,82,85,89,108,109,110" m="12298" machi="108" ten="30,5800,0" yaku="14,1,10,1,52,1" doraHai="64" who="2" fromWho="3" sc="501,0,315,0,67,58,117,-58" /><INIT seed="2,1,0,1,2,74" ten="501,315,125,59" oya="2" hai0="4,19,1,102,40,128,65,62,33,93,41,130,73" hai1="107,96,44,6,28,52,126,98,24,38,120,37,127" hai2="9,123,131,49,103,82,78,34,35,59,14,36,117" hai3="85,86,76,125,64,118,134,83,100,113,15,109,58"/><V21/><F117/><W87/><G118/><T50/><D73/><U67/><E67/><V110/><F123/><W80/><G109/><T106/><D106/><U26/><E6/><V55/><F36/><W20/><G125/><T29/><D1/><U84/><E84/><V99/><F21/><W10/><G134/><T60/><D4/><U72/><E72/><V54/><F131/><W25/><G100/><T112/><D112/><U89/><E89/><V115/><F115/><W3/><G3/><T27/><D19/><U56/><E26/><V90/><F90/><W30/><G83/><T69/><D62/><U8/><E8/><V75/><F55/><W88/><G113/><T68/><D50/><U119/><E107/><V95/><REACH who="2" step="1"/><F110/><REACH who="2" ten="501,315,115,59" step="2"/><W81/><G88/><T105/><D128/><U92/><E120/><V133/><F133/><W132/><G132/><T101/><D130/><U61/><E119/><V5/><AGARI ba="1,1" hai="5,9,14,34,35,49,54,59,75,78,82,95,99,103" machi="5" ten="20,7800,0" yaku="1,1,0,1,7,1,52,1,53,0" doraHai="74" doraHaiUra="17" who="2" fromWho="2" sc="501,-27,315,-27,115,91,59,-27" /><INIT seed="2,2,0,2,4,33" ten="474,288,206,32" oya="2" hai0="47,60,35,85,105,131,83,19,18,62,29,116,44" hai1="28,133,113,42,70,119,15,100,78,102,71,52,64" hai2="86,104,23,2,25,126,118,13,73,74,120,124,17" hai3="67,65,76,72,30,41,80,24,108,40,48,59,50"/><V129/><F120/><W135/><G108/><T61/><D105/><U38/><E113/><V84/><F118/><W27/><G135/><T22/><D131/><U10/><E119/><V75/><F104/><W5/><G5/><T63/><D35/><U132/><E28/><V92/><F129/><W81/><G76/><T106/><D106/><U34/><E34/><V123/><F123/><W7/><G7/><T103/><D103/><U69/><E64/><V96/><F2/><W97/><G97/><T36/><D36/><U8/><E8/><V122/><F13/><W12/><G30/><T121/><D62/><U89/><E78/><V20/><F20/><W55/><G12/><T109/><D109/><U39/><E89/><V66/><F66/><W56/><REACH who="3" step="1"/><G55/><REACH who="3" ten="474,288,206,22" step="2"/><T37/><D29/><U111/><E52/><V98/><F122/><W107/><G107/><T134/><D134/><U49/><E111/><V99/><REACH who="2" step="1"/><F92/><REACH who="2" ten="474,288,196,22" step="2"/><W9/><G9/><T46/><D121/><U26/><E133/><V31/><F31/><W43/><G43/><T115/><D116/><U101/><E132/><V88/><F88/><W0/><G0/><T125/><D22/><U57/><E42/><V127/><AGARI ba="2,2" hai="17,23,25,73,74,75,84,86,96,98,99,124,126,127" machi="127" ten="50,12000,1" yaku="1,1,0,1,29,2,18,1,53,0" doraHai="33" doraHaiUra="117" who="2" fromWho="2" sc="474,-42,288,-42,196,146,22,-42" owari="432,53.2,246,-15.4,342,14.2,-20,-52.0" /></mjloggm>