<mjloggm ver="2.3"><GO type="169" lobby="0"/><UN n0="%E5%8F%B3%E8%84%B3%E8%A9%B0%E3%82%81" n1="%43%65%6C%65%73%54%65" n2="%E3%83%AD%E3%83%AD%E3%82%93" n3="%E9%9B%AA%E3%81%AE%E8%8F%AF" dan="17,16,16,16" rate="2206.09,2099.97,2146.20,2081.88" sx="M,M,M,F"/><TAIKYOKU oya="0"/><INIT seed="0,0,0,1,1,30" ten="250,250,250,250" oya="0" hai0="84,66,99,24,91,25,50,117,133,65,80,113,104" hai1="85,90,124,10,100,20,6,44,114,93,31,87,82" hai2="108,52,14,116,5,81,48,43,122,37,92,109,78" hai3="36,106,97,35,115,12,69,77,11,132,127,46,15"/><T74/><D113/><U110/><E110/><N who="2" m="42603" /><F122/><W86/><G115/><T58/><D117/><U111/><E111/><V18/><F5/><W0/><G69/><T7/><D133/><U17/><E114/><V19/><F92/><W129/><G132/><T101/><D7/><U102/><E124/><V47/><F116/><W120/><G120/><T26/><D58/><U123/><E123/><V41/><F41/><W39/><G127/><T55/><REACH who="0" step="1"/><D74/><REACH who="0" ten="240,250,250,250" step="2"/><U98/><E44/><N who="2" m="23663" /><F14/><W96/><G46/><T38/><D38/><U13/><E85/><AGARI ba="0,1" hai="18,19,47,48,52,78,81,85" m="23663,42603" machi="85" ten="30,2000,0" yaku="14,1,54,1" doraHai="30" who="2" fromWho="1" sc="240,0,250,-20,250,30,250,0" /><INIT seed="1,0,0,4,4,110" ten="240,230,280,250" oya="1" hai0="128,44,89,97,25,37,134,48,78,8,22,103,35" hai1="135,19,65,74,100,127,83,101,80,52,69,98,4" hai2="38,84,75,124,113,46,20,81,56,18,1,90,111" hai3="71,7,33,119,29,3,88,62,63,53,85,45,125"/><U60/><E127/><V116/><F116/><W5/><G119/><T39/><D35/><U77/><E135/><V73/><F1/><W102/><G102/><T104/><D134/><U40/><E40/><V28/><F28/><W21/><G125/><T118/><D118/><U66/><E66/><V70/><F70/><W120/><G120/><T54/><D128/><U27/><E4/><V107/><F107/><W130/><G130/><T30/><D78/><U126/><E126/><V91/><F111/><W121/><G121/><T67/><D67/><U109/><E109/><V132/><F132/><W108/><G108/><T15/><REACH who="0" step="1"/><D89/><REACH who="0" ten="230,230,280,250" step="2"/><U93/><E100/><V17/><F91/><W76/><G88/><T55/><D55/><U13/><E80/><V133/><F81/><W94/><G76/><T96/><D96/><U123/><E123/><V42/><F133/><W36/><G53/><T92/><D92/><U34/><E34/><V82/><F124/><W112/><G94/><T106/><D106/><U24/><REACH who="1" step="1"/><E52/><REACH who="1" ten="230,220,280,250" step="2"/><V47/><F42/><W2/><G2/><T9/><D9/><AGARI ba="0,2" hai="9,13,19,24,27,60,65,69,74,77,83,93,98,101" machi="9" ten="30,11600,0" yaku="1,1,2,1,7,1,53,1" doraHai="110" doraHaiUra="10" who="1" fromWho="0" sc="230,-116,220,136,280,0,250,0" /><INIT seed="1,1,0,4,5,33" ten="114,356,280,250" oya="1" hai0="89,10,1,88,121,52,95,113,116,104,84,49,126" hai1="24,9,15,28,23,48,74,99,93,32,67,108,16" hai2="79,80,134,55,66,118,107,29,36,110,127,58,132" hai3="81,71,68,8,122,61,76,17,51,123,109,82,106"/><U101/><E74/><V91/><F91/><W125/><G109/><T114/><D116/><U11/><E108/><V26/><F36/><W38/><G106/><T43/><D104/><U25/><E67/><V3/><F3/><W135/><G38/><T30/><D43/><U64/><E64/><V63/><F107/><W13/><G125/><T7/><D126/><U35/><E48/><V14/><F14/><W119/><G135/><T96/><D30/><AGARI ba="1,0" hai="9,11,15,16,23,24,25,28,30,32,35,93,99,101" machi="30" ten="40,3900,0" yaku="9,1,54,1" doraHai="33" who="1" fromWho="0" sc="114,-42,356,42,280,0,250,0" /><INIT seed="1,2,0,4,5,111" ten="72,398,280,250" oya="1" hai0="42,64,25,1,34,16,74,98,33,103,26,132,67" hai1="94,38,70,115,107,54,12,133,77,57,121,125,6" hai2="17,50,118,4,53,14,110,3,59,28,63,8,84" hai3="82,106,22,83,19,100,2,7,85,69,102,99,56"/><U131/><E121/><V79/><F118/><W20/><G69/><T108/><D74/><U40/><E107/><V81/><F110/><W116/><G116/><T65/><D108/><U55/><E77/><V5/><F28/><W123/><G123/><T52/><D132/><U134/><E70/><V72/><F72/><W87/><G7/><T93/><D42/><U60/><E125/><V112/><F112/><W43/><G43/><T90/><D1/><U117/><E117/><V23/><F3/><W61/><G2/><T30/><D34/><U129/><E94/><V36/><F36/><W114/><G114/><T71/><D71/><U66/><E12/><V32/><F32/><W109/><G109/><T104/><D52/><N who="1" m="20011" /><E6/><V0/><REACH who="2" step="1"/><F5/><REACH who="2" ten="72,398,270,250" step="2"/><W68/><G19/><T62/><D62/><AGARI ba="2,1" hai="0,4,8,14,17,23,50,53,59,62,63,79,81,84" machi="62" ten="40,2600,0" yaku="1,1,2,1,53,0" doraHai="111" doraHaiUra="96" who="2" fromWho="0" sc="72,-32,398,0,270,42,250,0" /><INIT seed="2,0,0,5,0,102" ten="40,398,312,250" oya="2" hai0="103,132,36,95,82,114,128,54,52,66,81,8,87" hai1="14,2,49,71,80,78,60,15,131,120,63,27,122" hai2="41,126,93,17,133,12,127,130,16,3,53,62,96" hai3="92,85,134,43,4,90,77,106,48,28,105,112,19"/><V88/><F3/><W33/><G112/><T61/><D114/><U22/><E2/><V67/><F41/><W23/><G4/><T110/><D110/><U75/><E131/><V11/><F133/><W79/><G134/><T111/><D111/><U64/><E49/><V51/><F130/><W116/><G116/><T108/><D108/><U109/><E63/><V76/><F76/><W18/><G33/><T70/><D132/><U35/><E35/><V65/><F17/><W26/><G43/><T45/><D128/><U38/><E38/><V9/><F9/><W34/><G48/><T73/><D73/><U42/><E42/><V31/><F31/><W40/><G40/><T7/><D36/><U13/><REACH who="1" step="1"/><E109/><REACH who="1" ten="40,388,312,250" step="2"/><V104/><F62/><W1/><G1/><T83/><D45/><U24/><E24/><V58/><REACH who="2" step="1"/><F104/><REACH who="2" ten="40,388,302,250" step="2"/><W72/><G106/><T44/><D54/><U101/><E101/><V86/><F86/><W84/><G105/><T29/><D103/><U0/><E0/><V113/><F113/><W56/><G34/><T135/><D135/><U59/><E59/><V74/><F74/><W68/><G72/><T121/><D52/><U47/><E47/><V123/><F123/><W107/><G107/><T118/><D44/><U55/><E55/><V21/><F21/><W98/><G85/><T94/><D87/><U32/><E32/><V115/><F115/><W50/><G84/><T99/><D121/><U117/><E117/><V91/><F91/><W20/><G23/><T57/><D118/><U89/><E89/><V10/><F10/><W97/><G90/><RYUUKYOKU ba="0,2" sc="40,-15,388,15,302,15,250,-15" hai1="13,14,15,22,27,60,64,71,75,78,80,120,122" hai2="11,12,16,51,53,58,65,67,88,93,96,126,127" /><INIT seed="2,1,2,1,3,77" ten="25,403,317,235" oya="2" hai0="79,107,119,88,99,22,96,64,71,83,112,133,35" hai1="45,76,15,105,47,17,87,115,134,86,54,7,118" hai2="59,132,34,0,129,23,41,81,65,74,24,53,13" hai3="102,91,48,28,124,21,113,116,2,100,29,6,72"/><V94/><F0/><W5/><G116/><T3/><D112/><U131/><E115/><V126/><F126/><W10/><G72/><T62/><D119/><U33/><E118/><V66/><F132/><W8/><G113/><T123/><D123/><U122/><E134/><V63/><F129/><W68/><G68/><T55/><D133/><U135/><E135/><V89/><F34/><W37/><G37/><T130/><D35/><U27/><E131/><V67/><F41/><W85/><G124/><T69/><D3/><U40/><E105/><V32/><F32/><W127/><G127/><T43/><D43/><U51/><E122/><V12/><F74/><W98/><G48/><T44/><D130/><U46/><E46/><V95/><F95/><W109/><G21/><T36/><D71/><U80/><E86/><V82/><F12/><W30/><G109/><T92/><D22/><U78/><E78/><V120/><F13/><W50/><G50/><T31/><D31/><U121/><E121/><V18/><F120/><W20/><G20/><T117/><D117/><U57/><E40/><V103/><F103/><W9/><G98/><AGARI ba="1,2" hai="18,23,24,53,59,63,65,66,67,81,82,89,94,98" machi="98" ten="40,12000,1" yaku="25,2,8,1,52,2" doraHai="77" who="2" fromWho="3" sc="25,0,403,0,317,143,235,-123" /><INIT seed="2,2,0,1,2,27" ten="25,403,460,112" oya="2" hai0="15,2,77,19,60,116,66,85,121,61,96,17,80" hai1="88,74,1,51,131,130,36,9,110,134,57,42,22" hai2="106,75,48,11,14,90,52,78,87,129,76,72,45" hai3="79,4,135,32,64,5,97,63,107,20,94,118,65"/><V31/><F106/><W12/><G32/><T117/><D121/><U58/><E110/><V104/><F104/><W122/><G107/><T10/><D2/><U13/><E74/><V71/><F71/><W98/><G122/><T7/><D96/><U44/><E134/><V33/><F129/><N who="1" m="49161" /><E1/><V16/><F75/><W8/><G118/><T28/><D28/><U50/><E22/><V55/><F55/><W25/><G135/><T0/><D61/><U109/><E109/><V21/><F33/><W84/><G4/><T123/><D123/><U3/><E3/><V95/><F72/><W112/><G112/><T101/><D101/><U73/><E73/><V111/><F111/><W113/><G113/><T54/><D54/><U41/><E88/><V23/><F23/><W114/><G114/><T133/><D133/><U6/><E36/><V89/><F89/><W82/><G63/><T24/><D24/><AGARI ba="2,0" hai="11,14,16,21,24,31,45,48,52,76,78,87,90,95" machi="24" ten="40,12000,1" yaku="8,1,52,1,54,2" doraHai="27" who="2" fromWho="0" sc="25,-126,403,0,460,126,112,0" owari="-101,-60.1,403,20.3,586,68.6,112,-28.8" /></mjloggm>