<mjloggm ver="2.3"><GO type="169" lobby="0"/><UN n0="%E3%81%99%E3%81%91%E3%81%B4%E3%82%87%E3%82%93" n1="%71%75%61%72%6B" n2="%E3%81%BE%E3%81%A8%E3%81%9F" n3="%E3%82%A2%E3%83%B3%E3%83%88%E3%83%AC%E3%83%BC%E3%82%B9" dan="16,16,16,16" rate="2099.23,2028.78,2071.89,2075.89" sx="M,M,M,M"/><TAIKYOKU oya="0"/><INIT seed="0,0,0,5,3,56" ten="250,250,250,250" oya="0" hai0="1,36,115,122,18,91,125,85,102,48,43,104,119" hai1="92,108,37,34,63,89,46,134,126,67,88,20,124" hai2="62,71,16,109,53,14,40,99,38,44,21,120,0" hai3="58,66,5,8,94,54,101,52,13,57,7,27,80"/><T9/><D122/><U133/><E34/><V118/><F120/><W123/><G123/><T130/><D119/><U55/><E108/><V75/><F75/><W59/><G66/><T78/><D115/><U47/><E20/><V131/><F109/><W32/><G5/><T103/><D125/><N who="1" m="48235" /><E55/><V51/><F131/><W23/><G32/><T111/><D111/><U70/><E89/><V65/><F0/><W6/><G6/><T41/><D130/><U97/><E37/><V127/><F127/><W135/><G135/><AGARI ba="0,0" hai="46,47,63,67,70,88,92,97,133,134,135" m="48235" machi="135" ten="30,7700,0" yaku="20,1,18,1,52,1,54,1" doraHai="56" who="1" fromWho="3" sc="250,0,250,77,250,0,250,-77" /><INIT seed="1,0,0,0,0,15" ten="250,327,250,173" oya="1" hai0="27,2,102,91,105,28,103,79,41,92,20,6,97" hai1="64,110,23,108,44,32,37,36,69,121,82,0,57" hai2="17,113,50,120,81,16,12,5,3,88,117,78,65" hai3="124,134,129,30,48,55,35,11,8,87,118,51,40"/><U98/><E32/><V101/><F117/><W89/><G129/><T45/><D105/><U63/><E121/><V34/><F34/><W75/><G75/><T33/><D79/><U47/><E0/><V133/><F120/><W123/><G123/><T58/><D33/><U49/><E98/><V46/><F133/><W109/><G109/><N who="1" m="42090" /><E82/><V76/><F3/><W125/><G134/><T18/><D28/><U61/><E23/><V1/><F65/><W4/><G40/><T56/><D6/><U74/><E74/><V31/><F31/><W7/><G48/><T72/><D72/><U13/><E13/><V85/><F101/><W127/><G118/><T100/><REACH who="0" step="1"/><D2/><REACH who="0" ten="240,327,250,173" step="2"/><U39/><E49/><AGARI ba="0,1" hai="18,20,27,41,45,49,56,58,91,92,97,100,102,103" machi="49" ten="40,12000,2" yaku="1,1,2,1,8,1,52,1,53,2" doraHai="15" doraHaiUra="53" who="0" fromWho="1" sc="240,130,327,-120,250,0,173,0" /><INIT seed="2,0,0,4,1,48" ten="370,207,250,173" oya="2" hai0="93,108,88,111,63,77,55,60,43,120,33,51,5" hai1="101,14,133,107,105,98,130,12,35,115,92,131,39" hai2="122,97,82,11,90,129,81,0,121,64,27,19,96" hai3="73,58,13,9,89,99,134,26,7,69,72,30,83"/><V94/><F129/><N who="1" m="49161" /><E115/><V74/><F64/><W75/><G69/><T124/><D33/><U8/><E39/><V132/><F0/><W78/><G134/><T125/><D120/><U91/><E133/><V21/><F132/><W126/><G126/><N who="0" m="48747" /><D77/><U135/><E135/><V109/><F109/><N who="0" m="42058" /><D43/><U36/><E36/><V1/><F97/><W61/><G89/><T62/><D5/><U56/><E35/><V95/><F74/><W128/><G99/><N who="0" m="57767" /><D63/><U118/><E118/><V54/><F122/><W25/><G128/><T103/><D103/><U127/><E127/><V45/><F121/><W68/><G25/><T31/><D31/><U47/><E91/><V40/><F40/><W18/><G7/><T102/><D102/><U104/><E98/><V24/><F95/><W123/><G123/><T87/><D87/><U2/><E92/><V67/><F94/><W76/><G76/><T42/><D42/><U38/><E101/><V34/><F96/><W57/><G72/><T116/><D116/><U49/><E107/><V84/><F84/><W66/><REACH who="3" step="1"/><G73/><REACH who="3" ten="370,207,250,163" step="2"/><T53/><D53/><U80/><E80/><V10/><F81/><W52/><G52/><T70/><D70/><U23/><E105/><V46/><F54/><W114/><G114/><T4/><D4/><U113/><E104/><V112/><F112/><W71/><G71/><T117/><D117/><U3/><E113/><V29/><F82/><W59/><G59/><AGARI ba="0,1" hai="51,55,59,60,62" m="57767,42058,48747" machi="59" ten="30,7700,0" yaku="18,1,14,1,52,1,54,1" doraHai="48" who="0" fromWho="3" sc="370,87,207,0,250,0,163,-77" /><INIT seed="3,0,0,1,1,75" ten="457,207,250,86" oya="3" hai0="111,87,74,14,124,127,41,79,57,91,26,125,52" hai1="63,78,24,23,126,18,45,103,89,22,104,99,33" hai2="34,27,102,121,112,5,86,123,47,38,19,60,114" hai3="56,15,133,115,13,83,61,8,12,77,31,20,40"/><W58/><G115/><N who="2" m="44073" /><F102/><W10/><G133/><T94/><D111/><U2/><E126/><V36/><F47/><W116/><G116/><T66/><D41/><U68/><E2/><V65/><F5/><W59/><G61/><T120/><D120/><N who="2" m="46154" /><F86/><N who="3" m="48495" /><G40/><T93/><D66/><U0/><E0/><V37/><F19/><W29/><G20/><T90/><D26/><U130/><E130/><V9/><F9/><AGARI ba="0,0" hai="8,9,10,12,13,15,29,31,56,58,59" m="48495" machi="9" ten="30,2900,0" yaku="8,1,52,1" doraHai="75" who="3" fromWho="2" sc="457,0,207,0,250,-29,86,29" /><INIT seed="3,1,0,0,1,125" ten="457,207,221,115" oya="3" hai0="33,68,130,83,56,93,112,120,94,99,59,60,28" hai1="91,80,52,122,37,135,101,58,116,61,9,98,84" hai2="89,88,123,44,109,79,7,131,27,25,77,70,108" hai3="8,106,118,21,47,36,124,64,90,134,57,15,19"/><W17/><G118/><T63/><D120/><U43/><E122/><V102/><F123/><W103/><G124/><T132/><D112/><U87/><E116/><V86/><F70/><W66/><G134/><T96/><D132/><U48/><E135/><V10/><F102/><W126/><G126/><T104/><D68/><U6/><E37/><V55/><F131/><W74/><G74/><T78/><D130/><U117/><E117/><V11/><F44/><W113/><G113/><T82/><D104/><U23/><E23/><V97/><F86/><W81/><G103/><T105/><D105/><U5/><E87/><V115/><F55/><W121/><G106/><T22/><D33/><U53/><E43/><V29/><F7/><W73/><G121/><T107/><D107/><U41/><E41/><V51/><F51/><W16/><G47/><T129/><D129/><U18/><E98/><V92/><F92/><W50/><G36/><T13/><D13/><N who="1" m="7471" /><E101/><V111/><F115/><W71/><G71/><T119/><D119/><U75/><E75/><V85/><F85/><N who="3" m="50479" /><G73/><T2/><D2/><U40/><E40/><V12/><F111/><W39/><G39/><T3/><D3/><U133/><E133/><V32/><F108/><W4/><G21/><T100/><D100/><U95/><E95/><N who="2" m="56551" /><F109/><W65/><G50/><T38/><D38/><U34/><E34/><V26/><F32/><W30/><G30/><T35/><D35/><U49/><E49/><V67/><F29/><W110/><G110/><T1/><D1/><U45/><AGARI ba="1,0" hai="5,6,45,48,52,53,58,61,80,84,91" m="7471" machi="45" ten="30,4000,0" yaku="25,1,8,1,54,1" doraHai="125" who="1" fromWho="1" sc="457,-11,207,43,221,-11,115,-21" /><INIT seed="4,0,0,1,3,91" ten="446,250,210,94" oya="0" hai0="123,51,114,20,66,115,121,19,98,16,85,0,45" hai1="37,52,6,104,25,49,117,110,8,55,1,12,7" hai2="106,77,50,63,97,81,28,105,113,59,58,109,132" hai3="135,96,82,34,127,101,46,76,39,15,65,119,29"/><T90/><D0/><U27/><E110/><V103/><F109/><W48/><G119/><T60/><D98/><U99/><E37/><V129/><F113/><N who="0" m="43018" /><D121/><U93/><E104/><V5/><F129/><W56/><G39/><T2/><D2/><U112/><E112/><V86/><F132/><W87/><G135/><T33/><D33/><U118/><E118/><V69/><F5/><W126/><G29/><T124/><D20/><U32/><E117/><V116/><F116/><W80/><G34/><T102/><D102/><U122/><E122/><V41/><F106/><W67/><G15/><T107/><D107/><U26/><E32/><V131/><F131/><W73/><G56/><N who="0" m="37127" /><D124/><U70/><E70/><V88/><F28/><W120/><G120/><T72/><D72/><U18/><E1/><V94/><F69/><W9/><G9/><T22/><D22/><U100/><E55/><V79/><F105/><W4/><G4/><T75/><D75/><U3/><E3/><V95/><F81/><W89/><G126/><T13/><D13/><U14/><E14/><V84/><F84/><W74/><G127/><T130/><D130/><U134/><E134/><V128/><F128/><W78/><G96/><T23/><D23/><U47/><AGARI ba="0,0" hai="6,7,8,12,18,25,26,27,47,49,52,93,99,100" machi="47" ten="30,7900,0" yaku="0,1,8,1,52,1,54,1" doraHai="91" who="1" fromWho="1" sc="446,-39,250,79,210,-20,94,-20" /><INIT seed="5,0,0,2,2,16" ten="407,329,190,74" oya="1" hai0="116,21,33,125,18,69,46,68,11,114,85,93,8" hai1="118,43,17,91,109,13,50,95,48,56,75,76,89" hai2="35,83,97,54,87,105,24,119,44,71,7,107,121" hai3="110,32,59,15,123,40,61,111,39,81,38,117,72"/><U41/><E118/><V129/><F119/><W3/><G3/><T112/><D33/><U55/><E109/><V5/><F71/><W25/><G117/><T49/><D116/><U62/><E75/><V36/><F121/><W67/><G123/><T22/><D125/><U30/><E30/><V70/><F70/><W103/><G103/><T131/><D131/><U132/><E76/><V47/><F36/><W74/><G38/><T84/><D18/><U130/><E130/><V86/><F24/><W120/><G120/><T2/><D2/><U20/><E132/><V92/><F35/><W94/><G94/><T108/><D93/><U19/><E19/><V60/><F87/><W100/><G100/><T27/><D27/><U57/><E91/><V9/><F7/><W26/><G26/><T79/><D79/><U45/><E57/><N who="2" m="34871" /><F105/><W88/><G72/><T77/><D77/><U99/><REACH who="1" step="1"/><E50/><REACH who="1" ten="407,319,190,74" step="2"/><V134/><F129/><W31/><G74/><T101/><D49/><U78/><E78/><V122/><F134/><W42/><G39/><T29/><D29/><U58/><E58/><V127/><F127/><W135/><G135/><T98/><D108/><U23/><E23/><V1/><F122/><W51/><G111/><T113/><D113/><U52/><AGARI ba="0,1" hai="13,17,20,41,43,45,48,52,55,56,62,89,95,99" machi="52" ten="20,18000,2" yaku="1,1,0,1,7,1,8,1,52,1,54,1,53,0" doraHai="16" doraHaiUra="106" who="1" fromWho="1" sc="407,-60,319,190,190,-60,74,-60" /><INIT seed="5,1,0,4,4,127" ten="347,509,130,14" oya="1" hai0="23,48,115,14,121,124,131,61,28,135,82,2,20" hai1="101,27,129,25,6,89,60,95,91,112,38,46,93" hai2="5,30,108,75,57,45,128,133,36,8,79,42,24" hai3="118,80,32,68,19,134,11,99,65,54,74,55,40"/><U52/><E129/><V59/><F108/><W117/><G32/><T58/><D131/><U84/><E112/><V125/><F125/><W86/><G74/><T12/><D2/><U122/><E122/><V88/><F133/><W73/><G73/><T10/><D124/><U15/><E101/><V18/><F18/><W83/><G134/><T47/><D135/><U0/><E0/><V126/><F126/><W130/><G40/><T34/><D115/><U110/><E110/><V123/><F123/><W22/><G11/><T56/><D121/><U69/><E38/><V9/><F9/><W113/><G113/><T90/><D34/><U97/><E69/><V31/><F31/><W106/><G80/><T21/><D28/><U94/><E94/><V64/><F64/><W1/><G1/><T119/><D119/><N who="3" m="45577" /><G130/><T35/><D35/><U109/><E109/><V16/><F75/><W41/><G41/><T39/><D39/><U44/><E6/><V81/><F5/><W66/><G99/><T120/><D120/><U87/><E97/><V50/><F81/><W111/><G106/><T96/><D96/><U37/><E37/><V116/><F36/><W17/><G17/><T3/><D3/><U103/><E103/><V85/><F128/><W105/><G105/><T33/><D33/><U67/><E15/><V70/><F116/><W78/><G111/><T51/><D14/><U98/><E98/><V7/><F7/><W102/><G102/><T62/><D12/><U72/><E72/><V107/><F107/><W76/><G76/><T132/><D132/><U4/><E4/><RYUUKYOKU ba="1,0" sc="347,0,509,0,130,0,14,0" /><INIT seed="6,2,0,5,1,47" ten="347,509,130,14" oya="2" hai0="3,98,56,53,66,22,83,125,75,11,118,68,39" hai1="135,117,42,60,57,85,31,24,80,106,92,49,77" hai2="14,82,108,104,26,58,33,12,122,20,88,70,113" hai3="34,123,99,44,76,54,114,102,112,2,10,129,105"/><V51/><F122/><W89/><G34/><T28/><D39/><U93/><E117/><V23/><F70/><W133/><G123/><T25/><D118/><U55/><E106/><V107/><F113/><N who="3" m="43627" /><G129/><T96/><D125/><U90/><E135/><V73/><F33/><W78/><G133/><T110/><D110/><U121/><E121/><V97/><F73/><W131/><G131/><T63/><D75/><U13/><E13/><V101/><F104/><W59/><G44/><T15/><D83/><U81/><E42/><V72/><F23/><W35/><G35/><T120/><D3/><U21/><E60/><V119/><F119/><W95/><G10/><T37/><D37/><U41/><E41/><V128/><F128/><W4/><G4/><T6/><D120/><U69/><E69/><V86/><F108/><W71/><G2/><T38/><D38/><U87/><AGARI ba="2,0" hai="21,24,31,49,55,57,77,80,81,85,87,90,92,93" machi="87" ten="20,5200,0" yaku="0,1,7,1,8,1,52,1" doraHai="47" who="1" fromWho="1" sc="347,-15,509,58,130,-28,14,-15" owari="332,13.2,567,66.7,102,-29.8,-1,-50.1" /></mjloggm>