<mjloggm ver="2.3"><GO type="169" lobby="0"/><UN n0="%45%7A%61%6B%69" n1="%E3%82%BF%E3%83%9E%E3%83%8D%E3%82%AE" n2="%E8%80%81%E6%A5%BD" n3="%E6%A8%99" dan="16,18,18,16" rate="2106.54,2238.06,2276.15,2117.99" sx="M,M,M,M"/><TAIKYOKU oya="0"/><INIT seed="0,0,0,4,1,92" ten="250,250,250,250" oya="0" hai0="50,106,27,41,33,48,123,10,134,91,12,22,105" hai1="94,19,4,35,80,55,56,64,127,7,37,40,18" hai2="83,6,124,86,28,126,25,11,60,122,17,130,52" hai3="115,38,5,67,79,107,70,65,75,109,44,89,108"/><T84/><D123/><U104/><BYE who="2" /><E104/><V61/><F61/><N who="3" m="40239" /><G89/><T2/><D134/><U85/><E35/><V118/><F118/><W111/><G115/><T81/><D2/><U102/><E127/><V69/><F69/><W0/><G67/><T82/><D33/><U93/><E64/><V45/><F45/><W42/><G107/><T101/><D81/><U3/><E93/><UN n2="%E8%80%81%E6%A5%BD" /><V39/><F122/><W132/><G132/><T9/><D9/><U32/><E32/><V1/><F17/><N who="1" m="6153" /><E40/><V15/><F39/><W97/><G97/><T53/><D41/><U43/><E43/><V131/><F1/><W96/><G96/><T20/><D20/><U54/><E37/><V62/><F62/><W98/><G98/><T113/><D113/><U121/><E3/><V74/><F74/><W117/><G117/><T26/><D26/><U8/><E8/><V135/><F135/><W116/><G116/><T46/><D50/><N who="1" m="30807" /><E55/><V114/><F114/><W63/><G63/><T24/><D24/><U13/><E13/><V112/><F112/><W73/><G79/><T36/><D36/><U68/><E68/><V129/><F25/><W76/><G76/><T29/><REACH who="0" step="1"/><D101/><REACH who="0" ten="240,250,250,250" step="2"/><U58/><E121/><V95/><F83/><W78/><G78/><T110/><D110/><U72/><E102/><V90/><F28/><W16/><G16/><AGARI ba="0,1" hai="10,12,16,22,27,29,46,48,53,82,84,91,105,106" machi="16" ten="30,18000,2" yaku="1,1,7,1,25,2,54,1,53,1" doraHai="92" doraHaiUra="21" who="0" fromWho="3" sc="240,190,250,0,250,0,250,-180" /><INIT seed="0,1,0,5,2,116" ten="430,250,250,70" oya="0" hai0="43,42,132,107,70,111,98,106,14,100,60,49,117" hai1="33,76,58,45,32,123,0,131,54,46,37,89,75" hai2="3,27,126,90,133,114,66,64,96,85,16,22,110" hai3="13,135,21,1,81,82,128,28,68,87,15,92,61"/><T51/><D117/><U83/><E131/><V124/><F114/><W30/><G135/><T94/><D132/><U6/><E89/><V17/><F133/><W113/><G113/><T47/><D111/><U4/><E123/><V53/><F3/><W36/><G36/><T105/><D14/><U67/><E67/><V72/><F72/><W134/><G1/><T73/><D73/><U55/><E55/><V80/><F110/><W44/><G134/><T93/><D93/><U115/><E115/><V69/><F69/><W119/><G119/><T57/><D70/><U50/><E45/><V7/><F7/><W25/><G128/><T24/><D24/><U125/><E125/><N who="2" m="48235" /><F53/><W29/><G44/><T74/><D74/><U86/><E86/><V108/><F108/><W62/><G68/><T26/><D26/><U19/><E19/><N who="2" m="7243" /><F96/><W78/><G82/><T20/><D20/><U127/><E127/><V63/><F63/><N who="3" m="24075" /><G92/><T104/><D104/><U56/><E6/><V41/><F41/><W9/><G15/><T101/><D101/><U10/><REACH who="1" step="1"/><E56/><REACH who="1" ten="430,240,250,70" step="2"/><V84/><F85/><W23/><G25/><T130/><D130/><U121/><E121/><V2/><F2/><W59/><G59/><T112/><D112/><U120/><E120/><V79/><F90/><W122/><G122/><T102/><D47/><U12/><E12/><V109/><F109/><W52/><G52/><N who="0" m="33831" /><D102/><U34/><E34/><V5/><F5/><AGARI ba="1,1" hai="5,9,13,21,23,28,29,30,78,81,87" m="24075" machi="5" ten="30,1000,0" yaku="8,1" doraHai="116" who="3" fromWho="2" sc="430,0,240,0,250,-13,70,23" /><INIT seed="1,0,0,2,5,23" ten="430,240,237,93" oya="1" hai0="62,126,14,82,22,15,42,44,99,38,135,84,95" hai1="39,101,118,125,64,52,94,109,61,53,112,10,55" hai2="11,6,104,19,117,83,128,134,20,45,50,80,73" hai3="16,4,30,71,110,76,133,36,66,47,68,46,25"/><U69/><E112/><V24/><F117/><W92/><G110/><T12/><D126/><U33/><E118/><V79/><F104/><W7/><G133/><T56/><D135/><U72/><E72/><V98/><F134/><W107/><G107/><T5/><D5/><U131/><E125/><V77/><F98/><W67/><G76/><T75/><D75/><U103/><E39/><V120/><F128/><W2/><G92/><T51/><D38/><U65/><E131/><V89/><F89/><W124/><G124/><T113/><D113/><U48/><E65/><V90/><F90/><W114/><G114/><T111/><D111/><U93/><E109/><V41/><F120/><W78/><G78/><N who="0" m="46167" /><D22/><U17/><E33/><V63/><F63/><W85/><G85/><T9/><D9/><U70/><E70/><V34/><F34/><W18/><G36/><T37/><D37/><U122/><E122/><V60/><F60/><W106/><G106/><T58/><D62/><U21/><E10/><V28/><F80/><W27/><REACH who="3" step="1"/><G30/><REACH who="3" ten="430,240,237,83" step="2"/><T115/><D115/><U3/><E93/><V81/><F79/><W49/><G49/><T35/><D51/><U105/><E105/><V29/><REACH who="2" step="1"/><F81/><REACH who="2" ten="430,240,227,83" step="2"/><W97/><G97/><T100/><D99/><U54/><E94/><V0/><AGARI ba="0,2" hai="0,6,11,19,20,24,28,29,41,45,50,73,77,83" machi="0" ten="20,8000,1" yaku="1,1,2,1,0,1,7,1,52,1,53,0" doraHai="23" doraHaiUra="8" who="2" fromWho="2" sc="430,-20,240,-40,227,100,83,-20" /><INIT seed="2,0,0,5,0,12" ten="410,200,327,63" oya="2" hai0="32,23,131,97,49,122,15,125,129,71,92,47,13" hai1="35,30,123,58,31,46,19,8,25,106,89,17,37" hai2="79,67,76,110,91,18,121,73,80,128,7,3,108" hai3="40,118,4,1,72,16,105,115,133,109,36,95,21"/><V88/><F121/><W34/><G95/><T65/><D122/><U98/><E123/><V68/><F76/><W90/><G90/><T55/><D125/><U38/><E31/><V45/><F128/><N who="0" m="49226" /><D32/><U120/><E120/><V85/><F45/><W29/><G40/><T5/><D5/><U86/><E58/><V101/><F101/><W66/><G66/><T51/><D23/><U52/><E8/><V24/><F7/><W41/><G118/><T33/><D33/><U28/><E28/><V104/><F104/><W9/><G115/><T116/><D116/><U117/><E117/><V43/><F3/><W74/><G105/><T75/><D75/><U6/><E6/><V114/><F43/><W102/><G102/><N who="0" m="60711" /><D51/><U20/><E35/><V50/><F50/><W59/><G133/><T100/><D100/><U126/><E126/><V135/><F114/><W127/><G109/><N who="2" m="42089" /><F135/><W70/><G127/><T134/><D134/><U83/><E106/><V78/><F78/><W82/><G70/><T48/><D49/><N who="1" m="28727" /><E38/><V11/><F73/><W69/><G69/><T119/><D119/><U60/><E37/><V64/><F11/><W63/><G36/><T54/><D54/><U39/><E39/><V77/><F77/><W81/><G72/><T26/><D71/><U14/><E60/><N who="2" m="39943" /><F67/><N who="3" m="39423" /><G74/><T112/><D65/><U87/><E98/><V53/><F53/><W113/><G41/><T57/><D112/><U2/><E2/><V27/><F27/><N who="3" m="18751" /><G113/><T44/><D26/><U56/><E56/><V84/><F84/><N who="1" m="32297" /><E14/><AGARI ba="0,0" hai="13,14,15,44,47,48,55,57" m="60711,49226" machi="14" ten="30,1000,0" yaku="19,1" doraHai="12" who="0" fromWho="1" sc="410,10,200,-10,327,0,63,0" /><INIT seed="3,0,0,4,2,77" ten="420,190,327,63" oya="3" hai0="35,36,133,13,52,29,26,55,85,126,65,17,60" hai1="22,59,10,124,131,100,86,40,119,118,27,129,123" hai2="108,92,99,37,134,67,28,46,98,69,31,25,18" hai3="63,121,102,11,38,39,110,57,32,81,51,66,83"/><W88/><G121/><T20/><D126/><U21/><E123/><V53/><F108/><W112/><G112/><T93/><D133/><U116/><E124/><V82/><F134/><W9/><G32/><T101/><D36/><U3/><E40/><V117/><F69/><W87/><G102/><T120/><D120/><U45/><E45/><V111/><F67/><W113/><G113/><T64/><D64/><U41/><E41/><V95/><F18/><W80/><G110/><T5/><D5/><N who="1" m="1343" /><E100/><V72/><F25/><W19/><G9/><T128/><D128/><N who="1" m="49227" /><E59/><V48/><F37/><W50/><G38/><T78/><D101/><U109/><E109/><V62/><F46/><W122/><G39/><T130/><D130/><U104/><E104/><V76/><F53/><W115/><G115/><T125/><D125/><U97/><E97/><V43/><F43/><W68/><G122/><T103/><D103/><U96/><E96/><V91/><F99/><W6/><G19/><T70/><REACH who="0" step="1"/><D93/><REACH who="0" ten="410,190,327,63" step="2"/><U14/><E118/><V114/><F95/><N who="3" m="54687" /><G68/><T90/><D90/><U84/><E116/><V4/><F91/><W54/><G66/><T33/><D33/><U79/><E119/><V23/><F117/><W49/><G49/><T106/><D106/><U56/><E79/><V74/><F76/><W132/><G132/><T16/><D16/><N who="1" m="10391" /><E56/><V135/><F135/><W8/><G6/><T94/><D94/><U89/><E89/><V12/><F4/><W73/><G73/><T61/><D61/><U2/><E2/><V71/><F111/><W58/><G51/><T34/><D34/><RYUUKYOKU ba="0,1" sc="410,10,190,10,327,-30,63,10" hai0="13,17,20,26,29,35,52,55,60,65,70,78,85" hai1="22,27,84,86" hai3="8,11,50,54,57,58,63,80,81,83" /><INIT seed="3,1,1,0,5,108" ten="420,200,297,73" oya="3" hai0="81,64,27,62,11,72,68,52,120,134,116,18,29" hai1="71,31,7,15,112,3,57,114,49,30,61,33,103" hai2="74,105,59,66,58,132,46,95,83,121,125,78,54" hai3="32,45,25,124,23,13,104,118,51,113,115,37,67"/><W4/><G118/><T5/><D116/><U131/><E71/><V89/><F125/><W85/><G104/><T63/><D120/><U97/><E3/><V76/><F121/><W90/><G37/><T19/><D134/><U133/><E49/><V96/><F132/><W84/><G32/><T75/><D19/><U9/><E133/><V17/><F78/><W39/><G39/><T40/><D40/><U99/><E131/><V53/><F66/><W69/><G124/><T21/><D81/><U77/><E77/><V123/><F123/><W35/><G35/><T50/><D29/><U20/><E33/><V10/><F46/><W102/><G102/><T109/><D63/><U22/><E97/><V0/><F105/><W6/><G67/><T122/><D109/><U34/><E34/><V47/><F47/><W111/><G69/><T91/><D91/><U43/><E43/><V56/><F17/><W16/><G111/><T101/><D101/><U119/><E119/><V14/><REACH who="2" step="1"/><F14/><REACH who="2" ten="420,200,287,73" step="2"/><W44/><G44/><T79/><D79/><U2/><E15/><V93/><F93/><W98/><G13/><T26/><D122/><U70/><E31/><V129/><F129/><W55/><G98/><T106/><D106/><N who="1" m="63871" /><E30/><V130/><F130/><W1/><G1/><T87/><D64/><N who="1" m="38959" /><E70/><V8/><F8/><W110/><G110/><T38/><D11/><U24/><E24/><V82/><F82/><N who="3" m="49431" /><G85/><T36/><D68/><U100/><E100/><V80/><F80/><W65/><G65/><T12/><D12/><U73/><E73/><V42/><F42/><W128/><G128/><RYUUKYOKU ba="1,2" sc="420,-30,200,10,287,10,73,10" hai1="2,7,9,20,22,112,114" hai2="0,10,53,54,56,58,59,74,76,83,89,95,96" hai3="4,6,16,23,25,45,51,55,113,115" /><INIT seed="3,2,2,1,3,102" ten="390,210,297,83" oya="3" hai0="7,1,78,43,101,16,135,30,63,70,32,73,8" hai1="123,0,93,40,130,96,122,29,66,103,131,97,6" hai2="11,84,56,118,10,107,126,55,14,48,133,124,83" hai3="95,109,51,31,94,37,108,3,64,18,35,89,41"/><W58/><G3/><T128/><D128/><N who="1" m="49195" /><E66/><V24/><F118/><W36/><G31/><T61/><D135/><U27/><E40/><V100/><F133/><W20/><G35/><T74/><D43/><U59/><E59/><V42/><F42/><W17/><G41/><T119/><D119/><U88/><E6/><V34/><F100/><W77/><G77/><T47/><D47/><U2/><E2/><V120/><F120/><W86/><G95/><T45/><D45/><U82/><E0/><V134/><F134/><W52/><G64/><T25/><D78/><U79/><E27/><V67/><F67/><W98/><G98/><T132/><D132/><U113/><E29/><N who="2" m="19751" /><F14/><N who="3" m="9271" /><G18/><T9/><D101/><U23/><E23/><V39/><F39/><AGARI ba="2,2" hai="36,37,39,51,52,58,86,89,94,108,109" m="9271" machi="39" ten="30,2900,0" yaku="25,1,54,1" doraHai="102" who="3" fromWho="2" sc="390,0,210,0,297,-35,83,55" /><INIT seed="3,3,0,5,0,1" ten="390,210,262,138" oya="3" hai0="126,122,114,10,13,51,42,46,30,7,26,44,50" hai1="6,31,87,119,112,74,75,43,11,9,34,108,71" hai2="65,2,68,79,47,133,129,70,36,25,24,12,54" hai3="93,45,110,28,107,127,100,32,115,128,94,41,98"/><W61/><G115/><T90/><D122/><U27/><E112/><V118/><F2/><W96/><G128/><T52/><D114/><U106/><E71/><V39/><F79/><W73/><G73/><T4/><D126/><U67/><E106/><V15/><F47/><W84/><G127/><T117/><D117/><U48/><E67/><V125/><F65/><W104/><G61/><T53/><D90/><U19/><E119/><V33/><F54/><W86/><G110/><T95/><D95/><U3/><E108/><V83/><F33/><W76/><G28/><T66/><D66/><U99/><E99/><V21/><F21/><W121/><G32/><T5/><D42/><U59/><E87/><V123/><F83/><N who="3" m="47207" /><G121/><T124/><D124/><U85/><E85/><V63/><F125/><W16/><G16/><T72/><D72/><U88/><E88/><V91/><F63/><W89/><G41/><T56/><D56/><U23/><E11/><V49/><F91/><N who="3" m="55391" /><G45/><T81/><D81/><AGARI ba="3,0" hai="81,86,89,93,98,100,104,107" m="55391,47207" machi="81" ten="30,12000,1" yaku="35,5" doraHai="1" who="3" fromWho="0" sc="390,-129,210,0,262,0,138,129" /><INIT seed="3,4,0,5,2,97" ten="261,210,262,267" oya="3" hai0="10,105,11,34,30,64,130,111,75,57,5,85,53" hai1="37,88,107,62,96,18,117,26,128,4,23,73,121" hai2="101,39,48,1,22,31,87,89,38,115,52,9,106" hai3="42,123,66,124,44,3,94,76,54,14,74,67,109"/><W116/><G123/><T119/><D119/><U41/><E121/><V79/><F115/><W12/><G116/><T95/><D75/><U70/><E117/><V27/><F79/><W49/><G3/><T82/><D111/><U43/><E73/><V61/><F61/><W8/><G109/><T90/><D105/><U127/><E128/><V60/><F60/><W35/><G35/><T2/><D130/><U131/><E131/><V29/><F29/><W120/><G120/><T99/><D64/><U59/><E70/><V84/><F84/><W16/><G124/><T65/><D65/><N who="1" m="39135" /><E107/><V56/><F9/><W25/><G25/><T55/><D11/><U72/><E72/><V19/><F1/><W40/><G76/><T28/><D34/><U86/><E37/><V81/><REACH who="2" step="1"/><F31/><REACH who="2" ten="261,210,252,267" step="2"/><W93/><G74/><T134/><D134/><U133/><E133/><V80/><F80/><W102/><G66/><T51/><REACH who="0" step="1"/><D55/><REACH who="0" ten="251,210,252,267" step="2"/><U92/><E127/><V100/><F100/><AGARI ba="4,2" hai="2,5,10,28,30,51,53,57,82,85,90,95,99,100" machi="100" ten="30,7700,0" yaku="1,1,2,1,7,1,52,1,53,0" doraHai="97" doraHaiUra="36" who="0" fromWho="2" sc="251,109,210,0,252,-89,267,0" /><INIT seed="4,0,0,0,5,133" ten="360,210,163,267" oya="0" hai0="57,107,126,34,106,3,134,101,71,119,78,92,6" hai1="127,125,44,45,115,17,35,84,109,116,54,55,36" hai2="83,128,52,33,23,70,130,53,29,114,38,16,91" hai3="28,89,105,131,48,121,122,68,11,32,31,47,95"/><T12/><D119/><U88/><E109/><V132/><F38/><W86/><G68/><T98/><D134/><U74/><E74/><V117/><F132/><W113/><G105/><T62/><D71/><U87/><E116/><V135/><F135/><W111/><G111/><T75/><D34/><U58/><E35/><V42/><F42/><W63/><G131/><N who="2" m="50217" /><F70/><W102/><G113/><T51/><D3/><U50/><E115/><V1/><F1/><W73/><G73/><T79/><D51/><U0/><E0/><V110/><F110/><W24/><G102/><T14/><D14/><U27/><E84/><N who="2" m="50591" /><F114/><W37/><G37/><T118/><D118/><U103/><E103/><V123/><F117/><W2/><G31/><T82/><D79/><U69/><E69/><V76/><F76/><W20/><G32/><T66/><REACH who="0" step="1"/><D126/><REACH who="0" ten="350,210,163,267" step="2"/><N who="1" m="48139" /><E36/><V77/><F77/><W112/><G112/><T90/><D90/><U99/><E88/><V13/><F123/><W18/><G121/><T64/><D64/><U59/><E99/><V15/><F13/><N who="3" m="7487" /><G2/><T22/><D22/><N who="1" m="13775" /><E87/><V93/><F33/><W94/><G122/><T5/><D5/><U49/><AGARI ba="0,1" hai="44,45,49,50,54,55,58,59" m="13775,48139" machi="49" ten="30,7900,0" yaku="18,1,52,3" doraHai="133" who="1" fromWho="1" sc="350,-39,210,89,163,-20,267,-20" /><INIT seed="5,0,0,0,2,5" ten="311,299,143,247" oya="1" hai0="104,12,107,1,18,132,86,118,49,72,41,66,89" hai1="69,75,129,98,128,127,15,113,44,33,31,90,62" hai2="30,24,3,11,114,91,6,25,51,92,88,47,2" hai3="53,56,32,57,38,19,26,48,77,116,103,35,106"/><U67/><E75/><V81/><F114/><W34/><G38/><T130/><D118/><U115/><E127/><V76/><F2/><W108/><G108/><T80/><D1/><U4/><E44/><V13/><F3/><W94/><G106/><T122/><D130/><N who="1" m="50283" /><E31/><V102/><F102/><W99/><G116/><T123/><D132/><U133/><E33/><V100/><F100/><W135/><G135/><T40/><D66/><U52/><E133/><V73/><F30/><W112/><G112/><N who="1" m="43082" /><E52/><V50/><F50/><W95/><G77/><T37/><D37/><U111/><E111/><V61/><F61/><W43/><G43/><N who="0" m="16459" /><D49/><U21/><E21/><V82/><F82/><W85/><G26/><T36/><D72/><U79/><E79/><V27/><REACH who="2" step="1"/><F92/><REACH who="2" ten="311,299,133,247" step="2"/><W93/><G94/><T125/><D36/><U71/><E62/><V87/><F87/><W14/><G85/><T96/><D125/><U46/><E98/><V0/><F0/><W8/><G93/><T45/><D96/><U65/><E65/><V121/><F121/><N who="0" m="46090" /><D45/><U78/><E46/><V110/><F110/><W74/><G74/><T17/><D107/><U101/><E67/><V22/><F22/><W10/><REACH who="3" step="1"/><G56/><REACH who="3" ten="311,299,133,237" step="2"/><T70/><D104/><U60/><E71/><V29/><F29/><W105/><G105/><T84/><D84/><U55/><E69/><V97/><F97/><W120/><G120/><T7/><D70/><U54/><E101/><V9/><F9/><AGARI ba="0,2" hai="8,9,10,14,19,32,34,35,48,53,57,95,99,103" machi="9" ten="40,8000,1" yaku="1,1,52,3,53,0" doraHai="5" doraHaiUra="16" who="3" fromWho="2" sc="311,0,299,0,133,-80,237,100" /><AGARI ba="0,0" hai="7,9,12,17,18,80,86,89" m="46090,16459" machi="9" ten="30,2000,0" yaku="13,1,52,1" doraHai="5" who="0" fromWho="2" sc="311,20,299,0,53,-20,337,0" /><INIT seed="6,0,0,0,2,11" ten="331,299,33,337" oya="2" hai0="42,28,126,118,50,89,34,39,59,47,36,5,85" hai1="107,106,49,117,23,31,44,56,108,88,57,81,48" hai2="130,72,45,132,77,30,78,60,114,121,55,68,4" hai3="43,15,21,14,97,75,123,41,86,62,84,37,99"/><V58/><F121/><W133/><G75/><T116/><D126/><U67/><E117/><N who="0" m="45161" /><D5/><U119/><E119/><V51/><F132/><W87/><G123/><T17/><D17/><U8/><E108/><V52/><F114/><W40/><G133/><T111/><D111/><U33/><E33/><V66/><F130/><W13/><G37/><T22/><D34/><U105/><E67/><V131/><F131/><W19/><G62/><T53/><D28/><U73/><E73/><V103/><F30/><W76/><G76/><T102/><D102/><U64/><E64/><V2/><F103/><W94/><G94/><N who="0" m="54575" /><D22/><U12/><E23/><V93/><F93/><W32/><G32/><T127/><D127/><U65/><E31/><V113/><F113/><W71/><G71/><T9/><D9/><U1/><E1/><V20/><F20/><W10/><G10/><T134/><D134/><U90/><E65/><V70/><F72/><W122/><G122/><T61/><AGARI ba="0,0" hai="36,39,42,47,50,53,59,61" m="54575,45161" machi="61" ten="30,1100,0" yaku="12,1" doraHai="11" who="0" fromWho="0" sc="331,11,299,-3,33,-5,337,-3" /><INIT seed="7,0,0,0,0,133" ten="342,296,28,334" oya="3" hai0="102,129,108,75,36,110,86,66,77,17,29,49,93" hai1="23,18,83,130,74,5,99,27,98,41,52,132,9" hai2="32,92,101,0,10,103,115,96,91,46,6,107,30" hai3="13,8,125,4,59,121,3,117,100,85,56,33,72"/><W88/><G117/><T104/><D36/><U45/><E132/><V42/><F92/><W44/><G121/><T64/><D29/><U21/><E130/><V84/><F91/><W106/><G125/><T79/><D49/><U81/><E23/><V11/><F84/><W105/><G33/><T126/><D17/><U38/><E83/><V31/><F11/><W65/><G72/><T16/><D16/><U95/><E95/><V70/><F30/><W34/><G34/><T15/><D15/><U2/><REACH who="1" step="1"/><E52/><REACH who="1" ten="342,286,28,334" step="2"/><V112/><F103/><W135/><G135/><T82/><D129/><U47/><E47/><V67/><F46/><W71/><G44/><T51/><D82/><U50/><E50/><V19/><F19/><W119/><G119/><T1/><D51/><U134/><E134/><V61/><REACH who="2" step="1"/><F42/><REACH who="2" ten="342,286,18,334" step="2"/><W90/><G100/><T26/><D93/><U109/><E109/><V120/><F120/><W87/><G105/><T60/><D102/><U69/><E69/><V58/><F58/><W80/><G106/><T131/><D104/><U78/><AGARI ba="0,2" hai="2,5,9,18,21,27,38,41,45,74,78,81,98,99" machi="78" ten="30,7900,0" yaku="1,1,0,1,25,2,53,0" doraHai="133" doraHaiUra="25" who="1" fromWho="1" sc="342,-20,286,99,18,-20,334,-39" owari="322,12.2,385,48.5,-2,-50.2,295,-10.5" /></mjloggm>