<mjloggm ver="2.3"><GO type="169" lobby="0"/><UN n0="%E5%A4%A9%E3%81%8B%E3%81%91%E3%82%8B%E6%98%9F" n1="%E3%82%A6%E3%82%A9%E3%83%AB%E3%83%AD%E3%83%83%E3%83%88" n2="%E6%B9%98%E5%8C%97%E2%91%AD%E4%B8%89%E4%BA%95%E5%AF%BF" n3="%E6%81%8B%E3%81%AE%E3%81%86%E3%81%9F" dan="16,18,16,17" rate="2051.48,2232.19,2151.02,2211.19" sx="M,M,M,M"/><TAIKYOKU oya="0"/><INIT seed="0,0,0,2,2,84" ten="250,250,250,250" oya="0" hai0="37,78,75,72,32,109,28,114,95,13,29,87,106" hai1="16,62,74,6,60,80,12,26,24,22,3,88,102" hai2="10,44,57,122,130,50,120,43,1,118,99,45,7" hai3="36,112,93,34,31,67,21,8,42,131,128,63,117"/><T35/><D114/><U134/><E134/><V25/><F130/><W61/><G34/><T51/><D37/><U97/><E3/><V66/><F118/><W79/><G79/><T73/><D106/><U83/><E74/><V59/><F66/><W91/><G8/><T58/><D35/><U64/><E62/><V27/><F99/><W49/><G36/><T125/><D32/><U105/><E6/><V33/><F27/><W107/><G107/><T53/><D125/><U14/><E26/><V113/><F113/><W110/><G110/><T135/><D135/><U124/><E124/><V96/><F96/><W52/><G42/><T81/><D109/><U23/><E88/><V123/><REACH who="2" step="1"/><F45/><REACH who="2" ten="250,250,240,250" step="2"/><W86/><G117/><T92/><REACH who="0" step="1"/><D13/><REACH who="0" ten="240,250,240,250" step="2"/><U18/><REACH who="1" step="1"/><E24/><REACH who="1" ten="240,240,240,250" step="2"/><V47/><F47/><W48/><G112/><T111/><D111/><U9/><E9/><V2/><F2/><W38/><G131/><T89/><D89/><U76/><E76/><V46/><F46/><W19/><G91/><T103/><D103/><U104/><E104/><V116/><F116/><W94/><G128/><T69/><D69/><AGARI ba="0,3" hai="12,14,16,18,22,23,60,64,69,80,83,97,102,105" machi="69" ten="30,7700,0" yaku="1,1,7,1,9,1,54,1,53,0" doraHai="84" doraHaiUra="127" who="1" fromWho="0" sc="240,-77,240,107,240,0,250,0" /><INIT seed="1,0,0,1,3,17" ten="163,347,240,250" oya="1" hai0="46,130,71,67,10,14,92,108,106,32,66,86,101" hai1="53,16,50,20,114,21,103,54,19,61,127,111,13" hai2="104,70,107,110,9,72,113,69,63,80,115,23,6" hai3="27,129,90,58,126,11,49,116,40,122,124,96,112"/><U8/><E114/><N who="2" m="43531" /><F110/><W77/><G122/><T123/><D32/><U100/><E111/><V28/><F28/><W43/><G129/><T60/><D108/><U18/><E127/><V105/><F63/><W5/><G77/><T39/><D130/><U79/><E79/><N who="2" m="44135" /><F23/><N who="1" m="8777" /><E61/><V75/><F75/><W128/><G128/><T38/><D67/><U59/><E54/><V85/><F85/><W117/><G126/><T95/><D106/><N who="2" m="27138" /><V83/><DORA hai="44" /><F83/><W68/><G124/><T87/><D123/><U55/><E55/><V119/><F119/><W35/><G116/><T15/><D86/><U73/><E73/><V121/><F121/><W31/><G117/><T47/><D87/><U30/><E30/><V65/><F65/><W64/><G64/><T120/><D120/><U33/><E33/><V91/><F91/><W7/><G90/><T45/><D60/><U62/><E62/><V89/><F89/><W51/><G31/><T41/><D66/><U109/><E109/><V57/><F57/><W29/><G58/><T131/><D131/><U48/><E48/><V56/><F56/><W133/><G49/><T134/><D47/><U24/><E24/><V42/><F42/><W22/><G40/><T132/><D41/><U82/><E82/><V0/><AGARI ba="0,0" hai="0,6,9,69,70" m="27138,44135,43531" machi="0" ten="50,3200,0" yaku="11,1,23,1" doraHai="17,44" who="2" fromWho="2" sc="163,-8,347,-16,240,32,250,-8" /><INIT seed="2,0,0,5,0,63" ten="155,331,272,242" oya="2" hai0="18,52,65,47,12,54,55,17,128,43,61,15,90" hai1="24,41,46,132,125,36,117,96,122,111,80,86,109" hai2="72,75,100,68,60,7,6,121,69,44,40,108,26" hai3="16,87,58,2,115,95,118,70,13,91,120,14,27"/><V110/><F121/><W22/><G118/><T76/><D128/><U94/><E117/><V99/><F26/><W1/><G70/><T85/><D76/><U119/><E119/><V53/><F53/><W38/><G38/><T5/><D5/><U82/><E125/><V83/><F83/><W49/><G120/><T131/><D131/><U93/><E132/><V84/><F84/><W127/><G127/><T77/><D77/><U35/><E122/><V103/><F99/><W45/><G115/><T20/><D43/><U57/><E57/><V62/><F44/><W102/><G102/><T67/><D61/><U64/><E64/><N who="0" m="24649" /><D47/><U28/><E111/><V31/><F31/><W98/><G2/><T133/><D133/><U74/><E109/><V23/><F23/><W134/><G1/><T79/><D79/><U106/><E74/><V48/><F48/><W32/><G32/><T78/><D78/><U37/><E37/><V9/><F9/><W66/><G134/><T33/><D33/><U123/><E123/><V8/><F8/><W10/><G10/><N who="0" m="6295" /><D55/><U19/><E46/><V39/><F39/><W73/><G73/><T71/><D71/><U3/><E36/><V114/><F40/><W89/><G66/><T21/><D21/><U126/><E41/><V11/><F11/><W92/><REACH who="3" step="1"/><G58/><REACH who="3" ten="155,331,272,232" step="2"/><T42/><D42/><AGARI ba="0,1" hai="13,14,16,22,27,42,45,49,87,89,91,92,95,98" machi="42" ten="30,8000,1" yaku="1,1,2,1,7,1,8,1,54,1,53,0" doraHai="63" doraHaiUra="0" who="3" fromWho="0" sc="155,-80,331,0,272,0,232,90" /><INIT seed="3,0,0,1,2,118" ten="75,331,272,322" oya="3" hai0="116,127,2,21,11,112,114,10,92,134,68,76,58" hai1="84,0,9,107,96,62,126,61,14,13,67,119,79" hai2="117,106,53,3,82,6,63,12,89,23,87,75,39" hai3="129,97,35,131,5,37,95,30,122,50,110,34,74"/><W124/><G37/><T33/><D116/><U15/><E119/><V4/><F106/><W83/><G5/><T120/><D68/><U102/><E126/><V135/><F39/><W52/><G124/><T43/><D33/><U115/><E115/><N who="0" m="44073" /><D127/><U16/><E0/><V90/><F135/><W41/><G41/><T29/><D134/><U22/><E62/><V69/><F75/><W77/><G30/><T111/><D43/><U99/><E99/><V101/><F101/><W80/><G80/><T46/><D46/><U78/><E84/><N who="2" m="50327" /><F69/><W19/><G19/><T113/><N who="0" m="44081" /><T123/><DORA hai="38" /><D111/><U125/><E125/><V20/><F3/><W70/><G70/><T28/><D76/><U71/><REACH who="1" step="1"/><E14/><REACH who="1" ten="75,321,272,322" step="2"/><V88/><F12/><W103/><G110/><T132/><D132/><U1/><E1/><V25/><F117/><W18/><G129/><T36/><D2/><U54/><E54/><V26/><F53/><W60/><G131/><T57/><D36/><U42/><E42/><V31/><F63/><W91/><G60/><T27/><D29/><U44/><E44/><V100/><F31/><W24/><G50/><T56/><D92/><U86/><E86/><V104/><F87/><W17/><G95/><T66/><D66/><U8/><E8/><AGARI ba="0,1" hai="8,10,11,21,27,28,56,57,58,120,123" m="44081" machi="8" ten="50,6400,0" yaku="11,1,52,2" doraHai="118,38" who="0" fromWho="1" sc="75,74,321,-64,272,0,322,0" /><INIT seed="4,0,0,3,5,74" ten="149,257,272,322" oya="0" hai0="13,7,58,52,15,80,59,31,22,108,135,125,53" hai1="26,68,40,63,55,127,36,112,121,88,113,78,134" hai2="131,77,1,91,89,65,128,46,101,48,43,75,21" hai3="32,39,85,110,14,51,109,30,104,23,117,92,79"/><T44/><D135/><U37/><E121/><V24/><F1/><W84/><G39/><T118/><D118/><U122/><E122/><V100/><F65/><W9/><G104/><T115/><D115/><N who="1" m="44107" /><E134/><V70/><F70/><W94/><G32/><T95/><D125/><U67/><E127/><V105/><F105/><W132/><G117/><T116/><D116/><U82/><E40/><V130/><F75/><W103/><G110/><T41/><D108/><U8/><E55/><N who="0" m="21065" /><D95/><U93/><E8/><V126/><F77/><W114/><G79/><T60/><D7/><U47/><E26/><V124/><F126/><W5/><G109/><T49/><D80/><U38/><E47/><V90/><REACH who="2" step="1"/><F124/><REACH who="2" ten="149,257,262,322" step="2"/><W133/><G133/><T102/><D102/><U10/><E10/><V2/><F2/><W73/><G132/><T64/><D59/><U33/><E33/><V42/><F42/><W111/><G114/><T0/><D0/><U62/><E68/><V18/><AGARI ba="0,1" hai="18,21,24,43,46,48,89,90,91,100,101,128,130,131" machi="18" ten="40,5200,0" yaku="1,1,0,1,19,1,53,0" doraHai="74" doraHaiUra="50" who="2" fromWho="2" sc="149,-26,257,-13,262,62,322,-13" /><INIT seed="5,0,0,2,2,114" ten="123,244,324,309" oya="1" hai0="29,120,58,80,100,22,87,132,67,4,52,35,134" hai1="121,46,15,129,18,91,71,103,88,11,68,119,124" hai2="99,125,74,135,86,50,118,115,77,43,10,107,89" hai3="57,105,30,34,85,63,101,81,31,66,24,40,75"/><U28/><E121/><V0/><F115/><W90/><G30/><T133/><D120/><U21/><E124/><V65/><F65/><W131/><G131/><T62/><D35/><U61/><E129/><V41/><F125/><W72/><G40/><T44/><D4/><U25/><E119/><V108/><F10/><W56/><G56/><T1/><D1/><U117/><E117/><V95/><F0/><W19/><G101/><T102/><D29/><U2/><E103/><N who="2" m="62975" /><F118/><W97/><G97/><T3/><D3/><U60/><E46/><V116/><F116/><W6/><G105/><T111/><D111/><U51/><E51/><V39/><F39/><W55/><G6/><T109/><D109/><U130/><E130/><V12/><F12/><W76/><G19/><T123/><D123/><U106/><E106/><V104/><F104/><W94/><REACH who="3" step="1"/><G66/><REACH who="3" ten="123,244,324,299" step="2"/><T127/><D127/><U38/><E28/><V84/><F108/><W82/><G82/><T9/><D9/><U78/><E11/><V53/><F43/><W49/><G49/><N who="0" m="28711" /><D22/><U93/><E21/><V16/><F50/><W36/><G36/><T96/><D96/><U54/><E38/><V27/><F41/><W45/><G45/><T47/><D47/><U33/><E18/><V73/><F16/><W48/><G48/><T23/><D23/><U126/><E126/><V26/><F53/><W113/><G113/><T37/><D37/><U8/><E54/><V59/><F59/><W5/><G5/><T110/><D110/><U32/><E32/><V14/><F27/><W83/><G83/><T20/><D20/><RYUUKYOKU ba="0,1" sc="123,15,244,-15,324,-15,299,15" hai0="58,62,67,80,87,100,102,132,133,134" hai3="24,31,34,55,57,63,72,75,76,81,85,90,94" /><INIT seed="6,1,1,1,0,132" ten="138,229,309,314" oya="2" hai0="112,82,133,73,21,45,14,1,122,103,120,77,72" hai1="12,68,78,97,25,20,91,32,5,29,110,134,36" hai2="74,98,86,59,81,57,80,119,69,11,87,3,108" hai3="130,10,104,123,89,124,44,26,6,47,40,84,30"/><V63/><F108/><W15/><G124/><T65/><D1/><U50/><E110/><V17/><F119/><W22/><G104/><T42/><D133/><U13/><E36/><V9/><F74/><W66/><G123/><T117/><D117/><U127/><E68/><V95/><F69/><W92/><G130/><T105/><D73/><U51/><E134/><V4/><F17/><W61/><REACH who="3" step="1"/><G40/><REACH who="3" ten="138,229,309,304" step="2"/><T115/><D122/><U113/><E127/><V79/><F9/><W100/><G100/><T64/><D120/><U111/><E111/><V38/><F38/><W23/><G23/><T101/><D101/><U31/><E20/><V109/><F109/><W2/><G2/><T96/><D21/><U46/><E32/><V131/><F131/><W37/><G37/><T16/><D115/><U54/><E113/><V128/><F128/><W93/><G93/><T125/><D112/><U53/><E31/><V71/><F11/><W99/><G99/><T106/><D106/><U70/><E97/><V35/><F3/><W62/><G62/><T129/><D125/><U49/><E29/><V41/><F41/><W83/><G83/><T48/><REACH who="0" step="1"/><D129/><REACH who="0" ten="128,229,309,304" step="2"/><U116/><E116/><V28/><F35/><W135/><G135/><T60/><D60/><U76/><E51/><V102/><F63/><W85/><G85/><T0/><D0/><U118/><E50/><V88/><F87/><W107/><G107/><T67/><D67/><U52/><E49/><V90/><F102/><W114/><G114/><T27/><D27/><U7/><E118/><V55/><F86/><W126/><G126/><RYUUKYOKU ba="1,3" sc="128,15,229,-15,309,-15,304,15" hai0="14,16,42,45,48,64,65,72,77,82,96,103,105" hai3="6,10,15,22,26,30,44,47,61,66,84,89,92" /><INIT seed="7,2,3,2,0,14" ten="143,214,294,319" oya="3" hai0="24,8,102,32,84,34,108,93,72,59,88,73,41" hai1="92,36,109,20,79,95,31,57,120,114,117,56,110" hai2="127,30,91,87,4,0,63,78,106,44,94,98,83" hai3="75,43,42,45,111,69,123,18,15,26,82,2,33"/><W27/><G123/><T19/><D108/><U121/><E36/><V53/><F127/><W17/><G2/><T104/><D41/><U89/><E79/><V48/><F30/><W49/><G69/><T3/><D34/><U9/><E114/><V40/><F0/><W81/><G75/><T11/><D11/><U64/><E117/><V71/><F71/><W70/><G70/><T35/><D35/><U125/><E125/><V129/><F129/><W105/><G105/><T50/><D104/><U22/><E89/><V128/><F128/><W47/><G33/><T99/><D32/><U113/><E113/><V103/><F4/><W21/><G111/><T23/><D8/><U77/><E77/><V25/><F25/><W46/><G26/><T67/><D3/><U107/><E107/><V28/><F28/><W119/><G119/><T39/><D39/><U118/><E118/><V90/><F106/><W65/><G65/><T62/><REACH who="0" step="1"/><D50/><REACH who="0" ten="133,214,294,319" step="2"/><U101/><E9/><V16/><F40/><N who="3" m="15403" /><G49/><T10/><D10/><AGARI ba="2,4" hai="10,15,17,18,21,27,45,46,47,81,82" m="15403" machi="10" ten="30,5800,0" yaku="8,1,52,2" doraHai="14" who="3" fromWho="0" sc="133,-64,214,0,294,0,319,104" owari="69,-43.1,214,-18.6,294,9.4,423,52.3" /></mjloggm>