<mjloggm ver="2.3"><GO type="169" lobby="0"/><UN n0="%6B%65%79%33" n1="%E6%95%97%E5%8C%97%E8%80%85%E3%81%AD%E3%82%8B" n2="%E5%8D%97%E5%B8%9D%E5%8D%97%E6%B5%A6" n3="%6B%61%74%65%72%69%6E%61" dan="16,17,17,17" rate="2066.78,2153.21,2198.59,2242.43" sx="M,F,M,M"/><TAIKYOKU oya="0"/><INIT seed="0,0,0,3,2,109" ten="250,250,250,250" oya="0" hai0="9,102,12,45,68,16,116,126,21,4,19,123,113" hai1="61,8,10,86,54,92,38,114,39,13,99,131,5" hai2="34,82,132,57,110,31,88,101,33,104,93,40,22" hai3="2,26,62,25,75,20,121,107,67,112,73,56,52"/><T63/><D116/><U83/><E131/><V60/><F110/><W72/><G2/><T97/><D123/><U100/><E114/><V124/><F132/><W42/><G107/><T6/><D126/><U118/><E118/><V87/><F124/><W108/><G108/><T17/><D45/><U29/><E29/><V103/><F104/><W50/><G121/><T32/><D32/><U18/><E61/><V120/><F40/><W35/><G112/><T117/><D4/><U3/><REACH who="1" step="1"/><E54/><REACH who="1" ten="250,240,250,250" step="2"/><N who="2" m="33847" /><F120/><W135/><G135/><T24/><D117/><U127/><E127/><V105/><F105/><W79/><G42/><T51/><D113/><U70/><E70/><V71/><F71/><W37/><G52/><T41/><D68/><U133/><E133/><V77/><F34/><W0/><G62/><T84/><D63/><U95/><E95/><V55/><F33/><W80/><G35/><T44/><D84/><U64/><E64/><V129/><F55/><W69/><G67/><T46/><D44/><U85/><E85/><N who="2" m="52367" /><F129/><W15/><G69/><T66/><D66/><U7/><E7/><V91/><F77/><AGARI ba="0,1" hai="3,5,8,10,13,18,38,39,77,83,86,92,99,100" machi="77" ten="30,2000,0" yaku="1,1,7,1,53,0" doraHai="109" doraHaiUra="30" who="1" fromWho="2" sc="250,0,240,30,250,-20,250,0" /><INIT seed="1,0,0,5,1,100" ten="250,270,230,250" oya="1" hai0="131,85,74,37,115,91,6,68,116,108,57,69,64" hai1="24,107,101,78,10,124,2,106,50,113,79,59,36" hai2="27,104,56,80,121,75,127,92,55,18,118,5,97" hai3="3,84,1,76,62,83,8,134,7,45,11,81,103"/><U88/><E113/><V53/><F121/><W111/><G111/><T25/><D115/><U22/><E36/><V67/><F118/><W60/><G134/><T29/><D116/><U86/><E124/><V99/><F127/><W44/><G103/><T43/><D74/><U15/><E2/><V89/><F5/><W51/><G45/><T73/><D73/><U30/><E50/><V34/><F75/><W28/><G28/><T122/><D108/><U128/><E59/><V32/><F80/><W112/><G112/><T40/><D6/><U38/><E38/><V130/><F67/><W9/><G83/><T47/><D43/><U114/><E114/><V119/><F55/><W125/><G125/><T54/><D64/><U135/><E135/><V23/><F130/><W98/><G98/><T12/><D12/><U61/><E61/><N who="2" m="35983" /><F119/><W46/><G46/><T71/><D122/><U94/><E128/><V72/><F72/><W4/><REACH who="3" step="1"/><G11/><REACH who="3" ten="250,270,230,240" step="2"/><T132/><D132/><U42/><E42/><AGARI ba="0,1" hai="1,3,4,7,8,9,42,44,51,60,62,76,81,84" machi="42" ten="30,7700,0" yaku="1,1,2,1,7,1,9,1,53,0" doraHai="100" doraHaiUra="133" who="3" fromWho="1" sc="250,0,270,-77,230,0,240,87" /><INIT seed="2,0,0,2,0,116" ten="250,193,230,327" oya="2" hai0="32,5,62,99,90,129,6,64,57,109,127,17,48" hai1="49,112,65,23,15,105,4,83,79,94,80,91,19" hai2="7,132,134,68,58,56,41,96,9,18,81,106,22" hai3="104,113,84,67,35,121,128,97,55,135,29,16,12"/><V36/><F68/><W93/><G104/><T25/><D109/><U110/><E105/><V101/><F81/><W86/><G128/><T52/><D127/><U69/><E112/><V46/><F22/><W82/><G135/><N who="2" m="51753" /><F18/><W100/><G113/><T107/><D129/><U118/><E110/><V122/><F122/><W51/><G121/><T2/><D2/><AGARI ba="0,0" hai="2,7,9,36,41,46,56,58,96,101,106" m="51753" machi="2" ten="30,1500,0" yaku="20,1" doraHai="116" who="2" fromWho="0" sc="250,-15,193,0,230,15,327,0" /><INIT seed="2,1,0,5,1,52" ten="235,193,245,327" oya="2" hai0="63,59,14,3,96,62,110,66,30,68,31,65,37" hai1="85,91,4,107,105,123,27,7,93,131,82,97,0" hai2="34,115,80,89,106,46,22,114,88,116,1,23,21" hai3="99,25,71,18,57,41,130,20,104,75,32,108,94"/><V42/><F116/><W29/><G108/><T58/><D3/><U48/><E131/><V13/><F106/><W28/><G71/><T87/><D37/><U112/><E112/><V72/><F34/><W81/><G104/><T11/><D110/><U64/><E123/><V126/><F1/><W121/><G121/><T8/><D68/><U36/><E36/><V26/><F126/><W134/><G130/><T19/><D96/><U90/><E64/><V61/><F61/><W49/><G134/><T67/><D67/><U24/><E48/><V133/><F133/><W73/><G81/><T118/><D118/><U117/><E117/><V56/><F56/><W35/><G29/><T109/><D109/><U6/><E0/><V51/><F13/><W129/><G35/><T47/><D47/><U33/><REACH who="1" step="1"/><E24/><REACH who="1" ten="235,183,245,327" step="2"/><V113/><REACH who="2" step="1"/><F26/><REACH who="2" ten="235,183,235,327" step="2"/><W100/><G129/><T111/><D111/><U39/><E39/><V135/><F135/><W12/><G25/><T16/><D14/><U119/><E119/><V92/><F92/><W45/><G12/><T70/><D70/><U122/><E122/><V78/><AGARI ba="1,2" hai="21,22,23,42,46,51,72,78,80,88,89,113,114,115" machi="78" ten="40,7800,0" yaku="1,1,0,1,54,1,53,0" doraHai="52" doraHaiUra="127" who="2" fromWho="2" sc="235,-27,183,-27,235,101,327,-27" /><INIT seed="2,2,0,2,5,110" ten="208,156,336,300" oya="2" hai0="77,43,76,67,25,24,7,121,89,71,61,109,82" hai1="98,54,3,102,36,91,94,80,73,92,132,50,135" hai2="45,52,27,47,74,12,116,10,85,84,113,103,42" hai3="19,15,81,87,115,40,122,86,13,23,68,101,29"/><V44/><F116/><W131/><G122/><T37/><D121/><U2/><E36/><V107/><F74/><W78/><G68/><T51/><D109/><U34/><E34/><V93/><F107/><W14/><G131/><T39/><D76/><U46/><E80/><V134/><F134/><N who="1" m="51241" /><E73/><V56/><F113/><W38/><G115/><T126/><D126/><U0/><E92/><V33/><F42/><W100/><G29/><T120/><D7/><U123/><E123/><V75/><F75/><W8/><G38/><T111/><D111/><U127/><E127/><V60/><F27/><W118/><G40/><T83/><D120/><U124/><E124/><V99/><REACH who="2" step="1"/><F33/><REACH who="2" ten="208,156,326,300" step="2"/><W97/><G118/><T88/><D24/><U106/><E106/><V70/><F70/><W18/><G15/><T105/><D25/><U55/><E102/><V31/><F31/><W63/><G101/><T104/><D105/><U9/><E9/><V28/><F28/><W117/><G117/><T11/><D104/><U66/><E66/><V112/><F112/><W4/><G100/><T57/><D11/><U95/><E95/><V62/><F62/><W79/><G63/><T30/><D30/><U53/><AGARI ba="2,1" hai="0,2,3,46,50,53,54,55,91,94,98" m="51241" machi="53" ten="40,1500,0" yaku="20,1" doraHai="110" who="1" fromWho="1" sc="208,-6,156,31,326,-9,300,-6" /><INIT seed="3,0,0,4,5,119" ten="202,187,317,294" oya="3" hai0="40,81,16,75,126,94,106,116,127,52,32,39,4" hai1="101,92,54,22,65,73,66,125,121,49,90,64,53" hai2="91,134,69,132,25,13,23,72,12,14,107,77,8" hai3="80,86,115,108,41,6,109,57,44,56,128,112,135"/><W105/><G105/><T2/><D106/><U118/><E118/><V78/><F69/><W58/><G6/><T15/><D116/><U48/><E73/><V83/><F107/><W114/><G86/><T122/><D32/><U1/><E1/><V10/><F91/><W9/><G9/><N who="2" m="3689" /><F83/><W124/><G80/><T33/><D33/><U31/><E121/><V89/><F89/><W61/><G128/><T96/><D2/><U42/><E125/><V37/><F37/><W24/><G24/><T28/><D28/><U103/><E42/><V74/><F23/><W98/><G98/><T99/><D122/><U59/><E22/><V79/><F25/><W102/><G102/><T133/><D4/><U0/><E31/><V97/><F97/><W104/><G104/><T95/><D81/><U117/><E0/><V87/><F87/><W51/><G124/><T43/><D75/><AGARI ba="0,0" hai="12,13,14,72,74,75,77,78,79,132,134" m="3689" machi="75" ten="40,2600,0" yaku="28,2" doraHai="119" who="2" fromWho="0" sc="202,-26,187,0,317,26,294,0" /><INIT seed="4,0,0,1,5,128" ten="176,187,343,294" oya="0" hai0="125,21,88,5,93,56,121,33,8,55,130,107,32" hai1="110,75,54,129,131,104,87,60,135,70,78,30,112" hai2="122,115,52,132,38,74,118,127,15,37,109,49,63" hai3="96,44,124,9,68,0,65,4,103,108,80,92,23"/><T91/><D121/><U101/><E110/><V40/><F74/><W46/><G108/><T20/><D107/><U7/><E87/><V22/><F122/><W94/><G124/><T36/><D36/><U48/><E7/><V45/><F109/><W84/><G94/><T14/><D130/><N who="1" m="49675" /><E30/><V16/><F127/><W105/><G105/><T17/><D125/><U18/><E135/><V85/><F132/><W114/><G114/><T116/><D116/><U34/><E34/><V126/><F126/><W43/><G43/><T90/><D93/><U120/><E120/><V99/><F115/><W100/><G100/><T66/><D66/><U102/><E104/><V81/><F99/><W41/><G41/><T31/><D31/><U53/><E18/><V61/><F118/><W97/><G97/><T42/><D42/><U106/><E106/><V59/><F38/><W25/><G65/><T47/><D47/><U89/><E89/><AGARI ba="0,0" hai="15,16,22,37,40,45,49,52,59,61,63,81,85,89" machi="89" ten="30,3900,0" yaku="7,1,54,2" doraHai="128" who="2" fromWho="1" sc="176,0,187,-39,343,39,294,0" /><INIT seed="5,0,0,2,1,55" ten="176,148,382,294" oya="1" hai0="25,90,65,21,8,41,106,43,44,81,42,22,130" hai1="57,16,72,92,75,119,5,69,37,115,78,127,15" hai2="70,120,2,32,117,13,46,20,126,61,95,89,108" hai3="9,45,85,94,111,35,86,66,74,30,118,76,48"/><U84/><E119/><V109/><F120/><W114/><G111/><T17/><D106/><U103/><E69/><V52/><F117/><W124/><G118/><T47/><D130/><U24/><E37/><V50/><F126/><W4/><G124/><T121/><D121/><U79/><E127/><V3/><F32/><W88/><G114/><T93/><D65/><U53/><E115/><V62/><F2/><W135/><G135/><T27/><D81/><U83/><E78/><V59/><F3/><W31/><G74/><T64/><D64/><U110/><E5/><V91/><F70/><W87/><G66/><T99/><REACH who="0" step="1"/><D8/><REACH who="0" ten="166,148,382,294" step="2"/><U104/><E110/><V38/><F109/><W97/><G76/><T102/><D102/><U125/><E125/><V58/><F91/><W112/><G112/><T113/><D113/><U51/><E104/><V1/><F108/><W133/><G133/><T60/><D60/><N who="2" m="23146" /><F38/><W132/><G132/><T71/><D71/><U19/><E103/><V54/><F1/><W82/><G82/><T18/><AGARI ba="0,1" hai="17,18,21,22,25,27,41,42,43,44,47,90,93,99" machi="18" ten="30,7900,0" yaku="1,1,0,1,9,1,8,1,53,0" doraHai="55" doraHaiUra="131" who="0" fromWho="0" sc="166,89,148,-39,382,-20,294,-20" /><INIT seed="6,0,0,5,3,35" ten="255,109,362,274" oya="2" hai0="106,113,4,78,85,100,80,46,56,88,129,76,57" hai1="83,24,131,94,112,49,66,117,90,135,44,65,116" hai2="43,13,19,92,75,10,60,37,121,95,72,126,133" hai3="104,21,123,101,64,109,31,9,1,34,38,26,67"/><V105/><F121/><W17/><G109/><T29/><D113/><U53/><E112/><V107/><F126/><W8/><G38/><T59/><D129/><U114/><E114/><V25/><F133/><W61/><G123/><T41/><D29/><U33/><E131/><V40/><F60/><W111/><G111/><T62/><D4/><U68/><E135/><V118/><F25/><W103/><G64/><T51/><D106/><U0/><E0/><V98/><F13/><W122/><G122/><T39/><D39/><U6/><E6/><V115/><F10/><W11/><G104/><T36/><D36/><U2/><E83/><V102/><F19/><W87/><G87/><T84/><D100/><U128/><E128/><V89/><F37/><W119/><G119/><T12/><D12/><U27/><E2/><V30/><F30/><W63/><G63/><T120/><D120/><U110/><E110/><V79/><F40/><W99/><G99/><T70/><D70/><U5/><E5/><V69/><F43/><W45/><G45/><T47/><D46/><U73/><E73/><V55/><F69/><W134/><G134/><T32/><D32/><U77/><E77/><N who="0" m="29801" /><D84/><N who="1" m="52551" /><E68/><V74/><F115/><W125/><G125/><T48/><D48/><U71/><E71/><V97/><F118/><N who="1" m="45673" /><E33/><V132/><F132/><W91/><G91/><T54/><AGARI ba="0,0" hai="41,47,51,54,56,57,59,62,80,85,88" m="29801" machi="54" ten="30,2000,0" yaku="8,1,54,1" doraHai="35" who="0" fromWho="0" sc="255,20,109,-5,362,-10,274,-5" /><INIT seed="7,0,0,0,5,51" ten="275,104,352,269" oya="3" hai0="66,114,81,50,89,15,10,6,86,75,9,102,104" hai1="131,122,70,93,34,63,52,33,12,101,84,91,132" hai2="24,107,118,96,117,44,7,2,5,13,135,21,43" hai3="42,67,55,53,124,126,49,23,100,119,48,16,30"/><W133/><G119/><T18/><D75/><U32/><E131/><V37/><F135/><W88/><G133/><T129/><D129/><U82/><E132/><V83/><F13/><W61/><G100/><T76/><D114/><U19/><E122/><V26/><F26/><W134/><G134/><T14/><D66/><U106/><E70/><V127/><F127/><N who="3" m="48683" /><G30/><T92/><D104/><U99/><E106/><V22/><F22/><W72/><G72/><T65/><D65/><U54/><REACH who="1" step="1"/><E63/><REACH who="1" ten="275,94,352,269" step="2"/><V58/><F107/><W29/><G42/><T77/><D102/><U74/><E74/><V64/><F43/><W85/><G67/><T95/><D76/><U62/><E62/><V97/><F64/><W68/><G68/><T79/><D77/><U78/><E78/><V11/><F117/><W94/><G61/><T39/><D79/><U35/><N who="1" m="8192" /><DORA hai="60" /><U27/><E27/><V0/><F24/><N who="3" m="14439" /><G29/><T80/><D39/><U116/><E116/><V20/><F37/><W125/><G125/><T1/><D89/><U4/><E4/><N who="2" m="1415" /><F118/><W115/><G115/><T112/><D6/><U120/><E120/><V73/><F5/><W45/><G49/><T113/><D50/><U57/><E57/><V105/><F58/><W28/><G28/><T108/><D112/><U38/><E38/><V36/><F36/><W103/><G103/><T123/><D113/><U17/><E17/><V59/><F7/><W130/><G130/><T41/><D18/><U25/><E25/><V40/><F73/><W121/><G121/><T47/><D123/><U69/><E69/><V98/><F105/><RYUUKYOKU ba="0,1" sc="275,-15,94,15,352,-15,269,15" hai1="12,19,52,54,82,84,91,93,99,101" hai3="45,48,53,55,85,88,94" /><INIT seed="7,1,1,0,0,135" ten="260,109,337,284" oya="3" hai0="9,8,127,27,123,46,97,12,63,76,78,25,91" hai1="111,66,3,44,69,117,38,54,14,55,121,84,26" hai2="120,40,96,128,103,22,11,43,112,133,74,89,41" hai3="48,79,65,0,47,28,87,88,24,115,77,75,107"/><W23/><G0/><T110/><D127/><U114/><E3/><V58/><F133/><W62/><G107/><T116/><D116/><U125/><E121/><V93/><F120/><W21/><G115/><T71/><D110/><U108/><E114/><V6/><F112/><W134/><G134/><T52/><D8/><U35/><E117/><V33/><F33/><W80/><G75/><T83/><D71/><U129/><E129/><V100/><F74/><W57/><G23/><T59/><D46/><U13/><E84/><V17/><F128/><W5/><G5/><T102/><D91/><U90/><E90/><V39/><F39/><W60/><G60/><T98/><D98/><U49/><E38/><V51/><F58/><W86/><G86/><T85/><D76/><U32/><E69/><V31/><F31/><W10/><G10/><T1/><D1/><U56/><E66/><V95/><F95/><W101/><G101/><N who="2" m="38985" /><F11/><W72/><G72/><T15/><D15/><U18/><E56/><V94/><F94/><W64/><G64/><T42/><D42/><AGARI ba="1,1" hai="21,24,28,42,47,48,57,62,65,77,79,80,87,88" machi="42" ten="30,5800,0" yaku="7,1,8,1,54,1" doraHai="135" who="3" fromWho="0" sc="260,-61,109,0,337,0,284,71" owari="199,-20.1,109,-39.1,337,13.7,355,45.5" /></mjloggm>