<mjloggm ver="2.3"><GO type="169" lobby="0"/><UN n0="%E7%B1%B3%E3%81%BC%E3%81%86%E3%82%84%E3%81%8F%E3%82%93" n1="%E3%81%BE%E3%81%8B%E3%81%B7%E3%82%93" n2="%E2%91%A3%E3%82%BB%E3%83%B3%E3%83%81" n3="%E3%81%9F%E3%81%8B%E3%81%AA" dan="16,16,18,19" rate="2165.68,2079.22,2280.85,2228.55" sx="M,M,M,M"/><TAIKYOKU oya="0"/><INIT seed="0,0,0,4,2,132" ten="250,250,250,250" oya="0" hai0="102,116,93,45,109,23,63,73,52,22,122,106,76" hai1="58,11,34,69,100,48,104,79,123,15,128,47,28" hai2="39,27,61,20,84,24,68,115,10,131,55,92,62" hai3="110,33,86,6,9,71,85,56,108,133,124,134,83"/><T72/><D116/><U127/><E123/><V81/><F115/><W2/><G71/><T121/><D106/><U41/><E69/><V5/><F39/><W4/><G33/><T7/><D122/><U88/><E128/><V29/><F131/><W30/><G30/><T78/><D121/><U16/><E79/><V75/><F75/><W3/><G56/><N who="0" m="35207" /><D73/><U74/><E74/><V107/><F107/><W26/><G26/><T42/><D72/><U82/><E127/><V120/><F120/><W21/><G21/><N who="0" m="7691" /><D7/><U91/><E58/><V117/><F117/><W57/><G57/><T50/><D109/><U53/><E41/><V37/><F37/><W119/><G119/><T43/><D43/><U96/><REACH who="1" step="1"/><E82/><REACH who="1" ten="250,240,250,250" step="2"/><V70/><F81/><W101/><G83/><T99/><AGARI ba="0,1" hai="42,45,50,76,78,93,99,102" m="7691,35207" machi="99" ten="30,3000,0" yaku="8,1,54,1" doraHai="132" who="0" fromWho="0" sc="250,40,240,-10,250,-10,250,-10" /><INIT seed="0,1,0,2,3,3" ten="290,230,240,240" oya="0" hai0="13,119,58,130,124,133,11,15,129,96,85,45,123" hai1="23,64,19,111,83,71,49,27,53,37,22,121,76" hai2="26,46,89,75,40,94,34,16,116,109,66,68,42" hai3="115,78,62,47,2,91,88,110,38,135,84,63,98"/><T9/><D119/><U113/><E121/><V6/><F75/><W55/><G115/><T112/><D112/><U59/><E113/><V118/><F109/><W50/><G110/><T5/><D123/><U20/><E111/><V74/><F74/><W79/><G135/><T80/><D133/><U7/><E37/><V52/><F66/><W12/><G2/><T125/><D58/><U90/><E64/><V106/><F106/><W32/><G32/><T4/><D96/><U57/><E71/><V67/><F6/><W126/><G126/><N who="0" m="48747" /><D45/><U72/><E59/><V87/><F34/><W29/><G29/><T65/><D65/><U35/><E35/><V61/><F52/><W73/><G38/><T120/><D120/><U43/><E43/><V54/><F54/><W100/><G73/><T70/><D70/><U48/><E48/><V128/><F128/><W131/><G12/><T134/><D134/><U104/><E104/><V102/><F102/><W36/><G36/><T122/><D122/><U14/><REACH who="1" step="1"/><E90/><AGARI ba="1,0" hai="4,5,9,11,13,15,80,85,90,129,130" m="48747" machi="90" ten="30,5800,0" yaku="18,1,52,2" doraHai="3" who="0" fromWho="1" sc="290,61,230,-61,240,0,240,0" /><INIT seed="0,2,0,0,3,92" ten="351,169,240,240" oya="0" hai0="18,80,13,56,122,49,108,105,81,12,24,130,98" hai1="50,36,115,128,38,123,1,7,46,27,47,32,89" hai2="94,126,83,118,78,76,107,133,43,17,100,41,120" hai3="62,99,132,117,77,14,104,63,135,116,75,134,53"/><T129/><D122/><U37/><E123/><V6/><F120/><W48/><G14/><T45/><D56/><U21/><E128/><N who="0" m="49257" /><D24/><U109/><E109/><V101/><F6/><W39/><G39/><T28/><D28/><U19/><E115/><V51/><F51/><W65/><G77/><T86/><D108/><U85/><E32/><V31/><F31/><W82/><G82/><N who="0" m="31851" /><D86/><U97/><E97/><V40/><F78/><W88/><G75/><T30/><D30/><U0/><E7/><V44/><F83/><W124/><G63/><T72/><D72/><U59/><E59/><V22/><F76/><W11/><G62/><T70/><D70/><U2/><REACH who="1" step="1"/><E50/><REACH who="1" ten="351,159,240,240" step="2"/><V102/><F44/><W96/><G48/><T5/><D5/><U79/><E79/><V69/><F69/><W25/><G134/><T10/><D49/><U74/><E74/><V68/><F68/><W52/><G132/><T4/><D45/><U61/><E61/><V84/><F133/><W54/><G135/><T93/><D105/><U87/><E87/><V121/><F107/><W42/><G104/><T29/><D98/><U71/><E71/><V106/><F106/><W8/><G99/><T35/><D35/><U91/><E91/><N who="2" m="53607" /><F121/><W15/><G88/><T60/><D60/><U119/><E119/><V127/><F118/><W112/><G116/><T111/><D111/><U95/><AGARI ba="2,1" hai="0,1,2,19,21,27,36,37,38,46,47,85,89,95" machi="95" ten="40,2700,0" yaku="1,1,0,1,53,0" doraHai="92" doraHaiUra="73" who="1" fromWho="1" sc="351,-15,159,43,240,-9,240,-9" /><INIT seed="1,0,0,5,2,58" ten="336,202,231,231" oya="1" hai0="43,61,46,95,105,134,1,68,98,13,78,127,9" hai1="21,80,52,70,35,48,49,114,6,120,92,126,82" hai2="65,60,113,16,135,112,71,5,63,11,102,12,4" hai3="14,26,7,122,96,121,50,73,99,128,69,125,19"/><U54/><E114/><N who="2" m="44139" /><F135/><W39/><G39/><T29/><D134/><U53/><E120/><V36/><F36/><W0/><G73/><T32/><D127/><U108/><E35/><V84/><F102/><W72/><G72/><T62/><D78/><U74/><E126/><V123/><F123/><W90/><G125/><T8/><D105/><U67/><E108/><V45/><F45/><W132/><G132/><T23/><D32/><U100/><E6/><V55/><F84/><W25/><G69/><T116/><D68/><U111/><E111/><V31/><F31/><W76/><G76/><T97/><D97/><N who="1" m="59431" /><E70/><N who="2" m="42279" /><F55/><W33/><G99/><T18/><D116/><U119/><E74/><V115/><F115/><W103/><G103/><N who="0" m="60895" /><D1/><U24/><E67/><AGARI ba="0,0" hai="4,5,11,12,16,63,67,71" m="42279,44139" machi="67" ten="30,7700,0" yaku="11,1,52,2,54,1" doraHai="58" who="2" fromWho="1" sc="336,0,202,-77,231,77,231,0" /><INIT seed="2,0,0,3,0,102" ten="336,125,308,231" oya="2" hai0="79,92,63,12,19,132,26,36,110,51,109,58,104" hai1="2,6,81,11,24,74,8,73,32,50,124,34,75" hai2="106,30,5,85,93,47,4,88,72,134,14,15,59" hai3="0,13,116,111,83,128,62,122,78,22,114,105,7"/><V101/><F72/><W120/><G116/><T126/><D36/><U80/><E124/><V71/><F71/><W127/><G0/><T91/><D126/><U18/><E50/><V43/><F134/><W133/><G127/><T107/><D79/><U69/><E69/><V115/><F115/><W89/><G111/><N who="0" m="42507" /><D51/><U61/><E61/><V135/><F135/><W121/><G133/><T99/><D132/><U3/><E24/><V41/><F30/><W55/><G89/><T56/><D26/><U64/><E64/><V82/><F106/><N who="0" m="40490" /><D63/><U1/><E18/><V67/><F67/><W96/><G62/><T123/><D123/><U86/><E86/><V77/><F101/><W113/><G113/><T20/><AGARI ba="0,0" hai="12,19,20,56,58,91,92,99" m="40490,42507" machi="20" ten="30,7900,0" yaku="14,1,52,3" doraHai="102" who="0" fromWho="0" sc="336,79,125,-20,308,-39,231,-20" /><INIT seed="3,0,0,4,3,83" ten="415,105,269,211" oya="3" hai0="56,27,116,134,122,34,109,133,31,48,61,7,97" hai1="50,111,113,115,20,42,11,4,128,1,3,5,130" hai2="19,37,0,40,14,57,63,53,127,85,91,22,2" hai3="15,120,44,101,108,129,41,100,123,36,88,59,102"/><W89/><G129/><N who="1" m="49770" /><E42/><V110/><F110/><W78/><G108/><T46/><D109/><U39/><E50/><V16/><F127/><W77/><G15/><T79/><D116/><U33/><E39/><V62/><F62/><W28/><G28/><T8/><D122/><U49/><E49/><V47/><REACH who="2" step="1"/><F19/><REACH who="2" ten="415,105,259,211" step="2"/><W74/><G120/><T84/><D61/><U107/><E111/><V26/><F26/><W81/><G123/><T10/><D27/><U121/><E121/><V82/><AGARI ba="0,1" hai="0,2,14,16,22,37,40,47,53,57,63,82,85,91" machi="82" ten="20,8000,1" yaku="1,1,0,1,7,1,52,1,54,1,53,0" doraHai="83" doraHaiUra="112" who="2" fromWho="2" sc="415,-20,105,-20,259,90,211,-40" /><INIT seed="4,0,0,3,5,27" ten="395,85,349,171" oya="0" hai0="126,35,44,14,37,11,82,60,12,29,46,87,103" hai1="70,15,96,13,109,19,79,93,24,0,51,20,77" hai2="110,55,131,26,54,83,116,21,52,132,9,41,107" hai3="16,63,97,104,32,125,2,65,75,42,6,94,80"/><T123/><D123/><U112/><E109/><V67/><F110/><W66/><G125/><T120/><D120/><U36/><E36/><V59/><F107/><W86/><G32/><T102/><D126/><U74/><E70/><V85/><F131/><W3/><G75/><T31/><D35/><U64/><E0/><V121/><F121/><W105/><G42/><T106/><D60/><U129/><E129/><V78/><F132/><W134/><G104/><T4/><D37/><U22/><E112/><V89/><F116/><W30/><G105/><T118/><D118/><U45/><E64/><V18/><F41/><W17/><G30/><N who="0" m="11275" /><D14/><U49/><E74/><V69/><F9/><W58/><G65/><T100/><D106/><U25/><E96/><V53/><F69/><W127/><G134/><T128/><D128/><U99/><E99/><V72/><F67/><W114/><G114/><T84/><D84/><U48/><E93/><V76/><REACH who="2" step="1"/><F72/><REACH who="2" ten="395,85,339,171" step="2"/><W43/><G127/><T119/><D119/><U117/><E117/><V50/><AGARI ba="0,1" hai="18,21,26,50,52,53,54,55,59,76,78,83,85,89" machi="50" ten="30,8000,1" yaku="1,1,2,1,0,1,8,1,54,1,53,0" doraHai="27" doraHaiUra="92" who="2" fromWho="2" sc="395,-40,85,-20,339,90,171,-20" /><INIT seed="5,0,0,4,1,70" ten="355,65,429,151" oya="1" hai0="2,11,30,41,97,7,59,10,114,20,110,15,83" hai1="80,51,105,68,6,101,127,37,22,76,133,28,109" hai2="46,64,98,56,103,130,8,89,19,73,95,79,112" hai3="17,45,108,35,4,13,29,24,99,134,66,47,125"/><U78/><E68/><V48/><F130/><W40/><G108/><T50/><D110/><U113/><E109/><V93/><F73/><W116/><G125/><T63/><D114/><U90/><E37/><V71/><F71/><W57/><G134/><T69/><D69/><U42/><E6/><V9/><F79/><N who="1" m="30249" /><E113/><V131/><F131/><W67/><G116/><T122/><D83/><U107/><E133/><V31/><F31/><W124/><G124/><T21/><D122/><U85/><E127/><V52/><F112/><W36/><G4/><T0/><D97/><U23/><E107/><V121/><F121/><W60/><G45/><T39/><D39/><U74/><E74/><V54/><F64/><W106/><G67/><T1/><D11/><N who="2" m="4170" /><F19/><W92/><G106/><T25/><D41/><U32/><E32/><V120/><F120/><W118/><G118/><T117/><D50/><U33/><E33/><V27/><F27/><W18/><REACH who="3" step="1"/><G13/><REACH who="3" ten="355,65,429,141" step="2"/><T55/><REACH who="0" step="1"/><D117/><REACH who="0" ten="345,65,429,141" step="2"/><U43/><E105/><V65/><F46/><W34/><G34/><AGARI ba="0,2" hai="0,1,2,7,10,15,20,21,25,30,34,55,59,63" machi="34" ten="40,5200,0" yaku="1,1,2,1,53,1" doraHai="70" doraHaiUra="5" who="0" fromWho="3" sc="345,72,65,0,429,0,141,-52" /><INIT seed="6,0,0,2,2,10" ten="417,65,429,89" oya="2" hai0="88,35,117,96,55,31,93,8,114,135,129,71,61" hai1="73,81,34,27,52,100,115,123,45,16,122,22,75" hai2="64,11,94,72,116,6,24,77,18,54,65,46,108" hai3="99,107,56,109,21,121,85,42,36,102,33,17,112"/><V48/><F116/><W87/><G109/><T20/><D117/><U124/><E115/><V28/><F108/><W90/><G121/><N who="1" m="46090" /><E124/><V92/><F18/><W13/><G33/><T0/><D114/><U113/><E113/><V39/><F39/><W4/><G112/><T29/><D35/><U120/><N who="1" m="46098" /><U89/><DORA hai="15" /><E100/><V83/><F65/><W95/><G4/><T57/><D135/><U74/><E34/><V67/><F67/><W40/><G36/><T68/><D129/><U19/><E19/><V23/><REACH who="2" step="1"/><F64/><REACH who="2" ten="417,65,419,89" step="2"/><W58/><G17/><T128/><D128/><U101/><E101/><V110/><F110/><W126/><G102/><T3/><D31/><U38/><E38/><V127/><F127/><W26/><G126/><T79/><D71/><U119/><E119/><V5/><F5/><W84/><G107/><T9/><D68/><U133/><E133/><V25/><F25/><W12/><G26/><T63/><D29/><U98/><E98/><V106/><F106/><W82/><G99/><T60/><D96/><U103/><E103/><V86/><F86/><W130/><G85/><T70/><D70/><U62/><E75/><V131/><F131/><W47/><G130/><T76/><D9/><U132/><E132/><V134/><F134/><W125/><G125/><T78/><D8/><U66/><E66/><V53/><F53/><W104/><G104/><T105/><D105/><U111/><E111/><V69/><F69/><W41/><G84/><T51/><D55/><U7/><E52/><V97/><F97/><W32/><G87/><T43/><D43/><RYUUKYOKU ba="0,1" sc="417,-10,65,-10,419,30,89,-10" hai2="6,11,23,24,28,46,48,54,72,77,83,92,94" /><INIT seed="6,1,1,2,0,116" ten="407,55,449,79" oya="2" hai0="129,118,22,78,105,15,135,98,120,74,61,23,86" hai1="81,9,88,8,133,55,67,80,65,2,64,56,113" hai2="50,32,119,106,17,30,26,102,44,76,128,57,82" hai3="68,111,84,51,115,47,114,127,46,4,130,3,34"/><V126/><F119/><W29/><G111/><T14/><D118/><U99/><E113/><N who="3" m="43018" /><G130/><T70/><D74/><U48/><E133/><V101/><F128/><W40/><G68/><T1/><D1/><U107/><E107/><V63/><F17/><W52/><G127/><T31/><D129/><U73/><E73/><V27/><F27/><N who="3" m="18751" /><G84/><T75/><D86/><U123/><E123/><V38/><F38/><N who="3" m="21783" /><G4/><T53/><D70/><U39/><E39/><V87/><F126/><W100/><G100/><T91/><D75/><U69/><E69/><V110/><F110/><W25/><G25/><T131/><D131/><U41/><E41/><V59/><F106/><W104/><G104/><T62/><D135/><U94/><REACH who="1" step="1"/><E2/><AGARI ba="1,1" hai="2,3,47,51,52" m="21783,18751,43018" machi="2" ten="30,3900,0" yaku="15,1,11,1,54,1" doraHai="116" who="3" fromWho="1" sc="407,0,55,-42,449,0,79,52" /><INIT seed="7,0,0,2,4,120" ten="407,13,449,131" oya="3" hai0="76,129,61,118,49,14,108,36,47,85,117,133,96" hai1="24,6,18,62,19,130,132,42,1,99,123,26,106" hai2="15,64,94,31,72,103,93,5,27,56,113,77,90" hai3="105,32,45,28,124,51,119,46,67,17,35,114,84"/><W128/><G119/><T102/><D36/><U126/><E62/><V13/><F72/><W116/><G116/><T60/><D133/><U7/><E99/><V78/><F113/><W44/><G105/><T55/><D129/><U58/><E42/><V110/><F110/><W23/><G67/><T40/><D108/><U75/><E58/><V74/><F74/><W39/><G39/><T20/><D118/><U22/><E75/><V97/><F56/><W3/><G51/><T122/><D122/><U82/><E106/><V65/><F78/><W134/><G84/><T111/><D111/><U25/><E82/><V53/><F77/><W79/><G79/><T81/><D117/><U54/><E54/><V86/><F53/><W8/><G134/><T12/><D20/><U9/><E123/><V41/><F41/><W0/><G128/><T70/><D70/><U63/><E63/><V92/><F92/><W73/><G73/><T2/><D2/><U131/><E132/><V38/><F38/><W89/><G89/><T10/><D14/><U100/><E100/><V121/><F15/><W29/><G45/><T48/><D96/><U125/><E1/><V115/><F97/><W57/><G57/><T52/><D102/><U59/><E59/><V68/><F103/><W30/><G44/><N who="0" m="27655" /><D55/><U135/><E26/><V4/><F27/><W87/><G87/><T71/><D71/><U88/><E88/><V33/><F90/><W112/><G46/><T69/><D69/><U98/><E98/><V91/><F121/><W104/><G104/><T21/><D21/><U101/><E135/><RYUUKYOKU ba="0,0" sc="407,30,13,-10,449,-10,131,-10" hai0="10,12,40,47,49,60,61,76,81,85" owari="437,23.7,3,-49.7,439,53.9,121,-27.9" /></mjloggm>