<mjloggm ver="2.3"><GO type="169" lobby="0"/><UN n0="%57%49%4E%44%59%58%58" n1="%E3%80%8C%E3%82%AD%E3%82%BF%E3%80%8D" n2="%E3%81%BE%E3%81%88%E3%81%9F" n3="%79%61%6E%72%6F%75" dan="17,16,17,16" rate="2145.63,2045.72,2173.74,2167.66" sx="M,M,F,M"/><TAIKYOKU oya="0"/><INIT seed="0,0,0,5,0,9" ten="250,250,250,250" oya="0" hai0="100,1,58,31,126,42,131,43,46,92,64,59,18" hai1="98,28,51,50,108,79,77,10,127,69,116,24,106" hai2="26,0,134,112,66,23,30,3,17,73,56,113,72" hai3="135,67,14,48,120,41,96,45,105,53,117,104,54"/><T91/><D1/><U111/><E116/><V95/><F134/><W85/><G117/><T74/><D74/><U11/><E69/><V81/><F73/><W13/><G135/><T32/><D131/><U29/><E127/><V103/><F0/><W27/><G67/><T20/><D126/><U82/><E98/><V115/><F3/><W60/><G120/><T40/><D100/><U78/><E82/><V125/><F125/><W55/><G60/><T86/><D46/><U19/><E79/><V89/><F72/><W97/><G105/><T35/><D64/><U119/><E119/><V6/><F6/><W132/><G132/><T70/><D70/><U107/><E24/><V75/><F75/><W87/><G27/><T21/><D21/><U133/><E133/><V12/><F81/><W118/><G118/><T80/><D31/><U68/><E68/><V109/><F109/><W57/><G57/><T8/><D8/><U124/><E124/><V61/><F103/><W44/><G45/><T71/><D71/><U5/><E19/><V102/><F102/><W121/><G104/><T76/><D32/><U88/><E5/><V36/><F36/><W4/><G4/><T128/><D35/><U94/><E94/><V129/><F129/><W84/><G121/><T114/><D128/><U99/><E99/><AGARI ba="0,0" hai="13,14,41,44,48,53,54,55,84,85,87,96,97,99" machi="99" ten="40,5200,0" yaku="8,1,52,2" doraHai="9" who="3" fromWho="1" sc="250,0,250,-52,250,0,250,52" /><INIT seed="1,0,0,0,1,30" ten="250,198,250,302" oya="1" hai0="32,52,119,86,55,102,79,46,122,35,96,82,62" hai1="64,90,114,56,93,108,23,61,116,8,68,91,125" hai2="131,59,71,57,121,18,98,42,95,74,110,31,81" hai3="34,130,16,72,25,5,89,15,111,112,107,10,19"/><U134/><E114/><V2/><F71/><W22/><G107/><T48/><D119/><U109/><E116/><V70/><F70/><W120/><G72/><T92/><D122/><U88/><E125/><V11/><F110/><N who="1" m="42601" /><E134/><V45/><F131/><W38/><G38/><T51/><D62/><N who="1" m="39959" /><E8/><V106/><F106/><W133/><G111/><T97/><REACH who="0" step="1"/><D97/><REACH who="0" ten="240,198,250,302" step="2"/><N who="1" m="57527" /><E23/><V60/><F121/><W47/><G22/><T73/><D73/><U94/><E94/><V84/><F95/><W43/><G120/><T28/><D28/><U27/><E27/><V132/><F31/><W115/><G25/><T129/><D129/><U135/><E135/><V44/><F74/><W54/><G130/><T104/><D104/><U83/><E83/><V3/><F81/><W13/><G133/><T87/><D87/><U126/><E126/><V6/><F84/><W24/><G24/><T4/><D4/><U9/><E9/><V118/><F118/><W63/><G5/><T124/><D124/><U39/><E39/><V1/><F132/><W65/><G10/><T17/><D17/><U21/><E21/><V75/><F18/><W99/><G19/><T77/><D77/><U69/><E69/><V128/><F128/><W117/><G16/><T100/><D100/><U58/><E61/><V20/><F60/><W36/><G63/><T7/><D7/><U37/><E37/><V78/><F20/><W113/><G115/><T12/><D12/><N who="3" m="4681" /><G112/><T0/><D0/><U66/><E66/><V33/><F1/><W41/><G113/><T49/><D49/><U105/><E105/><V101/><F2/><RYUUKYOKU ba="0,1" sc="240,15,198,15,250,-15,302,-15" hai0="32,35,46,48,51,52,55,79,82,86,92,96,102" hai1="56,58,88,91" /><INIT seed="1,1,1,5,2,30" ten="255,213,235,287" oya="1" hai0="31,49,11,108,118,94,34,37,74,59,21,85,58" hai1="113,131,56,32,98,83,86,87,90,80,121,101,72" hai2="27,129,2,13,76,66,10,111,107,28,14,22,0" hai3="82,123,18,52,106,134,15,5,127,75,103,20,88"/><U23/><E113/><V97/><F76/><W104/><G123/><T95/><D118/><U54/><E121/><V57/><F111/><W46/><G127/><T61/><D74/><U119/><E119/><V9/><F107/><W25/><G134/><T133/><D37/><U64/><E72/><V116/><F97/><W35/><G103/><T19/><D108/><U26/><E64/><V96/><F96/><W24/><G24/><N who="0" m="16783" /><D34/><U99/><E32/><N who="2" m="20511" /><F57/><N who="0" m="21514" /><D61/><U47/><E47/><V132/><F66/><W12/><G35/><T91/><D133/><U43/><E43/><V17/><F132/><W1/><G1/><N who="2" m="617" /><F129/><W62/><G106/><T92/><D49/><N who="1" m="30799" /><E101/><V68/><F68/><W114/><G104/><T40/><D40/><U84/><E131/><V81/><F81/><N who="1" m="31305" /><E90/><V89/><F89/><W79/><G82/><T73/><D73/><U122/><E122/><V112/><F116/><W48/><G46/><T110/><D110/><U60/><E60/><V124/><F124/><W50/><G88/><T45/><D45/><U4/><E4/><N who="2" m="3239" /><F112/><W51/><G79/><T102/><D102/><U69/><E69/><V109/><F109/><W8/><G75/><T39/><D39/><U115/><E115/><V105/><F105/><W65/><G114/><T135/><D135/><U44/><E44/><V71/><F71/><N who="3" m="42423" /><G52/><T6/><D6/><U130/><E130/><V78/><F78/><W128/><G128/><T70/><D70/><U7/><E7/><V3/><N who="2" m="625" /><V41/><DORA hai="42" /><F41/><W67/><G67/><T38/><D38/><U117/><E117/><V120/><F120/><RYUUKYOKU ba="1,1" sc="255,0,213,0,235,0,287,0" hai0="11,19,85,91,92,94,95" hai1="23,26,84,86,87,98,99" hai2="10,14,17,22" hai3="5,8,12,15,18,20,25,48,50,51" /><INIT seed="1,2,1,0,0,10" ten="255,213,235,287" oya="1" hai0="46,104,69,47,82,108,113,4,1,6,96,23,122" hai1="2,85,19,55,133,54,135,40,115,131,97,56,77" hai2="58,119,24,61,17,18,92,35,14,59,68,66,128" hai3="67,51,76,88,16,31,45,43,15,101,28,121,22"/><U50/><E115/><V27/><F128/><W49/><G121/><T95/><D113/><U81/><E2/><V7/><F119/><W102/><G76/><T84/><D69/><U20/><E131/><V26/><F35/><W70/><G70/><T13/><D104/><U87/><E97/><V125/><F125/><W123/><G67/><T105/><D105/><U25/><E87/><V5/><F92/><W8/><G123/><T107/><D107/><U60/><REACH who="1" step="1"/><E40/><REACH who="1" ten="255,203,235,287" step="2"/><V78/><F78/><W36/><G102/><N who="0" m="60703" /><D1/><U114/><E114/><V94/><F94/><W37/><G101/><T86/><D86/><U41/><E41/><V64/><F18/><W120/><G120/><T126/><D126/><U93/><E93/><V79/><F79/><W0/><G0/><T75/><D75/><U29/><E29/><N who="3" m="11338" /><G36/><T109/><D122/><U134/><E134/><V34/><F34/><W110/><G37/><T72/><D72/><U116/><E116/><V100/><F100/><W21/><G88/><N who="0" m="51223" /><D108/><U53/><E53/><V106/><F106/><W90/><G90/><T83/><D109/><U71/><E71/><V132/><F132/><W52/><G110/><T112/><D112/><U48/><E48/><V130/><F130/><W74/><G74/><T129/><D129/><U124/><E124/><V89/><F89/><W118/><G118/><T103/><D103/><U33/><E33/><V127/><F127/><W65/><G65/><T111/><D111/><U39/><E39/><V91/><F91/><W73/><G73/><T80/><D80/><U57/><AGARI ba="2,2" hai="19,20,25,50,54,55,56,57,60,77,81,85,133,135" machi="57" ten="30,3000,0" yaku="1,1,0,1,53,0" doraHai="10" doraHaiUra="9" who="1" fromWho="1" sc="255,-12,203,56,235,-12,287,-12" /><INIT seed="1,3,0,3,1,67" ten="243,259,223,275" oya="1" hai0="55,23,105,28,27,125,101,109,98,127,129,32,9" hai1="29,88,94,38,81,120,24,53,66,48,134,91,80" hai2="1,79,62,115,126,14,58,36,44,33,68,54,96" hai3="41,121,73,111,46,31,117,78,69,97,104,77,61"/><U12/><E120/><V45/><F1/><W16/><G121/><T74/><D109/><U64/><E38/><V99/><F33/><W84/><G111/><T95/><D74/><U107/><E107/><V49/><F126/><N who="0" m="48138" /><D129/><U47/><E12/><V70/><F79/><W82/><G117/><T114/><D114/><U123/><E123/><V18/><F115/><W133/><G133/><T6/><D55/><U5/><E5/><V4/><F4/><W93/><G31/><T19/><D105/><U76/><E91/><V113/><F113/><W92/><G104/><T0/><D19/><U75/><E81/><V57/><F36/><W8/><G73/><T60/><D60/><U51/><E51/><V116/><F116/><W90/><G61/><T119/><D119/><U132/><E134/><V122/><F122/><W103/><G69/><T108/><D108/><U11/><E11/><V35/><F35/><AGARI ba="3,0" hai="0,6,9,23,27,28,32,35,95,98,101" m="48138" machi="35" ten="30,1000,0" yaku="18,1" doraHai="67" who="0" fromWho="2" sc="243,19,259,0,223,-19,275,0" /><INIT seed="2,0,0,2,3,109" ten="262,259,204,275" oya="2" hai0="70,33,131,103,59,24,127,29,110,47,26,34,83" hai1="126,15,7,3,98,134,25,100,121,57,42,96,10" hai2="135,19,46,106,124,94,68,107,101,13,69,89,105" hai3="112,95,38,44,31,114,9,122,53,56,115,133,73"/><V54/><F101/><W119/><G133/><T21/><D70/><U63/><E134/><V132/><F132/><W85/><G122/><T66/><D110/><U86/><E126/><V51/><F135/><W129/><G129/><T82/><D127/><U87/><E98/><V80/><F124/><W72/><G31/><T111/><D111/><U22/><E42/><V50/><F50/><W11/><G119/><T2/><D2/><U1/><E1/><V108/><F108/><W113/><G114/><T55/><D34/><U117/><E117/><V88/><F89/><N who="3" m="53679" /><G44/><T125/><D131/><U65/><E3/><V81/><F81/><W0/><G38/><T75/><D103/><U27/><E27/><V64/><F64/><W62/><G0/><T91/><D75/><AGARI ba="0,0" hai="9,11,53,56,62,72,73,75,112,113,115" m="53679" machi="75" ten="40,8000,1" yaku="11,1,52,3" doraHai="109" who="3" fromWho="0" sc="262,-80,259,0,204,0,275,80" /><INIT seed="3,0,0,1,4,66" ten="182,259,204,355" oya="3" hai0="31,51,24,0,131,27,55,103,89,83,129,12,4" hai1="56,48,117,28,100,58,42,76,120,16,133,65,68" hai2="45,112,97,107,33,91,132,73,109,15,41,46,47" hai3="52,7,94,106,75,101,8,26,105,1,104,34,62"/><W25/><G75/><T53/><D0/><U135/><E120/><V126/><F33/><W98/><REACH who="3" step="1"/><G34/><REACH who="3" ten="182,259,204,345" step="2"/><T102/><D129/><U93/><E135/><V82/><F73/><W36/><G36/><T108/><D131/><U19/><E133/><V122/><F132/><W2/><G2/><T23/><D108/><U5/><E117/><V49/><F109/><W18/><G18/><T10/><D27/><U69/><E16/><V87/><F122/><W90/><G90/><T80/><D89/><U114/><E19/><V20/><F112/><W116/><G116/><T9/><D9/><U39/><E39/><V38/><F38/><W88/><G88/><T60/><D102/><U115/><E100/><V110/><F110/><W61/><G61/><T63/><D103/><U67/><E115/><V70/><F107/><W21/><G21/><T13/><D13/><U79/><E114/><V92/><F20/><W123/><G123/><T44/><D63/><U40/><E48/><V78/><F15/><W22/><G22/><T30/><D30/><U77/><E28/><V81/><F81/><N who="0" m="31306" /><D60/><U11/><E11/><V84/><F84/><W35/><G35/><T86/><D86/><U14/><E14/><V50/><F50/><W3/><G3/><T74/><D74/><U134/><E134/><V57/><F49/><W85/><G85/><T119/><D119/><U29/><E29/><V118/><F118/><W121/><G121/><T17/><D31/><U128/><E128/><V54/><F87/><W43/><G43/><AGARI ba="0,1" hai="4,10,12,17,23,24,43,44,51,53,55" m="31306" machi="43" ten="30,1000,0" yaku="8,1" doraHai="66" who="0" fromWho="3" sc="182,20,259,0,204,0,345,-10" /><INIT seed="4,0,0,2,4,48" ten="202,259,204,335" oya="0" hai0="63,135,31,35,117,123,103,66,55,7,126,95,97" hai1="91,127,108,9,129,25,133,54,47,0,61,30,43" hai2="28,52,46,15,3,21,39,84,33,32,131,50,88" hai3="38,122,83,60,110,17,14,51,18,119,37,85,62"/><T26/><D123/><U76/><E108/><V111/><F111/><W78/><G119/><T19/><D117/><U42/><E127/><V87/><F3/><W13/><G110/><T100/><D126/><U36/><E129/><V64/><F131/><W86/><G122/><T98/><D135/><U6/><E43/><V53/><F39/><W23/><G85/><T11/><D19/><U41/><E41/><V132/><F132/><W114/><G114/><T106/><D55/><U75/><E91/><V130/><F130/><W44/><G37/><T81/><D81/><U49/><E61/><V45/><F64/><W113/><G38/><T115/><D115/><U70/><E70/><V56/><F46/><W116/><G116/><T16/><D16/><U34/><E133/><V80/><F84/><W20/><G113/><T69/><D11/><U118/><E118/><V101/><F101/><W58/><G58/><T109/><D109/><U82/><E49/><V120/><F120/><W124/><G124/><T128/><REACH who="0" step="1"/><D128/><REACH who="0" ten="192,259,204,335" step="2"/><U57/><E54/><AGARI ba="0,1" hai="13,14,17,18,20,23,44,51,54,60,62,78,83,86" machi="54" ten="30,7700,0" yaku="7,1,9,1,8,1,52,1" doraHai="48" who="3" fromWho="1" sc="192,0,259,-77,204,0,335,87" /><INIT seed="5,0,0,3,1,37" ten="192,182,204,422" oya="1" hai0="60,90,123,53,54,107,115,94,86,59,108,23,24" hai1="57,76,80,40,6,125,13,1,122,111,103,65,127" hai2="26,89,85,4,118,96,32,43,9,117,45,93,41" hai3="128,88,129,134,21,14,39,47,112,51,130,31,61"/><U132/><E122/><V102/><F32/><W42/><G112/><T27/><D108/><U67/><E111/><V84/><F26/><N who="3" m="16847" /><G134/><T87/><D107/><U114/><E132/><V15/><F85/><W11/><G61/><T5/><D123/><U58/><E1/><V19/><F4/><N who="3" m="3431" /><G88/><N who="0" m="53527" /><D115/><U69/><E103/><V91/><F91/><W81/><G81/><N who="0" m="49519" /><D5/><U71/><E114/><V0/><F0/><W79/><G79/><T63/><D27/><U30/><E30/><V104/><REACH who="2" step="1"/><F45/><REACH who="2" ten="192,182,194,422" step="2"/><W18/><G18/><N who="0" m="12407" /><D63/><U113/><E113/><V101/><F101/><W68/><G68/><T7/><D7/><U77/><E6/><V133/><F133/><W64/><G130/><T29/><D29/><U66/><E71/><V28/><F28/><W95/><G129/><T20/><D20/><U97/><E69/><V49/><F49/><W100/><G51/><T119/><D119/><AGARI ba="0,1" hai="9,15,19,41,43,84,89,93,96,102,104,117,118,119" machi="119" ten="40,5200,0" yaku="1,1,52,2,53,0" doraHai="37" doraHaiUra="25" who="2" fromWho="0" sc="192,-52,182,0,194,62,422,0" /><INIT seed="6,0,0,3,2,94" ten="140,182,256,422" oya="2" hai0="93,130,52,111,6,34,3,75,112,97,8,33,0" hai1="116,58,45,39,133,22,72,66,125,23,81,122,117" hai2="37,27,84,109,83,25,64,110,100,63,113,44,20" hai3="4,30,10,49,102,2,47,77,14,65,18,73,15"/><V115/><F100/><W16/><G65/><T127/><D111/><N who="2" m="42506" /><F44/><W21/><G30/><T32/><D112/><N who="2" m="43082" /><F37/><W118/><G118/><T62/><D127/><U38/><E133/><V26/><F84/><W88/><G102/><T11/><D75/><U12/><E45/><V134/><F83/><W29/><G29/><T114/><D114/><U105/><E105/><V42/><F42/><W128/><G128/><T31/><D130/><U24/><E125/><V79/><F79/><W35/><G35/><T55/><D31/><U131/><E131/><V92/><F92/><W54/><G88/><T87/><D87/><U101/><E101/><V46/><F46/><W41/><G2/><T108/><D108/><U40/><E40/><V48/><F48/><W53/><G4/><T106/><D106/><U74/><E66/><V56/><F134/><W19/><G18/><AGARI ba="0,0" hai="18,20,25,26,27,56,63,64" m="43082,42506" machi="18" ten="30,2900,0" yaku="10,1,15,1" doraHai="94" who="2" fromWho="3" sc="140,0,182,0,256,29,422,-29" /><INIT seed="6,1,0,1,4,60" ten="140,182,285,393" oya="2" hai0="0,15,27,126,58,75,91,113,104,99,9,124,34" hai1="112,54,19,85,2,35,102,66,50,42,123,61,96" hai2="64,128,92,5,59,108,28,130,65,12,25,86,63" hai3="43,57,53,82,48,1,122,76,7,97,56,114,93"/><V77/><F108/><W120/><G114/><T135/><D113/><U41/><E35/><V115/><F115/><W22/><G43/><T17/><D75/><U109/><E2/><V98/><F5/><W11/><G22/><T88/><D135/><U38/><E112/><V125/><F12/><W68/><G68/><T49/><D0/><U29/><E29/><V24/><F125/><W10/><G57/><T45/><D58/><U79/><E38/><V69/><F86/><W131/><G11/><T32/><D32/><U3/><E3/><V71/><F77/><W70/><G70/><T81/><D81/><U133/><E133/><V4/><F4/><W13/><G1/><T40/><D104/><U74/><E74/><V6/><F6/><W127/><G127/><N who="0" m="48683" /><D99/><U134/><E134/><V87/><F87/><W14/><G13/><T20/><D34/><U67/><E123/><V95/><F59/><W106/><G106/><T51/><D51/><U132/><E132/><V39/><F98/><W21/><G21/><T36/><D36/><U26/><E109/><V78/><F78/><W116/><G116/><T117/><D117/><U16/><E85/><V80/><F80/><W94/><G94/><N who="2" m="35881" /><F39/><W83/><G83/><T37/><D37/><U118/><E79/><V46/><F46/><W90/><G131/><N who="2" m="50217" /><F28/><W73/><AGARI ba="1,0" hai="7,10,14,48,53,56,73,76,82,90,93,97,120,122" machi="73" ten="20,1500,0" yaku="0,1,7,1" doraHai="60" who="3" fromWho="3" sc="140,-5,182,-5,285,-8,393,18" /><INIT seed="7,0,0,3,2,118" ten="135,177,277,411" oya="3" hai0="53,104,40,14,2,36,92,59,72,43,48,77,66" hai1="25,123,28,80,16,55,125,129,82,108,91,5,57" hai2="3,87,7,90,103,75,124,73,96,30,86,68,64" hai3="27,60,17,97,61,0,13,24,88,21,131,18,51"/><W41/><G0/><T105/><D2/><U71/><E71/><V83/><F30/><W116/><G131/><T1/><D1/><U52/><E108/><V45/><F124/><W85/><G97/><T134/><D92/><U133/><E125/><V115/><F115/><W132/><G132/><T58/><D14/><U95/><E133/><V114/><F114/><W49/><G116/><T47/><D134/><U46/><E5/><V128/><F128/><W8/><G27/><T63/><D77/><U11/><E123/><V9/><F45/><N who="3" m="25775" /><G51/><N who="0" m="27111" /><D72/><U98/><E46/><V130/><F130/><W111/><G111/><T110/><D110/><U34/><E55/><V6/><F6/><W106/><G106/><T50/><D104/><U38/><E38/><V19/><F19/><W107/><G107/><T70/><D105/><U23/><E11/><V15/><F15/><W32/><G32/><T79/><D79/><U84/><E129/><V117/><F117/><W102/><G102/><T113/><D113/><U122/><E122/><V120/><F120/><W33/><G33/><T135/><D135/><U100/><E34/><V74/><F103/><W67/><G67/><T35/><D35/><U4/><E4/><V121/><F7/><W127/><G127/><T22/><D22/><U37/><E37/><V65/><F121/><W31/><G31/><T44/><D50/><N who="1" m="30871" /><E28/><V29/><F29/><W78/><G18/><T20/><D20/><U39/><E39/><V76/><F74/><W54/><G17/><T26/><D26/><U89/><E100/><V10/><F75/><W81/><G24/><RYUUKYOKU ba="0,0" sc="135,15,177,15,277,-15,411,-15" hai0="36,43,44,48,53,58,59,63,66,70" hai1="16,23,25,80,82,84,89,91,95,98" owari="150,-35.0,192,-20.8,262,6.2,396,49.6" /></mjloggm>