<mjloggm ver="2.3"><GO type="169" lobby="0"/><UN n0="%72%65%62%6F%75%6E%64" n1="%E5%A4%A9%E6%89%8D%E9%BA%BB%E5%B0%86%E6%99%BA%E4%B9%83" n2="%E3%83%9F%E3%83%84%E3%83%8F%E3%82%B7%E3%82%A2%E3%82%B9%E3%83%9E" n3="%E3%81%A1%E3%81%AA%E3%81%A4" dan="16,16,16,17" rate="2124.57,2138.11,2045.78,2165.77" sx="M,M,M,M"/><TAIKYOKU oya="0"/><INIT seed="0,0,0,3,0,104" ten="250,250,250,250" oya="0" hai0="115,80,126,128,99,25,27,9,29,57,14,64,10" hai1="8,49,22,52,68,102,111,84,72,94,116,7,88" hai2="44,73,19,41,70,86,30,2,97,1,133,79,58" hai3="23,82,32,96,16,85,122,48,13,117,78,47,118"/><T21/><D115/><U39/><E116/><V109/><F70/><W26/><G122/><T12/><D126/><U135/><E39/><V60/><F109/><W6/><G96/><T81/><D128/><U24/><E68/><V106/><F133/><W28/><REACH who="3" step="1"/><G6/><REACH who="3" ten="250,250,250,240" step="2"/><T62/><D99/><U134/><E111/><V63/><F97/><W53/><AGARI ba="0,1" hai="13,16,23,26,28,32,47,48,53,78,82,85,117,118" machi="53" ten="20,12000,2" yaku="1,1,2,1,0,1,7,1,54,1,53,1" doraHai="104" doraHaiUra="50" who="3" fromWho="3" sc="250,-60,250,-30,250,-30,240,130" /><INIT seed="1,0,0,2,4,69" ten="190,220,220,370" oya="1" hai0="39,90,92,109,27,1,105,71,26,77,13,73,120" hai1="37,21,57,34,125,5,16,0,53,22,58,14,126" hai2="55,60,64,88,49,9,134,2,8,32,70,82,30" hai3="86,47,4,36,101,20,129,97,95,106,94,12,128"/><U83/><E34/><V117/><F117/><W68/><G68/><T89/><D1/><U44/><E0/><V79/><F134/><W121/><G121/><T56/><D71/><U23/><E5/><V66/><F66/><W17/><G4/><T35/><D105/><U59/><E83/><V130/><F130/><N who="3" m="50283" /><G86/><T25/><D35/><U11/><REACH who="1" step="1"/><E53/><REACH who="1" ten="190,210,220,370" step="2"/><V29/><F2/><W103/><G103/><T135/><D120/><U84/><E84/><V65/><F32/><W61/><G61/><T93/><D73/><U15/><E15/><V96/><F82/><W115/><G115/><T62/><D13/><U41/><AGARI ba="0,1" hai="11,14,16,21,22,23,37,41,44,57,58,59,125,126" machi="41" ten="40,12000,1" yaku="1,1,0,1,52,1,54,1,53,1" doraHai="69" doraHaiUra="6" who="1" fromWho="1" sc="190,-40,210,130,220,-40,370,-40" /><INIT seed="1,1,0,4,1,29" ten="150,340,180,330" oya="1" hai0="122,63,98,92,99,23,115,54,33,41,88,14,40" hai1="128,79,17,93,59,112,116,123,24,108,80,0,5" hai2="11,42,101,110,49,37,35,64,69,104,76,62,103" hai3="71,131,44,51,45,100,31,91,10,3,134,83,8"/><U132/><E112/><V78/><F37/><W36/><G71/><T39/><D115/><U48/><E116/><V95/><F104/><W7/><G131/><T46/><D40/><U121/><E128/><V126/><F110/><W47/><G134/><T18/><D122/><U97/><E132/><V26/><F126/><W127/><G127/><T81/><D81/><U85/><E108/><V12/><F42/><W2/><G36/><T94/><D33/><U133/><E133/><V82/><F49/><W120/><G120/><T9/><D63/><U15/><E24/><V77/><F82/><W68/><G68/><T34/><D34/><U87/><E87/><V111/><F95/><W67/><G67/><T27/><D54/><U52/><E5/><V61/><F61/><W28/><G100/><T114/><D114/><U53/><E53/><V66/><F66/><W74/><G51/><T22/><REACH who="0" step="1"/><D27/><REACH who="0" ten="140,340,180,330" step="2"/><U43/><E43/><V106/><F111/><W72/><G74/><T58/><D58/><U50/><E50/><V107/><F107/><W13/><G72/><T105/><D105/><U129/><E129/><V19/><REACH who="2" step="1"/><F106/><REACH who="2" ten="140,340,170,330" step="2"/><W96/><G47/><T109/><D109/><U70/><E123/><V21/><F21/><W130/><G45/><T75/><D75/><U102/><E121/><V117/><F117/><W113/><G44/><T89/><AGARI ba="1,2" hai="9,14,18,22,23,39,41,46,88,89,92,94,98,99" machi="89" ten="20,12000,2" yaku="1,1,0,1,7,1,9,1,54,1,53,2" doraHai="29" doraHaiUra="86" who="0" fromWho="0" sc="140,143,340,-61,170,-31,330,-31" /><INIT seed="2,0,0,3,1,20" ten="283,279,139,299" oya="2" hai0="73,120,125,11,53,110,68,129,131,104,67,106,70" hai1="8,102,46,76,119,40,47,82,105,22,27,31,55" hai2="0,74,29,18,32,127,88,5,130,99,51,107,28" hai3="84,81,4,17,79,65,45,72,97,62,30,43,103"/><V93/><F74/><W48/><G4/><T135/><D120/><U16/><E119/><V2/><F130/><N who="0" m="49674" /><D73/><U94/><E105/><N who="0" m="40553" /><D110/><U122/><E122/><V83/><F127/><W91/><G30/><T23/><D11/><U66/><E66/><V126/><F126/><W49/><G17/><T21/><D125/><U115/><E115/><V12/><F107/><W100/><G49/><T108/><D108/><U92/><E55/><V37/><F37/><W56/><REACH who="3" step="1"/><G97/><REACH who="3" ten="283,279,139,289" step="2"/><T41/><D135/><U35/><E8/><V10/><F0/><W113/><G113/><T52/><D41/><U14/><E40/><V98/><F51/><W25/><G25/><T77/><D67/><U58/><E31/><V95/><F32/><W124/><G124/><T13/><D13/><U57/><E14/><V128/><F128/><W61/><G61/><T6/><D6/><U19/><E35/><V111/><F111/><W54/><G54/><N who="0" m="21099" /><D77/><U64/><E64/><V63/><F63/><W101/><G101/><T114/><D114/><U117/><E102/><V9/><REACH who="2" step="1"/><F83/><AGARI ba="0,1" hai="43,45,48,56,62,65,72,79,81,83,84,91,100,103" machi="83" ten="30,3900,0" yaku="1,1,7,1,53,1" doraHai="20" doraHaiUra="85" who="3" fromWho="2" sc="283,0,279,0,139,-39,289,49" /><INIT seed="3,0,0,1,4,108" ten="283,279,100,338" oya="3" hai0="124,33,2,38,65,30,69,14,125,55,39,81,43" hai1="117,5,26,120,58,34,32,89,3,74,60,133,25" hai2="61,49,0,130,42,73,97,93,84,15,109,9,10" hai3="53,27,62,77,75,50,51,135,4,88,70,59,129"/><W48/><G129/><T18/><D2/><U72/><E120/><V114/><F109/><W22/><G135/><T23/><D43/><U35/><E133/><V19/><F73/><W113/><G113/><T76/><D69/><U104/><E104/><V112/><F130/><W6/><G70/><T111/><D65/><U121/><E121/><V92/><F61/><W132/><G132/><T128/><D128/><U52/><E117/><V126/><F126/><N who="0" m="48746" /><D111/><U44/><E5/><V85/><F0/><W115/><G115/><T63/><D33/><U20/><E3/><V95/><F97/><W98/><G77/><T46/><D30/><U41/><E89/><V80/><F10/><W8/><G88/><T100/><D100/><U86/><E86/><V36/><F36/><W90/><G75/><N who="0" m="43167" /><D63/><U16/><REACH who="1" step="1"/><E26/><REACH who="1" ten="283,269,100,338" step="2"/><V83/><F85/><W67/><G4/><T56/><D38/><AGARI ba="0,1" hai="16,20,25,32,34,35,38,41,44,52,58,60,72,74" machi="38" ten="40,12000,2" yaku="1,1,2,1,54,2,53,3" doraHai="108" doraHaiUra="29" who="1" fromWho="0" sc="283,-120,269,130,100,0,338,0" /><INIT seed="4,0,0,3,0,135" ten="163,399,100,338" oya="0" hai0="93,28,30,111,20,64,113,110,134,66,21,73,0" hai1="99,76,101,94,12,9,36,5,77,2,11,90,116" hai2="89,52,127,86,61,51,42,102,74,24,107,56,55" hai3="78,114,92,29,10,80,87,69,67,41,105,75,108"/><T45/><D73/><U48/><E116/><V129/><F74/><W84/><G108/><N who="0" m="41515" /><D0/><U65/><E36/><V83/><F129/><W71/><G105/><T60/><D134/><U124/><E124/><V88/><F42/><W72/><G114/><T46/><D93/><U25/><E65/><N who="0" m="25193" /><D60/><U14/><E2/><V17/><F127/><W47/><G67/><T27/><D113/><U123/><E123/><V19/><F89/><W57/><G75/><T37/><D37/><U117/><E117/><V53/><F24/><AGARI ba="0,0" hai="20,21,24,27,28,30,45,46" m="25193,41515" machi="24" ten="30,1500,0" yaku="10,1" doraHai="135" who="0" fromWho="2" sc="163,15,399,0,100,-15,338,0" /><INIT seed="4,1,0,2,2,70" ten="178,399,85,338" oya="0" hai0="23,115,74,4,15,29,19,21,66,61,101,37,3" hai1="76,127,10,38,34,1,88,100,13,69,106,129,20" hai2="41,131,51,99,22,64,121,18,47,55,133,108,45" hai3="5,102,67,97,50,77,26,59,126,128,25,78,124"/><T71/><D74/><U118/><E76/><V42/><F121/><W58/><G128/><T91/><D115/><U46/><E20/><V17/><F108/><W24/><G5/><T114/><D114/><U132/><E13/><V83/><F131/><W0/><G0/><T48/><D101/><U6/><E88/><V79/><F133/><W8/><G8/><T85/><D3/><U60/><E129/><V43/><F64/><W96/><G67/><T109/><D4/><U135/><E118/><V89/><F47/><W27/><N who="3" m="6144" /><DORA hai="14" /><W35/><G35/><T104/><D104/><U80/><E80/><V94/><REACH who="2" step="1"/><F22/><REACH who="2" ten="178,399,75,338" step="2"/><W39/><G39/><T44/><D23/><U30/><E38/><V68/><F68/><W134/><G134/><T107/><D109/><U117/><E135/><V72/><AGARI ba="1,1" hai="17,18,41,42,43,45,51,55,72,79,83,89,94,99" machi="72" ten="30,7900,0" yaku="1,1,0,1,52,2,53,0" doraHai="70,14" doraHaiUra="53,31" who="2" fromWho="2" sc="178,-40,399,-21,75,92,338,-21" /><INIT seed="5,0,0,2,4,130" ten="138,378,167,317" oya="1" hai0="84,63,56,59,103,75,8,80,68,109,114,66,2" hai1="90,14,25,104,7,6,85,126,32,81,107,88,42" hai2="61,72,45,100,18,1,77,51,50,127,24,76,135" hai3="111,106,125,131,10,132,110,119,94,55,73,128,129"/><U34/><E42/><V101/><F1/><W134/><G106/><T38/><D109/><N who="3" m="41481" /><G73/><T87/><D114/><U36/><E36/><V48/><F127/><W122/><G122/><T58/><D38/><U11/><E126/><V29/><F135/><N who="3" m="51755" /><G125/><T4/><D75/><U43/><E43/><V64/><F72/><W49/><G119/><T23/><D103/><U17/><E34/><V40/><F101/><W70/><G70/><T118/><D118/><U30/><E7/><V22/><F100/><W57/><G94/><T65/><D23/><U91/><REACH who="1" step="1"/><E6/><REACH who="1" ten="138,368,167,317" step="2"/><V46/><F40/><W83/><G10/><T13/><D2/><U9/><E9/><V96/><F22/><W86/><G131/><T102/><D4/><U47/><E47/><V31/><F45/><W16/><G16/><T98/><D8/><U54/><E54/><V123/><F46/><W20/><G20/><T93/><D65/><U27/><E27/><V19/><F24/><W133/><G133/><T124/><D13/><U82/><E82/><V79/><F19/><W92/><G92/><T120/><D124/><U121/><E121/><V112/><F18/><W35/><G35/><T21/><D120/><U53/><E53/><V28/><F123/><W37/><G37/><T60/><D21/><U5/><E5/><V15/><F15/><W39/><G39/><T52/><D80/><U26/><E26/><V69/><F112/><W0/><G0/><T74/><D74/><U89/><AGARI ba="0,1" hai="11,14,17,25,30,32,81,85,88,89,90,91,104,107" machi="89" ten="30,6000,0" yaku="1,1,0,1,54,1,53,0" doraHai="130" doraHaiUra="44" who="1" fromWho="1" sc="138,-20,368,70,167,-20,317,-20" /><INIT seed="5,1,0,4,0,7" ten="118,438,147,297" oya="1" hai0="69,51,103,119,38,70,22,115,88,32,96,126,127" hai1="100,81,99,134,97,50,129,57,102,16,10,83,1" hai2="72,123,35,98,17,23,11,106,64,59,3,53,34" hai3="131,29,125,79,39,41,91,86,85,19,28,42,109"/><U14/><E129/><V37/><F123/><W135/><G109/><T45/><D119/><U133/><E1/><V116/><F116/><W33/><G131/><T74/><D32/><U55/><E97/><V130/><F37/><W25/><G125/><N who="0" m="47627" /><D74/><U128/><E100/><V52/><F72/><W89/><G135/><N who="1" m="51722" /><E128/><V0/><F130/><W61/><G79/><T113/><D22/><U117/><E117/><V82/><F82/><W54/><G29/><T63/><D38/><U66/><E66/><V8/><F64/><W48/><G39/><T56/><D103/><U36/><E36/><V40/><F40/><W92/><G61/><T75/><D75/><U47/><E47/><V95/><F106/><AGARI ba="1,0" hai="10,14,16,50,55,57,81,83,99,102,106" m="51722" machi="106" ten="30,5800,0" yaku="20,1,52,1,54,1" doraHai="7" who="1" fromWho="2" sc="118,0,438,61,147,-61,297,0" /><INIT seed="5,2,0,3,0,121" ten="118,499,86,297" oya="1" hai0="9,54,46,80,88,82,37,57,101,124,17,45,61" hai1="106,81,132,96,93,4,19,94,29,128,31,70,73" hai2="68,62,63,91,16,111,105,26,43,36,85,103,119" hai3="76,13,104,97,66,115,69,38,27,129,133,123,30"/><U34/><E70/><V79/><F111/><W127/><G123/><T51/><D124/><U41/><E4/><V12/><F119/><W39/><G127/><T67/><D101/><N who="1" m="62759" /><E19/><V117/><F117/><W107/><G76/><T28/><D28/><U86/><E41/><V15/><F79/><W110/><G110/><T89/><D45/><U135/><E29/><V59/><F68/><W35/><G115/><T7/><D17/><U120/><E31/><V58/><F103/><N who="3" m="62575" /><G107/><T18/><D18/><U134/><E34/><V64/><F105/><W44/><G133/><T130/><D130/><U25/><E25/><V83/><F43/><W11/><G44/><T42/><D82/><U122/><E73/><V99/><F99/><W5/><G129/><T118/><D80/><U65/><E65/><V23/><REACH who="2" step="1"/><F36/><REACH who="2" ten="118,499,76,297" step="2"/><W109/><G109/><T0/><D118/><U74/><E128/><V116/><F116/><W90/><G90/><T114/><REACH who="0" step="1"/><D114/><REACH who="0" ten="108,499,76,297" step="2"/><U56/><E122/><V78/><F78/><W72/><G72/><T112/><D112/><U48/><E120/><V22/><F22/><W92/><G39/><T98/><D98/><U126/><E74/><V131/><F131/><W53/><G38/><T84/><D84/><U100/><E126/><V20/><F20/><W60/><G35/><T95/><D95/><U50/><E100/><V10/><F10/><W21/><G92/><T6/><D6/><U2/><E94/><V55/><AGARI ba="2,2" hai="12,15,16,23,26,55,58,59,62,63,64,83,85,91" machi="55" ten="20,12000,2" yaku="1,1,0,1,7,1,8,1,54,1,53,1" doraHai="121" doraHaiUra="49" who="2" fromWho="2" sc="108,-32,499,-62,76,146,297,-32" /><INIT seed="6,0,0,0,2,38" ten="76,437,222,265" oya="2" hai0="97,9,10,66,112,47,33,88,123,98,119,26,114" hai1="18,80,14,100,113,74,5,57,31,46,78,129,89" hai2="82,30,17,19,36,81,37,1,132,2,63,27,96" hai3="59,13,51,55,126,99,28,93,0,54,103,120,128"/><V110/><F132/><W21/><G0/><T91/><D123/><U85/><E5/><V39/><F110/><W79/><G120/><T125/><D26/><U69/><E69/><V68/><F96/><W104/><G126/><T72/><D72/><U23/><E113/><V50/><F50/><W109/><G109/><T12/><D66/><U42/><E129/><V71/><F63/><W24/><G128/><T94/><D33/><U25/><E57/><V116/><F116/><W58/><G79/><T20/><D20/><U11/><E100/><V29/><F37/><W122/><G13/><T56/><D56/><U131/><E131/><V16/><F17/><W127/><G127/><T90/><D125/><U106/><E106/><V115/><F27/><W15/><G15/><T75/><D75/><U45/><E42/><V67/><F67/><W34/><G122/><T70/><D70/><U83/><AGARI ba="0,0" hai="11,14,18,23,25,31,45,46,74,78,80,83,85,89" machi="83" ten="20,1500,0" yaku="0,1,7,1" doraHai="38" who="1" fromWho="1" sc="76,-4,437,15,222,-7,265,-4" /><INIT seed="7,0,0,0,4,16" ten="72,452,215,261" oya="3" hai0="7,13,66,48,99,130,35,12,22,83,29,116,0" hai1="118,61,44,72,49,42,8,33,39,27,69,100,17" hai2="52,105,128,1,121,56,90,4,23,85,37,11,102" hai3="50,98,132,43,124,64,82,18,31,19,26,51,86"/><W68/><G132/><T46/><D116/><U127/><E72/><V25/><F128/><W106/><G124/><T107/><D130/><U110/><E110/><V87/><F121/><W57/><G68/><T88/><D66/><U60/><E118/><V79/><F37/><W38/><G38/><T119/><D119/><U41/><E127/><V70/><F70/><W112/><G112/><T55/><D107/><U111/><E111/><V47/><F47/><W75/><G75/><T81/><D35/><U73/><E8/><V120/><F120/><W10/><G106/><T84/><D0/><U115/><E60/><V97/><F79/><W54/><G98/><T34/><D34/><U40/><E17/><V30/><F90/><W101/><G101/><T6/><D13/><U2/><E2/><V32/><F32/><W117/><G64/><T63/><D63/><U45/><E100/><V74/><F74/><W3/><G117/><T113/><D113/><U123/><E73/><V15/><F1/><W104/><G104/><T93/><D81/><U62/><E123/><V77/><F77/><W71/><G71/><T5/><D29/><U95/><E69/><V91/><F91/><W131/><G131/><T103/><REACH who="0" step="1"/><D5/><REACH who="0" ten="62,452,215,261" step="2"/><U67/><E67/><V129/><F129/><W125/><G125/><T94/><D94/><U96/><E95/><V108/><F108/><W14/><G3/><T28/><D28/><N who="1" m="19615" /><E115/><V21/><F105/><W24/><G31/><T109/><D109/><U53/><E96/><V134/><F97/><W92/><G92/><T59/><D59/><N who="1" m="33199" /><E39/><V36/><F36/><RYUUKYOKU ba="0,1" sc="62,15,452,15,215,-15,261,-15" hai0="6,7,12,22,46,48,55,83,84,88,93,99,103" hai1="40,41,42,44,45,61,62" owari="77,-42.3,477,57.7,200,-20.0,246,4.6" /></mjloggm>