<mjloggm ver="2.3"><GO type="169" lobby="0"/><UN n0="%E3%81%BD%E3%81%A3%E3%81%91%E3%81%95%E3%82%93" n1="%E3%81%B2%E3%81%90%E3%81%A1" n2="%E3%81%86%E3%81%9A%E3%82%89%E5%8D%B5%E3%83%95%E3%83%A9%E3%82%A4" n3="%E4%B8%8B%E7%B4%9A%E5%9B%BD%E6%B0%91" dan="17,17,16,17" rate="2165.69,2228.09,2037.24,2143.84" sx="M,M,M,M"/><TAIKYOKU oya="0"/><INIT seed="0,0,0,5,3,35" ten="250,250,250,250" oya="0" hai0="0,49,88,21,92,123,120,27,68,98,36,111,53" hai1="67,82,39,89,15,96,80,113,5,81,69,119,46" hai2="40,74,13,16,90,107,8,23,37,122,114,56,18" hai3="22,115,34,66,65,102,94,60,72,100,47,26,64"/><T127/><D36/><U33/><E33/><V83/><F122/><W84/><G72/><T108/><D68/><U1/><E119/><V51/><F114/><W130/><G34/><T61/><D61/><U41/><E113/><V48/><F107/><W73/><G73/><T99/><D99/><U71/><E15/><V63/><F37/><W11/><G130/><T91/><D91/><U79/><E79/><V133/><F40/><W62/><G47/><T7/><D127/><U3/><E5/><V43/><F43/><W87/><G11/><N who="0" m="2535" /><D49/><U19/><E19/><V134/><F74/><W20/><G115/><T4/><D53/><U75/><E75/><V76/><F76/><W57/><G66/><T121/><D4/><U135/><E135/><N who="2" m="51723" /><F90/><W105/><G105/><T58/><D58/><U112/><E112/><V24/><F83/><W125/><G125/><T32/><D32/><U29/><E29/><V132/><N who="2" m="51731" /><V77/><DORA hai="109" /><F77/><W85/><G94/><T128/><D128/><U50/><E39/><V101/><F101/><W110/><G102/><T28/><D123/><U38/><E38/><V118/><F118/><W17/><G100/><T106/><D106/><U12/><E89/><V104/><F104/><W52/><G62/><T129/><D129/><U131/><E131/><V54/><AGARI ba="0,0" hai="8,13,16,18,23,24,48,51,54,56,63" m="51731" machi="54" ten="40,2700,0" yaku="20,1,54,1" doraHai="35,109" who="2" fromWho="2" sc="250,-13,250,-7,250,27,250,-7" /><INIT seed="1,0,0,1,4,119" ten="237,243,277,243" oya="1" hai0="97,123,53,18,75,11,128,108,85,68,100,127,59" hai1="82,125,116,55,3,23,17,122,106,1,89,135,33" hai2="118,98,35,70,42,40,80,24,134,132,63,115,21" hai3="117,93,69,101,113,30,107,92,48,31,114,94,43"/><U10/><E116/><V6/><F118/><W65/><G117/><T0/><D68/><U103/><E33/><V96/><F35/><W83/><G83/><T73/><D108/><U25/><E125/><V61/><F80/><W124/><G124/><T71/><D71/><U131/><E131/><V102/><F6/><W28/><G43/><T109/><D109/><U126/><E126/><V12/><F12/><W46/><G65/><T78/><D127/><U15/><E135/><V95/><F115/><W87/><G87/><T29/><D29/><U62/><E103/><V39/><F70/><W121/><G69/><T7/><D128/><U41/><E106/><V9/><F9/><W20/><G20/><T129/><D129/><U47/><E122/><V38/><F21/><W110/><G110/><T16/><D85/><U74/><E55/><V45/><F24/><W104/><G121/><T76/><D123/><U111/><E62/><V51/><F51/><W67/><G67/><T13/><D76/><U4/><E111/><V120/><F120/><W81/><G81/><N who="0" m="45263" /><D0/><U105/><E105/><N who="3" m="40522" /><G101/><T14/><D75/><U58/><E58/><V90/><F102/><W52/><G113/><T57/><D57/><U19/><E19/><N who="0" m="7209" /><D13/><U49/><REACH who="1" step="1"/><E89/><REACH who="1" ten="237,233,277,243" step="2"/><V91/><F91/><W22/><G114/><T66/><D66/><U112/><E112/><V54/><F54/><W44/><G44/><T27/><D53/><U34/><E34/><V84/><F45/><W86/><G46/><T77/><D59/><U64/><E64/><V130/><F130/><W133/><G133/><T72/><D100/><RYUUKYOKU ba="0,1" sc="237,-10,233,30,277,-10,243,-10" hai1="1,3,4,10,15,17,23,25,41,47,49,74,82" /><INIT seed="1,1,1,3,3,58" ten="227,263,267,233" oya="1" hai0="35,19,81,14,87,130,8,110,33,97,75,61,27" hai1="78,93,51,48,1,66,135,56,109,0,111,9,100" hai2="132,22,59,17,112,65,119,117,121,21,118,5,108" hai3="105,133,32,43,116,29,60,41,120,49,98,88,76"/><U53/><E78/><V127/><F121/><W90/><G120/><T57/><D75/><U92/><E135/><V101/><F101/><W38/><G38/><T73/><D73/><U106/><E106/><V71/><F71/><W86/><G133/><T2/><D110/><N who="1" m="41995" /><E66/><V55/><F65/><W114/><G114/><T122/><D122/><U72/><E72/><V124/><F132/><W99/><G116/><T45/><D130/><U126/><E126/><N who="2" m="48171" /><F108/><W31/><G32/><T94/><D2/><N who="1" m="1131" /><E100/><V18/><F5/><W23/><G105/><T62/><D35/><U102/><E102/><V85/><F85/><W12/><G76/><N who="0" m="46503" /><D33/><U68/><E68/><V15/><F112/><W24/><G90/><N who="0" m="55511" /><D57/><U39/><E39/><V13/><F119/><W6/><G86/><T20/><D45/><U96/><E96/><V82/><F82/><W134/><G99/><T63/><D8/><U69/><E69/><V25/><F59/><W36/><G134/><T131/><D131/><U34/><E34/><V91/><F91/><W104/><G88/><T30/><D30/><U26/><E9/><N who="2" m="6319" /><F55/><W89/><G89/><T115/><D115/><U40/><E26/><AGARI ba="1,1" hai="14,19,20,26,27,61,62,63" m="55511,46503" machi="26" ten="30,7700,0" yaku="8,1,52,3" doraHai="58" who="0" fromWho="1" sc="227,90,263,-80,267,0,233,0" /><INIT seed="2,0,0,0,3,134" ten="317,183,267,233" oya="2" hai0="46,125,53,8,7,48,79,76,21,120,91,54,81" hai1="10,55,108,26,66,61,135,39,83,33,112,30,47" hai2="96,94,129,45,105,20,121,37,36,22,87,77,86" hai3="25,119,93,84,113,132,71,16,43,106,116,52,58"/><V102/><F121/><W89/><G106/><T133/><D120/><U111/><E112/><V107/><F129/><W3/><G3/><T13/><D133/><U118/><E135/><V98/><F45/><W130/><G71/><T110/><D110/><U128/><E118/><V50/><F50/><W29/><G132/><T49/><D21/><U90/><E128/><V101/><F94/><W95/><G130/><T19/><D7/><U28/><E28/><V70/><REACH who="2" step="1"/><F77/><REACH who="2" ten="317,183,257,233" step="2"/><W11/><G95/><T127/><D91/><U103/><E108/><V24/><F24/><W75/><G113/><T92/><D92/><U51/><E111/><V115/><F115/><W73/><G119/><T4/><D4/><U9/><E39/><V63/><F63/><W68/><G116/><T57/><REACH who="0" step="1"/><D76/><REACH who="0" ten="307,183,257,233" step="2"/><U44/><E90/><V67/><F67/><W6/><G6/><T122/><D122/><U74/><E103/><V17/><F17/><W99/><G16/><T35/><D35/><U60/><E66/><V34/><F34/><W100/><G100/><T65/><D65/><U85/><E33/><V78/><F78/><W72/><G93/><T123/><D123/><U38/><E30/><V124/><F124/><W88/><G89/><T62/><D62/><U12/><E61/><V109/><F109/><W126/><G88/><T117/><D117/><U40/><E60/><V23/><F23/><W69/><G126/><T104/><D104/><U31/><E31/><V114/><F114/><W97/><G29/><T0/><D0/><U2/><E2/><V131/><F131/><W42/><G69/><AGARI ba="0,2" hai="20,22,36,37,69,70,86,87,96,98,101,102,105,107" machi="69" ten="25,9600,0" yaku="1,1,6,1,22,2,53,0" doraHai="134" doraHaiUra="56" who="2" fromWho="3" sc="307,0,183,0,257,116,233,-96" /><INIT seed="2,1,0,1,3,134" ten="307,183,373,137" oya="2" hai0="62,82,99,18,47,112,1,17,124,31,119,75,135" hai1="107,4,72,85,48,118,109,35,8,79,108,94,13" hai2="33,65,42,125,36,9,96,114,21,89,73,122,15" hai3="70,3,116,63,81,133,106,115,97,123,59,117,37"/><V16/><F114/><W130/><RYUUKYOKU type="yao9" ba="1,0" sc="307,0,183,0,373,0,137,0" hai3="3,37,59,63,70,81,97,106,115,116,117,123,130,133" /><INIT seed="2,2,0,2,5,50" ten="307,183,373,137" oya="2" hai0="135,109,26,126,82,122,4,8,33,70,43,104,116" hai1="63,20,52,18,36,27,56,130,39,62,2,22,111" hai2="28,115,133,89,55,65,128,105,101,112,13,6,37" hai3="24,0,100,78,92,41,11,125,73,120,17,107,74"/><V29/><F37/><W72/><G120/><T102/><D82/><U21/><E2/><V16/><F65/><W91/><G125/><T23/><D43/><U42/><E111/><V121/><F105/><W19/><G41/><T47/><D47/><U64/><E130/><V113/><F101/><W68/><G68/><T88/><D88/><U134/><E134/><V44/><F121/><W30/><G78/><T32/><D102/><U15/><E42/><V117/><F117/><W38/><G38/><T53/><D23/><U114/><E114/><V10/><F133/><W54/><G100/><T83/><D8/><U127/><E127/><V34/><F128/><W106/><G0/><T79/><D79/><U66/><E66/><V9/><F34/><W48/><G11/><T103/><D33/><U75/><E75/><V60/><F89/><W35/><G107/><T81/><D103/><U119/><E119/><V77/><F77/><W71/><G71/><T58/><D32/><U84/><E84/><V90/><F90/><W61/><G61/><T98/><D70/><U123/><E123/><V108/><F108/><W96/><REACH who="3" step="1"/><G106/><REACH who="3" ten="307,183,373,127" step="2"/><T124/><D104/><U12/><E12/><V69/><F69/><W25/><G25/><T7/><D26/><U67/><E63/><V131/><F131/><W14/><G14/><T51/><D122/><U94/><E27/><V31/><F60/><W3/><G3/><T46/><D124/><U45/><E64/><V40/><F40/><W110/><G110/><T87/><D126/><U57/><E67/><V80/><F113/><W76/><G76/><RYUUKYOKU ba="2,1" sc="307,-10,183,-10,373,-10,127,30" hai3="17,19,24,30,35,48,54,72,73,74,91,92,96" /><INIT seed="3,3,1,1,0,48" ten="297,173,363,157" oya="3" hai0="57,47,93,16,107,6,41,124,42,28,127,85,65" hai1="54,116,97,135,110,119,96,88,29,71,19,111,79" hai2="120,4,12,30,132,7,18,129,109,121,24,68,90" hai3="113,20,1,62,45,10,40,92,8,2,99,39,133"/><W5/><G113/><T70/><D107/><U72/><E71/><V101/><F68/><W131/><G131/><T130/><D70/><U75/><E29/><V108/><F90/><W115/><G115/><T34/><D6/><N who="2" m="2090" /><F101/><W105/><G105/><T44/><D28/><U51/><E19/><V128/><F132/><W126/><G133/><T114/><D34/><U27/><E27/><V106/><F106/><W67/><G126/><N who="0" m="48171" /><D114/><U123/><E135/><V78/><F78/><W59/><G10/><T3/><D3/><U32/><E32/><N who="2" m="20551" /><F129/><W117/><G117/><N who="1" m="45130" /><E123/><N who="2" m="47179" /><F128/><W76/><G76/><T38/><D130/><U63/><E63/><V22/><AGARI ba="3,1" hai="12,18,22,108,109" m="47179,20551,2090" machi="22" ten="30,4000,0" yaku="13,1,34,2" doraHai="48" who="2" fromWho="2" sc="297,-13,173,-13,363,59,157,-23" /><INIT seed="4,0,0,3,0,26" ten="284,160,422,134" oya="0" hai0="30,115,76,15,80,106,79,6,60,9,114,87,70" hai1="32,111,116,13,127,24,97,7,118,14,120,10,95" hai2="73,46,91,89,61,131,72,100,27,8,2,98,11" hai3="64,121,132,112,35,31,88,93,54,103,135,4,47"/><T44/><D106/><U40/><E111/><V99/><F131/><W1/><G103/><T34/><D79/><U67/><E120/><V65/><F46/><W12/><G1/><T94/><D94/><U49/><E127/><V123/><F123/><W42/><G121/><T21/><D21/><U107/><E107/><V52/><F52/><W23/><G35/><T74/><D74/><U57/><E40/><V3/><F27/><N who="3" m="16895" /><G64/><T126/><D126/><U117/><E67/><V86/><F65/><W101/><G101/><T37/><D60/><U66/><E66/><V18/><F61/><W125/><G54/><T75/><D70/><U16/><E49/><V36/><F100/><W71/><G71/><T56/><D56/><U5/><E57/><V122/><F122/><W109/><G109/><T133/><D133/><N who="3" m="51273" /><G112/><N who="0" m="43051" /><D75/><U84/><E84/><V96/><F86/><N who="3" m="52375" /><G125/><T77/><D76/><U105/><E105/><V78/><F78/><W48/><G12/><T119/><D119/><U55/><E55/><V28/><F2/><W92/><G92/><T51/><D34/><U25/><E95/><V82/><F3/><W81/><G4/><N who="1" m="1610" /><E97/><V19/><F99/><W113/><G113/><T50/><D30/><N who="1" m="19527" /><E14/><V53/><F98/><W0/><G0/><T45/><D45/><U22/><E25/><V134/><F96/><W39/><G81/><T110/><D110/><U62/><E62/><V63/><F63/><W17/><G48/><T58/><D58/><U130/><E22/><V41/><F134/><W128/><G128/><AGARI ba="0,0" hai="10,13,16,116,117,118,128,130" m="19527,1610" machi="128" ten="40,8000,1" yaku="34,2,52,1,54,1" doraHai="26" who="1" fromWho="3" sc="284,0,160,80,422,0,134,-80" /><INIT seed="5,0,0,4,5,121" ten="284,240,422,54" oya="1" hai0="27,15,48,91,93,119,10,6,2,18,85,106,113" hai1="84,9,24,0,95,129,82,89,71,16,26,103,130" hai2="22,39,37,65,107,76,41,43,20,67,8,80,86" hai3="31,68,55,57,54,87,35,102,127,44,126,115,1"/><U100/><E71/><V69/><F107/><W45/><G1/><T58/><D106/><U134/><E134/><V112/><F8/><W51/><G102/><T40/><D113/><U66/><E66/><V133/><F69/><W75/><G75/><T47/><D119/><U128/><E0/><V108/><F108/><W111/><G31/><T38/><D58/><U12/><E103/><V104/><F104/><W74/><G74/><T5/><D5/><U13/><E100/><V28/><F28/><W70/><G87/><T83/><D27/><U96/><REACH who="1" step="1"/><E13/><REACH who="1" ten="284,230,422,54" step="2"/><V97/><F67/><W92/><G115/><T117/><D117/><U64/><E64/><V36/><F65/><W73/><G70/><T78/><D2/><U62/><E62/><V52/><F133/><W25/><G68/><T109/><D109/><U94/><E94/><V59/><F112/><W116/><G116/><T120/><D120/><U72/><E72/><V19/><F36/><W101/><G73/><T53/><D38/><U29/><E29/><V60/><F37/><W50/><G111/><T81/><D81/><U14/><E14/><V125/><F39/><W34/><G25/><T99/><D53/><U88/><AGARI ba="0,1" hai="9,12,16,24,26,82,84,88,89,95,96,128,129,130" machi="88" ten="30,12000,1" yaku="1,1,0,1,19,1,54,2,53,0" doraHai="121" doraHaiUra="110" who="1" fromWho="1" sc="284,-40,230,130,422,-40,54,-40" /><INIT seed="5,1,0,2,3,56" ten="244,360,382,14" oya="1" hai0="94,133,130,116,97,104,103,95,106,69,61,29,67" hai1="115,34,28,59,120,99,9,43,86,40,128,72,114" hai2="6,105,93,66,68,126,32,108,5,44,25,58,14" hai3="112,84,27,0,79,117,21,119,88,70,118,78,37"/><U123/><E72/><V80/><F105/><W13/><G0/><T89/><D116/><N who="3" m="29697" /><W113/><DORA hai="60" /><G37/><T49/><D130/><U87/><E28/><V30/><F68/><W132/><G13/><T134/><D29/><U16/><E34/><V36/><F108/><W125/><G70/><T65/><D65/><U38/><E128/><V96/><F80/><N who="3" m="49159" /><G132/><N who="0" m="50795" /><D49/><U53/><E99/><AGARI ba="1,0" hai="61,67,69,89,94,95,97,99,103,104,106" m="50795" machi="99" ten="30,3900,0" yaku="20,1,52,2" doraHai="56,60" who="0" fromWho="1" sc="244,42,360,-42,382,0,14,0" /><INIT seed="6,0,0,1,4,125" ten="286,318,382,14" oya="2" hai0="62,67,45,98,100,59,28,106,0,27,119,104,13" hai1="131,76,32,58,22,60,15,57,97,55,17,103,77" hai2="78,99,79,51,25,4,48,124,38,64,74,105,85" hai3="42,126,3,130,39,37,56,73,23,52,133,122,35"/><V12/><F38/><N who="3" m="14347" /><G35/><T34/><D0/><U21/><E131/><V113/><F124/><W71/><G23/><T49/><D119/><U89/><E32/><V29/><F74/><W121/><G3/><T31/><D31/><U86/><E103/><V118/><F118/><W134/><G73/><T41/><REACH who="0" step="1"/><D13/><REACH who="0" ten="276,318,382,14" step="2"/><U92/><E97/><V88/><F99/><W70/><G126/><T90/><D90/><U53/><REACH who="1" step="1"/><E22/><REACH who="1" ten="276,308,382,14" step="2"/><V24/><F78/><W93/><G42/><T84/><D84/><U128/><E128/><V109/><F79/><W5/><G130/><T102/><D102/><U18/><E18/><V115/><F85/><W95/><G5/><T26/><D26/><U68/><E68/><N who="3" m="26154" /><G95/><AGARI ba="0,2" hai="27,28,34,41,45,49,59,62,67,95,98,100,104,106" machi="95" ten="30,2000,0" yaku="1,1,7,1,53,0" doraHai="125" doraHaiUra="111" who="0" fromWho="3" sc="276,40,308,0,382,0,14,-20" owari="316,11.6,308,-9.2,382,48.2,-6,-50.6" /></mjloggm>