<mjloggm ver="2.3"><GO type="169" lobby="0"/><UN n0="%61%73%6D%65%69%61%73" n1="%E2%91%A3%E3%82%BB%E3%83%B3%E3%83%81" n2="%E2%97%8E%E3%82%88%E3%81%97%E2%97%8E" n3="%4B%69%74%61%6D%75%72%61" dan="16,18,17,18" rate="2102.79,2277.06,2177.42,2278.27" sx="M,M,M,F"/><TAIKYOKU oya="0"/><INIT seed="0,0,0,4,0,85" ten="250,250,250,250" oya="0" hai0="12,128,37,15,89,92,39,93,35,67,6,91,28" hai1="23,43,65,13,46,80,73,53,41,76,29,106,69" hai2="32,118,22,72,105,121,4,14,127,86,66,42,87" hai3="97,26,60,40,119,27,0,122,90,135,58,103,95"/><T123/><D123/><U82/><E106/><V84/><F32/><W74/><G119/><T126/><D126/><U62/><E82/><V71/><F105/><W131/><G0/><T102/><D102/><U78/><E78/><V31/><F72/><W44/><G122/><T48/><D67/><U113/><E113/><V116/><F121/><W117/><G117/><T79/><D79/><U45/><E53/><V1/><F127/><W3/><G3/><T68/><D68/><U49/><E13/><V54/><F42/><W8/><G74/><T77/><D77/><U5/><E5/><V88/><F1/><W110/><G110/><T99/><D128/><U51/><E23/><V108/><F108/><W59/><G8/><T81/><D81/><U101/><E29/><V133/><F133/><W63/><G135/><T36/><D48/><U57/><REACH who="1" step="1"/><E101/><REACH who="1" ten="250,240,250,250" step="2"/><V25/><F54/><W124/><G124/><T2/><D2/><U19/><E19/><V104/><F104/><W52/><G103/><T18/><D6/><U98/><E98/><V38/><F118/><W112/><G112/><T33/><D28/><U83/><E83/><V50/><F116/><W134/><G134/><T111/><D111/><U125/><E125/><V70/><F4/><W11/><G11/><N who="0" m="6431" /><D15/><U107/><E107/><V109/><F14/><W96/><G96/><N who="0" m="57359" /><D33/><U75/><E75/><V10/><F109/><W115/><G115/><T30/><D30/><U94/><E94/><V64/><F10/><W9/><G9/><T16/><D35/><U61/><E61/><V20/><F31/><W120/><G120/><RYUUKYOKU ba="0,1" sc="250,15,240,15,250,-15,250,-15" hai0="16,36,37,39,91,93,99" hai1="41,43,45,46,49,51,57,62,65,69,73,76,80" /><INIT seed="0,1,1,4,5,110" ten="265,255,235,235" oya="0" hai0="88,60,72,119,103,109,13,117,68,113,76,101,124" hai1="98,99,90,105,12,78,44,71,82,35,133,37,111" hai2="29,16,122,123,40,33,112,121,53,131,84,118,80" hai3="32,10,63,19,62,94,61,81,66,27,135,48,83"/><T22/><D22/><U41/><E71/><V107/><F107/><W7/><G135/><T134/><D13/><U47/><E35/><V46/><F131/><W20/><G66/><T86/><D60/><U18/><E111/><V125/><F125/><W21/><G32/><T108/><D68/><U15/><E133/><V9/><F118/><N who="0" m="45066" /><D124/><U92/><E47/><V1/><F53/><W43/><G21/><T54/><D54/><U17/><E12/><V96/><F96/><W73/><G73/><T50/><D50/><U2/><E2/><V120/><F120/><W23/><G23/><T85/><D134/><U24/><E24/><V106/><F106/><W64/><G64/><T75/><D113/><U59/><E59/><V8/><F112/><W115/><G115/><T114/><D114/><U49/><E37/><V126/><F126/><W4/><G94/><N who="0" m="54543" /><D86/><U51/><E51/><V69/><F69/><W93/><G43/><T3/><D3/><U0/><E0/><V28/><F1/><W57/><G48/><T14/><D14/><U95/><E15/><V116/><F116/><W30/><G57/><T26/><D26/><U52/><E41/><V42/><F42/><W130/><G30/><N who="2" m="11881" /><F16/><W128/><G128/><T89/><D89/><N who="1" m="55567" /><E17/><V102/><F33/><W74/><G130/><T55/><D55/><U79/><E18/><V77/><F8/><W65/><G65/><T34/><D34/><U132/><E132/><V39/><F9/><W45/><G45/><T70/><D70/><U38/><E44/><V129/><F129/><W36/><G19/><T6/><D109/><RYUUKYOKU ba="1,1" sc="265,-10,255,-10,235,30,235,-10" hai2="39,40,46,77,80,84,102,121,122,123" /><INIT seed="1,2,1,4,2,104" ten="255,245,265,225" oya="1" hai0="68,128,29,25,129,75,36,98,90,30,87,22,100" hai1="40,43,13,35,32,116,117,99,39,46,3,59,8" hai2="65,53,131,132,71,60,130,118,45,105,21,15,96" hai3="31,20,48,69,50,88,121,16,133,115,58,119,7"/><U126/><E3/><V123/><F105/><W95/><G121/><T73/><D68/><U74/><E126/><V0/><F0/><W54/><G115/><T41/><D30/><U5/><E43/><V61/><F96/><W14/><G69/><T62/><D62/><U79/><E99/><V85/><F85/><N who="3" m="52623" /><G133/><T83/><D41/><U49/><E59/><N who="2" m="34927" /><F21/><W81/><G119/><T124/><D36/><U86/><E39/><V89/><F15/><W112/><G112/><T127/><D127/><U38/><E74/><V101/><F101/><W77/><G31/><T111/><D111/><U63/><E63/><N who="2" m="40383" /><F89/><W134/><G134/><T80/><D124/><U28/><E38/><V102/><F102/><W97/><G97/><T1/><D1/><U56/><E56/><V9/><F123/><W108/><G108/><T24/><D24/><N who="1" m="18439" /><E35/><V82/><F132/><W23/><G50/><T12/><D12/><U72/><E72/><V91/><F118/><W27/><G7/><T103/><D103/><U70/><E70/><V10/><F45/><W64/><G64/><T106/><D80/><AGARI ba="2,1" hai="5,8,13,40,46,49,79,80,86,116,117" m="18439" machi="80" ten="30,1500,0" yaku="25,1" doraHai="104" who="1" fromWho="0" sc="255,-21,245,31,265,0,225,0" /><INIT seed="1,3,0,0,5,117" ten="234,276,265,225" oya="1" hai0="0,84,122,53,43,75,60,4,5,98,115,114,18" hai1="92,72,135,78,129,16,95,71,112,46,50,110,102" hai2="27,1,23,56,87,107,85,133,15,83,51,116,13" hai3="100,63,47,44,96,9,65,11,97,41,82,37,39"/><U20/><E112/><V48/><F116/><W73/><G73/><T109/><D75/><U76/><E71/><V120/><F107/><W90/><G82/><T105/><D109/><U21/><E129/><V26/><F1/><W93/><G47/><T34/><D43/><U10/><E135/><V125/><F133/><W86/><G39/><T79/><D34/><U54/><E72/><V35/><F35/><W52/><G86/><N who="2" m="32777" /><F83/><W67/><G67/><T91/><D79/><N who="1" m="30251" /><E110/><V29/><F125/><W59/><REACH who="3" step="1"/><G65/><REACH who="3" ten="234,276,265,215" step="2"/><T24/><D115/><U88/><E102/><V80/><F80/><W32/><G32/><T25/><D114/><U45/><E45/><V127/><F127/><W123/><G123/><T68/><D122/><U40/><E40/><V57/><F120/><W131/><G131/><T33/><D33/><U94/><E88/><V99/><F99/><W103/><G103/><T119/><D98/><U118/><E118/><V19/><F57/><W121/><G121/><T74/><D91/><U58/><E58/><V42/><F56/><W130/><G130/><T69/><D119/><U128/><E128/><V81/><F81/><W12/><G12/><AGARI ba="3,1" hai="10,12,16,20,21,46,50,54,92,94,95" m="30251" machi="12" ten="30,2900,0" yaku="8,1,54,1" doraHai="117" who="1" fromWho="3" sc="234,0,276,48,265,0,215,-38" /><INIT seed="1,4,0,4,0,9" ten="234,324,265,177" oya="1" hai0="19,64,115,83,76,110,68,126,17,99,13,26,16" hai1="78,93,75,56,87,27,18,12,0,39,81,102,29" hai2="129,96,5,90,91,113,104,71,97,101,65,52,109" hai3="107,121,50,38,4,92,112,54,1,86,28,116,98"/><U10/><E39/><V105/><F65/><W3/><G121/><T124/><D115/><U69/><E69/><V95/><F71/><W82/><G112/><T44/><D110/><U123/><E123/><V89/><F113/><W8/><G38/><T41/><D26/><U84/><E0/><V130/><F5/><W6/><G107/><N who="2" m="41033" /><F52/><W85/><G28/><T132/><D99/><N who="2" m="37962" /><F109/><W103/><G116/><T61/><D132/><U58/><E102/><V37/><F37/><W33/><G33/><T119/><D119/><U21/><REACH who="1" step="1"/><E75/><REACH who="1" ten="234,314,265,177" step="2"/><V128/><F101/><W70/><G70/><T88/><D68/><U14/><E14/><V42/><F42/><W34/><G3/><T111/><D13/><U15/><E15/><V127/><F127/><W114/><G114/><T77/><D111/><U100/><E100/><V31/><F31/><W24/><G1/><T11/><D126/><U53/><E53/><V62/><F62/><W74/><G54/><T59/><D61/><U43/><E43/><V120/><F120/><W48/><G103/><T49/><D41/><U106/><E106/><V23/><F23/><W122/><G122/><T108/><D108/><U51/><E51/><V73/><F73/><W57/><G74/><T131/><D124/><U63/><E63/><V7/><F7/><W30/><G6/><T25/><D49/><U45/><E45/><V67/><F67/><W72/><G50/><T134/><D44/><U135/><E135/><V125/><F125/><W80/><G48/><T40/><D40/><U32/><E32/><V2/><F2/><N who="3" m="23" /><G34/><T66/><D134/><RYUUKYOKU ba="4,1" sc="234,-15,314,15,265,15,177,-15" hai1="10,12,18,21,27,29,56,58,78,81,84,87,93" hai2="89,90,91,95,128,129,130" /><INIT seed="1,5,1,1,3,131" ten="219,329,280,162" oya="1" hai0="49,112,12,85,23,9,63,58,109,38,77,132,70" hai1="47,96,88,128,43,1,108,126,73,48,51,98,106" hai2="25,45,0,35,8,54,13,123,97,80,87,118,95" hai3="15,55,30,64,104,2,105,84,62,116,68,82,122"/><U125/><E1/><V46/><F0/><W110/><G122/><T20/><D38/><U92/><E73/><V22/><F35/><W28/><G2/><T39/><D39/><U99/><E128/><V135/><F118/><W18/><G116/><T107/><D107/><U7/><E7/><N who="2" m="3231" /><F54/><W74/><G74/><T42/><D112/><U40/><E108/><V16/><F135/><W93/><G110/><T119/><D119/><U65/><E65/><V24/><F24/><W120/><G120/><T52/><D132/><U60/><E60/><V103/><F123/><W41/><G41/><T11/><D70/><U86/><REACH who="1" step="1"/><E106/><REACH who="1" ten="219,319,280,162" step="2"/><V81/><F81/><W134/><G105/><T34/><D63/><U127/><E127/><V78/><AGARI ba="5,2" hai="16,22,25,45,46,78,80,87,95,97,103" m="3231" machi="78" ten="30,2000,0" yaku="8,1,54,1" doraHai="131" who="2" fromWho="2" sc="219,-10,319,-15,280,55,162,-10" /><INIT seed="2,0,0,4,3,45" ten="209,304,335,152" oya="2" hai0="113,8,127,52,123,97,13,61,46,86,39,76,7" hai1="106,27,63,111,32,4,90,72,33,15,19,1,30" hai2="2,115,31,51,49,89,100,118,80,56,35,95,65" hai3="0,20,132,134,85,75,74,77,93,64,135,117,58"/><V17/><F118/><W83/><G0/><T129/><D113/><U16/><E72/><V26/><F2/><W104/><G117/><T112/><D112/><U125/><E106/><V50/><F115/><W99/><G20/><T91/><D123/><U116/><E116/><V9/><F100/><N who="3" m="62495" /><G64/><T53/><D129/><U107/><E107/><V71/><F71/><W130/><G58/><N who="0" m="35015" /><D127/><U10/><E90/><V101/><F101/><W12/><G12/><T69/><D69/><U18/><E63/><V82/><F65/><W98/><G130/><T22/><D39/><U67/><E67/><V78/><F56/><W66/><G66/><T84/><D76/><U55/><E55/><V131/><F131/><W109/><G109/><T57/><D46/><U81/><E81/><V25/><F78/><W41/><G41/><T6/><D22/><N who="1" m="15735" /><E125/><V59/><F59/><W121/><G121/><T108/><D6/><N who="1" m="1359" /><E111/><V103/><F103/><AGARI ba="0,0" hai="74,75,77,83,85,93,98,103,132,134,135" m="62495" machi="103" ten="30,3900,0" yaku="20,1,34,2" doraHai="45" who="3" fromWho="2" sc="209,0,304,0,335,-39,152,39" /><INIT seed="3,0,0,4,3,22" ten="209,304,296,191" oya="3" hai0="100,67,43,50,63,27,15,119,121,32,46,113,95" hai1="23,105,17,2,34,72,80,1,58,83,126,86,52" hai2="134,14,77,85,53,21,69,114,104,40,87,103,108" hai3="91,109,112,8,123,19,89,13,76,73,135,31,57"/><W41/><G112/><T28/><D119/><U92/><E105/><V101/><F69/><W10/><G123/><T42/><D113/><U7/><E34/><V37/><F114/><W82/><G135/><T48/><D121/><U110/><E110/><V65/><F65/><W71/><G71/><T96/><D15/><U128/><E128/><V129/><F40/><W116/><G116/><T124/><D124/><U44/><E44/><V33/><F33/><W64/><G109/><T51/><REACH who="0" step="1"/><D43/><REACH who="0" ten="199,304,296,191" step="2"/><U106/><E126/><V94/><F14/><W47/><G10/><T30/><D30/><U107/><E1/><V75/><F108/><W18/><G31/><T9/><D9/><U54/><E2/><V117/><F117/><W38/><REACH who="3" step="1"/><G19/><REACH who="3" ten="199,304,296,181" step="2"/><T36/><D36/><U90/><E17/><V79/><F37/><W118/><G118/><T24/><D24/><U70/><E7/><V99/><F134/><W20/><G20/><T16/><D16/><U11/><E23/><V26/><F21/><W131/><G131/><T49/><D49/><U133/><E11/><V6/><F26/><W60/><AGARI ba="0,2" hai="8,13,18,38,41,47,57,60,64,73,76,82,89,91" machi="60" ten="30,3000,0" yaku="1,1,0,1,53,0" doraHai="22" doraHaiUra="25" who="3" fromWho="3" sc="199,-10,304,-10,296,-10,181,50" /><INIT seed="3,1,0,3,2,52" ten="189,294,286,231" oya="3" hai0="103,50,89,53,87,83,118,114,101,14,6,106,128" hai1="131,93,47,54,20,135,26,65,28,77,98,10,13" hai2="127,32,75,124,133,1,38,16,132,3,11,123,99" hai3="29,110,70,76,74,120,113,41,35,57,92,51,18"/><W67/><G113/><T12/><D118/><U23/><E131/><V82/><F38/><W119/><G119/><T40/><D128/><U62/><E135/><N who="2" m="51787" /><F99/><W105/><G120/><T78/><D114/><U58/><E77/><N who="2" m="44351" /><F32/><W96/><G105/><T80/><D106/><U71/><E47/><V55/><F123/><W68/><G110/><T134/><D134/><U97/><E23/><V102/><F55/><W66/><G35/><T39/><D39/><U45/><E45/><V25/><F102/><W112/><G112/><T4/><D40/><U73/><E73/><V86/><F86/><W59/><G41/><T44/><D4/><U69/><E54/><V33/><F33/><W108/><G108/><T17/><D6/><U72/><E72/><V107/><F107/><W79/><G74/><T104/><D104/><U24/><E24/><V126/><F25/><W100/><G100/><N who="0" m="38475" /><D17/><U121/><E121/><V109/><F109/><W9/><G18/><T48/><D48/><U36/><E36/><V22/><F22/><W111/><G51/><T37/><D37/><U60/><E93/><V95/><F95/><W122/><G111/><T42/><D42/><U43/><E43/><V7/><F16/><W91/><G122/><T30/><D30/><U5/><E71/><V8/><F8/><W63/><G9/><T64/><D89/><U27/><E27/><V125/><N who="2" m="31744" /><DORA hai="19" /><V31/><F31/><W90/><G29/><T130/><D130/><U61/><E69/><N who="3" m="26730" /><G91/><T56/><D83/><U85/><E85/><V115/><F115/><W0/><G0/><AGARI ba="1,0" hai="0,1,3,7,11" m="31744,44351,51787" machi="0" ten="60,7700,0" yaku="20,1,18,1,23,1" doraHai="52,19" who="2" fromWho="3" sc="189,0,294,0,286,80,231,-80" /><INIT seed="4,0,0,5,5,101" ten="189,294,366,151" oya="0" hai0="5,7,135,4,49,15,73,125,60,57,33,75,47" hai1="112,104,71,111,6,52,109,89,72,1,84,18,107" hai2="28,26,133,134,11,110,108,50,113,37,81,98,93" hai3="87,64,61,119,90,65,124,80,82,129,130,46,43"/><T118/><D118/><U48/><E71/><V23/><F37/><W126/><G119/><T53/><D33/><U30/><E72/><V106/><F113/><W0/><G0/><T78/><D125/><N who="3" m="48233" /><G82/><T63/><D135/><N who="2" m="51722" /><F106/><W95/><G95/><T58/><D78/><U24/><E18/><V121/><F121/><W42/><G90/><T22/><D22/><U85/><E85/><V14/><F81/><W25/><G25/><T74/><REACH who="0" step="1"/><D15/><REACH who="0" ten="179,294,366,151" step="2"/><U20/><E20/><V91/><F14/><W56/><G130/><T29/><D29/><U9/><E30/><V59/><F11/><W21/><G129/><T88/><D88/><U96/><E24/><V69/><F23/><W54/><G21/><T114/><D114/><U31/><E31/><V100/><F26/><W16/><G16/><T79/><D79/><U32/><E32/><V123/><F28/><W127/><G127/><T13/><D13/><U66/><E112/><V103/><F91/><N who="3" m="51687" /><G43/><T86/><D86/><U35/><E35/><V68/><F123/><W70/><G70/><T34/><D34/><U105/><E84/><V39/><F68/><W83/><G83/><T94/><D94/><U128/><E128/><V3/><F69/><W51/><AGARI ba="0,1" hai="42,46,51,54,56,61,64,65" m="51687,48233" machi="51" ten="30,1100,0" yaku="18,1" doraHai="101" who="3" fromWho="3" sc="179,-5,294,-3,366,-3,151,21" /><INIT seed="5,0,0,4,3,10" ten="174,291,363,172" oya="1" hai0="71,80,9,8,113,117,11,108,48,55,95,78,75" hai1="88,70,0,18,116,15,29,5,83,123,126,66,67" hai2="42,120,77,97,122,38,121,62,102,25,33,110,84" hai3="40,61,118,105,3,23,7,19,63,50,32,60,56"/><U99/><E116/><V26/><F110/><W98/><G32/><T81/><D108/><U111/><E111/><V130/><F130/><W21/><G118/><T16/><D117/><U133/><E123/><V57/><F33/><W93/><G105/><T64/><D113/><U135/><E29/><V109/><F109/><W22/><G3/><T101/><D81/><U31/><E31/><V69/><F69/><W107/><G107/><T43/><D43/><U114/><E114/><V132/><F132/><N who="1" m="50761" /><E70/><V13/><F77/><W2/><G2/><T87/><D64/><N who="1" m="24619" /><E126/><V58/><F42/><W131/><G131/><T36/><D71/><U103/><E5/><V112/><F112/><W27/><G7/><T37/><D37/><U1/><E103/><V74/><F38/><W104/><G104/><T124/><D36/><U35/><E35/><V85/><F102/><W17/><G17/><T128/><D124/><U45/><E45/><V96/><F120/><W86/><G56/><N who="0" m="32871" /><D75/><U115/><E115/><V125/><F74/><W54/><G40/><T94/><D128/><U119/><E119/><V72/><F72/><W46/><REACH who="3" step="1"/><G86/><REACH who="3" ten="174,291,363,162" step="2"/><T20/><D101/><AGARI ba="0,1" hai="19,21,22,23,27,46,50,54,60,61,63,93,98,101" machi="101" ten="40,5200,0" yaku="1,1,2,1,8,1,53,0" doraHai="10" doraHaiUra="106" who="3" fromWho="0" sc="174,-52,291,0,363,0,162,62" /><INIT seed="6,0,0,3,3,115" ten="122,291,363,224" oya="2" hai0="81,38,78,58,35,48,16,20,31,42,135,94,118" hai1="61,40,93,57,92,64,17,120,69,88,49,113,130" hai2="99,90,110,126,33,37,133,107,121,101,25,59,95" hai3="127,125,103,23,12,21,3,74,68,29,26,73,36"/><V13/><F37/><W53/><G36/><T71/><D135/><U7/><E113/><V114/><F121/><W70/><G3/><T124/><D71/><U96/><E120/><V46/><F133/><W117/><G103/><T51/><D124/><N who="3" m="47689" /><G53/><T44/><D31/><U87/><E130/><V77/><F46/><W11/><G23/><T119/><D35/><U128/><E128/><V76/><F13/><W0/><G0/><T98/><D58/><U109/><E109/><V108/><F59/><W43/><G43/><T15/><D51/><U24/><E7/><V104/><F114/><W85/><G85/><T83/><D38/><U41/><E69/><N who="3" m="26730" /><G117/><N who="0" m="44555" /><D78/><U112/><E49/><V66/><F76/><W62/><G62/><T123/><D123/><U14/><E112/><V100/><F77/><W65/><G65/><T22/><D22/><U67/><E67/><V28/><F66/><W82/><G29/><T63/><D63/><U111/><E64/><V134/><F134/><W106/><G21/><T6/><D6/><U50/><E50/><V132/><F126/><W97/><G11/><T84/><D84/><U56/><E56/><V18/><F132/><W79/><G79/><T30/><D30/><U4/><E57/><V32/><F28/><W9/><G9/><T27/><D27/><U52/><E61/><V10/><F32/><W122/><G26/><T116/><N who="0" m="44563" /><T54/><DORA hai="55" /><D42/><U8/><E41/><V80/><F33/><W105/><G122/><T91/><AGARI ba="0,0" hai="15,16,20,44,48,54,81,83,91,94,98" m="44563" machi="91" ten="40,12000,2" yaku="12,1,52,4,54,1" doraHai="115,55" who="0" fromWho="0" sc="122,120,291,-30,363,-60,224,-30" /><INIT seed="7,0,0,4,1,79" ten="242,261,303,194" oya="3" hai0="2,62,38,107,51,68,78,57,20,56,24,70,132" hai1="135,112,76,64,116,14,77,105,12,58,10,1,39" hai2="75,30,15,69,126,28,123,108,82,96,133,26,99" hai3="66,6,22,102,3,74,71,80,44,101,21,25,23"/><W90/><G71/><T117/><D2/><U98/><E39/><V128/><F69/><W8/><G66/><T37/><D107/><U0/><E14/><V114/><F15/><W120/><G120/><T18/><D117/><U92/><E105/><V5/><F26/><W34/><G44/><T17/><D132/><U42/><E42/><V127/><F5/><W53/><G53/><T129/><D129/><U72/><E112/><V32/><F114/><W106/><G106/><T121/><D121/><U111/><E111/><V59/><F32/><W13/><G3/><T35/><D35/><U46/><E46/><V36/><F36/><W125/><G125/><T88/><D78/><U97/><E97/><V65/><F108/><W29/><REACH who="3" step="1"/><G74/><REACH who="3" ten="242,261,303,184" step="2"/><T95/><D68/><U45/><E45/><V49/><F75/><W40/><G40/><T48/><D70/><U110/><E110/><V55/><F123/><W52/><G52/><N who="0" m="34087" /><D38/><U31/><E72/><V84/><F55/><W63/><G63/><T50/><D37/><U124/><E124/><V33/><F127/><W131/><G131/><T93/><D56/><U130/><E130/><V9/><F59/><W115/><G115/><T113/><D113/><U27/><E0/><V89/><F128/><W61/><G61/><T109/><D109/><U134/><E1/><V43/><F126/><W100/><G100/><T11/><D50/><U73/><E73/><V86/><F49/><W85/><AGARI ba="0,1" hai="6,8,13,21,22,23,25,29,34,80,85,90,101,102" machi="85" ten="30,11700,0" yaku="1,1,0,1,52,1,53,1" doraHai="79" doraHaiUra="87" who="3" fromWho="3" sc="242,-39,261,-39,303,-39,184,127" owari="203,-29.7,222,-17.8,264,6.4,311,41.1" /></mjloggm>