<mjloggm ver="2.3"><GO type="169" lobby="0"/><UN n0="%E3%81%82%E3%82%8B%E8%A8%BC%E6%98%8E%EF%BF%A1" n1="%E3%81%86%E3%81%AA%E3%81%8E%E9%BA%BA" n2="%69%6B%61%6D%6F%66%75%40" n3="%E6%B0%B4%E7%84%A1%E6%9C%88%2A%E9%9F%BF" dan="16,17,17,16" rate="2083.79,2188.04,2210.12,2025.98" sx="M,M,M,M"/><TAIKYOKU oya="0"/><INIT seed="0,0,0,4,2,6" ten="250,250,250,250" oya="0" hai0="12,80,30,14,94,93,31,34,19,82,26,1,132" hai1="9,122,58,83,10,98,105,110,109,134,131,123,45" hai2="91,4,37,15,21,75,49,43,117,121,129,50,63" hai3="106,35,42,133,46,18,116,3,67,27,87,107,36"/><T112/><D112/><U96/><E58/><V74/><F37/><W40/><G116/><T54/><D132/><U48/><E134/><V79/><F50/><W38/><G87/><T55/><D1/><U99/><E83/><V118/><F91/><W84/><G84/><T2/><D2/><U61/><E61/><V115/><F21/><W33/><G18/><T88/><D30/><U66/><E66/><V81/><F121/><W5/><G67/><T124/><D124/><U68/><E68/><V51/><F49/><W41/><G41/><T22/><D12/><U86/><E86/><V71/><F74/><W62/><G62/><T17/><D19/><U64/><E64/><N who="2" m="41375" /><F129/><W90/><G90/><T92/><REACH who="0" step="1"/><D88/><REACH who="0" ten="240,250,250,250" step="2"/><U102/><E131/><V25/><F115/><W59/><G133/><T78/><D78/><U103/><E123/><V113/><F113/><W65/><G27/><T57/><D57/><U8/><E122/><V126/><F126/><W7/><G59/><T104/><D104/><U60/><E60/><V73/><F25/><W0/><G65/><T13/><D13/><U23/><E23/><V76/><F15/><W100/><G100/><T28/><D28/><U135/><E135/><V89/><F89/><W120/><G120/><T16/><D16/><U85/><E85/><N who="2" m="48295" /><F79/><W101/><G101/><T56/><D56/><U53/><REACH who="1" step="1"/><E99/><REACH who="1" ten="240,240,250,250" step="2"/><V11/><F117/><W97/><G97/><T77/><D77/><U32/><E32/><V47/><F118/><W44/><AGARI ba="0,2" hai="0,3,5,7,33,35,36,38,40,42,44,46,106,107" machi="44" ten="25,3200,0" yaku="0,1,22,2" doraHai="6" who="3" fromWho="3" sc="240,-16,240,-8,250,-8,250,52" /><INIT seed="1,0,0,5,0,41" ten="224,232,242,302" oya="1" hai0="132,110,87,12,77,68,10,22,75,40,14,62,64" hai1="4,92,27,32,1,74,111,16,44,94,6,98,81" hai2="102,106,38,122,133,43,8,120,39,125,121,9,135" hai3="36,47,65,131,78,28,109,128,70,91,51,97,130"/><U95/><E111/><V63/><F125/><W3/><G3/><T104/><D110/><U99/><E74/><V119/><F119/><W60/><G109/><T76/><D104/><U13/><E1/><V105/><F63/><W67/><G78/><T29/><D75/><U113/><E113/><V34/><F34/><W42/><G28/><T114/><D114/><U118/><E118/><V49/><F49/><W83/><G67/><T18/><D132/><N who="2" m="50762" /><F43/><W117/><G117/><T46/><D87/><U108/><E108/><V84/><F84/><N who="3" m="50591" /><G97/><T26/><REACH who="0" step="1"/><D14/><REACH who="0" ten="214,232,242,302" step="2"/><U56/><E99/><N who="2" m="61663" /><F106/><W15/><G15/><T59/><D59/><U21/><E98/><V82/><F82/><W19/><G19/><T7/><D7/><U73/><E56/><V25/><F25/><W100/><G100/><T72/><D72/><U5/><E73/><V31/><F31/><W103/><G103/><T85/><D85/><U61/><E81/><V116/><F116/><W112/><G112/><T54/><D54/><U90/><E95/><V24/><F24/><W33/><G33/><T126/><D126/><U79/><E94/><V37/><AGARI ba="0,1" hai="8,9,37,38,39,120,121,122" m="61663,50762" machi="37" ten="50,1600,0" yaku="20,1" doraHai="41" who="2" fromWho="2" sc="214,-4,232,-8,242,26,302,-4" /><INIT seed="2,0,0,1,3,119" ten="210,224,268,298" oya="2" hai0="25,71,132,108,14,81,41,66,36,72,64,34,127" hai1="15,23,6,44,27,126,4,92,76,62,42,88,128" hai2="102,39,65,35,49,106,79,46,121,84,91,56,20" hai3="29,13,93,115,78,54,86,18,130,32,133,40,58"/><V52/><F35/><W117/><G117/><T103/><D108/><U3/><E3/><V74/><F121/><W5/><G130/><T80/><D132/><U122/><E126/><V7/><F7/><W124/><G124/><T59/><D127/><U68/><E128/><V134/><F134/><W105/><G105/><T45/><D71/><U113/><E113/><V16/><F74/><W43/><G5/><T120/><D120/><U30/><E122/><V47/><F79/><W33/><G115/><T9/><D103/><U26/><E76/><V111/><F111/><W10/><G133/><T51/><D72/><U8/><E68/><V135/><F135/><W69/><G69/><T94/><D94/><U118/><E62/><V82/><F39/><W61/><G93/><T77/><D36/><U63/><E63/><N who="2" m="38119" /><F106/><W19/><G19/><T70/><D70/><U1/><E118/><V129/><F102/><W110/><G110/><T38/><D38/><U67/><E67/><V31/><F129/><W112/><G112/><T96/><D96/><U60/><E60/><V109/><F109/><W55/><G55/><T87/><D80/><U2/><E27/><N who="2" m="14727" /><F31/><W12/><G12/><T90/><D59/><AGARI ba="0,0" hai="46,47,49,52,59,82,84,91" m="14727,38119" machi="59" ten="30,5800,0" yaku="8,1,54,2" doraHai="119" who="2" fromWho="0" sc="210,-58,224,0,268,58,298,0" /><INIT seed="2,1,0,1,5,78" ten="152,224,326,298" oya="2" hai0="97,23,52,98,57,54,134,17,18,8,121,115,66" hai1="100,31,30,5,3,25,1,135,76,65,108,19,124" hai2="118,35,93,6,70,103,109,21,89,11,86,72,27" hai3="125,77,88,102,84,36,58,105,91,95,122,75,53"/><V16/><F118/><W85/><G36/><T32/><D115/><U50/><E108/><V24/><F70/><W104/><G122/><T49/><D32/><U33/><E100/><V2/><F72/><W56/><G125/><T60/><D134/><U116/><E65/><V92/><F109/><W83/><G58/><T127/><D121/><U14/><E116/><V99/><REACH who="2" step="1"/><F35/><REACH who="2" ten="152,224,316,298" step="2"/><W94/><REACH who="3" step="1"/><G102/><REACH who="3" ten="152,224,316,288" step="2"/><T79/><D127/><U51/><E124/><V131/><F131/><W96/><G96/><T128/><D128/><U4/><E135/><V87/><F87/><W61/><AGARI ba="1,2" hai="53,56,61,75,77,83,84,85,88,91,94,95,104,105" machi="61" ten="20,12000,2" yaku="1,1,0,1,7,1,9,1,52,1,54,1,53,0" doraHai="78" doraHaiUra="129" who="3" fromWho="3" sc="152,-31,224,-31,316,-61,288,143" /><INIT seed="3,0,0,0,0,72" ten="121,193,255,431" oya="3" hai0="123,82,121,50,97,119,88,122,62,10,41,63,110" hai1="111,29,80,18,130,135,1,118,129,49,37,117,128" hai2="115,25,99,36,16,113,86,104,103,17,57,0,32" hai3="92,107,48,22,20,53,39,61,24,3,76,4,45"/><W73/><G107/><T13/><D119/><N who="1" m="45579" /><E37/><V19/><F0/><W8/><G92/><T94/><D110/><U83/><E111/><V131/><F36/><W124/><G124/><T87/><D50/><U65/><E135/><V109/><F109/><W60/><G39/><T100/><REACH who="0" step="1"/><D41/><REACH who="0" ten="111,193,255,431" step="2"/><U34/><E1/><V21/><F115/><W56/><G61/><T133/><D133/><U55/><E130/><V90/><F113/><W134/><G134/><T42/><D42/><U75/><E129/><V116/><F131/><W91/><G91/><T5/><AGARI ba="0,1" hai="5,10,13,62,63,82,87,88,94,97,100,121,122,123" machi="5" ten="30,4000,0" yaku="1,1,0,1,54,1,53,0" doraHai="72" doraHaiUra="127" who="0" fromWho="0" sc="111,50,193,-10,255,-10,431,-20" /><INIT seed="4,0,0,1,2,51" ten="161,183,245,411" oya="0" hai0="73,103,123,55,23,49,58,93,119,1,120,44,91" hai1="33,88,12,8,77,61,38,118,6,34,114,32,121" hai2="62,107,96,113,116,104,17,30,57,15,92,68,106" hai3="64,5,3,13,69,29,65,133,78,31,95,11,80"/><T84/><D119/><U98/><E118/><V36/><F36/><W134/><G95/><T27/><D1/><U2/><E121/><V126/><F116/><W100/><G100/><T39/><D73/><U85/><E38/><V71/><F113/><W87/><G3/><T53/><D103/><U115/><E77/><V122/><F30/><N who="3" m="11275" /><G69/><T41/><REACH who="0" step="1"/><D53/><REACH who="0" ten="151,183,245,411" step="2"/><U20/><E115/><V70/><F122/><W66/><G134/><T7/><D7/><U47/><E114/><V67/><F126/><W81/><G133/><T35/><D35/><U130/><E2/><V109/><F109/><W22/><G5/><T82/><D82/><U24/><E34/><V132/><F132/><W54/><G81/><T28/><AGARI ba="0,1" hai="23,27,28,39,41,44,49,55,58,84,91,93,120,123" machi="28" ten="20,12000,1" yaku="1,1,0,1,7,1,52,1,53,1" doraHai="51" doraHaiUra="43" who="0" fromWho="0" sc="151,130,183,-40,245,-40,411,-40" /><INIT seed="4,1,0,3,5,77" ten="281,143,205,371" oya="0" hai0="119,60,51,16,68,109,71,85,39,53,134,50,89" hai1="11,5,73,88,82,106,116,78,47,58,12,100,63" hai2="126,92,105,70,48,118,56,57,111,101,113,131,93" hai3="64,108,76,102,97,86,66,121,34,9,104,18,84"/><T23/><D119/><U103/><E116/><V15/><F48/><W112/><G108/><T54/><D134/><U17/><E106/><V129/><F15/><N who="3" m="7535" /><G34/><T94/><D39/><U135/><E135/><V24/><F56/><W28/><G104/><T32/><D32/><U65/><E47/><V59/><F92/><N who="3" m="58663" /><G112/><T52/><D109/><U91/><E103/><V90/><F90/><W79/><G28/><T75/><D75/><U80/><E100/><V133/><F24/><W49/><G121/><T26/><REACH who="0" step="1"/><D60/><REACH who="0" ten="271,143,205,371" step="2"/><U132/><E132/><V8/><F133/><W35/><G35/><T96/><D96/><U10/><REACH who="1" step="1"/><E82/><REACH who="1" ten="271,133,205,371" step="2"/><V37/><F118/><W33/><G33/><T22/><D22/><U69/><E69/><AGARI ba="1,2" hai="16,23,26,50,51,52,53,54,68,69,71,85,89,94" machi="69" ten="40,7700,0" yaku="1,1,54,2,53,0" doraHai="77" doraHaiUra="4" who="0" fromWho="1" sc="271,100,133,-80,205,0,371,0" /><INIT seed="4,2,0,1,4,101" ten="371,53,205,371" oya="0" hai0="134,106,104,31,71,91,82,122,3,64,61,43,26" hai1="105,20,119,135,9,83,116,52,21,23,41,74,70" hai2="7,54,40,66,68,131,99,58,29,62,65,49,24" hai3="125,19,89,1,98,12,59,112,120,14,75,32,8"/><T81/><D122/><U88/><E135/><V115/><F115/><W55/><G75/><T36/><D3/><U16/><E70/><V18/><F131/><W121/><G32/><T51/><D36/><U118/><E41/><V92/><F7/><W50/><G1/><T113/><D113/><U108/><E108/><V46/><F18/><W38/><G38/><T107/><D134/><U84/><E74/><V25/><F68/><W47/><G112/><T109/><D109/><U22/><E9/><V114/><F114/><W132/><G132/><T111/><D111/><U42/><E42/><V102/><REACH who="2" step="1"/><F24/><REACH who="2" ten="371,53,195,371" step="2"/><W123/><G14/><T117/><D26/><U28/><E28/><V48/><F48/><W34/><G123/><T76/><D31/><U85/><E105/><V110/><F110/><W30/><G121/><T78/><D51/><U13/><E118/><V130/><F130/><W57/><G120/><T69/><D69/><U37/><E37/><V33/><AGARI ba="2,1" hai="25,29,33,40,46,49,54,58,62,65,66,92,99,102" machi="33" ten="20,2700,0" yaku="1,1,0,1,7,1,53,0" doraHai="101" doraHaiUra="77" who="2" fromWho="2" sc="371,-15,53,-9,195,43,371,-9" /><INIT seed="5,0,0,1,0,15" ten="356,44,238,362" oya="1" hai0="121,84,43,85,115,106,19,131,51,52,37,97,47" hai1="22,45,9,128,59,50,104,123,25,101,93,42,68" hai2="80,132,92,6,114,18,23,41,36,4,24,2,69" hai3="125,20,56,113,95,33,49,40,111,73,89,130,105"/><U32/><E68/><V5/><F69/><W48/><G111/><T70/><D70/><U0/><E123/><V12/><F132/><W14/><G33/><T87/><D121/><U35/><E104/><V99/><F114/><W107/><G73/><T21/><D115/><U39/><E128/><V118/><F118/><W96/><G113/><T61/><D131/><U54/><E101/><V109/><F109/><W82/><G82/><T44/><D61/><U16/><REACH who="1" step="1"/><E93/><REACH who="1" ten="356,34,238,362" step="2"/><V31/><F92/><W7/><G130/><T67/><D106/><U30/><E30/><V108/><F108/><W8/><G107/><T17/><D21/><U90/><E90/><V57/><F23/><W91/><G91/><T112/><D112/><U64/><E64/><V63/><F31/><W46/><G105/><T58/><D67/><U83/><E83/><V124/><F80/><W127/><G20/><T129/><D129/><U135/><E135/><V1/><F2/><W11/><G89/><T3/><D3/><U55/><E55/><V86/><F1/><W62/><G95/><T98/><D98/><U74/><E74/><V26/><F99/><W120/><G96/><T34/><D97/><U103/><E103/><V66/><F66/><W53/><G120/><T76/><D76/><U119/><E119/><V60/><F86/><W77/><G77/><T100/><D100/><U116/><E116/><V65/><F65/><W88/><G88/><T94/><D94/><U10/><E10/><V27/><F41/><N who="3" m="24655" /><G11/><T75/><D75/><U71/><E71/><V72/><F72/><W126/><G40/><RYUUKYOKU ba="0,1" sc="356,-15,34,15,238,-15,362,15" hai1="0,9,16,22,25,32,35,39,42,45,50,54,59" hai3="7,8,14,49,53,56,62,125,126,127" /><INIT seed="5,1,1,1,4,6" ten="341,49,223,377" oya="1" hai0="54,90,97,42,119,36,126,28,125,5,118,40,27" hai1="51,59,82,132,16,135,46,94,98,77,113,91,58" hai2="116,111,45,47,19,61,110,92,55,25,15,83,39" hai3="88,66,81,20,104,100,33,34,41,14,133,43,17"/><U89/><E113/><V8/><F116/><W87/><G133/><T129/><D129/><U26/><E91/><V105/><F105/><W73/><G66/><T120/><D120/><U96/><E96/><V78/><F92/><W53/><G73/><T128/><D128/><U62/><E62/><V24/><F47/><W109/><G109/><T64/><D64/><U107/><E107/><V114/><F39/><W52/><G34/><T9/><D54/><N who="3" m="21097" /><G33/><T57/><D57/><U72/><E135/><V50/><F114/><W86/><G100/><T124/><D97/><U3/><E3/><V10/><F10/><N who="3" m="6359" /><G104/><T67/><D67/><U103/><E103/><V76/><F45/><W38/><G38/><T49/><D36/><U102/><E102/><V37/><F37/><W4/><G4/><T35/><D90/><U13/><E26/><V121/><F25/><W134/><G134/><T7/><D7/><U127/><E132/><V44/><F24/><W69/><G69/><T56/><D56/><U29/><E29/><V99/><F110/><W123/><G123/><T85/><D40/><N who="3" m="15433" /><G87/><T31/><D85/><U21/><REACH who="1" step="1"/><E127/><REACH who="1" ten="341,39,223,377" step="2"/><V74/><F111/><W48/><G48/><T0/><D28/><U122/><E122/><V112/><F121/><W22/><AGARI ba="1,2" hai="20,22,81,86,88" m="15433,6359,21097" machi="22" ten="30,7900,0" yaku="8,1,52,1,54,2" doraHai="6" who="3" fromWho="3" sc="341,-21,39,-40,223,-21,377,102" owari="320,12.0,-1,-50.1,202,-19.8,479,57.9" /></mjloggm>