<mjloggm ver="2.3"><GO type="169" lobby="0"/><UN n0="%E3%81%99%E3%81%91%E3%81%B4%E3%82%87%E3%82%93" n1="%32%38%39%30%30" n2="%4D%72%52%41%4D%4F" n3="%71%75%65%79%69%6D%65%6E" dan="16,16,16,16" rate="2095.45,2009.08,2141.52,2127.31" sx="M,M,M,M"/><TAIKYOKU oya="0"/><INIT seed="0,0,0,5,3,26" ten="250,250,250,250" oya="0" hai0="30,98,28,42,69,63,92,89,106,79,13,0,75" hai1="107,131,74,60,85,40,101,118,47,64,77,95,67" hai2="88,51,10,38,36,124,12,5,61,37,87,132,96" hai3="91,111,44,117,68,116,113,135,90,31,18,82,80"/><T99/><D0/><U129/><E118/><V15/><F124/><W122/><G68/><T6/><D42/><U133/><E74/><V66/><F132/><W127/><G113/><T93/><D106/><U78/><E107/><V4/><F96/><W2/><G2/><T71/><D75/><U21/><E64/><V121/><F51/><W33/><G18/><T56/><D79/><U125/><E125/><V73/><F121/><W45/><G127/><T120/><D120/><U3/><E3/><V102/><F102/><W109/><G33/><T86/><D69/><U81/><E21/><V126/><F73/><W130/><G122/><T110/><D71/><U72/><E133/><V27/><F27/><W1/><G1/><T123/><D123/><U57/><E77/><V14/><F126/><W50/><G50/><T9/><D110/><U94/><E94/><V55/><F55/><W25/><G25/><T16/><D6/><U65/><E65/><V62/><F66/><W83/><G135/><T100/><D98/><N who="1" m="59615" /><E72/><V53/><F53/><AGARI ba="0,0" hai="9,13,16,28,30,53,56,63,86,89,92,93,99,100" machi="53" ten="30,12000,1" yaku="7,1,8,1,52,2,54,1" doraHai="26" who="0" fromWho="2" sc="250,120,250,0,250,-120,250,0" /><INIT seed="0,1,0,4,3,72" ten="370,250,130,250" oya="0" hai0="126,42,123,14,112,44,27,23,131,120,3,26,132" hai1="116,103,45,84,62,122,29,57,104,36,79,114,101" hai2="82,15,81,96,71,92,94,64,30,13,98,117,113" hai3="6,0,74,127,106,128,61,67,63,28,12,85,53"/><T100/><D3/><U22/><E122/><V78/><F113/><W11/><G74/><T25/><D112/><U1/><E114/><V93/><F117/><W19/><G106/><T40/><D126/><U34/><E34/><V7/><F30/><W9/><G128/><T51/><D131/><U130/><E130/><V124/><F124/><W129/><G127/><T43/><D132/><U56/><E104/><V77/><F71/><W108/><G108/><T18/><REACH who="0" step="1"/><D100/><REACH who="0" ten="360,250,130,250" step="2"/><U125/><E1/><V119/><F119/><W55/><G129/><T37/><D37/><U47/><E36/><V49/><F64/><W88/><G67/><T48/><D48/><U107/><E125/><V87/><F49/><W86/><G0/><T60/><D60/><U38/><E116/><V89/><F7/><W20/><G6/><T54/><AGARI ba="1,1" hai="14,18,23,25,26,27,40,42,43,44,51,54,120,123" machi="54" ten="30,3000,0" yaku="1,1,0,1,53,0" doraHai="72" doraHaiUra="105" who="0" fromWho="0" sc="360,43,250,-11,130,-11,250,-11" /><INIT seed="0,2,0,3,0,110" ten="403,239,119,239" oya="0" hai0="41,104,63,39,46,55,76,93,29,24,35,61,34" hai1="95,102,54,69,129,9,65,86,26,22,52,12,17" hai2="11,16,103,67,114,100,116,126,30,123,64,135,5" hai3="108,109,89,73,111,81,23,112,87,96,132,60,36"/><T94/><D104/><U115/><E129/><V90/><F123/><W59/><G36/><T45/><D76/><U10/><E69/><V97/><F126/><W7/><G132/><T47/><D35/><U99/><E65/><V1/><F135/><W51/><G7/><T19/><D19/><U120/><E120/><V83/><F116/><W105/><G51/><T0/><D0/><U27/><E115/><V2/><F30/><W113/><G23/><T71/><D71/><U68/><E68/><V80/><F90/><W13/><G13/><T49/><D46/><U56/><E54/><V42/><F42/><W40/><G40/><T50/><D39/><U44/><E44/><V131/><F5/><W77/><G59/><T21/><D34/><U119/><E86/><V31/><F31/><W14/><G14/><T75/><D75/><U48/><REACH who="1" step="1"/><E119/><REACH who="1" ten="403,229,119,239" step="2"/><V121/><F121/><W106/><G60/><AGARI ba="2,1" hai="21,24,29,41,45,47,49,50,55,60,61,63,93,94" machi="60" ten="40,2000,0" yaku="8,1" doraHai="110" who="0" fromWho="3" sc="403,36,229,0,119,0,239,-26" /><INIT seed="0,3,0,3,3,15" ten="439,229,119,213" oya="0" hai0="59,88,126,18,117,45,0,44,92,98,87,77,12" hai1="50,125,21,36,58,62,112,118,120,72,84,17,42" hai2="133,105,16,1,51,6,52,116,113,54,119,106,38" hai3="8,121,47,85,123,43,94,97,67,135,102,55,134"/><T34/><D0/><U79/><E120/><N who="3" m="46154" /><G67/><T33/><D117/><N who="2" m="45130" /><F113/><W53/><G8/><T81/><D126/><U128/><E118/><V29/><F38/><N who="3" m="22007" /><G85/><T86/><D34/><U4/><E125/><V56/><F133/><AGARI ba="3,0" hai="53,55,94,97,102,133,134,135" m="22007,46154" machi="133" ten="30,2000,0" yaku="20,1,13,1" doraHai="15" who="3" fromWho="2" sc="439,0,229,0,119,-29,213,29" /><INIT seed="1,0,0,1,5,47" ten="439,229,90,242" oya="1" hai0="25,100,52,120,111,90,36,135,13,98,8,82,128" hai1="133,93,24,16,89,126,107,79,75,56,28,65,55" hai2="18,67,37,73,101,80,6,99,127,7,81,23,5" hai3="31,74,3,123,68,41,50,83,46,76,129,103,22"/><U125/><E107/><V2/><F37/><W61/><G123/><T134/><D36/><U48/><E133/><V15/><F127/><N who="1" m="48649" /><E65/><V63/><F2/><W116/><G3/><T29/><D120/><U124/><N who="1" m="48657" /><U117/><DORA hai="30" /><E117/><V94/><REACH who="2" step="1"/><F73/><REACH who="2" ten="439,229,80,242" step="2"/><W39/><G74/><T86/><D134/><U14/><E75/><V0/><F0/><W87/><G39/><T84/><D135/><U26/><E79/><V113/><F113/><W1/><G76/><T77/><D77/><U49/><E28/><V19/><F19/><W106/><G31/><T72/><D72/><U114/><E114/><V32/><F32/><W115/><G1/><T44/><D29/><U35/><E35/><V130/><F130/><W62/><G129/><T38/><D128/><U122/><E122/><V21/><F21/><W105/><G22/><T66/><D38/><U51/><E24/><V57/><AGARI ba="0,1" hai="5,6,7,15,18,23,57,63,67,80,81,94,99,101" machi="57" ten="30,7900,0" yaku="1,1,0,1,8,1,53,1" doraHai="47,30" doraHaiUra="42,95" who="2" fromWho="2" sc="439,-20,229,-39,80,89,242,-20" /><INIT seed="2,0,0,3,4,99" ten="419,190,169,222" oya="2" hai0="38,76,67,82,97,81,113,75,121,91,48,109,68" hai1="110,114,29,98,86,131,72,31,93,84,51,47,4" hai2="5,126,130,101,103,22,45,122,123,74,8,135,88" hai3="15,133,56,39,24,14,32,49,73,71,25,33,105"/><V78/><F130/><W62/><G39/><T53/><D38/><U83/><E131/><V0/><F126/><W6/><G73/><T63/><D121/><U35/><E114/><V12/><F135/><W89/><G105/><T125/><D113/><U70/><E70/><V77/><F122/><W27/><G71/><T40/><D40/><U59/><E35/><V119/><F119/><W37/><G37/><T61/><D61/><U85/><E4/><V21/><F123/><W44/><G89/><T116/><D125/><U111/><E59/><V50/><F74/><W128/><G128/><T28/><D28/><U129/><E129/><V11/><F88/><W10/><G15/><T127/><D127/><U13/><E13/><V23/><F78/><W106/><G106/><T115/><D116/><U30/><E83/><V102/><F77/><W34/><G133/><T3/><D3/><U57/><E57/><V64/><F64/><W36/><G36/><T79/><D79/><U92/><E72/><V118/><F118/><W94/><G94/><T16/><D82/><U107/><E107/><V65/><F65/><W20/><G20/><T80/><D80/><U41/><REACH who="1" step="1"/><E98/><REACH who="1" ten="419,180,169,222" step="2"/><V18/><REACH who="2" step="1"/><F22/><REACH who="2" ten="419,180,159,222" step="2"/><W100/><G34/><T55/><D75/><U117/><E117/><V66/><F66/><W108/><G33/><T69/><D67/><U112/><E112/><V7/><F7/><W54/><G6/><T58/><D115/><U95/><AGARI ba="0,2" hai="29,30,31,41,47,51,84,85,86,92,93,95,110,111" machi="95" ten="40,8000,1" yaku="1,1,0,1,29,2,53,1" doraHai="99" doraHaiUra="46" who="1" fromWho="1" sc="419,-20,180,100,159,-40,222,-20" /><INIT seed="3,0,0,4,0,100" ten="399,280,119,202" oya="3" hai0="15,45,14,35,104,68,71,78,28,48,60,24,80" hai1="105,32,8,51,83,97,87,75,16,107,66,123,76" hai2="34,64,4,74,127,63,128,0,20,117,73,44,92" hai3="41,5,67,101,56,59,57,110,72,91,93,61,88"/><W1/><G72/><T39/><D39/><U120/><E32/><V30/><F117/><W29/><G41/><T47/><D47/><U132/><E66/><V53/><F34/><W37/><G37/><T38/><D38/><U119/><E8/><V25/><F128/><W58/><G110/><T94/><D94/><U116/><E16/><V55/><F127/><W118/><G118/><N who="1" m="45098" /><E51/><V7/><F0/><W69/><G101/><T129/><D129/><U18/><E18/><V43/><F92/><W49/><G91/><T10/><D60/><U112/><E112/><V42/><F73/><W50/><G29/><T70/><D10/><U103/><E132/><V90/><F90/><W26/><G26/><T23/><D35/><U121/><E87/><V84/><F84/><W95/><G5/><T86/><REACH who="0" step="1"/><D104/><AGARI ba="0,0" hai="75,76,83,97,103,104,105,107,120,121,123" m="45098" machi="104" ten="40,12000,2" yaku="12,1,23,1,34,2,52,3" doraHai="100" who="1" fromWho="0" sc="399,-120,280,120,119,0,202,0" /><INIT seed="4,0,0,3,0,120" ten="279,400,119,202" oya="0" hai0="36,81,112,52,128,13,57,60,37,71,75,130,83" hai1="129,123,66,26,115,127,88,20,122,96,119,2,133" hai2="93,15,22,78,74,134,58,108,76,12,7,5,118" hai3="3,117,9,42,18,4,29,131,65,95,25,135,87"/><T8/><D71/><U59/><E2/><V82/><F134/><W27/><G117/><T121/><D121/><U90/><E119/><V94/><F118/><W1/><G135/><T70/><D70/><U91/><E133/><V125/><F58/><W10/><G42/><T41/><D112/><U50/><E123/><V101/><F125/><W92/><G65/><T89/><D41/><U33/><E122/><V116/><F116/><W61/><G61/><T69/><D69/><U84/><E33/><V14/><F22/><W46/><G46/><T6/><D83/><U72/><E72/><V85/><F74/><W109/><G87/><T30/><D30/><U111/><E91/><V80/><F108/><W23/><G109/><T86/><REACH who="0" step="1"/><D75/><REACH who="0" ten="269,400,119,202" step="2"/><U64/><E115/><V28/><F28/><W54/><G29/><T99/><D99/><U55/><E96/><N who="2" m="59535" /><F80/><W39/><G131/><AGARI ba="0,1" hai="6,8,13,36,37,52,57,60,81,86,89,128,130,131" machi="131" ten="40,7700,0" yaku="1,1,19,1,54,1,53,0" doraHai="120" doraHaiUra="62" who="0" fromWho="3" sc="269,87,400,0,119,0,202,-77" /><INIT seed="4,1,0,3,4,50" ten="356,400,119,125" oya="0" hai0="93,62,79,13,60,54,115,9,55,72,80,5,10" hai1="131,65,11,124,105,16,90,59,71,109,24,104,83" hai2="95,110,48,135,86,14,35,82,134,70,46,49,121" hai3="8,85,119,114,125,68,52,111,101,29,66,106,69"/><T96/><D115/><U73/><E109/><V7/><F110/><W23/><G111/><T39/><D39/><U84/><E131/><V64/><F121/><W58/><G119/><T74/><D74/><U122/><E122/><V43/><F35/><W133/><G66/><T19/><D62/><U116/><E116/><V15/><F95/><W108/><G108/><T107/><D60/><U76/><E71/><V130/><F130/><W123/><G123/><T51/><D51/><U3/><E3/><V113/><F113/><W128/><G114/><T37/><D37/><U102/><E65/><V53/><F64/><W12/><G85/><T34/><D34/><U2/><E59/><V100/><F100/><W112/><G112/><T27/><D107/><U31/><E102/><V38/><F70/><W22/><G101/><T41/><D41/><U40/><E40/><V78/><F38/><W44/><G44/><T36/><D36/><U129/><E129/><V0/><F0/><W26/><G23/><T118/><D118/><U89/><E89/><V47/><F15/><W28/><G28/><T1/><D27/><U77/><E77/><V17/><REACH who="2" step="1"/><F7/><REACH who="2" ten="356,400,109,125" step="2"/><N who="3" m="3103" /><G128/><T21/><D21/><AGARI ba="1,1" hai="14,17,21,43,46,47,48,49,53,78,82,86,134,135" machi="21" ten="40,2600,0" yaku="1,1,52,1,53,0" doraHai="50" doraHaiUra="126" who="2" fromWho="0" sc="356,-29,400,0,109,39,125,0" /><INIT seed="5,0,0,5,4,13" ten="327,400,148,125" oya="1" hai0="112,20,101,116,18,73,77,125,88,54,57,80,105" hai1="89,19,95,131,85,45,49,111,41,97,122,123,23" hai2="70,104,92,47,37,117,72,126,91,90,66,21,114" hai3="33,93,133,10,46,36,64,82,81,124,135,15,129"/><U43/><E131/><V106/><F117/><W71/><G33/><T120/><D116/><U0/><E0/><V134/><F72/><W56/><G129/><T12/><D120/><U86/><E111/><V119/><F119/><W76/><G71/><T55/><D112/><U4/><E4/><V68/><F126/><W24/><G24/><T22/><D125/><U84/><REACH who="1" step="1"/><E41/><REACH who="1" ten="327,390,148,125" step="2"/><V115/><F115/><W74/><G124/><T58/><D105/><U75/><E75/><V17/><F106/><W83/><G74/><T11/><D101/><U118/><E118/><V6/><F104/><W51/><G135/><T1/><D1/><U87/><N who="1" m="21504" /><DORA hai="65" /><U78/><E78/><V99/><F6/><W9/><G133/><T107/><D107/><U50/><E50/><V29/><F134/><W109/><G51/><T48/><D88/><U102/><E102/><V62/><F114/><W60/><G109/><T53/><D48/><U98/><E98/><V8/><F90/><W108/><G76/><T31/><D73/><U30/><E30/><V63/><F29/><W130/><G130/><T113/><D113/><U2/><E2/><V128/><F128/><W67/><G108/><T94/><D77/><U35/><E35/><V52/><F91/><W3/><G3/><T42/><D42/><U27/><AGARI ba="0,1" hai="19,23,27,43,45,49,89,95,97,122,123" m="21504" machi="27" ten="40,12000,1" yaku="1,1,0,1,52,1,53,1" doraHai="13,65" doraHaiUra="121,44" who="1" fromWho="1" sc="327,-40,390,130,148,-40,125,-40" /><INIT seed="5,1,0,1,3,127" ten="287,520,108,85" oya="1" hai0="21,65,37,20,94,1,48,118,64,47,16,109,77" hai1="123,57,95,18,117,15,125,119,89,66,128,106,100" hai2="132,59,72,130,97,42,79,8,107,61,10,38,73" hai3="134,74,63,11,3,82,31,54,91,26,45,103,32"/><U56/><E123/><V121/><F121/><W29/><G134/><T22/><D1/><U102/><E125/><V6/><F132/><W50/><G103/><T25/><D37/><U86/><E100/><V116/><F116/><W87/><G31/><T113/><D109/><U93/><E106/><V70/><F70/><W60/><G3/><T69/><D118/><U19/><E102/><V62/><F8/><W88/><G74/><T124/><D124/><U112/><E15/><V58/><F97/><W27/><G27/><T71/><D113/><U122/><E86/><V83/><F107/><W7/><G7/><T4/><D4/><U0/><E0/><N who="2" m="327" /><F73/><W2/><G2/><T84/><D69/><U75/><E75/><V44/><F130/><W35/><G35/><T85/><D85/><U13/><E13/><V52/><F59/><W23/><G32/><T96/><D96/><U5/><E5/><V17/><F17/><W9/><G91/><T24/><D71/><U14/><E14/><V40/><F40/><W81/><REACH who="3" step="1"/><G82/><REACH who="3" ten="287,520,108,75" step="2"/><T131/><D25/><U99/><E89/><V53/><F62/><AGARI ba="1,1" hai="9,11,23,26,29,45,50,54,60,62,63,81,87,88" machi="62" ten="40,8000,1" yaku="1,1,2,1,8,1,54,1,53,0" doraHai="127" doraHaiUra="92" who="3" fromWho="2" sc="287,0,520,0,108,-83,75,93" /><INIT seed="6,0,0,5,0,10" ten="287,520,25,168" oya="2" hai0="103,12,95,61,5,60,20,83,39,21,37,80,94" hai1="133,24,55,127,120,125,44,126,122,41,92,101,53" hai2="77,76,40,100,67,130,91,52,105,89,25,22,65" hai3="36,114,2,27,43,131,69,54,6,16,1,26,135"/><V99/><F130/><W115/><G69/><T128/><D5/><U59/><E24/><V57/><F40/><W110/><G110/><T51/><D103/><U97/><E133/><V113/><F113/><N who="3" m="43019" /><G135/><T73/><D128/><U75/><E75/><V46/><F46/><N who="3" m="23911" /><G131/><T28/><D73/><U108/><E108/><V29/><F77/><W70/><G70/><T45/><D45/><U111/><E111/><V79/><F76/><W47/><G6/><T109/><D109/><U81/><E59/><V58/><F79/><W121/><G121/><T15/><D28/><U8/><E44/><V87/><F89/><W82/><G27/><T132/><D51/><U134/><E134/><AGARI ba="0,0" hai="12,15,20,21,37,39,60,61,80,83,94,95,132,134" machi="134" ten="25,6400,0" yaku="22,2,52,2" doraHai="10" who="0" fromWho="1" sc="287,64,520,-64,25,0,168,0" /><INIT seed="7,0,0,2,1,124" ten="351,456,25,168" oya="3" hai0="125,100,104,5,29,32,123,41,117,95,60,84,74" hai1="1,33,122,37,81,90,45,4,93,23,42,20,101" hai2="85,43,133,69,36,35,119,57,132,128,21,99,31" hai3="11,13,40,22,112,6,107,103,96,98,14,97,108"/><W92/><G112/><T56/><D74/><U115/><E33/><V94/><F35/><W28/><G40/><T62/><D117/><U134/><E115/><V83/><F69/><W82/><G82/><T88/><D123/><U48/><E122/><V19/><F43/><W111/><G28/><T121/><D121/><U131/><E131/><V129/><F36/><W63/><G63/><T91/><D125/><U52/><E134/><N who="2" m="51819" /><F57/><W135/><G22/><T102/><D104/><U44/><E101/><N who="2" m="60663" /><F31/><W118/><G135/><T78/><D78/><U12/><E1/><V34/><F34/><W50/><G50/><T68/><D5/><U76/><E12/><V26/><F119/><W70/><G118/><T67/><D41/><U66/><E66/><V53/><F53/><W71/><G71/><T65/><D29/><U30/><E4/><V25/><F25/><W72/><G70/><T114/><D32/><U116/><E116/><V110/><F110/><W55/><G55/><T87/><REACH who="0" step="1"/><D114/><REACH who="0" ten="341,456,25,168" step="2"/><U10/><E30/><V2/><F2/><W89/><G111/><T54/><D54/><U109/><E109/><V120/><F120/><W64/><G108/><T75/><D75/><U24/><E52/><V106/><F106/><W77/><G107/><T113/><D113/><U47/><E48/><V127/><F127/><W17/><G64/><T79/><D79/><U46/><E42/><V15/><F26/><W39/><G39/><T51/><D51/><U59/><E24/><V38/><F38/><W130/><G17/><T9/><D9/><U105/><E37/><V86/><F83/><AGARI ba="0,1" hai="56,60,62,65,67,68,83,84,87,88,91,95,100,102" machi="83" ten="30,7700,0" yaku="1,1,6,1,7,1,54,1,53,0" doraHai="124" doraHaiUra="7" who="0" fromWho="2" sc="341,87,456,0,25,-77,168,0" owari="428,22.8,456,55.6,-52,-55.2,168,-23.2" /></mjloggm>