<mjloggm ver="2.3"><GO type="169" lobby="0"/><UN n0="%E3%81%A1%E3%82%83%E3%82%93%E3%81%AE%E3%81%B6" n1="%E9%9B%AA%E3%81%AE%E8%8F%AF" n2="%E3%82%AB%E3%83%A9%E6%9D%BE" n3="%E3%81%A9%E3%82%93%E3%81%9F%E3%82%83%E3%82%93" dan="17,16,17,16" rate="2138.56,2093.50,2156.06,2158.03" sx="M,F,M,F"/><TAIKYOKU oya="0"/><INIT seed="0,0,0,1,5,7" ten="250,250,250,250" oya="0" hai0="70,83,123,3,99,93,107,11,14,6,63,92,40" hai1="135,126,4,67,15,71,24,46,36,61,69,33,68" hai2="13,80,87,62,57,49,101,2,116,79,102,128,18" hai3="38,119,26,8,121,37,106,12,90,53,30,44,22"/><T132/><D123/><U81/><E126/><V28/><F2/><W104/><G119/><T85/><D132/><U118/><E118/><V35/><F116/><W66/><G121/><T27/><D40/><U47/><E135/><V109/><F109/><W1/><G1/><T127/><D127/><U124/><E124/><V41/><F128/><W29/><G29/><T91/><D3/><U10/><E81/><V129/><F129/><W97/><G66/><T84/><D107/><U16/><E36/><V125/><F125/><W134/><G134/><T75/><D27/><U113/><E113/><V78/><F78/><W77/><G77/><T9/><D75/><U89/><E89/><V65/><F28/><W25/><G25/><T55/><D70/><U114/><E114/><V74/><F35/><W112/><G112/><T115/><D115/><U34/><E34/><V5/><F74/><W94/><G38/><T58/><D11/><U20/><REACH who="1" step="1"/><E33/><REACH who="1" ten="250,240,250,250" step="2"/><V32/><F32/><W130/><G130/><T73/><D73/><U82/><E82/><V111/><F111/><W17/><REACH who="3" step="1"/><G37/><REACH who="3" ten="250,240,250,240" step="2"/><T51/><D83/><U42/><E42/><V39/><F39/><W86/><G86/><T88/><REACH who="0" step="1"/><D99/><REACH who="0" ten="240,240,250,240" step="2"/><U43/><E43/><V23/><F41/><W76/><G76/><T100/><D100/><U96/><E96/><V98/><F98/><W105/><G105/><T48/><AGARI ba="0,3" hai="6,9,14,48,51,55,58,63,84,85,88,91,92,93" machi="48" ten="30,18000,2" yaku="1,1,0,1,9,1,8,1,52,1,54,1,53,1" doraHai="7" doraHaiUra="52" who="0" fromWho="0" sc="240,210,240,-60,250,-60,240,-60" /><INIT seed="0,1,0,0,3,8" ten="450,180,190,180" oya="0" hai0="88,98,18,25,41,59,92,70,36,14,73,15,19" hai1="63,67,44,1,116,16,106,29,111,57,65,0,4" hai2="35,46,24,94,71,77,30,23,43,124,45,126,48" hai3="104,84,61,74,122,68,64,32,115,69,17,49,87"/><T96/><D70/><U31/><E106/><V97/><F71/><W114/><G104/><T99/><D73/><U90/><E116/><V40/><F77/><W50/><G74/><T39/><D25/><U58/><E111/><V105/><F105/><W3/><G3/><T72/><D72/><U125/><E125/><V112/><F112/><W86/><G122/><T129/><D129/><U27/><E90/><V132/><F132/><W83/><G83/><T37/><D41/><U33/><E31/><V79/><F79/><W93/><G69/><T119/><D59/><U54/><E44/><V120/><F35/><W75/><G75/><T55/><D55/><U95/><E4/><V21/><F21/><W26/><G93/><T89/><D119/><U81/><E81/><V13/><F13/><N who="0" m="4618" /><D92/><U12/><E95/><V118/><F118/><W102/><G32/><T2/><D2/><U127/><E127/><V62/><F120/><W7/><G114/><T117/><D117/><U28/><E28/><V113/><F113/><W10/><G115/><T38/><D38/><U22/><E67/><V66/><F124/><W135/><G64/><T5/><D5/><U100/><E100/><N who="2" m="60471" /><F126/><W78/><G102/><T6/><D6/><U134/><E134/><V85/><F43/><W101/><G135/><T82/><D82/><U128/><E128/><V123/><F123/><W103/><G7/><T109/><D109/><U80/><E80/><V9/><F40/><W52/><G68/><T133/><D133/><U34/><E33/><V42/><F42/><W53/><G103/><T107/><D107/><RYUUKYOKU ba="1,0" sc="450,15,180,15,190,-15,180,-15" hai0="18,19,36,37,39,88,89,96,98,99" hai1="0,1,12,16,22,27,29,34,54,57,58,63,65" /><INIT seed="0,2,0,5,2,34" ten="465,195,175,165" oya="0" hai0="65,12,53,129,82,30,32,71,107,87,130,43,9" hai1="41,81,84,18,44,101,22,109,37,55,111,108,93" hai2="117,20,104,79,1,94,113,114,95,40,102,76,96" hai3="132,57,118,119,97,31,17,51,59,64,52,8,7"/><T62/><D107/><U86/><E55/><V90/><F40/><W0/><G132/><T10/><D43/><U125/><E125/><V50/><F50/><W92/><G31/><T21/><D32/><U45/><E45/><V25/><F117/><W14/><G59/><T60/><D60/><U110/><E110/><V54/><F1/><W68/><G64/><T4/><D53/><U42/><E42/><V72/><F54/><W13/><G68/><T124/><D124/><U38/><E38/><V73/><F20/><W74/><G74/><N who="2" m="28777" /><F25/><W115/><G115/><T23/><D10/><U56/><E56/><V67/><F67/><W78/><G78/><N who="2" m="29737" /><F113/><W27/><G27/><T91/><D30/><U105/><E105/><V100/><F114/><W89/><REACH who="3" step="1"/><G14/><REACH who="3" ten="465,195,175,155" step="2"/><T3/><D12/><U5/><E108/><V75/><N who="2" m="28785" /><V29/><DORA hai="2" /><F29/><W11/><AGARI ba="2,1" hai="0,7,8,11,13,17,51,52,57,89,92,97,118,119" machi="11" ten="20,16000,3" yaku="1,1,0,1,7,1,52,2,54,1,53,2" doraHai="34,2" doraHaiUra="15,88" who="3" fromWho="3" sc="465,-82,195,-42,175,-42,155,176" /><INIT seed="1,0,0,3,5,129" ten="383,153,133,331" oya="1" hai0="25,18,98,96,12,84,112,103,121,79,9,16,101" hai1="128,97,99,100,38,33,10,109,65,106,29,2,102" hai2="3,113,83,126,127,116,44,31,17,85,72,54,39" hai3="30,107,120,48,69,15,13,82,125,105,14,77,49"/><U42/><E128/><V71/><F116/><W46/><G120/><T123/><D112/><U118/><E118/><V130/><F113/><W124/><G30/><T76/><D25/><U6/><E109/><V94/><F71/><W86/><G69/><T20/><D84/><U87/><E65/><V56/><F3/><W62/><G62/><T57/><D57/><U59/><E59/><V61/><F130/><W32/><G32/><T0/><D0/><U24/><E87/><V41/><F72/><W93/><G93/><T70/><D70/><U110/><E110/><V114/><F94/><W8/><G8/><T90/><D90/><U132/><E42/><V60/><F31/><W75/><G75/><T1/><D1/><U52/><E52/><V55/><F114/><W68/><G68/><T7/><D20/><U89/><E89/><V22/><F55/><W111/><G111/><T36/><D36/><U35/><E38/><V37/><F37/><W43/><REACH who="3" step="1"/><G49/><REACH who="3" ten="383,153,133,321" step="2"/><T91/><D9/><U134/><E35/><V119/><F60/><W58/><G58/><T63/><D63/><U115/><E115/><V81/><F119/><W64/><G64/><T23/><D121/><U117/><E117/><V51/><F61/><W21/><G21/><T40/><D123/><U131/><E131/><V4/><F56/><W108/><G108/><T67/><D67/><U78/><E78/><V88/><F22/><W19/><G19/><T53/><D79/><U133/><E106/><AGARI ba="0,1" hai="13,14,15,43,46,48,77,82,86,105,106,107,124,125" machi="106" ten="40,2600,0" yaku="1,1,53,1" doraHai="129" doraHaiUra="74" who="3" fromWho="1" sc="383,0,153,-26,133,0,321,36" /><INIT seed="2,0,0,2,2,23" ten="383,127,133,357" oya="2" hai0="45,57,58,83,9,111,28,55,25,99,73,71,109" hai1="24,97,88,18,17,85,98,113,39,61,101,103,68" hai2="12,5,50,91,22,29,72,13,54,70,4,42,7" hai3="92,93,130,49,90,124,44,41,121,10,56,64,40"/><V117/><F70/><W74/><G121/><T6/><D71/><U26/><E113/><V37/><F72/><W132/><G74/><T52/><D99/><N who="1" m="37899" /><E39/><V120/><F117/><W108/><G108/><N who="0" m="41547" /><D83/><N who="1" m="49215" /><E68/><V118/><F118/><W129/><G132/><T66/><D73/><U31/><E61/><V48/><F120/><W33/><G124/><T96/><D96/><U133/><E133/><V15/><F91/><W76/><G76/><T59/><D45/><U86/><E86/><V30/><F54/><W114/><G90/><T62/><D66/><U80/><E80/><V20/><F37/><W82/><G82/><T122/><D62/><U107/><E107/><V119/><F119/><W77/><G77/><T75/><D75/><U106/><E106/><V116/><F116/><W69/><G69/><T127/><D127/><U35/><E35/><V89/><F89/><W0/><G33/><N who="0" m="20623" /><D122/><U21/><E26/><N who="2" m="16583" /><F42/><W43/><G43/><T125/><D125/><U63/><E63/><V51/><F30/><W100/><G40/><T32/><D32/><U110/><E110/><V2/><F2/><AGARI ba="0,0" hai="2,6,9,52,55,57,58,59" m="20623,41547" machi="2" ten="30,3900,0" yaku="14,1,52,1,54,1" doraHai="23" who="0" fromWho="2" sc="383,39,127,0,133,-39,357,0" /><INIT seed="3,0,0,5,1,123" ten="422,127,94,357" oya="3" hai0="95,125,51,89,59,52,50,115,25,19,74,11,109" hai1="67,62,118,27,31,131,72,113,7,69,55,112,30" hai2="17,48,4,122,21,96,101,81,64,12,126,6,100" hai3="124,90,75,63,105,76,56,22,97,111,0,8,14"/><W65/><G124/><T35/><D74/><U135/><E118/><V37/><F37/><W77/><G75/><T18/><D125/><U24/><E72/><V83/><F122/><W47/><G0/><T86/><D115/><U94/><E131/><V103/><F126/><W107/><G22/><T116/><D116/><U134/><E7/><V82/><F96/><W87/><G111/><T78/><D78/><U60/><E94/><V49/><REACH who="2" step="1"/><F64/><REACH who="2" ten="422,127,84,357" step="2"/><W15/><G97/><T1/><D86/><U110/><E110/><V130/><F130/><W129/><G129/><T106/><D109/><U33/><E55/><V73/><F73/><W104/><G87/><T92/><D52/><U9/><E62/><V5/><AGARI ba="0,1" hai="4,5,6,12,17,21,48,49,81,82,83,100,101,103" machi="5" ten="40,16000,3" yaku="1,1,0,1,29,2,8,1,53,3" doraHai="123" doraHaiUra="98" who="2" fromWho="2" sc="422,-40,127,-40,84,170,357,-80" /><INIT seed="4,0,0,4,3,24" ten="382,87,254,277" oya="0" hai0="97,64,132,128,96,117,109,58,89,1,37,90,65" hai1="99,8,41,63,119,39,47,95,129,77,62,126,9" hai2="83,29,74,61,124,73,125,14,123,12,52,107,118" hai3="11,68,44,60,133,116,72,111,120,16,56,105,28"/><T4/><D117/><U32/><E119/><V85/><F123/><W35/><G116/><T106/><D37/><U45/><E129/><V66/><F107/><W92/><G105/><T131/><D106/><U15/><E126/><N who="2" m="48747" /><F118/><W2/><G111/><T30/><D109/><U55/><E32/><V46/><F74/><W93/><G68/><T53/><D132/><U108/><E77/><N who="2" m="46319" /><F73/><W54/><G72/><T86/><D4/><U81/><E108/><V51/><F29/><W76/><G76/><T94/><D30/><U5/><E81/><V88/><F88/><W42/><G133/><T7/><D97/><U48/><REACH who="1" step="1"/><E9/><REACH who="1" ten="382,77,254,277" step="2"/><V80/><F80/><W67/><G11/><T21/><D128/><U87/><E87/><V25/><F25/><W50/><G35/><T79/><D131/><U40/><E40/><V17/><F17/><W3/><G16/><T101/><D86/><U110/><E110/><V19/><F19/><W10/><G10/><T22/><D79/><U78/><E78/><V0/><F0/><W70/><G28/><T135/><D135/><U33/><E33/><V59/><AGARI ba="0,1" hai="12,14,46,51,52,59,61,66" m="46319,48747" machi="59" ten="30,2000,0" yaku="18,1,54,1" doraHai="24" who="2" fromWho="2" sc="382,-10,77,-5,254,30,277,-5" /><INIT seed="5,0,0,4,2,62" ten="372,72,284,272" oya="1" hai0="21,68,78,39,84,113,6,90,76,14,50,54,10" hai1="52,123,34,59,85,77,58,69,40,57,3,71,46" hai2="118,25,51,102,26,135,126,61,83,109,124,8,81" hai3="17,94,125,103,127,9,45,130,72,31,47,74,22"/><U2/><E123/><V117/><F135/><W5/><G31/><T44/><D113/><U23/><E34/><V24/><F109/><W122/><G122/><T75/><D75/><N who="3" m="28713" /><G130/><T56/><D68/><U105/><E105/><V49/><F61/><W38/><G38/><T88/><D90/><U92/><E23/><V96/><F8/><W33/><G33/><T27/><D39/><U12/><E12/><V60/><F60/><W134/><G134/><T66/><D44/><U132/><E132/><V48/><F96/><N who="3" m="59799" /><G17/><N who="0" m="12719" /><D66/><U42/><E2/><V108/><F102/><W30/><G30/><T4/><D4/><U41/><E3/><V120/><F108/><W100/><G22/><T104/><D104/><U37/><E92/><AGARI ba="0,0" hai="6,10,14,50,54,56,76,78,84,88,92" m="12719" machi="92" ten="30,2000,0" yaku="8,1,54,1" doraHai="62" who="0" fromWho="1" sc="372,20,72,-20,284,0,272,0" /><INIT seed="6,0,0,3,4,37" ten="392,52,284,272" oya="2" hai0="122,44,81,83,20,39,76,53,51,127,61,135,15" hai1="97,123,63,1,23,101,124,58,33,65,113,96,74" hai2="26,110,116,29,31,66,89,12,119,118,13,71,52" hai3="9,125,17,40,103,117,82,46,91,27,25,49,60"/><V73/><F73/><W21/><G117/><T80/><D122/><U56/><E113/><V105/><F105/><W47/><G125/><T62/><D127/><U35/><E123/><V24/><F110/><W86/><G103/><T11/><D39/><U78/><E124/><V0/><F89/><W28/><G60/><T131/><D131/><U133/><E1/><V100/><F100/><W42/><G9/><T45/><D45/><U92/><E133/><V88/><F66/><W69/><G69/><T18/><D135/><U95/><E78/><V75/><F71/><W104/><G104/><T120/><D120/><U98/><E74/><V84/><F75/><W41/><REACH who="3" step="1"/><G47/><REACH who="3" ten="392,52,284,262" step="2"/><T4/><REACH who="0" step="1"/><D76/><REACH who="0" ten="382,52,284,262" step="2"/><U79/><E79/><V67/><F116/><W59/><G59/><T132/><D132/><U90/><E58/><V43/><F118/><W109/><G109/><T5/><D5/><U129/><E129/><V68/><F119/><W93/><G93/><T77/><D77/><U108/><E108/><V6/><F6/><W38/><G38/><T55/><D55/><U111/><E111/><V57/><F52/><W107/><G107/><T87/><D87/><U54/><E54/><V36/><F84/><W48/><G48/><T130/><D130/><U106/><E106/><V72/><F36/><W30/><G30/><T8/><D8/><U114/><E114/><V2/><F31/><W10/><G10/><T128/><D128/><U50/><E50/><V94/><F29/><W7/><G7/><T34/><D34/><AGARI ba="0,2" hai="17,21,25,27,28,34,40,41,42,46,49,82,86,91" machi="34" ten="30,8000,1" yaku="1,1,7,1,52,3,53,0" doraHai="37" doraHaiUra="112" who="3" fromWho="0" sc="382,-80,52,0,284,0,262,100" /><INIT seed="7,0,0,5,0,82" ten="302,52,284,362" oya="3" hai0="25,77,134,92,103,71,128,133,16,22,110,81,113" hai1="55,47,7,45,125,126,44,69,63,30,39,107,24" hai2="132,4,14,66,60,54,76,12,28,79,62,123,118" hai3="53,15,106,73,91,115,5,50,8,51,124,130,11"/><W42/><G115/><T127/><D110/><U40/><E107/><V58/><F118/><W0/><G106/><T114/><D71/><U117/><E117/><V72/><F123/><W35/><G35/><T37/><D37/><U43/><E7/><V100/><F132/><N who="0" m="50794" /><D128/><U122/><E24/><V6/><F100/><W68/><G73/><N who="0" m="43183" /><D127/><U102/><E30/><V41/><F41/><W78/><G68/><T33/><D33/><U2/><E2/><V99/><F99/><AGARI ba="0,0" hai="16,22,25,92,99,103,113,114" m="43183,50794" machi="99" ten="30,2000,0" yaku="20,1,54,1" doraHai="82" who="0" fromWho="2" sc="302,20,52,0,284,-20,362,0" owari="322,12.2,52,-44.8,264,-13.6,362,46.2" /></mjloggm>