<mjloggm ver="2.3"><GO type="169" lobby="0"/><UN n0="%E3%83%9D%E3%83%B3%E3%83%9D%E3%82%B3%E5%95%86%E4%BA%8B" n1="%E3%81%BE%E3%81%88%E3%81%9F" n2="%6C%75%6E%61%32%33%34%35" n3="%E7%8C%AA%E7%8B%A9%E5%AE%88" dan="16,16,18,17" rate="2159.57,2190.87,2252.81,2180.61" sx="M,F,F,M"/><TAIKYOKU oya="0"/><INIT seed="0,0,0,5,4,30" ten="250,250,250,250" oya="0" hai0="41,9,65,92,11,7,134,94,115,128,88,80,104" hai1="90,57,103,18,98,114,13,51,124,22,59,119,38" hai2="101,99,58,72,135,132,34,49,31,77,110,26,102" hai3="93,4,48,56,3,118,39,14,32,108,86,117,120"/><T29/><D115/><U6/><E38/><V79/><F110/><W45/><G108/><T73/><D104/><U37/><E37/><V75/><F49/><W55/><G3/><T8/><D41/><U97/><E119/><V33/><F58/><W35/><G120/><T74/><D65/><U21/><E124/><V126/><F126/><W107/><G107/><T44/><D44/><U131/><E131/><V66/><F66/><W20/><G118/><T68/><D68/><U46/><E6/><V106/><F101/><W105/><G105/><T63/><D63/><U121/><E121/><V0/><F0/><W127/><G127/><T61/><D61/><U109/><E109/><V113/><F113/><W12/><G12/><T40/><D40/><U16/><E90/><V23/><F77/><W89/><G117/><T96/><D128/><U100/><E100/><V81/><REACH who="2" step="1"/><F72/><REACH who="2" ten="250,250,240,250" step="2"/><W54/><G39/><T62/><D74/><U5/><E114/><V69/><F69/><W111/><G111/><T2/><D62/><U116/><E116/><V76/><F76/><W85/><G4/><T64/><D64/><U125/><E5/><V91/><F91/><N who="3" m="53487" /><G56/><N who="1" m="21578" /><E103/><V60/><F60/><W52/><G55/><T133/><D7/><U71/><E71/><V10/><F10/><W17/><G54/><T19/><D2/><U87/><E125/><V95/><F95/><W36/><G36/><T130/><D94/><U53/><E87/><V50/><F50/><W129/><G129/><T28/><D130/><U1/><E1/><V83/><F83/><N who="3" m="49375" /><G48/><T27/><D80/><U112/><E112/><RYUUKYOKU ba="0,1" sc="250,-30,250,10,240,10,250,10" hai1="13,16,18,21,22,46,51,53,97,98" hai2="23,26,31,33,34,75,79,81,99,102,106,132,135" hai3="14,17,20,32,35,45,52" /><INIT seed="1,1,1,1,4,65" ten="220,260,250,260" oya="1" hai0="80,44,126,111,91,57,5,94,53,89,58,62,32" hai1="108,54,66,120,8,59,135,93,0,35,48,11,6" hai2="38,22,46,52,47,33,37,132,70,128,104,16,130" hai3="134,117,34,28,1,45,17,10,76,85,61,63,19"/><U99/><E120/><V118/><F118/><W39/><G134/><T84/><D111/><U67/><E135/><V125/><F132/><W102/><G117/><T97/><D126/><U110/><E11/><V87/><F33/><W3/><G102/><T9/><D32/><U96/><E35/><V103/><F125/><W71/><G76/><T100/><D57/><U75/><E75/><V83/><F104/><W101/><G101/><T113/><D113/><U25/><E25/><V64/><F103/><W107/><G85/><T27/><D27/><U95/><E95/><V114/><F114/><W92/><G92/><T115/><D115/><U15/><E0/><V77/><F38/><W20/><G17/><T40/><D100/><U78/><E78/><V36/><F37/><W121/><G121/><T98/><D98/><N who="1" m="37419" /><E93/><V51/><F46/><W49/><G39/><T88/><D91/><U109/><AGARI ba="1,1" hai="6,8,15,48,54,59,66,67,108,109,110" m="37419" machi="109" ten="40,3900,0" yaku="14,1,10,1" doraHai="65" who="1" fromWho="1" sc="220,-14,260,52,250,-14,260,-14" /><INIT seed="1,2,0,3,5,115" ten="206,312,236,246" oya="1" hai0="112,128,19,120,48,69,101,25,61,86,116,91,110" hai1="87,3,35,72,98,4,24,29,106,39,130,21,14" hai2="95,113,90,114,50,131,33,79,16,55,40,77,133" hai3="88,36,23,85,124,76,9,37,119,47,22,129,17"/><U118/><E72/><V89/><F131/><W93/><G129/><T32/><D112/><N who="2" m="43114" /><F133/><W31/><G124/><T11/><D128/><U103/><E130/><V42/><F33/><W8/><G119/><T56/><D110/><U58/><E39/><V108/><F108/><W41/><G37/><T0/><D101/><U63/><E87/><N who="2" m="52671" /><F90/><W122/><G122/><T2/><D69/><U109/><E109/><V5/><F5/><W107/><G107/><T80/><D48/><U68/><E68/><V100/><F100/><W43/><G43/><N who="2" m="16425" /><F16/><W34/><G34/><T44/><D120/><U135/><E135/><V74/><F74/><W97/><G31/><T54/><D44/><AGARI ba="2,0" hai="44,50,55,77,79" m="16425,52671,43114" machi="44" ten="30,1000,0" yaku="11,1" doraHai="115" who="2" fromWho="0" sc="206,-16,312,0,236,16,246,0" /><INIT seed="2,0,0,2,3,113" ten="190,312,252,246" oya="2" hai0="12,69,134,120,61,105,132,73,88,18,124,110,93" hai1="102,75,106,55,45,21,60,1,25,54,51,133,111" hai2="34,71,82,130,5,36,3,87,96,112,27,129,20" hai3="37,119,103,7,83,86,4,67,98,72,17,2,97"/><V108/><F112/><W30/><G72/><T35/><D120/><U38/><E75/><V100/><F36/><W92/><G37/><T23/><D105/><U57/><E1/><V77/><F71/><W109/><G109/><T59/><D69/><U79/><E79/><V94/><F34/><W41/><G41/><T9/><D35/><U50/><E111/><V10/><REACH who="2" step="1"/><F108/><REACH who="2" ten="190,312,242,246" step="2"/><W114/><G114/><T90/><D110/><U29/><E38/><V26/><F26/><W81/><G67/><T39/><D39/><U66/><E133/><V8/><F8/><W62/><G30/><AGARI ba="0,1" hai="3,5,10,20,27,30,77,82,87,94,96,100,129,130" machi="30" ten="40,2000,0" yaku="1,1,53,0" doraHai="113" doraHaiUra="104" who="2" fromWho="3" sc="190,0,312,0,242,30,246,-20" /><INIT seed="2,1,0,3,4,43" ten="190,312,272,226" oya="2" hai0="48,23,27,1,91,75,47,100,8,26,96,107,50" hai1="73,127,68,11,123,65,108,95,105,132,78,74,81" hai2="110,82,44,86,36,62,128,24,99,57,52,134,7" hai3="130,51,30,89,3,87,16,0,113,33,39,79,56"/><V106/><F134/><W28/><G39/><T64/><D75/><U63/><E132/><V22/><F128/><W41/><G130/><T72/><D72/><U116/><E116/><V60/><F110/><W121/><G121/><T133/><D133/><U54/><E108/><V109/><F109/><W34/><G79/><T9/><D64/><U135/><E105/><V18/><F7/><W118/><G113/><T104/><D1/><U112/><E74/><V17/><F106/><W115/><G115/><T126/><D126/><U40/><E112/><V37/><F99/><W2/><G118/><T98/><D91/><U38/><E127/><V31/><F60/><W20/><G33/><T32/><D23/><U76/><E76/><V124/><F124/><W125/><G34/><T21/><D21/><U92/><E54/><V90/><REACH who="2" step="1"/><F36/><REACH who="2" ten="190,312,262,226" step="2"/><W77/><G125/><T101/><REACH who="0" step="1"/><D32/><REACH who="0" ten="180,312,262,226" step="2"/><U53/><E135/><V29/><F29/><W84/><G28/><T88/><D88/><U85/><E123/><V13/><F13/><W55/><G30/><T5/><D5/><U129/><E129/><V83/><F83/><W6/><G6/><T111/><D111/><U12/><E12/><V93/><F93/><W14/><G89/><T10/><D10/><U46/><E11/><V103/><F103/><W80/><G87/><T66/><D66/><U4/><E4/><V69/><F69/><W97/><G97/><T131/><D131/><U114/><E114/><V120/><F120/><W102/><G102/><T94/><D94/><N who="1" m="35883" /><E85/><V70/><F70/><W15/><G15/><T67/><D67/><RYUUKYOKU ba="1,2" sc="180,0,312,0,262,0,226,0" hai0="8,9,26,27,47,48,50,96,98,100,101,104,107" hai1="38,40,46,53,63,65,68,73,78,81" hai2="17,18,22,24,31,37,44,52,57,62,82,86,90" hai3="0,2,3,14,16,20,41,51,55,56,77,80,84" /><INIT seed="2,2,2,3,3,18" ten="180,312,262,226" oya="2" hai0="97,32,121,39,116,132,113,40,57,1,101,98,134" hai1="123,108,114,80,45,85,133,13,94,36,92,130,107" hai2="109,79,95,14,86,81,29,21,105,15,28,26,122" hai3="69,77,9,44,106,75,64,22,100,38,56,52,87"/><V131/><F122/><W6/><G75/><T25/><D113/><U61/><E114/><V2/><F131/><W23/><G106/><T135/><D121/><U60/><E107/><V4/><F105/><W117/><G100/><T71/><D1/><U10/><E123/><V89/><F109/><W58/><G58/><T48/><D39/><U128/><E108/><V46/><F46/><W129/><G117/><T83/><D71/><U33/><E33/><V119/><F119/><W55/><G129/><N who="1" m="49770" /><E133/><V76/><F76/><W84/><G69/><T99/><D116/><U17/><E45/><V50/><F50/><N who="3" m="28743" /><G38/><T72/><D101/><U51/><E51/><V27/><F4/><W59/><G59/><T93/><D93/><N who="1" m="35947" /><E36/><V0/><F2/><W78/><G64/><T8/><D40/><U65/><E65/><V16/><F0/><W73/><G73/><T115/><D115/><U41/><E41/><V67/><F67/><W91/><G9/><T11/><D48/><U24/><E24/><N who="2" m="9259" /><F14/><W30/><G6/><T127/><D57/><U63/><E60/><V43/><F43/><W104/><G104/><T126/><D25/><U3/><E3/><V37/><F37/><W54/><G56/><T90/><D32/><U66/><E66/><V35/><F35/><W53/><G30/><T88/><D72/><U42/><E42/><V62/><F62/><W112/><G112/><T125/><D83/><U70/><E70/><V19/><F19/><W20/><G87/><AGARI ba="2,2" hai="15,16,21,28,29,79,81,86,87,89,95" m="9259" machi="87" ten="30,5800,0" yaku="8,1,52,1,54,1" doraHai="18" who="2" fromWho="3" sc="180,0,312,0,262,84,226,-64" /><INIT seed="2,3,0,0,5,18" ten="180,312,346,162" oya="2" hai0="128,25,3,104,64,113,88,101,135,62,15,84,27" hai1="33,133,60,19,97,81,29,134,8,40,11,38,43" hai2="76,82,99,58,41,115,48,53,90,52,122,72,70" hai3="9,130,26,83,51,74,86,16,121,12,94,116,132"/><V85/><F115/><W79/><G116/><T46/><D3/><U109/><E109/><V13/><F122/><W112/><G121/><T106/><D113/><U126/><E126/><V117/><F117/><W100/><G130/><T102/><D128/><U69/><E81/><V125/><F125/><W63/><G132/><T107/><D46/><U37/><E97/><V0/><F0/><W22/><G112/><T6/><D15/><U95/><E95/><N who="2" m="56823" /><F70/><W59/><G51/><T66/><D6/><U129/><E129/><V20/><F72/><W30/><G100/><T124/><D135/><U36/><E69/><V75/><F75/><W54/><G74/><T28/><D124/><U1/><E1/><V61/><F41/><W5/><REACH who="3" step="1"/><G94/><REACH who="3" ten="180,312,346,152" step="2"/><T4/><D102/><U31/><E37/><V49/><F53/><W98/><G98/><T50/><D50/><U21/><E38/><V96/><F96/><W80/><G80/><T44/><D101/><U2/><E36/><V110/><F110/><W73/><G73/><T47/><D106/><U108/><E108/><V103/><F103/><W91/><G91/><T93/><D88/><U10/><E134/><V68/><F49/><W67/><G67/><T45/><D66/><U87/><E133/><V39/><F39/><W78/><G78/><T56/><D107/><U42/><E87/><V89/><F76/><W118/><G118/><T119/><D104/><U55/><E2/><V65/><F48/><W34/><G34/><T123/><D119/><U131/><E33/><V71/><F65/><W105/><G105/><T57/><D123/><RYUUKYOKU ba="3,1" sc="180,-15,312,-15,346,15,152,15" hai2="13,20,52,58,61,68,71,82,85,89" hai3="5,9,12,16,22,26,30,54,59,63,79,83,86" /><INIT seed="2,4,1,5,4,59" ten="165,297,361,167" oya="2" hai0="74,71,109,30,1,128,133,115,95,122,135,33,54" hai1="72,8,41,39,14,5,92,29,40,134,15,43,35" hai2="65,63,88,12,55,106,118,52,2,31,123,53,83" hai3="81,103,37,130,25,79,108,21,50,127,17,105,84"/><V76/><F118/><W34/><G108/><T85/><RYUUKYOKU type="yao9" ba="4,1" sc="165,0,297,0,361,0,167,0" hai0="1,30,33,54,71,74,85,95,109,115,122,128,133,135" /><INIT seed="2,5,1,1,1,16" ten="165,297,361,167" oya="2" hai0="107,7,80,89,54,77,113,135,57,22,94,131,87" hai1="63,119,96,68,60,133,84,4,112,17,59,5,8" hai2="66,47,12,36,58,15,62,118,24,91,69,71,101" hai3="64,14,34,74,79,110,115,95,28,108,2,75,51"/><V6/><F118/><W33/><G2/><T93/><D113/><U83/><E112/><V21/><F101/><W88/><G115/><T46/><D131/><U78/><E119/><V49/><F91/><W27/><G64/><T92/><D135/><U81/><E133/><V134/><F134/><W124/><G124/><T121/><D121/><U56/><E68/><V65/><F36/><W52/><G14/><T23/><D107/><U117/><E117/><V126/><F126/><W35/><G79/><T129/><D129/><U25/><E96/><V53/><F6/><W30/><G75/><T122/><D46/><U102/><E102/><V26/><F26/><W50/><G50/><T20/><D7/><U41/><E41/><V45/><F47/><N who="3" m="27775" /><G74/><T82/><D122/><U76/><E8/><V42/><F69/><W31/><G27/><T99/><D82/><U38/><E38/><N who="2" m="21719" /><F65/><W70/><G70/><T1/><D1/><U32/><E32/><V111/><F111/><N who="3" m="42539" /><G34/><T130/><D130/><U48/><E25/><V100/><F100/><W67/><G67/><T29/><D29/><AGARI ba="5,1" hai="12,15,21,24,29,49,53,58,62,66,71" m="21719" machi="29" ten="30,2900,0" yaku="24,1,52,1" doraHai="16" who="2" fromWho="0" sc="165,-44,297,0,361,54,167,0" /><INIT seed="2,6,0,0,0,133" ten="121,297,415,167" oya="2" hai0="119,29,46,63,92,100,135,30,27,106,34,73,54" hai1="120,69,93,83,79,56,47,0,6,91,95,101,9" hai2="116,18,7,131,111,105,12,57,1,31,25,124,32" hai3="113,15,71,127,55,132,35,48,94,59,72,45,89"/><V103/><F116/><W41/><G72/><T14/><D135/><U126/><E69/><V2/><F131/><W123/><G123/><T66/><D119/><U24/><E126/><V5/><F124/><W84/><G35/><T81/><D30/><U38/><E56/><V98/><F111/><W76/><G113/><T52/><D14/><U68/><E68/><V10/><REACH who="2" step="1"/><F57/><REACH who="2" ten="121,297,405,167" step="2"/><W85/><G71/><N who="0" m="42463" /><D46/><U117/><E47/><V110/><F110/><W75/><G127/><T118/><D118/><U80/><E117/><V115/><F115/><W122/><G132/><T70/><D70/><U61/><E120/><V53/><F53/><W134/><G134/><T11/><D52/><U17/><E38/><V64/><F64/><W82/><G122/><T22/><D54/><U87/><E61/><V90/><F90/><W104/><G55/><T36/><D36/><U78/><E101/><V97/><F97/><W42/><G59/><T121/><D100/><U20/><E91/><V128/><F128/><W77/><G42/><T21/><D121/><U8/><E79/><V130/><F130/><W4/><G76/><T74/><D73/><U58/><E58/><V112/><F112/><W114/><G75/><T50/><D74/><U39/><E39/><V107/><F107/><W109/><G109/><T49/><D106/><U62/><E62/><V65/><F65/><W3/><G104/><T129/><D129/><U40/><E40/><V33/><F33/><W102/><G102/><T13/><D34/><U96/><E78/><V44/><F44/><W16/><G114/><T37/><D37/><RYUUKYOKU ba="6,1" sc="121,-10,297,-10,405,30,167,-10" hai2="1,2,5,7,10,12,18,25,31,32,98,103,105" /><INIT seed="2,7,1,5,5,32" ten="111,287,435,157" oya="2" hai0="91,111,135,3,79,134,9,24,58,88,34,94,15" hai1="78,124,7,38,19,128,107,119,77,16,17,53,72" hai2="37,85,92,61,50,109,39,89,12,115,75,22,64" hai3="116,125,129,87,10,49,127,81,63,101,33,106,48"/><V40/><F115/><W8/><G116/><T103/><D79/><U44/><E119/><V23/><F75/><W123/><G123/><T65/><D111/><U30/><E107/><V42/><F109/><W1/><G33/><T26/><D103/><U96/><E124/><N who="3" m="47690" /><G129/><T20/><D34/><U27/><E128/><V76/><F76/><N who="3" m="46503" /><G63/><N who="0" m="38135" /><D91/><U97/><E7/><V29/><F23/><W120/><G120/><T47/><D47/><U90/><E90/><V71/><F29/><W6/><G8/><T82/><D82/><U84/><E72/><V11/><F22/><W66/><G66/><T131/><D20/><N who="1" m="15719" /><E38/><V69/><F69/><W95/><G106/><T31/><D31/><U117/><E117/><V2/><F39/><W36/><G36/><T41/><D41/><U130/><E130/><V67/><F37/><W99/><AGARI ba="7,1" hai="1,6,10,48,49,95,99,101" m="46503,47690" machi="99" ten="30,2000,0" yaku="18,1,52,1" doraHai="32" who="3" fromWho="3" sc="111,-12,287,-12,435,-17,157,51" /><INIT seed="3,0,0,4,1,77" ten="99,275,418,208" oya="3" hai0="96,26,62,1,114,90,18,72,115,97,135,70,61" hai1="112,98,4,34,124,60,105,68,117,75,59,39,87" hai2="127,0,134,73,107,23,122,106,28,116,91,131,82" hai3="78,14,101,99,11,8,102,130,100,104,53,128,42"/><W17/><G42/><T125/><D1/><U40/><E87/><V6/><F116/><W55/><G78/><T19/><D72/><U24/><E59/><V118/><F118/><W132/><G132/><T64/><D135/><U95/><E95/><V121/><F131/><N who="3" m="50219" /><G8/><T52/><D125/><U50/><E50/><V93/><F127/><W9/><G9/><T57/><D90/><U113/><E4/><V48/><F0/><W46/><G46/><T133/><D133/><U7/><E7/><V74/><F6/><W79/><G79/><T69/><D26/><U38/><E75/><V51/><F73/><W30/><G30/><T22/><D22/><U36/><E40/><V85/><F134/><W15/><G15/><T27/><D27/><U86/><E124/><V67/><F74/><W92/><G104/><T45/><D45/><U29/><E117/><V21/><F106/><W89/><AGARI ba="0,0" hai="11,14,17,53,55,89,92,99,100,101,102" m="50219" machi="89" ten="30,1500,0" yaku="19,1" doraHai="77" who="3" fromWho="3" sc="99,-5,275,-5,418,-5,208,15" /><INIT seed="3,1,0,1,4,83" ten="94,270,413,223" oya="3" hai0="88,44,38,22,57,108,112,109,131,130,0,104,118" hai1="107,77,84,132,53,73,50,18,9,92,121,72,45" hai2="14,23,106,102,42,16,36,134,94,33,96,46,82" hai3="133,54,47,95,67,21,11,24,13,39,97,3,52"/><W15/><G133/><T124/><D0/><U127/><E107/><V74/><F134/><W51/><G39/><T93/><D104/><U125/><E132/><V98/><F33/><W71/><G3/><T43/><D22/><U48/><E121/><V27/><F82/><W117/><G117/><T113/><D57/><U17/><E50/><V100/><REACH who="2" step="1"/><F74/><REACH who="2" ten="94,270,403,223" step="2"/><W4/><G71/><T25/><D118/><U105/><E73/><V40/><F40/><W64/><G54/><T101/><D124/><U31/><E72/><V87/><F87/><W126/><G126/><T103/><D113/><U62/><E84/><V81/><F81/><W90/><REACH who="3" step="1"/><G13/><AGARI ba="1,1" hai="13,14,16,23,27,36,42,46,94,96,98,100,102,106" machi="13" ten="40,2600,0" yaku="1,1,54,1,53,0" doraHai="83" doraHaiUra="55" who="2" fromWho="3" sc="94,0,270,0,403,39,223,-29" /><INIT seed="4,0,0,1,0,75" ten="94,270,442,194" oya="0" hai0="116,131,80,22,121,127,29,76,73,118,132,11,106" hai1="33,123,113,57,117,70,103,120,21,126,42,61,62" hai2="100,54,89,88,65,49,8,19,115,119,0,101,71" hai3="4,128,47,129,37,44,59,2,27,98,52,85,87"/><T77/><D121/><U68/><E33/><V97/><F115/><W107/><G2/><T122/><D122/><U99/><E117/><V53/><F119/><W92/><G107/><T64/><D106/><U108/><E108/><V48/><F71/><W84/><G4/><T81/><D64/><U67/><E126/><V51/><F65/><W16/><G37/><T46/><D127/><U20/><E113/><V1/><F19/><W66/><G66/><T38/><D131/><U50/><E70/><V74/><F74/><W39/><G39/><T125/><D125/><U134/><E134/><V124/><F8/><W83/><G83/><T95/><D132/><U96/><E96/><V133/><F124/><W30/><G129/><T93/><D11/><U110/><E110/><V36/><F36/><W43/><G43/><T35/><D22/><U72/><E72/><V104/><F133/><W79/><G30/><T135/><D135/><U9/><E9/><V10/><F10/><W130/><G130/><T28/><D38/><U55/><E20/><V15/><F15/><W114/><G79/><T3/><D73/><U82/><E21/><V63/><F0/><W7/><G7/><T58/><D3/><U6/><E6/><V25/><F1/><W31/><G31/><T14/><D35/><U112/><E112/><V105/><F104/><W41/><G41/><T26/><D58/><U5/><E57/><V17/><F17/><W40/><G40/><T86/><D46/><U56/><E120/><V102/><F105/><W23/><G128/><T78/><D116/><U45/><E123/><RYUUKYOKU ba="0,0" sc="94,0,270,0,442,0,194,0" /><INIT seed="5,1,0,4,0,104" ten="94,270,442,194" oya="1" hai0="98,9,21,133,93,16,74,82,25,109,90,81,51" hai1="112,57,39,17,118,87,88,131,84,4,75,95,127" hai2="18,30,65,23,94,105,62,117,56,43,77,124,120" hai3="58,44,67,52,6,40,55,1,41,61,121,68,13"/><U45/><E118/><V59/><F117/><W102/><G1/><T79/><D109/><U42/><E112/><V135/><F120/><W12/><G102/><T37/><D37/><U72/><E127/><V32/><F43/><W89/><G121/><T103/><D133/><U126/><E126/><V92/><F105/><W20/><G41/><T36/><D36/><U66/><E131/><V100/><F77/><W22/><G89/><T27/><D9/><U83/><E4/><V125/><F135/><W113/><G113/><T31/><D51/><U73/><E17/><V49/><F32/><W115/><G55/><T123/><D123/><U129/><E129/><V0/><F0/><W130/><G130/><T2/><D2/><U28/><E28/><V14/><F30/><W24/><G6/><T80/><REACH who="0" step="1"/><D103/><REACH who="0" ten="84,270,442,194" step="2"/><U132/><E132/><V116/><F100/><W128/><G128/><T7/><D7/><U71/><E71/><V29/><F124/><W97/><G115/><T60/><D60/><U114/><E114/><V134/><F62/><W47/><G68/><T78/><D78/><U5/><E5/><V35/><F125/><W85/><G61/><T122/><D122/><U50/><E66/><V110/><F65/><W10/><G67/><T46/><D46/><U96/><REACH who="1" step="1"/><E83/><REACH who="1" ten="84,260,442,194" step="2"/><V34/><F134/><W69/><G69/><T111/><D111/><U53/><AGARI ba="1,2" hai="39,42,45,50,53,57,72,73,75,84,87,88,95,96" machi="53" ten="40,24000,3" yaku="1,1,2,1,0,1,52,3,54,1,53,3" doraHai="104" doraHaiUra="106" who="1" fromWho="1" sc="84,-81,260,263,442,-81,194,-81" /><INIT seed="5,2,0,4,3,87" ten="3,523,361,113" oya="1" hai0="126,52,75,63,116,13,42,53,62,5,119,134,76" hai1="27,21,67,55,9,44,105,38,6,20,77,36,81" hai2="125,14,41,35,90,12,124,69,49,109,74,26,31" hai3="40,121,51,15,133,118,106,32,91,50,96,104,86"/><U72/><E105/><V99/><F109/><W85/><G121/><T68/><D75/><U94/><E67/><V103/><F74/><W71/><G71/><T122/><D76/><U37/><E94/><V110/><F110/><W28/><G32/><T78/><D78/><U79/><E79/><V24/><F41/><W16/><G28/><T33/><D33/><U8/><E8/><V56/><F49/><W114/><G114/><T97/><D97/><U66/><E66/><V65/><F56/><W48/><G40/><T95/><D122/><U17/><E21/><V39/><F39/><W92/><G133/><T43/><D95/><U115/><E115/><V102/><F102/><W107/><REACH who="3" step="1"/><G118/><REACH who="3" ten="3,523,361,103" step="2"/><N who="0" m="45099" /><D134/><U131/><E131/><V59/><F69/><W70/><G70/><T73/><D73/><U89/><E37/><V7/><F31/><W84/><G84/><T130/><D68/><U4/><E36/><V127/><F35/><W54/><G54/><N who="0" m="21099" /><D130/><U1/><E72/><V11/><F124/><W57/><G57/><T34/><D126/><U120/><E120/><V58/><F125/><W2/><G2/><T61/><D34/><U19/><E1/><V108/><F127/><W123/><G123/><T45/><D45/><U128/><E44/><V82/><F58/><W46/><G46/><T88/><D88/><U112/><E89/><V111/><F90/><W10/><AGARI ba="2,1" hai="10,15,16,48,50,51,85,86,91,92,96,104,106,107" machi="10" ten="40,12000,2" yaku="1,1,0,1,52,1,54,1,53,3" doraHai="87" doraHaiUra="100" who="3" fromWho="3" sc="3,-32,523,-62,361,-32,103,136" owari="-29,-52.9,461,56.1,329,12.9,239,-16.1" /></mjloggm>