<mjloggm ver="2.3"><GO type="169" lobby="0"/><UN n0="%E3%81%9F%E3%81%8B%E3%81%AA" n1="%70%6F%6E%2D%65%6E" n2="%E6%B8%85%E9%A2%A8%E5%8C%97" n3="%E7%B4%94%E6%BD%94%E3%83%94%E3%83%A9%E3%83%8B%E3%82%A2" dan="19,16,16,16" rate="2205.70,2185.57,2187.01,2199.07" sx="M,F,F,M"/><TAIKYOKU oya="0"/><INIT seed="0,0,0,4,1,40" ten="250,250,250,250" oya="0" hai0="71,92,35,118,72,25,87,59,10,101,76,8,2" hai1="66,116,82,127,18,107,45,26,73,89,48,77,38" hai2="119,34,42,91,52,15,78,123,85,7,47,115,54" hai3="19,28,21,134,84,120,49,4,41,65,50,70,14"/><T133/><D71/><U61/><E116/><V100/><F115/><W43/><G134/><T23/><D118/><U46/><E127/><V81/><F34/><W108/><G108/><T55/><D35/><U129/><E129/><V105/><F123/><W39/><G120/><T124/><D133/><U109/><E109/><V29/><F29/><W98/><G28/><T68/><D68/><U1/><E1/><V13/><F119/><W12/><G98/><N who="0" m="59591" /><D72/><U95/><E107/><V11/><F15/><W74/><G74/><T135/><D2/><U75/><E75/><V51/><F91/><W126/><G126/><T44/><D135/><U90/><E38/><V33/><F33/><W56/><G70/><T99/><D99/><AGARI ba="0,0" hai="7,11,13,42,47,51,52,54,78,81,85,99,100,105" machi="99" ten="40,8000,1" yaku="25,2,52,1,54,1" doraHai="40" who="2" fromWho="0" sc="250,-80,250,0,250,80,250,0" /><INIT seed="1,0,0,3,1,110" ten="170,250,330,250" oya="1" hai0="2,65,32,52,89,68,125,103,100,25,71,22,16" hai1="67,55,56,17,33,5,124,62,72,34,104,122,3" hai2="127,85,44,79,106,31,23,81,51,74,63,113,40" hai3="70,41,94,10,37,134,135,126,35,11,58,86,47"/><U46/><E122/><V24/><F106/><W19/><G70/><T112/><D2/><U121/><E121/><V4/><F127/><W8/><G35/><T30/><D125/><U111/><E124/><V15/><F63/><W21/><G58/><T114/><D89/><U107/><E72/><V90/><F74/><W0/><G126/><T12/><D52/><U60/><E111/><V61/><F61/><W115/><G115/><T45/><D45/><U128/><E128/><V120/><F120/><W88/><REACH who="3" step="1"/><G0/><REACH who="3" ten="170,250,330,240" step="2"/><T99/><D68/><U1/><E34/><V20/><F113/><W42/><G42/><T26/><D71/><U48/><E33/><V59/><F59/><W43/><G43/><T28/><D65/><U14/><E3/><V102/><F40/><W66/><G66/><T27/><D32/><U54/><E1/><V18/><F44/><W57/><G57/><T36/><D112/><U92/><E67/><V6/><F51/><W84/><G84/><T78/><D114/><U13/><E62/><V49/><F49/><W80/><G80/><T7/><D36/><U83/><E83/><V105/><F81/><W133/><G133/><T39/><D39/><U93/><E60/><V75/><F85/><W108/><G108/><T97/><D78/><U38/><E38/><V109/><F79/><W87/><G87/><T64/><D64/><U50/><E56/><V118/><F109/><W77/><G77/><T76/><D76/><U69/><E69/><V95/><F75/><W82/><G82/><T117/><D117/><U96/><E46/><V119/><F118/><RYUUKYOKU ba="0,1" sc="170,-10,250,-10,330,-10,240,30" hai3="8,10,11,19,21,37,41,47,86,88,94,134,135" /><INIT seed="2,1,1,1,5,128" ten="160,240,320,270" oya="2" hai0="105,57,132,12,100,74,102,97,40,96,114,95,108" hai1="0,71,86,112,72,53,126,9,36,38,106,48,34" hai2="63,133,7,107,47,8,58,39,24,125,84,65,87" hai3="66,26,73,4,44,78,18,123,33,20,127,21,13"/><V10/><F107/><W99/><G123/><T67/><D114/><U28/><E72/><V43/><F125/><W109/><G127/><T70/><D108/><U104/><E71/><V55/><F133/><W130/><G130/><T32/><D74/><U79/><E126/><V91/><F24/><W59/><G109/><T113/><D113/><U14/><E112/><V111/><F111/><W3/><G73/><T25/><D40/><U135/><E0/><V101/><F101/><W61/><G78/><T60/><D12/><U68/><E68/><V30/><F30/><W29/><G99/><T75/><D57/><U17/><E28/><V27/><F27/><W64/><G21/><T103/><D75/><U92/><E34/><V51/><F91/><W119/><G44/><T131/><D131/><U93/><E79/><V16/><F16/><W45/><G45/><T23/><D102/><U80/><E80/><V76/><F76/><W118/><REACH who="3" step="1"/><G64/><REACH who="3" ten="160,240,320,260" step="2"/><T124/><D124/><U31/><E38/><V1/><F10/><AGARI ba="1,2" hai="3,4,10,13,18,20,26,29,33,59,61,66,118,119" machi="10" ten="40,8000,1" yaku="1,1,2,1,24,2,53,0" doraHai="128" doraHaiUra="129" who="3" fromWho="2" sc="160,0,240,0,320,-83,260,103" /><INIT seed="3,0,0,2,0,114" ten="160,240,237,363" oya="3" hai0="110,112,59,68,131,120,27,121,116,49,51,3,15" hai1="30,134,72,85,108,24,2,11,52,71,32,91,78" hai2="26,47,122,19,39,44,103,133,60,96,81,31,118" hai3="83,106,61,33,5,124,87,25,13,82,14,6,101"/><W127/><G106/><T79/><D3/><U7/><E108/><V126/><F122/><W100/><G61/><T111/><D79/><U89/><E134/><V66/><F133/><W36/><G36/><T63/><D15/><N who="3" m="5641" /><G87/><T94/><D94/><U107/><E107/><V0/><F0/><W29/><G83/><T65/><D27/><U40/><E71/><V67/><F126/><N who="3" m="48171" /><G82/><T74/><D74/><U62/><E40/><V76/><F19/><W90/><G90/><T97/><D97/><U75/><E78/><V129/><F129/><W21/><G101/><T109/><D131/><U135/><E135/><V95/><F118/><W50/><G100/><T22/><D22/><U1/><E1/><V9/><F9/><W88/><G88/><T132/><D132/><U46/><E91/><V53/><F53/><W57/><G57/><T12/><D12/><U128/><E128/><V42/><F47/><W119/><G50/><N who="0" m="18955" /><D112/><U93/><REACH who="1" step="1"/><E46/><REACH who="1" ten="160,230,237,363" step="2"/><V38/><F38/><W92/><G92/><T10/><D120/><U102/><E102/><V18/><F39/><W28/><G5/><T104/><D104/><U86/><E86/><V70/><F42/><W48/><G6/><T43/><D121/><U117/><E117/><V69/><F44/><W16/><G119/><T34/><D116/><U17/><E17/><V125/><F18/><W58/><G33/><T35/><D43/><U23/><E23/><N who="2" m="15839" /><F125/><W37/><G37/><T130/><D130/><U73/><E73/><N who="2" m="43151" /><F70/><W55/><AGARI ba="0,1" hai="16,21,25,28,29,48,55,58" m="48171,5641" machi="55" ten="30,3000,0" yaku="18,1,54,1" doraHai="114" who="3" fromWho="3" sc="160,-10,230,-10,237,-10,363,40" /><INIT seed="3,1,0,2,5,121" ten="150,220,227,403" oya="3" hai0="35,116,109,105,20,86,123,75,14,78,13,52,53" hai1="77,60,36,90,6,2,42,118,117,11,104,101,80" hai2="33,79,57,110,133,107,92,59,84,16,34,61,93" hai3="54,83,128,27,106,134,65,41,73,67,25,71,62"/><W95/><G106/><T17/><D123/><U64/><E90/><V98/><F133/><W18/><G134/><T115/><D116/><U56/><E101/><V47/><F107/><W131/><G41/><T91/><D105/><U102/><E102/><V125/><F125/><W82/><G95/><T51/><D35/><U114/><E104/><V10/><F110/><W1/><G1/><T103/><D103/><U40/><E114/><V55/><F47/><W21/><G54/><T122/><D122/><U135/><E135/><V45/><F45/><W44/><G44/><T87/><D75/><N who="1" m="43071" /><E36/><V30/><F30/><W49/><G49/><T58/><D115/><U129/><E129/><N who="3" m="49738" /><G65/><T113/><D113/><U111/><E111/><V127/><F127/><W38/><G38/><T32/><D32/><U19/><E19/><V112/><F112/><W63/><G63/><T94/><D109/><U3/><E3/><V4/><F34/><W66/><G66/><T37/><D37/><U99/><E99/><V15/><F33/><W72/><G27/><N who="0" m="14735" /><D53/><U43/><E118/><V88/><F79/><W5/><G5/><T120/><D120/><U29/><E117/><V48/><F4/><W68/><G71/><T69/><D69/><U130/><E130/><V97/><REACH who="2" step="1"/><F92/><REACH who="2" ten="150,220,217,403" step="2"/><W31/><G31/><T46/><D46/><U85/><E29/><V8/><F8/><W74/><AGARI ba="1,1" hai="18,21,25,62,67,68,72,73,74,82,83" m="49738" machi="74" ten="40,2100,0" yaku="19,1" doraHai="121" who="3" fromWho="3" sc="150,-8,220,-8,217,-8,403,34" /><INIT seed="3,2,0,3,5,76" ten="142,212,209,437" oya="3" hai0="102,121,65,23,106,67,25,14,124,6,63,26,39" hai1="89,52,112,8,20,60,31,1,35,43,49,10,98" hai2="24,120,119,41,131,46,133,81,93,12,19,64,45" hai3="4,111,54,5,62,115,118,101,42,22,37,48,88"/><W130/><G115/><T16/><D121/><U59/><E112/><V127/><F119/><W71/><G118/><T96/><D124/><U134/><E35/><V132/><F127/><W58/><G101/><T87/><D39/><U74/><E74/><V84/><F120/><W85/><G130/><T3/><D65/><U38/><E38/><V47/><F131/><W40/><G111/><T18/><D3/><U69/><E1/><V57/><F93/><W70/><G70/><T44/><D44/><N who="1" m="25759" /><E69/><V79/><F24/><W123/><G123/><T50/><D50/><U0/><E0/><V92/><F92/><W30/><G37/><T97/><D97/><U94/><E134/><N who="2" m="51819" /><F57/><W72/><G72/><T51/><D51/><U61/><E61/><V55/><F55/><W105/><G105/><T95/><D6/><N who="3" m="2665" /><G71/><T110/><D110/><U109/><E109/><V17/><F64/><W104/><G104/><T80/><D18/><N who="2" m="6666" /><F12/><W28/><G62/><T2/><D2/><U66/><E66/><V135/><N who="2" m="51827" /><V86/><DORA hai="56" /><F41/><N who="3" m="15979" /><G22/><T117/><D117/><U83/><E31/><V34/><F34/><W108/><G108/><T29/><D106/><U13/><E20/><V107/><F107/><W125/><G125/><T68/><REACH who="0" step="1"/><D29/><REACH who="0" ten="132,212,209,437" step="2"/><U103/><E13/><V27/><F27/><W113/><G113/><T78/><AGARI ba="2,1" hai="14,16,23,25,26,63,67,68,78,80,87,95,96,102" machi="78" ten="20,16000,3" yaku="1,1,2,1,0,1,7,1,52,2,54,1,53,1" doraHai="76,56" doraHaiUra="122,77" who="0" fromWho="0" sc="132,176,212,-42,209,-42,437,-82" /><INIT seed="4,0,0,5,4,132" ten="308,170,167,355" oya="0" hai0="95,41,58,61,21,49,43,109,88,0,1,54,97" hai1="11,100,32,15,82,112,122,75,2,129,7,12,66" hai2="53,110,83,48,65,101,29,98,107,62,36,10,51" hai3="60,40,86,126,45,37,72,77,116,134,23,111,105"/><T87/><D109/><U19/><E122/><V80/><F110/><W13/><G116/><T89/><D21/><U123/><E123/><V67/><F36/><W74/><G134/><T47/><REACH who="0" step="1"/><D41/><REACH who="0" ten="298,170,167,355" step="2"/><U79/><E32/><V64/><F10/><W125/><G111/><T33/><D33/><U94/><E112/><V56/><F29/><W115/><G115/><T133/><D133/><U76/><E129/><V30/><F30/><W127/><G105/><T108/><D108/><U26/><E11/><V31/><F31/><W121/><G121/><T103/><D103/><U124/><E100/><V6/><F6/><W117/><G117/><T50/><D50/><U69/><E7/><V130/><F130/><W57/><G23/><T22/><D22/><U28/><E28/><V102/><F102/><W96/><G13/><T16/><D16/><U71/><E19/><V99/><F101/><W44/><G44/><T17/><D17/><U113/><E15/><V104/><F104/><W8/><G8/><T27/><D27/><U39/><E12/><V55/><F107/><W34/><G34/><T135/><D135/><U42/><E42/><V84/><F51/><W20/><G20/><T93/><AGARI ba="0,1" hai="0,1,43,47,49,54,58,61,87,88,89,93,95,97" machi="93" ten="20,7800,0" yaku="1,1,0,1,7,1,54,1,53,0" doraHai="132" doraHaiUra="118" who="0" fromWho="0" sc="298,88,170,-26,167,-26,355,-26" /><INIT seed="4,1,0,3,4,80" ten="386,144,141,329" oya="0" hai0="46,43,36,40,66,11,0,54,90,44,34,73,112" hai1="75,104,96,93,120,83,105,94,63,95,38,97,82" hai2="25,28,116,69,15,24,130,56,77,52,33,10,98" hai3="23,60,42,12,133,85,128,131,84,89,127,16,7"/><T122/><D122/><U79/><E63/><V108/><F108/><W88/><G127/><T118/><D118/><U8/><E8/><V3/><F69/><W67/><G133/><T13/><D34/><U70/><E38/><V74/><F116/><W76/><G76/><T68/><D112/><U99/><E70/><V117/><F117/><W5/><G42/><T114/><D114/><U49/><E49/><V30/><F3/><W110/><G110/><T17/><D73/><N who="1" m="43375" /><E120/><V59/><F130/><N who="3" m="49707" /><G89/><T39/><D0/><U6/><E6/><N who="3" m="2058" /><G88/><T35/><D35/><U65/><E65/><V132/><F132/><W115/><G115/><T113/><D113/><U62/><E62/><V47/><F98/><W55/><G55/><T92/><D54/><U32/><E32/><V109/><F109/><W103/><G103/><T19/><D19/><U29/><E29/><V31/><F74/><W125/><G125/><T64/><REACH who="0" step="1"/><D68/><AGARI ba="1,0" hai="12,16,23,60,67,68,84,85" m="2058,49707" machi="68" ten="30,7700,0" yaku="19,1,52,2,54,1" doraHai="80" who="3" fromWho="0" sc="386,-80,144,0,141,0,329,80" /><INIT seed="5,0,0,2,3,12" ten="306,144,141,409" oya="1" hai0="1,15,11,17,53,26,29,112,2,60,74,122,36" hai1="18,72,69,65,134,78,73,93,23,61,129,43,39" hai2="83,55,113,6,33,68,10,40,123,81,102,27,31" hai3="51,116,76,32,19,59,79,131,82,77,126,14,120"/><U54/><E134/><V121/><F68/><W24/><G120/><T46/><D74/><U107/><E129/><V28/><F113/><W3/><G3/><T94/><D112/><U8/><E107/><V100/><F40/><W114/><G131/><T80/><D80/><U42/><E8/><V135/><F135/><W56/><G126/><T75/><D75/><U89/><E54/><V66/><F66/><W49/><G116/><T16/><D122/><U85/><E78/><V45/><F31/><W50/><G114/><T111/><D111/><U110/><E43/><V130/><F130/><W106/><G106/><T34/><D36/><U87/><E85/><V38/><F123/><W88/><G24/><T58/><D46/><U67/><E67/><V4/><F38/><W97/><G32/><T84/><REACH who="0" step="1"/><D17/><REACH who="0" ten="296,144,141,409" step="2"/><U35/><E110/><V124/><F121/><W20/><G82/><T105/><D105/><U104/><E104/><V48/><F83/><W98/><REACH who="3" step="1"/><G88/><AGARI ba="0,1" hai="1,2,11,15,16,26,29,34,53,58,60,84,88,94" machi="88" ten="40,8000,1" yaku="1,1,52,1,54,2,53,0" doraHai="12" doraHaiUra="115" who="0" fromWho="3" sc="296,90,144,0,141,0,409,-80" /><INIT seed="6,0,0,0,3,27" ten="386,144,141,329" oya="2" hai0="80,132,95,9,133,44,49,34,92,43,97,42,18" hai1="32,101,3,105,23,14,53,41,17,20,117,100,30" hai2="26,87,106,98,50,76,85,40,96,52,70,12,114" hai3="46,71,99,86,135,51,113,118,134,47,66,5,22"/><V83/><F70/><W60/><G118/><T69/><D34/><U8/><E117/><V123/><F123/><W130/><G5/><T121/><D121/><U58/><E41/><V107/><F114/><W59/><G99/><N who="2" m="37929" /><F107/><W77/><G22/><T124/><D69/><U93/><E105/><V104/><F104/><W62/><G86/><T11/><D124/><U126/><E126/><V6/><F106/><W91/><G91/><T112/><D112/><U120/><E120/><V38/><F38/><W25/><G25/><T65/><D65/><U90/><E32/><V84/><F26/><W125/><G77/><T74/><D43/><U61/><E3/><V35/><F35/><W31/><G31/><T122/><D122/><U48/><E30/><V110/><F110/><W81/><G81/><T10/><D18/><U119/><E119/><V7/><F40/><W109/><G113/><T102/><D92/><U54/><E100/><V127/><F127/><W128/><G125/><T129/><D129/><N who="3" m="49769" /><G109/><T21/><D21/><U55/><E101/><V39/><F39/><W2/><G2/><T37/><D37/><U33/><E33/><V131/><F131/><W67/><G51/><T64/><D80/><U79/><E79/><V94/><F94/><W19/><G19/><T103/><D103/><U111/><E111/><V56/><F7/><W78/><G78/><T16/><D16/><U108/><E108/><V115/><F115/><W73/><G73/><T89/><D74/><U116/><E116/><V82/><F83/><W15/><G15/><T29/><D102/><U0/><E14/><RYUUKYOKU ba="0,0" sc="386,-15,144,-15,141,15,329,15" hai2="6,12,50,52,56,76,82,84,85,87" hai3="46,47,59,60,62,66,67,71,134,135" /><INIT seed="6,1,0,1,4,94" ten="371,129,156,344" oya="2" hai0="74,41,64,9,129,2,83,42,22,110,87,131,98" hai1="61,132,10,111,47,0,117,85,88,127,99,6,72" hai2="97,116,120,13,43,32,75,29,128,92,33,59,54" hai3="24,123,69,70,73,18,122,39,105,31,3,35,14"/><V113/><F120/><W90/><G73/><T112/><D110/><U66/><E111/><V121/><F116/><W44/><G3/><T93/><D74/><U63/><E117/><V25/><F121/><W124/><G124/><T109/><D109/><U107/><E72/><V67/><F75/><W15/><G15/><T52/><D64/><U126/><E132/><V76/><F76/><W114/><G105/><T115/><D22/><U46/><E63/><V7/><F113/><N who="0" m="43594" /><D52/><U81/><E126/><V45/><F67/><W37/><G114/><T12/><D2/><U27/><E27/><V16/><F128/><N who="0" m="49226" /><D93/><U23/><E23/><V38/><F7/><W49/><G122/><T96/><D42/><U84/><E84/><V130/><F130/><W82/><G82/><T8/><D41/><U71/><REACH who="1" step="1"/><E127/><REACH who="1" ten="371,119,156,344" step="2"/><V36/><F33/><W57/><G24/><T4/><D9/><U58/><E58/><V103/><F59/><W40/><G57/><T104/><D104/><U11/><E11/><V86/><F86/><W56/><G56/><T65/><D65/><U102/><AGARI ba="1,1" hai="0,6,10,46,47,61,66,71,81,85,88,99,102,107" machi="102" ten="30,7900,0" yaku="1,1,0,1,52,1,54,1,53,0" doraHai="94" doraHaiUra="51" who="1" fromWho="1" sc="371,-21,119,92,156,-40,344,-21" /><INIT seed="7,0,0,1,3,71" ten="350,211,116,323" oya="3" hai0="50,115,133,76,14,111,62,69,126,112,18,127,58" hai1="13,94,108,57,124,74,104,92,56,45,88,40,36" hai2="2,15,46,47,35,30,114,73,66,12,25,96,105" hai3="32,60,28,125,116,102,39,83,34,64,129,106,49"/><W4/><G116/><T63/><D111/><U7/><E104/><V131/><F73/><W77/><G49/><T43/><D133/><U132/><E74/><V86/><F114/><N who="0" m="43562" /><D76/><U130/><E108/><V113/><F113/><W38/><G4/><T95/><D95/><U120/><E120/><V121/><F121/><W91/><G91/><T31/><D31/><U29/><E124/><N who="0" m="47657" /><D69/><U100/><E132/><V117/><F131/><W33/><G28/><T22/><D58/><U98/><E130/><V84/><F117/><W51/><G51/><T70/><D70/><U72/><E72/><V11/><F66/><W8/><G8/><T99/><D99/><U54/><E29/><V118/><F118/><W10/><G10/><T78/><D78/><U65/><E65/><V27/><F2/><W67/><G129/><T103/><D103/><U97/><E7/><V42/><F30/><W48/><G48/><T16/><D18/><U82/><E82/><V26/><F11/><W1/><G1/><T122/><D122/><U20/><E54/><V101/><F35/><W128/><G128/><T9/><D9/><U44/><E44/><AGARI ba="0,0" hai="14,16,22,43,44,50,62,63" m="47657,43562" machi="44" ten="30,7700,0" yaku="15,1,11,1,18,1,54,1" doraHai="71" who="0" fromWho="1" sc="350,77,211,-77,116,0,323,0" owari="427,52.7,134,-26.6,116,-38.4,323,12.3" /></mjloggm>