<mjloggm ver="2.3"><GO type="169" lobby="0"/><UN n0="%48%41%43%4F" n1="%6E%61%67%61%69%6D%6F" n2="%76%76%73" n3="%E2%97%8E%E3%82%88%E3%81%97%E2%97%8E" dan="16,16,16,17" rate="2082.49,2122.88,2077.95,2186.85" sx="M,M,M,M"/><TAIKYOKU oya="0"/><INIT seed="0,0,0,5,5,34" ten="250,250,250,250" oya="0" hai0="132,26,20,14,73,96,84,57,122,79,120,30,40" hai1="9,22,61,116,92,52,46,131,124,37,115,127,126" hai2="77,12,83,5,134,36,111,74,60,87,42,38,50" hai3="112,55,69,53,106,2,105,39,121,28,78,4,117"/><T128/><D73/><U66/><E22/><V107/><F111/><W76/><G112/><T7/><D128/><U49/><E92/><V93/><F134/><W135/><G69/><T129/><D129/><U72/><E72/><V100/><F60/><W13/><G39/><T113/><D132/><U104/><E104/><V21/><F107/><W23/><G23/><T67/><D113/><U114/><E131/><V90/><F100/><W19/><G13/><T54/><D40/><N who="1" m="22799" /><E9/><V59/><F21/><W51/><G4/><T3/><D67/><U35/><E35/><V48/><F59/><W118/><G28/><T70/><D70/><N who="1" m="42319" /><E116/><V86/><F50/><W58/><G51/><T45/><D45/><AGARI ba="0,0" hai="45,49,52,114,115,124,126,127" m="42319,22799" machi="45" ten="30,7700,0" yaku="18,1,34,2,54,1" doraHai="34" who="1" fromWho="0" sc="250,-77,250,77,250,0,250,0" /><INIT seed="1,0,0,5,0,71" ten="173,327,250,250" oya="1" hai0="89,45,39,61,75,65,9,76,98,37,51,55,88" hai1="70,7,127,115,36,40,102,50,59,126,85,121,94" hai2="11,99,42,119,110,14,134,101,16,49,27,81,106" hai3="68,83,33,58,67,32,78,56,34,122,114,91,86"/><U0/><E70/><V41/><F119/><W53/><G122/><T24/><D75/><U112/><E121/><V43/><F110/><W66/><G114/><T62/><D76/><U108/><E0/><V92/><F134/><W130/><G130/><T116/><D116/><U10/><E108/><V123/><F123/><W17/><G68/><T129/><D129/><U8/><E112/><V12/><F27/><W124/><G124/><T48/><D48/><U131/><E115/><V117/><F117/><W60/><G56/><T111/><D111/><U28/><E28/><V80/><F106/><W97/><G97/><T44/><D44/><U22/><E22/><V6/><REACH who="2" step="1"/><F49/><REACH who="2" ten="173,327,240,250" step="2"/><W1/><G1/><T74/><D24/><U23/><E131/><V72/><F72/><W90/><G33/><T84/><D74/><U18/><E50/><V26/><F26/><W93/><G34/><T25/><D25/><U31/><E127/><V38/><F38/><W100/><G32/><T95/><D9/><AGARI ba="0,1" hai="6,9,11,12,14,16,41,42,43,80,81,92,99,101" machi="9" ten="40,5200,0" yaku="1,1,8,1,54,1,53,0" doraHai="71" doraHaiUra="52" who="2" fromWho="0" sc="173,-52,327,0,240,62,250,0" /><INIT seed="2,0,0,4,2,42" ten="121,327,302,250" oya="2" hai0="76,99,117,121,47,30,21,27,29,19,100,112,115" hai1="113,110,66,124,95,96,22,80,28,134,4,109,75" hai2="69,8,122,36,63,43,108,65,120,83,127,103,133" hai3="60,119,93,53,58,13,135,74,39,67,77,131,94"/><V51/><F103/><W97/><G119/><T23/><D121/><U125/><E66/><V123/><F127/><N who="1" m="48713" /><E4/><V82/><F133/><W12/><G131/><T50/><D117/><U130/><E28/><V85/><F36/><W101/><G135/><T56/><D56/><U73/><E22/><V114/><F114/><W18/><G39/><T81/><D112/><U105/><E134/><V38/><F38/><W35/><G35/><T91/><D115/><U48/><E48/><V1/><F108/><N who="1" m="41577" /><E113/><V15/><F1/><W5/><G5/><T116/><D23/><U25/><E25/><V132/><F132/><W84/><G74/><N who="1" m="28170" /><E80/><V72/><F51/><W6/><G6/><T90/><D30/><U34/><E34/><V68/><F68/><W3/><G3/><T62/><D29/><U79/><E79/><V89/><F43/><W46/><G77/><T0/><D62/><U55/><E55/><V59/><F69/><W33/><G33/><T52/><D116/><U106/><E130/><V70/><F70/><W107/><G18/><T9/><D9/><U126/><E126/><V64/><F64/><W98/><G13/><T31/><D31/><U11/><E11/><V44/><F83/><W102/><G12/><T104/><D0/><U86/><E86/><AGARI ba="0,0" hai="19,21,27,47,50,52,76,81,86,90,91,99,100,104" machi="86" ten="30,3900,0" yaku="7,1,52,1,54,1" doraHai="42" who="0" fromWho="1" sc="121,39,327,-39,302,0,250,0" /><INIT seed="3,0,0,5,4,65" ten="160,288,302,250" oya="3" hai0="111,62,91,89,119,9,52,131,48,28,36,130,69" hai1="19,49,44,21,126,13,58,77,82,79,26,46,84" hai2="103,67,83,93,95,29,71,81,41,30,47,92,17" hai3="18,112,133,34,113,98,66,27,14,35,99,54,100"/><W12/><G133/><T15/><D119/><U116/><E126/><V45/><F103/><W11/><G66/><N who="0" m="41175" /><D36/><U59/><E116/><V94/><F94/><W88/><G54/><T2/><D28/><U53/><E77/><V110/><F110/><W120/><G120/><T61/><D61/><U70/><E70/><V122/><F122/><W23/><G14/><T114/><D2/><U104/><E104/><V80/><F17/><W134/><G134/><T57/><D111/><U7/><E44/><V75/><F75/><W125/><G125/><T73/><D73/><U32/><E32/><V20/><F20/><W101/><G34/><T123/><D123/><U85/><E85/><V33/><F33/><W68/><G35/><T64/><D64/><U5/><E26/><V124/><F124/><W24/><G68/><T43/><D43/><U106/><E106/><V78/><F78/><W108/><G24/><T16/><D114/><U1/><E1/><V40/><F67/><W90/><G108/><T6/><D6/><AGARI ba="0,0" hai="5,6,7,13,19,21,46,49,53,58,59,79,82,84" machi="6" ten="40,1300,0" yaku="8,1" doraHai="65" who="1" fromWho="0" sc="160,-13,288,13,302,0,250,0" /><INIT seed="4,0,0,5,3,53" ten="147,301,302,250" oya="0" hai0="135,41,3,68,54,86,1,102,119,116,58,11,51" hai1="112,130,30,125,55,123,39,76,19,65,133,59,60" hai2="73,92,106,9,25,63,81,7,98,70,42,23,37" hai3="82,45,78,79,35,18,14,69,107,95,66,83,48"/><T118/><D135/><U91/><E123/><V80/><F106/><W61/><G107/><T77/><D68/><U57/><E39/><V71/><F42/><W29/><G95/><T10/><D102/><U40/><E133/><V120/><F37/><W8/><G29/><T32/><D32/><U105/><E105/><V75/><F120/><W128/><G35/><T100/><D100/><U49/><E130/><V67/><F71/><W74/><G128/><T93/><D41/><U96/><E40/><V33/><F73/><W62/><G66/><T47/><D47/><U26/><E125/><V134/><F75/><W114/><G69/><T84/><D77/><U121/><E121/><V21/><F23/><W110/><G110/><T103/><D103/><U46/><E76/><V43/><F43/><W17/><G17/><T85/><REACH who="0" step="1"/><D93/><REACH who="0" ten="137,301,302,250" step="2"/><N who="1" m="56383" /><E112/><V31/><F33/><W27/><G114/><T126/><D126/><U34/><E34/><V115/><F134/><W52/><G79/><T24/><D24/><U129/><E129/><V124/><F124/><W0/><G78/><T44/><D44/><U108/><E108/><V20/><F115/><W88/><G74/><T94/><D94/><U90/><E90/><V28/><F92/><W2/><G27/><T117/><N who="0" m="29696" /><DORA hai="56" /><T38/><D38/><U50/><E46/><V89/><F89/><W111/><G111/><T72/><D72/><U87/><E87/><V104/><F104/><W131/><G131/><T127/><D127/><U6/><E26/><N who="2" m="16455" /><F98/><W22/><G88/><T4/><D4/><U122/><E122/><V99/><F99/><RYUUKYOKU ba="0,1" sc="137,15,301,-15,302,15,250,-15" hai0="1,3,10,11,51,54,58,84,85,86" hai2="7,9,21,25,31,63,67,70,80,81" /><INIT seed="4,1,1,0,2,82" ten="152,286,317,235" oya="0" hai0="99,90,100,129,36,81,54,68,51,67,93,111,113" hai1="119,71,123,124,77,52,85,29,94,24,32,65,95" hai2="35,128,133,8,44,55,63,134,46,127,57,132,62" hai3="38,11,79,102,37,0,130,13,70,45,40,73,91"/><T48/><D113/><U31/><E119/><V118/><F35/><W122/><G130/><T58/><D129/><U66/><E123/><V19/><F128/><W20/><G122/><T28/><D36/><U12/><E124/><V27/><F118/><W106/><G70/><T117/><D117/><U50/><E31/><V43/><F127/><W92/><G20/><T39/><D39/><U76/><E12/><N who="2" m="7559" /><F43/><W112/><G37/><T56/><D111/><U78/><E71/><V22/><F63/><W59/><G59/><T7/><D7/><U60/><E60/><V53/><F53/><W107/><G102/><T4/><D4/><U15/><E15/><V96/><F96/><W41/><G41/><T109/><D109/><U33/><E33/><V86/><F86/><N who="3" m="52343" /><G13/><T25/><D68/><U121/><E121/><V120/><F120/><W89/><G89/><T125/><D125/><U101/><E101/><V108/><F108/><W17/><G17/><AGARI ba="1,1" hai="17,22,27,44,46,55,57,62,132,133,134" m="7559" machi="17" ten="30,1000,0" yaku="20,1" doraHai="82" who="2" fromWho="3" sc="152,0,286,0,317,23,235,-13" /><INIT seed="5,0,0,2,5,17" ten="152,286,340,222" oya="1" hai0="75,88,81,44,71,7,99,19,86,24,47,129,128" hai1="96,39,41,33,1,118,97,135,49,54,51,28,34" hai2="31,66,32,14,67,116,3,38,60,101,115,100,48" hai3="85,36,58,16,83,132,134,114,123,11,29,22,21"/><U52/><E118/><V106/><F3/><W125/><G123/><T69/><D75/><U76/><E1/><V73/><F73/><W4/><G36/><T120/><D120/><U95/><E76/><V9/><F38/><W82/><G114/><T13/><D7/><U127/><E39/><V79/><F79/><N who="3" m="46303" /><G83/><T72/><D72/><U131/><E41/><V112/><F116/><W45/><G45/><T18/><D18/><U109/><E109/><V105/><F31/><W90/><G29/><T78/><D24/><U119/><E119/><V113/><F32/><W126/><G90/><T57/><D57/><U98/><E28/><V94/><F48/><W8/><G58/><T59/><D59/><U87/><E95/><V30/><F30/><W124/><G4/><T103/><D78/><U89/><E89/><V92/><F60/><W5/><G5/><T27/><D27/><U15/><E34/><V77/><F77/><W84/><G84/><T64/><D47/><U50/><E87/><V80/><F80/><W12/><G11/><T20/><D44/><U25/><E33/><V53/><F115/><W2/><G2/><T107/><REACH who="0" step="1"/><D64/><REACH who="0" ten="142,286,340,222" step="2"/><U102/><E25/><V0/><F113/><W63/><G63/><T108/><D108/><U10/><E50/><V68/><F66/><W104/><G104/><T110/><D110/><U23/><E51/><V74/><F67/><W133/><AGARI ba="0,1" hai="8,12,16,21,22,124,125,126,132,133,134" m="46303" machi="133" ten="40,8000,1" yaku="18,1,20,1,52,2,54,1" doraHai="17" who="3" fromWho="3" sc="142,-20,286,-40,340,-20,222,90" /><INIT seed="6,0,0,3,2,34" ten="122,246,320,312" oya="2" hai0="24,72,43,16,128,100,132,4,54,22,126,0,106" hai1="7,75,70,97,124,47,111,94,121,117,98,86,89" hai2="1,122,84,66,83,133,79,90,68,26,41,48,88" hai3="49,45,29,35,81,99,17,46,30,33,37,2,96"/><V110/><F122/><W53/><G17/><T25/><D72/><U67/><E117/><V102/><F1/><W62/><G62/><T116/><D43/><U135/><E121/><V55/><F133/><W32/><G81/><T78/><D78/><U56/><E70/><V44/><F110/><W6/><G37/><T104/><D132/><U115/><E111/><V112/><F112/><W10/><REACH who="3" step="1"/><G46/><REACH who="3" ten="122,246,320,302" step="2"/><T12/><D128/><U103/><E47/><V52/><F68/><W127/><G127/><T14/><D126/><U15/><E124/><V120/><F66/><W23/><G23/><T57/><D116/><U3/><E67/><V95/><F120/><W93/><G93/><T107/><D100/><U105/><E94/><V21/><F102/><W69/><G69/><T28/><D57/><U130/><E56/><V73/><REACH who="2" step="1"/><F90/><REACH who="2" ten="122,246,310,302" step="2"/><W60/><G60/><T31/><D54/><U51/><E89/><V114/><F114/><W134/><G134/><T65/><D65/><U13/><E103/><V118/><F118/><W113/><G113/><T40/><D40/><U92/><E115/><V19/><AGARI ba="0,2" hai="19,21,26,41,44,48,52,55,73,79,83,84,88,95" machi="19" ten="20,12000,1" yaku="1,1,0,1,7,1,54,2,53,0" doraHai="34" doraHaiUra="71" who="2" fromWho="2" sc="122,-40,246,-40,310,140,302,-40" /><INIT seed="6,1,0,2,5,42" ten="82,206,450,262" oya="2" hai0="116,110,73,23,126,30,19,90,78,81,69,135,58" hai1="26,125,72,32,114,96,36,92,16,71,115,107,93" hai2="130,124,53,89,39,17,10,91,63,133,2,64,131" hai3="31,80,14,33,20,134,65,18,48,52,7,37,123"/><V86/><F39/><W128/><G123/><T99/><D135/><U101/><E72/><V118/><F118/><W25/><G134/><T46/><D126/><U102/><E71/><V0/><F133/><W119/><G128/><T51/><D110/><U28/><E125/><V87/><F53/><W70/><G37/><T12/><D69/><U15/><E36/><V108/><F17/><W13/><G119/><T120/><D120/><U47/><E47/><V5/><F0/><W77/><G65/><T74/><D116/><U1/><E1/><V4/><F5/><W22/><G70/><T3/><D3/><U56/><E56/><V88/><F108/><W113/><G113/><T66/><D30/><U44/><E44/><V75/><F75/><W105/><G105/><T68/><D68/><U127/><E127/><V6/><F6/><W79/><G33/><T121/><D121/><U67/><E67/><V59/><F124/><W76/><G7/><T57/><D73/><U122/><E122/><V60/><F63/><W45/><REACH who="3" step="1"/><G13/><REACH who="3" ten="82,206,450,252" step="2"/><T109/><D66/><U11/><REACH who="1" step="1"/><E102/><REACH who="1" ten="82,196,450,252" step="2"/><V61/><F131/><W9/><G9/><T83/><D109/><U106/><E106/><V117/><F130/><W100/><G100/><T62/><D62/><U97/><E97/><V34/><F117/><W94/><G94/><AGARI ba="1,2" hai="11,15,16,26,28,32,92,93,94,96,101,107,114,115" machi="94" ten="40,2600,0" yaku="1,1,54,1,53,0" doraHai="42" doraHaiUra="49" who="1" fromWho="3" sc="82,0,196,49,450,0,252,-29" /><INIT seed="7,0,0,3,0,28" ten="82,245,450,223" oya="3" hai0="118,7,18,119,131,85,102,80,8,115,63,26,66" hai1="15,27,71,10,101,52,33,45,61,112,88,72,105" hai2="48,19,113,22,69,43,76,129,108,110,74,29,109" hai3="96,23,126,11,65,135,73,124,134,14,91,41,55"/><W90/><G73/><T2/><D102/><U114/><E72/><V0/><F69/><W37/><G65/><T34/><D80/><U117/><E117/><V104/><F0/><W122/><G122/><T31/><D85/><U84/><E101/><V47/><F104/><W81/><G81/><T123/><D63/><U46/><E105/><V36/><F29/><W56/><G23/><T79/><D79/><U57/><E71/><V9/><F9/><W42/><G96/><T68/><D66/><U111/><E111/><V4/><F4/><N who="3" m="3431" /><G91/><T32/><D68/><U38/><E27/><V106/><F106/><W35/><G90/><T44/><D44/><U125/><E33/><N who="0" m="12905" /><D123/><U100/><E100/><V121/><F121/><W82/><G82/><T75/><D75/><U54/><E38/><V94/><F74/><W95/><G95/><T50/><D50/><U132/><E84/><V13/><F94/><W17/><G37/><T120/><D120/><U5/><E88/><V128/><F36/><W30/><G42/><T64/><D64/><U99/><E99/><V60/><F76/><W58/><G41/><T24/><D115/><U67/><E114/><V78/><F78/><W127/><G55/><T21/><D131/><N who="2" m="50250" /><F113/><W53/><G53/><T116/><D116/><U40/><E54/><V3/><F60/><W87/><G87/><T51/><D51/><U89/><E112/><V1/><AGARI ba="0,0" hai="1,3,13,19,22,43,47,48,108,109,110" m="50250" machi="1" ten="40,1500,0" yaku="19,1" doraHai="28" who="2" fromWho="2" sc="82,-4,245,-4,450,15,223,-7" owari="78,-42.2,241,4.1,465,56.5,216,-18.4" /></mjloggm>