<mjloggm ver="2.3"><GO type="169" lobby="0"/><UN n0="%E3%82%AB%E3%83%A9%E6%9D%BE" n1="%E3%82%BF%E3%82%A4%E4%BA%BA%EF%BC%A0%E3%83%90%E3%83%B3%E3%82%B3%E3%82%AF" n2="%6E%69%63%6F%6E%74%6F" n3="%E5%B0%8F%E8%B1%86%E6%A2%93" dan="17,16,16,17" rate="2185.92,2128.23,2144.41,2200.59" sx="M,M,M,F"/><TAIKYOKU oya="0"/><INIT seed="0,0,0,0,3,74" ten="250,250,250,250" oya="0" hai0="94,20,40,23,67,8,64,48,4,124,49,27,113" hai1="134,128,54,33,82,73,69,56,55,120,41,16,5" hai2="83,80,126,57,114,30,133,100,24,104,60,45,35" hai3="38,66,96,102,125,65,11,58,10,108,46,110,91"/><T63/><D113/><U25/><E120/><V97/><F114/><W117/><G117/><T99/><D124/><U127/><E69/><V121/><F121/><W31/><G31/><T112/><D112/><U103/><E127/><V93/><F126/><W132/><G125/><T53/><D23/><U32/><E5/><V129/><F129/><W37/><G91/><T70/><D40/><U106/><E41/><V12/><F133/><W44/><G58/><T52/><D64/><N who="3" m="24681" /><G96/><T62/><D62/><U71/><E71/><V122/><F122/><W77/><G102/><T92/><D49/><U107/><E103/><V22/><F45/><N who="3" m="17515" /><G77/><T86/><D86/><U59/><E56/><V19/><F104/><W42/><G42/><T39/><D39/><N who="3" m="14857" /><G132/><T75/><D75/><U130/><E134/><V26/><F26/><W105/><G105/><T51/><D51/><U68/><E59/><V123/><F123/><W34/><G34/><T17/><D48/><U50/><E50/><V87/><F87/><W115/><G115/><T101/><REACH who="0" step="1"/><D94/><REACH who="0" ten="240,250,250,250" step="2"/><U84/><E84/><V72/><F72/><W9/><AGARI ba="0,1" hai="9,10,11,108,110" m="14857,17515,24681" machi="9" ten="40,2700,0" yaku="28,2" doraHai="74" who="3" fromWho="3" sc="240,-13,250,-7,250,-7,250,37" /><INIT seed="1,0,0,4,0,27" ten="227,243,243,287" oya="1" hai0="94,2,104,108,51,125,59,120,32,96,100,91,130" hai1="41,129,109,118,63,117,97,69,56,20,38,54,57" hai2="55,47,40,112,5,66,37,127,24,18,78,135,10" hai3="58,93,101,131,46,133,83,42,80,119,17,0,8"/><U124/><E124/><V114/><F127/><W84/><G131/><T45/><D125/><U3/><E3/><V74/><F135/><W110/><G110/><T122/><D108/><U79/><E109/><V64/><F55/><W62/><G133/><T33/><D130/><U99/><E129/><V111/><F111/><W60/><G119/><T14/><D2/><U81/><E69/><V67/><F18/><W29/><G0/><T52/><D14/><U28/><E118/><V21/><F21/><W85/><G93/><T48/><D120/><U87/><E117/><V53/><F53/><W115/><G101/><T106/><D122/><U103/><E103/><V73/><F24/><W31/><G115/><N who="2" m="44073" /><F78/><N who="3" m="46103" /><G46/><T98/><REACH who="0" step="1"/><D106/><REACH who="0" ten="217,243,243,287" step="2"/><U116/><E116/><V1/><AGARI ba="0,1" hai="1,5,10,37,40,47,64,66,67,73,74" m="44073" machi="1" ten="30,1100,0" yaku="11,1" doraHai="27" who="2" fromWho="2" sc="217,-3,243,-5,243,21,287,-3" /><INIT seed="2,0,0,1,5,128" ten="214,238,264,284" oya="2" hai0="23,76,51,82,3,11,110,87,100,111,12,33,86" hai1="117,15,122,120,27,95,85,47,109,101,21,48,107" hai2="78,112,60,40,56,98,114,2,81,108,71,18,32" hai3="19,54,116,134,65,69,130,113,97,13,84,105,121"/><V72/><F2/><W133/><G116/><T106/><D33/><U43/><E117/><V118/><F118/><W38/><G121/><N who="1" m="46698" /><E109/><N who="0" m="41481" /><D3/><U25/><E107/><V20/><F108/><W75/><G75/><N who="0" m="43295" /><D23/><U103/><E15/><V50/><F32/><W57/><G130/><T7/><D51/><U14/><E14/><V29/><F29/><W67/><G38/><T135/><D135/><N who="3" m="51721" /><G105/><T74/><D74/><U83/><E95/><V79/><F71/><W46/><G46/><T4/><D4/><U44/><E44/><V42/><F72/><W70/><G113/><T125/><D125/><U55/><E43/><V132/><F42/><W66/><G84/><T31/><D31/><N who="1" m="17839" /><E27/><V1/><F40/><W96/><G70/><T34/><D34/><U52/><E55/><V26/><F132/><W126/><G69/><T77/><D77/><AGARI ba="0,0" hai="47,48,52,77,83,85,101,103" m="17839,46698" machi="77" ten="30,2000,0" yaku="13,1,54,1" doraHai="128" who="1" fromWho="0" sc="214,-20,238,20,264,0,284,0" /><INIT seed="3,0,0,4,0,91" ten="194,258,264,284" oya="3" hai0="97,132,31,32,45,61,81,58,57,113,34,74,66" hai1="71,114,73,47,63,6,2,19,70,123,48,79,37" hai2="130,64,131,110,82,96,95,56,50,7,22,125,46" hai3="30,120,49,128,14,39,104,135,40,134,36,0,80"/><W108/><G120/><T112/><D132/><N who="3" m="50729" /><G0/><T133/><D133/><U85/><E123/><V92/><F110/><W8/><G104/><T89/><D45/><U35/><E85/><V94/><F125/><W90/><G128/><N who="2" m="49193" /><F7/><W15/><G30/><T105/><D57/><U116/><E19/><V99/><F82/><W13/><G8/><T103/><D31/><U17/><E17/><V117/><F117/><W102/><G102/><T76/><REACH who="0" step="1"/><D89/><REACH who="0" ten="184,258,264,284" step="2"/><U5/><E70/><V16/><F64/><W60/><G108/><T41/><D41/><U115/><E71/><V54/><F56/><W122/><G122/><T25/><D25/><AGARI ba="0,1" hai="16,22,25,46,50,54,92,94,95,96,99" m="49193" machi="25" ten="30,8000,1" yaku="19,1,52,3,54,1" doraHai="91" who="2" fromWho="0" sc="184,-80,258,0,264,90,284,0" /><INIT seed="4,0,0,2,0,65" ten="104,258,354,284" oya="0" hai0="41,86,19,21,28,81,10,122,25,110,91,76,115" hai1="90,50,100,75,16,17,47,14,46,8,13,57,70" hai2="79,29,0,49,15,85,1,2,113,74,72,111,32" hai3="114,129,35,117,63,54,56,39,131,104,69,96,71"/><T9/><D122/><U126/><E75/><V118/><F118/><W135/><G117/><T68/><D115/><U84/><E126/><V26/><F113/><W109/><G109/><T11/><D110/><U31/><E70/><V42/><F111/><W120/><G120/><T116/><D116/><U51/><E31/><V3/><F15/><W134/><G35/><T33/><D41/><U40/><E100/><V64/><F85/><W6/><G114/><T73/><D68/><N who="3" m="26185" /><G39/><T101/><D101/><U61/><E61/><V127/><F64/><W18/><G6/><T133/><D133/><N who="3" m="50697" /><G18/><T30/><REACH who="0" step="1"/><D33/><REACH who="0" ten="94,258,354,284" step="2"/><U78/><E40/><V92/><F42/><W107/><G107/><T77/><D77/><U59/><E78/><V94/><F79/><W93/><G104/><T60/><D60/><U44/><E90/><AGARI ba="0,1" hai="54,56,63,90,93,96,129,131" m="50697,26185" machi="90" ten="30,7700,0" yaku="20,1,52,3" doraHai="65" who="3" fromWho="1" sc="94,0,258,-77,354,0,284,87" /><INIT seed="5,0,0,2,3,70" ten="94,181,354,371" oya="1" hai0="98,16,111,89,62,1,79,43,47,7,118,54,30" hai1="36,0,108,32,52,106,117,81,28,123,85,78,42" hai2="12,130,35,71,92,65,100,49,125,122,59,4,84" hai3="126,6,91,113,115,110,57,33,120,86,31,124,17"/><U67/><E117/><V97/><F122/><W135/><G6/><T25/><D118/><U13/><E0/><V131/><F35/><W72/><G72/><T29/><D111/><U74/><E106/><V22/><F125/><N who="3" m="48235" /><G110/><T102/><D79/><U50/><E123/><V94/><F71/><W66/><G120/><T63/><D1/><U104/><E104/><V8/><F22/><W129/><G129/><T20/><D7/><U55/><E67/><V15/><F15/><W51/><G17/><T56/><D63/><U119/><E119/><V38/><F38/><W96/><G96/><T40/><D40/><U2/><E2/><V53/><F65/><W21/><G21/><T77/><D77/><U88/><E13/><V5/><F5/><W128/><G128/><N who="2" m="49193" /><F84/><W134/><G31/><T93/><REACH who="0" step="1"/><D102/><REACH who="0" ten="84,181,354,371" step="2"/><U99/><E108/><V34/><F34/><W90/><G33/><T26/><D26/><U27/><E74/><V80/><F80/><W133/><G133/><T18/><D18/><U39/><E42/><V41/><F41/><W24/><G24/><T112/><D112/><U76/><E76/><V60/><F60/><N who="3" m="38159" /><G135/><T69/><D69/><U48/><E78/><V46/><F100/><W116/><G116/><T127/><D127/><U109/><E109/><V58/><F4/><W64/><G134/><T14/><D14/><U44/><E99/><V75/><F97/><W95/><G115/><T3/><D3/><U105/><E105/><V82/><F12/><W103/><G103/><T73/><D73/><U87/><E87/><V23/><F75/><W9/><G86/><RYUUKYOKU ba="0,1" sc="84,15,181,15,354,-15,371,-15" hai0="16,20,25,29,30,43,47,54,56,62,89,93,98" hai1="27,28,32,36,39,44,48,50,52,55,81,85,88" /><INIT seed="5,1,1,2,2,90" ten="99,196,339,356" oya="1" hai0="101,3,91,50,61,103,42,35,95,129,114,72,132" hai1="0,58,98,74,106,60,117,11,71,52,80,113,5" hai2="125,124,43,40,25,118,99,55,131,123,109,17,127" hai3="51,88,1,8,15,73,46,77,13,16,115,27,22"/><U100/><E117/><V20/><F118/><W78/><G115/><T85/><D114/><U2/><E113/><V31/><F123/><W81/><G1/><T65/><D3/><U130/><E130/><V59/><F109/><W57/><G57/><T97/><D129/><U120/><E120/><V94/><F31/><W23/><G23/><T93/><D35/><U21/><E71/><V4/><F4/><W41/><G15/><T111/><D111/><U86/><E74/><V135/><F135/><W87/><G73/><T66/><D72/><U32/><E32/><V108/><F108/><W68/><G68/><T39/><D39/><U10/><E21/><V18/><F18/><AGARI ba="1,1" hai="8,13,16,18,22,27,41,46,51,77,78,81,87,88" machi="18" ten="30,7700,0" yaku="7,1,8,1,54,2" doraHai="90" who="3" fromWho="2" sc="99,0,196,0,339,-80,356,90" /><INIT seed="6,0,0,1,5,65" ten="99,196,259,446" oya="2" hai0="51,120,52,5,114,24,89,107,21,25,11,48,74" hai1="85,12,129,14,68,53,19,32,61,81,18,39,102" hai2="56,90,27,108,88,57,135,84,118,80,103,77,38" hai3="64,60,73,95,7,16,58,86,45,55,98,34,1"/><V105/><F118/><W47/><G73/><T9/><D120/><U63/><E32/><V97/><F38/><W82/><G34/><T126/><D74/><U70/><E39/><V37/><F37/><W128/><G128/><T127/><D107/><U26/><E102/><V67/><F135/><W96/><G96/><T2/><D114/><U116/><E26/><V93/><F108/><W46/><G1/><T101/><D101/><U23/><E129/><V91/><F67/><W100/><G7/><T94/><D11/><U40/><E40/><V123/><F123/><W75/><G16/><T115/><D115/><U133/><E133/><V31/><REACH who="2" step="1"/><F105/><REACH who="2" ten="99,196,249,446" step="2"/><W29/><G64/><T125/><D21/><AGARI ba="0,1" hai="21,27,31,56,57,77,80,84,88,90,91,93,97,103" machi="21" ten="40,12000,1" yaku="1,1,2,1,8,1,54,1,53,0" doraHai="65" doraHaiUra="15" who="2" fromWho="0" sc="99,-120,196,0,249,130,446,0" owari="-21,-52.1,196,-20.4,379,17.9,446,54.6" /></mjloggm>