<mjloggm ver="2.3"><GO type="169" lobby="0"/><UN n0="%64%6F%6F%6F%6F%77%79%31" n1="%E7%8F%BE%E5%A0%B4%E3%81%AD%E3%81%93" n2="%E3%81%9F%E3%81%AA%E3%81%8B%E6%95%99%E7%A5%96" n3="%62%73%64%5F%33" dan="16,16,17,17" rate="2172.79,2083.66,2163.23,2160.57" sx="M,M,M,F"/><TAIKYOKU oya="0"/><INIT seed="0,0,0,4,0,133" ten="250,250,250,250" oya="0" hai0="129,13,105,82,47,3,103,33,78,1,93,32,61" hai1="132,97,52,127,48,36,111,100,51,85,83,29,57" hai2="110,15,22,67,125,131,41,4,115,101,89,25,26" hai3="28,98,20,63,118,45,128,99,114,30,58,2,19"/><T27/><D129/><U44/><E111/><V84/><F110/><W77/><G114/><T55/><D105/><U94/><E132/><V79/><F115/><W40/><G118/><T24/><D13/><U8/><E36/><V14/><F131/><W68/><G2/><T130/><D130/><U104/><E127/><V76/><F101/><W134/><G68/><T112/><D112/><U109/><E109/><V116/><F116/><W35/><G77/><N who="2" m="29769" /><F125/><W65/><G134/><T54/><D103/><U9/><E29/><N who="3" m="11370" /><G35/><T72/><D93/><U107/><E107/><V18/><F67/><W73/><G73/><T12/><D12/><U92/><E92/><N who="2" m="54311" /><F41/><W90/><G90/><T42/><D1/><U5/><E104/><V71/><F71/><W43/><G128/><T59/><D54/><N who="1" m="29959" /><E5/><V39/><F39/><W117/><G117/><T37/><REACH who="0" step="1"/><D3/><REACH who="0" ten="240,250,250,250" step="2"/><U46/><E8/><AGARI ba="0,1" hai="4,8,14,15,18,22,25,26" m="54311,29769" machi="8" ten="30,1000,0" yaku="8,1" doraHai="133" who="2" fromWho="1" sc="240,0,250,-10,250,20,250,0" /><INIT seed="1,0,0,2,2,26" ten="240,240,270,250" oya="1" hai0="40,89,14,19,71,75,105,70,63,82,42,50,31" hai1="33,65,130,44,59,125,27,24,32,110,46,2,135" hai2="118,112,7,56,77,109,96,37,83,10,114,48,100" hai3="25,124,126,12,123,62,52,15,128,107,108,21,5"/><U68/><E68/><V0/><F118/><W92/><G107/><T16/><D105/><U22/><E2/><V60/><F37/><W55/><G123/><T53/><D31/><U6/><E6/><V69/><F109/><W66/><G108/><T74/><D89/><U45/><E110/><V94/><F48/><W73/><G73/><T97/><D97/><U85/><E27/><V4/><F4/><W9/><G15/><T98/><D98/><U116/><E116/><V103/><F103/><W93/><G128/><T76/><D75/><U61/><E130/><V72/><REACH who="2" step="1"/><F69/><REACH who="2" ten="240,240,260,250" step="2"/><W104/><G126/><T39/><D70/><U67/><E125/><V91/><F91/><W134/><G124/><T64/><D39/><U95/><E135/><V119/><F119/><W20/><G134/><T122/><D122/><U51/><E51/><V88/><F88/><W79/><G79/><T99/><D99/><U101/><E101/><V1/><F1/><W28/><G104/><T41/><REACH who="0" step="1"/><D14/><REACH who="0" ten="230,240,260,250" step="2"/><U34/><E95/><V29/><F29/><W120/><G120/><T30/><D30/><U84/><E84/><V23/><F23/><W87/><G21/><T111/><D111/><U80/><E85/><V49/><F49/><W113/><G87/><T8/><D8/><U35/><N who="1" m="8192" /><DORA hai="90" /><U115/><E115/><V58/><F58/><AGARI ba="0,2" hai="16,19,40,41,42,50,53,58,63,64,71,74,76,82" machi="58" ten="40,2600,0" yaku="1,1,54,1,53,0" doraHai="26,90" doraHaiUra="86,121" who="0" fromWho="2" sc="230,46,240,0,260,-26,250,0" /><INIT seed="2,0,0,5,5,133" ten="276,240,234,250" oya="2" hai0="67,31,51,105,121,58,118,104,23,99,109,111,6" hai1="90,112,20,45,103,61,116,81,113,108,135,46,62" hai2="41,7,71,72,74,93,89,12,4,91,98,48,96" hai3="120,130,132,92,75,83,134,128,115,17,88,110,54"/><V37/><F37/><W52/><G120/><T29/><D121/><U55/><E116/><V73/><F71/><W129/><G17/><T126/><D118/><U40/><E103/><V59/><F12/><W10/><G10/><T79/><D79/><U49/><E108/><N who="0" m="41545" /><D6/><U107/><E107/><N who="0" m="41033" /><D99/><U24/><E135/><N who="3" m="51754" /><G115/><T38/><D38/><U15/><E15/><V66/><F66/><W64/><G64/><T50/><D126/><U44/><E112/><V60/><F60/><N who="1" m="23145" /><E40/><V102/><F102/><W13/><G13/><T57/><D67/><U16/><E113/><V5/><F41/><W100/><G100/><T87/><D87/><AGARI ba="0,0" hai="16,20,24,44,45,46,49,55,81,87,90" m="23145" machi="87" ten="30,2000,0" yaku="8,1,54,1" doraHai="133" who="1" fromWho="0" sc="276,-20,240,20,234,0,250,0" /><INIT seed="3,0,0,3,1,0" ten="256,260,234,250" oya="3" hai0="73,117,134,47,22,20,102,75,66,96,94,60,51" hai1="119,113,123,8,17,103,100,97,56,107,132,46,74" hai2="111,9,81,83,39,62,23,11,77,12,127,44,99" hai3="89,28,37,135,42,38,61,68,14,13,112,18,122"/><W129/><G112/><T110/><D117/><U29/><E123/><V7/><F111/><W76/><G122/><T58/><D110/><U31/><E113/><V45/><F127/><W72/><G28/><T24/><D134/><U50/><E74/><V57/><F39/><W98/><G13/><T116/><D116/><U53/><E132/><V124/><F124/><W26/><G26/><T78/><D78/><U90/><E103/><V35/><F35/><W32/><G32/><T126/><D126/><U19/><E90/><V52/><F23/><W93/><G42/><T33/><D33/><U88/><E19/><V15/><F99/><W30/><G30/><T27/><D27/><U16/><E17/><V55/><F55/><W82/><G129/><T109/><D20/><U5/><E16/><N who="2" m="8207" /><F77/><W91/><G135/><T108/><D108/><U125/><E125/><V84/><F84/><W79/><G79/><T10/><D10/><U59/><E59/><V34/><F34/><W115/><G115/><T133/><D133/><U71/><E71/><V106/><F106/><W54/><G89/><T3/><D3/><U95/><E56/><V6/><F6/><W1/><G1/><T43/><REACH who="0" step="1"/><D109/><REACH who="0" ten="246,260,234,250" step="2"/><U101/><E119/><V65/><F65/><N who="3" m="41007" /><G54/><T114/><D114/><U25/><E25/><V48/><F62/><W85/><G72/><T70/><D70/><U36/><E36/><V118/><F118/><W67/><G67/><T4/><D4/><U63/><E63/><V105/><F105/><W86/><G98/><T69/><D69/><U104/><E104/><V130/><F130/><RYUUKYOKU ba="0,1" sc="246,10,260,-30,234,10,250,10" hai0="22,24,43,47,51,58,60,66,73,75,94,96,102" hai2="7,11,15,44,45,48,52,57,81,83" hai3="14,18,37,38,76,82,85,86,91,93" /><INIT seed="3,1,1,2,1,71" ten="256,230,244,260" oya="3" hai0="106,25,103,12,4,46,98,115,134,39,53,126,94" hai1="0,74,68,27,13,58,8,76,3,86,45,32,49" hai2="66,83,73,5,89,41,78,57,114,104,91,16,61" hai3="132,38,122,107,80,77,42,135,128,48,116,119,60"/><W1/><G122/><T70/><D126/><U36/><E68/><V18/><F114/><W118/><G107/><T93/><D115/><U65/><E32/><V87/><F104/><W34/><G34/><T15/><D70/><U72/><E27/><V14/><F41/><W95/><G1/><T123/><D123/><U120/><E3/><V111/><F111/><W117/><G95/><T9/><D134/><N who="3" m="51241" /><G48/><T55/><D25/><U125/><E0/><V113/><F113/><W50/><G50/><T97/><D15/><U101/><E101/><V67/><F67/><W129/><G60/><T47/><D106/><U84/><E84/><V109/><F109/><W26/><G26/><T127/><D127/><U29/><E29/><V20/><F5/><W54/><G54/><N who="0" m="20491" /><D39/><U75/><E36/><V88/><REACH who="2" step="1"/><F18/><REACH who="2" ten="256,230,234,260" step="2"/><W90/><G118/><T110/><D110/><U69/><E125/><V133/><F133/><W40/><G40/><T10/><D10/><U11/><E11/><V96/><F96/><W17/><G17/><T62/><D62/><U44/><E120/><V30/><F30/><W56/><G42/><T112/><D112/><U105/><E105/><V31/><F31/><W131/><G119/><T85/><D85/><AGARI ba="1,2" hai="14,16,20,57,61,66,73,78,83,85,87,88,89,91" machi="85" ten="40,5200,0" yaku="1,1,54,2,53,0" doraHai="71" doraHaiUra="121" who="2" fromWho="0" sc="256,-55,230,0,234,75,260,0" /><INIT seed="4,0,0,3,3,63" ten="201,230,309,260" oya="0" hai0="62,96,59,1,102,117,48,33,22,134,132,6,2" hai1="35,64,111,77,55,122,95,114,39,26,10,49,54" hai2="74,66,37,58,92,93,11,27,109,91,126,116,71" hai3="108,115,61,86,99,123,85,113,12,106,53,94,5"/><T9/><D33/><U16/><E122/><V98/><F109/><W75/><G108/><T69/><D117/><U101/><E39/><V42/><F74/><W79/><G5/><T97/><D1/><U15/><E111/><V41/><F71/><W28/><G28/><T44/><D22/><U34/><E77/><V23/><F126/><W50/><G123/><T103/><D69/><U121/><E121/><V107/><F107/><W19/><G106/><T43/><D97/><U57/><E64/><V51/><F37/><W7/><G61/><T32/><D32/><U30/><E114/><N who="3" m="43530" /><G7/><T29/><D29/><U81/><E81/><V0/><F116/><W89/><G79/><T127/><D127/><U118/><E118/><V112/><F112/><W56/><G75/><T67/><REACH who="0" step="1"/><D96/><REACH who="0" ten="191,230,309,260" step="2"/><U73/><E35/><V119/><F119/><W124/><G124/><T87/><D87/><U105/><E73/><V70/><F70/><W46/><G86/><T120/><D120/><U21/><E34/><V82/><F0/><W31/><G31/><T135/><AGARI ba="0,1" hai="2,6,9,43,44,48,59,62,67,102,103,132,134,135" machi="135" ten="30,11700,0" yaku="1,1,0,1,20,1,52,1,53,0" doraHai="63" doraHaiUra="68" who="0" fromWho="0" sc="191,127,230,-39,309,-39,260,-39" /><INIT seed="4,1,0,5,3,16" ten="318,191,270,221" oya="0" hai0="83,121,91,22,12,41,52,33,29,60,10,117,124" hai1="44,6,11,47,42,14,96,67,46,81,102,54,109" hai2="103,123,3,69,112,90,89,113,79,27,64,77,76" hai3="126,122,71,97,119,19,78,107,130,4,26,101,135"/><T110/><D117/><U39/><E109/><V45/><F3/><W37/><G119/><T99/><D121/><U62/><E81/><V50/><F123/><W58/><G71/><T51/><D33/><U35/><E35/><V17/><F103/><W36/><G122/><T2/><D110/><U30/><E30/><V72/><F72/><W82/><G135/><T7/><D124/><U5/><E5/><V68/><F64/><W40/><G130/><T28/><D41/><U53/><E44/><V38/><F38/><W20/><G126/><T48/><D2/><U1/><E47/><V0/><F0/><W75/><G40/><T15/><D60/><U74/><E74/><V34/><F68/><W80/><G4/><T128/><D51/><U85/><E85/><V66/><F66/><W132/><G132/><T131/><D131/><U115/><E115/><N who="2" m="44107" /><F69/><W93/><G80/><T95/><D83/><U25/><E25/><V98/><F98/><W57/><REACH who="3" step="1"/><G107/><REACH who="3" ten="318,191,270,211" step="2"/><T43/><D43/><U94/><E1/><V59/><F77/><W120/><G120/><T31/><D128/><U106/><E106/><V92/><F76/><W100/><G100/><T24/><D12/><U49/><REACH who="1" step="1"/><E39/><AGARI ba="1,1" hai="19,20,26,36,37,39,57,58,75,78,82,93,97,101" machi="39" ten="40,5200,0" yaku="1,1,52,1,53,1" doraHai="16" doraHaiUra="105" who="3" fromWho="1" sc="318,0,191,-55,270,0,211,65" /><INIT seed="5,0,0,2,1,4" ten="318,136,270,276" oya="1" hai0="19,102,72,50,84,53,106,59,85,48,22,111,33" hai1="76,94,121,124,7,45,87,34,5,18,55,79,104" hai2="127,98,69,15,66,100,58,9,107,112,65,64,108" hai3="103,71,91,32,14,8,93,128,129,47,17,40,77"/><U27/><E121/><V25/><F108/><W95/><G71/><T43/><D33/><U36/><E104/><V99/><F127/><W126/><G126/><T96/><D72/><U12/><E124/><V41/><F69/><W49/><G32/><T68/><D68/><U54/><E34/><V133/><F133/><W116/><G116/><T23/><D111/><U24/><E36/><V26/><F41/><W35/><G35/><T122/><D122/><U63/><E5/><V61/><F112/><W101/><G77/><N who="1" m="29770" /><E7/><V20/><F98/><W118/><G118/><T134/><D134/><U2/><E2/><V39/><F39/><W16/><G17/><T21/><REACH who="0" step="1"/><D19/><REACH who="0" ten="308,136,270,276" step="2"/><U110/><E110/><V125/><F125/><W10/><G129/><T123/><D123/><U74/><E74/><V56/><F66/><W90/><G128/><T42/><D42/><U86/><E54/><V62/><F20/><W135/><G135/><T70/><D70/><U60/><E60/><V0/><F0/><W97/><G8/><T109/><D109/><U38/><E63/><V117/><F117/><W113/><G113/><T89/><D89/><N who="1" m="53559" /><E55/><V44/><F62/><W52/><G52/><T92/><D92/><U6/><E6/><V1/><F61/><W81/><G81/><T51/><D51/><U67/><E67/><V31/><F64/><W3/><G3/><T80/><D80/><U75/><E75/><V82/><F65/><W11/><G11/><T29/><D29/><U78/><N who="1" m="29778" /><U57/><DORA hai="83" /><E38/><V37/><F37/><W120/><G120/><T73/><D73/><RYUUKYOKU ba="0,1" sc="308,15,136,-15,270,-15,276,15" hai0="21,22,23,43,48,50,53,59,84,85,96,102,106" hai3="10,14,16,40,47,49,90,91,93,95,97,101,103" /><INIT seed="6,1,1,5,1,64" ten="323,121,255,291" oya="2" hai0="77,68,97,127,106,117,49,115,98,51,29,14,126" hai1="6,118,65,119,108,76,111,21,30,46,4,69,53" hai2="13,20,94,52,91,23,85,67,89,90,55,95,50" hai3="128,19,17,56,54,27,3,12,2,132,32,75,93"/><V34/><F34/><W28/><G75/><T44/><D68/><U83/><E6/><V31/><F67/><W15/><G132/><T41/><D115/><U121/><E4/><V63/><F63/><W123/><G93/><T33/><D117/><U35/><E21/><V131/><F131/><W103/><G103/><T48/><D77/><U37/><E30/><V92/><F85/><W79/><G79/><T107/><D14/><N who="3" m="5161" /><G54/><N who="2" m="20521" /><F50/><W0/><G56/><T133/><D133/><U116/><E35/><V36/><F36/><W16/><G128/><T110/><D98/><U57/><E121/><AGARI ba="1,1" hai="0,2,3,16,17,19,27,28,32,121,123" m="5161" machi="121" ten="40,5200,0" yaku="34,2,54,1" doraHai="64" who="3" fromWho="1" sc="323,0,121,-55,255,0,291,65" /><INIT seed="7,0,0,3,4,106" ten="323,66,255,356" oya="3" hai0="81,17,16,27,97,22,131,30,8,55,38,74,57" hai1="128,10,115,104,13,120,108,24,122,118,58,87,100" hai2="47,96,60,124,67,32,19,20,95,18,4,114,65" hai3="71,35,9,92,134,90,89,111,94,46,34,77,48"/><W82/><G71/><T2/><D38/><U51/><E58/><V44/><F114/><W59/><G134/><T119/><D119/><U132/><E51/><V3/><F124/><W73/><G111/><T62/><D131/><U26/><E87/><V50/><F32/><W129/><G9/><T102/><D8/><U112/><E100/><V75/><F3/><W103/><G103/><T123/><D2/><U5/><E104/><V23/><F4/><W80/><G80/><T52/><D55/><U61/><E61/><V49/><F60/><W7/><G7/><T68/><D68/><U14/><E108/><V113/><F113/><W70/><G59/><T110/><D123/><U126/><E5/><V127/><F127/><W76/><G129/><T91/><D110/><U85/><E85/><V53/><F95/><W133/><G133/><T45/><D45/><U0/><E10/><V121/><F96/><N who="3" m="57359" /><G77/><T109/><D109/><U15/><E15/><V79/><F79/><W69/><G69/><T88/><D74/><U12/><E12/><V36/><F36/><W130/><G70/><T56/><D56/><U72/><E0/><V42/><F121/><W84/><G130/><T6/><D6/><U1/><E1/><V66/><F66/><W11/><G11/><T86/><D91/><U117/><E128/><V54/><REACH who="2" step="1"/><F75/><REACH who="2" ten="323,66,245,356" step="2"/><W29/><G35/><T125/><D125/><U40/><E126/><V101/><F101/><W43/><G34/><T116/><D116/><U39/><E39/><V21/><F21/><W28/><G76/><T135/><D135/><U63/><E132/><RYUUKYOKU ba="0,1" sc="323,10,66,-30,245,10,356,10" hai0="16,17,22,27,30,52,57,62,81,86,88,97,102" hai2="18,19,20,23,42,44,47,49,50,53,54,65,67" hai3="28,29,43,46,48,73,82,84,90,94" owari="333,13.3,36,-46.4,255,-14.5,376,47.6" /></mjloggm>