<mjloggm ver="2.3"><GO type="169" lobby="0"/><UN n0="%E6%84%9A%E5%85%84%E3%81%8C%E6%84%9A%E5%BD%A2" n1="%53%6F%6C%69%64" n2="%52%59%4F%40%53%53" n3="%E6%8E%A2%39" dan="18,17,17,17" rate="2228.49,2175.92,2154.59,2175.83" sx="M,M,M,M"/><TAIKYOKU oya="0"/><INIT seed="0,0,0,5,1,93" ten="250,250,250,250" oya="0" hai0="87,125,74,133,12,34,73,115,36,134,19,59,18" hai1="10,46,98,27,114,8,101,37,127,131,64,3,47" hai2="4,61,53,62,112,14,33,32,67,123,39,63,29" hai3="15,91,89,79,60,55,120,86,42,24,82,77,48"/><T110/><D115/><U130/><E114/><V76/><F112/><W95/><G120/><T16/><D36/><U26/><E127/><V84/><F39/><W6/><G24/><N who="1" m="9258" /><E64/><V25/><F123/><W38/><G60/><T100/><D34/><U11/><E3/><V45/><F33/><W50/><G38/><T119/><D119/><U105/><E37/><V40/><F40/><W68/><G68/><T13/><D125/><U113/><E113/><V80/><F45/><N who="3" m="25655" /><G15/><N who="0" m="5707" /><D59/><U2/><E2/><V81/><F81/><W83/><G6/><T65/><D65/><U108/><E108/><V102/><F53/><W124/><G124/><T128/><D87/><U66/><E66/><V52/><F52/><W103/><G103/><T99/><D110/><U94/><E105/><V69/><REACH who="2" step="1"/><F102/><REACH who="2" ten="250,250,240,250" step="2"/><W20/><G82/><T97/><D100/><U22/><E22/><V96/><F96/><N who="0" m="36938" /><D128/><AGARI ba="0,1" hai="8,10,11,46,47,94,98,101,128,130,131" m="9258" machi="128" ten="30,2000,0" yaku="19,1,52,1" doraHai="93" who="1" fromWho="0" sc="250,-20,250,30,240,0,250,0" /><INIT seed="1,0,0,2,2,79" ten="230,280,240,250" oya="1" hai0="9,86,73,127,112,37,61,131,39,48,12,70,83" hai1="58,107,101,22,54,113,92,93,75,78,19,76,60" hai2="69,14,117,41,51,118,84,46,35,77,89,91,85" hai3="53,33,111,65,17,32,71,8,18,23,132,124,98"/><U42/><E113/><V64/><F35/><W55/><G98/><T123/><D112/><U110/><E110/><V109/><F109/><W100/><G100/><T5/><D73/><U94/><E42/><V36/><F77/><W67/><G23/><T87/><D131/><U45/><E45/><V97/><F97/><W44/><G44/><T129/><D129/><U135/><E135/><V106/><F106/><W6/><G8/><T11/><D127/><U4/><E4/><V40/><F40/><W128/><G6/><T7/><D87/><U103/><E107/><V80/><F51/><W28/><G28/><T16/><D48/><U63/><E78/><V49/><F49/><W34/><G34/><T56/><D70/><U27/><REACH who="1" step="1"/><E60/><REACH who="1" ten="230,270,240,250" step="2"/><V74/><F46/><W38/><G132/><T90/><D7/><U31/><E31/><V104/><F104/><W0/><G111/><T10/><D123/><U133/><E133/><V81/><F41/><W119/><G128/><T1/><REACH who="0" step="1"/><D11/><REACH who="0" ten="220,270,240,250" step="2"/><U68/><E68/><V114/><F69/><W24/><G71/><T121/><D121/><U2/><E2/><V47/><F114/><W82/><G0/><T25/><D25/><U134/><E134/><V52/><F118/><W96/><G24/><T15/><D15/><U99/><E99/><V116/><F14/><W115/><G96/><T50/><D50/><U30/><E30/><V125/><F117/><W126/><G119/><T88/><D88/><U108/><E108/><V66/><F91/><W3/><G3/><T59/><D59/><U72/><E72/><V62/><F74/><RYUUKYOKU ba="0,2" sc="220,15,270,15,240,-15,250,-15" hai0="1,5,9,10,12,16,37,39,56,61,83,86,90" hai1="19,22,27,54,58,63,75,76,92,93,94,101,103" /><INIT seed="1,1,2,2,0,19" ten="235,285,225,235" oya="1" hai0="129,85,123,126,69,27,35,30,118,58,127,23,3" hai1="74,98,39,21,48,22,83,92,57,56,81,51,16" hai2="54,18,108,45,89,0,117,66,122,42,52,1,20" hai3="88,130,36,116,77,59,33,102,72,121,95,68,120"/><U9/><E39/><V131/><F117/><W13/><G68/><T7/><D69/><U94/><E74/><V26/><F122/><W106/><G36/><T60/><D118/><U75/><E75/><V135/><F108/><W80/><G116/><T84/><D129/><U8/><E98/><V124/><F66/><W49/><G33/><T64/><D123/><U50/><E50/><V61/><F131/><W86/><G130/><T4/><D3/><U44/><REACH who="1" step="1"/><E16/><REACH who="1" ten="235,275,225,235" step="2"/><V65/><F18/><W110/><G110/><T24/><D85/><U111/><E111/><V34/><F61/><W73/><G72/><T38/><D38/><U119/><E119/><V132/><F132/><W41/><G13/><T14/><D14/><U37/><E37/><V125/><F135/><W12/><G12/><T71/><D84/><U53/><E53/><V128/><F52/><N who="3" m="32143" /><G41/><T62/><D127/><U43/><E43/><V40/><F125/><W17/><G17/><T6/><D126/><U25/><E25/><V100/><F26/><W11/><G11/><T115/><D24/><U2/><E2/><V107/><F0/><W134/><G134/><T103/><D27/><U46/><AGARI ba="1,3" hai="8,9,21,22,44,46,48,51,56,57,81,83,92,94" machi="46" ten="25,18000,2" yaku="1,1,0,1,22,2,8,1,52,2,53,0" doraHai="19" doraHaiUra="104" who="1" fromWho="1" sc="235,-61,275,213,225,-61,235,-61" /><INIT seed="1,2,0,0,5,111" ten="174,488,164,174" oya="1" hai0="95,74,12,41,105,78,82,128,83,86,16,1,11" hai1="119,31,88,104,96,63,106,97,54,112,42,62,135" hai2="102,103,108,127,0,115,53,17,33,68,14,64,66" hai3="51,7,69,126,20,132,44,36,120,38,58,43,80"/><U34/><E119/><V77/><F108/><W9/><G120/><T90/><D128/><U125/><E125/><V73/><F0/><W70/><G126/><T87/><D105/><U84/><E135/><V92/><F33/><W94/><G132/><T123/><D123/><U40/><E34/><V25/><F127/><W26/><G94/><T107/><D107/><U114/><E84/><V46/><F25/><W100/><G100/><T13/><D41/><U35/><E35/><V39/><F68/><W45/><G58/><T61/><D61/><U93/><E93/><V50/><F39/><W37/><G80/><T22/><D1/><U4/><E4/><V19/><F19/><W28/><REACH who="3" step="1"/><G45/><REACH who="3" ten="174,488,164,164" step="2"/><T8/><REACH who="0" step="1"/><D12/><AGARI ba="2,1" hai="7,9,12,20,26,28,36,37,38,43,44,51,69,70" machi="12" ten="40,2600,0" yaku="1,1,2,1,53,0" doraHai="111" doraHaiUra="110" who="3" fromWho="0" sc="174,-32,488,0,164,0,164,42" /><INIT seed="2,0,0,0,2,39" ten="142,488,164,206" oya="2" hai0="91,123,35,15,135,93,92,34,27,89,85,4,62" hai1="114,53,63,30,20,50,134,112,13,40,83,101,28" hai2="107,120,105,131,56,100,55,72,84,71,76,9,117" hai3="99,115,22,128,78,52,97,41,98,106,42,5,26"/><V88/><F117/><W79/><G106/><T58/><D135/><U119/><E119/><V133/><F120/><W49/><G5/><T47/><D123/><U36/><E134/><V14/><F71/><W124/><G124/><T33/><D27/><U10/><E36/><V111/><F133/><W43/><G128/><T11/><D47/><N who="1" m="25959" /><E112/><V125/><F125/><W38/><G38/><T77/><D77/><U57/><E114/><V48/><F131/><W81/><G81/><T69/><D69/><U3/><E3/><V108/><F76/><W29/><G115/><T44/><D44/><AGARI ba="0,0" hai="22,26,29,41,42,43,44,49,52,78,79,97,98,99" machi="44" ten="40,8000,1" yaku="8,1,52,3,54,1" doraHai="39" who="3" fromWho="0" sc="142,-80,488,0,164,0,206,80" /><INIT seed="3,0,0,3,1,61" ten="62,488,164,286" oya="3" hai0="105,74,37,30,82,103,69,117,8,25,6,100,31" hai1="56,130,24,28,135,109,51,11,34,4,124,17,10" hai2="68,15,108,89,54,3,93,41,21,112,102,107,33" hai3="22,36,80,129,44,77,72,78,66,70,64,111,113"/><W73/><G113/><T23/><D117/><U91/><E109/><V92/><F33/><W13/><G70/><T133/><D133/><U12/><E135/><V9/><F3/><W120/><G120/><T71/><D31/><U106/><E106/><V127/><F108/><W40/><G129/><T122/><D122/><U63/><E130/><V75/><F75/><W125/><G111/><T95/><D37/><U46/><E124/><V76/><F107/><W79/><G125/><T88/><D74/><U60/><E91/><V57/><F76/><W5/><G79/><T0/><D82/><U27/><E56/><V101/><F68/><W19/><G5/><T32/><D103/><U114/><E114/><V1/><F1/><W65/><REACH who="3" step="1"/><G77/><REACH who="3" ten="62,488,164,276" step="2"/><T42/><D69/><U90/><E4/><V123/><F112/><W39/><G39/><T43/><D71/><U119/><E119/><V14/><F127/><W94/><G94/><T118/><D118/><U126/><E126/><V16/><F93/><W128/><G128/><T18/><D105/><U86/><E34/><V50/><F123/><W45/><G45/><T2/><D2/><U85/><E46/><V134/><F134/><W104/><G104/><T96/><REACH who="0" step="1"/><D100/><REACH who="0" ten="52,488,164,276" step="2"/><U83/><E83/><V110/><F110/><W55/><G55/><T87/><D87/><AGARI ba="0,2" hai="13,19,22,36,40,44,64,65,66,72,73,78,80,87" machi="87" ten="40,12000,1" yaku="1,1,52,3,53,0" doraHai="61" doraHaiUra="53" who="3" fromWho="0" sc="52,-120,488,0,164,0,276,140" owari="-68,-56.8,488,58.8,164,-23.6,416,21.6" /></mjloggm>