<mjloggm ver="2.3"><GO type="169" lobby="0"/><UN n0="%43%4F%45%44%4F%E7%B7%91" n1="%70%65%6E%74%6F%6C%61" n2="%57%44%44%69%65" n3="%E3%83%95%E3%82%AF%E3%83%AD%E3%82%A6%E3%82%B5%E3%83%B3" dan="18,16,16,17" rate="2199.58,2192.48,2102.97,2172.03" sx="F,M,M,M"/><TAIKYOKU oya="0"/><INIT seed="0,0,0,5,3,91" ten="250,250,250,250" oya="0" hai0="55,6,103,84,86,62,100,38,79,18,28,64,90" hai1="48,129,32,21,7,125,97,135,76,24,82,67,68" hai2="36,75,108,133,26,83,15,95,128,31,65,74,63" hai3="37,89,9,118,102,56,134,54,98,96,51,119,44"/><T81/><D38/><U19/><E125/><V49/><F36/><W69/><G134/><T78/><D28/><U88/><E129/><V126/><F133/><W77/><G69/><T53/><D6/><U87/><E7/><V58/><F128/><W61/><G77/><T107/><D18/><U85/><E135/><V131/><F131/><W0/><G37/><T117/><D117/><U50/><E32/><V29/><F126/><W13/><G0/><T45/><D79/><U41/><E97/><V101/><F108/><W35/><G35/><T22/><D22/><U46/><E68/><V12/><F49/><W93/><G13/><T34/><D34/><U73/><E67/><V10/><F83/><W52/><REACH who="3" step="1"/><G9/><REACH who="3" ten="250,250,250,240" step="2"/><T70/><D70/><U40/><E73/><V2/><F2/><W115/><G115/><T122/><D78/><U99/><E76/><V39/><F39/><W94/><AGARI ba="0,1" hai="44,51,52,54,56,61,89,93,94,96,98,102,118,119" machi="94" ten="20,12000,2" yaku="1,1,0,1,7,1,52,2,54,1,53,0" doraHai="91" doraHaiUra="132" who="3" fromWho="3" sc="250,-60,250,-30,250,-30,240,130" /><INIT seed="1,0,0,4,0,99" ten="190,220,220,370" oya="1" hai0="28,27,78,93,64,22,108,66,130,97,3,52,110" hai1="20,129,101,87,79,80,33,63,30,124,4,19,71" hai2="42,57,113,86,15,134,36,92,83,73,61,62,107" hai3="125,43,103,0,46,34,23,21,17,115,18,128,54"/><U2/><E124/><V44/><F134/><W120/><G120/><T10/><D130/><U94/><E129/><V16/><F107/><W132/><G115/><T5/><D78/><U118/><E118/><V47/><F113/><W121/><G121/><T91/><REACH who="0" step="1"/><D52/><REACH who="0" ten="180,220,220,370" step="2"/><U7/><E79/><V11/><F73/><W74/><G54/><T114/><D114/><U109/><E109/><AGARI ba="0,1" hai="3,5,10,22,27,28,64,66,91,93,97,108,109,110" machi="109" ten="40,5200,0" yaku="1,1,14,1,53,1" doraHai="99" doraHaiUra="6" who="0" fromWho="1" sc="180,62,220,-52,220,0,370,0" /><INIT seed="2,0,0,5,3,102" ten="242,168,220,370" oya="2" hai0="42,94,74,12,80,103,88,96,120,71,62,99,39" hai1="107,38,4,64,69,1,56,36,16,45,122,43,113" hai2="51,68,2,34,22,14,111,93,108,119,40,85,55" hai3="25,6,123,49,18,118,41,86,95,100,106,15,105"/><V129/><F119/><W19/><G118/><T110/><D120/><U30/><E113/><V54/><F34/><W82/><G123/><T134/><D110/><N who="2" m="42026" /><F2/><W89/><G25/><T133/><D12/><U91/><E122/><V63/><F129/><W135/><G135/><N who="0" m="51723" /><D42/><U17/><E30/><V44/><F14/><W76/><G100/><T70/><D39/><U20/><E36/><V26/><F93/><W32/><G32/><T65/><D74/><U31/><E107/><N who="3" m="40970" /><G89/><T48/><D48/><U87/><E38/><V98/><F98/><W130/><G95/><N who="0" m="58783" /><D80/><U114/><E31/><N who="2" m="17879" /><F85/><W104/><G104/><T125/><D125/><U11/><E87/><V59/><F68/><AGARI ba="0,0" hai="62,65,68,70,71,88,94,99" m="58783,51723" machi="68" ten="30,2000,0" yaku="20,1,54,1" doraHai="102" who="0" fromWho="2" sc="242,20,168,0,220,-20,370,0" /><INIT seed="3,0,0,2,1,103" ten="262,168,200,370" oya="3" hai0="112,94,23,90,63,53,82,68,109,73,62,1,65" hai1="43,39,74,13,33,55,124,60,121,19,135,11,78" hai2="47,102,3,120,106,130,97,44,134,34,28,133,117" hai3="24,122,105,80,38,20,16,35,108,76,26,96,41"/><W115/><G115/><T101/><D1/><U81/><E121/><V42/><F117/><W7/><G122/><T113/><D109/><U129/><E33/><V8/><F120/><W37/><G7/><T6/><D6/><U15/><E124/><V18/><F130/><W36/><G108/><T88/><D23/><U31/><E31/><V52/><F3/><W14/><G41/><T51/><D62/><U25/><E25/><V89/><F89/><W87/><REACH who="3" step="1"/><G35/><REACH who="3" ten="262,168,200,360" step="2"/><T70/><D113/><U111/><E43/><V132/><F42/><W99/><G99/><T110/><D112/><U66/><E111/><V30/><F34/><W91/><G91/><T54/><D90/><U50/><E129/><V85/><F97/><W22/><G22/><T49/><D110/><U104/><E135/><V61/><F134/><W67/><G67/><T100/><D65/><U2/><E2/><V79/><F133/><W57/><G57/><T93/><D88/><U46/><E39/><V119/><F132/><W56/><G56/><T83/><D70/><U131/><E131/><V114/><F114/><W17/><G17/><T75/><D68/><U118/><E118/><V48/><F18/><W32/><G32/><T128/><D128/><U40/><E40/><V86/><F119/><W21/><G21/><T72/><D54/><U5/><E5/><V69/><F52/><W45/><G45/><T64/><D64/><U116/><E116/><V10/><F47/><W123/><G123/><T84/><D53/><U95/><E46/><V59/><F44/><W126/><G126/><T98/><D98/><RYUUKYOKU ba="0,1" sc="262,-10,168,-10,200,-10,360,30" hai3="14,16,20,24,26,36,37,38,76,80,87,96,105" /><INIT seed="3,1,1,0,3,52" ten="252,158,190,390" oya="3" hai0="108,48,3,79,83,7,81,21,14,69,135,31,113" hai1="33,82,15,101,93,73,55,122,75,60,32,47,86" hai2="71,11,103,100,16,29,42,72,87,23,132,89,18" hai3="105,43,5,88,130,30,44,104,115,84,110,40,116"/><W67/><G115/><T102/><D69/><U92/><E122/><V25/><F72/><W22/><G116/><T58/><D113/><U133/><E133/><V57/><F71/><W129/><G5/><T85/><D135/><U66/><E33/><V51/><F132/><W99/><G67/><T49/><D3/><U112/><E32/><V1/><F1/><W59/><G110/><T74/><D102/><N who="2" m="38954" /><F11/><W90/><G99/><T0/><D0/><U125/><E73/><V111/><F111/><W65/><G22/><T95/><D95/><U46/><E75/><V124/><F124/><W106/><G30/><T53/><D108/><U70/><E125/><V28/><F28/><W134/><G134/><T19/><D7/><U26/><E26/><V94/><F42/><N who="3" m="15915" /><G44/><T35/><D31/><U56/><E112/><V118/><F118/><W39/><G39/><T119/><D35/><U61/><E15/><V27/><F25/><W24/><G24/><T131/><D119/><U80/><E80/><V62/><F51/><W98/><G98/><T121/><D121/><U68/><E68/><V97/><F87/><W128/><G84/><T34/><D34/><U37/><E37/><V17/><F29/><W96/><G96/><T123/><D123/><U126/><E126/><V4/><F4/><W107/><N who="3" m="26624" /><DORA hai="91" /><W77/><G77/><N who="0" m="46255" /><D49/><U117/><E117/><V76/><F76/><W109/><G109/><T127/><D127/><U10/><E101/><V36/><F36/><W8/><G8/><T2/><D2/><U6/><E6/><V38/><F38/><W64/><G130/><AGARI ba="1,1" hai="14,19,21,48,53,58,74,79,83,130,131" m="46255" machi="130" ten="30,2000,0" yaku="6,1,52,1" doraHai="52,91" who="0" fromWho="3" sc="252,33,158,0,190,0,390,-23" /><INIT seed="4,0,0,1,2,69" ten="285,158,190,367" oya="0" hai0="78,75,37,120,19,13,74,24,60,119,107,122,97" hai1="34,89,42,128,38,100,121,28,105,72,51,90,130" hai2="23,4,18,25,17,79,112,76,71,124,43,70,14" hai3="129,127,55,98,125,81,45,111,36,46,54,1,94"/><T88/><D119/><U56/><E121/><V9/><F124/><N who="3" m="47691" /><G1/><T99/><D24/><U86/><E34/><V131/><F131/><W41/><G129/><N who="1" m="49770" /><E28/><V44/><F112/><W61/><G111/><T65/><D37/><U50/><E72/><V96/><F96/><W102/><G61/><T29/><D29/><U32/><E32/><V77/><REACH who="2" step="1"/><F4/><REACH who="2" ten="285,158,180,367" step="2"/><W109/><G109/><T73/><D99/><N who="1" m="61599" /><E89/><V2/><F2/><W7/><G7/><T40/><D88/><U110/><E110/><V93/><F93/><W80/><G80/><T85/><D97/><U101/><E101/><V68/><F68/><W3/><G81/><T12/><D120/><U33/><E33/><V21/><F21/><W52/><G3/><T91/><D122/><U117/><E117/><V108/><F108/><W118/><G118/><T64/><D91/><U57/><E90/><V135/><F135/><W92/><G94/><T48/><D107/><U123/><E123/><V114/><F114/><W134/><G134/><T104/><D104/><U67/><E86/><V82/><F82/><W62/><G92/><T8/><D85/><U22/><E22/><V66/><F66/><W26/><G98/><T132/><D132/><U10/><E10/><V115/><F115/><W49/><G102/><T53/><D73/><U11/><E11/><V84/><F84/><W87/><G87/><T35/><D75/><U59/><E67/><N who="0" m="25673" /><D35/><U6/><E6/><V30/><F30/><W16/><G62/><T95/><D8/><U47/><AGARI ba="0,1" hai="38,42,47,50,51,56,57,59" m="61599,49770" machi="47" ten="40,2700,0" yaku="19,1,52,1" doraHai="69" who="1" fromWho="1" sc="285,-13,158,37,180,-7,367,-7" /><INIT seed="5,0,0,3,0,78" ten="272,195,173,360" oya="1" hai0="97,107,115,90,45,79,101,77,66,61,33,2,72" hai1="48,98,88,27,117,6,74,62,42,134,109,65,37" hai2="92,99,130,103,108,105,55,28,123,71,13,1,11" hai3="80,81,94,18,125,127,110,120,44,131,38,86,39"/><U4/><E117/><V14/><F123/><W52/><G120/><T69/><D2/><U95/><E134/><V114/><F108/><W31/><G31/><T0/><D0/><U10/><E37/><N who="3" m="13834" /><G110/><T7/><D115/><U17/><E74/><V29/><F71/><W9/><G131/><T87/><D7/><U91/><E109/><V43/><F43/><W93/><G18/><T113/><D113/><U40/><E91/><V111/><F111/><W41/><G9/><T20/><D20/><U59/><E48/><V35/><F114/><W124/><G41/><N who="1" m="15978" /><E27/><V106/><F1/><W75/><G75/><T47/><D33/><U49/><E49/><V70/><F70/><W25/><G25/><T119/><D119/><U85/><E98/><V34/><F130/><W36/><G36/><T23/><D23/><U104/><E104/><V102/><F92/><N who="3" m="35435" /><G86/><T89/><D89/><U3/><E3/><V51/><F51/><AGARI ba="0,0" hai="44,51,52,80,81,124,125,127" m="35435,13834" machi="51" ten="40,8000,1" yaku="18,1,52,2,54,1" doraHai="78" who="3" fromWho="2" sc="272,0,195,0,173,-80,360,80" /><INIT seed="6,0,0,2,3,30" ten="272,195,93,440" oya="2" hai0="126,23,82,97,60,78,68,74,101,15,129,17,89" hai1="2,50,70,18,99,32,14,75,35,48,122,8,12" hai2="55,58,135,114,94,104,34,52,86,96,37,3,43" hai3="67,91,117,59,40,80,38,93,69,119,26,39,42"/><V120/><F120/><W105/><G105/><T20/><D126/><U31/><E75/><V19/><F3/><W132/><G69/><T1/><D1/><U71/><E99/><V106/><F34/><W0/><G0/><T118/><D129/><U85/><E2/><V9/><F135/><W65/><G80/><T29/><D118/><U63/><E31/><V107/><F86/><W76/><G76/><T84/><D68/><U83/><E122/><V5/><F5/><W127/><G26/><T24/><D60/><U131/><E131/><V4/><F4/><W88/><G59/><T16/><D29/><U110/><E110/><V81/><F81/><W103/><G93/><N who="0" m="58543" /><D74/><U56/><E71/><V125/><F125/><W95/><G95/><T111/><D111/><U53/><E14/><V77/><F77/><AGARI ba="0,0" hai="15,16,17,20,23,24,77,78,82,84,89" m="58543" machi="77" ten="30,2000,0" yaku="8,1,54,1" doraHai="30" who="0" fromWho="2" sc="272,20,195,0,93,-20,440,0" /><INIT seed="7,0,0,5,4,66" ten="292,195,73,440" oya="3" hai0="16,52,27,92,133,59,71,124,31,48,10,12,91" hai1="109,44,116,58,7,99,47,62,61,74,117,132,23" hai2="13,96,84,8,18,24,97,60,113,54,67,2,95" hai3="36,42,76,9,53,56,11,55,26,108,101,78,15"/><W128/><G101/><T41/><D124/><U32/><E32/><V120/><F2/><W19/><G36/><T25/><D133/><U114/><E74/><V94/><F113/><W83/><G42/><T73/><D73/><U46/><E7/><V110/><F110/><W65/><G65/><T100/><D100/><U121/><E23/><V28/><F120/><W34/><G53/><T33/><D41/><U43/><E99/><V45/><F84/><W49/><G128/><T51/><D27/><U40/><E109/><V4/><F4/><W93/><G93/><T102/><D102/><U79/><E79/><V30/><F95/><W68/><G68/><T72/><D72/><U105/><E105/><V112/><F112/><W39/><G39/><T5/><D5/><U107/><E107/><V6/><F97/><W125/><G9/><T77/><D77/><U22/><E22/><V103/><F45/><W20/><G20/><T82/><D82/><U90/><E90/><V21/><F54/><W86/><G55/><T88/><D91/><U98/><E98/><V3/><F3/><W17/><G26/><T1/><D1/><U70/><E114/><V129/><F129/><W119/><G83/><T14/><D14/><U135/><E121/><V111/><F111/><W0/><G15/><T35/><D35/><U131/><E131/><V123/><F123/><W126/><G108/><T80/><D80/><U37/><E37/><V50/><REACH who="2" step="1"/><F50/><REACH who="2" ten="292,195,63,440" step="2"/><W63/><G49/><T104/><D51/><N who="1" m="27015" /><E46/><V64/><F64/><N who="3" m="39015" /><G0/><T115/><D115/><U87/><E47/><V81/><F81/><RYUUKYOKU ba="0,1" sc="292,-10,195,-10,63,30,440,-10" hai2="6,8,13,18,21,24,28,30,60,67,94,96,103" owari="282,8.2,185,-21.5,93,-40.7,440,54.0" /></mjloggm>