<mjloggm ver="2.3"><GO type="169" lobby="0"/><UN n0="%E6%9D%B1%E6%96%B9%E5%AE%9A%E5%8A%A9" n1="%58%E7%8C%AB" n2="%E3%81%A6%E3%82%93%E3%81%8F%E3%81%86" n3="%E7%B4%94%E6%BD%94%E3%83%94%E3%83%A9%E3%83%8B%E3%82%A2" dan="16,16,16,16" rate="2126.42,2051.85,2198.10,2145.70" sx="M,M,M,M"/><TAIKYOKU oya="0"/><INIT seed="0,0,0,1,5,23" ten="250,250,250,250" oya="0" hai0="36,3,52,74,109,64,95,110,41,103,79,96,32" hai1="91,15,129,66,59,47,35,114,5,18,19,111,92" hai2="4,105,115,58,51,40,34,39,0,28,38,7,77" hai3="87,57,101,106,119,127,100,88,33,20,29,65,62"/><T104/><D3/><U61/><E111/><N who="0" m="42505" /><D64/><U9/><E129/><V14/><F105/><W53/><G119/><T107/><D32/><U123/><E114/><V43/><F0/><W17/><G106/><T82/><D41/><U73/><E123/><V125/><F77/><W133/><G127/><T26/><D36/><U45/><E73/><V2/><F2/><W112/><G133/><T97/><D26/><U75/><E75/><V118/><F14/><W120/><G112/><T70/><D70/><U122/><E122/><V12/><F12/><W44/><G120/><T99/><D52/><U13/><E35/><V76/><F115/><W90/><G33/><T121/><D121/><U85/><REACH who="1" step="1"/><E5/><REACH who="1" ten="250,240,250,250" step="2"/><V93/><F34/><W48/><G29/><T6/><D6/><U68/><E68/><V84/><F4/><W124/><G124/><T83/><D83/><U25/><E25/><V50/><F7/><W30/><G30/><T22/><D22/><AGARI ba="0,1" hai="9,13,15,18,19,22,45,47,59,61,66,85,91,92" machi="22" ten="30,8000,1" yaku="1,1,7,1,8,1,53,2" doraHai="23" doraHaiUra="8" who="1" fromWho="0" sc="250,-80,240,90,250,0,250,0" /><INIT seed="1,0,0,4,5,126" ten="170,330,250,250" oya="1" hai0="60,88,26,1,75,66,32,53,86,94,89,130,114" hai1="64,132,90,43,115,10,61,27,125,131,45,40,71" hai2="135,62,54,63,85,58,37,79,30,24,52,68,36" hai3="46,50,28,41,105,73,119,48,101,2,38,106,129"/><U80/><E115/><V70/><F135/><W35/><G2/><T16/><D114/><U23/><E125/><V55/><F85/><W72/><G119/><T84/><D75/><U98/><E132/><V0/><F24/><W17/><G35/><T29/><D1/><U81/><E10/><V19/><F19/><W95/><G28/><T124/><D124/><U120/><E120/><V18/><F18/><W31/><G31/><T122/><D122/><U22/><E40/><V111/><F79/><W91/><G17/><T102/><D102/><U112/><E112/><V4/><F4/><W11/><G11/><T7/><D7/><U82/><E27/><V133/><F30/><W77/><G101/><T113/><D113/><U57/><E71/><N who="2" m="27179" /><F0/><W109/><G109/><T121/><D121/><U87/><E98/><V42/><F133/><W20/><G20/><T5/><D5/><U116/><E116/><V134/><F134/><W34/><G77/><T14/><D53/><N who="2" m="19978" /><F111/><W117/><G73/><T83/><D89/><U21/><E87/><V9/><F9/><W65/><G105/><T100/><D86/><U128/><REACH who="1" step="1"/><E90/><REACH who="1" ten="170,320,250,250" step="2"/><V127/><F127/><W15/><G91/><T92/><D88/><U13/><E13/><V118/><F118/><W6/><G15/><T69/><D84/><U104/><E104/><V99/><F99/><W108/><G106/><T107/><D107/><U49/><AGARI ba="0,1" hai="21,22,23,43,45,49,57,61,64,80,81,82,128,131" machi="49" ten="40,12000,1" yaku="1,1,0,1,52,2,53,0" doraHai="126" doraHaiUra="93" who="1" fromWho="1" sc="170,-40,320,130,250,-40,250,-40" /><INIT seed="1,1,0,5,3,42" ten="130,450,210,210" oya="1" hai0="100,29,77,43,64,35,123,28,130,89,135,16,126" hai1="15,12,82,52,105,88,17,131,18,72,0,22,45" hai2="75,124,23,20,44,104,56,76,57,93,84,110,70" hai3="109,11,46,79,39,38,60,106,33,90,113,122,65"/><U21/><E105/><V94/><F104/><W128/><G33/><T134/><D130/><U31/><E131/><V25/><F70/><W73/><G113/><T92/><D100/><U1/><E31/><V129/><F75/><W34/><G34/><T66/><D77/><U87/><E72/><V102/><F110/><W98/><G109/><T50/><D126/><U7/><E7/><V6/><F6/><W63/><G63/><T97/><D123/><U118/><E118/><V47/><F124/><W99/><G11/><T81/><D81/><U3/><E3/><V58/><F129/><W127/><G98/><T91/><D35/><U62/><E62/><V133/><F133/><W69/><G90/><T80/><D80/><U117/><E117/><V51/><F51/><AGARI ba="1,0" hai="0,1,12,15,17,18,21,22,45,51,52,82,87,88" machi="51" ten="40,12000,1" yaku="9,1,52,1,54,2" doraHai="42" who="1" fromWho="2" sc="130,0,450,123,210,-123,210,0" /><INIT seed="1,2,0,0,3,124" ten="130,573,87,210" oya="1" hai0="110,6,104,35,101,4,113,38,77,130,12,56,86" hai1="90,36,89,76,47,134,30,51,71,59,80,3,66" hai2="97,135,94,60,83,98,68,0,40,53,17,103,2" hai3="106,20,105,8,39,46,54,82,23,29,74,123,69"/><U88/><E3/><V32/><F32/><W31/><G69/><T108/><D113/><U95/><E134/><V65/><F135/><W72/><G82/><T91/><D38/><U37/><E30/><V79/><F40/><W112/><G39/><T131/><D35/><U125/><E125/><V18/><F53/><W116/><G54/><T45/><D45/><U64/><E64/><V117/><F117/><W52/><G52/><T63/><D77/><U50/><E71/><V55/><F17/><W43/><G43/><T84/><D101/><U34/><E34/><V25/><F97/><W99/><G99/><T57/><D104/><U26/><E26/><V85/><F25/><W1/><G1/><T75/><D75/><U21/><E21/><V87/><F18/><W102/><G102/><T78/><D78/><U111/><E111/><N who="0" m="42537" /><D84/><N who="1" m="48135" /><E36/><V127/><F85/><W133/><G74/><T58/><D63/><N who="1" m="38271" /><E37/><V96/><F96/><W120/><G72/><T14/><D12/><U28/><E28/><V5/><F127/><W7/><G106/><T122/><D122/><U62/><E62/><V24/><F24/><W73/><G105/><T93/><D14/><U16/><E16/><V33/><F33/><W126/><G73/><T119/><D119/><U118/><E118/><V109/><F109/><W61/><G116/><T15/><D15/><U128/><E47/><V121/><F121/><N who="3" m="46667" /><G126/><T70/><D70/><U44/><E44/><V81/><F81/><W129/><G46/><T114/><D114/><U22/><E95/><V42/><F42/><W107/><G112/><T49/><D49/><RYUUKYOKU ba="2,0" sc="130,30,573,-10,87,-10,210,-10" hai0="4,6,56,57,58,86,91,93,130,131" /><INIT seed="2,3,0,3,4,91" ten="160,563,77,200" oya="2" hai0="88,76,105,32,56,45,77,41,122,59,83,80,119" hai1="2,27,81,25,102,26,90,14,52,69,71,124,57" hai2="114,67,134,93,10,84,104,55,40,118,4,43,53" hai3="107,66,35,115,15,130,113,60,75,36,1,126,3"/><V95/><F104/><W135/><G15/><T51/><D122/><U7/><E2/><V30/><F114/><W103/><G3/><T39/><D32/><U125/><E102/><V13/><F118/><W82/><G82/><T72/><D105/><U23/><E81/><V63/><F134/><W20/><G20/><T89/><D119/><U48/><E90/><V128/><F128/><W33/><G103/><T68/><D68/><U86/><E86/><V28/><F84/><W65/><G60/><T18/><D18/><N who="1" m="10711" /><E7/><V34/><F34/><W78/><G78/><T12/><D12/><U131/><E131/><V87/><F87/><W42/><G66/><T62/><D39/><U21/><E21/><V79/><F79/><W46/><G65/><T108/><D59/><U54/><E54/><N who="2" m="20491" /><F67/><W29/><G33/><T16/><D77/><U61/><E61/><V100/><F63/><W97/><G35/><T99/><D76/><U49/><E49/><V64/><F64/><W50/><G107/><T47/><D51/><U112/><E112/><V22/><F100/><W5/><G36/><T8/><D83/><U123/><E123/><V133/><F133/><W127/><G130/><T19/><D80/><U31/><E31/><N who="2" m="11819" /><F22/><W109/><G135/><T6/><D62/><U98/><E98/><V58/><F58/><W24/><G113/><T70/><D56/><U17/><E71/><V96/><F96/><W117/><G97/><T73/><D70/><U92/><E69/><V121/><F121/><W44/><G117/><T9/><D99/><U0/><E0/><V110/><F110/><RYUUKYOKU ba="3,0" sc="160,-10,563,-10,77,30,200,-10" hai2="4,10,13,40,43,93,95" /><INIT seed="2,4,0,2,0,52" ten="150,553,107,190" oya="2" hai0="76,114,71,51,87,22,62,17,18,53,26,44,93" hai1="127,86,29,135,85,14,73,11,21,126,117,100,79" hai2="4,1,45,20,122,82,130,63,32,12,81,112,102" hai3="97,110,31,90,42,13,8,123,131,125,56,46,120"/><V68/><F112/><W10/><G110/><T28/><D114/><U66/><E117/><V60/><F122/><W124/><G131/><T39/><D39/><U98/><E66/><V35/><F102/><W104/><G31/><T108/><D108/><U24/><E73/><V37/><F1/><W74/><G74/><T84/><D71/><U65/><E65/><V61/><F68/><W105/><G56/><N who="0" m="35087" /><D76/><U113/><E113/><V134/><F134/><W91/><G46/><T6/><D6/><N who="1" m="3447" /><E79/><V129/><F20/><W77/><G77/><T48/><D48/><U15/><E15/><V107/><F107/><W49/><G49/><T83/><D83/><N who="2" m="31754" /><F12/><W69/><G13/><T132/><D132/><U116/><E135/><V41/><F4/><W33/><G69/><T30/><D93/><N who="1" m="58447" /><E116/><V55/><F55/><W121/><G121/><T92/><D92/><U96/><E127/><V72/><F72/><W23/><G33/><T89/><D89/><U111/><E126/><V118/><F118/><W16/><G23/><T101/><D101/><U40/><E111/><V119/><F119/><W133/><G133/><T27/><D30/><U106/><E106/><V59/><F59/><W75/><G75/><T50/><D28/><U88/><E40/><V94/><F94/><AGARI ba="4,0" hai="21,24,29,85,86,88,94,96" m="58447,3447" machi="94" ten="30,2000,0" yaku="8,1,54,1" doraHai="52" who="1" fromWho="2" sc="150,0,553,32,107,-32,190,0" /><INIT seed="3,0,0,1,3,41" ten="150,585,75,190" oya="3" hai0="22,32,124,18,51,90,4,40,112,21,45,70,115" hai1="3,123,72,36,105,89,74,118,39,80,13,38,104" hai2="91,0,10,24,19,43,37,48,103,14,108,77,131" hai3="12,101,75,93,9,119,79,85,53,117,128,56,67"/><W129/><G67/><T33/><D70/><U58/><E13/><V133/><F37/><W87/><G75/><N who="1" m="28714" /><E58/><V25/><F108/><W47/><G101/><T1/><D124/><U49/><E49/><V116/><F116/><W60/><G47/><T30/><D90/><U16/><E16/><V82/><F133/><W125/><G125/><T100/><D100/><U84/><E84/><N who="3" m="32330" /><G93/><T11/><D22/><U127/><E89/><V17/><F131/><N who="3" m="50251" /><G79/><T134/><D134/><U88/><E88/><V81/><F103/><W92/><G92/><T120/><D120/><U106/><E80/><N who="2" m="30827" /><F91/><W68/><G68/><T69/><D69/><U110/><E127/><V26/><F0/><W5/><AGARI ba="0,0" hai="5,9,12,53,56,60,117,119" m="50251,32330" machi="5" ten="30,1500,0" yaku="19,1" doraHai="41" who="3" fromWho="3" sc="150,-5,585,-5,75,-5,190,15" /><INIT seed="3,1,0,1,1,97" ten="145,580,70,205" oya="3" hai0="115,24,88,44,122,94,27,68,109,61,106,21,46" hai1="26,120,62,85,130,23,30,114,81,77,124,96,76" hai2="10,87,67,60,0,105,37,71,29,116,52,121,117" hai3="55,34,95,7,127,19,125,69,132,38,56,90,129"/><W133/><G69/><T15/><D122/><U58/><E120/><V99/><F121/><W112/><G112/><T13/><D109/><U28/><E114/><V8/><F37/><W83/><G38/><T86/><D106/><U66/><E130/><V53/><F29/><W98/><G34/><T47/><D115/><U104/><E124/><N who="3" m="47690" /><G7/><T135/><D135/><N who="3" m="51785" /><G83/><T92/><D27/><U32/><E32/><V48/><F87/><W63/><G19/><T17/><D68/><U14/><E30/><V128/><F128/><AGARI ba="1,0" hai="55,56,63,90,95,98,128,129" m="51785,47690" machi="128" ten="40,12000,1" yaku="30,2,18,1,20,1" doraHai="97" who="3" fromWho="2" sc="145,0,580,0,70,-123,205,123" owari="145,-25.5,580,68.0,-53,-55.3,328,12.8" /></mjloggm>