<mjloggm ver="2.3"><GO type="169" lobby="0"/><UN n0="%5B%5B%79%75%79%75%5D%5D" n1="%E5%9B%9B%E5%89%AF%E9%9C%B2%E5%8D%98%E9%A8%8E" n2="%E6%99%82%E8%A8%88%E5%9D%82%E9%9B%B6" n3="%E5%A4%A9%E3%81%8B%E3%81%91%E3%82%8B%E6%98%9F" dan="16,16,16,16" rate="2161.36,2034.82,2141.57,2072.00" sx="M,F,M,M"/><TAIKYOKU oya="0"/><INIT seed="0,0,0,1,1,129" ten="250,250,250,250" oya="0" hai0="91,4,128,92,123,13,125,26,43,105,82,45,127" hai1="108,58,32,50,28,68,93,67,9,19,90,109,2" hai2="64,81,51,47,44,35,83,6,31,63,69,126,133" hai3="117,118,70,15,61,119,49,115,3,75,107,102,37"/><T55/><D105/><U72/><E72/><V7/><F126/><N who="0" m="48138" /><D123/><U85/><E68/><V41/><F35/><W112/><G49/><N who="0" m="26815" /><D128/><U60/><E32/><V65/><F31/><W97/><G15/><T36/><D36/><U88/><E28/><V80/><F65/><N who="3" m="41263" /><G37/><T62/><D82/><U95/><E50/><V121/><F121/><W135/><G75/><T29/><D13/><U96/><REACH who="1" step="1"/><E19/><REACH who="1" ten="250,240,250,250" step="2"/><V48/><REACH who="2" step="1"/><F133/><REACH who="2" ten="250,240,240,250" step="2"/><W74/><G135/><T38/><D29/><U59/><E59/><V54/><AGARI ba="0,2" hai="6,7,41,44,47,48,51,54,63,64,69,80,81,83" machi="54" ten="30,4000,0" yaku="1,1,2,1,0,1,53,0" doraHai="129" doraHaiUra="116" who="2" fromWho="2" sc="250,-20,240,-10,240,60,250,-10" /><BYE who="2" /><UN n2="%E6%99%82%E8%A8%88%E5%9D%82%E9%9B%B6" /><INIT seed="1,0,0,2,5,85" ten="230,230,300,240" oya="1" hai0="61,58,84,43,10,35,37,116,102,120,82,26,7" hai1="129,36,124,15,24,41,121,97,98,22,13,8,86" hai2="11,115,74,100,42,77,6,60,119,92,95,88,9" hai3="59,107,20,81,103,12,56,4,66,63,128,127,70"/><U78/><E121/><V76/><F119/><W21/><G128/><T123/><D116/><U2/><E2/><V89/><F115/><W38/><G38/><T54/><D102/><U16/><E129/><V91/><F74/><W71/><G127/><T18/><D37/><U40/><E124/><V87/><F42/><W29/><G71/><T31/><D18/><U101/><E36/><V23/><F100/><W57/><G29/><T112/><D43/><N who="1" m="16459" /><E101/><V80/><F76/><W131/><G131/><T130/><D130/><U14/><E8/><N who="2" m="3147" /><F6/><W19/><G4/><T5/><D112/><U79/><E79/><V104/><F104/><W135/><G135/><T99/><D99/><U1/><E1/><V55/><F23/><W33/><G33/><T3/><REACH who="0" step="1"/><D7/><REACH who="0" ten="220,230,300,240" step="2"/><U28/><E28/><V47/><F60/><W113/><G113/><T83/><D83/><AGARI ba="0,1" hai="13,14,15,16,22,24,78,83,86,97,98" m="16459" machi="83" ten="30,2900,0" yaku="8,1,54,1" doraHai="85" who="1" fromWho="0" sc="220,-29,230,39,300,0,240,0" /><INIT seed="1,1,0,4,0,34" ten="191,269,300,240" oya="1" hai0="123,43,66,97,94,80,18,101,46,59,124,104,85" hai1="135,70,20,84,109,49,42,67,26,112,111,48,108" hai2="56,68,29,133,23,8,55,77,17,71,73,114,24" hai3="14,13,38,45,121,61,51,78,113,7,134,99,32"/><U127/><E112/><V106/><F106/><W35/><G113/><T119/><D119/><U50/><E135/><V96/><F114/><W30/><G121/><T72/><D123/><U79/><E127/><V82/><F133/><W11/><G38/><T39/><D124/><U83/><E42/><V62/><F8/><W65/><G134/><T69/><D69/><U88/><E67/><V117/><F117/><W4/><G78/><T53/><D66/><U86/><E70/><V28/><F68/><W41/><G99/><T33/><D33/><U76/><REACH who="1" step="1"/><E84/><REACH who="1" ten="191,259,300,240" step="2"/><V16/><F71/><W0/><G65/><T57/><D72/><U81/><E81/><V19/><F96/><W6/><G41/><T115/><D115/><U120/><E120/><V116/><F116/><W63/><G35/><T103/><D80/><U128/><E128/><V107/><F82/><W2/><G32/><T25/><D85/><U54/><E54/><V110/><F73/><W92/><G92/><T10/><D53/><U118/><E118/><V98/><F98/><W122/><G122/><T102/><D104/><U126/><E126/><V130/><F107/><W125/><G125/><T89/><REACH who="0" step="1"/><D10/><REACH who="0" ten="181,259,300,240" step="2"/><U52/><E52/><V74/><F55/><W129/><G11/><T27/><D27/><U21/><E21/><AGARI ba="1,2" hai="18,21,25,39,43,46,57,59,89,94,97,101,102,103" machi="21" ten="40,2600,0" yaku="1,1,53,1" doraHai="34" doraHaiUra="15" who="0" fromWho="1" sc="181,49,259,-29,300,0,240,0" /><INIT seed="2,0,0,3,1,57" ten="230,230,300,240" oya="2" hai0="73,119,52,38,78,116,68,25,64,101,115,109,12" hai1="39,50,5,120,13,8,15,26,90,82,33,22,23" hai2="100,126,88,125,17,66,87,72,83,1,80,7,19" hai3="113,16,63,74,114,51,55,69,0,132,29,118,71"/><V122/><F122/><W107/><G118/><N who="0" m="45099" /><D115/><N who="3" m="44041" /><G74/><T99/><D38/><U103/><E39/><V112/><F112/><W127/><G107/><N who="0" m="63935" /><D109/><U104/><E120/><V65/><F100/><W93/><G0/><T89/><D25/><U53/><E104/><V20/><F7/><W34/><G132/><T133/><D133/><U70/><E70/><V49/><F1/><W128/><G128/><T94/><D12/><U61/><E103/><V117/><F117/><W92/><G127/><N who="2" m="48649" /><F49/><W58/><G29/><T21/><D21/><U24/><E50/><V42/><F42/><W85/><G34/><T46/><D78/><U60/><E33/><V3/><F3/><W47/><G16/><N who="2" m="6217" /><F20/><W2/><G2/><T56/><D73/><U102/><E22/><V35/><F35/><W67/><G71/><T9/><D9/><U129/><E23/><V36/><F36/><W108/><G69/><T28/><D28/><U31/><E31/><V91/><F91/><W97/><G108/><T77/><D77/><AGARI ba="0,0" hai="65,66,72,77,80,83,87,88" m="6217,48649" machi="77" ten="30,5800,0" yaku="18,1,54,2" doraHai="57" who="2" fromWho="0" sc="230,-58,230,0,300,58,240,0" /><INIT seed="2,1,0,3,2,66" ten="172,230,358,240" oya="2" hai0="80,15,109,104,108,95,26,55,21,127,111,88,119" hai1="52,48,81,83,29,123,106,31,78,11,5,75,46" hai2="114,47,122,27,53,110,120,19,59,94,34,8,49" hai3="42,28,100,40,3,4,90,61,129,115,51,0,99"/><V77/><F114/><W63/><G115/><T89/><D104/><U50/><E106/><V124/><F124/><W113/><G113/><T23/><D127/><U97/><E123/><V135/><F135/><W22/><G129/><T35/><D119/><U69/><E69/><V33/><F77/><W131/><G131/><T25/><D15/><U130/><E130/><V116/><F116/><W13/><G90/><T93/><D55/><U68/><E68/><V64/><F110/><W133/><G133/><T86/><D80/><U72/><E97/><V76/><F76/><W24/><G3/><T96/><D35/><U60/><E60/><V126/><F126/><W57/><G0/><T85/><REACH who="0" step="1"/><D96/><REACH who="0" ten="162,230,358,240" step="2"/><U98/><E83/><V45/><F34/><W105/><G42/><T18/><D18/><U73/><E98/><V58/><F33/><W74/><G13/><T101/><D101/><U71/><E81/><V70/><F122/><W67/><G4/><T91/><D91/><U134/><E134/><V118/><F118/><W87/><G105/><T6/><D6/><U117/><E117/><V2/><F19/><W54/><G100/><T103/><D103/><U38/><E5/><V9/><F53/><W39/><G99/><T44/><D44/><U37/><E46/><V132/><F47/><W102/><G102/><T112/><D112/><U20/><E52/><V17/><F45/><W65/><G40/><T121/><D121/><U30/><E78/><V41/><F120/><W56/><G54/><T62/><D62/><U36/><E29/><V125/><F125/><W43/><G43/><RYUUKYOKU ba="1,1" sc="162,30,230,-10,358,-10,240,-10" hai0="21,23,25,26,85,86,88,89,93,95,108,109,111" /><INIT seed="3,2,1,3,0,53" ten="192,220,348,230" oya="3" hai0="69,9,22,90,83,101,78,113,63,91,30,123,40" hai1="13,89,109,52,127,108,98,107,135,110,59,15,132" hai2="46,45,35,10,62,57,88,125,39,56,21,12,16" hai3="0,37,43,71,3,74,76,134,82,105,118,67,32"/><W104/><G118/><T66/><D123/><U129/><E129/><V36/><F35/><W86/><G134/><N who="1" m="51242" /><E127/><V81/><F125/><W73/><G86/><T121/><D121/><U128/><E128/><V23/><F39/><W38/><G32/><T2/><D113/><U18/><E18/><V94/><F81/><W116/><G116/><T50/><D101/><N who="1" m="62903" /><E89/><V133/><F133/><W4/><G74/><T24/><D2/><N who="3" m="553" /><G4/><T20/><D9/><U1/><E1/><V6/><F36/><N who="3" m="13931" /><G43/><T124/><D124/><U28/><E28/><V75/><F75/><W130/><G130/><T64/><D64/><U106/><E106/><V95/><F95/><W7/><G7/><T65/><D65/><U111/><N who="1" m="27648" /><DORA hai="112" /><U103/><E103/><V49/><F62/><AGARI ba="2,1" hai="62,67,71,73,76,82,104,105" m="13931,553" machi="62" ten="30,2900,0" yaku="33,2" doraHai="53,112" who="3" fromWho="2" sc="192,0,220,0,348,-35,230,45" /><AGARI ba="2,0" hai="13,15,52,59,62" m="27648,62903,51242" machi="62" ten="60,8000,1" yaku="20,1,14,1,52,1,54,1" doraHai="53,112" who="1" fromWho="2" sc="192,0,220,80,313,-80,275,0" /><INIT seed="3,3,0,4,5,4" ten="192,300,233,275" oya="3" hai0="11,135,36,99,115,119,128,34,107,56,74,41,125" hai1="110,46,31,15,6,44,28,67,84,5,48,68,132" hai2="96,108,47,79,134,21,45,10,22,23,62,82,93" hai3="8,14,71,77,104,102,130,57,65,54,42,122,81"/><W53/><G122/><T38/><RYUUKYOKU type="yao9" ba="3,0" sc="192,0,300,0,233,0,275,0" hai0="11,34,36,38,41,56,74,99,107,115,119,125,128,135" /><INIT seed="3,4,0,4,4,44" ten="192,300,233,275" oya="3" hai0="32,64,24,133,126,134,20,54,132,57,3,108,4" hai1="123,75,92,128,103,85,118,97,125,98,15,19,46" hai2="131,52,95,80,33,130,7,63,79,86,42,67,78" hai3="73,89,120,119,93,96,9,110,23,5,39,10,70"/><W104/><G119/><T87/><D32/><U72/><E123/><V112/><F33/><W58/><G120/><T8/><D64/><U11/><E118/><V49/><F112/><W43/><G70/><T90/><D126/><U69/><E69/><V117/><F117/><W27/><G73/><T115/><D115/><U12/><E125/><V66/><F7/><W1/><G104/><T50/><D108/><U113/><E113/><V13/><F13/><W107/><G107/><T124/><D124/><U94/><E128/><N who="2" m="49195" /><F79/><W106/><G106/><T37/><D37/><U2/><E2/><V21/><F21/><W30/><G110/><T84/><REACH who="0" step="1"/><D90/><REACH who="0" ten="182,300,233,275" step="2"/><U127/><E127/><V129/><F129/><W121/><G39/><T16/><AGARI ba="4,1" hai="3,4,8,16,20,24,50,54,57,84,87,132,133,134" machi="16" ten="30,12000,2" yaku="1,1,2,1,0,1,20,1,52,1,54,1,53,0" doraHai="44" doraHaiUra="88" who="0" fromWho="0" sc="182,142,300,-34,233,-34,275,-64" /><INIT seed="4,0,0,2,4,76" ten="324,266,199,211" oya="0" hai0="50,113,111,91,96,118,88,28,108,52,30,90,62" hai1="73,74,56,98,35,13,89,124,125,119,17,49,93" hai2="38,67,45,106,120,37,65,132,55,64,8,101,4" hai3="48,32,126,24,47,117,127,94,97,18,83,110,2"/><T92/><D118/><U61/><E35/><V33/><F33/><W87/><G110/><N who="0" m="42027" /><D62/><U123/><E123/><V80/><F120/><W39/><G117/><T20/><D113/><U10/><E49/><V0/><F132/><W16/><G2/><T60/><D60/><U86/><E119/><V9/><F9/><W53/><G39/><T40/><D40/><U112/><E98/><V36/><F101/><W134/><G134/><T129/><D129/><U79/><E112/><V34/><F34/><W5/><G5/><T43/><D43/><U122/><E122/><V131/><F106/><W6/><G6/><T58/><D20/><U15/><E15/><V130/><F55/><W78/><G32/><T23/><D23/><U82/><REACH who="1" step="1"/><E74/><REACH who="1" ten="324,256,199,211" step="2"/><V44/><REACH who="2" step="1"/><F80/><REACH who="2" ten="324,256,189,211" step="2"/><W54/><G127/><T42/><D42/><U114/><E114/><V75/><F75/><W69/><G126/><T133/><D133/><U1/><E1/><V51/><F51/><W104/><G48/><T71/><D71/><U103/><E103/><AGARI ba="0,2" hai="28,30,50,52,58,88,90,91,92,96,103" m="42027" machi="103" ten="30,5800,0" yaku="10,1,54,2" doraHai="76" who="0" fromWho="1" sc="324,78,256,-58,189,0,211,0" /><INIT seed="4,1,0,4,0,57" ten="402,198,189,211" oya="0" hai0="49,37,3,4,109,11,108,33,28,132,46,106,74" hai1="68,61,22,32,41,7,104,83,65,24,55,93,101" hai2="125,36,70,94,119,54,51,1,27,127,126,89,102" hai3="71,135,133,120,18,103,82,113,13,53,116,64,45"/><T88/><D106/><U69/><E104/><V75/><F75/><W14/><G116/><T20/><D74/><U34/><E7/><V60/><F1/><W72/><G113/><T117/><D37/><U30/><E68/><V29/><F36/><W39/><G120/><T91/><D33/><U124/><E124/><V98/><F119/><W130/><G103/><T114/><D117/><U42/><E83/><V19/><F19/><W95/><G95/><T92/><D114/><U10/><E10/><V73/><F73/><W111/><G111/><N who="0" m="42571" /><D92/><U31/><E55/><V43/><F43/><W25/><G130/><T6/><D6/><U110/><E110/><V90/><F51/><W118/><G118/><T63/><D132/><U59/><E69/><V23/><REACH who="2" step="1"/><F54/><REACH who="2" ten="402,198,179,211" step="2"/><W112/><G53/><N who="0" m="29879" /><D63/><U85/><E61/><V17/><F17/><W115/><G18/><T50/><D50/><U97/><E31/><V8/><F8/><W47/><G39/><T134/><D134/><U5/><E30/><V2/><F2/><W48/><G48/><T128/><D128/><U79/><E5/><V26/><F26/><AGARI ba="1,1" hai="3,4,11,20,26,28,88,91" m="29879,42571" machi="26" ten="30,2900,0" yaku="10,1,54,1" doraHai="57" who="0" fromWho="2" sc="402,42,198,0,179,-32,211,0" /><INIT seed="4,2,0,2,3,8" ten="444,198,147,211" oya="0" hai0="17,18,20,6,85,35,98,77,16,108,69,31,135" hai1="45,39,30,28,97,87,47,129,125,130,84,124,54" hai2="78,88,71,12,111,91,32,103,59,67,89,79,102" hai3="93,34,4,1,50,96,55,100,106,134,49,109,65"/><T66/><D35/><U133/><E97/><V24/><F71/><W44/><G109/><T116/><D116/><U132/><REACH who="1" step="1"/><E54/><REACH who="1" ten="444,188,147,211" step="2"/><V7/><F111/><W23/><G55/><T14/><D108/><U29/><E29/><V101/><F32/><W114/><G96/><T61/><D135/><U113/><E113/><V57/><F24/><W48/><G114/><T72/><D98/><U9/><E9/><N who="2" m="4159" /><F67/><W56/><G65/><T21/><D31/><U123/><E123/><V70/><F70/><W82/><G134/><T3/><D3/><U119/><E119/><V127/><F127/><W33/><G106/><T120/><D120/><U42/><E42/><V2/><F2/><W36/><G1/><T58/><D69/><U95/><E95/><V53/><F57/><W40/><G56/><T13/><D72/><U22/><E22/><N who="0" m="8809" /><D6/><U126/><E126/><V104/><F104/><W105/><G23/><T118/><D118/><U62/><E62/><AGARI ba="2,1" hai="53,59,62,78,79,88,89,91,101,102,103" m="4159" machi="62" ten="30,3900,0" yaku="8,1,52,1,54,1" doraHai="8" who="2" fromWho="1" sc="444,0,188,-45,147,55,211,0" /><INIT seed="5,0,0,3,2,43" ten="444,143,202,211" oya="1" hai0="94,24,80,8,95,114,22,55,11,42,23,88,10" hai1="16,33,101,30,52,120,104,132,113,86,32,87,90" hai2="99,108,61,71,38,130,74,115,62,57,96,106,41" hai3="3,17,49,131,91,28,5,9,116,84,79,44,50"/><U76/><E120/><V111/><F74/><W48/><G131/><T7/><D114/><U40/><E113/><V110/><F106/><W66/><G116/><T46/><D7/><U122/><E122/><V27/><F27/><W112/><G112/><T31/><D23/><U135/><E40/><V36/><F99/><W133/><G133/><N who="1" m="51274" /><E101/><V109/><F96/><W89/><G28/><T0/><D0/><U121/><E104/><V82/><F82/><W39/><G66/><T93/><D80/><N who="1" m="47367" /><E30/><V70/><F115/><W6/><G6/><T126/><D126/><U64/><E64/><N who="2" m="38959" /><F130/><W78/><G17/><T75/><D75/><U77/><E77/><V19/><F19/><W21/><G21/><T117/><D117/><U83/><E121/><V69/><N who="2" m="27648" /><DORA hai="1" /><V14/><F14/><W97/><G97/><T65/><D65/><U127/><E127/><V100/><F100/><W35/><G35/><T25/><D25/><U60/><E16/><V105/><F105/><W125/><G125/><T20/><D20/><U107/><E107/><V85/><F85/><W34/><G34/><T58/><D88/><U129/><E129/><V45/><F36/><W67/><G91/><T118/><D118/><U73/><E73/><V72/><F72/><W53/><G89/><T119/><D119/><U103/><E103/><V47/><F47/><W81/><G79/><T134/><D134/><U13/><E13/><V92/><F92/><W15/><G39/><N who="0" m="21855" /><D95/><U68/><E68/><V26/><F26/><W54/><G44/><T18/><D31/><U4/><E4/><V56/><F70/><RYUUKYOKU ba="0,0" sc="444,10,143,10,202,10,211,-30" hai0="8,10,11,18,22,24,55,58,93,94" hai1="32,33,52,60,83,87,90" hai2="38,41,45,56,62,69,71" /><INIT seed="5,1,0,3,3,32" ten="454,153,212,181" oya="1" hai0="14,118,67,60,15,112,55,27,120,34,95,57,59" hai1="28,10,85,64,63,75,135,74,26,18,93,73,51" hai2="94,77,39,89,102,122,125,53,16,130,8,99,114" hai3="104,72,123,9,12,31,35,83,69,86,13,119,20"/><U0/><E135/><V22/><F39/><W124/><G123/><T61/><D118/><U58/><E51/><V37/><F37/><W33/><G69/><T24/><D112/><U121/><E121/><V82/><F122/><W127/><G104/><T134/><D120/><U30/><E18/><V56/><F125/><N who="3" m="48203" /><G72/><T98/><D134/><U23/><E30/><V128/><F8/><W36/><G36/><T5/><D34/><N who="3" m="12809" /><G119/><T126/><D126/><U129/><E129/><V106/><F114/><W115/><G115/><T6/><D15/><U43/><E43/><V3/><F3/><W76/><G9/><N who="0" m="4399" /><D6/><U107/><E107/><V79/><F106/><W103/><G103/><AGARI ba="1,0" hai="24,27,55,57,59,60,61,67,95,98,103" m="4399" machi="103" ten="30,1000,0" yaku="8,1" doraHai="32" who="0" fromWho="3" sc="454,13,153,0,212,0,181,-13" /><INIT seed="6,0,0,2,0,43" ten="467,153,212,168" oya="2" hai0="9,124,68,114,130,14,33,29,34,108,93,135,98" hai1="38,24,8,45,74,77,83,127,120,22,126,132,88" hai2="40,87,81,66,122,104,27,89,49,107,109,78,63" hai3="103,20,15,111,2,12,28,113,32,37,36,30,7"/><V94/><F122/><W6/><G103/><T16/><D108/><U128/><E120/><V133/><F133/><W70/><G70/><T79/><D135/><U65/><E132/><V112/><F112/><W125/><G111/><T59/><D68/><U86/><E65/><V84/><F109/><W95/><G95/><T51/><D114/><U99/><E99/><V54/><F40/><W97/><G97/><T19/><D130/><U46/><E128/><V42/><F42/><W3/><G113/><T118/><D118/><U57/><E38/><V100/><F27/><W110/><G110/><T116/><D116/><U101/><E101/><V18/><F18/><W131/><G131/><T26/><D79/><U71/><E71/><V76/><F76/><W106/><G20/><T21/><D124/><N who="1" m="47659" /><E57/><V13/><F13/><W53/><G53/><T67/><D19/><N who="1" m="12383" /><E8/><V5/><F100/><W129/><G129/><T90/><D67/><U91/><E91/><V64/><F64/><W11/><G125/><T25/><REACH who="0" step="1"/><D26/><REACH who="0" ten="457,153,212,168" step="2"/><U75/><E75/><V55/><F66/><W115/><G115/><T121/><D121/><U105/><E105/><V123/><F104/><W52/><G106/><T17/><D17/><U82/><AGARI ba="0,1" hai="45,46,74,77,82,83,86,88" m="12383,47659" machi="82" ten="30,7900,0" yaku="18,1,52,2,54,1" doraHai="43" who="1" fromWho="1" sc="457,-20,153,89,212,-39,168,-20" /><INIT seed="7,0,0,4,5,78" ten="437,242,173,148" oya="3" hai0="106,56,47,74,65,73,58,111,33,40,68,84,79" hai1="60,14,122,118,22,123,135,42,30,100,63,86,10" hai2="27,55,7,104,4,112,85,72,8,109,62,23,126" hai3="64,21,35,108,39,19,129,38,46,1,90,5,57"/><W9/><G129/><T131/><D111/><U113/><E113/><V80/><F72/><W11/><G108/><T45/><D106/><U121/><E42/><V71/><F104/><W75/><G35/><T88/><D131/><U83/><E135/><V132/><F109/><W96/><G75/><T26/><D68/><U116/><E100/><V0/><F112/><W105/><G11/><T41/><D79/><N who="1" m="46463" /><E30/><V36/><F36/><W6/><G6/><T52/><D65/><U51/><E51/><V67/><F126/><W92/><G105/><T28/><D58/><U77/><E77/><V32/><F32/><W89/><G46/><T49/><D47/><U24/><E24/><V43/><F43/><W117/><G117/><N who="1" m="45162" /><E22/><V98/><F132/><W93/><G57/><T50/><D41/><U17/><AGARI ba="0,0" hai="10,14,17,60,63,121,122,123" m="45162,46463" machi="17" ten="40,2700,0" yaku="12,1,52,1" doraHai="78" who="1" fromWho="1" sc="437,-7,242,27,173,-7,148,-13" owari="430,53.0,269,6.9,166,-23.4,135,-36.5" /></mjloggm>