<mjloggm ver="2.3"><GO type="169" lobby="0"/><UN n0="%E3%81%B1%E3%82%93%E3%81%AA%E3%81%93%E3%81%BE%E3%81%A3%E3%81%9F" n1="%6F%67%75%6B%65%6E" n2="%E3%81%86%E3%81%9A%E3%82%89%E5%8D%B5%E3%83%95%E3%83%A9%E3%82%A4" n3="%E3%81%93%E3%81%A3%E3%81%A8%E3%81%AB%E3%81%86%E3%82%80" dan="17,16,16,17" rate="2224.68,2150.00,2036.65,2174.92" sx="M,M,M,M"/><TAIKYOKU oya="0"/><INIT seed="0,0,0,3,1,21" ten="250,250,250,250" oya="0" hai0="64,36,8,88,45,89,22,112,108,37,97,87,18" hai1="11,134,120,109,54,63,9,75,113,60,85,31,100" hai2="118,15,28,83,122,116,73,95,96,125,70,129,115" hai3="13,59,38,91,10,40,44,67,94,56,130,107,53"/><T41/><D112/><U76/><E120/><V55/><F122/><W14/><G130/><T5/><D64/><U33/><E113/><V23/><F115/><W79/><G107/><T74/><D74/><U62/><E109/><V135/><F70/><W32/><G32/><T132/><D132/><U123/><E123/><V20/><F129/><W34/><G34/><T105/><D108/><U39/><E39/><V65/><F65/><W133/><G133/><T0/><D37/><U92/><E134/><V119/><F135/><W110/><G110/><T61/><D61/><U121/><E121/><V25/><F125/><W19/><G79/><T1/><D1/><U7/><E54/><V4/><F55/><W82/><G82/><T77/><D77/><U93/><E75/><V57/><F57/><W84/><G67/><T114/><D114/><U42/><E42/><V104/><F104/><W17/><REACH who="3" step="1"/><G53/><REACH who="3" ten="250,250,250,240" step="2"/><T16/><D105/><U126/><E76/><V102/><F83/><W51/><G51/><T80/><REACH who="0" step="1"/><D22/><AGARI ba="0,1" hai="10,13,14,17,19,22,38,40,44,56,59,84,91,94" machi="22" ten="30,2000,0" yaku="1,1,7,1,53,0" doraHai="21" doraHaiUra="2" who="3" fromWho="0" sc="250,-20,250,0,250,0,240,30" /><INIT seed="1,0,0,2,1,5" ten="230,250,250,270" oya="1" hai0="54,47,120,44,48,127,90,112,81,11,32,117,75" hai1="93,97,89,70,98,50,36,73,87,1,56,0,121" hai2="131,7,69,60,103,16,30,92,34,123,83,122,8" hai3="49,27,101,45,55,74,118,108,106,76,15,33,102"/><U111/><E121/><V116/><F116/><W4/><G118/><T2/><D117/><U100/><E36/><V126/><F131/><W125/><G108/><T109/><D112/><U39/><E39/><V52/><F126/><W124/><G74/><T28/><D109/><U130/><E70/><V78/><F34/><W68/><G68/><T18/><D127/><N who="3" m="48713" /><G76/><T14/><D120/><U22/><E130/><V10/><F30/><N who="3" m="19679" /><G106/><T57/><D2/><U6/><E73/><V72/><F103/><N who="3" m="39435" /><G15/><T25/><REACH who="0" step="1"/><D90/><REACH who="0" ten="220,250,250,270" step="2"/><U37/><E89/><V129/><F123/><W64/><G4/><T46/><D46/><U23/><E6/><V105/><F7/><W17/><G17/><T79/><AGARI ba="0,1" hai="11,14,18,25,28,32,44,47,48,54,57,75,79,81" machi="79" ten="30,7900,0" yaku="1,1,0,1,52,1,53,1" doraHai="5" doraHaiUra="9" who="0" fromWho="0" sc="220,89,250,-39,250,-20,270,-20" /><INIT seed="2,0,0,0,0,55" ten="309,211,230,250" oya="2" hai0="129,123,102,64,130,132,38,122,98,48,76,126,28" hai1="27,85,116,62,1,2,100,97,93,84,125,54,121" hai2="40,5,81,99,20,101,11,79,105,120,124,114,41" hai3="69,134,127,37,14,109,24,36,70,106,52,90,58"/><V68/><F114/><W108/><G106/><T34/><D28/><U103/><E116/><V3/><F120/><N who="0" m="46122" /><D34/><U16/><E121/><V71/><F124/><W22/><G14/><T133/><D48/><U110/><E125/><V118/><F118/><W86/><G127/><T113/><D64/><U51/><E103/><V95/><F95/><N who="3" m="54743" /><G134/><N who="0" m="51819" /><D38/><N who="3" m="14953" /><G22/><T4/><D4/><U117/><E117/><V50/><F20/><W44/><G44/><T29/><D29/><U43/><E43/><V47/><REACH who="2" step="1"/><F41/><REACH who="2" ten="309,211,220,250" step="2"/><W60/><G24/><T87/><D126/><U17/><E27/><V128/><F128/><W6/><G6/><T56/><D113/><U75/><E2/><V92/><F92/><W72/><G72/><AGARI ba="0,1" hai="3,5,11,40,47,50,68,71,72,79,81,99,101,105" machi="72" ten="30,2900,0" yaku="1,1,7,1,53,0" doraHai="55" doraHaiUra="57" who="2" fromWho="3" sc="309,0,211,0,220,39,250,-29" /><INIT seed="2,1,0,2,3,53" ten="309,211,259,221" oya="2" hai0="91,9,73,126,0,77,21,30,108,119,87,40,54" hai1="12,51,121,134,72,16,117,32,131,102,42,90,64" hai2="50,122,62,10,111,18,57,86,17,93,130,124,110" hai3="100,22,28,96,14,71,38,19,92,58,82,8,67"/><V37/><F122/><W55/><G38/><T27/><D108/><N who="2" m="41514" /><F37/><W41/><G41/><T44/><D126/><U4/><E32/><V107/><F107/><W31/><G71/><T75/><D119/><U47/><E72/><V65/><F124/><W48/><G67/><T84/><D54/><U74/><E74/><V46/><F130/><W105/><G105/><T135/><D135/><U11/><E134/><V36/><F36/><W115/><G115/><T78/><D0/><U49/><E131/><V85/><F93/><W45/><G82/><T76/><D9/><U52/><E117/><V81/><F10/><W59/><G8/><T99/><D99/><U6/><E121/><V112/><F112/><W97/><G97/><T60/><D87/><N who="2" m="33290" /><F81/><W109/><G109/><T39/><D75/><U20/><E90/><V24/><F24/><N who="3" m="16407" /><G31/><T70/><D73/><U106/><E106/><V94/><F94/><W114/><G114/><T104/><D104/><U3/><E6/><V23/><F23/><W116/><G116/><T132/><D132/><U120/><E120/><V43/><AGARI ba="1,0" hai="17,18,43,46,50,57,62,65" m="33290,41514" machi="43" ten="30,6000,0" yaku="14,1,10,1,52,1" doraHai="53" who="2" fromWho="2" sc="309,-21,211,-21,259,63,221,-21" /><INIT seed="2,2,0,5,2,29" ten="288,190,322,200" oya="2" hai0="123,42,45,106,72,15,52,131,108,24,77,37,71" hai1="50,99,97,116,3,89,83,32,62,64,58,67,79" hai2="40,55,104,34,66,14,26,96,133,4,8,121,25" hai3="132,1,92,23,19,2,120,109,117,113,61,74,93"/><V124/><F121/><W112/><G117/><T111/><D123/><U87/><E116/><V51/><F133/><W68/><G74/><T49/><D106/><U126/><E3/><V35/><F40/><W70/><G120/><T122/><D122/><U27/><E126/><V107/><F66/><W103/><G109/><N who="0" m="42059" /><D71/><U6/><E6/><V85/><F85/><W31/><G31/><T78/><D131/><U30/><E67/><V134/><F134/><W11/><G132/><T114/><D114/><N who="3" m="44137" /><G61/><T33/><D72/><U86/><REACH who="1" step="1"/><E50/><REACH who="1" ten="288,180,322,200" step="2"/><V16/><F124/><W21/><G1/><T54/><D49/><U10/><E10/><V63/><F51/><W60/><G11/><T17/><D37/><U88/><E88/><V44/><F4/><W65/><G2/><T90/><D90/><U100/><E100/><V9/><F9/><W46/><G103/><T59/><D78/><U135/><E135/><V129/><F8/><W73/><G65/><T95/><D77/><U7/><E7/><V20/><F63/><W41/><G60/><T12/><D42/><U102/><E102/><V130/><F130/><W53/><G41/><T36/><D36/><U119/><E119/><V5/><F129/><W28/><G53/><T82/><D54/><U84/><E84/><V76/><F55/><W80/><G73/><T98/><D52/><U110/><E110/><V105/><F5/><W125/><G125/><T39/><D39/><U43/><E43/><V0/><F0/><W13/><G46/><T128/><D45/><U118/><E118/><V127/><F44/><W38/><G38/><RYUUKYOKU ba="2,1" sc="288,-10,180,30,322,-10,200,-10" hai1="27,30,32,58,62,64,79,83,86,87,89,97,99" /><INIT seed="3,3,1,5,0,109" ten="278,210,312,190" oya="3" hai0="104,53,82,35,23,15,50,117,57,86,96,55,75" hai1="62,29,24,48,45,129,38,52,4,88,121,74,95" hai2="132,33,51,28,37,5,102,97,17,63,49,72,107" hai3="31,21,19,65,119,14,98,46,25,56,124,92,0"/><W100/><G124/><T44/><D117/><U40/><E121/><V67/><F37/><W133/><G133/><T42/><D35/><U118/><E118/><V105/><F72/><W135/><G135/><T81/><D75/><U54/><E74/><V116/><F107/><W126/><G126/><T20/><D104/><U130/><E4/><V123/><F116/><W26/><G119/><T58/><D96/><U9/><E9/><V18/><F5/><W68/><G68/><T27/><D15/><U64/><E38/><V11/><F123/><W77/><G0/><T99/><D99/><U93/><E93/><V128/><F128/><N who="1" m="49257" /><E62/><V91/><F11/><W127/><G127/><T66/><D66/><U13/><E13/><V78/><F132/><W61/><G77/><T41/><D86/><N who="1" m="52631" /><E64/><V111/><F67/><W113/><G113/><T10/><D10/><U12/><E12/><V115/><F105/><W131/><G131/><T110/><D110/><U108/><E108/><V120/><F120/><W89/><G26/><T80/><D44/><U71/><E71/><V1/><F1/><W36/><G36/><T122/><D122/><U69/><E69/><V73/><F73/><W60/><G46/><T112/><D112/><U8/><E8/><V34/><F115/><W103/><REACH who="3" step="1"/><G61/><REACH who="3" ten="278,210,312,180" step="2"/><T94/><D27/><U85/><E85/><V22/><F63/><W101/><G101/><T2/><D2/><U106/><E106/><V7/><F102/><W3/><G3/><T114/><D114/><U6/><E6/><V59/><F7/><W32/><AGARI ba="3,2" hai="14,19,21,25,31,32,56,60,65,89,92,98,100,103" machi="32" ten="20,3900,0" yaku="1,1,0,1,7,1,53,0" doraHai="109" doraHaiUra="47" who="3" fromWho="3" sc="278,-16,210,-16,312,-16,180,68" /><INIT seed="3,4,0,0,5,44" ten="262,194,296,248" oya="3" hai0="116,38,47,29,80,66,64,48,99,117,62,17,87" hai1="132,97,96,6,69,26,119,58,19,86,56,92,21" hai2="3,118,9,36,78,40,83,18,95,100,71,59,32" hai3="105,10,130,20,108,91,120,15,27,110,98,90,52"/><W53/><G120/><T113/><D113/><U126/><E69/><V0/><F71/><W114/><G114/><T121/><D121/><U94/><E132/><V74/><F32/><W16/><G130/><T54/><D29/><U31/><E126/><V5/><F118/><W60/><G105/><T11/><D38/><U84/><E119/><V55/><F0/><W129/><G129/><T133/><D133/><U102/><E6/><V2/><F2/><W89/><G98/><T50/><D99/><U115/><E115/><V109/><F109/><N who="3" m="42091" /><G60/><T134/><D134/><U51/><E31/><AGARI ba="4,0" hai="10,15,16,20,27,31,52,53,89,90,91" m="42091" machi="31" ten="30,11600,0" yaku="14,1,10,1,54,2" doraHai="44" who="3" fromWho="1" sc="262,0,194,-128,296,0,248,128" /><INIT seed="3,5,0,4,3,92" ten="262,66,296,376" oya="3" hai0="45,54,44,67,37,0,111,49,80,62,68,26,64" hai1="7,94,70,9,39,63,22,125,10,47,34,35,105" hai2="76,52,122,79,33,69,31,121,107,106,90,95,41" hai3="32,123,28,134,124,115,133,24,38,114,48,30,87"/><W110/><G38/><T100/><D0/><U21/><E105/><N who="2" m="39947" /><F69/><W99/><G87/><T27/><D111/><U2/><E70/><V85/><F41/><W5/><G48/><N who="0" m="28935" /><D100/><U96/><E125/><V101/><F31/><N who="3" m="19559" /><G99/><T77/><D80/><U84/><E10/><V46/><F33/><W109/><G5/><T71/><D26/><U81/><E35/><V14/><F14/><W60/><G60/><N who="0" m="39943" /><D27/><U129/><E63/><V66/><F66/><W3/><G3/><T17/><D17/><U119/><E119/><V82/><F52/><W18/><G18/><T12/><D77/><N who="2" m="29770" /><F46/><W53/><G53/><N who="0" m="29871" /><D12/><U74/><E34/><V29/><F29/><N who="3" m="11371" /><G124/><T59/><D71/><U103/><E2/><V55/><F82/><W40/><G123/><T116/><D116/><U13/><E81/><V61/><F101/><W130/><G109/><T83/><D83/><U36/><E103/><V1/><F1/><W120/><G120/><T88/><D88/><U117/><E117/><V15/><F90/><W11/><G11/><T127/><D127/><U93/><E9/><V58/><F85/><W89/><G110/><T126/><D126/><U16/><E84/><V135/><F121/><W128/><G89/><T43/><D43/><U57/><E7/><V51/><F122/><W56/><G40/><T102/><D102/><U73/><E16/><V65/><F95/><W72/><G72/><T50/><D50/><U23/><E74/><V132/><F51/><W86/><G86/><T97/><D97/><U4/><E73/><V25/><F15/><W118/><G118/><T19/><D19/><RYUUKYOKU ba="5,0" sc="262,30,66,-10,296,-10,376,-10" hai0="37,59,62,67" /><INIT seed="4,6,0,0,0,49" ten="292,56,286,366" oya="0" hai0="72,86,120,58,84,89,78,125,103,117,69,16,118" hai1="35,55,27,21,131,17,64,115,28,111,6,30,110" hai2="63,8,129,121,116,38,33,10,40,26,71,130,42" hai3="50,122,128,135,75,104,66,43,44,127,5,81,36"/><T15/><D69/><U57/><E131/><N who="2" m="50187" /><F121/><W70/><G128/><T9/><D120/><U102/><E64/><N who="2" m="41375" /><F116/><W100/><G122/><T85/><D125/><U126/><E126/><V29/><F38/><W113/><G113/><T94/><D103/><U109/><E102/><V76/><F76/><W41/><G127/><T98/><REACH who="0" step="1"/><D58/><REACH who="0" ten="282,56,286,366" step="2"/><U32/><E115/><V87/><F87/><W12/><G100/><T24/><D24/><U95/><E27/><V123/><F123/><W108/><G70/><T67/><D67/><U92/><E111/><V4/><F10/><W80/><G66/><T83/><AGARI ba="6,1" hai="9,15,16,72,78,83,84,85,86,89,94,98,117,118" machi="83" ten="30,6000,0" yaku="1,1,0,1,54,1,53,0" doraHai="49" doraHaiUra="119" who="0" fromWho="0" sc="282,88,56,-26,286,-26,366,-26" /><INIT seed="4,7,0,2,0,111" ten="370,30,260,340" oya="0" hai0="24,18,13,93,35,126,116,46,122,43,15,7,9" hai1="81,34,2,127,49,129,95,50,130,36,31,48,108" hai2="134,6,61,44,45,101,12,38,112,113,102,91,33" hai3="89,98,70,59,88,106,14,110,119,66,71,117,74"/><T30/><D116/><U19/><E108/><V135/><F33/><W26/><G110/><T62/><D126/><U20/><E36/><V57/><F91/><W53/><G74/><T55/><D122/><U27/><E127/><V65/><F6/><W103/><G14/><T75/><D75/><U51/><N who="1" m="12288" /><DORA hai="125" /><U69/><E69/><V23/><F23/><W132/><G132/><N who="2" m="50729" /><F12/><W85/><G89/><T118/><D118/><U52/><E2/><V67/><F67/><W1/><G1/><T37/><D93/><U47/><E95/><V72/><F72/><W100/><G100/><N who="2" m="38505" /><F38/><W42/><G66/><T82/><D82/><U114/><E81/><V128/><F128/><N who="1" m="49257" /><E47/><AGARI ba="7,0" hai="44,45,47,57,61,65,112,113" m="38505,50729" machi="47" ten="30,3900,0" yaku="20,1,52,2" doraHai="111,125" who="2" fromWho="1" sc="370,0,30,-60,260,60,340,0" owari="370,47.0,-30,-53.0,320,-8.0,340,14.0" /></mjloggm>