<mjloggm ver="2.3"><GO type="169" lobby="0"/><UN n0="%E4%B8%8A%E6%B5%B7%E3%83%8B%E3%83%83%E3%82%AF" n1="%E3%81%88%E3%81%99%E3%81%9F%E3%81%BE%E3%82%8B" n2="%74%6F%72%69%30%36%31%32" n3="%43%55%4B%45%59" dan="16,16,18,16" rate="2168.87,2214.32,2170.26,2044.07" sx="M,M,M,M"/><TAIKYOKU oya="0"/><INIT seed="0,0,0,1,3,61" ten="250,250,250,250" oya="0" hai0="133,119,77,118,26,111,116,34,49,132,96,31,13" hai1="22,104,130,41,78,107,15,54,134,48,42,108,28" hai2="59,73,33,125,24,23,100,85,68,52,25,47,55" hai3="90,101,50,57,83,36,18,64,60,87,5,46,51"/><T12/><D77/><U135/><E108/><V76/><F68/><W71/><G5/><T3/><D96/><U99/><E130/><V43/><F73/><W35/><G35/><T58/><D58/><U8/><E78/><V79/><F33/><W6/><G6/><T9/><D49/><U72/><E72/><V105/><F125/><W131/><G131/><T102/><D102/><U44/><E22/><V4/><F4/><W80/><G101/><T39/><D39/><U109/><E28/><V112/><F112/><W84/><G18/><N who="0" m="8463" /><D3/><U70/><E109/><V123/><F100/><W126/><G126/><T29/><D111/><U17/><E70/><V82/><F105/><N who="1" m="40521" /><E99/><V0/><F0/><W14/><G14/><T7/><D31/><U81/><E81/><V122/><F82/><W97/><G97/><T69/><D69/><U106/><N who="1" m="40529" /><U121/><DORA hai="21" /><E121/><V62/><F85/><W66/><G36/><T63/><D63/><U75/><E75/><V117/><F79/><N who="3" m="46111" /><G71/><T27/><D27/><U89/><E89/><V98/><F76/><W110/><G110/><T95/><D95/><U2/><E2/><V32/><F123/><W16/><G46/><T1/><D1/><U129/><E129/><V127/><F122/><W10/><G66/><T124/><D124/><U113/><E113/><V91/><F127/><W88/><G90/><T19/><D7/><U37/><E37/><V93/><F25/><W74/><G74/><T86/><D86/><U38/><E38/><V53/><F98/><W103/><G103/><T114/><D114/><U128/><E128/><RYUUKYOKU ba="0,0" sc="250,10,250,10,250,-30,250,10" hai0="13,19,26,29,34,116,118,119,132,133" hai1="8,15,17,41,42,44,48,54,134,135" hai3="10,16,50,51,57,60,64,83,87,88" /><INIT seed="0,1,0,5,4,103" ten="260,260,220,260" oya="0" hai0="90,65,19,62,43,74,80,5,125,35,108,92,61" hai1="86,4,127,104,119,29,121,84,50,17,115,23,15" hai2="56,88,66,58,114,101,102,105,81,18,97,91,2" hai3="3,33,130,36,70,25,109,11,67,106,16,135,55"/><T28/><D125/><U31/><E119/><V77/><F2/><W41/><G109/><T7/><D108/><U68/><E121/><V9/><F114/><W118/><G135/><T60/><D43/><U30/><E68/><V51/><F102/><W37/><G130/><T124/><D124/><U107/><E127/><V21/><F9/><W6/><G118/><T87/><D65/><U49/><E115/><V38/><F38/><W8/><G41/><T76/><REACH who="0" step="1"/><D19/><REACH who="0" ten="250,260,220,260" step="2"/><U112/><E112/><V89/><F66/><W32/><G67/><T26/><AGARI ba="1,1" hai="5,7,26,28,35,60,61,62,74,76,80,87,90,92" machi="26" ten="30,11700,0" yaku="1,1,2,1,0,1,53,1" doraHai="103" doraHaiUra="73" who="0" fromWho="0" sc="250,130,260,-40,220,-40,260,-40" /><INIT seed="0,2,0,5,3,128" ten="380,220,180,220" oya="0" hai0="55,61,2,38,20,89,105,68,25,83,46,127,59" hai1="36,54,88,69,81,94,115,120,86,47,129,42,63" hai2="131,70,10,44,71,27,121,110,51,9,124,73,117" hai3="66,95,57,75,85,93,17,125,90,104,77,1,14"/><T37/><D105/><U135/><E120/><V87/><F87/><W21/><G125/><T102/><D102/><U16/><E129/><V114/><F27/><W99/><G1/><T62/><D89/><U19/><E115/><V130/><F10/><W72/><G104/><T100/><D83/><U106/><E106/><V74/><F9/><W53/><G66/><N who="0" m="41039" /><D100/><U18/><E135/><V103/><F103/><W35/><G35/><T8/><D20/><U23/><E81/><V52/><F74/><W58/><G58/><N who="0" m="35167" /><D25/><U49/><E69/><N who="2" m="26123" /><F73/><W91/><REACH who="3" step="1"/><G77/><REACH who="3" ten="380,220,180,210" step="2"/><T84/><D2/><U92/><E63/><AGARI ba="2,1" hai="14,17,21,53,57,63,72,75,85,90,91,93,95,99" machi="63" ten="30,3900,0" yaku="1,1,2,1,7,1,53,0" doraHai="128" doraHaiUra="111" who="3" fromWho="1" sc="380,0,220,-45,180,0,210,55" /><INIT seed="1,0,0,1,2,48" ten="380,175,180,265" oya="1" hai0="112,9,121,109,20,87,88,59,103,117,39,34,90" hai1="113,125,67,57,74,51,96,56,12,7,33,102,82" hai2="105,66,47,65,106,68,85,60,104,91,31,11,18" hai3="69,32,100,53,132,95,3,79,71,128,64,42,62"/><U17/><E113/><V122/><F122/><W16/><G128/><T75/><D34/><U107/><E125/><V38/><F66/><W129/><G129/><T15/><D75/><U26/><E7/><V72/><F72/><W126/><G126/><T77/><D112/><U21/><E67/><V28/><F38/><W135/><G32/><T81/><D39/><U111/><E111/><V127/><F47/><W23/><G3/><T118/><D109/><U76/><E33/><V54/><F54/><W119/><G42/><T94/><D121/><U22/><REACH who="1" step="1"/><E51/><REACH who="1" ten="380,165,180,265" step="2"/><V6/><F127/><W1/><G64/><T52/><D118/><U86/><E86/><V44/><F44/><W0/><G119/><T35/><D35/><U4/><E4/><V134/><F134/><W25/><G71/><T55/><D117/><U98/><E98/><V58/><F68/><W78/><G69/><T114/><D114/><U123/><E123/><V99/><F99/><N who="3" m="59519" /><G0/><T131/><D131/><U73/><E73/><V50/><F50/><W24/><G1/><T92/><D103/><U8/><E8/><V27/><F6/><W93/><G135/><T84/><D9/><U40/><E40/><V61/><F61/><W30/><G132/><T14/><D20/><U89/><E89/><V19/><F91/><W10/><G10/><T83/><D77/><U46/><E46/><V36/><F36/><W41/><G41/><T29/><D59/><U101/><E101/><V37/><F37/><W43/><G43/><T13/><D87/><U130/><E130/><V120/><F120/><W80/><G79/><RYUUKYOKU ba="0,1" sc="380,-10,165,30,180,-10,265,-10" hai1="12,17,21,22,26,56,57,74,76,82,96,102,107" /><INIT seed="1,1,1,1,2,6" ten="370,195,170,255" oya="1" hai0="1,76,36,96,13,21,12,38,116,90,0,68,113" hai1="46,62,35,85,32,40,34,119,107,93,7,73,92" hai2="39,49,99,133,47,87,24,88,82,26,45,125,2" hai3="91,102,17,23,50,135,42,108,15,123,8,59,101"/><U66/><E119/><V112/><F125/><W74/><G123/><T80/><D68/><U97/><E73/><V114/><F2/><W109/><G74/><T16/><D116/><U48/><E85/><V14/><F133/><W69/><G69/><T19/><D113/><N who="2" m="43626" /><F39/><W37/><G37/><T28/><D28/><U4/><E107/><V106/><F47/><N who="3" m="25975" /><G135/><T103/><D90/><U98/><E98/><V132/><F14/><N who="3" m="9655" /><G59/><T79/><D0/><U84/><E84/><V127/><F127/><W65/><G65/><T5/><D1/><U67/><E67/><V25/><F132/><W64/><G64/><T43/><D38/><U27/><E27/><V124/><F124/><W115/><G115/><T31/><D36/><U33/><N who="1" m="8192" /><DORA hai="53" /><U83/><E83/><V105/><F99/><W11/><G15/><T30/><D5/><U54/><E40/><AGARI ba="1,1" hai="24,25,26,40,45,49,82,87,88,105,106" m="43626" machi="40" ten="30,2000,0" yaku="11,1,54,1" doraHai="6,53" who="2" fromWho="1" sc="370,0,195,-23,170,33,255,0" /><INIT seed="2,0,0,4,2,74" ten="370,172,203,255" oya="2" hai0="83,135,16,28,117,80,9,61,33,122,126,52,127" hai1="106,17,37,115,34,94,59,124,78,73,91,86,0" hai2="41,71,5,12,29,67,11,42,3,38,130,96,14" hai3="4,87,72,81,92,123,111,129,7,120,53,109,57"/><V110/><F130/><W63/><G129/><T134/><D122/><U133/><E115/><V112/><F112/><W102/><G72/><T99/><D117/><U50/><E37/><V22/><F71/><W121/><G102/><T48/><D61/><U75/><E133/><N who="0" m="50697" /><D99/><U35/><E124/><N who="0" m="47657" /><D28/><U82/><E0/><V97/><F3/><W13/><G92/><T76/><D33/><U98/><E75/><V100/><F110/><N who="3" m="41995" /><G13/><N who="0" m="7215" /><D76/><AGARI ba="0,0" hai="4,7,53,57,63,76,81,87,120,121,123" m="41995" machi="76" ten="40,2600,0" yaku="14,1,52,1" doraHai="74" who="3" fromWho="0" sc="370,-26,172,0,203,0,255,26" /><INIT seed="3,0,0,0,3,23" ten="344,172,203,281" oya="3" hai0="11,92,45,110,44,124,25,75,130,59,33,102,41" hai1="15,107,120,127,2,14,96,49,47,4,111,46,27" hai2="55,72,73,28,62,39,117,71,16,90,116,35,94" hai3="50,82,100,68,118,104,43,115,37,84,134,122,52"/><W0/><G118/><T63/><D75/><U87/><E120/><V101/><F39/><W65/><G115/><T123/><D123/><U38/><E111/><V53/><F101/><W80/><G122/><T56/><D110/><U77/><E127/><V18/><F71/><W78/><G134/><T132/><D124/><U105/><E2/><V69/><F69/><W131/><G0/><T112/><D132/><U51/><E38/><V36/><F36/><W95/><G131/><T30/><D130/><U7/><E77/><V31/><F94/><W86/><G104/><T8/><D112/><U54/><E87/><V83/><F90/><W103/><G95/><T129/><D59/><U81/><E81/><V113/><F83/><W57/><G68/><T67/><D45/><U42/><E96/><V13/><F13/><W64/><G37/><T21/><D33/><U26/><REACH who="1" step="1"/><E54/><REACH who="1" ten="344,162,203,281" step="2"/><V119/><F113/><W12/><G43/><AGARI ba="0,1" hai="4,7,14,15,26,27,42,43,46,47,49,51,105,107" machi="43" ten="25,12000,2" yaku="1,1,2,1,22,2,52,2,53,0" doraHai="23" doraHaiUra="34" who="1" fromWho="3" sc="344,0,162,130,203,0,281,-120" /><INIT seed="4,0,0,0,3,49" ten="344,292,203,161" oya="0" hai0="106,101,47,99,75,119,100,22,57,60,20,32,72" hai1="125,19,51,4,59,42,56,79,104,25,123,107,58" hai2="113,95,6,33,76,53,118,45,91,0,35,97,37" hai3="2,134,13,34,52,27,64,85,82,61,36,110,40"/><T120/><D119/><U90/><E123/><V83/><F113/><W55/><G110/><T135/><D120/><U121/><E121/><V54/><F118/><W5/><G134/><T3/><D135/><U89/><E125/><V86/><F0/><W23/><G2/><T11/><D32/><U65/><E4/><V131/><F131/><W77/><G34/><T74/><D101/><U78/><E65/><V126/><F126/><W67/><G40/><T105/><D105/><U14/><E25/><V127/><F127/><W112/><G36/><T16/><D47/><N who="1" m="26103" /><E107/><V122/><F122/><W124/><G124/><T10/><D3/><U88/><E104/><V24/><F6/><W17/><G112/><T84/><D84/><U50/><E50/><V18/><F18/><W69/><REACH who="3" step="1"/><G67/><REACH who="3" ten="344,292,203,151" step="2"/><T102/><D106/><U109/><E109/><V21/><F35/><W98/><G98/><T92/><D74/><U133/><E133/><V111/><F33/><W68/><G68/><T66/><D75/><U96/><E96/><V108/><F111/><W71/><G71/><T130/><D72/><U63/><E63/><V31/><F108/><W103/><G103/><T46/><D102/><U28/><E28/><V26/><F37/><W1/><G1/><T39/><D39/><U128/><E128/><V115/><F115/><W93/><G93/><T29/><D130/><U73/><E73/><V7/><F95/><W12/><G12/><N who="0" m="9223" /><D46/><U38/><E38/><V48/><F97/><W30/><G30/><T117/><D117/><U43/><E43/><N who="2" m="24639" /><F31/><W41/><G41/><T94/><D94/><RYUUKYOKU ba="0,1" sc="344,10,292,10,203,-30,151,10" hai0="10,11,22,29,57,60,66,92,99,100" hai1="14,19,56,58,59,78,79,88,89,90" hai3="5,13,17,23,27,52,55,61,64,69,77,82,85" /><INIT seed="4,1,1,3,4,49" ten="354,302,173,161" oya="0" hai0="92,105,126,9,84,21,28,20,14,8,30,123,42" hai1="16,35,74,127,13,51,75,112,19,11,91,130,108" hai2="69,95,26,94,83,90,99,107,104,3,114,96,117" hai3="54,106,53,60,125,1,116,103,58,71,48,2,68"/><T87/><D105/><N who="2" m="40522" /><F26/><W47/><G116/><T10/><D123/><U65/><E108/><V15/><F15/><W109/><G109/><T134/><D42/><U37/><E37/><V25/><F25/><W77/><G77/><T59/><D134/><U46/><E35/><V70/><F3/><W124/><G103/><T62/><D126/><N who="3" m="48745" /><G106/><T86/><D92/><N who="2" m="35370" /><F70/><AGARI ba="1,1" hai="1,2,47,48,53,54,58,60,68,70,71" m="48745" machi="70" ten="30,3900,0" yaku="18,1,52,2" doraHai="49" who="3" fromWho="2" sc="354,0,302,0,173,-42,161,52" /><INIT seed="5,0,0,1,5,48" ten="354,302,131,213" oya="1" hai0="26,21,108,102,22,23,47,71,126,5,95,46,32" hai1="132,8,110,75,123,67,55,31,91,49,52,58,20" hai2="6,109,17,44,13,78,7,120,80,94,90,105,97" hai3="12,56,79,83,88,100,130,38,118,99,43,69,18"/><U98/><E123/><V101/><F109/><W66/><G118/><T51/><D108/><U30/><E75/><V114/><F120/><W92/><G130/><T42/><D71/><U4/><E110/><V33/><F33/><W77/><G69/><T117/><D117/><U35/><E35/><V36/><F36/><W2/><G2/><T96/><D126/><U106/><E132/><V129/><F44/><W53/><G66/><T61/><D5/><U64/><E20/><V103/><F129/><W29/><G29/><N who="1" m="10762" /><E106/><V81/><F114/><W121/><G43/><T19/><D32/><U131/><E131/><V107/><F107/><W111/><G38/><T89/><D61/><N who="1" m="36039" /><E8/><V65/><F65/><N who="1" m="25161" /><E4/><N who="2" m="1579" /><F105/><W115/><G115/><T63/><D63/><U116/><E116/><V60/><F60/><N who="3" m="35855" /><G111/><T84/><D46/><N who="1" m="28087" /><E91/><V62/><F62/><W39/><G39/><T128/><D128/><U127/><E127/><V28/><F28/><W3/><G3/><T133/><D133/><U135/><E135/><V1/><F1/><W11/><G121/><T57/><D57/><U86/><E86/><AGARI ba="0,0" hai="11,12,18,77,79,83,86,88,92,99,100" m="35855" machi="86" ten="30,3900,0" yaku="8,1,52,1,54,1" doraHai="48" who="3" fromWho="1" sc="354,0,302,-39,131,0,213,39" /><INIT seed="6,0,0,3,2,77" ten="354,263,131,252" oya="2" hai0="62,118,87,20,1,86,85,23,113,18,119,64,133" hai1="46,22,124,108,57,13,91,27,110,7,51,94,10" hai2="42,96,101,14,50,106,28,72,78,31,54,131,84" hai3="43,123,98,2,6,99,105,21,60,17,45,48,41"/><V73/><F42/><W49/><G123/><T88/><D113/><U39/><E124/><V116/><F116/><N who="0" m="44586" /><D1/><U55/><E39/><V37/><F37/><W125/><G105/><T52/><D133/><U76/><E76/><V126/><F126/><W102/><G102/><T4/><D4/><U16/><REACH who="1" step="1"/><E46/><REACH who="1" ten="354,253,131,252" step="2"/><V24/><F131/><W25/><G125/><T97/><D64/><U19/><E19/><V65/><F73/><W107/><G107/><T61/><D18/><U0/><E0/><V120/><F72/><W130/><G6/><T117/><D117/><U127/><E127/><V132/><F132/><W56/><G2/><T95/><D62/><U29/><E29/><V69/><F120/><W30/><G17/><T58/><AGARI ba="0,1" hai="20,23,52,58,61,85,86,87,88,95,97" m="44586" machi="58" ten="40,5200,0" yaku="12,1,54,2" doraHai="77" who="0" fromWho="0" sc="354,62,253,-13,131,-26,252,-13" /><INIT seed="7,0,0,3,3,35" ten="416,240,105,239" oya="3" hai0="102,46,119,16,18,7,23,70,128,91,42,89,34" hai1="107,78,135,134,37,68,77,99,32,5,76,60,79" hai2="36,72,61,73,117,132,55,26,104,66,97,114,24" hai3="4,122,13,133,113,124,108,127,130,29,84,86,106"/><W47/><G122/><T10/><D119/><U64/><E37/><V111/><F55/><W88/><G108/><T123/><D123/><U110/><E110/><V8/><F24/><W56/><G113/><T40/><D128/><U96/><E32/><V58/><F58/><W103/><G106/><T92/><D70/><U109/><E109/><V74/><F111/><W100/><G133/><N who="1" m="50698" /><E107/><V44/><F132/><W12/><G130/><T15/><D34/><U62/><E5/><V126/><F26/><W59/><G4/><T95/><D18/><U81/><E62/><V105/><F114/><W121/><G121/><T120/><D120/><U116/><E116/><V71/><F117/><W25/><G47/><T80/><D80/><U3/><E3/><V51/><F51/><W27/><REACH who="3" step="1"/><G88/><REACH who="3" ten="416,240,105,229" step="2"/><T48/><D91/><U14/><E14/><V6/><F97/><W83/><G83/><T0/><D89/><U54/><E54/><V2/><REACH who="2" step="1"/><F126/><REACH who="2" ten="416,240,95,229" step="2"/><W87/><G87/><AGARI ba="0,2" hai="60,64,68,76,77,78,79,81,87,96,99" m="50698" machi="87" ten="30,1000,0" yaku="20,1" doraHai="35" who="1" fromWho="3" sc="416,0,240,30,95,0,229,-10" owari="416,51.6,270,7.0,95,-40.5,219,-18.1" /></mjloggm>