<mjloggm ver="2.3"><GO type="169" lobby="0"/><UN n0="%E3%83%A9%E3%83%B3%E3%82%B0%E3%83%A9" n1="%7A%6F%6F%31%39%36%34" n2="%62%69%70%73%64" n3="%E7%9C%9F%E9%BE%8D%E5%85%84%E8%B2%B4" dan="16,17,18,16" rate="2087.65,2188.70,2268.00,2019.88" sx="M,M,M,M"/><TAIKYOKU oya="0"/><INIT seed="0,0,0,4,0,1" ten="250,250,250,250" oya="0" hai0="90,84,34,92,18,66,87,0,108,4,74,104,44" hai1="53,52,42,94,54,76,73,7,78,31,130,113,86" hai2="71,60,120,22,64,80,106,110,117,100,8,46,93" hai3="65,107,98,11,38,97,3,69,62,49,43,20,10"/><T55/><D104/><U103/><E73/><V79/><F120/><W6/><G107/><T127/><D74/><U45/><E130/><V39/><F93/><W99/><G20/><T101/><D127/><U51/><E113/><V89/><F89/><W26/><G26/><T40/><D34/><U116/><E116/><V32/><F22/><W2/><G38/><T61/><D101/><U25/><E7/><V57/><F57/><W133/><G133/><T28/><D28/><U41/><E41/><V109/><F8/><W123/><G123/><T96/><D55/><U95/><E95/><V15/><F15/><W122/><G122/><T118/><D118/><U59/><E59/><V115/><F32/><W13/><REACH who="3" step="1"/><G11/><REACH who="3" ten="250,250,250,240" step="2"/><T14/><D108/><U82/><E31/><V19/><F39/><W125/><G125/><T105/><D105/><U58/><E25/><V17/><F117/><W112/><G112/><T114/><D114/><U75/><E75/><V132/><F115/><W85/><G85/><T111/><D111/><U81/><E58/><V5/><F132/><W37/><G37/><T70/><D87/><U119/><E119/><V126/><F126/><W33/><G33/><T67/><D84/><U56/><E56/><V91/><F110/><W23/><G23/><N who="0" m="11735" /><D70/><U124/><E124/><V83/><F71/><W102/><G102/><T9/><D61/><U24/><E24/><V63/><F100/><W30/><G30/><T128/><D128/><U77/><E86/><N who="2" m="50631" /><F106/><W47/><AGARI ba="0,1" hai="2,3,6,10,13,43,47,49,62,65,69,97,98,99" machi="47" ten="30,4000,0" yaku="1,1,0,1,52,1,53,0" doraHai="1" doraHaiUra="68" who="3" fromWho="3" sc="250,-20,250,-10,250,-10,240,50" /><INIT seed="1,0,0,5,2,0" ten="230,240,240,290" oya="1" hai0="43,6,51,46,1,3,125,88,4,36,20,22,117" hai1="111,86,58,114,54,55,97,29,44,121,112,34,61" hai2="32,100,23,128,27,42,56,119,107,83,17,132,33" hai3="127,14,35,62,8,24,105,11,7,78,64,45,84"/><U15/><E121/><V129/><F42/><W126/><G105/><T73/><D117/><U65/><E111/><V82/><F119/><W18/><G45/><T53/><D73/><U63/><E97/><N who="2" m="61839" /><F56/><W47/><G47/><T21/><D125/><U10/><E34/><N who="2" m="13419" /><F132/><W122/><G122/><T25/><D25/><U110/><E29/><V28/><F17/><W66/><G35/><T92/><D1/><U95/><E110/><V41/><F41/><W26/><G26/><T130/><D3/><U77/><E44/><V49/><F49/><W40/><G40/><T85/><REACH who="0" step="1"/><D130/><AGARI ba="0,0" hai="23,27,28,82,83,128,129,130" m="13419,61839" machi="130" ten="30,1000,0" yaku="19,1" doraHai="0" who="2" fromWho="0" sc="230,-10,240,0,240,10,290,0" /><INIT seed="2,0,0,5,5,21" ten="220,240,250,290" oya="2" hai0="47,65,114,90,55,7,35,117,40,100,93,9,134" hai1="73,27,79,59,16,124,63,46,14,111,41,80,25" hai2="64,1,133,106,6,0,96,31,52,69,24,8,30" hai3="130,105,131,53,70,132,54,12,113,51,74,115,11"/><V37/><F37/><W4/><G105/><T109/><D114/><N who="3" m="43529" /><G74/><T107/><D109/><U83/><E111/><V121/><F121/><W126/><G70/><T87/><D134/><U3/><E3/><V20/><F133/><W36/><G36/><T77/><D117/><U68/><E68/><V34/><F0/><W99/><G132/><T97/><D35/><U26/><E124/><V88/><F52/><N who="3" m="20075" /><G126/><T86/><D55/><N who="1" m="34303" /><E73/><V13/><F64/><W67/><G67/><T118/><D65/><U5/><E5/><V28/><F69/><W91/><G51/><T129/><D129/><U44/><E79/><V94/><F106/><W98/><G91/><T66/><D66/><U119/><E119/><V42/><F42/><W33/><G33/><T102/><D102/><U84/><E41/><V108/><F108/><W92/><G92/><T101/><D101/><U75/><E75/><V22/><REACH who="2" step="1"/><F34/><REACH who="2" ten="220,240,240,290" step="2"/><W15/><G130/><T57/><D118/><U104/><E104/><V135/><F135/><W62/><G131/><T120/><D120/><U125/><E125/><V122/><F122/><W38/><G38/><T85/><D57/><U45/><E84/><V19/><AGARI ba="0,1" hai="1,6,8,13,19,20,22,24,28,30,31,88,94,96" machi="19" ten="30,12000,1" yaku="1,1,0,1,52,1,54,1,53,1" doraHai="21" doraHaiUra="23" who="2" fromWho="2" sc="220,-40,240,-40,240,130,290,-40" /><INIT seed="2,1,0,3,5,92" ten="180,200,370,250" oya="2" hai0="123,61,32,10,47,89,135,119,103,100,86,68,128" hai1="76,5,107,67,77,117,58,75,130,50,16,57,90" hai2="134,33,87,97,126,106,28,79,52,104,83,1,51" hai3="80,8,113,98,124,44,19,84,109,18,121,114,125"/><V73/><F1/><W59/><G121/><T17/><D123/><U88/><E117/><V101/><F134/><W11/><G44/><T85/><D135/><U12/><E130/><V115/><F115/><N who="3" m="44043" /><G59/><T96/><D128/><U4/><E107/><V56/><F126/><N who="3" m="48747" /><G84/><T27/><D32/><U133/><E133/><V70/><F70/><W116/><G80/><T29/><D47/><U53/><E75/><V82/><F106/><W43/><G43/><T72/><D72/><U62/><E77/><V21/><F33/><W94/><G116/><T69/><D119/><U108/><E108/><V34/><F34/><W14/><G109/><T102/><D61/><U110/><E76/><V23/><REACH who="2" step="1"/><F28/><REACH who="2" ten="180,200,360,250" step="2"/><W7/><G11/><T54/><D10/><N who="1" m="6167" /><E110/><V105/><F105/><W25/><G25/><T65/><D27/><U20/><E20/><V112/><F112/><W55/><G55/><T111/><D54/><U91/><AGARI ba="1,1" hai="4,5,50,53,57,58,62,67,88,90,91" m="6167" machi="91" ten="30,4000,0" yaku="8,1,54,2" doraHai="92" who="1" fromWho="1" sc="180,-11,200,53,360,-21,250,-11" /><INIT seed="3,0,0,1,2,48" ten="169,253,339,239" oya="3" hai0="45,35,93,126,70,59,34,122,130,46,44,119,133" hai1="114,66,97,58,132,92,8,36,110,37,115,23,15" hai2="65,32,104,94,69,107,101,12,62,1,108,75,96" hai3="88,26,98,17,27,72,39,128,51,0,57,40,112"/><W105/><G112/><T113/><D113/><U99/><E110/><V30/><F1/><W90/><G72/><T84/><D70/><U80/><E132/><V77/><F108/><W124/><G0/><T18/><D119/><U6/><E37/><V7/><F12/><W29/><G39/><T43/><D122/><U31/><E36/><V121/><F7/><W85/><G124/><T63/><D133/><U116/><E99/><V135/><F135/><W42/><G128/><T123/><D123/><U64/><E64/><V103/><F121/><W53/><G17/><T100/><D126/><U117/><E80/><N who="2" m="45119" /><F94/><N who="3" m="56647" /><G105/><T49/><D130/><U10/><E10/><V67/><F67/><W3/><G3/><T41/><D18/><U125/><E125/><V55/><F103/><W52/><G53/><T56/><D49/><U21/><E115/><V79/><F55/><W68/><G68/><T22/><D34/><U91/><E114/><V102/><F102/><W5/><G5/><T89/><D35/><U14/><E31/><V111/><F107/><W28/><G28/><T74/><D100/><U50/><E66/><V127/><F127/><W120/><G120/><T11/><D74/><U87/><E117/><V76/><F111/><W83/><G29/><T9/><D43/><AGARI ba="0,0" hai="26,27,40,42,43,51,52,57,83,85,90" m="56647" machi="43" ten="30,11600,0" yaku="8,1,52,1,54,2" doraHai="48" who="3" fromWho="0" sc="169,-116,253,0,339,0,239,116" /><INIT seed="3,1,0,4,1,127" ten="53,253,339,355" oya="3" hai0="17,55,121,84,113,67,46,14,12,48,2,91,32" hai1="53,88,24,27,7,135,108,78,19,126,132,94,131" hai2="8,72,62,74,103,68,129,13,70,5,110,130,59" hai3="38,85,107,54,76,102,20,47,98,4,31,52,36"/><W118/><G118/><T81/><D2/><U79/><E108/><V58/><F103/><W120/><G120/><T66/><D32/><U89/><E7/><V15/><F110/><W6/><G6/><T35/><D35/><U60/><E126/><V43/><F43/><W134/><G134/><T75/><D121/><U61/><E94/><V16/><F70/><W104/><G104/><T63/><D113/><U114/><E53/><V18/><F68/><W77/><G4/><T28/><D28/><U109/><E19/><V106/><F106/><W56/><G47/><T119/><D119/><U123/><E109/><V49/><F49/><W34/><G34/><T37/><D37/><U95/><E95/><V111/><F111/><W122/><G54/><T45/><D75/><U116/><E116/><V83/><F83/><W11/><G11/><T30/><D30/><U50/><E50/><V71/><F71/><W9/><G9/><T73/><D73/><U117/><E117/><V115/><F5/><W100/><G100/><T25/><D45/><U64/><E64/><V96/><F96/><W124/><G124/><T44/><D44/><U33/><E33/><V97/><F97/><W86/><G86/><T133/><D133/><U39/><E39/><N who="3" m="14890" /><G85/><T112/><D112/><U128/><E123/><V57/><F62/><N who="3" m="36103" /><G122/><T40/><D40/><U82/><E82/><V3/><F115/><AGARI ba="1,0" hai="24,27,60,61,78,79,88,89,114,115,128,131,132,135" machi="115" ten="25,8000,1" yaku="22,2,52,2,54,1" doraHai="127" who="1" fromWho="2" sc="53,0,253,83,339,-83,355,0" /><INIT seed="4,0,0,3,5,25" ten="53,336,256,355" oya="0" hai0="22,118,64,21,38,69,84,14,24,88,103,117,99" hai1="68,9,76,57,8,3,98,129,112,28,37,116,109" hai2="51,52,111,114,41,133,132,48,93,67,19,74,82" hai3="55,23,60,66,29,12,32,107,110,127,53,97,70"/><T86/><D38/><U121/><E98/><V2/><F2/><W10/><G23/><T105/><D84/><U102/><E57/><V73/><F111/><W115/><G115/><T134/><D134/><N who="2" m="51818" /><F67/><W135/><G110/><T36/><D36/><U17/><E102/><V100/><F114/><W1/><G1/><T123/><D123/><U5/><E76/><V113/><F113/><W85/><G85/><T6/><D21/><U26/><E68/><V44/><F19/><W15/><G127/><T18/><D6/><U11/><E37/><V119/><F119/><W79/><G79/><T90/><D14/><N who="1" m="7375" /><E112/><V89/><F100/><W95/><G15/><T106/><D106/><U77/><E77/><V83/><F74/><W92/><G92/><T13/><D13/><U35/><E109/><V126/><F126/><W75/><G75/><T81/><REACH who="0" step="1"/><D90/><REACH who="0" ten="43,336,256,355" step="2"/><U80/><E121/><V91/><F73/><W130/><G135/><T94/><D94/><U131/><E80/><N who="2" m="30763" /><F93/><W54/><G107/><T45/><D45/><AGARI ba="0,1" hai="41,44,45,48,51,52,89,91" m="30763,51818" machi="45" ten="30,2000,0" yaku="20,1,54,1" doraHai="25" who="2" fromWho="0" sc="43,-20,336,0,256,30,355,0" /><INIT seed="5,0,0,3,4,47" ten="23,336,286,355" oya="1" hai0="134,103,69,113,45,16,96,59,83,31,87,18,128" hai1="111,117,88,63,93,27,119,5,84,41,109,130,6" hai2="107,100,22,121,78,24,91,129,39,71,1,51,112" hai3="54,11,14,94,64,104,68,115,57,36,76,32,97"/><U38/><E130/><V33/><F39/><W8/><G32/><T120/><D69/><U61/><E27/><V21/><F121/><W29/><G29/><T35/><D113/><U131/><E131/><V65/><F1/><W44/><G104/><T20/><D128/><U99/><E38/><V26/><F78/><W43/><G76/><T86/><D120/><U4/><E41/><V81/><F91/><W49/><G115/><T102/><D134/><U118/><REACH who="1" step="1"/><E99/><REACH who="1" ten="23,326,286,355" step="2"/><V55/><F24/><W50/><G36/><T0/><D35/><U60/><AGARI ba="0,1" hai="4,5,6,60,61,63,84,88,93,109,111,117,118,119" machi="60" ten="40,18000,2" yaku="1,1,2,1,0,1,29,2,54,1,53,0" doraHai="47" doraHaiUra="92" who="1" fromWho="1" sc="23,-60,326,190,286,-60,355,-60" owari="-37,-53.7,516,61.6,226,-17.4,295,9.5" /></mjloggm>