<mjloggm ver="2.3"><GO type="169" lobby="0"/><UN n0="%E5%85%A9%E5%84%80%E4%B8%B6%E5%BC%8F" n1="%33%39%E3%81%95%E3%82%93" n2="%E3%81%95%E3%81%8F%E3%82%88%E3%81%93%E3%81%A1%E3%82%83%E3%82%93" n3="%58%E7%8C%AB" dan="16,16,16,16" rate="2141.16,2126.98,2073.72,2066.67" sx="M,M,M,M"/><TAIKYOKU oya="0"/><INIT seed="0,0,0,0,3,91" ten="250,250,250,250" oya="0" hai0="122,38,97,45,35,1,11,121,125,30,129,130,51" hai1="76,72,124,22,15,34,104,74,17,115,68,56,116" hai2="29,12,69,84,135,0,65,49,71,131,48,39,117" hai3="24,59,43,82,70,8,25,88,132,87,23,36,119"/><T37/><D35/><U93/><E68/><V126/><F0/><W4/><G119/><T105/><D30/><U16/><E104/><V96/><F117/><W55/><G70/><T61/><D11/><U128/><E34/><V28/><F84/><W107/><G132/><T5/><D5/><U6/><E116/><V127/><F96/><W27/><G107/><T75/><D1/><U40/><E124/><V20/><F65/><W86/><G36/><N who="0" m="13931" /><D97/><U79/><E40/><V114/><F39/><W7/><G43/><N who="0" m="25023" /><D75/><U110/><E6/><V57/><F57/><W94/><G8/><T108/><D105/><U111/><E115/><V2/><F2/><W99/><G86/><T118/><D118/><U46/><E56/><V103/><F135/><W100/><REACH who="3" step="1"/><G23/><REACH who="3" ten="250,250,250,240" step="2"/><T78/><D122/><U42/><E74/><V26/><F20/><W77/><G77/><T58/><D78/><U64/><E72/><V41/><F127/><W133/><G133/><T106/><D106/><U89/><E79/><V31/><F126/><W33/><G33/><T18/><D121/><U80/><E76/><V83/><F41/><W54/><G54/><N who="0" m="34007" /><D125/><U21/><E21/><V90/><F114/><W47/><G47/><T73/><D73/><U32/><E32/><V52/><F52/><W112/><G112/><T44/><D44/><U95/><E46/><V60/><F26/><W53/><G53/><T120/><D120/><U3/><E42/><V13/><F13/><W134/><G134/><T92/><D129/><U50/><E128/><V67/><F131/><W113/><G113/><T9/><D130/><RYUUKYOKU ba="0,1" sc="250,-10,250,-10,250,-10,240,30" hai3="4,7,24,25,27,55,59,82,87,88,94,99,100" /><INIT seed="1,1,1,2,1,52" ten="240,240,240,270" oya="1" hai0="2,102,23,5,97,55,45,127,49,133,128,37,89" hai1="64,31,68,70,61,103,9,105,126,42,17,94,121" hai2="21,109,74,99,67,82,59,3,117,85,122,91,24" hai3="132,130,26,100,33,20,83,66,35,8,29,81,44"/><U22/><E121/><V10/><F117/><W92/><G132/><T16/><D128/><U40/><E105/><V50/><F122/><W90/><G130/><T65/><D133/><U134/><E70/><V118/><F118/><W19/><G35/><T7/><D127/><U93/><E134/><V119/><F119/><W125/><G125/><T75/><D75/><U15/><E126/><V73/><F109/><W25/><G100/><T129/><D129/><U107/><E107/><V112/><F112/><W96/><G66/><T114/><D114/><U12/><E93/><V0/><F99/><W110/><G110/><T77/><D77/><U135/><E135/><V78/><F10/><W106/><G106/><T113/><D113/><U18/><E31/><V88/><F74/><W46/><G8/><T108/><D108/><U27/><E27/><V79/><F79/><W63/><G63/><T48/><D37/><U11/><E22/><V80/><F91/><W120/><G120/><T57/><D89/><U71/><E68/><V1/><F50/><W30/><G19/><T104/><D2/><U38/><E38/><V124/><F124/><W54/><G46/><T32/><D32/><U101/><E101/><V6/><F6/><W60/><G44/><T111/><D111/><U131/><E131/><V116/><F116/><W4/><G4/><T84/><D84/><U76/><REACH who="1" step="1"/><E76/><REACH who="1" ten="240,230,240,270" step="2"/><V95/><F95/><W13/><G13/><N who="0" m="9615" /><D104/><U115/><E115/><V69/><F69/><W41/><G33/><T47/><D102/><U28/><E28/><V34/><F34/><W87/><G30/><RYUUKYOKU ba="1,2" sc="240,-10,230,30,240,-10,270,-10" hai1="9,11,12,15,17,18,40,42,61,64,71,94,103" /><INIT seed="1,2,2,0,3,99" ten="230,260,230,260" oya="1" hai0="115,98,11,21,39,25,42,77,38,44,49,31,94" hai1="107,51,45,120,24,80,36,132,127,55,40,133,48" hai2="60,85,23,68,103,93,112,119,19,87,14,118,59" hai3="15,33,114,128,47,64,27,66,111,57,12,76,16"/><U106/><E120/><V130/><F68/><W102/><G114/><T105/><D115/><U124/><E80/><V79/><F112/><W62/><G111/><T46/><D105/><U29/><E51/><V78/><F130/><W126/><G128/><T2/><D77/><N who="2" m="29194" /><F119/><W89/><G76/><T90/><D2/><U67/><E67/><N who="2" m="39327" /><F118/><W22/><G126/><N who="1" m="48170" /><E107/><V84/><F103/><W65/><G102/><T69/><D69/><U113/><E106/><V122/><F122/><W20/><G33/><T125/><D125/><U81/><E113/><V0/><F0/><W6/><G89/><AGARI ba="2,2" hai="14,19,23,84,85,87,89,93" m="39327,29194" machi="89" ten="30,1000,0" yaku="8,1" doraHai="99" who="2" fromWho="3" sc="230,0,260,0,230,36,260,-16" /><INIT seed="2,0,0,0,5,123" ten="230,260,266,244" oya="2" hai0="69,96,15,121,50,81,17,76,122,61,95,90,117" hai1="8,129,70,113,127,34,55,16,45,22,79,93,102" hai2="53,120,29,10,60,66,39,72,4,131,5,124,3" hai3="84,105,99,63,106,49,18,64,41,78,57,82,38"/><V88/><F120/><W40/><G40/><T108/><D108/><U83/><E113/><V100/><F39/><W62/><G99/><T48/><D117/><U43/><E34/><V2/><F131/><W98/><G98/><T133/><D133/><U21/><E70/><V87/><F72/><W110/><G110/><T27/><D27/><U13/><E127/><V111/><F124/><W74/><G18/><T9/><D122/><U56/><E93/><V71/><F111/><W92/><G92/><T23/><D121/><U6/><E102/><V97/><F29/><W24/><G24/><T115/><D115/><U85/><E129/><V103/><F53/><W1/><G49/><T20/><D69/><U44/><E43/><V130/><F130/><W35/><G62/><T135/><D61/><U11/><E22/><V116/><F97/><W58/><G84/><T119/><D119/><U19/><E19/><V104/><F104/><W73/><G57/><T107/><D107/><U128/><E8/><V28/><F28/><W86/><G35/><T118/><D118/><U68/><E68/><V59/><F71/><W12/><G12/><T77/><D135/><U14/><REACH who="1" step="1"/><E128/><REACH who="1" ten="230,250,266,244" step="2"/><V75/><F116/><W7/><G106/><T80/><D20/><U31/><E31/><V42/><F42/><W52/><G105/><T54/><D23/><U25/><E25/><V30/><F30/><W132/><G132/><T126/><D126/><U114/><E114/><V101/><F10/><N who="3" m="2415" /><G64/><T134/><D134/><U47/><E47/><V46/><F46/><N who="3" m="23863" /><G58/><T89/><D9/><U37/><E37/><RYUUKYOKU ba="0,1" sc="230,-15,250,15,266,-15,244,15" hai1="6,11,13,14,16,21,44,45,55,56,79,83,85" hai3="52,63,73,74,78,82,86" /><INIT seed="3,1,1,0,4,110" ten="215,265,251,259" oya="3" hai0="75,126,46,9,109,88,89,4,27,40,61,120,37" hai1="15,47,129,96,82,42,44,84,117,38,127,60,79" hai2="8,66,100,67,83,98,54,95,107,113,73,48,104" hai3="31,125,108,3,101,28,74,35,91,43,55,68,39"/><W65/><G3/><T118/><D120/><U10/><E117/><V41/><F113/><W77/><G91/><T102/><D118/><U23/><E127/><V70/><F41/><W94/><G28/><T14/><D109/><U20/><E129/><V78/><F8/><W105/><G94/><T114/><D126/><U131/><E131/><V2/><F2/><W17/><G17/><T76/><D102/><U71/><E71/><V51/><F51/><W119/><G108/><T69/><D114/><U56/><E47/><V25/><F25/><N who="3" m="18927" /><G55/><T97/><D97/><U64/><REACH who="1" step="1"/><E96/><REACH who="1" ten="215,255,251,259" step="2"/><V123/><F70/><W18/><G125/><T0/><D69/><U52/><E52/><V12/><F123/><W132/><G119/><T106/><D46/><U112/><E112/><V19/><F66/><W22/><G65/><T33/><D61/><U121/><E121/><V86/><F67/><W130/><G68/><T58/><D58/><U13/><E13/><V81/><F54/><W29/><G130/><T50/><D14/><U36/><E36/><V85/><F48/><W80/><G39/><T5/><D50/><U134/><E134/><V133/><F133/><W1/><G132/><T21/><D37/><U6/><AGARI ba="1,2" hai="6,10,15,20,23,38,42,44,56,60,64,79,82,84" machi="6" ten="20,5200,0" yaku="1,1,0,1,7,1,53,1" doraHai="110" doraHaiUra="11" who="1" fromWho="1" sc="215,-14,255,75,251,-14,259,-27" /><INIT seed="4,0,0,2,0,19" ten="201,330,237,232" oya="0" hai0="66,27,135,67,69,25,30,38,62,108,59,31,64" hai1="17,43,3,109,124,12,101,54,81,94,117,92,11" hai2="125,13,47,128,46,104,112,57,52,107,89,1,7" hai3="35,4,84,118,53,129,77,51,105,58,50,0,93"/><T24/><D38/><U28/><E109/><V114/><F1/><W113/><G105/><N who="2" m="40521" /><F128/><W116/><G35/><T39/><D39/><U45/><E117/><V29/><F29/><W86/><G4/><T34/><D108/><U95/><E3/><V8/><F89/><W32/><G32/><T126/><D126/><U97/><E28/><V70/><F70/><W82/><G0/><T91/><D135/><U100/><E100/><V134/><F134/><W111/><G111/><T83/><D69/><U14/><E124/><V133/><F133/><W37/><G37/><T127/><D127/><U103/><E101/><V6/><F6/><W44/><G129/><T9/><D9/><U75/><E54/><V42/><F42/><W61/><G51/><T96/><D24/><U102/><E102/><V20/><F20/><W21/><G93/><T2/><D2/><U130/><E130/><V121/><F121/><W74/><G118/><T115/><D115/><N who="2" m="44074" /><F125/><W55/><G113/><T99/><D99/><U98/><E98/><V71/><F71/><W131/><G131/><T122/><D122/><U119/><E119/><V60/><AGARI ba="0,0" hai="7,8,13,46,47,52,57,60" m="44074,40521" machi="60" ten="30,2000,0" yaku="15,1,54,1" doraHai="19" who="2" fromWho="2" sc="201,-10,330,-5,237,20,232,-5" /><INIT seed="5,0,0,5,0,111" ten="191,325,257,227" oya="1" hai0="61,127,58,91,88,74,62,80,110,89,132,64,130" hai1="98,96,124,36,90,102,49,131,93,31,87,40,7" hai2="56,12,126,128,2,34,48,81,42,28,70,109,46" hai3="37,32,76,65,20,121,106,113,103,134,112,68,69"/><U105/><E36/><V35/><F2/><W23/><G121/><T43/><D110/><U25/><E124/><V15/><F70/><W57/><G37/><T82/><D127/><U63/><E7/><V30/><F109/><W45/><G45/><T99/><D130/><U75/><E75/><V135/><F126/><W117/><G76/><T71/><D132/><U55/><E131/><V5/><F135/><W41/><G41/><T92/><D43/><U33/><E98/><V108/><F108/><W107/><G134/><T123/><D123/><U79/><E79/><V125/><F128/><W73/><G73/><T39/><D39/><U11/><E11/><V53/><F81/><W77/><G77/><T120/><D120/><U72/><E72/><V129/><F129/><W29/><G57/><T54/><REACH who="0" step="1"/><D74/><REACH who="0" ten="181,325,257,227" step="2"/><U101/><E40/><V13/><F125/><W16/><G117/><T27/><D27/><U78/><E25/><V21/><F42/><W22/><G69/><T119/><D119/><U51/><E105/><V14/><F5/><W17/><G107/><T18/><D18/><U47/><E31/><V10/><F28/><W26/><G17/><T86/><D86/><U6/><E87/><V83/><F30/><W122/><G16/><T9/><D9/><U4/><E4/><V52/><F10/><W84/><G84/><T44/><D44/><U100/><E6/><V19/><F83/><AGARI ba="0,1" hai="54,58,61,62,64,71,80,82,83,88,89,91,92,99" machi="83" ten="40,2600,0" yaku="1,1,54,1,53,0" doraHai="111" doraHaiUra="1" who="0" fromWho="2" sc="181,36,325,0,257,-26,227,0" /><INIT seed="6,0,0,0,5,72" ten="217,325,231,227" oya="2" hai0="8,92,60,99,103,2,52,62,27,70,131,14,114" hai1="6,54,18,116,130,20,29,123,68,17,42,26,127" hai2="67,31,64,1,53,21,55,32,38,15,23,121,113" hai3="75,132,77,85,19,59,36,65,16,78,24,115,82"/><V50/><F1/><W47/><G132/><T86/><D2/><U74/><E116/><V90/><F38/><W109/><G109/><T119/><D119/><U30/><E68/><V101/><F121/><W56/><G115/><T3/><D3/><U7/><E42/><V94/><F113/><W37/><G65/><N who="2" m="25161" /><F32/><W96/><G96/><T84/><D70/><U71/><E71/><V112/><F31/><W81/><G24/><T135/><D131/><U45/><E74/><V128/><F128/><W51/><G37/><T111/><D111/><U125/><E130/><V89/><F55/><W12/><G36/><T76/><D135/><U108/><E108/><V88/><F15/><W107/><G107/><T95/><D114/><U129/><E129/><V133/><F133/><W11/><G19/><N who="1" m="7178" /><E30/><V122/><F122/><W83/><G83/><N who="0" m="47207" /><D27/><U57/><E123/><V35/><F35/><W46/><G46/><T22/><D22/><N who="2" m="8202" /><F101/><W66/><G66/><T44/><D14/><U91/><E29/><V120/><F120/><W49/><G49/><N who="0" m="28711" /><D8/><U33/><E33/><V124/><F112/><W106/><G106/><T105/><D105/><U102/><E26/><V79/><F124/><W100/><G100/><T93/><D93/><U58/><E102/><V117/><F117/><W118/><G118/><T98/><D98/><U13/><E125/><V0/><F0/><W34/><G34/><T4/><D4/><U134/><E127/><V87/><F79/><W80/><G80/><T97/><D97/><U39/><E6/><V5/><F5/><W40/><AGARI ba="0,0" hai="11,12,16,40,47,51,56,59,75,77,78,81,82,85" machi="40" ten="20,8000,1" yaku="0,1,7,1,52,2,54,1" doraHai="72" who="3" fromWho="3" sc="217,-20,325,-20,231,-40,227,80" /><INIT seed="7,0,0,1,0,26" ten="197,305,191,307" oya="3" hai0="13,123,92,62,5,135,40,71,116,42,74,4,7" hai1="63,50,112,130,100,129,117,78,113,41,22,133,103" hai2="128,6,107,106,68,121,20,91,49,85,99,124,76" hai3="108,64,57,131,21,18,118,35,87,32,43,89,19"/><W47/><G118/><T79/><D116/><U84/><E117/><V33/><F33/><W119/><G119/><T65/><D123/><U1/><E1/><V94/><F68/><W125/><G131/><N who="1" m="50186" /><E133/><V83/><F128/><W38/><G125/><T104/><D104/><U0/><E0/><V70/><F70/><W120/><G18/><T111/><D111/><U9/><E9/><V48/><F124/><W55/><G64/><T101/><D135/><U39/><E39/><V102/><F121/><W12/><G120/><T110/><D110/><U51/><E63/><V25/><F6/><W66/><G66/><T2/><D2/><U8/><E8/><V105/><REACH who="2" step="1"/><F102/><REACH who="2" ten="197,305,181,307" step="2"/><W115/><G108/><T34/><D34/><U127/><E127/><V80/><F80/><W29/><G35/><T16/><D4/><U77/><E103/><V14/><F14/><W109/><G109/><T97/><D5/><U10/><E100/><V96/><F96/><W28/><G32/><T54/><D7/><U36/><E113/><V15/><F15/><W44/><G115/><T90/><D101/><U98/><E112/><V81/><F81/><W61/><G47/><T95/><D97/><U67/><E98/><V53/><F53/><W24/><G12/><T23/><D54/><U114/><E114/><V11/><F11/><W82/><AGARI ba="0,1" hai="19,21,24,28,29,38,43,44,55,57,61,82,87,89" machi="82" ten="20,7800,0" yaku="0,1,7,1,52,2" doraHai="26" who="3" fromWho="3" sc="197,-26,305,-26,181,-26,307,88" owari="171,-22.9,279,7.9,155,-34.5,395,49.5" /></mjloggm>