<mjloggm ver="2.3"><GO type="169" lobby="0"/><UN n0="%E5%A4%A9%E7%8B%90" n1="%E2%97%8E%E3%82%88%E3%81%97%E2%97%8E" n2="%79%61%6E%72%6F%75" n3="%E7%9A%AE%E3%80%85" dan="16,17,16,16" rate="2093.16,2190.48,2166.80,2174.98" sx="M,M,M,M"/><TAIKYOKU oya="0"/><INIT seed="0,0,0,3,3,56" ten="250,250,250,250" oya="0" hai0="40,81,72,120,16,68,8,15,103,109,54,4,58" hai1="134,126,97,106,110,92,82,86,113,41,96,78,95" hai2="114,132,133,74,71,101,131,53,80,21,100,24,121" hai3="23,62,128,31,5,124,10,105,32,57,19,87,107"/><T28/><D120/><U116/><E41/><V111/><F114/><W34/><G128/><T47/><D68/><U52/><E116/><V22/><F121/><W38/><G38/><T42/><D28/><U51/><E113/><V64/><F111/><W91/><G124/><T59/><D103/><U39/><E39/><V98/><F21/><W45/><G45/><T37/><D42/><U61/><E110/><V69/><F53/><W3/><G34/><T70/><D70/><U44/><E126/><V1/><F1/><W9/><G9/><T135/><D135/><N who="2" m="51786" /><F100/><W104/><G32/><T35/><D35/><U67/><E134/><V0/><F0/><W130/><G31/><T127/><D127/><U102/><REACH who="1" step="1"/><E96/><REACH who="1" ten="250,240,250,250" step="2"/><V6/><F98/><W123/><G123/><T43/><D43/><U119/><E119/><V25/><F131/><W125/><G130/><T11/><D109/><U33/><E33/><V79/><F71/><AGARI ba="0,1" hai="44,51,52,61,67,71,78,82,86,92,95,97,102,106" machi="71" ten="30,7700,0" yaku="1,1,7,1,52,1,54,1,53,0" doraHai="56" doraHaiUra="115" who="1" fromWho="2" sc="250,0,240,87,250,-77,250,0" /><INIT seed="1,0,0,1,3,68" ten="250,327,173,250" oya="1" hai0="102,39,107,80,64,103,78,60,108,96,23,114,20" hai1="91,29,50,30,38,3,92,32,24,79,97,120,56" hai2="117,14,95,74,122,26,130,2,21,77,70,27,54" hai3="135,53,16,82,4,128,18,98,11,75,112,55,84"/><U94/><E120/><V86/><F122/><W132/><G112/><T76/><D114/><U69/><E3/><V40/><F117/><W133/><G75/><T88/><D108/><U119/><E69/><V106/><F106/><W25/><G98/><T37/><D102/><U10/><E119/><V110/><F110/><W83/><G128/><T116/><D116/><U47/><E29/><V131/><F2/><W99/><G99/><T126/><D126/><U105/><E79/><V31/><F70/><W93/><G93/><T35/><D35/><U59/><E105/><V34/><F74/><W13/><G83/><T58/><D78/><U125/><E125/><V129/><F14/><W9/><G25/><T127/><D127/><U12/><E92/><V48/><F40/><W46/><G46/><T66/><D66/><U33/><E33/><V52/><F48/><W49/><G49/><T43/><D88/><U90/><E91/><N who="2" m="53751" /><F77/><N who="3" m="46159" /><G18/><AGARI ba="0,0" hai="18,21,26,27,31,34,52,54,129,130,131" m="53751" machi="18" ten="30,2000,0" yaku="19,1,54,1" doraHai="68" who="2" fromWho="3" sc="250,0,327,0,173,20,250,-20" /><INIT seed="2,0,0,2,3,114" ten="250,327,193,230" oya="2" hai0="125,58,59,132,105,17,1,13,60,83,89,52,93" hai1="84,87,126,131,123,36,106,20,75,112,8,74,55" hai2="35,80,101,86,79,50,108,71,62,104,6,27,29" hai3="111,117,92,61,135,81,115,119,18,82,94,85,39"/><V53/><F6/><W5/><G39/><T107/><D1/><U0/><E112/><V25/><F27/><W4/><G115/><T95/><D132/><U14/><E106/><V3/><F108/><W73/><G61/><T103/><D125/><U98/><E36/><V127/><F127/><W99/><G18/><T10/><D83/><N who="3" m="31753" /><G73/><T42/><D42/><U133/><E133/><V64/><F3/><W9/><G9/><T26/><D26/><U116/><E0/><V118/><F118/><N who="3" m="45067" /><G4/><T49/><D103/><U56/><E116/><V32/><F35/><W77/><G5/><T65/><D95/><N who="3" m="36393" /><G135/><T91/><D10/><U44/><E8/><V124/><F124/><W48/><G48/><T122/><D17/><U113/><E75/><V31/><F31/><W16/><G16/><T2/><D49/><U100/><E74/><V78/><F53/><W34/><G34/><T67/><D60/><U30/><E55/><V109/><F50/><W70/><G70/><T47/><D52/><U63/><E63/><V43/><F43/><W15/><G15/><T96/><D13/><U129/><E14/><V38/><F38/><W40/><G40/><T41/><D41/><U33/><E126/><V51/><F51/><W7/><G7/><T28/><D28/><U120/><E30/><V110/><F78/><W76/><G111/><T21/><D2/><U134/><E134/><V37/><F37/><W12/><G12/><T130/><D65/><U24/><E113/><V19/><F19/><W57/><G57/><T102/><D59/><U68/><E56/><V66/><F64/><RYUUKYOKU ba="0,0" sc="250,-10,327,-10,193,30,230,-10" hai2="25,29,32,62,66,71,79,80,86,101,104,109,110" /><INIT seed="2,1,0,4,3,74" ten="240,317,223,220" oya="2" hai0="106,39,107,1,4,70,116,123,26,55,15,27,59" hai1="114,93,134,78,135,79,111,120,89,82,76,77,12" hai2="94,122,22,3,14,101,2,85,118,63,60,35,71" hai3="119,29,49,73,17,109,16,30,124,68,84,57,13"/><V105/><F122/><W43/><G119/><T87/><D123/><U50/><E120/><V133/><F118/><W69/><G73/><T83/><D116/><U62/><E114/><V44/><F133/><N who="1" m="50697" /><E111/><V24/><F105/><W0/><G0/><T128/><D1/><U129/><E129/><V130/><F130/><W58/><G109/><T54/><D70/><U19/><E50/><V112/><F112/><W131/><G131/><T45/><D128/><U48/><E48/><V23/><F60/><W42/><G49/><N who="0" m="28975" /><D106/><U47/><E47/><V126/><F126/><W7/><G84/><T32/><D32/><U81/><E62/><V100/><F44/><W86/><G86/><T20/><D107/><U31/><E31/><N who="2" m="17815" /><F35/><W102/><G13/><T36/><D36/><U11/><E77/><V72/><F2/><W18/><G18/><N who="0" m="10335" /><D39/><U132/><E132/><V127/><F3/><W104/><G104/><T8/><D4/><U65/><E65/><V61/><F71/><W40/><G40/><T97/><D55/><U25/><E25/><V5/><F5/><W110/><G7/><T67/><D27/><U10/><E11/><V21/><F14/><W66/><G110/><T64/><D8/><U53/><E53/><V96/><F23/><W41/><G41/><T121/><D26/><U56/><E56/><V46/><F46/><W113/><G113/><T125/><D59/><U80/><E80/><V90/><F21/><W108/><G108/><T115/><D115/><U95/><E95/><N who="2" m="54735" /><F61/><W103/><G66/><N who="0" m="25131" /><D121/><U38/><E38/><V88/><F63/><W28/><G28/><RYUUKYOKU ba="1,0" sc="240,-15,317,15,223,-15,220,15" hai1="10,12,19,76,78,79,81,82,89,93" hai3="16,17,29,30,42,43,57,58,68,69,102,103,124" /><INIT seed="3,2,0,0,4,32" ten="225,332,208,235" oya="3" hai0="5,15,132,11,128,64,20,96,82,68,42,16,19" hai1="121,100,134,55,73,87,116,83,66,102,111,95,28" hai2="108,21,62,38,125,51,71,79,9,109,61,7,40" hai3="67,33,113,0,24,29,23,98,114,59,31,54,77"/><W97/><G77/><T127/><D127/><U13/><E121/><V41/><F21/><W44/><G67/><T2/><D132/><U52/><E73/><V39/><F9/><W88/><G44/><T63/><D128/><U49/><E134/><V17/><F17/><W110/><G110/><N who="2" m="42601" /><F7/><W45/><G45/><T105/><D42/><N who="2" m="16490" /><F79/><W123/><G123/><T94/><D19/><U107/><E107/><V120/><F120/><W58/><G0/><T118/><D118/><U25/><E116/><V12/><F12/><W74/><G74/><T104/><REACH who="0" step="1"/><D82/><REACH who="0" ten="215,332,208,235" step="2"/><U48/><E83/><V4/><F125/><W72/><G114/><T133/><D133/><U70/><E111/><V84/><F4/><W92/><G113/><T53/><D53/><U3/><E55/><V75/><F38/><W90/><G72/><T80/><D80/><U50/><E52/><V34/><F75/><W124/><G124/><T117/><D117/><U65/><E28/><V129/><F39/><W35/><G29/><T1/><D1/><U37/><E3/><V46/><F129/><W115/><G115/><T56/><D56/><U30/><E37/><V99/><F71/><W85/><G58/><T18/><D18/><U81/><E70/><V126/><F126/><W91/><G33/><T106/><D106/><U131/><E131/><V14/><F34/><W22/><G35/><T27/><D27/><U6/><E6/><V8/><F14/><W93/><G59/><T36/><D36/><U119/><E13/><V78/><F46/><W122/><G122/><T135/><D135/><U101/><E119/><RYUUKYOKU ba="2,1" sc="215,30,332,-10,208,-10,235,-10" hai0="2,5,11,15,16,20,63,64,68,94,96,104,105" /><INIT seed="4,3,1,2,2,107" ten="245,322,198,225" oya="0" hai0="62,0,121,17,13,63,112,93,9,29,124,84,123" hai1="116,7,134,26,20,68,69,70,53,127,45,15,82" hai2="47,111,80,52,59,30,92,72,50,95,21,12,61" hai3="91,44,79,109,114,100,88,98,4,48,34,130,25"/><T46/><D112/><U3/><E116/><V119/><F111/><W106/><G109/><T110/><D110/><U86/><E3/><V5/><F119/><W105/><G114/><T117/><D117/><U75/><E127/><V102/><F102/><W54/><G130/><T126/><D0/><U8/><E134/><V103/><F103/><W118/><G118/><T6/><D29/><U89/><E45/><V41/><F5/><W36/><G36/><T97/><D17/><U133/><E133/><V135/><F135/><W90/><G79/><T31/><D31/><U132/><E132/><V96/><F96/><W87/><G4/><T99/><D84/><U78/><E53/><V71/><F71/><W35/><G106/><T60/><D97/><U14/><E14/><V33/><F33/><W83/><REACH who="3" step="1"/><G25/><REACH who="3" ten="245,322,198,215" step="2"/><T58/><D126/><U104/><E104/><V28/><F28/><W56/><G56/><T108/><D108/><U129/><E129/><V113/><F113/><W22/><G22/><T37/><D124/><U122/><E122/><V49/><F30/><W81/><G81/><T39/><D58/><U55/><E26/><V64/><F80/><W32/><AGARI ba="3,2" hai="32,34,35,44,48,54,83,87,88,90,91,98,100,105" machi="32" ten="30,4000,0" yaku="1,1,0,1,54,1,53,0" doraHai="107" doraHaiUra="120" who="3" fromWho="3" sc="245,-23,322,-13,198,-13,215,69" /><INIT seed="5,0,0,4,3,123" ten="222,309,185,284" oya="1" hai0="28,113,88,58,49,6,51,45,125,106,36,107,77" hai1="92,64,98,101,5,67,81,117,85,54,9,122,84" hai2="94,2,55,128,4,134,29,116,121,22,3,110,19" hai3="61,0,73,95,8,33,119,37,102,63,118,104,82"/><U11/><E122/><V87/><F116/><N who="3" m="44587" /><G37/><T130/><D113/><U44/><E117/><V66/><F121/><W131/><G131/><T12/><D36/><U114/><E114/><V35/><F128/><W135/><G33/><T52/><D130/><U71/><E71/><V20/><F66/><W96/><G135/><T74/><D125/><U133/><E133/><V18/><F55/><W132/><G132/><T34/><D77/><U65/><E84/><V21/><F94/><W120/><G120/><T38/><D38/><U53/><E44/><V103/><F103/><W69/><G69/><T41/><D74/><U59/><E5/><V79/><F79/><N who="3" m="44399" /><G104/><T127/><D127/><U70/><E70/><V25/><F87/><W62/><G8/><N who="1" m="3146" /><E59/><V89/><F89/><AGARI ba="0,0" hai="53,54,64,65,67,81,85,89,92,98,101" m="3146" machi="89" ten="30,1500,0" yaku="8,1" doraHai="123" who="1" fromWho="2" sc="222,0,309,15,185,-15,284,0" /><INIT seed="5,1,0,4,3,49" ten="222,324,170,284" oya="1" hai0="58,102,67,66,0,35,63,73,64,27,43,54,9" hai1="70,34,127,59,96,108,95,111,13,25,30,120,105" hai2="83,26,57,104,121,75,44,110,116,51,77,5,8" hai3="23,106,90,133,37,16,50,65,46,11,85,40,122"/><U128/><E120/><V41/><F110/><N who="1" m="42025" /><E70/><V91/><F116/><W36/><G122/><T4/><D73/><U61/><E105/><V117/><F104/><W89/><G106/><T87/><D43/><U81/><E81/><V84/><F121/><W28/><G133/><T115/><D115/><U79/><E13/><V29/><F57/><W124/><G124/><T93/><D87/><U33/><E79/><V114/><F114/><W48/><G65/><T15/><D0/><U119/><E128/><V10/><F117/><W60/><G60/><T7/><D7/><U71/><E71/><V47/><F44/><W107/><G107/><T14/><D14/><U112/><E112/><V126/><F126/><W100/><G100/><T74/><D74/><U53/><E119/><V131/><F131/><W76/><G36/><T6/><D6/><U56/><E56/><V97/><F97/><W98/><G76/><T130/><D130/><U92/><E92/><V86/><F5/><W18/><G98/><T17/><D4/><U52/><E127/><V19/><F19/><N who="3" m="7211" /><G11/><T68/><D68/><U132/><E132/><V42/><F75/><W125/><G125/><T129/><D129/><U20/><E53/><V3/><F3/><W118/><G118/><T62/><D54/><U1/><E1/><V2/><F41/><W99/><G99/><N who="0" m="59759" /><D67/><U45/><E45/><V22/><REACH who="2" step="1"/><F2/><REACH who="2" ten="222,324,160,284" step="2"/><W21/><G40/><T72/><D72/><U55/><E55/><V101/><F101/><AGARI ba="1,1" hai="20,25,30,33,34,52,59,61,95,96,101" m="42025" machi="101" ten="30,5800,0" yaku="10,1,52,1,54,1" doraHai="49" who="1" fromWho="2" sc="222,0,324,71,160,-61,284,0" /><INIT seed="5,2,0,0,1,4" ten="222,395,99,284" oya="1" hai0="42,21,3,67,25,43,18,79,44,30,15,101,104" hai1="91,40,85,95,122,20,132,37,80,35,59,100,48" hai2="118,124,12,120,22,34,49,16,46,31,71,8,26" hai3="64,121,128,81,105,116,130,29,131,54,27,78,33"/><U129/><E35/><V119/><F71/><W69/><G121/><T65/><D3/><U38/><E122/><V10/><F120/><W51/><G105/><T50/><D79/><U55/><E129/><V52/><REACH who="2" step="1"/><F124/><REACH who="2" ten="222,395,89,284" step="2"/><W68/><G68/><T117/><D117/><AGARI ba="2,1" hai="8,10,12,16,22,26,31,34,46,49,52,117,118,119" machi="117" ten="40,12000,2" yaku="1,1,2,1,52,2,54,2,53,0" doraHai="4" doraHaiUra="108" who="2" fromWho="0" sc="222,-126,395,0,89,136,284,0" /><INIT seed="6,0,0,5,0,81" ten="96,395,225,284" oya="2" hai0="83,125,41,96,135,79,76,69,32,98,25,116,132" hai1="109,17,131,102,85,7,73,64,38,84,52,2,4" hai2="54,117,90,63,26,51,75,111,12,30,49,65,34" hai3="92,37,113,107,59,0,86,46,1,105,5,67,77"/><V53/><F117/><W33/><G33/><T10/><D69/><U129/><E109/><V21/><F75/><W71/><G71/><T60/><D41/><U56/><E73/><V61/><F111/><W80/><G113/><T124/><D60/><N who="1" m="35847" /><E38/><V106/><F106/><W44/><G107/><T57/><D57/><U134/><E134/><N who="0" m="51241" /><D10/><N who="1" m="2327" /><E7/><V3/><F3/><W13/><G105/><T133/><N who="0" m="51249" /><T120/><DORA hai="68" /><D25/><U115/><E115/><V87/><F65/><W130/><G130/><N who="1" m="49674" /><E102/><V94/><F12/><W70/><G70/><T119/><D32/><U19/><E64/><V128/><F34/><W20/><G67/><T39/><D39/><U62/><E62/><V88/><F128/><W43/><G59/><T104/><D120/><U40/><E40/><V126/><F63/><W121/><G121/><T99/><D104/><U112/><E112/><V89/><F61/><W72/><G46/><T91/><D91/><U74/><E74/><V82/><F89/><W8/><REACH who="3" step="1"/><G20/><REACH who="3" ten="96,395,225,274" step="2"/><T97/><N who="0" m="24576" /><DORA hai="45" /><T6/><D6/><U58/><E58/><V127/><F21/><W66/><G66/><T24/><D24/><U18/><AGARI ba="0,1" hai="17,18,19,84,85" m="49674,2327,35847" machi="18" ten="30,7900,0" yaku="19,1,52,2,54,1" doraHai="81,68,45" who="1" fromWho="1" sc="96,-20,395,89,225,-39,274,-20" /><INIT seed="7,0,0,0,3,20" ten="76,484,186,254" oya="3" hai0="27,42,91,16,80,35,62,111,25,69,34,48,0" hai1="41,74,112,4,105,43,70,37,87,55,94,79,47" hai2="65,23,51,13,109,106,130,57,30,52,10,9,68" hai3="113,93,99,22,29,107,116,67,84,88,58,71,46"/><W102/><G116/><T5/><D111/><U135/><E70/><V59/><F106/><W54/><G113/><T61/><D0/><U98/><E43/><V66/><F130/><W78/><G78/><T90/><D5/><U12/><E135/><V73/><F73/><W15/><G46/><T24/><D16/><U82/><E55/><N who="2" m="31999" /><F68/><W17/><G29/><T103/><D103/><U32/><E12/><V124/><F124/><W72/><G72/><T36/><D36/><U75/><E98/><V19/><F109/><W14/><G71/><T21/><D21/><U53/><E94/><V7/><F30/><W11/><G67/><N who="2" m="25609" /><F7/><W123/><G123/><T6/><D6/><U38/><E79/><V92/><F92/><W134/><G134/><T1/><D1/><U76/><E87/><V121/><F121/><W45/><G45/><T118/><D118/><U56/><E47/><V63/><AGARI ba="0,0" hai="9,10,13,19,23,52,59,63" m="25609,31999" machi="63" ten="30,2000,0" yaku="8,1,54,1" doraHai="20" who="2" fromWho="2" sc="76,-5,484,-5,186,20,254,-10" owari="71,-42.9,479,57.9,206,-19.4,244,4.4" /></mjloggm>