<mjloggm ver="2.3"><GO type="169" lobby="0"/><UN n0="%E8%80%81%E6%A5%BD" n1="%E3%83%9F%E3%83%84%E3%83%8F%E3%82%B7%E3%82%A2%E3%82%B9%E3%83%9E" n2="%E3%82%82%E3%82%8A%E3%82%8A%E3%82%93%E3%82%82%E3%82%8A%E3%82%82%E3%82%8A" n3="%E3%83%9D%E3%83%B3%E3%83%9D%E3%82%B3%E5%95%86%E4%BA%8B" dan="17,16,16,16" rate="2248.16,2042.43,2097.56,2202.86" sx="M,M,M,M"/><TAIKYOKU oya="0"/><INIT seed="0,0,0,4,0,24" ten="250,250,250,250" oya="0" hai0="36,54,32,17,66,79,0,102,113,56,10,70,26" hai1="64,105,16,81,122,104,22,31,45,86,101,108,35" hai2="96,4,133,30,25,61,109,88,126,27,103,50,76" hai3="112,19,14,128,117,127,38,100,131,44,2,20,115"/><T47/><D113/><N who="3" m="43593" /><G38/><T94/><D79/><U92/><E122/><V120/><F120/><W74/><G44/><T135/><D135/><U29/><E108/><V111/><F133/><W118/><G74/><T114/><D102/><U13/><E64/><V132/><F132/><W7/><G100/><T59/><D94/><U28/><E35/><V53/><F76/><W67/><G67/><T99/><D99/><U3/><E3/><V110/><F126/><W51/><G51/><T93/><D93/><U71/><E71/><V62/><F4/><W83/><G83/><T37/><D59/><U41/><E92/><N who="2" m="56327" /><F25/><W77/><G77/><T49/><D114/><U85/><E101/><V60/><F103/><W40/><G40/><T91/><D91/><U98/><E98/><V12/><F12/><W90/><G90/><T97/><D97/><U21/><E21/><N who="2" m="15727" /><F50/><W33/><G33/><T119/><D70/><U48/><REACH who="1" step="1"/><E81/><REACH who="1" ten="250,240,250,250" step="2"/><V134/><F134/><W80/><G80/><T125/><D32/><U69/><E69/><V6/><F6/><W63/><G127/><T124/><D124/><U72/><E72/><V8/><F8/><N who="3" m="2167" /><G63/><T39/><D125/><U123/><E123/><V46/><F46/><W65/><G65/><T121/><D121/><U34/><E34/><V5/><F5/><W107/><G107/><AGARI ba="0,1" hai="13,16,22,28,29,31,41,45,48,85,86,104,105,107" machi="107" ten="40,8000,1" yaku="1,1,52,3,54,1,53,0" doraHai="24" doraHaiUra="106" who="1" fromWho="3" sc="250,0,240,90,250,0,250,-80" /><INIT seed="1,0,0,3,0,65" ten="250,330,250,170" oya="1" hai0="61,118,78,27,39,72,91,29,122,79,5,12,114" hai1="116,96,9,34,52,81,95,35,62,15,102,56,70" hai2="92,83,3,94,45,125,59,0,8,36,57,104,48" hai3="66,28,128,7,25,58,1,18,20,76,17,108,16"/><U98/><E116/><V10/><F104/><W134/><G76/><T68/><D39/><U135/><E135/><V53/><F125/><W46/><G46/><T26/><D114/><U106/><E81/><V40/><F3/><W117/><G66/><T80/><D79/><U60/><E60/><V47/><F83/><W32/><G58/><T22/><D122/><U89/><REACH who="1" step="1"/><E70/><REACH who="1" ten="250,320,250,170" step="2"/><V112/><F112/><W43/><G134/><T38/><D68/><U121/><E121/><V87/><F94/><W4/><G117/><T31/><D61/><U63/><E63/><V64/><F92/><W115/><G115/><T93/><D118/><U50/><E50/><V54/><F48/><W74/><G74/><T55/><D80/><U23/><E23/><V130/><F36/><W109/><G128/><T30/><D22/><U90/><E90/><V21/><F21/><W49/><G49/><T75/><D91/><U85/><E85/><V120/><F87/><W11/><G43/><T101/><D38/><U13/><E13/><V41/><F40/><W82/><G82/><T113/><D12/><U67/><E67/><V132/><F41/><W69/><G69/><T71/><D71/><U24/><E24/><V100/><F64/><W111/><G7/><AGARI ba="0,1" hai="7,9,15,34,35,52,56,62,89,95,96,98,102,106" machi="7" ten="30,5800,0" yaku="1,1,7,1,54,1,53,0" doraHai="65" doraHaiUra="124" who="1" fromWho="3" sc="250,0,320,68,250,0,170,-58" /><INIT seed="1,1,0,0,4,110" ten="250,388,250,112" oya="1" hai0="126,46,58,122,35,84,113,89,60,47,62,11,27" hai1="15,59,132,63,127,109,119,78,98,9,76,130,69" hai2="118,45,96,125,103,61,73,95,57,93,5,87,56" hai3="112,97,121,55,111,104,34,18,49,70,90,100,71"/><U133/><E119/><V80/><F118/><W131/><G121/><T129/><D122/><U108/><E130/><V7/><F125/><W41/><G111/><N who="1" m="42570" /><E69/><V81/><F45/><W105/><G105/><T20/><D35/><U102/><E127/><V123/><F123/><W106/><G106/><T128/><D126/><U124/><E124/><V26/><F73/><W72/><G72/><T23/><D11/><U8/><E98/><V91/><F26/><W67/><G34/><T39/><D39/><U82/><E102/><V77/><F57/><W42/><G131/><T120/><D58/><U10/><E15/><V68/><F68/><W33/><G33/><T51/><D120/><U21/><E21/><V85/><REACH who="2" step="1"/><F81/><REACH who="2" ten="250,388,240,112" step="2"/><W0/><G71/><T116/><D116/><U83/><E83/><V6/><F6/><W52/><G70/><T101/><D129/><U94/><E82/><V31/><F31/><W19/><G42/><T134/><D128/><U17/><E17/><V50/><F50/><W65/><G41/><T44/><D51/><U2/><E2/><V29/><F29/><W12/><G0/><T48/><D48/><U13/><E13/><V3/><F3/><W1/><G1/><T16/><D16/><U92/><E59/><V24/><F24/><W43/><G43/><T54/><D27/><U22/><E63/><V36/><F36/><W32/><G12/><T107/><D62/><U117/><E117/><V14/><F14/><W64/><G49/><T37/><D60/><U30/><E30/><V53/><AGARI ba="1,1" hai="5,7,53,56,61,77,80,85,87,91,93,95,96,103" machi="53" ten="20,5200,0" yaku="1,1,0,1,7,1,8,1,53,0" doraHai="110" doraHaiUra="28" who="2" fromWho="2" sc="250,-14,388,-27,240,65,112,-14" /><INIT seed="2,0,0,4,3,25" ten="236,361,305,98" oya="2" hai0="79,2,67,72,129,104,105,33,11,73,36,28,19" hai1="42,13,68,80,17,14,37,12,35,7,116,115,121" hai2="85,40,103,51,107,39,65,41,21,5,109,97,75" hai3="22,111,20,95,44,29,26,122,47,125,52,120,3"/><V126/><F75/><W61/><G3/><T101/><D19/><U0/><E68/><V84/><F39/><W82/><G111/><T70/><D36/><U118/><E80/><V49/><F109/><W130/><G130/><T59/><D59/><U94/><E94/><V127/><F65/><W23/><G125/><N who="2" m="47625" /><F5/><W58/><G82/><T43/><D43/><N who="2" m="16458" /><F21/><W1/><G1/><T83/><D72/><U27/><E37/><V50/><AGARI ba="0,0" hai="49,50,51,84,85,97,103,107" m="16458,47625" machi="50" ten="40,2100,0" yaku="18,1" doraHai="25" who="2" fromWho="2" sc="236,-7,361,-7,305,21,98,-7" /><INIT seed="2,1,0,1,5,23" ten="229,354,326,91" oya="2" hai0="84,44,69,116,24,30,28,76,21,123,74,87,8" hai1="90,7,80,37,42,31,1,120,128,4,13,92,41" hai2="58,55,93,102,65,45,20,133,78,79,39,0,3" hai3="5,60,56,68,115,114,132,70,22,98,57,61,131"/><V105/><F105/><W108/><G5/><T129/><D123/><U9/><E128/><V6/><F133/><W64/><G98/><T94/><D69/><N who="3" m="26729" /><G22/><T46/><D129/><U16/><E120/><V130/><F3/><W96/><G96/><T135/><D116/><U122/><E122/><V43/><F130/><W15/><G15/><T134/><D30/><U125/><E125/><V91/><F102/><W38/><G131/><T107/><D107/><U81/><E37/><V12/><F65/><W85/><G85/><N who="0" m="32843" /><D8/><U34/><E41/><V117/><F117/><W71/><G132/><N who="0" m="50731" /><D94/><U67/><E92/><V29/><F6/><W119/><G119/><T40/><D40/><U50/><E42/><V66/><F0/><W118/><G118/><T26/><D26/><U25/><E7/><V111/><F29/><W124/><G38/><T33/><D33/><U53/><E4/><V82/><F39/><W113/><G108/><T75/><D75/><U48/><E1/><V83/><F111/><W100/><G100/><T54/><D76/><U99/><E99/><N who="2" m="57791" /><F79/><W110/><G110/><T104/><D74/><U32/><E32/><V51/><F78/><W109/><G109/><T127/><D104/><U106/><E106/><V62/><F83/><W95/><G95/><T19/><D28/><U49/><E81/><V72/><F82/><W101/><G101/><T2/><D2/><U88/><E80/><V27/><F72/><W36/><G36/><T14/><D14/><U18/><E34/><V59/><F12/><W52/><G124/><T103/><D127/><U89/><E13/><RYUUKYOKU ba="1,0" sc="229,-10,354,-10,326,-10,91,30" hai3="52,56,57,60,61,64,71,113,114,115" /><INIT seed="3,2,0,0,1,57" ten="219,344,316,121" oya="3" hai0="55,43,76,106,104,36,81,42,121,98,47,44,46" hai1="17,133,11,54,77,40,97,58,19,28,102,26,101" hai2="75,92,39,127,105,60,87,89,10,53,33,112,30" hai3="31,78,50,35,59,61,41,6,116,5,94,107,74"/><W100/><G116/><T63/><D121/><U22/><E133/><V34/><F112/><W51/><G107/><T103/><D104/><U38/><E77/><V3/><F39/><W131/><G131/><T118/><D118/><U71/><E71/><V90/><F75/><W123/><G123/><T14/><D14/><U117/><E117/><V2/><F127/><W56/><G35/><T91/><D91/><U25/><E40/><V1/><F10/><W62/><G74/><T52/><D63/><N who="3" m="24073" /><G31/><T134/><D44/><U110/><E38/><V73/><F73/><W32/><G32/><T45/><D46/><U119/><E119/><V111/><F105/><W4/><G78/><T96/><D96/><U20/><E97/><V114/><F114/><W68/><G68/><T8/><D8/><U9/><E28/><V93/><F30/><W79/><G79/><T109/><D134/><U13/><E11/><V70/><F70/><W27/><G27/><T12/><D12/><U88/><E9/><V135/><F135/><W66/><G66/><T64/><D64/><U83/><E13/><V122/><F122/><W72/><G72/><T16/><D16/><U84/><E19/><V132/><F132/><W21/><G21/><T113/><D113/><U115/><E115/><V82/><F33/><W18/><G18/><T129/><D129/><U29/><E29/><V95/><F34/><W125/><G125/><T80/><D76/><U15/><E20/><V67/><F67/><W99/><G41/><T69/><D43/><U126/><E126/><V108/><F90/><W124/><G124/><RYUUKYOKU ba="2,0" sc="219,-15,344,-15,316,15,121,15" hai2="1,2,3,53,60,82,87,89,92,93,95,108,111" hai3="4,5,6,50,51,56,59,94,99,100" /><INIT seed="3,3,0,5,3,102" ten="204,329,331,136" oya="3" hai0="35,63,56,74,134,76,123,7,38,114,84,11,122" hai1="108,25,104,88,2,6,86,135,48,24,43,70,27" hai2="49,117,18,57,51,46,73,55,68,32,20,4,78" hai3="13,92,109,71,69,115,8,89,133,99,79,130,17"/><W0/><G115/><T80/><D35/><U121/><E121/><V59/><F32/><W53/><G130/><T36/><D134/><U95/><E70/><V67/><F117/><W29/><G133/><T87/><D114/><U39/><E135/><V91/><F4/><W22/><G109/><T26/><D26/><U72/><E72/><V30/><F30/><W14/><G0/><T23/><D23/><U132/><E132/><V65/><F68/><W85/><G53/><T33/><D33/><U61/><E39/><V5/><F5/><W15/><G29/><T97/><D97/><U42/><E108/><V105/><F105/><W77/><G14/><T126/><D126/><U47/><E104/><V100/><F100/><W124/><G124/><T98/><D98/><U45/><E61/><V111/><F78/><W3/><G3/><T10/><D74/><U125/><E125/><V103/><F103/><W60/><G60/><T82/><D63/><U50/><E6/><V128/><F73/><W37/><G37/><T19/><D7/><U16/><REACH who="1" step="1"/><E2/><REACH who="1" ten="204,319,331,136" step="2"/><V129/><F111/><W81/><G71/><T54/><D36/><U64/><E64/><V93/><F128/><W62/><G62/><N who="0" m="36119" /><D38/><U94/><E94/><V113/><F129/><W106/><G69/><T75/><D75/><U58/><E58/><V44/><F59/><W131/><G131/><T41/><D123/><U118/><E118/><V127/><F127/><W83/><G106/><T21/><D122/><U90/><E90/><V96/><F113/><W34/><G89/><N who="0" m="51335" /><D41/><U116/><E116/><V9/><F65/><RYUUKYOKU ba="3,1" sc="204,15,319,15,331,-15,136,-15" hai0="10,11,19,21,76,82,87" hai1="16,24,25,27,42,43,45,47,48,50,86,88,95" /><INIT seed="4,4,1,0,3,109" ten="219,334,316,121" oya="0" hai0="24,74,102,134,111,48,121,66,27,7,26,0,69" hai1="108,130,72,67,21,4,12,35,116,50,84,43,59" hai2="40,132,70,38,45,126,1,2,115,28,68,13,8" hai3="34,52,61,88,39,32,114,135,51,42,41,56,11"/><T122/><D74/><U37/><E108/><V15/><F126/><W124/><G135/><T18/><D111/><U95/><E72/><V81/><F132/><W118/><G118/><T91/><D134/><U117/><E35/><V73/><F28/><W78/><G78/><T82/><D102/><U30/><E37/><V17/><F115/><W62/><G124/><T89/><D18/><U127/><E127/><V46/><F46/><W14/><G114/><T58/><D69/><U113/><E113/><V36/><F36/><W22/><G22/><T10/><D82/><U128/><E43/><N who="3" m="16394" /><G32/><T63/><REACH who="0" step="1"/><D48/><REACH who="0" ten="209,334,316,121" step="2"/><U33/><E50/><V120/><F68/><W53/><G39/><T105/><D105/><U119/><E119/><V131/><F70/><W85/><G34/><T106/><D106/><U98/><E33/><V65/><F17/><N who="3" m="8415" /><G62/><T94/><D94/><U79/><E95/><V96/><F73/><W54/><G51/><T25/><N who="0" m="6144" /><DORA hai="125" /><T23/><D23/><U75/><E21/><V97/><F38/><W5/><G5/><T86/><D86/><U107/><E4/><V90/><F81/><AGARI ba="4,2" hai="52,53,54,56,61,81,85,88" m="8415,16394" machi="81" ten="30,3900,0" yaku="8,1,54,2" doraHai="109,125" who="3" fromWho="2" sc="209,0,334,0,316,-51,121,71" /><INIT seed="5,0,0,1,1,108" ten="209,334,265,192" oya="1" hai0="87,103,9,29,113,83,128,109,94,18,118,116,74" hai1="14,59,82,27,22,38,4,114,5,101,6,0,105" hai2="97,19,63,122,54,84,64,25,126,32,115,81,69" hai3="33,72,89,57,58,107,67,10,47,130,48,98,52"/><U12/><E38/><V43/><F122/><W111/><G111/><T90/><D109/><U3/><E82/><V16/><F126/><W35/><G72/><T117/><D29/><U75/><E75/><V66/><F43/><W91/><G130/><T96/><D18/><U110/><E59/><V60/><F54/><W106/><G10/><T129/><D9/><U92/><E92/><V20/><F97/><W65/><G47/><T131/><D74/><U61/><E61/><V93/><F32/><W127/><G48/><T77/><REACH who="0" step="1"/><D113/><REACH who="0" ten="199,334,265,192" step="2"/><U40/><E114/><V44/><F115/><W135/><G127/><T36/><D36/><U88/><E110/><V42/><F19/><W100/><G135/><T15/><D15/><U53/><E14/><V31/><F31/><W86/><G35/><T49/><D49/><U121/><E12/><V71/><F16/><W34/><G33/><T39/><D39/><U21/><E0/><V104/><F25/><W123/><G34/><T134/><D134/><U28/><E3/><V8/><F8/><W50/><G123/><T73/><D73/><U68/><E28/><V95/><F20/><W79/><G50/><T80/><D80/><U23/><E23/><V132/><F132/><W11/><G11/><T24/><D24/><U51/><E27/><V112/><F112/><W124/><G124/><T78/><AGARI ba="0,1" hai="77,78,83,87,90,94,96,103,116,117,118,128,129,131" machi="78" ten="40,12000,2" yaku="1,1,0,1,19,1,34,3,53,0" doraHai="108" doraHaiUra="55" who="0" fromWho="0" sc="199,130,334,-60,265,-30,192,-30" /><INIT seed="6,0,0,3,4,52" ten="329,274,235,162" oya="2" hai0="76,134,97,111,20,29,115,7,103,69,117,80,112" hai1="100,108,125,98,46,30,92,102,17,79,131,85,10" hai2="50,48,133,82,49,15,94,121,38,18,44,4,113" hai3="119,42,14,107,73,88,9,59,28,61,110,40,56"/><V31/><F121/><W13/><G110/><T16/><D111/><U64/><E108/><V54/><F113/><W109/><G107/><T57/><D69/><U65/><E131/><V66/><F133/><W86/><G73/><T1/><D29/><U93/><E125/><V127/><F127/><W87/><G119/><T23/><D7/><U2/><E30/><V45/><F66/><W37/><G37/><T27/><D1/><U71/><E71/><V95/><F31/><W34/><G87/><T67/><D23/><U72/><E72/><V62/><F4/><W84/><G84/><T0/><D0/><U47/><E2/><V24/><F24/><W32/><G13/><T135/><D80/><N who="1" m="47263" /><E47/><N who="2" m="17995" /><F82/><W60/><G109/><T39/><D76/><U25/><E46/><V74/><F74/><W33/><G28/><T128/><D39/><U63/><E63/><N who="3" m="24138" /><G34/><T83/><D83/><U105/><E105/><V3/><F3/><W78/><G78/><T116/><D128/><U5/><E5/><V19/><F38/><W12/><G33/><T130/><D130/><U58/><E25/><V68/><F68/><W101/><G32/><T89/><D116/><U81/><E81/><V51/><N who="2" m="12288" /><DORA hai="77" /><V70/><F70/><W123/><G123/><T120/><D120/><U36/><E36/><V22/><F18/><N who="3" m="8463" /><G14/><T8/><D117/><U99/><E17/><V26/><F15/><W122/><G122/><T118/><D118/><U55/><E10/><V96/><F96/><W91/><G42/><T41/><D41/><U21/><E21/><V114/><F114/><W106/><G40/><RYUUKYOKU ba="0,0" sc="329,-15,274,15,235,15,162,-15" hai1="55,58,64,65,92,93,98,99,100,102" hai2="19,22,26,54,62,94,95" /><INIT seed="6,1,0,4,4,54" ten="314,289,250,147" oya="2" hai0="53,115,94,74,80,28,75,99,114,112,86,128,110" hai1="37,89,32,97,30,59,1,46,65,33,6,26,16" hai2="88,45,55,21,96,62,100,122,2,130,82,39,67" hai3="69,116,63,98,60,20,58,18,38,103,29,111,4"/><V15/><F122/><W78/><G111/><T48/><D28/><U23/><E37/><V42/><F2/><W92/><G116/><T79/><D110/><U132/><E132/><V87/><F55/><W133/><G133/><T84/><D84/><U56/><E46/><V41/><F41/><W0/><G38/><T90/><D128/><U13/><E65/><V72/><F72/><W61/><G78/><T131/><D131/><U51/><E51/><V52/><F52/><N who="3" m="33863" /><G69/><T3/><D3/><U121/><E33/><V113/><F113/><W66/><G0/><T106/><D106/><U109/><E121/><V24/><F15/><N who="3" m="9311" /><G29/><T102/><D79/><U123/><E123/><V9/><F9/><W126/><G126/><T108/><D108/><U118/><E118/><V49/><F39/><W47/><G4/><T44/><AGARI ba="1,0" hai="44,48,53,74,75,80,86,90,94,99,102,112,114,115" machi="44" ten="30,2000,0" yaku="0,1,15,1" doraHai="54" who="0" fromWho="0" sc="314,23,289,-6,250,-11,147,-6" /><INIT seed="7,0,0,5,0,96" ten="337,283,239,141" oya="3" hai0="31,125,92,64,106,134,130,94,100,71,30,102,57" hai1="9,115,49,87,23,2,111,0,74,52,101,12,47" hai2="35,62,42,108,13,39,124,99,105,83,107,128,43" hai3="110,109,54,81,88,121,32,8,77,33,120,46,22"/><W18/><G46/><T72/><D72/><U70/><E111/><N who="3" m="42506" /><G54/><T90/><D106/><U26/><E74/><V97/><F108/><W113/><G77/><T119/><D71/><U37/><E115/><V53/><F39/><W44/><G44/><T50/><D119/><U41/><E70/><V129/><F53/><W93/><G81/><T29/><D125/><U56/><E87/><V73/><F62/><W76/><G76/><T25/><D130/><U63/><E101/><N who="0" m="39017" /><D134/><U45/><E23/><V40/><F124/><W84/><G8/><T36/><D36/><U55/><REACH who="1" step="1"/><E26/><REACH who="1" ten="337,273,239,141" step="2"/><V86/><F73/><W66/><G113/><T1/><D94/><U127/><E127/><V116/><F128/><W89/><G66/><T123/><D123/><N who="3" m="47177" /><G89/><T24/><D1/><U14/><E14/><AGARI ba="0,1" hai="14,18,22,32,33,84,88,93" m="47177,42506" machi="14" ten="30,2900,0" yaku="10,1,54,1" doraHai="96" who="3" fromWho="1" sc="337,0,273,-29,239,0,141,39" /><INIT seed="7,1,0,3,3,23" ten="337,244,239,180" oya="3" hai0="53,78,70,50,0,80,125,45,40,22,29,5,110" hai1="44,42,1,15,12,27,128,115,65,105,60,47,71" hai2="33,87,85,59,86,38,20,112,68,26,124,14,69" hai3="89,13,116,93,11,31,108,39,76,134,10,106,114"/><W2/><G116/><T96/><D70/><U24/><E105/><V48/><F38/><W120/><G120/><T6/><D0/><U66/><E1/><V130/><F33/><W52/><G106/><T102/><D29/><U133/><E115/><V30/><F112/><W3/><G39/><T9/><D22/><U121/><E121/><V109/><F109/><W101/><G114/><T55/><D6/><U113/><E113/><V126/><F130/><W51/><G108/><T77/><D77/><U82/><E128/><V129/><F129/><W72/><G101/><T21/><D21/><U75/><E133/><V54/><REACH who="2" step="1"/><F14/><REACH who="2" ten="337,244,229,180" step="2"/><W132/><G3/><T127/><D110/><U92/><E12/><V36/><F36/><W90/><G2/><T97/><D125/><AGARI ba="1,1" hai="20,26,30,48,54,59,68,69,85,86,87,124,125,126" machi="125" ten="40,5200,0" yaku="1,1,18,1,52,1,53,0" doraHai="23" doraHaiUra="84" who="2" fromWho="0" sc="337,-55,244,0,229,65,180,0" /><INIT seed="8,0,0,5,4,1" ten="282,244,294,180" oya="0" hai0="62,72,103,77,125,92,124,121,105,100,38,18,122" hai1="81,97,84,82,42,55,8,123,44,64,93,129,24" hai2="101,109,133,74,65,12,94,7,108,47,34,110,98" hai3="111,91,36,70,87,27,0,26,11,13,29,76,112"/><T69/><D38/><U117/><E117/><V33/><F74/><W52/><G111/><T23/><D105/><U5/><E123/><V114/><F114/><W131/><G112/><T40/><D40/><U126/><E129/><V116/><F116/><W10/><G70/><T59/><D69/><U73/><E126/><N who="0" m="48745" /><D77/><U37/><E64/><V2/><F2/><W79/><G36/><T68/><D72/><U96/><E24/><N who="3" m="9258" /><G29/><T43/><D43/><U132/><E132/><V48/><F65/><W80/><G0/><T15/><D15/><BYE who="0" /><U66/><E66/><V71/><F71/><W21/><G131/><T75/><D75/><U14/><E55/><UN n0="%E8%80%81%E6%A5%BD" /><V99/><F133/><W135/><G135/><T89/><D68/><U4/><E4/><V51/><F99/><W46/><G21/><T22/><D22/><U60/><E60/><V113/><F113/><W104/><G104/><T107/><D107/><U106/><E106/><V9/><REACH who="2" step="1"/><F47/><REACH who="2" ten="282,244,284,180" step="2"/><W45/><G45/><T67/><D122/><U50/><E73/><V119/><F119/><W85/><G85/><T49/><D121/><U61/><E96/><V58/><F58/><W31/><G31/><T63/><D59/><U28/><E28/><V78/><F78/><N who="3" m="29739" /><G13/><T57/><D67/><U16/><E44/><V115/><F115/><W102/><G102/><T20/><D103/><U17/><E97/><V134/><F134/><W32/><G32/><AGARI ba="0,1" hai="7,9,12,32,33,34,48,51,94,98,101,108,109,110" machi="32" ten="50,3200,0" yaku="1,1,52,1,53,0" doraHai="1" doraHaiUra="53" who="2" fromWho="3" sc="282,0,244,0,284,42,180,-32" owari="282,8.2,244,-15.6,326,42.6,148,-35.2" /></mjloggm>