<mjloggm ver="2.3"><GO type="169" lobby="0"/><UN n0="%E3%82%A4%E3%82%AB%E3%81%AB%E3%82%82%E6%9D%B1%E5%8C%97" n1="%E7%94%9F%E4%BD%93%E3%81%AE%E6%A7%8B%E9%80%A0%31" n2="%62%69%70%73%64" n3="%E3%81%95%E3%81%8F%E3%82%89%E3%81%88%E3%81%B3" dan="16,17,18,16" rate="2159.85,2158.34,2260.63,2121.49" sx="M,M,M,M"/><TAIKYOKU oya="0"/><INIT seed="0,0,0,1,0,26" ten="250,250,250,250" oya="0" hai0="25,100,116,86,81,102,127,48,63,91,69,123,107" hai1="111,54,94,124,71,77,114,118,29,56,85,49,4" hai2="5,41,17,13,119,7,108,15,112,60,105,125,90" hai3="92,14,96,122,64,18,110,36,67,62,55,27,115"/><T0/><D116/><U11/><E118/><V95/><F119/><W57/><G110/><T79/><D123/><U53/><E71/><V34/><F105/><W35/><G115/><T30/><D0/><U130/><E111/><V59/><F112/><W109/><G36/><T120/><D120/><U121/><E114/><V43/><F34/><W42/><G42/><T117/><D117/><U28/><E121/><V135/><F135/><W46/><G46/><T58/><D127/><U47/><E130/><V78/><F78/><W75/><G75/><T19/><D69/><U37/><E37/><V82/><F82/><W89/><G109/><T133/><D133/><U31/><E124/><V87/><F125/><W98/><G98/><T1/><D1/><U40/><E56/><V73/><F73/><W76/><G76/><T104/><D19/><U12/><E94/><V61/><F61/><W83/><G83/><AGARI ba="0,0" hai="4,11,12,28,29,31,40,47,49,53,54,77,83,85" machi="83" ten="40,12000,2" yaku="25,2,8,1,52,3" doraHai="26" who="1" fromWho="3" sc="250,0,250,120,250,0,250,-120" /><INIT seed="1,0,0,1,5,108" ten="250,370,250,130" oya="1" hai0="117,3,54,10,121,29,66,72,4,83,24,87,56" hai1="67,55,0,25,76,111,131,128,85,9,89,102,97" hai2="17,84,119,91,92,116,88,32,21,23,69,16,113" hai3="61,74,78,12,62,45,59,93,105,68,49,31,19"/><U126/><E126/><V90/><F32/><W34/><G105/><T20/><D117/><U47/><E76/><V107/><F107/><W103/><G68/><T135/><D135/><U71/><E71/><V13/><F69/><W101/><G34/><T70/><D121/><U115/><E67/><V79/><F113/><W7/><G31/><T1/><D70/><U22/><E111/><V58/><F119/><W132/><G7/><T2/><D72/><U15/><E0/><V133/><F116/><W125/><G132/><T112/><D66/><U60/><E115/><V100/><F133/><W73/><G73/><T81/><D112/><U30/><E60/><V38/><F38/><W127/><G78/><T36/><D36/><U114/><E114/><V99/><F58/><W98/><G101/><T134/><D134/><U37/><E37/><V40/><F40/><W18/><G18/><N who="2" m="7273" /><F13/><W57/><G74/><T33/><D33/><U122/><E122/><V96/><F96/><W63/><G125/><T5/><D5/><U53/><E15/><V86/><F86/><W50/><G50/><T8/><D8/><U51/><E9/><V27/><F27/><W28/><G28/><T106/><D106/><U95/><REACH who="1" step="1"/><E55/><REACH who="1" ten="250,360,250,130" step="2"/><V44/><F79/><W11/><G127/><T26/><D2/><U41/><E41/><AGARI ba="0,1" hai="11,12,19,41,45,49,57,59,61,62,63,93,98,103" machi="41" ten="40,1300,0" yaku="8,1" doraHai="108" who="3" fromWho="1" sc="250,0,360,-13,250,0,130,23" /><INIT seed="2,0,0,5,4,88" ten="250,347,250,153" oya="2" hai0="31,1,53,9,33,67,98,19,59,5,49,80,23" hai1="90,83,108,0,77,60,37,25,52,123,24,131,40" hai2="111,48,58,22,2,114,30,43,71,61,107,124,66" hai3="32,54,92,85,113,44,4,20,35,96,115,133,34"/><V91/><F114/><N who="3" m="43531" /><G133/><T18/><D67/><U28/><E0/><V12/><F2/><W15/><G85/><T3/><D3/><U17/><E108/><V130/><F107/><W11/><G20/><T82/><D19/><U84/><E131/><V46/><F124/><W97/><G92/><T132/><D132/><U72/><E123/><V87/><F130/><W120/><G120/><T126/><D126/><U103/><E17/><V64/><F111/><W116/><G116/><T41/><D41/><U106/><E40/><V65/><F71/><W76/><G76/><T27/><REACH who="0" step="1"/><D98/><REACH who="0" ten="240,347,250,153" step="2"/><U112/><E112/><V86/><F65/><W122/><G122/><T110/><D110/><U135/><E135/><V118/><F118/><W62/><G96/><T13/><AGARI ba="0,1" hai="1,5,9,13,18,23,27,31,33,49,53,59,80,82" machi="13" ten="20,8000,1" yaku="1,1,0,1,7,1,24,2,53,0" doraHai="88" doraHaiUra="93" who="0" fromWho="0" sc="240,90,347,-20,250,-40,153,-20" /><INIT seed="3,0,0,2,2,115" ten="330,327,210,133" oya="3" hai0="81,20,123,101,100,90,68,8,128,126,74,105,84" hai1="1,119,36,6,7,44,28,2,82,93,107,3,122" hai2="89,106,130,78,49,52,9,30,64,29,61,13,32" hai3="27,83,111,118,60,66,96,58,103,132,109,110,87"/><W16/><G132/><T65/><D123/><U31/><E107/><V47/><F130/><W54/><G118/><T134/><D68/><U124/><E36/><V86/><F78/><W4/><G4/><N who="1" m="1578" /><E44/><V97/><F32/><W57/><G27/><T135/><D65/><U14/><E82/><V91/><F106/><W11/><G11/><T5/><D128/><U63/><E93/><N who="2" m="56495" /><F61/><W39/><G39/><T51/><D126/><U17/><E63/><V72/><F64/><W88/><G16/><T133/><D74/><U38/><E38/><V48/><F72/><W125/><G125/><T41/><D20/><N who="1" m="11319" /><E124/><V70/><F70/><N who="3" m="42311" /><G54/><T24/><D24/><U34/><E122/><V25/><F25/><W79/><G79/><T22/><D22/><U92/><E92/><AGARI ba="0,0" hai="57,58,83,87,88,92,96,103,109,110,111" m="42311" machi="92" ten="30,5800,0" yaku="14,1,10,1,54,1" doraHai="115" who="3" fromWho="1" sc="330,0,327,-58,210,0,133,58" /><INIT seed="3,1,0,3,0,77" ten="330,269,210,191" oya="3" hai0="95,58,89,63,107,76,74,88,60,72,80,57,79" hai1="22,46,131,110,28,91,129,61,15,99,30,124,2" hai2="4,45,66,51,35,37,16,6,56,85,49,32,109" hai3="90,121,62,82,23,123,105,38,83,106,40,93,29"/><W11/><G38/><T104/><REACH who="0" step="1"/><D95/><REACH who="0" ten="320,269,210,191" step="2"/><U116/><E131/><V118/><F118/><W108/><G105/><T65/><D65/><U12/><E129/><V41/><F66/><W111/><G106/><T34/><D34/><U18/><E116/><V132/><F32/><W19/><G121/><T102/><D102/><U54/><E110/><N who="3" m="42026" /><G123/><T1/><D1/><U100/><E2/><V81/><F35/><W44/><G62/><T68/><D68/><U53/><E61/><V36/><F109/><W127/><G127/><T120/><D120/><U75/><E124/><V27/><F36/><N who="3" m="21511" /><G29/><T94/><D94/><U39/><E30/><V21/><F37/><W47/><G11/><T31/><D31/><U87/><E28/><V10/><F10/><W0/><G0/><T24/><D24/><U117/><E39/><V126/><F126/><W71/><G71/><T97/><D97/><U50/><E117/><V73/><F27/><N who="3" m="14847" /><G47/><T78/><D78/><U43/><E46/><V114/><F45/><W59/><G59/><T26/><D26/><U14/><E43/><V42/><F42/><W20/><G20/><T134/><D134/><U86/><E22/><V67/><F132/><W133/><G133/><T55/><D55/><U128/><E54/><V135/><F135/><W96/><AGARI ba="1,1" hai="82,83,90,93,96" m="14847,21511,42026" machi="96" ten="30,11700,0" yaku="14,1,10,1,52,2" doraHai="77" who="3" fromWho="3" sc="320,-40,269,-40,210,-40,191,130" /><INIT seed="3,2,0,0,0,4" ten="280,229,170,321" oya="3" hai0="53,66,55,33,70,80,6,111,51,105,14,19,72" hai1="118,2,69,39,110,7,28,124,46,34,47,32,81" hai2="97,85,56,96,128,108,129,120,17,27,130,90,30" hai3="89,114,93,15,126,8,58,71,9,134,21,40,74"/><W104/><G114/><T99/><D33/><U135/><E110/><V79/><F108/><W86/><G71/><T63/><D111/><U10/><E124/><V76/><F56/><W116/><G116/><T57/><D6/><U103/><E135/><V31/><F17/><N who="3" m="10431" /><G104/><T83/><D72/><U67/><E118/><V0/><F0/><W24/><G74/><T82/><D105/><U20/><E47/><V75/><F75/><W52/><G40/><T3/><D3/><U84/><E103/><V68/><F68/><W54/><G126/><T11/><D99/><N who="2" m="37962" /><F30/><W48/><G134/><T91/><REACH who="0" step="1"/><D53/><REACH who="0" ten="270,229,170,321" step="2"/><U1/><E1/><V92/><F120/><W112/><G112/><T102/><D102/><U115/><E115/><V61/><F61/><N who="3" m="36039" /><G24/><T88/><AGARI ba="2,1" hai="11,14,19,51,55,57,63,66,70,80,82,83,88,91" machi="88" ten="30,7900,0" yaku="1,1,0,1,52,1,54,1,53,0" doraHai="4" doraHaiUra="36" who="0" fromWho="0" sc="270,95,229,-22,170,-22,321,-41" /><INIT seed="4,0,0,2,2,55" ten="365,207,148,280" oya="0" hai0="99,103,48,126,135,105,116,7,114,5,72,43,83" hai1="18,74,106,97,89,107,54,124,101,44,32,66,20" hai2="8,71,34,62,33,16,39,45,77,131,68,57,130" hai3="35,50,69,12,23,119,13,0,110,134,100,102,98"/><T21/><D116/><U85/><E32/><V1/><F77/><W80/><G110/><T63/><D114/><U78/><E124/><V108/><F108/><W79/><G35/><T27/><D126/><U29/><E29/><V84/><F33/><W11/><G69/><T22/><D135/><U51/><E107/><V104/><F104/><W91/><G119/><T4/><D27/><U10/><E10/><V37/><F34/><W132/><G91/><T3/><D3/><U96/><E96/><V9/><F84/><W92/><G100/><T42/><D63/><U67/><E78/><V26/><F1/><W109/><G109/><T30/><D30/><U117/><E74/><V82/><F82/><W88/><G102/><T128/><D128/><N who="2" m="49194" /><F8/><W111/><G50/><T15/><D48/><U87/><E87/><V120/><F120/><W127/><G127/><T125/><D125/><U70/><E70/><N who="2" m="26667" /><F45/><W115/><G111/><T76/><D22/><U6/><E6/><V65/><F26/><W122/><G122/><T58/><D21/><U93/><REACH who="1" step="1"/><E117/><REACH who="1" ten="365,197,148,280" step="2"/><V61/><F9/><W40/><G11/><N who="0" m="4583" /><D5/><U64/><E64/><N who="2" m="38959" /><F16/><W113/><G79/><T59/><D7/><U129/><E129/><V52/><F65/><W24/><G98/><T121/><D121/><U31/><E31/><V133/><F133/><W81/><G132/><T75/><D72/><U47/><E47/><V112/><F112/><W94/><G134/><T2/><D75/><U86/><E86/><V95/><F95/><W38/><G115/><T56/><D105/><U28/><E28/><V17/><F17/><RYUUKYOKU ba="0,1" sc="365,-15,197,15,148,15,280,-15" hai1="18,20,44,51,54,66,67,85,89,93,97,101,106" hai2="37,39,52,62" /><INIT seed="5,1,1,4,0,47" ten="350,212,163,265" oya="1" hai0="107,94,75,36,105,83,66,89,6,127,57,54,98" hai1="134,92,80,101,53,120,7,87,128,30,99,125,2" hai2="64,32,81,65,62,113,90,52,104,106,68,71,38" hai3="13,39,18,123,9,22,25,23,10,41,59,63,130"/><U78/><E120/><V110/><F110/><W26/><G123/><T93/><D36/><U132/><E30/><V27/><F38/><W12/><G130/><T111/><D111/><U55/><E128/><V33/><F90/><W103/><G103/><T115/><D115/><U117/><E117/><V119/><F81/><W4/><G41/><T1/><D127/><U109/><E109/><V85/><F85/><W118/><G39/><T40/><D40/><U77/><E125/><V34/><F119/><W0/><G59/><T121/><D66/><N who="2" m="25706" /><F27/><W100/><G63/><T48/><D121/><U116/><E77/><V86/><F86/><W135/><G100/><T88/><D6/><U82/><E82/><V70/><F62/><W21/><G118/><T19/><D19/><U46/><E116/><V102/><F102/><W51/><G51/><T84/><D1/><U79/><E79/><V91/><F91/><W131/><G131/><T35/><D35/><U122/><E122/><V28/><F28/><N who="3" m="17455" /><G135/><N who="1" m="51754" /><E46/><V16/><F113/><W50/><G0/><T126/><D126/><U97/><E97/><V61/><F61/><W73/><G73/><T37/><D37/><U11/><AGARI ba="1,1" hai="2,7,11,53,55,78,80,87,92,99,101" m="51754" machi="11" ten="30,1500,0" yaku="20,1" doraHai="47" who="1" fromWho="1" sc="350,-6,212,28,163,-6,265,-6" /><INIT seed="5,2,0,0,3,24" ten="344,240,157,259" oya="1" hai0="39,133,73,95,64,109,86,82,0,8,89,121,60" hai1="128,98,23,20,123,122,49,58,94,36,92,72,48" hai2="52,119,79,129,83,57,88,102,125,85,44,63,26" hai3="120,126,42,25,37,68,124,16,108,9,10,7,101"/><U115/><E36/><V110/><F110/><W32/><G108/><T77/><D109/><U47/><E72/><V117/><F129/><W75/><G68/><T61/><D133/><U30/><E128/><V59/><F125/><N who="3" m="48235" /><G75/><T55/><D121/><U118/><E118/><V113/><F113/><W41/><G101/><T5/><D64/><U18/><E115/><V103/><F119/><W99/><G99/><T34/><D34/><U14/><E123/><V100/><F117/><W12/><G37/><T54/><D39/><U127/><E122/><V4/><F4/><W6/><G120/><T81/><D81/><U28/><E127/><V3/><F3/><N who="3" m="223" /><G7/><T43/><D43/><N who="1" m="24703" /><E23/><V38/><F38/><W53/><G53/><T70/><D70/><U62/><E49/><V104/><F44/><W132/><G132/><T135/><D135/><U56/><E56/><V45/><F45/><W96/><G96/><T17/><D55/><N who="1" m="34143" /><E94/><V111/><F111/><W80/><G80/><T19/><D54/><U1/><E1/><V15/><F59/><W84/><G42/><T97/><D73/><U130/><E130/><V91/><F104/><W31/><G41/><T131/><D131/><U21/><E20/><V69/><F69/><W11/><G10/><T22/><D22/><U71/><E71/><V66/><F66/><W13/><G13/><T116/><D116/><U134/><E134/><V106/><F106/><W105/><G105/><T35/><D35/><U50/><E50/><V78/><F15/><W93/><G93/><T33/><D33/><U67/><E67/><V40/><F40/><RYUUKYOKU ba="2,0" sc="344,10,240,10,157,-30,259,10" hai0="0,5,8,17,19,60,61,77,82,86,89,95,97" hai1="14,18,21,28,30,92,98" hai3="11,12,16,25,31,32,84" /><INIT seed="5,3,0,1,1,43" ten="354,250,127,269" oya="1" hai0="130,128,96,101,31,25,104,51,94,107,61,91,111" hai1="135,13,35,106,45,30,5,89,99,8,87,20,88" hai2="80,131,44,6,75,46,126,115,70,23,41,36,14" hai3="82,109,102,103,86,64,57,110,108,123,116,117,49"/><U122/><E122/><V11/><F70/><W67/><G123/><T9/><D111/><U55/><E135/><V12/><F131/><N who="0" m="50218" /><D51/><N who="1" m="29167" /><E35/><V93/><F126/><W83/><G49/><T53/><D9/><U105/><E106/><N who="0" m="40489" /><D53/><U113/><E105/><V69/><F69/><W95/><G57/><T60/><D101/><N who="3" m="38409" /><G67/><T98/><D96/><U52/><E113/><V76/><F115/><W32/><G64/><T58/><D58/><U66/><E66/><V77/><F36/><W48/><G48/><T3/><D3/><U24/><E99/><V81/><F41/><W78/><G32/><AGARI ba="3,0" hai="25,31,32,60,61,91,94,98" m="40489,50218" machi="32" ten="30,1000,0" yaku="19,1" doraHai="43" who="0" fromWho="3" sc="354,19,250,0,127,0,269,-19" /><INIT seed="6,0,0,4,2,53" ten="373,250,127,250" oya="2" hai0="108,105,46,85,77,50,62,66,4,45,5,95,27" hai1="118,101,22,76,35,40,103,109,63,71,131,110,135" hai2="49,70,61,106,114,34,16,25,31,89,64,48,107" hai3="6,57,10,2,7,65,78,134,86,1,124,115,38"/><V59/><F114/><W116/><G38/><T28/><D108/><U54/><E118/><V69/><F89/><W88/><G116/><T21/><D105/><U32/><E131/><V3/><F3/><W122/><G122/><T37/><D37/><U102/><E135/><V73/><F73/><W47/><G78/><T36/><D36/><U12/><E40/><V83/><F83/><W97/><G134/><T29/><D29/><U0/><E0/><V130/><F130/><W112/><G97/><T14/><D14/><U17/><E76/><V39/><F39/><W80/><G47/><T58/><D46/><U44/><E71/><V100/><F107/><W117/><G117/><T13/><D13/><U26/><E44/><V104/><F106/><W132/><G132/><T128/><D128/><U52/><E12/><V119/><F119/><W51/><G124/><T67/><D66/><U90/><E90/><V42/><F16/><W19/><G19/><T91/><D77/><U8/><E8/><V72/><F72/><W75/><G75/><T15/><D15/><U24/><E24/><V9/><F9/><W56/><G7/><T20/><D21/><U87/><E87/><V113/><F113/><N who="3" m="43595" /><G2/><T125/><D125/><U129/><E129/><V126/><F126/><W84/><G84/><T96/><D85/><U111/><REACH who="1" step="1"/><E63/><REACH who="1" ten="373,240,127,250" step="2"/><V41/><F48/><W30/><G51/><T23/><D23/><U99/><E99/><N who="2" m="61471" /><F70/><W11/><G11/><T92/><D50/><U81/><E81/><V74/><F74/><W133/><G133/><T121/><D45/><U127/><E127/><RYUUKYOKU ba="0,1" sc="373,-15,240,15,127,15,250,-15" hai1="17,22,26,32,35,52,54,101,102,103,109,110,111" hai2="25,31,34,41,42,49,59,61,64,69" /><INIT seed="6,1,1,3,4,70" ten="358,255,142,235" oya="2" hai0="89,31,135,116,46,39,133,57,97,100,95,37,92" hai1="30,127,134,21,102,7,126,4,50,2,77,53,75" hai2="109,29,99,28,59,71,61,115,108,43,105,131,66" hai3="5,101,3,42,49,60,106,79,0,19,10,85,13"/><V67/><F115/><W26/><G106/><T132/><D116/><U41/><E41/><V32/><F131/><W18/><G101/><T23/><D57/><U72/><E134/><V51/><F67/><W104/><G104/><T64/><D64/><U9/><E4/><V78/><F78/><W56/><G3/><T107/><D46/><U40/><E40/><V65/><F65/><N who="3" m="39047" /><G0/><T44/><D44/><N who="1" m="27847" /><E77/><V103/><F43/><W14/><G49/><T111/><D111/><N who="2" m="42570" /><F32/><W117/><G117/><T63/><D63/><U123/><E102/><V80/><F80/><N who="3" m="47263" /><G42/><T36/><D89/><U76/><E76/><V82/><F82/><W73/><G73/><T84/><D84/><U24/><E123/><V68/><F68/><W87/><G87/><T22/><D31/><U130/><E130/><V48/><F48/><W55/><G55/><AGARI ba="1,1" hai="28,29,51,55,59,61,66,71,99,103,105" m="42570" machi="55" ten="30,1500,0" yaku="10,1" doraHai="70" who="2" fromWho="3" sc="358,0,255,0,142,28,235,-18" /><INIT seed="6,2,0,4,2,2" ten="358,255,170,217" oya="2" hai0="104,61,110,69,1,17,71,26,75,64,107,135,119" hai1="5,133,39,105,40,54,74,18,20,8,33,83,120" hai2="102,121,124,36,30,46,99,126,106,100,92,12,55" hai3="43,72,113,67,117,6,70,81,25,118,31,57,41"/><V23/><F121/><W51/><G72/><T88/><D110/><U101/><E33/><V112/><F112/><W89/><G81/><T37/><D37/><U116/><E116/><V42/><F55/><W85/><G113/><T131/><D1/><U28/><E28/><V3/><F3/><W9/><G70/><T53/><D75/><U134/><E120/><V111/><F111/><W97/><G97/><T38/><D38/><U127/><E127/><N who="2" m="48683" /><F106/><W22/><G117/><T0/><D0/><N who="1" m="39" /><E54/><V123/><F123/><W34/><G34/><T44/><D131/><U27/><E101/><N who="2" m="60647" /><F30/><W66/><G118/><T103/><D135/><N who="1" m="51723" /><E105/><V84/><F84/><W93/><G41/><T87/><D87/><U10/><E10/><V130/><F130/><W65/><G43/><T32/><D107/><U98/><E98/><V78/><F78/><W62/><REACH who="3" step="1"/><G51/><REACH who="3" ten="358,255,170,207" step="2"/><T35/><D119/><U13/><E40/><V7/><F7/><W50/><G50/><T114/><D114/><U45/><E39/><V129/><F129/><W132/><G132/><T60/><D32/><U16/><E74/><V48/><F36/><W63/><G63/><T91/><D61/><U109/><E109/><V108/><F108/><W21/><G21/><T128/><D60/><U49/><E49/><V115/><F115/><W14/><AGARI ba="2,1" hai="6,9,14,22,25,31,57,62,65,66,67,85,89,93" machi="14" ten="20,12000,2" yaku="1,1,0,1,7,1,8,1,52,1,53,1" doraHai="2" doraHaiUra="19" who="3" fromWho="3" sc="358,-32,255,-32,170,-62,207,136" /><INIT seed="7,0,0,1,1,116" ten="326,223,108,343" oya="3" hai0="89,30,17,130,111,39,0,16,66,25,109,7,60" hai1="76,56,85,125,35,128,24,107,82,101,88,29,1" hai2="37,100,87,31,103,108,51,113,132,94,2,92,90" hai3="36,120,45,99,15,6,53,58,32,118,26,28,41"/><W73/><G120/><T40/><D130/><U71/><E128/><V110/><F37/><W14/><G118/><T64/><D0/><U22/><E71/><V77/><F2/><W67/><G73/><T57/><D7/><U117/><E117/><V48/><F31/><W61/><G6/><T74/><D74/><U97/><E125/><V4/><F4/><W83/><G83/><T84/><D66/><U49/><E1/><V122/><F77/><W44/><G99/><T19/><D40/><U127/><E127/><V80/><F80/><W75/><G75/><T27/><D39/><U55/><E35/><V72/><F72/><W112/><G112/><T21/><REACH who="0" step="1"/><D27/><REACH who="0" ten="316,223,108,343" step="2"/><U95/><REACH who="1" step="1"/><E107/><REACH who="1" ten="316,213,108,343" step="2"/><V5/><F113/><W105/><G105/><T23/><D23/><U63/><E63/><V62/><F62/><W52/><G61/><T96/><D96/><U34/><E34/><V124/><F124/><W12/><G32/><T42/><D42/><U59/><E59/><V3/><F3/><W78/><G58/><T129/><D129/><U70/><E70/><V11/><F110/><W9/><G41/><T106/><D106/><U102/><AGARI ba="0,2" hai="22,24,29,49,55,56,76,82,85,88,95,97,101,102" machi="102" ten="30,8000,1" yaku="1,1,0,1,8,1,54,1,53,1" doraHai="116" doraHaiUra="81" who="1" fromWho="1" sc="316,-20,213,100,108,-20,343,-40" owari="296,-10.4,313,41.3,88,-41.2,303,10.3" /></mjloggm>