<mjloggm ver="2.3"><GO type="169" lobby="0"/><UN n0="%E3%81%88%E3%81%84%E3%81%8D%E3%81%A1%40%35%6D%66" n1="%E8%B6%85%E7%B5%B6%E5%82%99%E9%95%B7%E7%82%AD" n2="%E5%8D%83%E5%B9%B4%E5%B0%8F%E5%A6%96" n3="%E3%83%A4%E3%83%8A%E3%83%AA%E3%83%B3%E3%82%B9%E3%82%AD%E3%83%BC" dan="17,17,16,17" rate="2207.51,2084.82,2098.02,2164.07" sx="M,M,M,M"/><TAIKYOKU oya="0"/><INIT seed="0,0,0,1,5,10" ten="250,250,250,250" oya="0" hai0="2,51,9,8,20,11,98,108,102,6,91,44,97" hai1="132,70,28,100,116,19,77,127,103,53,40,124,82" hai2="12,5,1,36,21,55,65,114,133,80,101,74,75" hai3="15,33,26,106,35,72,131,96,105,71,43,56,126"/><T34/><D34/><U79/><E70/><V88/><F114/><W120/><G71/><T24/><D108/><U48/><E116/><V69/><F1/><W63/><G72/><T104/><D97/><U68/><E68/><V87/><F36/><W47/><G126/><N who="1" m="48170" /><E40/><V125/><F125/><W135/><G131/><T128/><D91/><U16/><E28/><V99/><F133/><W32/><G26/><T17/><REACH who="0" step="1"/><D128/><REACH who="0" ten="240,250,250,250" step="2"/><U18/><E132/><V90/><F90/><W115/><G135/><T113/><D113/><U109/><E109/><V130/><F130/><W95/><G115/><T89/><D89/><U67/><E79/><V112/><F112/><W84/><G96/><T54/><AGARI ba="0,1" hai="2,6,8,9,11,17,20,24,44,51,54,98,102,104" machi="54" ten="20,7800,0" yaku="1,1,0,1,7,1,53,1" doraHai="10" doraHaiUra="0" who="0" fromWho="0" sc="240,88,250,-26,250,-26,250,-26" /><INIT seed="0,1,0,1,4,108" ten="328,224,224,224" oya="0" hai0="61,1,20,125,57,102,118,26,113,93,46,90,29" hai1="34,107,54,89,128,10,132,92,60,98,72,4,36" hai2="49,83,22,106,82,15,39,75,48,51,99,40,58" hai3="14,38,74,8,119,76,64,80,71,18,12,52,95"/><T105/><D118/><U114/><E36/><V135/><F135/><W32/><G119/><T115/><D1/><U120/><E34/><V44/><F75/><W25/><G38/><T101/><D125/><U28/><E28/><V77/><F77/><W127/><G127/><T47/><D105/><U133/><E72/><V2/><F2/><W0/><G0/><T78/><D78/><U126/><E120/><V131/><F131/><W53/><G95/><T55/><D102/><U66/><E126/><V67/><F106/><W73/><G73/><T21/><D101/><U91/><E54/><V104/><F99/><W122/><G122/><T100/><D100/><U112/><E91/><V129/><F104/><W97/><G97/><T5/><D5/><U110/><E107/><V24/><F15/><W81/><G81/><T37/><D20/><U59/><E110/><V17/><F129/><W84/><G74/><T96/><REACH who="0" step="1"/><D37/><REACH who="0" ten="318,224,224,224" step="2"/><U43/><E43/><V123/><F123/><W23/><G32/><T88/><D88/><U79/><E79/><V16/><F39/><W13/><REACH who="3" step="1"/><G8/><REACH who="3" ten="318,224,224,214" step="2"/><T68/><D68/><U33/><E33/><V3/><F3/><W35/><G35/><T62/><D62/><AGARI ba="1,2" hai="12,13,14,18,23,25,52,53,62,64,71,76,80,84" machi="62" ten="40,2600,0" yaku="1,1,54,1,53,0" doraHai="108" doraHaiUra="6" who="3" fromWho="0" sc="318,-29,224,0,224,0,214,49" /><INIT seed="1,0,0,1,0,64" ten="289,224,224,263" oya="1" hai0="2,66,19,82,86,53,71,57,100,109,20,112,125" hai1="117,110,116,113,80,43,134,115,124,69,119,78,51" hai2="68,133,13,65,47,74,56,129,94,60,102,41,5" hai3="46,103,130,83,70,48,55,97,89,93,118,31,76"/><U107/><E107/><V15/><BYE who="1" /><F74/><W1/><G130/><T77/><D112/><U24/><E24/><V79/><F129/><W135/><G135/><T95/><D109/><U37/><E37/><V120/><F79/><W7/><G118/><T131/><D131/><U85/><E85/><V18/><F120/><W98/><G31/><T72/><D2/><U84/><E84/><V132/><F5/><W106/><G7/><T17/><D125/><U21/><E21/><V88/><F102/><W104/><G1/><T114/><D114/><U6/><E6/><V39/><F56/><W30/><G30/><T54/><D17/><U29/><E29/><V67/><F67/><W16/><G106/><T101/><D54/><U50/><E50/><V81/><F81/><W111/><G111/><T127/><D127/><U92/><E92/><V59/><F59/><W62/><G16/><T26/><D66/><U32/><E32/><V10/><REACH who="2" step="1"/><F15/><REACH who="2" ten="289,224,214,263" step="2"/><W42/><G83/><T40/><D72/><U44/><E44/><V49/><F49/><W73/><G76/><T25/><D57/><U34/><E34/><V96/><AGARI ba="0,1" hai="10,13,18,39,41,47,60,65,68,88,94,96,132,133" machi="96" ten="30,7900,0" yaku="1,1,0,1,52,1,54,1,53,0" doraHai="64" doraHaiUra="27" who="2" fromWho="2" sc="289,-20,224,-39,214,89,263,-20" /><INIT seed="2,0,0,4,4,104" ten="269,185,303,243" oya="2" hai0="44,113,64,72,6,13,83,121,106,103,101,53,4" hai1="28,119,112,63,14,114,66,31,25,38,37,11,61" hai2="100,75,86,65,117,82,94,8,135,22,24,42,76" hai3="43,99,97,74,128,45,96,110,107,17,21,69,23"/><V12/><F117/><W62/><G110/><T58/><D121/><U52/><E52/><V105/><F135/><W19/><G128/><T15/><D113/><U124/><E124/><V9/><F65/><W56/><G69/><T54/><D106/><U88/><E88/><N who="2" m="53527" /><F42/><W29/><G107/><T78/><D64/><U59/><E59/><V39/><F12/><W111/><G111/><T93/><D44/><U50/><E50/><V5/><F5/><W32/><G32/><T90/><D53/><U26/><E26/><V34/><F39/><W133/><G133/><T127/><D127/><U109/><E109/><V16/><F34/><W131/><G131/><T102/><D4/><U48/><E48/><V129/><F129/><W33/><G33/><T98/><REACH who="0" step="1"/><D6/><REACH who="0" ten="259,185,303,243" step="2"/><U68/><E68/><V116/><F116/><W35/><G45/><T134/><D134/><U126/><E126/><V122/><F122/><W18/><G43/><T89/><D89/><U49/><E49/><AGARI ba="0,1" hai="13,15,49,54,58,72,78,83,90,93,98,101,102,103" machi="49" ten="40,5200,0" yaku="1,1,52,1,53,1" doraHai="104" doraHaiUra="73" who="0" fromWho="1" sc="259,62,185,-52,303,0,243,0" /><UN n1="%E8%B6%85%E7%B5%B6%E5%82%99%E9%95%B7%E7%82%AD" /><INIT seed="3,0,0,5,5,108" ten="321,133,303,243" oya="3" hai0="52,79,116,56,8,66,28,84,77,85,59,35,58" hai1="49,41,113,124,37,14,17,111,120,4,135,33,92" hai2="80,104,55,19,65,102,6,43,60,38,62,106,131" hai3="118,12,130,86,25,98,7,36,88,95,75,74,67"/><W34/><G130/><T90/><D116/><U61/><E37/><V13/><F131/><W57/><G118/><T42/><D42/><U89/><E33/><V3/><F80/><W15/><G36/><T20/><D35/><U71/><E120/><V68/><F102/><W78/><G78/><N who="0" m="29707" /><D66/><U32/><E32/><V1/><F38/><W117/><G117/><T26/><D8/><U87/><E4/><V123/><F43/><W64/><G86/><N who="0" m="33387" /><D90/><U48/><E41/><V107/><F6/><W0/><G0/><T5/><D5/><U40/><E40/><V119/><F119/><W110/><G110/><T10/><D10/><U115/><E111/><V121/><F55/><AGARI ba="0,0" hai="20,26,28,52,55,56,58,59" m="33387,29707" machi="55" ten="30,2000,0" yaku="8,1,54,1" doraHai="108" who="0" fromWho="2" sc="321,20,133,0,303,-20,243,0" /><INIT seed="4,0,0,2,1,108" ten="341,133,283,243" oya="0" hai0="24,50,30,0,8,19,135,28,111,128,98,4,44" hai1="101,94,115,58,3,23,46,15,25,129,34,120,97" hai2="6,49,32,96,21,11,59,78,125,60,64,110,100" hai3="131,54,33,133,106,48,62,91,41,74,13,10,22"/><T113/><D128/><U55/><E3/><V76/><F32/><W61/><G33/><T69/><D69/><U57/><E120/><V107/><F110/><W53/><G74/><T14/><D111/><U119/><E119/><V40/><F125/><W71/><G106/><T105/><D135/><U103/><E129/><V42/><F21/><W112/><G112/><T126/><D126/><U72/><E72/><V109/><F109/><W86/><G131/><T104/><D113/><U63/><E115/><V47/><REACH who="2" step="1"/><F40/><REACH who="2" ten="341,133,273,243" step="2"/><W67/><G22/><N who="0" m="11639" /><D30/><U68/><E34/><V87/><F87/><W124/><G124/><T1/><D28/><U66/><E25/><V81/><F81/><W82/><G133/><T118/><D24/><U79/><E23/><V37/><F37/><W52/><G41/><T73/><D73/><U85/><E85/><V95/><F95/><W20/><G20/><T122/><D122/><U38/><E38/><V93/><F93/><W75/><G75/><T12/><D118/><U114/><E114/><V16/><F16/><W27/><G27/><T80/><D80/><U134/><E134/><V92/><F92/><W102/><G102/><T84/><D84/><U127/><E127/><V39/><F39/><W77/><G77/><T99/><D105/><U31/><E31/><V132/><F132/><W7/><REACH who="3" step="1"/><G62/><REACH who="3" ten="341,133,273,233" step="2"/><T117/><D117/><U2/><E79/><V56/><F56/><AGARI ba="0,2" hai="7,10,13,48,52,53,54,56,61,67,71,82,86,91" machi="56" ten="30,7700,0" yaku="1,1,2,1,7,1,54,1,53,0" doraHai="108" doraHaiUra="70" who="3" fromWho="2" sc="341,0,133,0,273,-77,233,97" /><INIT seed="5,0,0,3,1,120" ten="341,133,196,330" oya="1" hai0="95,68,62,122,91,40,87,12,127,72,90,98,55" hai1="37,45,54,84,27,29,25,133,52,14,1,73,38" hai2="65,39,97,18,33,108,28,16,46,114,101,41,96" hai3="123,93,134,116,113,76,63,11,82,100,132,21,53"/><U15/><E1/><V59/><F97/><W77/><G123/><T66/><D122/><U130/><E73/><V79/><F79/><W20/><G113/><T124/><D72/><U81/><E133/><V3/><F3/><W85/><G116/><T78/><D78/><U126/><E130/><V106/><F114/><W4/><G77/><T17/><D40/><U117/><E117/><V83/><F83/><W86/><G53/><T69/><D55/><U60/><E126/><N who="0" m="48169" /><D69/><U103/><E103/><V104/><F104/><W2/><G63/><T5/><D5/><U119/><E119/><V105/><F105/><W111/><G111/><T89/><D98/><U42/><E38/><V118/><F118/><W32/><G32/><T70/><D70/><U64/><E14/><V49/><F108/><W7/><G7/><T121/><D121/><U13/><E13/><V58/><F39/><W92/><G100/><T112/><D112/><U102/><E15/><V107/><F107/><W10/><G10/><AGARI ba="0,0" hai="10,12,17,62,66,68,87,89,90,91,95" m="48169" machi="10" ten="30,1000,0" yaku="18,1" doraHai="120" who="0" fromWho="3" sc="341,10,133,0,196,0,330,-10" /><INIT seed="6,0,0,0,4,115" ten="351,133,196,320" oya="2" hai0="80,117,119,108,101,42,38,94,62,68,76,120,46" hai1="29,11,89,16,88,73,0,5,75,21,39,118,69" hai2="30,133,67,127,25,96,47,85,135,74,66,128,130" hai3="59,134,28,61,91,44,51,125,12,107,109,84,57"/><V34/><F74/><W43/><G109/><T105/><D108/><U83/><E69/><V82/><F96/><W86/><G107/><T53/><D120/><U77/><E75/><V1/><F1/><W15/><G125/><T87/><D105/><U26/><E118/><N who="0" m="45065" /><D101/><U104/><E104/><V131/><F47/><W48/><G134/><N who="2" m="51209" /><F127/><W50/><G28/><T106/><D106/><U32/><REACH who="1" step="1"/><E39/><REACH who="1" ten="351,123,196,320" step="2"/><V79/><AGARI ba="0,1" hai="25,30,34,66,67,79,82,85,128,130,131" m="51209" machi="79" ten="40,3900,0" yaku="19,1,20,1" doraHai="115" who="2" fromWho="2" sc="351,-13,123,-13,196,49,320,-13" /><INIT seed="6,1,0,0,3,53" ten="338,110,245,307" oya="2" hai0="68,11,8,81,17,77,75,115,19,47,118,61,26" hai1="83,126,135,102,44,122,85,23,109,3,27,79,86" hai2="128,88,1,78,63,116,117,131,72,107,82,32,39" hai3="64,20,96,121,127,74,40,87,21,123,35,18,110"/><V69/><F1/><W94/><G110/><T76/><D115/><U62/><E109/><V13/><F32/><W130/><G74/><T36/><D118/><U100/><E3/><V66/><F39/><W52/><G35/><T37/><D77/><U28/><E135/><V105/><F13/><W103/><G127/><T7/><D26/><U5/><E126/><V91/><F91/><W58/><G130/><N who="2" m="49705" /><F88/><W59/><G40/><N who="0" m="22919" /><D11/><U22/><E5/><V48/><F48/><N who="3" m="30983" /><G123/><T41/><D41/><U50/><E122/><V99/><F99/><W108/><G121/><T16/><D37/><U43/><E85/><V29/><F29/><W42/><G108/><T30/><D30/><U84/><E84/><V73/><F72/><W10/><G42/><T92/><D92/><U25/><REACH who="1" step="1"/><E62/><REACH who="1" ten="338,100,245,307" step="2"/><V15/><F116/><W80/><G87/><T134/><D134/><U33/><E33/><V98/><F117/><W0/><G0/><N who="0" m="103" /><D61/><U67/><E67/><V104/><F63/><N who="3" m="38015" /><G80/><T60/><D60/><U106/><E106/><V65/><F105/><W112/><G112/><T45/><D81/><U12/><E12/><AGARI ba="1,1" hai="10,12,18,20,21,94,96,103" m="38015,30983" machi="12" ten="30,7700,0" yaku="8,1,52,2,54,1" doraHai="53" who="3" fromWho="1" sc="338,0,100,-80,245,0,307,90" /><INIT seed="7,0,0,2,5,27" ten="338,20,245,397" oya="3" hai0="28,122,102,33,9,90,78,62,32,39,4,76,69" hai1="135,20,124,107,86,49,47,120,48,61,41,110,111" hai2="94,134,79,117,19,50,57,82,125,121,22,85,43" hai3="17,13,99,14,12,15,127,73,52,118,56,105,55"/><W128/><G118/><T119/><D119/><U87/><E107/><V68/><F121/><W95/><G73/><T16/><D122/><U133/><E120/><V96/><F68/><W37/><G105/><T0/><D39/><U101/><E101/><V34/><F34/><W77/><G37/><T129/><D129/><U92/><E61/><V72/><F125/><W2/><G2/><T80/><D102/><U59/><E59/><V98/><F134/><W46/><G128/><T70/><D90/><U40/><E20/><V71/><F71/><W31/><G31/><T126/><D126/><U30/><E92/><V6/><F117/><W1/><G1/><T42/><D42/><U18/><E124/><V60/><F6/><W131/><G77/><T116/><D78/><U64/><E18/><V54/><F72/><W3/><G3/><T10/><D116/><U93/><E93/><V58/><F98/><W109/><G109/><T11/><D11/><U83/><E47/><V35/><F35/><W21/><G131/><T53/><D33/><U114/><E83/><V67/><F43/><W132/><G132/><T7/><D7/><U45/><E45/><V36/><F36/><W23/><G23/><T113/><D70/><U26/><E26/><V74/><F74/><W130/><G130/><T100/><D69/><U103/><E103/><V106/><F106/><W104/><G104/><T108/><D100/><U51/><E51/><V123/><F123/><W84/><G21/><T24/><D32/><U89/><E114/><V88/><F22/><N who="3" m="11559" /><G127/><T81/><D113/><U5/><E5/><RYUUKYOKU ba="0,0" sc="338,-10,20,-10,245,30,397,-10" hai2="19,50,54,57,58,60,67,79,82,85,88,94,96" owari="328,12.8,10,-49.0,275,-12.5,387,48.7" /></mjloggm>