<mjloggm ver="2.3"><GO type="169" lobby="0"/><UN n0="%E2%80%A0%E7%99%BD%E5%85%8E%E2%80%A0" n1="%E7%BD%AA%E5%88%91%E6%B3%95%E5%AE%9A%E4%B8%BB%E7%BE%A9" n2="%E3%83%94%E3%83%B3%E3%82%B5%E3%83%AD%E5%BA%97%E5%93%A1" n3="%E3%81%86%E3%81%9A%E3%82%89%E5%8D%B5%E3%83%95%E3%83%A9%E3%82%A4" dan="18,17,17,16" rate="2249.93,2230.99,2246.71,2044.02" sx="M,M,M,M"/><TAIKYOKU oya="0"/><INIT seed="0,0,0,3,5,1" ten="250,250,250,250" oya="0" hai0="25,127,53,20,80,120,76,34,96,16,74,52,49" hai1="133,88,82,66,134,42,99,30,79,55,21,92,83" hai2="11,67,56,68,115,14,105,132,65,103,84,47,9" hai3="100,108,17,130,13,22,6,78,18,126,26,119,0"/><T24/><D120/><U97/><E42/><V58/><F115/><W12/><G100/><T44/><D127/><U37/><E37/><V41/><F132/><N who="1" m="50793" /><E66/><V57/><F68/><W4/><G78/><T128/><D128/><U27/><E55/><V45/><F105/><W46/><G46/><T125/><D125/><U35/><E35/><V10/><F103/><W81/><G81/><N who="1" m="30730" /><E79/><V75/><F75/><W23/><G126/><T72/><D96/><AGARI ba="0,0" hai="21,27,30,88,92,96,97,99" m="30730,50793" machi="96" ten="30,2000,0" yaku="20,1,54,1" doraHai="1" who="1" fromWho="0" sc="250,-20,250,20,250,0,250,0" /><INIT seed="1,0,0,0,4,14" ten="230,270,250,250" oya="1" hai0="66,20,55,88,75,92,12,84,2,58,51,114,17" hai1="125,103,47,107,38,108,85,121,89,53,37,62,52" hai2="1,6,95,8,59,57,27,19,31,123,110,102,4" hai3="120,15,45,24,43,13,94,25,115,91,49,23,54"/><U81/><E121/><V124/><F123/><W78/><G120/><T87/><D75/><U48/><E125/><V72/><F72/><W50/><G115/><T104/><D114/><U35/><E35/><V40/><F124/><W63/><G78/><T98/><D2/><U65/><E53/><V64/><F110/><W61/><G61/><T117/><D117/><U18/><E108/><V129/><F129/><W122/><G122/><T11/><D104/><U106/><E107/><V36/><F6/><W113/><G113/><T101/><D66/><U46/><E46/><V34/><F64/><W10/><G63/><T83/><D87/><U134/><E134/><V67/><F67/><W99/><G23/><AGARI ba="0,0" hai="11,12,17,20,23,51,55,58,83,84,88,92,98,101" machi="23" ten="40,5200,0" yaku="8,1,52,1,54,1" doraHai="14" who="0" fromWho="3" sc="230,52,270,0,250,0,250,-52" /><INIT seed="2,0,0,3,2,46" ten="282,270,250,198" oya="2" hai0="127,30,19,65,99,128,116,66,40,101,31,113,1" hai1="10,39,52,71,13,123,20,3,9,88,114,5,69" hai2="50,92,96,23,117,8,17,45,86,134,111,121,2" hai3="97,102,81,59,120,72,115,84,61,87,95,112,35"/><V16/><F117/><W118/><G35/><T34/><D113/><N who="3" m="43593" /><G59/><T104/><D1/><U64/><E114/><V55/><F121/><W131/><G61/><T129/><D127/><U79/><E79/><V70/><F70/><W36/><G36/><T14/><D40/><U26/><E39/><V18/><F134/><W110/><G120/><T82/><D82/><U56/><E64/><N who="0" m="24681" /><D34/><U32/><E32/><V119/><F119/><W48/><G118/><T58/><D58/><U25/><E25/><V28/><F111/><W106/><G110/><T93/><D104/><U63/><E123/><V94/><F86/><N who="3" m="32811" /><G131/><N who="0" m="50251" /><D116/><U43/><E43/><V6/><REACH who="2" step="1"/><F96/><REACH who="2" ten="282,270,240,198" step="2"/><W27/><G97/><T29/><D29/><U135/><E135/><V130/><F130/><W47/><G72/><T44/><D31/><U107/><E71/><V100/><F100/><W103/><G102/><T60/><D30/><U11/><E69/><V75/><F75/><W7/><G103/><T54/><D99/><U12/><E107/><V24/><AGARI ba="0,1" hai="2,6,8,16,17,18,23,24,28,45,50,55,92,94" machi="24" ten="30,11700,0" yaku="1,1,0,1,52,1,54,1,53,0" doraHai="46" doraHaiUra="74" who="2" fromWho="2" sc="282,-39,270,-39,240,127,198,-39" /><INIT seed="2,1,0,2,3,6" ten="243,231,367,159" oya="2" hai0="77,34,5,79,117,124,62,118,119,88,7,96,25" hai1="121,56,66,14,74,111,100,133,78,108,43,115,132" hai2="57,91,1,106,81,61,3,24,114,64,93,12,129" hai3="76,48,35,101,109,125,46,47,11,59,28,112,40"/><V32/><F114/><W70/><G112/><T54/><D124/><U72/><E115/><V113/><F113/><W89/><G125/><T110/><D110/><N who="1" m="42027" /><E43/><V127/><F106/><W122/><G109/><T0/><D34/><U4/><E100/><V65/><F127/><W75/><G70/><T80/><D25/><U99/><E99/><V52/><F129/><W13/><G101/><T18/><D18/><U105/><E105/><V90/><F81/><W103/><G103/><T107/><D107/><U49/><E78/><N who="0" m="29705" /><D0/><U92/><E92/><V116/><F116/><W27/><G122/><T69/><D54/><N who="1" m="31823" /><E66/><V97/><F91/><W128/><G89/><T33/><D33/><U95/><E95/><V84/><F97/><W55/><G128/><T102/><D102/><U98/><E98/><V15/><F3/><W45/><G76/><T120/><D120/><U126/><E126/><V50/><F1/><W131/><G75/><N who="1" m="28714" /><E121/><V87/><F87/><W39/><REACH who="3" step="1"/><G131/><REACH who="3" ten="243,231,367,149" step="2"/><T86/><D96/><U30/><E30/><V51/><F65/><AGARI ba="1,1" hai="5,7,62,65,69,80,86,88,117,118,119" m="29705" machi="65" ten="40,2600,0" yaku="12,1,54,1" doraHai="6" who="0" fromWho="2" sc="243,39,231,0,367,-29,149,0" /><INIT seed="3,0,0,1,0,85" ten="282,231,338,149" oya="3" hai0="113,51,120,48,6,112,116,105,91,66,68,128,11" hai1="117,115,4,99,0,88,102,44,5,25,93,53,52" hai2="22,30,70,118,97,37,87,7,20,94,57,47,41" hai3="72,84,130,67,104,43,15,12,54,106,111,26,75"/><W134/><G67/><T122/><D105/><U69/><E69/><V45/><F118/><W1/><G1/><T16/><D116/><U123/><E123/><V23/><F70/><W121/><G121/><T81/><D128/><U14/><E115/><N who="0" m="44105" /><D51/><U89/><E0/><V109/><F109/><W82/><G130/><T108/><D48/><N who="1" m="28679" /><E117/><V46/><F7/><N who="1" m="2633" /><E25/><V77/><F30/><W24/><G111/><T76/><D108/><U110/><E110/><V3/><F3/><W55/><G43/><T71/><D71/><U127/><E127/><V132/><F132/><W62/><G62/><N who="0" m="40023" /><D6/><U27/><E27/><V119/><F119/><W74/><G134/><T107/><D107/><U13/><E53/><V79/><F37/><W61/><G61/><T90/><D122/><U28/><E28/><V49/><F41/><W34/><G34/><T131/><D131/><U59/><E59/><V50/><F57/><W126/><G126/><T100/><D100/><U135/><E135/><V29/><F29/><W17/><G106/><T98/><D98/><U40/><E40/><V83/><REACH who="2" step="1"/><F79/><REACH who="2" ten="282,231,328,149" step="2"/><W21/><G104/><T8/><D120/><U124/><E124/><V33/><F33/><W92/><G55/><T129/><D129/><U60/><E60/><V65/><F65/><W114/><G54/><T9/><D16/><U10/><E10/><V39/><F39/><W95/><G114/><T64/><D64/><U101/><E101/><AGARI ba="0,1" hai="20,22,23,45,46,47,49,50,77,83,87,94,97,101" machi="101" ten="40,5200,0" yaku="1,1,8,1,53,1" doraHai="85" doraHaiUra="78" who="2" fromWho="1" sc="282,0,231,-52,328,62,149,0" /><INIT seed="4,0,0,2,0,81" ten="282,179,390,149" oya="0" hai0="54,126,43,68,98,25,79,96,0,12,6,9,38" hai1="76,123,19,112,37,15,26,116,75,34,119,130,86" hai2="91,70,121,92,5,46,3,93,67,59,74,49,8" hai3="117,77,125,4,132,102,82,80,31,58,45,7,101"/><T44/><D126/><U11/><E37/><V100/><F121/><W111/><G111/><T2/><D68/><U21/><E123/><V39/><F74/><W41/><G117/><T99/><D79/><U63/><E75/><V134/><F134/><W83/><G77/><T16/><D54/><U47/><E130/><V30/><F30/><W124/><G132/><T57/><D57/><U131/><E131/><V115/><F115/><W73/><G31/><T32/><REACH who="0" step="1"/><D32/><REACH who="0" ten="272,179,390,149" step="2"/><U53/><E34/><V94/><F70/><W118/><G58/><T89/><D89/><U107/><E119/><V55/><F100/><W23/><G118/><T60/><D60/><U105/><E116/><V135/><F135/><W97/><G102/><T13/><D13/><U40/><E112/><V48/><F67/><W110/><G110/><T10/><D10/><U103/><E103/><V42/><REACH who="2" step="1"/><F91/><REACH who="2" ten="272,179,380,149" step="2"/><W62/><G73/><T18/><D18/><U51/><E76/><V20/><F20/><AGARI ba="0,2" hai="0,2,6,9,12,16,20,25,38,43,44,96,98,99" machi="20" ten="40,7700,0" yaku="1,1,54,1,53,1" doraHai="81" doraHaiUra="69" who="0" fromWho="2" sc="272,97,179,0,380,-77,149,0" /><INIT seed="4,1,0,2,5,17" ten="369,179,303,149" oya="0" hai0="5,76,112,14,4,33,129,28,9,121,44,43,53" hai1="39,114,92,95,64,102,68,15,91,70,66,2,3" hai2="59,119,31,90,34,126,57,47,18,89,118,110,24" hai3="11,69,12,29,22,81,106,51,71,1,73,135,60"/><T103/><D121/><U48/><E39/><V79/><F110/><W117/><G117/><N who="2" m="44553" /><F126/><W46/><G106/><T132/><D112/><U30/><E30/><V104/><F104/><W42/><G135/><T35/><D129/><U67/><E114/><V65/><F79/><W82/><G1/><T13/><D132/><U107/><E107/><V19/><F47/><W56/><G71/><T77/><D103/><U75/><E75/><V84/><F90/><W27/><G69/><T125/><D53/><U105/><E105/><V74/><F74/><W128/><G128/><T26/><D35/><U88/><E67/><V86/><F86/><W131/><G73/><T55/><D55/><U41/><E15/><V124/><F124/><W10/><G131/><T97/><D97/><U7/><E7/><V32/><F32/><W49/><G49/><T93/><D93/><U36/><E48/><V130/><F130/><W85/><G12/><T94/><D94/><U50/><E50/><V113/><F113/><W101/><G101/><T98/><D98/><U54/><E54/><V134/><F134/><W6/><G6/><T116/><D125/><U115/><E115/><V25/><F65/><N who="3" m="39047" /><G82/><T123/><D123/><U20/><E102/><V78/><F78/><AGARI ba="1,0" hai="10,11,22,27,29,42,46,51,78,81,85" m="39047" machi="78" ten="30,2000,0" yaku="8,1,52,1" doraHai="17" who="3" fromWho="2" sc="369,0,179,0,303,-23,149,23" /><INIT seed="5,0,0,4,5,77" ten="369,179,280,172" oya="1" hai0="91,52,122,54,62,63,41,50,75,10,82,39,85" hai1="69,67,87,118,86,42,28,130,33,55,107,89,79" hai2="1,4,70,104,26,44,119,117,8,43,116,57,126" hai3="27,101,56,13,7,109,60,23,20,106,95,134,17"/><U74/><E118/><V72/><F70/><W21/><G109/><T124/><D75/><U58/><E107/><V127/><F104/><W9/><G134/><T32/><D32/><U30/><E74/><V29/><F57/><W99/><REACH who="3" step="1"/><G106/><REACH who="3" ten="369,179,280,162" step="2"/><T81/><D122/><U96/><E130/><V131/><F131/><W25/><G25/><T115/><D115/><U5/><E30/><V37/><REACH who="2" step="1"/><F72/><REACH who="2" ten="369,179,270,162" step="2"/><W46/><G46/><T22/><D124/><U24/><E69/><V110/><F110/><W84/><G84/><T31/><D85/><U16/><E87/><V105/><F105/><W111/><G111/><T61/><D31/><U123/><E86/><V11/><F11/><W125/><G125/><T129/><D10/><U76/><E28/><V100/><F100/><W128/><G128/><T103/><D103/><U133/><E58/><V2/><F2/><W83/><G83/><T98/><D82/><U71/><E71/><V47/><F47/><W90/><G90/><T12/><D91/><U18/><E89/><V0/><F0/><W34/><G34/><AGARI ba="0,2" hai="1,4,8,26,29,34,37,43,44,116,117,119,126,127" machi="34" ten="40,5200,0" yaku="1,1,23,2,53,0" doraHai="77" doraHaiUra="94" who="2" fromWho="3" sc="369,0,179,0,270,72,162,-52" /><INIT seed="6,0,0,4,0,132" ten="369,179,342,110" oya="2" hai0="130,85,79,61,50,31,89,83,19,115,81,22,33" hai1="104,134,84,75,24,27,51,76,129,87,110,68,128" hai2="66,98,86,131,124,97,91,108,34,114,102,120,9" hai3="95,54,77,67,99,28,92,72,94,48,111,2,13"/><V39/><F39/><W5/><G2/><T3/><D3/><U49/><E68/><V16/><F120/><W82/><G111/><T96/><D115/><U121/><E104/><V14/><F114/><W78/><G78/><T29/><D33/><U30/><E110/><V127/><F108/><W123/><G123/><T62/><D130/><N who="1" m="50283" /><E121/><V32/><F131/><W55/><G67/><T8/><D8/><U35/><E134/><V43/><F43/><W41/><G28/><N who="0" m="10827" /><D50/><N who="1" m="18955" /><E27/><V126/><F66/><W23/><G99/><N who="2" m="37897" /><F102/><W15/><G15/><N who="0" m="9599" /><D81/><AGARI ba="0,0" hai="24,30,35,75,76,81,84,87" m="18955,50283" machi="81" ten="30,1000,0" yaku="19,1" doraHai="132" who="1" fromWho="0" sc="369,-10,179,10,342,0,110,0" /><AGARI ba="0,0" hai="9,14,16,32,34,81,86,91,124,126,127" m="37897" machi="81" ten="30,12000,1" yaku="18,1,52,3,54,1" doraHai="132" who="2" fromWho="0" sc="359,-120,189,0,342,120,110,0" /><INIT seed="6,1,0,5,0,66" ten="239,189,462,110" oya="2" hai0="81,110,14,25,100,90,122,5,60,115,29,30,47" hai1="105,114,37,95,67,98,97,19,22,70,85,62,128" hai2="83,77,1,45,42,40,41,89,76,24,82,119,18" hai3="49,99,96,28,78,108,103,27,134,3,124,129,51"/><V84/><F119/><W56/><G108/><T0/><D110/><U31/><E37/><V113/><F1/><W106/><G129/><T74/><D122/><U130/><E114/><V33/><F113/><W20/><G134/><T121/><D0/><U13/><E31/><V35/><F45/><W68/><G124/><T9/><D121/><U7/><E7/><V59/><F89/><W36/><G36/><T112/><D100/><U118/><E118/><V54/><F18/><W126/><G126/><T16/><D30/><U34/><E34/><V109/><F24/><W131/><G131/><N who="1" m="50218" /><E105/><V52/><F109/><W26/><G3/><T17/><D112/><U69/><E85/><V116/><F116/><W88/><G78/><T10/><D10/><U43/><E43/><V46/><F46/><W12/><G12/><T61/><D47/><U93/><E95/><V133/><F133/><W2/><G2/><T92/><D81/><U8/><E8/><V101/><F101/><W21/><G56/><T63/><D74/><U50/><E50/><V120/><F120/><W53/><G49/><T58/><D115/><U64/><E93/><V55/><REACH who="2" step="1"/><F59/><REACH who="2" ten="239,189,452,110" step="2"/><W71/><G88/><T11/><D58/><U87/><E19/><V91/><F91/><W39/><G27/><T135/><D135/><U65/><E13/><V73/><AGARI ba="1,1" hai="33,35,40,41,42,52,54,55,73,76,77,82,83,84" machi="73" ten="30,6000,0" yaku="1,1,0,1,54,1,53,0" doraHai="66" doraHaiUra="57" who="2" fromWho="2" sc="239,-21,189,-21,452,73,110,-21" /><INIT seed="6,2,0,3,4,58" ten="218,168,525,89" oya="2" hai0="51,39,125,84,105,133,85,20,33,92,86,70,37" hai1="25,120,72,90,83,29,40,35,73,80,123,23,18" hai2="132,24,11,19,67,16,66,1,41,14,81,122,34" hai3="119,4,28,108,124,65,60,52,53,117,64,69,10"/><V42/><F122/><N who="1" m="46633" /><E40/><N who="2" m="15467" /><F1/><W8/><G108/><T131/><D33/><U128/><E128/><V6/><F34/><W26/><G124/><T59/><D105/><U55/><E55/><V127/><F132/><W71/><G4/><T21/><D70/><U27/><E90/><V44/><F127/><W48/><G48/><T50/><D92/><U13/><E27/><V47/><F81/><AGARI ba="2,0" hai="13,18,23,25,29,35,72,73,80,81,83" m="46633" machi="81" ten="30,1000,0" yaku="13,1" doraHai="58" who="1" fromWho="2" sc="218,0,168,16,525,-16,89,0" /><INIT seed="7,0,0,2,3,85" ten="218,184,509,89" oya="3" hai0="31,1,113,43,83,64,9,27,118,2,52,62,128" hai1="6,72,79,97,59,111,33,41,16,34,55,60,11" hai2="24,76,81,38,65,36,48,57,106,10,94,119,66" hai3="108,3,25,44,4,35,101,124,80,8,29,32,82"/><W53/><G124/><T58/><D118/><U89/><E111/><V100/><F106/><W77/><G108/><T67/><D43/><U88/><E72/><V17/><F119/><W109/><G109/><T37/><D37/><U45/><E79/><V18/><F38/><W122/><G122/><T127/><D128/><U115/><E115/><V68/><F36/><W120/><G120/><T91/><D113/><U21/><E34/><V110/><F68/><W112/><G112/><T96/><D9/><U90/><E33/><V47/><F110/><W26/><G101/><T28/><D28/><U129/><E129/><V51/><F51/><W103/><G103/><T105/><D105/><U95/><E45/><V23/><F57/><W93/><G93/><T0/><D127/><U74/><E74/><V75/><F10/><W30/><REACH who="3" step="1"/><G77/><REACH who="3" ten="218,184,509,79" step="2"/><T46/><D83/><U104/><E104/><V73/><F100/><W54/><G54/><T114/><D52/><U126/><E126/><V134/><F94/><W84/><G84/><T117/><D114/><U42/><E42/><V14/><F75/><W92/><G92/><T132/><D117/><U99/><E41/><V125/><F125/><W56/><G56/><T61/><D58/><U87/><E87/><V5/><F73/><W116/><G116/><T69/><D96/><U71/><E99/><V50/><F76/><W86/><G86/><T20/><D69/><U121/><E121/><V78/><F78/><W63/><G63/><T40/><D62/><U102/><E71/><V13/><F81/><W19/><G19/><T12/><D61/><RYUUKYOKU ba="0,1" sc="218,-10,184,-10,509,-10,79,30" hai3="3,4,8,25,26,29,30,32,35,44,53,80,82" /><INIT seed="7,1,1,1,3,119" ten="208,174,499,109" oya="3" hai0="9,4,118,82,62,86,2,12,1,107,60,126,53" hai1="27,24,40,96,79,93,101,84,97,127,69,85,73" hai2="55,65,110,123,115,5,103,120,75,16,108,22,33" hai3="34,80,70,77,100,114,10,129,8,57,133,61,29"/><W135/><G114/><T41/><D118/><U43/><E69/><V23/><F33/><W94/><G129/><T17/><D107/><U18/><E73/><V44/><F75/><W11/><G70/><T109/><D109/><U36/><E127/><V92/><F65/><W130/><G130/><T50/><D41/><N who="1" m="15947" /><E36/><V124/><F5/><W91/><G100/><T20/><D2/><U48/><E48/><N who="2" m="29063" /><F23/><W128/><G128/><T37/><D37/><U38/><E38/><V42/><F42/><W47/><G47/><T28/><D28/><U112/><E112/><V66/><F66/><W113/><G113/><T87/><D87/><N who="1" m="33355" /><E79/><V67/><F67/><W58/><G80/><T14/><D1/><U56/><E56/><V68/><F68/><W21/><G77/><N who="0" m="46415" /><D126/><U7/><E7/><V125/><F115/><W13/><G34/><T88/><D88/><N who="1" m="55335" /><E18/><V111/><F92/><AGARI ba="1,1" hai="24,27,92,97,101" m="55335,33355,15947" machi="92" ten="30,2000,0" yaku="8,1,54,1" doraHai="119" who="1" fromWho="2" sc="208,0,174,33,499,-23,109,0" owari="208,0.8,207,-19.3,476,57.6,109,-39.1" /></mjloggm>