<mjloggm ver="2.3"><GO type="225" lobby="0"/><UN n0="%E3%81%8C%E3%81%9F" n1="%E3%83%A9%E3%83%BC%E3%83%A1%E3%83%B3%E4%BA%94%E9%83%8E" n2="%72%61%6B%33" n3="%E3%82%BC%E3%83%AB%E3%83%80%E3%81%AE%E4%BC%9D%E8%AA%AC" dan="17,16,16,17" rate="2170.82,2070.75,2106.04,2158.02" sx="F,M,M,M"/><TAIKYOKU oya="0"/><INIT seed="0,0,0,2,3,79" ten="250,250,250,250" oya="0" hai0="24,123,112,129,64,31,107,13,130,78,63,46,111" hai1="55,127,23,43,102,22,121,12,26,66,110,69,20" hai2="8,90,87,36,135,70,51,122,68,0,76,32,52" hai3="93,34,98,45,60,44,10,6,61,134,35,119,103"/><T11/><D112/><U9/><E121/><V126/><F122/><W80/><G119/><T2/><D123/><U67/><E110/><V75/><F36/><W53/><G134/><T86/><D107/><U19/><E127/><V82/><F32/><W104/><G35/><T37/><D2/><U27/><E43/><V14/><F0/><W105/><G34/><T50/><D37/><U91/><E102/><V33/><F33/><W92/><G104/><T118/><D118/><U58/><E69/><V133/><F126/><W95/><G80/><N who="0" m="47383" /><D24/><N who="1" m="9259" /><E91/><V94/><F135/><W4/><G53/><T114/><D31/><U72/><E72/><V128/><F128/><N who="0" m="49258" /><D114/><U30/><E30/><V28/><F28/><W85/><G85/><T108/><D63/><AGARI ba="0,0" hai="9,12,19,20,22,23,55,58,63,66,67" m="9259" machi="63" ten="30,1000,0" yaku="8,1" doraHai="79" who="1" fromWho="0" sc="250,-10,250,10,250,0,250,0" /><INIT seed="1,0,0,1,5,36" ten="240,260,250,250" oya="1" hai0="77,44,27,1,127,124,69,45,67,125,68,21,30" hai1="79,58,7,109,129,99,107,12,32,56,81,102,84" hai2="90,95,115,87,97,70,83,34,66,48,28,19,135" hai3="37,39,119,73,113,64,126,20,121,100,35,3,15"/><U9/><E129/><V92/><F135/><W18/><G73/><T91/><D1/><U25/><REACH who="1" step="1"/><E109/><REACH who="1" ten="240,250,250,250" step="2"/><V24/><F115/><W72/><G113/><T76/><D91/><U52/><E52/><V8/><F90/><W78/><G119/><T51/><D44/><U42/><E42/><V61/><F66/><W53/><G53/><N who="0" m="29935" /><D67/><U122/><E122/><V55/><F55/><W120/><G64/><T50/><D50/><U2/><E2/><V111/><F48/><W110/><G3/><T131/><D131/><U0/><E0/><V101/><F111/><W130/><G110/><T118/><D118/><U22/><E22/><V80/><F34/><W31/><G20/><T23/><D23/><U4/><E4/><V114/><F114/><W62/><G35/><T17/><D30/><AGARI ba="0,1" hai="7,9,12,25,30,32,56,58,79,81,84,99,102,107" machi="30" ten="40,3900,0" yaku="1,1,53,1" doraHai="36" doraHaiUra="6" who="1" fromWho="0" sc="240,-39,250,49,250,0,250,0" /><INIT seed="1,1,0,0,1,63" ten="201,299,250,250" oya="1" hai0="42,122,2,75,41,132,38,127,104,49,67,8,33" hai1="124,128,10,40,109,60,78,118,99,94,32,39,88" hai2="87,57,31,29,27,56,65,91,50,116,61,86,45" hai3="66,100,64,85,125,62,71,16,52,110,43,17,95"/><U92/><E118/><V22/><F116/><W131/><G110/><T12/><D104/><U114/><E114/><V112/><F112/><W0/><G0/><T53/><D75/><U20/><E32/><V79/><F79/><W6/><G125/><T46/><D33/><U73/><E124/><V14/><F31/><W13/><G131/><T3/><D127/><U9/><E128/><V34/><F56/><N who="3" m="35079" /><G71/><T30/><D30/><U84/><E109/><V54/><F34/><W97/><G43/><T90/><D132/><U76/><E73/><V15/><REACH who="2" step="1"/><F87/><REACH who="2" ten="201,299,240,250" step="2"/><W103/><G85/><T117/><D117/><U98/><E84/><V107/><F107/><W106/><G106/><T51/><D122/><U70/><E76/><V96/><F96/><W111/><G111/><T24/><D3/><U133/><E78/><V77/><F77/><W93/><G6/><T74/><D2/><U1/><E1/><V108/><F108/><W121/><G121/><T26/><D74/><U120/><E120/><V4/><F4/><W35/><G35/><T130/><D130/><U36/><E99/><V47/><F47/><W23/><G17/><T126/><D126/><U135/><E98/><AGARI ba="1,1" hai="13,16,23,64,66,93,95,97,98,100,103" m="35079" machi="98" ten="30,8000,1" yaku="8,1,52,2,54,2" doraHai="63" who="3" fromWho="1" sc="201,0,299,-83,240,0,250,93" /><INIT seed="2,0,0,4,2,37" ten="201,216,240,343" oya="2" hai0="103,100,34,46,21,101,20,43,90,99,114,4,87" hai1="78,132,39,22,94,7,66,108,42,122,72,92,58" hai2="70,98,62,110,96,63,77,118,52,127,53,83,5" hai3="35,30,133,26,51,10,91,107,124,76,65,33,95"/><V12/><F118/><W44/><G107/><T130/><D114/><U59/><E122/><V8/><F127/><W75/><G124/><T17/><D34/><U106/><E106/><V126/><F126/><W113/><G113/><T18/><D4/><U64/><E108/><V115/><F115/><W14/><G133/><T80/><D130/><U45/><E132/><V111/><F98/><W104/><G104/><T60/><D60/><N who="2" m="23082" /><F70/><W27/><G65/><T119/><D119/><U79/><E66/><V25/><F25/><W67/><G67/><T55/><D55/><U129/><E129/><V54/><F96/><W102/><G102/><T74/><D74/><U85/><E72/><V121/><F121/><W93/><G76/><T38/><REACH who="0" step="1"/><D99/><REACH who="0" ten="191,216,240,343" step="2"/><U36/><E7/><V120/><F120/><W31/><G75/><T116/><D116/><U28/><E64/><V128/><F128/><W69/><G33/><T15/><D15/><U32/><E32/><V9/><F12/><W97/><G14/><T89/><D89/><U3/><E3/><V125/><F5/><W50/><G91/><T49/><D49/><U57/><E39/><V13/><F13/><W40/><G51/><T56/><D56/><U86/><E86/><N who="2" m="48495" /><F125/><W16/><G97/><T47/><D47/><U0/><E0/><V6/><F6/><W11/><G44/><T82/><D82/><N who="1" m="47319" /><E79/><V81/><F81/><W61/><G35/><T105/><D105/><U29/><E22/><AGARI ba="0,1" hai="17,18,20,21,22,38,43,46,80,87,90,100,101,103" machi="22" ten="40,2600,0" yaku="1,1,52,1,53,0" doraHai="37" doraHaiUra="48" who="0" fromWho="1" sc="191,36,216,-26,240,0,343,0" /><INIT seed="3,0,0,3,2,48" ten="227,190,240,343" oya="3" hai0="85,65,39,79,63,103,116,30,41,83,98,2,130" hai1="43,71,51,13,73,68,81,80,11,53,72,125,36" hai2="87,112,127,126,120,77,88,28,59,123,37,78,50" hai3="84,113,9,34,25,44,42,24,33,20,114,32,106"/><W67/><G106/><T6/><D116/><U107/><E125/><N who="2" m="47627" /><F37/><W40/><G84/><T96/><D30/><U26/><E107/><V61/><F50/><W8/><G67/><T134/><D130/><U64/><E36/><V76/><F28/><W4/><G20/><T14/><D2/><U97/><E43/><V18/><F18/><W0/><G9/><T31/><D31/><U101/><E26/><V129/><F112/><W128/><G8/><T60/><D134/><U15/><E15/><V119/><F129/><W93/><G93/><T110/><D110/><U91/><E72/><V7/><F7/><W92/><G92/><T3/><D3/><U70/><E73/><V124/><F119/><W29/><G24/><T118/><D118/><U99/><E64/><N who="2" m="38975" /><F124/><W21/><G4/><T100/><D39/><U111/><E111/><V75/><F75/><W95/><G29/><T47/><D6/><U90/><E80/><AGARI ba="0,0" hai="76,77,78,80,87,88,120,123" m="38975,47627" machi="80" ten="30,2000,0" yaku="18,1,54,1" doraHai="48" who="2" fromWho="1" sc="227,0,190,-20,240,20,343,0" owari="227,-17.3,170,-33.0,260,6.0,343,44.3" /></mjloggm>