<mjloggm ver="2.3"><GO type="169" lobby="0"/><UN n0="%E3%83%87%E3%83%A9%E3%82%B3%E3%83%83%E3%82%B3" n1="%E3%82%88%E3%81%B4" n2="%E7%A9%BA%E9%96%91%E9%81%8A%E7%9C%9F" n3="%58%E7%8C%AB" dan="16,17,16,16" rate="2169.01,2120.91,2096.39,2066.71" sx="M,M,F,M"/><TAIKYOKU oya="0"/><INIT seed="0,0,0,3,5,76" ten="250,250,250,250" oya="0" hai0="94,123,15,103,38,111,113,100,57,5,83,128,124" hai1="127,77,29,78,50,58,49,120,31,34,74,51,116" hai2="32,11,26,105,59,40,1,3,86,17,71,45,130" hai3="66,61,92,65,133,55,36,13,39,118,64,0,98"/><T37/><D113/><U126/><E34/><V132/><F71/><W80/><G118/><T68/><D123/><U85/><E116/><V16/><F105/><W21/><G0/><T2/><D2/><U43/><E120/><V72/><F72/><W25/><G13/><T60/><D68/><U35/><E35/><V112/><F112/><W56/><G133/><T47/><D128/><U70/><E70/><V41/><F132/><W63/><G63/><T23/><D124/><U46/><E74/><V28/><F130/><W115/><G80/><T81/><D38/><U84/><E58/><V121/><F121/><W96/><G96/><N who="0" m="59415" /><D37/><U44/><E51/><V62/><F86/><W89/><REACH who="3" step="1"/><G115/><REACH who="3" ten="250,250,250,240" step="2"/><T30/><D83/><U52/><REACH who="1" step="1"/><E43/><REACH who="1" ten="250,240,250,240" step="2"/><V18/><F41/><W9/><G9/><T67/><D60/><U48/><E48/><V114/><F114/><W10/><G10/><T79/><D47/><U125/><E125/><V53/><REACH who="2" step="1"/><F11/><REACH who="2" ten="250,240,240,240" step="2"/><W131/><G131/><T75/><D75/><U119/><E119/><V54/><F54/><AGARI ba="0,3" hai="29,31,44,46,49,50,52,54,77,78,84,85,126,127" machi="54" ten="25,6400,0" yaku="1,1,22,2,54,1,53,0" doraHai="76" doraHaiUra="20" who="1" fromWho="2" sc="250,0,240,94,240,-64,240,0" /><INIT seed="1,0,0,0,3,118" ten="250,334,176,240" oya="1" hai0="52,72,73,105,78,131,85,86,1,89,126,61,15" hai1="53,24,110,120,22,50,95,4,9,100,23,106,113" hai2="83,17,67,18,123,11,84,87,21,49,121,14,93" hai3="79,33,32,13,43,66,68,46,6,98,119,36,124"/><U117/><E106/><V62/><F93/><W109/><G119/><T133/><D1/><U125/><E113/><V5/><F49/><W71/><G13/><T26/><D105/><U114/><E114/><V16/><F21/><W82/><G109/><T94/><D133/><U129/><E125/><V102/><F102/><W30/><G98/><T111/><D126/><U59/><E129/><V48/><F48/><W57/><G57/><T31/><D111/><U92/><E120/><V122/><REACH who="2" step="1"/><F83/><REACH who="2" ten="250,334,166,240" step="2"/><W37/><G124/><T101/><D101/><U81/><E81/><V35/><F35/><W76/><G33/><T51/><D51/><U132/><E95/><V2/><F2/><W42/><G82/><T64/><D94/><U8/><E23/><V130/><F130/><W90/><G32/><T91/><D131/><U134/><E22/><V63/><F63/><W108/><G108/><T96/><D61/><U38/><E50/><V60/><F60/><W56/><G36/><T70/><D15/><U116/><E92/><V69/><AGARI ba="0,1" hai="5,11,14,16,17,18,62,67,69,84,87,121,122,123" machi="69" ten="40,12000,2" yaku="1,1,0,1,52,3,54,1,53,0" doraHai="118" doraHaiUra="99" who="2" fromWho="2" sc="250,-30,334,-60,166,130,240,-30" /><INIT seed="2,0,0,1,1,126" ten="220,274,296,210" oya="2" hai0="74,15,65,122,28,114,119,23,102,90,12,1,88" hai1="92,135,39,62,108,24,95,75,127,54,41,47,57" hai2="19,36,133,80,64,50,120,29,45,27,26,83,44" hai3="106,14,71,30,86,6,96,4,3,56,34,66,117"/><V112/><F112/><W121/><G121/><T22/><D122/><U128/><E75/><V124/><F120/><W35/><G117/><T131/><D74/><U40/><E108/><V8/><F124/><W87/><G56/><T38/><D38/><U31/><E135/><V89/><F133/><W60/><G35/><T61/><D1/><U77/><E77/><V109/><F109/><W113/><G113/><T125/><D125/><U48/><E128/><V69/><F36/><W58/><G58/><T51/><D114/><U84/><E84/><N who="3" m="32298" /><G14/><T33/><D33/><U93/><E127/><V110/><F89/><W0/><G6/><T97/><D119/><U20/><REACH who="1" step="1"/><E39/><REACH who="1" ten="220,264,296,210" step="2"/><V115/><F110/><W59/><G0/><T5/><D131/><U67/><AGARI ba="0,1" hai="20,24,31,40,41,47,48,54,57,62,67,92,93,95" machi="67" ten="30,8000,1" yaku="1,1,2,1,0,1,8,1,53,1" doraHai="126" doraHaiUra="17" who="1" fromWho="1" sc="220,-20,264,90,296,-40,210,-20" /><INIT seed="3,0,0,1,2,67" ten="200,354,256,190" oya="3" hai0="128,88,130,39,92,63,24,135,32,49,72,104,133" hai1="107,28,74,65,106,99,75,16,132,89,8,98,127" hai2="37,123,117,18,119,118,25,15,30,34,41,47,27" hai3="9,53,57,62,45,61,29,55,22,91,105,129,2"/><W79/><G129/><N who="0" m="49771" /><D104/><U50/><E28/><V38/><F123/><W11/><G105/><T7/><D39/><U56/><E127/><V48/><REACH who="2" step="1"/><F27/><REACH who="2" ten="200,354,246,190" step="2"/><W95/><G2/><T93/><D24/><U52/><E132/><V76/><F76/><W51/><G79/><T81/><D135/><U10/><E75/><V122/><F122/><W46/><G46/><T84/><D133/><U120/><E74/><V96/><F96/><N who="3" m="57471" /><G62/><T115/><D63/><U13/><E99/><V14/><F14/><W131/><G131/><T54/><D72/><U1/><E120/><V82/><F82/><W3/><G3/><T97/><D81/><U19/><E1/><V110/><F110/><W23/><G29/><T21/><D97/><U114/><E98/><V85/><F85/><W126/><G126/><T33/><D93/><U102/><E13/><V64/><F64/><W80/><G80/><T94/><D94/><U111/><E65/><V124/><F124/><W40/><G40/><T108/><D108/><U36/><E111/><V43/><F43/><W113/><G113/><T5/><D115/><U103/><E114/><V69/><F69/><W60/><G61/><T20/><D33/><U100/><E106/><V17/><F17/><W121/><G121/><T0/><D32/><U66/><E16/><V112/><F112/><W58/><G45/><N who="0" m="27951" /><D0/><U78/><E107/><V134/><F134/><W109/><G109/><T59/><D59/><U6/><E56/><V116/><N who="2" m="29696" /><DORA hai="68" /><V83/><F83/><W26/><G26/><T70/><D70/><U12/><E12/><V31/><F31/><RYUUKYOKU ba="0,1" sc="200,10,354,-30,246,10,190,10" hai0="5,7,20,21,84,88,92" hai2="15,18,25,30,34,37,38,41,47,48" hai3="9,11,22,23,51,53,55,57,58,60" /><INIT seed="3,1,1,5,2,27" ten="210,324,256,200" oya="3" hai0="123,49,135,134,65,124,6,48,118,125,63,29,13" hai1="98,113,130,114,110,24,59,22,84,28,68,103,131" hai2="40,81,115,105,45,102,20,17,79,74,80,67,47" hai3="30,2,9,87,101,10,36,57,99,42,77,43,128"/><W83/><G128/><N who="1" m="49194" /><E68/><V92/><F115/><W56/><G36/><T122/><D6/><U32/><E110/><V104/><F67/><W75/><G75/><T25/><D13/><U53/><E84/><V95/><F81/><W0/><G0/><T90/><D90/><U26/><E59/><N who="3" m="22602" /><G2/><T11/><D11/><N who="3" m="4105" /><G30/><T15/><D15/><U73/><E53/><V33/><F33/><W97/><G101/><T132/><D118/><U72/><E72/><V38/><F47/><W78/><G78/><T58/><D25/><U7/><E7/><V119/><F119/><W108/><G108/><T4/><D29/><N who="1" m="19495" /><E73/><V116/><F116/><W94/><G94/><AGARI ba="1,1" hai="22,26,28,94,98,103,113,114" m="19495,49194" machi="94" ten="30,3900,0" yaku="19,1,52,2" doraHai="27" who="1" fromWho="3" sc="210,0,324,52,256,0,200,-42" /><INIT seed="4,0,0,3,5,41" ten="210,376,256,158" oya="0" hai0="48,60,94,81,55,3,93,132,135,106,101,9,72" hai1="20,122,109,90,126,119,116,78,50,113,7,97,84" hai2="124,36,44,75,33,62,114,130,112,108,104,30,5" hai3="21,38,58,71,134,103,91,105,45,25,43,23,53"/><T121/><D121/><U27/><E109/><V86/><F75/><W6/><G134/><N who="0" m="51243" /><D60/><U63/><E126/><V17/><F108/><W88/><G71/><T69/><D69/><U42/><E7/><V54/><F104/><W118/><G118/><T16/><D106/><U49/><E63/><V77/><F5/><W110/><G110/><T40/><D40/><U64/><E64/><V82/><F124/><W22/><G25/><T52/><D3/><U85/><E97/><V79/><F130/><W123/><G123/><T87/><D72/><U18/><E50/><V102/><F102/><W70/><G70/><T1/><D101/><U56/><E42/><V89/><F36/><W76/><G76/><N who="0" m="46503" /><D55/><U80/><E122/><V73/><F73/><W67/><G67/><T12/><D1/><U39/><E39/><V120/><F120/><W14/><G103/><T13/><D12/><U34/><E49/><N who="2" m="28967" /><F62/><W37/><G37/><T92/><D94/><U65/><E65/><V107/><F107/><W99/><G105/><T26/><D26/><U125/><E27/><N who="2" m="18655" /><F17/><W98/><G6/><T51/><D51/><U57/><E18/><V117/><F117/><W61/><REACH who="3" step="1"/><G14/><REACH who="3" ten="210,376,256,148" step="2"/><T74/><D74/><U0/><E0/><V29/><F29/><W2/><G2/><T10/><D10/><U28/><E28/><V24/><F24/><W115/><G115/><AGARI ba="0,1" hai="77,79,82,86,89,112,114,115" m="18655,28967" machi="115" ten="30,2000,0" yaku="15,1,52,1" doraHai="41" who="2" fromWho="3" sc="210,0,376,0,256,30,148,-20" /><INIT seed="5,0,0,2,3,48" ten="210,376,286,128" oya="1" hai0="53,6,76,134,110,12,98,47,121,133,124,0,75" hai1="21,25,59,97,127,103,36,108,18,107,118,106,30" hai2="64,56,39,11,4,54,32,50,63,26,130,67,91" hai3="33,31,82,114,24,117,87,116,115,3,94,16,66"/><U46/><E127/><V17/><F39/><W35/><G66/><T113/><D110/><U86/><E118/><N who="3" m="45674" /><G94/><T52/><D0/><U23/><E108/><V129/><F91/><W70/><G70/><T61/><D124/><U43/><E86/><V125/><F125/><W100/><G100/><T9/><D113/><N who="3" m="43017" /><G3/><T81/><D98/><U126/><E126/><V45/><F67/><W122/><G122/><T80/><D121/><U74/><E74/><V73/><F73/><W20/><G31/><T88/><D47/><U62/><E97/><V27/><F45/><W10/><G10/><T96/><D61/><U28/><E103/><V34/><F63/><W104/><G104/><T135/><D81/><U99/><E30/><V1/><F64/><W57/><G57/><T128/><D128/><U71/><E99/><V55/><F56/><W90/><AGARI ba="0,0" hai="16,20,24,33,35,82,87,90" m="43017,45674" machi="90" ten="30,4000,0" yaku="12,1,15,1,54,1" doraHai="48" who="3" fromWho="3" sc="210,-10,376,-20,286,-10,128,40" /><INIT seed="6,0,0,2,2,133" ten="200,356,276,168" oya="2" hai0="52,46,20,93,59,87,67,91,121,125,44,47,131" hai1="24,64,2,112,79,26,15,68,50,120,116,108,1" hai2="105,12,38,23,96,109,22,39,32,56,21,6,69" hai3="35,97,42,71,130,92,61,119,40,57,74,10,83"/><V66/><F109/><W124/><G119/><T99/><D121/><U86/><E50/><V45/><F32/><W34/><G71/><T115/><D115/><U0/><E86/><V107/><F69/><W13/><G130/><T111/><D111/><U5/><E64/><V73/><F73/><W36/><G40/><T18/><D131/><U60/><E60/><V55/><F66/><W53/><G42/><T7/><D125/><U77/><E1/><V41/><F39/><W62/><G62/><T17/><D7/><U84/><E84/><V100/><F105/><W129/><G36/><T65/><D18/><U49/><E49/><V102/><F102/><W4/><G129/><T89/><D89/><U72/><E5/><V126/><F126/><W82/><G74/><T114/><D114/><U8/><E72/><V27/><F12/><W58/><G34/><T63/><REACH who="0" step="1"/><D87/><REACH who="0" ten="190,356,276,168" step="2"/><U81/><E120/><V88/><F6/><W95/><G124/><T122/><D122/><U85/><E85/><V30/><F88/><W37/><G83/><T9/><D9/><U134/><E8/><V123/><F123/><W76/><G82/><T48/><D48/><AGARI ba="0,1" hai="21,22,23,27,30,38,41,45,48,55,56,96,100,107" machi="48" ten="30,1500,0" yaku="7,1" doraHai="133" who="2" fromWho="0" sc="190,-15,356,0,276,25,168,0" /><INIT seed="6,1,0,1,2,46" ten="175,356,301,168" oya="2" hai0="78,93,72,57,85,86,70,27,14,96,1,8,12" hai1="58,97,123,90,35,83,5,16,59,39,36,37,4" hai2="122,69,38,111,53,41,82,45,101,30,79,40,20" hai3="34,6,126,49,21,56,102,113,95,19,43,104,47"/><V13/><F122/><W125/><G104/><T24/><D70/><U51/><E35/><V55/><F69/><W127/><G34/><T52/><D1/><U129/><E129/><V124/><F124/><W112/><G6/><T63/><D72/><U131/><E131/><V99/><F111/><W26/><G56/><T22/><D27/><U71/><E71/><V68/><F41/><W135/><G135/><T29/><D78/><U74/><E74/><V89/><F89/><W48/><G48/><T80/><D80/><U98/><E37/><V0/><F0/><W50/><G50/><T7/><REACH who="0" step="1"/><D14/><REACH who="0" ten="165,356,301,168" step="2"/><U118/><E83/><V108/><F68/><W120/><G120/><T134/><D134/><U44/><E123/><V92/><F13/><W119/><G119/><T3/><D3/><U25/><E25/><V32/><F82/><W23/><G21/><T84/><D84/><U54/><E118/><V114/><F79/><W105/><G105/><T31/><D31/><U28/><E28/><V33/><F30/><W100/><G95/><T75/><D75/><U61/><E36/><V133/><F20/><W73/><G73/><T132/><D132/><U115/><E39/><V77/><F77/><W117/><G117/><T94/><D94/><U17/><E97/><V65/><F99/><W18/><G19/><T11/><D11/><U15/><E16/><V42/><F38/><W9/><G9/><T110/><D110/><U107/><E17/><V109/><F108/><W60/><G60/><T64/><D64/><U128/><E128/><V10/><F109/><W2/><G2/><RYUUKYOKU ba="1,1" sc="165,15,356,-15,301,-15,168,15" hai0="7,8,12,22,24,29,52,57,63,85,86,93,96" hai3="18,23,26,43,47,49,100,102,112,113,125,126,127" /><INIT seed="7,2,1,3,2,89" ten="180,341,286,183" oya="3" hai0="43,28,64,17,121,132,71,11,50,56,133,2,111" hai1="126,6,59,125,29,105,32,34,10,25,73,98,123" hai2="45,21,53,129,118,54,88,35,1,16,63,18,57" hai3="38,41,69,86,82,37,51,120,114,94,117,55,79"/><W95/><G120/><T58/><D121/><U106/><E73/><V65/><F118/><W27/><G117/><T46/><D111/><U109/><E123/><V92/><F35/><W77/><G69/><T61/><D28/><U97/><E34/><V115/><F1/><W8/><G27/><T24/><D24/><U30/><E30/><V134/><F115/><W75/><G41/><T81/><D81/><U84/><E84/><N who="2" m="52231" /><F134/><N who="0" m="51818" /><D17/><N who="2" m="6762" /><F129/><W15/><G114/><T49/><D49/><U9/><E105/><V104/><F104/><W62/><G62/><T127/><D127/><U60/><E106/><V124/><F124/><W85/><G38/><T67/><D67/><U100/><E32/><V119/><F119/><W74/><G37/><T103/><D103/><U122/><E100/><V40/><F21/><W4/><G75/><T19/><D2/><U70/><E70/><V52/><F40/><W23/><G23/><T47/><D47/><AGARI ba="2,1" hai="45,47,52,53,54,57,63,65" m="6762,52231" machi="47" ten="30,8000,1" yaku="8,1,52,1,54,3" doraHai="89" who="2" fromWho="0" sc="180,-86,341,0,286,96,183,0" owari="94,-40.6,341,14.1,382,48.2,183,-21.7" /></mjloggm>