<mjloggm ver="2.3"><GO type="169" lobby="0"/><UN n0="%74%6F%72%69%30%36%31%32" n1="%E5%A7%9C" n2="%E3%82%88%E3%81%86%E3%81%B8%E3%83%BC%58" n3="%6B%6F%72%69%6E%6F%62%61" dan="18,16,17,16" rate="2189.32,2155.40,2235.85,2157.57" sx="M,M,M,M"/><TAIKYOKU oya="0"/><INIT seed="0,0,0,4,5,114" ten="250,250,250,250" oya="0" hai0="29,4,63,85,13,81,9,21,75,91,64,24,46" hai1="27,43,82,74,15,45,131,86,78,108,0,90,98" hai2="60,16,69,49,47,53,99,101,134,6,5,83,105" hai3="130,38,117,32,127,25,59,17,122,66,109,112,1"/><T116/><D75/><U34/><E108/><V35/><F134/><W76/><RYUUKYOKU type="yao9" ba="0,0" sc="250,0,250,0,250,0,250,0" hai3="1,17,25,32,38,59,66,76,109,112,117,122,127,130" /><INIT seed="0,1,0,5,1,53" ten="250,250,250,250" oya="0" hai0="42,59,4,98,14,72,70,3,26,111,58,103,61" hai1="63,27,123,124,29,115,113,133,94,76,130,49,75" hai2="119,40,126,30,6,114,28,118,120,87,33,77,56" hai3="48,92,97,17,47,100,45,108,99,34,62,121,134"/><T21/><D72/><U116/><E116/><N who="2" m="44587" /><F120/><W10/><G108/><T105/><D3/><U112/><E123/><V36/><F114/><W122/><G134/><T74/><D74/><U37/><E37/><V22/><F33/><W132/><G132/><T9/><D42/><U20/><E133/><V104/><F104/><W65/><G34/><T93/><BYE who="2" /><D111/><UN n2="%E3%82%88%E3%81%86%E3%81%B8%E3%83%BC%58" /><U107/><E107/><V79/><F126/><W91/><G17/><T60/><D105/><U90/><E124/><V66/><F6/><W106/><G47/><T95/><D70/><U2/><E2/><V96/><F96/><W5/><G5/><T31/><REACH who="0" step="1"/><D95/><REACH who="0" ten="240,250,250,250" step="2"/><U16/><E130/><V43/><F40/><W125/><G125/><T1/><D1/><U109/><E109/><V12/><F43/><W129/><G129/><T84/><D84/><U82/><E113/><V110/><F110/><W81/><G121/><T18/><D18/><U85/><E115/><V117/><F117/><W35/><G122/><T11/><D11/><U13/><E112/><V24/><F87/><W38/><G10/><T15/><D15/><U73/><E73/><V44/><F12/><W46/><G92/><T101/><D101/><U50/><REACH who="1" step="1"/><E63/><AGARI ba="1,1" hai="4,9,14,21,26,31,58,59,60,61,63,93,98,103" machi="63" ten="40,12000,1" yaku="1,1,8,1,52,2,53,0" doraHai="53" doraHaiUra="32" who="0" fromWho="1" sc="240,133,250,-123,250,0,250,0" /><INIT seed="0,2,0,1,0,105" ten="373,127,250,250" oya="0" hai0="114,0,29,19,8,84,104,125,16,78,118,23,64" hai1="61,21,15,55,43,31,10,70,135,75,37,18,62" hai2="17,42,120,110,113,112,24,13,92,133,58,33,71" hai3="126,32,74,3,123,76,109,38,30,2,128,35,100"/><T86/><D114/><U106/><E106/><V26/><F71/><W122/><G100/><T47/><D104/><U98/><E135/><V79/><F42/><W68/><G30/><T48/><D118/><U82/><E98/><V6/><F79/><W22/><G22/><T83/><D125/><U69/><E43/><V20/><F58/><W130/><G68/><T14/><D0/><U127/><E37/><V132/><F92/><W63/><G63/><T91/><D29/><U12/><E127/><V81/><F81/><W49/><G49/><T56/><D56/><U111/><E111/><V9/><F120/><W51/><G51/><T107/><D64/><U90/><E90/><V5/><F5/><W108/><G76/><T41/><D107/><U65/><E55/><V96/><F96/><W52/><G52/><T54/><D54/><U66/><E31/><N who="2" m="19703" /><F110/><W1/><G1/><T85/><D91/><U95/><E95/><V67/><F67/><W28/><G28/><T53/><D41/><U119/><E119/><V116/><F116/><W50/><G50/><T59/><D59/><U34/><E34/><V39/><F39/><W46/><G46/><T101/><D101/><U134/><E82/><V117/><F117/><W88/><G38/><T97/><D97/><U73/><REACH who="1" step="1"/><E134/><AGARI ba="2,0" hai="6,9,13,17,20,24,112,113,132,133,134" m="19703" machi="134" ten="30,3900,0" yaku="20,1,34,2" doraHai="105" who="2" fromWho="1" sc="373,0,127,-45,250,45,250,0" /><INIT seed="1,0,0,4,3,93" ten="373,82,295,250" oya="1" hai0="28,106,108,15,99,33,70,90,96,88,0,115,89" hai1="109,49,117,7,41,40,60,68,56,95,129,97,133" hai2="14,50,1,3,112,23,111,44,80,130,72,119,74" hai3="48,122,39,101,9,24,102,116,8,21,120,114,22"/><U69/><E117/><V123/><F119/><W58/><G39/><T73/><D0/><U59/><E129/><V27/><F123/><W51/><G58/><T2/><D2/><U64/><E133/><V82/><F130/><W12/><G116/><T107/><D70/><N who="1" m="27243" /><E7/><V30/><F112/><W35/><G12/><T77/><D15/><U76/><E95/><V4/><F14/><W110/><G24/><T18/><D18/><U29/><E76/><V67/><F4/><W36/><G36/><T134/><D28/><U78/><E78/><V98/><F23/><W131/><G131/><T6/><D33/><U20/><E97/><N who="0" m="37449" /><D6/><U26/><E26/><V57/><F27/><W61/><G35/><T79/><D115/><U53/><E20/><V63/><F30/><W71/><G22/><T5/><D5/><U47/><E29/><V121/><F121/><W125/><G21/><T85/><D134/><U113/><E113/><V81/><F3/><W54/><G114/><T46/><D46/><N who="1" m="27831" /><E109/><V37/><F111/><W25/><G110/><T104/><D108/><U75/><E75/><V65/><F74/><W118/><G118/><T84/><D79/><U127/><E127/><V124/><F124/><W100/><G125/><T38/><D38/><N who="1" m="21911" /><E41/><V34/><F1/><W45/><G25/><T19/><D19/><U17/><E17/><V128/><F34/><W94/><G9/><T62/><D73/><U92/><E92/><V132/><F72/><W55/><G94/><T126/><D126/><U87/><E87/><N who="0" m="33353" /><D77/><U16/><E16/><V32/><F132/><W13/><G8/><RYUUKYOKU ba="0,0" sc="373,15,82,15,295,-15,250,-15" hai0="62,88,89,90,104,106,107" hai1="56,59,60,64" /><INIT seed="1,1,0,3,0,19" ten="388,97,280,235" oya="1" hai0="13,27,105,117,66,31,130,37,49,20,77,92,54" hai1="15,94,68,1,67,113,11,134,38,10,96,100,99" hai2="114,6,73,97,74,128,58,0,72,4,53,106,55" hai3="65,132,111,34,119,24,71,26,28,9,40,46,21"/><U127/><E127/><V103/><F128/><W36/><G111/><T52/><D37/><U80/><E134/><V17/><F114/><W50/><G132/><T2/><D105/><U76/><E113/><V126/><F126/><W45/><G119/><T41/><D2/><U7/><E38/><V87/><F0/><W64/><G9/><T118/><D130/><U42/><E42/><V70/><F70/><W30/><REACH who="3" step="1"/><G71/><REACH who="3" ten="388,97,280,225" step="2"/><T39/><D118/><U112/><E112/><V85/><F4/><W23/><G23/><T81/><D117/><U32/><E32/><V110/><F6/><W29/><G29/><T51/><D20/><U95/><E11/><V109/><F17/><W83/><G83/><T69/><D81/><U59/><E68/><V44/><F110/><W93/><G93/><T3/><D92/><U115/><E115/><V62/><F109/><W16/><G16/><T82/><D31/><U75/><E1/><V56/><REACH who="2" step="1"/><F44/><REACH who="2" ten="388,97,270,225" step="2"/><W79/><G79/><T84/><D77/><U57/><REACH who="1" step="1"/><E67/><REACH who="1" ten="388,87,270,225" step="2"/><V47/><F47/><W61/><G61/><AGARI ba="1,3" hai="53,55,56,58,61,62,72,73,74,85,87,97,103,106" machi="61" ten="40,8000,1" yaku="1,1,9,1,53,2" doraHai="19" doraHaiUra="48" who="2" fromWho="3" sc="388,0,87,0,270,113,225,-83" /><INIT seed="2,0,0,5,3,23" ten="388,87,383,142" oya="2" hai0="124,115,69,0,113,110,48,134,91,22,80,86,38" hai1="56,9,125,128,108,97,109,121,60,75,83,18,65" hai2="59,10,77,82,26,76,49,112,67,72,120,1,88" hai3="74,99,27,135,102,84,44,68,55,29,36,57,14"/><V85/><F120/><W43/><G74/><T105/><D38/><U122/><E97/><V66/><F112/><W47/><G135/><T4/><D69/><U28/><E83/><V127/><F127/><W119/><G119/><T70/><D70/><U114/><E75/><V117/><F117/><W131/><G131/><T8/><D105/><U103/><E103/><V130/><F130/><W61/><G14/><T25/><D124/><U71/><E28/><V3/><F3/><W7/><G7/><T5/><D110/><N who="1" m="42603" /><E18/><V17/><F1/><W132/><G132/><T39/><D39/><U100/><E100/><V93/><F10/><W95/><G68/><T35/><D35/><U11/><E11/><V64/><F72/><W30/><G47/><T16/><D5/><U106/><E9/><V78/><F49/><W20/><REACH who="3" step="1"/><G84/><REACH who="3" ten="388,87,383,132" step="2"/><T87/><D134/><U96/><E128/><V46/><F46/><W21/><G21/><T42/><D87/><U129/><E129/><V118/><F118/><W94/><G94/><T13/><D113/><U24/><E114/><V54/><F93/><W37/><G37/><T52/><D115/><U33/><E125/><V107/><F107/><W89/><G89/><T90/><D90/><U123/><E71/><V41/><F88/><W101/><G101/><T53/><D0/><U81/><E106/><V31/><F85/><W19/><AGARI ba="0,1" hai="19,20,27,29,30,36,43,44,55,57,61,95,99,102" machi="19" ten="20,5200,0" yaku="1,1,0,1,7,1,52,1,53,0" doraHai="23" doraHaiUra="104" who="3" fromWho="3" sc="388,-13,87,-13,383,-26,132,62" /><INIT seed="3,0,0,1,4,57" ten="375,74,357,194" oya="3" hai0="8,40,34,100,111,132,70,121,107,36,82,44,116" hai1="35,120,67,124,135,87,93,96,106,101,19,128,59" hai2="77,78,88,27,18,105,10,125,112,91,109,94,28" hai3="39,127,31,1,85,54,81,98,51,79,97,20,26"/><W29/><G127/><T123/><D116/><U64/><E120/><V3/><F125/><W99/><G39/><T13/><D132/><U11/><E124/><V37/><F37/><W30/><REACH who="3" step="1"/><G1/><REACH who="3" ten="375,74,357,184" step="2"/><T68/><D36/><U58/><E135/><V50/><F3/><W4/><G4/><T80/><D123/><U110/><E128/><V42/><F112/><W0/><G0/><T66/><D121/><U63/><E110/><V6/><F109/><W133/><G133/><T90/><D111/><U84/><E35/><V52/><F6/><W131/><G131/><T72/><D34/><U86/><E106/><V95/><F105/><W74/><G74/><T118/><D72/><U14/><REACH who="1" step="1"/><E59/><AGARI ba="0,1" hai="20,26,29,30,31,51,54,59,79,81,85,97,98,99" machi="59" ten="40,3900,0" yaku="1,1,8,1,53,0" doraHai="57" doraHaiUra="114" who="3" fromWho="1" sc="375,0,74,-39,357,0,184,49" /><INIT seed="3,1,0,0,5,5" ten="375,35,357,233" oya="3" hai0="105,96,61,103,44,90,41,89,100,76,1,93,134" hai1="22,66,99,53,45,79,125,84,109,116,92,50,111" hai2="75,49,62,6,129,108,121,88,126,21,15,13,20" hai3="57,34,18,71,101,10,65,112,124,32,17,98,9"/><W42/><G71/><T117/><D117/><U4/><E125/><V47/><F126/><W110/><G112/><T86/><D1/><U51/><E116/><V119/><F119/><W24/><G124/><T38/><D134/><U11/><E66/><V3/><F3/><W16/><G42/><T39/><D103/><U29/><E79/><V27/><F75/><W104/><G110/><T56/><D90/><U74/><E84/><V83/><F108/><W82/><G82/><T55/><REACH who="0" step="1"/><D76/><REACH who="0" ten="365,35,357,233" step="2"/><U128/><E111/><V131/><F88/><W78/><G78/><T48/><AGARI ba="1,1" hai="38,39,41,44,48,55,56,61,86,89,93,96,100,105" machi="48" ten="20,8000,1" yaku="1,1,2,1,0,1,7,1,53,1" doraHai="5" doraHaiUra="46" who="0" fromWho="0" sc="365,93,35,-21,357,-21,233,-41" /><INIT seed="4,0,0,3,2,105" ten="458,14,336,192" oya="0" hai0="69,119,31,19,90,49,132,77,41,88,72,103,82" hai1="80,42,54,13,16,110,29,15,89,7,115,111,63" hai2="118,100,130,109,57,67,44,126,66,53,18,124,127" hai3="27,122,112,23,121,114,38,85,56,51,65,25,76"/><T1/><D69/><U0/><E29/><V12/><F100/><W93/><G38/><T40/><D1/><U92/><E42/><V64/><F12/><W10/><G65/><T32/><D119/><U102/><E0/><V62/><F18/><W95/><G56/><T47/><D132/><U87/><E7/><V28/><F28/><W101/><G51/><T14/><D103/><U43/><E13/><V84/><F84/><W116/><G116/><T50/><D31/><U60/><E43/><V135/><F118/><W108/><G108/><T61/><D61/><U68/><E115/><N who="3" m="44074" /><G10/><T55/><D32/><U2/><E2/><V123/><F109/><W59/><G59/><T33/><D33/><U81/><E111/><V113/><F113/><W70/><G70/><T35/><D35/><U37/><E37/><V131/><F123/><N who="3" m="47115" /><G101/><T6/><D41/><U45/><E110/><V78/><F78/><W98/><G98/><T117/><D117/><U104/><E68/><V91/><F91/><W34/><G34/><T94/><D90/><U8/><E63/><V5/><F5/><W36/><G36/><T99/><D6/><U96/><REACH who="1" step="1"/><E60/><REACH who="1" ten="458,4,336,192" step="2"/><V11/><F11/><W133/><G25/><T24/><D24/><U3/><E3/><V30/><F30/><W73/><G27/><T21/><D40/><U97/><E97/><V71/><F71/><W39/><G39/><T58/><D99/><U48/><AGARI ba="0,1" hai="8,15,16,45,48,54,80,81,87,89,92,96,102,104" machi="48" ten="30,4000,0" yaku="1,1,0,1,54,1,53,0" doraHai="105" doraHaiUra="52" who="1" fromWho="1" sc="458,-20,4,50,336,-10,192,-10" /><INIT seed="5,0,0,0,4,19" ten="438,54,326,182" oya="1" hai0="23,48,35,83,10,46,135,55,129,50,0,97,87" hai1="82,45,22,99,2,133,64,31,101,84,7,43,17" hai2="49,18,16,66,47,93,63,94,60,27,128,73,58" hai3="39,4,14,130,103,77,115,65,13,9,30,12,102"/><U88/><E133/><V20/><F128/><W78/><G39/><T89/><D35/><U32/><E64/><V68/><F73/><W70/><G130/><T117/><D117/><U120/><E120/><V57/><F18/><W75/><G75/><T40/><D135/><U26/><E2/><V3/><F3/><W74/><G74/><T91/><D129/><U107/><E7/><V126/><F126/><W62/><G115/><T8/><D0/><U53/><E53/><V118/><F118/><W71/><G30/><T134/><D134/><U131/><E131/><V67/><REACH who="2" step="1"/><F68/><REACH who="2" ten="438,54,316,182" step="2"/><W127/><G70/><T69/><D69/><U90/><E90/><V76/><F76/><W56/><G71/><T95/><D91/><U108/><E108/><V105/><F105/><W21/><G127/><T72/><D72/><U29/><REACH who="1" step="1"/><E32/><REACH who="1" ten="438,44,316,182" step="2"/><V100/><F100/><W38/><G102/><T25/><D89/><U80/><E80/><V86/><F86/><W113/><G103/><N who="0" m="60863" /><D87/><U37/><AGARI ba="0,2" hai="17,22,26,29,31,37,43,45,82,84,88,99,101,107" machi="37" ten="20,12000,1" yaku="1,1,0,1,7,1,52,1,54,1,53,0" doraHai="19" doraHaiUra="125" who="1" fromWho="1" sc="438,-40,44,140,316,-40,182,-40" /><INIT seed="5,1,0,5,4,70" ten="398,184,276,142" oya="1" hai0="13,14,41,18,80,5,120,66,64,128,30,135,98" hai1="75,38,31,22,133,115,99,25,68,67,84,43,28" hai2="106,60,50,29,32,9,111,2,1,27,45,56,89" hai3="96,44,123,57,23,36,93,88,15,132,0,79,53"/><U49/><E75/><V48/><F111/><W109/><G109/><T81/><D128/><U61/><E115/><V102/><F48/><W122/><G0/><T71/><D135/><U58/><E133/><V129/><F129/><W110/><G110/><T95/><D30/><U11/><E99/><V34/><F34/><W73/><G132/><T87/><D41/><U90/><E11/><V97/><F9/><W72/><G15/><T91/><D71/><U124/><E124/><V6/><F6/><W39/><G23/><N who="0" m="11727" /><D120/><U125/><E125/><V65/><REACH who="2" step="1"/><F89/><REACH who="2" ten="398,184,266,142" step="2"/><W119/><G119/><T35/><D35/><U26/><E49/><V16/><F16/><W7/><G7/><T82/><D98/><U8/><E8/><AGARI ba="1,1" hai="5,8,14,64,66,80,81,82,87,91,95" m="11727" machi="8" ten="30,1000,0" yaku="8,1" doraHai="70" who="0" fromWho="1" sc="398,23,184,-13,266,0,142,0" /><INIT seed="6,0,0,1,4,93" ten="421,171,266,142" oya="2" hai0="124,19,72,55,95,105,67,128,122,109,35,84,76" hai1="71,62,132,48,110,126,44,99,31,133,45,115,66" hai2="29,49,53,27,116,113,9,42,118,51,22,91,41" hai3="94,106,87,134,92,1,111,4,14,101,0,77,7"/><V112/><F9/><W39/><G111/><T75/><D35/><U26/><E110/><V117/><F91/><W78/><G134/><N who="1" m="51818" /><E115/><N who="2" m="44107" /><F51/><W43/><G14/><T40/><D76/><U85/><E85/><V108/><F108/><W47/><G106/><T24/><D105/><U88/><E126/><V17/><F17/><W8/><G94/><T56/><D95/><N who="1" m="56807" /><E48/><V52/><F53/><W73/><G73/><T38/><D55/><U97/><E97/><V25/><F25/><W89/><REACH who="3" step="1"/><G101/><REACH who="3" ten="421,171,266,132" step="2"/><T90/><D75/><U28/><E28/><V54/><F29/><W135/><G135/><T37/><D109/><U30/><E30/><V69/><F118/><W61/><G61/><T2/><D72/><U80/><E80/><V12/><F117/><W96/><G96/><T86/><D86/><U11/><E11/><AGARI ba="0,1" hai="0,1,4,7,8,11,39,43,47,77,78,87,89,92" machi="11" ten="40,5200,0" yaku="1,1,9,1,53,1" doraHai="93" doraHaiUra="82" who="3" fromWho="1" sc="421,0,171,-52,266,0,132,62" /><INIT seed="7,0,0,0,5,84" ten="421,119,266,194" oya="3" hai0="31,44,115,35,68,30,49,82,80,3,11,53,26" hai1="77,14,24,61,123,109,100,64,121,90,92,93,86" hai2="111,6,85,55,83,104,95,47,1,33,94,38,45" hai3="60,23,78,16,89,69,20,46,9,32,116,124,129"/><W114/><G116/><T108/><D108/><U22/><E109/><V67/><F67/><W15/><G32/><T40/><D68/><U5/><E77/><V25/><F104/><W118/><G118/><T65/><D65/><U98/><E14/><V7/><F1/><W107/><G114/><T42/><D31/><U113/><E5/><V122/><F122/><W79/><G107/><T112/><D11/><U10/><E10/><V131/><F25/><W41/><G129/><T59/><D42/><U18/><REACH who="1" step="1"/><E113/><REACH who="1" ten="421,109,266,194" step="2"/><N who="0" m="43593" /><D3/><U52/><E52/><V48/><F6/><W36/><G124/><T39/><AGARI ba="0,1" hai="26,30,35,39,40,44,49,53,59,80,82" m="43593" machi="39" ten="30,2000,0" yaku="15,1,11,1" doraHai="84" who="0" fromWho="0" sc="421,30,109,-5,266,-5,194,-10" owari="451,55.1,104,-39.6,261,6.1,184,-21.6" /></mjloggm>