<mjloggm ver="2.3"><GO type="169" lobby="0"/><UN n0="%74%6B%34%32" n1="%68%61%72%75%6B%61%73" n2="%E6%98%8E%E6%98%9F%E5%B8%82%E6%B0%91" n3="%E3%83%94%E3%83%B3%E3%82%B5%E3%83%AD%E5%BA%97%E5%93%A1" dan="16,16,16,17" rate="2110.49,2211.88,2169.31,2267.76" sx="M,M,M,M"/><TAIKYOKU oya="0"/><INIT seed="0,0,0,3,3,54" ten="250,250,250,250" oya="0" hai0="4,5,21,19,3,72,124,97,41,114,116,25,74" hai1="47,10,89,59,113,128,88,110,129,39,56,86,14" hai2="120,32,126,131,98,31,109,44,115,70,73,101,91" hai3="105,135,49,125,107,119,60,40,76,127,57,43,87"/><T55/><D114/><U51/><E110/><V30/><F115/><W15/><G119/><T35/><D116/><U106/><E106/><V130/><F109/><W58/><G135/><T134/><D134/><U48/><E39/><V100/><F70/><W46/><G15/><T24/><D124/><N who="3" m="47689" /><G40/><T121/><D121/><U83/><E89/><V65/><F73/><W23/><G23/><T7/><D97/><U82/><E83/><V33/><F120/><W67/><G58/><N who="1" m="22058" /><E113/><V17/><F33/><W79/><G87/><T64/><D64/><U102/><E102/><V92/><F65/><W9/><G9/><T84/><D55/><N who="1" m="30111" /><E51/><V28/><F32/><W27/><G27/><N who="0" m="14783" /><D41/><U85/><E85/><V0/><F0/><W34/><G34/><T37/><D84/><U69/><E69/><V1/><F1/><W94/><G94/><T12/><D37/><U26/><E26/><N who="0" m="10345" /><D74/><U29/><E29/><V108/><F108/><W112/><G112/><T38/><D72/><U133/><E133/><V75/><F75/><W13/><G13/><T62/><D62/><U96/><E96/><V8/><F126/><W16/><G107/><T11/><D38/><U132/><E132/><V104/><F104/><W66/><G105/><T117/><D117/><U90/><E90/><V63/><F63/><W80/><G66/><T77/><D77/><N who="3" m="29769" /><G80/><T2/><D35/><U123/><E123/><V50/><F101/><W71/><G71/><T122/><D122/><U68/><E68/><V118/><F100/><W103/><G103/><T93/><D93/><U18/><AGARI ba="0,0" hai="10,14,18,82,86,88,128,129" m="30111,22058" machi="18" ten="30,8000,1" yaku="25,1,52,3,54,1" doraHai="54" who="1" fromWho="1" sc="250,-40,250,80,250,-20,250,-20" /><INIT seed="1,0,0,1,3,55" ten="210,330,230,230" oya="1" hai0="18,108,26,60,56,132,35,107,134,66,131,77,109" hai1="111,85,4,24,73,6,40,74,0,84,123,64,22" hai2="81,126,17,114,69,88,54,78,57,128,75,80,1" hai3="58,125,37,51,53,28,83,44,63,62,103,92,130"/><U7/><E123/><V42/><F1/><W67/><G130/><T96/><D77/><U14/><E0/><V122/><F128/><W93/><G125/><T38/><D38/><U76/><E40/><V2/><F2/><W101/><G37/><T113/><D113/><U129/><E129/><V39/><F69/><W43/><G28/><T45/><D131/><U100/><E100/><V10/><F126/><W3/><G3/><T9/><D45/><U90/><E74/><V50/><F122/><W33/><G33/><T12/><D96/><U91/><E73/><V112/><F10/><W15/><G83/><T124/><D107/><U41/><E76/><V61/><F17/><W95/><REACH who="3" step="1"/><G15/><REACH who="3" ten="210,330,230,220" step="2"/><T52/><D124/><U11/><E14/><V72/><F39/><W99/><G99/><T110/><D66/><U97/><E64/><V127/><F127/><W25/><G25/><T13/><D12/><U89/><E97/><V68/><F114/><W71/><AGARI ba="0,1" hai="43,44,51,53,58,62,63,67,71,92,93,95,101,103" machi="71" ten="30,4000,0" yaku="1,1,0,1,52,1,53,0" doraHai="55" doraHaiUra="118" who="3" fromWho="3" sc="210,-10,330,-20,230,-10,220,50" /><INIT seed="2,0,0,4,5,112" ten="200,310,220,270" oya="2" hai0="93,28,117,120,59,41,82,21,132,61,64,102,105" hai1="79,31,129,4,110,99,25,39,72,106,35,33,94" hai2="9,44,58,75,19,51,100,48,13,40,78,63,124" hai3="32,10,77,103,121,68,60,1,133,30,12,123,83"/><V57/><F124/><W135/><G103/><T11/><D120/><U67/><E39/><V81/><F100/><W111/><G60/><T119/><D132/><N who="3" m="50761" /><G68/><T84/><D105/><U80/><E129/><V134/><F134/><W36/><G36/><T22/><D41/><U0/><E110/><V2/><F2/><W101/><G101/><T87/><D11/><U108/><E108/><V130/><F130/><W47/><G47/><T127/><D127/><U16/><E33/><V131/><F131/><W52/><G52/><T66/><D66/><U92/><E67/><V76/><F76/><W15/><G111/><T7/><D7/><U43/><E43/><V90/><F90/><W86/><G1/><T118/><D28/><U91/><E92/><V56/><REACH who="2" step="1"/><F51/><REACH who="2" ten="200,310,210,270" step="2"/><W23/><G123/><T115/><D115/><U45/><E91/><V88/><F88/><W37/><G37/><T126/><D126/><U122/><E79/><V74/><F74/><W3/><G121/><T114/><D114/><U107/><E72/><V71/><F71/><W5/><G3/><T65/><D65/><AGARI ba="0,1" hai="9,13,19,40,44,48,56,57,58,63,65,75,78,81" machi="65" ten="30,5800,0" yaku="1,1,7,1,53,1" doraHai="112" doraHaiUra="73" who="2" fromWho="0" sc="200,-58,310,0,210,68,270,0" /><INIT seed="2,1,0,0,4,110" ten="142,310,278,270" oya="2" hai0="7,5,134,96,70,1,11,60,98,76,33,50,34" hai1="61,124,3,58,80,29,43,72,8,40,56,44,129" hai2="69,100,87,106,84,79,64,123,9,21,19,31,12" hai3="6,126,101,73,67,15,119,59,51,62,92,117,54"/><V49/><F123/><W107/><G73/><T18/><D134/><U93/><E29/><V17/><F31/><W111/><G107/><T4/><D76/><U55/><E124/><V39/><F39/><W103/><G111/><T88/><D70/><U121/><E129/><V65/><F106/><W128/><G126/><T52/><D60/><U14/><E3/><V135/><F100/><W10/><G128/><T132/><D132/><U37/><E40/><V13/><F135/><W75/><G75/><T41/><D41/><U36/><E37/><V2/><F2/><W47/><REACH who="3" step="1"/><G92/><REACH who="3" ten="142,310,278,260" step="2"/><N who="0" m="56327" /><D1/><U22/><E93/><V94/><F94/><W112/><G112/><T82/><D34/><U86/><E72/><V95/><F95/><W38/><G38/><T102/><D33/><U63/><E121/><V125/><F125/><W127/><G127/><T78/><D98/><U42/><E36/><V45/><F69/><W91/><G91/><T115/><D115/><U24/><E86/><N who="2" m="32811" /><F79/><W53/><G53/><AGARI ba="1,1" hai="9,12,13,17,19,21,45,49,53,64,65" m="32811" machi="53" ten="30,1500,0" yaku="8,1" doraHai="110" who="2" fromWho="3" sc="142,0,310,0,278,28,260,-18" /><INIT seed="2,2,0,0,0,16" ten="142,310,306,242" oya="2" hai0="77,113,13,112,89,22,116,101,44,121,78,27,38" hai1="98,6,135,19,12,57,0,84,114,128,83,109,52" hai2="2,119,49,70,39,125,108,85,103,74,8,127,73" hai3="105,17,123,124,106,50,87,76,82,53,9,59,36"/><V86/><F119/><W62/><G123/><T56/><D121/><U134/><E114/><V67/><F39/><W45/><G36/><T26/><D116/><U81/><E109/><V30/><F103/><W28/><G124/><T64/><D112/><U37/><E37/><V51/><F30/><W100/><G100/><T79/><D113/><U32/><E32/><V122/><F8/><W96/><G96/><T54/><D101/><U42/><E42/><V111/><F122/><W66/><G28/><T4/><D64/><U21/><E98/><V23/><F67/><W18/><REACH who="3" step="1"/><G9/><REACH who="3" ten="142,310,306,232" step="2"/><N who="0" m="4263" /><D38/><U99/><E99/><V117/><F117/><W102/><G102/><T55/><D89/><U133/><E128/><V104/><F104/><AGARI ba="2,1" hai="17,18,45,50,53,59,62,66,76,82,87,104,105,106" machi="104" ten="40,5200,0" yaku="1,1,53,2" doraHai="16" doraHaiUra="14" who="3" fromWho="2" sc="142,0,310,0,306,-58,232,68" /><INIT seed="3,0,0,3,2,105" ten="142,310,248,300" oya="3" hai0="39,100,121,61,33,88,70,114,6,7,82,36,28" hai1="13,112,54,58,1,120,127,19,53,48,37,49,65" hai2="22,97,116,122,45,73,87,20,94,115,123,133,90" hai3="93,78,26,108,11,8,76,5,52,34,74,67,23"/><W57/><G34/><T89/><D121/><N who="2" m="46090" /><F116/><W79/><G67/><T101/><D114/><U84/><E1/><V91/><F115/><W24/><G108/><T32/><D61/><U131/><E37/><V77/><F133/><W96/><G74/><T107/><D82/><U109/><E131/><V35/><F35/><W51/><G5/><T128/><D107/><U132/><E127/><V40/><F77/><W9/><REACH who="3" step="1"/><G23/><REACH who="3" ten="142,310,248,290" step="2"/><T12/><D128/><U64/><E109/><V75/><F22/><W86/><G86/><T55/><D28/><U21/><E120/><V118/><F20/><W106/><G106/><T46/><D32/><U63/><E112/><V10/><F118/><W80/><G80/><T119/><D33/><U14/><E132/><V27/><F10/><W60/><G60/><T98/><D119/><U15/><E84/><V0/><F0/><W95/><G95/><T111/><D111/><U71/><E64/><V2/><F2/><W85/><G85/><T130/><D130/><U117/><REACH who="1" step="1"/><E117/><REACH who="1" ten="142,300,248,290" step="2"/><V110/><F110/><W113/><G113/><T124/><D124/><U81/><E81/><N who="2" m="49519" /><F27/><W125/><G125/><T92/><D70/><U17/><E17/><V103/><F91/><AGARI ba="0,2" hai="8,9,11,24,26,51,52,57,76,78,79,91,93,96" machi="91" ten="40,7700,0" yaku="1,1,8,1,54,1,53,0" doraHai="105" doraHaiUra="18" who="3" fromWho="2" sc="142,0,300,0,248,-77,290,97" /><INIT seed="3,1,0,0,1,12" ten="142,300,171,387" oya="3" hai0="80,124,23,8,25,66,98,14,30,100,132,18,53" hai1="77,29,134,118,65,39,6,91,36,105,79,21,4" hai2="97,28,107,94,93,43,38,116,104,47,46,102,123" hai3="11,73,74,33,9,62,64,0,69,31,37,54,35"/><W87/><G37/><T129/><D129/><U121/><E105/><V61/><F116/><W130/><G130/><T26/><D132/><U85/><E121/><V48/><F123/><W72/><G31/><T19/><D124/><U89/><E65/><V82/><F28/><W114/><G114/><T119/><D119/><U55/><E29/><V5/><F5/><W78/><G54/><T131/><D131/><U13/><E13/><V67/><F82/><N who="3" m="45383" /><G87/><T112/><D66/><U133/><E85/><V44/><F107/><W17/><G17/><T81/><D112/><U103/><E55/><V71/><REACH who="2" step="1"/><F44/><REACH who="2" ten="142,300,161,387" step="2"/><W99/><G35/><T32/><REACH who="0" step="1"/><D53/><AGARI ba="1,1" hai="38,43,46,47,48,53,61,67,71,93,94,97,102,104" machi="53" ten="30,3900,0" yaku="1,1,2,1,7,1,53,0" doraHai="12" doraHaiUra="76" who="2" fromWho="0" sc="142,-42,300,0,161,52,387,0" /><INIT seed="4,0,0,5,2,121" ten="100,300,213,387" oya="0" hai0="125,2,104,9,94,57,68,7,63,107,117,120,46" hai1="47,54,64,80,44,6,103,28,122,4,30,5,82" hai2="55,10,62,79,53,59,114,20,115,40,105,95,97" hai3="22,49,84,92,78,17,0,86,123,33,77,8,26"/><T106/><D117/><U27/><E122/><V11/><F105/><W41/><G123/><T14/><D120/><U113/><E64/><V58/><F40/><W42/><G33/><T35/><D125/><U93/><E113/><N who="2" m="43019" /><F20/><W132/><G132/><T52/><D35/><U51/><E44/><V25/><F25/><W32/><G32/><T118/><D118/><U69/><E69/><V111/><F79/><W66/><G66/><T116/><D116/><U48/><E48/><N who="2" m="31015" /><F111/><W89/><G0/><T60/><D46/><U29/><E27/><V108/><F108/><W61/><G61/><T43/><D43/><U130/><E130/><V74/><F74/><W101/><G101/><AGARI ba="0,0" hai="10,11,55,59,62,95,97,101" m="31015,43019" machi="101" ten="30,1000,0" yaku="15,1" doraHai="121" who="2" fromWho="3" sc="100,0,300,0,213,10,387,-10" /><INIT seed="5,0,0,4,0,59" ten="100,300,223,377" oya="1" hai0="89,73,109,53,0,92,24,33,36,60,8,28,18" hai1="68,23,9,77,7,115,123,107,99,20,12,91,75" hai2="127,84,80,10,87,39,103,135,40,15,54,48,47" hai3="37,79,94,42,97,96,112,13,101,88,111,130,35"/><U56/><E115/><V44/><F135/><W102/><G35/><T82/><D109/><U86/><E68/><V26/><F127/><W122/><G111/><T16/><D36/><U129/><E123/><V114/><F103/><W133/><G122/><T134/><D134/><U50/><E129/><V131/><F131/><W41/><G133/><T31/><D31/><U51/><E75/><V108/><F114/><W76/><G130/><T63/><D73/><U93/><E107/><V19/><F108/><W104/><G112/><T55/><D82/><N who="1" m="47439" /><E56/><V85/><REACH who="2" step="1"/><F26/><REACH who="2" ten="100,300,213,377" step="2"/><W25/><G25/><T105/><D105/><U49/><AGARI ba="0,1" hai="7,9,12,20,23,49,50,51,91,93,99" m="47439" machi="49" ten="30,1500,0" yaku="8,1" doraHai="59" who="1" fromWho="1" sc="100,-5,300,25,213,-5,377,-5" /><INIT seed="5,1,0,3,0,130" ten="95,325,208,372" oya="1" hai0="125,26,101,81,23,40,91,88,106,100,2,76,45" hai1="117,121,120,105,12,1,87,24,65,102,38,127,42" hai2="33,35,21,72,113,115,28,19,7,116,8,112,103" hai3="11,58,132,6,126,94,61,62,13,39,111,17,0"/><U110/><E1/><N who="2" m="111" /><F72/><W18/><G111/><T79/><D125/><U122/><E127/><V44/><F44/><W9/><G126/><T3/><D3/><U69/><E117/><V96/><F96/><W93/><G39/><T95/><D2/><U124/><E124/><V25/><F103/><W56/><G0/><T92/><D106/><U77/><E110/><V30/><F116/><W66/><G132/><T10/><D10/><U27/><E38/><V129/><F129/><W74/><G74/><T57/><D57/><U52/><E42/><V64/><F64/><N who="3" m="38951" /><G11/><T53/><D53/><U75/><E75/><V128/><F128/><W89/><G94/><T4/><D4/><U32/><E65/><V20/><F30/><W5/><G5/><T54/><D54/><U31/><E69/><V98/><F98/><AGARI ba="1,0" hai="6,9,13,17,18,58,62,66,89,93,98" m="38951" machi="98" ten="30,1000,0" yaku="8,1" doraHai="130" who="3" fromWho="2" sc="95,0,325,0,208,-13,372,13" /><INIT seed="6,0,0,3,2,122" ten="95,325,195,385" oya="2" hai0="71,111,131,81,30,63,79,42,48,90,85,24,8" hai1="46,110,54,121,69,19,60,53,130,93,109,2,65" hai2="20,23,86,35,37,103,58,84,117,112,135,92,107" hai3="36,134,47,133,12,3,11,16,108,104,4,52,129"/><V64/><F35/><W100/><G108/><T128/><D8/><U94/><E2/><V99/><F112/><W98/><G129/><T106/><D106/><U127/><E130/><N who="0" m="49705" /><D111/><U55/><E127/><V41/><F117/><W78/><G78/><T38/><D38/><U59/><E121/><V101/><F135/><N who="3" m="51723" /><G36/><T83/><D42/><U76/><E76/><V26/><F41/><W75/><G75/><N who="0" m="43263" /><D48/><U56/><E46/><V43/><F43/><W29/><G29/><T61/><D71/><U82/><E82/><V118/><F118/><W132/><N who="3" m="51731" /><W70/><DORA hai="27" /><G70/><T44/><D44/><U89/><E93/><V17/><F37/><W72/><G72/><T66/><D66/><U88/><E89/><V13/><F107/><W123/><G123/><T116/><D116/><U40/><E40/><V80/><F103/><W7/><G3/><T33/><AGARI ba="0,0" hai="24,30,33,61,63,83,85,90" m="43263,49705" machi="33" ten="30,2000,0" yaku="19,1,52,1" doraHai="122,27" who="0" fromWho="0" sc="95,20,325,-5,195,-10,385,-5" /><INIT seed="7,0,0,5,2,29" ten="115,320,185,380" oya="3" hai0="32,77,79,11,37,6,96,101,134,135,131,112,63" hai1="28,90,126,17,108,71,100,13,66,120,95,62,83" hai2="73,128,34,114,118,124,70,89,69,113,40,47,105" hai3="68,115,75,25,111,39,50,1,45,76,58,107,104"/><W54/><G1/><T127/><D37/><U55/><E120/><V46/><F34/><W74/><G115/><N who="2" m="44041" /><F128/><W3/><G3/><T106/><D112/><U52/><E126/><V92/><F105/><W86/><G68/><N who="2" m="26217" /><F118/><W18/><G86/><T60/><D131/><U125/><E125/><V121/><F73/><W132/><G132/><T130/><D127/><U33/><E108/><V85/><F121/><W133/><G133/><T19/><D130/><U97/><E28/><V4/><F4/><W91/><G91/><T102/><D102/><U93/><E33/><V103/><F103/><W80/><G75/><T61/><D19/><U99/><REACH who="1" step="1"/><E83/><REACH who="1" ten="115,310,185,380" step="2"/><V15/><F124/><W27/><G111/><T38/><D38/><U119/><E119/><V43/><F15/><W35/><G35/><T64/><D64/><U65/><E65/><V5/><F5/><W53/><G39/><T22/><D22/><AGARI ba="0,1" hai="13,17,22,52,55,62,66,71,90,93,95,97,99,100" machi="22" ten="30,7700,0" yaku="1,1,7,1,54,1,53,1" doraHai="29" doraHaiUra="98" who="1" fromWho="0" sc="115,-77,310,87,185,0,380,0" owari="38,-46.2,397,49.7,185,-21.5,380,18.0" /></mjloggm>