<mjloggm ver="2.3"><GO type="169" lobby="0"/><UN n0="%E8%99%B9%E8%89%B2%E3%82%B8%E3%83%A7%E3%83%BC%E3%82%AB%E3%83%BC" n1="%E3%82%AB%E3%83%A9%E6%9D%BE" n2="%E9%81%85%E5%88%BB%E3%81%AE%E3%83%97%E3%83%AA%E3%83%B3%E3%82%B9%E2%99%AA" n3="%E5%85%A9%E5%84%80%E4%B8%B6%E5%BC%8F" dan="17,17,17,16" rate="2202.33,2178.11,2141.91,2138.97" sx="M,M,F,M"/><TAIKYOKU oya="0"/><INIT seed="0,0,0,1,4,6" ten="250,250,250,250" oya="0" hai0="32,125,53,17,29,77,106,27,34,122,93,127,132" hai1="109,100,81,96,43,51,3,66,20,23,119,124,72" hai2="4,67,79,13,19,123,99,107,85,131,113,105,97" hai3="83,82,9,31,28,54,22,112,26,48,116,56,47"/><T25/><D106/><U10/><E119/><V16/><F113/><W115/><G116/><T134/><D77/><U24/><E124/><N who="0" m="47689" /><D93/><U129/><E109/><V111/><F123/><W126/><G126/><T46/><D53/><U41/><E129/><V102/><F131/><W117/><G117/><T62/><D62/><U89/><E66/><V133/><F111/><W74/><G31/><N who="0" m="19567" /><D46/><U42/><E51/><V35/><F133/><N who="0" m="51306" /><D17/><U110/><E72/><V2/><F35/><W73/><G73/><T128/><D128/><U14/><E81/><V11/><F67/><W60/><G82/><T92/><D92/><U8/><E89/><V39/><F39/><W103/><G74/><T21/><D21/><U104/><E20/><V76/><F19/><W64/><G83/><T88/><D88/><U50/><E50/><V38/><F38/><W30/><G103/><T1/><D1/><U130/><E130/><V91/><F99/><W94/><G94/><T37/><D37/><U84/><E84/><V61/><F61/><W63/><G63/><T58/><D58/><U40/><E3/><V52/><F52/><W121/><G64/><T120/><AGARI ba="0,0" hai="27,29,34,120,122" m="51306,19567,47689" machi="120" ten="40,12000,1" yaku="18,1,20,1,23,1,34,2" doraHai="6" who="0" fromWho="0" sc="250,120,250,-40,250,-40,250,-40" /><INIT seed="0,1,0,2,3,50" ten="370,210,210,210" oya="0" hai0="112,94,43,78,48,58,86,25,5,45,133,39,7" hai1="115,20,13,93,17,70,92,56,106,42,55,74,132" hai2="33,102,90,19,49,65,6,38,98,3,126,100,82" hai3="127,88,101,54,84,123,91,60,116,68,111,18,31"/><T130/><D112/><U26/><E115/><V97/><F38/><W34/><G116/><T96/><D133/><U89/><E70/><V66/><F33/><W99/><G111/><T118/><D118/><U15/><E132/><V85/><F126/><W114/><G114/><T128/><D25/><U87/><E106/><V104/><F19/><W4/><G127/><T52/><D78/><U46/><E74/><V9/><REACH who="2" step="1"/><F49/><REACH who="2" ten="370,210,200,210" step="2"/><W81/><G18/><T62/><D39/><U125/><E125/><V63/><F63/><W36/><G36/><T117/><D117/><U21/><E21/><V32/><F32/><W35/><G4/><T1/><D1/><U24/><E24/><V80/><F80/><W8/><G34/><T129/><REACH who="0" step="1"/><D86/><REACH who="0" ten="360,210,200,210" step="2"/><U10/><E26/><V53/><F53/><W121/><G54/><T73/><D73/><U64/><E55/><V103/><F103/><AGARI ba="1,2" hai="5,7,43,45,48,52,58,62,94,96,103,128,129,130" machi="103" ten="40,12000,1" yaku="1,1,19,1,52,1,54,1,53,0" doraHai="50" doraHaiUra="120" who="0" fromWho="2" sc="360,143,210,0,200,-123,210,0" /><INIT seed="0,2,0,1,5,111" ten="503,210,77,210" oya="0" hai0="88,71,131,133,2,114,134,92,103,53,52,12,22" hai1="4,89,9,99,59,11,16,65,15,123,13,120,68" hai2="77,79,38,27,49,102,122,54,34,115,61,3,117" hai3="41,82,42,85,36,32,31,60,70,28,75,40,116"/><T67/><D2/><U73/><E68/><V95/><F122/><W46/><G116/><T90/><D131/><U56/><E73/><V121/><F121/><W0/><G0/><T30/><D114/><U107/><E59/><V104/><F117/><W100/><G75/><T101/><D67/><U132/><E132/><N who="0" m="50793" /><D90/><U93/><REACH who="1" step="1"/><E107/><REACH who="1" ten="503,200,77,210" step="2"/><V72/><F104/><W94/><G70/><T78/><D71/><U23/><E23/><V24/><F115/><W62/><G32/><T127/><D78/><U86/><E86/><V44/><F34/><W51/><G36/><T126/><D126/><U96/><E96/><N who="2" m="59679" /><F72/><W57/><G62/><AGARI ba="2,1" hai="4,9,11,13,15,16,56,62,65,89,93,99,120,123" machi="62" ten="40,2600,0" yaku="1,1,54,1,53,0" doraHai="111" doraHaiUra="26" who="1" fromWho="3" sc="503,0,200,42,77,0,210,-32" /><INIT seed="1,0,0,1,2,1" ten="503,242,77,178" oya="1" hai0="123,54,90,6,111,69,84,60,131,4,95,105,56" hai1="75,118,106,10,44,32,8,89,40,120,46,87,22" hai2="3,86,55,62,51,12,117,0,64,77,41,13,37" hai3="9,34,20,42,7,49,107,80,103,88,68,21,83"/><U99/><E120/><V70/><F117/><W39/><G34/><T58/><D69/><U76/><E118/><V134/><F134/><W18/><G39/><T121/><D105/><U16/><E32/><V33/><F33/><W59/><G68/><T23/><D111/><U81/><E46/><V24/><F24/><W119/><G119/><T27/><D131/><U133/><E133/><V110/><F110/><W130/><G130/><T66/><D123/><U97/><E97/><V63/><F63/><W25/><G103/><T132/><D132/><U112/><E112/><V128/><F128/><W79/><G107/><T127/><D127/><U29/><E29/><V53/><F53/><W108/><G108/><T129/><D129/><U125/><E125/><V74/><F74/><W31/><G79/><T126/><D126/><U5/><E5/><V65/><F65/><W109/><G109/><T114/><D114/><U135/><E135/><V116/><F116/><W67/><G67/><T122/><D122/><U73/><E73/><V35/><F35/><W61/><G61/><N who="0" m="35991" /><D121/><U115/><E115/><V71/><F71/><W91/><G83/><T38/><D38/><U113/><E113/><V57/><F3/><N who="3" m="255" /><G80/><T2/><D2/><U26/><E106/><V47/><REACH who="2" step="1"/><F0/><REACH who="2" ten="503,242,67,178" step="2"/><W45/><G59/><T92/><D58/><U43/><E75/><V101/><F101/><W102/><G102/><T85/><D60/><U104/><E44/><V28/><F28/><W48/><G48/><T72/><D72/><U11/><E104/><V78/><F78/><W30/><G30/><N who="0" m="17791" /><D66/><U36/><E36/><RYUUKYOKU ba="0,1" sc="503,0,242,0,67,0,178,0" hai0="4,6,84,85,90,92,95" hai1="8,10,11,16,22,26,40,43,76,81,87,89,99" hai2="12,13,37,41,47,51,55,57,62,64,70,77,86" hai3="18,20,21,25,31,42,45,49,88,91" /><INIT seed="1,1,1,1,2,45" ten="503,242,67,178" oya="1" hai0="13,122,101,39,57,120,9,52,131,107,102,125,77" hai1="7,100,47,34,83,110,6,22,128,51,31,135,60" hai2="32,126,108,59,58,50,73,53,117,94,123,56,109" hai3="41,11,1,88,27,54,129,124,17,3,86,116,74"/><U35/><E128/><V78/><F32/><W127/><G74/><T62/><D131/><U49/><E135/><V15/><F117/><W132/><G129/><T46/><D77/><U118/><E118/><V29/><F123/><N who="0" m="47146" /><D107/><U121/><E121/><V43/><F126/><N who="3" m="48171" /><G41/><N who="0" m="22847" /><D125/><U65/><E35/><V63/><F29/><W4/><G132/><T70/><D70/><U106/><E34/><V72/><F15/><W48/><G116/><T64/><D64/><U104/><E104/><V5/><F5/><AGARI ba="1,1" hai="5,9,13,52,57,62,101,102" m="22847,47146" machi="5" ten="30,2000,0" yaku="13,1,54,1" doraHai="45" who="0" fromWho="2" sc="503,33,242,0,67,-23,178,0" /><INIT seed="2,0,0,1,2,123" ten="536,242,44,178" oya="2" hai0="104,88,63,28,128,114,133,73,51,50,86,120,97" hai1="55,29,134,132,87,135,61,124,37,75,117,24,78" hai2="71,26,39,76,10,83,130,77,36,111,85,116,126" hai3="46,110,52,91,125,22,32,84,9,44,19,45,14"/><V102/><F116/><W96/><G32/><T101/><D114/><U56/><E117/><V40/><F71/><W70/><G70/><T5/><D120/><U15/><E37/><V115/><F115/><W30/><G125/><T81/><D133/><U58/><E124/><V21/><F126/><W122/><G110/><T69/><D128/><U98/><E75/><V33/><F130/><W16/><G122/><T8/><D28/><U106/><E15/><V34/><F102/><W18/><G96/><T121/><D121/><U54/><E98/><V103/><F103/><W112/><G112/><T119/><D119/><U74/><E106/><V23/><F111/><W93/><G30/><T92/><D63/><U12/><E12/><V27/><F85/><W66/><G66/><T1/><D69/><U38/><E38/><V59/><F59/><W43/><G43/><T64/><D64/><U7/><E7/><V20/><F20/><W90/><G90/><T80/><D80/><N who="1" m="47511" /><E74/><V3/><F83/><W11/><REACH who="3" step="1"/><G52/><REACH who="3" ten="536,242,44,168" step="2"/><N who="1" m="20010" /><E61/><V48/><F40/><W72/><G72/><T95/><D73/><U68/><E68/><V13/><F3/><W82/><G82/><T113/><D113/><U65/><E65/><V127/><F127/><W2/><G2/><T94/><AGARI ba="0,1" hai="1,5,8,50,51,81,86,88,92,94,95,97,101,104" machi="94" ten="30,2000,0" yaku="0,1,54,1" doraHai="123" who="0" fromWho="0" sc="536,30,242,-5,44,-10,168,-5" /><INIT seed="3,0,0,4,3,110" ten="566,237,34,163" oya="3" hai0="76,38,11,61,99,135,112,12,103,73,36,92,108" hai1="62,89,35,41,78,37,5,117,106,7,86,105,30" hai2="17,101,126,131,4,63,52,64,42,132,84,90,1" hai3="71,8,97,66,122,83,127,94,59,72,51,9,24"/><W47/><G122/><T81/><D108/><U16/><E117/><V124/><F131/><W28/><G127/><N who="2" m="48681" /><F132/><W27/><G71/><T14/><D135/><U120/><E120/><V0/><F101/><W68/><G68/><T93/><D112/><U104/><E78/><V54/><F42/><W70/><G70/><T43/><D43/><U133/><E133/><V57/><F17/><W58/><G27/><T95/><D61/><U123/><E123/><V107/><F107/><W23/><G83/><T55/><D55/><N who="2" m="21034" /><F4/><W44/><G72/><T48/><D48/><U3/><E7/><V10/><F10/><W67/><G47/><T22/><D22/><U113/><E62/><V74/><F74/><W111/><G111/><T49/><D49/><U26/><E41/><V102/><F102/><N who="3" m="60727" /><G44/><T15/><D11/><N who="3" m="4169" /><G51/><T91/><D103/><U88/><E104/><V56/><F56/><AGARI ba="0,0" hai="23,24,28,56,58,59,66,67" m="4169,60727" machi="56" ten="30,1500,0" yaku="8,1" doraHai="110" who="3" fromWho="2" sc="566,0,237,0,34,-15,163,15" /><INIT seed="3,1,0,0,0,23" ten="566,237,19,178" oya="3" hai0="117,29,48,26,30,104,70,58,103,22,54,92,20" hai1="1,18,97,81,75,19,93,79,116,63,69,31,40" hai2="77,59,111,120,135,83,115,57,13,108,118,67,17" hai3="33,28,51,126,43,0,82,44,112,132,66,131,121"/><W130/><G0/><T55/><D70/><U50/><E1/><V3/><F115/><W80/><G112/><T56/><D104/><U6/><E6/><V16/><F118/><W39/><G121/><T12/><D117/><U47/><E116/><V34/><F3/><W32/><G132/><T102/><D92/><U98/><E98/><V8/><F135/><W124/><G66/><T2/><D2/><U24/><E63/><V89/><F120/><W15/><G15/><T9/><D22/><U110/><E110/><N who="2" m="42027" /><F34/><N who="3" m="13419" /><G39/><T46/><D30/><U65/><E65/><V96/><F59/><N who="0" m="22570" /><D55/><U100/><E69/><V71/><F71/><W14/><G28/><T21/><D21/><AGARI ba="1,0" hai="18,19,21,24,31,40,47,50,75,79,81,93,97,100" machi="21" ten="30,2000,0" yaku="7,1,52,1" doraHai="23" who="1" fromWho="0" sc="566,-23,237,23,19,0,178,0" /><INIT seed="4,0,0,5,0,59" ten="543,260,19,178" oya="0" hai0="81,117,23,90,132,75,46,22,29,37,118,122,101" hai1="114,2,135,0,45,67,109,57,48,123,26,19,42" hai2="18,134,21,33,110,129,64,12,16,92,77,17,78" hai3="31,43,103,36,111,44,35,73,131,63,87,28,86"/><T130/><D122/><U112/><E123/><V65/><F110/><W102/><G111/><T60/><D132/><U49/><E109/><V41/><F33/><W1/><G73/><T5/><D130/><U4/><E135/><V61/><F134/><W76/><G131/><T66/><D5/><U133/><E133/><V91/><F129/><W55/><G1/><T82/><D82/><U7/><E2/><V88/><F41/><W116/><G116/><T11/><D11/><U100/><E100/><V39/><F39/><W127/><G127/><T99/><D46/><U106/><E106/><V70/><F65/><W32/><G28/><T97/><D37/><U128/><E128/><V79/><REACH who="2" step="1"/><F91/><REACH who="2" ten="543,260,9,178" step="2"/><W15/><G32/><T8/><D90/><U115/><E67/><V120/><F120/><W13/><G36/><T53/><D66/><U14/><E0/><V80/><F80/><W98/><G43/><T119/><D81/><U84/><E112/><V72/><F72/><W58/><G35/><T71/><D75/><U27/><E114/><V83/><F83/><W124/><G124/><T125/><D125/><U34/><E115/><V56/><F56/><W51/><G58/><N who="0" m="34895" /><D119/><U95/><E34/><V94/><F94/><W113/><G113/><T89/><D118/><U62/><E95/><V121/><F121/><W6/><G44/><T10/><D117/><U126/><E45/><V40/><F40/><W96/><G103/><T3/><D101/><U68/><E126/><V52/><F52/><W93/><G102/><T38/><D38/><U30/><E42/><V9/><F9/><RYUUKYOKU ba="0,1" sc="543,-10,260,-10,9,30,178,-10" hai2="12,16,17,18,21,61,64,70,77,78,79,88,92" /><INIT seed="5,1,1,4,1,5" ten="533,250,39,168" oya="1" hai0="41,14,67,96,88,133,62,29,66,122,15,90,56" hai1="36,132,32,131,129,105,130,70,123,27,102,55,100" hai2="2,121,26,68,30,28,84,48,44,78,58,50,1" hai3="47,42,73,23,103,40,82,135,76,108,13,97,11"/><U31/><E123/><V99/><F121/><W126/><G108/><T91/><D122/><U6/><E132/><V35/><F68/><W92/><G135/><T81/><D133/><U19/><E36/><V12/><F30/><W119/><G126/><T98/><D29/><U89/><E70/><V18/><F99/><W17/><G119/><T21/><D41/><U114/><E114/><V124/><F124/><W59/><G59/><T77/><D67/><U4/><E55/><V24/><F24/><W46/><REACH who="3" step="1"/><G23/><REACH who="3" ten="533,250,39,158" step="2"/><T63/><D21/><U10/><E105/><V65/><F58/><W125/><G125/><T34/><D56/><U120/><E120/><V22/><F65/><W117/><G117/><T106/><D66/><U9/><E89/><V20/><F20/><W86/><G86/><T61/><D34/><U101/><E19/><V3/><REACH who="2" step="1"/><F44/><AGARI ba="1,2" hai="11,13,17,40,42,44,46,47,73,76,82,92,97,103" machi="44" ten="40,2600,0" yaku="1,1,52,1,53,0" doraHai="5" doraHaiUra="16" who="3" fromWho="2" sc="533,0,250,0,39,-29,158,49" /><INIT seed="6,0,0,2,5,13" ten="533,250,10,207" oya="2" hai0="21,110,90,116,82,49,53,68,55,89,131,92,25" hai1="130,121,40,39,23,41,28,12,94,72,30,11,87" hai2="44,81,135,35,8,56,42,3,133,102,99,123,111" hai3="9,88,112,64,95,85,118,119,125,122,58,61,104"/><V29/><F123/><W107/><G122/><T38/><D38/><U4/><E72/><V22/><F111/><W132/><G132/><N who="2" m="50761" /><F35/><W15/><G125/><T0/><D68/><U33/><E130/><V16/><F29/><W45/><G112/><T10/><D55/><U59/><E33/><V32/><F32/><W80/><G118/><T34/><D116/><U76/><E121/><V18/><F81/><W37/><G119/><T113/><D113/><U73/><E73/><V52/><F8/><W54/><G95/><T62/><D92/><U105/><E105/><N who="2" m="63711" /><F3/><W7/><REACH who="3" step="1"/><G54/><REACH who="3" ten="533,250,10,197" step="2"/><T127/><D53/><U70/><E94/><V103/><F103/><W101/><G101/><T5/><D110/><U31/><E41/><AGARI ba="0,1" hai="7,9,15,37,41,45,58,61,64,80,85,88,104,107" machi="41" ten="40,2600,0" yaku="1,1,54,1,53,0" doraHai="13" doraHaiUra="109" who="3" fromWho="1" sc="533,0,250,-26,10,0,197,36" /><INIT seed="7,0,0,2,3,32" ten="533,224,10,233" oya="3" hai0="94,110,62,18,97,134,53,7,6,0,48,50,70" hai1="12,71,79,55,131,22,24,99,56,28,67,23,9" hai2="125,124,5,36,21,25,49,83,60,87,107,35,66" hai3="90,129,122,80,3,20,100,101,52,46,127,68,31"/><W81/><G3/><T41/><D0/><U33/><E131/><V113/><F113/><W44/><G68/><T15/><D134/><U10/><E79/><V123/><F123/><W27/><G122/><T11/><D110/><U29/><E71/><V105/><F35/><W106/><G127/><T77/><D77/><U96/><E67/><V117/><F117/><W103/><G129/><T40/><D50/><N who="1" m="30839" /><E33/><V119/><F119/><W63/><G106/><T128/><D62/><U111/><E111/><V95/><F36/><W93/><G46/><T19/><D19/><N who="1" m="10599" /><E28/><V115/><F115/><W69/><G69/><T30/><D97/><AGARI ba="0,0" hai="9,10,23,24,29,96,97,99" m="10599,30839" machi="97" ten="30,1000,0" yaku="8,1" doraHai="32" who="1" fromWho="0" sc="533,-10,224,10,10,0,233,0" owari="523,62.3,234,3.4,10,-49.0,233,-16.7" /></mjloggm>