<mjloggm ver="2.3"><GO type="169" lobby="0"/><UN n0="%74%6B%34%32" n1="%73%61%69%63%68%61%6E%7A" n2="%E7%8F%BE%E5%A0%B4%E3%81%AD%E3%81%93" n3="%70%6F%72%66%65%76%72%65" dan="16,17,16,16" rate="2104.89,2155.35,2087.79,2138.72" sx="M,M,M,M"/><TAIKYOKU oya="0"/><INIT seed="0,0,0,4,5,20" ten="250,250,250,250" oya="0" hai0="66,5,36,134,87,33,39,125,15,23,84,38,17" hai1="81,60,116,112,74,35,47,55,115,69,46,29,94" hai2="4,62,79,49,42,27,48,45,1,90,21,59,58" hai3="85,70,121,0,89,78,122,123,100,30,54,25,50"/><T3/><D134/><U63/><E74/><V44/><F79/><W26/><G0/><T73/><D73/><U111/><E116/><V34/><F34/><W117/><G117/><T130/><D130/><U22/><E35/><V109/><F109/><W53/><G70/><T65/><D125/><U14/><E111/><V13/><F1/><W52/><G30/><T133/><D133/><U106/><E106/><V72/><F72/><W40/><G78/><T41/><D41/><U113/><E81/><V107/><F107/><W64/><G64/><T131/><D131/><U126/><E126/><V118/><F90/><W99/><G40/><T56/><D33/><U135/><E135/><V132/><F118/><W31/><G31/><T71/><D71/><U61/><E94/><V128/><F128/><W96/><G50/><N who="2" m="19561" /><F42/><W57/><G57/><N who="2" m="21513" /><F62/><W102/><G96/><T98/><D98/><U91/><E91/><V86/><F86/><W32/><G32/><T110/><D110/><U92/><E69/><V88/><F88/><W80/><G100/><T82/><D56/><U95/><E55/><V105/><F105/><AGARI ba="0,0" hai="25,26,52,53,54,80,85,89,99,102,105,121,122,123" machi="105" ten="50,8000,1" yaku="13,1,52,2,54,1" doraHai="20" who="3" fromWho="2" sc="250,0,250,0,250,-80,250,80" /><INIT seed="1,0,0,4,3,70" ten="250,250,170,330" oya="1" hai0="87,100,118,40,129,101,120,114,132,30,92,77,85" hai1="64,21,123,89,76,98,135,16,27,24,96,18,104" hai2="75,25,116,90,81,66,23,34,1,108,8,106,9" hai3="91,43,35,26,14,5,51,128,94,32,82,102,109"/><U56/><E123/><V99/><F116/><W127/><G109/><T58/><D114/><U45/><E135/><V41/><F108/><W131/><G127/><T11/><D118/><U17/><E76/><V78/><F34/><W113/><G113/><T54/><D132/><U10/><E45/><V38/><F66/><W7/><G102/><T115/><D115/><U44/><E44/><V134/><F134/><W2/><G82/><T80/><D40/><U63/><E10/><V107/><F9/><W33/><G51/><T55/><D30/><U105/><E27/><V42/><F42/><W28/><G43/><T62/><D120/><U22/><E22/><V19/><F90/><W48/><G48/><T4/><D54/><U61/><E61/><V73/><F99/><W12/><G2/><T57/><D57/><U72/><E72/><V74/><F74/><W53/><G53/><T37/><D37/><U6/><E6/><N who="3" m="2058" /><G94/><T13/><D129/><N who="3" m="49737" /><G91/><AGARI ba="0,0" hai="4,11,13,55,58,62,77,80,85,87,91,92,100,101" machi="91" ten="40,1300,0" yaku="8,1" doraHai="70" who="0" fromWho="3" sc="250,13,250,0,170,0,330,-13" /><INIT seed="2,0,0,5,5,34" ten="263,250,170,317" oya="2" hai0="123,50,25,59,29,130,74,15,93,134,60,129,31" hai1="10,53,37,26,76,33,0,19,80,117,56,98,131" hai2="39,11,104,54,106,132,125,87,17,112,35,107,103" hai3="95,12,46,83,77,86,71,91,111,2,62,8,115"/><V58/><F112/><W73/><G111/><T110/><D123/><U61/><E117/><V27/><F39/><W7/><G115/><T52/><D110/><U5/><E131/><V23/><F132/><W18/><G71/><T69/><D74/><U84/><E37/><V92/><F125/><W78/><G77/><T14/><D134/><U21/><E33/><V57/><F35/><W122/><G122/><T90/><D69/><U13/><REACH who="1" step="1"/><E98/><REACH who="1" ten="263,240,170,317" step="2"/><V102/><F11/><W44/><REACH who="3" step="1"/><G62/><REACH who="3" ten="263,240,170,307" step="2"/><T6/><D60/><U116/><E116/><V16/><F17/><W70/><G70/><T88/><D129/><U119/><E119/><V96/><F96/><W99/><G99/><T45/><D130/><U114/><E114/><V65/><F16/><W101/><G101/><T4/><D29/><U55/><E55/><V79/><F103/><W48/><G48/><T22/><D6/><U121/><E121/><V40/><F102/><W43/><G43/><T42/><D4/><U126/><E126/><V127/><F127/><W20/><AGARI ba="0,2" hai="2,7,8,12,18,20,44,46,73,78,83,86,91,95" machi="20" ten="20,5200,0" yaku="1,1,0,1,7,1,52,1,53,0" doraHai="34" doraHaiUra="68" who="3" fromWho="3" sc="263,-13,240,-13,170,-26,307,72" /><INIT seed="3,0,0,0,2,101" ten="250,227,144,379" oya="3" hai0="28,79,7,36,56,134,67,19,119,52,80,78,105" hai1="16,40,122,58,66,73,109,75,0,71,39,102,88" hai2="120,35,42,135,62,59,55,1,8,72,87,107,128" hai3="9,121,74,84,45,60,111,18,82,131,51,27,117"/><W57/><G121/><T63/><D119/><U20/><E71/><V130/><F72/><W49/><G74/><T106/><D134/><U12/><E122/><V125/><F120/><W112/><G112/><T11/><D36/><U127/><E0/><V123/><F123/><W53/><G131/><T96/><D28/><U24/><E109/><V77/><F35/><W22/><G111/><T110/><D110/><U95/><E127/><V15/><F1/><W46/><G117/><T17/><D96/><U118/><E118/><V31/><F31/><W69/><G69/><T4/><D67/><U99/><E39/><V64/><F42/><W37/><G37/><T41/><D41/><U133/><E133/><V29/><F29/><W83/><G9/><T14/><D17/><U94/><E40/><V38/><F38/><W68/><G68/><T2/><D7/><U81/><E81/><N who="3" m="30730" /><G84/><T89/><D89/><U34/><E34/><V33/><F33/><W115/><G115/><T43/><D43/><U25/><E73/><V92/><F135/><W47/><AGARI ba="0,0" hai="18,22,27,45,46,47,49,51,53,57,60" m="30730" machi="47" ten="30,1500,0" yaku="8,1" doraHai="101" who="3" fromWho="3" sc="250,-5,227,-5,144,-5,379,15" /><INIT seed="3,1,0,3,1,35" ten="245,222,139,394" oya="3" hai0="13,14,50,122,116,30,64,82,33,37,17,9,124" hai1="76,59,133,46,69,117,55,32,52,8,45,123,119" hai2="24,71,20,53,99,125,56,78,77,18,106,58,114" hai3="120,115,135,84,42,131,73,31,51,6,0,85,113"/><W98/><G120/><T89/><D37/><U12/><E32/><V67/><F125/><W4/><G73/><T41/><D116/><N who="1" m="44619" /><E123/><V103/><F114/><W34/><G98/><T11/><D124/><U102/><E69/><V48/><F71/><W90/><G85/><T16/><D122/><U62/><E133/><V81/><F67/><W61/><G61/><T25/><D64/><U129/><E129/><V15/><F58/><W38/><G38/><T28/><D28/><U21/><E21/><V40/><F40/><W109/><G51/><T132/><D132/><U5/><E102/><V19/><REACH who="2" step="1"/><F81/><REACH who="2" ten="245,222,129,394" step="2"/><W110/><G42/><T108/><D108/><U112/><E112/><V134/><F134/><W127/><G135/><T7/><D41/><U91/><E55/><V22/><AGARI ba="1,1" hai="15,18,19,20,22,24,48,53,56,77,78,99,103,106" machi="22" ten="20,8000,1" yaku="1,1,0,1,7,1,53,2" doraHai="35" doraHaiUra="74" who="2" fromWho="2" sc="245,-21,222,-21,129,93,394,-41" /><INIT seed="4,0,0,0,1,60" ten="224,201,222,353" oya="0" hai0="11,116,99,52,96,29,26,22,95,127,130,98,89" hai1="74,75,47,119,133,28,120,20,58,15,1,102,55" hai2="53,57,40,30,13,32,54,117,84,38,121,4,70" hai3="6,79,78,68,19,88,51,31,123,39,3,106,111"/><T43/><D116/><U126/><E119/><V112/><F117/><W42/><G111/><T25/><D127/><U71/><E120/><V90/><F70/><W10/><G106/><T59/><D130/><U61/><E1/><V24/><F121/><W21/><G39/><T129/><D129/><U77/><E126/><V122/><F122/><W92/><G68/><T56/><D43/><U5/><E133/><V27/><F112/><W35/><G123/><T37/><D37/><U131/><E131/><V36/><F40/><W9/><G10/><T2/><D59/><U128/><E128/><V18/><F24/><N who="3" m="18919" /><G51/><T12/><D26/><U73/><E102/><V108/><F4/><W100/><G100/><T81/><D81/><U94/><E94/><V16/><F18/><W63/><G63/><T17/><REACH who="0" step="1"/><D2/><REACH who="0" ten="214,201,222,353" step="2"/><U8/><E71/><V118/><F118/><W67/><G42/><T76/><D76/><U134/><E134/><V69/><F69/><W83/><G83/><T85/><D85/><U72/><E47/><V107/><F38/><W101/><G79/><T49/><AGARI ba="0,1" hai="11,12,17,22,25,29,49,52,56,89,95,96,98,99" machi="49" ten="20,12000,1" yaku="1,1,0,1,7,1,8,1,54,1,53,0" doraHai="60" doraHaiUra="135" who="0" fromWho="0" sc="214,130,201,-40,222,-40,353,-40" /><INIT seed="4,1,0,0,1,121" ten="344,161,182,313" oya="0" hai0="17,42,5,20,50,76,115,22,57,92,119,114,15" hai1="61,48,58,33,41,81,38,1,107,79,62,126,16" hai2="69,117,24,87,89,131,73,63,82,12,35,80,47" hai3="104,10,133,30,56,78,77,124,122,83,93,90,128"/><T46/><D119/><U101/><E126/><V55/><F131/><W127/><G30/><T108/><D76/><U113/><E33/><V105/><F105/><W75/><G10/><T94/><D5/><U100/><E38/><V65/><F117/><W0/><G0/><T70/><D70/><U97/><E113/><N who="0" m="43017" /><D108/><U4/><E100/><V125/><F125/><N who="3" m="48203" /><G56/><T67/><D20/><U7/><E61/><AGARI ba="1,0" hai="15,17,22,42,46,50,57,61,67,92,94" m="43017" machi="61" ten="30,1500,0" yaku="15,1" doraHai="121" who="0" fromWho="1" sc="344,18,161,-18,182,0,313,0" /><INIT seed="4,2,0,5,5,43" ten="362,143,182,313" oya="0" hai0="123,130,78,12,63,73,86,69,9,68,76,46,90" hai1="8,42,112,64,96,39,134,72,108,45,105,135,79" hai2="129,7,24,16,118,101,87,111,103,124,102,99,114" hai3="5,95,98,128,94,92,119,29,117,104,83,31,4"/><T100/><D123/><U18/><E108/><V122/><F16/><W107/><G83/><T62/><D130/><U17/><E64/><V57/><F24/><W115/><G115/><T77/><D100/><N who="1" m="62599" /><E18/><V80/><F57/><W22/><G22/><T132/><D132/><N who="1" m="50731" /><E112/><V133/><F7/><W2/><G98/><T60/><D73/><U84/><E72/><V19/><F19/><W53/><G95/><T49/><D86/><U6/><E17/><V40/><F133/><W26/><G26/><T74/><D74/><U109/><E109/><V61/><F114/><W52/><REACH who="3" step="1"/><G2/><REACH who="3" ten="362,143,182,303" step="2"/><T44/><D90/><U15/><E84/><V30/><F87/><W93/><G93/><T59/><D69/><U106/><E79/><V14/><F103/><W21/><G21/><T91/><D91/><U41/><E106/><V65/><F101/><W120/><G120/><T23/><D23/><U85/><E85/><V127/><F102/><W71/><G71/><T110/><D68/><U75/><E75/><V1/><F1/><W32/><G32/><T28/><D28/><U58/><E58/><V121/><F30/><W66/><G66/><T113/><D113/><U55/><E39/><V97/><F121/><W35/><G35/><T34/><D34/><U81/><E81/><V11/><F80/><W20/><G20/><T25/><D25/><U0/><E0/><V56/><F122/><W51/><G51/><AGARI ba="2,1" hai="6,8,15,41,42,45,51,55" m="50731,62599" machi="51" ten="30,2000,0" yaku="20,1,52,1" doraHai="43" who="1" fromWho="3" sc="362,0,143,36,182,0,303,-26" /><INIT seed="5,0,0,0,1,24" ten="362,179,182,277" oya="1" hai0="33,23,0,51,62,53,3,37,22,29,42,36,21" hai1="128,98,58,46,15,30,55,83,87,113,66,105,129" hai2="93,38,124,25,2,135,100,64,54,6,101,119,114" hai3="86,82,127,104,117,16,43,65,18,81,19,13,88"/><U41/><E113/><V20/><F38/><W77/><G104/><T9/><D62/><U61/><E15/><V118/><F64/><W4/><G127/><T70/><D70/><U47/><E30/><V130/><F124/><W102/><G102/><T90/><D42/><U123/><E123/><V56/><F6/><W116/><G65/><T84/><D33/><U76/><E105/><V73/><F73/><W92/><G43/><T131/><D131/><N who="1" m="50251" /><E98/><V68/><F68/><W34/><G34/><T5/><D3/><U110/><E110/><V112/><F2/><W95/><G92/><T45/><D29/><U57/><E41/><V32/><F32/><W35/><G35/><T31/><D31/><U125/><E125/><V11/><F11/><N who="3" m="4327" /><G77/><T132/><D132/><U39/><E39/><V63/><F135/><W44/><G44/><T99/><D99/><U27/><E27/><V72/><F130/><W106/><G106/><T52/><D53/><U94/><E94/><V28/><F72/><W60/><G60/><AGARI ba="0,0" hai="46,47,55,57,58,60,61,66,76,83,87" m="50251" machi="60" ten="30,1500,0" yaku="19,1" doraHai="24" who="1" fromWho="3" sc="362,0,179,15,182,0,277,-15" /><INIT seed="5,1,0,3,0,112" ten="362,194,182,262" oya="1" hai0="21,33,96,87,122,24,31,130,12,129,71,133,48" hai1="70,117,25,127,125,2,18,7,47,54,44,75,101" hai2="99,1,74,105,65,23,108,55,72,4,67,51,43" hai3="94,103,104,26,118,29,123,58,66,30,9,40,131"/><U35/><E75/><V17/><F108/><W124/><G123/><T19/><D71/><U28/><E70/><V34/><F34/><W73/><G73/><T89/><D133/><U135/><E135/><V134/><F134/><W39/><G104/><T95/><D122/><U10/><E101/><V90/><F43/><W81/><G81/><T82/><REACH who="0" step="1"/><D48/><REACH who="0" ten="352,194,182,262" step="2"/><U16/><E54/><V85/><F51/><W110/><G39/><T77/><AGARI ba="1,1" hai="12,19,21,24,31,33,77,82,87,89,95,96,129,130" machi="77" ten="30,4000,0" yaku="1,1,2,1,0,1,53,0" doraHai="112" doraHaiUra="116" who="0" fromWho="0" sc="352,53,194,-21,182,-11,262,-11" /><INIT seed="6,0,0,3,2,80" ten="405,173,171,251" oya="2" hai0="90,62,123,130,114,58,14,127,15,46,49,109,20" hai1="104,23,52,95,27,35,28,97,9,36,57,87,129" hai2="44,107,115,96,42,51,92,98,122,54,89,60,102" hai3="4,7,105,77,69,81,126,125,25,111,56,68,78"/><V6/><F115/><W131/><G111/><T66/><D123/><U29/><E36/><V50/><F122/><W70/><G105/><T71/><D109/><U67/><E129/><V106/><F6/><N who="3" m="2091" /><G131/><T100/><D127/><N who="3" m="48649" /><G56/><T39/><D100/><U133/><E133/><V10/><F10/><W110/><G110/><T119/><D114/><U135/><E135/><V0/><F0/><W37/><G37/><T73/><D73/><U22/><E9/><V45/><REACH who="2" step="1"/><F60/><REACH who="2" ten="405,173,161,251" step="2"/><W94/><G70/><T83/><D130/><U108/><E108/><V13/><F13/><W33/><G69/><T19/><D15/><U1/><E1/><V82/><F82/><W3/><G68/><T2/><D2/><U17/><E67/><V85/><F85/><W48/><G3/><T86/><D119/><U64/><E64/><V12/><F12/><W74/><G81/><T84/><D71/><U72/><E72/><V128/><F128/><W117/><G74/><T30/><D86/><U120/><E120/><V31/><F31/><W124/><G117/><T112/><D30/><U55/><E29/><V76/><F76/><W93/><G124/><T32/><D32/><U26/><E35/><V5/><F5/><W21/><G78/><T16/><D112/><U61/><E87/><V116/><F116/><W53/><G77/><T134/><D134/><U65/><E104/><AGARI ba="0,1" hai="42,44,45,50,51,54,89,92,96,98,102,104,106,107" machi="104" ten="30,2900,0" yaku="1,1,7,1,53,0" doraHai="80" doraHaiUra="34" who="2" fromWho="1" sc="405,0,173,-29,161,39,251,0" /><INIT seed="6,1,0,2,0,100" ten="405,144,200,251" oya="2" hai0="39,86,33,2,61,52,112,19,66,103,126,111,110" hai1="62,101,85,89,11,69,59,117,123,67,65,18,80" hai2="129,130,99,121,54,70,7,16,51,82,81,74,91" hai3="40,134,47,9,107,6,95,105,17,4,21,41,57"/><V87/><F70/><W132/><G57/><T14/><D112/><U29/><E117/><V13/><F121/><W135/><G95/><T79/><D126/><U20/><E123/><V131/><F99/><W49/><G41/><T68/><D2/><U31/><E69/><V27/><F27/><N who="3" m="14767" /><G6/><T64/><D39/><U90/><E67/><V119/><F7/><W124/><G124/><T36/><D110/><U1/><E101/><V106/><F119/><W53/><G53/><T10/><D111/><U0/><E1/><AGARI ba="1,0" hai="1,4,9,40,47,49,105,107,132,134,135" m="14767" machi="1" ten="30,3900,0" yaku="20,1,52,2" doraHai="100" who="3" fromWho="1" sc="405,0,144,-42,200,0,251,42" /><INIT seed="7,0,0,1,1,84" ten="405,102,200,293" oya="3" hai0="5,1,49,37,96,127,26,58,27,129,53,42,101" hai1="71,15,88,83,125,9,128,116,62,13,113,68,82" hai2="115,118,121,19,78,43,24,34,48,41,87,6,81" hai3="7,25,120,89,32,8,79,45,54,93,11,130,47"/><W114/><G120/><T123/><D123/><U109/><E109/><V35/><F121/><W104/><G104/><T99/><D127/><U63/><E125/><V91/><F118/><W4/><G114/><T72/><D72/><U126/><E126/><V74/><F6/><N who="3" m="2091" /><G32/><T12/><D129/><U23/><E113/><V59/><F43/><W67/><G67/><T61/><D37/><U124/><E124/><V70/><F70/><W95/><G79/><T98/><D1/><U94/><E128/><V77/><F77/><W60/><G93/><T111/><D111/><U66/><E116/><V92/><F115/><W2/><G2/><T30/><D101/><U80/><E23/><V106/><F106/><W64/><G25/><T133/><D133/><U102/><E102/><V3/><F3/><W122/><G64/><T100/><D100/><U51/><E9/><N who="3" m="3658" /><G122/><T103/><D103/><U107/><E107/><V119/><F119/><W29/><G29/><T18/><D5/><U17/><E17/><V57/><F35/><W105/><G105/><T28/><D28/><U44/><E63/><V90/><F19/><W39/><G39/><T134/><D30/><U52/><REACH who="1" step="1"/><E68/><REACH who="1" ten="405,92,200,293" step="2"/><V135/><F34/><W86/><G130/><T0/><D61/><U36/><E36/><V75/><F135/><W69/><G69/><T10/><D0/><U112/><E112/><V85/><F24/><W21/><G21/><T40/><D134/><U50/><E50/><V14/><F48/><W110/><G110/><T76/><D76/><U65/><E65/><V56/><F78/><W55/><G60/><RYUUKYOKU ba="0,1" sc="405,10,92,10,200,-30,293,10" hai0="10,12,18,26,27,40,42,49,53,58,96,98,99" hai1="13,15,44,51,52,62,66,71,80,82,83,88,94" hai3="45,47,54,55,86,89,95" /><INIT seed="7,1,1,3,4,74" ten="415,102,170,303" oya="3" hai0="111,25,64,54,131,3,7,63,82,121,10,45,130" hai1="4,87,91,41,85,67,75,78,14,61,69,118,65" hai2="33,124,52,88,22,89,60,9,20,43,77,2,84" hai3="11,28,100,55,56,134,80,108,46,37,8,94,24"/><W53/><G134/><T114/><D121/><U36/><E118/><V97/><F33/><W59/><G108/><T79/><D114/><U21/><E75/><V117/><F117/><W101/><G37/><T127/><D111/><U68/><E36/><V72/><F72/><W106/><G106/><T18/><D18/><U40/><E21/><V6/><F43/><W16/><G80/><T83/><D127/><U66/><E14/><N who="2" m="5431" /><F77/><W34/><G46/><T128/><D25/><U103/><E4/><V0/><F0/><W35/><G24/><T27/><D27/><U39/><E39/><V110/><F2/><W44/><G44/><T38/><D79/><U71/><E103/><V70/><F70/><W104/><G104/><T26/><D26/><U132/><E132/><V99/><F89/><W47/><G47/><T90/><D90/><U119/><E119/><V15/><F22/><W107/><G107/><T93/><D93/><U98/><E61/><V5/><F110/><W86/><G94/><T112/><D112/><U17/><E17/><N who="2" m="10303" /><F5/><W81/><G16/><T102/><D102/><U13/><E13/><V123/><F124/><W125/><G125/><T31/><D31/><U1/><E1/><V58/><F123/><W135/><G81/><AGARI ba="1,1" hai="52,58,60,81,84,88,97,99" m="10303,5431" machi="81" ten="30,3900,0" yaku="8,1,54,2" doraHai="74" who="2" fromWho="3" sc="415,0,102,0,170,52,303,-42" owari="415,51.5,102,-39.8,222,-17.8,261,6.1" /></mjloggm>