<mjloggm ver="2.3"><GO type="169" lobby="0"/><UN n0="%41%72%69%61" n1="%E3%81%8B%E3%82%81%E3%81%98%E3%82%8D%E3%81%86" n2="%41%2E%53%74%61%72%73" n3="%2D%E8%B1%8A%E5%8F%A3%E3%82%81%E3%81%90%E3%81%BF%2D" dan="16,17,16,17" rate="2163.81,2227.77,2061.77,2212.80" sx="F,M,M,F"/><TAIKYOKU oya="0"/><INIT seed="0,0,0,5,2,121" ten="250,250,250,250" oya="0" hai0="50,15,82,52,79,3,78,7,53,39,10,125,123" hai1="102,84,126,114,38,6,28,68,103,101,0,33,110" hai2="64,44,99,131,55,32,94,25,11,46,40,12,108" hai3="70,95,36,76,89,80,112,61,16,96,128,29,63"/><T106/><D123/><U124/><E68/><V57/><F131/><W83/><G112/><T97/><D39/><U14/><E38/><V66/><F32/><W98/><G128/><T77/><D125/><U93/><E0/><V67/><F25/><W41/><G29/><T56/><D3/><U116/><E28/><V130/><F40/><W60/><G70/><T91/><D106/><U31/><E31/><V20/><F20/><W30/><G30/><T23/><D23/><U132/><E14/><V45/><F130/><W21/><G98/><T115/><D115/><U129/><E6/><V62/><F108/><W119/><G119/><T100/><D91/><N who="1" m="53479" /><E33/><V71/><F71/><W92/><G92/><N who="0" m="58407" /><D53/><U87/><E129/><V17/><REACH who="2" step="1"/><F67/><REACH who="2" ten="250,250,240,250" step="2"/><W69/><G69/><T9/><D9/><U117/><E114/><V75/><F75/><W49/><G36/><T135/><D135/><U65/><E65/><V37/><F37/><W26/><REACH who="3" step="1"/><G76/><REACH who="3" ten="250,250,240,240" step="2"/><T118/><D118/><N who="1" m="45675" /><E132/><V85/><F85/><AGARI ba="0,2" hai="7,10,15,50,52,56,77,78,79,82,85" m="58407" machi="85" ten="30,2900,0" yaku="8,1,54,1" doraHai="121" who="0" fromWho="2" sc="250,49,250,0,240,-29,240,0" /><INIT seed="0,1,0,3,5,108" ten="299,250,211,240" oya="0" hai0="64,78,16,49,123,124,80,63,130,52,127,89,48" hai1="120,118,0,109,67,128,11,62,112,95,121,53,98" hai2="126,35,1,88,13,58,42,113,135,107,8,37,19" hai3="54,106,85,122,96,5,60,9,110,36,131,114,70"/><T4/><D123/><U23/><E118/><V33/><F126/><N who="0" m="48170" /><D4/><U38/><E109/><V41/><F135/><W132/><G36/><T32/><D32/><U59/><E38/><V74/><F74/><W79/><G110/><T43/><D130/><U87/><E128/><V15/><F107/><W40/><G40/><T10/><D43/><U111/><E111/><V45/><F1/><W101/><G131/><T93/><D49/><U17/><E87/><V91/><F42/><W97/><G97/><T24/><D64/><U68/><E11/><V66/><F35/><W119/><G119/><T73/><D63/><U133/><E0/><V83/><F33/><W99/><G99/><N who="0" m="57775" /><D24/><U22/><E133/><V81/><F66/><W25/><G25/><T103/><D103/><U115/><E68/><V76/><F58/><W29/><G122/><T51/><D52/><U46/><E46/><V92/><F15/><AGARI ba="1,0" hai="10,15,16,48,51,73,78,80" m="57775,48170" machi="15" ten="30,2900,0" yaku="18,1,54,1" doraHai="108" who="0" fromWho="2" sc="299,32,250,0,211,-32,240,0" /><INIT seed="0,2,0,5,4,31" ten="331,250,179,240" oya="0" hai0="131,16,27,107,82,78,92,32,122,83,106,6,59" hai1="0,63,88,125,3,28,2,89,130,38,100,18,50" hai2="123,134,94,77,54,85,30,71,101,115,24,70,99" hai3="135,45,34,104,105,108,81,75,109,96,29,114,80"/><T51/><D122/><U57/><E38/><V95/><F123/><W113/><G45/><T8/><D131/><U11/><E130/><V25/><F115/><W40/><G40/><T67/><D83/><N who="3" m="31817" /><G29/><T9/><D92/><U17/><E125/><V26/><F134/><W62/><G62/><T22/><D32/><U61/><E100/><V21/><F77/><W93/><G34/><T120/><D120/><U103/><E103/><V48/><F71/><W132/><G75/><T128/><D9/><U90/><E28/><V47/><REACH who="2" step="1"/><F70/><REACH who="2" ten="331,250,169,240" step="2"/><W19/><G114/><T35/><D128/><U74/><E74/><V7/><F7/><W4/><G4/><T116/><D116/><U79/><E79/><V121/><F121/><W129/><G113/><T23/><D23/><U64/><E11/><V133/><F133/><N who="3" m="51275" /><G129/><T98/><D35/><U37/><E37/><V15/><F15/><W69/><G69/><T33/><D33/><U119/><E119/><V58/><F58/><W117/><G117/><T42/><D6/><U66/><REACH who="1" step="1"/><E50/><REACH who="1" ten="331,240,169,240" step="2"/><V102/><F102/><N who="3" m="60687" /><G19/><T55/><D8/><U43/><E43/><V36/><F36/><W76/><G76/><T72/><D42/><U91/><N who="1" m="22528" /><DORA hai="5" /><U14/><E14/><V56/><F56/><AGARI ba="2,2" hai="0,2,3,17,18,56,57,61,63,64,66" m="22528" machi="56" ten="60,8000,1" yaku="1,1,9,1,54,1,53,2" doraHai="31,5" doraHaiUra="52,126" who="1" fromWho="2" sc="331,0,240,106,169,-86,240,0" /><INIT seed="1,0,0,0,4,28" ten="331,346,83,240" oya="1" hai0="97,86,92,73,16,59,34,26,96,126,133,10,6" hai1="3,22,39,31,106,20,32,70,58,89,129,108,76" hai2="57,122,91,45,85,9,82,121,4,77,74,87,55" hai3="49,95,21,62,83,117,11,5,101,132,123,61,17"/><U67/><E39/><V38/><F87/><W135/><G123/><T29/><D73/><U19/><E3/><V130/><F130/><W93/><G49/><T72/><D72/><U54/><E76/><V98/><F98/><N who="3" m="59599" /><G95/><T36/><D36/><U47/><E47/><V0/><F57/><W63/><G83/><T68/><D68/><U50/><E129/><V8/><F55/><W12/><G117/><T43/><D43/><U111/><E106/><V119/><F9/><W64/><G64/><T13/><D126/><U18/><E89/><V110/><F119/><W113/><G113/><T131/><D133/><N who="3" m="51273" /><G63/><T116/><D116/><U81/><E81/><V80/><REACH who="2" step="1"/><F110/><REACH who="2" ten="331,346,73,240" step="2"/><N who="1" m="42025" /><E70/><V56/><F56/><W84/><G84/><T35/><D131/><U88/><E67/><V33/><F33/><W118/><G118/><T104/><D35/><U125/><E125/><V53/><F53/><W24/><AGARI ba="0,1" hai="5,11,12,17,21,24,61,62" m="51273,59599" machi="24" ten="30,1100,0" yaku="20,1" doraHai="28" who="3" fromWho="3" sc="331,-3,346,-5,73,-3,240,21" /><INIT seed="2,0,0,5,5,91" ten="328,341,70,261" oya="2" hai0="51,63,127,11,2,0,22,23,79,16,126,118,35" hai1="68,64,99,69,120,124,116,135,62,36,28,55,73" hai2="84,112,9,50,60,96,19,70,97,27,129,113,108" hai3="122,65,71,12,111,39,49,102,128,90,77,34,38"/><V5/><F129/><W31/><G122/><T45/><D35/><U114/><E28/><V98/><F108/><W4/><G77/><T130/><D79/><U57/><E73/><V119/><F119/><W81/><G102/><T117/><D63/><U82/><E116/><N who="0" m="44649" /><D130/><U8/><E114/><V80/><F50/><W134/><G12/><N who="0" m="7199" /><D45/><U56/><E120/><V25/><F70/><W29/><G34/><T18/><D51/><U47/><E124/><N who="0" m="47657" /><D23/><U101/><E135/><V93/><F60/><W43/><G49/><T20/><D20/><U17/><E47/><V89/><F113/><W3/><G39/><T131/><D131/><U26/><E36/><V53/><F53/><W21/><G43/><T88/><D88/><U132/><E132/><V95/><F112/><W100/><G90/><T14/><AGARI ba="0,0" hai="0,2,14,18,22" m="47657,7199,44649" machi="14" ten="30,8000,1" yaku="12,1,18,1,34,2,54,1" doraHai="91" who="0" fromWho="0" sc="328,80,341,-20,70,-40,261,-20" /><INIT seed="3,0,0,0,1,54" ten="408,321,30,241" oya="3" hai0="57,17,21,127,124,32,14,100,116,86,94,44,39" hai1="95,101,114,129,104,105,10,109,108,123,49,122,88" hai2="22,31,89,20,6,26,60,12,19,61,66,92,48" hai3="93,34,55,111,50,82,103,47,56,87,119,41,43"/><W63/><G119/><T1/><D116/><U68/><E68/><V45/><F6/><W118/><G118/><T8/><D32/><U70/><E70/><V33/><F33/><W25/><G111/><N who="1" m="42570" /><E10/><V135/><F135/><W37/><G37/><T9/><D1/><U35/><E35/><V106/><F106/><N who="1" m="41065" /><E114/><V85/><REACH who="2" step="1"/><F66/><REACH who="2" ten="408,321,20,241" step="2"/><W40/><G34/><T24/><D127/><U97/><E129/><V28/><F28/><W4/><G4/><T7/><D124/><U29/><E29/><V13/><F13/><W74/><G25/><T73/><D7/><U64/><E64/><V75/><F75/><W42/><G74/><T23/><D14/><U120/><E49/><V62/><F62/><W131/><G131/><T81/><D24/><U11/><E11/><V53/><AGARI ba="0,1" hai="12,19,20,22,26,31,45,48,53,60,61,85,89,92" machi="53" ten="20,5200,0" yaku="1,1,0,1,7,1,8,1,53,0" doraHai="54" doraHaiUra="78" who="2" fromWho="2" sc="408,-13,321,-13,20,62,241,-26" /><INIT seed="4,0,0,3,1,40" ten="395,308,82,215" oya="0" hai0="79,127,50,70,124,41,29,77,133,0,101,94,122" hai1="97,19,113,74,102,121,46,44,59,123,135,45,42" hai2="37,73,9,39,63,66,62,11,21,114,51,109,107" hai3="80,64,126,18,128,54,88,3,61,13,132,14,5"/><T32/><D0/><U110/><E110/><V85/><F109/><W7/><G3/><T117/><D70/><U86/><E74/><V92/><F114/><W57/><G126/><N who="0" m="48171" /><D32/><U112/><E135/><V106/><F73/><W28/><G132/><T23/><D29/><U81/><E42/><V69/><F62/><W36/><G36/><T58/><D23/><U104/><E59/><V15/><F39/><W34/><G128/><T93/><D58/><U12/><E123/><V22/><F37/><W33/><G33/><T115/><D50/><U65/><E65/><V71/><F71/><W43/><G43/><T4/><D4/><U38/><E121/><V1/><F107/><W30/><G34/><T103/><D41/><U20/><REACH who="1" step="1"/><E38/><REACH who="1" ten="395,298,82,215" step="2"/><V35/><F66/><W76/><G64/><T91/><D122/><U6/><E6/><V49/><F69/><W60/><G5/><T53/><D133/><U48/><E48/><V78/><F51/><W31/><G61/><T108/><D108/><U100/><E100/><V125/><F49/><W82/><G7/><T89/><D53/><U105/><E105/><V55/><F106/><W67/><G67/><T111/><D111/><U8/><E8/><V56/><F11/><W118/><G54/><T99/><D117/><U130/><E130/><V75/><F125/><W16/><G118/><T87/><D115/><U131/><E131/><V98/><F1/><W120/><G120/><T10/><D10/><U26/><E26/><V68/><F68/><W27/><G57/><T83/><D103/><U96/><E96/><AGARI ba="0,1" hai="77,79,83,87,89,91,93,94,96,99,101" m="48171" machi="96" ten="30,5800,0" yaku="18,1,34,2" doraHai="40" who="0" fromWho="1" sc="395,68,298,-58,82,0,215,0" /><INIT seed="4,1,0,0,4,4" ten="463,240,82,215" oya="0" hai0="49,51,80,108,85,134,55,47,92,39,21,57,14" hai1="99,86,65,17,110,67,100,102,60,89,84,46,59" hai2="74,118,119,103,6,133,12,76,88,106,113,44,81" hai3="11,62,126,53,111,98,114,2,26,90,40,54,48"/><T104/><D104/><U18/><E110/><V124/><F113/><W56/><G111/><T129/><D134/><U66/><E46/><V122/><F122/><W96/><G114/><T77/><D129/><U91/><E99/><V128/><F133/><W121/><G121/><T28/><D39/><U70/><E70/><V78/><F128/><W36/><G126/><T127/><D127/><U34/><E34/><V42/><F124/><W29/><G40/><T43/><D108/><U41/><E41/><V45/><F78/><W63/><G36/><T73/><D73/><U95/><E102/><V97/><F45/><W105/><G105/><T101/><D28/><U123/><E100/><V112/><F112/><W71/><G71/><T25/><D14/><U16/><REACH who="1" step="1"/><E123/><REACH who="1" ten="463,230,82,215" step="2"/><V52/><F42/><W37/><G98/><T27/><D101/><U31/><E31/><V10/><REACH who="2" step="1"/><F88/><REACH who="2" ten="463,230,72,215" step="2"/><W3/><G90/><T117/><D47/><U120/><E120/><V20/><F20/><W83/><G37/><T87/><D21/><U13/><E13/><V107/><F107/><W130/><G130/><T35/><D43/><U72/><E72/><V15/><F15/><W109/><G109/><T30/><D77/><U5/><E5/><V69/><F69/><W82/><G2/><T38/><D38/><U131/><E131/><V50/><AGARI ba="1,2" hai="6,10,12,44,50,52,74,76,81,97,103,106,118,119" machi="50" ten="30,7900,0" yaku="1,1,0,1,52,1,54,1,53,0" doraHai="4" doraHaiUra="19" who="2" fromWho="2" sc="463,-40,230,-21,72,102,215,-21" /><INIT seed="5,0,0,0,3,83" ten="423,209,174,194" oya="1" hai0="57,24,66,16,40,96,34,75,85,25,23,80,91" hai1="110,126,21,131,116,99,84,95,70,87,77,51,121" hai2="108,102,54,10,104,11,93,17,42,105,86,73,50" hai3="29,101,7,81,107,62,28,100,72,6,30,56,103"/><U18/><E121/><V41/><F108/><W9/><G107/><T49/><D75/><U98/><E116/><V119/><F73/><W59/><G72/><T0/><D0/><U19/><E70/><V20/><F119/><W120/><G120/><T97/><D34/><U65/><E110/><V35/><F35/><W15/><G81/><T8/><D8/><N who="2" m="3114" /><F105/><W112/><G112/><T27/><D40/><U44/><E126/><V92/><F104/><W94/><G94/><N who="2" m="36457" /><F102/><W88/><G88/><T12/><D49/><U90/><E131/><V79/><F79/><W125/><G125/><T53/><D53/><N who="1" m="29927" /><E65/><V45/><F86/><N who="1" m="32809" /><E77/><V31/><F31/><W67/><REACH who="3" step="1"/><G6/><REACH who="3" ten="423,209,174,184" step="2"/><T61/><AGARI ba="0,1" hai="12,16,23,24,25,27,57,61,66,80,85,91,96,97" machi="61" ten="30,7900,0" yaku="0,1,8,1,52,1,54,1" doraHai="83" who="0" fromWho="0" sc="423,89,209,-39,174,-20,184,-20" /><INIT seed="6,0,0,4,2,67" ten="512,170,154,164" oya="2" hai0="0,74,110,11,107,109,116,19,72,38,83,71,87" hai1="92,85,81,3,37,47,53,50,69,52,123,49,43" hai2="114,82,29,130,10,127,4,70,21,105,20,96,42" hai3="122,5,124,79,41,25,112,91,73,44,6,63,46"/><V56/><F114/><W13/><G122/><T104/><D38/><U119/><E119/><V24/><F127/><W31/><G124/><T129/><D71/><U101/><E3/><V22/><F130/><W61/><G112/><T7/><D129/><U103/><E69/><V98/><F70/><W40/><G91/><T59/><D59/><N who="1" m="33167" /><E37/><V76/><F42/><W58/><G79/><T57/><D57/><N who="1" m="32951" /><E123/><V23/><F56/><W65/><G73/><T102/><D107/><U99/><E101/><V97/><F105/><W108/><G108/><T118/><D87/><U133/><E133/><V15/><REACH who="2" step="1"/><F98/><REACH who="2" ten="512,170,144,164" step="2"/><W132/><G58/><T131/><D131/><U88/><E47/><V64/><F64/><W113/><G65/><T48/><D104/><U78/><E43/><V14/><F14/><W86/><G13/><T30/><D110/><U68/><E68/><V84/><AGARI ba="0,1" hai="4,10,15,20,21,22,23,24,29,76,82,84,96,97" machi="84" ten="30,6000,0" yaku="1,1,0,1,8,1,53,0" doraHai="67" doraHaiUra="106" who="2" fromWho="2" sc="512,-20,170,-20,144,70,164,-20" /><INIT seed="6,1,0,1,2,24" ten="492,150,214,144" oya="2" hai0="49,33,69,103,126,85,42,118,54,6,61,78,47" hai1="120,94,128,112,57,79,20,98,64,34,51,5,72" hai2="75,3,135,125,129,132,131,96,12,36,80,119,15" hai3="104,117,101,10,52,14,108,88,107,92,53,87,116"/><V82/><F36/><W95/><G108/><T9/><D33/><U40/><E34/><V102/><F3/><W65/><G65/><T90/><D126/><U134/><E112/><V1/><F1/><W130/><G130/><N who="2" m="49673" /><F119/><W71/><G71/><T16/><D118/><U105/><E128/><V81/><F15/><W133/><G133/><N who="2" m="51273" /><F12/><W66/><G66/><T28/><D69/><U76/><E134/><V8/><F8/><W99/><G117/><T18/><D9/><U31/><E5/><V113/><F113/><W68/><G68/><T43/><D18/><U46/><E120/><V106/><F125/><W109/><G109/><T29/><D6/><U45/><E105/><V83/><F83/><W38/><G38/><T124/><D124/><U97/><E72/><AGARI ba="1,0" hai="72,75,80,81,82,96,102,106" m="51273,49673" machi="72" ten="40,12000,1" yaku="19,1,20,1,34,2" doraHai="24" who="2" fromWho="1" sc="492,0,150,-123,214,123,144,0" /><INIT seed="6,2,0,5,0,133" ten="492,27,337,144" oya="2" hai0="23,97,117,73,30,122,31,78,85,92,128,106,6" hai1="14,7,37,26,111,64,74,12,60,98,49,86,132" hai2="89,39,112,77,32,42,63,25,123,10,109,120,53" hai3="115,20,22,134,0,67,43,118,17,56,36,75,65"/><V28/><F112/><W15/><G118/><T83/><D122/><U3/><E111/><V87/><F109/><W38/><G75/><T24/><D128/><U121/><E121/><V129/><F129/><W104/><G104/><T34/><D117/><U41/><E132/><V131/><F131/><W84/><G134/><T57/><D6/><U27/><E74/><V103/><F77/><W55/><G0/><T101/><D57/><U93/><E37/><V94/><F103/><W52/><G115/><T100/><D100/><U44/><E86/><V96/><F10/><W135/><G135/><T58/><D58/><U124/><E3/><V18/><F18/><W48/><G38/><T21/><D31/><U72/><E72/><V68/><F96/><W46/><G55/><T8/><D8/><U54/><E41/><V11/><F11/><W114/><G114/><T47/><D47/><U79/><E79/><V4/><F4/><W50/><G36/><T19/><D19/><U91/><E7/><V51/><F42/><W81/><G22/><T70/><D70/><U126/><E26/><V99/><F99/><W62/><G50/><T82/><D106/><U90/><E90/><AGARI ba="2,0" hai="15,17,20,43,46,48,52,56,62,65,67,81,84,90" machi="90" ten="30,3900,0" yaku="7,1,8,1,54,1" doraHai="133" who="3" fromWho="1" sc="492,0,27,-45,337,0,144,45" /><AGARI ba="2,0" hai="21,23,24,30,34,73,78,82,83,85,90,92,97,101" machi="90" ten="30,1000,0" yaku="7,1" doraHai="133" who="0" fromWho="1" sc="492,10,-18,-10,337,0,189,0" owari="502,60.2,-28,-52.8,337,13.7,189,-21.1" /></mjloggm>