<mjloggm ver="2.3"><GO type="169" lobby="0"/><UN n0="%E7%B4%94%E6%BD%94%E3%83%94%E3%83%A9%E3%83%8B%E3%82%A2" n1="%E8%B5%A4%E7%BE%8E%E6%BF%83%E3%81%BE%E3%81%90%E3%82%8D" n2="%4D%73%75%7A%75%74%6F" n3="%E4%BF%8A%E6%96%87%E9%BE%8D" dan="16,17,16,16" rate="2197.45,2197.22,2180.64,2124.26" sx="M,M,M,M"/><TAIKYOKU oya="0"/><INIT seed="0,0,0,4,1,122" ten="250,250,250,250" oya="0" hai0="63,127,124,106,4,57,25,21,73,116,101,59,61" hai1="78,71,36,40,109,68,84,123,29,18,23,9,110" hai2="60,22,0,131,16,17,20,14,115,2,133,49,70" hai3="96,62,92,65,13,26,100,48,11,129,19,15,27"/><T41/><D73/><U94/><E123/><V47/><F131/><W102/><G129/><T95/><D106/><U33/><E33/><V91/><F133/><W89/><G48/><T105/><D105/><U93/><E29/><V90/><F115/><W112/><G112/><T52/><D116/><U69/><E9/><V31/><F31/><W51/><G51/><T10/><D41/><U54/><E54/><V74/><F74/><W64/><G64/><T77/><D77/><U113/><E113/><V24/><F70/><W34/><G34/><T66/><D101/><U28/><E28/><V88/><REACH who="2" step="1"/><F60/><REACH who="2" ten="250,250,240,250" step="2"/><W46/><G46/><T53/><D66/><U8/><E8/><V37/><F37/><W81/><G62/><T79/><D79/><U114/><E114/><V83/><F83/><W12/><G65/><T42/><D42/><AGARI ba="0,1" hai="0,2,14,16,17,20,22,24,42,47,49,88,90,91" machi="42" ten="40,5200,0" yaku="1,1,54,2,53,0" doraHai="122" doraHaiUra="132" who="2" fromWho="0" sc="250,-52,250,0,240,62,250,0" /><INIT seed="1,0,0,1,0,134" ten="198,250,302,250" oya="1" hai0="98,60,46,68,79,115,126,78,92,50,55,107,87" hai1="62,12,53,44,11,64,54,129,100,76,102,40,18" hai2="133,82,121,127,57,66,22,3,99,81,104,52,106" hai3="72,16,59,109,95,4,88,58,33,112,89,101,49"/><U69/><E129/><V2/><F121/><W15/><G33/><T110/><D115/><U83/><E54/><V63/><F133/><W0/><G0/><T75/><D110/><U39/><REACH who="1" step="1"/><E53/><REACH who="1" ten="198,240,302,250" step="2"/><V116/><F116/><W135/><G109/><T85/><D55/><U41/><E41/><V94/><F66/><W123/><G135/><T34/><D46/><U35/><E35/><V42/><F42/><W120/><G120/><T108/><D34/><U28/><E28/><V61/><F52/><W37/><G123/><T27/><D108/><U43/><E43/><V20/><F57/><W111/><G111/><T105/><D68/><U14/><E14/><V117/><F117/><W21/><G59/><T1/><D1/><U70/><E70/><V26/><F26/><W71/><G71/><T32/><D32/><U74/><AGARI ba="0,1" hai="11,12,18,39,40,44,62,64,69,74,76,83,100,102" machi="74" ten="20,7800,0" yaku="1,1,0,1,7,1,53,1" doraHai="134" doraHaiUra="38" who="1" fromWho="1" sc="198,-26,240,88,302,-26,250,-26" /><INIT seed="1,1,0,3,4,79" ten="172,328,276,224" oya="1" hai0="85,6,44,126,37,14,10,75,128,73,34,88,112" hai1="76,53,87,29,5,82,99,1,46,25,57,91,77" hai2="98,118,120,17,18,106,90,81,39,122,131,94,74" hai3="51,117,31,105,101,54,108,71,11,0,23,49,21"/><U24/><E46/><V83/><F39/><W86/><G117/><T7/><D112/><U15/><E1/><V68/><F68/><W43/><G71/><T78/><D126/><U13/><E24/><V80/><F118/><W65/><G65/><T135/><D128/><U96/><E77/><V16/><F131/><W66/><G66/><T32/><D135/><U22/><E5/><V48/><F74/><W50/><G43/><T9/><D44/><U92/><REACH who="1" step="1"/><E96/><REACH who="1" ten="172,318,276,224" step="2"/><V133/><F133/><W28/><G0/><T109/><D37/><U2/><E2/><V134/><F134/><W95/><G31/><T45/><D45/><U107/><E107/><V110/><F106/><W115/><G28/><T123/><D123/><U56/><E56/><V8/><F110/><W111/><G105/><T97/><D109/><U30/><E30/><V125/><F125/><W114/><G108/><T3/><D97/><U104/><E104/><V59/><REACH who="2" step="1"/><F8/><REACH who="2" ten="172,318,266,224" step="2"/><W124/><G11/><T4/><D4/><U70/><E70/><V69/><F69/><W67/><G124/><T121/><D121/><U119/><E119/><V55/><AGARI ba="1,2" hai="16,17,18,48,55,59,80,81,83,90,94,98,120,122" machi="55" ten="40,12000,2" yaku="1,1,0,1,52,3,54,1,53,0" doraHai="79" doraHaiUra="113" who="2" fromWho="2" sc="172,-31,318,-61,266,143,224,-31" /><INIT seed="2,0,0,3,1,44" ten="141,257,409,193" oya="2" hai0="74,94,122,97,59,106,22,28,25,45,130,54,114" hai1="20,83,53,6,33,12,46,117,24,116,127,56,34" hai2="39,29,4,9,51,17,103,36,73,50,49,107,52" hai3="98,109,91,79,66,88,41,105,95,84,2,128,63"/><V68/><F73/><W99/><G2/><T13/><D130/><U125/><E46/><V92/><F68/><W32/><G32/><T102/><D114/><U35/><E83/><V58/><F107/><W19/><G128/><T131/><D131/><U55/><E55/><V40/><F36/><W120/><G120/><T57/><D122/><U16/><E56/><V110/><F39/><W133/><G133/><T104/><D74/><U23/><E53/><V89/><F110/><W5/><G5/><T62/><D45/><U65/><E65/><V86/><F103/><W15/><G109/><T48/><REACH who="0" step="1"/><D13/><REACH who="0" ten="131,257,409,193" step="2"/><U18/><REACH who="1" step="1"/><E6/><REACH who="1" ten="131,247,409,193" step="2"/><V121/><F121/><W42/><G42/><T90/><D90/><U108/><E108/><V76/><F40/><W0/><G41/><T77/><D77/><U119/><AGARI ba="0,2" hai="12,16,18,20,23,24,33,34,35,116,117,119,125,127" machi="119" ten="40,12000,2" yaku="1,1,0,1,34,3,54,1,53,0" doraHai="44" doraHaiUra="69" who="1" fromWho="1" sc="131,-30,247,140,409,-60,193,-30" /><INIT seed="3,0,0,2,5,106" ten="101,387,349,163" oya="3" hai0="41,47,50,0,128,65,105,66,88,125,18,25,15" hai1="129,75,51,93,103,16,12,98,26,62,23,112,6" hai2="115,123,107,40,14,31,101,100,10,52,113,127,60" hai3="49,79,4,102,13,54,9,73,120,116,55,8,132"/><W124/><G120/><T19/><D128/><U24/><E112/><V87/><F127/><W94/><G116/><T81/><D125/><U119/><E119/><V27/><F123/><W133/><G124/><T76/><D105/><U58/><E129/><V38/><F38/><W11/><G94/><T35/><D0/><U91/><E75/><V30/><F40/><W86/><G86/><T104/><D104/><U2/><E51/><V95/><F107/><W89/><G89/><T92/><D35/><U82/><E2/><V110/><F110/><W20/><G102/><T32/><D32/><U59/><E6/><V56/><F115/><W5/><G20/><T71/><D25/><U22/><E12/><V37/><F37/><W42/><G42/><T97/><D71/><U84/><REACH who="1" step="1"/><E62/><REACH who="1" ten="101,377,349,163" step="2"/><V44/><F113/><W48/><G49/><T53/><D41/><U83/><E83/><V39/><F39/><W7/><G13/><T34/><D34/><U90/><E90/><N who="2" m="53727" /><F44/><W85/><G48/><T117/><D117/><U114/><E114/><V33/><F33/><W78/><G73/><T57/><D47/><U109/><E109/><V96/><F27/><W135/><G85/><T80/><D80/><U126/><E126/><V61/><F61/><W64/><G64/><T131/><D131/><U108/><E108/><V70/><F70/><W1/><G1/><T118/><D118/><U21/><E21/><V68/><F68/><W28/><G28/><AGARI ba="0,1" hai="16,22,23,24,26,28,58,59,82,84,91,93,98,103" machi="28" ten="30,7700,0" yaku="1,1,7,1,8,1,54,1,53,0" doraHai="106" doraHaiUra="69" who="1" fromWho="3" sc="101,0,377,87,349,0,163,-77" /><INIT seed="4,0,0,5,3,63" ten="101,464,349,86" oya="0" hai0="30,12,40,38,113,81,87,72,48,94,39,68,13" hai1="100,84,35,31,134,105,74,4,49,6,2,128,131" hai2="93,60,23,107,22,57,7,70,101,33,129,117,51" hai3="27,124,99,34,114,79,122,95,115,32,44,9,47"/><T28/><D68/><U127/><E74/><V56/><F33/><W54/><G122/><T64/><D113/><N who="3" m="43017" /><G79/><T59/><D72/><U8/><E6/><V62/><F129/><W20/><G124/><T18/><D94/><U116/><E116/><V50/><F117/><W89/><G9/><T130/><D130/><U118/><E118/><V58/><F107/><W106/><G106/><T103/><D103/><U29/><E29/><V76/><F76/><W10/><G10/><T86/><D38/><U43/><E84/><V75/><F75/><W126/><G126/><T16/><D39/><U90/><E90/><V110/><F110/><W132/><G132/><T82/><D40/><U42/><E134/><V98/><F7/><W15/><G15/><T3/><D3/><U14/><E14/><V19/><F70/><W85/><G85/><T41/><D41/><U135/><E43/><V37/><F37/><W45/><G54/><T73/><D73/><U55/><E42/><V17/><F50/><W104/><G104/><T69/><D48/><U123/><E49/><V65/><F51/><W88/><G89/><T52/><D52/><U112/><E55/><N who="2" m="33823" /><F58/><W92/><G95/><T71/><D59/><U97/><E112/><V102/><F102/><W120/><G120/><T25/><D25/><N who="1" m="18927" /><E123/><V111/><F111/><W21/><G21/><AGARI ba="0,0" hai="17,19,21,22,23,57,62,65,93,98,101" m="33823" machi="21" ten="30,2000,0" yaku="8,1,52,1" doraHai="63" who="2" fromWho="3" sc="101,0,464,0,349,20,86,-20" /><INIT seed="5,0,0,4,1,59" ten="101,464,369,66" oya="1" hai0="14,55,123,91,117,83,15,109,31,42,132,90,40" hai1="4,21,82,111,80,128,43,104,17,69,49,131,48" hai2="37,100,127,70,116,125,84,52,58,103,32,75,106" hai3="24,94,26,11,3,121,113,65,7,36,62,99,107"/><U45/><E104/><V124/><F75/><W74/><G74/><T110/><D31/><U9/><E69/><V56/><F32/><W89/><G121/><T135/><D55/><U76/><E49/><V47/><F70/><W130/><G130/><T8/><D8/><U102/><E102/><V87/><F116/><W86/><G113/><T73/><D73/><U93/><E93/><V38/><F106/><W27/><G36/><T51/><D51/><U77/><E111/><V81/><F87/><W134/><G134/><T54/><D54/><U60/><E77/><V16/><F58/><W50/><G50/><T98/><D98/><U105/><E105/><V68/><F68/><W108/><G108/><T2/><D2/><U13/><E60/><N who="2" m="35847" /><F16/><W18/><G18/><T66/><D66/><U33/><E33/><V79/><F47/><W72/><G72/><T34/><D34/><U53/><E53/><V112/><F112/><W71/><G107/><T92/><D123/><U35/><E35/><V120/><F120/><W126/><REACH who="3" step="1"/><G86/><REACH who="3" ten="101,464,369,56" step="2"/><T25/><D117/><U133/><E133/><V39/><AGARI ba="0,1" hai="37,38,39,79,81,84,100,103,124,125,127" m="35847" machi="39" ten="40,5200,0" yaku="18,1,52,1,54,1" doraHai="59" who="2" fromWho="2" sc="101,-13,464,-26,369,62,56,-13" /><INIT seed="6,0,0,2,0,11" ten="88,438,431,43" oya="2" hai0="77,96,134,106,95,25,60,50,29,56,113,42,27" hai1="15,119,5,93,86,3,21,125,7,14,2,59,88" hai2="39,101,133,6,34,46,94,123,75,117,31,43,53" hai3="76,51,124,105,38,48,10,45,122,54,23,47,30"/><V111/><F117/><W84/><G105/><T8/><D113/><U37/><E37/><V71/><F123/><W26/><G124/><T44/><D134/><U55/><E119/><V127/><F71/><W104/><G122/><T90/><D106/><U118/><E118/><V99/><F75/><W73/><G104/><T80/><D8/><U17/><E125/><V116/><F116/><W120/><G120/><T41/><D42/><U1/><REACH who="1" step="1"/><E14/><REACH who="1" ten="88,428,431,43" step="2"/><V74/><F127/><W18/><G38/><T103/><D25/><U35/><E35/><V19/><F133/><W20/><G73/><T128/><D27/><U85/><E85/><V97/><F74/><W66/><G10/><T112/><D112/><U49/><AGARI ba="0,1" hai="1,2,3,5,7,15,17,21,49,55,59,86,88,93" machi="49" ten="30,12000,2" yaku="1,1,0,1,25,2,52,1,54,1,53,0" doraHai="11" doraHaiUra="69" who="1" fromWho="1" sc="88,-30,428,130,431,-60,43,-30" /><INIT seed="7,0,0,1,5,35" ten="58,558,371,13" oya="3" hai0="22,75,52,118,38,60,107,25,15,41,61,14,99" hai1="88,0,117,121,47,77,76,9,43,72,63,81,96" hai2="110,66,26,8,40,59,86,13,21,28,34,113,6" hai3="79,83,120,89,130,54,10,80,87,37,58,27,78"/><W31/><G120/><T114/><D75/><U49/><E121/><V108/><F113/><W2/><G130/><T68/><D118/><U12/><E77/><V102/><F40/><W50/><G37/><T119/><D119/><U46/><E0/><V17/><F102/><W91/><G2/><T23/><D114/><U127/><E117/><V103/><F103/><W7/><G27/><T55/><D68/><U84/><E127/><V129/><F129/><W106/><G106/><T44/><D107/><U71/><E71/><V64/><F86/><W100/><G31/><T24/><D99/><U39/><E63/><V124/><F124/><W133/><G100/><T104/><D104/><U115/><E115/><V5/><F5/><W82/><G133/><T65/><D65/><U132/><E96/><V29/><F29/><W126/><G126/><T32/><D32/><U135/><E72/><V48/><F48/><W128/><G128/><T122/><D122/><U53/><REACH who="1" step="1"/><E76/><REACH who="1" ten="58,548,371,13" step="2"/><V125/><F125/><W42/><G42/><T36/><D41/><U123/><E123/><V111/><REACH who="2" step="1"/><F59/><REACH who="2" ten="58,548,361,13" step="2"/><W16/><G79/><T51/><D38/><U57/><E57/><V97/><F97/><W18/><G78/><T33/><D36/><U69/><E69/><V70/><F70/><W93/><REACH who="3" step="1"/><G89/><REACH who="3" ten="58,548,361,3" step="2"/><T67/><D25/><AGARI ba="0,3" hai="6,8,13,17,21,25,26,28,34,64,66,108,110,111" machi="25" ten="40,1300,0" yaku="1,1,53,0" doraHai="35" doraHaiUra="73" who="2" fromWho="0" sc="58,-13,548,0,361,43,3,0" owari="45,-35.5,548,64.8,404,20.4,3,-49.7" /></mjloggm>