<mjloggm ver="2.3"><GO type="225" lobby="0"/><UN n0="%E4%BF%BA%E3%81%A8%E5%A6%96%E5%A4%A2" n1="%E3%83%A9%E3%83%BC%E3%83%A1%E3%83%B3%E4%BA%94%E9%83%8E" n2="%E8%B5%A4%E3%81%84%E8%9B%99%31%31" n3="%E3%83%96%E3%83%83%E3%83%91%E3%82%AA%E3%83%96%E3%83%81%E3%82%AD%E3%83%B3" dan="16,16,16,16" rate="2116.87,2063.69,2057.55,2134.97" sx="F,M,M,M"/><TAIKYOKU oya="0"/><INIT seed="0,0,0,3,3,56" ten="250,250,250,250" oya="0" hai0="66,117,10,125,57,35,36,90,80,19,96,28,53" hai1="43,128,83,130,75,82,16,70,113,42,2,97,68" hai2="14,3,84,49,22,89,88,61,131,79,17,123,6" hai3="38,85,46,115,62,106,18,20,92,95,73,47,51"/><T124/><D117/><U127/><E2/><V40/><F123/><W44/><G115/><T87/><D36/><U30/><E30/><V11/><F131/><N who="1" m="50217" /><E113/><V122/><F122/><W0/><G73/><T55/><D28/><U86/><E75/><V39/><F39/><W100/><G0/><T93/><D35/><U103/><E127/><N who="0" m="48713" /><D10/><U116/><E116/><V69/><F79/><W26/><G38/><T121/><D121/><U104/><E16/><V9/><F22/><W76/><G106/><T77/><D19/><U50/><E82/><V111/><F111/><W94/><G100/><T27/><D27/><U109/><E109/><V45/><REACH who="2" step="1"/><F84/><REACH who="2" ten="250,250,240,250" step="2"/><W63/><REACH who="3" step="1"/><G51/><REACH who="3" ten="250,250,240,240" step="2"/><T133/><D133/><U52/><E50/><V132/><F132/><W120/><G120/><T41/><D41/><U72/><E42/><V37/><F37/><W48/><G48/><T13/><D13/><U59/><E43/><V135/><F135/><W78/><G78/><T64/><D77/><N who="1" m="46447" /><E72/><V71/><F71/><W29/><G29/><T114/><D114/><U119/><E119/><V99/><F99/><W5/><G5/><T105/><D96/><U74/><E74/><V98/><F98/><W108/><G108/><T12/><D12/><U134/><E134/><V60/><F60/><W67/><G67/><AGARI ba="0,2" hai="3,6,9,11,14,17,40,45,49,61,67,69,88,89" machi="67" ten="40,8000,1" yaku="1,1,52,1,54,1,53,1" doraHai="56" doraHaiUra="8" who="2" fromWho="3" sc="250,0,250,0,240,100,240,-80" /><INIT seed="1,0,0,1,1,64" ten="250,250,340,160" oya="1" hai0="106,10,84,111,49,120,133,6,91,72,0,2,101" hai1="73,13,98,62,11,89,88,9,43,26,57,24,69" hai2="80,121,8,15,82,59,66,22,17,131,70,45,115" hai3="34,67,61,39,41,90,18,35,37,109,104,108,4"/><U110/><E73/><V56/><F121/><W116/><G104/><T63/><D72/><U12/><E43/><V27/><F131/><W76/><G4/><T134/><D120/><U16/><E69/><V51/><F115/><W42/><G76/><T46/><D111/><N who="3" m="42569" /><G90/><N who="1" m="34922" /><E98/><V135/><F135/><N who="0" m="51722" /><D63/><U114/><E114/><V123/><F123/><W105/><G105/><T130/><D130/><U52/><E110/><V47/><F70/><N who="3" m="42351" /><G18/><AGARI ba="0,0" hai="9,11,12,13,16,18,24,26,52,57,62" m="34922" machi="18" ten="30,11600,0" yaku="8,1,54,3" doraHai="64" who="1" fromWho="3" sc="250,0,250,116,340,0,160,-116" /><INIT seed="1,1,0,3,0,10" ten="250,366,340,44" oya="1" hai0="58,52,8,44,86,123,33,12,116,99,100,2,119" hai1="9,89,118,64,78,24,106,72,126,35,84,16,39" hai2="76,14,46,5,129,113,132,82,32,68,1,92,115" hai3="110,54,53,90,112,61,27,57,67,4,40,102,81"/><U79/><E118/><V101/><F68/><W130/><G112/><N who="2" m="43081" /><F32/><W134/><G110/><T122/><D2/><U125/><E39/><V91/><F101/><W0/><G130/><T56/><D33/><U45/><E106/><V87/><F132/><W21/><G134/><T25/><D25/><U135/><E135/><V48/><F1/><W96/><G40/><T103/><D86/><U65/><E72/><V74/><F129/><W73/><G0/><T83/><D83/><U94/><E45/><V42/><F5/><W37/><G4/><N who="0" m="3079" /><D44/><U95/><E95/><V41/><F14/><W114/><G37/><T31/><D31/><N who="1" m="19943" /><E78/><V93/><F93/><N who="3" m="58639" /><G114/><T30/><D30/><U43/><E79/><V6/><F6/><W15/><G15/><T51/><D58/><U19/><E43/><AGARI ba="1,0" hai="41,42,43,46,48,74,76,82,87,91,92" m="43081" machi="43" ten="30,1000,0" yaku="11,1" doraHai="10" who="2" fromWho="1" sc="250,0,366,-13,340,13,44,0" /><INIT seed="2,0,0,3,4,82" ten="250,353,353,44" oya="2" hai0="50,86,75,131,120,44,6,89,12,128,28,11,10" hai1="5,121,109,60,79,67,16,101,35,36,124,135,32" hai2="106,54,130,81,84,111,90,59,83,95,41,108,99" hai3="9,134,66,100,118,55,1,61,113,63,47,88,70"/><V119/><F119/><W56/><G118/><T51/><D120/><U104/><E121/><V2/><F2/><W85/><G134/><T18/><D75/><U22/><E36/><V4/><F4/><W40/><G113/><T38/><D28/><U115/><E115/><V112/><F112/><W103/><G9/><T116/><D38/><U33/><E135/><V93/><F41/><W114/><G1/><T13/><D116/><U94/><E104/><V26/><F26/><W31/><G31/><T102/><D102/><U19/><E109/><N who="2" m="42059" /><F130/><N who="0" m="49706" /><D44/><U117/><E117/><V91/><F106/><W30/><G30/><T65/><D65/><U110/><E110/><V97/><F97/><W73/><G73/><T77/><D77/><U127/><E5/><V122/><F122/><W57/><G70/><T123/><D123/><U52/><E79/><V78/><F78/><W74/><G74/><T25/><D25/><U39/><E39/><V17/><F17/><W23/><G114/><T43/><D43/><U3/><E3/><V64/><F64/><W96/><G96/><T45/><D45/><U92/><E19/><V87/><F99/><W125/><G125/><N who="1" m="48202" /><E67/><V68/><F68/><W53/><G66/><T14/><D14/><N who="1" m="9495" /><E101/><V129/><F129/><W27/><G27/><T72/><D72/><U62/><E52/><V58/><F54/><W80/><REACH who="3" step="1"/><G23/><REACH who="3" ten="250,353,353,34" step="2"/><T20/><D20/><U0/><E0/><V76/><F76/><W107/><G107/><T21/><D21/><U69/><E69/><V24/><F24/><W126/><G126/><T15/><D15/><U8/><E8/><RYUUKYOKU ba="0,1" sc="250,0,353,0,353,0,34,0" hai0="6,10,11,12,13,18,50,51,86,89" hai1="32,33,35,60,62,92,94" hai2="58,59,81,83,84,87,90,91,93,95" hai3="40,47,53,55,56,57,61,63,80,85,88,100,103" /><INIT seed="2,1,1,4,2,100" ten="250,353,353,34" oya="2" hai0="94,69,56,29,7,13,123,71,47,59,25,40,83" hai1="106,58,105,70,6,85,77,68,16,112,118,1,55" hai2="89,127,120,86,101,95,23,115,21,33,133,63,108" hai3="128,90,27,79,81,12,34,9,116,134,0,78,32"/><V15/><F33/><W22/><G116/><T73/><D123/><U50/><E112/><V92/><F115/><W103/><G0/><T93/><D71/><U31/><E118/><V35/><F35/><W11/><G134/><T43/><D69/><U67/><E31/><V44/><F120/><W41/><G103/><T129/><D129/><U99/><E99/><V48/><F133/><W98/><G128/><T42/><D47/><U117/><E117/><V18/><F127/><W38/><G38/><T135/><D73/><U96/><E96/><N who="2" m="59527" /><F108/><W114/><G114/><T19/><D7/><U46/><E70/><V104/><F104/><W88/><G41/><T8/><D83/><U52/><E68/><V82/><F63/><W66/><G66/><T125/><D125/><U30/><E67/><V62/><F62/><W91/><G98/><T113/><D135/><U65/><E65/><V2/><F2/><W20/><G79/><T126/><D126/><U124/><E124/><V60/><F60/><W45/><G45/><T53/><D113/><U54/><E1/><V57/><F57/><N who="0" m="22090" /><D53/><U97/><E55/><N who="2" m="30087" /><F82/><W84/><G32/><T102/><D102/><U109/><E109/><V131/><F131/><W119/><G119/><T107/><D107/><U110/><E110/><V130/><F130/><W24/><G34/><T61/><D61/><U51/><E106/><V39/><F39/><W4/><REACH who="3" step="1"/><G11/><AGARI ba="1,1" hai="11,15,18,21,23,86,89,95" m="30087,59527" machi="11" ten="30,1500,0" yaku="8,1" doraHai="100" who="2" fromWho="3" sc="250,0,353,0,353,28,34,-18" /><INIT seed="2,2,0,2,1,23" ten="250,353,381,16" oya="2" hai0="116,101,117,9,44,79,5,60,126,48,103,92,98" hai1="51,2,80,95,28,123,53,102,128,115,17,94,111" hai2="105,13,87,32,11,89,42,56,124,50,35,12,54" hai3="119,64,129,29,112,36,14,134,84,0,47,133,40"/><V82/><F105/><W91/><G119/><N who="0" m="45643" /><D126/><U38/><E115/><V78/><F124/><W104/><G0/><N who="0" m="167" /><D79/><U25/><E2/><V70/><F70/><W108/><G104/><T122/><D122/><U114/><E114/><V59/><F42/><W132/><G112/><T41/><D60/><U86/><E123/><V110/><F110/><W62/><G108/><T65/><D65/><U18/><E111/><V97/><F59/><W63/><G129/><T77/><D77/><U6/><E38/><V96/><F12/><W109/><G109/><T72/><D72/><U66/><E66/><V19/><REACH who="2" step="1"/><F78/><REACH who="2" ten="250,353,371,16" step="2"/><W57/><G14/><T45/><D45/><U100/><E128/><V52/><F52/><W7/><G7/><T58/><D58/><U76/><E6/><V120/><F120/><W61/><REACH who="3" step="1"/><G29/><REACH who="3" ten="250,353,371,6" step="2"/><T33/><D33/><AGARI ba="2,2" hai="11,13,19,32,33,35,50,54,56,82,87,89,96,97" machi="33" ten="40,2000,0" yaku="1,1,53,0" doraHai="23" doraHaiUra="26" who="2" fromWho="0" sc="250,-26,353,0,371,46,6,0" /><INIT seed="2,3,0,1,4,38" ten="224,353,417,6" oya="2" hai0="26,34,64,133,79,66,33,12,113,50,134,88,23" hai1="55,98,103,65,56,51,102,7,0,95,4,73,13" hai2="80,110,32,1,124,11,86,15,100,129,27,36,16" hai3="108,46,58,60,49,90,47,57,94,97,104,19,28"/><V127/><F36/><W74/><G74/><T109/><D113/><U125/><E125/><N who="2" m="48203" /><F129/><W41/><G108/><T2/><D2/><U21/><E73/><V53/><F110/><W77/><G104/><T135/><D109/><U96/><E0/><V30/><F100/><W118/><G118/><T61/><D79/><U45/><E65/><V31/><F1/><W116/><G116/><T14/><D50/><U101/><E56/><V115/><F115/><W52/><G77/><T48/><D48/><U93/><REACH who="1" step="1"/><E102/><REACH who="1" ten="224,343,417,6" step="2"/><V68/><F68/><W75/><G75/><T42/><D66/><U87/><E87/><V39/><F39/><W99/><G28/><T128/><D128/><U121/><E121/><V132/><F132/><W117/><G117/><T6/><D133/><U72/><E72/><V63/><F30/><W44/><G99/><T83/><D135/><U10/><E10/><V25/><F31/><W22/><G58/><T40/><D134/><U119/><E119/><V67/><F32/><W20/><G20/><T62/><D64/><U71/><E71/><N who="2" m="42495" /><F53/><W8/><G8/><N who="0" m="4119" /><D34/><U91/><E91/><AGARI ba="3,1" hai="11,15,16,25,27,80,86,91" m="42495,48203" machi="91" ten="30,2900,0" yaku="18,1,54,1" doraHai="38" who="2" fromWho="1" sc="224,0,343,-38,417,48,6,0" /><INIT seed="2,4,0,1,3,126" ten="224,305,465,6" oya="2" hai0="118,15,78,99,129,107,19,88,125,61,93,10,3" hai1="55,21,37,5,97,115,117,45,106,56,70,77,14" hai2="101,130,82,13,86,113,109,90,100,51,120,43,133" hai3="65,58,9,46,23,34,35,6,31,63,135,84,7"/><V0/><F0/><W92/><G135/><T64/><D125/><U95/><E115/><V75/><F113/><W60/><G35/><T24/><D118/><U94/><E117/><V96/><F13/><N who="3" m="5311" /><G34/><T30/><D107/><U66/><E106/><V111/><F120/><W80/><G6/><T87/><D3/><U40/><E77/><N who="2" m="44351" /><F133/><W98/><G46/><T110/><D110/><N who="2" m="41994" /><F130/><W53/><G31/><T33/><D129/><U122/><E122/><V54/><F43/><W52/><G23/><T68/><REACH who="0" step="1"/><D78/><REACH who="0" ten="214,305,465,6" step="2"/><U39/><E39/><V8/><F101/><N who="3" m="60615" /><G63/><T57/><D57/><U28/><E37/><V11/><F100/><W49/><G49/><T119/><D119/><U73/><E56/><V67/><F51/><W20/><G20/><T123/><D123/><U81/><E21/><V29/><F8/><W108/><G108/><T36/><D36/><U18/><E70/><V85/><F11/><W26/><G26/><T91/><D91/><AGARI ba="4,1" hai="52,53,58,60,65,80,84,91" m="60615,5311" machi="91" ten="30,2000,0" yaku="8,1,54,1" doraHai="126" who="3" fromWho="0" sc="214,-32,305,0,465,0,6,42" /><INIT seed="3,0,0,1,4,130" ten="182,305,465,48" oya="3" hai0="27,84,8,58,5,61,98,127,1,19,42,69,96" hai1="126,85,135,44,11,90,15,60,14,113,91,124,92" hai2="0,38,31,54,20,16,72,118,73,75,36,94,28" hai3="81,56,120,17,22,9,86,57,46,93,33,48,41"/><W111/><G120/><T13/><D69/><U115/><E135/><V129/><F0/><W131/><G33/><T7/><D127/><N who="1" m="48683" /><E60/><V99/><F54/><W30/><G131/><T83/><D42/><U116/><E116/><V106/><F106/><W39/><G111/><T26/><D1/><U6/><E44/><V133/><F133/><W64/><G39/><T66/><D27/><U103/><E103/><V114/><F114/><N who="1" m="43529" /><E91/><V67/><F129/><W107/><G107/><T18/><D18/><U3/><AGARI ba="0,0" hai="3,6,11,14,15,85,90,92" m="43529,48683" machi="3" ten="30,1100,0" yaku="18,1" doraHai="130" who="1" fromWho="1" sc="182,-3,305,11,465,-3,48,-5" owari="179,-22.1,316,11.6,462,56.2,43,-45.7" /></mjloggm>