<mjloggm ver="2.3"><GO type="169" lobby="0"/><UN n0="%E7%B4%94%E6%BD%94%E3%83%94%E3%83%A9%E3%83%8B%E3%82%A2" n1="%E6%99%82%E8%A8%88%E5%9D%82%E9%9B%B6" n2="%E4%BF%9D%E8%82%B2%E5%A3%AB" n3="%E3%81%9D%E3%82%93%E3%81%97%E6%A7%98" dan="16,16,16,17" rate="2137.09,2124.39,2176.84,2219.11" sx="M,M,M,M"/><TAIKYOKU oya="0"/><INIT seed="0,0,0,3,3,33" ten="250,250,250,250" oya="0" hai0="120,62,69,23,90,71,88,110,59,30,51,7,61" hai1="129,14,117,2,127,76,118,31,29,94,123,35,43" hai2="85,50,108,63,135,99,54,58,93,102,26,19,52" hai3="5,77,64,57,0,122,91,65,103,101,115,15,45"/><T28/><D120/><U21/><E123/><V42/><F108/><W107/><G115/><T106/><D106/><U74/><E74/><V96/><F135/><W25/><G77/><T60/><D7/><U75/><E75/><V84/><F42/><W100/><G107/><T20/><D59/><U3/><E76/><V97/><F26/><W48/><G122/><T17/><D51/><U78/><E78/><V126/><F126/><W79/><G79/><T32/><D32/><U125/><E94/><V116/><F19/><W66/><G25/><T131/><D17/><N who="1" m="10423" /><E43/><V44/><F116/><N who="1" m="44649" /><E129/><V18/><F18/><W128/><G91/><T68/><D110/><U36/><E36/><V83/><F83/><W132/><G132/><T104/><D104/><U89/><E89/><N who="0" m="34409" /><D131/><U16/><E16/><V81/><REACH who="2" step="1"/><F81/><REACH who="2" ten="250,250,240,250" step="2"/><W124/><G128/><T67/><D67/><U70/><E70/><V55/><F55/><W39/><G65/><T130/><D130/><U82/><E82/><V38/><F38/><W46/><G39/><T47/><D47/><U13/><E35/><V73/><F73/><W112/><G66/><T72/><D72/><U24/><E24/><V34/><F34/><W37/><G64/><T1/><D20/><U114/><E125/><V95/><F95/><W6/><G124/><T111/><D23/><U98/><E127/><V22/><F22/><W87/><G46/><T105/><D105/><U121/><E121/><V134/><F134/><W119/><G45/><T10/><D111/><U49/><E114/><V109/><F109/><W53/><G119/><T27/><D27/><RYUUKYOKU ba="0,1" sc="250,15,250,-15,240,15,250,-15" hai0="1,10,28,30,60,61,62,68,69,71" hai2="44,50,52,54,58,63,84,85,93,96,97,99,102" /><INIT seed="0,1,1,0,2,99" ten="265,235,255,235" oya="0" hai0="103,78,82,105,108,111,67,60,89,79,106,55,58" hai1="72,100,4,14,37,18,76,129,112,30,109,91,68" hai2="38,16,20,90,134,53,35,12,61,3,15,50,0" hai3="63,86,104,123,1,69,43,131,120,19,34,27,62"/><T83/><D89/><U110/><E68/><V84/><F38/><W51/><G131/><T117/><D55/><U9/><E37/><V73/><F35/><W119/><G119/><T107/><D117/><U8/><E129/><V21/><F73/><W40/><G1/><T125/><D125/><U128/><E128/><V93/><F134/><W81/><G104/><T126/><D126/><U132/><E132/><V97/><F61/><N who="3" m="23051" /><G51/><T26/><D26/><U31/><E112/><V94/><F12/><W114/><G69/><T66/><D103/><U118/><E118/><V49/><F21/><N who="3" m="13759" /><G34/><T133/><D133/><U71/><E71/><V5/><F5/><W42/><G114/><T47/><D47/><U59/><E72/><V124/><F49/><W88/><G123/><T130/><D130/><U7/><E109/><N who="0" m="42057" /><D66/><U80/><E110/><V24/><F24/><W122/><G120/><T115/><D115/><U52/><E31/><V98/><F124/><W46/><G122/><T11/><D11/><U28/><E28/><V121/><F121/><W77/><G46/><T39/><D39/><U45/><E30/><V70/><F70/><W6/><G88/><T57/><D57/><U48/><E59/><N who="2" m="33207" /><F98/><W22/><G22/><T65/><D65/><U36/><E36/><V113/><F113/><W56/><G56/><T127/><D127/><U25/><E8/><V33/><F33/><W74/><G42/><T23/><D23/><U29/><E45/><V96/><F96/><W135/><G43/><T116/><D116/><U17/><E9/><V32/><F32/><W101/><G135/><RYUUKYOKU ba="1,1" sc="265,15,235,-15,255,15,235,-15" hai0="58,60,67,78,79,82,83,105,106,107" hai2="0,3,15,16,20,84,90,93,94,97" /><INIT seed="0,2,1,3,1,62" ten="280,220,270,220" oya="0" hai0="85,19,15,97,44,3,86,131,67,100,34,82,14" hai1="5,108,63,77,91,84,8,12,80,117,40,114,24" hai2="64,110,36,128,94,32,127,26,102,122,18,47,124" hai3="65,28,89,1,93,59,88,9,103,78,57,126,27"/><T132/><D3/><U33/><E117/><V4/><F122/><W39/><G39/><T116/><D116/><U11/><E108/><V43/><F110/><W48/><G126/><N who="2" m="48169" /><F128/><W13/><G1/><T96/><D131/><U92/><E114/><V56/><F4/><W7/><G78/><T87/><D34/><U45/><E63/><N who="2" m="37991" /><F32/><W68/><G68/><T129/><D129/><U101/><E101/><V113/><F113/><W25/><G57/><T119/><D119/><U30/><E11/><V21/><F94/><W112/><G112/><T23/><D67/><U75/><E75/><V6/><F6/><W35/><G27/><T104/><D132/><U72/><E72/><V74/><F102/><W69/><G69/><T73/><D44/><U41/><E45/><V106/><F74/><W99/><REACH who="3" step="1"/><G48/><REACH who="3" ten="280,220,270,210" step="2"/><T134/><D134/><U123/><E123/><V125/><F125/><W133/><G133/><T16/><D73/><U111/><E111/><V0/><F0/><W37/><G37/><T29/><D29/><U109/><E109/><V107/><AGARI ba="2,2" hai="18,21,26,36,43,47,106,107" m="37991,48169" machi="107" ten="30,2000,0" yaku="18,1,52,1" doraHai="62" who="2" fromWho="2" sc="280,-12,220,-7,270,46,210,-7" /><INIT seed="1,0,0,1,3,43" ten="268,213,316,203" oya="1" hai0="40,42,56,61,93,74,65,75,101,131,119,129,11" hai1="82,67,22,70,23,64,8,24,12,126,78,121,21" hai2="35,123,109,28,112,50,19,33,13,68,58,39,41" hai3="34,135,87,62,52,133,30,113,17,26,2,100,57"/><U63/><E121/><V14/><F123/><W60/><G113/><T44/><D119/><U118/><E126/><V32/><F112/><W107/><G2/><T3/><D40/><U54/><E67/><V96/><F68/><W124/><G124/><T59/><D59/><U85/><E118/><V25/><F109/><W134/><G87/><T48/><D101/><U1/><E54/><V89/><F39/><W92/><G107/><T104/><D104/><U76/><E1/><V15/><F19/><W110/><G110/><T127/><D93/><U117/><E117/><V132/><F132/><W46/><G17/><T55/><D42/><U53/><E53/><V102/><F89/><W99/><REACH who="3" step="1"/><G46/><REACH who="3" ten="268,213,316,193" step="2"/><T18/><D127/><U108/><E108/><V114/><F114/><W97/><G97/><T38/><D38/><U77/><REACH who="1" step="1"/><E24/><REACH who="1" ten="268,203,316,193" step="2"/><V6/><F25/><W130/><G130/><T116/><D116/><U81/><E81/><V115/><F115/><W73/><G73/><T128/><D3/><U79/><E79/><V120/><F120/><W47/><G47/><T45/><D44/><U37/><E37/><V9/><F41/><W106/><G106/><T86/><D75/><U7/><AGARI ba="0,2" hai="7,8,12,21,22,23,63,64,70,76,77,78,82,85" machi="7" ten="30,6000,0" yaku="1,1,0,1,53,1" doraHai="43" doraHaiUra="66" who="1" fromWho="1" sc="268,-20,203,80,316,-20,193,-20" /><INIT seed="1,1,0,3,0,31" ten="248,283,296,173" oya="1" hai0="103,35,40,41,74,110,3,95,36,123,81,98,61" hai1="70,22,66,6,135,115,93,72,128,42,24,130,119" hai2="88,2,53,100,62,45,28,12,34,92,54,113,77" hai3="121,8,18,59,133,32,26,108,89,94,97,50,20"/><U63/><E72/><V134/><F2/><W9/><G108/><T104/><D3/><U105/><E105/><V38/><F100/><W25/><G133/><T13/><D110/><U0/><E115/><V76/><F134/><W27/><G121/><T118/><D118/><U87/><E119/><V101/><F101/><W85/><G97/><T5/><D123/><U71/><E42/><V78/><F113/><W127/><G127/><T125/><D125/><U44/><E44/><V131/><F131/><N who="1" m="50217" /><E135/><V30/><F12/><W14/><REACH who="3" step="1"/><G32/><REACH who="3" ten="248,283,296,163" step="2"/><T120/><D35/><U58/><E0/><V75/><F34/><W107/><G107/><T126/><D120/><U67/><E6/><V69/><F75/><W57/><G57/><T84/><D126/><U33/><E33/><V65/><F54/><AGARI ba="1,1" hai="8,9,14,18,20,25,26,27,50,54,59,85,89,94" machi="54" ten="40,8000,1" yaku="1,1,25,2,8,1,53,0" doraHai="31" doraHaiUra="73" who="3" fromWho="2" sc="248,0,283,0,296,-83,163,93" /><INIT seed="2,0,0,0,2,67" ten="248,283,213,256" oya="2" hai0="130,55,103,30,39,61,50,33,3,44,85,104,63" hai1="36,0,8,105,131,58,106,20,52,116,99,29,35" hai2="19,22,123,27,134,125,11,31,54,45,7,95,4" hai3="48,109,13,24,98,118,51,91,108,16,86,114,66"/><V87/><F123/><W47/><G118/><T53/><D3/><U59/><E116/><V75/><F75/><W121/><G121/><T34/><D130/><U18/><E36/><V126/><F95/><W112/><G98/><T9/><D9/><U132/><E132/><V84/><F134/><W94/><G24/><T92/><D39/><U14/><E131/><V80/><F31/><W83/><G66/><T76/><D104/><U97/><E58/><V122/><F122/><W133/><G94/><T69/><D69/><U101/><E35/><V5/><F11/><N who="3" m="6207" /><G51/><T113/><D30/><U41/><E41/><V38/><F38/><W77/><G77/><T93/><D93/><U124/><E124/><N who="2" m="47723" /><F80/><W1/><G1/><T15/><D92/><U46/><E29/><V43/><F43/><N who="3" m="24703" /><G133/><T17/><D103/><U49/><E46/><V72/><F72/><W89/><G89/><T117/><D44/><U6/><E105/><V40/><F40/><W21/><G21/><T71/><D34/><U102/><E106/><V111/><F45/><W73/><G73/><T82/><D33/><U129/><E129/><V65/><F65/><W120/><G120/><T100/><D100/><U64/><E64/><V12/><F27/><W60/><G60/><T56/><D61/><U107/><E107/><V62/><F111/><AGARI ba="0,0" hai="83,86,91,108,109,111,112,114" m="24703,6207" machi="111" ten="30,2000,0" yaku="14,1,54,1" doraHai="67" who="3" fromWho="2" sc="248,0,283,0,213,-20,256,20" /><INIT seed="3,0,0,3,3,39" ten="248,283,193,276" oya="3" hai0="113,95,93,127,23,115,34,53,12,44,37,99,45" hai1="133,118,28,65,43,87,40,134,111,31,66,88,6" hai2="5,70,22,128,101,92,135,98,10,79,78,85,60" hai3="20,62,105,36,54,8,64,86,119,91,116,81,55"/><W71/><G105/><T130/><D34/><U132/><E111/><V107/><F135/><W106/><G106/><T100/><D127/><U61/><E118/><V4/><F128/><W35/><G35/><T49/><D130/><U68/><E6/><V19/><F70/><W94/><G36/><T27/><D12/><U77/><E77/><V52/><F4/><W13/><G20/><T14/><D14/><U82/><E66/><V117/><F117/><W125/><G125/><T122/><D93/><U17/><E17/><V131/><F131/><W84/><G119/><T56/><D122/><U33/><E33/><V126/><F126/><W18/><REACH who="3" step="1"/><G116/><REACH who="3" ten="248,283,193,266" step="2"/><T102/><D37/><U73/><E73/><V9/><F107/><W96/><G96/><T57/><D113/><U69/><E68/><V67/><F98/><W129/><G129/><T110/><D115/><U74/><E74/><V120/><F22/><W41/><G41/><AGARI ba="0,1" hai="28,31,40,41,43,61,65,69,82,87,88,132,133,134" machi="41" ten="40,8000,1" yaku="20,1,52,3,54,1" doraHai="39" who="1" fromWho="3" sc="248,0,283,90,193,0,266,-80" /><INIT seed="4,0,0,4,4,41" ten="248,373,193,186" oya="0" hai0="1,133,7,98,108,33,131,135,99,81,40,68,101" hai1="93,28,13,110,73,48,128,9,5,105,49,22,119" hai2="109,15,8,88,4,38,104,66,85,89,3,54,36" hai3="30,103,14,86,127,97,90,60,71,126,17,129,115"/><T112/><D68/><U74/><E105/><V120/><F120/><W0/><G0/><T121/><D121/><U42/><E110/><V19/><F109/><W24/><G115/><T117/><D112/><U61/><E119/><V113/><F113/><W65/><G129/><T107/><D33/><U72/><E128/><V46/><F104/><N who="3" m="63599" /><G86/><T37/><D117/><U57/><E93/><V18/><F66/><W76/><G90/><T63/><D108/><U45/><E49/><N who="2" m="28983" /><F3/><W75/><G76/><T64/><D99/><U39/><E39/><V69/><F69/><W78/><G78/><T16/><D81/><U118/><E118/><V80/><F36/><W2/><G2/><T43/><D131/><U84/><E84/><N who="2" m="50311" /><F38/><W125/><G75/><T83/><D83/><AGARI ba="0,0" hai="4,8,15,18,19,83,85,88" m="50311,28983" machi="83" ten="30,3900,0" yaku="8,1,52,1,54,1" doraHai="41" who="2" fromWho="0" sc="248,-39,373,0,193,39,186,0" /><INIT seed="5,0,0,4,5,3" ten="209,373,232,186" oya="1" hai0="55,65,72,50,77,87,30,116,44,91,37,107,111" hai1="59,73,67,94,29,58,51,12,74,64,27,43,63" hai2="121,56,11,14,19,113,86,5,21,126,39,26,84" hai3="10,123,103,31,78,32,114,119,104,28,18,54,85"/><U7/><E43/><V13/><F121/><W9/><G123/><T60/><D111/><U40/><E40/><V133/><F39/><W112/><G104/><T108/><D108/><U125/><E125/><V93/><F126/><W79/><G103/><T109/><D116/><U62/><E51/><V57/><F133/><W61/><G61/><T70/><D107/><U46/><E46/><V1/><F113/><W16/><G85/><N who="2" m="32873" /><F1/><W106/><G106/><T34/><D37/><U132/><E132/><V53/><F93/><W17/><G54/><T35/><D30/><N who="3" m="11305" /><G32/><T130/><D130/><U49/><E49/><N who="2" m="30767" /><F57/><W128/><G128/><T66/><D66/><U100/><E94/><V23/><F26/><W92/><G92/><T25/><D25/><U127/><E127/><V4/><F23/><W122/><G119/><T102/><D102/><U6/><E100/><V124/><F124/><W110/><G110/><T89/><D109/><U134/><E134/><V0/><F0/><W105/><G105/><T22/><D22/><U36/><E36/><V135/><F135/><W81/><G122/><T90/><REACH who="0" step="1"/><D87/><REACH who="0" ten="199,373,232,186" step="2"/><U48/><E67/><V118/><F118/><W2/><G114/><T52/><D52/><U33/><E64/><V80/><F80/><AGARI ba="0,1" hai="34,35,44,50,55,60,65,70,72,77,80,89,90,91" machi="80" ten="40,1300,0" yaku="1,1,53,0" doraHai="3" doraHaiUra="88" who="0" fromWho="2" sc="199,23,373,0,232,-13,186,0" /><INIT seed="6,0,0,3,4,98" ten="222,373,219,186" oya="2" hai0="26,79,77,27,12,59,132,123,48,3,45,69,75" hai1="122,80,24,83,13,74,39,87,104,102,31,49,111" hai2="14,40,58,112,129,92,61,130,0,95,126,29,117" hai3="47,115,11,44,70,1,101,30,72,46,108,134,34"/><V113/><F0/><W35/><G108/><T38/><D123/><U135/><E39/><V41/><F29/><W51/><G70/><T15/><D3/><U5/><E111/><V21/><F117/><W119/><G119/><T52/><D69/><U62/><E74/><V18/><F126/><W32/><G72/><T63/><D38/><U57/><E49/><V76/><F76/><N who="0" m="29258" /><D132/><U17/><E5/><V55/><F95/><W127/><G134/><T54/><D75/><U97/><E87/><V99/><F40/><W8/><G127/><T103/><D103/><U19/><E19/><V43/><F43/><W121/><G121/><T25/><AGARI ba="0,0" hai="12,15,25,26,27,45,48,52,54,59,63" m="29258" machi="25" ten="30,2000,0" yaku="8,1,54,1" doraHai="98" who="0" fromWho="0" sc="222,20,373,-5,219,-10,186,-5" /><INIT seed="7,0,0,5,3,23" ten="242,368,209,181" oya="3" hai0="56,117,16,60,45,121,124,24,84,100,98,15,61" hai1="54,120,5,36,65,33,114,1,93,75,64,28,76" hai2="19,39,90,125,70,108,127,29,40,27,134,77,102" hai3="126,3,116,31,49,104,30,63,6,92,95,20,44"/><W133/><G116/><T26/><D117/><U42/><E120/><V89/><F108/><W103/><G104/><T47/><D121/><U57/><E114/><V11/><F70/><W43/><G3/><T51/><D47/><N who="1" m="24007" /><E93/><N who="3" m="35914" /><G133/><T7/><D7/><U106/><E106/><V113/><F102/><W22/><G126/><N who="2" m="48137" /><F113/><W123/><G123/><T128/><D128/><U80/><E28/><N who="3" m="10794" /><G103/><T79/><D98/><U94/><E33/><N who="2" m="20671" /><F134/><W41/><G6/><T130/><D130/><U91/><E91/><N who="2" m="34827" /><F77/><W87/><G87/><T14/><D100/><U135/><E94/><V59/><F39/><W96/><G96/><T35/><D35/><U37/><E37/><V73/><F73/><W110/><G110/><T10/><D84/><U131/><E131/><V18/><F40/><W13/><G43/><N who="0" m="25023" /><D79/><U2/><E2/><V112/><F112/><W101/><G101/><T81/><D81/><U62/><E135/><V9/><F59/><W115/><G115/><T50/><D124/><U72/><E72/><V53/><F53/><W109/><G109/><T122/><D122/><U21/><E75/><V111/><F111/><W17/><G22/><T66/><D56/><U25/><E5/><V99/><F99/><W118/><G118/><T52/><D52/><U46/><E1/><V4/><F9/><W58/><G58/><T83/><D83/><U88/><E80/><V82/><F82/><W32/><G32/><T69/><D69/><U129/><E57/><V105/><F105/><W85/><G85/><T119/><D119/><U71/><E71/><V97/><F97/><W74/><G74/><RYUUKYOKU ba="0,0" sc="242,-15,368,-15,209,15,181,15" hai2="4,11,18,19" hai3="13,17,20,41,44,49,63" /><INIT seed="7,1,0,2,0,68" ten="227,353,224,196" oya="3" hai0="6,102,45,124,11,79,94,133,43,67,24,90,96" hai1="86,81,50,42,115,87,36,16,41,134,32,130,92" hai2="54,128,113,88,97,99,20,28,27,12,9,72,44" hai3="105,0,116,22,58,104,21,118,73,70,10,62,51"/><W107/><G73/><T135/><D67/><U109/><E36/><V120/><F72/><W7/><G70/><T122/><D122/><U119/><E32/><V52/><F120/><W114/><G114/><T37/><D124/><U15/><E109/><V55/><F113/><W71/><G51/><T126/><D126/><U85/><E130/><V8/><F128/><W82/><G82/><T49/><D79/><U65/><E134/><N who="0" m="51209" /><D24/><U61/><E119/><V110/><F110/><W25/><G71/><T30/><D30/><U117/><E117/><V84/><F44/><W76/><G76/><T93/><D37/><U3/><E3/><V106/><F106/><W103/><G103/><T112/><D112/><U129/><E129/><V131/><F131/><W5/><G5/><T100/><D94/><U98/><E50/><V48/><F48/><W95/><G95/><T91/><D102/><N who="1" m="60743" /><E81/><N who="2" m="49167" /><F8/><W46/><G46/><T125/><D125/><U40/><E115/><V47/><F47/><W123/><G123/><T132/><D132/><U29/><E29/><V78/><F78/><W23/><REACH who="3" step="1"/><G25/><REACH who="3" ten="227,353,224,186" step="2"/><T53/><D43/><U57/><E41/><V38/><F38/><W66/><AGARI ba="1,1" hai="0,7,10,21,22,23,58,62,66,104,105,107,116,118" machi="66" ten="40,12000,1" yaku="1,1,2,1,0,1,53,1" doraHai="68" doraHaiUra="35" who="3" fromWho="3" sc="227,-41,353,-41,224,-41,186,133" owari="186,-21.4,312,11.2,183,-31.7,319,41.9" /></mjloggm>