<mjloggm ver="2.3"><GO type="169" lobby="0"/><UN n0="%E6%9D%91%E4%BA%95%E3%82%A2%E3%83%9E%E3%82%A6%E3%83%AA" n1="%61%6B%61%69%6B%69" n2="%41%63%75%6E%61%4A%72" n3="%73%61%69%63%68%61%6E%7A" dan="16,17,17,17" rate="2100.86,2213.84,2254.34,2165.19" sx="M,M,M,M"/><TAIKYOKU oya="0"/><INIT seed="0,0,0,1,5,34" ten="250,250,250,250" oya="0" hai0="22,83,9,117,91,46,116,130,111,5,47,72,60" hai1="29,103,27,12,88,82,92,43,114,131,84,10,4" hai2="11,70,50,0,40,98,78,20,73,26,81,64,71" hai3="19,122,25,57,89,134,33,118,132,16,124,24,113"/><T39/><D130/><U85/><E131/><V133/><F133/><N who="3" m="51307" /><G118/><T45/><D22/><U105/><E114/><V53/><F40/><W21/><G113/><T31/><D31/><U95/><E105/><V41/><F41/><W74/><G74/><T61/><D111/><U38/><E38/><V63/><F98/><W30/><G57/><T121/><D121/><U77/><E43/><V80/><F80/><W58/><G58/><T32/><D32/><U128/><E128/><V17/><F71/><W35/><G89/><T65/><D39/><U123/><E123/><V14/><F0/><W99/><G99/><T55/><D55/><U13/><E103/><V110/><F110/><W93/><G93/><T107/><D107/><U68/><E68/><V106/><F106/><W87/><G87/><T1/><D61/><U3/><REACH who="1" step="1"/><E95/><REACH who="1" ten="250,240,250,250" step="2"/><V120/><F120/><W54/><G122/><T49/><D49/><U48/><E48/><V2/><F50/><W97/><G124/><T126/><D126/><U67/><E67/><V18/><F53/><W104/><G54/><T76/><REACH who="0" step="1"/><D91/><REACH who="0" ten="240,240,250,250" step="2"/><U79/><E79/><V90/><F90/><W94/><G104/><T112/><D112/><U6/><E6/><V15/><F64/><W127/><G127/><T108/><D108/><U101/><E101/><V44/><F63/><W86/><G35/><AGARI ba="0,2" hai="3,4,10,12,13,27,29,35,77,82,84,85,88,92" machi="35" ten="30,7700,0" yaku="1,1,7,1,52,1,54,1,53,0" doraHai="34" doraHaiUra="37" who="1" fromWho="3" sc="240,0,240,97,250,0,250,-77" /><INIT seed="1,0,0,1,2,43" ten="240,337,250,173" oya="1" hai0="129,111,8,135,115,35,123,11,48,132,128,18,6" hai1="103,55,110,102,95,87,67,109,79,14,125,13,63" hai2="93,82,15,133,84,70,36,80,71,130,40,66,12" hai3="21,106,97,122,31,52,86,38,45,28,69,57,41"/><U19/><E125/><V46/><F133/><N who="0" m="51274" /><D115/><U131/><E131/><N who="0" m="50249" /><D48/><U74/><E74/><V112/><F130/><W121/><G69/><T105/><D105/><U24/><E24/><V50/><F112/><W62/><G86/><T26/><D111/><N who="1" m="42507" /><E55/><V94/><F82/><W85/><G85/><T60/><D60/><U17/><E79/><V68/><F66/><W116/><G116/><T33/><D123/><U29/><E87/><V4/><F36/><W83/><G83/><T61/><D61/><U104/><E104/><V92/><REACH who="2" step="1"/><F4/><REACH who="2" ten="240,337,240,173" step="2"/><W64/><G64/><T90/><D90/><AGARI ba="0,1" hai="12,15,40,46,50,68,70,71,80,84,90,92,93,94" machi="90" ten="50,8000,1" yaku="1,1,2,1,52,1,53,1" doraHai="43" doraHaiUra="77" who="2" fromWho="0" sc="240,-80,337,0,240,90,173,0" /><INIT seed="2,0,0,3,2,68" ten="160,337,330,173" oya="2" hai0="112,105,53,11,108,40,73,5,130,2,85,43,98" hai1="33,25,79,24,49,123,29,110,117,107,37,44,87" hai2="3,99,72,91,20,103,61,10,125,128,45,54,27" hai3="97,9,34,59,126,7,116,42,64,129,71,90,38"/><V4/><F125/><W17/><G116/><T80/><D112/><U22/><E117/><V132/><F132/><W51/><G126/><T93/><D108/><U124/><E124/><V19/><F128/><W89/><G129/><T96/><D130/><U48/><E110/><V18/><F72/><W135/><G135/><T13/><D2/><U41/><E107/><V63/><F91/><W106/><G34/><T127/><D127/><U46/><E123/><V86/><F86/><W35/><G35/><T104/><D104/><U12/><E12/><V23/><F54/><W26/><G26/><T81/><D81/><U58/><E58/><V94/><REACH who="2" step="1"/><F45/><REACH who="2" ten="160,337,320,173" step="2"/><W6/><G89/><N who="0" m="53423" /><D53/><U52/><E87/><V109/><F109/><W111/><G90/><T67/><D96/><U134/><E134/><V36/><F36/><W31/><G38/><T100/><D67/><U95/><E79/><AGARI ba="0,1" hai="5,11,13,40,43,73,79,80,98,100,105" m="53423" machi="79" ten="30,1000,0" yaku="24,1" doraHai="68" who="0" fromWho="1" sc="160,20,337,-10,320,0,173,0" /><INIT seed="3,0,0,2,3,95" ten="180,327,320,173" oya="3" hai0="35,51,93,104,83,44,106,42,108,29,2,48,15" hai1="14,132,27,30,59,23,33,89,37,125,115,90,80" hai2="134,105,75,56,73,79,113,94,121,24,116,46,25" hai3="109,3,0,58,133,99,119,4,10,120,57,13,110"/><W66/><G119/><T7/><D108/><N who="3" m="41577" /><G120/><T62/><D15/><U122/><E122/><V68/><F68/><W12/><G133/><T65/><D51/><U21/><E115/><V53/><F105/><W102/><G13/><T1/><D83/><U76/><E37/><V9/><F113/><W135/><G135/><T87/><D87/><U19/><E132/><V117/><F134/><W131/><G131/><T11/><D1/><N who="3" m="585" /><G66/><T18/><D18/><U49/><E125/><V97/><F121/><W38/><G38/><T5/><D7/><U124/><E33/><V103/><F9/><W107/><AGARI ba="0,0" hai="4,10,12,57,58,99,102,107" m="585,41577" machi="107" ten="30,6000,0" yaku="14,1,10,1,52,1" doraHai="95" who="3" fromWho="3" sc="180,-20,327,-20,320,-20,173,60" /><INIT seed="3,1,0,0,4,62" ten="160,307,300,233" oya="3" hai0="117,91,0,5,102,113,83,119,65,81,86,58,16" hai1="133,22,26,124,15,7,92,79,51,134,40,77,78" hai2="123,72,18,14,122,100,28,61,45,39,69,17,94" hai3="49,132,130,93,101,131,71,115,36,98,48,23,114"/><W41/><G71/><T110/><D110/><U57/><E124/><V53/><F72/><W135/><G36/><T99/><D113/><N who="3" m="43017" /><G23/><T12/><D5/><U11/><E92/><V66/><F28/><W85/><G41/><T64/><D0/><U67/><E40/><V88/><F100/><W37/><G37/><T80/><D58/><U116/><E116/><V96/><F39/><W21/><G21/><T63/><D63/><U128/><E128/><N who="3" m="49194" /><G48/><T87/><D119/><U46/><E46/><V20/><F45/><W2/><G49/><T129/><D117/><U24/><E51/><V34/><F34/><W120/><G2/><T73/><D73/><U125/><E125/><V42/><F42/><W50/><G50/><T13/><D13/><U9/><E9/><V75/><F75/><W60/><G60/><T74/><D74/><U29/><REACH who="1" step="1"/><E26/><REACH who="1" ten="160,297,300,233" step="2"/><V54/><REACH who="2" step="1"/><F18/><REACH who="2" ten="160,297,290,233" step="2"/><W32/><G120/><AGARI ba="1,2" hai="14,17,20,53,54,61,66,69,88,94,96,120,122,123" machi="120" ten="40,8000,1" yaku="1,1,2,1,13,1,52,1,54,1,53,0" doraHai="62" doraHaiUra="107" who="2" fromWho="3" sc="160,0,297,0,290,103,233,-83" /><INIT seed="4,0,0,0,3,56" ten="160,297,393,150" oya="0" hai0="25,65,90,78,8,97,119,73,28,35,13,18,118" hai1="12,125,77,124,60,39,81,48,113,10,99,41,21" hai2="111,36,92,123,43,84,40,61,79,114,24,108,72" hai3="49,115,103,83,11,105,86,82,96,68,131,110,74"/><T1/><D73/><U17/><E39/><V22/><F114/><W51/><G68/><T38/><D38/><U20/><E113/><V0/><F123/><W55/><G115/><T70/><D78/><U32/><E32/><V63/><F0/><W5/><G110/><T59/><D70/><U87/><E99/><V95/><F72/><W37/><G37/><T98/><D1/><U117/><E117/><V67/><F108/><W129/><G74/><T69/><D69/><U80/><E80/><N who="2" m="47135" /><F67/><W134/><G134/><T66/><D66/><U9/><E21/><V45/><F36/><W50/><G55/><T15/><D15/><U23/><E23/><V46/><F111/><W101/><G101/><T109/><D109/><U58/><E48/><N who="2" m="26663" /><F46/><W71/><G71/><T121/><D121/><U16/><E41/><V7/><F7/><W94/><G105/><T116/><REACH who="0" step="1"/><D90/><REACH who="0" ten="150,297,393,150" step="2"/><U91/><E91/><V47/><F43/><W122/><G122/><T2/><D2/><U34/><E77/><V30/><F47/><W85/><G83/><T57/><D57/><U27/><E58/><V100/><F95/><W31/><G82/><T54/><D54/><U127/><E81/><V107/><F107/><W6/><G94/><T3/><D3/><U133/><E127/><V42/><F42/><W52/><G52/><T64/><D64/><U33/><E125/><V75/><F75/><W26/><G129/><T29/><D29/><U93/><E124/><V88/><F88/><W53/><G53/><T112/><D112/><U14/><E93/><V130/><F130/><W104/><G131/><RYUUKYOKU ba="0,1" sc="150,15,297,-15,393,15,150,-15" hai0="8,13,18,25,28,35,59,65,97,98,116,118,119" hai2="22,24,30,61,63,92,100" /><INIT seed="4,1,1,3,3,104" ten="165,282,408,135" oya="0" hai0="121,29,37,57,41,50,112,88,75,66,71,90,2" hai1="31,83,131,128,117,10,70,95,91,69,28,84,18" hai2="78,58,94,17,35,16,116,47,119,108,60,87,51" hai3="20,97,79,99,12,124,115,34,106,26,76,67,92"/><T64/><D2/><U7/><E117/><N who="2" m="45131" /><F35/><W89/><G115/><T32/><D121/><U53/><E18/><V5/><F5/><W111/><G111/><T105/><D66/><U98/><E53/><N who="2" m="33871" /><F108/><W27/><G124/><T132/><D112/><U63/><E28/><V61/><F61/><W3/><G3/><T24/><D132/><U33/><E31/><V21/><F21/><W82/><G76/><T107/><D107/><U1/><E33/><V15/><F15/><W0/><G0/><T96/><D37/><U120/><E120/><V4/><F4/><W40/><G40/><T54/><D41/><U6/><E6/><V59/><F59/><W134/><G134/><T62/><REACH who="0" step="1"/><D75/><REACH who="0" ten="155,282,408,135" step="2"/><U81/><E1/><V77/><F77/><W48/><G67/><T8/><D8/><U86/><E10/><V114/><F78/><W55/><G106/><T74/><D74/><U30/><E70/><V109/><F114/><W135/><G135/><T49/><D49/><U46/><E69/><V9/><F9/><W118/><G118/><T101/><AGARI ba="1,2" hai="24,29,32,50,54,57,62,64,71,88,90,96,101,105" machi="101" ten="30,18000,2" yaku="1,1,0,1,25,2,54,1,53,1" doraHai="104" doraHaiUra="22" who="0" fromWho="0" sc="155,203,282,-61,408,-61,135,-61" /><INIT seed="4,2,0,2,4,35" ten="358,221,347,74" oya="0" hai0="104,26,114,71,72,68,11,105,96,85,78,95,62" hai1="42,134,110,112,70,15,115,4,44,12,2,94,0" hai2="9,58,73,64,30,128,37,81,92,69,125,50,107" hai3="106,66,130,36,124,103,129,84,93,65,29,54,5"/><T132/><D114/><N who="1" m="43563" /><E110/><V28/><F107/><W61/><G36/><T47/><D132/><U10/><E134/><V33/><F37/><W39/><G39/><T91/><D105/><U59/><E70/><V41/><F69/><W52/><G106/><T113/><D113/><U34/><E34/><V57/><F33/><W133/><G133/><T38/><D62/><U40/><E59/><V3/><F92/><W45/><G29/><T109/><D109/><U119/><E119/><V117/><F81/><W22/><G22/><T32/><D47/><U90/><E15/><V131/><F50/><W48/><G5/><T19/><D38/><N who="1" m="21527" /><E42/><V97/><F41/><W43/><G124/><T49/><D49/><U98/><AGARI ba="2,0" hai="0,2,4,10,12,90,94,98" m="21527,43563" machi="98" ten="30,7900,0" yaku="15,1,11,1,52,2" doraHai="35" who="1" fromWho="1" sc="358,-41,221,85,347,-22,74,-22" /><INIT seed="5,0,0,5,0,76" ten="317,306,325,52" oya="1" hai0="82,67,27,55,131,85,51,68,94,30,93,122,6" hai1="61,20,1,96,99,54,8,103,73,48,129,109,5" hai2="71,89,23,35,12,133,84,98,86,130,24,121,75" hai3="135,113,4,97,104,110,11,57,22,43,114,2,117"/><U80/><E129/><V31/><F121/><W52/><G117/><T79/><D131/><U101/><E109/><V10/><F130/><W77/><G110/><T7/><D122/><U29/><E61/><V95/><F71/><W15/><G43/><T38/><D38/><U72/><E29/><V9/><F75/><W32/><G135/><T78/><D67/><U14/><E1/><V105/><F133/><W125/><G125/><T87/><D68/><U102/><E20/><V119/><F119/><W81/><G32/><T66/><D66/><U33/><E33/><V128/><F128/><W112/><G97/><T107/><D107/><U37/><E37/><V53/><F105/><W83/><G104/><T45/><D6/><U69/><E69/><V47/><F35/><W26/><G77/><T132/><D7/><U34/><E34/><V17/><F9/><W108/><G2/><T21/><D132/><U70/><E70/><V74/><F74/><W65/><G65/><T3/><D3/><U62/><E62/><V36/><F36/><W42/><G42/><T58/><D45/><N who="1" m="27919" /><E73/><V63/><REACH who="2" step="1"/><F47/><REACH who="2" ten="317,306,315,52" step="2"/><W64/><G108/><T28/><REACH who="0" step="1"/><D30/><REACH who="0" ten="307,306,315,52" step="2"/><U19/><E5/><V46/><F46/><W127/><G127/><T60/><D60/><U0/><E0/><V118/><F118/><W92/><G112/><T59/><D59/><AGARI ba="0,2" hai="10,12,17,23,24,31,53,59,63,84,86,89,95,98" machi="59" ten="40,5200,0" yaku="1,1,8,1,53,1" doraHai="76" doraHaiUra="88" who="2" fromWho="0" sc="307,-52,306,0,315,72,52,0" /><INIT seed="6,0,0,5,1,53" ten="255,306,387,52" oya="2" hai0="116,21,19,134,97,33,76,49,79,80,110,24,72" hai1="52,48,1,43,119,37,122,124,58,83,91,67,51" hai2="55,25,61,73,123,11,42,12,57,131,22,66,108" hai3="39,27,65,115,15,117,18,102,36,92,98,20,47"/><V3/><F123/><W30/><G117/><T121/><D110/><U13/><E1/><V54/><F73/><W28/><G115/><T109/><D134/><U81/><E119/><V96/><F3/><W135/><G135/><T46/><D121/><U93/><E37/><V14/><F131/><W45/><G36/><T85/><D109/><U103/><E124/><V6/><F42/><W128/><G128/><T114/><D114/><U87/><E122/><V71/><F108/><W60/><G39/><T69/><D69/><U4/><E67/><V7/><F71/><W101/><G101/><T84/><D97/><U120/><E103/><V75/><F75/><W89/><G89/><T29/><D79/><U132/><E132/><V127/><F127/><W95/><G95/><T2/><D2/><U10/><E120/><V17/><F96/><W32/><G30/><T82/><D82/><U113/><E113/><V56/><F56/><W63/><G63/><T59/><D59/><AGARI ba="0,0" hai="15,18,20,27,28,32,45,47,59,60,65,92,98,102" machi="59" ten="30,2000,0" yaku="7,1,52,1" doraHai="53" who="3" fromWho="0" sc="255,-20,306,0,387,0,52,20" /><INIT seed="7,0,0,3,5,77" ten="235,306,387,72" oya="3" hai0="64,98,7,18,76,37,16,89,46,8,5,43,33" hai1="87,57,99,27,3,67,111,123,19,128,48,40,121" hai2="133,0,49,83,73,103,135,1,45,60,104,31,125" hai3="66,86,63,50,95,35,69,82,6,75,2,65,39"/><W109/><G109/><T113/><D113/><U25/><E3/><V94/><F125/><W47/><G35/><T11/><D64/><U114/><E111/><V100/><F104/><W21/><G65/><T32/><D89/><U24/><E114/><V72/><F31/><W92/><G21/><T96/><D76/><U36/><E36/><V68/><F60/><W52/><G75/><T13/><D46/><U130/><E19/><V79/><F68/><W59/><G6/><T132/><D132/><N who="2" m="50762" /><F73/><W107/><G107/><T26/><D13/><U134/><E134/><V112/><F112/><W41/><REACH who="3" step="1"/><G2/><REACH who="3" ten="235,306,387,62" step="2"/><T118/><D33/><U131/><E67/><V4/><F4/><N who="0" m="1610" /><D32/><U129/><E129/><V119/><F0/><W17/><G17/><T127/><D16/><U124/><E131/><V105/><F105/><W15/><G15/><T116/><D18/><U91/><E130/><V58/><F1/><W80/><G80/><T84/><D8/><U106/><E128/><V55/><F83/><W81/><G81/><T42/><D11/><U12/><E12/><V29/><F72/><W101/><G101/><T54/><D26/><U117/><E25/><V38/><F103/><W78/><AGARI ba="0,1" hai="39,41,47,50,52,59,63,66,69,78,82,86,92,95" machi="78" ten="20,24000,3" yaku="1,1,0,1,7,1,24,2,52,1,54,1,53,1" doraHai="77" doraHaiUra="56" who="3" fromWho="3" sc="235,-80,306,-80,387,-80,62,250" owari="155,-34.5,226,-17.4,307,10.7,312,41.2" /></mjloggm>