<mjloggm ver="2.3"><GO type="169" lobby="0"/><UN n0="%68%69%74%6F%6D%69" n1="%E7%BC%B6%E3%82%B3%E3%83%92" n2="%41%72%69%61" n3="%E4%BA%8C%E9%9A%8E%E5%A0%82%E7%9C%9F%E7%B4%85%E3%81%A1%E3%82%83%E3%82%93" dan="16,16,16,16" rate="2103.97,2056.27,2173.49,2125.04" sx="F,M,F,M"/><TAIKYOKU oya="0"/><INIT seed="0,0,0,0,2,127" ten="250,250,250,250" oya="0" hai0="107,73,119,98,67,114,40,36,70,63,0,75,126" hai1="37,39,78,56,54,59,113,81,10,100,35,131,65" hai2="134,108,90,2,87,83,27,92,84,76,122,125,115" hai3="4,105,51,62,49,33,61,6,3,50,45,18,117"/><T77/><D114/><U79/><E35/><V58/><F2/><W30/><G105/><T64/><D119/><U66/><E131/><V124/><F115/><W53/><G117/><T69/><D0/><U57/><E100/><V72/><F122/><W22/><G50/><T94/><D77/><U28/><E28/><V88/><F27/><W89/><G89/><T132/><D126/><N who="2" m="48746" /><F58/><W60/><G3/><T123/><D132/><U55/><E10/><V95/><F108/><W19/><G33/><T82/><D82/><U102/><E102/><V34/><F34/><W48/><G30/><T44/><D123/><U20/><E20/><V120/><F120/><W129/><G129/><T103/><REACH who="0" step="1"/><D94/><REACH who="0" ten="240,250,250,250" step="2"/><U111/><E113/><V106/><F106/><W1/><G1/><T93/><D93/><U101/><E81/><V15/><F15/><W104/><G104/><T97/><D97/><U11/><E79/><V21/><F21/><W96/><G96/><T12/><D12/><U86/><E78/><V128/><F128/><W130/><G130/><T42/><D42/><U116/><E116/><V133/><AGARI ba="0,1" hai="72,76,83,84,87,88,90,92,95,133,134" m="48746" machi="133" ten="30,7900,0" yaku="18,1,34,2,54,1" doraHai="127" who="2" fromWho="2" sc="240,-39,250,-20,250,89,250,-20" /><INIT seed="1,0,0,3,1,112" ten="201,230,339,230" oya="1" hai0="9,49,69,79,131,28,22,75,82,29,16,55,7" hai1="8,24,83,135,104,15,89,53,25,118,113,17,122" hai2="67,77,62,31,45,80,12,54,124,85,48,30,46" hai3="20,71,91,98,60,86,127,32,35,37,99,115,102"/><U1/><E113/><V6/><F124/><W64/><G115/><T111/><D111/><U129/><E122/><V96/><F96/><W51/><G37/><T109/><D109/><U133/><E104/><V36/><F36/><W57/><G127/><T21/><D131/><U26/><E53/><V10/><REACH who="2" step="1"/><F46/><REACH who="2" ten="201,230,329,230" step="2"/><W34/><G99/><T5/><D69/><AGARI ba="0,1" hai="6,10,12,30,31,45,48,54,62,67,69,77,80,85" machi="69" ten="30,7700,0" yaku="1,1,2,1,7,1,53,1" doraHai="112" doraHaiUra="81" who="2" fromWho="0" sc="201,-77,230,0,329,87,230,0" /><INIT seed="2,0,0,0,1,52" ten="124,230,416,230" oya="2" hai0="51,70,130,110,118,111,63,15,124,80,57,102,129" hai1="66,60,72,105,32,116,58,39,97,40,29,113,4" hai2="121,84,109,107,82,50,122,93,41,28,64,49,79" hai3="43,16,134,83,85,46,117,69,5,38,53,0,98"/><V120/><F107/><W61/><G117/><T112/><D102/><U101/><E116/><V125/><F125/><W14/><G134/><T8/><D118/><U96/><E113/><V37/><F28/><W100/><G0/><T128/><D80/><U114/><E114/><V73/><F109/><N who="0" m="41482" /><D112/><U95/><E72/><V68/><F68/><W74/><G5/><T31/><D31/><U27/><E4/><V87/><F64/><W59/><G74/><T12/><D124/><U20/><E40/><V24/><F24/><W33/><G33/><T34/><D34/><U119/><E119/><V17/><F17/><W88/><G69/><T126/><D126/><U55/><E39/><V77/><F77/><W9/><G98/><T48/><D15/><U11/><E11/><V104/><F104/><W115/><G115/><T45/><D45/><U1/><E1/><V42/><F73/><W47/><G47/><T2/><D2/><U131/><E32/><V123/><F123/><W94/><REACH who="3" step="1"/><G100/><REACH who="3" ten="124,230,416,220" step="2"/><T44/><D44/><U67/><REACH who="1" step="1"/><E131/><REACH who="1" ten="124,220,416,220" step="2"/><V23/><F122/><W86/><G86/><T99/><D130/><U127/><E127/><V6/><F87/><W3/><G3/><T62/><D129/><U56/><E56/><V26/><F6/><W54/><G54/><N who="0" m="34103" /><D128/><U22/><E22/><V7/><F23/><W90/><G90/><AGARI ba="0,2" hai="20,27,29,55,58,60,66,67,90,95,96,97,101,105" machi="90" ten="30,3900,0" yaku="1,1,7,1,52,1,53,0" doraHai="52" doraHaiUra="75" who="1" fromWho="3" sc="124,0,220,59,416,0,220,-39" /><INIT seed="3,0,0,3,0,89" ten="124,279,416,181" oya="3" hai0="56,72,0,75,38,115,64,74,13,3,2,102,11" hai1="109,49,110,18,121,79,125,103,48,30,122,9,87" hai2="68,71,80,4,40,59,78,126,28,36,106,112,129" hai3="63,41,16,1,26,83,7,94,6,111,101,132,45"/><W37/><G132/><T20/><D115/><U90/><E30/><V10/><F112/><W60/><G83/><T127/><D38/><U35/><E35/><V117/><F117/><W8/><G7/><T25/><D127/><U98/><E9/><V85/><F106/><W92/><G111/><N who="1" m="42506" /><E18/><V105/><F105/><W95/><REACH who="3" step="1"/><G101/><REACH who="3" ten="124,279,416,171" step="2"/><T96/><D74/><U42/><E125/><V34/><F4/><W65/><G65/><T32/><D75/><U93/><E121/><V131/><F80/><W69/><G69/><T100/><D72/><U24/><E122/><V21/><F71/><W53/><G53/><T5/><D102/><U124/><E124/><V19/><F68/><W88/><G88/><T107/><D64/><U91/><E103/><V116/><F126/><W15/><G15/><T67/><D67/><U118/><E79/><V23/><F78/><W12/><G12/><T76/><D76/><U130/><E91/><V86/><F116/><W22/><AGARI ba="0,1" hai="1,6,8,16,22,26,37,41,45,60,63,92,94,95" machi="22" ten="30,18000,2" yaku="1,1,0,1,52,3,54,1,53,0" doraHai="89" doraHaiUra="44" who="3" fromWho="3" sc="124,-60,279,-60,416,-60,171,190" /><INIT seed="3,1,0,1,1,32" ten="64,219,356,361" oya="3" hai0="13,25,79,3,43,42,71,65,84,74,111,101,29" hai1="93,51,57,131,26,39,10,81,61,8,4,78,30" hai2="58,80,112,7,9,19,89,103,100,110,86,11,132" hai3="77,31,129,15,98,69,97,128,23,34,40,127,41"/><W46/><G69/><T33/><D111/><U5/><E39/><V17/><F110/><W122/><G122/><T108/><D108/><U50/><E131/><V96/><F112/><W14/><G77/><T27/><D74/><U126/><E126/><V21/><F132/><W91/><G127/><T134/><D134/><U83/><E93/><V6/><F19/><W85/><G34/><T0/><D13/><N who="3" m="4617" /><G23/><T20/><D101/><U28/><E61/><V92/><F103/><W16/><G16/><T59/><D71/><U119/><E78/><V62/><F7/><W1/><G31/><T104/><D104/><U37/><E37/><V72/><F6/><W76/><G76/><T70/><D70/><U133/><E133/><V68/><F68/><W63/><G63/><T124/><D124/><U121/><E121/><V90/><F100/><W87/><G1/><T60/><D79/><U49/><E119/><V22/><F22/><W135/><G87/><T55/><D84/><U102/><E102/><V64/><REACH who="2" step="1"/><F72/><REACH who="2" ten="64,219,346,361" step="2"/><W117/><G135/><T116/><D116/><U2/><E5/><V38/><F38/><W35/><G117/><T130/><D130/><N who="3" m="50281" /><G35/><T115/><D115/><U54/><E4/><V109/><F109/><W53/><G98/><T120/><D120/><U82/><E10/><V67/><F67/><W12/><G97/><T107/><D65/><U44/><E8/><V105/><F105/><W48/><N who="3" m="4625" /><AGARI ba="1,1" hai="9,11,12,17,21,58,62,64,80,86,89,90,92,96" machi="12" ten="30,7700,0" yaku="1,1,3,1,7,1,8,1,53,0" doraHai="32" doraHaiUra="125" who="2" fromWho="3" sc="64,0,219,0,346,90,361,-80" /><INIT seed="4,0,0,5,2,68" ten="64,219,436,281" oya="0" hai0="4,134,121,128,132,49,29,127,22,62,24,97,114" hai1="63,113,41,36,5,48,6,26,83,88,100,130,93" hai2="65,67,102,66,23,109,35,31,82,3,0,84,33" hai3="15,59,118,32,40,106,105,96,73,85,71,51,104"/><T30/><D121/><U101/><E130/><V131/><F109/><W135/><G73/><T72/><D72/><U74/><E113/><V25/><F131/><W58/><G71/><T12/><D128/><U126/><E126/><V129/><F129/><W27/><G118/><T87/><D114/><U76/><E63/><V44/><F102/><W39/><G15/><T8/><D127/><U47/><E48/><V92/><F92/><W28/><G135/><T81/><D97/><U9/><E26/><V125/><F44/><W57/><G85/><T19/><D49/><U103/><REACH who="1" step="1"/><E9/><REACH who="1" ten="64,209,436,281" step="2"/><V21/><F25/><W99/><REACH who="3" step="1"/><G51/><REACH who="3" ten="64,209,436,271" step="2"/><T53/><D134/><U91/><E91/><V45/><F125/><W95/><G95/><T115/><D132/><U133/><E133/><V75/><F75/><W38/><G38/><T77/><D115/><U1/><E1/><V86/><F0/><W111/><G111/><T34/><D34/><U52/><E52/><V90/><F3/><W55/><G55/><T79/><REACH who="0" step="1"/><D77/><REACH who="0" ten="54,209,436,271" step="2"/><U80/><E80/><V123/><F35/><W94/><G94/><T108/><D108/><U78/><E78/><V70/><F33/><W54/><G54/><T60/><D60/><U98/><AGARI ba="0,3" hai="5,6,36,41,47,74,76,83,88,93,98,100,101,103" machi="98" ten="30,8000,1" yaku="1,1,0,1,52,1,54,1,53,1" doraHai="68" doraHaiUra="37" who="1" fromWho="1" sc="54,-40,209,110,436,-20,271,-20" /><INIT seed="5,0,0,0,5,10" ten="14,319,416,251" oya="1" hai0="17,101,124,77,53,18,25,125,71,37,83,87,49" hai1="106,114,27,48,109,2,107,132,14,98,91,74,88" hai2="36,50,39,80,63,99,103,11,19,115,110,56,65" hai3="52,46,119,38,41,42,43,123,16,72,30,79,66"/><U1/><E74/><V40/><F110/><W117/><G123/><T26/><D37/><U129/><E114/><V120/><F120/><W81/><G30/><T67/><D101/><U64/><E109/><V3/><F115/><W82/><G66/><T121/><D121/><U135/><E27/><V62/><F80/><W69/><G69/><T96/><D96/><U9/><E64/><V113/><F113/><W23/><G82/><T75/><D75/><U116/><E116/><V102/><F102/><W47/><G52/><T0/><D0/><U51/><E129/><V57/><F50/><W111/><G111/><T5/><D5/><U122/><E122/><V35/><F35/><W60/><G60/><T20/><D67/><U8/><E98/><V31/><F31/><W7/><G7/><T6/><D6/><U105/><E105/><V59/><F3/><W68/><G68/><T33/><D71/><U118/><E118/><N who="3" m="45066" /><G38/><T84/><D33/><U34/><REACH who="1" step="1"/><E34/><REACH who="1" ten="14,309,416,251" step="2"/><V24/><F65/><W55/><G55/><T15/><D87/><U29/><E29/><V58/><F63/><W32/><G32/><T73/><D73/><U21/><E21/><V134/><F62/><W86/><G72/><T89/><D26/><U112/><E112/><V70/><F24/><W76/><G79/><T90/><D125/><U78/><E78/><V104/><F70/><W94/><G94/><T45/><REACH who="0" step="1"/><D124/><REACH who="0" ten="4,309,416,251" step="2"/><U97/><E97/><V22/><F99/><W128/><G128/><T13/><D13/><AGARI ba="0,2" hai="1,2,8,9,13,14,48,51,88,91,106,107,132,135" machi="13" ten="25,18000,2" yaku="1,1,22,2,52,2,54,1,53,0" doraHai="10" doraHaiUra="95" who="1" fromWho="0" sc="4,-180,309,200,416,0,251,0" /><AGARI ba="0,0" hai="13,16,23,41,42,43,46,47,76,81,86" m="45066" machi="13" ten="30,3900,0" yaku="12,1,52,1,54,1" doraHai="10" who="3" fromWho="0" sc="-176,-39,509,0,416,0,251,39" owari="-215,-71.5,509,60.9,416,21.6,290,-11.0" /></mjloggm>