<mjloggm ver="2.3"><GO type="169" lobby="0"/><UN n0="%E7%B8%A6%E9%B3%A5%E5%8D%83%E6%B3%A2" n1="%73%6F%63%63%68%79" n2="%E3%83%A9%E3%83%A0%E3%83%9E%E3%82%B8%E5%A4%A9%E4%BD%BF" n3="%E3%81%93%E3%81%A1" dan="16,16,17,16" rate="2160.08,2082.94,2167.53,2199.32" sx="F,M,M,F"/><TAIKYOKU oya="0"/><INIT seed="0,0,0,5,1,92" ten="250,250,250,250" oya="0" hai0="93,18,36,22,101,47,7,90,2,86,94,122,63" hai1="41,82,67,115,56,83,20,55,73,37,110,32,135" hai2="34,6,127,62,114,45,68,133,88,28,70,12,89" hai3="19,78,57,54,29,25,48,10,120,72,27,5,124"/><T44/><D122/><U108/><E32/><V26/><F114/><W102/><G120/><T46/><D36/><U53/><E20/><V129/><F127/><W42/><G124/><T100/><D2/><U107/><E107/><V71/><F129/><W130/><G130/><T77/><D7/><U105/><E105/><V117/><F133/><W126/><G126/><T35/><D35/><U39/><E73/><V31/><F117/><W65/><G65/><T76/><D63/><N who="1" m="38375" /><E83/><V60/><F45/><W66/><G66/><T85/><D85/><U116/><E82/><V43/><F43/><W118/><G118/><T4/><D4/><U8/><E8/><V81/><F31/><W16/><G42/><T121/><D121/><U119/><E135/><V33/><F33/><W21/><G72/><T103/><REACH who="0" step="1"/><D94/><REACH who="0" ten="240,250,250,250" step="2"/><U23/><E119/><V14/><F6/><W79/><G102/><T0/><D0/><U69/><E116/><V123/><F123/><W58/><G5/><T1/><D1/><U64/><E37/><V106/><F106/><W24/><G25/><AGARI ba="0,1" hai="18,22,25,44,46,47,76,77,86,90,93,100,101,103" machi="25" ten="40,7700,0" yaku="1,1,8,1,53,1" doraHai="92" doraHaiUra="15" who="0" fromWho="3" sc="240,87,250,0,250,0,250,-77" /><INIT seed="0,1,0,4,4,77" ten="327,250,250,173" oya="0" hai0="62,16,91,72,4,46,135,116,105,40,134,9,87" hai1="73,133,37,38,32,57,69,101,19,63,124,56,10" hai2="67,94,53,59,65,42,128,29,36,48,18,70,31" hai3="64,113,68,80,114,23,44,107,13,121,25,103,15"/><T21/><D116/><U75/><E32/><V110/><F110/><W39/><G121/><T109/><D72/><U71/><E101/><V8/><F128/><W130/><G130/><T33/><D105/><U7/><E133/><N who="0" m="50697" /><D33/><U127/><E19/><V100/><F67/><W79/><G103/><T41/><D62/><U6/><E63/><N who="2" m="40255" /><F18/><W115/><G107/><T17/><D109/><U78/><E78/><V95/><F8/><AGARI ba="1,0" hai="6,7,8,10,37,38,56,57,69,71,73,75,124,127" machi="8" ten="25,1600,0" yaku="22,2" doraHai="77" who="1" fromWho="2" sc="327,0,250,19,250,-19,173,0" /><INIT seed="1,0,0,0,4,3" ten="327,269,231,173" oya="1" hai0="60,59,44,88,20,40,129,122,72,120,27,128,81" hai1="37,107,28,19,78,14,84,11,18,117,13,100,109" hai2="26,115,51,25,68,125,39,1,102,108,134,10,9" hai3="48,95,54,114,79,123,53,111,15,130,21,42,116"/><U22/><E37/><V104/><F39/><W112/><G123/><N who="0" m="47147" /><D72/><U75/><E117/><V132/><F68/><W99/><G116/><T135/><D135/><N who="2" m="51754" /><F51/><W96/><G111/><T87/><D44/><U7/><E109/><V70/><F70/><W67/><G67/><N who="0" m="39327" /><D40/><U6/><E75/><V73/><F73/><W98/><G130/><T5/><D5/><N who="1" m="1547" /><E107/><V50/><F108/><W55/><G79/><T58/><D58/><U46/><E100/><V83/><F1/><W66/><G66/><T121/><N who="0" m="47155" /><T69/><DORA hai="0" /><D69/><U36/><E36/><V105/><F102/><W64/><G64/><T35/><D35/><U56/><E46/><V61/><F104/><W93/><G42/><T86/><D86/><U29/><E56/><V131/><F105/><W43/><G43/><T133/><D133/><U71/><E71/><V119/><F119/><W77/><G48/><T30/><AGARI ba="0,0" hai="20,27,30,81,87,88,128,129" m="39327,47155" machi="30" ten="40,2700,0" yaku="13,1,54,1" doraHai="3,0" who="0" fromWho="0" sc="327,27,269,-13,231,-7,173,-7" /><INIT seed="2,0,0,2,2,60" ten="354,256,224,166" oya="2" hai0="86,69,133,127,98,6,62,37,70,72,15,74,21" hai1="95,43,17,64,7,1,73,122,116,3,11,54,111" hai2="114,105,119,63,35,68,25,53,89,34,84,92,102" hai3="96,32,47,38,4,61,126,110,9,51,112,67,71"/><V113/><F119/><W97/><G32/><T29/><D37/><U2/><E116/><V85/><F85/><W106/><G110/><T91/><D127/><U132/><E111/><V56/><F68/><W87/><G126/><T66/><D133/><U123/><E132/><V131/><F131/><W44/><G112/><T50/><D69/><U59/><E73/><V45/><F45/><W109/><G109/><T30/><D98/><U108/><E108/><V27/><F105/><W103/><G38/><T78/><D78/><U46/><E17/><V49/><F102/><W10/><G96/><T52/><D74/><U90/><E64/><V81/><F81/><W31/><G31/><T129/><D72/><U24/><E24/><V77/><F77/><W26/><G26/><T36/><D36/><U75/><E75/><V94/><F94/><W124/><G124/><T79/><D79/><U101/><E101/><V41/><F41/><W58/><G9/><T125/><D129/><U23/><E23/><V28/><REACH who="2" step="1"/><F49/><REACH who="2" ten="354,256,214,166" step="2"/><W19/><G87/><T115/><D125/><U33/><E43/><V48/><F48/><W16/><G71/><T22/><D115/><U107/><E46/><V99/><F99/><W65/><G47/><T55/><D50/><N who="1" m="31191" /><E107/><V83/><F83/><W130/><G130/><T18/><D86/><N who="1" m="52695" /><E123/><V128/><F128/><W42/><REACH who="3" step="1"/><G65/><REACH who="3" ten="354,256,214,156" step="2"/><T76/><D70/><U80/><E122/><V93/><F93/><W12/><AGARI ba="0,2" hai="4,10,12,16,19,42,44,51,58,61,67,97,103,106" machi="12" ten="20,12000,2" yaku="1,1,2,1,0,1,7,1,52,1,54,1,53,0" doraHai="60" doraHaiUra="118" who="3" fromWho="3" sc="354,-30,256,-30,214,-60,156,140" /><INIT seed="3,0,0,4,2,47" ten="324,226,154,296" oya="3" hai0="32,101,93,37,121,91,99,133,21,1,24,85,135" hai1="43,86,7,59,18,34,20,124,80,77,129,9,83" hai2="109,95,82,45,62,5,14,26,13,40,112,39,36" hai3="53,128,120,130,41,72,54,81,94,67,48,97,100"/><W55/><G120/><T119/><D119/><U33/><E129/><N who="3" m="49770" /><G67/><T3/><D121/><U111/><E111/><V0/><F109/><W126/><G126/><T12/><D37/><U23/><E124/><V87/><F112/><W38/><G38/><T127/><D127/><U125/><E23/><V57/><F95/><W58/><G41/><T69/><D69/><U28/><E28/><V8/><F26/><W117/><G117/><T64/><D64/><U98/><E43/><V73/><F39/><W134/><G134/><N who="0" m="51211" /><D12/><U16/><E18/><V113/><F113/><W107/><G107/><N who="0" m="63935" /><D32/><U51/><E98/><V76/><REACH who="2" step="1"/><F87/><REACH who="2" ten="324,226,144,296" step="2"/><W104/><G104/><T61/><D61/><U122/><E125/><V118/><F118/><W66/><G66/><AGARI ba="0,1" hai="0,5,8,13,14,36,40,45,57,62,66,73,76,82" machi="66" ten="30,8000,1" yaku="1,1,7,1,25,2,53,1" doraHai="47" doraHaiUra="75" who="2" fromWho="3" sc="324,0,226,0,144,90,296,-80" /><INIT seed="4,0,0,1,3,45" ten="324,226,234,216" oya="0" hai0="59,109,127,57,4,51,74,92,39,123,46,35,10" hai1="21,100,28,115,121,133,99,40,65,23,119,97,71" hai2="76,9,48,91,77,43,85,19,135,30,53,69,80" hai3="125,78,29,49,38,25,17,98,52,94,132,95,20"/><T107/><D107/><U11/><E119/><V64/><F135/><W63/><G38/><T122/><D35/><U41/><E121/><V15/><F43/><W111/><G111/><T73/><D127/><U26/><E133/><V86/><F30/><W66/><G125/><T27/><D109/><U37/><E115/><V134/><F134/><W22/><G78/><T131/><D131/><U5/><E99/><V83/><F69/><W31/><G132/><T108/><D108/><U89/><E89/><V62/><F62/><W106/><G106/><T24/><D39/><U61/><E23/><V87/><F64/><W12/><G31/><T81/><D92/><U58/><E71/><V16/><F19/><W50/><G95/><T105/><D105/><U2/><REACH who="1" step="1"/><E37/><REACH who="1" ten="324,216,234,216" step="2"/><V3/><F91/><N who="3" m="55647" /><G66/><T14/><D123/><U101/><E101/><V96/><F96/><W90/><G90/><T13/><D122/><U79/><E79/><V70/><F70/><W44/><G44/><T93/><D46/><U7/><E7/><V56/><F86/><W126/><G126/><T55/><D4/><U54/><E54/><V47/><F47/><W72/><G72/><T124/><D55/><U33/><E33/><V104/><F104/><AGARI ba="0,1" hai="2,5,11,21,26,28,40,41,58,61,65,97,100,104" machi="104" ten="30,2000,0" yaku="1,1,7,1,53,0" doraHai="45" doraHaiUra="120" who="1" fromWho="2" sc="324,0,216,30,234,-20,216,0" /><INIT seed="5,0,0,3,3,35" ten="324,246,214,216" oya="1" hai0="65,34,104,130,45,13,129,9,115,87,20,48,121" hai1="101,8,79,11,78,6,3,36,118,97,27,98,57" hai2="14,76,107,83,96,134,56,30,72,44,1,40,105" hai3="124,95,31,16,17,64,86,116,23,73,81,88,33"/><U91/><E118/><V60/><F134/><W63/><G124/><T68/><D34/><U61/><E36/><V99/><F30/><W131/><G131/><N who="0" m="50187" /><D104/><U54/><E27/><V47/><F14/><W66/><G116/><T93/><D115/><U100/><E91/><V24/><F24/><N who="3" m="16799" /><G33/><T84/><D121/><U69/><E69/><V92/><F99/><N who="3" m="57831" /><G73/><T18/><D93/><U110/><E110/><V114/><F114/><W42/><G42/><N who="0" m="24631" /><D20/><U128/><E128/><V38/><F44/><W10/><G63/><AGARI ba="0,0" hai="9,13,18,63,65,68,84,87" m="24631,50187" machi="63" ten="30,1000,0" yaku="19,1" doraHai="35" who="0" fromWho="3" sc="324,10,246,0,214,0,216,-10" /><INIT seed="6,0,0,0,0,83" ten="334,246,214,206" oya="2" hai0="91,81,71,92,87,73,28,64,9,99,126,58,19" hai1="131,25,43,98,37,104,39,21,32,5,111,33,100" hai2="114,2,88,128,121,132,31,90,123,119,103,84,12" hai3="69,41,105,134,16,122,36,86,62,72,120,11,97"/><V56/><F119/><W20/><G72/><T117/><D71/><U44/><E111/><V1/><F114/><W4/><G134/><T17/><D126/><U40/><E131/><V77/><F132/><W35/><G35/><T113/><D113/><U14/><E14/><V24/><F128/><W96/><G86/><T116/><D73/><U50/><E5/><V26/><F12/><W65/><G41/><T6/><D28/><U13/><E13/><V49/><F103/><W75/><G36/><T38/><D38/><U18/><REACH who="1" step="1"/><E50/><REACH who="1" ten="334,236,214,206" step="2"/><V23/><F1/><W133/><G133/><T15/><D116/><U115/><E115/><V10/><F2/><W78/><G4/><T0/><D117/><U127/><E127/><V110/><F110/><W93/><G11/><T95/><D0/><U57/><E57/><V30/><F10/><W45/><G120/><T85/><D58/><U51/><E51/><V48/><F123/><W3/><G122/><T125/><D125/><U29/><E29/><V76/><F121/><W42/><G3/><T112/><D112/><U82/><E82/><V66/><F49/><W7/><G7/><T47/><D47/><AGARI ba="0,1" hai="18,21,25,32,33,37,39,40,43,44,47,98,100,104" machi="47" ten="40,8000,1" yaku="1,1,9,1,53,2" doraHai="83" doraHaiUra="68" who="1" fromWho="0" sc="334,-80,236,90,214,0,206,0" /><INIT seed="7,0,0,3,2,33" ten="254,326,214,206" oya="3" hai0="21,52,135,89,40,0,30,58,37,8,133,102,70" hai1="131,1,66,85,2,54,7,47,39,48,98,34,24" hai2="71,108,29,3,75,35,67,86,80,121,36,53,25" hai3="90,93,115,87,134,101,10,92,94,104,130,123,105"/><W125/><G123/><T51/><D70/><U124/><E7/><V56/><F108/><W77/><G125/><T74/><D102/><U118/><E66/><V19/><F121/><W6/><G130/><T100/><D100/><U83/><E39/><V84/><F36/><W73/><G115/><T111/><D111/><U57/><E118/><V26/><F3/><W23/><G23/><T64/><D64/><U63/><E98/><V128/><F128/><W15/><G134/><N who="0" m="51211" /><D74/><U27/><E131/><V61/><F19/><W120/><G120/><T65/><D65/><U99/><E99/><V103/><F103/><W72/><G72/><T22/><D30/><U96/><E96/><V132/><F132/><W127/><G127/><T116/><D116/><U59/><E59/><V109/><F109/><W18/><G18/><T16/><D89/><U11/><E11/><V106/><F106/><W46/><G46/><N who="0" m="23823" /><D0/><U31/><E27/><V122/><F25/><W43/><G43/><T126/><D126/><U114/><E114/><V20/><F122/><W82/><REACH who="3" step="1"/><G101/><REACH who="3" ten="254,326,214,196" step="2"/><T17/><D17/><U42/><E124/><V81/><F20/><W79/><G79/><AGARI ba="0,1" hai="1,2,24,31,34,42,47,48,54,57,63,79,83,85" machi="79" ten="30,3900,0" yaku="7,1,52,2" doraHai="33" who="1" fromWho="3" sc="254,0,326,49,214,0,196,-39" owari="254,5.4,375,47.5,214,-18.6,157,-34.3" /></mjloggm>