<mjloggm ver="2.3"><GO type="169" lobby="0"/><UN n0="%E7%B4%94%E5%85%A8%E5%B8%AF%E4%B8%89%E8%89%B2" n1="%E3%81%8D%E3%81%84%E3%81%AA" n2="%E7%B9%AD%E3%82%92%E8%A7%A3%E3%81%8F" n3="%E3%81%A1%E3%82%83%E3%82%8B%E3%82%81%E3%82%89" dan="16,17,17,17" rate="2121.98,2167.99,2203.45,2179.08" sx="M,F,M,M"/><TAIKYOKU oya="0"/><INIT seed="0,0,0,3,1,86" ten="250,250,250,250" oya="0" hai0="71,98,109,82,118,41,112,20,14,132,0,133,63" hai1="90,12,1,53,52,23,30,91,96,117,7,31,107" hai2="19,16,113,74,79,27,129,84,69,97,15,47,59" hai3="99,126,116,10,11,127,93,5,110,58,42,46,121"/><T8/><D112/><U34/><E117/><V119/><F69/><W87/><G116/><T21/><D118/><U61/><E34/><V73/><F113/><W3/><G11/><T78/><D0/><U85/><E1/><V105/><F119/><W67/><G110/><T2/><D2/><U13/><E107/><V43/><F129/><W9/><G9/><T44/><D109/><U66/><E7/><V122/><F122/><W37/><G87/><T68/><D98/><U28/><E96/><V101/><F27/><W45/><G45/><T123/><D123/><U4/><E4/><V40/><F59/><W6/><G6/><T26/><D63/><U75/><E75/><V111/><F43/><W54/><G67/><T102/><D102/><U124/><E124/><V83/><F19/><W24/><G24/><T60/><D60/><U131/><E131/><V76/><F76/><W77/><G77/><T36/><D71/><U134/><E134/><N who="0" m="51817" /><D26/><U81/><E91/><V89/><F79/><W38/><G38/><T49/><D68/><U50/><E23/><V17/><F17/><W62/><REACH who="3" step="1"/><G121/><REACH who="3" ten="250,250,250,240" step="2"/><T51/><D8/><U39/><E39/><V55/><F111/><W130/><G130/><T108/><D108/><U35/><E66/><V135/><F135/><W95/><G95/><T29/><D14/><U92/><E92/><V100/><F74/><W106/><G106/><T103/><D36/><U64/><E64/><V114/><F73/><W104/><G104/><T65/><D65/><U70/><E70/><V56/><F105/><W72/><G72/><T94/><D78/><RYUUKYOKU ba="0,1" sc="250,-10,250,-10,250,-10,240,30" hai3="3,5,10,37,42,46,54,58,62,93,99,126,127" /><INIT seed="1,1,1,1,1,1" ten="240,240,240,270" oya="1" hai0="84,74,82,15,4,115,91,98,54,34,96,89,118" hai1="49,109,76,31,65,131,25,130,126,79,29,36,123" hai2="132,17,38,95,85,81,103,94,30,32,125,39,97" hai3="72,93,60,21,61,88,110,92,62,66,90,59,51"/><U46/><E123/><V108/><F108/><W121/><G110/><T128/><D34/><U56/><E109/><V55/><F132/><W23/><G72/><T116/><D54/><U43/><E126/><V19/><F125/><W135/><G135/><T78/><D15/><U105/><E105/><V10/><F32/><W24/><G121/><T119/><D4/><U33/><E31/><V57/><F30/><W50/><G62/><T6/><D6/><U120/><E120/><V58/><F94/><W12/><G12/><T68/><D68/><U28/><E28/><V133/><F133/><W45/><G24/><T42/><D42/><U77/><E49/><V5/><F39/><W47/><REACH who="3" step="1"/><G59/><REACH who="3" ten="240,240,240,260" step="2"/><T3/><D3/><U83/><REACH who="1" step="1"/><E83/><REACH who="1" ten="240,230,240,260" step="2"/><V63/><F81/><W122/><G122/><T113/><D113/><U80/><E80/><V14/><F38/><W107/><G107/><T2/><D115/><U67/><E67/><AGARI ba="1,3" hai="21,23,45,47,50,51,60,61,66,67,88,90,92,93" machi="67" ten="25,8000,1" yaku="1,1,22,2,8,1,54,1,53,0" doraHai="1" doraHaiUra="7" who="3" fromWho="1" sc="240,0,230,-83,240,0,260,113" /><INIT seed="2,0,0,3,2,19" ten="240,147,240,373" oya="2" hai0="87,130,126,100,68,85,45,70,62,65,11,29,54" hai1="35,36,15,18,112,21,79,76,50,101,52,114,108" hai2="131,98,8,71,27,124,95,38,9,121,102,61,105" hai3="84,106,59,46,58,32,23,10,118,25,86,5,93"/><V82/><F121/><W66/><G106/><T2/><D126/><U41/><E108/><V13/><F124/><W92/><G32/><T6/><D130/><U122/><E122/><V63/><F131/><W53/><G118/><T47/><D70/><U127/><E127/><V20/><F38/><W111/><G111/><T3/><D3/><U83/><E35/><V69/><F105/><W24/><G46/><T99/><D29/><U115/><E36/><V103/><F103/><W94/><G66/><T56/><D47/><U1/><E1/><V42/><F42/><W97/><G97/><T116/><D45/><U64/><E41/><V0/><F0/><W120/><G10/><T26/><D26/><U80/><E64/><V88/><F8/><W44/><G44/><T49/><REACH who="0" step="1"/><D116/><REACH who="0" ten="230,147,240,373" step="2"/><U81/><REACH who="1" step="1"/><E101/><REACH who="1" ten="230,137,240,373" step="2"/><V7/><F71/><W132/><G120/><T28/><D28/><U110/><E110/><V109/><F69/><W60/><G132/><T107/><AGARI ba="0,2" hai="2,6,11,49,54,56,62,65,68,85,87,99,100,107" machi="107" ten="20,2700,0" yaku="1,1,0,1,7,1,53,0" doraHai="19" doraHaiUra="74" who="0" fromWho="0" sc="230,47,137,-7,240,-13,373,-7" /><INIT seed="3,0,0,4,3,119" ten="277,130,227,366" oya="3" hai0="82,21,116,40,93,38,86,5,95,24,124,112,39" hai1="31,100,30,10,14,55,33,69,122,34,16,125,91" hai2="46,75,17,97,42,109,26,53,133,49,123,79,27" hai3="108,8,63,65,101,118,11,120,134,85,1,84,12"/><W61/><G118/><T62/><D116/><U117/><E117/><V92/><F109/><W102/><G1/><T43/><D124/><U115/><E69/><V90/><F133/><W37/><G37/><T74/><D74/><U104/><E104/><V126/><F126/><W80/><G12/><T29/><D112/><U64/><E64/><V15/><F75/><W77/><G65/><T67/><D5/><U19/><E100/><V59/><F79/><W83/><G77/><T28/><D28/><N who="1" m="10795" /><E55/><V48/><REACH who="2" step="1"/><F123/><REACH who="2" ten="277,130,217,366" step="2"/><W110/><G134/><T89/><D39/><U87/><E125/><V128/><F128/><W3/><G3/><T25/><D38/><U131/><E131/><V7/><F7/><W72/><G72/><T105/><D105/><U98/><E115/><V22/><AGARI ba="0,1" hai="15,17,22,26,27,42,46,48,49,53,59,90,92,97" machi="22" ten="20,5200,0" yaku="1,1,0,1,7,1,8,1,53,0" doraHai="119" doraHaiUra="73" who="2" fromWho="2" sc="277,-13,130,-13,217,62,366,-26" /><INIT seed="4,0,0,4,3,53" ten="264,117,279,340" oya="0" hai0="97,105,80,135,28,71,17,29,124,30,73,79,12" hai1="107,54,23,87,40,83,93,41,15,7,130,64,133" hai2="86,0,74,106,66,115,58,51,52,13,39,114,14" hai3="118,63,116,5,102,10,117,98,44,128,65,69,109"/><T25/><D124/><U108/><E107/><V16/><F74/><W62/><G109/><T121/><D135/><U61/><E108/><V37/><F0/><W67/><G128/><T119/><D121/><U19/><E130/><V50/><F106/><W94/><G44/><T56/><D71/><U2/><E133/><V122/><F122/><W91/><G91/><T9/><D119/><U38/><E38/><V34/><F34/><W129/><G129/><T84/><D73/><U24/><E2/><V22/><F14/><W131/><G131/><T77/><D77/><U127/><E93/><V60/><F86/><W72/><G72/><T21/><D105/><U132/><E127/><V99/><F51/><W3/><REACH who="3" step="1"/><G116/><REACH who="3" ten="264,117,279,330" step="2"/><T112/><D112/><N who="2" m="43050" /><F99/><W78/><G78/><T113/><D113/><U75/><E75/><V20/><F22/><W101/><G101/><T85/><D97/><U46/><E132/><V96/><F96/><W47/><G47/><AGARI ba="0,1" hai="13,16,20,37,39,47,50,52,58,60,66" m="43050" machi="47" ten="30,7700,0" yaku="15,1,52,1,54,2" doraHai="53" who="2" fromWho="3" sc="264,0,117,0,279,87,330,-77" /><INIT seed="5,0,0,0,3,118" ten="264,117,366,253" oya="1" hai0="133,62,18,5,21,72,10,41,80,71,108,106,124" hai1="36,119,76,134,30,58,82,50,104,4,114,17,45" hai2="0,95,23,122,79,34,103,40,57,55,132,101,89" hai3="91,123,6,96,44,126,60,38,68,69,83,121,39"/><U19/><E119/><V14/><F34/><W65/><G69/><T70/><D106/><U84/><E114/><V99/><F122/><W63/><G63/><T107/><D107/><U7/><E134/><V15/><F0/><W11/><G126/><T26/><D108/><U28/><E36/><V75/><F75/><W31/><G31/><N who="1" m="11818" /><E58/><V90/><F79/><W47/><G39/><T13/><D124/><U25/><E104/><V1/><F40/><W88/><G96/><T52/><D133/><U29/><N who="1" m="11826" /><U98/><DORA hai="73" /><E98/><V46/><F46/><W37/><G47/><T128/><D128/><U27/><E19/><V56/><F132/><W113/><G113/><T48/><D41/><N who="1" m="24879" /><E17/><V110/><F1/><W61/><G61/><T130/><D130/><U16/><E25/><V9/><F99/><W85/><G38/><T109/><D62/><U120/><E120/><V135/><F135/><W49/><G37/><T81/><D72/><U77/><E76/><V100/><F57/><W87/><G44/><T94/><D71/><U92/><E92/><V74/><F95/><W86/><G49/><T115/><D70/><U3/><E3/><V125/><F56/><W24/><G24/><T51/><D115/><U117/><E117/><V35/><F74/><W20/><G123/><T43/><D94/><U112/><E112/><V64/><F125/><W129/><G121/><T32/><D32/><U127/><E127/><V78/><F35/><W105/><G105/><T54/><D48/><U111/><E111/><V97/><F110/><W8/><G129/><T33/><D109/><RYUUKYOKU ba="0,0" sc="264,-10,117,30,366,-10,253,-10" hai1="4,7,16,27,77,82,84" /><INIT seed="5,1,0,5,0,104" ten="254,147,356,243" oya="1" hai0="15,3,10,2,135,56,82,134,59,103,8,89,41" hai1="46,109,98,87,38,30,39,99,37,128,113,4,69" hai2="48,85,114,76,11,92,50,66,68,61,112,116,122" hai3="13,132,127,120,45,105,5,79,31,123,97,51,124"/><U88/><E113/><N who="2" m="43627" /><F116/><W115/><G115/><T22/><D103/><U108/><E128/><V77/><F122/><W100/><G132/><N who="0" m="50731" /><D41/><U73/><E69/><V93/><F11/><N who="0" m="4138" /><D15/><U78/><E4/><V91/><F93/><W54/><G5/><T1/><D22/><U20/><E46/><V64/><F64/><W53/><G13/><T63/><D63/><U42/><E42/><V102/><F102/><W32/><G54/><T107/><D107/><U94/><E30/><V67/><F67/><W118/><G118/><T126/><D126/><N who="3" m="48169" /><G79/><AGARI ba="1,0" hai="48,50,61,66,68,76,77,79,85,91,92" m="43627" machi="79" ten="30,2000,0" yaku="15,1,11,1" doraHai="104" who="2" fromWho="3" sc="254,0,147,0,356,23,243,-23" /><INIT seed="6,0,0,1,3,28" ten="254,147,379,220" oya="2" hai0="100,78,67,119,17,9,123,115,75,101,74,42,57" hai1="102,39,11,113,15,80,46,73,108,76,32,77,90" hai2="66,94,132,12,48,128,69,118,81,59,84,121,99" hai3="4,114,83,105,79,89,45,109,33,25,106,117,95"/><V41/><F121/><W93/><G109/><T52/><D123/><U97/><E113/><V27/><F118/><W16/><G117/><T107/><D67/><U24/><E108/><V23/><F132/><W34/><G114/><T130/><D42/><U64/><E77/><V38/><F38/><W26/><G4/><T10/><D78/><U31/><E90/><V62/><F128/><W14/><G45/><T91/><D107/><U129/><E129/><V122/><F122/><W87/><G106/><T110/><D91/><U112/><E112/><V71/><F12/><W56/><G105/><T49/><D130/><U44/><E64/><V8/><F8/><W63/><G26/><T40/><D115/><U103/><E39/><V58/><F71/><W88/><G25/><T92/><D40/><U82/><E82/><V37/><F37/><W116/><G89/><T29/><D29/><U47/><REACH who="1" step="1"/><E97/><REACH who="1" ten="254,137,379,220" step="2"/><V43/><F81/><W7/><G116/><T54/><D119/><U133/><E133/><V53/><F84/><W61/><G79/><T124/><D110/><U18/><AGARI ba="0,1" hai="11,15,18,24,31,32,44,46,47,73,76,80,102,103" machi="18" ten="30,7900,0" yaku="1,1,0,1,52,1,53,1" doraHai="28" doraHaiUra="22" who="1" fromWho="1" sc="254,-20,137,89,379,-39,220,-20" /><INIT seed="7,0,0,1,5,94" ten="234,226,340,200" oya="3" hai0="38,64,57,102,5,43,98,77,126,25,88,7,53" hai1="97,106,52,93,28,118,72,75,61,27,59,20,71" hai2="6,119,91,58,69,101,63,29,105,113,11,89,36" hai3="26,65,44,9,130,86,115,117,55,80,116,99,83"/><W76/><G115/><T51/><D77/><U96/><E118/><V125/><F119/><W122/><G122/><T70/><D126/><U84/><E71/><V17/><F36/><W95/><G65/><T41/><D88/><U16/><E84/><V46/><F46/><W79/><G130/><T131/><D25/><U132/><E132/><V108/><F17/><W123/><G123/><T129/><D7/><U104/><E104/><V23/><F91/><W135/><G135/><T47/><D5/><U92/><E106/><V49/><F89/><W107/><G107/><N who="0" m="63959" /><D43/><U21/><E93/><V120/><F113/><W33/><G9/><T19/><D19/><U73/><REACH who="1" step="1"/><E92/><REACH who="1" ten="234,216,340,200" step="2"/><V60/><F105/><W31/><G44/><T114/><D114/><U81/><E81/><V18/><F69/><W32/><G32/><T112/><D112/><U87/><E87/><V121/><F121/><W14/><G14/><AGARI ba="0,1" hai="14,16,20,21,27,28,52,59,61,72,73,75,96,97" machi="14" ten="40,8000,1" yaku="1,1,52,2,54,2,53,0" doraHai="94" doraHaiUra="34" who="1" fromWho="3" sc="234,0,216,90,340,0,200,-80" owari="234,-16.6,306,10.6,340,44.0,120,-38.0" /></mjloggm>