<mjloggm ver="2.3"><GO type="169" lobby="0"/><UN n0="%62%73%64%5F%33" n1="%E3%81%88%E3%81%84%E3%81%8D%E3%81%A1%40%35%6D%66" n2="%74%6B%34%32" n3="%E3%80%8E%E3%83%A8%E3%82%B9%E3%82%AC%E3%83%8E%E3%82%BD%E3%83%A9%E3%80%8F" dan="17,17,16,17" rate="2135.32,2218.47,2112.47,2168.74" sx="F,M,M,M"/><TAIKYOKU oya="0"/><INIT seed="0,0,0,3,1,112" ten="250,250,250,250" oya="0" hai0="4,22,89,49,33,100,94,99,115,30,16,122,46" hai1="9,36,69,113,134,135,78,15,45,55,37,12,121" hai2="98,127,106,131,43,51,3,14,11,129,132,71,62" hai3="72,57,27,123,97,1,38,107,10,60,28,128,75"/><T133/><D115/><U48/><E113/><V66/><F3/><W41/><G128/><N who="2" m="49225" /><F106/><W111/><G111/><T59/><D122/><U44/><E121/><V101/><F127/><W56/><G123/><T118/><D133/><N who="1" m="50699" /><E69/><V73/><F73/><W85/><G85/><T42/><D4/><N who="1" m="3111" /><E78/><V19/><F132/><W91/><G57/><T76/><D76/><U5/><E45/><N who="2" m="26047" /><F98/><W20/><G41/><T92/><D33/><U58/><E44/><V116/><F101/><W110/><G110/><T8/><D8/><AGARI ba="0,0" hai="5,8,15,36,37,48,55,58" m="3111,50699" machi="8" ten="30,1000,0" yaku="20,1" doraHai="112" who="1" fromWho="0" sc="250,-10,250,10,250,0,250,0" /><INIT seed="1,0,0,2,2,40" ten="240,260,250,250" oya="1" hai0="107,135,6,128,70,60,113,48,3,92,69,21,7" hai1="9,121,109,63,52,14,38,91,66,131,108,15,71" hai2="30,116,94,28,124,4,90,20,84,104,23,133,127" hai3="44,86,32,11,81,31,10,26,80,22,16,132,56"/><U102/><E121/><V35/><F104/><W78/><G132/><T53/><D107/><U46/><E131/><V95/><F116/><W47/><G56/><T2/><D113/><U111/><E102/><V19/><F4/><W42/><G81/><T114/><D114/><U123/><E123/><V33/><F133/><W122/><G122/><T25/><D128/><U118/><E118/><V88/><F84/><W79/><G79/><T83/><D92/><U89/><E15/><V5/><F5/><W100/><G100/><T58/><D83/><U77/><E77/><V13/><F19/><W120/><G120/><T34/><D34/><U57/><E38/><V103/><F13/><W49/><REACH who="3" step="1"/><G47/><REACH who="3" ten="240,260,250,240" step="2"/><T1/><D135/><U0/><E46/><V126/><F127/><W96/><G96/><T24/><D70/><U67/><E0/><V27/><F103/><W39/><G39/><T82/><D82/><U41/><E41/><V125/><F126/><W101/><G101/><T110/><D69/><U129/><E129/><V62/><F62/><W50/><G50/><T73/><D48/><N who="1" m="30855" /><E67/><V43/><F43/><W98/><G98/><T12/><D1/><U54/><E54/><V76/><F76/><W134/><G134/><T97/><D2/><U17/><AGARI ba="0,1" hai="9,14,17,63,66,71,89,91,108,109,111" m="30855" machi="17" ten="30,6000,0" yaku="14,1,10,1,54,1" doraHai="40" who="1" fromWho="1" sc="240,-20,260,70,250,-20,240,-20" /><INIT seed="1,1,0,1,0,29" ten="220,330,230,220" oya="1" hai0="102,127,89,124,122,45,91,32,114,54,11,26,68" hai1="65,48,5,59,80,14,73,36,51,33,53,117,100" hai2="88,123,38,55,82,13,93,87,110,83,113,116,115" hai3="57,16,0,49,92,99,28,56,24,10,43,133,12"/><U64/><E117/><V109/><F38/><W23/><G133/><T103/><D114/><N who="2" m="43530" /><F116/><W19/><G0/><T130/><D68/><U41/><E36/><V104/><F123/><W134/><G134/><T8/><D122/><U119/><E119/><V121/><F121/><W31/><G43/><T78/><D78/><U3/><E3/><V84/><F13/><W58/><REACH who="3" step="1"/><G49/><REACH who="3" ten="220,330,230,210" step="2"/><T71/><D127/><U47/><E48/><V101/><F55/><W118/><G118/><T46/><D124/><U120/><E51/><V25/><F25/><W125/><G125/><T15/><D54/><U135/><E53/><V76/><F110/><W39/><G39/><T79/><D26/><U95/><E41/><V50/><F50/><W75/><G75/><T17/><D15/><U34/><E14/><V7/><F109/><W20/><G20/><T4/><D32/><U106/><E73/><V27/><F27/><W105/><G105/><T108/><D108/><U30/><E106/><V74/><F7/><W72/><G72/><T98/><D4/><U67/><E5/><V63/><F63/><W85/><G85/><T107/><D107/><U44/><E135/><V90/><F104/><W21/><G21/><T2/><D2/><U1/><E1/><V62/><F62/><W9/><G9/><T97/><D8/><U126/><E126/><V128/><F128/><W22/><G22/><T35/><D130/><U86/><E120/><V129/><F129/><W94/><G94/><T61/><D61/><U112/><E112/><V81/><F93/><W18/><G18/><T40/><D17/><RYUUKYOKU ba="1,1" sc="220,-15,330,-15,230,15,210,15" hai2="74,76,81,82,83,84,87,88,90,101" hai3="10,12,16,19,23,24,28,31,56,57,58,92,99" /><INIT seed="2,2,1,4,3,49" ten="205,315,245,225" oya="2" hai0="16,100,78,125,116,122,132,113,118,62,17,128,23" hai1="3,25,135,35,9,7,44,86,87,111,34,95,67" hai2="90,43,57,109,99,102,134,73,48,64,18,0,127" hai3="85,69,121,82,71,1,110,5,37,97,15,31,42"/><V41/><F73/><W14/><G121/><T75/><D113/><U74/><E74/><V50/><F0/><W120/><G120/><T72/><D122/><U133/><E111/><V112/><F112/><W117/><G117/><T27/><D132/><N who="1" m="50763" /><E67/><V47/><F127/><W108/><G31/><T92/><D125/><U30/><E35/><V81/><F134/><W60/><G1/><T88/><D128/><U26/><E26/><V80/><F109/><N who="3" m="42091" /><G97/><T40/><D100/><U24/><E24/><V33/><F33/><W11/><G14/><T93/><D40/><U39/><E95/><N who="2" m="58751" /><F18/><W126/><G126/><T13/><D93/><U52/><E39/><V129/><F129/><W119/><G119/><N who="0" m="45611" /><D62/><U10/><E10/><V21/><F21/><W55/><G42/><T98/><D78/><U20/><E34/><V130/><F130/><W63/><G37/><T104/><D104/><U66/><E66/><V83/><F43/><W4/><G5/><T29/><D17/><U105/><E105/><V107/><F107/><W61/><G71/><T46/><D29/><U38/><E38/><V103/><F103/><W8/><G8/><T76/><D76/><U77/><E77/><V114/><F114/><W12/><G69/><T124/><D124/><U32/><E32/><V28/><F28/><W65/><G65/><T84/><D27/><U2/><E2/><V123/><F64/><W115/><G115/><T70/><D70/><U89/><E89/><V96/><F123/><W131/><G131/><T91/><D72/><U19/><E30/><V51/><F57/><N who="3" m="34879" /><G12/><T22/><D75/><RYUUKYOKU ba="2,1" sc="205,-30,315,10,245,10,225,10" hai1="3,7,9,19,20,25,44,52,86,87" hai2="41,47,48,50,51,80,81,83,90,96" hai3="4,11,15,61,63,82,85" /><INIT seed="2,3,1,4,0,89" ten="175,325,255,235" oya="2" hai0="96,83,65,88,11,119,82,79,35,28,26,99,84" hai1="66,67,92,24,49,80,27,36,125,101,102,128,111" hai2="21,118,123,17,54,106,68,1,108,40,7,16,74" hai3="86,116,90,75,130,87,133,126,134,31,2,112,77"/><V51/><F118/><W115/><G2/><T78/><D119/><U60/><E36/><V33/><F123/><W131/><G31/><T38/><D38/><U18/><E111/><V3/><F106/><W76/><G116/><T30/><D65/><U39/><E39/><V72/><F68/><W93/><G75/><T117/><D117/><U4/><E128/><N who="3" m="49194" /><G126/><T62/><D62/><U124/><E4/><V46/><F33/><W107/><G107/><T22/><D11/><U10/><E80/><V15/><F108/><W105/><G105/><T50/><D79/><N who="3" m="30281" /><G86/><T57/><D30/><U52/><E124/><V53/><F3/><W69/><G69/><T110/><D35/><U64/><E60/><V44/><F54/><W73/><G73/><T20/><D20/><U91/><E125/><V71/><F71/><W127/><G127/><T6/><D6/><U100/><E18/><V135/><F17/><W37/><G37/><T32/><D32/><U113/><E10/><V122/><F122/><W94/><G94/><T34/><D34/><U95/><E113/><AGARI ba="3,1" hai="87,90,93,112,113,115,133,134" m="30281,49194" machi="113" ten="40,8000,1" yaku="11,1,19,1,34,2,52,1" doraHai="89" who="3" fromWho="1" sc="175,0,325,-89,255,0,235,99" /><INIT seed="3,0,0,5,5,2" ten="175,236,255,334" oya="3" hai0="86,64,104,56,70,3,84,42,124,93,22,75,40" hai1="62,31,73,129,36,76,91,39,43,51,37,103,88" hai2="98,128,46,4,16,34,102,45,66,0,113,135,123" hai3="55,48,107,99,96,15,95,28,79,77,8,7,47"/><W72/><G107/><T112/><D104/><U68/><E129/><V57/><F113/><W118/><G118/><T90/><D75/><U13/><E103/><V11/><F128/><W121/><G121/><T35/><D35/><U60/><E31/><V105/><F34/><W58/><G72/><T20/><D70/><U50/><E73/><V78/><F135/><W53/><G28/><T41/><D124/><U119/><E76/><V52/><F66/><W18/><G18/><T65/><D112/><U92/><E119/><V12/><F78/><W33/><G33/><T17/><D3/><U32/><E32/><V125/><F125/><W30/><G30/><T120/><D120/><U132/><E132/><V23/><F123/><W89/><REACH who="3" step="1"/><G99/><REACH who="3" ten="175,236,255,324" step="2"/><T38/><D17/><U21/><E36/><V67/><F67/><W74/><G74/><T87/><D38/><U106/><E37/><V101/><F101/><W134/><G134/><T108/><D108/><U5/><E39/><V114/><F114/><W6/><G6/><T61/><REACH who="0" step="1"/><D65/><REACH who="0" ten="165,236,255,324" step="2"/><U25/><E106/><V80/><F80/><W115/><G115/><T109/><D109/><U24/><E5/><V131/><F131/><W83/><G83/><T133/><D133/><U49/><E92/><V27/><F0/><W69/><G69/><T71/><D71/><U85/><E68/><V94/><F105/><W126/><G126/><T19/><D19/><U122/><E122/><V29/><F29/><W82/><G82/><T9/><D9/><U10/><E10/><V116/><F116/><W44/><G44/><T14/><D14/><RYUUKYOKU ba="0,2" sc="165,10,236,-30,255,10,324,10" hai0="20,22,40,41,42,56,61,64,84,86,87,90,93" hai2="4,11,12,16,23,27,45,46,52,57,94,98,102" hai3="7,8,15,47,48,53,55,58,77,79,89,95,96" /><INIT seed="3,1,2,1,5,20" ten="175,206,265,334" oya="3" hai0="125,25,94,131,117,38,30,104,93,36,96,109,114" hai1="95,18,126,60,111,102,67,5,15,76,66,45,78" hai2="61,105,8,53,47,29,97,23,103,101,84,50,1" hai3="69,121,72,68,51,57,54,134,17,89,129,39,42"/><W112/><G112/><T81/><D117/><U82/><E111/><V58/><F103/><W24/><G121/><T87/><D109/><U73/><E126/><V41/><F84/><W11/><G72/><T9/><D125/><U19/><E78/><V85/><F85/><W77/><G134/><T119/><D119/><U4/><E45/><V123/><F123/><W62/><G77/><T63/><D114/><U32/><E32/><V90/><F90/><W55/><G129/><T35/><D131/><U116/><E116/><V98/><F98/><W71/><G89/><T108/><D108/><U14/><E95/><V99/><F99/><W65/><G11/><T3/><D104/><U113/><E102/><V34/><F34/><W52/><G24/><T128/><D63/><U44/><E44/><V13/><F1/><W75/><G17/><T59/><D59/><U135/><E135/><V33/><F33/><W100/><G100/><N who="0" m="60431" /><D94/><U43/><E43/><V110/><F110/><W28/><G28/><T120/><D128/><U79/><E113/><V88/><F88/><W132/><G75/><T122/><D122/><U46/><E46/><V80/><F80/><W133/><G39/><T37/><D120/><U40/><E40/><V26/><F13/><N who="1" m="4617" /><E79/><V27/><F8/><W64/><G42/><T86/><D81/><U22/><E67/><N who="3" m="25674" /><G55/><T31/><D31/><U48/><E22/><V107/><REACH who="2" step="1"/><F27/><REACH who="2" ten="175,206,255,334" step="2"/><W74/><G74/><T49/><D87/><U83/><E83/><V130/><F130/><W2/><G2/><T70/><D86/><U7/><E48/><V0/><F0/><RYUUKYOKU ba="1,3" sc="175,-30,206,10,255,10,334,10" hai1="4,5,7,18,19,60,66,73,76,82" hai2="23,26,29,41,47,50,53,58,61,97,101,105,107" hai3="51,52,54,57,62,68,69,71,132,133" /><INIT seed="3,2,3,3,1,92" ten="145,216,265,344" oya="3" hai0="61,106,104,21,9,89,34,60,105,8,82,64,26" hai1="133,41,17,85,12,84,59,52,15,98,99,116,24" hai2="10,63,3,94,125,66,121,54,101,56,37,110,2" hai3="45,44,135,16,6,49,38,124,14,115,65,18,109"/><W25/><G115/><T107/><N who="0" m="26624" /><DORA hai="118" /><T74/><D74/><U31/><E116/><V23/><F110/><W81/><G135/><T67/><D34/><U42/><E133/><V86/><F37/><W103/><G124/><T93/><D82/><U88/><E85/><V33/><F33/><W130/><G130/><T128/><D128/><U32/><E42/><V108/><F108/><W96/><G109/><T127/><D127/><U27/><E41/><V91/><F125/><W114/><G38/><T39/><D39/><U55/><E55/><V28/><F10/><N who="3" m="4439" /><G65/><T53/><D53/><U90/><E90/><V20/><F121/><W102/><G114/><T29/><D61/><U122/><E122/><V47/><F101/><W129/><G129/><T19/><D29/><U120/><E27/><V72/><F28/><W22/><G81/><T40/><D40/><U4/><E4/><V13/><F3/><W132/><G132/><T123/><D67/><U113/><E120/><V36/><F2/><W134/><G134/><T69/><REACH who="0" step="1"/><D123/><REACH who="0" ten="135,216,265,344" step="2"/><U58/><E113/><V73/><F36/><W78/><G49/><T70/><D70/><U126/><E126/><V131/><F73/><W43/><G43/><T0/><D0/><U76/><E32/><V1/><F72/><W46/><G78/><T48/><D48/><U111/><E76/><V7/><F1/><W51/><G51/><T117/><D117/><U57/><E52/><V35/><F35/><W62/><G62/><T83/><D83/><N who="1" m="49183" /><E111/><V100/><F131/><W97/><G44/><T5/><D5/><U75/><E75/><RYUUKYOKU ba="2,4" sc="135,30,216,-10,265,-10,344,-10" hai0="8,9,19,21,26,60,64,69,89,93" /><INIT seed="4,3,4,0,5,36" ten="165,206,255,334" oya="0" hai0="48,128,2,43,88,28,123,33,96,0,134,30,1" hai1="114,74,44,64,72,121,103,113,3,54,39,31,38" hai2="86,63,68,83,116,118,4,101,56,40,111,23,47" hai3="27,16,79,97,87,66,19,60,6,17,91,133,126"/><T18/><D123/><U119/><E121/><V32/><F32/><W81/><G133/><T25/><D134/><U62/><E119/><N who="2" m="45611" /><F111/><W122/><G122/><T58/><D128/><U131/><E3/><V130/><F101/><W52/><G126/><T100/><D30/><U90/><E131/><V112/><F112/><N who="1" m="43113" /><E103/><V12/><F68/><W94/><G6/><T46/><D18/><U76/><E31/><V14/><F4/><W8/><G52/><T82/><D58/><N who="1" m="36951" /><E90/><N who="2" m="51551" /><F23/><W42/><G42/><T132/><D132/><U61/><E76/><V104/><F104/><W11/><REACH who="3" step="1"/><G27/><REACH who="3" ten="165,206,255,324" step="2"/><T37/><D37/><N who="1" m="13835" /><E44/><V93/><F130/><W9/><G9/><T13/><D13/><U107/><E107/><V95/><F12/><W67/><G67/><T53/><D53/><U55/><E55/><N who="2" m="34207" /><F14/><W109/><G109/><T49/><D49/><AGARI ba="3,5" hai="40,47,49,93,95" m="34207,51551,45611" machi="49" ten="30,2000,0" yaku="12,1,52,1" doraHai="36" who="2" fromWho="0" sc="165,-29,206,0,255,79,324,0" /><INIT seed="5,0,0,3,4,35" ten="136,206,334,324" oya="1" hai0="117,57,51,104,124,62,52,84,83,86,98,121,78" hai1="66,93,129,92,55,73,71,2,40,12,22,116,70" hai2="56,135,102,123,37,29,34,90,107,17,10,103,4" hai3="27,77,61,67,45,15,111,24,110,49,95,119,19"/><U44/><E116/><V125/><F123/><W100/><G119/><T87/><D117/><U85/><E73/><V30/><F37/><W50/><G77/><T47/><D124/><U130/><E55/><V79/><F125/><W89/><G100/><T114/><D114/><U36/><E2/><V5/><F79/><W80/><G80/><T33/><D33/><U59/><E59/><V65/><F34/><W128/><G128/><N who="1" m="49258" /><E66/><V91/><F10/><W32/><G111/><T26/><D121/><U7/><E7/><V118/><F17/><W60/><G110/><T1/><D1/><U28/><E12/><V64/><F56/><N who="3" m="37255" /><G61/><T127/><D127/><U43/><E43/><V54/><F54/><N who="3" m="29999" /><G50/><T99/><D26/><N who="1" m="16471" /><E85/><V112/><F118/><W108/><G32/><T75/><REACH who="0" step="1"/><D104/><REACH who="0" ten="126,206,334,324" step="2"/><U115/><E115/><V131/><F107/><W94/><G108/><T14/><D14/><U13/><E13/><V42/><F131/><W126/><G126/><T0/><D0/><U11/><E11/><V53/><F112/><W72/><G15/><T25/><D25/><U18/><E18/><V23/><F29/><W109/><G109/><T41/><AGARI ba="0,1" hai="41,47,51,52,57,62,75,78,83,84,86,87,98,99" machi="41" ten="30,7900,0" yaku="1,1,0,1,54,1,53,1" doraHai="35" doraHaiUra="39" who="0" fromWho="0" sc="126,89,206,-39,334,-20,324,-20" /><INIT seed="6,0,0,5,4,67" ten="215,167,314,304" oya="2" hai0="0,100,92,59,101,1,90,10,79,32,40,128,24" hai1="51,125,50,6,130,17,103,117,96,84,83,48,29" hai2="27,94,97,86,129,16,15,26,53,11,89,49,4" hai3="3,85,25,74,122,99,12,115,123,102,127,64,82"/><V18/><F129/><W5/><G3/><T20/><D128/><U56/><E130/><V70/><F70/><W132/><G74/><T2/><D32/><U76/><E117/><V134/><F134/><W35/><G64/><T65/><D79/><U7/><E125/><V133/><F133/><W87/><G132/><T119/><D119/><U41/><E41/><V91/><F18/><W19/><G127/><T31/><D40/><U30/><E17/><V55/><F4/><W13/><G115/><T71/><D59/><U34/><E56/><V21/><F55/><W78/><G87/><T54/><D54/><U37/><E37/><V135/><F135/><W60/><G60/><T66/><D10/><U104/><REACH who="1" step="1"/><E34/><REACH who="1" ten="215,157,314,304" step="2"/><V45/><F21/><W33/><G35/><T23/><D23/><U110/><E110/><V61/><F61/><W131/><G33/><T105/><D66/><U116/><E116/><V107/><F107/><W106/><G131/><T112/><D112/><U118/><E118/><V44/><F45/><W72/><G106/><T93/><D105/><U108/><E108/><V95/><AGARI ba="0,1" hai="11,15,16,26,27,44,49,53,86,89,91,94,95,97" machi="95" ten="20,7800,0" yaku="0,1,7,1,8,1,54,1" doraHai="67" who="2" fromWho="2" sc="215,-26,157,-26,314,88,304,-26" /><INIT seed="6,1,0,1,5,78" ten="189,131,402,278" oya="2" hai0="42,9,11,85,109,3,51,75,60,91,8,96,106" hai1="115,89,80,50,65,98,15,92,124,74,13,22,0" hai2="52,133,86,26,38,122,105,14,108,24,121,69,47" hai3="6,97,30,103,55,63,58,72,99,1,27,126,120"/><V17/><F105/><W36/><G120/><T46/><D109/><U44/><E0/><V112/><F69/><W16/><G36/><T64/><D75/><U23/><E115/><V57/><F112/><W10/><G126/><T20/><D106/><U119/><E119/><V100/><F108/><W77/><G72/><T101/><D20/><U53/><E124/><V7/><F133/><W95/><G77/><T125/><D125/><U4/><E65/><V21/><F100/><W59/><G99/><T114/><D114/><U135/><E135/><V134/><F134/><W102/><G59/><N who="0" m="36895" /><D3/><U81/><E74/><V84/><F122/><W116/><G116/><T104/><D104/><U113/><E113/><V70/><F70/><W129/><G129/><T94/><D85/><U31/><E23/><V127/><F127/><W88/><REACH who="3" step="1"/><G16/><REACH who="3" ten="189,131,402,268" step="2"/><T73/><D73/><U67/><E67/><V66/><F121/><W40/><G40/><T18/><D18/><N who="1" m="10575" /><E31/><V25/><F38/><W35/><AGARI ba="1,1" hai="1,6,10,27,30,35,55,58,63,88,95,97,102,103" machi="35" ten="20,8000,1" yaku="1,1,0,1,7,1,54,1,53,1" doraHai="78" doraHaiUra="56" who="3" fromWho="3" sc="189,-21,131,-21,402,-41,268,93" /><INIT seed="7,0,0,4,1,127" ten="168,110,361,361" oya="3" hai0="103,80,27,12,96,59,120,109,98,46,75,122,118" hai1="87,83,15,8,105,70,57,40,32,85,102,1,31" hai2="65,82,20,106,61,45,90,22,101,25,23,129,47" hai3="28,113,13,134,7,133,63,18,99,53,43,74,107"/><W71/><G74/><T35/><D118/><U26/><E70/><V72/><F129/><W119/><G119/><T16/><D109/><U60/><E1/><V51/><F106/><W67/><G43/><T19/><D59/><U131/><E40/><V3/><F3/><W64/><G113/><T9/><D46/><U37/><E37/><V34/><F101/><N who="3" m="62911" /><G7/><T39/><D39/><U24/><E105/><V62/><F34/><W95/><G95/><T44/><D44/><N who="2" m="16970" /><F51/><W68/><G53/><T110/><D110/><U78/><E102/><V48/><F48/><W89/><G89/><T58/><D58/><U10/><E131/><V108/><F72/><W128/><G128/><T56/><D56/><U117/><E117/><V114/><F114/><W84/><G84/><T0/><D0/><U86/><E26/><V104/><F104/><W130/><G130/><T77/><D98/><U55/><REACH who="1" step="1"/><E8/><REACH who="1" ten="168,100,361,361" step="2"/><V100/><F100/><W93/><G28/><T121/><D27/><U132/><E132/><N who="3" m="50794" /><G68/><T50/><D103/><U49/><E49/><V92/><F108/><W4/><G71/><T38/><D50/><U115/><E115/><V33/><F62/><W91/><G63/><T124/><D38/><U73/><E73/><V30/><F61/><W42/><G42/><T79/><D9/><U88/><E88/><V29/><F29/><W41/><G41/><T97/><D75/><U2/><E2/><V11/><F11/><N who="3" m="6463" /><G4/><T36/><D36/><U111/><E111/><V76/><F65/><W123/><G123/><T135/><D121/><U69/><E69/><V116/><F116/><RYUUKYOKU ba="0,1" sc="168,-15,100,15,361,-15,361,15" hai1="10,15,24,31,32,55,57,60,78,83,85,86,87" hai3="64,67,91,93" owari="153,-24.7,115,-38.5,346,14.6,386,48.6" /></mjloggm>