<mjloggm ver="2.3"><GO type="169" lobby="0"/><UN n0="%53%69%6C%65%6E%54" n1="%E8%B5%A4%E7%BE%8E%E6%BF%83%E3%81%BE%E3%81%90%E3%82%8D" n2="%E5%BE%A1%E5%BD%B1%E3%82%86%E3%81%9A%E3%81%8D" n3="%6F%6B%62%6F%6B%62" dan="16,16,17,17" rate="2157.82,2192.38,2203.88,2192.17" sx="F,M,M,M"/><TAIKYOKU oya="0"/><INIT seed="0,0,0,3,1,128" ten="250,250,250,250" oya="0" hai0="43,120,8,113,6,35,9,95,44,108,51,112,65" hai1="71,69,104,58,49,118,83,73,18,107,59,96,24" hai2="15,45,40,57,67,38,98,70,134,80,32,93,26" hai3="132,133,111,55,3,129,20,86,122,89,60,91,78"/><T13/><D120/><U5/><E5/><V76/><F70/><W33/><G111/><T34/><D108/><U94/><E118/><V46/><F46/><W17/><G33/><T19/><D65/><U4/><E4/><V42/><F42/><W14/><G3/><T47/><D47/><U115/><E115/><V97/><F15/><W119/><G119/><T85/><D112/><U121/><E71/><V117/><F117/><W109/><G109/><T125/><D125/><U116/><E69/><V68/><F68/><W102/><G102/><T88/><REACH who="0" step="1"/><D113/><REACH who="0" ten="240,250,250,250" step="2"/><U29/><E121/><V37/><F67/><W0/><G122/><T1/><AGARI ba="0,1" hai="1,6,8,9,13,19,34,35,43,44,51,85,88,95" machi="1" ten="20,12000,1" yaku="1,1,2,1,0,1,7,1,54,1,53,0" doraHai="128" doraHaiUra="22" who="0" fromWho="0" sc="240,130,250,-40,250,-40,250,-40" /><INIT seed="0,1,0,5,3,39" ten="370,210,210,210" oya="0" hai0="1,19,106,42,114,69,23,67,133,66,46,60,85" hai1="38,125,130,64,22,73,78,27,80,49,29,123,28" hai2="26,115,131,82,90,105,37,107,109,59,2,47,33" hai3="62,88,101,124,57,134,117,30,11,14,50,18,35"/><T58/><D106/><U127/><E38/><V126/><F115/><W32/><G101/><T3/><D114/><U86/><E123/><V41/><F2/><W118/><G124/><N who="1" m="47690" /><E130/><V12/><F126/><W44/><G134/><T128/><D133/><U89/><E64/><V6/><F131/><W15/><G15/><T76/><D128/><U40/><E29/><V43/><F109/><W99/><G30/><T74/><D74/><U8/><E8/><V63/><F33/><W70/><G70/><T71/><D66/><U79/><E73/><V95/><F26/><W102/><G117/><T25/><D69/><U94/><E94/><V52/><F82/><W17/><G17/><T13/><D71/><U56/><E56/><V5/><F41/><W45/><G45/><AGARI ba="1,0" hai="22,27,28,40,45,49,78,79,80,86,89" m="47690" machi="45" ten="30,2000,0" yaku="18,1,52,1" doraHai="39" who="1" fromWho="3" sc="370,0,210,23,210,0,210,-23" /><INIT seed="1,0,0,2,5,48" ten="370,233,210,187" oya="1" hai0="126,13,72,57,14,59,66,93,16,96,115,44,104" hai1="30,92,133,4,37,35,117,131,99,69,71,26,12" hai2="90,0,79,91,132,33,87,107,100,121,9,21,134" hai3="53,119,75,73,15,77,55,6,29,27,116,46,67"/><U50/><E37/><V135/><F33/><W97/><G67/><T103/><D115/><U123/><E117/><N who="3" m="45130" /><G46/><T98/><D72/><N who="3" m="27721" /><G77/><T40/><D126/><U36/><E36/><V58/><F121/><W23/><G97/><T125/><D125/><U88/><E123/><V60/><F21/><W86/><G86/><T82/><D82/><U8/><E131/><V81/><F107/><W17/><G6/><T94/><D66/><U32/><E32/><AGARI ba="0,0" hai="15,17,23,27,29,32,53,55" m="27721,45130" machi="32" ten="30,3900,0" yaku="12,1,52,2" doraHai="48" who="3" fromWho="1" sc="370,0,233,-39,210,0,187,39" /><INIT seed="2,0,0,4,3,31" ten="370,194,210,226" oya="2" hai0="37,121,126,1,6,60,26,62,29,33,0,132,34" hai1="106,50,97,57,69,27,83,21,135,47,71,103,95" hai2="84,130,92,10,114,94,16,73,35,124,15,40,77" hai3="58,28,112,86,17,19,133,63,113,43,68,56,129"/><V24/><F114/><N who="3" m="44139" /><G133/><T13/><D37/><U48/><E135/><V93/><F130/><W98/><G129/><T87/><D132/><U41/><E83/><V36/><F124/><W53/><G86/><T119/><D126/><U67/><E106/><V2/><F2/><W78/><G78/><T120/><D87/><U9/><E9/><V38/><F73/><W72/><G72/><T134/><D134/><U49/><E71/><V96/><F96/><W64/><G56/><T11/><D119/><U51/><E69/><V74/><F74/><W42/><G28/><T25/><D62/><U100/><E100/><V55/><F55/><W45/><G98/><T85/><D60/><U23/><E27/><N who="0" m="10249" /><D85/><U115/><E115/><V66/><F66/><W118/><G118/><T110/><D110/><U101/><E101/><V131/><F131/><W14/><G14/><T82/><D82/><U20/><REACH who="1" step="1"/><E67/><REACH who="1" ten="370,184,210,226" step="2"/><V52/><F93/><W18/><G68/><T22/><D121/><U12/><E12/><V88/><F94/><W65/><G42/><T109/><D120/><U30/><E30/><V4/><F77/><W5/><G5/><T61/><D29/><U116/><E116/><V123/><F40/><W89/><G89/><T128/><D128/><U59/><AGARI ba="0,1" hai="20,21,23,41,47,48,49,50,51,57,59,95,97,103" machi="59" ten="40,5200,0" yaku="1,1,0,1,8,1,53,0" doraHai="31" doraHaiUra="102" who="1" fromWho="1" sc="370,-13,184,62,210,-26,226,-13" /><INIT seed="3,0,0,4,1,104" ten="357,246,184,213" oya="3" hai0="130,80,3,112,98,91,58,31,40,81,88,61,116" hai1="14,47,122,26,131,25,56,6,48,51,60,133,108" hai2="77,30,121,128,32,71,16,115,95,49,64,2,72" hai3="96,63,86,118,83,33,94,27,110,42,38,70,102"/><W37/><G118/><T59/><D116/><U123/><E131/><V107/><F95/><W85/><G85/><T35/><D3/><U68/><E68/><V125/><F77/><W78/><G42/><T62/><D130/><U4/><E133/><V19/><F49/><W103/><G103/><T87/><D112/><U41/><E108/><V10/><F64/><W99/><G99/><T39/><D31/><U134/><E134/><V44/><F44/><W100/><G100/><T36/><D35/><U55/><E122/><V114/><F30/><W9/><G9/><T1/><D1/><U92/><E123/><V106/><F19/><W29/><G110/><T21/><D21/><U8/><E4/><V34/><F16/><W84/><G84/><T124/><D40/><U117/><E117/><V66/><F10/><W105/><G94/><T5/><D5/><U54/><REACH who="1" step="1"/><E92/><REACH who="1" ten="357,236,184,213" step="2"/><V89/><F121/><W120/><REACH who="3" step="1"/><G120/><REACH who="3" ten="357,236,184,203" step="2"/><T82/><D82/><U18/><E18/><V7/><F114/><W97/><G97/><T65/><D98/><U132/><E132/><V12/><F115/><W13/><G13/><T11/><D81/><U46/><AGARI ba="0,2" hai="6,8,14,25,26,41,46,47,48,51,54,55,56,60" machi="46" ten="20,5200,0" yaku="1,1,0,1,7,1,8,1,53,0" doraHai="104" doraHaiUra="109" who="1" fromWho="1" sc="357,-13,236,72,184,-13,203,-26" /><INIT seed="4,0,0,2,0,120" ten="344,308,171,177" oya="0" hai0="103,77,18,45,22,116,106,44,79,74,58,80,30" hai1="130,81,12,134,8,55,1,110,14,34,0,100,36" hai2="104,66,113,23,93,78,105,128,117,46,17,73,47" hai3="50,114,133,131,65,127,123,7,6,13,53,41,42"/><T91/><D116/><U129/><E36/><V68/><F117/><W88/><G123/><T38/><D30/><U48/><E34/><V119/><F119/><W63/><G114/><T108/><D79/><U101/><E81/><V124/><F113/><W97/><G133/><T54/><D38/><U32/><E32/><V115/><F115/><W71/><G131/><N who="1" m="50186" /><E110/><V85/><F73/><W84/><G97/><T75/><D75/><U92/><E134/><V107/><F128/><W76/><G76/><T10/><D10/><U51/><E14/><V9/><F9/><W102/><G102/><N who="1" m="39530" /><E92/><V111/><F111/><W27/><G127/><T40/><D80/><U33/><E33/><V49/><F124/><W56/><G27/><T109/><D108/><U29/><E29/><V2/><F78/><W126/><G126/><T96/><D77/><U64/><E64/><V95/><F105/><W35/><G35/><T28/><D106/><U90/><E90/><V11/><F107/><W21/><G7/><T37/><D91/><U16/><E51/><V52/><F93/><N who="3" m="54407" /><G6/><T4/><D4/><U122/><E122/><V3/><F95/><W98/><G98/><T26/><D96/><U59/><AGARI ba="0,0" hai="0,1,8,12,16,48,55,59" m="39530,50186" machi="59" ten="30,2000,0" yaku="19,1,54,1" doraHai="120" who="1" fromWho="1" sc="344,-10,308,20,171,-5,177,-5" /><INIT seed="5,0,0,1,1,76" ten="334,328,166,172" oya="1" hai0="59,91,14,126,28,72,56,62,132,71,49,67,131" hai1="57,46,55,61,96,65,63,4,58,81,53,0,123" hai2="87,114,100,80,30,48,85,64,47,110,113,45,42" hai3="106,3,74,108,15,27,101,1,86,115,20,8,99"/><U112/><E123/><V102/><F110/><W44/><G74/><T2/><D2/><U89/><E112/><N who="2" m="43115" /><F30/><W129/><G115/><T35/><D131/><U19/><E0/><V10/><F64/><W121/><G121/><T25/><D132/><U135/><E135/><V95/><F10/><W29/><G108/><T84/><D72/><U37/><E4/><V117/><F117/><W13/><G13/><T5/><D126/><U122/><E122/><V116/><F116/><W7/><G129/><T127/><D127/><U17/><E96/><V83/><F47/><W70/><G70/><T111/><D111/><U51/><REACH who="1" step="1"/><E37/><REACH who="1" ten="334,318,166,172" step="2"/><V40/><F40/><W73/><G3/><T26/><D5/><U120/><E120/><V90/><F95/><W107/><G1/><T124/><D124/><U60/><E60/><V88/><AGARI ba="0,1" hai="42,45,48,80,83,85,87,88,90,100,102" m="43115" machi="88" ten="30,8000,1" yaku="15,1,11,1,52,2,54,1" doraHai="76" who="2" fromWho="2" sc="334,-20,318,-40,166,90,172,-20" /><INIT seed="6,0,0,1,1,74" ten="314,278,256,152" oya="2" hai0="104,105,44,20,14,60,113,24,102,11,132,10,116" hai1="84,56,48,112,5,34,37,111,81,85,15,99,92" hai2="79,77,90,72,80,38,119,30,1,33,134,58,118" hai3="61,120,123,70,93,126,78,6,46,12,53,133,101"/><V57/><F38/><W103/><G133/><T9/><D132/><U94/><E37/><V27/><F134/><W96/><G126/><T43/><D113/><U42/><E34/><V13/><F1/><W36/><G101/><T82/><D116/><U131/><E131/><V0/><F0/><W68/><G68/><T73/><D60/><U91/><E112/><V39/><F39/><W86/><G70/><T128/><D128/><U31/><E111/><V97/><F79/><W21/><G61/><T23/><D14/><U55/><E31/><V89/><F13/><W127/><G127/><T25/><D82/><U2/><E2/><V28/><F28/><W50/><G36/><T83/><D83/><U121/><E121/><V67/><F67/><W17/><G6/><T40/><D73/><U114/><E114/><V29/><F29/><W124/><G124/><T130/><D130/><U69/><E69/><V64/><F64/><W71/><G71/><T66/><D66/><U47/><E92/><N who="2" m="56471" /><F89/><W32/><G32/><T52/><D25/><U76/><E15/><V122/><F122/><W16/><G17/><T59/><D24/><U107/><E5/><V65/><F65/><W115/><G115/><T125/><D125/><U45/><E107/><V106/><F106/><W41/><G41/><T51/><D43/><U4/><E4/><V8/><F8/><W63/><REACH who="3" step="1"/><G63/><REACH who="3" ten="314,278,256,142" step="2"/><N who="0" m="36327" /><D105/><U26/><E42/><V18/><F18/><W3/><G3/><T54/><D40/><U7/><E7/><V135/><F135/><W62/><G62/><T108/><D108/><U49/><E49/><RYUUKYOKU ba="0,1" sc="314,10,278,-30,256,10,142,10" hai0="9,10,11,20,23,44,51,54,102,104" hai2="27,30,33,57,58,72,77,80,118,119" hai3="12,16,21,46,50,53,78,86,93,96,103,120,123" /><INIT seed="6,1,1,0,1,86" ten="324,248,266,152" oya="2" hai0="16,71,125,128,39,24,134,7,111,112,23,96,14" hai1="32,72,85,38,18,117,22,83,115,27,80,59,119" hai2="69,70,34,35,77,82,26,92,25,17,54,47,107" hai3="97,133,98,45,84,31,87,40,11,114,100,123,91"/><V130/><F107/><W56/><G123/><T74/><D74/><U110/><E38/><V95/><F47/><W4/><G133/><T122/><D39/><U36/><E36/><V106/><F106/><W44/><G31/><T10/><D71/><U121/><E110/><V3/><F3/><W0/><G114/><T8/><D111/><U20/><E32/><V108/><F108/><W60/><G84/><T75/><D75/><U104/><E104/><V29/><F54/><W5/><G5/><T53/><D122/><U33/><E33/><V48/><F48/><W76/><G76/><T132/><D112/><U73/><E115/><V93/><F130/><W101/><G101/><T19/><D128/><U127/><E121/><V105/><F105/><W66/><G40/><T103/><D53/><U21/><E127/><V81/><F17/><W109/><G109/><T51/><D51/><U30/><E59/><V6/><F6/><W58/><G58/><T118/><D125/><U79/><E73/><V90/><F77/><W113/><G113/><T43/><D43/><U28/><E28/><N who="2" m="19727" /><F81/><W120/><G120/><T15/><D118/><U126/><E126/><V129/><F129/><W52/><G66/><T116/><D116/><U67/><E67/><V12/><F70/><W9/><G9/><T63/><D63/><U89/><E22/><V64/><F69/><W46/><REACH who="3" step="1"/><G100/><REACH who="3" ten="324,248,266,142" step="2"/><T37/><D7/><U13/><AGARI ba="1,2" hai="13,18,20,21,27,30,72,79,80,83,85,89,117,119" machi="13" ten="20,2700,0" yaku="0,1,7,1,52,1" doraHai="86" who="1" fromWho="1" sc="324,-8,248,50,266,-14,142,-8" /><INIT seed="7,0,0,5,2,13" ten="316,298,252,134" oya="3" hai0="9,114,88,87,135,122,96,80,120,7,82,27,84" hai1="92,56,30,112,65,36,123,17,74,101,45,21,28" hai2="98,78,63,91,60,121,111,89,118,94,133,33,59" hai3="128,42,117,49,119,134,75,3,35,38,100,37,62"/><W64/><G35/><T93/><D135/><U67/><E74/><V31/><F118/><W41/><G75/><T6/><D114/><U26/><E123/><V85/><F111/><W10/><G100/><T14/><D7/><U97/><E112/><V66/><F121/><W132/><G10/><T25/><D120/><U58/><E36/><N who="3" m="13930" /><G3/><T76/><D122/><U126/><E45/><V73/><F133/><N who="3" m="51307" /><G128/><T40/><D40/><N who="3" m="15465" /><G49/><T55/><D55/><U102/><E102/><AGARI ba="0,0" hai="6,9,14,25,27,76,80,82,84,87,88,93,96,102" machi="102" ten="30,3900,0" yaku="7,1,8,1,54,1" doraHai="13" who="0" fromWho="1" sc="316,39,298,-39,252,0,134,0" owari="355,45.5,259,5.9,252,-14.8,134,-36.6" /></mjloggm>