<mjloggm ver="2.3"><GO type="169" lobby="0"/><UN n0="%E3%83%A9%E3%83%A0%E3%83%9E%E3%82%B8%E5%A4%A9%E4%BD%BF" n1="%E3%83%8F%E3%82%A4%E3%83%A9%E3%82%A4%E3%83%88%31%37%6D" n2="%E3%80%8C%E3%82%AD%E3%82%BF%E3%80%8D" n3="%6E%61%67%61%69%6D%6F" dan="17,16,16,16" rate="2157.55,2083.61,2041.28,2132.19" sx="M,M,M,M"/><TAIKYOKU oya="0"/><INIT seed="0,0,0,0,3,29" ten="250,250,250,250" oya="0" hai0="72,4,66,62,0,52,41,9,16,107,22,123,36" hai1="131,127,134,37,105,101,75,7,19,20,109,13,135" hai2="111,76,54,104,89,33,82,38,71,100,53,102,130" hai3="87,95,64,119,112,57,5,108,84,60,103,88,28"/><T96/><D123/><U15/><E75/><V70/><F38/><W55/><G112/><T56/><D72/><U132/><E37/><V6/><F111/><W80/><G108/><T17/><D66/><U93/><E109/><V3/><F130/><W124/><G119/><T27/><D107/><U91/><E131/><V23/><F104/><W30/><G124/><T65/><D96/><N who="1" m="61607" /><E127/><V85/><F23/><W45/><G5/><T51/><D36/><U92/><E91/><V67/><F67/><W10/><G10/><AGARI ba="0,0" hai="7,10,13,15,19,20,92,93,132,134,135" m="61607" machi="10" ten="30,1000,0" yaku="20,1" doraHai="29" who="1" fromWho="3" sc="250,0,250,10,250,0,250,-10" /><INIT seed="1,0,0,3,2,45" ten="250,260,250,240" oya="1" hai0="112,105,129,3,108,113,130,89,82,114,22,119,4" hai1="43,17,98,132,101,86,111,58,33,71,78,52,135" hai2="56,109,92,124,28,14,26,118,35,38,127,54,120" hai3="103,61,15,51,99,29,40,102,69,115,95,11,16"/><U5/><E71/><V134/><F118/><W13/><G115/><T53/><D105/><U1/><E33/><V37/><F120/><W75/><G75/><T70/><D70/><U131/><E131/><N who="0" m="50185" /><D119/><U67/><E67/><V48/><F109/><W72/><G72/><T50/><D108/><U24/><E43/><V7/><F134/><W31/><G103/><T9/><D22/><U74/><E74/><V49/><F92/><W122/><G122/><T44/><D82/><U0/><E17/><V110/><F110/><W65/><REACH who="3" step="1"/><G13/><REACH who="3" ten="250,260,250,230" step="2"/><N who="0" m="5287" /><D89/><U62/><E111/><V126/><F14/><W128/><G128/><T18/><D18/><U116/><E116/><V123/><F123/><W94/><G94/><T23/><D23/><U2/><E5/><V125/><F7/><W27/><G27/><T12/><D12/><U20/><E20/><V121/><F121/><W93/><G93/><T46/><D3/><U104/><REACH who="1" step="1"/><E24/><REACH who="1" ten="250,250,250,230" step="2"/><V81/><F124/><W34/><G34/><T91/><D91/><U85/><E85/><V88/><F125/><W42/><G42/><T32/><D32/><U60/><E60/><V83/><F126/><W25/><G25/><T36/><D114/><U55/><E55/><V68/><F127/><W107/><G107/><T59/><D113/><U77/><E77/><V19/><F54/><W79/><G79/><T41/><D112/><U6/><E6/><V10/><F26/><W80/><G80/><AGARI ba="0,2" hai="0,1,2,52,58,62,78,80,86,98,101,104,132,135" machi="80" ten="50,4800,0" yaku="1,1,54,1,53,0" doraHai="45" doraHaiUra="30" who="1" fromWho="3" sc="250,0,250,68,250,0,230,-48" /><INIT seed="1,1,0,3,0,76" ten="250,318,250,182" oya="1" hai0="66,77,0,71,119,62,34,78,24,70,5,118,111" hai1="115,46,23,72,27,94,8,42,3,127,129,104,53" hai2="47,89,117,56,97,38,14,114,85,106,96,40,92" hai3="57,55,49,25,100,6,90,17,126,29,26,59,87"/><U91/><E127/><V21/><F117/><W135/><G126/><T116/><D111/><U35/><E129/><V43/><F114/><W93/><G135/><T1/><D71/><U128/><E104/><V64/><F40/><W37/><G37/><T7/><D78/><U68/><E72/><V132/><F132/><W110/><G110/><T58/><D58/><U2/><E68/><V74/><F74/><W75/><G75/><T15/><D77/><U39/><E128/><V67/><F106/><W84/><G6/><T10/><REACH who="0" step="1"/><D5/><REACH who="0" ten="240,318,250,182" step="2"/><U11/><E115/><V61/><F67/><W65/><G65/><T69/><D69/><U33/><E35/><V20/><F64/><W105/><G57/><T79/><D79/><U123/><E33/><V52/><F56/><W133/><G133/><T107/><D107/><U131/><E131/><V12/><F47/><W88/><G105/><T121/><D121/><U130/><E123/><V86/><F61/><W109/><G109/><T122/><D122/><U125/><E130/><V30/><F38/><W19/><G100/><T63/><D63/><U4/><E125/><V101/><F101/><W22/><REACH who="3" step="1"/><G26/><REACH who="3" ten="240,318,250,172" step="2"/><T82/><D82/><AGARI ba="1,2" hai="17,19,22,25,29,49,55,59,82,84,87,88,90,93" machi="82" ten="30,12000,2" yaku="1,1,2,1,7,1,8,1,52,1,54,1,53,0" doraHai="76" doraHaiUra="108" who="3" fromWho="0" sc="240,-123,318,0,250,0,172,143" /><INIT seed="2,0,0,2,2,16" ten="117,318,250,315" oya="2" hai0="40,45,123,76,82,7,26,5,41,119,24,126,101" hai1="81,15,115,120,111,112,105,36,37,133,95,69,70" hai2="22,55,12,84,2,131,52,100,92,50,38,28,86" hai3="56,6,60,94,58,132,13,39,93,79,32,54,80"/><V116/><F116/><W108/><G32/><T8/><D123/><U110/><E105/><V66/><F38/><N who="1" m="14953" /><E95/><V102/><F2/><W33/><G33/><T90/><D119/><U27/><E81/><V89/><F66/><W29/><G39/><T10/><D126/><U42/><E15/><V59/><F131/><W75/><G29/><T61/><D101/><U49/><E27/><N who="2" m="16503" /><F12/><W74/><G74/><T31/><D90/><U88/><E88/><N who="2" m="53255" /><F55/><W117/><G117/><T68/><D68/><N who="1" m="26219" /><E120/><V134/><F134/><W72/><G132/><T73/><D26/><U53/><E42/><V83/><AGARI ba="0,0" hai="50,52,59,83,86,89,100,102" m="53255,16503" machi="83" ten="30,11700,0" yaku="8,1,52,1,54,2" doraHai="16" who="2" fromWho="2" sc="117,-39,318,-39,250,117,315,-39" /><INIT seed="2,1,0,1,4,89" ten="78,279,367,276" oya="2" hai0="10,122,8,91,24,69,93,130,131,16,83,117,21" hai1="126,62,87,13,85,74,41,48,40,94,3,76,14" hai2="123,118,134,100,92,46,1,133,127,98,104,64,65" hai3="51,22,115,34,129,80,52,95,60,108,114,54,73"/><V90/><F1/><W49/><G34/><T35/><D122/><U33/><E126/><V23/><F123/><W70/><G108/><T68/><D35/><U66/><E3/><V116/><F46/><W0/><G0/><T124/><D124/><U75/><E33/><V29/><F127/><W86/><G129/><N who="0" m="49163" /><D83/><U78/><E62/><V120/><F120/><W106/><G106/><T47/><D47/><U6/><E66/><V119/><F29/><W84/><G22/><T28/><D117/><U27/><E48/><V107/><F23/><W17/><G17/><T15/><D8/><U110/><E110/><V26/><F26/><W44/><G70/><T77/><D77/><U42/><E42/><V63/><F107/><W58/><G60/><T43/><D43/><U30/><E27/><V111/><F111/><W37/><G37/><T32/><D32/><U88/><E30/><V96/><REACH who="2" step="1"/><F65/><REACH who="2" ten="78,279,357,276" step="2"/><W2/><G2/><T55/><D55/><U71/><E13/><V125/><F125/><W99/><G115/><T67/><D67/><U112/><E14/><V53/><F53/><W82/><G114/><T38/><D38/><U109/><E112/><V132/><F132/><W4/><G54/><T72/><D72/><U11/><E109/><V57/><AGARI ba="1,1" hai="57,63,64,90,92,96,98,100,104,116,118,119,133,134" machi="57" ten="40,7800,0" yaku="1,1,0,1,52,1,53,0" doraHai="89" doraHaiUra="45" who="2" fromWho="2" sc="78,-27,279,-27,357,91,276,-27" /><INIT seed="2,2,0,5,0,87" ten="51,252,448,249" oya="2" hai0="122,75,48,7,63,18,120,0,97,83,50,108,78" hai1="1,15,31,36,114,21,55,28,11,106,104,9,115" hai2="47,39,57,40,119,131,102,124,10,32,123,38,112" hai3="91,42,84,73,93,14,12,41,4,69,6,27,125"/><V67/><F112/><W82/><G69/><T61/><D108/><U81/><E81/><V99/><F32/><W74/><G125/><T5/><D97/><U64/><E55/><V56/><F131/><W22/><G74/><T51/><D18/><U68/><E1/><V37/><F119/><W52/><G73/><T133/><D133/><U85/><E85/><V129/><F129/><W109/><G109/><T8/><REACH who="0" step="1"/><D7/><REACH who="0" ten="41,252,448,249" step="2"/><U26/><E115/><V35/><F123/><AGARI ba="2,1" hai="0,5,8,48,50,51,61,63,75,78,83,120,122,123" machi="123" ten="40,2600,0" yaku="1,1,2,1,53,0" doraHai="87" doraHaiUra="62" who="0" fromWho="2" sc="41,42,252,0,448,-32,249,0" /><INIT seed="3,0,0,3,5,22" ten="83,252,416,249" oya="3" hai0="3,46,80,25,45,98,90,87,109,99,62,47,84" hai1="41,11,13,106,85,50,61,24,110,69,39,42,48" hai2="35,12,76,9,72,2,92,33,65,10,88,15,52" hai3="95,36,16,135,55,53,27,18,77,8,134,75,7"/><W100/><G36/><T128/><D109/><U119/><E110/><V73/><F2/><W107/><G107/><T113/><D128/><U121/><E106/><V23/><F65/><W67/><G67/><T78/><D3/><U56/><E69/><V74/><F76/><W130/><G130/><T32/><D113/><U86/><E121/><V122/><F122/><W118/><G118/><T117/><D117/><U105/><E105/><V125/><F23/><N who="3" m="13799" /><G18/><T102/><D62/><U58/><E24/><V93/><F125/><W44/><G44/><T37/><D102/><U103/><E103/><V120/><F120/><W133/><G77/><T91/><D37/><U63/><E39/><V114/><F114/><W115/><G75/><T4/><D4/><U51/><E13/><V19/><F52/><N who="3" m="20043" /><G115/><T49/><D49/><U68/><E68/><V81/><F35/><W54/><G54/><T96/><REACH who="0" step="1"/><D87/><REACH who="0" ten="73,252,416,249" step="2"/><N who="1" m="33291" /><E119/><V111/><F111/><W70/><G70/><T5/><D5/><U21/><E63/><V38/><F38/><W31/><G31/><AGARI ba="0,1" hai="25,31,32,45,46,47,78,80,84,90,91,96,98,99" machi="31" ten="40,2600,0" yaku="1,1,52,1,53,0" doraHai="22" doraHaiUra="126" who="0" fromWho="3" sc="73,36,252,0,416,0,249,-26" /><INIT seed="4,0,0,2,1,82" ten="109,252,416,223" oya="0" hai0="10,103,61,49,35,54,114,57,60,23,118,128,62" hai1="30,38,45,4,80,86,6,14,48,120,83,29,55" hai2="99,58,132,33,67,43,98,123,28,63,127,115,111" hai3="24,84,44,104,27,90,72,46,32,71,121,59,113"/><T3/><D35/><U39/><E120/><V65/><F123/><W42/><G71/><T135/><D118/><U108/><E108/><V26/><F111/><W19/><G104/><T117/><D117/><U5/><E38/><V40/><F115/><W15/><G72/><T64/><D114/><U75/><E39/><V133/><F127/><W8/><G113/><T69/><D128/><U109/><E109/><V25/><F67/><W93/><G121/><T74/><D135/><N who="2" m="51786" /><F25/><W17/><G32/><T107/><D74/><U81/><E75/><V106/><F106/><W89/><G59/><T134/><D134/><U87/><REACH who="1" step="1"/><E14/><REACH who="1" ten="109,242,416,223" step="2"/><V100/><F100/><W85/><G19/><T12/><D3/><U47/><E47/><N who="3" m="17962" /><G42/><AGARI ba="0,1" hai="26,28,33,40,42,43,58,63,65,98,99" m="51786" machi="42" ten="30,1000,0" yaku="20,1" doraHai="82" who="2" fromWho="3" sc="109,0,242,0,416,20,223,-10" /><INIT seed="5,0,0,3,5,26" ten="109,242,436,213" oya="1" hai0="46,79,27,31,83,49,19,105,8,123,16,28,111" hai1="17,127,135,75,0,130,100,101,77,120,66,52,35" hai2="69,6,92,121,42,37,98,81,94,30,74,122,21" hai3="45,73,133,18,55,68,4,85,23,126,58,99,84"/><U9/><E120/><V114/><F69/><W40/><G73/><T91/><D111/><U131/><E135/><V76/><F94/><W15/><G68/><T124/><D124/><U89/><E127/><V33/><F33/><W82/><G133/><T132/><D132/><U56/><E66/><V107/><F107/><W12/><G126/><T104/><D123/><U2/><E35/><V10/><F114/><W57/><G99/><T62/><D62/><U20/><E89/><V47/><F21/><W118/><G118/><T64/><D64/><U72/><E77/><V50/><F50/><W29/><G85/><N who="0" m="50623" /><D79/><U97/><E9/><V117/><F117/><W86/><G86/><T110/><D110/><U3/><E101/><V60/><F60/><W78/><G55/><N who="0" m="30135" /><D105/><U53/><E75/><V108/><F108/><W96/><G96/><T116/><D104/><U43/><E72/><V38/><F30/><N who="0" m="11306" /><D116/><U7/><E97/><V93/><F37/><W80/><G80/><T24/><D19/><U32/><E32/><V61/><F61/><W14/><G29/><T34/><D34/><U71/><E71/><V103/><F93/><W13/><REACH who="3" step="1"/><G4/><REACH who="3" ten="109,242,436,203" step="2"/><T88/><D88/><U128/><E7/><V115/><F115/><W109/><G109/><T67/><D67/><U41/><E130/><V125/><F125/><W59/><G59/><T119/><D119/><U70/><E70/><V44/><F44/><W5/><G5/><T102/><D102/><U134/><E100/><V65/><F65/><W54/><G54/><N who="1" m="21098" /><E56/><V22/><F122/><W112/><G112/><T39/><D39/><AGARI ba="0,1" hai="12,13,14,15,18,23,39,40,45,57,58,78,82,84" machi="39" ten="40,2600,0" yaku="1,1,6,1,53,0" doraHai="26" doraHaiUra="1" who="3" fromWho="0" sc="109,-26,242,0,436,0,203,36" /><INIT seed="6,0,0,4,0,130" ten="83,242,436,239" oya="2" hai0="129,64,9,49,104,118,28,105,55,101,128,76,90" hai1="122,89,15,11,111,5,10,115,123,98,133,58,35" hai2="107,21,26,44,62,132,22,75,124,39,61,34,12" hai3="40,102,54,117,81,50,67,18,0,59,7,20,113"/><V103/><F75/><W114/><G117/><T33/><D118/><U88/><E111/><V68/><F132/><W95/><G81/><T109/><D109/><U91/><E35/><V63/><F124/><W110/><G110/><T1/><D76/><U47/><E115/><V69/><F39/><W108/><G108/><T8/><D64/><U135/><E98/><V73/><F44/><W100/><G40/><T92/><D28/><U86/><E58/><V56/><F56/><W19/><G67/><T25/><D25/><U66/><E66/><V52/><F52/><W121/><G121/><N who="1" m="46090" /><E47/><V74/><F103/><W37/><G37/><T96/><D33/><U6/><E86/><V32/><F107/><W60/><G60/><T46/><D104/><U82/><E82/><V116/><F116/><W93/><G102/><T80/><D80/><U65/><E65/><V119/><F119/><W77/><G77/><T17/><D1/><AGARI ba="0,0" hai="1,5,6,10,11,15,88,89,91,133,135" m="46090" machi="1" ten="30,7700,0" yaku="13,1,52,2,54,1" doraHai="130" who="1" fromWho="0" sc="83,-77,242,77,436,0,239,0" /><INIT seed="7,0,0,1,2,34" ten="6,319,436,239" oya="3" hai0="74,22,38,25,87,46,122,4,10,61,45,71,31" hai1="84,76,39,41,101,75,133,3,135,56,32,19,18" hai2="30,37,90,89,48,17,11,62,29,70,78,88,100" hai3="111,108,109,112,9,20,55,79,95,36,65,125,35"/><W67/><G35/><T43/><D46/><U23/><E32/><V50/><F37/><W68/><G79/><T15/><D122/><U106/><E3/><V85/><F100/><W42/><G20/><T134/><D134/><N who="1" m="51211" /><E18/><V83/><F70/><W98/><G9/><T6/><D74/><U81/><E41/><V124/><F124/><W126/><G95/><T73/><D73/><U110/><E39/><V102/><F102/><W2/><G98/><T7/><D71/><U105/><E110/><V8/><F62/><N who="3" m="39991" /><G2/><T117/><D61/><U123/><E123/><V119/><F119/><W14/><G14/><T58/><D117/><U16/><E56/><V21/><F8/><W26/><G26/><T132/><D58/><U107/><E101/><V54/><F11/><W103/><G103/><T47/><D132/><U44/><E44/><N who="2" m="27911" /><F50/><W40/><G67/><T96/><D45/><U128/><E19/><V53/><F53/><W52/><G112/><T115/><D115/><U130/><E84/><V86/><F85/><W77/><G77/><T13/><D87/><U80/><E80/><V82/><F83/><W121/><G121/><T27/><D96/><U94/><E94/><V66/><F66/><W72/><G72/><T127/><D127/><N who="3" m="48649" /><G42/><T60/><D60/><U1/><E1/><V57/><F30/><W24/><G24/><AGARI ba="0,0" hai="16,23,24,75,76,81,105,106,107,128,130" m="51211" machi="24" ten="40,2600,0" yaku="20,1,54,1" doraHai="34" who="1" fromWho="3" sc="6,0,319,26,436,0,239,-26" owari="6,-49.4,345,14.5,436,53.6,213,-18.7" /></mjloggm>