<mjloggm ver="2.3"><GO type="169" lobby="0"/><UN n0="%E3%82%AD%E3%83%B3%E3%82%B0%E3%81%82%E3%81%A4%E3%81%97" n1="%6E%69%6E%6A%61%68" n2="%E3%80%8E%E3%83%A8%E3%82%B9%E3%82%AC%E3%83%8E%E3%82%BD%E3%83%A9%E3%80%8F" n3="%E7%BC%B6%E3%82%B3%E3%83%92" dan="16,16,17,16" rate="2167.29,2111.24,2178.76,2028.42" sx="M,M,M,M"/><TAIKYOKU oya="0"/><INIT seed="0,0,0,0,4,66" ten="250,250,250,250" oya="0" hai0="35,77,117,3,49,131,39,24,127,58,130,8,80" hai1="124,4,1,79,37,86,5,31,59,67,103,121,87" hai2="122,110,85,125,73,76,2,65,132,102,15,29,70" hai3="99,128,38,28,21,98,89,81,105,6,91,84,61"/><T27/><D39/><U116/><E116/><V23/><F122/><W90/><G38/><T101/><D117/><U36/><E103/><V12/><F2/><W57/><G128/><N who="0" m="49195" /><D35/><U114/><E31/><V33/><F73/><W45/><G45/><T25/><D101/><U52/><E67/><V18/><F132/><W92/><G6/><N who="0" m="1119" /><D127/><U95/><E124/><V62/><F125/><W54/><G105/><T83/><D77/><U100/><E79/><V78/><F110/><W96/><REACH who="3" step="1"/><G92/><REACH who="3" ten="250,250,250,240" step="2"/><T112/><D112/><U108/><E95/><V48/><F33/><W63/><G63/><T53/><AGARI ba="0,1" hai="24,25,27,49,53,58,80,83" m="1119,49195" machi="53" ten="40,2100,0" yaku="19,1" doraHai="66" who="0" fromWho="0" sc="250,31,250,-7,250,-7,240,-7" /><INIT seed="0,1,0,5,5,79" ten="281,243,243,233" oya="0" hai0="68,132,100,58,83,128,99,86,92,33,96,64,9" hai1="94,115,46,34,88,80,5,95,39,118,22,23,84" hai2="4,10,135,125,119,6,117,1,110,109,73,81,32" hai3="59,28,77,36,76,66,37,120,87,61,123,29,74"/><T130/><D33/><U82/><E118/><N who="2" m="45067" /><F32/><W56/><G74/><T72/><D68/><U97/><E34/><V93/><F135/><W131/><G87/><T48/><D132/><U122/><E122/><V13/><F93/><W27/><G61/><T53/><D64/><U126/><E126/><V45/><F45/><W113/><G113/><T44/><D72/><U38/><E115/><V18/><F125/><W17/><G17/><T111/><D99/><U16/><E5/><N who="2" m="2155" /><F1/><W60/><G60/><T7/><D44/><U114/><E114/><V134/><F134/><W2/><G2/><T42/><D42/><U52/><E38/><V25/><F25/><W89/><G27/><T8/><D111/><N who="2" m="42506" /><F73/><W30/><G37/><T106/><D106/><U41/><E23/><V108/><F108/><W107/><G36/><T103/><D103/><U47/><E47/><V133/><F133/><W15/><G107/><T75/><D75/><U14/><REACH who="1" step="1"/><E52/><REACH who="1" ten="281,233,243,233" step="2"/><V121/><F121/><W116/><G116/><T43/><D43/><U31/><E31/><V101/><F101/><AGARI ba="1,1" hai="14,16,22,39,41,46,80,82,84,88,94,95,97,101" machi="101" ten="30,12000,2" yaku="1,1,7,1,52,2,54,2,53,0" doraHai="79" doraHaiUra="65" who="1" fromWho="2" sc="281,0,233,133,243,-123,233,0" /><INIT seed="1,0,0,5,4,33" ten="281,366,120,233" oya="1" hai0="78,52,79,120,69,101,34,72,88,25,82,58,10" hai1="97,60,74,18,21,27,40,65,19,44,39,38,56" hai2="109,13,46,4,107,50,134,76,103,35,15,102,16" hai3="32,9,51,73,71,30,112,75,54,62,43,81,5"/><U100/><E74/><V123/><F123/><W87/><G112/><T105/><D69/><U96/><E96/><V53/><F35/><W23/><G32/><T127/><D127/><U31/><REACH who="1" step="1"/><E39/><REACH who="1" ten="281,356,120,233" step="2"/><V59/><F134/><W7/><G75/><T12/><D72/><U85/><E85/><V86/><F109/><W8/><G73/><T26/><D120/><U121/><E121/><V132/><F132/><W90/><G87/><N who="0" m="50295" /><D101/><U66/><E66/><V36/><F103/><W130/><G130/><T91/><D105/><AGARI ba="0,1" hai="18,19,21,27,31,38,40,44,56,60,65,97,100,105" machi="105" ten="30,5800,0" yaku="1,1,7,1,53,1" doraHai="33" doraHaiUra="92" who="1" fromWho="0" sc="281,-58,356,68,120,0,233,0" /><INIT seed="1,1,0,5,4,34" ten="223,424,120,233" oya="1" hai0="120,102,130,18,41,118,9,93,44,123,10,96,121" hai1="57,81,4,135,15,104,103,134,46,113,133,76,106" hai2="79,56,5,49,54,65,71,77,61,117,105,17,25" hai3="87,80,122,95,48,70,78,11,86,111,6,45,16"/><U73/><E46/><V100/><F117/><W94/><G70/><T22/><D130/><U92/><E57/><V91/><F5/><W24/><G111/><T28/><D28/><U42/><E42/><V84/><F105/><N who="1" m="40553" /><E15/><V36/><F100/><W32/><G122/><T75/><D75/><U112/><E4/><V55/><F36/><W68/><G68/><T131/><D131/><U40/><E40/><V119/><F119/><W2/><G86/><T27/><REACH who="0" step="1"/><D118/><REACH who="0" ten="213,424,120,233" step="2"/><U72/><E73/><V63/><F71/><W126/><G126/><T51/><AGARI ba="1,1" hai="9,10,18,22,27,41,44,51,93,96,102,120,121,123" machi="51" ten="30,7900,0" yaku="1,1,2,1,0,1,13,1,53,0" doraHai="34" doraHaiUra="1" who="0" fromWho="0" sc="213,92,424,-40,120,-21,233,-21" /><INIT seed="2,0,0,5,1,130" ten="305,384,99,212" oya="2" hai0="39,70,114,93,52,83,63,8,43,106,96,131,105" hai1="61,53,128,102,10,30,54,113,87,132,1,64,20" hai2="37,89,124,98,19,51,78,0,111,109,126,107,38" hai3="97,79,14,56,58,24,86,18,85,112,5,36,44"/><V73/><F0/><W7/><G112/><T104/><D114/><U88/><E113/><V76/><F19/><W110/><G110/><N who="2" m="41993" /><F51/><W60/><G24/><T118/><D131/><U2/><E102/><N who="2" m="62935" /><F89/><W4/><G97/><T117/><D43/><U135/><E128/><V22/><F22/><W17/><G17/><T15/><D39/><N who="2" m="14858" /><F73/><W49/><G36/><T90/><D8/><U99/><E99/><V122/><F122/><W41/><G79/><AGARI ba="0,0" hai="76,78,79,124,126" m="14858,62935,41993" machi="79" ten="40,3900,0" yaku="14,1,10,1" doraHai="130" who="2" fromWho="3" sc="305,0,384,0,99,39,212,-39" /><INIT seed="2,1,0,1,4,69" ten="305,384,138,173" oya="2" hai0="21,135,128,6,87,82,121,61,54,20,62,8,71" hai1="39,67,7,60,125,93,4,31,40,63,94,64,89" hai2="30,10,44,16,43,118,56,130,51,98,127,74,0" hai3="132,114,79,85,18,48,24,134,57,28,86,110,35"/><V66/><F118/><W109/><G57/><T29/><D121/><U9/><E125/><V1/><F74/><W97/><G48/><T75/><D75/><U101/><E31/><V3/><F127/><W52/><G52/><T76/><D128/><U41/><E101/><V13/><F130/><W77/><G114/><T126/><D135/><N who="3" m="51753" /><G18/><T133/><D133/><U117/><E89/><V83/><F30/><W119/><G119/><T99/><D126/><U129/><E117/><V17/><F98/><W26/><G97/><T78/><D71/><U33/><E129/><V131/><F131/><W23/><G85/><T90/><D29/><U124/><E124/><V42/><F42/><W123/><G123/><T92/><D54/><U27/><E27/><V59/><F66/><W104/><G104/><T112/><D62/><U73/><E73/><V113/><F113/><W22/><G86/><T14/><D112/><U103/><E103/><V2/><N who="2" m="0" /><DORA hai="106" /><V107/><F107/><W65/><G65/><T45/><D61/><U111/><E33/><V108/><F108/><N who="3" m="41579" /><G26/><T38/><D99/><U88/><E111/><V53/><F53/><W49/><G49/><T122/><D87/><U32/><E32/><V102/><F102/><W58/><G58/><T25/><D25/><U116/><E116/><V47/><F47/><W80/><G80/><T37/><D45/><U91/><E9/><N who="2" m="6191" /><F83/><W105/><G105/><T120/><D82/><U96/><E96/><V19/><F17/><W81/><G81/><T15/><D120/><U5/><E5/><V12/><F19/><W84/><G84/><RYUUKYOKU ba="1,0" sc="305,-30,384,10,138,10,173,10" hai1="4,7,39,40,41,60,63,64,67,88,91,93,94" hai2="10,12,43,44,51,56,59" hai3="22,23,24,28,35,77,79" /><INIT seed="2,2,0,2,2,90" ten="275,394,148,183" oya="2" hai0="10,26,17,66,18,21,51,15,104,20,25,133,74" hai1="111,0,56,7,48,85,134,80,27,115,113,77,63" hai2="30,31,108,73,99,19,40,32,62,11,37,94,97" hai3="88,49,120,127,43,98,93,128,72,114,14,2,103"/><V24/><F73/><W38/><G2/><T135/><D104/><U75/><E111/><V23/><F108/><W96/><G120/><T22/><D74/><U81/><E134/><N who="0" m="51209" /><D66/><U107/><E107/><V102/><F37/><W67/><G72/><T52/><D18/><U91/><E48/><V118/><F118/><W109/><G109/><T126/><D126/><U132/><E132/><V45/><F11/><W131/><G127/><T92/><D92/><U1/><E27/><V65/><F32/><W123/><G123/><T58/><AGARI ba="2,0" hai="10,15,17,20,21,22,25,26,51,52,58" m="51209" machi="58" ten="30,2000,0" yaku="20,1,54,1" doraHai="90" who="0" fromWho="0" sc="275,26,394,-7,148,-12,183,-7" /><INIT seed="3,0,0,5,3,4" ten="301,387,136,176" oya="3" hai0="19,13,29,72,26,56,20,87,37,114,79,94,123" hai1="119,124,28,43,116,73,60,1,16,2,115,82,66" hai2="69,58,91,6,130,52,53,27,129,50,118,78,21" hai3="99,44,77,64,121,35,67,49,117,71,127,88,23"/><W7/><G117/><N who="1" m="45130" /><E115/><V8/><F118/><W30/><G121/><T11/><D123/><U102/><E28/><V96/><F69/><W34/><G127/><T97/><D37/><U51/><E102/><V70/><F70/><W5/><G77/><T126/><D126/><U133/><E133/><V63/><F78/><W75/><G75/><T105/><D114/><U128/><E128/><N who="2" m="49259" /><F91/><W24/><G35/><T103/><D56/><U59/><E124/><V112/><F96/><W18/><G7/><T90/><D79/><N who="1" m="44399" /><E16/><N who="2" m="12711" /><F112/><W106/><G5/><T125/><D72/><U12/><E12/><N who="2" m="5143" /><F50/><W109/><G71/><T84/><D125/><U83/><E83/><V36/><F36/><W31/><G106/><T65/><D65/><AGARI ba="0,0" hai="52,53,58,63,65" m="5143,12711,49259" machi="65" ten="30,7700,0" yaku="19,1,52,1,54,2" doraHai="4" who="2" fromWho="0" sc="301,-77,387,0,136,77,176,0" /><INIT seed="4,0,0,4,4,86" ten="224,387,213,176" oya="0" hai0="92,18,34,128,16,68,46,47,123,14,131,37,119" hai1="109,44,19,27,103,85,117,1,73,96,79,42,49" hai2="39,106,82,28,32,121,125,70,12,38,98,95,115" hai3="6,78,69,45,51,99,66,30,43,122,9,110,10"/><T81/><D123/><U36/><E117/><V60/><F121/><W134/><G110/><T4/><D119/><U55/><E109/><V56/><F115/><W91/><G122/><T124/><D68/><U120/><E73/><V74/><F125/><W64/><G134/><T40/><D34/><U58/><E1/><V5/><F12/><W108/><G108/><T130/><D124/><U93/><E120/><V0/><F56/><W26/><G78/><T13/><D81/><U2/><E2/><V135/><F135/><W127/><G127/><T111/><D111/><U48/><E79/><N who="2" m="44407" /><F95/><W100/><G69/><T133/><D133/><U59/><E85/><V20/><F20/><W113/><G113/><T114/><D114/><U71/><E71/><V15/><F15/><N who="0" m="5642" /><D4/><U76/><E76/><V3/><F3/><W33/><G6/><T63/><D63/><U22/><E36/><V89/><F5/><W57/><G57/><AGARI ba="0,0" hai="19,22,27,42,44,48,49,55,57,58,59,93,96,103" machi="57" ten="30,2000,0" yaku="7,1,8,1" doraHai="86" who="1" fromWho="3" sc="224,0,387,20,213,0,176,-20" /><INIT seed="5,0,0,4,1,86" ten="224,407,213,156" oya="1" hai0="95,17,48,115,19,32,67,122,41,59,69,30,75" hai1="120,6,96,123,132,36,14,88,82,29,54,64,116" hai2="8,7,16,61,125,133,53,1,78,39,130,44,124" hai3="35,2,112,10,52,51,24,3,33,65,92,58,106"/><U57/><E116/><V28/><F28/><W37/><G106/><T47/><D115/><U84/><E36/><V20/><F133/><W22/><G37/><T103/><D75/><U117/><E117/><V73/><F130/><W89/><G112/><T0/><D0/><U113/><E132/><V108/><F108/><W109/><G109/><T118/><D118/><U81/><E64/><V83/><F61/><W5/><G65/><T23/><D32/><U15/><E29/><V27/><REACH who="2" step="1"/><F53/><REACH who="2" ten="224,407,203,156" step="2"/><W50/><G50/><T104/><D30/><U4/><E113/><V105/><F105/><W43/><G43/><AGARI ba="0,1" hai="1,7,8,16,20,27,39,43,44,73,78,83,124,125" machi="43" ten="40,8000,1" yaku="1,1,25,2,54,1,53,0" doraHai="86" doraHaiUra="131" who="2" fromWho="3" sc="224,0,407,0,203,90,156,-80" /><INIT seed="6,0,0,2,2,53" ten="224,407,293,76" oya="2" hai0="75,24,111,60,33,56,13,50,48,129,88,123,49" hai1="21,42,93,7,77,121,87,8,112,85,51,102,128" hai2="0,19,103,22,80,10,89,37,14,132,38,94,4" hai3="3,9,100,34,84,27,126,65,71,95,83,5,130"/><V99/><REACH who="2" step="1"/><F132/><REACH who="2" ten="224,407,283,76" step="2"/><W1/><G126/><T20/><D123/><U39/><E121/><V76/><F76/><W58/><G130/><T64/><D129/><U26/><E77/><V108/><F108/><W29/><G71/><T122/><D111/><U120/><E120/><V45/><F45/><W72/><G72/><T31/><D75/><U115/><E128/><V28/><F28/><W59/><G65/><T79/><D122/><U104/><E115/><V2/><F2/><W124/><G124/><T131/><D79/><U62/><E112/><V114/><F114/><W82/><G1/><T69/><D131/><U18/><E39/><V107/><F107/><W98/><REACH who="3" step="1"/><G82/><REACH who="3" ten="224,407,283,66" step="2"/><T109/><D69/><U23/><E104/><V73/><F73/><W133/><G133/><T35/><D109/><U110/><E110/><V46/><F46/><W97/><G97/><T106/><D64/><U43/><E43/><V63/><F63/><W36/><G36/><T127/><D60/><U90/><E62/><V70/><F70/><W119/><G119/><T12/><D106/><U117/><E117/><V54/><F54/><W41/><G41/><T86/><D127/><U47/><E42/><V15/><F15/><W55/><G55/><N who="0" m="31847" /><D13/><U40/><E40/><V16/><F16/><W96/><G96/><T11/><D12/><U30/><E18/><V91/><F91/><AGARI ba="0,2" hai="3,5,9,27,29,34,58,59,83,84,91,95,98,100" machi="91" ten="30,7700,0" yaku="1,1,7,1,52,2,53,0" doraHai="53" doraHaiUra="68" who="3" fromWho="2" sc="224,0,407,0,283,-77,66,97" /><INIT seed="7,0,0,0,4,120" ten="224,407,206,163" oya="3" hai0="130,88,41,79,74,65,127,51,126,9,124,43,26" hai1="99,34,52,28,133,17,61,123,70,102,110,32,12" hai2="40,89,83,115,7,48,128,78,69,67,64,106,4" hai3="39,24,62,134,84,75,58,13,119,54,73,53,49"/><W81/><G119/><T35/><D130/><U104/><E110/><V31/><F106/><W11/><G39/><T80/><D65/><N who="2" m="25162" /><F69/><W125/><G125/><T91/><D9/><U1/><E1/><V82/><F115/><W6/><G24/><T42/><D51/><U114/><E52/><V33/><F128/><W2/><G2/><T57/><D57/><U63/><E12/><V113/><F33/><W107/><G107/><T27/><D27/><U59/><E17/><V15/><F31/><AGARI ba="0,0" hai="26,31,35,41,42,43,74,79,80,88,91,124,126,127" machi="31" ten="50,3200,0" yaku="18,1,54,1" doraHai="120" who="0" fromWho="2" sc="224,32,407,0,206,-32,163,0" owari="256,5.6,407,50.7,174,-22.6,163,-33.7" /></mjloggm>