<mjloggm ver="2.3"><GO type="169" lobby="0"/><UN n0="%E3%83%A8%E3%82%B7%E3%83%86%E3%83%AB%37%30%38" n1="%E3%83%AA%E3%83%AA%E3%83%BC%E3%83%96%E3%83%A9%E3%83%83%E3%82%AF" n2="%73%65%2D%74%61" n3="%E3%83%A8%E3%83%BC%E3%83%BB%E3%83%9E%E3%82%A4%E3%82%AB" dan="16,16,17,17" rate="2081.81,2025.65,2192.40,2181.88" sx="M,F,M,M"/><TAIKYOKU oya="0"/><INIT seed="0,0,0,4,4,6" ten="250,250,250,250" oya="0" hai0="112,89,126,134,73,47,113,16,129,122,35,128,78" hai1="125,39,81,19,45,119,23,104,33,34,14,31,131" hai2="76,88,108,54,72,30,51,93,10,96,41,84,109" hai3="20,53,99,74,110,52,65,56,2,107,11,100,103"/><T105/><D35/><U118/><E104/><V8/><F41/><W22/><G110/><N who="2" m="42601" /><F72/><W55/><G74/><T117/><D122/><U15/><E81/><N who="2" m="47143" /><F30/><W102/><G107/><T106/><D117/><U67/><E67/><V18/><F18/><W101/><N who="3" m="25600" /><DORA hai="44" /><W127/><G127/><T132/><D47/><AGARI ba="0,0" hai="8,10,47,51,54,88,93,96" m="47143,42601" machi="47" ten="30,8000,1" yaku="14,1,52,3,54,1" doraHai="6,44" who="2" fromWho="0" sc="250,-80,250,0,250,80,250,0" /><INIT seed="1,0,0,3,2,13" ten="170,250,330,250" oya="1" hai0="97,41,22,134,111,119,100,58,120,21,23,55,59" hai1="89,79,78,90,60,6,80,2,126,98,19,131,44" hai2="57,32,47,88,105,135,92,73,52,77,5,103,7" hai3="117,115,14,36,29,95,83,71,51,18,54,26,124"/><U16/><E126/><V10/><F32/><W75/><G115/><T116/><D111/><U113/><E113/><V112/><F112/><W34/><G124/><T96/><D134/><U24/><E131/><V42/><F135/><W28/><G36/><T125/><D125/><U106/><E2/><V31/><F31/><W30/><G117/><T46/><D120/><U65/><E6/><V86/><F10/><W122/><G122/><T49/><D59/><N who="1" m="37023" /><E106/><V127/><F127/><W130/><G71/><T43/><D43/><U11/><E11/><V128/><F128/><W48/><G130/><T94/><REACH who="0" step="1"/><D97/><REACH who="0" ten="160,250,330,250" step="2"/><U25/><E98/><N who="2" m="61687" /><F42/><W20/><G34/><T123/><D123/><U38/><E38/><AGARI ba="0,1" hai="21,22,23,38,41,46,49,55,58,94,96,100,116,119" machi="38" ten="40,1300,0" yaku="1,1,53,0" doraHai="13" doraHaiUra="62" who="0" fromWho="1" sc="160,23,250,-13,330,0,250,0" /><INIT seed="2,0,0,0,3,101" ten="183,237,330,250" oya="2" hai0="1,108,40,55,52,20,95,66,57,59,7,77,71" hai1="22,76,78,100,45,29,44,72,124,121,104,112,26" hai2="87,109,60,16,110,25,3,39,56,0,34,38,36" hai3="96,65,133,91,4,11,131,2,106,111,86,92,23"/><V83/><F34/><W50/><G131/><T35/><D35/><U62/><E112/><V13/><F25/><W51/><G133/><T58/><D77/><U90/><E124/><V89/><F3/><W67/><G111/><N who="2" m="42505" /><F0/><W116/><G116/><T17/><D108/><U8/><E29/><V46/><F46/><W81/><G106/><T42/><D95/><U102/><E26/><V120/><F120/><W68/><G23/><T10/><D42/><U94/><E44/><V103/><F103/><W47/><G68/><T63/><REACH who="0" step="1"/><D40/><REACH who="0" ten="173,237,330,250" step="2"/><U130/><E94/><V41/><F41/><W99/><G92/><T122/><D122/><U117/><E121/><V114/><F114/><W128/><G128/><T85/><D85/><U5/><E130/><V88/><F87/><W15/><G86/><T118/><D118/><U134/><E117/><V115/><F115/><W126/><G126/><T49/><D49/><U19/><E100/><V64/><F83/><W31/><G50/><T107/><D107/><U6/><E104/><V105/><F105/><W54/><G51/><T79/><D79/><U24/><E78/><V21/><AGARI ba="0,1" hai="13,16,21,36,38,39,56,60,64,88,89" m="42505" machi="21" ten="40,12000,1" yaku="14,1,10,1,54,2" doraHai="101" who="2" fromWho="2" sc="173,-40,237,-40,330,130,250,-40" /><INIT seed="2,1,0,2,4,112" ten="133,197,460,210" oya="2" hai0="39,35,73,60,53,129,57,41,18,108,68,127,107" hai1="116,47,46,55,120,24,135,84,118,97,134,102,111" hai2="123,49,117,80,37,75,110,61,95,92,109,30,40" hai3="33,78,51,8,5,42,4,101,48,50,23,125,131"/><V36/><F123/><W22/><G125/><T6/><D6/><U15/><E15/><V9/><F30/><W14/><G131/><T94/><D18/><U19/><E120/><V89/><F61/><W17/><G33/><T1/><D94/><U69/><E69/><V105/><F105/><W65/><G65/><T76/><D76/><U74/><E74/><V132/><F132/><N who="1" m="50729" /><E111/><V10/><F40/><W11/><G101/><T87/><D87/><U28/><E19/><V90/><F80/><W67/><G67/><T98/><D73/><U38/><E84/><V119/><REACH who="2" step="1"/><F75/><REACH who="2" ten="133,197,450,210" step="2"/><W63/><G63/><T64/><D41/><N who="1" m="22839" /><E55/><V106/><F106/><W34/><G42/><T96/><D53/><U122/><E122/><V124/><F124/><W93/><G51/><AGARI ba="1,1" hai="9,10,36,37,49,51,89,90,92,95,109,110,117,119" machi="51" ten="25,12000,1" yaku="1,1,22,2,52,2,53,0" doraHai="112" doraHaiUra="72" who="2" fromWho="3" sc="133,0,197,0,450,133,210,-123" /><INIT seed="2,2,0,1,3,133" ten="133,197,583,87" oya="2" hai0="11,118,67,128,49,90,35,122,85,132,41,89,103" hai1="76,65,44,42,80,56,59,107,58,36,111,22,3" hai2="83,104,34,29,30,91,101,10,123,8,116,86,124" hai3="115,2,64,13,79,32,24,92,60,50,37,27,70"/><V126/><F116/><W75/><G115/><T93/><D35/><U40/><E111/><V117/><F117/><W57/><G2/><T21/><D122/><U88/><E107/><V19/><F123/><W135/><G135/><T100/><D132/><U62/><E3/><V127/><F34/><W5/><G32/><T108/><D108/><U52/><E42/><V28/><F19/><W81/><G37/><T23/><D128/><U48/><E22/><N who="0" m="8201" /><D67/><U78/><E88/><V55/><F55/><W97/><G50/><T84/><D11/><U131/><E131/><V120/><F120/><W69/><G70/><T71/><D71/><U16/><E16/><V77/><F77/><W99/><G69/><T14/><D14/><U119/><E119/><V73/><F73/><W0/><G0/><T72/><D72/><U25/><E25/><V6/><F6/><W54/><G64/><T112/><D112/><U63/><REACH who="1" step="1"/><E80/><REACH who="1" ten="133,187,583,87" step="2"/><V74/><F74/><W61/><G24/><T17/><D17/><U94/><E94/><V31/><N who="2" m="7168" /><DORA hai="66" /><V82/><F82/><W9/><G27/><T105/><D105/><U46/><E46/><V18/><F18/><W68/><G92/><N who="0" m="54311" /><D118/><U53/><AGARI ba="2,1" hai="36,40,44,48,52,53,56,58,59,62,63,65,76,78" machi="53" ten="20,5200,0" yaku="1,1,0,1,7,1,54,1,53,0" doraHai="133,66" doraHaiUra="125,7" who="1" fromWho="1" sc="133,-15,187,68,583,-28,87,-15" /><INIT seed="3,0,0,3,2,5" ten="118,255,555,72" oya="3" hai0="18,83,96,63,72,126,111,129,81,87,100,6,102" hai1="78,85,19,86,94,123,108,69,53,14,121,37,36" hai2="20,28,66,47,91,32,133,30,122,117,64,73,34" hai3="38,107,35,49,134,27,80,10,119,120,55,105,25"/><W125/><G38/><T61/><D111/><U74/><E108/><V110/><F73/><W65/><G119/><T41/><D129/><U82/><E69/><V0/><F110/><W95/><G120/><T59/><D126/><U116/><E116/><V75/><F75/><W62/><G125/><T127/><D72/><U54/><E74/><V112/><F47/><W43/><G43/><T118/><D118/><U33/><E33/><V40/><F40/><W93/><G134/><T67/><D6/><U16/><E94/><V24/><F91/><W48/><G35/><T70/><D41/><U4/><E4/><V113/><F117/><W79/><G62/><T131/><D131/><U89/><E89/><V132/><F20/><W130/><G130/><T103/><D127/><U106/><E14/><V115/><F115/><W109/><G109/><T88/><D83/><U8/><E82/><V26/><F122/><W135/><G80/><T58/><D18/><U45/><E45/><V101/><F101/><W56/><G56/><T13/><D13/><U11/><REACH who="1" step="1"/><E106/><REACH who="1" ten="118,245,555,72" step="2"/><V9/><F0/><W84/><G107/><T2/><D2/><U128/><E128/><V57/><F57/><W15/><G105/><T97/><REACH who="0" step="1"/><D70/><REACH who="0" ten="108,245,555,72" step="2"/><U71/><E71/><V104/><F104/><W29/><G15/><T77/><D77/><AGARI ba="0,2" hai="8,11,16,19,36,37,53,54,77,78,85,86,121,123" machi="77" ten="25,12000,2" yaku="1,1,22,2,52,2,54,1,53,0" doraHai="5" doraHaiUra="90" who="1" fromWho="0" sc="108,-120,245,140,555,0,72,0" owari="-12,-51.2,385,18.5,555,65.5,72,-32.8" /></mjloggm>