<mjloggm ver="2.3"><GO type="225" lobby="0"/><UN n0="%E3%81%8B%E3%82%8F%E3%81%A1%E3%82%83%E3%82%93%35%38" n1="%72%61%6B%33" n2="%E3%81%BF%E3%81%BF%E3%81%9A" n3="%E7%89%B9%E6%9D%B1%E3%81%AF%E4%B8%96%E7%95%8C%E3%82%92%E6%95%91%E3%81%86" dan="16,16,17,16" rate="2140.70,2104.38,2251.56,2144.70" sx="M,M,M,M"/><TAIKYOKU oya="0"/><INIT seed="0,0,0,5,0,49" ten="250,250,250,250" oya="0" hai0="103,119,44,36,66,50,114,88,80,118,106,100,78" hai1="42,91,61,105,56,0,17,63,132,134,51,38,23" hai2="28,12,30,29,27,11,48,92,126,68,62,59,113" hai3="104,7,135,87,129,21,77,19,131,22,70,33,79"/><T60/><D114/><U41/><E0/><V90/><F113/><W64/><G33/><T73/><D36/><U13/><E105/><V8/><F126/><W124/><G104/><T69/><D88/><U85/><E38/><V110/><F68/><W130/><G124/><T81/><D81/><U84/><E84/><V94/><F110/><W71/><G135/><N who="1" m="51754" /><E51/><V72/><F72/><W47/><G7/><T76/><D76/><N who="3" m="29257" /><G87/><T89/><D89/><U10/><E10/><V122/><F122/><W2/><G2/><T9/><D9/><U57/><E57/><V99/><F48/><W128/><G128/><T5/><D5/><U18/><E18/><V52/><F94/><W109/><G109/><T117/><REACH who="0" step="1"/><D106/><REACH who="0" ten="240,250,250,250" step="2"/><U15/><E91/><V74/><F8/><W14/><G130/><T95/><D95/><U123/><E123/><V83/><F83/><W102/><G131/><T67/><D67/><U43/><E85/><V55/><F74/><W98/><G129/><T121/><D121/><U101/><E42/><AGARI ba="0,1" hai="42,44,50,60,66,69,73,78,80,100,103,117,118,119" machi="42" ten="40,2000,0" yaku="1,1,53,0" doraHai="49" doraHaiUra="53" who="0" fromWho="1" sc="240,30,250,-20,250,0,250,0" /><INIT seed="0,1,0,4,2,68" ten="270,230,250,250" oya="0" hai0="4,135,75,57,119,15,114,41,116,42,61,92,83" hai1="111,73,103,112,55,31,104,85,81,132,17,79,102" hai2="26,3,23,13,35,1,77,122,2,28,84,87,47" hai3="63,90,70,82,101,44,30,74,5,115,117,91,53"/><T126/><D114/><U34/><E112/><V71/><F122/><W6/><G115/><T134/><D92/><U43/><E111/><V131/><F131/><W106/><G117/><T97/><D97/><U38/><E132/><N who="0" m="50729" /><D15/><U93/><E55/><V108/><F108/><W118/><G101/><T56/><D4/><U40/><E17/><V98/><F71/><W110/><G106/><T10/><D10/><U100/><E40/><N who="0" m="15465" /><D126/><U80/><E104/><V0/><N who="2" m="0" /><DORA hai="72" /><V48/><F98/><W121/><G5/><T33/><D33/><U22/><E34/><V11/><F35/><W125/><G6/><T20/><D20/><U50/><E22/><V19/><REACH who="2" step="1"/><F77/><REACH who="2" ten="270,230,240,250" step="2"/><W130/><G110/><T46/><D116/><U36/><E79/><V24/><F24/><W107/><G118/><T96/><D96/><U29/><E38/><V99/><F99/><W65/><G130/><T14/><D119/><U109/><E36/><V60/><F60/><W39/><G121/><T95/><D61/><U66/><E109/><V78/><F78/><W89/><G70/><T128/><D128/><U120/><E120/><V12/><F12/><W88/><G107/><T51/><D14/><U32/><E32/><V59/><F59/><W123/><G123/><T129/><D57/><U105/><E105/><V27/><F27/><W54/><G63/><T25/><D56/><U113/><E113/><V94/><F94/><W86/><G89/><T37/><D37/><U62/><E103/><V9/><F9/><W18/><G39/><T58/><D129/><U45/><E102/><V67/><F67/><RYUUKYOKU ba="1,1" sc="270,-10,230,-10,240,30,250,-10" hai2="11,13,19,23,26,28,47,48,84,87" /><INIT seed="1,2,1,5,1,73" ten="260,220,270,240" oya="1" hai0="96,56,7,53,49,55,87,92,21,0,25,28,102" hai1="69,122,2,113,57,43,81,110,61,91,124,103,135" hai2="17,52,72,107,125,121,31,48,29,59,13,6,63" hai3="19,58,99,32,89,36,130,67,116,71,129,95,68"/><U5/><E122/><V131/><F121/><W40/><G32/><T27/><D0/><U83/><E113/><V30/><F107/><W54/><G116/><T105/><D7/><U45/><E124/><V111/><F125/><W109/><G109/><T44/><D87/><U8/><E135/><V16/><F111/><W42/><G67/><T94/><REACH who="0" step="1"/><D27/><REACH who="0" ten="250,220,270,240" step="2"/><U14/><E110/><V114/><F72/><W132/><G132/><T86/><D86/><U85/><E2/><V33/><F114/><W22/><G130/><T82/><D82/><U70/><E83/><V37/><F131/><W134/><G129/><T47/><D47/><U106/><E106/><V46/><F33/><W18/><G134/><T77/><D77/><U127/><E127/><V75/><F75/><W112/><G112/><T51/><AGARI ba="2,2" hai="21,25,28,44,49,51,53,55,56,92,94,96,102,105" machi="51" ten="20,2700,0" yaku="1,1,0,1,7,1,53,0" doraHai="73" doraHaiUra="133" who="0" fromWho="0" sc="250,53,220,-15,270,-9,240,-9" /><INIT seed="2,0,0,5,2,9" ten="303,205,261,231" oya="2" hai0="39,115,114,61,5,24,112,121,131,105,87,123,18" hai1="104,102,95,64,111,31,76,113,127,13,119,103,51" hai2="43,106,98,122,63,125,29,41,97,99,56,53,79" hai3="72,78,14,35,126,38,82,50,57,62,108,80,74"/><V42/><F122/><W66/><G38/><T70/><D87/><U22/><E113/><V46/><F125/><W96/><G126/><T117/><D105/><U55/><E119/><V36/><F106/><W6/><G35/><T75/><D75/><U2/><E2/><V54/><F79/><W71/><G108/><T17/><D39/><U7/><E127/><V81/><F81/><W100/><G74/><T85/><D85/><U28/><E104/><V73/><F73/><W47/><G82/><T52/><D70/><U34/><E34/><V10/><F29/><W4/><G71/><T86/><D86/><U30/><E111/><V25/><F25/><W89/><G89/><T32/><D52/><U23/><E64/><V45/><F36/><W116/><G116/><T93/><D93/><U91/><E76/><V12/><REACH who="2" step="1"/><F54/><REACH who="2" ten="303,205,251,231" step="2"/><W60/><G72/><T77/><D117/><U44/><E28/><V129/><F129/><W109/><G109/><T135/><D131/><U15/><E30/><V65/><F65/><W37/><G37/><T48/><D77/><U49/><E31/><V58/><F58/><W134/><G80/><T3/><D121/><U124/><E124/><V120/><F120/><W107/><G78/><T132/><D123/><U8/><E55/><V27/><F27/><W84/><G57/><T19/><D24/><U0/><E95/><V101/><F101/><W1/><G66/><T20/><D32/><U16/><E103/><V11/><F11/><W68/><G107/><T83/><D114/><U33/><E33/><V92/><F92/><W88/><G100/><RYUUKYOKU ba="0,1" sc="303,-10,205,-10,251,30,231,-10" hai2="10,12,41,42,43,45,46,53,56,63,97,98,99" /><INIT seed="2,1,1,0,2,16" ten="293,195,281,221" oya="2" hai0="127,45,125,58,95,28,100,11,129,76,87,83,123" hai1="85,72,111,30,103,117,128,106,35,118,109,98,89" hai2="53,92,133,78,39,102,82,114,132,48,63,110,86" hai3="74,42,70,105,21,79,2,107,97,96,65,24,122"/><V112/><F39/><W29/><G122/><T41/><D123/><U81/><E30/><V34/><F34/><W8/><G42/><T26/><D129/><U5/><E5/><V12/><F63/><N who="3" m="40255" /><G21/><T84/><D58/><U49/><E35/><V126/><F12/><W61/><G61/><T64/><D64/><U4/><E4/><V90/><F102/><N who="3" m="62663" /><G24/><T14/><D100/><U40/><E40/><V9/><F9/><W94/><G94/><T6/><D95/><N who="1" m="54703" /><E49/><V124/><F53/><W1/><G8/><T3/><D84/><U104/><E104/><V22/><F22/><W135/><G29/><T27/><D3/><U44/><E44/><V47/><F48/><W113/><G113/><N who="2" m="43625" /><F47/><W80/><G2/><T55/><D55/><U119/><E128/><V19/><F19/><W99/><G1/><T67/><D67/><U115/><E115/><V130/><F110/><W69/><G69/><T116/><D116/><U37/><E37/><V62/><F62/><W101/><G107/><T108/><D108/><N who="1" m="41547" /><E119/><V36/><F36/><W121/><G121/><T57/><D57/><U91/><E91/><V66/><F66/><W52/><G52/><T50/><REACH who="0" step="1"/><D26/><REACH who="0" ten="283,195,281,221" step="2"/><U88/><E88/><N who="2" m="53271" /><F130/><W31/><G101/><T15/><D15/><U25/><E25/><V120/><F90/><W73/><G73/><T60/><D60/><U17/><E17/><V18/><F18/><W23/><G74/><T51/><D51/><U46/><E46/><V54/><F54/><W38/><G38/><T33/><D33/><U59/><BYE who="0" /><E59/><V131/><F120/><W71/><G71/><RYUUKYOKU ba="1,2" sc="283,15,195,15,281,-15,221,-15" hai0="6,11,14,27,28,41,45,50,76,83,87,125,127" hai1="72,81,98,103,106,117,118" /><INIT seed="3,2,2,1,0,92" ten="298,210,266,206" oya="3" hai0="15,66,79,23,88,28,128,10,84,62,121,16,125" hai1="83,78,65,111,53,113,34,0,89,13,74,11,86" hai2="87,108,81,131,99,36,122,71,134,45,12,59,21" hai3="3,67,75,44,126,82,57,63,31,22,91,29,55"/><W119/><G119/><T42/><D42/><U8/><E113/><V70/><F108/><W51/><G126/><T30/><D30/><UN n0="%E3%81%8B%E3%82%8F%E3%81%A1%E3%82%83%E3%82%93%35%38" /><U50/><E111/><V130/><F59/><W118/><G118/><T72/><D121/><U129/><E129/><N who="2" m="49163" /><F134/><W110/><G110/><T56/><D128/><U2/><E34/><V116/><F116/><W104/><G3/><T135/><D125/><U47/><E65/><V127/><F99/><W25/><G104/><T114/><D135/><U96/><E11/><V19/><F122/><W90/><REACH who="3" step="1"/><G31/><REACH who="3" ten="298,210,266,196" step="2"/><T7/><D28/><U97/><E0/><V43/><F127/><W100/><G100/><T6/><D114/><U48/><E2/><V85/><F85/><W38/><G38/><T94/><D72/><U102/><E102/><V133/><F133/><W32/><G32/><T68/><D79/><AGARI ba="2,3" hai="12,19,21,36,43,45,70,71,79,81,87" m="49163" machi="79" ten="30,1000,0" yaku="19,1" doraHai="92" who="2" fromWho="0" sc="298,-16,210,0,266,46,196,0" /><AGARI ba="2,0" hai="22,25,29,44,51,55,57,63,67,75,79,82,90,91" machi="79" ten="40,2000,0" yaku="1,1,53,0" doraHai="92" doraHaiUra="14" who="3" fromWho="0" sc="282,-20,210,0,312,0,196,20" /><INIT seed="3,3,0,0,0,86" ten="262,210,312,216" oya="3" hai0="32,7,70,50,26,110,95,73,58,19,83,80,122" hai1="103,111,127,133,81,115,82,37,52,91,0,40,62" hai2="77,121,15,13,108,45,28,132,75,120,102,106,65" hai3="113,128,33,72,2,88,11,17,78,27,35,104,87"/><W21/><G113/><T56/><D122/><N who="2" m="47210" /><F108/><W66/><G104/><T36/><D70/><U9/><E115/><V61/><F132/><W44/><G128/><T96/><D36/><U25/><E133/><V59/><F28/><W57/><G72/><T38/><D38/><U8/><E111/><V112/><F112/><W67/><G78/><T22/><D110/><U114/><E114/><V76/><F45/><W41/><G2/><T3/><D32/><U47/><E127/><V53/><F53/><W92/><G11/><T134/><D134/><U130/><E130/><V34/><F34/><W84/><G84/><T31/><D3/><U12/><E0/><V46/><F46/><W71/><G71/><T29/><D7/><U125/><E125/><V54/><F54/><W123/><G123/><T49/><D73/><U39/><E39/><V98/><F77/><W51/><REACH who="3" step="1"/><G66/><REACH who="3" ten="262,210,312,206" step="2"/><T14/><D80/><AGARI ba="3,1" hai="13,15,59,61,65,75,76,80,98,102,106" m="47210" machi="80" ten="30,1000,0" yaku="13,1" doraHai="86" who="2" fromWho="0" sc="262,-19,210,0,312,29,206,0" owari="243,4.3,210,-19.0,341,44.1,206,-29.4" /></mjloggm>