<mjloggm ver="2.3"><GO type="169" lobby="0"/><UN n0="%E3%83%80%E3%82%AF%E3%82%BF%E3%83%BC%E3%82%AF%E3%83%AA%E3%83%83%E3%83%97" n1="%E3%83%AF%E3%82%BF%E3%82%B7%E3%81%8C%E9%A3%9B%E3%82%93%E3%81%A0%E6%97%A5" n2="%E3%81%9F%E3%81%AA%E3%81%8B%E6%95%99%E7%A5%96" n3="%53%69%6C%65%6E%54" dan="19,16,17,16" rate="2249.32,2132.02,2173.22,2163.97" sx="M,M,M,F"/><TAIKYOKU oya="0"/><INIT seed="0,0,0,4,2,24" ten="250,250,250,250" oya="0" hai0="63,113,15,122,2,35,33,95,72,88,96,109,57" hai1="47,86,36,29,39,0,50,61,9,13,118,91,14" hai2="31,23,135,8,55,98,45,89,4,121,22,108,120" hai3="68,123,25,93,26,90,32,10,48,51,132,134,110"/><T52/><D113/><U40/><E118/><V7/><F108/><W71/><G110/><T79/><D122/><U104/><E104/><V60/><F135/><N who="3" m="51755" /><G123/><T65/><D2/><U85/><E0/><V58/><F4/><W84/><G10/><T107/><D109/><U16/><E61/><V20/><F45/><W103/><G103/><T77/><D107/><U87/><E91/><V73/><F73/><W18/><G18/><T46/><D72/><U49/><E29/><V28/><F120/><W97/><G97/><T130/><D130/><U78/><E78/><V5/><F121/><W19/><G25/><T59/><D46/><U43/><E43/><V101/><F89/><W126/><G126/><T111/><D111/><U129/><E36/><V100/><F7/><W21/><G32/><T44/><D44/><U67/><E67/><V66/><F66/><W127/><G127/><T69/><D69/><AGARI ba="0,0" hai="19,21,26,48,51,68,69,71,84,90,93" m="51755" machi="69" ten="30,1000,0" yaku="20,1" doraHai="24" who="3" fromWho="0" sc="250,-10,250,0,250,0,250,10" /><INIT seed="1,0,0,0,4,76" ten="240,250,250,260" oya="1" hai0="113,30,131,108,59,42,116,123,74,67,61,2,121" hai1="41,91,133,64,77,13,66,45,134,19,60,65,85" hai2="105,34,135,107,38,20,71,37,106,29,0,125,110" hai3="58,93,130,72,79,129,80,11,50,32,48,43,54"/><U120/><E120/><N who="0" m="46153" /><D2/><U109/><E77/><V97/><F20/><W1/><G32/><T47/><D30/><U16/><E60/><V87/><F110/><W127/><G127/><T88/><D74/><U86/><E109/><V27/><F125/><W21/><G21/><T12/><D108/><U23/><E19/><V68/><F87/><W57/><G93/><T70/><D12/><U3/><E3/><V128/><F128/><N who="3" m="49259" /><G43/><T84/><D131/><U114/><E114/><V63/><F135/><N who="1" m="51721" /><E91/><V124/><F124/><W7/><G50/><AGARI ba="0,0" hai="13,16,23,41,45,50,64,65,66,85,86" m="51721" machi="50" ten="30,2900,0" yaku="20,1,54,1" doraHai="76" who="1" fromWho="3" sc="240,0,250,29,250,0,260,-29" /><INIT seed="1,1,0,3,1,77" ten="240,279,250,231" oya="1" hai0="85,32,76,5,92,88,123,36,124,39,37,83,45" hai1="14,113,54,0,57,111,97,64,1,50,122,31,46" hai2="29,8,69,108,67,21,90,33,128,94,20,13,109" hai3="106,118,117,130,72,27,51,40,48,19,63,42,134"/><U62/><E122/><V105/><F105/><W121/><G106/><T11/><D123/><U110/><E113/><V47/><F128/><W116/><G121/><T91/><D124/><U84/><E97/><V95/><F95/><W61/><G130/><T131/><D131/><U6/><E31/><V102/><F102/><W80/><G134/><T66/><D32/><U30/><E30/><V60/><F47/><W68/><G19/><T73/><D66/><U82/><E14/><V78/><F78/><N who="3" m="44103" /><G27/><T114/><D91/><N who="1" m="51607" /><E6/><V87/><F33/><W133/><G133/><T119/><D119/><U4/><E4/><V93/><F93/><W100/><G100/><T26/><D26/><U81/><E81/><V17/><REACH who="2" step="1"/><F29/><REACH who="2" ten="240,279,240,231" step="2"/><W86/><G117/><T65/><D114/><U98/><E98/><V28/><F28/><W52/><G118/><T12/><REACH who="0" step="1"/><D65/><REACH who="0" ten="230,279,240,231" step="2"/><U75/><E64/><V35/><F35/><W135/><G116/><T3/><D3/><U53/><E0/><V120/><F120/><W104/><G135/><T74/><D74/><U125/><E75/><V59/><F59/><W49/><G68/><T129/><D129/><U43/><E1/><V16/><F16/><W38/><G104/><T23/><D23/><AGARI ba="1,2" hai="8,13,17,20,21,23,60,67,69,87,90,94,108,109" machi="23" ten="40,1300,0" yaku="1,1,53,0" doraHai="77" doraHaiUra="101" who="2" fromWho="0" sc="230,-16,279,0,240,36,231,0" /><INIT seed="2,0,0,2,2,48" ten="214,279,276,231" oya="2" hai0="27,43,53,47,103,80,87,128,95,135,120,51,13" hai1="22,67,16,26,62,105,63,1,114,20,57,117,61" hai2="59,69,132,32,106,7,18,134,111,110,23,119,6" hai3="82,79,127,42,33,70,123,129,29,9,34,112,91"/><V88/><F69/><W73/><G123/><T72/><D120/><U107/><E117/><V17/><F106/><W66/><G129/><T68/><D128/><U113/><E1/><V102/><F102/><W130/><G130/><T101/><D135/><N who="2" m="51754" /><F119/><W93/><G127/><T81/><D68/><U4/><E4/><N who="2" m="1579" /><F32/><W8/><G112/><T3/><D3/><U90/><E105/><V97/><F23/><W71/><G33/><T56/><D13/><U83/><E107/><V11/><F11/><W85/><G34/><T28/><D72/><U96/><E20/><V54/><F97/><W109/><G70/><T19/><D19/><U125/><E125/><V45/><F45/><W100/><G8/><T52/><D43/><U49/><E96/><V98/><F88/><W39/><G91/><N who="0" m="53759" /><D27/><U99/><E114/><V35/><F98/><W89/><G89/><T15/><D15/><U25/><E25/><V36/><F36/><W115/><G39/><T40/><D28/><U75/><E113/><V108/><F35/><W21/><G115/><T94/><D40/><U92/><E83/><N who="0" m="31817" /><D94/><U131/><E131/><V38/><F38/><W104/><G93/><T30/><D30/><U64/><E75/><V10/><F10/><W55/><G29/><T60/><AGARI ba="0,0" hai="47,51,52,53,56,60,101,103" m="31817,53759" machi="60" ten="30,7900,0" yaku="8,1,52,2,54,1" doraHai="48" who="0" fromWho="0" sc="214,79,279,-20,276,-39,231,-20" /><INIT seed="3,0,0,0,4,81" ten="293,259,237,211" oya="3" hai0="42,114,17,51,45,21,38,72,124,130,31,57,37" hai1="30,69,85,24,93,22,127,83,102,39,99,6,54" hai2="35,97,62,107,131,44,15,16,103,41,71,101,78" hai3="50,82,74,58,3,55,113,53,104,86,11,76,119"/><W27/><G119/><T67/><D72/><U125/><E39/><V129/><F35/><W64/><G113/><T29/><D114/><U48/><E69/><V20/><F78/><W60/><G104/><T18/><D130/><N who="2" m="49674" /><F103/><W94/><G27/><T128/><D124/><U46/><REACH who="1" step="1"/><E6/><REACH who="1" ten="293,249,237,211" step="2"/><V32/><F32/><W95/><G74/><T9/><D37/><U79/><AGARI ba="0,1" hai="22,24,30,46,48,54,79,83,85,93,99,102,125,127" machi="79" ten="30,8000,1" yaku="1,1,2,1,0,1,52,1,53,1" doraHai="81" doraHaiUra="88" who="1" fromWho="1" sc="293,-20,249,90,237,-20,211,-40" /><INIT seed="4,0,0,3,4,51" ten="273,339,217,171" oya="0" hai0="38,47,67,32,83,74,86,78,79,6,20,129,10" hai1="77,119,70,103,91,133,125,21,81,64,43,48,87" hai2="71,107,114,111,28,27,104,122,26,61,134,97,88" hai3="106,46,39,22,127,52,29,126,56,118,13,92,121"/><T109/><D32/><U112/><E119/><V8/><F122/><W99/><G118/><T23/><D129/><U124/><E133/><V95/><F111/><W115/><G115/><T89/><D109/><U120/><E120/><V75/><F75/><W15/><G106/><T50/><D67/><U123/><E123/><V65/><F134/><W85/><G85/><T90/><D38/><U59/><E70/><V24/><F114/><W62/><G121/><T55/><D89/><U128/><E112/><V34/><F8/><W0/><G0/><T17/><D17/><U93/><E103/><V82/><F82/><W33/><G33/><T131/><D131/><U100/><E100/><V76/><F76/><W116/><G116/><T18/><D18/><U58/><E21/><V7/><F7/><W60/><G60/><T94/><REACH who="0" step="1"/><D78/><REACH who="0" ten="263,339,217,171" step="2"/><U57/><E64/><V30/><REACH who="2" step="1"/><F27/><REACH who="2" ten="263,339,207,171" step="2"/><W12/><G126/><T68/><D68/><U69/><E69/><V44/><F44/><W102/><G127/><T3/><AGARI ba="0,2" hai="3,6,10,20,23,47,50,55,74,79,83,86,90,94" machi="3" ten="20,12000,1" yaku="1,1,0,1,7,1,52,1,53,1" doraHai="51" doraHaiUra="105" who="0" fromWho="0" sc="263,140,339,-40,207,-40,171,-40" /><INIT seed="4,1,0,0,2,98" ten="403,299,167,131" oya="0" hai0="71,56,6,135,108,50,38,119,65,86,55,97,94" hai1="22,53,48,26,64,73,82,15,60,16,89,101,49" hai2="45,124,25,51,3,120,21,91,13,57,40,19,20" hai3="115,132,39,87,32,36,0,4,44,129,76,11,83"/><T131/><D119/><U75/><E48/><V66/><F120/><W110/><G110/><T46/><D108/><U33/><E89/><V134/><F3/><W68/><G68/><T61/><D131/><U117/><E117/><V12/><F134/><W59/><G132/><T107/><D135/><U14/><E14/><V90/><F124/><W99/><G129/><T41/><D6/><U96/><E82/><V100/><F12/><W54/><G32/><T128/><D128/><U133/><E133/><V70/><F70/><W78/><G115/><T88/><D107/><U109/><E109/><V103/><F66/><W85/><G44/><T24/><D24/><U84/><E84/><AGARI ba="1,0" hai="38,41,46,50,55,56,61,65,71,84,86,88,94,97" machi="84" ten="40,7700,0" yaku="24,2,54,1" doraHai="98" who="0" fromWho="1" sc="403,80,299,-80,167,0,131,0" /><INIT seed="4,2,0,0,0,128" ten="483,219,167,131" oya="0" hai0="73,58,17,124,109,10,79,38,99,83,62,100,108" hai1="42,14,126,74,27,98,133,65,36,6,22,34,116" hai2="114,122,56,69,96,89,78,111,2,26,11,75,68" hai3="29,121,120,35,88,0,104,48,31,39,94,32,117"/><T134/><D38/><U19/><E116/><V101/><F111/><W37/><G104/><T55/><D124/><U13/><E74/><V82/><F122/><N who="3" m="47211" /><G0/><T47/><D47/><U9/><E126/><V115/><F89/><W76/><G76/><T129/><D129/><U90/><E65/><V72/><F72/><W131/><G131/><T132/><D17/><U112/><E42/><V25/><F56/><W118/><G48/><T91/><D10/><U93/><E36/><N who="3" m="13898" /><G88/><T16/><D91/><U135/><E112/><N who="2" m="43051" /><F25/><N who="3" m="18479" /><G94/><N who="0" m="58487" /><D16/><U52/><E52/><V70/><F26/><AGARI ba="2,0" hai="26,31,35,117,118" m="18479,13898,47211" machi="26" ten="30,2000,0" yaku="13,1,23,1" doraHai="128" who="3" fromWho="2" sc="483,0,219,0,167,-26,131,26" /><INIT seed="5,0,0,5,2,4" ten="483,219,141,157" oya="1" hai0="33,28,60,61,22,31,49,133,58,50,124,0,102" hai1="96,107,78,25,18,120,82,20,73,35,10,57,106" hai2="104,21,127,108,11,134,44,38,68,103,52,111,1" hai3="36,72,128,114,8,37,88,70,100,86,129,12,15"/><U45/><E120/><V98/><F68/><W17/><G72/><T29/><D22/><U123/><E123/><V95/><F127/><W77/><G77/><T64/><D31/><U69/><E69/><V42/><F134/><W46/><G70/><T39/><D58/><U84/><E35/><V9/><F104/><W90/><G100/><T85/><D85/><U132/><E132/><V6/><F21/><W55/><G114/><T41/><D41/><U3/><E84/><V94/><F94/><W79/><G79/><T19/><D19/><U62/><E96/><V131/><F131/><N who="3" m="50251" /><G15/><T54/><D54/><U74/><E45/><V126/><F126/><W32/><G32/><T122/><D39/><N who="3" m="14921" /><G86/><T121/><D33/><U119/><E73/><V92/><F92/><W130/><N who="3" m="50259" /><W43/><DORA hai="30" /><G55/><T91/><D102/><U80/><E80/><V105/><F105/><W99/><G99/><T14/><D14/><U7/><REACH who="1" step="1"/><E119/><REACH who="1" ten="483,209,141,157" step="2"/><V47/><REACH who="2" step="1"/><F11/><REACH who="2" ten="483,209,131,157" step="2"/><W110/><G110/><T67/><D133/><U89/><E89/><V56/><F56/><W118/><G118/><T101/><D91/><U113/><E113/><V63/><F63/><W24/><G90/><T16/><D61/><U23/><E23/><V34/><F34/><W26/><G88/><T48/><D60/><U97/><E97/><V59/><F59/><W53/><G8/><T76/><D122/><U135/><E135/><V5/><F5/><W51/><G46/><T81/><D121/><U40/><E40/><V109/><F109/><W66/><G43/><T87/><D124/><U83/><E83/><RYUUKYOKU ba="0,2" sc="483,-15,209,15,131,15,157,-15" hai1="3,7,10,18,20,25,57,62,74,78,82,106,107" hai2="1,6,9,38,42,44,47,52,95,98,103,108,111" /><INIT seed="5,1,2,4,1,127" ten="468,224,146,142" oya="1" hai0="50,6,26,61,19,74,44,24,104,125,12,103,65" hai1="92,63,41,77,62,116,64,35,3,29,124,100,67" hai2="32,2,38,69,86,39,56,94,43,55,72,30,25" hai3="107,91,130,90,83,108,111,11,93,80,82,57,22"/><U135/><E116/><V33/><F33/><W21/><G107/><T9/><D74/><U106/><E106/><V96/><F72/><W85/><G11/><T53/><D125/><U131/><E3/><V88/><F69/><W134/><G134/><T52/><D53/><U114/><E124/><V76/><F2/><W16/><G21/><T5/><D104/><U126/><E126/><V79/><F43/><W112/><G112/><T123/><D103/><U40/><E35/><V95/><F39/><W102/><G102/><T31/><D123/><U0/><E0/><V28/><F28/><W68/><G68/><T119/><D119/><U13/><E29/><V113/><F38/><W34/><G34/><T122/><D122/><U81/><E135/><V17/><F17/><W128/><G91/><T59/><D31/><U105/><E41/><V60/><REACH who="2" step="1"/><F113/><REACH who="2" ten="468,224,136,142" step="2"/><W132/><G132/><T7/><AGARI ba="1,3" hai="5,6,7,9,12,19,24,26,44,50,52,59,61,65" machi="7" ten="30,4000,0" yaku="0,1,8,1,54,1" doraHai="127" who="0" fromWho="0" sc="468,73,224,-21,136,-11,142,-11" /><INIT seed="6,0,0,3,2,96" ten="541,203,125,131" oya="2" hai0="70,102,5,100,135,50,105,107,69,77,78,92,68" hai1="71,94,132,36,99,29,127,6,87,85,34,101,61" hai2="73,117,130,128,20,125,9,2,4,103,112,83,44" hai3="108,45,19,17,23,38,37,52,123,42,8,53,116"/><V64/><F117/><W14/><G116/><T131/><D50/><U28/><E36/><V26/><F112/><W35/><G108/><T97/><D5/><U84/><E127/><V110/><F125/><W134/><G123/><T98/><D131/><N who="2" m="50218" /><F110/><W114/><G114/><T49/><D135/><U31/><E132/><V12/><F64/><W66/><G134/><T47/><D92/><U133/><E133/><V57/><F57/><W58/><G35/><T91/><D91/><U33/><E6/><V106/><F44/><W25/><REACH who="3" step="1"/><G38/><REACH who="3" ten="541,203,125,121" step="2"/><T115/><REACH who="0" step="1"/><D115/><REACH who="0" ten="531,203,125,121" step="2"/><U3/><E34/><V32/><F32/><W43/><G43/><AGARI ba="0,2" hai="43,47,49,68,69,70,77,78,97,98,100,102,105,107" machi="43" ten="40,8000,1" yaku="1,1,2,1,9,1,52,2,53,0" doraHai="96" doraHaiUra="15" who="0" fromWho="3" sc="531,100,203,0,125,0,121,-80" /><INIT seed="7,0,0,1,0,42" ten="631,203,125,41" oya="3" hai0="16,101,71,95,99,122,25,117,33,28,3,65,0" hai1="63,126,77,30,58,1,24,8,86,53,108,39,26" hai2="15,70,75,11,98,131,13,74,118,102,45,124,2" hai3="18,97,111,52,66,31,62,67,132,10,87,69,107"/><W94/><G132/><T60/><D117/><U36/><E108/><V96/><F118/><W46/><G111/><T35/><D122/><U112/><E26/><V109/><F109/><W6/><G31/><T12/><D35/><U78/><E78/><V44/><F70/><W19/><G67/><T4/><D4/><U133/><E133/><V127/><F2/><W103/><G107/><T113/><D113/><U130/><E77/><V50/><F131/><W59/><G87/><T14/><D14/><N who="2" m="5130" /><F11/><AGARI ba="0,0" hai="0,3,11,12,16,25,28,33,60,65,71,95,99,101" machi="11" ten="30,2000,0" yaku="7,1,54,1" doraHai="42" who="0" fromWho="2" sc="631,20,203,0,125,-20,41,0" owari="651,75.1,203,0.3,105,-29.5,41,-45.9" /></mjloggm>