<mjloggm ver="2.3"><GO type="169" lobby="0"/><UN n0="%E3%81%82%E3%81%A3%E3%81%8D%EF%BD%9E%E2%99%AA" n1="%43%68%65" n2="%E6%81%8B%E3%81%AE%E3%81%86%E3%81%9F" n3="%E7%B4%94%E6%BD%94%E3%83%94%E3%83%A9%E3%83%8B%E3%82%A2" dan="16,16,17,16" rate="2077.96,2184.44,2265.94,2197.14" sx="M,M,M,M"/><TAIKYOKU oya="0"/><INIT seed="0,0,0,3,0,109" ten="250,250,250,250" oya="0" hai0="73,78,99,46,25,81,41,115,1,101,42,62,61" hai1="13,118,95,17,59,86,53,104,72,91,114,19,38" hai2="40,23,39,37,11,29,63,100,127,7,89,60,124" hai3="64,80,132,43,71,55,120,121,107,94,8,126,47"/><T10/><D25/><U85/><E118/><V24/><F100/><W79/><G107/><T35/><D115/><U54/><E72/><V88/><F63/><W68/><G126/><N who="2" m="48169" /><F60/><W20/><G132/><T44/><D35/><U4/><E104/><V93/><F40/><W27/><G8/><T130/><D130/><U6/><E38/><N who="2" m="14347" /><F93/><W34/><G94/><T66/><D42/><U57/><E114/><V9/><F9/><W113/><G113/><T30/><D30/><U103/><E103/><V58/><F58/><W82/><G55/><T129/><D129/><U92/><REACH who="1" step="1"/><E13/><AGARI ba="0,0" hai="7,11,13,23,24,29,88,89" m="14347,48169" machi="13" ten="30,2000,0" yaku="18,1,54,1" doraHai="109" who="2" fromWho="1" sc="250,0,250,-20,250,20,250,0" /><INIT seed="1,0,0,3,5,128" ten="250,230,270,250" oya="1" hai0="86,39,96,98,129,120,77,44,76,23,43,88,26" hai1="126,104,69,101,99,30,72,121,114,89,81,58,1" hai2="2,125,54,22,124,113,95,107,45,80,20,27,75" hai3="19,83,25,105,3,123,8,33,73,38,127,94,93"/><U12/><E1/><V106/><F2/><W11/><G105/><N who="2" m="39945" /><F95/><W118/><G38/><T53/><D129/><U18/><E69/><V50/><F27/><W29/><G127/><N who="2" m="48713" /><F113/><W61/><G123/><T97/><D53/><U108/><E126/><V122/><F122/><W100/><G100/><T112/><D112/><U116/><E114/><V15/><F15/><W35/><G61/><T84/><D84/><U70/><E70/><V4/><F4/><W16/><G3/><T52/><D52/><U90/><E121/><V55/><F55/><W13/><G118/><T59/><D59/><U65/><E116/><V67/><F67/><W91/><G33/><T57/><D57/><U131/><E30/><V34/><F34/><W48/><G93/><T68/><D68/><U49/><E131/><V37/><F37/><W85/><G94/><T56/><D56/><U10/><E49/><V28/><F28/><W47/><G73/><T46/><D46/><U71/><E71/><V74/><F80/><W5/><G11/><T78/><D120/><U42/><E42/><AGARI ba="0,0" hai="5,8,13,16,19,25,29,35,42,47,48,83,85,91" machi="42" ten="30,2000,0" yaku="7,1,54,1" doraHai="128" who="3" fromWho="1" sc="250,0,230,-20,270,0,250,20" /><INIT seed="2,0,0,0,5,99" ten="250,210,270,270" oya="2" hai0="134,97,16,90,79,54,132,53,43,131,119,47,101" hai1="5,60,89,85,55,10,115,64,93,117,70,28,92" hai2="27,25,61,81,135,14,58,74,32,113,91,20,18" hai3="128,65,34,68,118,56,9,35,2,104,45,103,82"/><V17/><F113/><W121/><G56/><T30/><D131/><U0/><E115/><V39/><F39/><W105/><G118/><T40/><D119/><U11/><E117/><V8/><F135/><N who="0" m="51754" /><D30/><U26/><E11/><V24/><F32/><W100/><G45/><T125/><D125/><U109/><E109/><V133/><F133/><W98/><G82/><T3/><D3/><U6/><E6/><V41/><F41/><W36/><G36/><T63/><D90/><U130/><E130/><V46/><F46/><W126/><G121/><T106/><D79/><U87/><E55/><V108/><F108/><W76/><G76/><T38/><D43/><U48/><E48/><V83/><F74/><W102/><G126/><T94/><D106/><U57/><E70/><V107/><F107/><W110/><G103/><T33/><D33/><U66/><E66/><V73/><F73/><W78/><G78/><T123/><D123/><U59/><E59/><V31/><F31/><W22/><G128/><T88/><D101/><U120/><E120/><V111/><F111/><W49/><G49/><T42/><D42/><U4/><E4/><V80/><REACH who="2" step="1"/><F91/><REACH who="2" ten="250,210,260,270" step="2"/><W21/><G110/><T12/><D63/><U122/><E122/><V19/><F19/><W50/><G50/><T51/><D38/><U112/><E112/><V116/><F116/><W29/><G104/><T23/><AGARI ba="0,1" hai="12,16,23,40,47,51,53,54,88,94,97" m="51754" machi="23" ten="30,4000,0" yaku="20,1,54,2" doraHai="99" who="0" fromWho="0" sc="250,50,210,-10,260,-20,270,-10" /><INIT seed="3,0,0,5,2,61" ten="300,200,240,260" oya="3" hai0="131,65,16,132,49,41,6,119,57,93,45,133,52" hai1="127,110,123,21,72,77,7,54,78,5,107,43,67" hai2="69,34,120,36,31,19,128,124,105,134,98,42,14" hai3="2,12,86,22,39,104,33,29,46,116,87,13,118"/><W26/><G104/><T126/><D119/><U64/><E123/><V58/><F69/><W114/><G114/><T9/><D131/><U1/><E107/><V75/><F75/><W50/><G39/><T18/><D126/><U106/><E106/><V79/><F79/><N who="1" m="30217" /><E1/><V32/><F134/><N who="0" m="51818" /><D93/><U56/><E72/><V76/><F76/><W129/><G2/><N who="0" m="215" /><D65/><N who="1" m="25163" /><E127/><V94/><F124/><W20/><G129/><T10/><D10/><U55/><E110/><V66/><F128/><W101/><G101/><T51/><AGARI ba="0,0" hai="16,18,41,45,49,51,52,57" m="215,51818" machi="51" ten="30,4000,0" yaku="20,1,54,2" doraHai="61" who="0" fromWho="0" sc="300,40,200,-10,240,-10,260,-20" /><INIT seed="4,0,0,0,5,117" ten="340,190,230,240" oya="0" hai0="73,129,64,85,104,42,87,68,54,95,45,90,97" hai1="25,66,109,113,107,0,27,106,17,126,115,33,57" hai2="83,5,125,3,51,22,32,110,62,69,84,48,8" hai3="15,4,55,131,36,18,91,44,124,74,116,127,79"/><T56/><D129/><U81/><E0/><V61/><F32/><W24/><G116/><T98/><D73/><U99/><E109/><V122/><F110/><W52/><G131/><T38/><D104/><U63/><E126/><N who="3" m="48170" /><G91/><T23/><D23/><U118/><E118/><V76/><F125/><W10/><G36/><T72/><D72/><U75/><E17/><V105/><F105/><W94/><G94/><T103/><D98/><U67/><E67/><V119/><F119/><W30/><G44/><T59/><D59/><U35/><E35/><V70/><F22/><N who="3" m="13399" /><G30/><T46/><D46/><U132/><E132/><V12/><F69/><W28/><G28/><T53/><D90/><U134/><E134/><V29/><F29/><W71/><G71/><T86/><REACH who="0" step="1"/><D68/><REACH who="0" ten="330,190,230,240" step="2"/><U19/><E107/><V26/><F70/><W89/><G89/><T40/><D40/><U111/><E111/><V123/><F76/><W43/><G43/><T31/><D31/><N who="1" m="19695" /><E106/><V82/><F84/><W21/><G21/><T9/><D9/><U128/><E128/><V108/><F108/><W77/><G74/><T13/><D13/><U47/><E47/><V11/><F12/><W93/><G93/><T114/><D114/><N who="1" m="43531" /><E99/><V78/><F78/><AGARI ba="0,1" hai="4,10,15,52,55,77,78,79" m="13399,48170" machi="78" ten="30,2000,0" yaku="18,1,54,1" doraHai="117" who="3" fromWho="2" sc="330,0,190,0,230,-20,240,30" /><INIT seed="5,0,0,3,2,17" ten="330,190,210,270" oya="1" hai0="41,123,100,134,18,53,8,122,112,20,121,83,114" hai1="116,108,110,60,99,77,65,35,9,24,48,55,85" hai2="30,19,42,90,75,109,54,80,98,72,94,120,12" hai3="79,105,49,92,93,87,22,13,89,5,11,88,50"/><U1/><E116/><V0/><F109/><N who="1" m="42089" /><E99/><V135/><F0/><W29/><G105/><T66/><D134/><U70/><E77/><V96/><F120/><W23/><G79/><T103/><D66/><U25/><E85/><V111/><F42/><W81/><G81/><T4/><D83/><U86/><E86/><V82/><F30/><W67/><G67/><T37/><D53/><U73/><E73/><V130/><F130/><W26/><G22/><T34/><D34/><U3/><E35/><V91/><F54/><W127/><G127/><T6/><D41/><U32/><E32/><V115/><F111/><W57/><G57/><T125/><D37/><U38/><E38/><V59/><F59/><W46/><G46/><T95/><D125/><U47/><E1/><V58/><F58/><W44/><G44/><T15/><D4/><AGARI ba="0,0" hai="3,4,9,24,25,47,48,55,60,65,70" m="42089" machi="4" ten="30,1500,0" yaku="10,1" doraHai="17" who="1" fromWho="0" sc="330,-15,190,15,210,0,270,0" /><INIT seed="5,1,0,3,2,14" ten="315,205,210,270" oya="1" hai0="113,133,98,39,1,65,42,106,135,57,30,31,125" hai1="48,4,82,6,35,27,114,41,2,79,108,32,20" hai2="61,97,96,63,126,120,117,28,10,99,92,53,8" hai3="102,123,55,18,73,21,19,0,50,3,107,93,128"/><U26/><E114/><V54/><F126/><W88/><G123/><T83/><D113/><U86/><E108/><V22/><F120/><W36/><G36/><T132/><D125/><U77/><E77/><V56/><F117/><W81/><G128/><T58/><D1/><U124/><E124/><V111/><F111/><W72/><G21/><T67/><D83/><U71/><E71/><V89/><F28/><N who="0" m="10794" /><D42/><U38/><E38/><V84/><REACH who="2" step="1"/><F22/><REACH who="2" ten="315,205,200,270" step="2"/><W130/><G130/><T52/><D135/><U68/><E35/><V37/><F37/><W5/><G5/><T115/><D39/><U91/><E32/><V127/><F127/><W51/><G3/><T87/><D115/><U112/><E112/><V7/><F7/><W109/><G0/><T118/><D118/><U29/><E2/><V64/><F64/><W103/><G109/><T16/><D67/><U90/><E4/><V33/><F33/><W24/><G107/><T66/><D66/><U121/><E6/><V25/><F25/><W43/><G24/><T45/><D65/><U104/><E104/><V13/><F13/><W78/><G73/><T110/><D110/><U49/><E121/><V95/><F95/><W60/><G19/><T101/><D16/><N who="1" m="12551" /><E68/><V74/><F74/><W15/><G18/><T94/><D133/><U122/><E122/><V69/><F69/><W23/><G15/><T34/><D132/><U105/><E105/><V9/><F9/><W17/><G17/><T75/><D75/><U12/><E12/><V44/><F44/><N who="3" m="25887" /><G23/><T129/><D34/><N who="1" m="20799" /><E41/><V59/><AGARI ba="1,1" hai="8,10,53,54,56,59,61,63,84,89,92,96,97,99" machi="59" ten="30,7900,0" yaku="1,1,0,1,9,1,8,1,53,0" doraHai="14" doraHaiUra="62" who="2" fromWho="2" sc="315,-21,205,-40,200,92,270,-21" /><INIT seed="6,0,0,1,1,52" ten="294,165,292,249" oya="2" hai0="46,133,109,32,3,130,92,101,112,38,40,77,5" hai1="97,108,51,54,132,110,42,11,117,4,78,59,126" hai2="98,124,20,65,68,91,93,115,17,89,21,67,74" hai3="30,55,100,6,60,53,8,105,7,128,71,106,36"/><V72/><F115/><W116/><G116/><T75/><D109/><U27/><E117/><V56/><F68/><W23/><G36/><T96/><D112/><U104/><E126/><V118/><F118/><W15/><G128/><T85/><D130/><U80/><E132/><V29/><F124/><W127/><G127/><T95/><D32/><U61/><E27/><N who="2" m="16615" /><F74/><W48/><G7/><T63/><D133/><U43/><E104/><V83/><F72/><W39/><G39/><T125/><D125/><U34/><E34/><V87/><F56/><W79/><G79/><T135/><D135/><U45/><E97/><V19/><F19/><W47/><G100/><T50/><D75/><U26/><E26/><AGARI ba="0,0" hai="17,21,26,65,67,83,87,89,91,93,98" m="16615" machi="26" ten="30,1500,0" yaku="8,1" doraHai="52" who="2" fromWho="1" sc="294,0,165,-15,292,15,249,0" /><INIT seed="6,1,0,1,3,128" ten="294,150,307,249" oya="2" hai0="43,67,3,83,103,107,32,89,99,112,76,105,101" hai1="2,108,87,19,100,118,13,92,135,91,88,133,52" hai2="72,95,18,59,49,15,74,129,69,123,127,115,68" hai3="45,9,86,26,55,85,104,5,48,4,124,31,122"/><V27/><BYE who="3" /><F123/><W33/><G33/><T77/><D112/><U29/><E108/><V70/><F115/><W84/><G84/><UN n3="%E7%B4%94%E6%BD%94%E3%83%94%E3%83%A9%E3%83%8B%E3%82%A2" /><T51/><D32/><U22/><E118/><V44/><F129/><W25/><G122/><T109/><D109/><U10/><E100/><V66/><F27/><W73/><G73/><T21/><D3/><U28/><E91/><V134/><F127/><W23/><G104/><T132/><D67/><U94/><E94/><V38/><F38/><W71/><G71/><T7/><D7/><U80/><E92/><V20/><F134/><N who="1" m="51209" /><E52/><V102/><F102/><W8/><G26/><T1/><D132/><U60/><E60/><V6/><F95/><W30/><G31/><N who="1" m="11850" /><E2/><V79/><F66/><W117/><G124/><T116/><D1/><U78/><E78/><V65/><F79/><W17/><G117/><T11/><D89/><U58/><E58/><V81/><F59/><W39/><G30/><T42/><D116/><U16/><E19/><V14/><F69/><W110/><G110/><T130/><D77/><U106/><E106/><V125/><F68/><W62/><G62/><T113/><D76/><U47/><E47/><V131/><F70/><W75/><G75/><T34/><D107/><U24/><E24/><V111/><F72/><W53/><G53/><T56/><D105/><U41/><E41/><V119/><F74/><W0/><G39/><T61/><D43/><U40/><E40/><V36/><F111/><W126/><G126/><T98/><D42/><U35/><E35/><V96/><F119/><W90/><G90/><T64/><D103/><RYUUKYOKU ba="1,0" sc="294,-15,150,15,307,-15,249,15" hai1="10,13,16,22,80,87,88" hai3="0,4,5,8,9,17,23,25,45,48,55,85,86" /><INIT seed="7,2,0,5,5,97" ten="279,165,292,264" oya="3" hai0="54,1,76,59,36,69,134,81,83,34,25,45,82" hai1="121,56,126,20,99,72,135,53,52,35,9,87,100" hai2="17,105,38,19,10,37,79,42,122,109,32,75,119" hai3="21,102,111,11,5,89,24,133,98,15,31,58,40"/><W95/><G133/><T88/><D134/><U8/><E135/><V62/><F109/><W61/><G111/><T112/><D112/><U29/><E121/><V77/><F105/><W78/><G78/><T132/><D69/><U117/><E72/><V85/><F32/><W123/><G123/><T13/><D1/><U65/><E35/><V27/><F75/><W51/><G51/><T67/><D13/><U93/><E126/><V90/><F119/><W107/><G40/><T57/><D132/><U47/><E117/><V115/><F115/><W94/><G89/><T124/><D124/><U125/><E125/><V7/><F62/><W33/><G33/><T84/><D67/><AGARI ba="2,0" hai="5,11,15,21,24,31,58,61,67,94,95,98,102,107" machi="67" ten="30,2900,0" yaku="7,1,52,1" doraHai="97" who="3" fromWho="0" sc="279,-35,165,0,292,0,264,35" /><INIT seed="7,3,0,1,3,37" ten="244,165,292,299" oya="3" hai0="109,61,50,83,27,101,5,107,114,45,19,100,30" hai1="86,67,103,79,110,76,78,128,93,46,130,17,125" hai2="129,15,42,44,120,131,64,82,121,9,3,127,57" hai3="89,1,84,49,13,40,56,97,90,24,117,75,133"/><W122/><G75/><T29/><D109/><U55/><E110/><V92/><F3/><W104/><G1/><T134/><D134/><U77/><N who="1" m="19456" /><DORA hai="87" /><U126/><E67/><V52/><F92/><N who="3" m="56463" /><G104/><T63/><D114/><U96/><E17/><N who="2" m="8431" /><F64/><W111/><G122/><N who="2" m="47209" /><F82/><N who="3" m="49431" /><G117/><T106/><D5/><U43/><E55/><V51/><F127/><N who="1" m="48649" /><E86/><V74/><F74/><W23/><G133/><T85/><D107/><U116/><E116/><V91/><F91/><W73/><G73/><T113/><D113/><U35/><E35/><V108/><F108/><W20/><G111/><T22/><D106/><U132/><E132/><V31/><F31/><W94/><G94/><T69/><D30/><U112/><E112/><V99/><F99/><W105/><G105/><T68/><D29/><U135/><E135/><V102/><F102/><W16/><G56/><T4/><D4/><U21/><E21/><V54/><F54/><W34/><G34/><T53/><D69/><U98/><E98/><V70/><F70/><W72/><G72/><T38/><D68/><U10/><E10/><V18/><F18/><W11/><G24/><T65/><D65/><U8/><E8/><V39/><AGARI ba="3,0" hai="39,42,44,51,52,57,129,131" m="47209,8431" machi="39" ten="30,4000,0" yaku="13,1,52,1,54,1" doraHai="37,87" who="2" fromWho="2" sc="244,-13,165,-13,292,49,299,-23" owari="231,-16.9,152,-34.8,341,44.1,276,7.6" /></mjloggm>