<mjloggm ver="2.3"><GO type="225" lobby="0"/><UN n0="%E6%B5%81%E3%82%8C%EF%BC%9F%53%4F%41" n1="%43%55%4B%45%59" n2="%E3%81%BF%E3%81%BF%E3%81%9A" n3="%33%74%72%65%65" dan="17,16,17,17" rate="2251.48,2064.77,2262.65,2164.21" sx="M,M,M,F"/><TAIKYOKU oya="0"/><INIT seed="0,0,0,4,4,8" ten="250,250,250,250" oya="0" hai0="71,16,32,22,18,40,91,7,93,17,77,10,130" hai1="108,14,135,1,98,49,95,41,101,20,66,125,0" hai2="59,92,74,54,44,81,104,121,94,116,60,85,25" hai3="21,129,78,15,51,90,33,53,82,38,103,36,61"/><T67/><D32/><U24/><E125/><V46/><F121/><W13/><G129/><T126/><D126/><U105/><E135/><V87/><F104/><W133/><G133/><T4/><D77/><U34/><E108/><V9/><F74/><W43/><G33/><T84/><D130/><U102/><E34/><V70/><F70/><W106/><G90/><T45/><D22/><U120/><E120/><V68/><F68/><W112/><G112/><T48/><REACH who="0" step="1"/><D10/><REACH who="0" ten="240,250,250,250" step="2"/><U31/><E105/><V115/><F115/><W110/><G21/><T5/><D5/><U97/><E0/><V58/><F9/><W127/><G127/><T37/><D37/><U35/><E1/><V123/><F123/><W119/><G38/><T50/><D50/><U55/><E35/><V88/><F116/><W47/><G110/><T118/><D118/><U64/><E41/><V56/><F25/><W107/><G119/><T12/><D12/><U124/><E124/><V132/><F132/><W83/><G78/><T80/><D80/><U72/><E14/><V73/><F73/><W134/><G134/><T65/><D65/><U11/><E11/><V63/><F54/><W76/><G76/><T69/><D69/><U27/><E72/><V131/><F131/><W29/><G36/><T100/><D100/><U26/><E26/><V57/><N who="2" m="14336" /><DORA hai="122" /><V30/><F30/><W96/><G29/><T42/><D42/><U114/><E27/><V75/><F75/><W52/><G53/><T19/><N who="0" m="4096" /><DORA hai="109" /><T28/><D28/><U39/><E31/><V3/><F3/><W2/><G2/><RYUUKYOKU ba="0,1" sc="240,30,250,-10,250,-10,250,-10" hai0="4,7,40,45,48,67,71,84,91,93" /><INIT seed="0,1,1,4,5,15" ten="270,240,240,240" oya="0" hai0="120,124,127,84,9,57,32,52,80,90,36,59,126" hai1="56,24,55,39,132,107,37,45,133,8,65,123,53" hai2="81,2,129,128,13,47,91,28,18,44,70,50,23" hai3="103,26,51,109,64,92,41,114,46,71,21,17,61"/><T16/><D32/><U25/><E107/><V95/><F70/><W34/><G109/><T30/><D30/><U89/><E89/><V63/><F2/><W75/><G75/><T42/><D120/><U85/><E85/><N who="2" m="50607" /><F63/><W74/><G74/><T112/><D112/><U100/><E100/><V67/><F67/><W88/><G34/><T125/><N who="0" m="31744" /><DORA hai="94" /><T93/><D36/><N who="1" m="13899" /><E8/><N who="2" m="6439" /><F95/><W115/><REACH who="3" step="1"/><G103/><REACH who="3" ten="270,240,240,230" step="2"/><T20/><D9/><U117/><E123/><V79/><F128/><W27/><G27/><N who="0" m="14727" /><D42/><U97/><E24/><N who="2" m="16415" /><F129/><W118/><G118/><T111/><D111/><U72/><E117/><V4/><F4/><W0/><G0/><T22/><D22/><U108/><E25/><V33/><F33/><W102/><G102/><T134/><D134/><U49/><E72/><V40/><F79/><W86/><AGARI ba="1,2" hai="17,21,26,41,46,51,61,64,71,86,88,92,114,115" machi="86" ten="20,8000,1" yaku="1,1,0,1,7,1,52,1,54,1,53,0" doraHai="15,94" doraHaiUra="3,76" who="3" fromWho="3" sc="270,-41,240,-21,240,-21,230,103" /><INIT seed="1,0,0,3,1,48" ten="229,219,219,333" oya="1" hai0="93,111,108,52,23,64,38,2,6,89,76,24,41" hai1="87,42,54,97,3,47,110,53,119,17,122,1,63" hai2="86,133,25,69,74,65,91,82,121,33,71,92,43" hai3="22,84,78,19,116,75,56,57,16,9,26,7,77"/><U66/><E119/><V73/><F121/><W62/><G116/><T124/><D124/><U127/><E122/><V118/><F118/><W129/><G129/><T113/><D113/><U132/><E127/><V102/><F133/><W55/><G75/><T35/><D64/><U83/><E132/><V15/><F43/><W40/><G40/><T105/><D105/><U36/><E110/><N who="0" m="42025" /><D76/><U112/><E112/><V81/><F74/><W20/><G84/><T60/><D35/><U117/><E117/><V67/><F71/><W61/><G9/><N who="0" m="2263" /><D41/><U100/><E87/><V59/><F69/><W28/><G7/><T14/><D14/><U114/><E114/><V106/><F15/><N who="3" m="9247" /><G28/><N who="0" m="17439" /><D38/><U50/><E36/><V123/><F123/><W49/><G49/><T85/><D60/><U30/><E30/><V4/><F4/><W70/><G70/><T27/><D27/><U5/><E5/><V31/><F73/><W131/><G131/><T58/><D58/><N who="1" m="37239" /><E1/><V34/><F34/><W134/><G134/><T103/><D103/><U130/><E3/><V45/><F45/><W95/><G95/><T98/><D98/><U128/><E130/><V29/><F29/><W32/><G32/><T10/><D10/><U0/><E128/><V37/><F37/><W99/><G99/><T51/><D51/><U101/><E0/><V12/><F12/><W88/><G88/><T115/><D115/><U21/><E97/><N who="2" m="61775" /><F59/><W80/><G80/><T44/><D44/><U104/><E83/><V39/><F39/><W109/><G109/><T135/><D135/><U107/><E107/><V125/><F125/><RYUUKYOKU ba="0,0" sc="229,10,219,-30,219,10,333,10" hai0="52,85,89,93" hai2="25,31,33,65,67,81,82,86,91,92" hai3="19,22,26,55,56,57,61,62,77,78" /><INIT seed="2,1,0,2,3,115" ten="239,189,229,343" oya="2" hai0="83,57,74,79,26,62,84,75,4,82,58,63,94" hai1="96,14,6,77,104,38,28,49,16,133,132,125,116" hai2="78,123,93,114,69,107,71,43,122,5,7,54,50" hai3="99,120,15,129,2,1,100,103,121,33,91,112,61"/><V88/><F114/><W108/><G112/><T119/><D4/><U55/><E38/><V102/><F78/><W89/><G33/><T12/><D12/><U76/><E125/><V118/><F43/><W47/><G108/><T51/><D51/><U22/><E104/><V73/><F73/><W113/><G113/><T98/><D26/><U36/><E36/><V32/><F32/><W85/><G47/><T48/><D48/><U130/><E130/><V124/><F107/><W52/><G129/><T127/><D127/><U19/><E96/><V95/><F50/><W66/><G52/><T24/><D24/><U34/><E6/><V53/><F124/><W72/><G72/><T8/><D8/><U21/><E28/><V70/><F70/><W128/><G128/><T40/><D40/><U0/><E0/><V131/><F131/><W87/><G15/><T64/><D82/><U86/><E34/><V80/><F80/><W37/><G37/><T11/><D11/><U101/><E101/><V97/><F102/><W117/><G117/><T105/><D105/><U9/><E86/><V44/><F97/><W92/><G99/><T90/><REACH who="0" step="1"/><D119/><REACH who="0" ten="229,189,229,343" step="2"/><U111/><E116/><V41/><F118/><W126/><G126/><T23/><D23/><U65/><E22/><V35/><F41/><W30/><G2/><T68/><D68/><U45/><E111/><V29/><F35/><W27/><G1/><T39/><D39/><U109/><E109/><V67/><F29/><W110/><G30/><T60/><D60/><U106/><E106/><V46/><F88/><N who="3" m="53263" /><G110/><T135/><D135/><RYUUKYOKU ba="1,1" sc="229,15,189,-15,229,15,343,-15" hai0="57,58,62,63,64,74,75,79,83,84,90,94,98" hai2="5,7,44,46,53,54,67,69,71,93,95,122,123" /><INIT seed="2,2,1,0,1,133" ten="244,174,244,328" oya="2" hai0="45,68,120,37,58,54,77,98,93,121,64,49,7" hai1="88,102,55,89,114,31,79,95,6,28,40,18,109" hai2="126,35,99,46,4,119,115,105,90,107,3,9,86" hai3="96,60,118,39,63,69,59,0,26,66,116,75,11"/><V12/><F115/><W21/><G75/><T2/><D77/><U117/><E114/><V47/><F119/><W78/><G78/><T51/><D2/><U67/><E117/><V29/><F126/><W65/><G39/><T20/><D20/><U22/><E109/><V33/><F3/><W38/><G38/><T84/><D7/><U19/><E40/><V132/><F132/><W87/><G87/><T111/><D84/><U52/><E67/><V94/><F29/><N who="1" m="11337" /><E79/><V62/><F62/><W101/><G11/><T72/><D72/><U128/><E128/><V10/><F10/><W104/><G0/><T76/><D76/><U122/><E6/><V61/><F61/><W50/><G50/><N who="0" m="31063" /><D111/><U81/><E122/><V32/><REACH who="2" step="1"/><F86/><REACH who="2" ten="244,174,234,328" step="2"/><W53/><G66/><T14/><D120/><U74/><E74/><V43/><F43/><W73/><G73/><T1/><D1/><U112/><E112/><V24/><F24/><W17/><AGARI ba="2,2" hai="17,21,26,53,59,60,63,65,69,96,101,104,116,118" machi="17" ten="20,1500,0" yaku="0,1,7,1" doraHai="133" who="3" fromWho="3" sc="244,-6,174,-6,234,-9,328,41" /><INIT seed="3,0,0,0,4,133" ten="238,168,225,369" oya="3" hai0="128,28,71,21,64,103,72,92,119,10,12,79,38" hai1="17,57,110,76,77,84,6,73,2,60,59,48,56" hai2="70,4,125,5,88,50,54,111,3,31,29,130,78" hai3="62,68,112,96,82,106,81,33,41,11,127,27,14"/><W42/><G82/><T131/><D38/><U66/><E73/><V39/><F39/><W83/><G83/><N who="0" m="45543" /><D119/><U114/><E114/><V118/><F125/><W20/><G127/><T44/><D44/><U95/><E110/><V26/><F118/><W53/><G81/><T120/><D120/><U24/><E2/><V129/><F70/><W126/><G126/><T86/><D64/><U30/><E6/><N who="2" m="2667" /><F3/><W104/><G104/><T93/><D71/><U132/><E132/><V115/><F78/><W75/><G75/><T69/><D69/><U65/><E17/><V0/><F0/><W124/><G33/><T134/><D134/><U113/><E113/><V61/><F61/><W89/><G62/><T99/><D10/><U23/><E66/><V105/><F105/><W117/><G11/><T107/><D86/><U32/><E32/><V36/><F36/><W97/><G106/><T74/><D74/><U94/><E77/><V34/><F115/><W116/><G68/><T87/><D87/><U58/><REACH who="1" step="1"/><E48/><REACH who="1" ten="238,158,225,369" step="2"/><V90/><F111/><W102/><G112/><T55/><D28/><U121/><E121/><V85/><F31/><W52/><G124/><T22/><D128/><N who="2" m="49258" /><F85/><W16/><G117/><T67/><D131/><U108/><E108/><V46/><AGARI ba="0,1" hai="26,29,34,46,50,54,88,90" m="49258,2667" machi="46" ten="30,2000,0" yaku="19,1,54,1" doraHai="133" who="2" fromWho="2" sc="238,-5,158,-5,225,30,369,-10" owari="233,-16.7,153,-34.7,255,5.5,359,45.9" /></mjloggm>