<mjloggm ver="2.3"><GO type="169" lobby="0"/><UN n0="%E4%B8%8A%E6%B5%B7%E3%83%8B%E3%83%83%E3%82%AF" n1="%E3%82%89%E3%81%84%E3%81%82%E3%82%93%E3%81%98%E3%82%83%E3%82%93" n2="%E9%98%BF%E9%83%A8%E5%AF%9B%EF%BC%A0%E9%B3%B3%E5%8D%93" n3="%E8%8B%B1%E5%9B%BD%E5%A3%B2%E5%8D%B4" dan="16,17,16,17" rate="2142.20,2210.96,2121.10,2210.13" sx="M,M,F,M"/><TAIKYOKU oya="0"/><INIT seed="0,0,0,0,5,75" ten="250,250,250,250" oya="0" hai0="77,118,43,44,93,42,106,4,122,61,55,48,131" hai1="134,21,111,24,82,89,58,57,39,15,83,38,87" hai2="62,16,59,125,80,3,23,123,7,86,50,33,64" hai3="99,53,103,63,19,18,30,110,37,130,88,25,95"/><T31/><D106/><U96/><E111/><V5/><F123/><W41/><G110/><T120/><D118/><U132/><E96/><V20/><F33/><W108/><G108/><T104/><D104/><U13/><E24/><V117/><F117/><W65/><G130/><T72/><D131/><U115/><E21/><V32/><F32/><W2/><G2/><T56/><D31/><U60/><E60/><V11/><F125/><W78/><G53/><T128/><D128/><U113/><REACH who="1" step="1"/><E87/><REACH who="1" ten="250,240,250,250" step="2"/><V45/><F23/><W6/><G25/><T81/><D122/><U116/><E116/><V92/><F11/><W66/><G63/><T1/><D120/><U119/><E119/><V90/><F3/><W14/><G99/><T84/><D1/><U101/><E101/><V71/><F71/><W35/><G103/><T47/><D4/><U126/><E126/><V51/><F51/><W135/><G6/><T100/><D72/><U102/><E102/><V107/><F107/><W54/><G37/><T98/><REACH who="0" step="1"/><D61/><REACH who="0" ten="240,240,250,250" step="2"/><U97/><E97/><V22/><F5/><W12/><G35/><T10/><D10/><U40/><E40/><AGARI ba="0,2" hai="40,42,43,44,47,48,55,56,77,81,84,93,98,100" machi="40" ten="40,7700,0" yaku="1,1,8,1,52,1,53,0" doraHai="75" doraHaiUra="28" who="0" fromWho="1" sc="240,97,240,-77,250,0,250,0" /><INIT seed="0,1,0,5,2,60" ten="337,163,250,250" oya="0" hai0="134,38,97,53,107,41,84,54,88,24,42,44,28" hai1="32,114,19,35,5,50,130,22,1,126,6,119,131" hai2="15,61,113,72,104,52,23,77,7,123,128,112,18" hai3="0,96,12,106,74,73,90,81,121,49,4,124,125"/><T55/><D134/><U8/><E50/><V63/><F123/><W2/><G49/><T78/><D78/><U37/><E37/><V62/><F104/><W120/><G12/><T82/><D42/><U36/><E36/><V17/><F128/><N who="1" m="49193" /><E119/><V135/><F135/><W71/><G71/><T109/><D109/><U91/><E91/><V58/><F7/><W20/><G20/><T100/><REACH who="0" step="1"/><D55/><REACH who="0" ten="327,163,250,250" step="2"/><U133/><E133/><V110/><F110/><W27/><G120/><T89/><D89/><U95/><E126/><V21/><F77/><W9/><G90/><T87/><D87/><U83/><E114/><V14/><F72/><W101/><G74/><T98/><D98/><U118/><E118/><V99/><F99/><W80/><G73/><T59/><D59/><U132/><E132/><V75/><F75/><W56/><G121/><T48/><D48/><AGARI ba="1,1" hai="14,15,17,18,21,23,48,52,58,61,62,63,112,113" machi="48" ten="40,2600,0" yaku="9,1,54,1" doraHai="60" who="2" fromWho="0" sc="327,-29,163,0,250,39,250,0" /><INIT seed="1,0,0,3,5,48" ten="298,163,289,250" oya="1" hai0="86,105,104,128,94,116,81,90,113,70,51,42,61" hai1="41,101,4,15,121,110,79,28,91,71,84,77,66" hai2="38,44,56,127,92,2,108,64,109,65,22,63,17" hai3="99,106,67,125,131,6,59,31,25,73,68,80,58"/><U40/><E121/><V93/><F2/><W8/><G125/><T11/><D113/><U134/><E134/><V124/><F44/><W129/><G59/><T36/><D116/><U82/><E110/><N who="2" m="42603" /><F38/><W62/><G58/><T75/><D128/><U76/><E101/><V123/><F64/><W50/><G50/><T115/><D115/><U72/><E72/><V12/><F123/><W83/><G83/><T102/><D36/><U43/><E28/><V52/><F65/><W45/><G45/><T47/><D70/><U135/><E135/><V24/><F12/><W98/><G98/><T132/><D132/><U69/><REACH who="1" step="1"/><E66/><REACH who="1" ten="298,153,289,250" step="2"/><V96/><F93/><W78/><G106/><T103/><D105/><U9/><AGARI ba="0,1" hai="4,9,15,40,41,43,69,71,76,77,79,82,84,91" machi="9" ten="40,7800,0" yaku="1,1,2,1,0,1,53,0" doraHai="48" doraHaiUra="27" who="1" fromWho="1" sc="298,-26,153,88,289,-26,250,-26" /><INIT seed="1,1,0,2,4,33" ten="272,241,263,224" oya="1" hai0="80,61,121,130,18,8,25,78,87,124,26,116,41" hai1="77,112,51,68,24,135,27,54,133,36,15,117,100" hai2="86,115,128,79,43,3,113,91,56,52,62,35,75" hai3="111,5,32,131,13,44,74,93,9,16,92,11,60"/><U30/><E112/><N who="2" m="43083" /><F35/><W83/><G111/><T95/><D116/><U23/><E117/><V109/><F109/><W103/><G32/><T49/><D130/><U39/><E68/><V38/><F128/><W102/><G131/><T118/><D124/><U48/><E100/><V127/><F127/><W40/><G60/><T71/><D118/><U34/><E77/><V107/><F107/><W2/><G102/><T69/><D121/><U14/><E39/><V55/><F55/><W67/><G67/><T66/><D71/><U104/><E36/><V88/><F3/><W59/><G59/><T22/><D8/><U58/><E104/><V110/><F75/><W63/><G63/><T73/><D49/><U101/><E101/><V114/><N who="2" m="43091" /><V29/><DORA hai="72" /><F29/><W10/><G10/><T12/><REACH who="0" step="1"/><D41/><REACH who="0" ten="262,241,263,224" step="2"/><U108/><E108/><V19/><F110/><W45/><G103/><T120/><D120/><U123/><E123/><V82/><F43/><W119/><G119/><T0/><D0/><U4/><E48/><V70/><F70/><W122/><G122/><T46/><D46/><U7/><E7/><V31/><F38/><N who="3" m="21527" /><G45/><T125/><D125/><U81/><E4/><V84/><F31/><W42/><G42/><T20/><D20/><U126/><E126/><V134/><F19/><W65/><G65/><T97/><D97/><U21/><E34/><V106/><F62/><W132/><G132/><T28/><D28/><N who="1" m="17423" /><E135/><V129/><F134/><W64/><G64/><T50/><D50/><U105/><E133/><V53/><F129/><W90/><G90/><AGARI ba="1,1" hai="12,18,22,25,26,61,66,69,73,78,80,87,90,95" machi="90" ten="40,5200,0" yaku="1,1,52,1,53,1" doraHai="33,72" doraHaiUra="6,57" who="0" fromWho="3" sc="262,65,241,0,263,0,224,-55" /><INIT seed="2,0,0,2,2,44" ten="327,241,263,169" oya="2" hai0="24,54,123,38,109,58,131,99,59,91,25,80,112" hai1="2,69,113,32,23,108,11,65,117,86,119,16,95" hai2="47,79,101,61,51,103,92,28,40,50,84,45,64" hai3="52,18,30,126,9,125,20,21,74,90,53,82,77"/><V8/><F28/><W118/><G118/><T36/><D123/><U93/><E113/><V15/><F79/><W105/><G105/><T107/><D112/><U96/><E32/><V49/><F84/><W70/><G70/><T134/><D109/><U133/><E108/><V27/><F27/><N who="3" m="16743" /><G90/><T115/><D115/><U4/><E133/><V121/><F121/><W110/><G9/><T6/><D134/><U128/><E128/><V66/><F92/><W135/><G135/><T37/><D131/><U41/><E86/><V76/><F76/><W129/><G129/><T73/><D6/><U13/><E93/><V0/><F0/><W12/><G110/><T55/><D73/><U14/><E2/><V102/><F61/><W72/><G72/><T114/><D114/><U94/><E94/><V75/><F75/><W22/><G22/><T89/><D80/><U46/><E65/><N who="2" m="25195" /><F40/><W85/><G74/><T111/><D111/><U87/><E87/><V127/><F127/><AGARI ba="0,0" hai="12,18,21,52,53,77,82,85,125,126,127" m="16743" machi="127" ten="30,2000,0" yaku="18,1,54,1" doraHai="44" who="3" fromWho="2" sc="327,0,241,0,263,-20,169,20" /><INIT seed="3,0,0,2,5,2" ten="327,241,243,189" oya="3" hai0="130,18,110,107,74,116,82,25,31,49,48,20,120" hai1="128,19,42,99,12,56,50,8,70,47,122,30,124" hai2="72,86,58,63,57,104,96,55,11,135,77,80,5" hai3="17,89,65,97,103,100,64,4,106,9,14,41,133"/><W44/><G133/><T111/><D116/><U101/><E128/><V84/><F135/><W123/><G123/><T121/><D107/><U79/><E124/><V52/><F96/><W29/><G29/><T0/><D130/><U131/><E131/><V69/><F69/><W46/><G46/><T6/><D82/><U134/><E134/><V132/><F104/><W87/><G103/><T76/><D76/><U43/><E70/><V66/><F132/><W71/><G17/><T60/><D60/><U108/><E108/><N who="0" m="41513" /><D49/><U38/><E30/><V40/><F40/><W115/><G115/><T81/><D81/><U92/><E122/><V129/><F129/><W94/><REACH who="3" step="1"/><G71/><REACH who="3" ten="327,241,243,179" step="2"/><T127/><D127/><U93/><E38/><AGARI ba="0,1" hai="4,9,14,38,41,44,64,65,87,89,94,97,100,106" machi="38" ten="30,11600,0" yaku="1,1,2,1,7,1,52,1,53,0" doraHai="2" doraHaiUra="78" who="3" fromWho="1" sc="327,0,241,-116,243,0,179,126" /><INIT seed="3,1,0,5,4,24" ten="327,125,243,305" oya="3" hai0="107,121,0,100,80,44,18,109,97,12,124,73,133" hai1="48,130,82,94,122,129,92,42,6,27,45,26,59" hai2="29,60,78,51,89,120,134,11,113,98,50,112,106" hai3="101,110,85,70,17,86,28,88,2,32,108,41,67"/><W49/><G2/><T104/><D121/><U14/><E122/><V55/><F120/><W102/><G70/><T47/><D0/><U77/><E129/><V87/><F134/><W7/><G67/><T61/><D133/><U54/><E130/><V95/><F112/><W72/><G86/><T30/><D107/><U15/><E92/><V119/><F119/><W43/><G72/><T22/><D109/><N who="3" m="42089" /><G17/><T75/><D124/><U4/><E94/><V79/><F87/><W37/><G49/><T62/><D75/><U25/><E14/><V83/><F51/><W118/><G7/><T38/><D80/><U76/><E15/><V21/><F50/><W57/><G57/><T35/><D73/><U5/><REACH who="1" step="1"/><E82/><REACH who="1" ten="327,115,243,305" step="2"/><V68/><F83/><N who="3" m="49215" /><G118/><T126/><D126/><U31/><E31/><V125/><F29/><W10/><G10/><T115/><D115/><U114/><E114/><V39/><F113/><W58/><G58/><T20/><D30/><U69/><E69/><V99/><F68/><W16/><G16/><T9/><D18/><U19/><E19/><V40/><F11/><W81/><G81/><T65/><D9/><U66/><E66/><V23/><F125/><W36/><G28/><T8/><D65/><U71/><E71/><V105/><F105/><W103/><G32/><T116/><D35/><U3/><E3/><V64/><F106/><W1/><G1/><T84/><D116/><U135/><E135/><V123/><F64/><W63/><G63/><AGARI ba="1,1" hai="4,5,6,25,26,27,42,45,48,54,59,63,76,77" machi="63" ten="40,2600,0" yaku="1,1,8,1,53,0" doraHai="24" doraHaiUra="117" who="1" fromWho="3" sc="327,0,115,39,243,0,305,-29" /><INIT seed="4,0,0,5,1,87" ten="327,154,243,276" oya="0" hai0="76,22,77,35,81,89,128,75,108,123,122,94,134" hai1="57,20,4,6,45,115,96,64,70,27,65,85,56" hai2="74,26,49,131,97,133,114,135,13,68,109,40,112" hai3="1,78,124,48,127,120,5,95,61,86,83,52,55"/><T130/><D35/><U42/><E115/><N who="2" m="44075" /><F109/><W58/><G120/><N who="0" m="46123" /><D22/><U116/><E116/><V91/><F131/><N who="0" m="50218" /><D108/><U36/><E70/><V54/><F74/><W125/><G95/><T84/><D77/><U102/><E85/><V98/><F68/><W10/><REACH who="3" step="1"/><G48/><REACH who="3" ten="327,154,243,266" step="2"/><T3/><D3/><U67/><E6/><V46/><F49/><W104/><G104/><T30/><D30/><U129/><E4/><V9/><F133/><AGARI ba="0,1" hai="75,76,81,84,89,94,133,134" m="50218,46123" machi="133" ten="40,12000,1" yaku="19,1,34,2,52,1" doraHai="87" who="0" fromWho="2" sc="327,130,154,0,243,-120,266,0" /><INIT seed="4,1,0,2,1,38" ten="457,154,123,266" oya="0" hai0="111,3,73,104,93,29,43,44,123,28,62,65,89" hai1="110,127,105,19,94,15,129,100,23,7,131,75,115" hai2="13,71,128,30,116,132,109,6,57,80,18,84,96" hai3="27,85,33,47,11,12,49,134,20,0,135,5,21"/><T60/><D123/><U87/><E110/><V113/><F109/><W50/><G85/><T35/><D104/><U67/><E127/><V92/><F71/><W41/><G50/><T133/><D111/><U8/><E75/><V48/><F113/><W56/><G56/><T82/><D3/><U1/><E115/><V117/><F132/><N who="3" m="50731" /><G0/><T99/><D133/><U118/><E118/><N who="2" m="45675" /><F128/><W126/><G126/><T4/><D4/><U31/><E67/><V103/><F6/><W72/><G72/><T17/><D35/><U16/><E19/><V108/><F108/><W125/><G125/><T2/><D2/><U22/><E105/><V121/><F30/><AGARI ba="1,0" hai="5,11,12,20,21,27,30,33,41,47,49" m="50731" machi="30" ten="30,2000,0" yaku="20,1,52,1" doraHai="38" who="3" fromWho="2" sc="457,0,154,0,123,-23,266,23" /><INIT seed="5,0,0,5,3,107" ten="457,154,100,289" oya="1" hai0="88,112,100,99,26,50,23,5,131,41,101,134,116" hai1="71,8,19,132,47,30,118,36,121,21,133,53,64" hai2="17,72,113,32,92,11,13,46,115,52,69,128,125" hai3="79,126,45,34,58,123,3,14,39,82,49,0,35"/><U38/><E118/><V27/><F125/><W59/><G123/><T77/><D116/><U135/><E121/><V84/><F69/><W60/><G39/><T22/><D112/><N who="2" m="43082" /><F128/><W122/><G122/><T63/><D131/><U6/><E71/><V129/><F129/><W1/><G14/><T24/><D77/><U4/><E64/><V54/><F46/><W16/><G16/><N who="0" m="12359" /><D5/><U94/><E47/><V124/><F124/><W98/><G98/><T110/><D134/><U109/><E109/><V20/><F32/><W130/><G130/><T97/><D63/><U91/><E132/><V127/><F127/><W80/><G80/><T15/><D15/><U111/><E133/><V40/><F40/><W37/><G37/><T73/><D73/><U65/><E111/><V18/><F72/><W10/><G10/><T108/><D108/><U95/><E135/><V89/><AGARI ba="0,0" hai="11,13,17,18,20,27,52,54,84,89,92" m="43082" machi="89" ten="30,4000,0" yaku="15,1,11,1,54,1" doraHai="107" who="2" fromWho="2" sc="457,-10,154,-20,100,40,289,-10" /><INIT seed="6,0,0,4,0,50" ten="447,134,140,279" oya="2" hai0="60,9,26,32,128,86,21,1,123,22,72,56,62" hai1="126,39,120,117,66,106,51,98,31,109,114,18,53" hai2="132,58,95,89,101,133,94,119,130,41,88,74,97" hai3="20,45,14,67,25,35,29,124,27,121,93,104,17"/><V7/><F119/><W37/><G104/><T33/><D72/><U91/><E109/><V116/><F116/><W12/><G121/><T125/><D123/><U4/><E117/><V112/><F112/><W63/><G124/><T2/><D125/><U127/><E39/><V69/><F69/><W48/><G37/><T96/><D96/><U77/><E120/><V108/><F108/><W131/><G93/><T24/><D86/><U30/><E114/><V70/><F70/><W23/><G131/><T46/><D46/><N who="1" m="27895" /><E126/><V135/><F130/><W115/><G35/><T118/><D56/><U78/><E106/><V49/><F7/><W122/><G122/><T100/><D118/><U99/><E4/><V0/><F74/><W65/><G115/><T81/><D100/><U111/><E111/><V82/><F0/><W55/><G67/><T11/><D81/><U85/><E18/><V110/><F110/><W40/><G40/><T90/><D90/><N who="2" m="34922" /><F82/><W103/><G103/><T107/><D128/><U73/><E73/><V44/><F58/><AGARI ba="0,0" hai="12,14,17,20,23,25,27,29,45,48,55,58,63,65" machi="58" ten="30,3900,0" yaku="7,1,8,1,52,1" doraHai="50" who="3" fromWho="2" sc="447,0,134,0,140,-39,279,39" /><INIT seed="7,0,0,3,3,85" ten="447,134,101,318" oya="3" hai0="129,60,135,122,10,44,109,64,17,126,25,13,121" hai1="92,82,27,57,61,24,125,119,0,117,99,8,46" hai2="4,28,3,43,110,94,68,15,70,134,69,103,11" hai3="112,31,36,104,33,22,102,108,71,77,115,116,97"/><W49/><G36/><T73/><D109/><U62/><E125/><V14/><F110/><W42/><G108/><T101/><D73/><U75/><E46/><V74/><F74/><W5/><G116/><N who="1" m="44618" /><E0/><V53/><F134/><W80/><G5/><T81/><D81/><U133/><E8/><V95/><F43/><W59/><G71/><T51/><D51/><U21/><E133/><V89/><F28/><W132/><G33/><T131/><D13/><U90/><E21/><V123/><F123/><W9/><G9/><T127/><D101/><U106/><E106/><V38/><F38/><W40/><G132/><T84/><D84/><U23/><E23/><V124/><F124/><W20/><G20/><T100/><D64/><N who="1" m="38959" /><E62/><V37/><F37/><W30/><G59/><T78/><D78/><AGARI ba="0,0" hai="24,27,75,78,82,90,92,99" m="38959,44618" machi="78" ten="30,2000,0" yaku="12,1,52,1" doraHai="85" who="1" fromWho="0" sc="447,-20,134,20,101,0,318,0" owari="427,52.7,154,-24.6,101,-39.9,318,11.8" /></mjloggm>