<mjloggm ver="2.3"><GO type="169" lobby="0"/><UN n0="%70%6F%6E%2D%65%6E" n1="%E7%BD%AA%E5%88%91%E6%B3%95%E5%AE%9A%E4%B8%BB%E7%BE%A9" n2="%E5%B0%8F%E8%B1%86%E6%A2%93" n3="%E3%81%99%E3%81%91%E3%81%B4%E3%82%87%E3%82%93" dan="16,17,17,16" rate="2144.37,2212.82,2184.63,2136.14" sx="F,M,F,M"/><TAIKYOKU oya="0"/><INIT seed="0,0,0,2,0,100" ten="250,250,250,250" oya="0" hai0="86,68,25,94,110,108,89,109,36,91,125,128,72" hai1="58,119,22,130,131,97,88,135,123,118,37,64,7" hai2="81,71,98,95,60,4,27,63,115,8,113,121,132" hai3="21,93,16,5,14,73,50,92,33,99,23,106,67"/><T40/><D68/><U61/><E123/><V90/><F121/><W48/><G33/><T122/><D122/><U9/><E37/><V41/><F132/><W105/><G73/><T112/><D36/><U44/><E44/><V66/><F63/><W76/><G76/><T78/><D40/><U31/><E135/><V34/><F41/><W74/><G74/><T56/><D56/><U65/><E65/><V18/><F81/><W114/><G67/><T0/><D25/><U17/><E31/><V46/><F46/><W82/><G82/><N who="0" m="45383" /><D0/><U103/><E119/><V6/><F6/><W10/><G23/><T28/><D28/><U19/><E118/><V83/><F83/><W84/><G114/><T101/><D112/><U11/><E11/><V15/><F34/><W87/><G50/><T32/><D32/><U62/><E62/><V75/><F75/><W117/><G48/><T124/><D128/><N who="1" m="49195" /><E22/><V53/><F53/><W51/><G51/><T12/><D12/><N who="1" m="5183" /><E88/><N who="0" m="33865" /><D86/><U126/><E126/><V13/><F27/><W55/><G117/><T120/><D120/><U20/><E20/><AGARI ba="0,0" hai="4,8,13,15,18,20,60,66,71,90,95,98,113,115" machi="20" ten="30,1000,0" yaku="7,1" doraHai="100" who="2" fromWho="1" sc="250,0,250,-10,250,10,250,0" /><INIT seed="1,0,0,5,1,65" ten="250,240,260,250" oya="1" hai0="125,120,88,56,90,105,8,122,44,38,101,93,114" hai1="28,26,133,121,129,110,71,33,126,10,4,130,57" hai2="31,50,13,83,39,34,76,79,36,127,47,132,116" hai3="92,118,69,6,29,49,98,42,85,100,70,82,2"/><U61/><E121/><N who="0" m="46697" /><D114/><U107/><E107/><V75/><F116/><W94/><G118/><T119/><D119/><U91/><E126/><V5/><F127/><W74/><G29/><T60/><D125/><U58/><E133/><V109/><F109/><W131/><G74/><T18/><D105/><U113/><E113/><V73/><F132/><W64/><G64/><N who="0" m="38919" /><D101/><U104/><E104/><V68/><F34/><W97/><G131/><N who="1" m="50186" /><E110/><V30/><F31/><W54/><G42/><N who="0" m="22615" /><D93/><U55/><E91/><V111/><F111/><W106/><G106/><T15/><AGARI ba="0,0" hai="8,15,18,88,90" m="22615,38919,46697" machi="15" ten="30,2000,0" yaku="13,1,54,1" doraHai="65" who="0" fromWho="0" sc="250,20,240,-10,260,-5,250,-5" /><INIT seed="2,0,0,4,0,59" ten="270,230,255,245" oya="2" hai0="33,60,89,124,47,95,11,25,88,41,97,1,14" hai1="79,96,23,36,16,43,61,108,122,111,131,6,26" hai2="40,22,75,53,31,15,81,65,106,115,56,70,80" hai3="42,86,71,114,66,82,119,73,68,8,87,107,104"/><V113/><F106/><W77/><G119/><T112/><D124/><U2/><E131/><V10/><F40/><W39/><G114/><T12/><D112/><U0/><E122/><V17/><F81/><W103/><G86/><T121/><D121/><U50/><E36/><V117/><F117/><W58/><G87/><T18/><D89/><U127/><E127/><V29/><F70/><W100/><G58/><T67/><D33/><U105/><E79/><V49/><F65/><W13/><G104/><T37/><D25/><U90/><E6/><V38/><F38/><W24/><G24/><T3/><REACH who="0" step="1"/><D14/><REACH who="0" ten="260,230,255,245" step="2"/><U133/><E90/><V19/><F115/><W4/><G100/><T93/><D93/><U57/><E0/><V48/><F113/><W76/><G76/><T64/><D64/><U94/><E2/><V34/><F34/><W129/><G66/><T130/><D130/><U55/><E105/><V92/><F92/><W52/><G129/><T45/><D45/><N who="1" m="25919" /><E133/><V101/><F101/><W125/><G125/><T126/><D126/><U62/><E111/><V51/><F80/><W35/><G35/><T118/><D118/><U46/><E108/><V20/><F75/><W5/><G103/><T30/><D30/><N who="2" m="11274" /><F19/><W74/><G74/><T7/><D7/><U116/><E116/><V83/><F83/><W135/><G5/><T91/><D91/><N who="1" m="55391" /><E46/><V44/><F44/><W109/><G109/><T134/><D134/><U54/><E54/><V9/><F9/><W72/><G135/><T21/><D21/><AGARI ba="0,1" hai="10,15,17,20,21,22,48,49,51,53,56" m="11274" machi="21" ten="30,1500,0" yaku="8,1" doraHai="59" who="2" fromWho="0" sc="260,-15,230,0,255,25,245,0" /><INIT seed="2,1,0,0,4,15" ten="245,230,280,245" oya="2" hai0="65,106,2,89,44,51,22,6,37,20,76,70,78" hai1="110,40,112,127,5,52,29,87,41,98,25,108,19" hai2="35,56,100,103,21,126,79,133,7,130,24,57,10" hai3="104,46,135,59,43,73,28,18,94,114,99,34,83"/><V48/><F130/><W116/><G104/><T54/><D106/><U109/><E112/><V32/><F133/><W12/><G116/><T125/><D125/><U124/><E5/><V131/><F126/><N who="1" m="48169" /><E98/><V68/><F68/><W90/><G135/><T115/><D115/><U36/><E36/><V77/><F131/><W0/><G0/><T86/><D2/><U38/><E38/><V47/><F32/><W84/><G114/><T74/><D6/><U4/><E4/><V62/><F35/><W111/><G73/><T67/><D37/><U42/><E87/><V17/><F10/><W128/><G128/><T120/><D120/><U95/><E95/><V23/><F7/><W66/><G28/><T107/><D107/><U113/><E113/><V75/><F75/><W9/><G34/><T31/><D20/><N who="1" m="13471" /><E52/><N who="2" m="29727" /><F23/><W26/><G26/><N who="0" m="16855" /><D70/><U88/><E88/><V13/><F24/><W64/><G59/><N who="2" m="22601" /><F62/><W81/><G81/><N who="0" m="49359" /><D74/><U118/><E29/><V39/><F39/><W30/><G30/><T80/><D80/><U50/><E118/><V121/><F121/><W105/><G105/><T11/><D11/><U71/><E71/><V102/><AGARI ba="1,0" hai="13,17,21,77,79,100,102,103" m="22601,29727" machi="102" ten="30,6000,0" yaku="8,1,52,1,54,1" doraHai="15" who="2" fromWho="2" sc="245,-21,230,-21,280,63,245,-21" /><INIT seed="2,2,0,1,0,119" ten="224,209,343,224" oya="2" hai0="92,57,5,25,21,62,134,118,132,111,9,84,122" hai1="114,17,103,135,69,102,56,73,125,46,35,37,121" hai2="15,85,43,31,80,48,20,108,44,127,115,72,12" hai3="107,61,110,97,86,38,90,124,33,59,64,11,133"/><V58/><F115/><W117/><G117/><T120/><D118/><U66/><E114/><V3/><F3/><W22/><G33/><T54/><D92/><U65/><E73/><V50/><F127/><W93/><G38/><T70/><D84/><U10/><E125/><V8/><F72/><W74/><G74/><T19/><D70/><U32/><E69/><V76/><F108/><W81/><G124/><T63/><D63/><U112/><E112/><V101/><F101/><W40/><G40/><T51/><D62/><U91/><E135/><N who="0" m="51753" /><D111/><U60/><E66/><V18/><F31/><W131/><G110/><T0/><AGARI ba="2,0" hai="0,5,9,19,21,25,51,54,57,120,122" m="51753" machi="0" ten="30,4000,0" yaku="20,1,52,2" doraHai="119" who="0" fromWho="0" sc="224,46,209,-12,343,-22,224,-12" /><INIT seed="3,0,0,3,5,8" ten="270,197,321,212" oya="3" hai0="47,30,0,70,51,106,96,109,98,119,11,36,41" hai1="80,65,100,4,90,112,101,104,56,82,83,75,68" hai2="27,122,35,103,32,49,126,9,72,28,25,58,66" hai3="6,61,128,62,123,55,77,21,76,45,44,17,89"/><W87/><G123/><T59/><D109/><U57/><E112/><V73/><F126/><W86/><G6/><T71/><D119/><U53/><E4/><V108/><F108/><W85/><G89/><T125/><D125/><U127/><E127/><V74/><F122/><W14/><G128/><T113/><D113/><U38/><E38/><V88/><F103/><W84/><N who="3" m="21504" /><DORA hai="93" /><W50/><REACH who="3" step="1"/><G45/><REACH who="3" ten="270,197,321,202" step="2"/><T95/><D47/><U132/><E90/><V64/><F88/><W2/><G2/><T26/><D0/><U91/><E91/><V43/><F74/><W54/><G54/><T130/><D130/><U46/><E75/><V39/><F73/><W120/><G120/><T48/><D41/><U110/><E46/><V20/><F72/><W37/><G37/><T111/><D36/><U1/><E1/><V63/><F39/><W34/><G34/><T19/><D111/><U69/><E53/><V24/><F35/><W31/><G31/><T92/><D30/><U13/><E110/><V124/><F124/><W16/><G16/><T67/><D19/><U5/><E5/><V94/><F32/><W60/><AGARI ba="0,1" hai="14,17,21,44,50,55,60,61,62,76,77" m="21504" machi="60" ten="50,12000,1" yaku="1,1,0,1,8,1,52,1,53,1" doraHai="8,93" doraHaiUra="12,115" who="3" fromWho="3" sc="270,-40,197,-40,321,-40,202,130" /><INIT seed="3,1,0,5,1,111" ten="230,157,281,332" oya="3" hai0="122,23,130,53,90,14,79,80,41,67,45,8,7" hai1="104,1,63,110,123,98,10,17,20,103,94,132,116" hai2="101,96,50,44,72,129,49,102,75,115,37,86,93" hai3="19,133,40,2,6,81,18,64,27,51,109,124,16"/><W25/><G64/><T89/><D130/><U76/><E123/><V78/><F129/><W9/><G109/><T66/><D53/><U4/><E110/><V126/><F37/><W68/><G68/><T35/><D35/><U12/><E132/><V5/><F50/><W15/><G133/><T48/><D122/><U100/><E116/><V70/><F70/><W127/><G81/><T24/><D67/><U84/><E76/><V91/><F5/><W134/><G134/><T47/><D47/><U112/><E112/><V73/><F49/><W57/><G2/><T128/><D66/><U117/><E117/><V39/><F39/><W119/><G119/><T43/><D43/><U31/><E63/><V60/><F60/><W58/><G58/><T120/><D120/><U36/><E36/><V21/><F21/><W33/><G57/><T83/><D83/><U22/><E84/><V125/><F44/><N who="3" m="25991" /><G33/><T82/><D82/><U55/><E55/><V3/><F3/><W77/><G77/><T92/><D92/><U0/><E0/><V42/><F42/><W62/><G62/><T13/><D13/><U26/><REACH who="1" step="1"/><E104/><REACH who="1" ten="230,147,281,332" step="2"/><V69/><F78/><W59/><G59/><T32/><D128/><U34/><E34/><V121/><F121/><W61/><G61/><T29/><D32/><U56/><E56/><V106/><F69/><W107/><G107/><T99/><D99/><U74/><E74/><AGARI ba="1,1" hai="7,8,14,23,24,29,41,45,48,74,79,80,89,90" machi="74" ten="30,1000,0" yaku="7,1" doraHai="111" who="0" fromWho="1" sc="230,23,147,-13,281,0,332,0" /><INIT seed="4,0,0,0,2,47" ten="253,134,281,332" oya="0" hai0="67,107,73,69,53,94,13,66,126,96,121,36,12" hai1="99,122,84,42,37,116,124,134,22,49,7,3,40" hai2="85,41,70,10,89,19,0,80,81,133,91,75,132" hai3="20,101,29,14,83,58,11,68,62,30,8,52,104"/><T120/><D107/><U86/><E116/><V117/><F70/><W59/><G68/><T35/><D73/><U98/><E122/><V77/><F41/><W64/><G101/><T15/><D35/><U28/><E124/><V24/><F24/><W9/><G104/><T82/><D82/><U26/><E134/><N who="2" m="51819" /><F19/><N who="3" m="10359" /><G83/><T93/><D36/><U31/><E37/><V76/><F117/><W128/><G128/><T46/><D126/><U63/><E3/><V32/><F32/><W110/><G110/><T4/><D4/><AGARI ba="0,0" hai="0,4,10,75,76,77,80,81,85,89,91" m="51819" machi="4" ten="30,1000,0" yaku="20,1" doraHai="47" who="2" fromWho="0" sc="253,-10,134,0,281,10,332,0" /><INIT seed="5,0,0,0,0,56" ten="243,134,291,332" oya="1" hai0="71,50,18,53,8,28,23,30,29,26,16,4,37" hai1="25,57,51,66,123,111,93,97,39,104,52,119,38" hai2="41,62,86,96,64,59,36,6,45,91,11,63,106" hai3="120,122,67,128,124,105,92,78,22,94,85,121,69"/><U44/><E119/><V74/><F74/><W116/><G116/><T1/><D37/><U81/><E123/><V77/><F77/><W102/><G22/><N who="0" m="13639" /><D53/><U49/><E104/><V107/><F96/><N who="3" m="61639" /><G69/><T58/><D50/><U90/><E111/><V127/><F127/><W19/><G19/><T70/><D58/><U132/><E132/><V33/><F33/><W21/><G21/><T115/><D71/><U108/><E108/><V47/><F47/><W3/><G67/><T48/><D48/><U112/><E112/><V110/><F110/><W95/><G3/><T43/><D43/><U101/><E25/><V103/><F103/><W10/><G10/><T5/><D70/><U65/><E38/><V0/><REACH who="2" step="1"/><F62/><REACH who="2" ten="243,134,281,332" step="2"/><W14/><G124/><T129/><D115/><U9/><E39/><V99/><F99/><W113/><G113/><T40/><D40/><N who="1" m="24711" /><E9/><V42/><F42/><W100/><G120/><T89/><D89/><U84/><AGARI ba="0,1" hai="51,52,57,65,66,81,84,90,93,97,101" m="24711" machi="84" ten="30,3000,0" yaku="8,1,54,1" doraHai="56" who="1" fromWho="1" sc="243,-10,134,40,281,-10,332,-10" /><INIT seed="5,1,0,2,2,72" ten="233,174,271,322" oya="1" hai0="2,120,130,74,9,89,91,15,76,8,55,1,68" hai1="121,113,58,125,40,34,35,16,14,108,101,4,66" hai2="116,123,43,0,36,102,31,25,19,122,118,52,82" hai3="124,127,109,61,17,128,30,3,117,75,79,106,62"/><U86/><E121/><V69/><F69/><W114/><G106/><T33/><D33/><U100/><E113/><V53/><F0/><W73/><G3/><T83/><D130/><U67/><E125/><V103/><F19/><W5/><G5/><T28/><D28/><U105/><E105/><V126/><F126/><W44/><G30/><T70/><D120/><U20/><E108/><V96/><F43/><W81/><G109/><T22/><D22/><U85/><E40/><V112/><F82/><W63/><G128/><T87/><D55/><U64/><E4/><V131/><F131/><W107/><G107/><T23/><D23/><U42/><E42/><V110/><F110/><W39/><G39/><T115/><D115/><U38/><E38/><V24/><F36/><W94/><G17/><T134/><D9/><U133/><E133/><V27/><F27/><W29/><G29/><T47/><D47/><U95/><E58/><V56/><F31/><W129/><G44/><T104/><D104/><U21/><E21/><V45/><F45/><W111/><G111/><T10/><D10/><U132/><E132/><V37/><F37/><W92/><G114/><T13/><D1/><U49/><E49/><V88/><F112/><W41/><G41/><T135/><D2/><U60/><E60/><V99/><F56/><W11/><G129/><T32/><D135/><U6/><E6/><V90/><AGARI ba="1,0" hai="24,25,52,53,88,90,96,99,102,103,116,118,122,123" machi="90" ten="25,8000,1" yaku="0,1,22,2,54,2" doraHai="72" who="2" fromWho="2" sc="233,-21,174,-41,271,83,322,-21" /><INIT seed="6,0,0,0,1,115" ten="212,133,354,301" oya="2" hai0="113,106,124,133,64,15,27,91,48,121,81,110,134" hai1="49,90,43,117,6,122,65,56,23,42,12,116,44" hai2="82,71,53,129,20,62,10,24,21,107,32,87,33" hai3="94,14,119,68,8,79,67,45,76,60,101,47,39"/><V63/><F107/><W51/><G39/><T83/><D110/><U104/><E122/><V57/><F129/><W54/><G47/><T4/><D121/><U96/><E43/><V70/><F10/><W9/><G9/><N who="0" m="4519" /><D106/><U73/><E73/><V72/><F72/><W77/><G101/><T59/><D91/><U111/><E111/><V114/><F21/><W46/><G46/><T26/><D113/><U98/><E98/><V61/><F71/><W2/><G2/><T55/><D64/><U40/><E40/><V99/><F99/><W109/><G94/><T13/><D13/><U0/><E0/><V95/><F95/><W69/><G69/><T123/><D124/><U11/><E23/><V108/><F114/><W78/><G109/><T112/><D112/><U37/><E90/><V86/><F33/><W103/><G103/><T18/><D18/><U58/><E58/><V131/><F32/><W126/><G126/><T28/><D123/><U89/><E89/><V3/><F3/><W31/><G31/><T135/><D27/><U118/><E65/><V17/><F70/><W16/><N who="3" m="19456" /><DORA hai="22" /><W130/><REACH who="3" step="1"/><G130/><REACH who="3" ten="212,133,354,291" step="2"/><T25/><D28/><U127/><E127/><V100/><F100/><W120/><G120/><T102/><D102/><U75/><E75/><V85/><F131/><W35/><G35/><T1/><D1/><U80/><E104/><V97/><F108/><W29/><G29/><T93/><D93/><U105/><E105/><V92/><F92/><W66/><G66/><T128/><D128/><U52/><E96/><V88/><F97/><W34/><G34/><RYUUKYOKU ba="0,1" sc="212,0,133,0,354,0,291,0" hai0="25,26,48,55,59,81,83,133,134,135" hai1="6,11,12,37,42,44,49,52,56,80,116,117,118" hai2="17,20,24,53,57,61,62,63,82,85,86,87,88" hai3="8,14,16,45,51,54,60,67,68,119" /><INIT seed="6,1,1,5,4,101" ten="212,133,354,291" oya="2" hai0="66,23,74,46,40,20,94,33,0,135,125,92,50" hai1="3,17,53,32,9,95,116,47,35,82,83,96,8" hai2="43,105,61,99,124,71,55,27,129,85,7,108,126" hai3="22,59,133,29,106,49,130,122,77,45,13,86,64"/><V68/><F129/><W6/><G122/><T48/><D33/><U87/><E116/><V79/><F43/><W16/><G130/><T62/><D0/><U102/><E82/><V15/><F27/><W14/><G133/><T18/><D74/><U28/><E28/><V89/><F79/><W123/><G123/><T4/><D4/><U56/><E9/><V111/><F55/><W115/><G29/><T73/><D73/><U103/><E103/><N who="2" m="62719" /><F15/><W54/><G106/><T93/><D125/><N who="2" m="48234" /><F7/><W131/><G131/><T34/><D135/><U65/><E65/><N who="2" m="41007" /><F71/><W98/><G98/><T88/><D34/><U19/><E19/><V90/><F90/><W113/><G6/><T11/><D48/><U127/><E127/><V91/><F91/><W132/><G14/><T25/><D23/><U67/><E67/><V12/><F12/><W21/><G21/><T60/><D11/><U41/><E35/><V31/><F31/><W107/><G107/><T26/><D60/><U134/><E32/><V5/><F5/><W100/><G100/><T117/><D26/><U51/><E134/><V121/><F121/><W63/><REACH who="3" step="1"/><G132/><REACH who="3" ten="212,133,354,281" step="2"/><T44/><D25/><U80/><E102/><V104/><F104/><W128/><G128/><T36/><D18/><U72/><E17/><V2/><F2/><W57/><G57/><T119/><D20/><U69/><E56/><V114/><F114/><W1/><G1/><T75/><D119/><U39/><E3/><V81/><AGARI ba="1,2" hai="81,85,89,108,111" m="41007,48234,62719" machi="81" ten="30,3000,0" yaku="18,1,52,1" doraHai="101" who="2" fromWho="2" sc="212,-11,133,-11,354,53,281,-11" /><INIT seed="6,2,0,5,0,55" ten="201,122,407,270" oya="2" hai0="10,87,129,27,128,47,67,15,48,49,14,41,108" hai1="69,3,74,75,91,35,0,42,103,46,45,58,79" hai2="78,101,120,132,89,86,102,8,32,122,60,88,18" hai3="12,2,38,7,76,94,17,61,90,98,100,82,54"/><V110/><F32/><W96/><G38/><T84/><D108/><U70/><E35/><V119/><F119/><W131/><G131/><N who="0" m="50251" /><D67/><U63/><E103/><V59/><F110/><W112/><G7/><N who="0" m="3423" /><D15/><U99/><E99/><V9/><F132/><W19/><G2/><T4/><D4/><U13/><E13/><N who="2" m="7463" /><F9/><W85/><G112/><T64/><D64/><U37/><E91/><N who="2" m="34891" /><F122/><W83/><G12/><T77/><D77/><U30/><E79/><V115/><F115/><W124/><G124/><T16/><D49/><U40/><E0/><V111/><F120/><W5/><G5/><T106/><D106/><U56/><E3/><V133/><F133/><W43/><G43/><T73/><D73/><U44/><E30/><V113/><F113/><W53/><G96/><T31/><D16/><U118/><E118/><V24/><F24/><W80/><G80/><T114/><D114/><U134/><E134/><V105/><F105/><W23/><G19/><T126/><D126/><U109/><E109/><V62/><F62/><W81/><G61/><T36/><D36/><N who="1" m="21511" /><E75/><V21/><F21/><AGARI ba="2,0" hai="21,27,31,41,47,48,84,87" m="3423,50251" machi="21" ten="30,1000,0" yaku="19,1" doraHai="55" who="0" fromWho="2" sc="201,16,122,0,407,-16,270,0" /><INIT seed="7,0,0,2,3,57" ten="217,122,391,270" oya="3" hai0="27,62,36,61,125,11,95,76,0,30,18,3,97" hai1="78,2,5,77,59,108,117,4,60,13,113,90,80" hai2="99,131,120,81,129,89,33,132,122,8,15,119,126" hai3="128,42,116,75,1,82,71,50,41,48,38,100,9"/><W46/><G116/><T40/><D125/><U127/><E108/><V83/><F33/><W47/><G128/><N who="2" m="49225" /><F132/><W16/><G100/><T45/><D76/><U19/><E117/><V35/><F35/><W72/><G71/><T32/><D0/><U37/><E37/><V69/><F69/><W114/><G114/><T65/><D65/><U23/><E127/><V84/><F126/><W91/><G38/><T103/><REACH who="0" step="1"/><D18/><REACH who="0" ten="207,122,391,270" step="2"/><U121/><E113/><V124/><F124/><W14/><REACH who="3" step="1"/><G1/><REACH who="3" ten="207,122,391,260" step="2"/><T85/><D85/><AGARI ba="0,2" hai="9,14,16,41,42,46,47,48,50,72,75,82,85,91" machi="85" ten="40,12000,1" yaku="1,1,2,1,9,1,54,1,53,0" doraHai="57" doraHaiUra="67" who="3" fromWho="0" sc="207,-120,122,0,391,0,260,140" owari="87,-41.3,122,-27.8,391,19.1,400,50.0" /></mjloggm>