<mjloggm ver="2.3"><GO type="169" lobby="0"/><UN n0="%E3%81%9F%E3%81%8C%E3%82%84%E3%81%99" n1="%4E%6F%73%75%6B%65" n2="%31%74%61" n3="%E3%81%95%E3%81%8F%E3%82%88%E3%81%93%E3%81%A1%E3%82%83%E3%82%93" dan="16,16,17,16" rate="2172.88,2134.44,2204.37,2071.85" sx="M,M,M,M"/><TAIKYOKU oya="0"/><INIT seed="0,0,0,1,0,83" ten="250,250,250,250" oya="0" hai0="79,134,84,128,10,29,37,76,9,16,5,51,64" hai1="135,25,122,97,69,102,62,73,47,107,96,114,104" hai2="100,93,35,42,105,94,72,124,39,99,116,31,120" hai3="11,103,63,117,87,58,15,101,119,6,111,81,133"/><T92/><D37/><U17/><E122/><V129/><F120/><W131/><G111/><T8/><D134/><U80/><E135/><V89/><F42/><W106/><G131/><T30/><D128/><U48/><E114/><V22/><F35/><W91/><G133/><T59/><D5/><U108/><E108/><V2/><F2/><W34/><G34/><T26/><D76/><U125/><E125/><V14/><F39/><W90/><G90/><N who="0" m="53319" /><D79/><U88/><E73/><V70/><F70/><W54/><REACH who="3" step="1"/><G106/><REACH who="3" ten="250,250,250,240" step="2"/><T40/><D64/><U33/><E107/><V45/><F105/><W112/><G112/><T12/><D26/><U46/><E25/><V41/><F129/><W3/><G3/><T118/><D118/><AGARI ba="0,1" hai="6,11,15,54,58,63,81,87,91,101,103,117,118,119" machi="118" ten="40,2600,0" yaku="1,1,52,1,53,0" doraHai="83" doraHaiUra="61" who="3" fromWho="0" sc="250,-26,250,0,250,0,240,36" /><INIT seed="1,0,0,1,2,63" ten="224,250,250,276" oya="1" hai0="62,104,11,117,41,6,87,33,76,10,59,102,78" hai1="131,122,113,2,31,119,1,79,65,35,133,51,101" hai2="107,7,47,38,86,96,4,53,85,120,3,25,43" hai3="64,128,132,29,0,89,9,75,13,58,103,61,46"/><U42/><E113/><V23/><F120/><W36/><G0/><T93/><D33/><U5/><E122/><V56/><F107/><W83/><G128/><T72/><D117/><U55/><E131/><V45/><F45/><W97/><G132/><T135/><D135/><U114/><E114/><V84/><F96/><W24/><G46/><T28/><D28/><U88/><E133/><V66/><F3/><W116/><G36/><T19/><D72/><U123/><E123/><V73/><F73/><W105/><G116/><T14/><D41/><U70/><E42/><V134/><F66/><W57/><G89/><T118/><D104/><U108/><E79/><V39/><F39/><W92/><G105/><T129/><D118/><U80/><E101/><V90/><F90/><W48/><G75/><T40/><D40/><U81/><E119/><V27/><F27/><W18/><G83/><T54/><D129/><U82/><E88/><V44/><F44/><W34/><REACH who="3" step="1"/><G48/><REACH who="3" ten="224,250,250,266" step="2"/><T99/><REACH who="0" step="1"/><D87/><REACH who="0" ten="214,250,250,266" step="2"/><U17/><E2/><AGARI ba="0,2" hai="2,6,10,11,14,19,54,59,62,76,78,93,99,102" machi="2" ten="30,3900,0" yaku="1,1,2,1,7,1,53,0" doraHai="63" doraHaiUra="26" who="0" fromWho="1" sc="214,59,250,-39,250,0,266,0" /><INIT seed="2,0,0,0,3,131" ten="273,211,250,266" oya="2" hai0="61,87,101,19,21,18,125,94,121,108,45,9,16" hai1="64,99,34,11,49,93,25,23,82,4,133,47,75" hai2="83,81,79,20,27,54,58,129,3,59,6,134,135" hai3="78,29,52,74,62,24,31,132,111,117,69,39,12"/><V32/><F32/><W22/><G117/><T30/><D30/><U35/><E64/><V65/><F129/><W37/><G111/><T71/><D121/><U105/><E105/><V73/><F81/><W8/><G31/><T103/><D108/><U97/><E75/><V70/><F6/><W89/><G132/><N who="2" m="50729" /><F3/><W26/><G26/><T50/><D125/><U60/><E82/><V53/><F70/><W68/><G78/><T48/><D71/><U104/><E4/><V44/><F44/><W90/><G74/><T127/><D45/><U116/><E35/><V43/><F43/><W2/><G2/><T0/><D0/><U110/><E34/><V122/><F122/><W113/><G68/><T84/><D127/><U100/><E47/><V57/><F65/><W1/><G1/><T115/><D115/><U95/><E110/><V41/><F41/><W109/><G69/><T72/><D72/><U92/><E116/><V80/><F80/><W91/><G113/><T76/><D76/><U13/><E133/><V5/><F5/><W107/><G109/><T38/><D19/><AGARI ba="0,0" hai="19,20,27,53,54,57,58,59,73,79,83" m="50729" machi="19" ten="30,11600,0" yaku="20,1,52,3" doraHai="131" who="2" fromWho="0" sc="273,-116,211,0,250,116,266,0" /><INIT seed="2,1,0,5,4,82" ten="157,211,366,266" oya="2" hai0="70,130,39,76,56,52,107,135,27,95,12,9,8" hai1="97,75,59,43,109,54,6,120,69,84,88,67,25" hai2="35,79,21,112,36,72,10,18,32,132,105,115,15" hai3="92,38,20,3,129,68,64,17,73,87,0,122,127"/><V48/><F36/><W49/><G38/><T1/><D70/><U111/><E75/><V57/><F105/><W7/><G73/><T94/><D107/><U91/><E120/><V78/><F72/><W123/><G129/><T86/><D39/><U131/><E131/><V61/><F132/><W89/><G127/><T22/><D1/><U41/><E6/><V100/><F100/><W80/><G80/><N who="0" m="47367" /><D135/><U116/><E116/><V14/><F48/><W103/><G103/><T26/><D130/><U58/><E69/><V47/><F47/><W74/><G74/><T83/><D83/><N who="1" m="49183" /><E25/><N who="0" m="9225" /><D22/><U71/><E71/><V24/><F35/><W117/><G117/><T113/><D113/><U63/><E111/><V23/><F32/><W77/><G123/><T102/><D102/><U108/><E108/><V65/><F115/><W60/><G122/><T133/><D133/><U2/><E2/><V28/><F112/><W19/><G3/><T44/><D44/><U33/><E33/><V125/><F125/><W53/><G0/><T85/><D85/><U4/><E109/><V30/><F30/><W5/><G77/><T93/><D12/><U98/><E4/><AGARI ba="1,0" hai="4,10,14,15,18,21,23,24,28,57,61,65,78,79" machi="4" ten="30,2900,0" yaku="7,1,8,1" doraHai="82" who="2" fromWho="1" sc="157,0,211,-32,366,32,266,0" /><INIT seed="2,2,0,4,1,112" ten="157,179,398,266" oya="2" hai0="48,86,41,10,70,60,64,35,125,18,46,4,80" hai1="102,109,73,11,71,116,108,56,123,115,133,90,19" hai2="31,121,67,134,104,37,23,128,15,3,91,42,124" hai3="117,114,27,81,110,130,25,16,135,101,120,54,32"/><V99/><F121/><W72/><G120/><T75/><D35/><U74/><E123/><V85/><F3/><W43/><G130/><T30/><D125/><U78/><E115/><V127/><F128/><W21/><G135/><T6/><D75/><U17/><E71/><V53/><F67/><W89/><G114/><T40/><D30/><U39/><E39/><V1/><F1/><W55/><G110/><N who="1" m="42602" /><E133/><V28/><F134/><W9/><G43/><T132/><D132/><U131/><E131/><V69/><F69/><W8/><G101/><T79/><D18/><U58/><E102/><V36/><F36/><W77/><G89/><T62/><D62/><U13/><E116/><V33/><F33/><W76/><G76/><T94/><D94/><U5/><E90/><V59/><F99/><W38/><G117/><T105/><D105/><U12/><E5/><V57/><F104/><W100/><G100/><T87/><D87/><U7/><E7/><V22/><F42/><W119/><G38/><T82/><D82/><N who="1" m="45391" /><E74/><V2/><F37/><W93/><G119/><T63/><D4/><U51/><E51/><V68/><F68/><W96/><G96/><T24/><D60/><U98/><E98/><V14/><F91/><W66/><G72/><T83/><D83/><U47/><E47/><V126/><F85/><W84/><G84/><T106/><D106/><U45/><E45/><V88/><F88/><W49/><G49/><T20/><D48/><U26/><E26/><V92/><F124/><W97/><G77/><T107/><D79/><U95/><E95/><V29/><F92/><RYUUKYOKU ba="2,0" sc="157,-10,179,30,398,-10,266,-10" hai1="11,12,13,17,19,56,58" /><INIT seed="3,3,0,4,2,74" ten="147,209,388,256" oya="3" hai0="39,44,16,67,69,41,50,121,119,25,1,100,71" hai1="28,120,18,54,94,22,63,38,10,55,79,27,48" hai2="93,65,21,107,43,108,132,89,83,104,80,6,95" hai3="61,113,87,97,109,73,5,130,14,122,59,15,133"/><W127/><G122/><T24/><D1/><U123/><E38/><V90/><F21/><W56/><G113/><T52/><D121/><U128/><E128/><V115/><F65/><W37/><G130/><T103/><D119/><U99/><E79/><V62/><F62/><W86/><G73/><T85/><D85/><U7/><E28/><V135/><F6/><W129/><G129/><T58/><D71/><U66/><E123/><V134/><F43/><W20/><G37/><T60/><D25/><U8/><E120/><V0/><F0/><W47/><G127/><T31/><REACH who="0" step="1"/><D16/><REACH who="0" ten="137,209,388,256" step="2"/><U75/><E75/><V64/><F134/><W29/><G86/><T13/><D13/><U110/><E7/><V78/><F132/><W42/><G87/><T51/><D51/><U118/><E118/><V36/><F36/><W9/><G15/><T116/><D116/><U88/><E110/><V53/><F108/><W35/><G14/><T96/><D96/><U76/><E48/><V126/><F135/><W105/><G97/><T11/><D11/><U19/><E18/><V3/><F3/><W68/><G9/><T125/><D125/><U92/><E10/><V84/><F126/><W70/><G70/><T98/><D98/><U2/><E8/><V91/><F84/><W111/><G68/><T17/><D17/><U72/><E2/><V46/><F115/><W33/><G133/><T32/><AGARI ba="3,1" hai="24,31,32,39,41,44,50,52,58,60,67,69,100,103" machi="32" ten="20,12000,2" yaku="1,1,0,1,7,1,24,2,54,1,53,1" doraHai="74" doraHaiUra="23" who="0" fromWho="0" sc="137,139,209,-33,388,-33,256,-63" /><INIT seed="4,0,0,1,3,126" ten="276,176,355,193" oya="0" hai0="99,76,19,101,132,60,29,42,43,46,11,122,85" hai1="93,117,61,130,24,105,121,23,22,59,58,33,97" hai2="103,20,12,10,119,39,84,108,52,9,31,30,47" hai3="66,111,106,41,96,14,110,18,0,5,16,123,114"/><T4/><D29/><U67/><E117/><V2/><F108/><W35/><G66/><T131/><D122/><U87/><E121/><V82/><F119/><W75/><G41/><T83/><D132/><U77/><E105/><V88/><F103/><W120/><G96/><T134/><D134/><U38/><E38/><V89/><F2/><W70/><G70/><T73/><D19/><N who="3" m="7209" /><G75/><T51/><D60/><U98/><E33/><V90/><F39/><W17/><G106/><T69/><D69/><U100/><E130/><V78/><F20/><N who="3" m="11319" /><G35/><T95/><D131/><U125/><E125/><V102/><F102/><W80/><G80/><T28/><D28/><N who="2" m="10794" /><F12/><W129/><G114/><T91/><D43/><U72/><E72/><V128/><F128/><W116/><G116/><T65/><D65/><U81/><E24/><V92/><F92/><W54/><G54/><T6/><REACH who="0" step="1"/><D11/><REACH who="0" ten="266,176,355,193" step="2"/><U56/><REACH who="1" step="1"/><E98/><REACH who="1" ten="266,166,355,193" step="2"/><V86/><F86/><W124/><G129/><T34/><D34/><U133/><E133/><V40/><F40/><W115/><G124/><T15/><D15/><U21/><AGARI ba="0,2" hai="21,22,23,56,58,59,61,67,77,81,87,93,97,100" machi="21" ten="30,4000,0" yaku="1,1,0,1,8,1,53,0" doraHai="126" doraHaiUra="50" who="1" fromWho="1" sc="266,-20,166,60,355,-10,193,-10" /><INIT seed="5,0,0,1,3,131" ten="246,226,345,183" oya="1" hai0="54,105,111,59,125,64,86,113,63,123,22,62,124" hai1="29,70,5,47,80,2,74,56,12,121,4,89,28" hai2="66,58,24,78,107,31,95,7,135,35,65,9,23" hai3="42,103,67,44,92,50,45,109,81,34,27,69,15"/><U85/><E121/><V88/><F107/><W119/><G109/><T13/><D105/><U40/><E70/><V38/><F38/><W19/><G119/><T11/><D111/><U39/><E2/><V49/><F135/><W14/><G69/><T41/><D123/><U26/><E74/><V77/><F35/><W133/><G133/><T122/><D122/><U130/><E130/><V57/><F57/><W51/><G67/><N who="2" m="25609" /><F9/><W76/><G92/><T73/><D73/><U134/><E134/><V46/><F58/><W52/><G103/><T18/><D41/><U100/><E100/><V48/><F7/><W20/><REACH who="3" step="1"/><G34/><REACH who="3" ten="246,226,345,173" step="2"/><T114/><D64/><U0/><E0/><V68/><F68/><W53/><G53/><T117/><D54/><U25/><E40/><N who="2" m="24647" /><F49/><W10/><G10/><T116/><D11/><U37/><E39/><V8/><F8/><W101/><G101/><T71/><D71/><U82/><E37/><V118/><F118/><W128/><G128/><T104/><D104/><U129/><E129/><V91/><F95/><W61/><G61/><T132/><D132/><U127/><E4/><V32/><F32/><W126/><G126/><N who="0" m="48747" /><D117/><U55/><E5/><V83/><F83/><W60/><G60/><T43/><D116/><U115/><E127/><V120/><F120/><W106/><G106/><T1/><D1/><U87/><E82/><V110/><F110/><W21/><G21/><T79/><D43/><U90/><E80/><V33/><F33/><W6/><G6/><T3/><D3/><U102/><E102/><V30/><F23/><W17/><G17/><RYUUKYOKU ba="0,1" sc="246,-10,226,-10,345,-10,173,30" hai3="14,15,19,20,27,42,44,45,50,51,52,76,81" /><INIT seed="6,1,1,4,5,130" ten="236,216,335,203" oya="2" hai0="105,111,7,121,66,34,76,60,22,59,69,38,81" hai1="29,87,86,79,117,131,23,98,58,62,49,18,33" hai2="40,127,94,132,2,71,101,21,43,97,3,85,30" hai3="19,110,72,93,102,119,20,78,108,112,14,11,25"/><V55/><F71/><W74/><G119/><T32/><D105/><U37/><E37/><V4/><F127/><W100/><G112/><T115/><D121/><U65/><E117/><V107/><F3/><W26/><G26/><T28/><D111/><U128/><E29/><V104/><F55/><W12/><G12/><T63/><D38/><U103/><E33/><V67/><F67/><W9/><G9/><T61/><D61/><U56/><E79/><V120/><F21/><W44/><G44/><T84/><D7/><U46/><E58/><V24/><F24/><W106/><G106/><T80/><D115/><U83/><E83/><V31/><F4/><W123/><G123/><T89/><D22/><U70/><E70/><V125/><F2/><W48/><G48/><T16/><D16/><U17/><E17/><V126/><F120/><W41/><G41/><T15/><D15/><U1/><E1/><V109/><F94/><W8/><G8/><T64/><D28/><U118/><E118/><V52/><F43/><W122/><G122/><T45/><D45/><U10/><E10/><V90/><F40/><W92/><G92/><T95/><D80/><U75/><E75/><AGARI ba="1,1" hai="32,34,59,60,63,64,66,69,75,76,81,84,89,95" machi="75" ten="30,1000,0" yaku="7,1" doraHai="130" who="0" fromWho="1" sc="236,23,216,-13,335,0,203,0" /><INIT seed="7,0,0,1,0,68" ten="259,203,335,203" oya="3" hai0="22,53,5,29,123,11,44,133,24,20,81,87,66" hai1="54,73,27,82,97,60,65,4,9,110,132,102,21" hai2="104,112,15,80,31,14,94,74,85,114,128,35,47" hai3="84,37,121,135,32,119,67,118,43,18,39,99,6"/><W106/><G121/><T108/><D66/><U55/><E110/><V62/><F104/><W98/><G135/><T64/><D108/><U109/><E109/><V105/><F105/><W56/><G32/><T78/><D123/><U38/><E38/><V107/><F31/><W17/><G106/><T41/><D64/><U96/><E73/><V95/><F74/><W88/><G67/><T111/><D111/><U70/><E82/><V52/><F62/><W36/><G43/><T3/><D53/><U131/><E131/><V2/><F2/><W0/><G56/><T34/><D133/><U103/><E97/><V83/><F95/><W72/><G72/><T79/><D79/><U10/><E10/><V101/><F94/><W13/><G98/><T126/><D126/><U30/><E132/><V1/><F83/><W7/><G99/><T129/><D129/><U116/><E116/><V71/><F80/><W122/><G122/><T59/><D59/><U40/><E40/><V26/><F1/><W117/><G0/><T125/><D125/><U19/><E96/><V28/><F35/><W113/><G113/><T92/><D92/><U42/><E42/><V93/><F107/><W90/><G84/><T23/><D34/><N who="1" m="20831" /><E103/><V91/><F85/><W63/><G63/><T115/><D115/><U130/><E102/><V45/><F114/><W77/><G77/><T120/><D120/><U8/><E130/><V16/><F128/><W57/><G57/><T127/><D127/><U50/><E70/><V86/><F112/><W46/><G46/><T48/><AGARI ba="0,0" hai="3,5,11,20,22,23,24,29,41,44,48,78,81,87" machi="48" ten="20,1500,0" yaku="0,1,7,1" doraHai="68" who="0" fromWho="0" sc="259,15,203,-4,335,-4,203,-7" owari="274,7.4,199,-20.1,331,43.1,196,-30.4" /></mjloggm>