<mjloggm ver="2.3"><GO type="169" lobby="0"/><UN n0="%E8%B5%A4%E4%BA%94%E7%AB%8B%E7%9B%B4" n1="%E5%A4%A7%E4%BB%81%E7%94%B0%E8%96%84" n2="%6B%61%77%61%69%31%32" n3="%68%69%73%61%74%6F%E6%A3%92" dan="16,17,16,16" rate="2159.73,2192.01,2091.70,2163.16" sx="F,M,M,M"/><TAIKYOKU oya="0"/><INIT seed="0,0,0,3,0,61" ten="250,250,250,250" oya="0" hai0="60,44,59,39,1,9,74,7,6,107,95,120,119" hai1="24,129,38,0,56,73,63,81,16,121,19,80,103" hai2="46,68,27,111,86,98,51,28,12,79,23,106,18" hai3="135,102,128,31,133,45,17,109,21,112,94,52,36"/><T34/><D120/><U25/><E121/><V93/><F68/><W66/><G31/><T89/><D107/><U114/><E0/><V5/><F106/><W57/><G109/><T62/><D119/><U116/><E38/><V50/><F111/><W84/><G128/><T11/><D34/><U10/><E116/><V115/><F5/><W22/><G22/><T49/><D74/><U3/><E129/><V122/><F122/><W132/><G112/><T125/><D39/><U64/><E114/><V71/><F71/><W91/><G102/><T13/><D125/><U41/><E41/><V99/><F115/><W110/><G45/><T53/><REACH who="0" step="1"/><D44/><REACH who="0" ten="240,250,250,250" step="2"/><U92/><E73/><V2/><F2/><W70/><G36/><T123/><D123/><U82/><E3/><V117/><F117/><W75/><G75/><T4/><D4/><U33/><E33/><V101/><F46/><W42/><G110/><T108/><D108/><U55/><E55/><V97/><F101/><W26/><G42/><T130/><D130/><U76/><E76/><V37/><F37/><W69/><G66/><T14/><D14/><N who="1" m="7255" /><E19/><V83/><REACH who="2" step="1"/><F93/><REACH who="2" ten="240,250,240,250" step="2"/><W105/><G105/><T87/><AGARI ba="0,2" hai="1,6,7,9,11,13,49,53,59,60,62,87,89,95" machi="87" ten="20,3900,0" yaku="1,1,0,1,7,1,53,0" doraHai="61" doraHaiUra="100" who="0" fromWho="0" sc="240,59,250,-13,240,-13,250,-13" /><INIT seed="0,1,0,4,1,118" ten="299,237,227,237" oya="0" hai0="68,91,17,98,110,1,106,73,51,120,129,13,79" hai1="58,3,107,55,116,121,8,74,81,101,83,47,38" hai2="62,76,37,71,41,84,88,89,133,130,27,69,44" hai3="31,25,61,134,9,10,96,2,80,15,21,100,72"/><T43/><D1/><U77/><E116/><V16/><F130/><W119/><G134/><T35/><D129/><U117/><E117/><V70/><F133/><W127/><G127/><T122/><D68/><U42/><E81/><V28/><F76/><W53/><G2/><T4/><D35/><U123/><E101/><V128/><F128/><W111/><G111/><T19/><D110/><U131/><E107/><V7/><F7/><W93/><G15/><T5/><D79/><U60/><REACH who="1" step="1"/><E131/><REACH who="1" ten="299,227,227,237" step="2"/><V59/><F84/><W12/><G119/><T29/><D106/><U90/><E90/><V78/><F78/><W33/><G80/><T102/><D91/><U34/><E34/><V103/><F103/><W66/><G72/><T40/><D102/><U20/><E20/><V46/><F89/><W50/><G33/><T135/><D135/><U30/><E30/><V64/><F88/><W39/><G39/><T97/><D29/><U48/><E48/><V124/><F28/><W56/><REACH who="3" step="1"/><G12/><REACH who="3" ten="299,227,227,227" step="2"/><T36/><D13/><U92/><E92/><V109/><F37/><W108/><G108/><T45/><D36/><U63/><E63/><V104/><F62/><W22/><G22/><T95/><D73/><U112/><E112/><V85/><F109/><W49/><G49/><T82/><D51/><U125/><E125/><V105/><F124/><W14/><G14/><T57/><D82/><U87/><E87/><V94/><F85/><W54/><G54/><T113/><D113/><U26/><E26/><V132/><F27/><W114/><G114/><T115/><D115/><U86/><E86/><RYUUKYOKU ba="1,2" sc="299,-15,227,15,227,-15,227,15" hai1="3,8,38,42,47,55,58,60,74,77,83,121,123" hai3="9,10,21,25,31,50,53,56,61,66,93,96,100" /><INIT seed="1,2,2,5,1,123" ten="284,242,212,242" oya="1" hai0="102,47,50,109,105,133,0,27,113,32,101,41,80" hai1="81,43,11,9,2,119,3,82,72,85,13,76,38" hai2="22,126,75,36,134,110,21,61,19,86,49,45,28" hai3="74,7,120,57,77,63,100,29,70,23,125,94,64"/><U42/><E119/><V52/><F75/><W39/><G39/><T92/><D113/><U44/><E42/><V106/><F106/><W1/><G125/><T84/><D0/><U59/><E59/><V90/><F126/><W103/><G70/><T89/><D133/><U31/><E31/><V15/><F134/><W108/><G77/><T48/><D105/><U97/><E97/><V34/><F110/><W116/><G74/><T129/><D129/><U24/><E24/><N who="2" m="16407" /><F34/><W98/><G103/><T6/><D6/><U99/><E99/><V93/><F36/><W37/><G37/><T117/><D109/><U58/><E58/><N who="2" m="33039" /><F61/><W46/><G46/><AGARI ba="2,2" hai="15,19,21,45,46,86,90,93" m="33039,16407" machi="46" ten="30,3900,0" yaku="25,1,8,1,54,1" doraHai="123" who="2" fromWho="3" sc="284,0,242,0,212,65,242,-45" /><INIT seed="2,0,0,3,2,113" ten="284,242,277,197" oya="2" hai0="134,81,4,17,63,21,26,51,112,48,88,44,40" hai1="96,118,94,14,37,73,12,84,85,57,19,20,33" hai2="127,23,28,125,76,131,64,117,119,29,6,66,7" hai3="129,132,62,46,79,59,100,105,61,50,77,45,90"/><V10/><F76/><W115/><G132/><T16/><D112/><U5/><E73/><V68/><F131/><W126/><G126/><N who="2" m="48137" /><F23/><W104/><G129/><T55/><D134/><U78/><E33/><V9/><F68/><W52/><G90/><T32/><D32/><U128/><E37/><V30/><F64/><W34/><G34/><T60/><D4/><N who="2" m="1578" /><F66/><W43/><G45/><N who="0" m="25639" /><D17/><U89/><E128/><V35/><F35/><W108/><G108/><T123/><D123/><U116/><E57/><V25/><F25/><W69/><G115/><T70/><D70/><U83/><REACH who="1" step="1"/><E84/><AGARI ba="0,0" hai="16,21,26,44,51,55,60,63,81,84,88" m="25639" machi="84" ten="30,3900,0" yaku="8,1,54,2" doraHai="113" who="0" fromWho="1" sc="284,39,242,-39,277,0,197,0" /><INIT seed="3,0,0,5,0,48" ten="323,203,277,197" oya="3" hai0="4,42,90,20,130,41,51,18,35,103,99,60,0" hai1="53,70,9,16,69,98,7,105,100,80,33,127,38" hai2="37,122,55,27,12,10,96,3,39,114,128,78,11" hai3="1,32,86,81,58,14,30,13,104,59,123,112,17"/><W74/><G74/><T68/><D35/><U101/><E38/><V94/><F122/><W125/><G1/><T45/><D130/><U85/><E33/><V23/><F114/><W67/><G104/><T95/><D0/><U84/><E127/><V36/><F3/><W117/><G117/><T73/><D73/><U134/><E134/><V93/><F128/><W120/><G125/><T71/><D4/><U89/><E101/><V92/><F78/><W119/><G119/><T65/><D103/><U22/><E85/><V50/><F96/><W131/><G131/><T106/><D106/><U25/><REACH who="1" step="1"/><E53/><REACH who="1" ten="323,193,277,197" step="2"/><V63/><F63/><W5/><G120/><T19/><D42/><U83/><E83/><V61/><F61/><W64/><G123/><T121/><D121/><U57/><E57/><V56/><REACH who="2" step="1"/><F12/><AGARI ba="0,1" hai="7,9,12,16,22,25,69,70,80,84,89,98,100,105" machi="12" ten="30,3900,0" yaku="1,1,7,1,54,1,53,0" doraHai="48" doraHaiUra="75" who="1" fromWho="2" sc="323,0,193,49,277,-39,197,0" /><INIT seed="4,0,0,1,0,38" ten="323,242,238,197" oya="0" hai0="102,18,21,117,53,37,99,35,30,16,8,82,22" hai1="33,65,24,90,121,104,107,67,132,26,57,129,31" hai2="79,98,42,60,58,69,78,64,56,0,89,124,34" hai3="92,106,46,3,9,86,135,27,70,45,71,72,94"/><T109/><D117/><U66/><E121/><V50/><F34/><W126/><G72/><T54/><D109/><U130/><E132/><V119/><F0/><W59/><G106/><T15/><D37/><U41/><E57/><V44/><F119/><W32/><G59/><T75/><D35/><U13/><E24/><V122/><F124/><W19/><G126/><T12/><D75/><U108/><E108/><V77/><REACH who="2" step="1"/><F122/><REACH who="2" ten="323,242,228,197" step="2"/><W6/><G32/><T110/><D110/><U11/><E129/><V111/><F111/><W68/><G135/><T61/><D82/><U51/><E130/><V23/><F23/><W1/><G1/><T123/><D123/><U39/><E33/><V2/><F2/><W73/><G3/><T48/><D22/><U114/><E114/><V101/><F101/><W100/><G100/><T80/><D80/><U91/><E11/><V40/><F40/><W10/><G9/><T93/><D30/><U134/><E41/><V74/><F74/><W133/><G73/><T113/><D113/><U112/><E31/><V105/><F105/><W127/><G10/><T116/><D116/><U76/><E107/><V28/><F28/><W103/><G103/><T128/><D128/><U52/><E104/><V84/><F84/><W62/><G127/><T29/><D29/><U43/><E43/><V115/><F115/><W49/><G133/><T63/><D54/><U125/><E52/><V118/><F118/><W36/><G92/><AGARI ba="0,1" hai="42,44,50,56,58,60,64,69,77,78,79,89,92,98" machi="92" ten="40,2600,0" yaku="1,1,52,1,53,0" doraHai="38" doraHaiUra="96" who="2" fromWho="3" sc="323,0,242,0,228,36,197,-26" /><INIT seed="5,0,0,2,4,10" ten="323,242,264,171" oya="1" hai0="59,114,121,71,43,24,125,23,50,101,12,54,6" hai1="22,129,42,116,99,76,61,57,122,117,21,8,11" hai2="111,39,127,15,115,86,40,52,110,133,4,100,56" hai3="19,109,27,58,126,41,83,75,65,38,119,45,72"/><U51/><E122/><V35/><F35/><W124/><G109/><T53/><D114/><U70/><E70/><V82/><F115/><W89/><G119/><T97/><D71/><U30/><E129/><V88/><F133/><W49/><G89/><T87/><D121/><U67/><E76/><V64/><F64/><W63/><G38/><T31/><D125/><U1/><E1/><V103/><F127/><W91/><G124/><T77/><D43/><U102/><E117/><V9/><F39/><W55/><G65/><T20/><D54/><U93/><E22/><V33/><F33/><W47/><G47/><T2/><D2/><U107/><E107/><V106/><F40/><W62/><G62/><T132/><D132/><U90/><E90/><V37/><F37/><W18/><G18/><N who="0" m="10311" /><D6/><U134/><E116/><V28/><F28/><W14/><G27/><T128/><D128/><U60/><E60/><V79/><F106/><W26/><G26/><T66/><D66/><U73/><E73/><V92/><F110/><W7/><G7/><T34/><D34/><U84/><E84/><N who="2" m="48223" /><F111/><W13/><G126/><T118/><D118/><U16/><E30/><V80/><F92/><W5/><G5/><T98/><D101/><U0/><E0/><V68/><F68/><W85/><REACH who="3" step="1"/><G19/><REACH who="3" ten="323,242,264,161" step="2"/><T78/><D78/><U94/><E134/><V130/><F130/><W104/><G104/><T74/><D24/><N who="1" m="14375" /><E94/><V131/><F131/><W25/><G25/><T36/><D36/><U3/><E3/><V135/><F135/><W95/><G95/><T46/><D31/><U69/><E69/><RYUUKYOKU ba="0,1" sc="323,-30,242,10,264,10,161,10" hai1="8,11,42,51,57,61,67,93,99,102" hai2="4,9,15,52,56,80,86,88,100,103" hai3="13,14,41,45,49,55,58,63,72,75,83,85,91" /><INIT seed="5,1,1,2,0,81" ten="293,252,274,171" oya="1" hai0="83,21,22,120,23,60,61,125,44,114,13,37,123" hai1="63,53,8,116,78,101,9,6,1,109,108,110,47" hai2="91,62,128,80,98,29,107,115,119,64,95,85,104" hai3="51,117,134,30,31,2,100,35,77,87,71,67,74"/><U86/><E116/><V75/><F119/><W92/><G2/><T70/><D114/><U82/><E101/><V126/><F128/><W32/><G134/><T96/><D125/><U133/><E133/><V19/><F126/><W24/><G74/><T65/><D61/><U131/><E131/><V40/><F29/><W38/><G38/><T27/><D13/><U135/><E135/><V76/><F40/><W26/><G51/><T72/><D96/><U130/><E130/><V132/><F132/><W12/><G12/><T18/><D44/><U10/><REACH who="1" step="1"/><E63/><REACH who="1" ten="293,242,274,171" step="2"/><V68/><F115/><W124/><G117/><T112/><D112/><U46/><E46/><V73/><F104/><W84/><G124/><T15/><D60/><U52/><E52/><V111/><F111/><W28/><G100/><T129/><D129/><U48/><AGARI ba="1,2" hai="1,6,8,9,10,47,48,53,78,82,86,108,109,110" machi="48" ten="40,12000,1" yaku="1,1,0,1,10,1,52,1,53,1" doraHai="81" doraHaiUra="41" who="1" fromWho="1" sc="293,-41,242,143,274,-41,171,-41" /><INIT seed="5,2,0,0,0,19" ten="252,385,233,130" oya="1" hai0="28,111,133,38,16,62,109,0,105,83,30,129,100" hai1="106,119,65,79,99,63,10,135,11,92,108,125,112" hai2="128,34,31,41,88,101,51,60,32,118,124,113,69" hai3="68,14,17,67,134,43,59,13,120,73,27,20,131"/><U46/><E119/><V55/><F118/><W121/><G73/><T107/><D38/><U50/><E112/><V126/><F128/><W102/><G68/><T37/><D37/><U72/><E106/><V5/><F101/><W94/><G134/><T91/><D129/><U25/><E125/><N who="2" m="48235" /><F113/><W77/><G77/><T33/><D0/><U98/><E98/><V7/><F41/><W80/><G80/><T1/><D1/><U74/><E135/><V18/><F69/><W9/><G43/><T81/><D133/><U40/><E108/><V47/><F60/><W4/><G131/><T56/><D33/><N who="2" m="12906" /><F31/><W89/><G102/><T127/><D127/><U123/><E123/><V132/><F132/><W24/><G120/><T15/><D109/><U57/><E74/><V130/><F130/><W29/><G29/><T85/><D83/><U70/><E70/><V97/><F18/><W104/><G104/><T53/><D111/><U39/><E79/><V61/><F61/><W54/><G67/><T117/><D107/><U6/><E72/><V93/><AGARI ba="2,0" hai="5,7,47,51,55,88,93,97" m="12906,48235" machi="93" ten="40,2700,0" yaku="18,1,54,1" doraHai="19" who="2" fromWho="2" sc="252,-9,385,-15,233,33,130,-9" /><INIT seed="6,0,0,5,5,27" ten="243,370,266,121" oya="2" hai0="73,36,58,120,88,43,38,96,9,126,102,48,90" hai1="95,54,135,70,94,7,37,64,116,29,100,118,32" hai2="50,45,12,10,79,22,132,101,106,18,97,0,77" hai3="129,66,74,21,123,63,133,16,86,109,46,130,113"/><V110/><F110/><W107/><G107/><T131/><D120/><U28/><E37/><V61/><F132/><W117/><G74/><T44/><D131/><U83/><E32/><V25/><F61/><W42/><G109/><T67/><D126/><U33/><E33/><V119/><F0/><W89/><G117/><T91/><D73/><U84/><E7/><V111/><F119/><W5/><G5/><T92/><REACH who="0" step="1"/><D9/><REACH who="0" ten="233,370,266,121" step="2"/><U112/><E118/><V134/><F111/><W85/><G123/><T105/><D105/><U103/><E116/><V31/><REACH who="2" step="1"/><F134/><REACH who="2" ten="233,370,256,121" step="2"/><W81/><G133/><T30/><D30/><U51/><E28/><V80/><F80/><W99/><G129/><T122/><D122/><U59/><E29/><V24/><F24/><W34/><G130/><T3/><D3/><U6/><E83/><V2/><F2/><W1/><G1/><T127/><D127/><U4/><E135/><V75/><F75/><W125/><G125/><T57/><D57/><U26/><E59/><V98/><F98/><W60/><G99/><T40/><D40/><AGARI ba="0,2" hai="10,12,18,22,25,31,40,45,50,77,79,97,101,106" machi="40" ten="30,5800,0" yaku="1,1,7,1,52,1,53,0" doraHai="27" doraHaiUra="68" who="2" fromWho="0" sc="233,-58,370,0,256,78,121,0" /><INIT seed="6,1,0,0,1,56" ten="175,370,334,121" oya="2" hai0="119,26,13,45,44,9,117,66,111,113,23,51,64" hai1="72,120,36,40,18,74,76,32,130,42,103,34,63" hai2="55,22,75,78,118,27,33,12,88,3,108,20,61" hai3="60,94,77,4,98,115,131,82,47,2,93,133,25"/><V35/><F118/><N who="0" m="45066" /><D111/><U107/><E120/><V57/><F3/><W59/><G133/><T83/><D83/><U31/><E130/><V14/><F108/><W48/><G131/><T84/><D84/><U6/><E6/><V43/><F75/><W121/><G115/><T114/><D64/><U109/><E18/><V127/><F78/><W116/><G121/><T46/><D66/><U90/><E90/><V122/><F122/><W73/><G25/><T29/><D51/><U54/><E103/><V95/><F127/><W0/><G4/><AGARI ba="1,0" hai="4,9,13,23,26,29,44,45,46,113,114" m="45066" machi="4" ten="30,1000,0" yaku="12,1" doraHai="56" who="0" fromWho="3" sc="175,13,370,0,334,0,121,-13" /><INIT seed="7,0,0,3,4,34" ten="188,370,334,108" oya="3" hai0="133,73,127,30,75,10,120,21,71,95,24,91,102" hai1="112,1,32,87,35,100,115,93,69,18,117,68,111" hai2="47,74,2,78,59,0,49,67,62,104,72,103,44" hai3="65,40,16,81,7,125,131,116,43,82,80,79,98"/><W42/><G116/><T77/><D120/><U114/><E111/><V107/><F47/><W13/><G131/><T58/><D71/><N who="1" m="27211" /><E117/><V8/><F8/><W53/><G79/><T105/><D127/><U50/><E1/><V126/><F126/><W20/><G125/><T28/><D133/><U130/><E130/><V22/><F22/><W128/><G128/><T19/><D58/><U4/><E4/><V9/><F9/><W52/><G7/><T121/><D121/><U88/><E100/><V37/><F37/><W31/><G31/><T57/><D10/><U89/><E18/><V51/><F51/><W84/><G65/><T29/><D57/><U129/><E129/><V132/><F132/><W97/><REACH who="3" step="1"/><G84/><REACH who="3" ten="188,370,334,98" step="2"/><N who="0" m="52711" /><D77/><U85/><E85/><V41/><F78/><W118/><G118/><T106/><D73/><U94/><E87/><V123/><F74/><W56/><G56/><T70/><D75/><U55/><E32/><V113/><F72/><W101/><G101/><T27/><D70/><U86/><E35/><V46/><F103/><W3/><G3/><T38/><D102/><U39/><E89/><V15/><F2/><W61/><G61/><T64/><D64/><U110/><E86/><V45/><F0/><W36/><G36/><T135/><D38/><U25/><E39/><N who="2" m="21567" /><F59/><W92/><G92/><N who="1" m="35434" /><E88/><V134/><F62/><W99/><AGARI ba="0,1" hai="13,16,20,40,42,43,52,53,80,81,82,97,98,99" machi="99" ten="40,24000,3" yaku="1,1,0,1,29,2,8,1,54,2,53,1" doraHai="34" doraHaiUra="14" who="3" fromWho="3" sc="188,-80,370,-80,334,-80,98,250" owari="108,-39.2,290,9.0,254,-14.6,348,44.8" /></mjloggm>