<mjloggm ver="2.3"><GO type="169" lobby="0"/><UN n0="%73%61%69%63%68%61%6E%7A" n1="%E3%82%AB%E3%83%AB%E3%83%94%E3%82%B9%E3%82%B5%E3%83%AF%E3%83%BC" n2="%E3%81%82%E3%81%BE%E3%81%82%E3%82%93" n3="%E5%85%A9%E5%84%80%E4%B8%B6%E5%BC%8F" dan="17,17,17,16" rate="2165.50,2202.62,2110.63,2139.08" sx="M,M,M,M"/><TAIKYOKU oya="0"/><INIT seed="0,0,0,2,1,89" ten="250,250,250,250" oya="0" hai0="132,125,50,79,36,14,134,73,122,71,100,129,112" hai1="99,32,120,51,85,124,8,19,65,49,7,97,15" hai2="16,61,72,13,110,114,75,111,101,107,86,41,127" hai3="133,21,102,78,4,80,119,58,46,126,30,135,0"/><T55/><D14/><U27/><E120/><V17/><F114/><W74/><G119/><T1/><D100/><U52/><E124/><V5/><F127/><W29/><G126/><T96/><D96/><U116/><E116/><V28/><F41/><W66/><G46/><T81/><D125/><U69/><E49/><V95/><F28/><W12/><G0/><T104/><D104/><U118/><E118/><V103/><F5/><W10/><G102/><N who="2" m="38921" /><F107/><W108/><G108/><N who="2" m="41513" /><F61/><N who="3" m="38199" /><G21/><T92/><D112/><U54/><E7/><V18/><F13/><W53/><G53/><T83/><D122/><U130/><E54/><V11/><F11/><W24/><G24/><T42/><D1/><U38/><E52/><V106/><F106/><W77/><G77/><T57/><D71/><U98/><E69/><V82/><F95/><W84/><G74/><T59/><D92/><U115/><E115/><V63/><F63/><W87/><G87/><T20/><D20/><U62/><E85/><V91/><AGARI ba="0,0" hai="16,17,18,72,75,82,86,91" m="41513,38921" machi="91" ten="40,2700,0" yaku="14,1,54,1" doraHai="89" who="2" fromWho="2" sc="250,-13,250,-7,250,27,250,-7" /><INIT seed="1,0,0,1,3,18" ten="237,243,277,243" oya="1" hai0="71,126,90,21,3,125,103,121,82,56,112,4,23" hai1="78,17,13,45,85,63,86,75,64,32,122,38,0" hai2="10,115,30,51,1,110,88,123,100,67,26,124,84" hai3="65,19,22,69,9,99,96,43,7,120,83,135,8"/><U15/><E122/><V6/><F123/><W59/><G120/><T57/><D71/><U41/><E0/><V33/><F110/><W11/><G69/><T42/><D112/><U87/><E32/><V108/><F108/><W92/><G135/><T20/><D121/><U102/><E102/><V61/><F115/><W35/><G35/><T12/><D3/><U16/><E13/><V89/><F124/><N who="0" m="47722" /><D103/><U34/><E34/><V119/><F119/><W79/><G43/><T68/><D68/><U39/><E39/><V54/><F100/><W94/><G7/><T29/><D29/><U97/><E97/><N who="3" m="37450" /><G83/><T72/><D42/><U105/><E105/><V53/><F51/><W113/><G79/><N who="0" m="44391" /><D90/><U91/><E91/><V48/><F89/><W73/><G73/><T47/><D47/><U93/><E93/><V60/><F67/><W50/><G113/><T25/><D25/><U31/><E31/><V106/><F106/><W66/><G66/><T27/><D27/><U114/><E114/><V134/><F54/><N who="3" m="32215" /><G65/><T117/><D117/><U109/><E109/><V36/><F36/><W127/><G127/><T52/><D52/><U62/><E64/><V130/><F134/><W2/><G2/><T133/><D133/><U104/><E104/><V132/><F132/><W95/><G95/><T14/><D4/><U77/><E75/><V74/><F74/><W40/><G40/><T111/><D111/><U118/><E118/><V28/><F1/><W37/><G37/><T49/><D49/><U101/><E38/><V44/><F48/><W116/><G116/><T24/><D24/><AGARI ba="0,0" hai="8,9,11,19,22,24,92,94" m="32215,37450" machi="24" ten="30,3900,0" yaku="6,1,8,1,52,1" doraHai="18" who="3" fromWho="0" sc="237,-39,243,0,277,0,243,39" /><INIT seed="2,0,0,1,1,43" ten="198,243,277,282" oya="2" hai0="8,99,89,20,12,7,82,103,122,93,69,70,15" hai1="119,18,130,83,36,45,80,75,19,123,11,78,31" hai2="5,37,84,46,30,73,92,63,118,77,132,27,76" hai3="40,21,50,33,14,96,135,128,72,57,85,49,91"/><V100/><F118/><W3/><G33/><T79/><D122/><U61/><E119/><V129/><F129/><W115/><G72/><T51/><D103/><U44/><E130/><V101/><F132/><W88/><G3/><T28/><D51/><U55/><E123/><V116/><F116/><W16/><G128/><T26/><REACH who="0" step="1"/><D15/><REACH who="0" ten="188,243,277,282" step="2"/><U48/><E48/><V52/><F101/><W111/><G50/><T102/><D102/><U86/><E36/><V1/><F100/><W67/><G115/><T66/><D66/><U74/><E75/><AGARI ba="0,1" hai="7,8,12,20,26,28,69,70,75,79,82,89,93,99" machi="75" ten="30,2000,0" yaku="1,1,7,1,53,0" doraHai="43" doraHaiUra="56" who="0" fromWho="1" sc="188,30,243,-20,277,0,282,0" /><INIT seed="3,0,0,4,5,134" ten="218,223,277,282" oya="3" hai0="12,37,79,119,56,60,29,91,120,107,105,19,18" hai1="101,26,34,98,75,3,15,112,132,57,77,32,127" hai2="89,74,1,22,40,58,65,67,55,21,84,44,62" hai3="59,45,33,4,66,13,38,64,99,83,54,39,16"/><W100/><G33/><T82/><D119/><U25/><E112/><V7/><F74/><W0/><G83/><T68/><D68/><U28/><E3/><V116/><F116/><W31/><G31/><T6/><D120/><U24/><E132/><V97/><F1/><W9/><G39/><T104/><D37/><U11/><E57/><V78/><F7/><W93/><G38/><T30/><D91/><U122/><E122/><V2/><F2/><W47/><G66/><N who="2" m="25097" /><F97/><W69/><G64/><T115/><D115/><U129/><E129/><V42/><F78/><W121/><G69/><T70/><D70/><U23/><E77/><V117/><F117/><W72/><G72/><T71/><D71/><U94/><E75/><V88/><F89/><W63/><REACH who="3" step="1"/><G121/><REACH who="3" ten="218,223,277,272" step="2"/><T87/><D82/><U20/><E32/><V92/><F42/><W14/><G14/><T51/><D12/><U109/><E34/><V86/><F86/><W17/><G17/><T46/><D19/><U53/><E28/><V108/><F108/><W96/><G96/><T106/><D18/><U126/><E109/><V36/><F36/><W135/><G135/><T43/><D87/><U111/><E111/><V131/><F131/><W113/><G113/><T80/><D80/><U8/><E15/><V125/><F40/><W73/><G73/><T35/><D35/><U110/><E110/><V81/><F81/><W114/><G114/><T41/><D41/><U48/><E98/><V50/><F84/><W124/><G124/><T133/><D133/><U85/><E127/><V118/><F125/><W95/><G95/><RYUUKYOKU ba="0,1" sc="218,-10,223,-10,277,-10,272,30" hai3="0,4,9,13,16,45,47,54,59,63,93,99,100" /><INIT seed="3,1,1,1,2,6" ten="208,213,267,302" oya="3" hai0="100,82,20,21,117,129,32,75,109,110,72,51,61" hai1="74,106,41,88,86,33,90,77,5,116,40,15,69" hai2="73,71,118,19,3,87,36,46,65,128,28,7,114" hai3="34,92,97,35,14,30,91,26,62,133,113,112,135"/><W50/><G62/><T67/><D32/><U48/><E69/><V49/><F114/><W122/><G122/><T25/><D117/><U125/><E33/><V23/><F118/><W98/><G34/><T111/><D129/><U22/><E106/><V64/><F73/><N who="0" m="28234" /><D82/><N who="1" m="47439" /><E74/><V68/><F36/><W130/><G130/><T52/><D100/><U124/><E116/><V12/><F128/><W108/><G50/><T54/><D51/><U95/><E22/><N who="0" m="8809" /><D25/><U107/><E107/><V119/><F28/><W24/><G24/><T132/><D132/><N who="3" m="50761" /><G98/><T58/><AGARI ba="1,1" hai="52,54,58,61,67,109,110,111" m="8809,28234" machi="58" ten="40,2700,0" yaku="14,1,54,1" doraHai="6" who="0" fromWho="0" sc="208,40,213,-8,267,-8,302,-14" /><INIT seed="4,0,0,2,0,105" ten="248,205,259,288" oya="0" hai0="115,15,40,27,120,62,92,86,133,47,114,87,123" hai1="42,35,108,64,75,24,59,103,99,38,112,127,134" hai2="76,90,73,77,30,94,60,83,58,107,109,56,63" hai3="106,122,17,31,84,98,4,100,36,1,54,121,82"/><T93/><D15/><U23/><E108/><V129/><F109/><W118/><G36/><T37/><D27/><U68/><E127/><V91/><F107/><W61/><G118/><T69/><D133/><U3/><E134/><V5/><F129/><W39/><G39/><T57/><D69/><U6/><E35/><V97/><F30/><W72/><G31/><T11/><D11/><U119/><E68/><V126/><F126/><W71/><G17/><T21/><D21/><U132/><E119/><V0/><F77/><N who="3" m="44327" /><G4/><T16/><D16/><U111/><E111/><V96/><F5/><W51/><G1/><T110/><D110/><U95/><E112/><N who="0" m="43049" /><D92/><U29/><E132/><V50/><F0/><W79/><G61/><T43/><D43/><U81/><E6/><V10/><F10/><W125/><G71/><T102/><D102/><U74/><E81/><V65/><F60/><W22/><G22/><T113/><N who="0" m="43057" /><T55/><DORA hai="49" /><D93/><U117/><E117/><V48/><F58/><W32/><G32/><T44/><D47/><N who="1" m="24023" /><E3/><V53/><F65/><W9/><G9/><T18/><D18/><U26/><E26/><V14/><F14/><W116/><G116/><T135/><D135/><U12/><E12/><V66/><F66/><W101/><G125/><T128/><D128/><U124/><E124/><V45/><F45/><N who="3" m="28015" /><G101/><T8/><D8/><U70/><E70/><V104/><F104/><W67/><G67/><T52/><D55/><U88/><E103/><V33/><F33/><W20/><G20/><T2/><D2/><U7/><E7/><V131/><F131/><RYUUKYOKU ba="0,0" sc="248,0,205,0,259,0,288,0" hai0="37,40,44,52,57,62,86,87,120,123" hai1="23,24,29,59,64,74,75,88,95,99" hai2="48,50,53,56,63,73,76,83,90,91,94,96,97" hai3="79,84,98,100,106,121,122" /><INIT seed="4,1,0,3,0,63" ten="248,205,259,288" oya="0" hai0="29,42,3,56,57,8,83,53,120,24,77,124,107" hai1="116,39,98,59,52,134,1,133,65,93,17,87,111" hai2="110,61,2,60,95,64,104,14,91,119,84,43,12" hai3="128,67,69,72,103,32,86,30,82,88,78,114,92"/><T0/><D120/><U131/><E111/><V22/><F110/><W97/><G114/><T37/><D107/><U54/><E116/><V75/><F2/><W16/><G128/><T35/><D124/><U62/><E39/><V132/><F119/><W108/><G108/><T129/><D129/><U135/><E131/><V28/><F132/><W121/><G121/><T20/><D35/><U10/><E87/><V4/><F75/><W76/><G16/><T46/><D53/><U68/><E68/><V26/><F104/><N who="3" m="63599" /><G82/><T50/><D50/><U125/><E125/><V40/><F60/><N who="3" m="40167" /><G72/><T94/><D94/><U99/><E99/><V44/><F4/><W49/><G49/><T105/><D105/><U33/><E33/><V13/><REACH who="2" step="1"/><F44/><REACH who="2" ten="248,205,249,288" step="2"/><W106/><G106/><T70/><D3/><U96/><E1/><V90/><F90/><W101/><G101/><T15/><D0/><U36/><E134/><V73/><F73/><W58/><G58/><AGARI ba="1,1" hai="12,13,14,22,26,28,40,43,58,61,64,84,91,95" machi="58" ten="40,5200,0" yaku="1,1,8,1,52,1,53,0" doraHai="63" doraHaiUra="34" who="2" fromWho="3" sc="248,0,205,0,249,65,288,-55" /><INIT seed="5,0,0,4,5,18" ten="248,205,314,233" oya="1" hai0="48,135,30,21,132,96,80,17,84,125,122,53,111" hai1="44,63,95,127,32,87,66,90,13,121,110,8,82" hai2="6,115,64,131,38,73,1,134,10,112,9,43,24" hai3="113,99,49,100,16,104,22,101,47,39,92,51,129"/><U74/><E121/><V58/><F73/><W35/><G35/><T14/><D111/><U62/><E32/><V42/><F131/><W0/><G0/><T5/><D122/><U33/><E33/><V91/><F134/><N who="0" m="51242" /><D125/><U56/><E127/><V128/><F128/><W103/><G129/><T93/><D5/><U133/><E133/><V26/><F91/><N who="3" m="55711" /><G39/><T124/><D124/><U116/><E116/><V78/><F78/><W81/><G104/><T109/><D109/><U11/><E110/><V102/><F102/><W37/><G37/><T46/><D30/><U75/><E8/><V77/><F77/><W114/><G81/><T79/><D93/><U126/><E126/><V54/><F64/><W3/><G3/><T41/><D96/><U72/><E44/><N who="2" m="23639" /><F43/><AGARI ba="0,0" hai="14,17,21,41,43,46,48,53,79,80,84" m="51242" machi="43" ten="30,2000,0" yaku="20,1,52,1" doraHai="18" who="0" fromWho="2" sc="248,20,205,0,314,-20,233,0" /><INIT seed="6,0,0,1,1,113" ten="268,205,294,233" oya="2" hai0="106,65,59,53,114,28,66,90,61,87,100,56,135" hai1="67,50,44,91,83,2,40,84,110,16,102,26,101" hai2="23,30,118,60,86,34,82,70,93,14,98,99,46" hai3="78,73,74,36,88,96,41,18,120,43,58,3,115"/><V13/><F118/><W6/><G120/><T121/><D114/><U22/><E110/><V80/><F34/><W0/><G115/><T107/><D121/><U1/><REACH who="1" step="1"/><E67/><REACH who="1" ten="268,195,294,233" step="2"/><V111/><F111/><W85/><G36/><T5/><D65/><U33/><E33/><V109/><F109/><W133/><G133/><T57/><D57/><U124/><BYE who="0" /><E124/><V21/><F70/><W52/><G58/><T51/><D51/><U29/><E29/><V47/><F30/><W97/><G74/><UN n0="%73%61%69%63%68%61%6E%7A" /><T35/><D135/><U72/><E72/><V129/><F60/><W4/><G73/><T7/><D28/><U64/><E64/><V81/><F47/><W123/><G123/><T62/><D35/><U24/><E24/><V125/><F46/><W27/><G27/><T54/><D66/><U108/><E108/><V116/><F125/><W89/><G0/><AGARI ba="0,1" hai="0,1,2,16,22,26,40,44,50,83,84,91,101,102" machi="0" ten="40,2600,0" yaku="1,1,54,1,53,0" doraHai="113" doraHaiUra="8" who="1" fromWho="3" sc="268,0,195,36,294,0,233,-26" /><INIT seed="7,0,0,0,0,8" ten="268,231,294,207" oya="3" hai0="86,129,102,13,7,83,75,104,95,38,44,89,115" hai1="11,22,103,31,123,21,55,45,0,117,76,9,34" hai2="128,70,85,74,16,30,6,120,32,110,111,113,54" hai3="72,4,131,49,48,81,10,36,100,124,39,14,18"/><W3/><G131/><T122/><D122/><U64/><E123/><V23/><F74/><W37/><G124/><T62/><D129/><U79/><E34/><V50/><F120/><W67/><G100/><T121/><D121/><U132/><E132/><V87/><F128/><W94/><G94/><T118/><D118/><U99/><E117/><V93/><F70/><W60/><G81/><T69/><D115/><U78/><E64/><V91/><F113/><W59/><REACH who="3" step="1"/><G72/><REACH who="3" ten="268,231,294,197" step="2"/><T98/><D75/><U24/><E103/><V20/><F93/><W51/><G51/><T80/><D83/><U109/><E109/><V130/><F50/><W107/><G107/><T43/><D80/><U73/><E73/><V26/><F130/><W42/><G42/><T114/><D114/><U105/><E105/><V41/><F41/><W52/><G52/><T133/><D133/><U58/><E55/><V47/><F54/><W96/><G96/><T90/><D104/><U27/><E99/><V63/><F111/><W125/><G125/><T135/><D135/><U33/><E78/><V119/><F110/><W25/><G25/><T53/><D53/><U28/><E76/><V88/><F26/><W66/><G66/><N who="0" m="41175" /><D86/><U92/><E79/><V17/><F87/><W2/><G2/><T5/><D102/><U77/><E77/><V15/><F85/><W12/><G12/><T126/><D126/><U57/><E92/><V35/><F15/><W68/><G68/><T61/><D13/><U29/><E0/><V127/><F127/><W97/><G97/><N who="0" m="57583" /><D61/><U134/><E134/><V40/><F40/><RYUUKYOKU ba="0,1" sc="268,15,231,-15,294,-15,197,15" hai0="5,7,38,43,44,90,98" hai3="3,4,10,14,18,36,37,39,48,49,59,60,67" /><INIT seed="7,1,1,5,4,69" ten="283,216,279,212" oya="3" hai0="44,55,32,120,85,109,46,56,93,12,0,117,40" hai1="71,47,35,135,18,130,10,20,11,42,87,126,107" hai2="111,27,100,31,62,58,3,84,123,73,114,61,57" hai3="4,119,13,112,63,125,26,104,108,133,118,50,25"/><W1/><G104/><T103/><D0/><U80/><E35/><V96/><F111/><W72/><G72/><T39/><D117/><N who="3" m="44553" /><G63/><T66/><D32/><U91/><E71/><V106/><F114/><W90/><G90/><T115/><D109/><U79/><E107/><V38/><F73/><W52/><G108/><T6/><D115/><U75/><E130/><V101/><F3/><W82/><G82/><T23/><D120/><U59/><E59/><V77/><F123/><W24/><G112/><T127/><D66/><U128/><E128/><V99/><F77/><W64/><G64/><T5/><D46/><U36/><E126/><V97/><F84/><W65/><G65/><T34/><D34/><U88/><E91/><V121/><F121/><W28/><G125/><T43/><D43/><U41/><E41/><V81/><F81/><W49/><G133/><T74/><D74/><U16/><E18/><V30/><F106/><W124/><G124/><T37/><D127/><U105/><E105/><V48/><F48/><N who="3" m="18539" /><G52/><T67/><D67/><U76/><BYE who="0" /><E135/><V78/><F78/><W68/><G68/><T98/><D98/><U86/><E76/><V134/><F134/><UN n0="%73%61%69%63%68%61%6E%7A" /><W19/><G1/><T17/><D39/><U132/><E132/><V8/><F38/><W94/><G94/><T54/><D54/><U7/><E88/><V102/><F102/><W95/><G95/><T131/><D131/><U113/><E113/><V53/><F97/><W51/><N who="3" m="18547" /><W22/><DORA hai="33" /><G4/><T83/><D93/><U15/><E7/><N who="0" m="2569" /><D103/><U92/><E75/><V21/><F100/><RYUUKYOKU ba="1,1" sc="283,-15,216,15,279,-15,212,15" hai1="10,11,15,16,20,36,42,47,79,80,86,87,92" hai3="13,19,22,24,25,26,28" /><INIT seed="7,2,1,1,5,66" ten="268,231,264,227" oya="3" hai0="124,71,78,114,22,57,32,23,19,102,91,37,33" hai1="129,96,21,5,111,40,92,38,74,53,100,80,13" hai2="94,84,49,116,60,56,68,54,93,48,109,131,59" hai3="1,75,123,89,50,63,64,6,31,28,73,14,113"/><W61/><G123/><T36/><D102/><U34/><E111/><V24/><F109/><W106/><G1/><T8/><D78/><U117/><E34/><V104/><F104/><W44/><G106/><T125/><D114/><U118/><E129/><V86/><F116/><N who="1" m="44649" /><E53/><V77/><F131/><W110/><G110/><T76/><D76/><N who="1" m="44055" /><E21/><N who="0" m="7689" /><D57/><U97/><E97/><V79/><F54/><W42/><G113/><T108/><D91/><U107/><E107/><V12/><F24/><W103/><G103/><T43/><D43/><U83/><E83/><V112/><F112/><W9/><G89/><T7/><D19/><U62/><E62/><V121/><F60/><W58/><REACH who="3" step="1"/><G63/><REACH who="3" ten="268,231,264,217" step="2"/><T87/><D108/><U10/><E40/><V126/><F77/><W120/><G120/><T30/><D124/><U11/><E11/><V26/><F79/><W20/><G20/><T4/><D8/><U105/><E105/><V135/><F121/><W95/><G95/><T15/><D32/><U65/><E65/><V132/><F126/><W69/><G69/><T90/><D125/><U45/><E100/><V127/><F127/><W134/><G134/><T122/><D71/><U128/><E128/><V0/><F68/><W39/><G39/><N who="0" m="14923" /><D122/><U47/><E38/><V82/><F82/><W46/><G46/><T70/><D70/><U17/><E47/><V2/><F26/><W119/><G119/><T16/><D90/><N who="1" m="55319" /><E45/><V133/><F132/><W98/><G98/><T85/><D87/><U101/><E101/><V99/><F99/><W41/><G41/><T27/><D85/><U18/><AGARI ba="2,2" hai="5,10,13,17,18" m="55319,44055,44649" machi="18" ten="30,2000,0" yaku="5,1,12,1" doraHai="66" who="1" fromWho="1" sc="268,-7,231,46,264,-7,217,-12" /><INIT seed="8,0,0,2,4,15" ten="261,277,257,205" oya="0" hai0="65,37,60,5,117,130,51,85,82,1,79,86,72" hai1="93,24,101,114,27,31,131,109,32,75,106,38,78" hai2="53,73,132,25,91,41,133,76,19,68,49,34,17" hai3="8,56,102,55,3,126,128,71,83,35,11,90,118"/><T30/><D37/><U10/><E109/><V2/><F68/><W39/><G71/><T95/><D117/><U9/><E38/><V46/><F2/><W26/><G39/><T74/><D130/><U48/><E106/><V98/><F73/><W33/><G118/><T125/><D125/><U45/><E131/><V113/><F76/><W99/><G128/><T70/><D30/><U92/><E114/><V14/><F113/><W36/><G36/><T104/><D104/><U124/><E124/><V84/><F98/><W77/><G126/><T121/><D121/><U129/><E129/><V43/><F34/><W59/><G90/><T96/><D74/><U63/><E63/><V81/><F25/><W6/><G8/><T89/><REACH who="0" step="1"/><D51/><REACH who="0" ten="251,277,257,205" step="2"/><U44/><E48/><V80/><F49/><W110/><G110/><T61/><D61/><U127/><E31/><V50/><F50/><W62/><G59/><T7/><D7/><U0/><E75/><V105/><F105/><W13/><G35/><T16/><D16/><U134/><E127/><V28/><F28/><W103/><G33/><T58/><D58/><U64/><E32/><V100/><F19/><W22/><G3/><T54/><D54/><U119/><E0/><V23/><F53/><W122/><G122/><T29/><D29/><U18/><E119/><V88/><F17/><N who="3" m="12623" /><G99/><T40/><D40/><U87/><E18/><N who="2" m="10711" /><F43/><W120/><G120/><T66/><D66/><U97/><E64/><V67/><F67/><W115/><G115/><T112/><D112/><U69/><E97/><V57/><F57/><W135/><G135/><RYUUKYOKU ba="0,1" sc="251,15,277,-15,257,-15,205,15" hai0="1,5,60,65,70,72,79,82,85,86,89,95,96" hai3="6,11,13,55,56,62,77,83,102,103" /><INIT seed="8,1,1,4,0,123" ten="266,262,242,220" oya="0" hai0="42,120,16,130,134,51,9,92,80,12,106,68,6" hai1="121,67,132,54,57,14,101,89,5,98,10,118,50" hai2="91,2,109,44,47,113,72,107,66,32,75,15,112" hai3="56,87,77,28,19,73,4,78,111,62,88,135,55"/><T46/><D106/><U70/><E121/><V64/><F107/><W81/><G111/><T34/><D120/><U128/><E118/><V95/><F32/><W30/><G135/><T38/><D134/><U25/><E132/><V126/><F2/><W84/><G4/><T127/><D130/><U18/><E128/><V35/><F35/><W52/><G73/><T122/><D122/><U108/><E89/><V104/><F104/><W99/><G19/><T125/><D68/><U27/><E108/><V115/><F109/><W116/><G116/><T36/><D34/><U59/><E70/><V94/><F91/><W85/><G99/><T103/><D80/><U33/><E33/><V76/><F15/><W63/><G84/><T90/><D103/><U48/><E5/><V69/><F69/><W58/><G78/><T74/><D74/><N who="2" m="28202" /><F126/><N who="0" m="48138" /><D6/><U61/><REACH who="1" step="1"/><E48/><REACH who="1" ten="266,252,242,220" step="2"/><V1/><F76/><W100/><G100/><T93/><D93/><AGARI ba="1,2" hai="10,14,18,25,27,50,54,57,59,61,67,93,98,101" machi="93" ten="30,7700,0" yaku="1,1,2,1,7,1,8,1,53,0" doraHai="123" doraHaiUra="65" who="1" fromWho="0" sc="266,-80,252,100,242,0,220,0" /><AGARI ba="1,0" hai="28,30,52,55,56,58,62,63,77,81,85,87,88,93" machi="93" ten="30,8000,1" yaku="7,1,9,1,8,1,54,2" doraHai="123" who="3" fromWho="0" sc="186,-80,352,0,242,0,220,80" owari="106,-39.4,352,45.2,242,-15.8,300,10.0" /></mjloggm>