<mjloggm ver="2.3"><GO type="169" lobby="0"/><UN n0="%E5%8F%B3%E8%84%B3%E8%A9%B0%E3%82%81" n1="%E3%83%95%E3%82%AF%E3%83%AD%E3%82%A6%E3%82%B5%E3%83%B3" n2="%E3%81%82%E3%81%BE%E3%81%82%E3%82%93" n3="%E7%99%BD%E7%9F%B3%E5%A5%88%E5%A5%88" dan="17,17,17,16" rate="2206.73,2178.01,2117.76,2092.47" sx="M,M,M,M"/><TAIKYOKU oya="0"/><INIT seed="0,0,0,5,3,92" ten="250,250,250,250" oya="0" hai0="96,47,26,27,75,56,113,40,4,106,69,35,9" hai1="34,74,118,18,64,30,83,54,25,95,58,104,55" hai2="13,33,17,51,3,78,110,114,126,103,134,37,32" hai3="59,89,119,81,14,1,86,2,111,10,20,117,123"/><T105/><D113/><U120/><E118/><V82/><F37/><W108/><G123/><T128/><D69/><U72/><E104/><V66/><F114/><W24/><G117/><T21/><D128/><U131/><E120/><V122/><F3/><W16/><G119/><T41/><D75/><U98/><E131/><V5/><F122/><W112/><G112/><T129/><D129/><U11/><E64/><V100/><F5/><W48/><G48/><T65/><D35/><U115/><E115/><V38/><F38/><W76/><G59/><T49/><D40/><U91/><E55/><V43/><F110/><W31/><REACH who="3" step="1"/><G76/><REACH who="3" ten="250,250,250,240" step="2"/><T77/><D77/><U63/><REACH who="1" step="1"/><E83/><REACH who="1" ten="250,240,250,240" step="2"/><V133/><F82/><W68/><G68/><T94/><D65/><U22/><E22/><V53/><F66/><W7/><G7/><T102/><D56/><U61/><E61/><V52/><F33/><W116/><G116/><T85/><D21/><U39/><E39/><V71/><F32/><W87/><G87/><T6/><D85/><U135/><E135/><V23/><F134/><W45/><G45/><T67/><D67/><U79/><E79/><V50/><F133/><W109/><AGARI ba="0,2" hai="1,2,10,14,16,20,24,31,81,86,89,108,109,111" machi="109" ten="30,7900,0" yaku="1,1,0,1,14,1,54,1,53,0" doraHai="92" doraHaiUra="88" who="3" fromWho="3" sc="250,-39,240,-20,250,-20,240,99" /><INIT seed="1,0,0,0,4,134" ten="211,220,230,339" oya="1" hai0="111,18,85,44,88,56,16,28,73,24,128,65,123" hai1="124,130,20,4,21,110,101,116,82,61,0,69,10" hai2="5,97,109,37,83,2,7,78,43,93,52,49,99" hai3="46,11,9,48,30,81,131,127,79,91,74,115,34"/><U104/><E116/><V29/><F109/><W60/><G127/><T95/><D111/><U38/><E38/><V59/><F29/><W62/><G115/><T41/><D73/><U57/><E110/><V25/><F25/><W55/><G131/><T70/><D70/><U129/><E69/><V90/><F99/><W135/><G135/><T36/><D128/><N who="1" m="49259" /><E82/><V15/><F2/><W68/><G34/><T126/><D126/><U67/><E124/><V27/><F27/><W86/><G30/><T23/><REACH who="0" step="1"/><D123/><REACH who="0" ten="201,220,230,339" step="2"/><U71/><E71/><V106/><F106/><W63/><REACH who="3" step="1"/><G68/><REACH who="3" ten="201,220,230,329" step="2"/><T6/><D6/><U53/><E67/><V45/><REACH who="2" step="1"/><F15/><REACH who="2" ten="201,220,220,329" step="2"/><W22/><G22/><T114/><D114/><U96/><AGARI ba="0,3" hai="0,4,10,20,21,53,57,61,96,101,104" m="49259" machi="96" ten="30,1500,0" yaku="19,1" doraHai="134" who="1" fromWho="1" sc="201,-5,220,45,220,-5,329,-5" /><INIT seed="1,1,0,3,4,110" ten="196,265,215,324" oya="1" hai0="62,121,98,56,73,14,67,89,95,12,104,6,28" hai1="61,23,125,123,77,102,83,19,49,71,101,31,87" hai2="84,72,36,116,131,9,97,17,40,113,16,127,80" hai3="65,4,92,105,122,119,8,94,46,32,63,13,44"/><U52/><E123/><V11/><F116/><W69/><G122/><T88/><D121/><U45/><E125/><V24/><F72/><W30/><G119/><T59/><D104/><U118/><E118/><V53/><F127/><W54/><G44/><T130/><D73/><U128/><E128/><V33/><F131/><W114/><G114/><T34/><D130/><U106/><E106/><V50/><F113/><W120/><G120/><T48/><D6/><U20/><E71/><V55/><F36/><W85/><G85/><T74/><D74/><U64/><E31/><V70/><F70/><W22/><G22/><T91/><D28/><U25/><REACH who="1" step="1"/><E23/><REACH who="1" ten="196,255,215,324" step="2"/><V81/><F33/><W51/><G105/><T58/><D34/><U3/><E3/><V15/><F11/><W109/><G109/><T27/><D27/><U41/><E41/><V78/><F40/><W124/><G124/><T111/><D111/><U79/><E79/><V0/><F0/><W93/><G32/><T135/><D135/><U126/><E126/><V90/><F78/><W99/><REACH who="3" step="1"/><G30/><REACH who="3" ten="196,255,215,314" step="2"/><T21/><D21/><U86/><E86/><V10/><F84/><W96/><AGARI ba="1,2" hai="4,8,13,46,51,54,63,65,69,92,93,94,96,99" machi="96" ten="30,4000,0" yaku="1,1,2,1,0,1,53,0" doraHai="110" doraHaiUra="107" who="3" fromWho="3" sc="196,-11,255,-21,215,-11,314,63" /><INIT seed="2,0,0,2,4,42" ten="185,234,204,377" oya="2" hai0="76,72,23,1,60,34,93,56,64,84,29,115,128" hai1="26,47,99,67,129,35,94,70,53,75,109,118,51" hai2="104,21,13,96,33,49,16,27,102,7,32,77,92" hai3="107,28,132,10,55,127,86,123,78,14,57,85,45"/><V41/><F77/><W48/><G123/><T52/><D128/><U37/><E118/><V40/><F104/><W100/><G132/><T43/><D115/><U63/><E75/><V91/><F102/><W103/><G127/><T30/><D1/><U119/><E119/><V131/><F131/><W2/><G2/><T113/><D113/><U38/><E129/><V6/><F33/><W22/><G107/><T97/><D43/><U46/><E109/><V110/><F110/><W89/><G78/><T111/><D111/><U66/><E35/><V122/><F122/><W12/><G86/><T117/><D117/><U120/><E26/><V130/><F130/><W44/><G28/><T8/><D8/><U101/><E120/><V90/><F90/><W39/><G22/><T83/><D34/><U106/><E67/><V59/><F32/><W15/><G39/><T124/><D124/><U9/><E9/><N who="2" m="4279" /><F7/><W62/><G10/><T24/><D30/><U69/><E69/><V3/><F3/><W114/><G114/><T95/><D72/><U50/><REACH who="1" step="1"/><E106/><REACH who="1" ten="185,224,204,377" step="2"/><V61/><F49/><W108/><G108/><T0/><D64/><AGARI ba="0,1" hai="16,21,27,40,41,59,61,64,91,92,96" m="4279" machi="64" ten="30,2900,0" yaku="8,1,54,1" doraHai="42" who="2" fromWho="0" sc="185,-29,224,0,204,39,377,0" /><INIT seed="2,1,0,2,4,115" ten="156,224,243,377" oya="2" hai0="39,86,28,129,135,98,59,22,45,16,124,97,4" hai1="66,38,68,111,63,108,64,23,113,35,127,10,19" hai2="106,102,20,55,62,73,87,46,92,89,121,105,33" hai3="3,114,101,132,93,117,88,32,18,14,15,34,109"/><V5/><F33/><W83/><G114/><T52/><D135/><U84/><E113/><V17/><F121/><W72/><G132/><T77/><D129/><U36/><E35/><V122/><F122/><W91/><G3/><T134/><D134/><U133/><E133/><V40/><F73/><W51/><G109/><N who="1" m="42058" /><E127/><V21/><F5/><W24/><G51/><T96/><D4/><U99/><E66/><V25/><F102/><W54/><G54/><T75/><D75/><U100/><E84/><V47/><F47/><W31/><G34/><T81/><D124/><U7/><E23/><V65/><F55/><W27/><G27/><T60/><D28/><U41/><E19/><V1/><F1/><W69/><G69/><T103/><D39/><U44/><E44/><V107/><F21/><W43/><G43/><T53/><D45/><U0/><E41/><V94/><F94/><AGARI ba="1,0" hai="0,7,10,36,38,63,64,68,94,99,100" m="42058" machi="94" ten="30,1000,0" yaku="14,1" doraHai="115" who="1" fromWho="2" sc="156,0,224,13,243,-13,377,0" /><INIT seed="3,0,0,5,4,45" ten="156,237,230,377" oya="3" hai0="115,125,133,63,79,22,70,87,96,50,93,103,99" hai1="108,31,18,98,41,116,121,95,120,38,5,119,14" hai2="102,100,82,83,68,110,1,117,118,6,34,89,25" hai3="11,122,90,73,26,80,134,88,112,30,54,49,3"/><W43/><G122/><T91/><D133/><U127/><E38/><V114/><F114/><W19/><G112/><T24/><D115/><U78/><E41/><V81/><F68/><W123/><G123/><N who="1" m="47178" /><E78/><V106/><F110/><W77/><G43/><T20/><D125/><U128/><E95/><V65/><F65/><W62/><G62/><T74/><D70/><U86/><E86/><V51/><F1/><W40/><G40/><T46/><D63/><U58/><E58/><V37/><F6/><W132/><G132/><T17/><D22/><N who="1" m="11607" /><E98/><V52/><F37/><W66/><G66/><T76/><D74/><U94/><E94/><V64/><F64/><W28/><G28/><T59/><D59/><U2/><E31/><V48/><F89/><W32/><G134/><T71/><D99/><U42/><E42/><V53/><F106/><W84/><G73/><T130/><D71/><U69/><E69/><V56/><F100/><W111/><G111/><T113/><D113/><U135/><E135/><V60/><F102/><W61/><G61/><T105/><REACH who="0" step="1"/><D130/><REACH who="0" ten="146,237,230,377" step="2"/><U129/><E127/><V109/><F109/><W57/><G3/><T47/><D47/><U10/><E108/><V9/><F60/><W72/><G72/><T92/><D92/><U16/><E129/><V27/><F56/><W7/><G57/><T97/><D97/><U126/><E126/><V55/><F34/><W124/><G32/><T23/><D23/><U15/><E128/><V12/><F82/><W107/><G80/><T85/><D85/><U0/><E0/><V35/><F35/><W75/><G124/><RYUUKYOKU ba="0,1" sc="146,15,237,15,230,-15,377,-15" hai0="17,20,24,46,50,76,79,87,91,93,96,103,105" hai1="2,5,10,15,16,116,119" /><INIT seed="4,1,1,0,5,36" ten="161,252,215,362" oya="0" hai0="111,35,5,103,25,79,104,64,92,22,118,129,83" hai1="125,27,19,119,108,12,63,18,48,2,34,31,114" hai2="56,116,94,87,97,72,58,33,112,13,106,130,53" hai3="107,124,66,133,82,55,24,59,115,29,73,100,54"/><T43/><D118/><U65/><E108/><V7/><F72/><W88/><G115/><T113/><D113/><U123/><E114/><V84/><F33/><W105/><G133/><T40/><D111/><U15/><E119/><V28/><F112/><W91/><G124/><T39/><D39/><U20/><E123/><V86/><F106/><W21/><G66/><T23/><D104/><U131/><E125/><V75/><F75/><W134/><G134/><T117/><D35/><U121/><E121/><V9/><F116/><W26/><G26/><T4/><D64/><U61/><E131/><V11/><F130/><W81/><G55/><T44/><D44/><U89/><E2/><V45/><F28/><W98/><G107/><T128/><D117/><U46/><E65/><V80/><F80/><W41/><G41/><N who="0" m="15947" /><D128/><U0/><E0/><V57/><F11/><W42/><G42/><T6/><D25/><U47/><E89/><N who="2" m="55503" /><F45/><W132/><G91/><T1/><D1/><U99/><E47/><V32/><F32/><W77/><G88/><T67/><D67/><U78/><E27/><V71/><F71/><W3/><G3/><T109/><D109/><U52/><E34/><V135/><F135/><W37/><G132/><T120/><D120/><U127/><E127/><V96/><F96/><W90/><G37/><T14/><D129/><U8/><E46/><V62/><AGARI ba="1,1" hai="7,9,13,53,56,57,58,62,84,86,87" m="55503" machi="62" ten="30,1100,0" yaku="8,1" doraHai="36" who="2" fromWho="2" sc="161,-6,252,-4,215,24,362,-4" /><INIT seed="5,0,0,3,3,106" ten="155,248,239,358" oya="1" hai0="66,135,134,51,78,98,21,67,97,60,123,39,12" hai1="76,131,112,133,40,56,28,111,27,79,19,31,125" hai2="110,29,16,91,73,57,61,126,124,109,80,46,96" hai3="84,49,2,70,15,8,65,77,55,18,6,132,0"/><U1/><E1/><V7/><F7/><W119/><G132/><T85/><D39/><U13/><E133/><V94/><F29/><W116/><G65/><T4/><D123/><U54/><E112/><V20/><F46/><W115/><G70/><T74/><D85/><U32/><E131/><V102/><F110/><W104/><G104/><T17/><D66/><U129/><E129/><V117/><F109/><W63/><G63/><T10/><D51/><U50/><E111/><V72/><F117/><N who="3" m="45131" /><G115/><T81/><D134/><U130/><E130/><V100/><F100/><W120/><G120/><T101/><D135/><U22/><E125/><N who="2" m="48235" /><F80/><N who="3" m="47119" /><G6/><T11/><D11/><U86/><E40/><V24/><F102/><W118/><G118/><T62/><D62/><U92/><REACH who="1" step="1"/><E31/><REACH who="1" ten="155,238,239,358" step="2"/><V105/><F105/><W82/><G82/><T122/><D122/><U36/><E36/><V37/><F37/><W26/><G26/><T52/><D101/><U108/><E108/><V48/><F48/><W75/><G0/><T35/><D35/><U41/><E41/><V89/><F89/><AGARI ba="0,1" hai="13,19,22,27,28,32,50,54,56,76,79,86,89,92" machi="89" ten="40,7700,0" yaku="1,1,25,2,53,0" doraHai="106" doraHaiUra="58" who="1" fromWho="2" sc="155,0,238,87,239,-77,358,0" /><INIT seed="5,1,0,1,1,57" ten="155,325,162,358" oya="1" hai0="65,11,16,1,110,91,72,66,4,92,93,109,105" hai1="133,49,40,12,82,130,51,23,7,52,8,27,116" hai2="80,76,102,71,87,24,17,10,114,18,115,83,53" hai3="0,77,59,5,9,47,34,127,118,28,30,84,6"/><U42/><E116/><V81/><F71/><W26/><G118/><T122/><D105/><U38/><E130/><V88/><F102/><W15/><G47/><T90/><D72/><U119/><E119/><V106/><F106/><W97/><G97/><T41/><D41/><U103/><E133/><V121/><F121/><W69/><G69/><T37/><D37/><U13/><E38/><V117/><F117/><W60/><G30/><T25/><D122/><U112/><E112/><N who="2" m="43051" /><F53/><W70/><G70/><T126/><D126/><U101/><E12/><N who="2" m="7319" /><F76/><W67/><G127/><T33/><D33/><U36/><E36/><V107/><F107/><W39/><G39/><T95/><D109/><U68/><E68/><V62/><F62/><W98/><G98/><T131/><D131/><U3/><E3/><V75/><F75/><W78/><G84/><T22/><REACH who="0" step="1"/><D110/><REACH who="0" ten="145,325,162,358" step="2"/><U19/><E42/><V64/><F64/><AGARI ba="1,1" hai="1,4,11,16,22,25,64,65,66,90,91,92,93,95" machi="64" ten="40,8000,1" yaku="1,1,2,1,54,1,53,1" doraHai="57" doraHaiUra="21" who="0" fromWho="2" sc="145,93,325,0,162,-83,358,0" /><INIT seed="6,0,0,0,2,123" ten="238,325,79,358" oya="2" hai0="32,122,120,95,50,86,73,12,55,113,2,37,34" hai1="119,24,41,0,107,74,110,127,130,118,114,66,126" hai2="102,133,48,16,105,87,29,3,1,60,99,71,98" hai3="4,134,25,43,97,84,112,30,121,18,135,76,7"/><V45/><F133/><W75/><G121/><T49/><D37/><U14/><E0/><V47/><F29/><W100/><G75/><T89/><D73/><U72/><E107/><V69/><F87/><W62/><G112/><T6/><D2/><U57/><E41/><V109/><F109/><W36/><G18/><T80/><D113/><U104/><E104/><V61/><F105/><W33/><G62/><T101/><D50/><U39/><E39/><V35/><F48/><W82/><G43/><T20/><D32/><U22/><E114/><V31/><F31/><W67/><G67/><T78/><D34/><U96/><E14/><V5/><F35/><W59/><G59/><T103/><D120/><U64/><E130/><V77/><F5/><W8/><G36/><T131/><D131/><U21/><E96/><V92/><F92/><N who="3" m="58407" /><G8/><T17/><D6/><U115/><E115/><V129/><F129/><W46/><G46/><T54/><D54/><U42/><E42/><V124/><F77/><W65/><G65/><T81/><D122/><U91/><E91/><V106/><F106/><W93/><G93/><T9/><D9/><U10/><E10/><V90/><F90/><W79/><G79/><T117/><D117/><U44/><E44/><V88/><F88/><W68/><G68/><T26/><D26/><U28/><E28/><V108/><F108/><W94/><G94/><T15/><D15/><U111/><E24/><V52/><F16/><W58/><G58/><AGARI ba="0,0" hai="21,22,57,58,64,66,72,74,110,111,118,119,126,127" machi="58" ten="25,6400,0" yaku="22,2,52,2" doraHai="123" who="1" fromWho="3" sc="238,0,325,64,79,0,358,-64" /><INIT seed="7,0,0,5,4,43" ten="238,389,79,294" oya="3" hai0="115,7,31,106,114,94,72,102,67,54,58,33,41" hai1="12,25,64,75,48,123,17,44,91,130,14,30,68" hai2="90,121,4,133,0,81,49,39,92,87,118,34,62" hai3="63,132,113,125,109,53,3,78,135,93,42,111,127"/><W88/><G3/><T19/><D72/><U126/><E123/><V107/><F39/><W73/><G42/><T52/><D7/><U10/><E75/><V70/><F34/><W89/><G63/><T23/><D106/><U101/><E130/><V35/><F35/><W82/><G53/><T6/><D6/><U9/><E126/><N who="3" m="48138" /><G113/><N who="0" m="43019" /><D33/><U77/><E77/><V11/><F107/><W122/><G122/><T1/><D1/><U20/><E101/><V80/><F118/><W85/><G89/><T61/><D19/><U66/><E91/><V24/><F121/><W131/><G131/><T29/><D41/><N who="1" m="24591" /><E68/><V22/><F133/><AGARI ba="0,0" hai="73,78,82,85,88,93,109,111,132,133,135" m="48138" machi="133" ten="30,12000,1" yaku="20,1,18,1,34,2,54,1" doraHai="43" who="3" fromWho="2" sc="238,0,389,0,79,-120,294,120" owari="238,-16.2,389,18.9,-41,-54.1,414,51.4" /></mjloggm>