<mjloggm ver="2.3"><GO type="169" lobby="0"/><UN n0="%E8%B5%A4%E4%BA%94%E7%AB%8B%E7%9B%B4" n1="%4D%41%4B%30%31%30%34" n2="%70%6F%6E%2D%65%6E" n3="%E3%82%80%E3%81%97%E6%AD%AF" dan="16,17,16,17" rate="2146.75,2175.59,2115.58,2170.00" sx="F,M,F,M"/><TAIKYOKU oya="0"/><INIT seed="0,0,0,0,0,39" ten="250,250,250,250" oya="0" hai0="113,121,3,45,28,135,7,56,43,75,114,101,52" hai1="58,110,50,14,30,20,84,82,61,60,116,68,92" hai2="108,133,2,29,112,134,99,76,34,18,4,90,67" hai3="49,12,31,96,0,107,119,54,10,79,98,22,8"/><T129/><D121/><U105/><E105/><V57/><F112/><W89/><G119/><T35/><D129/><U26/><E110/><V23/><F108/><W78/><G0/><T104/><D135/><U36/><E36/><V42/><F76/><N who="3" m="29227" /><G107/><T63/><D75/><U32/><E68/><V19/><F67/><W37/><G37/><T6/><D28/><U109/><E116/><V17/><F57/><W72/><G72/><T13/><D3/><U81/><E61/><V126/><F90/><W85/><G31/><T125/><D125/><U111/><E111/><V48/><F99/><N who="3" m="37931" /><G22/><T69/><D35/><U15/><E32/><V53/><F53/><W87/><G12/><T97/><D69/><U124/><E14/><V5/><F34/><W128/><G128/><T11/><REACH who="0" step="1"/><D6/><REACH who="0" ten="240,250,250,250" step="2"/><U86/><E124/><V27/><F126/><W33/><G33/><T25/><D25/><U46/><E109/><V65/><F2/><W40/><G40/><T117/><D117/><U74/><E74/><V120/><F120/><W127/><G127/><T91/><D91/><U83/><E15/><V21/><F5/><W106/><G106/><T51/><AGARI ba="0,1" hai="7,11,13,43,45,51,52,56,63,97,101,104,113,114" machi="51" ten="20,12000,1" yaku="1,1,0,1,7,1,52,1,54,1,53,0" doraHai="39" doraHaiUra="70" who="0" fromWho="0" sc="240,130,250,-40,250,-40,250,-40" /><INIT seed="0,1,0,1,2,113" ten="370,210,210,210" oya="0" hai0="87,57,64,30,6,27,36,52,14,126,104,84,39" hai1="9,112,24,92,49,125,89,5,105,46,29,102,3" hai2="120,135,81,90,1,10,68,18,107,121,32,26,54" hai3="45,110,40,66,47,20,132,58,61,100,11,134,22"/><T16/><D104/><U95/><E125/><V15/><F68/><W63/><G110/><T76/><D126/><U93/><E112/><V96/><F135/><N who="3" m="51755" /><G100/><T0/><D64/><U38/><E38/><V28/><F107/><W19/><G63/><T73/><D73/><U67/><E67/><V82/><F54/><W117/><G117/><T103/><D103/><U86/><E102/><V42/><F42/><W65/><G65/><T21/><D39/><U4/><E4/><V98/><F1/><W37/><G47/><T111/><D36/><U78/><E78/><V109/><F109/><W7/><G19/><T50/><D76/><U35/><REACH who="1" step="1"/><E105/><REACH who="1" ten="370,200,210,210" step="2"/><V114/><F114/><W94/><G94/><T119/><D111/><U2/><E2/><AGARI ba="1,1" hai="2,7,11,20,22,37,40,45,58,61,66" m="51755" machi="2" ten="30,1000,0" yaku="20,1" doraHai="113" who="3" fromWho="1" sc="370,0,200,-13,210,0,210,23" /><INIT seed="1,0,0,5,0,44" ten="370,187,210,233" oya="1" hai0="3,53,82,70,25,110,80,62,125,94,90,60,43" hai1="74,92,123,114,23,85,14,89,112,59,108,4,83" hai2="117,111,127,133,35,8,65,128,93,126,38,39,22" hai3="47,16,115,21,15,66,104,64,75,41,131,12,2"/><U37/><E123/><V119/><F93/><W79/><G2/><T63/><D3/><U118/><E118/><N who="2" m="45067" /><F22/><W46/><G115/><T76/><D70/><U33/><E33/><V54/><F8/><W58/><G104/><T68/><D68/><U135/><E135/><V7/><F7/><W67/><G131/><T27/><D110/><U72/><E108/><V86/><F86/><W1/><G1/><T100/><D43/><U55/><E37/><N who="2" m="13835" /><F35/><W52/><G79/><T77/><D125/><N who="2" m="47626" /><F111/><W129/><G75/><N who="1" m="28714" /><E4/><V26/><F26/><N who="0" m="9738" /><D100/><U18/><E83/><N who="0" m="31785" /><D76/><U124/><E124/><V107/><F107/><W103/><G103/><T32/><D32/><U6/><E6/><V132/><F65/><W113/><G12/><T109/><D77/><U31/><E31/><V61/><F128/><W102/><G129/><T95/><D109/><U11/><E11/><V49/><F61/><W97/><G102/><T0/><D0/><U106/><E106/><V121/><F121/><W130/><G130/><T91/><D94/><U19/><E18/><V98/><F98/><W56/><G97/><N who="0" m="57591" /><D91/><U116/><E116/><V120/><F120/><W5/><G5/><T34/><D34/><U122/><E122/><V13/><F13/><W29/><G29/><T45/><D63/><U30/><E30/><V40/><F40/><W99/><G99/><T105/><D105/><U50/><AGARI ba="0,0" hai="14,19,23,50,55,59,85,89,92,112,114" m="28714" machi="50" ten="30,3000,0" yaku="25,1,52,1" doraHai="44" who="1" fromWho="1" sc="370,-10,187,30,210,-10,233,-10" /><INIT seed="1,1,0,1,1,76" ten="360,217,200,223" oya="1" hai0="16,62,88,77,39,106,21,71,14,80,32,120,65" hai1="9,52,74,119,94,41,43,57,100,130,47,49,118" hai2="55,42,29,26,5,64,97,51,132,95,50,63,60" hai3="2,113,25,111,101,22,123,131,23,35,82,12,4"/><U44/><E74/><V58/><F132/><W78/><G113/><T112/><D112/><U68/><E68/><V96/><F5/><W73/><G123/><T38/><D120/><U13/><E130/><V59/><F42/><W114/><G114/><T18/><D32/><U6/><E100/><V36/><F36/><W89/><G2/><T45/><D106/><U79/><E94/><V54/><F64/><W75/><G101/><T34/><D34/><U53/><E79/><V133/><F133/><W126/><G75/><T128/><D128/><U84/><E84/><V28/><F28/><W72/><G72/><T81/><D45/><U8/><E53/><V46/><F46/><W124/><G131/><T31/><D31/><U83/><E83/><V109/><F109/><W48/><G35/><T121/><D121/><U70/><E70/><V69/><F69/><W102/><G102/><T3/><D3/><U125/><E9/><V37/><F37/><W92/><G111/><T17/><D39/><U103/><E103/><V90/><REACH who="2" step="1"/><F97/><REACH who="2" ten="360,217,190,223" step="2"/><W105/><G4/><T19/><D38/><U10/><E47/><V7/><F7/><W117/><G117/><T61/><D65/><U135/><E43/><V30/><F30/><W40/><G40/><T67/><D67/><U107/><E135/><V127/><F127/><W24/><G126/><T93/><D71/><U1/><E125/><V87/><F87/><W99/><G124/><T86/><D77/><U129/><E129/><V20/><AGARI ba="1,1" hai="20,26,29,50,51,54,55,58,59,60,63,90,95,96" machi="20" ten="20,12000,2" yaku="1,1,0,1,7,1,9,1,8,1,53,1" doraHai="76" doraHaiUra="85" who="2" fromWho="2" sc="360,-31,217,-61,190,133,223,-31" /><INIT seed="2,0,0,1,4,57" ten="329,156,323,192" oya="2" hai0="126,17,53,50,112,120,64,100,31,76,39,3,27" hai1="72,47,119,117,131,111,34,132,73,82,8,52,113" hai2="106,51,62,98,18,45,37,75,135,81,2,0,92" hai3="1,122,11,25,59,88,46,89,15,43,87,99,38"/><V9/><F37/><W10/><G122/><T67/><D120/><U70/><E113/><V80/><F106/><W103/><G1/><T22/><D39/><U96/><E34/><V123/><F0/><W77/><G25/><T127/><D112/><U28/><E28/><V41/><F135/><W114/><G114/><T107/><D76/><U84/><E132/><V133/><F75/><W85/><G59/><T24/><D100/><U110/><E70/><V124/><F124/><N who="0" m="47658" /><D107/><U74/><E8/><V134/><F123/><W71/><G71/><T90/><D90/><U65/><E65/><V83/><F2/><W97/><G77/><T29/><D3/><U125/><E125/><V68/><F18/><W19/><G11/><T49/><D49/><N who="1" m="28735" /><E96/><V5/><F9/><W66/><G66/><N who="0" m="25131" /><D27/><U35/><E131/><V56/><F5/><W14/><G14/><T93/><D93/><U44/><E35/><V94/><F94/><W79/><G79/><T58/><AGARI ba="0,0" hai="17,22,24,29,31,50,53,58" m="25131,47658" machi="58" ten="30,1100,0" yaku="18,1" doraHai="57" who="0" fromWho="0" sc="329,11,156,-3,323,-5,192,-3" /><INIT seed="3,0,0,5,1,67" ten="340,153,318,189" oya="3" hai0="4,2,99,39,50,43,27,82,116,47,32,14,49" hai1="23,69,83,110,55,85,94,120,48,114,59,119,91" hai2="113,1,11,6,87,125,73,60,97,53,22,123,20" hai3="17,71,135,88,13,93,18,77,117,44,51,70,12"/><W109/><G117/><T76/><D116/><U0/><E120/><V92/><F73/><W34/><G34/><T105/><D14/><U25/><E114/><V107/><F113/><W74/><G135/><T37/><D37/><U40/><E110/><V36/><F36/><W129/><G109/><T108/><D108/><U56/><E0/><V111/><F125/><W3/><G3/><T5/><D5/><U28/><E119/><V132/><F132/><W8/><G129/><T118/><D118/><U78/><E69/><V54/><F123/><W61/><G61/><T42/><D42/><U72/><REACH who="1" step="1"/><E40/><REACH who="1" ten="340,143,318,189" step="2"/><V35/><F111/><W7/><G7/><T124/><D4/><U127/><E127/><V31/><F1/><W122/><G122/><T104/><D124/><U65/><E65/><V62/><F6/><W133/><G133/><T64/><D64/><U10/><E10/><V21/><F11/><W16/><G71/><T33/><D43/><U24/><E24/><V30/><F53/><W89/><G70/><T130/><D27/><U115/><E115/><V103/><F54/><W101/><G8/><T45/><D2/><U112/><E112/><V58/><F31/><W26/><G26/><T81/><D130/><U19/><E19/><V95/><F30/><W38/><G13/><T29/><D29/><U96/><E96/><V63/><F97/><N who="3" m="59567" /><G12/><T57/><D99/><U131/><E131/><V66/><F66/><W86/><G17/><T126/><D126/><U106/><E106/><V98/><F107/><W41/><G41/><N who="0" m="24751" /><D104/><U121/><E121/><V52/><F98/><RYUUKYOKU ba="0,1" sc="340,-10,143,30,318,-10,189,-10" hai1="23,25,28,48,55,56,59,72,78,83,85,91,94" /><INIT seed="4,1,1,1,5,42" ten="330,173,308,179" oya="0" hai0="117,41,97,124,63,108,17,74,35,61,116,98,36" hai1="125,56,107,23,82,89,50,71,92,40,39,113,105" hai2="103,24,134,5,126,44,100,37,7,133,22,18,91" hai3="32,54,14,52,99,101,72,118,6,15,69,106,48"/><T84/><D74/><U27/><E71/><V121/><F121/><W11/><G118/><T57/><D124/><U87/><E125/><V130/><F126/><W3/><G72/><T135/><D35/><U111/><E111/><V13/><F91/><W128/><G32/><T2/><D2/><U73/><E113/><V102/><F130/><W26/><G69/><T0/><D0/><U1/><E1/><V80/><F80/><W62/><G128/><T85/><D135/><N who="2" m="51722" /><F24/><W8/><G26/><T34/><D34/><U45/><E56/><V120/><F120/><W104/><G104/><T28/><D57/><U10/><E10/><V115/><F115/><W81/><G62/><T70/><D28/><U38/><E107/><V20/><F20/><W78/><G11/><T75/><D75/><U88/><E105/><V64/><F64/><W114/><G114/><T109/><D70/><U53/><E53/><V55/><F55/><W119/><G54/><T86/><D41/><AGARI ba="1,1" hai="5,7,13,18,22,37,41,44,100,102,103" m="51722" machi="41" ten="30,2000,0" yaku="20,1,52,1" doraHai="42" who="2" fromWho="0" sc="330,-23,173,0,308,33,179,0" /><INIT seed="5,0,0,1,2,61" ten="307,173,341,179" oya="1" hai0="6,17,103,127,94,42,132,115,98,4,62,65,130" hai1="131,18,126,59,16,37,133,99,129,68,33,95,113" hai2="101,114,83,128,19,56,118,82,73,106,102,57,7" hai3="10,29,121,92,69,88,72,105,79,2,117,66,47"/><U109/><E68/><V12/><F7/><W76/><G121/><T77/><D115/><U32/><E37/><V35/><F12/><W26/><G105/><T48/><D127/><U111/><E113/><V81/><F81/><W43/><G117/><T64/><D130/><N who="1" m="49675" /><E59/><V23/><F23/><W122/><G122/><T0/><D0/><U21/><E126/><V78/><F19/><N who="1" m="7209" /><E21/><V134/><F128/><W119/><G119/><T110/><D110/><N who="1" m="41995" /><E133/><V124/><F57/><W24/><G24/><T85/><D132/><U107/><E107/><V135/><F56/><W46/><G46/><N who="0" m="25687" /><D17/><U75/><E75/><V55/><F73/><W38/><G72/><T67/><D62/><U5/><E5/><V96/><F106/><W20/><G69/><T36/><D36/><U86/><E86/><V89/><F124/><W87/><REACH who="3" step="1"/><G66/><REACH who="3" ten="307,173,341,169" step="2"/><T91/><D77/><U104/><E104/><V60/><F78/><W44/><G44/><T34/><D34/><U51/><E51/><V3/><F35/><W123/><G123/><T58/><D58/><U8/><E8/><V15/><F134/><W1/><G1/><T108/><D108/><U40/><E40/><V9/><F9/><W49/><G49/><T30/><D30/><U22/><E22/><V27/><F3/><W11/><G11/><T74/><D74/><U112/><E112/><V28/><F114/><W116/><G116/><T80/><AGARI ba="0,1" hai="4,6,64,65,67,80,85,91,94,98,103" m="25687" machi="80" ten="30,7900,0" yaku="8,1,52,3" doraHai="61" who="0" fromWho="0" sc="307,89,173,-39,341,-20,169,-20" /><INIT seed="6,0,0,1,2,79" ten="396,134,321,149" oya="2" hai0="29,10,83,2,24,67,15,97,19,57,125,26,40" hai1="82,81,123,76,16,54,110,12,53,77,42,133,103" hai2="9,33,58,64,0,102,78,52,91,41,49,120,134" hai3="107,60,38,21,6,89,94,121,114,131,108,51,11"/><V116/><F116/><W5/><G121/><T87/><D125/><U43/><E110/><V45/><F120/><W35/><G35/><T72/><D72/><U70/><E70/><V31/><F134/><W118/><G107/><T39/><D2/><U92/><E133/><V30/><F33/><W84/><G38/><T124/><D124/><U17/><E123/><V50/><F102/><W101/><G108/><T90/><D39/><U62/><E103/><V105/><F105/><W80/><G118/><T74/><D40/><N who="1" m="15403" /><E92/><V126/><F126/><W59/><G131/><T98/><D74/><U132/><E132/><V113/><F113/><W1/><G114/><T18/><D26/><U115/><E115/><V8/><F78/><N who="1" m="30313" /><E17/><V128/><F128/><W65/><G6/><T48/><D19/><U23/><E62/><N who="2" m="37975" /><F0/><W75/><G75/><T46/><D46/><U111/><E111/><V3/><F3/><W20/><REACH who="3" step="1"/><G51/><REACH who="3" ten="396,134,321,139" step="2"/><T104/><D104/><U86/><E86/><V63/><F50/><W85/><G85/><T32/><D48/><U130/><E130/><V66/><F49/><W129/><G129/><T34/><D32/><U7/><E7/><V69/><F41/><W112/><G112/><T36/><D36/><U122/><E122/><V71/><F45/><W88/><G88/><T109/><D109/><U117/><E117/><V13/><F91/><W22/><G22/><T28/><D90/><U119/><E119/><V25/><F9/><W73/><G73/><T37/><D87/><U4/><E4/><V56/><F8/><W127/><G127/><T95/><D37/><RYUUKYOKU ba="0,1" sc="396,-15,134,15,321,-15,139,15" hai1="12,16,23,53,54,81,82" hai3="1,5,11,20,21,59,60,65,80,84,89,94,101" /><INIT seed="7,1,1,4,0,8" ten="381,149,306,154" oya="3" hai0="98,0,90,9,61,31,131,55,33,20,47,127,26" hai1="106,59,15,13,12,54,123,67,32,100,121,25,110" hai2="10,65,51,109,79,74,41,113,64,4,28,104,40" hai3="122,102,73,29,126,63,128,6,39,103,88,52,48"/><W45/><G122/><T16/><D131/><U70/><E110/><V76/><F109/><W133/><G128/><T129/><D129/><U124/><E124/><V46/><F104/><W11/><G73/><T99/><D127/><U60/><E54/><V38/><F113/><W101/><G126/><T82/><D61/><U24/><E59/><V2/><F28/><W62/><G133/><T18/><D33/><U105/><E105/><V93/><F79/><W17/><G39/><T1/><D1/><U80/><E80/><N who="2" m="45079" /><F93/><W118/><G118/><T66/><D66/><U77/><E77/><V92/><F92/><W19/><G29/><T86/><D0/><U69/><E69/><V5/><F4/><W108/><G108/><T27/><D27/><U95/><E95/><V72/><F72/><W71/><G71/><T53/><D53/><U7/><E7/><V111/><F111/><W81/><G62/><T107/><D107/><U132/><E132/><V115/><F115/><W134/><G63/><T135/><D135/><U83/><E83/><V21/><F21/><W89/><G134/><T36/><D36/><U34/><E34/><V50/><F41/><W117/><G117/><T85/><D85/><U37/><E37/><V91/><F91/><N who="3" m="34891" /><G81/><T96/><D9/><U56/><E70/><V58/><F65/><W97/><G97/><T130/><D130/><U43/><E43/><V23/><F23/><W112/><G112/><T30/><D31/><N who="1" m="19559" /><E25/><V87/><F87/><W42/><G42/><T75/><D75/><U22/><E22/><V3/><F3/><W35/><G35/><RYUUKYOKU ba="1,1" sc="381,0,149,0,306,0,154,0" hai0="16,18,20,26,30,47,55,82,86,90,96,98,99" hai1="12,13,15,56,60,67,100,106,121,123" hai2="2,5,10,38,40,46,50,51,58,64" hai3="6,11,17,19,45,48,52,101,102,103" /><INIT seed="7,2,1,1,0,68" ten="381,149,306,154" oya="3" hai0="130,16,114,54,125,19,56,82,99,58,28,96,92" hai1="3,100,93,55,43,26,12,105,77,135,88,111,133" hai2="128,131,112,27,39,118,5,8,106,78,121,74,60" hai3="91,41,31,44,24,127,37,40,110,132,94,126,123"/><W62/><G123/><T20/><D125/><N who="3" m="47625" /><G132/><N who="1" m="50762" /><E111/><V13/><F121/><W134/><G134/><T22/><D130/><U95/><E3/><V102/><F118/><W86/><G110/><T89/><D114/><U80/><E43/><V76/><F112/><W52/><G41/><T61/><D28/><U59/><E26/><V10/><F74/><W9/><G9/><T7/><D7/><U14/><E100/><V109/><F10/><W0/><G0/><T85/><D58/><U36/><E36/><V34/><F131/><W4/><G4/><T87/><D20/><U1/><E105/><V35/><F8/><W65/><G52/><T90/><D19/><U124/><E1/><V104/><F5/><W53/><G53/><T11/><D11/><U38/><E38/><V50/><F109/><W81/><G94/><N who="1" m="35850" /><E88/><V116/><F106/><W29/><G24/><AGARI ba="2,1" hai="16,22,24,54,56,61,82,85,87,89,90,92,96,99" machi="24" ten="30,3900,0" yaku="7,1,8,1,54,1" doraHai="68" who="0" fromWho="3" sc="381,55,149,0,306,0,154,-45" owari="436,53.6,149,-25.1,306,10.6,109,-39.1" /></mjloggm>