<mjloggm ver="2.3"><GO type="169" lobby="0"/><UN n0="%E8%80%81%E6%A5%BD" n1="%68%69%68%69%68%69%6A%69" n2="%6B%6F%72%69%6E%6F%62%61" n3="%43%55%4B%45%59" dan="17,16,16,16" rate="2233.19,2170.76,2163.30,2064.96" sx="M,M,M,M"/><TAIKYOKU oya="0"/><INIT seed="0,0,0,0,5,60" ten="250,250,250,250" oya="0" hai0="93,4,1,65,77,107,6,73,81,19,23,79,91" hai1="72,124,110,56,14,74,15,87,133,119,29,109,49" hai2="37,82,2,116,50,76,53,52,36,24,96,39,94" hai3="75,41,46,3,111,48,40,0,92,10,67,21,123"/><T55/><D107/><U66/><E119/><V64/><F116/><W13/><G111/><N who="1" m="42506" /><E133/><V89/><F2/><W103/><G123/><T102/><D102/><U44/><E124/><V27/><F64/><W105/><G75/><N who="1" m="28714" /><E29/><V117/><F117/><W78/><G105/><T95/><D79/><U80/><E56/><V71/><F71/><W58/><G78/><T5/><D55/><N who="1" m="30119" /><E66/><V43/><F43/><W106/><G40/><T88/><D65/><U99/><E99/><V120/><F120/><W84/><G106/><T127/><D127/><U54/><E54/><V115/><F115/><W63/><G21/><T70/><D70/><U130/><E130/><V68/><F68/><W69/><G69/><T22/><D1/><U83/><E83/><V20/><F50/><W59/><G59/><T8/><D8/><U28/><E28/><V98/><F98/><W90/><REACH who="3" step="1"/><G103/><REACH who="3" ten="250,250,250,240" step="2"/><T35/><D35/><U51/><E51/><V134/><F76/><AGARI ba="0,1" hai="14,15,76,80,87" m="30119,28714,42506" machi="76" ten="30,1000,0" yaku="14,1" doraHai="60" who="1" fromWho="2" sc="250,0,250,20,250,-10,240,0" /><INIT seed="1,0,0,0,0,44" ten="250,270,240,240" oya="1" hai0="78,121,73,12,116,128,93,114,92,61,86,39,125" hai1="33,98,99,21,16,37,35,53,133,36,122,90,123" hai2="91,47,6,24,57,58,127,107,112,89,115,7,27" hai3="62,131,94,119,67,129,0,56,22,130,70,124,111"/><U18/><E133/><V46/><REACH who="2" step="1"/><F107/><REACH who="2" ten="250,270,230,240" step="2"/><W29/><G131/><T87/><D128/><U20/><REACH who="1" step="1"/><E90/><REACH who="1" ten="250,260,230,240" step="2"/><V55/><F55/><AGARI ba="0,2" hai="16,18,20,21,33,35,36,37,53,55,98,99,122,123" machi="55" ten="25,12000,1" yaku="1,1,2,1,22,2,54,1,53,0" doraHai="44" doraHaiUra="104" who="1" fromWho="2" sc="250,0,260,140,230,-120,240,0" /><INIT seed="1,1,0,4,3,120" ten="250,400,110,240" oya="1" hai0="97,46,64,101,44,92,15,55,122,8,26,85,79" hai1="17,32,39,36,121,63,27,19,37,102,6,9,80" hai2="58,86,62,83,22,112,70,54,88,56,42,124,2" hai3="29,75,47,18,106,73,38,111,132,49,52,1,78"/><U125/><E121/><V127/><F2/><W89/><G132/><T71/><D122/><U100/><E125/><N who="2" m="48203" /><F112/><W95/><G106/><T134/><D134/><U76/><E63/><V81/><F70/><W31/><G1/><T68/><D26/><U30/><E102/><V51/><F22/><W131/><G38/><T74/><D74/><U48/><E48/><V7/><F7/><W4/><G4/><T16/><D64/><U105/><E100/><V82/><F42/><W129/><G18/><T109/><D109/><U94/><E94/><V77/><F77/><W59/><G111/><T135/><D135/><U57/><E57/><V21/><F21/><W126/><G126/><T34/><D34/><U104/><E19/><V91/><F86/><W25/><G59/><T43/><D55/><AGARI ba="1,0" hai="51,54,55,56,58,62,81,82,83,88,91" m="48203" machi="55" ten="30,2000,0" yaku="18,1,54,1" doraHai="120" who="2" fromWho="0" sc="250,-23,400,0,110,23,240,0" /><INIT seed="2,0,0,2,4,23" ten="227,400,133,240" oya="2" hai0="92,26,37,126,18,87,32,108,54,98,106,24,132" hai1="97,72,93,56,84,116,109,16,71,28,83,25,20" hai2="81,3,44,125,74,46,43,27,47,88,33,133,41" hai3="75,49,117,70,104,91,82,89,50,102,111,90,78"/><V53/><F125/><W64/><G117/><T76/><D37/><U118/><E71/><V135/><F3/><W1/><G111/><T21/><D106/><U119/><E109/><V114/><F114/><W8/><G70/><T62/><D108/><U55/><E72/><V110/><F110/><W4/><REACH who="3" step="1"/><G64/><REACH who="3" ten="227,400,133,230" step="2"/><T67/><D126/><U38/><E118/><V51/><F74/><W121/><G121/><T134/><D67/><U2/><E119/><V122/><F122/><W113/><G113/><T86/><D132/><N who="2" m="50762" /><F43/><W52/><G52/><T107/><D134/><U40/><E40/><V11/><F41/><W101/><G101/><T80/><D54/><U123/><E123/><V128/><F128/><W34/><G34/><T120/><D120/><U57/><E55/><V105/><F105/><W48/><G48/><T14/><D32/><U60/><E116/><V103/><F103/><W45/><G45/><T68/><D68/><U17/><E38/><V61/><F61/><W124/><G124/><T131/><D62/><U58/><E60/><V19/><F33/><W29/><G29/><T10/><D107/><U36/><E36/><V6/><F53/><W96/><AGARI ba="0,1" hai="1,4,8,49,50,75,78,82,89,90,91,96,102,104" machi="96" ten="30,4000,0" yaku="1,1,0,1,53,1" doraHai="23" doraHaiUra="95" who="3" fromWho="3" sc="227,-10,400,-10,133,-20,230,50" /><INIT seed="3,0,0,1,1,38" ten="217,390,113,280" oya="3" hai0="71,68,126,27,50,77,96,128,2,39,113,122,9" hai1="18,133,97,79,73,5,40,12,74,88,107,11,87" hai2="109,117,63,89,70,14,85,30,33,76,6,35,125" hai3="62,65,105,69,52,116,29,80,83,103,20,101,23"/><W118/><G105/><T102/><D122/><U43/><E133/><V26/><F117/><W108/><G108/><T32/><D50/><U130/><E130/><V106/><F109/><W84/><G29/><T111/><D126/><U51/><E51/><V92/><F125/><W16/><G23/><T34/><D77/><U90/><E90/><V59/><F70/><W7/><G7/><T104/><D111/><U82/><E74/><V57/><F106/><W49/><G83/><T42/><D113/><U54/><E54/><V78/><F35/><N who="0" m="13354" /><D27/><U13/><E107/><V22/><F59/><N who="3" m="37087" /><G118/><T127/><D128/><U75/><E75/><V15/><F33/><W112/><G69/><T53/><D53/><U31/><E31/><V72/><F72/><W58/><G116/><T44/><D127/><U45/><E45/><V114/><F114/><W55/><G55/><T129/><D129/><U17/><E5/><AGARI ba="0,0" hai="2,5,9,39,42,44,68,71,96,102,104" m="13354" machi="5" ten="30,3900,0" yaku="33,2,52,1" doraHai="38" who="0" fromWho="1" sc="217,39,390,-39,113,0,280,0" /><INIT seed="4,0,0,5,0,108" ten="256,351,113,280" oya="0" hai0="88,53,18,113,37,72,44,78,81,93,11,133,135" hai1="1,20,54,89,2,36,32,38,6,80,62,27,119" hai2="111,65,35,126,13,8,61,31,30,90,100,67,56" hai3="60,21,22,107,26,15,28,106,129,12,130,75,57"/><T83/><D83/><U40/><E119/><V43/><F111/><W85/><G75/><T59/><D113/><U23/><E32/><V96/><F126/><W79/><G79/><T45/><D11/><U71/><E23/><V123/><F123/><W120/><G120/><T109/><D18/><U117/><E6/><V25/><F31/><W104/><G85/><T7/><D7/><U14/><E14/><V3/><F43/><W66/><REACH who="3" step="1"/><G21/><REACH who="3" ten="256,351,113,270" step="2"/><T46/><D109/><U58/><E20/><V16/><F3/><W24/><G24/><T34/><D34/><U110/><E27/><V82/><F82/><W84/><G84/><T116/><D116/><U47/><E117/><V92/><REACH who="2" step="1"/><F90/><REACH who="2" ten="256,351,103,270" step="2"/><W112/><G112/><T101/><D88/><U95/><E80/><V118/><F118/><W70/><G70/><T103/><D133/><U42/><E71/><V50/><F50/><W134/><G134/><T128/><D135/><U91/><E110/><V132/><F132/><W64/><G64/><AGARI ba="0,2" hai="8,13,16,25,30,35,56,61,64,65,67,92,96,100" machi="64" ten="30,7700,0" yaku="1,1,7,1,54,1,53,1" doraHai="108" doraHaiUra="5" who="2" fromWho="3" sc="256,0,351,0,103,97,270,-77" /><INIT seed="5,0,0,4,2,30" ten="256,351,200,193" oya="1" hai0="88,21,127,61,69,70,64,135,99,124,6,0,58" hai1="12,15,13,7,46,108,118,60,114,130,71,53,63" hai2="38,34,113,80,126,9,17,109,75,98,97,42,50" hai3="37,56,45,24,43,84,27,20,51,1,40,54,48"/><U31/><E118/><V121/><F109/><W44/><G1/><T25/><D135/><U83/><E108/><V103/><F121/><W59/><G37/><T22/><D6/><U47/><E114/><V76/><F126/><N who="0" m="48170" /><D0/><U90/><E130/><V125/><F125/><W102/><G102/><T62/><D25/><U4/><E31/><V78/><F38/><W96/><G96/><T32/><D32/><U29/><E29/><V115/><F78/><W104/><G104/><T92/><D70/><U105/><E105/><V67/><F67/><AGARI ba="0,0" hai="21,22,58,61,62,64,67,69,88,92,99" m="48170" machi="67" ten="30,2000,0" yaku="18,1,54,1" doraHai="30" who="0" fromWho="2" sc="256,20,351,0,200,-20,193,0" /><INIT seed="6,0,0,0,1,1" ten="276,351,180,193" oya="2" hai0="9,42,3,47,107,39,121,120,134,88,96,133,60" hai1="89,32,69,84,19,50,35,79,135,118,54,103,22" hai2="27,49,112,2,102,18,63,71,36,16,73,58,14" hai3="56,93,92,46,108,44,59,68,97,31,25,114,15"/><V43/><F112/><W52/><G108/><T23/><D23/><U13/><E118/><V40/><F2/><W37/><G68/><T104/><D60/><U85/><E69/><V80/><F71/><W130/><G130/><T131/><D131/><U75/><E135/><N who="0" m="51721" /><D88/><U110/><E110/><V115/><F115/><W81/><G81/><T116/><D116/><U129/><E103/><V8/><F36/><W119/><G119/><T70/><D70/><U109/><E129/><V5/><F102/><W76/><G76/><T33/><D33/><U67/><E67/><V61/><F61/><W21/><G37/><T65/><D65/><U77/><E35/><V122/><F122/><N who="0" m="47210" /><D96/><U78/><E32/><V4/><F80/><W87/><G114/><T128/><D128/><U0/><E89/><V91/><F91/><W41/><G97/><T98/><D98/><U51/><E79/><V20/><F73/><W126/><G87/><T6/><AGARI ba="0,0" hai="3,6,9,39,42,47,104,107" m="47210,51721" machi="6" ten="40,5200,0" yaku="20,1,23,1,52,1" doraHai="1" who="0" fromWho="0" sc="276,52,351,-13,180,-26,193,-13" /><INIT seed="7,0,0,4,4,47" ten="328,338,154,180" oya="3" hai0="70,36,44,29,64,73,88,10,117,38,91,17,32" hai1="59,34,61,7,87,126,75,97,80,72,107,50,89" hai2="127,135,9,62,93,110,71,108,55,112,14,67,113" hai3="124,84,30,26,129,60,128,116,2,23,79,69,21"/><W125/><G79/><T118/><D17/><U27/><E126/><N who="3" m="48746" /><G84/><T53/><D53/><U99/><E7/><V18/><F127/><W101/><G101/><T54/><D54/><U11/><E11/><V103/><F135/><W22/><G60/><N who="0" m="40199" /><D88/><U4/><E4/><V68/><F68/><W48/><G48/><T15/><D15/><U57/><E107/><V66/><F66/><W123/><G69/><T119/><D91/><U49/><E75/><V74/><F74/><W45/><G45/><T51/><D51/><N who="1" m="19467" /><E72/><V104/><F55/><W20/><G116/><T114/><D10/><U33/><E33/><V96/><REACH who="2" step="1"/><F104/><REACH who="2" ten="328,338,144,180" step="2"/><W1/><G123/><T31/><D73/><U37/><E61/><V122/><F122/><W85/><G85/><T8/><D44/><U46/><E46/><V120/><F120/><W12/><G12/><T39/><D36/><U63/><E37/><V82/><F82/><W132/><G132/><T78/><D38/><U77/><E63/><V92/><F92/><W13/><G13/><T16/><D39/><U130/><E87/><V133/><F133/><W25/><G25/><N who="0" m="18479" /><D78/><U106/><E77/><V102/><F102/><W111/><G111/><AGARI ba="0,1" hai="9,14,18,62,67,71,93,96,103,108,110,111,112,113" machi="111" ten="40,1300,0" yaku="1,1,53,0" doraHai="47" doraHaiUra="83" who="2" fromWho="3" sc="328,0,338,0,144,23,180,-13" owari="328,12.8,338,43.8,167,-23.3,167,-33.3" /></mjloggm>