<mjloggm ver="2.3"><GO type="169" lobby="0"/><UN n0="%E5%A4%8F%E3%81%AA%E3%81%AE%E3%81%AB" n1="%E4%BA%BA%E5%8F%82%E5%BD%B9%E8%80%85%E3%81%8F%E3%82%93" n2="%E3%81%B2%E3%81%90%E3%81%A1" n3="%6B%61%7A%75%73%61" dan="16,17,17,17" rate="2095.52,2168.26,2223.23,2138.82" sx="M,M,M,F"/><TAIKYOKU oya="0"/><INIT seed="0,0,0,5,4,107" ten="250,250,250,250" oya="0" hai0="85,80,62,74,49,76,44,64,106,51,63,110,38" hai1="58,50,31,41,82,19,116,56,7,37,61,2,30" hai2="25,55,131,68,95,124,43,39,22,20,83,78,112" hai3="66,0,109,108,14,54,90,12,60,114,77,69,88"/><T101/><D110/><N who="3" m="42601" /><G114/><T21/><D38/><U18/><E116/><V9/><F112/><W73/><G0/><T75/><D51/><U24/><E37/><V40/><F68/><W79/><G54/><T97/><D21/><U86/><E2/><V91/><F124/><W132/><G132/><T23/><D23/><U46/><E7/><V16/><F131/><W29/><G29/><T17/><D17/><U129/><E129/><V32/><F32/><W135/><G135/><T100/><D101/><U59/><E61/><V119/><F119/><W122/><G122/><T3/><D3/><U113/><E113/><V99/><F39/><W133/><G133/><T53/><REACH who="0" step="1"/><D62/><REACH who="0" ten="240,250,250,250" step="2"/><U35/><REACH who="1" step="1"/><E31/><REACH who="1" ten="240,240,250,250" step="2"/><V42/><F25/><W1/><G1/><T72/><D72/><U34/><E34/><V94/><F16/><W26/><G26/><T27/><D27/><U15/><E15/><N who="3" m="5674" /><G73/><T57/><AGARI ba="0,2" hai="44,49,53,57,63,64,74,75,76,80,85,97,100,106" machi="57" ten="20,18000,2" yaku="1,1,0,1,7,1,52,2,53,1" doraHai="107" doraHaiUra="103" who="0" fromWho="0" sc="240,200,240,-60,250,-60,250,-60" /><INIT seed="0,1,0,5,2,53" ten="440,180,190,190" oya="0" hai0="117,86,6,15,133,108,33,55,74,85,93,0,132" hai1="46,123,79,91,25,129,21,10,110,60,19,8,43" hai2="58,49,119,105,70,64,128,11,92,32,72,66,31" hai3="90,3,71,34,37,126,13,39,40,9,36,2,18"/><T94/><D117/><U20/><E123/><V97/><F72/><W84/><G126/><T24/><D74/><U23/><E110/><V52/><F105/><W68/><G34/><T118/><D0/><U28/><E129/><V62/><F128/><W30/><G30/><T47/><D118/><U50/><E79/><V35/><F119/><W78/><G78/><T80/><D86/><U98/><E60/><V38/><F66/><W130/><G130/><T77/><D6/><U14/><REACH who="1" step="1"/><E8/><REACH who="1" ten="440,170,190,190" step="2"/><V124/><F124/><W5/><G2/><T7/><D108/><U135/><E135/><V48/><F38/><W17/><G3/><T12/><D133/><U44/><E44/><V73/><F11/><W100/><G36/><T4/><D47/><U83/><E83/><V1/><F1/><W75/><G37/><T96/><D80/><U61/><E61/><V134/><F134/><W120/><G120/><T29/><D77/><U104/><E104/><V81/><F81/><W127/><G127/><T88/><D132/><U103/><E103/><V107/><F107/><W54/><G100/><T65/><D93/><AGARI ba="1,1" hai="10,14,19,20,21,23,25,28,43,46,50,91,93,98" machi="93" ten="40,2600,0" yaku="1,1,8,1,53,0" doraHai="53" doraHaiUra="67" who="1" fromWho="0" sc="440,-29,170,39,190,0,190,0" /><INIT seed="1,0,0,0,3,120" ten="411,209,190,190" oya="1" hai0="30,16,126,67,114,68,54,107,14,47,122,41,127" hai1="103,37,124,23,117,13,1,108,71,56,97,49,104" hai2="111,91,12,79,36,118,26,84,11,83,93,46,60" hai3="70,7,109,73,89,59,65,25,90,95,112,129,100"/><U121/><E117/><V77/><F118/><W96/><G112/><T132/><D114/><U61/><E121/><V42/><F26/><W87/><G70/><T19/><D107/><U53/><E124/><N who="0" m="47657" /><D30/><U99/><E1/><V52/><F111/><W48/><G73/><T131/><D131/><U34/><E34/><V82/><F82/><W28/><G129/><T80/><D132/><U113/><E113/><V33/><F33/><W119/><G119/><T85/><D54/><U43/><E99/><V29/><F29/><W92/><G7/><T35/><D35/><U110/><E37/><V4/><REACH who="2" step="1"/><F83/><REACH who="2" ten="411,209,180,190" step="2"/><W128/><G109/><N who="1" m="42090" /><E43/><V2/><F2/><W74/><G128/><T32/><D32/><U105/><E105/><V125/><F125/><W116/><G116/><T21/><D41/><U98/><E104/><V133/><F133/><W130/><G130/><T27/><D122/><U115/><E115/><V106/><F106/><W94/><G25/><T63/><D27/><U78/><E78/><V62/><F62/><N who="3" m="38111" /><G28/><T101/><D63/><U86/><E61/><V88/><F88/><W51/><G89/><T17/><D101/><U22/><E103/><V66/><F66/><W40/><G100/><T38/><D67/><U123/><E123/><V81/><F81/><W64/><G64/><T72/><D80/><U75/><E75/><V15/><F15/><W50/><G74/><T18/><D72/><U8/><E71/><V20/><F20/><N who="1" m="7721" /><E86/><V44/><F44/><N who="3" m="25607" /><G87/><T0/><D85/><U45/><E45/><V24/><F24/><W5/><G96/><T102/><D102/><RYUUKYOKU ba="0,1" sc="411,-15,209,15,180,15,190,-15" hai1="8,13,49,53,56,97,98" hai2="4,11,12,36,42,46,52,60,77,79,84,91,93" /><INIT seed="1,1,1,5,5,113" ten="396,224,195,175" oya="1" hai0="52,114,54,117,70,72,85,92,108,131,62,32,41" hai1="125,17,106,77,84,15,133,110,101,91,75,66,69" hai2="132,119,76,11,130,6,104,48,90,67,81,35,50" hai3="89,96,61,37,128,1,126,105,30,40,118,55,121"/><U129/><E125/><V80/><F35/><W63/><G121/><T47/><D72/><U115/><E115/><V43/><F104/><W18/><G126/><T44/><D32/><U21/><E133/><V109/><F132/><W97/><G1/><T71/><D85/><U82/><E129/><V36/><F109/><W2/><G2/><T24/><D24/><U103/><E110/><V59/><F130/><W34/><G128/><T42/><D92/><U127/><E127/><V5/><F5/><W56/><G18/><T20/><D131/><U124/><E124/><V29/><F29/><W120/><G89/><T88/><D88/><U14/><E106/><V53/><F67/><W25/><G120/><T3/><D3/><U134/><E134/><V122/><F122/><W107/><G63/><T116/><D20/><U51/><E66/><V45/><F90/><W102/><G37/><T46/><D46/><U0/><E69/><V33/><F33/><W65/><G40/><T79/><D114/><U19/><E51/><V9/><F81/><W27/><G25/><T100/><D108/><U135/><E0/><N who="2" m="199" /><F11/><W10/><G10/><T4/><D4/><U64/><E64/><V58/><F58/><W73/><G73/><T13/><D100/><U98/><E135/><V57/><F57/><W99/><G65/><T94/><D94/><N who="1" m="56671" /><E75/><N who="2" m="43039" /><F50/><W95/><G118/><AGARI ba="1,1" hai="36,43,45,48,53,59,118,119" m="43039,199" machi="118" ten="30,3900,0" yaku="25,1,52,2" doraHai="113" who="2" fromWho="3" sc="396,0,224,0,195,52,175,-42" /><INIT seed="2,0,0,3,0,17" ten="396,224,247,133" oya="2" hai0="107,110,69,72,119,76,100,61,42,2,71,83,39" hai1="16,49,29,28,40,93,130,114,127,10,120,24,135" hai2="112,117,44,88,37,65,46,80,122,82,121,32,12" hai3="7,103,6,8,56,75,94,90,60,109,123,59,104"/><V14/><F112/><W48/><G123/><T50/><D110/><U41/><E114/><V4/><F32/><W68/><G109/><T58/><D119/><U98/><E120/><V62/><F117/><W34/><G75/><T115/><D115/><U22/><E127/><V78/><F82/><W87/><G34/><T116/><D50/><U66/><E130/><V101/><F101/><W36/><G36/><T125/><D116/><U92/><E135/><V77/><F77/><W21/><G68/><T51/><D51/><U47/><E40/><V30/><F30/><N who="1" m="11881" /><E66/><V131/><F131/><W0/><G6/><T113/><D125/><U118/><E118/><V55/><F44/><W85/><G104/><T3/><D113/><U133/><E133/><V126/><F126/><W23/><G103/><T63/><D63/><U79/><E79/><V15/><F4/><W27/><G27/><T108/><D108/><U1/><E98/><V45/><F45/><W20/><G48/><T99/><D58/><U86/><E86/><V9/><F9/><W105/><G105/><T97/><D99/><U18/><E1/><N who="0" m="9" /><D61/><U38/><E38/><V35/><F35/><W81/><REACH who="3" step="1"/><G60/><REACH who="3" ten="396,224,247,123" step="2"/><T70/><D71/><U111/><E111/><V13/><F121/><W128/><G128/><T25/><D25/><U57/><E57/><N who="2" m="35135" /><F122/><W96/><G96/><T91/><D70/><U43/><E43/><N who="2" m="22895" /><F65/><W132/><G132/><T11/><D69/><U74/><E74/><N who="2" m="43095" /><F12/><AGARI ba="0,1" hai="10,12,16,18,22,24,41,47,49,92,93" m="11881" machi="12" ten="30,3900,0" yaku="8,1,52,1,54,1" doraHai="17" who="1" fromWho="2" sc="396,0,224,49,247,-39,123,0" /><INIT seed="3,0,0,1,4,118" ten="396,273,208,123" oya="3" hai0="44,100,11,77,13,88,111,123,90,66,125,91,99" hai1="5,10,40,79,60,108,97,113,51,73,17,42,128" hai2="61,41,52,94,4,63,134,28,82,89,76,130,114" hai3="101,122,84,55,119,54,68,115,36,31,26,12,6"/><W53/><G119/><T69/><D111/><U64/><E113/><V7/><F114/><W1/><G115/><T110/><D110/><U15/><E108/><V32/><F130/><W117/><G117/><T74/><D125/><U46/><E128/><V67/><F134/><W98/><G36/><T106/><D44/><U35/><E35/><V22/><F32/><W121/><G68/><T50/><D50/><U3/><E97/><V102/><F102/><W57/><G84/><T65/><D69/><U131/><E131/><V124/><F124/><W107/><G1/><T70/><D70/><U48/><E79/><V20/><F41/><W2/><G2/><T33/><D33/><U105/><E105/><V93/><F67/><W43/><G43/><T75/><D75/><U58/><E73/><V103/><F103/><W72/><G72/><T59/><D77/><U87/><E87/><V14/><F76/><W45/><G45/><T23/><D23/><U132/><E132/><V21/><F28/><W80/><G80/><T71/><D71/><U133/><E133/><V56/><F63/><W29/><G57/><T27/><D27/><U24/><E24/><V127/><F127/><W104/><G104/><T9/><D11/><N who="1" m="6399" /><E40/><V25/><F25/><W92/><G107/><T39/><D74/><U49/><E42/><V38/><F38/><W112/><G112/><T37/><D39/><U81/><E46/><V109/><F109/><W129/><G129/><T95/><D37/><U47/><E47/><V85/><F14/><W78/><G12/><T83/><D106/><U96/><E81/><RYUUKYOKU ba="0,0" sc="396,-15,273,15,208,15,123,-15" hai1="3,5,10,48,49,51,58,60,64,96" hai2="4,7,20,21,22,52,56,61,82,85,89,93,94" /><INIT seed="4,1,0,2,2,118" ten="381,288,223,108" oya="0" hai0="68,3,66,127,114,14,10,43,116,122,54,57,113" hai1="124,64,30,76,73,22,49,12,84,0,112,4,71" hai2="111,60,115,59,53,130,35,78,18,95,38,7,80" hai3="70,91,119,120,45,123,40,55,19,125,37,15,69"/><T96/><D116/><U100/><E124/><V56/><F111/><W39/><G125/><T24/><D3/><U9/><E73/><V48/><F115/><W79/><G79/><T61/><D127/><U26/><E112/><N who="0" m="43113" /><D24/><U88/><E100/><V126/><F126/><W87/><G119/><T89/><D43/><U2/><E76/><V41/><F130/><W97/><G97/><T94/><D122/><N who="3" m="46633" /><G55/><T105/><D105/><U135/><E135/><V129/><F35/><W51/><G37/><T92/><D92/><U33/><E49/><V46/><F129/><W21/><G39/><T103/><D103/><U77/><E77/><V102/><F38/><W36/><G36/><T58/><D54/><U134/><E134/><V106/><F106/><W16/><G19/><AGARI ba="1,0" hai="10,14,19,57,58,61,66,68,89,94,96" m="43113" machi="19" ten="30,1500,0" yaku="15,1" doraHai="118" who="0" fromWho="3" sc="381,18,288,0,223,0,108,-18" /><INIT seed="4,2,0,2,2,15" ten="399,288,223,90" oya="0" hai0="79,114,112,86,61,92,85,55,68,121,4,110,96" hai1="19,83,31,12,135,51,43,9,64,81,33,17,119" hai2="94,88,101,38,127,21,39,77,89,63,7,123,72" hai3="67,35,111,45,66,100,71,132,76,14,102,82,13"/><T124/><D121/><U105/><E119/><V62/><F123/><W0/><G0/><T87/><D124/><U133/><E105/><V74/><F7/><W1/><G1/><T5/><D79/><U44/><E64/><V20/><F94/><W97/><G111/><T60/><D110/><U90/><E90/><V117/><F77/><W30/><G132/><N who="1" m="50762" /><E31/><V6/><F6/><W53/><G30/><T47/><D61/><U48/><E33/><V10/><F10/><W36/><G35/><T41/><D55/><U16/><E51/><V54/><F54/><W69/><G69/><T59/><D68/><U115/><E115/><N who="0" m="44073" /><D59/><U113/><E113/><V116/><REACH who="2" step="1"/><F101/><REACH who="2" ten="399,288,213,90" step="2"/><W11/><G102/><T34/><D4/><AGARI ba="2,1" hai="4,9,12,16,17,19,43,44,48,81,83" m="50762" machi="4" ten="30,8000,1" yaku="20,1,52,3,54,1" doraHai="15" who="1" fromWho="0" sc="399,-86,288,96,213,0,90,0" /><INIT seed="5,0,0,3,3,27" ten="313,384,213,90" oya="1" hai0="5,107,11,122,16,3,46,99,53,131,8,96,109" hai1="93,129,2,59,48,67,91,34,0,106,100,75,84" hai2="10,70,47,9,126,114,57,51,61,4,118,77,71" hai3="12,31,37,1,132,113,83,63,19,85,120,82,56"/><U104/><E34/><V76/><F118/><W43/><G120/><T108/><D122/><U25/><E129/><V6/><F126/><W45/><G132/><T17/><D131/><U72/><E25/><V23/><F114/><W39/><G113/><T110/><D8/><N who="2" m="3178" /><F71/><W33/><G1/><T54/><D46/><U40/><E67/><N who="2" m="39343" /><F23/><W22/><G37/><T105/><D99/><U73/><E100/><V58/><F58/><W79/><G82/><T15/><D96/><U52/><REACH who="1" step="1"/><E40/><REACH who="1" ten="313,374,213,90" step="2"/><N who="2" m="25063" /><F70/><W128/><G128/><T124/><D124/><U116/><E116/><V123/><F123/><W133/><G133/><T81/><D110/><U64/><E64/><V115/><F115/><W20/><G33/><T21/><D109/><U125/><E125/><V87/><F87/><W97/><G97/><T86/><D108/><U36/><E36/><V38/><F38/><W68/><G68/><T55/><REACH who="0" step="1"/><D17/><REACH who="0" ten="303,374,213,90" step="2"/><U14/><E14/><V50/><F4/><W65/><REACH who="3" step="1"/><G20/><REACH who="3" ten="303,374,213,80" step="2"/><T62/><D62/><U101/><E101/><V88/><F6/><W98/><G98/><T89/><AGARI ba="0,3" hai="3,5,11,15,16,21,53,54,55,81,86,89,105,107" machi="89" ten="30,4000,0" yaku="1,1,0,1,54,1,53,0" doraHai="27" doraHaiUra="92" who="0" fromWho="0" sc="303,70,374,-20,213,-10,80,-10" /><INIT seed="6,0,0,3,0,97" ten="373,354,203,70" oya="2" hai0="51,41,110,118,68,19,53,134,125,73,64,95,16" hai1="108,55,99,107,88,6,29,71,23,80,4,38,132" hai2="105,30,50,59,69,130,66,52,115,129,104,65,10" hai3="28,75,12,0,25,93,113,62,20,35,34,43,45"/><V124/><F30/><W15/><G75/><T77/><D110/><U98/><E108/><V111/><F111/><W27/><G62/><T128/><D41/><U37/><E71/><V101/><F105/><W131/><G131/><N who="2" m="50185" /><F10/><W18/><G93/><T48/><D48/><U67/><E67/><N who="2" m="25611" /><F69/><W39/><G113/><T89/><D64/><U126/><E29/><V70/><F70/><W103/><G103/><T82/><D68/><U102/><E102/><V2/><F2/><W33/><G39/><T22/><D118/><U36/><E38/><V112/><F124/><W1/><G43/><T3/><D125/><U46/><E37/><V61/><F61/><W81/><G45/><T116/><D3/><N who="3" m="1097" /><G81/><T47/><D116/><U109/><E36/><V72/><F72/><W84/><G84/><T85/><D128/><U90/><E107/><V9/><F9/><W14/><AGARI ba="0,0" hai="12,14,15,18,20,25,27,28,33,34,35" m="1097" machi="14" ten="30,8000,1" yaku="35,5" doraHai="97" who="3" fromWho="3" sc="373,-20,354,-20,203,-40,70,80" /><INIT seed="7,0,0,1,4,25" ten="353,334,163,150" oya="3" hai0="56,53,118,99,100,106,40,124,122,50,4,63,104" hai1="97,117,28,47,123,120,82,116,110,21,48,49,35" hai2="130,51,72,103,80,125,39,113,22,70,109,89,107" hai3="58,14,128,16,42,0,94,112,98,10,7,17,69"/><W90/><G69/><T88/><D122/><N who="1" m="46635" /><E35/><V59/><F113/><W52/><G112/><T126/><D118/><N who="1" m="45675" /><E110/><V83/><F39/><W8/><G128/><T31/><D4/><U18/><E28/><V27/><F70/><W5/><REACH who="3" step="1"/><G42/><REACH who="3" ten="353,334,163,140" step="2"/><T76/><D40/><U75/><E75/><V135/><F72/><W119/><G119/><T66/><D126/><U24/><E24/><V33/><F125/><W37/><G37/><T121/><D124/><U55/><E49/><AGARI ba="0,1" hai="0,5,7,8,10,14,16,17,49,52,58,90,94,98" machi="49" ten="30,11600,0" yaku="1,1,7,1,54,2,53,0" doraHai="25" doraHaiUra="67" who="3" fromWho="1" sc="353,0,334,-116,163,0,140,126" /><INIT seed="7,1,0,5,5,19" ten="353,218,163,266" oya="3" hai0="53,23,50,122,32,36,49,61,82,91,108,63,46" hai1="25,58,88,38,111,67,86,0,39,64,59,56,110" hai2="11,125,2,26,68,74,57,129,98,70,33,95,41" hai3="51,120,6,10,42,62,73,22,47,28,69,8,97"/><W124/><G73/><T18/><D32/><U45/><E0/><V128/><F74/><W102/><G124/><T131/><D36/><U3/><E3/><V76/><F76/><W52/><G120/><T20/><D131/><U132/><E25/><V119/><F119/><W118/><G118/><T105/><D105/><U100/><E100/><V99/><F41/><W48/><G69/><T127/><D108/><U89/><E132/><V66/><F57/><W5/><G62/><T4/><D4/><N who="3" m="1641" /><G97/><T114/><D114/><U135/><E135/><V101/><F11/><N who="3" m="4139" /><G102/><T133/><D133/><U7/><E7/><V77/><F2/><W75/><G75/><T9/><D127/><U90/><E86/><V54/><F66/><N who="1" m="25129" /><E45/><V104/><F125/><W96/><G96/><T40/><D9/><U79/><E79/><V60/><F77/><W44/><G28/><T103/><D103/><U24/><E24/><V29/><F68/><W123/><G123/><T93/><D122/><U15/><E15/><V109/><F109/><AGARI ba="1,0" hai="38,39,56,58,59,88,89,90,109,110,111" m="25129" machi="109" ten="40,5200,0" yaku="28,2,54,1" doraHai="19" who="1" fromWho="2" sc="353,0,218,55,163,-55,266,0" owari="353,45.3,273,7.3,108,-39.2,266,-13.4" /></mjloggm>