<mjloggm ver="2.3"><GO type="169" lobby="0"/><UN n0="%E5%A5%B3%E3%81%AA%E3%81%AE%E3%81%82%E3%81%8C%E3%82%89%E3%81%9B%E3%81%A6" n1="%68%69%73%61%74%6F%E6%A3%92" n2="%E6%A1%83%E3%83%8E%E5%8A%A9" n3="%E3%83%96%E3%83%BC%E3%83%93%E3%83%BC" dan="16,16,17,16" rate="2138.67,2115.84,2144.26,2212.90" sx="M,M,M,M"/><TAIKYOKU oya="0"/><INIT seed="0,0,0,3,5,24" ten="250,250,250,250" oya="0" hai0="54,23,28,5,6,0,32,69,25,83,115,112,100" hai1="3,90,120,18,111,66,22,59,84,35,106,93,113" hai2="2,63,126,31,26,114,117,64,77,20,81,7,101" hai3="88,16,80,45,79,52,38,127,65,129,53,76,58"/><T82/><D69/><U104/><E35/><V119/><F114/><W15/><G129/><T108/><D100/><U30/><E3/><V134/><F134/><W62/><G127/><T73/><D108/><U122/><E111/><V110/><F110/><W125/><BYE who="2" /><G125/><T87/><D32/><U1/><E1/><UN n2="%E6%A1%83%E3%83%8E%E5%8A%A9" /><V89/><F126/><W29/><G29/><T102/><D102/><U57/><E30/><V10/><F89/><W37/><G37/><T91/><D54/><N who="3" m="21097" /><G38/><T86/><D73/><U56/><E66/><V41/><F41/><W8/><G45/><T103/><D103/><U61/><E61/><V128/><F128/><W51/><G51/><T19/><D19/><U17/><E17/><V74/><REACH who="2" step="1"/><F101/><REACH who="2" ten="250,250,240,250" step="2"/><W94/><G80/><T44/><D44/><U9/><E113/><V42/><F42/><W39/><G39/><T43/><D43/><U27/><REACH who="1" step="1"/><E9/><REACH who="1" ten="250,240,240,250" step="2"/><V11/><F11/><W33/><G33/><T105/><D115/><U121/><AGARI ba="0,2" hai="18,22,27,56,57,59,84,90,93,104,106,120,121,122" machi="121" ten="40,5200,0" yaku="1,1,2,1,0,1,53,0" doraHai="24" doraHaiUra="50" who="1" fromWho="1" sc="250,-26,240,72,240,-13,250,-13" /><INIT seed="1,0,0,3,2,62" ten="224,312,227,237" oya="1" hai0="29,131,66,99,36,20,58,7,52,4,109,69,130" hai1="102,95,90,117,12,16,76,107,67,127,64,38,85" hai2="49,120,86,122,97,54,32,35,0,30,98,34,82" hai3="39,121,124,135,57,87,112,25,96,79,103,116,56"/><U88/><E38/><V125/><F0/><W48/><G39/><T27/><D36/><U50/><E127/><V53/><F30/><W33/><G121/><T83/><D83/><N who="1" m="47335" /><E107/><V21/><F21/><W105/><G112/><T78/><D78/><U13/><E13/><V55/><F49/><W91/><G124/><T22/><D109/><U81/><E50/><V63/><F125/><W128/><G79/><T93/><D22/><N who="1" m="11527" /><E117/><V119/><F119/><W10/><G116/><T9/><D9/><U45/><E45/><V61/><F82/><W68/><G68/><T92/><D92/><U100/><E81/><V23/><F86/><W26/><G135/><T133/><D133/><U2/><E90/><V1/><F1/><W72/><G72/><T5/><D93/><U106/><E2/><V80/><F23/><W59/><G128/><T51/><REACH who="0" step="1"/><D99/><REACH who="0" ten="214,312,227,237" step="2"/><N who="2" m="37898" /><F80/><W3/><G10/><T43/><D43/><U114/><E114/><V24/><F24/><W132/><G132/><T75/><D75/><U101/><E106/><V11/><F11/><W19/><G25/><T84/><D84/><AGARI ba="0,1" hai="64,67,84,88,95,100,101,102" m="11527,47335" machi="84" ten="30,12000,1" yaku="8,1,52,2,54,2" doraHai="62" who="1" fromWho="0" sc="214,-120,312,130,227,0,237,0" /><INIT seed="1,1,0,2,0,76" ten="94,442,227,237" oya="1" hai0="119,41,109,116,21,18,58,27,126,63,34,54,112" hai1="26,1,113,93,24,10,128,81,134,131,114,115,79" hai2="57,129,118,66,72,47,78,59,9,84,7,132,35" hai3="12,43,108,3,23,5,60,86,121,87,22,11,122"/><U13/><E93/><V123/><F123/><W48/><G108/><T101/><D112/><U91/><E91/><V130/><F118/><W53/><G43/><T73/><D109/><U82/><E1/><V64/><F132/><W30/><G60/><T74/><D126/><U0/><E0/><V125/><F35/><W42/><G42/><T83/><D101/><U19/><E134/><V45/><F72/><W62/><G62/><T32/><D74/><U17/><E79/><V95/><F78/><W90/><G86/><T56/><D41/><U71/><E71/><V88/><F125/><W16/><G23/><T36/><D36/><U107/><E107/><V40/><F40/><W68/><G30/><T28/><D73/><U15/><E114/><V104/><F104/><W75/><G68/><T25/><D34/><U117/><E10/><V29/><F29/><W99/><G99/><T89/><REACH who="0" step="1"/><D58/><REACH who="0" ten="84,442,227,237" step="2"/><U8/><E8/><V92/><F59/><W105/><G75/><T52/><D52/><U97/><E117/><V127/><F127/><W49/><G105/><T102/><D102/><U46/><E46/><V96/><F47/><W14/><G3/><T50/><D50/><U106/><E106/><V31/><F45/><W69/><G49/><T120/><D120/><U65/><E65/><V39/><F39/><W135/><G69/><T94/><D94/><U51/><E51/><V37/><F37/><W67/><G135/><T4/><D4/><U77/><E113/><V6/><F66/><W80/><G67/><T20/><D20/><U124/><E115/><V110/><F64/><RYUUKYOKU ba="1,1" sc="84,15,442,-15,227,-15,237,15" hai0="18,21,25,27,28,32,54,56,63,83,89,116,119" hai3="5,11,12,14,16,22,48,53,80,87,90,121,122" /><INIT seed="2,2,1,0,3,114" ten="99,427,212,252" oya="2" hai0="105,78,123,118,52,0,2,20,6,93,133,41,16" hai1="36,5,55,21,32,119,63,120,9,109,38,8,7" hai2="77,113,101,53,73,45,71,24,13,126,39,98,76" hai3="37,84,96,23,1,3,22,26,83,15,50,40,130"/><V27/><F113/><W29/><G37/><T112/><D112/><U64/><E32/><V107/><F126/><W59/><G130/><T104/><D123/><U80/><E55/><V12/><F71/><W97/><G1/><T44/><D133/><U19/><E80/><V94/><F107/><W88/><G3/><T129/><D129/><U74/><E74/><V68/><F68/><W86/><G86/><T106/><D78/><U30/><E109/><V54/><F39/><W95/><G59/><T67/><D67/><U51/><E51/><N who="2" m="28911" /><F73/><W4/><G23/><T17/><D17/><U18/><E30/><V61/><F77/><W90/><G97/><T117/><D93/><U28/><E28/><V82/><F82/><W72/><G72/><T92/><D92/><U57/><E21/><V89/><F101/><W134/><G134/><T70/><D52/><U100/><E100/><V65/><F65/><W125/><G125/><T69/><D69/><U43/><E120/><V10/><F12/><W48/><G40/><T81/><D81/><U75/><E75/><V46/><F76/><W47/><G47/><T60/><D60/><U135/><E135/><V108/><F108/><W33/><G33/><T62/><D62/><U14/><E43/><V85/><F98/><W91/><REACH who="3" step="1"/><G90/><REACH who="3" ten="99,427,212,242" step="2"/><T66/><D70/><U35/><E35/><V31/><F46/><W128/><G128/><T87/><D87/><U115/><E36/><V122/><F122/><W11/><AGARI ba="2,2" hai="4,11,15,22,26,29,48,50,83,84,88,91,95,96" machi="11" ten="30,7900,0" yaku="1,1,0,1,8,1,54,1,53,0" doraHai="114" doraHaiUra="124" who="3" fromWho="3" sc="99,-22,427,-22,212,-41,242,105" /><INIT seed="3,0,0,3,3,5" ten="77,405,171,347" oya="3" hai0="17,119,131,37,120,111,134,51,56,22,44,112,98" hai1="60,73,52,74,42,36,67,50,100,109,83,125,16" hai2="121,103,76,18,114,55,117,97,86,79,84,61,41" hai3="47,19,30,29,126,107,33,8,25,28,46,45,95"/><W80/><G107/><T118/><D120/><U115/><E100/><V122/><F41/><W31/><G126/><T7/><D111/><U66/><E109/><V35/><F35/><W71/><G71/><T57/><D37/><U54/><E83/><V135/><F18/><W64/><G64/><T94/><D131/><U68/><E67/><V82/><F55/><W69/><G69/><T21/><D134/><U99/><E99/><V53/><F53/><W78/><G95/><T130/><D130/><U65/><E54/><V3/><F3/><W58/><G58/><T12/><D112/><U26/><E66/><V101/><F117/><W23/><G33/><T92/><D7/><U63/><E63/><V72/><F61/><W96/><G96/><T129/><D129/><U34/><E34/><V77/><F114/><W108/><G108/><T116/><D94/><U87/><E87/><N who="2" m="33323" /><F103/><W93/><G93/><T110/><D110/><U24/><E125/><V127/><F127/><W102/><G102/><T13/><D44/><N who="1" m="23623" /><E26/><V10/><F135/><W39/><G39/><T2/><D2/><U4/><E115/><V132/><F132/><W128/><G128/><T85/><D85/><U15/><E4/><V123/><F10/><W48/><G48/><T6/><D51/><U90/><E24/><V133/><F133/><W104/><G104/><AGARI ba="0,0" hai="72,76,77,79,82,97,101,104,121,122,123" m="33323" machi="104" ten="30,3900,0" yaku="13,1,34,2" doraHai="5" who="2" fromWho="3" sc="77,0,405,0,171,39,347,-39" /><INIT seed="4,0,0,5,5,77" ten="77,405,210,308" oya="0" hai0="13,17,42,114,50,82,115,90,97,49,87,96,67" hai1="2,111,56,70,68,54,129,47,66,1,41,99,16" hai2="52,103,100,104,20,62,22,98,78,123,126,19,51" hai3="14,4,107,39,21,33,24,81,11,12,118,72,102"/><T93/><D67/><U109/><E99/><V10/><F123/><W35/><G39/><T38/><D38/><U79/><E79/><V29/><F126/><W113/><G118/><T76/><D97/><U23/><E129/><V134/><F134/><W59/><G113/><T57/><D42/><U40/><E40/><V135/><F135/><W64/><G102/><T27/><D27/><U48/><E70/><V128/><F103/><W37/><G107/><T116/><D116/><U25/><E109/><V117/><F117/><W80/><G72/><T0/><D0/><U106/><E106/><V61/><F128/><W30/><G37/><T74/><D96/><U28/><E28/><V60/><F78/><W105/><G105/><T46/><D46/><U55/><E55/><V53/><F10/><W122/><G122/><T130/><D130/><U75/><E75/><V5/><F5/><W6/><G35/><T112/><REACH who="0" step="1"/><D57/><REACH who="0" ten="67,405,210,308" step="2"/><U9/><E1/><V71/><F104/><W15/><G64/><T36/><D36/><N who="1" m="21927" /><E111/><V108/><F108/><W89/><G59/><T3/><D3/><U58/><E58/><N who="2" m="33055" /><F100/><W121/><G121/><T84/><D84/><U32/><E2/><V127/><F98/><W110/><G110/><T91/><D91/><U73/><E73/><V69/><F53/><W43/><G43/><T101/><D101/><U95/><E56/><V92/><F71/><W125/><G89/><T94/><D94/><U8/><E95/><V34/><F92/><W83/><G24/><T119/><D119/><U120/><E68/><V88/><F69/><W85/><G85/><RYUUKYOKU ba="0,1" sc="67,30,405,-10,210,-10,308,-10" hai0="13,17,49,50,74,76,82,87,90,93,112,114,115" /><INIT seed="4,1,1,4,5,33" ten="97,395,200,298" oya="0" hai0="72,50,19,79,130,58,131,22,80,101,60,75,107" hai1="119,43,91,129,16,64,67,7,59,0,18,71,61" hai2="55,21,45,3,105,115,82,98,34,93,40,1,84" hai3="51,28,13,25,133,11,87,46,124,90,54,32,9"/><T70/><D70/><U15/><E129/><N who="0" m="49161" /><D50/><U86/><E0/><V4/><F34/><W121/><G133/><T99/><D79/><U88/><E91/><V106/><F115/><W68/><G124/><T125/><D125/><U63/><E43/><V89/><F55/><W10/><G68/><T81/><D75/><U83/><E119/><V29/><F29/><W66/><G66/><N who="0" m="39191" /><D72/><U97/><E97/><V77/><F21/><W47/><G121/><T117/><D117/><U118/><E118/><V26/><F26/><AGARI ba="1,1" hai="19,22,26,80,81,99,101,107" m="39191,49161" machi="26" ten="30,1500,0" yaku="19,1" doraHai="33" who="0" fromWho="2" sc="97,28,395,0,200,-18,298,0" /><INIT seed="4,2,0,2,3,24" ten="125,395,182,298" oya="0" hai0="17,116,36,37,100,50,135,48,95,41,28,62,106" hai1="16,5,115,45,65,121,71,128,108,23,130,91,54" hai2="69,82,9,18,109,51,76,74,87,25,132,122,49" hai3="92,97,75,27,8,66,34,73,103,4,59,104,3"/><T58/><D106/><U26/><E108/><V60/><F122/><W120/><G120/><T14/><D116/><U46/><E5/><V117/><F109/><W22/><G34/><T39/><D135/><U131/><E115/><V40/><F117/><W67/><G104/><T78/><D78/><U110/><E110/><V0/><F132/><W107/><G107/><T133/><D133/><U96/><E54/><V84/><F60/><W105/><G105/><T68/><D68/><U118/><E118/><V15/><F69/><W113/><G113/><T2/><D2/><U31/><E31/><V47/><F0/><W86/><G86/><T12/><D28/><U13/><E26/><V21/><REACH who="2" step="1"/><F51/><REACH who="2" ten="125,395,172,298" step="2"/><W33/><G33/><T7/><D50/><U1/><E1/><V90/><F90/><W101/><G101/><T123/><D123/><U114/><E121/><V53/><F53/><W129/><G67/><T43/><D48/><U93/><E114/><V57/><F57/><W20/><G59/><T63/><D63/><AGARI ba="2,1" hai="13,16,23,45,46,63,65,71,91,93,96,128,130,131" machi="63" ten="40,2600,0" yaku="19,1,54,1" doraHai="24" who="1" fromWho="0" sc="125,-32,395,42,172,0,298,0" /><INIT seed="5,0,0,1,4,35" ten="93,437,172,298" oya="1" hai0="7,42,36,50,64,37,84,28,26,98,54,8,52" hai1="115,69,4,93,47,49,122,97,22,111,17,43,134" hai2="117,24,78,23,67,2,57,109,94,120,68,79,16" hai3="51,108,6,86,135,44,29,59,48,76,46,96,55"/><U102/><E115/><V62/><F120/><W99/><G108/><T95/><D64/><U38/><E69/><V45/><F117/><W125/><G125/><T72/><D72/><U92/><E134/><V88/><F109/><W58/><G135/><T124/><D124/><U100/><E4/><V83/><F2/><W129/><G6/><T82/><D54/><U110/><E122/><V32/><F32/><W130/><G29/><T70/><D70/><U15/><E38/><V112/><F112/><W25/><G25/><T14/><D42/><U90/><REACH who="1" step="1"/><E102/><REACH who="1" ten="93,427,172,298" step="2"/><V41/><F68/><W18/><G130/><T21/><D37/><U11/><E11/><V33/><F33/><W30/><G129/><T3/><D36/><U121/><E121/><V63/><F63/><W133/><G133/><T132/><D132/><U128/><E128/><V126/><F126/><W85/><G30/><T105/><D3/><U127/><E127/><V53/><F41/><W74/><G74/><T103/><D105/><U9/><E9/><V107/><F107/><W87/><G18/><T80/><REACH who="0" step="1"/><D84/><AGARI ba="0,1" hai="15,17,22,43,47,49,84,90,92,93,97,100,110,111" machi="84" ten="40,7700,0" yaku="1,1,53,2" doraHai="35" doraHaiUra="89" who="1" fromWho="0" sc="93,-77,427,87,172,0,298,0" /><INIT seed="5,1,0,1,1,42" ten="16,514,172,298" oya="1" hai0="41,32,105,116,49,78,58,2,135,8,27,115,50" hai1="56,7,104,44,81,84,29,39,48,97,120,111,127" hai2="4,106,16,112,14,67,47,31,72,36,63,6,79" hai3="123,98,87,40,134,21,20,124,102,23,117,107,96"/><U70/><E70/><V77/><F106/><W121/><G117/><T5/><D116/><U46/><E127/><V60/><F31/><W119/><G119/><T19/><D105/><U3/><E29/><V94/><F112/><W66/><G124/><T85/><D135/><U109/><E7/><V54/><F94/><W90/><G134/><T11/><D115/><U130/><E3/><V53/><F72/><W133/><G133/><T13/><D58/><U9/><E9/><V83/><F83/><W82/><G66/><T57/><D57/><U45/><E39/><V68/><F36/><W22/><N who="3" m="5120" /><DORA hai="122" /><W15/><G15/><T86/><D50/><U17/><E17/><V12/><F16/><W65/><G65/><T101/><D101/><N who="1" m="62511" /><E130/><V126/><F67/><W30/><G30/><T18/><D18/><U26/><E26/><V99/><F99/><W131/><G131/><T93/><D27/><U128/><E56/><V91/><F91/><W74/><G74/><T64/><D32/><U34/><E120/><V80/><F80/><W71/><G71/><T76/><D64/><U0/><E0/><V75/><F75/><W69/><G69/><T95/><D78/><N who="1" m="46135" /><E34/><V114/><F68/><W125/><G125/><T73/><D73/><U28/><E28/><V24/><F126/><W33/><G33/><T103/><D76/><U129/><E128/><V59/><F24/><W61/><G61/><T38/><D38/><U43/><E129/><V51/><F63/><W113/><G113/><T132/><D132/><U37/><E37/><V1/><F114/><W35/><G35/><RYUUKYOKU ba="1,0" sc="16,-10,514,30,172,-10,298,-10" hai1="43,44,45,46,48,109,111" /><INIT seed="5,2,0,2,2,85" ten="6,544,162,288" oya="1" hai0="125,21,117,99,65,92,59,90,10,32,3,35,100" hai1="123,82,54,1,57,91,94,42,131,83,29,118,127" hai2="129,20,75,6,41,37,0,27,2,11,71,25,114" hai3="47,17,40,56,69,74,68,23,4,77,53,88,30"/><U18/><E1/><V98/><F71/><W80/><G30/><T16/><D117/><U101/><E123/><V130/><F0/><W26/><G4/><T15/><D125/><U134/><E101/><V48/><F75/><W103/><G103/><T72/><D72/><U52/><E29/><V108/><F108/><W107/><G107/><T86/><D3/><U46/><E134/><V58/><F114/><W89/><G69/><T119/><D119/><U49/><E54/><V64/><F37/><W50/><G68/><T43/><D43/><U106/><E106/><V96/><F27/><W102/><G102/><T44/><D44/><U9/><E131/><V33/><F33/><W122/><G122/><T5/><D65/><U67/><E67/><V31/><F64/><W51/><AGARI ba="2,0" hai="17,23,26,40,47,50,51,53,56,74,77,80,88,89" machi="51" ten="20,8000,1" yaku="0,1,7,1,52,2,54,1" doraHai="85" who="3" fromWho="3" sc="6,-22,544,-42,162,-22,288,86" owari="-16,-51.6,502,60.2,140,-26.0,374,17.4" /></mjloggm>