<mjloggm ver="2.3"><GO type="169" lobby="0"/><UN n0="%E6%8E%A2%39" n1="%31%35%2E%31%35%63%6D" n2="%E6%B2%B3%E7%AB%A5%E3%81%AE%E3%83%AF%E3%82%AB%E3%83%9E%E3%83%84" n3="%E2%91%A3%E3%82%BB%E3%83%B3%E3%83%81" dan="17,16,17,18" rate="2183.98,2141.60,2172.19,2277.41" sx="M,M,M,M"/><TAIKYOKU oya="0"/><INIT seed="0,0,0,2,3,82" ten="250,250,250,250" oya="0" hai0="73,79,55,83,127,131,89,17,3,85,105,90,128" hai1="9,29,71,81,13,78,118,14,59,125,4,23,46" hai2="120,33,30,26,11,97,5,95,80,126,75,91,69" hai3="64,27,107,51,22,116,54,40,1,48,6,66,49"/><T45/><D3/><U68/><E118/><V63/><F120/><W133/><G107/><T53/><D105/><U32/><E125/><V42/><F126/><W134/><G1/><T7/><D7/><U114/><E114/><V104/><F42/><W76/><G6/><T24/><D127/><U101/><E101/><V77/><F69/><W41/><G76/><T50/><D55/><U61/><E32/><V10/><F63/><W18/><G54/><T115/><D115/><U93/><E93/><V103/><REACH who="2" step="1"/><F5/><REACH who="2" ten="250,250,240,250" step="2"/><W88/><G116/><T100/><D131/><U86/><E71/><V122/><F122/><W39/><G39/><T124/><D128/><U12/><E68/><V37/><F37/><W109/><G41/><T111/><D124/><U47/><E4/><V94/><F94/><W130/><G40/><T56/><D50/><U16/><E29/><V25/><F25/><W129/><G129/><T135/><D24/><N who="1" m="14439" /><E9/><V87/><AGARI ba="0,1" hai="10,11,26,30,33,75,77,80,87,91,95,97,103,104" machi="87" ten="20,12000,2" yaku="1,1,0,1,7,1,24,2,52,1,53,0" doraHai="82" doraHaiUra="108" who="2" fromWho="2" sc="250,-60,250,-30,240,130,250,-30" /><INIT seed="1,0,0,3,5,111" ten="190,220,370,220" oya="1" hai0="45,9,21,79,71,78,101,18,83,107,130,53,104" hai1="116,131,69,23,70,134,42,96,89,60,118,73,58" hai2="132,133,114,74,97,30,22,77,4,25,11,109,20" hai3="5,62,7,119,113,99,80,51,92,81,82,0,103"/><U3/><E3/><N who="2" m="415" /><F97/><W52/><G113/><T38/><D71/><U28/><E73/><V91/><F91/><W67/><G119/><T120/><D130/><U128/><E42/><V17/><F77/><W14/><G0/><T88/><D9/><U57/><E134/><N who="2" m="51819" /><F74/><W40/><G14/><T121/><D101/><U105/><E28/><V33/><F109/><W115/><G115/><T36/><D78/><U90/><E23/><N who="2" m="8747" /><F114/><W12/><G12/><T72/><D88/><U86/><E96/><V19/><AGARI ba="0,0" hai="17,19,25,30,33" m="8747,51819,415" machi="19" ten="30,4000,0" yaku="20,1,34,2" doraHai="111" who="2" fromWho="2" sc="190,-10,220,-20,370,40,220,-10" /><INIT seed="2,0,0,1,2,22" ten="180,200,410,210" oya="2" hai0="114,77,45,70,101,106,32,6,81,31,13,109,85" hai1="53,40,4,60,43,88,1,48,104,65,75,9,24" hai2="111,112,36,94,131,23,76,79,128,74,0,92,117" hai3="27,102,91,15,54,108,5,2,95,28,21,56,52"/><V26/><F0/><W83/><G108/><T47/><D109/><U68/><E75/><V37/><F111/><W12/><G2/><T89/><D114/><U30/><E104/><V99/><F112/><W135/><G135/><T57/><D70/><U126/><E126/><V20/><F74/><W7/><G102/><T41/><D106/><U63/><E63/><V84/><F84/><W78/><G15/><T122/><D101/><U123/><E88/><V133/><F133/><W72/><G12/><T100/><D100/><U50/><E123/><V120/><F120/><W90/><G90/><T130/><D130/><U8/><E8/><V10/><F10/><W86/><REACH who="3" step="1"/><G54/><REACH who="3" ten="180,200,410,200" step="2"/><T110/><D89/><U62/><E53/><V105/><F128/><W16/><G16/><T66/><D110/><U14/><E1/><V69/><F131/><W71/><G71/><T11/><D122/><U103/><E103/><V116/><F69/><W124/><G124/><T67/><D57/><U93/><E68/><V121/><F105/><W17/><G17/><T127/><D127/><U73/><E14/><V132/><F121/><W113/><G113/><T129/><D129/><U39/><E4/><V97/><REACH who="2" step="1"/><F132/><REACH who="2" ten="180,200,400,200" step="2"/><W107/><G107/><T18/><D6/><U44/><E9/><V58/><F58/><W80/><G80/><T134/><D134/><U119/><E93/><V118/><F118/><W38/><G38/><N who="0" m="21687" /><D47/><U33/><E44/><V42/><F42/><W51/><AGARI ba="0,2" hai="5,7,21,27,28,51,52,56,72,78,83,86,91,95" machi="51" ten="20,12000,2" yaku="1,1,0,1,7,1,52,1,54,1,53,1" doraHai="22" doraHaiUra="46" who="3" fromWho="3" sc="180,-30,200,-30,400,-60,200,140" /><INIT seed="3,0,0,3,5,75" ten="150,170,340,340" oya="3" hai0="83,110,39,129,135,27,56,124,79,96,58,117,31" hai1="44,36,126,81,78,52,111,74,61,115,122,84,14" hai2="22,62,131,118,89,114,72,55,70,60,65,134,100" hai3="33,97,91,82,105,24,107,112,15,88,53,66,95"/><W99/><G112/><T98/><D117/><U94/><E115/><V42/><F114/><W120/><G120/><T109/><D39/><U64/><E122/><V57/><F118/><W73/><G66/><T12/><D12/><U49/><E111/><N who="0" m="42505" /><D129/><U128/><E128/><V6/><F131/><W18/><G53/><T23/><D124/><U2/><E2/><V51/><F134/><W47/><G47/><T123/><D123/><U92/><E126/><V87/><F72/><W16/><G99/><N who="0" m="37931" /><D135/><U34/><E34/><V45/><F6/><W10/><G18/><T9/><D9/><U71/><E36/><V104/><F22/><W127/><G127/><T67/><D67/><U26/><E26/><V59/><F104/><W4/><G4/><T63/><D63/><U102/><E102/><V76/><F100/><W101/><G101/><T5/><D5/><U54/><E14/><V130/><F130/><W41/><G41/><T11/><D11/><U37/><E37/><V32/><F32/><W0/><G0/><T8/><D8/><U125/><E125/><V119/><F119/><W38/><G38/><T43/><D43/><U113/><E113/><V85/><F42/><W7/><G7/><T3/><D3/><U30/><E54/><V86/><F89/><W35/><G91/><T28/><D31/><U106/><E30/><V116/><F116/><W80/><G107/><T40/><D40/><U68/><E106/><V103/><F103/><W108/><G105/><T77/><D83/><N who="3" m="31785" /><G108/><T121/><D121/><U13/><E74/><V1/><F1/><W133/><G133/><RYUUKYOKU ba="0,0" sc="150,30,170,-10,340,-10,340,-10" hai0="23,27,28,56,58,77,79" /><INIT seed="4,1,0,5,3,102" ten="180,160,330,330" oya="0" hai0="110,23,80,0,19,134,34,25,15,33,121,49,119" hai1="99,7,52,103,2,106,9,32,39,132,79,86,16" hai2="47,21,84,12,29,50,44,64,130,68,76,77,125" hai3="61,36,104,131,71,45,59,88,92,28,6,78,3"/><T40/><D119/><U42/><E132/><V54/><F130/><W116/><G116/><T14/><D121/><U93/><E32/><N who="0" m="12393" /><D49/><U97/><E39/><V113/><F113/><W41/><G28/><N who="0" m="17471" /><D80/><U67/><E42/><V51/><F125/><W13/><G71/><T69/><D40/><U112/><E112/><V4/><F68/><W1/><G78/><T31/><D69/><U91/><E67/><V122/><F64/><W70/><G104/><T11/><D134/><U10/><E79/><V123/><F84/><W27/><G131/><T53/><D53/><U101/><E52/><N who="2" m="29767" /><F123/><W55/><G70/><T26/><D110/><U38/><E38/><V73/><F73/><W133/><G133/><T109/><D109/><U24/><E24/><N who="2" m="16527" /><F122/><W30/><G36/><T8/><D0/><U5/><E86/><V17/><F77/><W107/><G3/><T46/><D46/><U65/><E65/><V111/><F111/><W124/><G1/><T126/><D126/><U83/><E83/><V58/><F47/><W108/><G124/><T118/><D118/><U60/><E2/><V129/><F76/><W43/><G108/><T35/><D15/><U115/><E115/><V62/><F51/><W127/><G127/><T81/><D81/><U22/><E106/><V66/><F66/><W135/><G107/><T94/><D94/><U20/><E93/><V95/><F95/><W96/><G135/><T56/><D56/><U98/><E98/><V100/><F129/><W48/><G43/><T74/><D74/><U117/><E99/><V72/><F72/><W90/><G41/><RYUUKYOKU ba="1,0" sc="180,30,160,-10,330,-10,330,-10" hai0="8,11,14,19,26,31,35" /><INIT seed="4,2,0,4,5,125" ten="210,150,320,320" oya="0" hai0="18,79,97,73,52,91,43,33,115,120,7,126,87" hai1="22,86,13,50,117,90,102,19,71,14,130,78,58" hai2="70,69,92,94,95,114,29,51,63,54,47,66,77" hai3="35,37,83,36,112,60,25,28,104,100,80,42,23"/><T133/><D120/><U49/><E71/><V44/><F114/><W88/><G112/><T45/><D115/><U65/><E117/><V72/><F70/><W5/><G5/><T32/><D7/><U123/><E123/><V10/><F29/><W119/><G119/><T84/><D126/><U62/><E78/><V113/><F113/><W99/><G23/><T131/><D97/><U107/><E107/><V20/><F20/><W93/><G60/><T98/><D98/><U46/><E102/><V67/><F66/><W96/><REACH who="3" step="1"/><G42/><REACH who="3" ten="210,150,320,310" step="2"/><T16/><D43/><U17/><E130/><V30/><F10/><W12/><G12/><T31/><D33/><U53/><E14/><V4/><F4/><W40/><G40/><T124/><D32/><U132/><E132/><V116/><F116/><W82/><AGARI ba="2,1" hai="25,28,35,36,37,80,82,83,88,93,96,99,100,104" machi="82" ten="30,7900,0" yaku="1,1,0,1,54,1,53,1" doraHai="125" doraHaiUra="27" who="3" fromWho="3" sc="210,-41,150,-22,320,-22,310,95" /><INIT seed="5,0,0,3,1,8" ten="169,128,298,405" oya="1" hai0="61,98,43,14,111,55,41,103,127,74,60,19,52" hai1="40,125,82,46,105,77,120,126,45,37,31,9,92" hai2="88,22,117,81,113,58,3,26,4,89,99,67,24" hai3="11,133,35,57,7,102,131,47,123,94,91,10,95"/><U100/><E120/><V36/><F117/><W44/><G35/><T53/><D74/><N who="1" m="43319" /><E31/><V63/><F36/><W23/><G123/><T130/><D111/><U112/><E46/><V118/><F118/><W83/><G131/><T0/><D127/><N who="1" m="48651" /><E92/><V15/><F3/><W42/><G47/><T62/><D0/><U109/><E112/><V114/><F99/><W16/><G94/><N who="0" m="58839" /><D130/><U2/><E100/><V75/><F75/><W70/><G102/><T65/><D65/><U29/><E29/><N who="2" m="17559" /><F26/><W25/><G25/><T132/><D132/><U96/><E96/><V49/><F49/><W78/><G133/><T72/><D72/><U128/><E128/><V110/><F110/><W119/><G119/><T59/><D59/><U121/><E121/><V21/><F81/><W18/><G83/><T129/><D129/><U12/><E109/><V79/><F79/><W34/><G78/><T5/><D5/><N who="1" m="3119" /><E2/><V69/><F58/><W107/><G57/><T27/><D27/><U93/><E93/><V30/><F89/><W101/><G91/><T134/><D134/><U17/><E17/><V115/><F88/><W84/><G18/><T54/><N who="0" m="13312" /><DORA hai="1" /><T76/><D76/><U68/><E68/><V50/><F30/><W71/><G16/><T33/><D33/><U73/><E73/><V51/><F114/><W80/><G34/><T56/><D56/><U66/><E66/><V106/><F115/><W104/><G71/><T124/><D124/><U116/><E116/><V87/><F113/><W6/><G70/><T90/><D90/><U135/><E135/><V20/><F69/><RYUUKYOKU ba="0,0" sc="169,15,128,15,298,-15,405,-15" hai0="14,19,41,43,60,61,62" hai1="37,40,45,105" /><INIT seed="5,1,0,2,0,34" ten="184,143,283,390" oya="1" hai0="80,24,54,135,27,101,47,97,14,3,45,31,44" hai1="133,58,95,115,98,19,107,96,121,20,66,21,28" hai2="111,127,70,123,26,87,134,88,7,117,103,62,108" hai3="69,116,84,50,73,46,17,125,40,48,39,49,105"/><U51/><E121/><V37/><F117/><W71/><G73/><T2/><D54/><U15/><E115/><V113/><F123/><W42/><G105/><T9/><D80/><U92/><E133/><V10/><F37/><N who="3" m="21775" /><G17/><T106/><D135/><U65/><E107/><V124/><F134/><W6/><G84/><T16/><REACH who="0" step="1"/><D24/><REACH who="0" ten="174,143,283,390" step="2"/><N who="1" m="16399" /><E95/><V85/><F26/><W56/><G116/><T63/><D63/><U100/><E98/><V120/><F62/><W33/><G42/><T76/><D76/><U89/><E89/><V61/><F88/><W64/><G64/><T35/><AGARI ba="1,1" hai="2,3,9,14,16,27,31,35,44,45,47,97,101,106" machi="35" ten="30,8000,1" yaku="1,1,0,1,52,2,54,1,53,0" doraHai="34" doraHaiUra="72" who="0" fromWho="0" sc="174,93,143,-41,283,-21,390,-21" /><INIT seed="6,0,0,1,5,64" ten="267,102,262,369" oya="2" hai0="115,30,37,130,109,55,114,73,22,75,99,41,111" hai1="40,14,122,53,106,32,48,123,88,2,78,82,63" hai2="74,13,120,133,21,79,7,71,0,66,38,76,102" hai3="45,68,47,81,25,23,87,69,50,58,26,62,9"/><V51/><F120/><W49/><G9/><T42/><D55/><U121/><E2/><V52/><F38/><W20/><G58/><T113/><D130/><U10/><E32/><V105/><F0/><W112/><G62/><T84/><D84/><U93/><E106/><V27/><F102/><W92/><G92/><T86/><D86/><U70/><E40/><N who="0" m="15465" /><D99/><U3/><E3/><V118/><F105/><W43/><G43/><T60/><D60/><U101/><E101/><V33/><F33/><W108/><G87/><T24/><D37/><U8/><E82/><V56/><F74/><AGARI ba="0,0" hai="22,24,30,73,74,75,109,111,113,114,115" m="15465" machi="74" ten="40,1300,0" yaku="15,1" doraHai="64" who="0" fromWho="2" sc="267,13,102,0,262,-13,369,0" /><INIT seed="7,0,0,4,3,127" ten="280,102,249,369" oya="3" hai0="68,131,81,12,45,119,103,38,69,76,90,55,52" hai1="5,112,71,53,67,56,1,77,123,31,92,128,26" hai2="22,36,95,116,11,79,115,105,114,27,126,125,19" hai3="83,122,16,120,84,49,93,40,109,134,132,96,124"/><W6/><G6/><T43/><D119/><U88/><E123/><V70/><F105/><W102/><G124/><N who="2" m="47721" /><F70/><W94/><G109/><T20/><D103/><U24/><E112/><N who="2" m="43051" /><F36/><W108/><G108/><T64/><D90/><U54/><E77/><V35/><F95/><W10/><G94/><T106/><D106/><U47/><E5/><V117/><F79/><W82/><G82/><T62/><D69/><U60/><E1/><V129/><F129/><W0/><G0/><T113/><D131/><U33/><E24/><N who="2" m="14431" /><F11/><W91/><G49/><T8/><D113/><U104/><E104/><V58/><F58/><W3/><G40/><T13/><D81/><U98/><E47/><V100/><F100/><W15/><G83/><T28/><D76/><U29/><E29/><AGARI ba="0,0" hai="27,29,35,116,117" m="14431,43051,47721" machi="29" ten="30,7700,0" yaku="18,1,15,1,34,2" doraHai="127" who="2" fromWho="1" sc="280,0,102,-77,249,77,369,0" owari="280,-12.0,25,-47.5,326,12.6,369,46.9" /></mjloggm>