<mjloggm ver="2.3"><GO type="169" lobby="0"/><UN n0="%E6%98%8E%E6%98%9F%E5%B8%82%E6%B0%91" n1="%2D%E8%B1%8A%E5%8F%A3%E3%82%81%E3%81%90%E3%81%BF%2D" n2="%E4%B8%9E%E9%A3%9B" n3="%70%6F%6E%2D%65%6E" dan="16,17,16,16" rate="2140.45,2209.40,2059.65,2098.73" sx="M,F,M,F"/><TAIKYOKU oya="0"/><INIT seed="0,0,0,0,5,13" ten="250,250,250,250" oya="0" hai0="40,113,71,93,26,99,78,58,116,129,126,73,130" hai1="121,50,86,14,75,49,100,112,17,20,135,54,131" hai2="21,80,34,103,98,1,105,123,94,114,120,45,109" hai3="18,41,115,32,104,90,95,22,25,56,46,5,106"/><T76/><D116/><U4/><E121/><V84/><F34/><W62/><G115/><T60/><D113/><U48/><E75/><V27/><F114/><W65/><G5/><T122/><D126/><U70/><E112/><V39/><F109/><W101/><G32/><T28/><D71/><U82/><E70/><V38/><F1/><W68/><G101/><T67/><D40/><U43/><E131/><N who="0" m="50185" /><D73/><U36/><E135/><V83/><F105/><W47/><G68/><T30/><D122/><U64/><E64/><V97/><F97/><W63/><G63/><T118/><D118/><U134/><E134/><V89/><F80/><W61/><G61/><T52/><D67/><U0/><E100/><V9/><F9/><W12/><G25/><T128/><N who="0" m="50193" /><T15/><DORA hai="44" /><D15/><U92/><E92/><V102/><F102/><W11/><G11/><T88/><D30/><U53/><E4/><V3/><F3/><W87/><REACH who="3" step="1"/><G47/><REACH who="3" ten="250,250,250,240" step="2"/><T127/><D127/><U51/><E0/><V42/><REACH who="2" step="1"/><F39/><AGARI ba="0,1" hai="12,18,22,39,41,46,56,62,65,87,90,95,104,106" machi="39" ten="30,8000,1" yaku="1,1,2,1,7,1,52,1,53,1" doraHai="13,44" doraHaiUra="55,96" who="3" fromWho="2" sc="250,0,250,0,250,-80,240,90" /><INIT seed="1,0,0,0,1,3" ten="250,250,170,330" oya="1" hai0="107,50,28,134,39,36,45,9,73,49,99,20,133" hai1="135,64,85,122,101,119,78,54,1,128,123,66,25" hai2="46,97,111,48,116,98,35,31,120,117,67,21,105" hai3="80,90,47,118,89,124,79,61,86,58,60,62,88"/><U11/><E119/><V40/><F35/><W94/><G124/><T83/><D107/><U41/><E128/><V84/><F111/><W59/><G118/><T5/><D99/><U121/><E135/><N who="0" m="51721" /><D28/><U108/><E108/><V91/><F120/><W7/><G47/><T65/><D20/><U102/><E41/><V43/><F67/><W69/><G69/><T13/><D65/><U52/><E25/><V4/><F105/><W8/><REACH who="3" step="1"/><G94/><REACH who="3" ten="250,250,170,320" step="2"/><T96/><D39/><U81/><E123/><V113/><F116/><W22/><G22/><T104/><D36/><U63/><E122/><V93/><F117/><W70/><G70/><T51/><D104/><U15/><E121/><V19/><F113/><W32/><G32/><T0/><D96/><U87/><E1/><AGARI ba="0,1" hai="1,7,8,58,59,60,61,62,79,80,86,88,89,90" machi="1" ten="40,5200,0" yaku="1,1,52,1,54,1,53,0" doraHai="3" doraHaiUra="129" who="3" fromWho="1" sc="250,0,250,-52,170,0,320,62" /><INIT seed="2,0,0,5,4,76" ten="250,198,170,382" oya="2" hai0="134,85,109,129,90,16,56,123,112,95,79,14,50" hai1="26,66,3,71,39,24,67,44,125,83,41,115,60" hai2="57,105,106,59,103,22,33,20,27,118,130,128,17" hai3="43,1,133,25,34,61,40,21,31,81,55,54,101"/><V65/><F118/><W8/><G133/><T0/><D112/><U12/><E115/><V10/><F33/><W113/><G113/><T91/><D123/><U121/><E3/><V37/><F37/><W80/><G101/><T36/><D0/><U127/><E121/><V107/><F103/><W42/><G34/><T120/><D36/><U64/><E12/><V102/><F102/><W53/><REACH who="3" step="1"/><G61/><REACH who="3" ten="250,198,170,372" step="2"/><T38/><D134/><U122/><E122/><V97/><F128/><W51/><G51/><T29/><D129/><U75/><E60/><V116/><F130/><W94/><G94/><T100/><D100/><U47/><E39/><V9/><F116/><W2/><G2/><T63/><D50/><U77/><E125/><V45/><F106/><W28/><G28/><T46/><D29/><U23/><E127/><V89/><F105/><W114/><G114/><T98/><D38/><U78/><E71/><V82/><F107/><W111/><G111/><T5/><D109/><U48/><E47/><V88/><F45/><W68/><G68/><T52/><D46/><U92/><E92/><V119/><F119/><W126/><G126/><T35/><D35/><U62/><E62/><V7/><F65/><W4/><AGARI ba="0,1" hai="1,4,8,21,25,31,40,42,43,53,54,55,80,81" machi="4" ten="40,8000,1" yaku="1,1,0,1,52,2,53,0" doraHai="76" doraHaiUra="99" who="3" fromWho="3" sc="250,-20,198,-20,170,-40,372,90" /><INIT seed="3,0,0,3,3,6" ten="230,178,130,462" oya="3" hai0="34,133,116,120,50,47,57,131,35,123,81,71,49" hai1="4,24,94,65,97,41,9,125,28,100,38,112,16" hai2="55,18,119,32,74,19,115,21,108,60,79,77,104" hai3="53,128,27,56,109,72,130,13,42,107,76,30,3"/><W63/><G107/><T45/><D81/><U62/><E112/><V5/><F108/><W101/><G101/><T23/><D23/><U59/><E125/><V66/><F115/><W17/><G3/><T132/><D57/><U67/><E38/><V85/><F32/><W69/><G109/><T87/><D87/><U7/><E41/><V129/><F129/><W31/><G42/><T134/><D71/><U84/><E67/><V2/><F104/><W46/><G46/><N who="0" m="17419" /><D116/><U126/><E126/><V26/><F55/><W8/><G69/><T121/><D131/><N who="3" m="50217" /><G27/><T110/><D110/><U113/><E84/><V99/><F99/><W68/><G68/><T88/><D88/><U22/><E113/><V90/><F74/><W25/><G25/><T64/><D64/><U11/><E28/><V1/><F119/><W48/><G63/><T52/><D52/><U61/><E61/><V20/><F60/><W15/><G15/><T117/><D117/><U83/><E83/><AGARI ba="0,0" hai="8,13,17,30,31,48,53,56,72,76,83" m="50217" machi="83" ten="30,2900,0" yaku="19,1,52,1" doraHai="6" who="3" fromWho="1" sc="230,0,178,-29,130,0,462,29" /><INIT seed="3,1,0,3,1,18" ten="230,149,130,491" oya="3" hai0="43,33,132,15,27,29,13,25,21,49,56,117,102" hai1="9,76,61,83,127,129,28,4,98,8,86,115,41" hai2="16,113,120,128,45,110,85,91,90,47,30,22,2" hai3="67,106,14,135,6,80,75,42,81,72,24,32,84"/><W64/><G135/><T40/><D117/><U55/><E115/><V10/><F113/><W96/><G42/><T12/><D132/><U130/><E127/><V79/><F110/><W11/><G106/><T63/><D49/><U1/><E9/><V54/><F128/><W26/><G96/><T53/><REACH who="0" step="1"/><D102/><REACH who="0" ten="220,149,130,491" step="2"/><U104/><E129/><V82/><F120/><W99/><G75/><T19/><AGARI ba="1,1" hai="12,13,15,19,21,25,27,29,33,40,43,53,56,63" machi="19" ten="30,7900,0" yaku="1,1,2,1,0,1,52,1,53,0" doraHai="18" doraHaiUra="73" who="0" fromWho="0" sc="220,92,149,-21,130,-21,491,-40" /><INIT seed="4,0,0,2,5,74" ten="312,128,109,451" oya="0" hai0="81,123,126,90,27,13,62,29,116,1,84,2,108" hai1="98,105,91,64,88,9,95,57,130,22,55,73,48" hai2="101,58,38,103,8,133,131,70,28,112,76,39,67" hai3="83,20,26,102,80,15,119,53,12,97,6,33,110"/><T100/><D116/><U109/><E109/><V16/><F28/><W24/><G110/><T69/><D123/><U59/><E130/><V125/><F70/><W107/><G119/><T66/><D126/><U25/><E73/><V11/><F112/><W21/><G33/><T87/><D108/><U46/><E105/><V5/><F133/><W114/><G114/><T77/><D13/><U127/><E127/><V23/><F131/><W68/><G68/><T49/><D49/><U118/><E118/><V82/><F125/><W135/><G135/><T61/><D61/><U128/><E128/><V120/><F120/><W111/><G111/><T4/><D4/><U51/><E9/><V121/><F121/><W72/><G72/><T52/><D52/><N who="1" m="29719" /><E64/><V94/><F39/><W40/><G40/><T44/><D44/><N who="1" m="28135" /><E91/><V14/><F38/><W31/><G15/><T50/><D50/><U93/><E93/><V3/><F8/><W41/><G41/><T86/><D100/><U96/><E96/><V45/><F45/><W134/><G53/><T30/><D30/><AGARI ba="0,0" hai="22,25,30,57,59,88,95,98" m="28135,29719" machi="30" ten="30,3900,0" yaku="8,1,54,2" doraHai="74" who="1" fromWho="0" sc="312,-39,128,39,109,0,451,0" /><INIT seed="5,0,0,5,5,126" ten="273,167,109,451" oya="1" hai0="94,60,78,63,29,8,104,54,132,125,131,91,20" hai1="14,47,76,108,3,114,113,23,124,27,90,134,61" hai2="7,59,84,70,68,64,43,66,31,6,133,62,67" hai3="96,48,24,15,33,73,102,117,99,128,65,45,89"/><U4/><E76/><V92/><F133/><W116/><G116/><T87/><D104/><U18/><E90/><V112/><F112/><N who="1" m="43113" /><E61/><V34/><F43/><W11/><G65/><T115/><D125/><U93/><E93/><V50/><F34/><W39/><G39/><T53/><D132/><U51/><E124/><V30/><F50/><W1/><G1/><T121/><D121/><U81/><E81/><V83/><F92/><W86/><G73/><T10/><D63/><U120/><E120/><V69/><F62/><W101/><G96/><T109/><D78/><U46/><E134/><V40/><F40/><W49/><G49/><T5/><D60/><U103/><E103/><V57/><F83/><W119/><G101/><T111/><D54/><U100/><E100/><V135/><F84/><W26/><G99/><T71/><D53/><U22/><E108/><V88/><F88/><W105/><G102/><T75/><D75/><U106/><E106/><V28/><REACH who="2" step="1"/><F135/><REACH who="2" ten="273,167,99,451" step="2"/><W85/><G117/><T32/><D91/><U80/><E80/><V35/><F35/><W25/><G119/><T0/><D115/><U38/><E51/><V98/><F98/><W58/><G89/><T123/><D109/><U42/><E42/><V55/><F55/><W74/><G86/><T118/><D87/><U44/><E38/><V36/><F36/><W110/><G85/><T16/><D111/><U122/><E122/><V2/><F2/><W19/><G110/><T21/><D118/><U13/><E3/><V130/><F130/><W97/><G74/><T12/><D131/><U56/><E46/><RYUUKYOKU ba="0,1" sc="273,-10,167,-10,99,30,451,-10" hai2="6,7,28,30,31,57,59,64,66,67,68,69,70" /><INIT seed="6,1,1,1,2,24" ten="263,157,129,441" oya="2" hai0="7,39,92,111,20,135,104,56,80,96,98,129,30" hai1="75,63,0,37,35,121,21,126,58,110,88,9,101" hai2="90,42,71,115,2,81,68,116,109,59,86,43,127" hai3="38,33,5,47,64,132,22,76,100,48,120,49,89"/><V106/><F116/><W123/><G33/><T34/><D39/><U19/><E110/><V134/><F106/><W28/><G38/><T73/><D34/><U13/><E75/><V66/><F109/><W99/><G76/><T55/><D7/><U128/><E37/><V6/><F127/><W15/><G89/><T40/><D135/><U114/><E35/><V117/><F134/><W97/><G64/><T14/><D40/><U3/><E101/><V102/><F117/><W105/><G97/><T74/><D129/><U84/><E128/><V12/><F115/><W62/><G62/><T60/><D104/><U36/><E36/><V112/><F112/><W95/><G105/><T10/><D98/><U87/><E114/><V31/><F102/><W23/><G49/><T65/><D80/><U45/><E45/><V82/><F2/><W57/><G57/><T93/><D93/><U50/><E50/><V124/><F124/><W91/><G100/><T44/><D10/><U79/><E126/><V108/><F108/><W16/><G5/><T72/><D44/><U131/><E131/><V41/><F81/><W83/><G83/><T29/><D65/><N who="1" m="39159" /><E79/><V103/><F103/><W51/><G51/><T4/><D111/><U94/><E87/><V67/><F67/><W27/><G132/><T46/><D46/><U1/><E121/><V54/><F66/><W118/><G118/><T130/><D130/><U52/><E52/><AGARI ba="1,1" hai="15,16,22,23,27,28,47,48,52,91,95,99,120,123" machi="52" ten="30,7700,0" yaku="7,1,52,1,54,2" doraHai="24" who="3" fromWho="1" sc="263,0,157,-80,129,0,441,90" /><INIT seed="7,0,0,1,3,71" ten="263,77,129,531" oya="3" hai0="127,103,86,93,100,24,115,63,41,40,62,0,51" hai1="67,77,85,74,89,11,50,132,15,83,90,121,10" hai2="6,2,56,70,55,99,54,3,69,102,131,68,33" hai3="17,14,125,35,59,124,39,26,97,1,84,123,22"/><W111/><G39/><T21/><D0/><U49/><E132/><V4/><F33/><W105/><G123/><T108/><D108/><U78/><E121/><V27/><F131/><W113/><G111/><T9/><D9/><U91/><E74/><V23/><F3/><W80/><G113/><T82/><D127/><U58/><E78/><V88/><F88/><W98/><G1/><T81/><D81/><U92/><E92/><V129/><F129/><W19/><G59/><T47/><D41/><U65/><E10/><V133/><F133/><W130/><G130/><T128/><D115/><U95/><E95/><V79/><F79/><W66/><G66/><T53/><D40/><U118/><E118/><V101/><F2/><W37/><G37/><T45/><D45/><U122/><E122/><V36/><F36/><W31/><G105/><T42/><D42/><U20/><E20/><V120/><F120/><W16/><G17/><T119/><D119/><U29/><E29/><V60/><F55/><W107/><G107/><T94/><D94/><U30/><E30/><V126/><F126/><W135/><G135/><T25/><D93/><U12/><E12/><V38/><F38/><W32/><G32/><T104/><D104/><U106/><E106/><V76/><F76/><W5/><G5/><T75/><D75/><U28/><E28/><V117/><F117/><W61/><G125/><T109/><D109/><U110/><E110/><V87/><F102/><W43/><G124/><T18/><D128/><U52/><E49/><V13/><F13/><W48/><G35/><T46/><D103/><RYUUKYOKU ba="0,0" sc="263,-10,77,30,129,-10,531,-10" hai1="11,15,50,52,58,65,67,77,83,85,89,90,91" owari="253,5.3,107,-39.3,119,-28.1,521,62.1" /></mjloggm>