<mjloggm ver="2.3"><GO type="169" lobby="0"/><UN n0="%E3%82%A2%E3%83%B3%E3%81%95%E3%82%93" n1="%E8%A3%8F%E7%9F%A5%E3%82%89%E3%81%9A" n2="%E3%81%9B%E3%81%A9%E3%81%AA%E3%82%8A%E3%81%82%E3%82%93" n3="%4B%6F%74%61%38%31%36" dan="18,17,17,17" rate="2198.44,2202.13,2214.27,2171.44" sx="M,M,F,M"/><TAIKYOKU oya="0"/><INIT seed="0,0,0,1,4,34" ten="250,250,250,250" oya="0" hai0="104,90,87,41,57,120,52,85,29,63,68,94,49" hai1="6,76,102,133,56,84,18,21,83,64,123,132,1" hai2="26,100,114,115,82,126,38,25,79,71,37,61,112" hai3="22,70,110,12,119,108,28,88,128,16,69,50,95"/><T89/><D120/><U62/><E123/><V116/><F100/><W44/><G119/><T86/><D104/><U9/><REACH who="1" step="1"/><E102/><REACH who="1" ten="250,240,250,250" step="2"/><V20/><F112/><W51/><G128/><T134/><D134/><U59/><E59/><V101/><F114/><W129/><G129/><T46/><D68/><U96/><E96/><V122/><F101/><W15/><G69/><T81/><D29/><U127/><E127/><V36/><F126/><W113/><G70/><T72/><D72/><U58/><E58/><V65/><F115/><W117/><G113/><T35/><D35/><U75/><E75/><V30/><F122/><W3/><G28/><T92/><REACH who="0" step="1"/><D81/><REACH who="0" ten="240,240,250,250" step="2"/><U118/><E118/><V131/><F116/><W67/><G117/><T33/><D33/><U124/><E124/><V125/><F125/><W121/><G121/><T99/><AGARI ba="0,2" hai="41,46,49,52,57,63,85,86,87,89,90,92,94,99" machi="99" ten="20,12000,1" yaku="1,1,0,1,7,1,8,1,54,1,53,0" doraHai="34" doraHaiUra="10" who="0" fromWho="0" sc="240,140,240,-40,250,-40,250,-40" /><INIT seed="0,1,0,0,3,73" ten="380,200,210,210" oya="0" hai0="26,110,54,22,21,60,108,16,101,134,47,107,6" hai1="85,105,87,52,126,12,40,129,124,135,31,97,80" hai2="13,92,15,62,100,119,20,0,121,18,122,83,104" hai3="14,91,29,117,53,57,36,115,130,113,68,9,39"/><T1/><D134/><U132/><E40/><V79/><F0/><W89/><G117/><T33/><D33/><U88/><E31/><V77/><F104/><W120/><G68/><T123/><D123/><U125/><E129/><V94/><F119/><W133/><G130/><T46/><D107/><U78/><E12/><V109/><F109/><N who="0" m="42090" /><D101/><N who="1" m="62639" /><E52/><V27/><F83/><AGARI ba="1,0" hai="78,80,83,85,87,88,124,125,126,132,135" m="62639" machi="83" ten="40,8000,1" yaku="18,1,34,2,52,1,54,1" doraHai="73" who="1" fromWho="2" sc="380,0,200,83,210,-83,210,0" /><INIT seed="1,0,0,5,5,33" ten="380,283,127,210" oya="1" hai0="102,121,107,131,88,22,112,26,2,98,9,114,18" hai1="65,46,108,109,110,34,3,39,48,29,44,99,123" hai2="94,14,96,90,75,100,59,20,84,42,10,122,38" hai3="54,56,113,45,37,118,19,111,92,133,82,53,61"/><U95/><E123/><V101/><F122/><W71/><G113/><T70/><D121/><U35/><E39/><V62/><F75/><W40/><G19/><T52/><D131/><U125/><E125/><V135/><F135/><W60/><G133/><T78/><D70/><U93/><E95/><V119/><F119/><W41/><G82/><T85/><D78/><U127/><E127/><V132/><F132/><W73/><G73/><T5/><REACH who="0" step="1"/><D52/><REACH who="0" ten="370,283,127,210" step="2"/><N who="1" m="29703" /><E109/><V49/><F42/><N who="3" m="22735" /><G111/><T103/><D103/><U115/><E115/><V43/><F43/><N who="3" m="16459" /><G118/><T4/><D4/><U66/><E110/><V6/><F38/><W134/><G134/><T126/><D126/><U23/><E108/><V11/><F49/><W76/><G76/><T50/><D50/><U15/><E65/><V87/><F100/><W32/><G32/><T8/><D8/><U36/><E35/><V17/><F101/><W51/><G53/><T74/><D74/><U83/><E34/><V47/><F47/><W129/><G129/><T89/><D89/><U67/><E46/><V91/><F91/><W86/><G71/><T97/><D97/><U12/><E99/><V104/><F104/><W25/><G51/><T79/><D79/><U28/><E36/><V81/><F6/><W117/><G117/><T27/><D27/><U21/><E67/><N who="2" m="39391" /><F96/><W120/><G25/><T80/><AGARI ba="0,1" hai="2,5,9,18,22,26,80,85,88,98,102,107,112,114" machi="80" ten="20,12000,2" yaku="1,1,0,1,7,1,52,1,54,1,53,1" doraHai="33" doraHaiUra="13" who="0" fromWho="0" sc="370,130,283,-60,127,-30,210,-30" /><INIT seed="2,0,0,4,2,99" ten="500,223,97,180" oya="2" hai0="20,77,42,74,9,10,58,80,90,86,46,66,33" hai1="87,52,29,94,53,108,57,102,121,44,4,83,85" hai2="54,115,114,72,15,23,17,122,32,18,59,126,124" hai3="24,36,82,65,127,107,109,89,125,12,132,41,76"/><V113/><F72/><W81/><G109/><T68/><D33/><U45/><E4/><V61/><F32/><W96/><G65/><T22/><D68/><U106/><E106/><V131/><F122/><W104/><G12/><T92/><D66/><U129/><E29/><V26/><REACH who="2" step="1"/><F131/><REACH who="2" ten="500,223,87,180" step="2"/><W135/><G135/><T97/><D74/><U71/><E129/><V1/><F1/><W35/><G132/><T30/><D58/><U16/><E57/><V6/><F6/><W116/><G35/><T120/><D120/><U37/><E121/><V79/><F79/><W56/><G76/><T14/><D30/><U78/><E71/><V130/><F130/><W128/><G56/><T38/><D9/><AGARI ba="0,1" hai="9,15,17,18,23,26,54,59,61,113,114,115,124,126" machi="9" ten="40,2000,0" yaku="1,1,53,0" doraHai="99" doraHaiUra="60" who="2" fromWho="0" sc="500,-20,223,0,87,30,180,0" /><INIT seed="2,1,0,0,3,98" ten="480,223,117,180" oya="2" hai0="123,55,79,11,58,17,35,53,116,7,76,88,81" hai1="84,38,130,18,118,45,133,27,48,68,95,2,124" hai2="120,82,109,8,114,77,41,110,33,43,70,22,21" hai3="28,128,75,14,29,129,13,0,99,50,46,52,80"/><V4/><F114/><W132/><G0/><T108/><D123/><U71/><E2/><V134/><F33/><W74/><G132/><T1/><D108/><N who="2" m="41578" /><F70/><W102/><G13/><T112/><D112/><U16/><E118/><V36/><F120/><W90/><G14/><T126/><D126/><U49/><E124/><V10/><F134/><W107/><G74/><T20/><D53/><U34/><E34/><V92/><F92/><W15/><G15/><T135/><D35/><U89/><E68/><V67/><F67/><W65/><G65/><T113/><D113/><U56/><E71/><V32/><F32/><W122/><G122/><T115/><D135/><U24/><E95/><V44/><F41/><W6/><G6/><T39/><D116/><U31/><E133/><V91/><F91/><W3/><G3/><T42/><D88/><U117/><E89/><V96/><F96/><W86/><REACH who="3" step="1"/><G75/><REACH who="3" ten="480,223,117,170" step="2"/><T103/><D7/><U64/><E64/><V25/><F4/><W23/><G23/><N who="2" m="8713" /><F25/><W9/><G9/><T111/><D11/><U105/><E24/><V62/><F62/><W47/><G47/><T72/><D111/><U30/><E27/><V59/><F59/><W61/><G61/><T26/><D115/><U73/><E56/><V127/><F127/><W37/><G37/><T66/><D66/><U93/><E38/><V85/><AGARI ba="1,1" hai="8,10,36,43,44,77,82,85" m="8713,41578" machi="85" ten="30,3000,0" yaku="14,1,10,1" doraHai="98" who="2" fromWho="2" sc="480,-11,223,-11,117,43,170,-11" /><INIT seed="2,2,0,1,4,24" ten="469,212,160,159" oya="2" hai0="134,128,42,116,84,72,33,82,26,62,7,92,91" hai1="127,75,55,13,64,95,69,56,32,67,77,27,47" hai2="113,16,71,117,20,1,104,87,130,118,15,44,124" hai3="66,36,100,132,122,121,53,106,111,30,79,3,51"/><V123/><F104/><W107/><G3/><T10/><D128/><U14/><E69/><V48/><F113/><W110/><G36/><T89/><D134/><U6/><E47/><V115/><F115/><W105/><G100/><T29/><D116/><U2/><E95/><V5/><F123/><W120/><G66/><T19/><D62/><U93/><E93/><V114/><F114/><W60/><G60/><T86/><D19/><U34/><E55/><V11/><F71/><W8/><G132/><T96/><D42/><U102/><E27/><V12/><F130/><W21/><G79/><T63/><D63/><U103/><E6/><V88/><F124/><W112/><G112/><T57/><D57/><U17/><E17/><V68/><F1/><W76/><G76/><T0/><D72/><U98/><E77/><V28/><F28/><W73/><G8/><T4/><D4/><U41/><E41/><V50/><F68/><W37/><G37/><T43/><D43/><U90/><E67/><V70/><F70/><W22/><G73/><T131/><D131/><U9/><E64/><V59/><F59/><N who="3" m="33215" /><G30/><T35/><D96/><U133/><E127/><V65/><F65/><W109/><AGARI ba="2,0" hai="21,22,105,106,107,109,110,111,120,121,122" m="33215" machi="109" ten="50,6400,0" yaku="29,2,14,1" doraHai="24" who="3" fromWho="3" sc="469,-18,212,-18,160,-34,159,70" /><INIT seed="3,0,0,5,5,50" ten="451,194,126,229" oya="3" hai0="109,23,14,130,13,131,133,106,88,9,29,15,124" hai1="112,123,74,113,7,76,120,77,93,122,8,75,69" hai2="73,12,68,92,27,99,55,61,72,44,63,86,32" hai3="42,127,70,45,65,67,101,104,3,79,118,59,115"/><W81/><G3/><T84/><D106/><U105/><E69/><V108/><F108/><W62/><G115/><N who="1" m="44106" /><E8/><V103/><F12/><W19/><G118/><T57/><D109/><U47/><E47/><V1/><F1/><W94/><G127/><T51/><D124/><U4/><E105/><V66/><F86/><W135/><G104/><T49/><D133/><U5/><E93/><V52/><F63/><W39/><G135/><T25/><D9/><U43/><E43/><V11/><F11/><W38/><G38/><T90/><D90/><U46/><E46/><V95/><F95/><W100/><G19/><T128/><D57/><U41/><E41/><V110/><F110/><W125/><G125/><T85/><D85/><U78/><AGARI ba="0,0" hai="4,5,7,74,75,76,77,78,120,122,123" m="44106" machi="78" ten="50,8000,1" yaku="29,2,28,2" doraHai="50" who="1" fromWho="1" sc="451,-20,194,80,126,-20,229,-40" /><INIT seed="4,0,0,0,1,71" ten="431,274,106,189" oya="0" hai0="113,121,123,112,135,40,114,36,73,37,119,22,76" hai1="110,72,63,111,39,124,10,30,34,29,118,9,33" hai2="50,48,56,38,31,14,105,131,130,87,54,11,66" hai3="62,98,57,17,8,132,126,19,125,46,7,116,3"/><T90/><D119/><U43/><E63/><V96/><F31/><W78/><G116/><T4/><D135/><U42/><E118/><V58/><F87/><W27/><G132/><T32/><D32/><U51/><E51/><V95/><F105/><W60/><G60/><T12/><D40/><U16/><E124/><V120/><F120/><N who="0" m="46154" /><D90/><U99/><E99/><V68/><F68/><W85/><G98/><T61/><D61/><U21/><E72/><V75/><F75/><W104/><G104/><T24/><D12/><U64/><E64/><V86/><F86/><W26/><G46/><T94/><D4/><U13/><E13/><V115/><F115/><W59/><G59/><T88/><D76/><U128/><E21/><V25/><F66/><W84/><G26/><T97/><D73/><U81/><E81/><V47/><F25/><W53/><G27/><T6/><D6/><U117/><E117/><V122/><F122/><W134/><G134/><T0/><D0/><U80/><E80/><V79/><F79/><W18/><REACH who="3" step="1"/><G78/><REACH who="3" ten="431,274,106,179" step="2"/><T89/><D89/><U103/><E34/><V70/><F70/><W133/><G133/><T92/><D92/><U93/><E93/><V69/><F69/><W55/><G55/><T77/><D77/><U83/><E83/><V82/><F82/><W45/><G45/><T100/><D88/><U91/><E91/><N who="2" m="55423" /><F56/><W5/><G5/><T106/><D106/><U67/><E33/><V109/><F109/><W65/><G65/><T1/><D1/><U102/><E67/><V2/><F2/><W108/><G108/><T127/><D24/><RYUUKYOKU ba="0,1" sc="431,-10,274,-10,106,-10,179,30" hai3="3,7,8,17,18,19,53,57,62,84,85,125,126" /><INIT seed="5,1,1,4,1,44" ten="421,264,96,209" oya="1" hai0="81,42,16,65,129,3,48,39,64,40,6,25,1" hai1="51,13,80,102,120,77,45,97,103,21,41,7,95" hai2="121,82,69,46,78,109,43,124,94,26,19,56,122" hai3="18,72,38,119,73,8,117,4,31,92,35,84,85"/><U49/><E120/><V110/><F94/><W98/><G38/><T105/><D105/><U135/><E135/><V126/><F82/><W91/><G18/><T17/><D39/><U99/><E51/><N who="2" m="27103" /><F19/><W130/><G130/><T79/><D129/><U61/><E61/><V125/><F26/><N who="3" m="18935" /><G85/><T58/><D58/><U5/><E21/><V57/><F78/><W62/><G62/><T11/><D1/><U96/><E13/><V116/><F116/><N who="3" m="44619" /><G98/><T59/><D17/><U0/><E0/><AGARI ba="1,1" hai="0,4,8,72,73,84,91,92" m="44619,18935" machi="0" ten="30,1000,0" yaku="12,1" doraHai="44" who="3" fromWho="1" sc="421,0,264,-13,96,0,209,23" /><INIT seed="6,0,0,4,5,25" ten="421,251,96,232" oya="2" hai0="88,68,3,74,91,131,60,108,66,58,112,118,55" hai1="14,120,1,50,76,90,135,18,113,82,31,47,99" hai2="17,40,29,73,2,37,86,85,38,109,33,95,8" hai3="46,5,7,100,20,67,22,21,116,56,0,41,39"/><V13/><F73/><W9/><G116/><T93/><D108/><U69/><E1/><V16/><F109/><W26/><G7/><T96/><D112/><U54/><E69/><V72/><F72/><W49/><G100/><T122/><D122/><U63/><E135/><V23/><F40/><W52/><REACH who="3" step="1"/><G67/><REACH who="3" ten="421,251,96,222" step="2"/><T70/><D66/><U110/><E110/><V124/><F124/><W71/><G71/><T106/><D68/><U10/><E120/><V75/><F75/><W43/><G43/><T57/><D70/><U83/><E113/><V80/><F2/><W78/><G78/><T81/><D3/><U36/><E36/><V130/><F130/><W127/><G127/><T119/><D74/><U121/><E76/><N who="2" m="46215" /><F37/><W104/><G104/><T35/><D106/><U101/><E121/><V129/><F38/><W84/><G84/><T15/><D131/><U59/><E90/><N who="2" m="53719" /><F129/><W45/><G45/><T97/><D118/><U134/><E134/><V98/><F33/><W62/><G62/><T6/><D35/><U44/><E44/><V48/><F98/><W102/><G102/><T92/><D119/><U117/><E117/><V12/><F48/><W53/><G53/><T132/><D132/><U77/><E99/><V94/><F94/><W64/><G64/><T30/><D93/><U28/><E101/><V114/><F114/><W27/><AGARI ba="0,1" hai="0,5,9,20,21,22,26,27,39,41,46,49,52,56" machi="27" ten="30,12000,2" yaku="1,1,0,1,54,1,53,3" doraHai="25" doraHaiUra="19" who="3" fromWho="3" sc="421,-30,251,-30,96,-60,222,130" /><INIT seed="7,0,0,1,2,93" ten="391,221,36,352" oya="3" hai0="50,23,11,24,60,36,63,21,43,135,109,84,91" hai1="85,78,31,112,130,6,82,90,74,41,71,103,132" hai2="129,2,5,46,100,8,0,20,123,9,105,67,118" hai3="113,87,89,44,42,70,37,29,12,72,14,27,48"/><W4/><G72/><T69/><D109/><U53/><E71/><V124/><F46/><W35/><G113/><T66/><D36/><U133/><E103/><V128/><F67/><W1/><G70/><T39/><D39/><U94/><E31/><V92/><F92/><W52/><G1/><T18/><D135/><U126/><E6/><V99/><F20/><W17/><G4/><T119/><D119/><U49/><E126/><V28/><F28/><W19/><G19/><T38/><D38/><U65/><E65/><V77/><F77/><W131/><G131/><T104/><D104/><U125/><E125/><V120/><F118/><W83/><G17/><N who="0" m="12335" /><D11/><U75/><E41/><V73/><F73/><W97/><REACH who="3" step="1"/><G97/><REACH who="3" ten="391,221,36,342" step="2"/><T115/><D69/><U56/><E74/><V110/><F124/><W88/><G88/><T59/><D115/><U101/><E112/><V40/><F110/><W30/><G30/><T114/><D114/><U16/><E130/><V102/><F40/><W58/><AGARI ba="0,1" hai="12,14,27,29,35,37,42,44,48,52,58,83,87,89" machi="58" ten="20,7800,0" yaku="1,1,0,1,7,1,54,1,53,0" doraHai="93" doraHaiUra="3" who="3" fromWho="3" sc="391,-26,221,-26,36,-26,342,88" owari="365,16.5,195,-20.5,10,-49.0,430,53.0" /></mjloggm>