<mjloggm ver="2.3"><GO type="225" lobby="0"/><UN n0="%E3%82%A2%E3%83%9E%E3%83%9D%EF%BD%9E%EF%BD%9E%E3%83%A9" n1="%72%61%6B%33" n2="%E6%A1%9C%E6%B2%A2%E5%A2%A8" n3="%E3%81%8B%E3%82%8F%E3%81%A1%E3%82%83%E3%82%93%35%38" dan="17,16,16,16" rate="2139.03,2101.09,2055.50,2120.54" sx="M,M,F,M"/><TAIKYOKU oya="0"/><INIT seed="0,0,0,1,3,43" ten="250,250,250,250" oya="0" hai0="104,112,64,5,44,74,11,122,120,41,40,53,42" hai1="30,20,69,89,132,95,52,6,119,99,55,134,78" hai2="133,68,97,72,123,31,32,71,56,81,50,100,124" hai3="47,90,129,96,48,80,24,76,98,16,62,75,86"/><T92/><D104/><U54/><E119/><V23/><F123/><W0/><G0/><T27/><D112/><U111/><E111/><V91/><F32/><W83/><G129/><T65/><D74/><U39/><E69/><V102/><F133/><W82/><G62/><T59/><D27/><U17/><E39/><V106/><F102/><W101/><G101/><T19/><D19/><U117/><E117/><V33/><F33/><W4/><G4/><T61/><D92/><U15/><E78/><V13/><F124/><W66/><G66/><N who="0" m="25707" /><D11/><U84/><E30/><V131/><F131/><W128/><G128/><T14/><D14/><U22/><E22/><V70/><F72/><W8/><G82/><T58/><D5/><U130/><E130/><V107/><F107/><W35/><G35/><T38/><D59/><U88/><REACH who="1" step="1"/><E6/><REACH who="1" ten="250,240,250,250" step="2"/><V21/><F31/><W9/><G9/><T67/><D122/><U3/><E3/><V46/><F21/><W113/><G113/><T79/><D79/><U103/><E103/><V125/><F23/><W77/><G77/><T1/><D1/><U37/><E37/><V115/><F115/><W2/><G2/><T36/><D120/><U121/><E121/><V51/><F100/><W25/><G25/><T87/><D87/><U60/><E60/><V109/><F109/><W10/><G10/><T110/><D110/><U116/><E116/><V135/><F106/><W108/><G108/><T127/><D127/><U28/><E28/><V94/><F125/><W85/><G24/><T118/><D118/><U7/><E7/><V29/><F29/><RYUUKYOKU ba="0,1" sc="250,15,240,15,250,-15,250,-15" hai0="36,38,40,41,42,44,53,58,61,67" hai1="15,17,20,52,54,55,84,88,89,95,99,132,134" /><INIT seed="0,1,1,1,4,1" ten="265,255,235,235" oya="0" hai0="98,133,82,6,122,46,61,68,45,92,2,119,16" hai1="25,87,100,70,65,52,111,63,8,84,123,50,113" hai2="81,23,101,77,91,93,3,90,59,71,69,72,21" hai3="78,126,117,96,107,9,88,106,0,132,41,109,28"/><T127/><D122/><U15/><E111/><V40/><F3/><W135/><G117/><T128/><D119/><U116/><E123/><V38/><F101/><W94/><G109/><T22/><D127/><U10/><E116/><V7/><F7/><N who="3" m="1255" /><G126/><T27/><D128/><U110/><E110/><V95/><F59/><W120/><G120/><T35/><D35/><U51/><E113/><V4/><F4/><W54/><G41/><T73/><D133/><N who="3" m="51273" /><G28/><T76/><D6/><U125/><E125/><V97/><F40/><W53/><G78/><T57/><D68/><U103/><E25/><V58/><F38/><W85/><G85/><T112/><D2/><U121/><E121/><V130/><F130/><W49/><G53/><T66/><REACH who="0" step="1"/><D112/><REACH who="0" ten="255,255,235,235" step="2"/><U114/><E114/><V83/><F69/><W56/><AGARI ba="1,2" hai="49,54,56,88,94,96,106,107" m="51273,1255" machi="56" ten="30,4000,0" yaku="20,1,52,1,54,1" doraHai="1" who="3" fromWho="3" sc="255,-21,255,-11,235,-11,235,63" /><INIT seed="1,0,0,4,5,28" ten="234,244,224,298" oya="1" hai0="118,116,30,5,18,24,44,3,37,1,72,15,104" hai1="23,61,25,60,115,53,101,126,135,74,52,97,119" hai2="45,41,58,128,134,92,63,125,98,82,59,8,4" hai3="13,133,12,46,77,103,87,57,109,112,114,90,67"/><U36/><E115/><V48/><F125/><W79/><G114/><T84/><D72/><U17/><E119/><V73/><F128/><W0/><G0/><N who="0" m="75" /><D84/><U99/><E126/><V107/><F134/><W123/><G112/><T95/><D95/><U122/><E135/><V86/><F107/><W131/><G123/><T66/><D66/><U96/><E122/><V120/><F73/><W2/><G2/><T88/><D88/><U38/><E74/><V54/><F120/><W70/><G70/><T62/><D62/><N who="1" m="24171" /><E36/><V40/><F58/><W9/><G67/><T105/><D44/><U43/><E38/><V32/><F32/><W42/><G57/><T27/><D37/><U85/><E101/><V65/><F92/><W102/><G133/><T35/><D105/><U10/><E43/><V81/><F98/><W110/><G131/><T6/><D27/><U19/><E85/><V75/><F75/><W76/><G103/><T50/><D50/><U68/><E68/><V132/><F132/><W117/><G102/><T80/><D80/><N who="2" m="30826" /><F86/><W21/><G87/><T91/><D91/><U121/><E121/><V7/><F41/><W94/><G90/><T124/><D124/><U71/><E71/><V55/><F40/><W106/><G106/><T64/><D64/><U89/><E89/><V31/><F65/><W29/><G94/><T14/><D104/><U16/><E10/><V26/><F8/><W93/><G93/><T56/><D118/><U129/><E129/><V130/><F130/><W33/><G117/><T108/><D116/><U39/><E39/><V34/><AGARI ba="0,0" hai="4,7,26,31,34,45,48,54,55,59,63" m="30826" machi="34" ten="30,2000,0" yaku="5,1,52,1" doraHai="28" who="2" fromWho="2" sc="234,-5,244,-10,224,20,298,-5" /><INIT seed="2,0,0,4,2,51" ten="229,234,244,293" oya="2" hai0="115,123,41,7,52,93,64,63,89,54,119,99,56" hai1="73,42,67,28,126,74,79,58,25,8,101,34,82" hai2="111,128,38,85,21,96,2,75,6,48,19,55,40" hai3="3,100,112,97,68,11,16,108,10,13,32,29,47"/><V83/><F128/><W130/><G68/><T18/><D123/><U71/><E126/><V43/><F38/><W129/><G108/><T70/><D115/><U46/><E101/><V81/><F111/><W109/><G109/><T132/><D132/><U114/><E8/><V113/><F113/><W39/><G112/><T44/><D119/><U105/><E114/><V84/><F75/><W94/><G29/><T131/><D131/><N who="3" m="50185" /><G32/><T35/><D35/><U4/><E4/><V135/><F135/><W117/><G117/><T17/><D7/><U49/><E105/><V92/><F2/><W78/><G78/><T118/><D118/><U107/><E107/><V69/><F69/><W50/><G39/><T102/><D102/><U30/><E30/><V20/><F6/><W77/><G77/><T22/><D70/><U60/><E71/><V36/><F36/><W12/><G3/><T125/><D125/><U45/><E45/><N who="2" m="28047" /><F81/><W27/><G27/><T116/><D116/><U98/><E98/><V91/><F84/><AGARI ba="0,0" hai="25,28,34,42,46,49,58,60,67,73,74,79,82,84" machi="84" ten="30,1000,0" yaku="7,1" doraHai="51" who="1" fromWho="2" sc="229,0,234,10,244,-10,293,0" /><INIT seed="3,0,0,4,5,9" ten="229,244,234,293" oya="3" hai0="86,58,0,85,28,135,76,114,115,26,47,110,69" hai1="48,51,117,31,73,91,61,49,37,23,45,33,89" hai2="42,90,104,99,16,21,103,8,50,52,133,94,60" hai3="36,127,84,63,92,100,128,20,74,116,13,123,64"/><W34/><G34/><T83/><D69/><U78/><E33/><V98/><F133/><W1/><G1/><T11/><D135/><U102/><E117/><V120/><F120/><W15/><G74/><T40/><D58/><U27/><E102/><V18/><F8/><W108/><G36/><T57/><D57/><U111/><E111/><V132/><F132/><W65/><G65/><T3/><D86/><U4/><E4/><V77/><F77/><W97/><G123/><T17/><D110/><U119/><E119/><V107/><F42/><W125/><G116/><T72/><D85/><U14/><E61/><V35/><F60/><W53/><G53/><T88/><D88/><N who="1" m="33867" /><E37/><V112/><F112/><N who="0" m="43050" /><D17/><U95/><E73/><V80/><F18/><N who="3" m="10319" /><G108/><T87/><D87/><U71/><E71/><V66/><F107/><W46/><G84/><T44/><D11/><U134/><E134/><V25/><F80/><W126/><G46/><N who="0" m="17451" /><D40/><N who="1" m="24615" /><E78/><V30/><F66/><W41/><G41/><T93/><D93/><U75/><E95/><V82/><F82/><W79/><G79/><T68/><D68/><U29/><E75/><V106/><F106/><W39/><G39/><T56/><D56/><U96/><E96/><V5/><F52/><W6/><G63/><T81/><D81/><U12/><E29/><V109/><F109/><W10/><G64/><T105/><D105/><U59/><E49/><V121/><F50/><W113/><G113/><T122/><D122/><U118/><E118/><V131/><F121/><W7/><G7/><T70/><D70/><U130/><E51/><V67/><F67/><RYUUKYOKU ba="0,0" sc="229,15,244,-15,234,-15,293,15" hai0="0,3,26,28,72,76,83" hai3="6,10,15,92,97,100,125,126,127,128" owari="244,4.4,229,-17.1,219,-28.1,308,40.8" /></mjloggm>