<mjloggm ver="2.3"><GO type="169" lobby="0"/><UN n0="%E3%82%BF%E3%83%9E%E3%83%8D%E3%82%AE" n1="%E3%81%BE%E3%81%88%E3%81%9F" n2="%73%61%6E%64%69%72%69%73" n3="%E3%81%97%E3%82%82%E3%82%93%E3%81%AC" dan="18,17,17,16" rate="2246.95,2165.26,2209.86,2207.03" sx="M,F,M,M"/><TAIKYOKU oya="0"/><INIT seed="0,0,0,1,3,64" ten="250,250,250,250" oya="0" hai0="101,5,127,29,11,120,91,61,36,41,110,38,44" hai1="59,122,4,31,82,118,1,60,63,20,53,35,100" hai2="48,2,32,130,134,87,90,70,131,114,112,0,22" hai3="43,107,3,8,86,47,45,9,116,117,52,15,65"/><T123/><D127/><U92/><E118/><V111/><F32/><W51/><G107/><T19/><D29/><U39/><E39/><V103/><F111/><W54/><G65/><T102/><D38/><U24/><E122/><V74/><F74/><W66/><G66/><T21/><D110/><U105/><E105/><V135/><F22/><W72/><G72/><T85/><D61/><U79/><E1/><V124/><F48/><W133/><G133/><N who="2" m="50697" /><F70/><W94/><G54/><T113/><D113/><N who="2" m="43626" /><F124/><W26/><G26/><T78/><D78/><U106/><E106/><V33/><F33/><W129/><G3/><N who="2" m="1065" /><F103/><W50/><G8/><T96/><D102/><U18/><E4/><V121/><F121/><W77/><G9/><T40/><D11/><U95/><E100/><V13/><F13/><W80/><G15/><T97/><D5/><U108/><E63/><V68/><F68/><W34/><G34/><T104/><D41/><U56/><E108/><V16/><F16/><W93/><G116/><T42/><D40/><U99/><E59/><V128/><F87/><W84/><G117/><T73/><D73/><U67/><E67/><V89/><AGARI ba="0,0" hai="89,90,128,130,131" m="1065,43626,50697" machi="89" ten="50,8000,1" yaku="28,2,19,1,20,1" doraHai="64" who="2" fromWho="2" sc="250,-40,250,-20,250,80,250,-20" /><INIT seed="1,0,0,5,1,119" ten="210,230,330,230" oya="1" hai0="76,38,103,95,128,116,134,54,57,109,93,63,94" hai1="117,44,65,2,84,53,28,71,9,125,42,29,34" hai2="101,112,75,62,130,14,98,72,4,100,47,33,127" hai3="22,108,18,48,46,106,97,135,8,80,87,32,73"/><U55/><E117/><V11/><F33/><W81/><G32/><T56/><D116/><U126/><E71/><V67/><F130/><W115/><G115/><T66/><D38/><U10/><E65/><V64/><F127/><N who="1" m="48649" /><E84/><V5/><F112/><W68/><G68/><T122/><D128/><U30/><E34/><V113/><F113/><W50/><G108/><T107/><D109/><U24/><E24/><V15/><F47/><W110/><G110/><T13/><D134/><U90/><E90/><V82/><F82/><W74/><G135/><T17/><D76/><U118/><E118/><V121/><F98/><W86/><G8/><N who="1" m="3178" /><E2/><V131/><F11/><W70/><G70/><T27/><D27/><U132/><E132/><V85/><F85/><W45/><G97/><T96/><D13/><U61/><E61/><V102/><F102/><W79/><G106/><T25/><D25/><U51/><AGARI ba="0,0" hai="28,29,30,42,44,51,53,55" m="3178,48649" machi="51" ten="40,2100,0" yaku="18,1" doraHai="119" who="1" fromWho="1" sc="210,-7,230,21,330,-7,230,-7" /><INIT seed="1,1,0,4,1,64" ten="203,251,323,223" oya="1" hai0="124,127,39,110,82,25,8,80,115,44,79,50,122" hai1="75,107,77,4,3,89,20,69,10,94,60,125,108" hai2="121,52,92,70,46,111,61,73,65,87,13,51,128" hai3="130,49,21,22,32,24,31,86,41,85,63,19,113"/><U34/><E34/><V118/><F73/><W9/><G130/><T81/><D115/><U33/><E33/><V30/><F118/><W27/><G113/><T134/><D110/><U15/><E107/><V48/><F121/><W35/><G9/><T84/><D122/><U42/><E42/><V101/><F111/><W43/><G63/><T117/><D117/><U132/><E108/><V104/><F128/><W126/><G49/><T72/><D39/><U119/><E119/><V58/><F104/><W109/><G109/><T40/><D134/><U16/><E132/><V131/><F30/><W6/><G19/><T38/><D25/><U0/><E125/><N who="0" m="48201" /><D38/><U98/><E77/><V67/><F67/><W59/><G126/><T88/><D8/><U53/><E75/><V99/><F131/><W45/><G59/><T123/><D123/><U76/><E76/><V106/><F13/><W66/><G66/><T129/><D129/><U105/><E105/><V5/><F5/><W1/><G45/><T7/><D7/><U68/><REACH who="1" step="1"/><E0/><REACH who="1" ten="203,241,323,223" step="2"/><V100/><F106/><W29/><G1/><T91/><D72/><U23/><E23/><V112/><F112/><W57/><G35/><T120/><D120/><U28/><E28/><V37/><F37/><W97/><G32/><T95/><D79/><U103/><E103/><V2/><F2/><W17/><G31/><T71/><D91/><U116/><E116/><V78/><F101/><W83/><G29/><T14/><D14/><U114/><E114/><V93/><F78/><N who="3" m="46327" /><G41/><T54/><D40/><U47/><E47/><V135/><F46/><RYUUKYOKU ba="1,1" sc="203,15,241,15,323,-15,223,-15" hai0="44,50,54,71,80,81,82,84,88,95" hai1="3,4,10,15,16,20,53,60,68,69,89,94,98" /><INIT seed="1,2,1,2,3,54" ten="218,256,308,208" oya="1" hai0="36,23,58,22,50,109,38,106,20,48,121,16,119" hai1="133,30,19,118,17,5,26,113,35,95,132,10,75" hai2="39,107,111,47,42,49,52,14,117,110,115,9,6" hai3="40,86,8,127,56,1,82,103,68,131,72,135,123"/><U53/><E113/><V98/><F117/><W100/><G123/><T76/><D119/><U13/><E75/><V93/><F107/><W69/><G72/><T27/><D106/><U15/><E118/><V85/><F85/><W57/><G131/><T94/><D121/><U45/><E95/><V88/><REACH who="2" step="1"/><F115/><REACH who="2" ten="218,256,298,208" step="2"/><W83/><G135/><T18/><D109/><U37/><E37/><V92/><F92/><W129/><G129/><T80/><D94/><U25/><E45/><AGARI ba="2,2" hai="6,9,14,39,42,45,47,49,52,88,93,98,110,111" machi="45" ten="40,5200,0" yaku="1,1,54,2,53,0" doraHai="54" doraHaiUra="73" who="2" fromWho="1" sc="218,0,256,-58,298,78,208,0" /><INIT seed="2,0,0,0,1,106" ten="218,198,376,208" oya="2" hai0="14,1,83,100,16,92,13,27,6,24,64,22,120" hai1="113,41,94,119,116,86,56,93,46,15,97,17,12" hai2="73,99,67,34,84,21,8,33,96,45,133,26,71" hai3="36,0,43,60,131,38,66,103,74,57,69,91,32"/><V2/><F133/><W62/><G131/><T20/><D120/><U124/><E113/><V88/><F73/><W134/><G134/><T104/><D104/><U82/><E124/><V65/><F34/><W9/><G32/><T121/><D121/><U135/><E135/><V132/><F33/><W95/><G103/><T51/><D64/><U30/><E30/><V112/><F112/><W58/><G74/><T122/><D122/><U77/><E56/><V126/><F126/><W105/><G105/><T70/><D70/><U25/><E25/><V29/><F132/><W108/><G108/><T109/><D109/><U59/><E59/><V44/><F2/><W50/><G69/><T78/><D51/><U107/><E107/><V123/><F8/><W52/><G0/><T72/><D1/><U11/><E15/><V48/><F45/><W128/><G128/><T4/><D14/><U28/><E28/><V117/><F117/><W75/><G75/><T80/><D80/><U53/><E53/><N who="2" m="29831" /><F71/><W125/><G9/><T127/><D127/><U37/><REACH who="1" step="1"/><E93/><REACH who="1" ten="218,188,376,208" step="2"/><N who="2" m="54407" /><F123/><W55/><G125/><T39/><D13/><U3/><E3/><V23/><F23/><W7/><G43/><T130/><D130/><U42/><E42/><V76/><F67/><W81/><G81/><T47/><D22/><U5/><E5/><V87/><F65/><W79/><G7/><T115/><D27/><U63/><E63/><V118/><F118/><W31/><G31/><T68/><D68/><U35/><E35/><V98/><F29/><W10/><G66/><T110/><D115/><U49/><E49/><RYUUKYOKU ba="0,1" sc="218,-10,188,30,376,-10,208,-10" hai1="11,12,17,37,41,46,77,82,86,94,97,116,119" /><INIT seed="3,1,1,1,1,88" ten="208,218,366,198" oya="3" hai0="16,43,27,65,2,114,124,13,78,34,40,130,115" hai1="117,44,90,26,52,14,56,119,99,71,102,33,132" hai2="6,86,107,0,19,25,96,98,82,125,122,84,79" hai3="66,83,21,54,22,11,111,109,32,87,3,60,47"/><W41/><G32/><T116/><D116/><N who="1" m="44619" /><E71/><V12/><F125/><W46/><G54/><T53/><D2/><U63/><E132/><V5/><F122/><W81/><G3/><T85/><D124/><U118/><N who="1" m="44627" /><U57/><DORA hai="121" /><E44/><V106/><F0/><W29/><G11/><T108/><D65/><N who="1" m="39143" /><E90/><V51/><F25/><N who="3" m="16559" /><G22/><T120/><D120/><U131/><E131/><V45/><F107/><W94/><G94/><T105/><D105/><U128/><E128/><V50/><F86/><W89/><G81/><T100/><D130/><U37/><E37/><V48/><F45/><W91/><G91/><T28/><D85/><U75/><E75/><V23/><F106/><W18/><G18/><T64/><D16/><U101/><E14/><V55/><F55/><W74/><G74/><T113/><D13/><U80/><E80/><V7/><AGARI ba="1,1" hai="5,6,7,12,19,23,48,50,51,79,82,84,96,98" machi="7" ten="30,2000,0" yaku="0,1,8,1" doraHai="88,121" who="2" fromWho="2" sc="208,-6,218,-6,366,33,198,-11" /><INIT seed="4,0,0,4,1,74" ten="202,212,399,187" oya="0" hai0="87,24,25,107,38,82,46,122,114,72,31,81,95" hai1="65,34,59,9,47,60,104,2,73,3,0,15,112" hai2="26,92,33,105,58,35,102,89,125,118,39,86,108" hai3="75,36,127,61,30,20,5,53,62,23,77,6,7"/><T51/><D122/><U113/><E104/><V14/><F108/><W54/><G36/><T12/><D107/><U37/><E34/><V88/><F39/><W111/><G111/><T69/><D69/><U67/><E67/><V43/><F125/><W128/><G127/><T101/><D38/><U11/><E73/><V117/><F43/><W130/><G75/><T116/><D116/><N who="2" m="44650" /><F14/><W63/><G77/><T80/><D114/><N who="1" m="44139" /><E15/><V13/><F13/><W76/><G76/><N who="0" m="46471" /><D12/><U131/><E131/><N who="3" m="50218" /><G30/><T68/><D68/><U84/><E84/><N who="2" m="52231" /><F26/><N who="0" m="10346" /><D31/><U55/><E65/><V97/><F58/><W103/><G103/><T42/><D72/><U19/><E19/><V115/><F115/><W18/><G18/><T134/><D134/><U132/><E132/><V44/><F44/><W98/><G98/><AGARI ba="0,0" hai="42,46,51,81,82,95,98,101" m="10346,46471" machi="98" ten="30,2900,0" yaku="8,1,52,1" doraHai="74" who="0" fromWho="3" sc="202,29,212,0,399,0,187,-29" /><INIT seed="4,1,0,5,2,63" ten="231,212,399,158" oya="0" hai0="121,30,73,69,123,96,47,92,5,58,132,74,120" hai1="43,61,135,33,89,55,124,110,82,31,90,38,111" hai2="13,44,23,109,35,7,106,93,76,116,0,4,57" hai3="12,28,9,22,100,10,37,103,46,21,114,8,84"/><T16/><D69/><U1/><E1/><V102/><F109/><N who="1" m="41481" /><E135/><V34/><F106/><W29/><G114/><T94/><D132/><U2/><E2/><V59/><F76/><W65/><G37/><T133/><D133/><U88/><E124/><V128/><F128/><W68/><G46/><T85/><D5/><U77/><E43/><V134/><F116/><W107/><G107/><T19/><D30/><U83/><E38/><V81/><F81/><W26/><G84/><T18/><D47/><U119/><E119/><V99/><F0/><W11/><G68/><T101/><REACH who="0" step="1"/><D58/><REACH who="0" ten="221,212,399,158" step="2"/><N who="1" m="35039" /><E77/><V36/><F44/><W70/><G70/><T54/><D54/><U87/><E87/><V131/><F4/><W118/><G118/><T79/><D79/><U6/><E6/><V108/><F7/><W42/><G42/><T105/><D105/><U32/><E31/><V125/><F134/><W14/><G28/><T52/><D52/><U112/><E112/><V78/><F78/><W86/><G86/><T95/><D95/><U98/><E98/><V17/><F108/><W62/><G29/><T50/><D50/><U113/><E113/><V66/><F93/><W71/><G71/><T75/><D75/><U91/><N who="1" m="22528" /><DORA hai="3" /><U117/><E117/><V115/><F99/><W72/><G72/><T60/><D60/><U15/><E83/><V129/><F115/><W51/><G51/><T25/><D25/><U104/><E82/><V48/><F48/><W67/><G26/><T27/><D27/><U45/><E104/><V122/><F59/><W20/><N who="3" m="2048" /><DORA hai="130" /><W41/><G62/><RYUUKYOKU ba="1,1" sc="221,30,212,-10,399,-10,158,-10" hai0="16,18,19,73,74,85,92,94,96,101,120,121,123" /><INIT seed="4,2,1,2,0,43" ten="251,202,389,148" oya="0" hai0="33,28,74,129,45,50,12,47,15,72,53,20,52" hai1="131,57,7,31,116,64,125,133,71,79,82,66,120" hai2="70,48,41,38,29,99,88,40,83,103,2,58,128" hai3="10,63,105,108,104,36,56,54,94,86,93,5,98"/><T77/><D33/><U118/><E120/><V59/><F2/><W1/><G108/><T67/><D129/><U113/><E131/><V97/><F70/><W107/><G36/><T23/><D67/><U95/><E71/><V65/><F128/><W14/><G86/><T42/><D77/><U32/><E133/><V3/><F3/><W69/><G69/><T35/><D35/><U73/><E125/><V89/><F38/><W16/><REACH who="3" step="1"/><G98/><REACH who="3" ten="251,202,389,138" step="2"/><T100/><D72/><U117/><E73/><V60/><F99/><W134/><G134/><T18/><D74/><U46/><E117/><V109/><F97/><W51/><G51/><N who="0" m="27063" /><D100/><U21/><E118/><V37/><F48/><W6/><G6/><T11/><D28/><U130/><E7/><V24/><F37/><W81/><G81/><T26/><D15/><U87/><E82/><V17/><F83/><W78/><G78/><T39/><D39/><U9/><E79/><V44/><F29/><W119/><G119/><T112/><D112/><U55/><E31/><V22/><F103/><W106/><N who="3" m="26624" /><DORA hai="122" /><W84/><G84/><T80/><D80/><U96/><E87/><V115/><F115/><W13/><G13/><T102/><D102/><U90/><E113/><V4/><F4/><W114/><G114/><T123/><D123/><U34/><E130/><V121/><F121/><W0/><G0/><T27/><D27/><U127/><E116/><V62/><F24/><W132/><G132/><T49/><D26/><U30/><E96/><V85/><F85/><W25/><G25/><T110/><D110/><U111/><E111/><RYUUKYOKU ba="2,2" sc="251,15,202,-15,389,-15,138,15" hai0="11,12,18,20,23,47,49,50,52,53" hai3="1,5,10,14,16,54,56,63,93,94" /><INIT seed="4,3,2,0,0,70" ten="266,187,374,153" oya="0" hai0="117,116,96,82,109,76,74,111,130,68,61,106,56" hai1="9,23,131,28,21,75,36,80,73,48,44,129,37" hai2="6,127,125,46,86,32,20,89,57,102,27,84,0" hai3="49,88,92,5,10,52,43,104,101,29,38,121,8"/><T87/><D68/><U134/><E134/><V107/><F32/><W51/><G121/><T100/><D130/><N who="1" m="49675" /><E9/><N who="2" m="2247" /><F57/><W99/><G29/><T114/><D114/><U41/><E80/><V33/><F33/><W25/><G25/><T47/><D47/><U1/><E1/><V79/><F79/><W119/><G119/><N who="0" m="45643" /><D56/><U124/><E124/><N who="2" m="47691" /><F46/><W35/><G35/><T93/><D61/><U63/><E63/><V69/><F69/><W40/><G49/><T126/><D126/><U4/><E4/><V110/><F110/><N who="0" m="41994" /><D106/><U133/><E133/><V45/><F45/><W59/><G38/><N who="1" m="14954" /><E28/><N who="2" m="17511" /><F89/><W105/><G105/><T118/><N who="0" m="45651" /><T26/><DORA hai="15" /><D26/><U31/><E31/><V24/><F24/><W94/><G104/><T112/><D112/><U98/><E98/><AGARI ba="3,2" hai="84,86,98,102,107" m="17511,47691,2247" machi="98" ten="30,1000,0" yaku="18,1" doraHai="70,15" who="2" fromWho="1" sc="266,0,187,-19,374,39,153,0" /><INIT seed="5,0,0,1,4,19" ten="266,168,413,153" oya="1" hai0="94,2,8,114,130,39,76,135,68,49,86,107,93" hai1="53,11,75,78,77,92,20,69,115,80,98,45,70" hai2="13,12,30,84,63,129,112,101,36,71,6,66,123" hai3="32,109,7,132,65,14,48,60,79,128,3,40,97"/><U119/><E119/><V113/><F123/><W106/><G109/><T16/><D39/><U110/><E110/><V103/><F36/><W23/><G32/><T52/><D107/><U56/><E115/><N who="2" m="44107" /><F129/><W127/><G128/><T5/><D130/><U51/><E77/><V88/><F30/><W108/><G108/><T21/><D68/><U96/><E96/><V131/><F131/><W122/><G122/><T58/><D135/><U64/><E11/><N who="2" m="4215" /><F13/><W18/><G132/><T83/><D114/><U47/><E47/><V87/><F87/><W37/><G37/><T17/><D17/><U82/><E82/><AGARI ba="0,0" hai="63,66,71,82,84,88,101,103" m="4215,44107" machi="82" ten="30,3900,0" yaku="15,1,11,1,54,1" doraHai="19" who="2" fromWho="1" sc="266,0,168,-39,413,39,153,0" /><INIT seed="6,0,0,3,2,125" ten="266,129,452,153" oya="2" hai0="100,99,59,41,114,91,124,37,2,90,68,50,5" hai1="49,96,117,86,27,70,43,47,128,62,45,101,85" hai2="30,78,84,19,36,135,71,120,94,76,112,105,111" hai3="7,61,16,64,32,132,77,89,65,4,34,21,121"/><V28/><F105/><W113/><G121/><T126/><D68/><U20/><E117/><V11/><F36/><W109/><G109/><T92/><D114/><U118/><E118/><V13/><F71/><W131/><G113/><T104/><D37/><U0/><E0/><V52/><F120/><W63/><G132/><T66/><D2/><U74/><E74/><V130/><F135/><W103/><G77/><T122/><D5/><U75/><E75/><V29/><F112/><W97/><G89/><T134/><D122/><U17/><E128/><V53/><F130/><W1/><G131/><T33/><D33/><U48/><E62/><V55/><F111/><W72/><G72/><T110/><D110/><U87/><E70/><V107/><F107/><W95/><G1/><T82/><D82/><U6/><E6/><V73/><F73/><W26/><G32/><T60/><D134/><U8/><E8/><V24/><F24/><W12/><G34/><T106/><D106/><U38/><REACH who="1" step="1"/><E45/><REACH who="1" ten="266,119,452,153" step="2"/><V83/><F94/><AGARI ba="0,1" hai="17,20,27,38,43,47,48,49,85,86,87,94,96,101" machi="94" ten="40,2600,0" yaku="1,1,2,1,53,0" doraHai="125" doraHaiUra="31" who="1" fromWho="2" sc="266,0,119,36,452,-26,153,0" /><INIT seed="7,0,0,2,0,51" ten="266,155,426,153" oya="3" hai0="10,122,17,76,104,32,0,15,101,70,107,57,124" hai1="73,16,42,113,134,37,8,108,95,62,97,86,128" hai2="49,13,83,30,71,5,103,21,100,39,85,127,26" hai3="96,119,55,111,112,91,116,48,33,84,24,105,43"/><W67/><G112/><T47/><D70/><U40/><E73/><V82/><F39/><W45/><G111/><T25/><D122/><U64/><E108/><V78/><F71/><W126/><G126/><T2/><D76/><U20/><E113/><V80/><F127/><W18/><G67/><T132/><D124/><U120/><E120/><V72/><F49/><W102/><G43/><T38/><D57/><N who="1" m="36943" /><E134/><V29/><F29/><W1/><G1/><T109/><D17/><U31/><E37/><V115/><F115/><W61/><G61/><T106/><D15/><N who="1" m="7271" /><E86/><V114/><F114/><W131/><G131/><T34/><D34/><U46/><E46/><V28/><F28/><W87/><G87/><T110/><D47/><U52/><E52/><V22/><F82/><W3/><G3/><T93/><D101/><N who="1" m="60607" /><E128/><V129/><F129/><W12/><G24/><AGARI ba="0,0" hai="20,24,31,40,42" m="60607,7271,36943" machi="24" ten="30,3900,0" yaku="25,1,8,1,54,1" doraHai="51" who="1" fromWho="3" sc="266,0,155,39,426,0,153,-39" owari="266,6.6,194,-20.6,426,52.6,114,-38.6" /></mjloggm>