<mjloggm ver="2.3"><GO type="169" lobby="0"/><UN n0="%E6%B5%81%E3%82%8C%EF%BC%9F%53%4F%41" n1="%41%6E%6B%6F%61%6E%6B%6F" n2="%E6%A2%85%E8%8E%89" n3="%E3%83%94%E3%83%B3%E3%82%B5%E3%83%AD%E5%BA%97%E5%93%A1" dan="17,16,18,17" rate="2254.23,2149.35,2238.41,2231.29" sx="M,F,F,M"/><TAIKYOKU oya="0"/><INIT seed="0,0,0,4,0,81" ten="250,250,250,250" oya="0" hai0="124,96,119,53,132,23,129,45,122,28,17,85,49" hai1="87,32,0,71,31,110,125,102,8,15,22,126,127" hai2="82,94,74,106,109,88,97,48,115,134,79,61,60" hai3="29,91,123,116,9,5,75,105,50,7,131,58,77"/><T114/><D114/><U19/><E71/><V70/><F115/><W20/><G116/><T56/><D119/><U101/><E110/><V98/><F109/><W47/><G105/><T120/><D129/><U46/><E46/><V37/><F37/><W112/><G112/><T104/><D124/><U78/><E78/><V90/><F134/><W73/><G131/><T135/><D28/><U86/><E32/><V100/><F70/><W76/><G123/><T51/><D104/><U42/><E42/><V3/><F3/><W4/><G9/><T117/><D117/><U108/><E108/><V118/><F118/><W80/><G58/><T33/><D96/><U68/><E68/><V55/><REACH who="2" step="1"/><F90/><REACH who="2" ten="250,250,240,250" step="2"/><W64/><G91/><T24/><D120/><U92/><E0/><V89/><F89/><W84/><G77/><T41/><D122/><U99/><E102/><V14/><F14/><W6/><G76/><T65/><D33/><U35/><E35/><V130/><F130/><W40/><G75/><T36/><D132/><U26/><AGARI ba="0,1" hai="8,15,19,22,26,31,86,87,92,99,101,125,126,127" machi="26" ten="40,8000,1" yaku="0,1,18,1,52,2" doraHai="81" who="1" fromWho="1" sc="250,-40,250,90,240,-20,250,-20" /><INIT seed="1,0,0,2,4,39" ten="210,340,220,230" oya="1" hai0="14,67,38,47,108,96,40,114,101,54,121,6,29" hai1="30,99,135,72,37,51,53,11,9,134,132,4,36" hai2="129,111,84,123,85,78,34,56,17,71,80,33,35" hai3="42,16,45,13,63,126,122,115,10,57,83,107,76"/><U79/><E30/><V133/><F123/><W25/><G122/><T15/><D121/><U41/><E72/><V27/><F71/><W43/><G115/><T74/><D114/><U110/><E79/><V3/><F3/><W7/><G107/><T95/><D74/><U128/><E128/><V19/><F129/><W12/><G126/><T119/><D119/><U2/><E110/><V59/><F111/><W22/><G45/><T65/><D29/><U77/><E77/><V112/><F112/><W0/><G0/><T120/><D108/><U8/><E99/><V58/><F133/><W97/><G97/><T109/><D120/><U24/><E24/><V81/><F27/><W118/><G118/><T124/><D124/><U92/><E92/><V23/><F23/><W69/><G69/><T98/><D54/><U5/><E41/><V66/><F66/><N who="3" m="39279" /><G25/><T70/><D109/><U117/><E117/><V131/><F131/><W48/><G48/><T91/><D6/><N who="1" m="2667" /><E2/><V32/><N who="2" m="8192" /><DORA hai="90" /><V21/><REACH who="2" step="1"/><F21/><REACH who="2" ten="210,340,210,230" step="2"/><W52/><G52/><T44/><D70/><U100/><E100/><V116/><F116/><W18/><G7/><T60/><D67/><U106/><E106/><V46/><F46/><AGARI ba="0,1" hai="8,9,11,36,37,46,51,53,132,134,135" m="2667" machi="46" ten="40,2000,0" yaku="20,1" doraHai="39,90" who="1" fromWho="2" sc="210,0,340,30,210,-20,230,0" /><INIT seed="1,1,0,5,5,66" ten="210,370,190,230" oya="1" hai0="40,120,56,2,130,100,20,49,6,128,62,107,67" hai1="58,39,82,57,22,108,47,60,21,23,92,79,83" hai2="115,13,38,43,63,48,70,116,105,91,124,54,35" hai3="89,59,123,132,69,104,117,8,76,27,84,110,4"/><U52/><E108/><V64/><F105/><W26/><G123/><T112/><D112/><U80/><E39/><V32/><F116/><W131/><G104/><T74/><D74/><U113/><E113/><V24/><F115/><W135/><G110/><T133/><D133/><N who="3" m="51273" /><G131/><T53/><D40/><U106/><E106/><V75/><F75/><W42/><G117/><T19/><D120/><U99/><E47/><N who="2" m="24055" /><F124/><W7/><G76/><T121/><D121/><U81/><E57/><N who="2" m="32967" /><F24/><N who="3" m="9259" /><G42/><T88/><D100/><U102/><REACH who="1" step="1"/><E83/><REACH who="1" ten="210,360,190,230" step="2"/><V93/><F13/><W122/><G122/><T33/><D107/><U31/><E31/><V126/><F126/><W73/><G59/><T16/><D128/><U68/><E68/><V96/><AGARI ba="1,1" hai="32,35,63,64,70,91,93,96" m="32967,24055" machi="96" ten="30,2000,0" yaku="24,1,52,1" doraHai="66" who="2" fromWho="2" sc="210,-6,360,-11,190,33,230,-6" /><INIT seed="2,0,0,0,2,23" ten="204,349,223,224" oya="2" hai0="90,3,5,43,71,89,131,92,93,34,120,22,125" hai1="32,25,37,58,85,114,17,78,118,35,55,76,91" hai2="98,123,81,103,122,45,36,19,1,26,87,10,86" hai3="102,61,51,75,49,60,100,101,12,121,135,50,18"/><V127/><F127/><W82/><G121/><T4/><D120/><U0/><E114/><V44/><F1/><W134/><G75/><T129/><D34/><U64/><E37/><V46/><F36/><W106/><G106/><T6/><D3/><U110/><E110/><V115/><F115/><W16/><G82/><T2/><D2/><U104/><E104/><V38/><F38/><W62/><REACH who="3" step="1"/><G12/><REACH who="3" ten="204,349,223,214" step="2"/><T59/><D125/><U88/><E0/><V108/><F108/><W95/><G95/><T39/><D92/><U24/><E118/><V107/><F123/><W73/><G73/><T66/><D93/><U105/><E105/><V28/><F122/><W77/><G77/><T42/><D90/><U65/><E78/><V67/><F81/><W119/><G119/><T63/><D89/><U84/><E76/><V80/><F80/><W69/><G69/><T20/><D71/><U99/><E99/><V8/><F107/><W7/><G7/><T11/><D129/><U47/><E91/><V130/><F130/><W40/><G40/><T72/><D72/><U57/><E88/><V128/><F128/><W54/><G54/><T97/><D97/><U96/><E96/><V29/><F98/><W13/><G13/><T117/><D131/><U48/><E55/><V109/><F109/><W33/><G33/><T74/><D74/><U116/><E116/><V68/><F68/><W21/><G21/><N who="0" m="8299" /><D42/><U83/><E83/><V52/><F103/><W124/><G124/><T41/><D117/><U53/><E32/><V27/><F67/><W70/><G70/><T113/><D39/><RYUUKYOKU ba="0,1" sc="204,-10,349,-10,223,-10,214,30" hai3="16,18,49,50,51,60,61,62,100,101,102,134,135" /><INIT seed="3,1,1,0,1,61" ten="194,339,213,244" oya="3" hai0="69,49,135,51,3,58,42,30,27,122,1,88,77" hai1="118,76,44,125,43,8,107,33,112,68,103,48,110" hai2="75,115,124,101,52,80,86,22,106,28,41,20,70" hai3="65,26,126,81,13,66,50,59,90,85,38,23,31"/><W34/><G38/><T47/><D122/><U24/><E112/><V104/><F115/><W62/><G126/><T131/><D69/><U74/><E125/><V109/><F124/><W14/><G34/><T89/><D77/><U37/><E48/><V40/><F75/><W4/><G4/><T72/><D72/><U119/><E8/><V35/><F70/><W18/><G50/><T2/><D131/><U19/><E19/><V0/><F0/><W64/><REACH who="3" step="1"/><G18/><REACH who="3" ten="194,339,213,234" step="2"/><T100/><D135/><U71/><E119/><V21/><F35/><W63/><G63/><T98/><D49/><U117/><E118/><V32/><F32/><W91/><G91/><T93/><REACH who="0" step="1"/><D58/><REACH who="0" ten="184,339,213,234" step="2"/><U53/><E117/><V45/><F45/><W55/><AGARI ba="1,3" hai="13,14,23,26,31,55,59,62,64,65,66,81,85,90" machi="55" ten="30,18000,2" yaku="1,1,0,1,8,1,52,3,53,1" doraHai="61" doraHaiUra="79" who="3" fromWho="3" sc="184,-61,339,-61,213,-61,234,213" /><INIT seed="3,2,0,5,2,47" ten="123,278,152,447" oya="3" hai0="86,31,125,49,39,132,60,80,2,37,117,54,69" hai1="4,100,77,95,12,67,3,124,15,42,11,50,98" hai2="131,20,123,113,129,130,7,40,104,133,19,16,32" hai3="97,122,57,111,33,106,27,0,112,38,9,109,66"/><W5/><G112/><T17/><D2/><U10/><E124/><V18/><F104/><W84/><G122/><T76/><D117/><U64/><E77/><V121/><F40/><W135/><G38/><T126/><D31/><U85/><E85/><V105/><F105/><W23/><G33/><T68/><D17/><N who="2" m="6154" /><F113/><W65/><G135/><T8/><D8/><U102/><E3/><V48/><F48/><W72/><G72/><T56/><D132/><U52/><E42/><V90/><F90/><W63/><G84/><T89/><D76/><U13/><E102/><V134/><F7/><W58/><G97/><T34/><D34/><U22/><E22/><V92/><F92/><W61/><REACH who="3" step="1"/><G106/><REACH who="3" ten="123,278,152,437" step="2"/><T70/><REACH who="0" step="1"/><D60/><REACH who="0" ten="113,278,152,437" step="2"/><U118/><E118/><V53/><F32/><W114/><G114/><T73/><D73/><U128/><E128/><V119/><F119/><W28/><AGARI ba="2,2" hai="0,5,9,23,27,28,57,58,61,63,65,66,109,111" machi="28" ten="30,11700,0" yaku="1,1,0,1,9,1,53,1" doraHai="47" doraHaiUra="35" who="3" fromWho="3" sc="113,-41,278,-41,152,-41,437,143" /><INIT seed="3,3,0,5,3,97" ten="72,237,111,580" oya="3" hai0="113,100,4,6,10,32,93,86,124,46,90,25,15" hai1="35,77,120,56,116,62,126,64,65,118,128,111,21" hai2="13,61,134,0,133,55,1,49,89,29,96,127,82" hai3="78,84,129,57,19,69,91,22,31,9,101,76,23"/><W125/><G69/><T75/><D75/><U112/><E35/><V105/><F127/><W74/><G125/><T117/><D124/><U85/><E126/><V34/><F61/><W51/><G129/><T11/><D117/><N who="1" m="45163" /><E21/><V119/><F119/><W104/><G74/><T45/><D113/><U108/><E85/><N who="2" m="50359" /><F13/><W110/><G110/><N who="1" m="42026" /><E77/><V135/><F29/><W67/><G9/><T17/><D100/><U123/><E128/><V38/><F38/><W2/><G2/><T5/><D32/><U7/><E7/><V107/><F34/><W54/><G67/><T24/><REACH who="0" step="1"/><D10/><REACH who="0" ten="62,237,111,580" step="2"/><U88/><E65/><V87/><F135/><W114/><G114/><T132/><D132/><U68/><E112/><V72/><F134/><W63/><G101/><T27/><AGARI ba="3,1" hai="4,5,6,11,15,17,24,25,27,45,46,86,90,93" machi="27" ten="30,4000,0" yaku="1,1,0,1,8,1,53,0" doraHai="97" doraHaiUra="44" who="0" fromWho="0" sc="62,59,237,-13,111,-13,580,-23" /><INIT seed="4,0,0,4,0,80" ten="121,224,98,557" oya="0" hai0="69,12,24,5,110,116,71,102,53,96,59,84,9" hai1="115,127,37,89,134,35,130,1,52,60,41,104,64" hai2="117,42,8,43,44,21,106,83,40,22,29,77,114" hai3="103,26,75,124,34,38,33,90,95,11,122,46,67"/><T4/><D116/><U132/><E89/><V85/><F117/><W87/><G75/><T100/><D110/><U111/><E52/><V13/><F106/><W57/><G124/><T25/><D4/><U50/><E50/><V82/><F114/><W55/><G122/><T118/><D118/><U72/><E41/><V126/><F126/><W63/><G103/><T105/><D100/><U31/><E31/><V47/><F83/><W91/><G26/><T58/><D58/><U81/><E60/><V79/><F79/><W135/><G135/><T109/><D109/><U101/><E64/><V28/><F28/><W15/><G91/><T78/><D78/><U120/><E81/><V128/><F128/><W54/><G54/><T113/><D113/><U93/><E93/><V123/><F123/><W20/><G20/><N who="2" m="7785" /><F29/><W129/><G129/><T62/><REACH who="0" step="1"/><D84/><REACH who="0" ten="111,224,98,557" step="2"/><U86/><E86/><V112/><F112/><W108/><G108/><T3/><D3/><U92/><E101/><V30/><F30/><W39/><G34/><T51/><D51/><U10/><E132/><V133/><F133/><W23/><G33/><T65/><D65/><U0/><E0/><V48/><F47/><W7/><G46/><T88/><D88/><U98/><E134/><V16/><AGARI ba="0,1" hai="8,13,16,40,42,43,44,48,77,82,85" m="7785" machi="16" ten="30,4000,0" yaku="8,1,52,1,54,1" doraHai="80" who="2" fromWho="2" sc="111,-20,224,-10,98,50,557,-10" /><INIT seed="5,0,0,1,0,102" ten="91,214,148,547" oya="1" hai0="41,126,117,92,64,43,106,60,91,54,18,48,11" hai1="121,76,52,73,111,59,5,120,105,23,79,14,67" hai2="86,9,110,58,7,83,134,107,115,16,87,85,116" hai3="34,71,22,45,127,135,33,104,29,61,125,109,47"/><U2/><E111/><V75/><F110/><W39/><G109/><T8/><D117/><U1/><E105/><V6/><F116/><W113/><G104/><T51/><D106/><U133/><E133/><V122/><F107/><W0/><G0/><T118/><D118/><U74/><E67/><V96/><F122/><W17/><G135/><T84/><D126/><N who="3" m="48137" /><G113/><T37/><D37/><U15/><E59/><V46/><F115/><W27/><G39/><T93/><D93/><U55/><REACH who="1" step="1"/><E23/><REACH who="1" ten="91,204,148,547" step="2"/><V130/><F58/><W78/><G34/><T88/><D8/><U24/><E24/><V42/><F9/><W19/><G33/><T36/><D36/><U97/><E97/><V80/><F96/><W132/><G132/><T49/><D54/><U129/><E129/><V25/><F130/><W68/><G68/><T40/><D11/><U50/><E50/><N who="2" m="26967" /><F134/><W30/><G71/><T119/><D119/><U4/><AGARI ba="0,1" hai="1,2,4,5,14,15,52,55,73,74,76,79,120,121" machi="4" ten="25,12000,1" yaku="1,1,0,1,22,2,54,1,53,0" doraHai="102" doraHaiUra="124" who="1" fromWho="1" sc="91,-40,204,130,148,-40,547,-40" /><INIT seed="5,1,0,2,1,3" ten="51,334,108,507" oya="1" hai0="72,36,14,108,80,59,109,112,99,132,19,118,42" hai1="24,35,63,46,95,128,22,83,8,111,51,62,7" hai2="43,131,64,87,94,117,133,92,79,20,60,21,23" hai3="56,114,27,122,115,89,127,69,31,130,11,30,53"/><U70/><E128/><V121/><F117/><W78/><G122/><T44/><D118/><U34/><E111/><V37/><F121/><W96/><G69/><T48/><D112/><N who="3" m="43049" /><G127/><T32/><D32/><U25/><E95/><V116/><F116/><W13/><G78/><T29/><D29/><U68/><E83/><V120/><F120/><W81/><G130/><T84/><D72/><U18/><E70/><V38/><F131/><W52/><G31/><T55/><D99/><U105/><E105/><V107/><F107/><W98/><G81/><T1/><D1/><U41/><E24/><V17/><F133/><W71/><G71/><T12/><D12/><U129/><E129/><V40/><F38/><W126/><G89/><T134/><D134/><U90/><E90/><V10/><F37/><W65/><G65/><T88/><REACH who="0" step="1"/><D132/><REACH who="0" ten="41,334,108,507" step="2"/><U26/><E26/><V93/><F87/><W33/><G126/><T6/><D6/><U97/><E97/><N who="3" m="37482" /><G56/><T77/><D77/><U45/><E35/><V2/><F79/><W54/><G54/><T9/><AGARI ba="1,1" hai="9,14,19,36,42,44,48,55,59,80,84,88,108,109" machi="9" ten="20,5200,0" yaku="1,1,0,1,7,1,54,1,53,0" doraHai="3" doraHaiUra="74" who="0" fromWho="0" sc="41,65,334,-27,108,-14,507,-14" /><INIT seed="6,0,0,3,0,130" ten="106,307,94,493" oya="2" hai0="36,32,112,59,97,56,119,106,58,103,118,37,55" hai1="126,80,132,70,42,128,19,92,102,16,116,39,63" hai2="65,100,77,68,117,109,25,29,23,78,31,38,90" hai3="6,12,41,71,125,35,53,27,115,3,28,51,134"/><V111/><F117/><N who="0" m="44554" /><D32/><U11/><E132/><V18/><F38/><N who="0" m="14954" /><D112/><U45/><E126/><V50/><F100/><W13/><G134/><T96/><D96/><U84/><E128/><V124/><F124/><W2/><G71/><T89/><D89/><U94/><E94/><V129/><F129/><W10/><G41/><T57/><D57/><U4/><E116/><V69/><F90/><W20/><G125/><T66/><D66/><U62/><E92/><V67/><F50/><AGARI ba="0,0" hai="50,55,56,58,59,97,103,106" m="14954,44554" machi="50" ten="30,1000,0" yaku="12,1" doraHai="130" who="0" fromWho="2" sc="106,10,307,0,94,-10,493,0" /><INIT seed="7,0,0,4,2,74" ten="116,307,84,493" oya="3" hai0="19,18,60,9,98,11,29,10,83,34,120,125,0" hai1="59,77,49,26,17,106,121,124,57,6,108,111,79" hai2="52,16,113,64,75,43,86,13,102,72,110,122,56" hai3="40,39,67,14,8,109,73,95,54,69,42,99,5"/><W123/><G123/><T129/><D120/><U85/><E85/><V128/><F110/><W82/><G39/><T46/><D0/><U7/><E49/><V53/><F122/><W47/><G109/><T22/><D129/><U117/><E121/><V105/><F128/><W127/><G127/><T89/><D34/><U93/><E93/><V131/><F131/><W15/><G69/><T71/><D125/><U135/><E124/><V78/><F43/><W50/><G67/><T51/><D60/><U23/><E23/><V1/><F1/><W90/><G73/><T76/><D71/><U66/><E26/><V35/><F35/><W38/><G82/><T112/><D112/><U80/><E80/><V25/><F25/><W97/><G38/><T33/><D33/><U44/><E44/><V104/><F113/><W45/><G45/><T36/><D36/><U48/><E48/><V68/><F68/><W4/><G99/><T2/><D2/><U65/><E106/><V3/><F3/><W28/><G28/><T100/><D29/><U84/><E84/><V92/><F64/><W133/><G133/><T62/><D62/><U61/><E61/><V81/><F75/><W114/><G114/><T63/><D63/><U70/><E70/><V41/><F41/><W96/><G96/><T21/><D51/><U31/><E31/><V55/><F56/><W27/><G27/><T30/><D46/><U103/><E135/><V91/><REACH who="2" step="1"/><F102/><REACH who="2" ten="116,307,74,493" step="2"/><W132/><G132/><T12/><D100/><U101/><E117/><V94/><F94/><W130/><G95/><N who="0" m="56687" /><D12/><N who="3" m="4649" /><G130/><T87/><D83/><RYUUKYOKU ba="0,1" sc="116,-15,307,15,74,15,493,-15" hai1="6,7,17,57,59,65,66,77,79,101,103,108,111" hai2="13,16,52,53,55,72,78,81,86,91,92,104,105" owari="101,-29.9,322,12.2,89,-41.1,488,58.8" /></mjloggm>