<mjloggm ver="2.3"><GO type="169" lobby="0"/><UN n0="%E3%81%AF%E3%81%BE%E3%81%A1%E3%83%AA%E3%83%BC%E3%82%B0" n1="%E7%91%9E%E5%8E%9F%E3%83%B4%E3%82%A1%E3%82%AE%E3%83%8A" n2="%57%44%44%69%65" n3="%E3%83%A8%E3%82%B7%E3%83%86%E3%83%AB%37%30%38" dan="17,16,16,16" rate="2140.32,2076.58,2103.71,2097.53" sx="M,M,M,M"/><TAIKYOKU oya="0"/><INIT seed="0,0,0,1,1,100" ten="250,250,250,250" oya="0" hai0="119,28,128,66,106,43,34,45,56,30,44,47,39" hai1="65,55,96,94,112,78,36,59,115,8,88,121,97" hai2="41,61,104,23,27,125,3,37,13,12,71,120,124" hai3="26,63,72,50,91,46,86,83,85,118,51,130,77"/><T135/><BYE who="1" /><D106/><UN n1="%E7%91%9E%E5%8E%9F%E3%83%B4%E3%82%A1%E3%82%AE%E3%83%8A" /><U68/><E121/><V126/><F120/><W81/><G130/><T52/><D119/><U19/><E36/><V98/><F3/><W114/><G114/><N who="1" m="43562" /><E78/><V64/><F41/><W48/><G118/><T1/><D1/><U87/><E65/><V29/><REACH who="2" step="1"/><F37/><REACH who="2" ten="250,250,240,250" step="2"/><W31/><G63/><T53/><D43/><U35/><E68/><V67/><F67/><W24/><G46/><T122/><D39/><U101/><E35/><V6/><F6/><W70/><G70/><T17/><D122/><U58/><E58/><V79/><F79/><W40/><G40/><T25/><D128/><U49/><E101/><AGARI ba="0,1" hai="12,13,23,27,29,61,64,71,98,101,104,124,125,126" machi="101" ten="40,8000,1" yaku="1,1,18,1,52,1,53,1" doraHai="100" doraHaiUra="103" who="2" fromWho="1" sc="250,0,250,-80,240,90,250,0" /><INIT seed="1,0,0,1,4,65" ten="250,170,330,250" oya="1" hai0="73,124,109,55,78,97,128,35,46,75,92,126,125" hai1="63,115,108,67,30,42,120,5,57,16,95,91,116" hai2="79,76,83,122,54,34,1,117,49,81,31,41,45" hai3="123,47,58,105,119,20,22,86,6,3,23,71,90"/><U27/><E115/><V74/><F117/><W2/><G123/><T113/><D35/><U43/><E116/><V118/><F118/><W133/><G105/><T33/><D33/><U101/><E120/><V37/><F122/><W4/><G47/><T130/><D55/><U32/><E5/><V50/><F1/><W121/><G133/><T102/><D46/><U61/><E101/><V56/><F34/><W132/><G132/><T129/><D113/><U93/><E108/><V0/><F31/><W36/><G36/><T17/><D17/><U44/><E91/><V19/><F19/><W114/><G58/><T48/><D48/><U68/><E16/><V28/><F28/><W8/><G114/><T59/><D59/><U11/><E11/><V64/><F64/><W89/><G119/><T94/><D109/><U66/><REACH who="1" step="1"/><E42/><REACH who="1" ten="250,160,330,250" step="2"/><V10/><F10/><N who="3" m="2327" /><G90/><N who="0" m="55447" /><D78/><U103/><E103/><V110/><F110/><W112/><G112/><T107/><D107/><U80/><E80/><V127/><F83/><N who="3" m="49375" /><G121/><T39/><D39/><AGARI ba="0,1" hai="27,30,32,39,43,44,57,61,63,66,67,68,93,95" machi="39" ten="30,5800,0" yaku="1,1,7,1,52,1,53,0" doraHai="65" doraHaiUra="51" who="1" fromWho="0" sc="250,-58,160,68,330,0,250,0" /><INIT seed="1,1,0,0,5,123" ten="192,228,330,250" oya="1" hai0="92,30,125,13,112,88,73,33,72,29,27,4,23" hai1="66,42,44,116,75,39,90,20,79,59,10,82,101" hai2="8,7,63,70,89,54,61,132,34,14,122,105,134" hai3="16,62,126,56,9,113,104,19,110,22,84,15,71"/><U55/><E116/><V43/><F122/><W95/><G113/><T68/><D68/><U111/><E101/><V5/><F105/><W97/><G126/><T25/><D125/><U83/><E66/><V115/><F34/><W119/><G71/><T12/><D112/><U78/><E90/><V109/><F115/><W57/><G119/><T45/><D45/><U58/><E20/><V0/><F43/><W18/><G104/><T91/><D91/><U128/><E128/><V133/><F89/><W102/><G84/><T47/><D47/><U127/><E127/><V31/><F31/><W3/><G110/><T124/><D124/><U129/><E129/><V60/><F70/><W38/><G38/><T49/><D49/><U130/><E130/><V35/><F35/><W93/><G93/><T41/><D41/><U67/><E67/><V2/><F54/><W94/><G94/><T64/><D64/><U96/><E96/><V24/><F24/><N who="3" m="14407" /><G62/><T103/><D103/><U117/><E117/><V106/><F106/><W52/><G3/><N who="2" m="1065" /><F7/><W80/><G80/><T48/><D48/><U28/><E28/><V135/><F132/><W77/><G77/><T74/><REACH who="0" step="1"/><D4/><REACH who="0" ten="182,228,330,250" step="2"/><U46/><E42/><V108/><AGARI ba="1,1" hai="5,8,14,60,61,63,108,109,133,134,135" m="1065" machi="108" ten="50,6400,0" yaku="20,1,52,2" doraHai="123" who="2" fromWho="2" sc="182,-17,228,-33,330,77,250,-17" /><INIT seed="2,0,0,3,3,4" ten="165,195,407,233" oya="2" hai0="74,65,125,18,75,5,130,128,98,56,50,12,66" hai1="61,44,107,96,131,126,114,109,95,86,76,36,47" hai2="33,27,99,84,89,87,112,52,49,70,24,104,91" hai3="45,1,63,64,35,68,90,48,88,41,14,19,135"/><V6/><F112/><W102/><G135/><T119/><D119/><U93/><E114/><V67/><F6/><W53/><G35/><T85/><D125/><U46/><E126/><V17/><F70/><W105/><G1/><T26/><D5/><U55/><E107/><V127/><F67/><W73/><G73/><T116/><D116/><U37/><E109/><V7/><F7/><W8/><G105/><T124/><D124/><U80/><E131/><N who="0" m="50217" /><D26/><U101/><E37/><V72/><F72/><N who="0" m="27690" /><D98/><N who="1" m="59599" /><E36/><V113/><F113/><W94/><REACH who="3" step="1"/><G41/><REACH who="3" ten="165,195,407,223" step="2"/><T129/><D129/><U13/><E13/><V25/><F104/><W21/><G21/><N who="0" m="11463" /><D85/><U3/><E3/><V38/><F87/><W82/><G82/><T132/><D132/><U121/><E86/><V83/><F84/><W43/><G43/><T120/><D120/><U54/><E121/><V16/><F33/><W51/><G51/><T117/><D117/><U110/><E80/><V78/><F83/><W15/><G15/><T122/><D122/><U71/><E76/><V81/><F78/><W60/><G60/><T77/><D77/><U32/><E61/><V100/><F81/><W106/><G106/><T39/><D39/><U28/><E32/><V59/><F38/><W29/><G29/><T133/><D133/><U97/><E28/><V115/><F127/><W0/><G0/><T92/><D92/><U62/><E95/><N who="2" m="58495" /><F115/><W30/><G30/><T58/><D50/><U2/><E2/><V57/><F49/><W9/><G9/><T10/><D10/><U79/><E79/><V42/><F42/><W111/><G111/><RYUUKYOKU ba="0,1" sc="165,15,195,-15,407,-15,223,15" hai0="56,58,65,66" hai3="8,14,19,45,48,53,63,64,68,88,90,94,102" /><INIT seed="3,1,1,0,2,55" ten="180,180,392,238" oya="3" hai0="35,125,111,83,129,13,112,116,91,76,4,12,102" hai1="84,5,124,44,57,59,70,72,119,40,14,32,39" hai2="101,66,97,75,110,20,123,118,117,31,65,8,73" hai3="82,64,62,23,98,105,19,99,15,29,86,132,87"/><W120/><G120/><T94/><D116/><U22/><E70/><V27/><F123/><W38/><G38/><T85/><D35/><U95/><E72/><V60/><F110/><W68/><G132/><T71/><D71/><U33/><E119/><V67/><F8/><W58/><G105/><T48/><D111/><U115/><E115/><V30/><F30/><W92/><G29/><T53/><D112/><U113/><E113/><V11/><F11/><W10/><G10/><T56/><D129/><U28/><E5/><V79/><F75/><W88/><G68/><T100/><D125/><U90/><E124/><V2/><F2/><W63/><G62/><T107/><D4/><U104/><E104/><V77/><F73/><W45/><G45/><T114/><D114/><U121/><E121/><V17/><F17/><W89/><AGARI ba="1,1" hai="15,19,23,58,63,64,82,86,87,88,89,92,98,99" machi="89" ten="20,12000,1" yaku="0,1,7,1,8,1,52,1,54,1" doraHai="55" who="3" fromWho="3" sc="180,-41,180,-41,392,-41,238,133" /><INIT seed="3,2,0,1,5,11" ten="139,139,351,371" oya="3" hai0="46,14,89,21,6,54,114,57,35,102,51,120,125" hai1="81,83,61,60,106,62,16,113,34,50,18,53,119" hai2="127,86,117,78,42,28,90,82,45,122,2,7,135" hai3="15,115,8,111,31,74,25,84,71,91,5,4,19"/><W70/><G74/><T105/><D120/><U123/><E123/><V40/><F122/><W72/><G72/><T134/><D35/><U67/><E113/><V37/><F127/><W12/><G115/><T76/><D114/><U65/><E34/><V36/><F135/><W69/><G111/><T104/><D134/><U101/><E119/><V130/><F130/><W116/><G116/><T109/><D109/><U58/><E101/><V24/><F117/><W10/><G19/><T44/><D76/><U27/><E106/><V32/><F90/><W94/><G70/><T23/><D125/><U22/><REACH who="1" step="1"/><E18/><REACH who="1" ten="139,129,351,371" step="2"/><V56/><F32/><AGARI ba="2,1" hai="4,5,8,10,12,15,25,31,32,69,71,84,91,94" machi="32" ten="30,11600,0" yaku="7,1,9,1,52,2" doraHai="11" who="3" fromWho="2" sc="139,0,129,0,351,-122,371,132" /><INIT seed="3,3,0,2,2,14" ten="139,129,229,503" oya="3" hai0="79,25,67,16,93,96,97,92,89,65,112,80,126" hai1="122,116,3,31,57,106,85,41,86,33,8,73,71" hai2="82,49,120,107,9,18,51,103,129,46,54,30,132" hai3="40,37,83,21,134,50,23,17,98,77,19,48,0"/><W84/><G0/><T68/><D126/><U66/><E122/><V104/><F120/><W27/><G134/><T113/><D68/><U110/><E73/><V72/><F132/><W2/><G2/><T117/><D117/><U29/><E71/><V28/><F129/><W59/><G59/><T62/><D62/><U52/><E66/><V125/><F125/><W101/><G37/><T55/><D55/><U24/><E106/><V128/><F128/><W58/><G58/><T39/><D39/><U64/><E64/><V100/><F72/><W4/><G4/><T63/><D63/><U124/><E124/><V6/><F82/><W47/><G50/><T5/><D5/><U76/><E116/><V105/><F51/><W10/><G10/><T130/><D130/><U53/><E41/><V60/><F60/><W12/><G98/><T75/><D113/><U20/><E53/><V90/><F90/><W102/><AGARI ba="3,0" hai="12,17,19,21,23,27,40,47,48,77,83,84,101,102" machi="102" ten="30,11700,0" yaku="0,1,8,1,52,2" doraHai="14" who="3" fromWho="3" sc="139,-42,129,-42,229,-42,503,126" /><INIT seed="3,4,0,4,1,122" ten="97,87,187,629" oya="3" hai0="43,99,4,104,109,83,53,49,22,94,21,117,87" hai1="26,127,30,125,69,41,39,40,110,126,60,1,81" hai2="19,35,56,47,0,112,115,90,31,73,93,13,27" hai3="25,55,63,44,48,102,95,114,38,3,77,15,97"/><W98/><G3/><T96/><D117/><U88/><E1/><V45/><F73/><W5/><G114/><T57/><D104/><U123/><E123/><V118/><F118/><W14/><G77/><T17/><D109/><U29/><E29/><V129/><F129/><W130/><G130/><T78/><D4/><U106/><E106/><V12/><F0/><W113/><G5/><T37/><D37/><U89/><E110/><V58/><F13/><W119/><G113/><T100/><D43/><N who="1" m="16459" /><E39/><V59/><F47/><W66/><G38/><T9/><D99/><U52/><E81/><V65/><F45/><W108/><G108/><T23/><REACH who="0" step="1"/><D9/><REACH who="0" ten="87,87,187,629" step="2"/><U120/><E120/><V85/><F115/><W116/><G98/><T32/><D32/><N who="1" m="20567" /><E69/><V50/><F112/><W67/><G119/><T6/><D6/><U86/><E86/><V34/><F35/><W101/><G116/><T71/><D71/><U68/><E68/><V79/><F34/><W82/><G97/><T128/><D128/><U8/><E8/><V61/><F85/><W80/><G102/><T84/><D84/><U46/><E46/><V11/><F11/><W7/><G101/><T121/><D121/><U124/><E124/><V54/><F59/><AGARI ba="4,1" hai="52,59,60,88,89,125,126,127" m="20567,16459" machi="59" ten="40,5200,0" yaku="18,1,54,2" doraHai="122" who="1" fromWho="2" sc="87,0,87,74,187,-64,629,0" /><INIT seed="4,0,0,1,3,35" ten="87,161,123,629" oya="0" hai0="115,123,76,131,121,79,47,22,113,3,58,134,135" hai1="61,5,15,99,50,65,110,56,132,107,100,66,74" hai2="101,18,77,71,116,12,7,117,33,67,97,133,53" hai3="38,42,24,87,93,78,27,31,8,11,59,106,28"/><T118/><D118/><U104/><E110/><V88/><F33/><W17/><G106/><T37/><D22/><U81/><E132/><N who="0" m="50729" /><D58/><U29/><E29/><V90/><F133/><W9/><G17/><T82/><D131/><U21/><E107/><V114/><F77/><N who="0" m="29770" /><D3/><U39/><E39/><V25/><F25/><W109/><G27/><T60/><D60/><U44/><E81/><V40/><F7/><W73/><G24/><T119/><D119/><N who="2" m="45642" /><F40/><W1/><G42/><T20/><D20/><U128/><E74/><V64/><F53/><W75/><G59/><T10/><D10/><U0/><E0/><V85/><F114/><N who="0" m="43530" /><D37/><U112/><E128/><V108/><F108/><W92/><G11/><T19/><D19/><U127/><E56/><V62/><F67/><W95/><G8/><T14/><D14/><U130/><E61/><V122/><F62/><W83/><G38/><T46/><D82/><U48/><E15/><V41/><F12/><W91/><G9/><T30/><D30/><U126/><E21/><V89/><F18/><W63/><G28/><T94/><D94/><U103/><E66/><V36/><F64/><W55/><G93/><T51/><D51/><U124/><E65/><V13/><F36/><W125/><G92/><T96/><D96/><U84/><E99/><V102/><F97/><W70/><G95/><T45/><AGARI ba="0,0" hai="45,46,47,121,123" m="43530,29770,50729" machi="45" ten="40,12000,1" yaku="28,2,20,1,15,1" doraHai="35" who="0" fromWho="0" sc="87,120,161,-40,123,-40,629,-40" /><INIT seed="4,1,0,4,0,6" ten="207,121,83,589" oya="0" hai0="12,33,0,102,29,74,122,69,85,62,15,120,133" hai1="86,79,28,99,73,50,35,16,56,26,27,97,42" hai2="4,126,95,67,61,9,21,88,17,2,127,25,81" hai3="129,106,44,41,115,113,7,38,125,49,46,37,123"/><T92/><D74/><U134/><E73/><V13/><F81/><W48/><G106/><T51/><D0/><U114/><E134/><V36/><F36/><N who="3" m="13931" /><G7/><T30/><D133/><U121/><E121/><V76/><F76/><W124/><G129/><T8/><D12/><U22/><E114/><N who="3" m="43530" /><G123/><T77/><D77/><U130/><E130/><V58/><REACH who="2" step="1"/><F2/><REACH who="2" ten="207,121,73,589" step="2"/><W84/><G84/><AGARI ba="1,1" hai="4,9,13,17,21,25,58,61,67,84,88,95,126,127" machi="84" ten="40,8000,1" yaku="1,1,2,1,52,1,54,1,53,1" doraHai="6" doraHaiUra="19" who="2" fromWho="3" sc="207,0,121,0,73,93,589,-83" /><INIT seed="5,0,0,3,1,117" ten="207,121,166,506" oya="1" hai0="41,52,2,132,64,22,60,133,122,62,89,85,1" hai1="17,94,113,107,29,13,33,71,26,84,27,88,65" hai2="99,4,91,93,87,130,36,86,45,59,102,34,30" hai3="5,79,112,134,73,106,53,46,115,83,120,48,6"/><U57/><E113/><N who="3" m="43594" /><G120/><T114/><D41/><U98/><E27/><V23/><F34/><W129/><G129/><T15/><D114/><U128/><E128/><V9/><F130/><W78/><G134/><N who="0" m="51819" /><D122/><U75/><E75/><V18/><F30/><W49/><G106/><T126/><D126/><U104/><E71/><V35/><F35/><W82/><G49/><T31/><D52/><U16/><E17/><V76/><F59/><W21/><G21/><T63/><D64/><U95/><E57/><V11/><F76/><W110/><G110/><T119/><D119/><U101/><REACH who="1" step="1"/><E65/><REACH who="1" ten="207,111,166,506" step="2"/><V125/><F18/><W47/><G47/><T68/><D68/><U58/><E58/><V61/><F45/><W56/><G46/><T124/><D124/><U54/><E54/><V10/><F125/><W80/><G73/><T70/><D70/><U42/><E42/><V118/><F118/><W39/><G56/><T25/><D62/><U100/><E100/><V72/><F102/><W131/><G53/><T40/><D40/><U77/><E77/><V28/><F61/><W135/><G131/><T7/><D60/><U109/><E109/><V74/><F74/><W123/><G79/><T19/><D63/><U24/><E24/><N who="2" m="16415" /><F72/><W90/><G78/><T51/><D19/><U96/><E96/><V69/><F69/><W50/><G135/><T3/><D25/><U38/><E38/><V44/><F44/><W32/><G39/><T92/><D31/><U81/><E81/><V8/><F36/><W116/><G116/><T55/><D55/><U103/><E103/><V108/><F108/><RYUUKYOKU ba="0,1" sc="207,-15,111,15,166,15,506,-15" hai1="13,16,26,29,33,84,88,94,95,98,101,104,107" hai2="4,8,9,10,11,86,87,91,93,99" /><INIT seed="5,1,1,3,5,20" ten="192,126,181,491" oya="1" hai0="50,60,104,67,46,132,23,49,7,131,39,93,94" hai1="2,118,73,129,26,95,90,6,37,127,111,29,59" hai2="62,3,78,63,87,89,121,110,108,103,68,114,79" hai3="45,128,43,11,86,21,83,33,47,109,4,13,70"/><U135/><E118/><V134/><F121/><W51/><G70/><T52/><D104/><U101/><E37/><V75/><F3/><W27/><G33/><T112/><D39/><U77/><E129/><V88/><F103/><W40/><G128/><T42/><D131/><U105/><E127/><V57/><F68/><W0/><G109/><T113/><D7/><U65/><E111/><V98/><F98/><W117/><G117/><T34/><D34/><U97/><E135/><V96/><F96/><W55/><G45/><N who="0" m="27695" /><D132/><U106/><E6/><V8/><F134/><W25/><G25/><T116/><D116/><U54/><E2/><V35/><F35/><W41/><G0/><T80/><D80/><N who="1" m="45103" /><E54/><V12/><F75/><W81/><G86/><T102/><D102/><U122/><E122/><V64/><F89/><W82/><G55/><T15/><D60/><N who="1" m="38047" /><E90/><V72/><F63/><W56/><G56/><T22/><D67/><U74/><E74/><V36/><F36/><W69/><G69/><T18/><D113/><U48/><E48/><V10/><F114/><W123/><G123/><T5/><D112/><U19/><E19/><AGARI ba="1,1" hai="4,11,13,19,21,27,40,41,43,47,51,81,82,83" machi="19" ten="40,2600,0" yaku="8,1,52,1" doraHai="20" who="3" fromWho="1" sc="192,0,126,-29,181,0,491,39" /><INIT seed="6,0,0,4,4,37" ten="192,97,181,530" oya="2" hai0="62,47,130,0,15,92,94,3,14,65,102,74,31" hai1="25,91,120,46,101,111,95,109,79,107,76,134,51" hai2="42,113,57,119,116,75,6,88,122,69,67,81,4" hai3="64,123,108,43,86,133,80,117,124,66,7,126,63"/><V12/><F122/><W84/><G123/><T13/><D74/><U72/><E120/><V35/><F35/><W98/><G117/><T77/><D130/><U38/><E134/><V114/><F69/><W8/><G133/><T41/><D31/><U2/><E2/><V48/><F75/><W127/><G108/><T83/><D3/><U49/><E25/><V20/><F67/><W19/><G19/><T96/><D0/><U97/><E38/><V106/><F106/><W30/><G30/><T70/><D92/><U93/><E93/><V24/><F119/><W23/><G23/><T5/><D5/><U36/><E36/><V118/><F118/><W128/><G128/><T22/><D22/><U129/><E129/><V40/><F116/><W16/><G16/><T32/><D32/><U85/><E79/><V110/><F110/><W55/><G98/><T21/><D21/><U34/><E51/><V103/><F103/><W33/><G33/><T115/><D115/><N who="2" m="44042" /><F48/><W29/><G29/><T17/><D17/><U18/><E18/><N who="2" m="10311" /><F57/><N who="3" m="35263" /><G43/><N who="2" m="16425" /><F24/><W135/><G135/><T27/><D27/><U73/><E34/><V58/><F58/><W104/><G104/><T125/><D41/><N who="1" m="24783" /><E72/><V68/><F68/><W121/><G66/><T53/><D47/><U99/><E99/><V100/><F100/><W54/><G64/><T10/><D70/><U44/><E44/><V28/><F28/><W1/><G121/><T131/><D131/><U82/><AGARI ba="0,0" hai="73,76,82,85,91,95,97,101,107,109,111" m="24783" machi="82" ten="30,2000,0" yaku="24,1,52,1" doraHai="37" who="1" fromWho="1" sc="192,-5,97,20,181,-10,530,-5" /><INIT seed="7,0,0,4,1,85" ten="187,117,171,525" oya="3" hai0="101,105,32,114,42,1,48,122,62,51,104,2,75" hai1="89,119,54,66,19,117,3,73,91,30,41,23,7" hai2="46,69,111,72,38,11,15,121,103,71,98,16,131" hai3="83,118,49,65,79,120,43,113,39,40,81,127,128"/><W6/><G49/><T36/><D122/><U110/><E110/><V25/><F111/><W35/><G83/><T27/><D75/><U45/><E73/><V130/><F72/><W135/><G6/><T24/><D36/><U102/><E66/><V112/><F121/><W50/><G50/><T13/><D13/><U87/><E102/><V80/><F80/><W28/><G28/><T18/><D18/><U64/><E64/><V133/><F133/><W47/><G43/><T4/><D62/><U58/><E30/><V12/><F12/><W116/><G81/><T96/><D114/><U109/><E109/><V5/><F112/><W88/><G79/><T37/><D105/><U84/><E7/><V99/><F99/><W74/><G47/><T86/><D86/><U92/><E3/><V115/><F115/><W129/><G65/><T33/><D24/><U26/><E45/><V0/><F25/><W34/><G40/><T90/><D27/><U10/><E10/><N who="2" m="2343" /><F46/><W125/><G129/><N who="2" m="49161" /><F38/><W70/><G34/><N who="0" m="13419" /><D37/><U68/><E68/><V53/><F53/><W22/><G125/><T9/><D42/><U20/><E41/><V77/><F77/><W108/><G22/><T97/><D1/><U123/><E23/><V21/><F21/><W78/><G78/><T94/><D104/><AGARI ba="0,0" hai="11,15,16,69,71,98,103,104" m="49161,2343" machi="104" ten="30,2000,0" yaku="19,1,54,1" doraHai="85" who="2" fromWho="0" sc="187,-20,117,0,171,20,525,0" owari="167,-23.3,117,-38.3,191,-0.9,525,62.5" /></mjloggm>