<mjloggm ver="2.3"><GO type="169" lobby="0"/><UN n0="%E3%81%97%E3%82%83%E3%82%93%E3%81%8A%E3%81%98" n1="%E3%81%9B%E3%81%A9%E3%81%AA%E3%82%8A%E3%81%82%E3%82%93" n2="%E3%81%94%E3%82%8B%E3%81%AF%E3%82%80%33%30" n3="%E4%BA%BA%E5%93%81%E3%81%AA%E3%81%97" dan="17,17,17,17" rate="2177.19,2186.38,2189.65,2203.11" sx="F,F,F,M"/><TAIKYOKU oya="0"/><INIT seed="0,0,0,0,4,89" ten="250,250,250,250" oya="0" hai0="104,103,74,95,3,49,2,90,135,41,76,27,121" hai1="66,111,112,70,71,64,94,46,44,23,110,124,48" hai2="30,35,108,97,81,45,40,50,120,116,85,25,61" hai3="84,125,37,132,13,38,82,101,122,83,8,134,16"/><T96/><D121/><U0/><E0/><V87/><F120/><W69/><G122/><T18/><D135/><N who="3" m="51753" /><G69/><N who="1" m="26122" /><E23/><V52/><F108/><N who="1" m="41513" /><E94/><V33/><F116/><W109/><G109/><T123/><D123/><U39/><E124/><V100/><F35/><W68/><G68/><T118/><D118/><U20/><E20/><V5/><F5/><W59/><G125/><T98/><D18/><U67/><E112/><V43/><F61/><W17/><G59/><T91/><D27/><U129/><E129/><V92/><REACH who="2" step="1"/><F85/><REACH who="2" ten="250,250,240,250" step="2"/><W86/><G86/><T114/><D114/><U51/><E39/><N who="3" m="14858" /><G84/><T28/><D2/><U133/><E133/><V19/><F19/><W24/><G17/><T60/><D3/><U126/><E126/><V131/><F131/><W14/><G14/><T63/><D28/><U29/><E29/><V57/><F57/><W80/><G24/><T102/><D63/><U107/><E107/><V115/><F115/><W88/><G101/><T55/><D60/><U54/><E67/><V11/><F11/><W75/><G75/><T34/><D34/><U26/><E26/><V56/><F56/><W127/><G127/><T42/><D74/><U10/><E10/><V1/><F1/><W7/><G7/><T53/><D102/><U65/><E65/><V93/><F93/><W128/><G128/><T58/><D104/><U36/><E36/><V47/><F47/><W117/><G117/><T105/><D105/><U21/><E21/><V12/><F12/><W9/><G8/><T119/><D119/><U72/><E72/><V78/><AGARI ba="0,1" hai="25,30,33,40,43,45,50,52,78,81,87,92,97,100" machi="78" ten="20,12000,2" yaku="1,1,0,1,7,1,52,1,54,1,53,1" doraHai="89" doraHaiUra="73" who="2" fromWho="2" sc="250,-60,250,-30,240,130,250,-30" /><INIT seed="1,0,0,1,0,104" ten="190,220,370,220" oya="1" hai0="68,47,12,6,39,79,67,29,114,14,98,25,76" hai1="44,124,122,4,63,111,2,102,27,90,23,113,15" hai2="108,78,127,43,62,24,26,59,16,99,92,73,49" hai3="135,103,125,89,50,94,128,105,130,95,33,41,85"/><U42/><E113/><V30/><F108/><W10/><G33/><T72/><D114/><U35/><E122/><V38/><F38/><W69/><G69/><T52/><D68/><U75/><E102/><V96/><F127/><W88/><G10/><T51/><D67/><U57/><E2/><V134/><F134/><W101/><G41/><T80/><D39/><U119/><E119/><V19/><F78/><W100/><G50/><T40/><D6/><U70/><E70/><V106/><F73/><W81/><G125/><T93/><D76/><U60/><E35/><V86/><F86/><N who="3" m="52535" /><G135/><T5/><D5/><U118/><E118/><V18/><F106/><W115/><G115/><T58/><D58/><U37/><E124/><V53/><F30/><W65/><G65/><T55/><D55/><U31/><E111/><V132/><F99/><N who="3" m="59519" /><G105/><T7/><D7/><U112/><E112/><V61/><F132/><W109/><G109/><T97/><D40/><U74/><E63/><N who="2" m="24075" /><F43/><W131/><AGARI ba="0,0" hai="81,85,88,101,103,128,130,131" m="59519,52535" machi="131" ten="30,7900,0" yaku="19,1,34,2,54,1" doraHai="104" who="3" fromWho="3" sc="190,-20,220,-39,370,-20,220,79" /><INIT seed="2,0,0,2,3,86" ten="170,181,350,299" oya="2" hai0="124,125,68,80,70,106,36,30,12,85,89,123,67" hai1="117,6,11,23,40,39,83,101,34,64,14,59,45" hai2="25,98,129,48,96,22,122,103,116,132,73,133,104" hai3="113,82,42,28,93,10,128,17,95,61,118,87,37"/><V108/><F116/><W127/><G118/><T2/><D2/><U75/><E117/><V105/><F122/><W121/><G121/><T54/><D123/><U26/><E101/><V35/><F35/><W32/><G127/><N who="0" m="48715" /><D106/><U109/><E109/><V24/><F73/><W97/><G128/><T56/><D36/><U78/><E34/><V52/><F129/><W33/><G28/><T69/><D30/><U8/><E8/><V3/><F3/><W0/><G95/><T31/><D31/><U16/><E59/><V60/><F60/><W57/><G42/><T88/><D12/><U71/><REACH who="1" step="1"/><E64/><REACH who="1" ten="170,171,350,299" step="2"/><V72/><F108/><W126/><G126/><T99/><D67/><U38/><E38/><V18/><F103/><W107/><G37/><T19/><D19/><U50/><E50/><V47/><F48/><W29/><G57/><T13/><D13/><U81/><E81/><V114/><F18/><W43/><G17/><T20/><D20/><U102/><E102/><V92/><F22/><W44/><G32/><T55/><D56/><U77/><E77/><V76/><F76/><W53/><G82/><T27/><D27/><U111/><E111/><V51/><F24/><W15/><G15/><T90/><D99/><U21/><E21/><V91/><F25/><W120/><G97/><T7/><D7/><U58/><E58/><V65/><F98/><W110/><G0/><T130/><D130/><U62/><E62/><V135/><F65/><W134/><G61/><T119/><D119/><U112/><E112/><V74/><F96/><W46/><G113/><T5/><D5/><RYUUKYOKU ba="0,1" sc="170,15,171,15,350,-15,299,-15" hai0="54,55,68,69,70,80,85,88,89,90" hai1="6,11,14,16,23,26,39,40,45,71,75,78,83" /><INIT seed="3,1,1,1,5,72" ten="185,186,335,284" oya="3" hai0="36,29,61,96,131,40,4,56,63,133,38,27,122" hai1="123,6,132,31,127,42,14,82,111,104,83,89,99" hai2="55,126,118,35,19,64,81,124,59,53,5,12,70" hai3="108,93,17,43,46,15,79,11,121,39,66,71,80"/><W2/><G121/><T92/><D122/><U119/><E123/><V120/><F120/><RYUUKYOKU type="kaze4" ba="1,1" sc="185,0,186,0,335,0,284,0" /><INIT seed="3,2,1,0,0,63" ten="185,186,335,284" oya="3" hai0="119,12,87,7,124,50,53,17,4,46,135,16,61" hai1="92,44,31,55,69,23,110,0,77,78,114,111,94" hai2="67,103,96,40,127,33,29,106,76,70,88,117,108" hai3="56,30,45,116,89,68,113,9,121,129,97,28,130"/><W39/><G68/><T112/><D119/><U60/><E0/><V79/><F117/><W6/><G113/><T95/><D112/><U2/><E2/><V131/><F108/><N who="1" m="41513" /><E114/><V11/><F131/><N who="3" m="50187" /><G121/><T91/><D135/><U1/><E1/><V14/><F127/><W102/><G89/><T52/><D124/><U19/><E31/><N who="3" m="11818" /><G56/><N who="0" m="34959" /><D17/><U35/><E35/><V90/><F40/><N who="3" m="22687" /><G116/><T107/><D107/><U134/><E134/><V21/><F33/><W18/><G18/><T104/><D104/><U42/><E77/><V66/><F76/><W47/><G47/><T115/><D115/><U36/><E78/><V72/><F79/><W82/><G82/><T105/><D105/><U75/><E75/><V83/><F72/><W15/><G97/><T20/><AGARI ba="2,1" hai="4,7,12,16,20,46,50,52,87,91,95" m="34959" machi="20" ten="30,4000,0" yaku="8,1,54,2" doraHai="63" who="0" fromWho="0" sc="185,56,186,-12,335,-12,284,-22" /><INIT seed="4,0,0,3,4,104" ten="241,174,323,262" oya="0" hai0="86,110,47,76,44,35,56,60,30,58,94,73,7" hai1="102,109,74,59,105,0,95,114,29,21,83,8,49" hai2="101,50,28,45,17,1,134,42,99,121,106,93,75" hai3="43,72,22,115,71,92,77,55,10,53,70,81,6"/><T117/><D117/><U125/><E109/><V65/><F121/><W68/><G115/><T14/><D110/><U48/><E105/><V98/><F1/><W4/><G22/><T97/><D30/><U38/><E38/><V120/><F120/><W46/><G92/><T25/><D25/><U126/><E114/><V85/><F28/><W52/><REACH who="3" step="1"/><G10/><REACH who="3" ten="241,174,323,252" step="2"/><N who="0" m="4447" /><D35/><U133/><E21/><V2/><F106/><W12/><G12/><T130/><D130/><U111/><E111/><V32/><F32/><W23/><G23/><T135/><D135/><U15/><E133/><V19/><F134/><W96/><G96/><T116/><D116/><U129/><E129/><V91/><F99/><W113/><G113/><T16/><D97/><U61/><E95/><V62/><F2/><W131/><G131/><T122/><D94/><U107/><E0/><V36/><F98/><W80/><G80/><T57/><D122/><U87/><E107/><V41/><F93/><W128/><G128/><T78/><D60/><U119/><E119/><V100/><F62/><W54/><N who="3" m="13312" /><DORA hai="26" /><W82/><G82/><T31/><D47/><U33/><E61/><V9/><F45/><W123/><G123/><T90/><D44/><U132/><E33/><V89/><F9/><W3/><G3/><T108/><D108/><U24/><E132/><V20/><F20/><W66/><G66/><T18/><D31/><U34/><E8/><V88/><F65/><W63/><G63/><T118/><D118/><U67/><E67/><V79/><F101/><W51/><AGARI ba="0,1" hai="4,6,43,46,51,68,70,71,72,77,81" m="13312" machi="51" ten="50,8000,1" yaku="1,1,0,1,52,1,54,1,53,0" doraHai="104,26" doraHaiUra="103,69" who="3" fromWho="3" sc="241,-40,174,-20,323,-20,252,90" /><INIT seed="5,0,0,3,3,122" ten="201,154,303,342" oya="1" hai0="134,83,120,108,13,20,27,45,29,18,121,11,101" hai1="91,1,35,70,14,0,102,111,100,93,62,116,12" hai2="78,68,43,16,6,113,15,135,109,131,90,60,34" hai3="129,63,74,9,119,22,118,57,37,110,82,38,23"/><U67/><E116/><N who="3" m="44586" /><G129/><T112/><D101/><U103/><E35/><V53/><F131/><W31/><G110/><T46/><D46/><U5/><E111/><V130/><F130/><W76/><G9/><T21/><D83/><U72/><E72/><V133/><F34/><W24/><G22/><T132/><D45/><U44/><E44/><V97/><F109/><W51/><G51/><T107/><D107/><U71/><E71/><V8/><F43/><W17/><G31/><T75/><D75/><U47/><E47/><V19/><F78/><W123/><G123/><N who="0" m="47179" /><D108/><U85/><REACH who="1" step="1"/><E5/><REACH who="1" ten="201,144,303,342" step="2"/><V99/><F6/><W10/><G74/><T32/><D112/><U96/><E96/><V52/><F113/><W124/><G38/><T36/><D36/><U66/><E66/><V3/><F99/><W28/><G37/><T30/><D30/><U33/><E33/><V127/><F68/><W42/><G28/><T128/><D128/><U114/><E114/><V26/><F97/><W2/><G42/><T98/><D98/><U105/><E105/><V48/><F19/><W84/><G57/><T86/><D86/><U88/><E88/><V125/><F90/><W81/><G84/><T7/><D32/><U89/><E89/><V41/><F41/><W80/><G17/><T87/><D87/><U49/><E49/><V94/><F16/><W73/><G73/><T54/><D54/><U65/><E65/><V61/><F48/><W50/><G50/><T64/><D64/><U117/><E117/><V69/><F53/><W92/><G63/><N who="2" m="24137" /><F52/><W104/><G104/><T59/><D59/><RYUUKYOKU ba="0,1" sc="201,15,144,15,303,-15,342,-15" hai0="7,11,13,18,20,21,27,29,132,134" hai1="0,1,12,14,62,67,70,85,91,93,100,102,103" /><INIT seed="5,1,1,0,4,98" ten="216,159,288,327" oya="1" hai0="125,128,79,46,66,11,1,104,129,40,62,4,73" hai1="87,101,83,97,75,30,96,122,92,50,53,76,85" hai2="27,43,34,126,105,33,132,69,15,37,123,131,109" hai3="91,84,108,135,24,68,133,118,117,88,3,22,44"/><U112/><E112/><V78/><RYUUKYOKU type="yao9" ba="1,1" sc="216,0,159,0,288,0,327,0" hai2="15,27,33,34,37,43,69,78,105,109,123,126,131,132" /><INIT seed="5,2,1,5,5,10" ten="216,159,288,327" oya="1" hai0="20,55,108,109,1,31,60,44,68,46,9,119,5" hai1="85,99,121,79,16,130,110,97,128,2,91,39,43" hai2="52,57,89,94,41,103,77,61,63,115,0,82,56" hai3="50,74,35,100,126,65,33,48,112,75,21,36,78"/><U122/><E2/><V111/><F111/><W12/><G112/><T123/><D119/><U104/><E39/><V70/><F115/><W96/><G36/><T11/><D123/><N who="1" m="47115" /><E43/><V135/><F0/><W27/><G126/><T49/><D46/><U88/><E110/><V133/><F41/><W95/><G78/><T18/><D31/><U14/><E79/><V80/><F103/><W53/><G65/><T102/><D102/><N who="1" m="62543" /><E99/><V58/><F70/><W22/><G48/><T118/><D11/><N who="1" m="6239" /><E85/><V105/><F105/><W73/><G12/><T81/><D81/><U13/><E13/><V84/><F80/><W3/><G3/><T8/><D8/><U131/><AGARI ba="2,1" hai="88,91,128,130,131" m="6239,62543,47115" machi="131" ten="40,12000,1" yaku="19,1,52,1,54,2" doraHai="10" who="1" fromWho="1" sc="216,-42,159,136,288,-42,327,-42" /><INIT seed="5,3,0,3,3,29" ten="174,295,246,285" oya="1" hai0="32,13,125,23,106,75,14,122,44,8,74,82,43" hai1="39,49,98,83,93,41,12,112,116,134,92,6,64" hai2="22,115,1,132,110,126,9,118,87,108,53,20,86" hai3="47,52,35,71,133,16,55,61,0,88,78,57,40"/><U19/><E116/><V25/><F118/><W31/><G0/><T80/><D106/><U130/><E39/><V70/><F70/><W117/><G117/><T128/><D125/><U79/><E112/><V120/><F120/><W58/><G71/><T99/><D122/><U56/><E130/><V72/><F72/><W24/><G133/><T65/><D65/><U77/><E6/><V34/><F126/><W135/><G135/><T81/><D99/><U111/><E111/><V68/><F68/><W54/><G78/><T27/><D32/><U4/><E4/><V89/><F132/><W38/><G57/><T62/><D62/><N who="1" m="37959" /><E83/><V59/><F115/><W67/><G67/><T119/><D119/><U26/><E26/><V17/><F86/><W91/><G91/><T107/><D107/><U42/><E92/><V51/><F1/><W114/><G114/><T3/><D3/><U11/><E134/><V15/><F34/><W85/><G16/><T7/><D14/><U60/><E60/><V45/><F108/><W96/><G96/><T48/><REACH who="0" step="1"/><D128/><REACH who="0" ten="164,295,246,285" step="2"/><U124/><E124/><V123/><F123/><W36/><G36/><T95/><D95/><AGARI ba="3,1" hai="24,31,35,38,40,47,52,54,55,58,61,85,88,95" machi="95" ten="30,7700,0" yaku="7,1,52,1,54,2" doraHai="29" who="3" fromWho="0" sc="164,-86,295,0,246,0,285,96" /><INIT seed="6,0,0,5,4,10" ten="78,295,246,381" oya="2" hai0="67,133,43,49,83,6,119,34,107,8,51,122,46" hai1="72,112,116,26,132,71,37,58,99,68,32,11,27" hai2="50,31,126,94,100,4,52,87,77,129,75,96,73" hai3="89,12,59,86,84,44,41,74,114,61,103,135,2"/><V42/><F129/><W21/><G2/><T9/><D122/><U40/><E116/><V97/><F126/><W55/><G74/><T36/><D133/><U60/><E72/><V69/><F69/><W91/><G114/><T125/><D125/><U115/><E132/><V35/><F42/><W29/><G103/><T124/><D119/><U128/><E128/><V22/><F35/><W19/><G135/><T47/><D124/><U65/><E99/><V28/><F4/><W106/><G106/><T117/><D117/><U33/><E11/><V24/><F31/><W13/><G29/><T38/><D107/><U5/><E5/><V20/><F20/><W17/><G86/><T120/><D34/><U14/><E26/><V63/><F63/><W98/><G84/><T54/><D120/><U123/><E27/><V57/><REACH who="2" step="1"/><F96/><REACH who="2" ten="78,295,236,381" step="2"/><W64/><G98/><T134/><D134/><U30/><E30/><V93/><F93/><W76/><G64/><T111/><D111/><U39/><E68/><V82/><AGARI ba="0,1" hai="22,24,28,50,52,57,73,75,77,82,87,94,97,100" machi="82" ten="30,12000,1" yaku="1,1,0,1,54,1,53,2" doraHai="10" doraHaiUra="105" who="2" fromWho="2" sc="78,-40,295,-40,236,130,381,-40" /><INIT seed="6,1,0,0,5,109" ten="38,255,366,341" oya="2" hai0="52,97,69,66,90,79,37,70,8,122,98,19,124" hai1="75,42,59,43,39,26,11,24,27,120,45,34,7" hai2="101,5,92,82,78,68,33,71,76,88,41,25,58" hai3="60,18,111,40,49,112,107,20,61,96,108,13,93"/><V110/><F110/><W55/><G107/><T3/><D122/><U16/><E120/><V46/><F101/><W118/><G118/><T29/><D124/><U105/><E105/><V14/><F58/><W48/><G112/><T80/><D37/><U128/><E42/><V54/><F54/><W62/><G40/><T89/><D29/><U38/><E38/><V65/><F33/><W119/><G119/><T135/><D135/><U35/><E128/><V44/><F25/><W133/><G133/><T4/><D19/><U83/><E59/><V106/><F106/><W64/><G64/><T134/><D134/><U47/><E47/><V10/><F65/><W129/><G129/><T50/><D97/><U81/><E81/><V36/><F46/><W127/><G127/><T100/><D100/><U21/><E35/><V132/><F76/><W87/><G87/><T72/><D98/><U74/><E34/><V130/><F130/><W114/><G49/><T56/><D69/><U95/><E95/><V126/><F126/><W12/><G12/><T73/><D73/><U31/><E31/><V113/><F113/><W53/><G53/><T103/><D103/><U94/><E94/><V102/><F102/><N who="3" m="60687" /><G114/><T99/><D99/><U117/><E117/><V15/><F15/><W22/><G22/><T91/><D91/><U67/><E67/><V0/><F14/><W9/><G20/><T32/><D32/><U6/><E74/><N who="2" m="43351" /><F132/><W104/><G104/><T63/><D70/><U125/><E125/><V1/><F1/><W30/><G30/><T28/><D28/><U131/><E131/><RYUUKYOKU ba="1,0" sc="38,10,255,-30,366,10,341,10" hai0="3,4,8,50,52,56,63,66,72,79,80,89,90" hai2="0,5,10,36,41,44,68,71,88,92" hai3="9,13,18,48,55,60,61,62,108,111" /><INIT seed="6,2,0,5,5,4" ten="48,225,376,351" oya="2" hai0="93,117,0,52,24,82,27,47,102,7,49,40,16" hai1="131,35,106,33,42,58,110,98,41,115,94,122,46" hai2="125,44,39,129,50,26,9,80,104,19,118,38,101" hai3="61,81,51,18,69,45,89,134,99,6,111,10,55"/><V21/><F118/><W103/><G111/><T65/><D117/><U59/><E110/><V114/><F104/><W32/><G32/><T5/><D65/><U68/><E68/><V29/><F101/><W78/><G134/><T126/><D126/><U15/><E106/><V64/><F125/><W43/><G18/><T28/><D82/><U96/><E115/><V2/><F114/><W37/><G89/><T1/><D1/><U83/><E83/><V100/><F100/><W34/><G34/><T76/><D76/><U135/><E131/><V105/><F105/><W53/><G61/><T36/><D0/><U128/><E128/><V124/><F124/><W132/><G69/><T109/><D109/><U79/><E79/><V23/><F64/><W121/><G121/><T48/><D36/><U57/><E135/><V113/><F113/><W107/><G132/><T87/><D24/><U108/><E108/><V85/><F129/><W88/><G88/><T17/><D28/><U77/><E77/><V70/><F70/><W116/><G116/><T30/><D30/><U91/><E98/><V20/><F85/><W25/><G25/><T13/><D27/><U92/><E92/><V123/><F80/><W95/><G107/><T127/><D127/><U120/><E15/><N who="2" m="7663" /><F2/><N who="3" m="343" /><G51/><T11/><D17/><U97/><E97/><V22/><F123/><N who="1" m="47145" /><E41/><N who="2" m="24847" /><F39/><AGARI ba="2,0" hai="33,35,39,42,46,57,58,59,91,94,96" m="47145" machi="39" ten="30,1000,0" yaku="13,1" doraHai="4" who="1" fromWho="2" sc="48,0,225,16,376,-16,351,0" /><INIT seed="7,0,0,3,4,73" ten="48,241,360,351" oya="3" hai0="102,70,104,78,89,43,14,3,131,35,82,33,39" hai1="93,88,46,28,44,83,50,26,13,23,63,108,111" hai2="18,81,48,124,64,54,85,132,53,52,5,126,71" hai3="103,16,47,97,122,121,57,61,45,34,67,96,66"/><W8/><G34/><T4/><D14/><U25/><E108/><V76/><F132/><W7/><G121/><T91/><D91/><U130/><E130/><V15/><F5/><W22/><G122/><T79/><D89/><U49/><E111/><V0/><F0/><W120/><G120/><T10/><D79/><U135/><E135/><V109/><F109/><W56/><G8/><T107/><D70/><U69/><E69/><V87/><F87/><W101/><G7/><T75/><D131/><U72/><E63/><V106/><F106/><W105/><G57/><T68/><D68/><U41/><E13/><V99/><F99/><N who="3" m="37963" /><G67/><T12/><D12/><U115/><E115/><V128/><F128/><W125/><G125/><N who="2" m="48233" /><F64/><W24/><G105/><T112/><D112/><U2/><E2/><V98/><F98/><W37/><G37/><T74/><D74/><U58/><E58/><N who="2" m="33063" /><F71/><W90/><G90/><T1/><D1/><U116/><E25/><V62/><F62/><W29/><G16/><T95/><D95/><U129/><E129/><V60/><F60/><W30/><G30/><T127/><D127/><U119/><E93/><V118/><F118/><W114/><G114/><T123/><D123/><U42/><REACH who="1" step="1"/><E72/><REACH who="1" ten="48,231,360,351" step="2"/><V6/><F6/><W117/><G117/><T40/><D40/><U19/><E19/><V9/><AGARI ba="0,1" hai="9,15,18,52,54,76,81,85" m="33063,48233" machi="9" ten="30,4000,0" yaku="18,1,52,1,54,1" doraHai="73" who="2" fromWho="2" sc="48,-10,231,-10,360,50,351,-20" owari="38,-46.2,221,-17.9,410,51.0,331,13.1" /></mjloggm>