<mjloggm ver="2.3"><GO type="169" lobby="0"/><UN n0="%E3%82%A4%E3%82%AB%E3%81%AB%E3%82%82%E6%9D%B1%E5%8C%97" n1="%E5%A4%A9%E7%8B%90" n2="%E3%81%97%E3%82%82%E3%82%93%E3%81%AC" n3="%E3%81%BE%E3%81%A1%E3%81%8A" dan="16,16,16,16" rate="2167.11,2124.01,2202.78,2143.96" sx="M,M,M,M"/><TAIKYOKU oya="0"/><INIT seed="0,0,0,5,2,6" ten="250,250,250,250" oya="0" hai0="88,74,23,84,35,37,8,33,68,55,131,118,57" hai1="3,20,42,28,110,17,30,14,103,73,75,16,58" hai2="47,13,70,114,90,53,123,0,65,2,85,22,24" hai3="81,10,125,41,116,11,51,99,61,101,77,107,59"/><T7/><D118/><U31/><E110/><V128/><F123/><W82/><G125/><T49/><D74/><U132/><E132/><V60/><F114/><W135/><G135/><T111/><D68/><U9/><E103/><V46/><F128/><W12/><G116/><T86/><D37/><U97/><E97/><V127/><F127/><W91/><G12/><T134/><D134/><U89/><E89/><V120/><F120/><W39/><G39/><T52/><D131/><U117/><E117/><V27/><F27/><W133/><G133/><T76/><D111/><U18/><E42/><V106/><F106/><W126/><G126/><T1/><D23/><U4/><E58/><V71/><F71/><W66/><G91/><T50/><D76/><U80/><REACH who="1" step="1"/><E75/><REACH who="1" ten="250,240,250,250" step="2"/><V54/><F46/><W25/><G77/><AGARI ba="0,1" hai="3,4,9,14,16,17,18,20,28,30,31,73,77,80" machi="77" ten="40,8000,1" yaku="1,1,2,1,52,1,54,1,53,0" doraHai="6" doraHaiUra="122" who="1" fromWho="3" sc="250,0,240,90,250,0,250,-80" /><INIT seed="1,0,0,3,5,90" ten="250,330,250,170" oya="1" hai0="18,118,114,127,12,28,71,128,22,33,92,94,125" hai1="7,87,46,101,124,14,29,35,119,6,88,34,77" hai2="130,15,122,41,91,43,32,102,61,65,51,44,63" hai3="21,84,9,99,123,10,37,103,117,134,129,17,104"/><U111/><E119/><V38/><F130/><W26/><G123/><T116/><D71/><U55/><E77/><V67/><F122/><W3/><G37/><T31/><D114/><U106/><E124/><N who="0" m="47689" /><D128/><U13/><E101/><V60/><F32/><W82/><G129/><T80/><D80/><U97/><E97/><V105/><F15/><W54/><G117/><N who="0" m="45163" /><D33/><U131/><E106/><V86/><F102/><W16/><G134/><T76/><D76/><U83/><E111/><V64/><F105/><W100/><G100/><T72/><D72/><U11/><E29/><AGARI ba="0,0" hai="12,18,22,28,29,31,92,94" m="45163,47689" machi="29" ten="30,3900,0" yaku="18,1,52,2" doraHai="90" who="0" fromWho="1" sc="250,39,330,-39,250,0,170,0" /><INIT seed="2,0,0,4,0,114" ten="289,291,250,170" oya="2" hai0="70,15,39,132,123,57,86,25,115,125,65,67,6" hai1="133,53,21,23,130,16,101,11,111,52,129,88,104" hai2="0,1,119,73,106,56,17,72,41,27,49,58,51" hai3="95,96,38,89,10,103,62,46,19,9,45,82,128"/><V44/><F106/><W79/><G128/><N who="1" m="49258" /><E111/><V75/><F119/><W3/><G38/><T30/><D123/><U47/><E133/><V77/><F77/><W92/><G3/><T80/><D115/><U55/><E47/><V102/><F102/><W50/><G62/><T18/><D39/><U14/><E88/><V2/><REACH who="2" step="1"/><F51/><REACH who="2" ten="289,291,240,170" step="2"/><W127/><G127/><T26/><D125/><U87/><E87/><V112/><F112/><W121/><G121/><T116/><D86/><U69/><E69/><V64/><F64/><W113/><G113/><T29/><D67/><U122/><E122/><V33/><F33/><W66/><G66/><T36/><D65/><U48/><E48/><V100/><F100/><W34/><G34/><T99/><D70/><U63/><E63/><V61/><F61/><W7/><G50/><T108/><D36/><U76/><E76/><V117/><F117/><W135/><G79/><T5/><D116/><U91/><E91/><V43/><F43/><W97/><G89/><T31/><D132/><U74/><E74/><V134/><F134/><W22/><G135/><T126/><D126/><U93/><E104/><V78/><F78/><W110/><G103/><T24/><D108/><U28/><E101/><V98/><F98/><W8/><G97/><T20/><D99/><U68/><E68/><V109/><F109/><W131/><G110/><T90/><D57/><U81/><E55/><V42/><F42/><W37/><G96/><T107/><D107/><U105/><E52/><V83/><F83/><W60/><G131/><T32/><D32/><U71/><E53/><RYUUKYOKU ba="0,1" sc="289,15,291,-15,240,15,170,-15" hai0="5,6,15,18,20,24,25,26,29,30,31,80,90" hai2="0,1,2,17,27,41,44,49,56,58,72,73,75" /><INIT seed="2,1,1,1,5,116" ten="304,276,255,155" oya="2" hai0="90,124,106,13,126,100,50,62,40,2,108,24,30" hai1="98,6,95,48,67,17,8,132,109,107,81,33,66" hai2="19,31,59,82,129,29,84,120,4,110,26,134,32" hai3="75,130,89,122,57,111,78,1,101,55,74,7,38"/><V131/><F134/><W92/><G38/><T60/><D2/><U113/><E107/><V0/><F59/><W20/><G111/><T112/><D112/><U11/><E113/><V93/><F93/><W53/><G130/><N who="2" m="49673" /><F110/><W14/><G1/><T42/><D108/><U27/><E132/><V99/><F99/><W34/><G34/><T118/><D118/><U94/><E94/><V9/><F31/><W51/><G101/><T25/><D100/><U21/><E81/><V35/><F35/><W16/><G78/><T104/><D30/><U18/><E33/><V114/><F114/><W88/><G89/><T127/><D90/><U58/><E109/><V83/><F19/><W49/><G7/><T135/><D135/><U15/><E95/><V80/><F84/><N who="3" m="52231" /><G122/><AGARI ba="1,1" hai="0,4,9,26,29,32,80,82,83,120,122" m="49673" machi="122" ten="30,5800,0" yaku="19,1,52,2" doraHai="116" who="2" fromWho="3" sc="304,0,276,0,255,71,155,-61" /><INIT seed="2,2,0,0,2,87" ten="304,276,326,94" oya="2" hai0="17,121,129,32,111,125,2,88,36,49,86,48,31" hai1="62,112,23,83,16,117,26,66,110,80,40,5,73" hai2="94,28,59,22,54,133,33,61,71,122,90,101,96" hai3="92,123,79,58,34,132,102,77,104,97,81,67,130"/><V51/><F133/><W63/><G123/><T128/><D121/><U78/><E112/><V89/><F122/><W85/><G132/><T19/><D36/><U13/><E117/><V53/><F33/><W50/><G130/><N who="0" m="50283" /><D2/><U27/><E110/><V127/><F127/><W60/><G34/><T47/><D111/><U108/><E108/><V115/><F115/><W114/><G114/><T7/><D7/><U44/><E83/><V82/><F82/><W1/><G1/><T116/><D125/><U41/><E5/><V14/><F71/><W134/><G134/><T42/><D116/><U29/><E44/><V84/><F84/><W75/><G50/><T126/><D126/><U103/><E103/><V74/><F74/><W4/><G4/><T15/><D49/><U68/><REACH who="1" step="1"/><E27/><REACH who="1" ten="304,266,326,94" step="2"/><N who="2" m="16503" /><F14/><W52/><G75/><T6/><D6/><U70/><E70/><V95/><F95/><W124/><G124/><T12/><D15/><U45/><E45/><AGARI ba="2,1" hai="45,51,53,54,59,61,89,90,94,96,101" m="16503" machi="45" ten="30,5800,0" yaku="8,1,52,2" doraHai="87" who="2" fromWho="1" sc="304,0,266,-64,326,74,94,0" /><INIT seed="2,3,0,0,3,116" ten="304,202,400,94" oya="2" hai0="0,113,87,39,40,45,21,1,29,16,91,124,132" hai1="121,68,76,25,46,108,17,48,3,93,102,8,110" hai2="52,67,42,118,75,6,131,114,119,106,79,134,109" hai3="12,103,117,101,125,80,13,47,32,43,14,107,83"/><V95/><F106/><W26/><G117/><T30/><D132/><U63/><E76/><V127/><F134/><W31/><G125/><T35/><D124/><U37/><E37/><V77/><F127/><W55/><G55/><T18/><D113/><U24/><E102/><V33/><F114/><W97/><REACH who="3" step="1"/><G101/><REACH who="3" ten="304,202,400,84" step="2"/><T44/><D40/><U57/><E110/><V126/><F52/><W94/><G94/><T2/><D44/><U66/><E93/><V111/><F95/><W90/><G90/><T15/><D45/><U9/><E108/><V22/><F42/><W10/><G10/><T58/><D91/><U81/><E46/><V130/><F126/><W53/><G53/><T65/><D65/><U135/><E9/><V115/><F67/><W98/><G98/><T82/><D82/><U70/><E81/><V69/><F115/><W71/><G71/><T89/><D89/><U54/><E70/><V104/><F69/><W51/><AGARI ba="3,1" hai="12,13,14,26,31,32,43,47,51,80,83,97,103,107" machi="51" ten="30,2000,0" yaku="1,1,0,1,53,0" doraHai="116" doraHaiUra="61" who="3" fromWho="3" sc="304,-8,202,-8,400,-13,84,39" /><INIT seed="3,0,0,2,2,56" ten="296,194,387,123" oya="3" hai0="62,48,126,119,103,23,112,80,30,19,97,125,4" hai1="110,109,54,67,39,36,3,46,15,114,128,52,115" hai2="38,86,6,58,72,68,51,124,134,105,73,33,91" hai3="61,64,11,35,8,69,135,12,87,42,7,70,29"/><W60/><G135/><T95/><D119/><U44/><E3/><V53/><F134/><W93/><G42/><T81/><D112/><N who="1" m="43051" /><E67/><V37/><F105/><W32/><G29/><T130/><D130/><U66/><E66/><V76/><F33/><W111/><G111/><N who="1" m="42506" /><E15/><V106/><F106/><W133/><G133/><T20/><D4/><U55/><E128/><V47/><F124/><N who="0" m="47722" /><D48/><U83/><E83/><N who="0" m="31817" /><D30/><U79/><E79/><V74/><F76/><W14/><G64/><T89/><D89/><U100/><E100/><V59/><F6/><W129/><G129/><T34/><D34/><U5/><E5/><V18/><F68/><W118/><G7/><T40/><D40/><U132/><E132/><V96/><F18/><W88/><G88/><T90/><D103/><U65/><E65/><V82/><F37/><AGARI ba="0,0" hai="36,37,39,44,46,52,54,55" m="42506,43051" machi="37" ten="40,12000,2" yaku="28,2,14,1,34,2,54,1" doraHai="56" who="1" fromWho="2" sc="296,0,194,120,387,-120,123,0" /><INIT seed="4,0,0,5,3,24" ten="296,314,267,123" oya="0" hai0="45,51,54,101,33,92,129,85,63,11,42,108,119" hai1="116,128,105,5,132,96,67,0,21,20,9,40,49" hai2="53,19,100,31,83,102,114,81,95,23,84,74,2" hai3="69,77,115,34,97,52,4,66,134,80,37,35,112"/><T124/><D119/><U125/><E116/><V93/><F114/><W14/><G37/><T75/><D75/><U29/><E125/><V47/><F2/><W131/><G131/><T76/><D33/><U79/><E128/><V78/><F31/><W122/><G134/><T46/><D129/><U18/><E79/><V26/><F47/><W55/><G97/><T13/><D124/><U123/><E123/><V72/><F53/><N who="3" m="20555" /><G66/><T22/><D108/><U107/><E67/><V16/><F19/><W57/><G69/><T27/><D101/><U39/><E39/><V127/><F127/><W58/><G14/><T86/><D92/><U104/><E96/><V103/><REACH who="2" step="1"/><F72/><REACH who="2" ten="296,314,257,123" step="2"/><W48/><G4/><T3/><D3/><U70/><E18/><V10/><F10/><W120/><G35/><T111/><D111/><U61/><E9/><V6/><F6/><W68/><G34/><T130/><D130/><U89/><E5/><V43/><F43/><W118/><G118/><T99/><D46/><U91/><E0/><V82/><F82/><W71/><G115/><T106/><D42/><U50/><E40/><V88/><AGARI ba="0,1" hai="16,23,26,74,78,81,83,84,88,93,95,100,102,103" machi="88" ten="30,8000,1" yaku="1,1,0,1,54,2,53,1" doraHai="24" doraHaiUra="17" who="2" fromWho="2" sc="296,-40,314,-20,257,90,123,-20" /><INIT seed="5,0,0,1,1,41" ten="256,294,347,103" oya="1" hai0="135,99,18,61,64,1,112,121,78,0,51,25,101" hai1="86,109,122,67,32,10,65,15,54,29,127,132,120" hai2="56,52,77,14,55,24,111,33,62,9,3,126,12" hai3="20,8,105,26,37,79,93,63,57,38,23,30,128"/><U123/><E127/><V66/><F111/><W34/><G105/><T35/><D112/><U82/><E109/><V39/><F126/><W134/><G128/><T36/><D36/><U13/><E132/><V88/><F39/><W4/><G134/><T5/><D135/><U43/><E43/><V130/><F130/><W74/><G23/><T28/><D121/><U90/><E15/><V44/><F77/><W50/><G50/><T59/><D5/><U110/><E110/><V84/><F3/><W124/><G124/><T22/><D78/><U68/><E68/><V97/><F97/><W113/><G113/><T91/><D91/><U118/><E118/><V94/><F12/><W83/><G93/><T46/><D18/><U81/><E81/><V75/><F75/><W85/><G85/><T89/><D89/><U114/><E54/><V100/><F100/><W131/><G20/><T47/><D35/><U73/><E73/><V53/><F24/><W119/><G119/><T98/><D98/><U21/><E21/><V16/><F33/><W80/><G80/><T104/><REACH who="0" step="1"/><D46/><AGARI ba="0,0" hai="9,14,16,44,46,52,53,55,56,62,66,84,88,94" machi="46" ten="40,12000,2" yaku="8,1,52,2,54,3" doraHai="41" who="2" fromWho="0" sc="256,-120,294,0,347,120,103,0" /><INIT seed="6,0,0,1,1,30" ten="136,294,467,103" oya="2" hai0="77,39,89,43,37,63,116,110,20,46,1,50,44" hai1="58,70,21,128,66,25,73,113,11,48,127,0,29" hai2="123,107,16,67,26,22,99,35,125,80,54,10,93" hai3="14,88,8,9,45,81,34,51,112,96,87,103,19"/><V124/><F123/><W114/><G9/><T71/><D110/><U23/><E73/><V2/><F107/><W129/><G129/><T62/><D1/><U100/><E128/><V68/><F80/><W59/><G59/><T135/><D77/><U61/><E113/><N who="3" m="43626" /><G34/><T33/><D33/><U105/><E127/><V13/><F54/><N who="3" m="30063" /><G96/><T15/><D135/><U75/><E75/><V12/><F67/><W5/><G103/><T98/><D116/><U82/><E48/><V95/><F68/><W97/><G97/><T41/><D71/><U111/><E58/><V101/><F93/><W7/><AGARI ba="0,0" hai="5,7,8,14,19,81,87,88" m="30063,43626" machi="7" ten="30,7900,0" yaku="25,1,15,1,11,1,54,1" doraHai="30" who="3" fromWho="3" sc="136,-20,294,-20,467,-39,103,79" /><INIT seed="7,0,0,3,1,45" ten="116,274,428,182" oya="3" hai0="28,82,131,110,86,91,22,68,7,108,19,40,41" hai1="61,71,59,106,133,32,49,70,57,127,5,63,104" hai2="100,9,13,88,96,69,15,58,1,35,89,103,66" hai3="73,47,8,50,77,48,126,34,78,6,124,118,24"/><W85/><G73/><T26/><D131/><U29/><E5/><V54/><F35/><W72/><G72/><T37/><D68/><U125/><E29/><V30/><F30/><N who="3" m="19783" /><G47/><T121/><D121/><U67/><E32/><V111/><F111/><W79/><G85/><T2/><D110/><U95/><E95/><V122/><F122/><W12/><G118/><T62/><D108/><U44/><E104/><V93/><F1/><W31/><G31/><T128/><D128/><U120/><E106/><V81/><F66/><W27/><G27/><T76/><D37/><U84/><E84/><N who="2" m="50191" /><F69/><W21/><G21/><T14/><D62/><U20/><E20/><V11/><F13/><W114/><G114/><T94/><D7/><U25/><E25/><V107/><F107/><W123/><G123/><T109/><D2/><U119/><E120/><V0/><F0/><W117/><G117/><T43/><D109/><U83/><E71/><V113/><F113/><W4/><G4/><T101/><D101/><N who="2" m="38986" /><F15/><W116/><G116/><T23/><REACH who="0" step="1"/><D40/><REACH who="0" ten="106,274,428,182" step="2"/><N who="1" m="24711" /><E119/><V80/><F80/><W97/><G6/><T18/><D18/><U132/><E83/><V99/><F99/><AGARI ba="0,1" hai="14,19,22,23,26,28,41,43,76,82,86,91,94,99" machi="99" ten="30,3900,0" yaku="1,1,7,1,8,1,53,0" doraHai="45" doraHaiUra="105" who="0" fromWho="2" sc="106,49,274,0,428,-39,182,0" owari="155,-34.5,274,7.4,389,48.9,182,-21.8" /></mjloggm>