<mjloggm ver="2.3"><GO type="169" lobby="0"/><UN n0="%53%69%6C%76%65%72%44%46" n1="%70%6F%72%66%65%76%72%65" n2="%E4%B9%9D%E7%B4%8B%E9%BE%8D%E5%8F%B2%E9%80%B2" n3="%E7%8C%AA%E7%8B%A9%E5%AE%88" dan="17,16,19,17" rate="2213.46,2138.83,2287.72,2193.36" sx="M,M,M,M"/><TAIKYOKU oya="0"/><INIT seed="0,0,0,0,5,129" ten="250,250,250,250" oya="0" hai0="89,55,77,19,22,56,134,23,5,132,75,99,88" hai1="18,33,12,69,61,65,30,66,49,115,67,1,76" hai2="78,24,13,100,68,121,11,82,47,119,92,57,40" hai3="38,96,41,85,98,86,111,70,79,90,72,95,133"/><T53/><D5/><U9/><E115/><V105/><F68/><W83/><G70/><T97/><D77/><U31/><E76/><V112/><F112/><W44/><G111/><T103/><D75/><U15/><E1/><V35/><F121/><W14/><G86/><T109/><D109/><U91/><E49/><V135/><F119/><W6/><G133/><N who="0" m="51307" /><D99/><U117/><E117/><V54/><F105/><W131/><G131/><T94/><D55/><U120/><E120/><V118/><F118/><W20/><G20/><N who="0" m="7723" /><D19/><U81/><E18/><V63/><F135/><W123/><G123/><T101/><D101/><U102/><E102/><V84/><F100/><W36/><G98/><T80/><D80/><U17/><E81/><V93/><F78/><W52/><G52/><T113/><D113/><U10/><E66/><V2/><F82/><W51/><REACH who="3" step="1"/><G72/><REACH who="3" ten="250,250,250,240" step="2"/><T45/><D45/><U26/><E65/><V74/><F74/><W125/><G125/><T127/><D127/><U16/><E91/><V87/><F87/><W37/><G37/><T73/><D73/><U110/><E110/><V106/><F84/><W4/><G4/><T128/><D128/><U25/><E33/><V64/><F64/><W0/><G0/><T50/><AGARI ba="0,1" hai="50,53,56,88,89,94,97,103" m="7723,51307" machi="50" ten="30,12000,1" yaku="20,1,52,3,54,1" doraHai="129" who="0" fromWho="0" sc="250,130,250,-40,250,-40,240,-40" /><INIT seed="0,1,0,4,0,63" ten="380,210,210,200" oya="0" hai0="16,126,104,115,33,89,10,35,22,68,108,98,119" hai1="109,17,4,23,111,118,50,99,106,92,29,34,53" hai2="31,49,8,41,47,122,81,110,5,7,131,66,134" hai3="28,117,0,75,90,40,96,62,3,54,123,135,18"/><T13/><D115/><U67/><E118/><V30/><F122/><W83/><G117/><T45/><D119/><U105/><E4/><V24/><F110/><N who="1" m="41993" /><E29/><V25/><F131/><W48/><G123/><T86/><D108/><U73/><E34/><V100/><F134/><W124/><G124/><T103/><D126/><U70/><E73/><V112/><F112/><W82/><G135/><T78/><D68/><U1/><E1/><V107/><F100/><W56/><G28/><T61/><D78/><U37/><E37/><V21/><F107/><W101/><G90/><T79/><D79/><U132/><E132/><V27/><F81/><W113/><G113/><T72/><D72/><U93/><E93/><V58/><F7/><W38/><G38/><T2/><D2/><U95/><E95/><V87/><F87/><W128/><G128/><T44/><D61/><N who="1" m="40303" /><E23/><V43/><F31/><W46/><G75/><T125/><D125/><U14/><E14/><N who="2" m="5391" /><F41/><W76/><G76/><T64/><D35/><U9/><E9/><V11/><F11/><W51/><G0/><T120/><D33/><U39/><E17/><V65/><F58/><N who="3" m="33095" /><G18/><T15/><D120/><U60/><E39/><V84/><F84/><W12/><G12/><T97/><D86/><U74/><E74/><V71/><F71/><W130/><G3/><T127/><D127/><U80/><E80/><V116/><F116/><W59/><G59/><T6/><D97/><U20/><E20/><V85/><F85/><W36/><G130/><T55/><D6/><U26/><E106/><V88/><F88/><W94/><G36/><RYUUKYOKU ba="1,0" sc="380,-15,210,-15,210,15,200,15" hai2="21,24,25,27,30,43,47,49,65,66" hai3="40,46,51,56,62,82,83,94,96,101" /><INIT seed="1,2,0,3,4,19" ten="365,195,225,215" oya="1" hai0="18,121,90,135,93,114,88,4,87,46,32,89,41" hai1="92,49,38,21,7,50,13,108,74,44,58,77,10" hai2="109,51,111,96,11,30,94,110,122,20,134,60,6" hai3="39,28,0,57,68,33,113,45,95,79,8,76,86"/><U53/><E108/><V26/><F122/><W130/><G113/><T117/><D114/><U25/><E38/><V24/><F134/><W133/><G68/><T104/><D117/><U31/><E92/><V70/><F51/><W35/><G130/><T67/><D135/><U85/><E74/><V3/><F24/><W5/><G133/><T97/><D32/><U102/><E102/><V83/><F83/><W98/><G28/><T34/><D34/><U71/><E71/><V103/><F70/><W63/><G86/><T105/><D67/><U40/><REACH who="1" step="1"/><E85/><REACH who="1" ten="365,185,225,215" step="2"/><V59/><REACH who="2" step="1"/><F110/><REACH who="2" ten="365,185,215,215" step="2"/><W78/><G39/><T43/><D121/><U66/><E66/><AGARI ba="2,2" hai="3,6,11,20,26,30,59,60,66,94,96,103,109,111" machi="66" ten="40,12000,2" yaku="1,1,2,1,25,2,52,1,53,1" doraHai="19" doraHaiUra="1" who="2" fromWho="1" sc="365,0,185,-126,215,146,215,0" /><INIT seed="2,0,0,0,2,5" ten="365,59,361,215" oya="2" hai0="1,126,83,128,107,73,48,54,49,98,89,82,69" hai1="100,7,34,9,60,35,101,16,11,18,79,6,114" hai2="78,44,129,10,91,117,24,72,66,99,96,45,97" hai3="59,33,95,52,13,133,87,15,90,19,130,51,68"/><V28/><F117/><W20/><G130/><T71/><D1/><U103/><E79/><V53/><F129/><W84/><G133/><T2/><D128/><U105/><E105/><V74/><F66/><W120/><G68/><T118/><D2/><U29/><E60/><V75/><F78/><W50/><G33/><N who="1" m="12298" /><E29/><V61/><F91/><W23/><G120/><T25/><D126/><U92/><E92/><V47/><F61/><W0/><G0/><T131/><D118/><U116/><E114/><V55/><F10/><N who="1" m="3593" /><E116/><V46/><N who="2" m="11264" /><DORA hai="121" /><V12/><F12/><W39/><G50/><T56/><D107/><U110/><E110/><V38/><F38/><W43/><G39/><T134/><D49/><U3/><E3/><V122/><F122/><W8/><G43/><T127/><D48/><U40/><E40/><V27/><F28/><W88/><G13/><T135/><D131/><U31/><E31/><V113/><F113/><W119/><G119/><T37/><D37/><U21/><E21/><V32/><F32/><W30/><G30/><T42/><D42/><U85/><E85/><V104/><F104/><W67/><G67/><T80/><D80/><AGARI ba="0,0" hai="8,15,19,20,23,51,52,59,80,84,87,88,90,95" machi="80" ten="30,8000,1" yaku="7,1,8,1,52,1,54,2" doraHai="5,121" who="3" fromWho="0" sc="365,-80,59,0,361,0,215,80" /><INIT seed="3,0,0,5,3,63" ten="285,59,361,295" oya="3" hai0="10,72,29,115,106,92,90,83,41,52,15,67,121" hai1="130,107,28,129,127,61,113,99,27,73,45,118,59" hai2="24,81,87,56,6,93,95,39,64,133,13,44,35" hai3="48,43,25,54,57,110,11,80,89,5,125,108,96"/><W131/><G125/><T49/><D121/><U102/><E73/><V36/><F133/><W12/><G131/><T2/><D106/><U71/><E127/><V7/><F35/><W70/><G70/><T69/><D2/><U1/><E113/><V38/><F24/><W101/><G25/><T77/><D115/><U20/><E118/><V82/><F44/><W74/><G43/><T94/><D41/><U122/><E122/><V128/><F128/><W33/><G33/><T88/><D29/><U22/><E45/><V104/><F104/><W116/><G116/><T105/><D105/><U4/><E22/><V42/><F42/><W119/><G119/><T58/><D69/><U16/><E28/><V3/><F3/><W120/><G120/><T50/><D67/><U117/><E71/><V21/><F21/><W86/><REACH who="3" step="1"/><G74/><REACH who="3" ten="285,59,361,285" step="2"/><T114/><D114/><U40/><E40/><V31/><F38/><W109/><G109/><T91/><REACH who="0" step="1"/><D49/><REACH who="0" ten="275,59,361,285" step="2"/><U111/><E117/><V76/><F36/><W134/><G134/><T79/><D79/><U32/><E111/><V98/><F39/><W124/><G124/><T132/><D132/><U97/><E129/><V62/><F76/><W53/><G53/><T34/><D34/><U55/><E32/><V8/><F31/><W37/><G37/><T30/><D30/><U100/><E130/><V46/><F64/><W9/><G9/><T66/><D66/><U78/><E78/><V65/><F8/><W135/><G135/><T51/><D51/><U68/><E68/><V14/><F65/><W112/><G112/><T19/><AGARI ba="0,2" hai="10,15,19,50,52,58,72,77,83,88,90,91,92,94" machi="19" ten="30,8000,1" yaku="1,1,5,1,0,1,54,2,53,0" doraHai="63" doraHaiUra="126" who="0" fromWho="0" sc="275,100,59,-20,361,-20,285,-40" /><INIT seed="4,0,0,4,1,46" ten="375,39,341,245" oya="0" hai0="104,95,81,36,31,26,6,132,33,17,34,118,61" hai1="23,89,29,19,126,87,51,92,39,73,16,127,82" hai2="1,18,108,30,93,125,105,54,4,15,66,28,85" hai3="86,78,83,25,84,10,98,2,0,76,62,72,79"/><T57/><D118/><U5/><E39/><V41/><F108/><W20/><G98/><T38/><D104/><U102/><E5/><V70/><F105/><W96/><G96/><T90/><D132/><U103/><E29/><V64/><F41/><W74/><G10/><T58/><D34/><U117/><E117/><V109/><F109/><W107/><G107/><T47/><D6/><U130/><E130/><V69/><F125/><N who="1" m="47625" /><E19/><V21/><F69/><W48/><G62/><T100/><D100/><U67/><E67/><N who="2" m="25643" /><F70/><W45/><G84/><T131/><D131/><U40/><E73/><V110/><F1/><W68/><G68/><T135/><D135/><U111/><E111/><V27/><F110/><W99/><G99/><T106/><D106/><U75/><E75/><V49/><F4/><W123/><G123/><T13/><D38/><U53/><E40/><V120/><F27/><W14/><G14/><T37/><D36/><U59/><E82/><V50/><F120/><W44/><G74/><T119/><D81/><U63/><E63/><V71/><F71/><W60/><G60/><T8/><D61/><U43/><E43/><V91/><F50/><W114/><G48/><T129/><D129/><U35/><E35/><V77/><F77/><N who="3" m="29803" /><G72/><T113/><D119/><U115/><E115/><V52/><F54/><W7/><G114/><T3/><D3/><N who="3" m="1065" /><G7/><T124/><D113/><U122/><E122/><V12/><F12/><AGARI ba="0,0" hai="12,16,23,51,53,59,87,89,92,102,103" m="47625" machi="12" ten="30,7700,0" yaku="25,1,18,1,52,1,54,1" doraHai="46" who="1" fromWho="2" sc="375,0,39,77,341,-77,245,0" /><INIT seed="5,0,0,5,1,38" ten="375,116,264,245" oya="1" hai0="23,121,42,96,12,20,67,103,28,24,60,17,110" hai1="50,65,120,76,80,134,55,33,132,102,129,26,0" hai2="97,14,3,115,101,98,62,131,46,56,70,126,39" hai3="108,135,19,69,51,86,73,77,104,54,116,1,8"/><U71/><E120/><V117/><F117/><W124/><G108/><T75/><D121/><U95/><E0/><V10/><F126/><W32/><G73/><T21/><D75/><U49/><E129/><V58/><F3/><W87/><G69/><T72/><D72/><U119/><E119/><V35/><F35/><W94/><G104/><T113/><D113/><U22/><E33/><V11/><F131/><W53/><G124/><T40/><D23/><U41/><E71/><V111/><F111/><W27/><G135/><N who="1" m="51754" /><E65/><V44/><F70/><W107/><G107/><T105/><D110/><U114/><E114/><V79/><F79/><W84/><G77/><T45/><D45/><N who="1" m="25775" /><E95/><V63/><F39/><W52/><G116/><T109/><D109/><U91/><E91/><V123/><F123/><W74/><G74/><T118/><D118/><U7/><E7/><V59/><F115/><W106/><G106/><T18/><D17/><N who="1" m="12623" /><E102/><V57/><F63/><W9/><G1/><T81/><D81/><U125/><E125/><V92/><F98/><W37/><G37/><T112/><D112/><U15/><E15/><V133/><F133/><W100/><G32/><T30/><D30/><U127/><E127/><V2/><F2/><W78/><G78/><T48/><D48/><U85/><E50/><V25/><F25/><W82/><G51/><T16/><D28/><U31/><E31/><V47/><REACH who="2" step="1"/><F14/><REACH who="2" ten="375,116,254,245" step="2"/><W88/><G27/><T128/><D128/><U4/><E4/><V29/><F29/><W6/><G6/><T43/><D60/><U93/><E93/><V5/><F5/><RYUUKYOKU ba="0,1" sc="375,10,116,10,254,10,245,-30" hai0="12,16,18,20,21,24,40,42,43,67,96,103,105" hai1="55,76,80,85" hai2="10,11,44,46,47,56,57,58,59,62,92,97,101" /><INIT seed="5,1,1,0,0,117" ten="385,126,264,215" oya="1" hai0="36,72,17,84,45,114,1,29,87,97,2,80,57" hai1="79,16,119,52,53,33,7,43,28,8,68,14,65" hai2="3,18,27,98,61,132,102,129,58,104,35,100,120" hai3="34,40,126,59,63,0,51,96,112,11,5,4,124"/><U56/><E119/><V90/><F3/><W121/><G34/><T39/><D29/><U127/><E68/><V125/><F125/><N who="3" m="48235" /><G5/><T50/><D84/><U32/><E127/><V134/><F129/><W70/><G96/><T92/><D72/><U62/><E43/><V128/><F128/><W24/><G24/><T113/><D57/><U66/><E79/><V19/><F102/><W73/><G73/><T47/><D17/><U6/><E53/><V107/><F107/><W111/><G112/><N who="0" m="43115" /><D47/><U75/><E75/><V55/><F120/><W37/><G37/><T135/><D39/><U22/><E33/><V15/><F90/><W108/><G121/><T110/><D36/><U44/><E32/><V130/><F130/><W26/><G26/><T23/><D23/><U122/><E122/><V109/><F109/><W95/><G95/><T78/><D110/><U9/><E44/><V12/><F19/><W13/><G70/><T67/><D92/><U42/><E42/><V88/><F88/><W106/><G106/><T46/><D97/><U60/><E28/><N who="2" m="19871" /><F18/><W123/><G123/><T83/><D2/><U133/><E133/><AGARI ba="1,1" hai="12,15,55,58,61,98,100,104,132,133,134" m="19871" machi="133" ten="30,1000,0" yaku="20,1" doraHai="117" who="2" fromWho="1" sc="385,0,126,-13,264,23,215,0" /><INIT seed="6,0,0,4,4,90" ten="385,113,287,215" oya="2" hai0="21,46,33,108,69,97,99,45,3,100,85,63,44" hai1="18,10,126,127,32,91,119,15,20,8,19,79,113" hai2="89,62,11,98,72,64,84,0,83,116,56,30,22" hai3="112,80,123,58,47,9,78,31,51,55,74,2,77"/><V76/><F116/><W95/><G123/><T41/><D33/><U6/><E119/><V42/><F42/><W114/><G78/><T27/><D108/><U29/><E79/><V132/><F132/><W40/><G31/><T59/><D3/><U110/><E110/><V5/><F98/><N who="0" m="37386" /><D69/><U120/><E120/><V34/><F34/><W52/><G95/><T96/><D85/><U109/><E109/><V130/><F130/><W39/><G55/><N who="0" m="34303" /><D96/><U1/><E91/><V35/><F35/><W23/><G23/><T61/><D61/><U68/><E113/><V93/><F22/><W38/><G38/><T24/><D24/><U14/><REACH who="1" step="1"/><E68/><REACH who="1" ten="385,103,287,215" step="2"/><V135/><F135/><W71/><G71/><T101/><D41/><U37/><E37/><V133/><F133/><W73/><G73/><T107/><D107/><U128/><E128/><V28/><AGARI ba="0,1" hai="0,5,11,28,30,56,62,64,72,76,83,84,89,93" machi="28" ten="30,3000,0" yaku="0,1,52,1" doraHai="90" who="2" fromWho="2" sc="385,-10,103,-10,287,40,215,-10" /><INIT seed="6,1,0,0,5,27" ten="375,93,327,205" oya="2" hai0="3,83,33,26,88,90,107,5,1,61,103,89,114" hai1="108,17,60,18,40,119,110,94,47,135,16,8,0" hai2="70,48,62,112,51,37,50,57,7,25,105,93,106" hai3="125,54,34,15,113,121,100,30,96,9,58,12,75"/><V63/><F37/><W68/><G121/><T46/><D114/><U134/><E119/><V20/><F7/><W45/><G68/><T109/><D109/><U42/><E0/><V122/><F122/><W35/><G75/><T73/><D46/><U127/><E8/><V41/><F41/><N who="1" m="15977" /><E94/><V102/><F112/><W91/><G45/><T36/><D36/><U131/><E47/><V64/><F93/><W10/><G91/><T19/><D61/><U32/><E32/><V128/><F128/><W44/><G44/><T104/><D89/><U67/><E60/><V66/><REACH who="2" step="1"/><F102/><REACH who="2" ten="375,93,317,205" step="2"/><W123/><G123/><T97/><D5/><U11/><E11/><V116/><F116/><W59/><G100/><T74/><D103/><U86/><E67/><V133/><F133/><N who="1" m="50697" /><E86/><V53/><F53/><W71/><G54/><T39/><D39/><U52/><E52/><V99/><F99/><W120/><G96/><T49/><D97/><U6/><E6/><V76/><F76/><W98/><G98/><T43/><D43/><U77/><E77/><V95/><F95/><W22/><G120/><T72/><D72/><U84/><E84/><V79/><F79/><W14/><G113/><T78/><D78/><U81/><E81/><V124/><F124/><W38/><G125/><T129/><D83/><U13/><E127/><V24/><F24/><N who="3" m="16663" /><G38/><T4/><D74/><U56/><E131/><V115/><F115/><W21/><G9/><N who="0" m="2191" /><D129/><U80/><E80/><V126/><F126/><W29/><G10/><T55/><D73/><U2/><E110/><V87/><F87/><W132/><G132/><RYUUKYOKU ba="1,1" sc="375,-10,93,-10,317,30,205,-10" hai2="20,25,48,50,51,57,62,63,64,66,70,105,106" /><INIT seed="6,2,1,1,4,97" ten="365,83,347,195" oya="2" hai0="3,1,135,38,8,16,26,100,126,110,70,11,30" hai1="121,114,28,13,99,40,18,105,53,39,61,68,59" hai2="36,87,67,62,113,41,108,4,106,12,10,130,2" hai3="21,27,20,71,103,122,56,63,78,133,50,22,54"/><V31/><F113/><W29/><G122/><T81/><D70/><U89/><E114/><V75/><F130/><W45/><G133/><T7/><D38/><U77/><E121/><V51/><F75/><W5/><G78/><T66/><D66/><U44/><E77/><V92/><F106/><W101/><G5/><N who="0" m="1071" /><D100/><N who="3" m="38473" /><G71/><T37/><D81/><U116/><E116/><V32/><F36/><W85/><G85/><T117/><D37/><U72/><E72/><V134/><F134/><W14/><G14/><T124/><D135/><U95/><E105/><V120/><F108/><W52/><AGARI ba="2,1" hai="20,21,22,27,29,45,50,52,54,56,63" m="38473" machi="52" ten="30,8000,1" yaku="8,1,52,3,54,1" doraHai="97" who="3" fromWho="3" sc="365,-22,83,-22,347,-42,195,96" /><INIT seed="7,0,0,0,1,93" ten="343,61,305,291" oya="3" hai0="30,70,60,116,42,12,109,39,92,119,34,99,79" hai1="105,18,50,107,64,95,10,63,127,94,25,122,132" hai2="5,76,1,61,110,126,62,58,48,57,86,91,35" hai3="46,78,135,83,85,14,51,9,43,75,13,22,117"/><W68/><G68/><T16/><D109/><U120/><E50/><V81/><F110/><W32/><G32/><T21/><D79/><U118/><E25/><V7/><F35/><W111/><G111/><T103/><D39/><U17/><E10/><V40/><F126/><W74/><G117/><T19/><D42/><U80/><E63/><V100/><F1/><W56/><G135/><T108/><D108/><U52/><E64/><N who="2" m="38959" /><F100/><W33/><G33/><T121/><D121/><U2/><E2/><V71/><F71/><W133/><G133/><T24/><REACH who="0" step="1"/><D19/><REACH who="0" ten="333,61,305,291" step="2"/><U67/><E18/><V36/><F36/><W0/><G56/><T129/><D129/><U53/><E17/><V82/><F76/><W113/><G113/><T44/><D44/><U125/><E132/><V45/><F82/><W115/><G115/><T59/><D59/><U65/><REACH who="1" step="1"/><E80/><REACH who="1" ten="333,51,305,291" step="2"/><V102/><F81/><W87/><G22/><T31/><D31/><U90/><E90/><V28/><F91/><W97/><G0/><T112/><D112/><U37/><E37/><V15/><F28/><W84/><G14/><T106/><D106/><U128/><E128/><V3/><F15/><W54/><G43/><T131/><D131/><U89/><E89/><V23/><F3/><W8/><G8/><T98/><D98/><U11/><E11/><V123/><F40/><W20/><G97/><T29/><D29/><U130/><E130/><V72/><F23/><W124/><G20/><T96/><D96/><U77/><E77/><V101/><F58/><N who="3" m="33119" /><G83/><T26/><D26/><U6/><E6/><V49/><F5/><RYUUKYOKU ba="0,2" sc="333,15,51,15,305,-15,291,-15" hai0="12,16,21,24,30,34,60,70,92,99,103,116,119" hai1="52,53,65,67,94,95,105,107,118,120,122,125,127" owari="368,46.8,66,-43.4,290,9.0,276,-12.4" /></mjloggm>