<mjloggm ver="2.3"><GO type="169" lobby="0"/><UN n0="%6B%75%72%69%73%75" n1="%E3%81%82%E3%81%BE%E3%81%82%E3%82%93" n2="%E4%B9%9D%E7%B4%8B%E9%BE%8D%E5%8F%B2%E9%80%B2" n3="%E3%82%B5%E3%83%95%E3%82%A9%E3%83%BC%E3%82%AF%E3%81%AE%E7%94%BA" dan="16,16,19,16" rate="2170.75,2076.75,2299.47,2166.87" sx="F,M,M,M"/><TAIKYOKU oya="0"/><INIT seed="0,0,0,5,0,69" ten="250,250,250,250" oya="0" hai0="55,65,68,27,16,80,109,114,129,102,73,2,115" hai1="78,110,108,91,61,44,4,0,10,41,100,74,46" hai2="125,18,52,83,99,53,95,54,111,17,128,123,121" hai3="66,89,3,126,20,36,45,22,62,119,43,47,24"/><T5/><D129/><U37/><E91/><V79/><F128/><W31/><G126/><T7/><D102/><U59/><E100/><V8/><F111/><W85/><G3/><T112/><D2/><U58/><E46/><V23/><F8/><W84/><G119/><T19/><D109/><N who="1" m="42091" /><E61/><V101/><F125/><W93/><G47/><T104/><D104/><U42/><E42/><V56/><F56/><W49/><G20/><T70/><D55/><U90/><E90/><V6/><F6/><W40/><G40/><T13/><D27/><U12/><E12/><V86/><REACH who="2" step="1"/><F18/><REACH who="2" ten="250,250,240,250" step="2"/><W82/><G49/><T98/><D19/><U71/><E71/><V51/><F51/><W116/><G116/><T9/><D70/><U48/><E48/><V26/><AGARI ba="0,1" hai="17,23,26,52,53,54,79,83,86,95,99,101,121,123" machi="26" ten="30,8000,1" yaku="1,1,0,1,54,1,53,2" doraHai="69" doraHaiUra="117" who="2" fromWho="2" sc="250,-40,250,-20,240,90,250,-20" /><INIT seed="1,0,0,1,0,98" ten="210,230,330,230" oya="1" hai0="118,130,70,20,91,69,125,126,42,40,39,47,80" hai1="120,8,35,67,44,21,103,11,15,1,3,51,124" hai2="99,122,75,61,46,111,43,14,38,115,109,102,29" hai3="48,17,123,18,88,2,90,119,132,129,19,62,113"/><U77/><E120/><V117/><F122/><W26/><G123/><T94/><D118/><U78/><E35/><V7/><F117/><W24/><G119/><T25/><D40/><U37/><E37/><V107/><F75/><W135/><G2/><T33/><D33/><U89/><E124/><N who="0" m="47721" /><D80/><U127/><E127/><V60/><F29/><W9/><G113/><T49/><D39/><U65/><E89/><N who="3" m="34410" /><G48/><T16/><D130/><U55/><E21/><V112/><F7/><W87/><G129/><T83/><D83/><U28/><E28/><V73/><F14/><W101/><G9/><T59/><D59/><U93/><E1/><V6/><F6/><W50/><G50/><T131/><D131/><U27/><E27/><N who="3" m="10282" /><G62/><N who="2" m="24169" /><F73/><W74/><G74/><T22/><D22/><U105/><E3/><V4/><F4/><W79/><G79/><N who="1" m="30218" /><E105/><V110/><AGARI ba="0,0" hai="38,43,46,99,102,107,109,110,111,112,115" m="24169" machi="110" ten="40,2700,0" yaku="14,1,52,1" doraHai="98" who="2" fromWho="2" sc="210,-7,230,-13,330,27,230,-7" /><INIT seed="2,0,0,4,0,59" ten="203,217,357,223" oya="2" hai0="122,39,44,84,63,34,61,41,8,108,38,47,58" hai1="48,124,50,130,109,22,36,74,52,64,132,102,95" hai2="133,9,10,128,68,32,70,96,107,33,29,17,127" hai3="129,126,75,2,7,79,24,69,60,13,115,97,111"/><V103/><F133/><W118/><G118/><T116/><D34/><U123/><E36/><N who="0" m="13865" /><D8/><U45/><E132/><V30/><F128/><W119/><G119/><T80/><D84/><U62/><E130/><V0/><F127/><W11/><G129/><T5/><D5/><U51/><E124/><V20/><F33/><W1/><G111/><T37/><D80/><U134/><E134/><V114/><F114/><W6/><G115/><T100/><D100/><U72/><E109/><V31/><F32/><W110/><G110/><T15/><D15/><U112/><E112/><V98/><F98/><W27/><G126/><T4/><D4/><U40/><E123/><V88/><F0/><W131/><G131/><T54/><D108/><U42/><E22/><V106/><F106/><W125/><G125/><T53/><D116/><U91/><E102/><V113/><F113/><W73/><G73/><T18/><D18/><U85/><E48/><V89/><F9/><W81/><G97/><T3/><D3/><U105/><E105/><V135/><F10/><W92/><G6/><T94/><D94/><U117/><E40/><V76/><F76/><W93/><G1/><T26/><D26/><N who="3" m="9769" /><G2/><T21/><D21/><U46/><REACH who="1" step="1"/><E117/><REACH who="1" ten="203,207,357,223" step="2"/><V57/><F135/><W66/><G7/><T43/><D122/><U19/><E19/><V90/><F17/><W77/><G11/><T49/><D41/><U23/><E23/><V87/><F20/><W121/><G121/><T56/><D37/><U104/><E104/><V14/><F107/><W99/><G13/><T25/><D25/><U120/><E120/><RYUUKYOKU ba="0,1" sc="203,15,207,15,357,-15,223,-15" hai0="43,44,47,49,53,54,56,58,61,63" hai1="42,45,46,50,51,52,62,64,72,74,85,91,95" /><INIT seed="3,1,1,1,0,78" ten="218,222,342,208" oya="3" hai0="92,52,34,109,71,121,41,20,46,27,98,57,108" hai1="47,118,29,132,3,93,77,66,75,96,99,133,19" hai2="128,55,70,79,67,87,68,17,16,33,100,48,89" hai3="123,107,1,38,134,9,44,76,58,22,35,62,39"/><W42/><G35/><T73/><D121/><U61/><E3/><V119/><F119/><W88/><G107/><T18/><D71/><U81/><E118/><V104/><F33/><W13/><G134/><N who="1" m="51818" /><E29/><V103/><F79/><W10/><G38/><T21/><D73/><U82/><E47/><V86/><F128/><W120/><G76/><T106/><D106/><U95/><E19/><V6/><F6/><W14/><G22/><T116/><D20/><U117/><E117/><V11/><F87/><W135/><G1/><T30/><D116/><U2/><E2/><V102/><F104/><W5/><G135/><T28/><D46/><U54/><E54/><V125/><F125/><W65/><REACH who="3" step="1"/><G88/><REACH who="3" ten="218,222,342,198" step="2"/><N who="0" m="55559" /><D34/><U80/><E99/><V115/><F102/><W105/><G105/><T97/><D97/><U26/><E95/><V7/><F103/><W131/><G131/><T40/><D28/><U50/><E26/><V110/><F100/><W4/><AGARI ba="1,2" hai="4,5,9,10,13,14,39,42,44,58,62,65,120,123" machi="4" ten="20,7800,0" yaku="1,1,0,1,7,1,9,1,53,0" doraHai="78" doraHaiUra="113" who="3" fromWho="3" sc="218,-27,222,-27,342,-27,198,101" /><INIT seed="3,2,0,0,1,133" ten="191,195,315,299" oya="3" hai0="90,70,87,98,99,61,104,129,27,96,9,23,95" hai1="39,73,63,119,83,50,123,33,55,71,1,8,45" hai2="85,110,69,121,65,40,80,91,76,3,114,41,100" hai3="35,116,43,57,37,105,124,94,19,10,6,18,29"/><W127/><G105/><T131/><D9/><U38/><E123/><V75/><F114/><W107/><G107/><T42/><D42/><U132/><E132/><V108/><F3/><W122/><G94/><T30/><REACH who="0" step="1"/><D104/><REACH who="0" ten="181,195,315,299" step="2"/><U47/><E8/><V17/><F41/><W72/><G43/><T7/><D7/><U118/><E38/><V5/><F40/><W134/><G10/><T111/><D111/><U103/><E39/><V2/><F5/><W74/><G6/><T44/><D44/><U120/><E45/><V126/><F110/><W92/><G37/><T135/><D135/><U11/><E11/><V84/><F108/><W26/><G134/><T60/><D60/><U88/><E1/><V79/><F2/><W109/><G109/><T81/><D81/><U64/><E63/><V77/><F80/><W32/><G122/><T128/><D128/><U46/><E120/><V82/><F82/><W113/><G74/><T22/><D22/><U125/><E73/><V130/><F75/><W4/><G72/><T67/><AGARI ba="2,1" hai="23,27,30,61,67,70,87,90,95,96,98,99,129,131" machi="67" ten="30,4000,0" yaku="1,1,0,1,53,1" doraHai="133" doraHaiUra="89" who="0" fromWho="0" sc="181,56,195,-12,315,-12,299,-22" /><INIT seed="4,0,0,4,1,87" ten="237,183,303,277" oya="0" hai0="16,51,53,10,71,43,118,37,100,69,103,120,31" hai1="81,86,109,35,91,115,98,89,70,74,116,110,21" hai2="73,106,18,95,54,60,45,75,4,108,22,96,48" hai3="84,19,119,128,124,55,12,90,101,52,46,9,50"/><T6/><D118/><U5/><E35/><V92/><F108/><N who="1" m="41577" /><E70/><V26/><F106/><W126/><G119/><T20/><D120/><U114/><E116/><V121/><F121/><W76/><G76/><T77/><D31/><U49/><E5/><V111/><F111/><W41/><G101/><T65/><D77/><N who="1" m="44215" /><E49/><V8/><F95/><N who="3" m="54727" /><G128/><T44/><D65/><U117/><E117/><V107/><F107/><W28/><G28/><T33/><D33/><U113/><E21/><V15/><REACH who="2" step="1"/><F60/><REACH who="2" ten="237,183,293,277" step="2"/><W129/><G129/><T99/><D69/><U97/><E89/><AGARI ba="0,1" hai="4,8,15,18,22,26,45,48,54,73,75,89,92,96" machi="89" ten="30,7700,0" yaku="1,1,2,1,7,1,52,1,53,0" doraHai="87" doraHaiUra="62" who="2" fromWho="1" sc="237,0,183,-77,293,87,277,0" /><INIT seed="5,0,0,1,0,106" ten="237,106,380,277" oya="1" hai0="88,98,65,62,52,69,116,45,105,80,78,21,86" hai1="29,94,27,33,81,128,124,11,51,73,82,118,59" hai2="100,32,42,47,122,125,76,114,130,90,60,91,85" hai3="67,101,3,13,1,4,55,134,58,92,0,135,24"/><U109/><E118/><V63/><F122/><W26/><G67/><T120/><D116/><U25/><E128/><V93/><F32/><W49/><G101/><T97/><D120/><U64/><E124/><V121/><F121/><W10/><REACH who="3" step="1"/><G92/><REACH who="3" ten="237,106,380,267" step="2"/><T12/><D105/><U20/><E109/><V61/><F100/><W115/><G115/><T40/><D65/><U15/><E64/><V68/><F93/><W38/><G38/><T99/><D69/><U16/><E94/><V70/><F70/><W89/><G89/><T43/><D88/><U8/><E8/><V7/><F91/><W111/><G111/><T133/><D133/><AGARI ba="0,1" hai="0,1,3,4,10,13,24,26,49,55,58,133,134,135" machi="133" ten="50,3200,0" yaku="1,1,20,1,53,0" doraHai="106" doraHaiUra="19" who="3" fromWho="0" sc="237,-32,106,0,380,0,267,42" /><INIT seed="6,0,0,2,0,34" ten="205,106,380,309" oya="2" hai0="18,107,7,71,123,70,90,30,44,106,113,111,50" hai1="52,2,116,10,74,135,92,36,97,95,117,72,20" hai2="45,41,13,119,77,79,91,82,14,104,133,64,21" hai3="32,51,62,38,54,130,4,23,15,98,59,60,57"/><V76/><F119/><W83/><G32/><T5/><D123/><U120/><E120/><V105/><F64/><W124/><G38/><T43/><D111/><U99/><E36/><V121/><F121/><W94/><G130/><T103/><D30/><U28/><E135/><V86/><F133/><W49/><G83/><T12/><D113/><U93/><E117/><V89/><F105/><W39/><G39/><T122/><D122/><U85/><E116/><V129/><F104/><W42/><G124/><T27/><D27/><U1/><E85/><V84/><F21/><W88/><G42/><T48/><D90/><U109/><E109/><V81/><REACH who="2" step="1"/><F129/><REACH who="2" ten="205,106,370,309" step="2"/><W58/><G23/><T125/><D106/><U33/><E20/><V96/><F96/><W31/><G31/><T100/><D107/><U6/><E99/><V127/><F127/><W40/><G40/><T112/><D125/><U25/><E97/><V65/><F65/><W55/><G59/><T66/><D66/><U46/><REACH who="1" step="1"/><E2/><REACH who="1" ten="205,96,370,309" step="2"/><V118/><F118/><W8/><AGARI ba="0,2" hai="4,8,15,49,51,54,55,57,58,60,62,88,94,98" machi="8" ten="30,7900,0" yaku="0,1,9,1,8,1,54,1" doraHai="34" who="3" fromWho="3" sc="205,-20,96,-20,370,-39,309,99" /><INIT seed="7,0,0,0,5,101" ten="185,76,331,408" oya="3" hai0="121,130,32,35,9,73,48,45,39,25,98,2,5" hai1="4,42,15,8,109,14,46,111,38,52,93,27,57" hai2="65,10,55,106,82,117,129,71,16,128,3,56,59" hai3="28,90,62,102,112,12,127,131,132,18,13,97,23"/><W104/><G112/><T20/><D121/><U125/><E125/><V108/><F108/><W64/><G132/><T103/><D73/><U99/><E27/><V110/><F110/><W116/><G131/><N who="2" m="50249" /><F117/><W92/><G127/><T30/><D39/><U107/><E15/><N who="2" m="7287" /><F3/><W78/><G78/><T50/><D50/><U22/><E22/><V47/><F82/><W96/><G28/><T124/><D124/><U120/><E120/><V69/><F47/><W36/><G36/><T74/><D74/><U126/><E126/><V81/><F81/><W0/><G0/><T31/><D31/><U119/><E119/><V17/><F17/><W6/><G116/><T1/><D1/><U58/><E58/><N who="2" m="22059" /><F55/><W87/><G6/><T41/><D130/><U113/><E113/><V88/><F88/><W24/><G87/><T60/><D60/><U11/><E11/><V68/><F65/><W83/><G83/><T33/><D33/><U63/><REACH who="1" step="1"/><E107/><AGARI ba="0,0" hai="68,69,71,106,107" m="22059,7287,50249" machi="107" ten="40,8000,1" yaku="19,1,52,2,54,1" doraHai="101" who="2" fromWho="1" sc="185,0,76,-80,331,80,408,0" /><AGARI ba="0,0" hai="2,5,9,20,25,30,32,35,41,45,48,98,103,107" machi="107" ten="30,2000,0" yaku="7,1,52,1" doraHai="101" who="0" fromWho="1" sc="185,20,-4,-20,411,0,408,0" owari="205,-19.5,-24,-52.4,411,51.1,408,20.8" /></mjloggm>