<mjloggm ver="2.3"><GO type="169" lobby="0"/><UN n0="%E4%BC%8A%E5%8B%A2%E3%81%AE%E3%82%B3%E3%83%AD%E3%83%83%E3%82%B1%E5%B1%8B" n1="%E7%88%86%E7%89%8C%E3%82%A6%E3%82%B7%E3%82%B8%E3%83%9E%E3%81%8F%E3%82%93" n2="%6A%79%75%6E%6F%68" n3="%E3%81%BD%E3%81%A3%E3%81%91%E3%81%95%E3%82%93" dan="16,16,18,17" rate="2094.24,2125.56,2249.83,2172.75" sx="M,M,M,M"/><TAIKYOKU oya="0"/><INIT seed="0,0,0,1,2,53" ten="250,250,250,250" oya="0" hai0="34,36,43,50,81,41,73,68,91,115,27,76,113" hai1="74,57,35,97,2,11,70,26,66,47,9,109,107" hai2="51,1,110,37,120,119,77,83,122,131,111,129,62" hai3="90,87,100,78,64,49,80,13,4,86,22,134,125"/><T14/><D68/><U23/><E109/><N who="2" m="41483" /><F1/><W7/><G134/><T105/><D105/><U135/><E74/><V17/><F17/><N who="3" m="10543" /><G125/><T6/><D36/><U16/><E135/><V19/><F19/><W112/><G100/><T102/><D102/><U82/><E82/><V8/><F8/><W48/><G64/><T40/><D50/><N who="3" m="19561" /><G112/><T85/><D6/><U121/><E70/><V127/><F37/><W38/><G38/><T31/><REACH who="0" step="1"/><D14/><REACH who="0" ten="240,250,250,250" step="2"/><U118/><E107/><V20/><F51/><W42/><G42/><T133/><D133/><U32/><E2/><V116/><F127/><W52/><G7/><T72/><D72/><U103/><E103/><V59/><F122/><W96/><G4/><T123/><D123/><U101/><E101/><V63/><F120/><W54/><G96/><T104/><D104/><U39/><E97/><V117/><F63/><W89/><G89/><T65/><D65/><U132/><E66/><N who="2" m="39263" /><F20/><W44/><G44/><T94/><AGARI ba="0,1" hai="27,31,34,40,41,43,73,76,81,85,91,94,113,115" machi="94" ten="30,3000,0" yaku="1,1,0,1,53,0" doraHai="53" doraHaiUra="114" who="0" fromWho="0" sc="240,40,250,-10,250,-10,250,-10" /><INIT seed="0,1,0,0,0,128" ten="280,240,240,240" oya="0" hai0="84,46,56,114,127,30,123,99,129,63,47,71,89" hai1="34,33,8,55,132,15,115,85,44,107,9,61,67" hai2="82,121,120,133,70,122,86,64,40,3,28,69,49" hai3="32,76,73,52,104,42,29,124,37,90,130,75,106"/><T108/><D114/><U1/><E115/><V0/><F28/><W126/><G42/><T112/><D112/><U101/><E107/><N who="3" m="41002" /><G37/><T74/><D74/><N who="3" m="28169" /><G29/><T72/><D72/><U24/><E101/><V92/><F92/><W100/><G32/><T98/><D71/><U93/><E1/><V26/><F26/><W11/><G11/><T58/><D123/><U80/><E93/><V135/><F49/><W131/><G100/><T19/><D30/><U117/><E8/><V102/><F40/><W22/><G52/><N who="0" m="34183" /><D129/><N who="3" m="49161" /><G22/><T95/><D58/><U39/><E9/><V103/><F64/><W14/><G14/><T116/><D116/><U83/><E67/><V87/><F121/><W25/><G25/><T81/><D99/><U2/><E24/><V109/><REACH who="2" step="1"/><F82/><REACH who="2" ten="280,240,230,240" step="2"/><W54/><G54/><T6/><D81/><U31/><E80/><V119/><F119/><W134/><G126/><T50/><D127/><U21/><E83/><V125/><F125/><W59/><G124/><T105/><D95/><U13/><E117/><V97/><F97/><W7/><G76/><T35/><D98/><U41/><E31/><V36/><F36/><W65/><G65/><T111/><D105/><U118/><E118/><V20/><F20/><W17/><G59/><T18/><D50/><U77/><E21/><V38/><F38/><W66/><G66/><T23/><D23/><U110/><E39/><V53/><F53/><W68/><G68/><T43/><D43/><U96/><E55/><V27/><F27/><W51/><G51/><T48/><D48/><U62/><E41/><V57/><F57/><RYUUKYOKU ba="1,1" sc="280,-10,240,-10,230,30,240,-10" hai2="0,3,69,70,86,87,102,103,109,120,122,133,135" /><INIT seed="1,2,1,5,2,42" ten="270,230,260,230" oya="1" hai0="88,116,98,7,130,111,120,45,115,40,117,104,70" hai1="31,39,13,135,37,5,1,30,64,78,22,20,106" hai2="66,58,43,114,101,34,112,71,29,51,91,109,81" hai3="53,133,9,16,76,61,73,72,67,122,100,127,23"/><U65/><E106/><V75/><F101/><W15/><G122/><T27/><D70/><U36/><E78/><V89/><F109/><W48/><G127/><T6/><D115/><U55/><E1/><V10/><F10/><W57/><G133/><T110/><D130/><U3/><E3/><V44/><F71/><W93/><G76/><T85/><D27/><U59/><E135/><V119/><F119/><W99/><REACH who="3" step="1"/><G9/><REACH who="3" ten="270,230,260,220" step="2"/><T90/><D120/><U0/><E0/><V28/><F112/><W103/><G103/><T4/><D117/><U134/><E134/><V62/><F114/><W33/><G33/><T46/><D116/><U131/><E131/><V132/><F34/><W49/><G49/><T96/><D111/><U50/><E22/><V126/><F126/><W118/><G118/><T94/><D110/><U17/><REACH who="1" step="1"/><E5/><REACH who="1" ten="270,220,260,220" step="2"/><V102/><F132/><W87/><G87/><T128/><D128/><U124/><E124/><V77/><REACH who="2" step="1"/><F102/><REACH who="2" ten="270,220,250,220" step="2"/><W47/><AGARI ba="2,4" hai="15,16,23,47,48,53,57,61,67,72,73,93,99,100" machi="47" ten="20,12000,2" yaku="1,1,0,1,7,1,52,1,54,1,53,1" doraHai="42" doraHaiUra="92" who="3" fromWho="3" sc="270,-32,220,-62,250,-32,220,166" /><INIT seed="2,0,0,1,3,81" ten="238,158,218,386" oya="2" hai0="88,112,85,128,117,63,98,32,12,58,35,13,54" hai1="1,80,121,62,129,71,56,45,111,64,132,78,73" hai2="5,0,124,44,37,48,7,82,51,30,6,101,61" hai3="2,87,20,125,130,100,119,31,57,40,25,118,24"/><V10/><F124/><W95/><G2/><T113/><D128/><U18/><E129/><V65/><F30/><W4/><G130/><T106/><D117/><U50/><E111/><V39/><F101/><W102/><G4/><T99/><D35/><U93/><E132/><V74/><F7/><W127/><G40/><T86/><D32/><U66/><E1/><V55/><F6/><W135/><G57/><T77/><D106/><U52/><E121/><V126/><F51/><W28/><G95/><N who="0" m="54671" /><D113/><U116/><E116/><V29/><F29/><W49/><G49/><T79/><D112/><U15/><E93/><V75/><F126/><W46/><G46/><T17/><D12/><U67/><REACH who="1" step="1"/><E71/><REACH who="1" ten="238,148,218,386" step="2"/><V90/><F74/><W16/><G135/><T76/><D86/><U110/><E110/><V11/><F75/><W72/><G87/><T131/><D131/><U9/><AGARI ba="0,1" hai="9,15,18,45,50,52,56,62,64,66,67,73,78,80" machi="9" ten="20,5200,0" yaku="1,1,0,1,7,1,54,1,53,0" doraHai="81" doraHaiUra="89" who="1" fromWho="1" sc="238,-13,148,62,218,-26,386,-13" /><INIT seed="3,0,0,4,0,115" ten="225,210,192,373" oya="3" hai0="54,36,97,123,122,80,111,55,135,124,59,84,77" hai1="38,104,20,90,22,29,23,86,56,117,62,109,114" hai2="106,100,7,129,48,66,63,8,35,43,112,2,18" hai3="127,94,102,73,16,40,45,98,71,58,75,116,110"/><W13/><G71/><T91/><D36/><U27/><E114/><V120/><F112/><W96/><G127/><T133/><D111/><U26/><E38/><V108/><F108/><W41/><G110/><T128/><D128/><U37/><E37/><V92/><F106/><W0/><G0/><T118/><D124/><U10/><E109/><V126/><F35/><W1/><G1/><T28/><D28/><U15/><E104/><V49/><F120/><W11/><G116/><T119/><D54/><U83/><E117/><N who="0" m="44553" /><D55/><U99/><E99/><V52/><F129/><W51/><G41/><T3/><D59/><U47/><E47/><V85/><F43/><W31/><G31/><T46/><D46/><U5/><REACH who="1" step="1"/><E27/><REACH who="1" ten="225,200,192,373" step="2"/><V24/><F24/><W9/><G98/><T95/><D3/><U39/><E39/><V12/><F126/><W101/><G96/><T125/><D125/><U132/><E132/><AGARI ba="0,1" hai="77,80,84,91,95,97,122,123,132,133,135" m="44553" machi="132" ten="30,12000,2" yaku="20,1,34,2,52,3" doraHai="115" who="0" fromWho="1" sc="225,130,200,-120,192,0,373,0" /><INIT seed="4,0,0,2,0,113" ten="355,80,192,373" oya="0" hai0="31,105,24,32,107,75,1,133,79,54,66,15,88" hai1="43,116,77,94,124,8,103,2,100,57,83,106,19" hai2="16,21,95,87,50,135,47,22,20,60,46,70,96" hai3="78,71,118,37,67,29,84,7,65,33,39,51,85"/><T13/><D1/><U9/><E106/><V44/><F135/><W110/><G110/><T101/><D133/><U18/><E124/><V126/><F126/><W132/><G7/><T127/><D127/><U30/><E30/><V76/><F70/><W68/><G51/><T61/><D54/><U91/><E43/><V69/><F69/><W108/><G108/><T4/><D4/><U48/><E2/><V3/><F3/><W5/><G5/><T45/><D45/><U115/><E115/><V98/><F60/><W74/><G132/><T92/><D79/><U41/><E116/><V0/><F0/><W119/><G78/><T62/><D75/><U130/><E130/><V111/><F111/><W129/><G74/><T114/><D62/><U121/><E121/><V56/><F76/><W112/><G112/><T97/><D105/><U49/><E77/><V25/><F87/><W23/><G23/><T80/><D80/><U35/><E83/><V72/><F72/><W64/><G64/><T53/><D53/><U81/><E81/><V11/><F11/><W38/><G38/><T40/><D40/><U63/><E41/><V86/><F86/><W125/><G125/><T55/><D55/><N who="1" m="34239" /><E35/><V122/><F122/><W36/><G36/><T27/><D27/><U6/><E9/><V131/><F131/><W93/><G129/><T59/><REACH who="0" step="1"/><D114/><REACH who="0" ten="345,80,192,373" step="2"/><U28/><E6/><V58/><F25/><W89/><G67/><T104/><D104/><U42/><E42/><V134/><F134/><W14/><G39/><T99/><AGARI ba="0,1" hai="13,15,24,31,32,59,61,66,88,92,97,99,101,107" machi="99" ten="20,12000,1" yaku="1,1,0,1,7,1,54,1,53,1" doraHai="113" doraHaiUra="26" who="0" fromWho="0" sc="345,130,80,-40,192,-40,373,-40" /><INIT seed="4,1,0,3,0,78" ten="475,40,152,333" oya="0" hai0="56,73,15,109,99,127,87,0,9,1,50,63,118" hai1="83,53,62,88,128,125,54,22,29,25,121,38,5" hai2="41,117,7,111,4,37,81,92,19,90,28,24,16" hai3="67,60,89,103,86,69,71,34,20,68,85,98,8"/><T77/><D127/><U18/><E121/><V59/><F111/><W102/><G34/><T33/><D118/><U43/><E125/><V120/><F120/><W10/><G86/><T119/><D33/><U91/><E128/><V27/><F117/><W47/><G47/><T35/><D35/><U76/><E5/><N who="2" m="2123" /><F37/><W115/><G115/><T132/><D73/><U39/><E39/><V96/><F41/><W57/><G20/><T104/><D132/><U31/><E38/><V75/><F75/><W49/><G49/><T36/><D36/><U131/><E131/><V44/><F44/><W112/><G112/><T122/><D122/><U124/><E124/><V6/><N who="2" m="2131" /><V100/><DORA hai="134" /><F59/><W66/><G66/><T135/><D135/><U93/><E43/><V3/><F3/><W108/><G108/><T130/><D104/><U40/><E40/><V123/><F123/><W26/><G26/><N who="2" m="9769" /><F28/><N who="1" m="10825" /><E62/><V51/><F51/><W23/><G60/><T48/><D119/><U101/><E54/><V55/><F55/><W42/><G42/><T70/><D70/><U133/><E53/><V116/><F116/><W11/><G71/><T61/><D109/><U129/><E133/><V107/><F107/><W113/><G69/><T105/><D105/><U14/><E129/><V46/><F46/><W82/><G113/><T30/><D130/><U58/><E58/><V13/><F13/><W32/><G57/><T12/><D1/><U45/><E45/><V94/><F94/><W74/><G68/><T72/><D0/><U79/><E14/><V21/><F21/><W64/><G23/><RYUUKYOKU type="nm" ba="1,0" sc="475,120,40,-40,152,-40,333,-40" hai2="16,19,81,90,92,96,100" /><INIT seed="5,2,0,5,0,73" ten="595,0,112,293" oya="1" hai0="27,45,81,71,78,83,68,43,92,76,57,118,121" hai1="120,117,26,110,42,11,84,96,36,13,116,64,85" hai2="20,109,111,59,79,14,22,49,133,77,127,8,56" hai3="106,34,130,58,86,102,105,30,82,47,135,124,125"/><U38/><E120/><V98/><F127/><W52/><G47/><T89/><D118/><N who="1" m="45675" /><E26/><V75/><F75/><W95/><G30/><T51/><D121/><U128/><E42/><V100/><F133/><W62/><G34/><T0/><D0/><U53/><E64/><V90/><F90/><W1/><G135/><T94/><D68/><U74/><E74/><V67/><F67/><W103/><G1/><T5/><D71/><U29/><E29/><V16/><F109/><W87/><G87/><N who="1" m="33354" /><E96/><V115/><F111/><W123/><G123/><T66/><D5/><U15/><E110/><V55/><F59/><W17/><G58/><T70/><D70/><U10/><E53/><V131/><F22/><W25/><G52/><T122/><D122/><U6/><E128/><V91/><F131/><W113/><G130/><T97/><D27/><U19/><E19/><V28/><F28/><W80/><G17/><T129/><D129/><U107/><E107/><V24/><F24/><W69/><G105/><T101/><D66/><U21/><E21/><V114/><F20/><W132/><G106/><T23/><D23/><U7/><E7/><V12/><F12/><N who="1" m="4681" /><E6/><V37/><F14/><W65/><G25/><T18/><D18/><U108/><E108/><V93/><F16/><W134/><G132/><T61/><D57/><U63/><E63/><V31/><F31/><W2/><G134/><T54/><D61/><U41/><E41/><V104/><F104/><W32/><G62/><T119/><D119/><U48/><E48/><V72/><F49/><W35/><G65/><T4/><D51/><RYUUKYOKU ba="2,0" sc="595,-10,0,30,112,-10,293,-10" hai1="10,11,36,38" /><INIT seed="5,3,0,2,1,70" ten="585,30,102,283" oya="1" hai0="84,38,73,122,37,78,31,120,110,22,109,101,11" hai1="7,32,62,132,108,17,50,85,90,81,57,25,106" hai2="64,54,46,103,6,44,27,127,89,26,9,112,95" hai3="49,118,130,53,61,13,93,3,121,34,40,28,97"/><U131/><E106/><V33/><F127/><W42/><G3/><T15/><D73/><U1/><E131/><V0/><F103/><W10/><G121/><N who="0" m="46699" /><D101/><U5/><E132/><V56/><F64/><W71/><G53/><T74/><D74/><U69/><E108/><V20/><F33/><W117/><G13/><T16/><D78/><U65/><E1/><V87/><F112/><W75/><G49/><T83/><D83/><U63/><E50/><V55/><F27/><W100/><G42/><T4/><D84/><U86/><E17/><V45/><REACH who="2" step="1"/><F56/><REACH who="2" ten="585,30,92,283" step="2"/><W80/><G34/><T52/><D110/><U60/><E60/><V79/><F79/><W48/><G100/><T43/><D109/><U124/><E124/><V76/><F76/><W105/><G71/><T111/><D111/><U107/><E107/><V51/><F51/><W8/><G48/><T104/><D104/><U88/><E25/><V47/><N who="2" m="11264" /><DORA hai="128" /><V21/><F21/><W72/><G61/><T96/><D43/><U114/><E32/><V18/><AGARI ba="3,1" hai="0,6,9,18,20,26,54,55,87,89,95" m="11264" machi="18" ten="40,5200,0" yaku="1,1,0,1,53,1" doraHai="70,128" doraHaiUra="91,129" who="2" fromWho="2" sc="585,-16,30,-29,92,71,283,-16" /><INIT seed="6,0,0,3,5,43" ten="569,1,163,267" oya="2" hai0="118,128,103,26,20,120,34,64,38,101,29,114,70" hai1="83,119,41,129,95,107,104,48,13,124,127,105,5" hai2="60,37,76,21,80,12,25,86,32,1,77,50,45" hai3="135,93,85,49,63,115,99,87,39,58,130,94,88"/><V79/><F1/><W33/><G39/><T24/><D38/><U62/><E62/><V75/><F37/><W69/><G33/><T96/><D120/><U55/><E5/><V131/><F131/><W22/><G130/><T8/><D8/><U53/><E13/><V17/><F75/><W56/><G135/><T108/><D108/><U11/><E129/><V14/><F32/><W51/><G69/><T52/><D52/><N who="1" m="20043" /><E11/><V92/><F92/><W35/><G35/><T122/><D122/><U81/><E95/><V134/><F134/><W113/><G22/><T2/><D114/><N who="3" m="43529" /><G85/><T18/><D2/><U133/><E133/><V9/><F60/><W7/><G7/><T132/><D132/><U121/><E119/><V28/><REACH who="2" step="1"/><F14/><REACH who="2" ten="569,1,153,267" step="2"/><W3/><G3/><T73/><D73/><U16/><E121/><V72/><F72/><W100/><G63/><T59/><D128/><U123/><E123/><V97/><F97/><W67/><G94/><T57/><D96/><U10/><E10/><V89/><F89/><W30/><G88/><T125/><D34/><U65/><E65/><V47/><F47/><W110/><G93/><T66/><D64/><U90/><E90/><V27/><F27/><W98/><G98/><T112/><D26/><U44/><E16/><V4/><F4/><W40/><G99/><T74/><D18/><U0/><E0/><V102/><F102/><W23/><G100/><T61/><D101/><U111/><E111/><V6/><F6/><W126/><G110/><T68/><D103/><U117/><E117/><V91/><F91/><W109/><G109/><RYUUKYOKU ba="0,1" sc="569,-15,1,15,153,15,267,-15" hai1="41,44,48,81,83,104,105,107,124,127" hai2="9,12,17,21,25,28,45,50,76,77,79,80,86" /><INIT seed="6,1,1,5,2,135" ten="554,16,168,252" oya="2" hai0="133,121,112,44,61,36,101,27,99,89,98,91,103" hai1="113,40,34,28,129,66,76,107,104,46,79,116,88" hai2="119,13,59,26,118,37,70,24,38,114,52,96,35" hai3="108,50,122,60,57,72,32,29,83,131,80,14,75"/><V128/><F70/><W87/><G122/><T30/><D121/><U77/><E116/><V110/><F13/><W3/><G3/><T115/><D61/><U73/><E73/><V45/><F114/><N who="0" m="43562" /><D44/><U9/><E113/><V68/><F68/><W1/><G1/><T102/><D36/><U92/><E66/><V33/><F96/><N who="0" m="36906" /><D133/><U120/><E120/><V97/><F97/><W17/><G83/><T0/><D0/><U51/><E129/><V54/><F45/><W82/><G75/><T49/><D49/><U124/><E9/><V53/><F53/><W86/><G87/><T42/><D42/><U132/><E132/><V20/><F20/><AGARI ba="1,1" hai="20,27,30,89,91,101,102,103" m="36906,43562" machi="20" ten="30,1000,0" yaku="15,1" doraHai="135" who="0" fromWho="2" sc="554,23,16,0,168,-13,252,0" /><INIT seed="7,0,0,2,1,10" ten="577,16,155,252" oya="3" hai0="59,122,14,101,51,55,120,23,129,56,4,45,128" hai1="79,41,81,97,53,49,117,90,12,40,114,85,21" hai2="77,64,48,37,71,92,100,80,43,32,50,42,102" hai3="82,15,107,91,134,35,76,103,7,29,86,108,98"/><W22/><G134/><T125/><D101/><U126/><E114/><V17/><F32/><W70/><G70/><T104/><D104/><U31/><E117/><V24/><F37/><W105/><G108/><T66/><D125/><U5/><E126/><V121/><F121/><W57/><G35/><T88/><D88/><U61/><E61/><V0/><F0/><W26/><G57/><T93/><D93/><U58/><E31/><V89/><F64/><W54/><G54/><T62/><D14/><U74/><E97/><V112/><F71/><W20/><G7/><T95/><D23/><U78/><E78/><V9/><F50/><W6/><G6/><T94/><D94/><U72/><E72/><V83/><F83/><W65/><G65/><T52/><D95/><U25/><E25/><V27/><F27/><W34/><G15/><T39/><D4/><U2/><E2/><V3/><F3/><W46/><G46/><T11/><D11/><U124/><E124/><V118/><F112/><W109/><G109/><T135/><D135/><U132/><E132/><V33/><F33/><W36/><G36/><T113/><D113/><U47/><E47/><V84/><F24/><W119/><G119/><T63/><D39/><U110/><E110/><V44/><F42/><W133/><G133/><T8/><D8/><N who="1" m="4111" /><E21/><V130/><F118/><W1/><G1/><T106/><D106/><U75/><E75/><V28/><F9/><W111/><G26/><T115/><D115/><U38/><E38/><V68/><F44/><W131/><G34/><T99/><D66/><U87/><E74/><RYUUKYOKU ba="0,0" sc="577,-10,16,30,155,-10,252,-10" hai1="40,41,49,53,58,79,81,85,87,90" owari="567,66.7,46,-45.4,145,-25.5,242,4.2" /></mjloggm>