<mjloggm ver="2.3"><GO type="169" lobby="0"/><UN n0="%E3%81%97%E3%82%83%E3%82%93%E3%81%8A%E3%81%98" n1="%E3%81%AF%E3%81%84%E3%82%8C%E3%81%AB%E3%82%83%E3%82%93" n2="%E3%83%95%E3%83%AB%E3%82%BC%E3%83%B3%E3%83%84%E3%81%8F%E3%82%93" n3="%E3%81%BE%E3%81%88%E3%81%9F" dan="17,16,16,17" rate="2156.98,2049.50,2176.59,2176.23" sx="F,M,F,F"/><TAIKYOKU oya="0"/><INIT seed="0,0,0,1,3,65" ten="250,250,250,250" oya="0" hai0="93,89,11,43,79,19,26,118,106,70,91,131,62" hai1="12,77,51,33,85,134,87,81,15,133,92,55,82" hai2="74,38,6,22,23,122,59,69,110,71,5,115,66" hai3="128,104,0,2,121,34,10,8,94,67,46,90,126"/><T25/><D118/><U40/><E33/><V96/><F122/><W60/><G104/><T47/><D106/><U41/><E92/><V68/><F115/><W36/><G34/><T97/><D131/><U105/><E105/><V18/><F74/><W58/><G128/><T135/><D135/><N who="1" m="51723" /><E15/><V120/><F120/><W130/><G130/><T119/><D119/><U16/><E55/><V13/><F38/><W54/><G126/><T50/><D79/><N who="1" m="46271" /><E51/><V123/><F123/><W117/><G117/><T125/><D125/><U83/><E83/><V42/><F42/><W7/><G121/><T109/><D109/><U44/><E44/><V1/><F1/><W45/><G36/><T9/><D89/><U17/><E17/><V100/><F23/><AGARI ba="0,0" hai="12,16,23,40,41,77,82,87" m="46271,51723" machi="23" ten="30,2000,0" yaku="20,1,54,1" doraHai="65" who="1" fromWho="2" sc="250,0,250,20,250,-20,250,0" /><INIT seed="1,0,0,0,3,10" ten="250,270,230,250" oya="1" hai0="37,79,87,4,29,41,6,43,78,65,82,118,100" hai1="14,57,0,107,51,55,106,76,128,84,86,89,130" hai2="96,3,15,72,52,103,54,11,75,132,85,17,9" hai3="60,36,131,35,27,108,117,68,64,70,98,125,50"/><U91/><E0/><V8/><F132/><W24/><G36/><T88/><D118/><U13/><E76/><N who="0" m="29225" /><D37/><U71/><E71/><V102/><F3/><W31/><G108/><T16/><D29/><U45/><E57/><V93/><F85/><W133/><G133/><T94/><D65/><U80/><E107/><V33/><F33/><W67/><G125/><T110/><D110/><U40/><E40/><N who="0" m="15433" /><D100/><U32/><E32/><V101/><F75/><W62/><G131/><N who="1" m="50218" /><E106/><V116/><F72/><W19/><G50/><T121/><D121/><U38/><E38/><V129/><F116/><W7/><G117/><T63/><D63/><U114/><E114/><V126/><F126/><W21/><G7/><N who="0" m="2603" /><D16/><U1/><E1/><V47/><F129/><W115/><G115/><T49/><D49/><U56/><E56/><V92/><F47/><W25/><REACH who="3" step="1"/><G98/><REACH who="3" ten="250,270,230,240" step="2"/><T97/><D97/><U26/><E26/><AGARI ba="0,1" hai="19,21,24,25,26,27,31,35,60,62,64,67,68,70" machi="26" ten="30,7700,0" yaku="1,1,2,1,7,1,9,1,53,0" doraHai="10" doraHaiUra="105" who="3" fromWho="1" sc="250,0,270,-77,230,0,240,87" /><INIT seed="2,0,0,1,4,2" ten="250,193,230,327" oya="2" hai0="61,66,94,39,103,92,124,91,126,118,34,37,7" hai1="26,134,56,67,97,25,46,87,110,42,74,4,43" hai2="98,112,77,59,57,120,78,116,113,71,28,81,102" hai3="1,100,80,44,109,95,132,82,8,83,108,53,101"/><V115/><F116/><W20/><G132/><T12/><D34/><U38/><E74/><V3/><F120/><W24/><G44/><T68/><D103/><U27/><E110/><N who="3" m="42602" /><G53/><T14/><D118/><U69/><E134/><V107/><F71/><W85/><G85/><T99/><D94/><U32/><E43/><V16/><F3/><W49/><G49/><T29/><D29/><U6/><E69/><V33/><F33/><W63/><BYE who="2" /><G63/><T130/><D130/><U131/><E131/><V9/><F9/><W52/><G52/><T111/><D111/><U5/><E97/><V23/><F23/><W73/><G95/><T106/><D106/><U127/><E127/><N who="0" m="48681" /><D14/><U121/><E121/><V50/><F50/><W76/><G76/><T48/><D48/><U11/><E87/><V22/><F22/><W128/><G73/><T51/><D51/><U41/><E41/><V88/><F88/><W19/><G128/><T47/><D47/><U119/><E119/><V58/><F58/><W54/><G54/><T123/><D123/><U79/><E79/><V18/><F18/><W13/><G1/><T35/><D35/><U72/><E72/><V96/><F96/><W30/><AGARI ba="0,0" hai="8,13,19,20,24,30,80,82,83,100,101" m="42602" machi="30" ten="30,1100,0" yaku="14,1" doraHai="2" who="3" fromWho="3" sc="250,-3,193,-3,230,-5,327,11" /><INIT seed="3,0,0,5,4,26" ten="247,190,225,338" oya="3" hai0="99,113,118,32,82,61,81,40,67,97,55,53,85" hai1="109,56,49,93,62,128,10,41,123,20,3,88,9" hai2="14,15,121,59,102,39,38,83,77,31,4,2,84" hai3="12,117,54,0,1,120,63,103,28,46,27,42,114"/><W19/><G114/><T47/><D118/><U101/><E123/><V115/><F115/><W79/><G117/><T23/><D32/><U133/><E109/><V116/><F116/><W76/><G103/><T29/><D113/><U13/><E133/><V111/><F111/><W100/><G100/><T95/><D81/><U43/><E128/><V105/><F105/><W30/><G120/><T60/><D60/><U75/><E75/><V106/><F106/><W34/><G63/><T73/><D73/><U91/><E3/><V58/><F58/><W74/><G54/><T65/><D65/><U18/><E101/><V5/><F5/><W48/><G28/><T86/><D86/><N who="1" m="52375" /><E91/><V94/><F94/><W135/><G135/><T104/><D104/><U7/><E7/><V108/><F108/><W110/><G110/><T90/><D99/><U11/><E62/><V71/><F71/><W92/><G92/><T122/><D122/><U126/><E126/><V119/><F119/><W89/><G89/><T98/><D98/><U124/><E124/><V125/><F125/><W37/><G37/><T134/><D134/><U45/><E56/><UN n2="%E3%83%95%E3%83%AB%E3%82%BC%E3%83%B3%E3%83%84%E3%81%8F%E3%82%93" /><V69/><F2/><W17/><G74/><T51/><D67/><U70/><E70/><V72/><F69/><W87/><G87/><T129/><D61/><U80/><E80/><V52/><F83/><W68/><G68/><T36/><D36/><U107/><E107/><V50/><F39/><W131/><G131/><T21/><D129/><U78/><E78/><N who="3" m="29738" /><G0/><T35/><D97/><U132/><E132/><V22/><F38/><W66/><G1/><RYUUKYOKU ba="0,0" sc="247,-10,190,30,225,-10,338,-10" hai1="9,10,11,13,18,20,41,43,45,49" /><INIT seed="4,1,0,1,1,48" ten="237,220,215,328" oya="0" hai0="93,84,49,25,26,85,95,100,118,16,1,5,4" hai1="43,20,8,51,97,94,15,42,28,24,10,131,23" hai2="40,2,69,132,46,87,21,45,114,9,52,22,96" hai3="35,36,119,3,121,13,125,55,62,60,105,115,53"/><T101/><D1/><U135/><E131/><V108/><F108/><W99/><G3/><T44/><D118/><U122/><E135/><V38/><F132/><W58/><G35/><T134/><D134/><U66/><E122/><V128/><F69/><W65/><G119/><T30/><D30/><U83/><E66/><V19/><F128/><W17/><G36/><T78/><D78/><U0/><E0/><V124/><F114/><W86/><G115/><T79/><D79/><U31/><E83/><V50/><F124/><W130/><G130/><T75/><D75/><U37/><E37/><V39/><F87/><W120/><G125/><T88/><D84/><U67/><E67/><V104/><F39/><W71/><G86/><T12/><D25/><U29/><E10/><V76/><F76/><W59/><G99/><N who="0" m="59503" /><D26/><N who="1" m="16455" /><E51/><V41/><F41/><W106/><G120/><T107/><D101/><N who="1" m="60599" /><E31/><V18/><F2/><W92/><G92/><T68/><D68/><U111/><E111/><V61/><F61/><W90/><G90/><T113/><D113/><U56/><E56/><V81/><F81/><W33/><G33/><T112/><D107/><U77/><E77/><V129/><F129/><W11/><G121/><T110/><D110/><U47/><E47/><V14/><F104/><W89/><G89/><T102/><D102/><U72/><E72/><V127/><F127/><W103/><G103/><T116/><D116/><U109/><E109/><V64/><F38/><W74/><G74/><T63/><D112/><U54/><E54/><V70/><F52/><W34/><G34/><T123/><D123/><RYUUKYOKU ba="1,0" sc="237,-15,220,15,215,-15,328,15" hai1="8,15,23,24,29,42,43" hai3="11,13,17,53,55,58,59,60,62,65,71,105,106" /><INIT seed="5,2,0,3,3,69" ten="222,235,200,343" oya="1" hai0="33,45,36,0,28,59,90,9,60,99,48,111,128" hai1="31,94,29,100,122,58,70,87,85,12,131,49,18" hai2="3,8,56,40,73,81,80,26,17,55,117,25,4" hai3="32,113,79,130,84,35,37,11,39,10,54,102,42"/><U57/><E122/><V75/><F117/><W103/><G42/><T91/><D111/><U52/><E131/><V76/><F40/><W96/><G54/><T86/><D128/><U50/><E70/><V114/><F114/><W88/><G130/><T6/><D36/><U116/><E116/><V27/><F17/><W106/><G79/><T108/><D108/><U78/><E50/><V68/><F68/><W34/><G113/><T44/><D99/><N who="1" m="59511" /><E58/><V21/><F21/><W132/><G132/><T43/><D44/><U38/><E38/><V30/><F30/><N who="1" m="11273" /><E78/><V127/><F127/><W66/><G66/><T101/><D101/><U115/><E115/><V124/><F124/><W110/><G110/><T2/><D2/><U109/><E109/><V7/><F7/><W120/><G120/><T97/><D97/><U82/><E82/><V104/><F104/><W14/><G102/><T72/><D86/><U95/><E95/><V61/><REACH who="2" step="1"/><F81/><REACH who="2" ten="222,235,190,343" step="2"/><W51/><G106/><T53/><D28/><U1/><E1/><V65/><F65/><W16/><G34/><T74/><REACH who="0" step="1"/><D33/><REACH who="0" ten="212,235,190,343" step="2"/><U93/><E93/><V129/><F129/><W135/><G35/><T24/><D24/><U112/><E112/><V15/><F15/><W64/><G14/><T62/><D62/><U92/><E92/><V13/><F13/><W119/><G32/><T41/><D41/><U98/><E98/><V126/><F126/><W83/><G96/><T125/><D125/><U89/><E12/><V133/><F133/><W22/><G135/><T67/><D67/><U46/><E18/><V121/><F121/><RYUUKYOKU ba="2,2" sc="212,15,235,-15,190,15,343,-15" hai0="0,6,9,43,45,48,53,59,60,72,74,90,91" hai2="3,4,8,25,26,27,55,56,61,73,75,76,80" /><INIT seed="6,3,2,3,2,16" ten="227,220,205,328" oya="2" hai0="14,132,39,3,12,46,81,68,15,73,60,125,9" hai1="0,35,23,11,27,28,64,100,67,134,85,32,79" hai2="33,25,121,94,2,54,83,30,51,49,38,41,66" hai3="26,107,110,52,130,123,65,133,44,47,20,48,36"/><V108/><F121/><W99/><G123/><T72/><D132/><U93/><E134/><V70/><F2/><W4/><G133/><T24/><D125/><U40/><E40/><V113/><F113/><W109/><G130/><T37/><D24/><U102/><E35/><V92/><F108/><W77/><G4/><T88/><D3/><U61/><E67/><V58/><F51/><W71/><G77/><T126/><D9/><U63/><E32/><V59/><F58/><W120/><G120/><T112/><D112/><U98/><E102/><V96/><F83/><W18/><G36/><T105/><D105/><U89/><E79/><V129/><F96/><W82/><G82/><T124/><D60/><U91/><E91/><V17/><F17/><W31/><G65/><T10/><D10/><U8/><E0/><V34/><F34/><W76/><G76/><T95/><D68/><U56/><REACH who="1" step="1"/><E63/><REACH who="1" ten="227,210,205,328" step="2"/><N who="2" m="40287" /><F129/><W111/><G111/><T131/><D131/><U22/><E22/><V78/><F78/><W135/><G20/><T13/><D126/><U7/><E7/><V106/><F106/><AGARI ba="3,3" hai="8,11,23,27,28,56,61,64,85,89,93,98,100,106" machi="106" ten="30,3900,0" yaku="1,1,7,1,52,1,53,0" doraHai="16" doraHaiUra="42" who="1" fromWho="2" sc="227,0,210,78,205,-48,328,0" /><INIT seed="7,0,0,0,5,52" ten="227,288,157,328" oya="3" hai0="2,82,89,9,131,49,84,69,1,13,20,59,44" hai1="5,34,74,19,87,65,6,55,90,119,120,53,24" hai2="30,56,81,14,11,10,63,15,105,130,31,109,123" hai3="39,51,46,75,60,112,78,62,115,83,50,66,21"/><W94/><G94/><T110/><D131/><U57/><E74/><V134/><F130/><W126/><G126/><T127/><D127/><U88/><E120/><V29/><F109/><W113/><G21/><T76/><D69/><U12/><E65/><V54/><F123/><W129/><G129/><T121/><D110/><U32/><E32/><V48/><F105/><W97/><G97/><T133/><D133/><U101/><E101/><V25/><F134/><W85/><G75/><T26/><D121/><U132/><E55/><V72/><F25/><W41/><G62/><T117/><D59/><AGARI ba="0,0" hai="39,41,46,50,51,59,60,66,78,83,85,112,113,115" machi="59" ten="40,3900,0" yaku="15,1,52,1" doraHai="52" who="3" fromWho="0" sc="227,-39,288,0,157,0,328,39" owari="188,-21.2,288,8.8,157,-34.3,367,46.7" /></mjloggm>