<mjloggm ver="2.3"><GO type="169" lobby="0"/><UN n0="%E3%82%B9%E3%82%AB%E3%83%9D%E3%83%B3" n1="%E6%AD%8C%E3%81%AE%E3%82%88%E3%81%86%E3%81%AB%E8%8B%A6%E3%81%84" n2="%6F%6B%61%62%65%73%68%69" n3="%E5%9C%A7%E5%80%92%E7%9A%84%E3%83%9D%E3%83%B3" dan="17,16,17,17" rate="2222.05,2065.18,2190.72,2216.05" sx="M,M,M,M"/><TAIKYOKU oya="0"/><INIT seed="0,0,0,3,0,0" ten="250,250,250,250" oya="0" hai0="70,112,10,134,94,116,32,87,69,46,6,5,48" hai1="86,55,77,59,72,30,41,124,135,85,14,23,103" hai2="45,36,98,128,127,79,28,31,102,62,50,83,123" hai3="2,15,76,110,58,78,29,26,67,49,93,68,37"/><T13/><D116/><U34/><E34/><V75/><F123/><W9/><G37/><T114/><D32/><U61/><E135/><V71/><F127/><W65/><G2/><T108/><D134/><U4/><E41/><V60/><F128/><W38/><G38/><T54/><D108/><U27/><E103/><V33/><F36/><W95/><G68/><T57/><D5/><U24/><E124/><V56/><F71/><W97/><G95/><T74/><D74/><U84/><E27/><V43/><F62/><W126/><G126/><T129/><D129/><U18/><E72/><V47/><F47/><W92/><G92/><T12/><D12/><U40/><E40/><V120/><F33/><W111/><G67/><T91/><REACH who="0" step="1"/><D46/><REACH who="0" ten="240,250,250,250" step="2"/><U107/><E4/><V101/><F120/><W117/><G117/><T22/><D22/><N who="1" m="15639" /><E107/><V118/><F118/><W130/><G130/><T66/><D66/><U122/><E122/><V42/><F75/><W11/><G111/><T133/><D133/><U132/><E132/><V73/><F73/><W125/><G110/><T115/><AGARI ba="0,1" hai="6,10,13,48,54,57,69,70,87,91,94,112,114,115" machi="115" ten="30,11700,0" yaku="1,1,0,1,52,1,53,1" doraHai="0" doraHaiUra="90" who="0" fromWho="0" sc="240,127,250,-39,250,-39,250,-39" /><INIT seed="0,1,0,1,2,105" ten="367,211,211,211" oya="0" hai0="15,70,89,84,11,102,113,79,59,27,125,57,86" hai1="110,29,68,23,88,71,112,22,127,14,50,132,124" hai2="44,90,64,18,49,85,76,73,131,34,122,55,99" hai3="48,94,130,10,103,37,35,5,91,95,81,75,16"/><T114/><D70/><U93/><E110/><V106/><F122/><W7/><G37/><T31/><D125/><N who="1" m="48203" /><E132/><V21/><F34/><W120/><G35/><T26/><D102/><U19/><E112/><V101/><F131/><W39/><G39/><T53/><D59/><U111/><E111/><V43/><F64/><W54/><G120/><T32/><D26/><N who="1" m="16607" /><E50/><V24/><F43/><W42/><G42/><T100/><D100/><U119/><E119/><V92/><F76/><W121/><G121/><T51/><D79/><U52/><E52/><V74/><AGARI ba="1,0" hai="18,21,24,44,49,55,73,74,85,90,92,99,101,106" machi="74" ten="30,4000,0" yaku="0,1,52,2" doraHai="105" who="2" fromWho="2" sc="367,-21,211,-11,211,43,211,-11" /><INIT seed="1,0,0,4,0,49" ten="346,200,254,200" oya="1" hai0="115,128,90,52,64,55,94,17,53,31,14,45,59" hai1="11,54,99,44,100,106,87,15,33,3,56,22,135" hai2="134,96,85,34,84,118,83,51,114,63,126,62,20" hai3="42,60,16,65,4,82,46,86,21,104,9,68,95"/><U112/><E112/><V107/><F118/><W38/><G95/><T91/><D128/><U40/><E33/><V10/><F34/><W74/><G104/><T133/><D133/><U8/><E135/><V77/><F134/><W1/><G86/><T27/><D45/><U26/><E3/><V76/><F114/><W32/><G32/><T127/><D127/><U67/><E67/><V80/><F126/><W132/><G132/><T7/><D7/><U24/><E87/><V119/><F119/><W71/><G71/><T39/><D39/><U131/><E131/><V73/><F73/><W88/><G82/><T108/><D108/><U130/><E130/><V111/><F111/><W70/><G74/><T78/><D78/><U124/><E15/><V47/><F10/><W109/><G109/><T25/><D31/><U23/><E23/><V57/><F57/><W97/><G70/><T41/><D41/><U19/><E26/><N who="0" m="9737" /><D94/><U93/><E106/><V92/><F20/><W129/><G129/><T43/><D43/><U98/><E124/><V103/><REACH who="2" step="1"/><F107/><REACH who="2" ten="346,200,244,200" step="2"/><W48/><G21/><N who="0" m="11447" /><D115/><U113/><E113/><V123/><F123/><W105/><G105/><T101/><D101/><U122/><E122/><V50/><F50/><W36/><G36/><T30/><D30/><U6/><E11/><V37/><F37/><W110/><G110/><T72/><D72/><U117/><E117/><V120/><F120/><W2/><G38/><T5/><D5/><U12/><E56/><V61/><F61/><AGARI ba="0,1" hai="52,53,55,59,61,64,90,91" m="11447,9737" machi="61" ten="30,8000,1" yaku="8,1,52,3,54,1" doraHai="49" who="0" fromWho="2" sc="346,90,200,0,244,-80,200,0" /><INIT seed="2,0,0,2,3,85" ten="436,200,164,200" oya="2" hai0="89,63,1,102,35,130,69,41,115,28,122,74,73" hai1="54,111,9,71,64,83,133,95,65,80,48,0,97" hai2="103,78,57,61,129,90,134,91,72,55,45,38,12" hai3="116,31,118,98,30,39,114,86,13,127,92,121,32"/><V25/><F129/><W106/><G39/><T14/><D14/><U6/><E111/><V135/><F103/><W93/><G121/><T33/><D89/><N who="2" m="33802" /><F78/><W108/><G32/><T79/><D41/><U17/><E133/><N who="2" m="50699" /><F72/><W43/><G108/><T2/><D102/><U26/><E83/><V42/><F12/><W8/><G114/><T120/><D115/><U99/><E80/><V82/><F82/><W7/><G106/><T66/><D130/><U67/><E71/><V34/><F25/><W47/><G93/><T76/><D76/><U75/><E75/><V125/><F34/><W62/><G92/><T46/><D35/><U107/><E107/><V96/><F96/><W27/><G98/><T19/><D79/><U50/><E99/><V100/><F100/><W117/><G27/><T20/><D33/><U119/><E97/><V88/><N who="2" m="33810" /><V128/><DORA hai="24" /><F128/><W84/><G84/><T10/><D74/><U52/><E95/><V131/><F131/><W51/><G86/><T21/><D73/><U23/><E119/><V37/><F125/><W5/><G127/><T77/><D77/><U56/><E65/><V101/><F101/><W113/><G113/><T18/><D122/><U16/><REACH who="1" step="1"/><E17/><REACH who="1" ten="436,190,164,200" step="2"/><V3/><F3/><W49/><G118/><T105/><D1/><U15/><E15/><V59/><F59/><AGARI ba="0,1" hai="0,6,9,16,23,26,48,50,52,54,56,59,64,67" machi="59" ten="30,12000,2" yaku="1,1,7,1,9,1,54,2,53,1" doraHai="85,24" doraHaiUra="132,4" who="1" fromWho="2" sc="436,0,190,130,164,-120,200,0" /><INIT seed="3,0,0,5,4,95" ten="436,320,44,200" oya="3" hai0="47,14,23,118,102,90,85,42,54,114,29,25,88" hai1="121,57,76,28,91,64,49,92,131,127,41,132,24" hai2="52,79,62,17,94,96,16,75,61,123,115,10,113" hai3="18,120,51,12,15,89,74,71,111,104,72,45,67"/><W103/><G120/><T3/><D118/><U37/><E37/><V128/><F123/><W100/><G15/><T7/><D114/><U21/><E131/><V93/><F128/><W63/><G111/><T1/><D54/><U59/><E132/><V39/><F39/><W55/><G89/><T19/><D102/><U105/><E105/><V73/><F79/><W130/><G130/><T56/><D56/><U110/><E110/><V13/><F13/><W101/><REACH who="3" step="1"/><G104/><REACH who="3" ten="436,320,44,190" step="2"/><T8/><D90/><U33/><E121/><V119/><F119/><W107/><G107/><T27/><D3/><U70/><E91/><V5/><F10/><AGARI ba="0,1" hai="10,12,18,45,51,55,63,67,71,72,74,100,101,103" machi="10" ten="40,3900,0" yaku="1,1,53,1" doraHai="95" doraHaiUra="11" who="3" fromWho="2" sc="436,0,320,0,44,-39,190,49" /><INIT seed="3,1,0,0,2,48" ten="436,320,5,239" oya="3" hai0="34,25,13,119,110,122,57,16,53,62,9,75,8" hai1="87,33,114,94,76,70,101,129,39,120,26,15,91" hai2="29,66,97,40,23,72,5,30,7,11,131,46,27" hai3="106,125,61,32,111,86,77,80,4,113,2,58,45"/><W116/><G116/><T95/><D110/><U31/><E114/><V55/><F72/><W132/><G113/><T35/><D122/><U19/><E129/><V124/><F131/><W85/><G32/><T78/><D119/><U51/><E39/><V134/><F124/><W17/><G125/><T109/><D109/><U128/><E70/><V49/><F134/><W1/><G111/><T64/><D75/><U105/><E120/><V126/><F126/><W102/><G132/><T104/><D104/><U79/><E128/><V42/><F30/><W63/><G63/><T108/><D78/><U98/><E51/><V24/><F24/><W43/><G17/><T123/><D123/><U117/><E117/><V37/><F66/><W127/><G127/><T130/><D130/><U28/><E31/><V65/><F65/><W59/><G59/><T100/><D25/><U47/><E47/><V68/><F68/><W36/><G4/><N who="2" m="1609" /><F37/><W115/><G115/><T92/><D8/><AGARI ba="1,0" hai="8,15,19,26,28,33,76,79,87,91,94,98,101,105" machi="8" ten="30,1000,0" yaku="7,1" doraHai="48" who="1" fromWho="0" sc="436,-13,320,13,5,0,239,0" /><INIT seed="4,0,0,4,5,104" ten="423,333,5,239" oya="0" hai0="39,76,5,58,101,27,100,20,19,32,113,123,93" hai1="59,62,70,84,57,126,117,0,55,60,47,1,129" hai2="46,16,108,124,106,34,75,40,82,128,31,125,79" hai3="110,41,114,35,50,134,66,48,28,122,86,116,17"/><T2/><D113/><U6/><E117/><V135/><F108/><W4/><G116/><T26/><D123/><U51/><E129/><V99/><F128/><W94/><G122/><T83/><D39/><U63/><E126/><N who="2" m="48747" /><F135/><W102/><G110/><T67/><D2/><U103/><E70/><V89/><F34/><W53/><G66/><T11/><D93/><U109/><E109/><V52/><F31/><W10/><G17/><T73/><D58/><U115/><E103/><N who="2" m="62847" /><F89/><W74/><G74/><T18/><D67/><U68/><E68/><V91/><F91/><W80/><G134/><T133/><D133/><U30/><E30/><V72/><F52/><W95/><G102/><T22/><D32/><U132/><E132/><V33/><F33/><W9/><G28/><T112/><D112/><U44/><E55/><V78/><F16/><W65/><G65/><T77/><D77/><N who="2" m="29194" /><F82/><W131/><G131/><T107/><D107/><U43/><E59/><V13/><F13/><W118/><G35/><T111/><D111/><U29/><E57/><V61/><F61/><W98/><G53/><T81/><D81/><U42/><E29/><V120/><F120/><W8/><G80/><T119/><D119/><U38/><E115/><V90/><F90/><W105/><G114/><T24/><D24/><U14/><E84/><V69/><F69/><W7/><G118/><T49/><D101/><U25/><E25/><V88/><F88/><W21/><G86/><T64/><D64/><U71/><E71/><V37/><AGARI ba="0,0" hai="37,40,46,72,75" m="29194,62847,48747" machi="37" ten="30,4000,0" yaku="18,1,52,2" doraHai="104" who="2" fromWho="2" sc="423,-20,333,-10,5,40,239,-10" /><INIT seed="5,0,0,2,5,3" ten="403,323,45,229" oya="1" hai0="76,117,100,99,95,9,52,63,34,86,104,114,106" hai1="131,29,92,110,69,73,74,39,111,49,79,44,68" hai2="40,60,4,124,116,65,113,25,72,12,115,64,59" hai3="126,20,38,122,50,17,15,16,19,127,57,102,54"/><U129/><E29/><V132/><F116/><W103/><G38/><T108/><D108/><N who="1" m="41515" /><E39/><V46/><F72/><N who="1" m="27753" /><E92/><V135/><F25/><W107/><G122/><T84/><D114/><N who="2" m="43530" /><F12/><W109/><G109/><T66/><D117/><U62/><E79/><V88/><F88/><W89/><G89/><T91/><D34/><U11/><E11/><V133/><F4/><W71/><G71/><N who="1" m="27210" /><E62/><V18/><F18/><N who="3" m="7275" /><G107/><T81/><D9/><U98/><E98/><V123/><F123/><W45/><G45/><T48/><D106/><U87/><E87/><V23/><F23/><W6/><G103/><T53/><D48/><U119/><E119/><V31/><F31/><W105/><G102/><T13/><D13/><U130/><E49/><N who="2" m="26823" /><F124/><N who="3" m="47659" /><G105/><T10/><D10/><U118/><E118/><V121/><F121/><W37/><G37/><T120/><D120/><U51/><E51/><V82/><F82/><W28/><G28/><T128/><D104/><U90/><E90/><V2/><F2/><W101/><G101/><T14/><D100/><U7/><E44/><V56/><F56/><W22/><G22/><T27/><D81/><U30/><E30/><V75/><F75/><W24/><G24/><T41/><D91/><U0/><E0/><V43/><F43/><W77/><G77/><T47/><D27/><U70/><E70/><V55/><AGARI ba="0,0" hai="55,59,60,64,65,132,133,135" m="26823,43530" machi="55" ten="40,8000,1" yaku="20,1,15,1,11,1,34,2" doraHai="3" who="2" fromWho="2" sc="403,-20,323,-40,45,80,229,-20" /><INIT seed="6,0,0,4,1,90" ten="383,283,125,209" oya="2" hai0="14,49,64,81,58,42,82,31,1,41,88,11,39" hai1="40,72,7,38,125,67,109,126,99,44,83,23,114" hai2="106,24,75,76,103,22,34,45,118,122,61,57,30" hai3="55,134,78,46,8,100,101,110,128,10,54,59,79"/><V91/><F122/><W86/><G110/><T47/><D1/><U50/><E114/><V9/><F118/><W25/><G128/><T95/><D31/><U85/><E72/><V70/><F75/><W102/><G134/><T12/><D42/><U113/><E113/><V26/><F76/><N who="3" m="29227" /><G25/><T66/><D14/><U21/><E109/><V123/><F123/><W105/><G105/><T93/><D93/><U62/><E7/><V19/><F45/><W48/><G86/><T124/><D124/><N who="1" m="47723" /><E99/><V29/><F70/><W132/><G132/><T36/><D36/><U135/><E38/><V130/><F130/><W117/><G117/><T63/><D66/><U28/><E28/><V80/><F106/><W6/><G6/><N who="0" m="3191" /><D39/><U116/><E135/><V131/><F103/><N who="3" m="26371" /><W107/><DORA hai="18" /><G107/><T51/><D51/><AGARI ba="0,0" hai="8,10,46,48,51,54,55,59" m="26371,29227" machi="51" ten="40,1300,0" yaku="8,1" doraHai="90,18" who="3" fromWho="0" sc="383,-13,283,0,125,0,209,13" /><INIT seed="7,0,0,1,1,117" ten="370,283,125,222" oya="3" hai0="128,53,16,34,83,24,133,121,114,73,125,132,74" hai1="49,45,127,2,70,100,35,94,86,135,116,101,109" hai2="105,52,87,82,122,130,129,110,3,102,80,89,63" hai3="96,33,43,55,61,115,108,79,11,91,41,81,123"/><W14/><G33/><T77/><D121/><U31/><E70/><V27/><F3/><W85/><G123/><T104/><D114/><U88/><E109/><V36/><F36/><W26/><G115/><T78/><D125/><U5/><E127/><V22/><F110/><W60/><G26/><T9/><D128/><U65/><E65/><V6/><F6/><W32/><G32/><T119/><D104/><U131/><E131/><N who="2" m="50187" /><F102/><W42/><G108/><T68/><D119/><U30/><E135/><N who="0" m="51785" /><D68/><U56/><E56/><N who="2" m="35207" /><F105/><W28/><G28/><N who="0" m="19719" /><D53/><U126/><E126/><V76/><F76/><N who="0" m="29290" /><D83/><U48/><E2/><V37/><F80/><W44/><G79/><T113/><D113/><U71/><E100/><V90/><F90/><W75/><G75/><T99/><D99/><U72/><E5/><V10/><F10/><W97/><G97/><T38/><D38/><U17/><E101/><V50/><F50/><N who="3" m="29127" /><G96/><T4/><D4/><AGARI ba="0,0" hai="4,11,14,41,42,43,60,61,81,85,91" m="29127" machi="4" ten="30,1500,0" yaku="8,1" doraHai="117" who="3" fromWho="0" sc="370,-15,283,0,125,0,222,15" /><INIT seed="7,1,0,2,3,119" ten="355,283,125,237" oya="3" hai0="23,33,104,55,48,49,111,100,26,46,35,106,129" hai1="98,108,71,12,31,17,113,47,54,27,112,99,88" hai2="56,32,110,122,52,18,94,28,42,51,93,86,116" hai3="3,44,14,120,121,102,84,130,117,107,92,101,5"/><W63/><G3/><T123/><D123/><U50/><E71/><V77/><F116/><W59/><G107/><T9/><D111/><U57/><E108/><V53/><F110/><W40/><G117/><T64/><D129/><U65/><E65/><V76/><F32/><W10/><G130/><T8/><D64/><U24/><E24/><V78/><F28/><W22/><G22/><T15/><D9/><U45/><E112/><V83/><F42/><W79/><G102/><T85/><D85/><U30/><E30/><V81/><F122/><W131/><G131/><T114/><D106/><U105/><E105/><V103/><F18/><W70/><G70/><T80/><D80/><U39/><E39/><V37/><F37/><W43/><G43/><T87/><D87/><U109/><E113/><V4/><F4/><W135/><G135/><T118/><D118/><U89/><E99/><V125/><F125/><W132/><G132/><T20/><D20/><N who="1" m="15847" /><E109/><V7/><F7/><W91/><G101/><T67/><D67/><U0/><E0/><V82/><F103/><W1/><G79/><T6/><D100/><U61/><E98/><V95/><F86/><W19/><G5/><T74/><D74/><U97/><E97/><V62/><F62/><W126/><G1/><T68/><D68/><U66/><E47/><V90/><F90/><W21/><G10/><AGARI ba="1,0" hai="10,12,17,45,50,54,57,61,66,88,89" m="15847" machi="10" ten="30,2000,0" yaku="8,1,54,1" doraHai="119" who="1" fromWho="3" sc="355,0,283,23,125,0,237,-23" owari="355,45.5,306,10.6,125,-37.5,214,-18.6" /></mjloggm>