<mjloggm ver="2.3"><GO type="169" lobby="0"/><UN n0="%4F%4D%41%4E%54%41" n1="%E5%8F%97%E3%81%91%E5%85%A5%E3%82%8C%E9%87%8D%E8%A6%96" n2="%E8%A6%9A%E9%86%92%E3%81%97%E3%81%9F%E3%81%A8%E3%81%BE%E3%81%A8" n3="%70%6F%6E%2D%65%6E" dan="17,16,16,16" rate="2188.77,2155.54,2122.02,2132.29" sx="M,M,M,F"/><TAIKYOKU oya="0"/><INIT seed="0,0,0,2,1,81" ten="250,250,250,250" oya="0" hai0="7,88,61,52,132,34,74,18,92,42,104,12,30" hai1="40,26,99,6,22,126,134,131,32,2,24,71,3" hai2="122,112,117,47,68,29,106,41,86,87,89,66,49" hai3="16,51,50,96,20,46,55,77,70,82,123,83,72"/><T44/><D104/><U100/><E126/><V1/><F112/><W102/><G123/><T45/><D74/><U36/><E131/><V10/><F122/><W85/><G70/><T95/><D132/><U128/><E128/><V135/><F135/><W73/><G51/><T14/><D34/><U91/><E134/><V59/><F106/><W79/><G83/><T93/><D30/><U67/><E32/><V11/><F1/><W127/><G79/><T129/><D129/><U27/><E22/><V21/><F68/><W105/><REACH who="3" step="1"/><G127/><REACH who="3" ten="250,250,250,240" step="2"/><T78/><D78/><U48/><E48/><N who="2" m="26735" /><F117/><W23/><G23/><N who="0" m="11719" /><D42/><U63/><E40/><V121/><F121/><W84/><G84/><N who="2" m="32297" /><F89/><W9/><G9/><N who="0" m="4415" /><D88/><U120/><E91/><V94/><F94/><W4/><G4/><T54/><D61/><U13/><E120/><V75/><F75/><W103/><G103/><T35/><D35/><U37/><E37/><V43/><F43/><W38/><G38/><T25/><D44/><U39/><E39/><V124/><F124/><W53/><BYE who="2" /><G53/><N who="0" m="20587" /><D45/><U8/><REACH who="1" step="1"/><E36/><REACH who="1" ten="250,240,250,240" step="2"/><V5/><F5/><W62/><G62/><T130/><D130/><U90/><E90/><V76/><F76/><W101/><G101/><T133/><D133/><U65/><E65/><V64/><F64/><W108/><G108/><T17/><D93/><AGARI ba="0,2" hai="2,3,6,8,13,24,26,27,63,67,71,93,99,100" machi="93" ten="40,1300,0" yaku="1,1,53,0" doraHai="81" doraHaiUra="28" who="1" fromWho="0" sc="250,-13,240,33,250,0,240,0" /><INIT seed="1,0,0,1,5,72" ten="237,273,250,240" oya="1" hai0="34,30,80,9,51,48,124,121,109,49,75,45,57" hai1="66,132,35,6,23,39,73,12,18,92,54,11,116" hai2="2,89,118,22,38,130,32,95,64,46,10,99,103" hai3="16,58,112,128,44,20,68,28,83,70,24,88,60"/><U113/><E113/><UN n2="%E8%A6%9A%E9%86%92%E3%81%97%E3%81%9F%E3%81%A8%E3%81%BE%E3%81%A8" /><V84/><F118/><W69/><G112/><T104/><D104/><U111/><E116/><V42/><F130/><W94/><G128/><T4/><D109/><U36/><E35/><V135/><F135/><W61/><G44/><T62/><D124/><U133/><E111/><V3/><F32/><W134/><G83/><T33/><D121/><U77/><E66/><V55/><F64/><W63/><G134/><N who="1" m="51818" /><E92/><V5/><F22/><W120/><G120/><T127/><D30/><U86/><E73/><V110/><F110/><W125/><G125/><T131/><D131/><U98/><E98/><V37/><F55/><W59/><REACH who="3" step="1"/><G28/><REACH who="3" ten="237,273,250,230" step="2"/><T123/><D127/><U102/><E36/><V41/><F38/><W85/><AGARI ba="0,1" hai="16,20,24,58,59,60,61,63,68,69,70,85,88,94" machi="85" ten="40,8000,1" yaku="1,1,2,1,0,1,54,2,53,0" doraHai="72" doraHaiUra="101" who="3" fromWho="3" sc="237,-20,273,-40,250,-20,230,90" /><INIT seed="2,0,0,5,2,23" ten="217,233,230,320" oya="2" hai0="129,14,65,34,133,8,18,104,114,77,75,91,69" hai1="117,92,49,50,28,120,29,105,95,99,19,12,10" hai2="56,122,66,121,79,16,131,97,71,42,21,26,118" hai3="64,115,93,127,61,76,63,36,5,4,33,85,130"/><V58/><F118/><W59/><G33/><T38/><D114/><U31/><E117/><V1/><F131/><W100/><G36/><T89/><D38/><U53/><E120/><V30/><F1/><W6/><G127/><T17/><D104/><U87/><E105/><V84/><F42/><W46/><G115/><T83/><D133/><U135/><E135/><V96/><F122/><W70/><G46/><T39/><D39/><U132/><E132/><V82/><F121/><W3/><G130/><T9/><D129/><U51/><E87/><V111/><F111/><W126/><G126/><T101/><D101/><U74/><E74/><V107/><F107/><W45/><G45/><T52/><D34/><U20/><E53/><V15/><F71/><W78/><G3/><T7/><D52/><U25/><REACH who="1" step="1"/><E99/><REACH who="1" ten="217,223,230,320" step="2"/><N who="2" m="37963" /><F66/><W86/><G86/><T62/><REACH who="0" step="1"/><D9/><AGARI ba="0,1" hai="9,15,16,21,26,30,56,58,79,82,84" m="37963" machi="9" ten="30,5800,0" yaku="8,1,52,1,54,1" doraHai="23" who="2" fromWho="0" sc="217,-58,223,0,230,68,320,0" /><INIT seed="2,1,0,1,1,74" ten="159,223,298,320" oya="2" hai0="97,71,55,123,5,3,124,6,98,80,134,36,25" hai1="50,118,47,131,56,14,32,23,125,95,110,117,16" hai2="91,4,99,60,89,29,35,106,78,77,8,94,38" hai3="37,39,130,87,112,128,45,111,33,103,21,135,84"/><V96/><F38/><W44/><G33/><T0/><D71/><U10/><E32/><V11/><F60/><W101/><G21/><T66/><D66/><U73/><E110/><V28/><F35/><W93/><G93/><T92/><D36/><U100/><E73/><V76/><F106/><W52/><G111/><T121/><D92/><U49/><E125/><V129/><F129/><W120/><G135/><T19/><D80/><U79/><E131/><V69/><F69/><W102/><G102/><T107/><D107/><U24/><E79/><V61/><F61/><W54/><REACH who="3" step="1"/><G112/><REACH who="3" ten="159,223,298,310" step="2"/><T26/><D134/><U20/><E20/><V104/><F104/><W15/><G15/><T58/><D25/><U86/><E100/><V126/><F126/><W109/><G109/><T116/><D26/><U41/><E95/><N who="2" m="56431" /><F8/><W43/><G43/><T64/><D124/><U132/><E132/><V51/><F51/><W9/><G9/><T1/><D1/><U68/><E50/><V12/><AGARI ba="1,1" hai="4,11,12,28,29,76,77,78,91,94,99" m="56431" machi="12" ten="30,11700,0" yaku="8,1,52,3" doraHai="74" who="2" fromWho="2" sc="159,-40,223,-40,298,130,310,-40" /><INIT seed="2,2,0,3,4,77" ten="119,183,428,270" oya="2" hai0="125,38,76,28,52,13,117,56,39,97,15,35,115" hai1="6,17,84,126,31,60,40,94,26,65,124,9,67" hai2="48,66,134,11,16,63,79,113,29,123,106,49,82" hai3="81,0,88,104,132,95,41,18,118,108,92,2,69"/><V78/><F113/><W91/><G104/><T54/><D115/><U62/><E17/><V30/><F106/><W101/><G101/><T130/><D130/><U47/><E65/><V96/><F123/><W23/><G69/><T80/><D125/><N who="1" m="48235" /><E67/><V51/><F134/><W87/><G118/><T43/><D117/><U1/><E94/><V90/><F78/><W61/><G108/><T20/><D97/><U8/><E9/><V98/><F98/><W114/><G132/><T32/><D20/><N who="1" m="15815" /><E84/><N who="2" m="48223" /><F63/><W70/><G41/><T37/><D43/><U107/><E107/><V42/><F66/><W22/><G61/><T27/><D35/><U121/><E121/><V129/><F129/><W14/><G70/><T119/><D54/><U25/><E25/><V64/><F64/><W110/><G110/><T99/><D99/><U34/><E34/><V100/><F100/><W83/><G114/><T57/><D119/><U7/><E7/><V21/><F11/><N who="3" m="6495" /><G0/><T116/><D116/><U10/><E10/><V120/><F42/><W89/><G2/><T102/><D102/><U5/><E5/><V55/><F55/><W50/><G50/><AGARI ba="2,0" hai="1,6,8,40,47,50,60,62" m="15815,48235" machi="50" ten="30,1000,0" yaku="18,1" doraHai="77" who="1" fromWho="3" sc="119,0,183,16,428,0,270,-16" /><INIT seed="3,0,0,2,0,99" ten="119,199,428,254" oya="3" hai0="2,102,67,54,76,29,87,21,89,17,24,132,26" hai1="108,64,105,114,72,42,30,123,11,81,111,80,84" hai2="50,106,49,65,27,128,98,15,104,83,35,129,94" hai3="120,86,43,34,116,52,4,119,122,8,74,125,60"/><W115/><G74/><T44/><D132/><U82/><E114/><V96/><F65/><W39/><G34/><T133/><D133/><U48/><E123/><V90/><F15/><W22/><G115/><T134/><D134/><U110/><E72/><V63/><F63/><W13/><G125/><T126/><D2/><U10/><E105/><N who="2" m="40555" /><F96/><W40/><G86/><T36/><D126/><U23/><E64/><V3/><F3/><W59/><G22/><T45/><D76/><U127/><E127/><V109/><F83/><W95/><G95/><T75/><D75/><U33/><E33/><V68/><F68/><W103/><G103/><T1/><D1/><U31/><E84/><V92/><F92/><W37/><G40/><T71/><D102/><U14/><E23/><V7/><F7/><W51/><G51/><T19/><D67/><U12/><E48/><V0/><F0/><W91/><G91/><T113/><D71/><U41/><E41/><V107/><F107/><W97/><G97/><T78/><D78/><U25/><E42/><V117/><F117/><W55/><G55/><T38/><D113/><U131/><E131/><N who="2" m="50251" /><F109/><W73/><G73/><T135/><D135/><U61/><E61/><V62/><F62/><W57/><G43/><N who="0" m="22631" /><D54/><U88/><E108/><V6/><F6/><W85/><G39/><T101/><D101/><U77/><E111/><V9/><F9/><W5/><G37/><T66/><D66/><U28/><E110/><V124/><F124/><W20/><G119/><T58/><D38/><U47/><E77/><V93/><F94/><W130/><G130/><RYUUKYOKU ba="0,0" sc="119,-10,199,-10,428,30,254,-10" hai2="27,35,49,50,90,93,98" /><INIT seed="4,1,0,5,5,89" ten="109,189,458,244" oya="0" hai0="10,90,134,43,16,118,55,81,104,66,9,39,28" hai1="62,116,42,105,40,52,133,72,98,51,83,124,33" hai2="34,59,32,79,88,20,30,85,82,57,27,21,19" hai3="117,8,54,68,97,71,17,111,87,103,74,76,122"/><T53/><D118/><U92/><E105/><V36/><F36/><W22/><G111/><T15/><D104/><U80/><E116/><V12/><F34/><W113/><G117/><T41/><D134/><U47/><E133/><V94/><REACH who="2" step="1"/><F32/><REACH who="2" ten="109,189,448,244" step="2"/><W58/><G122/><T50/><D39/><U115/><E33/><V11/><F11/><W48/><G8/><T13/><D28/><U125/><E125/><V64/><F64/><W70/><G113/><T46/><D66/><U75/><E124/><V23/><F23/><W121/><G22/><T6/><D55/><U127/><E115/><V38/><F38/><W2/><G54/><T112/><D112/><U93/><E127/><V65/><F65/><W120/><G120/><T60/><D60/><U31/><E62/><V5/><F5/><W84/><G121/><T69/><D69/><U49/><E52/><V56/><F56/><W109/><G58/><T100/><D100/><U135/><E135/><V4/><F4/><W73/><G70/><T130/><D130/><U91/><E51/><V86/><AGARI ba="1,1" hai="12,19,20,21,27,30,57,59,79,82,85,86,88,94" machi="86" ten="20,12000,2" yaku="1,1,0,1,7,1,8,1,52,1,54,1,53,1" doraHai="89" doraHaiUra="24" who="2" fromWho="2" sc="109,-61,189,-31,448,133,244,-31" /><INIT seed="5,0,0,0,2,97" ten="48,158,581,213" oya="1" hai0="45,112,5,92,26,135,120,128,68,20,9,55,125" hai1="50,71,131,16,36,34,76,89,119,28,118,94,19" hai2="111,82,31,0,49,48,46,80,87,43,88,67,81" hai3="4,51,65,42,72,14,53,85,86,124,110,39,24"/><U74/><E36/><V90/><F111/><W12/><G72/><T63/><D112/><U52/><E71/><V54/><F0/><W84/><G124/><T32/><D125/><U23/><E131/><V100/><F100/><W117/><G110/><T60/><D128/><U95/><E94/><N who="2" m="54559" /><F31/><W127/><G4/><T104/><D104/><U30/><E34/><V6/><F6/><W13/><G24/><T69/><D135/><U15/><E119/><V108/><F108/><W121/><G65/><T122/><D32/><U75/><E118/><V37/><F37/><W98/><G42/><T115/><D115/><U114/><E114/><V29/><F29/><W18/><G18/><T47/><D92/><U33/><E33/><V27/><F27/><W123/><G98/><T93/><D93/><U40/><E40/><V1/><F1/><W130/><G39/><T96/><D96/><U62/><E62/><V59/><F67/><W70/><G70/><T21/><D26/><U17/><E28/><V22/><F22/><W126/><G117/><T109/><D109/><U73/><E76/><V134/><F134/><W8/><G130/><T7/><REACH who="0" step="1"/><D9/><REACH who="0" ten="38,158,581,213" step="2"/><U132/><E132/><V116/><F116/><W78/><G8/><T79/><D79/><U35/><E35/><V133/><F133/><W3/><G78/><T83/><D83/><U44/><REACH who="1" step="1"/><E30/><REACH who="1" ten="38,148,581,213" step="2"/><V58/><F90/><W99/><G126/><T61/><D61/><U77/><E77/><V2/><F82/><W101/><G127/><T41/><D41/><U66/><E66/><V64/><F81/><W102/><G99/><AGARI ba="0,2" hai="15,16,17,19,23,44,50,52,73,74,75,89,95,99" machi="99" ten="40,18000,2" yaku="1,1,6,1,54,2,53,3" doraHai="97" doraHaiUra="105" who="1" fromWho="3" sc="38,0,148,200,581,0,213,-180" /><INIT seed="5,1,0,5,4,92" ten="38,348,581,33" oya="1" hai0="97,39,9,101,56,58,18,69,68,120,64,35,17" hai1="122,130,70,61,10,90,129,121,108,6,77,116,102" hai2="40,29,131,107,46,25,99,59,113,26,28,45,83" hai3="93,79,57,65,115,124,110,52,36,91,134,13,106"/><U128/><E116/><V43/><F131/><W73/><G106/><T119/><D119/><U95/><E102/><V96/><F107/><W84/><G110/><T31/><D39/><U127/><E77/><V114/><F59/><W100/><G36/><T16/><D120/><U123/><E108/><V1/><F83/><W8/><G115/><T22/><D9/><U15/><E127/><V67/><F67/><W5/><G134/><T63/><D68/><U21/><E21/><V87/><F87/><W85/><G124/><T132/><D22/><U133/><E133/><V4/><F4/><W44/><G73/><T49/><D49/><U109/><E109/><V32/><F1/><W66/><G100/><T135/><D135/><U112/><E112/><V19/><F19/><W55/><G44/><T89/><D89/><U47/><E47/><V88/><F88/><N who="3" m="53383" /><G79/><T126/><D126/><U72/><E72/><V7/><F7/><W105/><G105/><N who="0" m="63663" /><D132/><U0/><E0/><V80/><F80/><N who="3" m="49575" /><G55/><T50/><D50/><AGARI ba="1,0" hai="5,8,13,50,52,57,65,66" m="49575,53383" machi="50" ten="30,3900,0" yaku="8,1,54,2" doraHai="92" who="3" fromWho="0" sc="38,-42,348,0,581,0,33,42" owari="-4,-50.4,348,14.8,581,68.1,75,-32.5" /></mjloggm>