<mjloggm ver="2.3"><GO type="169" lobby="0"/><UN n0="%72%65%62%65%65%72" n1="%45%72%77%69%6E%52%64" n2="%E6%B2%B3%E7%AB%A5%E3%81%AE%E3%83%AF%E3%82%AB%E3%83%9E%E3%83%84" n3="%E3%83%9B%E3%83%B3%E3%82%A4%E3%83%84%E8%B5%A4%EF%BC%93" dan="16,16,17,16" rate="2163.33,2145.89,2199.71,2115.85" sx="M,M,M,M"/><TAIKYOKU oya="0"/><INIT seed="0,0,0,2,4,109" ten="250,250,250,250" oya="0" hai0="111,78,63,80,79,34,101,134,130,23,54,104,59" hai1="70,60,112,31,110,74,2,8,10,92,27,12,128" hai2="11,126,68,22,119,61,106,15,37,69,28,67,88" hai3="55,29,72,81,62,26,76,33,129,58,6,24,42"/><T86/><D130/><U1/><E74/><V45/><F106/><W133/><G129/><T75/><D34/><U20/><E128/><V16/><F126/><W3/><G133/><T82/><D134/><U131/><E131/><V30/><F119/><W36/><G26/><T114/><D111/><U84/><E110/><V122/><F122/><W46/><G6/><T47/><D104/><U124/><E8/><V100/><F100/><W17/><G17/><T125/><D101/><U123/><E123/><V65/><F88/><W51/><REACH who="3" step="1"/><G3/><REACH who="3" ten="250,250,250,240" step="2"/><T71/><D125/><U99/><E1/><V57/><F30/><W113/><G113/><T44/><D114/><U135/><E2/><V98/><F28/><W132/><G132/><T7/><D7/><U108/><E108/><V39/><F16/><W0/><G0/><T50/><D23/><U120/><E112/><V90/><F22/><W87/><G87/><T52/><REACH who="0" step="1"/><D71/><REACH who="0" ten="240,250,250,240" step="2"/><U83/><E124/><V18/><F69/><W14/><G14/><T5/><D5/><U94/><E135/><V103/><F68/><W116/><G116/><T105/><D105/><U95/><E70/><V49/><F15/><W91/><G91/><T43/><D43/><U117/><E117/><V64/><F90/><W4/><G4/><T93/><D93/><U85/><E12/><V89/><F89/><W19/><G19/><T56/><AGARI ba="0,2" hai="44,47,50,52,54,56,59,63,75,78,79,80,82,86" machi="56" ten="20,12000,1" yaku="1,1,0,1,7,1,54,1,53,1" doraHai="109" doraHaiUra="107" who="0" fromWho="0" sc="240,140,250,-40,250,-40,240,-40" /><INIT seed="0,1,0,0,3,9" ten="380,210,210,200" oya="0" hai0="89,13,87,63,82,25,73,96,98,22,133,36,29" hai1="91,15,37,57,129,67,135,49,76,81,70,78,116" hai2="75,24,1,131,104,47,114,56,115,72,32,60,5" hai3="68,107,6,125,110,111,48,102,121,118,12,41,10"/><T8/><D133/><U86/><E116/><V54/><F104/><W77/><G118/><T38/><D73/><U103/><E37/><V88/><F131/><W124/><G68/><T52/><D38/><U126/><E135/><V100/><F100/><W119/><G119/><T134/><D36/><U101/><E129/><V64/><F72/><W55/><G41/><T59/><D134/><U90/><E126/><N who="3" m="48746" /><G121/><T44/><D44/><U27/><E70/><V19/><F75/><W43/><G43/><T97/><D98/><U83/><E27/><V69/><F47/><N who="3" m="28063" /><G77/><T33/><D33/><U128/><E128/><V35/><F35/><W45/><G45/><T117/><D117/><U94/><E76/><V17/><F64/><W26/><G26/><T31/><D31/><U20/><E78/><V113/><F69/><W92/><G107/><T120/><D120/><U7/><E81/><V16/><F32/><W105/><G105/><T4/><AGARI ba="1,0" hai="4,8,13,22,25,29,52,59,63,82,87,89,96,97" machi="4" ten="20,12000,1" yaku="0,1,7,1,8,1,52,1,54,1" doraHai="9" who="0" fromWho="0" sc="380,123,210,-41,210,-41,200,-41" /><INIT seed="0,2,0,3,1,5" ten="503,169,169,159" oya="0" hai0="67,102,123,119,87,10,121,48,34,127,89,22,23" hai1="129,124,88,3,120,85,33,90,76,122,62,126,77" hai2="28,84,38,105,13,100,107,11,75,53,0,43,36" hai3="57,42,93,59,40,66,117,113,45,128,24,6,44"/><T46/><D34/><U98/><E33/><V80/><F0/><W101/><G117/><T31/><D119/><U65/><E3/><V16/><F75/><W51/><G113/><T97/><D67/><U83/><E62/><V30/><F53/><W130/><G24/><T94/><D127/><N who="1" m="48683" /><E65/><V104/><F100/><W110/><G6/><T96/><D96/><U41/><E41/><V114/><F114/><W37/><G93/><T115/><D115/><U21/><E21/><V72/><F72/><W78/><G78/><N who="1" m="30314" /><E129/><N who="3" m="49770" /><G101/><T58/><D58/><N who="3" m="22025" /><G66/><T27/><D23/><U49/><E49/><V14/><F14/><W132/><G132/><T125/><D10/><U29/><E29/><V25/><F25/><W108/><AGARI ba="2,0" hai="37,40,42,44,45,51,108,110" m="22025,49770" machi="108" ten="40,5200,0" yaku="19,1,34,2" doraHai="5" who="3" fromWho="3" sc="503,-28,169,-15,169,-15,159,58" /><INIT seed="1,0,0,2,1,126" ten="475,154,154,217" oya="1" hai0="109,0,83,5,68,51,54,130,106,98,36,1,135" hai1="119,3,31,64,128,81,91,110,11,19,75,17,48" hai2="122,22,60,39,32,117,71,44,57,78,93,82,86" hai3="41,74,9,53,26,46,123,4,30,105,90,79,114"/><U111/><E119/><V49/><F122/><W73/><G105/><T124/><D83/><U50/><E64/><V23/><F32/><W94/><G123/><T89/><D89/><U103/><E31/><V101/><F39/><W121/><G121/><T16/><D98/><U70/><E70/><V80/><F71/><W62/><G79/><T63/><D5/><U129/><E103/><V56/><F117/><W66/><G53/><T2/><D36/><U132/><E132/><V37/><F37/><W112/><G74/><T104/><D124/><U45/><E50/><V96/><F82/><W61/><G73/><T77/><D77/><N who="1" m="44223" /><E91/><V76/><F76/><W47/><G112/><T42/><D68/><U24/><E24/><V43/><REACH who="2" step="1"/><F56/><REACH who="2" ten="475,154,144,217" step="2"/><W108/><G114/><T18/><D135/><U29/><E29/><V107/><F107/><W69/><G30/><T84/><D106/><U85/><E85/><V65/><AGARI ba="0,1" hai="22,23,43,44,49,57,60,65,78,80,86,93,96,101" machi="65" ten="20,8000,1" yaku="1,1,0,1,7,1,8,1,53,1" doraHai="126" doraHaiUra="88" who="2" fromWho="2" sc="475,-20,154,-40,144,90,217,-20" /><INIT seed="2,0,0,1,3,45" ten="455,114,234,197" oya="2" hai0="65,85,58,48,79,3,104,8,92,133,59,35,131" hai1="112,20,32,91,84,47,119,39,88,28,41,61,14" hai2="31,132,129,64,93,11,73,49,37,105,16,81,5" hai3="23,2,66,70,75,86,62,122,121,26,116,6,126"/><V34/><F105/><W127/><G75/><T83/><D35/><U53/><E112/><V80/><F37/><W72/><G72/><T0/><D104/><U77/><E119/><V52/><F129/><W27/><G116/><T63/><D133/><U135/><E135/><V96/><F132/><W82/><G6/><T125/><D125/><N who="3" m="47625" /><G2/><T43/><D131/><U69/><E32/><V107/><F107/><W134/><G134/><T60/><D92/><U109/><E109/><V76/><F64/><W1/><G1/><T113/><D113/><U44/><E69/><V95/><F80/><W102/><G102/><T46/><REACH who="0" step="1"/><D8/><REACH who="0" ten="445,114,234,197" step="2"/><U101/><E101/><V71/><F95/><W51/><G121/><T38/><D38/><U97/><E39/><V10/><F93/><W111/><G122/><T123/><D123/><U36/><E97/><V110/><F96/><W114/><G114/><T99/><D99/><U50/><E36/><V89/><F11/><W29/><G111/><T118/><D118/><U33/><E33/><V98/><F110/><W42/><G82/><T130/><D130/><U19/><E28/><V13/><F31/><W54/><G29/><T30/><D30/><U94/><E94/><N who="2" m="56655" /><F34/><W12/><G23/><T24/><D24/><U15/><E20/><V9/><F9/><W67/><G27/><T120/><D120/><U17/><E17/><V7/><F71/><W90/><G70/><T117/><D117/><U55/><E19/><V25/><F25/><W22/><G26/><T115/><D115/><U87/><E14/><V40/><F13/><W68/><G12/><RYUUKYOKU ba="0,1" sc="445,30,114,-10,234,-10,197,-10" hai0="0,3,43,46,48,58,59,60,63,65,79,83,85" /><INIT seed="3,1,1,4,3,48" ten="475,104,224,187" oya="3" hai0="59,11,113,125,73,112,71,17,40,82,129,90,65" hai1="45,106,51,91,92,35,26,134,18,56,103,23,67" hai2="24,14,102,8,31,80,55,115,21,77,61,34,97" hai3="32,13,15,118,127,132,109,119,43,85,107,104,105"/><W74/><G43/><T29/><D29/><U64/><E134/><V122/><F115/><W16/><G132/><T86/><D129/><U94/><E35/><V25/><F122/><W135/><G32/><T87/><D125/><U83/><E106/><V68/><F14/><W47/><G74/><T130/><D130/><U69/><E69/><V27/><F8/><W108/><G135/><T6/><D71/><U72/><E72/><V3/><F3/><W110/><G127/><T96/><D17/><U131/><E131/><V114/><F21/><N who="3" m="11407" /><G47/><T124/><D40/><U54/><E83/><V76/><F114/><N who="0" m="44138" /><D124/><U42/><E103/><V20/><F68/><W33/><G33/><T57/><D65/><U79/><E79/><V46/><F34/><W7/><G85/><T84/><D73/><U41/><E94/><V62/><F20/><W12/><G7/><T19/><D19/><U52/><E41/><V38/><F31/><W50/><G50/><T88/><D86/><N who="1" m="52343" /><E42/><V66/><F38/><W53/><G53/><T75/><D75/><U128/><E128/><V49/><F66/><W70/><G70/><T5/><D5/><U36/><E36/><V22/><F22/><W2/><G2/><N who="0" m="471" /><D87/><U37/><E37/><V63/><REACH who="2" step="1"/><F80/><REACH who="2" ten="475,104,214,187" step="2"/><W121/><G121/><T4/><D4/><U10/><E10/><V100/><F100/><W116/><AGARI ba="1,2" hai="12,15,104,105,107,108,109,110,116,118,119" m="11407" machi="116" ten="50,12000,1" yaku="29,2,14,1,10,1,54,1" doraHai="48" who="3" fromWho="3" sc="475,-41,104,-41,214,-41,187,143" /><INIT seed="3,2,0,5,3,124" ten="434,63,173,330" oya="3" hai0="43,49,96,11,48,47,99,102,65,21,129,31,19" hai1="88,39,68,52,7,80,76,127,17,101,1,117,34" hai2="77,60,133,122,95,33,14,93,8,55,13,50,12" hai3="70,36,58,86,89,78,113,72,69,41,51,71,2"/><W62/><G2/><T119/><D129/><U111/><E68/><V90/><F33/><W42/><G113/><T114/><D119/><U97/><E34/><V107/><F107/><W45/><G78/><T91/><D114/><U103/><E39/><V66/><F133/><W105/><G105/><T6/><D31/><U57/><E127/><V9/><F122/><W54/><G72/><T98/><D65/><U81/><E111/><V27/><F77/><W15/><G15/><N who="0" m="5623" /><D49/><U46/><E46/><V84/><F27/><W110/><G42/><T25/><D91/><U16/><E7/><V61/><F93/><AGARI ba="2,0" hai="19,21,25,43,47,48,93,96,98,99,102" m="5623" machi="93" ten="30,1000,0" yaku="8,1" doraHai="124" who="0" fromWho="2" sc="434,16,63,0,173,-16,330,0" /><INIT seed="4,0,0,0,3,61" ten="450,63,157,330" oya="0" hai0="0,9,5,106,4,85,111,114,129,78,133,39,18" hai1="58,84,110,47,135,81,27,70,113,29,119,40,118" hai2="102,3,69,33,82,53,95,30,86,46,109,90,62" hai3="127,12,79,92,26,105,56,59,123,51,52,71,11"/><T125/><D106/><U31/><E110/><V94/><F109/><W75/><G105/><T48/><D39/><U35/><E70/><V17/><F3/><W88/><G71/><T67/><D5/><U130/><E130/><V93/><F33/><W65/><G123/><T103/><D103/><U23/><E135/><V10/><F30/><W96/><G75/><T108/><D129/><U128/><E128/><V64/><F102/><W124/><G79/><T14/><D133/><U126/><E126/><N who="3" m="48170" /><G26/><T41/><D125/><U43/><E40/><V115/><F115/><W83/><G83/><T21/><D114/><U38/><E113/><V24/><F24/><W101/><G101/><T20/><D20/><U100/><E29/><V63/><F63/><N who="3" m="38119" /><G12/><T28/><D28/><U132/><E35/><V54/><REACH who="2" step="1"/><F46/><REACH who="2" ten="450,63,147,330" step="2"/><W6/><G6/><T112/><D112/><U120/><E132/><V36/><F36/><W80/><G11/><T49/><D111/><U73/><E100/><V134/><F134/><W57/><G80/><N who="0" m="47255" /><D108/><U87/><E81/><V91/><F91/><W72/><G72/><T34/><D34/><U131/><E73/><V16/><F16/><W13/><G13/><AGARI ba="0,1" hai="10,13,17,53,54,62,64,69,82,86,90,93,94,95" machi="13" ten="40,2600,0" yaku="1,1,52,1,53,0" doraHai="61" doraHaiUra="55" who="2" fromWho="3" sc="450,0,63,0,147,36,330,-26" /><INIT seed="5,0,0,2,5,43" ten="450,63,183,304" oya="1" hai0="10,38,22,133,1,74,32,24,45,42,79,23,67" hai1="99,50,57,60,34,96,88,27,62,13,61,55,14" hai2="108,19,84,72,21,20,26,48,125,95,124,49,134" hai3="119,115,2,64,122,80,35,110,131,9,83,112,5"/><U76/><E76/><V111/><F72/><W78/><G122/><T85/><D67/><U17/><E34/><V129/><F129/><W75/><G110/><N who="2" m="42025" /><F134/><W81/><G119/><T117/><D117/><U0/><E0/><V77/><F21/><W100/><G131/><T11/><D85/><U3/><E3/><V66/><F66/><W29/><G100/><T113/><D113/><N who="3" m="43593" /><G64/><T54/><D133/><U132/><E132/><V120/><F120/><W87/><G29/><N who="0" m="19495" /><D11/><U47/><E57/><V6/><F6/><W18/><G35/><T127/><D54/><U28/><E28/><V69/><F69/><W15/><G75/><T65/><D65/><U56/><E56/><V97/><F84/><W121/><G121/><T68/><D127/><N who="2" m="48714" /><F77/><W40/><G40/><T101/><D101/><AGARI ba="0,0" hai="19,20,26,48,49,95,97,101" m="48714,42025" machi="101" ten="30,1000,0" yaku="18,1" doraHai="43" who="2" fromWho="0" sc="450,-10,63,0,183,10,304,0" /><INIT seed="6,0,0,3,1,77" ten="440,63,193,304" oya="2" hai0="131,2,14,46,74,52,89,11,63,85,24,99,132" hai1="28,88,30,129,80,7,65,127,87,1,12,81,120" hai2="83,59,20,16,79,78,107,101,106,113,68,114,118" hai3="133,25,94,84,23,104,116,9,55,48,19,38,110"/><V64/><F68/><W97/><G116/><T33/><D74/><U71/><E1/><V98/><F107/><W42/><G104/><T103/><D2/><U135/><E127/><V54/><F64/><W50/><G110/><T91/><D131/><U45/><E129/><V100/><F100/><W124/><G124/><T53/><D91/><U67/><E135/><V10/><F10/><W123/><G123/><T0/><D0/><U37/><E120/><V115/><F118/><W108/><G38/><T128/><D132/><U58/><E37/><V44/><F44/><N who="3" m="25623" /><G133/><T125/><D46/><U73/><E45/><V72/><F79/><W121/><G108/><T66/><D24/><U8/><E71/><V57/><REACH who="2" step="1"/><F54/><REACH who="2" ten="440,63,183,304" step="2"/><W102/><G121/><T13/><D53/><U130/><E130/><V36/><F36/><W35/><G9/><T82/><D52/><U60/><E73/><V119/><F119/><W41/><G41/><T126/><D126/><U3/><E65/><V62/><F62/><W105/><G105/><T5/><D128/><U134/><E134/><V27/><AGARI ba="0,1" hai="16,20,27,57,59,72,78,83,98,101,106,113,114,115" machi="27" ten="30,12000,1" yaku="1,1,0,1,15,1,52,1,54,1,53,0" doraHai="77" doraHaiUra="34" who="2" fromWho="2" sc="440,-40,63,-40,183,130,304,-40" /><INIT seed="6,1,0,3,0,51" ten="400,23,313,264" oya="2" hai0="19,30,10,20,124,56,76,7,74,60,128,85,77" hai1="96,41,32,14,107,34,8,21,130,87,72,52,114" hai2="115,81,2,73,70,0,53,11,59,89,26,90,22" hai3="48,127,37,122,102,58,46,61,83,98,5,109,9"/><V116/><F116/><W112/><G122/><T92/><D74/><U64/><E72/><V47/><F70/><W103/><G109/><T69/><D30/><U50/><E114/><V99/><F115/><W42/><G112/><T44/><D69/><U25/><E130/><V1/><F47/><W82/><G127/><T68/><D68/><U24/><E64/><V110/><F11/><W29/><G29/><T129/><D124/><U94/><E107/><V43/><F43/><W54/><G103/><T18/><D92/><U23/><E41/><V16/><F110/><W88/><G37/><T40/><D85/><U120/><E87/><V91/><F73/><W35/><G35/><T133/><D133/><U117/><E120/><V3/><N who="2" m="0" /><DORA hai="84" /><V101/><F81/><W123/><G123/><T38/><D19/><U113/><E117/><V80/><F80/><W105/><G9/><T134/><D134/><U39/><E39/><V31/><F31/><W121/><G5/><T36/><D36/><U78/><E78/><V67/><F67/><W135/><G135/><T108/><D7/><N who="1" m="3359" /><E32/><V126/><F126/><W100/><G121/><T17/><D17/><U63/><E63/><N who="2" m="36335" /><F101/><N who="3" m="39019" /><G105/><T62/><D10/><U79/><E79/><N who="0" m="30281" /><D108/><U125/><E113/><V27/><F99/><W57/><G57/><T15/><D56/><N who="1" m="32791" /><E125/><V12/><F16/><W71/><G71/><T95/><D62/><U93/><E34/><V119/><F119/><W132/><G132/><T28/><D60/><U106/><E106/><V66/><F66/><W49/><G61/><T104/><D104/><U118/><E118/><RYUUKYOKU ba="1,0" sc="400,-15,23,-15,313,15,264,15" hai2="12,22,26,27,89,90,91" hai3="42,46,48,49,54,58,82,83,88,98" /><INIT seed="6,2,0,0,5,32" ten="385,8,328,279" oya="2" hai0="85,42,108,24,113,66,15,46,34,56,133,96,115" hai1="104,121,59,91,107,45,25,84,120,131,12,80,79" hai2="118,78,62,41,110,43,11,90,14,27,129,75,33" hai3="98,30,68,109,40,52,58,20,73,89,124,1,38"/><V54/><F118/><W18/><G73/><T49/><D108/><U86/><E59/><V17/><F110/><W16/><G68/><T13/><D133/><U106/><E12/><V61/><F129/><W87/><G109/><T92/><D85/><U126/><E25/><V9/><F75/><W8/><G124/><T69/><D69/><U67/><E45/><V36/><F78/><W103/><G30/><T95/><D95/><U65/><E65/><V28/><F36/><W51/><G38/><T53/><D66/><U105/><N who="1" m="26624" /><DORA hai="64" /><U3/><E67/><V55/><F90/><W29/><G29/><T39/><D24/><U10/><E10/><V35/><F35/><W19/><G40/><N who="2" m="15433" /><F33/><W94/><G8/><T127/><D127/><U70/><E3/><V132/><F132/><W125/><G125/><T6/><D6/><U2/><E2/><V31/><F9/><W83/><REACH who="3" step="1"/><G1/><REACH who="3" ten="385,8,328,269" step="2"/><T63/><D39/><U114/><E70/><V37/><F37/><W0/><G0/><T117/><D34/><U135/><E126/><V74/><F74/><W47/><G47/><T60/><D46/><U134/><E131/><V130/><F130/><W5/><G5/><T72/><D42/><U112/><E135/><V97/><F31/><W128/><G128/><T100/><D117/><U7/><E7/><V50/><F28/><W123/><G123/><N who="1" m="47178" /><E134/><V44/><F44/><W76/><G76/><T88/><D56/><U21/><E21/><AGARI ba="2,1" hai="16,18,19,20,21,51,52,58,83,87,89,94,98,103" machi="21" ten="40,8000,1" yaku="1,1,8,1,54,2,53,0" doraHai="32,64" doraHaiUra="22,101" who="3" fromWho="1" sc="385,0,8,-86,328,0,269,96" owari="385,48.5,-78,-57.8,328,-7.2,365,16.5" /></mjloggm>