<mjloggm ver="2.3"><GO type="169" lobby="0"/><UN n0="%E3%81%A1%E3%82%83%E3%82%8B%E3%82%81%E3%82%89" n1="%6D%79%6D%65%6C%6F%58%58" n2="%E3%81%A5%E3%81%8B%E5%AD%90" n3="%E4%B8%83%E8%8D%89%E9%A6%99%E6%BE%84" dan="17,17,16,16" rate="2170.59,2217.63,2138.79,2174.42" sx="M,F,M,F"/><TAIKYOKU oya="0"/><INIT seed="0,0,0,4,2,66" ten="250,250,250,250" oya="0" hai0="74,87,25,12,31,83,96,135,45,13,4,103,80" hai1="92,29,130,7,93,40,84,59,101,36,70,24,120" hai2="58,51,34,27,86,68,56,2,1,117,60,105,46" hai3="73,72,106,22,100,89,79,41,132,116,20,104,39"/><T119/><D119/><U113/><E120/><V76/><F105/><W115/><G116/><T97/><D135/><U47/><E130/><V15/><F117/><W6/><G115/><T10/><D74/><U133/><E133/><V110/><F110/><W55/><G132/><T48/><D13/><U16/><E113/><V54/><F68/><W9/><G55/><T112/><D112/><U114/><E7/><V63/><F15/><W123/><G123/><T65/><D65/><U37/><E70/><V128/><F128/><W127/><G127/><T8/><D8/><U33/><E59/><V109/><F109/><W126/><G126/><T44/><D44/><U67/><E67/><V75/><F75/><W57/><G57/><T124/><D103/><U26/><E114/><V129/><F129/><W0/><G89/><T69/><D69/><U121/><E121/><V43/><F76/><W38/><G100/><T94/><D94/><U88/><E101/><V107/><F107/><N who="3" m="41003" /><G72/><T11/><D11/><U95/><REACH who="1" step="1"/><E37/><REACH who="1" ten="250,240,250,250" step="2"/><V81/><F58/><W14/><G38/><T91/><D124/><U134/><E134/><V77/><F60/><W61/><G61/><T18/><D4/><U53/><E53/><V52/><REACH who="2" step="1"/><F54/><REACH who="2" ten="250,240,240,250" step="2"/><W131/><G131/><T64/><D64/><U5/><E5/><V85/><F85/><W108/><G108/><T111/><D111/><U78/><E78/><V125/><F125/><W99/><G79/><T17/><D87/><U50/><E50/><V122/><F122/><W23/><G73/><T102/><D48/><U21/><AGARI ba="0,2" hai="16,21,24,26,29,33,36,40,47,84,88,92,93,95" machi="21" ten="30,7900,0" yaku="1,1,0,1,54,2,53,0" doraHai="66" doraHaiUra="98" who="1" fromWho="1" sc="250,-39,240,99,240,-20,250,-20" /><INIT seed="1,0,0,4,2,52" ten="211,339,220,230" oya="1" hai0="97,78,134,34,84,115,133,45,104,14,95,21,127" hai1="27,83,68,36,47,91,119,122,10,90,113,98,30" hai2="43,49,99,3,11,38,33,62,48,102,20,71,15" hai3="73,4,64,101,81,129,114,117,18,89,126,86,42"/><U28/><E113/><V61/><F33/><W5/><G114/><T54/><D34/><U35/><E119/><V69/><F3/><W105/><G42/><T41/><D115/><U79/><E30/><V108/><F108/><W100/><G117/><T16/><D104/><U121/><E68/><V106/><F38/><W67/><G129/><T96/><D127/><U26/><E26/><V25/><F71/><W65/><G126/><T55/><D84/><U123/><E10/><V70/><F70/><W94/><G18/><T19/><D78/><U7/><E7/><V56/><F69/><W60/><G101/><T46/><D41/><U66/><E66/><V50/><F43/><W72/><G72/><T116/><D116/><U2/><E2/><V103/><F102/><W130/><G130/><T44/><D95/><U107/><E47/><V9/><F62/><W23/><G23/><T124/><D124/><U0/><E0/><V135/><F15/><W32/><G32/><T6/><D6/><U111/><E36/><V76/><F76/><N who="3" m="44175" /><G60/><T13/><D46/><U75/><REACH who="1" step="1"/><E111/><REACH who="1" ten="211,329,220,230" step="2"/><V132/><F9/><W125/><G125/><T92/><D21/><U57/><E57/><V112/><F11/><W93/><G4/><T87/><D45/><U29/><E29/><N who="2" m="17575" /><F112/><W131/><G131/><T12/><D44/><U40/><E40/><V22/><F22/><W80/><G5/><T63/><D12/><U17/><E17/><V53/><F53/><W39/><G39/><T85/><D63/><U1/><E1/><V128/><F128/><W8/><G8/><T109/><D109/><RYUUKYOKU ba="0,1" sc="211,0,329,0,220,0,230,0" hai0="13,14,16,19,54,55,85,87,92,96,97,133,134" hai1="27,28,35,75,79,83,90,91,98,107,121,122,123" hai2="48,49,50,56,61,99,103,106,132,135" hai3="64,65,67,80,86,89,93,94,100,105" /><INIT seed="1,1,1,4,4,106" ten="211,329,220,230" oya="1" hai0="135,50,68,126,53,22,69,107,104,76,31,66,12" hai1="44,81,62,6,27,71,47,95,99,16,8,67,110" hai2="92,130,11,23,54,96,14,1,112,85,26,19,17" hai3="131,38,88,56,90,109,75,3,121,70,46,125,129"/><U94/><E110/><V74/><F130/><N who="3" m="49675" /><G121/><T133/><D76/><U64/><E64/><V39/><F112/><W89/><G70/><N who="0" m="27243" /><D66/><U128/><E128/><V100/><F39/><W42/><G109/><T52/><D126/><U18/><E81/><V118/><F118/><W105/><G125/><T97/><D53/><U111/><E111/><V40/><F40/><W51/><G105/><T83/><D83/><U37/><E37/><V93/><F1/><W134/><G134/><N who="0" m="51211" /><D97/><U103/><E95/><V10/><F54/><N who="3" m="31839" /><G3/><T84/><D84/><U2/><REACH who="1" step="1"/><E27/><REACH who="1" ten="211,319,220,230" step="2"/><V55/><F92/><W9/><G9/><T73/><D107/><U78/><E78/><V29/><F10/><W32/><G32/><T4/><D104/><U49/><E49/><V28/><F93/><W113/><G113/><T117/><D117/><U123/><E123/><V108/><F108/><W60/><G60/><T13/><D50/><U5/><E5/><V132/><F132/><W65/><G65/><T59/><D4/><U61/><E61/><V77/><F11/><W48/><G38/><T72/><D13/><U124/><E124/><V0/><F14/><W87/><G87/><T80/><D12/><U114/><E114/><V86/><F86/><W43/><G43/><T82/><D82/><U21/><E21/><V36/><F23/><W30/><G75/><T34/><D22/><U122/><E122/><V45/><F85/><W127/><G127/><T57/><D80/><U79/><E79/><V101/><F36/><W25/><G25/><N who="0" m="18799" /><D52/><U116/><E116/><V58/><F26/><W120/><G120/><RYUUKYOKU ba="1,2" sc="211,10,319,10,220,-30,230,10" hai0="57,59,72,73" hai1="2,6,8,16,18,44,47,62,67,71,94,99,103" hai3="30,42,46,48,88,89,90" /><INIT seed="1,2,2,0,2,69" ten="221,329,190,240" oya="1" hai0="92,50,23,128,19,134,28,46,124,24,86,58,76" hai1="53,48,10,103,65,90,59,78,39,63,79,51,54" hai2="129,9,125,42,61,26,29,120,95,93,113,114,123" hai3="126,22,107,15,101,122,68,82,32,21,131,66,119"/><U31/><E39/><V91/><F129/><W104/><G122/><T17/><D128/><U55/><E103/><V20/><F125/><W38/><G131/><T94/><D124/><U109/><E109/><V60/><F42/><W13/><G126/><T56/><D134/><U4/><E31/><V106/><F106/><W64/><G32/><T37/><D37/><U5/><E90/><V102/><F102/><W127/><G127/><T71/><D71/><U99/><E99/><N who="2" m="57791" /><F95/><N who="0" m="36394" /><D86/><U116/><E116/><V43/><F43/><W87/><G119/><T3/><D3/><U25/><E25/><V121/><F9/><W7/><G68/><T72/><D72/><U105/><E105/><V1/><F1/><W34/><G34/><T27/><D76/><N who="1" m="29227" /><E10/><V33/><F33/><W115/><G101/><T14/><D27/><U89/><E89/><V112/><AGARI ba="2,2" hai="20,26,29,60,61,112,113,114,120,121,123" m="57791" machi="112" ten="40,1500,0" yaku="11,1" doraHai="69" who="2" fromWho="2" sc="221,-6,329,-9,190,41,240,-6" /><INIT seed="2,0,0,5,3,74" ten="215,320,231,234" oya="2" hai0="50,20,68,5,55,115,80,30,73,1,123,122,90" hai1="41,87,97,28,128,31,132,22,85,110,23,42,86" hai2="14,10,57,51,69,54,71,116,33,36,44,7,76" hai3="3,125,45,67,39,114,49,32,103,81,70,88,124"/><V111/><F116/><W62/><G3/><T65/><D115/><U119/><E119/><V15/><F33/><W94/><G32/><T18/><D30/><N who="1" m="11307" /><E110/><V131/><F131/><W82/><G39/><T79/><D90/><U99/><E132/><V134/><F134/><W109/><G103/><T56/><D68/><U8/><E8/><V66/><F111/><W91/><G109/><T13/><REACH who="0" step="1"/><D65/><REACH who="0" ten="205,320,231,234" step="2"/><U4/><E128/><V89/><F89/><W108/><G108/><T75/><D75/><U37/><E37/><V24/><F66/><W93/><G114/><T100/><D100/><U126/><E126/><N who="3" m="48746" /><G91/><T96/><D96/><N who="1" m="36939" /><E4/><V35/><F7/><W9/><G88/><T130/><D130/><U48/><E48/><V6/><F51/><W98/><G98/><T26/><D26/><U120/><E120/><V106/><F24/><W84/><G49/><T29/><D29/><U2/><E2/><V95/><F36/><W34/><G34/><T105/><D105/><U52/><E52/><V118/><F54/><W107/><G107/><T78/><D78/><U59/><E59/><V64/><F57/><W58/><G70/><T0/><D0/><U11/><E42/><V25/><F106/><W77/><G58/><T47/><D47/><U63/><E41/><V46/><F71/><W92/><G45/><T12/><D12/><U113/><E113/><V19/><F46/><W121/><G121/><T21/><D21/><N who="1" m="7691" /><E11/><AGARI ba="0,1" hai="1,5,11,13,18,20,50,55,56,73,79,80,122,123" machi="11" ten="40,2600,0" yaku="1,1,52,1,53,0" doraHai="74" doraHaiUra="60" who="0" fromWho="1" sc="205,36,320,-26,231,0,234,0" /><INIT seed="3,0,0,0,2,14" ten="241,294,231,234" oya="3" hai0="7,112,10,100,28,93,6,11,70,105,46,97,34" hai1="130,58,82,33,31,131,73,30,65,108,39,45,88" hai2="29,119,111,74,22,4,68,134,16,1,98,55,52" hai3="75,49,91,109,69,63,25,51,41,32,5,85,124"/><W127/><G75/><T44/><D112/><U21/><E33/><V62/><F119/><W0/><G109/><T106/><D70/><U101/><E101/><V17/><F74/><W27/><G0/><T122/><D34/><U94/><E108/><V42/><F111/><W60/><G5/><T8/><D28/><U43/><E65/><V50/><F134/><W36/><G36/><T99/><D122/><U103/><E58/><N who="2" m="35143" /><F1/><W38/><G38/><T87/><D87/><U115/><E115/><V9/><F42/><W116/><G116/><T18/><D18/><N who="2" m="7274" /><F98/><W83/><G32/><T89/><D106/><U92/><E43/><V23/><F29/><W133/><G133/><T95/><D105/><U37/><E73/><V107/><F107/><W24/><G69/><T40/><REACH who="0" step="1"/><D46/><REACH who="0" ten="231,294,231,234" step="2"/><U128/><E45/><N who="2" m="28111" /><F68/><W72/><G72/><T135/><D135/><U67/><E31/><V77/><F77/><W118/><G118/><T102/><D102/><U71/><E103/><V132/><F132/><W3/><G85/><T15/><D15/><U53/><E30/><V113/><F113/><W12/><G12/><T64/><D64/><U90/><E67/><V120/><F120/><W104/><G3/><T114/><D114/><U80/><E71/><V79/><F79/><W121/><G104/><T54/><D54/><U117/><E117/><V76/><F76/><W125/><G121/><T110/><D110/><U13/><E53/><V57/><F57/><W81/><G127/><T84/><D84/><U123/><E123/><V19/><F4/><W96/><G125/><T48/><AGARI ba="0,1" hai="6,7,8,10,11,40,44,48,89,93,95,97,99,100" machi="48" ten="30,7900,0" yaku="1,1,5,1,0,1,8,1,53,0" doraHai="14" doraHaiUra="126" who="0" fromWho="0" sc="231,89,294,-20,231,-20,234,-39" /><INIT seed="4,0,0,5,2,36" ten="320,274,211,195" oya="0" hai0="66,47,122,124,99,95,135,3,128,127,51,1,21" hai1="129,13,38,121,22,53,41,89,35,62,133,123,12" hai2="96,49,39,82,103,81,31,68,74,48,87,56,131" hai3="34,7,27,55,120,57,98,46,119,29,109,43,73"/><T79/><D122/><U111/><E35/><V78/><F68/><W67/><G119/><T94/><D79/><U64/><E111/><V16/><F131/><W8/><G109/><T104/><D128/><U108/><E108/><V17/><F39/><W65/><G120/><T77/><D77/><U126/><E129/><V2/><F2/><W117/><G117/><T101/><D66/><U40/><E38/><V88/><F31/><W112/><G112/><T115/><D115/><U23/><E126/><N who="0" m="48169" /><D21/><U24/><E133/><V0/><F0/><N who="0" m="74" /><D135/><U54/><E64/><V130/><F130/><W52/><G73/><T32/><D32/><U4/><E89/><V18/><REACH who="2" step="1"/><F56/><REACH who="2" ten="320,274,201,195" step="2"/><W100/><G57/><T63/><D63/><U92/><E62/><V85/><F85/><W107/><G29/><T5/><D5/><U30/><E4/><V116/><F116/><W15/><G7/><T33/><D33/><U37/><E123/><V14/><F14/><W45/><G15/><T75/><D75/><U72/><E121/><V83/><F83/><W58/><G34/><T6/><D6/><U80/><E72/><V10/><F10/><W11/><G11/><T84/><D84/><U59/><E13/><V90/><F90/><W97/><G8/><T61/><D61/><U102/><E12/><V70/><F70/><W93/><G58/><T20/><D20/><U110/><E22/><V60/><F60/><W28/><G28/><T19/><D19/><U69/><E23/><V76/><F76/><W42/><G27/><T118/><D118/><U25/><E24/><V91/><F91/><RYUUKYOKU ba="0,1" sc="320,15,274,-15,201,15,195,-15" hai0="47,51,94,95,99,101,104" hai2="16,17,18,48,49,74,78,81,82,87,88,96,103" /><INIT seed="4,1,1,4,1,14" ten="335,259,216,180" oya="0" hai0="29,56,10,111,115,75,22,52,128,95,24,61,51" hai1="21,36,7,82,84,102,19,67,47,112,1,104,81" hai2="117,63,99,66,77,5,132,45,57,118,3,54,0" hai3="89,85,126,103,98,28,130,76,93,48,74,17,65"/><T50/><D115/><U37/><E112/><V124/><F124/><W42/><G126/><T121/><D75/><U58/><E104/><V96/><F132/><W113/><G113/><T34/><D121/><U79/><E102/><V116/><F77/><W109/><G109/><T100/><D111/><U13/><E47/><V135/><F135/><W110/><G110/><T91/><D100/><U114/><E114/><V88/><F5/><W108/><G108/><T72/><D128/><U134/><E134/><V122/><F122/><W71/><G130/><T26/><D10/><U8/><REACH who="1" step="1"/><E82/><REACH who="1" ten="335,249,216,180" step="2"/><V131/><F131/><W23/><G103/><T125/><D125/><U25/><E25/><V27/><F27/><W133/><G133/><T94/><D94/><U106/><E106/><V92/><F99/><W33/><G98/><N who="0" m="57727" /><D72/><U49/><E49/><AGARI ba="1,2" hai="0,3,45,49,54,57,63,66,88,92,96,116,117,118" machi="49" ten="40,2600,0" yaku="12,1,54,1" doraHai="14" who="2" fromWho="1" sc="335,0,249,-29,216,49,180,0" /><INIT seed="5,0,0,4,3,54" ten="335,220,265,180" oya="1" hai0="117,50,68,91,53,75,134,46,30,128,121,66,21" hai1="14,69,97,104,65,9,36,27,13,106,103,20,125" hai2="3,78,105,67,40,89,127,124,115,70,31,60,132" hai3="73,38,47,96,80,82,48,18,56,49,10,8,79"/><U130/><E36/><V108/><F108/><W35/><G35/><T6/><D117/><U44/><E125/><V23/><F3/><W122/><G122/><T45/><D75/><U64/><E130/><V93/><F105/><W101/><G82/><T81/><D128/><U92/><E44/><V28/><F78/><W86/><G73/><T51/><D121/><U126/><E126/><N who="2" m="48171" /><F132/><W26/><G38/><T83/><D6/><U57/><E69/><V129/><F129/><W24/><G48/><T29/><D134/><U85/><E85/><N who="2" m="52399" /><F115/><W2/><G47/><T119/><D119/><U0/><E0/><V74/><F74/><W4/><G10/><T11/><D11/><U113/><E113/><V98/><F40/><W61/><G49/><T87/><D81/><U32/><E32/><V99/><F23/><W90/><G79/><T76/><D76/><U34/><E34/><V107/><F98/><W22/><G96/><T19/><D68/><U94/><E94/><V63/><F60/><W114/><G114/><T84/><D87/><U17/><E106/><V116/><F116/><W133/><G133/><T95/><D95/><U135/><E104/><V77/><F77/><W120/><G120/><T62/><D46/><U102/><E135/><V110/><F110/><W12/><REACH who="3" step="1"/><G101/><AGARI ba="0,0" hai="28,31,63,67,70,99,101,107" m="52399,48171" machi="101" ten="30,1000,0" yaku="18,1" doraHai="54" who="2" fromWho="3" sc="335,0,220,0,265,10,180,-10" /><INIT seed="6,0,0,3,4,91" ten="335,220,275,170" oya="2" hai0="34,119,116,61,77,49,21,73,94,14,23,55,31" hai1="70,24,103,113,59,7,51,80,132,95,106,63,110" hai2="65,58,2,96,76,60,25,85,88,72,62,127,74" hai3="36,12,87,0,81,15,17,124,38,53,39,105,45"/><V128/><F2/><W32/><G0/><T79/><D61/><U120/><E110/><V109/><F128/><W93/><G105/><T78/><D73/><U40/><E113/><V90/><F127/><W43/><G32/><T86/><D34/><U98/><E132/><V6/><F109/><W30/><G30/><T4/><D4/><U50/><E120/><V56/><F6/><W16/><G124/><T68/><D68/><U9/><E70/><V54/><F76/><W19/><G53/><T117/><D31/><U115/><E115/><V20/><F96/><W29/><G29/><T10/><D10/><U100/><E24/><V35/><F90/><W101/><G81/><T104/><D104/><U37/><E80/><V41/><F41/><W112/><G112/><T27/><D27/><U135/><E135/><V66/><F54/><W84/><G84/><T108/><D108/><U130/><E103/><V22/><F35/><W111/><G111/><T64/><D64/><N who="1" m="39039" /><E106/><V44/><F44/><W48/><REACH who="3" step="1"/><G87/><REACH who="3" ten="335,220,275,160" step="2"/><T134/><D86/><U28/><E28/><V67/><F67/><W33/><G33/><T107/><D107/><U69/><E130/><V83/><F20/><W1/><G1/><T118/><D23/><U122/><E122/><V92/><F83/><W5/><G5/><T18/><D119/><U126/><E126/><V75/><F22/><W99/><AGARI ba="0,1" hai="12,15,16,17,19,36,38,39,43,45,48,93,99,101" machi="99" ten="40,8000,1" yaku="1,1,0,1,52,1,54,1,53,0" doraHai="91" doraHaiUra="3" who="3" fromWho="3" sc="335,-20,220,-20,275,-40,160,90" /><INIT seed="7,0,0,0,1,124" ten="315,200,235,250" oya="3" hai0="40,12,100,29,115,119,36,104,33,134,81,69,52" hai1="51,39,111,28,35,101,15,92,5,64,133,18,34" hai2="96,75,46,102,76,85,63,125,31,116,26,22,58" hai3="90,21,56,97,14,129,13,73,24,105,16,77,127"/><W67/><G129/><T6/><D119/><U23/><E111/><V8/><F116/><W49/><G127/><T7/><D134/><U38/><E133/><V65/><F125/><W47/><G73/><T50/><D69/><U2/><E64/><V126/><F126/><W93/><G105/><T59/><D115/><U122/><E122/><V57/><F75/><W66/><G77/><T86/><D104/><U135/><E135/><V27/><F46/><W107/><G107/><T118/><D100/><U83/><E83/><N who="2" m="47335" /><F58/><W87/><G87/><T109/><D109/><U99/><E51/><V32/><F27/><W1/><G1/><T84/><D84/><U71/><E71/><V41/><F41/><N who="3" m="24815" /><G67/><T120/><D120/><U112/><E112/><V95/><F32/><W61/><AGARI ba="0,0" hai="13,14,16,21,24,56,61,66,90,93,97" m="24815" machi="61" ten="30,3000,0" yaku="8,1,54,1" doraHai="124" who="3" fromWho="3" sc="315,-10,200,-10,235,-10,250,30" /><INIT seed="7,1,0,5,3,63" ten="305,190,225,280" oya="3" hai0="78,116,133,5,27,19,23,103,101,80,37,71,12" hai1="31,8,53,117,104,20,91,57,29,114,18,39,96" hai2="43,70,102,119,60,93,66,74,115,69,130,2,59" hai3="14,118,87,26,64,105,98,113,129,40,50,128,51"/><W33/><G118/><T88/><D116/><U35/><E117/><V67/><F119/><RYUUKYOKU type="kaze4" ba="1,0" sc="305,0,190,0,225,0,280,0" /><INIT seed="7,2,0,5,3,92" ten="305,190,225,280" oya="3" hai0="115,83,85,80,61,94,121,31,129,1,118,100,18" hai1="102,112,50,70,59,127,13,34,14,63,24,96,27" hai2="29,120,97,71,126,134,11,87,108,89,123,46,30" hai3="55,117,133,48,95,132,62,110,107,74,5,105,28"/><W79/><G117/><T68/><D118/><U38/><E38/><V25/><F108/><W124/><G110/><T44/><D1/><U78/><E112/><V51/><F71/><W104/><G124/><T101/><D121/><N who="2" m="46666" /><F134/><N who="3" m="51819" /><G28/><T41/><D129/><U116/><E116/><V84/><F126/><W65/><G5/><T47/><D31/><N who="2" m="11786" /><F25/><W119/><G119/><T113/><D18/><U20/><E34/><V72/><F72/><W0/><G0/><T45/><D41/><U114/><E114/><N who="0" m="43529" /><D94/><N who="1" m="58647" /><E70/><V109/><F109/><W69/><G95/><T2/><D83/><U26/><E127/><V128/><F128/><W19/><G19/><T10/><D2/><U40/><E78/><V66/><F66/><W81/><G107/><T90/><D10/><U3/><E3/><V93/><F11/><W82/><G82/><T42/><D42/><AGARI ba="2,0" hai="42,46,51,84,87,89,93,97" m="11786,46666" machi="42" ten="30,2000,0" yaku="13,1,52,1" doraHai="92" who="2" fromWho="0" sc="305,-26,190,0,225,26,280,0" /><INIT seed="8,0,0,4,0,65" ten="279,190,251,280" oya="0" hai0="20,4,44,84,30,128,74,54,0,88,86,79,18" hai1="35,108,92,126,66,73,103,22,10,116,95,87,14" hai2="127,93,75,25,67,104,109,6,39,21,83,102,38" hai3="69,40,125,51,53,45,76,111,91,68,28,101,98"/><T62/><D128/><U5/><E108/><V72/><F109/><W94/><G111/><T97/><D74/><U3/><E73/><V119/><F104/><W48/><G125/><T32/><D32/><U49/><E126/><V130/><F127/><W60/><G76/><T107/><D107/><U99/><E116/><V71/><F6/><W56/><G28/><T33/><D33/><U24/><E35/><V34/><F34/><W63/><G63/><T106/><D106/><U7/><E66/><V57/><F71/><W26/><G26/><T23/><D4/><U55/><E3/><V80/><F75/><W121/><G121/><T47/><D97/><U115/><E115/><V112/><F112/><W82/><G60/><T64/><D0/><U50/><E7/><V124/><F124/><W135/><G135/><T81/><D30/><U17/><REACH who="1" step="1"/><E55/><REACH who="1" ten="279,180,251,280" step="2"/><V114/><F114/><W12/><G53/><T77/><D54/><U8/><E8/><V61/><F119/><W46/><G101/><T131/><D131/><U105/><E105/><V120/><F130/><W78/><G78/><T43/><D79/><U11/><E11/><V85/><F72/><W110/><G110/><T132/><D132/><U70/><E70/><V113/><F113/><W19/><G69/><T15/><D23/><U96/><E96/><V27/><F102/><W129/><G68/><N who="0" m="42007" /><D43/><U29/><E29/><V58/><F67/><W13/><G129/><T89/><D77/><U2/><E2/><V118/><F118/><W90/><G98/><T37/><D37/><U123/><E123/><V100/><F120/><RYUUKYOKU ba="0,1" sc="279,15,180,15,251,-15,280,-15" hai0="15,18,20,44,47,81,84,86,88,89" hai1="5,10,14,17,22,24,49,50,87,92,95,99,103" /><INIT seed="8,1,1,5,5,128" ten="294,195,236,265" oya="0" hai0="28,18,9,88,77,84,93,116,3,96,56,53,25" hai1="34,100,37,121,21,45,127,46,47,67,76,63,111" hai2="51,32,12,106,14,126,57,27,113,62,24,7,102" hai3="110,31,65,11,99,103,117,54,66,29,119,73,112"/><T129/><D129/><U135/><E34/><V108/><F113/><W4/><G110/><T68/><D68/><U71/><E111/><V70/><F108/><W40/><G112/><T132/><D132/><U42/><E121/><V1/><F1/><W15/><G73/><T16/><D116/><N who="3" m="44617" /><G40/><T115/><D115/><U58/><E127/><V89/><F57/><W52/><G66/><T55/><D55/><N who="3" m="21033" /><G65/><T17/><D3/><U39/><E135/><V72/><F89/><W48/><G48/><T36/><D36/><U133/><E133/><V125/><F72/><W105/><AGARI ba="1,1" hai="4,11,15,29,31,99,103,105" m="21033,44617" machi="105" ten="30,2000,0" yaku="16,1,54,1" doraHai="128" who="3" fromWho="3" sc="294,-11,195,-6,236,-6,265,33" /><INIT seed="9,0,0,1,3,126" ten="283,189,230,298" oya="1" hai0="107,11,89,74,36,86,7,131,33,14,120,127,12" hai1="98,40,105,0,129,42,90,23,61,50,91,76,96" hai2="43,29,41,128,69,116,59,45,82,26,113,19,124" hai3="17,103,84,25,94,111,4,66,99,53,85,65,78"/><U38/><E38/><V8/><F69/><W48/><G111/><T55/><D127/><U87/><E0/><V79/><F124/><W39/><G39/><T68/><D68/><U88/><E105/><V130/><F116/><W31/><G4/><T52/><D33/><U56/><E129/><N who="2" m="49771" /><F113/><W35/><G17/><T60/><D107/><U18/><E50/><V46/><F59/><W118/><G118/><T30/><D36/><U64/><E76/><V135/><F135/><W122/><G122/><T75/><D131/><U121/><E121/><V73/><F19/><W5/><G5/><T117/><D30/><U16/><E18/><V10/><F45/><W21/><G35/><T67/><D117/><U108/><E108/><V15/><F15/><W100/><G100/><T110/><D120/><U28/><E28/><V81/><F82/><N who="3" m="47191" /><G85/><T93/><D110/><U6/><E87/><V20/><F43/><N who="1" m="16425" /><E6/><V132/><F132/><W63/><G63/><T62/><D62/><U51/><E51/><AGARI ba="0,0" hai="8,10,20,26,29,41,46,51,73,79,81" m="49771" machi="51" ten="30,7700,0" yaku="19,1,52,3" doraHai="126" who="2" fromWho="1" sc="283,0,189,-77,230,77,298,0" owari="283,-11.7,112,-38.8,307,40.7,298,9.8" /></mjloggm>