<mjloggm ver="2.3"><GO type="169" lobby="0"/><UN n0="%E3%83%95%E3%82%AF%E3%83%AD%E3%82%A6%E3%82%B5%E3%83%B3" n1="%5B%5B%79%75%79%75%5D%5D" n2="%74%6B%34%32" n3="%E3%81%8B%E3%82%81%E3%81%98%E3%82%8D%E3%81%86" dan="17,16,16,17" rate="2178.01,2123.30,2110.29,2161.30" sx="M,M,M,M"/><TAIKYOKU oya="0"/><INIT seed="0,0,0,4,0,57" ten="250,250,250,250" oya="0" hai0="78,135,48,43,76,17,123,64,106,66,81,102,29" hai1="52,84,10,121,27,32,133,63,30,39,113,21,49" hai2="95,16,128,116,115,125,107,41,73,130,55,109,118" hai3="104,7,90,110,23,58,35,131,31,22,18,68,4"/><T120/><D135/><U108/><E39/><V92/><F115/><W46/><G68/><T37/><D37/><U122/><E113/><V117/><F109/><W28/><G104/><T61/><D17/><U83/><E108/><V50/><F107/><W70/><G70/><T98/><D66/><U67/><E133/><V60/><F73/><W82/><G110/><T72/><D78/><U97/><E97/><V94/><F125/><W127/><G127/><T54/><D43/><U99/><E99/><V129/><F41/><W111/><G35/><T119/><D119/><U26/><E10/><V126/><F126/><W103/><G103/><T71/><REACH who="0" step="1"/><D29/><REACH who="0" ten="240,250,250,250" step="2"/><U25/><E121/><V24/><F16/><W47/><G18/><T112/><D112/><U65/><E122/><V42/><F42/><W5/><G111/><T6/><D6/><U101/><E65/><V51/><F24/><W59/><G28/><T100/><D100/><U74/><E101/><V87/><F87/><N who="3" m="50551" /><G31/><T40/><D40/><U12/><E74/><V38/><F38/><W69/><G5/><T80/><D80/><U86/><E32/><V20/><F20/><W13/><G22/><T75/><D75/><U15/><E84/><V11/><F11/><W62/><G23/><T8/><D8/><U2/><E86/><V105/><F105/><W56/><G7/><T88/><D88/><U14/><E83/><V134/><F134/><W33/><G33/><T85/><D85/><U44/><E2/><V36/><F36/><W0/><G0/><T124/><D124/><U3/><E3/><V89/><F89/><RYUUKYOKU ba="0,1" sc="240,10,250,10,250,10,250,-30" hai0="48,54,61,64,71,72,76,81,98,102,106,120,123" hai1="12,14,15,21,25,26,27,30,44,49,52,63,67" hai2="50,51,55,60,92,94,95,116,117,118,128,129,130" /><INIT seed="0,1,1,1,1,117" ten="250,260,260,220" oya="0" hai0="63,66,85,118,75,89,102,111,79,69,122,104,135" hai1="67,16,112,72,48,12,127,83,134,108,49,35,96" hai2="106,124,60,39,29,109,107,65,98,47,31,11,8" hai3="19,125,105,21,93,57,78,34,13,50,56,15,38"/><T58/><D118/><U110/><E35/><V64/><F109/><N who="1" m="42089" /><E112/><V55/><F124/><W10/><G105/><T22/><D111/><U23/><E127/><V115/><F115/><W80/><G34/><T119/><D119/><U133/><E96/><V113/><F113/><W62/><G38/><T73/><D135/><N who="1" m="51723" /><E67/><V42/><F65/><W59/><G125/><T46/><D102/><U7/><E7/><V95/><F55/><W1/><G1/><T90/><D104/><U132/><N who="1" m="51731" /><U53/><DORA hai="120" /><E53/><V20/><F106/><W30/><G50/><N who="1" m="19562" /><E83/><V126/><F126/><W54/><G80/><T5/><D5/><U116/><E116/><V101/><F107/><W68/><G54/><T44/><D66/><U6/><E6/><V103/><F101/><W130/><G130/><T76/><D69/><U2/><E72/><V37/><F37/><W43/><G78/><T36/><D79/><U9/><E23/><V25/><REACH who="2" step="1"/><F29/><REACH who="2" ten="250,260,250,220" step="2"/><W28/><G30/><T131/><D36/><U24/><E24/><V84/><F84/><W77/><G28/><T4/><D85/><U114/><E114/><V26/><F26/><W40/><G43/><T92/><D75/><U33/><E33/><V123/><F123/><W99/><G40/><T129/><D122/><U71/><E71/><AGARI ba="1,2" hai="8,11,20,25,31,39,42,47,60,64,71,95,98,103" machi="71" ten="30,3900,0" yaku="1,1,7,1,53,1" doraHai="117,120" doraHaiUra="18,74" who="2" fromWho="1" sc="250,0,260,-42,250,62,220,0" /><INIT seed="1,0,0,1,1,106" ten="250,218,312,220" oya="1" hai0="24,109,114,97,96,111,51,101,116,52,98,105,73" hai1="21,29,70,17,2,79,34,65,46,25,66,83,78" hai2="54,49,125,81,82,64,23,133,60,6,36,100,135" hai3="57,77,43,5,94,103,56,110,37,118,130,30,7"/><U48/><E2/><V62/><F36/><W50/><G110/><N who="0" m="41995" /><D114/><U8/><E8/><V128/><F125/><W59/><G130/><T76/><D116/><U108/><E108/><V20/><F6/><W11/><G118/><T99/><D24/><U87/><E78/><V120/><F120/><W28/><G37/><T40/><D40/><U19/><E70/><V31/><F100/><W134/><G134/><N who="2" m="51209" /><F128/><W80/><G103/><N who="0" m="62695" /><D51/><U112/><E112/><V61/><F64/><N who="1" m="24681" /><E34/><V38/><F38/><W3/><G94/><N who="0" m="58551" /><D52/><AGARI ba="0,0" hai="17,19,21,25,29,46,48,52,79,83,87" m="24681" machi="52" ten="30,2900,0" yaku="8,1,54,1" doraHai="106" who="1" fromWho="0" sc="250,-29,218,29,312,0,220,0" /><INIT seed="1,1,0,3,3,119" ten="221,247,312,220" oya="1" hai0="98,47,8,45,83,90,16,12,107,6,102,124,1" hai1="42,51,99,2,106,69,87,91,74,19,110,15,66" hai2="46,29,77,38,123,20,50,76,134,122,36,120,61" hai3="104,13,48,97,84,100,93,44,128,96,7,14,55"/><U52/><E2/><V68/><F134/><W33/><G33/><T54/><D124/><U24/><E74/><V34/><F34/><W59/><G128/><T115/><D115/><U37/><E37/><V105/><F105/><W73/><G73/><T21/><REACH who="0" step="1"/><D54/><REACH who="0" ten="211,247,312,220" step="2"/><U114/><E114/><V4/><F122/><W23/><G7/><T27/><D27/><U18/><E110/><V5/><F123/><W133/><G133/><T132/><D132/><U94/><E42/><V65/><F120/><W63/><G84/><AGARI ba="1,1" hai="1,6,8,12,16,21,45,47,83,84,90,98,102,107" machi="84" ten="40,2600,0" yaku="1,1,54,1,53,0" doraHai="119" doraHaiUra="130" who="0" fromWho="3" sc="211,39,247,0,312,0,220,-29" /><INIT seed="2,0,0,0,5,111" ten="250,247,312,191" oya="2" hai0="86,23,29,115,35,12,124,37,66,125,71,99,42" hai1="16,94,130,89,114,26,135,49,132,41,100,98,118" hai2="1,113,44,72,31,55,47,27,90,63,45,17,109" hai3="78,9,116,56,25,59,82,18,106,73,70,129,93"/><V119/><F119/><W54/><G116/><T0/><D0/><U64/><E118/><V67/><F109/><W30/><G106/><T46/><D86/><U7/><E7/><V85/><F72/><W10/><G70/><T74/><D74/><U65/><E130/><V76/><F76/><W14/><G129/><T108/><D108/><U5/><E5/><V81/><F1/><W127/><G127/><N who="0" m="48715" /><D35/><U117/><E117/><V107/><F107/><W3/><G3/><T36/><D99/><U77/><E77/><V13/><F113/><W80/><G10/><T50/><D12/><U38/><E38/><N who="0" m="14953" /><D23/><U62/><E114/><V52/><F27/><W2/><G2/><T95/><D95/><U88/><E49/><V28/><F28/><W120/><G80/><T121/><D29/><U75/><E41/><V133/><F133/><N who="1" m="51273" /><E75/><V83/><F31/><W51/><G93/><T15/><D15/><U20/><E65/><V24/><F24/><W39/><G39/><T8/><D8/><U6/><E6/><V69/><REACH who="2" step="1"/><F81/><REACH who="2" ten="250,247,302,191" step="2"/><W92/><G30/><T79/><D79/><U21/><E21/><AGARI ba="0,1" hai="13,17,21,44,45,47,52,55,63,67,69,83,85,90" machi="21" ten="40,7700,0" yaku="1,1,2,1,54,1,53,0" doraHai="111" doraHaiUra="104" who="2" fromWho="1" sc="250,0,247,-77,302,87,191,0" /><INIT seed="2,1,0,3,0,59" ten="250,170,389,191" oya="2" hai0="47,42,56,72,106,78,69,100,128,75,91,17,10" hai1="62,11,114,135,45,21,77,99,134,133,8,36,4" hai2="123,43,129,98,26,127,24,58,60,93,18,48,44" hai3="109,125,32,84,70,54,3,15,104,117,118,120,9"/><V88/><F123/><W80/><G120/><T55/><D128/><U0/><E114/><V63/><F127/><W30/><G104/><T126/><D126/><U51/><E36/><V46/><F129/><W71/><G125/><T19/><D69/><U132/><N who="1" m="33792" /><DORA hai="37" /><U29/><E77/><V1/><F1/><W101/><G3/><T87/><D100/><U35/><E35/><V85/><F46/><W92/><G109/><T20/><D106/><U16/><E29/><V52/><F18/><W31/><G70/><T67/><D67/><U57/><E99/><V33/><F33/><W61/><G32/><T2/><D78/><U95/><E95/><V86/><F60/><W105/><G105/><T97/><D97/><U7/><E11/><V66/><F66/><W53/><G53/><T14/><D91/><U76/><E76/><V12/><F12/><W13/><G13/><T38/><D87/><AGARI ba="1,0" hai="24,26,43,44,48,52,58,63,85,86,87,88,93,98" machi="87" ten="40,12000,1" yaku="8,1,52,2,54,2" doraHai="59,37" who="2" fromWho="0" sc="250,-123,170,0,389,123,191,0" /><INIT seed="2,2,0,1,4,82" ten="127,170,512,191" oya="2" hai0="88,124,127,85,119,109,42,76,134,24,9,19,54" hai1="91,38,113,26,97,61,90,126,79,129,112,102,105" hai2="17,31,10,21,72,123,83,27,0,45,84,11,135" hai3="95,35,59,4,2,29,37,56,6,133,125,96,108"/><V15/><F123/><W106/><G106/><T23/><D109/><U101/><E38/><V57/><F135/><W70/><G70/><T7/><D134/><U44/><E44/><V78/><F57/><W74/><G133/><T46/><D54/><U103/><E129/><V51/><F0/><W53/><G74/><T22/><D22/><U130/><E130/><V63/><F63/><W132/><G132/><T67/><D76/><U122/><E61/><V18/><F72/><W77/><G77/><T121/><D67/><U65/><E65/><V66/><F66/><W40/><G35/><T55/><D55/><U39/><E39/><V131/><F131/><W73/><G29/><T34/><D34/><U115/><E26/><V111/><F111/><W89/><G73/><T87/><D119/><U117/><E117/><V41/><F11/><W92/><G53/><T120/><D120/><U114/><N who="1" m="28672" /><DORA hai="12" /><U118/><E118/><V43/><F43/><W33/><G33/><T3/><D121/><U69/><E69/><V110/><F110/><W99/><G108/><T36/><REACH who="0" step="1"/><D87/><REACH who="0" ten="117,170,512,191" step="2"/><U116/><E116/><V8/><REACH who="2" step="1"/><F8/><REACH who="2" ten="117,170,502,191" step="2"/><W52/><G52/><T104/><D104/><U71/><E122/><V62/><F62/><W32/><G40/><T93/><AGARI ba="2,2" hai="3,7,9,19,23,24,36,42,46,85,88,93,124,127" machi="93" ten="30,12000,2" yaku="1,1,0,1,52,2,54,1,53,1" doraHai="82,12" doraHaiUra="47,16" who="0" fromWho="0" sc="117,146,170,-32,502,-62,191,-32" /><INIT seed="3,0,0,2,3,69" ten="263,138,440,159" oya="3" hai0="15,20,40,125,119,135,80,105,94,128,60,133,45" hai1="23,62,81,121,29,21,72,130,88,47,6,79,86" hai2="116,95,32,10,89,24,55,13,70,102,26,48,77" hai3="99,18,52,129,104,92,74,44,39,126,71,28,19"/><W59/><G74/><T30/><D105/><U76/><E121/><V122/><F116/><W38/><G104/><T66/><D119/><U123/><E123/><V85/><F70/><W112/><G112/><T4/><D128/><U114/><E114/><V25/><F122/><W109/><G71/><T108/><D108/><U9/><E130/><V84/><F102/><W101/><G129/><T75/><D94/><U2/><E29/><V1/><F1/><W33/><G126/><T78/><D125/><U64/><E79/><V100/><F100/><W118/><G118/><T61/><D30/><U90/><E90/><V63/><F63/><W27/><G109/><T83/><D83/><U65/><E65/><V35/><F77/><W111/><G111/><T115/><D115/><U87/><E47/><V91/><F48/><W0/><G0/><T11/><D20/><U132/><E132/><N who="0" m="50761" /><D66/><U16/><E23/><V50/><F35/><W134/><G134/><T54/><D54/><U110/><E110/><V41/><F41/><W58/><G58/><T73/><D73/><U12/><REACH who="1" step="1"/><E88/><REACH who="1" ten="263,128,440,159" step="2"/><N who="2" m="53639" /><F32/><W68/><G68/><AGARI ba="0,1" hai="2,6,9,12,16,21,62,64,68,72,76,81,86,87" machi="68" ten="30,7700,0" yaku="1,1,7,1,54,1,53,1" doraHai="69" doraHaiUra="106" who="1" fromWho="3" sc="263,0,128,87,440,0,159,-77" /><INIT seed="4,0,0,0,5,25" ten="263,215,440,82" oya="0" hai0="44,61,70,98,100,7,50,57,35,127,77,41,115" hai1="80,107,113,86,31,47,33,9,71,15,84,68,37" hai2="121,40,62,28,87,112,102,53,22,85,109,120,3" hai3="122,43,46,92,89,73,23,82,38,0,91,63,125"/><T13/><D115/><U67/><E107/><V76/><F3/><W64/><G125/><T8/><D127/><U60/><E71/><V32/><F32/><W135/><G135/><T6/><D70/><U29/><E33/><V58/><F109/><W48/><G122/><T21/><D35/><U126/><E126/><V27/><F112/><W110/><G110/><T66/><D77/><U116/><E116/><V54/><F40/><W19/><G0/><T83/><D83/><U55/><E113/><V130/><F130/><W90/><G38/><T81/><D81/><U94/><E94/><V45/><F102/><W42/><G42/><T72/><D72/><U14/><E14/><V18/><F76/><W74/><G82/><T96/><D21/><U123/><E123/><V17/><F120/><W5/><G5/><T39/><D39/><U114/><E114/><V49/><F121/><W104/><G104/><T131/><D131/><U108/><E108/><V1/><F1/><W118/><G118/><T78/><D78/><U11/><E11/><V26/><F26/><W111/><G111/><T20/><D20/><U132/><E132/><V95/><F85/><W101/><G101/><T2/><REACH who="0" step="1"/><D100/><REACH who="0" ten="253,215,440,82" step="2"/><U24/><E24/><V34/><F34/><W69/><G74/><T59/><D59/><U36/><E36/><V88/><AGARI ba="0,1" hai="17,18,22,27,28,45,49,53,54,58,62,87,88,95" machi="88" ten="30,7900,0" yaku="0,1,8,1,52,1,54,1" doraHai="25" who="2" fromWho="2" sc="253,-39,215,-20,440,89,82,-20" /><INIT seed="5,0,0,2,4,94" ten="214,195,529,62" oya="1" hai0="11,18,52,93,21,0,99,124,127,82,6,50,8" hai1="47,40,132,123,130,108,48,14,17,67,104,79,25" hai2="113,64,70,55,13,30,41,27,68,116,43,133,51" hai3="44,77,105,37,62,38,9,12,60,75,109,65,54"/><U32/><E123/><V72/><F116/><W63/><G109/><T66/><D82/><U87/><E104/><V10/><F72/><W103/><G75/><T92/><D66/><U106/><E106/><V101/><F101/><W36/><G77/><T46/><D8/><U95/><E108/><V81/><F133/><W110/><G110/><T24/><REACH who="0" step="1"/><D92/><REACH who="0" ten="204,195,529,62" step="2"/><U78/><E132/><V34/><F81/><W56/><G105/><T61/><D61/><N who="3" m="23657" /><G9/><T49/><D49/><U15/><E130/><V85/><F51/><N who="3" m="29031" /><G12/><T3/><D3/><U100/><E15/><V111/><F13/><W69/><G103/><AGARI ba="0,1" hai="0,6,11,18,21,24,46,50,52,93,99,103,124,127" machi="103" ten="40,5200,0" yaku="1,1,52,1,54,1,53,0" doraHai="94" doraHaiUra="114" who="0" fromWho="3" sc="204,62,195,0,529,0,62,-52" /><INIT seed="6,0,0,3,0,32" ten="266,195,529,10" oya="2" hai0="130,74,30,129,94,46,125,56,113,34,65,123,8" hai1="79,134,18,47,86,2,22,37,43,100,51,49,39" hai2="116,67,108,59,24,110,61,63,26,90,68,3,133" hai3="62,119,122,55,78,91,25,124,40,127,88,31,17"/><V14/><F116/><W7/><G122/><T36/><D74/><U121/><E121/><V107/><F107/><W19/><G119/><T72/><D72/><U42/><E134/><V104/><F104/><W89/><G40/><T80/><D80/><U29/><E29/><V41/><F133/><W54/><G78/><T115/><D94/><U112/><E112/><N who="0" m="43081" /><D8/><U117/><E117/><V96/><F41/><W69/><G7/><T50/><D30/><U87/><E100/><V126/><F3/><W4/><G4/><T128/><D34/><U48/><E79/><V12/><F126/><N who="3" m="48171" /><G69/><T52/><D125/><U101/><E101/><V6/><F6/><W60/><G31/><T1/><D1/><U15/><REACH who="1" step="1"/><E2/><REACH who="1" ten="266,185,529,10" step="2"/><V58/><F108/><W132/><G132/><T38/><D123/><U0/><E0/><V66/><F110/><W73/><G73/><T23/><D23/><U114/><E114/><V70/><F90/><N who="3" m="23043" /><W97/><DORA hai="106" /><G97/><AGARI ba="0,1" hai="12,14,24,26,58,59,61,63,66,67,68,70,96,97" machi="97" ten="25,2400,0" yaku="22,2" doraHai="32,106" who="2" fromWho="3" sc="266,0,185,0,529,34,10,-24" owari="266,6.6,185,-21.5,563,66.3,-14,-51.4" /></mjloggm>