<mjloggm ver="2.3"><GO type="169" lobby="0"/><UN n0="%E3%81%BE%E3%81%A1%E3%81%8A" n1="%E3%81%A8%E3%81%B3%E3%81%BE%E3%81%93" n2="%E9%A6%AC%E3%81%AE%E8%80%B3%E3%81%AB%E5%BF%B5%E4%BB%8F" n3="%E3%81%B1%E3%83%BC%E3%81%9B%E3%82%93%E3%81%A8%E4%BE%8D" dan="16,16,17,16" rate="2172.02,2203.03,2154.66,2113.55" sx="M,M,M,M"/><TAIKYOKU oya="0"/><INIT seed="0,0,0,5,0,134" ten="250,250,250,250" oya="0" hai0="17,61,131,133,48,46,20,92,81,52,105,2,59" hai1="64,80,21,102,30,5,49,106,111,28,6,0,14" hai2="97,26,39,33,1,32,70,13,116,83,65,125,107" hai3="27,50,117,100,109,63,23,31,124,114,76,94,41"/><T103/><D2/><U75/><E111/><V95/><F125/><W67/><G117/><T35/><D35/><U74/><E0/><V55/><F39/><W4/><G114/><T130/><D133/><U12/><E64/><V44/><F1/><W113/><G113/><T22/><D105/><U118/><E106/><V78/><F13/><W101/><G109/><T58/><D81/><U132/><E80/><V85/><F107/><W15/><G76/><T96/><D59/><U129/><E132/><V121/><F121/><W16/><G4/><T73/><D73/><U104/><E104/><V88/><F26/><W126/><G50/><T110/><D110/><U8/><E49/><V57/><F44/><W36/><G41/><T45/><D45/><U72/><E102/><V60/><REACH who="2" step="1"/><F116/><REACH who="2" ten="250,250,240,250" step="2"/><W120/><G36/><T68/><D68/><U91/><E118/><V10/><F10/><W77/><G120/><T29/><D29/><U53/><E28/><V123/><F123/><W90/><G126/><T86/><D86/><U43/><E8/><V24/><F24/><W34/><G124/><T98/><D98/><U79/><E14/><V42/><F42/><W119/><G119/><T128/><REACH who="0" step="1"/><D17/><REACH who="0" ten="240,250,240,250" step="2"/><N who="1" m="10407" /><E30/><V89/><F89/><W69/><REACH who="3" step="1"/><G77/><REACH who="3" ten="240,250,240,240" step="2"/><T115/><D115/><U127/><E79/><V108/><F108/><W25/><G25/><T93/><D93/><U40/><E127/><V122/><F122/><W62/><G62/><AGARI ba="0,3" hai="32,33,55,57,60,62,65,70,78,83,85,88,95,97" machi="62" ten="30,3900,0" yaku="1,1,7,1,54,1,53,0" doraHai="134" doraHaiUra="135" who="2" fromWho="3" sc="240,0,250,0,240,69,240,-39" /><INIT seed="1,0,0,5,2,135" ten="240,250,309,201" oya="1" hai0="3,128,127,8,107,115,133,71,24,32,123,50,131" hai1="47,102,66,88,96,129,63,35,17,34,74,67,125" hai2="73,1,114,110,6,7,111,28,9,52,95,29,22" hai3="98,92,93,79,44,85,124,109,101,78,30,56,26"/><U103/><E74/><V118/><F73/><W25/><G109/><N who="2" m="41481" /><F95/><W90/><G124/><T49/><D71/><U68/><E129/><N who="0" m="49737" /><D107/><U70/><E17/><V106/><F106/><W51/><G56/><T69/><D69/><U58/><E125/><V41/><F41/><W19/><G19/><T27/><D127/><U65/><E70/><V39/><F39/><W33/><REACH who="3" step="1"/><G25/><REACH who="3" ten="240,250,309,191" step="2"/><T75/><D27/><U105/><E68/><V99/><F114/><W40/><AGARI ba="0,1" hai="26,30,33,40,44,51,78,79,85,90,92,93,98,101" machi="40" ten="20,8000,1" yaku="1,1,2,1,0,1,7,1,53,1" doraHai="135" doraHaiUra="38" who="3" fromWho="3" sc="240,-20,250,-40,309,-20,191,90" /><INIT seed="2,0,0,1,4,9" ten="220,210,289,281" oya="2" hai0="10,130,112,88,66,98,1,99,35,131,60,17,34" hai1="105,103,97,102,119,22,18,85,78,58,65,77,37" hai2="27,52,89,6,123,76,79,54,30,96,87,91,20" hai3="122,72,29,19,95,90,48,12,3,80,68,56,40"/><V93/><F123/><W75/><G122/><T101/><D112/><U92/><E37/><V124/><F124/><W121/><G121/><T107/><D1/><U126/><E126/><V86/><F6/><W11/><G68/><T109/><D109/><U110/><E110/><V51/><F96/><W57/><G3/><T132/><D132/><U67/><E119/><V47/><REACH who="2" step="1"/><F54/><REACH who="2" ten="220,210,279,281" step="2"/><W31/><G75/><T128/><D99/><U117/><E97/><V2/><F2/><W8/><G72/><T14/><REACH who="0" step="1"/><D88/><REACH who="0" ten="210,210,279,281" step="2"/><U73/><E102/><V46/><F46/><W83/><G90/><T114/><D114/><U118/><E103/><V133/><F133/><W49/><G83/><AGARI ba="0,2" hai="20,27,30,47,51,52,76,79,83,86,87,89,91,93" machi="83" ten="30,11600,0" yaku="1,1,7,1,8,1,54,1,53,0" doraHai="9" doraHaiUra="113" who="2" fromWho="3" sc="210,0,210,0,279,136,281,-116" /><INIT seed="2,1,0,0,5,18" ten="210,210,415,165" oya="2" hai0="49,97,132,85,58,21,51,131,41,15,56,104,123" hai1="84,120,6,87,76,109,110,7,27,0,9,25,59" hai2="82,47,37,73,65,50,100,83,11,61,38,86,40" hai3="48,32,78,118,74,3,63,126,66,117,43,42,96"/><V68/><F100/><W106/><G3/><T102/><D123/><U52/><E120/><V122/><F122/><W1/><G1/><T29/><D131/><U5/><E0/><V2/><F82/><W80/><G32/><T115/><D115/><U88/><E9/><V45/><F73/><W57/><G126/><T67/><D132/><U81/><E110/><V91/><REACH who="2" step="1"/><F47/><REACH who="2" ten="210,210,405,165" step="2"/><W98/><G106/><T134/><D134/><U26/><E109/><V135/><F135/><W14/><G118/><T128/><D128/><U69/><E69/><V119/><F119/><W10/><G117/><T23/><D58/><U35/><E35/><V53/><F53/><W72/><G74/><T130/><D130/><U31/><E31/><V121/><F121/><W54/><G42/><T39/><D29/><U77/><REACH who="1" step="1"/><E84/><REACH who="1" ten="210,200,405,165" step="2"/><V92/><F92/><W111/><G111/><T12/><D85/><U64/><E64/><V22/><F22/><W90/><G66/><T30/><D67/><U8/><E8/><V107/><F107/><W33/><G33/><T79/><D30/><U95/><E95/><V89/><F89/><W60/><G90/><T127/><D23/><U114/><E114/><V94/><F94/><W20/><G20/><T36/><D21/><U105/><E105/><V93/><F93/><W16/><REACH who="3" step="1"/><G43/><REACH who="3" ten="210,200,405,155" step="2"/><T116/><D116/><U13/><E13/><V133/><F133/><W101/><G101/><T4/><D15/><U70/><E70/><V19/><F19/><W44/><G44/><T112/><D12/><U75/><E75/><V71/><F71/><W24/><G24/><RYUUKYOKU ba="1,3" sc="210,-30,200,10,405,10,155,10" hai1="5,6,7,25,26,27,52,59,76,77,81,87,88" hai2="2,11,37,38,40,45,50,61,65,68,83,86,91" hai3="10,14,16,48,54,57,60,63,72,78,80,96,98" /><INIT seed="2,2,3,1,1,37" ten="180,210,415,165" oya="2" hai0="123,14,73,131,54,9,20,86,45,27,125,80,47" hai1="30,26,70,108,135,10,76,50,11,64,78,38,130" hai2="53,3,102,72,95,113,124,43,42,115,117,29,103" hai3="75,128,21,91,84,51,49,119,97,63,61,59,57"/><V106/><F117/><W46/><G119/><T39/><D123/><U90/><E38/><V77/><F3/><W92/><G75/><T15/><D73/><U13/><E108/><V111/><F72/><W44/><G128/><T40/><D131/><U32/><E130/><V67/><F67/><W24/><G84/><T81/><D125/><U58/><E135/><V8/><F8/><W48/><G59/><T93/><D93/><U22/><E32/><V132/><F95/><W19/><REACH who="3" step="1"/><G61/><REACH who="3" ten="180,210,415,155" step="2"/><T74/><D74/><U31/><E58/><V99/><F132/><W16/><G16/><T79/><D81/><U105/><E31/><V5/><F29/><W23/><G23/><T94/><D20/><U55/><E22/><V35/><F35/><W104/><G104/><T126/><D126/><U60/><E105/><V127/><F106/><W68/><G68/><T110/><D110/><U107/><E107/><V129/><F129/><W25/><G25/><T85/><D27/><U83/><E26/><V12/><F124/><W2/><G2/><T88/><REACH who="0" step="1"/><D9/><REACH who="0" ten="170,210,415,155" step="2"/><U41/><E11/><V6/><F127/><W100/><G100/><T28/><D28/><U62/><E30/><V120/><F102/><W109/><G109/><T65/><D65/><AGARI ba="2,5" hai="19,21,24,44,46,48,49,51,57,63,65,91,92,97" machi="65" ten="40,5200,0" yaku="1,1,8,1,53,1" doraHai="37" doraHaiUra="56" who="3" fromWho="0" sc="170,-58,210,0,415,0,155,108" /><INIT seed="3,0,0,2,2,10" ten="112,210,415,263" oya="3" hai0="49,61,31,59,58,64,60,107,79,101,82,99,121" hai1="116,90,47,92,2,103,13,98,77,131,125,32,89" hai2="65,91,40,54,133,33,124,48,53,68,17,132,122" hai3="134,100,1,113,115,86,62,88,37,5,21,57,74"/><W16/><G37/><T12/><D121/><U117/><E2/><V106/><F33/><W22/><G74/><T56/><D31/><U108/><E32/><V71/><F106/><W123/><G123/><T28/><D28/><U44/><E108/><V87/><F122/><W128/><G128/><T129/><D129/><U39/><E125/><V70/><F124/><W119/><G119/><N who="1" m="45642" /><E131/><V97/><F97/><W63/><G22/><T73/><D49/><U45/><E39/><V72/><F72/><W6/><G100/><T35/><D35/><U114/><E77/><V69/><F17/><W50/><G134/><N who="2" m="51817" /><F87/><W9/><G50/><T24/><D24/><U34/><E114/><V112/><F91/><N who="1" m="34825" /><E34/><V26/><F26/><W52/><G63/><T105/><D105/><U109/><E109/><V93/><F93/><W135/><G5/><T126/><D126/><U7/><E7/><V27/><F27/><W25/><G135/><T46/><D46/><U43/><E43/><V29/><F29/><W3/><G3/><T120/><D120/><U11/><E11/><V130/><F130/><W83/><AGARI ba="0,0" hai="1,6,9,16,21,25,52,57,62,83,86,88,113,115" machi="83" ten="20,12000,1" yaku="0,1,7,1,54,3" doraHai="10" who="3" fromWho="3" sc="112,-40,210,-40,415,-40,263,120" /><INIT seed="3,1,0,0,4,120" ten="72,170,375,383" oya="3" hai0="122,8,12,110,73,23,118,76,116,44,109,37,11" hai1="67,123,70,34,83,99,45,113,50,22,35,77,71" hai2="39,46,135,33,101,92,75,93,42,104,72,88,111" hai3="90,3,53,48,105,55,29,106,96,86,127,121,6"/><W47/><G121/><T117/><D122/><U17/><E123/><V98/><F135/><W64/><G127/><T89/><D73/><U66/><E113/><V40/><F33/><W4/><G64/><T19/><D76/><U51/><E99/><V102/><F111/><N who="0" m="42506" /><D89/><U21/><E83/><V20/><F102/><W10/><G29/><T74/><D74/><U14/><E45/><V119/><F119/><W82/><G6/><T59/><D59/><U108/><E108/><V107/><F107/><W28/><G28/><T95/><D95/><U16/><REACH who="1" step="1"/><E14/><REACH who="1" ten="72,160,375,383" step="2"/><V36/><F46/><W126/><G126/><T62/><D62/><U2/><E2/><V132/><F98/><W78/><G96/><T100/><D100/><U129/><E129/><V81/><F101/><W13/><G3/><T87/><D87/><U114/><E114/><V49/><F81/><W124/><G124/><T27/><D12/><U56/><E56/><V43/><F93/><W61/><G106/><T131/><D131/><U97/><E97/><V9/><F104/><W84/><G105/><T133/><D133/><U26/><E26/><V115/><F92/><W7/><G86/><T91/><D91/><U31/><E31/><V30/><F88/><W18/><G78/><AGARI ba="1,1" hai="16,17,21,22,34,35,50,51,66,67,70,71,77,78" machi="78" ten="25,6400,0" yaku="1,1,22,2,54,1,53,0" doraHai="120" doraHaiUra="54" who="1" fromWho="3" sc="72,0,160,77,375,0,383,-67" /><INIT seed="4,0,0,5,3,77" ten="72,237,375,316" oya="0" hai0="11,73,110,38,40,130,86,33,3,45,54,115,88" hai1="20,12,96,118,98,43,15,69,53,135,119,39,16" hai2="126,9,127,23,121,31,2,108,28,59,105,24,104" hai3="30,76,111,64,4,78,114,26,47,63,55,89,103"/><T51/><D33/><U131/><E69/><V57/><F121/><W34/><G111/><T21/><D110/><U22/><E131/><V29/><F108/><W99/><G114/><T120/><D120/><U113/><E113/><V37/><F37/><W27/><G4/><T109/><D109/><U85/><E53/><V84/><F9/><W112/><G112/><T91/><D115/><U117/><E135/><V13/><F13/><W61/><G89/><T124/><D73/><U122/><E122/><V67/><F2/><W101/><G101/><T42/><D124/><N who="2" m="47658" /><F84/><W62/><G26/><T80/><D130/><U79/><E43/><V7/><F7/><W32/><G32/><T52/><D3/><U100/><E39/><V87/><F87/><W95/><G64/><T60/><D11/><U132/><E132/><V83/><F83/><W17/><G17/><T35/><D35/><U10/><E100/><V46/><F46/><W5/><G5/><T19/><D38/><U41/><E41/><V102/><F67/><W65/><G65/><T82/><D91/><U48/><E48/><V133/><F133/><W66/><G66/><T6/><D6/><U90/><E79/><V97/><F105/><W8/><G8/><T70/><D70/><U25/><E10/><V74/><F74/><W0/><G0/><T128/><D128/><U68/><E68/><V44/><F44/><W1/><G1/><T18/><D80/><N who="1" m="49447" /><E22/><V50/><F50/><N who="3" m="29151" /><G78/><T123/><D123/><U116/><N who="1" m="29696" /><DORA hai="94" /><U58/><E58/><AGARI ba="0,0" hai="23,24,28,29,31,57,58,59,97,102,104" m="47658" machi="58" ten="30,2000,0" yaku="18,1,52,1" doraHai="77,94" who="2" fromWho="1" sc="72,0,237,-20,375,20,316,0" /><INIT seed="5,0,0,0,2,105" ten="72,217,395,316" oya="1" hai0="39,59,122,50,91,57,32,52,94,48,125,24,62" hai1="104,28,135,12,4,29,83,5,7,6,54,0,49" hai2="47,99,89,132,101,45,10,113,92,27,124,34,129" hai3="118,43,21,133,20,87,106,79,126,74,55,84,114"/><U67/><E104/><V66/><F132/><W100/><G114/><T17/><D125/><U86/><E135/><V68/><F124/><W60/><G126/><T19/><D39/><U35/><E67/><V88/><F10/><W97/><G133/><T13/><D122/><U81/><E0/><V71/><F129/><W102/><G118/><T58/><D32/><U61/><E61/><V65/><F101/><W1/><G1/><T14/><D24/><U103/><E103/><V112/><F27/><W56/><G102/><T72/><D72/><U51/><E35/><V11/><F11/><W69/><G69/><T30/><D30/><N who="1" m="11883" /><E54/><V70/><F34/><W18/><G21/><T22/><D50/><N who="1" m="18955" /><E86/><V31/><F31/><W46/><G46/><N who="2" m="17417" /><F89/><W109/><G43/><T128/><D128/><U33/><E33/><V134/><F134/><W116/><G116/><T15/><D62/><U78/><E78/><V107/><F107/><W36/><G36/><T42/><D42/><U131/><E131/><V25/><F25/><W76/><G76/><T95/><D15/><U85/><E85/><V110/><F110/><W111/><G109/><T2/><D2/><U93/><E93/><V26/><F26/><N who="3" m="14615" /><G111/><T37/><D37/><U130/><E130/><V38/><F38/><W44/><G44/><T96/><REACH who="0" step="1"/><D94/><REACH who="0" ten="62,217,395,316" step="2"/><U119/><E119/><V3/><F3/><W8/><G60/><T53/><D53/><U16/><N who="1" m="1024" /><DORA hai="98" /><U80/><E12/><V120/><F120/><W23/><G106/><T64/><D64/><U115/><E115/><N who="2" m="44107" /><F66/><W90/><G55/><T77/><D77/><RYUUKYOKU ba="0,1" sc="62,10,217,10,395,10,316,-30" hai0="13,14,17,19,22,48,52,57,58,59,91,95,96" hai1="16,80,81,83" hai2="65,68,70,71,88,92,99" /><INIT seed="5,1,1,1,4,32" ten="72,227,405,286" oya="1" hai0="30,80,70,45,77,72,20,61,36,111,107,65,67" hai1="130,28,97,60,87,91,3,116,33,83,44,110,22" hai2="134,94,133,125,81,25,14,17,49,103,54,135,85" hai3="100,109,50,26,95,86,75,114,7,88,132,119,24"/><U76/><E116/><V39/><F125/><W90/><G109/><T68/><D111/><U5/><E110/><V117/><F39/><W11/><G75/><T63/><D20/><U55/><E33/><V4/><F4/><W122/><G122/><T34/><D107/><U92/><E130/><V93/><F25/><W1/><G119/><T120/><D120/><U102/><E3/><V104/><F104/><W46/><G114/><T31/><REACH who="0" step="1"/><D34/><REACH who="0" ten="62,227,405,286" step="2"/><U106/><E22/><N who="2" m="11575" /><F117/><W47/><G132/><T128/><D128/><U59/><E28/><V0/><F103/><W12/><G100/><T40/><AGARI ba="1,2" hai="30,31,36,40,45,61,63,65,67,68,70,72,77,80" machi="40" ten="30,4000,0" yaku="1,1,0,1,9,1,53,0" doraHai="32" doraHaiUra="2" who="0" fromWho="0" sc="62,63,227,-21,405,-11,286,-11" /><INIT seed="6,0,0,1,4,80" ten="125,206,394,275" oya="2" hai0="135,31,126,69,9,134,8,71,47,130,70,10,64" hai1="51,58,41,14,112,33,3,97,120,18,48,35,57" hai2="32,83,68,95,13,52,91,42,39,30,46,127,86" hai3="53,38,84,40,15,73,16,37,107,22,109,103,104"/><V82/><F68/><W125/><G109/><T78/><D64/><U90/><E3/><V28/><F127/><W72/><G125/><T117/><D126/><U27/><E112/><V88/><F32/><W65/><G65/><T81/><D130/><U66/><E120/><V116/><F116/><W7/><G7/><T44/><D31/><U19/><E41/><V121/><F121/><W113/><G103/><T1/><D1/><U0/><E0/><V77/><F13/><W79/><G40/><T96/><D96/><U49/><E66/><V87/><F52/><W114/><G53/><T6/><D6/><U129/><E129/><V20/><F20/><W85/><G107/><T76/><D117/><U98/><E27/><V24/><F24/><W75/><G104/><T12/><D12/><U102/><E102/><V124/><F124/><W100/><G100/><T133/><D81/><U94/><E14/><V23/><F23/><W29/><G29/><T43/><D43/><U45/><E45/><AGARI ba="0,0" hai="8,9,10,44,45,47,69,70,71,76,78,133,134,135" machi="45" ten="60,8000,1" yaku="29,2,28,2,20,1" doraHai="80" who="0" fromWho="1" sc="125,80,206,-80,394,0,275,0" /><INIT seed="7,0,0,4,0,109" ten="205,126,394,275" oya="3" hai0="117,35,54,119,97,61,115,15,102,101,85,36,11" hai1="67,13,29,39,90,78,126,34,70,5,74,129,69" hai2="26,66,47,58,46,56,135,28,20,51,98,50,116" hai3="17,49,1,7,65,41,64,22,110,108,122,72,40"/><W121/><G72/><T77/><D36/><U60/><E39/><V25/><F116/><W100/><G100/><T31/><D31/><U133/><E29/><V127/><F135/><W89/><G89/><T134/><D35/><U80/><E34/><V52/><F127/><W84/><G84/><T9/><D134/><U76/><E133/><V83/><F66/><W19/><G7/><T106/><D102/><U42/><E42/><V33/><F98/><W91/><G91/><T111/><D111/><U32/><E32/><V81/><F33/><W107/><G49/><T16/><D9/><U68/><E126/><V132/><F132/><W124/><G124/><T24/><D24/><U123/><E123/><V130/><F130/><W105/><REACH who="3" step="1"/><G22/><REACH who="3" ten="205,126,394,265" step="2"/><T120/><D85/><U113/><E129/><V14/><F20/><W63/><G63/><T131/><D131/><U3/><E76/><V0/><F51/><W96/><G96/><T53/><D77/><U55/><E90/><V112/><F50/><W118/><G118/><T93/><D61/><U87/><E74/><V30/><F83/><W10/><G10/><T104/><D119/><U43/><E5/><V94/><F81/><W37/><G37/><T27/><D117/><U71/><E80/><V79/><F79/><W86/><G86/><T125/><D11/><U8/><E87/><V128/><F128/><W48/><G48/><T21/><D97/><U62/><E78/><V88/><F88/><W73/><G73/><T92/><D21/><U45/><E8/><V95/><F95/><N who="0" m="36426" /><D125/><U12/><N who="1" m="17408" /><DORA hai="59" /><U6/><E60/><RYUUKYOKU ba="0,1" sc="205,-10,126,-10,394,-10,265,30" hai3="1,17,19,40,41,64,65,105,107,108,110,121,122" /><INIT seed="7,1,1,2,2,107" ten="195,116,384,295" oya="3" hai0="27,66,100,45,67,49,57,38,123,60,120,119,128" hai1="12,22,65,33,6,59,54,127,94,125,15,113,43" hai2="86,82,47,25,41,80,20,36,84,46,129,96,30" hai3="39,87,126,62,118,29,133,55,61,0,121,77,117"/><W109/><G0/><T52/><D100/><U71/><E33/><V134/><F134/><W53/><G29/><T79/><D79/><U135/><E135/><V21/><F129/><W78/><G133/><T63/><D27/><U92/><E43/><V58/><F58/><W95/><G39/><T1/><D1/><U10/><E113/><V122/><F122/><W130/><G121/><T75/><D75/><U108/><E108/><V44/><F96/><W50/><G126/><T105/><D105/><U13/><E65/><V131/><F131/><W102/><G130/><T28/><D28/><U56/><E71/><V110/><F110/><W4/><G109/><T34/><D119/><U8/><E22/><V101/><F101/><W51/><G102/><T5/><D5/><U74/><E54/><V18/><F84/><W72/><G4/><T69/><D34/><U73/><E13/><V106/><F82/><W2/><G87/><T132/><D132/><U103/><E103/><V70/><F70/><W76/><G76/><T97/><D97/><U90/><E6/><V42/><F106/><W37/><G2/><T98/><D98/><U116/><E90/><N who="2" m="51527" /><F36/><W104/><G37/><T31/><D31/><U114/><E114/><V16/><F30/><W83/><G118/><T23/><D128/><U89/><REACH who="1" step="1"/><E89/><REACH who="1" ten="195,106,384,295" step="2"/><V99/><F21/><W19/><G53/><N who="0" m="31919" /><D23/><U111/><E111/><V3/><F42/><W124/><G104/><T26/><D52/><U7/><E7/><V17/><F41/><W112/><G55/><T40/><D123/><U32/><E32/><V91/><F3/><RYUUKYOKU ba="1,2" sc="195,-15,106,15,384,15,295,-15" hai1="8,10,12,15,56,59,73,74,92,94,116,125,127" hai2="16,17,18,20,25,44,46,47,91,99" owari="180,-22.0,121,-37.9,419,51.9,280,8.0" /></mjloggm>