<mjloggm ver="2.3"><GO type="169" lobby="0"/><UN n0="%E6%81%8B%E3%81%AE%E3%81%86%E3%81%9F" n1="%41%6C%6C%2D%4C%75%63%6B" n2="%E3%82%89%E3%81%84%E3%81%B5%E3%81%8C%E3%83%BC%E3%81%A9%E3%81%99%E3%81%8D" n3="%E5%A4%95%E5%87%AA" dan="17,16,17,17" rate="2211.84,2140.50,2086.89,2078.00" sx="M,M,M,M"/><TAIKYOKU oya="0"/><INIT seed="0,0,0,4,2,130" ten="250,250,250,250" oya="0" hai0="51,22,93,24,122,6,126,111,31,131,108,94,120" hai1="39,84,114,82,12,42,33,124,50,85,47,21,45" hai2="127,48,35,96,14,116,27,44,72,40,38,80,55" hai3="89,46,83,59,109,86,49,7,3,58,53,57,98"/><T81/><D131/><U30/><E33/><V71/><F71/><W119/><G109/><N who="0" m="42059" /><D126/><U0/><E0/><V18/><F127/><W102/><G119/><T125/><D125/><U115/><E124/><V100/><F116/><W88/><G3/><T132/><D6/><U128/><E128/><V28/><F80/><W68/><G68/><T70/><D70/><U110/><E110/><V52/><F72/><W65/><G7/><T133/><D51/><U129/><E129/><V99/><F38/><W2/><G2/><T9/><D9/><U87/><E82/><V4/><F4/><W103/><G65/><T17/><D81/><U97/><E97/><V10/><REACH who="2" step="1"/><F99/><REACH who="2" ten="250,250,240,250" step="2"/><W74/><G74/><T107/><D107/><AGARI ba="0,1" hai="10,14,18,27,28,35,40,44,48,52,55,96,100,107" machi="107" ten="30,7700,0" yaku="1,1,2,1,7,1,54,1,53,0" doraHai="130" doraHaiUra="117" who="2" fromWho="0" sc="250,-77,250,0,240,87,250,0" /><INIT seed="1,0,0,5,4,24" ten="173,250,327,250" oya="1" hai0="133,117,132,100,17,32,29,6,0,87,86,49,134" hai1="116,98,52,67,78,59,88,96,84,79,44,105,55" hai2="91,89,45,14,70,56,64,20,23,123,10,76,72" hai3="28,1,43,50,73,82,40,92,57,42,51,38,37"/><U71/><E116/><V101/><F70/><W69/><G92/><T94/><D117/><U18/><E71/><V11/><F123/><W112/><G82/><T131/><D17/><U127/><E127/><V93/><F45/><W121/><G73/><T61/><D131/><U129/><E105/><V33/><F33/><W97/><G97/><N who="1" m="37482" /><E67/><V21/><F101/><W48/><G1/><T12/><D0/><U126/><E126/><V125/><F125/><W80/><G80/><T54/><D61/><N who="1" m="36071" /><E18/><V19/><F76/><W106/><G106/><T102/><D102/><U58/><E44/><V120/><F72/><W7/><G69/><T63/><D63/><N who="1" m="36319" /><E129/><V9/><F120/><W13/><G112/><T124/><D124/><U119/><E119/><V75/><F75/><W85/><G121/><T5/><D100/><U104/><E104/><V4/><F19/><W110/><G57/><T74/><D74/><U115/><E115/><V3/><F3/><W90/><G38/><T25/><D12/><U111/><E111/><V47/><F47/><W118/><G37/><T65/><D65/><U46/><E46/><V16/><F56/><W31/><G110/><T103/><D54/><U36/><E36/><V68/><F64/><W30/><G118/><T83/><D49/><U8/><E8/><N who="2" m="6215" /><F68/><W60/><G60/><T77/><REACH who="0" step="1"/><D103/><REACH who="0" ten="163,250,327,250" step="2"/><U108/><E108/><V66/><F66/><W122/><G122/><T113/><D113/><U41/><E41/><V35/><F9/><N who="3" m="4287" /><G90/><AGARI ba="0,1" hai="5,6,25,29,32,77,83,86,87,90,94,132,133,134" machi="90" ten="40,12000,2" yaku="1,1,20,1,52,1,53,3" doraHai="24" doraHaiUra="128" who="0" fromWho="3" sc="163,130,250,0,327,0,250,-120" /><INIT seed="2,0,0,5,5,79" ten="293,250,327,130" oya="2" hai0="34,45,104,36,84,37,93,131,117,70,103,18,133" hai1="1,35,122,62,113,42,40,106,132,58,16,32,12" hai2="101,87,21,20,88,50,52,27,69,4,100,26,11" hai3="110,97,96,56,22,19,89,116,59,10,99,6,71"/><V77/><F69/><W63/><G110/><T73/><D131/><U54/><E106/><V31/><F77/><W68/><G116/><T135/><D34/><U74/><E1/><V64/><F64/><W57/><G63/><T129/><D129/><U39/><E113/><V29/><F11/><W55/><G55/><T119/><D73/><U48/><E132/><N who="0" m="50761" /><D18/><U105/><E105/><V67/><F4/><W81/><G89/><N who="0" m="53415" /><D70/><U127/><E127/><V109/><F67/><W8/><G8/><T33/><D33/><U128/><E74/><V85/><F109/><W90/><G90/><T107/><D107/><U46/><E122/><V49/><F88/><W44/><G44/><T2/><D2/><U43/><E128/><V112/><REACH who="2" step="1"/><F52/><REACH who="2" ten="293,250,317,130" step="2"/><W38/><G71/><T130/><D130/><U115/><E115/><AGARI ba="0,1" hai="20,21,26,27,29,31,49,50,85,87,100,101,112,115" machi="115" ten="25,18000,2" yaku="1,1,2,1,22,2,53,2" doraHai="79" doraHaiUra="82" who="2" fromWho="1" sc="293,0,250,-180,317,190,130,0" /><INIT seed="2,1,0,0,5,56" ten="293,70,507,130" oya="2" hai0="42,99,72,116,52,66,1,90,135,111,10,132,123" hai1="30,124,89,77,45,55,26,96,61,119,29,118,25" hai2="46,95,62,103,54,43,91,40,68,134,51,6,35" hai3="130,85,74,9,4,110,5,2,87,71,57,101,125"/><V129/><F134/><W73/><G71/><T36/><D123/><U79/><E124/><V15/><F129/><W12/><G130/><T80/><D111/><U105/><E105/><V133/><F35/><W21/><G101/><T122/><D122/><U127/><E127/><V48/><F133/><W120/><G120/><T102/><D66/><U22/><E119/><V49/><F103/><W126/><G57/><T98/><D116/><U33/><E118/><V17/><F6/><W93/><G93/><T104/><D99/><U20/><E33/><V7/><F7/><W92/><G92/><T44/><D90/><U94/><E45/><V108/><F108/><W113/><G21/><T106/><D135/><U86/><E86/><V121/><F121/><W13/><G9/><T31/><D31/><U47/><E47/><V82/><F82/><W117/><G117/><T32/><D132/><U28/><E28/><V107/><F107/><W78/><G78/><T18/><D104/><U53/><E53/><V112/><F112/><W14/><G14/><T11/><D32/><U3/><E3/><V88/><F91/><W27/><G110/><T128/><D128/><U64/><E55/><V75/><F43/><W65/><G2/><T37/><D1/><U0/><E0/><V81/><F40/><W38/><G113/><T100/><D42/><U59/><AGARI ba="1,0" hai="20,22,25,26,29,30,59,61,64,77,79,89,94,96" machi="59" ten="20,8000,1" yaku="0,1,7,1,9,1,8,1,52,1" doraHai="56" who="1" fromWho="1" sc="293,-21,70,83,507,-41,130,-21" /><INIT seed="3,0,0,0,3,83" ten="272,153,466,109" oya="3" hai0="69,3,104,44,76,7,63,19,84,8,28,66,11" hai1="65,71,24,127,117,51,48,100,77,94,122,29,64" hai2="5,68,27,134,36,49,12,102,10,120,78,0,88" hai3="116,37,82,41,31,59,118,73,57,50,80,47,62"/><W132/><G31/><T119/><D119/><U90/><E122/><V92/><F36/><W53/><G82/><T43/><D104/><U107/><E127/><V18/><F68/><W128/><G128/><T133/><D133/><U101/><E71/><V130/><F102/><N who="1" m="39529" /><E77/><V2/><F120/><W75/><G75/><T32/><D8/><U17/><E29/><V42/><F134/><W30/><G30/><T129/><D19/><U21/><E107/><V105/><F105/><W135/><G73/><T99/><D99/><N who="1" m="57815" /><E117/><N who="3" m="45162" /><G80/><T70/><D70/><U72/><E72/><V15/><F78/><W98/><G98/><T125/><D125/><U112/><E112/><V14/><F0/><W61/><G37/><T96/><D129/><U6/><E6/><V55/><F2/><W45/><G45/><T67/><D28/><U131/><E131/><V4/><F5/><W121/><G121/><T91/><D76/><U54/><E51/><V114/><F4/><W123/><G123/><T87/><D32/><U103/><N who="1" m="39537" /><U79/><DORA hai="106" /><E79/><V109/><F130/><W40/><G40/><T39/><REACH who="0" step="1"/><D66/><AGARI ba="0,0" hai="41,47,50,53,57,59,61,62,66,132,135" m="45162" machi="66" ten="30,2900,0" yaku="34,2" doraHai="83,106" who="3" fromWho="0" sc="272,-29,153,0,466,0,109,29" /><INIT seed="3,1,0,1,1,116" ten="243,153,466,138" oya="3" hai0="122,56,62,51,94,85,16,83,103,114,61,126,46" hai1="41,7,66,98,101,127,72,13,10,75,39,77,88" hai2="69,117,21,79,70,2,86,3,1,71,54,80,47" hai3="6,113,102,105,42,68,5,55,49,19,109,53,23"/><W32/><G113/><T44/><D122/><U28/><E127/><V40/><F117/><W91/><G32/><T29/><D29/><U84/><E28/><V11/><F21/><W0/><G68/><T95/><D126/><U31/><E77/><V22/><F22/><W130/><G130/><T118/><D118/><U92/><E31/><V24/><F24/><W38/><G105/><T58/><D103/><U108/><E108/><V99/><F99/><W63/><G102/><T27/><D51/><U35/><E66/><V135/><F135/><W125/><G38/><T73/><D73/><U74/><E35/><V81/><F54/><N who="3" m="20491" /><G63/><T17/><D85/><U128/><E128/><V9/><REACH who="2" step="1"/><F81/><REACH who="2" ten="243,153,456,138" step="2"/><W131/><G125/><T26/><REACH who="0" step="1"/><D83/><REACH who="0" ten="233,153,456,138" step="2"/><U96/><REACH who="1" step="1"/><E101/><REACH who="1" ten="233,143,456,138" step="2"/><V78/><F78/><W8/><G131/><T90/><D90/><U112/><E112/><AGARI ba="1,3" hai="16,17,26,27,44,46,56,58,61,62,94,95,112,114" machi="112" ten="25,6400,0" yaku="1,1,22,2,54,1,53,0" doraHai="116" doraHaiUra="106" who="0" fromWho="1" sc="233,97,143,-67,456,0,138,0" /><INIT seed="4,0,0,2,1,113" ten="330,76,456,138" oya="0" hai0="79,39,17,27,61,8,51,49,53,127,77,7,126" hai1="89,71,98,69,5,16,4,55,40,102,78,45,33" hai2="67,122,111,101,75,31,108,106,131,132,97,11,10" hai3="70,68,19,105,18,72,118,3,62,100,63,57,23"/><T21/><D39/><U52/><E33/><V60/><F122/><W15/><G3/><T35/><D61/><U80/><E89/><V1/><F131/><W76/><G72/><T107/><D107/><U110/><E110/><N who="2" m="42027" /><F132/><W32/><G76/><T6/><D35/><U109/><E109/><V38/><F38/><W83/><G83/><T48/><D53/><U43/><E80/><V119/><F75/><W20/><G32/><T114/><D114/><U58/><E78/><V121/><F31/><W134/><G134/><T93/><D7/><U99/><E58/><N who="2" m="37271" /><F1/><W42/><G42/><T129/><D129/><U30/><E45/><V85/><F121/><W13/><G57/><T82/><D93/><U9/><E9/><V103/><F85/><W95/><G95/><T128/><D128/><U115/><E115/><V88/><F88/><W123/><G100/><T14/><REACH who="0" step="1"/><D79/><REACH who="0" ten="320,76,456,138" step="2"/><U117/><E43/><V28/><F106/><W59/><G105/><T0/><D0/><U125/><E40/><V94/><F94/><W50/><G123/><T47/><D47/><U135/><E135/><V87/><F103/><W64/><G50/><T44/><D44/><U66/><E102/><V96/><F101/><W133/><G133/><T29/><D29/><U90/><E90/><V36/><F28/><W2/><G2/><T73/><AGARI ba="0,1" hai="6,8,14,17,21,27,48,49,51,73,77,82,126,127" machi="73" ten="30,12000,1" yaku="1,1,0,1,53,3" doraHai="113" doraHaiUra="46" who="0" fromWho="0" sc="320,130,76,-40,456,-40,138,-40" /><INIT seed="4,1,0,4,0,32" ten="450,36,416,98" oya="0" hai0="77,102,132,15,61,37,60,29,24,131,108,42,123" hai1="23,28,71,10,80,13,14,130,1,25,114,27,35" hai2="59,69,78,95,81,88,89,18,58,66,56,75,21" hai3="62,125,65,16,82,2,87,79,93,31,47,100,96"/><T0/><D123/><U127/><E71/><V12/><REACH who="2" step="1"/><F95/><REACH who="2" ten="450,36,406,98" step="2"/><W57/><G93/><T17/><D108/><U128/><E80/><V122/><F122/><W54/><G82/><T135/><D135/><U68/><E68/><V49/><F49/><W126/><G126/><T110/><D132/><U116/><E127/><V111/><F111/><W67/><G125/><T55/><D110/><U45/><E116/><V22/><F22/><W7/><G67/><T11/><D61/><AGARI ba="1,1" hai="12,18,21,56,58,59,61,66,69,75,78,81,88,89" machi="61" ten="40,5200,0" yaku="21,2,54,1,53,0" doraHai="32" doraHaiUra="51" who="2" fromWho="0" sc="450,-55,36,0,406,65,98,0" /><INIT seed="5,0,0,4,3,44" ten="395,36,471,98" oya="1" hai0="60,68,43,121,34,100,111,96,36,1,124,63,102" hai1="128,9,132,58,52,20,6,105,125,98,84,122,113" hai2="24,82,33,30,127,28,10,130,77,75,7,47,86" hai3="18,123,50,95,0,57,23,76,87,101,3,16,64"/><U25/><E122/><V59/><F127/><W11/><G123/><T2/><D121/><U117/><E128/><V78/><F130/><W39/><G39/><T88/><D111/><U48/><E117/><V40/><F30/><W45/><G0/><T91/><D96/><U35/><E132/><V54/><F78/><W120/><G120/><T97/><D97/><U79/><E35/><V109/><F109/><W71/><G71/><T129/><D129/><U83/><E113/><V27/><F86/><W107/><G3/><T17/><D43/><U114/><E114/><V90/><F90/><W73/><G73/><T13/><D13/><U55/><E125/><V56/><F54/><W29/><G107/><T89/><D124/><U22/><E55/><V119/><F27/><N who="3" m="16639" /><G11/><T69/><D91/><U32/><E32/><V94/><F94/><W104/><G104/><T4/><D34/><U80/><E80/><V116/><F119/><W21/><G21/><T37/><REACH who="0" step="1"/><D17/><REACH who="0" ten="385,36,471,98" step="2"/><U42/><E42/><V49/><F116/><W31/><G16/><T134/><D134/><U61/><E98/><V15/><AGARI ba="0,1" hai="7,10,15,24,28,33,40,47,49,56,59,75,77,82" machi="15" ten="20,2700,0" yaku="0,1,7,1,52,1" doraHai="44" who="2" fromWho="2" sc="385,-7,36,-13,471,37,98,-7" /><INIT seed="6,0,0,0,0,18" ten="378,23,508,91" oya="2" hai0="61,31,94,43,12,49,8,21,53,101,135,55,47" hai1="52,74,34,23,46,91,84,59,60,103,131,90,79" hai2="65,77,58,132,73,69,41,67,7,17,27,10,134" hai3="86,6,93,9,116,113,105,118,97,89,96,13,114"/><V40/><F69/><W3/><G3/><T64/><D135/><N who="2" m="51754" /><F77/><W111/><G6/><T51/><D101/><U87/><E34/><V123/><F73/><W80/><G9/><T104/><D104/><U71/><E131/><V72/><F72/><W66/><G66/><N who="2" m="25097" /><F58/><W37/><G13/><T83/><D94/><U107/><E71/><V56/><F56/><W24/><G24/><T99/><D99/><U1/><E1/><N who="2" m="367" /><F123/><W33/><G118/><T98/><D98/><U4/><E74/><V2/><F2/><W82/><G97/><T42/><D64/><U63/><E79/><V0/><F0/><W15/><G96/><T39/><D61/><N who="1" m="36071" /><E103/><V109/><F109/><W19/><G111/><T22/><D39/><U100/><E100/><V26/><F26/><W88/><G37/><T75/><D75/><U50/><E107/><V5/><F5/><W125/><G105/><T70/><D70/><U108/><E4/><V85/><F85/><N who="1" m="32841" /><E108/><V106/><F106/><W28/><G116/><T32/><D32/><U117/><E117/><V130/><F130/><W128/><G128/><T30/><D12/><U92/><E90/><V120/><F120/><W127/><G89/><T122/><D122/><U20/><E91/><V38/><F38/><W119/><G119/><T112/><D47/><U36/><E36/><V81/><F81/><W115/><G82/><T129/><D129/><U48/><E92/><V14/><F14/><W126/><G93/><T11/><D83/><U133/><E133/><V54/><F54/><W29/><G33/><T95/><D95/><U124/><E46/><RYUUKYOKU ba="0,0" sc="378,10,23,-30,508,10,91,10" hai0="8,11,21,22,30,31,42,43,49,51,53,55,112" hai2="17,27,40,41" hai3="15,19,28,29,80,86,88,113,114,115,125,126,127" owari="388,18.8,-7,-50.7,518,61.8,101,-29.9" /></mjloggm>