<mjloggm ver="2.3"><GO type="169" lobby="0"/><UN n0="%E3%81%A1%E3%82%83%E3%81%B0%E3%82%8A%E3%83%BC%E3%82%84" n1="%E3%83%95%E3%82%AF%E3%83%AD%E3%82%A6%E3%82%B5%E3%83%B3" n2="%E3%81%8B%E3%82%81%E3%81%98%E3%82%8D%E3%81%86" n3="%E3%82%86%E3%81%88%EF%BC%A0%E9%9B%80%E9%AC%BC%E6%B5%81%E7%B8%9B%E3%82%8A" dan="16,17,16,17" rate="2134.85,2177.73,2149.22,2151.92" sx="M,M,M,F"/><TAIKYOKU oya="0"/><INIT seed="0,0,0,3,3,21" ten="250,250,250,250" oya="0" hai0="57,29,39,135,122,70,103,9,121,38,82,10,97" hai1="58,41,81,25,22,104,123,113,87,118,36,52,15" hai2="67,114,31,13,119,75,2,6,109,126,34,86,93" hai3="40,11,71,98,69,120,130,33,101,68,49,108,91"/><T106/><D135/><U28/><E118/><V127/><F67/><W24/><G91/><T56/><D70/><U131/><E123/><V83/><F114/><W105/><G120/><T76/><D56/><U100/><E113/><V23/><F93/><W73/><G130/><T17/><D57/><U116/><E116/><V61/><F61/><W74/><G108/><T65/><D65/><U8/><E131/><V42/><F42/><W125/><G125/><T62/><D62/><U53/><E104/><V63/><F63/><W12/><G49/><T134/><D134/><U44/><E100/><V27/><F75/><W55/><G55/><T19/><D29/><U78/><REACH who="1" step="1"/><E58/><REACH who="1" ten="250,240,250,250" step="2"/><V115/><F119/><W107/><G107/><T99/><D103/><U66/><E66/><V89/><F115/><W133/><G133/><T128/><D106/><U124/><E124/><V7/><F109/><W90/><G71/><T77/><D128/><U43/><E43/><V30/><F126/><W102/><G40/><T51/><REACH who="0" step="1"/><D82/><REACH who="0" ten="240,240,250,250" step="2"/><U112/><E112/><V3/><F127/><W32/><G102/><T84/><D84/><U85/><E85/><V96/><F96/><W64/><G64/><T80/><D80/><U92/><E92/><V1/><F83/><W48/><G69/><T45/><D45/><U5/><AGARI ba="0,2" hai="5,8,15,22,25,28,36,41,44,52,53,78,81,87" machi="5" ten="20,8000,1" yaku="1,1,0,1,7,1,52,1,54,1,53,0" doraHai="21" doraHaiUra="94" who="1" fromWho="1" sc="240,-40,240,100,250,-20,250,-20" /><INIT seed="1,0,0,1,1,58" ten="200,340,230,230" oya="1" hai0="117,14,53,42,47,124,74,1,16,90,66,26,76" hai1="39,54,34,75,49,59,23,37,43,108,96,93,25" hai2="8,123,60,72,109,87,97,113,134,46,101,86,11" hai3="120,27,112,44,7,61,92,10,133,110,2,18,84"/><U121/><E121/><V65/><F123/><W22/><G44/><T122/><D122/><U114/><E114/><V52/><F72/><W94/><G120/><T100/><D117/><U103/><E34/><V131/><F109/><W85/><G112/><T6/><D124/><U111/><E75/><V45/><F131/><W55/><G110/><N who="1" m="42026" /><E43/><V51/><F134/><W104/><G104/><T56/><D66/><U127/><E127/><V31/><F46/><W40/><G40/><T105/><D26/><U15/><E15/><V62/><F31/><AGARI ba="0,0" hai="23,25,31,37,39,49,54,59,93,96,103" m="42026" machi="31" ten="30,2900,0" yaku="14,1,10,1" doraHai="58" who="1" fromWho="2" sc="200,0,340,29,230,-29,230,0" /><INIT seed="1,1,0,1,4,113" ten="200,369,201,230" oya="1" hai0="96,119,41,67,102,29,72,6,1,50,99,40,9" hai1="71,14,76,75,133,18,34,68,10,118,126,30,74" hai2="46,28,60,49,23,47,36,62,65,93,110,106,42" hai3="11,97,15,103,66,108,58,127,25,86,90,135,70"/><U94/><E133/><V17/><F106/><W84/><G70/><T130/><D130/><U26/><E126/><V117/><F117/><W63/><G127/><T48/><D72/><U52/><E118/><V73/><F73/><W20/><G135/><T129/><D129/><U101/><E75/><V82/><F110/><W91/><G108/><T107/><D119/><U87/><E74/><V51/><F28/><W2/><G2/><T109/><D109/><U124/><E124/><V92/><F82/><W45/><G45/><T32/><D67/><U8/><E8/><V21/><F36/><W89/><G15/><T5/><D5/><U0/><E101/><V120/><F120/><W131/><G11/><T116/><D116/><U53/><E0/><V4/><F4/><W128/><G131/><T98/><D29/><U55/><REACH who="1" step="1"/><E94/><REACH who="1" ten="200,359,201,230" step="2"/><V38/><F92/><N who="3" m="58791" /><G128/><T54/><D107/><U35/><E35/><V85/><F38/><W12/><G12/><T19/><D32/><U69/><E69/><V33/><F33/><W61/><G61/><T122/><D102/><U115/><E115/><V27/><F62/><W125/><G125/><T13/><D1/><U83/><AGARI ba="1,1" hai="10,14,18,26,30,34,52,53,55,68,71,76,83,87" machi="83" ten="30,6000,0" yaku="1,1,0,1,54,1,53,0" doraHai="113" doraHaiUra="39" who="1" fromWho="1" sc="200,-21,359,73,201,-21,230,-21" /><INIT seed="1,2,0,1,4,104" ten="179,432,180,209" oya="1" hai0="22,114,65,21,6,80,4,50,125,3,89,1,99" hai1="0,25,119,92,35,67,121,40,29,8,126,112,69" hai2="75,110,10,9,28,59,60,43,18,111,64,79,77" hai3="27,100,39,53,133,26,23,115,103,96,108,52,97"/><U55/><E112/><V38/><F28/><W62/><G39/><T78/><D114/><U36/><E119/><V128/><F128/><W48/><G115/><T93/><D125/><U116/><E116/><V95/><F95/><W44/><G133/><T122/><D122/><U41/><E121/><V5/><F18/><W15/><G15/><T105/><D65/><U2/><E126/><V76/><F10/><W58/><G108/><N who="2" m="41513" /><F43/><W12/><G12/><T117/><D117/><U17/><E92/><V16/><F38/><W70/><G70/><T24/><D105/><U90/><E55/><V37/><F37/><W101/><REACH who="3" step="1"/><G27/><REACH who="3" ten="179,432,180,199" step="2"/><T113/><D113/><U87/><E36/><V106/><F106/><W71/><G71/><T91/><D24/><U47/><E69/><V32/><F32/><W66/><G66/><T31/><D1/><U94/><E67/><V135/><F135/><W132/><G132/><T107/><D3/><U84/><E0/><V42/><F5/><W73/><G73/><T7/><D4/><U102/><E2/><V130/><F130/><W11/><G11/><T85/><D6/><U72/><E72/><V20/><F9/><W127/><G127/><T118/><D7/><U51/><E8/><V98/><F75/><W14/><G14/><T57/><D118/><U109/><E109/><V88/><F64/><W74/><G74/><T34/><D21/><U131/><E131/><V33/><F33/><W82/><G82/><T46/><D22/><U56/><E25/><V61/><F20/><W49/><G49/><T134/><D134/><U86/><E35/><RYUUKYOKU ba="2,1" sc="179,-10,432,-10,180,-10,199,30" hai3="23,26,44,48,52,53,58,62,96,97,100,101,103" /><INIT seed="2,3,1,5,0,116" ten="169,422,170,229" oya="2" hai0="11,78,0,115,87,26,107,16,121,99,72,20,7" hai1="110,67,71,85,76,123,81,36,73,32,101,96,57" hai2="114,17,66,93,13,103,61,130,94,63,119,35,82" hai3="29,75,46,19,89,50,68,42,80,125,21,40,95"/><V118/><F114/><W117/><G68/><T54/><D115/><U98/><E36/><V86/><F35/><W5/><G117/><T131/><D131/><U127/><E110/><V45/><F130/><W25/><G125/><T128/><D128/><U109/><E109/><V18/><F45/><W48/><G5/><T111/><D111/><U33/><E127/><V3/><F3/><W91/><G75/><T1/><D72/><U100/><E57/><V4/><F103/><W22/><G80/><T108/><D108/><U77/><E85/><V9/><F118/><W52/><G50/><T97/><D0/><U120/><E77/><N who="2" m="46415" /><F119/><W14/><REACH who="3" step="1"/><G91/><REACH who="3" ten="169,422,170,219" step="2"/><T27/><D7/><U105/><E71/><V41/><F63/><W134/><G134/><T15/><D1/><U88/><E88/><V70/><F70/><W90/><G90/><T102/><D78/><U133/><E133/><V79/><F79/><W106/><G106/><T122/><D107/><N who="1" m="63879" /><E67/><V51/><F66/><W132/><G132/><T84/><D102/><U12/><E12/><V31/><F61/><W37/><G37/><T24/><D15/><U83/><E83/><V69/><F69/><W112/><G112/><T92/><D92/><U124/><E124/><V56/><F94/><W38/><G38/><T28/><D24/><U59/><E81/><V6/><F93/><W58/><G58/><T65/><D65/><U43/><E59/><V62/><F6/><W39/><G39/><T64/><D64/><U8/><E73/><V55/><F31/><W113/><G113/><T129/><D129/><U53/><E76/><RYUUKYOKU ba="3,2" sc="169,-15,422,-15,170,15,219,15" hai2="4,9,13,17,18,41,51,55,56,62" hai3="14,19,21,22,25,29,40,42,46,48,52,89,95" /><INIT seed="2,4,2,0,5,91" ten="154,407,185,234" oya="2" hai0="12,74,97,132,27,16,13,17,50,57,108,111,71" hai1="52,123,37,31,7,118,129,94,41,109,114,81,103" hai2="125,124,56,63,107,110,134,66,100,59,130,75,85" hai3="22,61,65,0,39,30,5,40,69,96,21,64,51"/><V8/><F75/><W76/><G65/><T32/><D71/><U80/><E114/><V92/><F130/><W54/><G76/><T119/><D74/><U23/><E118/><V104/><F134/><W79/><G79/><T24/><D119/><U127/><E7/><V135/><F135/><W10/><G30/><N who="0" m="19527" /><D132/><U3/><E3/><V6/><F110/><N who="0" m="42026" /><D97/><N who="1" m="59831" /><E37/><V112/><F59/><N who="3" m="33247" /><G96/><T87/><D87/><U62/><E41/><V88/><F112/><W60/><G60/><T11/><D27/><N who="1" m="16895" /><E129/><V25/><F25/><W26/><G26/><T89/><D89/><U68/><E68/><V73/><F73/><W45/><AGARI ba="4,2" hai="0,5,10,21,22,39,40,45,61,64,69" m="33247" machi="45" ten="30,1100,0" yaku="24,1" doraHai="91" who="3" fromWho="3" sc="154,-7,407,-7,185,-9,234,43" /><INIT seed="3,0,0,0,0,57" ten="147,400,176,277" oya="3" hai0="9,23,126,48,55,40,135,88,8,91,56,84,125" hai1="113,34,79,131,53,102,33,27,114,1,120,19,13" hai2="85,134,81,28,119,64,3,72,70,133,60,87,41" hai3="73,127,103,129,100,29,44,80,101,122,6,90,68"/><W25/><G68/><T75/><D75/><U49/><E120/><V47/><F119/><W105/><G6/><T82/><D135/><N who="2" m="51722" /><F3/><W62/><G122/><T24/><D126/><U4/><E102/><V35/><F28/><W93/><G127/><T12/><D125/><U108/><E79/><N who="2" m="44263" /><F35/><W66/><G44/><T26/><D40/><U63/><E108/><V2/><F2/><W37/><G37/><AGARI ba="0,0" hai="37,41,47,60,64,70,85,87" m="44263,51722" machi="37" ten="30,2000,0" yaku="20,1,52,1" doraHai="57" who="2" fromWho="3" sc="147,0,400,0,176,20,277,-20" /><INIT seed="4,0,0,5,5,76" ten="147,400,196,257" oya="0" hai0="129,79,96,94,119,8,124,102,101,85,1,87,10" hai1="52,122,97,16,39,126,42,5,43,111,34,7,128" hai2="105,91,9,4,67,123,23,55,120,68,88,92,30" hai3="75,26,50,14,95,99,17,33,103,66,58,133,89"/><T106/><D119/><U69/><E111/><V40/><F105/><W115/><G75/><T71/><D71/><U27/><E69/><V46/><F55/><W29/><G133/><T98/><D1/><U134/><E122/><V53/><F53/><W2/><G2/><T18/><D124/><U127/><E134/><V60/><F30/><W22/><G115/><T81/><D129/><U100/><E128/><V56/><F23/><W44/><G58/><T49/><D18/><U77/><E77/><V121/><F92/><W48/><G66/><T13/><D13/><U61/><E39/><V0/><REACH who="2" step="1"/><F68/><REACH who="2" ten="147,400,186,257" step="2"/><W32/><G32/><T6/><D6/><U20/><E34/><V41/><F41/><N who="1" m="15369" /><E127/><V37/><AGARI ba="0,1" hai="0,4,9,37,40,46,56,60,67,88,91,120,121,123" machi="37" ten="30,4000,0" yaku="1,1,0,1,54,1,53,0" doraHai="76" doraHaiUra="132" who="2" fromWho="2" sc="147,-20,400,-10,186,50,257,-10" /><INIT seed="5,0,0,3,3,75" ten="127,390,236,247" oya="1" hai0="116,12,134,14,53,101,38,22,80,58,21,16,135" hai1="34,64,105,126,82,117,54,43,112,45,109,50,92" hai2="49,3,100,89,98,8,39,84,19,108,18,125,52" hai3="73,120,25,90,76,13,36,86,1,87,55,27,59"/><U121/><E105/><V77/><F108/><W31/><G1/><T107/><D116/><U65/><E34/><V47/><F125/><W67/><G36/><T97/><D38/><U57/><E117/><V41/><F3/><W128/><G73/><T4/><D80/><U69/><E121/><V29/><F29/><W70/><G120/><T6/><D6/><U83/><E126/><V91/><F77/><W48/><G128/><T85/><D85/><U9/><E112/><V2/><F2/><W110/><G67/><N who="1" m="25674" /><E69/><V124/><F124/><W94/><G70/><T51/><REACH who="0" step="1"/><D4/><REACH who="0" ten="117,390,236,247" step="2"/><U20/><E83/><V26/><F84/><W81/><G110/><T24/><D24/><U129/><E82/><V72/><F72/><W104/><G27/><T32/><D32/><U131/><E109/><V23/><F39/><W46/><G25/><T0/><D0/><U118/><E118/><V106/><REACH who="2" step="1"/><F41/><REACH who="2" ten="117,390,226,247" step="2"/><W30/><G86/><T68/><D68/><U42/><E42/><V5/><F5/><W66/><G87/><T11/><D11/><U115/><E9/><V28/><F28/><W15/><G31/><T114/><D114/><U95/><E115/><V133/><F133/><W63/><G30/><T78/><D78/><U103/><E43/><V130/><F130/><W122/><G122/><T10/><D10/><U71/><E131/><V96/><F96/><W7/><G7/><T40/><D40/><U99/><E129/><V132/><F132/><W119/><G119/><T113/><D113/><U88/><E99/><V102/><F102/><W74/><G74/><T111/><D111/><RYUUKYOKU ba="0,2" sc="117,15,390,-15,226,15,247,-15" hai0="12,14,16,21,22,51,53,58,97,101,107,134,135" hai2="8,18,19,23,26,47,49,52,89,91,98,100,106" /><INIT seed="6,1,2,2,1,76" ten="132,375,241,232" oya="2" hai0="130,135,67,81,112,31,7,40,46,106,52,23,92" hai1="66,13,30,42,101,77,27,41,119,37,34,69,60" hai2="22,4,44,109,107,33,124,50,20,28,6,129,90" hai3="88,96,72,104,51,68,105,123,11,14,121,63,133"/><V132/><F107/><W19/><G72/><T82/><D106/><U47/><E119/><V58/><F33/><W75/><G75/><T29/><D112/><U61/><E42/><V57/><F124/><W113/><G133/><T80/><D130/><U39/><E77/><V74/><F74/><W5/><G105/><T32/><D32/><U98/><E60/><V48/><F132/><W53/><G113/><T35/><D35/><U8/><E13/><V73/><F73/><W64/><G5/><N who="2" m="2153" /><F129/><W83/><G104/><T89/><D67/><U18/><E39/><V1/><F1/><W17/><G17/><T26/><D135/><U116/><E116/><V36/><F36/><W45/><G96/><N who="0" m="57359" /><D7/><U70/><E70/><V62/><F109/><W79/><G79/><T25/><D40/><U99/><E101/><V97/><F28/><N who="0" m="10826" /><D23/><N who="2" m="8746" /><F44/><W12/><G12/><T43/><D43/><U111/><E111/><V128/><F128/><W93/><G93/><T10/><D10/><U94/><E94/><N who="2" m="56535" /><F57/><W38/><G38/><T125/><D125/><U127/><E127/><V126/><F126/><W108/><G108/><T21/><D21/><U84/><E47/><V110/><F110/><W86/><AGARI ba="1,2" hai="11,14,19,45,51,53,63,64,68,83,86,88,121,123" machi="86" ten="30,8000,1" yaku="0,1,25,2,52,1,54,1" doraHai="76" who="3" fromWho="3" sc="132,-21,375,-21,241,-41,232,103" /><INIT seed="7,0,0,0,1,131" ten="111,354,200,335" oya="3" hai0="55,73,54,37,60,90,129,88,30,72,41,17,2" hai1="80,112,8,69,57,25,99,97,35,128,48,42,76" hai2="109,44,70,24,83,119,84,92,62,71,103,12,9" hai3="130,18,40,7,100,120,104,78,11,4,106,132,19"/><W125/><G40/><T20/><D129/><U39/><E69/><V114/><F109/><W82/><G130/><T113/><D2/><U85/><E128/><V13/><F119/><W98/><G120/><T123/><D123/><U77/><E112/><V75/><F75/><W22/><G106/><T6/><D6/><U133/><E133/><V59/><F114/><W66/><G125/><T61/><D113/><U111/><E111/><V10/><F24/><W87/><G66/><T134/><D30/><U52/><E39/><V21/><F44/><W118/><G118/><T5/><D5/><U93/><E35/><V1/><F1/><W91/><G7/><T23/><D17/><U32/><E32/><V38/><F38/><W68/><G68/><T102/><D37/><U117/><E117/><V101/><F21/><W67/><G67/><T14/><D14/><U65/><E25/><V116/><F92/><W108/><G108/><T36/><D36/><U89/><E8/><N who="2" m="3179" /><F71/><W31/><G31/><T58/><D58/><U34/><E34/><V51/><F51/><W63/><G63/><T81/><D41/><U29/><E29/><V28/><F28/><W45/><G45/><T49/><D49/><U26/><E26/><V96/><F96/><N who="1" m="36937" /><E42/><V46/><F70/><W64/><G64/><T121/><D121/><U95/><E65/><N who="2" m="39135" /><F46/><W94/><G22/><T122/><D122/><U43/><E43/><V127/><F127/><W110/><G110/><T33/><D33/><U53/><E53/><V86/><F116/><W105/><G105/><T107/><D107/><U50/><E50/><RYUUKYOKU ba="0,0" sc="111,-10,354,30,200,-10,335,-10" hai1="48,52,57,76,77,80,85,89,93,95" owari="101,-39.9,384,48.4,190,-21.0,325,12.5" /></mjloggm>