<mjloggm ver="2.3"><GO type="169" lobby="0"/><UN n0="%E6%B2%B3%E7%AB%A5%E3%81%AE%E3%83%AF%E3%82%AB%E3%83%9E%E3%83%84" n1="%E7%B4%94%E6%BD%94%E3%83%94%E3%83%A9%E3%83%8B%E3%82%A2" n2="%E3%81%A6%E3%81%A4%EF%BC%A3" n3="%E8%B5%A4%E6%9C%A8%E3%81%97%E3%81%92%E3%82%8B" dan="17,16,16,16" rate="2168.22,2185.57,2138.01,2086.92" sx="M,M,M,M"/><TAIKYOKU oya="0"/><INIT seed="0,0,0,3,0,107" ten="250,250,250,250" oya="0" hai0="82,29,75,121,17,130,13,36,24,113,108,93,56" hai1="128,102,43,123,4,71,86,48,115,117,42,39,57" hai2="64,92,34,66,1,8,83,105,74,116,45,59,53" hai3="6,127,44,11,77,9,73,22,63,122,110,61,31"/><T21/><D113/><U51/><E86/><V111/><F105/><W135/><G110/><T96/><D121/><U98/><E4/><V101/><F111/><W30/><G9/><T100/><D108/><U25/><E25/><V126/><F34/><W55/><G135/><T27/><D130/><U15/><E15/><V33/><F33/><W67/><G22/><T26/><D36/><U10/><E10/><V80/><F126/><W88/><G127/><T79/><REACH who="0" step="1"/><D56/><REACH who="0" ten="240,250,250,250" step="2"/><U76/><E57/><V109/><F109/><W78/><G122/><T40/><D40/><U14/><E39/><V90/><F59/><W12/><G67/><T18/><D18/><U103/><E123/><V28/><F66/><W106/><G30/><AGARI ba="0,1" hai="13,17,21,24,26,27,29,30,75,79,82,93,96,100" machi="30" ten="40,3900,0" yaku="1,1,52,1,53,0" doraHai="107" doraHaiUra="7" who="0" fromWho="3" sc="240,49,250,0,250,0,250,-39" /><INIT seed="0,1,0,4,4,101" ten="289,250,250,211" oya="0" hai0="105,5,56,44,89,30,25,99,88,12,64,47,78" hai1="86,134,83,73,58,106,79,68,70,102,65,59,48" hai2="0,124,123,60,98,38,2,93,75,111,24,62,115" hai3="20,23,13,32,92,122,72,21,26,114,63,90,10"/><T126/><D126/><U107/><E134/><V34/><F124/><W67/><G72/><T96/><D78/><U100/><E73/><V45/><F111/><W128/><G32/><T18/><D5/><U77/><E65/><V87/><F75/><W35/><G35/><T54/><D64/><U3/><E86/><V4/><F123/><W39/><G39/><T66/><D66/><U22/><E22/><V71/><F87/><W33/><G33/><T57/><D25/><U6/><E48/><V55/><F115/><W29/><G128/><T80/><D30/><U27/><E6/><V116/><F116/><W82/><G82/><T28/><D28/><U11/><E11/><V81/><F81/><W7/><G114/><T117/><D80/><U109/><E83/><V16/><F71/><W52/><G122/><T31/><D31/><U46/><E46/><V42/><F34/><W69/><REACH who="3" step="1"/><G52/><REACH who="3" ten="289,250,250,201" step="2"/><T104/><D54/><U15/><E109/><V53/><F53/><W120/><G120/><T49/><D49/><U19/><E27/><V110/><F110/><W41/><G41/><T121/><D121/><U94/><E77/><V125/><F125/><W50/><G50/><T36/><D36/><U131/><E79/><V37/><F37/><W17/><G17/><T132/><D18/><U91/><E19/><V14/><F55/><W108/><G108/><T85/><D117/><U51/><E51/><V8/><F62/><W95/><G95/><T84/><REACH who="0" step="1"/><D132/><REACH who="0" ten="279,250,250,201" step="2"/><U61/><E61/><V43/><F60/><W112/><G112/><T135/><D135/><U97/><E131/><RYUUKYOKU ba="1,2" sc="279,15,250,-15,250,-15,201,15" hai0="12,44,47,56,57,84,85,88,89,96,99,104,105" hai3="7,10,13,20,21,23,26,29,63,67,69,90,92" /><INIT seed="0,2,2,0,3,109" ten="294,235,235,216" oya="0" hai0="97,119,78,63,60,92,57,94,17,115,31,135,96" hai1="45,122,89,84,69,101,51,123,71,41,126,95,54" hai2="43,13,30,5,2,68,50,4,49,66,116,77,19" hai3="38,128,0,114,111,113,79,129,99,112,23,52,93"/><T120/><D119/><U65/><E126/><V48/><F116/><W73/><G38/><T20/><D120/><U1/><E1/><V33/><F2/><W110/><G0/><T81/><D135/><U35/><E35/><V82/><F68/><W102/><G23/><T117/><D117/><U100/><E69/><V42/><F66/><W59/><G79/><T37/><D37/><U16/><E71/><V12/><F33/><W67/><G67/><T130/><D130/><N who="3" m="50281" /><G73/><T25/><D31/><U74/><E65/><V83/><F30/><W18/><G18/><T127/><D115/><U53/><E74/><V34/><F34/><W22/><G22/><T8/><D8/><U88/><E89/><V131/><F131/><W107/><G107/><T133/><D133/><U76/><E76/><V21/><F12/><W55/><G55/><N who="1" m="21002" /><E123/><V32/><F32/><W6/><G6/><N who="2" m="2665" /><F77/><W134/><G134/><T36/><D127/><U108/><E108/><V27/><F27/><W98/><G99/><N who="0" m="37963" /><D36/><U103/><E122/><V58/><F58/><W85/><G85/><N who="0" m="48311" /><D57/><U125/><E125/><V106/><F106/><W75/><G75/><T64/><D64/><U44/><E44/><V10/><F10/><W15/><G15/><T105/><D105/><U72/><E72/><V7/><N who="2" m="2673" /><V26/><DORA hai="70" /><F13/><W11/><G11/><T91/><D91/><U61/><E16/><V40/><AGARI ba="2,2" hai="19,21,26,40,42,43,48,49,50,82,83" m="2673" machi="40" ten="40,1500,0" yaku="8,1" doraHai="109,70" who="2" fromWho="2" sc="294,-9,235,-6,235,41,216,-6" /><INIT seed="1,0,0,5,2,91" ten="285,229,276,210" oya="1" hai0="57,108,74,12,70,50,25,51,6,40,125,52,29" hai1="54,1,3,96,105,80,109,132,85,69,114,100,19" hai2="121,90,133,22,31,17,77,113,99,15,43,8,30" hai3="93,79,95,38,27,75,32,63,117,76,55,44,59"/><U65/><E114/><V36/><F113/><W10/><G10/><T71/><D74/><U115/><E115/><V97/><F121/><W4/><G4/><T120/><D120/><U37/><E132/><V5/><F133/><W135/><G135/><T102/><D108/><U49/><E37/><V88/><F77/><W92/><G117/><T35/><D125/><U110/><E19/><V126/><F126/><W58/><G75/><T81/><D81/><U46/><E65/><V124/><F124/><W130/><G130/><T134/><D134/><U128/><E69/><V53/><F53/><W42/><REACH who="3" step="1"/><G58/><REACH who="3" ten="285,229,276,200" step="2"/><T118/><D118/><U78/><REACH who="1" step="1"/><E128/><REACH who="1" ten="285,219,276,200" step="2"/><V9/><F5/><W7/><G7/><T45/><D6/><U26/><E26/><V60/><F17/><W56/><G56/><T61/><D12/><U18/><E18/><V66/><F15/><W62/><G62/><T39/><D70/><U111/><AGARI ba="0,2" hai="1,3,46,49,54,78,80,85,96,100,105,109,110,111" machi="111" ten="30,12000,1" yaku="1,1,0,1,14,1,10,1,53,1" doraHai="91" doraHaiUra="72" who="1" fromWho="1" sc="285,-40,219,140,276,-40,200,-40" /><INIT seed="1,1,0,4,4,37" ten="245,359,236,160" oya="1" hai0="28,55,29,45,87,130,127,94,27,77,95,38,97" hai1="123,91,19,84,76,25,134,15,22,31,112,80,41" hai2="54,21,61,53,48,92,128,108,34,90,51,78,43" hai3="6,111,14,98,132,75,62,4,101,17,20,5,110"/><U93/><E134/><V105/><F105/><W11/><G75/><T119/><D119/><U10/><E112/><V99/><F108/><N who="3" m="41515" /><G62/><T131/><D127/><U9/><E123/><V126/><F34/><W16/><G98/><T122/><D122/><U58/><E58/><V60/><F128/><W39/><G101/><T36/><D55/><U113/><E113/><V0/><F0/><W125/><G39/><T50/><D50/><U49/><E49/><V42/><F126/><W86/><G86/><T7/><D7/><U12/><E41/><N who="2" m="15371" /><F78/><W69/><G69/><T81/><D45/><U2/><E2/><V129/><F129/><N who="0" m="49162" /><D94/><U71/><E71/><V118/><F118/><W104/><G104/><T40/><D29/><U23/><REACH who="1" step="1"/><E15/><REACH who="1" ten="245,349,236,160" step="2"/><V109/><F109/><W121/><G121/><T32/><D40/><U102/><E102/><AGARI ba="1,1" hai="27,28,32,36,38,77,81,87,95,97,102" m="49162" machi="102" ten="30,1000,0" yaku="19,1" doraHai="37" who="0" fromWho="1" sc="245,23,349,-13,236,0,160,0" /><INIT seed="2,0,0,1,3,52" ten="268,336,236,160" oya="2" hai0="86,38,27,78,23,89,42,119,26,103,29,73,49" hai1="54,47,20,79,22,87,67,75,90,102,41,66,109" hai2="122,71,24,37,74,40,46,6,44,115,72,32,7" hai3="113,91,19,93,68,77,88,135,43,80,58,116,33"/><V127/><F115/><W105/><G68/><T132/><D132/><U1/><E1/><V121/><F6/><W129/><G33/><T85/><D38/><U126/><E109/><V84/><F46/><W60/><G105/><T12/><D119/><U39/><E102/><V11/><F84/><N who="3" m="48143" /><G116/><T0/><D0/><U62/><E79/><V117/><F117/><W131/><G43/><T28/><D103/><U18/><E75/><N who="2" m="28715" /><F71/><W111/><G111/><T92/><D73/><U55/><E20/><V81/><F81/><W45/><G45/><T17/><D42/><U53/><E62/><V108/><F108/><W98/><G135/><T134/><D134/><U30/><E30/><N who="0" m="11881" /><D49/><U56/><E22/><V100/><F24/><N who="0" m="9258" /><D78/><U14/><E14/><V15/><F32/><W70/><G70/><T69/><D69/><U31/><E31/><V61/><F100/><N who="3" m="60495" /><G19/><T114/><D114/><U63/><E18/><V97/><F44/><W4/><G113/><T25/><D25/><U57/><E47/><V99/><F40/><W76/><G76/><T34/><D34/><U83/><E41/><V59/><F37/><W104/><G104/><T36/><D36/><U10/><E39/><V35/><F35/><W107/><G107/><T123/><D123/><U64/><E63/><V65/><F121/><W50/><G50/><T118/><D118/><U21/><E21/><V51/><F122/><W13/><G4/><T16/><D17/><U96/><E10/><V120/><F51/><W95/><G13/><T128/><D86/><U110/><E110/><V82/><F120/><W9/><G9/><RYUUKYOKU ba="0,0" sc="268,30,336,-10,236,-10,160,-10" hai0="12,16,23,85,89,92,128" /><INIT seed="3,1,0,5,3,21" ten="298,326,226,150" oya="3" hai0="112,11,134,17,54,12,73,31,88,79,5,110,61" hai1="84,96,50,85,14,78,103,135,36,98,46,55,69" hai2="26,24,71,76,51,92,7,20,42,93,107,62,22" hai3="99,33,72,34,87,29,108,30,3,113,100,89,75"/><W57/><G3/><T120/><D120/><U82/><E69/><V53/><F107/><W65/><G113/><T124/><D112/><U130/><E135/><V44/><F76/><W37/><G37/><T45/><D134/><U123/><E123/><V70/><F7/><W77/><G77/><T58/><D110/><U122/><E122/><V115/><F115/><W64/><G108/><T39/><D124/><U25/><E36/><V119/><F119/><W68/><G57/><T97/><D31/><U128/><E14/><V74/><F74/><W2/><G2/><T126/><D126/><U117/><E117/><V116/><F116/><W106/><G65/><T32/><D32/><U132/><E132/><V94/><F71/><W90/><G90/><T56/><D56/><U60/><E60/><V13/><F70/><W28/><G28/><T4/><D79/><U18/><E85/><V125/><F125/><W133/><G133/><T23/><D11/><U111/><E111/><V105/><F105/><W63/><G89/><T118/><D73/><U80/><E80/><V15/><F62/><W83/><G87/><T81/><D118/><U40/><E40/><V1/><F1/><W131/><G83/><T104/><D81/><U52/><E55/><V9/><F42/><W67/><G64/><T59/><D39/><U48/><E48/><V6/><F15/><W127/><G127/><T49/><D61/><U129/><E103/><V95/><N who="2" m="23552" /><DORA hai="38" /><V41/><F41/><W47/><G131/><T43/><D43/><U66/><E66/><V91/><F91/><W10/><G63/><RYUUKYOKU ba="1,0" sc="298,-15,326,15,226,15,150,-15" hai1="18,25,46,50,52,78,82,84,96,98,128,129,130" hai2="6,9,13,20,22,24,26,44,51,53" /><INIT seed="4,2,0,3,4,101" ten="283,341,241,135" oya="0" hai0="99,119,113,4,16,114,54,80,51,35,20,55,109" hai1="76,124,43,14,125,21,70,68,130,96,118,13,102" hai2="121,32,25,77,42,107,31,37,61,105,128,22,129" hai3="34,123,6,97,44,91,73,83,110,50,12,7,8"/><T115/><D119/><U28/><E118/><V23/><F121/><W100/><G123/><T41/><D35/><U9/><E76/><V112/><F112/><W53/><G34/><T117/><D117/><U56/><E43/><V18/><F77/><W62/><G6/><T111/><D4/><U104/><E130/><N who="2" m="50283" /><F61/><W131/><G131/><T33/><D33/><U10/><E56/><V82/><F82/><W24/><G24/><N who="0" m="14343" /><D80/><U90/><E90/><V75/><F75/><W59/><G110/><N who="0" m="41995" /><D99/><U40/><E40/><V63/><F63/><W126/><G126/><N who="1" m="48746" /><E28/><V47/><F32/><W93/><G73/><T5/><D5/><N who="1" m="3247" /><E21/><V127/><F127/><W95/><G83/><T36/><D36/><U2/><E2/><V89/><F89/><W135/><G135/><T57/><D57/><U134/><E134/><V86/><F86/><W133/><G133/><T122/><D122/><U60/><E60/><V92/><F23/><W64/><REACH who="3" step="1"/><G91/><REACH who="3" ten="283,341,241,125" step="2"/><T58/><D58/><U1/><E1/><V26/><F26/><W87/><G87/><T85/><D85/><U72/><E72/><V3/><F31/><W132/><G132/><T74/><D74/><U67/><E67/><V78/><F3/><W48/><G48/><T39/><D51/><U17/><AGARI ba="2,1" hai="10,14,17,68,70,96,102,104" m="3247,48746" machi="17" ten="30,2000,0" yaku="18,1,52,1" doraHai="101" who="1" fromWho="1" sc="283,-12,341,36,241,-7,125,-7" /><INIT seed="5,0,0,4,0,78" ten="271,377,234,118" oya="1" hai0="20,65,99,134,88,109,75,119,115,29,111,132,96" hai1="124,120,117,57,70,17,12,103,41,97,27,92,81" hai2="130,6,37,107,94,112,105,128,42,51,28,45,60" hai3="95,79,10,11,91,110,118,131,114,40,101,93,82"/><U0/><E70/><V133/><F133/><N who="0" m="51306" /><D65/><U106/><E0/><V72/><F72/><W125/><G40/><T49/><D49/><U5/><E117/><V77/><F77/><W74/><G10/><T86/><D75/><U3/><E120/><V4/><F28/><W52/><G11/><T7/><D7/><U61/><E3/><V48/><F112/><W63/><G63/><T32/><D32/><U44/><E5/><V68/><F94/><W46/><G46/><T22/><D119/><U39/><E27/><V73/><F73/><W16/><G118/><T66/><D66/><U121/><E121/><V123/><F123/><W69/><G69/><T30/><D20/><U84/><E106/><V104/><F4/><W87/><G110/><N who="0" m="41995" /><D22/><U15/><E17/><V116/><F6/><W31/><G52/><T50/><D50/><U55/><REACH who="1" step="1"/><E124/><REACH who="1" ten="271,367,234,118" step="2"/><V24/><F24/><W108/><G125/><T33/><D115/><U53/><E53/><V8/><F116/><W19/><G114/><T113/><D113/><U38/><E38/><V34/><F37/><W59/><G108/><T127/><D127/><U129/><E129/><V62/><F68/><W56/><G131/><T14/><D14/><U25/><E25/><V122/><F122/><W83/><G31/><T98/><D33/><U64/><E64/><V58/><F34/><W9/><G19/><T89/><D29/><U90/><AGARI ba="0,1" hai="12,15,39,41,44,55,57,61,81,84,90,92,97,103" machi="90" ten="20,12000,1" yaku="1,1,0,1,7,1,52,1,53,1" doraHai="78" doraHaiUra="85" who="1" fromWho="1" sc="271,-40,367,130,234,-40,118,-40" /><INIT seed="5,1,0,2,3,85" ten="231,497,194,78" oya="1" hai0="18,73,134,87,72,40,11,111,60,135,120,114,28" hai1="38,68,97,133,86,104,90,127,16,61,54,99,94" hai2="115,59,81,7,79,47,126,102,78,77,69,66,132" hai3="22,43,42,121,41,17,62,37,0,106,100,57,67"/><U56/><E38/><V44/><F69/><W10/><G121/><T63/><D111/><U107/><E127/><V117/><F117/><W118/><G118/><T2/><D28/><U110/><E110/><V83/><F126/><W92/><G106/><T119/><D120/><U50/><E133/><V53/><F132/><W75/><G75/><T30/><D30/><U93/><E97/><V96/><F115/><W98/><G10/><T70/><D119/><U1/><E1/><V91/><F66/><W46/><REACH who="3" step="1"/><G0/><REACH who="3" ten="231,497,194,68" step="2"/><T21/><D11/><U125/><E125/><V74/><F7/><W25/><AGARI ba="1,1" hai="17,22,25,37,41,42,43,46,57,62,67,92,98,100" machi="25" ten="20,5200,0" yaku="1,1,2,1,0,1,7,1,53,0" doraHai="85" doraHaiUra="109" who="3" fromWho="3" sc="231,-14,497,-27,194,-14,68,65" /><INIT seed="6,0,0,1,4,18" ten="217,470,180,133" oya="2" hai0="39,65,38,19,111,42,35,7,16,31,11,61,88" hai1="89,132,40,21,37,76,84,99,82,126,101,133,45" hai2="30,112,119,83,130,113,124,127,123,28,59,91,52" hai3="122,34,104,2,73,62,131,77,66,110,69,81,13"/><V29/><F123/><W51/><G122/><T44/><D39/><U12/><E126/><N who="2" m="48171" /><F119/><W86/><G110/><T63/><D63/><U78/><E12/><V107/><F107/><W120/><G120/><T0/><D111/><U67/><E67/><V97/><F130/><W114/><G131/><T17/><D88/><U50/><E37/><V56/><F56/><W100/><G2/><T32/><REACH who="0" step="1"/><D31/><REACH who="0" ten="207,470,180,133" step="2"/><U102/><E101/><V8/><F113/><W108/><G114/><T49/><D49/><U25/><E132/><V79/><F112/><W125/><G108/><T129/><D129/><U43/><E133/><V48/><F91/><W95/><G125/><T94/><D94/><N who="1" m="58743" /><E43/><V14/><F97/><W22/><G51/><T55/><D55/><U23/><E25/><V75/><F30/><W85/><G62/><T134/><D134/><U64/><E64/><V68/><F68/><AGARI ba="0,1" hai="0,7,11,16,17,19,32,35,38,42,44,61,65,68" machi="68" ten="40,2600,0" yaku="1,1,54,1,53,0" doraHai="18" doraHaiUra="74" who="0" fromWho="2" sc="207,36,470,0,180,-26,133,0" /><INIT seed="7,0,0,3,2,115" ten="243,470,154,133" oya="3" hai0="52,88,19,59,94,72,0,39,92,35,55,121,57" hai1="82,3,10,117,47,32,114,37,101,43,54,97,62" hai2="25,91,134,29,42,16,111,83,86,58,36,74,33" hai3="93,23,69,66,45,78,106,87,9,61,14,7,50"/><W116/><G106/><T108/><D108/><U109/><E117/><V8/><F111/><W13/><G116/><T131/><D39/><U22/><E114/><V132/><F74/><W1/><G23/><T124/><D0/><U73/><E22/><V12/><F58/><W49/><G49/><T41/><D41/><U2/><E32/><V65/><REACH who="2" step="1"/><F65/><REACH who="2" ten="243,470,144,133" step="2"/><W51/><G51/><T119/><D72/><U56/><E10/><V30/><F30/><W11/><G11/><T98/><D59/><U133/><E43/><V17/><F17/><W95/><G95/><T126/><D57/><U28/><E97/><V40/><F40/><W53/><REACH who="3" step="1"/><G93/><REACH who="3" ten="243,470,144,123" step="2"/><T6/><D94/><U105/><E105/><V107/><F107/><W102/><G102/><T89/><D92/><U85/><E101/><V44/><AGARI ba="0,2" hai="8,12,16,25,29,33,36,42,44,83,86,91,132,134" machi="44" ten="30,4000,0" yaku="1,1,0,1,54,1,53,0" doraHai="115" doraHaiUra="34" who="2" fromWho="2" sc="243,-10,470,-10,144,60,123,-20" owari="233,3.3,460,56.0,204,-19.6,103,-39.7" /></mjloggm>