<mjloggm ver="2.3"><GO type="169" lobby="0"/><UN n0="%E3%82%AD%E3%83%B3%E3%82%B0%E3%83%98%E3%82%A4%E3%83%AD" n1="%E8%99%9A%E6%B7%B5%E7%8E%84" n2="%E8%B5%A4%E7%BE%8E%E6%BF%83%E3%81%BE%E3%81%90%E3%82%8D" n3="%E9%A2%A8%E3%81%A7%E9%B3%B4%E3%81%8F" dan="16,17,17,17" rate="2089.21,2199.13,2208.95,2198.56" sx="M,F,M,M"/><TAIKYOKU oya="0"/><INIT seed="0,0,0,5,2,70" ten="250,250,250,250" oya="0" hai0="130,83,41,40,37,30,16,52,72,43,38,67,31" hai1="49,5,110,51,35,28,20,56,68,13,96,135,33" hai2="76,39,93,79,111,62,115,117,132,99,73,103,127" hai3="11,18,78,108,42,88,101,102,128,75,19,118,89"/><T0/><D0/><U10/><E68/><V124/><F115/><W46/><G118/><T66/><D130/><U85/><E110/><V86/><F111/><W25/><G108/><T90/><D72/><U50/><E135/><V17/><F132/><W114/><G114/><T53/><D83/><U74/><E74/><V91/><F117/><W107/><G107/><T95/><D95/><U92/><E85/><V7/><F7/><W21/><G128/><T94/><D94/><U119/><E119/><V84/><F17/><W100/><G78/><N who="2" m="29737" /><F73/><W2/><G75/><T80/><D80/><U63/><E20/><V36/><F62/><W104/><G104/><T55/><D16/><U8/><E8/><V129/><F129/><W9/><G9/><T45/><D90/><U29/><E33/><V125/><F86/><W69/><G69/><T22/><D22/><U64/><REACH who="1" step="1"/><E35/><REACH who="1" ten="250,240,250,250" step="2"/><V14/><F14/><W12/><REACH who="3" step="1"/><G2/><REACH who="3" ten="250,240,250,240" step="2"/><T133/><D133/><U81/><E81/><AGARI ba="0,2" hai="36,39,81,84,91,93,99,103,124,125,127" m="29737" machi="81" ten="30,3900,0" yaku="18,1,52,2" doraHai="70" who="2" fromWho="1" sc="250,0,240,-39,250,59,240,0" /><INIT seed="1,0,0,2,5,18" ten="250,201,309,240" oya="1" hai0="21,54,32,83,61,28,77,94,73,117,72,35,10" hai1="12,106,9,109,75,40,100,86,91,3,1,57,14" hai2="70,2,15,47,90,128,74,46,93,11,13,60,48" hai3="99,129,123,20,51,17,31,121,41,7,84,101,114"/><U58/><E75/><V8/><F74/><W53/><G114/><T78/><D117/><U130/><E130/><V119/><F119/><W67/><G129/><T24/><D10/><U120/><E120/><V76/><F76/><W64/><G41/><T52/><D94/><U125/><E125/><V103/><F103/><W124/><G124/><T0/><D0/><U116/><E116/><V92/><F2/><W68/><G7/><T38/><D38/><U27/><E40/><V4/><F128/><W43/><G43/><T65/><D32/><U97/><E12/><V108/><F108/><W88/><G31/><T115/><D35/><U113/><E113/><V104/><F104/><W66/><G68/><T25/><D25/><U105/><E105/><V23/><F70/><W29/><G29/><T55/><D115/><U37/><E37/><V56/><F48/><W126/><G126/><T19/><D28/><U71/><E71/><V81/><F81/><N who="3" m="49167" /><G123/><T80/><REACH who="0" step="1"/><D65/><REACH who="0" ten="240,201,309,240" step="2"/><U111/><E1/><V131/><F93/><N who="3" m="58607" /><G121/><T82/><D82/><N who="1" m="49623" /><E3/><V49/><F131/><W5/><G5/><T26/><D26/><U36/><E27/><V30/><F30/><W112/><G112/><T133/><D133/><U127/><E127/><V132/><F132/><W79/><G67/><T63/><AGARI ba="0,1" hai="19,21,24,52,54,55,61,63,72,73,77,78,80,83" machi="63" ten="30,8000,1" yaku="1,1,0,1,9,1,52,1,54,1,53,0" doraHai="18" doraHaiUra="85" who="0" fromWho="0" sc="240,90,201,-40,309,-20,240,-20" /><INIT seed="2,0,0,3,2,59" ten="330,161,289,220" oya="2" hai0="105,121,93,43,108,51,134,118,131,120,50,133,81" hai1="13,126,135,102,72,80,123,41,132,48,10,14,4" hai2="94,89,34,116,92,117,47,67,87,57,84,20,24" hai3="103,70,53,15,109,54,107,16,69,22,101,9,19"/><V49/><F34/><W8/><G22/><T46/><D105/><U63/><E102/><V122/><F122/><N who="0" m="47210" /><D81/><U23/><E123/><V73/><F73/><W95/><G95/><T12/><D93/><U26/><E126/><V33/><F33/><W78/><G15/><T124/><D12/><U2/><E48/><N who="0" m="18473" /><D124/><U86/><E41/><V90/><F67/><W68/><G109/><T110/><D131/><U28/><E72/><V76/><F57/><W18/><G78/><T29/><D29/><U36/><E36/><V61/><F61/><W82/><G82/><T125/><D125/><U6/><E63/><V100/><F100/><N who="3" m="38475" /><G107/><T71/><D71/><U56/><E56/><V27/><F76/><W1/><G1/><T66/><D66/><U129/><E129/><V75/><F75/><W7/><G7/><T35/><D35/><U32/><E6/><V127/><F127/><W40/><G40/><T85/><D85/><U37/><E37/><V42/><REACH who="2" step="1"/><F24/><REACH who="2" ten="330,161,279,220" step="2"/><W31/><G31/><AGARI ba="0,1" hai="20,27,31,42,47,49,84,87,89,90,92,94,116,117" machi="31" ten="30,11600,0" yaku="1,1,2,1,7,1,9,1,53,0" doraHai="59" doraHaiUra="3" who="2" fromWho="3" sc="330,0,161,0,279,126,220,-116" /><INIT seed="2,1,0,1,2,56" ten="330,161,405,104" oya="2" hai0="119,33,109,30,44,16,13,39,12,71,29,91,50" hai1="98,72,102,129,134,130,93,104,11,45,35,108,113" hai2="0,18,53,112,76,90,38,49,86,115,4,46,75" hai3="1,32,114,41,17,73,82,5,61,135,54,111,97"/><V89/><F75/><W9/><G32/><T48/><D39/><U66/><E35/><V23/><F38/><W57/><G111/><T105/><D105/><U52/><E113/><V68/><F68/><W123/><G114/><T122/><D122/><U84/><E66/><V83/><F115/><W116/><G123/><T62/><D109/><U100/><E11/><V21/><F112/><W59/><G135/><T69/><D119/><U7/><E7/><V24/><F0/><W92/><G116/><T58/><D33/><U64/><E64/><V103/><F4/><W107/><G107/><T121/><D121/><U34/><E34/><V37/><F37/><W65/><G41/><T22/><D12/><U25/><E25/><V70/><F70/><W126/><G126/><T15/><D15/><U88/><E108/><V81/><F103/><W67/><G17/><T85/><D71/><U132/><E72/><V43/><F43/><W101/><REACH who="3" step="1"/><G59/><REACH who="3" ten="330,161,405,94" step="2"/><T27/><D69/><U110/><E110/><V2/><F2/><W124/><G124/><T131/><D131/><N who="1" m="50187" /><E100/><V87/><F23/><W51/><G51/><AGARI ba="1,1" hai="45,51,52,84,88,93,98,102,104,132,134" m="50187" machi="51" ten="30,3900,0" yaku="19,1,54,2" doraHai="56" who="1" fromWho="3" sc="330,0,161,52,405,0,94,-42" /><INIT seed="3,0,0,3,4,89" ten="330,213,405,52" oya="3" hai0="32,56,68,85,86,64,29,78,100,28,62,37,132" hai1="1,23,47,35,15,41,0,21,112,19,57,93,109" hai2="34,54,5,105,128,91,74,6,106,107,55,63,77" hai3="76,3,52,43,18,84,9,98,25,14,65,12,131"/><W126/><G131/><T102/><D37/><U101/><E35/><V17/><F128/><W45/><G126/><T90/><D68/><U30/><E109/><V103/><F34/><W83/><G3/><T10/><D132/><U129/><E112/><V133/><F133/><W82/><G65/><T39/><D39/><U95/><E129/><V79/><F91/><W88/><G25/><T80/><D10/><U53/><E101/><N who="0" m="39017" /><D32/><U115/><E115/><V99/><F17/><W130/><G130/><T73/><D73/><U104/><E104/><V125/><F125/><W33/><G33/><T36/><D36/><U114/><E0/><V44/><F44/><W75/><G14/><T26/><D26/><N who="1" m="16719" /><E1/><V111/><F111/><W22/><G43/><T31/><D31/><U72/><E72/><V92/><F74/><W60/><G60/><T69/><D69/><U108/><E108/><V96/><F63/><W50/><REACH who="3" step="1"/><G98/><REACH who="3" ten="330,213,405,42" step="2"/><T135/><D135/><U11/><E114/><V58/><F99/><W8/><AGARI ba="0,1" hai="8,9,12,18,22,45,50,52,75,76,82,83,84,88" machi="8" ten="30,12000,1" yaku="1,1,2,1,0,1,54,2,53,0" doraHai="89" doraHaiUra="122" who="3" fromWho="3" sc="330,-40,213,-40,405,-40,42,130" /><INIT seed="3,1,0,5,5,25" ten="290,173,365,172" oya="3" hai0="81,1,23,86,44,3,32,113,88,30,34,21,55" hai1="48,118,92,0,52,5,40,74,90,66,64,87,79" hai2="111,67,129,131,42,133,54,29,58,121,15,134,73" hai3="105,117,95,94,71,116,127,82,102,19,76,101,46"/><W7/><G71/><T110/><D34/><U115/><E115/><V85/><F73/><N who="3" m="43279" /><G19/><T50/><D113/><U122/><E122/><V27/><F111/><W65/><G65/><T60/><D110/><U16/><E118/><N who="3" m="45674" /><G46/><T69/><D69/><U130/><E130/><N who="2" m="49675" /><F121/><W114/><G7/><T12/><D60/><U26/><E40/><V62/><F42/><W98/><G114/><T93/><D23/><N who="1" m="13671" /><E74/><V6/><F85/><W70/><G70/><T112/><D112/><U89/><E0/><V132/><F15/><W75/><G75/><T68/><D68/><U20/><E5/><V33/><F6/><W11/><G11/><T123/><D123/><U107/><E107/><V135/><F135/><W24/><G24/><T53/><D32/><U56/><E79/><V91/><F91/><W78/><G78/><N who="0" m="46391" /><D1/><U72/><E72/><V103/><F103/><N who="3" m="62711" /><G127/><T104/><D3/><U80/><E20/><V63/><F63/><W84/><G95/><T37/><D37/><U119/><E119/><V97/><F67/><W126/><G126/><T39/><D39/><U128/><E128/><V49/><F62/><W36/><G36/><T2/><D2/><U14/><E14/><V125/><F125/><W10/><G10/><T28/><D12/><U13/><E13/><V45/><F45/><W43/><G43/><T59/><D44/><U120/><E120/><V47/><F47/><W106/><G106/><T35/><D104/><U17/><E17/><V109/><F109/><W61/><G61/><T99/><D21/><U83/><E83/><V77/><F77/><W8/><G8/><RYUUKYOKU ba="1,0" sc="290,-30,173,10,365,10,172,10" hai1="48,52,56,64,66,80,87,89,90,92" hai2="27,29,33,49,54,58,97,132,133,134" hai3="84,94,101,102" /><INIT seed="3,2,0,0,2,59" ten="260,183,375,182" oya="3" hai0="84,3,0,33,76,90,132,87,46,58,128,115,117" hai1="19,75,131,25,94,15,35,109,68,108,123,97,61" hai2="81,103,37,7,80,88,52,92,23,95,51,50,66" hai3="112,49,21,93,4,47,126,29,2,10,12,133,100"/><W70/><G70/><T120/><D117/><U99/><E75/><V96/><F37/><W45/><G112/><T73/><D120/><U127/><E123/><V8/><F66/><W56/><G126/><T16/><D115/><U43/><E43/><V79/><F23/><W24/><G133/><T17/><D33/><U44/><E44/><V134/><F134/><W41/><G47/><T77/><D132/><U122/><E131/><V130/><F130/><W85/><G56/><T31/><D46/><U78/><E78/><V64/><F64/><W124/><G124/><T54/><D128/><U30/><E122/><V9/><F79/><W28/><G2/><T104/><D58/><U114/><E114/><V18/><F18/><W118/><G118/><T27/><D54/><U82/><E82/><N who="2" m="31851" /><F7/><W5/><G5/><T62/><D73/><U113/><E113/><V116/><F116/><W55/><G41/><T69/><D69/><U72/><E72/><V67/><F67/><W63/><G63/><T38/><D38/><U48/><E127/><V57/><F51/><W125/><G125/><T86/><D104/><U71/><E48/><V14/><F14/><W22/><G22/><N who="0" m="15863" /><D62/><U98/><E61/><V106/><F106/><W6/><G6/><T26/><D0/><U102/><E71/><V89/><F103/><W39/><G39/><T34/><D3/><U107/><E68/><V36/><F36/><W119/><G119/><T11/><D34/><U83/><E107/><V13/><F13/><W111/><G111/><N who="1" m="42570" /><E83/><V53/><F53/><W65/><G65/><T129/><D129/><RYUUKYOKU ba="2,0" sc="260,-15,183,15,375,15,182,-15" hai1="15,19,25,30,35,94,97,98,99,102" hai2="8,9,50,52,57,88,89,92,95,96" /><INIT seed="4,3,0,1,0,17" ten="245,198,390,167" oya="0" hai0="75,9,30,45,124,2,66,85,19,70,28,77,1" hai1="128,117,60,15,26,4,7,25,95,121,114,120,23" hai2="131,111,74,135,88,58,56,44,92,83,87,59,64" hai3="14,20,90,31,61,18,127,62,133,35,109,129,6"/><T13/><D75/><U10/><E60/><V119/><F119/><W112/><G109/><T33/><D124/><U36/><E36/><V55/><F131/><W94/><G127/><T93/><D45/><U3/><E95/><V12/><F111/><W123/><G129/><T86/><D33/><U132/><E128/><V68/><F135/><W73/><G73/><T24/><D70/><U81/><E81/><V103/><F68/><W57/><G133/><T78/><D66/><U126/><E126/><V106/><F64/><W113/><G123/><N who="1" m="47178" /><E132/><V11/><F106/><W80/><G80/><T27/><D93/><U37/><E37/><V118/><F118/><W125/><G125/><T69/><D69/><U82/><E82/><V67/><F67/><W8/><G35/><T42/><D42/><U22/><E114/><N who="3" m="44138" /><G31/><T16/><D13/><U54/><E54/><V52/><F44/><W98/><G57/><T39/><REACH who="0" step="1"/><D9/><REACH who="0" ten="235,198,390,167" step="2"/><N who="1" m="2207" /><E117/><V101/><F74/><W108/><G108/><T96/><D96/><U79/><E79/><V21/><F92/><W91/><G91/><T130/><D130/><U102/><E102/><V32/><F103/><W104/><G104/><T43/><D43/><U48/><E48/><V105/><F101/><W76/><G76/><T53/><D53/><U41/><E41/><V89/><F105/><W100/><G100/><T97/><D97/><U115/><E115/><V116/><F55/><W72/><G72/><T29/><D29/><U99/><E99/><V65/><F52/><W38/><G38/><AGARI ba="3,1" hai="1,2,16,19,24,27,28,30,38,39,77,78,85,86" machi="38" ten="25,9600,0" yaku="1,1,22,2,54,1,53,0" doraHai="17" doraHaiUra="40" who="0" fromWho="3" sc="235,115,198,0,390,0,167,-105" /><INIT seed="4,4,0,5,2,80" ten="350,198,390,62" oya="0" hai0="81,6,57,125,74,115,53,46,117,54,7,106,76" hai1="18,82,78,63,61,3,113,98,29,23,77,39,47" hai2="52,32,75,89,135,34,71,124,67,17,36,22,127" hai3="64,92,26,111,15,48,58,62,38,51,86,114,100"/><T131/><D117/><U70/><E3/><V123/><F123/><W110/><G38/><T128/><D106/><U12/><E113/><V91/><F36/><W31/><G114/><T8/><D115/><U20/><E70/><V28/><F75/><W45/><G15/><T122/><D122/><U73/><E78/><V85/><F28/><W60/><G60/><T88/><D125/><N who="2" m="48202" /><F135/><W90/><G51/><T4/><D8/><U1/><E1/><V50/><F67/><W118/><G118/><T96/><D46/><U66/><E66/><V72/><F72/><W134/><G134/><T83/><D54/><U132/><E132/><V93/><F91/><W107/><G107/><T37/><D37/><U130/><E130/><V79/><F79/><W69/><G100/><T25/><D25/><U105/><E39/><V94/><F94/><W112/><G69/><T126/><D126/><U30/><E105/><V13/><F71/><W87/><G112/><T119/><D119/><U101/><E101/><V35/><F35/><W11/><G11/><T24/><D24/><U5/><E77/><V21/><F21/><W102/><G102/><T27/><D27/><U129/><E23/><V33/><F33/><W121/><G121/><T133/><D133/><U10/><E20/><V120/><F120/><W116/><G116/><T0/><D0/><U41/><E129/><V40/><F40/><W84/><G111/><T109/><D109/><U16/><E41/><V43/><F43/><N who="3" m="24639" /><G110/><T44/><D131/><U99/><E10/><V55/><F55/><W104/><G104/><T65/><D128/><RYUUKYOKU ba="4,0" sc="350,-15,198,-15,390,15,62,15" hai2="13,17,22,32,34,50,52,85,89,93" hai3="26,31,58,62,64,84,86,87,90,92" /><INIT seed="5,5,0,0,1,75" ten="335,183,405,77" oya="1" hai0="20,92,64,130,13,105,97,108,42,87,88,40,118" hai1="135,1,83,89,73,56,47,99,18,100,3,25,51" hai2="109,116,86,94,36,72,112,80,8,38,78,59,58" hai3="35,117,30,44,39,71,127,82,37,114,129,120,110"/><U41/><E135/><V132/><F109/><W16/><RYUUKYOKU type="yao9" ba="5,0" sc="335,0,183,0,405,0,77,0" hai3="16,30,35,37,39,44,71,82,110,114,117,120,127,129" /><INIT seed="5,6,0,1,0,101" ten="335,183,405,77" oya="1" hai0="81,67,110,20,133,5,31,95,12,103,39,109,118" hai1="91,85,17,120,47,77,38,107,44,4,117,131,112" hai2="18,1,113,48,62,53,59,64,84,21,89,49,98" hai3="105,30,9,124,86,134,129,63,66,128,82,55,132"/><U96/><E117/><V61/><F113/><W108/><G55/><T58/><D39/><U79/><E120/><V121/><F1/><W73/><G30/><T25/><D118/><U33/><E33/><V6/><F6/><W92/><G9/><N who="0" m="4143" /><D133/><U88/><E4/><V51/><F121/><W29/><G29/><T100/><D81/><U28/><E28/><V72/><F72/><W56/><G108/><T45/><D45/><U37/><E112/><V52/><F98/><W106/><G92/><T57/><D57/><U0/><E0/><V102/><F102/><W34/><G73/><T22/><D22/><U97/><E85/><V7/><F7/><W78/><G124/><T69/><D69/><U40/><E17/><V74/><F62/><W116/><G34/><T41/><D41/><U122/><E122/><V135/><F74/><W15/><G15/><T24/><D24/><U26/><E26/><N who="2" m="14647" /><F135/><N who="3" m="51755" /><G116/><T65/><D65/><U126/><E40/><V94/><AGARI ba="6,0" hai="48,49,51,52,53,59,61,64,84,89,94" m="14647" machi="94" ten="30,2000,0" yaku="8,1,54,1" doraHai="101" who="2" fromWho="2" sc="335,-11,183,-16,405,38,77,-11" /><INIT seed="6,0,0,3,5,56" ten="324,167,443,66" oya="2" hai0="10,7,62,86,120,118,52,20,12,54,102,3,44" hai1="123,6,47,111,112,25,104,1,95,65,61,32,83" hai2="73,84,74,57,69,113,45,76,53,18,28,37,33" hai3="38,13,70,105,19,50,17,15,51,114,128,5,4"/><V67/><F18/><W92/><G38/><T93/><D120/><U96/><E111/><V98/><F84/><W36/><G36/><T127/><D127/><U88/><E112/><V55/><F55/><W90/><G105/><T42/><D118/><U2/><E123/><V79/><F98/><W58/><G70/><T40/><D3/><U29/><E6/><V24/><F113/><W9/><G114/><T22/><D102/><U124/><E124/><V130/><F130/><W75/><G75/><T97/><D86/><U68/><E47/><V49/><F79/><W77/><G77/><T46/><D46/><U64/><E64/><V78/><F78/><W23/><G128/><T135/><D135/><U31/><E31/><V21/><F76/><W35/><G35/><T48/><D42/><U103/><E83/><V109/><F109/><W34/><G34/><T30/><D30/><U121/><E121/><V101/><F101/><W131/><G131/><T16/><D7/><U85/><AGARI ba="0,0" hai="1,2,25,29,32,61,65,68,85,88,95,96,103,104" machi="85" ten="20,12000,2" yaku="0,1,7,1,25,2,52,1,54,1" doraHai="56" who="1" fromWho="1" sc="324,-30,167,120,443,-60,66,-30" /><INIT seed="7,0,0,5,2,98" ten="294,287,383,36" oya="3" hai0="32,28,80,10,31,116,72,30,115,118,112,87,110" hai1="126,46,124,19,129,105,33,6,97,37,5,104,113" hai2="71,96,4,132,70,17,61,135,29,74,75,99,15" hai3="125,27,16,77,50,79,76,67,123,53,59,133,88"/><W83/><G123/><T69/><D69/><N who="2" m="26122" /><F61/><W18/><G125/><N who="1" m="48234" /><E33/><V58/><F58/><W14/><G133/><N who="2" m="51273" /><F4/><W55/><G67/><T66/><D66/><U3/><E113/><N who="0" m="43593" /><D110/><U107/><E129/><V121/><F29/><N who="0" m="11370" /><D72/><N who="2" m="27690" /><F121/><W41/><G41/><T130/><D130/><U120/><E120/><V34/><F34/><W48/><G27/><N who="0" m="18559" /><D10/><AGARI ba="0,0" hai="10,15,17,96,99" m="27690,51273,26122" machi="10" ten="40,1300,0" yaku="20,1" doraHai="98" who="2" fromWho="0" sc="294,-13,287,0,383,13,36,0" owari="281,-11.9,287,8.7,396,49.6,36,-46.4" /></mjloggm>