<mjloggm ver="2.3"><GO type="169" lobby="0"/><UN n0="%E8%B5%A4%E6%AF%9B%E3%81%AE%E3%82%AD%E3%83%A7%E3%83%B3" n1="%E3%83%8F%E3%82%BB%E3%81%B9" n2="%E5%A4%A9%E7%8B%90" n3="%E3%81%95%E3%81%8F%E3%82%88%E3%81%93%E3%81%A1%E3%82%83%E3%82%93" dan="18,16,16,16" rate="2321.85,2028.70,2099.80,2060.95" sx="M,M,M,M"/><TAIKYOKU oya="0"/><INIT seed="0,0,0,3,4,31" ten="250,250,250,250" oya="0" hai0="102,64,7,90,100,94,119,103,28,134,116,48,35" hai1="65,30,52,112,46,25,61,42,43,121,44,82,104" hai2="69,20,84,127,115,56,59,4,128,11,49,75,67" hai3="91,132,126,21,105,24,33,38,45,107,99,53,77"/><T133/><D7/><U27/><E121/><V123/><F75/><W86/><G126/><T66/><D48/><U55/><E112/><V8/><F123/><W10/><G132/><N who="0" m="50795" /><D28/><U62/><E82/><V71/><F115/><W125/><G125/><T58/><D58/><U111/><E111/><V74/><F74/><W17/><G33/><T1/><D1/><U5/><E104/><V108/><F127/><W80/><G10/><T40/><D40/><U106/><E106/><V70/><F67/><N who="0" m="25642" /><D35/><U85/><E85/><AGARI ba="0,0" hai="85,90,94,100,102,103,116,119" m="25642,50795" machi="85" ten="30,1500,0" yaku="20,1" doraHai="31" who="0" fromWho="1" sc="250,15,250,-15,250,0,250,0" /><INIT seed="0,1,0,0,5,122" ten="265,235,250,250" oya="0" hai0="60,2,9,50,125,22,119,77,16,86,89,70,30" hai1="103,72,49,32,98,11,85,99,67,61,3,135,36" hai2="47,101,38,92,111,113,71,88,66,68,4,43,90" hai3="64,104,127,106,75,39,44,6,12,130,52,29,84"/><T109/><D119/><U58/><E32/><V132/><F113/><W37/><G75/><T59/><D125/><U74/><E36/><V117/><F111/><W128/><G127/><T26/><D70/><U120/><E120/><V83/><F132/><W15/><G64/><T0/><D77/><U28/><E135/><V123/><F123/><W73/><G73/><T78/><D78/><U121/><E121/><V46/><F117/><W25/><G84/><T124/><D124/><U87/><E28/><V80/><F101/><W93/><G93/><T63/><D109/><U116/><E116/><V42/><F4/><W62/><G39/><T19/><D50/><U7/><E99/><V134/><F134/><W91/><G91/><T20/><D9/><U131/><E131/><N who="3" m="50218" /><G37/><T27/><D30/><U35/><E35/><V55/><F38/><W5/><G5/><T107/><D107/><N who="3" m="41001" /><G6/><T81/><REACH who="0" step="1"/><D63/><REACH who="0" ten="255,235,250,250" step="2"/><U1/><E1/><V40/><F71/><W23/><G62/><T34/><D34/><U10/><E10/><V21/><F68/><W95/><G95/><T110/><D110/><U57/><E74/><V31/><F92/><W14/><G14/><T76/><D76/><U94/><E72/><V69/><F69/><W24/><G24/><T82/><D82/><U112/><E112/><V65/><F80/><W48/><AGARI ba="1,1" hai="12,15,23,25,29,44,48,52" m="41001,50218" machi="48" ten="40,2700,0" yaku="19,1,54,1" doraHai="122" who="3" fromWho="3" sc="255,-14,235,-8,250,-8,250,40" /><INIT seed="1,0,0,5,1,110" ten="241,227,242,290" oya="1" hai0="9,105,51,65,14,81,132,54,68,55,25,66,15" hai1="63,104,131,45,48,34,106,87,90,94,117,44,42" hai2="35,5,116,56,127,60,100,102,113,29,32,111,59" hai3="69,99,112,70,95,37,109,46,3,27,96,121,89"/><U1/><E117/><V0/><F116/><W86/><G121/><T49/><D105/><U119/><E119/><V84/><F111/><W17/><G3/><T98/><D132/><U91/><E34/><V38/><F38/><W57/><G109/><T76/><D98/><U33/><E33/><V26/><F35/><W47/><G112/><T118/><D118/><U18/><E1/><V120/><F120/><W82/><G99/><T77/><D68/><U39/><E63/><V6/><F127/><W43/><G47/><T74/><D25/><U64/><E64/><V40/><F40/><W53/><G17/><T10/><REACH who="0" step="1"/><D81/><REACH who="0" ten="231,227,242,290" step="2"/><U67/><E67/><V88/><F26/><W122/><G27/><T73/><AGARI ba="0,1" hai="9,10,14,15,49,51,54,55,65,66,73,74,76,77" machi="73" ten="25,8000,1" yaku="1,1,2,1,0,1,22,2,53,0" doraHai="110" doraHaiUra="115" who="0" fromWho="0" sc="231,90,227,-40,242,-20,290,-20" /><INIT seed="2,0,0,3,5,93" ten="321,187,222,270" oya="2" hai0="67,1,40,4,37,127,43,3,84,78,96,97,102" hai1="91,57,71,22,60,104,29,88,49,130,70,15,118" hai2="23,87,12,35,7,53,134,125,2,20,77,5,99" hai3="58,75,101,19,21,46,128,66,14,123,45,92,41"/><V36/><F35/><W56/><G123/><T0/><D127/><U108/><E118/><V119/><F119/><W26/><G75/><T131/><D131/><U132/><E130/><V122/><F122/><W16/><G128/><T74/><D74/><U25/><E108/><V69/><F2/><W81/><G81/><T8/><D67/><U121/><E121/><V103/><F125/><W13/><G66/><T64/><D64/><U114/><E114/><V120/><F69/><W115/><G115/><T38/><D78/><U105/><E49/><V86/><F36/><W109/><G109/><T117/><D117/><U112/><E112/><V6/><F120/><W18/><G101/><T124/><D84/><U95/><E91/><V79/><F53/><W54/><G92/><T126/><D0/><U68/><E132/><V32/><F32/><W55/><G26/><T59/><D59/><U63/><E15/><V80/><F12/><W65/><G65/><T110/><D8/><U82/><E82/><N who="2" m="47439" /><F134/><W62/><G41/><T10/><D10/><U33/><E33/><V73/><F73/><W106/><G106/><T76/><D76/><U83/><E83/><V9/><F9/><N who="3" m="6191" /><G19/><T11/><D11/><U48/><E105/><V34/><F34/><W116/><G116/><T113/><D113/><U107/><E107/><V61/><F61/><AGARI ba="0,0" hai="14,18,21,45,46,54,55,56,58,61,62" m="6191" machi="61" ten="30,2000,0" yaku="8,1,54,1" doraHai="93" who="3" fromWho="2" sc="321,0,187,0,222,-20,270,20" /><INIT seed="3,0,0,2,0,50" ten="321,187,202,290" oya="3" hai0="53,3,103,22,16,7,108,86,100,5,121,42,4" hai1="110,47,49,77,79,73,84,68,24,46,128,61,39" hai2="120,88,25,133,92,57,15,135,113,76,12,123,122" hai3="96,74,26,131,6,20,117,95,2,82,33,104,130"/><W56/><G117/><T91/><D121/><U99/><E73/><V101/><F113/><W40/><G33/><T67/><D3/><U17/><E128/><N who="3" m="49194" /><G104/><T44/><D67/><U72/><E72/><V85/><F101/><W89/><G40/><T124/><D108/><U115/><E110/><V81/><F25/><W9/><G56/><T38/><D124/><U13/><E115/><V78/><F78/><N who="3" m="44375" /><G26/><T19/><D53/><U14/><E99/><N who="2" m="57735" /><F57/><W52/><G20/><T37/><D37/><U27/><E39/><V23/><F23/><W119/><G119/><T116/><D116/><U1/><E1/><V21/><F21/><W97/><G97/><T54/><D54/><AGARI ba="0,0" hai="2,6,9,52,54,89,95,96" m="44375,49194" machi="54" ten="30,11600,0" yaku="19,1,52,2,54,1" doraHai="50" who="3" fromWho="0" sc="321,-116,187,0,202,0,290,116" /><INIT seed="3,1,0,2,2,49" ten="205,187,202,406" oya="3" hai0="7,103,105,19,78,21,39,8,82,64,127,5,58" hai1="15,1,66,60,54,95,72,43,38,48,125,11,132" hai2="32,3,61,79,68,88,128,92,93,126,90,31,116" hai3="134,9,20,30,62,26,71,53,29,36,28,124,102"/><W69/><G36/><T109/><D39/><U10/><E72/><V63/><F116/><W22/><G124/><T84/><D127/><U87/><E125/><V115/><F126/><W4/><G102/><T108/><D105/><U99/><E1/><V67/><F3/><W18/><G22/><T59/><D103/><U85/><E11/><V56/><F115/><W133/><G53/><T25/><D5/><U34/><E43/><V55/><F79/><W123/><G123/><T75/><D75/><U110/><E34/><V6/><F6/><W91/><G91/><T50/><D64/><U0/><E0/><V81/><F128/><W98/><G98/><T131/><D131/><U37/><E37/><V130/><F130/><W97/><G97/><T117/><D117/><U76/><E76/><V13/><F13/><N who="3" m="5287" /><G62/><T33/><D33/><U35/><E35/><V114/><F114/><W104/><G104/><T27/><D27/><U45/><E38/><V70/><F70/><W51/><G51/><T119/><D119/><U2/><E2/><V77/><F90/><W41/><G41/><T113/><D113/><U17/><E132/><AGARI ba="1,0" hai="18,20,26,28,29,30,69,71,132,133,134" m="5287" machi="132" ten="30,1500,0" yaku="20,1" doraHai="49" who="3" fromWho="1" sc="205,0,187,-18,202,0,406,18" /><INIT seed="3,2,0,1,5,83" ten="205,169,202,424" oya="3" hai0="39,32,30,51,111,112,68,34,14,120,9,65,0" hai1="91,36,70,13,3,97,55,87,15,24,93,64,5" hai2="106,49,52,56,63,29,98,41,66,20,133,124,25" hai3="67,125,21,105,35,121,134,86,94,96,81,90,60"/><W4/><G121/><T101/><D120/><U122/><E122/><V131/><F124/><W45/><G125/><T2/><D39/><U80/><E36/><V126/><F126/><W123/><G123/><T135/><D111/><U74/><E3/><V76/><F133/><W48/><G35/><T42/><D135/><U28/><E74/><V82/><F131/><W58/><G105/><T132/><D132/><U114/><E114/><V89/><F41/><W19/><G4/><T108/><D108/><U50/><E64/><V71/><F106/><W8/><G8/><T130/><D130/><U72/><E70/><V128/><F128/><W77/><G134/><T75/><D75/><U7/><E72/><V46/><F98/><W59/><G60/><T11/><D101/><U26/><E26/><V88/><REACH who="2" step="1"/><F71/><REACH who="2" ten="205,169,192,424" step="2"/><W16/><G67/><T84/><D42/><U100/><E7/><V31/><F31/><W107/><G107/><T40/><D30/><U37/><E5/><V115/><F115/><W27/><G19/><T22/><D112/><U54/><E37/><V103/><F103/><W85/><G96/><T43/><D43/><AGARI ba="2,1" hai="16,21,27,43,45,48,58,59,77,81,85,86,90,94" machi="43" ten="30,12000,1" yaku="7,1,8,1,52,2,54,1" doraHai="83" who="3" fromWho="0" sc="205,-126,169,0,192,0,424,136" /><INIT seed="3,3,0,4,3,55" ten="79,169,192,560" oya="3" hai0="40,102,82,15,89,57,76,47,16,13,61,28,5" hai1="19,121,86,96,46,65,35,23,1,90,124,44,75" hai2="84,83,22,85,66,11,107,105,88,98,51,129,74" hai3="114,10,32,115,6,101,36,100,125,45,54,112,14"/><W3/><G32/><T58/><D102/><U134/><E35/><V62/><F129/><W126/><G3/><T2/><D2/><U117/><E75/><V17/><F74/><W80/><G80/><T64/><D28/><U99/><E121/><V71/><F11/><W27/><G27/><T43/><D89/><U110/><E1/><V108/><F108/><W68/><G68/><T94/><D94/><U25/><E110/><V123/><F123/><W72/><G72/><T73/><D5/><U119/><E65/><V97/><F51/><N who="3" m="29039" /><G36/><T92/><D92/><U70/><E70/><V87/><F105/><W50/><G50/><T69/><D13/><U67/><E67/><V130/><F130/><W103/><G103/><T26/><D26/><U128/><E124/><V31/><F31/><W7/><G7/><T135/><D135/><U93/><E134/><V78/><F107/><W122/><G122/><T30/><D30/><U131/><E131/><V63/><F63/><W133/><G133/><T79/><D79/><U20/><E20/><V116/><F116/><N who="1" m="44617" /><E128/><V21/><F21/><W120/><G120/><T24/><D24/><U48/><E46/><V109/><F109/><W49/><G126/><T37/><D40/><AGARI ba="3,0" hai="19,23,25,40,44,48,86,90,93,96,99" m="44617" machi="40" ten="30,1000,0" yaku="12,1" doraHai="55" who="1" fromWho="0" sc="79,-19,169,19,192,0,560,0" /><INIT seed="4,0,0,4,1,5" ten="60,188,192,560" oya="0" hai0="123,129,9,52,116,112,81,72,99,37,89,23,110" hai1="111,94,104,103,59,34,100,21,98,133,56,63,80" hai2="85,61,77,122,91,22,58,87,17,117,95,130,45" hai3="30,119,15,3,27,8,76,64,38,6,106,67,86"/><T44/><D116/><U54/><E111/><V79/><F122/><W41/><G106/><T132/><D123/><U18/><E34/><V65/><F130/><W31/><G31/><T131/><D110/><U48/><E133/><V20/><F117/><W47/><G119/><T62/><D132/><U10/><E80/><V43/><F85/><W32/><G86/><T102/><D112/><U92/><E103/><V68/><F68/><W11/><G76/><T124/><D124/><U60/><E48/><N who="2" m="26687" /><F20/><W24/><G24/><AGARI ba="0,0" hai="17,22,24,58,61,65,77,79,87,91,95" m="26687" machi="24" ten="30,1000,0" yaku="8,1" doraHai="5" who="2" fromWho="3" sc="60,0,188,0,192,10,560,-10" /><INIT seed="5,0,0,4,3,67" ten="60,188,202,550" oya="1" hai0="58,2,117,98,53,87,116,38,18,41,42,48,82" hai1="89,28,1,11,126,69,44,114,66,100,12,130,123" hai2="77,92,51,112,32,90,91,68,103,50,35,111,62" hai3="16,99,34,113,17,64,129,3,79,102,120,107,37"/><U21/><E123/><V95/><F111/><W19/><G120/><T84/><D2/><U109/><E109/><V63/><F103/><W125/><G34/><T26/><D116/><U55/><E100/><V115/><F77/><W8/><G37/><T0/><D117/><U96/><E1/><V49/><F49/><W45/><G113/><T29/><D0/><U86/><E114/><V110/><F110/><W33/><G33/><T46/><D41/><U22/><E96/><V101/><F101/><W71/><G79/><T4/><D4/><U7/><E130/><V47/><F47/><W6/><G129/><T59/><D18/><U78/><E78/><V121/><F121/><W10/><G45/><T81/><D98/><U30/><E126/><V133/><F133/><W40/><G40/><T73/><D73/><U132/><E132/><V76/><F76/><W105/><G125/><T88/><D59/><U15/><E69/><AGARI ba="0,0" hai="32,35,50,51,62,63,68,69,90,91,92,95,112,115" machi="69" ten="25,6400,0" yaku="22,2,52,2" doraHai="67" who="2" fromWho="1" sc="60,0,188,-64,202,64,550,0" /><INIT seed="6,0,0,4,5,15" ten="60,124,266,550" oya="2" hai0="133,37,79,11,95,130,90,49,126,105,116,131,122" hai1="103,124,67,125,10,47,107,56,102,65,46,108,83" hai2="70,127,62,55,14,73,12,44,36,113,72,82,50" hai3="123,27,100,22,2,66,129,68,29,104,17,111,7"/><V33/><F33/><W38/><G38/><T88/><D37/><U114/><E108/><V135/><F113/><W101/><G111/><T53/><D122/><U87/><E10/><V84/><F135/><W61/><G123/><T52/><D105/><U110/><E110/><V40/><F127/><N who="1" m="48713" /><E114/><V59/><F73/><W91/><G104/><T94/><D126/><U45/><E56/><V109/><F72/><W41/><G41/><T74/><D133/><U76/><E107/><V78/><REACH who="2" step="1"/><F109/><REACH who="2" ten="60,124,256,550" step="2"/><W54/><G129/><T48/><D74/><U106/><E106/><V26/><F26/><W92/><G27/><T98/><D116/><U43/><E43/><V118/><F118/><W97/><G2/><T132/><D132/><U69/><E69/><V75/><F75/><W57/><G68/><T6/><D130/><U112/><E112/><V80/><F80/><W93/><G93/><T99/><D131/><U134/><E134/><V0/><F0/><W71/><G92/><T119/><D119/><U60/><E60/><V8/><F8/><W21/><G61/><T24/><D24/><U1/><E1/><V81/><F81/><W34/><G71/><T96/><D96/><U13/><E13/><V19/><F19/><W32/><G34/><T31/><D31/><U85/><E87/><V23/><F23/><W4/><G22/><T3/><D79/><U63/><E63/><V28/><F28/><W58/><G17/><T64/><D64/><AGARI ba="0,1" hai="45,46,47,64,65,67,76,83,85,102,103" m="48713" machi="64" ten="30,1000,0" yaku="18,1" doraHai="15" who="1" fromWho="0" sc="60,-10,124,20,256,0,550,0" /><AGARI ba="0,0" hai="12,14,36,40,44,50,55,59,62,64,70,78,82,84" machi="64" ten="40,7700,0" yaku="1,1,24,2,53,0" doraHai="15" doraHaiUra="5" who="2" fromWho="0" sc="50,-77,144,0,256,77,550,0" owari="-27,-52.7,144,-25.6,333,13.3,550,65.0" /></mjloggm>