<mjloggm ver="2.3"><GO type="169" lobby="0"/><UN n0="%65%6B%61%72%75%74%65" n1="%E5%A4%9A%E6%91%A9%E3%82%BD%E3%83%BC%E3%82%B8" n2="%E8%80%81%E6%A5%BD" n3="%E5%BE%A1%E5%BD%B1%E3%82%86%E3%81%9A%E3%81%8D" dan="16,17,18,17" rate="2094.92,2220.41,2249.59,2195.74" sx="M,M,M,M"/><TAIKYOKU oya="0"/><INIT seed="0,0,0,4,5,7" ten="250,250,250,250" oya="0" hai0="127,111,47,62,16,132,124,77,65,108,121,91,110" hai1="14,97,2,131,126,104,46,130,23,11,6,87,74" hai2="36,114,1,38,54,21,37,64,4,94,52,88,5" hai3="59,103,120,129,119,96,79,92,128,100,15,41,9"/><T93/><D121/><U75/><E126/><V8/><F114/><W33/><G33/><T17/><D132/><U95/><E104/><V25/><F64/><W19/><G119/><T125/><D47/><U85/><E85/><V68/><F68/><W71/><G71/><N who="0" m="42423" /><D77/><U61/><E87/><AGARI ba="0,0" hai="16,17,87,91,93,108,110,111,124,125,127" m="42423" machi="87" ten="40,12000,1" yaku="14,1,10,1,18,1,54,1" doraHai="7" who="0" fromWho="1" sc="250,120,250,-120,250,0,250,0" /><INIT seed="0,1,0,2,1,114" ten="370,130,250,250" oya="0" hai0="55,63,130,40,14,52,128,109,124,113,43,56,30" hai1="18,9,69,6,34,134,27,118,129,39,59,10,122" hai2="60,104,4,89,107,54,44,95,38,21,116,46,111" hai3="19,35,135,20,97,131,100,1,90,79,12,64,0"/><T28/><D113/><U13/><E69/><V119/><F111/><W123/><G35/><T68/><D109/><U25/><E39/><V23/><F4/><W88/><G123/><T94/><D68/><U120/><E59/><N who="2" m="34935" /><F21/><W58/><G135/><T85/><D124/><U76/><E76/><V45/><F23/><W101/><G131/><N who="0" m="50219" /><D55/><U110/><E129/><V117/><F38/><W105/><G101/><T127/><D127/><U42/><E42/><N who="0" m="15913" /><D14/><N who="1" m="5431" /><E110/><V47/><F47/><W133/><G133/><T65/><D65/><U132/><E132/><V71/><F71/><W73/><G1/><T77/><D77/><U36/><E36/><V84/><AGARI ba="1,0" hai="44,45,46,84,89,95,104,107,116,117,119" m="34935" machi="84" ten="40,8000,1" yaku="12,1,52,3" doraHai="114" who="2" fromWho="2" sc="370,-41,130,-21,250,83,250,-21" /><INIT seed="1,0,0,5,3,134" ten="329,109,333,229" oya="1" hai0="78,132,133,122,26,38,124,4,29,114,100,106,13" hai1="1,8,80,79,71,52,25,37,24,72,76,70,119" hai2="83,87,68,22,49,55,89,56,86,96,69,33,126" hai3="31,109,97,50,14,131,82,16,98,51,85,67,3"/><U18/><E119/><V65/><F33/><W43/><G3/><T40/><D114/><U47/><E79/><V42/><F42/><W77/><G131/><T116/><D122/><U45/><E45/><V99/><F126/><W92/><G109/><T57/><D116/><U75/><E75/><V102/><F65/><W128/><G128/><T127/><D78/><U19/><E19/><V123/><F123/><W15/><G67/><T118/><D118/><U110/><E110/><V108/><F108/><W120/><G120/><T84/><D57/><U6/><E52/><V12/><F99/><W101/><G31/><T17/><D84/><U36/><E36/><V53/><F87/><W90/><G14/><T115/><D4/><U93/><E93/><V94/><F53/><W23/><REACH who="3" step="1"/><G43/><REACH who="3" ten="329,109,333,219" step="2"/><T59/><D115/><U91/><E24/><V107/><REACH who="2" step="1"/><F83/><REACH who="2" ten="329,109,323,219" step="2"/><W81/><G81/><T20/><D40/><N who="1" m="22927" /><E91/><V48/><F48/><W73/><G73/><T34/><D38/><U62/><E62/><V74/><F74/><W66/><G66/><T103/><D132/><U32/><E18/><AGARI ba="0,2" hai="12,18,22,49,55,56,68,69,86,89,94,96,102,107" machi="18" ten="40,5200,0" yaku="1,1,25,2,53,0" doraHai="134" doraHaiUra="129" who="2" fromWho="1" sc="329,0,109,-52,323,72,219,0" /><INIT seed="2,0,0,1,3,108" ten="329,57,395,219" oya="2" hai0="90,86,57,11,59,23,71,72,21,133,0,67,79" hai1="127,1,113,88,115,101,56,31,63,35,5,13,78" hai2="97,19,4,128,33,40,131,117,7,37,68,8,39" hai3="3,54,25,14,87,120,75,122,51,106,118,16,32"/><V100/><F68/><W24/><G75/><T125/><D72/><U62/><E1/><V94/><F33/><W38/><G106/><T28/><D79/><U129/><E78/><V130/><F117/><W9/><G38/><N who="2" m="14345" /><F40/><W126/><G118/><T132/><D125/><U18/><E5/><N who="2" m="2123" /><F19/><W29/><G126/><T99/><D99/><U111/><E127/><V83/><F8/><W46/><G3/><T65/><D11/><U81/><E101/><V61/><F61/><W43/><G25/><T95/><D0/><U69/><E69/><V30/><F30/><W53/><G53/><T27/><D23/><U135/><E63/><V26/><F26/><W123/><G43/><T42/><D42/><U60/><E62/><V112/><F83/><W93/><G93/><T48/><D71/><U116/><E116/><V15/><F15/><W55/><G54/><N who="0" m="31943" /><D59/><U74/><E74/><V66/><F66/><W121/><N who="3" m="30720" /><DORA hai="92" /><W12/><G12/><T134/><AGARI ba="0,0" hai="21,27,28,65,67,86,90,95,132,133,134" m="31943" machi="134" ten="30,1100,0" yaku="20,1" doraHai="108,92" who="0" fromWho="0" sc="329,11,57,-3,395,-5,219,-3" /><INIT seed="3,0,0,5,3,134" ten="340,54,390,216" oya="3" hai0="24,46,30,37,109,47,58,102,119,32,0,72,44" hai1="68,104,126,36,135,13,49,45,124,63,120,11,112" hai2="65,35,88,75,53,103,89,26,52,7,95,17,110" hai3="129,73,5,116,62,18,100,50,127,98,83,2,15"/><W71/><G116/><T79/><D119/><U78/><E120/><V123/><F75/><W31/><G31/><T74/><D0/><U101/><E112/><V108/><F123/><W125/><G129/><T121/><D121/><U92/><E104/><V128/><F128/><W91/><G50/><T99/><D109/><N who="2" m="42090" /><F7/><W131/><G131/><T54/><D37/><U82/><E36/><V64/><F103/><W56/><G71/><T97/><D79/><U77/><E135/><V8/><F89/><W118/><G118/><T85/><D85/><U29/><E29/><N who="2" m="19895" /><F17/><W4/><G2/><T21/><D32/><U40/><E101/><V60/><F8/><N who="3" m="6503" /><G73/><T27/><D27/><U38/><E92/><V80/><F80/><W67/><G91/><T34/><D34/><U117/><E117/><V51/><F51/><W10/><G10/><T113/><D113/><U39/><E78/><V115/><F64/><W81/><G83/><T3/><D3/><U107/><E107/><V114/><F114/><W69/><G81/><T76/><D76/><U28/><E28/><V86/><F115/><W106/><G69/><AGARI ba="0,0" hai="52,53,60,65,69,86,88,95" m="19895,42090" machi="69" ten="30,3900,0" yaku="14,1,54,2" doraHai="134" who="2" fromWho="3" sc="340,0,54,0,390,39,216,-39" /><INIT seed="4,0,0,4,2,116" ten="340,54,429,177" oya="0" hai0="131,64,130,72,60,48,39,107,23,71,79,106,80" hai1="38,83,115,78,46,108,33,102,67,88,66,32,109" hai2="96,85,51,101,121,75,58,7,69,92,122,36,95" hai3="53,104,14,61,28,52,19,62,59,124,113,8,4"/><T3/><D3/><U24/><E102/><V1/><F69/><W35/><G113/><T81/><D39/><U22/><E115/><V77/><F36/><W94/><G104/><T118/><D118/><U20/><E38/><V90/><F58/><W63/><G124/><T89/><D23/><U16/><E46/><V117/><F51/><W21/><G53/><T114/><D114/><U99/><E22/><V42/><F42/><W73/><G73/><T129/><REACH who="0" step="1"/><D48/><REACH who="0" ten="330,54,429,177" step="2"/><U87/><E109/><V26/><F117/><W135/><G21/><T9/><D9/><U55/><E108/><V134/><F26/><W100/><G8/><T10/><D10/><U127/><E127/><V120/><F1/><W132/><G132/><T133/><D133/><U110/><E110/><V57/><F134/><W18/><G135/><T0/><D0/><U84/><E99/><N who="2" m="59623" /><F7/><W76/><G4/><T31/><D31/><U91/><E78/><V47/><F47/><W30/><G76/><T34/><D34/><U40/><E40/><V44/><F44/><W126/><G30/><T74/><D74/><U128/><E128/><V17/><F17/><W105/><G28/><T82/><D82/><U37/><E37/><V56/><F75/><W15/><G35/><T6/><D6/><U98/><E98/><V12/><F12/><N who="3" m="4651" /><G126/><T125/><D125/><U123/><E32/><V86/><F77/><W70/><G19/><T65/><D65/><N who="1" m="24587" /><E33/><V68/><F96/><N who="3" m="61575" /><G18/><T112/><D112/><U5/><E5/><V97/><F68/><W13/><N who="3" m="4659" /><W25/><DORA hai="2" /><G70/><T27/><D27/><RYUUKYOKU ba="0,1" sc="330,15,54,-15,429,15,177,-15" hai0="60,64,71,72,79,80,81,89,106,107,129,130,131" hai2="56,57,85,86,90,95,97,120,121,122" /><INIT seed="4,1,1,0,0,9" ten="345,39,444,162" oya="0" hai0="71,97,70,92,56,61,69,100,127,6,117,84,4" hai1="81,43,58,88,51,76,68,16,7,22,94,89,0" hai2="2,110,131,112,38,60,83,13,47,130,3,5,40" hai3="79,57,121,62,132,10,106,85,134,53,19,26,30"/><T120/><D117/><U129/><E68/><V77/><F110/><W29/><G106/><T102/><D120/><U1/><E129/><N who="2" m="49163" /><F112/><W91/><G121/><T128/><D128/><U116/><E116/><V55/><F13/><N who="3" m="7607" /><G79/><T86/><D127/><U41/><E7/><V135/><F135/><N who="3" m="51755" /><G26/><T133/><D133/><U27/><E89/><V21/><F21/><W123/><G123/><T74/><D74/><U35/><E35/><V8/><F2/><W111/><G111/><T34/><D34/><U37/><E37/><V32/><F32/><W12/><G12/><T119/><D102/><U104/><E104/><V64/><F55/><W39/><G39/><T80/><D119/><U66/><E0/><V20/><F20/><W73/><G73/><T46/><D46/><U78/><E1/><V18/><F18/><W118/><G118/><T25/><D25/><U115/><E115/><V48/><F38/><W65/><G53/><T109/><D109/><U50/><E41/><V67/><F60/><W99/><G99/><T124/><D124/><U107/><E107/><V52/><F40/><W87/><G87/><AGARI ba="1,1" hai="3,5,8,47,48,52,64,67,77,83,87" m="49163" machi="87" ten="30,2000,0" yaku="19,1,54,1" doraHai="9" who="2" fromWho="3" sc="345,0,39,0,444,33,162,-23" /><INIT seed="5,0,0,2,5,67" ten="345,39,477,139" oya="1" hai0="89,2,118,14,119,131,116,102,75,43,96,71,32" hai1="72,66,1,112,111,115,45,56,87,53,84,3,97" hai2="70,16,130,39,9,4,19,77,128,20,126,83,74" hai3="80,35,114,99,57,90,107,38,55,50,29,117,134"/><U68/><E72/><V5/><F39/><W41/><G117/><T82/><D2/><U124/><E124/><V81/><F126/><W30/><G134/><T104/><D32/><U40/><E97/><V6/><F70/><W34/><G114/><N who="1" m="43562" /><E1/><V135/><F135/><W133/><G133/><T65/><D131/><N who="2" m="50218" /><F83/><W121/><G121/><T25/><D75/><U44/><E3/><N who="2" m="159" /><F19/><W51/><G30/><T8/><D96/><U85/><E111/><V17/><F17/><W11/><G29/><T0/><D102/><U10/><E10/><V28/><F28/><W54/><G11/><T123/><D0/><U69/><E66/><V100/><F100/><W76/><G107/><T113/><D104/><U88/><E88/><V105/><F105/><W36/><G90/><T47/><D113/><U93/><E93/><V94/><F94/><W26/><G99/><T49/><D123/><U125/><E125/><V21/><F21/><W22/><G22/><T46/><D89/><U98/><E98/><V95/><F95/><W31/><G35/><T106/><D106/><U7/><E7/><V27/><AGARI ba="0,0" hai="5,6,16,20,27,74,77,81" m="159,50218" machi="27" ten="30,2000,0" yaku="19,1,54,1" doraHai="67" who="2" fromWho="2" sc="345,-5,39,-10,477,20,139,-5" /><INIT seed="6,0,0,3,4,0" ten="340,29,497,134" oya="2" hai0="62,125,131,14,100,108,103,134,112,122,90,48,63" hai1="111,55,110,115,4,2,34,38,6,18,75,71,93" hai2="83,53,88,65,135,20,9,123,59,105,60,3,36" hai3="133,66,86,64,43,29,8,49,47,50,7,99,73"/><V12/><F105/><W113/><G73/><T98/><D122/><U104/><E104/><V68/><F36/><W91/><G133/><T114/><D108/><U92/><E75/><V89/><F3/><W124/><G124/><T130/><D14/><U84/><E38/><V19/><F123/><W107/><G113/><N who="0" m="43627" /><D48/><U31/><E115/><V44/><F44/><W81/><G29/><T41/><D41/><U85/><E2/><V97/><F97/><W117/><G117/><T27/><D27/><U40/><E40/><V72/><F135/><W106/><G106/><T58/><D134/><U35/><E18/><V121/><F121/><W25/><G25/><T16/><D16/><U126/><E55/><V67/><F20/><W15/><G107/><T52/><D63/><U42/><E42/><V10/><F10/><W74/><G74/><T79/><D79/><U128/><E71/><V37/><F37/><W51/><G99/><T70/><D70/><U118/><E31/><V24/><F24/><W96/><G96/><T1/><D1/><U13/><E13/><V26/><F26/><W11/><G11/><T78/><D78/><U77/><E77/><N who="2" m="44455" /><F68/><W32/><G32/><T87/><D98/><U54/><E54/><V129/><F53/><W120/><G120/><T30/><D30/><U57/><E57/><V102/><F59/><W23/><G23/><T101/><D125/><U28/><E28/><V45/><F19/><W82/><G82/><AGARI ba="0,0" hai="52,58,62,82,87,90,100,101,103,130,131" m="43627" machi="82" ten="30,2000,0" yaku="15,1,54,1" doraHai="0" who="0" fromWho="3" sc="340,20,29,0,497,0,134,-20" /><INIT seed="7,0,0,3,4,43" ten="360,29,497,114" oya="3" hai0="18,24,55,25,29,128,117,7,71,37,42,132,51" hai1="109,27,111,104,62,84,97,20,75,9,5,129,49" hai2="11,53,79,10,69,16,125,99,70,34,124,50,123" hai3="108,74,54,82,81,4,80,122,95,14,130,12,94"/><W2/><G122/><T52/><D117/><U17/><E75/><V98/><F79/><W113/><G74/><T100/><D71/><U127/><E127/><V30/><F53/><N who="0" m="20554" /><D37/><U3/><E129/><V19/><F50/><W106/><G106/><T87/><D128/><U114/><E114/><V65/><F30/><W38/><G38/><T21/><D132/><U101/><E62/><V92/><F92/><W39/><G39/><T83/><D100/><U68/><E68/><V35/><F65/><W91/><G130/><T89/><D7/><U33/><E84/><V61/><F61/><W126/><G4/><T22/><D42/><U56/><E56/><V47/><F123/><W8/><G94/><T112/><D112/><U1/><E1/><V15/><F15/><W13/><G14/><T133/><D133/><U6/><E6/><V66/><F66/><W46/><G13/><T116/><D116/><U73/><E73/><V26/><F26/><W88/><G2/><T78/><D51/><U31/><REACH who="1" step="1"/><E49/><REACH who="1" ten="360,19,497,114" step="2"/><V58/><F58/><W28/><G126/><T121/><D121/><U64/><E64/><V0/><F0/><W103/><G113/><T134/><D134/><U60/><E60/><V86/><F124/><W59/><G59/><T120/><D120/><U48/><E48/><V40/><F125/><W67/><G67/><T115/><D115/><U119/><E119/><V36/><F70/><W102/><G54/><T90/><AGARI ba="0,1" hai="18,21,22,24,25,29,78,83,87,89,90" m="20554" machi="90" ten="30,2000,0" yaku="8,1,54,1" doraHai="43" who="0" fromWho="0" sc="360,30,19,-5,497,-5,114,-10" owari="390,19.0,14,-48.6,492,59.2,104,-29.6" /></mjloggm>