<mjloggm ver="2.3"><GO type="169" lobby="0"/><UN n0="%E6%81%8B%E3%81%AE%E3%81%86%E3%81%9F" n1="%2D%E8%B1%8A%E5%8F%A3%E3%82%81%E3%81%90%E3%81%BF%2D" n2="%E5%B2%A9%E4%B8%8A%E9%80%9A%E3%82%8A" n3="%E4%BB%8A%E6%97%A5%E4%B8%80" dan="17,17,16,17" rate="2259.43,2169.01,2126.09,2216.11" sx="M,F,M,F"/><TAIKYOKU oya="0"/><INIT seed="0,0,0,1,1,62" ten="250,250,250,250" oya="0" hai0="86,101,130,9,133,102,38,78,84,54,16,92,107" hai1="21,77,109,126,74,3,115,29,125,4,17,91,79" hai2="50,75,43,13,66,30,81,18,72,111,51,6,34" hai3="104,61,8,64,19,82,40,71,105,15,73,90,114"/><T39/><D107/><U22/><E74/><V70/><F111/><W31/><G114/><T106/><D106/><U45/><E91/><V10/><F34/><W48/><G31/><T5/><D130/><U33/><E45/><V135/><F30/><W110/><G110/><T118/><D133/><U11/><E109/><V96/><F135/><W7/><G7/><T52/><D5/><U87/><E87/><V121/><F96/><W41/><G41/><T68/><D68/><U28/><E79/><V58/><F121/><W32/><G32/><T69/><D69/><U49/><E49/><V127/><F127/><N who="1" m="48649" /><E77/><V83/><F70/><W1/><G1/><T99/><D118/><U116/><E116/><V25/><F72/><W44/><G73/><T14/><D38/><U60/><E60/><N who="2" m="38167" /><F75/><W123/><G123/><T128/><D39/><U93/><E93/><V2/><F2/><W67/><G104/><T120/><D128/><U36/><E36/><V85/><F43/><W113/><G105/><T24/><D120/><U134/><E134/><V35/><F35/><W97/><G113/><T63/><D101/><U95/><E95/><V103/><F103/><W117/><G117/><T0/><D0/><U132/><E132/><V119/><F119/><W56/><G97/><T122/><D122/><U94/><E94/><V42/><F42/><W89/><G82/><N who="2" m="31241" /><F85/><N who="0" m="32874" /><D78/><U98/><E98/><V23/><AGARI ba="0,0" hai="6,10,13,18,23,25,50,51" m="31241,38167" machi="23" ten="30,2000,0" yaku="8,1,52,1" doraHai="62" who="2" fromWho="2" sc="250,-10,250,-5,250,20,250,-5" /><INIT seed="1,0,0,3,0,19" ten="240,245,270,245" oya="1" hai0="36,16,131,60,64,125,104,26,135,21,46,110,57" hai1="32,66,102,62,69,78,41,92,10,30,97,29,133" hai2="38,95,74,58,89,65,22,105,107,37,73,55,123" hai3="108,33,118,112,35,1,13,127,93,4,98,23,0"/><U71/><E133/><V44/><F123/><W59/><G112/><T5/><D110/><U101/><E71/><V34/><F34/><W54/><G108/><T103/><D135/><U6/><E78/><V8/><F8/><W82/><G127/><T113/><D113/><U124/><E124/><V53/><F65/><W122/><G122/><T17/><D131/><U81/><E81/><V40/><F37/><W72/><G118/><T119/><D119/><U116/><E116/><V96/><F55/><W12/><G33/><T91/><D5/><U2/><E32/><V68/><F68/><W70/><G35/><T27/><D104/><U94/><REACH who="1" step="1"/><E41/><REACH who="1" ten="240,235,270,245" step="2"/><V120/><F120/><W87/><G70/><T121/><D125/><U67/><E67/><V75/><F75/><W3/><G72/><T39/><D121/><U18/><E18/><V42/><F42/><W7/><G82/><T130/><D17/><U11/><E11/><V47/><F74/><W45/><G4/><T49/><D130/><U86/><E86/><V109/><F73/><W90/><G87/><T84/><D26/><U132/><E132/><V115/><F40/><W99/><G7/><T79/><D79/><U106/><E106/><V100/><F107/><W114/><G114/><T134/><D134/><U56/><E56/><V48/><F115/><W20/><G59/><T63/><D57/><U28/><E28/><V77/><F77/><W15/><G99/><AGARI ba="0,1" hai="2,6,10,29,30,62,66,69,92,94,97,99,101,102" machi="99" ten="40,3900,0" yaku="1,1,9,1,53,0" doraHai="19" doraHaiUra="128" who="1" fromWho="3" sc="240,0,235,49,270,0,245,-39" /><INIT seed="1,1,0,0,0,94" ten="240,284,270,206" oya="1" hai0="60,35,52,72,59,81,19,49,51,97,66,44,96" hai1="73,120,39,30,79,68,116,133,131,114,106,40,54" hai2="113,32,67,62,90,93,37,130,83,112,69,92,89" hai3="129,38,7,41,47,98,21,65,64,1,61,109,33"/><U53/><RYUUKYOKU type="yao9" ba="1,0" sc="240,0,284,0,270,0,206,0" hai1="30,39,40,53,54,68,73,79,106,114,116,120,131,133" /><INIT seed="1,2,0,4,1,64" ten="240,284,270,206" oya="1" hai0="106,124,20,44,81,92,42,54,111,24,29,96,63" hai1="132,116,21,98,14,16,83,84,71,18,74,4,77" hai2="133,59,100,68,43,86,128,112,46,60,35,91,105" hai3="45,101,55,65,75,121,118,9,52,61,7,119,110"/><U72/><E116/><N who="3" m="44586" /><G110/><T99/><D124/><U8/><E132/><V50/><F133/><W109/><G109/><T131/><D111/><U93/><E71/><V41/><F35/><W123/><G75/><T90/><D131/><U47/><E47/><V122/><F122/><N who="3" m="46603" /><G101/><T31/><D106/><U26/><REACH who="1" step="1"/><E4/><REACH who="1" ten="240,274,270,206" step="2"/><V135/><F68/><N who="3" m="42031" /><G45/><T3/><D44/><U6/><E6/><V53/><F135/><W28/><G28/><T48/><D29/><U33/><E33/><V15/><F128/><W94/><G94/><T88/><D92/><U49/><E49/><V134/><F134/><W32/><G32/><T102/><D48/><U117/><E117/><V36/><F50/><W89/><G89/><AGARI ba="2,1" hai="8,14,16,18,21,26,72,74,77,83,84,89,93,98" machi="89" ten="30,5800,0" yaku="1,1,7,1,54,1,53,0" doraHai="64" doraHaiUra="97" who="1" fromWho="3" sc="240,0,274,74,270,0,206,-64" /><INIT seed="1,3,0,3,5,14" ten="240,348,270,142" oya="1" hai0="78,96,101,26,42,32,51,126,111,40,43,89,127" hai1="30,90,48,65,7,98,86,46,47,72,20,19,83" hai2="13,118,132,44,66,39,28,8,121,38,133,106,31" hai3="82,94,29,3,109,93,84,36,123,135,64,53,22"/><U113/><E113/><V81/><F106/><W129/><G123/><T125/><D111/><U108/><E108/><V2/><F121/><W68/><G109/><T6/><D78/><U88/><E72/><V11/><F66/><W104/><G104/><T100/><D6/><U25/><E7/><N who="2" m="1143" /><F81/><W1/><G36/><T5/><D5/><U95/><E65/><V105/><F105/><W102/><G64/><T4/><D4/><U97/><E97/><V61/><F61/><W120/><G68/><T18/><D51/><U23/><E48/><V17/><F118/><W12/><G1/><T9/><D32/><U27/><AGARI ba="3,0" hai="19,20,23,25,27,30,46,47,83,86,88,90,95,98" machi="27" ten="20,12000,1" yaku="0,1,7,1,8,1,52,1,54,1" doraHai="14" who="1" fromWho="1" sc="240,-43,348,129,270,-43,142,-43" /><INIT seed="1,4,0,1,2,104" ten="197,477,227,99" oya="1" hai0="21,4,60,10,129,108,118,102,34,78,55,27,6" hai1="24,47,75,113,123,119,107,57,48,28,106,43,120" hai2="64,54,2,98,71,58,117,114,86,61,17,84,35" hai3="91,30,79,18,9,33,67,1,46,133,3,20,109"/><U12/><E113/><V87/><F117/><W122/><G67/><T101/><D118/><U89/><E119/><V5/><F5/><W77/><G46/><T130/><D108/><U56/><E107/><V40/><F2/><W41/><G41/><T32/><D78/><U49/><E106/><V25/><F114/><W22/><G91/><T125/><D60/><U132/><E132/><V23/><F35/><N who="0" m="13354" /><D55/><U95/><E75/><V126/><F126/><W135/><G79/><T13/><D102/><U8/><E120/><V112/><F40/><W83/><G83/><T73/><D101/><U105/><E105/><V65/><F112/><W44/><G44/><T85/><D85/><U127/><E127/><V0/><F0/><N who="3" m="75" /><G77/><T100/><D100/><U134/><E134/><N who="3" m="51210" /><G122/><T103/><D103/><U96/><E49/><V116/><F116/><W90/><G90/><T124/><D4/><N who="1" m="3079" /><E123/><V36/><F36/><W80/><G80/><T51/><D51/><U76/><E76/><V121/><F121/><W19/><G109/><T128/><D73/><U45/><E45/><V63/><F65/><W50/><G50/><T52/><D52/><U66/><E66/><V97/><AGARI ba="4,0" hai="17,23,25,54,58,61,63,64,71,84,86,87,97,98" machi="97" ten="30,1100,0" yaku="0,1" doraHai="104" who="2" fromWho="2" sc="197,-7,477,-9,227,23,99,-7" /><INIT seed="2,0,0,1,4,12" ten="190,468,250,92" oya="2" hai0="102,21,57,19,111,98,59,99,0,79,37,71,80" hai1="17,116,53,9,49,104,58,60,115,92,83,1,108" hai2="11,107,105,112,118,42,86,2,133,41,123,91,20" hai3="129,132,78,29,27,23,48,66,26,122,106,89,125"/><V18/><F123/><W85/><G122/><T46/><D71/><U131/><E104/><V121/><F118/><W101/><G132/><T88/><D0/><U32/><E115/><V35/><F121/><W47/><G129/><T90/><D111/><U50/><E108/><V95/><F112/><W76/><G125/><T45/><D37/><U31/><E116/><V124/><F133/><W5/><G5/><T33/><D33/><U113/><E113/><V64/><F124/><W70/><G101/><T93/><D57/><U114/><E114/><V100/><F35/><W117/><G106/><T103/><D59/><U51/><E83/><V82/><F64/><W72/><G117/><T56/><D56/><U54/><E131/><V4/><F107/><W69/><G27/><T119/><D119/><U7/><E31/><V134/><F105/><W63/><G72/><T22/><D80/><U126/><E32/><V68/><F68/><W77/><G70/><T24/><D79/><U87/><E126/><V25/><REACH who="2" step="1"/><F134/><REACH who="2" ten="190,468,240,92" step="2"/><W94/><REACH who="3" step="1"/><G78/><REACH who="3" ten="190,468,240,82" step="2"/><T16/><D24/><U30/><E60/><V43/><F43/><AGARI ba="0,2" hai="23,26,29,43,47,48,63,66,69,76,77,85,89,94" machi="43" ten="30,7700,0" yaku="1,1,2,1,7,1,53,1" doraHai="12" doraHaiUra="67" who="3" fromWho="2" sc="190,0,468,0,240,-77,82,97" /><INIT seed="3,0,0,5,2,28" ten="190,468,163,179" oya="3" hai0="128,11,17,116,24,119,52,89,14,77,83,36,91" hai1="105,48,120,19,53,94,47,70,55,21,93,60,97" hai2="13,51,31,95,109,67,75,108,62,27,9,43,82" hai3="111,30,49,7,64,88,102,110,71,8,39,90,29"/><W117/><G39/><T122/><D122/><U3/><E3/><V1/><F1/><N who="3" m="111" /><G102/><T132/><D36/><U26/><E120/><V34/><F95/><W59/><G71/><T135/><D128/><U99/><E105/><V38/><F38/><W46/><G117/><T127/><D127/><U66/><E94/><V23/><F43/><W41/><G64/><T57/><D24/><U2/><E2/><V74/><F51/><W78/><G59/><T54/><D54/><U45/><E93/><V35/><F75/><W58/><G58/><T87/><D116/><U92/><E92/><V80/><F80/><W104/><G78/><T103/><D119/><U69/><E69/><V131/><F131/><W68/><G68/><T72/><D103/><U123/><E123/><V126/><F126/><W81/><G104/><T73/><D73/><U84/><E84/><V115/><F115/><W106/><G106/><T44/><D44/><U37/><E37/><V42/><F42/><W85/><G90/><T100/><D100/><U96/><E96/><V33/><F82/><W124/><G124/><T4/><D4/><U15/><E26/><V121/><F74/><W10/><G10/><T32/><D72/><U20/><E55/><V129/><F129/><W40/><G40/><T79/><D79/><U101/><E47/><V16/><REACH who="2" step="1"/><F121/><REACH who="2" ten="190,468,153,179" step="2"/><W76/><G76/><T22/><D77/><U112/><E48/><V56/><AGARI ba="0,1" hai="9,13,16,23,27,31,33,34,35,56,62,67,108,109" machi="56" ten="40,12000,2" yaku="1,1,2,1,0,1,52,3,54,1,53,0" doraHai="28" doraHaiUra="130" who="2" fromWho="2" sc="190,-30,468,-30,153,130,179,-60" /><INIT seed="4,0,0,1,3,129" ten="160,438,283,119" oya="0" hai0="35,126,0,86,130,118,113,91,44,75,135,18,92" hai1="10,70,81,27,52,2,124,121,78,134,108,6,97" hai2="60,39,69,111,119,106,123,94,48,61,59,16,132" hai3="24,33,20,29,84,46,49,34,51,109,1,80,101"/><T95/><D118/><U62/><E108/><V88/><F106/><W43/><G109/><T54/><D75/><U28/><E121/><V64/><F123/><W100/><G1/><T41/><D35/><U71/><E124/><V9/><F39/><W73/><G73/><T99/><D0/><U65/><E97/><V63/><F111/><W110/><G110/><T31/><D130/><U23/><E134/><V66/><F132/><W90/><G33/><T103/><D113/><U83/><E83/><V115/><F115/><W38/><G34/><T93/><D31/><U8/><E8/><V58/><F119/><W107/><G107/><T127/><D54/><U87/><E52/><N who="2" m="32007" /><F66/><W102/><AGARI ba="0,0" hai="20,24,29,38,43,46,49,51,80,84,90,100,101,102" machi="102" ten="30,1100,0" yaku="0,1" doraHai="129" who="3" fromWho="3" sc="160,-5,438,-3,283,-3,119,11" /><INIT seed="5,0,0,1,5,91" ten="155,435,280,130" oya="1" hai0="9,135,39,51,118,119,7,15,23,111,22,123,29" hai1="129,27,78,90,82,0,35,32,89,40,66,121,109" hai2="88,52,79,128,42,55,11,104,33,43,53,102,133" hai3="131,36,19,46,81,5,60,59,132,10,20,56,72"/><U34/><E121/><V64/><F33/><W57/><G132/><T87/><D39/><U108/><E0/><V99/><F133/><W69/><G131/><T14/><D51/><U75/><E129/><V134/><F134/><W16/><G69/><T49/><D49/><U28/><E40/><V85/><F128/><W122/><G122/><T73/><D87/><U96/><E66/><V126/><F64/><W70/><G70/><T76/><D76/><U31/><E31/><V125/><F79/><W117/><G117/><T3/><D73/><U6/><E6/><V106/><F104/><W1/><G60/><T110/><D135/><U113/><E113/><V45/><F11/><W44/><G36/><T62/><D62/><U63/><E63/><V68/><F68/><W95/><G81/><T103/><D103/><U94/><REACH who="1" step="1"/><E89/><REACH who="1" ten="155,425,280,130" step="2"/><V12/><F43/><W17/><G20/><AGARI ba="0,1" hai="20,27,28,32,34,35,75,78,82,90,94,96,108,109" machi="20" ten="40,12000,1" yaku="1,1,2,1,52,1,53,1" doraHai="91" doraHaiUra="24" who="1" fromWho="3" sc="155,0,425,130,280,0,130,-120" /><INIT seed="5,1,0,3,4,107" ten="155,555,280,10" oya="1" hai0="56,42,83,8,14,76,41,69,50,68,82,47,44" hai1="92,126,54,110,57,11,13,131,87,60,88,123,101" hai2="116,64,36,30,106,89,67,16,97,40,55,2,132" hai3="5,32,134,130,45,15,31,37,75,34,103,4,90"/><U26/><E123/><V71/><F2/><W3/><G90/><T21/><D21/><U59/><E126/><V86/><F116/><W91/><G103/><T9/><D56/><U24/><E131/><V39/><F30/><W135/><G91/><T133/><D133/><N who="3" m="50697" /><G75/><T22/><D22/><U117/><E117/><V93/><F132/><W66/><G66/><T96/><D14/><U52/><E101/><V7/><F7/><N who="3" m="2635" /><G3/><T85/><D96/><U0/><E0/><V127/><F55/><W73/><G73/><T48/><D76/><U115/><E115/><V121/><F121/><W70/><G70/><T27/><D27/><U124/><E124/><V79/><F40/><W128/><G45/><T99/><D99/><U129/><E129/><N who="3" m="49770" /><G37/><T28/><D28/><U10/><E110/><V114/><F39/><W1/><G1/><T113/><D85/><U105/><E105/><V78/><F36/><W63/><G63/><T120/><D120/><U33/><E57/><V118/><F71/><W20/><G31/><T38/><D38/><U23/><E54/><V58/><F58/><W98/><G98/><T95/><D95/><U80/><E92/><V108/><F93/><W94/><G94/><T109/><D109/><U19/><E60/><V111/><F108/><W125/><G125/><T12/><D83/><U74/><E80/><V61/><F127/><W17/><AGARI ba="1,0" hai="15,17,20,32,34" m="49770,2635,50697" machi="17" ten="40,8000,1" yaku="20,1,19,1,34,2" doraHai="107" who="3" fromWho="3" sc="155,-21,555,-41,280,-21,10,83" /><INIT seed="6,0,0,4,2,115" ten="134,514,259,93" oya="2" hai0="23,135,7,112,51,90,93,39,126,63,31,101,110" hai1="82,19,85,75,60,116,95,50,122,67,62,125,45" hai2="121,20,84,44,59,92,117,0,64,111,88,30,10" hai3="16,15,5,13,6,100,2,77,48,9,33,28,83"/><V22/><F121/><W11/><G100/><T42/><D110/><U113/><E116/><V68/><F111/><W46/><G28/><T134/><D112/><U53/><E113/><V25/><F68/><W81/><G33/><T27/><D39/><U65/><E125/><V102/><F117/><W78/><G78/><T76/><D7/><U89/><E122/><V34/><F102/><W87/><G81/><T107/><D76/><U97/><E75/><V1/><F44/><W124/><G124/><T120/><D120/><U17/><E62/><V41/><F41/><W131/><G131/><T73/><D73/><U118/><E118/><V26/><F34/><W69/><G69/><T74/><D74/><U91/><E67/><V86/><F10/><W29/><G29/><T70/><D107/><U127/><E127/><V24/><F24/><W105/><G105/><T98/><D126/><U79/><E91/><V49/><F84/><W4/><REACH who="3" step="1"/><G2/><REACH who="3" ten="134,514,259,83" step="2"/><T130/><D130/><U66/><E66/><V37/><F1/><W109/><G109/><T43/><D101/><U80/><REACH who="1" step="1"/><E82/><REACH who="1" ten="134,504,259,83" step="2"/><V72/><F64/><W40/><AGARI ba="0,2" hai="4,5,6,9,11,13,15,16,40,46,48,77,83,87" machi="40" ten="20,12000,2" yaku="1,1,0,1,7,1,25,2,8,1,54,1,53,0" doraHai="115" doraHaiUra="114" who="3" fromWho="3" sc="134,-30,504,-30,259,-60,83,140" /><INIT seed="7,0,0,3,2,46" ten="104,474,199,223" oya="3" hai0="39,103,129,5,3,119,101,44,2,37,64,65,100" hai1="133,94,23,48,122,62,43,61,72,82,134,83,63" hai2="96,109,92,97,80,32,117,127,22,57,18,36,68" hai3="0,135,74,102,76,28,79,55,98,107,126,26,115"/><W4/><G115/><T85/><D119/><U124/><E122/><V66/><F32/><W11/><G126/><T88/><D129/><U49/><E124/><V34/><F34/><W67/><G135/><N who="1" m="51722" /><E43/><V45/><F68/><W104/><G104/><T69/><D5/><U99/><E23/><V105/><F109/><W132/><G132/><T41/><D69/><U29/><E29/><V20/><F117/><W16/><G67/><T95/><REACH who="0" step="1"/><D39/><REACH who="0" ten="94,474,199,223" step="2"/><U1/><E1/><V112/><F127/><W17/><G4/><T91/><D91/><N who="1" m="55775" /><E83/><V128/><F80/><W8/><G0/><T47/><D47/><U21/><E21/><V30/><F45/><W58/><G8/><T78/><D78/><AGARI ba="0,1" hai="48,49,61,62,63,72,78,82" m="55775,51722" machi="78" ten="30,3900,0" yaku="20,1,52,2" doraHai="46" who="1" fromWho="0" sc="94,-39,474,49,199,0,223,0" owari="55,-44.5,523,62.3,199,-20.1,223,2.3" /></mjloggm>