<mjloggm ver="2.3"><GO type="225" lobby="0"/><UN n0="%E4%BF%BA%E3%81%A8%E5%A6%96%E5%A4%A2" n1="%E3%81%8B%E3%82%8F%E3%81%A1%E3%82%83%E3%82%93%35%38" n2="%E9%A6%AC%E5%BC%95%E7%81%AB%33" n3="%E3%82%A2%E3%82%A4%E3%82%B9%E3%83%86%E3%82%A3%E3%83%BC%E3%81%82%E3%81%B9" dan="16,16,16,16" rate="2121.18,2156.93,2138.67,2064.33" sx="F,M,M,M"/><TAIKYOKU oya="0"/><INIT seed="0,0,0,4,0,120" ten="250,250,250,250" oya="0" hai0="90,10,60,6,114,41,104,127,18,15,92,40,55" hai1="24,29,13,48,75,51,129,81,44,94,37,107,56" hai2="133,46,103,102,17,98,26,14,47,5,25,116,65" hai3="43,119,95,11,71,8,106,126,28,121,122,85,86"/><T61/><D114/><U80/><E107/><V117/><F133/><W35/><G106/><T19/><D104/><U42/><E129/><V36/><F5/><W91/><G71/><T53/><D127/><U66/><E75/><V112/><F112/><W7/><G119/><N who="2" m="45641" /><F65/><W73/><G73/><T89/><D55/><U96/><E13/><V1/><F1/><W125/><G43/><N who="0" m="16459" /><D89/><U62/><E48/><V124/><F124/><N who="3" m="47723" /><G86/><N who="0" m="52311" /><D53/><U59/><E59/><V131/><F131/><W70/><G70/><T38/><D38/><U134/><E134/><V20/><F36/><W88/><G91/><T130/><D130/><U101/><REACH who="1" step="1"/><E37/><REACH who="1" ten="250,240,250,250" step="2"/><V84/><F46/><W100/><G122/><T105/><D105/><U74/><E74/><V3/><F47/><W49/><G49/><T58/><D58/><U30/><E30/><V83/><F14/><W67/><G121/><T63/><AGARI ba="0,1" hai="6,10,15,18,19,60,61,63" m="52311,16459" machi="63" ten="30,1500,0" yaku="8,1" doraHai="120" who="0" fromWho="0" sc="250,25,240,-5,250,-5,250,-5" /><INIT seed="0,1,0,2,1,126" ten="275,235,245,245" oya="0" hai0="1,37,86,13,123,128,67,58,96,60,63,95,87" hai1="125,40,79,35,36,127,99,102,81,34,111,69,106" hai2="6,70,3,75,19,51,119,64,74,89,120,2,104" hai3="11,135,41,5,83,25,9,82,101,39,122,103,42"/><T55/><D123/><U109/><E69/><V73/><F120/><W132/><G122/><T7/><D1/><N who="2" m="10" /><F51/><W23/><G39/><T118/><D118/><U46/><E34/><V57/><F57/><W54/><G54/><T100/><D37/><U62/><E35/><V98/><F89/><W133/><G83/><T112/><D112/><U91/><E91/><V43/><F43/><N who="3" m="16395" /><G82/><T33/><D33/><U27/><E27/><V117/><F19/><N who="3" m="12543" /><G11/><T108/><D55/><U31/><E62/><N who="2" m="40215" /><F6/><W115/><G115/><T121/><D63/><U129/><E31/><V78/><F78/><W72/><G72/><N who="2" m="18433" /><V80/><DORA hai="76" /><F80/><W114/><G114/><T88/><D121/><U56/><E56/><V124/><F124/><N who="1" m="47689" /><E81/><V21/><F21/><W65/><G65/><T28/><D67/><U22/><E22/><V38/><F38/><W32/><G32/><T17/><D58/><U8/><E8/><V4/><F4/><W105/><G105/><T116/><D7/><U107/><E107/><V47/><F47/><W50/><G50/><T16/><D17/><U59/><E59/><V18/><F18/><W71/><G71/><T48/><D48/><U130/><E79/><V0/><N who="2" m="18" /><AGARI ba="1,0" hai="0,5,9,101,103,132,133,135" m="12543,16395" machi="0" ten="30,2000,0" yaku="3,1,20,1" doraHai="126,76" who="3" fromWho="2" sc="275,0,235,0,245,-23,245,23" /><INIT seed="1,0,0,5,5,24" ten="275,235,222,268" oya="1" hai0="109,118,108,32,38,101,52,76,58,29,15,39,122" hai1="3,51,31,34,102,56,40,126,22,21,67,12,96" hai2="98,13,84,113,30,63,85,117,43,46,54,106,88" hai3="9,42,116,79,2,93,14,4,27,77,48,135,107"/><U100/><E3/><V127/><F117/><W123/><G107/><T131/><D118/><U35/><E126/><V47/><F127/><W82/><G116/><T10/><D131/><U61/><E34/><V69/><F113/><W73/><G123/><T94/><D76/><U6/><E35/><V33/><F13/><W25/><G135/><T111/><D101/><U104/><E100/><N who="2" m="62743" /><F85/><W92/><G79/><T17/><D94/><U114/><E114/><V105/><F54/><W115/><G115/><T90/><D90/><U37/><E37/><V0/><F43/><W7/><G7/><T72/><D72/><U62/><E62/><V119/><F0/><W50/><G2/><T1/><D1/><U64/><E64/><N who="2" m="41119" /><F105/><W97/><G92/><T5/><D5/><U19/><E6/><V110/><F110/><W60/><G60/><N who="0" m="35911" /><D122/><U134/><E134/><V75/><F75/><W95/><G95/><T121/><D121/><U68/><E68/><V57/><F57/><W55/><G42/><T132/><D132/><U8/><REACH who="1" step="1"/><E31/><REACH who="1" ten="275,225,222,268" step="2"/><V26/><F119/><W89/><REACH who="3" step="1"/><G50/><REACH who="3" ten="275,225,222,258" step="2"/><T59/><D111/><U128/><E128/><V53/><F53/><W78/><G78/><T11/><D109/><U66/><E66/><V70/><F70/><W83/><G83/><AGARI ba="0,2" hai="26,30,33,46,47,83,84,88" m="41119,62743" machi="83" ten="30,3900,0" yaku="25,1,52,1,54,1" doraHai="24" who="2" fromWho="3" sc="275,0,225,0,222,59,258,-39" /><INIT seed="2,0,0,3,3,107" ten="275,225,281,219" oya="2" hai0="4,39,33,102,109,104,88,52,135,22,76,29,91" hai1="24,23,43,61,93,103,62,83,64,59,40,70,35" hai2="113,69,12,96,131,108,117,129,7,19,95,124,34" hai3="74,57,21,18,56,114,100,128,8,49,112,54,15"/><V125/><F69/><W30/><G128/><N who="2" m="49225" /><F34/><W41/><G100/><T90/><D33/><U87/><E35/><V5/><F96/><W14/><G41/><T2/><D39/><U127/><E127/><N who="2" m="48715" /><F95/><W42/><G42/><T120/><D91/><U6/><E6/><N who="2" m="2059" /><F113/><N who="3" m="43627" /><G74/><T101/><D101/><U79/><E93/><V122/><F117/><W28/><G57/><T25/><D104/><U92/><E92/><V51/><F51/><W99/><G99/><T75/><D102/><U1/><E103/><V106/><F106/><W46/><G56/><T133/><D90/><U126/><E126/><V65/><F65/><W17/><AGARI ba="0,0" hai="8,14,15,17,18,21,28,30,46,49,54" m="43627" machi="17" ten="30,1100,0" yaku="11,1" doraHai="107" who="3" fromWho="3" sc="275,-3,225,-3,281,-5,219,11" /><INIT seed="3,0,0,3,3,85" ten="272,222,276,230" oya="3" hai0="101,52,4,38,110,135,57,124,90,17,116,55,68" hai1="69,56,82,79,48,24,53,114,26,106,122,44,70" hai2="18,60,103,87,113,125,8,23,16,128,83,77,47" hai3="99,126,33,62,104,84,88,93,98,10,107,115,109"/><W91/><G33/><T121/><D116/><U66/><E122/><V112/><F128/><W2/><G115/><T86/><D121/><U40/><E114/><V102/><F125/><W19/><G126/><T74/><D124/><U64/><E106/><V39/><F113/><W127/><G127/><T80/><D68/><N who="1" m="26219" /><E24/><N who="2" m="14439" /><F39/><W92/><G109/><T28/><D38/><N who="1" m="21527" /><E26/><V61/><F47/><W71/><G84/><T97/><D110/><U63/><E82/><V34/><F34/><W108/><G108/><T54/><D74/><U31/><E31/><V20/><F8/><W65/><G19/><T95/><D135/><U72/><E79/><V75/><F75/><W5/><AGARI ba="0,0" hai="2,5,10,62,65,71,88,91,92,93,98,99,104,107" machi="5" ten="30,12000,1" yaku="0,1,9,1,52,2,54,1" doraHai="85" who="3" fromWho="3" sc="272,-40,222,-40,276,-40,230,120" owari="232,-16.8,182,-31.8,236,3.6,350,45.0" /></mjloggm>