<mjloggm ver="2.3"><GO type="169" lobby="0"/><UN n0="%E5%8D%97%E5%B8%9D%E5%8D%97%E6%B5%A6" n1="%E3%82%88%E3%81%86%E3%81%B8%E3%83%BC%58" n2="%E3%81%9F%E3%81%8B%E3%81%AA" n3="%E3%83%90%E3%82%AD" dan="17,17,19,16" rate="2197.08,2224.63,2219.97,2177.54" sx="M,M,M,M"/><TAIKYOKU oya="0"/><INIT seed="0,0,0,4,5,35" ten="250,250,250,250" oya="0" hai0="70,68,19,10,5,81,16,101,97,31,41,111,22" hai1="38,114,44,100,128,59,50,14,12,47,124,0,9" hai2="61,43,83,23,24,78,34,17,8,26,71,18,91" hai3="48,96,79,32,85,109,51,56,120,134,25,135,93"/><T122/><D122/><U116/><E116/><V11/><F43/><W63/><G120/><T73/><D41/><U86/><E100/><V46/><F46/><W60/><G109/><T98/><D111/><U7/><E128/><V74/><F91/><W95/><G32/><T64/><D31/><U42/><E124/><V13/><F34/><W27/><G56/><T113/><D113/><U105/><E105/><V125/><F125/><W3/><G85/><T126/><D126/><U39/><E114/><V54/><F54/><W104/><G104/><T88/><D64/><U62/><E86/><V80/><F80/><W69/><G79/><T40/><D40/><U99/><E99/><V58/><F58/><W1/><G96/><T119/><D19/><U21/><E47/><V90/><F90/><W94/><G94/><N who="0" m="56519" /><D119/><U118/><E118/><V112/><F112/><W55/><G55/><T75/><D81/><U15/><REACH who="1" step="1"/><E21/><REACH who="1" ten="250,240,250,250" step="2"/><V49/><F23/><W6/><G6/><T30/><D73/><U117/><E117/><V82/><F74/><W127/><G127/><T57/><D75/><U29/><E29/><V108/><F108/><W45/><G45/><T121/><D30/><U133/><E133/><V2/><F18/><W132/><G132/><T65/><D121/><U110/><E110/><V4/><F17/><W67/><G69/><T20/><D68/><U129/><E129/><V102/><F71/><W84/><G84/><T28/><D70/><U66/><AGARI ba="0,1" hai="0,7,9,12,14,15,38,39,42,44,50,59,62,66" machi="66" ten="30,4000,0" yaku="1,1,0,1,52,1,53,0" doraHai="35" doraHaiUra="107" who="1" fromWho="1" sc="250,-20,240,50,250,-10,250,-10" /><INIT seed="1,0,0,5,4,107" ten="230,290,240,240" oya="1" hai0="120,95,98,11,40,117,66,15,52,31,39,26,59" hai1="4,109,62,65,32,64,33,115,125,0,129,73,97" hai2="135,94,14,72,27,60,41,88,25,118,21,55,13" hai3="108,35,123,34,57,113,131,126,81,112,58,89,30"/><U69/><E115/><V84/><F118/><W20/><G123/><T43/><D117/><U122/><E122/><V19/><F135/><W132/><G132/><T101/><D120/><U75/><E65/><V8/><F72/><N who="1" m="27721" /><E129/><V79/><F79/><W54/><G131/><T116/><D116/><U7/><E7/><V56/><REACH who="2" step="1"/><F41/><REACH who="2" ten="230,290,230,240" step="2"/><W80/><G113/><T42/><D39/><U121/><E121/><V85/><F85/><W67/><G112/><T6/><D66/><U22/><E125/><V106/><F106/><W12/><G126/><T100/><D100/><U46/><E109/><V47/><F47/><W130/><G108/><T9/><D9/><N who="1" m="2183" /><E22/><V44/><F44/><W74/><G130/><T93/><D93/><U124/><E124/><V50/><F50/><W28/><G20/><T99/><D99/><U45/><E45/><V68/><F68/><W49/><G74/><T82/><D82/><U70/><E70/><V111/><F111/><W127/><G127/><T114/><D114/><U16/><E46/><V48/><F48/><W91/><G49/><T134/><D134/><U29/><E97/><V10/><F10/><W24/><G67/><T104/><D104/><U53/><E53/><V71/><F71/><W63/><G54/><T77/><D77/><U36/><E36/><V92/><F92/><W96/><G96/><T83/><D83/><U17/><E33/><V76/><F76/><W105/><G81/><T38/><D38/><U51/><E51/><V86/><F86/><W90/><G80/><T103/><D52/><U87/><E87/><V37/><F37/><RYUUKYOKU ba="0,1" sc="230,-15,290,15,230,15,240,-15" hai1="16,17,29,32,62,64,69" hai2="8,13,14,19,21,25,27,55,56,60,84,88,94" /><INIT seed="1,1,1,5,4,80" ten="215,305,245,225" oya="1" hai0="67,81,123,70,112,29,97,111,50,99,135,26,12" hai1="36,4,28,92,71,39,7,16,94,116,95,119,124" hai2="17,54,47,90,32,132,130,87,91,100,131,113,104" hai3="31,106,118,122,76,24,49,86,20,43,73,107,51"/><U126/><E28/><V34/><F132/><W108/><G122/><T79/><D112/><U44/><E71/><V134/><F134/><W88/><G108/><T96/><D123/><U13/><E44/><V38/><F113/><W85/><G73/><T6/><D111/><U105/><E105/><V37/><F17/><W63/><G118/><N who="1" m="45098" /><E13/><V78/><F78/><W18/><G107/><T102/><D135/><U75/><E16/><V83/><F91/><W2/><G2/><T53/><D102/><U61/><E61/><V68/><F68/><W114/><G106/><T42/><D70/><U103/><E103/><V58/><F32/><W74/><G74/><T69/><D69/><U98/><E98/><N who="2" m="61463" /><F47/><W33/><G114/><T40/><D67/><U21/><E21/><V109/><F34/><W19/><G63/><T30/><D12/><U66/><E66/><V56/><F56/><W117/><G33/><T14/><D14/><U5/><E75/><V65/><F65/><W48/><G43/><T11/><D40/><U45/><E45/><V41/><F41/><W110/><G110/><T57/><D42/><U129/><E129/><N who="2" m="49163" /><F109/><W82/><REACH who="3" step="1"/><G117/><REACH who="3" ten="215,305,245,215" step="2"/><T27/><D27/><U133/><E133/><V46/><F46/><W127/><G127/><AGARI ba="1,2" hai="4,5,7,36,39,92,94,95,124,126,127" m="45098" machi="127" ten="40,7700,0" yaku="28,2,18,1" doraHai="80" who="1" fromWho="3" sc="215,0,305,100,245,0,215,-80" /><INIT seed="1,2,0,4,0,54" ten="215,405,245,135" oya="1" hai0="9,115,73,61,39,19,75,111,97,101,84,79,91" hai1="98,42,30,83,108,48,5,67,88,21,70,40,107" hai2="52,37,123,56,6,132,28,120,25,94,129,45,36" hai3="99,0,92,74,69,16,85,38,103,124,116,104,51"/><U60/><E5/><V112/><F129/><W71/><G38/><T114/><D39/><U2/><E2/><V32/><F132/><W57/><G124/><T20/><D9/><U62/><E108/><V3/><F112/><W11/><G74/><T14/><D111/><U100/><E48/><V43/><F36/><W106/><G116/><T82/><D61/><U105/><E105/><V78/><F78/><W31/><G31/><T134/><D73/><U47/><E47/><V7/><F94/><W27/><G0/><T130/><D130/><U55/><E30/><V35/><F35/><W119/><G119/><T128/><D134/><U121/><E21/><V95/><F95/><W96/><G85/><T131/><D131/><U77/><E121/><V8/><REACH who="2" step="1"/><F6/><REACH who="2" ten="215,405,235,135" step="2"/><W64/><G106/><N who="0" m="63791" /><D128/><U53/><E77/><V68/><F68/><W117/><G117/><T58/><D114/><U80/><E80/><V41/><F41/><W81/><G81/><N who="0" m="45311" /><D115/><U10/><E42/><V118/><F118/><W89/><G71/><T50/><D82/><U63/><E40/><V34/><F34/><W125/><G69/><T122/><D122/><U113/><E113/><V90/><F90/><W17/><G89/><T127/><D127/><U44/><E88/><V18/><F18/><W26/><G125/><T133/><D133/><U59/><E83/><V87/><F87/><W46/><G104/><T76/><D76/><U86/><E86/><V13/><F13/><W33/><G33/><T4/><D91/><U109/><E70/><V29/><F29/><W72/><G72/><T102/><D84/><RYUUKYOKU ba="2,1" sc="215,-10,405,-10,235,30,135,-10" hai2="3,7,8,25,28,32,37,43,45,52,56,120,123" /><INIT seed="2,3,1,0,0,39" ten="205,395,265,125" oya="2" hai0="74,95,53,16,113,51,115,97,130,71,100,108,82" hai1="75,64,118,3,67,27,55,59,9,57,87,91,92" hai2="105,29,46,38,133,24,111,14,37,112,8,10,7" hai3="103,21,77,88,126,26,19,102,121,60,114,41,93"/><V66/><F112/><W70/><G121/><T1/><D108/><U62/><E75/><V104/><F133/><W72/><G126/><T107/><D130/><U123/><E118/><V30/><F111/><W28/><G114/><T106/><D1/><U35/><E123/><V20/><F66/><W18/><G70/><T2/><D2/><U34/><E27/><V96/><F30/><W36/><G60/><T15/><D71/><U17/><E67/><V33/><F33/><W13/><G77/><T73/><D107/><U50/><E3/><V94/><F10/><W32/><G72/><T44/><D74/><U11/><E11/><V22/><F22/><W61/><G61/><T84/><D106/><U101/><E101/><V76/><F76/><W69/><G19/><T12/><D12/><N who="1" m="7311" /><E34/><V110/><F37/><W120/><G69/><T124/><D73/><U117/><E35/><V125/><F125/><W85/><REACH who="3" step="1"/><G120/><REACH who="3" ten="205,395,265,115" step="2"/><T4/><D124/><U89/><E117/><V109/><F109/><W68/><G68/><T40/><D4/><U52/><E64/><V47/><F110/><W49/><G49/><T134/><D134/><U54/><E50/><V83/><F38/><W79/><G79/><N who="0" m="46175" /><D115/><U81/><E62/><V63/><F63/><W23/><G23/><N who="0" m="11679" /><D113/><U116/><E116/><V132/><F132/><W131/><G131/><T90/><D53/><U122/><E122/><V43/><F7/><W135/><G135/><T86/><D86/><AGARI ba="3,2" hai="52,54,55,57,59,81,86,87,89,91,92" m="7311" machi="86" ten="30,2000,0" yaku="8,1,54,1" doraHai="39" who="1" fromWho="0" sc="205,-29,395,49,265,0,115,0" /><INIT seed="3,0,0,5,2,103" ten="176,444,265,115" oya="3" hai0="68,109,106,130,29,107,12,11,51,20,82,111,80" hai1="112,92,22,40,105,61,108,47,129,83,50,7,2" hai2="102,56,121,30,120,114,63,23,79,17,36,89,13" hai3="9,84,71,14,43,70,0,4,77,118,3,101,96"/><W93/><G118/><T46/><D68/><U115/><E105/><N who="0" m="39945" /><D29/><U133/><E108/><N who="0" m="41545" /><D20/><U57/><E133/><V1/><F114/><W52/><G43/><N who="0" m="25055" /><D130/><U18/><E129/><V39/><F30/><W67/><G71/><T131/><D131/><U8/><E115/><V64/><F120/><W123/><G123/><T62/><D62/><U126/><E112/><V81/><F121/><W135/><G135/><T85/><D85/><U119/><E61/><V113/><F23/><W74/><G74/><T55/><D55/><U31/><E22/><V99/><F63/><W6/><G67/><T78/><D78/><U21/><E21/><V110/><F79/><W132/><G132/><T28/><D28/><U88/><E31/><V19/><F64/><W128/><G70/><T104/><N who="0" m="39953" /><T25/><DORA hai="58" /><D25/><U32/><E119/><V65/><F65/><W27/><G128/><T45/><D45/><U48/><E47/><V72/><F72/><W16/><G52/><T26/><D26/><U86/><E86/><V97/><F113/><W54/><G54/><T117/><D117/><U37/><E57/><V5/><F56/><W100/><G27/><T66/><D66/><U60/><E60/><V15/><F110/><W42/><G42/><T35/><D35/><U73/><E32/><V33/><F33/><W49/><G77/><T75/><D75/><U124/><E73/><V44/><F44/><W90/><G84/><T127/><D127/><U134/><E126/><V10/><F99/><W53/><G53/><T24/><D24/><U34/><E124/><V69/><F69/><RYUUKYOKU ba="0,0" sc="176,30,444,-10,265,-10,115,-10" hai0="11,12,80,82" /><INIT seed="4,1,0,2,4,2" ten="206,434,255,105" oya="0" hai0="72,7,46,104,17,63,16,75,0,70,61,31,83" hai1="37,113,112,106,73,71,36,49,11,95,51,120,123" hai2="126,125,60,32,55,33,58,110,119,45,50,69,96" hai3="130,29,84,107,88,82,135,20,122,115,43,109,44"/><T74/><D104/><U35/><E106/><V90/><F110/><W19/><G109/><T103/><D103/><U94/><E35/><V40/><F119/><W8/><G107/><T121/><D121/><N who="1" m="46667" /><E11/><V78/><F78/><W12/><G122/><T6/><D0/><U26/><E26/><V4/><F69/><W62/><G130/><T97/><D70/><U41/><E73/><V18/><F18/><N who="0" m="7274" /><D46/><N who="1" m="25807" /><E71/><V15/><F90/><W65/><G135/><T10/><D10/><U28/><E28/><V27/><F96/><W79/><G29/><T57/><D57/><U86/><E86/><V118/><F118/><W98/><G8/><T131/><D97/><U34/><E34/><V91/><F27/><W13/><G13/><T81/><D31/><U59/><E95/><V67/><F32/><W38/><G98/><T101/><D101/><U111/><E94/><V21/><F33/><W132/><G132/><T24/><D24/><U9/><E9/><V100/><F100/><W117/><G117/><T53/><D53/><N who="1" m="32191" /><E111/><V92/><F15/><W23/><G23/><T105/><D105/><U128/><E128/><V80/><F21/><W127/><G20/><T42/><D131/><U116/><E116/><V52/><F92/><W134/><G12/><T47/><D83/><U3/><E3/><V124/><F4/><N who="0" m="1578" /><D81/><U56/><E56/><V30/><F30/><W133/><G133/><T39/><D75/><U1/><E1/><V99/><F99/><W87/><G134/><T64/><D63/><U93/><E93/><V54/><F80/><W129/><G82/><T85/><D85/><RYUUKYOKU ba="1,0" sc="206,10,434,10,255,10,105,-30" hai0="39,42,47,61,64,72,74" hai1="36,37,112,113" hai2="40,45,50,52,54,55,58,60,67,91,124,125,126" /><INIT seed="4,2,0,1,2,99" ten="216,444,265,75" oya="0" hai0="91,40,121,58,111,43,11,80,92,108,87,134,100" hai1="68,60,135,133,20,55,56,94,109,98,101,17,0" hai2="105,3,77,54,15,88,90,42,25,13,45,74,22" hai3="10,14,35,89,120,67,50,93,7,71,122,6,119"/><T97/><D121/><U66/><E0/><V53/><F3/><W72/><G119/><T70/><D70/><U95/><E95/><V117/><F105/><W75/><G35/><T131/><D131/><U29/><E29/><V116/><F77/><W39/><G39/><T52/><D134/><N who="1" m="51211" /><E109/><N who="0" m="42057" /><D11/><U21/><E17/><V102/><F74/><W127/><G6/><T26/><D26/><U51/><AGARI ba="2,0" hai="20,21,51,55,56,60,66,68,94,98,101" m="51211" machi="51" ten="30,2000,0" yaku="20,1,52,1" doraHai="99" who="1" fromWho="1" sc="216,-12,444,26,265,-7,75,-7" /><INIT seed="5,0,0,3,3,77" ten="204,470,258,68" oya="1" hai0="5,9,32,111,7,15,72,86,22,114,120,53,3" hai1="60,23,122,126,88,134,103,17,70,33,97,80,26" hai2="39,87,63,82,78,104,68,71,108,21,117,41,84" hai3="129,20,99,101,124,37,128,49,85,11,51,44,75"/><U109/><E122/><V94/><F108/><W34/><G34/><T69/><D72/><U115/><E109/><V55/><F104/><W127/><G75/><T29/><D111/><U57/><E70/><V67/><F117/><W4/><G20/><T28/><D69/><U92/><E33/><V102/><F68/><W133/><G37/><T47/><D120/><U45/><E115/><V105/><F105/><N who="3" m="63679" /><G85/><T106/><D106/><U59/><E134/><V36/><F41/><N who="3" m="24719" /><G51/><N who="0" m="28927" /><D114/><U130/><E126/><N who="3" m="48170" /><G133/><T35/><D35/><U16/><E130/><V62/><F21/><W18/><G18/><N who="1" m="7274" /><E45/><V125/><F125/><W90/><G90/><T81/><D3/><AGARI ba="0,0" hai="3,4,11,128,129" m="48170,24719,63679" machi="3" ten="30,1000,0" yaku="18,1" doraHai="77" who="3" fromWho="0" sc="204,-10,470,0,258,0,68,10" /><INIT seed="6,0,0,2,1,133" ten="194,470,258,78" oya="2" hai0="95,112,109,37,47,13,127,105,24,5,27,110,126" hai1="128,62,98,10,21,6,86,17,78,9,4,107,12" hai2="130,83,119,42,59,77,58,114,91,88,28,93,41" hai3="16,56,97,31,131,67,8,39,18,73,123,68,15"/><V23/><F119/><W124/><G123/><T85/><D105/><U3/><E128/><V99/><F130/><W38/><G131/><T44/><D37/><U125/><E125/><N who="0" m="47625" /><D112/><U33/><E33/><V0/><F0/><W7/><G124/><T134/><D134/><U115/><E115/><V36/><F114/><W40/><G73/><T108/><D95/><U121/><E121/><V52/><F91/><W103/><G68/><T69/><D69/><U1/><E62/><V71/><F71/><W132/><G132/><T82/><D13/><U34/><E34/><V66/><F66/><W32/><G38/><T64/><D5/><U116/><E116/><V87/><F58/><W117/><G39/><T101/><D101/><U89/><E107/><V92/><F36/><W102/><G117/><T22/><D64/><U106/><E106/><V14/><F92/><W120/><G103/><T2/><D2/><U100/><E100/><V122/><F122/><W96/><G120/><T81/><D81/><U129/><E129/><V57/><F57/><W74/><G102/><T84/><D84/><U70/><E70/><V118/><F118/><W29/><G74/><T26/><D22/><U55/><E86/><V79/><F79/><AGARI ba="0,0" hai="24,26,27,44,47,79,82,85,108,109,110" m="47625" machi="79" ten="40,8000,1" yaku="18,1,52,3" doraHai="133" who="0" fromWho="2" sc="194,80,470,0,258,-80,78,0" /><INIT seed="7,0,0,4,2,17" ten="274,470,178,78" oya="3" hai0="67,88,116,83,130,87,11,49,114,98,107,39,2" hai1="45,135,99,46,50,122,32,97,133,104,95,75,80" hai2="65,47,70,18,3,10,55,42,56,92,123,103,74" hai3="31,81,101,64,85,19,44,100,30,28,69,77,126"/><W71/><G126/><T79/><D116/><U128/><E32/><V62/><F74/><W91/><G44/><T68/><D130/><U134/><E122/><V8/><F123/><W38/><G38/><T52/><D39/><U5/><E5/><V25/><F3/><W84/><G64/><T12/><D2/><U51/><E128/><V6/><F6/><W13/><G69/><T119/><D119/><U109/><E109/><V40/><F40/><W34/><G71/><T9/><D114/><U1/><E1/><V129/><F129/><W112/><G112/><T94/><D107/><U37/><E37/><N who="2" m="21967" /><F18/><W20/><REACH who="3" step="1"/><G34/><REACH who="3" ten="274,470,178,68" step="2"/><T35/><D35/><U0/><E46/><V117/><F117/><W124/><G124/><T127/><D127/><U16/><E45/><V106/><F70/><W93/><AGARI ba="0,1" hai="13,19,20,28,30,31,77,81,84,85,91,93,100,101" machi="93" ten="30,18000,2" yaku="1,1,0,1,8,1,52,1,53,3" doraHai="17" doraHaiUra="26" who="3" fromWho="3" sc="274,-60,470,-60,178,-60,68,190" /><INIT seed="7,1,0,4,2,29" ten="214,410,118,258" oya="3" hai0="0,92,49,51,3,4,24,58,68,64,46,79,119" hai1="1,100,61,52,80,114,99,81,132,124,101,116,35" hai2="12,96,50,95,117,98,44,40,69,87,74,89,128" hai3="104,9,71,39,72,115,59,20,67,130,45,14,86"/><W134/><G72/><T125/><D119/><U48/><E1/><V127/><F117/><W36/><G71/><T106/><D106/><U56/><E35/><V102/><F69/><W133/><G104/><T11/><D125/><U13/><E116/><V85/><F127/><W73/><G73/><T78/><D0/><U110/><E110/><V82/><F128/><W66/><G130/><T32/><D68/><U7/><E114/><V97/><F12/><W30/><G115/><T17/><D92/><N who="1" m="58471" /><E101/><V90/><REACH who="2" step="1"/><F74/><REACH who="2" ten="214,410,108,258" step="2"/><W25/><G14/><N who="0" m="7391" /><D3/><U16/><E124/><V107/><F107/><W60/><G134/><T108/><D108/><U70/><E70/><V123/><F123/><W27/><G133/><T62/><D4/><U22/><E132/><V75/><F75/><W122/><G122/><T19/><D51/><U77/><E7/><V31/><F31/><W37/><G30/><T6/><D6/><U57/><E77/><V88/><F88/><W129/><G129/><T65/><D79/><U21/><E48/><V34/><F34/><W8/><G36/><T42/><D78/><U105/><E105/><V28/><F28/><W41/><G37/><T23/><D32/><U33/><E33/><V118/><F118/><W113/><G39/><T103/><D103/><U18/><E57/><V120/><F120/><W26/><G59/><T38/><D38/><U131/><E131/><V53/><F53/><AGARI ba="1,1" hai="19,23,24,42,46,49,53,58,62,64,65" m="7391" machi="53" ten="30,1000,0" yaku="8,1" doraHai="29" who="0" fromWho="2" sc="214,23,410,0,108,-13,258,0" owari="237,-16.3,410,51.0,95,-40.5,258,5.8" /></mjloggm>