<mjloggm ver="2.3"><GO type="169" lobby="0"/><UN n0="%E3%83%87%E3%83%A9%E3%82%B3%E3%83%83%E3%82%B3" n1="%E3%81%95%E3%81%8F%E3%82%88%E3%81%93%E3%81%A1%E3%82%83%E3%82%93" n2="%E3%81%BF%E3%81%8B%E3%82%93%EF%BC%A0%E3%82%8F%E3%81%8B%E3%82%81%E3%81%A6" n3="%E3%81%AD%E3%81%8A%E3%82%80%E3%83%BC%E3%81%BF%E3%82%93" dan="16,16,16,16" rate="2149.71,2027.88,2138.95,2077.16" sx="M,M,M,M"/><TAIKYOKU oya="0"/><INIT seed="0,0,0,5,0,53" ten="250,250,250,250" oya="0" hai0="8,133,34,44,19,96,87,127,125,94,26,98,131" hai1="89,117,66,16,91,31,85,132,106,22,90,33,92" hai2="71,81,129,130,82,70,126,99,55,102,2,93,118" hai3="57,134,69,3,78,1,59,9,73,104,24,88,17"/><T67/><D133/><U5/><E117/><V10/><F2/><W119/><G119/><T64/><D131/><N who="2" m="50186" /><F118/><W7/><G69/><N who="2" m="26121" /><F10/><W40/><G104/><T116/><D116/><U50/><E106/><V49/><F126/><N who="0" m="48138" /><D44/><AGARI ba="0,0" hai="44,49,55,81,82,93,99,102" m="26121,50186" machi="44" ten="30,1000,0" yaku="19,1" doraHai="53" who="2" fromWho="0" sc="250,-10,250,0,250,10,250,0" /><INIT seed="1,0,0,2,3,128" ten="240,250,260,250" oya="1" hai0="63,65,132,81,107,12,8,98,62,104,88,46,33" hai1="100,105,0,58,44,52,127,78,125,73,90,19,91" hai2="117,4,48,124,66,96,122,41,87,116,49,108,74" hai3="92,77,50,103,35,11,36,29,54,57,120,1,130"/><U80/><E0/><V112/><F74/><W76/><G120/><T121/><D121/><U13/><E44/><V9/><F122/><W101/><G36/><T25/><D46/><U115/><E115/><V6/><F112/><W39/><G39/><T118/><D118/><U82/><E100/><V45/><F108/><W3/><G130/><T106/><D132/><U85/><E91/><V135/><F124/><W64/><G3/><T83/><D33/><U69/><E69/><V14/><F66/><W123/><G123/><T43/><D43/><U10/><REACH who="1" step="1"/><E105/><REACH who="1" ten="240,240,260,250" step="2"/><V7/><F117/><W93/><G101/><T94/><D107/><U59/><E59/><V20/><F116/><W21/><G103/><T129/><D129/><U133/><E133/><V134/><F134/><W18/><G1/><T27/><D106/><U119/><E119/><V102/><F135/><W71/><G71/><T95/><D104/><U28/><E28/><V17/><F102/><W16/><G29/><T70/><D95/><U42/><E42/><V97/><F41/><W86/><G92/><T79/><D83/><U72/><E72/><V30/><F45/><W61/><G93/><T32/><D81/><U55/><E55/><V67/><F30/><W53/><G54/><T24/><D79/><U15/><E15/><V126/><F14/><N who="3" m="7263" /><G86/><T110/><D70/><U131/><E131/><V111/><F87/><W23/><G77/><T40/><D94/><U5/><E5/><V89/><F4/><W22/><G76/><T114/><D114/><U51/><AGARI ba="0,1" hai="10,13,19,51,52,58,73,78,80,82,85,90,125,127" machi="51" ten="30,6000,0" yaku="1,1,0,1,54,1,53,0" doraHai="128" doraHaiUra="2" who="1" fromWho="1" sc="240,-20,240,70,260,-20,250,-20" /><INIT seed="1,1,0,0,4,68" ten="220,310,240,230" oya="1" hai0="4,79,32,7,132,51,116,63,76,30,10,21,12" hai1="65,91,135,72,123,97,1,90,103,44,17,18,75" hai2="59,49,89,45,106,117,93,23,24,64,60,14,20" hai3="80,88,74,133,109,34,2,8,102,33,54,86,100"/><U67/><E123/><V124/><F124/><W83/><G109/><T121/><D116/><U70/><E1/><V122/><F106/><W5/><G133/><T62/><D132/><U119/><E119/><V112/><F112/><W31/><G54/><T35/><D121/><U50/><E135/><V128/><F128/><W25/><REACH who="3" step="1"/><G34/><REACH who="3" ten="220,310,240,220" step="2"/><T96/><D35/><U38/><E75/><V28/><F117/><W126/><G126/><T66/><D32/><U53/><E72/><V55/><F122/><W99/><G99/><T85/><D96/><U39/><E67/><V114/><F114/><W113/><G113/><T95/><D66/><U13/><E65/><V73/><F73/><W47/><G47/><T81/><D63/><U11/><E70/><V9/><F28/><W118/><G118/><T16/><D62/><U6/><E97/><V41/><F64/><W131/><G131/><T26/><D79/><AGARI ba="1,1" hai="2,5,8,25,31,33,74,79,80,83,86,88,100,102" machi="79" ten="40,5200,0" yaku="1,1,54,1,53,1" doraHai="68" doraHaiUra="29" who="3" fromWho="0" sc="220,-55,310,0,240,0,220,65" /><INIT seed="2,0,0,4,5,93" ten="165,310,240,285" oya="2" hai0="60,37,100,12,95,27,3,127,134,43,105,18,70" hai1="65,48,36,69,77,45,92,78,120,41,74,130,79" hai2="38,89,90,15,9,11,66,52,6,58,42,98,64" hai3="49,16,124,122,68,103,30,63,26,47,135,50,106"/><V62/><F38/><W94/><G122/><T71/><D134/><U82/><E120/><V113/><F113/><W110/><G110/><T96/><D3/><U5/><E130/><V109/><F42/><W121/><G121/><T17/><D127/><U24/><E24/><V0/><F109/><W117/><G106/><T132/><D132/><U111/><E111/><V54/><F54/><W126/><G117/><T112/><D112/><U81/><E5/><V86/><F90/><W33/><G135/><T73/><D73/><U101/><E36/><V131/><F131/><W84/><G50/><T55/><D105/><U128/><E128/><V61/><F61/><W80/><G68/><T85/><D85/><U31/><E31/><V129/><F129/><W21/><G63/><T97/><D97/><N who="1" m="59559" /><E74/><V114/><F114/><W72/><G72/><T91/><D100/><U108/><E69/><V107/><F107/><W51/><G94/><T57/><D37/><U40/><E65/><N who="2" m="25195" /><F9/><W25/><G103/><T59/><D59/><U115/><E115/><V76/><F0/><W1/><G1/><T99/><D99/><U104/><E104/><V118/><F118/><W20/><G33/><T34/><D43/><N who="1" m="24639" /><E108/><V39/><F39/><W88/><REACH who="3" step="1"/><G49/><REACH who="3" ten="165,310,240,275" step="2"/><T29/><REACH who="0" step="1"/><D18/><REACH who="0" ten="155,310,240,275" step="2"/><U83/><AGARI ba="0,2" hai="40,41,77,78,79,81,82,83" m="24639,59559" machi="83" ten="30,2000,0" yaku="8,1,52,1" doraHai="93" who="1" fromWho="1" sc="155,-5,310,40,240,-10,275,-5" /><INIT seed="3,0,0,4,4,48" ten="150,350,230,270" oya="3" hai0="130,68,2,39,37,96,122,5,21,109,29,98,56" hai1="128,83,114,79,135,112,78,103,127,65,64,52,116" hai2="76,102,16,46,63,12,126,20,60,113,133,74,120" hai3="22,11,123,80,0,81,45,9,15,42,84,26,3"/><W28/><G123/><T85/><D122/><U34/><E34/><V50/><F120/><W7/><G11/><T89/><D68/><U10/><E128/><V18/><F113/><W99/><G99/><T115/><D130/><U108/><E108/><V106/><F126/><W69/><G80/><T47/><D109/><U121/><E121/><V25/><F133/><W90/><REACH who="3" step="1"/><G69/><REACH who="3" ten="150,350,230,260" step="2"/><T41/><D98/><U30/><E83/><V53/><F74/><W105/><G105/><T6/><D96/><U100/><E10/><V67/><F106/><W70/><G70/><T92/><D115/><U101/><E135/><V111/><F111/><W32/><G32/><T36/><D2/><U119/><E114/><V61/><F102/><W104/><G104/><T14/><D5/><U77/><E112/><V82/><F82/><W8/><G8/><T110/><D110/><U132/><E132/><V1/><F1/><W66/><G66/><T33/><D33/><U86/><E64/><V73/><F73/><W62/><G62/><T27/><D6/><U17/><E65/><V87/><F87/><W4/><G4/><T23/><D23/><U44/><E86/><V51/><F67/><W71/><G71/><T38/><D85/><U55/><E119/><V43/><F76/><W49/><AGARI ba="0,1" hai="0,3,7,9,15,22,26,28,42,45,49,81,84,90" machi="49" ten="20,3900,0" yaku="1,1,0,1,7,1,53,0" doraHai="48" doraHaiUra="129" who="3" fromWho="3" sc="150,-13,350,-13,230,-13,260,49" /><INIT seed="3,1,0,4,2,5" ten="137,337,217,309" oya="3" hai0="130,0,6,71,92,79,1,47,21,65,9,124,74" hai1="68,128,20,2,103,80,82,133,51,12,23,60,116" hai2="98,57,112,85,90,67,54,81,69,8,15,119,127" hai3="10,32,46,77,107,96,132,88,28,52,91,123,25"/><W111/><G123/><T19/><D130/><U61/><E128/><V35/><F112/><W17/><G77/><T41/><D124/><U64/><E2/><V126/><F119/><W76/><G76/><T114/><D114/><U63/><E116/><V39/><F39/><W135/><G111/><T58/><D71/><U22/><E133/><N who="3" m="51274" /><G107/><T29/><D0/><U99/><E12/><V33/><F69/><W109/><G109/><T40/><D92/><U72/><E51/><V18/><F67/><W117/><G96/><T73/><D41/><U78/><REACH who="1" step="1"/><E82/><REACH who="1" ten="137,327,217,309" step="2"/><V86/><F126/><W3/><G117/><T89/><D1/><U13/><E13/><V48/><F127/><W42/><G42/><T121/><D40/><U75/><E75/><V118/><F118/><W49/><G3/><T97/><D74/><U45/><E45/><V129/><F129/><W105/><G105/><AGARI ba="1,1" hai="20,22,23,60,61,63,64,68,72,78,80,99,103,105" machi="105" ten="40,2600,0" yaku="1,1,53,1" doraHai="5" doraHaiUra="94" who="1" fromWho="3" sc="137,0,327,39,217,0,309,-29" /><INIT seed="4,0,0,5,1,13" ten="137,366,217,280" oya="0" hai0="93,86,127,4,25,8,23,107,27,78,64,15,53" hai1="91,74,108,66,35,28,80,106,17,115,43,90,61" hai2="111,113,98,133,92,45,9,117,118,134,109,126,112" hai3="39,16,72,30,22,130,54,19,58,81,88,135,102"/><T116/><D116/><N who="2" m="44650" /><F45/><W52/><G39/><T44/><D127/><U49/><E106/><V75/><F75/><W94/><G130/><T85/><D107/><U73/><E108/><N who="2" m="41547" /><F9/><W24/><G135/><N who="2" m="51721" /><F126/><W95/><G72/><T77/><D64/><U132/><E73/><V105/><F105/><W42/><G42/><T38/><D38/><U12/><E74/><V36/><F36/><W110/><G110/><T46/><D25/><U71/><E132/><V65/><F65/><W114/><G114/><T131/><D131/><U100/><E66/><V70/><F70/><W6/><G6/><T57/><D44/><U82/><E115/><V20/><F20/><W1/><G1/><T55/><D46/><U0/><E71/><V121/><F121/><W84/><G54/><T2/><D2/><U18/><E0/><V60/><F60/><W31/><G31/><T26/><D26/><U14/><E61/><V99/><F99/><N who="3" m="59767" /><G81/><T125/><D125/><U129/><E28/><V83/><F83/><W103/><G103/><AGARI ba="0,0" hai="92,98,103,112,113" m="51721,41547,44650" machi="103" ten="40,8000,1" yaku="12,1,20,1,34,2" doraHai="13" who="2" fromWho="3" sc="137,0,366,0,217,80,280,-80" /><INIT seed="5,0,0,0,2,68" ten="137,366,297,200" oya="1" hai0="104,123,83,113,97,82,117,26,74,106,80,17,1" hai1="116,103,110,16,9,27,101,114,46,115,134,133,107" hai2="76,30,64,39,96,56,11,130,18,3,127,10,45" hai3="35,72,112,67,13,111,129,31,47,65,42,126,119"/><U38/><E116/><V44/><F127/><W52/><G111/><T135/><D1/><U94/><E107/><V20/><F130/><W40/><G72/><T7/><D7/><U122/><E122/><V102/><F76/><W63/><G112/><N who="1" m="43050" /><E110/><V131/><F131/><W79/><G129/><T22/><D113/><U49/><E94/><V4/><F30/><W118/><G79/><T77/><D117/><N who="3" m="44553" /><G126/><T57/><D135/><N who="1" m="51723" /><E38/><V87/><F39/><N who="3" m="21919" /><G42/><T43/><D43/><N who="1" m="24799" /><E27/><V85/><F45/><W60/><G13/><AGARI ba="0,0" hai="9,13,16,101,103" m="24799,51723,43050" machi="13" ten="30,5800,0" yaku="15,1,20,1,54,1" doraHai="68" who="1" fromWho="3" sc="137,0,366,58,297,0,200,-58" /><INIT seed="5,1,0,4,3,69" ten="137,424,297,142" oya="1" hai0="62,94,91,70,115,98,110,29,117,5,111,92,133" hai1="127,43,33,56,26,60,61,45,135,82,81,6,105" hai2="103,55,23,107,112,73,101,130,64,8,113,88,71" hai3="54,39,34,49,79,65,47,46,14,51,114,116,129"/><U87/><E105/><V86/><F73/><W52/><G34/><T30/><D117/><U84/><E6/><V2/><F130/><W17/><G129/><T76/><D115/><N who="2" m="44106" /><F71/><W15/><G114/><T99/><D133/><U41/><E127/><V124/><F124/><W122/><G122/><T59/><D70/><U97/><E97/><V0/><F64/><W44/><G65/><T123/><D123/><U120/><E120/><V75/><F75/><W100/><G116/><T24/><D5/><U57/><E33/><V35/><F35/><W36/><G79/><T28/><D76/><U37/><E26/><V16/><F55/><W38/><G100/><N who="2" m="38473" /><F8/><W119/><G119/><T11/><D11/><U126/><E126/><V102/><F102/><W40/><G15/><T125/><D125/><U31/><E41/><V58/><F58/><W96/><G96/><T118/><D118/><U106/><E43/><V67/><F67/><W20/><AGARI ba="1,0" hai="14,17,20,36,38,39,40,44,46,47,49,51,52,54" machi="20" ten="20,12000,2" yaku="0,1,7,1,9,1,52,3,54,1" doraHai="69" who="3" fromWho="3" sc="137,-31,424,-61,297,-31,142,123" /><INIT seed="6,0,0,0,1,122" ten="106,363,266,265" oya="2" hai0="59,61,28,81,22,62,83,3,129,49,30,120,101" hai1="29,23,115,27,71,132,84,55,134,70,21,117,107" hai2="93,72,54,91,69,124,92,109,65,98,111,43,7" hai3="60,135,50,56,114,15,8,97,58,78,4,17,82"/><V18/><F72/><W119/><G119/><T52/><D120/><U34/><E117/><V2/><F124/><W24/><G135/><N who="1" m="51754" /><E107/><V53/><F43/><W11/><G114/><T42/><D129/><U88/><E55/><V44/><F18/><W104/><G50/><T31/><D3/><U96/><E96/><V48/><F54/><W100/><G60/><T38/><D101/><U63/><E115/><V131/><F131/><W10/><G10/><T85/><D38/><U57/><E57/><V133/><F133/><W90/><G90/><T86/><D42/><U51/><E51/><V130/><F130/><W95/><G104/><T16/><D85/><U6/><E6/><V5/><F93/><W79/><G79/><T123/><D123/><U32/><E63/><N who="2" m="40127" /><F2/><W35/><G35/><N who="1" m="13354" /><E21/><V1/><F1/><W76/><G76/><T126/><D126/><U105/><E105/><V128/><F128/><W113/><G113/><T121/><D121/><U19/><E29/><V66/><F66/><W68/><G68/><T39/><D39/><U99/><E99/><V12/><F12/><N who="3" m="7303" /><G24/><N who="0" m="14407" /><D86/><AGARI ba="0,0" hai="4,11,15,56,58,78,82,86,95,97,100" m="7303" machi="86" ten="30,1000,0" yaku="8,1" doraHai="122" who="3" fromWho="0" sc="106,-10,363,0,266,0,265,10" /><INIT seed="7,0,0,2,2,43" ten="96,363,266,275" oya="3" hai0="59,124,12,106,31,49,87,6,113,122,98,83,64" hai1="102,25,120,68,47,17,21,109,5,86,79,28,112" hai2="36,0,103,30,66,119,50,8,123,24,96,7,114" hai3="37,130,53,51,78,133,91,65,3,93,35,46,45"/><W69/><G35/><T121/><D124/><U85/><E109/><V89/><F119/><W71/><G3/><T76/><D31/><U75/><E120/><V95/><F123/><W4/><G4/><T27/><D27/><U134/><E68/><V1/><F114/><W11/><G11/><T97/><D113/><U104/><E112/><V48/><F1/><W108/><G130/><T58/><D106/><U92/><E104/><V100/><F36/><W115/><G115/><T34/><D34/><U14/><E75/><V70/><F70/><W62/><G133/><T10/><D122/><U52/><E5/><V111/><F66/><W81/><G71/><T18/><D121/><U90/><E102/><V94/><F111/><W132/><G132/><T16/><D98/><N who="1" m="57623" /><E79/><V74/><F74/><W67/><G67/><T126/><D97/><U101/><E101/><V20/><F100/><W72/><G108/><T116/><D116/><U33/><E33/><V55/><F55/><W110/><G110/><T77/><D77/><U41/><E41/><V42/><F42/><W84/><G37/><T38/><D38/><U131/><E134/><V26/><F26/><W56/><AGARI ba="0,0" hai="45,46,51,53,56,62,65,69,72,78,81,84,91,93" machi="56" ten="20,7800,0" yaku="0,1,7,1,52,2" doraHai="43" who="3" fromWho="3" sc="96,-26,363,-26,266,-26,275,78" owari="70,-43.0,337,13.7,240,-16.0,353,45.3" /></mjloggm>