<mjloggm ver="2.3"><GO type="169" lobby="0"/><UN n0="%E3%81%94%E3%82%8B%E3%81%AF%E3%82%80%33%30" n1="%E5%BA%84%E5%8F%B8%E5%81%A5%E5%A4%AA%E6%9C%97" n2="%E3%83%91%E3%83%BC%E3%83%A9%E3%83%A1%E3%83%B3%E3%83%88" n3="%4E%45%49%6E%73%6F" dan="17,16,16,16" rate="2196.94,2066.48,2195.72,2055.09" sx="F,M,M,M"/><TAIKYOKU oya="0"/><INIT seed="0,0,0,1,0,109" ten="250,250,250,250" oya="0" hai0="74,9,101,120,13,33,11,106,41,121,89,42,26" hai1="103,125,118,71,55,61,3,112,87,111,20,128,95" hai2="19,46,75,37,135,78,77,99,96,102,57,86,69" hai3="65,22,49,54,51,36,131,93,25,100,132,58,88"/><T116/><D116/><U38/><E111/><V119/><F69/><W79/><G36/><T122/><D74/><U31/><E3/><V64/><F119/><W60/><G132/><T107/><D89/><U27/><E38/><V44/><F75/><W90/><G131/><T29/><D9/><U104/><E125/><V84/><F135/><W30/><G79/><N who="2" m="30217" /><F37/><W39/><G39/><T73/><D73/><U17/><E55/><V12/><F64/><W83/><G83/><T76/><D76/><U97/><E128/><V47/><F57/><N who="3" m="37007" /><G49/><T48/><D101/><U14/><E118/><V81/><F81/><W72/><G72/><T4/><REACH who="0" step="1"/><D48/><REACH who="0" ten="240,250,250,250" step="2"/><U113/><E87/><N who="2" m="33323" /><F102/><W70/><G70/><T124/><D124/><U114/><E71/><V43/><F43/><AGARI ba="0,1" hai="4,11,13,26,29,33,41,42,43,106,107,120,121,122" machi="43" ten="40,2000,0" yaku="1,1,53,0" doraHai="109" doraHaiUra="80" who="0" fromWho="2" sc="240,30,250,0,250,-20,250,0" /><INIT seed="0,1,0,1,1,109" ten="270,250,230,250" oya="0" hai0="45,33,88,42,61,81,78,7,90,37,3,25,52" hai1="51,17,134,28,123,35,1,118,12,86,40,57,24" hai2="77,4,43,62,19,75,58,130,47,65,67,98,135" hai3="31,125,30,46,79,0,97,91,76,32,94,117,39"/><T55/><D3/><U21/><E118/><V11/><F130/><W70/><G117/><T100/><D7/><U10/><E123/><V8/><F135/><W54/><G0/><T116/><D116/><U14/><E134/><V49/><F75/><W101/><G70/><T87/><D100/><U113/><E86/><V64/><F77/><W72/><G125/><T6/><D6/><N who="1" m="1359" /><E14/><V103/><F19/><W92/><G32/><T48/><D61/><U93/><E93/><V131/><F131/><W83/><G76/><T122/><D122/><U71/><E71/><V63/><F4/><W73/><G73/><T82/><D82/><U41/><E113/><V26/><F26/><W102/><G102/><T95/><D37/><U110/><E110/><V38/><F38/><W80/><G80/><T68/><D68/><U53/><AGARI ba="1,0" hai="12,17,21,24,28,35,40,41,51,53,57" m="1359" machi="53" ten="30,1100,0" yaku="24,1" doraHai="109" who="1" fromWho="1" sc="270,-6,250,14,230,-4,250,-4" /><INIT seed="1,0,0,0,2,81" ten="264,264,226,246" oya="1" hai0="20,58,124,9,99,34,21,68,71,75,39,76,40" hai1="134,98,38,41,16,92,24,3,56,62,135,111,79" hai2="85,64,33,114,132,121,128,96,5,42,73,17,112" hai3="55,94,11,74,102,131,36,133,87,59,95,27,7"/><U12/><E3/><V91/><F121/><W113/><G113/><T43/><D34/><U83/><E111/><V125/><F73/><W63/><G74/><T57/><D75/><U13/><E41/><V61/><F33/><W44/><G133/><T117/><D99/><U1/><E1/><V118/><F118/><W49/><G131/><T130/><D9/><U47/><E47/><V30/><F30/><W106/><G36/><T19/><D19/><U52/><E38/><V105/><F42/><W46/><G27/><T90/><D39/><U70/><E70/><V115/><F132/><W14/><G106/><T107/><D107/><U35/><E35/><V26/><F128/><W51/><G102/><T6/><D130/><U100/><E13/><V88/><F125/><W54/><REACH who="3" step="1"/><G87/><REACH who="3" ten="264,264,226,236" step="2"/><T45/><D124/><U80/><E24/><V89/><F85/><W127/><G127/><T18/><D117/><U8/><REACH who="1" step="1"/><E83/><REACH who="1" ten="264,254,226,236" step="2"/><V32/><F26/><W77/><G77/><T67/><D76/><U72/><AGARI ba="0,2" hai="8,12,16,52,56,62,72,79,80,92,98,100,134,135" machi="72" ten="30,18000,2" yaku="1,1,2,1,0,1,54,2,53,2" doraHai="81" doraHaiUra="129" who="1" fromWho="1" sc="264,-60,254,200,226,-60,236,-60" /><INIT seed="1,1,0,5,0,65" ten="204,454,166,176" oya="1" hai0="58,113,14,46,31,16,54,20,48,110,133,107,45" hai1="8,26,23,39,73,112,43,96,53,125,38,5,11" hai2="89,29,1,109,30,28,62,100,17,21,111,88,57" hai3="132,95,27,67,115,13,22,127,41,70,134,19,60"/><U105/><E112/><V99/><F1/><W128/><G115/><T12/><D113/><U74/><E11/><V33/><F33/><W103/><G128/><T68/><D68/><U4/><E5/><V32/><F32/><W75/><G75/><T37/><D110/><U6/><E6/><V80/><F80/><W40/><G127/><T44/><D133/><N who="3" m="51305" /><G27/><T85/><D107/><U114/><E53/><V3/><F3/><W50/><G50/><T2/><D2/><U42/><E125/><V108/><F100/><W97/><AGARI ba="1,0" hai="13,19,22,40,41,60,67,70,95,97,103" m="51305" machi="97" ten="30,2000,0" yaku="20,1,52,1" doraHai="65" who="3" fromWho="3" sc="204,-6,454,-11,166,-6,176,23" /><INIT seed="2,0,0,1,3,96" ten="198,443,160,199" oya="2" hai0="75,114,25,62,50,17,32,78,37,129,52,93,80" hai1="35,104,135,102,72,126,2,27,125,105,28,63,8" hai2="70,0,51,60,106,48,24,131,33,55,112,109,94" hai3="18,29,111,71,36,64,91,69,21,82,119,128,22"/><V117/><F112/><W61/><G119/><T58/><D114/><U65/><E135/><V23/><F117/><W38/><G111/><T57/><D129/><U81/><E72/><V99/><F109/><W10/><G128/><T40/><D37/><U9/><E81/><V77/><F131/><W45/><G71/><T14/><D40/><U68/><E9/><V108/><F108/><W59/><G10/><T1/><D1/><U122/><E122/><V97/><F0/><W19/><G69/><T42/><D42/><U134/><E134/><V100/><F77/><W66/><G29/><T44/><D32/><U95/><E95/><V6/><F6/><W110/><G66/><T92/><D25/><U34/><E34/><V74/><F74/><W47/><G110/><T123/><D44/><U54/><E54/><V120/><F120/><W30/><G30/><T133/><D133/><U39/><E39/><V115/><F115/><W87/><G36/><T132/><D132/><U90/><E90/><V127/><F127/><N who="1" m="48649" /><E102/><V4/><F4/><AGARI ba="0,0" hai="2,4,8,27,28,35,63,65,68,104,105" m="48649" machi="4" ten="30,2000,0" yaku="18,1,23,1" doraHai="96" who="1" fromWho="2" sc="198,0,443,20,160,-20,199,0" /><INIT seed="3,0,0,2,4,97" ten="198,463,140,199" oya="3" hai0="118,16,113,18,131,130,87,20,69,51,78,64,68" hai1="85,47,86,122,36,4,17,91,57,132,93,126,80" hai2="65,124,92,66,3,111,133,62,112,72,8,2,40" hai3="41,76,48,26,12,28,22,95,67,54,56,123,71"/><W55/><G123/><T23/><D118/><U116/><E4/><V37/><F112/><W24/><G71/><T14/><D113/><U38/><E47/><V88/><F124/><W49/><G41/><T81/><D51/><U1/><E1/><V29/><F111/><W101/><G67/><T34/><D34/><U89/><E132/><V90/><F133/><W110/><G110/><T42/><D42/><U32/><E32/><V127/><F127/><W99/><G76/><T70/><REACH who="0" step="1"/><D64/><REACH who="0" ten="188,463,140,199" step="2"/><U125/><E126/><V13/><F66/><W21/><G12/><AGARI ba="0,1" hai="12,14,16,18,20,23,68,69,70,78,81,87,130,131" machi="12" ten="40,12000,2" yaku="1,1,2,1,9,1,54,1,53,2" doraHai="97" doraHaiUra="15" who="0" fromWho="3" sc="188,130,463,0,140,0,199,-120" /><INIT seed="4,0,0,0,5,79" ten="318,463,140,79" oya="0" hai0="83,6,122,112,121,23,54,27,68,16,33,5,106" hai1="107,51,89,7,18,20,3,117,98,134,97,105,96" hai2="59,10,72,57,80,40,93,114,34,1,86,36,110" hai3="123,4,48,95,102,125,74,37,52,53,132,49,111"/><T103/><D112/><U15/><E117/><V129/><F114/><W70/><G111/><T71/><D33/><U56/><E134/><V29/><F110/><W2/><G37/><T0/><D103/><U119/><E119/><V30/><F129/><W13/><G70/><T58/><D106/><U44/><E7/><V9/><F72/><W130/><G2/><T78/><D68/><U8/><E3/><V25/><F30/><W50/><G74/><T17/><D71/><U26/><E56/><V99/><F40/><W100/><G132/><T66/><D66/><U42/><E107/><V22/><F34/><W124/><G130/><T64/><D64/><U84/><E105/><V28/><F28/><W62/><G123/><T92/><D92/><N who="1" m="54311" /><E8/><N who="2" m="3179" /><F36/><W81/><G4/><T94/><D94/><U63/><E63/><V46/><F46/><W73/><G13/><AGARI ba="0,0" hai="13,15,18,20,26,42,44,51,96,97,98" m="54311" machi="13" ten="30,1000,0" yaku="8,1" doraHai="79" who="1" fromWho="3" sc="318,0,463,10,140,0,79,-10" /><INIT seed="5,0,0,4,5,55" ten="318,473,140,69" oya="1" hai0="7,117,53,79,120,87,111,96,15,36,54,86,33" hai1="130,80,24,5,45,1,104,82,50,2,30,132,37" hai2="127,89,48,76,98,69,35,38,0,85,124,77,39" hai3="93,65,49,92,131,90,22,46,18,11,40,83,13"/><U121/><E121/><V105/><F69/><W10/><G131/><T27/><D111/><U122/><E37/><N who="2" m="13835" /><F35/><W44/><G65/><T102/><D117/><U109/><E122/><V3/><F48/><W47/><G83/><T4/><D36/><U107/><E132/><V100/><F77/><W115/><G115/><T41/><D41/><U118/><E118/><V78/><F78/><W126/><G126/><N who="2" m="48169" /><F76/><W57/><G93/><AGARI ba="0,0" hai="0,3,85,89,93,98,100,105" m="48169,13835" machi="93" ten="30,1000,0" yaku="18,1" doraHai="55" who="2" fromWho="3" sc="318,0,473,0,140,10,69,-10" /><INIT seed="6,0,0,5,4,14" ten="318,473,150,59" oya="2" hai0="34,120,128,97,119,86,2,19,98,106,18,59,43" hai1="121,118,32,37,35,21,109,44,95,100,105,33,125" hai2="30,61,127,23,102,41,42,79,48,112,101,39,63" hai3="75,26,126,20,135,99,84,54,50,68,133,67,64"/><V114/><F39/><W6/><G75/><T22/><D120/><U94/><E109/><V9/><F79/><W7/><G126/><T123/><D123/><U11/><E105/><V80/><F80/><W25/><G99/><T82/><D34/><U62/><E100/><N who="2" m="38507" /><F127/><W49/><G84/><T70/><D70/><U90/><E95/><V3/><F3/><W53/><REACH who="3" step="1"/><G20/><REACH who="3" ten="318,473,150,49" step="2"/><T45/><D97/><U88/><E35/><V58/><F23/><W122/><G122/><T110/><D98/><U16/><E33/><V31/><F9/><W130/><G130/><T72/><D128/><U13/><E32/><V107/><F107/><W96/><G96/><T51/><D106/><U93/><E125/><V91/><F91/><W77/><G77/><T65/><D72/><U29/><E88/><V15/><F114/><W131/><G131/><T129/><D129/><U87/><E121/><V24/><F112/><W55/><G55/><T28/><D110/><U60/><E118/><V1/><F42/><W78/><G78/><N who="0" m="46423" /><D119/><U92/><E21/><V103/><F41/><W66/><G66/><T74/><D74/><U17/><E87/><V40/><F40/><W115/><G115/><T83/><D65/><U47/><E90/><V85/><F103/><W0/><G0/><T76/><D2/><U134/><E37/><V73/><F1/><W38/><G38/><T81/><D76/><U108/><E108/><V57/><F73/><W12/><G12/><T111/><D111/><U4/><E94/><V89/><F15/><W104/><G104/><T113/><D113/><U8/><E93/><RYUUKYOKU ba="0,1" sc="318,-10,473,-10,150,-10,49,30" hai3="6,7,25,26,49,50,53,54,64,67,68,133,135" /><INIT seed="7,1,1,3,1,11" ten="308,463,140,79" oya="3" hai0="118,117,100,125,93,31,28,85,120,83,25,109,41" hai1="119,47,32,123,64,45,6,105,76,7,35,97,20" hai2="88,113,18,72,116,94,46,4,66,131,91,104,81" hai3="49,133,79,135,5,77,107,130,126,23,21,24,114"/><W111/><G107/><T36/><D109/><U92/><E105/><V103/><F116/><W71/><G71/><T0/><D120/><U110/><E64/><V99/><F113/><W128/><G114/><T122/><D122/><U108/><E123/><V13/><F131/><N who="3" m="50219" /><G111/><T29/><D0/><U63/><E119/><V2/><F66/><W27/><G49/><T19/><D125/><U74/><E76/><N who="3" m="29258" /><G5/><T82/><D117/><U80/><E7/><V30/><F72/><W60/><G60/><T68/><D68/><U124/><E6/><V121/><F4/><W37/><G37/><T38/><D118/><U115/><E74/><V95/><F2/><W62/><G62/><T132/><D38/><U61/><E124/><V57/><F121/><W17/><G126/><T102/><D36/><U42/><E63/><V43/><F104/><W10/><G10/><T129/><D129/><U51/><E61/><V1/><F1/><W50/><G50/><T56/><D41/><U84/><E115/><V26/><F43/><W58/><G58/><T96/><D56/><U8/><E8/><N who="2" m="6439" /><F57/><W33/><G33/><N who="1" m="12874" /><E45/><V106/><F46/><W67/><G67/><T44/><D132/><N who="3" m="50761" /><G17/><T15/><D44/><U70/><E70/><V112/><F112/><W22/><AGARI ba="1,1" hai="21,22,23,24,27" m="50761,29258,50219" machi="22" ten="40,12000,1" yaku="28,2,19,1,20,1" doraHai="11" who="3" fromWho="3" sc="308,-41,463,-41,140,-41,79,133" /><INIT seed="7,2,0,0,5,15" ten="267,422,99,212" oya="3" hai0="113,98,26,56,96,80,43,48,53,64,79,28,20" hai1="5,8,24,106,124,46,50,108,74,3,128,19,118" hai2="6,32,60,25,88,52,44,131,100,31,125,84,83" hai3="67,34,47,54,0,93,38,81,36,18,14,73,92"/><W17/><G34/><T29/><D113/><U45/><E108/><V115/><F115/><W107/><G107/><T70/><D29/><U86/><E74/><V114/><F114/><W27/><G0/><T87/><D70/><U89/><E106/><V94/><F131/><W99/><G67/><T40/><D64/><U58/><E124/><V42/><F125/><W1/><G1/><T90/><D90/><U77/><E77/><V7/><F100/><W95/><G36/><T41/><AGARI ba="2,0" hai="20,26,28,40,41,43,48,53,56,79,80,87,96,98" machi="41" ten="30,2000,0" yaku="0,1,8,1" doraHai="15" who="0" fromWho="0" sc="267,26,422,-7,99,-7,212,-12" owari="293,9.3,415,51.5,92,-40.8,200,-20.0" /></mjloggm>