<mjloggm ver="2.3"><GO type="169" lobby="0"/><UN n0="%E3%83%AD%E3%83%AD%E3%82%93" n1="%74%6F%72%69%30%36%31%32" n2="%E8%B5%A4%E6%AF%9B%E3%81%AE%E3%82%AD%E3%83%A7%E3%83%B3" n3="%4D%72%52%41%4D%4F" dan="16,18,18,16" rate="2137.71,2187.78,2313.24,2151.46" sx="M,M,M,M"/><TAIKYOKU oya="0"/><INIT seed="0,0,0,4,5,120" ten="250,250,250,250" oya="0" hai0="16,43,107,17,65,57,59,13,56,60,92,68,70" hai1="12,36,6,132,48,74,40,117,25,100,49,125,63" hai2="66,35,77,121,34,42,10,50,20,76,8,58,95" hai3="116,134,46,128,129,23,124,67,122,44,112,21,26"/><T130/><D107/><U2/><E2/><V19/><F121/><W104/><G116/><T1/><D1/><U72/><E36/><V83/><F35/><W101/><G122/><T75/><D75/><U80/><E100/><V123/><F34/><W118/><G118/><T106/><D106/><U22/><E63/><V62/><F123/><W88/><G112/><T51/><D130/><N who="3" m="50281" /><G124/><T81/><D81/><U91/><E125/><V126/><F126/><W7/><G134/><T11/><D70/><U37/><E37/><V47/><F95/><W110/><G7/><T98/><D17/><U90/><E132/><V113/><F113/><W18/><G67/><T24/><D24/><U114/><E80/><V3/><F3/><W84/><G23/><T96/><REACH who="0" step="1"/><D92/><REACH who="0" ten="240,250,250,250" step="2"/><U82/><E82/><V97/><F77/><W32/><G104/><T109/><D109/><U52/><E114/><V28/><F28/><W53/><G110/><T99/><D99/><U45/><E117/><V89/><F97/><W131/><G131/><T41/><D41/><U14/><E74/><V87/><REACH who="2" step="1"/><F76/><REACH who="2" ten="240,250,240,250" step="2"/><W33/><G33/><T54/><D54/><U0/><E0/><V64/><F64/><W127/><G32/><T133/><D133/><U5/><E72/><V135/><F135/><W71/><G53/><T85/><D85/><U102/><E52/><V108/><F108/><W103/><G127/><T115/><D115/><U55/><E55/><V111/><F111/><W29/><G29/><T105/><D105/><U79/><E79/><V78/><F78/><W4/><G84/><T15/><D15/><AGARI ba="0,2" hai="8,10,15,19,20,42,47,50,58,62,66,83,87,89" machi="15" ten="30,7700,0" yaku="1,1,6,1,7,1,8,1,53,0" doraHai="120" doraHaiUra="30" who="2" fromWho="0" sc="240,-77,250,0,240,97,250,0" /><INIT seed="1,0,0,1,0,11" ten="163,250,337,250" oya="1" hai0="44,32,60,65,133,47,96,130,14,23,38,9,113" hai1="95,80,66,22,21,116,4,0,82,33,127,51,50" hai2="101,124,53,49,121,34,87,16,43,106,61,15,135" hai3="59,67,69,10,103,57,84,35,63,126,111,56,112"/><U17/><E33/><V41/><F121/><W122/><G112/><T39/><D32/><U100/><E116/><V74/><F74/><W105/><G122/><T88/><D133/><U115/><E127/><V118/><F34/><W70/><G35/><T90/><D130/><U6/><E66/><V85/><F118/><W77/><G126/><T24/><D113/><U94/><E115/><V19/><F124/><W25/><G111/><T109/><D109/><U86/><E0/><V97/><F135/><W91/><G77/><T114/><D114/><U18/><E86/><V30/><F30/><W83/><G25/><T52/><D39/><U7/><E7/><V129/><F129/><W42/><G42/><T5/><D38/><U128/><E128/><V79/><F61/><W78/><G78/><T73/><D73/><U3/><E3/><V2/><F2/><W8/><G69/><T107/><D107/><U92/><E92/><N who="2" m="58535" /><F19/><W125/><G125/><T64/><D96/><U13/><REACH who="1" step="1"/><E100/><REACH who="1" ten="163,240,337,250" step="2"/><V62/><F106/><W81/><G103/><T120/><D120/><U29/><E29/><V37/><F87/><W31/><G105/><T55/><D65/><U89/><E89/><N who="0" m="34409" /><D64/><U72/><E72/><V26/><F85/><N who="3" m="50607" /><G31/><N who="0" m="17823" /><D60/><U28/><E28/><V76/><F62/><W40/><G63/><T108/><D108/><U98/><E98/><V71/><F79/><N who="3" m="46207" /><G67/><T45/><AGARI ba="0,1" hai="5,9,14,44,45,47,52,55" m="17823,34409" machi="45" ten="30,7900,0" yaku="8,1,52,1,54,2" doraHai="11" who="0" fromWho="0" sc="163,89,240,-39,337,-20,250,-20" /><INIT seed="2,0,0,5,4,114" ten="252,201,317,230" oya="2" hai0="31,71,30,9,92,102,1,123,75,28,96,23,55" hai1="41,64,4,22,104,53,57,37,67,27,16,105,42" hai2="52,124,20,76,129,87,10,40,82,97,0,120,127" hai3="34,130,29,73,107,79,88,83,12,90,32,77,78"/><V95/><F120/><W116/><G107/><T131/><D75/><U45/><E41/><V80/><F40/><W5/><G130/><T135/><D71/><U13/><E105/><V119/><F129/><W112/><G112/><T48/><D123/><U24/><E104/><V2/><F20/><W70/><G70/><T35/><D35/><U21/><E27/><V68/><F68/><W84/><G116/><T113/><D113/><U106/><E106/><V121/><F121/><W60/><G60/><T81/><D135/><U66/><E4/><V59/><F82/><W38/><G38/><T99/><D131/><U126/><E126/><N who="2" m="48171" /><F10/><W101/><G101/><T14/><D1/><U17/><E67/><V110/><F110/><W33/><G90/><T133/><D133/><U86/><REACH who="1" step="1"/><E86/><REACH who="1" ten="252,191,317,230" step="2"/><V7/><F7/><W74/><REACH who="3" step="1"/><G29/><REACH who="3" ten="252,191,317,220" step="2"/><T128/><D128/><U54/><E54/><V47/><F52/><W19/><G19/><T98/><D31/><U62/><AGARI ba="0,2" hai="13,16,17,21,22,24,37,42,45,53,57,62,64,66" machi="62" ten="20,5200,0" yaku="1,1,0,1,7,1,54,1,53,0" doraHai="114" doraHaiUra="117" who="1" fromWho="1" sc="252,-13,191,72,317,-26,220,-13" /><INIT seed="3,0,0,3,0,32" ten="239,263,291,207" oya="3" hai0="124,95,91,84,35,134,69,105,42,15,39,50,43" hai1="14,87,11,44,20,5,26,82,21,133,121,28,68" hai2="75,119,56,16,73,129,13,81,1,98,58,112,96" hai3="116,66,0,90,113,108,64,111,24,6,29,33,97"/><W63/><G113/><T61/><D105/><U123/><E68/><V47/><F112/><W122/><G116/><T45/><D124/><U110/><E110/><N who="3" m="42026" /><G122/><T48/><D35/><U9/><E133/><V34/><F119/><W57/><G66/><T19/><D134/><U36/><E21/><V59/><F34/><W101/><G90/><T40/><D39/><U72/><E72/><V132/><F132/><W62/><G62/><T4/><D4/><U118/><E118/><V88/><F129/><W41/><G41/><T125/><D125/><U127/><E127/><V71/><F71/><W103/><G97/><T85/><D69/><U115/><E115/><V54/><F1/><W46/><G46/><T2/><D2/><U67/><E67/><V78/><F73/><W128/><G128/><T86/><D61/><U31/><E31/><V12/><F12/><W23/><G23/><T37/><D37/><U52/><E11/><AGARI ba="0,0" hai="0,6,11,24,29,33,57,63,64,101,103" m="42026" machi="11" ten="30,5800,0" yaku="14,1,10,1,52,1" doraHai="32" who="3" fromWho="1" sc="239,0,263,-58,291,0,207,58" /><INIT seed="3,1,0,0,3,134" ten="239,205,291,265" oya="3" hai0="83,109,37,104,50,87,94,9,28,19,113,79,57" hai1="85,16,33,22,119,82,74,100,1,2,72,38,69" hai2="77,46,56,126,59,41,4,26,21,10,3,131,118" hai3="48,40,20,39,112,52,34,5,8,99,75,27,103"/><W17/><G112/><T81/><D104/><U36/><E69/><V64/><F118/><W47/><G75/><N who="1" m="28714" /><E100/><V86/><F131/><W68/><G68/><T7/><D37/><N who="1" m="14443" /><E33/><V89/><F77/><W44/><G34/><T110/><D113/><U115/><E115/><V61/><F56/><W51/><G39/><T107/><D107/><U31/><E31/><V108/><F46/><W53/><G40/><T43/><D28/><U45/><E45/><V111/><F41/><W55/><G55/><T120/><D19/><U95/><E95/><V128/><F128/><W73/><G73/><T63/><D83/><U133/><E85/><V54/><F54/><W6/><REACH who="3" step="1"/><G8/><REACH who="3" ten="239,205,291,255" step="2"/><T76/><D43/><U30/><E119/><V88/><F10/><W49/><G49/><T96/><D50/><U66/><E66/><V105/><F64/><W62/><G62/><T130/><D130/><U93/><E133/><V0/><F61/><W129/><G129/><T42/><D42/><U80/><E30/><V13/><F108/><W15/><G15/><T121/><D110/><U91/><E2/><V29/><F111/><W84/><G84/><T71/><D109/><U132/><E1/><V135/><F86/><W67/><G67/><T125/><D71/><U114/><E114/><V122/><F135/><W97/><G97/><T14/><D96/><N who="1" m="57407" /><E132/><V25/><F0/><W98/><G98/><T124/><D87/><U127/><E127/><V24/><F3/><W90/><G90/><T35/><D125/><U60/><E60/><V102/><F126/><W11/><G11/><T92/><D124/><RYUUKYOKU ba="1,1" sc="239,-15,205,15,291,-15,255,15" hai1="16,22,80,82" hai3="5,6,17,20,27,44,47,48,51,52,53,99,103" /><INIT seed="3,2,1,0,0,98" ten="224,220,276,270" oya="3" hai0="91,93,38,88,118,8,105,85,2,9,34,135,101" hai1="17,55,62,129,23,35,45,15,43,127,109,26,6" hai2="44,20,21,87,84,117,104,50,57,39,122,83,125" hai3="56,41,37,7,32,110,53,49,42,1,116,97,16"/><W119/><G32/><T133/><D38/><U72/><E72/><V69/><F117/><W131/><G131/><T68/><D68/><U103/><E127/><V19/><F69/><W130/><G130/><T107/><D34/><U58/><E129/><V99/><F125/><W24/><G110/><T121/><D121/><U18/><E109/><V0/><F0/><W113/><G113/><T120/><D120/><U12/><E6/><V81/><F39/><W71/><G71/><T115/><D115/><U74/><E74/><V46/><F122/><W63/><G37/><T106/><D118/><U134/><E134/><N who="0" m="51209" /><D2/><U25/><E103/><V33/><F33/><W51/><G97/><N who="0" m="59567" /><D91/><U4/><E4/><V30/><F99/><W66/><G7/><T94/><AGARI ba="2,1" hai="8,9,85,88,94,105,106,107" m="59567,51209" machi="94" ten="40,5200,0" yaku="20,1,52,1,54,1" doraHai="98" who="0" fromWho="0" sc="224,68,220,-15,276,-15,270,-28" /><INIT seed="4,0,0,3,1,98" ten="292,205,261,242" oya="0" hai0="18,75,108,31,34,52,10,54,65,118,6,91,97" hai1="76,27,42,126,37,56,87,71,40,61,93,117,50" hai2="67,133,96,16,74,134,62,85,36,79,11,28,15" hai3="32,12,128,22,39,105,99,45,44,121,73,111,24"/><T107/><D75/><U103/><E117/><V101/><F36/><W23/><G111/><T30/><D108/><U0/><E0/><V132/><F28/><W59/><G73/><T26/><D31/><U94/><E37/><V20/><F74/><W49/><G128/><T69/><D18/><U7/><E71/><V21/><F85/><W130/><G130/><T68/><D68/><U86/><E7/><V58/><REACH who="2" step="1"/><F79/><REACH who="2" ten="292,205,251,242" step="2"/><W113/><G39/><T125/><D118/><U25/><E76/><V102/><F102/><W127/><G32/><T19/><D91/><U81/><E81/><V92/><AGARI ba="0,1" hai="11,15,16,20,21,58,62,67,92,96,101,132,133,134" machi="92" ten="30,8000,1" yaku="1,1,0,1,20,1,52,1,54,1,53,0" doraHai="98" doraHaiUra="100" who="2" fromWho="2" sc="292,-40,205,-20,251,90,242,-20" /><INIT seed="5,0,0,3,2,63" ten="252,185,341,222" oya="1" hai0="65,116,49,110,88,118,35,112,45,64,130,14,132" hai1="131,125,85,9,100,135,20,91,54,11,80,106,16" hai2="0,36,101,24,52,108,40,5,33,76,27,102,15" hai3="98,71,97,77,107,89,67,127,105,44,55,66,18"/><U3/><E125/><V26/><F108/><W62/><G127/><T72/><D72/><U103/><E131/><V41/><F33/><W87/><G77/><T58/><D35/><U121/><E135/><V39/><F0/><W7/><G7/><T134/><D110/><U31/><E31/><V73/><F73/><W99/><G71/><T28/><D28/><U126/><E121/><V68/><F76/><W50/><G105/><T129/><D14/><U51/><E126/><V43/><F68/><W78/><G107/><T113/><D88/><U10/><E106/><V32/><F32/><W122/><G78/><T60/><D65/><N who="3" m="24585" /><G122/><T13/><D13/><N who="1" m="9231" /><E3/><V81/><F36/><W75/><G75/><T111/><D111/><U83/><E83/><V82/><F39/><W34/><G34/><T84/><D84/><U29/><E29/><V42/><F82/><N who="3" m="49399" /><G62/><T117/><D130/><U25/><E25/><V12/><F81/><W96/><G96/><T70/><D70/><U120/><E120/><V109/><F109/><W4/><G4/><T47/><D129/><U69/><E69/><V95/><F5/><W17/><AGARI ba="0,0" hai="17,18,44,50,55,97,98,99" m="49399,24585" machi="17" ten="30,7900,0" yaku="8,1,52,3" doraHai="63" who="3" fromWho="3" sc="252,-20,185,-39,341,-20,222,79" /><INIT seed="6,0,0,0,4,61" ten="232,146,321,301" oya="2" hai0="101,68,8,44,92,116,106,1,86,113,35,67,66" hai1="81,65,126,76,69,120,122,78,98,73,23,79,95" hai2="0,62,70,20,5,56,30,93,64,75,22,135,84" hai3="108,25,55,14,77,57,47,59,21,119,16,123,90"/><V130/><F75/><W105/><G108/><T2/><D35/><U4/><E4/><V28/><F130/><W87/><G119/><T54/><D113/><U52/><E23/><V128/><F128/><W38/><G123/><N who="1" m="47146" /><E69/><V12/><F135/><W104/><G77/><N who="1" m="29802" /><E52/><V51/><F0/><W99/><G99/><T58/><D106/><U60/><E60/><V118/><F118/><W41/><G25/><T112/><D68/><U89/><E65/><V83/><F93/><W125/><G125/><AGARI ba="0,0" hai="73,79,81,89,95,98,125,126" m="29802,47146" machi="125" ten="30,3900,0" yaku="13,1,34,2" doraHai="61" who="1" fromWho="3" sc="232,0,146,39,321,0,301,-39" /><INIT seed="7,0,0,1,3,133" ten="232,185,321,262" oya="3" hai0="53,54,118,57,28,105,132,25,75,72,22,20,111" hai1="90,26,8,24,39,9,92,122,93,6,88,23,106" hai2="107,1,56,85,91,69,115,2,40,104,10,55,114" hai3="101,59,50,3,134,44,11,66,82,121,30,119,38"/><W126/><G121/><T95/><D105/><N who="2" m="40522" /><F40/><W123/><G123/><T80/><D132/><U7/><E106/><V116/><F10/><W18/><G119/><T61/><D111/><U27/><E39/><V14/><F14/><W49/><G134/><T89/><D80/><U109/><E122/><V41/><F41/><W48/><G30/><T45/><D118/><U52/><E23/><V73/><F69/><W102/><G38/><T47/><D22/><U65/><E65/><V131/><F73/><W5/><G44/><T12/><D12/><U58/><E109/><V87/><F131/><W86/><G18/><T70/><D70/><U19/><E19/><V15/><F15/><W135/><G135/><T128/><D128/><U130/><E130/><V120/><F116/><W36/><G36/><T63/><D47/><U125/><E125/><V16/><F16/><W76/><G126/><T83/><D83/><U43/><E43/><V74/><F74/><W100/><REACH who="3" step="1"/><G66/><REACH who="3" ten="232,185,321,252" step="2"/><T71/><D45/><U13/><E8/><V60/><F120/><W32/><G32/><T37/><D37/><U113/><E7/><V79/><F115/><W0/><G0/><T81/><D28/><U124/><E113/><V129/><F129/><W42/><G42/><T127/><D127/><U62/><E124/><V98/><F114/><W112/><G112/><T68/><D25/><U99/><E26/><V97/><F1/><W84/><G84/><AGARI ba="0,1" hai="6,9,13,24,27,52,58,62,84,88,90,92,93,99" machi="84" ten="30,7700,0" yaku="7,1,8,1,54,2" doraHai="133" who="1" fromWho="3" sc="232,0,185,87,321,0,252,-77" owari="232,-16.8,272,7.2,321,42.1,175,-32.5" /></mjloggm>