<mjloggm ver="2.3"><GO type="169" lobby="0"/><UN n0="%6B%61%74%65%72%69%6E%61" n1="%2D%E8%B1%8A%E5%8F%A3%E3%82%81%E3%81%90%E3%81%BF%2D" n2="%4C%61%72%72%6B" n3="%E6%B8%85%E9%A2%A8%E5%8C%97" dan="16,17,16,16" rate="2132.18,2166.21,2166.21,2160.29" sx="M,F,M,F"/><TAIKYOKU oya="0"/><INIT seed="0,0,0,4,2,51" ten="250,250,250,250" oya="0" hai0="16,101,88,42,97,93,71,118,126,119,117,87,44" hai1="25,30,134,55,80,29,83,90,45,13,56,18,2" hai2="31,37,105,106,98,70,132,116,54,133,79,109,35" hai3="43,3,24,27,112,76,129,23,40,67,62,68,39"/><T82/><D71/><U36/><E2/><V4/><F70/><W61/><G112/><T113/><D113/><U60/><E134/><V11/><F37/><W63/><G3/><T99/><D126/><U135/><E135/><V32/><F79/><W41/><G129/><T78/><D16/><U128/><E128/><V73/><F73/><W125/><G125/><T84/><REACH who="0" step="1"/><D101/><REACH who="0" ten="240,250,250,250" step="2"/><U102/><E102/><V0/><F133/><W14/><G39/><AGARI ba="0,1" hai="39,42,44,78,82,84,87,88,93,97,99,117,118,119" machi="39" ten="40,7700,0" yaku="1,1,2,1,54,1,53,0" doraHai="51" doraHaiUra="47" who="0" fromWho="3" sc="240,87,250,0,250,0,250,-77" /><INIT seed="0,1,0,2,2,66" ten="327,250,250,173" oya="0" hai0="7,40,50,81,84,108,57,95,91,8,76,49,94" hai1="87,77,63,58,132,36,10,53,79,78,117,6,102" hai2="135,100,56,123,5,20,68,93,3,37,119,21,12" hai3="97,60,72,45,23,134,35,98,16,61,113,116,75"/><T125/><D125/><U130/><E117/><V106/><F37/><W24/><G113/><T67/><D108/><U121/><E121/><V73/><F123/><W85/><G116/><T4/><D94/><U0/><E130/><V89/><F73/><W47/><G134/><T34/><D34/><U131/><E131/><V128/><F119/><W19/><G23/><T99/><D7/><U41/><E132/><V14/><F128/><W126/><G24/><T55/><D67/><U129/><E129/><V111/><F111/><W107/><G85/><T9/><REACH who="0" step="1"/><D4/><REACH who="0" ten="317,250,250,173" step="2"/><U30/><E6/><V88/><F93/><W82/><G82/><T83/><D83/><U13/><E102/><V124/><F100/><W38/><G107/><T105/><D105/><U65/><E65/><V54/><F5/><W64/><G64/><T70/><D70/><U103/><E103/><V112/><F68/><W114/><G114/><T104/><D104/><U43/><E87/><V42/><F106/><W127/><REACH who="3" step="1"/><G38/><REACH who="3" ten="317,250,250,163" step="2"/><T90/><D90/><U96/><E36/><V133/><F88/><W31/><G31/><T22/><D22/><U101/><E101/><V110/><F89/><W25/><G25/><T48/><D48/><U86/><E86/><V39/><F20/><W27/><G27/><T17/><D17/><U109/><E109/><V80/><F21/><W71/><G71/><T120/><D120/><U52/><E30/><V59/><F80/><W44/><G44/><AGARI ba="1,2" hai="8,9,40,44,49,50,55,57,76,81,84,91,95,99" machi="44" ten="40,7700,0" yaku="1,1,8,1,53,1" doraHai="66" doraHaiUra="92" who="0" fromWho="3" sc="317,100,250,0,250,0,163,-80" /><INIT seed="0,2,0,5,4,133" ten="417,250,250,83" oya="0" hai0="6,66,8,7,127,58,115,18,113,135,104,64,102" hai1="98,120,114,111,94,97,129,85,131,59,88,41,90" hai2="93,72,4,34,74,79,128,125,2,0,130,67,15" hai3="14,49,5,17,78,38,123,69,84,132,87,71,107"/><T91/><D135/><U32/><E32/><V31/><F67/><W19/><G132/><T106/><D91/><U83/><E41/><V27/><F93/><W35/><G38/><T20/><D58/><U53/><E120/><V33/><F79/><W45/><G107/><T48/><D48/><U46/><E46/><V134/><F72/><W60/><G35/><T11/><D20/><U96/><E111/><V76/><F76/><W36/><G36/><T77/><D77/><U56/><E56/><V122/><F74/><W73/><G123/><T100/><REACH who="0" step="1"/><D18/><REACH who="0" ten="407,250,250,83" step="2"/><U75/><E114/><V124/><F134/><W105/><G73/><T112/><D112/><U39/><E39/><V3/><F34/><W68/><G60/><T81/><D81/><U117/><E75/><V103/><F122/><W50/><G50/><T70/><D70/><U22/><E22/><V51/><F51/><W9/><G87/><T40/><D40/><U110/><E110/><V24/><F103/><W43/><G105/><T42/><D42/><U63/><REACH who="1" step="1"/><E117/><REACH who="1" ten="407,240,250,83" step="2"/><V29/><F33/><W86/><REACH who="3" step="1"/><G84/><AGARI ba="2,2" hai="53,59,63,83,84,85,88,90,94,96,97,98,129,131" machi="84" ten="40,8000,1" yaku="1,1,2,1,54,1,53,2" doraHai="133" doraHaiUra="80" who="1" fromWho="3" sc="407,0,240,106,250,0,83,-86" owari="407,50.7,346,14.6,250,-15.0,-3,-50.3" /></mjloggm>