<mjloggm ver="2.3"><GO type="169" lobby="0"/><UN n0="%74%73%75%6B%69%31" n1="%2D%E8%B1%8A%E5%8F%A3%E3%82%81%E3%81%90%E3%81%BF%2D" n2="%E5%A5%B3%E3%81%AA%E3%81%AE%E3%81%82%E3%81%8C%E3%82%89%E3%81%9B%E3%81%A6" n3="%E7%99%BD%E3%81%AE%E7%A9%BA" dan="16,17,16,17" rate="2158.89,2184.71,2128.36,2220.94" sx="M,F,M,M"/><TAIKYOKU oya="0"/><INIT seed="0,0,0,1,0,112" ten="250,250,250,250" oya="0" hai0="135,46,102,129,73,9,34,40,80,88,39,125,115" hai1="19,104,110,66,56,114,78,50,6,132,131,130,128" hai2="97,83,121,63,92,99,69,76,33,41,22,29,27" hai3="106,84,21,133,93,47,18,72,28,77,87,119,98"/><T118/><D34/><U67/><E104/><V35/><F121/><W81/><G133/><T85/><D115/><U79/><E114/><V103/><F41/><W71/><G71/><T60/><D135/><U61/><E6/><V90/><F69/><W116/><G28/><T4/><D125/><U30/><E132/><V134/><F134/><W109/><G47/><T31/><D129/><U117/><E30/><V54/><F63/><W120/><G120/><T2/><D102/><U108/><E50/><V75/><REACH who="2" step="1"/><F54/><REACH who="2" ten="250,250,240,250" step="2"/><W113/><G113/><T48/><D60/><U5/><E67/><V68/><F68/><W52/><G52/><T100/><D48/><U45/><E128/><V86/><F86/><W1/><G109/><T13/><D73/><U7/><E131/><V82/><F82/><W122/><G122/><T43/><D40/><U23/><E130/><V17/><F17/><W8/><G87/><T25/><D100/><U16/><E19/><V51/><F51/><W55/><G55/><T64/><D64/><U38/><E110/><V65/><F65/><W42/><G42/><T111/><D111/><U74/><E108/><V3/><F3/><W49/><G49/><T20/><REACH who="0" step="1"/><D2/><REACH who="0" ten="240,250,240,250" step="2"/><U126/><E74/><V124/><F124/><W70/><G1/><T24/><D24/><N who="1" m="14439" /><E126/><V10/><F10/><W127/><G8/><T91/><D91/><U12/><E66/><V53/><F53/><W57/><G127/><T58/><D58/><U95/><E61/><V36/><F36/><W89/><G57/><T94/><D94/><AGARI ba="0,2" hai="22,27,29,33,35,75,76,83,90,92,94,97,99,103" machi="94" ten="30,2000,0" yaku="1,1,7,1,53,0" doraHai="112" doraHaiUra="15" who="2" fromWho="0" sc="240,-20,250,0,240,40,250,0" /><INIT seed="1,0,0,5,0,101" ten="220,250,280,250" oya="1" hai0="83,7,3,19,64,96,15,27,65,105,124,69,59" hai1="62,75,25,40,16,1,2,132,121,134,32,35,84" hai2="43,90,78,24,42,50,38,76,110,81,61,74,118" hai3="11,34,53,60,127,46,112,37,66,58,120,79,63"/><U49/><E75/><V117/><F38/><W123/><G34/><N who="1" m="12842" /><E62/><V45/><F110/><W95/><G112/><T115/><D115/><U56/><E84/><V125/><F43/><W128/><G79/><T12/><D69/><U85/><E85/><V114/><F114/><W73/><G73/><T116/><D116/><U17/><E40/><V20/><F125/><W109/><G11/><T6/><D124/><U26/><E56/><V8/><F8/><W82/><G82/><T18/><D83/><U77/><E49/><V70/><F90/><W102/><G127/><T14/><D59/><U87/><E87/><V30/><REACH who="2" step="1"/><F78/><REACH who="2" ten="220,250,270,250" step="2"/><W89/><G109/><T71/><D71/><U98/><E77/><V10/><F10/><W133/><G89/><T88/><D88/><U130/><E121/><V106/><F106/><W99/><G120/><T91/><D91/><U23/><E98/><V22/><F22/><W4/><G123/><T54/><D96/><U93/><E93/><V48/><F48/><W31/><G95/><T80/><D105/><U135/><E130/><V92/><F92/><W9/><G99/><T100/><D80/><U68/><E68/><V103/><F103/><W107/><G128/><T104/><D100/><U67/><E67/><AGARI ba="0,1" hai="20,24,30,42,45,50,61,67,70,74,76,81,117,118" machi="67" ten="40,1300,0" yaku="1,1,53,0" doraHai="101" doraHaiUra="29" who="2" fromWho="1" sc="220,0,250,-13,270,23,250,0" /><INIT seed="2,0,0,4,3,48" ten="220,237,293,250" oya="2" hai0="134,57,51,6,117,1,7,27,135,110,116,65,89" hai1="90,96,72,4,98,9,69,53,101,46,20,28,106" hai2="125,24,55,80,14,31,99,39,123,12,120,17,97" hai3="5,113,21,111,67,100,32,10,16,60,104,62,25"/><V107/><F39/><W78/><G111/><T38/><D38/><U103/><E69/><V118/><F118/><N who="0" m="45674" /><D89/><U42/><E72/><V77/><F125/><W82/><G113/><T105/><D105/><U88/><E20/><V29/><F107/><W68/><G62/><N who="0" m="38095" /><D1/><U35/><E28/><V71/><F71/><W56/><G32/><T8/><D8/><U115/><E35/><V54/><F17/><W128/><G128/><T83/><D83/><U26/><E26/><V124/><F24/><W112/><G112/><T95/><D95/><U30/><E30/><V114/><F80/><W44/><G104/><T19/><D110/><U45/><E115/><V47/><F114/><W86/><G100/><T61/><D61/><U11/><E106/><V41/><F124/><W87/><G44/><T109/><D109/><U3/><E42/><V40/><REACH who="2" step="1"/><F47/><REACH who="2" ten="220,237,283,250" step="2"/><W127/><G127/><T2/><D27/><U129/><E4/><V64/><F64/><W36/><G36/><T23/><D6/><U79/><E129/><V126/><F126/><W73/><REACH who="3" step="1"/><G68/><REACH who="3" ten="220,237,283,240" step="2"/><T15/><D135/><U93/><E46/><V76/><AGARI ba="0,2" hai="12,14,29,31,40,41,54,55,76,77,97,99,120,123" machi="76" ten="25,18000,2" yaku="1,1,0,1,22,2,52,2,53,0" doraHai="48" doraHaiUra="43" who="2" fromWho="2" sc="220,-60,237,-60,283,200,240,-60" /><INIT seed="2,1,0,0,5,13" ten="160,177,483,180" oya="2" hai0="17,55,46,20,92,8,76,80,106,1,47,43,123" hai1="115,59,42,12,10,28,74,77,41,33,69,65,133" hai2="45,19,96,49,24,60,34,105,38,2,78,124,95" hai3="11,0,50,83,88,29,108,44,110,99,94,128,40"/><V66/><F124/><W84/><G128/><T56/><D106/><U21/><E115/><V22/><F2/><W73/><G29/><T134/><D123/><U72/><E69/><V39/><F78/><W86/><G73/><T125/><D125/><U63/><E33/><V4/><F4/><W103/><G0/><T98/><D134/><U129/><E133/><V116/><F105/><W68/><G68/><T35/><D35/><U52/><E129/><V3/><F3/><W112/><G112/><T58/><D8/><U91/><E74/><V104/><F104/><W64/><G64/><T119/><D1/><U114/><E114/><V27/><F27/><W79/><REACH who="3" step="1"/><G11/><REACH who="3" ten="160,177,483,170" step="2"/><T120/><D120/><U87/><E65/><V90/><F34/><W51/><G51/><T107/><D119/><U100/><E72/><V85/><F116/><W121/><G121/><T113/><D113/><U122/><E122/><V118/><F118/><W14/><G14/><T9/><D9/><U109/><E28/><V15/><F15/><W82/><AGARI ba="1,1" hai="40,44,50,79,82,83,84,86,88,94,99,103,108,110" machi="82" ten="30,7900,0" yaku="1,1,0,1,54,1,53,1" doraHai="13" doraHaiUra="89" who="3" fromWho="3" sc="160,-21,177,-21,483,-40,170,92" /><INIT seed="3,0,0,1,4,131" ten="139,156,443,262" oya="3" hai0="97,89,107,106,46,86,72,49,121,102,36,42,113" hai1="34,133,1,4,76,54,32,22,82,62,63,114,95" hai2="12,125,73,112,70,0,16,24,91,93,30,85,79" hai3="100,74,111,110,18,47,77,41,66,43,87,23,78"/><W101/><G74/><T69/><D69/><U53/><E114/><V118/><F112/><W39/><G66/><T57/><D113/><U65/><E1/><V7/><F70/><W37/><G87/><T68/><D68/><U61/><E65/><V29/><F118/><W132/><G23/><T13/><D121/><U2/><E2/><V38/><F38/><W17/><REACH who="3" step="1"/><G47/><REACH who="3" ten="139,156,443,252" step="2"/><T5/><D72/><U135/><E22/><V103/><F73/><W59/><G59/><T75/><D75/><U31/><E34/><V27/><F85/><W33/><G33/><T40/><D57/><U81/><E32/><V64/><F64/><W122/><G122/><T67/><D86/><U71/><E71/><V94/><F79/><W25/><G25/><T124/><D46/><U8/><E76/><V92/><F27/><W45/><G45/><T96/><D96/><U10/><E10/><V99/><F24/><W15/><G15/><T119/><D97/><U60/><E8/><V123/><F123/><W44/><G44/><T105/><D13/><U50/><E54/><V128/><F99/><W26/><G26/><T6/><D40/><U14/><E53/><V126/><F12/><W108/><G108/><T21/><D42/><U88/><E14/><V98/><F98/><W90/><G90/><T20/><D89/><U115/><E115/><V35/><F91/><W52/><G52/><T48/><D6/><U80/><E4/><V11/><F7/><W58/><G58/><T56/><D56/><U117/><E88/><V130/><F11/><W84/><G84/><T127/><D67/><RYUUKYOKU ba="0,1" sc="139,-10,156,-10,443,-10,252,30" hai3="17,18,37,39,41,43,77,78,100,101,110,111,132" /><INIT seed="3,1,1,5,3,114" ten="129,146,433,282" oya="3" hai0="109,37,104,2,100,76,68,74,69,44,113,67,91" hai1="110,65,78,99,18,120,132,124,16,48,4,88,96" hai2="122,131,75,121,53,105,40,103,66,71,125,79,126" hai3="32,31,5,51,43,58,116,3,82,54,15,60,118"/><W8/><G3/><T0/><D91/><U86/><E120/><N who="2" m="46187" /><F40/><W128/><G128/><T9/><D113/><U61/><E110/><V130/><F53/><W49/><G49/><T85/><D85/><U135/><E4/><V123/><N who="2" m="46195" /><V80/><DORA hai="38" /><F66/><W20/><G32/><T83/><D109/><U21/><E48/><V94/><F71/><W35/><G35/><T102/><D102/><U62/><E78/><V23/><F105/><W115/><G115/><T36/><D36/><U46/><E46/><V19/><F103/><W98/><G98/><N who="1" m="37418" /><E124/><N who="2" m="47723" /><F94/><W77/><G20/><T95/><D95/><N who="1" m="54679" /><E21/><V29/><F29/><W28/><G31/><T111/><D111/><U97/><E97/><V59/><F59/><W81/><G28/><T47/><D100/><U63/><E65/><V27/><AGARI ba="1,1" hai="19,23,27,75,79,80,130,131" m="47723,46195" machi="27" ten="50,3200,0" yaku="13,1,18,1" doraHai="114,38" who="2" fromWho="2" sc="129,-9,146,-9,433,45,282,-17" /><INIT seed="4,0,0,0,2,135" ten="120,137,478,265" oya="0" hai0="59,63,86,56,88,0,93,13,25,21,35,11,34" hai1="111,65,129,27,28,132,16,24,15,26,117,127,61" hai2="122,80,95,33,57,104,60,9,52,107,41,98,51" hai3="69,109,84,89,71,46,2,119,92,123,130,102,90"/><T78/><D0/><U126/><E111/><V110/><F110/><W125/><G109/><T64/><D59/><U75/><E75/><V22/><F33/><W118/><G2/><T7/><REACH who="0" step="1"/><D78/><REACH who="0" ten="110,137,478,265" step="2"/><U37/><E117/><V5/><F57/><W4/><G119/><T20/><D20/><N who="1" m="11295" /><E132/><V113/><F22/><W40/><G118/><T82/><D82/><U97/><E129/><V39/><F80/><W101/><G130/><T81/><D81/><U10/><E10/><V62/><F9/><W116/><G116/><T94/><D94/><U31/><E97/><V36/><F95/><W19/><G92/><T72/><D72/><U18/><E37/><V49/><F98/><W114/><G84/><T79/><D79/><U54/><E54/><V29/><F52/><W14/><G40/><T77/><D77/><U74/><E74/><V66/><F41/><W48/><G46/><T128/><D128/><U45/><E45/><V83/><F83/><W115/><G48/><T121/><D121/><U42/><E42/><V32/><F122/><W112/><G123/><T133/><D133/><U100/><E100/><V108/><F108/><W106/><G101/><T131/><D131/><U3/><E3/><V70/><F39/><W120/><G120/><T12/><D12/><U85/><E85/><V55/><F36/><W68/><G102/><T6/><D6/><U47/><E47/><V30/><F55/><W17/><G4/><T50/><D50/><U105/><E105/><V38/><F38/><W8/><G106/><T43/><D43/><U96/><E96/><V91/><F107/><RYUUKYOKU ba="0,1" sc="110,30,137,-10,478,-10,265,-10" hai0="7,11,13,21,25,34,35,56,63,64,86,88,93" /><INIT seed="4,1,1,1,2,118" ten="140,127,468,255" oya="0" hai0="11,121,43,58,35,134,61,69,3,99,56,95,17" hai1="65,117,68,39,106,92,94,46,74,26,89,21,9" hai2="28,20,115,24,48,45,16,82,62,131,27,96,97" hai3="103,47,50,90,77,78,133,42,83,51,81,57,125"/><T116/><D116/><U72/><E106/><V60/><F115/><W18/><G125/><T41/><D35/><U114/><E117/><V93/><F131/><W75/><G133/><T52/><D134/><U5/><E114/><V123/><F123/><W79/><G103/><T70/><D70/><U104/><E104/><V128/><F128/><W25/><G75/><T19/><D69/><U40/><E65/><V55/><F82/><W132/><G132/><T59/><D121/><U119/><E68/><V111/><F111/><W30/><G18/><N who="0" m="6667" /><D11/><U110/><E110/><V38/><F38/><W127/><G127/><T105/><D3/><U107/><E107/><V109/><F97/><W13/><G13/><T84/><D84/><U113/><E113/><V29/><F109/><W8/><G8/><T100/><D105/><U54/><E54/><V85/><F85/><W31/><G90/><T44/><D44/><U124/><E124/><V86/><F86/><W15/><G15/><T4/><D4/><U88/><E119/><V32/><F29/><N who="3" m="10763" /><G25/><T91/><D100/><AGARI ba="1,1" hai="16,20,24,27,28,32,45,48,55,60,62,93,96,100" machi="100" ten="30,2000,0" yaku="7,1,54,1" doraHai="118" who="2" fromWho="0" sc="140,-23,127,0,468,33,255,0" /><INIT seed="5,0,0,5,3,45" ten="117,127,501,255" oya="1" hai0="108,37,5,84,112,113,120,51,92,107,94,16,75" hai1="96,119,52,9,25,116,23,71,46,40,22,104,43" hai2="93,56,19,77,83,121,73,65,18,81,82,53,41" hai3="12,33,129,34,29,10,87,109,3,86,128,80,122"/><U4/><E71/><V39/><F121/><W126/><G122/><T131/><D120/><U118/><E104/><V72/><F65/><W111/><G86/><T54/><D75/><U95/><E43/><V123/><F123/><W64/><G64/><T125/><D37/><U66/><E66/><V124/><F124/><W57/><G57/><T133/><D107/><U91/><E25/><V88/><F81/><W58/><G58/><T32/><D32/><U135/><E135/><V59/><F59/><W30/><G87/><T127/><D5/><U13/><REACH who="1" step="1"/><E40/><REACH who="1" ten="117,117,501,255" step="2"/><V106/><F106/><W69/><G69/><T42/><D42/><U2/><E2/><V79/><F41/><W1/><G126/><N who="0" m="48139" /><D133/><U98/><E98/><V6/><F79/><W48/><G1/><T62/><D108/><U90/><E90/><V55/><F77/><W49/><G3/><T47/><D131/><U8/><E8/><V68/><F88/><W97/><G10/><T21/><D62/><U132/><E132/><V50/><F68/><W101/><G111/><T15/><D84/><U7/><E7/><V24/><F73/><W85/><G109/><T76/><D76/><U89/><E89/><V110/><F72/><W31/><G128/><T78/><D78/><U114/><E114/><AGARI ba="0,1" hai="15,16,21,47,51,54,92,94,112,113,114" m="48139" machi="114" ten="30,7700,0" yaku="15,1,18,1,52,1,54,1" doraHai="45" who="0" fromWho="1" sc="117,87,117,-77,501,0,255,0" /><INIT seed="6,0,0,1,2,95" ten="204,40,501,255" oya="2" hai0="85,8,42,132,88,77,108,79,72,55,74,19,130" hai1="6,84,106,56,101,115,110,16,29,25,70,65,9" hai2="94,40,103,107,96,48,31,135,127,122,129,50,124" hai3="47,121,120,30,67,45,5,119,113,59,73,128,83"/><V112/><F112/><W7/><G119/><T49/><D108/><U58/><E110/><V14/><F122/><W89/><G128/><T36/><D130/><U15/><E115/><V46/><F129/><W52/><G113/><T117/><D36/><U105/><E70/><V44/><F135/><W111/><G111/><T125/><D42/><U99/><E106/><V118/><F118/><W18/><G30/><T114/><D117/><U38/><E38/><V76/><F76/><W86/><G73/><T69/><D69/><U33/><E65/><V17/><F31/><W68/><G18/><T90/><D72/><U98/><E98/><V34/><F34/><W93/><G68/><T100/><D74/><U91/><REACH who="1" step="1"/><E6/><REACH who="1" ten="204,30,501,255" step="2"/><V78/><F107/><W104/><G104/><T102/><D114/><U37/><E37/><V54/><REACH who="2" step="1"/><F78/><REACH who="2" ten="204,30,491,255" step="2"/><N who="3" m="46455" /><G121/><T63/><D77/><U126/><E126/><V64/><F64/><W87/><G120/><T13/><D79/><U75/><E75/><V82/><F82/><AGARI ba="0,2" hai="9,15,16,25,29,33,56,58,82,84,91,99,101,105" machi="82" ten="30,7700,0" yaku="1,1,7,1,52,1,54,1,53,0" doraHai="95" doraHaiUra="61" who="1" fromWho="2" sc="204,0,30,97,491,-77,255,0" /><INIT seed="7,0,0,5,0,21" ten="204,127,414,255" oya="3" hai0="76,67,104,43,83,127,86,11,4,128,34,20,106" hai1="25,9,108,12,10,19,41,114,135,134,1,133,58" hai2="30,116,40,36,51,39,68,60,87,124,105,57,45" hai3="70,64,52,44,111,122,129,24,15,115,50,14,18"/><W54/><G122/><T107/><D34/><U5/><E41/><V37/><F105/><W123/><G123/><T28/><D128/><U82/><E82/><V77/><F116/><W6/><G129/><T113/><D127/><U92/><E92/><V93/><F30/><W73/><G73/><T63/><D43/><U8/><E58/><V32/><F32/><W99/><G115/><T0/><D113/><U98/><E98/><V118/><F118/><W27/><G111/><T31/><REACH who="0" step="1"/><D20/><REACH who="0" ten="194,127,414,255" step="2"/><N who="1" m="13471" /><E114/><V53/><F124/><W3/><G3/><T16/><D16/><N who="1" m="8215" /><E9/><V132/><F132/><W13/><G70/><AGARI ba="0,1" hai="0,4,11,28,31,63,67,70,76,83,86,104,106,107" machi="70" ten="40,2600,0" yaku="1,1,53,1" doraHai="21" doraHaiUra="81" who="0" fromWho="3" sc="194,36,127,0,414,0,255,-26" owari="230,3.0,127,-37.3,414,51.4,229,-17.1" /></mjloggm>