<mjloggm ver="2.3"><GO type="225" lobby="0"/><UN n0="%2D%E8%B1%8A%E5%8F%A3%E3%82%81%E3%81%90%E3%81%BF%2D" n1="%E4%BF%BA%E3%81%A8%E5%A6%96%E5%A4%A2" n2="%E6%97%A5%E6%9B%9C%E6%97%A5%E3%82%88%E3%82%8A%E3%81%AE%E4%BD%BF%E8%80%85" n3="%E5%91%A8%E6%9D%B1" dan="17,16,17,16" rate="2166.11,2106.81,2209.32,2151.29" sx="F,F,M,M"/><TAIKYOKU oya="0"/><INIT seed="0,0,0,3,1,74" ten="250,250,250,250" oya="0" hai0="97,135,22,77,43,121,57,90,103,6,20,71,67" hai1="100,126,14,30,111,45,122,3,28,128,78,40,60" hai2="8,9,48,127,88,105,29,96,116,107,42,50,10" hai3="89,56,16,82,25,81,73,35,95,132,63,104,118"/><T114/><D114/><U7/><E122/><V106/><F127/><W44/><G104/><T52/><D121/><U5/><E3/><V117/><F29/><W109/><G109/><T12/><D43/><U113/><E100/><V134/><F134/><W58/><G132/><T123/><D123/><U37/><E111/><V124/><F124/><W91/><G118/><N who="2" m="45673" /><F42/><W84/><G44/><T59/><D71/><U98/><E98/><V47/><F47/><W27/><G35/><T19/><D6/><U15/><E126/><V66/><F66/><W33/><G33/><T4/><D4/><U102/><E102/><V38/><F38/><W72/><G63/><T46/><D90/><U54/><E5/><V24/><F24/><W92/><REACH who="3" step="1"/><G84/><REACH who="3" ten="250,250,250,240" step="2"/><T69/><D46/><U53/><E45/><V101/><F101/><W26/><G26/><T110/><D110/><U36/><E40/><V93/><AGARI ba="0,1" hai="8,9,10,48,50,88,93,96,105,106,107" m="45673" machi="93" ten="40,2700,0" yaku="12,1,54,1" doraHai="74" who="2" fromWho="2" sc="250,-13,250,-7,250,37,240,-7" /><INIT seed="1,0,0,2,5,130" ten="237,243,287,233" oya="1" hai0="122,115,55,107,56,129,53,100,46,8,14,48,50" hai1="72,78,131,25,117,116,89,111,125,60,32,103,47" hai2="54,29,67,15,40,9,102,27,93,68,112,37,51" hai3="19,86,114,64,61,71,30,13,11,49,26,52,135"/><U132/><E131/><V85/><F112/><W110/><G110/><T35/><D115/><U65/><E111/><V76/><F37/><W134/><G86/><T109/><D129/><U70/><E89/><V41/><F67/><W99/><G99/><T58/><D35/><U90/><E90/><N who="2" m="53455" /><F68/><W106/><G106/><T6/><D109/><U118/><E103/><V133/><F76/><W5/><G5/><T80/><D122/><U62/><E62/><V97/><F97/><W63/><G63/><T10/><D107/><U0/><E0/><V66/><F66/><W87/><G87/><T7/><D80/><N who="1" m="45127" /><E47/><N who="2" m="28031" /><F102/><W17/><G17/><T16/><D100/><U119/><E125/><V12/><F27/><W83/><G83/><T105/><D105/><U3/><E3/><V28/><F28/><W101/><G101/><T74/><D74/><U82/><E82/><V120/><F29/><W104/><G104/><T96/><D96/><U126/><E126/><V84/><F84/><W21/><REACH who="3" step="1"/><G114/><REACH who="3" ten="237,243,287,223" step="2"/><T113/><D113/><U128/><E128/><V127/><F127/><W69/><G69/><T94/><D94/><U121/><E118/><V42/><F120/><W81/><G81/><T43/><REACH who="0" step="1"/><D10/><REACH who="0" ten="227,243,287,223" step="2"/><U36/><E121/><V45/><F9/><W1/><G1/><T23/><D23/><U22/><E22/><V73/><F73/><W4/><G4/><T24/><D24/><U79/><E25/><V98/><F98/><W38/><G38/><AGARI ba="0,2" hai="6,7,8,14,16,38,43,46,48,50,53,55,56,58" machi="38" ten="30,7700,0" yaku="1,1,7,1,9,1,54,1,53,0" doraHai="130" doraHaiUra="31" who="0" fromWho="3" sc="227,97,243,0,287,0,223,-77" /><INIT seed="2,0,0,5,4,88" ten="324,243,287,146" oya="2" hai0="82,98,12,90,120,107,20,121,106,1,61,41,70" hai1="0,36,77,42,130,54,46,28,23,105,24,26,117" hai2="118,128,92,113,86,126,65,103,64,33,80,87,109" hai3="37,58,119,78,14,96,83,112,57,125,45,43,29"/><V95/><F33/><W32/><G119/><T39/><D1/><U48/><E117/><V53/><F113/><W134/><G112/><T102/><D107/><U72/><E105/><V10/><F118/><W116/><G116/><T74/><D41/><U52/><E0/><V40/><F40/><W13/><G134/><T81/><D39/><U59/><E130/><V79/><F128/><W129/><G129/><T17/><D82/><U89/><E77/><V38/><F38/><W94/><G125/><T123/><D74/><U68/><E68/><V18/><F126/><W104/><G104/><T31/><D31/><U21/><E72/><V47/><F109/><W84/><G29/><T62/><D70/><U56/><E89/><N who="2" m="53303" /><F53/><N who="1" m="20585" /><E36/><V27/><F47/><W7/><G32/><T51/><D51/><U127/><E127/><V6/><F6/><W110/><G110/><T69/><D69/><U73/><E73/><V34/><F34/><W50/><G37/><T97/><D81/><U60/><E60/><V49/><F49/><W91/><G14/><T4/><D4/><U15/><E15/><N who="2" m="7543" /><F27/><W3/><G3/><T93/><AGARI ba="0,0" hai="12,17,20,61,62,90,93,97,98,102,106,120,121,123" machi="93" ten="40,2700,0" yaku="0,1,52,1" doraHai="88" who="0" fromWho="0" sc="324,27,243,-7,287,-13,146,-7" /><INIT seed="3,0,0,4,1,119" ten="351,236,274,139" oya="3" hai0="100,97,3,123,114,14,59,91,41,11,32,80,62" hai1="51,73,77,94,118,19,108,113,63,79,52,30,1" hai2="12,43,20,16,103,27,117,89,84,93,96,47,98" hai3="45,44,95,42,33,102,109,105,24,0,128,6,8"/><W25/><G128/><T81/><D123/><U133/><E113/><V37/><F117/><W55/><G105/><T90/><D32/><U71/><E118/><V39/><F39/><W132/><G132/><T127/><D3/><U70/><E133/><V22/><REACH who="2" step="1"/><F103/><REACH who="2" ten="351,236,264,139" step="2"/><W23/><G109/><T125/><D100/><U17/><E108/><V87/><F87/><W18/><G55/><T131/><D97/><U56/><E1/><V61/><F61/><W15/><G42/><T72/><D62/><U35/><E63/><V49/><F49/><W111/><G111/><T126/><D41/><U85/><E73/><V64/><F64/><W106/><G106/><T36/><D36/><U50/><E51/><V58/><F58/><W40/><G40/><T75/><D59/><U54/><E54/><V53/><F53/><W121/><G121/><T83/><D114/><U92/><E71/><V122/><F122/><W74/><G74/><N who="0" m="28203" /><D131/><U34/><E70/><V28/><AGARI ba="0,1" hai="12,16,20,22,27,28,37,43,47,84,89,93,96,98" machi="28" ten="20,8000,1" yaku="1,1,0,1,7,1,54,1,53,1" doraHai="119" doraHaiUra="13" who="2" fromWho="2" sc="351,-20,236,-20,264,90,139,-40" owari="331,13.1,216,-18.4,354,45.4,99,-40.1" /></mjloggm>