<mjloggm ver="2.3"><GO type="169" lobby="0"/><UN n0="%E5%A4%A7%E6%A5%A0%E5%85%AC" n1="%E7%B8%A6%E9%B3%A5%E5%8D%83%E6%B3%A2" n2="%E3%81%B1%E3%82%93%E3%81%AA%E3%81%93%E3%81%BE%E3%81%A3%E3%81%9F" n3="%71%75%65%79%69%6D%65%6E" dan="16,16,17,16" rate="2147.02,2153.23,2239.16,2112.13" sx="M,F,M,M"/><TAIKYOKU oya="0"/><INIT seed="0,0,0,1,1,54" ten="250,250,250,250" oya="0" hai0="40,76,124,57,35,25,69,10,29,45,38,105,20" hai1="2,63,39,13,88,16,118,102,33,50,59,55,132" hai2="1,4,128,21,22,119,111,86,113,65,104,135,32" hai3="126,62,24,125,97,107,78,30,123,109,92,77,67"/><T99/><D124/><N who="3" m="47721" /><G109/><T52/><D69/><U120/><E118/><V79/><F104/><W19/><G19/><T42/><D76/><U17/><E120/><V95/><F32/><N who="3" m="20551" /><G107/><T64/><D64/><U3/><E39/><V12/><F65/><W15/><G15/><T82/><D82/><U114/><E33/><V96/><F95/><W130/><G130/><T117/><D42/><U34/><E34/><V48/><F12/><W131/><G131/><T58/><D117/><U110/><E110/><V9/><F9/><W74/><G74/><T70/><D70/><U71/><E132/><V134/><F4/><W121/><G78/><T75/><D75/><U27/><E102/><V11/><F79/><W100/><G77/><T116/><D116/><U112/><E27/><V129/><F129/><W84/><G84/><T49/><D10/><U81/><E71/><AGARI ba="0,0" hai="62,67,71,92,97,100,121,123" m="20551,47721" machi="71" ten="30,1000,0" yaku="18,1" doraHai="54" who="3" fromWho="1" sc="250,0,250,-10,250,0,250,10" /><INIT seed="1,0,0,1,5,17" ten="250,240,250,260" oya="1" hai0="46,7,108,39,61,3,103,42,36,117,69,30,24" hai1="57,123,130,8,21,34,89,29,93,92,76,113,111" hai2="120,67,52,73,9,128,0,121,20,124,56,97,87" hai3="77,53,107,40,74,100,15,131,125,122,91,49,109"/><U75/><E113/><V127/><F73/><W1/><G122/><T104/><D117/><U66/><E123/><V68/><F128/><W50/><G1/><T10/><D108/><U48/><E34/><V88/><F97/><W59/><G109/><T112/><D112/><U16/><E111/><V95/><F67/><W134/><G100/><T115/><D115/><U41/><E130/><V2/><F68/><W58/><G107/><T70/><D36/><U106/><E106/><V4/><F2/><W101/><G101/><T14/><D14/><N who="1" m="7239" /><E75/><V132/><F132/><W11/><G134/><T84/><D84/><U6/><E6/><V126/><REACH who="2" step="1"/><F20/><REACH who="2" ten="250,240,240,260" step="2"/><W96/><G96/><N who="0" m="61543" /><D61/><AGARI ba="0,1" hai="0,4,9,52,56,61,87,88,95,120,121,124,126,127" machi="61" ten="40,8000,1" yaku="1,1,18,1,54,2,53,1" doraHai="17" doraHaiUra="80" who="2" fromWho="0" sc="250,-80,240,0,240,90,260,0" /><INIT seed="2,0,0,5,0,28" ten="170,240,330,260" oya="2" hai0="74,127,76,37,56,106,75,103,35,54,23,16,125" hai1="65,122,100,49,31,1,133,42,25,18,72,69,118" hai2="109,43,71,86,93,88,38,108,21,36,51,5,41" hai3="120,0,20,87,111,58,39,112,82,14,128,61,89"/><V2/><F71/><W67/><G120/><T96/><D37/><N who="2" m="14442" /><F51/><W46/><G0/><T91/><D91/><U55/><E118/><V98/><F21/><W105/><G105/><T90/><D90/><U77/><E1/><V114/><F114/><W115/><G128/><T130/><D130/><U8/><E42/><V92/><F5/><W135/><G46/><T13/><D35/><U10/><E100/><N who="2" m="60487" /><F2/><W94/><G39/><T33/><D33/><U22/><E122/><V79/><F79/><W53/><G20/><T97/><D97/><U26/><E133/><V104/><F104/><W9/><G112/><T57/><D57/><U131/><E131/><V126/><F126/><N who="0" m="48138" /><D76/><U84/><E69/><V119/><F119/><W48/><G135/><T107/><D107/><U68/><E68/><V124/><F124/><W113/><G113/><T116/><D116/><U12/><E65/><V101/><F101/><W15/><G115/><T17/><D17/><U3/><E3/><V110/><AGARI ba="0,0" hai="41,43,86,88,93,108,109,110" m="60487,14442" machi="110" ten="40,7800,0" yaku="14,1,10,1,54,1" doraHai="28" who="2" fromWho="2" sc="170,-26,240,-26,330,78,260,-26" /><INIT seed="2,1,0,5,0,29" ten="144,214,408,234" oya="2" hai0="52,133,71,117,115,76,86,54,49,69,45,50,90" hai1="114,121,17,122,55,98,102,81,51,20,64,79,75" hai2="87,58,2,125,27,85,84,97,23,73,95,14,1" hai3="65,0,43,109,28,62,12,44,96,77,129,118,48"/><V24/><F73/><W108/><G0/><T18/><D115/><U30/><E114/><V38/><F38/><W70/><G118/><T9/><D133/><U63/><E30/><V107/><F107/><W46/><G129/><T100/><D100/><U60/><E51/><V120/><F120/><N who="1" m="46185" /><E55/><V116/><F116/><W35/><G77/><T91/><D117/><U25/><E64/><V99/><F125/><W57/><G12/><T4/><D18/><U66/><E66/><V13/><F58/><W32/><G96/><N who="2" m="36937" /><F95/><AGARI ba="1,0" hai="17,20,25,60,63,75,79,81,95,98,102" m="46185" machi="95" ten="30,1000,0" yaku="13,1" doraHai="29" who="1" fromWho="2" sc="144,0,214,13,408,-13,234,0" /><INIT seed="3,0,0,0,4,53" ten="144,227,395,234" oya="3" hai0="7,127,131,98,47,20,52,50,57,14,95,116,104" hai1="33,93,129,54,130,69,8,30,132,85,6,117,46" hai2="119,114,77,75,66,15,107,125,0,94,32,51,76" hai3="42,124,110,128,2,10,26,73,106,62,80,34,28"/><W25/><G128/><N who="1" m="49258" /><E69/><V59/><F51/><W71/><G124/><T38/><D131/><U79/><E132/><V67/><F15/><W16/><G110/><T49/><D127/><U19/><E19/><V5/><F94/><W105/><G42/><T31/><D116/><U96/><E117/><V90/><F90/><W82/><G2/><T92/><D38/><U21/><E21/><V70/><F5/><W29/><G106/><T18/><D31/><U1/><E33/><V91/><F91/><W37/><G105/><T61/><D7/><U99/><E30/><V4/><F4/><W97/><G97/><T102/><REACH who="0" step="1"/><D50/><REACH who="0" ten="134,227,395,234" step="2"/><N who="1" m="29015" /><E93/><V74/><F107/><W64/><G37/><T111/><D111/><U58/><E58/><V81/><F59/><W101/><G29/><T87/><D87/><U35/><E35/><V78/><F32/><W13/><G34/><T72/><D72/><U40/><E85/><V109/><F75/><W122/><G28/><T41/><AGARI ba="0,1" hai="14,18,20,41,47,49,52,57,61,92,95,98,102,104" machi="41" ten="20,8000,1" yaku="1,1,0,1,7,1,52,1,54,1,53,0" doraHai="53" doraHaiUra="112" who="0" fromWho="0" sc="134,90,227,-20,395,-20,234,-40" /><INIT seed="4,0,0,1,5,116" ten="224,207,375,194" oya="0" hai0="86,62,35,133,95,85,107,14,83,33,113,61,77" hai1="115,37,3,18,99,47,101,88,78,72,64,94,60" hai2="8,6,30,31,43,80,0,76,96,123,74,128,91" hai3="127,121,97,11,28,16,17,90,55,40,2,104,48"/><T70/><D107/><U21/><E3/><V36/><F128/><W109/><G109/><T106/><D106/><U54/><E115/><V9/><F9/><W13/><G127/><T126/><D113/><U108/><E108/><V7/><F7/><W71/><G71/><T56/><D126/><U50/><E37/><V131/><F131/><W27/><G40/><T29/><D133/><U82/><E101/><V15/><F15/><W117/><G117/><T98/><D70/><U66/><REACH who="1" step="1"/><E60/><REACH who="1" ten="224,197,375,194" step="2"/><V79/><F0/><W73/><G2/><T41/><D62/><U105/><E105/><V26/><F36/><W68/><G104/><T75/><D41/><U53/><E53/><V111/><F43/><W124/><G124/><T92/><D35/><U42/><E42/><V4/><F111/><W102/><G55/><T132/><D132/><U38/><E38/><V24/><F74/><W100/><G73/><T110/><D110/><U135/><E135/><V125/><F125/><W52/><G52/><T93/><D98/><U114/><E114/><V45/><F96/><W112/><G97/><T130/><D130/><U10/><E10/><V103/><F8/><W34/><G11/><T67/><REACH who="0" step="1"/><D14/><AGARI ba="0,1" hai="14,18,21,47,50,54,64,66,72,78,82,88,94,99" machi="14" ten="30,3900,0" yaku="1,1,7,1,54,1,53,0" doraHai="116" doraHaiUra="81" who="1" fromWho="0" sc="224,-39,197,49,375,0,194,0" /><INIT seed="5,0,0,3,3,4" ten="185,246,375,194" oya="1" hai0="93,0,56,74,70,53,109,55,123,3,67,30,91" hai1="45,15,21,34,1,44,38,29,73,89,48,47,99" hai2="71,62,10,125,58,60,106,41,52,13,102,84,33" hai3="79,118,101,26,114,116,68,35,98,64,14,22,43"/><U8/><E1/><V87/><F33/><W127/><G114/><T97/><D109/><U75/><E34/><V69/><F41/><W76/><G127/><T66/><D123/><U72/><E38/><V92/><F125/><W103/><G43/><T80/><D70/><U61/><E61/><V100/><F106/><W6/><G103/><T88/><D30/><U83/><E21/><V78/><F78/><W133/><G133/><T82/><D56/><U128/><E29/><V126/><F126/><W104/><G64/><T23/><D23/><U27/><E27/><V115/><F115/><W39/><G39/><T131/><D93/><U19/><E128/><V77/><F77/><W120/><G68/><T20/><D20/><U135/><E135/><V28/><F28/><N who="3" m="19863" /><G120/><T108/><D108/><U54/><E99/><V117/><F117/><N who="3" m="45163" /><G22/><T5/><D97/><U95/><REACH who="1" step="1"/><E95/><REACH who="1" ten="185,236,375,194" step="2"/><V113/><F62/><W129/><G129/><T96/><D131/><U36/><E36/><V31/><F31/><W59/><G98/><T86/><D96/><U32/><E32/><V50/><F92/><W85/><G104/><T12/><D0/><U2/><E2/><V107/><F107/><W110/><G110/><T90/><D3/><U94/><E94/><V11/><F60/><W57/><G14/><T17/><D12/><U51/><E51/><V7/><F50/><W42/><G42/><T124/><D124/><U134/><E134/><V111/><F13/><W132/><G132/><T105/><D105/><U25/><E25/><V9/><F111/><W40/><G40/><T122/><D122/><RYUUKYOKU ba="0,1" sc="185,-10,236,30,375,-10,194,-10" hai1="8,15,19,44,45,47,48,54,72,73,75,83,89" /><INIT seed="5,1,1,3,1,33" ten="175,266,365,184" oya="1" hai0="71,56,9,111,62,31,98,10,19,96,57,114,109" hai1="65,63,24,28,55,32,29,39,122,25,37,30,131" hai2="79,38,1,92,64,78,120,73,20,51,105,8,4" hai3="36,95,14,100,43,133,84,135,112,35,47,58,115"/><U46/><E122/><V102/><F105/><W0/><G0/><T125/><D114/><N who="3" m="43561" /><G35/><T116/><D116/><U5/><E131/><V17/><F64/><W11/><G58/><T132/><D132/><U110/><E110/><V94/><F51/><W49/><G100/><T3/><D125/><U129/><E129/><V16/><F92/><W34/><G34/><T126/><D126/><U103/><E5/><V104/><F78/><W2/><G2/><T13/><D71/><U118/><E118/><V108/><F17/><N who="3" m="8415" /><G36/><T21/><D57/><U117/><E117/><V76/><F73/><W53/><G53/><T74/><D74/><U87/><E103/><V101/><F20/><W44/><G44/><T12/><D109/><U45/><E32/><V26/><F26/><N who="1" m="10345" /><E39/><V72/><F72/><W134/><G95/><T89/><D111/><U42/><E37/><V113/><F79/><W86/><AGARI ba="1,1" hai="43,47,49,84,86,133,134,135" m="8415,43561" machi="86" ten="40,2700,0" yaku="20,1,15,1" doraHai="33" who="3" fromWho="3" sc="175,-8,266,-14,365,-8,184,40" /><INIT seed="6,0,0,5,3,43" ten="167,252,357,224" oya="2" hai0="71,74,51,128,44,115,87,122,121,96,59,13,124" hai1="86,105,4,63,80,38,117,125,10,72,65,21,66" hai2="129,9,49,123,75,31,127,22,30,29,60,69,3" hai3="34,0,107,19,99,97,56,130,100,18,46,55,45"/><V47/><F123/><W35/><G0/><T1/><D74/><U82/><E117/><V27/><F75/><W52/><G130/><T25/><D1/><U67/><E105/><V113/><F129/><W48/><G35/><T118/><D128/><U126/><E38/><V120/><F120/><W112/><G34/><T70/><D118/><U108/><E108/><V102/><F113/><W132/><G132/><T104/><D115/><U85/><E21/><V64/><F127/><N who="1" m="48649" /><E63/><V28/><F102/><W106/><G112/><T110/><D110/><U24/><E24/><V89/><F89/><W93/><G107/><T16/><D124/><U26/><E26/><V2/><REACH who="2" step="1"/><F9/><REACH who="2" ten="167,252,347,224" step="2"/><W103/><REACH who="3" step="1"/><G45/><REACH who="3" ten="167,252,347,214" step="2"/><T73/><D44/><U32/><E72/><V109/><F109/><W23/><G23/><T119/><D73/><U41/><E32/><V58/><F58/><W135/><G135/><T95/><D59/><U133/><E133/><V88/><F88/><W61/><AGARI ba="0,2" hai="18,19,46,48,52,55,56,61,93,97,99,100,103,106" machi="61" ten="20,8000,1" yaku="1,1,0,1,7,1,52,1,54,1,53,0" doraHai="43" doraHaiUra="39" who="3" fromWho="3" sc="167,-20,252,-20,347,-40,214,100" /><INIT seed="7,0,0,2,3,89" ten="147,232,307,314" oya="3" hai0="62,60,80,57,99,125,133,16,56,2,129,76,68" hai1="115,135,8,85,79,23,9,14,29,66,128,134,24" hai2="97,100,113,58,95,101,123,17,54,70,96,126,19" hai3="112,36,51,59,40,11,72,69,83,52,41,37,114"/><W74/><G11/><T105/><D125/><U71/><E71/><V43/><F70/><W130/><G83/><T47/><D129/><U31/><E66/><V33/><F33/><W121/><G130/><T48/><D133/><N who="1" m="50699" /><E79/><V131/><F131/><W28/><G28/><N who="1" m="10826" /><E128/><V1/><F1/><W22/><G22/><T111/><D2/><U106/><E106/><V44/><F126/><W92/><G92/><T65/><D111/><U5/><E85/><V104/><F123/><W55/><G121/><T64/><D68/><U45/><E45/><V21/><F113/><N who="3" m="43627" /><G55/><T84/><D105/><U4/><E115/><V110/><F110/><W12/><G12/><T30/><D30/><N who="1" m="17695" /><E9/><V108/><F108/><W6/><G69/><T132/><D132/><U32/><E32/><V39/><F21/><W118/><G118/><T90/><D99/><U109/><E109/><V50/><AGARI ba="0,0" hai="17,19,39,43,44,50,54,58,95,96,97,100,101,104" machi="50" ten="20,2700,0" yaku="0,1,7,1,52,1" doraHai="89" who="2" fromWho="2" sc="147,-7,232,-7,307,27,314,-13" owari="140,-36.0,225,-17.5,334,43.4,301,10.1" /></mjloggm>