<mjloggm ver="2.3"><GO type="169" lobby="0"/><UN n0="%E3%82%A4%E3%83%BC%E3%82%B1%E3%83%97%E3%83%A9" n1="%E3%82%8F%E3%81%98" n2="%E3%83%A8%E3%83%BC%E3%83%BB%E3%83%9E%E3%82%A4%E3%82%AB" n3="%E3%81%BE%E3%81%A8%E3%81%9F" dan="16,16,17,16" rate="2115.72,2128.57,2187.75,2082.91" sx="M,M,M,M"/><TAIKYOKU oya="0"/><INIT seed="0,0,0,2,2,85" ten="250,250,250,250" oya="0" hai0="90,132,50,135,128,39,61,76,108,82,1,38,92" hai1="18,14,87,40,77,60,86,37,21,29,112,69,36" hai2="122,100,70,114,130,125,117,54,56,89,118,15,30" hai3="43,7,45,120,12,129,8,73,67,96,133,65,31"/><T10/><D128/><U42/><E112/><V13/><F114/><W68/><G129/><T59/><D108/><U107/><E107/><V102/><F130/><W44/><G133/><N who="0" m="51275" /><D50/><U17/><E29/><V83/><F70/><W134/><G73/><N who="0" m="43279" /><D10/><U115/><E115/><V9/><F122/><W28/><G134/><T131/><D1/><U101/><E37/><V97/><F30/><W94/><G45/><T74/><D74/><U104/><E36/><V81/><F125/><W33/><G120/><T27/><D27/><U19/><E42/><V25/><F25/><W48/><G33/><T57/><D57/><U75/><E40/><V24/><F24/><W93/><G68/><T64/><D131/><U41/><E41/><V47/><F47/><W51/><G51/><T109/><D109/><U11/><E75/><V6/><F13/><W34/><G34/><T113/><D113/><U26/><E26/><V88/><F118/><W71/><G71/><T106/><D106/><U0/><E0/><V72/><F117/><W2/><G2/><T22/><D22/><U32/><E32/><V116/><F116/><W62/><G31/><T110/><D110/><U35/><E35/><V105/><F72/><W58/><G28/><T123/><D123/><U111/><E111/><V4/><F4/><W80/><G7/><T16/><D16/><U53/><E69/><V46/><F46/><W49/><G44/><T119/><D119/><U63/><E19/><V20/><F20/><W78/><G43/><T121/><D121/><U91/><E18/><V99/><F6/><W124/><G58/><RYUUKYOKU ba="0,0" sc="250,30,250,-10,250,-10,250,-10" hai0="38,39,59,61,64,90,92" /><INIT seed="0,1,0,3,4,34" ten="280,240,240,240" oya="0" hai0="118,121,48,123,58,103,60,79,107,87,106,91,19" hai1="98,80,50,100,49,44,126,109,54,127,125,38,21" hai2="65,67,3,4,70,52,5,2,51,82,30,35,93" hai3="73,27,114,59,1,105,15,46,40,31,85,42,117"/><T24/><D118/><U88/><E109/><V115/><F115/><W132/><G73/><T99/><D107/><U120/><E120/><V36/><F36/><W12/><G117/><T119/><D119/><U84/><E21/><V11/><F82/><W22/><G105/><T66/><D79/><U96/><E38/><V10/><F93/><W113/><G132/><T45/><D24/><U63/><E63/><V111/><F111/><W83/><G42/><T95/><REACH who="0" step="1"/><D19/><REACH who="0" ten="270,240,240,240" step="2"/><U55/><REACH who="1" step="1"/><E100/><REACH who="1" ten="270,230,240,240" step="2"/><V39/><F39/><W17/><G113/><T92/><D92/><U26/><E26/><V53/><F35/><W6/><G114/><T71/><D71/><U90/><E90/><V135/><F135/><W122/><G27/><T77/><D77/><U32/><E32/><V72/><F70/><W108/><G108/><T33/><D33/><U89/><E89/><V8/><F30/><W47/><G122/><T25/><D25/><U94/><E94/><V61/><F61/><W76/><G31/><T133/><D133/><U62/><E62/><V129/><F51/><W41/><G76/><T57/><D57/><AGARI ba="1,2" hai="44,49,50,54,55,57,80,84,88,96,98,125,126,127" machi="57" ten="40,5200,0" yaku="1,1,18,1,54,1,53,0" doraHai="34" doraHaiUra="131" who="1" fromWho="0" sc="270,-55,230,75,240,0,240,0" /><INIT seed="1,0,0,4,3,18" ten="215,305,240,240" oya="1" hai0="65,123,17,106,29,99,72,58,14,32,33,40,76" hai1="134,67,15,19,42,26,132,4,28,47,102,73,84" hai2="101,86,39,52,97,63,126,66,38,8,13,79,103" hai3="68,27,50,23,21,129,116,113,46,16,78,30,0"/><U88/><E73/><V117/><F117/><W60/><G113/><T57/><D123/><U35/><E102/><V22/><F126/><W51/><G129/><T2/><D2/><U96/><E96/><V1/><F1/><W24/><G0/><T120/><D120/><U69/><E4/><V87/><F39/><W108/><G108/><T53/><D40/><U25/><E67/><V82/><F38/><W3/><G3/><T125/><D125/><U49/><E69/><V41/><F41/><W122/><G122/><T31/><D76/><U91/><E26/><V20/><F86/><W83/><G116/><T77/><D77/><U93/><REACH who="1" step="1"/><E91/><REACH who="1" ten="215,295,240,240" step="2"/><V61/><F66/><W121/><G121/><T133/><D72/><U74/><E74/><V81/><F103/><W12/><G68/><T48/><D99/><U5/><E5/><V118/><F118/><W43/><G60/><T100/><D100/><U75/><E75/><V130/><F63/><W112/><G27/><T104/><D65/><U37/><E37/><V127/><F127/><W45/><G51/><T119/><D119/><U64/><E64/><V6/><F130/><W56/><G50/><T111/><D48/><U128/><E128/><V34/><F97/><W107/><G24/><T36/><D36/><U71/><E71/><V92/><F101/><W62/><G62/><T114/><D106/><U95/><E95/><V109/><F92/><W7/><G107/><T55/><D104/><U70/><E70/><V90/><F61/><W131/><G131/><T54/><D114/><U59/><E59/><V11/><F90/><RYUUKYOKU ba="0,1" sc="215,-10,295,30,240,-10,240,-10" hai1="15,19,25,28,35,42,47,49,84,88,93,132,134" /><INIT seed="1,1,1,2,2,83" ten="205,325,230,230" oya="1" hai0="119,75,78,58,111,134,65,94,120,22,114,48,66" hai1="112,76,14,131,125,132,26,104,1,69,86,74,9" hai2="32,92,43,130,116,33,28,89,91,7,80,127,100" hai3="85,41,4,128,17,123,60,34,31,21,79,105,63"/><U42/><E112/><V62/><F116/><W36/><G123/><T29/><D114/><U117/><E69/><V88/><F127/><W15/><G105/><T71/><D119/><U90/><E117/><V0/><F130/><W72/><G128/><T107/><D107/><U24/><E1/><V59/><F43/><W38/><G72/><T53/><D111/><U39/><E104/><V57/><F0/><W20/><G34/><T2/><D2/><U113/><E131/><V52/><F7/><W12/><G41/><T133/><D120/><U87/><E74/><V68/><F68/><W124/><G124/><T97/><D78/><U98/><E132/><N who="0" m="50793" /><D75/><U61/><E113/><V55/><F28/><W16/><G79/><T135/><N who="0" m="50801" /><T103/><DORA hai="23" /><D71/><U56/><E39/><V67/><F67/><W121/><G31/><T40/><D40/><U96/><E42/><V82/><F33/><W19/><G19/><T77/><D77/><U3/><E3/><V51/><F32/><W30/><G30/><T50/><D50/><U109/><E109/><V5/><F5/><W93/><G4/><T45/><D58/><U108/><E108/><V101/><F101/><W13/><G121/><T122/><D122/><U81/><E125/><V46/><F46/><W11/><G38/><T129/><D129/><U115/><E115/><V84/><F82/><W25/><G36/><T99/><D99/><AGARI ba="1,1" hai="51,52,55,57,59,62,80,84,88,89,91,92,99,100" machi="99" ten="40,8000,1" yaku="8,1,52,1,54,2" doraHai="83,23" who="2" fromWho="0" sc="205,-83,325,0,230,93,230,0" /><INIT seed="2,0,0,4,4,54" ten="122,325,323,230" oya="2" hai0="92,117,127,72,114,112,84,56,43,62,68,19,11" hai1="108,80,15,59,36,29,120,79,60,107,46,130,88" hai2="41,30,128,98,48,126,119,8,95,113,5,109,33" hai3="91,105,35,102,39,69,67,83,31,100,125,1,27"/><V28/><F113/><W123/><G39/><T97/><D72/><U17/><E108/><V122/><F119/><W49/><G1/><T20/><D68/><U81/><E107/><V21/><F122/><W99/><G123/><T18/><D127/><U45/><E120/><V90/><F126/><W23/><G125/><T9/><D43/><U78/><E29/><V22/><F128/><W93/><G102/><T44/><D44/><U16/><E130/><V74/><F109/><W71/><G23/><N who="2" m="8713" /><F74/><W66/><G66/><T65/><D84/><N who="1" m="50191" /><E36/><V12/><F33/><W57/><G83/><T4/><D117/><U135/><E135/><V132/><F132/><W111/><G111/><T77/><D77/><N who="1" m="29195" /><E80/><V50/><F41/><W129/><G129/><T25/><D19/><N who="1" m="7243" /><E15/><V82/><F82/><W101/><G101/><T34/><D34/><U51/><E51/><AGARI ba="0,0" hai="5,8,12,28,30,48,50,51,90,95,98" m="8713" machi="51" ten="30,1500,0" yaku="8,1" doraHai="54" who="2" fromWho="1" sc="122,0,325,-15,323,15,230,0" /><INIT seed="2,1,0,5,2,91" ten="122,310,338,230" oya="2" hai0="13,126,130,18,54,111,27,114,104,90,113,68,43" hai1="122,86,79,52,28,124,3,65,121,83,10,64,127" hai2="39,84,2,4,50,19,123,47,106,35,56,92,102" hai3="40,88,76,120,29,67,74,117,36,118,32,108,31"/><V80/><F123/><N who="1" m="47113" /><E28/><V6/><F39/><W11/><G120/><T105/><D68/><U5/><E52/><N who="2" m="29791" /><F106/><W59/><G108/><T17/><D43/><U66/><AGARI ba="1,0" hai="3,5,10,64,65,66,79,83,86,124,127" m="47113" machi="66" ten="40,1500,0" yaku="13,1" doraHai="91" who="1" fromWho="1" sc="122,-5,310,18,338,-8,230,-5" /><INIT seed="3,0,0,3,1,30" ten="117,328,330,225" oya="3" hai0="17,52,94,80,46,53,98,81,29,128,101,14,44" hai1="18,83,133,51,77,58,92,90,119,35,108,120,3" hai2="5,125,85,130,122,15,57,76,131,107,63,47,115" hai3="79,126,123,31,102,124,11,59,2,96,34,41,54"/><W48/><G123/><T109/><D109/><U111/><E120/><V42/><F122/><W84/><G41/><T100/><D128/><N who="2" m="49194" /><F107/><W112/><G112/><T106/><D29/><U86/><E119/><V23/><F125/><W10/><G84/><T97/><D46/><U45/><E133/><V25/><F115/><W20/><G20/><T37/><D37/><U103/><E103/><V8/><F85/><W7/><G79/><T28/><D28/><U127/><E127/><V65/><F76/><W116/><G11/><T113/><D113/><U134/><E134/><V21/><F25/><W19/><G19/><T82/><REACH who="0" step="1"/><D44/><REACH who="0" ten="107,328,330,225" step="2"/><U6/><E45/><V0/><F0/><W69/><G124/><T1/><D1/><U89/><E3/><V67/><F67/><W74/><G126/><T33/><D33/><U99/><E35/><V121/><F121/><W95/><G116/><T66/><D66/><U104/><E111/><V61/><F61/><W24/><REACH who="3" step="1"/><G69/><REACH who="3" ten="107,328,330,215" step="2"/><T91/><D91/><U26/><E90/><V87/><F47/><W68/><G68/><T73/><D73/><AGARI ba="0,2" hai="2,7,10,24,31,34,48,54,59,73,74,95,96,102" machi="73" ten="40,3900,0" yaku="1,1,52,1,53,0" doraHai="30" doraHaiUra="75" who="3" fromWho="0" sc="107,-39,328,0,330,0,215,59" /><INIT seed="3,1,0,0,5,27" ten="68,328,330,274" oya="3" hai0="56,125,3,66,74,40,108,117,30,88,78,121,75" hai1="123,17,35,72,15,100,6,18,25,118,116,34,29" hai2="22,93,45,130,52,48,89,60,71,128,95,44,107" hai3="21,132,8,11,59,79,131,105,53,12,58,51,82"/><W0/><G105/><T26/><D117/><N who="1" m="45163" /><E100/><V77/><F107/><W10/><G131/><N who="2" m="50217" /><F77/><W81/><G132/><T4/><D121/><U127/><E72/><V119/><F119/><W76/><G0/><T90/><D108/><U55/><E55/><V129/><N who="2" m="50225" /><V31/><DORA hai="84" /><F22/><W38/><G38/><T113/><D125/><U19/><E123/><V68/><F31/><W42/><G42/><T23/><D40/><U28/><E127/><V63/><F93/><W2/><G2/><T122/><D122/><U62/><E62/><N who="2" m="23595" /><F45/><W50/><G21/><T49/><D66/><U106/><E106/><V98/><AGARI ba="1,0" hai="44,48,52,68,71,89,95,98" m="23595,50225" machi="98" ten="40,5200,0" yaku="19,1,52,1,54,1" doraHai="27,84" who="2" fromWho="2" sc="68,-14,328,-14,330,55,274,-27" /><INIT seed="4,0,0,5,3,87" ten="54,314,385,247" oya="0" hai0="3,54,130,104,70,134,86,101,22,42,6,13,105" hai1="68,36,79,127,73,10,30,25,113,96,91,89,48" hai2="67,71,132,74,103,17,44,15,57,1,123,65,117" hai3="64,76,38,50,11,62,35,21,14,29,32,7,124"/><T24/><D130/><U18/><E36/><V95/><F123/><W37/><G35/><T34/><D134/><U129/><E68/><V102/><F1/><W118/><G118/><T106/><D70/><U46/><E129/><V23/><F74/><W28/><G76/><T16/><D42/><U55/><E73/><V100/><F71/><W112/><G112/><T72/><D72/><U58/><E79/><V131/><F131/><W133/><G124/><T128/><D128/><U53/><E127/><V56/><F132/><W19/><G29/><T119/><D119/><U83/><E83/><V81/><F81/><W98/><G50/><T121/><D121/><U135/><E113/><V78/><F78/><W92/><G28/><T0/><D54/><U69/><E69/><V111/><F111/><W110/><G32/><T9/><D86/><U39/><E96/><N who="2" m="59423" /><F44/><W116/><G116/><T52/><D101/><N who="2" m="38410" /><F117/><W66/><G133/><T60/><REACH who="0" step="1"/><D34/><REACH who="0" ten="44,314,385,247" step="2"/><U90/><E135/><V122/><F122/><W26/><G110/><T80/><D80/><U51/><E39/><V49/><F67/><W99/><G66/><T63/><D63/><U125/><E125/><V94/><F65/><W27/><G62/><T8/><D8/><U2/><E10/><V85/><F49/><W43/><G64/><T114/><D114/><U84/><E48/><V59/><F85/><W77/><G37/><T120/><D120/><U41/><E84/><V20/><F20/><W88/><G38/><T33/><D33/><U109/><E109/><V40/><F40/><W97/><G43/><T12/><D12/><RYUUKYOKU ba="0,1" sc="44,15,314,-15,385,15,247,-15" hai0="0,3,6,9,13,16,22,24,52,60,104,105,106" hai2="15,17,23,56,57,59,94" /><INIT seed="4,1,1,0,2,102" ten="59,299,400,232" oya="0" hai0="94,93,108,2,84,28,75,4,62,42,96,7,61" hai1="85,19,6,134,116,118,99,100,73,36,90,17,123" hai2="72,131,60,8,32,119,135,65,82,113,14,97,67" hai3="80,111,83,104,18,58,79,39,12,114,126,133,1"/><T71/><D75/><U121/><E36/><V87/><F113/><W29/><G39/><T57/><D42/><U5/><E73/><V37/><F37/><W15/><G1/><T44/><D108/><U124/><E100/><V92/><F72/><W45/><G45/><T38/><D38/><U53/><E99/><V125/><F32/><W16/><G111/><T9/><D7/><U78/><E85/><V86/><F125/><W41/><G41/><T120/><D120/><U11/><E90/><N who="2" m="55447" /><F131/><W110/><G110/><T20/><D44/><U112/><E78/><N who="2" m="46423" /><F135/><W23/><G133/><T70/><D84/><U49/><E134/><V74/><F74/><W3/><G126/><T50/><D50/><U54/><E124/><V109/><F109/><W48/><G3/><T63/><D57/><U122/><E121/><V25/><F25/><W132/><G132/><T117/><D117/><U51/><E11/><V56/><F87/><W31/><G104/><T98/><D98/><U106/><E112/><V128/><F128/><W107/><G107/><AGARI ba="1,1" hai="5,6,17,19,49,51,53,54,106,107,116,118,122,123" machi="107" ten="25,6400,0" yaku="22,2,52,2" doraHai="102" who="1" fromWho="3" sc="59,0,299,77,400,0,232,-67" /><INIT seed="5,0,0,2,0,82" ten="59,376,400,165" oya="1" hai0="88,20,109,93,19,62,26,123,86,6,12,128,8" hai1="38,49,89,94,115,36,41,79,34,25,35,47,2" hai2="92,110,95,16,72,132,61,122,51,31,24,121,78" hai3="52,13,29,60,103,50,75,105,120,7,126,77,57"/><U65/><E2/><V98/><F110/><W118/><G126/><T130/><D109/><U73/><E65/><V112/><F72/><W87/><G120/><T113/><D123/><U67/><E67/><V45/><F78/><W4/><G75/><T104/><D104/><U68/><E68/><V134/><F112/><W125/><G118/><T135/><D113/><U76/><E115/><V100/><F61/><W70/><G70/><T44/><D135/><N who="2" m="51754" /><F92/><W85/><G125/><T54/><REACH who="0" step="1"/><D44/><REACH who="0" ten="49,376,400,165" step="2"/><U37/><E73/><V1/><F45/><N who="3" m="27727" /><G105/><T23/><D23/><U55/><E35/><V66/><F121/><W48/><G77/><T32/><D32/><U124/><E124/><V33/><F33/><W17/><G103/><T27/><D27/><U56/><E25/><V119/><F24/><W0/><G0/><T64/><D64/><U42/><E34/><V5/><F1/><W40/><G29/><T116/><D116/><U131/><E131/><V53/><F31/><W9/><G40/><T30/><D30/><U71/><E41/><V83/><F100/><W28/><G28/><T111/><D111/><U99/><REACH who="1" step="1"/><E71/><REACH who="1" ten="49,366,400,165" step="2"/><V74/><F119/><W10/><G13/><T18/><D18/><U106/><E106/><V107/><F16/><W39/><G17/><T46/><D46/><U108/><E108/><V43/><F107/><W14/><G14/><T11/><D11/><U81/><E81/><V133/><F83/><W90/><G10/><T69/><D69/><U3/><E3/><V102/><N who="2" m="51762" /><V114/><DORA hai="21" /><F122/><W63/><G9/><T117/><D117/><RYUUKYOKU ba="0,2" sc="49,15,366,15,400,-15,165,-15" hai0="6,8,12,19,20,26,54,62,86,88,93,128,130" hai1="36,37,38,42,47,49,55,56,76,79,89,94,99" /><INIT seed="5,1,2,2,1,102" ten="64,381,385,150" oya="1" hai0="115,80,84,45,65,41,123,119,130,129,2,63,87" hai1="133,113,70,25,54,1,94,16,22,0,8,116,72" hai2="61,36,24,7,29,66,127,135,88,19,27,106,109" hai3="49,59,5,99,76,110,128,62,120,53,67,107,108"/><U39/><E116/><V46/><F109/><W60/><G120/><T12/><D2/><U77/><E70/><V118/><F118/><W69/><G128/><N who="0" m="49259" /><D119/><U32/><E39/><V51/><F127/><W103/><G76/><T132/><D123/><U3/><E113/><V92/><F135/><W104/><G5/><T90/><D132/><U86/><E133/><V43/><F106/><W23/><G107/><T91/><D115/><U57/><E72/><V79/><F79/><W68/><G23/><T73/><D73/><U10/><E32/><V42/><F7/><W101/><G101/><T48/><D12/><U50/><REACH who="1" step="1"/><E94/><REACH who="1" ten="64,371,385,150" step="2"/><V20/><F36/><W64/><AGARI ba="1,3" hai="49,53,59,60,62,64,67,68,69,99,103,104,108,110" machi="64" ten="30,4000,0" yaku="0,1,9,1,52,1" doraHai="102" who="3" fromWho="3" sc="64,-11,371,-21,385,-11,150,73" /><INIT seed="6,0,0,1,3,32" ten="53,350,374,223" oya="2" hai0="112,54,97,55,22,1,120,62,123,41,57,129,108" hai1="64,103,133,38,74,47,80,48,86,135,88,4,7" hai2="52,131,102,28,12,31,20,72,50,46,36,25,99" hai3="65,42,9,87,68,44,125,111,49,40,124,43,75"/><V104/><F131/><W2/><G75/><T83/><D108/><U24/><E38/><V101/><F72/><W114/><G87/><T59/><D112/><U66/><E74/><V45/><F101/><W17/><G17/><T56/><D129/><U91/><E103/><V118/><F118/><W51/><G9/><T121/><D41/><N who="3" m="15977" /><G2/><T29/><D83/><U14/><E24/><V130/><F130/><W0/><G0/><T115/><D115/><U100/><E100/><V67/><F36/><N who="3" m="21607" /><G111/><T78/><D1/><U119/><E119/><V13/><F67/><W84/><G84/><T94/><D78/><U73/><E73/><V58/><F28/><W82/><G82/><T63/><D29/><U85/><E80/><V23/><F13/><W134/><G114/><T117/><D117/><U61/><E14/><V30/><F12/><W110/><G110/><T93/><D22/><U33/><E33/><V53/><F53/><W113/><G113/><T126/><D126/><N who="3" m="48745" /><G134/><T39/><D39/><U107/><E107/><V35/><F35/><W6/><G6/><T71/><D71/><U90/><E135/><V5/><F5/><W116/><G116/><T70/><D70/><U37/><E37/><V34/><F34/><W16/><G16/><T15/><D15/><U105/><E133/><V109/><F109/><W69/><G69/><T89/><REACH who="0" step="1"/><D94/><REACH who="0" ten="43,350,374,223" step="2"/><U21/><E21/><V92/><F92/><W79/><G79/><T10/><D10/><U106/><E106/><V96/><F23/><W76/><G76/><T18/><D18/><U127/><E105/><N who="2" m="63687" /><F30/><W128/><G128/><RYUUKYOKU ba="0,1" sc="43,10,350,-30,374,10,223,10" hai0="54,55,56,57,59,62,63,89,93,97,120,121,123" hai2="20,25,31,45,46,50,52,58,99,104" hai3="49,51,65,68" /><INIT seed="6,1,1,2,4,70" ten="53,320,384,233" oya="2" hai0="64,87,130,113,3,108,55,127,67,31,17,42,86" hai1="106,79,131,81,35,85,109,38,120,53,39,132,15" hai2="126,47,74,94,71,10,63,40,52,134,89,19,124" hai3="68,114,5,98,91,66,23,72,99,62,6,129,37"/><V93/><F134/><W78/><G129/><T60/><D3/><U41/><E109/><V49/><F74/><W27/><G114/><T50/><D108/><U12/><E41/><V16/><F94/><W82/><G37/><N who="1" m="13834" /><E35/><V125/><F10/><W96/><REACH who="3" step="1"/><G91/><REACH who="3" ten="53,320,384,223" step="2"/><T59/><D113/><U97/><E132/><V29/><F29/><AGARI ba="1,2" hai="5,6,23,27,29,62,66,68,72,78,82,96,98,99" machi="29" ten="40,2600,0" yaku="1,1,2,1,53,0" doraHai="70" doraHaiUra="83" who="3" fromWho="2" sc="53,0,320,0,384,-29,223,49" /><INIT seed="7,0,0,5,3,106" ten="53,320,355,272" oya="3" hai0="63,26,39,133,22,114,117,86,56,52,134,96,27" hai1="109,19,5,84,54,76,135,73,87,43,102,123,10" hai2="33,60,81,11,131,48,66,58,80,45,90,79,28" hai3="50,34,126,78,7,116,59,92,15,35,13,129,101"/><W64/><G116/><T91/><D117/><U57/><E109/><V108/><F108/><W8/><G126/><T70/><D39/><U30/><E123/><V103/><F131/><W115/><G129/><T72/><D70/><U71/><E71/><V85/><F103/><W36/><G36/><T6/><D27/><U77/><E30/><V51/><F33/><W97/><G115/><T118/><D118/><U67/><E67/><V20/><F11/><W49/><G15/><T104/><D6/><U82/><E43/><N who="2" m="24639" /><F51/><W55/><G64/><T41/><D41/><U122/><E122/><V119/><F119/><W99/><G78/><T69/><D69/><U89/><E102/><V23/><F28/><W110/><G110/><T32/><D32/><U37/><E37/><V44/><F44/><W38/><G38/><T88/><D114/><U120/><E120/><V61/><F61/><W25/><G25/><T107/><D107/><U132/><E19/><V0/><F0/><W68/><G68/><T83/><D104/><U75/><E77/><V17/><F17/><W128/><G128/><T95/><REACH who="0" step="1"/><D72/><REACH who="0" ten="43,320,355,272" step="2"/><U121/><E121/><V93/><F80/><W4/><G4/><T46/><D46/><U12/><E135/><V111/><F111/><W3/><G3/><T112/><D112/><U127/><E132/><V21/><F21/><W94/><REACH who="3" step="1"/><G49/><REACH who="3" ten="43,320,355,262" step="2"/><T1/><D1/><U31/><E127/><V9/><F9/><W105/><G105/><T62/><D62/><U24/><E24/><V65/><F66/><W100/><AGARI ba="0,2" hai="7,8,13,34,35,50,55,59,92,94,97,99,100,101" machi="100" ten="20,7800,0" yaku="1,1,0,1,7,1,9,1,53,0" doraHai="106" doraHaiUra="18" who="3" fromWho="3" sc="43,-26,320,-26,355,-26,262,98" owari="17,-48.3,294,-10.6,329,12.9,360,46.0" /></mjloggm>