<mjloggm ver="2.3"><GO type="169" lobby="0"/><UN n0="%E3%81%A1%E3%82%83%E3%82%93%E3%81%AE%E3%81%B6" n1="%E3%80%90%E3%83%A1%E3%82%BF%E3%83%A9%E3%83%BC%E3%80%91" n2="%6F%6B%62%6F%6B%62" n3="%E5%9B%9B%E5%89%AF%E9%9C%B2%E5%8D%98%E9%A8%8E" dan="17,17,17,16" rate="2153.99,2150.94,2194.45,2049.74" sx="M,M,M,F"/><TAIKYOKU oya="0"/><INIT seed="0,0,0,2,0,90" ten="250,250,250,250" oya="0" hai0="33,55,113,123,3,76,81,124,47,21,13,50,64" hai1="67,22,127,109,26,85,12,49,79,105,72,24,42" hai2="56,32,37,0,7,91,2,133,120,58,6,25,28" hai3="57,101,45,65,98,100,16,40,118,102,68,119,129"/><T112/><D123/><U131/><E109/><V126/><F120/><W4/><G68/><T95/><D33/><U30/><E127/><V46/><F126/><W93/><G129/><T27/><D3/><U97/><E131/><V61/><F133/><W19/><G4/><T62/><D124/><U51/><E72/><V87/><F56/><W59/><G59/><T83/><D13/><U94/><E105/><V39/><F6/><W9/><G118/><T53/><D53/><U77/><E67/><V116/><F116/><W74/><G74/><T38/><D38/><U23/><E12/><V110/><F110/><W122/><G119/><T11/><D11/><U29/><E85/><V15/><F15/><N who="3" m="7279" /><G19/><T125/><D125/><U130/><E130/><V88/><F91/><W63/><G122/><T92/><D112/><U84/><E84/><V52/><F7/><W75/><G75/><T66/><D113/><U34/><E34/><V1/><REACH who="2" step="1"/><F46/><REACH who="2" ten="250,250,240,250" step="2"/><W71/><G71/><T132/><D132/><U117/><E117/><V5/><F5/><W86/><G86/><T135/><D135/><U107/><E107/><V8/><F8/><W35/><G35/><T48/><D47/><U17/><E17/><V121/><F121/><W111/><G111/><T70/><D70/><U134/><E134/><V114/><F114/><W18/><G18/><T89/><D89/><U104/><E104/><V108/><F108/><W10/><G10/><T14/><D76/><N who="1" m="29259" /><E42/><V69/><F69/><W43/><G45/><T60/><D14/><U99/><E99/><V20/><F20/><W103/><AGARI ba="0,1" hai="40,43,57,63,65,93,98,100,101,102,103" m="7279" machi="103" ten="30,7900,0" yaku="5,1,8,1,52,1,54,1" doraHai="90" who="3" fromWho="3" sc="250,-39,250,-20,240,-20,250,89" /><INIT seed="1,0,0,5,2,34" ten="211,230,220,339" oya="1" hai0="18,47,127,92,17,45,79,118,3,130,9,129,28" hai1="85,86,108,58,31,59,119,100,80,94,12,8,1" hai2="126,133,5,25,75,104,68,120,52,61,93,37,95" hai3="27,16,82,44,57,87,43,2,55,134,23,116,46"/><U110/><E119/><V65/><F120/><W98/><G116/><T0/><D118/><U7/><E31/><V22/><F104/><W51/><G134/><T78/><D28/><U89/><E12/><V106/><F106/><W105/><G2/><N who="0" m="555" /><D92/><U81/><E100/><V125/><F133/><W101/><REACH who="3" step="1"/><G43/><REACH who="3" ten="211,230,220,329" step="2"/><T32/><D127/><U50/><E94/><V117/><F117/><W123/><G123/><T90/><D129/><U6/><E6/><V49/><F5/><W33/><G33/><T48/><D32/><U54/><REACH who="1" step="1"/><E59/><REACH who="1" ten="211,220,220,329" step="2"/><V131/><F126/><W64/><G64/><T69/><D130/><U112/><E112/><V77/><F131/><W70/><G70/><T114/><D69/><U128/><E128/><V135/><F125/><W11/><G11/><T60/><D9/><U26/><E26/><V24/><F25/><W88/><AGARI ba="0,2" hai="16,23,27,44,46,51,55,57,82,87,88,98,101,105" machi="88" ten="20,8000,1" yaku="1,1,0,1,7,1,54,2,53,0" doraHai="34" doraHaiUra="62" who="3" fromWho="3" sc="211,-20,220,-40,220,-20,329,100" /><INIT seed="2,0,0,5,1,103" ten="191,180,200,429" oya="2" hai0="88,117,55,79,119,12,10,83,30,20,106,65,51" hai1="15,58,133,78,126,56,26,22,86,16,68,73,18" hai2="28,23,121,25,2,44,34,36,8,98,81,67,132" hai3="7,49,128,35,130,76,62,105,31,93,60,108,113"/><V71/><F121/><W47/><G108/><T64/><D30/><U43/><E73/><V32/><F132/><W59/><G113/><T61/><D20/><U114/><E68/><V109/><F109/><W1/><G76/><T29/><D29/><U57/><E126/><V110/><F110/><W97/><G105/><T24/><D24/><U50/><E133/><V14/><F81/><W118/><G118/><N who="0" m="45067" /><D61/><U115/><E115/><V75/><F75/><W91/><G31/><T100/><D100/><U101/><E101/><V38/><F98/><W9/><G35/><T99/><D106/><U37/><E37/><V11/><F11/><W46/><G46/><N who="0" m="28151" /><D79/><U19/><E114/><V111/><F111/><W66/><REACH who="3" step="1"/><G62/><REACH who="3" ten="191,180,200,419" step="2"/><T129/><D129/><U134/><E134/><V69/><F44/><W13/><G13/><T127/><D127/><U4/><E78/><V40/><F32/><W33/><G33/><T84/><D99/><U104/><E104/><V70/><F40/><AGARI ba="0,1" hai="1,7,9,40,47,49,59,60,66,91,93,97,128,130" machi="40" ten="40,1300,0" yaku="1,1,53,0" doraHai="103" doraHaiUra="48" who="3" fromWho="2" sc="191,0,180,0,200,-13,419,23" /><INIT seed="3,0,0,3,4,88" ten="191,180,187,442" oya="3" hai0="53,33,132,84,27,111,31,0,12,98,65,49,52" hai1="3,123,14,17,48,11,134,51,74,37,80,131,76" hai2="107,87,81,91,6,102,68,46,15,10,96,20,86" hai3="38,93,19,32,108,13,21,55,82,58,36,115,39"/><W83/><G32/><T109/><D0/><U7/><E131/><V56/><F68/><W18/><G115/><T35/><D35/><U127/><E127/><V112/><F112/><W95/><G108/><T79/><D132/><U124/><E124/><V29/><F56/><W41/><G41/><T105/><D65/><U122/><E134/><V66/><F66/><W70/><G70/><T78/><D12/><U71/><E71/><V60/><F60/><W28/><G28/><T72/><D72/><U135/><E135/><V130/><F130/><W126/><G126/><T73/><D73/><U94/><E94/><N who="3" m="35850" /><G39/><T101/><D53/><U26/><E26/><V47/><F29/><W69/><G38/><T54/><D54/><U110/><E110/><N who="0" m="41993" /><D84/><U59/><E37/><V75/><F75/><W89/><G36/><T67/><D67/><U77/><E77/><V4/><F4/><W30/><G30/><T63/><D63/><U43/><E43/><V25/><F86/><N who="3" m="50391" /><G69/><T116/><D116/><U45/><E123/><V16/><AGARI ba="0,0" hai="6,10,15,16,20,25,46,47,81,87,91,96,102,107" machi="16" ten="20,2700,0" yaku="0,1,7,1,54,1" doraHai="88" who="2" fromWho="2" sc="191,-7,180,-7,187,27,442,-13" /><INIT seed="4,0,0,4,1,43" ten="184,173,214,429" oya="0" hai0="69,125,22,130,93,63,14,109,129,26,41,31,2" hai1="115,55,114,90,57,48,102,65,124,120,5,77,66" hai2="113,27,13,11,106,97,72,107,33,73,50,84,92" hai3="112,88,3,117,131,62,24,19,91,6,54,100,76"/><T78/><D2/><U118/><E5/><V103/><F113/><N who="1" m="43017" /><E77/><V80/><F33/><W71/><G117/><T28/><D125/><U34/><E34/><V44/><F27/><W23/><G112/><T83/><D109/><U79/><E79/><V81/><F73/><W94/><G131/><N who="0" m="50187" /><D93/><U135/><E102/><V47/><F50/><W53/><G76/><T87/><D14/><U128/><E90/><V37/><F37/><W122/><G91/><T21/><D41/><U52/><E128/><V1/><F1/><W56/><G100/><T127/><D127/><U30/><E30/><N who="0" m="11305" /><D26/><U89/><E89/><V64/><F72/><W17/><G88/><T108/><D108/><U123/><E118/><V36/><F36/><W8/><G24/><T10/><D10/><U18/><E18/><V20/><F20/><W49/><G17/><T7/><D7/><U70/><E124/><V119/><F119/><W12/><G94/><T25/><D25/><U110/><E110/><V86/><F106/><W134/><G19/><T15/><D15/><U58/><E135/><V4/><F107/><W96/><G12/><T133/><D133/><U60/><E66/><AGARI ba="0,0" hai="21,22,63,66,69,78,83,87" m="11305,50187" machi="66" ten="30,1500,0" yaku="19,1" doraHai="43" who="0" fromWho="1" sc="184,15,173,-15,214,0,429,0" /><INIT seed="4,1,0,2,5,27" ten="199,158,214,429" oya="0" hai0="66,6,53,104,121,73,75,62,81,98,117,92,38" hai1="50,72,111,29,106,59,89,134,13,1,116,76,97" hai2="41,128,43,74,37,39,94,9,79,126,84,26,25" hai3="14,113,88,20,118,61,60,5,122,30,119,22,47"/><T4/><D117/><U3/><E116/><V18/><F74/><W105/><G105/><T101/><D121/><U67/><E111/><V58/><F128/><W48/><G113/><T0/><D38/><U110/><E110/><V15/><F126/><W8/><G122/><T123/><D123/><U64/><E134/><V68/><F68/><W46/><G118/><T109/><D109/><U103/><E13/><V96/><F37/><W129/><G129/><T23/><D53/><U55/><E89/><V108/><F108/><W44/><G119/><T132/><D132/><U63/><E67/><V28/><F58/><W133/><G48/><T82/><D104/><U91/><E91/><V124/><F25/><N who="3" m="16679" /><G133/><T56/><D75/><U131/><E131/><V11/><F11/><W125/><G125/><T36/><D36/><U71/><REACH who="1" step="1"/><E29/><REACH who="1" ten="199,148,214,429" step="2"/><V31/><F124/><W114/><G114/><T12/><D0/><U7/><E7/><V34/><F31/><W100/><G88/><T95/><D4/><U107/><E107/><V70/><F26/><W51/><G14/><T24/><D95/><U49/><E49/><V135/><F135/><W52/><G51/><T115/><D115/><U99/><E99/><V78/><F28/><W85/><G5/><T42/><D6/><U130/><E130/><V57/><F96/><W87/><G61/><T112/><D112/><U86/><E86/><V16/><F84/><W54/><G60/><T65/><D12/><U69/><E69/><V127/><F70/><W77/><G87/><T102/><D62/><U40/><E40/><N who="2" m="15435" /><F127/><W83/><G85/><RYUUKYOKU ba="1,1" sc="199,-10,148,30,214,-10,429,-10" hai1="1,3,50,55,59,63,64,71,72,76,97,103,106" /><INIT seed="5,2,1,5,1,115" ten="189,178,204,419" oya="1" hai0="58,54,97,2,128,67,122,135,78,126,116,31,119" hai1="60,71,51,76,68,23,7,133,92,82,24,35,84" hai2="125,30,89,36,46,49,14,113,21,80,129,91,26" hai3="27,59,16,43,70,85,75,134,95,45,44,117,93"/><U18/><E133/><V17/><F129/><W127/><G70/><T32/><D2/><U130/><E130/><V118/><F36/><W8/><G75/><T124/><D128/><U98/><E35/><V57/><F113/><W62/><G127/><N who="0" m="48683" /><D135/><U77/><E7/><V9/><F125/><W40/><G134/><T112/><D112/><U55/><E77/><V105/><F105/><W50/><G117/><N who="0" m="45131" /><D78/><U74/><E74/><V121/><F118/><W132/><G85/><T109/><D109/><U120/><E120/><V61/><F80/><W88/><G95/><T56/><D122/><U65/><E51/><V102/><F102/><W66/><G132/><T29/><D32/><U96/><E71/><V33/><F33/><W99/><G8/><T83/><D83/><U5/><E5/><V12/><F12/><W110/><G110/><T13/><D97/><U10/><E98/><V4/><F4/><W19/><G27/><T39/><D39/><AGARI ba="2,1" hai="16,19,39,40,43,44,45,50,59,62,66,88,93,99" machi="39" ten="30,3900,0" yaku="7,1,54,2" doraHai="115" who="3" fromWho="0" sc="189,-45,178,0,204,0,419,55" /><INIT seed="6,0,0,5,1,97" ten="144,178,204,474" oya="2" hai0="24,29,82,2,9,81,54,96,25,87,63,68,58" hai1="45,95,32,125,133,89,121,11,15,72,5,40,65" hai2="50,48,83,35,77,100,116,105,84,117,85,102,37" hai3="42,38,106,51,56,73,36,4,135,91,80,122,16"/><V14/><F35/><W123/><G106/><T23/><D68/><U64/><E125/><V92/><F37/><W99/><G4/><T1/><D9/><U94/><E133/><V90/><F14/><W18/><G135/><T46/><D82/><U134/><E72/><N who="2" m="43431" /><F48/><W103/><G73/><T57/><D46/><U62/><E32/><V128/><F50/><W130/><G56/><T75/><D75/><U31/><E31/><V115/><F105/><W107/><G38/><T59/><D25/><U43/><E134/><V20/><F20/><W66/><G36/><T108/><D108/><U110/><E110/><V27/><F27/><W113/><G51/><T76/><D59/><U86/><E121/><V10/><F10/><W101/><G107/><T67/><REACH who="0" step="1"/><D96/><REACH who="0" ten="134,178,204,474" step="2"/><U129/><E45/><V74/><F128/><W55/><G130/><T28/><D28/><U7/><E129/><V132/><F132/><W88/><G122/><T52/><D52/><U8/><E65/><V112/><F74/><W13/><G55/><T70/><D70/><U60/><E64/><V41/><F41/><W78/><G42/><T98/><D98/><N who="1" m="57679" /><E43/><V22/><F85/><W19/><G66/><T79/><D79/><U26/><E26/><V61/><F116/><W104/><G123/><T17/><D17/><U33/><E40/><V30/><F117/><W44/><G18/><T119/><D119/><U21/><E33/><V6/><F30/><W127/><G19/><T69/><D69/><U126/><E126/><V124/><F124/><W34/><G127/><T131/><D131/><U0/><E21/><RYUUKYOKU ba="0,1" sc="134,15,178,15,204,-15,474,-15" hai0="1,2,23,24,29,54,57,58,63,67,76,81,87" hai1="0,5,7,8,11,15,60,62,86,95" /><INIT seed="7,1,1,3,3,67" ten="149,193,189,459" oya="3" hai0="36,111,1,11,40,124,37,97,32,13,34,133,105" hai1="104,61,135,75,132,46,25,83,9,7,121,80,30" hai2="35,100,19,84,63,14,53,68,70,65,81,95,82" hai3="96,17,73,122,48,107,86,93,125,114,56,94,28"/><W38/><G38/><T79/><D13/><N who="1" m="5311" /><E121/><V29/><F53/><W0/><G0/><T3/><D111/><U62/><E104/><V117/><F117/><W87/><G73/><T49/><D49/><U66/><E46/><V52/><F52/><W78/><G28/><T54/><D54/><U55/><E55/><V47/><F47/><W4/><G4/><N who="0" m="1423" /><D124/><U77/><E83/><V42/><F42/><W58/><G107/><T88/><D88/><U129/><E129/><V116/><F116/><W115/><G94/><T23/><D23/><N who="1" m="15679" /><E66/><V31/><F35/><N who="0" m="13354" /><D133/><AGARI ba="1,1" hai="61,62,75,77,80,132,133,135" m="15679,5311" machi="133" ten="30,1000,0" yaku="20,1" doraHai="67" who="1" fromWho="0" sc="149,-13,193,23,189,0,459,0" owari="136,-36.4,216,1.6,189,-21.1,459,55.9" /></mjloggm>