<mjloggm ver="2.3"><GO type="169" lobby="0"/><UN n0="%E3%81%A1%E3%82%83%E3%82%8B%E3%82%81%E3%82%89" n1="%E8%80%81%E6%A5%BD" n2="%4D%41%54%59%55%49%E2%98%86" n3="%E6%95%97%E5%8C%97%E8%80%85%E3%81%AD%E3%82%8B" dan="17,17,17,17" rate="2209.52,2197.27,2186.24,2171.72" sx="M,M,M,F"/><TAIKYOKU oya="0"/><INIT seed="0,0,0,5,0,65" ten="250,250,250,250" oya="0" hai0="128,55,70,100,39,30,77,83,135,93,108,50,24" hai1="19,62,26,87,105,10,103,32,118,134,107,37,88" hai2="31,109,99,15,25,82,63,0,20,73,54,12,27" hai3="74,58,61,57,35,18,33,81,68,47,124,101,43"/><T117/><D117/><U40/><E118/><V102/><F0/><W79/><G124/><T28/><D39/><U119/><E119/><V16/><F109/><W56/><G101/><T48/><D108/><U97/><E134/><V112/><F112/><W52/><G18/><T121/><D135/><U89/><E107/><V84/><F73/><W113/><G113/><T2/><D2/><U122/><E122/><V53/><F63/><W14/><G14/><T44/><D128/><U69/><E10/><V34/><F12/><W116/><G116/><T67/><D121/><U115/><E115/><V64/><F64/><W60/><G68/><T132/><D132/><U3/><E3/><V46/><F46/><W86/><G74/><T130/><D50/><U85/><E19/><V133/><F27/><W123/><G123/><T42/><D42/><U92/><E40/><V126/><F126/><W4/><G4/><T5/><D5/><U1/><E37/><V95/><REACH who="2" step="1"/><F133/><REACH who="2" ten="250,250,240,250" step="2"/><W38/><REACH who="3" step="1"/><G56/><REACH who="3" ten="250,250,240,240" step="2"/><T17/><D130/><U129/><E129/><V13/><F13/><W78/><G78/><AGARI ba="0,2" hai="15,16,20,25,31,34,53,54,78,82,84,95,99,102" machi="78" ten="30,3900,0" yaku="1,1,7,1,54,1,53,0" doraHai="65" doraHaiUra="110" who="2" fromWho="3" sc="250,0,250,0,240,59,240,-39" /><INIT seed="1,0,0,3,2,32" ten="250,250,299,201" oya="1" hai0="108,66,29,104,122,118,100,81,134,115,46,6,87" hai1="9,3,19,101,18,11,36,14,20,120,119,54,107" hai2="59,40,106,82,113,114,57,72,27,13,65,56,22" hai3="16,67,90,49,1,25,42,94,121,28,128,98,91"/><U103/><E36/><V88/><F106/><W2/><G121/><T35/><D115/><N who="2" m="44042" /><F40/><W116/><G128/><T112/><D112/><U17/><E120/><V78/><F13/><W99/><G116/><T95/><D118/><U69/><E119/><V62/><F88/><W124/><G124/><T74/><D66/><U73/><E73/><V33/><F33/><W30/><G67/><T96/><D108/><U64/><E54/><V60/><F60/><W38/><G38/><T31/><D134/><U5/><E107/><V47/><F47/><W39/><G39/><T12/><D46/><U127/><E127/><V26/><F22/><W126/><G126/><T83/><D35/><U129/><E129/><V89/><F89/><W70/><G42/><T109/><D109/><U52/><E52/><V135/><F135/><W41/><G41/><T123/><D122/><U55/><E55/><V7/><F7/><W110/><G91/><N who="0" m="53759" /><D83/><U125/><E125/><V85/><F72/><W48/><G90/><T117/><D117/><U34/><E34/><V80/><F82/><W84/><G84/><T4/><D4/><U131/><E131/><V130/><F130/><W58/><G110/><T15/><D12/><U45/><E45/><V51/><F51/><W23/><G48/><T93/><D93/><U133/><E133/><V63/><F63/><W43/><G94/><T132/><D132/><U0/><E0/><V92/><F92/><W37/><G1/><T86/><D123/><U79/><E20/><V10/><F10/><W71/><G2/><T102/><D104/><U77/><E9/><RYUUKYOKU ba="0,0" sc="250,-10,250,-10,299,30,201,-10" hai2="26,27,56,57,59,62,65,78,80,85" /><INIT seed="2,1,0,3,0,94" ten="240,240,329,191" oya="2" hai0="98,92,45,111,39,40,73,58,54,117,2,122,48" hai1="84,96,37,13,118,69,124,114,0,80,3,133,130" hai2="76,107,59,41,50,35,75,115,134,109,83,105,103" hai3="6,30,97,77,42,95,106,9,99,4,91,100,19"/><V46/><F115/><W126/><G126/><T12/><D122/><U36/><E118/><V61/><F134/><W10/><G77/><T23/><D117/><U85/><E69/><V78/><F35/><W64/><G30/><T56/><D111/><U127/><E13/><V89/><F109/><W53/><G42/><T34/><D34/><U90/><E130/><V125/><F125/><W60/><G53/><T5/><D73/><U70/><E80/><V119/><F119/><W108/><G108/><T81/><D81/><U32/><E70/><V17/><F78/><W18/><G9/><T66/><D2/><U29/><E90/><V49/><F49/><W112/><G4/><T135/><D135/><U55/><E55/><V67/><F103/><W65/><G65/><T116/><D116/><U38/><E38/><V62/><F17/><W7/><G7/><T16/><D5/><U14/><E29/><V44/><F44/><W31/><G31/><T74/><D74/><U63/><E32/><V43/><F43/><W26/><G26/><T102/><REACH who="0" step="1"/><D66/><REACH who="0" ten="230,240,329,191" step="2"/><U79/><E0/><V24/><F75/><W82/><G112/><T132/><D132/><U15/><E3/><V52/><F83/><W28/><G82/><T1/><D1/><U121/><E133/><V131/><F67/><W33/><G33/><T27/><D27/><U20/><E114/><V21/><F24/><W104/><G6/><T51/><D51/><U123/><E79/><V22/><F76/><W93/><G64/><T8/><D8/><U86/><E127/><V120/><F120/><W47/><G10/><RYUUKYOKU ba="1,1" sc="230,30,240,-10,329,-10,191,-10" hai0="12,16,23,39,40,45,48,54,56,58,92,98,102" /><INIT seed="3,2,1,2,5,121" ten="260,230,319,181" oya="3" hai0="51,129,108,126,117,123,113,40,90,60,100,57,124" hai1="33,98,67,25,3,31,83,48,41,14,1,37,27" hai2="15,45,12,92,95,29,50,93,89,30,49,47,81" hai3="55,8,65,62,74,120,99,132,32,20,10,118,35"/><W94/><G118/><T86/><D117/><U54/><E14/><N who="2" m="5163" /><F81/><W103/><G120/><T96/><D123/><U4/><E27/><V119/><F89/><W9/><G74/><T23/><D23/><U85/><E67/><V122/><F122/><W105/><G132/><T56/><D129/><U131/><E131/><V42/><F119/><W22/><G22/><T109/><D51/><N who="2" m="19466" /><F42/><W36/><G36/><T13/><D13/><U68/><E68/><V84/><F84/><W17/><G55/><T76/><D76/><U97/><E41/><V52/><F52/><W88/><G17/><T82/><D40/><U79/><E37/><V134/><F134/><W24/><G24/><T19/><D19/><U53/><E53/><V66/><F66/><W125/><G20/><T71/><D71/><U5/><E1/><V2/><F2/><W116/><G116/><T127/><D113/><U34/><E34/><V75/><F75/><W39/><G39/><T133/><D133/><U112/><E112/><V6/><F6/><W130/><G130/><T7/><D7/><U72/><E72/><V111/><F111/><N who="0" m="42570" /><D60/><U115/><E115/><V43/><F43/><W135/><G135/><T46/><D46/><AGARI ba="2,1" hai="29,30,45,46,47,92,93,95" m="19466,5163" machi="46" ten="30,3900,0" yaku="28,2,8,1" doraHai="121" who="2" fromWho="0" sc="260,-45,230,0,319,55,181,0" /><INIT seed="4,0,0,3,0,91" ten="215,230,374,181" oya="0" hai0="66,53,60,18,117,20,68,112,129,9,108,0,33" hai1="104,74,12,125,102,123,119,121,89,126,61,29,30" hai2="36,8,114,38,118,134,76,46,99,65,25,113,13" hai3="132,54,93,75,70,23,80,122,58,87,43,31,59"/><T16/><D112/><U72/><E61/><V82/><F134/><W1/><G70/><T135/><D135/><U5/><E12/><V56/><F118/><W19/><G132/><T90/><D117/><U11/><E11/><V34/><F99/><W62/><G1/><T133/><D133/><U6/><E89/><V85/><F46/><W51/><G75/><N who="1" m="28714" /><E102/><V96/><F96/><W45/><G122/><N who="1" m="46602" /><E104/><V3/><F3/><W105/><G31/><N who="1" m="11786" /><E119/><V48/><F13/><W79/><G105/><T24/><D18/><U44/><E44/><V107/><F8/><W52/><G93/><T71/><D71/><U4/><AGARI ba="0,0" hai="4,5,6,125,126" m="11786,46602,28714" machi="4" ten="40,2700,0" yaku="28,2" doraHai="91" who="1" fromWho="1" sc="215,-13,230,27,374,-7,181,-7" /><INIT seed="5,0,0,5,1,36" ten="202,257,367,174" oya="1" hai0="88,64,15,42,78,101,20,114,49,119,32,10,29" hai1="62,41,131,76,43,12,51,132,133,24,23,17,104" hai2="130,58,94,52,77,74,1,4,25,89,34,75,28" hai3="96,85,91,14,44,46,8,126,11,65,45,13,90"/><U117/><E117/><V81/><F130/><W39/><G126/><T47/><D119/><U80/><E104/><V116/><F116/><W109/><G109/><T115/><D78/><U63/><E131/><V120/><F120/><W122/><G122/><T16/><D101/><U27/><E51/><V112/><F112/><W6/><G65/><T93/><D64/><U38/><E38/><V61/><F4/><W87/><G39/><T111/><D32/><U127/><E127/><V18/><F1/><W83/><G96/><T66/><D66/><U73/><E24/><V113/><F113/><N who="0" m="43018" /><D111/><U99/><E99/><V121/><F121/><W9/><REACH who="3" step="1"/><G6/><REACH who="3" ten="202,257,367,164" step="2"/><T84/><D29/><U70/><E70/><V67/><F67/><W86/><G86/><T19/><D19/><U128/><E128/><V50/><F18/><W35/><G35/><T134/><D134/><N who="1" m="51819" /><E27/><V7/><F7/><W97/><G97/><T2/><D2/><U129/><E129/><V0/><F0/><W21/><G21/><AGARI ba="0,1" hai="10,15,16,20,21,42,47,49,84,88,93" m="43018" machi="21" ten="30,7700,0" yaku="15,1,52,1,54,2" doraHai="36" who="0" fromWho="3" sc="202,87,257,0,367,0,164,-77" /><INIT seed="6,0,0,0,1,55" ten="289,257,367,87" oya="2" hai0="92,128,22,63,101,81,64,13,104,102,51,1,45" hai1="67,15,42,109,130,74,62,123,103,84,133,29,97" hai2="4,85,66,49,86,18,124,40,46,100,12,94,38" hai3="131,25,98,52,77,16,96,106,47,126,32,41,58"/><V70/><F124/><W82/><G131/><T79/><D1/><U28/><E74/><V105/><F105/><W95/><G126/><T75/><D104/><U59/><E109/><V125/><F125/><W7/><G7/><T27/><D128/><U76/><E130/><V50/><F4/><W80/><G106/><T99/><D13/><U110/><E110/><V36/><F36/><W54/><G54/><T88/><D51/><U5/><E42/><V2/><F2/><W90/><G98/><T118/><D45/><U111/><E133/><V3/><F3/><W17/><G32/><T116/><D118/><U87/><E123/><V26/><F26/><W114/><G114/><T33/><D33/><U43/><E43/><V134/><F70/><W91/><G91/><T68/><REACH who="0" step="1"/><D116/><REACH who="0" ten="279,257,367,87" step="2"/><U53/><E15/><V44/><F49/><N who="3" m="26863" /><G25/><T122/><D122/><U20/><E111/><V21/><F46/><W93/><G93/><T120/><D120/><U119/><E119/><V24/><F24/><W30/><G30/><AGARI ba="0,1" hai="22,27,30,63,64,68,75,79,81,88,92,99,101,102" machi="30" ten="30,7700,0" yaku="1,1,7,1,54,1,53,1" doraHai="55" doraHaiUra="72" who="0" fromWho="3" sc="279,87,257,0,367,0,87,-77" /><INIT seed="7,0,0,1,3,104" ten="366,257,367,10" oya="3" hai0="103,119,93,45,120,94,35,65,109,135,74,63,39" hai1="30,95,122,83,36,110,133,27,2,84,113,22,70" hai2="59,97,37,32,48,99,78,86,66,50,41,87,68" hai3="114,125,106,128,75,28,82,108,44,15,102,38,132"/><W5/><G28/><T26/><D109/><U51/><E51/><V76/><F32/><W61/><G108/><T130/><D74/><U90/><E22/><V16/><F68/><W73/><G61/><T123/><D119/><U53/><E53/><N who="2" m="32167" /><F37/><W18/><G5/><T25/><D45/><U24/><E90/><V88/><F66/><W67/><G67/><T1/><D1/><U4/><E95/><N who="0" m="36361" /><D103/><U17/><E27/><N who="0" m="10249" /><D35/><U10/><E17/><V12/><F99/><N who="3" m="61791" /><G82/><T96/><D96/><U21/><E83/><N who="2" m="49247" /><F97/><W72/><G114/><T117/><D39/><U71/><E113/><V55/><F41/><N who="3" m="22583" /><G125/><T131/><D117/><U14/><E110/><V56/><F87/><W124/><G124/><T100/><D100/><U64/><E64/><V8/><AGARI ba="0,0" hai="8,12,16,50,55,56,76,78" m="49247,32167" machi="8" ten="30,4000,0" yaku="8,1,54,2" doraHai="104" who="2" fromWho="2" sc="366,-10,257,-10,367,40,10,-20" owari="356,15.6,247,-15.3,407,50.7,-10,-51.0" /></mjloggm>