<mjloggm ver="2.3"><GO type="169" lobby="0"/><UN n0="%E3%81%82%E3%81%95%E3%81%B4%E3%82%93%EF%BC%A0%EF%BD%8D%EF%BD%8A" n1="%74%2E%6F%2E%6F%2E%73" n2="%E5%B0%8F%E6%B1%A0%E7%BE%8E%E6%B3%A2%E2%8A%BF" n3="%52%59%4F%40%53%53" dan="18,17,16,17" rate="2278.81,2122.41,2193.11,2148.28" sx="M,M,M,M"/><TAIKYOKU oya="0"/><INIT seed="0,0,0,1,0,22" ten="250,250,250,250" oya="0" hai0="16,54,134,82,90,12,117,59,34,7,64,58,47" hai1="132,28,49,128,36,48,133,3,135,72,38,81,44" hai2="61,1,109,25,91,69,86,37,15,125,89,121,73" hai3="114,8,30,63,99,98,120,13,66,4,2,85,78"/><T40/><D117/><U130/><E3/><V87/><F73/><W57/><G114/><T23/><D34/><U102/><E102/><V21/><F1/><W35/><G120/><T104/><D104/><U123/><E28/><V108/><F121/><W33/><G2/><T88/><D134/><U70/><E72/><V83/><F37/><N who="1" m="14441" /><E81/><V6/><F125/><W24/><REACH who="3" step="1"/><G35/><REACH who="3" ten="250,250,250,240" step="2"/><T50/><D7/><U119/><E123/><V103/><F6/><W20/><G20/><T53/><D64/><U42/><E119/><V76/><F109/><W111/><G111/><T97/><D97/><U74/><E74/><V56/><F108/><W52/><G52/><N who="0" m="20075" /><D82/><AGARI ba="0,1" hai="4,8,13,24,30,33,57,63,66,78,82,85,98,99" machi="82" ten="40,2600,0" yaku="1,1,52,1,53,0" doraHai="22" doraHaiUra="17" who="3" fromWho="0" sc="250,-26,250,0,250,0,240,36" /><INIT seed="1,0,0,2,0,5" ten="224,250,250,276" oya="1" hai0="102,110,123,95,4,46,12,50,72,133,59,120,69" hai1="103,23,109,114,25,40,87,98,93,62,106,79,36" hai2="35,101,9,58,105,16,15,53,32,67,70,80,6" hai3="55,130,51,30,13,68,27,66,7,118,19,54,115"/><U124/><E114/><V11/><F105/><W86/><G115/><T83/><D69/><U21/><E124/><V121/><F101/><W117/><G7/><T99/><D110/><U96/><E109/><V84/><F121/><N who="0" m="46666" /><D133/><U75/><E62/><V57/><F67/><W78/><G130/><T61/><D72/><U91/><E98/><V116/><F70/><W135/><G135/><T45/><D83/><U60/><E60/><V126/><F126/><W64/><G55/><N who="0" m="32247" /><D61/><U129/><E129/><V14/><F116/><W2/><G68/><T132/><D132/><U111/><E111/><V112/><F112/><W63/><G63/><T26/><D26/><U107/><E107/><V17/><F6/><W108/><G108/><T31/><D31/><U43/><E36/><V22/><F22/><W29/><G29/><T125/><D125/><U127/><E21/><V113/><F113/><W74/><G74/><T18/><D4/><U100/><E100/><V8/><F8/><AGARI ba="0,0" hai="8,12,18,45,46,95,99,102" m="32247,46666" machi="8" ten="30,2000,0" yaku="13,1,52,1" doraHai="5" who="0" fromWho="2" sc="224,20,250,0,250,-20,276,0" /><INIT seed="2,0,0,1,1,53" ten="244,250,230,276" oya="2" hai0="132,100,79,93,12,77,46,38,72,39,44,81,57" hai1="29,62,67,107,70,94,120,68,125,75,82,119,59" hai2="123,64,15,116,88,69,90,89,83,50,130,0,96" hai3="86,106,1,71,37,135,24,9,41,74,14,66,115"/><V121/><F116/><W127/><G74/><T48/><D132/><U27/><E119/><V6/><F0/><W78/><G106/><T128/><D128/><U2/><E107/><V3/><F3/><W133/><G1/><T105/><D105/><U92/><E2/><V65/><F130/><W122/><G122/><T23/><D79/><U17/><E125/><V113/><F113/><W28/><G127/><T99/><D46/><U95/><E17/><V80/><F96/><W10/><G115/><T118/><D118/><U47/><E47/><V36/><F36/><W84/><G9/><T16/><REACH who="0" step="1"/><D57/><REACH who="0" ten="234,250,230,276" step="2"/><U25/><E120/><V13/><F123/><W7/><G78/><T97/><D97/><U98/><E98/><V101/><F121/><W26/><G135/><T30/><D30/><U55/><E29/><V33/><F69/><W102/><G28/><T22/><D22/><U8/><E70/><V76/><F33/><W20/><G133/><T108/><D108/><U49/><E8/><V114/><F76/><W60/><G20/><T58/><D58/><U52/><E68/><V109/><F114/><W43/><G71/><T129/><D129/><U91/><E75/><V31/><F109/><W56/><G56/><T110/><D110/><U117/><E117/><V45/><F31/><W40/><G10/><T124/><D124/><U4/><E59/><V54/><F45/><W35/><G35/><T104/><D104/><U32/><E32/><V51/><F64/><W61/><G66/><T42/><AGARI ba="0,1" hai="12,16,23,38,39,42,44,48,72,77,81,93,99,100" machi="42" ten="20,5200,0" yaku="1,1,0,1,7,1,54,1,53,0" doraHai="53" doraHaiUra="21" who="0" fromWho="0" sc="234,62,250,-13,230,-26,276,-13" /><INIT seed="3,0,0,3,5,30" ten="296,237,204,263" oya="3" hai0="9,79,1,100,80,65,37,39,77,111,18,63,45" hai1="96,52,6,103,101,56,92,74,36,22,86,84,75" hai2="98,32,109,41,11,20,87,46,85,133,115,57,78" hai3="102,7,50,120,8,35,99,81,129,70,24,5,126"/><W68/><G120/><T106/><D111/><U19/><E36/><V124/><F115/><W53/><G126/><T122/><D122/><U67/><E74/><V59/><F109/><W33/><G81/><T12/><D1/><U25/><E75/><V54/><F133/><W27/><G129/><T121/><D121/><U90/><E67/><V17/><F32/><W114/><G114/><T72/><D79/><U48/><E6/><V2/><F59/><W93/><G27/><T82/><D82/><U34/><E34/><V55/><F55/><W3/><G5/><T26/><D45/><U47/><E47/><V108/><F108/><W107/><G107/><T95/><D106/><U118/><E118/><V97/><F11/><W73/><G73/><T44/><D44/><U60/><E48/><N who="2" m="26703" /><F2/><W4/><G4/><T130/><D130/><U112/><E112/><V110/><F78/><W132/><G132/><T83/><D83/><U28/><E28/><V61/><F124/><W127/><G127/><T0/><D0/><U104/><E104/><V128/><F128/><W66/><G24/><T31/><D100/><AGARI ba="0,0" hai="19,22,25,52,56,60,84,86,90,92,96,100,101,103" machi="100" ten="40,8000,1" yaku="25,2,8,1,54,1" doraHai="30" who="1" fromWho="0" sc="296,-80,237,80,204,0,263,0" /><INIT seed="4,0,0,1,5,77" ten="216,317,204,263" oya="0" hai0="36,111,56,1,57,14,30,10,81,74,58,44,40" hai1="18,68,113,71,63,39,16,96,26,90,95,31,4" hai2="124,114,50,47,115,12,118,72,6,49,109,61,130" hai3="32,41,106,129,135,120,54,11,87,102,67,8,88"/><T25/><D111/><U99/><E39/><V107/><F72/><W64/><G32/><T22/><D1/><U110/><E110/><V43/><F109/><W104/><G129/><T101/><D101/><U65/><E113/><V131/><F107/><W121/><G41/><T70/><D70/><U116/><E116/><V91/><F91/><W5/><G54/><T51/><D36/><U15/><E71/><V100/><F100/><W55/><G55/><T97/><D97/><U122/><E122/><N who="3" m="47210" /><G11/><T79/><REACH who="0" step="1"/><D58/><REACH who="0" ten="206,317,204,263" step="2"/><U19/><E99/><V3/><F3/><N who="3" m="63" /><G135/><T60/><D60/><U62/><E63/><V28/><F61/><W59/><G59/><T78/><D78/><U84/><E96/><V89/><F118/><W126/><G102/><T75/><D75/><U45/><E45/><V134/><F134/><W123/><G123/><T117/><D117/><U80/><E62/><V48/><F89/><W33/><G67/><T86/><D86/><U112/><E65/><V37/><F131/><W128/><G64/><T92/><D92/><U119/><E68/><V27/><F130/><W46/><G46/><T108/><D108/><U17/><E95/><V66/><F66/><W7/><G128/><T20/><D20/><U103/><E103/><V13/><F115/><W98/><G98/><T94/><D94/><U34/><E119/><V82/><F114/><W38/><G38/><T93/><D93/><U21/><E112/><V35/><F37/><W83/><G87/><T53/><D53/><U9/><N who="1" m="4096" /><DORA hai="132" /><U69/><E69/><V23/><F47/><W133/><G133/><RYUUKYOKU ba="0,1" sc="206,15,317,15,204,-15,263,-15" hai0="10,14,22,25,30,40,44,51,56,57,74,79,81" hai1="4,9,15,21,26,31,34,80,84,90" /><INIT seed="4,1,1,5,2,79" ten="221,332,189,248" oya="0" hai0="127,81,77,82,124,56,85,51,116,84,104,121,21" hai1="9,73,103,135,22,99,63,32,134,101,111,7,53" hai2="52,12,74,2,69,105,90,122,109,130,46,39,65" hai3="78,80,125,102,70,31,33,10,59,91,66,114,3"/><T96/><D21/><U132/><E111/><V47/><F2/><W5/><G59/><T86/><D51/><U115/><E32/><V23/><F105/><W62/><G91/><T119/><D56/><N who="1" m="35215" /><E73/><V1/><F1/><W94/><G94/><T87/><D121/><U64/><E115/><V107/><F107/><W54/><G54/><T49/><D49/><U83/><E83/><V43/><F74/><N who="3" m="43095" /><G102/><N who="0" m="62535" /><D82/><U38/><E38/><V112/><F109/><W129/><G114/><T133/><D133/><U110/><E110/><V0/><F112/><W98/><G98/><T95/><D95/><U6/><E64/><V35/><F65/><W29/><G29/><T58/><D58/><U45/><E45/><V120/><F47/><W108/><G108/><T113/><D113/><U89/><E22/><V11/><F23/><W27/><G125/><AGARI ba="1,1" hai="77,81,84,85,86,87,116,119,124,125,127" m="62535" machi="125" ten="30,11600,0" yaku="18,1,34,2,52,1" doraHai="79" who="0" fromWho="3" sc="221,129,332,0,189,0,248,-119" /><INIT seed="4,2,0,4,5,114" ten="350,332,189,129" oya="0" hai0="52,75,89,32,84,88,2,127,7,111,19,5,45" hai1="53,15,129,39,135,3,37,4,74,134,105,41,16" hai2="104,132,73,112,27,47,44,66,18,128,49,38,6" hai3="56,82,29,130,54,78,76,63,0,35,118,99,110"/><T25/><D75/><U90/><E105/><V107/><F73/><W124/><G0/><T117/><D117/><U125/><E74/><V17/><F112/><W97/><G110/><T83/><D127/><U80/><E125/><V94/><F128/><W102/><G124/><T87/><D111/><U42/><E129/><V69/><F132/><N who="1" m="50729" /><E53/><V91/><F6/><W14/><G130/><T33/><D19/><U92/><E80/><V13/><F66/><W85/><G118/><T8/><D7/><U133/><E133/><V113/><F69/><W67/><G35/><T58/><D45/><U60/><E60/><V72/><F72/><W24/><G14/><T131/><D25/><U21/><E4/><V62/><F62/><W26/><G78/><T65/><D65/><U116/><E3/><V12/><F27/><W98/><G26/><T106/><D106/><U77/><E77/><V115/><F107/><W81/><G81/><T121/><D121/><U122/><E122/><V11/><F104/><W93/><REACH who="3" step="1"/><G54/><REACH who="3" ten="350,332,189,119" step="2"/><T126/><D126/><U59/><E116/><V79/><F79/><W34/><AGARI ba="2,1" hai="24,29,34,56,63,67,76,82,85,93,97,98,99,102" machi="34" ten="20,5200,0" yaku="1,1,2,1,0,1,7,1,53,0" doraHai="114" doraHaiUra="50" who="3" fromWho="3" sc="350,-28,332,-15,189,-15,119,68" /><INIT seed="5,0,0,1,2,18" ten="322,317,174,187" oya="1" hai0="45,134,119,81,110,58,5,69,68,26,50,55,62" hai1="11,10,28,130,49,7,106,101,128,122,91,132,114" hai2="64,72,35,127,131,70,54,53,80,48,105,42,112" hai3="79,41,77,87,29,76,65,135,38,109,15,115,66"/><U73/><E73/><V30/><F131/><N who="1" m="50217" /><E91/><V1/><F1/><W82/><G109/><T67/><D110/><U113/><E49/><V47/><F127/><W60/><G135/><T90/><D134/><U6/><E101/><V108/><F108/><W75/><G115/><N who="1" m="44042" /><E106/><V21/><F112/><W104/><G104/><T57/><D69/><U89/><E89/><V31/><F105/><W99/><G99/><T9/><D119/><U120/><E28/><V94/><F94/><W100/><G100/><T32/><D90/><U51/><E51/><V59/><F72/><W20/><G75/><T61/><D81/><U33/><E33/><V36/><F80/><W63/><G41/><T103/><D103/><U125/><E125/><V0/><F35/><W8/><G38/><T123/><D62/><N who="3" m="23593" /><G77/><T40/><D40/><U102/><E102/><V97/><F42/><W23/><G29/><T39/><D39/><U43/><E132/><V107/><F31/><W78/><G78/><T25/><D32/><U98/><E98/><V4/><F97/><W117/><G117/><T2/><D68/><U124/><E124/><V93/><F107/><W24/><G79/><T22/><D61/><U85/><E85/><V74/><F70/><W118/><G118/><T126/><D126/><U83/><E83/><V92/><F74/><W17/><G66/><T56/><D67/><U13/><E43/><V46/><F64/><W12/><G65/><T19/><D50/><U129/><N who="1" m="50225" /><U14/><AGARI ba="0,0" hai="6,7,10,11,13,14,120,122" m="44042,50225" machi="14" ten="50,12000,1" yaku="4,1,19,1,15,1,34,2" doraHai="18" who="1" fromWho="1" sc="322,-40,317,120,174,-40,187,-40" /><INIT seed="5,1,0,0,3,61" ten="282,437,134,147" oya="1" hai0="8,104,56,60,74,100,128,52,85,46,92,26,0" hai1="105,108,53,84,93,24,129,3,54,79,29,78,99" hai2="81,103,112,102,73,23,40,48,14,41,76,1,123" hai3="38,18,101,106,33,22,114,19,25,115,32,91,17"/><U80/><E3/><V16/><F123/><W64/><G38/><T125/><D74/><U43/><E129/><V89/><F1/><W95/><G101/><T35/><D128/><U49/><E108/><V94/><F112/><N who="3" m="43051" /><G106/><T119/><D119/><U27/><E105/><V12/><F12/><W62/><G91/><T44/><D104/><U77/><E43/><V58/><F41/><W131/><G95/><T2/><D125/><U82/><E29/><V55/><REACH who="2" step="1"/><F40/><REACH who="2" ten="282,437,124,147" step="2"/><W47/><G131/><T4/><D0/><U57/><E24/><V10/><F10/><W45/><G33/><T30/><D8/><U15/><E15/><V13/><F13/><W39/><G32/><T117/><D2/><U36/><E27/><V68/><F68/><N who="3" m="42007" /><G39/><T110/><D35/><U107/><E36/><V20/><F20/><W59/><G59/><T42/><D56/><U130/><E57/><V120/><F120/><W87/><G87/><AGARI ba="1,1" hai="14,16,23,48,55,58,73,76,81,87,89,94,102,103" machi="87" ten="30,8000,1" yaku="1,1,7,1,25,2,54,1,53,0" doraHai="61" doraHaiUra="69" who="2" fromWho="3" sc="282,0,437,0,124,93,147,-83" /><INIT seed="6,0,0,5,5,73" ten="282,437,217,64" oya="2" hai0="37,84,40,2,17,30,42,61,62,106,109,111,135" hai1="108,7,112,6,126,81,101,20,43,78,59,33,18" hai2="114,51,66,16,10,3,47,131,39,98,100,55,87" hai3="119,96,107,36,86,32,89,53,92,44,58,127,46"/><V23/><F114/><W129/><G119/><T117/><D106/><U69/><E108/><V45/><F131/><W116/><G116/><T22/><D2/><U125/><E69/><V29/><F66/><W0/><G129/><T113/><D117/><U28/><E112/><V60/><F60/><W110/><G0/><T31/><D113/><U26/><E101/><V67/><F67/><W34/><G110/><T38/><D84/><N who="1" m="48183" /><E59/><V35/><F87/><W65/><G65/><T99/><D99/><U91/><E91/><V12/><F39/><W95/><G107/><T132/><D22/><U79/><E79/><V121/><F121/><W71/><G71/><T11/><D11/><U1/><E1/><V24/><F47/><W13/><G127/><N who="1" m="48650" /><E43/><V93/><REACH who="2" step="1"/><F3/><REACH who="2" ten="282,437,207,64" step="2"/><W133/><G36/><T80/><D62/><U130/><E130/><V103/><F103/><W123/><G123/><T49/><D61/><U48/><E48/><V77/><F77/><W14/><G46/><T5/><D49/><U120/><E120/><V94/><F94/><W124/><G44/><T82/><D38/><U128/><E128/><V56/><F56/><W74/><G124/><T90/><D37/><U52/><E52/><V104/><F104/><W122/><G74/><T102/><D102/><U25/><AGARI ba="0,1" hai="6,7,18,20,25,26,28,33" m="48650,48183" machi="25" ten="30,2000,0" yaku="18,1,52,1" doraHai="73" who="1" fromWho="1" sc="282,-5,437,30,207,-10,64,-5" /><INIT seed="7,0,0,1,2,104" ten="277,467,197,59" oya="3" hai0="57,23,102,7,48,61,114,82,16,127,8,63,35" hai1="95,53,33,21,70,133,79,123,130,96,56,89,11" hai2="59,30,124,43,113,2,98,1,0,68,24,4,51" hai3="64,18,47,88,109,12,45,58,72,42,107,32,110"/><W49/><G107/><T14/><D35/><U46/><E33/><V105/><F68/><W126/><G32/><T39/><D39/><U71/><E130/><V115/><F124/><W65/><G126/><T77/><D127/><U99/><E133/><V106/><F4/><W118/><G118/><T85/><D114/><N who="2" m="43530" /><F98/><W27/><G27/><T62/><D102/><U15/><E21/><N who="2" m="15631" /><F59/><W74/><G88/><T6/><D48/><U120/><E53/><V78/><F78/><W135/><G135/><T108/><D108/><N who="3" m="41577" /><G47/><AGARI ba="0,0" hai="0,1,2,43,47,51,105,106" m="15631,43530" machi="47" ten="40,1300,0" yaku="15,1" doraHai="104" who="2" fromWho="3" sc="277,0,467,0,197,13,59,-13" owari="277,7.7,467,56.7,210,-19.0,46,-45.4" /></mjloggm>