<mjloggm ver="2.3"><GO type="169" lobby="0"/><UN n0="%E3%83%87%E3%83%A9%E3%82%B3%E3%83%83%E3%82%B3" n1="%E3%81%A1%E3%82%83%E3%81%B0%E3%82%8A%E3%83%BC%E3%82%84" n2="%42%42%E3%81%A7%E3%81%99%E3%80%82" n3="%68%69%73%61%74%6F%E6%A3%92" dan="16,16,17,16" rate="2178.51,2128.73,2172.25,2128.69" sx="M,M,M,M"/><TAIKYOKU oya="0"/><INIT seed="0,0,0,0,3,47" ten="250,250,250,250" oya="0" hai0="87,109,25,44,116,40,42,133,41,3,82,106,16" hai1="29,123,81,9,121,91,75,93,15,129,79,0,70" hai2="55,110,112,19,45,60,1,108,56,5,24,17,96" hai3="130,94,65,105,90,32,89,76,86,80,61,30,95"/><T101/><D116/><U115/><E129/><V125/><F112/><W53/><G30/><T73/><D73/><U23/><E115/><V13/><F125/><W99/><G32/><T54/><D3/><U77/><E70/><V11/><F24/><W74/><G53/><T14/><D133/><U48/><E77/><V31/><F31/><W18/><G18/><T22/><D109/><U39/><E39/><V69/><F69/><W36/><G36/><T114/><D114/><U50/><E0/><V113/><F113/><W20/><G20/><T135/><D135/><U104/><E104/><V59/><F45/><W102/><G61/><T4/><D106/><U43/><E43/><V98/><F59/><W66/><G130/><T64/><D101/><U118/><E118/><V122/><F19/><W6/><G6/><T126/><D126/><U103/><E103/><V72/><F72/><W35/><G35/><T132/><D132/><U131/><E131/><V92/><F122/><W10/><G10/><N who="0" m="4423" /><D64/><U7/><E123/><V84/><F84/><AGARI ba="0,0" hai="65,66,74,76,80,84,86,89,90,94,95,99,102,105" machi="84" ten="30,7700,0" yaku="7,1,9,1,24,2" doraHai="47" who="3" fromWho="2" sc="250,0,250,0,250,-77,250,77" /><INIT seed="1,0,0,0,2,50" ten="250,250,173,327" oya="1" hai0="95,61,38,55,9,125,63,37,123,62,34,107,115" hai1="59,3,56,83,102,36,119,128,39,133,71,29,53" hai2="86,79,1,6,118,91,17,104,82,40,76,27,84" hai3="111,68,121,23,106,129,131,25,87,20,116,45,11"/><U105/><E3/><V110/><F118/><W93/><G106/><T94/><D115/><U134/><E29/><V44/><F104/><W99/><G68/><T89/><D107/><U92/><E105/><V64/><F110/><W74/><G74/><T26/><D125/><U22/><E22/><V97/><F64/><W41/><G87/><T80/><D123/><U130/><E83/><V77/><F97/><W35/><G11/><T15/><D80/><U132/><E92/><V31/><F17/><W81/><G81/><T69/><D69/><U14/><E14/><V114/><F114/><W65/><G65/><T12/><D34/><U70/><E102/><V48/><F1/><W72/><G72/><T51/><D26/><U60/><E59/><V13/><F86/><W43/><G111/><T54/><D95/><U85/><E85/><V46/><F46/><W135/><G116/><T90/><D90/><U10/><E10/><N who="2" m="4311" /><F91/><W67/><G45/><T98/><D15/><U78/><E78/><V8/><F8/><W30/><G121/><T19/><REACH who="0" step="1"/><D51/><REACH who="0" ten="240,250,173,327" step="2"/><U124/><E119/><V109/><F109/><W66/><G35/><AGARI ba="0,1" hai="27,31,35,40,44,48,76,77,79,82,84" m="4311" machi="35" ten="30,1000,0" yaku="25,1" doraHai="50" who="2" fromWho="3" sc="240,0,250,0,173,20,327,-10" /><INIT seed="2,0,0,5,1,82" ten="240,250,193,317" oya="2" hai0="49,120,61,17,31,4,64,48,65,50,80,34,124" hai1="22,19,133,83,10,72,57,15,35,126,104,89,119" hai2="94,106,103,77,108,28,62,32,27,14,113,41,84" hai3="69,97,21,127,99,11,81,47,3,111,26,30,23"/><V121/><F113/><W76/><G69/><T85/><D120/><U73/><E119/><V123/><F41/><W18/><G111/><T87/><D124/><U125/><E35/><V45/><F108/><W2/><G47/><T74/><D4/><U59/><E104/><V135/><F135/><W110/><G127/><N who="1" m="48650" /><E133/><V66/><F45/><W52/><G11/><T91/><D74/><N who="1" m="28779" /><E22/><V98/><F14/><W44/><G110/><T53/><D34/><U79/><E89/><N who="2" m="53543" /><F77/><W107/><G107/><T20/><D31/><U9/><E9/><V101/><F101/><W51/><G2/><T134/><D134/><U60/><E60/><V54/><F54/><W24/><G3/><T105/><D105/><U128/><E128/><V116/><F116/><W130/><G130/><T131/><D131/><U13/><E15/><V90/><F90/><W36/><G36/><T56/><REACH who="0" step="1"/><D87/><AGARI ba="0,0" hai="10,13,19,57,59,79,83,87" m="28779,48650" machi="87" ten="30,2000,0" yaku="18,1,52,1" doraHai="82" who="1" fromWho="0" sc="240,-20,250,20,193,0,317,0" /><AGARI ba="0,0" hai="18,21,23,24,26,30,44,51,52,76,81,87,97,99" machi="87" ten="30,7700,0" yaku="7,1,8,1,52,1,54,1" doraHai="82" who="3" fromWho="0" sc="220,-77,270,0,193,0,317,77" /><INIT seed="3,0,0,0,0,59" ten="143,270,193,394" oya="3" hai0="46,32,39,100,74,91,115,61,118,116,130,96,29" hai1="60,113,112,102,17,109,111,99,10,89,107,78,92" hai2="125,19,69,84,103,129,31,81,62,20,8,41,131" hai3="73,26,21,76,11,27,15,30,55,33,93,66,7"/><W97/><G76/><T65/><D130/><N who="2" m="49674" /><F125/><W57/><G66/><T120/><D120/><U134/><E17/><V123/><F123/><W9/><G73/><T34/><D91/><U86/><E10/><V124/><F124/><W48/><G11/><T121/><D121/><U72/><E60/><V67/><F41/><W110/><G110/><N who="1" m="41994" /><E134/><V87/><F103/><W101/><G27/><T94/><D115/><U42/><E42/><V25/><F81/><AGARI ba="0,0" hai="72,78,81,86,89,92,99,102,107,112,113" m="41994" machi="81" ten="30,7700,0" yaku="24,1,14,1,34,2" doraHai="59" who="1" fromWho="2" sc="143,0,270,77,193,-77,394,0" /><INIT seed="4,0,0,3,4,75" ten="143,347,116,394" oya="0" hai0="48,127,85,29,50,41,55,32,129,130,118,88,30" hai1="49,39,100,15,20,126,86,0,82,18,76,57,27" hai2="133,58,135,119,35,9,102,47,67,34,89,26,74" hai3="45,56,4,98,73,121,78,37,87,19,72,28,114"/><T11/><D118/><U38/><E126/><V53/><F119/><W43/><G114/><T107/><D107/><U62/><E0/><V70/><F74/><W131/><G28/><T33/><D127/><U93/><E49/><V25/><F102/><W59/><G131/><N who="0" m="50187" /><D11/><U99/><REACH who="1" step="1"/><E27/><REACH who="1" ten="143,337,116,394" step="2"/><V109/><F26/><W71/><G37/><T104/><D48/><U60/><E60/><V123/><F25/><W17/><G121/><T69/><D41/><U122/><E122/><V110/><F123/><W132/><G43/><T96/><D29/><U14/><E14/><V66/><F110/><W113/><G113/><T61/><D30/><U42/><E42/><V52/><F109/><W23/><G132/><T80/><D61/><U10/><E10/><V101/><F9/><W5/><G5/><T6/><D6/><U108/><E108/><V111/><F111/><W106/><G4/><T51/><D51/><U103/><E103/><V31/><F31/><W112/><G112/><T3/><D3/><U1/><E1/><V16/><F135/><W2/><G2/><T12/><D12/><U64/><AGARI ba="0,1" hai="15,18,20,38,39,57,62,64,76,82,86,93,99,100" machi="64" ten="20,5200,0" yaku="1,1,0,1,7,1,52,1,53,0" doraHai="75" doraHaiUra="46" who="1" fromWho="1" sc="143,-26,337,62,116,-13,394,-13" /><INIT seed="5,0,0,3,4,73" ten="117,399,103,381" oya="1" hai0="104,117,63,50,20,10,131,98,65,51,103,64,124" hai1="42,6,44,67,115,128,105,122,129,69,35,101,62" hai2="55,78,7,99,126,96,61,95,36,26,90,49,21" hai3="74,16,17,135,72,89,5,18,28,77,53,14,46"/><U8/><E122/><V106/><F36/><W97/><G28/><T52/><D117/><U41/><E115/><V88/><F126/><W33/><G33/><T130/><D124/><U39/><E41/><V80/><F7/><W108/><G135/><T75/><D75/><U29/><E8/><V113/><F113/><W66/><G66/><T119/><D119/><U15/><E15/><V31/><F61/><W107/><G5/><T23/><D10/><U11/><E11/><V48/><F55/><W120/><G74/><T112/><D112/><U84/><E84/><N who="2" m="48151" /><F106/><W109/><G120/><T19/><D50/><N who="2" m="19562" /><F99/><W38/><G38/><T37/><D37/><U30/><E6/><V81/><F81/><W25/><G25/><T2/><D2/><U123/><E123/><V60/><F60/><W32/><G32/><T118/><D118/><U86/><E86/><V85/><F85/><W111/><G14/><T92/><D104/><U116/><E116/><V40/><F40/><W59/><G46/><T125/><D125/><U1/><E1/><V57/><F57/><W94/><G107/><T45/><D63/><U43/><E43/><V82/><F82/><W102/><G72/><T12/><REACH who="0" step="1"/><D23/><REACH who="0" ten="107,399,103,381" step="2"/><U9/><E35/><V47/><F47/><W121/><G121/><T87/><D87/><U133/><E105/><V71/><F71/><W0/><G0/><T93/><D93/><U100/><E69/><V91/><AGARI ba="0,1" hai="21,26,31,88,90,91,95,96" m="19562,48151" machi="91" ten="30,4000,0" yaku="8,1,52,1,54,1" doraHai="73" who="2" fromWho="2" sc="107,-10,399,-20,103,50,381,-10" /><INIT seed="6,0,0,3,0,17" ten="97,379,153,371" oya="2" hai0="56,24,128,47,45,8,35,122,131,85,66,94,7" hai1="14,96,10,59,135,12,0,28,63,23,51,15,37" hai2="3,99,71,133,50,74,102,25,86,116,78,64,36" hai3="22,90,34,119,130,110,72,6,103,2,114,93,106"/><V87/><F36/><W43/><G43/><T58/><D122/><U134/><E37/><V89/><F3/><W11/><G110/><T21/><D35/><U105/><E51/><V125/><F116/><W92/><G34/><T117/><D117/><U82/><E82/><V68/><F64/><W95/><G72/><T121/><D121/><U115/><E115/><V104/><F87/><W61/><G130/><T67/><D67/><U98/><E0/><V29/><F125/><W39/><G39/><T20/><D24/><N who="1" m="16415" /><E10/><V19/><F50/><W55/><G106/><T60/><D58/><U31/><E31/><V57/><F29/><W108/><G103/><T120/><D120/><U16/><E16/><V84/><F57/><W38/><G38/><T75/><D75/><U62/><E105/><V112/><F104/><W46/><G108/><T100/><D128/><U101/><E101/><V123/><F102/><W13/><G61/><N who="1" m="23050" /><E59/><V109/><F109/><W33/><G33/><T76/><D131/><U113/><E113/><V127/><F112/><W118/><G114/><T49/><D76/><U42/><E42/><V97/><F78/><W30/><G118/><T4/><D45/><U41/><E41/><V1/><F74/><W81/><G119/><T124/><D124/><U111/><E111/><V18/><F127/><W44/><G2/><N who="0" m="23" /><D7/><U83/><E83/><V70/><F123/><W77/><G77/><T32/><D32/><U107/><E107/><V91/><F1/><W48/><G44/><T126/><D126/><U40/><E40/><V26/><F71/><W54/><G46/><RYUUKYOKU ba="0,0" sc="97,-15,379,15,153,15,371,-15" hai1="12,14,15,96,98,134,135" hai2="18,19,25,26,68,70,84,86,89,91,97,99,133" /><INIT seed="6,1,0,2,0,125" ten="82,394,168,356" oya="2" hai0="37,22,88,83,57,41,105,109,62,17,33,92,131" hai1="95,26,42,98,46,87,40,67,101,103,129,127,133" hai2="58,16,64,39,85,6,70,71,100,8,36,50,81" hai3="113,79,121,99,115,54,106,28,75,9,7,124,97"/><V89/><F100/><W59/><G28/><T13/><D109/><U77/><E127/><V68/><F16/><W23/><G23/><T15/><D33/><U102/><E133/><V18/><F18/><W69/><G69/><T130/><D105/><U112/><E112/><N who="3" m="43082" /><G106/><T116/><D116/><U84/><E67/><V49/><F49/><N who="3" m="31183" /><G121/><T134/><D134/><U45/><E26/><V65/><F50/><W35/><G35/><T53/><D83/><N who="1" m="47215" /><E87/><V21/><F21/><W20/><G20/><T104/><D104/><U126/><E126/><V43/><F43/><N who="1" m="16425" /><E129/><N who="0" m="49161" /><D41/><U80/><E80/><V32/><F89/><AGARI ba="1,0" hai="45,46,89,95,98,101,102,103" m="16425,47215" machi="89" ten="30,1000,0" yaku="8,1" doraHai="125" who="1" fromWho="2" sc="82,0,394,13,168,-13,356,0" /><INIT seed="7,0,0,0,4,111" ten="82,407,155,356" oya="3" hai0="12,42,6,96,108,109,116,130,54,110,133,20,122" hai1="9,65,19,79,127,11,2,62,46,120,123,21,89" hai2="40,73,84,66,1,31,98,13,82,29,100,121,48" hai3="105,90,117,86,126,71,131,83,44,24,74,5,37"/><W7/><G71/><T55/><D96/><U134/><E79/><N who="2" m="46175" /><F1/><W59/><G105/><T92/><D92/><U102/><E102/><V50/><F73/><W49/><G131/><T0/><D116/><U53/><E127/><V23/><F121/><W107/><G107/><T93/><D93/><U132/><E89/><V87/><F66/><W118/><G74/><T26/><D122/><U8/><E2/><V39/><F39/><W95/><G126/><T63/><D42/><U125/><E125/><V91/><F98/><W99/><G59/><T115/><D130/><U67/><E46/><N who="2" m="25671" /><F50/><W38/><G38/><T30/><D133/><N who="1" m="51307" /><E53/><V135/><F100/><W114/><G37/><T43/><D43/><U61/><E65/><V34/><F34/><W35/><G114/><T69/><D69/><N who="1" m="42223" /><E62/><V51/><F51/><W52/><G117/><T88/><D88/><U22/><E22/><V64/><F64/><W106/><G106/><T56/><D0/><U77/><E77/><V15/><F135/><W18/><G118/><T68/><D68/><U104/><E104/><V41/><F41/><W128/><G128/><T33/><D55/><U3/><E3/><V32/><F32/><W17/><G35/><T75/><D75/><U25/><AGARI ba="0,0" hai="8,9,11,19,21,25,120,123" m="42223,51307" machi="25" ten="30,1100,0" yaku="20,1" doraHai="111" who="1" fromWho="1" sc="82,-3,407,11,155,-3,356,-5" owari="79,-42.1,418,51.8,152,-24.8,351,15.1" /></mjloggm>