<mjloggm ver="2.3"><GO type="169" lobby="0"/><UN n0="%6B%65%79%33" n1="%E5%B0%8F%E9%B3%A5%E9%81%8A%E7%B7%B4%E7%84%A1%32%31%E6%AD%B3" n2="%E3%80%8E%E3%83%A8%E3%82%B9%E3%82%AC%E3%83%8E%E3%82%BD%E3%83%A9%E3%80%8F" n3="%E5%8D%93%E4%B8%8A%E3%81%AE%E5%85%AC%E5%8B%99%E5%93%A1" dan="16,16,17,16" rate="2068.40,2154.01,2177.63,2115.98" sx="M,F,M,M"/><TAIKYOKU oya="0"/><INIT seed="0,0,0,1,3,123" ten="250,250,250,250" oya="0" hai0="6,76,10,1,36,134,81,69,37,17,56,30,70" hai1="16,80,8,103,130,125,55,92,84,57,52,58,86" hai2="97,96,115,91,100,41,31,29,40,19,79,71,27" hai3="33,46,5,116,106,63,9,93,62,2,127,48,44"/><T117/><D117/><U11/><E125/><V50/><F115/><W47/><G106/><T111/><D17/><U21/><E130/><V102/><F71/><N who="0" m="27146" /><D56/><N who="1" m="21611" /><E103/><V73/><F73/><W61/><G33/><T72/><D30/><U34/><E92/><V109/><F79/><W12/><G116/><T133/><D111/><U24/><E34/><V65/><F65/><W26/><G127/><T14/><D14/><U35/><E35/><V83/><F19/><W38/><G38/><AGARI ba="0,0" hai="1,6,10,36,37,38,72,76,81,133,134" m="27146" machi="38" ten="30,1500,0" yaku="23,1" doraHai="123" who="0" fromWho="3" sc="250,15,250,0,250,0,250,-15" /><INIT seed="0,1,0,0,4,105" ten="265,250,250,235" oya="0" hai0="15,104,30,135,86,68,132,53,54,72,88,121,114" hai1="65,119,13,70,4,52,57,109,69,134,122,71,67" hai2="74,49,11,89,27,18,17,39,35,64,26,3,94" hai3="97,66,95,40,87,16,73,76,96,75,115,107,112"/><T92/><D114/><N who="3" m="43561" /><G40/><T47/><D121/><U0/><E122/><V120/><F39/><W124/><G66/><T56/><D104/><U77/><E119/><V22/><F120/><W63/><G63/><T36/><D30/><U10/><E134/><N who="0" m="51241" /><D68/><U131/><E131/><V98/><F64/><W93/><G16/><T5/><D72/><N who="3" m="27721" /><G124/><T31/><D31/><U110/><E77/><V28/><F74/><W116/><G116/><T42/><D56/><U20/><E20/><V55/><F17/><W59/><G59/><T60/><D60/><U128/><E0/><V79/><F79/><W48/><G48/><T133/><D133/><U118/><E128/><V51/><REACH who="2" step="1"/><F55/><REACH who="2" ten="265,250,240,235" step="2"/><W130/><G130/><T83/><D53/><U32/><E118/><V23/><F23/><W126/><G126/><T103/><D54/><U45/><E32/><V102/><F102/><N who="3" m="62919" /><G97/><N who="0" m="59815" /><D5/><AGARI ba="1,1" hai="3,5,11,18,22,26,27,28,35,49,51,89,94,98" machi="5" ten="40,1300,0" yaku="1,1,53,0" doraHai="105" doraHaiUra="9" who="2" fromWho="0" sc="265,-16,250,0,240,26,235,0" /><INIT seed="1,0,0,3,5,15" ten="249,250,266,235" oya="1" hai0="42,126,14,91,75,113,96,76,16,45,124,8,99" hai1="50,135,87,22,65,4,54,100,120,21,74,73,47" hai2="70,63,86,104,112,40,29,43,123,3,24,62,28" hai3="33,89,111,94,77,109,35,107,88,84,129,114,78"/><U97/><E120/><V11/><F123/><W18/><G114/><T6/><D113/><U26/><E135/><V23/><F112/><W122/><G122/><T55/><D55/><U80/><E4/><V101/><F3/><W103/><G129/><T61/><D61/><U131/><E21/><V44/><F11/><W56/><G56/><T69/><D69/><U66/><E131/><V12/><F12/><W127/><G127/><N who="0" m="48683" /><D91/><U92/><E74/><V68/><F86/><W93/><G103/><T90/><D90/><N who="1" m="51559" /><E73/><V31/><F101/><W60/><G60/><T49/><D6/><U53/><E53/><V37/><F104/><W72/><G72/><T134/><D134/><U51/><E50/><V34/><F40/><W7/><G7/><T132/><D132/><U117/><E117/><V38/><F37/><W98/><G107/><T57/><D57/><U105/><E105/><V125/><F125/><W13/><G35/><T25/><D25/><U108/><E108/><N who="3" m="41546" /><G33/><T110/><D110/><U83/><E83/><AGARI ba="0,0" hai="8,14,16,42,45,49,75,76,83,96,99" m="48683" machi="83" ten="30,3900,0" yaku="18,1,52,1,54,1" doraHai="15" who="0" fromWho="1" sc="249,39,250,-39,266,0,235,0" /><INIT seed="2,0,0,2,2,14" ten="288,211,266,235" oya="2" hai0="35,117,39,19,135,11,83,88,29,131,98,53,27" hai1="116,40,80,112,91,10,118,77,24,64,129,73,63" hai2="127,42,104,49,96,66,99,120,32,71,17,5,97" hai3="82,59,115,108,0,125,47,12,95,65,3,38,22"/><V107/><F120/><W75/><G65/><T85/><D39/><U18/><E112/><V121/><F121/><W26/><G59/><T123/><D123/><U52/><E129/><V2/><F32/><W134/><G95/><T102/><D131/><U45/><E91/><V16/><F127/><W33/><G12/><T84/><D135/><U61/><E10/><V43/><F2/><W79/><G22/><T94/><D117/><U36/><E63/><V44/><F5/><W93/><G93/><T34/><D34/><U86/><E73/><V37/><F71/><W56/><G56/><T7/><D53/><U54/><E118/><V46/><REACH who="2" step="1"/><F66/><REACH who="2" ten="288,211,256,235" step="2"/><W106/><G125/><T70/><D70/><U128/><E116/><V90/><F90/><W132/><G0/><T50/><D7/><U60/><E128/><V9/><F9/><W87/><G3/><T126/><D126/><U4/><E4/><V69/><F69/><W100/><G33/><T20/><D11/><U58/><REACH who="1" step="1"/><E61/><REACH who="1" ten="288,201,256,235" step="2"/><V101/><F101/><W13/><G100/><T103/><D103/><U113/><E113/><V8/><F8/><W133/><G115/><T28/><D102/><U23/><AGARI ba="0,2" hai="18,23,24,36,40,45,52,54,58,60,64,77,80,86" machi="23" ten="30,8000,1" yaku="1,1,0,1,52,1,54,1,53,1" doraHai="14" doraHaiUra="74" who="1" fromWho="1" sc="288,-20,201,100,256,-40,235,-20" /><INIT seed="3,0,0,2,2,33" ten="268,301,216,215" oya="3" hai0="98,121,46,45,26,117,66,30,100,130,105,106,60" hai1="114,126,102,76,70,35,49,86,89,61,56,79,8" hai2="78,0,87,10,77,85,18,65,95,2,123,51,108" hai3="73,133,115,29,43,58,54,96,41,36,81,111,83"/><W91/><G115/><T64/><D117/><U5/><E114/><V39/><F39/><W15/><G133/><T124/><D121/><U104/><E35/><V59/><F123/><W44/><G29/><T4/><D124/><U74/><E70/><V22/><F108/><W92/><G111/><T94/><D66/><U93/><E49/><V62/><F51/><W110/><G110/><T129/><D4/><U88/><E74/><V69/><F69/><W82/><G41/><T120/><D120/><U6/><E89/><V118/><F118/><W135/><G15/><T131/><D105/><U7/><E126/><V72/><F72/><W84/><G135/><T53/><D53/><U71/><E71/><V25/><F10/><W63/><REACH who="3" step="1"/><G73/><REACH who="3" ten="268,301,216,205" step="2"/><T28/><D28/><U116/><E116/><V101/><F0/><W109/><G109/><T14/><D14/><U47/><E8/><V21/><F2/><W113/><G113/><T122/><D122/><U32/><E32/><V52/><F22/><W19/><G19/><T125/><D125/><U27/><E5/><V23/><F21/><W127/><G127/><T68/><D30/><U40/><E6/><V90/><F23/><W37/><G37/><T24/><D26/><U42/><E7/><V119/><F119/><W3/><G3/><T13/><D24/><U16/><E27/><V12/><F25/><W99/><AGARI ba="0,1" hai="36,43,44,54,58,63,81,82,83,84,91,92,96,99" machi="99" ten="30,3000,0" yaku="1,1,0,1,53,0" doraHai="33" doraHaiUra="67" who="3" fromWho="3" sc="268,-10,301,-10,216,-10,205,40" /><INIT seed="3,1,0,2,4,119" ten="258,291,206,245" oya="3" hai0="60,55,62,99,64,126,77,102,120,84,3,88,72" hai1="94,106,1,13,100,92,107,57,66,5,108,83,67" hai2="93,133,86,0,75,91,35,110,19,54,59,90,113" hai3="96,25,29,117,6,131,135,8,95,30,18,127,87"/><W10/><G135/><T63/><D3/><U81/><E1/><V21/><F113/><W123/><G117/><T46/><D120/><U14/><E57/><V79/><F35/><W71/><G71/><T56/><D126/><U43/><E43/><V114/><F114/><W89/><G131/><T97/><D46/><U20/><E20/><V15/><F0/><W2/><G127/><T34/><D34/><U78/><E78/><V53/><F133/><W134/><G134/><T50/><D64/><U125/><E125/><V69/><F69/><W103/><G123/><T26/><D26/><U38/><E100/><V105/><F105/><W17/><G8/><T41/><D41/><U124/><E124/><V48/><F110/><W44/><G44/><T36/><D36/><U49/><E49/><V112/><F112/><W28/><REACH who="3" step="1"/><G25/><REACH who="3" ten="258,291,206,235" step="2"/><T132/><D132/><U68/><E68/><V129/><F129/><W104/><AGARI ba="1,1" hai="2,6,10,17,18,28,29,30,87,89,95,96,103,104" machi="104" ten="30,6000,0" yaku="1,1,2,1,0,1,53,0" doraHai="119" doraHaiUra="16" who="3" fromWho="3" sc="258,-21,291,-21,206,-21,235,73" /><INIT seed="3,2,0,3,0,103" ten="237,270,185,308" oya="3" hai0="123,62,104,38,92,12,37,40,3,53,28,50,91" hai1="34,111,68,132,59,43,120,125,54,88,42,102,47" hai2="121,31,108,2,95,101,133,73,16,64,36,45,11" hai3="134,51,115,15,60,97,135,128,63,87,75,127,67"/><W100/><G75/><T122/><D3/><U90/><E120/><V110/><F73/><W86/><G115/><T46/><D28/><U21/><E34/><V66/><F31/><W99/><G127/><T82/><D82/><U131/><E125/><V84/><F121/><W94/><G128/><T98/><D37/><U39/><E43/><N who="2" m="22759" /><F133/><N who="3" m="50699" /><G51/><T56/><D12/><U33/><E131/><V0/><F84/><N who="3" m="32299" /><G67/><N who="2" m="25641" /><F95/><N who="3" m="58431" /><G15/><T61/><D122/><U27/><E132/><V41/><F41/><W30/><G30/><T5/><D123/><U13/><E13/><N who="2" m="7231" /><F101/><AGARI ba="2,0" hai="60,63,94,99,101" m="58431,32299,50699" machi="101" ten="30,1500,0" yaku="20,1" doraHai="103" who="3" fromWho="2" sc="237,0,270,0,185,-21,308,21" /><INIT seed="3,3,0,3,4,59" ten="237,270,164,329" oya="3" hai0="20,49,74,2,108,34,71,17,116,103,65,29,35" hai1="70,18,75,106,104,79,11,64,30,98,89,101,131" hai2="129,92,32,119,132,27,133,77,94,80,126,19,8" hai3="63,78,115,7,110,85,43,38,111,25,48,14,73"/><W22/><G115/><T76/><D2/><U21/><E131/><V23/><F119/><W13/><G73/><T12/><D116/><U28/><E106/><V56/><F129/><W130/><G38/><T107/><D108/><N who="3" m="41513" /><G7/><T10/><D103/><U134/><E11/><V121/><F126/><W112/><G112/><T123/><D107/><U33/><E33/><V41/><F121/><W47/><G130/><T90/><D123/><U113/><E113/><V124/><F124/><W51/><G48/><T37/><D37/><U88/><E79/><V40/><F32/><W45/><G45/><T61/><D90/><U0/><E0/><V42/><F8/><W87/><G63/><T4/><D29/><U69/><E134/><N who="2" m="51819" /><F56/><W5/><G5/><T54/><D76/><U127/><E75/><AGARI ba="3,0" hai="19,23,27,40,41,42,75,77,80,92,94" m="51819" machi="75" ten="30,1000,0" yaku="20,1" doraHai="59" who="2" fromWho="1" sc="237,0,270,-19,164,19,329,0" /><INIT seed="4,0,0,1,5,8" ten="237,251,183,329" oya="0" hai0="109,28,95,12,52,26,44,60,38,65,112,135,56" hai1="22,9,1,101,92,83,64,104,107,97,58,70,84" hai2="122,87,124,113,105,21,40,130,82,68,76,103,35" hai3="36,81,85,6,123,63,2,48,34,134,129,93,117"/><T30/><D112/><U126/><E70/><V29/><F122/><W61/><G34/><T106/><D106/><U80/><E126/><V77/><F68/><W45/><G117/><T27/><D135/><U88/><E80/><V128/><F35/><W46/><G134/><T91/><D109/><U53/><E64/><V10/><F40/><W43/><G129/><N who="2" m="49769" /><F10/><W111/><G111/><T0/><D0/><U23/><E1/><V89/><F21/><W131/><G123/><T108/><D108/><U18/><E22/><V74/><F29/><W20/><G20/><T72/><D72/><U55/><E9/><V50/><F50/><W118/><G6/><T75/><D75/><U4/><E4/><V127/><F113/><W133/><G2/><T132/><D132/><U5/><E5/><V57/><F57/><W42/><G133/><T67/><D38/><U66/><E66/><N who="0" m="25097" /><D44/><U69/><E69/><V49/><F49/><W115/><G115/><T98/><D12/><U41/><E41/><V125/><F74/><W37/><G131/><T79/><D79/><U19/><E19/><V99/><AGARI ba="0,0" hai="76,77,82,87,89,99,103,105,124,125,127" m="49769" machi="99" ten="40,8000,1" yaku="18,1,19,1,34,2" doraHai="8" who="2" fromWho="2" sc="237,-40,251,-20,183,80,329,-20" /><INIT seed="5,0,0,5,4,109" ten="197,231,263,309" oya="1" hai0="79,51,11,107,48,39,120,90,28,47,57,82,6" hai1="70,80,85,125,33,21,8,84,44,4,87,123,77" hai2="40,112,122,126,127,14,2,93,32,52,78,64,38" hai3="25,65,106,43,96,81,63,69,124,108,121,36,134"/><U100/><E123/><V45/><F2/><W116/><G81/><T114/><D107/><U7/><E33/><V37/><F122/><W1/><G25/><T12/><D120/><U50/><E70/><V42/><F32/><W68/><G96/><T86/><D28/><U23/><E125/><N who="2" m="47627" /><F78/><W97/><G97/><T59/><D114/><U94/><E4/><V58/><F93/><W15/><G15/><T105/><D105/><U133/><E133/><V18/><F64/><W24/><G24/><T9/><D39/><N who="2" m="14858" /><F45/><W132/><G65/><T20/><D51/><U55/><E100/><V99/><F99/><W61/><G43/><T56/><D20/><U117/><E117/><V83/><F83/><W30/><G36/><T98/><D11/><U0/><REACH who="1" step="1"/><E94/><REACH who="1" ten="197,221,263,309" step="2"/><V29/><F112/><W75/><G121/><T53/><REACH who="0" step="1"/><D98/><REACH who="0" ten="187,221,263,309" step="2"/><U101/><E101/><V49/><F29/><W113/><G113/><T62/><D62/><U118/><E118/><V66/><F66/><W54/><G116/><T73/><D73/><AGARI ba="0,2" hai="0,7,8,21,23,44,50,55,73,77,80,84,85,87" machi="73" ten="40,2000,0" yaku="1,1,53,0" doraHai="109" doraHaiUra="115" who="1" fromWho="0" sc="187,-20,221,40,263,0,309,0" /><INIT seed="5,1,0,0,3,1" ten="167,261,263,309" oya="1" hai0="81,83,100,11,51,94,99,129,73,130,134,21,128" hai1="84,19,23,13,67,96,2,14,22,105,114,102,77" hai2="101,5,104,115,122,25,27,76,63,56,125,48,87" hai3="112,53,10,55,24,85,97,37,28,38,17,43,113"/><U26/><E114/><N who="3" m="44138" /><G97/><T44/><D134/><U126/><E126/><V66/><F115/><W90/><G43/><T12/><D21/><U133/><E133/><V132/><F125/><W52/><G17/><T79/><D81/><U20/><E2/><V107/><F122/><W95/><G10/><T82/><D79/><U7/><E67/><V49/><F104/><W42/><G42/><T74/><D74/><U75/><E75/><V91/><F76/><W59/><G59/><T61/><D61/><U103/><E103/><V110/><F110/><W121/><G121/><T62/><D62/><U71/><E71/><V86/><F107/><W117/><G117/><T36/><D36/><U127/><E127/><V131/><F101/><W34/><AGARI ba="1,0" hai="24,28,34,37,38,52,53,55,85,90,95" m="44138" machi="34" ten="30,2000,0" yaku="15,1,54,1" doraHai="1" who="3" fromWho="3" sc="167,-6,261,-11,263,-6,309,23" /><INIT seed="6,0,0,3,3,87" ten="161,250,257,332" oya="2" hai0="38,7,131,50,128,56,27,28,102,6,120,111,22" hai1="115,125,130,126,67,8,62,110,47,118,19,70,133" hai2="129,53,124,101,4,82,108,91,20,46,11,100,9" hai3="59,29,127,57,113,116,55,86,2,49,114,75,39"/><V117/><F117/><W14/><G2/><T65/><D120/><U24/><E118/><V85/><F129/><W119/><G75/><T52/><D38/><U77/><E110/><V23/><F108/><W97/><G39/><T61/><D111/><U60/><E115/><N who="3" m="44042" /><G97/><T104/><D104/><U94/><E47/><V89/><F124/><W122/><G127/><T78/><D78/><U54/><E130/><V32/><F32/><W74/><G74/><T64/><D64/><U18/><E133/><V12/><F9/><W69/><G69/><T93/><D128/><U0/><E8/><V44/><F89/><W76/><G29/><T45/><D131/><U13/><E0/><V43/><F53/><N who="3" m="31919" /><G14/><T34/><D34/><U17/><E13/><V88/><F91/><W99/><G99/><AGARI ba="0,0" hai="6,7,22,27,28,45,50,52,56,61,65,93,99,102" machi="99" ten="40,8000,1" yaku="25,2,8,1,54,1" doraHai="87" who="0" fromWho="3" sc="161,80,250,0,257,0,332,-80" /><INIT seed="7,0,0,1,4,73" ten="241,250,257,252" oya="3" hai0="42,30,94,80,0,44,16,66,81,105,107,68,82" hai1="56,134,43,8,79,122,88,90,121,35,37,15,39" hai2="33,126,1,55,115,54,5,131,13,125,51,130,114" hai3="22,127,11,91,27,112,129,59,63,100,50,123,128"/><W64/><G123/><T97/><D0/><U116/><E35/><V45/><F33/><W12/><G127/><N who="2" m="48649" /><F1/><W19/><G112/><N who="2" m="43049" /><F5/><W60/><G100/><T7/><D30/><U65/><E116/><V10/><F10/><W41/><G91/><T31/><D31/><U9/><E15/><V120/><F13/><W111/><G111/><T17/><D7/><U75/><E65/><V25/><F25/><W57/><G41/><T29/><D29/><U133/><E43/><N who="2" m="25023" /><F120/><W18/><REACH who="3" step="1"/><G50/><REACH who="3" ten="241,250,257,242" step="2"/><T83/><D105/><U74/><E122/><V109/><F109/><W58/><G58/><T47/><D107/><U34/><E56/><V77/><F77/><W36/><G36/><T49/><D44/><U117/><E121/><V104/><F104/><W20/><G20/><T132/><D132/><U95/><E34/><V92/><F92/><W135/><G135/><T62/><N who="0" m="20480" /><DORA hai="113" /><T48/><REACH who="0" step="1"/><D48/><REACH who="0" ten="231,250,257,242" step="2"/><U32/><E134/><V84/><F131/><W61/><G61/><T89/><AGARI ba="0,2" hai="16,17,42,47,49,62,66,68,89,94,97" m="20480" machi="89" ten="40,8000,1" yaku="1,1,2,1,0,1,54,1,53,1" doraHai="73,113" doraHaiUra="93,4" who="0" fromWho="0" sc="231,100,250,-20,257,-20,242,-40" owari="331,43.1,230,-17.0,237,3.7,202,-29.8" /></mjloggm>