<mjloggm ver="2.3"><GO type="169" lobby="0"/><UN n0="%67%6F%67%6F%2D%E3%82%B4%E3%83%AA%E3%83%A9" n1="%E8%B6%85%E7%B5%B6%E5%82%99%E9%95%B7%E7%82%AD" n2="%61%73%61%64%61%31%32" n3="%57%49%4E%44%59%58%58" dan="19,17,16,17" rate="2280.07,2090.35,2210.31,2155.13" sx="M,M,M,M"/><TAIKYOKU oya="0"/><INIT seed="0,0,0,3,4,80" ten="250,250,250,250" oya="0" hai0="92,83,88,93,19,84,22,39,76,87,130,10,66" hai1="98,33,41,55,101,122,58,48,3,20,42,125,70" hai2="96,100,40,67,134,120,114,110,124,135,4,132,50" hai3="69,109,59,90,46,118,54,11,15,21,85,16,60"/><T75/><D130/><U72/><E33/><V12/><F114/><W37/><G118/><T107/><D39/><U119/><E3/><V49/><F120/><W9/><G69/><T81/><D107/><U71/><E72/><V32/><F32/><W131/><G109/><T43/><D43/><U25/><E122/><V104/><F110/><W91/><G131/><T45/><D45/><U31/><E119/><V89/><F124/><W126/><G126/><T77/><D66/><U35/><E125/><V65/><F89/><W18/><G91/><N who="0" m="51599" /><D10/><U68/><REACH who="1" step="1"/><E35/><REACH who="1" ten="250,240,250,250" step="2"/><V117/><F117/><W36/><G9/><T7/><D75/><U1/><E1/><V78/><F134/><W13/><REACH who="3" step="1"/><G46/><REACH who="3" ten="250,240,250,240" step="2"/><T30/><D7/><U14/><E14/><V47/><F12/><W112/><G112/><T127/><D127/><U97/><E97/><V123/><F4/><W102/><G102/><T63/><D77/><U27/><E27/><V5/><F78/><W57/><G57/><T62/><D76/><U121/><E121/><V113/><F5/><W17/><G17/><T34/><D34/><U56/><E56/><V106/><F123/><W94/><AGARI ba="0,2" hai="11,13,15,16,18,21,36,37,54,59,60,85,90,94" machi="94" ten="20,12000,2" yaku="1,1,0,1,7,1,52,1,54,1,53,1" doraHai="80" doraHaiUra="86" who="3" fromWho="3" sc="250,-60,240,-30,250,-30,240,140" /><INIT seed="1,0,0,0,0,69" ten="190,210,220,380" oya="1" hai0="119,37,60,116,76,26,13,62,81,56,135,27,122" hai1="92,53,65,46,58,75,44,131,99,33,118,128,86" hai2="9,25,89,127,90,4,132,71,126,12,121,125,14" hai3="109,35,72,123,42,21,1,107,97,41,104,8,103"/><U59/><E75/><V77/><F121/><W93/><G123/><T102/><D122/><U112/><E33/><V63/><F132/><W36/><G35/><T70/><D135/><U55/><E86/><V73/><F25/><W87/><G72/><T130/><D130/><N who="1" m="49707" /><E112/><V18/><F77/><W30/><G42/><T43/><D102/><N who="1" m="60775" /><E65/><N who="2" m="41407" /><F73/><W6/><G109/><T94/><D94/><U95/><E95/><V50/><F50/><W91/><G30/><T113/><D113/><U19/><E118/><V29/><F29/><W78/><G21/><AGARI ba="0,0" hai="4,9,12,14,18,21,89,90,125,126,127" m="41407" machi="21" ten="30,1000,0" yaku="18,1" doraHai="69" who="2" fromWho="3" sc="190,0,210,0,220,10,380,-10" /><INIT seed="2,0,0,0,3,25" ten="190,210,230,370" oya="2" hai0="120,131,39,123,79,88,34,59,114,104,117,47,121" hai1="27,56,113,21,36,85,8,115,68,92,5,60,55" hai2="45,127,3,93,14,33,12,135,26,62,29,87,116" hai3="13,129,75,30,106,80,54,105,111,23,102,90,69"/><V38/><F116/><W20/><G69/><T65/><D34/><U42/><E68/><V83/><F3/><W99/><G111/><T18/><D104/><U77/><E42/><V86/><F127/><W1/><G1/><T71/><D79/><U49/><E36/><V19/><F135/><W103/><G129/><T134/><D114/><U52/><E77/><V91/><F62/><W70/><G70/><T61/><D131/><U98/><E85/><V2/><F2/><W63/><G30/><T78/><D78/><U109/><E109/><V28/><F29/><W97/><G13/><T48/><D18/><U100/><E5/><V46/><F14/><W11/><G11/><T74/><D74/><U118/><E8/><V66/><F66/><W64/><G64/><T40/><D88/><U76/><E76/><V133/><F133/><W112/><G75/><T125/><D134/><U37/><E37/><V108/><F108/><W0/><G90/><T89/><D89/><U44/><E118/><V73/><F73/><W67/><G105/><T96/><D96/><U58/><E44/><V126/><F126/><W128/><G99/><T132/><D132/><U6/><E6/><V124/><F124/><W4/><G97/><T51/><D125/><U24/><E24/><V43/><F46/><W50/><G112/><T72/><D72/><U22/><E22/><N who="2" m="11623" /><F87/><W15/><G106/><T94/><D117/><U57/><E58/><V16/><F83/><W107/><G80/><T7/><D7/><U130/><E130/><V101/><F101/><W35/><G128/><T95/><D71/><RYUUKYOKU ba="0,0" sc="190,10,210,10,230,10,370,-30" hai0="39,40,47,48,51,59,61,65,94,95,120,121,123" hai1="21,27,49,52,55,56,57,60,92,98,100,113,115" hai2="16,26,28,33,38,43,45,86,91,93" /><INIT seed="2,1,0,0,4,45" ten="200,220,240,340" oya="2" hai0="127,17,89,93,66,105,75,79,116,25,118,73,83" hai1="95,29,21,15,41,65,20,23,80,115,53,63,132" hai2="97,113,109,19,16,64,120,5,77,106,56,111,6" hai3="68,82,90,3,2,24,62,39,122,52,1,30,11"/><V135/><F113/><W92/><G122/><T57/><D66/><U81/><E115/><V40/><F120/><W112/><G39/><T108/><D57/><U129/><E129/><V133/><F77/><W69/><G112/><T32/><D32/><U134/><E29/><V101/><F40/><W74/><G11/><T60/><D60/><U42/><E95/><V13/><F19/><W54/><G82/><N who="1" m="31850" /><E53/><V125/><F125/><W126/><G74/><N who="0" m="43511" /><D25/><U100/><E100/><V61/><F5/><W87/><G126/><T43/><D17/><U72/><E15/><V98/><F97/><W33/><REACH who="3" step="1"/><G62/><REACH who="3" ten="200,220,240,330" step="2"/><T94/><D127/><U110/><E72/><V46/><F6/><W121/><G121/><T70/><D75/><U104/><E63/><V14/><F14/><W102/><G102/><T10/><D10/><U55/><E65/><V26/><F26/><W34/><G34/><T76/><D73/><U107/><E23/><N who="2" m="11663" /><F46/><W86/><G86/><T99/><D118/><U38/><E21/><V0/><F0/><W128/><G128/><T47/><D116/><U96/><E20/><V44/><F44/><W103/><G103/><T8/><D47/><U78/><E78/><V36/><F36/><W22/><G22/><T59/><D76/><U7/><E38/><V84/><F84/><W85/><G85/><T123/><D123/><U37/><E37/><V4/><F4/><W71/><AGARI ba="1,1" hai="1,2,3,24,30,33,52,54,68,69,71,87,90,92" machi="71" ten="40,8000,1" yaku="1,1,0,1,54,1,53,1" doraHai="45" doraHaiUra="27" who="3" fromWho="3" sc="200,-21,220,-21,240,-41,330,93" /><INIT seed="3,0,0,5,1,29" ten="179,199,199,423" oya="3" hai0="99,2,45,65,55,77,78,70,57,14,82,26,7" hai1="103,4,32,88,113,49,89,24,42,46,54,69,132" hai2="67,119,1,118,47,100,53,114,92,5,44,18,9" hai3="128,86,108,104,112,130,87,36,85,84,66,38,61"/><W127/><G112/><T93/><D2/><U107/><E69/><V79/><F114/><W58/><G104/><T117/><D117/><U8/><E113/><V51/><F67/><W101/><G127/><T17/><D70/><U97/><E132/><V22/><F79/><W111/><G101/><T25/><D65/><U23/><E42/><V74/><F74/><W11/><G11/><T41/><D7/><U33/><E89/><V121/><F121/><W34/><G34/><T16/><D45/><U80/><E80/><V90/><F100/><W30/><G30/><T122/><D41/><U116/><E116/><V76/><F76/><N who="0" m="29290" /><D82/><U13/><REACH who="1" step="1"/><E88/><REACH who="1" ten="179,189,199,423" step="2"/><V125/><F119/><W134/><G134/><T63/><D122/><U73/><E73/><V40/><F118/><W131/><G84/><T75/><D75/><U94/><E94/><V28/><F92/><W62/><G85/><T110/><D110/><N who="3" m="42025" /><G86/><T15/><D93/><U59/><E59/><V135/><F90/><W60/><G87/><T64/><D99/><U91/><E91/><V39/><F135/><W133/><G133/><T50/><D14/><U81/><E81/><V124/><F125/><W68/><G68/><T27/><D15/><U102/><E102/><V98/><F124/><W106/><G106/><T56/><AGARI ba="0,1" hai="16,17,25,26,27,50,55,56,57,63,64" m="29290" machi="56" ten="30,2000,0" yaku="8,1,54,1" doraHai="29" who="0" fromWho="0" sc="179,30,189,-5,199,-5,423,-10" /><INIT seed="4,0,0,5,5,13" ten="209,184,194,413" oya="0" hai0="106,101,120,0,4,72,94,118,111,58,105,38,89" hai1="25,133,117,48,91,95,16,112,115,68,93,78,96" hai2="31,28,35,90,64,5,122,41,114,98,36,57,83" hai3="10,19,110,40,88,20,92,15,134,24,18,97,102"/><T71/><D71/><U11/><E68/><V85/><F122/><W52/><G110/><T2/><D120/><U6/><E117/><V27/><F114/><N who="1" m="43561" /><E78/><V22/><F5/><W14/><G134/><T81/><D118/><U129/><E133/><V104/><F36/><W130/><G130/><T60/><D38/><U124/><E129/><V131/><F131/><W132/><G132/><T113/><D113/><U123/><E123/><V126/><F126/><W87/><G40/><T39/><D39/><U99/><E48/><V53/><F41/><W55/><G24/><T3/><D4/><U69/><E69/><V103/><F64/><W70/><G70/><T1/><D111/><U127/><E6/><V43/><F43/><W26/><G26/><T62/><N who="0" m="0" /><DORA hai="66" /><T75/><D62/><U73/><E73/><V82/><F83/><AGARI ba="0,0" hai="10,14,15,18,19,20,52,55,83,87,88,92,97,102" machi="83" ten="30,12000,2" yaku="7,1,8,1,52,2,54,2" doraHai="13,66" who="3" fromWho="2" sc="209,0,184,0,194,-120,413,120" /><INIT seed="5,0,0,4,4,128" ten="209,184,74,533" oya="1" hai0="47,66,133,112,4,57,43,119,124,48,115,110,41" hai1="67,50,22,2,91,42,97,135,44,118,18,70,35" hai2="27,79,63,129,123,10,33,127,101,122,86,134,69" hai3="92,71,106,21,17,28,56,23,88,61,95,78,82"/><U96/><E35/><V55/><F129/><W5/><G71/><T76/><D76/><U74/><E2/><V80/><F127/><W103/><G5/><T117/><D4/><U11/><E11/><V58/><F69/><W19/><G103/><T9/><D9/><U85/><E74/><V98/><F10/><W59/><G28/><T72/><D72/><U109/><E118/><N who="0" m="45065" /><D110/><U108/><E67/><V81/><F134/><W90/><G61/><N who="0" m="38191" /><D124/><U77/><E70/><V30/><REACH who="2" step="1"/><F80/><REACH who="2" ten="209,184,64,533" step="2"/><W125/><G82/><T31/><D133/><U40/><E135/><V65/><F65/><W39/><G125/><T60/><D115/><U87/><E108/><V116/><F116/><W29/><G92/><AGARI ba="0,1" hai="27,30,33,55,58,63,79,81,86,92,98,101,122,123" machi="92" ten="30,2000,0" yaku="1,1,7,1,53,0" doraHai="128" doraHaiUra="68" who="2" fromWho="3" sc="209,0,184,0,64,30,533,-20" /><INIT seed="6,0,0,2,0,69" ten="209,184,94,513" oya="2" hai0="50,125,112,96,88,34,57,46,5,22,30,108,85" hai1="113,92,76,41,28,49,101,126,124,6,40,66,72" hai2="89,4,83,37,52,20,73,56,31,106,102,42,78" hai3="54,119,127,110,13,58,8,74,7,36,12,48,86"/><V67/><F67/><W120/><G36/><T43/><D108/><U29/><E6/><V45/><F4/><W103/><G74/><T11/><D112/><U27/><E113/><V47/><F47/><W81/><G110/><T62/><D125/><N who="1" m="48235" /><E49/><V24/><F89/><W111/><G111/><T33/><D96/><N who="1" m="59527" /><E66/><V93/><F93/><W10/><G119/><T1/><D30/><N who="1" m="11883" /><E27/><V60/><REACH who="2" step="1"/><F102/><REACH who="2" ten="209,184,84,513" step="2"/><W99/><G103/><T75/><D88/><U39/><E39/><V115/><F115/><W87/><G7/><T63/><D46/><U133/><E133/><V109/><F109/><W61/><G127/><T80/><D5/><U135/><E135/><V123/><F123/><W19/><G120/><T18/><D57/><U104/><E104/><AGARI ba="0,1" hai="20,24,31,37,42,45,52,56,60,73,78,83,104,106" machi="104" ten="40,12000,1" yaku="1,1,52,1,54,1,53,1" doraHai="69" doraHaiUra="59" who="2" fromWho="1" sc="209,0,184,-120,84,130,513,0" /><INIT seed="6,1,0,4,1,55" ten="209,64,214,513" oya="2" hai0="123,91,131,126,45,68,113,90,62,105,135,29,67" hai1="30,46,118,112,97,22,98,111,116,71,81,16,88" hai2="51,119,39,18,20,15,82,73,103,53,84,87,114" hai3="132,115,8,92,96,125,2,43,35,12,61,27,60"/><V70/><F39/><W134/><G2/><T64/><D123/><U109/><E71/><V56/><F119/><W10/><G125/><T11/><D105/><U54/><E30/><V121/><F121/><W128/><G128/><T99/><D126/><U69/><E69/><V76/><F114/><W65/><G115/><T7/><D113/><U93/><E112/><V24/><F70/><W127/><G127/><T104/><D67/><U122/><E122/><V38/><F38/><W63/><G43/><T133/><D131/><U0/><E0/><V124/><F124/><W80/><G80/><T9/><D29/><U34/><E34/><V19/><F103/><N who="3" m="60807" /><G27/><T102/><D45/><U75/><E98/><V86/><REACH who="2" step="1"/><F73/><REACH who="2" ten="209,64,204,513" step="2"/><W3/><G132/><N who="0" m="50763" /><D11/><AGARI ba="1,1" hai="11,15,18,19,20,24,51,53,56,76,82,84,86,87" machi="11" ten="30,11600,0" yaku="1,1,7,1,8,1,52,1,53,0" doraHai="55" doraHaiUra="31" who="2" fromWho="0" sc="209,-119,64,0,204,129,513,0" /><INIT seed="6,2,0,3,2,61" ten="90,64,333,513" oya="2" hai0="28,132,32,43,26,128,8,74,4,15,50,108,40" hai1="20,77,96,42,82,47,101,44,75,102,116,93,64" hai2="92,119,21,134,58,106,114,115,72,19,78,112,59" hai3="70,86,98,97,80,126,46,10,16,30,94,27,100"/><V23/><F106/><W99/><G70/><T73/><D108/><U25/><E116/><V48/><F119/><W9/><G126/><T95/><D132/><U71/><E101/><V109/><F134/><W54/><G46/><T127/><D127/><U135/><E135/><V117/><F117/><W68/><G68/><T65/><D128/><U3/><E3/><V88/><F109/><W24/><G54/><T56/><D95/><U52/><E42/><V38/><F38/><W62/><G62/><T67/><D43/><U17/><REACH who="1" step="1"/><E52/><REACH who="1" ten="90,54,333,513" step="2"/><N who="2" m="32007" /><F59/><W53/><G53/><T36/><D36/><U55/><E55/><V69/><F69/><W111/><G111/><T13/><D56/><U123/><E123/><V22/><F72/><W85/><G85/><T49/><D74/><U83/><E83/><V12/><F78/><N who="3" m="46359" /><G98/><AGARI ba="2,1" hai="12,19,21,22,23,88,92,98,112,114,115" m="32007" machi="98" ten="30,5800,0" yaku="15,1,54,2" doraHai="61" who="2" fromWho="3" sc="90,0,54,0,333,74,513,-64" /><INIT seed="6,3,0,4,5,55" ten="90,54,407,449" oya="2" hai0="7,88,27,107,79,37,87,50,38,104,22,39,10" hai1="13,78,9,2,134,32,59,6,61,75,102,131,5" hai2="45,121,100,58,4,31,46,66,24,25,17,101,72" hai3="26,14,126,133,99,52,53,77,62,60,123,103,64"/><V67/><F72/><W73/><G123/><T84/><D79/><U124/><E32/><V117/><F117/><W98/><G126/><T91/><D50/><U71/><E71/><V105/><F121/><W125/><G125/><T113/><D113/><U128/><E124/><V65/><F4/><W80/><G133/><T23/><D87/><U40/><E134/><V54/><F105/><W108/><G108/><T119/><D119/><U47/><E102/><N who="2" m="39531" /><F17/><W83/><G83/><T3/><D23/><U44/><E78/><V111/><F111/><W94/><G26/><N who="2" m="10345" /><F31/><W122/><G122/><T85/><D85/><U56/><E75/><V21/><F21/><W116/><G116/><T35/><D35/><U36/><E6/><V30/><F30/><W114/><G114/><T95/><REACH who="0" step="1"/><D91/><REACH who="0" ten="80,54,407,449" step="2"/><U118/><E118/><V112/><F112/><W86/><G73/><T110/><D110/><U96/><E96/><V12/><F12/><W42/><G98/><T89/><D89/><U82/><E13/><V33/><F33/><W51/><G14/><T16/><AGARI ba="3,1" hai="3,7,10,16,22,27,37,38,39,84,88,95,104,107" machi="16" ten="30,12000,2" yaku="1,1,0,1,54,2,53,3" doraHai="55" doraHaiUra="70" who="0" fromWho="0" sc="80,139,54,-33,407,-63,449,-33" /><INIT seed="7,0,0,5,4,31" ten="219,21,344,416" oya="3" hai0="2,85,129,83,25,65,80,38,68,64,116,45,18" hai1="105,3,133,124,7,135,36,50,110,43,47,101,67" hai2="12,66,79,21,131,33,6,93,95,69,120,39,98" hai3="53,132,16,70,20,77,84,46,134,30,29,63,99"/><W40/><G99/><T74/><D116/><U42/><E7/><V87/><F39/><W123/><G123/><T59/><D129/><U96/><E43/><V94/><F120/><W76/><G70/><T108/><D108/><U17/><E50/><V92/><F131/><W89/><G63/><T97/><D2/><U23/><E23/><V58/><F69/><W48/><G40/><T57/><D74/><U22/><E22/><V115/><F115/><W100/><G100/><T44/><D68/><U32/><E17/><V37/><F37/><W90/><G90/><T19/><D38/><U51/><E51/><V119/><F119/><W107/><G107/><T111/><D111/><U27/><E67/><V126/><F33/><W130/><G130/><T1/><D1/><U26/><E26/><V24/><F126/><W55/><G55/><T117/><D117/><U10/><E110/><V112/><F112/><W113/><G113/><T41/><D41/><U109/><E109/><V104/><F104/><W52/><G53/><T61/><D97/><U4/><REACH who="1" step="1"/><E124/><REACH who="1" ten="219,11,344,416" step="2"/><V88/><F24/><N who="3" m="14343" /><G29/><AGARI ba="0,1" hai="3,4,10,27,29,32,36,42,47,96,101,105,133,135" machi="29" ten="40,8000,1" yaku="1,1,23,2,52,1,53,0" doraHai="31" doraHaiUra="91" who="1" fromWho="3" sc="219,0,11,90,344,0,416,-80" owari="219,-18.1,101,-39.9,344,44.4,336,13.6" /></mjloggm>