<mjloggm ver="2.3"><GO type="169" lobby="0"/><UN n0="%45%7A%61%6B%69" n1="%52%65%61%6C%58" n2="%E8%80%81%E6%A5%BD" n3="%E4%B8%83%E7%94%9F%E5%A4%95" dan="16,16,17,16" rate="2109.54,2183.03,2233.62,2098.28" sx="M,F,M,M"/><TAIKYOKU oya="0"/><INIT seed="0,0,0,5,5,78" ten="250,250,250,250" oya="0" hai0="90,51,26,132,70,58,114,55,30,15,75,76,67" hai1="49,106,116,50,122,40,108,101,95,134,93,18,28" hai2="91,38,109,94,83,57,86,73,25,46,22,71,126" hai3="84,69,9,23,74,61,99,92,27,56,104,42,87"/><T113/><D132/><U124/><E122/><V123/><F71/><W130/><G130/><T39/><D90/><U53/><E116/><V6/><F123/><W37/><G74/><T16/><D39/><U63/><E108/><V60/><F6/><W62/><G104/><T100/><D100/><U96/><E124/><V105/><F105/><W10/><G42/><T7/><D7/><U11/><E28/><V13/><F13/><W5/><G37/><T72/><D70/><U129/><E129/><V59/><F109/><W45/><G45/><T54/><D67/><U41/><E134/><V3/><F3/><W120/><G62/><T19/><D55/><U131/><E63/><V77/><F126/><W103/><G69/><T14/><D75/><U133/><E133/><V85/><F73/><W135/><G120/><T48/><D48/><U66/><E66/><V4/><F4/><W2/><G10/><T68/><D68/><U34/><E34/><V64/><F57/><W8/><G8/><T20/><D76/><U88/><E106/><V32/><F32/><W17/><G135/><T52/><D54/><AGARI ba="0,0" hai="2,5,9,17,23,27,54,56,61,84,87,92,99,103" machi="54" ten="30,1000,0" yaku="7,1" doraHai="78" who="3" fromWho="0" sc="250,-10,250,0,250,0,250,10" /><INIT seed="1,0,0,0,5,126" ten="240,250,250,260" oya="1" hai0="133,106,26,91,121,88,58,52,51,110,107,70,8" hai1="98,7,79,85,22,123,1,122,13,62,103,41,61" hai2="117,111,49,53,108,109,21,11,124,104,72,84,14" hai3="28,100,83,31,119,34,57,71,50,116,23,47,10"/><U29/><E1/><V114/><F72/><W73/><G71/><T82/><D110/><U15/><E123/><V90/><F117/><N who="3" m="45131" /><G100/><T36/><D36/><U46/><E122/><V134/><F104/><W67/><G34/><T132/><D121/><U78/><E78/><V94/><F124/><W89/><G10/><T33/><D70/><U80/><E29/><V93/><F134/><N who="0" m="51818" /><D8/><N who="1" m="4255" /><E15/><V60/><F60/><N who="3" m="38287" /><G23/><T135/><N who="0" m="51826" /><T112/><DORA hai="75" /><D112/><U95/><E22/><V97/><F21/><W48/><G48/><AGARI ba="0,0" hai="41,46,48,61,62,79,80,85,95,98,103" m="4255" machi="48" ten="30,5800,0" yaku="25,1,8,1,52,1" doraHai="126,75" who="1" fromWho="3" sc="240,0,250,58,250,0,260,-58" /><INIT seed="1,1,0,5,5,101" ten="240,308,250,202" oya="1" hai0="109,92,35,71,49,31,77,7,50,18,11,133,126" hai1="20,19,43,22,98,12,46,129,9,107,87,40,78" hai2="104,23,29,8,117,36,103,57,15,38,127,44,42" hai3="53,111,54,130,65,5,120,26,102,4,76,80,73"/><U106/><E129/><V124/><F117/><W97/><G120/><T13/><D109/><U37/><E43/><V110/><F110/><W121/><G121/><T60/><D126/><N who="2" m="48170" /><F57/><W93/><G111/><T96/><D133/><U27/><E98/><N who="2" m="61559" /><F23/><W14/><G130/><T94/><D77/><U30/><REACH who="1" step="1"/><E20/><REACH who="1" ten="240,298,250,202" step="2"/><V63/><F29/><W90/><G97/><T25/><D96/><U41/><E41/><V86/><F42/><W69/><G102/><T99/><D99/><U75/><E75/><V59/><F86/><W132/><G73/><T32/><D32/><U39/><E39/><V16/><F44/><W100/><G100/><T21/><D49/><U115/><E115/><V66/><AGARI ba="1,1" hai="8,15,16,36,38,59,63,66" m="61559,48170" machi="66" ten="30,4000,0" yaku="18,1,52,1,54,1" doraHai="101" who="2" fromWho="2" sc="240,-11,298,-21,250,53,202,-11" /><INIT seed="2,0,0,3,2,118" ten="229,277,303,191" oya="2" hai0="69,122,98,7,127,90,23,16,107,26,17,102,114" hai1="58,74,45,32,134,117,94,115,80,41,108,38,39" hai2="91,61,121,112,44,13,10,77,4,21,93,33,87" hai3="18,119,105,3,86,28,8,104,42,71,1,68,60"/><V27/><F112/><W2/><G119/><T48/><D114/><U56/><E115/><V20/><F121/><W125/><G125/><T12/><D69/><U109/><E117/><V6/><F33/><W11/><G28/><T99/><D127/><U96/><E134/><V36/><F77/><W14/><G42/><T57/><D7/><U81/><E38/><V106/><F106/><W73/><G73/><T120/><D90/><U54/><E32/><V132/><F132/><W64/><G71/><T0/><D0/><U116/><E56/><V52/><F4/><W59/><G68/><T100/><D48/><U84/><E84/><V124/><F124/><W101/><G101/><T130/><D57/><U67/><E67/><V79/><F79/><W85/><REACH who="3" step="1"/><G11/><REACH who="3" ten="229,277,303,181" step="2"/><T92/><D130/><U46/><E74/><V37/><F21/><AGARI ba="0,1" hai="12,16,17,21,23,26,92,98,99,100,102,107,120,122" machi="21" ten="30,7700,0" yaku="7,1,52,2,54,1" doraHai="118" who="0" fromWho="2" sc="229,87,277,0,303,-77,181,0" /><INIT seed="3,0,0,4,5,19" ten="316,277,226,181" oya="3" hai0="58,3,128,2,33,70,112,127,6,48,122,110,57" hai1="117,106,82,111,20,91,49,16,78,132,97,13,113" hai2="92,107,4,118,133,14,104,21,51,39,109,103,87" hai3="22,9,90,18,56,7,52,15,61,41,89,62,81"/><W17/><G41/><T100/><D122/><U134/><E113/><V105/><F39/><W30/><G61/><T1/><D112/><U77/><E111/><V130/><F118/><W29/><G18/><T24/><D110/><U121/><E121/><V67/><F109/><W11/><G11/><T35/><D70/><U66/><E66/><V53/><F67/><W96/><G81/><T131/><D127/><U37/><E37/><V25/><F130/><N who="0" m="49706" /><D100/><N who="1" m="62735" /><E117/><V101/><F133/><N who="1" m="51305" /><E49/><V69/><F69/><W120/><G120/><T83/><D83/><U73/><E91/><N who="3" m="34826" /><G96/><T55/><D6/><U99/><E99/><V54/><F87/><W64/><G64/><T124/><D124/><U79/><AGARI ba="0,0" hai="13,16,20,73,77,78,79,82" m="51305,62735" machi="79" ten="30,4000,0" yaku="20,1,52,1,54,1" doraHai="19" who="1" fromWho="1" sc="316,-10,277,40,226,-10,181,-20" /><INIT seed="4,0,0,1,2,18" ten="306,317,216,161" oya="0" hai0="48,124,135,129,15,120,21,2,130,6,1,123,105" hai1="71,0,75,34,109,55,22,88,69,65,3,102,36" hai2="54,108,52,78,40,93,30,91,62,112,116,118,47" hai3="43,94,39,95,126,7,128,44,121,101,42,27,46"/><T9/><D105/><U41/><E109/><V82/><F108/><W73/><G73/><T63/><D63/><U8/><E34/><V53/><F30/><W117/><G117/><T107/><D107/><U33/><E33/><V16/><F112/><W115/><G115/><T104/><D104/><U76/><E102/><V59/><F116/><W81/><G126/><T38/><D38/><U79/><E55/><V64/><F118/><W83/><G128/><N who="0" m="49259" /><D48/><U31/><E8/><V72/><F16/><W56/><G121/><N who="0" m="46667" /><D124/><U111/><E36/><V61/><F61/><W87/><G56/><T85/><D85/><U58/><E75/><V49/><REACH who="2" step="1"/><F64/><REACH who="2" ten="306,317,206,161" step="2"/><W103/><G7/><T32/><D32/><U114/><E65/><V4/><F4/><W37/><REACH who="3" step="1"/><G87/><AGARI ba="0,1" hai="40,47,49,52,53,54,59,62,72,78,82,87,91,93" machi="87" ten="30,7700,0" yaku="1,1,7,1,54,1,53,1" doraHai="18" doraHaiUra="89" who="2" fromWho="3" sc="306,0,317,0,206,87,161,-77" /><INIT seed="5,0,0,4,2,84" ten="306,317,293,84" oya="1" hai0="64,126,94,134,68,88,45,135,98,21,76,19,69" hai1="48,40,33,83,87,116,28,4,53,108,66,32,103" hai2="55,120,110,109,8,63,44,89,20,3,37,99,50" hai3="59,104,78,1,15,0,29,25,42,107,35,97,131"/><U93/><E116/><V75/><F120/><W49/><G131/><T26/><D126/><U90/><E108/><V13/><F75/><W106/><G78/><T27/><D76/><U132/><E132/><N who="0" m="50729" /><D64/><U39/><E4/><V14/><F37/><W114/><G114/><T11/><D11/><U17/><E66/><V10/><F3/><W70/><G70/><N who="0" m="27243" /><D45/><N who="1" m="25639" /><E39/><V117/><F117/><W31/><G31/><T119/><D119/><U23/><E32/><V127/><F127/><W130/><G130/><T61/><D61/><U111/><E33/><V41/><F63/><W62/><G15/><AGARI ba="0,0" hai="15,19,21,26,27,88,94,98" m="27243,50729" machi="15" ten="30,3900,0" yaku="20,1,52,1,54,1" doraHai="84" who="0" fromWho="3" sc="306,39,317,0,293,0,84,-39" /><INIT seed="6,0,0,5,3,77" ten="345,317,293,45" oya="2" hai0="60,115,30,26,28,31,70,111,32,121,82,23,18" hai1="110,20,124,49,62,119,24,75,48,99,6,123,76" hai2="83,5,41,57,134,105,52,112,39,9,97,3,55" hai3="8,79,133,74,71,106,128,50,29,108,73,98,51"/><V53/><F112/><W43/><G108/><T69/><D111/><U125/><E110/><V87/><F134/><W38/><G133/><T113/><D121/><U16/><E119/><V91/><F39/><W102/><G128/><T27/><D70/><U2/><E123/><V64/><F41/><W40/><G71/><T1/><D1/><U92/><E62/><V120/><F120/><W117/><G117/><T44/><D44/><U67/><E67/><V130/><F130/><W58/><G29/><T90/><D69/><U129/><E129/><V114/><F114/><N who="0" m="43530" /><D60/><U107/><E107/><V86/><F64/><W95/><G106/><T56/><D56/><U13/><E2/><V25/><F25/><W11/><G58/><T10/><D10/><N who="1" m="4311" /><E76/><V89/><F97/><W4/><G74/><T109/><D109/><U54/><E54/><V35/><F35/><W47/><G11/><T93/><D82/><U122/><E75/><V104/><REACH who="2" step="1"/><F57/><REACH who="2" ten="345,317,283,45" step="2"/><W22/><G40/><T101/><D101/><N who="1" m="60647" /><E122/><V72/><F72/><W14/><REACH who="3" step="1"/><G22/><REACH who="3" ten="345,317,283,35" step="2"/><T63/><D63/><U17/><E20/><V36/><F36/><W126/><G126/><T66/><D66/><U80/><E125/><V46/><F46/><W33/><G33/><T65/><D65/><U68/><E68/><V81/><AGARI ba="0,2" hai="3,5,9,52,53,55,81,83,86,87,89,91,104,105" machi="81" ten="30,18000,2" yaku="1,1,0,1,9,1,52,2,54,1,53,0" doraHai="77" doraHaiUra="116" who="2" fromWho="2" sc="345,-60,317,-60,283,200,35,-60" owari="285,8.5,257,-14.3,483,58.3,-25,-52.5" /></mjloggm>