<mjloggm ver="2.3"><GO type="169" lobby="0"/><UN n0="%68%69%74%6F%6D%69" n1="%E6%9C%AC%E5%AE%B6%E3%81%8B%E3%81%BE%E3%81%A9%E3%82%84" n2="%6E%61%67%61%69%6D%6F" n3="%73%61%69%63%68%61%6E%7A" dan="16,16,16,17" rate="2104.79,2135.59,2147.59,2161.47" sx="F,M,M,M"/><TAIKYOKU oya="0"/><INIT seed="0,0,0,5,0,48" ten="250,250,250,250" oya="0" hai0="17,39,106,76,89,56,7,3,44,6,85,52,95" hai1="82,79,70,67,71,101,28,24,50,0,78,33,60" hai2="130,61,124,63,97,90,88,5,81,15,23,98,36" hai3="115,58,68,135,72,77,18,133,132,73,16,62,11"/><T91/><D106/><U53/><E0/><V65/><F36/><W122/><G68/><T43/><D3/><U54/><E71/><V84/><F130/><W120/><G115/><T55/><D76/><U126/><E126/><V87/><F124/><W96/><G96/><T116/><D116/><U49/><E101/><V51/><F51/><W25/><G11/><T118/><D118/><U9/><E9/><V114/><F114/><W108/><G108/><T59/><D17/><N who="3" m="6761" /><G25/><T117/><D117/><U109/><E109/><V80/><F23/><W99/><G99/><T92/><D59/><U46/><REACH who="1" step="1"/><E82/><REACH who="1" ten="250,240,250,250" step="2"/><V128/><F128/><W74/><G77/><T129/><D129/><U26/><E26/><V1/><F1/><W111/><G111/><T121/><D121/><N who="3" m="46697" /><G72/><T100/><D100/><U2/><E2/><V35/><F35/><W112/><G112/><T20/><D20/><U75/><E75/><V64/><F15/><W14/><G14/><T119/><D119/><U105/><E105/><V134/><F5/><W12/><G12/><T45/><D7/><U37/><E37/><V110/><F110/><W8/><G8/><T131/><D6/><U47/><AGARI ba="0,1" hai="24,28,33,46,47,49,50,53,54,60,67,70,78,79" machi="47" ten="20,16000,3" yaku="1,1,0,1,7,1,9,1,52,2,53,2" doraHai="48" doraHaiUra="42" who="1" fromWho="1" sc="250,-80,240,170,250,-40,250,-40" /><INIT seed="1,0,0,2,4,41" ten="170,410,210,210" oya="1" hai0="74,60,51,76,97,104,43,32,75,42,117,128,26" hai1="50,119,85,124,16,18,59,28,70,106,118,95,73" hai2="38,68,112,87,84,101,79,15,93,89,100,39,78" hai3="125,71,133,54,63,36,12,40,69,52,62,110,77"/><U3/><E106/><V116/><F68/><N who="3" m="26187" /><G12/><T30/><D117/><U86/><E70/><V99/><F116/><W92/><G92/><T35/><D60/><N who="3" m="23081" /><G77/><N who="2" m="29193" /><F38/><W121/><G121/><T57/><D43/><U83/><E59/><V17/><F39/><W61/><G133/><T64/><D64/><U22/><E3/><V82/><F112/><W105/><G105/><T123/><D35/><U33/><E95/><V45/><F84/><W11/><G11/><T90/><D76/><U115/><E115/><V49/><F99/><W127/><G110/><T19/><D104/><U91/><E73/><V120/><F93/><W135/><G135/><T0/><D123/><U114/><E114/><V108/><F108/><W53/><G61/><T27/><D75/><U109/><E33/><V88/><F89/><W9/><G9/><T8/><D90/><U122/><E122/><V23/><F120/><W14/><G14/><N who="0" m="7623" /><D0/><U81/><E91/><V10/><F23/><W47/><AGARI ba="0,0" hai="36,40,47,52,53,54,125,127" m="23081,26187" machi="47" ten="40,8000,1" yaku="34,2,52,1,54,1" doraHai="41" who="3" fromWho="3" sc="170,-20,410,-40,210,-20,210,80" /><INIT seed="2,0,0,1,5,32" ten="150,370,190,290" oya="2" hai0="42,2,124,18,127,27,84,108,116,115,61,73,33" hai1="23,56,77,123,24,59,86,10,14,133,1,131,87" hai2="0,89,122,25,104,109,119,11,88,60,37,128,13" hai3="106,91,46,135,98,8,82,134,125,35,117,26,81"/><V69/><F122/><W4/><G117/><T120/><D120/><U38/><E38/><V50/><F119/><W20/><G35/><T99/><D73/><U15/><E131/><V21/><F37/><W53/><G125/><N who="0" m="48203" /><D108/><U67/><E133/><N who="3" m="50698" /><G46/><T70/><D115/><U101/><E101/><V71/><F104/><W19/><G53/><T72/><D72/><U110/><E67/><V107/><F107/><W112/><G112/><T52/><D42/><U97/><E97/><V118/><F118/><W22/><G22/><N who="0" m="13783" /><D99/><U80/><E110/><V28/><F109/><W105/><G105/><T3/><D33/><U7/><E87/><V47/><F128/><W62/><G62/><T129/><D129/><U9/><E123/><V30/><F30/><W90/><G90/><T121/><D121/><U76/><E76/><V31/><F31/><W54/><G54/><T63/><D116/><U57/><REACH who="1" step="1"/><E10/><REACH who="1" ten="150,360,190,290" step="2"/><V65/><F71/><W41/><G98/><T49/><D84/><U5/><E5/><V58/><F69/><W6/><G6/><T79/><D79/><U102/><E102/><V68/><F68/><W29/><G4/><T113/><D113/><U83/><E83/><V114/><F114/><W44/><G91/><T51/><D70/><U16/><AGARI ba="0,1" hai="1,7,9,14,15,16,23,24,56,57,59,77,80,86" machi="16" ten="30,7900,0" yaku="1,1,0,1,52,1,54,1,53,0" doraHai="32" doraHaiUra="103" who="1" fromWho="1" sc="150,-20,360,89,190,-39,290,-20" /><INIT seed="3,0,0,0,2,101" ten="130,449,151,270" oya="3" hai0="14,123,43,124,36,121,66,132,26,54,45,106,41" hai1="30,38,40,61,119,55,23,77,2,49,131,116,8" hai2="79,15,5,4,82,3,133,110,105,113,94,37,90" hai3="74,67,109,25,135,50,78,51,95,100,75,118,98"/><W22/><G118/><N who="1" m="45098" /><E131/><V12/><F37/><W91/><G135/><T102/><D132/><U129/><E129/><V87/><F133/><W21/><G109/><T104/><D66/><U0/><E77/><V107/><F110/><W24/><G67/><T88/><D102/><U34/><E34/><V89/><F113/><W72/><G78/><T93/><D43/><U86/><E86/><V125/><F125/><W27/><REACH who="3" step="1"/><G100/><REACH who="3" ten="130,449,151,260" step="2"/><T92/><D124/><U69/><E69/><V19/><F90/><W122/><G122/><T120/><D88/><U128/><E128/><V11/><F4/><W103/><G103/><T32/><D123/><U56/><E38/><V6/><F6/><W47/><G47/><T10/><D121/><U53/><E2/><V46/><F46/><W114/><G114/><T17/><D120/><U18/><E0/><V97/><REACH who="2" step="1"/><F3/><REACH who="2" ten="130,449,141,260" step="2"/><W1/><G1/><T81/><D45/><U68/><E68/><V84/><F84/><W130/><G130/><T31/><D36/><U111/><E111/><V80/><F80/><W16/><G16/><T73/><D81/><U126/><E18/><V127/><F127/><W62/><G62/><T112/><D17/><U60/><E61/><V20/><AGARI ba="0,2" hai="5,11,12,15,19,20,79,82,87,89,94,97,105,107" machi="20" ten="20,8000,1" yaku="1,1,0,1,7,1,52,2,53,0" doraHai="101" doraHaiUra="134" who="2" fromWho="2" sc="130,-20,449,-20,141,100,260,-40" /><INIT seed="4,0,0,2,0,41" ten="110,429,241,220" oya="0" hai0="63,6,105,74,94,3,33,83,82,120,124,134,25" hai1="60,104,43,37,84,96,66,56,118,29,81,34,11" hai2="22,125,28,65,68,20,70,109,24,12,19,30,2" hai3="129,102,67,80,36,8,38,31,59,106,32,75,131"/><T114/><D120/><U48/><E118/><V49/><F2/><W121/><G8/><T95/><D114/><U14/><E37/><V55/><F109/><W112/><G112/><T107/><D124/><U110/><E110/><V54/><F125/><W61/><G121/><T87/><D134/><U126/><E29/><V10/><F55/><W27/><G80/><T44/><D74/><U132/><E34/><V46/><F65/><W98/><REACH who="3" step="1"/><G75/><REACH who="3" ten="110,429,241,210" step="2"/><T58/><D83/><U113/><E126/><V135/><F135/><W23/><G23/><T40/><D107/><U21/><E21/><V117/><F117/><W16/><G16/><T51/><D105/><U78/><E132/><V9/><F9/><W45/><G45/><T39/><D3/><U17/><E104/><V50/><F50/><W52/><G52/><N who="0" m="34247" /><D33/><U71/><E113/><V69/><REACH who="2" step="1"/><F22/><REACH who="2" ten="110,429,231,210" step="2"/><W88/><G88/><N who="0" m="51319" /><D39/><AGARI ba="0,2" hai="27,31,32,36,38,39,59,61,67,98,102,106,129,131" machi="39" ten="40,1300,0" yaku="1,1,53,0" doraHai="41" doraHaiUra="128" who="3" fromWho="0" sc="110,-13,429,0,231,0,210,33" /><INIT seed="5,0,0,4,0,103" ten="97,429,231,243" oya="1" hai0="30,10,51,20,109,96,70,42,115,106,128,98,104" hai1="110,62,91,44,124,118,35,68,34,87,66,5,129" hai2="29,75,74,22,102,89,125,133,19,78,45,81,130" hai3="127,6,122,69,40,112,18,120,82,28,119,90,79"/><U1/><E118/><V80/><F133/><W134/><G134/><T105/><D109/><U94/><E110/><V38/><F130/><W83/><G69/><T101/><D128/><U76/><E124/><V56/><F125/><W11/><G127/><T15/><D115/><U36/><E76/><V27/><F74/><W13/><G112/><T12/><D70/><U25/><E25/><V73/><F73/><W131/><G131/><T111/><D111/><U53/><E1/><V39/><F45/><W58/><G119/><T97/><D101/><U17/><E5/><V93/><F81/><W95/><G28/><T55/><D42/><U8/><E36/><V67/><F19/><W48/><G18/><T49/><D49/><U63/><E63/><V32/><F32/><W77/><G83/><T60/><D60/><U7/><E7/><V9/><F9/><W47/><G58/><T100/><D100/><U99/><E99/><V135/><F135/><W16/><G6/><T26/><REACH who="0" step="1"/><D10/><REACH who="0" ten="87,429,231,243" step="2"/><U107/><E8/><V33/><F102/><W92/><G48/><T88/><D88/><U116/><E62/><V57/><F39/><W64/><G90/><T86/><D86/><U41/><E68/><V126/><F38/><W0/><G40/><T59/><AGARI ba="0,1" hai="12,15,20,26,30,51,55,59,96,97,98,104,105,106" machi="59" ten="40,8000,1" yaku="1,1,0,1,52,3,53,0" doraHai="103" doraHaiUra="31" who="0" fromWho="0" sc="87,90,429,-40,231,-20,243,-20" /><INIT seed="6,0,0,3,0,114" ten="177,389,211,223" oya="2" hai0="124,23,61,123,9,5,69,115,60,1,121,84,51" hai1="82,36,12,127,75,73,102,134,130,104,91,55,106" hai2="8,92,122,126,118,26,77,37,110,11,132,41,31" hai3="50,101,14,52,103,54,29,93,66,40,48,90,71"/><V46/><F122/><W20/><G40/><T81/><D115/><U111/><E36/><V34/><F132/><W98/><G66/><T43/><D124/><U107/><E55/><V80/><F126/><W53/><G71/><T25/><D69/><U79/><E12/><V47/><F110/><W39/><G39/><T96/><D123/><U128/><E111/><V65/><F47/><W86/><G101/><T113/><D121/><U16/><E16/><V72/><F65/><W76/><G76/><T63/><D96/><N who="1" m="61511" /><E134/><V0/><F92/><N who="3" m="58823" /><G14/><T85/><D113/><U21/><E21/><V10/><REACH who="2" step="1"/><F118/><REACH who="2" ten="177,389,201,223" step="2"/><W35/><G35/><T27/><D81/><U112/><E127/><V116/><F116/><W117/><G117/><T125/><D125/><U131/><E112/><V59/><F59/><W133/><G133/><T120/><D120/><U105/><E75/><V64/><F64/><W38/><G38/><T42/><D42/><U4/><E73/><V58/><F58/><W18/><G50/><T135/><D135/><U13/><E82/><V28/><F28/><W24/><G48/><T57/><D43/><U109/><E107/><V32/><F32/><W15/><G53/><T68/><D68/><U83/><E106/><V95/><F95/><W45/><G45/><T3/><D51/><U62/><E105/><V56/><F56/><W88/><G52/><T7/><D57/><U6/><E83/><V30/><F30/><W70/><G54/><T2/><D61/><U44/><E62/><V74/><F74/><W97/><G70/><T33/><D63/><U119/><E109/><RYUUKYOKU ba="0,1" sc="177,-10,389,-10,201,30,223,-10" hai2="0,8,10,11,26,31,34,37,41,46,72,77,80" /><INIT seed="6,1,1,1,3,99" ten="167,379,231,213" oya="2" hai0="45,104,39,72,42,102,83,59,16,133,110,86,84" hai1="121,91,55,34,117,135,85,76,47,131,30,111,12" hai2="124,97,88,105,33,53,13,18,96,48,92,61,54" hai3="74,62,0,134,10,3,109,21,106,24,108,2,60"/><V46/><F33/><W114/><G74/><T11/><D110/><U36/><E111/><V115/><F115/><W116/><G116/><T89/><D133/><U123/><E76/><V77/><F77/><W113/><G106/><T41/><D41/><U101/><E135/><V28/><F28/><N who="3" m="17423" /><G134/><T80/><D72/><U125/><E117/><V94/><F105/><W50/><G50/><T7/><D59/><U132/><E125/><V79/><F79/><W107/><G107/><T81/><D16/><U103/><E34/><V129/><F124/><W69/><G62/><T127/><D127/><U15/><E30/><V4/><F129/><W57/><G69/><T19/><D19/><U87/><E36/><V43/><F4/><W68/><G68/><T64/><D64/><U32/><E32/><V67/><F67/><N who="3" m="39311" /><G10/><T38/><D38/><U112/><E131/><V63/><F63/><W126/><G126/><T120/><D120/><U58/><E132/><V5/><F5/><W23/><G23/><T119/><D119/><U20/><E20/><N who="2" m="11343" /><F61/><W98/><G98/><T25/><D25/><U128/><E128/><V78/><F78/><W90/><G90/><AGARI ba="1,1" hai="43,46,48,53,54,88,90,92,94,96,97" m="11343" machi="90" ten="30,2900,0" yaku="8,1,54,1" doraHai="99" who="2" fromWho="3" sc="167,0,379,0,231,42,213,-32" /><INIT seed="6,2,0,1,1,83" ten="167,379,273,181" oya="2" hai0="86,15,34,6,50,72,49,3,37,110,105,123,40" hai1="125,42,91,5,7,113,127,100,81,80,132,95,111" hai2="52,109,128,89,118,28,87,46,134,114,130,65,54" hai3="0,24,31,45,122,107,99,36,70,129,8,39,10"/><V116/><F114/><W55/><G122/><T27/><D110/><U78/><E111/><V18/><F109/><W47/><G129/><N who="2" m="49769" /><F28/><W29/><G70/><T2/><D72/><U121/><E113/><V93/><F65/><W68/><G68/><T21/><D105/><U102/><E121/><V19/><F134/><W101/><G29/><T32/><D37/><U133/><E42/><V23/><F19/><W48/><G0/><T69/><D69/><U90/><E95/><V124/><F124/><W62/><G62/><T119/><D123/><U38/><E78/><V4/><F4/><W88/><G39/><AGARI ba="2,0" hai="5,7,38,39,80,81,90,91,100,102,125,127,132,133" machi="39" ten="25,1600,0" yaku="22,2" doraHai="83" who="1" fromWho="3" sc="167,0,379,22,273,0,181,-22" /><INIT seed="7,0,0,3,4,8" ten="167,401,273,159" oya="3" hai0="9,67,130,69,51,71,128,65,35,104,127,119,100" hai1="66,102,36,27,87,1,129,79,116,25,54,38,62" hai2="30,45,68,64,23,34,89,76,39,86,13,61,19" hai3="115,70,15,88,94,75,29,85,112,77,133,44,12"/><W99/><G70/><N who="0" m="26635" /><D119/><U32/><E1/><V57/><F76/><W40/><G75/><T47/><D35/><U50/><E129/><N who="0" m="49769" /><D127/><U117/><E102/><V95/><F68/><W5/><G133/><T90/><D90/><U6/><E6/><V63/><F63/><W48/><G29/><T0/><D100/><U132/><E132/><V135/><F135/><W43/><G43/><N who="0" m="25087" /><D104/><U122/><E122/><V7/><F7/><AGARI ba="0,0" hai="0,7,9,65,67" m="25087,49769,26635" machi="7" ten="30,1000,0" yaku="19,1" doraHai="8" who="0" fromWho="2" sc="167,10,401,0,273,-10,159,0" owari="177,-22.3,401,50.1,263,6.3,159,-34.1" /></mjloggm>