<mjloggm ver="2.3"><GO type="169" lobby="0"/><UN n0="%E8%B5%A4%E6%9C%A8%E3%81%97%E3%81%92%E3%82%8B" n1="%E3%81%B1%E3%82%93%E3%81%AA%E3%81%93%E3%81%BE%E3%81%A3%E3%81%9F" n2="%E8%B5%A4%E7%BE%8E%E6%BF%83%E3%81%BE%E3%81%90%E3%82%8D" n3="%E6%AF%94%E5%98%89%E6%84%9B%E6%9C%AA" dan="16,17,16,19" rate="2051.91,2184.58,2147.19,2271.72" sx="M,M,M,F"/><TAIKYOKU oya="0"/><INIT seed="0,0,0,2,1,113" ten="250,250,250,250" oya="0" hai0="53,37,47,31,132,61,66,89,28,22,71,49,56" hai1="0,101,20,72,24,105,86,79,98,109,100,104,50" hai2="102,97,118,35,5,52,44,87,18,54,85,135,10" hai3="69,99,32,6,124,123,9,93,64,48,12,68,7"/><T33/><D132/><U8/><E109/><V36/><F135/><W3/><G32/><T34/><D89/><U27/><E72/><V65/><F35/><N who="0" m="13322" /><D22/><U77/><E0/><V96/><F65/><W119/><G124/><T82/><D82/><U2/><E2/><V94/><F18/><W1/><G123/><T121/><D121/><U14/><E50/><V23/><F23/><W122/><G122/><T76/><D76/><U84/><E20/><V75/><F75/><W19/><G64/><T129/><D129/><U40/><E40/><AGARI ba="0,0" hai="28,31,37,40,47,49,53,56,61,66,71" m="13322" machi="40" ten="30,1500,0" yaku="24,1" doraHai="113" who="0" fromWho="1" sc="250,15,250,-15,250,0,250,0" /><INIT seed="0,1,0,5,0,117" ten="265,235,250,250" oya="0" hai0="63,67,103,34,124,8,70,33,42,23,119,130,61" hai1="0,72,46,88,95,14,38,48,116,69,27,131,102" hai2="16,1,76,52,22,50,120,10,92,13,71,60,114" hai3="79,78,35,5,29,94,31,85,111,18,62,97,4"/><T121/><D119/><U55/><E116/><V59/><F114/><W7/><G111/><T129/><D42/><U47/><E0/><V75/><F120/><W26/><G31/><T101/><D8/><U118/><E118/><V24/><F1/><W41/><G41/><T96/><D23/><U112/><E72/><V86/><F75/><W99/><G18/><T68/><D96/><U9/><E69/><V123/><F123/><W37/><G37/><T73/><D73/><U57/><E131/><V80/><F92/><W132/><G132/><T30/><D30/><U54/><E102/><V2/><F2/><W11/><G11/><T108/><D108/><U39/><E27/><V93/><F93/><W127/><G127/><T125/><REACH who="0" step="1"/><D67/><REACH who="0" ten="255,235,250,250" step="2"/><U84/><E112/><V87/><F87/><W126/><G85/><T25/><D25/><U44/><REACH who="1" step="1"/><E54/><REACH who="1" ten="255,225,250,250" step="2"/><V113/><F113/><W58/><G26/><T56/><D56/><U21/><E21/><V66/><F24/><W81/><G58/><T100/><D100/><U109/><E109/><V106/><F22/><W40/><G40/><T32/><D32/><U45/><N who="1" m="11264" /><DORA hai="64" /><U105/><E105/><V6/><REACH who="2" step="1"/><F106/><REACH who="2" ten="255,225,240,250" step="2"/><W115/><G29/><T77/><D77/><U128/><E128/><V43/><F43/><W51/><G79/><T65/><D65/><U82/><E82/><V36/><F36/><W90/><G81/><T19/><D19/><AGARI ba="1,3" hai="9,14,19,38,39,48,55,57,84,88,95" m="11264" machi="19" ten="50,3200,0" yaku="1,1,54,1,53,0" doraHai="117,64" doraHaiUra="110,20" who="1" fromWho="0" sc="255,-35,225,65,240,0,250,0" /><AGARI ba="1,0" hai="6,10,13,16,19,50,52,59,60,66,71,76,80,86" machi="19" ten="40,8000,1" yaku="1,1,52,1,54,2,53,0" doraHai="117,64" doraHaiUra="110,20" who="2" fromWho="0" sc="220,-80,290,0,240,80,250,0" /><INIT seed="1,0,0,4,0,118" ten="140,290,320,250" oya="1" hai0="82,119,131,95,92,39,52,58,56,75,60,28,93" hai1="132,94,103,91,122,12,38,27,49,18,78,115,37" hai2="59,68,11,53,10,48,83,36,66,96,25,113,99" hai3="114,89,55,79,123,26,126,0,13,84,42,7,45"/><U101/><E115/><V128/><F128/><W3/><G114/><T21/><D119/><U33/><E132/><V109/><F109/><W34/><G123/><T111/><D39/><U14/><E78/><V77/><F113/><W71/><G71/><T23/><D111/><U8/><E122/><V67/><F36/><W5/><G79/><T121/><D121/><U29/><E38/><V44/><F68/><W50/><G126/><T74/><D131/><U1/><E1/><V98/><F25/><W46/><G13/><T24/><D21/><U43/><E37/><V32/><F32/><W80/><G0/><T86/><REACH who="0" step="1"/><D58/><REACH who="0" ten="130,290,320,250" step="2"/><U16/><E49/><V69/><F69/><W9/><G50/><T100/><D100/><U85/><REACH who="1" step="1"/><E43/><REACH who="1" ten="130,280,320,250" step="2"/><V76/><F48/><W4/><G42/><T57/><D57/><U6/><E6/><V125/><F59/><W102/><G5/><T31/><D31/><U88/><E88/><AGARI ba="0,2" hai="23,24,28,52,56,60,74,75,82,86,88,92,93,95" machi="88" ten="40,5200,0" yaku="1,1,54,2,53,0" doraHai="118" doraHaiUra="108" who="0" fromWho="1" sc="130,72,280,-52,320,0,250,0" /><INIT seed="2,0,0,5,4,123" ten="202,228,320,250" oya="2" hai0="73,69,135,34,20,105,126,92,76,27,0,43,51" hai1="130,33,15,6,85,134,42,72,29,64,62,112,122" hai2="68,36,59,94,90,30,113,129,26,32,3,38,86" hai3="47,131,37,67,119,132,66,13,98,65,63,93,21"/><V101/><F68/><W53/><G119/><T18/><D105/><U23/><E72/><V121/><F121/><W7/><G132/><T49/><D69/><U46/><E122/><V5/><F113/><W97/><G131/><T120/><D0/><U80/><E112/><V77/><F129/><W110/><G37/><T70/><D70/><U31/><E33/><V19/><F101/><W61/><G97/><T41/><D92/><U35/><E35/><V116/><F116/><W124/><G124/><T54/><D34/><U25/><E134/><V103/><F103/><W48/><G110/><T102/><D102/><U17/><E130/><V52/><F77/><W9/><G21/><T84/><D73/><U44/><E6/><V91/><F19/><W108/><G108/><T107/><D107/><U58/><E42/><V11/><REACH who="2" step="1"/><F91/><AGARI ba="0,0" hai="7,9,13,47,48,53,61,63,65,66,67,91,93,98" machi="91" ten="40,1300,0" yaku="8,1" doraHai="123" who="3" fromWho="2" sc="202,0,228,0,320,-13,250,13" /><INIT seed="3,0,0,2,1,95" ten="202,228,307,263" oya="3" hai0="79,132,27,59,7,67,88,134,135,2,15,124,98" hai1="11,64,93,96,72,70,37,119,101,22,36,39,6" hai2="74,63,106,117,97,121,86,55,52,18,33,128,28" hai3="122,9,4,61,103,0,111,13,92,12,75,30,87"/><W114/><G114/><T8/><D79/><U120/><E120/><V47/><F74/><W34/><G122/><T77/><D77/><U85/><E72/><V45/><F117/><W25/><G75/><T44/><D44/><U57/><E119/><V105/><F86/><W118/><G118/><T129/><D27/><U73/><E73/><V5/><F5/><W65/><G111/><T89/><D89/><U20/><E57/><V116/><F18/><W42/><G42/><T126/><D2/><U46/><E46/><V115/><F28/><W68/><REACH who="3" step="1"/><G87/><REACH who="3" ten="202,228,307,253" step="2"/><T66/><D129/><U84/><E85/><V29/><F115/><W16/><G16/><N who="0" m="8295" /><D59/><U83/><E70/><V32/><F121/><W19/><G19/><T100/><D7/><U35/><E84/><V56/><F116/><W82/><G82/><T21/><D21/><U38/><E83/><V125/><F29/><W123/><G123/><T99/><D100/><U23/><E35/><V53/><F32/><W107/><G107/><T10/><D10/><U43/><E43/><V112/><F33/><W60/><G60/><T17/><D17/><U49/><E11/><V71/><F106/><W62/><G62/><T50/><D132/><U51/><E6/><V24/><F105/><W130/><G130/><T76/><D134/><U80/><E80/><V58/><F112/><W54/><G54/><T81/><D135/><U41/><E64/><V40/><F40/><W108/><G108/><T109/><D109/><U102/><E102/><V26/><F128/><W104/><G104/><T1/><D66/><U48/><E41/><RYUUKYOKU ba="0,1" sc="202,-10,228,-10,307,-10,253,30" hai3="0,4,9,12,13,25,30,34,61,65,68,92,103" /><INIT seed="3,1,1,0,3,110" ten="192,218,297,283" oya="3" hai0="73,128,123,10,23,15,65,100,30,64,132,2,81" hai1="106,13,66,29,94,0,63,24,7,101,58,5,53" hai2="61,34,19,3,45,55,79,85,92,48,102,87,54" hai3="67,90,46,8,126,12,76,50,95,17,75,130,27"/><W6/><G130/><T117/><D128/><U39/><E39/><V1/><F34/><W74/><G126/><T21/><D123/><U120/><E120/><V70/><F3/><W69/><G76/><T43/><D117/><U71/><E0/><V127/><F1/><W36/><G36/><T51/><D2/><U44/><E44/><V107/><F107/><W59/><G69/><T122/><D100/><U32/><E94/><V109/><F109/><W98/><G67/><T33/><D33/><U16/><E101/><V47/><F70/><W38/><G59/><T118/><D132/><U42/><E42/><V4/><F4/><W9/><G38/><T83/><D73/><U89/><E89/><N who="2" m="53295" /><F102/><W86/><G86/><T105/><D105/><U57/><E106/><V25/><F127/><W135/><G135/><T124/><D124/><U35/><E35/><V22/><F61/><W116/><G116/><T103/><D103/><U111/><E111/><V80/><F47/><W31/><G6/><T18/><D51/><U41/><E71/><V20/><F20/><N who="3" m="15847" /><G74/><T84/><D122/><U82/><E82/><V68/><F68/><W99/><G75/><T104/><D81/><U108/><E108/><V11/><F11/><N who="3" m="6303" /><G99/><T96/><D96/><U52/><E66/><V60/><F60/><W129/><G129/><T77/><D64/><U131/><E131/><V125/><F125/><W26/><G26/><T93/><D65/><U28/><E7/><V133/><F133/><W49/><G49/><T40/><D118/><U121/><E5/><V78/><F78/><W91/><G91/><RYUUKYOKU ba="1,1" sc="192,-15,218,-15,297,15,283,15" hai2="19,22,25,45,48,54,55,79,80,87" hai3="8,9,46,50,90,95,98" /><INIT seed="3,2,1,1,3,130" ten="177,203,312,298" oya="3" hai0="28,40,23,97,135,48,41,102,56,63,58,27,42" hai1="57,43,53,115,114,88,33,60,17,107,54,134,34" hai2="126,65,113,29,64,30,74,125,93,129,47,3,119" hai3="44,38,12,68,36,111,32,19,132,112,127,98,86"/><W73/><G112/><T37/><D37/><U71/><E107/><V100/><F74/><W96/><G73/><T62/><D135/><U21/><E71/><V124/><F3/><W22/><G32/><T120/><D120/><U116/><E116/><V35/><F119/><W26/><G68/><T15/><D15/><U82/><E43/><V20/><F35/><W85/><G38/><T70/><D70/><U87/><E34/><V5/><F5/><W31/><G127/><T25/><D25/><U128/><E33/><V118/><F118/><W10/><G132/><T78/><D78/><U94/><E128/><V52/><F113/><W13/><G111/><T8/><D8/><U9/><E9/><V122/><F122/><W103/><G13/><T80/><D80/><U69/><E69/><V11/><F11/><W83/><G103/><T75/><D75/><U91/><E54/><V55/><F129/><W59/><G59/><T0/><D0/><U84/><REACH who="1" step="1"/><E134/><REACH who="1" ten="177,193,312,298" step="2"/><V76/><F55/><W123/><G123/><T105/><D40/><U18/><E18/><V106/><F106/><W117/><G117/><T131/><D131/><U7/><E7/><V24/><F52/><W89/><G19/><T90/><D41/><U104/><E104/><V46/><F30/><W109/><G31/><T72/><D42/><U1/><E1/><V110/><F126/><W101/><G10/><T92/><D105/><U77/><E77/><V49/><F124/><W79/><G79/><T99/><D28/><U14/><AGARI ba="2,2" hai="14,17,21,53,57,60,82,84,87,88,91,94,114,115" machi="14" ten="20,8000,1" yaku="1,1,0,1,7,1,54,1,53,1" doraHai="130" doraHaiUra="16" who="1" fromWho="1" sc="177,-22,193,106,312,-22,298,-42" /><INIT seed="4,0,0,5,2,39" ten="155,299,290,256" oya="0" hai0="15,87,52,79,48,77,128,129,109,29,24,95,0" hai1="13,89,68,14,75,58,72,99,42,97,117,64,107" hai2="91,55,4,46,17,22,37,108,124,51,94,85,32" hai3="40,6,60,19,61,28,127,131,21,1,133,102,114"/><T12/><D0/><U98/><E68/><V126/><F108/><W53/><G114/><T123/><D123/><U7/><E117/><V112/><F112/><W81/><G133/><T135/><D135/><U26/><E107/><V59/><F32/><W74/><G28/><T118/><D118/><U56/><E26/><V65/><F4/><W38/><G102/><T88/><D109/><U3/><E3/><V100/><F100/><W57/><G131/><N who="0" m="50251" /><D12/><U92/><E75/><V106/><F106/><W11/><G127/><T111/><D15/><N who="1" m="5643" /><E72/><V101/><F101/><W130/><G130/><T93/><D93/><U23/><E7/><V67/><F22/><W110/><G110/><T134/><D134/><U35/><E35/><V50/><F17/><W83/><G19/><T122/><D122/><U80/><E80/><V49/><F37/><W70/><G21/><N who="0" m="15503" /><D111/><U115/><E23/><V31/><F31/><W33/><G33/><T63/><D63/><N who="1" m="37991" /><E115/><V86/><F126/><W105/><G105/><T10/><D10/><U36/><E36/><V103/><F124/><W82/><G70/><T25/><D25/><U120/><E120/><V27/><F27/><W119/><G119/><T41/><D41/><U16/><E42/><V18/><F18/><W20/><G20/><T34/><D34/><U62/><E16/><V5/><F5/><W84/><G61/><T104/><D104/><U54/><AGARI ba="0,0" hai="54,58,62,89,92,97,98,99" m="37991,5643" machi="54" ten="30,1100,0" yaku="8,1" doraHai="39" who="1" fromWho="1" sc="155,-5,299,11,290,-3,256,-3" /><INIT seed="5,0,0,0,1,81" ten="150,310,287,253" oya="1" hai0="25,33,53,57,105,17,111,59,32,85,86,118,87" hai1="18,75,102,63,135,100,21,132,104,74,20,6,70" hai2="23,131,121,122,84,36,89,4,134,77,124,98,78" hai3="15,73,11,7,115,106,101,16,49,66,51,68,110"/><U42/><E6/><V130/><F36/><W2/><G110/><T96/><D111/><U14/><E42/><V113/><F23/><W109/><G109/><T58/><D118/><U31/><E31/><V127/><F4/><W13/><G73/><T69/><D69/><U108/><E21/><V35/><F35/><W12/><G115/><T94/><D105/><U97/><E102/><V61/><F61/><W29/><G29/><T60/><D17/><U107/><E107/><V117/><F98/><W24/><G68/><T3/><D3/><U93/><E104/><V90/><F113/><W116/><G66/><T133/><D133/><N who="1" m="51275" /><E108/><V34/><F34/><W27/><G116/><T65/><D25/><U88/><E100/><V83/><F134/><W99/><G24/><T72/><D59/><U82/><E82/><V95/><F117/><W30/><G16/><T120/><D72/><U126/><E126/><N who="2" m="48171" /><F78/><W129/><G27/><T56/><D56/><U114/><E114/><V123/><F90/><W103/><G30/><T91/><REACH who="0" step="1"/><D120/><REACH who="0" ten="140,310,287,253" step="2"/><U38/><E38/><V47/><F47/><W67/><G106/><T80/><D80/><U62/><E62/><AGARI ba="0,1" hai="32,33,53,57,58,60,62,65,85,86,87,91,94,96" machi="62" ten="40,8000,1" yaku="1,1,52,3,53,0" doraHai="81" doraHaiUra="19" who="0" fromWho="1" sc="140,90,310,-80,287,0,253,0" /><INIT seed="6,0,0,2,4,3" ten="230,230,287,253" oya="2" hai0="126,9,110,88,11,73,20,8,15,68,116,113,31" hai1="80,78,24,69,128,34,58,29,6,84,27,48,45" hai2="101,75,79,120,83,91,56,102,119,124,7,49,65" hai3="89,86,100,30,97,19,105,13,114,133,0,57,81"/><V23/><F119/><W61/><G133/><T123/><D68/><U25/><E69/><V66/><F120/><W98/><G0/><T60/><D73/><U131/><E58/><V21/><F124/><W18/><G30/><T99/><D110/><U22/><E34/><V26/><F23/><W122/><G122/><T72/><D72/><U53/><REACH who="1" step="1"/><E6/><REACH who="1" ten="230,220,287,253" step="2"/><V107/><F56/><W118/><G57/><T35/><D123/><U16/><E16/><V32/><F7/><W47/><G19/><T55/><D35/><U93/><E93/><V129/><F32/><W36/><G18/><N who="0" m="10335" /><D116/><U108/><E108/><V134/><F134/><W77/><G118/><T44/><D126/><U109/><E109/><V117/><F117/><W40/><G105/><T111/><D111/><U70/><E70/><V14/><F107/><W87/><G61/><T62/><D113/><U74/><E74/><V121/><F75/><W130/><G114/><T33/><D33/><U92/><E92/><V67/><F121/><W115/><G115/><T52/><D31/><U4/><E4/><V82/><F67/><W46/><G46/><T85/><D44/><U41/><E41/><V10/><F66/><W54/><G40/><T106/><D106/><U63/><E63/><N who="0" m="24105" /><D99/><U132/><E132/><V76/><F65/><W2/><G98/><T96/><D96/><U71/><E71/><V90/><F82/><AGARI ba="0,1" hai="8,9,11,52,55,82,85,88" m="24105,10335" machi="82" ten="30,3900,0" yaku="8,1,54,2" doraHai="3" who="0" fromWho="2" sc="230,49,220,0,287,-39,253,0" /><INIT seed="7,0,0,5,4,123" ten="279,220,248,253" oya="3" hai0="114,93,46,112,82,66,120,59,134,124,31,45,38" hai1="4,15,29,30,21,52,61,86,81,16,62,50,87" hai2="6,39,133,23,34,122,77,72,111,135,119,33,58" hai3="109,3,10,7,127,85,132,125,80,90,97,79,8"/><W35/><G132/><N who="2" m="50761" /><F119/><W104/><G35/><N who="2" m="13321" /><F39/><W129/><G129/><T57/><D120/><U117/><E117/><V74/><F122/><W26/><G26/><T55/><D134/><U107/><E107/><V99/><F6/><W84/><G10/><T75/><D31/><N who="1" m="11787" /><E4/><V2/><F2/><W37/><G37/><T101/><D124/><N who="3" m="47689" /><G104/><T51/><D38/><U76/><E87/><V95/><F23/><W126/><G97/><N who="0" m="59567" /><D75/><N who="2" m="28714" /><F58/><AGARI ba="0,0" hai="15,16,21,50,52,58,61,62,76,81,86" m="11787" machi="58" ten="30,3900,0" yaku="8,1,54,2" doraHai="123" who="1" fromWho="2" sc="279,0,220,39,248,-39,253,0" /><INIT seed="8,0,0,1,3,55" ten="279,259,209,253" oya="0" hai0="25,120,21,33,116,65,82,2,46,5,79,87,43" hai1="6,7,39,117,19,1,58,78,84,132,133,59,88" hai2="45,14,96,74,4,110,11,41,77,134,129,92,51" hai3="98,126,103,20,86,90,56,130,66,83,8,22,85"/><T29/><D120/><U89/><E117/><V53/><F129/><W121/><G130/><T71/><D116/><U124/><E39/><V23/><F134/><N who="1" m="51817" /><E124/><V44/><F110/><W75/><G126/><T127/><D127/><U100/><E100/><V37/><F74/><W104/><G121/><T10/><D65/><U108/><E108/><V35/><F35/><W91/><G8/><T76/><D71/><U40/><E40/><V68/><F68/><W101/><G101/><T61/><D61/><U50/><E19/><V113/><F77/><W95/><G75/><T48/><D33/><U135/><N who="1" m="51825" /><U18/><DORA hai="3" /><E18/><V115/><REACH who="2" step="1"/><F23/><REACH who="2" ten="279,259,199,253" step="2"/><W118/><G118/><T131/><D131/><U12/><E78/><AGARI ba="0,1" hai="2,5,10,21,25,29,43,46,48,76,78,79,82,87" machi="78" ten="30,2900,0" yaku="7,1,52,1" doraHai="55,3" who="0" fromWho="1" sc="279,39,259,-29,199,0,253,0" owari="318,41.8,230,-17.0,199,-30.1,253,5.3" /></mjloggm>