<mjloggm ver="2.3"><GO type="169" lobby="0"/><UN n0="%73%61%69%63%68%61%6E%7A" n1="%E3%82%86%E3%81%86%E3%82%86%E3%81%8D" n2="%31%74%61" n3="%E9%A7%BF" dan="17,16,17,16" rate="2123.05,2214.45,2215.28,2118.67" sx="M,M,M,M"/><TAIKYOKU oya="0"/><INIT seed="0,0,0,4,2,37" ten="250,250,250,250" oya="0" hai0="47,39,3,34,105,49,133,46,100,55,0,25,15" hai1="6,116,33,62,98,26,27,109,102,5,97,66,99" hai2="13,30,75,106,42,135,41,74,115,36,1,18,16" hai3="124,110,71,64,53,54,59,48,61,29,76,10,125"/><T87/><D133/><U40/><E109/><V45/><F115/><W83/><G29/><T86/><D34/><U129/><E129/><V128/><F1/><W67/><G10/><T79/><D25/><U104/><E116/><V91/><F106/><W24/><G24/><T132/><D132/><U32/><E27/><V121/><F135/><W68/><G83/><T88/><D79/><U127/><E127/><N who="3" m="48714" /><G76/><T78/><D78/><U11/><E33/><V82/><F121/><W22/><G22/><T14/><D100/><U73/><E73/><V65/><F30/><W19/><G19/><T57/><D105/><U94/><E11/><V103/><F103/><W69/><G110/><T63/><D0/><U23/><E32/><V134/><F134/><W51/><G61/><T117/><D3/><U123/><E5/><V108/><F128/><W122/><G122/><T44/><D117/><U81/><E6/><V126/><F126/><W77/><G77/><T84/><D39/><U92/><E81/><V131/><F108/><W58/><AGARI ba="0,0" hai="48,51,53,54,58,59,64,67,68,69,71" m="48714" machi="58" ten="40,5200,0" yaku="18,1,34,2" doraHai="37" who="3" fromWho="3" sc="250,-26,250,-13,250,-13,250,52" /><INIT seed="1,0,0,5,3,12" ten="224,237,237,302" oya="1" hai0="92,50,42,40,21,1,116,8,75,67,112,15,102" hai1="3,20,130,24,110,4,39,76,131,106,13,27,47" hai2="23,72,48,128,113,107,53,19,81,7,96,82,103" hai3="0,37,120,5,57,71,135,83,89,9,117,61,101"/><U104/><E76/><V2/><F128/><N who="1" m="49193" /><E39/><V108/><F108/><W129/><G120/><T59/><D112/><U132/><E47/><V114/><F7/><W36/><G129/><T124/><D75/><U93/><E93/><V51/><F2/><W62/><G135/><T127/><D116/><U74/><E74/><V77/><F81/><W85/><G117/><T123/><D123/><U118/><E118/><V30/><F30/><W28/><G28/><T126/><D1/><U69/><E69/><V41/><F41/><W34/><G34/><T109/><D109/><U87/><E87/><V25/><REACH who="2" step="1"/><F51/><REACH who="2" ten="224,237,227,302" step="2"/><W105/><G37/><T18/><D40/><U73/><E110/><V97/><F97/><W88/><G36/><T17/><D42/><U6/><E6/><V45/><AGARI ba="0,1" hai="19,23,25,45,48,53,72,77,82,96,103,107,113,114" machi="45" ten="30,4000,0" yaku="1,1,0,1,52,1,53,0" doraHai="12" doraHaiUra="65" who="2" fromWho="2" sc="224,-10,237,-20,227,50,302,-10" /><INIT seed="2,0,0,5,1,19" ten="214,217,277,292" oya="2" hai0="101,0,96,92,103,41,4,37,17,88,82,33,76" hai1="129,67,105,47,94,52,74,77,112,117,9,83,111" hai2="26,91,113,104,31,84,57,58,35,48,109,46,38" hai3="120,24,7,29,132,127,119,110,18,107,98,13,11"/><V63/><F104/><W121/><G107/><T62/><D33/><U50/><E111/><V39/><F113/><W85/><G85/><T93/><D0/><U54/><E117/><V21/><F35/><N who="3" m="20903" /><G98/><T49/><D4/><U95/><E112/><V68/><F68/><W87/><G87/><N who="0" m="48583" /><D37/><U115/><E115/><V106/><F106/><W15/><G119/><T25/><D62/><U20/><E105/><V118/><F109/><W42/><G42/><T126/><D126/><U32/><E32/><V34/><F34/><W69/><G69/><T131/><D131/><U55/><E9/><V8/><F8/><N who="3" m="4255" /><G110/><T81/><D81/><U40/><E67/><V89/><F118/><W80/><G80/><T53/><D41/><U79/><E129/><V97/><F97/><W64/><G64/><T30/><D30/><U99/><E79/><V3/><F89/><W61/><G61/><T28/><D28/><U108/><E108/><V135/><F63/><W102/><G102/><T73/><D73/><U43/><E43/><N who="2" m="24671" /><F39/><W86/><G127/><T1/><D1/><U5/><E99/><V65/><F3/><W66/><G66/><T122/><D92/><U23/><REACH who="1" step="1"/><E5/><REACH who="1" ten="214,207,277,292" step="2"/><V14/><F65/><W70/><G70/><T71/><D71/><U12/><E12/><V78/><F14/><W59/><G15/><T116/><D116/><U27/><E27/><V36/><F78/><W51/><G11/><T123/><D103/><U100/><E100/><V10/><F10/><W60/><G121/><T130/><D101/><U56/><E56/><V125/><F58/><W124/><G59/><RYUUKYOKU ba="0,1" sc="214,-10,207,30,277,-10,292,-10" hai1="20,23,40,47,50,52,54,55,74,77,83,94,95" /><INIT seed="3,1,1,1,5,8" ten="204,237,267,282" oya="3" hai0="3,58,57,106,69,17,114,113,77,107,28,132,12" hai1="98,5,117,66,101,59,9,51,25,49,129,88,37" hai2="125,30,134,48,124,62,74,54,110,92,123,103,116" hai3="61,100,63,15,78,67,82,1,130,52,34,4,81"/><W84/><G1/><T115/><D3/><U36/><E129/><V89/><F116/><W133/><G34/><T73/><D69/><U111/><E111/><V91/><F74/><W119/><G119/><T2/><D2/><U60/><E117/><V27/><F110/><W16/><G130/><T46/><D28/><U68/><E25/><V29/><F62/><W6/><G100/><T90/><D132/><U22/><E22/><V32/><F134/><W13/><G133/><T83/><D46/><U14/><E68/><V64/><F64/><W11/><G67/><T72/><D72/><U94/><REACH who="1" step="1"/><E101/><REACH who="1" ten="204,227,267,282" step="2"/><V56/><F123/><W127/><G127/><N who="2" m="48713" /><F30/><W97/><G97/><AGARI ba="1,2" hai="27,29,32,48,54,56,89,91,92,97,103" m="48713" machi="97" ten="30,1000,0" yaku="18,1" doraHai="8" who="2" fromWho="3" sc="204,0,227,0,267,33,282,-13" /><INIT seed="4,0,0,3,5,46" ten="204,227,300,269" oya="0" hai0="17,33,75,124,60,111,67,3,101,80,49,7,44" hai1="61,64,13,34,130,28,93,119,12,92,53,110,27" hai2="9,132,31,97,83,88,4,20,74,25,51,32,14" hai3="87,95,125,22,121,62,35,112,114,39,2,15,65"/><T68/><D124/><U55/><E110/><V134/><F74/><W116/><G116/><T57/><D111/><U59/><E130/><V56/><F32/><W16/><G125/><T109/><D109/><U94/><E119/><V128/><F128/><W106/><G106/><T120/><D120/><U29/><E29/><V72/><F72/><W24/><G39/><T76/><D33/><U117/><E117/><V6/><F6/><W52/><G2/><T127/><D127/><U89/><E89/><V50/><F56/><N who="3" m="35079" /><G65/><T115/><D115/><N who="3" m="44073" /><G121/><T10/><D101/><U1/><E1/><BYE who="1" /><V48/><F97/><W54/><G54/><UN n1="%E3%82%86%E3%81%86%E3%82%86%E3%81%8D" /><T133/><D133/><N who="2" m="51306" /><F88/><N who="3" m="53663" /><G35/><T81/><D81/><AGARI ba="0,0" hai="4,9,14,20,25,31,48,50,51,81,83" m="51306" machi="81" ten="30,7700,0" yaku="20,1,52,3" doraHai="46" who="2" fromWho="0" sc="204,-77,227,0,300,77,269,0" /><INIT seed="5,0,0,0,4,43" ten="127,227,377,269" oya="1" hai0="92,124,117,97,42,75,120,100,31,44,32,64,105" hai1="83,86,24,80,18,130,7,78,96,127,134,2,73" hai2="76,55,112,135,107,79,89,52,111,46,95,128,98" hai3="77,33,49,6,41,63,118,115,0,28,123,36,90"/><U1/><E127/><V38/><F111/><W60/><G123/><T54/><D117/><U113/><E113/><V110/><F110/><W69/><G36/><T8/><D120/><U47/><E134/><V5/><F135/><W70/><G77/><T133/><D124/><U40/><E130/><V132/><F132/><W88/><G33/><T34/><D133/><U26/><E96/><V129/><F107/><W62/><G28/><T82/><D54/><N who="2" m="20522" /><F5/><W56/><G0/><T12/><D64/><U57/><E57/><V122/><F122/><W20/><G6/><T81/><D105/><U84/><E73/><V67/><F67/><W109/><G56/><T45/><D34/><U61/><E61/><V17/><F17/><W99/><G109/><T50/><D75/><U14/><E1/><V25/><F25/><W9/><G115/><T125/><D125/><U104/><E104/><V53/><F112/><W103/><G41/><T48/><D31/><U94/><E7/><V11/><F11/><W22/><G9/><T72/><D72/><U102/><E2/><V68/><F68/><W71/><G49/><N who="0" m="19051" /><D32/><U4/><E4/><V108/><F53/><W21/><G118/><T119/><D42/><U15/><E40/><N who="2" m="22807" /><F108/><W85/><G85/><T58/><D58/><U19/><E86/><V87/><F87/><W131/><G131/><AGARI ba="0,0" hai="76,79,89,95,98,128,129,131" m="22807,20522" machi="131" ten="30,3900,0" yaku="19,1,52,1,54,1" doraHai="43" who="2" fromWho="3" sc="127,0,227,0,377,39,269,-39" /><INIT seed="6,0,0,0,2,73" ten="127,227,416,230" oya="2" hai0="114,113,131,105,79,62,83,124,90,95,122,123,132" hai1="126,100,82,7,59,29,67,8,112,65,54,3,41" hai2="121,129,98,109,9,27,25,74,36,87,20,88,64" hai3="106,118,5,10,103,81,51,53,92,78,76,89,99"/><V107/><F36/><W4/><G118/><T37/><D37/><U33/><E112/><N who="0" m="43113" /><D62/><U77/><E126/><V125/><F74/><W32/><G32/><T16/><D124/><U69/><E100/><V117/><F117/><W116/><G116/><T31/><D31/><U55/><E55/><V21/><F121/><N who="0" m="46090" /><D16/><U19/><E19/><V86/><F64/><W68/><G68/><T13/><D13/><U115/><E115/><V15/><F21/><W12/><G4/><T96/><D131/><U6/><E6/><V43/><F20/><W130/><G130/><T119/><D119/><U52/><E54/><V18/><F15/><W93/><G81/><T61/><D61/><U46/><E29/><V50/><F25/><W47/><REACH who="3" step="1"/><G106/><REACH who="3" ten="127,227,416,220" step="2"/><T56/><D56/><U17/><E33/><V57/><F107/><W63/><G63/><T128/><D128/><U110/><E69/><V75/><F57/><W70/><G70/><T39/><D39/><U26/><E59/><V80/><F129/><W85/><AGARI ba="0,1" hai="5,10,12,47,51,53,76,78,85,89,92,93,99,103" machi="85" ten="20,12000,2" yaku="1,1,0,1,7,1,8,1,52,2,53,0" doraHai="73" doraHaiUra="134" who="3" fromWho="3" sc="127,-30,227,-30,416,-60,220,130" /><INIT seed="7,0,0,4,1,114" ten="97,197,356,350" oya="3" hai0="11,124,89,5,54,22,122,95,72,40,6,67,36" hai1="85,104,113,101,83,55,118,52,106,98,13,24,41" hai2="88,44,58,27,125,7,46,77,28,102,87,74,109" hai3="107,39,105,108,20,120,59,82,31,38,64,92,60"/><W90/><G120/><T16/><D122/><U14/><E113/><V81/><F109/><W71/><G108/><T32/><D32/><U33/><E41/><V93/><F125/><W23/><G71/><T45/><D124/><U62/><E104/><V53/><F7/><W65/><G107/><T2/><D67/><N who="3" m="25673" /><G105/><T34/><D34/><U78/><E62/><V35/><F102/><W49/><G38/><T9/><D72/><U68/><E68/><V17/><F17/><W94/><G39/><T19/><D54/><U130/><E130/><V69/><F69/><W37/><G37/><T63/><D63/><AGARI ba="0,0" hai="27,28,35,44,46,53,58,63,74,77,81,87,88,93" machi="63" ten="30,2000,0" yaku="7,1,54,1" doraHai="114" who="2" fromWho="0" sc="97,-20,197,0,356,20,350,0" owari="77,-42.3,197,-20.3,376,47.6,350,15.0" /></mjloggm>