<mjloggm ver="2.3"><GO type="169" lobby="0"/><UN n0="%E3%81%A6%E3%82%93%E3%81%8F%E3%81%86" n1="%E3%81%9F%E3%81%8C%E3%82%84%E3%81%99" n2="%E3%83%93%E3%82%BF%E3%83%85%E3%83%A2" n3="%E5%A4%A9%E7%8B%90" dan="16,16,16,16" rate="2179.08,2184.99,2108.92,2111.04" sx="M,M,M,M"/><TAIKYOKU oya="0"/><INIT seed="0,0,0,1,0,41" ten="250,250,250,250" oya="0" hai0="57,114,119,120,118,131,86,87,16,30,78,35,62" hai1="0,39,26,25,125,84,92,14,112,115,79,126,51" hai2="6,2,110,60,47,65,68,130,124,97,91,75,134" hai3="21,127,55,23,34,70,80,113,81,56,82,83,61"/><T135/><D114/><N who="1" m="43563" /><E0/><V38/><F110/><W24/><G113/><T67/><D120/><U128/><E39/><V37/><F75/><W36/><G127/><N who="1" m="48650" /><E128/><V74/><F74/><W76/><G70/><T101/><D131/><U109/><E109/><V8/><F130/><W9/><G36/><T31/><D135/><U28/><E14/><V45/><F134/><W63/><G63/><T54/><D101/><U17/><E17/><V122/><F122/><W11/><G34/><T94/><D35/><U77/><E51/><V98/><F124/><W52/><G55/><T100/><D31/><U123/><E123/><V53/><F53/><W32/><G32/><T59/><D30/><U22/><E26/><V27/><F27/><W7/><G24/><T33/><D33/><U121/><E121/><V71/><F38/><W20/><REACH who="3" step="1"/><G7/><REACH who="3" ten="250,250,250,240" step="2"/><T58/><D62/><U72/><E72/><AGARI ba="0,1" hai="9,11,20,21,23,52,56,61,72,76,80,81,82,83" machi="72" ten="40,5200,0" yaku="1,1,2,1,54,1,53,0" doraHai="41" doraHaiUra="64" who="3" fromWho="1" sc="250,0,250,-52,250,0,240,62" /><INIT seed="1,0,0,5,0,47" ten="250,198,250,302" oya="1" hai0="58,7,67,10,45,114,41,51,54,44,122,2,128" hai1="109,96,101,24,11,6,3,5,43,116,14,20,72" hai2="83,32,56,111,65,12,91,70,87,130,88,93,13" hai3="9,27,49,0,108,29,52,90,94,66,117,120,107"/><U78/><E72/><V103/><F32/><W79/><G107/><T127/><D114/><U33/><E78/><V84/><F70/><W42/><G120/><T59/><D128/><U126/><E116/><V123/><F123/><W63/><G108/><T131/><D131/><U81/><E81/><V23/><F130/><W75/><G42/><T102/><D127/><U61/><E126/><V89/><F111/><W8/><G117/><T60/><D102/><U19/><E109/><V39/><F39/><W118/><G79/><T64/><D122/><U113/><E113/><V50/><F103/><W115/><G0/><T68/><REACH who="0" step="1"/><D67/><REACH who="0" ten="240,198,250,302" step="2"/><U17/><E33/><V16/><F65/><W99/><G115/><T31/><D31/><U48/><E61/><V92/><F12/><W76/><G118/><T74/><D74/><U28/><E28/><V26/><F13/><W110/><G110/><T35/><D35/><U15/><E15/><V73/><F73/><W105/><G63/><T95/><D95/><N who="2" m="36426" /><F83/><W112/><G66/><T129/><D129/><U97/><E101/><V86/><F86/><W34/><G112/><T38/><AGARI ba="0,1" hai="2,7,10,38,41,44,45,51,54,58,59,60,64,68" machi="38" ten="20,5200,0" yaku="1,1,0,1,7,1,52,1,53,0" doraHai="47" doraHaiUra="132" who="0" fromWho="0" sc="240,62,198,-26,250,-13,302,-13" /><INIT seed="2,0,0,1,0,33" ten="302,172,237,289" oya="2" hai0="124,103,118,67,109,1,85,59,82,98,111,11,5" hai1="128,125,36,7,88,95,4,131,74,61,51,102,75" hai2="77,20,90,80,134,12,73,0,129,120,108,13,48" hai3="130,104,107,117,18,135,81,119,66,123,19,53,79"/><V37/><F120/><W58/><G123/><T60/><D124/><U39/><E102/><V127/><F37/><N who="1" m="14409" /><E51/><V38/><F38/><W122/><G66/><T28/><D28/><U46/><E46/><V64/><F64/><W114/><G122/><T94/><REACH who="0" step="1"/><D118/><REACH who="0" ten="292,172,237,289" step="2"/><U15/><E125/><V56/><F127/><W29/><G29/><T55/><D55/><U93/><E131/><V101/><F129/><W69/><G53/><T78/><AGARI ba="0,1" hai="1,5,11,59,60,67,78,82,85,94,98,103,109,111" machi="78" ten="30,4000,0" yaku="1,1,0,1,52,1,53,0" doraHai="33" doraHaiUra="47" who="0" fromWho="0" sc="292,50,172,-10,237,-20,289,-10" /><INIT seed="3,0,0,3,2,108" ten="342,162,217,279" oya="3" hai0="111,118,44,12,93,131,78,28,36,37,104,127,0" hai1="10,110,100,47,31,24,21,126,98,99,67,11,20" hai2="26,55,133,112,50,84,69,13,60,68,25,107,109" hai3="81,89,82,61,19,15,6,43,17,96,94,70,5"/><W102/><G43/><T135/><D78/><U49/><E99/><V59/><F107/><W40/><G40/><T125/><D12/><U64/><E126/><V134/><F109/><W30/><G30/><T57/><D57/><U16/><E110/><V105/><F105/><W80/><G102/><T65/><D28/><U29/><E29/><V116/><F116/><W79/><G79/><T129/><D111/><U85/><E85/><V121/><F121/><W51/><G51/><T18/><D18/><U3/><E3/><V71/><F84/><W92/><G92/><T114/><D104/><U120/><E120/><V52/><F13/><W122/><G19/><T38/><D38/><U119/><E119/><V83/><F83/><W130/><G130/><T123/><D123/><U124/><E124/><V22/><F26/><W63/><G122/><T48/><D118/><U9/><E21/><V88/><F88/><W113/><G113/><T35/><D35/><U2/><E2/><V115/><F22/><N who="3" m="11583" /><G70/><T106/><D106/><U87/><E87/><V132/><F25/><W90/><G90/><T97/><D0/><U86/><E86/><V66/><F55/><W95/><G95/><T74/><D93/><N who="1" m="58447" /><E31/><V39/><F39/><W103/><G103/><T8/><D36/><U23/><E23/><V128/><F128/><W72/><G72/><T101/><D129/><U73/><E73/><V27/><F27/><W77/><G77/><T32/><D127/><U53/><AGARI ba="0,0" hai="9,10,11,16,20,24,47,49,53,64,67" m="58447" machi="53" ten="30,2000,0" yaku="8,1,54,1" doraHai="108" who="1" fromWho="1" sc="342,-5,162,20,217,-5,279,-10" /><INIT seed="4,0,0,0,2,32" ten="337,182,212,269" oya="0" hai0="69,112,116,21,79,105,44,123,37,101,89,60,9" hai1="119,99,113,20,27,129,111,75,108,72,15,88,29" hai2="59,68,52,109,62,23,3,61,71,120,94,127,110" hai3="104,87,85,25,124,134,121,13,63,7,34,45,19"/><T93/><D116/><U10/><E72/><V0/><F120/><W122/><G104/><T131/><D123/><N who="3" m="47113" /><G124/><T22/><D79/><U55/><E75/><V126/><F94/><W67/><G134/><T96/><D112/><U117/><E55/><V17/><F110/><W48/><G7/><T70/><D131/><U28/><E88/><V86/><F109/><W133/><G25/><T132/><D69/><N who="2" m="26698" /><F86/><W50/><G34/><T98/><D9/><U6/><E99/><V33/><F62/><W91/><G133/><T114/><D114/><U78/><E78/><V81/><F81/><N who="3" m="49583" /><G45/><T42/><REACH who="0" step="1"/><D132/><REACH who="0" ten="327,182,212,269" step="2"/><U12/><E113/><V35/><F33/><W82/><G87/><T100/><D100/><U2/><E111/><V56/><F35/><W30/><G82/><T64/><AGARI ba="0,1" hai="21,22,37,42,44,60,64,70,89,93,96,98,101,105" machi="64" ten="30,3000,0" yaku="1,1,0,1,53,0" doraHai="32" doraHaiUra="8" who="0" fromWho="0" sc="327,40,182,-10,212,-10,269,-10" /><INIT seed="4,1,0,5,1,120" ten="367,172,202,259" oya="0" hai0="112,10,26,37,66,28,85,64,48,18,93,42,104" hai1="7,133,13,59,53,68,90,71,20,132,30,56,40" hai2="123,60,100,57,128,54,78,124,0,50,12,119,99" hai3="109,14,135,43,105,31,108,122,97,41,52,92,69"/><T11/><D104/><U81/><E7/><V121/><F0/><W94/><G69/><T130/><D37/><U79/><E90/><V17/><F78/><W19/><G122/><T51/><D112/><U63/><E40/><N who="3" m="15434" /><G31/><T1/><D130/><U131/><E131/><V23/><F128/><W82/><G82/><T106/><D106/><U62/><E13/><V126/><F119/><W61/><G135/><N who="1" m="51786" /><E20/><V134/><F134/><W75/><G75/><T39/><D39/><U58/><E30/><V49/><F123/><W29/><G29/><T127/><D85/><N who="1" m="48319" /><E59/><V96/><F121/><W47/><G14/><T21/><D21/><U84/><E84/><V65/><F96/><W129/><G129/><T125/><D26/><U98/><E98/><V116/><F116/><W3/><G3/><T113/><D1/><U102/><E102/><V111/><F100/><W89/><G105/><T67/><D28/><U55/><AGARI ba="1,0" hai="53,55,56,58,62,63,68,71" m="48319,51786" machi="55" ten="30,1100,0" yaku="20,1" doraHai="120" who="1" fromWho="1" sc="367,-6,172,14,202,-4,259,-4" /><INIT seed="5,0,0,0,4,8" ten="361,186,198,255" oya="1" hai0="71,110,96,21,38,109,60,73,123,17,22,64,81" hai1="133,87,107,80,2,66,126,121,36,92,118,5,85" hai2="93,108,52,24,49,90,119,77,128,131,63,125,47" hai3="95,42,50,59,97,30,57,35,61,120,69,76,40"/><U18/><E36/><V70/><F108/><W100/><G120/><T105/><D38/><U129/><E107/><V58/><F119/><W72/><G69/><T106/><D123/><U132/><E121/><V54/><F77/><W75/><G35/><T68/><D96/><U88/><E118/><V122/><F122/><W74/><G30/><T111/><D71/><U56/><E126/><V48/><F24/><W102/><G102/><T114/><D114/><U31/><E129/><N who="2" m="49739" /><F125/><W103/><G103/><T67/><D67/><U10/><E31/><V11/><F11/><W9/><G76/><T83/><D22/><U91/><REACH who="1" step="1"/><E18/><REACH who="1" ten="361,176,198,255" step="2"/><V44/><F70/><W84/><G75/><T29/><D29/><U86/><E86/><N who="2" m="52439" /><F49/><W32/><G50/><T130/><D130/><U3/><E3/><V45/><AGARI ba="0,1" hai="44,45,47,48,52,54,58,63" m="52439,49739" machi="45" ten="30,2000,0" yaku="19,1,54,1" doraHai="8" who="2" fromWho="2" sc="361,-5,176,-10,198,30,255,-5" /><INIT seed="6,0,0,3,4,119" ten="356,166,228,250" oya="2" hai0="107,47,48,11,83,84,118,17,2,125,35,130,7" hai1="42,38,86,33,0,62,73,45,60,132,133,20,63" hai2="54,68,120,3,97,135,134,85,96,40,112,12,129" hai3="64,123,108,30,52,81,121,117,103,31,71,70,29"/><V9/><F3/><W26/><G117/><T36/><D118/><U79/><E33/><V27/><F68/><W109/><G26/><T6/><D6/><U4/><E20/><V34/><F40/><W72/><G103/><T69/><D107/><U46/><E86/><V14/><F120/><N who="3" m="46155" /><G52/><T111/><D111/><N who="3" m="42569" /><G64/><T53/><D53/><U115/><E115/><V104/><F112/><W126/><G81/><T21/><D83/><U78/><E46/><V13/><F85/><W122/><G122/><T74/><D47/><U66/><E66/><V49/><F9/><W77/><G77/><T87/><D11/><U59/><E59/><V5/><F5/><W82/><G82/><T61/><D7/><U110/><E110/><V51/><F104/><W41/><G41/><T8/><D8/><U90/><E90/><V18/><F34/><W124/><G72/><T101/><D74/><U67/><E67/><V102/><F102/><W58/><G58/><T100/><D100/><U43/><E43/><V99/><F54/><W76/><G76/><T19/><D101/><U88/><E88/><V113/><F113/><W50/><G50/><N who="2" m="18953" /><F27/><W56/><G56/><T44/><D48/><U37/><E37/><V93/><F93/><W80/><G80/><T91/><D36/><U15/><E78/><V39/><F39/><W114/><G114/><T65/><D65/><U95/><E95/><V105/><F105/><W24/><G24/><T89/><D69/><AGARI ba="0,0" hai="29,30,31,69,70,71,124,126" m="42569,46155" machi="69" ten="40,8000,1" yaku="28,2,52,3" doraHai="119" who="3" fromWho="0" sc="356,-80,166,0,228,0,250,80" /><INIT seed="7,0,0,5,3,133" ten="276,166,228,330" oya="3" hai0="35,55,131,8,72,118,62,24,11,125,22,78,110" hai1="20,32,79,61,109,51,19,120,46,76,7,28,108" hai2="17,102,40,94,59,92,126,39,83,129,56,84,10" hai3="91,130,44,96,93,16,135,50,52,75,128,65,113"/><W104/><G135/><T67/><D118/><U36/><E36/><V48/><F39/><W70/><G113/><T74/><D110/><U119/><E120/><V71/><F71/><W80/><G104/><T87/><D35/><U63/><E119/><V38/><F38/><W111/><G111/><T106/><D106/><U13/><E109/><V134/><F134/><W77/><G65/><T37/><D37/><U101/><E108/><V81/><F129/><N who="3" m="49771" /><G16/><T89/><D78/><U73/><E101/><V21/><F10/><W4/><G4/><T43/><D43/><U25/><E79/><V95/><F102/><W107/><G107/><T82/><D55/><U124/><E124/><V42/><F126/><W0/><G0/><T66/><D125/><U54/><E76/><V68/><F68/><AGARI ba="0,0" hai="44,50,52,68,70,75,77,80,91,93,96" m="49771" machi="68" ten="30,2900,0" yaku="19,1,54,1" doraHai="133" who="3" fromWho="2" sc="276,0,166,0,228,-29,330,29" owari="276,7.6,166,-33.4,199,-20.1,359,45.9" /></mjloggm>