<mjloggm ver="2.3"><GO type="169" lobby="0"/><UN n0="%44%61%6C%69" n1="%4E%6F%73%75%6B%65" n2="%41%72%69%61" n3="%E5%A4%A7%E7%A9%BA%E3%82%B9%E3%83%90%E3%83%AB%E2%98%86" dan="17,16,16,16" rate="2181.43,2121.77,2175.20,2092.13" sx="M,M,F,F"/><TAIKYOKU oya="0"/><INIT seed="0,0,0,5,3,34" ten="250,250,250,250" oya="0" hai0="41,110,51,71,96,24,113,94,23,103,79,81,119" hai1="129,82,37,122,61,67,91,104,107,95,35,125,32" hai2="9,90,72,60,133,59,27,31,52,112,5,55,128" hai3="108,16,42,131,64,84,49,75,33,50,132,48,19"/><T127/><D113/><U36/><E122/><V118/><F112/><W57/><G75/><T4/><D119/><U93/><E82/><V65/><F72/><W135/><G33/><T114/><D114/><U6/><E129/><V105/><F128/><W88/><G131/><T30/><D71/><U2/><E125/><V76/><F76/><W45/><G108/><T111/><D127/><U17/><E17/><V28/><F105/><W18/><G64/><T83/><D4/><U101/><E91/><V92/><F133/><N who="3" m="51275" /><G57/><T86/><REACH who="0" step="1"/><D83/><AGARI ba="0,0" hai="16,18,19,42,45,48,49,50,83,84,88" m="51275" machi="83" ten="30,3900,0" yaku="20,1,54,2" doraHai="34" who="3" fromWho="0" sc="250,-39,250,0,250,0,250,39" /><INIT seed="1,0,0,2,5,79" ten="211,250,250,289" oya="1" hai0="103,96,109,88,13,117,4,22,67,19,58,40,83" hai1="21,31,76,82,26,45,20,81,102,65,1,112,56" hai2="53,11,107,61,25,5,59,8,101,57,28,46,111" hai3="24,52,39,115,113,84,77,125,108,119,41,35,63"/><U124/><E112/><V15/><F111/><W3/><G3/><T2/><D117/><U6/><E124/><V69/><F69/><W12/><G108/><T98/><D109/><U100/><E45/><V10/><F107/><W74/><G74/><T130/><D130/><U72/><E1/><V16/><F101/><W7/><G125/><T80/><D40/><U93/><E6/><V29/><F46/><W37/><G119/><T44/><D44/><U66/><E72/><V38/><F38/><W64/><G41/><T94/><D2/><U85/><E93/><V126/><F126/><W51/><G12/><T120/><D4/><U70/><E70/><V86/><F29/><W134/><G7/><T105/><REACH who="0" step="1"/><D120/><REACH who="0" ten="201,250,250,289" step="2"/><U91/><E102/><V121/><F121/><W95/><G115/><T75/><D75/><U23/><E100/><V118/><F118/><W89/><G113/><T71/><D71/><U133/><E133/><V17/><F59/><W50/><G134/><T92/><D92/><N who="1" m="54383" /><E56/><V129/><F129/><W48/><G95/><T33/><D33/><U0/><E0/><V73/><F73/><W36/><G35/><T14/><D14/><U30/><E26/><V47/><F47/><W97/><G24/><T90/><D90/><U99/><E31/><V87/><F5/><W27/><G27/><T110/><D110/><U62/><E30/><V135/><F135/><W42/><G42/><T60/><AGARI ba="0,1" hai="13,19,22,58,60,67,80,83,88,94,96,98,103,105" machi="60" ten="30,8000,1" yaku="1,1,0,1,52,2,54,1,53,0" doraHai="79" doraHaiUra="128" who="0" fromWho="0" sc="201,90,250,-40,250,-20,289,-20" /><INIT seed="2,0,0,2,1,118" ten="291,210,230,269" oya="2" hai0="1,104,101,31,42,46,96,32,70,50,38,59,117" hai1="9,39,124,51,128,123,36,18,58,132,92,125,10" hai2="106,120,8,13,82,33,77,40,27,24,87,65,98" hai3="75,131,57,28,34,15,72,102,20,45,88,121,79"/><V134/><F134/><W2/><G2/><T7/><D59/><U86/><E132/><V63/><F33/><W135/><G102/><T37/><D50/><U67/><E128/><V44/><F106/><W49/><G135/><T55/><D55/><U133/><E133/><V12/><F98/><W19/><G131/><T3/><D117/><U114/><E114/><V80/><F80/><W99/><G57/><T83/><D83/><U90/><E18/><V25/><F120/><W23/><G79/><T95/><D95/><U115/><E115/><V74/><F74/><W105/><G121/><T89/><D89/><U26/><E26/><V81/><F81/><W100/><G34/><T78/><D78/><U61/><E123/><V35/><F8/><N who="1" m="3177" /><E51/><V5/><F5/><W122/><G122/><T48/><D48/><U56/><E56/><V62/><F35/><W107/><G107/><T119/><D119/><U43/><E43/><V4/><F4/><W110/><G75/><T68/><D38/><U71/><E71/><N who="0" m="27177" /><D7/><U66/><E66/><V52/><F65/><W103/><G72/><T17/><D17/><U0/><E0/><V76/><F76/><W53/><G19/><T60/><D60/><N who="2" m="23082" /><F40/><W69/><G69/><T127/><D127/><AGARI ba="0,0" hai="36,39,58,61,67,86,90,92,124,125,127" m="3177" machi="127" ten="30,1000,0" yaku="18,1" doraHai="118" who="1" fromWho="0" sc="291,-10,210,10,230,0,269,0" /><INIT seed="3,0,0,0,5,40" ten="281,220,230,269" oya="3" hai0="79,93,63,3,122,104,57,68,9,37,70,117,49" hai1="82,61,67,106,59,14,25,5,19,15,55,71,13" hai2="20,92,74,120,110,83,12,101,47,109,95,73,45" hai3="78,64,10,102,72,113,31,119,107,22,115,108,87"/><W39/><G119/><T34/><D104/><U27/><E106/><V125/><F125/><W94/><G39/><T35/><D37/><U32/><E5/><V60/><F60/><W29/><G64/><T51/><D117/><U75/><E19/><N who="2" m="10343" /><F120/><W123/><G10/><T54/><D122/><U81/><E75/><N who="2" m="28683" /><F83/><N who="3" m="45511" /><G123/><T46/><D79/><U41/><E41/><V105/><F105/><W43/><G43/><T6/><D93/><N who="2" m="35914" /><F101/><W128/><G22/><T21/><D21/><U98/><E98/><V85/><F85/><W135/><G31/><T114/><D114/><U1/><E1/><V124/><F124/><W130/><G29/><T26/><D51/><U132/><E32/><V36/><F36/><W0/><G0/><T66/><REACH who="0" step="1"/><D26/><REACH who="0" ten="271,220,230,269" step="2"/><U17/><E27/><V23/><F23/><W11/><G107/><T52/><D52/><U126/><E25/><V84/><F84/><W129/><G87/><T100/><D100/><U16/><E126/><V33/><F33/><AGARI ba="0,1" hai="3,6,9,33,34,35,46,49,54,57,63,66,68,70" machi="33" ten="40,2600,0" yaku="1,1,52,1,53,0" doraHai="40" doraHaiUra="121" who="0" fromWho="2" sc="271,36,220,0,230,-26,269,0" /><INIT seed="4,0,0,0,1,105" ten="307,220,204,269" oya="0" hai0="97,27,66,36,33,13,77,102,45,112,84,119,61" hai1="21,38,113,42,132,7,68,0,135,32,3,118,85" hai2="17,116,106,34,128,74,120,43,110,58,72,59,89" hai3="62,1,76,44,121,79,126,64,15,19,81,111,83"/><T95/><D119/><U23/><E118/><V51/><F116/><W48/><G1/><T108/><D112/><U22/><E68/><V91/><F110/><W53/><G111/><T39/><D108/><U14/><E42/><V92/><F120/><W117/><G117/><T115/><D115/><U49/><E49/><V129/><F106/><W87/><G126/><T60/><D60/><U5/><E38/><V35/><F17/><W8/><G121/><T70/><D13/><U25/><E85/><V46/><F92/><W56/><REACH who="3" step="1"/><G83/><REACH who="3" ten="307,220,204,259" step="2"/><T67/><D39/><U71/><E113/><V37/><F37/><W130/><G130/><N who="2" m="50281" /><F35/><W96/><G96/><T80/><D36/><U99/><E99/><V125/><F34/><W47/><G47/><T114/><D114/><U30/><E71/><V133/><F125/><W124/><G124/><T20/><D45/><U86/><E86/><V24/><F133/><W69/><G69/><T107/><D33/><U82/><E82/><V41/><F41/><W65/><G65/><T55/><D70/><U134/><E14/><V98/><F98/><W94/><G94/><T93/><D93/><U101/><E101/><V2/><F2/><AGARI ba="0,1" hai="0,2,3,5,7,21,22,23,25,30,32,132,134,135" machi="2" ten="50,8000,1" yaku="20,1,34,3" doraHai="105" who="1" fromWho="2" sc="307,0,220,90,204,-80,259,0" /><INIT seed="5,0,0,5,1,32" ten="307,310,124,259" oya="1" hai0="71,75,38,92,24,40,97,13,34,117,83,2,23" hai1="57,101,31,122,30,68,10,130,74,64,20,3,28" hai2="135,46,110,134,8,66,129,65,94,87,7,118,109" hai3="49,0,79,104,120,48,59,98,116,119,67,89,52"/><U115/><E122/><V58/><F87/><W95/><G120/><T44/><D71/><U82/><E115/><V50/><F94/><W76/><G104/><T43/><D117/><N who="3" m="45129" /><G0/><T62/><D43/><U127/><E130/><V63/><F118/><W88/><G67/><T61/><D34/><U6/><E68/><V77/><F77/><N who="3" m="29771" /><G49/><T78/><D13/><U125/><E74/><V85/><F85/><W102/><AGARI ba="0,0" hai="48,52,59,88,89,95,98,102" m="29771,45129" machi="102" ten="30,4000,0" yaku="12,1,54,2" doraHai="32" who="3" fromWho="3" sc="307,-10,310,-20,124,-10,259,40" /><INIT seed="6,0,0,2,0,97" ten="297,290,114,299" oya="2" hai0="133,37,135,40,92,83,2,49,34,76,100,77,123" hai1="43,89,63,27,95,1,105,72,79,46,67,14,127" hai2="23,108,8,119,36,41,86,26,99,122,126,131,114" hai3="80,53,128,19,15,57,87,117,75,121,24,48,81"/><V90/><F119/><W55/><G117/><T30/><D2/><U85/><E1/><V109/><F122/><W73/><G121/><T45/><D123/><U20/><E105/><V68/><F68/><W39/><G39/><T17/><D30/><U38/><E127/><V102/><F126/><W21/><G128/><T124/><D34/><U130/><E130/><V106/><F131/><W6/><G81/><T7/><D7/><U11/><E72/><V82/><F114/><W129/><G129/><T93/><D124/><U60/><E79/><V94/><F8/><W29/><G55/><T134/><D17/><U47/><E47/><V101/><F41/><W110/><G6/><T0/><D0/><U104/><E104/><V4/><F36/><W52/><G53/><T51/><D77/><U56/><E63/><V65/><F65/><W74/><G110/><N who="2" m="42601" /><F4/><W111/><G111/><T120/><D120/><U58/><E14/><V35/><F35/><W59/><G59/><T25/><D25/><U112/><E112/><V78/><F106/><W9/><REACH who="3" step="1"/><G73/><REACH who="3" ten="297,290,114,289" step="2"/><N who="0" m="43407" /><D93/><U61/><E58/><V12/><F12/><W116/><G116/><T10/><D10/><U44/><E11/><V69/><F69/><W70/><G70/><T88/><D92/><U5/><E5/><V31/><AGARI ba="0,1" hai="23,26,31,78,82,86,90,94,99,101,102" m="42601" machi="31" ten="30,6000,0" yaku="10,1,52,2" doraHai="97" who="2" fromWho="2" sc="297,-20,290,-20,114,70,289,-20" /><INIT seed="6,1,0,4,1,131" ten="277,270,184,269" oya="2" hai0="46,111,22,27,107,86,14,113,36,40,61,13,1" hai1="3,48,109,62,25,132,114,102,2,106,133,65,130" hai2="126,5,53,8,134,39,119,75,84,63,83,56,104" hai3="128,82,16,17,97,112,135,34,91,76,0,45,24"/><V11/><F119/><W115/><G0/><T70/><D107/><U47/><E109/><V21/><F104/><W37/><G128/><T73/><D73/><U72/><E72/><V38/><F75/><N who="3" m="43295" /><G135/><N who="1" m="51786" /><E130/><V54/><F134/><W66/><G66/><T68/><D1/><U42/><E114/><N who="3" m="43562" /><G91/><T80/><D111/><U12/><E12/><V90/><F126/><W43/><G97/><T105/><D105/><U41/><E41/><V10/><F5/><W50/><G37/><T57/><D14/><U60/><E60/><V81/><F81/><W58/><G58/><T125/><D13/><U108/><E108/><V71/><F71/><W33/><G24/><T69/><D125/><U117/><E117/><V79/><F79/><W98/><G98/><T93/><D70/><N who="1" m="42295" /><E25/><V92/><F83/><W26/><G26/><T100/><D113/><U32/><E32/><AGARI ba="1,0" hai="16,17,32,33,34,43,45,50" m="43562,43295" machi="32" ten="30,3900,0" yaku="15,1,11,1,54,1" doraHai="131" who="3" fromWho="1" sc="277,0,270,-42,184,0,269,42" /><INIT seed="7,0,0,4,2,40" ten="277,228,184,311" oya="3" hai0="76,132,71,121,128,89,0,9,78,4,119,59,85" hai1="62,58,105,24,118,34,50,79,17,94,100,107,31" hai2="36,82,106,35,81,129,95,22,113,18,37,111,41" hai3="90,122,53,93,21,65,120,38,28,102,109,103,60"/><W134/><G38/><T124/><D119/><U114/><E118/><V77/><F106/><W7/><G7/><T83/><D121/><U126/><E114/><V97/><F111/><W3/><G3/><T39/><D71/><U49/><E79/><V5/><F35/><W13/><G109/><T42/><D128/><U116/><E116/><V135/><F113/><W14/><G134/><T92/><D132/><U99/><E126/><V19/><F135/><W110/><G65/><T11/><D124/><U64/><E17/><V67/><F129/><W98/><G122/><T88/><D11/><U68/><E58/><V45/><F5/><W47/><G110/><T87/><D59/><U6/><E6/><V73/><F67/><W133/><G60/><T30/><D30/><U80/><E80/><V20/><F37/><W29/><G120/><T15/><D0/><U43/><E43/><V101/><REACH who="2" step="1"/><F82/><REACH who="2" ten="277,228,174,311" step="2"/><W115/><G115/><T125/><D125/><U55/><E107/><V127/><F127/><W10/><G133/><T52/><D4/><U117/><E117/><V131/><F131/><W69/><G69/><T27/><D83/><U56/><E105/><V48/><F48/><AGARI ba="0,1" hai="24,31,34,48,49,50,55,56,62,64,68,94,99,100" machi="48" ten="30,1000,0" yaku="7,1" doraHai="40" who="1" fromWho="2" sc="277,0,228,20,174,-10,311,0" owari="277,7.7,248,-15.2,164,-33.6,311,41.1" /></mjloggm>