<mjloggm ver="2.3"><GO type="169" lobby="0"/><UN n0="%73%79%75%70%6F%6E" n1="%E5%9B%BD%E7%8E%8B" n2="%E8%99%9A%E6%B7%B5%E7%8E%84" n3="%E8%B5%A4%E7%BE%8E%E6%BF%83%E3%81%BE%E3%81%90%E3%82%8D" dan="17,16,17,16" rate="2192.39,2177.77,2210.99,2172.51" sx="M,M,F,M"/><TAIKYOKU oya="0"/><INIT seed="0,0,0,5,1,112" ten="250,250,250,250" oya="0" hai0="6,30,110,42,94,52,119,11,66,74,8,48,68" hai1="81,89,105,87,75,4,84,33,21,98,123,107,83" hai2="26,76,124,51,17,133,129,29,43,135,78,15,121" hai3="103,97,9,16,118,28,73,95,50,14,34,85,5"/><T77/><D42/><U114/><E33/><V93/><F121/><W57/><G73/><T125/><D125/><U45/><E4/><V7/><F7/><W71/><G71/><T63/><D30/><U23/><E123/><V101/><F129/><W36/><G36/><T38/><D38/><U69/><E69/><V82/><F124/><W100/><G118/><T35/><D35/><U92/><E45/><V56/><F101/><W128/><G128/><T44/><D110/><U104/><E23/><V37/><F93/><W1/><G100/><T41/><D119/><U31/><E21/><V88/><F37/><W2/><G85/><N who="1" m="32842" /><E31/><V72/><F29/><W24/><G50/><T126/><D126/><U70/><E70/><V10/><F26/><W130/><G130/><T108/><D108/><U55/><E55/><V22/><F22/><W13/><REACH who="3" step="1"/><G57/><REACH who="3" ten="250,250,250,240" step="2"/><T19/><D74/><U49/><E49/><V58/><F56/><W91/><G91/><T27/><D48/><U25/><E114/><V40/><F88/><W39/><G39/><T99/><D68/><U61/><E61/><V134/><F78/><W122/><G122/><T59/><D77/><N who="1" m="44223" /><E25/><V117/><F117/><W53/><G53/><AGARI ba="0,1" hai="10,15,17,40,43,51,53,58,72,76,82,133,134,135" machi="53" ten="40,1300,0" yaku="20,1" doraHai="112" who="2" fromWho="3" sc="250,0,250,0,250,23,240,-13" /><INIT seed="1,0,0,5,2,22" ten="250,250,273,227" oya="1" hai0="72,16,67,45,14,18,73,101,5,51,115,52,59" hai1="92,3,91,89,108,57,100,12,69,95,116,68,102" hai2="107,119,65,83,82,62,71,34,11,37,117,96,78" hai3="48,106,6,56,61,99,93,2,135,44,97,53,75"/><U26/><E3/><V134/><F83/><W120/><G120/><T98/><D115/><U124/><E116/><V42/><F134/><W74/><G106/><T13/><D5/><U77/><E77/><V32/><F11/><W27/><G135/><T39/><D39/><U54/><E124/><V122/><F122/><W46/><G46/><T127/><D127/><U109/><E12/><V64/><F64/><W123/><G123/><T130/><D130/><U111/><E26/><V76/><F76/><W36/><G36/><T60/><D18/><U49/><E100/><N who="2" m="62855" /><F119/><W10/><G99/><T15/><REACH who="0" step="1"/><D16/><REACH who="0" ten="240,250,273,227" step="2"/><U131/><E131/><V30/><F117/><W29/><G6/><T94/><AGARI ba="0,1" hai="13,14,15,45,51,52,59,60,67,72,73,94,98,101" machi="94" ten="30,7900,0" yaku="1,1,2,1,0,1,54,1,53,0" doraHai="22" doraHaiUra="25" who="0" fromWho="0" sc="240,89,250,-39,273,-20,227,-20" /><INIT seed="2,0,0,1,1,28" ten="329,211,253,207" oya="2" hai0="116,78,89,82,95,92,109,73,59,52,25,51,30" hai1="105,21,132,50,71,112,20,63,129,113,114,2,58" hai2="7,107,77,110,13,74,17,27,125,79,85,131,88" hai3="31,127,48,9,22,123,120,106,12,39,53,134,93"/><V108/><F107/><W76/><G106/><T75/><D109/><N who="2" m="42090" /><F74/><W100/><G39/><T121/><D121/><U37/><E105/><V41/><F131/><W117/><G117/><T42/><D116/><U124/><E2/><V70/><F70/><W80/><G127/><T81/><D42/><U97/><E97/><V38/><F7/><W60/><G134/><T66/><D66/><U118/><E118/><V57/><F27/><W16/><G60/><T36/><D36/><U102/><E102/><V64/><F125/><W55/><G93/><T90/><D90/><U98/><E124/><V56/><F41/><W103/><G120/><T47/><D59/><N who="2" m="22602" /><F64/><W32/><G123/><T104/><D104/><U0/><E71/><V1/><F1/><W119/><G119/><T67/><D67/><U11/><E129/><V26/><F26/><W23/><G53/><T61/><D61/><U24/><E63/><V87/><F87/><W10/><G55/><T69/><D69/><U6/><E132/><V115/><F115/><W15/><G48/><T135/><D135/><U35/><E37/><V5/><F5/><W133/><G133/><T4/><D4/><U122/><E122/><V111/><F38/><W130/><G130/><T18/><D73/><U128/><E128/><V40/><F40/><W65/><G65/><T19/><D75/><U96/><E98/><V49/><F49/><W3/><G3/><T72/><D72/><U44/><E96/><V99/><F99/><W68/><G68/><T94/><D51/><U8/><E50/><V33/><F111/><W62/><G62/><RYUUKYOKU ba="0,0" sc="329,0,211,0,253,0,207,0" /><INIT seed="3,1,0,5,0,45" ten="329,211,253,207" oya="3" hai0="11,133,128,79,75,68,66,52,110,57,56,70,55" hai1="1,32,129,92,39,29,24,64,73,101,98,72,81" hai2="113,94,15,22,80,38,112,90,63,30,59,19,114" hai3="108,126,103,100,106,48,71,50,4,111,53,122,17"/><W0/><G122/><T74/><D79/><U41/><E129/><V125/><F38/><W18/><G71/><T25/><D128/><U96/><E1/><V84/><F125/><W35/><G35/><T62/><D25/><U88/><E64/><V20/><F30/><W134/><G126/><T130/><D130/><U10/><E10/><V105/><F105/><W83/><G83/><T43/><D11/><U36/><E81/><V109/><F109/><N who="3" m="42059" /><G134/><T42/><D110/><U99/><E99/><V102/><F102/><N who="3" m="38955" /><G106/><T31/><D133/><U76/><E76/><V3/><F3/><W85/><G85/><T118/><D31/><U97/><E97/><V27/><F80/><W51/><G53/><T135/><D135/><U82/><E82/><V61/><F114/><W28/><G28/><T49/><D74/><U69/><E69/><N who="0" m="26729" /><D75/><U13/><E13/><V54/><F113/><W120/><G120/><T117/><D55/><U87/><E87/><V16/><F112/><W44/><G44/><T107/><D107/><U60/><E73/><V14/><F27/><W86/><G86/><T46/><D42/><U77/><E72/><V121/><F121/><W119/><G119/><T6/><D6/><U40/><E77/><V65/><F65/><W78/><G78/><T12/><D12/><U124/><E124/><V115/><F115/><W116/><G116/><T67/><D66/><U95/><E40/><V23/><F23/><W127/><G127/><T89/><D89/><U47/><E39/><AGARI ba="1,0" hai="39,43,46,49,52,56,57,62,67,117,118" m="26729" machi="39" ten="30,7700,0" yaku="34,2,52,1,54,1" doraHai="45" who="0" fromWho="1" sc="329,80,211,-80,253,0,207,0" /><INIT seed="4,0,0,5,2,45" ten="409,131,253,207" oya="0" hai0="3,84,117,30,86,75,81,48,64,27,109,69,97" hai1="2,25,5,131,103,88,35,10,36,119,98,93,12" hai2="42,55,1,6,54,107,96,37,67,0,116,120,68" hai3="23,112,60,82,43,134,41,127,58,74,100,126,99"/><T83/><D3/><U73/><E131/><V85/><F120/><W101/><G112/><T4/><D4/><U13/><E119/><V87/><F42/><W34/><G34/><T125/><D117/><U20/><E36/><V133/><F133/><W63/><G134/><T78/><D125/><N who="3" m="47625" /><G23/><T21/><D109/><U44/><E73/><V46/><F37/><W72/><G100/><T56/><D69/><U57/><E35/><V24/><F68/><W132/><G63/><T123/><D123/><U40/><E57/><V52/><F67/><N who="3" m="39319" /><G132/><T15/><D64/><U29/><REACH who="1" step="1"/><E103/><REACH who="1" ten="409,121,253,207" step="2"/><V33/><F33/><W50/><G74/><T28/><D75/><U128/><E128/><V90/><F116/><W11/><G72/><T130/><D56/><U61/><E61/><V91/><F46/><W66/><G66/><T129/><D129/><U51/><AGARI ba="0,1" hai="2,5,10,12,13,20,25,29,40,44,51,88,93,98" machi="51" ten="20,12000,2" yaku="1,1,0,1,7,1,52,1,54,1,53,1" doraHai="45" doraHaiUra="18" who="1" fromWho="1" sc="409,-60,121,130,253,-30,207,-30" /><INIT seed="5,0,0,1,3,67" ten="349,251,223,177" oya="1" hai0="129,86,44,33,29,120,97,51,124,32,96,35,65" hai1="131,30,59,78,28,90,47,60,63,123,72,19,1" hai2="14,93,6,117,119,38,84,111,43,50,71,69,24" hai3="66,76,12,103,52,133,53,62,130,73,128,110,125"/><U26/><E1/><V121/><F121/><W3/><G3/><T10/><D120/><U82/><E123/><V11/><F111/><W0/><G0/><T109/><D109/><U7/><E7/><V61/><F38/><W92/><G110/><T13/><D29/><U108/><E131/><N who="3" m="50218" /><G125/><T56/><D129/><U23/><E108/><V99/><F61/><W101/><G133/><T95/><D86/><U21/><E47/><V107/><F107/><W20/><G76/><T87/><D87/><U126/><E126/><V46/><F24/><W116/><G73/><T55/><D95/><U22/><E63/><V34/><F34/><W127/><G116/><T39/><D65/><U57/><E57/><V88/><REACH who="2" step="1"/><F99/><REACH who="2" ten="349,251,213,177" step="2"/><W105/><G105/><T79/><D97/><U89/><E28/><V18/><F18/><N who="3" m="10311" /><G127/><T37/><D96/><U98/><E98/><V134/><F134/><W25/><G25/><T83/><D124/><U2/><E19/><V4/><F4/><W15/><G103/><T135/><D135/><U132/><E132/><V118/><AGARI ba="0,1" hai="6,11,14,43,46,50,69,71,84,88,93,117,118,119" machi="118" ten="30,8000,1" yaku="1,1,0,1,52,2,54,1,53,0" doraHai="67" doraHaiUra="122" who="2" fromWho="2" sc="349,-20,251,-40,213,90,177,-20" /><INIT seed="6,0,0,1,1,46" ten="329,211,303,157" oya="2" hai0="120,106,49,32,96,100,47,42,113,98,27,78,117" hai1="124,33,97,115,56,11,121,133,91,52,126,58,92" hai2="0,84,77,55,87,7,12,88,122,35,68,83,82" hai3="129,57,131,8,63,90,95,10,123,31,51,4,1"/><V14/><F122/><W118/><G123/><T71/><D71/><U130/><E121/><V36/><F35/><W38/><G38/><T89/><D120/><U70/><E70/><V50/><F36/><W23/><G118/><T66/><D66/><U85/><E33/><V79/><F68/><W22/><G10/><T61/><D61/><U2/><E115/><V81/><F0/><W18/><G31/><T34/><D78/><U94/><E58/><V67/><F67/><W125/><G125/><N who="1" m="48234" /><E130/><N who="3" m="49674" /><G18/><T72/><D72/><U5/><E133/><V29/><F29/><W26/><G26/><T53/><D27/><U127/><N who="1" m="48242" /><U80/><DORA hai="103" /><E97/><V13/><F7/><W119/><G119/><T116/><D96/><U65/><E65/><V19/><F19/><W135/><G63/><AGARI ba="0,0" hai="2,5,11,52,56,63,80,85,91,92,94" m="48242" machi="63" ten="40,2600,0" yaku="18,1,54,1" doraHai="46,103" who="1" fromWho="3" sc="329,0,211,26,303,0,157,-26" /><INIT seed="7,0,0,0,4,114" ten="329,237,303,131" oya="3" hai0="135,14,88,36,5,44,41,75,105,123,12,43,89" hai1="116,91,81,29,16,4,18,8,34,90,115,98,82" hai2="112,133,2,120,6,35,126,94,68,7,76,103,84" hai3="109,26,30,1,99,45,21,53,27,131,0,113,73"/><W79/><G113/><T38/><D105/><U33/><E115/><V69/><F112/><W51/><G109/><T60/><D123/><U9/><E98/><V46/><F35/><W42/><G131/><T47/><D135/><U19/><E29/><V52/><F2/><W49/><G99/><T122/><D122/><U124/><E124/><V17/><F120/><W55/><G42/><T93/><D75/><U96/><E96/><V86/><F133/><W111/><G111/><T104/><D104/><U71/><E71/><V117/><F117/><W58/><REACH who="3" step="1"/><G27/><REACH who="3" ten="329,237,303,121" step="2"/><T132/><D41/><U22/><E116/><V119/><F119/><W10/><G10/><T48/><D43/><U128/><E128/><V59/><F126/><W85/><G85/><T74/><D132/><U15/><E9/><V50/><F86/><W28/><G28/><T57/><D36/><U106/><E106/><V61/><F84/><W3/><G3/><T20/><D38/><U25/><E34/><V39/><F39/><W77/><G77/><T108/><D108/><U72/><E33/><V70/><F76/><W32/><G32/><T107/><D107/><U62/><E72/><V83/><F103/><W118/><G118/><T64/><D74/><U127/><E127/><V31/><F31/><W63/><G63/><T101/><D101/><U67/><E25/><V130/><F130/><W78/><G78/><T102/><D102/><U54/><E22/><V37/><F37/><W92/><G92/><T100/><D20/><U134/><E134/><V24/><F94/><W80/><AGARI ba="0,1" hai="0,1,21,26,30,45,49,51,53,55,58,73,79,80" machi="80" ten="30,3000,0" yaku="1,1,0,1,53,0" doraHai="114" doraHaiUra="95" who="3" fromWho="3" sc="329,-10,237,-10,303,-10,121,40" /><INIT seed="7,1,0,3,3,17" ten="319,227,293,161" oya="3" hai0="63,95,49,43,50,133,129,19,115,86,40,110,70" hai1="62,113,54,99,96,107,57,102,130,123,116,128,91" hai2="104,9,83,127,45,5,131,98,14,67,13,82,72" hai3="117,74,32,10,122,41,97,100,76,51,125,20,53"/><W23/><G117/><T108/><D129/><N who="1" m="49771" /><E123/><V46/><F131/><W34/><G122/><T80/><D133/><U90/><E113/><V114/><F114/><W56/><G125/><T59/><D70/><U101/><E116/><V88/><F127/><W135/><G135/><T37/><D50/><U27/><E27/><V126/><F126/><W26/><G10/><T66/><D19/><U73/><E73/><V7/><F67/><W21/><G26/><T48/><D80/><U84/><E84/><V39/><F39/><W2/><G2/><T22/><D43/><U61/><E61/><V60/><F60/><W103/><G41/><T4/><D66/><U112/><E112/><V25/><F25/><W69/><G69/><T35/><D35/><U93/><AGARI ba="1,0" hai="54,57,62,90,91,93,96,99,101,102,107" m="49771" machi="93" ten="30,1100,0" yaku="19,1" doraHai="17" who="1" fromWho="1" sc="319,-4,227,14,293,-4,161,-6" owari="315,41.5,241,-15.9,289,8.9,155,-34.5" /></mjloggm>