<mjloggm ver="2.3"><GO type="169" lobby="0"/><UN n0="%E4%BA%BA%E5%93%81%E3%81%AA%E3%81%97" n1="%E3%83%94%E3%83%B3%E3%82%B5%E3%83%AD%E5%BA%97%E5%93%A1" n2="%E3%81%97%E3%82%83%E3%82%93%E3%81%8A%E3%81%98" n3="%E3%81%9D%E3%82%93%E3%81%97%E6%A7%98" dan="17,17,17,17" rate="2208.03,2278.26,2170.68,2232.31" sx="M,M,F,M"/><TAIKYOKU oya="0"/><INIT seed="0,0,0,5,2,54" ten="250,250,250,250" oya="0" hai0="106,71,86,103,0,85,91,100,15,94,102,81,117" hai1="83,22,109,11,43,115,135,56,27,127,68,18,5" hai2="101,61,38,4,55,88,97,105,121,34,48,93,53" hai3="72,113,123,8,9,124,44,50,107,36,6,80,16"/><T39/><D0/><U42/><E68/><V129/><F121/><W46/><G113/><T1/><D1/><U31/><E109/><V12/><F34/><W116/><G116/><T51/><D39/><U96/><E135/><V28/><F38/><W35/><G107/><T26/><D117/><U104/><E127/><V41/><F28/><W108/><G108/><T79/><D71/><U29/><E115/><V65/><F129/><W23/><G35/><T66/><D66/><U111/><E111/><V25/><F25/><W59/><G124/><T130/><D130/><U98/><E83/><V40/><F4/><W7/><G36/><T126/><D126/><U64/><E29/><V112/><F12/><N who="3" m="9607" /><G72/><T118/><D118/><U21/><E104/><V57/><F112/><W89/><G123/><T95/><D26/><N who="1" m="14647" /><E11/><N who="3" m="4170" /><G46/><T128/><D128/><U119/><E5/><V99/><REACH who="2" step="1"/><F55/><REACH who="2" ten="250,250,240,250" step="2"/><N who="3" m="32247" /><G44/><AGARI ba="0,1" hai="40,41,44,48,53,57,61,65,88,93,97,99,101,105" machi="44" ten="30,7700,0" yaku="1,1,7,1,52,1,54,1,53,0" doraHai="54" doraHaiUra="30" who="2" fromWho="3" sc="250,0,250,0,240,87,250,-77" /><INIT seed="1,0,0,3,1,27" ten="250,250,327,173" oya="1" hai0="52,4,21,67,11,79,84,96,89,13,112,23,66" hai1="100,118,30,127,114,99,39,20,87,0,32,33,123" hai2="7,133,35,105,110,106,44,45,51,31,120,6,97" hai3="108,40,1,16,124,62,60,17,49,36,126,75,135"/><U18/><E114/><V48/><F120/><W55/><G75/><T85/><D112/><U41/><E118/><V5/><F110/><W82/><G108/><T24/><D23/><U22/><E0/><V119/><F119/><W90/><G1/><T54/><D96/><U72/><E72/><V131/><F133/><W38/><G135/><T57/><D79/><U46/><E123/><V98/><F35/><W70/><G90/><T69/><D54/><U116/><E116/><V37/><F37/><N who="3" m="14443" /><G82/><T132/><D69/><U34/><E127/><N who="3" m="48682" /><G40/><T56/><D56/><U115/><E115/><V103/><F131/><W8/><G8/><T130/><D130/><U134/><E134/><V92/><F5/><W93/><G93/><N who="0" m="54439" /><D85/><U102/><E87/><V26/><F26/><W29/><G29/><N who="0" m="17551" /><D132/><U129/><E129/><V12/><F92/><W9/><G9/><T76/><D76/><U61/><E30/><V78/><F78/><W10/><G70/><T80/><D80/><U14/><E22/><V121/><F31/><W83/><G83/><T58/><D58/><U91/><E91/><V71/><F71/><W95/><G95/><T128/><D128/><U77/><E77/><V109/><F109/><W42/><G42/><T28/><D28/><U73/><E73/><V125/><F125/><W94/><G94/><T101/><D101/><N who="1" m="39019" /><E99/><V113/><F103/><W15/><G17/><T3/><D3/><U68/><E68/><V81/><F113/><W111/><G111/><T88/><D88/><U64/><E34/><V53/><F81/><W65/><G65/><T47/><D66/><RYUUKYOKU ba="0,0" sc="250,-15,250,15,327,-15,173,15" hai1="14,18,20,32,33,39,41,46,61,64" hai3="10,15,16,49,55,60,62" /><INIT seed="1,1,0,5,2,67" ten="235,265,312,188" oya="1" hai0="74,101,108,84,18,41,9,56,98,32,80,19,86" hai1="66,62,111,51,13,4,63,58,87,27,81,8,78" hai2="47,68,26,120,102,14,131,93,105,40,72,123,33" hai3="112,121,107,45,95,7,43,60,21,91,114,71,129"/><U25/><E111/><V36/><F93/><W85/><G121/><T89/><D108/><U48/><E63/><V16/><F72/><W116/><G107/><T39/><D74/><U92/><E92/><V106/><F131/><W52/><G129/><T37/><D32/><U124/><E124/><V122/><F68/><W83/><G116/><T6/><D84/><U1/><E1/><V53/><F53/><W29/><G7/><T70/><D56/><U110/><E110/><V79/><F79/><W103/><G103/><T118/><D118/><U82/><E82/><V54/><F54/><W125/><G125/><T132/><D132/><U17/><E17/><V5/><F5/><W55/><G55/><T100/><D70/><U99/><REACH who="1" step="1"/><E99/><REACH who="1" ten="235,255,312,188" step="2"/><V49/><F106/><W94/><G94/><T34/><D19/><U75/><E75/><V73/><F73/><W57/><G95/><T28/><D18/><U50/><AGARI ba="1,1" hai="4,8,13,25,27,48,50,51,58,62,66,78,81,87" machi="50" ten="30,12000,1" yaku="1,1,0,1,8,1,53,2" doraHai="67" doraHaiUra="23" who="1" fromWho="1" sc="235,-41,255,133,312,-41,188,-41" /><INIT seed="1,2,0,0,2,63" ten="194,388,271,147" oya="1" hai0="103,54,65,29,88,83,135,45,126,23,31,86,13" hai1="5,2,70,132,46,52,27,64,71,121,53,134,113" hai2="123,128,119,120,101,76,59,84,10,115,11,24,92" hai3="37,49,43,62,60,22,57,122,18,89,6,87,129"/><U17/><E5/><V100/><F119/><W75/><G122/><T14/><D126/><U16/><E2/><V4/><F128/><W73/><G129/><T7/><D135/><N who="1" m="51755" /><E113/><V9/><F115/><W107/><G107/><T78/><D103/><U104/><E104/><V98/><F100/><W114/><G6/><T51/><D78/><U82/><E121/><V94/><F4/><W19/><G114/><T105/><D105/><U15/><E82/><V25/><F123/><W41/><G37/><T111/><D111/><U102/><E102/><V44/><F120/><W79/><G79/><T80/><D80/><U0/><E0/><V106/><F44/><W36/><G36/><T117/><D117/><U34/><E71/><V32/><F76/><W72/><G72/><T77/><D77/><U91/><E91/><N who="2" m="53351" /><F32/><W39/><G89/><T1/><D1/><U130/><E130/><V8/><N who="2" m="2048" /><DORA hai="67" /><V33/><F33/><W40/><G75/><T48/><D7/><U133/><E133/><V95/><F106/><W127/><G73/><T21/><D51/><U20/><E46/><V58/><F94/><W3/><G3/><T42/><D42/><U28/><E17/><V109/><F109/><W99/><G19/><T125/><D125/><U81/><E81/><V50/><F50/><W108/><G49/><T61/><D29/><U47/><E47/><V38/><F38/><W12/><G39/><T124/><D124/><U35/><E35/><V74/><F74/><W131/><G127/><T55/><D45/><U97/><E97/><V118/><F118/><W116/><G116/><RYUUKYOKU ba="2,0" sc="194,-15,388,15,271,15,147,-15" hai1="15,16,20,27,28,34,52,53,64,70" hai2="24,25,58,59,95,98,101" /><INIT seed="1,3,0,3,4,33" ten="179,403,286,132" oya="1" hai0="96,35,18,117,4,123,29,72,107,61,122,110,125" hai1="106,65,111,54,93,40,81,73,86,41,95,116,127" hai2="98,26,48,15,50,78,103,69,53,75,47,120,135" hai3="20,19,11,63,57,37,34,68,31,38,133,14,70"/><U101/><E116/><V55/><F120/><W32/><G133/><T99/><D117/><U100/><E73/><V23/><F135/><W77/><G77/><T24/><D110/><U91/><E127/><V92/><F69/><W21/><G34/><T109/><D109/><U10/><E111/><V64/><F64/><W36/><G32/><T128/><D125/><U52/><E65/><V45/><F75/><W130/><G130/><T25/><D128/><U0/><E106/><V8/><F78/><W39/><N who="3" m="9216" /><DORA hai="129" /><W56/><G56/><T62/><D4/><U13/><E0/><V6/><F23/><W30/><G21/><T9/><D72/><U43/><E95/><V7/><F26/><W80/><G80/><T88/><D107/><U90/><E101/><V119/><F119/><W44/><G44/><T126/><D126/><U82/><E100/><V46/><F46/><W76/><G76/><T113/><D113/><U1/><E1/><V42/><REACH who="2" step="1"/><F6/><REACH who="2" ten="179,403,276,132" step="2"/><W97/><G20/><T2/><D24/><U124/><E124/><V85/><F85/><W83/><G97/><T5/><D96/><N who="1" m="57399" /><E82/><V3/><F3/><W115/><G83/><T102/><D122/><U51/><E51/><V94/><F94/><W28/><REACH who="3" step="1"/><G115/><REACH who="3" ten="179,403,276,122" step="2"/><T17/><D123/><U49/><E49/><V59/><F59/><W114/><G114/><T134/><D134/><U67/><E67/><AGARI ba="3,2" hai="11,14,19,28,30,31,57,63,67,68,70" m="9216" machi="67" ten="70,2300,0" yaku="1,1,53,0" doraHai="33,129" doraHaiUra="84,89" who="3" fromWho="1" sc="179,0,403,-32,276,0,122,52" /><INIT seed="2,0,0,2,4,120" ten="179,371,276,174" oya="2" hai0="17,25,108,32,104,51,47,128,66,35,6,106,99" hai1="75,68,37,31,56,43,117,97,50,132,100,81,126" hai2="53,129,21,74,64,101,80,127,98,67,91,73,52" hai3="63,0,42,14,38,46,77,5,19,11,78,54,112"/><V40/><F40/><W29/><G112/><T123/><D123/><U89/><E117/><V9/><F127/><W48/><G63/><T24/><D128/><U86/><E68/><V119/><F119/><W103/><G29/><T61/><D6/><U59/><E37/><V115/><F115/><W125/><G103/><T30/><D108/><U122/><E122/><V121/><F121/><W44/><REACH who="3" step="1"/><G125/><REACH who="3" ten="179,371,276,164" step="2"/><T18/><D32/><U124/><E31/><V15/><F101/><W10/><AGARI ba="0,1" hai="0,5,10,11,14,19,38,42,44,46,48,54,77,78" machi="10" ten="20,5200,0" yaku="1,1,2,1,0,1,7,1,53,0" doraHai="120" doraHaiUra="16" who="3" fromWho="3" sc="179,-13,371,-13,276,-26,164,62" /><INIT seed="3,0,0,1,1,45" ten="166,358,250,226" oya="3" hai0="29,46,134,121,11,81,68,69,59,62,24,73,89" hai1="31,111,50,20,135,63,17,84,36,65,5,54,92" hai2="22,114,105,1,25,56,128,44,37,96,109,83,124" hai3="34,18,78,51,12,13,118,95,48,32,30,125,33"/><W3/><G118/><T119/><D121/><U42/><E111/><V129/><F1/><W38/><G38/><T120/><D120/><U61/><E135/><V67/><F114/><W126/><G3/><T21/><D134/><U39/><E5/><V23/><F109/><W57/><G30/><T6/><D119/><U82/><E42/><V49/><F37/><W122/><G122/><T28/><D28/><U71/><E63/><N who="2" m="38375" /><F83/><W40/><G40/><T85/><D46/><U99/><E31/><V98/><F105/><W90/><G78/><T35/><D73/><U107/><E107/><V112/><F112/><W108/><G57/><T19/><D59/><U58/><E99/><N who="2" m="37931" /><F25/><W76/><G76/><T94/><D81/><U8/><E8/><V75/><F75/><W2/><G2/><T116/><D62/><U87/><E87/><V16/><F16/><W27/><G27/><T104/><D104/><U9/><E9/><V14/><F14/><N who="3" m="5739" /><G18/><T103/><D116/><U53/><E53/><N who="2" m="29863" /><F124/><N who="3" m="47723" /><G108/><T66/><D66/><U43/><E43/><V115/><F115/><W74/><G74/><T4/><D4/><U47/><E47/><V86/><F86/><AGARI ba="0,0" hai="32,33,34,48,51,86,90,95" m="47723,5739" machi="86" ten="40,7700,0" yaku="18,1,52,2" doraHai="45" who="3" fromWho="2" sc="166,0,358,0,250,-77,226,77" /><INIT seed="3,1,0,1,1,83" ten="166,358,173,303" oya="3" hai0="21,75,96,53,93,13,26,135,99,66,43,15,11" hai1="63,71,97,62,94,55,121,52,67,56,14,39,76" hai2="95,92,24,77,60,7,130,38,31,44,128,119,106" hai3="42,109,1,4,132,100,32,90,82,57,116,118,69"/><W35/><G69/><T113/><D75/><U80/><E121/><V120/><F119/><W50/><G100/><T16/><D135/><U105/><E39/><V36/><F106/><W125/><G132/><T107/><D113/><U127/><E127/><V124/><F7/><W126/><G4/><T73/><D73/><U87/><E105/><V131/><F124/><N who="3" m="47723" /><G1/><T104/><D66/><U114/><E114/><V81/><F60/><W8/><G8/><T59/><D43/><U65/><REACH who="1" step="1"/><E14/><REACH who="1" ten="166,348,173,303" step="2"/><V0/><F0/><W102/><G118/><T49/><D15/><U10/><E10/><V101/><F120/><W84/><G116/><T37/><D37/><U103/><AGARI ba="1,1" hai="52,55,56,62,63,65,67,71,76,80,87,94,97,103" machi="103" ten="20,12000,2" yaku="1,1,0,1,7,1,52,1,54,1,53,1" doraHai="83" doraHaiUra="54" who="1" fromWho="1" sc="166,-31,348,133,173,-31,303,-61" /><INIT seed="4,0,0,3,1,1" ten="135,481,142,242" oya="0" hai0="0,105,128,91,30,40,99,55,3,88,33,89,59" hai1="51,127,67,58,74,122,48,103,120,16,82,78,7" hai2="4,29,18,84,52,57,102,36,69,110,112,104,28" hai3="117,41,97,12,60,13,45,133,32,2,134,61,81"/><T38/><D128/><U71/><E71/><V24/><F110/><W77/><G117/><T73/><D73/><U109/><E109/><V54/><F69/><W119/><G2/><T132/><D132/><N who="3" m="50793" /><G97/><T129/><D129/><U21/><E7/><V94/><F36/><N who="3" m="21671" /><G32/><T121/><D121/><U124/><E103/><V90/><F112/><W135/><G119/><T111/><D111/><U115/><E115/><V96/><F4/><W14/><N who="3" m="50801" /><W100/><DORA hai="80" /><G100/><T70/><D70/><U130/><E130/><V108/><F108/><W35/><G35/><T116/><D116/><U62/><E122/><V86/><F86/><AGARI ba="0,0" hai="12,13,14,60,61,77,81,86" m="21671,50801" machi="86" ten="40,2600,0" yaku="20,1,52,1" doraHai="1,80" who="3" fromWho="2" sc="135,0,481,0,142,-26,242,26" /><INIT seed="5,0,0,0,2,24" ten="135,481,116,268" oya="1" hai0="87,15,0,117,20,113,105,40,60,85,92,2,12" hai1="14,25,119,101,42,35,47,73,10,37,17,3,64" hai2="104,49,120,110,69,126,108,30,59,114,46,56,16" hai3="51,96,45,36,84,78,58,107,125,32,7,33,102"/><U18/><E119/><V5/><F104/><W122/><G122/><T71/><D105/><U1/><E73/><V43/><F120/><W28/><G7/><T90/><D113/><U93/><E64/><V22/><F69/><W67/><G36/><T8/><D117/><U4/><E3/><V106/><F106/><W134/><G134/><T26/><D40/><U100/><E93/><V74/><F74/><W34/><G84/><T95/><D60/><U9/><REACH who="1" step="1"/><E18/><REACH who="1" ten="135,471,116,268" step="2"/><V79/><F114/><W99/><G67/><T62/><D0/><U109/><E109/><V19/><F110/><W97/><G107/><T39/><D2/><U41/><E41/><V132/><F108/><W55/><G55/><T27/><D92/><U57/><E57/><V76/><F5/><W11/><G58/><T29/><D95/><U77/><E77/><V44/><F132/><W89/><G78/><T50/><D71/><U70/><E70/><V21/><F43/><W98/><G89/><T83/><D83/><U80/><E80/><V72/><F72/><W82/><G82/><T121/><D90/><U135/><E135/><V53/><F53/><W103/><G103/><T94/><D94/><U66/><E66/><V38/><F76/><W130/><G102/><T128/><D121/><U81/><E81/><V112/><F79/><W116/><G116/><T127/><D127/><U75/><E75/><V115/><F126/><W123/><G125/><T52/><D52/><U68/><E68/><V118/><F118/><W23/><N who="3" m="24576" /><DORA hai="65" /><W54/><G123/><T86/><D128/><U13/><E13/><RYUUKYOKU ba="0,1" sc="135,-10,471,30,116,-10,268,-10" hai1="1,4,9,10,14,17,25,35,37,42,47,100,101" /><INIT seed="5,1,1,5,1,37" ten="125,501,106,258" oya="1" hai0="51,77,73,10,40,42,67,5,9,50,106,69,105" hai1="32,80,68,110,55,38,28,15,132,53,21,7,1" hai2="6,96,118,17,4,113,31,103,121,72,114,29,89" hai3="125,33,83,123,109,22,63,78,11,122,57,93,3"/><U97/><E68/><V62/><F118/><W12/><G109/><T112/><D112/><N who="2" m="43114" /><F121/><W134/><G33/><T46/><D73/><U26/><E110/><V52/><F72/><W104/><G104/><T24/><D77/><U66/><E66/><V98/><F89/><W49/><G49/><T135/><D135/><U44/><E132/><V115/><N who="2" m="43122" /><V120/><DORA hai="0" /><F17/><W27/><G78/><T76/><D76/><U108/><E80/><V131/><F120/><W56/><G83/><T14/><D24/><U30/><E30/><N who="2" m="11275" /><F131/><W59/><G134/><T95/><D95/><U133/><E133/><V70/><F70/><W18/><G93/><T60/><D10/><N who="1" m="2415" /><E108/><V41/><F41/><W45/><G11/><T81/><D81/><U82/><E82/><V61/><F96/><W54/><G18/><T101/><D101/><U64/><E97/><V99/><F98/><W117/><G117/><T116/><D116/><U79/><E79/><V39/><F39/><W92/><G123/><T130/><D130/><U86/><E86/><V75/><F75/><W2/><G122/><T107/><REACH who="0" step="1"/><D51/><REACH who="0" ten="115,501,106,258" step="2"/><U129/><E129/><V87/><F87/><W65/><G92/><T13/><D13/><U43/><E15/><V47/><F103/><W126/><G12/><T58/><D58/><U128/><E128/><V35/><F99/><W100/><G100/><T119/><D119/><U94/><E94/><V84/><F84/><W23/><G2/><T20/><D20/><U102/><E102/><V36/><F35/><W127/><G23/><T25/><D25/><N who="1" m="16431" /><E32/><V71/><F36/><RYUUKYOKU ba="1,2" sc="115,30,501,-10,106,-10,258,-10" hai0="5,9,14,40,42,46,50,60,67,69,105,106,107" /><INIT seed="6,2,2,0,5,53" ten="145,491,96,248" oya="2" hai0="51,121,39,130,127,56,112,79,71,133,47,119,69" hai1="38,93,14,84,74,42,116,43,13,118,110,85,15" hai2="72,132,131,111,117,58,113,33,95,126,90,97,108" hai3="40,63,129,91,105,28,0,80,49,24,55,120,45"/><V5/><F33/><W46/><G105/><T104/><RYUUKYOKU type="yao9" ba="2,2" sc="145,0,491,0,96,0,248,0" hai0="39,47,51,56,69,71,79,104,112,119,121,127,130,133" /><INIT seed="6,3,2,5,0,43" ten="145,491,96,248" oya="2" hai0="34,112,79,67,44,81,77,91,17,61,21,84,37" hai1="18,123,121,115,60,33,86,14,117,108,7,27,120" hai2="71,132,57,29,98,55,89,83,31,32,46,127,6" hai3="76,50,110,119,25,73,39,124,36,48,90,5,70"/><V105/><F71/><W131/><G110/><T54/><D112/><U130/><E115/><V12/><F132/><W111/><G111/><T1/><D1/><U82/><E108/><V118/><F118/><W30/><G90/><T26/><D34/><U20/><E130/><V129/><F129/><W92/><G92/><T122/><D122/><U134/><E134/><V38/><F127/><W24/><G5/><T3/><D3/><U52/><E117/><V0/><F0/><W22/><G76/><T74/><D74/><U62/><E52/><V102/><F32/><W58/><G73/><T42/><REACH who="0" step="1"/><D54/><REACH who="0" ten="135,491,96,248" step="2"/><U85/><E33/><V88/><F38/><W104/><G39/><T96/><D96/><U63/><E86/><V100/><F100/><W35/><G36/><T15/><D15/><U59/><E14/><V97/><F97/><W51/><G35/><T19/><D19/><U75/><E75/><V10/><F46/><W28/><G131/><T2/><D2/><U8/><E7/><V106/><F106/><W87/><G87/><T41/><D41/><U47/><E123/><V116/><F116/><W101/><G101/><T13/><D13/><U9/><E47/><V126/><F126/><W45/><G45/><T95/><D95/><U80/><E121/><V93/><F105/><W99/><G104/><T23/><D23/><U109/><E120/><V69/><F69/><AGARI ba="3,3" hai="17,21,26,37,42,44,61,67,69,77,79,81,84,91" machi="69" ten="30,3900,0" yaku="1,1,7,1,52,1,53,0" doraHai="43" doraHaiUra="11" who="0" fromWho="2" sc="135,78,491,0,96,-48,248,0" /><INIT seed="7,0,0,5,0,113" ten="213,491,48,248" oya="3" hai0="135,6,23,72,33,108,93,86,107,42,1,47,127" hai1="36,73,125,121,110,67,115,65,122,134,66,119,58" hai2="17,48,75,74,89,7,98,111,28,56,91,61,117" hai3="126,104,101,22,87,60,0,69,118,39,97,9,79"/><W57/><G118/><T53/><D108/><U128/><RYUUKYOKU type="yao9" ba="0,0" sc="213,0,491,0,48,0,248,0" hai1="36,58,65,66,67,73,110,115,119,121,122,125,128,134" /><INIT seed="7,1,0,3,5,128" ten="213,491,48,248" oya="3" hai0="105,67,114,132,109,48,90,51,86,56,133,65,49" hai1="63,82,15,77,134,32,3,18,113,112,70,111,0" hai2="16,64,35,115,37,54,107,103,122,125,93,100,20" hai3="101,17,110,36,69,72,88,11,71,34,99,80,7"/><W25/><G36/><T84/><D109/><U135/><E111/><V68/><F122/><W26/><G110/><T41/><D114/><N who="1" m="44139" /><E32/><V76/><F107/><W108/><G108/><T45/><D105/><U62/><E70/><V116/><F37/><W130/><G130/><T119/><D119/><U31/><E31/><V58/><F35/><W55/><G55/><N who="0" m="31847" /><D51/><U127/><E127/><V6/><F115/><W89/><G71/><T131/><D131/><U126/><E126/><V46/><F116/><W81/><G69/><T123/><D123/><U98/><E98/><V21/><F68/><W59/><G72/><T42/><D42/><U52/><E3/><V47/><F125/><W8/><G59/><T1/><D1/><U85/><E0/><V92/><F6/><W87/><G34/><T50/><D50/><U129/><E129/><V29/><F29/><W14/><G81/><N who="0" m="49423" /><D86/><U91/><E77/><V27/><F64/><W24/><G89/><T10/><D10/><N who="1" m="6519" /><E52/><V40/><F76/><W33/><G33/><T53/><D53/><U19/><E19/><V104/><F58/><W38/><G38/><T44/><D44/><U79/><E79/><V95/><F54/><W75/><G75/><T124/><D124/><U43/><E43/><V120/><F120/><W96/><G101/><N who="2" m="38985" /><F104/><W97/><G8/><T12/><D12/><U13/><E13/><N who="2" m="9231" /><F40/><W61/><G61/><AGARI ba="1,0" hai="61,62,63,82,85,91,134,135" m="6519,44139" machi="61" ten="30,3900,0" yaku="15,1,52,2" doraHai="128" who="1" fromWho="3" sc="213,0,491,42,48,0,248,-42" owari="213,1.3,533,63.3,48,-45.2,206,-19.4" /></mjloggm>