<mjloggm ver="2.3"><GO type="169" lobby="0"/><UN n0="%E5%BA%84%E5%8F%B8%E5%81%A5%E5%A4%AA%E6%9C%97" n1="%68%69%73%61%74%6F%E6%A3%92" n2="%E5%A4%A7%E4%BB%81%E7%94%B0%E8%96%84" n3="%E3%81%8D%E3%81%84%E3%81%AA" dan="16,16,17,17" rate="2059.58,2127.33,2174.11,2174.11" sx="M,M,M,F"/><TAIKYOKU oya="0"/><INIT seed="0,0,0,3,3,53" ten="250,250,250,250" oya="0" hai0="15,45,104,105,98,57,55,2,10,81,73,107,36" hai1="108,64,96,39,91,127,85,112,51,71,67,21,115" hai2="89,102,77,23,90,70,68,132,56,78,17,126,84" hai3="62,25,123,82,65,76,33,46,28,69,11,1,7"/><T119/><D119/><U130/><E39/><V31/><F31/><W26/><G26/><T52/><D2/><U99/><E21/><V129/><F102/><W42/><G123/><T131/><D131/><U34/><E34/><V116/><F129/><W118/><G118/><T121/><D121/><U63/><E67/><V122/><F116/><W3/><G11/><T43/><D98/><U50/><E108/><V4/><F4/><W9/><G9/><T120/><D120/><U49/><E127/><V74/><F74/><W24/><G24/><T75/><D55/><U124/><E124/><V44/><F44/><W100/><G7/><T86/><D86/><U66/><E66/><V114/><F84/><W30/><G30/><T94/><D94/><U88/><E91/><V80/><F80/><W8/><G8/><T109/><D81/><U27/><E27/><V60/><F114/><N who="1" m="43561" /><E130/><V19/><F122/><W48/><REACH who="3" step="1"/><G100/><REACH who="3" ten="250,250,250,240" step="2"/><T20/><D109/><U41/><E41/><V113/><F113/><W101/><G101/><T133/><D20/><U111/><E111/><V97/><F126/><W125/><G125/><T32/><D32/><U134/><E134/><V103/><F103/><W92/><G92/><AGARI ba="0,1" hai="49,50,51,63,64,71,85,88,92,96,99" m="43561" machi="92" ten="30,2000,0" yaku="11,1,54,1" doraHai="53" who="1" fromWho="3" sc="250,0,250,30,250,0,240,-20" /><INIT seed="1,0,0,0,2,7" ten="250,280,250,220" oya="1" hai0="9,44,23,101,62,41,111,18,26,87,51,15,77" hai1="107,105,123,59,86,55,100,98,112,102,37,2,42" hai2="114,5,61,92,33,131,127,129,0,125,69,124,47" hai3="72,57,24,74,97,73,25,11,65,32,90,91,128"/><U38/><E123/><V8/><F92/><W48/><G128/><N who="2" m="49225" /><F47/><W130/><G130/><T50/><D111/><U22/><E2/><V13/><F61/><W119/><G119/><T31/><D101/><U81/><E42/><V116/><F69/><W80/><G32/><T21/><D62/><U40/><E40/><V106/><F106/><BYE who="2" /><W110/><G110/><T108/><D108/><U132/><E112/><V75/><F75/><W78/><G65/><UN n2="%E5%A4%A7%E4%BB%81%E7%94%B0%E8%96%84" /><T76/><D51/><U58/><E22/><V12/><F116/><W19/><G25/><N who="0" m="16815" /><D87/><U121/><E132/><V39/><F39/><W94/><G24/><T83/><D83/><U85/><E121/><V16/><F33/><W96/><G48/><T46/><D46/><U52/><E81/><V10/><F114/><W113/><G57/><T135/><D135/><U71/><E71/><V29/><F29/><AGARI ba="0,0" hai="9,15,18,23,26,29,41,44,50,76,77" m="16815" machi="29" ten="30,2000,0" yaku="8,1,52,1" doraHai="7" who="0" fromWho="2" sc="250,20,280,0,250,-20,220,0" /><INIT seed="2,0,0,1,5,42" ten="270,280,230,220" oya="2" hai0="30,135,1,74,75,63,108,12,44,58,46,112,18" hai1="62,65,49,76,111,56,80,125,134,6,117,4,95" hai2="123,86,113,67,118,121,70,66,114,34,55,37,99" hai3="24,47,2,94,91,21,84,36,81,102,87,73,115"/><V119/><F34/><W96/><G115/><N who="2" m="44041" /><F86/><W7/><G2/><T38/><D1/><U88/><E111/><V41/><F99/><W35/><G35/><T45/><D38/><U105/><E105/><V54/><F41/><W17/><G7/><T52/><D112/><U90/><E90/><V71/><F37/><W39/><G73/><T16/><D108/><U43/><E117/><N who="2" m="44555" /><F54/><W51/><REACH who="3" step="1"/><G87/><REACH who="3" ten="270,280,230,210" step="2"/><T14/><D135/><U82/><E134/><V48/><F123/><W53/><AGARI ba="0,1" hai="17,21,24,36,39,47,51,53,81,84,91,94,96,102" machi="53" ten="20,8000,1" yaku="1,1,2,1,0,1,7,1,52,1,53,0" doraHai="42" doraHaiUra="116" who="3" fromWho="3" sc="270,-20,280,-20,230,-40,210,90" /><INIT seed="3,0,0,1,0,52" ten="250,260,190,300" oya="3" hai0="20,112,98,124,111,4,62,1,116,15,30,96,114" hai1="120,50,81,113,77,80,36,49,133,72,39,88,131" hai2="35,130,46,70,58,0,40,126,127,99,7,11,69" hai3="60,16,134,33,10,68,95,108,94,101,86,129,102"/><W25/><G129/><T76/><D76/><U61/><E133/><V122/><F130/><W105/><G105/><T44/><D44/><U17/><E120/><V65/><F35/><W51/><G134/><T45/><D45/><U85/><E113/><V66/><F122/><W121/><G121/><T38/><D38/><U104/><E104/><V18/><F99/><W135/><G135/><T83/><D83/><U5/><E5/><V3/><F18/><W75/><G75/><T87/><D87/><U64/><E36/><V27/><F27/><W123/><G123/><T119/><D62/><U6/><E39/><V79/><F79/><W8/><G33/><T9/><D111/><U74/><E6/><V92/><F92/><W110/><G51/><T12/><D98/><U43/><E43/><V29/><F29/><W28/><G28/><T89/><D89/><U109/><E109/><N who="3" m="42090" /><G60/><T37/><D96/><U132/><E131/><V32/><F32/><W41/><G68/><T128/><D37/><U97/><E97/><V71/><F0/><W115/><G41/><T54/><D128/><U125/><E74/><V118/><F118/><N who="0" m="45098" /><D54/><U107/><E107/><V42/><F66/><W19/><G94/><T23/><D124/><N who="2" m="47658" /><F46/><W22/><G95/><T14/><D30/><U2/><E132/><V34/><F34/><W56/><G101/><T63/><D63/><AGARI ba="0,0" hai="3,7,11,40,42,58,63,65,69,70,71" m="47658" machi="63" ten="40,2600,0" yaku="18,1,52,1" doraHai="52" who="2" fromWho="0" sc="250,-26,260,0,190,26,300,0" /><INIT seed="4,0,0,4,4,54" ten="224,260,216,300" oya="0" hai0="93,80,56,81,133,94,83,125,113,68,111,85,26" hai1="95,34,117,61,122,91,67,126,29,8,76,15,57" hai2="98,124,22,108,12,130,58,20,70,49,6,106,82" hai3="50,42,52,100,47,134,14,112,37,115,128,5,84"/><T0/><D68/><U74/><E126/><V19/><F70/><W114/><G128/><T46/><D0/><U135/><E135/><V87/><F124/><W31/><G134/><T118/><D125/><U28/><E34/><V40/><F130/><W116/><G116/><T62/><D133/><U60/><E122/><V21/><F108/><W105/><G31/><T119/><D111/><U43/><E43/><V71/><F71/><W103/><G105/><T4/><D4/><U121/><E121/><V35/><F35/><W131/><G131/><T11/><D11/><U1/><E1/><V110/><F6/><W53/><G53/><T99/><D113/><U33/><E33/><V25/><F110/><W120/><G120/><T32/><D46/><U30/><E61/><V36/><F36/><W17/><G84/><T89/><D26/><U123/><E117/><V72/><F72/><W39/><G5/><T102/><REACH who="0" step="1"/><D32/><REACH who="0" ten="214,260,216,300" step="2"/><U127/><E127/><V73/><F25/><W90/><G112/><T86/><D86/><U107/><E123/><V48/><F73/><W92/><G114/><T41/><D41/><U79/><E74/><V24/><F24/><W51/><G115/><T16/><D16/><N who="1" m="8295" /><E107/><V101/><F40/><W10/><G39/><T78/><D78/><U2/><E2/><V23/><REACH who="2" step="1"/><F58/><REACH who="2" ten="214,260,206,300" step="2"/><N who="3" m="33047" /><G37/><T13/><D13/><U63/><E57/><V129/><F129/><W45/><G45/><T44/><D44/><U65/><E30/><V66/><F66/><AGARI ba="0,2" hai="56,62,66,80,81,83,85,89,93,94,99,102,118,119" machi="66" ten="40,3900,0" yaku="1,1,52,1,53,0" doraHai="54" doraHaiUra="64" who="0" fromWho="2" sc="214,59,260,0,206,-39,300,0" /><INIT seed="4,1,0,3,4,7" ten="273,260,167,300" oya="0" hai0="54,47,134,129,67,106,55,107,90,89,13,58,86" hai1="95,1,5,6,133,22,65,70,10,96,84,114,18" hai2="56,51,37,75,33,108,92,132,61,79,4,98,35" hai3="60,78,17,52,97,57,46,125,102,9,131,71,100"/><T0/><D0/><U88/><E6/><V29/><F37/><W105/><G125/><T49/><D134/><U77/><E133/><V38/><F38/><W32/><G32/><T110/><D129/><U43/><E43/><V72/><F132/><W130/><G78/><T81/><D110/><U85/><E77/><V2/><F51/><W19/><G102/><T135/><D135/><U16/><E18/><V31/><F108/><W14/><G71/><T103/><D67/><U101/><E114/><V53/><F35/><W62/><G62/><T80/><D103/><U39/><E39/><V26/><F31/><W11/><G46/><T66/><D66/><U23/><E23/><V74/><F79/><W122/><G122/><T44/><D13/><AGARI ba="1,0" hai="9,11,13,14,17,19,52,57,60,97,100,105,130,131" machi="13" ten="40,8000,1" yaku="9,1,52,2,54,1" doraHai="7" who="3" fromWho="0" sc="273,-83,260,0,167,0,300,83" /><INIT seed="5,0,0,2,4,128" ten="190,260,167,383" oya="1" hai0="33,74,91,27,50,52,102,16,14,127,20,9,70" hai1="8,119,124,112,86,0,31,87,62,103,71,21,15" hai2="17,10,132,19,28,66,4,18,55,108,57,1,23" hai3="81,39,134,118,77,5,85,7,105,82,121,131,123"/><U40/><E112/><V13/><F66/><W26/><G118/><T98/><D127/><U126/><E40/><V135/><F108/><W79/><G39/><T65/><D74/><U80/><E103/><V93/><F93/><W60/><G105/><T76/><D76/><U30/><E86/><V41/><F41/><W110/><G110/><T101/><D33/><U49/><E49/><V11/><F28/><W73/><G131/><T107/><D65/><U75/><E75/><V46/><F46/><W42/><G42/><T67/><D67/><N who="1" m="41463" /><E0/><V6/><REACH who="2" step="1"/><F23/><REACH who="2" ten="190,260,157,383" step="2"/><W58/><G121/><T59/><D70/><U29/><E21/><V106/><F106/><W44/><G44/><T37/><D37/><U61/><E119/><V117/><F117/><W35/><G123/><T38/><D38/><U90/><E30/><V115/><F115/><W3/><G35/><T114/><D114/><U100/><E29/><V104/><F104/><W130/><G130/><T83/><D107/><U99/><E31/><V24/><F24/><W53/><G26/><T34/><D34/><U68/><E68/><V36/><F36/><W111/><G111/><T94/><D83/><U129/><E129/><V2/><F2/><W32/><G32/><T109/><D109/><U45/><E45/><V89/><F89/><W96/><G3/><T84/><D98/><U25/><E25/><V69/><F69/><W56/><G96/><T97/><D97/><U116/><E99/><V63/><AGARI ba="0,1" hai="1,4,6,10,11,13,17,18,19,55,57,63,132,135" machi="63" ten="30,7900,0" yaku="1,1,0,1,52,2,53,0" doraHai="128" doraHaiUra="92" who="2" fromWho="2" sc="190,-20,260,-39,157,89,383,-20" /><INIT seed="6,0,0,2,0,97" ten="170,221,246,363" oya="2" hai0="50,43,66,3,28,127,58,41,46,91,42,100,60" hai1="11,96,10,111,35,30,32,45,120,40,74,13,114" hai2="8,24,79,52,82,107,108,4,27,53,69,64,85" hai3="131,128,54,109,29,1,115,51,18,110,103,48,16"/><V101/><F108/><W62/><G115/><T71/><D3/><U5/><E114/><V113/><F113/><W126/><G1/><T36/><D91/><U2/><E30/><V37/><F37/><W20/><G126/><T0/><D0/><U121/><E74/><V44/><F44/><W56/><G29/><T84/><D84/><U9/><E9/><V124/><F124/><W7/><G7/><T21/><D127/><U57/><E57/><V65/><F69/><W99/><G51/><T122/><D122/><U63/><E63/><V112/><F65/><W26/><G18/><T94/><D21/><U118/><E118/><V105/><F64/><W78/><G78/><T129/><D28/><U92/><E111/><V95/><F107/><W89/><G89/><T6/><D6/><U31/><E31/><V68/><F105/><N who="3" m="63743" /><G62/><T106/><D106/><U73/><E73/><V125/><F68/><W93/><G93/><T34/><D34/><U49/><E120/><V75/><F125/><W38/><G38/><T39/><D129/><AGARI ba="0,0" hai="16,20,26,48,54,56,109,110,128,129,131" m="63743" machi="129" ten="30,3900,0" yaku="19,1,52,1,54,1" doraHai="97" who="3" fromWho="0" sc="170,-39,221,0,246,0,363,39" /><INIT seed="7,0,0,4,1,46" ten="131,221,246,402" oya="3" hai0="76,66,107,45,98,77,104,56,83,47,103,34,102" hai1="70,55,10,114,6,7,111,80,19,44,29,24,117" hai2="53,42,88,60,96,63,17,127,135,36,49,27,58" hai3="52,91,110,23,123,72,61,112,51,28,11,62,119"/><W94/><G119/><T121/><D34/><U128/><E70/><V38/><F127/><W105/><G123/><T108/><D66/><U134/><E111/><V59/><F135/><W41/><G112/><T99/><D56/><U3/><E128/><V71/><F71/><W37/><G37/><T9/><D9/><U12/><E134/><V69/><F69/><W122/><G41/><T109/><D47/><U90/><E114/><V54/><F42/><W4/><G72/><T115/><D45/><U30/><E3/><V68/><F68/><W97/><G105/><T67/><D67/><U65/><E65/><V113/><F63/><W130/><G122/><T86/><D115/><U40/><E40/><V32/><F32/><W106/><G106/><T21/><D21/><U81/><E81/><V26/><F26/><W124/><G124/><T92/><D121/><U100/><E100/><V84/><F84/><W22/><G110/><T125/><D125/><U89/><E117/><V31/><F31/><N who="1" m="11785" /><E89/><V120/><F113/><W2/><G130/><T75/><D92/><U133/><E24/><V73/><F120/><W14/><G2/><T87/><D83/><U48/><E133/><V82/><F82/><W13/><G23/><T116/><D75/><U8/><E10/><V126/><F73/><W131/><G131/><T1/><D1/><U0/><E0/><V85/><F126/><W95/><G28/><T43/><D43/><U64/><E64/><V33/><F33/><W50/><G11/><T74/><D74/><U93/><E93/><N who="2" m="56359" /><F85/><AGARI ba="0,0" hai="6,7,8,12,19,44,48,55,80,85,90" m="11785" machi="85" ten="30,3900,0" yaku="25,1,8,1,52,1" doraHai="46" who="1" fromWho="2" sc="131,0,221,39,246,-39,402,0" owari="131,-36.9,260,6.0,207,-19.3,402,50.2" /></mjloggm>