<mjloggm ver="2.3"><GO type="169" lobby="0"/><UN n0="%54%61%62%61%73%63%6F" n1="%E3%81%93%E3%81%AB" n2="%E3%81%99%E3%81%91%E3%81%B4%E3%82%87%E3%82%93" n3="%E8%B5%A4%E6%AF%9B%E3%81%AE%E3%82%AD%E3%83%A7%E3%83%B3" dan="16,16,16,18" rate="2106.19,2145.87,2135.99,2326.63" sx="M,M,M,M"/><TAIKYOKU oya="0"/><INIT seed="0,0,0,5,5,4" ten="250,250,250,250" oya="0" hai0="48,10,99,7,53,132,107,106,84,117,123,77,65" hai1="87,29,134,19,119,105,38,95,100,18,55,72,25" hai2="120,80,92,26,35,93,64,52,36,131,5,49,67" hai3="130,71,30,96,122,124,14,22,58,113,112,91,23"/><T1/><D132/><U74/><E119/><V0/><F36/><W6/><G71/><T41/><D117/><U2/><E38/><V56/><F120/><W110/><G122/><T33/><D123/><U57/><E134/><V16/><F131/><W115/><G130/><T37/><D33/><U129/><E129/><V54/><F80/><W60/><G110/><T17/><D65/><U82/><E2/><V15/><F54/><W59/><G124/><T125/><D99/><U47/><E47/><V126/><F126/><W32/><G32/><T61/><D61/><U62/><E105/><V89/><F0/><W133/><G133/><T21/><D41/><U8/><E74/><V68/><F5/><W50/><G50/><T108/><D37/><U76/><E72/><V28/><F68/><W90/><G58/><T85/><D85/><U73/><E73/><V101/><F101/><W109/><G109/><T40/><D40/><U66/><E66/><V46/><F46/><W79/><G79/><T98/><D98/><U78/><E78/><V24/><F24/><W20/><G30/><T9/><D125/><U75/><E75/><V94/><REACH who="2" step="1"/><F89/><REACH who="2" ten="250,250,240,250" step="2"/><W118/><G118/><T97/><D108/><U3/><E100/><V103/><F103/><W114/><G114/><T44/><D7/><N who="1" m="1151" /><E95/><V51/><F51/><W13/><G6/><T116/><D1/><U111/><E111/><V83/><F83/><W135/><G135/><T45/><D45/><U27/><E27/><V34/><F34/><W43/><G113/><T70/><D116/><U63/><E63/><V121/><F121/><RYUUKYOKU ba="0,1" sc="250,-15,250,15,240,15,250,-15" hai1="18,19,25,29,55,57,62,76,82,87" hai2="15,16,26,28,35,49,52,56,64,67,92,93,94" /><INIT seed="1,1,1,1,4,82" ten="235,265,255,235" oya="1" hai0="118,70,128,38,2,51,59,67,23,16,20,37,29" hai1="3,12,95,92,8,91,50,43,113,129,120,11,126" hai2="87,66,103,24,96,53,83,13,100,30,64,57,1" hai3="65,84,14,17,124,119,94,7,62,79,68,127,32"/><U134/><E113/><V81/><F1/><W114/><G114/><T36/><D118/><U108/><E120/><V5/><F81/><W86/><G32/><T21/><D2/><U93/><E126/><N who="3" m="48170" /><G119/><T90/><D128/><U75/><E75/><V97/><F5/><W18/><G79/><T69/><D29/><U117/><E117/><V116/><F116/><W74/><G74/><T39/><D39/><U135/><E129/><V27/><F13/><W131/><G131/><T102/><D102/><U52/><E43/><V122/><F122/><W54/><G54/><T28/><D28/><U109/><E3/><V78/><F100/><W4/><G18/><T77/><D16/><N who="1" m="8199" /><E11/><V34/><F27/><W132/><G132/><N who="1" m="50730" /><E91/><V44/><F44/><AGARI ba="1,1" hai="44,50,52,92,93,95,108,109" m="50730,8199" machi="44" ten="40,7700,0" yaku="20,1,54,2" doraHai="82" who="1" fromWho="2" sc="235,0,265,90,255,-80,235,0" /><INIT seed="1,2,0,4,1,11" ten="235,355,175,235" oya="1" hai0="4,94,39,33,133,16,95,25,96,74,15,3,108" hai1="50,116,43,27,104,8,110,52,2,32,51,0,46" hai2="47,121,9,22,76,31,89,120,114,75,65,12,101" hai3="56,80,36,64,81,34,118,124,17,128,112,45,85"/><U60/><E116/><V53/><F114/><W102/><G112/><T83/><D39/><U63/><E104/><V30/><F101/><W78/><G34/><T129/><D108/><U71/><E110/><V115/><F115/><W90/><G124/><T59/><D129/><U6/><E2/><V130/><F130/><W122/><G122/><T24/><D133/><U66/><E63/><V84/><F65/><W98/><G128/><T86/><D74/><U14/><E32/><V37/><F76/><W109/><G109/><T88/><D33/><U97/><E27/><N who="0" m="10313" /><D4/><U13/><REACH who="1" step="1"/><E97/><REACH who="1" ten="235,345,175,235" step="2"/><V92/><F120/><W57/><G118/><T5/><D3/><U68/><E68/><V117/><F117/><W126/><G98/><T125/><D125/><U19/><E19/><V67/><F121/><W40/><G126/><T23/><D5/><U62/><E62/><V48/><F31/><W55/><G17/><T93/><D59/><AGARI ba="2,1" hai="0,6,8,13,14,43,46,50,51,52,59,60,66,71" machi="59" ten="30,12000,1" yaku="1,1,7,1,52,2,54,1,53,0" doraHai="11" doraHaiUra="28" who="1" fromWho="0" sc="235,-126,345,136,175,0,235,0" /><INIT seed="1,3,0,4,4,15" ten="109,481,175,235" oya="1" hai0="22,53,31,129,107,42,116,105,119,19,118,117,45" hai1="27,29,71,51,120,78,69,100,8,41,1,34,64" hai2="21,46,9,123,40,14,60,134,56,83,2,84,108" hai3="121,26,17,67,68,7,55,38,48,133,16,126,125"/><U3/><E120/><V13/><F123/><W23/><G38/><T6/><N who="0" m="29696" /><DORA hai="124" /><T85/><D6/><U109/><E78/><V18/><F2/><W54/><G121/><T66/><D66/><U127/><E127/><N who="3" m="48650" /><G133/><T65/><D65/><U74/><E74/><V32/><F32/><W111/><G111/><T47/><D31/><U130/><E130/><V5/><F108/><W97/><G7/><T11/><D11/><U33/><E100/><V99/><F134/><W30/><G97/><T77/><D53/><N who="3" m="19977" /><G48/><T135/><D135/><U93/><E51/><V70/><F70/><W24/><G24/><T44/><D42/><U94/><E41/><V72/><F72/><W102/><G102/><T86/><D129/><U49/><E49/><N who="2" m="26823" /><F99/><W101/><G101/><T122/><D122/><U57/><E69/><V92/><F92/><W52/><N who="3" m="19985" /><W106/><DORA hai="43" /><G106/><T28/><D105/><U114/><E71/><V98/><F98/><W128/><G128/><T115/><D107/><U103/><E94/><V132/><F132/><W59/><G59/><T91/><D47/><U58/><E93/><V25/><F25/><W80/><G80/><T61/><D45/><U110/><E27/><V131/><F131/><W4/><G4/><T62/><D44/><U63/><E109/><V39/><F39/><W104/><G104/><T75/><D75/><U50/><E110/><V112/><F56/><W12/><G12/><T0/><D86/><U96/><E57/><V95/><F84/><W10/><G10/><T90/><D85/><U87/><E87/><V81/><F9/><RYUUKYOKU ba="3,0" sc="109,-10,481,-10,175,-10,235,30" hai3="16,17,23,26,30,67,68" /><INIT seed="2,4,0,4,5,45" ten="99,471,165,265" oya="2" hai0="0,24,86,120,7,88,51,31,71,57,111,48,123" hai1="75,91,85,113,122,9,87,117,106,101,10,116,93" hai2="72,114,77,82,80,128,5,49,56,40,135,25,46" hai3="100,94,70,73,110,83,78,50,41,53,89,126,12"/><V62/><F114/><W8/><G126/><T36/><D71/><U38/><E113/><V21/><F128/><W109/><G70/><T95/><D36/><U104/><E75/><V130/><F130/><W81/><G81/><T133/><D111/><U105/><E38/><V124/><F124/><W16/><G41/><T2/><D133/><U121/><E101/><V19/><F82/><W35/><G35/><T20/><D57/><U64/><E64/><V11/><F135/><W15/><G15/><T13/><D13/><U103/><E103/><V129/><F129/><W112/><G100/><T90/><D7/><U125/><E125/><V37/><F37/><W58/><REACH who="3" step="1"/><G112/><REACH who="3" ten="99,471,165,255" step="2"/><T118/><D118/><U107/><E116/><V22/><F25/><W4/><G4/><T74/><D74/><U59/><E117/><V43/><F43/><W33/><G33/><T39/><D39/><U69/><E69/><V60/><F5/><W96/><AGARI ba="4,1" hai="8,12,16,50,53,58,73,78,83,89,94,96,109,110" machi="96" ten="30,7900,0" yaku="1,1,0,1,52,1,54,1,53,0" doraHai="45" doraHaiUra="30" who="3" fromWho="3" sc="99,-24,471,-24,165,-43,255,101" /><INIT seed="3,0,0,4,2,103" ten="75,447,122,356" oya="3" hai0="90,77,50,1,34,18,94,64,116,122,87,79,10" hai1="61,15,132,57,82,117,66,51,67,23,114,69,7" hai2="46,53,130,101,11,81,35,21,128,44,48,22,80" hai3="126,0,76,62,88,111,43,36,129,98,30,52,109"/><W86/><G0/><T33/><D122/><U91/><E114/><V131/><F35/><W63/><G126/><T118/><D64/><U97/><E132/><V96/><F11/><W92/><G129/><T73/><D34/><U108/><E108/><N who="3" m="41546" /><G30/><T107/><D33/><U72/><E72/><V55/><F22/><W4/><G4/><T16/><D107/><U49/><E69/><V9/><F9/><W12/><G12/><T32/><D32/><U39/><E39/><V75/><F21/><W83/><G52/><T25/><D25/><U135/><E67/><V65/><F65/><W104/><G104/><T59/><D1/><U58/><E135/><V24/><F24/><W31/><G31/><T71/><D18/><U40/><E7/><V133/><F133/><W110/><N who="3" m="41554" /><W60/><DORA hai="93" /><G60/><T125/><D125/><U78/><E61/><V124/><F124/><W3/><G3/><T26/><D26/><U99/><E15/><V89/><F75/><W41/><G41/><T27/><D73/><U113/><E40/><V2/><F2/><W13/><G13/><T38/><D10/><U54/><E66/><V6/><F6/><W123/><G123/><T84/><D27/><U19/><E54/><V70/><F70/><W68/><G68/><T106/><D106/><U119/><E19/><V17/><F17/><W95/><G92/><N who="0" m="54343" /><D71/><U28/><E28/><V127/><F127/><W5/><G5/><T56/><D16/><U20/><E20/><V42/><F128/><W115/><G115/><T14/><D14/><U120/><E113/><V37/><F130/><RYUUKYOKU ba="0,0" sc="75,-10,447,-10,122,-10,356,30" hai3="36,43,62,63,76,83,86,88,95,98" /><INIT seed="3,1,0,3,5,7" ten="65,437,112,386" oya="3" hai0="40,55,23,109,129,39,91,87,74,45,71,10,22" hai1="33,31,13,46,32,17,69,42,50,103,72,130,115" hai2="96,85,79,28,133,128,70,93,95,82,41,132,36" hai3="83,19,78,9,89,101,112,1,30,104,102,4,99"/><W122/><G112/><T64/><D74/><U61/><E115/><V80/><F70/><W123/><G30/><T59/><D109/><U135/><E72/><V26/><F128/><W75/><G102/><T120/><D129/><U105/><E130/><V47/><F82/><W37/><G19/><T100/><D100/><U131/><E131/><V56/><F56/><W27/><G27/><T117/><D120/><U6/><E6/><V65/><F65/><W2/><G2/><T63/><D10/><U34/><E135/><N who="2" m="51787" /><F96/><W5/><G5/><T86/><D86/><U57/><E103/><V51/><F36/><W3/><G3/><T113/><D117/><U24/><E105/><V124/><F124/><W16/><G16/><T118/><D118/><U62/><E62/><V76/><F76/><W54/><G54/><T15/><D15/><U134/><E69/><V38/><F38/><W90/><REACH who="3" step="1"/><G37/><REACH who="3" ten="65,437,112,376" step="2"/><T127/><D113/><U92/><E134/><V14/><F14/><W116/><G116/><T49/><REACH who="0" step="1"/><D127/><REACH who="0" ten="55,437,112,376" step="2"/><U8/><E13/><V114/><F114/><W12/><G12/><T98/><D98/><U53/><E24/><V121/><F121/><AGARI ba="1,2" hai="1,4,9,75,78,83,89,90,99,101,104,121,122,123" machi="121" ten="40,7700,0" yaku="1,1,52,1,53,1" doraHai="7" doraHaiUra="0" who="3" fromWho="2" sc="55,0,437,0,112,-80,376,100" /><INIT seed="3,2,0,5,0,77" ten="55,437,32,476" oya="3" hai0="41,2,5,79,135,124,11,86,13,18,114,104,47" hai1="95,12,9,45,126,17,118,32,131,3,6,110,122" hai2="58,26,78,21,82,85,29,57,49,116,94,98,102" hai3="105,16,100,48,132,129,24,61,38,112,119,99,93"/><W7/><G119/><T69/><D135/><U14/><E122/><V83/><F116/><W134/><G112/><T52/><D124/><U117/><E126/><V76/><REACH who="2" step="1"/><F49/><REACH who="2" ten="55,437,22,476" step="2"/><W96/><G48/><T64/><D114/><U36/><E117/><V46/><F46/><W44/><G44/><T37/><D104/><U55/><E45/><V90/><F90/><W71/><G105/><T106/><D106/><U123/><E118/><V103/><F103/><W59/><G100/><T75/><D69/><U42/><E123/><V60/><F60/><W121/><G71/><T15/><D47/><U56/><E42/><V130/><F130/><W89/><G129/><T107/><D107/><U62/><E62/><V108/><F108/><W92/><G121/><T84/><D41/><U53/><E110/><V70/><F70/><W111/><G111/><T87/><D37/><U81/><E36/><V133/><F133/><W68/><G38/><T25/><D64/><U19/><E131/><V31/><F31/><W80/><G68/><T10/><D52/><U51/><E55/><V39/><F39/><W127/><G127/><T97/><D79/><U63/><E51/><V40/><F40/><W113/><G113/><T34/><D2/><U28/><E3/><V35/><F35/><W88/><G132/><T23/><D34/><U54/><E32/><V115/><F115/><W125/><G134/><T50/><D50/><U30/><E63/><V109/><F109/><W20/><G125/><T120/><D120/><U33/><E33/><V0/><F0/><W74/><G61/><T43/><D43/><RYUUKYOKU ba="2,1" sc="55,-10,437,-10,22,30,476,-10" hai2="21,26,29,57,58,76,78,82,83,85,94,98,102" /><INIT seed="4,3,1,1,4,42" ten="45,427,52,466" oya="0" hai0="12,58,64,88,93,99,114,11,123,48,111,80,130" hai1="50,2,134,56,129,4,97,41,33,119,117,104,66" hai2="32,100,1,124,39,135,16,53,0,125,101,15,133" hai3="132,121,51,23,9,76,102,35,110,89,109,106,10"/><T25/><D123/><U77/><E33/><V103/><F32/><W44/><G35/><T31/><D114/><U45/><E129/><V95/><F95/><W37/><G37/><T107/><D130/><U84/><E134/><N who="2" m="51211" /><F53/><W5/><G132/><T90/><D107/><U120/><E120/><V13/><F39/><W118/><G121/><T92/><D80/><U18/><E18/><V126/><F16/><W127/><G118/><T52/><D64/><U19/><E19/><V69/><F69/><W82/><G10/><T131/><D111/><U36/><E36/><V85/><F85/><W105/><G23/><T62/><D131/><U57/><E84/><V46/><F46/><W108/><G9/><T68/><D68/><U7/><E45/><V61/><F61/><W59/><G106/><T74/><D74/><U24/><E104/><V112/><F112/><W28/><G105/><T17/><D62/><U86/><E86/><V65/><F65/><W96/><G109/><T116/><D116/><U49/><E66/><V91/><F91/><W27/><G89/><T43/><D43/><U71/><E41/><V30/><F30/><W22/><G28/><T113/><D113/><U60/><E71/><V8/><F8/><W47/><G110/><T67/><D67/><U29/><E29/><V40/><F40/><W73/><G73/><T72/><D72/><U79/><E60/><V21/><F21/><W3/><G22/><N who="0" m="15799" /><D90/><U6/><E117/><V14/><AGARI ba="3,1" hai="0,1,13,14,15,100,101,103,124,125,126" m="51211" machi="14" ten="50,12000,2" yaku="29,2,28,2,18,1,20,1" doraHai="42" who="2" fromWho="2" sc="45,-63,427,-33,52,139,466,-33" owari="-18,-51.8,394,19.4,191,-20.9,433,53.3" /></mjloggm>