<mjloggm ver="2.3"><GO type="225" lobby="0"/><UN n0="%72%61%6B%33" n1="%E9%A6%AC%E5%BC%95%E7%81%AB%33" n2="%E7%99%BD%E5%80%89%E5%AF%9B%E4%B9%8B" n3="%33%74%72%65%65" dan="16,16,16,17" rate="2099.11,2122.12,2156.79,2167.21" sx="M,M,M,F"/><TAIKYOKU oya="0"/><INIT seed="0,0,0,4,5,63" ten="250,250,250,250" oya="0" hai0="5,11,38,106,128,57,82,20,2,55,21,113,31" hai1="9,76,108,107,79,92,94,47,85,17,130,88,32" hai2="89,133,119,58,131,41,50,61,78,7,68,34,103" hai3="80,132,71,51,102,115,87,69,12,22,52,54,37"/><T99/><D113/><U49/><E108/><V101/><F34/><W90/><G115/><T97/><D128/><U84/><E130/><V35/><F35/><W27/><G37/><T42/><D31/><U110/><E110/><V3/><F68/><W116/><G116/><T114/><D114/><U60/><E107/><V39/><F39/><W28/><G132/><T120/><D120/><U127/><E127/><V111/><F119/><W46/><G102/><T105/><D82/><U4/><E32/><V65/><F133/><W33/><G33/><T16/><D20/><U25/><E60/><V75/><F131/><W104/><G104/><T91/><D42/><U123/><E123/><V14/><F3/><W112/><G112/><T24/><D97/><U8/><E25/><V59/><F111/><W1/><G1/><T26/><D26/><U93/><E17/><V109/><F109/><W29/><G29/><T53/><D53/><N who="1" m="29887" /><E85/><V81/><F89/><W126/><G126/><T118/><D38/><U18/><E4/><V6/><F6/><W0/><G0/><T74/><D74/><U30/><E30/><V135/><F135/><W125/><G125/><T10/><D10/><N who="1" m="4203" /><E18/><V95/><F7/><W86/><G12/><T122/><D122/><U124/><E124/><V40/><F14/><W134/><G134/><T67/><D118/><U64/><E64/><V70/><F70/><N who="3" m="26635" /><G87/><T45/><D67/><U23/><E23/><V19/><F19/><W77/><G54/><T36/><D36/><U121/><E121/><V62/><F40/><W83/><G77/><AGARI ba="0,0" hai="76,77,79,84,88,92,93,94" m="4203,29887" machi="77" ten="30,2000,0" yaku="8,1,54,1" doraHai="63" who="1" fromWho="3" sc="250,0,250,20,250,0,250,-20" /><INIT seed="1,0,0,3,4,74" ten="250,270,250,230" oya="1" hai0="101,94,4,91,105,84,18,107,32,6,95,37,53" hai1="103,35,45,25,79,52,125,75,59,23,76,57,26" hai2="66,29,50,80,120,116,132,3,8,87,82,122,99" hai3="97,130,48,93,33,118,40,83,49,30,70,24,72"/><U44/><E75/><V46/><F116/><W56/><G118/><T115/><D115/><U119/><E119/><V96/><F132/><W62/><G130/><T117/><D117/><U85/><E125/><V34/><F66/><W111/><G111/><T39/><D32/><U92/><E35/><V129/><F129/><W88/><G70/><T73/><D73/><U14/><E14/><V100/><F82/><W108/><G40/><T0/><D53/><U113/><E113/><V110/><F110/><W124/><G124/><T63/><D63/><U90/><E103/><V67/><F67/><W81/><G108/><T58/><D58/><U121/><E59/><V112/><F112/><W16/><G16/><T135/><D18/><N who="1" m="12535" /><E26/><V86/><F86/><W127/><G127/><T134/><D84/><U17/><E17/><V51/><F51/><W123/><G123/><T21/><D101/><U78/><E121/><V128/><F128/><W55/><REACH who="3" step="1"/><G83/><REACH who="3" ten="250,270,250,220" step="2"/><T106/><D135/><U65/><E65/><V43/><F122/><W31/><G31/><T41/><D134/><U12/><E12/><V2/><F120/><W9/><G9/><T11/><D11/><U7/><E7/><V36/><F8/><W133/><G133/><T13/><D4/><U38/><E38/><V68/><F36/><W98/><G98/><T126/><D37/><U42/><E42/><V77/><F68/><W131/><G131/><T10/><D126/><U22/><E22/><V15/><F15/><W20/><G20/><T27/><D13/><U104/><E104/><N who="0" m="40041" /><D39/><U54/><E54/><V19/><F2/><RYUUKYOKU ba="0,1" sc="250,-15,270,15,250,-15,220,15" hai1="44,45,52,57,76,78,79,85,90,92" hai3="24,30,33,48,49,55,56,62,72,81,88,93,97" /><INIT seed="1,1,1,1,3,20" ten="235,285,235,235" oya="1" hai0="102,29,127,55,80,116,31,119,13,123,44,42,73" hai1="124,70,10,90,43,100,16,22,126,46,64,131,125" hai2="99,17,57,21,88,11,68,115,0,14,129,34,84" hai3="85,3,81,2,118,18,60,15,79,105,96,4,87"/><U113/><E113/><V82/><F68/><W97/><G118/><T62/><D102/><U109/><E131/><V71/><F71/><W53/><G3/><T104/><D104/><U12/><E100/><V47/><F129/><W135/><G135/><T111/><D111/><U35/><E35/><V93/><F115/><W49/><G105/><T1/><D1/><U25/><E109/><V112/><F112/><W9/><G60/><T32/><D127/><U30/><E90/><V69/><F69/><W7/><G85/><T48/><D123/><U66/><E70/><V5/><F34/><W6/><REACH who="3" step="1"/><G2/><REACH who="3" ten="235,285,235,225" step="2"/><T114/><D114/><U65/><E65/><V72/><F72/><W54/><G54/><T33/><D55/><U132/><E132/><V52/><F47/><AGARI ba="1,2" hai="4,6,7,9,15,18,47,49,53,79,81,87,96,97" machi="47" ten="40,2600,0" yaku="1,1,8,1,53,0" doraHai="20" doraHaiUra="59" who="3" fromWho="2" sc="235,0,285,0,235,-29,225,49" /><INIT seed="2,0,0,3,3,40" ten="235,285,206,274" oya="2" hai0="113,106,54,73,67,135,10,8,33,30,103,1,25" hai1="17,102,77,31,21,62,85,97,129,79,12,132,91" hai2="72,26,48,127,134,58,71,80,110,14,41,52,3" hai3="126,109,74,130,108,18,124,44,47,122,131,0,39"/><V7/><F71/><W43/><G122/><T49/><D113/><U19/><E129/><N who="3" m="49162" /><G74/><T100/><D135/><U98/><E132/><V35/><F134/><W111/><G0/><T76/><D67/><U75/><E75/><V121/><F121/><W115/><G115/><T11/><D1/><U63/><E31/><V37/><F127/><N who="3" m="48683" /><G18/><T32/><D32/><U57/><E19/><V23/><F110/><W16/><G16/><T70/><D70/><U36/><E36/><V68/><F68/><W13/><G13/><T20/><D33/><U50/><E50/><V133/><F133/><W66/><G66/><T96/><D73/><U118/><E118/><V94/><F35/><W119/><G47/><T2/><D2/><U45/><E45/><N who="2" m="23727" /><F14/><W105/><G105/><T42/><D106/><U92/><E98/><V6/><F6/><W117/><AGARI ba="0,0" hai="39,43,44,108,109,111,117,119" m="48683,49162" machi="117" ten="40,12000,2" yaku="14,1,19,1,18,1,23,1,34,2,52,1" doraHai="40" who="3" fromWho="3" sc="235,-30,285,-30,206,-60,274,120" /><INIT seed="3,0,0,0,4,93" ten="205,255,146,394" oya="3" hai0="50,64,35,6,68,58,40,38,70,56,82,34,9" hai1="78,109,0,123,67,42,104,32,80,28,18,26,3" hai2="90,115,99,72,120,61,52,95,88,8,87,66,4" hai3="128,43,37,2,55,48,77,108,31,79,117,91,53"/><W27/><G117/><T71/><D82/><U107/><E18/><V101/><F72/><W127/><G2/><N who="1" m="554" /><E109/><V21/><F115/><W10/><G127/><T75/><D75/><N who="1" m="43103" /><E123/><V129/><F129/><W23/><G48/><T16/><D6/><U7/><E7/><V49/><F120/><W19/><G91/><T110/><D110/><U73/><E73/><V119/><F119/><W116/><G53/><T60/><D34/><U76/><E76/><V132/><F132/><W113/><G55/><N who="0" m="31863" /><D16/><U22/><E22/><V81/><F21/><W89/><G19/><T25/><D25/><U36/><E67/><V96/><F4/><W84/><G27/><T112/><D9/><U33/><E32/><V29/><F29/><W122/><G10/><T131/><D35/><U39/><E42/><V24/><F24/><W62/><G43/><T5/><D5/><U106/><AGARI ba="0,0" hai="26,28,33,36,39,104,106,107" m="43103,554" machi="106" ten="40,2700,0" yaku="33,2" doraHai="93" who="1" fromWho="1" sc="205,-7,255,27,146,-7,394,-13" owari="198,-20.2,282,8.2,139,-36.1,381,48.1" /></mjloggm>