<mjloggm ver="2.3"><GO type="169" lobby="0"/><UN n0="%E6%AF%94%E5%98%89%E6%84%9B%E6%9C%AA" n1="%E7%B4%94%E6%BD%94%E3%83%94%E3%83%A9%E3%83%8B%E3%82%A2" n2="%E7%B8%A6%E9%B3%A5%E5%8D%83%E6%B3%A2" n3="%E2%84%83%2D%75%74%65" dan="19,16,16,17" rate="2263.58,2146.07,2162.40,2197.53" sx="F,M,F,M"/><TAIKYOKU oya="0"/><INIT seed="0,0,0,5,5,86" ten="250,250,250,250" oya="0" hai0="116,16,39,77,9,10,2,90,125,96,132,5,114" hai1="112,87,79,50,109,63,66,1,59,101,110,42,117" hai2="29,135,127,44,131,115,133,8,19,108,7,111,124" hai3="43,120,18,60,91,20,55,85,45,11,41,128,47"/><T88/><D114/><U97/><E1/><N who="2" m="111" /><F44/><W54/><G128/><T65/><D116/><U36/><E36/><V82/><F82/><W61/><G120/><T81/><D132/><N who="2" m="50762" /><F115/><W49/><G11/><T73/><D125/><N who="2" m="48202" /><F29/><W31/><G31/><T25/><D39/><U83/><E117/><V89/><F89/><W21/><G85/><T64/><D96/><U26/><E112/><V52/><F52/><W113/><G113/><T76/><D76/><U34/><E42/><V56/><F56/><W134/><G134/><T75/><D75/><U62/><E50/><V40/><F40/><W74/><G74/><T23/><D65/><U35/><E62/><V122/><F122/><W103/><G49/><T68/><D64/><U46/><E46/><V80/><F80/><W71/><G71/><T123/><D68/><U51/><E51/><V104/><F104/><W14/><G103/><T129/><D123/><U6/><E101/><V107/><F107/><W106/><G106/><T130/><REACH who="0" step="1"/><D9/><REACH who="0" ten="240,250,250,250" step="2"/><U126/><E79/><V17/><F131/><AGARI ba="0,1" hai="2,5,10,16,23,25,73,77,81,88,90,129,130,131" machi="131" ten="40,24000,3" yaku="1,1,2,1,19,1,52,2,54,2,53,1" doraHai="86" doraHaiUra="12" who="0" fromWho="2" sc="240,250,250,0,250,-240,250,0" /><INIT seed="0,1,0,5,0,6" ten="490,250,10,250" oya="0" hai0="96,21,60,126,101,63,68,117,89,29,11,114,19" hai1="121,119,102,31,25,22,17,122,30,132,4,106,38" hai2="39,59,71,131,40,125,72,32,23,91,55,13,45" hai3="42,2,8,9,35,27,47,20,120,128,103,65,33"/><T130/><D114/><U57/><E38/><V84/><F32/><W134/><G128/><T118/><D130/><U49/><E119/><V15/><F131/><W52/><G134/><T67/><D126/><U0/><E106/><V56/><F72/><W12/><G120/><T83/><D29/><U69/><E102/><V70/><F125/><W64/><G103/><T124/><D124/><U78/><E69/><V94/><F59/><W43/><G2/><T85/><D60/><U113/><E78/><V109/><F109/><W99/><G99/><T10/><D117/><U7/><E132/><V36/><F39/><W98/><G98/><T26/><D118/><U34/><E49/><V51/><REACH who="2" step="1"/><F13/><REACH who="2" ten="490,250,0,250" step="2"/><W41/><G12/><T18/><REACH who="0" step="1"/><D19/><AGARI ba="1,1" hai="15,19,23,36,40,45,51,55,56,70,71,84,91,94" machi="19" ten="40,8000,1" yaku="1,1,2,1,25,2,53,0" doraHai="6" doraHaiUra="123" who="2" fromWho="0" sc="490,-83,250,0,0,93,250,0" /><INIT seed="1,0,0,0,3,134" ten="407,250,93,250" oya="1" hai0="100,27,6,65,11,23,31,96,37,66,57,107,68" hai1="67,94,104,81,61,113,19,46,71,92,127,22,116" hai2="14,5,86,30,101,41,53,62,29,123,3,50,12" hai3="133,118,21,32,59,18,109,85,34,88,114,108,0"/><U63/><E113/><V102/><F123/><W60/><G0/><T33/><D37/><U55/><E116/><V39/><F3/><W99/><G114/><T124/><D57/><U87/><E104/><V120/><F39/><W10/><G10/><T75/><D75/><U73/><E73/><V56/><F120/><W43/><G43/><T115/><D115/><U16/><E127/><V97/><F86/><W15/><G99/><T77/><D77/><U74/><E74/><V8/><F14/><W135/><G118/><T130/><D130/><U132/><E132/><N who="3" m="50762" /><G34/><T28/><D124/><U117/><E117/><V25/><F97/><W48/><G48/><T7/><D66/><U45/><E19/><V89/><F89/><W98/><G98/><T79/><D79/><U122/><E122/><V93/><F93/><N who="3" m="54415" /><G32/><T84/><D84/><U110/><E110/><V64/><F41/><W51/><G51/><T2/><D7/><U95/><E61/><V83/><F83/><W129/><G129/><T78/><D78/><U70/><E70/><V76/><F76/><W9/><G9/><T24/><D68/><U112/><E112/><V26/><F30/><W82/><G82/><T44/><D31/><U52/><E87/><V58/><REACH who="2" step="1"/><F29/><REACH who="2" ten="407,250,83,250" step="2"/><W111/><G111/><T91/><D28/><U49/><E81/><V131/><F131/><W121/><G121/><T126/><D96/><U4/><E4/><V47/><F47/><W1/><G1/><T119/><D2/><U125/><E46/><V17/><F17/><W105/><G105/><T20/><D107/><U106/><E106/><RYUUKYOKU ba="0,1" sc="407,-15,250,-15,83,15,250,15" hai2="5,8,12,25,26,50,53,56,58,62,64,101,102" hai3="15,18,21,59,60,108,109" /><INIT seed="2,1,1,1,5,39" ten="392,235,98,265" oya="2" hai0="64,31,82,60,77,53,91,94,27,75,58,113,78" hai1="83,68,51,128,114,87,56,5,59,6,134,72,37" hai2="116,123,89,124,80,32,23,103,98,62,135,100,21" hai3="122,74,104,29,88,85,105,0,99,121,69,79,120"/><V108/><F116/><W126/><G0/><T102/><D113/><U73/><E37/><V70/><F123/><W26/><G69/><T54/><D78/><U35/><E35/><V33/><F124/><W16/><G126/><T106/><D106/><U96/><E68/><V14/><F135/><W130/><G130/><T84/><D102/><U90/><E128/><V47/><F108/><W101/><G105/><T117/><D117/><U86/><E114/><V48/><F33/><AGARI ba="1,1" hai="27,31,33,53,54,58,60,64,75,77,82,84,91,94" machi="33" ten="30,1000,0" yaku="7,1" doraHai="39" who="0" fromWho="2" sc="392,23,235,0,98,-13,265,0" /><INIT seed="3,0,0,1,4,118" ten="415,235,85,265" oya="3" hai0="87,113,104,27,29,85,123,108,22,120,126,70,93" hai1="110,26,36,52,42,50,51,47,34,71,55,60,64" hai2="127,32,105,18,28,124,2,77,40,20,112,99,21" hai3="79,75,65,91,58,35,6,15,68,53,83,106,97"/><W24/><G68/><T67/><D104/><U94/><E94/><V41/><F112/><W125/><G65/><T88/><D108/><U111/><E26/><N who="2" m="18455" /><F77/><W7/><G125/><N who="2" m="48201" /><F2/><W56/><G56/><T37/><D126/><U54/><E34/><V133/><F133/><W4/><G35/><T98/><D37/><U48/><AGARI ba="0,0" hai="36,42,47,48,50,51,52,54,55,60,64,71,110,111" machi="48" ten="40,8000,1" yaku="0,1,34,3,54,1" doraHai="118" who="1" fromWho="1" sc="415,-20,235,80,85,-20,265,-40" /><INIT seed="4,0,0,5,1,101" ten="395,315,65,225" oya="0" hai0="87,119,132,116,121,41,73,117,34,63,11,125,93" hai1="115,62,22,127,12,8,85,123,48,114,105,90,99" hai2="111,77,104,20,17,56,2,94,16,4,26,1,6" hai3="53,134,0,13,55,14,96,49,89,60,118,103,69"/><T27/><D121/><U42/><E62/><V131/><F104/><W23/><G0/><N who="2" m="105" /><F94/><W135/><G118/><T112/><D73/><U44/><E22/><N who="2" m="13639" /><F56/><W122/><G122/><T80/><D41/><U76/><E127/><V15/><F77/><W113/><G113/><N who="1" m="43018" /><E123/><V67/><F67/><W97/><G23/><T106/><D112/><U47/><E47/><V25/><F111/><W120/><G120/><T70/><D63/><U108/><E108/><V30/><F131/><W83/><G83/><T50/><D116/><U45/><E44/><V72/><F72/><W19/><G89/><T109/><D109/><U51/><E76/><V37/><F37/><W46/><G69/><T91/><D70/><U24/><E24/><V81/><F81/><W95/><G96/><T110/><D27/><U7/><E99/><V92/><F92/><W10/><G60/><T28/><D110/><U128/><E105/><V98/><F98/><W40/><REACH who="3" step="1"/><G14/><REACH who="3" ten="395,315,65,215" step="2"/><T88/><D117/><U21/><E21/><AGARI ba="0,1" hai="4,6,15,17,20,21,25,30" m="13639,105" machi="21" ten="30,12000,2" yaku="35,5,54,1" doraHai="101" who="2" fromWho="1" sc="395,0,315,-120,65,130,215,0" /><INIT seed="5,0,0,4,3,63" ten="395,195,195,215" oya="1" hai0="82,86,24,109,4,40,125,30,105,57,77,21,52" hai1="38,117,135,131,99,97,49,34,8,130,102,48,33" hai2="104,17,68,5,3,1,90,20,73,19,32,113,88" hai3="94,39,116,55,106,123,62,78,44,124,83,25,89"/><U61/><E117/><V18/><F68/><W91/><G123/><T46/><D109/><U111/><E38/><V112/><F104/><W69/><G106/><T31/><D105/><U96/><E111/><V36/><F73/><W41/><G124/><T65/><D125/><U43/><E43/><V10/><F36/><W60/><G116/><T22/><D4/><U85/><E85/><V45/><F45/><W13/><G55/><T26/><D40/><U7/><E102/><V71/><F71/><W121/><G121/><T100/><D100/><U74/><E74/><V108/><F108/><W98/><G13/><T79/><D46/><U12/><E61/><V9/><F32/><W107/><G107/><T2/><D2/><U75/><E75/><V29/><F88/><W87/><G69/><T70/><D70/><U37/><E37/><V23/><F90/><W93/><REACH who="3" step="1"/><G25/><REACH who="3" ten="395,195,195,205" step="2"/><T11/><D52/><U134/><E33/><V76/><F76/><W80/><G80/><T51/><D79/><U81/><E34/><V14/><F3/><W129/><G129/><N who="1" m="49162" /><E81/><V54/><F54/><W92/><G92/><T118/><D118/><U122/><E122/><V126/><F126/><W84/><AGARI ba="0,1" hai="39,41,44,60,62,78,83,84,87,89,91,93,94,98" machi="84" ten="20,5200,0" yaku="1,1,0,1,7,1,53,1" doraHai="63" doraHaiUra="95" who="3" fromWho="3" sc="395,-13,195,-26,195,-13,205,62" /><INIT seed="6,0,0,0,2,35" ten="382,169,182,267" oya="2" hai0="78,102,86,109,2,85,7,120,95,59,116,99,19" hai1="29,69,54,32,106,27,17,22,46,21,130,92,104" hai2="103,126,84,118,128,108,74,110,49,111,93,101,50" hai3="5,129,38,94,67,80,90,14,45,43,23,125,13"/><V37/><F37/><W131/><G125/><T68/><D120/><U33/><E69/><V40/><F118/><W36/><G36/><T12/><D109/><U119/><E119/><V31/><F74/><W64/><G80/><T124/><D68/><U65/><E65/><V15/><F126/><W81/><G81/><T8/><D124/><U114/><E114/><V76/><F128/><N who="3" m="49227" /><G23/><T44/><D116/><U20/><E130/><V25/><F15/><N who="3" m="5643" /><G5/><T6/><D78/><U56/><E33/><V100/><F40/><W70/><G70/><T9/><D7/><U73/><E73/><V60/><F60/><W105/><G105/><T83/><D83/><U122/><E122/><V98/><F76/><W121/><G121/><T107/><D107/><U82/><E82/><V97/><F50/><W132/><G132/><T42/><D59/><U71/><E71/><V62/><F49/><AGARI ba="0,0" hai="2,6,8,9,12,19,42,44,49,85,86,95,99,102" machi="49" ten="30,2000,0" yaku="7,1,52,1" doraHai="35" who="0" fromWho="2" sc="382,20,169,0,182,-20,267,0" /><INIT seed="7,0,0,5,5,31" ten="402,169,162,267" oya="3" hai0="77,115,88,84,4,8,124,28,39,128,74,78,72" hai1="46,53,87,34,19,64,40,55,42,81,102,15,22" hai2="112,121,125,25,134,23,27,60,17,86,35,21,79" hai3="11,104,95,65,105,67,63,2,10,24,49,20,131"/><W120/><G120/><T94/><D39/><U50/><E34/><V129/><F121/><W116/><G116/><T32/><D128/><U133/><E133/><V100/><F112/><W54/><G131/><T70/><D70/><U47/><E64/><V76/><F129/><W132/><G132/><T119/><D119/><U75/><E75/><V93/><F125/><W85/><G104/><T26/><D124/><U59/><E102/><V7/><F134/><W109/><G105/><T61/><D115/><U52/><E40/><V45/><F35/><W58/><G2/><T126/><D126/><U0/><E0/><V37/><F7/><W18/><G109/><T114/><D114/><U118/><E118/><V103/><F37/><W43/><G43/><T14/><D61/><N who="1" m="36079" /><E47/><V6/><F6/><W29/><G29/><T33/><D33/><U3/><E3/><V71/><F45/><N who="3" m="27951" /><G67/><T44/><D44/><U1/><E1/><V98/><F103/><W130/><G130/><T16/><D4/><U83/><E83/><N who="2" m="47463" /><F71/><W73/><G73/><T13/><D72/><U123/><E123/><V122/><F122/><W38/><G38/><T135/><D74/><U111/><E111/><V90/><F60/><W36/><G36/><T99/><D135/><U92/><E92/><N who="2" m="58439" /><F79/><AGARI ba="0,0" hai="15,19,22,42,46,50,52,55,79,81,87" m="36079" machi="79" ten="30,2000,0" yaku="8,1,54,1" doraHai="31" who="1" fromWho="2" sc="402,0,169,20,162,-20,267,0" owari="402,50.2,189,-21.1,142,-35.8,267,6.7" /></mjloggm>