<mjloggm ver="2.3"><GO type="169" lobby="0"/><UN n0="%E7%BC%B6%E3%82%B3%E3%83%92" n1="%E5%A5%B3%E3%81%AA%E3%81%AE%E3%81%82%E3%81%8C%E3%82%89%E3%81%9B%E3%81%A6" n2="%E3%81%9F%E3%81%8F%E3%81%9E%E3%81%85" n3="%E3%83%A9%E3%83%B3%E3%82%B0%E3%83%A9" dan="16,16,16,16" rate="2035.08,2130.84,2125.82,2087.05" sx="M,M,M,M"/><TAIKYOKU oya="0"/><INIT seed="0,0,0,4,3,133" ten="250,250,250,250" oya="0" hai0="115,13,60,51,82,83,75,12,104,92,64,54,36" hai1="103,113,41,94,102,131,69,23,65,37,39,84,101" hai2="61,22,134,1,62,87,50,90,107,125,79,21,85" hai3="19,91,130,72,67,10,78,8,46,33,89,40,132"/><T28/><D104/><U99/><E131/><V124/><F1/><W88/><G130/><T116/><D115/><U95/><E113/><V18/><F107/><W81/><G132/><T100/><D36/><U24/><E65/><V77/><F134/><W59/><G33/><T114/><D114/><U57/><E69/><V58/><F50/><W110/><G110/><T105/><D105/><U120/><E120/><V2/><F2/><W42/><G42/><T43/><D43/><U0/><E0/><V123/><F123/><W32/><G32/><T68/><D28/><U15/><E15/><V121/><F121/><W71/><G71/><T63/><D63/><U45/><E57/><V96/><F96/><W49/><REACH who="3" step="1"/><G19/><REACH who="3" ten="250,250,250,240" step="2"/><T31/><D116/><U17/><E39/><V118/><F118/><W135/><G135/><T25/><D75/><U6/><E6/><V7/><F7/><W11/><G11/><T27/><D68/><U127/><E17/><V117/><F117/><W52/><G52/><T111/><D54/><U98/><E41/><V16/><F58/><W70/><G70/><T74/><D111/><U48/><E37/><V122/><F122/><W106/><G106/><T3/><D64/><U80/><E45/><V108/><F108/><W66/><G66/><T30/><D30/><U53/><E53/><V38/><F38/><W4/><G4/><T26/><D31/><U55/><E55/><V128/><F128/><W93/><G93/><T129/><D92/><U119/><E95/><V35/><F35/><W34/><G34/><T86/><D129/><U73/><E119/><RYUUKYOKU ba="0,1" sc="250,-15,250,-15,250,15,240,15" hai2="16,18,21,22,61,62,77,79,85,87,90,124,125" hai3="8,10,40,46,49,59,67,72,78,81,88,89,91" /><INIT seed="1,1,1,1,0,102" ten="235,235,265,255" oya="1" hai0="14,83,70,103,91,118,112,35,89,117,85,133,90" hai1="121,95,92,65,76,52,97,110,96,55,25,73,114" hai2="72,18,7,3,68,28,40,111,13,15,101,54,134" hai3="16,56,60,45,109,30,39,93,34,116,75,94,131"/><U26/><E65/><V66/><F72/><W59/><G75/><T78/><D35/><U128/><E73/><V107/><F40/><W47/><G109/><T44/><D70/><U1/><E1/><V10/><F111/><W84/><G131/><T64/><D64/><U69/><E110/><V57/><F134/><W37/><G34/><T135/><D44/><U41/><E41/><V80/><F28/><W115/><G84/><T8/><D112/><U29/><E69/><V100/><F3/><W104/><G30/><T19/><REACH who="0" step="1"/><D103/><REACH who="0" ten="225,235,265,255" step="2"/><U6/><E114/><V42/><F66/><W113/><G116/><AGARI ba="1,2" hai="8,14,19,78,83,85,89,90,91,116,117,118,133,135" machi="116" ten="40,2600,0" yaku="1,1,2,1,53,0" doraHai="102" doraHaiUra="38" who="0" fromWho="3" sc="225,49,235,0,265,0,255,-29" /><INIT seed="2,0,0,1,1,93" ten="274,235,265,226" oya="2" hai0="7,6,79,24,82,5,63,60,49,53,71,132,55" hai1="129,46,85,57,101,27,117,40,44,45,36,102,121" hai2="106,25,133,32,114,68,69,19,99,107,56,64,110" hai3="58,118,51,50,66,20,119,104,109,124,83,134,75"/><V0/><F114/><W84/><G75/><T91/><D132/><U95/><E117/><V16/><F0/><W130/><G134/><T131/><D131/><U78/><E129/><V29/><F133/><W135/><G135/><T89/><D71/><U8/><E121/><V9/><F107/><W120/><G130/><T90/><D24/><U18/><E36/><V72/><F72/><W23/><G120/><T26/><D26/><U34/><E40/><V76/><F76/><W81/><G104/><T113/><D113/><U88/><E78/><V22/><F110/><W42/><G42/><T65/><D65/><U112/><E112/><V67/><F9/><W59/><G84/><T77/><D82/><U35/><E57/><V100/><F19/><W31/><G66/><T28/><D28/><U14/><REACH who="1" step="1"/><E35/><REACH who="1" ten="274,225,265,226" step="2"/><V38/><F38/><W94/><G109/><T17/><D79/><U122/><E122/><V126/><F69/><W3/><G59/><T54/><D77/><U15/><E15/><N who="2" m="9503" /><F56/><W10/><G58/><T123/><D123/><U103/><E103/><V62/><F67/><W125/><G119/><T11/><D49/><U105/><E105/><V92/><F92/><W70/><G118/><T41/><D41/><U61/><E61/><V86/><F126/><W87/><G94/><T74/><D74/><U111/><E111/><V13/><F13/><AGARI ba="0,1" hai="5,6,7,11,13,17,53,54,55,60,63,89,90,91" machi="13" ten="50,6400,0" yaku="29,2,8,1" doraHai="93" who="0" fromWho="2" sc="274,74,225,0,265,-64,226,0" /><INIT seed="3,0,0,1,5,94" ten="348,225,201,226" oya="3" hai0="27,22,117,43,132,70,133,1,61,72,105,44,29" hai1="19,47,7,96,103,99,124,69,97,104,121,16,113" hai2="6,74,31,39,116,92,3,78,4,50,79,37,82" hai3="131,64,89,98,9,38,51,81,84,122,120,11,60"/><W28/><G38/><T26/><D117/><U55/><E121/><V67/><F116/><W80/><G131/><T2/><D72/><U58/><E113/><V109/><F109/><W119/><G119/><T87/><D105/><U128/><E128/><V46/><F79/><W102/><G28/><T25/><D87/><U12/><E69/><V0/><F67/><W8/><G51/><T134/><D27/><U130/><E130/><V56/><F31/><W95/><REACH who="3" step="1"/><G80/><REACH who="3" ten="348,225,201,216" step="2"/><T53/><D29/><U17/><E124/><V33/><F37/><W18/><G18/><T62/><D132/><U85/><E47/><V23/><F39/><W41/><G41/><T66/><D43/><U77/><E104/><V54/><F46/><W115/><G115/><T10/><D44/><U5/><E103/><V75/><F82/><W111/><G111/><T40/><D40/><U108/><E108/><V21/><F50/><W14/><G14/><T71/><D133/><U127/><E127/><V91/><F0/><W20/><G20/><T93/><D1/><U126/><E126/><V34/><F3/><W65/><G65/><T73/><D2/><U83/><E12/><V30/><F30/><W100/><G100/><T106/><D134/><U59/><E59/><AGARI ba="0,1" hai="8,9,11,59,60,64,81,84,89,95,98,102,120,122" machi="59" ten="40,3900,0" yaku="1,1,52,1,53,0" doraHai="94" doraHaiUra="42" who="3" fromWho="1" sc="348,0,225,-39,201,0,216,49" /><INIT seed="3,1,0,1,3,83" ten="348,186,201,265" oya="3" hai0="42,122,81,8,31,114,14,15,32,127,69,47,94" hai1="87,22,35,26,90,33,129,68,45,36,105,78,44" hai2="55,97,79,133,125,89,84,118,46,91,99,61,106" hai3="0,134,98,76,104,29,119,73,62,75,82,128,39"/><W131/><G0/><T100/><D69/><U24/><E105/><V109/><F118/><W95/><G39/><T115/><D122/><U16/><E68/><V17/><F109/><W66/><G119/><T50/><D127/><U92/><E129/><N who="3" m="49738" /><G29/><T120/><D120/><U107/><E107/><V116/><F125/><W12/><G12/><T71/><D71/><U30/><E35/><V65/><F116/><W64/><G64/><T58/><D58/><U70/><E70/><V121/><F121/><W126/><G126/><T113/><D8/><U72/><REACH who="1" step="1"/><E36/><REACH who="1" ten="348,176,201,265" step="2"/><V57/><F106/><W37/><G37/><T130/><D130/><U38/><E38/><V20/><F133/><W60/><G104/><T21/><D32/><U85/><E85/><V59/><F99/><W124/><G134/><T86/><D86/><U11/><E11/><V7/><F97/><W51/><G124/><T18/><D113/><U96/><E96/><V132/><F132/><W93/><G98/><T34/><D34/><U19/><E19/><V117/><F117/><W56/><G73/><T13/><D114/><U5/><E5/><V123/><F7/><W53/><G75/><T77/><D115/><U74/><E74/><V52/><F123/><W10/><G10/><T9/><D9/><U112/><E112/><V111/><F17/><W67/><G67/><T41/><D18/><U54/><E54/><V25/><F65/><W3/><G66/><T135/><D135/><U63/><E63/><N who="3" m="24106" /><G3/><T110/><D100/><U80/><AGARI ba="1,1" hai="16,22,24,26,30,33,44,45,72,78,80,87,90,92" machi="80" ten="30,7900,0" yaku="1,1,0,1,52,1,54,1,53,0" doraHai="83" doraHaiUra="101" who="1" fromWho="1" sc="348,-21,176,92,201,-21,265,-40" /><INIT seed="4,0,0,0,3,45" ten="327,268,180,225" oya="0" hai0="76,81,31,66,1,130,74,112,18,84,119,48,53" hai1="115,52,56,32,126,6,40,9,135,117,62,13,25" hai2="64,59,92,57,69,54,19,10,95,104,27,89,2" hai3="111,0,97,55,94,108,121,80,88,134,51,42,82"/><T24/><D119/><U73/><E117/><V127/><F104/><W75/><G0/><T132/><D112/><U124/><E115/><V63/><F127/><N who="1" m="48681" /><E73/><V114/><F114/><W71/><G71/><T125/><D125/><U7/><E135/><V129/><F129/><W11/><G134/><T20/><D132/><U79/><E79/><V120/><F120/><W93/><G121/><T30/><D30/><N who="1" m="19535" /><E40/><V116/><F116/><W100/><G42/><T23/><D1/><U68/><E68/><V8/><F69/><W110/><G11/><T83/><D66/><U36/><E36/><V105/><F105/><W65/><G65/><T98/><D98/><U133/><E133/><V33/><F2/><W14/><G14/><T47/><D130/><U113/><E113/><V41/><F41/><W99/><REACH who="3" step="1"/><G75/><REACH who="3" ten="327,268,180,215" step="2"/><T49/><D74/><U44/><E7/><V26/><F8/><W67/><G67/><T101/><D53/><U43/><E43/><V86/><F33/><W28/><G28/><T109/><D31/><U60/><E13/><N who="2" m="7607" /><F26/><W12/><G12/><T91/><D24/><U122/><E9/><V15/><F15/><W118/><G118/><T16/><D18/><U5/><E122/><V85/><F27/><W72/><G72/><T107/><D16/><U35/><E35/><V77/><F54/><W102/><G102/><T103/><D23/><U61/><E6/><V21/><F21/><W106/><G106/><T50/><D20/><U70/><E5/><V37/><F37/><W29/><G29/><T22/><D22/><U90/><E70/><N who="2" m="42271" /><F77/><W17/><G17/><RYUUKYOKU ba="0,1" sc="327,-15,268,-15,180,15,215,15" hai2="57,59,85,86,89,92,95" hai3="51,55,80,82,88,93,94,97,99,100,108,110,111" /><INIT seed="5,1,1,0,3,49" ten="312,253,195,230" oya="1" hai0="134,51,35,47,101,50,102,106,73,5,97,108,40" hai1="133,54,90,52,126,39,0,6,84,24,122,81,80" hai2="13,65,94,115,30,110,130,33,57,19,125,4,78" hai3="63,89,128,42,124,132,18,23,69,58,72,119,118"/><U9/><E122/><V131/><F110/><W8/><G69/><T129/><D35/><U32/><E39/><V91/><F78/><W22/><G72/><T55/><D73/><U16/><E126/><V117/><F117/><N who="3" m="44555" /><G124/><T74/><D74/><U135/><E81/><V114/><F125/><W67/><G128/><N who="2" m="49193" /><F4/><W71/><G132/><N who="1" m="50762" /><E16/><V96/><F33/><W68/><G42/><T104/><D108/><U46/><E46/><V56/><F30/><AGARI ba="1,1" hai="0,6,9,24,30,32,52,54,80,84,90" m="50762" machi="30" ten="30,11600,0" yaku="20,1,52,2,54,1" doraHai="49" who="1" fromWho="2" sc="312,0,253,129,195,-119,230,0" /><INIT seed="5,2,0,3,4,132" ten="312,382,76,230" oya="1" hai0="116,88,44,68,74,49,18,123,1,38,60,57,62" hai1="130,10,120,45,79,129,125,113,8,94,5,36,72" hai2="90,26,16,46,53,98,19,77,80,29,135,97,127" hai3="109,73,103,9,63,22,84,51,20,6,33,41,110"/><U85/><E120/><V59/><F135/><W83/><G33/><T92/><D74/><U47/><E113/><V42/><F127/><W128/><G73/><T27/><D116/><U58/><E72/><V66/><F66/><W104/><G128/><T2/><D38/><U95/><E58/><V37/><F77/><W71/><G104/><T52/><D123/><U35/><E85/><V43/><F43/><W108/><G103/><T126/><D126/><U81/><E81/><V15/><F80/><W76/><G63/><T4/><D4/><U118/><E35/><V75/><F75/><W78/><G78/><T40/><D62/><U96/><E79/><V23/><F90/><W13/><REACH who="3" step="1"/><G71/><REACH who="3" ten="312,382,76,220" step="2"/><T17/><D68/><U99/><E118/><V12/><F59/><W107/><G107/><T56/><D56/><U115/><E115/><V134/><F134/><W14/><G14/><T24/><D2/><U0/><E0/><V21/><REACH who="2" step="1"/><F53/><REACH who="2" ten="312,382,66,220" step="2"/><W30/><G30/><T119/><D119/><U86/><E130/><V133/><F133/><W114/><G114/><T87/><D1/><U65/><E129/><V102/><F102/><W55/><G55/><T69/><D69/><U48/><E65/><V64/><F64/><W122/><G122/><T7/><D52/><U61/><E125/><V124/><F124/><W117/><G117/><T121/><D121/><U54/><E54/><V50/><F50/><W112/><G112/><T32/><D49/><U39/><E48/><V131/><F131/><W111/><N who="3" m="27648" /><DORA hai="101" /><W31/><G31/><T34/><D40/><U82/><E39/><RYUUKYOKU ba="2,2" sc="312,-15,382,-15,66,15,220,15" hai2="12,15,16,19,21,23,26,29,37,42,46,97,98" hai3="6,9,13,20,22,41,51,76,83,84" /><INIT seed="6,3,2,4,1,62" ten="297,367,81,235" oya="2" hai0="19,59,121,67,129,135,115,100,99,120,97,16,93" hai1="43,71,6,25,23,105,102,106,91,38,56,101,66" hai2="107,54,126,58,132,127,28,4,37,123,2,88,64" hai3="27,85,53,34,78,109,33,11,49,63,22,40,94"/><V108/><F123/><W84/><G109/><T1/><D1/><U13/><E71/><V55/><F107/><W96/><G40/><T133/><D115/><U47/><E106/><V48/><F37/><W72/><G72/><T0/><D0/><U7/><E91/><V122/><F122/><W10/><G63/><N who="0" m="38399" /><D129/><U42/><E105/><V114/><F114/><W60/><G60/><T52/><D52/><N who="2" m="20010" /><F48/><W111/><G111/><T32/><D32/><U15/><E56/><V29/><F108/><W24/><G34/><T125/><D99/><U119/><E47/><V113/><F113/><W82/><G84/><T95/><D95/><U76/><E23/><V51/><F132/><N who="0" m="50762" /><D125/><N who="2" m="47626" /><F51/><W79/><G33/><T17/><AGARI ba="3,2" hai="16,17,19,93,97,100,120,121" m="50762,38399" machi="17" ten="30,4000,0" yaku="20,1,52,1,54,1" doraHai="62" who="0" fromWho="0" sc="297,69,367,-13,81,-23,235,-13" /><INIT seed="7,0,0,4,5,64" ten="366,354,58,222" oya="3" hai0="10,103,53,112,7,47,31,29,30,121,14,117,91" hai1="1,97,0,70,126,75,8,39,114,21,129,68,42" hai2="38,26,62,72,49,102,15,22,41,18,135,124,88" hai3="122,67,48,71,5,86,35,101,40,4,13,50,16"/><W113/><G122/><T59/><D117/><U96/><E75/><V84/><F72/><W109/><G35/><T73/><D73/><U23/><E42/><V52/><F124/><W99/><G113/><T55/><D121/><U82/><E82/><V95/><F135/><W125/><G125/><T54/><D103/><U24/><E126/><V63/><F102/><W77/><G109/><T116/><D116/><U69/><E39/><V65/><F38/><W46/><G48/><N who="0" m="28831" /><D112/><U34/><E114/><V131/><F131/><W45/><G45/><T19/><D91/><U128/><E34/><V104/><F104/><W74/><G74/><T44/><D44/><U119/><E119/><V133/><F133/><W20/><G67/><T123/><D123/><U83/><E83/><V78/><F78/><W100/><G71/><T56/><D19/><U115/><E115/><V93/><F41/><W85/><G101/><T76/><D76/><U51/><E51/><V89/><F65/><W94/><REACH who="3" step="1"/><G77/><REACH who="3" ten="366,354,58,212" step="2"/><T107/><D107/><U58/><E69/><V11/><F89/><W61/><G61/><T127/><D127/><U130/><E130/><V60/><F95/><W108/><G108/><T28/><N who="0" m="7168" /><DORA hai="81" /><T118/><D118/><U36/><E36/><V120/><F120/><W79/><G79/><T92/><D92/><U9/><E58/><AGARI ba="0,1" hai="7,10,14,54,55,56,58,59" m="7168,28831" machi="58" ten="40,1300,0" yaku="8,1" doraHai="64,81" who="0" fromWho="1" sc="366,23,354,-13,58,0,212,0" owari="389,48.9,341,14.1,58,-44.2,212,-18.8" /></mjloggm>