<mjloggm ver="2.3"><GO type="169" lobby="0"/><UN n0="%E3%82%AB%E3%83%AB%E3%83%94%E3%82%B9%E3%82%B5%E3%83%AF%E3%83%BC" n1="%41%72%69%61" n2="%42%42%E3%81%A7%E3%81%99%E3%80%82" n3="%E8%80%81%E6%A5%BD" dan="17,16,17,17" rate="2214.88,2161.47,2183.05,2199.23" sx="M,F,M,M"/><TAIKYOKU oya="0"/><INIT seed="0,0,0,1,5,93" ten="250,250,250,250" oya="0" hai0="87,128,34,10,57,82,123,100,62,61,40,33,125" hai1="53,86,117,129,45,72,119,113,16,94,107,14,1" hai2="13,37,52,118,78,4,71,83,23,24,35,97,68" hai3="127,103,29,0,134,9,6,64,50,101,115,110,65"/><T8/><D123/><U108/><E72/><V121/><F121/><W55/><G115/><T111/><D128/><U3/><E107/><V76/><F37/><W104/><G110/><T59/><D40/><U81/><E108/><V21/><F118/><W109/><G109/><T79/><D111/><U32/><E32/><V54/><F35/><W67/><G127/><T70/><D70/><U47/><E129/><V135/><F135/><W85/><G134/><T27/><D125/><U60/><E113/><V91/><F71/><W7/><G29/><T38/><D38/><U74/><E74/><V124/><F68/><W106/><G7/><T56/><D34/><U130/><E130/><V46/><F124/><W77/><G77/><N who="2" m="29801" /><F46/><W51/><G85/><T122/><D122/><U22/><E47/><V25/><F13/><W48/><REACH who="3" step="1"/><G55/><REACH who="3" ten="250,250,250,240" step="2"/><N who="2" m="21033" /><F4/><W112/><G112/><T2/><D79/><U26/><E119/><V30/><F30/><W39/><G39/><T18/><D18/><U58/><E117/><V17/><F17/><W44/><G44/><T49/><D33/><U90/><E45/><V126/><F126/><W12/><G12/><T116/><D116/><U114/><E114/><V31/><F31/><W88/><G88/><T66/><D27/><N who="2" m="10314" /><F97/><W11/><G11/><T96/><D10/><U42/><E14/><V102/><F102/><AGARI ba="0,1" hai="0,6,9,48,50,51,64,65,67,101,102,103,104,106" machi="102" ten="40,1300,0" yaku="1,1,53,0" doraHai="93" doraHaiUra="92" who="3" fromWho="2" sc="250,0,250,0,250,-13,240,23" /><INIT seed="1,0,0,5,4,121" ten="250,250,237,263" oya="1" hai0="96,123,20,91,14,104,42,5,108,63,33,110,64" hai1="74,55,39,79,25,115,133,120,89,126,52,11,51" hai2="41,95,98,70,23,15,45,43,106,10,134,67,68" hai3="57,19,117,135,3,132,81,73,111,83,58,8,12"/><U113/><E120/><V130/><F106/><W118/><G3/><T86/><D33/><U7/><E39/><V29/><F130/><W93/><G93/><T44/><D123/><U61/><E133/><N who="3" m="51274" /><G111/><N who="0" m="42539" /><D96/><U6/><E126/><V60/><F70/><W66/><G66/><T26/><D104/><U80/><E6/><V30/><F23/><W24/><G24/><T71/><D5/><U82/><E55/><V9/><F43/><W65/><G65/><T76/><D76/><U119/><E61/><V35/><F134/><W49/><G73/><T46/><D14/><U107/><E107/><V27/><F15/><W109/><G109/><T112/><D112/><U128/><E119/><V131/><F131/><W87/><G87/><T47/><D42/><U32/><E128/><V105/><F105/><W94/><G118/><T22/><D26/><U101/><E101/><V13/><F13/><W75/><G75/><T92/><AGARI ba="0,0" hai="20,22,44,46,47,63,64,71,86,91,92" m="42539" machi="92" ten="30,7900,0" yaku="14,1,52,3" doraHai="121" who="0" fromWho="0" sc="250,79,250,-39,237,-20,263,-20" /><INIT seed="2,0,0,4,1,60" ten="329,211,217,243" oya="2" hai0="47,133,78,20,7,121,126,65,80,97,48,10,1" hai1="2,119,128,46,29,83,86,17,81,85,112,6,59" hai2="124,4,67,19,72,24,27,11,70,58,105,61,117" hai3="42,21,40,102,109,130,55,13,51,62,12,87,34"/><V129/><F117/><W35/><G102/><T95/><D126/><U71/><E71/><V135/><F105/><W8/><G109/><T100/><D133/><U84/><E119/><V5/><F72/><W32/><G130/><T79/><D121/><U77/><E128/><V93/><F129/><W30/><G62/><T76/><D20/><U69/><E69/><V36/><F36/><W113/><G113/><T25/><D25/><U3/><E29/><V91/><F124/><W98/><G98/><T33/><D33/><U50/><E112/><V49/><F135/><W118/><G118/><T14/><D1/><U131/><E131/><V28/><F49/><W115/><G115/><T110/><D110/><U22/><E59/><V116/><F70/><W103/><G103/><T43/><REACH who="0" step="1"/><D65/><REACH who="0" ten="319,211,217,243" step="2"/><U68/><E22/><N who="2" m="15383" /><F116/><W38/><G32/><T96/><D96/><U104/><E2/><V94/><F27/><W89/><G35/><T53/><D53/><U45/><E3/><V75/><F67/><W123/><G34/><T66/><D66/><U63/><E68/><V120/><F120/><W111/><G123/><T108/><D108/><U56/><E104/><V41/><F11/><W54/><G111/><T127/><D127/><U0/><E0/><V74/><F74/><AGARI ba="0,1" hai="7,10,14,43,47,48,74,76,78,79,80,95,97,100" machi="74" ten="30,2000,0" yaku="1,1,7,1,53,0" doraHai="60" doraHaiUra="15" who="0" fromWho="2" sc="319,30,211,0,217,-20,243,0" /><INIT seed="3,0,0,2,2,96" ten="349,211,197,243" oya="3" hai0="121,44,100,43,92,118,75,45,97,132,111,15,112" hai1="7,18,129,76,8,91,35,3,39,95,53,127,9" hai2="30,103,99,67,85,116,24,106,93,25,52,73,27" hai3="20,48,19,37,60,107,123,84,56,31,114,108,133"/><W69/><G114/><T134/><D118/><U81/><E35/><V11/><F116/><W33/><G123/><T16/><D121/><U117/><E117/><V87/><F73/><W63/><G37/><T29/><D75/><U5/><E127/><V104/><F30/><W38/><G38/><T120/><D120/><U131/><E18/><V2/><F67/><W83/><G107/><T26/><D111/><U109/><E109/><V89/><F52/><N who="3" m="31751" /><G69/><T50/><D112/><U32/><E32/><V110/><F110/><W49/><G33/><T90/><D44/><U82/><E39/><V14/><F2/><W1/><G1/><T68/><D68/><U77/><E53/><V28/><F28/><W23/><G49/><T113/><D113/><U122/><E95/><V80/><REACH who="2" step="1"/><F87/><REACH who="2" ten="349,211,187,243" step="2"/><W119/><G119/><T124/><D124/><U65/><E122/><V66/><F66/><W86/><G108/><T74/><D74/><U4/><E65/><V17/><AGARI ba="0,1" hai="11,14,17,24,25,27,80,85,89,93,99,103,104,106" machi="17" ten="30,8000,1" yaku="1,1,0,1,52,1,53,2" doraHai="96" doraHaiUra="101" who="2" fromWho="2" sc="349,-20,211,-20,187,90,243,-40" /><INIT seed="4,0,0,5,0,110" ten="329,191,277,203" oya="0" hai0="47,128,16,79,33,102,61,6,130,23,24,112,135" hai1="27,134,53,64,18,126,58,121,3,31,69,82,28" hai2="13,19,39,75,120,9,103,117,111,55,54,77,2" hai3="115,80,35,4,43,29,95,74,56,10,125,105,62"/><T63/><D135/><U21/><E121/><V51/><F111/><W25/><G105/><T118/><D118/><U26/><E134/><V70/><F39/><W5/><G125/><T92/><D79/><U36/><E36/><V59/><F120/><W101/><G43/><T8/><D47/><U68/><E3/><V109/><F109/><W67/><G74/><T87/><D33/><U78/><E64/><V106/><F70/><W37/><G37/><T133/><D133/><U113/><E18/><V15/><F117/><W91/><G80/><T90/><D102/><U84/><E126/><V127/><F127/><W73/><G73/><T96/><D87/><U72/><E72/><V76/><F2/><W42/><G42/><T46/><D46/><U32/><REACH who="1" step="1"/><E113/><REACH who="1" ten="329,181,277,203" step="2"/><V100/><F75/><W14/><G115/><T57/><D112/><U86/><E86/><V97/><F103/><W89/><G4/><T44/><D6/><U11/><E11/><V104/><F106/><W45/><G101/><T114/><D8/><U94/><E94/><V34/><F100/><W132/><G132/><T52/><D114/><U83/><E83/><V131/><F104/><W122/><G122/><T88/><D92/><U0/><E0/><V7/><F9/><W85/><G95/><T40/><D96/><U17/><E17/><V107/><F19/><W124/><G124/><T20/><D16/><U65/><E65/><V108/><F108/><W119/><G85/><T71/><D128/><U60/><AGARI ba="0,1" hai="21,26,27,28,31,32,53,58,60,68,69,78,82,84" machi="60" ten="20,2700,0" yaku="1,1,0,1,7,1,53,0" doraHai="110" doraHaiUra="12" who="1" fromWho="1" sc="329,-13,181,37,277,-7,203,-7" /><INIT seed="5,0,0,3,1,74" ten="316,218,270,196" oya="1" hai0="114,75,101,122,115,110,96,52,14,19,133,2,83" hai1="55,6,92,130,42,16,80,85,40,36,128,13,53" hai2="119,26,9,18,4,68,121,81,10,104,105,126,41" hai3="76,63,22,86,123,111,118,59,30,46,73,127,97"/><U90/><E6/><V120/><F18/><W58/><G111/><T87/><D110/><U50/><E55/><V24/><F81/><N who="3" m="47399" /><G73/><T0/><D75/><U8/><E36/><V49/><F49/><W27/><G123/><T112/><D133/><U106/><E106/><V47/><F47/><W45/><G127/><T11/><D122/><U132/><E132/><V62/><F62/><W44/><G118/><T78/><REACH who="0" step="1"/><D52/><REACH who="0" ten="306,218,270,196" step="2"/><U100/><E130/><V131/><F131/><W38/><G38/><T33/><D33/><U32/><E32/><V71/><F119/><W117/><G117/><T109/><D109/><U21/><E128/><V34/><F34/><W25/><G63/><T91/><D91/><U125/><E125/><V7/><F126/><W72/><G72/><T84/><D84/><U23/><E40/><AGARI ba="0,1" hai="4,7,9,10,24,26,40,41,68,71,104,105,120,121" machi="40" ten="25,1600,0" yaku="22,2" doraHai="74" who="2" fromWho="1" sc="306,0,218,-16,270,26,196,0" /><INIT seed="6,0,0,2,0,34" ten="306,202,296,196" oya="2" hai0="129,134,28,122,35,15,47,17,21,117,29,18,98" hai1="38,23,70,49,90,75,9,30,36,64,112,77,91" hai2="51,22,115,84,2,79,48,106,58,67,123,69,87" hai3="80,37,132,131,41,81,53,105,40,43,54,135,130"/><V31/><F123/><W86/><G105/><T25/><D122/><U73/><E70/><V109/><F106/><W12/><G12/><T127/><D129/><N who="3" m="49161" /><G86/><N who="2" m="32809" /><F69/><W83/><G37/><T111/><D111/><U59/><E9/><V108/><F79/><W110/><G110/><N who="2" m="42601" /><F2/><W11/><G11/><T27/><D98/><U19/><E23/><V85/><F115/><W65/><G65/><T104/><D104/><U103/><E19/><V68/><F68/><W100/><G100/><T76/><D76/><U62/><E49/><V119/><F119/><W66/><G66/><T1/><D1/><U120/><E103/><V93/><F85/><W82/><N who="3" m="20480" /><DORA hai="94" /><W88/><G88/><T13/><D117/><U14/><E120/><V39/><F39/><W125/><G125/><T45/><D127/><U20/><E38/><V124/><F93/><W114/><G114/><T78/><D78/><U8/><E36/><V44/><F124/><W24/><G24/><T133/><D25/><N who="1" m="16679" /><E112/><V102/><F102/><W126/><G126/><T5/><D27/><U4/><E77/><V6/><F6/><W74/><G74/><T60/><D5/><U61/><E75/><V0/><F0/><W52/><AGARI ba="0,0" hai="40,41,43,52,53,54,132,135" m="20480,49161" machi="52" ten="60,12000,2" yaku="29,2,28,2,19,1,54,1" doraHai="34,94" who="3" fromWho="3" sc="306,-30,202,-30,296,-60,196,120" /><INIT seed="7,0,0,0,4,130" ten="276,172,236,316" oya="3" hai0="58,105,111,60,79,132,41,125,122,72,24,74,29" hai1="6,30,19,117,15,89,118,22,96,28,59,27,13" hai2="37,20,103,135,56,69,91,0,54,102,129,75,32" hai3="66,1,50,99,3,52,18,73,64,57,70,94,119"/><W92/><G73/><T115/><D122/><U31/><E59/><V84/><F32/><W98/><G70/><T10/><D111/><U63/><E63/><V82/><F69/><W39/><G39/><T90/><D105/><U53/><E53/><V16/><F37/><W26/><G1/><T133/><D125/><U107/><E107/><V38/><F38/><W43/><G3/><T65/><D41/><U127/><E96/><V114/><F0/><W134/><G134/><N who="0" m="51819" /><D115/><U48/><E48/><V120/><F135/><W109/><G119/><N who="1" m="45578" /><E89/><V42/><F42/><W80/><G43/><T62/><D79/><U34/><E127/><V77/><F114/><W14/><G109/><T123/><D123/><U33/><E13/><V36/><F120/><W61/><G14/><T97/><D62/><U40/><E40/><V108/><F36/><W81/><G61/><T88/><D90/><U112/><E112/><V44/><F91/><W51/><G51/><T12/><D88/><U78/><E78/><V126/><F126/><W128/><G50/><T7/><D97/><U93/><E93/><V35/><F77/><W67/><G99/><T9/><D72/><U121/><E121/><V4/><F75/><W23/><G98/><T113/><D74/><U104/><E104/><V95/><F95/><W11/><G94/><T106/><D106/><U83/><E83/><V131/><F82/><W8/><G92/><T21/><D113/><U101/><E101/><V86/><F103/><W55/><G81/><T68/><D68/><U85/><E85/><V5/><F86/><W71/><G80/><RYUUKYOKU ba="0,0" sc="276,15,172,15,236,-15,316,-15" hai0="7,9,10,12,21,24,29,58,60,65" hai1="6,15,19,22,27,28,30,31,33,34" owari="291,9.1,187,-31.3,221,-17.9,301,40.1" /></mjloggm>