<mjloggm ver="2.3"><GO type="169" lobby="0"/><UN n0="%E3%81%88%E3%81%8C%E3%82%8F%E3%82%8A%E3%81%8A" n1="%65%2D%6D%61%6E" n2="%74%2E%6F%2E%6F%2E%73" n3="%E5%A4%A7%E5%9E%8B%E7%8A%AC" dan="16,16,17,16" rate="2100.81,2088.48,2127.04,2109.87" sx="M,M,M,M"/><TAIKYOKU oya="0"/><INIT seed="0,0,0,2,0,51" ten="250,250,250,250" oya="0" hai0="61,86,5,10,3,79,41,105,126,121,69,8,13" hai1="130,95,19,55,124,74,75,118,46,62,133,28,88" hai2="53,29,78,128,48,14,71,26,82,114,25,37,135" hai3="89,91,15,47,60,76,52,113,35,27,2,72,24"/><T111/><D121/><U56/><E118/><V4/><F114/><W49/><G2/><T50/><D105/><U119/><E119/><V90/><F128/><W16/><G113/><T12/><D126/><U107/><E130/><V93/><F37/><W1/><G1/><T57/><D111/><U68/><E124/><V9/><F71/><W81/><G60/><T122/><D122/><U21/><E107/><V67/><F67/><W83/><G35/><T54/><D69/><U7/><E133/><V63/><F63/><W85/><REACH who="3" step="1"/><G89/><REACH who="3" ten="250,250,250,240" step="2"/><T64/><D3/><U58/><E62/><V22/><F135/><W84/><G84/><T132/><D132/><U43/><E75/><V66/><F66/><W65/><G65/><T117/><D117/><U36/><E74/><V73/><F26/><W45/><G45/><T134/><D134/><U101/><E46/><V100/><F100/><W40/><G40/><T70/><D41/><U131/><E101/><V104/><F104/><W34/><G34/><T123/><D123/><U120/><E120/><V94/><REACH who="2" step="1"/><F90/><REACH who="2" ten="250,250,240,240" step="2"/><W32/><G32/><T106/><D106/><U125/><E88/><V102/><F102/><W87/><G87/><T116/><D116/><U30/><E131/><V31/><F31/><W112/><G112/><T23/><D86/><U17/><E30/><V11/><F11/><AGARI ba="0,2" hai="11,15,16,24,27,47,49,52,72,76,81,83,85,91" machi="11" ten="30,12000,2" yaku="1,1,7,1,25,2,52,1,54,2,53,0" doraHai="51" doraHaiUra="109" who="3" fromWho="2" sc="250,0,250,0,240,-120,240,140" /><INIT seed="1,0,0,5,4,53" ten="250,250,120,380" oya="1" hai0="13,91,108,22,34,21,37,7,57,86,62,122,67" hai1="65,69,33,120,45,36,127,72,35,51,116,17,1" hai2="64,107,25,133,2,126,15,49,16,9,98,97,43" hai3="82,93,63,14,79,39,111,77,117,135,42,123,23"/><U6/><E116/><V87/><F126/><W84/><G123/><T46/><D34/><U132/><E120/><V76/><F2/><W128/><G117/><T99/><D122/><U20/><E127/><V104/><F133/><W81/><G135/><T60/><D108/><U24/><E132/><V30/><F64/><W3/><G3/><T18/><D7/><U73/><E36/><V50/><F104/><W113/><G113/><T125/><D125/><U11/><E65/><V96/><F107/><W100/><G111/><T28/><D99/><U131/><E69/><V44/><F50/><W90/><G128/><T52/><D37/><U68/><E68/><V5/><F30/><W106/><G106/><T118/><D118/><U26/><E131/><V31/><F31/><W105/><G105/><T32/><D32/><U74/><REACH who="1" step="1"/><E26/><REACH who="1" ten="250,240,120,380" step="2"/><V89/><F76/><W41/><G79/><T130/><D130/><U129/><E129/><V71/><F71/><W40/><G77/><T112/><D112/><U95/><E95/><V59/><F25/><W121/><G121/><T55/><D46/><U38/><E38/><V102/><F102/><W115/><G100/><T134/><D134/><U70/><E70/><V12/><F59/><W109/><G115/><T78/><D78/><U101/><E101/><V56/><F56/><W0/><G39/><T83/><D62/><U88/><E88/><V85/><REACH who="2" step="1"/><F89/><REACH who="2" ten="250,240,110,380" step="2"/><W27/><G90/><T19/><REACH who="0" step="1"/><D28/><REACH who="0" ten="240,240,110,380" step="2"/><U66/><E66/><V58/><F58/><W4/><G109/><T94/><D94/><U75/><E75/><V47/><F47/><RYUUKYOKU ba="0,3" sc="240,10,240,10,110,10,380,-30" hai0="13,18,19,21,22,52,55,57,60,67,83,86,91" hai1="1,6,11,17,20,24,33,35,45,51,72,73,74" hai2="5,9,12,15,16,43,44,49,85,87,96,97,98" /><INIT seed="1,1,3,3,5,134" ten="250,250,120,350" oya="1" hai0="120,127,99,42,9,21,89,92,102,91,81,45,6" hai1="7,38,39,1,10,110,3,56,82,76,23,41,80" hai2="34,14,103,30,51,32,111,64,131,44,60,97,133" hai3="65,107,117,18,128,77,63,85,48,37,61,123,5"/><U93/><E110/><V105/><F111/><W53/><G123/><T13/><D120/><U22/><E1/><V40/><F133/><W67/><G37/><T28/><D127/><U68/><E68/><V83/><F131/><W26/><G107/><T73/><D73/><U78/><E56/><V84/><F14/><W16/><G128/><T125/><D125/><U47/><E38/><V109/><F109/><W79/><G5/><T29/><D21/><U114/><E114/><V106/><F106/><W27/><G117/><T8/><D8/><U35/><E35/><V95/><F95/><W132/><G132/><T121/><D121/><U72/><REACH who="1" step="1"/><E93/><REACH who="1" ten="250,240,120,350" step="2"/><V124/><F124/><W101/><G67/><T116/><D116/><U20/><E20/><V130/><F130/><W52/><G65/><T62/><D62/><U11/><E11/><V129/><F129/><W88/><G48/><T46/><D46/><U4/><E4/><V33/><F64/><W71/><G71/><T118/><D118/><U19/><E19/><V36/><F60/><W94/><G94/><T43/><D45/><U66/><E66/><V70/><F70/><W25/><G63/><T115/><D115/><U96/><E96/><V58/><F58/><W50/><G50/><T17/><D6/><U2/><E2/><V74/><F36/><W86/><G61/><T24/><D17/><U31/><E31/><V90/><REACH who="2" step="1"/><F74/><AGARI ba="1,4" hai="3,7,10,22,23,39,41,47,72,74,76,78,80,82" machi="74" ten="30,18000,2" yaku="1,1,7,1,9,1,25,2,53,2" doraHai="134" doraHaiUra="104" who="1" fromWho="2" sc="250,0,240,223,120,-183,350,0" owari="250,-15.0,463,56.3,-63,-56.3,350,15.0" /></mjloggm>