<mjloggm ver="2.3"><GO type="169" lobby="0"/><UN n0="%E2%97%8E%E3%82%88%E3%81%97%E2%97%8E" n1="%E4%B8%89%E5%8D%81%E7%94%BB%E7%94%9F" n2="%E3%81%82%E3%81%BE%E3%81%82%E3%82%93" n3="%E3%81%BE%E3%81%88%E3%81%9F" dan="17,16,16,17" rate="2175.90,2136.78,2105.44,2173.47" sx="M,M,M,F"/><TAIKYOKU oya="0"/><INIT seed="0,0,0,1,0,94" ten="250,250,250,250" oya="0" hai0="10,105,107,106,58,135,37,20,8,49,6,87,108" hai1="127,40,93,38,74,116,98,121,70,55,60,117,88" hai2="85,100,129,66,45,11,83,46,36,9,50,130,27" hai3="78,54,126,114,47,61,120,62,57,30,28,5,1"/><T95/><D37/><U102/><E121/><V124/><F124/><W104/><G114/><T44/><D135/><U17/><E127/><V77/><F66/><W111/><G111/><T43/><D108/><U41/><E74/><V51/><F36/><W112/><G78/><T97/><D87/><U56/><E70/><V26/><F100/><W82/><G82/><T86/><D86/><U132/><E132/><V128/><F11/><W125/><G47/><T16/><D58/><U133/><E133/><V33/><F9/><W99/><G112/><T39/><D39/><U131/><E131/><V122/><F122/><W48/><G1/><T3/><D8/><U53/><E53/><V71/><F71/><W19/><G5/><T75/><D75/><U69/><E69/><V13/><F13/><W29/><G19/><T52/><D43/><U123/><E123/><V92/><F92/><W24/><G24/><N who="2" m="9257" /><F33/><W110/><G110/><T118/><D118/><U64/><E17/><V34/><F34/><W96/><G120/><T23/><REACH who="0" step="1"/><D16/><REACH who="0" ten="240,250,250,250" step="2"/><U91/><E116/><V103/><F46/><W113/><G125/><T15/><D15/><U12/><E12/><V89/><F45/><W2/><G126/><T14/><D14/><U115/><E117/><V35/><F85/><W31/><G113/><T18/><D18/><U7/><E115/><V0/><F130/><W22/><G2/><T32/><D32/><U76/><E38/><V81/><F129/><W4/><G4/><T63/><D63/><N who="1" m="36255" /><E7/><V73/><F128/><W119/><G62/><T109/><D109/><U101/><E60/><RYUUKYOKU ba="0,1" sc="240,30,250,-10,250,-10,250,-10" hai0="3,6,10,20,23,44,49,52,95,97,105,106,107" /><INIT seed="0,1,1,0,4,112" ten="270,240,240,240" oya="0" hai0="84,75,16,129,96,10,42,80,64,69,119,40,33" hai1="109,100,128,90,67,12,123,9,127,13,122,62,58" hai2="49,95,114,53,23,27,134,18,14,113,59,39,105" hai3="79,31,30,87,89,24,48,132,99,73,17,130,104"/><T68/><D33/><U133/><E109/><V41/><F105/><W125/><G125/><T52/><D75/><U6/><E127/><V74/><F74/><W92/><G132/><T108/><D129/><U91/><E133/><V35/><F134/><W3/><G3/><T61/><D68/><U57/><E128/><V83/><F83/><W135/><G135/><T117/><D108/><U66/><E100/><V4/><F39/><W86/><G86/><T101/><D52/><U78/><E78/><V82/><F41/><W65/><G65/><T54/><D54/><U85/><E13/><V51/><F82/><N who="3" m="45423" /><G48/><T94/><D42/><U28/><E28/><V32/><F51/><W88/><G89/><T107/><D40/><U131/><E131/><V121/><F121/><W22/><G130/><T26/><D107/><U21/><E21/><V81/><F81/><W118/><G118/><T72/><D72/><U7/><E7/><V110/><F110/><W5/><G5/><T116/><D10/><U8/><E8/><V38/><F38/><W124/><G124/><T47/><D47/><U93/><E91/><V44/><F44/><W102/><AGARI ba="1,1" hai="17,22,24,30,31,87,88,92,99,102,104" m="45423" machi="102" ten="30,2000,0" yaku="24,1,54,1" doraHai="112" who="3" fromWho="3" sc="270,-11,240,-6,240,-6,240,33" /><INIT seed="1,0,0,1,2,133" ten="259,234,234,273" oya="1" hai0="130,128,52,3,97,82,9,74,40,70,21,0,88" hai1="23,69,123,64,127,117,103,43,125,116,65,120,113" hai2="93,66,46,96,29,62,91,17,132,73,105,39,115" hai3="59,37,87,124,11,77,44,94,33,27,57,35,114"/><U99/><E23/><V129/><F132/><W98/><G114/><T34/><D34/><U83/><E43/><V109/><F115/><W104/><G104/><T78/><D70/><U53/><E113/><V1/><F109/><W28/><G11/><T131/><D40/><U118/><E83/><V19/><F129/><W112/><G37/><T4/><D21/><U100/><E53/><V90/><F1/><W13/><G13/><T76/><D76/><U42/><E42/><V16/><F73/><W85/><G44/><T110/><D110/><U36/><E36/><V79/><F79/><W61/><G35/><T111/><D111/><U41/><E41/><V48/><F39/><W31/><G31/><T60/><D3/><U25/><E25/><V84/><F29/><W71/><G71/><T108/><D108/><U126/><E69/><V68/><F105/><W56/><G61/><T81/><D97/><U45/><E45/><V55/><REACH who="2" step="1"/><F19/><REACH who="2" ten="259,234,224,273" step="2"/><W119/><G77/><T101/><D78/><U5/><E5/><V122/><F122/><N who="1" m="46633" /><E100/><V18/><F18/><W14/><G112/><T30/><D101/><U51/><E51/><V38/><F38/><W92/><G28/><T24/><D74/><U54/><E54/><V107/><F107/><AGARI ba="0,1" hai="64,65,99,103,107,116,117,118,125,126,127" m="46633" machi="107" ten="40,12000,1" yaku="18,1,52,3" doraHai="133" who="1" fromWho="2" sc="259,0,234,130,224,-120,273,0" /><INIT seed="1,1,0,1,3,107" ten="259,364,104,273" oya="1" hai0="117,99,135,35,76,96,13,40,110,127,95,6,5" hai1="15,115,61,92,57,80,37,60,68,85,20,125,4" hai2="104,134,78,77,24,75,11,63,59,47,45,22,41" hai3="111,0,33,119,25,129,83,67,54,133,132,118,131"/><U112/><E37/><V50/><F134/><N who="3" m="51819" /><G67/><T43/><D135/><U55/><E125/><V34/><F104/><W27/><G54/><T48/><D35/><U102/><E68/><V30/><F34/><W90/><G90/><T17/><D117/><N who="3" m="44553" /><G83/><T94/><D110/><U38/><E38/><V109/><F109/><W116/><N who="3" m="44561" /><W120/><DORA hai="39" /><G111/><T114/><D127/><U82/><E82/><V100/><F100/><W51/><G51/><T124/><D114/><U81/><E81/><V23/><F47/><W29/><G120/><T70/><D124/><U46/><E46/><V10/><F22/><N who="3" m="15543" /><G0/><T86/><D48/><U26/><E61/><V64/><REACH who="2" step="1"/><F75/><REACH who="2" ten="259,364,94,273" step="2"/><W108/><G108/><T16/><D76/><AGARI ba="1,1" hai="10,11,23,24,30,41,45,50,59,63,64,76,77,78" machi="76" ten="40,8000,1" yaku="1,1,2,1,8,1,52,1,53,0" doraHai="107,39" doraHaiUra="8,65" who="2" fromWho="0" sc="259,-83,364,0,94,93,273,0" /><INIT seed="2,0,0,1,4,105" ten="176,364,187,273" oya="2" hai0="93,77,85,98,108,63,18,80,40,70,92,90,2" hai1="72,1,106,0,37,110,39,74,102,19,116,44,33" hai2="89,123,86,49,94,30,48,96,25,21,113,130,3" hai3="73,58,71,132,54,109,57,75,78,27,23,125,79"/><V17/><F113/><W10/><G71/><T15/><D108/><U65/><E110/><V62/><F123/><W118/><G109/><T59/><D2/><N who="1" m="1131" /><E19/><V35/><F130/><W24/><G118/><T82/><D70/><U14/><E14/><V134/><F134/><W11/><G132/><T76/><D40/><N who="1" m="22543" /><E39/><V6/><F62/><W4/><G23/><T9/><D98/><N who="1" m="61783" /><E65/><V128/><F128/><W107/><G107/><T66/><REACH who="0" step="1"/><D90/><REACH who="0" ten="166,364,187,273" step="2"/><U81/><E116/><V32/><F96/><W43/><G43/><T53/><D53/><U69/><E69/><V112/><F112/><W7/><REACH who="3" step="1"/><G54/><REACH who="3" ten="166,364,187,263" step="2"/><T42/><D42/><U45/><E33/><V133/><F35/><W83/><G83/><T61/><D61/><U22/><E81/><V87/><F133/><W51/><G51/><T38/><D38/><U103/><E22/><V111/><F111/><W122/><G122/><T101/><D101/><U29/><E103/><V129/><F129/><W100/><G100/><T16/><D16/><U60/><E60/><V67/><F17/><W121/><G121/><T36/><D36/><U13/><E29/><V119/><F32/><W28/><G28/><T56/><D56/><U95/><E45/><V124/><F30/><W64/><G64/><T8/><D8/><U20/><E20/><V104/><F67/><W26/><G26/><T84/><AGARI ba="0,2" hai="9,15,18,59,63,66,76,77,80,82,84,85,92,93" machi="84" ten="20,8000,1" yaku="1,1,0,1,7,1,9,1,8,1,53,0" doraHai="105" doraHaiUra="41" who="0" fromWho="0" sc="166,100,364,-20,187,-40,263,-20" /><INIT seed="3,0,0,2,2,112" ten="266,344,147,243" oya="3" hai0="129,121,99,50,77,53,40,106,35,135,37,19,39" hai1="54,122,89,126,69,31,10,22,100,48,58,15,131" hai2="72,115,2,103,36,70,83,130,32,7,46,0,86" hai3="41,64,133,120,67,1,88,57,73,91,84,63,110"/><W4/><G120/><T62/><D121/><U9/><E122/><V42/><F115/><W43/><G73/><T16/><D35/><U25/><E69/><V23/><F130/><W17/><G133/><T29/><D29/><U47/><E126/><V3/><F23/><W127/><G127/><T59/><D77/><U124/><E131/><V81/><F103/><W134/><G134/><T105/><D135/><U71/><E71/><V5/><F70/><W11/><G110/><T38/><D129/><U101/><E124/><V30/><F72/><W119/><G119/><T104/><D40/><N who="1" m="24679" /><E89/><V85/><F30/><W12/><G67/><T109/><D109/><U55/><E10/><V51/><F32/><W21/><REACH who="3" step="1"/><G91/><REACH who="3" ten="266,344,147,233" step="2"/><T102/><REACH who="0" step="1"/><D62/><REACH who="0" ten="256,344,147,233" step="2"/><N who="1" m="36183" /><E55/><V107/><F42/><W93/><AGARI ba="0,2" hai="1,4,11,12,17,21,41,43,57,63,64,84,88,93" machi="93" ten="20,7800,0" yaku="1,1,0,1,7,1,54,1,53,0" doraHai="112" doraHaiUra="79" who="3" fromWho="3" sc="256,-26,344,-26,147,-26,233,98" /><INIT seed="3,1,0,0,0,73" ten="230,318,121,331" oya="3" hai0="101,37,86,69,41,28,98,99,18,21,67,126,23" hai1="85,97,90,55,33,107,5,6,124,128,1,105,121" hai2="109,127,71,35,20,118,111,34,36,16,91,94,93" hai3="72,60,79,58,39,81,40,65,87,82,43,70,68"/><W45/><REACH who="3" step="1"/><G40/><REACH who="3" ten="230,318,121,321" step="2"/><T106/><D41/><U26/><E121/><V25/><F111/><W2/><G2/><T10/><D126/><U89/><E124/><V3/><F109/><W47/><G47/><T102/><D37/><U122/><E1/><V48/><F127/><W125/><G125/><T84/><D106/><U57/><E122/><V114/><F36/><W92/><G92/><T52/><D67/><U13/><E107/><V120/><F120/><W30/><G30/><T32/><D28/><U15/><E105/><V112/><F3/><W123/><G123/><T0/><D0/><U130/><E130/><V54/><F94/><W133/><G133/><T59/><D102/><U38/><E128/><V75/><F118/><W12/><G12/><T129/><D101/><U76/><E15/><V51/><F93/><W74/><G74/><T24/><D129/><U80/><E13/><V131/><F75/><W14/><G14/><T119/><D119/><U115/><E38/><V100/><F131/><W29/><G29/><T77/><D10/><U50/><E6/><V78/><F100/><W132/><G132/><T46/><D46/><U44/><E44/><V64/><F64/><W17/><G17/><T61/><D18/><U110/><E5/><V49/><F16/><W63/><G63/><T56/><D61/><U62/><E62/><V8/><F8/><W88/><AGARI ba="1,1" hai="39,43,45,58,60,65,68,70,72,79,81,82,87,88" machi="88" ten="20,18000,2" yaku="21,2,0,1,7,1,52,1,54,1,53,0" doraHai="73" doraHaiUra="9" who="3" fromWho="3" sc="230,-61,318,-61,121,-61,321,193" /><INIT seed="3,2,0,1,3,35" ten="169,257,60,514" oya="3" hai0="36,79,9,120,84,76,3,33,126,4,64,132,29" hai1="73,24,31,99,54,90,88,7,100,16,21,55,104" hai2="102,23,71,87,111,20,38,112,129,108,118,134,97" hai3="10,27,98,13,115,66,53,19,2,77,89,18,107"/><W0/><G115/><T105/><D120/><U113/><E73/><V110/><F112/><W67/><G77/><T6/><D105/><U72/><E72/><V135/><F38/><W78/><G78/><T52/><D36/><U56/><E113/><V30/><F71/><W75/><G75/><T57/><D64/><U94/><E7/><V101/><F118/><W5/><G53/><T17/><D6/><U92/><E31/><V32/><F129/><W40/><G40/><T43/><D43/><U63/><E104/><V116/><F116/><W133/><G133/><N who="2" m="50697" /><F87/><W46/><G46/><T130/><D84/><N who="1" m="52231" /><E55/><V81/><F81/><W124/><G107/><T93/><D52/><U14/><E14/><V96/><F32/><W91/><G98/><N who="2" m="37993" /><F30/><W28/><G28/><T82/><D29/><U125/><E125/><V12/><F12/><W22/><G124/><T34/><D126/><U42/><E42/><V86/><F86/><W44/><G13/><T127/><D127/><U80/><E80/><V114/><F114/><W25/><G10/><T37/><D9/><U109/><E109/><V122/><F122/><W47/><G22/><AGARI ba="2,0" hai="20,22,23,101,102,108,110,111" m="37993,50697" machi="22" ten="40,8000,1" yaku="28,2,14,1,20,1" doraHai="35" who="2" fromWho="3" sc="169,0,257,0,60,86,514,-86" /><INIT seed="4,0,0,1,5,2" ten="169,257,146,428" oya="0" hai0="43,89,10,135,6,90,128,42,131,81,55,122,53" hai1="66,8,101,125,50,104,64,59,134,86,1,9,5" hai2="113,37,123,84,24,71,116,109,31,105,79,56,70" hai3="126,78,114,96,102,92,124,27,16,12,15,118,130"/><T87/><D122/><U99/><E125/><N who="3" m="48234" /><G114/><T115/><D115/><U23/><E134/><V110/><F113/><W69/><G69/><T83/><D135/><U76/><E23/><V33/><F123/><W73/><G130/><N who="0" m="49707" /><D83/><U98/><E98/><V80/><F37/><W119/><G27/><T133/><D89/><U32/><E32/><V49/><F105/><W65/><G65/><T21/><D21/><U61/><E50/><V17/><F116/><N who="3" m="44587" /><G16/><T51/><D133/><U106/><E106/><V30/><F30/><W44/><G44/><N who="0" m="27879" /><D55/><U68/><E68/><V47/><F71/><W74/><G74/><T26/><D26/><U35/><E35/><V13/><F70/><W48/><G48/><T41/><D42/><U112/><E112/><V57/><F57/><W95/><G95/><T22/><D22/><U107/><E104/><V77/><F56/><W75/><G75/><T58/><D58/><U91/><E59/><V52/><REACH who="2" step="1"/><F79/><REACH who="2" ten="169,257,136,428" step="2"/><W19/><G78/><T45/><D45/><U62/><E76/><V82/><F82/><W34/><G34/><T67/><D67/><U38/><E66/><V0/><F0/><AGARI ba="0,1" hai="0,6,10,41,43,81,87,90" m="27879,49707" machi="0" ten="30,2900,0" yaku="19,1,52,1" doraHai="2" who="0" fromWho="2" sc="169,39,257,0,136,-29,428,0" /><INIT seed="4,1,0,0,5,8" ten="208,257,107,428" oya="0" hai0="119,26,50,18,98,93,67,48,77,123,62,12,116" hai1="63,103,23,38,15,125,4,120,69,3,86,37,31" hai2="92,100,126,84,54,65,34,68,94,19,102,52,72" hai3="45,99,51,133,89,14,127,80,95,47,104,16,81"/><T24/><D123/><U10/><E120/><V118/><F72/><W111/><G111/><T122/><D122/><U39/><E125/><V9/><F34/><W6/><G127/><T128/><D128/><U82/><E103/><N who="2" m="39467" /><F68/><W56/><G104/><T2/><D2/><U43/><E69/><V17/><F126/><W0/><G0/><T41/><D77/><U73/><E63/><V64/><F118/><W132/><G6/><T66/><D116/><U113/><E113/><V57/><F54/><N who="3" m="31839" /><G133/><T85/><D85/><U71/><E71/><V114/><F114/><W130/><G130/><T46/><D48/><U87/><E43/><V40/><F40/><W28/><G28/><T42/><D41/><U74/><E87/><V22/><F84/><W109/><G109/><T91/><D119/><U30/><E30/><V36/><F36/><W1/><G1/><T129/><D129/><U55/><E55/><V83/><F83/><N who="3" m="31819" /><G132/><T107/><D107/><U97/><E97/><V13/><F65/><N who="0" m="24586" /><D62/><U35/><E35/><V117/><F64/><W134/><G134/><T29/><D29/><U25/><REACH who="1" step="1"/><E3/><REACH who="1" ten="208,247,107,428" step="2"/><V76/><F117/><W49/><G49/><T115/><D115/><U101/><E101/><V33/><F33/><W44/><G44/><T5/><D46/><U60/><E60/><N who="2" m="35879" /><F76/><AGARI ba="1,1" hai="4,10,15,23,25,31,37,38,39,73,74,76,82,86" machi="76" ten="40,2600,0" yaku="1,1,52,1,53,0" doraHai="8" doraHaiUra="53" who="1" fromWho="2" sc="208,0,247,39,107,-29,428,0" /><INIT seed="5,0,0,0,3,110" ten="208,286,78,428" oya="1" hai0="57,53,36,87,97,41,56,86,18,31,103,40,51" hai1="2,61,83,46,11,21,37,15,128,1,22,19,90" hai2="116,114,67,23,3,24,106,43,104,9,75,73,17" hai3="62,93,60,44,50,34,27,48,77,95,72,33,47"/><U68/><E128/><V5/><F116/><W14/><G77/><T88/><D31/><U127/><E127/><V70/><F43/><W126/><G126/><T52/><D18/><U102/><E102/><V13/><F70/><W115/><G14/><T65/><D65/><U101/><E101/><V30/><F67/><W26/><G72/><T117/><D117/><U10/><E68/><V49/><F49/><W59/><G59/><T132/><D132/><U0/><E61/><V74/><REACH who="2" step="1"/><F114/><AGARI ba="0,0" hai="26,27,33,34,44,47,48,50,60,62,93,95,114,115" machi="114" ten="25,6400,0" yaku="22,2,52,2" doraHai="110" who="3" fromWho="2" sc="208,0,286,0,78,-64,428,64" /><INIT seed="6,0,0,0,4,10" ten="208,286,14,492" oya="2" hai0="120,112,83,133,86,63,135,24,35,28,21,81,47" hai1="109,29,64,53,51,124,77,20,103,52,15,7,106" hai2="119,50,65,79,2,41,32,127,102,108,75,74,40" hai3="90,57,4,129,36,22,56,130,68,54,58,87,104"/><V113/><F119/><W84/><G68/><T66/><D120/><U116/><E109/><V72/><F2/><W101/><G36/><T6/><D112/><U88/><E116/><V55/><F113/><W19/><G4/><T43/><D6/><U111/><E111/><V37/><F108/><W44/><G101/><T98/><D98/><U118/><E77/><V14/><F32/><W110/><G104/><T95/><D95/><U5/><E106/><V80/><F127/><W38/><G110/><T126/><D35/><U45/><E103/><V96/><F65/><W69/><G69/><N who="0" m="42207" /><D86/><U33/><E124/><V99/><F99/><W1/><G1/><T11/><D11/><N who="1" m="4591" /><E7/><V117/><F117/><W115/><G87/><T30/><D30/><U18/><E64/><V76/><F14/><W62/><G84/><T61/><D61/><U121/><E29/><V49/><F37/><W93/><G90/><T46/><D46/><U107/><E107/><V48/><F55/><W59/><G93/><T128/><D126/><U67/><E67/><V131/><F131/><W42/><G115/><T114/><D128/><U91/><E121/><V70/><F70/><W134/><G129/><T39/><D114/><U97/><E33/><V78/><REACH who="2" step="1"/><F80/><REACH who="2" ten="208,286,4,492" step="2"/><W0/><G0/><T13/><D13/><N who="1" m="9295" /><E118/><V9/><F9/><W132/><G130/><T123/><D123/><U23/><E97/><V26/><F26/><W73/><G54/><N who="1" m="21098" /><E23/><V8/><F8/><W16/><G22/><T34/><D34/><U31/><E31/><V105/><AGARI ba="0,1" hai="40,41,48,49,50,72,74,75,76,78,79,96,102,105" machi="105" ten="40,12000,1" yaku="1,1,0,1,29,2,53,0" doraHai="10" doraHaiUra="125" who="2" fromWho="2" sc="208,-40,286,-40,4,130,492,-40" /><INIT seed="6,1,0,2,3,68" ten="168,246,134,452" oya="2" hai0="16,109,64,106,116,50,70,79,110,86,101,63,5" hai1="122,51,90,28,135,89,104,133,93,0,75,124,98" hai2="92,71,114,10,80,117,74,84,25,11,97,41,44" hai3="113,36,23,18,81,2,29,121,65,108,43,96,31"/><V22/><F117/><W47/><G108/><T77/><D116/><U91/><E0/><V35/><F71/><W76/><G2/><T58/><D5/><U39/><E39/><V85/><F114/><W52/><G121/><T38/><D38/><U53/><E75/><V7/><F35/><W127/><G65/><T9/><D101/><U40/><E40/><V14/><F10/><W1/><G1/><T19/><D106/><U72/><E72/><V46/><F74/><W128/><G52/><T94/><D79/><U105/><E28/><V88/><F41/><W111/><G111/><T107/><D107/><N who="1" m="41035" /><E124/><V26/><F85/><W83/><G128/><T112/><D112/><U132/><E122/><V66/><F66/><W62/><G62/><T100/><D77/><U61/><E61/><V49/><F49/><W45/><G45/><AGARI ba="1,0" hai="45,51,53,89,90,91,93,98,132,133,135" m="41035" machi="45" ten="40,1300,0" yaku="20,1" doraHai="68" who="1" fromWho="3" sc="168,0,246,16,134,0,452,-16" /><INIT seed="7,0,0,3,1,61" ten="168,262,134,436" oya="3" hai0="68,79,8,74,120,33,83,64,130,88,98,3,104" hai1="34,71,106,24,103,102,0,17,123,1,115,7,114" hai2="51,80,119,110,116,100,58,92,36,38,2,29,45" hai3="121,48,117,84,37,75,42,26,73,52,70,50,57"/><W11/><G84/><T16/><D120/><U129/><E123/><V85/><F110/><W90/><G90/><T87/><D130/><U31/><E129/><V46/><F2/><N who="1" m="1129" /><E7/><V69/><F29/><W28/><G11/><T135/><D135/><U43/><E17/><V132/><F132/><W93/><G93/><N who="0" m="54431" /><D33/><U59/><E59/><V78/><F69/><W107/><G57/><T65/><D68/><U89/><E89/><V27/><F27/><W97/><G26/><T77/><D77/><U22/><E22/><V122/><F122/><W108/><G37/><T44/><D44/><U96/><E103/><V126/><F126/><W134/><G75/><T15/><D3/><U47/><E71/><V62/><F45/><W124/><G73/><T99/><D99/><U133/><E133/><V14/><F14/><W125/><G97/><T49/><D49/><U54/><E54/><V19/><F19/><W86/><G50/><T13/><D13/><U109/><E109/><V10/><F10/><W76/><G48/><T111/><D111/><U30/><E30/><V41/><F36/><AGARI ba="0,0" hai="24,31,34,36,43,47,96,102,106,114,115" m="1129" machi="36" ten="30,1000,0" yaku="23,1" doraHai="61" who="1" fromWho="2" sc="168,0,262,10,134,-10,436,0" owari="168,-23.2,272,7.2,124,-37.6,436,53.6" /></mjloggm>