<mjloggm ver="2.3"><GO type="169" lobby="0"/><UN n0="%70%61%6C%75" n1="%E3%81%9B%E3%81%A9%E3%81%AA%E3%82%8A%E3%81%82%E3%82%93" n2="%E3%83%8A%E3%82%AB%E3%81%AB%E3%81%97" n3="%E9%87%A3%E3%82%8A%E6%97%A5%E5%92%8C" dan="16,17,17,17" rate="2088.08,2152.92,2273.85,2208.52" sx="F,F,M,M"/><TAIKYOKU oya="0"/><INIT seed="0,0,0,3,4,83" ten="250,250,250,250" oya="0" hai0="72,36,0,1,12,63,46,44,112,8,37,33,55" hai1="53,108,21,115,92,93,134,75,23,77,42,121,13" hai2="85,30,125,68,28,127,102,45,82,6,59,135,20" hai3="129,9,131,54,95,27,126,114,48,52,70,39,80"/><T51/><D112/><U5/><E121/><V43/><F68/><W69/><G39/><T67/><D72/><U87/><E75/><V128/><F102/><W106/><G106/><T78/><D33/><U116/><E116/><V17/><F6/><W101/><G114/><T15/><D78/><U49/><E115/><V103/><F103/><W3/><G126/><N who="2" m="48137" /><F59/><W19/><G54/><T94/><D94/><N who="1" m="36459" /><E42/><V105/><F105/><W11/><G80/><T84/><D84/><U81/><E108/><V76/><F128/><N who="3" m="49227" /><G27/><T18/><D12/><U88/><E77/><V65/><F65/><W119/><G19/><T61/><D61/><U26/><E134/><V99/><F99/><N who="3" m="59647" /><G119/><T123/><D123/><U35/><E35/><V107/><F107/><W79/><G79/><T124/><D124/><U118/><E118/><V110/><F110/><W2/><G2/><T100/><D100/><U16/><E5/><V91/><F76/><W132/><G132/><T64/><D64/><U32/><E32/><V41/><F41/><W24/><G24/><T96/><D96/><U50/><E53/><V73/><F135/><W122/><G122/><T14/><D36/><U60/><E60/><V130/><F130/><W120/><G120/><T86/><D37/><U57/><E57/><V58/><F58/><N who="3" m="33031" /><G3/><T22/><D44/><U4/><E4/><V29/><F73/><W47/><G47/><T10/><D0/><U71/><E71/><AGARI ba="0,0" hai="9,11,69,70,71" m="33031,59647,49227" machi="71" ten="30,2000,0" yaku="19,1,54,1" doraHai="83" who="3" fromWho="1" sc="250,0,250,-20,250,0,250,20" /><INIT seed="1,0,0,1,1,124" ten="250,230,250,270" oya="1" hai0="12,105,112,127,88,92,21,45,36,19,64,129,77" hai1="130,74,10,18,7,117,5,102,122,93,106,71,84" hai2="108,100,63,94,57,58,23,86,48,66,118,49,56" hai3="123,53,28,80,29,15,99,109,113,87,126,1,39"/><U17/><E74/><V4/><F118/><W131/><G1/><T114/><D127/><U34/><E71/><V73/><F73/><W128/><G126/><T11/><D105/><U90/><E117/><V30/><F108/><W47/><G123/><T115/><D64/><U111/><E122/><V9/><F48/><N who="3" m="28831" /><G39/><T43/><D77/><U69/><E69/><V14/><F49/><W20/><G109/><T78/><D78/><U31/><E111/><V35/><F35/><W97/><G113/><T98/><REACH who="0" step="1"/><D11/><REACH who="0" ten="240,230,250,270" step="2"/><U70/><E10/><V119/><F119/><W16/><G29/><T37/><D37/><U134/><E31/><V41/><F30/><W13/><G28/><T116/><D116/><U65/><E34/><V32/><F32/><W46/><G46/><T40/><D40/><U24/><E65/><V79/><F41/><W76/><G15/><T33/><D33/><U55/><E106/><V135/><F66/><W85/><G87/><T68/><D68/><U95/><E70/><V133/><F86/><W0/><G0/><T59/><D59/><U60/><E84/><V96/><F79/><W38/><G38/><T104/><D104/><U51/><E55/><V52/><F57/><W8/><G8/><T107/><D107/><U6/><E24/><V44/><F58/><W62/><G62/><T42/><D42/><U81/><E60/><V91/><F44/><W61/><G61/><T89/><D89/><U110/><E90/><V22/><REACH who="2" step="1"/><F91/><REACH who="2" ten="240,230,240,270" step="2"/><W2/><G2/><T120/><D120/><U132/><E110/><V67/><F67/><W83/><G83/><RYUUKYOKU ba="0,2" sc="240,10,230,-30,240,10,270,10" hai0="12,19,21,36,43,45,88,92,98,112,114,115,129" hai2="4,9,14,22,23,52,56,63,94,96,100,133,135" hai3="13,16,20,76,80,85,97,99,128,131" /><INIT seed="2,1,2,5,0,34" ten="250,200,250,280" oya="2" hai0="71,127,58,116,32,39,104,12,29,55,10,49,4" hai1="106,56,33,105,14,115,107,7,91,25,45,69,37" hai2="22,57,108,16,68,9,21,23,50,87,48,86,43" hai3="97,17,72,63,118,47,93,15,0,8,85,102,27"/><V20/><F68/><W73/><G118/><T82/><D116/><U77/><E69/><V83/><F108/><W66/><G27/><T90/><D104/><U75/><E115/><V124/><F124/><W74/><G47/><T80/><D127/><U59/><E91/><V109/><F109/><W126/><G85/><T52/><D39/><U3/><E14/><V110/><F110/><W18/><G126/><T6/><D71/><U5/><E5/><V89/><F9/><W36/><G36/><T51/><D4/><U24/><E56/><V125/><F125/><W94/><G18/><T111/><D111/><U1/><E59/><V99/><F99/><W132/><G132/><T134/><D134/><U117/><E117/><V100/><F100/><W61/><G93/><T42/><D42/><N who="1" m="22735" /><E24/><V54/><F87/><W35/><G35/><T30/><D32/><U133/><E7/><V131/><F131/><W103/><G103/><T19/><D6/><U128/><E128/><V112/><F112/><W76/><G76/><T123/><D123/><U114/><E114/><V122/><F122/><W26/><G26/><T62/><D49/><U84/><E84/><V129/><F129/><W2/><REACH who="3" step="1"/><G66/><REACH who="3" ten="250,200,250,270" step="2"/><T120/><D120/><U13/><E133/><V88/><F89/><W41/><G41/><T70/><D90/><U38/><E38/><V98/><F98/><W92/><G92/><T11/><D19/><U31/><E13/><N who="2" m="9231" /><F43/><W130/><G130/><T78/><D78/><U60/><E60/><AGARI ba="1,3" hai="21,22,23,48,50,54,57,60,83,86,88" m="9231" machi="60" ten="30,5800,0" yaku="8,1,54,2" doraHai="34" who="2" fromWho="1" sc="250,0,200,-61,250,91,270,0" /><AGARI ba="1,0" hai="0,2,8,15,17,60,61,63,72,73,74,94,97,102" machi="60" ten="40,5200,0" yaku="1,1,52,2,53,0" doraHai="34" doraHaiUra="67" who="3" fromWho="1" sc="250,0,139,-52,341,0,270,52" /><INIT seed="2,2,0,2,1,56" ten="250,87,341,322" oya="2" hai0="62,120,126,95,99,0,124,26,131,102,55,68,119" hai1="107,24,130,54,96,40,42,104,116,65,115,31,100" hai2="122,4,18,84,127,109,39,101,118,61,27,29,103" hai3="71,63,43,132,16,125,1,12,35,11,50,113,89"/><V87/><F118/><W49/><G35/><T98/><D120/><U72/><E116/><V88/><F122/><W114/><G132/><T44/><D119/><U60/><E115/><V123/><F123/><W110/><G110/><T52/><D0/><U51/><E72/><V34/><F39/><W67/><G125/><N who="0" m="48235" /><D131/><U70/><E107/><V94/><F127/><W8/><G89/><N who="0" m="55663" /><D26/><U2/><E2/><V21/><F4/><W30/><G30/><T83/><D83/><U69/><E69/><V33/><F109/><W80/><G80/><T92/><D44/><U75/><E75/><V23/><F34/><W90/><G90/><T3/><D3/><U64/><E64/><AGARI ba="2,0" hai="52,55,62,64,68,92,99,102" m="55663,48235" machi="64" ten="30,3900,0" yaku="18,1,52,1,54,1" doraHai="56" who="0" fromWho="1" sc="250,45,87,-45,341,0,322,0" /><INIT seed="3,0,0,3,1,36" ten="295,42,341,322" oya="3" hai0="97,34,126,56,129,102,80,124,71,88,13,63,54" hai1="101,105,132,89,93,86,26,28,81,42,21,65,49" hai2="64,79,121,5,59,0,109,30,119,69,131,99,53" hai3="87,95,77,112,19,125,96,40,127,25,17,103,52"/><W85/><G112/><T4/><D34/><U16/><E132/><V108/><F119/><W135/><G135/><T115/><D71/><U39/><E39/><V41/><F131/><W51/><G40/><T106/><D129/><U75/><E65/><V90/><F30/><W14/><G25/><T78/><D115/><U84/><E75/><V134/><F79/><W60/><G60/><T114/><D114/><U67/><E67/><V47/><F121/><W15/><G77/><T9/><REACH who="0" step="1"/><D88/><REACH who="0" ten="285,42,341,322" step="2"/><N who="1" m="51215" /><E105/><V61/><F90/><W35/><G35/><T10/><D10/><U74/><E74/><AGARI ba="0,1" hai="4,9,13,54,56,63,74,78,80,97,102,106,124,126" machi="74" ten="40,2600,0" yaku="1,1,53,1" doraHai="36" doraHaiUra="92" who="0" fromWho="1" sc="285,36,42,-26,341,0,322,0" /><INIT seed="4,0,0,3,3,42" ten="321,16,341,322" oya="0" hai0="95,135,48,91,38,36,22,81,88,46,112,82,12" hai1="25,71,75,6,17,94,109,65,52,110,19,126,97" hai2="85,134,26,84,121,7,55,107,0,3,92,69,4" hai3="101,61,35,50,90,28,106,93,124,53,49,133,70"/><T47/><D112/><U15/><E75/><V76/><F107/><W125/><G133/><T51/><D135/><U1/><E126/><N who="3" m="48746" /><G106/><T9/><D22/><U5/><E1/><V115/><F115/><W29/><G101/><T68/><D68/><U10/><E65/><V2/><F121/><W20/><G35/><T8/><D12/><U57/><E71/><V120/><F120/><W66/><G50/><T62/><D95/><U72/><E72/><V117/><F69/><W89/><G20/><T102/><D102/><U119/><E119/><V80/><F134/><W73/><G73/><T114/><D114/><U96/><E96/><V79/><F117/><W43/><G43/><T33/><REACH who="0" step="1"/><D62/><REACH who="0" ten="311,16,341,322" step="2"/><N who="1" m="36135" /><E110/><V98/><F2/><W31/><G93/><T59/><D59/><AGARI ba="0,1" hai="28,29,31,49,53,59,61,66,70,89,90" m="48746" machi="59" ten="30,1000,0" yaku="18,1" doraHai="42" who="3" fromWho="0" sc="311,-10,16,0,341,0,322,20" /><INIT seed="5,0,0,0,1,91" ten="301,16,341,342" oya="1" hai0="22,84,39,69,76,65,15,32,72,131,6,83,3" hai1="89,18,126,12,122,118,17,96,134,35,54,85,60" hai2="23,101,114,48,64,16,31,21,93,80,66,102,100" hai3="81,27,121,124,78,108,36,13,77,94,43,9,116"/><U70/><E118/><V71/><F71/><W68/><G108/><T55/><D32/><U87/><E122/><V33/><F33/><W111/><G111/><T110/><D110/><U28/><E126/><V45/><F114/><W25/><G68/><T29/><D39/><U8/><E134/><V0/><F0/><W104/><G104/><T10/><D131/><U44/><E44/><V20/><F31/><W50/><G36/><T82/><D55/><U123/><E123/><V2/><F2/><W127/><G121/><T56/><D69/><U47/><E47/><V97/><F80/><W57/><G43/><T75/><D82/><U133/><E133/><V40/><REACH who="2" step="1"/><F16/><REACH who="2" ten="301,16,331,342" step="2"/><N who="3" m="8239" /><G81/><T62/><REACH who="0" step="1"/><D15/><REACH who="0" ten="291,16,331,342" step="2"/><U24/><E18/><V46/><F46/><W88/><G124/><T59/><D59/><U4/><E17/><V11/><F11/><W109/><G127/><T79/><D79/><U129/><E129/><V103/><AGARI ba="0,2" hai="20,21,23,40,45,48,64,66,93,97,100,101,102,103" machi="103" ten="30,7900,0" yaku="1,1,0,1,8,1,52,1,53,0" doraHai="91" doraHaiUra="73" who="2" fromWho="2" sc="291,-20,16,-39,331,99,342,-20" owari="271,-12.9,-23,-52.3,430,53.0,322,12.2" /></mjloggm>