<mjloggm ver="2.3"><GO type="169" lobby="0"/><UN n0="%6F%6B%62%6F%6B%62" n1="%E7%8C%AA%E7%8B%A9%E5%AE%88" n2="%6C%6E%61%69" n3="%E3%82%A4%E3%83%BC%E3%82%B1%E3%83%97%E3%83%A9" dan="17,17,16,16" rate="2190.62,2178.46,2056.17,2124.41" sx="M,M,M,M"/><TAIKYOKU oya="0"/><INIT seed="0,0,0,0,4,42" ten="250,250,250,250" oya="0" hai0="124,90,34,55,97,81,110,95,57,23,80,116,126" hai1="71,49,89,52,4,91,26,78,39,105,72,33,93" hai2="70,27,132,47,35,85,98,51,0,62,106,10,134" hai3="125,100,103,114,24,130,115,7,121,120,92,46,82"/><T79/><D34/><U5/><E71/><V8/><F85/><W17/><G7/><T18/><D116/><U59/><E105/><V63/><F106/><W119/><G119/><T56/><D110/><U6/><E39/><V87/><F98/><W107/><G107/><T29/><D29/><U131/><E131/><V20/><F35/><W61/><G130/><T75/><D80/><U109/><E109/><V3/><F87/><W36/><G61/><T43/><D43/><U67/><E67/><V68/><F20/><N who="3" m="13327" /><G82/><T117/><D117/><U40/><E78/><V45/><F51/><W22/><G22/><T14/><REACH who="0" step="1"/><D55/><REACH who="0" ten="240,250,250,250" step="2"/><U19/><E40/><V50/><F50/><W28/><G36/><T21/><D21/><N who="1" m="13631" /><E33/><V111/><F27/><W12/><G28/><T65/><D65/><U64/><E64/><V129/><F129/><W123/><G115/><T118/><D118/><U88/><E72/><V1/><F1/><W13/><G114/><T32/><D32/><U122/><E122/><V94/><F111/><W135/><G123/><T69/><D69/><U60/><E49/><V16/><F0/><W66/><G66/><T9/><D9/><U127/><E127/><AGARI ba="0,1" hai="14,18,23,56,57,75,79,81,90,95,97,124,126,127" machi="127" ten="40,3900,0" yaku="1,1,18,1,53,0" doraHai="42" doraHaiUra="108" who="0" fromWho="1" sc="240,49,250,-39,250,0,250,0" /><INIT seed="0,1,0,2,1,65" ten="289,211,250,250" oya="0" hai0="90,102,117,81,130,30,132,120,59,118,26,122,4" hai1="35,66,51,7,127,56,57,39,124,83,95,99,27" hai2="134,129,73,86,126,79,113,70,55,110,14,45,1" hai3="64,12,49,133,72,38,104,111,42,85,78,135,6"/><T41/><D41/><U32/><E39/><V119/><RYUUKYOKU type="yao9" ba="1,0" sc="289,0,211,0,250,0,250,0" hai2="1,14,45,55,70,73,79,86,110,113,119,126,129,134" /><INIT seed="0,2,0,5,4,113" ten="289,211,250,250" oya="0" hai0="32,3,52,119,44,46,27,7,8,55,42,107,10" hai1="134,20,64,124,14,76,122,106,130,30,61,79,105" hai2="98,99,24,90,68,57,26,127,31,17,39,0,112" hai3="85,88,65,82,37,116,73,74,114,100,9,69,110"/><T92/><D107/><U96/><E122/><V18/><F68/><W25/><G114/><T48/><D10/><U77/><E130/><V83/><F112/><W13/><G37/><T94/><D119/><U111/><E111/><V131/><F39/><W132/><G110/><T118/><D118/><U121/><E134/><V43/><F0/><W108/><G108/><T19/><D55/><U97/><E124/><V28/><F43/><W33/><G116/><T51/><REACH who="0" step="1"/><D19/><REACH who="0" ten="279,211,250,250" step="2"/><U102/><E121/><V59/><F127/><W133/><G9/><T22/><D22/><U56/><E105/><V4/><F131/><W63/><G133/><T135/><D135/><U93/><E106/><V45/><F17/><W21/><G132/><T15/><D15/><U128/><E14/><V75/><F18/><W60/><G13/><T1/><D1/><U103/><E128/><V49/><F4/><W125/><G21/><T40/><D40/><U117/><E117/><V47/><F28/><AGARI ba="2,1" hai="3,7,8,27,28,32,42,44,46,48,51,52,92,94" machi="28" ten="40,12000,1" yaku="1,1,54,1,53,2" doraHai="113" doraHaiUra="41" who="0" fromWho="2" sc="279,136,211,0,250,-126,250,0" /><INIT seed="0,3,0,2,3,124" ten="415,211,124,250" oya="0" hai0="86,95,87,53,71,31,69,94,41,4,66,101,14" hai1="91,20,49,70,60,62,85,28,110,59,77,30,9" hai2="0,19,100,126,134,106,67,98,114,18,96,73,50" hai3="83,42,56,103,48,135,129,57,128,32,5,75,108"/><T13/><D41/><U44/><E110/><V84/><F114/><W133/><G32/><T90/><D31/><U21/><E70/><V63/><F73/><W111/><G103/><T24/><D24/><U10/><E77/><V61/><F0/><W15/><G75/><T81/><D53/><U45/><E49/><V92/><F126/><W2/><G2/><T76/><D101/><U23/><E85/><V109/><F109/><N who="3" m="42059" /><G83/><T120/><D120/><U80/><E80/><V22/><F134/><N who="3" m="51211" /><G15/><T40/><D40/><U58/><E20/><V33/><F33/><W72/><G5/><T68/><D66/><U113/><REACH who="1" step="1"/><E91/><REACH who="1" ten="415,201,124,250" step="2"/><V36/><F84/><W38/><G72/><T105/><D105/><U123/><E123/><V65/><F22/><W79/><G79/><T125/><D125/><U34/><E34/><V99/><F106/><W116/><G116/><T130/><D94/><U115/><AGARI ba="3,1" hai="9,10,21,23,28,30,44,45,58,59,60,62,113,115" machi="115" ten="25,12000,2" yaku="1,1,0,1,22,2,53,2" doraHai="124" doraHaiUra="16" who="1" fromWho="1" sc="415,-63,201,139,124,-33,250,-33" /><INIT seed="1,0,0,0,4,112" ten="352,340,91,217" oya="1" hai0="31,69,111,118,23,37,21,125,94,88,50,33,7" hai1="86,1,53,22,108,102,34,95,72,127,28,61,120" hai2="113,87,6,14,110,100,77,79,68,16,103,93,134" hai3="73,62,19,101,32,91,74,12,57,54,30,128,35"/><U38/><E120/><V123/><F123/><W26/><G128/><T40/><D37/><U85/><E72/><V82/><F68/><W41/><G32/><T64/><D7/><U76/><E1/><V4/><F113/><W81/><G101/><T36/><D36/><U46/><E34/><V124/><F110/><W56/><G41/><T52/><D40/><U109/><E127/><V126/><F134/><W98/><G57/><T18/><D111/><N who="1" m="42571" /><E38/><V45/><F79/><W70/><G70/><T59/><D33/><U90/><E102/><N who="2" m="38955" /><F45/><W49/><G62/><T51/><D50/><N who="1" m="28887" /><E61/><V25/><F93/><W84/><REACH who="3" step="1"/><G98/><REACH who="3" ten="352,340,91,207" step="2"/><T92/><D69/><U13/><E76/><V20/><F124/><W47/><G47/><T27/><D125/><U122/><E122/><V15/><F126/><W99/><G99/><T43/><D43/><U42/><E42/><V75/><F75/><W121/><G121/><T58/><D59/><U63/><E63/><V0/><F0/><W89/><G89/><T97/><D64/><U65/><E65/><V71/><F71/><W67/><G67/><T107/><D97/><N who="1" m="57591" /><E13/><AGARI ba="0,1" hai="4,6,13,14,15,16,20,25,77,82,87" m="38955" machi="13" ten="30,2000,0" yaku="8,1,54,1" doraHai="112" who="2" fromWho="1" sc="352,0,340,-20,91,30,207,0" /><INIT seed="2,0,0,5,0,27" ten="352,320,121,207" oya="2" hai0="75,102,34,100,88,61,119,97,113,50,124,60,122" hai1="134,79,128,89,72,81,19,120,39,112,83,10,64" hai2="118,25,0,37,22,76,82,130,54,91,53,69,46" hai3="101,23,65,31,51,68,99,95,57,135,1,111,41"/><V6/><F118/><W55/><G1/><T109/><D109/><U114/><E39/><V13/><F69/><W40/><G135/><T73/><D113/><N who="1" m="43627" /><E64/><V67/><F67/><W21/><G111/><T106/><D102/><U129/><E19/><V78/><F130/><N who="1" m="50281" /><E10/><V96/><F0/><W29/><G68/><T48/><D119/><U104/><E104/><V98/><F37/><W20/><G65/><T108/><D108/><U127/><E127/><V132/><F132/><W117/><G117/><T36/><D36/><U8/><E8/><N who="2" m="4247" /><F46/><W71/><G71/><T93/><D124/><U38/><E38/><V24/><F24/><W49/><G49/><T70/><D70/><U62/><E62/><V105/><F105/><W87/><G87/><T45/><D48/><U12/><E12/><V115/><F115/><W123/><G123/><T35/><D122/><U66/><E66/><V11/><F11/><W5/><G5/><T9/><D9/><U30/><E120/><V2/><F2/><W26/><G26/><T16/><D60/><U94/><E83/><V126/><F126/><W14/><G14/><T63/><D63/><U18/><E18/><N who="2" m="12503" /><F53/><W133/><G133/><T110/><D16/><U17/><E17/><V44/><F44/><W52/><G55/><N who="0" m="30159" /><D61/><U131/><E131/><V85/><F54/><W84/><G84/><N who="0" m="52359" /><D110/><U33/><E134/><V43/><F43/><AGARI ba="0,0" hai="20,21,23,29,31,40,41,43,51,52,57,95,99,101" machi="43" ten="40,8000,1" yaku="8,1,52,2,54,1" doraHai="27" who="3" fromWho="2" sc="352,0,320,0,121,-80,207,80" /><INIT seed="3,0,0,2,2,15" ten="352,320,41,287" oya="3" hai0="128,106,114,82,97,116,129,74,5,45,13,65,79" hai1="43,72,70,101,44,62,127,80,12,111,118,104,73" hai2="92,77,7,102,78,30,121,67,86,81,94,110,113" hai3="112,59,18,51,48,84,108,85,66,61,105,124,1"/><W17/><G112/><T2/><D2/><U23/><E111/><V38/><F38/><W4/><G105/><T117/><D65/><U25/><E127/><V0/><F113/><W87/><G124/><T71/><D71/><U35/><E118/><N who="0" m="45673" /><D45/><U36/><E12/><V120/><F67/><W49/><REACH who="3" step="1"/><G108/><REACH who="3" ten="352,320,41,277" step="2"/><T33/><D114/><U130/><E130/><V69/><F110/><W34/><G34/><T135/><D33/><U22/><E35/><V132/><F121/><W32/><G32/><T100/><D135/><U64/><E22/><V55/><F132/><W98/><G98/><T9/><D128/><U50/><E104/><V134/><F134/><W56/><G56/><T68/><D129/><U16/><E101/><V41/><F120/><W96/><G96/><T27/><D68/><U131/><E131/><V57/><F69/><W29/><G29/><T39/><D97/><U75/><REACH who="1" step="1"/><E36/><REACH who="1" ten="352,310,41,277" step="2"/><V122/><F122/><W95/><G95/><T46/><D100/><U58/><E58/><V11/><F102/><W54/><G54/><T93/><D106/><U31/><E31/><V60/><F30/><W76/><G76/><AGARI ba="0,2" hai="16,23,25,43,44,50,62,64,70,72,73,75,76,80" machi="76" ten="40,8000,1" yaku="1,1,52,1,54,1,53,1" doraHai="15" doraHaiUra="42" who="1" fromWho="3" sc="352,0,310,100,41,0,277,-80" /><INIT seed="4,0,0,4,2,40" ten="352,410,41,197" oya="0" hai0="45,102,38,131,53,126,78,104,64,82,77,128,7" hai1="30,130,54,32,1,129,65,90,47,98,14,4,122" hai2="101,24,99,94,96,100,0,20,81,103,23,66,125" hai3="26,113,46,16,114,86,37,22,57,127,29,121,67"/><T112/><D112/><N who="3" m="43113" /><G127/><T105/><D126/><U109/><E122/><V41/><F125/><W84/><G121/><T60/><D7/><U52/><E109/><V71/><F0/><W87/><G67/><T21/><D21/><U58/><E1/><V83/><F71/><W51/><G57/><T34/><D34/><U44/><E30/><V61/><F23/><N who="3" m="15583" /><G37/><T93/><D93/><N who="1" m="56631" /><E32/><V10/><F10/><W68/><G68/><N who="0" m="41991" /><D77/><U72/><E65/><V123/><F123/><W56/><G56/><T73/><D102/><U27/><E54/><V91/><F96/><W134/><G134/><T59/><D59/><U5/><E72/><V48/><F61/><W12/><G87/><T116/><D53/><AGARI ba="0,0" hai="12,16,22,46,51,53,84,86" m="15583,43113" machi="53" ten="30,3900,0" yaku="15,1,52,1,54,1" doraHai="40" who="3" fromWho="0" sc="352,-39,410,0,41,0,197,39" /><INIT seed="5,0,0,1,0,19" ten="313,410,41,236" oya="1" hai0="37,20,1,90,76,127,120,53,42,92,118,12,79" hai1="113,27,96,121,49,25,4,61,135,111,45,102,97" hai2="46,94,68,30,124,2,131,72,104,125,51,21,18" hai3="36,41,129,75,65,134,67,110,40,56,89,11,100"/><U130/><E121/><V66/><F104/><W132/><G110/><T108/><D108/><U50/><E113/><V5/><F72/><W22/><G75/><T54/><D118/><U93/><E130/><V70/><F131/><W112/><G129/><T17/><D1/><U106/><E135/><N who="3" m="51754" /><G100/><T48/><D127/><N who="2" m="48714" /><F30/><W35/><G35/><T62/><D120/><U9/><E61/><V43/><F66/><N who="3" m="25099" /><G112/><T23/><D23/><U74/><E49/><V98/><F5/><W59/><G11/><T64/><D42/><N who="3" m="16489" /><G36/><T109/><D37/><U55/><E74/><V107/><F107/><W38/><G38/><T58/><D109/><U114/><E114/><V39/><F39/><W105/><G105/><T32/><D32/><U95/><E106/><V91/><F2/><W69/><G69/><T128/><D128/><U16/><E111/><V103/><F103/><W29/><G89/><T86/><REACH who="0" step="1"/><D54/><REACH who="0" ten="303,410,41,236" step="2"/><U47/><E55/><V82/><F82/><W115/><G115/><T14/><D14/><AGARI ba="0,1" hai="14,18,21,43,46,51,68,70,91,94,98" m="48714" machi="14" ten="30,2000,0" yaku="18,1,52,1" doraHai="19" who="2" fromWho="0" sc="303,-20,410,0,41,30,236,0" /><INIT seed="6,0,0,3,5,133" ten="283,410,71,236" oya="2" hai0="102,22,120,76,118,122,53,134,71,26,115,96,40" hai1="113,99,62,110,24,47,34,45,94,74,70,84,105" hai2="42,82,66,10,78,9,69,135,87,124,56,52,6" hai3="39,95,49,3,54,37,13,58,67,61,112,43,125"/><V15/><F124/><W23/><G3/><T21/><D134/><U27/><E110/><V57/><F135/><W38/><G112/><T28/><D71/><U8/><E74/><V25/><F69/><N who="3" m="42223" /><G95/><T119/><D76/><U77/><E8/><V7/><F42/><W5/><G5/><T36/><D53/><U132/><E113/><V131/><F131/><W73/><G73/><T44/><D22/><U4/><E4/><V50/><F25/><W65/><G13/><T63/><D63/><U20/><E24/><V117/><F117/><W123/><G23/><T0/><D0/><U35/><E35/><V97/><F97/><W51/><G123/><T12/><D12/><U33/><E33/><V59/><REACH who="2" step="1"/><F66/><REACH who="2" ten="283,410,61,236" step="2"/><W19/><G125/><T29/><D115/><U55/><E132/><V109/><F109/><W130/><G130/><T90/><D29/><U80/><E34/><V121/><F121/><W75/><G65/><T88/><D122/><U126/><E126/><V48/><F48/><W111/><G111/><T128/><D128/><U100/><E105/><V83/><F83/><W72/><G49/><T68/><D120/><U17/><E70/><V104/><F104/><W30/><G43/><T114/><D68/><U116/><E116/><N who="0" m="44585" /><D114/><U41/><E41/><V60/><F60/><W85/><G39/><T32/><D32/><U108/><E108/><V81/><F81/><W103/><G38/><T91/><D96/><U1/><E62/><V11/><F11/><W127/><G37/><T101/><AGARI ba="0,1" hai="21,26,28,36,40,44,88,90,91,101,102" m="44585" machi="101" ten="40,2700,0" yaku="12,1,54,1" doraHai="133" who="0" fromWho="0" sc="283,37,410,-7,61,-13,236,-7" /><INIT seed="7,0,0,0,2,15" ten="320,403,48,229" oya="3" hai0="63,132,135,22,11,42,57,110,133,117,125,82,30" hai1="6,75,9,62,87,102,92,96,44,69,127,123,31" hai2="27,128,84,89,78,129,34,115,114,77,74,28,73" hai3="8,116,64,23,76,119,60,26,39,25,0,48,134"/><W2/><G39/><T83/><D110/><U51/><E75/><V85/><F27/><W18/><G134/><T67/><D117/><U4/><E123/><V94/><F28/><W118/><G76/><T109/><D109/><U20/><E127/><V47/><F47/><W50/><G25/><T66/><D125/><U46/><E69/><V90/><REACH who="2" step="1"/><F34/><REACH who="2" ten="320,403,38,229" step="2"/><W36/><G36/><T106/><D30/><U72/><E44/><V24/><F24/><W41/><G41/><T113/><D113/><U3/><E6/><V37/><F37/><W19/><G0/><T70/><D42/><U32/><E32/><V107/><F107/><W40/><G40/><T7/><D106/><U97/><E62/><V45/><F45/><W91/><G2/><T121/><D121/><U112/><E112/><V108/><F108/><W58/><G118/><T81/><D70/><U33/><E33/><V43/><F43/><W71/><G71/><T88/><D67/><U68/><E68/><V131/><F131/><W5/><G119/><T12/><REACH who="0" step="1"/><D22/><REACH who="0" ten="310,403,38,229" step="2"/><U13/><E20/><V126/><F126/><W10/><G116/><T52/><D52/><N who="1" m="29815" /><E31/><V53/><F53/><W120/><G120/><T65/><D65/><U1/><E1/><V55/><F55/><W56/><G56/><T21/><D21/><U14/><E3/><V98/><F98/><W49/><G23/><T80/><D80/><U105/><E97/><V54/><F54/><W93/><G26/><T59/><D59/><U95/><E105/><V79/><F79/><W130/><G130/><T122/><D122/><U101/><E96/><RYUUKYOKU ba="0,2" sc="310,15,403,-15,38,15,229,-15" hai0="7,11,12,57,63,66,81,82,83,88,132,133,135" hai2="73,74,77,78,84,85,89,90,94,114,115,128,129" owari="325,12.5,408,50.8,53,-44.7,214,-18.6" /></mjloggm>