<mjloggm ver="2.3"><GO type="169" lobby="0"/><UN n0="%64%69%76%61" n1="%73%61%6E%67%6F%64%64%6F" n2="%E7%89%A7%E5%A0%B4%E3%81%AE%E5%B0%8F%E5%A5%B3" n3="%E6%98%9F%E7%A9%BA%E3%81%AE%E3%83%A1%E3%83%A2%E3%83%AA%E3%82%A2" dan="16,17,17,16" rate="2060.62,2161.66,2176.55,2053.98" sx="M,M,F,F"/><TAIKYOKU oya="0"/><INIT seed="0,0,0,3,5,82" ten="250,250,250,250" oya="0" hai0="83,55,17,53,41,88,24,122,70,132,32,85,4" hai1="129,65,77,111,81,115,62,52,37,84,7,131,30" hai2="74,33,43,124,39,104,1,68,0,28,51,107,99" hai3="46,59,19,8,13,25,130,18,127,125,121,58,45"/><T134/><D70/><U116/><E116/><V91/><F51/><W90/><G130/><T29/><D122/><U69/><E111/><V117/><F91/><W20/><G121/><T133/><D4/><U106/><E106/><V128/><F124/><N who="3" m="47691" /><G90/><T103/><D103/><U22/><E37/><V102/><F104/><W126/><N who="3" m="47699" /><W47/><AGARI ba="0,0" hai="8,13,18,19,20,25,45,46,47,58,59" m="47699" machi="47" ten="50,3200,0" yaku="4,1,18,1" doraHai="82" who="3" fromWho="3" sc="250,-16,250,-8,250,-8,250,32" /><INIT seed="1,0,0,2,5,9" ten="234,242,242,282" oya="1" hai0="48,42,128,17,91,115,131,105,97,111,8,93,109" hai1="127,107,32,34,2,3,26,92,119,19,60,35,37" hai2="110,98,133,63,90,56,7,33,81,118,88,13,62" hai3="29,54,31,1,67,38,132,24,70,79,47,76,23"/><U49/><E107/><V30/><F118/><W22/><G1/><T20/><D115/><U113/><E37/><V103/><F110/><N who="0" m="41994" /><D8/><U83/><E113/><V10/><F133/><W6/><G6/><T73/><D48/><U16/><E119/><V116/><F116/><W50/><G132/><T46/><D46/><U18/><E127/><V124/><F124/><W51/><G38/><T12/><D42/><U69/><E26/><V43/><F43/><N who="3" m="24959" /><G67/><T5/><D5/><U40/><E92/><V61/><F33/><W121/><G70/><T44/><D44/><U101/><E101/><V122/><F122/><W41/><G41/><T123/><D73/><U11/><E40/><V59/><F30/><N who="3" m="11275" /><G121/><T25/><D123/><U86/><E49/><V53/><F81/><W130/><G130/><N who="0" m="49707" /><D105/><U94/><E11/><V125/><F125/><W82/><G23/><T75/><D75/><U85/><E60/><V100/><F62/><W96/><G22/><T120/><D120/><U129/><E69/><V95/><F103/><W58/><G24/><AGARI ba="0,0" hai="12,17,20,24,25,91,93,97" m="49707,41994" machi="24" ten="30,3900,0" yaku="14,1,19,1,52,1" doraHai="9" who="0" fromWho="3" sc="234,39,242,0,242,0,282,-39" /><INIT seed="2,0,0,0,4,115" ten="273,242,242,243" oya="2" hai0="42,74,49,117,75,69,73,81,56,17,71,91,93" hai1="84,112,87,103,38,14,111,63,66,3,30,99,57" hai2="82,52,104,44,10,125,11,135,46,80,85,54,18" hai3="2,90,78,124,45,83,15,105,126,55,8,37,16"/><V98/><F135/><W12/><G105/><T36/><D36/><U58/><E112/><V5/><F125/><W113/><G2/><T130/><D130/><U22/><E3/><V60/><F18/><W132/><G113/><T94/><D94/><U116/><E38/><V40/><F82/><W28/><G132/><T122/><D122/><U128/><E111/><V6/><F10/><W47/><G28/><T50/><D81/><U25/><E116/><V110/><F110/><W65/><G65/><T68/><D117/><U19/><E58/><V9/><F11/><W21/><G37/><T79/><D79/><U59/><E57/><V64/><F98/><W27/><G90/><T41/><D56/><U53/><E53/><V109/><F104/><W100/><G100/><T48/><REACH who="0" step="1"/><D17/><REACH who="0" ten="263,242,242,243" step="2"/><U43/><E128/><V7/><F109/><W120/><G120/><T35/><D35/><U62/><E62/><V32/><F32/><W108/><G108/><T77/><D77/><U121/><E121/><V13/><F6/><N who="3" m="3095" /><G83/><T106/><D106/><U51/><E63/><V23/><F5/><W95/><G95/><T72/><N who="0" m="18432" /><DORA hai="123" /><T114/><D114/><U97/><E66/><V33/><F33/><W24/><G78/><T89/><D89/><U102/><E102/><V76/><F80/><W127/><G47/><T86/><AGARI ba="0,1" hai="41,42,48,49,50,68,69,71,86,91,93" m="18432" machi="86" ten="70,12000,2" yaku="1,1,0,1,29,2,53,2" doraHai="115,123" doraHaiUra="4,39" who="0" fromWho="0" sc="263,130,242,-30,242,-60,243,-30" /><INIT seed="3,0,0,5,0,134" ten="393,212,182,213" oya="3" hai0="79,123,75,12,83,19,130,0,72,8,23,15,5" hai1="116,53,31,4,119,9,56,78,11,117,67,97,47" hai2="66,101,33,113,128,62,41,129,45,34,109,102,28" hai3="124,43,99,107,37,20,84,131,81,77,60,106,127"/><W44/><G131/><T3/><D130/><U103/><E78/><V93/><F109/><W126/><G99/><T42/><D123/><U25/><E67/><V22/><F113/><W69/><G20/><T18/><D75/><U57/><E47/><V32/><F129/><W118/><G118/><T27/><REACH who="0" step="1"/><D42/><REACH who="0" ten="383,212,182,213" step="2"/><U108/><E108/><V54/><F128/><W49/><REACH who="3" step="1"/><G37/><REACH who="3" ten="383,212,182,203" step="2"/><T90/><D90/><U36/><E36/><V86/><F102/><W64/><AGARI ba="0,2" hai="43,44,49,60,64,69,77,81,84,106,107,124,126,127" machi="64" ten="40,18000,2" yaku="1,1,2,1,0,1,18,1,52,3,53,0" doraHai="134" doraHaiUra="112" who="3" fromWho="3" sc="383,-60,212,-60,182,-60,203,200" /><INIT seed="3,1,0,0,1,69" ten="323,152,122,403" oya="3" hai0="96,87,77,61,134,43,71,102,5,53,40,25,50" hai1="7,99,42,36,48,59,127,94,97,6,12,108,38" hai2="117,67,86,46,21,14,124,75,9,54,101,83,128" hai3="8,56,80,113,123,85,39,109,32,121,44,24,47"/><W76/><G113/><T64/><D134/><U120/><E120/><V55/><F128/><W58/><G109/><T4/><D77/><U92/><E108/><V118/><F124/><W107/><G107/><T19/><D87/><U18/><E127/><V110/><F110/><W26/><G8/><T23/><D5/><U22/><E6/><V74/><F67/><W27/><G32/><T70/><D70/><U115/><E115/><V106/><F21/><W60/><G56/><T114/><D114/><U65/><E7/><V30/><F30/><W57/><G57/><T45/><REACH who="0" step="1"/><D4/><REACH who="0" ten="313,152,122,403" step="2"/><U73/><E73/><V81/><F86/><W79/><G79/><T28/><D28/><U3/><E97/><V88/><F74/><W2/><G2/><T95/><AGARI ba="1,1" hai="19,23,25,40,43,45,50,53,61,64,71,95,96,102" machi="95" ten="20,2700,0" yaku="1,1,0,1,7,1,53,0" doraHai="69" doraHaiUra="129" who="0" fromWho="0" sc="313,40,152,-8,122,-8,403,-14" /><INIT seed="4,0,0,2,1,26" ten="353,144,114,389" oya="0" hai0="73,59,2,123,126,69,96,120,49,39,63,56,129" hai1="50,29,115,12,127,15,0,83,20,109,119,17,37" hai2="5,36,71,46,77,118,45,90,60,18,58,95,110" hai3="104,43,32,1,86,122,28,30,105,48,112,132,135"/><T130/><D73/><U7/><E37/><V6/><F110/><W40/><G1/><T80/><D2/><U124/><E50/><V79/><F71/><W87/><G112/><T74/><D39/><U3/><E83/><V78/><F118/><W85/><G122/><T88/><D74/><U24/><E119/><V111/><F111/><W125/><G125/><N who="1" m="48202" /><E109/><V51/><F18/><W98/><G48/><T131/><D126/><U116/><E116/><V22/><F22/><W35/><G86/><N who="0" m="50247" /><D96/><AGARI ba="0,0" hai="28,30,32,35,40,43,85,87,96,98,104,105,132,135" machi="96" ten="25,6400,0" yaku="22,2,52,2" doraHai="26" who="3" fromWho="0" sc="353,-64,144,0,114,0,389,64" /><INIT seed="5,0,0,2,4,90" ten="289,144,114,453" oya="1" hai0="9,27,15,72,60,84,91,29,87,57,45,56,106" hai1="71,22,0,26,35,11,65,55,76,133,117,102,10" hai2="66,132,4,50,39,104,107,103,82,126,68,125,21" hai3="19,47,24,93,33,69,46,49,34,96,108,38,97"/><U86/><E117/><V12/><F39/><W70/><G108/><T110/><D110/><U52/><E133/><V73/><F68/><W135/><G135/><T6/><D72/><U16/><E102/><V118/><F66/><W74/><G74/><T37/><D106/><U44/><E44/><V81/><F132/><W51/><G38/><T128/><D128/><U120/><E120/><V79/><F118/><W41/><G19/><T14/><D37/><U3/><E3/><V32/><F32/><W122/><G122/><T30/><D30/><U134/><E134/><V7/><F50/><W40/><G93/><T17/><D45/><U112/><E112/><V89/><F21/><W42/><G42/><T2/><D87/><U131/><E131/><V62/><F62/><W64/><G24/><T67/><D56/><U101/><E101/><V115/><F115/><W20/><G20/><T48/><D48/><U127/><E127/><V111/><F111/><W36/><G36/><T59/><D59/><U95/><E35/><V63/><F63/><W113/><G113/><T1/><D14/><U78/><E65/><AGARI ba="0,0" hai="33,34,40,41,46,47,49,51,64,65,69,70,96,97" machi="65" ten="25,1600,0" yaku="22,2" doraHai="90" who="3" fromWho="1" sc="289,0,144,-16,114,0,453,16" /><INIT seed="6,0,0,2,3,118" ten="289,128,114,469" oya="2" hai0="100,134,104,22,112,37,15,16,130,23,105,106,67" hai1="77,62,71,20,95,129,87,38,82,127,110,68,113" hai2="119,76,26,13,49,21,122,98,28,32,3,114,132" hai3="69,121,128,74,55,48,85,30,97,120,42,63,93"/><V40/><F119/><W75/><G30/><T58/><D37/><U102/><E110/><V44/><F3/><W54/><G85/><T101/><D112/><U116/><E116/><V96/><F114/><W135/><G42/><T83/><D130/><U17/><E38/><V126/><F132/><W117/><G117/><T86/><D134/><U89/><E113/><V11/><F32/><W94/><G135/><T64/><D58/><U36/><E36/><V7/><F126/><W133/><G133/><T35/><D35/><U107/><E62/><V8/><F122/><W51/><G97/><T19/><D101/><U46/><E46/><V5/><REACH who="2" step="1"/><F76/><REACH who="2" ten="289,128,104,469" step="2"/><W14/><G128/><T6/><D106/><U56/><E127/><V50/><F50/><W131/><G131/><T47/><D105/><U45/><E129/><V33/><F33/><W90/><G48/><T59/><D104/><U108/><E108/><V61/><F61/><W111/><G111/><T1/><D1/><U0/><E0/><V84/><F84/><W81/><G51/><T12/><D86/><U125/><E125/><V99/><F99/><W79/><G79/><T78/><D78/><U2/><E2/><V103/><F103/><W27/><G63/><T34/><D100/><U52/><E102/><V115/><F115/><W91/><G121/><T18/><D34/><U124/><E107/><V70/><F70/><W31/><G69/><T25/><D47/><U43/><E124/><V60/><F60/><W4/><G120/><T39/><D39/><U29/><E45/><V88/><F88/><W109/><G109/><RYUUKYOKU ba="0,1" sc="289,-10,128,-10,104,30,469,-10" hai2="5,7,8,11,13,21,26,28,40,44,49,96,98" /><INIT seed="6,1,1,5,5,104" ten="279,118,134,459" oya="2" hai0="64,73,83,1,31,94,34,81,122,36,58,100,123" hai1="48,32,55,124,126,66,130,96,16,25,5,19,67" hai2="50,11,115,22,105,6,10,4,80,44,69,30,39" hai3="125,45,76,120,17,112,118,35,21,116,117,27,78"/><V75/><F105/><W23/><G120/><T49/><D36/><U132/><E130/><V107/><F107/><W63/><G63/><T134/><D1/><U70/><E132/><V46/><F69/><W65/><G65/><N who="1" m="24586" /><E70/><V59/><F115/><W91/><G35/><T109/><D83/><U54/><E5/><V12/><F39/><W111/><G111/><T87/><D100/><U135/><E135/><V3/><F59/><W72/><G72/><T106/><D49/><U53/><E96/><V82/><F75/><W15/><G45/><T131/><D94/><U56/><E48/><V101/><F101/><W93/><G125/><N who="1" m="48234" /><E56/><V92/><F92/><W108/><G108/><T40/><D31/><AGARI ba="1,1" hai="16,19,25,31,32,53,54,55" m="48234,24586" machi="31" ten="40,2600,0" yaku="18,1,54,1" doraHai="104" who="1" fromWho="0" sc="279,-29,118,39,134,0,459,0" /><INIT seed="7,0,0,5,5,11" ten="250,157,134,459" oya="3" hai0="22,131,97,112,129,114,95,8,89,46,91,84,59" hai1="121,108,99,104,93,118,34,56,69,54,125,80,19" hai2="51,128,62,134,124,45,30,130,78,17,35,77,60" hai3="109,15,41,64,74,14,10,119,116,52,87,75,96"/><W88/><G109/><T12/><D59/><U4/><E108/><V72/><F30/><W44/><G96/><T31/><D31/><U66/><E121/><V83/><F35/><W98/><G98/><T26/><D46/><U111/><E104/><V65/><F78/><W133/><G133/><T76/><D76/><U16/><E69/><V18/><F134/><W23/><G64/><T107/><D22/><U27/><E66/><V68/><F62/><W122/><G122/><T50/><D50/><U100/><E118/><V38/><F38/><W13/><G10/><T28/><D26/><U58/><E4/><V0/><F0/><W113/><G113/><N who="0" m="43627" /><D28/><U5/><E27/><V49/><F49/><W126/><G23/><T40/><D40/><U2/><E34/><V120/><F120/><W57/><G44/><T86/><D86/><U36/><E58/><V101/><F101/><W105/><G41/><T85/><D85/><U42/><E42/><V25/><F124/><W94/><G126/><T21/><D21/><U70/><E111/><V53/><REACH who="2" step="1"/><F25/><REACH who="2" ten="250,157,124,459" step="2"/><W90/><G119/><T106/><D106/><U9/><E36/><V47/><F47/><W1/><G105/><T132/><D107/><U82/><E125/><V37/><F37/><W33/><G116/><T6/><D132/><U43/><E43/><V29/><F29/><W102/><G33/><T20/><D91/><U92/><E92/><V3/><F3/><W71/><G1/><T61/><D95/><U110/><E110/><V127/><F127/><W123/><G90/><T24/><D24/><U32/><E32/><RYUUKYOKU ba="0,1" sc="250,-10,157,-10,124,30,459,-10" hai2="17,18,45,51,53,60,65,68,72,77,83,128,130" owari="240,4.0,147,-35.3,154,-24.6,459,55.9" /></mjloggm>