<mjloggm ver="2.3"><GO type="169" lobby="0"/><UN n0="%E3%81%A9%E3%82%93%E3%81%9F%E3%82%83%E3%82%93" n1="%63%6C%75%74%63%68%37%33" n2="%E3%82%AB%E3%83%AB%E3%83%94%E3%82%B9%E3%82%B5%E3%83%AF%E3%83%BC" n3="%6B%61%74%65%72%69%6E%61" dan="16,17,17,16" rate="2163.93,2273.23,2219.79,2125.45" sx="F,M,M,M"/><TAIKYOKU oya="0"/><INIT seed="0,0,0,2,2,73" ten="250,250,250,250" oya="0" hai0="19,82,59,70,80,99,92,65,13,4,12,22,93" hai1="45,52,16,43,54,85,24,69,31,76,81,1,75" hai2="20,130,41,38,90,29,72,46,121,60,10,86,101" hai3="133,87,132,57,134,51,119,49,62,2,58,98,96"/><T114/><D70/><U23/><E69/><V102/><F121/><W14/><G2/><T3/><D3/><U104/><E104/><V131/><F72/><W129/><G119/><T18/><D4/><U39/><E1/><V71/><F10/><W127/><G129/><N who="2" m="49161" /><F29/><W103/><G127/><T34/><D34/><U53/><E75/><V120/><F20/><W111/><G111/><T100/><D114/><U56/><REACH who="1" step="1"/><E31/><REACH who="1" ten="250,240,250,250" step="2"/><V42/><F120/><W64/><G132/><T109/><D109/><U28/><E28/><V122/><F122/><W5/><G133/><T115/><D115/><U33/><E33/><V112/><F112/><W124/><G134/><T11/><REACH who="0" step="1"/><D93/><REACH who="0" ten="240,240,250,250" step="2"/><U105/><E105/><V36/><F71/><W63/><G124/><T125/><D125/><U21/><E21/><V32/><F32/><W77/><G5/><T27/><D27/><U107/><E107/><V123/><F123/><W95/><G95/><T44/><D44/><U84/><E84/><V8/><F46/><W91/><G87/><T117/><D117/><U61/><AGARI ba="0,2" hai="16,23,24,39,43,45,52,53,54,56,61,76,81,85" machi="61" ten="20,12000,2" yaku="1,1,0,1,7,1,52,1,54,2,53,0" doraHai="73" doraHaiUra="128" who="1" fromWho="1" sc="240,-60,240,140,250,-30,250,-30" /><INIT seed="1,0,0,2,3,90" ten="180,380,220,220" oya="1" hai0="28,47,83,64,110,23,2,24,32,81,104,66,89" hai1="126,121,39,132,117,22,38,74,11,124,50,72,67" hai2="99,48,114,63,59,60,112,41,95,65,15,4,96" hai3="19,69,25,94,101,87,31,115,100,9,131,118,111"/><U92/><E121/><V8/><F99/><W17/><G115/><T128/><D104/><U75/><E117/><V85/><F85/><W51/><G69/><T86/><D2/><U61/><E132/><V40/><F60/><W16/><G118/><T34/><D110/><U109/><E109/><V18/><F4/><W43/><G111/><T6/><D6/><U53/><E22/><V108/><F108/><W0/><G131/><T103/><D103/><U3/><E11/><V26/><F26/><W134/><G134/><T20/><D128/><U98/><E3/><V70/><F70/><W88/><G51/><T33/><D83/><U21/><E21/><V30/><F30/><W73/><G43/><T12/><REACH who="0" step="1"/><D47/><REACH who="0" ten="170,380,220,220" step="2"/><U84/><E126/><V71/><F114/><W68/><G0/><T129/><D129/><U80/><E124/><V135/><F112/><W56/><G9/><T13/><D13/><U58/><E80/><V42/><F135/><W36/><G100/><T107/><D107/><U82/><E82/><V5/><F5/><W55/><G101/><T130/><D130/><U1/><E1/><V54/><REACH who="2" step="1"/><F41/><REACH who="2" ten="170,380,210,220" step="2"/><W133/><G133/><T93/><D93/><U91/><REACH who="1" step="1"/><E98/><REACH who="1" ten="170,370,210,220" step="2"/><V46/><F46/><AGARI ba="0,3" hai="38,39,46,50,53,58,61,67,72,74,75,84,91,92" machi="46" ten="40,12000,1" yaku="1,1,2,1,52,1,53,1" doraHai="90" doraHaiUra="52" who="1" fromWho="2" sc="170,0,370,150,210,-120,220,0" /><INIT seed="1,1,0,3,4,122" ten="170,520,90,220" oya="1" hai0="3,25,26,47,35,72,103,70,121,135,118,0,22" hai1="68,100,134,116,80,60,38,125,31,96,113,5,127" hai2="114,33,7,89,106,66,85,93,50,123,21,4,45" hai3="71,28,48,112,94,39,44,59,19,115,15,84,6"/><U78/><E116/><V107/><F123/><W120/><G120/><T54/><D121/><U51/><E38/><V63/><F33/><W108/><G71/><T32/><D118/><U104/><E113/><V98/><F114/><W83/><G39/><T130/><D70/><U12/><E51/><V62/><F106/><W23/><G28/><T73/><D47/><U58/><E134/><V13/><F107/><W81/><G81/><T29/><D54/><U99/><E99/><V90/><F21/><W124/><G59/><T46/><D46/><U61/><E61/><V101/><F13/><W129/><G94/><T30/><D22/><U49/><E49/><V91/><F85/><W69/><G6/><T87/><D87/><U16/><E31/><V132/><F132/><W88/><G69/><T14/><D135/><U56/><E5/><V1/><F1/><W24/><G24/><T57/><D14/><U76/><E68/><V65/><F63/><W53/><G129/><T55/><D55/><U109/><E109/><V86/><F86/><W27/><G108/><T9/><D57/><U111/><E111/><V97/><F97/><W131/><G131/><T40/><D130/><U75/><E76/><V11/><F62/><W95/><G124/><N who="1" m="47690" /><E60/><V34/><F34/><W64/><G64/><N who="2" m="24681" /><F11/><AGARI ba="1,0" hai="11,12,16,56,58,75,78,80,96,100,104" m="47690" machi="11" ten="30,2900,0" yaku="18,1,54,1" doraHai="122" who="1" fromWho="2" sc="170,0,520,32,90,-32,220,0" /><INIT seed="1,2,0,4,5,90" ten="170,552,58,220" oya="1" hai0="65,53,61,113,5,29,107,78,97,24,55,31,130" hai1="105,11,133,60,1,26,38,14,86,32,134,56,20" hai2="37,117,62,59,79,9,104,128,112,57,40,99,16" hai3="69,22,33,73,111,81,43,85,0,13,25,75,122"/><U103/><E38/><V98/><F117/><W45/><G122/><T7/><D113/><U35/><E1/><V63/><F112/><W89/><G0/><T41/><D130/><U21/><E21/><V118/><F118/><W36/><G69/><T115/><D115/><U106/><E86/><V95/><F128/><W70/><G70/><T47/><D78/><U50/><E50/><V49/><F37/><W102/><G111/><T68/><D29/><U6/><E35/><V91/><F79/><W120/><G120/><T67/><D67/><U132/><E103/><V114/><F114/><W23/><G33/><N who="0" m="20711" /><D55/><N who="1" m="33823" /><E32/><V116/><F116/><W64/><G64/><T82/><D53/><U4/><E4/><V48/><F104/><W83/><G102/><N who="0" m="62927" /><D82/><U44/><E44/><N who="2" m="25607" /><F99/><W51/><G36/><AGARI ba="2,0" hai="5,7,36,41,47,61,65,68" m="62927,20711" machi="36" ten="30,1000,0" yaku="25,1" doraHai="90" who="0" fromWho="3" sc="170,16,552,0,58,0,220,-16" /><INIT seed="2,0,0,0,0,68" ten="186,552,58,204" oya="2" hai0="23,86,65,115,71,12,93,114,46,22,29,116,135" hai1="53,120,28,85,95,69,128,91,54,9,47,43,17" hai2="130,77,117,38,34,134,15,62,121,0,56,26,59" hai3="72,89,1,7,83,60,94,131,126,110,84,80,3"/><V8/><F117/><W51/><G110/><T14/><D116/><U55/><E128/><V40/><F121/><W125/><G131/><T13/><D135/><U75/><E69/><V97/><F130/><W78/><G60/><T49/><D65/><U112/><E75/><V4/><F134/><W127/><G7/><T96/><D86/><U102/><E102/><V19/><F77/><W5/><G5/><T70/><D70/><U99/><E112/><V90/><F90/><W79/><REACH who="3" step="1"/><G51/><REACH who="3" ten="186,552,58,194" step="2"/><T25/><D114/><U39/><E120/><V106/><F62/><W109/><G109/><T107/><D115/><U10/><E28/><V129/><F129/><W44/><G44/><T35/><D46/><U6/><E17/><V16/><F19/><W105/><G105/><T58/><D107/><U30/><E30/><N who="2" m="19799" /><F106/><W11/><G11/><T2/><D29/><U92/><E6/><V123/><F123/><W74/><AGARI ba="0,1" hai="1,3,72,74,78,79,80,83,84,89,94,125,126,127" machi="74" ten="30,12000,2" yaku="1,1,0,1,9,1,18,1,53,2" doraHai="68" doraHaiUra="32" who="3" fromWho="3" sc="186,-30,552,-30,58,-60,194,130" owari="156,-24.4,522,62.2,-2,-50.2,324,12.4" /></mjloggm>