<mjloggm ver="2.3"><GO type="169" lobby="0"/><UN n0="%E3%81%A6%E3%81%BE%E3%81%A1" n1="%E4%BF%9D%E8%82%B2%E5%A3%AB" n2="%E9%95%B7%E5%B1%B1%E5%A4%A7%E6%A8%B9" n3="%E5%B0%8F%E4%B8%89%E5%85%83%E5%8D%97%E5%8D%98%E9%A8%8E" dan="17,16,17,16" rate="2137.09,2203.43,2125.81,2112.51" sx="M,M,M,M"/><TAIKYOKU oya="0"/><INIT seed="0,0,0,2,0,31" ten="250,250,250,250" oya="0" hai0="42,32,63,130,97,131,119,85,65,98,48,92,40" hai1="78,26,110,5,70,55,90,128,11,18,14,36,45" hai2="86,103,49,94,19,37,50,0,59,67,88,99,61" hai3="51,107,89,101,116,15,10,80,115,105,28,34,121"/><T114/><D85/><U12/><E110/><V112/><F112/><W84/><G115/><T134/><D114/><U69/><E128/><N who="0" m="49193" /><D98/><U102/><E102/><V4/><F37/><W109/><G109/><T108/><D108/><U72/><E26/><V93/><F0/><W52/><G116/><T27/><D48/><U73/><E90/><V39/><F39/><W129/><G101/><T3/><D3/><U106/><E55/><V60/><F4/><W54/><G121/><T43/><D134/><U13/><E106/><V132/><F132/><W41/><G41/><T83/><D83/><U125/><E36/><V95/><F95/><W120/><G120/><T56/><D119/><U9/><E72/><V33/><F33/><W91/><G91/><N who="0" m="55455" /><D27/><U81/><E81/><V64/><REACH who="2" step="1"/><F19/><REACH who="2" ten="250,250,240,250" step="2"/><W75/><G129/><T20/><D32/><U117/><E18/><V100/><F100/><W58/><G34/><T16/><D16/><U126/><E117/><V76/><F76/><W133/><G133/><T53/><D20/><U57/><E78/><V62/><F62/><W29/><G29/><T6/><D6/><U79/><E5/><V21/><F21/><W77/><G28/><T96/><D96/><U118/><E79/><V1/><F1/><W68/><G77/><T104/><D104/><U7/><E118/><V35/><F35/><W38/><G38/><T113/><D113/><U124/><E7/><V135/><F135/><W44/><G107/><T17/><D17/><U8/><E8/><V24/><F24/><W87/><G105/><T22/><D22/><U66/><E9/><RYUUKYOKU ba="0,1" sc="250,15,250,-15,240,15,250,-15" hai0="40,42,43,53,56,63,65" hai2="49,50,59,60,61,64,67,86,88,93,94,99,103" /><INIT seed="0,1,1,2,0,50" ten="265,235,255,235" oya="0" hai0="5,9,120,59,29,30,58,91,78,18,27,132,97" hai1="33,11,19,0,67,22,84,28,121,16,131,73,123" hai2="101,31,47,15,77,45,44,94,3,17,39,69,99" hai3="135,68,10,115,12,79,125,42,88,1,13,41,14"/><T105/><D120/><U130/><E73/><V65/><F3/><W62/><G115/><T109/><D78/><U110/><E67/><V24/><F77/><W112/><G112/><T20/><D105/><U2/><E84/><V46/><F69/><W85/><G135/><T35/><D132/><U102/><E102/><V128/><F128/><N who="1" m="49193" /><E110/><V89/><F65/><W56/><G68/><T96/><D30/><U55/><E55/><V82/><F39/><W92/><G125/><T61/><D59/><U95/><E95/><V117/><F117/><W81/><G1/><N who="1" m="618" /><E11/><V106/><F82/><W129/><G10/><T40/><D40/><U103/><E103/><V133/><F133/><W6/><G6/><T53/><D91/><U57/><E57/><V118/><F118/><W122/><G122/><N who="1" m="46602" /><E33/><V66/><F66/><W25/><G129/><T32/><D109/><U126/><E126/><V51/><F106/><W7/><G85/><T87/><D87/><U116/><E116/><V49/><N who="2" m="11264" /><DORA hai="113" /><V36/><F89/><W26/><G88/><T76/><D35/><U63/><E63/><V86/><F36/><W21/><G92/><T64/><D64/><U119/><E119/><V37/><F37/><W134/><G134/><T52/><D76/><U74/><E74/><V90/><F90/><W23/><G79/><T75/><D75/><U34/><E34/><N who="2" m="20839" /><F86/><W127/><G127/><T70/><D70/><U43/><E43/><V104/><F94/><W100/><G42/><T54/><D97/><U60/><E60/><V124/><F124/><W48/><G41/><T71/><D96/><RYUUKYOKU ba="1,1" sc="265,-15,235,15,255,15,235,-15" hai1="16,19,22,28" hai2="15,17,49,51,99,101,104" /><INIT seed="1,2,1,5,3,124" ten="250,250,270,220" oya="1" hai0="75,64,116,24,86,130,34,66,21,113,89,91,19" hai1="39,32,129,128,101,93,92,8,37,48,11,108,36" hai2="127,84,20,5,111,119,67,100,122,52,7,71,102" hai3="90,83,61,4,77,14,42,107,18,60,87,56,117"/><U55/><E32/><V109/><F119/><W97/><G117/><T54/><D113/><U112/><E112/><V135/><F122/><W43/><G4/><T125/><D75/><U58/><E108/><N who="2" m="41547" /><F127/><W15/><G15/><T104/><D104/><U31/><E31/><V106/><F135/><W120/><G120/><T27/><D116/><U35/><E35/><V121/><F121/><W17/><G17/><T74/><D74/><U69/><E69/><V41/><F41/><W76/><G61/><T45/><D91/><U29/><E29/><V65/><F84/><W12/><G12/><T6/><D34/><U88/><E101/><V85/><F85/><W16/><G18/><T134/><D6/><U33/><E33/><V2/><F5/><W26/><G26/><T68/><D68/><U103/><E103/><V126/><F126/><W82/><G107/><T23/><D19/><U99/><REACH who="1" step="1"/><E93/><REACH who="1" ten="250,240,270,220" step="2"/><V80/><F102/><W95/><G82/><T98/><D125/><U72/><E72/><V110/><F80/><W40/><G77/><T73/><D73/><U1/><E1/><V70/><F100/><W50/><G76/><T118/><D118/><U13/><E13/><V10/><F106/><W57/><G83/><T9/><D134/><U53/><E53/><V25/><F52/><N who="3" m="31767" /><G14/><T81/><D81/><U78/><E78/><V49/><F110/><W38/><G95/><T51/><D54/><U30/><E30/><N who="2" m="17703" /><F71/><W115/><G115/><T0/><D0/><U28/><E28/><V3/><F70/><W59/><G42/><T96/><D89/><U79/><E79/><RYUUKYOKU ba="2,2" sc="250,-10,240,30,270,-10,220,-10" hai1="8,11,36,37,39,48,55,58,88,92,99,128,129" /><INIT seed="1,3,2,4,1,83" ten="240,270,260,210" oya="1" hai0="13,86,62,36,10,105,56,41,88,71,8,113,98" hai1="43,94,91,75,85,46,0,61,30,58,59,89,87" hai2="133,25,76,31,107,17,102,67,112,130,32,126,38" hai3="24,52,115,29,116,6,121,99,22,2,23,5,47"/><U77/><E0/><V65/><F38/><W103/><G121/><T82/><D113/><U119/><E119/><V64/><F112/><W118/><G115/><T74/><D71/><U15/><E75/><V114/><F114/><W49/><G23/><T54/><D74/><U1/><E1/><V81/><F133/><W129/><G129/><T111/><D111/><U125/><E77/><V135/><F135/><W93/><REACH who="3" step="1"/><G2/><REACH who="3" ten="240,270,260,200" step="2"/><T124/><D124/><U106/><E125/><V101/><F130/><W120/><G120/><T70/><D70/><U108/><E108/><V122/><F122/><W39/><G39/><T40/><D36/><U42/><E106/><V21/><F126/><W14/><G14/><T50/><D105/><U9/><E30/><V44/><F107/><W27/><G27/><T80/><D98/><U95/><E46/><V132/><F132/><W110/><G110/><T55/><D80/><U96/><E96/><V134/><F44/><W131/><G131/><T78/><D78/><U20/><E20/><V3/><F3/><W60/><G60/><T35/><D35/><U84/><E84/><V109/><F109/><W12/><G12/><T66/><D13/><U123/><E123/><V90/><F134/><W63/><G63/><T18/><D62/><U16/><REACH who="1" step="1"/><E58/><REACH who="1" ten="240,260,260,200" step="2"/><V104/><F104/><W92/><G92/><T73/><D56/><U100/><E100/><V11/><F102/><W79/><G79/><T127/><D127/><U7/><E7/><AGARI ba="3,4" hai="5,6,7,22,24,29,47,49,52,93,99,103,116,118" machi="7" ten="40,2600,0" yaku="1,1,54,1,53,0" doraHai="83" doraHaiUra="37" who="3" fromWho="1" sc="240,0,260,-35,260,0,200,75" /><INIT seed="2,0,0,0,1,110" ten="240,225,260,275" oya="2" hai0="8,69,111,90,11,56,3,130,29,115,2,88,126" hai1="74,118,31,77,94,9,37,107,80,57,65,76,20" hai2="52,16,125,129,99,96,54,14,0,26,98,41,36" hai3="4,28,48,93,103,113,87,116,44,101,58,15,134"/><V78/><F0/><W71/><G116/><T46/><D69/><U66/><E118/><V34/><F129/><W82/><G71/><T114/><D111/><U86/><E37/><V73/><F125/><W105/><G105/><T17/><D130/><U59/><E107/><V100/><F100/><W10/><G134/><T13/><D56/><N who="1" m="21579" /><E74/><V79/><F36/><W124/><G124/><T6/><D46/><U109/><E109/><V25/><F41/><W1/><G28/><T84/><D126/><U39/><E39/><V5/><F5/><W131/><G131/><T50/><D2/><U42/><E42/><V51/><F34/><W119/><G119/><T128/><D128/><U85/><E9/><N who="2" m="6223" /><F73/><W21/><G58/><T55/><D29/><U63/><E63/><V32/><F32/><W61/><G61/><T19/><D19/><U22/><E31/><V68/><F68/><W18/><G93/><T7/><D17/><U43/><E43/><V27/><F51/><W62/><G62/><T67/><D67/><N who="1" m="25611" /><E94/><V33/><F33/><W120/><G48/><T81/><D90/><U132/><E132/><V53/><AGARI ba="0,0" hai="25,26,27,52,53,54,78,79,96,98,99" m="6223" machi="53" ten="40,12000,1" yaku="29,2,8,1,54,2" doraHai="110" who="2" fromWho="2" sc="240,-40,225,-40,260,120,275,-40" /><INIT seed="2,1,0,0,3,112" ten="200,185,380,235" oya="2" hai0="71,39,84,42,96,86,105,65,97,129,104,66,10" hai1="50,95,60,49,45,64,81,58,70,91,53,44,31" hai2="69,30,22,48,128,27,33,51,100,124,87,107,17" hai3="89,28,94,4,113,13,77,73,14,110,29,54,134"/><V8/><F128/><W1/><G113/><T72/><D42/><U118/><E31/><V40/><F124/><W46/><G110/><T108/><D39/><U63/><E81/><V41/><F69/><W133/><G1/><T21/><D71/><U23/><E23/><V119/><F119/><W18/><G4/><T25/><D10/><U116/><E95/><V85/><F100/><W2/><G2/><T79/><D25/><U117/><E91/><V103/><F103/><W35/><G73/><T125/><D21/><U20/><E20/><V61/><F61/><W62/><G77/><T37/><D37/><U101/><E101/><V131/><F107/><N who="0" m="41034" /><D65/><U83/><E83/><V47/><F131/><W99/><G14/><T55/><D55/><U115/><E115/><V3/><F51/><AGARI ba="1,0" hai="44,45,49,50,51,53,58,60,63,64,70,116,117,118" machi="51" ten="40,12000,2" yaku="34,3,52,3" doraHai="112" who="1" fromWho="2" sc="200,0,185,123,380,-123,235,0" /><INIT seed="3,0,0,3,1,3" ten="200,308,257,235" oya="3" hai0="127,103,112,94,47,44,66,80,52,43,84,25,21" hai1="90,88,61,50,26,8,30,125,23,58,114,135,104" hai2="18,74,124,49,133,131,108,12,71,11,117,59,123" hai3="48,46,134,54,96,53,100,9,16,73,41,70,51"/><W28/><G134/><T118/><D118/><U107/><E114/><V81/><F117/><W14/><G73/><T92/><D127/><U45/><E135/><V57/><F71/><W42/><G70/><T105/><D112/><U99/><E125/><V69/><F69/><W87/><G28/><T31/><D66/><U24/><E8/><V85/><F133/><W19/><G19/><T15/><D105/><U22/><E99/><V38/><F38/><W7/><G7/><T13/><D44/><U86/><E107/><V109/><F131/><W98/><G87/><T97/><D94/><U20/><E104/><V75/><F124/><W130/><G130/><T60/><D60/><U106/><E106/><V78/><F123/><W116/><G116/><T62/><D62/><U72/><E72/><N who="2" m="27691" /><F49/><W67/><G67/><T115/><D115/><U40/><E30/><V79/><F79/><W29/><G29/><T91/><REACH who="0" step="1"/><D52/><REACH who="0" ten="190,308,257,235" step="2"/><N who="1" m="33991" /><E90/><V113/><F113/><W119/><G119/><T2/><D2/><U1/><E1/><V37/><F37/><AGARI ba="0,1" hai="13,15,21,25,31,37,43,47,80,84,91,92,97,103" machi="37" ten="30,2000,0" yaku="1,1,7,1,53,0" doraHai="3" doraHaiUra="129" who="0" fromWho="2" sc="190,30,308,0,257,-20,235,0" /><INIT seed="4,0,0,2,4,59" ten="220,308,237,235" oya="0" hai0="102,108,106,78,84,87,32,56,27,34,42,100,35" hai1="115,117,118,110,9,93,125,126,92,86,31,58,54" hai2="26,127,12,61,120,50,17,97,20,112,41,39,129" hai3="47,65,95,13,76,105,133,40,77,49,3,21,19"/><T64/><D108/><U111/><E31/><V109/><F109/><N who="1" m="41481" /><E9/><V72/><F120/><W60/><G133/><T131/><D131/><U124/><E86/><V98/><F72/><W4/><G105/><T91/><D42/><U79/><E79/><V5/><F129/><W107/><G107/><T46/><D46/><U82/><E82/><V43/><F112/><W62/><G3/><T89/><D78/><N who="3" m="30313" /><G65/><T44/><D44/><U69/><E69/><V74/><F39/><W122/><G122/><T85/><D27/><U52/><E115/><V37/><F37/><W8/><G95/><N who="1" m="36426" /><E58/><V14/><F74/><W113/><G113/><T11/><D11/><U57/><E54/><V36/><F36/><W25/><AGARI ba="0,0" hai="4,8,13,19,21,25,40,47,49,60,62" m="30313" machi="25" ten="30,4000,0" yaku="8,1,52,2" doraHai="59" who="3" fromWho="3" sc="220,-20,308,-10,237,-10,235,40" /><INIT seed="5,0,0,0,1,109" ten="200,298,227,275" oya="1" hai0="124,26,111,9,71,85,117,133,112,114,127,130,18" hai1="58,29,31,55,106,121,5,134,98,23,42,126,41" hai2="35,83,47,15,84,3,100,6,1,27,102,105,36" hai3="132,51,88,103,115,54,59,17,110,77,48,113,10"/><U61/><E121/><V30/><F15/><N who="3" m="7415" /><G110/><T92/><D111/><U79/><E134/><V62/><F62/><N who="3" m="36215" /><G132/><T80/><D117/><U12/><E126/><N who="0" m="48169" /><D133/><U24/><E79/><V104/><F102/><W38/><G38/><T73/><D130/><U86/><E86/><V21/><F35/><W75/><G103/><T128/><D128/><U69/><E69/><V90/><F6/><W82/><G88/><N who="0" m="53263" /><D71/><U118/><E118/><V49/><F36/><W74/><G75/><T14/><D26/><N who="1" m="16607" /><E98/><V46/><F46/><W44/><G44/><T116/><D116/><U50/><E106/><V56/><F56/><W120/><G120/><T28/><D28/><U13/><E61/><V52/><REACH who="2" step="1"/><F100/><REACH who="2" ten="200,298,217,275" step="2"/><W57/><G57/><T99/><D99/><U91/><E12/><V60/><F60/><W72/><G72/><T7/><D7/><U68/><E68/><V45/><F45/><W63/><G63/><T0/><D0/><AGARI ba="0,1" hai="0,1,3,21,27,30,47,49,52,83,84,90,104,105" machi="0" ten="40,8000,1" yaku="1,1,54,1,53,2" doraHai="109" doraHaiUra="101" who="2" fromWho="0" sc="200,-80,298,0,217,90,275,0" /><INIT seed="6,0,0,0,0,16" ten="120,298,307,275" oya="2" hai0="5,29,55,44,130,61,120,63,84,102,112,2,1" hai1="97,49,114,101,25,116,98,71,106,45,108,41,86" hai2="59,132,21,123,85,34,24,62,99,110,88,50,26" hai3="82,127,133,22,103,37,36,115,51,111,40,83,57"/><V0/><F123/><W79/><G111/><T72/><D72/><U105/><E108/><V15/><F110/><W76/><G133/><T17/><D120/><U94/><E116/><V107/><F0/><W100/><G127/><T73/><D73/><U66/><E114/><V70/><F132/><W69/><G69/><T78/><D112/><U27/><E86/><V20/><F70/><W77/><G115/><T13/><D130/><U14/><E14/><V122/><F34/><W12/><G37/><T38/><D29/><U68/><E106/><V119/><F15/><W121/><G36/><T124/><D102/><N who="3" m="38953" /><G121/><T67/><D124/><U109/><E109/><V35/><F35/><W3/><G3/><T58/><D5/><U87/><E98/><V47/><F99/><W131/><G131/><T43/><D84/><U53/><E71/><V117/><F107/><W64/><G40/><T128/><D78/><U33/><E33/><V10/><F10/><W80/><G51/><T56/><REACH who="0" step="1"/><D128/><REACH who="0" ten="110,298,307,275" step="2"/><U39/><E87/><V7/><F7/><W19/><G79/><T11/><AGARI ba="0,1" hai="1,2,11,13,17,38,43,44,55,56,58,61,63,67" machi="11" ten="20,5200,0" yaku="1,1,2,1,0,1,7,1,53,0" doraHai="16" doraHaiUra="126" who="0" fromWho="0" sc="110,62,298,-13,307,-26,275,-13" /><INIT seed="7,0,0,0,4,38" ten="172,285,281,262" oya="3" hai0="49,77,15,126,117,85,84,91,12,72,93,122,46" hai1="65,19,76,45,69,75,24,26,114,112,54,96,111" hai2="98,51,110,59,7,18,63,16,119,109,118,130,52" hai3="23,123,32,60,43,37,95,88,11,4,89,79,64"/><W13/><G32/><T10/><D126/><U9/><E111/><N who="2" m="42507" /><F98/><W94/><G123/><T66/><D117/><N who="2" m="44554" /><F7/><W36/><G79/><T106/><D122/><U55/><E96/><V48/><F16/><W67/><G23/><T100/><D66/><U86/><E75/><V81/><F18/><W124/><G124/><T128/><D128/><U1/><E65/><N who="2" m="39167" /><F81/><W39/><G43/><T58/><D58/><U101/><E101/><V105/><F105/><W56/><REACH who="3" step="1"/><G67/><REACH who="3" ten="172,285,281,252" step="2"/><T74/><D77/><U42/><E42/><V131/><F48/><W129/><G129/><T116/><D116/><U103/><E76/><V22/><F22/><W20/><G20/><T14/><D74/><U99/><E114/><V73/><F73/><W44/><G44/><AGARI ba="0,1" hai="44,51,52,130,131" m="39167,44554,42507" machi="44" ten="30,3900,0" yaku="34,2,54,1" doraHai="38" who="2" fromWho="3" sc="172,0,285,0,281,49,252,-39" owari="172,-32.8,285,8.5,330,43.0,213,-18.7" /></mjloggm>