<mjloggm ver="2.3"><GO type="169" lobby="0"/><UN n0="%42%65%6E%63%68%69%6E%67" n1="%63%68%78%63%63" n2="%E3%82%AB%E3%83%A9%E6%9D%BE" n3="%E3%82%86%E3%81%86%E3%82%86%E3%81%8D" dan="16,17,17,16" rate="2110.58,2136.12,2179.52,2203.64" sx="M,M,M,M"/><TAIKYOKU oya="0"/><INIT seed="0,0,0,1,3,34" ten="250,250,250,250" oya="0" hai0="67,36,49,121,109,133,65,118,46,110,25,24,100" hai1="124,126,107,115,22,81,57,70,129,48,20,72,47" hai2="63,89,40,128,103,13,80,134,95,117,59,37,62" hai3="43,61,7,17,116,88,15,106,77,33,122,29,76"/><T38/><D100/><U132/><E107/><V131/><F134/><W42/><G116/><T102/><D102/><U9/><E70/><V98/><F117/><W23/><G106/><T84/><D118/><U54/><E115/><V50/><F37/><N who="0" m="14442" /><D84/><U71/><E71/><V64/><F62/><W75/><G122/><T56/><D24/><U114/><E114/><V39/><F39/><W87/><G75/><T78/><D25/><U82/><E129/><V45/><F13/><W26/><G61/><T31/><D78/><U60/><E132/><V111/><F111/><N who="0" m="42506" /><D31/><U3/><E22/><V32/><F32/><W14/><G77/><T2/><D2/><U127/><E20/><V112/><F112/><W130/><G76/><T96/><D96/><U74/><E72/><V85/><AGARI ba="0,0" hai="40,45,50,59,63,64,80,85,89,95,98,103,128,131" machi="85" ten="30,1100,0" yaku="0,1" doraHai="34" who="2" fromWho="2" sc="250,-5,250,-3,250,11,250,-3" /><INIT seed="1,0,0,3,2,62" ten="245,247,261,247" oya="1" hai0="81,115,31,103,89,66,14,48,102,83,98,118,110" hai1="32,87,57,123,45,92,38,133,30,43,112,105,54" hai2="116,97,84,100,78,47,42,50,120,55,63,56,77" hai3="90,93,52,108,40,5,124,96,113,13,127,86,44"/><U12/><E105/><V4/><F120/><W34/><G108/><T61/><D115/><U68/><E112/><V121/><F116/><W39/><G34/><T69/><D110/><U28/><E68/><V126/><F121/><W41/><G113/><T59/><D118/><U72/><E123/><V8/><F126/><W122/><G122/><T106/><D103/><U15/><E72/><V73/><F73/><W114/><G114/><T95/><D31/><U58/><E133/><V1/><REACH who="2" step="1"/><F84/><REACH who="2" ten="245,247,251,247" step="2"/><W70/><G86/><T104/><D104/><AGARI ba="0,1" hai="1,4,8,42,47,50,55,56,63,77,78,97,100,104" machi="104" ten="30,3900,0" yaku="1,1,2,1,7,1,53,0" doraHai="62" doraHaiUra="76" who="2" fromWho="0" sc="245,-39,247,0,251,49,247,0" /><INIT seed="2,0,0,2,0,127" ten="206,247,300,247" oya="2" hai0="38,94,97,0,53,70,29,83,64,68,90,10,123" hai1="6,106,122,134,46,118,52,89,17,14,82,75,107" hai2="99,121,115,7,88,32,101,103,112,105,79,51,109" hai3="42,63,43,125,128,124,65,16,114,96,92,33,69"/><V4/><F32/><W9/><G33/><T61/><D123/><U21/><E118/><V131/><F121/><W76/><G114/><T104/><D38/><U39/><E122/><V8/><F7/><W37/><G76/><T47/><D104/><U135/><E6/><V80/><F101/><W40/><G37/><T25/><D83/><U56/><E46/><V81/><F109/><W113/><G113/><T12/><D0/><U44/><E44/><V84/><F51/><W26/><G128/><T62/><D47/><U72/><E39/><V59/><F59/><W35/><G35/><T74/><D74/><U58/><E58/><V31/><F31/><W34/><G34/><T100/><D90/><U13/><E13/><V15/><REACH who="2" step="1"/><F131/><REACH who="2" ten="206,247,290,247" step="2"/><W22/><REACH who="3" step="1"/><G9/><REACH who="3" ten="206,247,290,237" step="2"/><T111/><D111/><U102/><E134/><V71/><F71/><W3/><G3/><T91/><D68/><U133/><E135/><V119/><F119/><W55/><G55/><T24/><D53/><U1/><E133/><V30/><F30/><W27/><G27/><T98/><D29/><U87/><E1/><V11/><F11/><W132/><G132/><T5/><D61/><U86/><E52/><V48/><F48/><W45/><G45/><T117/><D117/><U129/><E129/><V116/><F116/><W49/><G49/><T23/><D23/><U54/><E54/><V120/><F120/><W85/><G85/><AGARI ba="0,2" hai="4,8,15,79,80,81,84,85,88,99,103,105,112,115" machi="85" ten="30,11600,0" yaku="1,1,7,1,54,1,53,1" doraHai="127" doraHaiUra="93" who="2" fromWho="3" sc="206,0,247,0,290,136,237,-116" /><INIT seed="2,1,0,3,2,135" ten="206,247,426,121" oya="2" hai0="109,64,27,128,62,50,74,41,28,82,105,114,59" hai1="78,5,19,69,76,12,112,91,65,24,6,119,98" hai2="131,46,8,47,0,130,85,100,43,133,15,48,108" hai3="75,25,94,116,57,34,90,58,93,123,121,95,86"/><V35/><F0/><W103/><G75/><T44/><D109/><U30/><E112/><V110/><F133/><W67/><G116/><T23/><D128/><N who="2" m="49194" /><F35/><W21/><G34/><T29/><D114/><U101/><E119/><V53/><F100/><W60/><G58/><T1/><D105/><U26/><E91/><V56/><F85/><W13/><G13/><T45/><D1/><U71/><E26/><V79/><F79/><W36/><G36/><T52/><D74/><U83/><E76/><V66/><F8/><W99/><REACH who="3" step="1"/><G95/><REACH who="3" ten="206,247,426,111" step="2"/><T3/><D3/><U4/><E71/><V9/><F46/><W38/><G38/><T32/><D32/><U40/><E69/><V63/><F66/><W77/><G77/><T16/><REACH who="0" step="1"/><D82/><REACH who="0" ten="196,247,426,111" step="2"/><U117/><E83/><V88/><F108/><W18/><AGARI ba="1,2" hai="18,21,25,57,60,67,86,90,93,94,99,103,121,123" machi="18" ten="20,2700,0" yaku="1,1,0,1,7,1,53,0" doraHai="135" doraHaiUra="104" who="3" fromWho="3" sc="196,-8,247,-8,426,-14,111,50" /><INIT seed="3,0,0,4,5,31" ten="188,239,412,161" oya="3" hai0="53,134,3,35,12,0,9,87,38,28,106,112,22" hai1="26,66,103,25,88,120,129,51,126,29,109,68,97" hai2="92,44,16,114,47,37,1,110,40,99,34,58,64" hai3="102,45,105,132,131,2,50,100,115,10,14,75,78"/><W86/><G115/><T95/><D106/><U5/><E109/><V8/><F34/><W43/><G2/><T117/><D38/><U13/><E120/><V93/><F110/><W104/><G75/><T15/><D117/><U33/><E129/><V30/><F114/><W101/><G131/><T80/><D134/><U42/><E126/><V61/><F30/><W17/><REACH who="3" step="1"/><G132/><REACH who="3" ten="188,239,412,151" step="2"/><T7/><D0/><U41/><E68/><V19/><F1/><W71/><G71/><T96/><D112/><U111/><E111/><V36/><F8/><W11/><G11/><T6/><D3/><U90/><E42/><V127/><F127/><W70/><G70/><T54/><D6/><U27/><E5/><V130/><F130/><W116/><G116/><T62/><D7/><U125/><E125/><V79/><F40/><W81/><AGARI ba="0,1" hai="10,14,17,43,45,50,78,81,86,100,101,102,104,105" machi="81" ten="30,6000,0" yaku="1,1,0,1,53,1" doraHai="31" doraHaiUra="83" who="3" fromWho="3" sc="188,-20,239,-20,412,-20,151,70" /><INIT seed="3,1,0,4,1,99" ten="168,219,392,221" oya="3" hai0="108,79,43,105,58,47,52,20,40,54,60,21,39" hai1="3,48,57,30,8,132,127,55,9,113,22,25,49" hai2="82,44,106,111,97,130,4,131,70,122,118,128,94" hai3="115,89,76,104,114,29,87,6,117,73,102,41,98"/><W93/><G29/><T80/><D108/><U85/><E113/><N who="3" m="43018" /><G6/><T23/><D105/><U133/><E127/><V65/><F111/><W86/><G41/><T134/><D134/><N who="1" m="51819" /><E3/><V112/><F112/><W71/><G71/><T62/><D40/><U75/><E75/><V95/><F4/><W77/><G117/><T45/><D45/><U61/><E85/><N who="3" m="32266" /><G73/><T92/><D92/><U72/><E72/><V66/><F118/><W0/><G0/><T74/><REACH who="0" step="1"/><D60/><REACH who="0" ten="158,219,392,221" step="2"/><U50/><AGARI ba="1,1" hai="8,9,22,25,30,48,49,50,55,57,61" m="51819" machi="50" ten="30,1100,0" yaku="20,1" doraHai="99" who="1" fromWho="1" sc="158,-4,219,24,392,-4,221,-6" /><INIT seed="4,0,0,2,1,27" ten="154,243,388,215" oya="0" hai0="117,127,114,36,79,17,95,80,74,12,26,38,33" hai1="39,126,72,54,45,15,43,46,56,124,58,11,60" hai2="34,19,57,64,128,2,65,89,112,86,70,101,99" hai3="66,102,52,123,135,106,75,37,23,94,50,3,82"/><T14/><D117/><U81/><E81/><V18/><F2/><W28/><G37/><T10/><D127/><N who="1" m="48683" /><E72/><V20/><F34/><W63/><G3/><T110/><D110/><U121/><E11/><V41/><F70/><W85/><G135/><T53/><D114/><U24/><E15/><V76/><F76/><W68/><G123/><T69/><D69/><U93/><E93/><V100/><F112/><W96/><G75/><T25/><D14/><U118/><E24/><V84/><F128/><W130/><G130/><T119/><D119/><U107/><E107/><V105/><F41/><W67/><G67/><T55/><D95/><U98/><E98/><V0/><F0/><W90/><G23/><T13/><D13/><U32/><E32/><V104/><F57/><W129/><G129/><T103/><D103/><U77/><E77/><V88/><F20/><W40/><G40/><T22/><D26/><U8/><E8/><V49/><F49/><W83/><REACH who="3" step="1"/><G28/><REACH who="3" ten="154,243,388,205" step="2"/><T44/><D33/><U132/><E121/><V108/><REACH who="2" step="1"/><F99/><REACH who="2" ten="154,243,378,205" step="2"/><W1/><G1/><T9/><D9/><U47/><E132/><V87/><F87/><W16/><G16/><T116/><D116/><U73/><E118/><V92/><F92/><W131/><G131/><T35/><D35/><U62/><E73/><V111/><AGARI ba="0,2" hai="18,19,64,65,84,86,88,89,100,101,104,105,108,111" machi="111" ten="25,12000,2" yaku="1,1,0,1,22,2,54,1,53,2" doraHai="27" doraHaiUra="122" who="2" fromWho="2" sc="154,-60,243,-30,378,140,205,-30" /><INIT seed="5,0,0,4,1,35" ten="94,213,518,175" oya="1" hai0="62,133,124,86,77,68,129,19,30,18,109,37,96" hai1="79,22,65,48,33,9,29,115,102,56,131,74,46" hai2="20,112,64,101,127,85,72,78,5,11,7,117,69" hai3="106,25,47,40,52,16,111,50,91,114,116,49,88"/><U17/><E115/><V84/><F117/><W105/><G111/><T23/><D109/><U100/><E131/><V54/><F112/><W0/><G0/><T103/><D129/><U55/><E29/><V12/><F127/><W123/><G123/><T51/><D37/><U90/><E33/><V110/><F110/><W107/><G114/><T6/><D133/><U71/><E71/><V135/><F135/><W15/><G25/><T76/><D124/><U1/><E79/><V92/><F7/><W113/><G116/><T36/><D36/><U81/><E74/><V67/><F72/><W31/><G31/><T94/><D6/><U63/><E81/><V57/><F69/><W89/><G113/><T130/><D130/><U98/><E90/><N who="2" m="53319" /><F20/><W2/><G2/><T24/><D68/><U128/><E128/><V80/><F101/><W21/><REACH who="3" step="1"/><G50/><AGARI ba="0,0" hai="5,11,12,50,54,57,64,67,78,80,85" m="53319" machi="50" ten="30,1000,0" yaku="8,1" doraHai="35" who="2" fromWho="3" sc="94,0,213,0,518,10,175,-10" /><INIT seed="6,0,0,2,0,128" ten="94,213,528,165" oya="2" hai0="84,131,50,32,122,129,64,74,108,85,7,107,38" hai1="41,17,103,71,12,44,25,52,1,96,94,116,135" hai2="130,36,99,42,51,63,56,13,100,102,35,95,65" hai3="45,24,60,40,78,75,98,15,31,46,23,4,90"/><V18/><F35/><W59/><G75/><T112/><D38/><U73/><E116/><V6/><F130/><N who="0" m="49674" /><D32/><U76/><E1/><V61/><F36/><W88/><G78/><T8/><D64/><U119/><E71/><V109/><F109/><W77/><G77/><T14/><D50/><U30/><E119/><V132/><F6/><W92/><G90/><T121/><D14/><U37/><E135/><V2/><F2/><W126/><G126/><T82/><D8/><U19/><E12/><V120/><F132/><W9/><REACH who="3" step="1"/><G40/><REACH who="3" ten="94,213,528,155" step="2"/><T54/><D108/><U124/><E76/><V81/><F42/><W47/><G47/><T21/><D74/><U114/><E73/><V43/><F43/><W0/><G0/><T106/><D54/><AGARI ba="0,1" hai="4,9,15,23,24,31,45,46,54,59,60,88,92,98" machi="54" ten="30,7700,0" yaku="1,1,7,1,8,1,54,1,53,0" doraHai="128" doraHaiUra="133" who="3" fromWho="0" sc="94,-77,213,0,528,0,155,87" /><INIT seed="7,0,0,5,1,0" ten="17,213,528,242" oya="3" hai0="61,20,133,81,58,42,43,40,29,37,67,9,122" hai1="114,47,31,77,50,92,34,89,82,27,75,103,111" hai2="74,44,134,11,127,13,68,18,19,110,121,17,97" hai3="96,5,100,32,3,135,26,95,113,1,131,101,33"/><W91/><G113/><T73/><D122/><U45/><E114/><V14/><F68/><W49/><G131/><T88/><D133/><U79/><E111/><V30/><F74/><W99/><G135/><T22/><D73/><U128/><E128/><V63/><F121/><W55/><G26/><T98/><D81/><U72/><E103/><V7/><F110/><W125/><G125/><T104/><D104/><U59/><E59/><V24/><F127/><W132/><G91/><T21/><D37/><U124/><E124/><V93/><F44/><W86/><G86/><T108/><D108/><U4/><E4/><V94/><F134/><W102/><G102/><T117/><D117/><U23/><E34/><V71/><F71/><W25/><G25/><T65/><D29/><U52/><E47/><V70/><F70/><W109/><G109/><T15/><D65/><U36/><E36/><V130/><F130/><W80/><G80/><T46/><D46/><U48/><E48/><V16/><F63/><W53/><G132/><T2/><D2/><U57/><E45/><V6/><F97/><W84/><G84/><T107/><D107/><U12/><E12/><V116/><F116/><W8/><G3/><T119/><D119/><U41/><E41/><V60/><F60/><W85/><G85/><T66/><D66/><U78/><E72/><V126/><F126/><W51/><G51/><T56/><D56/><U87/><AGARI ba="0,0" hai="23,27,31,50,52,57,75,77,78,79,82,87,89,92" machi="87" ten="20,2700,0" yaku="0,1,7,1,54,1" doraHai="0" who="1" fromWho="1" sc="17,-7,213,27,528,-7,242,-13" owari="10,-49.0,240,4.0,521,62.1,229,-17.1" /></mjloggm>