<mjloggm ver="2.3"><GO type="169" lobby="0"/><UN n0="%E7%99%BE%E9%87%8E%E3%81%95%E3%82%93" n1="%71%75%65%79%69%6D%65%6E" n2="%72%61%69%32%31%31" n3="%6B%65%79%33" dan="17,16,16,16" rate="2189.07,2122.40,2154.16,2073.81" sx="M,M,M,M"/><TAIKYOKU oya="0"/><INIT seed="0,0,0,1,1,71" ten="250,250,250,250" oya="0" hai0="65,58,21,95,48,91,75,76,13,94,70,45,103" hai1="99,59,54,117,88,89,116,125,11,106,78,135,19" hai2="50,105,127,35,43,122,16,46,49,8,119,28,83" hai3="90,27,52,118,25,2,120,84,34,0,57,31,108"/><T104/><D70/><U9/><E125/><V124/><F122/><W80/><G118/><T79/><D104/><U102/><E135/><V81/><F105/><W111/><G120/><T74/><D103/><U134/><E134/><V110/><F110/><W82/><G27/><T7/><D75/><U69/><E69/><V97/><F119/><W33/><G33/><T72/><D72/><U39/><E39/><V73/><F97/><W101/><G101/><T92/><D74/><U26/><E78/><V18/><F73/><W56/><G56/><T115/><D115/><U133/><E133/><V123/><F123/><W12/><G12/><T67/><D91/><U109/><E109/><N who="3" m="42058" /><G80/><N who="2" m="30793" /><F8/><W5/><G5/><T93/><N who="0" m="23552" /><DORA hai="77" /><T85/><D85/><U114/><E9/><V131/><F131/><W64/><G64/><T42/><D7/><U113/><E117/><V55/><F28/><W53/><G53/><T22/><D67/><U6/><E116/><V68/><F35/><W112/><G112/><N who="1" m="43114" /><E6/><V36/><F68/><W60/><AGARI ba="0,0" hai="0,2,25,31,34,52,57,60,82,84,90" m="42058" machi="60" ten="30,4000,0" yaku="14,1,52,1,54,1" doraHai="71,77" who="3" fromWho="3" sc="250,-20,250,-10,250,-10,250,40" /><INIT seed="1,0,0,2,5,41" ten="230,240,240,290" oya="1" hai0="24,92,94,93,89,4,65,81,38,112,55,116,62" hai1="48,57,46,9,63,111,134,70,105,80,58,98,20" hai2="29,16,11,110,23,49,132,126,59,60,85,113,45" hai3="21,125,120,97,32,14,121,117,1,130,61,47,127"/><U18/><E134/><V135/><F110/><W86/><G97/><T104/><D112/><U90/><E111/><V102/><F113/><W40/><G86/><T109/><D116/><U50/><E50/><V91/><F126/><N who="3" m="48139" /><G32/><T33/><D109/><U87/><E9/><V68/><F68/><W118/><G1/><T100/><D38/><U42/><E70/><V131/><F131/><W69/><G21/><T73/><D104/><U7/><E7/><V52/><F102/><W84/><G84/><T75/><D4/><U5/><E5/><V43/><F11/><W88/><G88/><T66/><D100/><U64/><E58/><V15/><REACH who="2" step="1"/><F29/><REACH who="2" ten="230,240,230,290" step="2"/><W51/><G130/><T28/><D28/><U108/><E108/><V128/><F128/><W27/><G27/><T12/><D24/><U22/><E105/><V123/><F123/><N who="3" m="47179" /><G14/><T17/><D12/><U115/><E115/><V0/><F0/><W124/><G124/><T78/><D17/><U26/><E22/><V30/><F30/><W103/><G103/><T76/><D33/><U56/><E26/><V107/><F107/><W74/><G74/><T37/><D75/><U77/><E20/><V25/><F25/><W34/><G34/><T71/><D73/><U101/><E18/><V79/><F79/><W122/><G122/><T2/><D78/><U54/><E77/><V8/><F8/><W31/><G31/><T19/><D76/><U82/><E101/><V119/><F119/><W106/><G106/><T44/><D2/><U3/><E3/><V72/><F72/><W39/><G118/><T96/><D19/><RYUUKYOKU ba="0,1" sc="230,-10,240,-10,230,30,290,-10" hai2="15,16,23,43,45,49,52,59,60,85,91,132,135" /><INIT seed="2,1,1,0,2,30" ten="220,230,260,280" oya="2" hai0="93,41,70,19,26,52,106,15,21,0,77,40,39" hai1="51,121,79,74,103,37,59,35,68,50,101,84,20" hai2="89,114,10,109,43,47,13,33,81,9,76,12,45" hai3="62,129,88,57,28,125,42,61,100,127,46,119,71"/><V44/><F114/><W6/><G100/><T113/><D106/><U65/><E37/><V131/><F131/><W18/><G6/><T82/><D0/><U130/><E68/><V90/><F33/><W118/><G18/><T94/><D70/><U96/><E74/><V111/><F43/><W107/><G28/><T5/><D113/><U102/><E35/><V117/><F117/><W29/><G29/><T134/><D134/><U104/><E130/><V135/><F135/><W92/><G107/><T116/><D116/><U58/><E121/><V98/><F98/><W54/><G129/><T128/><D128/><U99/><E104/><V126/><F126/><N who="3" m="48139" /><G62/><T112/><D112/><U11/><E11/><V38/><F38/><N who="3" m="21847" /><G71/><T48/><D39/><U23/><E65/><V95/><F95/><W7/><G7/><T25/><D94/><U1/><E1/><V133/><F133/><W3/><G3/><T2/><D93/><U87/><REACH who="1" step="1"/><E103/><REACH who="1" ten="220,220,260,280" step="2"/><V49/><F9/><W73/><G73/><T22/><D2/><U17/><E17/><V97/><F10/><W69/><G69/><T34/><D5/><U55/><E55/><V80/><F49/><W64/><G54/><T115/><D115/><U72/><E72/><V120/><F120/><W110/><G110/><T91/><D40/><U105/><E105/><V60/><F111/><W4/><G4/><T27/><D41/><U67/><E67/><V122/><F109/><W132/><G132/><T31/><D52/><U66/><E66/><V78/><F122/><W86/><AGARI ba="1,2" hai="57,61,64,86,88,92,118,119" m="21847,48139" machi="86" ten="30,2000,0" yaku="18,1,54,1" doraHai="30" who="3" fromWho="3" sc="220,-6,220,-6,260,-11,280,43" /><INIT seed="3,0,0,1,4,6" ten="214,214,249,323" oya="3" hai0="15,86,131,65,97,37,53,50,92,3,7,78,111" hai1="84,99,101,108,57,127,67,34,64,110,70,17,98" hai2="41,114,115,94,116,20,58,119,107,2,95,39,77" hai3="38,130,12,113,128,62,16,63,32,104,123,93,52"/><W73/><G113/><T126/><D37/><U10/><E70/><V21/><F107/><W30/><G104/><T124/><D111/><N who="1" m="42539" /><E34/><V60/><F2/><W26/><G38/><T55/><D3/><U81/><E127/><N who="0" m="48681" /><D65/><N who="1" m="25163" /><E57/><V61/><F39/><W117/><G73/><T1/><D1/><U112/><E112/><V80/><F80/><W46/><G117/><T71/><D71/><U90/><E101/><V43/><F77/><W14/><G93/><T28/><D28/><U19/><E19/><V18/><F18/><W118/><G12/><AGARI ba="0,0" hai="10,12,17,81,84,90,98,99" m="25163,42539" machi="12" ten="30,2000,0" yaku="14,1,52,1" doraHai="6" who="1" fromWho="3" sc="214,0,214,20,249,0,323,-20" /><INIT seed="4,0,0,5,2,114" ten="214,234,249,303" oya="0" hai0="73,35,46,70,25,21,101,106,19,39,128,131,134" hai1="50,94,109,77,6,107,44,108,51,116,127,4,69" hai2="23,122,85,45,93,8,14,102,104,30,37,119,24" hai3="2,28,121,13,84,59,98,86,41,90,0,15,126"/><T123/><D123/><U135/><E107/><V87/><F122/><W52/><G41/><T76/><D70/><U40/><E69/><V97/><F37/><W82/><G28/><T33/><D134/><U67/><E67/><V56/><F104/><W110/><G110/><T5/><D5/><U49/><E77/><V29/><F29/><W112/><G112/><T27/><D76/><U124/><E94/><V57/><F45/><W113/><G113/><T60/><D73/><U48/><E135/><V63/><F119/><W53/><G126/><N who="1" m="48170" /><E116/><V65/><REACH who="2" step="1"/><F57/><REACH who="2" ten="214,234,239,303" step="2"/><W54/><G59/><T36/><D39/><U103/><E103/><V9/><F9/><W81/><G121/><T3/><D46/><U61/><E109/><V11/><F11/><W58/><G58/><T55/><D36/><U105/><E105/><V26/><F26/><W10/><G10/><T38/><D38/><U74/><E108/><V100/><F100/><W31/><G31/><T129/><D101/><U75/><E40/><V78/><F78/><W71/><G71/><T16/><D106/><U18/><E44/><V92/><F92/><N who="3" m="56599" /><G0/><T1/><D60/><U42/><E42/><V130/><F130/><W79/><G2/><N who="0" m="523" /><D55/><U80/><E6/><AGARI ba="0,1" hai="6,8,14,23,24,30,56,63,65,85,87,93,97,102" machi="6" ten="30,8000,1" yaku="1,1,7,1,25,2,8,1,53,0" doraHai="114" doraHaiUra="111" who="2" fromWho="1" sc="214,0,234,-80,239,90,303,0" /><INIT seed="5,0,0,5,2,103" ten="214,154,329,303" oya="1" hai0="24,99,100,23,121,55,28,3,70,18,101,84,61" hai1="128,87,10,116,120,109,37,38,45,20,56,26,95" hai2="108,110,122,75,113,21,27,102,41,33,51,14,119" hai3="76,64,67,132,78,5,89,115,46,112,15,68,53"/><U40/><E116/><V12/><F75/><W126/><G132/><T111/><D111/><N who="2" m="42538" /><F102/><W131/><G126/><T107/><D3/><U81/><E109/><V2/><F51/><N who="3" m="28919" /><G131/><T91/><D101/><U62/><E128/><V54/><F54/><W42/><G42/><T9/><D121/><U96/><E120/><V94/><F94/><W104/><G104/><T117/><D117/><U82/><E10/><V92/><F92/><W71/><G89/><T133/><D133/><U49/><E38/><V77/><F77/><W47/><G47/><T19/><D9/><U29/><E87/><V129/><F41/><W8/><G71/><T73/><D73/><U98/><E37/><V85/><F85/><W59/><G68/><T4/><D4/><U114/><E114/><N who="3" m="43562" /><G59/><T32/><D32/><U93/><E93/><V0/><F113/><W79/><AGARI ba="0,0" hai="5,8,15,64,67,76,78,79" m="43562,28919" machi="79" ten="30,1100,0" yaku="15,1" doraHai="103" who="3" fromWho="3" sc="214,-3,154,-5,329,-3,303,11" /><INIT seed="6,0,0,1,4,123" ten="211,149,326,314" oya="2" hai0="98,85,16,49,117,45,120,107,21,26,51,62,33" hai1="20,73,132,103,97,56,54,79,4,71,81,100,61" hai2="108,95,39,66,92,112,101,28,82,29,3,60,19" hai3="75,121,99,131,47,72,37,17,11,89,5,129,114"/><V24/><F39/><W41/><G121/><T7/><D120/><U50/><E132/><V88/><F3/><W44/><G44/><T128/><D128/><N who="3" m="49225" /><G17/><T64/><D117/><U34/><E34/><V58/><F112/><W106/><G114/><T27/><D7/><U9/><E20/><V87/><F108/><W109/><G109/><T13/><D33/><U18/><E18/><V133/><F133/><W113/><G113/><T68/><D51/><U74/><E103/><V42/><F42/><W126/><G126/><T43/><D107/><U116/><E116/><V48/><F48/><W59/><G59/><T57/><D98/><U94/><E71/><V110/><F110/><W65/><G65/><T119/><D119/><U31/><E31/><N who="2" m="11851" /><F101/><N who="3" m="62783" /><G89/><T77/><D68/><U105/><E50/><V122/><F122/><W70/><G70/><T83/><AGARI ba="0,0" hai="13,16,21,26,27,43,45,49,57,62,64,77,83,85" machi="83" ten="30,4000,0" yaku="0,1,8,1,54,1" doraHai="123" who="0" fromWho="0" sc="211,40,149,-10,326,-20,314,-10" /><INIT seed="7,0,0,5,3,55" ten="251,139,306,304" oya="3" hai0="73,87,64,6,105,130,52,21,113,68,61,63,135" hai1="106,11,100,1,69,31,38,49,112,8,30,59,19" hai2="43,45,2,53,36,71,40,20,5,51,62,17,90" hai3="27,103,123,116,114,94,92,16,54,24,44,107,133"/><W7/><G123/><T122/><D122/><U127/><E38/><V82/><F2/><W99/><G116/><T29/><D73/><U14/><E69/><V132/><F132/><W101/><G114/><T4/><D105/><U10/><E100/><V34/><F34/><W65/><G65/><T72/><D72/><U89/><E106/><V25/><F5/><W47/><G7/><T76/><D135/><U67/><E89/><V50/><F36/><W9/><G107/><T22/><D130/><U79/><E79/><V125/><F125/><W23/><G133/><T48/><D63/><U131/><E112/><V0/><F0/><W117/><G117/><T33/><D33/><U115/><E115/><V81/><F71/><W41/><G41/><N who="2" m="15945" /><F62/><W75/><G75/><T18/><D113/><U60/><E127/><V32/><F32/><W28/><G54/><T46/><D29/><U57/><E131/><V77/><F77/><W134/><G134/><T124/><D124/><U37/><E37/><V110/><F110/><W93/><G9/><T119/><D22/><N who="1" m="11639" /><E1/><V42/><F90/><W91/><G101/><T35/><D35/><U26/><E26/><V108/><F108/><W56/><G27/><T85/><D119/><U12/><E12/><V109/><F109/><W80/><G28/><T128/><D128/><U95/><E95/><N who="3" m="36426" /><G80/><N who="0" m="47239" /><D87/><U66/><E67/><V70/><F70/><W83/><G83/><T96/><D96/><U3/><E3/><V97/><F97/><W98/><G99/><T39/><D39/><U13/><E13/><V111/><F111/><W126/><G126/><RYUUKYOKU ba="0,0" sc="251,10,139,10,306,10,304,-30" hai0="4,6,18,21,46,48,52,61,64,68" hai1="8,10,11,30,31,49,57,59,60,66" hai2="17,20,25,42,45,50,51,53,81,82" owari="261,-13.9,149,-35.1,316,41.6,274,7.4" /></mjloggm>