<mjloggm ver="2.3"><GO type="225" lobby="0"/><UN n0="%E3%81%A4%E3%81%A3%E3%81%B1%E3%82%8A%E3%83%9D%E3%83%BC%E3%83%AB" n1="%E3%83%96%E3%83%83%E3%83%91%E3%82%AA%E3%83%96%E3%83%81%E3%82%AD%E3%83%B3" n2="%E6%A0%B9%E5%85%83%E3%81%8B%E3%82%89%E5%90%B9%E3%81%A3%E9%A3%9B%E3%81%B6" n3="%E6%A1%9C%E8%8A%B1%E9%96%83%E3%80%85" dan="17,16,16,16" rate="2187.71,2140.43,2144.66,2197.18" sx="M,M,F,M"/><TAIKYOKU oya="0"/><INIT seed="0,0,0,5,1,111" ten="250,250,250,250" oya="0" hai0="84,36,133,112,92,47,1,132,122,71,77,94,21" hai1="59,105,31,23,44,40,33,51,42,13,126,32,20" hai2="19,39,109,110,3,54,66,53,124,4,8,9,6" hai3="58,48,87,7,37,78,88,74,46,106,118,127,41"/><T22/><D122/><U81/><E105/><V28/><F39/><W82/><G118/><T62/><D1/><U108/><E108/><N who="2" m="41579" /><F66/><W18/><G127/><T25/><D112/><U131/><E126/><V14/><F124/><W34/><G34/><T79/><D71/><U91/><E131/><V115/><F28/><W120/><G120/><T104/><D104/><U43/><E33/><V30/><F30/><W130/><G130/><T0/><D0/><U70/><E70/><V60/><F60/><W95/><G7/><T89/><D62/><U72/><E32/><V67/><F67/><W99/><G18/><T50/><D36/><U73/><E59/><V57/><F57/><W114/><G114/><T26/><D92/><U100/><E100/><V68/><F68/><W119/><G119/><T29/><D132/><U69/><E69/><V128/><F128/><W17/><G17/><N who="0" m="12463" /><D133/><U24/><E72/><V121/><F121/><W107/><REACH who="3" step="1"/><G74/><REACH who="3" ten="250,250,250,240" step="2"/><T55/><AGARI ba="0,1" hai="22,26,29,47,50,55,77,79,84,89,94" m="12463" machi="55" ten="30,1500,0" yaku="8,1" doraHai="111" who="0" fromWho="0" sc="250,25,250,-5,250,-5,240,-5" /><INIT seed="0,1,0,0,0,26" ten="275,245,245,235" oya="0" hai0="113,100,30,133,121,92,53,115,23,127,17,101,56" hai1="134,98,47,82,10,131,27,29,3,97,28,132,122" hai2="83,21,111,102,114,4,7,85,25,72,20,31,106" hai3="62,45,46,52,69,44,50,43,2,76,112,120,116"/><T67/><D121/><U104/><E122/><V109/><F114/><W135/><G120/><T84/><D133/><N who="1" m="51307" /><E131/><V110/><F72/><W55/><G135/><T60/><D127/><U58/><E104/><V94/><F106/><W33/><G2/><T130/><D130/><U118/><E118/><V107/><F107/><W18/><G112/><T96/><D101/><U78/><E58/><V129/><F129/><W39/><G33/><T93/><D53/><N who="3" m="20553" /><G18/><T37/><D37/><U11/><E47/><N who="3" m="17994" /><G76/><T12/><D30/><N who="1" m="11883" /><E27/><V65/><F65/><N who="3" m="41143" /><G116/><T75/><D75/><N who="1" m="43359" /><E3/><V59/><F21/><W119/><G119/><T128/><D128/><U48/><E48/><AGARI ba="1,0" hai="39,43,46,48,50" m="41143,17994,20553" machi="48" ten="30,12000,2" yaku="35,5,54,1" doraHai="26" who="3" fromWho="1" sc="275,0,245,-123,245,0,235,123" /><INIT seed="1,0,0,2,4,89" ten="275,122,245,358" oya="1" hai0="33,123,114,71,62,54,48,18,84,80,57,107,44" hai1="9,79,95,23,130,85,73,8,27,39,5,28,122" hai2="50,16,60,32,104,115,119,38,92,3,127,37,100" hai3="82,2,45,134,25,72,4,101,83,7,17,117,94"/><U64/><E122/><V34/><F119/><W118/><G134/><T41/><D123/><U69/><E130/><V24/><F3/><W40/><G17/><T88/><D114/><U19/><E39/><V111/><F111/><W108/><G25/><T112/><D112/><U135/><E28/><V51/><F127/><W43/><G108/><T126/><D126/><U75/><E135/><V21/><F104/><W58/><G58/><T10/><D107/><U53/><E53/><V14/><F115/><W124/><G124/><T65/><D33/><U20/><E20/><N who="2" m="11287" /><F34/><W96/><G43/><T121/><D121/><U133/><E133/><V26/><F38/><N who="3" m="21655" /><G82/><T12/><REACH who="0" step="1"/><D71/><REACH who="0" ten="265,122,245,358" step="2"/><U61/><E9/><V66/><F32/><W103/><G117/><T120/><D120/><U46/><E46/><V132/><F132/><W36/><G118/><T86/><D86/><U49/><E49/><V109/><F37/><W106/><G106/><T110/><D110/><U116/><E116/><V15/><F109/><W93/><G72/><T30/><D30/><U6/><E75/><V97/><F51/><W87/><G87/><T0/><D0/><U113/><E73/><V67/><F50/><W131/><G2/><T29/><D29/><U59/><E113/><V63/><F63/><W52/><G36/><T56/><D56/><U78/><E69/><V102/><F60/><W90/><G131/><T77/><D77/><N who="1" m="29195" /><E8/><V31/><F31/><W70/><G70/><T76/><D76/><U42/><E42/><AGARI ba="0,1" hai="10,12,18,41,42,44,48,54,57,62,65,80,84,88" machi="42" ten="40,12000,2" yaku="1,1,25,2,8,1,54,1,53,1" doraHai="89" doraHaiUra="55" who="0" fromWho="1" sc="265,130,122,-120,245,0,358,0" /><INIT seed="2,0,0,5,2,71" ten="395,2,245,358" oya="2" hai0="89,88,95,119,50,93,130,91,97,134,27,39,109" hai1="13,86,65,4,69,96,58,121,127,116,77,18,0" hai2="38,30,41,68,98,107,51,105,35,103,84,5,131" hai3="101,123,42,76,90,124,66,37,113,128,126,122,7"/><V32/><F51/><W12/><BYE who="1" /><G101/><N who="0" m="60591" /><D39/><U67/><E67/><V75/><F84/><W8/><G128/><T60/><D130/><U100/><E100/><V120/><F120/><W21/><G113/><T108/><D134/><U48/><E48/><V87/><F87/><W112/><G112/><T132/><D132/><U43/><E43/><V2/><F131/><W85/><G66/><T34/><D119/><U78/><E78/><V59/><F59/><W106/><G106/><T83/><D83/><U9/><E9/><N who="2" m="2231" /><F107/><W36/><G76/><T55/><D60/><U110/><E110/><N who="0" m="42601" /><D27/><U22/><E22/><V40/><F40/><W15/><G21/><T117/><D34/><U33/><E33/><V104/><F104/><W10/><G42/><T29/><D29/><U19/><E19/><V70/><F30/><W64/><G64/><T11/><D95/><U62/><E62/><V74/><F32/><W56/><G56/><N who="0" m="32887" /><D117/><U111/><E111/><V45/><F35/><W63/><G63/><T114/><D114/><U94/><E94/><V3/><F3/><W102/><G102/><T26/><D91/><U72/><E72/><V135/><F135/><W125/><G85/><T99/><D99/><U115/><E115/><V82/><F75/><W80/><G80/><T25/><D89/><U44/><E44/><V54/><F54/><W28/><G28/><T81/><D88/><U133/><E133/><V129/><F129/><W6/><G90/><T23/><D81/><U49/><E49/><V92/><F92/><W16/><G125/><T79/><D79/><AGARI ba="0,0" hai="38,41,45,68,70,74,79,82,98,103,105" m="2231" machi="79" ten="30,11600,0" yaku="25,1,33,2,52,1" doraHai="71" who="2" fromWho="0" sc="395,-116,2,0,245,116,358,0" /><INIT seed="2,1,0,4,5,49" ten="279,2,361,358" oya="2" hai0="69,29,39,14,45,120,52,50,54,122,13,103,11" hai1="41,8,125,31,55,98,10,73,57,15,101,7,33" hai2="91,47,130,64,99,32,119,36,93,83,97,79,62" hai3="17,128,40,82,100,118,19,56,115,37,109,51,68"/><V88/><F119/><W58/><G118/><T107/><D69/><U110/><E110/><V112/><F112/><W38/><G109/><T6/><D39/><U74/><E74/><V59/><F32/><W16/><G115/><T87/><D29/><U61/><E61/><V2/><F2/><W92/><G68/><T23/><D107/><U26/><E26/><V72/><F130/><W67/><G128/><T90/><D103/><U108/><E108/><V105/><F105/><W116/><G116/><T96/><D96/><U3/><E3/><V104/><F104/><W46/><G82/><N who="0" m="49527" /><D122/><UN n1="%E3%83%96%E3%83%83%E3%83%91%E3%82%AA%E3%83%96%E3%83%81%E3%82%AD%E3%83%B3" /><U30/><E30/><V132/><BYE who="1" /><F132/><W35/><G35/><T70/><D70/><U5/><E5/><V89/><REACH who="2" step="1"/><F97/><REACH who="2" ten="279,2,351,358" step="2"/><N who="3" m="59431" /><G38/><T44/><D120/><U34/><E34/><V123/><F123/><W117/><G37/><T60/><D60/><U121/><E121/><V21/><F21/><W4/><G117/><T80/><D80/><U135/><E135/><V12/><F12/><W27/><G4/><T42/><D45/><U129/><E129/><V127/><F127/><W124/><G124/><T131/><D131/><U22/><E22/><V66/><F66/><W20/><G67/><T75/><D75/><U84/><E84/><V114/><F114/><W76/><G76/><T53/><D42/><AGARI ba="1,1" hai="36,42,47,59,62,64,72,79,83,88,89,91,93,99" machi="42" ten="40,7700,0" yaku="1,1,54,1,53,1" doraHai="49" doraHaiUra="106" who="2" fromWho="0" sc="279,-80,2,0,351,90,358,0" /><INIT seed="2,2,0,3,0,89" ten="199,2,441,358" oya="2" hai0="39,92,86,13,52,14,130,99,16,62,83,63,24" hai1="98,6,41,2,15,103,54,68,108,82,107,23,104" hai2="101,57,117,114,53,126,47,113,26,42,91,72,9" hai3="78,129,80,116,135,123,45,56,70,79,25,59,134"/><V3/><F117/><W131/><G116/><T76/><D39/><U128/><E128/><N who="3" m="49226" /><G123/><T124/><D124/><U10/><E10/><V111/><F126/><W94/><G70/><T22/><D130/><U31/><E31/><V8/><F8/><W125/><G125/><T75/><D75/><U106/><E106/><V7/><F9/><W49/><G25/><T84/><D84/><U127/><E127/><V18/><F26/><W17/><G17/><T100/><D63/><U12/><E12/><V87/><F18/><W50/><G50/><T88/><D100/><U85/><E85/><V37/><F37/><W97/><G45/><T38/><REACH who="0" step="1"/><D38/><REACH who="0" ten="189,2,441,358" step="2"/><U96/><E96/><V105/><F87/><W0/><G97/><T30/><D30/><U133/><E133/><V19/><F72/><W132/><G132/><T93/><D93/><U28/><E28/><V110/><F101/><W61/><G94/><T58/><AGARI ba="2,1" hai="13,14,16,22,24,52,58,62,76,83,86,88,92,99" machi="58" ten="30,16000,3" yaku="1,1,0,1,25,2,8,1,52,1,54,3,53,1" doraHai="89" doraHaiUra="90" who="0" fromWho="0" sc="189,176,2,-42,441,-82,358,-42" owari="365,46.5,-40,-54.0,359,15.9,316,-8.4" /></mjloggm>