<mjloggm ver="2.3"><GO type="169" lobby="0"/><UN n0="%E4%B9%9D%E7%B4%8B%E9%BE%8D%E5%8F%B2%E9%80%B2" n1="%E6%9C%88%E5%A4%9C%E3%81%AB%E9%A2%A8" n2="%E9%9B%AA%E3%81%AE%E8%8F%AF" n3="%64%69%76%61" dan="19,16,16,16" rate="2276.60,2058.12,2087.72,2062.54" sx="M,M,F,M"/><TAIKYOKU oya="0"/><INIT seed="0,0,0,1,0,14" ten="250,250,250,250" oya="0" hai0="68,34,13,27,106,36,66,79,121,119,94,109,93" hai1="88,95,58,4,80,53,52,134,54,113,98,32,74" hai2="40,51,57,122,105,20,100,130,76,89,62,73,5" hai3="124,110,0,84,28,77,39,56,87,133,117,126,108"/><T43/><D119/><U129/><E32/><V78/><F122/><W24/><G39/><T6/><D121/><U3/><E129/><V38/><F38/><W30/><G117/><T35/><D79/><U97/><E134/><V19/><F73/><W17/><G0/><T111/><D106/><U83/><E113/><V102/><F130/><W116/><G116/><T135/><D135/><U131/><E131/><V9/><F105/><W86/><G77/><N who="2" m="29801" /><F89/><W16/><G133/><T69/><D43/><U2/><E74/><V22/><F22/><N who="3" m="15383" /><G30/><T47/><D47/><U71/><E71/><V37/><F37/><W75/><G56/><T63/><D36/><U125/><E125/><N who="3" m="48234" /><G75/><T33/><D27/><U42/><E58/><V46/><F9/><W99/><G99/><T60/><D60/><U25/><E98/><V31/><F31/><W61/><G61/><T114/><D69/><U10/><E25/><N who="2" m="14495" /><F5/><W55/><G55/><AGARI ba="0,0" hai="40,46,51,55,57,62,100,102" m="14495,29801" machi="55" ten="30,2000,0" yaku="8,1,52,1" doraHai="14" who="2" fromWho="3" sc="250,0,250,0,250,20,250,-20" /><INIT seed="1,0,0,2,0,125" ten="250,250,270,230" oya="1" hai0="91,14,26,128,89,10,15,73,103,5,121,68,56" hai1="126,44,42,43,52,35,115,16,55,131,65,19,22" hai2="34,96,50,69,4,94,39,2,47,18,13,106,122" hai3="17,76,124,132,58,114,129,93,8,84,116,60,59"/><U133/><E115/><V99/><F34/><W29/><G114/><T64/><D121/><U78/><E35/><V130/><F130/><W6/><G124/><T127/><D127/><U74/><E126/><V27/><F122/><W61/><G116/><T70/><D73/><U32/><E32/><V36/><F69/><W71/><G132/><T81/><D103/><U83/><E65/><V95/><F106/><W11/><G71/><T135/><D26/><U118/><E118/><V62/><F62/><W105/><G105/><T134/><D56/><U48/><E133/><N who="0" m="50697" /><D68/><U101/><E101/><V49/><F4/><W30/><G6/><T28/><D28/><U111/><E111/><V119/><F27/><W77/><G17/><T51/><D51/><U79/><E79/><V46/><F2/><W53/><G53/><T67/><D128/><U38/><E131/><V123/><F123/><W113/><G129/><T75/><D15/><U25/><REACH who="1" step="1"/><E19/><REACH who="1" ten="250,240,270,230" step="2"/><V31/><F119/><W90/><G113/><T110/><D110/><U97/><E97/><V41/><F18/><W33/><G33/><T92/><D70/><U109/><E109/><V88/><F31/><N who="3" m="11787" /><G77/><N who="0" m="44223" /><D89/><U23/><E23/><V9/><F9/><N who="3" m="3659" /><G76/><T0/><D0/><U54/><E54/><V7/><F7/><W82/><G60/><T24/><D24/><U1/><E1/><V108/><F108/><W63/><G61/><T85/><AGARI ba="0,1" hai="5,10,14,64,67,85,91,92" m="44223,50697" machi="85" ten="30,1100,0" yaku="20,1" doraHai="125" who="0" fromWho="0" sc="250,21,240,-5,270,-3,230,-3" /><INIT seed="2,0,0,3,5,79" ten="271,235,267,227" oya="2" hai0="50,33,73,128,118,83,15,44,106,5,105,14,51" hai1="114,77,26,16,71,31,0,62,82,120,41,84,99" hai2="60,102,100,86,57,6,107,95,10,90,85,45,56" hai3="28,68,49,1,35,30,135,122,134,92,69,11,13"/><V88/><F107/><W37/><G37/><T129/><D33/><U124/><E114/><V22/><F45/><W17/><G122/><T64/><D64/><U113/><E113/><V87/><F22/><W2/><G49/><T25/><D25/><U19/><E0/><N who="3" m="106" /><G92/><T67/><D67/><U24/><E124/><V78/><F78/><W21/><G69/><T76/><D50/><U61/><E120/><V7/><F10/><W39/><G39/><T75/><D75/><U132/><E132/><N who="3" m="50730" /><G68/><T58/><D58/><N who="2" m="22634" /><F60/><N who="1" m="23145" /><E71/><V130/><F130/><N who="0" m="50282" /><D118/><U112/><E112/><V18/><F18/><N who="1" m="6697" /><E41/><V34/><F34/><W9/><G35/><T110/><D110/><U3/><E3/><V32/><F32/><W125/><G125/><T43/><D5/><N who="2" m="1546" /><F95/><W29/><AGARI ba="0,0" hai="9,11,13,17,21,28,29,30" m="50730,106" machi="29" ten="40,5200,0" yaku="20,1,34,2" doraHai="79" who="3" fromWho="3" sc="271,-13,235,-13,267,-26,227,52" /><INIT seed="3,0,0,3,1,23" ten="258,222,241,279" oya="3" hai0="110,100,11,13,25,88,20,58,66,43,55,2,106" hai1="64,97,29,135,127,7,49,17,77,76,39,132,86" hai2="44,123,81,35,65,79,89,3,8,52,84,5,21" hai3="111,57,72,80,112,121,109,42,69,91,37,116,107"/><W30/><G116/><T6/><D110/><N who="3" m="41993" /><G121/><T68/><D43/><U10/><E39/><V15/><F35/><W117/><G117/><T94/><D106/><U103/><E127/><V22/><F123/><W47/><G107/><T101/><D66/><U70/><E17/><V119/><F119/><W113/><G69/><T75/><D75/><U14/><E49/><N who="2" m="28711" /><F3/><W96/><G30/><T102/><D68/><U51/><E51/><V9/><F9/><W67/><G57/><T24/><D2/><U126/><E126/><V85/><F65/><W33/><G33/><T16/><D24/><U120/><E120/><V59/><F59/><W87/><G67/><T62/><D101/><U98/><E64/><V105/><F105/><W12/><G12/><T61/><D62/><U114/><E70/><V104/><F104/><W19/><G19/><T118/><D118/><U27/><E14/><V134/><F134/><W45/><G45/><T18/><D18/><U63/><E29/><V31/><F31/><W26/><G72/><T60/><D61/><U124/><E63/><V108/><F108/><W131/><G131/><T71/><D71/><U74/><E74/><V99/><F99/><AGARI ba="0,0" hai="6,11,13,16,20,25,55,58,60,88,94,99,100,102" machi="99" ten="30,12000,2" yaku="7,1,25,2,8,1,52,1,54,2" doraHai="23" who="0" fromWho="2" sc="258,120,222,0,241,-120,279,0" /><INIT seed="4,0,0,4,0,45" ten="378,222,121,279" oya="0" hai0="130,37,11,21,30,36,69,71,34,47,70,127,116" hai1="74,31,48,43,86,55,33,134,96,131,58,73,122" hai2="132,56,115,66,28,39,8,110,124,51,108,23,84" hai3="75,125,7,10,72,35,133,68,107,111,126,105,118"/><T0/><D116/><U42/><E122/><V81/><F39/><W94/><G118/><T3/><D21/><U135/><E131/><V76/><F115/><W4/><G111/><T114/><D114/><U80/><E96/><V119/><F124/><N who="3" m="47723" /><G94/><T100/><D127/><U85/><E31/><V50/><F119/><W88/><G88/><T92/><D92/><U25/><E25/><V123/><F132/><N who="1" m="50729" /><E33/><V14/><F123/><W32/><G133/><T63/><D130/><U5/><E5/><V12/><F108/><W17/><G68/><T90/><D90/><N who="1" m="51495" /><E86/><V102/><F110/><W61/><G17/><T16/><D100/><U78/><E78/><V29/><F102/><W65/><G4/><T98/><D98/><U112/><E112/><V24/><F29/><W128/><G128/><T13/><D37/><U101/><E101/><V95/><F95/><W67/><G32/><T77/><D77/><U26/><E26/><V109/><F109/><W27/><G35/><T104/><D34/><U64/><E64/><V49/><F8/><W93/><G67/><T83/><D30/><U82/><E82/><V59/><F66/><W53/><G27/><T44/><D83/><U106/><E106/><N who="3" m="40458" /><G65/><T38/><D104/><U117/><E117/><V46/><F46/><W41/><G93/><T97/><D70/><U62/><E42/><V121/><F121/><W60/><G41/><T18/><D71/><U129/><E129/><V54/><F59/><W99/><G10/><T15/><D69/><U2/><E2/><V103/><F103/><W40/><G40/><T89/><D38/><RYUUKYOKU ba="0,0" sc="378,-15,222,15,121,15,279,-15" hai1="43,48,55,58,62,73,74" hai2="12,14,23,24,28,49,50,51,54,56,76,81,84" /><INIT seed="5,1,0,4,1,11" ten="363,237,136,264" oya="1" hai0="39,95,115,89,106,133,86,17,102,71,23,130,14" hai1="37,134,35,64,38,60,74,96,57,67,73,51,12" hai2="18,47,32,19,103,131,28,124,4,117,116,105,97" hai3="53,91,80,2,20,50,94,77,49,42,122,78,107"/><U120/><E120/><V75/><F75/><W3/><G122/><T81/><D39/><U85/><E35/><V84/><F131/><W129/><G129/><T22/><D130/><U26/><E134/><V40/><F124/><W98/><G107/><T29/><D71/><U126/><E126/><V13/><F4/><W121/><G121/><T36/><D36/><U127/><E127/><V9/><F28/><W21/><G77/><T112/><D133/><U31/><E85/><V41/><F32/><W58/><G2/><T43/><D43/><U110/><E110/><V104/><F104/><W101/><G101/><T8/><D106/><U113/><E113/><N who="0" m="43593" /><D29/><U1/><E1/><V46/><F19/><W66/><G3/><T33/><D33/><U69/><E96/><AGARI ba="1,0" hai="8,14,17,22,23,81,86,89,95,96,102" m="43593" machi="96" ten="30,2000,0" yaku="15,1,52,1" doraHai="11" who="0" fromWho="1" sc="363,23,237,-23,136,0,264,0" /><INIT seed="6,0,0,5,2,97" ten="386,214,136,264" oya="2" hai0="51,129,57,59,118,32,9,65,48,64,112,15,120" hai1="111,109,90,72,26,11,98,104,54,124,128,134,135" hai2="34,108,6,131,95,78,66,94,62,106,1,29,84" hai3="53,25,101,71,113,87,110,103,121,7,27,10,63"/><V20/><F106/><W91/><G121/><T16/><D120/><U21/><E72/><V79/><F108/><W52/><G110/><N who="1" m="41994" /><E11/><V61/><F131/><W12/><G113/><T73/><D73/><U80/><E54/><N who="3" m="21098" /><G71/><T42/><D32/><U89/><E21/><V117/><F34/><W24/><G63/><T5/><D129/><U88/><E26/><V58/><F117/><W33/><G33/><T23/><D112/><U50/><E50/><N who="0" m="18985" /><D42/><U92/><E128/><V2/><F6/><W45/><G45/><T36/><D36/><U85/><E124/><V37/><F37/><W132/><G132/><N who="1" m="50730" /><E104/><V14/><F1/><W133/><G133/><T130/><D118/><U123/><E123/><V19/><F2/><W102/><G24/><N who="0" m="14439" /><D130/><U4/><E4/><V43/><F29/><W107/><G107/><T8/><D9/><U77/><AGARI ba="0,0" hai="77,80,85,88,89,90,92,98" m="50730,41994" machi="77" ten="30,7900,0" yaku="20,1,34,2,54,1" doraHai="97" who="1" fromWho="1" sc="386,-20,214,79,136,-39,264,-20" /><INIT seed="7,0,0,2,4,25" ten="366,293,97,244" oya="3" hai0="115,46,82,79,124,33,129,28,73,83,116,70,58" hai1="100,101,35,5,57,20,105,118,49,16,60,29,59" hai2="21,81,112,68,130,126,122,9,88,107,32,76,41" hai3="123,27,15,95,133,10,117,128,93,74,61,97,63"/><W78/><G123/><T64/><D116/><U17/><E118/><V13/><F107/><W8/><G117/><T80/><D70/><U4/><E35/><V69/><F112/><W94/><G128/><T53/><D129/><U120/><E120/><V14/><F122/><W45/><G133/><T98/><D124/><U44/><E105/><V71/><F32/><W42/><G97/><T134/><D64/><U23/><E49/><V26/><F130/><W89/><G89/><T90/><D46/><U104/><E104/><V92/><F126/><W62/><G15/><T106/><D115/><U135/><E44/><V75/><F41/><W0/><G0/><T22/><D33/><U99/><E99/><V113/><F113/><W111/><G111/><T103/><D90/><U125/><E125/><V11/><F69/><W12/><G12/><T24/><D134/><U110/><E110/><V67/><F67/><W38/><REACH who="3" step="1"/><G27/><REACH who="3" ten="366,293,97,234" step="2"/><T48/><AGARI ba="0,1" hai="22,24,28,48,53,58,73,79,80,82,83,98,103,106" machi="48" ten="20,2700,0" yaku="0,1,7,1,52,1" doraHai="25" who="0" fromWho="0" sc="366,37,293,-7,97,-7,234,-13" owari="403,50.3,286,8.6,90,-41.0,221,-17.9" /></mjloggm>