<mjloggm ver="2.3"><GO type="169" lobby="0"/><UN n0="%E7%BC%B6%E3%82%B3%E3%83%92" n1="%E6%99%A8%E6%98%8F%E5%B0%8D%E5%B3%99" n2="%E3%81%9F%E3%81%8B%31%34%31" n3="%E3%83%A4%E3%83%8A%E3%83%AA%E3%83%B3%E3%82%B9%E3%82%AD%E3%83%BC" dan="16,17,16,17" rate="2054.10,2208.97,2126.60,2148.07" sx="M,M,M,M"/><TAIKYOKU oya="0"/><INIT seed="0,0,0,2,3,3" ten="250,250,250,250" oya="0" hai0="29,37,127,26,121,91,113,19,45,47,34,18,2" hai1="56,54,50,100,115,64,68,33,117,124,7,89,52" hai2="23,106,102,65,30,88,78,83,98,14,132,85,67" hai3="6,105,108,125,133,70,39,38,134,57,101,55,111"/><T5/><D121/><U61/><E117/><V49/><F132/><N who="3" m="50795" /><G101/><T114/><D127/><U10/><E124/><V62/><F49/><N who="3" m="30959" /><G105/><T17/><D91/><U76/><E33/><V1/><F1/><W15/><G125/><T24/><D26/><U73/><E115/><V46/><F46/><W107/><G107/><T11/><REACH who="0" step="1"/><D37/><REACH who="0" ten="240,250,250,250" step="2"/><U92/><E100/><V28/><F78/><W8/><G70/><T51/><D51/><U42/><E76/><V60/><F60/><W86/><G86/><T40/><D40/><U44/><E73/><V20/><F62/><W63/><G63/><T25/><D25/><U82/><E68/><V16/><REACH who="2" step="1"/><F23/><REACH who="2" ten="240,250,240,250" step="2"/><W126/><G126/><T99/><D99/><N who="1" m="57743" /><E82/><V72/><F72/><W77/><G77/><T96/><D96/><U97/><E97/><V59/><F59/><W131/><G131/><T27/><D27/><U22/><E22/><V74/><F74/><W21/><G21/><T110/><D110/><AGARI ba="0,2" hai="6,8,15,38,39,108,110,111" m="30959,50795" machi="110" ten="30,3900,0" yaku="14,1,20,1,52,1" doraHai="3" who="3" fromWho="0" sc="240,-39,250,0,240,0,250,59" /><INIT seed="1,0,0,4,4,40" ten="201,250,240,309" oya="1" hai0="90,20,123,27,89,9,101,42,39,86,75,37,45" hai1="38,17,77,16,35,126,122,30,125,22,60,41,65" hai2="83,54,0,120,116,130,34,13,100,113,50,28,134" hai3="118,1,88,127,105,56,93,31,58,74,61,110,73"/><U94/><E122/><V25/><F120/><W98/><G110/><T114/><D75/><U85/><E35/><V63/><F116/><W97/><G118/><T15/><D123/><U46/><E30/><V2/><F130/><W111/><G111/><T47/><D114/><U72/><E72/><V5/><F113/><W96/><G1/><T57/><D101/><U81/><E94/><V64/><F100/><W84/><G105/><T3/><D3/><U7/><E7/><V49/><F49/><W48/><G127/><N who="1" m="48650" /><E22/><V79/><F134/><W132/><G132/><T71/><D71/><AGARI ba="0,0" hai="16,17,38,41,46,60,65,71,77,81,85" m="48650" machi="71" ten="30,5800,0" yaku="18,1,52,1,54,1" doraHai="40" who="1" fromWho="0" sc="201,-58,250,58,240,0,309,0" /><INIT seed="1,1,0,0,2,126" ten="143,308,240,309" oya="1" hai0="98,133,7,64,101,57,131,32,83,34,6,103,61" hai1="135,124,29,123,118,91,79,4,127,76,2,60,58" hai2="122,13,86,31,8,48,22,89,33,10,111,92,26" hai3="75,82,41,106,59,115,71,80,110,42,97,30,90"/><U62/><E123/><V121/><F111/><W114/><G71/><T117/><D117/><U56/><E118/><V74/><F74/><W43/><G110/><T38/><D38/><U116/><E116/><V88/><F33/><W5/><G5/><T112/><D112/><U100/><E29/><V55/><F89/><W105/><G30/><T72/><D133/><U35/><E35/><V23/><F23/><W12/><G12/><T78/><D101/><U108/><E108/><V69/><F69/><W134/><G134/><T102/><D102/><U46/><E100/><V3/><F3/><W19/><G19/><T16/><D34/><U63/><E91/><V67/><F67/><W39/><G39/><T47/><D47/><U36/><E135/><V107/><F107/><W81/><G75/><T65/><D65/><U50/><E4/><V87/><F87/><W44/><G44/><T125/><D125/><N who="1" m="48203" /><E2/><V120/><REACH who="2" step="1"/><F13/><REACH who="2" ten="143,308,230,309" step="2"/><W132/><G132/><T129/><D32/><U66/><E76/><V94/><F94/><N who="3" m="56535" /><G105/><T68/><D68/><U28/><E79/><V53/><F53/><W15/><G106/><T21/><D103/><U11/><E11/><V52/><F52/><W0/><G0/><T109/><D109/><U14/><E14/><V54/><F54/><W84/><G15/><N who="0" m="9375" /><D98/><U18/><E28/><V24/><F24/><W40/><G84/><T9/><D9/><U96/><E18/><V27/><F27/><W128/><N who="3" m="10240" /><DORA hai="17" /><W1/><G1/><T51/><D72/><U49/><E96/><V104/><F104/><W25/><G25/><T20/><D78/><RYUUKYOKU ba="1,1" sc="143,-10,308,-10,230,30,309,-10" hai2="8,10,22,26,31,48,55,86,88,92,120,121,122" /><INIT seed="2,2,1,4,4,4" ten="133,298,260,299" oya="2" hai0="20,35,9,68,126,10,128,91,37,119,50,134,85" hai1="116,94,89,105,33,29,109,69,107,28,121,80,49" hai2="18,122,3,42,12,39,104,111,23,123,60,79,65" hai3="47,64,125,73,54,101,14,25,63,115,88,83,72"/><V59/><F3/><W66/><G101/><T77/><D35/><U133/><E116/><V96/><F79/><W92/><G125/><T87/><D37/><U129/><E69/><V62/><F111/><W67/><G115/><T98/><D68/><U120/><E49/><V51/><F39/><W113/><G113/><T110/><D110/><U27/><E109/><V81/><F81/><W7/><G25/><T127/><D119/><U130/><E29/><V17/><F62/><W5/><G83/><N who="0" m="47343" /><D98/><N who="1" m="57679" /><E80/><V24/><F104/><N who="1" m="40009" /><E133/><V52/><F96/><W99/><G5/><T22/><D50/><U58/><E58/><V103/><F42/><W46/><G46/><T76/><D76/><U36/><E36/><V44/><REACH who="2" step="1"/><F103/><REACH who="2" ten="133,298,250,299" step="2"/><W43/><G43/><T61/><D61/><U6/><E6/><V45/><F45/><W31/><G47/><T21/><D134/><U97/><E97/><V124/><F124/><N who="0" m="47658" /><D128/><AGARI ba="2,2" hai="27,28,33,120,121,128,129,130" m="40009,57679" machi="128" ten="30,1000,0" yaku="19,1" doraHai="4" who="1" fromWho="0" sc="133,-16,298,36,250,0,299,0" /><INIT seed="3,0,0,5,2,80" ten="117,334,250,299" oya="3" hai0="119,65,14,8,34,9,98,133,57,52,59,38,128" hai1="32,37,109,26,24,47,5,67,107,72,92,55,60" hai2="12,44,63,27,122,62,42,96,70,7,89,113,126" hai3="33,135,74,112,45,28,21,130,36,23,118,121,15"/><W78/><G112/><T116/><D38/><U19/><E109/><V101/><F113/><W49/><G118/><T1/><D34/><U51/><E72/><V131/><F126/><W77/><G121/><T39/><D39/><U124/><E124/><V54/><F122/><W4/><G36/><T123/><D123/><U35/><E5/><V0/><F0/><W43/><G33/><T132/><D128/><U79/><E79/><V18/><F131/><W129/><G135/><T53/><D65/><U87/><E107/><V13/><F89/><W66/><G66/><T93/><D1/><U83/><E92/><V17/><F7/><W2/><G2/><T88/><D116/><U10/><E37/><V41/><F27/><W86/><G74/><T50/><D119/><U82/><E82/><V81/><F81/><N who="3" m="47407" /><G78/><T75/><D75/><U64/><E35/><V29/><F29/><W102/><G102/><T105/><D105/><U22/><E60/><V94/><F70/><W108/><G23/><T31/><D31/><U95/><E95/><V16/><F63/><W85/><G85/><T103/><D103/><U30/><REACH who="1" step="1"/><E10/><REACH who="1" ten="117,324,250,299" step="2"/><V11/><F11/><N who="3" m="4583" /><G108/><T120/><D120/><U40/><E40/><N who="2" m="15467" /><F62/><W127/><G127/><T84/><D9/><U76/><AGARI ba="0,1" hai="19,22,24,26,30,32,47,51,55,64,67,76,83,87" machi="76" ten="20,5200,0" yaku="1,1,0,1,7,1,52,1,53,0" doraHai="80" doraHaiUra="71" who="1" fromWho="1" sc="117,-13,324,62,250,-13,299,-26" /><INIT seed="4,0,0,0,3,106" ten="104,386,237,273" oya="0" hai0="21,33,24,129,16,103,23,2,56,20,7,12,38" hai1="73,58,49,8,65,113,92,133,43,130,4,54,19" hai2="91,46,48,51,115,13,132,6,69,39,26,82,14" hai3="81,80,109,60,78,30,112,111,89,18,32,15,44"/><T76/><D38/><U119/><E119/><V64/><F115/><W10/><G112/><T120/><D103/><U121/><E121/><V117/><F117/><W124/><G124/><T84/><D120/><U122/><E130/><V3/><F3/><W108/><G32/><T0/><D76/><U29/><E133/><V36/><F132/><W79/><G30/><N who="0" m="19655" /><D84/><U135/><E73/><V37/><F26/><W86/><G60/><T101/><D101/><U9/><E29/><V131/><F131/><W107/><G107/><T53/><D53/><U126/><E126/><V42/><F6/><W90/><REACH who="3" step="1"/><G44/><REACH who="3" ten="104,386,237,263" step="2"/><T61/><D129/><U25/><E113/><V28/><F28/><W1/><G1/><N who="0" m="619" /><D61/><U22/><E135/><V75/><F46/><W128/><G128/><T62/><D62/><N who="1" m="38103" /><E122/><V127/><F127/><W97/><G97/><T17/><D56/><N who="1" m="32847" /><E43/><V34/><F42/><W87/><AGARI ba="0,1" hai="10,15,18,78,79,80,81,86,87,89,90,108,109,111" machi="87" ten="40,5200,0" yaku="1,1,0,1,9,1,53,0" doraHai="106" doraHaiUra="95" who="3" fromWho="3" sc="104,-26,386,-13,237,-13,263,62" /><INIT seed="5,0,0,5,0,24" ten="78,373,224,325" oya="1" hai0="70,27,112,113,104,131,33,20,65,106,130,11,135" hai1="32,15,63,75,22,17,94,44,107,127,51,21,58" hai2="66,129,101,109,122,0,16,36,47,124,115,50,125" hai3="29,95,25,49,92,91,110,120,71,134,28,19,72"/><U85/><E75/><V18/><F122/><W132/><G120/><T46/><D46/><U41/><E107/><V118/><F118/><W38/><G38/><T90/><D90/><N who="1" m="53583" /><E32/><V26/><F109/><W114/><G110/><T128/><D135/><N who="3" m="51753" /><G71/><T69/><D11/><N who="1" m="6399" /><E127/><N who="2" m="48715" /><F0/><W116/><G116/><T13/><D33/><U100/><E100/><V68/><F36/><W34/><G72/><T62/><D70/><U123/><E123/><V82/><F129/><W86/><G114/><N who="0" m="44139" /><D13/><U74/><E74/><V61/><F115/><W57/><G95/><T43/><D43/><U23/><E23/><V8/><F101/><W102/><G102/><T6/><D6/><U55/><AGARI ba="0,0" hai="21,22,41,44,51,55,58,63" m="6399,53583" machi="55" ten="30,1500,0" yaku="8,1" doraHai="24" who="1" fromWho="1" sc="78,-5,373,15,224,-5,325,-5" /><INIT seed="5,1,0,4,4,47" ten="73,388,219,320" oya="1" hai0="29,13,93,94,16,60,54,75,43,2,31,100,128" hai1="126,17,24,53,69,73,120,42,22,0,6,48,25" hai2="95,55,67,107,68,9,117,40,133,105,26,88,23" hai3="4,77,89,50,57,12,46,98,64,45,104,66,62"/><U84/><E73/><V96/><F117/><W99/><G77/><T14/><D2/><U119/><E69/><V85/><F133/><W56/><G104/><T52/><D75/><U21/><E120/><V87/><F40/><W115/><G115/><T130/><D43/><U125/><E119/><V90/><F9/><N who="3" m="4135" /><G89/><T41/><D41/><U15/><E42/><V92/><F96/><N who="3" m="36907" /><G66/><T72/><D72/><U32/><E84/><V1/><F1/><W5/><G5/><T109/><D60/><U80/><E80/><V34/><F34/><W101/><G101/><T132/><D132/><U19/><E0/><V44/><F67/><W103/><G103/><T8/><D100/><U3/><E3/><V79/><F79/><W86/><G86/><T49/><D8/><U91/><E91/><V127/><F68/><W111/><G111/><T123/><D123/><U36/><E36/><V112/><F112/><W116/><G116/><T108/><REACH who="0" step="1"/><D16/><REACH who="0" ten="63,388,219,320" step="2"/><U63/><E63/><V38/><F38/><W58/><G62/><T10/><D10/><U28/><REACH who="1" step="1"/><E6/><REACH who="1" ten="63,378,219,320" step="2"/><V134/><F134/><W78/><G64/><T135/><D135/><U131/><E131/><V37/><F37/><W74/><G74/><T71/><D71/><U122/><E122/><V82/><F82/><W81/><G81/><T65/><D65/><U114/><E114/><V102/><F102/><W124/><G78/><T121/><D121/><U70/><E70/><V59/><F90/><W11/><G11/><T97/><D97/><U118/><E118/><V39/><F88/><W27/><G27/><T61/><D61/><RYUUKYOKU ba="1,2" sc="63,15,378,15,219,-15,320,-15" hai0="13,14,29,31,49,52,54,93,94,108,109,128,130" hai1="15,17,19,21,22,24,25,28,32,48,53,125,126" /><INIT seed="5,2,2,2,4,4" ten="78,393,204,305" oya="1" hai0="47,99,58,60,101,34,24,36,5,48,73,79,40" hai1="127,109,103,19,96,114,39,92,93,82,117,9,65" hai2="22,135,125,35,18,97,44,87,7,26,128,123,121" hai3="72,104,25,16,0,14,32,54,50,113,15,51,33"/><U88/><E39/><V57/><F128/><W95/><G104/><T118/><D118/><U134/><E117/><V102/><F125/><W76/><G0/><T53/><D34/><U3/><E127/><V112/><F135/><W77/><G113/><T89/><D24/><U94/><E114/><V132/><F132/><W69/><G69/><T107/><D89/><U49/><E134/><V55/><F112/><W45/><G72/><T71/><D79/><U61/><E49/><V106/><F44/><W8/><G32/><T11/><D73/><U23/><E109/><V62/><F35/><W29/><G95/><T42/><D42/><U133/><E133/><V126/><F126/><W75/><G75/><T83/><D83/><U105/><E3/><V124/><F124/><W110/><G110/><T13/><REACH who="0" step="1"/><D71/><REACH who="0" ten="68,393,204,305" step="2"/><U111/><E111/><V10/><REACH who="2" step="1"/><F87/><REACH who="2" ten="68,393,194,305" step="2"/><W85/><G85/><T74/><D74/><U56/><E103/><V129/><F129/><W70/><G70/><T52/><D52/><U116/><E116/><V21/><F21/><N who="3" m="11415" /><G33/><T63/><AGARI ba="2,4" hai="5,11,13,36,40,47,48,53,58,60,63,99,101,107" machi="63" ten="30,4000,0" yaku="1,1,0,1,52,1,53,0" doraHai="4" doraHaiUra="27" who="0" fromWho="0" sc="68,86,393,-22,194,-12,305,-12" /><INIT seed="6,0,0,4,5,71" ten="154,371,182,293" oya="2" hai0="44,36,45,33,53,102,4,135,97,65,61,68,85" hai1="133,80,79,122,23,101,77,15,18,95,103,63,14" hai2="35,12,8,38,116,57,16,26,104,20,126,120,10" hai3="129,83,121,17,5,75,89,90,66,32,67,54,74"/><V40/><F116/><W118/><G121/><T22/><D33/><U2/><E2/><V132/><F120/><W124/><G118/><T128/><D128/><U76/><E122/><V39/><F104/><W111/><G111/><T81/><D135/><U106/><E133/><V93/><F132/><W96/><G32/><T0/><D0/><U86/><E106/><V43/><F126/><W119/><G119/><T91/><D4/><U123/><E123/><V92/><F35/><W59/><G5/><T130/><D130/><U60/><E14/><V70/><F70/><W131/><G124/><T108/><D108/><U110/><E110/><V31/><F8/><W72/><G90/><T78/><D78/><N who="1" m="46359" /><E95/><V84/><F57/><W47/><G47/><T109/><D109/><U100/><AGARI ba="0,0" hai="15,18,23,60,63,76,77,79,100,101,103" m="46359" machi="100" ten="30,1100,0" yaku="8,1" doraHai="71" who="1" fromWho="1" sc="154,-3,371,11,182,-5,293,-3" /><INIT seed="7,0,0,2,4,12" ten="151,382,177,290" oya="3" hai0="109,111,56,101,57,134,90,71,127,40,63,66,87" hai1="91,102,33,69,4,99,45,23,86,131,43,1,30" hai2="7,20,52,94,42,60,15,100,84,135,62,13,35" hai3="93,105,68,50,22,58,115,107,76,51,61,24,8"/><W130/><G115/><T80/><D127/><U44/><E131/><V21/><F35/><W117/><G117/><T118/><D118/><U49/><E69/><V41/><F135/><W67/><G130/><T28/><D134/><U31/><E33/><V26/><F21/><W11/><G76/><T116/><D116/><U70/><E70/><V3/><F3/><W25/><G105/><T10/><D28/><U123/><E123/><V37/><F37/><W6/><G107/><T92/><D40/><N who="2" m="15466" /><F52/><W114/><G114/><T72/><D10/><U110/><E110/><V120/><F120/><W119/><G119/><T128/><D128/><U132/><E4/><V36/><F36/><W32/><G8/><T112/><D112/><U39/><E1/><V29/><F7/><W19/><G68/><T47/><D47/><N who="1" m="25855" /><E31/><V79/><F79/><W14/><G32/><T5/><D5/><U74/><E74/><V38/><F38/><W95/><G25/><T88/><D72/><U129/><E132/><V55/><F100/><W75/><G75/><T78/><D101/><U98/><E98/><V104/><F104/><W97/><REACH who="3" step="1"/><G93/><REACH who="3" ten="151,382,177,280" step="2"/><T17/><D78/><U124/><E39/><V18/><F94/><W64/><G64/><T48/><D71/><U59/><E129/><V34/><F34/><W108/><G108/><T46/><D57/><U82/><E59/><V89/><F26/><W103/><AGARI ba="0,1" hai="6,11,14,19,22,24,50,51,58,61,67,95,97,103" machi="103" ten="20,18000,2" yaku="1,1,0,1,7,1,8,1,52,1,53,1" doraHai="12" doraHaiUra="54" who="3" fromWho="3" sc="151,-60,382,-60,177,-60,280,190" owari="91,-40.9,322,12.2,117,-28.3,470,57.0" /></mjloggm>