<mjloggm ver="2.3"><GO type="169" lobby="0"/><UN n0="%E8%BF%B7%E3%82%8F%E3%81%9A%E6%8A%BC%E3%81%9B%E3%82%88" n1="%E3%83%A8%E3%82%B7%E3%83%86%E3%83%AB%37%30%38" n2="%E7%89%A7%E5%A0%B4%E3%81%AE%E5%B0%8F%E5%A5%B3" n3="%E6%8E%A2%39" dan="17,16,17,17" rate="2223.01,2095.64,2183.67,2198.30" sx="M,M,F,M"/><TAIKYOKU oya="0"/><INIT seed="0,0,0,0,0,9" ten="250,250,250,250" oya="0" hai0="75,120,27,73,52,95,40,118,35,19,115,64,11" hai1="131,60,103,108,55,77,2,86,56,80,30,111,119" hai2="10,26,84,104,114,0,7,109,88,102,76,22,16" hai3="100,25,85,43,94,70,14,23,33,18,110,4,66"/><T49/><D115/><U126/><E119/><V63/><F109/><N who="1" m="42057" /><E2/><V61/><F114/><W42/><G110/><T47/><D118/><U41/><E41/><V96/><REACH who="2" step="1"/><F76/><REACH who="2" ten="250,250,240,250" step="2"/><W28/><G4/><T67/><D120/><U29/><E131/><V17/><F17/><W20/><G33/><T38/><D73/><U97/><E126/><V31/><F31/><W117/><G117/><T1/><D75/><U83/><E83/><AGARI ba="0,1" hai="0,7,10,16,22,26,61,63,83,84,88,96,102,104" machi="83" ten="30,7700,0" yaku="1,1,7,1,54,2,53,0" doraHai="9" doraHaiUra="44" who="2" fromWho="1" sc="250,0,250,-77,240,87,250,0" /><INIT seed="1,0,0,2,5,46" ten="250,173,327,250" oya="1" hai0="42,124,108,15,98,81,106,44,105,37,130,7,72" hai1="48,97,62,103,79,1,50,23,3,57,39,33,26" hai2="53,32,121,92,120,82,69,21,35,58,75,91,94" hai3="132,125,101,88,65,43,70,25,4,60,41,54,131"/><U114/><E39/><V61/><F69/><W13/><G101/><T89/><D130/><U85/><E33/><V86/><F92/><W9/><G131/><T133/><D133/><U2/><E85/><V12/><F32/><W113/><G113/><T127/><D108/><U76/><E76/><V18/><F35/><W77/><G77/><T117/><D117/><U128/><E79/><V55/><F75/><W115/><G125/><N who="0" m="48203" /><D72/><U78/><E78/><V73/><F73/><W17/><G115/><T134/><D134/><U11/><E11/><V29/><F29/><W64/><G132/><T10/><D81/><U16/><E114/><V83/><F121/><W5/><G65/><T93/><AGARI ba="0,0" hai="7,10,15,37,42,44,89,93,98,105,106" m="48203" machi="93" ten="30,1100,0" yaku="18,1" doraHai="46" who="0" fromWho="0" sc="250,11,173,-5,327,-3,250,-3" /><INIT seed="2,0,0,3,1,46" ten="261,168,324,247" oya="2" hai0="85,119,82,103,106,62,69,80,5,11,129,95,104" hai1="99,60,7,12,115,79,24,1,122,18,51,123,120" hai2="63,91,43,134,81,47,2,21,77,98,109,57,121" hai3="16,15,92,67,66,39,44,58,96,56,88,78,133"/><V86/><F2/><W45/><G133/><T108/><D108/><U17/><E115/><V14/><F121/><W102/><G78/><T36/><D36/><U22/><E79/><V19/><F134/><W130/><G130/><T84/><D129/><U90/><E60/><V113/><F113/><W28/><G28/><T29/><D29/><N who="1" m="17559" /><E99/><V38/><F109/><W71/><G71/><T75/><D62/><U72/><E72/><V68/><F68/><W25/><G25/><T83/><D69/><U31/><E90/><V6/><F6/><W105/><G67/><T52/><D75/><U50/><E1/><V53/><F98/><W97/><G66/><T100/><D119/><U87/><E87/><V4/><F4/><W116/><G116/><T13/><D106/><U23/><E31/><V10/><F77/><W111/><G111/><T64/><D64/><U94/><E94/><V42/><F42/><W114/><G114/><T101/><D95/><U73/><E7/><V59/><F59/><W93/><G105/><T34/><D104/><U132/><E132/><V41/><F41/><W89/><G39/><T124/><D84/><U107/><E107/><V20/><AGARI ba="0,0" hai="10,14,19,20,21,38,43,47,53,57,63,81,86,91" machi="20" ten="30,1500,0" yaku="0,1" doraHai="46" who="2" fromWho="2" sc="261,-5,168,-5,324,15,247,-5" /><INIT seed="2,1,0,4,0,14" ten="256,163,339,242" oya="2" hai0="27,29,65,28,7,92,30,110,122,59,53,32,22" hai1="80,11,5,124,127,100,54,90,82,72,15,10,117" hai2="98,81,9,6,69,38,123,61,120,128,131,91,12" hai3="86,75,36,73,57,77,50,79,113,1,112,3,121"/><V24/><F38/><W8/><G121/><T85/><D122/><U49/><E117/><V40/><F40/><W67/><G36/><T76/><D110/><U20/><E100/><V17/><F69/><W56/><G67/><T99/><D7/><U63/><E63/><V93/><F61/><W42/><G86/><T104/><D32/><U35/><E35/><V102/><F24/><W118/><G8/><T115/><D115/><N who="3" m="44105" /><G118/><T44/><D44/><U88/><E11/><V125/><F125/><N who="1" m="48201" /><E20/><V39/><F39/><W107/><G107/><T64/><D104/><U130/><E130/><N who="2" m="49707" /><F6/><W101/><G101/><N who="0" m="60647" /><D85/><AGARI ba="1,0" hai="9,12,17,81,85,91,93,98,102,120,123" m="49707" machi="85" ten="30,2900,0" yaku="19,1,52,1" doraHai="14" who="2" fromWho="0" sc="256,-32,163,0,339,32,242,0" /><INIT seed="2,2,0,3,5,122" ten="224,163,371,242" oya="2" hai0="42,100,98,99,63,44,88,14,105,24,109,131,94" hai1="31,128,96,75,102,0,90,71,12,62,89,107,48" hai2="112,28,13,54,20,83,92,116,76,43,47,1,115" hai3="17,120,21,119,64,6,51,25,65,97,29,55,53"/><V125/><F1/><W74/><G74/><T117/><D131/><U15/><E0/><V46/><F116/><W82/><G119/><T87/><D117/><U56/><E75/><V66/><F66/><W134/><G120/><T60/><D109/><U104/><E104/><V7/><F125/><W37/><G37/><T80/><D14/><U33/><E128/><V133/><F133/><W45/><G134/><T41/><D24/><U61/><E61/><V34/><F92/><W50/><G6/><T57/><D44/><U67/><E15/><V95/><F95/><W35/><G82/><T85/><D63/><U106/><E12/><V118/><F118/><W130/><G130/><T113/><D113/><U70/><E107/><V38/><F54/><W114/><G114/><T110/><D110/><U26/><E71/><V123/><F46/><W32/><G97/><T121/><D85/><U93/><E93/><V8/><F34/><W101/><G101/><T77/><REACH who="0" step="1"/><D121/><REACH who="0" ten="214,163,371,242" step="2"/><U124/><REACH who="1" step="1"/><E124/><REACH who="1" ten="214,153,371,242" step="2"/><V49/><F123/><W4/><G25/><T40/><D40/><U126/><E126/><V108/><F43/><W111/><G111/><T27/><D27/><U36/><E36/><V18/><F108/><W59/><G65/><AGARI ba="2,2" hai="41,42,57,60,65,77,80,87,88,94,98,99,100,105" machi="65" ten="30,3900,0" yaku="1,1,7,1,54,1,53,0" doraHai="122" doraHaiUra="10" who="0" fromWho="3" sc="214,65,153,0,371,0,242,-45" /><INIT seed="3,0,0,4,2,86" ten="279,153,371,197" oya="3" hai0="19,76,7,26,113,56,96,48,78,93,65,74,22" hai1="0,83,27,29,75,38,10,53,60,16,41,34,35" hai2="21,46,6,130,66,5,51,88,120,131,70,119,28" hai3="116,95,62,59,135,98,17,105,117,71,132,129,97"/><W25/><G71/><T33/><D74/><U126/><E126/><V9/><F119/><W133/><G105/><T20/><D33/><U64/><E35/><V69/><F120/><W57/><G129/><T85/><D85/><U81/><E75/><V13/><F21/><N who="3" m="13487" /><G97/><T134/><D134/><N who="3" m="34305" /><W123/><DORA hai="68" /><G123/><T14/><D113/><U101/><E101/><V82/><F28/><W36/><G36/><T23/><D7/><U37/><E41/><V110/><F5/><W31/><G31/><T127/><D127/><U115/><E53/><V91/><F69/><W42/><G42/><T72/><D72/><U103/><E103/><V15/><F15/><W79/><G79/><T12/><D14/><U92/><E0/><V49/><F70/><W111/><G111/><T2/><D2/><U39/><E115/><V8/><F66/><N who="3" m="39247" /><G59/><T90/><D20/><U114/><E114/><V104/><F104/><W89/><AGARI ba="0,0" hai="89,95,98,116,117" m="39247,34305,13487" machi="89" ten="40,3900,0" yaku="20,1,52,1" doraHai="86,68" who="3" fromWho="3" sc="279,-13,153,-13,371,-13,197,39" /><INIT seed="3,1,0,4,4,94" ten="266,140,358,236" oya="3" hai0="72,29,132,93,103,101,23,54,30,37,38,116,13" hai1="34,5,79,48,21,135,89,64,59,17,45,15,16" hai2="40,68,86,46,130,120,92,95,108,57,121,76,91" hai3="50,113,44,98,111,97,85,24,124,41,49,129,39"/><W42/><G113/><T128/><D72/><U47/><E34/><V63/><F108/><W122/><G122/><T55/><D93/><U114/><E114/><V75/><F68/><W4/><G111/><T112/><D112/><U100/><E135/><V43/><F130/><W74/><G74/><T119/><D13/><U35/><E35/><V26/><F26/><W127/><G129/><T60/><D128/><U69/><E69/><V102/><F76/><W31/><G85/><T25/><D25/><N who="1" m="14503" /><E100/><V131/><F75/><W104/><G4/><T118/><D23/><N who="1" m="11711" /><E79/><V67/><F131/><W71/><G71/><T123/><D60/><N who="1" m="37919" /><E5/><V65/><F65/><W134/><G104/><T90/><D132/><U8/><E8/><V115/><F115/><W99/><G134/><T83/><D123/><N who="2" m="47178" /><F46/><W78/><G78/><T20/><D37/><U105/><E105/><V81/><F102/><N who="0" m="38922" /><D38/><U117/><E117/><V66/><F66/><W82/><G39/><T3/><D3/><U58/><E89/><V80/><F43/><W2/><G2/><T28/><D20/><U77/><E77/><N who="2" m="46351" /><F40/><W87/><G42/><T133/><D133/><U53/><AGARI ba="1,0" hai="45,47,48,53,58" m="37919,11711,14503" machi="53" ten="30,2000,0" yaku="8,1,54,1" doraHai="94" who="1" fromWho="1" sc="266,-6,140,23,358,-6,236,-11" /><INIT seed="4,0,0,0,2,46" ten="260,163,352,225" oya="0" hai0="43,34,90,35,64,36,4,9,111,31,52,83,133" hai1="135,122,96,48,2,106,30,78,17,54,50,29,129" hai2="11,99,37,116,121,44,82,74,21,41,65,61,58" hai3="28,134,92,6,8,42,12,77,128,3,88,124,24"/><T95/><D133/><U73/><E2/><V45/><F121/><W107/><G107/><T126/><D126/><U63/><E122/><V25/><F116/><W57/><G124/><T131/><D131/><U89/><E73/><V130/><F130/><W60/><G128/><T59/><D64/><U109/><E78/><V67/><F11/><W112/><G112/><T53/><D111/><U32/><E32/><V84/><F99/><W103/><G134/><T87/><D31/><N who="1" m="11787" /><E106/><V55/><F74/><W115/><G115/><T118/><D118/><U40/><E109/><V5/><F5/><W94/><G77/><T85/><D43/><U123/><E123/><V22/><F25/><W14/><G94/><T125/><D36/><U79/><E79/><V86/><F65/><W0/><G103/><T18/><D125/><U127/><E40/><V76/><F86/><W71/><G0/><T56/><D4/><U72/><E72/><V66/><F67/><W117/><G71/><T13/><D34/><U47/><E135/><V101/><F101/><W81/><G42/><T7/><D7/><U98/><E129/><V120/><F120/><W105/><G105/><T49/><D35/><U10/><E63/><V68/><F45/><W91/><G117/><T102/><D102/><U69/><E69/><V75/><F75/><W119/><G119/><T26/><D26/><U33/><E33/><V15/><F15/><W27/><G27/><T16/><D13/><N who="1" m="7351" /><E127/><V100/><F100/><W110/><G110/><T39/><D39/><U19/><E47/><N who="2" m="23983" /><F68/><W80/><G3/><T97/><D9/><RYUUKYOKU ba="0,0" sc="260,-10,163,-10,352,30,225,-10" hai2="21,22,44,55,58,61,66,76,82,84" /><INIT seed="5,1,0,2,5,37" ten="250,153,382,215" oya="1" hai0="128,36,57,114,3,2,116,80,117,113,101,32,15" hai1="46,99,14,58,60,118,68,85,12,91,103,74,124" hai2="23,10,26,127,47,59,110,31,25,50,30,77,27" hai3="131,125,55,53,61,9,129,65,19,6,41,76,111"/><U133/><E118/><N who="0" m="45673" /><D80/><U44/><E74/><V109/><F127/><W17/><G111/><T18/><D101/><U21/><E124/><V78/><F59/><N who="3" m="37055" /><G76/><T83/><D83/><N who="1" m="49599" /><E68/><V45/><F26/><W69/><G69/><T39/><D57/><U72/><E72/><V64/><F64/><W54/><G125/><T63/><D63/><U51/><E21/><V97/><F97/><W67/><G67/><T93/><D93/><N who="1" m="58863" /><E133/><V40/><F10/><W70/><G70/><T135/><D32/><U82/><E82/><V38/><F110/><W16/><G6/><T43/><D135/><U86/><E86/><V71/><F109/><W8/><G41/><T11/><D36/><U100/><E100/><V121/><F121/><W56/><G56/><T35/><D35/><U66/><E46/><V132/><F71/><W13/><G13/><T24/><D2/><U89/><E89/><V52/><F132/><W73/><G73/><T122/><D3/><U62/><E62/><V33/><AGARI ba="1,0" hai="23,25,27,30,31,33,38,40,45,47,50,52,77,78" machi="33" ten="20,5200,0" yaku="0,1,7,1,52,1,54,1" doraHai="37" who="2" fromWho="2" sc="250,-14,153,-27,382,55,215,-14" /><INIT seed="6,0,0,3,0,19" ten="236,126,437,201" oya="2" hai0="3,22,23,13,21,15,30,26,63,61,5,66,78" hai1="89,2,8,62,0,40,102,96,116,117,118,87,14" hai2="94,11,98,86,43,55,99,4,42,64,104,124,41" hai3="130,76,34,81,129,128,38,125,119,18,134,91,60"/><V79/><F124/><W100/><G119/><T24/><D78/><U113/><E40/><V93/><F64/><W12/><G38/><T57/><D3/><U31/><E31/><V103/><F55/><W65/><G125/><T56/><D5/><U120/><E120/><V52/><F52/><W44/><G44/><T127/><D127/><U50/><E50/><V16/><F104/><W29/><G100/><T28/><D22/><U80/><E62/><V111/><F111/><W67/><G91/><T77/><D77/><U37/><E37/><V73/><F73/><N who="3" m="43151" /><G134/><T69/><D69/><U83/><E83/><V131/><F131/><W32/><G29/><T133/><D133/><U1/><E113/><V68/><F68/><N who="3" m="42023" /><G67/><AGARI ba="0,0" hai="13,15,21,23,24,26,28,30,56,57,61,63,66,67" machi="67" ten="30,12000,2" yaku="7,1,32,3,8,1,52,2" doraHai="19" who="0" fromWho="3" sc="236,120,126,0,437,0,201,-120" /><INIT seed="7,0,0,5,2,42" ten="356,126,437,81" oya="3" hai0="119,34,114,126,99,65,120,103,28,88,115,55,95" hai1="14,63,31,128,101,75,49,16,109,80,37,45,39" hai2="85,58,66,54,50,86,61,29,131,24,77,26,72" hai3="67,98,133,68,43,23,44,70,94,87,9,135,33"/><W79/><G33/><T13/><D119/><U2/><E109/><V108/><F108/><W106/><G106/><T25/><D120/><U76/><E2/><V27/><F131/><W20/><G9/><T1/><D1/><U51/><E128/><V82/><REACH who="2" step="1"/><F29/><REACH who="2" ten="356,126,427,81" step="2"/><W112/><G112/><N who="0" m="43051" /><D65/><U18/><E31/><V113/><F113/><W64/><G64/><T6/><D126/><U121/><E121/><V102/><F102/><N who="3" m="60759" /><G67/><T84/><D6/><U100/><E101/><V7/><F7/><W132/><G70/><AGARI ba="0,1" hai="24,26,27,50,54,58,61,66,70,72,77,82,85,86" machi="70" ten="40,1300,0" yaku="1,1,53,0" doraHai="42" doraHaiUra="111" who="2" fromWho="3" sc="356,0,126,0,427,23,81,-13" owari="356,15.6,126,-27.4,450,55.0,68,-43.2" /></mjloggm>