<mjloggm ver="2.3"><GO type="169" lobby="0"/><UN n0="%E3%81%9D%E3%82%93%E3%81%97%E6%A7%98" n1="%E5%B0%8F%E4%B8%89%E5%85%83%E5%8D%97%E5%8D%98%E9%A8%8E" n2="%E6%9D%91%E4%BA%95%E3%82%A2%E3%83%9E%E3%82%A6%E3%83%AA" n3="%E7%BD%AA%E5%88%91%E6%B3%95%E5%AE%9A%E4%B8%BB%E7%BE%A9" dan="17,16,16,17" rate="2230.99,2100.95,2091.60,2220.95" sx="M,M,M,M"/><TAIKYOKU oya="0"/><INIT seed="0,0,0,2,2,96" ten="250,250,250,250" oya="0" hai0="94,125,4,12,62,84,20,3,78,117,70,18,13" hai1="43,133,132,100,118,73,114,106,58,74,0,126,135" hai2="5,67,103,9,109,44,66,104,71,68,7,75,59" hai3="15,105,90,134,25,30,60,39,131,124,61,87,110"/><T17/><D117/><U34/><E118/><V128/><F75/><W21/><G110/><T31/><D125/><U11/><E126/><V40/><F128/><W86/><G124/><T45/><D31/><U123/><E123/><V53/><F109/><W129/><G39/><T97/><D3/><U47/><E34/><V54/><F67/><W28/><G105/><T27/><D70/><U92/><E58/><V2/><F5/><W50/><G134/><T69/><D69/><U35/><E92/><V49/><F54/><W82/><G30/><T29/><D62/><U119/><E35/><V16/><F66/><W65/><G50/><T63/><D63/><U89/><E89/><V24/><F40/><W112/><G112/><T108/><D108/><U32/><E32/><V42/><F42/><W113/><G113/><T115/><D45/><U76/><E76/><V52/><F104/><W81/><G15/><N who="0" m="5707" /><D4/><N who="1" m="1415" /><E119/><V107/><F53/><W14/><G14/><T55/><D55/><U99/><E114/><V26/><F44/><W111/><G111/><T127/><D127/><U64/><E64/><V46/><F46/><W33/><G33/><T36/><D36/><AGARI ba="0,0" hai="36,43,47,73,74,99,100,106,132,133,135" m="1415" machi="36" ten="30,3900,0" yaku="20,1,23,1,52,1" doraHai="96" who="1" fromWho="0" sc="250,-39,250,39,250,0,250,0" /><INIT seed="1,0,0,3,4,26" ten="211,289,250,250" oya="1" hai0="109,102,32,71,19,38,43,106,100,89,52,59,10" hai1="124,130,107,53,104,29,58,98,76,121,118,86,91" hai2="51,112,114,120,66,17,0,25,74,50,9,80,135" hai3="116,2,78,68,12,125,133,75,81,67,60,129,14"/><U1/><E118/><V103/><F120/><W93/><G116/><T82/><D109/><U30/><E121/><V97/><F135/><W5/><G133/><T110/><D110/><U131/><E1/><V3/><F66/><W37/><G37/><T13/><D71/><U105/><E76/><N who="2" m="44055" /><F25/><W83/><G129/><N who="1" m="49162" /><E98/><V90/><F90/><W73/><G125/><T48/><D106/><U18/><E18/><V94/><F17/><W42/><G42/><T47/><REACH who="0" step="1"/><D32/><REACH who="0" ten="201,289,250,250" step="2"/><U31/><E124/><V36/><F112/><W88/><G68/><T22/><D22/><U61/><E107/><V134/><F114/><W96/><G75/><T7/><D7/><U69/><E69/><V111/><F111/><W128/><G128/><T33/><D33/><U45/><E45/><V56/><F134/><W27/><G5/><T101/><D101/><U23/><E23/><V113/><F103/><W84/><G73/><T92/><D92/><AGARI ba="0,1" hai="29,30,31,53,58,61,86,91,92,104,105" m="49162" machi="92" ten="30,11600,0" yaku="19,1,52,3" doraHai="26" who="1" fromWho="0" sc="201,-116,289,126,250,0,250,0" /><INIT seed="1,1,0,0,4,38" ten="85,415,250,250" oya="1" hai0="90,45,102,68,86,105,65,106,109,2,101,47,41" hai1="73,23,69,71,53,117,80,88,124,81,64,100,67" hai2="121,51,6,96,30,108,44,21,43,127,25,98,66" hai3="37,39,75,19,59,82,120,40,29,12,74,42,87"/><U97/><E117/><V62/><F108/><W11/><G120/><T78/><D109/><U129/><E129/><V5/><F127/><W34/><G39/><T83/><D2/><U131/><E131/><V36/><F121/><W15/><G37/><T22/><D106/><U89/><E124/><V126/><F126/><W91/><G29/><T104/><D104/><U84/><E53/><V111/><F111/><W70/><G70/><T10/><D47/><U17/><E71/><V103/><F36/><W24/><G24/><T119/><D119/><U94/><E69/><V54/><F96/><W1/><G34/><T72/><D22/><U132/><E132/><V20/><F21/><W0/><G0/><T77/><D10/><U107/><E73/><V123/><F54/><W61/><G1/><T50/><D105/><U56/><E56/><N who="2" m="37191" /><F123/><W26/><G26/><T58/><D68/><U14/><E107/><V31/><F30/><W85/><G85/><AGARI ba="1,0" hai="14,17,23,64,67,80,81,84,85,88,89,94,97,100" machi="85" ten="40,7700,0" yaku="9,1,8,1,54,1" doraHai="38" who="1" fromWho="3" sc="85,0,415,80,250,0,250,-80" /><INIT seed="1,2,0,4,4,62" ten="85,495,250,170" oya="1" hai0="25,75,57,131,112,88,43,44,98,56,81,109,89" hai1="66,58,0,80,116,77,71,79,99,6,124,115,108" hai2="118,125,134,39,61,96,41,76,135,27,69,133,51" hai3="35,37,93,28,46,126,70,22,15,12,113,107,49"/><U74/><E58/><V32/><F118/><W40/><G107/><T110/><D112/><U34/><E115/><V8/><F76/><W111/><G113/><T29/><D131/><U68/><E116/><V30/><F125/><W47/><G111/><N who="0" m="42507" /><D75/><N who="1" m="43071" /><E108/><V91/><F51/><W90/><G70/><T53/><D81/><N who="1" m="45303" /><E124/><V55/><F8/><W10/><G35/><N who="0" m="20911" /><D98/><U122/><E122/><V104/><F55/><W31/><G126/><T20/><D20/><U14/><E71/><V100/><F91/><N who="0" m="34890" /><D53/><U120/><E99/><V129/><F129/><W52/><G22/><T86/><D86/><U7/><E7/><V36/><F41/><W19/><REACH who="3" step="1"/><G15/><REACH who="3" ten="85,495,250,160" step="2"/><T3/><D3/><U85/><E14/><V23/><F23/><W119/><G119/><T1/><D1/><U73/><E0/><V94/><F94/><W101/><G101/><T95/><D95/><U4/><E68/><V84/><F84/><AGARI ba="2,1" hai="10,12,19,28,31,37,40,46,47,49,52,84,90,93" machi="84" ten="30,7700,0" yaku="1,1,7,1,54,1,53,1" doraHai="62" doraHaiUra="50" who="3" fromWho="2" sc="85,0,495,0,250,-83,160,93" /><INIT seed="2,0,0,2,0,76" ten="85,495,167,253" oya="2" hai0="110,122,92,12,57,87,43,96,5,107,7,103,39" hai1="126,27,97,54,14,32,80,79,83,25,11,62,67" hai2="121,30,21,91,117,109,1,133,102,35,10,114,0" hai3="86,101,99,72,13,37,44,36,26,71,118,64,56"/><V132/><F102/><W115/><G72/><T111/><D122/><U49/><E126/><V59/><F121/><W120/><G120/><T81/><D107/><U24/><E32/><V16/><F114/><W3/><G3/><N who="2" m="1097" /><F91/><W23/><G118/><T100/><D100/><U28/><E28/><V65/><F65/><W93/><G71/><T9/><D5/><N who="1" m="3439" /><E79/><V105/><F105/><W130/><G13/><T63/><D39/><U47/><E97/><V127/><F59/><AGARI ba="0,0" hai="24,25,27,47,49,54,59,62,67,80,83" m="3439" machi="59" ten="30,3900,0" yaku="8,1,52,2" doraHai="76" who="1" fromWho="2" sc="85,0,495,39,167,-39,253,0" /><INIT seed="3,0,0,0,0,103" ten="85,534,128,253" oya="3" hai0="52,89,86,120,39,106,3,45,6,124,119,97,0" hai1="100,11,61,55,70,48,87,26,33,13,58,5,27" hai2="94,2,71,15,74,82,64,126,129,24,76,38,20" hai3="127,51,43,4,80,16,115,135,19,44,29,34,1"/><W95/><G115/><T49/><D120/><U60/><E100/><V98/><F129/><W84/><G127/><T114/><D119/><U31/><E70/><V69/><F126/><W41/><G135/><T122/><D122/><U118/><E118/><V121/><F2/><W73/><G43/><T125/><D114/><U65/><E65/><V66/><F38/><W56/><G34/><T59/><D3/><U46/><E27/><V62/><F15/><W9/><G29/><T7/><D0/><U134/><E134/><V63/><F121/><W17/><G95/><T116/><D116/><U47/><E87/><V117/><F117/><W10/><G73/><T18/><D125/><U104/><E104/><V50/><F50/><W113/><G113/><T37/><D124/><U131/><E131/><V83/><F76/><W53/><G10/><T68/><D68/><U32/><E33/><V40/><F40/><W93/><G93/><T67/><D18/><U77/><E77/><V90/><REACH who="2" step="1"/><F74/><REACH who="2" ten="85,534,118,253" step="2"/><W79/><REACH who="3" step="1"/><G19/><AGARI ba="0,1" hai="19,20,24,62,63,64,66,69,71,82,83,90,94,98" machi="19" ten="30,7700,0" yaku="1,1,2,1,7,1,9,1,53,0" doraHai="103" doraHaiUra="54" who="2" fromWho="3" sc="85,0,534,0,118,87,253,-77" /><INIT seed="4,0,0,3,2,134" ten="85,534,205,176" oya="0" hai0="65,90,79,24,95,3,125,82,124,72,61,4,18" hai1="71,13,121,114,43,29,123,69,70,67,113,133,80" hai2="84,91,38,60,104,14,126,62,83,128,78,68,115" hai3="85,56,34,49,77,47,119,41,33,55,48,6,58"/><T116/><D116/><U76/><E133/><V11/><F38/><W45/><G119/><T5/><D24/><U25/><E13/><V94/><F68/><W73/><G73/><T107/><D107/><U109/><E43/><V92/><F92/><W81/><REACH who="3" step="1"/><G6/><REACH who="3" ten="85,534,205,166" step="2"/><T59/><D18/><U31/><E123/><V20/><F128/><W32/><AGARI ba="0,1" hai="32,33,34,41,45,47,48,49,55,56,58,77,81,85" machi="32" ten="30,4000,0" yaku="1,1,2,1,0,1,53,0" doraHai="134" doraHaiUra="7" who="3" fromWho="3" sc="85,-20,534,-10,205,-10,166,50" /><INIT seed="5,0,0,4,0,130" ten="65,524,195,216" oya="1" hai0="52,4,6,65,36,19,38,50,85,115,7,25,8" hai1="100,66,16,5,108,45,0,63,98,102,53,128,93" hai2="79,21,111,97,75,82,81,14,90,33,127,35,69" hai3="103,122,107,72,73,134,70,80,76,126,44,48,116"/><U113/><E113/><V13/><F69/><W29/><G122/><T42/><D115/><U58/><E0/><V26/><F127/><W92/><G70/><T27/><D65/><U131/><E5/><V129/><F111/><W71/><G71/><T125/><D125/><U3/><E3/><V99/><F90/><W18/><G126/><T110/><D110/><U67/><E108/><V9/><F82/><W54/><G29/><T120/><D120/><U132/><E53/><V57/><F14/><W135/><G107/><T17/><D42/><U60/><E16/><N who="0" m="6217" /><D38/><U124/><E93/><V51/><F35/><W96/><G116/><T28/><D36/><U2/><E98/><V91/><F33/><W12/><REACH who="3" step="1"/><G73/><REACH who="3" ten="65,524,195,206" step="2"/><T68/><D68/><U55/><E124/><V10/><F75/><W46/><G46/><N who="0" m="27735" /><D28/><U74/><E74/><V87/><F129/><W62/><G62/><T64/><D8/><AGARI ba="0,1" hai="8,12,18,44,48,54,72,76,80,92,96,103,134,135" machi="8" ten="40,5200,0" yaku="1,1,52,2,53,0" doraHai="130" doraHaiUra="112" who="3" fromWho="0" sc="65,-52,524,0,195,0,206,62" /><INIT seed="6,0,0,2,0,132" ten="13,524,195,268" oya="2" hai0="97,42,17,85,39,104,48,115,27,119,24,47,5" hai1="77,44,35,91,127,53,56,100,0,29,106,114,2" hai2="76,99,64,67,57,28,16,116,59,101,86,46,9" hai3="20,93,65,90,14,22,18,58,6,30,15,125,103"/><V13/><F116/><W72/><G125/><T133/><D133/><U84/><E127/><V4/><F28/><W80/><G103/><T88/><D119/><U110/><E44/><V89/><F76/><W82/><G72/><T19/><D115/><U41/><E91/><V71/><F71/><W52/><G65/><T31/><D104/><U122/><E53/><V1/><F67/><W124/><G124/><T60/><D39/><U45/><E56/><V112/><F46/><W12/><G30/><T43/><D97/><U26/><E84/><V38/><F64/><W51/><G6/><T69/><D69/><U73/><E26/><V95/><F38/><W61/><G51/><T126/><D126/><U11/><E11/><V10/><REACH who="2" step="1"/><F112/><REACH who="2" ten="13,524,185,268" step="2"/><W25/><G22/><T37/><D60/><U32/><E77/><V134/><F134/><W23/><G20/><T40/><D5/><U55/><E29/><V130/><F130/><W7/><G7/><T36/><D36/><U108/><E114/><V62/><F62/><W111/><G111/><T79/><D79/><U94/><E110/><V107/><AGARI ba="0,1" hai="1,4,9,10,13,16,57,59,86,89,95,99,101,107" machi="107" ten="20,7800,0" yaku="1,1,0,1,7,1,54,1,53,0" doraHai="132" doraHaiUra="70" who="2" fromWho="2" sc="13,-26,524,-26,185,88,268,-26" owari="-13,-51.3,498,59.8,273,7.3,242,-15.8" /></mjloggm>