<mjloggm ver="2.3"><GO type="169" lobby="0"/><UN n0="%E3%81%95%E3%81%8D%E3%81%8A%E3%80%82" n1="%E9%B3%B4%E8%8C%B6" n2="%E3%81%82%E3%81%BE%E3%81%82%E3%82%93" n3="%E6%84%9A%E5%85%84%E3%81%8C%E6%84%9A%E5%BD%A2" dan="16,16,17,18" rate="2143.54,2139.78,2117.23,2216.02" sx="M,M,M,M"/><TAIKYOKU oya="0"/><INIT seed="0,0,0,0,3,10" ten="250,250,250,250" oya="0" hai0="48,43,130,59,6,18,4,71,127,29,123,108,32" hai1="42,13,83,103,57,109,16,31,80,27,75,119,87" hai2="124,95,23,91,41,79,17,100,99,133,74,2,90" hai3="51,66,78,20,8,63,76,21,105,3,97,135,129"/><T45/><D71/><U72/><E119/><V126/><F2/><W104/><G129/><T39/><D123/><U101/><E109/><V134/><F41/><W122/><G135/><N who="2" m="51721" /><F23/><W0/><G51/><T30/><D130/><U55/><E42/><V28/><F28/><W117/><G122/><T15/><D127/><N who="2" m="48682" /><F17/><W118/><G8/><T62/><D39/><U26/><E75/><V81/><AGARI ba="0,0" hai="74,79,81,90,91,95,99,100" m="48682,51721" machi="81" ten="40,8000,1" yaku="20,1,18,1,34,2" doraHai="10" who="2" fromWho="2" sc="250,-40,250,-20,250,80,250,-20" /><INIT seed="1,0,0,4,1,78" ten="210,230,330,230" oya="1" hai0="15,43,116,36,55,114,88,90,133,11,112,46,86" hai1="81,31,6,10,67,61,113,83,17,52,2,95,60" hai2="71,102,59,63,103,64,28,72,49,96,20,66,12" hai3="33,76,99,98,130,84,111,85,58,75,7,69,107"/><U77/><E113/><V40/><F72/><W47/><G69/><T8/><D116/><U35/><E95/><V53/><F66/><W32/><G7/><T87/><D133/><U120/><E120/><V91/><F40/><W93/><G47/><T16/><D8/><U30/><E17/><V100/><F12/><W128/><G58/><T13/><D13/><N who="1" m="5335" /><E35/><V41/><F41/><W105/><G111/><T0/><D55/><U119/><E77/><V129/><F129/><N who="3" m="49771" /><G32/><T92/><D0/><U54/><E2/><V18/><F28/><N who="1" m="10793" /><E119/><V25/><REACH who="2" step="1"/><F91/><REACH who="2" ten="210,230,320,230" step="2"/><N who="3" m="53479" /><G75/><T1/><REACH who="0" step="1"/><D1/><REACH who="0" ten="200,230,320,230" step="2"/><U34/><E67/><V70/><F70/><W57/><G33/><T132/><D132/><U44/><E34/><V19/><F19/><W29/><G29/><T48/><D48/><N who="1" m="28679" /><E54/><V124/><F124/><W24/><G24/><T56/><D56/><U134/><BYE who="0" /><E134/><V26/><F26/><W125/><G57/><T126/><D126/><U104/><E104/><AGARI ba="0,2" hai="18,20,25,49,53,59,63,64,71,96,100,102,103,104" machi="104" ten="30,3900,0" yaku="1,1,7,1,53,1" doraHai="78" doraHaiUra="101" who="2" fromWho="1" sc="200,0,230,-39,320,59,230,0" /><INIT seed="2,0,0,5,3,14" ten="200,191,379,230" oya="2" hai0="59,131,68,36,13,47,122,89,126,16,128,99,111" hai1="92,121,44,130,69,6,66,120,19,38,88,102,5" hai2="117,2,33,107,116,42,78,73,32,22,7,82,50" hai3="90,30,25,79,67,28,53,15,93,46,35,125,132"/><V8/><F107/><W62/><G132/><T43/><D43/><N who="1" m="22647" /><E102/><V104/><F104/><W124/><G79/><T45/><D45/><U57/><E69/><V29/><F50/><W105/><G105/><T41/><D41/><U54/><E66/><V0/><F42/><W81/><G81/><T24/><D24/><U55/><E54/><V118/><F29/><W65/><G30/><T119/><D119/><U26/><E130/><V34/><REACH who="2" step="1"/><F22/><REACH who="2" ten="200,191,369,230" step="2"/><W80/><G28/><UN n0="%E3%81%95%E3%81%8D%E3%81%8A%E3%80%82" /><T3/><D68/><U31/><E31/><V74/><F74/><W23/><G23/><T51/><D36/><U20/><E121/><V17/><F17/><W56/><G35/><T9/><D122/><U127/><E120/><V100/><F100/><W12/><G125/><T64/><D126/><U94/><E127/><V27/><F27/><W75/><G25/><T134/><D134/><U39/><E39/><V18/><F18/><W77/><G124/><T109/><D128/><U21/><E21/><V85/><F85/><W114/><G75/><T49/><D131/><U48/><E5/><V37/><F37/><W115/><G115/><T4/><D49/><U72/><E6/><V71/><F71/><W63/><G114/><T52/><D4/><U135/><E135/><V123/><F123/><W97/><G46/><T103/><D103/><U113/><E72/><V108/><F108/><W133/><G133/><T10/><D10/><U106/><E106/><V87/><F87/><N who="3" m="48527" /><G63/><N who="0" m="38015" /><D3/><AGARI ba="0,1" hai="0,2,3,7,8,32,33,34,73,78,82,116,117,118" machi="3" ten="50,9600,0" yaku="1,1,23,2,53,0" doraHai="14" doraHaiUra="70" who="2" fromWho="0" sc="200,-96,191,0,369,106,230,0" /><INIT seed="2,1,0,3,2,44" ten="104,191,475,230" oya="2" hai0="129,78,119,18,64,6,125,81,132,63,95,4,118" hai1="98,103,89,115,1,96,13,10,26,108,111,48,22" hai2="71,11,77,43,56,116,121,51,127,31,9,130,74" hai3="99,23,85,14,27,122,117,84,58,50,0,57,88"/><V49/><F116/><W92/><G0/><T131/><D18/><U45/><E1/><V104/><F121/><W12/><G122/><T100/><D4/><U105/><E115/><V2/><F71/><W72/><G72/><T3/><D6/><U124/><E124/><V25/><F104/><W82/><G84/><T33/><D33/><U39/><E39/><V87/><F74/><W70/><G70/><T37/><D3/><U128/><E128/><N who="0" m="49225" /><D37/><U113/><E113/><V36/><F130/><W40/><G58/><T32/><D32/><U17/><E89/><V38/><F38/><W34/><G34/><T79/><D63/><U126/><E98/><V67/><F36/><W80/><G80/><T76/><D64/><U110/><E126/><V35/><F127/><W134/><G134/><T54/><D54/><U86/><E86/><V133/><F133/><W5/><G5/><T123/><D123/><U73/><E73/><V53/><F67/><W112/><G117/><N who="0" m="44555" /><D132/><U60/><E60/><V106/><F2/><W107/><G112/><T69/><D69/><U19/><E45/><V83/><REACH who="2" step="1"/><F106/><REACH who="2" ten="104,191,465,230" step="2"/><W61/><G107/><T93/><D125/><U102/><REACH who="1" step="1"/><E102/><REACH who="1" ten="104,181,465,230" step="2"/><V62/><F62/><W68/><G61/><T135/><D135/><U75/><E75/><V59/><F59/><W16/><G68/><T42/><D100/><U8/><E8/><V30/><F30/><W97/><G57/><T29/><D29/><U52/><E52/><V46/><AGARI ba="1,2" hai="9,11,25,31,35,43,46,49,51,53,56,77,83,87" machi="46" ten="30,11700,0" yaku="1,1,0,1,52,2,53,0" doraHai="44" doraHaiUra="101" who="2" fromWho="2" sc="104,-40,181,-40,465,140,230,-40" /><INIT seed="2,2,0,4,5,27" ten="64,141,605,190" oya="2" hai0="134,109,33,19,71,125,62,1,15,4,84,60,127" hai1="75,5,115,133,16,100,28,120,47,97,6,59,14" hai2="69,82,39,90,7,58,103,44,106,26,129,135,51" hai3="95,67,132,31,104,74,35,83,11,79,88,70,2"/><V107/><F69/><W68/><G132/><T116/><D134/><U57/><E133/><V63/><F39/><W21/><G35/><T102/><D102/><U66/><E115/><V73/><F129/><W112/><G112/><T30/><D71/><U42/><E75/><V41/><F103/><W22/><G22/><T52/><D84/><U76/><E76/><V86/><F135/><W50/><G67/><T113/><D113/><U117/><E117/><V87/><F73/><W53/><G11/><N who="0" m="2447" /><D116/><U10/><E120/><V37/><F37/><W110/><G110/><T108/><D62/><U114/><E114/><V92/><F7/><W32/><G32/><T119/><D119/><U93/><E28/><V38/><F26/><W111/><G2/><T29/><D52/><U54/><E66/><V61/><F61/><W81/><G81/><T123/><D60/><U48/><REACH who="1" step="1"/><E57/><REACH who="1" ten="64,131,605,190" step="2"/><V36/><F58/><W99/><G70/><T130/><D123/><U96/><E96/><V45/><F87/><W55/><G68/><T121/><D121/><U20/><E20/><V80/><F86/><W8/><G21/><N who="0" m="11519" /><D130/><U77/><E77/><V91/><F45/><W25/><G79/><T101/><D101/><U128/><E128/><V89/><F44/><W17/><G74/><T34/><D34/><U12/><E12/><V56/><F56/><W65/><G65/><T3/><D3/><U85/><E85/><V131/><F131/><W98/><G98/><T122/><D122/><U118/><E118/><V40/><F91/><W13/><G99/><T105/><D33/><U72/><E72/><RYUUKYOKU ba="2,1" sc="64,-10,131,30,605,-10,190,-10" hai1="5,6,10,14,16,42,47,48,54,59,93,97,100" /><INIT seed="3,3,1,0,0,122" ten="54,161,595,180" oya="3" hai0="25,35,24,16,58,73,47,38,75,67,107,18,119" hai1="88,98,62,2,79,6,57,7,132,8,86,89,103" hai2="45,3,113,31,49,56,59,110,135,60,112,0,84" hai3="114,5,65,106,96,43,76,77,134,111,26,124,21"/><W11/><G114/><T40/><D107/><U115/><E115/><V80/><F31/><W48/><G124/><T34/><D119/><U102/><E132/><V42/><F135/><W118/><G118/><T1/><D1/><U10/><E79/><V104/><F104/><W94/><G106/><T126/><D126/><U52/><E98/><V28/><F28/><W127/><G127/><T36/><D58/><U12/><REACH who="1" step="1"/><E89/><REACH who="1" ten="54,151,595,180" step="2"/><V4/><F112/><W117/><G134/><T93/><D93/><AGARI ba="3,2" hai="2,6,7,8,10,12,52,57,62,86,88,93,102,103" machi="93" ten="30,8000,1" yaku="1,1,2,1,7,1,54,2,53,0" doraHai="122" doraHaiUra="71" who="1" fromWho="0" sc="54,-89,151,109,595,0,180,0" owari="-35,-53.5,260,6.0,595,69.5,180,-22.0" /></mjloggm>