<mjloggm ver="2.3"><GO type="169" lobby="0"/><UN n0="%E3%81%8A%E9%AB%98" n1="%43%68%65" n2="%63%2E%63%2D%76%2E%76" n3="%E2%97%8E%E3%82%88%E3%81%97%E2%97%8E" dan="18,16,17,17" rate="2253.70,2180.54,2225.84,2186.74" sx="M,M,F,M"/><TAIKYOKU oya="0"/><INIT seed="0,0,0,0,4,122" ten="250,250,250,250" oya="0" hai0="101,108,53,37,69,100,76,11,123,78,134,27,127" hai1="121,70,57,58,124,20,80,75,41,9,107,97,91" hai2="105,30,10,135,38,102,50,24,117,22,109,19,21" hai3="0,14,52,25,66,39,113,46,45,35,42,3,60"/><T98/><D123/><U85/><E121/><V13/><F38/><W65/><G113/><T92/><D69/><U86/><E75/><V61/><F135/><W130/><G130/><T67/><D37/><U94/><E70/><V104/><F117/><W125/><G125/><T119/><D67/><U89/><E124/><V36/><F36/><W73/><G73/><T16/><D119/><U51/><E9/><V31/><F61/><W26/><G14/><T115/><D115/><U95/><E107/><V132/><F132/><W64/><G35/><T29/><D100/><U32/><E32/><V116/><F116/><W49/><REACH who="3" step="1"/><G60/><REACH who="3" ten="250,250,250,240" step="2"/><T68/><D127/><U82/><E20/><V81/><F13/><W87/><G87/><T93/><D134/><U110/><E110/><V118/><F22/><W47/><G47/><T114/><D114/><U62/><E62/><V71/><F21/><W106/><G106/><T55/><D108/><U48/><E97/><V18/><F105/><W72/><G72/><T99/><D99/><U112/><REACH who="1" step="1"/><E112/><REACH who="1" ten="250,240,250,240" step="2"/><V54/><F104/><W44/><G44/><T126/><D126/><U8/><E8/><V5/><F109/><W56/><G56/><T103/><D98/><U111/><E111/><V90/><F118/><W6/><G6/><T74/><D74/><U129/><E129/><V96/><F5/><W1/><AGARI ba="0,2" hai="0,1,3,25,26,39,42,45,46,49,52,64,65,66" machi="1" ten="40,5200,0" yaku="1,1,0,1,54,1,53,0" doraHai="122" doraHaiUra="79" who="3" fromWho="3" sc="250,-26,240,-13,250,-13,240,72" /><INIT seed="1,0,0,1,2,62" ten="224,227,237,312" oya="1" hai0="114,95,46,72,83,31,81,92,94,89,73,82,41" hai1="120,123,116,13,55,33,110,17,43,130,35,118,77" hai2="19,79,26,101,125,113,102,119,37,112,87,9,98" hai3="14,1,10,127,34,7,97,131,122,57,36,44,47"/><U52/><E43/><V24/><F37/><W128/><G122/><N who="1" m="46634" /><E77/><V61/><F119/><N who="1" m="45609" /><E13/><N who="2" m="7599" /><F125/><W4/><G127/><T28/><D114/><N who="2" m="44138" /><F61/><W126/><G126/><T71/><D71/><U38/><E38/><V45/><F45/><W16/><G36/><T0/><D0/><U49/><E17/><V108/><F101/><W96/><G34/><N who="1" m="12810" /><E49/><V21/><F79/><W60/><G1/><T32/><D89/><U30/><E30/><V109/><F87/><W59/><G60/><T99/><D32/><U88/><E88/><V93/><F26/><W64/><G14/><T15/><D15/><U69/><E69/><V11/><F11/><W103/><G10/><T67/><D28/><AGARI ba="0,0" hai="21,24,28,93,98,102,108,109" m="44138,7599" machi="28" ten="30,1000,0" yaku="11,1" doraHai="62" who="2" fromWho="0" sc="224,-10,227,0,237,10,312,0" /><INIT seed="2,0,0,1,2,95" ten="214,227,247,312" oya="2" hai0="36,2,130,70,103,90,1,117,72,93,122,34,92" hai1="85,114,128,53,83,41,111,45,50,127,129,121,80" hai2="49,27,78,7,84,54,21,22,69,133,120,47,30" hai3="106,107,75,79,48,89,123,67,87,64,65,94,38"/><V57/><F120/><W31/><G123/><T105/><RYUUKYOKU type="yao9" ba="0,0" sc="214,0,227,0,247,0,312,0" hai0="1,2,34,36,70,72,90,92,93,103,105,117,122,130" /><INIT seed="2,1,0,0,1,31" ten="214,227,247,312" oya="2" hai0="45,8,124,24,102,87,68,57,6,47,65,101,37" hai1="33,90,35,112,84,95,89,77,103,55,91,83,79" hai2="100,40,21,29,130,2,53,121,111,25,52,69,109" hai3="120,9,122,58,51,94,15,108,110,134,132,39,135"/><V106/><F2/><W22/><G39/><T64/><D124/><U76/><E112/><V98/><F121/><N who="3" m="46699" /><G51/><T7/><D68/><U66/><E66/><V38/><F69/><W131/><G58/><T85/><D37/><U96/><REACH who="1" step="1"/><E55/><REACH who="1" ten="214,217,247,312" step="2"/><V117/><F117/><W116/><G116/><T80/><D64/><U123/><E123/><V46/><REACH who="2" step="1"/><F130/><REACH who="2" ten="214,217,237,312" step="2"/><W71/><G131/><T13/><D65/><U23/><E23/><V27/><F27/><W16/><G71/><T88/><D24/><U113/><E113/><V4/><F4/><N who="3" m="3495" /><G94/><T86/><D6/><U118/><E118/><V42/><F42/><W133/><G133/><T56/><D7/><U43/><E43/><V10/><F10/><W73/><G73/><T19/><D8/><U26/><E26/><AGARI ba="1,2" hai="16,22,26,108,110,132,134,135" m="3495,46699" machi="26" ten="40,8000,1" yaku="20,1,34,2,54,1" doraHai="31" who="3" fromWho="1" sc="214,0,217,-83,237,0,312,103" /><INIT seed="3,0,0,3,3,65" ten="214,134,237,415" oya="3" hai0="122,26,63,73,93,16,115,91,118,90,70,80,31" hai1="19,105,34,38,133,40,109,131,130,119,88,4,57" hai2="41,44,47,10,6,117,92,71,22,86,107,39,13" hai3="32,87,17,75,106,46,82,134,120,27,111,68,121"/><W21/><G106/><T135/><D118/><U24/><E105/><V69/><F107/><W1/><G1/><T102/><D122/><U48/><E119/><V72/><F117/><W50/><G32/><T84/><D135/><U114/><E114/><V83/><F47/><W51/><G75/><T15/><D115/><U128/><E133/><V59/><F59/><W104/><G104/><T18/><D102/><U55/><E109/><V66/><F66/><W11/><G134/><T81/><D63/><U23/><E4/><V99/><F22/><W101/><G101/><T94/><D70/><U100/><E100/><V127/><F72/><W54/><G68/><T45/><D45/><N who="1" m="23703" /><E34/><V60/><F60/><W125/><G125/><T74/><D74/><U58/><E58/><V28/><F28/><W20/><G111/><T53/><D53/><U77/><E77/><V78/><REACH who="2" step="1"/><F127/><REACH who="2" ten="214,134,227,415" step="2"/><W85/><G21/><N who="0" m="13607" /><D31/><U95/><E131/><V3/><F3/><W8/><G120/><T98/><D73/><U64/><E64/><V43/><F43/><W14/><G121/><T7/><D7/><U61/><E61/><V49/><F49/><W96/><G51/><T112/><D112/><U35/><E35/><V129/><F129/><W108/><G108/><T123/><D123/><U0/><E0/><V89/><AGARI ba="0,1" hai="6,10,13,39,41,44,69,71,78,83,86,89,92,99" machi="89" ten="20,12000,2" yaku="1,1,0,1,7,1,52,2,53,1" doraHai="65" doraHaiUra="5" who="2" fromWho="2" sc="214,-30,134,-30,227,130,415,-60" /><INIT seed="4,0,0,2,1,91" ten="184,104,357,355" oya="0" hai0="124,73,0,11,114,46,54,38,129,125,26,105,43" hai1="10,5,74,131,100,66,27,87,135,32,121,48,55" hai2="109,7,20,113,2,21,15,1,108,56,61,18,57" hai3="70,107,106,110,85,75,3,83,31,84,132,103,16"/><T23/><D114/><U14/><E74/><V40/><F113/><W126/><G70/><T35/><D105/><U24/><E121/><V39/><F39/><W133/><G3/><T116/><D116/><U94/><E131/><V34/><F40/><W69/><G69/><T78/><D54/><U130/><E130/><V4/><F34/><W99/><G31/><T52/><D129/><U96/><E32/><V19/><F15/><W122/><G16/><N who="0" m="12647" /><D52/><U64/><E135/><N who="3" m="51786" /><G122/><T41/><D41/><U58/><REACH who="1" step="1"/><E87/><REACH who="1" ten="184,94,357,355" step="2"/><N who="3" m="33354" /><G110/><T6/><D35/><U65/><AGARI ba="0,1" hai="5,10,14,24,27,48,55,58,64,65,66,94,96,100" machi="65" ten="30,7900,0" yaku="1,1,0,1,8,1,52,1,53,0" doraHai="91" doraHaiUra="67" who="1" fromWho="1" sc="184,-39,94,89,357,-20,355,-20" /><INIT seed="5,0,0,4,5,26" ten="145,183,337,335" oya="1" hai0="104,128,116,84,127,39,133,24,69,30,34,15,134" hai1="29,132,120,36,44,11,103,22,1,8,13,66,80" hai2="14,58,49,109,37,107,65,43,125,83,108,6,31" hai3="32,50,101,85,135,86,118,9,46,121,93,55,35"/><U130/><E120/><V4/><F107/><W56/><G121/><T100/><D116/><U105/><E130/><V18/><F125/><W102/><G135/><N who="0" m="51723" /><D39/><U54/><E132/><V64/><F37/><W25/><G118/><T52/><D69/><U62/><E1/><V19/><F83/><W72/><G72/><T47/><D127/><U16/><E80/><V41/><F58/><W122/><G122/><T3/><D3/><U61/><E61/><V67/><F14/><W81/><G9/><T92/><D104/><U110/><E110/><V87/><F87/><W117/><G117/><T76/><D15/><U75/><E75/><V63/><F63/><W96/><G101/><T45/><D45/><U0/><E103/><V78/><F64/><W74/><G74/><T129/><D100/><U27/><E105/><V17/><F65/><W95/><G95/><T111/><D111/><U94/><E94/><V82/><F67/><W20/><G46/><T71/><D71/><U131/><E131/><N who="0" m="50249" /><D92/><U48/><E36/><V79/><F108/><W10/><G10/><T23/><D34/><U98/><E0/><V60/><F109/><W88/><G86/><T40/><D40/><U68/><REACH who="1" step="1"/><E98/><REACH who="1" ten="145,173,337,335" step="2"/><V70/><F82/><W90/><G102/><T59/><D84/><U57/><E57/><V73/><F73/><W12/><G85/><T119/><D119/><U33/><AGARI ba="0,1" hai="8,11,13,16,22,27,29,33,44,48,54,62,66,68" machi="33" ten="20,12000,1" yaku="1,1,0,1,7,1,52,1,54,1,53,0" doraHai="26" doraHaiUra="113" who="1" fromWho="1" sc="145,-40,173,130,337,-40,335,-40" /><INIT seed="5,1,0,3,4,82" ten="105,303,297,295" oya="1" hai0="90,134,31,105,133,94,3,24,126,97,22,54,110" hai1="80,74,111,124,87,49,1,106,13,107,101,100,118" hai2="5,33,120,117,7,68,78,84,43,8,119,42,38" hai3="18,29,6,128,113,58,86,109,135,77,85,26,121"/><U93/><E1/><V81/><F120/><W67/><G121/><T114/><D110/><U71/><E71/><V73/><F68/><W83/><G109/><T65/><D3/><U11/><E111/><V50/><F33/><W115/><G128/><T47/><D114/><N who="3" m="43529" /><G135/><T130/><D105/><U60/><E118/><V62/><F62/><N who="3" m="38359" /><G6/><T76/><D130/><U9/><E74/><V19/><F38/><W12/><G12/><T99/><D126/><U95/><E124/><V89/><F7/><W98/><G98/><T4/><D4/><U39/><E39/><V21/><F50/><W61/><G18/><T102/><D65/><U66/><E49/><V45/><F45/><W63/><G86/><T91/><D47/><U70/><E107/><V41/><F5/><W0/><G0/><T15/><D15/><U103/><E106/><V53/><F8/><W59/><G59/><T92/><D102/><U37/><E37/><V69/><F69/><W2/><G2/><T35/><D35/><AGARI ba="1,0" hai="26,29,35,61,63,77,83,85" m="38359,43529" machi="35" ten="30,2000,0" yaku="15,1,52,1" doraHai="82" who="3" fromWho="0" sc="105,-23,303,0,297,0,295,23" /><INIT seed="6,0,0,5,0,114" ten="82,303,297,318" oya="2" hai0="48,106,23,30,125,131,101,129,87,75,73,111,52" hai1="16,40,61,84,118,117,66,102,110,113,134,44,93" hai2="7,130,86,63,55,67,88,6,79,1,37,25,28" hai3="112,100,122,18,132,11,8,97,135,69,2,83,19"/><V12/><F37/><W39/><G112/><T47/><D111/><U15/><E113/><V95/><F1/><W32/><G122/><T57/><D125/><U9/><E110/><V94/><F130/><W109/><G109/><T49/><D106/><U70/><E134/><N who="3" m="51242" /><G32/><T59/><D101/><U58/><E70/><V60/><F79/><W96/><G69/><T85/><D23/><U51/><REACH who="1" step="1"/><E84/><REACH who="1" ten="82,293,297,318" step="2"/><V121/><F121/><W31/><G97/><AGARI ba="0,1" hai="9,15,16,40,44,51,58,61,66,93,97,102,117,118" machi="97" ten="40,8000,1" yaku="1,1,2,1,52,2,54,1,53,0" doraHai="114" doraHaiUra="76" who="1" fromWho="3" sc="82,0,293,90,297,0,318,-80" /><INIT seed="7,0,0,2,3,50" ten="82,383,297,238" oya="3" hai0="98,12,61,72,81,59,97,80,130,54,101,28,86" hai1="7,49,90,13,30,78,123,121,11,40,85,25,37" hai2="15,18,89,46,62,115,66,109,56,118,24,68,99" hai3="110,19,64,132,87,14,9,51,0,4,117,112,5"/><W63/><G117/><T94/><D130/><U35/><E37/><V83/><F109/><W91/><G112/><T10/><D72/><U57/><E78/><V74/><F118/><W108/><G132/><T32/><D32/><U104/><E104/><V2/><F2/><W106/><G106/><T105/><D28/><U114/><E114/><V41/><F115/><W3/><G3/><T100/><D105/><U29/><E29/><V53/><F24/><W6/><G0/><T58/><D86/><U128/><E128/><V103/><F74/><W27/><G27/><T26/><D26/><U96/><E96/><V39/><F103/><W76/><G76/><T45/><D45/><U44/><E57/><V95/><F83/><AGARI ba="0,0" hai="7,11,13,25,30,35,40,44,49,83,85,90,121,123" machi="83" ten="30,1000,0" yaku="7,1" doraHai="50" who="1" fromWho="2" sc="82,0,383,10,297,-10,238,0" owari="82,-41.8,393,49.3,287,8.7,238,-16.2" /></mjloggm>