<mjloggm ver="2.3"><GO type="169" lobby="0"/><UN n0="%E3%81%B1%E3%82%93%E3%81%AA%E3%81%93%E3%81%BE%E3%81%A3%E3%81%9F" n1="%E5%85%83%E3%82%AB%E3%83%8E%E7%B3%BB%E3%83%92%E3%83%AD%E3%82%A4%E3%83%B3" n2="%E7%8C%AA%E7%8B%A9%E5%AE%88" n3="%4B%69%74%61%6D%75%72%61" dan="17,16,17,18" rate="2215.72,2170.55,2178.42,2306.86" sx="M,M,M,F"/><TAIKYOKU oya="0"/><INIT seed="0,0,0,2,1,80" ten="250,250,250,250" oya="0" hai0="111,4,100,101,105,93,19,60,46,30,45,42,107" hai1="131,82,96,116,0,71,114,88,122,67,5,72,124" hai2="32,112,94,24,40,38,8,16,90,10,51,70,84" hai3="97,47,118,135,43,79,98,109,103,77,81,123,27"/><T37/><D111/><U95/><E116/><V22/><F70/><W66/><G118/><T113/><D113/><U104/><E122/><V83/><F38/><W50/><G109/><T54/><D4/><U55/><E114/><V126/><F32/><W115/><G115/><T76/><D30/><U92/><E124/><V86/><F126/><W64/><G123/><T7/><D7/><U39/><E131/><V2/><F2/><W57/><G135/><T35/><D35/><U13/><E39/><V36/><F36/><W52/><G27/><T117/><D117/><U23/><E0/><V21/><F112/><W119/><G119/><T44/><D76/><U48/><E104/><V102/><F21/><W3/><G79/><T11/><D60/><U29/><E71/><V28/><F28/><W129/><G129/><T56/><D56/><U78/><E67/><V49/><F102/><W91/><G91/><T20/><D11/><N who="2" m="4138" /><F40/><W18/><G18/><T17/><D42/><U59/><E5/><V106/><F106/><W132/><G3/><T130/><D37/><U133/><E133/><V68/><F68/><W108/><G108/><T69/><D69/><U134/><E134/><V73/><F73/><N who="3" m="43183" /><G132/><T85/><D130/><U53/><E53/><V128/><F128/><W12/><G66/><T6/><D54/><U74/><E74/><V26/><F26/><W25/><G64/><T61/><D107/><U63/><E29/><V31/><F31/><W34/><G52/><T58/><D105/><U9/><E55/><V125/><F125/><W121/><G121/><T127/><D127/><RYUUKYOKU ba="0,0" sc="250,-10,250,-10,250,30,250,-10" hai2="16,22,24,49,51,83,84,86,90,94" /><INIT seed="1,1,0,1,4,12" ten="240,240,280,240" oya="1" hai0="58,116,10,105,83,93,126,113,88,36,110,121,7" hai1="133,68,45,1,32,40,82,79,63,111,134,27,48" hai2="95,37,62,120,21,125,103,67,59,127,109,96,19" hai3="92,33,43,94,6,18,56,24,54,65,129,81,51"/><U74/><E1/><V101/><F120/><W35/><G129/><T39/><D113/><U41/><E41/><V102/><F37/><W8/><G65/><T29/><D116/><U104/><E104/><V87/><F87/><W112/><G112/><T66/><D105/><U17/><E111/><V52/><F67/><W86/><G43/><T76/><D121/><U3/><E3/><V38/><F38/><W72/><G72/><T123/><D123/><U124/><E124/><N who="2" m="47691" /><F109/><W130/><G130/><T42/><D110/><U70/><E63/><V73/><F73/><W114/><G114/><T91/><D126/><U46/><E46/><V9/><F9/><W47/><G47/><T11/><D11/><U55/><E55/><V115/><F115/><W0/><G35/><T117/><D66/><U2/><E2/><V34/><F34/><W78/><REACH who="3" step="1"/><G33/><REACH who="3" ten="240,240,280,230" step="2"/><T107/><D42/><U31/><REACH who="1" step="1"/><E17/><REACH who="1" ten="240,230,280,230" step="2"/><V5/><F5/><W132/><G132/><AGARI ba="1,2" hai="27,31,32,40,45,48,68,70,74,79,82,132,133,134" machi="132" ten="40,7700,0" yaku="1,1,2,1,20,1,53,0" doraHai="12" doraHaiUra="60" who="1" fromWho="3" sc="240,0,230,100,280,0,230,-80" /><INIT seed="1,2,0,4,4,50" ten="240,330,280,150" oya="1" hai0="76,34,37,126,12,41,85,27,101,104,58,112,1" hai1="39,114,35,118,123,68,116,88,135,26,48,67,44" hai2="82,43,24,131,25,5,62,102,78,93,125,38,6" hai3="109,29,60,49,110,36,113,121,71,16,107,19,115"/><U45/><E123/><V70/><F125/><W119/><G36/><T61/><D112/><U69/><E114/><N who="3" m="43530" /><G107/><T83/><D1/><U8/><E135/><V80/><F131/><W90/><G90/><T96/><D126/><U54/><E8/><V56/><F70/><W14/><G29/><T51/><D37/><U81/><E35/><V3/><F38/><W22/><G49/><T105/><D105/><U10/><E26/><N who="2" m="10347" /><F43/><W94/><G94/><T133/><D133/><U84/><E10/><V124/><F124/><W63/><G71/><T53/><D12/><U130/><E130/><V73/><F73/><W65/><G65/><T21/><D34/><U129/><E129/><V17/><F17/><W128/><G128/><T42/><REACH who="0" step="1"/><D51/><REACH who="0" ten="230,330,280,150" step="2"/><U122/><E122/><V20/><F3/><W59/><G14/><T23/><D23/><U55/><E39/><V87/><F20/><W9/><G121/><T0/><D0/><U111/><E116/><V92/><F5/><W127/><G127/><T47/><D47/><U97/><E44/><V98/><F6/><W46/><G46/><T57/><D57/><U74/><E68/><V95/><F80/><W31/><G119/><T77/><D77/><U106/><E118/><V15/><F15/><W28/><G22/><T33/><D33/><U120/><E69/><V79/><F79/><W103/><G59/><T7/><D7/><U30/><E120/><V75/><F75/><W40/><G9/><T11/><D11/><U117/><E117/><V72/><F72/><W13/><G13/><T86/><D86/><U18/><E84/><RYUUKYOKU ba="2,1" sc="230,15,330,-15,280,15,150,-15" hai0="21,27,41,42,53,58,61,76,83,85,96,101,104" hai2="56,62,78,82,87,92,93,95,98,102" /><INIT seed="2,3,1,4,2,113" ten="245,315,295,135" oya="2" hai0="36,83,130,16,105,89,88,28,91,11,77,124,56" hai1="85,53,45,29,87,42,129,25,9,95,120,135,119" hai2="110,24,26,82,39,67,27,107,79,8,103,35,46" hai3="100,3,54,22,94,74,72,75,38,92,58,98,7"/><V0/><F67/><W55/><G38/><T2/><D36/><U122/><E135/><V112/><F112/><W33/><G33/><T21/><D105/><U32/><E129/><V51/><F110/><W69/><G69/><T59/><D130/><U41/><E9/><V102/><F107/><W126/><G126/><T96/><D124/><U121/><E119/><V134/><F134/><W37/><G37/><T34/><D34/><U40/><E95/><V132/><F35/><W17/><G7/><T127/><D127/><U31/><E31/><V108/><F108/><W20/><G3/><T57/><D96/><U71/><E71/><V81/><F81/><W5/><G5/><T131/><D131/><U62/><E45/><V30/><F30/><W15/><G22/><T1/><D11/><U61/><E53/><V109/><F109/><W43/><G43/><T12/><REACH who="0" step="1"/><D28/><REACH who="0" ten="235,315,295,135" step="2"/><U60/><AGARI ba="3,2" hai="25,29,32,40,41,42,60,61,62,85,87,120,121,122" machi="60" ten="40,8000,1" yaku="0,1,29,2,13,1" doraHai="113" who="1" fromWho="1" sc="235,-23,315,109,295,-43,135,-23" /><INIT seed="3,0,0,5,4,101" ten="212,424,252,112" oya="3" hai0="5,111,127,75,72,59,68,133,58,86,121,100,20" hai1="1,53,19,90,61,24,51,91,98,124,83,77,110" hai2="89,62,8,50,4,26,85,44,92,28,117,7,122" hai3="125,48,118,70,135,71,105,11,30,31,131,23,6"/><W18/><G118/><T40/><D68/><U32/><E1/><V46/><F117/><W34/><G135/><T33/><D121/><U67/><E110/><V64/><F122/><W25/><G131/><T57/><D33/><U95/><E124/><V55/><F44/><W109/><G125/><T94/><D127/><U14/><E32/><V93/><F93/><W29/><G34/><T103/><D111/><U82/><E24/><V123/><F123/><W80/><G109/><T119/><D119/><U114/><E114/><V107/><F107/><W116/><G116/><T42/><D133/><U84/><E61/><V130/><F130/><W129/><G129/><T52/><D5/><U22/><E67/><V96/><F85/><W113/><G113/><T43/><D20/><U0/><E0/><V13/><F26/><W15/><G105/><T104/><D104/><U60/><E60/><V65/><F28/><W112/><G112/><T3/><D3/><U38/><E38/><V79/><F79/><W73/><REACH who="3" step="1"/><G48/><REACH who="3" ten="212,424,252,102" step="2"/><T36/><D36/><U35/><E35/><V39/><F39/><W74/><G74/><T63/><D75/><U76/><REACH who="1" step="1"/><E83/><REACH who="1" ten="212,414,252,102" step="2"/><V134/><F134/><W37/><G37/><T12/><D72/><U47/><AGARI ba="0,2" hai="14,19,22,47,51,53,76,77,82,84,90,91,95,98" machi="47" ten="20,12000,2" yaku="1,1,2,1,0,1,7,1,8,1,53,1" doraHai="101" doraHaiUra="41" who="1" fromWho="1" sc="212,-30,414,140,252,-30,102,-60" /><INIT seed="4,0,0,4,0,128" ten="182,554,222,42" oya="0" hai0="132,91,6,49,88,32,41,85,131,39,19,36,112" hai1="126,21,26,71,51,25,80,129,24,72,33,23,57" hai2="3,10,119,84,13,98,4,65,110,64,102,14,11" hai3="111,79,60,67,134,52,9,90,123,68,54,81,1"/><T48/><D131/><U35/><E71/><V95/><F110/><W37/><G111/><T96/><D32/><U105/><E105/><V78/><F119/><W63/><G123/><T20/><D112/><U83/><E129/><V15/><REACH who="2" step="1"/><F10/><REACH who="2" ten="182,554,212,42" step="2"/><W40/><G9/><T77/><D6/><U125/><E35/><V8/><F8/><W42/><G1/><T2/><D2/><U122/><E33/><V69/><F69/><W59/><G134/><T121/><D121/><U86/><E122/><V133/><F133/><W55/><G90/><T30/><D132/><U94/><E125/><V120/><F120/><W56/><G79/><T12/><D77/><U66/><E126/><V87/><F87/><W107/><G107/><T58/><D91/><U53/><E72/><V97/><F97/><W117/><G117/><T0/><D0/><U115/><E115/><V118/><F118/><W50/><G81/><AGARI ba="0,1" hai="3,4,11,13,14,15,64,65,78,81,84,95,98,102" machi="81" ten="40,5200,0" yaku="1,1,53,2" doraHai="128" doraHaiUra="62" who="2" fromWho="3" sc="182,0,554,0,212,62,42,-52" owari="182,-21.8,554,65.4,274,7.4,-10,-51.0" /></mjloggm>