<mjloggm ver="2.3"><GO type="225" lobby="0"/><UN n0="%E6%A3%AE%E5%B1%B1%E7%94%B0%E7%9B%B4%E5%A4%AA%E6%9C%97%E4%B9%8B%E4%BB%8B" n1="%E3%81%A4%E3%81%A3%E3%81%B1%E3%82%8A%E3%83%9D%E3%83%BC%E3%83%AB" n2="%72%61%6B%33" n3="%E6%A1%9C%E8%8A%B1%E9%96%83%E3%80%85" dan="16,17,16,16" rate="2191.03,2174.15,2091.44,2196.09" sx="M,M,M,M"/><TAIKYOKU oya="0"/><INIT seed="0,0,0,0,5,104" ten="250,250,250,250" oya="0" hai0="125,27,32,21,110,67,16,92,76,80,51,62,74" hai1="82,15,24,115,3,75,66,58,12,39,19,29,69" hai2="18,90,4,46,86,78,105,84,31,126,44,57,47" hai3="61,124,45,59,30,81,129,93,26,52,38,100,11"/><T123/><D123/><U65/><E3/><V41/><F126/><W134/><G124/><T60/><D125/><U53/><E39/><V73/><F105/><W23/><G129/><T13/><D110/><U20/><E115/><V22/><F31/><W120/><G120/><T36/><D36/><U77/><E69/><V37/><F4/><W102/><G134/><T87/><D51/><U70/><E70/><V9/><F9/><W48/><G38/><T96/><D87/><U56/><E12/><V131/><F131/><W10/><G81/><T113/><D113/><U25/><E25/><V85/><F90/><W103/><REACH who="3" step="1"/><G93/><REACH who="3" ten="250,250,250,240" step="2"/><T42/><D42/><AGARI ba="0,1" hai="10,11,23,26,30,42,45,48,52,59,61,100,102,103" machi="42" ten="40,8000,1" yaku="1,1,2,1,8,1,54,1,53,0" doraHai="104" doraHaiUra="72" who="3" fromWho="0" sc="250,-80,250,0,250,0,240,90" /><INIT seed="1,0,0,5,2,104" ten="170,250,250,330" oya="1" hai0="27,109,101,23,44,28,125,128,16,76,113,89,82" hai1="3,133,36,78,43,132,21,15,102,60,47,83,126" hai2="57,63,116,127,95,5,11,22,55,115,65,49,62" hai3="80,64,6,32,74,94,105,38,91,131,97,85,73"/><U34/><E34/><V92/><F116/><W1/><G38/><T35/><D113/><U9/><E126/><V42/><F127/><W29/><G64/><T67/><D125/><U122/><E122/><V129/><F129/><W30/><G131/><T71/><D128/><U7/><E102/><V84/><F115/><W59/><G59/><T112/><D109/><U41/><E41/><V20/><F42/><W103/><G32/><T75/><D112/><U110/><E110/><V121/><F121/><W2/><G74/><T111/><D111/><U90/><E90/><V46/><F63/><W130/><G130/><T8/><D101/><U24/><E60/><V45/><F45/><W119/><G119/><T68/><D67/><U50/><E15/><N who="2" m="5615" /><F84/><W93/><G93/><AGARI ba="0,0" hai="20,22,46,49,55,57,62,65,92,93,95" m="5615" machi="93" ten="30,1000,0" yaku="8,1" doraHai="104" who="2" fromWho="3" sc="170,0,250,0,250,10,330,-10" /><INIT seed="2,0,0,5,3,87" ten="170,250,260,320" oya="2" hai0="117,42,6,37,48,109,27,89,101,40,67,70,39" hai1="128,36,1,85,59,98,129,106,2,15,10,135,97" hai2="12,64,80,110,24,38,62,96,50,91,72,3,16" hai3="41,95,65,21,74,23,112,103,68,78,46,55,132"/><V111/><F38/><N who="0" m="14346" /><D6/><U108/><E36/><V44/><F3/><N who="1" m="1033" /><E106/><V13/><F72/><W28/><G132/><T19/><D101/><U121/><E108/><N who="2" m="41515" /><F80/><W66/><G55/><T127/><D109/><U22/><E121/><V32/><F32/><W90/><G112/><T47/><D117/><U115/><E115/><V69/><F24/><W92/><G103/><T31/><D19/><N who="1" m="8695" /><E135/><V51/><F13/><W49/><G92/><T84/><D127/><U9/><E9/><N who="2" m="6159" /><F44/><W18/><G46/><N who="0" m="25671" /><D27/><U71/><E22/><V52/><F52/><W114/><G23/><T5/><D5/><U94/><E128/><V86/><F86/><W133/><G21/><T14/><D84/><U30/><E129/><V35/><F35/><W93/><G74/><T79/><D79/><U61/><E85/><V105/><F105/><W123/><G133/><T60/><D14/><U120/><E120/><V8/><F8/><W20/><G123/><T99/><D31/><U130/><E30/><V56/><F69/><W82/><G68/><T118/><D118/><U131/><E71/><V45/><F45/><W29/><G29/><T17/><D17/><U58/><E131/><V125/><F125/><W83/><G18/><T63/><D70/><U25/><E130/><V57/><F57/><N who="1" m="21513" /><E25/><V26/><F26/><W113/><G28/><T104/><D104/><U126/><E126/><V77/><F77/><W33/><G113/><T116/><D116/><U122/><E122/><V124/><F124/><W11/><G78/><T7/><D7/><U134/><E134/><V102/><F102/><W107/><G114/><RYUUKYOKU ba="0,0" sc="170,-10,250,-10,260,30,320,-10" hai2="50,51,56,62,64,91,96" /><INIT seed="2,1,0,0,2,108" ten="160,240,290,310" oya="2" hai0="129,26,5,112,49,6,41,82,71,99,35,77,2" hai1="85,12,60,10,33,44,45,28,115,68,43,52,94" hai2="125,109,63,30,101,83,50,18,132,1,27,88,86" hai3="11,36,104,16,21,89,51,59,106,97,135,126,121"/><V40/><F1/><W32/><G121/><T7/><D71/><U14/><E115/><V127/><F109/><W116/><G36/><T8/><D129/><U117/><E117/><V58/><F132/><W23/><G32/><T38/><D99/><U84/><E68/><V100/><F18/><W90/><G116/><T128/><D49/><N who="1" m="26783" /><E33/><V39/><F39/><W93/><G135/><T120/><D120/><U75/><E75/><V57/><F57/><W122/><G122/><T72/><D128/><U69/><E69/><V98/><F50/><W113/><G113/><T123/><D123/><U111/><E28/><V131/><F40/><W105/><G126/><N who="2" m="48137" /><F131/><W9/><G90/><T13/><D13/><U25/><E94/><V22/><F98/><W114/><G114/><T42/><D42/><U79/><E111/><V4/><F4/><W31/><G31/><T70/><D112/><U87/><E25/><V67/><AGARI ba="1,0" hai="22,27,30,58,63,67,83,86,88,100,101" m="48137" machi="67" ten="30,3000,0" yaku="18,1,54,1" doraHai="108" who="2" fromWho="2" sc="160,-11,240,-11,290,33,310,-11" /><INIT seed="2,2,0,5,5,6" ten="149,229,323,299" oya="2" hai0="69,84,104,39,44,56,41,64,85,107,51,24,28" hai1="74,26,42,100,12,16,71,105,109,80,54,52,83" hai2="77,50,118,36,68,8,0,123,133,22,90,19,75" hai3="116,92,11,66,126,27,113,4,60,97,96,98,121"/><V23/><F68/><W13/><G116/><T67/><D107/><U48/><E71/><V9/><F36/><W82/><G121/><T34/><D104/><U53/><E109/><V110/><F118/><W93/><G126/><T43/><D43/><U99/><E74/><V3/><F123/><W86/><G27/><T72/><D72/><U61/><E26/><V122/><F122/><W20/><G20/><T47/><D47/><U15/><E15/><V81/><F133/><W14/><G14/><T134/><D67/><U55/><E42/><V129/><F129/><W1/><G1/><T101/><D101/><U25/><E25/><V40/><F22/><W124/><G113/><T120/><D120/><U2/><E2/><V35/><F35/><W89/><REACH who="3" step="1"/><G124/><REACH who="3" ten="149,229,323,289" step="2"/><T31/><D31/><U18/><E61/><V7/><F23/><W114/><G114/><T58/><D134/><U63/><E63/><V127/><F127/><W78/><G78/><T10/><D10/><U59/><REACH who="1" step="1"/><E18/><REACH who="1" ten="149,219,323,289" step="2"/><V132/><F19/><W115/><G115/><T29/><D29/><U95/><E95/><V5/><F132/><W46/><G46/><T45/><D45/><U62/><E62/><V106/><F106/><W87/><G87/><N who="0" m="33355" /><D39/><U94/><E94/><V131/><F75/><W49/><G49/><T117/><D117/><U125/><E125/><V130/><F50/><W102/><G102/><T17/><D17/><U128/><E128/><V88/><F130/><W112/><G112/><T21/><D34/><U119/><E119/><V32/><F131/><W33/><G33/><T79/><D79/><RYUUKYOKU ba="2,2" sc="149,10,219,10,323,-30,289,10" hai0="21,24,28,41,44,51,56,58,64,69" hai1="12,16,48,52,53,54,55,59,80,83,99,100,105" hai3="4,11,13,60,66,82,86,89,92,93,96,97,98" /><INIT seed="3,3,2,4,3,5" ten="159,229,293,299" oya="3" hai0="96,62,76,117,79,122,37,39,119,130,125,43,32" hai1="101,19,91,56,123,108,106,48,51,89,121,44,73" hai2="64,57,18,50,54,95,85,7,8,74,84,41,20" hai3="99,49,35,10,22,113,9,55,61,126,3,24,47"/><W107/><G113/><T81/><D122/><U110/><E73/><V90/><F74/><W0/><G35/><T111/><D32/><U80/><E19/><V102/><F102/><W59/><G126/><T66/><D125/><U86/><E91/><V28/><F28/><W27/><G27/><T23/><D23/><U31/><E31/><V6/><F41/><W52/><G107/><T114/><D96/><N who="1" m="61735" /><E56/><V33/><F33/><W135/><G135/><T69/><D130/><U120/><E44/><V97/><F64/><W72/><G72/><N who="0" m="43143" /><D79/><U29/><E29/><V11/><F6/><W17/><REACH who="3" step="1"/><G99/><REACH who="3" ten="159,229,293,289" step="2"/><T131/><D131/><U134/><E134/><V38/><F38/><N who="0" m="14346" /><D43/><U36/><E36/><V30/><F30/><W46/><G46/><T40/><D40/><U26/><E26/><N who="2" m="14615" /><F7/><W88/><G88/><T71/><D114/><U68/><E123/><V77/><F97/><W13/><G13/><T87/><D87/><U1/><E121/><V124/><F124/><W15/><G15/><T67/><D111/><U16/><E120/><V92/><F92/><W118/><G118/><T128/><D128/><U78/><E89/><V42/><F42/><W115/><G115/><T132/><D132/><U58/><E110/><V105/><F105/><W127/><G127/><T116/><D119/><U93/><E86/><V63/><F84/><W109/><G109/><T82/><D82/><U75/><E80/><V21/><F77/><W34/><G34/><T129/><D129/><U65/><E78/><V60/><F21/><W70/><G70/><T53/><D53/><U14/><E108/><RYUUKYOKU ba="3,3" sc="159,10,229,-30,293,10,289,10" hai0="62,66,67,69,71,116,117" hai2="8,11,50,54,57,60,63,85,90,95" hai3="0,3,9,10,17,22,24,47,49,52,55,59,61" /><INIT seed="3,4,3,1,3,70" ten="169,199,303,299" oya="3" hai0="14,26,25,34,55,125,20,42,83,71,93,82,74" hai1="124,49,73,77,135,134,101,35,33,18,91,99,9" hai2="39,84,87,97,29,32,131,120,17,123,40,22,116" hai3="102,90,53,129,52,59,67,37,46,113,76,107,13"/><W19/><G113/><T31/><D71/><U54/><E124/><V72/><F72/><W78/><G129/><T127/><D74/><U111/><E111/><V63/><F116/><W7/><G7/><T105/><D105/><U88/><E77/><N who="3" m="29802" /><G37/><T89/><D14/><N who="1" m="7503" /><E73/><V98/><F131/><W110/><G107/><T65/><D65/><U79/><E79/><V68/><F32/><W86/><G102/><T104/><D42/><U122/><E122/><N who="2" m="46635" /><F29/><W61/><G46/><T128/><D55/><U130/><E130/><V103/><F39/><W6/><G6/><T4/><D4/><U38/><E35/><V62/><F40/><W44/><G44/><T3/><D3/><U5/><E5/><V45/><F45/><W28/><G28/><N who="0" m="17447" /><D104/><N who="1" m="63551" /><E38/><V80/><F103/><W50/><G50/><T30/><D31/><U48/><E33/><V57/><F68/><W2/><G2/><T109/><D128/><U118/><E118/><V47/><F47/><W51/><G51/><T81/><D109/><U126/><E48/><V12/><F62/><W60/><G60/><T117/><D117/><U16/><E49/><V133/><F80/><N who="0" m="20482" /><T85/><AGARI ba="4,3" hai="26,30,34,85,89,93,125,127" m="20482,17447" machi="85" ten="40,1500,0" yaku="4,1" doraHai="70" who="0" fromWho="0" sc="169,57,199,-8,303,-8,299,-11" /><INIT seed="4,0,0,5,5,86" ten="226,191,295,288" oya="0" hai0="40,15,75,42,132,3,53,18,79,93,134,120,26" hai1="117,35,19,23,55,59,21,72,17,128,105,43,68" hai2="30,61,94,33,24,2,0,38,89,60,85,25,130" hai3="95,100,81,73,102,99,50,124,12,20,98,48,112"/><T29/><D3/><U47/><E117/><V119/><F38/><W87/><G112/><T121/><D93/><U101/><E68/><V27/><F119/><W76/><G124/><T118/><D53/><U31/><E72/><V22/><F130/><W9/><G20/><N who="0" m="11359" /><D118/><U90/><E128/><V34/><F25/><W83/><G83/><N who="0" m="45567" /><D40/><U84/><E35/><V28/><F22/><N who="1" m="8201" /><E105/><V51/><F51/><W10/><G73/><T127/><D42/><U92/><E101/><V133/><F133/><N who="0" m="51306" /><D127/><U64/><E64/><V123/><F123/><N who="0" m="47178" /><D26/><U54/><E43/><V1/><AGARI ba="0,0" hai="0,1,2,24,27,28,30,33,34,60,61,85,89,94" machi="1" ten="30,4000,0" yaku="0,1,9,1,52,1" doraHai="86" who="2" fromWho="2" sc="226,-20,191,-10,295,40,288,-10" owari="206,-19.4,181,-31.9,335,43.5,278,7.8" /></mjloggm>