<mjloggm ver="2.3"><GO type="169" lobby="0"/><UN n0="%E3%81%BE%E3%81%88%E3%81%9F" n1="%E3%81%A5%E3%81%8B%E5%AD%90" n2="%E2%80%A0%E7%99%BD%E5%85%8E%E2%80%A0" n3="%E3%82%88%E3%81%86%E3%81%B8%E3%83%BC%58" dan="17,16,17,17" rate="2205.55,2143.49,2221.15,2243.91" sx="F,M,M,M"/><TAIKYOKU oya="0"/><INIT seed="0,0,0,4,5,71" ten="250,250,250,250" oya="0" hai0="45,29,70,59,94,50,90,129,126,25,77,99,103" hai1="113,20,81,44,31,34,0,26,35,7,3,120,122" hai2="67,117,108,56,118,8,52,69,23,65,97,38,32" hai3="19,102,14,57,47,28,109,82,64,43,106,80,87"/><T61/><D126/><U132/><E81/><V63/><F32/><W48/><G109/><T110/><D129/><U125/><E44/><V127/><F8/><N who="3" m="6599" /><G106/><T62/><D77/><U134/><E125/><V9/><F9/><W39/><G39/><T133/><D133/><N who="1" m="51307" /><E113/><V111/><F23/><W78/><G102/><T46/><D110/><N who="2" m="42026" /><F97/><W2/><G2/><N who="1" m="554" /><E7/><V74/><F74/><W75/><G75/><T41/><D70/><U115/><E115/><V21/><F127/><W128/><G82/><T79/><D79/><U130/><E130/><V16/><F38/><W60/><G128/><T55/><D103/><U15/><E35/><V98/><F98/><W27/><G27/><T107/><D107/><U101/><E101/><V83/><F83/><W93/><G93/><T58/><D46/><U13/><E15/><N who="2" m="9375" /><F69/><W135/><G135/><T119/><D119/><AGARI ba="0,0" hai="52,56,63,65,67,117,118,119" m="9375,42026" machi="119" ten="30,7700,0" yaku="12,1,14,1,54,2" doraHai="71" who="2" fromWho="0" sc="250,-77,250,0,250,77,250,0" /><INIT seed="1,0,0,1,2,71" ten="173,250,327,250" oya="1" hai0="25,69,125,116,34,27,35,12,113,49,72,87,33" hai1="68,11,91,106,45,90,46,93,77,3,107,128,95" hai2="7,129,41,85,2,127,19,30,51,67,22,4,103" hai3="17,59,37,39,28,96,122,80,114,21,60,118,104"/><U108/><E68/><V31/><F129/><W111/><G122/><T16/><D72/><U20/><E128/><V42/><F127/><W50/><G114/><T0/><D69/><U5/><E77/><V83/><F67/><W79/><G28/><N who="2" m="10793" /><F103/><W8/><G8/><T99/><D99/><U1/><E20/><V29/><F29/><W109/><G50/><T76/><D125/><U130/><E130/><V66/><F66/><N who="3" m="39199" /><G96/><T24/><D113/><U70/><E70/><V131/><F2/><W126/><G104/><T98/><D98/><U88/><E108/><N who="3" m="41546" /><G118/><T62/><D62/><U13/><E107/><V38/><F38/><N who="3" m="14347" /><G126/><T81/><D116/><U55/><E106/><V124/><F51/><W135/><G135/><T63/><D49/><U121/><E121/><V56/><F124/><W10/><G10/><T101/><D63/><U84/><E55/><V64/><F131/><W53/><G53/><T134/><D101/><U123/><E123/><V86/><F64/><W36/><N who="3" m="14355" /><W117/><DORA hai="73" /><G117/><T43/><D134/><U74/><E1/><V105/><F105/><W65/><G65/><T133/><D133/><U44/><E3/><V94/><F56/><W119/><G119/><T78/><D43/><U54/><E54/><V61/><F42/><W82/><G79/><T52/><D52/><U32/><E46/><V15/><F61/><W40/><G40/><T14/><D0/><U23/><E45/><V47/><F47/><W89/><G89/><T26/><REACH who="0" step="1"/><D76/><REACH who="0" ten="163,250,327,250" step="2"/><U100/><E44/><V58/><F41/><W9/><G9/><T110/><D110/><RYUUKYOKU ba="0,1" sc="163,15,250,-15,327,-15,250,15" hai0="12,14,16,24,25,26,27,33,34,35,78,81,87" hai3="17,21,80,82" /><INIT seed="2,1,1,4,0,117" ten="178,235,312,265" oya="2" hai0="26,128,134,97,9,120,90,69,132,122,70,93,40" hai1="110,56,22,76,54,49,63,71,107,73,17,100,48" hai2="18,11,96,3,4,6,51,101,10,106,81,64,74" hai3="131,83,118,19,31,79,82,124,53,84,65,103,7"/><V61/><F18/><W1/><G118/><T129/><D40/><U123/><E110/><V99/><F51/><W108/><G65/><T60/><D9/><U112/><E112/><V35/><F99/><W38/><G31/><T41/><D41/><U5/><E5/><V119/><F119/><W24/><G38/><T36/><D26/><U115/><E115/><V45/><F45/><W16/><G1/><T55/><D55/><U94/><E107/><V32/><F81/><W102/><G7/><T66/><D69/><U44/><E71/><V12/><REACH who="2" step="1"/><F74/><REACH who="2" ten="178,235,302,265" step="2"/><W43/><G83/><T68/><D36/><U109/><E73/><V88/><F88/><W58/><G82/><T46/><D46/><U126/><E49/><V114/><F114/><W104/><G19/><T121/><REACH who="0" step="1"/><D68/><AGARI ba="1,2" hai="3,4,6,10,11,12,32,35,61,64,68,96,101,106" machi="68" ten="30,2900,0" yaku="1,1,7,1,53,0" doraHai="117" doraHaiUra="52" who="2" fromWho="0" sc="178,-32,235,0,302,52,265,0" /><INIT seed="2,2,0,0,4,49" ten="146,235,354,265" oya="2" hai0="74,86,37,104,59,114,15,96,33,122,85,103,3" hai1="42,38,45,18,80,34,53,95,97,21,120,108,8" hai2="58,127,126,6,5,115,47,70,22,24,41,101,99" hai3="68,60,117,26,52,69,28,98,12,77,72,36,7"/><V32/><F70/><W90/><G36/><T79/><D114/><U35/><E108/><V82/><F32/><W13/><G117/><T94/><D3/><U63/><E120/><V17/><F115/><W75/><G77/><T92/><D33/><U124/><E124/><N who="2" m="47659" /><F82/><W88/><G98/><T134/><D37/><U133/><E133/><V123/><F58/><N who="3" m="34887" /><G75/><T44/><D44/><U81/><E81/><V71/><F71/><W50/><G72/><T56/><D15/><N who="3" m="5705" /><G69/><T84/><D56/><U29/><E45/><V62/><F62/><W110/><G110/><T113/><D59/><U1/><E63/><V9/><F9/><W57/><G7/><T129/><D113/><U76/><E35/><V40/><F123/><W20/><G68/><T102/><D122/><U118/><E118/><V83/><F5/><W2/><G2/><T61/><D61/><U16/><E1/><V67/><F6/><W132/><G132/><T48/><D134/><U130/><E34/><V54/><F99/><W0/><G0/><T135/><D135/><U11/><E97/><V10/><F10/><W100/><G100/><N who="0" m="62471" /><D48/><U39/><E8/><V73/><F101/><N who="0" m="38410" /><D129/><U87/><E130/><V30/><F40/><W78/><G78/><T64/><D64/><U14/><E42/><V91/><F67/><W119/><G119/><T66/><D66/><U19/><E39/><V55/><F41/><W111/><G111/><T121/><D121/><U23/><E38/><V65/><F65/><W89/><G57/><T93/><D74/><U109/><E109/><V125/><N who="2" m="47667" /><V4/><DORA hai="43" /><F73/><RYUUKYOKU ba="2,0" sc="146,15,235,-15,354,-15,265,15" hai0="79,84,85,86,92,93,94" hai3="20,26,28,50,88,89,90" /><INIT seed="3,3,0,4,3,115" ten="161,220,339,280" oya="3" hai0="80,28,97,106,30,14,46,19,101,134,76,71,116" hai1="57,12,63,24,22,124,107,37,130,85,61,26,121" hai2="42,43,105,74,81,113,40,15,109,23,68,131,102" hai3="88,122,118,64,16,3,41,31,123,50,47,53,98"/><W114/><G114/><T69/><D134/><U9/><E121/><V35/><F35/><W84/><G3/><T29/><D46/><U32/><E107/><V10/><F68/><W0/><G0/><T103/><D103/><U72/><E72/><V95/><F113/><W127/><G118/><T70/><D116/><U110/><E37/><V11/><F105/><W94/><G31/><T18/><REACH who="0" step="1"/><D14/><REACH who="0" ten="151,220,339,280" step="2"/><U92/><E12/><V33/><F15/><W49/><G123/><T52/><D52/><U99/><E110/><V66/><F109/><W36/><G122/><T17/><D17/><U104/><E104/><V120/><F120/><W100/><G64/><T6/><D6/><U21/><E124/><V20/><F66/><W108/><G127/><T58/><D58/><U132/><E132/><V59/><F59/><N who="3" m="33199" /><G108/><T79/><D79/><U27/><E57/><V89/><F102/><W67/><G67/><T54/><D54/><U82/><E9/><V125/><F125/><W111/><G111/><T86/><AGARI ba="3,1" hai="18,19,28,29,30,69,70,71,76,80,86,97,101,106" machi="86" ten="40,5200,0" yaku="1,1,0,1,53,1" doraHai="115" doraHaiUra="93" who="0" fromWho="0" sc="151,71,220,-16,339,-16,280,-29" /><INIT seed="4,0,0,5,5,36" ten="222,204,323,251" oya="0" hai0="125,25,103,23,41,93,112,75,34,63,98,133,7" hai1="124,85,132,27,70,16,20,88,49,94,18,74,127" hai2="11,17,5,42,26,80,91,101,109,113,13,15,116" hai3="12,60,83,72,120,38,44,43,90,118,59,57,9"/><T50/><D112/><U107/><E70/><V66/><F109/><W110/><G110/><T82/><D125/><U24/><E74/><V134/><F134/><W108/><G108/><T79/><D133/><U106/><E132/><V55/><F113/><W86/><G118/><T37/><D37/><U30/><E49/><V68/><F101/><W117/><G117/><T39/><D39/><U78/><E78/><V128/><F128/><W81/><G120/><T99/><D34/><U45/><E45/><V96/><F26/><W115/><G115/><T46/><D7/><U69/><E69/><V64/><F68/><W6/><G72/><T3/><D3/><U61/><E61/><V32/><F32/><W52/><REACH who="3" step="1"/><G59/><REACH who="3" ten="222,204,323,241" step="2"/><T14/><D63/><U2/><E2/><V31/><F116/><W4/><G4/><T135/><D135/><U92/><E127/><V129/><F5/><W1/><G1/><T73/><D75/><U51/><E124/><V114/><F114/><W40/><G40/><T58/><D58/><U119/><E119/><V8/><F42/><W71/><G71/><T54/><D41/><U126/><E126/><V0/><F0/><W111/><G111/><T56/><D56/><U84/><E30/><V53/><F31/><W22/><G22/><T89/><D23/><U28/><E28/><V123/><F123/><W104/><G104/><T130/><D130/><U21/><E51/><V67/><F129/><W131/><G131/><T62/><D62/><U121/><E121/><V77/><F8/><W95/><AGARI ba="0,1" hai="6,9,12,38,43,44,52,57,60,81,83,86,90,95" machi="95" ten="20,12000,2" yaku="1,1,0,1,7,1,52,1,54,1,53,1" doraHai="36" doraHaiUra="48" who="3" fromWho="3" sc="222,-60,204,-30,323,-30,241,130" /><INIT seed="5,0,0,0,2,31" ten="162,174,293,371" oya="1" hai0="94,33,42,134,48,89,97,13,62,0,71,69,80" hai1="61,41,30,93,84,92,18,59,9,96,74,46,131" hai2="5,125,100,14,45,16,28,47,87,64,22,35,91" hai3="7,25,78,72,50,129,101,122,103,73,76,88,132"/><U121/><E131/><V81/><F125/><W55/><G7/><T57/><D0/><U40/><E74/><V107/><F64/><W70/><G70/><T108/><D108/><U117/><E121/><V105/><F5/><W77/><G122/><T109/><D109/><U110/><E117/><V90/><F90/><W12/><G132/><T52/><D134/><U58/><E30/><V68/><F68/><W118/><G12/><T127/><D127/><U79/><E46/><V24/><F100/><N who="3" m="38475" /><G55/><T66/><D33/><U27/><E110/><V102/><REACH who="2" step="1"/><F102/><REACH who="2" ten="162,174,283,371" step="2"/><W124/><G88/><T54/><D69/><U98/><E96/><V23/><F23/><W49/><G78/><T4/><D71/><U3/><E3/><V2/><F2/><W83/><G77/><T112/><D112/><U128/><E128/><V115/><F115/><W26/><G76/><T6/><D80/><N who="1" m="47135" /><E9/><V15/><F15/><W111/><G83/><T51/><D6/><U29/><E98/><V8/><F8/><W20/><G111/><T19/><D4/><U86/><E93/><V63/><F63/><W56/><G124/><T39/><D39/><U1/><E1/><V67/><F67/><W82/><G82/><T17/><D13/><U75/><E75/><V85/><F85/><W99/><G72/><T135/><D135/><U38/><E92/><V106/><AGARI ba="0,1" hai="14,16,22,24,28,35,45,47,81,87,91,105,106,107" machi="106" ten="30,7900,0" yaku="1,1,0,1,52,1,54,1,53,0" doraHai="31" doraHaiUra="123" who="2" fromWho="2" sc="162,-20,174,-39,283,89,371,-20" /><INIT seed="6,0,0,1,1,69" ten="142,135,372,351" oya="2" hai0="49,87,71,53,80,126,101,124,110,82,25,98,28" hai1="15,0,62,39,54,76,27,95,130,37,22,26,24" hai2="40,91,127,128,84,113,75,94,90,77,63,78,93" hai3="115,59,66,112,134,122,20,33,23,29,32,61,132"/><V103/><F113/><N who="3" m="43595" /><G122/><T108/><D71/><U30/><E0/><V43/><F128/><W102/><G102/><T45/><D108/><U89/><E76/><V106/><F127/><N who="0" m="48682" /><D87/><U34/><E15/><V73/><F63/><W135/><G29/><T13/><D13/><U120/><E120/><V6/><F40/><W60/><G60/><T18/><D18/><U11/><E11/><V31/><F43/><W2/><G2/><T50/><D50/><U9/><E9/><V131/><F31/><W125/><G125/><T117/><D117/><U16/><E27/><V114/><F131/><W51/><G51/><T35/><D110/><U48/><E130/><V19/><F19/><W86/><G86/><T99/><D99/><N who="1" m="57839" /><E48/><V107/><F6/><W116/><G116/><T68/><D68/><U14/><E14/><V42/><F42/><W83/><G83/><T105/><AGARI ba="0,0" hai="25,28,35,45,49,53,80,82,98,101,105" m="48682" machi="105" ten="30,1100,0" yaku="18,1" doraHai="69" who="0" fromWho="0" sc="142,11,135,-3,372,-5,351,-3" /><INIT seed="7,0,0,1,3,42" ten="153,132,367,348" oya="3" hai0="60,20,109,103,52,88,72,115,116,74,129,106,9" hai1="133,24,34,131,118,30,114,40,99,57,79,6,102" hai2="32,98,53,104,61,14,108,94,132,59,62,97,4" hai3="18,7,124,51,47,93,112,128,134,85,64,110,89"/><W45/><G112/><T15/><D74/><U21/><E131/><V0/><F108/><W10/><G128/><T27/><D72/><U2/><E133/><V28/><F0/><W11/><G134/><T35/><D35/><U125/><E125/><V22/><F32/><W23/><G124/><T111/><D115/><U87/><E114/><V70/><F104/><W100/><G110/><T63/><D129/><U73/><E118/><V16/><F70/><W58/><G100/><T17/><D116/><U66/><E73/><V48/><F132/><W130/><G130/><T121/><D121/><U25/><E40/><V65/><F4/><W122/><G122/><T50/><D103/><U91/><E79/><V77/><F77/><W19/><G19/><T81/><D106/><U84/><E91/><N who="2" m="55519" /><F98/><W29/><G29/><T75/><D111/><U83/><E83/><V8/><F65/><W127/><G127/><T67/><D67/><U5/><E5/><N who="2" m="3343" /><F28/><W69/><G69/><T36/><D36/><U31/><E2/><V95/><F95/><W54/><G64/><T1/><D1/><U105/><REACH who="1" step="1"/><E6/><REACH who="1" ten="153,122,367,348" step="2"/><V76/><F76/><W119/><G119/><T43/><D43/><U44/><E44/><N who="3" m="16970" /><G7/><N who="0" m="3519" /><D109/><U56/><E56/><V78/><F78/><W96/><G96/><T49/><D75/><U55/><E55/><V41/><F41/><W113/><G113/><T37/><D37/><U46/><E46/><V33/><F33/><W82/><G82/><T12/><D52/><U107/><E107/><V90/><F90/><W3/><G3/><T117/><D117/><U120/><E120/><RYUUKYOKU ba="0,1" sc="153,-30,122,10,367,10,348,10" hai1="21,24,25,30,31,34,57,66,84,87,99,102,105" hai2="16,22,48,53,59,61,62" hai3="10,11,18,23,51,54,58,85,89,93" /><INIT seed="7,1,1,2,5,76" ten="123,132,377,358" oya="3" hai0="45,87,123,17,89,23,98,81,64,43,128,72,92" hai1="30,73,86,0,66,110,88,26,6,100,61,94,117" hai2="113,56,80,11,52,41,124,28,97,75,63,126,65" hai3="109,24,112,59,93,74,57,102,42,20,107,85,39"/><W115/><G74/><T127/><D123/><U69/><E110/><V48/><F113/><N who="3" m="43595" /><G109/><T15/><D127/><N who="2" m="48682" /><F28/><N who="3" m="17415" /><G107/><T68/><D128/><U13/><E117/><V10/><F41/><W101/><G85/><T131/><D131/><U47/><E73/><V60/><F97/><N who="3" m="59567" /><G102/><N who="0" m="60743" /><D72/><U38/><E100/><V90/><F63/><W106/><G106/><T31/><D31/><U132/><E30/><V32/><F32/><W34/><G34/><T54/><D43/><N who="1" m="23031" /><E26/><V116/><F116/><W125/><G125/><T83/><D68/><U29/><E29/><V77/><F90/><W4/><G4/><T19/><D19/><U27/><E27/><V79/><F79/><W105/><G105/><T108/><D108/><U44/><E86/><V8/><F8/><W78/><G78/><T67/><D81/><U5/><E88/><V16/><F16/><W36/><G42/><T122/><D122/><U51/><E94/><V53/><F53/><W3/><G3/><T50/><AGARI ba="1,1" hai="15,17,23,45,50,54,64,67,83,87,89" m="60743" machi="50" ten="30,2000,0" yaku="8,1,52,1" doraHai="76" who="0" fromWho="0" sc="123,33,132,-6,377,-6,358,-11" owari="156,-24.4,126,-37.4,371,47.1,347,14.7" /></mjloggm>