<mjloggm ver="2.3"><GO type="169" lobby="0"/><UN n0="%68%61%73%68%69%30%30%31" n1="%E8%B4%88%E4%BA%BA%E8%A9%A9%E6%96%BC%E5%A4%A2" n2="%70%6F%6E%2D%65%6E" n3="%E3%82%88%E3%81%B4" dan="16,17,16,17" rate="2086.65,2189.96,2111.18,2149.54" sx="M,M,F,M"/><TAIKYOKU oya="0"/><INIT seed="0,0,0,1,2,86" ten="250,250,250,250" oya="0" hai0="16,85,21,50,7,10,94,36,98,28,104,18,110" hai1="78,134,84,35,34,125,5,89,117,133,73,69,115" hai2="97,41,102,126,15,24,40,123,43,19,131,2,128" hai3="53,25,52,119,6,76,124,51,72,17,107,106,47"/><T37/><D104/><U63/><E117/><V135/><F2/><W116/><G6/><T70/><D70/><U33/><E125/><V23/><F123/><W67/><G67/><T8/><D110/><U11/><E115/><V118/><F118/><W62/><G76/><T60/><D85/><U77/><E63/><V66/><F66/><W71/><G72/><T64/><D37/><U80/><E69/><V58/><F58/><W0/><G0/><T30/><D36/><U90/><E77/><V130/><F126/><W109/><G109/><T12/><D50/><U56/><E56/><V48/><F135/><N who="1" m="51721" /><E73/><V26/><REACH who="2" step="1"/><F48/><REACH who="2" ten="250,250,240,250" step="2"/><W95/><G51/><T74/><D64/><U81/><E81/><V105/><AGARI ba="0,1" hai="15,19,23,24,26,40,41,43,97,102,105,128,130,131" machi="105" ten="40,8000,1" yaku="1,1,2,1,0,1,19,1,53,0" doraHai="86" doraHaiUra="3" who="2" fromWho="2" sc="250,-40,250,-20,240,90,250,-20" /><INIT seed="1,0,0,5,3,49" ten="210,230,330,230" oya="1" hai0="128,116,13,47,65,75,35,125,4,6,46,112,7" hai1="109,95,41,59,76,134,108,20,21,11,123,32,14" hai2="111,98,82,36,55,83,114,107,100,68,121,25,50" hai3="5,85,27,92,127,63,72,19,31,87,24,39,79"/><U43/><E123/><V1/><F121/><W26/><G39/><T96/><D75/><U66/><E32/><V8/><F111/><N who="1" m="42569" /><E76/><V16/><F114/><W105/><G105/><T131/><D116/><U101/><E134/><V122/><F122/><W135/><G5/><T2/><D35/><U10/><E95/><V15/><F36/><W42/><G42/><N who="1" m="15882" /><E101/><V99/><F68/><W120/><G92/><T89/><D65/><U22/><E14/><V70/><F70/><W69/><G69/><T117/><D117/><U88/><E88/><V57/><F1/><W64/><G79/><T80/><D2/><U38/><E38/><V0/><F0/><W106/><G106/><T12/><D96/><U91/><E91/><V132/><F132/><W44/><G72/><T115/><D89/><U23/><E23/><V29/><F99/><W62/><G87/><T103/><D125/><U51/><E66/><V30/><F30/><W118/><G85/><T110/><D110/><U3/><E3/><V67/><F67/><W33/><G31/><T74/><D74/><U130/><E130/><N who="0" m="49705" /><D103/><U28/><E28/><V126/><F126/><W97/><G33/><AGARI ba="0,0" hai="8,15,16,25,29,33,50,55,57,82,83,98,100,107" machi="33" ten="30,3900,0" yaku="7,1,52,1,54,1" doraHai="49" who="2" fromWho="3" sc="210,0,230,0,330,39,230,-39" /><INIT seed="2,0,0,4,2,90" ten="210,230,369,191" oya="2" hai0="16,32,40,42,106,0,75,21,29,97,45,98,61" hai1="95,24,53,23,135,119,115,49,41,25,74,94,73" hai2="118,56,66,114,47,125,67,80,122,93,105,87,132" hai3="3,134,112,131,116,62,121,64,83,77,81,126,51"/><V127/><F105/><W69/><G3/><T9/><D75/><U44/><E115/><V82/><F118/><W4/><G4/><T5/><D106/><U58/><E119/><V12/><F114/><W70/><G116/><T120/><D120/><U17/><E135/><V27/><F122/><W50/><G121/><T54/><D61/><U19/><E73/><V124/><F132/><W108/><G134/><T86/><D54/><U68/><E68/><V2/><F2/><W103/><G131/><T6/><D6/><U8/><E74/><V37/><F12/><W76/><G103/><T26/><D86/><U85/><E85/><V99/><F27/><W63/><G64/><N who="2" m="24617" /><F56/><W110/><REACH who="3" step="1"/><G112/><REACH who="3" ten="210,230,369,181" step="2"/><T71/><D71/><U43/><E43/><N who="2" m="23023" /><F87/><W14/><G14/><N who="0" m="9367" /><D42/><U33/><E33/><V57/><F57/><W35/><G35/><T46/><D46/><U111/><E111/><V133/><F133/><W79/><G79/><T34/><D34/><U113/><E113/><V10/><F10/><W107/><G107/><T78/><D78/><U22/><REACH who="1" step="1"/><E8/><REACH who="1" ten="210,220,369,181" step="2"/><V65/><F65/><W123/><G123/><T100/><D100/><AGARI ba="0,2" hai="80,82,93,99,100,124,125,127" m="23023,24617" machi="100" ten="30,2900,0" yaku="18,1,52,1" doraHai="90" who="2" fromWho="0" sc="210,-29,220,0,369,49,181,0" /><INIT seed="2,1,0,4,0,46" ten="181,220,418,181" oya="2" hai0="131,95,128,75,22,88,126,118,0,29,115,30,5" hai1="8,56,101,86,85,89,111,96,105,93,104,9,123" hai2="52,82,40,60,33,61,1,24,87,31,25,37,6" hai3="120,57,69,12,71,110,32,106,23,100,125,53,7"/><V38/><F24/><W44/><G32/><T34/><D75/><U20/><E111/><V67/><F40/><W39/><G110/><T48/><D115/><U81/><E123/><V108/><F108/><W43/><G125/><T70/><D70/><U122/><E122/><V73/><F73/><W127/><G127/><T117/><D34/><U130/><E130/><N who="0" m="49705" /><D5/><U113/><E113/><V114/><F114/><W80/><G120/><T41/><D0/><U58/><E104/><V133/><F133/><W135/><G135/><T2/><D2/><U21/><E86/><V103/><F103/><W42/><G42/><T92/><D92/><U45/><E45/><V64/><F6/><W11/><G80/><T14/><D14/><U83/><E83/><V28/><F28/><N who="0" m="10858" /><D22/><N who="1" m="8811" /><E105/><V35/><F1/><W68/><G23/><T121/><D121/><U74/><E74/><V97/><F35/><W55/><G106/><T79/><D79/><U26/><E26/><V107/><F107/><W27/><G27/><T134/><D134/><U66/><E66/><V102/><F33/><W99/><G99/><N who="0" m="57831" /><D126/><U18/><E18/><V51/><F25/><W72/><G72/><T84/><D84/><U94/><E93/><V77/><F31/><W91/><G7/><T49/><D41/><U50/><E8/><V15/><F15/><W76/><G12/><T16/><D16/><U13/><E9/><V116/><F82/><W47/><G11/><T98/><D98/><U3/><E13/><V59/><F97/><W112/><G112/><T63/><D63/><U124/><E3/><V36/><F61/><RYUUKYOKU ba="1,0" sc="181,30,220,-10,418,-10,181,-10" hai0="48,49,117,118" /><INIT seed="3,2,0,0,1,101" ten="211,210,408,171" oya="3" hai0="31,55,10,123,84,129,95,118,90,27,61,7,28" hai1="74,130,127,96,113,25,45,108,70,47,98,81,5" hai2="112,58,122,97,48,59,6,14,16,2,105,93,76" hai3="119,3,43,124,67,0,80,86,30,26,125,115,40"/><W4/><G115/><T82/><D129/><U99/><E70/><V103/><F112/><W132/><G67/><T72/><D123/><U20/><E113/><V13/><F122/><W73/><G73/><T15/><D118/><U11/><E108/><V92/><F2/><W42/><G119/><T121/><D121/><U23/><E127/><N who="3" m="48714" /><G4/><T8/><D8/><U39/><E130/><V36/><F36/><W46/><G46/><T29/><D72/><U19/><E39/><V63/><F76/><N who="3" m="46343" /><G132/><T52/><D27/><U114/><E114/><V104/><F13/><W126/><N who="3" m="48722" /><W65/><DORA hai="17" /><G65/><T33/><D33/><AGARI ba="2,0" hai="0,3,26,30,33,40,42,43" m="46343,48722" machi="33" ten="40,2000,0" yaku="18,1" doraHai="101,17" who="3" fromWho="0" sc="211,-26,210,0,408,0,171,26" /><INIT seed="3,3,0,4,0,39" ten="185,210,408,197" oya="3" hai0="84,54,22,51,18,63,56,34,110,117,85,95,30" hai1="71,59,31,12,25,75,81,99,120,46,23,107,20" hai2="28,60,61,14,48,45,11,90,78,80,100,15,4" hai3="88,69,77,134,7,21,1,5,68,133,74,67,42"/><W112/><G112/><T0/><D0/><U131/><E71/><V29/><F100/><W118/><G118/><T35/><D110/><U49/><E120/><V130/><F90/><W72/><G77/><T76/><D117/><U9/><E131/><V43/><F130/><W106/><G21/><T124/><D124/><U70/><E70/><V132/><F132/><W62/><G62/><N who="2" m="24169" /><F14/><W94/><G94/><T111/><D111/><U97/><E59/><V93/><F93/><W27/><G27/><T104/><D104/><U58/><E58/><V116/><F116/><W127/><G88/><N who="0" m="53639" /><D30/><U82/><E23/><V101/><F101/><W92/><G92/><T102/><D102/><U114/><E114/><V17/><F17/><W126/><G67/><T115/><D115/><U128/><E128/><V109/><F109/><W2/><G106/><T105/><D105/><U41/><E107/><V38/><F38/><W24/><G24/><T19/><D19/><N who="1" m="8591" /><E75/><V53/><F53/><W135/><G135/><T40/><D35/><U65/><E65/><V86/><AGARI ba="3,0" hai="4,11,15,28,29,43,45,48,78,80,86" m="24169" machi="86" ten="30,4000,0" yaku="25,1,8,1,52,1" doraHai="39" who="2" fromWho="2" sc="185,-13,210,-13,408,49,197,-23" /><INIT seed="4,0,0,1,4,86" ten="172,197,457,174" oya="0" hai0="111,49,103,99,18,25,73,100,95,135,51,126,23" hai1="17,71,123,35,24,19,83,110,5,10,31,63,26" hai2="114,131,79,52,88,113,109,105,108,116,75,68,38" hai3="134,39,34,69,121,58,16,125,81,60,57,65,94"/><T118/><D73/><U62/><E123/><V84/><F68/><W124/><G34/><T9/><D126/><N who="3" m="48745" /><G39/><T29/><D135/><U91/><E110/><N who="2" m="42603" /><F52/><W117/><G117/><T130/><D130/><U115/><E115/><N who="2" m="44043" /><F38/><W20/><G134/><T64/><D118/><U101/><E101/><V70/><F70/><W32/><G32/><T40/><D64/><U106/><E106/><V22/><F22/><W21/><G21/><T8/><D111/><U50/><E26/><V47/><F47/><W119/><G119/><T27/><D103/><U132/><E132/><V56/><F56/><W102/><G81/><T67/><D67/><U0/><E71/><V45/><F45/><W72/><G72/><T76/><D76/><U89/><E83/><N who="2" m="45567" /><F116/><W41/><G41/><T2/><D2/><U28/><E28/><V14/><F14/><N who="3" m="9239" /><G121/><T77/><D77/><U120/><E120/><V93/><F105/><W37/><G37/><T82/><D40/><U92/><E35/><V54/><F54/><W48/><G48/><T12/><D8/><U7/><E50/><V3/><F3/><W53/><G53/><T97/><D27/><U87/><E24/><V6/><F6/><W33/><G33/><T133/><D133/><U55/><E7/><V42/><F42/><W85/><G58/><T90/><D51/><U13/><E55/><V30/><F30/><W122/><G122/><T98/><D49/><U4/><E31/><V128/><AGARI ba="0,0" hai="84,88,93,128,131" m="45567,44043,42603" machi="128" ten="40,8000,1" yaku="15,1,34,2,52,1,54,1" doraHai="86" who="2" fromWho="2" sc="172,-40,197,-20,457,80,174,-20" /><INIT seed="5,0,0,3,1,33" ten="132,177,537,154" oya="1" hai0="132,44,15,25,51,5,107,134,117,14,3,60,96" hai1="0,55,111,97,112,128,85,62,41,114,83,22,77" hai2="87,35,48,126,91,37,72,4,9,67,73,8,69" hai3="122,95,58,27,43,90,113,36,118,56,68,26,7"/><U98/><E128/><V64/><F37/><W34/><G68/><T61/><D117/><U127/><E127/><V28/><F126/><W6/><G122/><T81/><D25/><U119/><E119/><V123/><F123/><W21/><G43/><T23/><D81/><U71/><E41/><V129/><F129/><W79/><G79/><T116/><D96/><U53/><E111/><V30/><F48/><W70/><G70/><T45/><D107/><U115/><E0/><V29/><F35/><W135/><G36/><T102/><D102/><U78/><E78/><V105/><F105/><W74/><G74/><T120/><D116/><U32/><E32/><V93/><F8/><W63/><G58/><T18/><D45/><U24/><E71/><V133/><F133/><N who="0" m="51306" /><D14/><U50/><E62/><V94/><F94/><W65/><G113/><T12/><D12/><U86/><E86/><V42/><F42/><W46/><G46/><T100/><D100/><U92/><E50/><V121/><F121/><W38/><G38/><T40/><D120/><U19/><REACH who="1" step="1"/><E98/><REACH who="1" ten="132,167,537,154" step="2"/><V99/><F99/><N who="3" m="57847" /><G135/><T31/><D61/><U59/><E59/><V17/><F69/><W16/><G118/><T57/><D57/><U82/><E82/><V131/><F131/><W103/><G34/><T54/><D60/><U89/><AGARI ba="0,1" hai="19,22,24,53,55,77,83,85,89,92,97,112,114,115" machi="89" ten="30,18000,2" yaku="1,1,0,1,15,1,53,3" doraHai="33" doraHaiUra="108" who="1" fromWho="1" sc="132,-60,167,190,537,-60,154,-60" /><INIT seed="5,1,0,3,4,82" ten="72,357,477,94" oya="1" hai0="126,14,114,6,121,22,30,73,66,113,85,110,3" hai1="74,117,101,11,16,71,105,1,15,23,20,135,72" hai2="54,52,77,79,42,119,40,86,64,36,130,31,37" hai3="35,76,122,19,46,104,90,112,5,27,124,115,55"/><U26/><E117/><V57/><F119/><W93/><G104/><T49/><D73/><U123/><E123/><V45/><F130/><W91/><G5/><T53/><D110/><U21/><E71/><V127/><F127/><W65/><G76/><T62/><D3/><U41/><E135/><V13/><F31/><W97/><G65/><T33/><D33/><U18/><E1/><V80/><F79/><W83/><G124/><T47/><D6/><U10/><E41/><V94/><F94/><W70/><G70/><T99/><D99/><U25/><E101/><V32/><F32/><W12/><G122/><T4/><D121/><U109/><E105/><V88/><F77/><W56/><G27/><N who="1" m="10250" /><E109/><V34/><F34/><W7/><G7/><T96/><D96/><U2/><E74/><V60/><F13/><W116/><G35/><T92/><D30/><U59/><E59/><V38/><REACH who="2" step="1"/><F42/><REACH who="2" ten="72,357,467,94" step="2"/><W29/><G12/><T131/><D131/><U43/><E43/><V78/><F78/><W84/><G29/><T63/><D126/><U8/><E72/><V67/><F67/><W132/><G116/><T58/><D4/><N who="1" m="1047" /><E10/><V108/><F108/><W133/><G133/><T95/><D95/><U48/><E48/><AGARI ba="1,1" hai="36,37,38,40,45,48,52,54,57,60,64,80,86,88" machi="48" ten="40,8000,1" yaku="1,1,52,1,54,2,53,1" doraHai="82" doraHaiUra="39" who="2" fromWho="1" sc="72,0,357,-83,467,93,94,0" /><INIT seed="6,0,0,5,2,86" ten="72,274,560,94" oya="2" hai0="68,16,65,133,83,39,129,78,2,132,57,74,34" hai1="107,18,114,135,111,52,25,35,1,67,116,50,58" hai2="98,89,80,115,29,11,95,28,87,20,75,32,76" hai3="14,118,56,96,72,55,91,84,61,43,88,9,41"/><V103/><F32/><W101/><G72/><T106/><D34/><U15/><E107/><V60/><F115/><W4/><G118/><T126/><D106/><U33/><E116/><V81/><F20/><W113/><G113/><T124/><D2/><U26/><E111/><V97/><F11/><W82/><REACH who="3" step="1"/><G91/><REACH who="3" ten="72,274,560,84" step="2"/><T125/><D68/><U93/><E114/><V3/><F89/><W6/><G6/><T31/><D31/><U48/><E135/><N who="0" m="51785" /><D39/><U59/><E33/><V104/><F75/><W120/><G120/><T110/><D110/><U90/><E35/><V7/><F7/><W134/><G134/><T12/><D129/><U24/><E1/><V102/><F3/><W112/><G112/><T49/><D65/><U131/><E131/><V21/><F76/><W17/><G17/><T23/><D49/><U77/><E77/><V69/><F29/><W64/><G64/><T105/><D105/><AGARI ba="0,1" hai="4,9,14,41,43,55,56,61,82,84,88,96,101,105" machi="105" ten="30,7700,0" yaku="1,1,7,1,52,1,54,1,53,0" doraHai="86" doraHaiUra="13" who="3" fromWho="0" sc="72,-77,274,0,560,0,84,87" owari="-5,-50.5,274,7.4,560,66.0,171,-22.9" /></mjloggm>