<mjloggm ver="2.3"><GO type="169" lobby="0"/><UN n0="%41%72%69%61" n1="%4D%72%52%41%4D%4F" n2="%E4%B9%9D%E7%B4%8B%E9%BE%8D%E5%8F%B2%E9%80%B2" n3="%57%49%4E%44%59%58%58" dan="16,16,19,16" rate="2175.52,2140.99,2311.64,2152.97" sx="F,M,M,M"/><TAIKYOKU oya="0"/><INIT seed="0,0,0,2,3,49" ten="250,250,250,250" oya="0" hai0="130,88,74,98,57,59,68,6,93,135,28,72,24" hai1="20,126,123,132,80,44,19,62,64,79,86,45,4" hai2="128,75,11,47,39,46,13,113,133,3,124,32,52" hai3="25,41,127,12,56,89,76,71,99,35,2,94,66"/><T34/><D68/><U102/><E123/><V22/><F113/><W61/><G2/><T114/><D114/><U97/><E132/><V43/><F32/><W16/><G127/><T118/><D118/><U100/><E4/><V134/><F75/><W70/><G41/><T115/><D115/><U122/><E126/><V95/><F124/><W96/><G76/><T125/><D125/><U78/><E78/><V17/><F128/><W31/><REACH who="3" step="1"/><G96/><REACH who="3" ten="250,250,250,240" step="2"/><T104/><D130/><U53/><E122/><V27/><F3/><W42/><G42/><T92/><D135/><U58/><E64/><V7/><REACH who="2" step="1"/><F95/><REACH who="2" ten="250,250,240,240" step="2"/><W116/><G116/><T26/><D74/><U69/><E69/><V109/><F109/><W23/><AGARI ba="0,2" hai="12,16,23,25,31,35,56,61,66,70,71,89,94,99" machi="23" ten="20,5200,0" yaku="1,1,0,1,7,1,54,1,53,0" doraHai="49" doraHaiUra="83" who="3" fromWho="3" sc="250,-26,250,-13,240,-13,240,72" /><INIT seed="1,0,0,2,5,129" ten="224,237,227,312" oya="1" hai0="26,9,92,14,119,18,71,81,91,88,68,41,75" hai1="11,100,96,7,84,19,78,87,33,112,67,121,114" hai2="47,6,53,49,123,52,93,103,60,62,21,28,25" hai3="17,130,24,46,58,110,39,95,94,97,54,72,44"/><U29/><E121/><V99/><F123/><W80/><G130/><T51/><D119/><U61/><E19/><V102/><F6/><W48/><G110/><T0/><D0/><U30/><E112/><V86/><F102/><W22/><G39/><T79/><D91/><U126/><E114/><V124/><F124/><W12/><G94/><T64/><D64/><U73/><E73/><V76/><REACH who="2" step="1"/><F53/><REACH who="2" ten="224,237,217,312" step="2"/><W115/><G115/><T40/><D26/><U32/><E126/><V83/><AGARI ba="0,1" hai="21,25,28,47,49,52,60,62,76,83,86,93,99,103" machi="83" ten="30,8000,1" yaku="1,1,2,1,0,1,8,1,54,1,53,0" doraHai="129" doraHaiUra="35" who="2" fromWho="2" sc="224,-20,237,-40,217,90,312,-20" /><INIT seed="2,0,0,3,5,35" ten="204,197,307,292" oya="2" hai0="80,96,56,89,59,124,33,84,102,16,109,1,51" hai1="67,75,127,104,6,38,112,65,4,122,79,74,14" hai2="62,40,63,119,94,5,21,125,34,113,36,9,23" hai3="134,135,106,30,117,43,49,12,3,29,121,132,86"/><V131/><F113/><W55/><G117/><T101/><D109/><U0/><E112/><V28/><F119/><W81/><G106/><T92/><D33/><U32/><E104/><V13/><F125/><W64/><G121/><T90/><D124/><U54/><E32/><V93/><F131/><W72/><G64/><T70/><D70/><U25/><E25/><V52/><F34/><W85/><G43/><T17/><D1/><U26/><E26/><V95/><F28/><N who="3" m="10859" /><G12/><T58/><D51/><U71/><E14/><V20/><F40/><W116/><G3/><T8/><D8/><U68/><E79/><V115/><F36/><W45/><G116/><T129/><D129/><U53/><E127/><V47/><F115/><W57/><G57/><T78/><D90/><U108/><E0/><V7/><F7/><W11/><G11/><T27/><D27/><U123/><REACH who="1" step="1"/><E38/><REACH who="1" ten="204,187,307,292" step="2"/><V10/><F10/><W19/><G19/><AGARI ba="0,1" hai="16,17,19,56,58,59,78,80,84,89,92,96,101,102" machi="19" ten="40,2600,0" yaku="8,1,54,1" doraHai="35" who="0" fromWho="3" sc="204,36,187,0,307,0,292,-26" /><INIT seed="3,0,0,3,5,6" ten="240,187,307,266" oya="3" hai0="68,1,107,79,97,78,26,61,127,47,55,10,87" hai1="12,25,134,106,46,110,93,82,20,132,73,36,86" hai2="54,121,84,7,9,115,21,118,129,119,95,30,32" hai3="69,75,5,100,108,57,41,126,109,22,76,114,31"/><W58/><G114/><T112/><D112/><U42/><E106/><V98/><F115/><W102/><G69/><T65/><D127/><U49/><E110/><N who="3" m="42602" /><G126/><T128/><D128/><U43/><E43/><V51/><F32/><W11/><G41/><T88/><D26/><U85/><E12/><V72/><F72/><W33/><G33/><T91/><D55/><U15/><E15/><V77/><F129/><W124/><G124/><T28/><D28/><U4/><E4/><V50/><F121/><W130/><G31/><T16/><D47/><U133/><E36/><V81/><F21/><W125/><G22/><T8/><D1/><U105/><E105/><V120/><F30/><W80/><G130/><T62/><D62/><U135/><N who="1" m="33792" /><DORA hai="13" /><U116/><E93/><V45/><F51/><W18/><G18/><T39/><D16/><N who="1" m="12423" /><E116/><V67/><F120/><W117/><G117/><T60/><D39/><U123/><E123/><V17/><F17/><W71/><G71/><T23/><D68/><U122/><E122/><V37/><F37/><W40/><G40/><T34/><D107/><U38/><E38/><V29/><F29/><W111/><N who="3" m="42610" /><W104/><DORA hai="24" /><G125/><T52/><D23/><U90/><E90/><V83/><F119/><W44/><G44/><T96/><D34/><U59/><E59/><N who="3" m="22538" /><G104/><T63/><D63/><U53/><E42/><V101/><F118/><W70/><G70/><T14/><D61/><U0/><E0/><AGARI ba="0,0" hai="0,5,11,75,76,80,100,102" m="22538,42610" machi="0" ten="40,7700,0" yaku="14,1,10,1,52,1" doraHai="6,13,24" who="3" fromWho="1" sc="240,0,187,-77,307,0,266,77" /><INIT seed="3,1,0,2,4,113" ten="240,110,307,343" oya="3" hai0="55,19,8,36,120,62,34,67,35,80,23,26,89" hai1="106,93,1,46,105,70,73,124,83,101,111,122,131" hai2="64,25,57,76,108,22,0,114,31,86,127,129,109" hai3="50,100,116,95,65,134,81,96,48,24,126,79,56"/><W119/><G126/><T38/><D120/><U30/><E70/><V104/><F114/><W91/><G134/><T16/><D35/><U82/><E1/><V130/><F104/><N who="1" m="40041" /><E46/><V117/><F0/><W51/><G24/><T17/><D34/><U44/><E44/><V14/><F127/><W98/><G65/><T121/><D121/><U3/><E30/><V87/><F117/><W53/><G96/><T133/><D55/><U32/><E3/><V15/><F15/><W60/><REACH who="3" step="1"/><G91/><REACH who="3" ten="240,110,307,333" step="2"/><T4/><D133/><U52/><E124/><V90/><F90/><W29/><G29/><T72/><D89/><U49/><E122/><V2/><F25/><W66/><G66/><T99/><D99/><U59/><E101/><V7/><F31/><W84/><AGARI ba="1,1" hai="48,50,51,53,56,60,79,81,84,95,98,100,116,119" machi="84" ten="30,18000,2" yaku="1,1,0,1,52,2,53,3" doraHai="113" doraHaiUra="47" who="3" fromWho="3" sc="240,-61,110,-61,307,-61,333,193" /><INIT seed="3,2,0,4,4,77" ten="179,49,246,526" oya="3" hai0="44,28,1,5,66,68,24,100,87,122,49,39,60" hai1="102,19,95,46,89,107,123,20,81,75,132,32,11" hai2="8,83,34,29,131,70,18,126,74,50,116,22,43" hai3="61,4,117,31,72,16,33,65,0,42,36,84,76"/><W51/><G16/><T88/><D122/><U80/><E123/><V23/><F70/><W71/><G84/><T124/><D124/><U97/><E32/><V125/><F116/><W67/><G51/><T40/><D100/><U130/><E130/><V14/><F131/><W82/><G67/><T57/><D1/><U52/><E132/><V129/><F129/><W26/><G117/><T133/><D5/><U62/><E75/><V121/><F121/><W7/><G7/><T63/><D133/><U59/><E11/><V73/><F34/><W25/><G26/><T115/><D115/><U109/><E46/><N who="2" m="25951" /><F29/><W12/><G12/><T21/><D63/><U79/><E79/><N who="2" m="44527" /><F74/><W38/><G42/><T64/><D64/><U58/><E58/><V128/><F128/><W54/><G54/><T103/><D103/><U78/><E78/><V56/><F56/><W135/><G135/><T47/><D47/><U15/><REACH who="1" step="1"/><E109/><REACH who="1" ten="179,39,246,526" step="2"/><V96/><F8/><AGARI ba="2,1" hai="0,4,8,25,31,33,36,38,61,65,71,72,76,82" machi="8" ten="40,12000,1" yaku="33,3,52,1" doraHai="77" who="3" fromWho="2" sc="179,0,39,0,246,-126,526,136" /><INIT seed="3,3,0,2,0,87" ten="179,39,120,662" oya="3" hai0="133,115,90,65,11,77,125,118,102,116,49,123,126" hai1="27,109,83,120,121,13,34,70,135,17,3,53,101" hai2="6,52,26,22,98,82,58,124,112,44,48,7,64" hai3="55,25,23,107,33,28,110,24,74,111,117,9,10"/><W67/><G74/><T39/><D39/><U114/><E70/><V2/><F112/><W4/><G67/><T104/><D65/><U89/><E114/><V60/><F124/><N who="0" m="47722" /><D49/><U5/><E109/><N who="3" m="41482" /><G55/><T59/><D59/><U129/><E129/><V61/><F2/><W18/><G107/><T38/><D38/><U75/><E101/><V32/><F32/><W76/><G76/><T134/><D11/><N who="3" m="4105" /><G117/><T31/><D115/><U0/><E53/><V37/><F61/><W66/><G66/><T43/><D43/><U131/><E75/><V50/><F37/><W99/><G99/><N who="0" m="61535" /><D31/><U14/><E131/><V51/><F98/><W105/><G105/><T47/><D47/><U96/><E96/><V8/><F7/><AGARI ba="3,0" hai="4,7,18,23,24,25,28,33" m="4105,41482" machi="7" ten="30,11600,0" yaku="14,1,10,1,34,2" doraHai="87" who="3" fromWho="2" sc="179,0,39,0,120,-125,662,125" owari="179,-2.1,39,-36.1,-5,-50.5,787,88.7" /></mjloggm>