<mjloggm ver="2.3"><GO type="169" lobby="0"/><UN n0="%E6%99%82%E8%A8%88%E5%9D%82%E9%9B%B6" n1="%74%6F%72%69%30%36%31%32" n2="%E3%81%9F%E3%81%8B%E3%81%AF%E3%81%97%E3%81%83%E3%81%83%E3%81%83" n3="%E3%81%9B%E3%81%A9%E3%81%AA%E3%82%8A%E3%81%82%E3%82%93" dan="16,18,19,17" rate="2161.33,2164.16,2241.13,2180.82" sx="M,M,M,M"/><TAIKYOKU oya="0"/><INIT seed="0,0,0,3,4,119" ten="250,250,250,250" oya="0" hai0="45,133,108,19,94,43,104,77,62,128,83,72,89" hai1="117,93,35,56,2,86,111,131,125,79,26,8,6" hai2="101,5,52,31,74,114,57,121,25,11,47,53,88" hai3="15,100,34,20,61,129,63,81,7,126,48,106,110"/><T115/><D115/><U51/><E111/><V46/><F114/><W59/><G34/><T24/><D104/><U134/><E125/><V65/><F74/><W17/><G129/><T69/><D128/><U60/><E134/><V122/><F101/><W38/><G38/><T64/><D133/><U3/><E117/><V132/><F65/><W118/><G118/><T70/><D108/><U10/><E51/><V73/><F73/><W107/><G110/><T80/><D80/><U55/><E131/><V92/><F132/><W28/><G28/><T85/><D69/><U102/><E79/><V71/><F71/><W120/><G126/><T50/><REACH who="0" step="1"/><D24/><REACH who="0" ten="240,250,250,250" step="2"/><U99/><E26/><V82/><F82/><W13/><G81/><T67/><D67/><U44/><E93/><V87/><F46/><W109/><G109/><T112/><D112/><U68/><E44/><V95/><F47/><W84/><G106/><T49/><D49/><U27/><E27/><V66/><F95/><W75/><G48/><T12/><D12/><U42/><E68/><V123/><F66/><W76/><G13/><T127/><D127/><U90/><E3/><V22/><REACH who="2" step="1"/><F57/><REACH who="2" ten="240,250,240,250" step="2"/><W23/><G59/><T18/><AGARI ba="0,2" hai="18,19,43,45,50,62,64,70,72,77,83,85,89,94" machi="18" ten="30,3000,0" yaku="1,1,0,1,53,0" doraHai="119" doraHaiUra="103" who="0" fromWho="0" sc="240,50,250,-10,240,-10,250,-10" /><INIT seed="0,1,0,0,4,135" ten="290,240,230,240" oya="0" hai0="90,46,50,107,5,127,87,72,38,126,17,19,108" hai1="110,106,73,120,31,118,89,130,116,0,84,124,109" hai2="7,78,100,16,77,94,39,21,27,122,69,52,32" hai3="13,123,1,10,75,18,115,112,111,54,121,23,82"/><T97/><D72/><U59/><E59/><V129/><F122/><N who="3" m="46603" /><G75/><T63/><D38/><U99/><E31/><V58/><F69/><W24/><G82/><T85/><D85/><U60/><E60/><V44/><F32/><W61/><G61/><T133/><D133/><U134/><E0/><V131/><F7/><N who="3" m="1391" /><G54/><N who="0" m="30039" /><D5/><U70/><E70/><V125/><F94/><W56/><G56/><T34/><D34/><U41/><E41/><N who="2" m="22591" /><F100/><W132/><G111/><T11/><D11/><U26/><E73/><V119/><F119/><W105/><G105/><T104/><D108/><U49/><E134/><V57/><F57/><W128/><G132/><T14/><D14/><U95/><E120/><V113/><F113/><N who="3" m="43595" /><G128/><N who="2" m="49225" /><F125/><N who="0" m="47626" /><D63/><AGARI ba="1,0" hai="16,21,27,52,58,63,77,78" m="49225,22591" machi="63" ten="30,3900,0" yaku="19,1,54,2" doraHai="135" who="2" fromWho="0" sc="290,-42,240,0,230,42,240,0" /><INIT seed="1,0,0,3,4,92" ten="248,240,272,240" oya="1" hai0="76,129,101,30,4,82,37,5,71,131,122,103,117" hai1="29,54,21,20,35,84,87,27,63,52,60,49,108" hai2="47,116,57,28,44,93,109,22,133,123,45,128,14" hai3="31,83,119,40,48,53,95,17,62,23,96,85,2"/><U1/><E1/><V66/><F116/><W100/><G119/><T78/><D71/><U99/><E108/><V113/><F123/><W36/><G2/><T38/><D117/><U24/><E35/><V0/><F0/><W59/><G36/><T77/><D82/><U51/><E29/><V13/><F128/><N who="0" m="49226" /><D30/><U16/><REACH who="1" step="1"/><E99/><REACH who="1" ten="248,230,272,240" step="2"/><V39/><F109/><W75/><G31/><T7/><D122/><U68/><E68/><V70/><F70/><W43/><G75/><T112/><D112/><U102/><E102/><AGARI ba="0,1" hai="4,5,7,37,38,76,77,78,101,102,103" m="49226" machi="102" ten="40,5200,0" yaku="28,2,19,1" doraHai="92" who="0" fromWho="1" sc="248,62,230,-52,272,0,240,0" /><INIT seed="2,0,0,2,1,62" ten="310,178,272,240" oya="2" hai0="130,86,41,121,70,101,89,28,53,30,77,32,34" hai1="122,85,16,126,83,39,48,120,36,2,72,11,38" hai2="84,19,45,37,100,55,43,127,111,73,14,74,117" hai3="26,108,1,63,104,54,3,92,102,98,118,20,66"/><V22/><F117/><W123/><G108/><T61/><D121/><N who="1" m="46699" /><E72/><V56/><F111/><W57/><G118/><T49/><D130/><U107/><E107/><V78/><F127/><W106/><G123/><T15/><D77/><N who="1" m="46319" /><E126/><V110/><F110/><W82/><G82/><T114/><D114/><U76/><E76/><V80/><REACH who="2" step="1"/><F100/><REACH who="2" ten="310,178,262,240" step="2"/><W10/><G106/><T29/><D101/><U65/><E65/><V51/><AGARI ba="0,1" hai="14,19,22,37,43,45,51,55,56,73,74,78,80,84" machi="51" ten="20,7800,0" yaku="1,1,2,1,0,1,7,1,53,0" doraHai="62" doraHaiUra="0" who="2" fromWho="2" sc="310,-26,178,-26,262,88,240,-26" /><INIT seed="2,1,0,0,1,67" ten="284,152,350,214" oya="2" hai0="124,108,89,107,90,53,63,40,99,93,81,97,104" hai1="101,62,130,29,86,47,126,87,37,24,135,49,15" hai2="112,85,70,61,91,129,19,35,25,23,133,50,0" hai3="2,123,57,54,82,68,34,72,105,109,18,113,80"/><V43/><F112/><W64/><G123/><T26/><D108/><U118/><E118/><V132/><F0/><W117/><G117/><T116/><D124/><U71/><E37/><V100/><F129/><W13/><G2/><T20/><D40/><U1/><E1/><V88/><F35/><W39/><G39/><T110/><D110/><U111/><E111/><V21/><F100/><W95/><G105/><T45/><D116/><U9/><E135/><N who="2" m="51787" /><F21/><W27/><G109/><T119/><D119/><U134/><E126/><V4/><F4/><W65/><G113/><T131/><D131/><U42/><E101/><V52/><F43/><W60/><G65/><T33/><D33/><U22/><E130/><V75/><F75/><W46/><G72/><T127/><D127/><U66/><REACH who="1" step="1"/><E134/><REACH who="1" ten="284,142,350,214" step="2"/><V69/><F61/><W28/><G60/><T96/><D63/><U125/><E125/><V98/><F98/><W120/><G120/><T31/><D97/><U41/><E41/><V102/><F102/><W3/><G3/><T6/><D96/><U73/><E73/><V92/><F91/><W77/><G77/><T51/><D107/><U84/><E84/><V83/><F92/><W14/><G95/><T55/><D104/><U32/><E32/><V12/><F12/><W30/><G13/><T56/><D90/><U8/><E8/><V59/><AGARI ba="1,1" hai="19,23,25,50,52,59,69,70,83,85,88" m="51787" machi="59" ten="30,12000,1" yaku="20,1,52,2,54,2" doraHai="67" who="2" fromWho="2" sc="284,-41,142,-41,350,133,214,-41" /><INIT seed="2,2,0,5,2,79" ten="243,101,483,173" oya="2" hai0="133,26,53,118,51,25,31,125,17,105,117,132,40" hai1="115,1,99,42,36,52,56,16,121,129,60,20,113" hai2="38,62,55,124,107,97,123,22,73,65,76,82,2" hai3="75,87,101,112,102,57,3,135,12,48,49,47,58"/><V18/><F2/><W43/><G75/><T50/><D105/><U119/><E119/><N who="0" m="45577" /><D125/><U5/><E129/><V32/><F32/><W41/><G3/><T77/><D40/><U54/><E121/><V85/><F38/><W11/><G135/><N who="0" m="51787" /><D77/><U13/><E54/><V88/><F55/><W69/><G69/><T96/><D96/><U6/><E1/><V120/><F124/><W9/><G112/><T100/><D100/><U116/><E116/><V10/><F10/><W72/><G72/><T110/><D110/><U46/><REACH who="1" step="1"/><E99/><REACH who="1" ten="243,91,483,173" step="2"/><V63/><F97/><W98/><G98/><T39/><D53/><U35/><E35/><V127/><F127/><W27/><G102/><T103/><D103/><U94/><E94/><V34/><F34/><W30/><G101/><T111/><D111/><U8/><E8/><V71/><F107/><W126/><G126/><T131/><D131/><U104/><E104/><V64/><F64/><W81/><G9/><T90/><D31/><U84/><E84/><V66/><F66/><W70/><G87/><T23/><D23/><U14/><E14/><V44/><F120/><W74/><G12/><T89/><D25/><U0/><E0/><V108/><F123/><W92/><G11/><T95/><D26/><U29/><E29/><V91/><F108/><W93/><G27/><T109/><D95/><U86/><E86/><V68/><F85/><W59/><G30/><T24/><D24/><U45/><E45/><V128/><F44/><W67/><G47/><T130/><D130/><U21/><E21/><V80/><F128/><W15/><G15/><RYUUKYOKU ba="2,1" sc="243,-10,91,30,483,-10,173,-10" hai1="5,6,13,16,20,36,42,46,52,56,60,113,115" /><INIT seed="3,3,1,2,5,21" ten="233,121,473,163" oya="3" hai0="27,104,60,34,78,90,8,82,29,79,74,89,6" hai1="111,93,43,92,122,26,72,100,101,10,110,85,116" hai2="58,41,48,73,108,9,50,102,96,113,61,13,105" hai3="25,37,67,2,128,38,134,130,49,12,80,120,107"/><W5/><G120/><T109/><D109/><N who="1" m="41483" /><E122/><V55/><F108/><W53/><G107/><T28/><D104/><U15/><E72/><V117/><F113/><W124/><G2/><T52/><D78/><U133/><E133/><V22/><F73/><W14/><G67/><T56/><REACH who="0" step="1"/><D29/><REACH who="0" ten="223,121,473,163" step="2"/><U39/><E116/><V19/><F117/><W75/><G134/><T44/><D44/><N who="1" m="23679" /><E101/><V24/><REACH who="2" step="1"/><F41/><REACH who="2" ten="223,121,463,163" step="2"/><W64/><G128/><T123/><D123/><U97/><E100/><V112/><F112/><W65/><G130/><T16/><D16/><AGARI ba="3,3" hai="9,13,16,19,22,24,48,50,55,58,61,96,102,105" machi="16" ten="30,7700,0" yaku="1,1,7,1,52,1,54,1,53,0" doraHai="21" doraHaiUra="36" who="2" fromWho="0" sc="223,-86,121,0,463,116,163,0" /><INIT seed="4,0,0,3,2,29" ten="137,121,579,163" oya="0" hai0="79,65,33,36,44,112,116,48,19,118,131,32,10" hai1="9,93,87,109,37,133,21,130,72,111,52,49,82" hai2="8,89,92,107,60,7,83,22,86,95,126,53,38" hai3="121,14,135,67,132,61,23,94,6,31,80,113,51"/><T4/><D36/><U2/><E37/><V39/><F107/><W85/><G113/><T18/><D112/><U43/><E43/><V73/><F126/><W24/><G121/><T134/><D131/><U62/><E62/><V66/><F53/><W76/><G51/><T15/><D134/><U129/><E72/><V81/><F22/><W103/><G6/><T97/><D65/><U46/><E93/><V100/><F92/><W27/><G14/><T58/><D58/><U1/><E21/><V26/><F26/><W55/><G55/><T59/><D59/><U90/><E133/><V42/><F100/><W127/><G127/><T98/><D79/><U16/><E2/><V13/><F73/><W3/><G3/><T63/><D63/><U125/><E125/><V17/><F7/><W54/><G54/><T117/><D18/><U120/><E120/><V108/><F108/><N who="1" m="41545" /><E1/><V115/><F115/><W104/><G104/><T28/><D28/><U101/><E101/><V70/><F38/><W119/><G119/><T34/><REACH who="0" step="1"/><D4/><REACH who="0" ten="127,121,579,163" step="2"/><U78/><E78/><V50/><F39/><W128/><G128/><N who="1" m="49258" /><E9/><V71/><F71/><W124/><G124/><T110/><D110/><U56/><E16/><V74/><F17/><N who="3" m="12399" /><G61/><T35/><N who="0" m="8192" /><DORA hai="25" /><T91/><D91/><U11/><E11/><V20/><F8/><W77/><G77/><T41/><AGARI ba="0,1" hai="10,15,19,41,44,48,97,98,116,117,118" m="8192" machi="41" ten="70,18000,2" yaku="1,1,0,1,52,4,53,1" doraHai="29,25" doraHaiUra="96,12" who="0" fromWho="0" sc="127,190,121,-60,579,-60,163,-60" /><INIT seed="4,1,0,5,0,90" ten="317,61,519,103" oya="0" hai0="35,64,55,121,33,115,28,101,81,49,54,72,88" hai1="13,11,27,34,123,111,117,67,79,76,59,84,29" hai2="58,65,45,134,43,22,104,103,70,128,16,51,110" hai3="66,61,68,73,36,129,98,1,24,85,5,44,114"/><T119/><D119/><U132/><E111/><V105/><F110/><W96/><G114/><T25/><D121/><U80/><E123/><V113/><F113/><W15/><G73/><T77/><D101/><U14/><E117/><V133/><F70/><W12/><G1/><T7/><D64/><U50/><E132/><N who="2" m="50795" /><F103/><W94/><G129/><T10/><D35/><U131/><E131/><V2/><F2/><W82/><G24/><T75/><D75/><U109/><E109/><V95/><F95/><W124/><G124/><T31/><D31/><U63/><E50/><V38/><F128/><W52/><G5/><T78/><D78/><U41/><E41/><V60/><F38/><W37/><G96/><T97/><D49/><U0/><REACH who="1" step="1"/><E79/><REACH who="1" ten="317,51,519,103" step="2"/><V83/><F51/><W112/><G112/><T130/><D130/><U30/><E30/><V120/><F43/><W92/><G37/><T4/><D115/><U135/><E135/><V102/><F120/><W74/><G36/><T21/><D77/><U100/><E100/><V47/><F102/><W106/><G44/><T126/><D28/><U69/><E69/><V116/><F116/><W87/><G68/><T91/><D126/><U118/><E118/><V26/><F47/><W23/><G61/><T125/><D125/><U57/><E57/><V19/><F45/><W107/><G107/><T86/><D33/><U46/><E46/><V39/><F39/><W89/><G106/><T71/><D71/><U56/><E56/><V48/><F105/><W17/><G89/><T6/><D91/><U127/><E127/><V20/><F104/><RYUUKYOKU ba="1,1" sc="317,-10,51,30,519,-10,103,-10" hai1="0,11,13,14,27,29,34,59,63,67,76,80,84" /><INIT seed="5,2,1,1,0,127" ten="307,81,509,93" oya="1" hai0="95,114,16,81,109,62,67,126,104,106,72,110,79" hai1="50,77,53,5,128,69,120,129,40,51,116,113,75" hai2="88,65,32,105,117,0,73,123,26,35,97,47,25" hai3="80,2,87,34,42,76,71,64,74,15,132,82,46"/><U20/><E120/><V130/><F123/><W41/><G2/><T24/><D114/><U43/><E113/><V134/><F0/><W22/><G34/><T14/><D126/><U12/><E69/><V21/><F73/><W92/><G132/><T91/><D24/><U45/><E116/><V84/><F117/><W58/><G71/><T99/><D110/><U61/><E61/><V1/><F1/><W70/><G70/><T55/><D55/><U11/><E20/><V83/><F65/><W44/><G92/><T18/><D18/><U27/><E27/><V68/><F68/><W100/><G100/><T37/><D37/><U101/><E101/><V102/><F134/><W86/><G74/><T124/><D124/><U19/><E5/><V13/><F13/><W125/><G125/><T28/><D28/><U9/><E9/><V54/><F25/><W52/><G64/><T115/><D109/><U107/><E107/><V57/><F47/><N who="3" m="17963" /><G15/><T121/><D121/><U78/><E51/><V63/><F130/><N who="1" m="50281" /><E75/><V60/><F60/><N who="3" m="35911" /><G22/><T122/><D122/><U3/><E3/><V111/><F111/><W23/><G23/><T90/><D115/><U93/><E93/><V135/><F135/><W29/><G29/><AGARI ba="2,1" hai="21,26,29,32,35,54,57,63,83,84,88,97,102,105" machi="29" ten="30,2000,0" yaku="7,1,54,1" doraHai="127" who="2" fromWho="3" sc="307,0,81,0,509,36,93,-26" /><INIT seed="6,0,0,4,2,116" ten="307,81,545,67" oya="2" hai0="113,47,9,87,4,32,54,40,91,17,88,111,95" hai1="122,58,77,83,68,76,134,61,119,14,12,2,8" hai2="34,80,133,3,39,92,107,36,19,109,22,129,112" hai3="62,135,123,72,46,26,90,131,75,117,132,130,124"/><V18/><F107/><W108/><G117/><T15/><D32/><U16/><E119/><V106/><F106/><W114/><G108/><T27/><D111/><U79/><E68/><V118/><F34/><W105/><G105/><T55/><D113/><U101/><E2/><V13/><F118/><W24/><G114/><T33/><D91/><U45/><E101/><V120/><F3/><W65/><G46/><T102/><D102/><U104/><E104/><V78/><F112/><W127/><G90/><T25/><D33/><U35/><E35/><V11/><F129/><N who="3" m="49163" /><G123/><T115/><D115/><U48/><E134/><N who="3" m="51242" /><G72/><T37/><D27/><N who="3" m="10281" /><G75/><T97/><D97/><U126/><E122/><V44/><F120/><W125/><G62/><T98/><D98/><U121/><E126/><V73/><F44/><W56/><G56/><T38/><D38/><U86/><E14/><V100/><F109/><W43/><G65/><T21/><AGARI ba="0,0" hai="4,9,15,17,21,25,37,40,47,54,55,87,88,95" machi="21" ten="30,2000,0" yaku="0,1,54,1" doraHai="116" who="0" fromWho="0" sc="307,20,81,-5,545,-10,67,-5" /><INIT seed="7,0,0,0,2,87" ten="327,76,535,62" oya="3" hai0="102,118,17,54,107,20,30,105,3,122,48,76,57" hai1="90,81,41,92,69,135,119,97,132,37,0,111,128" hai2="51,63,50,86,46,84,85,125,60,99,127,31,11" hai3="104,88,49,80,4,47,39,23,18,72,121,109,43"/><W24/><G121/><T124/><D3/><U68/><E111/><V12/><F31/><W1/><G104/><T94/><D30/><U42/><E128/><V65/><F99/><W116/><G116/><T75/><D118/><U61/><E0/><V95/><F95/><W26/><G109/><T83/><D124/><N who="2" m="47690" /><F46/><W70/><G70/><T108/><D108/><U58/><E119/><V19/><F60/><W8/><G49/><T89/><D102/><U40/><E37/><V5/><F5/><W14/><REACH who="3" step="1"/><G88/><REACH who="3" ten="327,76,535,52" step="2"/><T100/><D122/><U91/><E91/><V101/><F101/><W134/><G134/><N who="1" m="51242" /><E81/><V27/><F51/><W7/><G7/><T73/><D100/><U62/><E62/><V64/><F50/><W36/><G36/><T66/><D107/><U123/><E123/><V59/><F63/><W133/><G133/><T120/><D105/><U29/><E29/><V106/><F106/><W33/><G33/><T25/><D120/><U6/><E6/><V9/><F19/><W126/><G126/><T93/><D89/><U21/><E69/><V79/><F79/><AGARI ba="0,1" hai="1,4,8,14,18,23,24,26,39,43,47,72,79,80" machi="79" ten="40,12000,1" yaku="1,1,25,2,53,1" doraHai="87" doraHaiUra="78" who="3" fromWho="2" sc="327,0,76,0,535,-120,52,130" /><INIT seed="7,1,0,0,3,44" ten="327,76,415,182" oya="3" hai0="92,6,72,24,37,100,102,71,14,94,112,8,107" hai1="131,7,20,99,95,89,130,125,66,34,110,127,27" hai2="12,79,43,42,64,74,124,82,103,108,60,113,118" hai3="18,39,68,114,53,36,117,96,59,31,48,106,38"/><W52/><G117/><T58/><D71/><U67/><E34/><V70/><F118/><W51/><G68/><T133/><D37/><U93/><E7/><V10/><F108/><W50/><G31/><T61/><D72/><U1/><E1/><V78/><F113/><W0/><G0/><T101/><D107/><U13/><E13/><V49/><F124/><N who="1" m="47689" /><E20/><V4/><F79/><W29/><G29/><T81/><D133/><U55/><E27/><V33/><F33/><W111/><G114/><T128/><D128/><N who="1" m="49195" /><E55/><V46/><F103/><W9/><G111/><T23/><D112/><U73/><E66/><V85/><F74/><W122/><G122/><T2/><D81/><U129/><N who="1" m="49203" /><U123/><DORA hai="115" /><E67/><V83/><F83/><W80/><G80/><T126/><D2/><U135/><E110/><V3/><F3/><W104/><G96/><T69/><D69/><U97/><E73/><V30/><F30/><W26/><G9/><T91/><D91/><N who="1" m="55487" /><E123/><V63/><F63/><W22/><REACH who="3" step="1"/><G51/><REACH who="3" ten="327,76,415,172" step="2"/><T32/><D126/><U109/><E109/><V98/><F98/><W15/><G15/><T119/><D119/><U41/><E41/><AGARI ba="1,1" hai="4,10,12,41,42,43,46,49,60,64,70,78,82,85" machi="41" ten="30,7700,0" yaku="7,1,25,2,52,1" doraHai="44,115" who="2" fromWho="1" sc="327,0,76,-80,415,90,172,0" owari="327,12.7,-4,-50.4,505,60.5,172,-22.8" /></mjloggm>