<mjloggm ver="2.3"><GO type="169" lobby="0"/><UN n0="%E5%A4%A9%E6%89%8D%E3%82%A4%E3%83%99%E3%83%AA%E3%82%B3%E8%B1%9A" n1="%E3%83%94%E3%83%B3%E3%82%B5%E3%83%AD%E5%BA%97%E5%93%A1" n2="%6F%79%6D%32%30%4E%4F%56" n3="%E4%BB%8A%E6%97%A5%E4%B8%80" dan="16,17,16,17" rate="2077.28,2255.83,2162.76,2224.58" sx="F,M,M,M"/><TAIKYOKU oya="0"/><INIT seed="0,0,0,4,4,112" ten="250,250,250,250" oya="0" hai0="33,122,131,49,60,64,94,42,31,86,135,4,102" hai1="83,123,77,19,95,27,34,47,13,63,128,39,132" hai2="22,133,84,32,74,92,110,52,7,130,73,120,126" hai3="53,116,82,71,2,8,26,134,40,59,25,9,91"/><T21/><D122/><U103/><E123/><V67/><F120/><W109/><G71/><T20/><D131/><U115/><E128/><V11/><F32/><W45/><G134/><T118/><D135/><U87/><E132/><V66/><F133/><W18/><G109/><T43/><D118/><U58/><E115/><V48/><F110/><W36/><G116/><T121/><D121/><U88/><E103/><V50/><F126/><W81/><G2/><T117/><D4/><U57/><E39/><V29/><F74/><W51/><G82/><T90/><D117/><U85/><E47/><V68/><F50/><W15/><G9/><T61/><D61/><U80/><E34/><V108/><F73/><W38/><G38/><T105/><D49/><U97/><E27/><N who="2" m="16631" /><F68/><W114/><G114/><T106/><D21/><U125/><E125/><V10/><F108/><W1/><G1/><T24/><D20/><U99/><E80/><V56/><F130/><W35/><G35/><T129/><D129/><U28/><E28/><V16/><F7/><W119/><G119/><T89/><D89/><U78/><E78/><V69/><F69/><W14/><G14/><T46/><D46/><U3/><E3/><V111/><F111/><W124/><G124/><T75/><D75/><U30/><E30/><V55/><F55/><W70/><G70/><N who="0" m="42247" /><D106/><U12/><E58/><V107/><F107/><W6/><G6/><T54/><D54/><N who="1" m="34231" /><E13/><N who="2" m="7223" /><F11/><AGARI ba="0,0" hai="11,12,19,77,83,85,87,88,95,97,99" m="34231" machi="11" ten="30,2000,0" yaku="8,1,54,1" doraHai="112" who="1" fromWho="2" sc="250,0,250,20,250,-20,250,0" /><INIT seed="1,0,0,5,5,56" ten="250,270,230,250" oya="1" hai0="38,41,10,83,86,59,122,89,22,98,35,44,84" hai1="76,62,9,130,32,19,99,112,37,85,101,129,17" hai2="24,36,29,13,58,57,18,64,75,131,60,102,61" hai3="67,52,117,125,120,134,1,46,80,43,96,70,107"/><U87/><E112/><V21/><F131/><N who="1" m="50185" /><E32/><V78/><F36/><W28/><G120/><T50/><D122/><U8/><E37/><V115/><F115/><W97/><G1/><T14/><D35/><U0/><E76/><V73/><F102/><W26/><G134/><T69/><D69/><U11/><E0/><V7/><F7/><W54/><G125/><T45/><D22/><U92/><E62/><V82/><F75/><W51/><G80/><T128/><D128/><U74/><E74/><V65/><REACH who="2" step="1"/><F13/><REACH who="2" ten="250,270,220,250" step="2"/><W53/><G117/><T4/><D14/><U93/><E93/><V114/><F114/><W91/><G107/><T5/><D38/><U20/><E19/><AGARI ba="0,1" hai="18,19,21,24,29,57,58,60,61,64,65,73,78,82" machi="19" ten="40,8000,1" yaku="1,1,9,1,52,2,53,0" doraHai="56" doraHaiUra="6" who="2" fromWho="1" sc="250,0,270,-80,220,90,250,0" /><INIT seed="2,0,0,3,3,82" ten="250,190,310,250" oya="2" hai0="32,97,119,101,16,120,110,87,108,117,73,128,18" hai1="52,50,6,59,132,129,56,28,90,15,10,44,46" hai2="51,35,26,88,134,135,27,19,31,112,109,123,47" hai3="48,133,103,0,105,53,99,67,126,131,36,33,71"/><V69/><F69/><W20/><G33/><T130/><D73/><U39/><E129/><N who="0" m="49769" /><D32/><U106/><E106/><V21/><F112/><W37/><G131/><T1/><D1/><U124/><E132/><V5/><F123/><W12/><G0/><T58/><D58/><U86/><E124/><V96/><F5/><W74/><G74/><T72/><D72/><U23/><E39/><V104/><F104/><W42/><G133/><T89/><D120/><U107/><E107/><V75/><F75/><W4/><G42/><T49/><D49/><U94/><E59/><V57/><F57/><W8/><G20/><T25/><D97/><U7/><E7/><V113/><F113/><W24/><G24/><AGARI ba="0,0" hai="6,10,15,23,24,28,44,46,50,52,56,86,90,94" machi="24" ten="40,5200,0" yaku="8,1,52,1,54,1" doraHai="82" who="1" fromWho="3" sc="250,0,190,52,310,0,250,-52" /><INIT seed="3,0,0,2,0,78" ten="250,242,310,198" oya="3" hai0="130,85,123,55,41,13,10,27,120,11,17,54,98" hai1="40,89,25,15,34,68,31,1,87,112,39,59,72" hai2="57,97,48,107,43,64,83,94,46,37,76,56,122" hai3="5,63,60,95,35,128,47,116,91,80,51,121,33"/><W0/><G121/><T42/><D130/><U22/><E112/><V113/><F107/><W7/><G116/><T119/><D119/><U101/><E68/><V104/><F104/><W36/><G128/><T45/><D98/><U90/><E72/><V81/><F113/><W23/><G36/><T14/><D27/><U96/><E1/><V106/><F106/><W126/><G126/><T8/><D8/><U84/><E39/><V28/><F28/><W16/><G35/><T125/><D125/><U73/><E73/><V75/><F122/><W71/><G33/><T129/><D129/><U117/><E40/><V110/><F110/><W102/><G102/><T82/><D42/><U92/><E117/><V67/><F81/><W103/><G103/><T99/><D99/><U100/><E96/><V133/><F133/><W65/><G63/><T118/><D118/><U66/><E15/><V3/><F3/><W88/><G0/><T4/><D123/><U109/><E34/><V30/><F30/><W38/><G38/><T74/><D74/><U50/><E109/><V52/><REACH who="2" step="1"/><F56/><REACH who="2" ten="250,242,300,198" step="2"/><W124/><G124/><T70/><D70/><U20/><E59/><V114/><F114/><W134/><G134/><T9/><D120/><U105/><E105/><V77/><F77/><W127/><G127/><T49/><D9/><U19/><E31/><V62/><F62/><W61/><G60/><T58/><D58/><U111/><E111/><V29/><F29/><W79/><G79/><AGARI ba="0,1" hai="4,10,11,13,14,17,41,45,49,54,55,79,82,85" machi="79" ten="30,8000,1" yaku="7,1,25,2,8,1,52,1" doraHai="78" who="0" fromWho="3" sc="250,90,242,0,300,0,198,-80" /><INIT seed="4,0,0,3,5,74" ten="340,242,300,118" oya="0" hai0="16,73,48,111,101,83,77,91,99,75,81,25,134" hai1="45,84,65,109,27,20,32,85,23,110,129,68,97" hai2="135,78,131,58,94,3,56,87,9,0,52,34,7" hai3="11,24,103,132,112,128,44,61,38,79,15,42,12"/><T33/><D134/><U116/><E116/><V86/><F131/><W76/><G112/><T93/><D111/><U31/><E129/><V60/><F135/><W133/><G128/><T100/><D48/><U57/><E68/><V71/><F71/><W92/><G133/><T95/><D33/><U6/><E6/><V130/><F130/><W1/><G1/><T115/><D16/><U30/><E97/><V17/><F34/><W88/><G103/><T54/><D54/><U8/><E8/><V26/><F3/><W123/><G132/><T35/><D25/><U53/><E32/><V127/><F127/><W29/><G61/><T4/><D4/><U10/><E10/><V117/><F117/><W105/><G105/><T50/><D50/><N who="1" m="28879" /><E110/><V126/><F126/><W19/><G15/><T90/><D35/><U70/><E70/><V67/><F94/><W82/><G82/><T98/><D115/><U89/><E109/><V14/><F26/><W36/><G36/><T69/><D69/><U18/><E23/><V64/><F87/><N who="1" m="33353" /><E89/><V2/><F58/><W108/><G123/><T46/><D46/><U104/><E104/><V62/><F62/><AGARI ba="0,0" hai="18,20,27,30,31,57,62,65" m="33353,28879" machi="62" ten="30,1000,0" yaku="8,1" doraHai="74" who="1" fromWho="2" sc="340,0,242,10,300,-10,118,0" /><INIT seed="5,0,0,1,4,54" ten="340,252,290,118" oya="1" hai0="58,71,69,124,15,14,75,27,94,99,76,4,109" hai1="1,107,59,2,115,83,29,40,96,113,38,106,98" hai2="128,85,34,130,66,126,134,102,19,97,70,39,30" hai3="44,43,25,119,31,16,80,35,60,111,33,5,68"/><U92/><E29/><V120/><F120/><W72/><G111/><T8/><D109/><U108/><E108/><V50/><F39/><W24/><G119/><T122/><D124/><U20/><E20/><V13/><F126/><W3/><G72/><T91/><D122/><U110/><E110/><V89/><F66/><W61/><G80/><T112/><D112/><N who="1" m="43083" /><E83/><V11/><F70/><W12/><G68/><T17/><D27/><U133/><E133/><V23/><F34/><W90/><G90/><T121/><D76/><U117/><E117/><V73/><F73/><W51/><G5/><T48/><D75/><U79/><E79/><V46/><F23/><W105/><G3/><N who="1" m="1034" /><E40/><V88/><F30/><W129/><G129/><N who="2" m="49769" /><F85/><W32/><G105/><N who="1" m="39946" /><E38/><V9/><F9/><W67/><G25/><T62/><D121/><U55/><E92/><N who="2" m="58663" /><F134/><W77/><G77/><T53/><D71/><U101/><E101/><V103/><F103/><W42/><G42/><AGARI ba="0,0" hai="11,13,19,42,46,50,88,89" m="58663,49769" machi="42" ten="30,2000,0" yaku="19,1,54,1" doraHai="54" who="2" fromWho="3" sc="340,0,252,0,290,20,118,-20" /><INIT seed="6,0,0,2,3,10" ten="340,252,310,98" oya="2" hai0="17,31,67,133,8,52,1,9,42,126,48,80,35" hai1="86,28,18,20,61,87,131,3,58,111,103,110,117" hai2="73,21,108,55,36,69,122,56,105,88,19,127,104" hai3="37,93,132,46,15,0,68,123,51,53,26,109,12"/><V25/><F122/><W125/><G109/><T106/><D106/><U119/><E3/><V39/><F108/><W40/><G0/><T96/><D126/><U27/><E111/><V14/><F127/><W30/><G125/><T54/><D133/><U74/><E74/><V34/><F73/><W95/><G132/><T45/><D96/><U13/><E110/><V84/><F69/><W32/><G123/><T100/><D100/><U7/><E131/><V134/><F134/><W101/><G93/><T23/><D67/><U107/><E7/><V130/><F130/><W29/><G29/><T4/><D9/><U97/><E119/><V129/><F129/><W57/><REACH who="3" step="1"/><G68/><REACH who="3" ten="340,252,310,88" step="2"/><T121/><D121/><U64/><REACH who="1" step="1"/><E117/><REACH who="1" ten="340,242,310,88" step="2"/><V112/><F105/><W135/><G135/><T91/><D31/><U114/><E114/><V47/><F112/><W99/><AGARI ba="0,2" hai="12,15,26,30,32,37,40,46,51,53,57,95,99,101" machi="99" ten="30,8000,1" yaku="1,1,0,1,52,2,53,1" doraHai="10" doraHaiUra="49" who="3" fromWho="3" sc="340,-20,242,-20,310,-40,88,100" /><INIT seed="7,0,0,3,4,20" ten="320,222,270,188" oya="3" hai0="90,38,43,121,107,78,81,5,24,127,12,30,13" hai1="112,128,134,102,108,84,131,1,98,14,32,21,73" hai2="130,105,80,61,19,17,57,26,9,99,113,118,11" hai3="132,122,124,29,135,33,2,94,82,62,49,126,74"/><W51/><G122/><T22/><D121/><U55/><E108/><V101/><F118/><W6/><G94/><T41/><D127/><N who="3" m="48681" /><G62/><T115/><D107/><U63/><E1/><V28/><F130/><N who="1" m="49705" /><E32/><V120/><F113/><W125/><N who="3" m="48689" /><W104/><DORA hai="83" /><G104/><T53/><D38/><U56/><E73/><V69/><F120/><W47/><G6/><T103/><D78/><U54/><E112/><V117/><F117/><W34/><G2/><T79/><D103/><U52/><E134/><N who="3" m="51242" /><G29/><T60/><D115/><U23/><E84/><V110/><F110/><W100/><G100/><T59/><D79/><U16/><E23/><V89/><F9/><W75/><G51/><T27/><D5/><U76/><E76/><V0/><F11/><W106/><G106/><AGARI ba="0,0" hai="14,16,21,52,54,55,56,63,98,102,106" m="49705" machi="106" ten="30,3900,0" yaku="19,1,54,2" doraHai="20,83" who="1" fromWho="3" sc="320,0,222,39,270,0,188,-39" owari="320,42.0,261,-13.9,270,7.0,149,-35.1" /></mjloggm>