<mjloggm ver="2.3"><GO type="169" lobby="0"/><UN n0="%E3%80%8C%E3%82%AD%E3%82%BF%E3%80%8D" n1="%E3%82%BC%E3%83%B3%E3%83%84%E3%83%9E%E3%82%B7%E3%83%BC%E3%83%B3" n2="%73%61%6E%67%6F%64%64%6F" n3="%41%72%69%61" dan="16,16,17,16" rate="2053.47,2149.76,2174.66,2140.42" sx="M,M,M,F"/><TAIKYOKU oya="0"/><INIT seed="0,0,0,2,0,4" ten="250,250,250,250" oya="0" hai0="119,73,51,1,113,30,6,46,125,60,121,95,92" hai1="27,74,35,49,22,86,127,43,96,68,56,110,19" hai2="37,58,102,106,32,87,7,21,24,63,131,34,103" hai3="71,98,66,65,75,25,62,67,97,39,0,13,99"/><T3/><D113/><U117/><E74/><V82/><F37/><W20/><G0/><T14/><D119/><U54/><E68/><V129/><F7/><W64/><G75/><T11/><D121/><U135/><E117/><V59/><F106/><W128/><G128/><T124/><D73/><U44/><E110/><V83/><F21/><W130/><G130/><T123/><D30/><U50/><E127/><N who="0" m="48713" /><D60/><U88/><E135/><V36/><F87/><W52/><G39/><T120/><D14/><U23/><E35/><V133/><F36/><W77/><G77/><T18/><D18/><U69/><E69/><V111/><F63/><W45/><G13/><T100/><D3/><U2/><E2/><V72/><F72/><W84/><G84/><T132/><D132/><U29/><E96/><V126/><F126/><W89/><G89/><T40/><D95/><N who="1" m="54679" /><E23/><V17/><F17/><AGARI ba="0,0" hai="17,19,22,27,29,43,44,49,50,54,56" m="54679" machi="17" ten="30,2000,0" yaku="8,1,54,1" doraHai="4" who="1" fromWho="2" sc="250,0,250,20,250,-20,250,0" /><INIT seed="1,0,0,4,5,14" ten="250,270,230,250" oya="1" hai0="102,22,75,27,5,62,119,92,110,6,41,131,117" hai1="134,52,13,99,135,48,100,88,46,53,111,47,21" hai2="45,112,105,61,35,24,71,113,29,73,51,55,125" hai3="127,15,109,40,79,89,108,81,133,114,25,57,54"/><U42/><E111/><N who="3" m="42570" /><G114/><N who="2" m="44137" /><F73/><W74/><G40/><T121/><D75/><U38/><E53/><V64/><F105/><W56/><G127/><AGARI ba="0,0" hai="24,29,35,45,51,55,61,64,71,125,127" m="44137" machi="127" ten="30,1000,0" yaku="11,1" doraHai="14" who="2" fromWho="3" sc="250,0,270,0,230,10,250,-10" /><INIT seed="2,0,0,3,5,13" ten="250,270,240,240" oya="2" hai0="115,5,46,70,35,24,66,26,76,133,27,102,120" hai1="96,49,86,39,41,112,106,38,110,11,44,32,4" hai2="42,53,124,135,122,17,103,130,109,57,73,113,68" hai3="21,55,3,127,19,62,2,74,125,33,8,80,108"/><V67/><F103/><W9/><G74/><T65/><D120/><U98/><E112/><V7/><F73/><W50/><G80/><T97/><D115/><U75/><E75/><V118/><F113/><W89/><G89/><T121/><D121/><U83/><E32/><V60/><F118/><W10/><G62/><T47/><D76/><U48/><E110/><V59/><F122/><W1/><G108/><T82/><D82/><U31/><E31/><V34/><F34/><W14/><REACH who="3" step="1"/><G33/><REACH who="3" ten="250,270,240,230" step="2"/><T116/><D35/><U117/><E83/><V23/><F109/><W94/><G94/><T99/><D102/><U78/><E117/><V107/><F107/><W100/><G100/><T87/><D116/><U93/><E93/><V90/><F90/><W25/><G25/><T45/><D27/><U101/><E101/><V79/><F60/><W119/><G119/><T6/><D26/><U40/><E106/><V37/><F79/><W84/><G84/><T95/><D87/><U16/><E86/><V61/><F61/><W29/><G29/><T36/><D24/><U131/><E78/><V20/><F23/><W52/><G52/><T85/><D85/><U15/><E98/><V123/><F20/><W18/><G18/><T104/><D99/><U22/><E96/><V128/><F17/><W58/><AGARI ba="0,1" hai="1,2,3,8,9,10,14,19,21,50,55,58,125,127" machi="58" ten="40,5200,0" yaku="1,1,0,1,52,1,53,0" doraHai="13" doraHaiUra="92" who="3" fromWho="3" sc="250,-13,270,-13,240,-26,230,62" /><INIT seed="3,0,0,1,3,41" ten="237,257,214,292" oya="3" hai0="47,13,103,8,122,63,14,4,6,35,126,124,78" hai1="101,99,66,32,128,68,88,15,48,20,59,100,2" hai2="84,82,27,50,70,131,127,93,73,0,87,51,115" hai3="86,76,91,72,28,90,120,112,125,29,34,104,19"/><W49/><G112/><T107/><D35/><U10/><E32/><V92/><F115/><W83/><G120/><T114/><D114/><U85/><E128/><V26/><F0/><W16/><G125/><T38/><D122/><U30/><E68/><V7/><F127/><W106/><G34/><T64/><D78/><U134/><E134/><V129/><F70/><W108/><G108/><T56/><D103/><U81/><E2/><V21/><F21/><W96/><G106/><T110/><D110/><U54/><E66/><V23/><F23/><W44/><G72/><T123/><D107/><U39/><E39/><V77/><F82/><W130/><G130/><T65/><D65/><U94/><E20/><V80/><F80/><W69/><G104/><T113/><D123/><U25/><E25/><V102/><F73/><W40/><G69/><T46/><D113/><U17/><REACH who="1" step="1"/><E30/><REACH who="1" ten="237,247,214,292" step="2"/><N who="3" m="11882" /><G76/><AGARI ba="0,1" hai="10,15,17,48,54,59,76,81,85,88,94,99,100,101" machi="76" ten="30,8000,1" yaku="1,1,7,1,8,1,54,1,53,1" doraHai="41" doraHaiUra="75" who="1" fromWho="3" sc="237,0,247,90,214,0,292,-80" /><INIT seed="4,0,0,0,2,92" ten="237,337,214,212" oya="0" hai0="122,69,32,83,8,11,130,7,129,33,61,111,89" hai1="112,6,36,135,21,41,66,60,28,52,14,5,71" hai2="37,58,19,99,123,26,110,125,12,82,126,16,2" hai3="116,104,108,15,118,96,131,79,102,0,27,34,86"/><T93/><D122/><U119/><E119/><V85/><F123/><W9/><G0/><T120/><D120/><U103/><E135/><V38/><F110/><W44/><G108/><T45/><D111/><U53/><E112/><V30/><F2/><W67/><G131/><N who="0" m="50187" /><D83/><U17/><E28/><V35/><F58/><W73/><G73/><T87/><D45/><U50/><E103/><V94/><F38/><W1/><G1/><N who="0" m="111" /><D11/><U47/><REACH who="1" step="1"/><E53/><REACH who="1" ten="237,327,214,212" step="2"/><V42/><F125/><W100/><G100/><T134/><D134/><U124/><E124/><V18/><F126/><W127/><G127/><T3/><D3/><U22/><E22/><V75/><F30/><W72/><G118/><T74/><D74/><U97/><E97/><V115/><F99/><W63/><G72/><T105/><D105/><U24/><E24/><V43/><F26/><W80/><G116/><T113/><D113/><U55/><E55/><V40/><F75/><W54/><G27/><T101/><D101/><U4/><E4/><V23/><F115/><W117/><G117/><T90/><D90/><U81/><E81/><V29/><F82/><W128/><G128/><T56/><D69/><U121/><E121/><V132/><F132/><W13/><G104/><T114/><D114/><U51/><E51/><V70/><F70/><W91/><G102/><T84/><D84/><U95/><E95/><V68/><F68/><W133/><G133/><T59/><D59/><AGARI ba="0,1" hai="5,6,14,17,21,36,41,47,50,52,59,60,66,71" machi="59" ten="30,8000,1" yaku="1,1,7,1,24,2,54,1,53,0" doraHai="92" doraHaiUra="107" who="1" fromWho="0" sc="237,-80,327,90,214,0,212,0" /><INIT seed="5,0,0,5,5,9" ten="157,417,214,212" oya="1" hai0="67,49,45,16,46,111,73,132,69,123,2,134,25" hai1="125,106,78,40,48,91,0,99,114,15,115,89,88" hai2="108,53,80,95,82,130,7,126,119,3,28,26,51" hai3="8,83,102,59,93,135,43,52,20,118,58,44,98"/><U56/><E0/><V24/><F119/><W31/><G118/><T74/><D2/><U32/><E32/><V131/><F108/><W39/><G135/><N who="0" m="51755" /><D111/><U127/><E78/><V18/><F126/><N who="1" m="48137" /><E56/><V113/><F7/><W42/><G42/><N who="0" m="24759" /><D123/><U120/><E120/><V90/><F18/><W13/><G83/><T30/><D46/><N who="1" m="25671" /><E15/><V50/><F3/><W36/><G59/><T64/><D69/><U33/><E33/><V62/><F62/><W76/><G76/><T61/><D61/><U122/><E122/><V54/><F50/><W5/><G39/><T103/><D30/><U105/><E99/><V100/><F28/><W34/><G34/><T10/><D74/><U92/><E92/><V35/><F95/><W68/><G68/><T63/><D63/><U1/><E1/><V121/><F51/><W65/><G31/><T29/><D73/><U84/><E84/><V57/><F35/><W60/><REACH who="3" step="1"/><G20/><REACH who="3" ten="157,417,214,202" step="2"/><T71/><D71/><U55/><E55/><AGARI ba="0,1" hai="5,8,13,36,43,44,52,55,58,60,65,93,98,102" machi="55" ten="40,8000,1" yaku="1,1,2,1,52,1,54,1,53,1" doraHai="9" doraHaiUra="70" who="3" fromWho="1" sc="157,0,417,-80,214,0,202,90" /><INIT seed="6,0,0,4,1,38" ten="157,337,214,292" oya="2" hai0="19,44,61,118,100,93,103,116,3,122,95,28,99" hai1="57,81,52,97,11,42,45,32,43,35,121,114,117" hai2="4,86,119,69,27,12,63,125,82,6,40,47,107" hai3="41,78,9,25,24,26,29,67,98,89,37,64,66"/><V88/><F119/><W68/><G78/><T33/><D3/><U133/><E117/><V135/><F107/><W124/><G124/><T34/><D122/><U77/><E114/><V71/><F125/><W56/><G68/><T94/><D19/><U87/><E133/><V16/><F135/><W104/><G9/><T49/><D61/><U10/><E121/><V55/><F27/><W128/><G128/><T134/><D134/><U90/><E35/><V36/><F69/><W130/><G130/><T92/><D103/><U73/><E32/><V106/><F106/><W1/><G1/><T127/><D34/><U129/><E129/><V101/><F101/><W60/><G104/><T23/><D33/><U13/><E45/><V50/><F71/><W46/><G29/><T39/><D39/><U113/><E113/><V102/><F102/><W85/><REACH who="3" step="1"/><G98/><REACH who="3" ten="157,337,214,282" step="2"/><T76/><D76/><U80/><E97/><V110/><F110/><W131/><G131/><T18/><D28/><U8/><REACH who="1" step="1"/><E13/><REACH who="1" ten="157,327,214,282" step="2"/><V112/><F112/><W14/><G14/><T62/><D127/><U83/><E83/><AGARI ba="0,2" hai="24,25,26,37,41,46,56,60,64,66,67,83,85,89" machi="83" ten="40,2600,0" yaku="1,1,52,1,53,0" doraHai="38" doraHaiUra="115" who="3" fromWho="1" sc="157,0,327,-26,214,0,282,46" /><INIT seed="7,0,0,0,4,28" ten="157,301,214,328" oya="3" hai0="42,95,50,69,82,15,90,123,60,2,14,103,37" hai1="132,76,63,115,120,102,21,31,41,52,62,25,10" hai2="109,65,111,45,11,75,77,101,73,99,110,78,12" hai3="92,125,29,98,58,44,112,43,57,26,3,116,117"/><W61/><G3/><T16/><D123/><U9/><E120/><V19/><F65/><W24/><G24/><T124/><D124/><U128/><E115/><V131/><F131/><W47/><G112/><T94/><D2/><U51/><E128/><V17/><F45/><W1/><G1/><T33/><D33/><U97/><E132/><V55/><F55/><W85/><G85/><T4/><D37/><U87/><E41/><V13/><F75/><W79/><G79/><T100/><D4/><U104/><E76/><V40/><F40/><W32/><G58/><T59/><D14/><U83/><E83/><V130/><F73/><W105/><G105/><T70/><D70/><U54/><E87/><V64/><F64/><W84/><G84/><T91/><D69/><U71/><E71/><V107/><REACH who="2" step="1"/><F130/><REACH who="2" ten="157,301,204,328" step="2"/><W5/><G47/><T134/><D134/><U121/><E121/><V20/><AGARI ba="0,1" hai="11,12,13,17,19,20,77,78,99,101,107,109,110,111" machi="20" ten="30,4000,0" yaku="1,1,2,1,0,1,53,0" doraHai="28" doraHaiUra="0" who="2" fromWho="2" sc="157,-10,301,-10,204,50,328,-20" owari="147,-35.3,291,9.1,254,-14.6,308,40.8" /></mjloggm>