<mjloggm ver="2.3"><GO type="169" lobby="0"/><UN n0="%45%7A%61%6B%69" n1="%E5%AE%87%E5%AE%99%E7%89%A9%E7%90%86" n2="%E4%B8%8B%E7%B4%9A%E5%9B%BD%E6%B0%91" n3="%E3%82%BF%E3%82%A4%E4%BA%BA%EF%BC%A0%E3%83%90%E3%83%B3%E3%82%B3%E3%82%AF" dan="16,16,17,16" rate="2115.04,2107.59,2138.85,2146.04" sx="M,F,M,M"/><TAIKYOKU oya="0"/><INIT seed="0,0,0,3,5,85" ten="250,250,250,250" oya="0" hai0="113,48,17,3,129,11,60,35,105,46,33,128,4" hai1="51,36,102,126,67,121,18,114,123,116,131,132,88" hai2="86,41,77,21,40,64,94,26,47,111,53,30,100" hai3="2,125,122,29,97,55,49,42,69,79,91,90,82"/><T75/><D113/><U16/><E116/><V93/><F111/><W19/><G2/><T71/><D105/><U10/><E36/><V107/><F107/><W109/><G69/><T124/><D124/><U28/><E126/><V12/><F64/><W74/><G125/><T37/><D75/><U15/><E114/><V99/><F12/><W98/><G109/><T68/><D17/><U80/><E131/><N who="0" m="50249" /><D37/><U96/><E132/><V63/><F77/><W6/><G6/><T27/><D60/><U87/><E28/><V76/><F76/><W56/><G122/><T44/><D44/><U20/><E67/><V9/><F9/><W1/><G1/><T117/><D117/><U32/><E32/><N who="0" m="12361" /><D27/><U118/><E51/><N who="2" m="28927" /><F63/><W22/><G29/><T119/><D119/><U92/><E118/><V14/><F14/><AGARI ba="0,0" hai="10,14,15,16,18,20,80,87,88,92,96,102,121,123" machi="14" ten="30,7700,0" yaku="7,1,52,1,54,2" doraHai="85" who="1" fromWho="2" sc="250,0,250,77,250,-77,250,0" /><INIT seed="1,0,0,2,2,93" ten="250,327,173,250" oya="1" hai0="95,6,62,98,132,99,40,114,102,127,52,75,47" hai1="4,58,86,135,8,124,128,57,59,69,26,108,66" hai2="30,33,34,112,2,118,125,88,82,65,12,91,92" hai3="71,53,100,17,81,134,73,121,84,35,106,42,96"/><U130/><E69/><V123/><F2/><W37/><G134/><T77/><D114/><U29/><E135/><V10/><F123/><W104/><G71/><T111/><D132/><U38/><E38/><V110/><F118/><W119/><G119/><T27/><D111/><U78/><E108/><V68/><F110/><W25/><G121/><T31/><D127/><U80/><E124/><V7/><F125/><W76/><G42/><T54/><D6/><U94/><E94/><V11/><F112/><W51/><G37/><T46/><D62/><U122/><E66/><V64/><F11/><W85/><G106/><T20/><D47/><U3/><REACH who="1" step="1"/><E122/><REACH who="1" ten="250,317,173,250" step="2"/><V131/><F65/><W32/><G32/><AGARI ba="0,1" hai="3,4,8,26,29,32,57,58,59,78,80,86,128,130" machi="32" ten="40,3900,0" yaku="1,1,2,1,53,0" doraHai="93" doraHaiUra="44" who="1" fromWho="3" sc="250,0,317,49,173,0,250,-39" /><INIT seed="1,1,0,5,5,1" ten="250,366,173,211" oya="1" hai0="74,79,82,38,110,121,65,15,97,105,14,116,75" hai1="26,41,4,32,88,45,10,31,100,115,132,80,108" hai2="81,67,12,51,22,101,11,53,129,0,30,127,60" hai3="42,78,90,36,114,126,125,47,119,135,84,17,16"/><U33/><E115/><V58/><F127/><N who="3" m="48651" /><G114/><T95/><D116/><U72/><E132/><V18/><F129/><W63/><G135/><T96/><D110/><U71/><E71/><V56/><F101/><W9/><G119/><T91/><D38/><U104/><E108/><V61/><F81/><N who="3" m="47159" /><G63/><T128/><D128/><U13/><E32/><V133/><F133/><W99/><G9/><T118/><D118/><U35/><E35/><V111/><F111/><W107/><G90/><T89/><D65/><U92/><E104/><V43/><F43/><W5/><G5/><T134/><D134/><U49/><E100/><AGARI ba="1,0" hai="16,17,36,42,47,99,100,107" m="47159,48651" machi="100" ten="30,2000,0" yaku="18,1,54,1" doraHai="1" who="3" fromWho="1" sc="250,0,366,-23,173,0,211,23" /><INIT seed="2,0,0,3,0,130" ten="250,343,173,234" oya="2" hai0="9,55,65,22,5,39,42,75,6,60,17,99,45" hai1="47,106,87,100,94,63,135,50,104,27,32,40,77" hai2="107,79,93,69,101,2,4,76,7,49,103,29,96" hai3="16,0,20,26,35,57,119,116,46,72,14,36,68"/><V28/><F69/><W52/><G68/><T97/><D75/><U125/><E125/><V122/><F122/><W131/><G72/><T82/><D82/><U30/><E63/><V84/><F2/><W38/><G131/><T105/><D55/><U48/><E48/><V21/><F107/><W1/><G1/><T58/><D105/><U18/><E18/><V80/><F79/><W24/><G0/><T54/><D6/><N who="2" m="2090" /><F103/><W124/><G124/><T19/><D19/><U114/><E114/><V81/><F81/><W8/><G26/><T133/><D133/><U66/><E66/><V90/><F101/><W67/><G35/><T15/><REACH who="0" step="1"/><D65/><REACH who="0" ten="240,343,173,234" step="2"/><U41/><E135/><V74/><F74/><W23/><G67/><T123/><D123/><U127/><E106/><V134/><F134/><W108/><G116/><T89/><D89/><U91/><E104/><V13/><F49/><W59/><G119/><T34/><D34/><U70/><E32/><V11/><F21/><W12/><G38/><T112/><D112/><U110/><E91/><V56/><F56/><W31/><G36/><T129/><D129/><U61/><E70/><V51/><F51/><W117/><G57/><T126/><D126/><U37/><E50/><V115/><F115/><W43/><G117/><T92/><D92/><U85/><E94/><V62/><F62/><W95/><G95/><T33/><D33/><U86/><E61/><V111/><F111/><W132/><G108/><T98/><D98/><U113/><E110/><V64/><F64/><W73/><G132/><T121/><D121/><U128/><E113/><RYUUKYOKU ba="0,1" sc="240,15,343,-15,173,15,234,-15" hai0="5,9,15,17,22,39,42,45,54,58,60,97,99" hai2="11,13,28,29,76,80,84,90,93,96" /><INIT seed="2,1,1,3,1,73" ten="255,328,188,219" oya="2" hai0="42,50,134,92,7,125,63,26,117,66,4,51,75" hai1="34,81,121,104,19,13,68,102,21,2,103,23,89" hai2="65,96,47,133,59,77,69,64,25,14,39,78,24" hai3="54,135,129,107,99,88,74,113,105,36,6,114,116"/><V80/><F69/><W41/><G116/><T97/><D125/><U17/><E34/><V62/><F133/><W32/><G32/><T35/><D134/><U76/><E2/><V38/><F65/><W90/><G135/><T82/><D117/><U9/><E68/><V44/><F38/><W109/><G6/><T112/><D112/><N who="3" m="43113" /><G129/><T30/><D51/><U83/><E121/><V72/><F39/><W29/><G29/><T79/><D50/><U101/><E104/><N who="3" m="40010" /><G109/><T0/><D42/><U128/><E128/><V58/><F96/><W31/><G31/><T131/><D0/><U118/><E118/><V27/><F59/><W1/><G1/><T124/><D124/><U122/><E122/><V43/><F43/><W94/><G54/><T16/><D16/><U52/><E52/><V37/><F37/><W45/><G74/><T3/><D3/><U98/><E17/><V57/><F57/><W120/><G120/><T110/><D110/><U93/><REACH who="1" step="1"/><E83/><REACH who="1" ten="255,318,188,219" step="2"/><V55/><F55/><W119/><G119/><T28/><D131/><U106/><E106/><V49/><F14/><W108/><G108/><T95/><D30/><U132/><E132/><V15/><F15/><W8/><G8/><T91/><REACH who="0" step="1"/><D92/><REACH who="0" ten="245,318,188,219" step="2"/><U5/><E5/><V53/><F44/><W48/><G36/><T127/><D127/><U46/><E46/><V20/><F20/><W33/><G33/><T12/><D12/><U18/><E18/><V84/><F72/><AGARI ba="1,3" hai="9,13,19,21,23,72,76,81,89,93,98,101,102,103" machi="72" ten="40,2600,0" yaku="1,1,52,1,53,0" doraHai="73" doraHaiUra="40" who="1" fromWho="2" sc="245,0,318,59,188,-29,219,0" /><INIT seed="3,0,0,3,1,29" ten="245,377,159,219" oya="3" hai0="94,4,68,90,113,104,56,112,44,28,3,102,2" hai1="16,114,80,14,69,81,52,23,72,36,85,58,78" hai2="105,71,13,66,53,33,109,0,7,115,96,107,73" hai3="88,24,134,119,95,6,74,79,70,129,86,49,62"/><W100/><G119/><T45/><D68/><U48/><E114/><N who="0" m="44137" /><D28/><U125/><E69/><V40/><F115/><W42/><G134/><T84/><D56/><U133/><E133/><V75/><F13/><W25/><G129/><T65/><D65/><U39/><REACH who="1" step="1"/><E125/><REACH who="1" ten="245,367,159,219" step="2"/><V34/><F109/><W98/><G6/><T111/><D111/><U9/><E9/><N who="2" m="2279" /><F40/><W64/><G42/><T32/><D3/><U1/><E1/><V117/><F117/><W12/><G12/><T82/><D2/><U57/><E57/><V19/><F53/><W132/><G132/><T122/><D122/><U18/><E18/><V103/><F19/><W63/><G63/><T127/><D127/><U99/><E99/><V55/><F55/><W10/><G10/><T83/><D45/><U60/><E60/><N who="2" m="40391" /><F107/><N who="3" m="63895" /><G49/><T37/><D104/><U120/><E120/><V22/><F22/><W30/><G30/><T8/><D8/><U61/><E61/><V31/><F31/><W97/><G97/><T17/><D17/><U26/><E26/><V116/><F116/><W123/><G123/><T92/><D44/><U87/><E87/><V43/><F43/><W76/><G25/><T27/><D27/><U93/><E93/><V110/><F110/><W51/><G24/><T21/><D94/><U121/><E121/><V106/><F105/><W38/><G51/><T47/><D92/><U124/><E124/><V118/><F118/><W108/><G108/><T131/><D47/><U89/><AGARI ba="0,1" hai="14,16,23,36,39,48,52,58,72,78,80,81,85,89" machi="89" ten="20,8000,1" yaku="1,1,0,1,7,1,54,2,53,0" doraHai="29" doraHaiUra="130" who="1" fromWho="1" sc="245,-20,367,90,159,-20,219,-40" /><INIT seed="4,0,0,5,2,82" ten="225,457,139,179" oya="0" hai0="5,11,101,42,12,59,70,19,69,131,118,88,7" hai1="52,125,107,98,80,97,38,6,113,84,46,48,31" hai2="86,22,67,92,53,58,112,95,24,0,127,133,135" hai3="102,20,14,100,104,89,65,40,110,116,47,10,124"/><T79/><D118/><U91/><E38/><V114/><F0/><W2/><G110/><T8/><D131/><U4/><E125/><V21/><F67/><W3/><G116/><T13/><D79/><U9/><E113/><N who="2" m="43627" /><F127/><W78/><G124/><T68/><D101/><U26/><E107/><V76/><F21/><W99/><G102/><T18/><D42/><U1/><REACH who="1" step="1"/><E4/><REACH who="1" ten="225,447,139,179" step="2"/><V36/><F36/><W25/><G104/><T81/><REACH who="0" step="1"/><D59/><REACH who="0" ten="215,447,139,179" step="2"/><U111/><E111/><V64/><F135/><W117/><G117/><T132/><D132/><U23/><AGARI ba="0,2" hai="1,6,9,23,26,31,46,48,52,80,84,91,97,98" machi="23" ten="20,8000,1" yaku="1,1,0,1,7,1,52,1,54,1,53,0" doraHai="82" doraHaiUra="90" who="1" fromWho="1" sc="215,-40,447,100,139,-20,179,-20" /><INIT seed="5,0,0,1,4,98" ten="175,547,119,159" oya="1" hai0="108,125,8,1,135,78,120,129,116,22,35,12,117" hai1="89,28,123,105,41,65,101,67,13,95,24,72,66" hai2="104,38,56,21,130,134,126,50,87,15,75,11,69" hai3="9,62,26,94,109,121,114,49,51,40,45,132,96"/><U97/><E123/><V5/><F75/><W25/><G121/><T0/><D120/><U131/><E72/><V4/><F69/><W106/><G109/><T70/><D70/><U80/><E131/><V32/><F38/><W57/><G106/><T64/><D108/><U47/><E80/><V52/><F32/><W133/><G114/><T10/><D64/><U58/><E13/><V60/><F134/><W33/><G33/><T86/><BYE who="3" /><D135/><UN n3="%E3%82%BF%E3%82%A4%E4%BA%BA%EF%BC%A0%E3%83%90%E3%83%B3%E3%82%B3%E3%82%AF" /><U102/><E58/><V91/><F104/><W39/><G39/><T54/><D35/><U100/><E105/><V19/><F126/><W23/><G51/><T16/><D125/><U27/><REACH who="1" step="1"/><E28/><REACH who="1" ten="175,537,119,159" step="2"/><V92/><F130/><W82/><G133/><T81/><D129/><U73/><E73/><V29/><REACH who="2" step="1"/><F60/><REACH who="2" ten="175,537,109,159" step="2"/><W71/><G132/><T77/><D117/><U2/><E2/><V76/><F76/><W44/><G62/><T37/><D116/><U31/><E31/><V103/><F103/><W18/><G71/><T17/><D77/><U112/><E112/><V20/><F20/><W128/><G23/><T124/><D0/><U85/><E85/><V36/><F36/><AGARI ba="0,2" hai="24,27,36,41,47,65,66,67,89,95,97,100,101,102" machi="36" ten="40,12000,1" yaku="1,1,52,3,53,0" doraHai="98" doraHaiUra="34" who="1" fromWho="2" sc="175,0,537,140,109,-120,159,0" owari="175,-2.5,677,77.7,-11,-51.1,159,-24.1" /></mjloggm>