<mjloggm ver="2.3"><GO type="225" lobby="0"/><UN n0="%E3%82%A2%E3%83%9E%E3%83%9D%EF%BD%9E%EF%BD%9E%E3%83%A9" n1="%E6%9C%88%E5%B3%B6%E5%9F%BA" n2="%70%6F%69%73%6F%6E%30%32" n3="%E3%83%96%E3%83%83%E3%83%91%E3%82%AA%E3%83%96%E3%83%81%E3%82%AD%E3%83%B3" dan="17,17,16,16" rate="2130.69,2219.58,2119.06,2143.34" sx="M,M,M,M"/><TAIKYOKU oya="0"/><INIT seed="0,0,0,2,5,74" ten="250,250,250,250" oya="0" hai0="117,82,77,78,56,86,83,87,10,104,58,48,55" hai1="5,93,24,123,26,8,113,50,122,25,131,114,110" hai2="71,62,36,105,121,129,34,65,32,11,30,119,130" hai3="85,49,54,100,63,73,43,20,44,37,18,27,29"/><T41/><D104/><U125/><E93/><V115/><F121/><N who="1" m="46089" /><E50/><V38/><F115/><N who="1" m="44041" /><E125/><V22/><F119/><W2/><G73/><T84/><D117/><U116/><E116/><V97/><F11/><W98/><G2/><T89/><D10/><U103/><E103/><N who="2" m="62703" /><F22/><W61/><G85/><T127/><D127/><U67/><E67/><V60/><F60/><W64/><G64/><T126/><D126/><U28/><E110/><V16/><F16/><W9/><G9/><T111/><D111/><U19/><E131/><N who="2" m="50187" /><F30/><W70/><G29/><T66/><D41/><U12/><E19/><V133/><F133/><W3/><G63/><N who="0" m="38247" /><D87/><U40/><E40/><V45/><F45/><W107/><G44/><T23/><D23/><AGARI ba="0,0" hai="5,8,12,23,24,25,26,28" m="44041,46089" machi="23" ten="30,3900,0" yaku="11,1,34,2" doraHai="74" who="1" fromWho="0" sc="250,-39,250,39,250,0,250,0" /><INIT seed="1,0,0,1,0,1" ten="211,289,250,250" oya="1" hai0="5,100,91,135,131,125,29,110,96,126,2,21,95" hai1="99,105,84,90,19,98,124,34,12,49,8,42,123" hai2="10,128,133,57,93,101,117,81,27,127,48,70,88" hai3="64,116,14,16,109,76,17,61,132,24,74,40,52"/><U23/><E123/><V107/><F70/><W102/><G109/><T72/><D110/><U33/><E124/><V13/><F117/><W114/><G114/><T36/><D36/><U77/><E105/><V66/><F127/><N who="0" m="48650" /><D131/><U62/><E34/><V38/><F38/><W134/><G40/><T50/><D72/><U53/><E33/><V86/><F128/><W32/><G102/><T28/><D135/><N who="3" m="51753" /><G116/><T44/><D21/><U63/><E77/><V79/><F133/><W56/><G74/><T60/><D60/><N who="1" m="23083" /><E23/><V46/><F27/><W31/><G76/><T55/><D100/><U59/><E42/><N who="2" m="24663" /><F57/><W118/><G118/><T20/><D20/><U97/><E97/><N who="2" m="57511" /><F66/><W106/><G106/><T113/><D113/><U112/><E112/><V129/><F129/><W87/><G87/><T75/><D75/><U104/><E104/><V30/><F101/><W9/><G64/><T6/><D2/><U78/><E78/><V37/><F37/><W3/><G3/><T25/><D25/><U18/><E99/><V7/><F107/><W85/><G85/><T68/><D68/><U0/><E98/><V82/><F82/><W69/><G69/><T119/><D119/><U94/><E0/><V26/><F26/><W71/><G71/><T54/><D55/><U122/><E122/><V103/><F103/><W130/><G130/><T73/><D73/><U89/><E89/><V92/><F92/><W65/><G65/><T111/><D111/><U43/><E43/><V4/><F30/><AGARI ba="0,0" hai="5,6,28,29,30,44,50,54,91,95,96" m="48650" machi="30" ten="30,3900,0" yaku="18,1,52,2" doraHai="1" who="0" fromWho="2" sc="211,39,289,0,250,-39,250,0" /><INIT seed="2,0,0,4,3,84" ten="250,289,211,250" oya="2" hai0="65,78,12,121,120,73,18,33,83,1,69,26,113" hai1="8,13,127,67,50,29,31,64,61,100,101,23,133" hai2="47,44,46,56,22,28,68,89,41,10,54,40,126" hai3="85,94,98,125,128,131,71,123,9,20,93,43,62"/><V27/><F27/><W58/><BYE who="2" /><G123/><T60/><D113/><UN n2="%70%6F%69%73%6F%6E%30%32" /><U48/><E127/><V19/><F126/><W59/><G125/><T116/><D116/><U4/><E133/><V99/><F68/><W95/><G43/><T132/><D132/><U75/><E75/><V111/><F10/><W2/><G20/><T115/><D115/><U81/><E81/><V15/><F28/><N who="1" m="10825" /><E23/><V124/><F124/><W104/><G71/><T53/><D1/><U21/><E21/><V51/><REACH who="2" step="1"/><F111/><REACH who="2" ten="250,289,201,250" step="2"/><W135/><G135/><T105/><D26/><U118/><E118/><V109/><F109/><W82/><G9/><T86/><D69/><U55/><E8/><V91/><F91/><N who="3" m="51639" /><G2/><T72/><D121/><U42/><E13/><V7/><F7/><W122/><G122/><T6/><D12/><U79/><E4/><V39/><F39/><W35/><G35/><T3/><D6/><U102/><E102/><V108/><F108/><W88/><G104/><T119/><D105/><U134/><E101/><V24/><F24/><W25/><G25/><T37/><D33/><U11/><E100/><V49/><F49/><W110/><G110/><T92/><D3/><U16/><E50/><V107/><F107/><W30/><G30/><T0/><D0/><U77/><E48/><V36/><F36/><W45/><G88/><T38/><D120/><U130/><E134/><V76/><F76/><W70/><G70/><T80/><D38/><U74/><E79/><V97/><F97/><W117/><G98/><T87/><D37/><U114/><E114/><V32/><F32/><W129/><G117/><RYUUKYOKU ba="0,1" sc="250,-10,289,-10,201,30,250,-10" hai2="15,19,22,40,41,44,46,47,51,54,56,89,99" /><INIT seed="2,1,1,3,2,75" ten="240,279,231,240" oya="2" hai0="127,94,36,6,83,7,4,110,82,61,92,119,49" hai1="100,131,125,31,74,118,30,96,84,76,43,44,54" hai2="123,122,26,23,107,132,102,85,81,78,99,47,104" hai3="62,58,66,111,10,79,129,1,39,15,116,17,63"/><V8/><F132/><W41/><G116/><T57/><D36/><U33/><E118/><V19/><F107/><W35/><G111/><T45/><D110/><U40/><E74/><V106/><F106/><W113/><G129/><T108/><D127/><U115/><E33/><V124/><F124/><W2/><G113/><T70/><D70/><U77/><E115/><V46/><REACH who="2" step="1"/><F8/><REACH who="2" ten="240,279,221,240" step="2"/><W134/><G134/><T105/><D105/><U3/><E125/><V91/><F91/><W109/><G109/><T42/><D108/><U97/><E131/><V37/><F37/><W72/><G35/><T68/><D119/><U67/><E100/><V0/><F0/><W103/><G103/><T86/><D68/><U126/><E3/><V64/><F64/><W98/><G2/><T20/><D20/><U80/><E67/><V133/><F133/><W73/><G1/><T52/><D83/><U14/><E126/><V114/><F114/><W71/><G39/><T121/><D121/><AGARI ba="1,2" hai="19,23,26,46,47,78,81,85,99,102,104,121,122,123" machi="121" ten="40,3900,0" yaku="1,1,52,1,53,0" doraHai="75" doraHaiUra="48" who="2" fromWho="0" sc="240,-42,279,0,221,62,240,0" /><INIT seed="2,2,0,2,0,83" ten="198,279,283,240" oya="2" hai0="112,120,109,51,134,44,90,18,5,62,15,110,79" hai1="56,23,116,29,22,122,12,10,32,54,13,129,111" hai2="43,69,76,52,66,92,46,131,89,113,94,135,73" hai3="48,102,98,4,117,60,28,105,88,96,35,123,130"/><V19/><F113/><W99/><G117/><T45/><D112/><U125/><E116/><V68/><F94/><W25/><G123/><T108/><D120/><U8/><E122/><V7/><F135/><W133/><G133/><T103/><D134/><U21/><E111/><V65/><F7/><W71/><G130/><T34/><D34/><U107/><E107/><V114/><F114/><W49/><G4/><T87/><D103/><U14/><E129/><V53/><F131/><W37/><G37/><T77/><D62/><U16/><E125/><V27/><F76/><W104/><G98/><T0/><D5/><N who="1" m="3087" /><E56/><V95/><F95/><W132/><G132/><T17/><D0/><U119/><E54/><N who="2" m="21099" /><F73/><W11/><G11/><N who="0" m="6399" /><D18/><N who="1" m="8503" /><E119/><V127/><F127/><W78/><G78/><N who="0" m="29707" /><D51/><U39/><E39/><V58/><F69/><W85/><G105/><T30/><D30/><U75/><E75/><V91/><F68/><W59/><G71/><T128/><D128/><U82/><E82/><AGARI ba="2,0" hai="44,45,82,87,90,108,109,110" m="29707,6399" machi="82" ten="30,2000,0" yaku="14,1,52,1" doraHai="83" who="0" fromWho="1" sc="198,26,279,-26,283,0,240,0" /><INIT seed="3,0,0,4,3,60" ten="224,253,283,240" oya="3" hai0="59,124,135,36,95,30,12,69,37,128,105,111,85" hai1="101,54,130,21,46,18,77,47,106,119,112,4,68" hai2="75,93,32,11,96,52,40,71,126,89,35,121,88" hai3="26,84,91,48,34,109,86,117,50,23,63,13,5"/><W22/><G117/><T82/><D105/><U19/><E112/><V67/><F75/><W28/><G109/><T7/><D69/><U49/><E68/><V123/><F126/><W97/><G34/><T127/><D111/><U129/><E119/><V98/><F40/><W72/><G72/><T94/><D30/><U27/><E4/><V64/><F11/><W104/><G104/><T39/><D135/><U76/><E19/><V3/><F3/><W131/><G131/><N who="1" m="50186" /><E47/><V8/><F8/><N who="3" m="4239" /><G23/><T120/><D120/><N who="2" m="46154" /><F52/><W114/><G114/><T9/><D128/><U81/><E81/><V42/><F42/><W55/><G55/><T79/><REACH who="0" step="1"/><D59/><REACH who="0" ten="214,253,283,240" step="2"/><U92/><E106/><V53/><F71/><W43/><G28/><T56/><D56/><U41/><E41/><V51/><F35/><W24/><G43/><T134/><D134/><U44/><E44/><N who="2" m="27879" /><F32/><W66/><G26/><T118/><D118/><U62/><E27/><V108/><F108/><W116/><G116/><T100/><D100/><U20/><E101/><V16/><F16/><W15/><G24/><T74/><D74/><U87/><E18/><V122/><F122/><W31/><G31/><T25/><D25/><U0/><E46/><V99/><F89/><W102/><G91/><T125/><AGARI ba="0,1" hai="7,9,12,36,37,39,79,82,85,94,95,124,125,127" machi="125" ten="40,8000,1" yaku="1,1,0,1,18,1,53,1" doraHai="60" doraHaiUra="2" who="0" fromWho="0" sc="214,90,253,-20,283,-20,240,-40" owari="304,40.4,233,-16.7,263,6.3,200,-30.0" /></mjloggm>