<mjloggm ver="2.3"><GO type="225" lobby="0"/><UN n0="%E5%B0%8F%E9%B3%A5%E9%81%8A%E7%B7%B4%E7%84%A1%32%31%E6%AD%B3" n1="%E3%81%BF%E3%81%BF%E3%81%9A" n2="%E3%81%AF%E3%82%88%E3%81%8A%E3%81%98%E3%81%95%E3%82%93" n3="%43%55%4B%45%59" dan="16,17,16,16" rate="2163.62,2231.69,2205.25,2047.44" sx="F,M,M,M"/><TAIKYOKU oya="0"/><INIT seed="0,0,0,0,0,29" ten="250,250,250,250" oya="0" hai0="14,1,53,79,81,134,5,12,20,70,132,42,15" hai1="35,101,32,61,48,37,52,25,58,72,112,123,39" hai2="43,125,68,124,62,59,64,60,90,31,115,45,78" hai3="66,105,57,93,3,23,108,67,28,120,96,106,122"/><T0/><D70/><U75/><E123/><N who="3" m="47146" /><G3/><N who="0" m="1099" /><D42/><U83/><E101/><V56/><F31/><W127/><G127/><N who="2" m="48713" /><F90/><N who="3" m="55351" /><G108/><T4/><D53/><U18/><E112/><V65/><F78/><W55/><G23/><T49/><D49/><U130/><E130/><V47/><F115/><W22/><G22/><T34/><D81/><U30/><E83/><V19/><F19/><W131/><G28/><T82/><D82/><U97/><E18/><V117/><F117/><W54/><G54/><T2/><D79/><U16/><E35/><V121/><F121/><W6/><G6/><N who="0" m="2667" /><D34/><U44/><E97/><V100/><F100/><W116/><G116/><T80/><D80/><U11/><E75/><V128/><F128/><W135/><G135/><N who="0" m="51755" /><D2/><U74/><E72/><V89/><F89/><W36/><G36/><T46/><D46/><N who="2" m="17418" /><F43/><W110/><G131/><T71/><D71/><AGARI ba="0,0" hai="56,59,60,62,64,65,68,71" m="17418,48713" machi="71" ten="30,3900,0" yaku="18,1,34,2" doraHai="29" who="2" fromWho="0" sc="250,-39,250,0,250,39,250,0" /><INIT seed="1,0,0,5,2,59" ten="211,250,289,250" oya="1" hai0="12,86,113,8,60,118,84,49,52,27,117,87,85" hai1="100,98,105,69,114,26,55,70,37,73,1,2,33" hai2="23,112,110,25,7,67,93,64,92,38,91,48,30" hai3="6,39,131,3,24,89,13,127,11,119,97,65,104"/><U96/><E114/><V45/><F112/><W57/><G131/><T0/><D113/><U116/><E116/><V77/><F110/><W18/><G119/><T99/><D0/><U102/><E55/><V4/><F38/><W129/><G127/><T80/><D27/><U109/><E73/><V125/><F77/><W74/><G129/><T76/><D99/><U22/><E37/><V78/><F78/><W90/><G74/><T107/><D107/><N who="1" m="63879" /><E22/><V130/><F125/><W19/><G39/><T83/><D83/><U134/><E134/><V54/><F93/><N who="3" m="56495" /><G104/><T29/><D29/><N who="1" m="19639" /><E109/><V120/><F120/><W47/><G3/><AGARI ba="0,0" hai="1,2,3,69,70,98,102,105" m="19639,63879" machi="3" ten="30,2900,0" yaku="33,2" doraHai="59" who="1" fromWho="3" sc="211,0,250,29,289,0,250,-29" /><INIT seed="1,1,0,5,5,135" ten="211,279,289,221" oya="1" hai0="54,94,131,24,58,91,32,127,12,19,111,18,55" hai1="99,113,64,61,105,62,53,92,66,110,0,118,72" hai2="112,76,98,59,16,96,56,102,108,86,29,21,100" hai3="48,122,75,27,69,50,106,63,87,4,117,90,42"/><U88/><E113/><V70/><F70/><W22/><G75/><T3/><D111/><U83/><E118/><V1/><F1/><W57/><G117/><T9/><D131/><U44/><E0/><V65/><F108/><W60/><G106/><T109/><D109/><U123/><E110/><V38/><F38/><W114/><G122/><T80/><D3/><U84/><E123/><V39/><F39/><W129/><G129/><T133/><D133/><U31/><E31/><V35/><F35/><W116/><G116/><T119/><D80/><U37/><E72/><V71/><F71/><W125/><G4/><T26/><D119/><U40/><E105/><V51/><F29/><W11/><G11/><T6/><D32/><U134/><E134/><V30/><F30/><N who="3" m="17783" /><G125/><T115/><D127/><U103/><REACH who="1" step="1"/><E53/><REACH who="1" ten="211,269,289,221" step="2"/><N who="2" m="31807" /><F112/><W49/><G114/><T124/><D115/><U15/><E15/><V20/><F102/><W120/><G120/><T52/><D26/><U101/><E101/><V41/><F100/><W81/><G69/><T45/><D24/><U36/><E36/><V68/><F68/><W33/><G33/><T28/><D28/><U73/><E73/><V34/><F34/><W13/><G13/><T10/><D12/><U8/><E8/><V82/><F21/><W97/><G42/><T7/><D10/><U14/><E14/><N who="2" m="9239" /><F41/><W126/><G126/><T130/><D124/><U17/><E17/><V77/><F77/><N who="3" m="46511" /><G57/><T85/><D58/><U128/><E128/><V78/><F76/><W67/><G67/><AGARI ba="1,1" hai="37,40,44,61,62,64,66,67,83,84,88,92,99,103" machi="67" ten="40,3900,0" yaku="1,1,54,1,53,0" doraHai="135" doraHaiUra="23" who="1" fromWho="3" sc="211,0,269,52,289,0,221,-42" /><INIT seed="1,2,0,0,4,8" ten="211,321,289,179" oya="1" hai0="30,113,1,43,109,5,63,38,0,37,51,69,100" hai1="27,97,117,26,80,72,95,74,111,56,12,64,52" hai2="126,34,57,35,121,20,11,29,118,115,68,93,25" hai3="32,129,16,94,78,122,49,91,39,81,7,48,96"/><U116/><E64/><V50/><F68/><W112/><G122/><T18/><D113/><U46/><E46/><V120/><F93/><W33/><G129/><T92/><D30/><U98/><E111/><V45/><F57/><W107/><G112/><T99/><D109/><U42/><E42/><V134/><F115/><W132/><G132/><T82/><D82/><U41/><E41/><V130/><F50/><W4/><G39/><T58/><D69/><U105/><E105/><V77/><F77/><W106/><G33/><N who="2" m="12297" /><F45/><W22/><G32/><T40/><D40/><U17/><E80/><V84/><F84/><N who="3" m="48183" /><G107/><T60/><D51/><N who="3" m="19529" /><G106/><T62/><D58/><U73/><E116/><V67/><F118/><W65/><G65/><T23/><D43/><U21/><E117/><V13/><F67/><W54/><G54/><T131/><D131/><U19/><E95/><V87/><F130/><W47/><G47/><T6/><D38/><U14/><E52/><V71/><F71/><W10/><G10/><T119/><D37/><U53/><E53/><V104/><F104/><W110/><G110/><T133/><D119/><U75/><E75/><V3/><F134/><W128/><G128/><T135/><D135/><U66/><E66/><V15/><F121/><W127/><G127/><T24/><REACH who="0" step="1"/><D133/><REACH who="0" ten="201,321,289,179" step="2"/><U103/><E56/><V36/><F36/><W124/><G124/><T2/><AGARI ba="2,1" hai="0,1,2,5,6,18,23,24,60,62,63,92,99,100" machi="2" ten="40,5200,0" yaku="1,1,2,1,0,1,53,0" doraHai="8" doraHaiUra="85" who="0" fromWho="0" sc="201,68,321,-28,289,-15,179,-15" /><INIT seed="2,0,0,2,2,89" ten="269,293,274,164" oya="2" hai0="61,43,37,16,106,0,57,124,122,112,14,15,21" hai1="104,68,98,123,114,73,131,65,67,85,62,78,80" hai2="24,133,71,26,11,86,17,59,35,44,108,81,94" hai3="28,30,19,39,100,12,72,4,130,117,52,129,121"/><V127/><F71/><W103/><G39/><T48/><D112/><U74/><E114/><V87/><F127/><W7/><G117/><T79/><D0/><U55/><E131/><N who="3" m="50186" /><G72/><T45/><D122/><U128/><E123/><V135/><F108/><W51/><G121/><T125/><D106/><U132/><E128/><V5/><F44/><W50/><G19/><T109/><D79/><U31/><E132/><N who="2" m="50763" /><F59/><N who="3" m="33175" /><G51/><T82/><D109/><U110/><E110/><V18/><F18/><W126/><G126/><N who="0" m="48747" /><D82/><U113/><E113/><V41/><F41/><W75/><G75/><T105/><D105/><U60/><E104/><V27/><F17/><W40/><G40/><T54/><D37/><U49/><E74/><V47/><F47/><W107/><G107/><T116/><D116/><U77/><E73/><V115/><F115/><W102/><G12/><AGARI ba="0,0" hai="12,14,15,16,21,43,45,48,54,57,61" m="48747" machi="12" ten="30,2000,0" yaku="18,1,54,1" doraHai="89" who="0" fromWho="3" sc="269,20,293,0,274,0,164,-20" /><INIT seed="3,0,0,0,0,63" ten="289,293,274,144" oya="3" hai0="19,21,57,128,121,42,101,14,77,120,133,129,123" hai1="91,75,108,67,40,65,100,61,81,113,31,134,47" hai2="84,92,6,69,52,95,56,12,23,78,1,87,70" hai3="71,58,49,25,103,106,5,43,33,85,80,115,125"/><W118/><G118/><T9/><D133/><U114/><E100/><V111/><F1/><W20/><G125/><T127/><D127/><U64/><E31/><V97/><F111/><W29/><G115/><T66/><D42/><U79/><E108/><V35/><F35/><W73/><G73/><T104/><D77/><U4/><E134/><V46/><F70/><W55/><G71/><T44/><D44/><U116/><E116/><V119/><F69/><W48/><G5/><T122/><D122/><U26/><E61/><V13/><F46/><W24/><G43/><T51/><D9/><U74/><E26/><V88/><F119/><W94/><G106/><T99/><REACH who="0" step="1"/><D66/><REACH who="0" ten="279,293,274,144" step="2"/><U7/><E113/><V107/><F78/><N who="3" m="46231" /><G33/><T82/><D82/><U59/><E114/><V11/><F107/><W117/><G117/><T102/><D102/><U53/><E75/><V17/><F95/><W131/><G131/><T135/><D135/><U32/><E32/><V10/><F10/><W112/><G112/><T72/><D72/><U110/><E110/><V76/><F76/><W86/><G25/><T98/><D98/><U27/><E27/><V50/><AGARI ba="0,1" hai="6,11,12,13,17,23,50,52,56,84,87,88,92,97" machi="50" ten="20,8000,1" yaku="0,1,7,1,8,1,54,2" doraHai="63" who="2" fromWho="2" sc="279,-20,293,-20,274,90,144,-40" owari="259,-14.1,273,7.3,364,46.4,104,-39.6" /></mjloggm>