<mjloggm ver="2.3"><GO type="169" lobby="0"/><UN n0="%65%6B%61%72%75%74%65" n1="%4F%4D%41%4E%54%41" n2="%E3%81%94%E3%82%8B%E3%81%AF%E3%82%80%33%30" n3="%E9%B7%BA%E5%AE%AE%E6%85%A7%E5%A4%AA" dan="16,17,17,16" rate="2098.02,2170.26,2214.30,2117.44" sx="M,M,F,M"/><TAIKYOKU oya="0"/><INIT seed="0,0,0,1,5,8" ten="250,250,250,250" oya="0" hai0="42,19,60,11,25,54,12,110,74,53,92,85,75" hai1="102,119,86,15,7,16,99,115,41,26,91,96,62" hai2="126,59,52,27,94,63,72,64,97,81,49,71,3" hai3="34,120,36,114,0,35,76,111,68,87,37,90,2"/><T123/><D123/><U24/><E119/><V13/><F3/><W109/><G76/><T33/><D42/><U10/><E115/><V39/><F39/><W103/><G103/><T5/><D110/><N who="3" m="41993" /><G114/><T30/><D54/><U125/><E125/><V78/><F126/><W17/><G17/><T46/><D46/><U66/><E41/><V9/><F27/><W48/><G48/><T4/><D53/><U22/><E26/><V21/><F21/><W61/><G120/><T45/><D45/><U38/><E38/><N who="3" m="14954" /><G61/><T117/><D60/><U47/><E102/><V122/><F122/><W23/><G23/><T18/><D117/><U101/><E101/><V55/><F55/><W135/><G68/><T98/><D85/><U29/><E47/><V83/><F78/><W89/><G135/><T57/><D57/><N who="1" m="37199" /><E29/><V1/><F72/><W32/><G89/><T105/><D105/><U51/><E51/><V28/><F28/><W100/><G100/><T121/><D121/><U124/><E124/><V106/><F106/><W56/><G56/><T67/><D67/><U43/><E43/><V69/><F69/><W128/><G128/><T58/><D58/><U104/><E104/><V134/><F134/><W44/><G44/><T79/><D79/><U80/><AGARI ba="0,0" hai="7,10,15,16,22,24,80,86,91,96,99" m="37199" machi="80" ten="30,4000,0" yaku="8,1,52,1,54,1" doraHai="8" who="1" fromWho="1" sc="250,-20,250,40,250,-10,250,-10" /><INIT seed="1,0,0,1,0,14" ten="230,290,240,240" oya="1" hai0="52,77,32,29,105,84,1,2,61,24,129,103,76" hai1="101,53,17,135,83,0,69,72,7,10,4,126,27" hai2="130,9,35,51,74,23,133,55,50,107,86,42,113" hai3="40,12,28,48,102,25,112,114,31,22,108,125,41"/><U119/><E119/><V89/><F35/><W134/><G108/><T65/><D129/><U30/><E69/><V70/><F74/><W54/><G134/><T58/><D65/><U37/><E135/><V6/><F133/><W80/><G125/><T95/><D105/><U111/><E126/><V115/><F107/><W8/><G31/><T38/><D38/><U64/><E64/><V67/><F130/><W45/><G102/><T11/><D2/><U87/><E72/><V20/><F42/><W120/><G120/><T131/><D131/><U93/><E37/><V94/><F70/><W33/><G33/><T81/><D77/><U100/><E111/><V44/><F51/><W128/><G128/><T43/><D43/><U68/><E7/><V116/><F67/><W73/><G114/><N who="2" m="43529" /><F116/><W124/><G124/><T18/><D1/><AGARI ba="0,0" hai="1,6,9,20,23,44,50,55,86,89,94" m="43529" machi="1" ten="30,1000,0" yaku="11,1" doraHai="14" who="2" fromWho="0" sc="230,-10,290,0,240,10,240,0" /><INIT seed="2,0,0,4,4,86" ten="220,290,250,240" oya="2" hai0="19,45,4,79,97,21,102,109,84,66,83,16,135" hai1="87,23,108,125,49,106,129,35,99,111,3,61,100" hai2="26,8,58,25,51,82,15,118,2,70,7,0,101" hai3="37,117,17,133,104,123,28,134,9,121,56,95,14"/><V60/><F118/><W96/><G37/><T59/><D109/><N who="1" m="42059" /><E35/><V92/><F70/><W76/><G104/><T80/><D135/><N who="3" m="51721" /><G76/><T113/><D113/><U24/><E3/><V12/><F51/><W93/><G56/><T31/><D4/><U116/><E129/><V77/><F2/><W130/><G117/><T55/><D80/><U73/><E73/><V126/><F126/><W48/><G130/><T5/><D5/><U120/><E116/><V91/><F101/><W38/><G38/><T94/><D45/><U103/><E103/><V33/><F15/><W88/><G48/><T39/><D66/><U72/><E72/><V112/><F33/><W105/><G105/><T68/><D68/><U98/><E98/><V64/><F0/><W74/><G74/><T41/><D41/><U36/><E36/><V127/><F127/><W122/><G28/><T75/><D75/><U30/><E49/><V44/><F44/><W71/><G71/><T131/><D131/><U22/><E61/><V63/><F63/><W69/><G69/><T1/><D1/><U46/><E46/><V53/><F112/><W52/><G95/><T43/><D43/><U32/><E120/><V13/><F64/><W27/><G27/><N who="0" m="16879" /><D39/><U90/><E125/><V124/><F124/><W11/><G11/><T119/><D119/><U115/><E115/><V18/><F25/><W65/><G65/><T40/><D40/><U67/><E67/><V42/><F26/><W29/><G29/><T10/><D10/><U62/><E62/><AGARI ba="0,0" hai="16,19,55,59,62,79,83,84,94,97,102" m="16879" machi="62" ten="30,2000,0" yaku="8,1,54,1" doraHai="86" who="0" fromWho="1" sc="220,20,290,-20,250,0,240,0" /><INIT seed="3,0,0,0,0,125" ten="240,270,250,240" oya="3" hai0="85,16,51,30,133,1,78,6,100,127,92,95,75" hai1="9,124,47,74,129,4,110,104,94,54,80,87,46" hai2="18,12,20,77,122,115,29,57,49,93,76,33,134" hai3="63,103,55,39,25,58,56,42,48,69,28,96,83"/><W64/><G83/><T10/><D127/><U79/><E124/><V109/><F115/><W88/><G39/><T23/><D133/><U105/><E110/><V34/><F134/><W123/><G42/><T24/><D75/><U98/><E129/><V60/><F109/><W61/><G123/><T102/><D51/><U40/><E54/><V15/><F122/><W126/><G126/><T132/><D132/><U121/><E121/><V50/><F29/><W7/><G7/><T70/><D70/><U59/><E59/><V41/><F33/><W43/><G43/><T17/><D78/><U89/><E47/><V114/><F34/><W5/><G5/><T72/><D72/><U131/><E131/><V62/><F62/><W65/><G88/><T31/><D31/><U26/><E26/><V108/><F114/><W81/><G81/><T36/><D36/><U84/><E84/><V113/><F113/><W107/><G25/><T112/><D112/><U35/><E35/><V14/><F93/><W3/><REACH who="3" step="1"/><G28/><REACH who="3" ten="240,270,250,230" step="2"/><T11/><D30/><U111/><E111/><V45/><F108/><W27/><G27/><T37/><D37/><U13/><E74/><V53/><F76/><W99/><G99/><T8/><D17/><U67/><E79/><V21/><F77/><W130/><G130/><T116/><D85/><U32/><E32/><V44/><REACH who="2" step="1"/><F18/><REACH who="2" ten="240,270,240,230" step="2"/><W38/><G38/><T2/><D16/><U101/><E80/><V52/><AGARI ba="0,2" hai="12,14,15,20,21,41,44,45,49,50,52,53,57,60" machi="52" ten="30,8000,1" yaku="1,1,2,1,0,1,8,1,54,1,53,0" doraHai="125" doraHaiUra="91" who="2" fromWho="2" sc="240,-20,270,-20,240,100,230,-40" /><INIT seed="4,0,0,2,5,62" ten="220,250,340,190" oya="0" hai0="38,13,45,61,24,58,89,84,123,51,21,92,11" hai1="119,120,49,48,132,107,23,115,131,126,101,129,71" hai2="75,37,31,83,100,3,28,27,33,117,20,6,88" hai3="9,122,56,43,86,15,50,70,85,95,110,19,68"/><T17/><D123/><U36/><RYUUKYOKU type="yao9" ba="0,0" sc="220,0,250,0,340,0,190,0" hai1="23,36,48,49,71,101,107,115,119,120,126,129,131,132" /><INIT seed="4,1,0,2,4,111" ten="220,250,340,190" oya="0" hai0="23,16,103,22,107,37,131,52,85,115,104,126,56" hai1="35,91,42,69,58,62,128,99,117,109,127,119,18" hai2="29,106,12,124,41,112,74,6,19,96,8,82,108" hai3="55,24,101,125,97,120,134,13,86,63,17,65,129"/><T36/><D126/><U68/><E35/><V59/><F108/><W105/><G125/><T89/><D131/><U14/><E109/><V73/><F124/><W7/><G129/><T79/><D79/><U34/><E127/><V38/><F29/><W48/><G134/><T75/><D75/><U135/><E34/><V57/><F38/><W20/><G120/><T133/><D115/><U64/><E128/><V40/><F112/><W94/><G86/><T113/><D113/><U78/><E78/><V21/><F82/><W110/><G110/><T61/><D23/><U88/><E135/><V0/><F40/><W15/><G7/><T66/><D66/><U116/><E42/><V39/><F41/><W2/><G2/><T76/><D76/><U10/><REACH who="1" step="1"/><E99/><REACH who="1" ten="220,240,340,190" step="2"/><V98/><F98/><W93/><G105/><T44/><D133/><U71/><AGARI ba="1,1" hai="10,14,18,58,62,64,68,69,71,88,91,116,117,119" machi="71" ten="40,8000,1" yaku="1,1,2,1,0,1,54,1,53,0" doraHai="111" doraHaiUra="132" who="1" fromWho="1" sc="220,-41,240,93,340,-21,190,-21" /><INIT seed="5,0,0,4,1,51" ten="179,333,319,169" oya="1" hai0="43,38,107,80,79,7,59,124,65,100,110,11,3" hai1="1,86,77,98,73,123,14,62,78,117,111,64,118" hai2="115,57,31,4,75,18,93,39,23,91,90,70,8" hai3="12,15,71,45,105,104,24,121,125,28,126,26,122"/><U102/><E1/><V37/><F70/><W72/><G45/><T69/><D110/><U112/><E123/><V34/><F75/><W63/><G63/><T92/><D124/><N who="3" m="47721" /><G71/><T130/><D130/><U88/><E112/><V54/><F115/><W2/><G72/><T135/><D135/><U49/><E111/><V85/><F31/><W50/><G50/><T101/><D92/><U33/><E33/><V127/><F34/><W103/><G2/><T29/><D29/><U114/><E73/><V9/><F91/><W134/><G134/><T76/><D76/><U119/><E114/><V66/><F66/><W99/><G105/><T68/><D59/><U97/><E49/><V40/><F40/><W20/><G26/><T55/><D55/><U36/><E36/><V95/><F95/><W13/><AGARI ba="0,0" hai="12,13,15,20,24,28,99,103,104,121,122" m="47721" machi="13" ten="30,1100,0" yaku="18,1" doraHai="51" who="3" fromWho="3" sc="179,-3,333,-5,319,-3,169,11" /><INIT seed="6,0,0,3,3,100" ten="176,328,316,180" oya="2" hai0="30,43,92,113,105,102,9,132,16,115,64,127,56" hai1="42,126,25,13,75,31,49,118,73,27,128,114,36" hai2="85,106,46,71,17,109,60,111,34,81,67,91,83" hai3="59,130,93,32,84,11,15,20,122,86,5,6,29"/><V0/><F34/><W65/><G122/><T22/><D127/><U116/><E36/><V23/><F0/><W95/><G32/><T119/><D132/><U18/><E126/><V38/><F81/><W37/><G37/><T70/><D119/><U76/><E114/><N who="0" m="43529" /><D43/><U53/><E42/><V78/><F46/><W10/><G130/><T123/><D123/><U89/><E89/><V82/><F106/><W54/><G65/><T94/><D70/><U51/><E128/><V7/><F7/><W3/><G86/><T61/><D9/><U41/><E41/><V8/><F8/><W135/><G135/><T103/><D30/><U47/><E51/><V33/><F33/><W77/><G77/><T124/><D124/><U45/><E45/><V66/><F66/><W40/><G40/><T62/><D62/><U88/><E31/><V58/><F71/><W28/><G84/><T26/><D103/><U97/><E116/><V39/><F109/><W35/><G35/><T96/><AGARI ba="0,0" hai="16,22,26,56,61,64,92,94,96,102,105" m="43529" machi="96" ten="30,4000,0" yaku="15,1,52,1,54,1" doraHai="100" who="0" fromWho="0" sc="176,40,328,-10,316,-20,180,-10" /><INIT seed="7,0,0,2,2,110" ten="216,318,296,170" oya="3" hai0="62,131,109,126,78,38,88,35,93,30,9,64,91" hai1="96,125,29,16,132,65,116,81,20,67,75,0,39" hai2="34,11,129,85,119,57,6,37,104,2,32,22,74" hai3="42,43,58,23,77,90,40,48,100,98,50,70,86"/><W60/><G70/><T18/><D109/><U82/><E39/><V36/><F74/><W79/><G23/><T135/><D38/><U92/><E0/><V107/><F119/><W102/><G48/><T53/><D126/><U8/><E125/><V122/><F129/><W89/><G50/><T72/><D131/><U31/><E132/><V108/><F108/><W19/><G19/><T3/><D135/><U124/><E116/><V17/><F122/><W121/><G121/><T26/><D53/><U45/><E45/><V118/><F118/><W51/><G51/><T7/><D78/><N who="3" m="29705" /><G98/><T10/><D72/><U76/><E124/><V101/><F36/><W71/><G71/><T41/><D41/><U128/><E128/><V27/><F37/><W13/><G13/><T46/><D46/><U66/><E8/><V1/><F1/><W95/><G90/><T106/><D91/><N who="1" m="55327" /><E75/><V56/><F32/><W33/><G33/><T52/><D10/><U84/><E16/><V97/><F34/><W47/><G47/><T103/><D18/><U49/><E49/><V63/><F63/><W44/><G44/><T111/><D111/><U12/><E12/><V28/><F17/><W15/><G15/><T127/><D127/><U112/><E20/><V54/><F2/><W83/><G83/><T21/><D35/><U115/><E81/><V25/><F22/><W5/><G5/><T61/><D21/><U73/><E73/><V133/><F6/><W120/><G120/><T59/><D7/><U55/><E55/><AGARI ba="0,0" hai="40,42,43,55,58,60,86,89,95,100,102" m="29705" machi="55" ten="30,1500,0" yaku="8,1" doraHai="110" who="3" fromWho="1" sc="216,0,318,-15,296,0,170,15" /><INIT seed="7,1,0,4,5,75" ten="216,303,296,185" oya="3" hai0="74,98,34,59,127,99,78,12,9,66,58,13,56" hai1="79,11,123,29,53,77,28,101,114,26,133,22,128" hai2="64,105,27,23,92,116,102,85,6,88,31,14,107" hai3="18,48,131,44,5,94,63,119,37,21,43,40,110"/><W76/><G119/><T2/><D34/><U62/><E123/><V134/><F116/><W20/><G131/><T51/><D127/><U81/><E114/><V52/><F64/><W1/><G110/><T19/><D2/><U10/><E133/><V132/><F52/><W68/><G76/><N who="1" m="29258" /><E101/><V65/><F65/><W83/><G83/><T17/><D66/><U121/><E121/><V117/><F117/><W126/><G126/><T84/><D51/><U39/><E39/><V7/><F102/><W130/><G130/><T73/><D74/><U24/><E81/><V120/><F120/><W93/><G68/><T38/><D38/><U4/><E4/><N who="2" m="1579" /><F14/><W109/><G109/><T32/><D32/><U0/><E0/><V42/><F42/><W113/><G113/><T97/><D73/><U70/><E70/><V30/><F30/><N who="1" m="11881" /><E128/><V90/><F90/><W69/><G69/><T115/><D115/><U35/><E35/><V33/><F33/><W91/><G63/><T129/><D129/><U96/><E96/><V57/><F107/><W106/><G106/><T16/><D9/><N who="1" m="3083" /><E22/><V49/><F105/><W46/><G91/><T80/><AGARI ba="1,0" hai="12,13,16,17,19,56,58,59,78,80,84,97,98,99" machi="80" ten="40,12000,2" yaku="0,1,29,2,8,1,52,1,54,1" doraHai="75" who="0" fromWho="0" sc="216,123,303,-31,296,-31,185,-61" owari="339,43.9,272,7.2,265,-13.5,124,-37.6" /></mjloggm>