<mjloggm ver="2.3"><GO type="169" lobby="0"/><UN n0="%2D%E8%B1%8A%E5%8F%A3%E3%82%81%E3%81%90%E3%81%BF%2D" n1="%E3%83%9E%E3%82%B9%E3%82%BF%E3%83%BC%E3%83%93%E3%83%BC%E3%83%AB" n2="%73%65%69%67%65%6E" n3="%E3%81%86%E3%81%AA%E3%81%8E%E9%BA%BA" dan="17,16,17,17" rate="2174.63,2191.02,2218.28,2170.82" sx="F,M,M,M"/><TAIKYOKU oya="0"/><INIT seed="0,0,0,4,5,64" ten="250,250,250,250" oya="0" hai0="88,36,52,119,114,13,131,60,59,48,71,3,128" hai1="135,40,105,0,127,61,85,10,1,33,14,19,24" hai2="27,16,103,79,47,11,46,15,126,82,92,89,12" hai3="42,77,99,22,39,18,118,38,101,25,23,67,2"/><T44/><D3/><U6/><E105/><V130/><F130/><N who="0" m="49706" /><D114/><U110/><E110/><V83/><F126/><W98/><G118/><T51/><D119/><U87/><E127/><V21/><F103/><W86/><G2/><T62/><D13/><U72/><E72/><V69/><F69/><W78/><G67/><N who="0" m="41463" /><D88/><U97/><E97/><V124/><F15/><W66/><G66/><T34/><D34/><U17/><E61/><V73/><F83/><W63/><G63/><T32/><D32/><U53/><E135/><V29/><REACH who="2" step="1"/><F124/><REACH who="2" ten="250,250,240,250" step="2"/><W56/><G101/><T116/><D116/><U35/><E14/><V41/><F41/><AGARI ba="0,1" hai="36,41,44,48,51,52,59,60" m="41463,49706" machi="41" ten="30,12000,1" yaku="19,1,34,2,52,1,54,1" doraHai="64" who="0" fromWho="2" sc="250,130,250,0,240,-120,250,0" /><INIT seed="0,1,0,2,5,81" ten="380,250,120,250" oya="0" hai0="63,40,83,87,130,116,51,134,34,50,75,26,97" hai1="64,54,22,65,129,77,132,124,102,31,9,70,90" hai2="92,86,76,62,41,53,82,14,43,38,56,89,100" hai3="114,121,27,125,88,73,30,13,15,133,49,91,44"/><T36/><D116/><U105/><E77/><V45/><F100/><W52/><G114/><T71/><D75/><U107/><E31/><V74/><F14/><W48/><G125/><T110/><D134/><U104/><E124/><V4/><F4/><W25/><G133/><T16/><D130/><U17/><E129/><V57/><F57/><W80/><G121/><T106/><D110/><U11/><E132/><V99/><REACH who="2" step="1"/><F43/><REACH who="2" ten="380,250,110,250" step="2"/><W24/><G13/><T23/><D40/><U8/><E102/><V93/><F93/><W115/><G115/><T127/><D127/><U33/><E105/><V112/><F112/><W7/><G7/><T109/><D106/><U46/><E104/><V28/><F28/><W29/><G29/><T47/><D71/><U10/><E107/><V79/><F79/><W3/><G3/><T98/><D109/><U113/><E70/><V120/><F120/><W20/><G30/><T61/><D26/><U35/><E113/><V119/><F119/><W94/><G15/><T19/><D19/><U108/><E108/><V55/><F55/><W42/><G20/><T39/><D16/><U131/><E17/><V2/><F2/><W84/><G73/><AGARI ba="1,1" hai="38,41,45,53,56,62,73,74,76,82,86,89,92,99" machi="73" ten="40,5200,0" yaku="1,1,52,1,53,1" doraHai="81" doraHaiUra="78" who="2" fromWho="3" sc="380,0,250,0,110,65,250,-55" /><INIT seed="1,0,0,0,5,86" ten="380,250,175,195" oya="1" hai0="6,123,45,78,85,18,61,72,99,11,68,103,0" hai1="77,10,32,33,125,133,93,82,118,104,29,101,96" hai2="76,8,81,64,135,127,4,57,41,79,40,120,58" hai3="34,88,84,108,56,87,70,38,2,92,15,24,20"/><U52/><E118/><V90/><F120/><W13/><G2/><T47/><D123/><U36/><E125/><V37/><F127/><W9/><G70/><T128/><D128/><U113/><E113/><V12/><F135/><W122/><G38/><T80/><D18/><U134/><E36/><V129/><F129/><W69/><G69/><T62/><D72/><U60/><E104/><V74/><F79/><W53/><G34/><T117/><D117/><U14/><E29/><V132/><F132/><N who="1" m="50793" /><E60/><V75/><F75/><W114/><G108/><T55/><D68/><U44/><E44/><V115/><F115/><W21/><G114/><T124/><D124/><U50/><E50/><V49/><F37/><W73/><G73/><T110/><D110/><U111/><E52/><V54/><REACH who="2" step="1"/><F90/><REACH who="2" ten="380,250,165,195" step="2"/><N who="3" m="53319" /><G122/><T39/><D78/><U71/><E111/><V30/><F30/><N who="3" m="17671" /><G9/><T67/><D11/><U83/><E77/><V98/><F98/><W59/><G21/><T107/><D39/><U106/><E33/><V31/><F31/><W116/><G116/><T46/><D99/><U112/><E32/><V26/><F26/><W130/><G130/><T28/><D28/><U17/><E112/><V25/><F25/><W7/><G7/><T51/><D6/><U16/><E17/><V121/><F121/><W27/><G27/><T105/><D103/><U1/><E101/><V42/><F42/><W22/><G22/><T63/><D107/><U109/><E109/><V89/><F89/><W43/><G43/><T19/><D105/><U131/><E106/><V3/><F3/><W5/><G5/><RYUUKYOKU ba="0,1" sc="380,-10,250,-10,165,30,195,-10" hai2="4,8,12,40,41,49,54,57,58,64,74,76,81" /><INIT seed="2,1,1,3,5,39" ten="370,240,195,185" oya="2" hai0="2,57,14,115,120,38,92,55,121,124,106,86,84" hai1="34,8,10,45,36,125,54,111,70,96,18,118,66" hai2="131,89,35,63,76,83,27,30,112,77,5,24,59" hai3="67,47,123,25,3,41,129,52,16,12,130,46,69"/><V11/><F131/><N who="3" m="50187" /><G3/><T87/><D2/><U31/><E118/><V4/><F112/><W32/><G123/><T15/><D106/><U88/><E125/><V7/><F11/><N who="3" m="6175" /><G67/><T103/><D115/><U19/><E70/><V26/><F89/><W95/><G69/><T61/><D38/><U85/><E66/><V21/><F35/><W50/><G95/><T75/><D124/><U117/><E34/><V98/><F98/><W109/><G109/><T113/><D113/><U101/><E111/><V116/><F116/><W132/><G132/><T51/><D75/><U22/><E117/><V29/><F21/><W79/><G79/><N who="2" m="30281" /><F83/><W128/><G128/><T6/><D121/><U114/><E114/><V133/><F133/><W37/><G25/><N who="2" m="6401" /><V49/><DORA hai="0" /><F49/><W127/><G127/><T134/><D134/><U107/><E36/><V94/><F94/><W90/><G90/><T28/><D92/><U13/><E10/><V80/><F80/><W72/><G32/><T105/><D105/><U44/><E8/><V122/><F122/><W62/><G62/><T110/><D61/><U99/><E107/><V71/><F71/><W17/><G72/><T42/><D110/><U23/><E88/><V119/><F119/><W93/><G93/><T104/><D120/><U108/><E108/><V60/><F60/><W20/><G20/><T48/><D104/><U58/><E23/><V135/><F135/><W40/><G17/><T64/><D87/><U43/><E85/><V102/><F102/><W56/><G37/><T78/><D86/><U68/><E101/><V9/><F9/><RYUUKYOKU ba="1,1" sc="370,-15,240,-15,195,15,185,15" hai2="4,5,7,29,30,59,63" hai3="40,41,46,47,50,52,56" /><INIT seed="2,2,1,0,3,3" ten="355,225,210,200" oya="2" hai0="115,21,55,123,20,113,63,26,36,40,103,83,10" hai1="109,58,60,48,91,65,134,73,37,41,18,30,72" hai2="96,97,32,2,53,74,78,42,106,102,5,8,85" hai3="94,131,67,51,23,79,135,110,24,62,121,88,124"/><V114/><F114/><W86/><G121/><T98/><D123/><U1/><E1/><V45/><F53/><W117/><G117/><T15/><D21/><U44/><E109/><V95/><F32/><W43/><G110/><T61/><D83/><U87/><E134/><V76/><F85/><W68/><G124/><T77/><D77/><U82/><E30/><V0/><F0/><W93/><G131/><T57/><D61/><U54/><REACH who="1" step="1"/><E18/><REACH who="1" ten="355,215,210,200" step="2"/><V69/><F74/><W130/><G135/><T127/><D115/><U133/><E133/><V27/><F27/><W120/><G120/><T9/><D26/><U49/><E49/><V92/><F106/><W129/><G129/><T132/><D113/><U80/><E80/><V111/><F111/><W64/><G24/><T81/><D81/><U47/><AGARI ba="2,2" hai="37,41,44,47,48,54,58,60,65,72,73,82,87,91" machi="47" ten="20,8000,1" yaku="1,1,0,1,7,1,53,2" doraHai="3" doraHaiUra="105" who="1" fromWho="1" sc="355,-22,215,106,210,-42,200,-22" /><INIT seed="3,0,0,2,5,45" ten="333,321,168,178" oya="3" hai0="94,73,10,74,47,61,90,71,8,57,80,35,95" hai1="65,7,125,20,88,9,128,118,14,62,3,82,122" hai2="108,92,68,83,34,55,85,6,46,104,130,103,39" hai3="26,12,66,36,50,127,116,98,38,129,48,78,17"/><W49/><G116/><T100/><D35/><U132/><E122/><V93/><F108/><W91/><G127/><T123/><D71/><U86/><E125/><V69/><F34/><W4/><G4/><T109/><D123/><U106/><E128/><V32/><F32/><W24/><G129/><T101/><D109/><U117/><E132/><V79/><F130/><W58/><G78/><T76/><D74/><U25/><E106/><V18/><F6/><W119/><G119/><N who="1" m="45578" /><E3/><V112/><F112/><W37/><G66/><T51/><D100/><U75/><E75/><V99/><F18/><W121/><G58/><T52/><D101/><U30/><E62/><V59/><F93/><W60/><G60/><T72/><D72/><U13/><E13/><V126/><F126/><W70/><G70/><T63/><D63/><U15/><E15/><V102/><F102/><W2/><G2/><T21/><D21/><U134/><E134/><V22/><F22/><W120/><G120/><T42/><REACH who="0" step="1"/><D95/><REACH who="0" ten="323,321,168,178" step="2"/><U113/><E113/><V110/><F110/><W27/><G121/><T96/><AGARI ba="0,1" hai="8,10,42,47,51,52,57,61,73,76,80,90,94,96" machi="96" ten="20,12000,2" yaku="1,1,2,1,0,1,7,1,52,1,54,1,53,1" doraHai="45" doraHaiUra="89" who="0" fromWho="0" sc="323,130,321,-30,168,-30,178,-60" /><INIT seed="4,0,0,1,0,98" ten="453,291,138,118" oya="0" hai0="68,106,43,123,45,72,25,55,1,126,134,86,77" hai1="18,46,128,127,132,75,100,5,84,41,27,0,76" hai2="102,58,44,38,7,39,93,81,32,6,17,131,49" hai3="69,82,70,115,85,94,56,71,65,62,114,36,117"/><T2/><D123/><U101/><E75/><V13/><F32/><W24/><G117/><T133/><D68/><U79/><E0/><V3/><F3/><W48/><G36/><T135/><D126/><U113/><E5/><V92/><F131/><W116/><G116/><T119/><D119/><U50/><E127/><V34/><F34/><W66/><G48/><T12/><D72/><U83/><E128/><V103/><F39/><W90/><G66/><T11/><D106/><U14/><E132/><V74/><F38/><W80/><REACH who="3" step="1"/><G24/><REACH who="3" ten="453,291,138,108" step="2"/><T51/><D25/><U52/><E27/><V104/><F49/><W33/><G33/><T47/><D55/><U8/><E113/><AGARI ba="0,1" hai="56,62,65,69,70,71,80,82,85,90,94,113,114,115" machi="113" ten="50,3200,0" yaku="1,1,15,1,53,0" doraHai="98" doraHaiUra="130" who="3" fromWho="1" sc="453,0,291,-32,138,0,108,42" /><INIT seed="5,0,0,4,5,121" ten="453,259,138,150" oya="1" hai0="82,17,134,100,115,130,3,128,101,1,80,51,106" hai1="44,43,63,62,99,18,98,127,89,93,105,61,117" hai2="6,37,28,71,67,41,103,126,24,75,40,14,72" hai3="16,132,57,65,107,25,31,104,94,21,90,58,59"/><U69/><E117/><V36/><F126/><W52/><G132/><T123/><D134/><U39/><E127/><V20/><F103/><N who="0" m="39498" /><D106/><U26/><E105/><V79/><F71/><W108/><G108/><T32/><D32/><U33/><E99/><V70/><F70/><W118/><G118/><T38/><D38/><U131/><E131/><V114/><F67/><W11/><G65/><T78/><D115/><U7/><E7/><V125/><F125/><W133/><G133/><T91/><D123/><U112/><E112/><V77/><F114/><W129/><G129/><T135/><D135/><U34/><E69/><V124/><F124/><W116/><G116/><T15/><D51/><U45/><E45/><V81/><F37/><W46/><G107/><T85/><D3/><U111/><E111/><V4/><F36/><W10/><G104/><T56/><D56/><U55/><E55/><V73/><F79/><W48/><REACH who="3" step="1"/><G31/><REACH who="3" ten="453,259,138,140" step="2"/><T86/><D128/><U9/><E39/><V76/><F76/><W88/><G88/><T8/><D130/><U97/><E89/><V29/><F29/><W50/><G50/><T30/><D1/><U74/><E63/><V96/><F96/><AGARI ba="0,1" hai="10,11,16,21,25,46,48,52,57,58,59,90,94,96" machi="96" ten="40,8000,1" yaku="1,1,8,1,54,2,53,1" doraHai="121" doraHaiUra="19" who="3" fromWho="2" sc="453,0,259,0,138,-80,140,90" /><INIT seed="6,0,0,0,5,39" ten="453,259,58,230" oya="2" hai0="104,14,121,127,26,35,62,52,84,21,43,64,115" hai1="78,60,91,131,51,30,83,75,13,54,79,9,32" hai2="129,59,66,110,103,50,73,92,36,72,90,38,65" hai3="107,112,58,17,120,40,101,102,33,55,71,37,114"/><V70/><F129/><W12/><G33/><T125/><D121/><U57/><E131/><V19/><F110/><W111/><G71/><T116/><D104/><U31/><E32/><V8/><F103/><W27/><G27/><T85/><D115/><N who="3" m="44073" /><G120/><T119/><D43/><U20/><E20/><V105/><F105/><W0/><G0/><T4/><D35/><U67/><E91/><V7/><F19/><W56/><G56/><N who="0" m="35079" /><D64/><U69/><E79/><V93/><F36/><W41/><G37/><T95/><D14/><U5/><AGARI ba="0,0" hai="5,9,13,30,31,51,54,57,60,67,69,75,78,83" machi="5" ten="20,1500,0" yaku="0,1,7,1" doraHai="39" who="1" fromWho="1" sc="453,-4,259,15,58,-7,230,-4" /><INIT seed="7,0,0,4,2,103" ten="449,274,51,226" oya="3" hai0="83,101,61,47,77,7,84,69,114,129,76,32,57" hai1="2,1,37,11,58,86,71,31,15,87,67,59,8" hai2="131,20,121,40,74,64,99,100,78,89,125,68,73" hai3="51,46,90,65,115,4,134,102,27,16,112,42,10"/><W50/><G134/><T135/><D32/><U25/><E37/><V117/><F40/><W28/><G65/><T29/><D29/><U5/><E71/><V30/><F20/><W105/><G90/><T124/><D69/><U128/><E128/><V106/><F30/><W126/><G126/><T36/><D7/><U49/><E67/><V17/><F17/><W9/><G51/><T43/><D101/><U81/><E2/><V113/><F64/><W97/><G16/><T62/><D114/><U91/><E49/><V94/><F68/><W39/><G50/><T85/><D135/><U108/><E87/><V41/><F41/><W75/><G75/><T26/><D129/><U60/><E108/><V120/><F131/><W19/><G19/><T104/><D26/><U6/><E60/><V3/><F3/><W18/><G18/><T96/><D85/><U118/><E118/><V132/><F132/><W34/><G10/><T133/><D124/><U52/><E52/><V72/><F125/><W92/><G92/><T127/><D133/><U79/><E91/><V13/><F13/><W123/><G123/><T95/><D95/><U24/><E24/><V130/><F130/><W80/><G80/><T44/><D127/><U82/><E82/><V35/><F35/><AGARI ba="0,0" hai="1,5,6,8,11,15,25,31,35,58,59,79,81,86" machi="35" ten="30,1000,0" yaku="7,1" doraHai="103" who="1" fromWho="2" sc="449,0,274,10,51,-10,226,0" owari="449,54.9,284,8.4,41,-45.9,226,-17.4" /></mjloggm>