<mjloggm ver="2.3"><GO type="169" lobby="0"/><UN n0="%E3%80%8C%E3%82%AD%E3%82%BF%E3%80%8D" n1="%E3%81%8B%E3%82%81%E3%81%98%E3%82%8D%E3%81%86" n2="%E8%B5%A4%E5%BA%A7%E3%81%82%E3%81%8B%E3%82%8A%45%58" n3="%78%6F%E9%9B%80" dan="16,16,16,17" rate="2048.33,2124.68,2160.74,2225.84" sx="M,M,M,M"/><TAIKYOKU oya="0"/><INIT seed="0,0,0,0,0,23" ten="250,250,250,250" oya="0" hai0="38,102,65,89,29,54,15,79,131,18,94,44,123" hai1="9,84,53,98,58,21,7,30,109,129,119,99,93" hai2="57,108,17,55,24,66,14,106,63,49,16,80,88" hai3="67,77,86,104,60,113,87,26,50,37,73,45,62"/><T111/><D123/><U75/><E109/><V46/><F106/><W3/><G113/><T36/><D131/><U126/><E75/><V135/><F108/><W31/><G104/><T35/><D111/><U118/><E126/><V112/><F112/><W48/><G3/><T78/><D65/><U12/><E129/><V25/><F135/><W83/><G37/><T11/><D102/><U56/><E56/><V120/><F120/><W76/><G62/><T124/><D124/><U117/><E84/><N who="2" m="50183" /><F17/><W1/><G1/><T69/><D69/><U5/><E5/><V122/><F122/><W103/><G103/><T95/><D95/><U28/><E98/><V52/><F66/><W96/><G96/><T116/><D116/><U41/><E41/><V10/><AGARI ba="0,0" hai="10,14,16,24,25,46,49,52,55,57,63" m="50183" machi="10" ten="30,12000,2" yaku="25,1,8,1,52,2,54,3" doraHai="23" who="2" fromWho="2" sc="250,-60,250,-30,250,120,250,-30" /><INIT seed="1,0,0,0,5,81" ten="190,220,370,220" oya="1" hai0="86,115,102,133,10,47,96,41,90,130,112,113,9" hai1="125,36,106,69,16,38,14,87,31,37,123,71,109" hai2="122,27,105,29,118,62,48,78,23,57,75,17,13" hai3="28,68,19,103,111,65,20,116,63,32,110,44,119"/><U77/><E123/><V56/><F118/><N who="3" m="45099" /><G103/><T94/><D130/><U4/><E106/><V7/><F105/><W49/><G28/><T55/><D55/><U76/><E4/><V97/><F122/><W12/><G32/><T134/><D10/><U80/><E125/><V46/><F75/><W1/><G1/><T34/><D9/><U51/><E31/><V131/><F131/><W11/><G11/><T54/><D54/><AGARI ba="0,0" hai="12,19,20,44,49,54,63,65,68,110,111" m="45099" machi="54" ten="30,1000,0" yaku="12,1" doraHai="81" who="3" fromWho="0" sc="190,-10,220,0,370,0,220,10" /><INIT seed="2,0,0,3,4,86" ten="180,220,370,230" oya="2" hai0="132,26,63,106,126,39,74,83,32,96,11,130,42" hai1="120,78,10,41,79,18,33,115,1,104,37,24,62" hai2="36,66,45,16,12,65,34,58,4,97,31,22,40" hai3="50,49,0,81,129,101,109,100,103,17,75,119,77"/><V88/><F4/><W93/><G119/><T57/><D126/><U108/><E115/><V21/><F34/><W46/><G109/><T69/><D130/><U48/><E104/><V61/><F66/><W25/><G0/><T64/><D132/><U76/><E37/><V114/><F114/><W111/><G111/><T116/><D11/><U14/><E108/><V94/><F31/><W38/><G129/><T107/><D57/><U51/><E120/><V99/><F99/><W8/><G38/><T133/><D133/><U56/><E1/><V110/><F110/><W134/><G134/><T23/><D23/><AGARI ba="0,0" hai="12,16,21,22,23,36,40,45,58,61,65,88,94,97" machi="23" ten="30,11600,0" yaku="7,1,52,1,54,2" doraHai="86" who="2" fromWho="0" sc="180,-116,220,0,370,116,230,0" /><INIT seed="2,1,0,2,4,125" ten="64,220,486,230" oya="2" hai0="39,122,85,116,11,6,23,99,108,91,121,104,123" hai1="25,106,72,97,59,132,73,134,38,75,88,114,78" hai2="117,135,63,9,118,16,93,94,96,81,60,98,74" hai3="109,120,89,79,100,3,80,64,24,83,55,1,5"/><V29/><F29/><W54/><G120/><T34/><D39/><U57/><E38/><V82/><F74/><W45/><G100/><T44/><D34/><U30/><E114/><V65/><F65/><W101/><G101/><T14/><D108/><U67/><E78/><V62/><F135/><N who="1" m="51753" /><E67/><V84/><F84/><W21/><G89/><T115/><D115/><U0/><E0/><V129/><F63/><W26/><G79/><T43/><D116/><U52/><E52/><V20/><F20/><W70/><G45/><T92/><D23/><N who="1" m="15679" /><E106/><V19/><F9/><W8/><G21/><T17/><D104/><U22/><E22/><V126/><F126/><W53/><G3/><T10/><D44/><U133/><N who="1" m="51761" /><U68/><DORA hai="105" /><E68/><V86/><F86/><W119/><G70/><T103/><D43/><U28/><E28/><V46/><F46/><W95/><G64/><T113/><D113/><U90/><E90/><V130/><AGARI ba="1,0" hai="16,19,60,62,81,82,93,94,96,98,117,118,129,130" machi="130" ten="25,18000,2" yaku="0,1,22,2,52,2,54,1" doraHai="125,105" who="2" fromWho="2" sc="64,-61,220,-61,486,183,230,-61" /><INIT seed="2,2,0,1,5,106" ten="3,159,669,169" oya="2" hai0="121,39,18,55,124,118,123,108,100,48,40,29,23" hai1="62,20,112,26,110,90,30,3,98,105,69,133,89" hai2="83,36,44,50,127,113,80,71,94,47,12,103,58" hai3="41,51,35,31,78,45,128,97,70,6,68,75,65"/><V125/><F71/><W57/><G128/><T24/><D100/><U102/><E112/><V21/><F113/><W38/><G6/><T129/><D129/><U34/><E3/><V59/><F103/><W46/><G97/><T114/><D114/><U1/><E1/><V14/><F50/><W19/><G19/><T37/><D40/><U76/><E110/><V77/><F77/><W134/><G134/><T33/><D108/><U96/><E133/><V63/><F63/><N who="3" m="38127" /><G75/><T93/><D124/><U85/><E96/><V2/><F2/><W22/><G22/><T7/><D7/><U86/><E20/><V99/><F21/><W9/><G31/><T79/><D79/><U132/><E132/><V109/><F99/><W8/><G78/><T17/><D17/><U28/><E28/><V117/><F94/><W115/><G35/><T43/><D43/><U13/><E13/><V73/><F36/><W82/><G82/><T64/><D64/><N who="1" m="41111" /><E86/><V15/><F15/><W87/><G87/><T52/><D118/><U60/><E60/><V0/><F0/><W49/><G115/><T56/><D39/><U107/><E107/><V16/><F16/><W5/><G38/><T88/><D37/><U32/><E32/><V111/><F117/><W74/><G74/><AGARI ba="2,0" hai="12,14,44,47,58,59,73,74,80,83,109,111,125,127" machi="74" ten="25,9600,0" yaku="22,2,52,2" doraHai="106" who="2" fromWho="3" sc="3,0,159,0,669,102,169,-102" /><INIT seed="2,3,0,0,5,114" ten="3,159,771,67" oya="2" hai0="56,28,41,57,77,128,129,97,68,19,3,90,48" hai1="116,111,98,120,13,80,53,65,125,18,46,60,130" hai2="79,105,69,35,107,12,20,95,76,93,135,15,83" hai3="34,55,24,72,16,127,52,108,100,133,123,25,86"/><V42/><F35/><W62/><G72/><T117/><D68/><U71/><E116/><V78/><F69/><W40/><G123/><T7/><D77/><U87/><E111/><V22/><F42/><W118/><G118/><T67/><D28/><U63/><E125/><V106/><F83/><W0/><G108/><T70/><D7/><U91/><E130/><N who="0" m="50281" /><D3/><U59/><E120/><V126/><F126/><W2/><G127/><T84/><D97/><U27/><E98/><V38/><F38/><W1/><G40/><T43/><D117/><U74/><E74/><V88/><F135/><W121/><G133/><T10/><D70/><U73/><E73/><V50/><F50/><W54/><G121/><T11/><D19/><U113/><E113/><V134/><F134/><W32/><G62/><N who="0" m="38343" /><D43/><U109/><E109/><V5/><F5/><W85/><G100/><T45/><D57/><N who="1" m="34863" /><E71/><V51/><F51/><W30/><REACH who="3" step="1"/><G32/><REACH who="3" ten="3,159,771,57" step="2"/><T124/><D124/><U82/><E63/><V58/><F106/><W26/><G26/><T102/><D102/><U112/><E27/><V37/><F107/><W6/><G6/><T64/><D64/><U94/><E112/><V99/><F105/><W110/><G110/><T75/><D75/><U81/><E65/><V103/><F103/><W4/><G4/><T8/><D11/><N who="1" m="6463" /><E59/><V49/><F58/><W47/><G47/><AGARI ba="3,1" hai="46,47,80,81,82,87,91,94" m="6463,34863" machi="47" ten="30,1000,0" yaku="8,1" doraHai="114" who="1" fromWho="3" sc="3,0,159,29,771,0,57,-19" /><INIT seed="3,0,0,2,2,108" ten="3,188,771,38" oya="3" hai0="43,82,42,79,25,28,55,74,64,105,114,104,102" hai1="18,109,52,89,120,110,129,53,2,30,94,123,36" hai2="117,31,20,48,24,95,58,127,73,26,14,128,107" hai3="122,23,45,81,90,113,126,32,41,103,7,134,9"/><W80/><G122/><T5/><D5/><U133/><E2/><V11/><F107/><W118/><G32/><T34/><D64/><U131/><E30/><V56/><F73/><W37/><G118/><T112/><D55/><N who="1" m="21067" /><E36/><V0/><F127/><W15/><G126/><T106/><D102/><U40/><E40/><V83/><F128/><N who="1" m="49225" /><E133/><V16/><F117/><W93/><G134/><T91/><D91/><U22/><E120/><V46/><F0/><W84/><G103/><T1/><D1/><U49/><E49/><V119/><F119/><W50/><G37/><T51/><D51/><U62/><E62/><V60/><F95/><W54/><G41/><T29/><D29/><U86/><E123/><V12/><F83/><W19/><REACH who="3" step="1"/><G113/><AGARI ba="0,0" hai="25,28,34,42,43,74,79,82,104,105,106,112,113,114" machi="113" ten="50,8000,1" yaku="11,1,52,3" doraHai="108" who="0" fromWho="3" sc="3,80,188,0,771,0,38,-80" owari="83,-31.7,188,-1.2,771,87.1,-42,-54.2" /></mjloggm>