<mjloggm ver="2.3"><GO type="169" lobby="0"/><UN n0="%E6%81%8B%E3%81%AE%E3%81%86%E3%81%9F" n1="%E3%82%A2%E3%83%B3%E3%81%95%E3%82%93" n2="%E3%82%84%E3%81%99%E3%81%BE%E3%81%A4" n3="%E3%81%BE%E3%82%86%E3%81%92" dan="17,18,18,16" rate="2222.88,2208.03,2159.47,2125.96" sx="M,M,M,M"/><TAIKYOKU oya="0"/><INIT seed="0,0,0,1,3,57" ten="250,250,250,250" oya="0" hai0="91,90,72,109,68,76,85,94,10,9,135,86,43" hai1="21,134,17,31,42,64,127,81,29,34,26,67,30" hai2="112,39,103,93,63,66,24,78,74,51,89,2,12" hai3="44,69,82,79,54,8,49,106,19,126,0,123,50"/><T133/><D43/><U61/><E127/><V6/><F112/><W13/><G106/><T14/><D68/><U25/><E134/><N who="0" m="51209" /><D14/><U4/><E67/><V41/><F103/><W16/><G126/><T71/><D71/><U100/><E81/><V77/><F2/><W22/><G69/><T84/><D10/><U101/><E42/><V107/><F107/><W125/><G125/><T88/><D9/><U87/><E87/><N who="0" m="33289" /><D109/><U65/><E65/><V115/><F115/><W83/><G79/><N who="2" m="30217" /><F74/><W56/><G123/><T45/><D45/><U116/><E116/><V132/><F39/><W80/><G0/><T95/><D84/><U124/><E124/><V104/><F24/><N who="1" m="9321" /><E4/><V70/><F70/><W102/><G102/><N who="1" m="39530" /><E34/><V98/><F132/><W110/><G110/><T96/><D96/><U59/><E30/><V131/><F104/><W111/><G111/><T92/><D76/><U27/><AGARI ba="0,0" hai="17,21,27,29,31,59,61,64" m="39530,9321" machi="27" ten="30,2000,0" yaku="8,1,52,1" doraHai="57" who="1" fromWho="1" sc="250,-10,250,20,250,-5,250,-5" /><INIT seed="1,0,0,3,5,74" ten="240,270,245,245" oya="1" hai0="71,127,67,29,108,32,44,120,21,95,61,104,62" hai1="26,35,24,70,126,39,43,8,133,28,118,45,17" hai2="102,135,25,22,69,87,60,4,57,131,64,84,73" hai3="18,15,101,47,6,83,88,79,16,52,13,11,53"/><U59/><E118/><V7/><F131/><W111/><G101/><T86/><D108/><U63/><E126/><V38/><F135/><W119/><G111/><T85/><D32/><U56/><E133/><V41/><F73/><W42/><G119/><T54/><D104/><U116/><E116/><V10/><F102/><W123/><G123/><T76/><D120/><U65/><E24/><V112/><F112/><W90/><G6/><T113/><D113/><U124/><REACH who="1" step="1"/><E124/><REACH who="1" ten="240,260,245,245" step="2"/><V58/><F4/><W117/><G117/><T82/><D127/><U89/><E89/><V96/><F25/><W107/><G90/><T129/><D129/><U27/><E27/><V37/><F7/><W98/><G88/><T40/><D29/><U51/><E51/><V46/><F38/><W80/><G98/><T94/><D61/><U55/><E55/><V97/><F96/><W50/><G83/><T93/><D54/><U23/><E23/><V109/><F22/><N who="3" m="11535" /><G107/><T77/><D21/><U134/><E134/><V106/><F109/><W128/><G128/><T19/><D19/><U2/><E2/><V34/><F97/><W48/><G50/><T99/><D99/><U5/><E5/><V78/><F106/><W125/><G125/><T75/><REACH who="0" step="1"/><D76/><REACH who="0" ten="230,260,245,245" step="2"/><U114/><E114/><V31/><F78/><W12/><G12/><AGARI ba="0,2" hai="8,12,17,26,28,35,39,43,45,56,59,63,65,70" machi="12" ten="40,2000,0" yaku="1,1,53,0" doraHai="74" doraHaiUra="49" who="1" fromWho="3" sc="230,0,260,40,245,0,245,-20" /><INIT seed="1,1,0,1,5,16" ten="230,300,245,225" oya="1" hai0="93,107,90,64,22,51,82,135,113,98,123,13,121" hai1="133,128,61,120,20,62,4,3,56,50,8,52,72" hai2="78,60,63,43,47,0,76,84,95,130,45,19,6" hai3="34,87,132,41,134,54,14,102,12,111,25,68,55"/><U103/><E120/><N who="0" m="46153" /><D64/><U23/><E133/><N who="3" m="51306" /><G68/><T57/><D135/><U127/><E72/><V44/><F130/><W124/><G102/><T35/><D35/><U131/><E127/><V112/><F112/><W11/><G41/><T108/><D108/><U79/><E79/><N who="2" m="30251" /><F0/><W89/><G111/><T58/><D107/><U122/><E103/><V115/><F6/><W88/><G124/><T80/><D113/><U29/><E29/><V71/><F71/><W109/><G89/><T104/><D104/><U126/><E126/><V70/><F70/><W36/><G36/><T73/><D73/><U97/><E97/><V46/><F115/><W33/><G14/><T96/><D96/><U30/><E30/><V117/><F117/><W100/><G100/><T105/><D105/><U15/><E122/><V66/><F66/><W38/><G38/><T17/><D51/><U26/><E3/><V9/><F84/><W81/><G109/><T53/><D53/><N who="3" m="19977" /><G25/><T110/><D110/><U114/><E26/><V75/><F75/><W40/><G40/><T24/><D24/><U2/><E114/><V31/><F43/><W92/><G81/><AGARI ba="1,0" hai="13,17,22,57,58,80,81,82,90,93,98" m="46153" machi="81" ten="30,2000,0" yaku="13,1,52,1" doraHai="16" who="0" fromWho="3" sc="230,23,300,0,245,0,225,-23" /><INIT seed="2,0,0,1,1,24" ten="253,300,245,202" oya="2" hai0="134,112,131,4,23,52,96,101,129,54,111,49,42" hai1="66,43,33,70,3,6,46,81,127,120,59,124,102" hai2="117,94,62,58,98,13,100,30,68,65,108,37,14" hai3="9,75,133,109,39,64,76,85,48,114,20,56,67"/><V38/><F117/><W125/><G39/><T118/><D112/><U72/><E120/><V50/><F108/><W107/><G109/><T95/><D111/><U29/><E59/><V36/><REACH who="2" step="1"/><F30/><REACH who="2" ten="253,300,235,202" step="2"/><W0/><G114/><T7/><D118/><U53/><E29/><V103/><F103/><W44/><G125/><T45/><D134/><U128/><E102/><V12/><F12/><W97/><G133/><T40/><D131/><U113/><E128/><V18/><F18/><W32/><G0/><T27/><D129/><U93/><E113/><V126/><F126/><W51/><G32/><T110/><D110/><U11/><E33/><V82/><F82/><W17/><G17/><T115/><D115/><U61/><E124/><V71/><F71/><W69/><G69/><T73/><D4/><U5/><E127/><V21/><F21/><W57/><G20/><T10/><D73/><U116/><E6/><V55/><AGARI ba="0,1" hai="13,14,36,37,38,50,55,58,62,65,68,94,98,100" machi="55" ten="40,3900,0" yaku="1,1,0,1,53,0" doraHai="24" doraHaiUra="86" who="2" fromWho="2" sc="253,-13,300,-13,235,49,202,-13" /><INIT seed="2,1,0,3,5,69" ten="240,287,284,189" oya="2" hai0="82,120,42,13,0,37,1,64,56,60,80,110,109" hai1="71,45,96,53,127,119,51,10,25,72,43,106,95" hai2="41,40,44,26,31,68,57,90,77,99,39,48,24" hai3="50,70,28,117,94,16,135,14,115,66,67,114,97"/><V107/><F68/><W36/><G117/><T23/><D120/><U84/><E127/><V38/><F77/><W113/><G28/><T123/><D123/><U74/><E119/><V98/><F26/><W52/><G135/><T88/><D82/><U130/><E130/><V63/><F41/><W22/><G36/><T12/><D0/><U93/><E106/><V73/><F73/><W105/><G105/><T19/><D1/><U89/><E71/><V78/><F78/><W55/><G70/><T87/><REACH who="0" step="1"/><D13/><REACH who="0" ten="230,287,284,189" step="2"/><U3/><E3/><V91/><F107/><W126/><G126/><T15/><D15/><U133/><E133/><V102/><F102/><N who="3" m="60727" /><G55/><T124/><D124/><U118/><E53/><V122/><F122/><W61/><G61/><T92/><D92/><U47/><E93/><V30/><F63/><W18/><G18/><T46/><AGARI ba="1,1" hai="12,19,23,37,42,46,56,60,64,80,87,88,109,110" machi="46" ten="30,7900,0" yaku="1,1,0,1,52,1,54,1,53,0" doraHai="69" doraHaiUra="5" who="0" fromWho="0" sc="230,92,287,-21,284,-40,189,-21" /><INIT seed="3,0,0,3,3,115" ten="322,266,244,168" oya="3" hai0="68,80,74,86,38,122,118,55,35,125,106,33,69" hai1="101,0,45,94,103,42,120,108,7,32,119,53,71" hai2="98,134,72,10,22,110,30,14,107,73,61,79,76" hai3="85,99,102,116,43,133,111,93,90,131,95,13,49"/><W46/><G133/><T127/><D122/><U112/><E112/><V66/><F134/><W67/><G131/><T97/><D38/><U47/><E120/><V54/><F110/><W126/><G111/><T92/><D55/><U52/><E108/><V132/><F132/><W12/><G126/><N who="0" m="48139" /><D74/><U60/><E32/><N who="0" m="12361" /><D106/><U128/><E128/><V23/><F54/><W58/><REACH who="3" step="1"/><G116/><REACH who="3" ten="322,266,244,158" step="2"/><T31/><D118/><U18/><E119/><V8/><F73/><W40/><G40/><T15/><D68/><U27/><E71/><V44/><F72/><W51/><G51/><T65/><D69/><U57/><E42/><V64/><F61/><AGARI ba="0,1" hai="12,13,43,46,49,58,61,67,85,90,93,95,99,102" machi="61" ten="40,3900,0" yaku="1,1,8,1,53,0" doraHai="115" doraHaiUra="28" who="3" fromWho="2" sc="322,0,266,0,244,-39,158,49" /><INIT seed="3,1,0,4,2,50" ten="322,266,205,207" oya="3" hai0="113,96,121,69,100,92,91,10,5,45,29,135,94" hai1="33,44,127,106,30,16,108,112,90,38,49,126,52" hai2="82,25,53,88,47,99,63,24,66,76,46,98,51" hai3="8,78,128,75,35,20,80,125,129,1,124,133,97"/><W107/><G35/><T22/><D121/><U37/><E112/><V70/><F47/><W65/><G65/><T15/><D135/><U103/><E103/><V85/><F24/><W55/><G55/><T12/><D69/><U72/><E106/><V89/><F89/><W31/><G31/><T61/><D113/><U111/><E72/><V26/><F26/><W48/><G48/><T114/><D114/><U21/><E90/><V118/><F118/><W117/><G20/><T2/><D45/><U14/><E30/><V58/><F25/><W56/><G56/><T62/><D2/><U18/><E33/><V36/><REACH who="2" step="1"/><F76/><REACH who="2" ten="322,266,195,207" step="2"/><W43/><G43/><AGARI ba="1,1" hai="36,43,46,51,53,58,63,66,70,82,85,88,98,99" machi="43" ten="40,16000,3" yaku="1,1,2,1,24,2,52,1,54,1,53,2" doraHai="50" doraHaiUra="93" who="2" fromWho="3" sc="322,0,266,0,195,173,207,-163" /><INIT seed="4,0,0,5,0,24" ten="322,266,368,44" oya="0" hai0="23,124,48,29,40,47,33,50,2,134,31,44,54" hai1="73,130,128,121,113,5,60,6,100,15,132,83,76" hai2="57,70,106,18,122,89,135,66,78,116,64,12,39" hai3="127,42,25,125,43,101,82,112,88,92,59,11,68"/><T36/><D33/><U27/><E121/><V61/><F122/><W80/><G68/><T120/><D120/><U117/><E117/><V30/><F106/><W21/><G101/><T96/><D2/><U97/><E132/><V28/><F39/><W118/><G118/><T20/><D134/><U86/><E60/><V8/><F116/><W38/><G112/><T111/><D124/><N who="3" m="47689" /><G11/><T133/><D133/><U71/><E71/><V102/><F102/><W87/><G59/><T34/><D34/><U107/><E113/><V63/><F135/><W95/><G38/><T51/><D111/><U94/><E27/><V22/><F78/><W37/><G37/><T79/><D79/><U104/><E15/><V0/><REACH who="2" step="1"/><F89/><REACH who="2" ten="322,266,358,44" step="2"/><W75/><G75/><T56/><D36/><U91/><REACH who="1" step="1"/><E107/><REACH who="1" ten="322,256,358,44" step="2"/><V119/><F119/><W49/><G49/><T3/><D48/><U72/><E72/><V110/><F110/><W14/><G14/><T55/><D3/><U126/><E126/><V98/><F98/><W32/><G32/><T45/><D96/><U62/><E62/><V108/><F108/><W52/><G25/><T105/><D105/><U103/><E103/><V7/><AGARI ba="0,2" hai="0,7,8,12,18,22,28,30,57,61,63,64,66,70" machi="7" ten="30,7900,0" yaku="1,1,0,1,52,2,53,0" doraHai="24" doraHaiUra="99" who="2" fromWho="2" sc="322,-39,256,-20,358,99,44,-20" /><INIT seed="5,0,0,3,3,129" ten="283,236,457,24" oya="1" hai0="17,23,132,32,36,50,39,24,75,74,12,110,68" hai1="92,91,1,15,46,95,106,10,109,53,3,119,120" hai2="127,61,125,83,133,44,0,103,107,104,13,116,99" hai3="93,135,5,134,55,48,67,59,86,51,122,49,100"/><U114/><E114/><V42/><F133/><N who="3" m="50699" /><G5/><T7/><D110/><U21/><E119/><V121/><F121/><W105/><G105/><T96/><D68/><U87/><E120/><V112/><F0/><W72/><G72/><T65/><D75/><U108/><E21/><V8/><F116/><W115/><G122/><T22/><D74/><U29/><E29/><V33/><F33/><W84/><G115/><T63/><D50/><N who="3" m="19561" /><G67/><T35/><D7/><U54/><E106/><V28/><F107/><W52/><G55/><T4/><D4/><U76/><E54/><V30/><F104/><W77/><G77/><T81/><D65/><U90/><E76/><V79/><F79/><W26/><G26/><T117/><D24/><U131/><E108/><V6/><F6/><W9/><G9/><T82/><D117/><U118/><E109/><V130/><F8/><W41/><G41/><T98/><D132/><U58/><E118/><V38/><F42/><W18/><G18/><T60/><D17/><U11/><E3/><V64/><F64/><W126/><G126/><T123/><D123/><U19/><E1/><V2/><F2/><W16/><G16/><T66/><D66/><U37/><E10/><V45/><F112/><W97/><AGARI ba="0,0" hai="51,52,59,84,86,93,97,100" m="19561,50699" machi="97" ten="30,8000,1" yaku="20,1,52,3,54,1" doraHai="129" who="3" fromWho="3" sc="283,-20,236,-40,457,-20,24,80" /><INIT seed="6,0,0,2,2,19" ten="263,196,437,104" oya="2" hai0="93,35,111,108,86,5,52,118,66,0,96,27,119" hai1="128,91,74,20,38,57,31,112,104,101,130,45,126" hai2="26,11,40,85,92,121,109,18,82,72,134,25,3" hai3="15,60,115,48,116,37,77,30,113,44,36,22,84"/><V32/><F121/><W54/><G116/><N who="0" m="44587" /><D66/><U2/><E2/><V50/><F92/><W43/><G60/><T46/><D86/><U132/><E74/><V17/><F85/><W71/><G71/><T70/><D70/><U97/><E112/><N who="3" m="43082" /><G77/><T39/><D5/><U87/><E57/><V33/><F50/><N who="3" m="26911" /><G84/><T53/><D0/><U95/><E45/><V110/><F3/><W120/><G120/><T47/><D47/><U41/><E38/><V64/><F72/><W99/><G99/><T65/><D65/><U68/><E68/><V62/><F64/><W79/><G79/><T102/><D39/><U6/><E87/><V1/><F1/><W83/><G83/><T125/><D46/><U94/><E97/><V51/><F82/><W124/><G124/><T16/><D125/><U9/><E126/><V107/><F51/><W78/><G78/><T75/><D75/><U14/><E41/><V89/><F62/><W10/><G10/><T106/><D93/><U90/><E94/><V129/><F11/><W55/><G48/><T69/><D69/><U4/><E9/><V12/><F40/><W76/><G76/><T114/><D114/><U21/><E91/><V42/><F42/><W73/><G73/><T135/><D53/><N who="3" m="19977" /><G15/><T98/><D98/><U80/><E14/><V67/><F12/><W59/><G59/><T49/><D49/><U8/><E80/><V29/><F67/><W58/><G58/><T133/><D52/><U117/><E117/><V127/><F127/><W61/><G61/><T23/><D35/><U81/><E81/><V28/><F32/><RYUUKYOKU ba="0,0" sc="263,15,196,-15,437,-15,104,15" hai0="16,23,27,96,102,106,108,111,133,135" hai3="22,30,36,37" /><INIT seed="7,1,0,2,2,121" ten="278,181,422,119" oya="3" hai0="70,131,26,52,112,64,55,126,27,99,84,77,24" hai1="10,53,4,85,97,122,86,111,49,72,18,133,13" hai2="91,101,98,42,120,94,41,119,96,35,103,47,58" hai3="130,30,68,20,125,5,106,67,63,15,118,19,92"/><W60/><G118/><T88/><D131/><U6/><E133/><V25/><F119/><W36/><G106/><T34/><D34/><U65/><E72/><V54/><F120/><W123/><G36/><T9/><D126/><U7/><E122/><V62/><F42/><W1/><G123/><T48/><D70/><U29/><E29/><V80/><F80/><W11/><G125/><T8/><D64/><U75/><E75/><V40/><F40/><W23/><G130/><T3/><D3/><U21/><E65/><V22/><F96/><W66/><G92/><N who="0" m="56711" /><D112/><U14/><E97/><V90/><F101/><W109/><G30/><T127/><D55/><U2/><E2/><V37/><F35/><W31/><G31/><AGARI ba="1,0" hai="22,25,31,37,41,47,54,58,62,90,91,94,98,103" machi="31" ten="30,1000,0" yaku="7,1" doraHai="121" who="2" fromWho="3" sc="278,0,181,0,422,13,119,-13" owari="278,7.8,181,-21.9,435,53.5,106,-39.4" /></mjloggm>