<mjloggm ver="2.3"><GO type="169" lobby="0"/><UN n0="%E3%82%88%E3%81%97%E3%81%A0%E3%81%84%E3%81%9F%E3%82%8B" n1="%E3%82%A8%E3%82%B0%E3%83%81%E3%80%81" n2="%E3%82%BF%E3%82%A4%E4%BA%BA%EF%BC%A0%E3%83%90%E3%83%B3%E3%82%B3%E3%82%AF" n3="%E8%B5%A4%E3%81%84%E9%83%A8%E5%B1%8B" dan="16,17,16,16" rate="2158.02,2195.09,2152.74,2125.11" sx="M,M,M,M"/><TAIKYOKU oya="0"/><INIT seed="0,0,0,4,1,60" ten="250,250,250,250" oya="0" hai0="128,25,0,126,39,18,125,81,24,10,12,9,75" hai1="65,94,67,34,36,19,40,3,129,132,71,72,47" hai2="30,69,105,116,62,29,103,66,45,110,70,131,46" hai3="59,54,122,121,100,123,99,21,50,58,112,16,111"/><T117/><D39/><U56/><E72/><V104/><F110/><W35/><G111/><T96/><D96/><U88/><E34/><V95/><F95/><W44/><G35/><T109/><D109/><U15/><E3/><V77/><F131/><W115/><G115/><T86/><D75/><U26/><E26/><V91/><F91/><W33/><G33/><T124/><D117/><U41/><E129/><V118/><F62/><W135/><G135/><T64/><D128/><U55/><E71/><V108/><F103/><W51/><G51/><T4/><REACH who="0" step="1"/><D64/><REACH who="0" ten="240,250,250,250" step="2"/><N who="1" m="24651" /><E36/><V37/><F37/><W2/><G112/><T89/><AGARI ba="0,1" hai="0,4,9,10,12,18,24,25,81,86,89,124,125,126" machi="89" ten="30,6000,0" yaku="1,1,0,1,18,1,53,0" doraHai="60" doraHaiUra="107" who="0" fromWho="0" sc="240,70,250,-20,250,-20,250,-20" /><INIT seed="0,1,0,1,0,108" ten="310,230,230,230" oya="0" hai0="70,39,69,21,15,0,132,97,103,128,51,99,57" hai1="114,90,67,76,84,46,20,53,120,130,73,31,91" hai2="107,121,61,75,125,135,98,49,106,37,17,88,18" hai3="41,50,119,3,55,87,115,104,105,9,12,92,124"/><T93/><D0/><U44/><E120/><V113/><F113/><W43/><G119/><T27/><D39/><U72/><E130/><V25/><F121/><W22/><G3/><T45/><D128/><U4/><E67/><V6/><F37/><W102/><G124/><T38/><D132/><U86/><E31/><V66/><F75/><W100/><G105/><T64/><D38/><U83/><E20/><V2/><F49/><W94/><G104/><T16/><D99/><U34/><E53/><V112/><F112/><W109/><G109/><T59/><D27/><U78/><E114/><V1/><F6/><W30/><G92/><T54/><REACH who="0" step="1"/><D64/><REACH who="0" ten="300,230,230,230" step="2"/><U65/><E65/><V35/><F66/><W40/><G115/><T5/><D5/><U79/><E4/><V89/><F25/><W122/><G122/><T11/><D11/><U68/><E68/><AGARI ba="1,1" hai="15,16,21,45,51,54,57,59,68,69,70,93,97,103" machi="68" ten="40,3900,0" yaku="1,1,54,1,53,0" doraHai="108" doraHaiUra="110" who="0" fromWho="1" sc="300,52,230,-42,230,0,230,0" /><INIT seed="0,2,0,3,4,63" ten="352,188,230,230" oya="0" hai0="133,74,116,37,95,75,3,32,84,103,23,19,105" hai1="52,53,119,38,41,67,45,94,54,113,87,76,51" hai2="39,134,11,123,118,18,101,16,129,22,96,130,121" hai3="26,60,2,65,43,107,88,98,115,97,14,40,77"/><T90/><D116/><U7/><E119/><V0/><F39/><W31/><G2/><T57/><D133/><U71/><E7/><N who="2" m="1511" /><F118/><W125/><G115/><T50/><D32/><U35/><E35/><V111/><F96/><W36/><G125/><T58/><D37/><U24/><E24/><N who="2" m="14407" /><F101/><W82/><G36/><T1/><D75/><U109/><E94/><V120/><F134/><W15/><G40/><T44/><D74/><U10/><E10/><V49/><F49/><W100/><G43/><T5/><D103/><U73/><E73/><V34/><F111/><W61/><G61/><T48/><D105/><U28/><E28/><V17/><F34/><W117/><G117/><T86/><D86/><U83/><E109/><V47/><F47/><W4/><G77/><T122/><D50/><U33/><E33/><V30/><F30/><W70/><G4/><T110/><D5/><U99/><E99/><V89/><F89/><W104/><G104/><T102/><D102/><U64/><E113/><V78/><F78/><W27/><G98/><T112/><D112/><U114/><E114/><V79/><F79/><W92/><G107/><T80/><D110/><U69/><REACH who="1" step="1"/><E38/><REACH who="1" ten="352,178,230,230" step="2"/><V46/><F46/><W127/><G97/><T8/><D95/><U13/><E13/><V81/><F81/><W12/><G92/><T25/><D3/><U55/><N who="1" m="13312" /><DORA hai="42" /><U56/><E56/><V66/><F18/><W72/><G72/><T59/><D1/><U9/><E9/><V85/><F17/><W29/><G14/><T131/><D44/><U91/><E91/><V132/><F132/><RYUUKYOKU ba="2,1" sc="352,-10,178,30,230,-10,230,-10" hai1="41,45,51,64,67,69,71,76,83,87" /><INIT seed="1,3,1,1,1,113" ten="342,208,220,220" oya="1" hai0="125,38,99,72,18,128,111,61,39,60,80,71,106" hai1="85,41,124,117,122,52,73,115,9,44,120,49,93" hai2="35,97,4,45,26,13,77,89,94,78,119,47,82" hai3="19,58,88,12,132,130,116,75,81,20,112,30,22"/><U100/><E115/><V14/><F119/><W127/><G112/><T107/><D18/><U74/><E124/><V121/><F121/><W108/><G127/><T103/><D125/><U83/><E117/><V50/><F47/><W69/><G69/><T10/><D10/><U87/><E74/><V84/><F78/><W95/><G116/><T17/><D17/><U102/><E73/><V8/><F35/><W96/><G108/><T5/><D5/><U126/><E126/><V36/><F36/><W68/><G68/><T65/><D111/><U1/><E102/><V2/><REACH who="2" step="1"/><F26/><REACH who="2" ten="342,208,210,220" step="2"/><W118/><G118/><T7/><D38/><U40/><E122/><V133/><F133/><W27/><G132/><T109/><D39/><U62/><E120/><V25/><F25/><W53/><G130/><T76/><D128/><U64/><E41/><AGARI ba="3,2" hai="2,4,8,13,14,41,45,50,77,82,84,89,94,97" machi="41" ten="30,2000,0" yaku="1,1,7,1,53,0" doraHai="113" doraHaiUra="63" who="2" fromWho="1" sc="342,0,208,-29,210,49,220,0" /><INIT seed="2,0,0,1,4,130" ten="342,179,259,220" oya="2" hai0="15,10,46,41,93,77,134,104,118,18,69,61,82" hai1="64,88,121,21,83,97,14,12,135,30,51,120,53" hai2="20,26,39,7,113,11,48,98,72,116,132,125,122" hai3="9,42,40,70,124,115,75,66,24,55,107,28,25"/><V33/><F39/><W74/><G107/><T63/><D118/><U35/><E64/><V57/><F72/><W5/><G124/><T106/><D104/><U29/><E35/><V110/><F125/><W105/><G115/><T44/><D106/><U100/><E100/><V45/><F113/><W103/><G55/><T87/><D69/><U54/><E21/><V89/><F110/><W37/><G40/><T36/><D134/><U31/><E135/><V0/><F33/><W13/><G24/><T32/><D32/><U129/><E129/><V6/><F6/><W81/><G81/><T90/><REACH who="0" step="1"/><D46/><REACH who="0" ten="332,179,259,220" step="2"/><N who="1" m="27895" /><E121/><V119/><F132/><W91/><G70/><T117/><D117/><U59/><E120/><V86/><F122/><W101/><G105/><T8/><D8/><U17/><E59/><V79/><F57/><W3/><G9/><T22/><D22/><U126/><E126/><V108/><F119/><W123/><G123/><T56/><D56/><U62/><E62/><V4/><F116/><W80/><G66/><T2/><D2/><U94/><E54/><V68/><F68/><W114/><G3/><T99/><AGARI ba="0,1" hai="10,15,18,36,41,44,61,63,77,82,87,90,93,99" machi="99" ten="20,2700,0" yaku="1,1,0,1,7,1,53,0" doraHai="130" doraHaiUra="19" who="0" fromWho="0" sc="332,37,179,-7,259,-13,220,-7" /><INIT seed="3,0,0,5,4,113" ten="369,172,246,213" oya="3" hai0="17,16,99,4,84,56,58,129,50,26,66,75,11" hai1="100,90,97,13,86,119,47,71,38,115,85,111,88" hai2="123,94,21,122,77,9,19,81,135,69,102,31,114" hai3="134,29,49,48,2,80,0,124,68,105,34,15,43"/><W83/><G68/><T128/><D75/><U41/><E111/><V39/><F114/><W54/><G105/><T67/><D84/><U82/><E115/><V92/><F39/><W61/><G134/><T133/><D133/><U22/><E71/><V52/><F69/><W74/><G34/><T23/><D99/><U40/><E40/><V44/><F135/><W46/><G29/><T12/><D4/><U106/><E119/><V108/><F108/><W104/><G104/><T33/><D33/><U125/><E125/><V87/><F31/><W53/><G15/><T5/><D5/><U78/><REACH who="1" step="1"/><E86/><REACH who="1" ten="369,162,246,213" step="2"/><V3/><F87/><W121/><G43/><T130/><D56/><U107/><E107/><V117/><F117/><W14/><G124/><T126/><D126/><U132/><E132/><V25/><F123/><W6/><G121/><T103/><D103/><U116/><E116/><V89/><F102/><W76/><G74/><T37/><D37/><U45/><E45/><V64/><F44/><W51/><G46/><T62/><REACH who="0" step="1"/><D50/><REACH who="0" ten="359,162,246,213" step="2"/><U63/><E63/><V8/><F122/><W118/><G61/><T73/><D73/><U32/><E32/><V95/><F89/><W18/><G118/><T120/><D120/><U42/><E42/><V57/><F57/><W65/><G49/><T55/><AGARI ba="0,2" hai="11,12,16,17,23,26,55,58,62,66,67,128,129,130" machi="55" ten="30,7900,0" yaku="1,1,0,1,19,1,54,1,53,0" doraHai="113" doraHaiUra="91" who="0" fromWho="0" sc="359,99,162,-20,246,-20,213,-39" /><INIT seed="4,0,0,2,5,104" ten="458,142,226,174" oya="0" hai0="109,128,7,3,58,130,35,100,131,55,93,112,6" hai1="54,94,12,44,80,70,86,29,38,37,42,98,90" hai2="67,27,57,65,52,22,106,60,114,71,64,45,41" hai3="43,125,72,48,107,17,120,78,92,46,102,50,89"/><T59/><D35/><U68/><E38/><V20/><F106/><W16/><G125/><T1/><D109/><U101/><E29/><V62/><F114/><W103/><G120/><T0/><D112/><U83/><E54/><V14/><F14/><W118/><G118/><T126/><D126/><U88/><REACH who="1" step="1"/><E12/><REACH who="1" ten="458,132,226,174" step="2"/><V82/><F67/><W24/><G24/><T63/><D59/><U132/><E132/><V85/><F65/><W53/><G53/><T96/><AGARI ba="0,1" hai="0,1,3,6,7,55,58,63,93,96,100,128,130,131" machi="96" ten="40,3900,0" yaku="0,1,19,1" doraHai="104" who="0" fromWho="0" sc="458,49,132,-13,226,-13,174,-13" /><INIT seed="4,1,0,0,5,111" ten="507,119,213,161" oya="0" hai0="128,123,52,29,53,99,118,101,34,62,63,36,50" hai1="46,25,18,39,72,12,130,109,65,97,5,122,133" hai2="104,78,119,19,102,71,110,23,45,77,0,70,75" hai3="86,76,54,57,59,13,55,84,16,88,124,96,51"/><T41/><D123/><U48/><E122/><V116/><F0/><W98/><G124/><T15/><D128/><U132/><E72/><V113/><F110/><W9/><G76/><T58/><D58/><BYE who="0" /><U35/><E109/><V21/><F102/><W103/><G103/><T100/><D100/><U44/><E97/><V17/><F104/><W2/><G2/><T90/><D90/><U68/><E130/><V79/><F45/><W60/><REACH who="3" step="1"/><G84/><REACH who="3" ten="507,119,213,151" step="2"/><T43/><D43/><U33/><E133/><V93/><F79/><W14/><G14/><T26/><D26/><U31/><E132/><V114/><F93/><AGARI ba="1,1" hai="9,13,16,51,54,55,57,59,60,86,88,93,96,98" machi="93" ten="30,12000,2" yaku="1,1,7,1,8,1,54,2,53,1" doraHai="111" doraHaiUra="6" who="3" fromWho="2" sc="507,0,119,0,213,-123,151,133" /><UN n0="%E3%82%88%E3%81%97%E3%81%A0%E3%81%84%E3%81%9F%E3%82%8B" /><INIT seed="5,0,0,4,3,41" ten="507,119,90,284" oya="1" hai0="132,4,34,121,100,63,130,118,103,74,40,18,62" hai1="131,57,21,58,15,61,27,56,50,106,44,46,73" hai2="115,71,70,119,77,80,22,7,102,35,90,64,25" hai3="87,92,49,81,94,79,105,17,112,55,69,8,12"/><U33/><BYE who="0" /><E73/><UN n0="%E3%82%88%E3%81%97%E3%81%A0%E3%81%84%E3%81%9F%E3%82%8B" /><V120/><F119/><W43/><G105/><T97/><D118/><U91/><E106/><V113/><F120/><W3/><G69/><T104/><D130/><U45/><E131/><V133/><F35/><W125/><G112/><N who="2" m="43081" /><F133/><W1/><G125/><T24/><D132/><U29/><E33/><V16/><F102/><W6/><G3/><T83/><D4/><U60/><E50/><V134/><F134/><W117/><G43/><T28/><D121/><U93/><E15/><V2/><F64/><W51/><G51/><T123/><D123/><U31/><E31/><V108/><F90/><W52/><G55/><T23/><D40/><U129/><E129/><V86/><F108/><W42/><G42/><T5/><D5/><U30/><E30/><V0/><F7/><W135/><G117/><T78/><D103/><U110/><E110/><V59/><F59/><W37/><G37/><T19/><D19/><U76/><E76/><V26/><F26/><AGARI ba="0,0" hai="18,23,24,26,28,34,62,63,74,78,83,97,100,104" machi="26" ten="30,1000,0" yaku="7,1" doraHai="41" who="0" fromWho="2" sc="507,10,119,0,90,-10,284,0" /><INIT seed="6,0,0,5,2,86" ten="517,119,80,284" oya="2" hai0="113,117,12,83,107,37,9,90,72,10,71,73,118" hai1="28,49,19,34,35,42,13,116,135,89,47,59,124" hai2="6,97,62,39,122,79,126,56,96,2,100,123,120" hai3="5,11,44,91,22,102,30,121,14,50,132,16,18"/><V98/><F39/><W80/><G121/><T127/><D113/><U64/><E116/><N who="0" m="44649" /><D127/><U105/><E105/><V48/><F126/><W109/><G109/><T92/><D107/><U81/><E124/><V23/><F79/><W26/><G102/><T94/><D71/><U112/><E28/><V7/><F48/><W88/><G132/><T36/><D83/><U38/><E112/><V68/><F68/><W60/><G60/><T106/><D106/><U130/><E135/><V111/><F111/><W78/><G18/><N who="0" m="8463" /><D10/><U131/><E81/><V133/><F133/><W99/><G99/><N who="0" m="57751" /><D94/><U15/><E89/><V128/><F128/><W110/><G30/><T82/><D82/><U20/><E131/><V114/><F114/><W87/><G110/><T21/><D21/><U67/><E130/><V108/><F108/><W52/><AGARI ba="0,0" hai="5,11,14,16,22,26,44,50,52,78,80,87,88,91" machi="52" ten="20,16000,3" yaku="0,1,7,1,8,1,52,2,54,3" doraHai="86" who="3" fromWho="3" sc="517,-40,119,-40,80,-80,284,160" /><INIT seed="7,0,0,0,5,2" ten="477,79,0,444" oya="3" hai0="78,101,92,100,51,102,0,111,34,31,113,94,19" hai1="62,22,79,63,49,109,43,12,1,114,64,23,67" hai2="74,14,91,122,50,15,33,30,65,132,119,126,45" hai3="82,57,41,85,112,58,84,105,68,106,10,110,90"/><W5/><G68/><T89/><D111/><U76/><E1/><V39/><F119/><W121/><G121/><T53/><D0/><U117/><E109/><V130/><F74/><W7/><G110/><T9/><D78/><N who="1" m="29739" /><E114/><V103/><F122/><W42/><G112/><T56/><D113/><U120/><E120/><V24/><F130/><W104/><G85/><N who="0" m="52271" /><D34/><U133/><E133/><V97/><F132/><W35/><G35/><T80/><D31/><U52/><E43/><V75/><F75/><W47/><G41/><T46/><D80/><U71/><E71/><V125/><F39/><W18/><G18/><T72/><D72/><U99/><E99/><V123/><F123/><W128/><G128/><T73/><D73/><U83/><E83/><V6/><F65/><N who="1" m="25161" /><E117/><V36/><F36/><W81/><G81/><T127/><D127/><N who="2" m="48650" /><F91/><W48/><REACH who="3" step="1"/><G5/><REACH who="3" ten="477,79,0,434" step="2"/><T86/><D19/><N who="1" m="10599" /><E23/><V3/><F6/><W55/><G55/><T37/><D86/><U107/><E107/><V70/><F70/><W131/><G131/><T13/><D94/><U27/><E27/><V20/><F33/><W25/><G25/><T124/><D124/><U29/><E29/><V40/><F3/><AGARI ba="0,1" hai="3,7,10,42,47,48,57,58,82,84,90,104,105,106" machi="3" ten="40,3900,0" yaku="1,1,52,1,53,0" doraHai="2" doraHaiUra="134" who="3" fromWho="2" sc="477,0,79,0,0,-39,434,49" owari="477,27.7,79,-32.1,-39,-53.9,483,58.3" /></mjloggm>