<mjloggm ver="2.3"><GO type="169" lobby="0"/><UN n0="%E3%83%A8%E3%82%B7%E3%83%86%E3%83%AB%37%30%38" n1="%E3%81%82%E3%81%BE%E3%81%82%E3%82%93" n2="%E6%9D%91%E4%BA%95%E3%82%A2%E3%83%9E%E3%82%A6%E3%83%AA" n3="%65%2D%6D%61%6E" dan="16,17,16,16" rate="2092.17,2112.51,2085.54,2094.58" sx="M,M,M,M"/><TAIKYOKU oya="0"/><INIT seed="0,0,0,4,2,81" ten="250,250,250,250" oya="0" hai0="41,33,65,28,21,60,90,22,37,58,76,123,124" hai1="85,83,115,13,61,74,110,100,92,134,62,79,29" hai2="128,96,17,43,51,14,82,88,119,7,133,63,125" hai3="97,127,47,116,91,113,49,102,103,53,11,59,5"/><T112/><D112/><U10/><E115/><V0/><F128/><W121/><G113/><T71/><D123/><U99/><E110/><V135/><F125/><W57/><G116/><T78/><D33/><U98/><E134/><N who="2" m="51211" /><F96/><W12/><G127/><T39/><D39/><U16/><E29/><V45/><F63/><W114/><G114/><T93/><D71/><U35/><E35/><V31/><F31/><W106/><G121/><T130/><D130/><U108/><E108/><V15/><F119/><W52/><G103/><T86/><D124/><U94/><REACH who="1" step="1"/><E74/><REACH who="1" ten="250,240,250,250" step="2"/><V87/><F17/><W26/><G26/><T122/><D28/><U101/><AGARI ba="0,1" hai="10,13,16,61,62,79,83,85,92,94,98,99,100,101" machi="101" ten="20,16000,3" yaku="1,1,2,1,0,1,7,1,9,1,8,1,52,1,54,1,53,0" doraHai="81" doraHaiUra="131" who="1" fromWho="1" sc="250,-80,240,170,250,-40,250,-40" /><INIT seed="1,0,0,3,0,25" ten="170,410,210,210" oya="1" hai0="119,117,8,22,93,66,57,60,61,64,3,86,104" hai1="16,125,81,1,50,51,111,84,18,101,4,53,109" hai2="29,95,74,112,65,12,6,90,135,67,14,94,91" hai3="49,87,21,39,127,92,115,89,128,77,36,76,114"/><U56/><E101/><V52/><F135/><W99/><G127/><T42/><D104/><U20/><E125/><V46/><F74/><W47/><G128/><T10/><D42/><U58/><E4/><V78/><F78/><W110/><G110/><N who="1" m="41994" /><E1/><V71/><F71/><W59/><G59/><N who="1" m="22570" /><E53/><V70/><F70/><W5/><G5/><T102/><D57/><U123/><E123/><V54/><F6/><W69/><G69/><T118/><D102/><U45/><E45/><V27/><F46/><W0/><G0/><T9/><D3/><U68/><E68/><V82/><F112/><W43/><G115/><T30/><D60/><U41/><E41/><V48/><F48/><N who="1" m="18473" /><E20/><V15/><F54/><W13/><G114/><T80/><D61/><U55/><E55/><V11/><F52/><W106/><G39/><T103/><D22/><U130/><E130/><V75/><F12/><W19/><G36/><T37/><D37/><U79/><AGARI ba="0,0" hai="16,18,79,81,84" m="18473,22570,41994" machi="79" ten="30,6000,0" yaku="14,1,10,1,54,1" doraHai="25" who="1" fromWho="1" sc="170,-20,410,60,210,-20,210,-20" /><INIT seed="1,1,0,5,4,45" ten="150,470,190,190" oya="1" hai0="106,97,53,122,117,42,120,66,48,115,70,81,30" hai1="11,121,13,125,75,3,128,101,57,35,129,124,123" hai2="80,112,132,119,59,39,40,14,79,90,49,60,62" hai3="23,71,113,9,105,83,94,72,21,50,84,111,109"/><U91/><E75/><V24/><F119/><W110/><G105/><T1/><D1/><U78/><E78/><V86/><F132/><W108/><G113/><T93/><D115/><U2/><E35/><V76/><F39/><W133/><G133/><T22/><D106/><U130/><E91/><V12/><F62/><W37/><G37/><T135/><D42/><U44/><E57/><V52/><F24/><W68/><N who="3" m="27648" /><DORA hai="28" /><W25/><G9/><T54/><D81/><U77/><E44/><N who="2" m="25735" /><F112/><W114/><G114/><T4/><D4/><N who="1" m="3303" /><E77/><AGARI ba="1,0" hai="12,14,52,59,60,76,77,79,80,86,90" m="25735" machi="77" ten="30,3900,0" yaku="8,1,52,1,54,1" doraHai="45,28" who="2" fromWho="1" sc="150,0,470,-42,190,42,190,0" /><INIT seed="2,0,0,1,5,58" ten="150,428,232,190" oya="2" hai0="120,110,3,43,17,59,13,129,19,124,54,7,122" hai1="18,22,96,63,0,113,33,102,64,98,2,83,60" hai2="97,9,76,82,21,85,40,86,23,69,106,45,56" hai3="99,101,105,73,92,72,79,4,131,55,24,67,35"/><V66/><F69/><W109/><G109/><T74/><D110/><U126/><E113/><V132/><F132/><W30/><G131/><T65/><D74/><U90/><E33/><V62/><F9/><W1/><G55/><T121/><D129/><U10/><E126/><V51/><REACH who="2" step="1"/><F85/><REACH who="2" ten="150,428,222,190" step="2"/><W46/><G72/><T39/><D122/><U53/><E10/><V29/><F29/><W16/><G73/><T36/><D121/><U14/><E0/><V81/><F81/><W127/><G1/><T28/><D3/><U37/><E2/><V89/><F89/><W125/><G30/><T95/><D28/><U123/><E123/><V11/><F11/><W114/><G127/><T104/><D124/><U100/><E83/><V135/><F135/><W48/><G125/><T133/><D120/><U87/><E90/><V77/><F77/><W88/><G79/><T78/><D78/><U5/><E87/><V44/><F44/><W57/><G46/><T112/><D133/><U117/><E5/><V26/><F26/><W116/><G4/><T38/><D7/><U52/><E102/><AGARI ba="0,1" hai="21,23,40,45,51,56,62,66,76,82,86,97,102,106" machi="102" ten="40,7700,0" yaku="1,1,52,1,53,1" doraHai="58" doraHaiUra="75" who="2" fromWho="1" sc="150,0,428,-77,222,87,190,0" /><INIT seed="2,1,0,2,0,84" ten="150,351,309,190" oya="2" hai0="52,31,131,23,72,75,24,9,68,95,30,70,87" hai1="124,69,135,86,53,39,78,11,118,130,42,6,111" hai2="22,102,98,81,48,56,104,122,96,110,12,27,71" hai3="134,57,107,59,105,3,106,13,62,128,83,28,49"/><V109/><F122/><W41/><G3/><T43/><D131/><U16/><E118/><V133/><F71/><W17/><G128/><T92/><D43/><U25/><E130/><V123/><F123/><W132/><G28/><T119/><D119/><U2/><E69/><V63/><F133/><N who="3" m="51307" /><G83/><T60/><D31/><U115/><E135/><V61/><F12/><W103/><G103/><T113/><D113/><U82/><E115/><V26/><F81/><W36/><G36/><T89/><D70/><U77/><E111/><N who="2" m="42507" /><F98/><W37/><G37/><T15/><D95/><U126/><E77/><V54/><F27/><W100/><G100/><T120/><D120/><U65/><E78/><V116/><F116/><W129/><G129/><T46/><D68/><U1/><E1/><V33/><F33/><W117/><G117/><T66/><D66/><U94/><E65/><V125/><F125/><W99/><G99/><T51/><REACH who="0" step="1"/><D60/><REACH who="0" ten="140,351,309,190" step="2"/><U58/><E124/><V0/><F0/><W108/><G108/><T20/><D20/><U67/><E126/><V91/><F63/><W55/><G41/><T32/><D32/><U97/><E42/><V64/><F61/><W29/><G29/><T74/><D74/><U79/><E67/><V21/><F64/><N who="3" m="38991" /><G107/><T50/><D50/><N who="1" m="31031" /><E39/><V40/><F40/><W121/><G121/><T8/><D8/><AGARI ba="1,1" hai="8,13,17,49,55,59,105,106" m="38991,51307" machi="8" ten="30,1000,0" yaku="20,1" doraHai="84" who="3" fromWho="0" sc="140,-13,351,0,309,0,190,23" /><INIT seed="3,0,0,0,0,90" ten="127,351,309,213" oya="3" hai0="111,10,25,59,82,12,89,32,119,88,14,79,112" hai1="9,135,41,83,128,51,105,116,78,18,38,34,69" hai2="134,5,52,113,30,95,63,62,13,74,42,87,64" hai3="101,104,80,100,7,125,132,70,114,35,0,45,3"/><W115/><G132/><T17/><D119/><U106/><E34/><V77/><F113/><W26/><G125/><T39/><D111/><U49/><E69/><V29/><F42/><W127/><G127/><T15/><D39/><U31/><E31/><V81/><F134/><W21/><G70/><T102/><D102/><U65/><E65/><V46/><F5/><W117/><G117/><T85/><D112/><U8/><E128/><V133/><F13/><W93/><G104/><T123/><D123/><U126/><E126/><V4/><F4/><W33/><G115/><T16/><D15/><U43/><E18/><V107/><F107/><W73/><G114/><T97/><D97/><U91/><E91/><V23/><F23/><W129/><G129/><T44/><D44/><U124/><E124/><V72/><F72/><W109/><G109/><T22/><REACH who="0" step="1"/><D59/><REACH who="0" ten="117,351,309,213" step="2"/><U54/><E38/><V121/><F46/><W24/><G0/><T110/><D110/><U71/><E71/><V103/><F121/><W96/><G3/><T6/><D6/><U75/><E116/><V53/><F103/><W98/><G7/><T28/><AGARI ba="0,1" hai="10,12,14,16,17,22,25,28,32,79,82,85,88,89" machi="28" ten="30,7900,0" yaku="1,1,0,1,54,2,53,0" doraHai="90" doraHaiUra="131" who="0" fromWho="0" sc="117,89,351,-20,309,-20,213,-39" /><INIT seed="4,0,0,3,1,92" ten="206,331,289,174" oya="0" hai0="85,124,123,80,65,66,83,115,38,67,28,26,48" hai1="127,109,130,110,126,78,72,39,43,1,11,103,122" hai2="27,57,14,118,96,42,30,70,3,2,89,52,73" hai3="120,21,53,37,24,116,131,82,13,58,77,45,17"/><T64/><D123/><U75/><E122/><V91/><F70/><W76/><G120/><T112/><D38/><U5/><E103/><V111/><F111/><N who="1" m="42505" /><E130/><V4/><F118/><W36/><G116/><T95/><D124/><N who="1" m="47659" /><E78/><V51/><F42/><W8/><G131/><T40/><N who="0" m="16384" /><DORA hai="16" /><T0/><D0/><U54/><E54/><V88/><F73/><W93/><G93/><T106/><D106/><U62/><E62/><V7/><F2/><W69/><G69/><T108/><D108/><U6/><E6/><N who="2" m="2091" /><F3/><W59/><G77/><T71/><D71/><U102/><E102/><V74/><F74/><W49/><G37/><T61/><D61/><U129/><E129/><V33/><F33/><W98/><G98/><T15/><D40/><U19/><E19/><V97/><F14/><W9/><G36/><T104/><D15/><U99/><E99/><N who="2" m="37963" /><F30/><W90/><G90/><T94/><D104/><U60/><E60/><V41/><F41/><W84/><REACH who="3" step="1"/><G9/><REACH who="3" ten="206,331,289,164" step="2"/><T133/><D94/><U105/><E105/><V35/><F88/><W44/><G44/><AGARI ba="0,1" hai="1,5,11,39,43,44,72,75" m="47659,42505" machi="44" ten="30,2000,0" yaku="18,1,23,1" doraHai="92,16" who="1" fromWho="3" sc="206,0,331,30,289,0,164,-20" /><INIT seed="5,0,0,2,3,61" ten="206,361,289,144" oya="1" hai0="33,92,104,89,19,71,95,103,110,41,75,36,81" hai1="46,15,133,20,78,111,70,28,99,112,134,32,113" hai2="29,13,97,107,122,18,48,9,47,31,56,52,51" hai3="125,131,25,126,91,76,72,38,121,23,119,26,10"/><U93/><E78/><V120/><F107/><W123/><G38/><T4/><D33/><U83/><E83/><V124/><F124/><N who="3" m="47723" /><G91/><T2/><D71/><U35/><E46/><V128/><F128/><W14/><G76/><N who="0" m="44191" /><D19/><N who="1" m="10367" /><E70/><V58/><F97/><W108/><G72/><T116/><D110/><U11/><E111/><V44/><F58/><W50/><G50/><T66/><D2/><U129/><E129/><V82/><F82/><W64/><G64/><T34/><D34/><N who="1" m="12843" /><E93/><V59/><F59/><W88/><G88/><T114/><D4/><U1/><E99/><V40/><F56/><W127/><G108/><T67/><D95/><U84/><E84/><V117/><F117/><W130/><N who="3" m="47731" /><W68/><DORA hai="63" /><G68/><T80/><D80/><U98/><E98/><V60/><REACH who="2" step="1"/><F60/><REACH who="2" ten="206,361,279,144" step="2"/><W21/><G119/><T49/><D116/><U105/><E105/><V132/><F132/><N who="1" m="50793" /><E28/><AGARI ba="0,1" hai="9,13,18,28,29,31,40,44,47,48,51,52,120,122" machi="28" ten="40,2600,0" yaku="1,1,54,1,53,0" doraHai="61,63" doraHaiUra="109,16" who="2" fromWho="1" sc="206,0,361,-26,279,36,144,0" /><INIT seed="6,0,0,5,4,24" ten="206,335,315,144" oya="2" hai0="122,47,70,108,55,135,95,119,30,89,61,6,96" hai1="101,120,128,72,71,39,9,53,37,90,114,31,46" hai2="14,0,45,11,77,125,2,20,105,81,102,75,17" hai3="124,57,3,38,129,21,111,15,83,115,78,130,22"/><V5/><F125/><W56/><G3/><T76/><D108/><U127/><E71/><V84/><F84/><W12/><G111/><T69/><D122/><U43/><E72/><V49/><F105/><W99/><G38/><T60/><D6/><U104/><E120/><V126/><F126/><W65/><G124/><T131/><D76/><U29/><E39/><V7/><F7/><W123/><G123/><T85/><D131/><U42/><E42/><V34/><F34/><W63/><G99/><T110/><D110/><U26/><E128/><N who="3" m="49258" /><G57/><T58/><D135/><U97/><E114/><V40/><REACH who="2" step="1"/><F102/><REACH who="2" ten="206,335,305,144" step="2"/><W121/><G121/><T8/><D85/><U92/><E127/><V4/><F4/><W79/><G115/><T59/><D119/><U74/><E74/><V18/><F18/><N who="3" m="10439" /><G83/><T93/><D93/><U88/><E104/><V54/><F54/><W87/><G87/><T25/><D55/><U36/><E53/><V19/><F19/><AGARI ba="0,1" hai="15,19,22,56,63,65,78,79" m="10439,49258" machi="19" ten="30,1000,0" yaku="19,1" doraHai="24" who="3" fromWho="2" sc="206,0,335,0,305,-10,144,20" /><INIT seed="7,0,0,0,5,41" ten="206,335,295,164" oya="3" hai0="100,82,21,11,33,73,18,23,119,47,114,111,96" hai1="131,42,32,13,93,120,99,51,6,84,95,128,115" hai2="76,16,118,12,69,97,22,66,117,102,86,17,122" hai3="98,3,87,71,75,20,35,10,104,31,70,7,55"/><W63/><G75/><T129/><D111/><U103/><E32/><V64/><F122/><W109/><G109/><T77/><D119/><U54/><E42/><V19/><F69/><W83/><G20/><T67/><D33/><U50/><E120/><V46/><F19/><W27/><G55/><T79/><D79/><U38/><E38/><V26/><F117/><W61/><G61/><T36/><D67/><U8/><E115/><V48/><F86/><W2/><G2/><T25/><D129/><N who="1" m="49739" /><E54/><N who="2" m="29975" /><F76/><W90/><REACH who="3" step="1"/><G63/><REACH who="3" ten="206,335,295,154" step="2"/><T28/><D114/><U106/><E84/><V58/><F118/><W0/><G0/><T110/><D21/><U85/><E85/><V112/><F112/><W130/><G130/><T29/><D23/><U101/><E101/><AGARI ba="0,1" hai="3,7,10,27,31,35,70,71,83,87,90,98,101,104" machi="101" ten="40,2000,0" yaku="1,1,53,0" doraHai="41" doraHaiUra="125" who="3" fromWho="1" sc="206,0,335,-20,295,0,154,30" /><INIT seed="7,1,0,1,1,40" ten="206,315,295,184" oya="3" hai0="34,16,101,22,134,93,47,65,49,112,133,130,4" hai1="109,123,78,10,86,80,100,52,28,64,41,67,103" hai2="54,56,70,71,58,38,87,110,127,129,89,111,121" hai3="50,61,2,9,66,81,25,24,30,92,88,44,48"/><W8/><G81/><T36/><D34/><U5/><E109/><N who="2" m="41483" /><F89/><W73/><G73/><T27/><D112/><U79/><E123/><V75/><F87/><W14/><G2/><T32/><D130/><U106/><E41/><V107/><F107/><W119/><G119/><T125/><D125/><U98/><E28/><V45/><F75/><W120/><G120/><T35/><D36/><U72/><E100/><V113/><F113/><W57/><G50/><T105/><D105/><U102/><E102/><V117/><F117/><W135/><G135/><N who="0" m="51723" /><D4/><U31/><E31/><V0/><F0/><W53/><G30/><T83/><D65/><U37/><E78/><V96/><F96/><N who="3" m="57351" /><G8/><T114/><D114/><U132/><E132/><V11/><F11/><W90/><G90/><T21/><D83/><U3/><E10/><V69/><F129/><W43/><G66/><T26/><D93/><U46/><E106/><V15/><F121/><W95/><G95/><T116/><D101/><U20/><E103/><V55/><F127/><W51/><G51/><T19/><D116/><U74/><E3/><V85/><F85/><W77/><G77/><T59/><D59/><N who="2" m="22570" /><F15/><W128/><G128/><T124/><D124/><U76/><E74/><V94/><F94/><W68/><G68/><T84/><D84/><U18/><E72/><V108/><F108/><W82/><G82/><T39/><D39/><U118/><E118/><V99/><F99/><W122/><G122/><T7/><D7/><AGARI ba="1,0" hai="7,9,14,24,25,43,44,48,53,57,61" m="57351" machi="7" ten="30,5800,0" yaku="8,1,52,1,54,1" doraHai="40" who="3" fromWho="0" sc="206,-61,315,0,295,0,184,61" /><INIT seed="7,2,0,3,3,92" ten="145,315,295,245" oya="3" hai0="54,78,60,29,94,21,119,34,56,62,111,15,135" hai1="1,18,130,76,121,87,7,97,104,20,5,2,37" hai2="70,26,125,47,113,61,58,74,16,75,57,36,134" hai3="64,112,55,31,63,6,50,123,9,42,51,69,3"/><W79/><G123/><T106/><D119/><U116/><E37/><V114/><F70/><W59/><G112/><N who="2" m="43113" /><F134/><W103/><G31/><T17/><D111/><U38/><E38/><V91/><F91/><W25/><G25/><T99/><D106/><U46/><E121/><V98/><F98/><W95/><G79/><T73/><D135/><U115/><E115/><V126/><F47/><W4/><G4/><T105/><D105/><U133/><E133/><V82/><F36/><W81/><G81/><T100/><D60/><U77/><E46/><V8/><F58/><W118/><G118/><T10/><D34/><U52/><E116/><V67/><F82/><W11/><G11/><T45/><D45/><U109/><E109/><V30/><F30/><W14/><G3/><T40/><D40/><U68/><E68/><V22/><F8/><W83/><G83/><T127/><D127/><AGARI ba="2,0" hai="16,22,26,57,61,67,74,75,125,126,127" m="43113" machi="127" ten="30,3900,0" yaku="18,1,15,1,54,1" doraHai="92" who="2" fromWho="0" sc="145,-45,315,0,295,45,245,0" owari="100,-40.0,315,11.5,340,44.0,245,-15.5" /></mjloggm>