<mjloggm ver="2.3"><GO type="169" lobby="0"/><UN n0="%E6%81%8B%E3%81%AE%E3%81%86%E3%81%9F" n1="%E3%81%82%E3%81%9F%E3%81%8B%E3%81%AA" n2="%E3%82%A2%E3%83%B3%E3%81%95%E3%82%93" n3="%E5%8F%97%E3%81%91%E5%85%A5%E3%82%8C%E9%87%8D%E8%A6%96" dan="17,17,18,16" rate="2215.13,2215.04,2216.28,2168.68" sx="M,M,M,M"/><TAIKYOKU oya="0"/><INIT seed="0,0,0,1,0,92" ten="250,250,250,250" oya="0" hai0="118,22,11,78,64,13,115,1,108,133,8,16,17" hai1="60,37,85,132,55,73,128,93,110,79,46,7,65" hai2="68,72,97,2,94,10,126,114,111,102,100,123,81" hai3="87,122,28,48,119,106,23,70,69,24,25,35,52"/><T59/><D115/><U112/><E112/><V113/><F68/><W117/><G122/><T99/><D118/><U129/><E7/><V109/><F2/><W50/><G48/><T86/><D133/><U54/><E73/><V30/><F30/><W3/><G3/><T39/><D39/><U38/><E79/><N who="2" m="44263" /><F10/><W135/><G135/><T71/><D71/><U105/><E105/><N who="2" m="63631" /><F123/><W56/><G70/><T63/><D108/><N who="2" m="41546" /><F126/><W98/><G69/><T5/><D78/><U76/><E76/><V44/><F44/><W31/><REACH who="3" step="1"/><G87/><REACH who="3" ten="250,250,250,240" step="2"/><T61/><D86/><U103/><E85/><V36/><F36/><W53/><G53/><T116/><D1/><U131/><E54/><V42/><F42/><W33/><G33/><T43/><D43/><U88/><E110/><V21/><F21/><W124/><G124/><T20/><D20/><U49/><E132/><V82/><F82/><W47/><G47/><T104/><D22/><U127/><E127/><V51/><F51/><W4/><G4/><T66/><D5/><U67/><E38/><V74/><F74/><W125/><G125/><T19/><D11/><U101/><E37/><V96/><AGARI ba="0,1" hai="94,96,102,113,114" m="41546,63631,44263" machi="96" ten="30,8000,1" yaku="14,1,34,2,52,2" doraHai="92" who="2" fromWho="2" sc="250,-40,250,-20,250,90,240,-20" /><INIT seed="1,0,0,5,2,127" ten="210,230,340,220" oya="1" hai0="48,25,56,60,64,11,70,46,44,98,28,12,38" hai1="97,20,102,104,37,3,16,123,86,101,61,42,87" hai2="22,77,81,75,26,1,99,74,2,100,23,76,132" hai3="135,57,121,94,13,84,15,88,7,95,17,118,0"/><U59/><E123/><V78/><F132/><W111/><G121/><T40/><D98/><U50/><E3/><V85/><F22/><W114/><G114/><T9/><D12/><U112/><E37/><V69/><F69/><W124/><G0/><T109/><D109/><U34/><E34/><V8/><F85/><W47/><G124/><T58/><D11/><U90/><E102/><V72/><F8/><N who="3" m="4255" /><G111/><T89/><D89/><U117/><E117/><V55/><F55/><W131/><G135/><T126/><D9/><U14/><E112/><V119/><F119/><W92/><G118/><T66/><D25/><U21/><E21/><V24/><F81/><W43/><G131/><T122/><D28/><U106/><E106/><V96/><F23/><N who="3" m="11711" /><G57/><N who="0" m="22123" /><D126/><U125/><E125/><V33/><F33/><W19/><G19/><T103/><D103/><U30/><E30/><V116/><F100/><W65/><G65/><N who="0" m="25195" /><D122/><U80/><E86/><V62/><F116/><W39/><G39/><T5/><D5/><U36/><E36/><V6/><F6/><W35/><G35/><T49/><D46/><U79/><E79/><V71/><F1/><W27/><G27/><N who="2" m="10281" /><F2/><W108/><G108/><T130/><D130/><U29/><E29/><V68/><F75/><W129/><G129/><T82/><D82/><U54/><E61/><V52/><F74/><W32/><G32/><T4/><D4/><U41/><AGARI ba="0,0" hai="14,16,20,41,42,50,54,59,80,87,90,97,101,104" machi="41" ten="30,3000,0" yaku="0,1,54,1" doraHai="127" who="1" fromWho="1" sc="210,-10,230,30,340,-10,220,-10" /><INIT seed="1,1,0,3,4,116" ten="200,260,330,210" oya="1" hai0="79,129,96,18,8,7,27,132,47,91,72,14,65" hai1="43,127,0,12,76,29,68,40,23,36,17,78,46" hai2="98,128,64,26,19,58,123,67,100,90,134,80,30" hai3="41,1,84,66,135,42,115,69,20,104,112,49,108"/><U56/><E68/><V130/><F134/><W85/><G104/><T120/><D129/><N who="2" m="49770" /><F19/><W31/><G1/><T11/><D132/><U109/><E127/><V75/><F58/><W63/><G135/><T21/><D72/><U77/><E0/><V53/><F53/><W121/><G108/><T52/><D79/><U89/><E109/><V92/><F123/><W37/><G37/><T57/><D120/><U95/><E29/><V122/><F122/><W15/><G121/><T107/><D65/><U111/><E111/><V33/><F75/><W60/><G63/><T10/><D47/><U99/><E43/><V74/><F74/><W113/><G41/><T101/><REACH who="0" step="1"/><D91/><REACH who="0" ten="190,260,330,210" step="2"/><U86/><REACH who="1" step="1"/><E56/><REACH who="1" ten="190,250,330,210" step="2"/><V105/><F67/><W71/><G71/><T48/><AGARI ba="1,2" hai="7,8,10,11,14,18,21,27,48,52,57,96,101,107" machi="48" ten="20,12000,2" yaku="1,1,2,1,0,1,7,1,54,1,53,1" doraHai="116" doraHaiUra="45" who="0" fromWho="0" sc="190,143,250,-61,330,-31,210,-31" /><INIT seed="2,0,0,2,3,83" ten="333,189,299,179" oya="2" hai0="125,54,41,81,0,112,50,14,5,42,12,130,133" hai1="114,98,70,77,117,56,116,80,46,49,86,95,122" hai2="76,47,109,131,96,120,93,127,69,30,36,124,18" hai3="16,88,73,33,108,107,19,67,61,35,25,65,90"/><V121/><F30/><W53/><G73/><T60/><D112/><U38/><E70/><V21/><F69/><W32/><G107/><T71/><D0/><U3/><E3/><V102/><F47/><W57/><G108/><T78/><D130/><U9/><E114/><V132/><F36/><W28/><G67/><T51/><D133/><U118/><E122/><V34/><F34/><W87/><G90/><T62/><D125/><N who="2" m="48202" /><F18/><W75/><G75/><T126/><D126/><U39/><E56/><V97/><F21/><W7/><G7/><T44/><D71/><U64/><E9/><V11/><F11/><W22/><REACH who="3" step="1"/><G65/><REACH who="3" ten="333,189,299,169" step="2"/><T106/><D5/><U79/><E79/><V74/><F131/><W66/><G66/><T103/><D78/><U99/><E64/><V17/><F132/><W94/><AGARI ba="0,1" hai="16,19,22,25,28,32,33,35,53,57,61,87,88,94" machi="94" ten="30,8000,1" yaku="1,1,0,1,52,1,54,2,53,0" doraHai="83" doraHaiUra="72" who="3" fromWho="3" sc="333,-20,189,-20,299,-40,169,90" /><INIT seed="3,0,0,0,1,83" ten="313,169,259,259" oya="3" hai0="122,92,119,120,75,66,105,82,42,35,65,104,125" hai1="103,131,89,80,56,108,67,25,59,130,7,135,91" hai2="40,110,19,124,63,74,48,113,43,97,18,44,126" hai3="1,77,34,64,8,109,17,134,55,12,47,45,36"/><W16/><G34/><T93/><D42/><N who="2" m="15914" /><F74/><W114/><G114/><T68/><D82/><U133/><E7/><V10/><F10/><W123/><G123/><T30/><D75/><U29/><E25/><V112/><F97/><W5/><G36/><T69/><D35/><U15/><E15/><V95/><F95/><W78/><G134/><N who="1" m="51210" /><E29/><V41/><F110/><W50/><G109/><T11/><D11/><U73/><E59/><V115/><F19/><W98/><G45/><T26/><D26/><U107/><E56/><V51/><F18/><W100/><G64/><T116/><REACH who="0" step="1"/><D125/><REACH who="0" ten="303,169,259,259" step="2"/><N who="2" m="48234" /><F63/><W117/><G117/><T32/><D32/><U102/><E80/><V70/><F70/><W23/><REACH who="3" step="1"/><G17/><REACH who="3" ten="303,169,259,249" step="2"/><T20/><D20/><U96/><E108/><V94/><F115/><W37/><G37/><T85/><D85/><U84/><E84/><V3/><F113/><W129/><G129/><T128/><D128/><U24/><E73/><V39/><F112/><W14/><G14/><T101/><D101/><U88/><E102/><V72/><F72/><W4/><G4/><T90/><D90/><N who="1" m="23043" /><U61/><DORA hai="9" /><E24/><V21/><F21/><W111/><G111/><T106/><D106/><AGARI ba="0,2" hai="1,5,8,12,16,23,47,50,55,77,78,98,100,106" machi="106" ten="30,11600,0" yaku="1,1,7,1,52,1,54,1,53,0" doraHai="83,9" doraHaiUra="81,58" who="3" fromWho="0" sc="303,-116,169,0,259,0,249,136" /><INIT seed="3,1,0,4,3,63" ten="187,169,259,385" oya="3" hai0="39,7,58,3,81,108,85,52,130,125,11,36,60" hai1="41,82,53,89,25,106,61,94,0,79,54,127,32" hai2="88,67,111,57,34,13,43,5,87,95,27,135,66" hai3="30,47,22,2,109,23,46,104,86,120,132,28,62"/><W103/><G120/><T131/><D108/><U21/><E106/><V4/><F111/><W98/><G109/><T115/><D125/><U16/><E127/><V134/><F43/><W40/><G2/><T92/><D92/><U65/><E0/><V107/><F107/><W17/><G132/><N who="2" m="50729" /><F57/><W102/><G103/><T78/><REACH who="0" step="1"/><D115/><REACH who="0" ten="177,169,259,385" step="2"/><U97/><E32/><V29/><F13/><W105/><G105/><T122/><D122/><U33/><E33/><V84/><F84/><W77/><G86/><T124/><D124/><U93/><E93/><V1/><F1/><W20/><G104/><T19/><D19/><U14/><E14/><V9/><F9/><W133/><G17/><T118/><D118/><U117/><E117/><V114/><F114/><W76/><G133/><T96/><D96/><U101/><E16/><V24/><F27/><W116/><G116/><T49/><D49/><U119/><E119/><V56/><F56/><W38/><G98/><T80/><D80/><U128/><E25/><V31/><F29/><W75/><G28/><T37/><AGARI ba="1,1" hai="3,7,11,36,37,39,52,58,60,78,81,85,130,131" machi="37" ten="40,5200,0" yaku="1,1,0,1,54,1,53,0" doraHai="63" doraHaiUra="91" who="0" fromWho="0" sc="177,65,169,-14,259,-14,385,-27" /><INIT seed="4,0,0,5,4,85" ten="242,155,245,358" oya="0" hai0="27,131,14,127,72,106,7,126,64,47,11,1,108" hai1="5,115,69,10,129,91,109,73,84,130,2,97,41" hai2="135,30,53,19,60,110,113,105,111,121,125,0,21" hai3="45,79,102,8,104,68,59,26,78,52,90,44,12"/><T134/><D72/><U34/><E109/><V114/><F105/><W63/><G68/><T107/><D64/><U101/><E34/><V74/><F74/><W76/><G26/><T42/><D108/><U35/><E35/><V48/><F0/><W96/><REACH who="3" step="1"/><G90/><REACH who="3" ten="242,155,245,348" step="2"/><T33/><D27/><U67/><E69/><V118/><F111/><W28/><G28/><T3/><D33/><U51/><E129/><V103/><F30/><W61/><G61/><T40/><D131/><U65/><E130/><V36/><F60/><W92/><G92/><T43/><D106/><U116/><E116/><V46/><F118/><W77/><N who="3" m="19456" /><DORA hai="66" /><W83/><G83/><T88/><D107/><U81/><E73/><V54/><F110/><W57/><G57/><T93/><D47/><U4/><E91/><V20/><F46/><W71/><G71/><T95/><D95/><U75/><E75/><V49/><F114/><W6/><AGARI ba="0,1" hai="6,8,12,44,45,52,59,63,96,102,104" m="19456" machi="6" ten="40,5200,0" yaku="1,1,0,1,54,1,53,0" doraHai="85,66" doraHaiUra="117,15" who="3" fromWho="3" sc="242,-26,155,-13,245,-13,348,62" /><INIT seed="5,0,0,3,0,59" ten="216,142,232,410" oya="1" hai0="89,43,3,41,80,23,44,132,73,117,40,66,87" hai1="134,62,79,106,61,31,49,9,8,34,95,135,74" hai2="46,99,101,97,113,35,65,126,96,52,133,63,116" hai3="90,70,111,68,124,72,81,28,100,45,51,109,11"/><U94/><E106/><V13/><F116/><W47/><G100/><T0/><D117/><U15/><E74/><V114/><F35/><W24/><G45/><T131/><D131/><U130/><E79/><V27/><F27/><W69/><G11/><T53/><D132/><N who="1" m="50731" /><E130/><V60/><F133/><W98/><G124/><T121/><D121/><U17/><E49/><N who="2" m="28727" /><F126/><W93/><G81/><T38/><D73/><U25/><E9/><V6/><F65/><W50/><G72/><T39/><D66/><U37/><E37/><V7/><F101/><W103/><G103/><T16/><D38/><U56/><E56/><V110/><F110/><W10/><G10/><T33/><D33/><U84/><E84/><V54/><F54/><W19/><G19/><T125/><D125/><U26/><E26/><V75/><F75/><W30/><G51/><T22/><D22/><U57/><E57/><V118/><F118/><W4/><G4/><N who="2" m="1577" /><F13/><W18/><G18/><T88/><D39/><U83/><E83/><V78/><F78/><W29/><REACH who="3" step="1"/><G24/><REACH who="3" ten="216,142,232,400" step="2"/><T67/><D80/><U108/><E108/><V36/><F36/><W64/><G64/><T107/><D67/><U128/><E128/><V55/><F55/><AGARI ba="0,1" hai="28,29,30,47,50,55,68,69,70,90,93,98,109,111" machi="55" ten="50,3200,0" yaku="1,1,53,1" doraHai="59" doraHaiUra="42" who="3" fromWho="2" sc="216,0,142,0,232,-32,400,42" /><INIT seed="6,0,0,5,0,68" ten="216,142,200,442" oya="2" hai0="6,93,60,90,106,5,34,32,130,74,96,76,49" hai1="129,91,50,109,95,18,20,62,22,102,67,13,135" hai2="113,86,48,134,84,103,12,46,124,79,64,55,33" hai3="125,116,42,128,100,77,53,41,73,65,123,72,101"/><V104/><F113/><W9/><G116/><T110/><D110/><U121/><E109/><V7/><F124/><W61/><G123/><T10/><D130/><U28/><E129/><V44/><F134/><W119/><G128/><T70/><D6/><U63/><E135/><V40/><F33/><W3/><G119/><T38/><D49/><U27/><E121/><V126/><F126/><W81/><G73/><T133/><D106/><U117/><E117/><V80/><F64/><W97/><G53/><T83/><D133/><U26/><E102/><V30/><F30/><W111/><G111/><T52/><D38/><U56/><E62/><V47/><F86/><W11/><G125/><T57/><REACH who="0" step="1"/><D70/><REACH who="0" ten="206,142,200,442" step="2"/><U36/><E36/><V98/><REACH who="2" step="1"/><F55/><REACH who="2" ten="206,142,190,442" step="2"/><W87/><G65/><T118/><D118/><U120/><E120/><V39/><F39/><W58/><G87/><T78/><D78/><U4/><E50/><V85/><F85/><W112/><G77/><T131/><D131/><U88/><E95/><V71/><F71/><W99/><G72/><T105/><D105/><U54/><E54/><V31/><F31/><W114/><G114/><T92/><D92/><U14/><E4/><V66/><F66/><W59/><G112/><T16/><D16/><U2/><E2/><AGARI ba="0,2" hai="2,5,10,32,34,52,57,60,74,76,83,90,93,96" machi="2" ten="30,3900,0" yaku="1,1,7,1,54,1,53,0" doraHai="68" doraHaiUra="45" who="0" fromWho="1" sc="206,59,142,-39,190,0,442,0" /><INIT seed="7,0,0,4,5,120" ten="265,103,190,442" oya="3" hai0="49,78,33,67,107,127,16,108,13,69,112,113,35" hai1="76,70,119,101,9,10,36,18,96,23,51,20,82" hai2="134,57,124,3,74,130,15,64,34,110,71,32,91" hai3="17,75,59,48,19,24,102,39,93,12,62,99,106"/><W63/><G39/><T22/><D107/><U97/><E36/><V92/><F3/><W43/><G75/><T103/><D103/><U61/><E70/><V7/><F71/><W5/><G106/><T27/><D78/><U41/><E119/><V21/><F74/><W115/><G115/><N who="0" m="44107" /><D49/><U28/><E28/><V68/><F130/><W135/><G135/><T129/><D67/><U6/><E61/><N who="3" m="23050" /><G24/><T123/><D127/><U100/><E51/><V37/><F37/><W2/><G2/><T52/><D123/><U109/><E41/><V132/><F57/><W121/><G121/><T79/><D79/><U122/><E122/><V54/><F54/><N who="3" m="32199" /><G43/><T77/><D77/><U26/><E6/><V58/><F7/><W89/><G102/><T25/><D69/><U128/><E128/><V81/><F68/><W55/><G55/><T11/><D52/><U126/><E126/><V44/><F58/><W4/><G17/><N who="0" m="8383" /><D129/><U118/><E118/><V0/><F64/><W94/><G93/><T29/><D33/><U111/><E76/><V116/><F34/><W65/><G65/><T114/><D114/><U46/><E18/><V80/><F32/><W131/><G131/><T31/><D31/><U105/><E105/><V87/><F124/><W84/><G99/><T98/><D98/><U8/><E8/><AGARI ba="0,0" hai="4,5,8,12,19,84,89,94" m="32199,23050" machi="8" ten="30,1500,0" yaku="8,1" doraHai="120" who="3" fromWho="1" sc="265,0,103,-15,190,0,442,15" owari="265,6.5,88,-41.2,190,-21.0,457,55.7" /></mjloggm>