<mjloggm ver="2.3"><GO type="169" lobby="0"/><UN n0="%E8%99%B9%E8%89%B2%E3%82%B8%E3%83%A7%E3%83%BC%E3%82%AB%E3%83%BC" n1="%E6%AF%94%E5%98%89%E6%84%9B%E6%9C%AA" n2="%E2%84%83%2D%75%74%65" n3="%E8%B5%A4%E6%AF%9B%E3%81%AE%E3%82%AD%E3%83%A7%E3%83%B3" dan="17,19,17,18" rate="2199.15,2271.35,2201.51,2312.47" sx="M,F,M,M"/><TAIKYOKU oya="0"/><INIT seed="0,0,0,3,5,43" ten="250,250,250,250" oya="0" hai0="131,27,36,125,128,35,88,65,12,126,63,105,123" hai1="30,0,33,115,79,62,5,118,133,106,113,39,72" hai2="60,1,21,42,82,59,31,7,19,91,52,34,74" hai3="67,44,93,23,66,15,55,38,71,114,22,64,73"/><T46/><D123/><U45/><E118/><V17/><F34/><W134/><G114/><N who="1" m="43530" /><E62/><V96/><F1/><W77/><G134/><T51/><D105/><U4/><E133/><V117/><F7/><W83/><G71/><N who="0" m="42431" /><D12/><U86/><E86/><V57/><F42/><W120/><G120/><T25/><D36/><U101/><E5/><V61/><F74/><W53/><G38/><T50/><D35/><U32/><E30/><V47/><F117/><W10/><G93/><T8/><D8/><N who="1" m="2055" /><E101/><V70/><F70/><W85/><G73/><T89/><D51/><U54/><E106/><V107/><F31/><W2/><G2/><T49/><D49/><N who="1" m="28975" /><E39/><V103/><F61/><W75/><G75/><T58/><D58/><U98/><E98/><V11/><F59/><W69/><G69/><T121/><D121/><U110/><E32/><V122/><F122/><W124/><G124/><N who="0" m="47723" /><D27/><U100/><E33/><V68/><F68/><W14/><G14/><T92/><D25/><U76/><E100/><V18/><F103/><W48/><REACH who="3" step="1"/><G55/><REACH who="3" ten="250,250,250,240" step="2"/><N who="0" m="30167" /><D92/><U111/><E72/><V9/><F107/><W116/><G116/><T81/><D81/><U127/><E127/><V102/><F82/><W13/><G13/><T108/><D108/><AGARI ba="0,1" hai="76,79,108,110,111" m="28975,2055,43530" machi="108" ten="30,3900,0" yaku="14,1,11,1,52,1" doraHai="43" who="1" fromWho="0" sc="250,-39,250,49,250,0,240,0" /><INIT seed="1,0,0,2,5,25" ten="211,299,250,240" oya="1" hai0="82,95,104,132,47,70,127,88,112,0,102,30,106" hai1="81,45,63,98,67,107,11,76,69,1,59,39,13" hai2="94,78,83,42,43,117,109,19,66,114,96,58,97" hai3="55,56,40,5,121,9,71,4,17,99,90,20,37"/><U10/><E10/><V46/><F117/><W89/><G121/><T61/><D112/><U7/><E13/><V93/><F109/><W72/><G71/><T49/><D132/><U8/><E8/><V129/><F129/><W50/><G72/><T116/><D127/><U21/><E21/><V36/><F43/><W16/><G37/><T75/><D0/><U131/><E59/><V68/><F68/><W38/><G38/><T73/><D116/><U12/><E12/><V62/><F114/><W100/><G40/><T86/><D30/><U15/><E15/><V91/><F19/><W14/><G17/><T31/><D31/><U111/><E131/><V84/><REACH who="2" step="1"/><F93/><REACH who="2" ten="211,299,240,240" step="2"/><N who="3" m="58479" /><G4/><T118/><D118/><U92/><E111/><V80/><F80/><W27/><AGARI ba="0,1" hai="5,9,14,16,20,27,50,55,56,89,90" m="58479" machi="27" ten="30,2000,0" yaku="8,1,54,1" doraHai="25" who="3" fromWho="3" sc="211,-5,299,-10,240,-5,240,30" /><INIT seed="2,0,0,5,2,85" ten="206,289,235,270" oya="2" hai0="62,108,69,46,56,39,67,117,115,11,90,125,30" hai1="61,49,89,38,100,98,121,2,111,12,66,63,48" hai2="129,118,60,73,124,119,87,8,94,44,16,78,80" hai3="55,76,13,131,86,82,6,18,25,57,17,35,123"/><V112/><F112/><W97/><G123/><T36/><D115/><U43/><E2/><V24/><F129/><W9/><G131/><T102/><D117/><U88/><E38/><V51/><F124/><W81/><G35/><T104/><D125/><U15/><E111/><V83/><F60/><N who="1" m="23113" /><E66/><V107/><F94/><W130/><G130/><T91/><D108/><U116/><E116/><V122/><F107/><W106/><G25/><T5/><D30/><U105/><E105/><V84/><F73/><W22/><G106/><T31/><D31/><U58/><E121/><V37/><F37/><W93/><G82/><T75/><D75/><U68/><E68/><V29/><F122/><W41/><G41/><T133/><D133/><U110/><E110/><V77/><F8/><W54/><G57/><T126/><D126/><U1/><E1/><V47/><F47/><W33/><G33/><T32/><D32/><U27/><E27/><V132/><F132/><W50/><G50/><N who="1" m="19562" /><E58/><V52/><F29/><W64/><G64/><T20/><D39/><U71/><E43/><V92/><F92/><W4/><G55/><T45/><D69/><U3/><E3/><V70/><F70/><W26/><REACH who="3" step="1"/><G54/><REACH who="3" ten="206,289,235,260" step="2"/><T120/><D120/><U95/><E71/><V21/><AGARI ba="0,1" hai="16,21,24,44,51,52,77,78,80,83,84,87,118,119" machi="21" ten="30,11700,0" yaku="0,1,9,1,54,2" doraHai="85" who="2" fromWho="2" sc="206,-39,289,-39,235,127,260,-39" /><INIT seed="2,1,0,1,2,55" ten="167,250,362,221" oya="2" hai0="8,66,101,89,86,18,122,30,99,42,6,32,44" hai1="45,39,88,84,130,123,7,131,95,62,60,116,33" hai2="67,48,13,100,78,52,96,128,47,103,11,0,77" hai3="114,3,70,54,2,61,85,31,79,107,91,51,21"/><V124/><F0/><W43/><G107/><T111/><D111/><U16/><E116/><V53/><F128/><N who="1" m="49193" /><E33/><V76/><F124/><W132/><G132/><T90/><D122/><U64/><E7/><V19/><F67/><W20/><G114/><T105/><D18/><U82/><E123/><V81/><F81/><W50/><G79/><T87/><D32/><U98/><E64/><V134/><F134/><W29/><G70/><T97/><D30/><U110/><E110/><V127/><F127/><W36/><G36/><T37/><D66/><U74/><E74/><V71/><F71/><W14/><G2/><T40/><D40/><N who="1" m="22687" /><E16/><V35/><F35/><W26/><G3/><T68/><D68/><U109/><E109/><V80/><F80/><W9/><G43/><T104/><D8/><U5/><E5/><V56/><F96/><W22/><G61/><AGARI ba="1,0" hai="11,13,19,47,48,52,53,56,61,76,77,78,100,103" machi="61" ten="40,7700,0" yaku="8,1,52,1,54,1" doraHai="55" who="2" fromWho="3" sc="167,0,250,0,362,80,221,-80" /><INIT seed="2,2,0,5,2,76" ten="167,250,442,141" oya="2" hai0="95,117,133,100,80,10,54,108,125,50,3,41,7" hai1="135,30,1,72,15,11,78,111,99,103,45,38,23" hai2="109,6,27,86,34,124,52,56,0,47,51,84,17" hai3="49,98,88,134,20,8,12,131,113,68,104,39,65"/><V58/><F124/><W92/><G39/><T89/><D125/><U114/><E114/><V48/><F109/><W119/><G119/><T62/><D133/><U31/><E111/><V60/><F0/><W55/><G134/><T63/><D117/><U44/><E135/><V129/><F6/><W126/><G126/><T57/><D108/><U91/><E91/><V130/><F17/><W37/><G37/><T106/><D106/><U53/><E1/><V75/><F75/><W32/><G32/><T83/><D100/><U4/><E38/><V128/><F27/><W42/><G131/><T13/><D3/><U29/><E23/><V94/><F94/><W5/><G113/><T24/><D24/><U70/><E70/><V101/><F101/><W67/><G68/><T16/><D7/><U127/><E53/><N who="2" m="31807" /><F34/><W96/><G42/><AGARI ba="2,0" hai="42,47,48,52,58,60,84,86,128,129,130" m="31807" machi="42" ten="30,2900,0" yaku="19,1,54,1" doraHai="76" who="2" fromWho="3" sc="167,0,250,0,442,35,141,-35" /><INIT seed="2,3,0,3,2,17" ten="167,250,477,106" oya="2" hai0="129,101,119,4,47,83,13,74,62,35,70,31,57" hai1="64,93,90,76,30,26,95,81,15,113,82,51,127" hai2="61,5,97,3,8,46,117,11,100,128,41,40,53" hai3="33,63,105,133,7,2,18,123,77,126,39,122,54"/><V56/><F128/><W6/><G105/><T66/><D129/><U0/><E113/><V109/><F117/><W121/><G39/><T111/><D111/><U10/><E0/><V29/><F109/><W14/><G126/><T131/><D131/><U78/><E127/><V21/><F11/><W55/><G133/><T104/><D104/><U23/><E64/><V22/><F29/><W120/><N who="3" m="30720" /><DORA hai="24" /><W134/><G134/><T107/><D47/><U87/><E51/><V25/><F25/><W103/><G103/><T106/><D119/><U132/><E132/><V135/><F135/><W115/><G115/><T20/><D57/><U72/><REACH who="1" step="1"/><E78/><REACH who="1" ten="167,240,477,106" step="2"/><V43/><REACH who="2" step="1"/><F46/><REACH who="2" ten="167,240,467,106" step="2"/><W102/><G2/><T94/><D66/><U44/><E44/><V110/><F110/><W16/><G77/><T99/><D62/><U45/><E45/><V1/><F1/><W52/><G63/><T50/><D50/><U37/><E37/><V59/><F59/><W48/><G48/><T9/><D70/><U65/><E65/><V73/><F73/><W112/><G112/><T71/><D71/><U84/><E84/><V12/><F12/><W38/><G38/><T130/><D130/><U68/><E68/><V114/><F114/><W116/><G116/><T28/><D74/><U36/><E36/><V60/><F60/><W98/><G14/><T75/><D75/><U85/><E85/><V49/><F49/><W92/><REACH who="3" step="1"/><G33/><REACH who="3" ten="167,240,467,96" step="2"/><T80/><D35/><U79/><E79/><V27/><F27/><W42/><G42/><T32/><D32/><U96/><E96/><V34/><F34/><RYUUKYOKU ba="3,3" sc="167,-30,240,10,467,10,96,10" hai1="10,15,23,26,30,72,76,81,82,87,90,93,95" hai2="3,5,8,21,22,40,41,43,53,56,61,97,100" hai3="6,7,16,18,52,54,55,92,98,102" /><INIT seed="2,4,3,2,0,55" ten="137,250,477,106" oya="2" hai0="3,17,134,21,81,41,2,120,135,73,109,116,33" hai1="23,85,43,130,14,128,26,0,29,111,45,80,18" hai2="87,66,64,65,108,112,131,7,58,113,118,51,97" hai3="129,94,8,93,48,102,115,106,72,46,57,121,59"/><V114/><F7/><W35/><G121/><T37/><D120/><U27/><E0/><V61/><F87/><W54/><G72/><T98/><D33/><U62/><E111/><V70/><F97/><W12/><G35/><T68/><D68/><U84/><E62/><N who="2" m="40279" /><F118/><W56/><G129/><N who="1" m="49770" /><E80/><V133/><F131/><W105/><G115/><T110/><D116/><U36/><E26/><V74/><F74/><W1/><G1/><N who="0" m="11" /><D98/><U50/><E36/><V28/><F28/><W5/><REACH who="3" step="1"/><G102/><REACH who="3" ten="137,250,477,96" step="2"/><T126/><D110/><U22/><AGARI ba="4,4" hai="14,18,22,23,27,29,43,45,50,84,85" m="49770" machi="22" ten="30,1100,0" yaku="19,1" doraHai="55" who="1" fromWho="1" sc="137,-7,250,63,477,-9,96,-7" /><INIT seed="3,0,0,2,5,15" ten="130,313,468,89" oya="3" hai0="35,25,88,33,68,16,74,57,83,44,94,32,8" hai1="6,77,111,64,96,126,98,132,107,29,116,3,17" hai2="127,125,66,104,55,34,91,71,121,1,10,18,120" hai3="115,131,84,20,53,75,101,31,78,60,114,102,12"/><W82/><G131/><T52/><D68/><U97/><E111/><V26/><F104/><W67/><G53/><T30/><D44/><U86/><E132/><V54/><F91/><W76/><G76/><T49/><D74/><U92/><E29/><V48/><F66/><W37/><G37/><T14/><D83/><U46/><E126/><N who="2" m="48139" /><F71/><W85/><G114/><T113/><D113/><U24/><E107/><V106/><F106/><W81/><G115/><T0/><D0/><U133/><E133/><V72/><F72/><W51/><G51/><T42/><D42/><U27/><E64/><V128/><F128/><W5/><G75/><T70/><D70/><U43/><E6/><V108/><F54/><W65/><G5/><T23/><D8/><U9/><E3/><V90/><F90/><W117/><G117/><T112/><D112/><U28/><E28/><V61/><F61/><W19/><G31/><T73/><D73/><U95/><E116/><V80/><F80/><W7/><G7/><T100/><D100/><N who="3" m="38505" /><G60/><T134/><D134/><U119/><E119/><V105/><F105/><W40/><G40/><T118/><D118/><U56/><E43/><V89/><F34/><W103/><N who="3" m="38513" /><W2/><DORA hai="123" /><G2/><T39/><D39/><U124/><E124/><V99/><F1/><W63/><G63/><T122/><D122/><U109/><E77/><V50/><F120/><W59/><G59/><T62/><D62/><U135/><E56/><V11/><F121/><W130/><G130/><T110/><D110/><U79/><E109/><V22/><F108/><W4/><G4/><RYUUKYOKU ba="0,0" sc="130,15,313,-15,468,-15,89,15" hai0="14,16,23,25,30,32,33,35,49,52,57,88,94" hai3="12,19,20,65,67,78,81,82,84,85" /><INIT seed="3,1,0,0,3,96" ten="145,298,453,104" oya="3" hai0="68,4,87,107,92,85,98,11,40,65,118,135,31" hai1="2,0,111,69,84,100,76,38,122,89,70,17,59" hai2="35,9,56,45,108,52,25,57,105,113,46,119,13" hai3="90,123,125,51,88,77,132,23,67,53,126,131,95"/><W124/><G123/><T116/><D31/><U101/><E122/><V3/><F3/><W48/><G131/><T102/><D135/><U73/><E38/><V133/><F113/><W83/><G132/><T99/><D40/><U75/><E59/><V12/><F119/><W130/><G130/><T128/><D128/><U82/><E17/><V74/><F74/><W22/><G67/><T8/><D8/><U104/><E104/><V14/><F133/><W49/><G53/><T110/><D110/><U91/><E84/><V41/><F108/><W42/><G42/><T7/><D7/><U79/><E82/><V33/><F105/><W109/><G109/><AGARI ba="1,0" hai="0,2,69,70,73,75,76,79,89,91,100,101,109,111" machi="109" ten="25,6400,0" yaku="22,2,52,2" doraHai="96" who="1" fromWho="3" sc="145,0,298,67,453,0,104,-67" /><INIT seed="4,0,0,2,5,116" ten="145,365,453,37" oya="0" hai0="90,56,80,20,32,84,47,22,75,42,86,99,121" hai1="133,46,115,4,76,25,104,7,41,78,65,9,135" hai2="48,128,68,34,3,55,0,101,36,35,59,53,85" hai3="77,60,81,10,92,113,15,31,30,123,111,16,118"/><T125/><D32/><U100/><E65/><V96/><F68/><W124/><G111/><T83/><D125/><U67/><E67/><V13/><F36/><W130/><G118/><T50/><D75/><U28/><E115/><V1/><F128/><W134/><G113/><T93/><D121/><U127/><E127/><V44/><F85/><W70/><G124/><T74/><D74/><U19/><E19/><V109/><F13/><W132/><G130/><T108/><D108/><U114/><E114/><V119/><F109/><W40/><G40/><T107/><D107/><U51/><E100/><V6/><F6/><N who="1" m="2089" /><E9/><V63/><REACH who="2" step="1"/><F119/><REACH who="2" ten="145,365,443,37" step="2"/><W27/><G70/><T79/><REACH who="0" step="1"/><D56/><REACH who="0" ten="135,365,443,37" step="2"/><U72/><E72/><V91/><F91/><AGARI ba="0,2" hai="20,22,42,47,50,79,80,83,84,86,90,91,93,99" machi="91" ten="30,18000,2" yaku="1,1,2,1,7,1,8,1,53,2" doraHai="116" doraHaiUra="87" who="0" fromWho="2" sc="135,200,365,0,443,-180,37,0" /><INIT seed="4,1,0,4,5,75" ten="335,365,263,37" oya="0" hai0="68,13,118,6,58,78,8,96,65,130,55,119,87" hai1="122,26,12,123,84,72,45,107,63,67,50,38,57" hai2="74,19,2,36,18,132,101,100,41,15,103,133,135" hai3="39,116,94,88,124,92,62,91,60,81,10,82,56"/><T125/><D125/><U73/><E107/><V16/><F2/><W7/><G116/><T109/><D130/><U70/><E26/><V20/><F74/><W0/><G39/><T44/><D109/><U112/><E72/><V4/><F4/><W5/><G124/><T95/><D44/><AGARI ba="1,0" hai="15,16,18,19,20,36,41,44,100,101,103,132,133,135" machi="44" ten="50,3200,0" yaku="20,1,54,1" doraHai="75" who="2" fromWho="0" sc="335,-35,365,0,263,35,37,0" /><INIT seed="5,0,0,3,0,95" ten="300,365,298,37" oya="1" hai0="92,22,39,107,75,102,69,32,12,100,15,4,68" hai1="28,40,60,5,117,38,20,63,53,86,74,6,132" hai2="125,121,50,7,54,93,81,135,111,42,128,114,11" hai3="133,51,24,72,21,9,58,33,88,80,31,89,108"/><U106/><E117/><V115/><F111/><W87/><G108/><T113/><D32/><U57/><E74/><V45/><F121/><W99/><G133/><T96/><D39/><U0/><E0/><V19/><F135/><W90/><G72/><T65/><D75/><U56/><E106/><V83/><F128/><W77/><G33/><T8/><D113/><N who="2" m="43018" /><F125/><W85/><G9/><T129/><D129/><U30/><E132/><V3/><F19/><W49/><G87/><T66/><D69/><U59/><E40/><V10/><F10/><W61/><REACH who="3" step="1"/><G99/><REACH who="3" ten="300,365,298,27" step="2"/><T118/><D8/><U124/><E86/><V18/><F11/><W46/><G46/><T25/><D96/><U26/><E5/><V82/><F7/><W105/><G105/><T35/><D107/><U116/><E6/><V98/><F3/><W94/><G94/><T62/><D35/><U112/><E112/><V91/><F45/><W43/><G43/><T131/><D92/><U48/><E20/><V67/><F42/><W103/><G103/><T34/><D34/><U126/><E126/><V123/><F98/><W41/><G41/><T78/><D4/><U110/><E124/><V73/><F93/><W1/><G1/><T127/><D127/><U2/><E2/><V97/><F97/><W104/><G104/><T17/><D131/><U13/><E110/><V44/><F73/><W122/><G122/><T47/><D102/><U119/><E119/><V37/><F123/><W27/><G27/><N who="0" m="14799" /><D100/><U52/><E116/><V23/><F23/><W70/><G70/><T71/><D118/><U79/><E26/><RYUUKYOKU ba="0,1" sc="300,-10,365,-10,298,-10,27,30" hai3="21,24,31,49,51,58,61,77,80,85,88,89,90" /><INIT seed="6,1,1,3,2,109" ten="290,355,288,57" oya="2" hai0="11,81,126,117,2,85,108,115,33,6,110,51,9" hai1="30,59,102,74,45,31,39,23,86,26,18,130,122" hai2="127,124,49,116,52,24,62,131,27,72,107,35,65" hai3="93,100,71,70,87,48,3,58,61,44,28,129,113"/><V82/><F116/><W101/><G3/><T135/><D33/><U80/><E74/><V111/><F111/><W60/><G129/><T112/><D117/><U54/><E130/><V105/><F131/><W64/><G28/><T57/><D135/><U25/><E122/><V41/><F41/><W37/><G37/><T73/><D73/><U84/><E102/><V96/><F82/><W106/><G106/><T50/><D11/><U63/><E39/><V34/><F72/><W76/><G76/><T83/><D83/><U22/><E45/><V125/><F34/><W17/><G17/><T119/><D119/><U133/><E133/><V95/><F35/><W20/><G20/><T118/><D126/><U29/><E84/><V78/><F78/><AGARI ba="1,1" hai="18,22,23,25,26,29,30,31,54,59,63,78,80,86" machi="78" ten="30,2000,0" yaku="7,1,8,1" doraHai="109" who="1" fromWho="2" sc="290,0,355,33,288,-23,57,0" /><INIT seed="7,0,0,1,0,65" ten="290,388,265,57" oya="3" hai0="64,8,23,49,59,88,70,55,54,40,4,60,31" hai1="127,113,90,124,39,37,126,17,52,73,1,5,114" hai2="117,83,0,80,2,109,29,110,118,92,108,132,96" hai3="135,42,14,123,100,43,94,133,128,116,111,3,56"/><W106/><G116/><T131/><D131/><U62/><E73/><V15/><F29/><W112/><G123/><T125/><D125/><U20/><E90/><V30/><F30/><W45/><G3/><T75/><D75/><U13/><E1/><V35/><F15/><W99/><G128/><T27/><D54/><U25/><E5/><V66/><F66/><W74/><G74/><T50/><D40/><U12/><E12/><V98/><F92/><W86/><G112/><N who="1" m="43114" /><E13/><V53/><F53/><W130/><G130/><T16/><D50/><U91/><E91/><V95/><F95/><W81/><G111/><T87/><D31/><U103/><E103/><V18/><F18/><W48/><G106/><T104/><D104/><U79/><E79/><V93/><F93/><W63/><G42/><T85/><REACH who="0" step="1"/><D88/><REACH who="0" ten="280,388,265,57" step="2"/><U68/><E52/><V9/><F9/><W36/><G36/><T57/><D57/><U61/><E39/><V121/><F109/><W46/><G46/><T19/><D19/><U115/><E37/><V38/><F38/><W89/><REACH who="3" step="1"/><G14/><AGARI ba="0,1" hai="4,8,14,16,23,27,49,55,59,60,64,70,85,87" machi="14" ten="30,7700,0" yaku="1,1,7,1,52,1,54,1,53,0" doraHai="65" doraHaiUra="77" who="0" fromWho="3" sc="280,87,388,0,265,0,57,-77" owari="367,16.7,388,48.8,265,-13.5,-20,-52.0" /></mjloggm>