<mjloggm ver="2.3"><GO type="169" lobby="0"/><UN n0="%E6%99%82%E8%A8%88%E5%9D%82%E9%9B%B6" n1="%E6%81%8B%E3%81%AE%E3%81%86%E3%81%9F" n2="%E3%81%A8%E3%82%8D%E3%82%8D%E3%81%9D%E3%81%B0" n3="%E3%83%9D%E3%83%B3%E3%81%98%E3%81%84%E3%81%95%E3%82%93" dan="16,17,17,16" rate="2155.18,2265.94,2234.52,2097.06" sx="M,M,M,F"/><TAIKYOKU oya="0"/><INIT seed="0,0,0,1,0,45" ten="250,250,250,250" oya="0" hai0="34,74,47,82,121,91,27,116,8,78,76,84,44" hai1="22,32,110,6,21,99,9,127,15,23,135,102,128" hai2="100,62,64,69,71,80,54,134,12,29,61,24,43" hai3="65,68,11,103,96,108,126,3,7,70,59,79,95"/><T133/><D121/><U87/><E110/><V97/><F134/><W98/><G108/><T112/><D112/><U115/><E135/><V117/><F117/><W14/><G126/><T26/><D116/><U81/><E128/><V2/><F2/><W42/><G79/><N who="0" m="30251" /><D34/><U51/><E32/><V118/><F118/><W88/><G42/><T85/><D74/><U101/><E127/><V66/><F43/><W41/><G41/><T105/><D105/><U36/><E36/><V113/><F113/><W129/><G129/><T35/><D35/><U107/><E102/><V125/><F125/><W132/><G132/><T123/><D123/><U39/><E39/><V75/><F12/><W52/><G65/><T13/><D85/><U63/><E63/><V73/><F54/><W94/><REACH who="3" step="1"/><G3/><REACH who="3" ten="250,250,250,240" step="2"/><T4/><D133/><U58/><E115/><V77/><F77/><W18/><G18/><T124/><D124/><U19/><E19/><V67/><F66/><W53/><G53/><T5/><D5/><U16/><E6/><V46/><F80/><W120/><G120/><T86/><D86/><U48/><E87/><V122/><F122/><W28/><G28/><T92/><D82/><U93/><E81/><V57/><F75/><W49/><AGARI ba="0,1" hai="7,11,14,49,52,59,68,70,88,94,95,96,98,103" machi="49" ten="20,12000,2" yaku="1,1,0,1,7,1,52,1,54,2,53,0" doraHai="45" doraHaiUra="56" who="3" fromWho="3" sc="250,-60,250,-30,250,-30,240,130" /><INIT seed="1,0,0,5,4,11" ten="190,220,220,370" oya="1" hai0="34,75,123,85,51,107,126,112,67,124,15,19,39" hai1="64,5,1,95,12,132,52,78,128,32,62,48,68" hai2="16,40,103,131,97,65,33,71,120,101,37,80,90" hai3="28,110,17,29,76,106,18,20,70,86,121,135,61"/><U134/><E32/><V89/><F120/><W99/><G121/><T50/><D75/><U49/><E1/><V56/><F71/><W130/><G110/><T8/><D107/><U54/><E78/><V122/><F33/><W104/><G135/><N who="1" m="51754" /><E95/><V109/><F122/><W125/><G18/><T9/><D39/><U36/><E36/><V4/><F4/><W13/><G106/><T77/><D34/><U35/><E35/><V82/><F37/><W116/><G116/><T84/><D67/><U2/><E2/><V31/><F109/><W98/><G98/><T111/><D112/><U55/><E128/><V46/><F131/><W60/><G99/><T127/><D111/><U30/><E30/><V57/><F31/><W87/><G104/><T94/><D123/><U27/><E27/><V42/><F97/><W23/><G76/><T58/><D94/><U45/><E5/><V115/><F115/><W72/><G72/><T96/><D77/><U114/><E12/><V88/><F90/><W105/><G13/><N who="0" m="7591" /><D96/><U66/><E114/><V63/><F65/><W83/><G105/><T7/><D51/><N who="1" m="19531" /><E64/><V119/><F119/><W26/><G130/><T129/><D129/><U108/><E108/><V59/><F103/><W0/><G0/><T102/><D102/><U93/><E93/><V24/><F101/><W14/><G29/><T133/><D133/><U100/><E100/><V91/><F82/><W43/><G83/><T25/><D25/><U6/><E6/><V44/><F80/><W117/><G26/><T74/><D74/><U53/><N who="1" m="13312" /><DORA hai="47" /><U21/><E45/><RYUUKYOKU ba="0,0" sc="190,15,220,15,220,-15,370,-15" hai0="7,9,15,50,58,84,85,124,126,127" hai1="21,62,66,68" /><INIT seed="1,1,0,4,1,134" ten="205,235,205,355" oya="1" hai0="69,19,29,105,20,1,96,15,67,129,110,40,45" hai1="100,75,16,21,9,11,26,120,126,77,48,57,13" hai2="106,125,7,44,52,86,72,83,116,62,80,131,114" hai3="0,10,25,31,64,36,76,68,22,94,107,23,46"/><U53/><E120/><V127/><F106/><W118/><G107/><T12/><D1/><U85/><E75/><V33/><F116/><W95/><G118/><T115/><D115/><U42/><E126/><N who="2" m="48139" /><F33/><W2/><G64/><T61/><D110/><U108/><E108/><V17/><F114/><W34/><G68/><T123/><D129/><U103/><E42/><V65/><F131/><W92/><G76/><T5/><D123/><U124/><E124/><V58/><F7/><W73/><G73/><T66/><D66/><U39/><E39/><V87/><F17/><W84/><G2/><T3/><D3/><U90/><E77/><N who="2" m="44071" /><F83/><W104/><G104/><T111/><D111/><U43/><E43/><V121/><F121/><W128/><G128/><T51/><D5/><U41/><E41/><V130/><F130/><W74/><G0/><T113/><D113/><U119/><E119/><V117/><F117/><W59/><G74/><T101/><D29/><U35/><E35/><V82/><F82/><W63/><G34/><T28/><D28/><U47/><E47/><V71/><F44/><W56/><G46/><T37/><D37/><U14/><E9/><V18/><F18/><W98/><G10/><T97/><D105/><U54/><E13/><V30/><F30/><W135/><G31/><T4/><D4/><U49/><E11/><V27/><F27/><W32/><G25/><T91/><D12/><U81/><E26/><V78/><F78/><W8/><G8/><T99/><D15/><U102/><E48/><AGARI ba="1,0" hai="48,52,58,62,65,71,86,87" m="44071,48139" machi="48" ten="30,8000,1" yaku="18,1,52,3,54,1" doraHai="134" who="2" fromWho="1" sc="205,0,235,-83,205,83,355,0" /><INIT seed="2,0,0,0,4,93" ten="205,152,288,355" oya="2" hai0="17,84,24,22,135,89,80,125,101,78,36,15,127" hai1="47,102,0,43,46,67,96,91,98,108,59,112,94" hai2="62,124,66,16,31,4,106,97,115,56,30,37,116" hai3="104,100,79,58,42,134,70,57,103,14,54,53,99"/><V69/><F115/><W27/><G134/><T9/><D36/><U81/><E0/><V82/><F116/><W28/><G70/><T87/><D101/><U74/><E108/><V50/><F37/><W13/><G42/><T133/><D87/><U117/><E117/><V121/><F121/><W32/><G79/><T55/><D55/><U88/><E112/><V128/><F4/><W68/><G68/><T76/><D76/><U113/><E113/><V83/><F124/><N who="0" m="47690" /><D78/><U65/><E74/><V132/><F132/><W105/><G104/><T73/><D73/><U38/><E47/><V71/><F128/><W123/><G103/><T5/><AGARI ba="0,0" hai="5,9,15,17,22,24,80,84,89,133,135" m="47690" machi="5" ten="30,1100,0" yaku="18,1" doraHai="93" who="0" fromWho="0" sc="205,11,152,-3,288,-5,355,-3" /><INIT seed="3,0,0,3,1,74" ten="216,149,283,352" oya="3" hai0="76,49,12,65,2,61,37,22,95,33,100,86,120" hai1="118,32,64,88,53,135,80,109,89,113,81,27,98" hai2="6,59,40,14,117,82,85,110,93,83,46,97,67" hai3="8,128,38,0,29,35,62,44,28,41,106,129,121"/><W57/><G121/><T4/><D37/><U45/><E113/><V19/><F117/><W39/><G106/><T51/><D33/><U126/><E109/><V119/><F119/><W13/><G0/><T47/><D2/><U63/><E135/><V75/><F75/><W1/><G1/><T50/><D120/><U56/><E126/><V73/><F73/><W84/><G39/><T79/><D47/><U134/><E134/><V15/><F6/><W78/><G35/><T17/><D4/><U23/><E32/><V108/><F14/><W58/><G58/><N who="0" m="37047" /><D100/><U125/><E125/><V52/><F67/><W104/><G104/><T130/><D130/><U24/><E24/><V26/><F26/><W133/><G133/><T54/><D54/><U124/><E118/><V10/><F40/><W91/><G129/><T114/><D114/><U9/><E124/><V25/><F25/><W103/><G103/><T96/><D96/><U92/><E89/><AGARI ba="0,0" hai="12,17,22,49,50,51,76,79,86,89,95" m="37047" machi="89" ten="30,3900,0" yaku="8,1,52,2" doraHai="74" who="0" fromWho="1" sc="216,39,149,-39,283,0,352,0" /><INIT seed="4,0,0,2,2,134" ten="255,110,283,352" oya="0" hai0="97,128,101,91,3,60,95,46,35,109,38,119,73" hai1="104,50,129,36,65,61,12,17,87,13,131,126,77" hai2="34,105,6,9,33,98,7,44,68,70,58,37,106" hai3="19,103,4,30,2,48,45,16,72,127,57,24,49"/><T79/><D35/><N who="2" m="13322" /><F58/><W85/><G72/><T71/><D3/><U112/><E104/><N who="2" m="40043" /><F98/><W118/><G2/><T15/><D119/><U81/><E36/><V18/><F18/><W135/><G4/><T113/><D113/><U114/><E50/><V41/><F6/><W99/><G118/><T26/><D128/><N who="1" m="49227" /><E17/><V123/><F123/><W40/><G85/><T108/><D15/><N who="1" m="5707" /><E61/><V53/><F53/><W117/><G19/><T125/><D26/><U67/><E67/><V31/><F31/><W55/><G16/><T120/><D120/><U5/><E65/><V62/><F62/><W110/><G117/><T90/><D60/><U102/><E102/><V84/><F84/><W96/><G103/><T107/><D71/><N who="2" m="27178" /><F7/><W133/><G55/><T56/><D56/><U43/><E43/><V32/><N who="2" m="13330" /><V116/><DORA hai="115" /><F9/><W29/><G57/><T28/><D101/><U86/><E5/><V25/><F116/><W83/><G99/><T75/><D97/><U8/><E8/><V14/><F14/><W88/><G96/><T10/><D10/><U82/><E112/><V100/><F100/><W27/><G30/><T124/><D28/><U132/><E114/><V66/><F66/><W22/><G29/><T20/><D20/><U69/><E69/><V122/><F122/><W74/><G22/><T52/><D52/><U54/><E54/><V1/><F25/><W51/><G24/><T64/><D64/><U21/><E21/><V92/><F92/><W63/><G27/><T94/><D95/><U42/><E42/><V23/><F23/><W11/><G63/><RYUUKYOKU ba="0,0" sc="255,-10,110,-10,283,30,352,-10" hai2="1,37,41,44" /><INIT seed="5,1,0,2,2,31" ten="245,100,313,342" oya="1" hai0="13,100,80,116,32,106,11,22,101,9,33,34,85" hai1="73,4,2,10,117,51,93,110,53,55,17,133,128" hai2="60,64,122,45,65,115,68,126,54,103,107,90,127" hai3="36,29,1,67,89,70,91,113,109,42,118,41,3"/><U120/><E117/><V86/><F122/><W48/><G109/><T19/><D116/><U56/><E120/><V59/><F115/><W75/><G113/><T77/><D106/><U66/><E73/><V114/><F114/><W130/><G75/><T28/><D28/><U26/><E128/><V24/><F45/><W15/><G36/><T40/><D40/><U5/><E133/><V105/><F24/><W37/><G37/><T96/><D96/><U27/><E66/><V99/><F107/><W58/><G29/><T121/><D121/><U12/><E110/><V71/><F65/><W52/><G15/><T102/><AGARI ba="1,0" hai="9,11,13,19,22,32,33,34,77,80,85,100,101,102" machi="102" ten="40,8000,1" yaku="0,1,52,3" doraHai="31" who="0" fromWho="0" sc="245,83,100,-41,313,-21,342,-21" /><INIT seed="6,0,0,0,5,30" ten="328,59,292,321" oya="2" hai0="79,121,127,76,116,114,99,126,58,98,34,24,103" hai1="53,8,123,38,109,106,88,0,56,65,12,86,7" hai2="36,26,17,14,40,93,10,2,107,11,52,57,22" hai3="72,39,69,4,33,119,122,100,96,135,118,63,117"/><V80/><F107/><N who="3" m="63879" /><G122/><T82/><D121/><U27/><E123/><V20/><F2/><W97/><G97/><T28/><D114/><U31/><E38/><V120/><F120/><W81/><G135/><T75/><D116/><U47/><E109/><V84/><F93/><W111/><G4/><T70/><D70/><U51/><E106/><V59/><F59/><W104/><G104/><T112/><D112/><U61/><E0/><V45/><F22/><W25/><G111/><T43/><D103/><U3/><E3/><V125/><F125/><N who="0" m="47626" /><D79/><U89/><REACH who="1" step="1"/><E86/><REACH who="1" ten="328,49,292,321" step="2"/><V124/><F124/><W115/><G39/><T49/><D75/><U133/><E133/><V50/><REACH who="2" step="1"/><F14/><REACH who="2" ten="328,49,282,321" step="2"/><W19/><G115/><T18/><D98/><U35/><AGARI ba="0,2" hai="7,8,12,27,31,35,47,51,53,56,61,65,88,89" machi="35" ten="20,8000,1" yaku="1,1,0,1,7,1,52,1,54,1,53,0" doraHai="30" doraHaiUra="32" who="1" fromWho="1" sc="328,-20,49,100,282,-40,321,-20" /><INIT seed="7,0,0,1,4,62" ten="308,149,242,301" oya="3" hai0="57,92,108,48,51,101,114,33,16,132,60,79,111" hai1="28,18,127,32,63,72,39,109,61,1,9,113,19" hai2="26,0,130,85,40,81,100,42,27,25,112,15,116" hai3="129,34,93,24,105,31,21,17,22,4,120,6,11"/><W77/><G105/><T58/><D33/><U50/><E109/><V52/><F0/><W35/><G77/><T66/><D132/><U121/><E121/><V46/><F116/><W71/><G71/><T56/><D79/><U70/><E113/><V44/><F112/><W90/><G120/><T53/><D114/><U102/><E127/><V13/><F130/><W30/><G129/><T84/><D111/><U128/><E128/><V131/><F100/><W12/><G93/><T103/><D108/><U29/><E39/><V37/><F131/><W87/><G87/><T119/><D119/><U124/><E124/><V125/><F125/><W133/><G90/><N who="0" m="53319" /><D16/><U41/><E72/><V134/><F134/><W83/><G83/><T74/><D74/><U68/><E1/><V47/><F52/><AGARI ba="0,0" hai="48,51,52,53,56,57,58,60,66,101,103" m="53319" machi="52" ten="30,3900,0" yaku="8,1,52,1,54,1" doraHai="62" who="0" fromWho="2" sc="308,39,149,0,242,-39,301,0" owari="347,44.7,149,-35.1,203,-19.7,301,10.1" /></mjloggm>