<mjloggm ver="2.3"><GO type="169" lobby="0"/><UN n0="%E3%81%93%E3%81%9A" n1="%E3%83%9F%E3%82%B2%E3%83%BC%E3%83%AB%E6%94%B9" n2="%E7%B4%94%E5%85%A8%E5%B8%AF%E4%B8%89%E8%89%B2" n3="%E9%AB%AD%E9%AF%A8" dan="17,16,16,16" rate="2218.60,2217.89,2122.82,2138.37" sx="M,M,M,M"/><TAIKYOKU oya="0"/><INIT seed="0,0,0,0,1,108" ten="250,250,250,250" oya="0" hai0="65,61,63,121,32,122,132,54,46,93,17,3,85" hai1="1,58,4,45,71,55,50,127,30,60,67,94,34" hai2="92,103,114,13,18,101,88,35,84,91,95,25,24" hai3="120,12,33,107,5,77,38,119,78,14,23,56,31"/><T22/><D32/><U27/><E127/><V57/><F114/><W51/><G38/><T16/><D3/><U118/><E118/><V83/><F35/><W44/><G107/><T8/><D132/><U9/><REACH who="1" step="1"/><E94/><REACH who="1" ten="250,240,250,250" step="2"/><V115/><F95/><W64/><G119/><T106/><D106/><U80/><E80/><V134/><F134/><W37/><G120/><T104/><D104/><U66/><E66/><V7/><F115/><W69/><G64/><T81/><D93/><U123/><E123/><V11/><F57/><AGARI ba="0,1" hai="1,4,9,27,30,34,45,50,55,57,58,60,67,71" machi="57" ten="40,1300,0" yaku="1,1,53,0" doraHai="108" doraHaiUra="10" who="1" fromWho="2" sc="250,0,240,23,250,-13,250,0" /><INIT seed="1,0,0,5,1,83" ten="250,263,237,250" oya="1" hai0="4,9,84,49,125,66,120,64,44,130,55,91,14" hai1="89,124,43,22,71,50,68,95,24,69,80,108,74" hai2="67,73,59,131,62,100,102,33,126,2,90,61,52" hai3="105,32,86,28,63,98,7,47,1,88,134,15,132"/><U128/><E128/><V96/><F33/><W113/><G113/><T39/><D130/><U82/><E74/><V115/><F2/><W118/><G1/><T6/><D125/><U45/><E124/><V27/><F73/><W99/><G118/><T85/><D120/><U40/><E40/><V38/><F38/><W65/><G47/><T122/><D122/><U58/><E58/><V8/><F115/><W0/><G0/><T123/><D123/><U87/><REACH who="1" step="1"/><E108/><REACH who="1" ten="250,253,237,250" step="2"/><V133/><F126/><W29/><G132/><T117/><D117/><U57/><E57/><V60/><F131/><W10/><G134/><T104/><D39/><U106/><E106/><V101/><F133/><W21/><G32/><T109/><D109/><U114/><E114/><V110/><F110/><W127/><G105/><T51/><D104/><U31/><AGARI ba="0,1" hai="22,24,31,43,45,50,68,69,71,80,82,87,89,95" machi="31" ten="30,6000,0" yaku="1,1,0,1,52,1,53,0" doraHai="83" doraHaiUra="121" who="1" fromWho="1" sc="250,-20,253,70,237,-20,250,-20" /><INIT seed="1,1,0,1,2,14" ten="230,323,217,230" oya="1" hai0="120,114,129,115,105,27,81,15,121,57,76,89,95" hai1="123,56,36,6,111,49,33,35,86,98,28,101,78" hai2="0,3,26,108,91,79,88,23,22,119,92,21,80" hai3="42,59,53,71,90,124,62,70,65,106,75,40,30"/><U72/><E123/><N who="0" m="47177" /><D27/><U60/><E36/><V103/><F108/><W1/><G75/><N who="0" m="43167" /><D57/><U97/><E72/><V82/><F119/><W94/><G106/><T16/><D105/><U24/><E49/><V20/><F103/><W68/><G124/><T127/><D127/><U87/><E35/><V10/><F10/><W63/><G1/><T31/><D31/><U109/><E6/><V39/><F39/><W84/><REACH who="3" step="1"/><G30/><REACH who="3" ten="230,323,217,220" step="2"/><T122/><D129/><U34/><E33/><V12/><F3/><W69/><AGARI ba="1,1" hai="40,42,53,59,62,63,65,68,69,70,71,84,90,94" machi="69" ten="30,7900,0" yaku="1,1,2,1,0,1,53,1" doraHai="14" doraHaiUra="54" who="3" fromWho="3" sc="230,-21,323,-40,217,-21,220,92" /><INIT seed="2,0,0,2,1,59" ten="209,283,196,312" oya="2" hai0="102,49,57,42,18,15,8,75,124,22,38,48,31" hai1="112,103,36,130,96,46,68,122,9,33,119,107,55" hai2="118,12,80,7,5,56,99,133,100,71,3,63,89" hai3="58,27,113,94,17,111,105,32,1,95,116,126,121"/><V132/><F118/><W97/><G1/><T85/><D75/><U26/><E119/><V106/><F71/><W0/><G0/><T131/><D131/><U98/><E112/><V115/><F3/><W87/><G111/><T24/><D124/><U37/><E130/><V84/><F115/><W6/><G6/><T61/><D102/><U81/><E9/><V76/><F12/><W41/><G121/><T20/><D38/><U92/><E81/><V43/><F43/><W29/><G126/><T108/><D108/><U110/><E110/><V127/><F127/><W34/><G34/><T83/><D42/><U52/><E68/><V13/><F13/><W23/><G105/><T120/><D8/><U104/><E104/><V4/><REACH who="2" step="1"/><F76/><REACH who="2" ten="209,283,186,312" step="2"/><W129/><G41/><T88/><REACH who="0" step="1"/><D120/><REACH who="0" ten="199,283,186,312" step="2"/><U123/><E122/><V19/><F19/><W14/><G129/><T51/><D51/><U54/><E123/><V114/><F114/><W128/><G128/><T30/><D30/><U72/><E37/><V2/><F2/><W79/><G113/><T82/><D82/><U109/><E36/><V65/><AGARI ba="0,2" hai="4,5,7,56,63,65,80,84,89,99,100,106,132,133" machi="65" ten="30,6000,0" yaku="1,1,0,1,52,1,53,0" doraHai="59" doraHaiUra="67" who="2" fromWho="2" sc="199,-20,283,-20,186,80,312,-20" /><INIT seed="2,1,0,3,2,131" ten="179,263,266,292" oya="2" hai0="5,4,132,80,71,56,9,74,64,95,30,86,126" hai1="98,21,36,114,13,93,130,0,33,68,40,46,88" hai2="26,129,20,134,103,110,51,92,133,72,82,127,67" hai3="108,31,61,97,101,14,65,122,75,105,6,50,106"/><V44/><F129/><W89/><G75/><T116/><D71/><U27/><E114/><V17/><F127/><W91/><G122/><T96/><D126/><U47/><E130/><V37/><F37/><W48/><G106/><T87/><D116/><U3/><E68/><V54/><F110/><W120/><G31/><T81/><D74/><U121/><E121/><V16/><F67/><W115/><G108/><T58/><D30/><U85/><E33/><V84/><F72/><W41/><G115/><T73/><D73/><U109/><E13/><V124/><F124/><W99/><G120/><T83/><D64/><U35/><E35/><V23/><F92/><W112/><G112/><T12/><D4/><U62/><E109/><V94/><F94/><W28/><G28/><T11/><D11/><U113/><E113/><V10/><F10/><W78/><G78/><T29/><D29/><U55/><E85/><N who="0" m="32265" /><D132/><N who="2" m="50794" /><F103/><AGARI ba="1,0" hai="5,9,12,56,58,80,81,83,95,96,103" m="32265" machi="103" ten="30,1000,0" yaku="8,1" doraHai="131" who="0" fromWho="2" sc="179,13,263,0,266,-13,292,0" /><INIT seed="3,0,0,4,3,19" ten="192,263,253,292" oya="3" hai0="35,1,7,43,17,58,72,24,102,31,64,16,51" hai1="56,38,11,135,73,110,120,67,79,134,53,65,130" hai2="37,113,49,98,86,103,55,52,109,117,96,59,29" hai3="119,70,23,6,90,118,26,71,5,127,28,100,131"/><W101/><G131/><T21/><D72/><U104/><E104/><V91/><F109/><W93/><G127/><T54/><D43/><U77/><E73/><V8/><F37/><W22/><G26/><T13/><D64/><N who="1" m="24651" /><E120/><V33/><F113/><W87/><G87/><T68/><D68/><U125/><E38/><V66/><F117/><W2/><G93/><T44/><D102/><U83/><E83/><V78/><F78/><W27/><G27/><T97/><D97/><U4/><E130/><V15/><F66/><W40/><G40/><T84/><D84/><U48/><E125/><V95/><F33/><W61/><G61/><T18/><D58/><U57/><E56/><V126/><F29/><W112/><G90/><T76/><D76/><U50/><E48/><V41/><F126/><W32/><G2/><T89/><D89/><U74/><E74/><V14/><F41/><W122/><G32/><T20/><D20/><U34/><E34/><V45/><F8/><AGARI ba="0,0" hai="1,7,8,13,16,17,18,21,24,31,35,44,51,54" machi="8" ten="40,8000,1" yaku="24,2,52,1,54,1" doraHai="19" who="0" fromWho="2" sc="192,80,263,0,253,-80,292,0" /><INIT seed="4,0,0,5,0,82" ten="272,263,173,292" oya="0" hai0="38,63,86,53,5,59,131,43,101,34,16,46,42" hai1="124,25,67,125,20,90,134,126,13,130,114,52,41" hai2="120,119,116,122,55,107,73,19,109,106,45,135,18" hai3="92,94,47,115,48,50,72,37,15,66,33,28,113"/><T71/><D34/><U7/><E41/><V118/><F45/><W129/><G72/><T10/><D131/><U96/><E67/><V100/><F55/><W6/><G37/><T77/><D101/><U102/><E90/><V132/><F73/><W93/><G66/><T117/><D117/><U57/><E130/><V9/><F9/><N who="3" m="4535" /><G129/><T32/><D32/><U14/><E7/><V85/><F100/><W110/><G110/><T88/><D77/><U89/><E89/><V75/><F75/><W133/><G133/><N who="2" m="51273" /><F109/><W1/><G1/><T27/><D71/><U97/><E134/><V30/><F30/><W99/><G47/><T22/><D38/><U23/><E97/><V17/><F85/><W76/><G76/><T68/><D68/><U105/><E114/><N who="3" m="43530" /><G99/><T3/><D46/><U104/><E104/><AGARI ba="0,0" hai="17,18,19,104,106,107,116,118,119,120,122" m="51273" machi="104" ten="40,8000,1" yaku="28,2,12,1,20,1" doraHai="82" who="2" fromWho="1" sc="272,0,263,-80,173,80,292,0" /><INIT seed="5,0,0,0,1,106" ten="272,183,253,292" oya="1" hai0="55,92,91,33,95,58,112,116,37,39,121,23,19" hai1="74,114,29,115,17,105,79,31,130,46,84,4,21" hai2="94,103,61,125,70,87,32,24,22,34,85,119,12" hai3="0,41,62,131,6,28,67,53,100,9,135,104,13"/><U90/><E105/><V52/><F119/><W110/><G110/><T89/><D33/><U134/><E4/><V38/><F38/><W47/><G28/><T80/><D116/><U3/><E3/><V108/><F108/><W14/><G135/><T5/><D5/><U68/><E68/><V65/><F125/><W16/><G131/><T43/><D112/><N who="1" m="43051" /><E134/><V2/><F2/><W20/><G100/><T25/><D80/><N who="1" m="45175" /><E46/><V10/><F34/><W44/><G104/><T75/><D75/><U18/><E130/><V8/><F32/><W1/><G53/><T77/><D77/><U40/><E40/><V78/><F78/><W107/><G107/><T30/><D43/><U111/><E111/><V88/><F103/><W126/><G126/><T76/><D76/><U118/><E118/><V27/><F87/><W101/><G101/><T66/><D66/><U72/><E72/><V86/><F85/><W83/><G83/><T15/><D39/><U51/><E51/><V81/><F81/><W63/><G47/><T124/><D37/><U93/><E18/><N who="2" m="10567" /><F65/><W73/><G73/><T96/><D124/><U69/><E69/><V122/><F70/><W54/><G41/><T82/><D82/><U60/><E60/><V11/><F122/><W71/><G44/><T113/><D121/><U49/><E49/><V129/><F129/><W123/><G123/><T59/><D113/><U98/><E84/><V117/><F117/><W45/><G45/><T99/><D55/><U42/><E42/><V26/><F61/><W48/><G48/><T56/><D56/><U7/><E7/><RYUUKYOKU ba="0,0" sc="272,0,183,0,253,0,292,0" hai0="15,19,23,25,30,58,59,89,91,92,95,96,99" hai1="17,21,29,31,90,93,98" hai2="8,10,11,24,26,27,52,86,88,94" hai3="0,1,6,9,13,14,16,20,54,62,63,67,71" /><INIT seed="5,1,0,2,2,26" ten="272,183,253,292" oya="1" hai0="65,55,46,9,135,58,109,128,122,13,50,111,15" hai1="84,56,42,16,32,112,38,115,44,59,12,67,69" hai2="70,62,85,79,47,103,87,119,124,25,35,8,11" hai3="125,19,6,131,24,130,110,52,53,102,126,68,1"/><U5/><E5/><V0/><F119/><W105/><G68/><T113/><D113/><N who="1" m="43595" /><E32/><V51/><F124/><N who="3" m="47723" /><G110/><T18/><D122/><U2/><E2/><V81/><F103/><W90/><G90/><T120/><D120/><U83/><E69/><V92/><F0/><W123/><G123/><T29/><D135/><U94/><E94/><V114/><F114/><W99/><G6/><T88/><D128/><N who="3" m="49193" /><G1/><T108/><D13/><U49/><E67/><V82/><F92/><W54/><G24/><T71/><D71/><U75/><E75/><V4/><F4/><W17/><AGARI ba="1,0" hai="17,19,52,53,54,99,102,105" m="49193,47723" machi="17" ten="40,5200,0" yaku="18,1,19,1,54,1" doraHai="26" who="3" fromWho="3" sc="272,-14,183,-27,253,-14,292,55" /><INIT seed="6,0,0,1,3,90" ten="258,156,239,347" oya="2" hai0="57,19,47,80,12,36,104,107,33,32,92,67,54" hai1="24,8,89,106,119,103,34,77,121,81,23,40,60" hai2="14,87,37,55,115,50,56,125,1,114,126,69,17" hai3="6,41,53,116,128,49,16,122,62,73,44,63,109"/><V2/><F87/><W35/><G109/><T76/><D67/><U0/><E119/><V93/><F93/><W43/><G35/><T66/><D66/><U52/><E34/><V78/><F78/><W101/><G73/><T96/><D47/><U72/><E40/><V86/><F86/><W135/><G135/><T13/><D36/><U4/><E121/><V124/><F69/><W10/><G128/><T123/><D123/><U29/><E89/><V5/><F37/><W3/><G116/><T83/><D83/><U85/><E72/><V98/><F98/><W82/><G122/><T79/><D79/><U21/><E106/><V25/><F25/><W22/><G101/><T70/><D70/><U39/><E39/><V131/><F131/><W118/><G118/><T58/><D58/><U30/><E103/><V59/><F59/><W129/><G129/><T48/><D32/><U91/><E77/><V46/><F56/><W74/><G74/><T51/><D51/><U38/><E38/><V132/><F132/><W117/><G82/><T26/><D26/><U133/><E133/><V130/><F130/><W61/><G117/><T84/><D12/><U100/><E100/><V97/><F97/><W31/><G31/><T127/><D33/><U27/><E60/><V102/><F102/><W18/><G18/><T68/><D68/><U113/><REACH who="1" step="1"/><E113/><REACH who="1" ten="258,146,239,347" step="2"/><N who="2" m="43019" /><F5/><W94/><G6/><T65/><D104/><U108/><E108/><V71/><F71/><W88/><G62/><T20/><D107/><U99/><E99/><V9/><AGARI ba="0,1" hai="1,2,9,14,17,46,50,55,124,125,126" m="43019" machi="9" ten="40,3900,0" yaku="18,1,15,1" doraHai="90" who="2" fromWho="2" sc="258,-13,146,-13,239,49,347,-13" /><INIT seed="6,1,0,2,3,7" ten="245,133,288,334" oya="2" hai0="128,16,41,109,24,14,67,19,36,102,58,105,89" hai1="43,20,100,76,87,2,80,122,99,62,3,81,82" hai2="90,37,86,6,9,104,79,12,135,28,63,61,71" hai3="8,126,32,15,94,27,21,101,38,113,112,54,57"/><V96/><F37/><W108/><G108/><T39/><D109/><U51/><E122/><V74/><F135/><W35/><G38/><T46/><D128/><U56/><E3/><V134/><F134/><W48/><G101/><T106/><D89/><U50/><E2/><V60/><F28/><W75/><G94/><T1/><D1/><U10/><E20/><V93/><F71/><W45/><G75/><T120/><D120/><U13/><E99/><V65/><F65/><W55/><G126/><T26/><D39/><U23/><E23/><V49/><F49/><N who="1" m="18441" /><E100/><N who="2" m="62471" /><F63/><N who="3" m="36279" /><G21/><T34/><D102/><U31/><E31/><V91/><F91/><W119/><G119/><T66/><D66/><N who="1" m="39239" /><E43/><V129/><F129/><W84/><G84/><T107/><D34/><U25/><E25/><V72/><F72/><W95/><G95/><T123/><D123/><U5/><AGARI ba="1,0" hai="5,10,13,76,80,81,82,87" m="39239,18441" machi="5" ten="30,2000,0" yaku="8,1,52,1" doraHai="7" who="1" fromWho="1" sc="245,-6,133,23,288,-11,334,-6" /><INIT seed="7,0,0,4,2,38" ten="239,156,277,328" oya="3" hai0="114,73,7,28,27,82,132,46,39,113,111,16,57" hai1="72,10,58,126,68,108,36,90,99,129,41,66,48" hai2="31,35,13,130,32,93,75,76,104,107,0,88,53" hai3="59,133,127,34,112,25,50,42,24,1,103,115,63"/><W101/><G1/><T67/><D111/><U18/><E72/><V61/><F0/><W51/><G127/><T79/><D132/><U128/><E99/><V56/><F130/><N who="1" m="50281" /><E90/><V89/><F89/><W21/><G133/><T26/><D7/><U92/><E92/><V96/><F31/><W54/><G50/><T97/><D97/><U120/><E10/><V23/><F23/><W11/><G11/><T98/><D98/><U2/><E2/><V60/><F13/><W109/><G109/><T122/><D122/><U8/><E8/><V47/><F47/><N who="3" m="26103" /><G34/><T83/><D83/><U15/><E15/><V81/><F61/><W118/><G118/><T49/><D39/><U30/><E18/><V100/><F107/><W77/><G77/><T20/><D57/><U116/><E30/><V3/><F3/><W71/><G71/><T124/><D67/><U117/><E108/><V91/><F91/><W131/><G131/><T12/><D124/><U64/><E126/><V106/><F106/><W69/><G69/><T5/><D5/><U84/><E84/><AGARI ba="0,0" hai="32,35,53,56,60,75,76,81,84,88,93,96,100,104" machi="84" ten="30,7700,0" yaku="7,1,24,2,54,1" doraHai="38" who="2" fromWho="1" sc="239,0,156,-77,277,77,328,0" owari="239,-16.1,79,-42.1,354,45.4,328,12.8" /></mjloggm>