<mjloggm ver="2.3"><GO type="169" lobby="0"/><UN n0="%65%76%69%61%6E%36%31%39" n1="%E9%A6%AC%E3%81%AE%E8%80%B3%E3%81%AB%E5%BF%B5%E4%BB%8F" n2="%E3%81%8B%E3%82%81%E3%81%98%E3%82%8D%E3%81%86" n3="%E3%83%97%E3%83%AC%E3%82%B9%E3%83%97" dan="16,17,16,16" rate="2097.79,2177.58,2167.81,2197.19" sx="M,M,M,M"/><TAIKYOKU oya="0"/><INIT seed="0,0,0,4,1,36" ten="250,250,250,250" oya="0" hai0="14,47,84,125,59,23,107,51,28,74,40,110,106" hai1="85,34,42,49,119,0,96,21,17,62,46,2,86" hai2="52,118,33,88,32,57,72,135,128,102,38,30,37" hai3="44,104,35,97,108,122,111,123,1,100,25,93,87"/><T67/><D74/><U55/><E34/><V56/><F72/><W13/><G1/><T75/><D75/><U129/><E129/><V48/><F128/><W11/><G44/><T98/><D125/><U77/><E119/><V95/><F135/><W9/><G25/><T8/><D98/><U80/><E96/><V54/><F102/><W18/><G35/><T27/><D110/><N who="3" m="42025" /><G11/><T58/><D84/><U45/><E86/><V65/><F118/><W91/><AGARI ba="0,0" hai="9,13,18,87,91,93,97,100,104,122,123" m="42025" machi="91" ten="30,1100,0" yaku="14,1" doraHai="36" who="3" fromWho="3" sc="250,-5,250,-3,250,-3,250,11" /><INIT seed="1,0,0,4,2,54" ten="245,247,247,261" oya="1" hai0="63,89,69,14,72,47,13,124,105,102,4,29,11" hai1="74,65,103,123,28,111,83,31,25,99,7,88,82" hai2="67,18,116,91,41,30,78,120,130,79,24,20,35" hai3="45,56,76,9,61,126,33,52,121,62,1,77,127"/><U46/><E123/><V118/><F120/><W5/><G33/><T125/><D72/><U92/><E111/><V95/><F130/><W114/><G121/><T19/><D89/><U23/><E7/><V42/><F42/><W104/><G104/><T115/><D47/><U101/><E74/><V113/><F113/><W6/><G114/><T60/><D29/><U15/><E15/><V53/><F41/><W134/><G134/><T81/><D81/><U109/><E109/><V55/><F67/><W48/><G6/><T87/><D87/><U71/><E46/><V94/><F94/><W38/><G38/><T16/><D4/><U106/><E31/><V128/><F128/><W98/><G98/><T90/><D90/><U66/><E103/><V8/><F8/><W86/><G62/><T80/><D80/><U64/><REACH who="1" step="1"/><E71/><REACH who="1" ten="245,237,247,261" step="2"/><V75/><F75/><W96/><G5/><T119/><D115/><U112/><E112/><V122/><F122/><W108/><G108/><T27/><D69/><U0/><E0/><V100/><F100/><W73/><G1/><T49/><D102/><U44/><E44/><V12/><F116/><W59/><G45/><T85/><D14/><U51/><E51/><V110/><F118/><W2/><G73/><T135/><D49/><U37/><E37/><V57/><F110/><W22/><G2/><T129/><D119/><U133/><E133/><V3/><F3/><W117/><G48/><T84/><D135/><U40/><E40/><V131/><F131/><W17/><G117/><T26/><D129/><U21/><E21/><V34/><F20/><RYUUKYOKU ba="0,1" sc="245,-10,237,30,247,-10,261,-10" hai1="23,25,28,64,65,66,82,83,88,92,99,101,106" /><INIT seed="1,1,1,0,0,125" ten="235,267,237,251" oya="1" hai0="109,96,115,106,61,65,39,113,35,58,43,62,15" hai1="30,107,127,2,103,46,124,88,37,54,27,13,91" hai2="73,31,48,90,14,118,104,134,67,59,95,63,84" hai3="4,92,101,47,3,81,1,93,32,68,52,22,87"/><U89/><E2/><V120/><F120/><W5/><G32/><T44/><D35/><U131/><E13/><V123/><F123/><W40/><G68/><T26/><D15/><U11/><E11/><V116/><F134/><W70/><G70/><T135/><D26/><U23/><E131/><V72/><F104/><W85/><G22/><T41/><D96/><U97/><REACH who="1" step="1"/><E54/><REACH who="1" ten="235,257,237,251" step="2"/><V0/><F0/><W76/><G52/><T77/><D65/><U45/><E45/><V102/><F14/><W20/><G3/><T126/><D44/><U51/><E51/><V12/><F48/><W53/><G53/><T132/><D132/><U9/><E9/><V25/><F12/><W99/><G1/><T130/><D135/><U60/><E60/><V69/><F116/><W8/><G8/><T17/><D130/><U78/><E78/><V129/><F118/><W105/><G47/><T66/><D77/><U6/><E6/><V128/><F129/><W50/><G50/><T24/><D61/><U114/><E114/><V71/><F128/><W75/><G5/><T21/><D62/><U56/><E56/><V29/><F71/><W33/><G4/><T86/><D58/><U100/><E100/><V42/><F69/><W110/><G76/><T133/><D133/><U117/><E117/><V80/><F102/><W55/><G55/><T121/><D115/><U74/><E74/><V111/><F72/><W64/><G75/><T119/><D113/><U94/><E94/><V36/><F95/><W122/><G93/><T82/><D119/><U38/><E38/><V19/><F36/><RYUUKYOKU ba="1,2" sc="235,-10,257,30,237,-10,251,-10" hai1="23,27,30,37,46,88,89,91,97,103,107,124,127" /><INIT seed="1,2,2,0,3,68" ten="225,287,227,241" oya="1" hai0="7,10,103,41,6,25,61,85,90,62,31,107,92" hai1="70,42,100,127,8,63,97,125,79,77,54,26,9" hai2="40,1,76,114,88,73,96,50,64,17,91,18,53" hai3="3,86,37,84,34,106,128,83,71,78,22,15,80"/><U20/><E42/><V89/><F1/><W112/><G34/><T111/><D111/><U66/><E54/><V23/><F114/><W65/><G112/><T5/><D107/><U21/><E79/><V36/><F64/><W99/><G3/><T117/><D117/><U57/><E77/><V120/><F120/><W55/><G128/><T119/><D119/><U14/><E70/><V113/><F113/><W16/><G55/><T101/><D41/><U105/><E9/><V48/><F96/><W29/><G29/><T104/><D10/><U116/><E116/><V51/><F53/><W81/><G37/><T123/><D123/><U124/><REACH who="1" step="1"/><E26/><REACH who="1" ten="225,277,227,241" step="2"/><V69/><F69/><W4/><G71/><T39/><D5/><AGARI ba="2,3" hai="5,8,14,20,21,57,63,66,97,100,105,124,125,127" machi="5" ten="40,7700,0" yaku="1,1,2,1,18,1,53,0" doraHai="68" doraHaiUra="27" who="1" fromWho="0" sc="225,-83,277,113,227,0,241,0" /><INIT seed="1,3,0,2,2,47" ten="142,390,227,241" oya="1" hai0="97,40,119,3,79,17,81,135,6,41,130,85,89" hai1="57,104,73,16,55,65,42,62,74,39,122,25,95" hai2="8,61,132,1,71,123,34,106,78,82,102,60,23" hai3="21,52,127,83,63,109,129,121,90,2,75,13,9"/><U88/><E104/><V91/><F123/><W70/><G121/><T10/><D135/><U5/><E122/><V92/><F132/><W26/><G109/><T59/><D130/><U93/><E39/><V108/><F108/><W76/><G127/><T28/><D119/><U54/><E42/><V50/><F34/><W43/><G129/><T0/><D0/><U101/><E5/><V116/><F116/><W56/><G2/><T32/><D28/><U99/><E74/><V4/><F23/><W69/><G43/><T46/><D32/><U48/><E73/><V38/><F38/><W15/><G90/><T51/><D59/><U124/><E124/><V118/><F118/><W131/><G131/><T36/><D36/><U117/><E117/><V100/><F71/><W87/><G75/><T45/><D17/><U98/><E48/><V58/><F82/><W64/><G9/><T12/><D3/><U49/><E49/><V125/><F78/><W31/><REACH who="3" step="1"/><G70/><REACH who="3" ten="142,390,227,231" step="2"/><T33/><D33/><U80/><E80/><V14/><F1/><W30/><G30/><T115/><D115/><U113/><E113/><V111/><F111/><W86/><G86/><T134/><D134/><U18/><E18/><V126/><F125/><W24/><G24/><T27/><D27/><U72/><E72/><V94/><F126/><W11/><G11/><T110/><D110/><U22/><AGARI ba="3,1" hai="16,22,25,54,55,57,62,65,88,93,95,98,99,101" machi="22" ten="30,11700,0" yaku="0,1,8,1,54,2" doraHai="47" who="1" fromWho="1" sc="142,-42,390,136,227,-42,231,-42" /><INIT seed="1,4,0,2,5,52" ten="100,526,185,189" oya="1" hai0="78,62,31,20,106,80,11,111,122,69,76,102,58" hai1="49,65,27,134,110,5,82,8,18,77,10,70,93" hai2="21,16,37,30,94,66,135,22,127,123,35,24,121" hai3="114,53,86,100,13,126,112,60,101,128,6,99,56"/><U46/><E134/><V33/><F37/><W23/><G126/><T15/><D111/><U47/><E110/><V1/><F66/><W44/><G128/><T133/><D69/><U67/><E93/><V4/><F94/><W115/><G86/><T95/><D106/><U74/><E70/><V51/><F51/><W43/><G99/><T91/><D133/><U38/><E10/><N who="2" m="2319" /><F135/><W72/><G72/><T42/><D42/><U54/><E18/><V59/><F59/><W97/><G97/><T64/><D122/><N who="2" m="46602" /><F127/><W40/><G40/><T75/><D75/><U29/><E46/><V12/><AGARI ba="4,0" hai="12,16,21,22,24,30,33,35" m="46602,2319" machi="12" ten="30,4000,0" yaku="34,2,54,1" doraHai="52" who="2" fromWho="2" sc="100,-14,526,-24,185,52,189,-14" /><INIT seed="2,0,0,1,4,51" ten="86,502,237,175" oya="2" hai0="81,61,47,56,14,22,109,49,102,111,119,82,17" hai1="80,99,1,36,15,71,125,92,27,3,121,70,95" hai2="32,107,100,113,105,53,106,8,115,116,90,134,66" hai3="21,76,5,64,31,25,133,118,35,50,112,41,110"/><V59/><F116/><W104/><G118/><T9/><D119/><U122/><E15/><V75/><F32/><W60/><G110/><T68/><D68/><U0/><E36/><V127/><F75/><W84/><G133/><T130/><D130/><U91/><E80/><V13/><F134/><W30/><G5/><T94/><D111/><U62/><E62/><V103/><F127/><W57/><G104/><T18/><D109/><U89/><E27/><V129/><F129/><W78/><G112/><T10/><D94/><U29/><E29/><V2/><F66/><W63/><G63/><T77/><D102/><U87/><E125/><V108/><F2/><W54/><G41/><T86/><D82/><U45/><E45/><V128/><F108/><W11/><G11/><T33/><D33/><U74/><E74/><V20/><F20/><W120/><G120/><AGARI ba="0,0" hai="0,1,3,70,71,87,89,91,92,95,99,120,121,122" machi="120" ten="50,1600,0" yaku="13,1" doraHai="51" who="1" fromWho="3" sc="86,0,502,16,237,0,175,-16" /><INIT seed="3,0,0,0,2,114" ten="86,518,237,159" oya="3" hai0="73,127,30,59,19,1,115,12,8,120,41,91,27" hai1="79,107,53,22,109,57,29,71,111,81,102,7,23" hai2="67,104,99,108,13,58,2,85,18,116,121,10,60" hai3="32,5,78,75,97,123,66,83,25,61,33,124,4"/><W52/><G123/><T110/><D73/><U20/><E71/><V118/><F121/><W92/><G124/><T48/><D110/><N who="1" m="41995" /><E7/><V42/><F108/><W112/><G112/><T62/><D127/><U96/><E29/><V129/><F129/><W15/><G15/><T88/><D115/><U40/><E40/><V76/><F42/><W35/><G25/><T77/><D77/><U80/><E79/><V131/><F131/><W119/><G119/><T68/><D120/><U125/><E125/><V55/><F2/><W84/><G75/><T28/><D1/><U38/><E38/><V50/><F104/><W51/><G61/><AGARI ba="0,0" hai="20,22,23,53,57,61,80,81,96,102,107" m="41995" machi="61" ten="30,1000,0" yaku="14,1" doraHai="114" who="1" fromWho="3" sc="86,0,518,10,237,0,159,-10" /><INIT seed="4,0,0,3,4,26" ten="86,528,237,149" oya="0" hai0="74,48,110,37,87,103,111,63,34,102,27,25,115" hai1="75,117,58,101,76,109,79,31,9,133,84,64,86" hai2="66,56,5,53,128,52,130,98,30,11,1,8,70" hai3="113,126,22,104,54,108,2,105,81,119,17,135,92"/><T50/><D74/><U57/><E9/><V14/><F98/><W42/><G119/><T38/><D87/><U44/><E44/><V68/><F53/><W0/><G108/><T122/><D63/><U72/><E101/><V47/><F47/><W62/><G113/><T107/><D115/><U60/><E109/><V7/><F30/><W36/><G126/><T82/><D34/><U85/><E31/><V131/><F66/><W16/><G135/><T18/><D18/><U118/><E133/><V116/><REACH who="2" step="1"/><F116/><REACH who="2" ten="86,528,227,149" step="2"/><W99/><G54/><T127/><D127/><U4/><E64/><V96/><F96/><W43/><G99/><T41/><D41/><U33/><E117/><V65/><F65/><W28/><G43/><T51/><D51/><AGARI ba="0,1" hai="1,5,7,8,11,14,51,52,56,68,70,128,130,131" machi="51" ten="40,5200,0" yaku="1,1,19,1,54,1,53,0" doraHai="26" doraHaiUra="121" who="2" fromWho="0" sc="86,-52,528,0,227,62,149,0" /><INIT seed="5,0,0,4,3,69" ten="34,528,289,149" oya="1" hai0="122,126,43,47,106,114,39,66,130,59,9,76,117" hai1="56,38,72,14,109,131,93,48,85,129,77,40,30" hai2="71,108,81,49,33,54,60,119,82,115,102,74,32" hai3="128,4,62,3,97,51,11,92,1,67,88,80,52"/><U27/><E72/><V132/><F119/><W113/><G128/><T127/><D76/><U100/><E14/><V57/><F108/><W41/><G113/><T99/><D9/><U112/><E112/><V87/><F115/><W6/><G41/><T94/><D94/><U89/><E100/><V70/><F132/><W28/><G28/><T37/><D99/><U16/><E77/><V125/><F125/><N who="0" m="47626" /><D106/><U96/><E85/><V13/><F102/><W8/><G80/><T83/><D83/><U98/><E98/><V22/><F74/><W25/><G25/><T21/><D21/><U24/><E24/><V10/><F22/><W23/><G23/><T20/><D20/><N who="1" m="13703" /><E30/><V65/><F71/><W95/><G95/><T50/><D114/><U124/><E124/><V61/><F61/><W0/><G0/><T63/><D130/><U26/><E26/><V133/><F133/><W86/><G97/><T84/><D84/><U135/><E89/><V19/><F81/><W116/><G116/><T55/><D117/><U18/><E93/><V120/><F120/><W104/><G104/><T101/><D101/><U64/><E96/><V53/><F53/><W91/><G86/><T7/><D7/><U46/><E18/><V134/><F134/><W31/><G31/><T58/><D122/><U78/><E78/><AGARI ba="0,0" hai="10,13,19,32,33,49,54,57,60,65,70,78,82,87" machi="78" ten="30,1000,0" yaku="7,1" doraHai="69" who="2" fromWho="1" sc="34,0,528,-10,289,10,149,0" /><INIT seed="6,0,0,4,1,111" ten="34,518,299,149" oya="2" hai0="63,35,29,21,46,116,128,120,53,0,74,108,81" hai1="114,78,133,37,13,54,121,23,85,90,56,61,80" hai2="84,79,77,18,47,95,41,129,112,83,2,44,34" hai3="89,51,45,9,94,14,72,17,91,40,97,93,66"/><V123/><F123/><W75/><REACH who="3" step="1"/><G66/><REACH who="3" ten="34,518,299,139" step="2"/><T58/><D108/><U69/><E121/><V130/><F129/><W55/><G55/><T12/><D120/><U68/><E133/><V4/><F130/><W31/><G31/><T100/><D128/><U105/><E69/><V6/><F2/><W103/><G103/><T124/><D116/><U119/><E68/><V118/><F118/><W16/><G16/><T82/><D124/><U131/><E54/><V126/><F126/><W71/><G71/><T76/><D0/><U50/><E131/><V107/><F18/><W7/><G7/><T30/><D100/><U113/><E119/><V96/><F6/><W65/><G65/><T11/><D35/><U48/><E105/><V49/><F4/><W70/><G70/><T64/><D21/><U99/><E37/><V98/><F34/><W87/><AGARI ba="0,1" hai="9,14,17,40,45,51,72,75,87,89,91,93,94,97" machi="87" ten="20,5200,0" yaku="21,2,0,1,7,1,53,0" doraHai="111" doraHaiUra="110" who="3" fromWho="3" sc="34,-13,518,-13,299,-26,139,62" /><INIT seed="7,0,0,2,3,40" ten="21,505,273,201" oya="3" hai0="91,42,62,129,100,54,69,119,45,126,44,74,36" hai1="98,27,121,57,84,18,94,56,29,123,47,110,0" hai2="83,85,21,58,96,25,125,46,81,10,106,112,77" hai3="116,50,72,71,66,130,65,22,26,3,127,4,88"/><W78/><G116/><T2/><D91/><U31/><E110/><V39/><F112/><W113/><G113/><T43/><D100/><U82/><E0/><V13/><F125/><W132/><G127/><T134/><D2/><U15/><E121/><V28/><F106/><W107/><G107/><T23/><D23/><N who="1" m="15615" /><E31/><V131/><F131/><W55/><G130/><T16/><D16/><U105/><E47/><V86/><F96/><W20/><G132/><T14/><D14/><U52/><E52/><V124/><F124/><W122/><G122/><T67/><D74/><U97/><E123/><V99/><F99/><N who="1" m="37897" /><E94/><V90/><F58/><W102/><G102/><T104/><D104/><U120/><E120/><V80/><F39/><W70/><G88/><T11/><D11/><N who="1" m="6527" /><E105/><V63/><F63/><W95/><G95/><T8/><D8/><U7/><E7/><N who="2" m="3295" /><F46/><N who="3" m="28119" /><G4/><T103/><D103/><U73/><E73/><V87/><F77/><AGARI ba="0,0" hai="56,57,77,82,84" m="6527,37897,15615" machi="77" ten="30,1000,0" yaku="8,1" doraHai="40" who="1" fromWho="2" sc="21,0,505,10,273,-10,201,0" owari="21,-47.9,515,61.5,263,6.3,201,-19.9" /></mjloggm>