<mjloggm ver="2.3"><GO type="169" lobby="0"/><UN n0="%E5%A4%A7%E4%BB%81%E7%94%B0%E8%96%84" n1="%6F%67%75%6B%65%6E" n2="%E3%81%B5%E3%81%9F%E3%81%97%E3%81%8A" n3="%E6%8E%A2%39" dan="17,16,16,17" rate="2168.24,2157.94,2056.69,2185.83" sx="M,M,M,M"/><TAIKYOKU oya="0"/><INIT seed="0,0,0,1,1,76" ten="250,250,250,250" oya="0" hai0="31,122,67,65,7,111,4,23,103,115,29,25,58" hai1="63,37,59,18,94,131,1,16,44,89,100,105,109" hai2="48,117,133,97,26,72,19,51,95,24,55,112,3" hai3="80,119,84,132,27,21,36,88,96,127,9,79,66"/><T38/><D122/><U126/><E1/><V64/><F112/><W40/><G119/><T69/><D115/><U91/><E109/><V75/><F3/><W49/><G127/><T110/><D38/><U20/><E126/><V30/><F117/><W85/><G132/><T52/><D103/><U28/><E131/><V128/><F128/><W39/><G66/><N who="0" m="25099" /><D69/><U81/><E105/><V101/><F133/><W8/><G96/><T15/><D31/><U32/><E32/><V82/><F64/><W46/><G39/><T120/><D15/><U43/><E100/><V33/><F24/><W118/><G36/><T104/><D104/><U87/><E28/><V2/><F2/><W74/><G74/><T114/><D120/><U130/><E130/><V56/><F19/><N who="3" m="12735" /><G118/><T14/><D14/><U11/><E11/><V93/><F48/><W113/><G113/><T42/><D42/><U129/><E129/><V70/><F70/><W10/><G8/><T12/><D12/><U68/><E68/><V83/><REACH who="2" step="1"/><F95/><AGARI ba="0,0" hai="9,10,40,46,49,79,80,84,85,88,95" m="12735" machi="95" ten="30,3900,0" yaku="8,1,52,1,54,1" doraHai="76" who="3" fromWho="2" sc="250,0,250,0,250,-39,250,39" /><INIT seed="1,0,0,1,5,134" ten="250,250,211,289" oya="1" hai0="66,85,22,37,115,23,56,78,108,46,100,19,135" hai1="92,113,8,40,83,20,93,121,49,43,45,82,61" hai2="16,31,12,99,34,102,110,76,112,74,69,29,9" hai3="130,111,25,13,84,62,118,42,96,59,30,88,116"/><U17/><E113/><V122/><F122/><W125/><G42/><T104/><D115/><U44/><E121/><V4/><F112/><W90/><G111/><T5/><D108/><U26/><E8/><V123/><F123/><W124/><G13/><T32/><D32/><U41/><E61/><V65/><F110/><W80/><G130/><T11/><D135/><U0/><E0/><V54/><F34/><N who="3" m="20815" /><G90/><T72/><D72/><U39/><E43/><V129/><F129/><W98/><G98/><T97/><D19/><U21/><E21/><V126/><F65/><N who="3" m="39135" /><G96/><T133/><D37/><U107/><E107/><V36/><F69/><W2/><G2/><T132/><D46/><U24/><E24/><V109/><F36/><W53/><G53/><T101/><D101/><U60/><E60/><V57/><F4/><W68/><G68/><T89/><D78/><U131/><E131/><V33/><F109/><W86/><G86/><T70/><D70/><U127/><E83/><V28/><F33/><W128/><G128/><T63/><D133/><U87/><E93/><V50/><F76/><W10/><G10/><T14/><D132/><U51/><E92/><AGARI ba="0,0" hai="5,11,14,22,23,56,63,66,85,89,92,97,100,104" machi="92" ten="30,1000,0" yaku="7,1" doraHai="134" who="0" fromWho="1" sc="250,10,250,-10,211,0,289,0" /><INIT seed="2,0,0,5,0,132" ten="260,240,211,289" oya="2" hai0="5,34,49,0,85,26,107,112,105,44,51,88,115" hai1="92,23,39,127,109,119,13,40,94,113,9,65,121" hai2="97,12,114,90,27,87,125,20,36,103,99,3,93" hai3="33,102,80,78,7,58,120,2,83,89,76,25,67"/><V91/><F114/><W117/><G117/><T79/><D79/><U133/><E113/><V101/><F3/><W82/><G120/><T35/><D5/><U108/><E119/><V71/><F36/><W14/><G2/><T52/><D0/><U1/><E133/><V21/><F71/><W56/><G102/><T15/><D15/><U63/><E121/><V84/><F12/><W135/><G135/><T50/><D50/><U28/><E1/><V54/><F125/><W30/><G89/><T64/><D64/><U11/><E127/><V98/><F54/><W68/><G68/><T17/><D35/><U129/><E129/><V38/><F38/><W43/><G43/><T106/><D49/><U41/><E9/><V95/><REACH who="2" step="1"/><F20/><REACH who="2" ten="260,240,201,289" step="2"/><N who="3" m="15655" /><G67/><T10/><D10/><U22/><E39/><V128/><F128/><W123/><G123/><T116/><D116/><U59/><E41/><V6/><F6/><W61/><G33/><T16/><D112/><U19/><E40/><V31/><AGARI ba="0,1" hai="21,27,31,84,87,90,91,93,95,97,98,99,101,103" machi="31" ten="30,11700,0" yaku="1,1,0,1,9,1,8,1,53,0" doraHai="132" doraHaiUra="70" who="2" fromWho="2" sc="260,-39,240,-39,201,127,289,-39" /><INIT seed="2,1,0,5,0,75" ten="221,201,328,250" oya="2" hai0="12,31,110,113,17,39,34,59,121,55,117,22,129" hai1="104,92,76,36,37,51,30,2,63,87,57,103,50" hai2="114,64,28,46,68,15,123,65,81,13,33,7,8" hai3="106,95,42,26,84,21,71,119,19,61,99,79,3"/><V54/><F114/><W48/><G119/><T14/><D39/><U90/><E2/><V97/><F123/><W89/><G3/><T125/><D121/><U27/><E37/><V23/><F33/><W62/><G71/><T94/><D113/><U24/><E36/><V67/><F97/><W78/><G106/><T9/><D110/><U38/><E38/><V43/><F54/><W4/><G4/><T60/><D125/><U40/><E40/><V49/><F81/><W130/><G130/><T16/><D129/><U132/><E132/><V135/><F135/><W105/><G105/><T47/><D117/><U1/><E1/><V115/><F115/><W45/><G84/><T73/><D73/><U41/><E41/><V20/><F28/><W29/><G29/><T128/><D128/><U96/><E76/><AGARI ba="1,0" hai="19,21,26,42,45,48,61,62,76,78,79,89,95,99" machi="76" ten="40,8000,1" yaku="8,1,52,3" doraHai="75" who="3" fromWho="1" sc="221,0,201,-83,328,0,250,83" /><INIT seed="3,0,0,1,0,133" ten="221,118,328,333" oya="3" hai0="83,1,57,38,85,123,122,35,118,46,99,73,50" hai1="95,51,45,39,130,115,44,24,52,86,61,125,31" hai2="41,109,121,88,116,55,7,91,100,74,94,9,32" hai3="110,111,5,12,13,129,30,135,4,81,93,98,105"/><W33/><G105/><T62/><D38/><U25/><E115/><V2/><F116/><W56/><G135/><T104/><D73/><U102/><E130/><V20/><F32/><W37/><G37/><T67/><D1/><U92/><E25/><V18/><F74/><W75/><G129/><T90/><D35/><U89/><E61/><V27/><F109/><N who="3" m="41483" /><G56/><T65/><D67/><U10/><E10/><V66/><F41/><W78/><G30/><T3/><D3/><U119/><E119/><V82/><F66/><W17/><G33/><T29/><D29/><U76/><E76/><V114/><F114/><W14/><G17/><T126/><D118/><U69/><E69/><V71/><F71/><W124/><G124/><T131/><D126/><U70/><E70/><V84/><F121/><W49/><G49/><T72/><D72/><U22/><E125/><V113/><F113/><W127/><G127/><T36/><D36/><U0/><E39/><V60/><F60/><W134/><G134/><T43/><D131/><U117/><E117/><V106/><F106/><W23/><G23/><T68/><D68/><U11/><E44/><V64/><F64/><W16/><G16/><T54/><D65/><U15/><E45/><V79/><F55/><W77/><G78/><T103/><AGARI ba="0,0" hai="43,46,50,54,57,62,83,85,90,99,103,104,122,123" machi="103" ten="30,1100,0" yaku="0,1" doraHai="133" who="0" fromWho="0" sc="221,11,118,-3,328,-3,333,-5" /><INIT seed="4,0,0,1,2,120" ten="232,115,325,328" oya="0" hai0="56,134,132,87,91,68,102,7,95,64,14,73,5" hai1="12,131,101,114,34,2,62,126,45,97,105,119,75" hai2="6,55,127,48,54,79,99,77,27,60,100,96,124" hai3="28,69,3,39,20,86,115,128,16,53,4,1,17"/><T41/><D73/><U13/><E119/><V116/><F116/><W74/><G74/><T44/><D68/><U113/><E2/><V19/><F6/><W65/><G53/><T36/><D102/><U92/><E34/><V130/><F130/><W104/><G86/><T129/><D129/><U78/><E131/><V21/><F60/><W25/><G39/><T8/><REACH who="0" step="1"/><D5/><REACH who="0" ten="222,115,325,328" step="2"/><U31/><E75/><V84/><F100/><W117/><G4/><T89/><D89/><U40/><E101/><V59/><F77/><W118/><G69/><T103/><D103/><U70/><E78/><V133/><F79/><W67/><G128/><T121/><D121/><U46/><E70/><V125/><F125/><W35/><G118/><T50/><D50/><U52/><E126/><V49/><F127/><W109/><G117/><T38/><D38/><U106/><E105/><V76/><F124/><W85/><G104/><T88/><D88/><U90/><E106/><V123/><F123/><W24/><G1/><T72/><D72/><U29/><E90/><V47/><F133/><W11/><G3/><T18/><D18/><U63/><E63/><AGARI ba="0,1" hai="7,8,14,36,41,44,56,63,64,87,91,95,132,134" machi="63" ten="40,2000,0" yaku="1,1,53,0" doraHai="120" doraHaiUra="32" who="0" fromWho="1" sc="222,30,115,-20,325,0,328,0" /><INIT seed="4,1,0,2,2,65" ten="252,95,325,328" oya="0" hai0="132,29,56,28,19,129,88,107,0,87,11,89,127" hai1="21,30,5,41,32,55,99,118,26,77,20,37,110" hai2="135,34,78,92,31,95,64,48,2,50,47,72,60" hai3="51,71,59,79,7,109,53,90,102,86,70,121,120"/><T13/><D127/><U38/><E118/><V81/><F2/><W17/><G109/><T103/><D129/><U134/><E110/><V130/><F130/><W67/><G7/><T104/><D132/><U22/><E134/><V49/><F135/><W36/><G36/><T46/><D0/><U106/><E77/><V91/><F31/><W74/><G102/><T119/><D119/><U75/><E75/><V122/><F34/><W116/><G67/><T126/><D126/><U82/><E82/><V24/><F24/><W25/><G116/><T105/><D103/><U15/><E55/><V1/><F1/><W8/><G79/><T27/><D56/><U33/><E33/><V6/><F6/><W124/><G74/><T133/><D133/><U40/><E106/><V3/><F3/><W115/><G115/><T61/><D61/><U16/><E99/><V111/><F122/><N who="3" m="47211" /><G124/><T43/><D87/><U23/><REACH who="1" step="1"/><E5/><REACH who="1" ten="252,85,325,328" step="2"/><V68/><F111/><W73/><G73/><T128/><D128/><U45/><E45/><V9/><F47/><W101/><G101/><T12/><D46/><U94/><E94/><V100/><F92/><N who="3" m="54359" /><G8/><T113/><D105/><U14/><E14/><V93/><F100/><W76/><G76/><T114/><D11/><U10/><E10/><V80/><F9/><W85/><G85/><T62/><D27/><U66/><E66/><V58/><F72/><W52/><G53/><T123/><D123/><U44/><E44/><V54/><F78/><W112/><G112/><T131/><D131/><U18/><E18/><V83/><F95/><W42/><G42/><AGARI ba="1,1" hai="15,16,20,21,22,23,26,30,32,37,38,40,41,42" machi="42" ten="40,5200,0" yaku="1,1,6,1,54,1,53,0" doraHai="65" doraHaiUra="63" who="1" fromWho="3" sc="252,0,85,65,325,0,328,-55" /><INIT seed="5,0,0,2,1,121" ten="252,150,325,273" oya="1" hai0="74,57,27,32,79,59,63,24,113,46,29,132,104" hai1="112,12,58,130,116,19,70,91,3,16,4,34,114" hai2="101,83,43,40,73,100,107,115,88,49,5,134,99" hai3="39,37,54,68,92,10,61,82,80,110,55,51,21"/><U36/><E70/><V103/><F5/><W76/><G21/><T69/><D113/><N who="1" m="43627" /><E36/><V67/><F115/><W86/><G110/><T42/><D132/><U45/><E45/><V60/><F134/><W56/><G92/><T117/><D117/><U93/><E34/><V106/><F73/><W135/><G135/><T35/><D104/><U124/><E116/><V66/><F66/><W18/><G68/><T50/><D79/><U127/><E130/><V65/><F65/><W47/><G18/><N who="1" m="6698" /><E58/><V89/><F83/><W38/><G10/><T44/><D74/><U41/><E41/><V105/><F49/><W71/><G71/><T31/><D44/><U8/><E12/><V90/><REACH who="2" step="1"/><F99/><AGARI ba="0,0" hai="3,4,8,91,93,99,124,127" m="6698,43627" machi="99" ten="30,2900,0" yaku="15,1,54,1" doraHai="121" who="1" fromWho="2" sc="252,0,150,29,325,-29,273,0" /><INIT seed="5,1,0,1,3,52" ten="252,179,296,273" oya="1" hai0="3,40,51,28,29,63,130,70,57,42,27,10,129" hai1="38,98,8,104,23,99,37,85,73,100,135,9,125" hai2="30,128,83,21,2,34,19,111,65,79,94,118,67" hai3="101,46,106,16,95,107,90,4,1,53,17,74,14"/><U6/><E135/><V12/><F118/><W96/><G74/><T62/><D70/><U39/><E73/><V11/><F111/><W47/><G1/><T31/><D27/><U15/><E125/><V88/><F128/><N who="0" m="49258" /><D63/><U116/><E116/><V55/><F34/><W127/><G127/><T56/><D51/><U133/><E133/><V69/><F69/><W50/><G46/><T71/><D71/><U97/><E85/><V132/><F132/><W105/><G4/><N who="0" m="1311" /><D62/><U72/><E72/><V18/><F30/><W75/><G75/><T61/><D61/><U78/><E78/><V119/><F55/><W115/><G115/><T64/><D64/><U13/><REACH who="1" step="1"/><E23/><REACH who="1" ten="252,169,296,273" step="2"/><V59/><F119/><W124/><G124/><T25/><D25/><U32/><E32/><V110/><F79/><W103/><REACH who="3" step="1"/><G17/><AGARI ba="1,1" hai="6,8,9,13,15,17,37,38,39,97,98,99,100,104" machi="17" ten="40,2000,0" yaku="1,1,53,0" doraHai="52" doraHaiUra="89" who="1" fromWho="3" sc="252,0,169,33,296,0,273,-23" /><INIT seed="5,2,0,4,4,117" ten="252,202,296,250" oya="1" hai0="124,99,74,77,14,13,114,116,3,76,27,91,113" hai1="30,19,31,72,133,87,47,125,25,15,101,83,134" hai2="119,78,20,67,89,43,21,35,129,111,128,52,45" hai3="2,49,16,1,17,82,24,12,65,6,61,50,105"/><U33/><E72/><V85/><F119/><W32/><G105/><T44/><D116/><U60/><E101/><V18/><F35/><W104/><G82/><T56/><D3/><U109/><E31/><V106/><F111/><W80/><G80/><T42/><D124/><U40/><E60/><V115/><F78/><N who="0" m="30314" /><D74/><U62/><E62/><V46/><F106/><W102/><G17/><T4/><D56/><U64/><E64/><V7/><F7/><W0/><G6/><T112/><D27/><U75/><E75/><V29/><F67/><W8/><G102/><T132/><D132/><N who="1" m="50795" /><E125/><V28/><F115/><W9/><G9/><T107/><D4/><U23/><E109/><V98/><F98/><W95/><G95/><N who="0" m="56831" /><D107/><U118/><E118/><V54/><F129/><W73/><G104/><T68/><D68/><U93/><E93/><V37/><F128/><W120/><G73/><T100/><D100/><U70/><E70/><V131/><F131/><W130/><G130/><T126/><D126/><U69/><E69/><V96/><F96/><W36/><G61/><T51/><AGARI ba="2,0" hai="13,14,42,44,51,112,113,114" m="56831,30314" machi="51" ten="40,1500,0" yaku="15,1" doraHai="117" who="0" fromWho="0" sc="252,21,202,-9,296,-6,250,-6" /><INIT seed="6,0,0,3,4,37" ten="273,193,290,244" oya="2" hai0="83,98,46,9,32,134,20,17,71,19,115,117,35" hai1="80,2,12,92,52,56,95,26,87,89,65,41,100" hai2="29,44,121,55,7,122,16,48,57,70,111,23,132" hai3="4,96,93,101,119,45,128,28,24,114,97,59,68"/><V33/><F7/><W81/><G119/><T47/><D71/><U131/><E131/><V30/><F70/><W104/><G68/><T58/><D117/><U72/><E2/><V118/><F118/><W74/><G128/><T73/><D115/><U133/><E133/><V53/><F132/><W107/><G114/><T13/><D134/><U125/><E125/><V36/><F111/><W94/><G4/><T69/><D69/><U21/><E72/><V22/><F22/><W25/><G25/><T91/><D58/><U84/><E12/><V116/><F116/><W79/><G59/><T38/><D98/><U77/><E65/><V18/><F18/><W11/><G45/><T82/><D82/><U49/><E100/><V15/><F33/><W86/><G74/><T3/><D3/><U105/><E105/><V10/><F23/><W108/><G11/><T103/><D103/><U112/><E112/><V99/><F99/><W40/><G40/><T123/><D123/><U42/><REACH who="1" step="1"/><E95/><REACH who="1" ten="273,183,290,244" step="2"/><V62/><REACH who="2" step="1"/><F36/><REACH who="2" ten="273,183,280,244" step="2"/><W135/><G135/><T124/><D38/><U14/><E14/><V129/><F129/><W106/><G108/><T31/><D13/><U64/><E64/><V113/><F113/><W75/><G107/><T67/><D67/><U85/><E85/><V76/><F76/><W126/><G86/><T78/><D78/><U61/><E61/><V34/><F34/><N who="3" m="20743" /><G126/><T66/><D35/><U0/><E0/><V109/><F109/><W102/><G106/><T8/><D32/><U43/><E43/><V54/><F54/><W88/><G104/><T120/><D124/><RYUUKYOKU ba="0,2" sc="273,-30,183,10,280,10,244,10" hai1="21,26,41,42,49,52,56,77,80,84,87,89,92" hai2="10,15,16,29,30,44,48,53,55,57,62,121,122" hai3="75,79,81,88,93,94,96,97,101,102" /><INIT seed="6,1,2,4,2,3" ten="243,193,290,254" oya="2" hai0="32,6,57,116,60,96,55,120,23,61,87,71,83" hai1="14,85,123,132,21,58,84,41,104,50,63,99,37" hai2="27,51,89,76,68,15,77,126,54,0,49,22,26" hai3="78,65,133,98,86,97,69,36,75,115,105,8,73"/><V135/><F0/><W66/><G36/><T28/><D120/><U43/><E123/><V90/><F68/><W11/><G69/><T38/><D38/><U2/><E2/><V31/><F135/><W80/><G105/><T101/><D116/><U67/><E132/><V111/><F126/><W20/><G133/><T30/><D32/><U56/><E104/><V82/><F76/><W44/><G44/><T108/><D108/><U130/><E130/><V92/><F111/><W7/><G20/><T24/><D6/><U40/><E40/><V59/><F49/><W64/><G115/><T34/><D34/><U25/><E25/><V131/><F131/><W47/><G47/><T122/><D122/><U102/><E102/><V103/><BYE who="1" /><F15/><N who="3" m="5535" /><G73/><T62/><D28/><U35/><E35/><V114/><F114/><W94/><G75/><T1/><D71/><U100/><E100/><V53/><F53/><W81/><G11/><T110/><D1/><U5/><E5/><V112/><F27/><W118/><G118/><T4/><D4/><U39/><E39/><V16/><F31/><W45/><G45/><T10/><D10/><U119/><E119/><V42/><F42/><UN n1="%6F%67%75%6B%65%6E" /><W129/><G129/><T128/><D128/><U91/><E37/><V127/><F127/><W109/><G109/><T124/><D124/><U106/><E43/><V79/><F112/><W29/><G29/><T95/><REACH who="0" step="1"/><D110/><REACH who="0" ten="233,193,290,254" step="2"/><U12/><E41/><V113/><F113/><W72/><G81/><T13/><D13/><U18/><E12/><V107/><F82/><W117/><G117/><T88/><AGARI ba="1,3" hai="23,24,30,55,57,60,61,62,83,87,88,95,96,101" machi="88" ten="20,12000,2" yaku="1,1,5,1,0,1,7,1,8,1,54,1,53,0" doraHai="3" doraHaiUra="134" who="0" fromWho="0" sc="233,153,193,-31,290,-61,254,-31" /><INIT seed="7,0,0,3,3,48" ten="386,162,229,223" oya="3" hai0="7,115,88,54,98,117,53,80,46,68,22,24,95" hai1="118,90,32,76,86,60,74,58,43,103,135,37,120" hai2="16,19,39,25,130,101,104,92,127,72,111,102,31" hai3="131,109,73,49,70,27,105,12,85,55,69,51,2"/><W116/><G2/><T99/><D68/><U9/><E32/><V107/><F111/><W21/><G73/><T125/><D117/><U97/><E37/><V64/><F39/><W45/><G116/><T91/><D115/><U89/><E43/><V11/><F72/><W61/><G105/><T10/><D125/><U50/><E118/><V128/><F127/><W65/><G109/><T119/><D46/><U124/><E124/><V121/><F64/><W8/><G131/><N who="2" m="50217" /><F121/><W106/><G106/><N who="2" m="40489" /><F92/><W42/><G85/><N who="0" m="50215" /><D119/><U38/><E38/><V63/><F63/><W134/><G134/><T71/><D71/><U113/><E135/><V1/><F1/><W30/><G61/><T126/><D99/><U6/><E120/><V40/><F40/><W108/><G65/><T44/><D44/><U41/><E113/><V94/><F94/><W29/><G29/><N who="0" m="17559" /><D126/><U15/><E41/><V36/><F36/><W18/><G108/><T77/><D77/><U52/><E76/><V4/><F4/><W81/><G81/><T122/><D122/><U83/><E60/><V56/><F11/><W35/><G35/><T133/><D133/><U84/><E74/><V67/><F101/><W26/><G27/><T23/><D23/><U96/><E103/><V132/><F102/><W87/><G87/><T0/><D0/><U47/><E47/><AGARI ba="0,0" hai="8,12,18,21,26,30,42,45,47,49,51,55,69,70" machi="47" ten="30,2900,0" yaku="7,1,52,1" doraHai="48" who="3" fromWho="1" sc="386,0,162,-29,229,0,223,29" /><INIT seed="7,1,0,0,1,101" ten="386,133,229,252" oya="3" hai0="50,4,48,49,133,81,28,112,82,117,36,129,99" hai1="10,90,19,75,107,124,98,25,76,74,114,109,96" hai2="41,23,67,43,5,123,54,46,110,66,73,16,3" hai3="24,7,13,64,51,125,26,42,87,86,39,131,1"/><W45/><G131/><T77/><D117/><U17/><E109/><V83/><F110/><W57/><G1/><T53/><D36/><U70/><E70/><V32/><F32/><W100/><G125/><T31/><D133/><U116/><E124/><V47/><F5/><W22/><G100/><T103/><D4/><U37/><E37/><V134/><F3/><W127/><G127/><T88/><D112/><U2/><E116/><V118/><F118/><W44/><G57/><T56/><D129/><U89/><E2/><V111/><F111/><W93/><G64/><N who="2" m="24617" /><F73/><W120/><G120/><T35/><D35/><U18/><E25/><V68/><F68/><W104/><G104/><T58/><D58/><U130/><E130/><V126/><F126/><W29/><G93/><N who="0" m="56743" /><D103/><U60/><E60/><V27/><F134/><W92/><G92/><T6/><D6/><U132/><E132/><V115/><F115/><W113/><G113/><T79/><D82/><U30/><E114/><V119/><F119/><W105/><G105/><T52/><D53/><U95/><E10/><V20/><F83/><W55/><G24/><T106/><D106/><U33/><E107/><V34/><F34/><W121/><G121/><T135/><D135/><U97/><E95/><V69/><F69/><W102/><G102/><T128/><D128/><U8/><E8/><V9/><F9/><N who="3" m="4287" /><G39/><T85/><D79/><U72/><REACH who="1" step="1"/><E76/><REACH who="1" ten="386,123,229,252" step="2"/><V15/><F123/><W71/><G71/><T122/><D122/><U108/><E108/><V12/><F27/><W78/><G26/><T11/><D11/><U61/><E61/><AGARI ba="1,1" hai="28,31,48,49,50,52,56,61,77,81,85" m="56743" machi="61" ten="30,7700,0" yaku="6,1,8,1,54,2" doraHai="101" who="0" fromWho="1" sc="386,90,123,-80,229,0,252,0" owari="476,57.6,43,-45.7,229,-17.1,252,5.2" /></mjloggm>