<mjloggm ver="2.3"><GO type="169" lobby="0"/><UN n0="%6C%75%6E%61%32%33%34%35" n1="%E3%81%97%E3%82%89%E3%81%99%EF%BC%A1" n2="%65%78%69%73%74%2D%79" n3="%E8%87%AA%E6%91%B8%E3%81%AE%E3%81%BF" dan="18,16,16,16" rate="2251.62,2139.38,2091.31,2090.88" sx="F,M,M,M"/><TAIKYOKU oya="0"/><INIT seed="0,0,0,1,2,0" ten="250,250,250,250" oya="0" hai0="110,64,11,101,80,120,47,96,127,19,49,31,26" hai1="112,69,7,118,44,97,32,115,55,53,28,91,4" hai2="71,57,43,12,122,86,54,29,60,128,6,66,13" hai3="84,72,22,103,24,70,41,92,56,129,131,85,18"/><T3/><D120/><U9/><E118/><V25/><F128/><W114/><G70/><T83/><D127/><U20/><E69/><V75/><F75/><W93/><G72/><T67/><D110/><U81/><E32/><V68/><F68/><W113/><G41/><T98/><D98/><U74/><E9/><V102/><F43/><W40/><G40/><T109/><D109/><U58/><E44/><V124/><F124/><W17/><G56/><T36/><D36/><U1/><E1/><V48/><F122/><W126/><G126/><T39/><D39/><U123/><E123/><V10/><F102/><W27/><G22/><N who="0" m="15831" /><D3/><U133/><E133/><V8/><F86/><W61/><G61/><T119/><D119/><U89/><E97/><V111/><F111/><W90/><G90/><N who="1" m="34314" /><E81/><N who="0" m="31305" /><D96/><U94/><E94/><V106/><F106/><W79/><REACH who="3" step="1"/><G79/><REACH who="3" ten="250,250,250,240" step="2"/><T52/><D101/><AGARI ba="0,1" hai="17,18,24,27,84,85,92,93,101,103,113,114,129,131" machi="101" ten="25,12000,2" yaku="1,1,2,1,22,2,53,2" doraHai="0" doraHaiUra="23" who="3" fromWho="0" sc="250,-120,250,0,250,0,240,130" /><INIT seed="1,0,0,3,0,15" ten="130,250,250,370" oya="1" hai0="73,125,120,132,94,53,7,103,24,63,126,46,90" hai1="107,45,20,28,76,51,18,50,102,33,119,22,67" hai2="130,134,122,77,61,57,30,116,52,109,85,26,40" hai3="70,21,80,8,128,65,123,124,3,39,75,99,127"/><U104/><E119/><V114/><F116/><W110/><G123/><T0/><D132/><U84/><E33/><V44/><F122/><W32/><G39/><T64/><D73/><U29/><E67/><V9/><F134/><W129/><G32/><T12/><D0/><U69/><E69/><V10/><F130/><W2/><G99/><T37/><D120/><U79/><E84/><V98/><F114/><W82/><G21/><T111/><D103/><U55/><E102/><V49/><F109/><W11/><G65/><T92/><D92/><U83/><E83/><V35/><REACH who="2" step="1"/><F98/><REACH who="2" ten="130,250,240,370" step="2"/><W95/><G110/><T59/><D111/><U27/><E29/><V131/><F131/><W17/><G128/><T31/><D125/><U93/><E107/><V38/><F38/><W66/><G129/><T72/><D37/><U56/><E104/><V88/><F88/><W4/><G127/><T121/><D90/><U100/><E100/><V62/><F62/><W101/><G101/><T60/><D60/><U1/><E93/><V58/><F58/><W14/><G95/><T91/><D94/><U86/><E86/><V68/><F68/><W54/><G70/><T16/><D126/><U117/><E117/><V108/><F108/><W19/><G124/><T135/><D135/><U96/><E96/><V112/><F112/><W43/><G75/><T106/><D72/><U5/><E56/><V42/><F42/><W115/><G43/><T78/><D106/><U36/><E36/><V81/><AGARI ba="0,1" hai="9,10,26,30,35,40,44,49,52,57,61,77,81,85" machi="81" ten="30,4000,0" yaku="1,1,0,1,54,1,53,0" doraHai="15" doraHaiUra="71" who="2" fromWho="2" sc="130,-10,250,-20,240,50,370,-10" /><INIT seed="2,0,0,3,5,81" ten="120,230,290,360" oya="2" hai0="23,26,68,111,133,94,114,1,44,4,98,40,54" hai1="74,69,103,87,30,115,66,99,43,80,51,22,85" hai2="63,124,117,131,49,106,28,3,96,9,57,18,53" hai3="83,75,72,121,116,37,93,52,20,110,34,71,33"/><V79/><F117/><W86/><G116/><T25/><D114/><U0/><E115/><V2/><F124/><W13/><G121/><T82/><D111/><U45/><E0/><V132/><F132/><W122/><G122/><T101/><D133/><U59/><E69/><V10/><F28/><W91/><G71/><T70/><D54/><U107/><E74/><V65/><F79/><W19/><G37/><T60/><D1/><U119/><E80/><V77/><F77/><W36/><G36/><T47/><D4/><U89/><E89/><V31/><F31/><W126/><G126/><T12/><D47/><U109/><E109/><V35/><F35/><W41/><G41/><T129/><D60/><U32/><E32/><V42/><F106/><W112/><G112/><T127/><D68/><U125/><E125/><V64/><F96/><W95/><G75/><T113/><D70/><U24/><REACH who="1" step="1"/><E119/><REACH who="1" ten="120,220,290,360" step="2"/><V7/><F3/><W97/><G72/><T46/><D82/><U78/><E78/><V88/><F88/><W29/><G83/><T135/><D127/><U100/><E100/><V21/><F2/><W39/><G33/><T27/><D113/><U48/><E48/><V92/><F49/><W16/><G39/><T38/><D135/><U5/><E5/><V123/><F7/><W56/><G34/><T58/><D38/><U15/><E15/><V102/><F123/><W73/><G73/><T55/><D12/><U11/><E11/><V84/><F10/><W76/><G13/><T90/><D101/><U120/><E120/><V128/><F102/><W118/><G110/><RYUUKYOKU ba="0,1" sc="120,-10,220,30,290,-10,360,-10" hai1="22,24,30,43,45,51,59,66,85,87,99,103,107" /><INIT seed="3,1,1,2,1,42" ten="110,250,280,350" oya="3" hai0="107,70,50,96,41,56,62,51,74,131,10,110,27" hai1="30,80,14,59,17,89,113,104,22,87,79,116,2" hai2="123,94,19,7,32,26,18,4,35,85,8,114,117" hai3="100,38,119,72,91,71,92,102,134,61,120,127,93"/><W29/><G38/><T95/><D110/><U121/><E121/><V83/><F123/><W31/><G120/><T40/><D131/><U108/><E108/><V21/><F117/><W64/><G119/><T25/><D74/><U106/><E113/><V63/><F114/><W77/><G93/><T133/><D133/><U81/><E116/><V20/><F94/><W36/><G36/><T54/><D107/><U52/><E30/><V84/><F63/><W11/><G134/><T68/><D10/><U47/><E2/><V67/><F67/><W58/><G71/><T16/><D25/><U9/><E22/><V122/><F122/><W128/><G128/><T66/><D51/><N who="1" m="28799" /><E59/><V0/><F7/><W76/><G11/><T44/><D68/><U88/><E89/><V97/><F97/><N who="3" m="57503" /><G127/><T101/><REACH who="0" step="1"/><D70/><REACH who="0" ten="100,250,280,350" step="2"/><U45/><E45/><V60/><F83/><W135/><G72/><AGARI ba="1,2" hai="9,14,17,72,79,80,81,87,88,104,106" m="28799" machi="72" ten="30,7700,0" yaku="25,1,52,1,54,2" doraHai="42" who="1" fromWho="3" sc="100,0,250,100,280,0,350,-80" /><INIT seed="4,0,0,2,5,134" ten="100,350,280,270" oya="0" hai0="83,5,61,3,127,55,14,1,39,67,114,71,29" hai1="90,62,120,36,22,112,18,26,4,51,42,21,16" hai2="12,124,94,95,132,107,66,65,113,8,117,131,49" hai3="11,32,27,118,64,59,76,85,92,69,87,40,72"/><T48/><D114/><U80/><E120/><V100/><F132/><W116/><G40/><T58/><D29/><U44/><E112/><V98/><F113/><W82/><G69/><T101/><D101/><U103/><E103/><V6/><F117/><W123/><G123/><T17/><D5/><U102/><E102/><V53/><F131/><W93/><G11/><T70/><D70/><U81/><E4/><V115/><F115/><W128/><G128/><T63/><D63/><U99/><E36/><V7/><F7/><W129/><G129/><T50/><D50/><U47/><E47/><V111/><F111/><W19/><G32/><T105/><D105/><U78/><E78/><V86/><F107/><W133/><G133/><T119/><D119/><U24/><E62/><V125/><F86/><W108/><G108/><T121/><D121/><U33/><E33/><V0/><F94/><AGARI ba="0,0" hai="16,18,21,22,24,26,42,44,51,80,81,90,94,99" machi="94" ten="40,5200,0" yaku="9,1,8,1,54,1" doraHai="134" who="1" fromWho="2" sc="100,0,350,52,280,-52,270,0" /><INIT seed="5,0,0,2,2,73" ten="100,402,228,270" oya="1" hai0="126,23,95,112,69,114,10,46,18,14,31,41,90" hai1="96,123,33,48,68,124,133,49,118,128,116,12,28" hai2="27,25,121,79,4,94,62,71,19,35,52,103,55" hai3="47,26,6,70,59,134,113,122,37,135,54,99,56"/><U58/><E28/><V80/><F121/><W21/><G122/><T3/><D126/><U77/><E33/><V65/><F4/><W51/><G6/><T32/><D69/><U16/><E68/><V0/><F0/><W43/><G99/><T76/><D32/><U64/><E123/><V1/><F1/><W2/><G2/><T82/><D31/><U102/><E124/><V108/><F108/><W101/><G101/><T89/><D3/><U72/><E128/><V50/><F35/><W29/><G70/><T24/><D95/><U40/><E133/><N who="3" m="50698" /><G59/><T120/><D120/><U45/><E64/><V117/><F117/><W115/><AGARI ba="0,0" hai="21,26,29,37,43,47,51,54,56,113,115" m="50698" machi="115" ten="30,1100,0" yaku="20,1" doraHai="73" who="3" fromWho="3" sc="100,-3,402,-5,228,-3,270,11" /><INIT seed="6,0,0,1,2,134" ten="97,397,225,281" oya="2" hai0="47,103,3,89,23,64,32,85,29,42,40,135,96" hai1="39,25,41,28,125,17,75,101,43,8,97,22,127" hai2="19,93,15,95,90,26,77,81,57,92,73,99,121" hai3="37,33,78,62,111,46,76,66,9,71,80,123,131"/><V1/><F1/><W129/><G111/><T94/><D135/><U67/><E75/><V105/><F121/><W20/><G123/><T102/><D32/><U126/><E67/><V130/><F130/><W116/><G116/><T108/><D108/><U65/><E65/><V110/><F110/><W68/><G20/><T13/><D3/><U98/><E39/><V91/><F26/><W84/><G78/><T115/><D115/><U48/><E48/><V45/><F45/><W16/><G33/><T4/><D64/><U87/><E87/><N who="2" m="52319" /><F57/><W63/><G63/><T44/><D102/><U59/><E59/><V83/><F19/><W70/><G70/><T51/><D29/><U112/><E112/><V21/><F15/><N who="3" m="7279" /><G46/><T38/><D4/><U120/><E120/><V69/><F21/><W118/><G71/><T79/><D79/><U88/><E28/><V86/><F69/><W60/><G60/><T30/><D30/><U114/><E114/><V50/><F50/><W0/><G0/><T109/><D109/><U7/><E7/><V6/><F6/><W132/><G132/><T122/><D122/><U104/><E8/><V113/><F113/><W52/><G52/><T128/><D128/><N who="3" m="49225" /><G118/><T49/><D23/><U55/><E55/><V107/><F95/><AGARI ba="0,0" hai="17,22,25,41,43,88,95,97,98,101,104,125,126,127" machi="95" ten="40,8000,1" yaku="18,1,52,3,54,1" doraHai="134" who="1" fromWho="2" sc="97,0,397,80,225,-80,281,0" /><INIT seed="7,0,0,5,4,87" ten="97,477,145,281" oya="3" hai0="111,46,100,133,47,6,113,28,9,33,93,81,82" hai1="102,31,57,63,114,12,83,61,11,20,67,37,96" hai2="109,98,91,44,132,72,127,134,50,40,8,120,55" hai3="22,88,14,54,16,17,23,74,119,131,56,60,18"/><W124/><G119/><T107/><D133/><N who="2" m="51306" /><F120/><W79/><G131/><T130/><D130/><U64/><E37/><N who="2" m="21519" /><F109/><W1/><G1/><T116/><D116/><U58/><E114/><V84/><F72/><W90/><G124/><T59/><D111/><U108/><E108/><V51/><F127/><W48/><G74/><T7/><D107/><U36/><E36/><V122/><F122/><W52/><G79/><T117/><D117/><U86/><E31/><V27/><F27/><N who="3" m="14791" /><G18/><T80/><D113/><U110/><E20/><V24/><F24/><W42/><G42/><T25/><D59/><AGARI ba="0,0" hai="14,17,23,48,52,54,56,59,60,88,90" m="14791" machi="59" ten="30,18000,2" yaku="8,1,52,2,54,3" doraHai="87" who="3" fromWho="0" sc="97,-180,477,0,145,0,281,180" owari="-83,-58.3,477,57.7,145,-25.5,461,26.1" /></mjloggm>