<mjloggm ver="2.3"><GO type="169" lobby="0"/><UN n0="%E5%A4%9A%E6%91%A9%E3%82%BD%E3%83%BC%E3%82%B8" n1="%E3%83%87%E3%83%A9%E3%82%B3%E3%83%83%E3%82%B3" n2="%E5%A4%A9%E5%AE%89%E9%96%80%E5%BF%98%E5%8D%B4" n3="%E3%81%88%E3%81%84%E3%81%8D%E3%81%A1%40%35%6D%66" dan="17,16,18,17" rate="2214.46,2154.83,2231.09,2211.77" sx="M,M,M,M"/><TAIKYOKU oya="0"/><INIT seed="0,0,0,2,3,4" ten="250,250,250,250" oya="0" hai0="112,71,108,8,102,114,6,75,107,55,123,131,51" hai1="129,135,59,119,70,105,134,12,46,103,116,81,18" hai2="65,44,37,19,27,82,58,29,14,115,133,110,101" hai3="86,111,67,84,113,15,41,28,43,64,24,35,90"/><T54/><D123/><U117/><E70/><V57/><F115/><W104/><G113/><T88/><D75/><U0/><E46/><V100/><F110/><W23/><G104/><T125/><D71/><U72/><E59/><V78/><F133/><N who="1" m="50697" /><E0/><V16/><F37/><W7/><G111/><T1/><D108/><U36/><E36/><V118/><F44/><W33/><G33/><T127/><D55/><U13/><E13/><V60/><F58/><W10/><G84/><T63/><D63/><U20/><E129/><V39/><F118/><W32/><G32/><T47/><D131/><U48/><E48/><V22/><F39/><W93/><REACH who="3" step="1"/><G35/><REACH who="3" ten="250,250,250,240" step="2"/><T83/><D114/><U42/><E105/><V97/><F97/><W69/><G69/><T126/><D112/><U30/><E119/><V45/><F45/><W74/><G74/><T120/><D120/><U77/><E117/><V9/><REACH who="2" step="1"/><F29/><REACH who="2" ten="250,250,240,240" step="2"/><W2/><G2/><T73/><D126/><U79/><E30/><V31/><F31/><W132/><G132/><T38/><D127/><U26/><E116/><V25/><F25/><W122/><G122/><T128/><D125/><U130/><E26/><V124/><F124/><W92/><G92/><T89/><D128/><U53/><E130/><V17/><F17/><W91/><G91/><T40/><D102/><U85/><E103/><V61/><F61/><W34/><G34/><T66/><D107/><U11/><E18/><V21/><F21/><W56/><G56/><N who="0" m="32863" /><D66/><AGARI ba="0,2" hai="7,10,15,23,24,28,41,43,64,66,67,86,90,93" machi="66" ten="40,5200,0" yaku="1,1,8,1,52,1,53,0" doraHai="4" doraHaiUra="109" who="3" fromWho="0" sc="250,-52,250,0,240,0,240,72" /><INIT seed="1,0,0,5,0,116" ten="198,250,240,312" oya="1" hai0="35,15,38,135,99,51,26,111,85,0,11,122,39" hai1="3,125,27,46,77,79,19,119,86,41,98,9,24" hai2="68,110,61,60,130,101,44,67,32,90,45,20,97" hai3="102,76,74,59,107,28,14,4,91,120,5,103,82"/><U23/><E119/><V57/><F110/><W131/><G131/><T73/><D73/><U42/><E125/><V25/><F130/><W115/><G115/><T37/><D0/><U63/><E42/><V109/><F109/><W71/><G71/><T88/><D111/><U1/><E27/><V75/><F75/><W84/><G28/><T64/><D135/><U49/><E63/><V80/><F32/><W66/><G120/><T81/><D122/><U40/><E40/><V36/><F36/><W87/><G74/><T121/><D121/><U47/><E47/><V56/><F90/><W113/><G113/><T8/><D64/><U94/><E9/><V17/><F80/><N who="3" m="47111" /><G107/><T50/><D11/><U65/><E65/><V13/><F13/><W34/><G34/><T127/><D127/><U43/><E43/><V134/><F134/><W31/><G31/><T6/><REACH who="0" step="1"/><D99/><REACH who="0" ten="188,250,240,312" step="2"/><U93/><E1/><V89/><F68/><W105/><G66/><T48/><D48/><U62/><E3/><V114/><F114/><W18/><G4/><T55/><D55/><U2/><E2/><V92/><F101/><W72/><G5/><T83/><D83/><U52/><E86/><V22/><F22/><N who="3" m="11607" /><G72/><T29/><AGARI ba="0,1" hai="6,8,15,26,29,35,37,38,39,50,51,81,85,88" machi="29" ten="40,5200,0" yaku="1,1,0,1,54,1,53,0" doraHai="116" doraHaiUra="128" who="0" fromWho="0" sc="188,62,250,-26,240,-13,312,-13" /><INIT seed="2,0,0,1,2,34" ten="250,224,227,299" oya="2" hai0="75,51,28,19,131,4,106,104,32,93,76,115,63" hai1="90,86,9,68,22,129,31,100,71,73,95,35,25" hai2="99,74,127,2,52,44,116,120,111,108,97,110,133" hai3="66,117,79,6,33,23,3,101,130,60,8,20,134"/><V37/><F116/><W118/><G33/><T77/><D115/><U69/><E129/><V70/><F120/><W78/><G130/><T82/><D131/><U54/><E73/><V46/><F70/><W1/><G134/><T24/><D4/><U45/><E100/><V105/><F133/><W36/><G36/><T132/><D132/><U58/><E45/><V124/><F74/><W11/><G101/><T109/><D109/><U126/><E9/><V13/><F13/><W15/><G15/><T16/><D77/><U81/><E35/><V12/><F12/><W14/><G14/><T113/><D113/><U40/><E40/><N who="2" m="22543" /><F2/><W61/><REACH who="3" step="1"/><G66/><REACH who="3" ten="250,224,227,289" step="2"/><T122/><D122/><U41/><E126/><N who="2" m="48171" /><F105/><W10/><G10/><T43/><D106/><U135/><E135/><V47/><F47/><W55/><G55/><T85/><D104/><U7/><E41/><V0/><F0/><W112/><G112/><T38/><D38/><U94/><REACH who="1" step="1"/><E7/><AGARI ba="0,1" hai="1,3,6,7,8,11,20,23,60,61,78,79,117,118" machi="7" ten="25,8000,1" yaku="1,1,22,2,52,2,53,0" doraHai="34" doraHaiUra="119" who="3" fromWho="1" sc="250,0,224,-80,227,0,289,90" /><INIT seed="3,0,0,3,3,70" ten="250,144,227,379" oya="3" hai0="4,88,48,17,66,83,52,129,128,94,111,47,75" hai1="105,87,13,132,86,11,119,37,77,21,121,22,33" hai2="72,118,107,16,80,19,73,69,127,61,78,109,68" hai3="126,60,29,108,93,43,39,26,133,64,102,79,24"/><W103/><G126/><T56/><D111/><U71/><E119/><V46/><F118/><W5/><G108/><T63/><D4/><U55/><E121/><V6/><F109/><W15/><G133/><T9/><D75/><U106/><E33/><V130/><F130/><W65/><G79/><T0/><D0/><U131/><E71/><V2/><F107/><W91/><G43/><T123/><D123/><U18/><E131/><N who="0" m="50249" /><D83/><U1/><E132/><V50/><F73/><W49/><G49/><T3/><D3/><U120/><E120/><V98/><F98/><W67/><G39/><T74/><D74/><U32/><E32/><V100/><F100/><W96/><G60/><T30/><D30/><U90/><E37/><V14/><F2/><W76/><G76/><T8/><D17/><U125/><E125/><V89/><F127/><W101/><REACH who="3" step="1"/><G29/><REACH who="3" ten="250,144,227,369" step="2"/><T104/><D104/><U59/><E77/><V25/><F78/><W45/><G45/><T124/><D124/><U7/><E106/><V27/><F72/><W95/><G95/><T117/><D117/><U58/><E105/><V36/><F46/><W20/><G20/><T135/><D135/><U97/><E22/><V53/><F61/><W134/><G134/><T31/><D31/><U35/><E35/><V28/><F28/><W81/><G81/><T23/><D23/><U112/><E21/><V122/><F122/><W116/><G116/><T114/><D114/><U38/><E112/><V10/><F80/><W54/><G54/><T62/><D62/><U40/><E55/><V99/><F53/><W85/><G85/><AGARI ba="0,1" hai="8,9,47,48,52,56,63,66,85,88,94" m="50249" machi="85" ten="30,7700,0" yaku="6,1,19,1,54,2" doraHai="70" who="0" fromWho="3" sc="250,87,144,0,227,0,369,-77" /><INIT seed="4,0,0,2,5,22" ten="337,144,227,292" oya="0" hai0="80,83,106,37,67,30,133,112,79,89,40,125,41" hai1="55,70,130,129,54,134,92,23,8,52,75,46,45" hai2="68,135,66,5,110,48,31,109,63,116,47,34,51" hai3="60,94,29,100,4,6,97,122,90,88,91,107,103"/><T132/><D106/><U85/><E75/><V95/><F135/><N who="0" m="51786" /><D37/><U1/><E134/><V111/><F116/><W13/><G122/><T58/><D112/><U16/><E70/><V123/><F123/><W93/><G29/><T38/><D38/><U62/><E62/><V78/><F78/><W77/><G77/><T104/><D104/><U0/><E85/><V2/><F2/><N who="1" m="1129" /><E92/><V65/><F5/><W87/><G103/><T124/><D89/><U118/><E8/><V21/><F66/><W26/><G26/><T131/><D131/><N who="1" m="50187" /><E118/><V18/><F95/><W76/><G76/><T14/><D83/><U101/><E101/><V113/><F63/><W59/><G91/><T42/><D80/><U84/><E84/><V61/><F61/><W3/><G3/><T7/><D67/><U121/><E121/><V24/><F65/><W96/><REACH who="3" step="1"/><G13/><AGARI ba="0,0" hai="13,16,23,45,46,52,54,55" m="50187,1129" machi="13" ten="40,5200,0" yaku="19,1,54,2" doraHai="22" who="1" fromWho="3" sc="337,0,144,52,227,0,292,-52" /><INIT seed="5,0,0,2,2,22" ten="337,196,227,240" oya="1" hai0="80,130,56,126,84,58,110,23,92,124,42,32,97" hai1="69,125,14,115,129,135,107,17,24,53,127,61,57" hai2="76,119,63,8,31,96,40,77,11,112,54,9,94" hai3="68,46,73,104,132,81,10,44,134,109,26,20,19"/><U0/><E107/><V78/><F119/><W35/><G109/><T51/><D110/><U123/><E123/><V50/><F112/><W87/><G68/><T5/><D32/><U18/><E0/><V41/><F63/><W29/><G104/><T106/><D106/><U88/><E115/><V100/><REACH who="2" step="1"/><F31/><REACH who="2" ten="337,196,217,240" step="2"/><W21/><G29/><T131/><D131/><U75/><E129/><V65/><F65/><W34/><G132/><T90/><D130/><U99/><E135/><V60/><F60/><W128/><G134/><T98/><D126/><U102/><E69/><V95/><F95/><W70/><G70/><T86/><D124/><U55/><E127/><V82/><F82/><W15/><G81/><T111/><D92/><N who="1" m="56711" /><E125/><V7/><F7/><W49/><G128/><T4/><D4/><U47/><E75/><V83/><F83/><W122/><G73/><T59/><D5/><U43/><E102/><V67/><F67/><W39/><G122/><T66/><D66/><U108/><E108/><V133/><F133/><W28/><G35/><T45/><D111/><U33/><E33/><V93/><F93/><W72/><G72/><T36/><D80/><U71/><E71/><V79/><N who="2" m="19456" /><DORA hai="74" /><V25/><F25/><W89/><G26/><T101/><D86/><U117/><E117/><V6/><F6/><W27/><G87/><T91/><D84/><U116/><E116/><V1/><F1/><W12/><G27/><T120/><D120/><U37/><E24/><V3/><F3/><W2/><G2/><T16/><D16/><N who="1" m="6251" /><E14/><N who="3" m="5162" /><G34/><T13/><D13/><U64/><AGARI ba="0,1" hai="37,43,47,53,55,57,61,64" m="6251,56711" machi="64" ten="30,6000,0" yaku="5,1,54,2" doraHai="22,74" who="1" fromWho="1" sc="337,-20,196,70,217,-20,240,-20" /><INIT seed="5,1,0,3,5,7" ten="317,266,197,220" oya="1" hai0="42,73,58,132,107,94,89,74,124,65,4,53,108" hai1="122,43,113,14,116,78,133,50,71,22,115,28,118" hai2="77,33,96,45,112,66,60,57,10,2,130,12,135" hai3="86,92,5,3,34,15,93,123,38,82,97,125,63"/><U90/><E71/><V30/><F130/><W37/><G123/><T117/><D108/><U9/><E122/><V67/><F135/><W44/><G34/><T68/><D117/><U35/><E78/><V98/><F112/><N who="1" m="43081" /><E35/><V29/><F2/><W46/><G3/><T80/><D107/><U31/><E90/><V84/><F66/><W95/><G125/><T99/><D132/><U76/><E76/><V70/><F70/><W128/><G128/><T119/><D119/><U102/><E102/><V27/><F45/><N who="3" m="17515" /><G63/><T23/><D124/><U126/><E126/><V18/><REACH who="2" step="1"/><F30/><REACH who="2" ten="317,266,187,220" step="2"/><W20/><G38/><T47/><D68/><U54/><E133/><V55/><F55/><W21/><G37/><T120/><D53/><U26/><E31/><V134/><F134/><W25/><G97/><T103/><D65/><U17/><E43/><V121/><F121/><W129/><G129/><T83/><D42/><U101/><E101/><V105/><F105/><W19/><G5/><T51/><D120/><U0/><E0/><V69/><F69/><W127/><G127/><T59/><D103/><U91/><E118/><V11/><F11/><N who="3" m="6655" /><G25/><T24/><D24/><U87/><E116/><V16/><F16/><W79/><AGARI ba="1,1" hai="20,21,79,82,86,92,93,95" m="6655,17515" machi="79" ten="30,2000,0" yaku="8,1,52,1" doraHai="7" who="3" fromWho="3" sc="317,-6,266,-11,187,-6,220,33" /><INIT seed="6,0,0,0,3,67" ten="311,255,181,253" oya="2" hai0="92,124,27,135,88,131,133,98,129,25,77,100,68" hai1="20,116,66,94,71,118,113,63,10,57,21,28,104" hai2="18,62,24,132,19,70,13,127,134,74,58,83,36" hai3="130,114,37,16,12,76,96,8,81,41,78,22,39"/><V50/><F36/><W121/><G121/><T119/><D119/><U42/><E104/><V75/><F50/><W109/><G109/><T120/><D120/><U117/><E113/><V34/><F127/><W6/><G114/><T123/><D123/><U112/><E112/><V33/><F70/><W106/><G130/><N who="0" m="49675" /><D68/><U56/><E42/><V91/><F91/><W14/><G41/><T107/><D77/><U3/><E94/><V17/><F13/><W30/><G30/><T51/><D51/><U80/><E80/><V65/><F24/><N who="0" m="9290" /><D124/><U47/><E28/><V89/><F89/><W40/><G40/><T86/><AGARI ba="0,0" hai="86,88,92,98,100,107,133,135" m="9290,49675" machi="86" ten="30,2000,0" yaku="19,1,54,1" doraHai="67" who="0" fromWho="0" sc="311,20,255,-5,181,-10,253,-5" /><INIT seed="7,0,0,3,5,134" ten="331,250,171,248" oya="3" hai0="28,119,112,74,129,91,40,48,98,95,105,14,41" hai1="70,90,85,51,1,47,53,15,102,12,123,23,26" hai2="106,21,45,5,87,17,86,56,20,19,80,8,33" hai3="113,59,120,65,104,39,131,81,0,124,133,50,132"/><W93/><G104/><T130/><D119/><U103/><E1/><V35/><F106/><W13/><G0/><T67/><D74/><U135/><E70/><V73/><F73/><W111/><G39/><T92/><D105/><U6/><E123/><V96/><F96/><W88/><G120/><T9/><D112/><U126/><E126/><V31/><F31/><W27/><G113/><T60/><D28/><N who="1" m="17503" /><E135/><N who="3" m="51786" /><G131/><N who="0" m="50187" /><D48/><U54/><E54/><V55/><F45/><W44/><G111/><T18/><D95/><N who="1" m="54735" /><E6/><V25/><F35/><W117/><G117/><T58/><AGARI ba="0,0" hai="9,14,18,40,41,58,60,67,91,92,98" m="50187" machi="58" ten="30,1100,0" yaku="19,1" doraHai="134" who="0" fromWho="0" sc="331,11,250,-3,171,-3,248,-5" owari="342,44.2,247,4.7,168,-33.2,243,-15.7" /></mjloggm>