<mjloggm ver="2.3"><GO type="169" lobby="0"/><UN n0="%E3%81%B1%E3%82%93%E3%81%AA%E3%81%93%E3%81%BE%E3%81%A3%E3%81%9F" n1="%E9%B3%B3%E5%8D%97%E3%81%AE%E3%81%B6%E3%81%9F%E3%81%95%E3%82%93" n2="%E7%B4%94%E6%BD%94%E3%83%94%E3%83%A9%E3%83%8B%E3%82%A2" n3="%E3%82%BF%E3%82%A4%E4%BA%BA%EF%BC%A0%E3%83%90%E3%83%B3%E3%82%B3%E3%82%AF" dan="17,18,16,16" rate="2190.53,2251.54,2135.23,2125.24" sx="M,M,M,M"/><TAIKYOKU oya="0"/><INIT seed="0,0,0,2,0,134" ten="250,250,250,250" oya="0" hai0="79,22,83,108,104,61,29,98,97,122,42,92,57" hai1="65,59,114,39,47,124,21,84,15,7,125,28,77" hai2="94,44,82,19,67,64,133,13,55,26,38,16,106" hai3="102,11,95,53,99,52,49,32,74,76,34,31,0"/><T127/><D122/><U126/><E114/><V60/><F106/><W36/><G36/><T85/><D42/><N who="1" m="23007" /><E77/><V58/><F133/><W75/><G53/><T72/><D108/><U66/><E84/><V18/><F82/><W131/><G131/><T87/><D98/><U80/><E80/><V45/><F26/><W112/><G112/><T1/><D1/><U17/><E28/><V37/><F37/><W91/><G76/><T10/><D10/><N who="1" m="4575" /><E59/><V89/><F13/><AGARI ba="0,0" hai="13,17,21,65,66,124,125,126" m="4575,23007" machi="13" ten="30,7700,0" yaku="18,1,52,3" doraHai="134" who="1" fromWho="2" sc="250,0,250,77,250,-77,250,0" /><INIT seed="1,0,0,0,5,35" ten="250,327,173,250" oya="1" hai0="5,81,22,4,107,126,96,76,105,17,82,75,87" hai1="63,41,80,135,27,40,32,120,0,132,55,31,127" hai2="46,33,92,116,134,85,106,118,30,10,128,98,26" hai3="43,51,61,113,125,121,45,39,72,20,130,111,110"/><U94/><E120/><V54/><F128/><W6/><G121/><T56/><D126/><U64/><E127/><V2/><F134/><N who="1" m="51241" /><E55/><V38/><F85/><W14/><G72/><T36/><D36/><U49/><E49/><V68/><F68/><W44/><G125/><T100/><D107/><U25/><E94/><V24/><F24/><W71/><G113/><T13/><REACH who="0" step="1"/><D56/><REACH who="0" ten="240,327,173,250" step="2"/><N who="1" m="36967" /><E0/><V21/><F106/><W60/><G39/><T57/><D57/><U109/><E109/><V83/><F38/><W122/><G111/><T84/><D84/><U74/><E27/><V78/><F2/><W37/><G110/><T48/><D48/><U42/><E74/><V90/><F26/><W73/><G73/><T3/><D3/><U1/><E1/><V91/><F116/><W65/><G122/><T69/><D69/><U34/><E80/><V101/><F83/><W103/><G51/><T95/><D95/><U129/><E129/><V133/><F92/><W62/><G130/><T131/><D131/><U124/><E124/><V50/><F50/><W79/><G37/><T93/><D93/><U9/><E34/><V66/><F33/><W28/><G71/><T104/><D104/><U58/><E58/><V23/><F133/><W88/><G62/><T115/><D115/><U19/><E41/><V119/><F118/><W67/><G61/><T29/><D29/><U15/><AGARI ba="0,1" hai="9,15,19,25,31,32,40,42" m="36967,51241" machi="15" ten="30,1500,0" yaku="20,1" doraHai="35" who="1" fromWho="1" sc="240,-5,327,25,173,-5,250,-5" /><INIT seed="1,1,0,2,1,49" ten="235,352,168,245" oya="1" hai0="42,90,47,43,68,121,36,117,97,51,128,4,28" hai1="1,74,57,62,115,99,56,55,2,70,15,13,24" hai2="17,100,131,22,48,133,123,60,14,101,69,19,95" hai3="65,79,32,84,58,111,88,11,102,130,98,96,25"/><U132/><E115/><V46/><F123/><W127/><G111/><T21/><D68/><U75/><E70/><V16/><F131/><W103/><G130/><T108/><D117/><U38/><E38/><V6/><F133/><W82/><G127/><T107/><D128/><U37/><E37/><V76/><F76/><W81/><G11/><T80/><D108/><U23/><E132/><V35/><F35/><W8/><G8/><T3/><D121/><U119/><E119/><V126/><F126/><W67/><G25/><T110/><D110/><U120/><E120/><V105/><F105/><W53/><G32/><T86/><D3/><U20/><E99/><N who="3" m="37930" /><G81/><T89/><D4/><U134/><E134/><V63/><F95/><W31/><G31/><T26/><D107/><U10/><E10/><N who="2" m="4439" /><F22/><W125/><G79/><T27/><D36/><U44/><E24/><V40/><F69/><W34/><G34/><T106/><D27/><U39/><E39/><V87/><F87/><W66/><G125/><T93/><REACH who="0" step="1"/><D106/><REACH who="0" ten="225,352,168,245" step="2"/><U116/><E116/><V92/><F92/><W114/><G114/><T33/><D33/><U129/><E129/><V0/><F0/><W83/><G83/><T109/><D109/><U124/><E124/><V9/><F9/><W61/><AGARI ba="1,1" hai="53,58,61,65,66,67,82,84,88,102,103" m="37930" machi="61" ten="30,4000,0" yaku="8,1,52,1,54,1" doraHai="49" who="3" fromWho="3" sc="225,-11,352,-21,168,-11,245,53" /><INIT seed="2,0,0,4,5,102" ten="214,331,157,298" oya="2" hai0="88,92,103,73,8,14,89,84,4,113,41,77,19" hai1="60,129,17,93,54,76,107,85,64,43,44,110,40" hai2="101,134,81,51,45,52,20,38,23,3,109,30,66" hai3="9,24,82,111,98,130,123,86,26,80,94,112,46"/><V27/><F3/><W68/><G123/><T2/><D113/><U65/><E107/><V133/><F38/><W90/><G68/><T127/><D127/><U69/><E110/><V97/><F109/><W33/><G111/><T32/><D32/><U37/><E17/><V7/><F7/><W95/><G112/><T16/><D103/><U72/><E72/><V34/><F81/><W83/><G33/><T79/><D73/><U31/><E31/><V56/><F66/><W49/><G9/><T67/><D41/><U15/><E15/><V87/><F87/><W108/><G130/><T6/><D67/><N who="1" m="41191" /><E93/><V74/><F74/><W21/><G21/><T53/><D6/><U12/><E12/><V120/><F56/><W132/><G132/><N who="2" m="50793" /><F120/><W91/><REACH who="3" step="1"/><G108/><REACH who="3" ten="214,331,157,288" step="2"/><T131/><D131/><U57/><E129/><V105/><AGARI ba="0,1" hai="20,23,27,30,34,45,51,52,97,101,105" m="50793" machi="105" ten="30,6000,0" yaku="20,1,52,1,54,1" doraHai="102" who="2" fromWho="2" sc="214,-20,331,-20,157,70,288,-20" /><INIT seed="2,1,0,0,3,81" ten="194,311,227,268" oya="2" hai0="65,13,17,74,88,103,46,99,45,58,20,98,34" hai1="11,112,60,123,80,113,73,1,37,118,25,82,15" hai2="131,134,96,70,89,75,119,93,43,101,109,31,90" hai3="55,114,23,130,97,59,7,64,106,104,19,117,22"/><V14/><F119/><W66/><G117/><T0/><D74/><U108/><E118/><V48/><F75/><W16/><G130/><T42/><D0/><U32/><E37/><V87/><F131/><W78/><G78/><T4/><D34/><U79/><E108/><V57/><F70/><W95/><G7/><T3/><D3/><U125/><E125/><V69/><F69/><W124/><G114/><T29/><D4/><N who="1" m="1423" /><E80/><V122/><F122/><W94/><G55/><T10/><D46/><U27/><E27/><V72/><F72/><W51/><G51/><T91/><D99/><U83/><E83/><V26/><F134/><W12/><G59/><T110/><D110/><U71/><E15/><V40/><F14/><W18/><G18/><T132/><D132/><U33/><E123/><V6/><F6/><W52/><G52/><T120/><D120/><U126/><E126/><V121/><F89/><W102/><G124/><T30/><D58/><U61/><E61/><V39/><F39/><W28/><G28/><T133/><D65/><N who="1" m="41383" /><E25/><V5/><F5/><W49/><G49/><T92/><D133/><U67/><E67/><V77/><F77/><W100/><G12/><T47/><D47/><U62/><E62/><V53/><F109/><W8/><REACH who="3" step="1"/><G97/><REACH who="3" ten="194,311,227,258" step="2"/><T56/><D56/><U44/><E44/><V54/><F53/><W116/><G116/><T2/><D2/><U85/><E73/><V63/><F48/><W41/><G41/><T115/><D115/><U24/><E24/><V36/><F121/><W128/><G128/><T129/><D129/><U107/><E113/><RYUUKYOKU ba="1,1" sc="194,-10,311,-10,227,-10,258,30" hai3="8,16,19,22,23,64,66,94,95,100,102,104,106" /><INIT seed="3,2,1,2,3,15" ten="184,301,217,288" oya="3" hai0="67,34,88,97,77,91,41,54,74,37,38,23,101" hai1="127,89,52,93,56,69,2,72,28,111,19,117,85" hai2="79,17,48,128,73,105,126,59,64,92,66,76,26" hai3="35,45,112,12,1,46,123,102,119,24,78,110,70"/><W11/><G119/><T71/><D34/><U95/><E72/><V4/><F105/><W61/><G112/><T10/><D10/><U106/><E106/><V14/><F126/><W134/><G1/><T109/><D109/><U0/><E69/><V100/><F26/><W9/><G123/><T125/><D125/><U103/><E127/><V40/><F4/><W20/><G102/><T80/><D54/><U104/><E104/><V22/><F73/><W108/><G35/><T57/><D71/><U132/><E28/><V43/><F128/><W39/><G9/><T42/><D38/><U7/><E7/><V96/><F59/><W63/><G78/><N who="2" m="29737" /><F48/><W31/><G134/><T30/><D57/><U114/><E114/><V3/><F3/><W120/><G120/><T58/><D58/><U90/><E111/><N who="3" m="42538" /><G39/><T94/><D67/><AGARI ba="2,1" hai="14,17,22,40,43,64,66,67,92,96,100" m="29737" machi="67" ten="30,2000,0" yaku="8,1,52,1" doraHai="15" who="2" fromWho="0" sc="184,-26,301,0,217,36,288,0" /><INIT seed="4,0,0,2,3,102" ten="158,301,253,288" oya="0" hai0="95,120,16,131,38,22,50,68,39,8,89,98,108" hai1="92,77,76,94,111,6,57,42,33,70,17,107,113" hai2="133,85,90,3,119,124,118,10,134,62,87,46,112" hai3="60,15,31,1,11,59,36,19,78,83,88,96,4"/><T127/><D120/><U84/><E70/><V114/><F3/><W132/><G36/><T40/><D68/><U24/><E111/><V75/><F10/><W47/><G132/><N who="2" m="50793" /><F75/><W135/><G135/><T20/><D108/><U55/><E6/><V80/><F124/><W122/><G122/><T105/><D127/><U121/><E121/><V66/><F46/><W23/><G47/><T21/><D131/><U12/><E42/><V130/><F130/><W69/><G69/><T125/><D125/><U81/><E77/><N who="2" m="46223" /><F66/><W18/><G31/><T117/><D117/><N who="2" m="44554" /><F62/><W71/><G71/><T13/><REACH who="0" step="1"/><D105/><REACH who="0" ten="148,301,253,288" step="2"/><U54/><E107/><V56/><F56/><W32/><G59/><T128/><D128/><U99/><E57/><V104/><F104/><W97/><G60/><T123/><D123/><U7/><E7/><V63/><F63/><W126/><G4/><T53/><D53/><U100/><E55/><V41/><F41/><W51/><G126/><T79/><D79/><U65/><E54/><V91/><F91/><W30/><G88/><T34/><D34/><U64/><E33/><V67/><F67/><W37/><G32/><T48/><D48/><U86/><E65/><V43/><F43/><W110/><G51/><T26/><D26/><U49/><E24/><V2/><F2/><W129/><G1/><T72/><D72/><U106/><E64/><V28/><F28/><W82/><G30/><T109/><D109/><U52/><E49/><V116/><F116/><W44/><G110/><T45/><AGARI ba="0,1" hai="8,13,16,20,21,22,38,39,40,45,50,89,95,98" machi="45" ten="30,11700,0" yaku="1,1,0,1,54,1,53,1" doraHai="102" doraHaiUra="93" who="0" fromWho="0" sc="148,127,301,-39,253,-39,288,-39" /><INIT seed="4,1,0,3,4,134" ten="275,262,214,249" oya="0" hai0="95,18,132,48,3,129,80,126,87,43,114,40,135" hai1="112,86,115,67,91,0,124,26,2,78,97,12,131" hai2="37,69,5,121,76,19,94,102,54,38,72,60,51" hai3="133,96,108,73,32,74,106,116,89,81,99,20,101"/><T88/><D3/><U111/><E111/><V65/><F121/><W33/><G116/><T7/><D7/><U11/><E67/><V58/><F5/><W16/><G108/><T35/><D35/><U66/><E66/><V77/><F19/><W61/><G61/><T24/><D114/><N who="1" m="43563" /><E131/><V27/><F27/><W52/><G133/><N who="0" m="51275" /><D129/><U59/><E59/><V85/><F72/><W13/><G33/><T34/><D126/><U68/><E68/><V92/><F102/><W42/><G42/><N who="0" m="15915" /><D48/><U110/><E110/><V70/><F70/><W14/><G32/><T28/><D18/><N who="1" m="8479" /><E124/><V104/><F69/><W109/><G109/><T30/><D28/><U113/><E26/><V53/><F51/><W57/><G14/><T41/><D41/><U107/><E113/><V22/><F60/><W119/><G119/><T123/><D123/><U127/><E127/><V56/><F65/><W83/><G73/><T45/><D45/><U62/><E62/><V100/><F56/><W1/><G74/><T117/><D117/><U64/><E64/><V75/><F75/><W122/><G122/><T29/><D29/><U63/><E63/><V31/><F58/><W17/><G57/><T90/><D95/><N who="1" m="56575" /><E107/><V71/><F71/><W128/><G106/><T21/><D34/><U6/><E6/><V9/><F104/><W46/><G128/><T44/><D44/><U49/><E49/><V98/><F31/><W93/><G46/><T118/><D118/><U105/><E105/><V82/><F92/><W55/><G93/><T36/><D36/><U125/><E125/><V4/><F38/><RYUUKYOKU ba="1,0" sc="275,15,262,15,214,-15,249,-15" hai0="21,24,30,80,87,88,90" hai1="0,2,78,86" /><INIT seed="4,2,0,2,0,43" ten="290,277,199,234" oya="0" hai0="61,66,84,11,77,131,87,15,8,1,63,0,109" hai1="118,44,9,30,101,34,100,48,14,67,71,81,68" hai2="13,119,76,24,75,31,133,104,55,91,82,126,134" hai3="110,38,42,103,58,18,112,79,116,132,78,62,125"/><T124/><D124/><U111/><E111/><V57/><F126/><W69/><G110/><T35/><D109/><U45/><E118/><V47/><F119/><W96/><G116/><T6/><D35/><U83/><E30/><V41/><F13/><W4/><G125/><T86/><D131/><U70/><E67/><V20/><F104/><W88/><G132/><T32/><D32/><U17/><E34/><V46/><F91/><W95/><G69/><T21/><D77/><U74/><E74/><V10/><F10/><W98/><G4/><T37/><D37/><U80/><REACH who="1" step="1"/><E48/><REACH who="1" ten="290,267,199,234" step="2"/><V27/><F133/><W107/><G112/><T89/><D63/><U25/><E25/><V60/><F134/><W51/><G38/><T90/><D61/><U54/><E54/><V123/><F123/><W85/><G51/><T121/><D66/><U135/><E135/><V56/><F41/><W113/><G113/><T22/><D121/><U129/><E129/><V127/><F127/><W19/><G42/><T122/><D122/><U117/><E117/><V50/><F24/><W29/><G29/><T73/><D73/><U99/><E99/><V92/><REACH who="2" step="1"/><F92/><REACH who="2" ten="290,267,189,234" step="2"/><W53/><REACH who="3" step="1"/><G98/><REACH who="3" ten="290,267,189,224" step="2"/><T23/><REACH who="0" step="1"/><D0/><REACH who="0" ten="280,267,189,224" step="2"/><RYUUKYOKU type="reach4" ba="2,4" sc="280,0,267,0,189,0,224,0" hai0="1,6,8,11,15,21,22,23,84,86,87,89,90" hai1="9,14,17,44,45,68,70,71,80,81,83,100,101" hai2="20,27,31,46,47,50,55,56,57,60,75,76,82" hai3="18,19,53,58,62,78,79,85,88,95,96,103,107" /><INIT seed="4,3,4,2,3,27" ten="280,267,189,224" oya="0" hai0="31,26,22,55,20,12,123,95,1,57,46,99,53" hai1="24,65,72,66,34,92,103,32,107,21,118,125,121" hai2="23,129,135,90,78,28,60,15,101,51,61,70,10" hai3="122,73,14,130,64,116,132,106,80,67,56,54,104"/><T88/><D123/><U25/><E121/><V52/><F129/><W127/><G116/><T84/><D1/><U69/><E118/><V36/><F36/><W79/><G122/><T81/><D46/><U44/><E72/><V124/><F135/><W33/><G33/><T13/><D22/><U128/><E107/><V83/><F101/><W109/><G109/><T94/><D94/><U41/><E128/><V62/><F70/><W87/><G130/><T97/><D97/><U131/><E131/><V29/><F23/><W43/><G43/><T112/><D112/><U4/><E4/><N who="2" m="3527" /><F78/><W48/><G132/><T111/><D111/><U42/><E125/><V115/><F124/><W120/><G127/><T71/><D71/><U11/><E11/><V75/><F75/><W110/><G110/><T108/><D108/><U119/><E69/><V105/><F105/><W63/><G67/><T0/><D0/><U45/><E21/><V59/><F115/><W2/><G2/><T9/><D9/><U96/><E119/><V40/><F40/><W5/><G73/><T58/><D55/><U91/><E103/><V126/><F126/><W86/><G120/><T68/><D68/><U82/><E34/><V117/><F117/><W133/><G133/><T114/><D114/><U8/><E32/><V134/><F134/><W19/><G5/><T100/><D58/><U18/><E44/><V85/><AGARI ba="3,4" hai="28,29,51,52,59,60,61,62,83,85,90" m="3527" machi="85" ten="30,7900,0" yaku="8,1,52,2,54,1" doraHai="27" who="2" fromWho="2" sc="280,-42,267,-23,189,128,224,-23" /><INIT seed="5,0,0,1,3,74" ten="238,244,317,201" oya="1" hai0="131,35,101,132,103,60,124,117,12,85,96,45,27" hai1="52,41,82,72,56,91,16,95,106,58,80,66,86" hai2="8,26,7,116,31,127,64,50,68,19,59,90,93" hai3="33,69,70,37,24,5,54,99,89,130,34,40,112"/><U63/><E106/><V38/><F116/><W51/><G112/><T114/><D117/><U21/><E41/><V23/><F127/><W1/><G130/><T113/><D124/><U43/><E43/><V126/><F38/><W55/><G5/><T62/><D131/><U75/><E72/><V67/><F68/><W46/><G46/><T111/><BYE who="3" /><D111/><U44/><E44/><V2/><F126/><W30/><G30/><UN n3="%E3%82%BF%E3%82%A4%E4%BA%BA%EF%BC%A0%E3%83%90%E3%83%B3%E3%82%B3%E3%82%AF" /><T79/><D132/><U65/><E75/><V121/><F121/><W39/><G40/><T17/><D45/><U3/><E3/><V108/><F108/><W115/><G1/><T53/><D27/><N who="1" m="14759" /><E66/><V78/><F31/><W81/><G115/><N who="0" m="44043" /><D35/><U133/><E133/><V109/><F109/><W84/><G39/><T105/><D53/><N who="3" m="19977" /><G51/><AGARI ba="0,0" hai="51,52,56,58,63,65,80,82,86,91,95" m="14759" machi="51" ten="30,5800,0" yaku="8,1,54,2" doraHai="74" who="1" fromWho="3" sc="238,0,244,58,317,0,201,-58" /><INIT seed="5,1,0,2,4,113" ten="238,302,317,143" oya="1" hai0="23,21,13,61,58,19,73,32,30,8,33,88,90" hai1="40,1,60,11,52,49,102,54,86,22,63,17,16" hai2="39,87,28,119,117,101,125,111,105,120,132,109,43" hai3="95,2,41,59,71,18,84,126,14,121,89,4,47"/><U45/><E102/><V10/><F87/><W122/><G71/><T76/><D73/><U96/><E96/><N who="2" m="61607" /><F120/><W5/><G126/><T93/><D76/><U7/><E17/><V35/><F10/><W72/><G72/><T27/><D33/><U57/><E86/><V128/><F125/><W75/><G75/><T26/><D93/><U130/><E130/><V98/><F98/><W34/><G34/><T55/><REACH who="0" step="1"/><D32/><REACH who="0" ten="228,302,317,143" step="2"/><U100/><E100/><V56/><F128/><W25/><G122/><T31/><AGARI ba="1,1" hai="8,13,19,21,23,26,27,30,31,55,58,61,88,90" machi="31" ten="20,12000,2" yaku="1,1,2,1,0,1,7,1,9,1,8,1,54,1,53,0" doraHai="113" doraHaiUra="81" who="0" fromWho="0" sc="228,133,302,-61,317,-31,143,-31" /><INIT seed="6,0,0,5,5,81" ten="361,241,286,112" oya="2" hai0="100,6,45,131,36,28,43,19,120,67,125,38,2" hai1="14,30,9,71,108,26,84,130,52,124,79,119,94" hai2="78,44,13,96,93,127,32,98,76,116,87,41,33" hai3="29,104,22,23,4,24,65,8,12,82,92,133,20"/><V10/><F116/><W86/><G104/><T128/><D120/><U99/><E119/><V97/><F127/><W62/><G92/><T3/><D125/><U103/><E124/><V56/><F56/><W126/><G133/><T132/><D132/><U46/><E71/><V63/><F63/><W55/><G55/><T80/><D28/><U16/><E130/><N who="0" m="49705" /><D100/><U122/><E108/><V109/><F109/><W15/><G15/><T34/><D34/><U111/><E111/><V105/><F105/><W57/><REACH who="3" step="1"/><G126/><REACH who="3" ten="361,241,286,102" step="2"/><T40/><D2/><U47/><E122/><V1/><F1/><W66/><G66/><T114/><D67/><U27/><E52/><V51/><F33/><W85/><G85/><T83/><D3/><U106/><E27/><V110/><F32/><W113/><G113/><T7/><D114/><U61/><E106/><V72/><F110/><W135/><G135/><T91/><D43/><U118/><E118/><V48/><F72/><W90/><AGARI ba="0,1" hai="4,8,12,20,22,23,24,29,57,62,65,82,86,90" machi="90" ten="20,8000,1" yaku="1,1,0,1,7,1,8,1,52,1,53,0" doraHai="81" doraHaiUra="112" who="3" fromWho="3" sc="361,-20,241,-20,286,-40,102,90" /><INIT seed="7,0,0,3,1,13" ten="341,221,246,192" oya="3" hai0="76,30,39,14,49,81,122,62,63,112,56,23,15" hai1="29,71,5,58,110,104,8,44,105,100,124,117,90" hai2="9,82,80,131,92,38,37,35,34,16,96,52,88" hai3="125,60,22,46,130,65,94,116,128,91,55,11,40"/><W1/><G116/><T126/><D39/><U19/><E110/><V6/><F131/><N who="3" m="50219" /><G125/><T18/><D122/><U42/><E71/><V61/><F37/><N who="3" m="21775" /><G55/><N who="0" m="31855" /><D126/><U85/><E124/><V45/><F34/><W119/><G119/><T109/><D30/><U102/><E29/><V67/><F35/><W118/><G118/><T27/><D109/><U70/><E70/><V73/><F73/><W74/><G74/><T103/><D103/><U28/><E28/><V84/><F38/><W83/><G83/><T2/><D2/><U4/><E117/><V41/><F41/><W120/><G120/><T36/><D36/><U75/><E75/><V32/><F32/><W66/><G60/><N who="0" m="23083" /><D112/><U129/><E129/><V0/><F80/><W113/><G113/><T10/><D10/><U59/><E8/><V12/><F0/><W7/><G22/><T72/><D72/><U33/><E33/><V98/><F82/><W121/><G121/><T69/><D69/><U123/><E123/><V78/><F78/><W54/><G54/><T114/><D114/><U3/><E3/><V68/><F6/><W111/><G111/><T86/><AGARI ba="0,0" hai="14,15,18,23,27,76,81,86" m="23083,31855" machi="86" ten="30,2000,0" yaku="8,1,52,1" doraHai="13" who="0" fromWho="0" sc="341,20,221,-5,246,-5,192,-10" owari="361,46.1,216,-18.4,241,4.1,182,-31.8" /></mjloggm>