<mjloggm ver="2.3"><GO type="169" lobby="0"/><UN n0="%E7%89%A7%E5%A0%B4%E3%81%AE%E5%B0%8F%E5%A5%B3" n1="%63%2E%63%2D%76%2E%76" n2="%E7%A9%BA%E6%B0%97%E3%82%B1%E3%83%BC%E3%82%AD" n3="%E3%81%BE%E3%81%88%E3%81%9F" dan="16,17,17,16" rate="2176.60,2219.43,2182.70,2184.61" sx="F,F,M,F"/><TAIKYOKU oya="0"/><INIT seed="0,0,0,1,0,103" ten="250,250,250,250" oya="0" hai0="134,53,107,1,81,55,40,105,79,57,132,48,93" hai1="71,47,10,68,11,52,16,66,73,3,125,58,35" hai2="63,91,88,98,61,21,62,9,70,65,41,24,78" hai3="32,115,122,119,59,108,96,5,64,106,54,86,17"/><T84/><D1/><U37/><E73/><V4/><F78/><W56/><G115/><T95/><D40/><U51/><E35/><V14/><F41/><W135/><G32/><T74/><D53/><U129/><E3/><V34/><F34/><W123/><G119/><T109/><D109/><U20/><E129/><V15/><F15/><W87/><G5/><T2/><D2/><U72/><E72/><V67/><F98/><W77/><G108/><T80/><D93/><U31/><E31/><V89/><REACH who="2" step="1"/><F70/><REACH who="2" ten="250,250,240,250" step="2"/><W104/><G96/><T26/><D26/><U23/><E71/><V118/><F118/><W76/><G135/><N who="0" m="51755" /><D95/><U117/><E117/><V75/><F75/><W27/><G27/><T97/><D97/><U124/><E37/><V110/><F110/><W127/><G77/><AGARI ba="0,1" hai="48,55,57,74,77,79,80,81,84,105,107" m="51755" machi="77" ten="30,5800,0" yaku="20,1,52,2" doraHai="103" who="0" fromWho="3" sc="250,68,250,0,240,0,250,-58" /><INIT seed="0,1,0,2,0,67" ten="318,250,240,192" oya="0" hai0="64,127,79,100,108,19,76,20,62,135,121,61,60" hai1="12,131,26,112,101,59,41,52,123,122,24,14,92" hai2="17,0,86,129,15,8,32,1,48,58,95,110,124" hai3="107,87,28,90,81,91,40,11,106,111,55,45,73"/><T71/><D121/><U22/><E131/><V113/><F113/><W74/><G111/><T102/><D135/><U37/><E112/><V16/><F110/><W9/><G28/><T132/><D132/><U105/><E105/><V56/><F32/><W10/><G55/><T43/><D108/><U125/><E125/><V63/><F129/><W4/><G4/><T128/><D128/><U116/><E116/><V97/><F124/><W94/><G74/><T35/><D35/><U75/><E75/><V133/><F133/><W72/><G72/><T118/><D118/><U46/><E26/><V30/><F30/><W54/><G54/><T6/><D6/><U78/><E78/><V18/><F86/><W114/><G114/><T36/><D79/><U49/><E101/><V99/><F0/><W119/><G119/><T120/><D76/><U3/><E3/><V77/><F77/><W109/><G73/><T117/><D127/><U115/><E115/><V69/><F69/><W83/><G109/><T34/><D34/><U65/><E92/><V5/><F1/><W134/><G134/><T31/><D31/><U104/><E104/><V27/><F27/><W82/><REACH who="3" step="1"/><G90/><REACH who="3" ten="318,250,240,182" step="2"/><T50/><D117/><U57/><E122/><V39/><F5/><W38/><AGARI ba="1,1" hai="9,10,11,38,40,45,81,82,83,87,91,94,106,107" machi="38" ten="30,4000,0" yaku="1,1,2,1,0,1,53,0" doraHai="67" doraHaiUra="44" who="3" fromWho="3" sc="318,-21,250,-11,240,-11,182,53" /><INIT seed="1,0,0,3,2,87" ten="297,239,229,235" oya="1" hai0="74,68,80,105,50,25,4,101,121,0,26,33,117" hai1="119,1,39,60,73,32,37,49,29,48,134,40,51" hai2="93,42,75,81,23,133,31,90,21,131,15,46,20" hai3="59,100,126,61,72,58,41,6,123,34,11,99,71"/><U88/><E119/><V132/><F131/><W125/><G72/><T109/><D117/><U45/><E73/><V122/><F122/><W35/><G41/><T16/><D50/><U7/><E39/><V96/><F31/><W63/><G71/><T111/><D68/><U127/><E127/><N who="3" m="48650" /><G123/><T18/><D121/><U10/><E134/><N who="2" m="51819" /><F15/><N who="3" m="5623" /><G59/><T104/><D4/><U76/><E76/><N who="2" m="44191" /><F23/><W65/><G61/><T12/><D0/><U97/><E60/><V95/><F93/><AGARI ba="0,0" hai="34,35,58,63,65,93,99,100" m="5623,48650" machi="93" ten="30,1000,0" yaku="18,1" doraHai="87" who="3" fromWho="2" sc="297,0,239,0,229,-10,235,10" /><INIT seed="2,0,0,0,1,107" ten="297,239,219,245" oya="2" hai0="106,121,24,97,30,39,101,123,118,87,103,100,57" hai1="17,120,88,1,93,13,78,19,34,47,111,128,75" hai2="114,61,116,108,10,35,18,44,21,124,96,64,130" hai3="98,81,23,135,6,32,70,122,82,4,90,37,14"/><V77/><F35/><W11/><G32/><T117/><D39/><U126/><E34/><V9/><F114/><W20/><G70/><T22/><D87/><U15/><E1/><V26/><F116/><N who="0" m="44650" /><D57/><U27/><E111/><V73/><F130/><W69/><G37/><T8/><D8/><U80/><E128/><V40/><F124/><W0/><G69/><T55/><D55/><U94/><E126/><V12/><F108/><W129/><G129/><T59/><D59/><U56/><E120/><AGARI ba="0,0" hai="22,24,30,97,100,101,103,106,120,121,123" m="44650" machi="120" ten="30,1000,0" yaku="12,1" doraHai="107" who="0" fromWho="1" sc="297,10,239,-10,219,0,245,0" /><INIT seed="3,0,0,1,5,96" ten="307,229,219,245" oya="3" hai0="92,99,122,55,101,117,1,58,20,76,104,114,25" hai1="26,70,37,100,118,46,43,103,132,36,16,93,107" hai2="123,41,19,110,88,134,113,67,82,59,35,81,73" hai3="63,121,15,62,65,127,112,3,34,10,69,74,53"/><W124/><G112/><T105/><D117/><U44/><E107/><V52/><F113/><W48/><G74/><T90/><D114/><U79/><E70/><V106/><F35/><W87/><G34/><T98/><D105/><U71/><E71/><V21/><F110/><W126/><G121/><T5/><D76/><U38/><E118/><V125/><F106/><W6/><G87/><T39/><D39/><U120/><E120/><V128/><F123/><W27/><G63/><T22/><D122/><U66/><E66/><V13/><F128/><W102/><G27/><T72/><D72/><U23/><E132/><V111/><F111/><W17/><G102/><T85/><D85/><U47/><E93/><V97/><F67/><W77/><G77/><T49/><D1/><U40/><REACH who="1" step="1"/><E79/><REACH who="1" ten="307,219,219,245" step="2"/><V80/><F134/><W51/><REACH who="3" step="1"/><G53/><REACH who="3" ten="307,219,219,235" step="2"/><T7/><D104/><U86/><E86/><V135/><F73/><W45/><G45/><T130/><D130/><U109/><E109/><V54/><F54/><W28/><G28/><T64/><D55/><U78/><E78/><V75/><F75/><W57/><G57/><T61/><D58/><U56/><E56/><V42/><F135/><W95/><G95/><T91/><D92/><U29/><E29/><V11/><F59/><W131/><G131/><T4/><D64/><U116/><E116/><V8/><F52/><W24/><G24/><T50/><D25/><U2/><E2/><V12/><F80/><W94/><G94/><T119/><D119/><U68/><E68/><V33/><F81/><W84/><G84/><T0/><D0/><RYUUKYOKU ba="0,2" sc="307,-15,219,15,219,-15,235,15" hai1="16,23,26,36,37,38,40,43,44,46,47,100,103" hai3="3,6,10,15,17,48,51,62,65,69,124,126,127" /><INIT seed="3,1,2,2,2,81" ten="292,234,204,250" oya="3" hai0="47,116,65,53,57,31,26,59,127,86,130,10,101" hai1="123,117,99,134,77,39,9,98,68,128,69,30,16" hai2="40,133,66,37,82,28,1,124,102,50,100,58,64" hai3="110,87,62,70,11,44,118,14,109,113,45,34,33"/><W108/><G113/><T55/><D116/><U126/><E123/><V97/><F1/><W115/><G115/><T103/><D130/><U49/><E39/><V89/><F124/><W96/><G118/><T71/><D127/><U91/><E117/><V132/><F37/><W74/><G74/><T61/><D10/><U5/><E126/><V7/><F7/><W24/><G96/><T106/><D47/><N who="3" m="17993" /><G24/><T51/><D106/><U20/><E49/><V32/><F32/><N who="3" m="12395" /><G62/><T119/><D119/><U48/><E48/><V2/><F2/><W112/><G112/><T92/><D71/><U56/><E69/><V41/><F28/><W135/><G70/><T120/><D120/><U83/><E68/><V4/><F4/><N who="3" m="3431" /><G135/><T38/><D38/><U19/><E134/><V72/><F72/><W15/><G15/><T76/><D65/><U13/><E30/><V104/><F100/><W35/><N who="3" m="12403" /><W23/><DORA hai="85" /><G23/><N who="0" m="15839" /><D76/><U17/><E77/><V78/><F78/><W80/><G80/><T90/><AGARI ba="1,2" hai="51,53,55,57,59,61,86,90,92,101,103" m="15839" machi="90" ten="30,4000,0" yaku="8,1,52,2" doraHai="81,85" who="0" fromWho="0" sc="292,63,234,-11,204,-11,250,-21" /><INIT seed="4,0,0,0,2,95" ten="355,223,193,229" oya="0" hai0="74,36,47,68,70,125,66,29,73,30,118,135,109" hai1="53,14,11,81,2,8,69,97,112,80,56,120,121" hai2="23,15,0,98,133,101,32,117,131,71,22,39,57" hai3="82,76,87,31,25,27,43,7,60,35,64,24,113"/><T10/><D118/><U45/><E69/><V6/><F71/><W37/><G113/><T51/><D36/><U107/><E112/><V42/><F32/><W129/><G129/><T55/><D68/><U38/><E2/><V58/><F131/><W40/><G7/><T48/><D135/><U134/><E134/><V83/><F133/><W17/><G37/><T110/><D125/><U111/><E111/><V34/><F34/><W79/><G79/><T85/><D70/><U19/><E11/><V127/><F0/><W102/><G17/><T13/><D66/><U21/><E80/><V20/><F127/><W88/><G102/><T130/><D130/><U4/><E81/><V59/><F117/><W49/><G76/><T72/><D85/><U128/><E128/><V99/><F101/><W28/><G49/><T52/><D29/><N who="3" m="11337" /><G35/><T90/><D90/><U12/><E38/><V116/><F116/><W119/><G119/><T126/><D30/><U41/><E41/><V132/><F132/><W124/><G124/><T26/><D26/><U44/><E44/><V94/><F83/><W5/><G5/><N who="0" m="3279" /><D126/><U65/><E65/><V3/><F3/><W62/><G64/><T104/><D104/><U96/><E107/><V33/><F33/><W78/><G78/><T108/><D51/><U93/><E93/><V114/><F94/><W61/><AGARI ba="0,0" hai="24,25,27,40,43,60,61,62,82,87,88" m="11337" machi="61" ten="40,2700,0" yaku="8,1,54,1" doraHai="95" who="3" fromWho="3" sc="355,-13,223,-7,193,-7,229,27" /><INIT seed="5,0,0,3,2,55" ten="342,216,186,256" oya="1" hai0="91,80,102,71,42,109,121,5,87,111,56,40,84" hai1="95,24,114,18,75,113,54,134,130,94,96,0,83" hai2="13,29,53,86,20,69,93,35,128,41,120,11,125" hai3="119,92,85,66,118,123,48,67,76,27,49,89,16"/><U99/><E0/><V21/><F69/><W79/><G123/><T1/><D71/><U65/><E65/><N who="3" m="24586" /><G118/><T78/><D102/><U106/><E24/><V112/><F120/><W14/><G27/><T2/><D121/><U17/><E54/><V4/><F128/><W15/><G15/><T30/><D30/><U122/><E122/><V43/><F125/><W34/><G34/><T3/><D5/><U117/><E117/><V50/><F112/><N who="1" m="43113" /><E130/><V108/><F108/><W23/><G119/><T133/><D133/><U115/><N who="1" m="43121" /><U64/><DORA hai="110" /><E64/><V47/><F35/><W44/><G49/><T98/><D1/><U10/><E134/><V25/><REACH who="2" step="1"/><F21/><REACH who="2" ten="342,216,176,256" step="2"/><W70/><G70/><T90/><D111/><U129/><E129/><V101/><F101/><W107/><G107/><T62/><D109/><U7/><E106/><V104/><F104/><W58/><G58/><T63/><D56/><U9/><E9/><V37/><F37/><W36/><G36/><T6/><D2/><U45/><E10/><V46/><F46/><W59/><G59/><T74/><D3/><U81/><E45/><V126/><F126/><W135/><G135/><T132/><D132/><U60/><E75/><V103/><F103/><W39/><G39/><T73/><D74/><U82/><E60/><V33/><F33/><W124/><G124/><T116/><D62/><U131/><E131/><V12/><F12/><W127/><G127/><T105/><D63/><U52/><E7/><V28/><F28/><W8/><G23/><T22/><D6/><U57/><E57/><V38/><F38/><RYUUKYOKU ba="0,1" sc="342,-15,216,-15,176,15,256,15" hai2="4,11,13,20,25,29,41,43,47,50,53,86,93" hai3="8,14,16,44,48,76,79,85,89,92" /><INIT seed="6,1,1,0,0,130" ten="327,201,191,271" oya="2" hai0="49,113,13,36,117,64,45,106,41,93,66,18,100" hai1="60,30,1,52,37,116,83,47,91,126,114,9,127" hai2="26,118,63,22,68,119,110,53,99,87,132,69,12" hai3="128,105,70,58,16,10,11,15,7,5,54,78,61"/><V28/><F110/><W35/><G105/><T6/><D106/><U8/><E116/><V84/><F118/><W21/><G35/><T109/><D109/><U65/><E114/><V14/><F119/><W3/><G128/><T82/><D113/><U48/><E37/><V107/><F132/><W79/><REACH who="3" step="1"/><G70/><REACH who="3" ten="327,201,191,261" step="2"/><T111/><D111/><U56/><E126/><V44/><F69/><W74/><G74/><T86/><D117/><U102/><E127/><V103/><F68/><W92/><G92/><T104/><D104/><U20/><E102/><V135/><F135/><W55/><G55/><T72/><D72/><U62/><E65/><V0/><F107/><W27/><AGARI ba="1,2" hai="3,5,7,10,11,15,16,21,27,54,58,61,78,79" machi="27" ten="20,5200,0" yaku="1,1,0,1,7,1,54,1,53,0" doraHai="130" doraHaiUra="122" who="3" fromWho="3" sc="327,-14,201,-14,191,-27,261,75" /><INIT seed="7,0,0,3,0,107" ten="313,187,164,336" oya="3" hai0="57,44,114,130,131,12,35,19,26,50,48,124,115" hai1="96,74,46,116,10,102,41,80,132,39,66,87,52" hai2="100,113,133,77,28,54,125,32,73,31,59,93,86" hai3="99,11,56,62,78,7,122,97,34,5,91,123,84"/><W40/><G34/><T3/><D3/><U127/><E127/><V98/><F125/><W117/><G117/><T65/><D124/><U4/><E116/><V17/><F133/><W101/><G78/><T105/><D105/><U58/><E132/><V9/><F113/><N who="0" m="43018" /><D35/><U36/><E74/><V69/><F69/><W16/><G40/><N who="0" m="24583" /><D26/><U135/><E66/><V134/><F134/><W37/><G37/><T104/><D104/><U53/><E58/><V27/><F31/><W85/><G85/><T61/><D50/><U67/><E39/><V103/><F103/><W112/><G112/><T109/><D109/><U18/><E135/><V120/><F120/><W29/><G29/><T22/><AGARI ba="0,0" hai="12,19,22,57,61,65,130,131" m="24583,43018" machi="22" ten="30,2000,0" yaku="15,1,11,1" doraHai="107" who="0" fromWho="0" sc="313,20,187,-5,164,-5,336,-10" owari="333,43.3,182,-21.8,159,-34.1,326,12.6" /></mjloggm>