<mjloggm ver="2.3"><GO type="169" lobby="0"/><UN n0="%E6%88%BF%E5%B7%9E%73%75%6E" n1="%E3%83%A1%E3%82%BF%E3%83%93%E3%83%BC%E3%83%88" n2="%E6%9C%A8%E5%8E%9F%E8%B1%AA%E4%B8%80" n3="%E5%9B%9B%E5%89%AF%E9%9C%B2%E5%8D%98%E9%A8%8E" dan="17,19,16,16" rate="2204.86,2267.00,2157.39,2051.62" sx="M,M,M,F"/><TAIKYOKU oya="0"/><INIT seed="0,0,0,4,3,112" ten="250,250,250,250" oya="0" hai0="2,120,5,75,107,47,40,54,30,20,41,122,103" hai1="88,36,96,63,76,15,125,121,115,99,110,28,95" hai2="109,126,10,32,73,84,18,85,65,127,0,100,46" hai3="42,79,31,78,124,128,101,113,22,29,49,94,62"/><T26/><D54/><U130/><E121/><V89/><F73/><W27/><G113/><T108/><D108/><U34/><E36/><V24/><F100/><W106/><G106/><T118/><D118/><U86/><E34/><V132/><F46/><W58/><G128/><T131/><D131/><U50/><E28/><V57/><F57/><W92/><G31/><T97/><D40/><U102/><E125/><V33/><F84/><W17/><G124/><T90/><D90/><U6/><E110/><V23/><F85/><W69/><G69/><T72/><D72/><U87/><E115/><V74/><F65/><W81/><G17/><T64/><D64/><U25/><E25/><V45/><F45/><N who="3" m="25783" /><G81/><T37/><REACH who="0" step="1"/><D75/><REACH who="0" ten="240,250,250,250" step="2"/><U82/><E130/><V44/><F74/><W1/><G101/><T83/><D83/><U43/><E102/><V16/><F109/><W98/><G92/><T129/><D129/><U116/><E116/><V80/><F127/><W119/><G94/><T67/><D67/><U66/><E66/><V59/><F80/><W48/><G119/><T135/><D135/><U13/><E95/><V12/><F132/><W38/><G62/><T91/><D91/><U19/><E63/><V9/><F89/><W35/><G38/><T8/><AGARI ba="0,1" hai="2,5,8,20,26,30,37,41,47,97,103,107,120,122" machi="8" ten="30,3000,0" yaku="1,1,0,1,53,0" doraHai="112" doraHaiUra="52" who="0" fromWho="0" sc="240,40,250,-10,250,-10,250,-10" /><INIT seed="0,1,0,5,4,42" ten="280,240,240,240" oya="0" hai0="88,6,24,48,60,52,14,77,71,132,9,113,41" hai1="67,16,46,121,53,10,59,57,75,120,68,11,29" hai2="49,44,30,119,17,102,89,63,111,103,15,54,107" hai3="5,134,19,47,115,28,117,85,66,31,18,50,79"/><T58/><D113/><U61/><E75/><V104/><F111/><W33/><G115/><T91/><D132/><U80/><E68/><V99/><F119/><W21/><G117/><T122/><D122/><U93/><E29/><V109/><F109/><W69/><G134/><T112/><D112/><U78/><E93/><V64/><F30/><W126/><G126/><T123/><D123/><U25/><E120/><V108/><F108/><W106/><G106/><T35/><D77/><U101/><E101/><V133/><F133/><W26/><G5/><T86/><D35/><U81/><E46/><V0/><F0/><W84/><G31/><T70/><D24/><U38/><E38/><V105/><F89/><W56/><G69/><T8/><D8/><N who="1" m="3115" /><E78/><V118/><F103/><W43/><G79/><T90/><REACH who="0" step="1"/><D86/><REACH who="0" ten="270,240,240,240" step="2"/><U4/><E121/><V128/><F118/><W3/><G33/><T83/><D83/><U94/><E81/><V74/><F74/><W12/><G84/><T51/><D51/><U62/><E80/><V36/><F36/><W65/><G85/><T82/><D82/><U135/><E135/><V92/><F49/><W37/><G37/><T34/><D34/><U1/><E25/><V55/><F128/><W95/><G26/><T27/><D27/><U98/><E61/><V20/><F63/><W76/><G76/><T130/><D130/><U125/><E62/><V73/><F73/><W22/><G50/><T13/><D13/><U7/><E1/><V114/><F114/><W129/><G129/><T97/><D97/><U87/><E98/><V124/><F99/><RYUUKYOKU ba="1,1" sc="270,30,240,-10,240,-10,240,-10" hai0="6,9,14,41,48,52,58,60,70,71,88,90,91" /><INIT seed="0,2,1,1,1,56" ten="300,230,230,230" oya="0" hai0="130,0,83,128,33,1,8,135,96,85,108,107,41" hai1="22,72,122,39,112,90,44,67,127,15,88,80,18" hai2="104,106,119,19,54,126,68,131,6,101,55,46,62" hai3="100,71,26,93,36,31,17,20,103,91,38,43,57"/><T66/><D33/><U9/><E122/><V121/><F121/><W129/><G71/><T24/><D24/><U134/><E127/><V52/><F6/><W58/><G129/><N who="0" m="49771" /><D41/><U63/><E134/><V49/><F131/><W25/><G38/><T32/><D32/><U4/><E112/><V35/><F35/><W86/><G36/><T50/><D135/><U113/><E113/><V79/><F79/><W61/><G57/><T109/><D50/><U125/><E125/><V111/><F126/><W118/><G43/><T65/><D96/><U60/><E39/><V29/><F29/><W77/><G118/><T10/><D107/><U11/><E44/><V99/><F119/><W116/><G116/><T124/><D124/><U51/><E51/><V74/><F74/><W117/><G117/><T97/><D97/><U12/><E22/><V92/><F111/><N who="0" m="42570" /><D10/><U73/><E11/><V34/><F34/><W27/><G27/><T47/><D47/><U98/><E98/><V84/><F106/><W75/><G26/><T59/><D59/><U123/><E9/><V48/><F48/><W7/><G31/><T3/><D8/><U132/><E132/><V30/><F30/><W42/><G42/><T14/><D14/><U82/><E4/><V64/><F19/><W89/><G7/><T70/><D70/><U133/><E133/><V76/><F104/><W102/><G17/><T95/><D95/><U105/><E105/><V110/><F110/><W37/><G37/><T45/><D45/><U53/><E18/><V5/><F5/><W69/><G20/><T13/><D13/><RYUUKYOKU ba="2,1" sc="300,15,230,-15,230,15,230,-15" hai0="0,1,3,65,66,83,85" hai2="46,49,52,54,55,62,64,68,76,84,92,99,101" /><INIT seed="0,3,1,3,5,62" ten="315,215,245,215" oya="0" hai0="102,127,114,18,105,90,84,80,27,118,100,49,111" hai1="22,42,16,8,126,99,0,95,133,63,35,134,72" hai2="69,110,52,3,17,50,76,4,92,41,117,89,23" hai3="101,45,132,82,77,88,120,53,79,6,112,29,125"/><T33/><D114/><U24/><E72/><V61/><F110/><W38/><G112/><T98/><D118/><U47/><E126/><V135/><F135/><W75/><G125/><T73/><D127/><U131/><E131/><V25/><F117/><W32/><G132/><N who="1" m="50794" /><E35/><V20/><F76/><W70/><G79/><T13/><D73/><U113/><E113/><V103/><F103/><W46/><G120/><T68/><D68/><U83/><E83/><V48/><F41/><W119/><G101/><T30/><D102/><N who="1" m="60799" /><E63/><V14/><F3/><W40/><G119/><T93/><D111/><U54/><E54/><V107/><F107/><W34/><G70/><T64/><D49/><U128/><E128/><V55/><F55/><W123/><G123/><T124/><D124/><U96/><E96/><V66/><F52/><W44/><G34/><T129/><D129/><U86/><E86/><V115/><F115/><W5/><G53/><T2/><D105/><U51/><E8/><V104/><F104/><W28/><G32/><T87/><D84/><U67/><E0/><V116/><F116/><W31/><G46/><T56/><D2/><U81/><E81/><V122/><F122/><W21/><G45/><T108/><D108/><U97/><E97/><V7/><F50/><W10/><G10/><N who="0" m="6455" /><D56/><U15/><E15/><V65/><F48/><W57/><G57/><T71/><D71/><U74/><E74/><V12/><F12/><W121/><G121/><T78/><D100/><U37/><E51/><V60/><F69/><W94/><G21/><T109/><D109/><U26/><E26/><RYUUKYOKU ba="3,1" sc="315,10,215,10,245,-30,215,10" hai0="27,30,33,64,78,80,87,90,93,98" hai1="16,22,24,37,42,47,67" hai3="5,6,28,29,31,38,40,44,75,77,82,88,94" /><INIT seed="0,4,1,0,5,24" ten="325,225,215,225" oya="0" hai0="66,84,104,51,28,23,93,125,74,127,94,130,32" hai1="8,126,39,18,46,47,132,103,38,37,48,99,71" hai2="31,105,20,96,62,119,118,22,75,109,12,123,116" hai3="128,115,97,15,43,1,3,26,134,72,34,40,56"/><T89/><D104/><U17/><E71/><V59/><F123/><W82/><G115/><T95/><D74/><U102/><E132/><V35/><F75/><W4/><G134/><T117/><D117/><U100/><E126/><N who="0" m="48137" /><D130/><U131/><E131/><V9/><F109/><W110/><G128/><T85/><D66/><U41/><E8/><V122/><F122/><W65/><G110/><T111/><D111/><U11/><E11/><V98/><F35/><W29/><G97/><N who="2" m="37481" /><F31/><W55/><G65/><T68/><D68/><U101/><REACH who="1" step="1"/><E47/><REACH who="1" ten="325,215,215,225" step="2"/><V86/><F105/><AGARI ba="4,2" hai="17,18,37,38,39,41,46,48,99,100,101,102,103,105" machi="105" ten="50,3200,0" yaku="1,1,2,1,53,0" doraHai="24" doraHaiUra="91" who="1" fromWho="2" sc="325,0,215,64,215,-44,225,0" /><INIT seed="1,0,0,5,2,43" ten="325,279,171,225" oya="1" hai0="68,35,47,60,58,89,65,118,5,107,21,15,69" hai1="56,40,90,32,125,24,13,75,92,62,11,110,86" hai2="7,37,18,103,123,76,9,16,33,22,94,95,41" hai3="67,0,98,119,74,124,57,59,116,113,39,44,135"/><U79/><E125/><V99/><F123/><W53/><G0/><T96/><D118/><N who="3" m="45097" /><G74/><T49/><D35/><U52/><E40/><V30/><F33/><W42/><G98/><T78/><D78/><U6/><E110/><V91/><F76/><W34/><G34/><T10/><D21/><U20/><E32/><V129/><F129/><W50/><G124/><T130/><D130/><U71/><E71/><V101/><F30/><W23/><G23/><T51/><D51/><U80/><REACH who="1" step="1"/><E20/><REACH who="1" ten="325,269,171,225" step="2"/><V82/><F22/><W73/><G113/><T114/><D114/><U93/><E93/><V45/><F82/><W27/><G73/><T54/><D107/><U100/><E100/><V70/><F70/><W121/><G121/><T61/><D69/><U55/><E55/><V115/><F115/><W48/><G135/><T17/><D68/><U97/><E97/><V108/><F108/><W88/><G53/><T77/><D96/><U122/><E122/><V14/><F103/><W131/><G42/><T66/><D54/><U81/><E81/><V19/><F95/><W29/><G131/><T31/><D66/><U133/><E133/><V8/><REACH who="2" step="1"/><F101/><REACH who="2" ten="325,269,161,225" step="2"/><W38/><G38/><T109/><D109/><U105/><E105/><V117/><F117/><W4/><G39/><T111/><D111/><U2/><E2/><AGARI ba="0,2" hai="2,7,8,9,14,16,18,19,37,41,45,91,94,99" machi="2" ten="30,7700,0" yaku="1,1,7,1,52,1,54,1,53,0" doraHai="43" doraHaiUra="64" who="2" fromWho="1" sc="325,0,269,-77,161,97,225,0" /><INIT seed="2,0,0,1,2,22" ten="325,192,258,225" oya="2" hai0="65,113,21,46,55,83,49,29,37,41,30,7,17" hai1="119,33,61,79,132,52,14,35,103,0,77,81,98" hai2="117,85,78,91,133,94,20,126,53,47,115,8,101" hai3="3,97,40,95,109,73,43,31,5,15,89,130,51"/><V57/><F115/><W66/><G73/><T72/><D113/><U131/><E0/><V107/><F117/><W84/><G3/><T120/><D120/><U44/><E119/><V56/><F126/><W88/><G109/><T134/><D134/><U74/><E132/><V124/><F124/><W125/><G125/><T118/><D65/><U105/><E131/><V28/><F133/><W23/><G66/><T116/><D7/><U64/><E79/><V129/><F78/><W68/><G68/><T25/><D118/><U106/><E106/><V70/><F70/><W39/><G39/><T67/><D67/><U114/><E114/><V9/><F47/><W100/><G89/><T71/><D71/><U24/><E14/><V16/><F28/><W32/><G32/><T122/><D122/><U6/><E6/><V10/><F129/><W93/><G130/><T99/><D116/><U75/><E75/><V112/><F112/><W38/><G38/><T26/><D99/><U82/><E82/><V123/><F123/><W1/><G1/><T121/><D83/><U80/><E80/><V63/><F57/><W111/><G51/><T90/><D90/><U50/><REACH who="1" step="1"/><E24/><REACH who="1" ten="325,182,258,225" step="2"/><N who="2" m="14343" /><F107/><W110/><G110/><T62/><D72/><U2/><E2/><V36/><F36/><W34/><G111/><T69/><D121/><U27/><E27/><V76/><F76/><W128/><G128/><T104/><D26/><U19/><E19/><V45/><F94/><W135/><G135/><T86/><D104/><U4/><E4/><V58/><F10/><W48/><G93/><T96/><D37/><RYUUKYOKU ba="0,1" sc="325,-10,182,30,258,-10,225,-10" hai1="33,35,44,50,52,61,64,74,77,81,98,103,105" /><INIT seed="3,1,1,1,1,107" ten="315,212,248,215" oya="3" hai0="74,87,50,110,99,66,58,117,23,17,113,45,8" hai1="43,55,115,14,129,67,64,132,29,116,70,0,30" hai2="102,28,19,27,48,89,90,88,124,97,21,126,127" hai3="92,35,120,130,41,118,125,34,24,33,100,84,131"/><W109/><G118/><T40/><D117/><U114/><E116/><V103/><F48/><W63/><G120/><T60/><D110/><U83/><E0/><V69/><F69/><W7/><G125/><T77/><D74/><U112/><E129/><N who="3" m="49162" /><G109/><T42/><D8/><U57/><E132/><V101/><REACH who="2" step="1"/><F28/><REACH who="2" ten="315,212,238,215" step="2"/><N who="3" m="19591" /><G41/><T62/><D42/><U61/><E43/><V51/><F51/><W36/><G36/><T4/><D50/><U3/><E30/><V2/><F2/><W22/><G63/><T71/><D62/><U44/><E3/><V75/><F75/><W25/><G7/><T79/><D4/><U10/><E61/><V65/><F65/><W104/><G104/><AGARI ba="1,2" hai="19,21,27,88,89,90,97,101,102,103,104,124,126,127" machi="104" ten="50,6400,0" yaku="1,1,18,1,54,1,53,0" doraHai="107" doraHaiUra="39" who="2" fromWho="3" sc="315,0,212,0,238,87,215,-67" /><INIT seed="4,0,0,2,2,28" ten="315,212,325,148" oya="0" hai0="27,116,130,122,58,30,121,33,44,22,111,78,115" hai1="2,45,76,73,75,5,10,29,126,134,88,18,57" hai2="107,69,64,9,21,124,101,49,15,82,26,52,60" hai3="113,61,84,24,85,102,131,71,51,59,13,50,103"/><T20/><D78/><U89/><E126/><V77/><F124/><W14/><G71/><T72/><D72/><U120/><E120/><N who="0" m="46185" /><D58/><U4/><E134/><V17/><F101/><W80/><G113/><T1/><D44/><U123/><E123/><V68/><F68/><W87/><G131/><T96/><D96/><U38/><E5/><V93/><F93/><W104/><G80/><T66/><D66/><U97/><E29/><V19/><F107/><W36/><G36/><T8/><D115/><U106/><E18/><V6/><F82/><W62/><G104/><T100/><D100/><N who="1" m="62735" /><E57/><V0/><F77/><W47/><G24/><N who="0" m="18631" /><D116/><U70/><E75/><V7/><REACH who="2" step="1"/><F0/><REACH who="2" ten="315,212,315,148" step="2"/><W112/><G112/><T25/><D130/><U91/><E89/><V95/><F95/><W46/><G84/><T127/><D127/><U67/><E88/><V74/><F74/><W42/><REACH who="3" step="1"/><G59/><AGARI ba="0,1" hai="6,7,9,15,17,19,21,26,49,52,59,60,64,69" machi="59" ten="30,3900,0" yaku="1,1,7,1,54,1,53,0" doraHai="28" doraHaiUra="117" who="2" fromWho="3" sc="315,0,212,0,315,49,148,-39" /><INIT seed="5,0,0,2,3,43" ten="315,212,364,109" oya="1" hai0="80,22,92,91,30,40,49,46,109,120,99,15,9" hai1="63,27,104,36,106,132,58,25,113,6,8,90,12" hai2="73,89,111,0,50,5,53,86,105,10,81,14,47" hai3="29,88,60,24,20,33,122,126,128,107,75,64,133"/><U56/><E113/><V11/><F111/><W130/><G122/><T102/><D109/><U96/><E36/><V100/><F73/><W48/><G75/><T1/><D1/><U98/><E132/><V123/><F123/><W70/><G133/><T121/><D30/><U74/><E74/><V61/><F61/><W101/><G126/><T66/><D66/><U79/><E79/><V38/><F38/><W71/><G71/><T108/><D22/><U54/><E104/><V68/><F68/><W94/><G20/><T55/><D108/><U26/><E106/><V34/><F34/><W17/><G17/><N who="0" m="8431" /><D40/><U23/><E23/><V84/><F84/><AGARI ba="0,0" hai="46,49,55,80,84,91,92,99,102,120,121" m="8431" machi="84" ten="30,2000,0" yaku="25,1,52,1" doraHai="43" who="0" fromWho="2" sc="315,20,212,0,364,-20,109,0" /><INIT seed="6,0,0,0,4,20" ten="335,212,344,109" oya="2" hai0="112,23,63,84,43,66,49,34,1,88,61,104,74" hai1="106,37,122,8,123,77,94,44,4,60,32,0,92" hai2="103,30,67,128,62,13,86,135,10,2,33,17,16" hai3="125,101,110,95,24,14,58,46,72,53,111,126,97"/><V35/><F128/><W68/><G68/><T38/><D34/><U76/><E106/><V115/><F115/><W132/><G72/><T65/><D1/><U105/><E105/><V119/><F119/><W25/><G46/><T50/><D74/><U113/><E113/><V56/><F135/><W102/><G14/><T78/><D78/><N who="1" m="30315" /><E32/><V27/><F103/><W59/><G132/><T134/><D104/><U39/><E60/><N who="0" m="23113" /><D38/><N who="1" m="14347" /><E44/><V98/><F98/><W120/><G95/><N who="0" m="54663" /><D112/><U29/><E29/><V31/><F2/><W15/><G15/><T130/><D130/><U28/><E28/><V75/><F75/><W6/><G97/><T81/><D81/><U48/><E48/><N who="0" m="18537" /><D43/><U51/><E51/><V64/><F86/><W90/><G90/><T117/><D117/><U57/><E57/><V12/><F67/><W52/><REACH who="3" step="1"/><G6/><REACH who="3" ten="335,212,344,99" step="2"/><T99/><D99/><U5/><E4/><V70/><F70/><W54/><G54/><T116/><D116/><U85/><E85/><V87/><F87/><W19/><G19/><T3/><D3/><U26/><E8/><V79/><F79/><W133/><G133/><T118/><D118/><U69/><E69/><V80/><F80/><W129/><G129/><T108/><D134/><U124/><E5/><V91/><F91/><W7/><G7/><T42/><D42/><U45/><E0/><V71/><F71/><W109/><G109/><T11/><D108/><U73/><E73/><V41/><F41/><W127/><G127/><T21/><D11/><U89/><E124/><V82/><F10/><W9/><G9/><T114/><D114/><RYUUKYOKU ba="0,1" sc="335,15,212,-15,344,-15,99,15" hai0="21,23,65,66" hai3="24,25,52,53,58,59,101,102,110,111,120,125,126" /><INIT seed="7,1,1,2,1,28" ten="350,197,329,114" oya="3" hai0="90,40,71,8,23,2,39,50,5,0,33,66,47" hai1="89,14,6,41,107,65,69,88,77,24,86,64,100" hai2="83,63,61,99,20,32,13,60,105,43,46,132,30" hai3="19,76,62,113,36,3,85,4,55,70,116,126,81"/><W114/><G116/><T75/><D23/><U57/><E69/><V98/><F105/><W135/><G36/><T34/><D50/><U119/><E119/><V25/><F132/><W123/><G123/><T103/><D90/><U67/><E107/><V115/><F115/><N who="3" m="44043" /><G135/><T49/><D49/><U16/><E100/><V11/><F83/><W52/><G126/><T111/><D111/><U96/><E41/><V17/><REACH who="2" step="1"/><F32/><REACH who="2" ten="350,197,319,114" step="2"/><N who="0" m="12394" /><D0/><U78/><E57/><V7/><F7/><W124/><G124/><T48/><D48/><AGARI ba="1,2" hai="11,13,17,20,25,30,43,46,48,60,61,63,98,99" machi="48" ten="40,2600,0" yaku="1,1,8,1,53,0" doraHai="28" doraHaiUra="129" who="2" fromWho="0" sc="350,-29,197,0,319,49,114,0" owari="321,12.1,197,-20.3,368,46.8,114,-38.6" /></mjloggm>