<mjloggm ver="2.3"><GO type="169" lobby="0"/><UN n0="%48%61%6C%66%73" n1="%E3%83%A9%E3%83%A0%E3%83%9E%E3%82%B8%E5%A4%A9%E4%BD%BF" n2="%70%6F%6E%2D%65%6E" n3="%73%69%65%72%61%34%30%31" dan="17,17,16,16" rate="2173.55,2173.52,2142.07,2209.26" sx="M,M,F,F"/><TAIKYOKU oya="0"/><INIT seed="0,0,0,2,4,18" ten="250,250,250,250" oya="0" hai0="104,81,63,123,46,2,11,89,83,134,102,29,101" hai1="55,23,53,98,62,59,78,14,6,40,19,79,92" hai2="60,106,97,76,22,70,111,90,26,0,57,64,94" hai3="34,80,44,20,68,129,128,114,84,28,73,131,45"/><T88/><D123/><U4/><E40/><V66/><F111/><W117/><G114/><T67/><D134/><U69/><E69/><V96/><F0/><W133/><G117/><T91/><D29/><U61/><E79/><V37/><F37/><W127/><G68/><T21/><D46/><U13/><E78/><V99/><F76/><W93/><G73/><T121/><D121/><U31/><E31/><N who="2" m="17879" /><F106/><W48/><G34/><T130/><D130/><U86/><E86/><N who="2" m="52567" /><F70/><W10/><G133/><T16/><D2/><U17/><E61/><V113/><F113/><W25/><G127/><T30/><D30/><U110/><E55/><AGARI ba="0,0" hai="55,57,60,64,66,96,97,99" m="52567,17879" machi="55" ten="30,2000,0" yaku="8,1,52,1" doraHai="18" who="2" fromWho="1" sc="250,0,250,-20,250,20,250,0" /><INIT seed="1,0,0,5,5,51" ten="250,230,270,250" oya="1" hai0="56,106,40,76,98,15,120,3,68,80,16,116,48" hai1="28,128,132,81,31,55,88,97,72,134,129,70,12" hai2="127,91,121,135,126,82,29,62,130,92,6,93,42" hai3="108,78,24,110,36,13,23,119,64,75,19,21,95"/><U71/><E12/><V46/><F121/><W83/><G36/><T118/><D68/><U113/><E113/><V124/><F135/><N who="1" m="51753" /><E72/><V2/><F130/><N who="1" m="50281" /><E55/><V59/><F29/><N who="1" m="11337" /><E97/><V61/><F2/><W9/><G13/><T14/><D120/><U77/><E77/><V37/><F6/><W103/><G78/><T43/><D14/><U52/><E52/><N who="2" m="34023" /><F62/><W17/><G75/><T100/><D3/><U63/><E63/><V18/><F18/><W104/><G17/><T131/><D131/><U90/><E81/><V86/><AGARI ba="0,0" hai="37,42,46,82,86,91,92,93,124,126,127" m="34023" machi="86" ten="40,5200,0" yaku="18,1,52,1,54,1" doraHai="51" who="2" fromWho="2" sc="250,-13,230,-26,270,52,250,-13" /><INIT seed="2,0,0,2,5,109" ten="237,204,322,237" oya="2" hai0="112,120,61,56,104,59,15,83,50,26,101,58,44" hai1="3,73,25,95,128,102,17,88,34,46,115,99,57" hai2="80,66,47,7,31,113,62,21,89,32,11,42,81" hai3="28,111,76,5,125,51,97,116,43,100,79,126,22"/><V24/><F89/><W121/><G116/><T39/><D120/><U36/><E128/><V72/><F72/><W118/><G118/><T0/><D0/><U55/><E3/><V6/><F32/><W129/><G121/><T82/><D39/><U103/><E73/><V127/><F127/><N who="3" m="48651" /><G5/><T86/><D112/><U20/><E34/><V67/><F67/><W92/><G111/><T9/><D26/><U69/><E69/><V14/><F113/><W133/><G133/><T94/><D104/><U2/><E2/><V37/><REACH who="2" step="1"/><F6/><REACH who="2" ten="237,204,312,237" step="2"/><W74/><G74/><T27/><D101/><U35/><E115/><V54/><F54/><W134/><G134/><T98/><D82/><U13/><E35/><V52/><F52/><W90/><G90/><T70/><D83/><U18/><E36/><V19/><F19/><W23/><G129/><T30/><D30/><U29/><E29/><V63/><F63/><W110/><G110/><T105/><D61/><N who="1" m="36031" /><E46/><V132/><F132/><W53/><G28/><T114/><D44/><U124/><E124/><V119/><F119/><W8/><G53/><T10/><D114/><U45/><E45/><V68/><AGARI ba="0,1" hai="7,11,14,21,24,31,37,42,47,62,66,68,80,81" machi="68" ten="20,3900,0" yaku="1,1,0,1,7,1,53,0" doraHai="109" doraHaiUra="131" who="2" fromWho="2" sc="237,-13,204,-13,312,49,237,-13" /><INIT seed="2,1,0,3,2,27" ten="224,191,361,224" oya="2" hai0="122,66,113,134,28,20,96,67,79,12,127,80,35" hai1="91,23,114,31,17,24,7,32,82,22,6,18,101" hai2="11,84,71,117,89,29,111,21,132,46,120,13,41" hai3="56,69,50,93,43,109,119,103,99,115,83,51,40"/><V121/><F117/><W26/><G119/><T3/><D122/><U78/><E101/><V131/><F71/><W62/><G109/><T105/><D113/><U75/><E91/><V110/><F131/><W106/><G69/><T57/><D3/><U33/><E114/><V34/><F34/><W54/><G115/><T90/><D127/><U107/><E107/><V2/><F2/><W95/><G106/><T81/><D134/><U68/><E68/><V76/><F76/><W133/><G133/><T118/><D118/><U0/><E82/><V129/><F129/><W4/><G4/><T112/><D57/><U5/><E78/><V53/><F53/><W124/><G124/><T44/><D44/><U1/><E75/><V30/><F21/><W60/><G83/><T85/><D105/><U94/><E94/><N who="2" m="54567" /><F132/><W88/><G26/><T9/><D112/><U102/><E102/><V87/><F87/><N who="3" m="52383" /><G40/><T72/><D96/><U52/><E52/><V125/><F125/><W10/><G10/><T97/><D97/><U48/><E48/><N who="2" m="26703" /><F121/><W58/><G43/><T39/><D39/><U64/><E64/><AGARI ba="1,0" hai="50,51,54,56,58,60,62,64,95,99,103" m="52383" machi="64" ten="30,2000,0" yaku="8,1,54,1" doraHai="27" who="3" fromWho="1" sc="224,0,191,-23,361,0,224,23" /><INIT seed="3,0,0,5,3,80" ten="224,168,361,247" oya="3" hai0="0,85,64,109,8,62,113,56,9,87,69,91,28" hai1="5,135,14,41,7,16,47,39,26,44,86,117,104" hai2="29,120,1,115,89,61,83,11,102,25,17,129,114" hai3="72,40,126,46,82,36,133,21,123,18,49,134,88"/><W70/><G123/><T67/><D109/><U111/><E135/><N who="3" m="51722" /><G70/><T51/><D113/><U132/><E111/><V33/><F129/><W10/><G10/><T97/><D28/><U99/><E132/><V55/><F120/><W3/><G3/><T50/><D69/><U32/><E117/><V58/><F102/><W31/><G31/><T121/><D121/><U112/><E112/><V59/><F59/><W75/><G126/><T73/><D73/><U79/><E26/><V107/><F107/><W45/><G21/><T108/><D108/><U37/><E32/><V100/><F100/><W92/><G82/><T15/><D67/><U19/><E104/><V30/><F30/><W4/><G18/><N who="0" m="8559" /><D8/><U66/><E66/><V6/><F17/><W119/><G4/><T127/><D0/><U22/><E19/><V90/><F114/><W125/><G125/><T68/><D68/><U12/><E12/><V103/><F115/><W118/><G119/><T24/><D24/><U130/><E130/><V54/><F83/><W76/><G76/><T93/><D127/><U106/><E5/><V2/><F2/><W35/><G35/><T52/><D64/><U95/><E7/><V128/><F128/><W98/><G118/><T60/><D62/><U96/><E106/><V71/><F71/><W94/><G92/><T78/><D78/><U124/><E124/><V101/><F1/><W38/><G38/><T74/><D74/><U48/><E79/><V77/><F77/><W65/><G65/><T53/><D60/><U34/><E34/><V81/><F6/><W13/><G13/><RYUUKYOKU ba="0,0" sc="224,15,168,-15,361,-15,247,15" hai0="50,51,52,53,56,85,87,91,93,97" hai3="36,40,45,46,49,72,75,88,94,98" /><INIT seed="3,1,0,1,1,40" ten="239,153,346,262" oya="3" hai0="67,30,66,100,11,7,53,0,19,8,101,26,52" hai1="120,96,122,75,104,123,57,127,61,12,119,99,79" hai2="37,68,124,92,132,126,31,15,116,50,41,32,62" hai3="73,44,90,93,69,48,86,24,88,84,83,77,103"/><W10/><G69/><T128/><D128/><U82/><E12/><V87/><F116/><W54/><G103/><T130/><D130/><U27/><E27/><V49/><F32/><W131/><G131/><T28/><D26/><U117/><E57/><V38/><F31/><W85/><G10/><T98/><D19/><U58/><E58/><V17/><F132/><W55/><G24/><T29/><D98/><N who="1" m="37419" /><E61/><V45/><F92/><W121/><G121/><N who="1" m="30978" /><U115/><DORA hai="25" /><E115/><V108/><F87/><W51/><REACH who="3" step="1"/><G90/><REACH who="3" ten="239,153,346,252" step="2"/><T102/><REACH who="0" step="1"/><D11/><REACH who="0" ten="229,153,346,252" step="2"/><U133/><E133/><V80/><F126/><W125/><G125/><T71/><D71/><U135/><E135/><V56/><F124/><W97/><G97/><T64/><AGARI ba="1,2" hai="0,7,8,28,29,30,52,53,64,66,67,100,101,102" machi="64" ten="40,16000,3" yaku="1,1,0,1,29,2,26,2,52,3,54,1,53,0" doraHai="40,25" doraHaiUra="18,47" who="0" fromWho="0" sc="229,183,153,-41,346,-41,252,-81" /><INIT seed="4,0,0,2,2,84" ten="412,112,305,171" oya="0" hai0="52,110,16,36,63,104,23,95,6,59,13,73,41" hai1="81,124,12,27,14,32,54,15,128,67,102,113,62" hai2="115,18,46,55,97,39,96,9,49,4,58,88,112" hai3="19,31,111,61,45,53,135,123,86,120,74,118,21"/><T57/><D104/><U5/><E124/><V109/><F109/><W82/><G118/><T71/><D73/><U105/><E128/><V20/><F39/><W64/><G111/><T77/><D77/><U108/><E108/><V114/><F46/><W28/><G74/><T93/><D110/><U76/><E54/><V47/><F47/><W106/><G106/><T60/><D71/><N who="1" m="42487" /><E5/><V83/><F83/><W44/><G135/><T65/><REACH who="0" step="1"/><D6/><REACH who="0" ten="402,112,305,171" step="2"/><U34/><E76/><V26/><REACH who="2" step="1"/><F88/><REACH who="2" ten="402,112,295,171" step="2"/><N who="3" m="51287" /><G123/><T38/><D38/><U11/><E102/><V103/><F103/><W56/><G120/><T78/><D78/><U121/><E121/><V37/><F37/><W98/><G98/><T119/><D119/><U116/><E116/><V80/><F80/><W0/><G0/><AGARI ba="0,2" hai="0,4,9,18,20,26,49,55,58,96,97,112,114,115" machi="0" ten="40,2600,0" yaku="1,1,15,1,53,0" doraHai="84" doraHaiUra="134" who="2" fromWho="3" sc="402,0,112,0,295,46,171,-26" /><INIT seed="5,0,0,3,0,49" ten="402,112,341,145" oya="1" hai0="108,118,46,78,87,61,80,126,37,50,32,94,14" hai1="1,43,130,65,85,20,129,23,121,82,81,89,122" hai2="70,16,106,116,30,77,15,10,104,56,60,91,110" hai3="86,57,114,99,44,132,125,124,98,127,48,29,21"/><U34/><E34/><V119/><F110/><W95/><G114/><T11/><D108/><U72/><E1/><V123/><F123/><N who="1" m="47113" /><E43/><V112/><F112/><W28/><G132/><T66/><D37/><U27/><E65/><V133/><F133/><W117/><G117/><T8/><D32/><U52/><E20/><V6/><F70/><W55/><G86/><T22/><D126/><U35/><E35/><V107/><F91/><W26/><G29/><T113/><D118/><U53/><E81/><V83/><F30/><W74/><G74/><T59/><D22/><U63/><E63/><V51/><F51/><N who="3" m="30975" /><G95/><T96/><D113/><U9/><E9/><V36/><F6/><W111/><G111/><T75/><D11/><U100/><E100/><V5/><F5/><W88/><G88/><T90/><D8/><U2/><E2/><V7/><F7/><W84/><G84/><T4/><D4/><U101/><E101/><V42/><F42/><AGARI ba="0,0" hai="21,26,28,42,44,48,98,99,124,125,127" m="30975" machi="42" ten="30,2000,0" yaku="18,1,52,1" doraHai="49" who="3" fromWho="2" sc="402,0,112,0,341,-20,145,20" /><INIT seed="6,0,0,0,1,42" ten="402,112,321,165" oya="2" hai0="74,100,124,68,126,22,45,37,60,89,39,58,59" hai1="88,29,121,115,34,131,55,127,3,122,4,40,81" hai2="14,107,27,70,2,30,79,19,36,86,102,105,134" hai3="101,6,1,130,38,66,57,132,8,13,75,9,15"/><V92/><F2/><W83/><G130/><T117/><D74/><U120/><E131/><V91/><F70/><W113/><G132/><T26/><D117/><U52/><E115/><V99/><F36/><W103/><G38/><T95/><D100/><U97/><E127/><N who="0" m="48681" /><D68/><U112/><E112/><V114/><F134/><W104/><G113/><T116/><D116/><U46/><E29/><V123/><F123/><W129/><G129/><T67/><D58/><U51/><E34/><V94/><F79/><W82/><G1/><T17/><D45/><U65/><E65/><V85/><F85/><AGARI ba="0,0" hai="17,22,26,37,39,59,60,67,85,89,95" m="48681" machi="85" ten="30,1000,0" yaku="18,1" doraHai="42" who="0" fromWho="2" sc="402,10,112,0,321,-10,165,0" /><INIT seed="7,0,0,4,1,56" ten="412,112,311,165" oya="3" hai0="86,63,51,104,41,99,48,35,90,60,24,67,114" hai1="11,40,83,42,68,1,0,89,59,129,10,32,130" hai2="64,117,102,125,126,20,120,55,88,4,73,123,79" hai3="29,33,57,116,85,61,15,13,27,94,81,113,6"/><W49/><G116/><T26/><D35/><U16/><E68/><V9/><F117/><W77/><G113/><T107/><D99/><U96/><E96/><V106/><F20/><W19/><G6/><T54/><D54/><U58/><E83/><N who="2" m="45551" /><F102/><W30/><G30/><T53/><D53/><U124/><E32/><V97/><F106/><W65/><G19/><T52/><D52/><U75/><E75/><V128/><F128/><W112/><G112/><T71/><D51/><U7/><E89/><V131/><F131/><W98/><REACH who="3" step="1"/><G49/><REACH who="3" ten="412,112,311,155" step="2"/><T95/><D48/><U101/><E7/><V36/><F4/><W87/><G87/><T43/><D86/><U5/><E5/><V118/><F118/><W132/><G132/><T135/><D135/><U80/><E16/><V38/><F38/><W69/><G69/><T115/><D71/><U21/><E21/><V119/><F36/><W22/><G22/><T2/><D114/><U134/><E134/><V8/><F119/><W127/><G127/><T62/><D115/><U109/><E124/><V121/><F126/><W17/><G17/><T25/><D2/><U34/><E34/><V82/><F125/><W37/><G37/><T108/><D24/><U18/><E18/><V100/><F9/><W12/><G12/><T3/><D25/><U28/><E28/><V72/><F8/><W76/><G76/><T44/><D26/><U45/><E10/><V111/><F72/><W70/><G70/><T84/><D84/><U92/><E11/><V47/><F123/><W110/><G110/><T50/><D108/><U105/><E109/><RYUUKYOKU ba="0,1" sc="412,-10,112,-10,311,-10,155,30" hai3="13,15,27,29,33,57,61,65,77,81,85,94,98" /><INIT seed="7,1,1,3,4,87" ten="402,102,301,185" oya="3" hai0="86,21,0,58,65,109,23,39,124,101,48,121,32" hai1="72,70,38,20,85,9,59,103,105,6,24,90,131" hai2="99,53,133,69,114,93,119,40,51,34,73,22,55" hai3="108,14,125,2,88,76,122,30,1,102,62,120,91"/><W123/><G125/><T49/><D109/><U28/><E131/><V43/><F34/><W67/><G108/><T36/><D0/><U61/><E72/><V74/><F69/><W92/><G76/><T16/><D32/><U115/><E115/><V129/><F74/><W117/><G117/><T52/><D121/><U18/><E38/><V29/><F73/><W104/><G30/><T64/><D101/><U84/><E70/><V17/><F29/><W134/><G134/><T15/><D39/><U8/><E28/><V132/><F114/><W3/><G104/><T7/><D36/><U11/><E105/><V37/><F37/><W80/><G80/><T89/><D7/><U135/><E103/><V127/><F129/><W75/><G75/><T5/><D5/><U41/><E41/><V130/><F130/><W68/><REACH who="3" step="1"/><G14/><REACH who="3" ten="402,102,301,175" step="2"/><T111/><D111/><U112/><E112/><V60/><F127/><W116/><G116/><T98/><D124/><U66/><E135/><V54/><F119/><W26/><G26/><T46/><D15/><U33/><E33/><V97/><F133/><W78/><G78/><T118/><D118/><U96/><REACH who="1" step="1"/><E6/><REACH who="1" ten="402,92,301,175" step="2"/><V110/><F132/><W106/><G106/><T27/><D27/><U77/><E77/><V94/><F110/><W128/><G128/><T12/><D12/><U31/><E31/><V113/><F113/><W63/><G63/><T107/><D107/><U35/><E35/><V10/><F60/><W71/><G71/><T45/><D48/><U4/><E4/><V44/><F51/><W56/><G56/><T95/><D58/><RYUUKYOKU ba="1,3" sc="402,-15,92,15,301,-15,175,15" hai1="8,9,11,18,20,24,59,61,66,84,85,90,96" hai3="1,2,3,62,67,68,88,91,92,102,120,122,123" /><INIT seed="7,2,3,2,3,70" ten="387,107,286,190" oya="3" hai0="130,65,55,64,71,4,114,108,97,66,93,35,6" hai1="84,7,118,68,0,134,127,34,48,106,131,119,10" hai2="122,107,78,94,116,15,91,74,80,13,69,96,45" hai3="99,112,83,32,105,104,88,128,44,23,103,120,73"/><W109/><G32/><T85/><D108/><U8/><E68/><V12/><F116/><N who="1" m="44585" /><E106/><V43/><F69/><W46/><G120/><T28/><D114/><U95/><E95/><V123/><REACH who="2" step="1"/><F107/><REACH who="2" ten="387,107,276,190" step="2"/><W110/><G104/><T133/><D71/><U51/><E84/><V89/><F89/><W79/><G112/><T98/><D133/><U53/><E48/><AGARI ba="2,4" hai="12,13,15,43,45,48,74,78,80,91,94,96,122,123" machi="48" ten="40,1300,0" yaku="1,1,53,0" doraHai="70" doraHaiUra="30" who="2" fromWho="1" sc="387,0,107,-19,276,59,190,0" owari="387,48.7,88,-41.2,335,13.5,190,-21.0" /></mjloggm>