<mjloggm ver="2.3"><GO type="225" lobby="0"/><UN n0="%6E%69%63%6F%6E%74%6F" n1="%E3%82%BC%E3%83%AB%E3%83%80%E3%81%AE%E4%BC%9D%E8%AA%AC" n2="%E3%81%AF%E3%82%88%E3%81%8A%E3%81%98%E3%81%95%E3%82%93" n3="%E7%89%B9%E6%9D%B1%E3%81%AF%E4%B8%96%E7%95%8C%E3%82%92%E6%95%91%E3%81%86" dan="16,17,16,16" rate="2113.12,2146.07,2197.85,2142.66" sx="M,M,M,M"/><TAIKYOKU oya="0"/><INIT seed="0,0,0,0,0,117" ten="250,250,250,250" oya="0" hai0="106,76,102,21,132,28,43,95,40,83,127,98,23" hai1="82,104,59,35,65,120,94,34,119,124,81,114,93" hai2="111,77,25,2,20,53,87,66,123,32,115,11,16" hai3="89,3,52,41,103,36,71,131,113,17,112,107,75"/><T54/><D54/><U128/><BYE who="0" /><E119/><V97/><F115/><W68/><G89/><T29/><D29/><U18/><E104/><V67/><F123/><W109/><G52/><T125/><D125/><U56/><E18/><V15/><F111/><W60/><G17/><T37/><D37/><U91/><E91/><V78/><F97/><N who="3" m="61935" /><G109/><T62/><D62/><U31/><E31/><V126/><F126/><W7/><G75/><T24/><D24/><U85/><E124/><V10/><F10/><N who="3" m="2431" /><G131/><T49/><D49/><U14/><E14/><V5/><F53/><W61/><G61/><T55/><D55/><U118/><E118/><V108/><F108/><W8/><G8/><T58/><D58/><U26/><E85/><V63/><F87/><W80/><G80/><UN n0="%6E%69%63%6F%6E%74%6F" /><T84/><D127/><U19/><E19/><V1/><F67/><N who="3" m="41063" /><G71/><T44/><D132/><U121/><E65/><V92/><F92/><W130/><G130/><T9/><D106/><U30/><E128/><V33/><F1/><W12/><G12/><T99/><D99/><U6/><E6/><V27/><F63/><W50/><G50/><N who="0" m="26887" /><D43/><U45/><E81/><V96/><F96/><W88/><G88/><T72/><D72/><U133/><E82/><V22/><F66/><W122/><G122/><T134/><D134/><U64/><E133/><V135/><F135/><W51/><G51/><T42/><D42/><U46/><E64/><V47/><F47/><AGARI ba="0,0" hai="36,41,47,112,113" m="41063,2431,61935" machi="47" ten="30,1000,0" yaku="23,1" doraHai="117" who="3" fromWho="2" sc="250,0,250,0,250,-10,250,10" /><INIT seed="1,0,0,1,1,106" ten="250,250,240,260" oya="1" hai0="26,107,6,18,78,55,72,73,25,54,60,101,75" hai1="77,35,118,12,22,40,52,56,85,41,79,66,29" hai2="68,14,114,63,74,51,109,31,43,115,124,83,33" hai3="7,91,125,49,93,98,96,126,131,80,113,27,81"/><U87/><E35/><V42/><F109/><W57/><G7/><T21/><D6/><U59/><E118/><V104/><F104/><W37/><G37/><T76/><D101/><U58/><E66/><N who="2" m="41055" /><F124/><N who="3" m="47723" /><G113/><N who="2" m="43017" /><F14/><W89/><G131/><T110/><D110/><U92/><E52/><V133/><F133/><W120/><G27/><T13/><D107/><U90/><E87/><V112/><N who="2" m="43025" /><V116/><DORA hai="62" /><F116/><W94/><G120/><T28/><D26/><N who="1" m="16599" /><E12/><V4/><F4/><W129/><G129/><T82/><D60/><U117/><E117/><V45/><F31/><W111/><G111/><T19/><D19/><U0/><E0/><V121/><F33/><W95/><G95/><T134/><D134/><U16/><E16/><V105/><F105/><W46/><G57/><T44/><D44/><U119/><E119/><V69/><F69/><W88/><G94/><T127/><D127/><U10/><E10/><V86/><F121/><W67/><G67/><T135/><D135/><U122/><E122/><V24/><F24/><W17/><G17/><T34/><REACH who="0" step="1"/><D78/><AGARI ba="0,0" hai="40,41,56,58,59,77,78,79,85,90,92" m="16599" machi="78" ten="30,1500,0" yaku="8,1" doraHai="106,62" who="1" fromWho="0" sc="250,-15,250,15,240,0,260,0" /><INIT seed="1,1,0,2,2,65" ten="235,265,240,260" oya="1" hai0="67,93,74,117,114,89,19,92,115,73,46,82,49" hai1="37,87,5,86,62,131,94,8,47,125,66,132,72" hai2="90,71,23,111,16,7,135,50,21,54,112,41,43" hai3="75,134,52,40,107,33,1,18,77,118,120,51,35"/><U133/><E72/><V13/><F71/><W103/><G120/><T126/><D126/><U64/><E125/><V100/><F111/><W108/><G1/><T102/><D117/><U2/><E131/><V6/><F135/><N who="1" m="51785" /><E94/><V32/><F32/><W29/><G134/><T91/><D67/><N who="1" m="25643" /><E62/><V44/><F112/><W96/><G40/><AGARI ba="1,0" hai="2,5,8,37,40,47,86,87" m="25643,51785" machi="40" ten="30,1500,0" yaku="20,1" doraHai="65" who="1" fromWho="3" sc="235,0,265,18,240,0,260,-18" /><INIT seed="1,2,0,3,4,67" ten="235,283,240,242" oya="1" hai0="128,133,102,61,135,50,40,132,54,108,57,75,62" hai1="76,92,129,124,0,21,53,72,113,28,7,109,45" hai2="80,48,47,94,26,97,81,96,20,33,31,44,78" hai3="79,19,25,126,36,115,42,66,131,24,46,23,91"/><U55/><E113/><V122/><F122/><W8/><G115/><T110/><D75/><U38/><E124/><V22/><F47/><W37/><G126/><T35/><D35/><U70/><E92/><V83/><F78/><W98/><G131/><T90/><D102/><U105/><E129/><V34/><F34/><W116/><G116/><T2/><D2/><U74/><E105/><V5/><F5/><W95/><G79/><T64/><D128/><U118/><E118/><V32/><F32/><W117/><G117/><T103/><D103/><U51/><E109/><N who="0" m="42089" /><D90/><U73/><E38/><V69/><F69/><W43/><G8/><T106/><D106/><U17/><E70/><V130/><F130/><W14/><G66/><T9/><D9/><U77/><E28/><V3/><F3/><W121/><G121/><T112/><D112/><U127/><E127/><V111/><F111/><W86/><G98/><T104/><D104/><U100/><E100/><V87/><F87/><W16/><G19/><T114/><D114/><U134/><E134/><V13/><F94/><W18/><REACH who="3" step="1"/><G18/><REACH who="3" ten="235,283,240,232" step="2"/><T6/><D6/><U29/><E17/><N who="2" m="10287" /><F33/><W49/><G49/><N who="0" m="30927" /><D64/><U125/><E125/><V101/><F101/><W71/><G71/><T39/><D39/><U107/><E107/><V30/><F97/><W27/><G27/><T99/><D99/><U88/><E76/><V60/><F96/><W56/><G56/><T59/><D59/><U84/><E77/><V93/><F26/><W4/><G4/><T85/><D85/><U10/><E72/><V63/><F48/><W1/><G1/><RYUUKYOKU ba="2,1" sc="235,15,283,-15,240,-15,232,15" hai0="40,50,61,62,132,133,135" hai3="14,16,23,24,25,36,37,42,43,46,86,91,95" /><INIT seed="2,3,1,3,4,97" ten="250,268,225,247" oya="2" hai0="117,50,60,81,27,118,52,55,68,69,113,135,67" hai1="133,109,87,73,126,77,13,2,83,131,24,53,48" hai2="90,34,57,58,39,84,132,107,20,10,129,127,42" hai3="76,125,89,88,94,29,130,66,30,114,128,120,65"/><V92/><F34/><W121/><G76/><T12/><D113/><U124/><E2/><V54/><F107/><W64/><G114/><T105/><D105/><U0/><E0/><V108/><F127/><N who="1" m="48681" /><E109/><V35/><F35/><W47/><G47/><N who="0" m="27743" /><D135/><U102/><E133/><V82/><F132/><W18/><G125/><T46/><D12/><U98/><E131/><N who="3" m="50218" /><G18/><T62/><D27/><U59/><E13/><V14/><F129/><W79/><G79/><T17/><D17/><U32/><E32/><V70/><F70/><N who="0" m="27242" /><D81/><U4/><E24/><V74/><F108/><W26/><G26/><T96/><D96/><U23/><E23/><V104/><F104/><W86/><G89/><T5/><D5/><U11/><E11/><V100/><F74/><W106/><G106/><T72/><D72/><U49/><E4/><V37/><F42/><W122/><AGARI ba="3,1" hai="29,30,64,65,66,86,88,94,120,121,122" m="50218" machi="122" ten="40,2700,0" yaku="19,1,54,1" doraHai="97" who="3" fromWho="3" sc="250,-10,268,-10,225,-16,247,46" /><INIT seed="3,0,0,2,5,21" ten="240,258,209,293" oya="3" hai0="64,95,101,127,76,5,34,15,38,106,103,32,47" hai1="100,46,129,24,121,117,52,93,124,88,73,0,126" hai2="87,69,40,60,71,134,112,109,110,44,86,98,19" hai3="56,114,70,10,108,27,91,94,78,45,118,75,115"/><W104/><G118/><T53/><D127/><N who="1" m="48683" /><E121/><V8/><F112/><W130/><G70/><T68/><D106/><U13/><E0/><V77/><F134/><W37/><G104/><T7/><D76/><U51/><E129/><V81/><F98/><W107/><G107/><T25/><D68/><U66/><E117/><V14/><F86/><W59/><G78/><T29/><D64/><U18/><E73/><V82/><F82/><W128/><G75/><T1/><D1/><U79/><E66/><V2/><F2/><W85/><G108/><N who="2" m="41577" /><F60/><W23/><G10/><T135/><D135/><U133/><E79/><V26/><F26/><W12/><G12/><T57/><D34/><U39/><E39/><AGARI ba="0,0" hai="8,14,19,39,40,44,69,71,77,81,87" m="41577" machi="39" ten="30,1000,0" yaku="14,1" doraHai="21" who="2" fromWho="1" sc="240,0,258,-10,209,10,293,0" /><INIT seed="4,0,0,0,4,84" ten="240,248,219,293" oya="0" hai0="103,52,34,80,127,48,23,113,94,125,64,2,129" hai1="117,54,86,89,28,40,46,128,88,133,57,59,97" hai2="120,65,81,77,1,131,10,90,111,5,122,124,4" hai3="35,0,42,78,47,18,7,130,15,38,41,63,85"/><T49/><D113/><U107/><E117/><V91/><F111/><W72/><G35/><T74/><D34/><U83/><E133/><V102/><F65/><W99/><G42/><T9/><D129/><U44/><E128/><V66/><F131/><W112/><G85/><T126/><D64/><U3/><E3/><V118/><F66/><W61/><G99/><N who="0" m="59895" /><D23/><U71/><E71/><V82/><F102/><W13/><G112/><T45/><D49/><N who="1" m="26759" /><E107/><V115/><F115/><W30/><G30/><T19/><D19/><U51/><E28/><V87/><F118/><W132/><G132/><T26/><D26/><U76/><E97/><V24/><F124/><W104/><G104/><T33/><D33/><U21/><E21/><V98/><F5/><W14/><G18/><T75/><D80/><U29/><E29/><V92/><REACH who="2" step="1"/><F24/><REACH who="2" ten="240,248,209,293" step="2"/><W17/><G130/><T37/><D37/><U60/><E57/><V108/><F108/><W114/><G114/><T55/><D55/><AGARI ba="0,1" hai="46,51,54,55,59,60,76,83,86,88,89" m="26759" machi="55" ten="30,7700,0" yaku="8,1,52,2,54,1" doraHai="84" who="1" fromWho="0" sc="240,-77,248,87,209,0,293,0" owari="163,-33.7,335,43.5,209,-19.1,293,9.3" /></mjloggm>