<mjloggm ver="2.3"><GO type="169" lobby="0"/><UN n0="%E8%B5%A4%E7%BE%8E%E6%BF%83%E3%81%BE%E3%81%90%E3%82%8D" n1="%41%6C%6C%2D%4C%75%63%6B" n2="%E3%81%8B%E3%81%A7%E3%81%BE%E3%82%8B" n3="%73%65%69%67%65%6E" dan="16,16,16,17" rate="2188.62,2132.83,2066.19,2216.99" sx="M,M,M,M"/><TAIKYOKU oya="0"/><INIT seed="0,0,0,0,5,123" ten="250,250,250,250" oya="0" hai0="125,65,5,49,126,117,54,37,34,108,51,19,30" hai1="42,94,118,78,61,89,57,77,66,58,113,114,132" hai2="100,21,10,69,71,82,46,130,14,99,59,60,128" hai3="1,32,134,24,18,73,0,28,131,133,124,15,56"/><T39/><D5/><U40/><E118/><V121/><F82/><W16/><G73/><T95/><D65/><U91/><E132/><N who="3" m="50794" /><G56/><T68/><D68/><U97/><E57/><V63/><F46/><W8/><G131/><N who="2" m="50217" /><F21/><W88/><G124/><T83/><D83/><U119/><E119/><V106/><F121/><W2/><G88/><N who="1" m="33866" /><E40/><V96/><F96/><W31/><G31/><T70/><D70/><N who="2" m="26634" /><F59/><W102/><G102/><T135/><D30/><U25/><E42/><V104/><F104/><W127/><G127/><T93/><D117/><U20/><E113/><V111/><F111/><W48/><G48/><T112/><D112/><U27/><E114/><V120/><F120/><W122/><G122/><T90/><D108/><U26/><E20/><V105/><F105/><W75/><G75/><T33/><D90/><AGARI ba="0,0" hai="25,26,27,58,61,66,77,78,90,94,97" m="33866" machi="90" ten="30,2000,0" yaku="8,1,54,1" doraHai="123" who="1" fromWho="0" sc="250,-20,250,20,250,0,250,0" /><INIT seed="1,0,0,3,2,56" ten="230,270,250,250" oya="1" hai0="123,111,109,103,83,39,90,107,135,24,93,88,7" hai1="11,10,105,134,115,97,117,38,26,31,37,104,128" hai2="18,46,62,87,27,110,70,102,4,9,22,75,23" hai3="91,101,78,28,19,112,98,25,86,21,133,40,57"/><U33/><E117/><V36/><F75/><W51/><G133/><T5/><D39/><U52/><E115/><V32/><F32/><W82/><G112/><T72/><D135/><U48/><E128/><V41/><F110/><N who="0" m="41994" /><D123/><U113/><E113/><V53/><F102/><W64/><G40/><T125/><D125/><U131/><E131/><V116/><F116/><W73/><G51/><T121/><D121/><U95/><E134/><V71/><F23/><W132/><G132/><T1/><D1/><U13/><E10/><V60/><F87/><W81/><G57/><T118/><D118/><U65/><E65/><V47/><F47/><W6/><G64/><T126/><D126/><U68/><E68/><V100/><F100/><W0/><G0/><T80/><D24/><U42/><E42/><V76/><F76/><W15/><G6/><N who="0" m="2059" /><D107/><U30/><E30/><V59/><REACH who="2" step="1"/><F60/><REACH who="2" ten="230,270,240,250" step="2"/><W14/><REACH who="3" step="1"/><G28/><REACH who="3" ten="230,270,240,240" step="2"/><T49/><D49/><U12/><E37/><V16/><F16/><W34/><G34/><T50/><D50/><U43/><E38/><V99/><F99/><W29/><G29/><T127/><D127/><U129/><E129/><V54/><F54/><W94/><AGARI ba="0,2" hai="14,15,19,21,25,73,78,81,82,86,91,94,98,101" machi="94" ten="20,2700,0" yaku="1,1,0,1,7,1,53,0" doraHai="56" doraHaiUra="3" who="3" fromWho="3" sc="230,-7,270,-13,240,-7,240,47" /><INIT seed="2,0,0,2,5,20" ten="223,257,233,287" oya="2" hai0="115,23,68,46,92,66,83,70,102,86,69,71,116" hai1="7,16,100,65,11,90,108,57,113,27,6,99,112" hai2="110,14,79,84,13,76,127,47,44,48,73,9,125" hai3="26,114,55,97,81,91,95,98,45,85,119,51,78"/><V135/><F73/><W19/><G119/><T10/><D115/><U52/><E108/><V56/><F135/><W77/><G114/><T34/><D34/><U40/><E65/><V67/><F110/><W0/><G0/><T121/><D121/><U118/><E118/><V132/><F132/><W8/><G98/><T123/><D123/><U54/><E40/><V4/><F14/><N who="3" m="7623" /><G26/><T39/><D116/><U107/><E90/><AGARI ba="0,0" hai="45,51,55,77,78,81,85,90,91,95,97" m="7623" machi="90" ten="30,2000,0" yaku="25,1,8,1" doraHai="20" who="3" fromWho="1" sc="223,0,257,-20,233,0,287,20" /><INIT seed="3,0,0,0,2,78" ten="223,237,233,307" oya="3" hai0="62,39,38,89,86,52,36,106,130,79,0,70,35" hai1="29,118,9,54,99,60,66,6,127,122,61,111,103" hai2="107,37,123,120,80,19,48,92,28,113,85,94,18" hai3="33,84,5,11,116,41,98,32,31,21,67,75,76"/><W81/><G116/><T125/><D0/><U101/><E118/><V134/><F37/><W50/><G67/><T17/><D35/><U109/><E122/><N who="2" m="46635" /><F107/><W24/><G75/><T47/><D106/><U97/><E29/><V27/><F113/><W110/><G110/><N who="1" m="41994" /><E54/><V71/><F71/><W77/><G77/><T25/><D79/><U51/><E51/><V49/><F134/><W30/><G30/><T95/><D125/><U44/><E44/><V59/><F94/><W40/><G98/><N who="1" m="37386" /><E127/><V131/><F92/><W82/><G82/><T68/><D130/><U53/><E53/><N who="2" m="32167" /><F49/><W112/><G112/><T72/><D72/><U133/><E133/><V73/><F73/><W3/><REACH who="3" step="1"/><G40/><REACH who="3" ten="223,237,233,297" step="2"/><T26/><D70/><N who="1" m="42311" /><E61/><V34/><F131/><W74/><G74/><T88/><D68/><U117/><E117/><V42/><F42/><W126/><G126/><T4/><D52/><U22/><E103/><V132/><F132/><W124/><G124/><T96/><D62/><U15/><E101/><V128/><F128/><W90/><G90/><AGARI ba="0,1" hai="18,19,27,28,34,80,85,90" m="32167,46635" machi="90" ten="30,2000,0" yaku="13,1,52,1" doraHai="78" who="2" fromWho="3" sc="223,0,237,0,233,30,297,-20" /><INIT seed="4,0,0,2,1,24" ten="223,237,263,277" oya="0" hai0="87,130,42,133,113,66,35,15,92,27,97,52,93" hai1="76,65,11,123,116,115,59,82,14,98,6,89,36" hai2="40,54,103,57,126,29,63,17,9,78,80,43,20" hai3="7,31,37,0,49,8,39,111,128,125,79,121,4"/><T86/><D113/><U44/><E116/><V117/><F126/><W85/><G125/><T60/><D130/><U51/><E123/><V122/><F122/><W72/><G128/><T16/><D42/><U110/><E36/><V129/><F129/><W118/><G121/><T135/><D35/><U77/><E110/><V47/><F103/><W33/><G118/><T88/><D27/><U58/><E115/><V69/><F69/><W67/><G111/><T119/><D119/><U48/><E48/><V56/><F56/><N who="1" m="21545" /><E65/><V30/><F9/><W101/><G7/><T10/><D52/><N who="1" m="29799" /><E98/><V107/><F107/><W112/><G112/><T26/><D26/><U105/><E105/><V55/><F55/><W46/><G67/><T53/><D53/><U114/><E114/><V96/><F96/><W25/><G72/><T61/><D87/><AGARI ba="0,0" hai="6,11,14,76,77,82,87,89" m="29799,21545" machi="87" ten="30,2000,0" yaku="8,1,54,1" doraHai="24" who="1" fromWho="0" sc="223,-20,237,20,263,0,277,0" /><INIT seed="5,0,0,4,5,101" ten="203,257,263,277" oya="1" hai0="109,76,94,28,103,61,88,134,125,87,59,110,21" hai1="40,26,84,27,64,66,8,100,115,19,2,7,106" hai2="62,86,56,104,99,36,46,120,107,68,133,12,79" hai3="121,97,54,128,60,4,50,126,127,34,98,90,24"/><U13/><E115/><V31/><F120/><W3/><G121/><T83/><D125/><N who="3" m="47625" /><G128/><T22/><D134/><U89/><E40/><V71/><F31/><N who="3" m="19815" /><G90/><T114/><D114/><U74/><E74/><V47/><F133/><W111/><G60/><T5/><D5/><U32/><E26/><V10/><F99/><W124/><G111/><T53/><D103/><U122/><E122/><V117/><F117/><W82/><G82/><T118/><D118/><U43/><E43/><V78/><F36/><W14/><G3/><T17/><D28/><N who="1" m="19487" /><E89/><V29/><F29/><W0/><G0/><T69/><D69/><U93/><E93/><V75/><F75/><W113/><G113/><T80/><D80/><U49/><E84/><V33/><F33/><W42/><G42/><T95/><D95/><U132/><E49/><V57/><F86/><W63/><G63/><T112/><D112/><U58/><E58/><V16/><F62/><W45/><G124/><T41/><D41/><U81/><E81/><V52/><F12/><W35/><G35/><T131/><D131/><U91/><E91/><V116/><F116/><W30/><G30/><T77/><D77/><U20/><E132/><V11/><F52/><W130/><G130/><T102/><D102/><U25/><E25/><V85/><F85/><W55/><G55/><T37/><D37/><U105/><E100/><V9/><F79/><W6/><G14/><N who="0" m="9399" /><D22/><U135/><E135/><V73/><F78/><W129/><G129/><T96/><D110/><U18/><E18/><V48/><F16/><W108/><G108/><T67/><D109/><RYUUKYOKU ba="0,0" sc="203,10,257,10,263,-30,277,10" hai0="53,59,61,67,76,83,87,88,94,96" hai1="2,7,8,13,19,20,64,66,105,106" hai3="4,6,45,50,54,97,98" /><INIT seed="5,1,0,1,2,91" ten="213,267,233,287" oya="1" hai0="106,81,118,66,126,96,49,120,71,42,65,41,84" hai1="51,121,22,10,20,117,13,58,103,130,37,83,7" hai2="68,125,16,111,108,36,25,87,46,40,18,15,127" hai3="23,105,100,4,50,60,99,24,116,113,73,134,27"/><U82/><E121/><V14/><F68/><W107/><G113/><T30/><D118/><U26/><E37/><V133/><F133/><W39/><G39/><T38/><D38/><U132/><E130/><V64/><F64/><W9/><G73/><T8/><D126/><N who="2" m="48138" /><F25/><W123/><G123/><T48/><D120/><U98/><E132/><V21/><F87/><W70/><G134/><T19/><D30/><U124/><E124/><V94/><F94/><W44/><G116/><T110/><D110/><U61/><E51/><N who="0" m="19529" /><D106/><U2/><E2/><V55/><F55/><W104/><G60/><T62/><D71/><U135/><E135/><V5/><F5/><W35/><G35/><T74/><D74/><U34/><E34/><V29/><F29/><W90/><G70/><T93/><D62/><U1/><E1/><V129/><F129/><W52/><G90/><N who="0" m="55351" /><D66/><N who="1" m="39223" /><E117/><V131/><F131/><W79/><G79/><N who="0" m="46143" /><D65/><U97/><E103/><V112/><F112/><W77/><G77/><T109/><D109/><U47/><E47/><V33/><F33/><W78/><G78/><T57/><D57/><U54/><E54/><V32/><F32/><W80/><G107/><T76/><D76/><U102/><E102/><V92/><F92/><W115/><G105/><T17/><D17/><N who="1" m="12559" /><E22/><AGARI ba="1,0" hai="14,15,16,18,21,22,36,40,46,108,111" m="48138" machi="22" ten="30,2000,0" yaku="18,1,54,1" doraHai="91" who="2" fromWho="1" sc="213,0,267,-23,233,23,287,0" /><INIT seed="6,0,0,4,1,96" ten="213,244,256,287" oya="2" hai0="75,131,126,95,102,62,74,127,56,29,9,88,129" hai1="18,103,65,69,60,67,71,50,15,4,31,49,122" hai2="23,116,39,76,108,81,53,118,77,54,109,13,52" hai3="84,135,2,100,105,12,121,115,57,117,34,33,59"/><V8/><F39/><W92/><G121/><T99/><D29/><U41/><E122/><V112/><F23/><W47/><G2/><T10/><D10/><U73/><E73/><N who="0" m="27657" /><D9/><U20/><E4/><V70/><F70/><W16/><G117/><T123/><D56/><U124/><E124/><N who="0" m="47657" /><D62/><U21/><E41/><V97/><F97/><W111/><G111/><N who="2" m="42569" /><F112/><W22/><G115/><T83/><D123/><U1/><E1/><V79/><F81/><W125/><G125/><T48/><D48/><U91/><E91/><V86/><F86/><AGARI ba="0,0" hai="83,86,88,95,99,102,129,131" m="47657,27657" machi="86" ten="40,8000,1" yaku="18,1,34,2,52,1,54,1" doraHai="96" who="0" fromWho="2" sc="213,80,244,0,256,-80,287,0" /><INIT seed="7,0,0,3,4,36" ten="293,244,176,287" oya="3" hai0="84,120,46,97,94,27,87,85,8,101,32,66,105" hai1="16,60,108,122,35,17,83,74,5,116,20,67,3" hai2="106,114,96,29,115,45,134,129,133,70,26,88,93" hai3="103,119,118,53,98,107,81,22,102,76,12,28,91"/><W7/><G103/><T110/><D120/><U21/><E108/><V90/><F70/><W124/><G124/><T19/><D110/><U131/><E35/><V44/><F106/><W109/><G109/><T24/><D66/><U126/><E131/><V68/><F68/><W38/><G91/><T54/><D105/><U14/><E116/><V89/><F129/><W82/><G82/><T117/><D32/><U10/><E122/><V23/><F96/><W4/><G4/><T6/><D117/><U73/><E83/><V121/><F93/><W100/><G100/><T64/><D64/><U130/><E126/><V51/><F121/><W62/><G38/><T71/><D71/><U57/><REACH who="1" step="1"/><E130/><REACH who="1" ten="293,234,176,287" step="2"/><V41/><REACH who="2" step="1"/><F45/><REACH who="2" ten="293,234,166,287" step="2"/><W123/><G119/><T69/><D46/><U128/><E128/><V31/><F31/><W49/><G118/><T127/><D127/><U80/><E80/><V25/><F25/><AGARI ba="0,2" hai="3,5,10,14,16,17,20,21,25,57,60,67,73,74" machi="25" ten="30,7700,0" yaku="1,1,7,1,54,1,53,1" doraHai="36" doraHaiUra="1" who="1" fromWho="2" sc="293,0,234,97,166,-77,287,0" owari="293,9.3,331,43.1,89,-41.1,287,-11.3" /></mjloggm>