<mjloggm ver="2.3"><GO type="169" lobby="0"/><UN n0="%35%30%38%30%74%61%6B%61" n1="%E3%82%89%E3%81%84%E3%81%82%E3%82%93%E3%81%98%E3%82%83%E3%82%93" n2="%E5%BA%84%E5%8F%B8%E5%81%A5%E5%A4%AA%E6%9C%97" n3="%E8%B4%88%E4%BA%BA%E8%A9%A9%E6%96%BC%E5%A4%A2" dan="16,17,16,17" rate="2106.88,2195.55,2041.43,2178.26" sx="M,M,M,M"/><TAIKYOKU oya="0"/><INIT seed="0,0,0,1,4,11" ten="250,250,250,250" oya="0" hai0="71,113,35,105,56,130,91,134,1,128,46,117,109" hai1="13,39,75,17,31,54,32,104,84,115,43,16,102" hai2="135,33,125,110,80,85,82,101,64,132,58,37,121" hai3="6,59,93,10,106,73,83,112,61,111,86,4,100"/><T96/><RYUUKYOKU type="yao9" ba="0,0" sc="250,0,250,0,250,0,250,0" hai0="1,35,46,56,71,91,96,105,109,113,117,128,130,134" /><INIT seed="0,1,0,0,5,70" ten="250,250,250,250" oya="0" hai0="72,127,34,73,40,64,21,15,47,43,26,71,29" hai1="53,41,58,57,68,103,1,134,48,84,39,121,44" hai2="38,107,105,98,85,81,101,19,20,27,18,11,132" hai3="91,100,109,130,51,62,133,76,106,123,22,45,36"/><T69/><D127/><U49/><E1/><V108/><F108/><W46/><G109/><T32/><D32/><U74/><E74/><V54/><F132/><W111/><G111/><T87/><D43/><U56/><E103/><V61/><F107/><W86/><G130/><T23/><D87/><U28/><E28/><V97/><F97/><W0/><G0/><T120/><D120/><U110/><E110/><V35/><F35/><W50/><G133/><T122/><D122/><U33/><E33/><V13/><F61/><W129/><G129/><T96/><D96/><U102/><E102/><V12/><F54/><W82/><G62/><T25/><D34/><U77/><E134/><V93/><F105/><W89/><G100/><T16/><D15/><U118/><E121/><V30/><F38/><W4/><G4/><T7/><D7/><U104/><E104/><V10/><F85/><W2/><G2/><T88/><D88/><U128/><E128/><V80/><AGARI ba="1,0" hai="10,11,12,13,18,19,20,27,30,80,81,93,98,101" machi="80" ten="30,4000,0" yaku="0,1,9,1,8,1" doraHai="70" who="2" fromWho="2" sc="250,-21,250,-11,250,43,250,-11" /><INIT seed="1,0,0,1,0,127" ten="229,239,293,239" oya="1" hai0="99,54,19,4,68,63,119,93,131,29,61,9,27" hai1="49,130,104,98,62,113,2,5,42,134,66,43,44" hai2="105,34,125,124,57,79,48,95,51,111,23,11,116" hai3="6,0,18,67,135,88,121,58,22,17,3,60,12"/><U115/><E130/><V36/><F105/><W133/><G121/><T21/><D119/><U55/><E134/><N who="3" m="51210" /><G6/><T90/><D131/><U100/><E5/><V81/><F36/><W65/><G65/><T75/><D75/><U122/><E2/><V77/><F34/><W14/><G88/><T129/><D129/><U26/><E122/><V15/><F95/><W106/><G106/><T80/><D80/><U46/><E26/><V118/><F23/><AGARI ba="0,0" hai="0,3,12,14,17,18,22,23,58,60,67" m="51210" machi="23" ten="30,1000,0" yaku="20,1" doraHai="127" who="3" fromWho="2" sc="229,0,239,0,293,-10,239,10" /><INIT seed="2,0,0,0,3,108" ten="229,239,283,249" oya="2" hai0="7,103,89,115,120,135,95,126,78,119,121,92,116" hai1="21,34,4,55,109,12,134,62,122,53,101,90,65" hai2="58,39,114,82,88,14,37,110,48,104,68,87,124" hai3="47,30,93,1,84,16,97,74,127,22,43,25,3"/><V105/><F68/><W69/><G74/><T107/><D7/><U11/><E109/><V94/><F124/><W96/><G69/><T77/><D126/><U28/><E134/><V56/><F110/><W71/><G71/><T50/><D50/><U51/><E122/><N who="0" m="47209" /><D135/><U81/><E34/><V60/><F114/><W100/><G84/><N who="0" m="52263" /><D107/><U63/><E101/><V133/><F133/><W102/><G30/><T66/><D66/><U54/><E51/><V111/><F111/><W98/><G98/><N who="0" m="59871" /><D115/><U117/><E65/><V72/><F105/><W6/><G6/><T123/><N who="0" m="47217" /><T67/><DORA hai="35" /><D67/><U41/><E41/><V23/><F104/><W80/><G127/><T49/><D49/><U0/><E62/><V112/><F112/><W75/><G75/><T45/><D45/><U131/><E63/><V2/><F2/><W59/><G59/><T20/><D20/><U9/><E21/><V36/><F48/><W57/><G57/><T32/><D32/><U61/><E61/><V73/><F73/><W52/><G52/><T79/><AGARI ba="0,0" hai="77,78,79,116,119" m="59871,52263,47217" machi="79" ten="50,3200,0" yaku="34,2" doraHai="108,35" who="0" fromWho="0" sc="229,32,239,-8,283,-16,249,-8" /><INIT seed="3,0,0,5,1,100" ten="261,231,267,241" oya="3" hai0="130,94,131,109,124,8,66,104,31,47,132,29,54" hai1="122,84,0,57,90,5,76,85,61,74,38,14,87" hai2="98,9,58,112,105,68,56,26,78,133,24,2,102" hai3="1,27,123,80,39,52,129,18,64,96,117,101,28"/><W110/><G117/><T119/><D119/><U81/><E122/><V118/><F112/><W103/><G123/><T32/><D109/><U83/><E38/><V127/><F68/><W116/><G116/><T6/><D66/><U134/><E134/><V15/><F2/><W44/><G129/><T97/><D132/><U107/><E0/><V77/><F118/><W111/><G1/><T121/><D121/><U126/><E126/><V115/><F115/><W95/><G64/><T7/><D124/><U22/><E107/><V41/><F41/><W35/><G101/><T72/><D72/><U106/><E106/><V71/><F71/><W16/><G80/><T4/><D104/><U125/><E125/><V23/><F26/><W10/><G10/><T63/><D8/><U79/><E5/><V75/><F133/><W11/><G11/><T70/><D70/><U36/><E36/><V45/><F45/><W67/><G67/><T46/><D63/><U88/><E22/><V51/><F51/><N who="3" m="28775" /><G39/><T53/><D32/><U55/><REACH who="1" step="1"/><E14/><REACH who="1" ten="261,221,267,241" step="2"/><V120/><F120/><W60/><G60/><T59/><D7/><U86/><AGARI ba="0,1" hai="55,57,61,74,76,79,81,83,84,85,86,87,88,90" machi="86" ten="30,7900,0" yaku="1,1,2,1,0,1,54,1,53,0" doraHai="100" doraHaiUra="12" who="1" fromWho="1" sc="261,-20,221,89,267,-20,241,-39" /><INIT seed="4,0,0,0,4,104" ten="241,310,247,202" oya="0" hai0="99,83,120,31,17,64,74,130,81,55,107,47,94" hai1="92,33,135,60,116,89,125,101,13,91,35,48,84" hai2="93,79,88,118,44,61,14,73,27,72,49,126,112" hai3="42,8,77,5,98,114,41,113,19,95,34,109,70"/><T39/><D120/><U63/><E116/><V56/><F79/><W86/><G70/><T78/><D107/><U30/><E125/><V57/><F126/><W117/><G34/><T75/><D130/><U52/><E135/><V102/><F102/><W121/><G19/><T18/><D31/><U11/><E101/><V36/><F36/><W96/><G109/><T23/><D64/><U76/><E76/><V6/><F57/><W134/><G134/><T119/><D119/><U90/><E90/><V128/><F27/><W131/><G131/><T16/><D23/><U85/><E30/><V26/><F26/><W0/><G117/><T103/><D81/><U38/><E38/><V29/><F29/><W1/><G1/><T21/><D21/><U123/><E123/><V71/><F71/><W62/><G62/><T22/><D22/><U32/><E85/><N who="2" m="52367" /><F128/><W80/><G121/><T133/><D133/><U7/><REACH who="1" step="1"/><E89/><REACH who="1" ten="241,300,247,202" step="2"/><V122/><F122/><W9/><G96/><T40/><D55/><U110/><E110/><V12/><F118/><W2/><G98/><T50/><D39/><U15/><E15/><V124/><F124/><W68/><G0/><T65/><REACH who="0" step="1"/><D65/><REACH who="0" ten="231,300,247,202" step="2"/><U87/><E87/><AGARI ba="0,2" hai="16,17,18,40,47,50,74,75,78,83,87,94,99,103" machi="87" ten="40,18000,2" yaku="1,1,2,1,52,2,54,1,53,1" doraHai="104" doraHaiUra="45" who="0" fromWho="1" sc="231,200,300,-180,247,0,202,0" /><INIT seed="4,1,0,1,2,42" ten="431,120,247,202" oya="0" hai0="39,71,22,126,127,120,121,17,45,11,64,106,46" hai1="28,119,107,125,117,115,116,102,104,67,96,16,80" hai2="105,86,0,128,57,40,84,132,78,26,10,13,30" hai3="88,81,31,103,133,112,83,134,24,2,7,4,114"/><T129/><D106/><N who="1" m="63815" /><E28/><V48/><F105/><N who="1" m="40521" /><E67/><V91/><F0/><W108/><G103/><T93/><D129/><U43/><E43/><V38/><F78/><W33/><G108/><T124/><D39/><U1/><E16/><V53/><F128/><W35/><G2/><T18/><D93/><U87/><E1/><V69/><F69/><W52/><G88/><T122/><D11/><U41/><E41/><V123/><F132/><N who="3" m="50795" /><G52/><T75/><D75/><U65/><E65/><V32/><F91/><W29/><G83/><T66/><D18/><U9/><E9/><V79/><F79/><W56/><G81/><T21/><D21/><U14/><E14/><V94/><F94/><W111/><G56/><T6/><D6/><N who="3" m="2089" /><G111/><T58/><D58/><U77/><E125/><V20/><F20/><W37/><G37/><T89/><D66/><U49/><E49/><V109/><F109/><W51/><G51/><T99/><D64/><U135/><E135/><V3/><F3/><W23/><G31/><T118/><D71/><U70/><E70/><V76/><F57/><W54/><G54/><T47/><D17/><U97/><E97/><V82/><F38/><W63/><G63/><T12/><D99/><U95/><E95/><V50/><F40/><W5/><G5/><T72/><D124/><U60/><E60/><V19/><F50/><W131/><G131/><T59/><D126/><U68/><E68/><V110/><F110/><W130/><G130/><T73/><D127/><U55/><E55/><V62/><F62/><W85/><G33/><T61/><D61/><U8/><E8/><RYUUKYOKU ba="1,0" sc="431,-10,120,30,247,-10,202,-10" hai1="77,80,87,115,116,117,119" /><INIT seed="5,2,0,1,1,94" ten="421,150,237,192" oya="1" hai0="67,5,66,70,114,16,103,48,37,43,88,135,106" hai1="45,23,54,101,33,127,25,18,29,97,133,78,57" hai2="15,85,107,75,34,17,49,22,4,111,129,13,132" hai3="11,7,14,91,63,122,30,59,77,108,124,86,72"/><U58/><E127/><V47/><F75/><W50/><G108/><T82/><D37/><U51/><E133/><V60/><F111/><W61/><G122/><T21/><D70/><U10/><E78/><V130/><F34/><W12/><G30/><T125/><D135/><U118/><E118/><V128/><F132/><W71/><G71/><T64/><D125/><U31/><E10/><N who="2" m="4295" /><F107/><W19/><G77/><T104/><D5/><U62/><E33/><V79/><F60/><W123/><G72/><T87/><D103/><U35/><E35/><V105/><F105/><W53/><G123/><T90/><D106/><U20/><E20/><V93/><F79/><W9/><REACH who="3" step="1"/><G124/><REACH who="3" ten="421,150,237,182" step="2"/><T98/><D114/><U32/><E32/><V126/><F126/><W6/><G6/><T95/><D67/><U112/><E112/><V92/><F85/><W83/><AGARI ba="2,1" hai="7,9,11,12,14,19,50,53,59,61,63,83,86,91" machi="83" ten="20,5200,0" yaku="1,1,0,1,7,1,8,1,53,0" doraHai="94" doraHaiUra="119" who="3" fromWho="3" sc="421,-15,150,-28,237,-15,182,68" /><INIT seed="6,0,0,3,5,79" ten="406,122,222,250" oya="2" hai0="11,47,30,66,32,25,41,58,48,7,50,14,35" hai1="85,106,34,120,16,89,81,67,83,68,13,12,87" hai2="1,17,78,92,110,82,60,65,59,6,119,72,54" hai3="49,39,42,4,115,95,70,26,46,104,73,38,62"/><V103/><F119/><W76/><G104/><T114/><D114/><U93/><E106/><V44/><F110/><W61/><G115/><T97/><D97/><U122/><E34/><V10/><F17/><W108/><G108/><T126/><D126/><U71/><E67/><V134/><F134/><W45/><G4/><T3/><D3/><U24/><E24/><V101/><F92/><W118/><G118/><T113/><D113/><U9/><E12/><V84/><F84/><W22/><G95/><T91/><D91/><U88/><E93/><V111/><F111/><W121/><G121/><AGARI ba="0,0" hai="9,13,16,68,71,81,83,85,87,88,89,120,121,122" machi="121" ten="40,12000,2" yaku="9,1,13,1,52,2,54,2" doraHai="79" who="1" fromWho="3" sc="406,0,122,120,222,0,250,-120" /><INIT seed="7,0,0,1,5,66" ten="406,242,222,130" oya="3" hai0="114,64,98,86,9,84,135,120,2,83,133,43,119" hai1="101,52,35,62,89,112,121,55,80,16,10,75,7" hai2="14,34,11,87,33,21,12,6,113,26,46,24,36" hai3="40,81,132,109,69,42,56,68,93,47,76,72,103"/><W131/><G131/><T44/><D120/><U27/><E121/><V39/><F87/><W13/><G132/><T48/><D119/><U45/><E112/><V18/><F113/><W71/><G109/><T38/><D114/><U92/><E62/><V125/><F125/><W127/><G127/><T59/><D98/><U95/><E101/><V61/><F61/><W126/><G126/><T106/><D106/><U82/><E75/><V115/><F115/><W91/><G103/><T41/><D41/><U58/><E45/><V28/><F46/><W129/><G129/><T130/><D130/><U118/><E92/><V124/><F124/><W19/><G56/><T85/><D64/><U116/><E55/><V63/><F63/><W37/><G42/><T0/><D83/><U60/><E35/><V49/><F49/><W5/><G5/><T123/><D123/><U74/><E74/><V1/><F36/><W117/><G117/><T100/><D100/><U65/><E65/><V99/><F99/><W53/><G53/><N who="0" m="32167" /><D9/><U73/><E73/><V128/><F39/><W107/><G107/><T30/><D30/><U110/><E110/><V111/><F111/><W32/><G32/><N who="2" m="12393" /><F128/><W79/><G79/><T67/><D67/><U108/><E108/><V70/><F70/><W134/><G134/><AGARI ba="0,0" hai="0,2,38,43,44,84,85,86,133,134,135" m="32167" machi="134" ten="30,1000,0" yaku="20,1" doraHai="66" who="0" fromWho="3" sc="406,10,242,0,222,0,130,-10" owari="416,51.6,242,4.2,222,-17.8,120,-38.0" /></mjloggm>