<mjloggm ver="2.3"><GO type="169" lobby="0"/><UN n0="%E3%81%88%E3%81%99%E3%81%9F%E3%81%BE%E3%82%8B" n1="%57%44%44%69%65" n2="%64%69%76%61" n3="%E7%8A%B6%E6%85%8B%E9%BA%BB%E9%9B%80" dan="16,16,16,17" rate="2216.00,2105.54,2031.32,2203.61" sx="M,M,M,M"/><TAIKYOKU oya="0"/><INIT seed="0,0,0,2,5,37" ten="250,250,250,250" oya="0" hai0="54,118,1,89,92,11,55,46,4,97,133,107,68" hai1="82,123,84,104,112,109,58,101,35,38,126,124,16" hai2="132,66,78,8,45,96,14,105,48,47,113,43,5" hai3="85,108,134,103,74,42,44,15,18,3,83,67,76"/><T60/><D118/><U106/><E123/><V20/><F113/><W129/><G108/><T125/><D133/><U71/><E71/><V59/><F132/><W13/><G134/><T77/><D125/><U75/><E35/><V88/><F78/><W28/><G129/><T100/><D77/><U93/><E109/><V121/><F121/><W49/><G3/><T52/><D46/><U63/><E75/><V30/><F45/><W90/><G103/><T87/><REACH who="0" step="1"/><D68/><REACH who="0" ten="240,250,250,250" step="2"/><U120/><E126/><V65/><F59/><AGARI ba="0,1" hai="1,4,11,52,54,55,59,60,87,89,92,97,100,107" machi="59" ten="40,12000,1" yaku="1,1,2,1,54,1,53,1" doraHai="37" doraHaiUra="34" who="0" fromWho="2" sc="240,130,250,0,250,-120,250,0" /><INIT seed="0,1,0,1,1,105" ten="370,250,130,250" oya="0" hai0="42,94,121,7,74,34,126,14,44,45,130,93,119" hai1="76,28,77,12,118,13,20,131,21,104,57,43,111" hai2="33,25,52,67,59,53,1,16,23,86,135,10,39" hai3="99,6,116,123,30,32,2,109,124,129,35,96,0"/><T106/><D119/><U54/><E118/><V37/><F135/><W5/><G116/><T11/><D121/><U49/><E104/><V128/><F128/><W79/><G79/><T66/><D106/><U61/><E131/><V98/><F33/><W133/><G129/><T122/><D122/><U125/><E111/><V103/><F67/><W91/><G123/><T75/><D130/><U41/><E125/><V58/><F86/><W115/><G91/><T50/><D34/><U9/><E13/><V68/><F68/><W87/><G87/><T46/><D126/><U18/><E21/><V70/><F70/><W81/><G124/><T80/><D66/><U56/><E43/><V62/><F10/><W83/><G30/><T4/><D4/><U27/><REACH who="1" step="1"/><E41/><REACH who="1" ten="370,240,130,250" step="2"/><V65/><F1/><W78/><G109/><T85/><D44/><U31/><E31/><V71/><F71/><W101/><G2/><T110/><D110/><U38/><E38/><V82/><F65/><AGARI ba="1,1" hai="9,12,18,20,27,28,49,54,56,57,61,65,76,77" machi="65" ten="30,7700,0" yaku="1,1,7,1,8,1,53,1" doraHai="105" doraHaiUra="24" who="1" fromWho="2" sc="370,0,240,90,130,-80,250,0" /><INIT seed="1,0,0,0,1,32" ten="370,330,50,250" oya="1" hai0="81,41,54,13,101,11,51,130,78,50,108,7,49" hai1="46,82,110,76,105,21,64,123,70,124,24,95,97" hai2="48,25,103,113,8,61,122,131,15,133,79,5,69" hai3="126,67,19,30,22,29,93,104,40,39,43,36,37"/><U62/><E123/><V84/><F122/><W65/><G104/><T75/><D108/><U71/><E105/><V63/><F113/><W66/><G93/><T83/><D130/><U135/><E135/><V94/><F133/><W91/><G91/><T4/><D101/><U74/><E124/><V12/><F131/><W107/><G107/><T42/><D54/><U38/><E110/><V18/><F25/><W102/><G102/><T53/><D53/><U2/><E71/><V35/><F35/><W60/><G60/><T128/><D128/><U3/><E46/><V72/><F72/><W118/><G126/><T56/><D56/><U58/><E38/><V116/><F116/><W90/><G90/><T85/><REACH who="0" step="1"/><D7/><REACH who="0" ten="360,330,50,250" step="2"/><U132/><E132/><V117/><F117/><W6/><G6/><T57/><D57/><U16/><E58/><V134/><F134/><W31/><REACH who="3" step="1"/><G118/><REACH who="3" ten="360,330,50,240" step="2"/><T73/><D73/><U27/><E24/><AGARI ba="0,2" hai="19,22,24,29,30,31,36,37,39,40,43,65,66,67" machi="24" ten="50,8000,1" yaku="1,1,2,1,29,2,53,0" doraHai="32" doraHaiUra="92" who="3" fromWho="1" sc="360,0,330,-80,50,0,240,100" /><INIT seed="2,0,0,1,2,26" ten="360,250,50,340" oya="2" hai0="45,49,37,1,113,124,88,40,32,103,29,69,23" hai1="3,96,132,33,22,34,109,125,89,63,76,99,43" hai2="47,133,100,77,106,65,4,13,120,111,134,54,62" hai3="108,64,122,115,81,121,9,35,17,127,71,68,59"/><V84/><F120/><W93/><G35/><T116/><D113/><U48/><E3/><V83/><F106/><W131/><G115/><T79/><D1/><U60/><E109/><V135/><F111/><W118/><G108/><T0/><D0/><U16/><E76/><V14/><F100/><W98/><G118/><T114/><D114/><U70/><E132/><V104/><F104/><W73/><G131/><T97/><D69/><U110/><E110/><V41/><F54/><W82/><G127/><T117/><D79/><U38/><E38/><V119/><F119/><N who="0" m="45642" /><D32/><U123/><E123/><V107/><F107/><W55/><G73/><T57/><D103/><U74/><E74/><V53/><F53/><W25/><G71/><T30/><D23/><U87/><E125/><V5/><F5/><W80/><G68/><T18/><D18/><U20/><E70/><V75/><F75/><W11/><G64/><T128/><D128/><U19/><E87/><V15/><F65/><W92/><G122/><T52/><D124/><U8/><E8/><N who="3" m="3146" /><G98/><T2/><D2/><U85/><E85/><V91/><F4/><W86/><G86/><T78/><D78/><U42/><E48/><N who="2" m="26735" /><F77/><W112/><G112/><T24/><D24/><U28/><REACH who="1" step="1"/><E89/><REACH who="1" ten="360,240,50,340" step="2"/><V105/><F105/><W27/><G121/><T130/><D130/><U46/><E46/><V95/><F83/><W126/><G126/><T56/><D57/><U61/><E61/><AGARI ba="0,1" hai="13,14,15,61,62,84,91,95,133,134,135" m="26735" machi="61" ten="40,2000,0" yaku="20,1" doraHai="26" who="2" fromWho="1" sc="360,0,240,-20,50,30,340,0" /><INIT seed="2,1,0,4,2,121" ten="360,220,80,340" oya="2" hai0="27,87,94,86,3,20,61,41,44,124,93,37,79" hai1="8,85,103,102,52,123,21,22,132,104,73,118,10" hai2="42,47,125,120,34,63,38,18,89,128,81,49,114" hai3="65,106,64,72,13,5,48,9,58,51,16,77,100"/><V23/><F120/><W62/><G65/><T29/><D124/><U46/><E73/><V70/><F125/><W24/><G106/><T45/><D3/><U113/><E123/><V33/><F114/><W28/><G100/><T126/><D126/><U83/><E113/><V111/><F128/><W0/><G77/><T74/><D74/><U127/><E127/><V26/><F38/><W67/><G67/><T90/><D61/><U19/><E132/><V55/><F70/><W71/><G71/><T107/><D107/><U50/><E118/><V101/><F101/><N who="1" m="38409" /><E104/><V131/><F131/><W56/><G56/><T88/><D45/><U17/><E17/><V14/><F26/><W36/><G72/><T69/><D69/><U7/><E7/><V119/><F119/><W4/><G36/><T110/><D79/><N who="1" m="46335" /><E22/><V53/><F63/><W133/><G133/><T82/><D82/><U32/><E32/><V1/><F1/><W92/><G92/><T66/><D66/><U12/><AGARI ba="1,0" hai="8,10,12,19,21,46,50,52" m="46335,38409" machi="12" ten="30,2000,0" yaku="8,1,54,1" doraHai="121" who="1" fromWho="1" sc="360,-6,220,23,80,-11,340,-6" /><INIT seed="3,0,0,1,4,49" ten="354,243,69,334" oya="3" hai0="129,13,27,85,126,63,50,92,111,5,42,134,18" hai1="58,71,128,118,7,26,80,89,20,70,8,30,44" hai2="78,116,117,121,64,72,73,79,37,87,65,103,88" hai3="0,75,35,22,109,25,77,19,46,99,119,47,125"/><W95/><G119/><T10/><D111/><U107/><E107/><V84/><F37/><W33/><G0/><T48/><D134/><U130/><E118/><V100/><F64/><W29/><G109/><T52/><D129/><U55/><E44/><V106/><F65/><W38/><G125/><T96/><D126/><U43/><E43/><V98/><F121/><W6/><G6/><T94/><D85/><U2/><E80/><N who="2" m="49159" /><F116/><W104/><G104/><T45/><D63/><U62/><REACH who="1" step="1"/><E89/><REACH who="1" ten="354,233,69,334" step="2"/><V14/><F117/><W124/><G124/><T11/><D96/><U113/><E113/><V24/><F24/><W101/><G47/><T133/><D133/><U40/><E40/><V39/><F39/><W91/><G46/><N who="0" m="27735" /><D27/><U120/><E120/><V4/><F14/><AGARI ba="0,1" hai="5,10,11,13,14,18,42,45,48,92,94" m="27735" machi="14" ten="30,3900,0" yaku="8,1,52,1,54,1" doraHai="49" who="0" fromWho="2" sc="354,49,233,0,69,-39,334,0" /><INIT seed="4,0,0,1,4,81" ten="403,233,30,334" oya="0" hai0="84,63,32,12,75,119,59,82,6,86,106,101,127" hai1="34,46,69,64,73,8,66,135,22,89,4,17,134" hai2="53,52,1,132,55,5,11,70,20,10,43,39,90" hai3="94,131,123,36,97,30,37,121,51,112,125,87,27"/><T19/><D119/><U116/><E73/><V67/><F132/><W7/><G112/><T113/><D32/><U128/><E34/><V71/><F67/><W120/><G131/><T54/><D113/><U88/><E116/><V102/><F102/><W110/><G110/><T92/><D106/><U2/><E128/><V3/><F20/><W33/><G125/><T16/><D75/><U80/><E46/><V115/><F115/><W100/><G7/><T96/><D127/><U99/><E89/><V14/><F39/><W28/><G28/><T129/><D129/><U105/><E105/><V124/><F43/><W85/><REACH who="3" step="1"/><G51/><REACH who="3" ten="403,233,30,324" step="2"/><T47/><D47/><U77/><E135/><V108/><F108/><W109/><G109/><T18/><D82/><U25/><E134/><V40/><F124/><W58/><G58/><T26/><D26/><U0/><E69/><V118/><F118/><W98/><G98/><T103/><D103/><U107/><E2/><V61/><F1/><W31/><G31/><T48/><D48/><U38/><E38/><AGARI ba="0,1" hai="27,30,33,36,37,38,85,87,94,97,100,120,121,123" machi="38" ten="50,8000,1" yaku="1,1,13,1,52,2,53,0" doraHai="81" doraHaiUra="9" who="3" fromWho="1" sc="403,0,233,-80,30,0,324,90" /><INIT seed="5,0,0,1,2,96" ten="403,153,30,414" oya="1" hai0="133,130,17,131,19,121,110,91,52,119,65,39,12" hai1="61,54,115,112,25,20,49,109,135,9,113,98,99" hai2="23,72,29,45,75,6,2,22,108,116,13,111,74" hai3="26,1,5,81,36,123,8,11,88,34,7,63,120"/><U76/><E135/><V50/><F116/><W15/><G36/><T125/><D119/><U4/><E76/><V117/><F117/><W77/><G63/><T78/><D110/><U94/><E109/><V102/><F2/><W127/><G127/><T3/><D3/><U118/><E118/><V66/><F66/><W132/><G132/><T101/><D39/><U27/><E61/><V40/><F23/><W93/><G34/><T53/><D133/><U83/><E83/><V129/><F129/><N who="0" m="49162" /><D78/><U57/><E20/><V114/><F114/><W85/><REACH who="3" step="1"/><G26/><REACH who="3" ten="403,153,30,404" step="2"/><N who="1" m="9738" /><E94/><V64/><F108/><W42/><G42/><T126/><D126/><U106/><E106/><V21/><F111/><W68/><G68/><T51/><D125/><U47/><E47/><V107/><F107/><W70/><G70/><T30/><D121/><U73/><E73/><AGARI ba="0,1" hai="1,5,7,8,11,15,73,77,81,85,88,93,120,123" machi="73" ten="30,7700,0" yaku="1,1,7,1,54,1,53,1" doraHai="96" doraHaiUra="35" who="3" fromWho="1" sc="403,0,153,-77,30,0,404,87" /><INIT seed="6,0,0,1,4,111" ten="403,76,30,491" oya="2" hai0="1,38,3,25,119,66,51,85,76,120,116,35,121" hai1="112,41,77,7,87,2,37,64,19,126,67,117,99" hai2="34,90,101,130,52,104,80,113,135,75,84,109,83" hai3="100,128,11,63,96,114,29,69,26,59,53,48,133"/><V61/><F109/><W20/><G128/><T10/><D38/><U46/><E117/><N who="0" m="45129" /><D66/><U79/><E126/><V30/><F135/><W97/><G133/><T103/><D103/><U88/><E99/><V23/><F130/><W57/><G69/><T16/><D51/><U12/><E2/><N who="0" m="521" /><D85/><U24/><E7/><V44/><F34/><W71/><G71/><T115/><D76/><U14/><E24/><V73/><F83/><W127/><G127/><T124/><D124/><U43/><E14/><V78/><F78/><W54/><G114/><T22/><D115/><U108/><E108/><V42/><F113/><W5/><G100/><T58/><D58/><U0/><E0/><AGARI ba="0,0" hai="0,5,11,20,26,29,48,53,54,57,59,63,96,97" machi="0" ten="30,1000,0" yaku="7,1" doraHai="111" who="3" fromWho="1" sc="403,0,76,-10,30,0,491,10" /><INIT seed="7,0,0,5,3,38" ten="403,66,30,501" oya="3" hai0="84,26,127,71,97,124,109,12,108,130,20,134,40" hai1="116,92,79,78,0,94,117,103,135,90,126,57,39" hai2="107,34,35,82,73,131,86,56,128,63,68,29,72" hai3="66,9,91,19,113,74,32,80,118,59,93,120,112"/><W104/><G118/><N who="1" m="45674" /><E0/><V21/><F107/><W58/><G104/><T64/><D97/><N who="1" m="59815" /><E39/><V121/><F68/><W10/><G32/><T37/><D12/><U18/><E135/><V115/><F115/><N who="3" m="44107" /><G120/><T114/><D114/><U17/><E126/><N who="0" m="48169" /><D84/><N who="1" m="52551" /><E57/><N who="3" m="21514" /><G66/><T61/><D20/><U15/><E18/><V98/><F121/><W5/><G19/><T51/><D26/><U49/><E49/><V119/><F119/><W43/><G43/><T30/><D30/><U25/><E25/><V8/><F34/><W60/><G60/><T89/><D89/><U42/><E42/><V110/><F35/><W45/><G45/><N who="0" m="23695" /><D134/><U101/><E101/><V85/><F63/><W75/><G80/><T99/><D99/><U7/><E7/><V70/><F70/><W22/><G22/><AGARI ba="0,0" hai="15,17,22,78,79" m="52551,59815,45674" machi="22" ten="30,1000,0" yaku="12,1" doraHai="38" who="1" fromWho="3" sc="403,0,66,10,30,0,501,-10" owari="403,20.3,76,-32.4,30,-47.0,491,59.1" /></mjloggm>