<mjloggm ver="2.3"><GO type="169" lobby="0"/><UN n0="%E5%B2%A9%E4%B8%8A%E9%80%9A%E3%82%8A" n1="%E8%99%9A%E6%B7%B5%E7%8E%84" n2="%68%69%73%61%74%6F%E6%A3%92" n3="%61%6B%61%69%6B%69" dan="16,17,16,17" rate="2145.74,2201.01,2142.97,2225.52" sx="M,M,M,M"/><TAIKYOKU oya="0"/><INIT seed="0,0,0,0,3,100" ten="250,250,250,250" oya="0" hai0="18,31,64,1,26,81,66,21,59,52,122,132,77" hai1="131,60,49,23,35,58,54,15,57,11,103,127,76" hai2="70,119,98,56,94,14,67,115,102,120,86,96,22" hai3="48,37,16,2,38,61,63,34,95,116,53,40,25"/><T6/><D122/><U19/><E131/><V89/><F115/><W110/><G116/><T74/><D132/><U50/><E35/><V36/><F36/><W29/><G2/><T133/><D133/><U51/><E127/><V107/><F119/><W82/><G110/><T106/><D106/><U42/><E76/><V79/><F70/><W0/><G0/><T41/><D41/><U104/><E42/><V13/><F22/><W85/><G95/><T126/><D126/><U8/><REACH who="1" step="1"/><E58/><REACH who="1" ten="250,240,250,250" step="2"/><V101/><F79/><W65/><G40/><T5/><D1/><U3/><E3/><V87/><F120/><W90/><G38/><T117/><D117/><U84/><E84/><V47/><F87/><W121/><G37/><T92/><D66/><U72/><E72/><V44/><F56/><W43/><G43/><T62/><D92/><U71/><E71/><V111/><F67/><W24/><G121/><T10/><D64/><U45/><E45/><V27/><F111/><W75/><G75/><T125/><D125/><U112/><E112/><V113/><F113/><W73/><G73/><T129/><D129/><U28/><E28/><V124/><F124/><W7/><G65/><T30/><D30/><U105/><E105/><V130/><F130/><W78/><G78/><T4/><D31/><U33/><E33/><V83/><F47/><W134/><G134/><T55/><D55/><U69/><E69/><V91/><F44/><W135/><G135/><T9/><AGARI ba="0,1" hai="4,5,6,9,10,18,21,26,52,59,62,74,77,81" machi="9" ten="30,3000,0" yaku="0,1,54,1" doraHai="100" who="0" fromWho="0" sc="250,40,240,-10,250,-10,250,-10" /><INIT seed="0,1,0,4,1,65" ten="290,230,240,240" oya="0" hai0="98,2,127,116,47,120,109,3,129,66,21,95,15" hai1="118,125,74,85,46,114,6,63,113,79,76,67,27" hai2="107,82,40,70,103,119,93,56,97,38,52,5,33" hai3="130,72,50,123,96,36,102,71,7,135,51,45,111"/><T126/><D120/><U43/><E118/><V106/><F33/><W58/><G72/><T14/><D116/><U134/><E74/><V117/><F5/><W105/><G111/><T32/><D32/><U64/><E64/><V73/><F70/><W100/><G135/><T8/><D47/><U88/><E27/><V23/><F106/><W30/><G130/><T1/><D129/><U25/><E25/><V108/><F108/><W9/><G123/><T10/><D66/><U57/><E6/><V18/><F107/><W41/><G30/><T90/><D109/><U92/><E125/><N who="0" m="47625" /><D21/><U55/><E67/><V86/><F73/><W115/><G115/><N who="1" m="44042" /><E134/><V17/><F40/><W81/><G41/><T80/><D80/><U20/><E20/><V84/><F38/><AGARI ba="1,0" hai="38,43,46,55,57,63,76,79,85,88,92" m="44042" machi="38" ten="30,2000,0" yaku="11,1,54,1" doraHai="65" who="1" fromWho="2" sc="290,0,230,23,240,-23,240,0" /><INIT seed="1,0,0,0,4,124" ten="290,253,217,240" oya="1" hai0="21,36,47,68,65,101,121,133,92,54,122,135,99" hai1="93,14,10,83,88,53,91,105,15,75,25,43,73" hai2="62,106,117,40,110,9,98,4,70,46,95,30,12" hai3="108,127,49,81,22,55,44,74,60,2,56,58,7"/><U116/><E105/><V42/><F110/><W123/><G123/><N who="0" m="47115" /><D65/><U126/><E116/><V103/><F30/><W24/><G108/><T19/><D68/><U57/><E126/><V72/><F72/><W35/><G127/><T16/><D47/><U23/><E43/><V63/><F70/><W77/><G35/><T5/><D36/><U18/><E14/><V125/><F117/><W82/><G82/><T134/><D54/><U6/><E83/><V120/><F120/><W0/><G7/><T104/><D5/><U132/><E132/><V89/><F42/><W32/><G32/><T20/><D104/><U66/><E66/><V26/><F26/><W86/><G74/><T109/><D109/><U131/><E91/><V31/><F31/><W119/><G58/><T71/><D71/><U76/><E76/><V84/><REACH who="2" step="1"/><F125/><REACH who="2" ten="290,253,207,240" step="2"/><W78/><G119/><T69/><D69/><U17/><E75/><V41/><F41/><W118/><G118/><T59/><D59/><U107/><E73/><V45/><F45/><W79/><G44/><T37/><D37/><AGARI ba="0,1" hai="4,9,12,37,40,46,62,63,84,89,95,98,103,106" machi="37" ten="30,3900,0" yaku="1,1,7,1,53,1" doraHai="124" doraHaiUra="11" who="2" fromWho="0" sc="290,-39,253,0,207,49,240,0" /><INIT seed="2,0,0,5,0,115" ten="251,253,256,240" oya="2" hai0="93,102,99,48,125,12,35,119,75,70,87,78,11" hai1="74,96,135,61,72,116,73,114,4,62,58,14,7" hai2="89,97,24,51,25,101,40,111,81,106,108,27,49" hai3="38,69,113,30,83,1,8,123,19,52,46,42,131"/><V112/><F112/><W122/><G113/><T63/><D75/><U84/><E114/><V6/><F6/><W86/><G69/><T33/><D125/><U5/><E135/><V56/><F40/><W68/><G68/><T17/><D119/><U53/><E96/><V103/><F103/><W100/><G131/><T132/><D132/><U95/><E14/><V130/><F130/><W117/><G117/><T20/><D78/><U2/><E116/><V59/><F81/><W41/><G41/><T9/><D87/><U94/><E2/><V45/><F89/><W85/><G100/><T55/><D63/><U37/><E37/><V10/><F10/><W105/><G105/><T90/><D70/><U18/><E18/><V66/><F45/><W91/><G30/><T128/><D128/><U34/><E34/><V26/><N who="2" m="6144" /><DORA hai="79" /><V92/><F106/><W98/><G98/><T121/><D121/><U15/><E15/><V124/><F124/><W29/><G29/><T110/><D110/><N who="2" m="42026" /><F66/><W0/><G123/><T118/><D118/><U104/><E104/><V64/><F64/><W57/><G122/><T127/><D127/><U60/><REACH who="1" step="1"/><E84/><REACH who="1" ten="251,243,256,240" step="2"/><V31/><F31/><W76/><G19/><T44/><D35/><U54/><E54/><V21/><F21/><W80/><G8/><N who="0" m="3147" /><D33/><U109/><E109/><V77/><F77/><W39/><G38/><T134/><D134/><U3/><E3/><V50/><AGARI ba="0,1" hai="49,50,51,56,59,92,97,101" m="42026,6144" machi="50" ten="50,4800,0" yaku="14,1,10,1" doraHai="115,79" who="2" fromWho="2" sc="251,-16,243,-16,256,58,240,-16" /><INIT seed="2,1,0,3,4,118" ten="235,227,314,224" oya="2" hai0="120,52,54,3,5,121,126,0,106,34,27,45,26" hai1="41,113,40,1,122,42,112,65,110,83,66,93,90" hai2="75,77,58,24,89,30,6,87,44,72,74,80,88" hai3="98,62,127,105,49,64,133,13,55,23,37,125,22"/><V71/><F71/><W7/><G37/><T25/><D106/><U69/><E1/><V10/><F58/><W101/><G133/><T57/><D34/><U70/><E83/><V128/><F128/><W92/><G105/><T103/><D103/><U114/><E93/><V14/><REACH who="2" step="1"/><F44/><REACH who="2" ten="235,227,304,224" step="2"/><W96/><G127/><T130/><D126/><U28/><E69/><V84/><F84/><W56/><G125/><T11/><D130/><U63/><E70/><V19/><F19/><W115/><G115/><T18/><D18/><U17/><E17/><V73/><N who="2" m="18432" /><DORA hai="43" /><V29/><F29/><W117/><G117/><T99/><D99/><U51/><E28/><V82/><F82/><W12/><G98/><T97/><D97/><U15/><E113/><V132/><F132/><W8/><REACH who="3" step="1"/><G13/><REACH who="3" ten="235,227,304,214" step="2"/><T124/><D124/><U47/><E15/><V102/><F102/><W20/><G20/><AGARI ba="1,2" hai="6,10,14,20,24,30,77,80,87,88,89" m="18432" machi="20" ten="70,12000,1" yaku="1,1,54,1,53,1" doraHai="118,43" doraHaiUra="36,76" who="2" fromWho="3" sc="235,0,227,0,304,143,214,-123" /><INIT seed="2,2,0,0,5,71" ten="235,227,447,91" oya="2" hai0="114,14,126,98,4,11,66,7,61,102,28,27,17" hai1="46,10,45,109,131,75,86,74,132,103,12,19,107" hai2="92,13,21,116,93,94,15,51,16,6,125,123,34" hai3="24,106,69,80,121,1,54,53,47,78,57,40,88"/><V124/><F34/><W23/><G121/><T26/><D126/><N who="2" m="48746" /><F116/><W96/><G69/><T99/><D114/><U18/><E109/><V30/><F30/><W87/><G1/><T32/><D98/><U70/><E70/><V25/><F123/><W82/><G106/><T73/><D73/><U8/><E131/><V90/><F90/><W100/><G100/><T22/><D27/><U118/><E132/><V128/><F128/><W44/><G40/><T33/><D32/><U63/><E103/><V120/><F120/><W52/><G57/><T81/><D81/><U119/><E12/><N who="2" m="4683" /><F51/><W58/><G58/><N who="0" m="37175" /><D33/><U84/><REACH who="1" step="1"/><E63/><REACH who="1" ten="235,217,447,91" step="2"/><V108/><F108/><W117/><G117/><T2/><D2/><U56/><E56/><V122/><F122/><W68/><G68/><T20/><D20/><U55/><E55/><V29/><F29/><N who="3" m="17567" /><G82/><T36/><D7/><AGARI ba="2,1" hai="6,7,16,21,25,92,93,94" m="4683,48746" machi="7" ten="40,3900,0" yaku="18,1,54,1" doraHai="71" who="2" fromWho="0" sc="235,-45,217,0,447,55,91,0" /><INIT seed="2,3,0,1,5,86" ten="190,217,502,91" oya="2" hai0="120,70,7,62,87,128,85,33,63,68,84,119,126" hai1="133,132,124,59,129,42,29,13,4,3,31,83,21" hai2="54,100,114,90,14,27,93,51,36,118,110,52,56" hai3="69,74,116,8,25,60,17,48,50,39,135,30,75"/><V125/><F36/><W89/><G116/><T28/><D120/><U38/><E59/><V1/><F1/><W2/><G39/><T103/><D119/><U16/><E83/><V79/><F79/><W95/><G135/><N who="1" m="51786" /><E42/><V46/><F125/><W49/><G69/><T40/><D126/><U121/><E38/><V47/><F114/><W122/><G122/><T88/><D40/><U108/><E124/><V67/><F67/><W127/><G60/><T106/><D7/><U102/><E102/><V55/><F100/><W15/><G2/><T78/><D78/><U6/><E129/><V71/><F71/><W9/><G9/><T35/><D128/><U104/><E104/><V23/><F14/><W26/><G127/><T24/><D35/><U32/><E108/><V117/><F110/><W77/><G77/><T10/><D10/><N who="1" m="2335" /><E121/><V98/><F117/><W58/><G58/><T96/><D63/><U81/><E81/><V18/><F118/><W107/><G107/><T61/><D61/><U19/><E6/><V44/><AGARI ba="3,0" hai="18,23,27,44,46,47,51,52,54,55,56,90,93,98" machi="44" ten="30,11700,0" yaku="0,1,8,1,52,1,54,1" doraHai="86" who="2" fromWho="2" sc="190,-42,217,-42,502,126,91,-42" /><INIT seed="2,4,0,1,4,53" ten="148,175,628,49" oya="2" hai0="51,43,14,108,103,23,96,5,118,135,100,72,22" hai1="109,35,126,39,120,45,32,123,102,133,132,26,8" hai2="59,128,87,124,116,134,114,15,20,107,60,12,31" hai3="7,86,56,83,99,49,98,27,66,112,78,113,16"/><V48/><F114/><N who="3" m="44139" /><G7/><T74/><D135/><N who="1" m="51787" /><E109/><V65/><F116/><W2/><G2/><T44/><D108/><U88/><E102/><V13/><F107/><W62/><G49/><T117/><D5/><U95/><E126/><V119/><F128/><W58/><G58/><T63/><D103/><U4/><E26/><V52/><F119/><N who="0" m="45578" /><D63/><U70/><E70/><V69/><F124/><W28/><G16/><N who="0" m="10519" /><D23/><AGARI ba="4,0" hai="23,27,28,56,62,66,78,83,86,98,99" m="44139" machi="23" ten="30,2000,0" yaku="11,1,52,1" doraHai="53" who="3" fromWho="0" sc="148,-32,175,0,628,0,49,32" /><INIT seed="3,0,0,1,5,95" ten="116,175,628,81" oya="3" hai0="75,19,42,126,26,96,124,58,77,16,8,83,85" hai1="34,109,21,72,33,125,86,81,78,62,44,132,35" hai2="122,47,100,84,60,51,50,131,43,68,39,104,79" hai3="135,111,69,1,70,6,0,55,110,54,41,76,37"/><W74/><G135/><T107/><D42/><U97/><E109/><N who="3" m="41482" /><G54/><T73/><D58/><U103/><E125/><N who="0" m="48233" /><D8/><U92/><E132/><V130/><F122/><W14/><G14/><T3/><D3/><N who="3" m="1097" /><G55/><T64/><D64/><U99/><E62/><V24/><F24/><W13/><G13/><T28/><D75/><U67/><E67/><V63/><F68/><N who="3" m="26219" /><G6/><T98/><D107/><U61/><E61/><V29/><F60/><W129/><G129/><T71/><D71/><U80/><E44/><V36/><F63/><W118/><G118/><T46/><D46/><U105/><E21/><V123/><F130/><W102/><G102/><T18/><D73/><U7/><E7/><V120/><F131/><W116/><G116/><T49/><D49/><U17/><E34/><AGARI ba="0,0" hai="16,18,19,26,28,34,77,83,85,96,98" m="48233" machi="34" ten="30,7700,0" yaku="18,1,52,2,54,1" doraHai="95" who="0" fromWho="1" sc="116,77,175,-77,628,0,81,0" /><INIT seed="4,0,0,4,3,132" ten="193,98,628,81" oya="0" hai0="54,47,48,80,6,41,77,46,63,10,51,79,15" hai1="85,113,119,69,56,62,45,101,38,96,14,98,89" hai2="31,23,58,104,24,90,87,28,76,99,117,93,30" hai3="65,9,2,94,110,27,64,57,103,130,0,1,92"/><T74/><D74/><U97/><E119/><V70/><F70/><W108/><G9/><T111/><D111/><N who="3" m="42537" /><G57/><T116/><D116/><U84/><E69/><V73/><F117/><W86/><G86/><N who="0" m="48399" /><D79/><U81/><E113/><V107/><F58/><W123/><G103/><T114/><D114/><U105/><E14/><V67/><F67/><N who="3" m="25675" /><G27/><T7/><D7/><U3/><E3/><V133/><F133/><W26/><G26/><T100/><D100/><U61/><E85/><V60/><F60/><AGARI ba="0,0" hai="6,10,15,41,46,47,48,51,54,60,63" m="48399" machi="60" ten="30,2900,0" yaku="25,1,8,1" doraHai="132" who="0" fromWho="2" sc="193,29,98,0,628,-29,81,0" /><INIT seed="4,1,0,2,0,128" ten="222,98,599,81" oya="0" hai0="46,133,67,63,21,12,53,73,110,120,38,77,131" hai1="70,118,104,83,26,123,30,96,44,17,95,27,51" hai2="82,97,45,127,125,56,103,55,58,86,107,32,3" hai3="100,69,24,41,80,112,76,10,6,54,108,15,109"/><T81/><D120/><U85/><E118/><V74/><F3/><W28/><G69/><T4/><D131/><U102/><E70/><V52/><F32/><W43/><G112/><T72/><D110/><U18/><E104/><V0/><F0/><W105/><G105/><T9/><D21/><N who="1" m="15695" /><E27/><V7/><F7/><W13/><G100/><T65/><D72/><U79/><E123/><V113/><F113/><W117/><G117/><T121/><D121/><U75/><E75/><V119/><F74/><W40/><G15/><T135/><D53/><AGARI ba="1,0" hai="17,18,44,51,53,79,83,85,95,96,102" m="15695" machi="53" ten="30,1000,0" yaku="8,1" doraHai="128" who="1" fromWho="0" sc="222,-13,98,13,599,0,81,0" /><INIT seed="5,0,0,5,1,69" ten="209,111,599,81" oya="1" hai0="73,121,22,62,89,48,125,135,94,12,127,97,16" hai1="11,47,108,110,7,75,103,85,30,68,45,115,35" hai2="23,33,5,2,17,1,49,64,93,124,109,42,18" hai3="56,119,102,83,8,98,14,31,44,25,84,87,29"/><U4/><E75/><V51/><F33/><W28/><G119/><T130/><D73/><U63/><E115/><V59/><F124/><W104/><G56/><T37/><D121/><U39/><E103/><V113/><F113/><W95/><G104/><T129/><D48/><U118/><E118/><V79/><F79/><W112/><G112/><T3/><D3/><U90/><E30/><V58/><F5/><W15/><G25/><T88/><D62/><U105/><E105/><V66/><F42/><W27/><G27/><T126/><D37/><U54/><E35/><V81/><F81/><W32/><G32/><T117/><D117/><U55/><E68/><V13/><F93/><W52/><G8/><T0/><D0/><U131/><E131/><N who="0" m="50185" /><D89/><U106/><E106/><V50/><F109/><N who="1" m="42089" /><E63/><V40/><F40/><W134/><G134/><AGARI ba="0,0" hai="12,16,22,88,94,97,125,126,127,134,135" m="50185" machi="134" ten="40,12000,2" yaku="30,2,18,1,19,1,54,2" doraHai="69" who="0" fromWho="3" sc="209,120,111,0,599,0,81,-120" owari="329,12.9,111,-28.9,599,69.9,-39,-53.9" /></mjloggm>