<mjloggm ver="2.3"><GO type="169" lobby="0"/><UN n0="%E7%B9%AD%E3%82%92%E8%A7%A3%E3%81%8F" n1="%E4%B8%89%E6%B2%B3%E5%B1%8B%E3%81%AE%E3%82%B5%E3%83%96" n2="%45%72%77%69%6E%52%64" n3="%42%65%6E%63%68%69%6E%67" dan="17,16,16,16" rate="2214.31,2141.93,2140.38,2083.49" sx="M,M,M,M"/><TAIKYOKU oya="0"/><INIT seed="0,0,0,4,0,127" ten="250,250,250,250" oya="0" hai0="24,121,65,38,124,59,67,79,72,27,97,113,80" hai1="107,30,19,116,77,115,47,119,88,50,31,56,69" hai2="135,14,36,8,85,134,51,54,86,60,40,70,114" hai3="84,105,45,28,21,13,64,63,122,33,93,126,12"/><T9/><D113/><U16/><E69/><V37/><F114/><W94/><G126/><T5/><D121/><U123/><E115/><V76/><F86/><W110/><G110/><T15/><D124/><U20/><E123/><V90/><F76/><W130/><G105/><T41/><D97/><U1/><E1/><V96/><F96/><W68/><G122/><T18/><D59/><U111/><E111/><V71/><F36/><W58/><G130/><T49/><D38/><U101/><E77/><V61/><F40/><W112/><G112/><T39/><D39/><U0/><E0/><V23/><F23/><W2/><G2/><T103/><D103/><U120/><E120/><V55/><F37/><W57/><G33/><T89/><D89/><U42/><E101/><V83/><F70/><W98/><G45/><T131/><D131/><U104/><E104/><V43/><F43/><W34/><G34/><T48/><D48/><U4/><E4/><V109/><F109/><W108/><G108/><T118/><D118/><N who="1" m="45099" /><E107/><V125/><F125/><W87/><G58/><T73/><D73/><U52/><E88/><V128/><F128/><W82/><G68/><T106/><D106/><U35/><E35/><V29/><F29/><N who="1" m="10761" /><E20/><V53/><F51/><W3/><G3/><T129/><D129/><U95/><E95/><N who="3" m="36362" /><G98/><T11/><D5/><U10/><E10/><V26/><F26/><N who="0" m="9770" /><D11/><U32/><E32/><V74/><F74/><W132/><G84/><T92/><D92/><U133/><E133/><N who="2" m="50699" /><F71/><W66/><G132/><T44/><D72/><U22/><E22/><V46/><F46/><RYUUKYOKU ba="0,0" sc="250,10,250,10,250,10,250,-30" hai0="9,15,18,41,44,49,65,67,79,80" hai1="16,19,42,47,50,52,56" hai2="8,14,53,54,55,60,61,83,85,90" /><INIT seed="0,1,0,3,0,46" ten="260,260,260,220" oya="0" hai0="1,124,103,70,32,18,69,63,29,117,102,66,33" hai1="36,134,112,49,34,113,87,86,44,115,62,38,51" hai2="27,111,84,14,97,64,73,77,26,78,16,131,94" hai3="80,22,121,9,52,17,79,4,68,21,123,74,93"/><T35/><D124/><U67/><E34/><V10/><F73/><W6/><G68/><T92/><D117/><U82/><E134/><V76/><F111/><W55/><G93/><T110/><D110/><U83/><E44/><V12/><F131/><W43/><G43/><T107/><D1/><U71/><E36/><V129/><F129/><W24/><G22/><T90/><D70/><U116/><E38/><V91/><F64/><W132/><G132/><T45/><D18/><U25/><E25/><V100/><REACH who="2" step="1"/><F14/><REACH who="2" ten="260,260,250,220" step="2"/><W3/><REACH who="3" step="1"/><G4/><REACH who="3" ten="260,260,250,210" step="2"/><T47/><D69/><U15/><E116/><V65/><F65/><W0/><G0/><T2/><D2/><U96/><E15/><V58/><F58/><W72/><G72/><T120/><D66/><U19/><E67/><V59/><F59/><W122/><AGARI ba="1,2" hai="3,6,9,17,21,24,52,55,74,79,80,121,122,123" machi="122" ten="30,7900,0" yaku="1,1,0,1,13,1,54,1,53,0" doraHai="46" doraHaiUra="41" who="3" fromWho="3" sc="260,-40,260,-21,250,-21,210,102" /><INIT seed="1,0,0,2,1,2" ten="220,239,229,312" oya="1" hai0="115,121,62,23,98,132,122,3,84,30,43,79,55" hai1="102,107,77,108,22,91,123,52,42,75,37,109,34" hai2="129,64,125,106,11,24,71,13,130,6,47,17,85" hai3="14,1,65,18,113,100,80,119,59,101,73,128,27"/><U44/><E34/><V20/><F106/><W86/><G1/><T15/><D3/><U83/><E123/><N who="0" m="47113" /><D115/><U5/><E5/><V40/><F125/><W60/><G73/><T4/><D132/><U99/><E22/><V0/><F71/><W118/><G128/><T50/><D62/><U97/><E97/><V82/><F64/><W61/><G27/><N who="0" m="16767" /><D98/><U70/><E70/><V88/><REACH who="2" step="1"/><F0/><REACH who="2" ten="220,239,219,312" step="2"/><W78/><G113/><T76/><D43/><U53/><REACH who="1" step="1"/><E91/><REACH who="1" ten="220,229,219,312" step="2"/><V81/><F81/><W39/><G118/><T126/><D126/><U105/><E105/><V36/><AGARI ba="0,2" hai="6,11,13,17,20,24,36,40,47,82,85,88,129,130" machi="36" ten="30,7900,0" yaku="1,1,0,1,52,1,54,1,53,0" doraHai="2" doraHaiUra="25" who="2" fromWho="2" sc="220,-20,229,-39,219,99,312,-20" /><INIT seed="2,0,0,0,3,125" ten="200,190,318,292" oya="2" hai0="19,78,44,0,15,35,128,102,8,58,37,39,22" hai1="130,131,97,16,104,86,56,98,32,34,53,33,9" hai2="82,75,67,111,126,81,117,46,119,41,80,71,123" hai3="72,135,114,51,43,6,118,88,14,7,70,93,13"/><V31/><F123/><W113/><G118/><T11/><D102/><U115/><E115/><N who="3" m="44042" /><G72/><T107/><D107/><U85/><E9/><V74/><F126/><W47/><G70/><T26/><D78/><U3/><E3/><V101/><F101/><W12/><G135/><T20/><D44/><U29/><E29/><V94/><F94/><W100/><G100/><T38/><D58/><U87/><E16/><V65/><F31/><W108/><G108/><T73/><D73/><U133/><E133/><V109/><F74/><W40/><G40/><T24/><D128/><N who="1" m="49195" /><E104/><V59/><F71/><W50/><G50/><AGARI ba="0,0" hai="32,33,34,50,53,56,85,86,87,97,98" m="49195" machi="50" ten="40,8000,1" yaku="19,1,52,3" doraHai="125" who="1" fromWho="3" sc="200,0,190,80,318,0,292,-80" /><INIT seed="3,0,0,2,1,93" ten="200,270,318,212" oya="3" hai0="78,114,49,108,61,53,35,80,33,10,60,7,89" hai1="129,3,25,44,47,110,0,27,113,11,29,102,95" hai2="50,68,55,101,32,91,59,16,115,64,96,66,62" hai3="41,111,98,5,18,120,37,51,100,58,77,112,121"/><W86/><G112/><T134/><D114/><U104/><E113/><V97/><F64/><W92/><G111/><T1/><D134/><U99/><E110/><V38/><F115/><W19/><G37/><T116/><D116/><U21/><E129/><V76/><F76/><W109/><G109/><T46/><D108/><U8/><E104/><V88/><F32/><W131/><G131/><T94/><D35/><U119/><E119/><V133/><F133/><W84/><G5/><T127/><D33/><U81/><E81/><V117/><F117/><W90/><G121/><T65/><D127/><U48/><E44/><V45/><F16/><N who="3" m="6187" /><G120/><T9/><D9/><U132/><E132/><V106/><F96/><W39/><G39/><T83/><D78/><U74/><E74/><V70/><F70/><W15/><G15/><T14/><D1/><U85/><E85/><N who="3" m="32874" /><G77/><T87/><REACH who="0" step="1"/><D61/><REACH who="0" ten="190,270,318,212" step="2"/><U79/><E79/><V124/><F124/><W43/><G90/><T20/><D20/><N who="1" m="15527" /><E0/><V63/><REACH who="2" step="1"/><F38/><REACH who="2" ten="190,270,308,212" step="2"/><W17/><G17/><T75/><D75/><U4/><E4/><V123/><F123/><W128/><G128/><T130/><D130/><U34/><E34/><V6/><F6/><W105/><G105/><T31/><D31/><N who="1" m="17903" /><E3/><V54/><AGARI ba="0,2" hai="45,50,54,55,59,62,63,66,68,88,91,97,101,106" machi="54" ten="20,12000,2" yaku="1,1,0,1,7,1,52,1,54,1,53,1" doraHai="93" doraHaiUra="40" who="2" fromWho="2" sc="190,-30,270,-30,308,140,212,-60" /><INIT seed="4,0,0,4,1,71" ten="160,240,448,152" oya="0" hai0="67,20,4,76,124,48,14,56,131,50,105,61,5" hai1="52,119,130,73,114,18,65,32,102,99,128,110,19" hai2="44,53,135,8,36,57,96,74,115,86,111,25,66" hai3="95,75,63,64,108,68,80,60,69,28,23,82,123"/><T85/><D105/><U42/><E119/><V72/><F111/><W31/><G108/><T106/><D106/><U90/><E110/><V12/><F115/><W122/><G95/><T91/><D76/><U127/><E32/><V133/><F66/><W9/><G9/><T94/><D124/><U11/><E127/><V113/><F113/><W70/><G23/><T92/><D92/><U107/><E114/><V132/><F96/><W103/><G103/><T33/><D33/><U51/><E73/><V7/><F25/><W89/><G89/><T13/><D131/><N who="1" m="50219" /><E42/><N who="2" m="22599" /><F86/><W35/><G35/><T62/><D62/><AGARI ba="0,0" hai="7,8,12,53,57,62,72,74,132,133,135" m="22599" machi="62" ten="30,2000,0" yaku="20,1,52,1" doraHai="71" who="2" fromWho="0" sc="160,-20,240,0,448,20,152,0" /><INIT seed="5,0,0,5,4,4" ten="140,240,468,152" oya="1" hai0="72,105,57,6,19,76,106,34,83,114,11,55,38" hai1="111,24,91,16,133,12,108,35,69,70,31,119,37" hai2="101,126,115,33,13,98,116,45,0,129,73,20,104" hai3="52,53,112,44,14,80,78,1,109,79,84,67,50"/><U60/><E119/><V96/><F116/><W56/><G1/><T99/><D114/><U86/><E37/><V127/><F0/><W89/><G109/><N who="1" m="42058" /><E60/><V26/><F73/><W88/><G112/><T92/><D34/><U3/><E3/><V40/><F96/><W64/><G89/><T107/><D38/><U123/><E133/><V59/><F59/><W125/><G125/><T132/><D132/><U100/><E100/><V43/><F115/><W47/><G14/><T135/><D135/><U113/><E123/><V10/><F33/><W95/><G78/><T87/><D19/><U81/><E113/><V51/><F40/><W46/><REACH who="3" step="1"/><G53/><REACH who="3" ten="140,240,468,142" step="2"/><T5/><D72/><AGARI ba="0,1" hai="44,46,47,50,52,56,64,67,72,79,80,84,88,95" machi="72" ten="40,8000,1" yaku="1,1,2,1,54,2,53,0" doraHai="4" doraHaiUra="25" who="3" fromWho="0" sc="140,-80,240,0,468,0,142,90" /><INIT seed="6,0,0,2,4,108" ten="60,240,468,232" oya="2" hai0="103,119,51,16,12,117,60,79,9,76,125,127,130" hai1="78,73,5,91,21,84,0,68,131,52,90,45,25" hai2="121,99,39,47,30,114,42,38,62,86,10,67,109" hai3="48,92,2,98,3,123,61,8,66,23,124,46,27"/><V64/><F121/><W113/><G124/><N who="0" m="47691" /><D103/><U40/><E131/><V122/><F122/><W80/><G123/><T6/><D130/><U132/><E132/><V77/><F30/><W129/><G129/><T126/><N who="0" m="47699" /><T71/><DORA hai="15" /><D51/><U17/><E68/><V19/><F99/><W118/><G118/><N who="0" m="45067" /><D6/><U106/><E106/><V94/><F94/><W75/><G113/><T83/><D83/><U50/><E73/><V110/><F114/><W7/><G80/><T70/><D60/><U28/><E0/><V135/><F62/><W24/><G75/><T107/><D107/><U65/><E5/><V69/><F38/><W93/><G2/><T35/><D35/><U74/><E65/><V32/><F64/><W33/><G33/><T115/><D115/><U101/><E74/><V54/><F32/><W58/><G98/><T49/><D49/><N who="1" m="26791" /><E101/><V85/><F67/><W41/><REACH who="3" step="1"/><G27/><REACH who="3" ten="60,240,468,222" step="2"/><T1/><D1/><U102/><E25/><V105/><F109/><W97/><G97/><T100/><D100/><U89/><E102/><V26/><F26/><W111/><G111/><T81/><D81/><U55/><E84/><V20/><F85/><W4/><G4/><T29/><D29/><AGARI ba="0,1" hai="3,7,8,23,24,29,41,46,48,58,61,66,92,93" machi="29" ten="30,2000,0" yaku="1,1,7,1,53,0" doraHai="108,15" doraHaiUra="116,13" who="3" fromWho="0" sc="60,-20,240,0,468,0,222,30" /><INIT seed="7,0,0,3,2,86" ten="40,240,468,252" oya="3" hai0="116,129,134,76,64,97,47,5,98,95,20,36,101" hai1="92,4,128,94,3,60,90,126,27,93,13,31,53" hai2="46,33,67,12,51,23,58,123,72,102,99,122,70" hai3="127,39,113,54,18,96,42,15,38,35,61,62,11"/><W30/><G113/><T0/><D116/><U40/><E3/><V77/><F33/><W111/><G127/><T81/><D129/><U16/><E126/><V19/><F70/><W100/><G111/><T44/><D134/><U17/><E128/><V43/><F77/><W131/><G131/><T45/><D20/><N who="1" m="15847" /><E40/><V118/><F72/><W32/><G42/><T135/><D135/><U132/><E132/><V120/><F118/><W84/><G84/><T29/><D29/><U26/><E26/><V8/><F23/><W6/><G6/><T125/><D125/><U87/><E4/><V50/><F67/><W71/><G61/><T65/><D36/><U121/><E121/><V74/><F74/><W104/><G54/><T34/><D34/><U114/><E114/><V115/><F115/><W2/><G2/><T28/><D28/><U75/><E75/><V14/><F14/><W106/><G106/><T48/><D5/><U57/><E13/><V78/><F78/><W49/><G49/><T91/><D0/><U56/><E56/><V133/><F133/><W119/><G119/><T69/><D69/><U63/><E63/><V89/><F58/><W7/><G18/><AGARI ba="0,0" hai="16,17,18,53,57,60,87,90,92,93,94" m="15847" machi="18" ten="30,3900,0" yaku="8,1,52,1,54,1" doraHai="86" who="1" fromWho="3" sc="40,0,240,39,468,0,252,-39" owari="40,-46.0,279,7.9,468,56.8,213,-18.7" /></mjloggm>